{
  "id": "gen9championsvgc2026regma-2586306363",
  "format": "[Gen 9 Champions] VGC 2026 Reg M-A",
  "players": [
    "Dop a da",
    "teratera mega"
  ],
  "log": "|j|\u2606Dop a da\n|j|\u2606teratera mega\n|t:|1776423541\n|gametype|doubles\n|player|p1|Dop a da|266|1314\n|player|p2|teratera mega|265|1356\n|gen|9\n|tier|[Gen 9 Champions] VGC 2026 Reg M-A\n|rated|\n|rule|Species Clause: Limit one of each Pok\u00e9mon\n|rule|Item Clause: Limit 1 of each item\n|clearpoke\n|poke|p1|Incineroar, L50, M|\n|poke|p1|Sneasler, L50, F|\n|poke|p1|Charizard, L50, F|\n|poke|p1|Venusaur, L50, M|\n|poke|p1|Garchomp, L50, M|\n|poke|p1|Whimsicott, L50, M|\n|poke|p2|Dragapult, L50, F|\n|poke|p2|Charizard, L50, M|\n|poke|p2|Venusaur, L50, M|\n|poke|p2|Sneasler, L50, F|\n|poke|p2|Aerodactyl, L50, M|\n|poke|p2|Kingambit, L50, F|\n|teampreview|4\n|inactive|Battle timer is ON: inactive players will automatically lose when time's up. (requested by teratera mega)\n|\n|t:|1776423562\n|teamsize|p1|4\n|teamsize|p2|4\n|start\n|switch|p1a: Whimsicott|Whimsicott, L50, M|100/100\n|switch|p1b: Garchomp|Garchomp, L50, M|100/100\n|switch|p2a: Sneasler|Sneasler, L50, F|100/100\n|switch|p2b: Aerodactyl|Aerodactyl, L50, M|100/100\n|-ability|p2b: Aerodactyl|Unnerve\n|turn|1\n|\n|t:|1776423583\n|move|p1a: Whimsicott|Tailwind|p1a: Whimsicott\n|-sidestart|p1: Dop a da|move: Tailwind\n|move|p1b: Garchomp|Rock Slide|p2b: Aerodactyl|[spread] p2a,p2b\n|-resisted|p2a: Sneasler|1\n|-supereffective|p2b: Aerodactyl|1\n|-crit|p2b: Aerodactyl\n|-damage|p2a: Sneasler|83/100\n|-damage|p2b: Aerodactyl|6/100\n|move|p2b: Aerodactyl|Tailwind|p2b: Aerodactyl\n|-sidestart|p2: teratera mega|move: Tailwind\n|move|p2a: Sneasler|Dire Claw|p1a: Whimsicott\n|-supereffective|p1a: Whimsicott|2\n|-damage|p1a: Whimsicott|0 fnt\n|faint|p1a: Whimsicott\n|\n|upkeep\n|inactive|Dop a da has 30 seconds left.\n|\n|t:|1776423610\n|switch|p1a: Charizard|Charizard, L50, F|100/100\n|turn|2\n|l|\u2606Dop a da\n|inactive|Dop a da disconnected and has a minute to reconnect!\n|player|p1|\n|inactive|Dop a da has 30 seconds left.\n|j|\u2606Dop a da\n|inactive|Dop a da reconnected and has 30 seconds left.\n|player|p1|Dop a da|266|\n|\n|t:|1776423645\n|move|p2b: Aerodactyl|Protect|p2b: Aerodactyl\n|-singleturn|p2b: Aerodactyl|Protect\n|move|p1a: Charizard|Protect|p1a: Charizard\n|-singleturn|p1a: Charizard|Protect\n|move|p2a: Sneasler|Close Combat|p1b: Garchomp\n|-damage|p1b: Garchomp|37/100\n|-unboost|p2a: Sneasler|def|1\n|-unboost|p2a: Sneasler|spd|1\n|-damage|p2a: Sneasler|71/100|[from] ability: Rough Skin|[of] p1b: Garchomp\n|-enditem|p2a: Sneasler|White Herb\n|-clearnegativeboost|p2a: Sneasler|[silent]\n|move|p1b: Garchomp|Rock Slide|p2a: Sneasler|[spread] p2a\n|-activate|p2b: Aerodactyl|move: Protect\n|-resisted|p2a: Sneasler|1\n|-damage|p2a: Sneasler|53/100\n|\n|upkeep\n|turn|3\n|\n|t:|1776423664\n|detailschange|p1a: Charizard|Charizard-Mega-Y, L50, F\n|-mega|p1a: Charizard|Charizard|Charizardite Y\n|-weather|SunnyDay|[from] ability: Drought|[of] p1a: Charizard\n|move|p1b: Garchomp|Protect|p1b: Garchomp\n|-singleturn|p1b: Garchomp|Protect\n|move|p2a: Sneasler|Close Combat|p1b: Garchomp\n|-activate|p1b: Garchomp|move: Protect\n|move|p2b: Aerodactyl|Rock Slide|p1b: Garchomp|[spread] p1a\n|-activate|p1b: Garchomp|move: Protect\n|-supereffective|p1a: Charizard|2\n|-damage|p1a: Charizard|0 fnt\n|faint|p1a: Charizard\n|\n|-weather|SunnyDay|[upkeep]\n|upkeep\n|\n|t:|1776423677\n|switch|p1a: Venusaur|Venusaur, L50, M|100/100\n|turn|4\n|\n|t:|1776423696\n|move|p2b: Aerodactyl|Protect|p2b: Aerodactyl\n|-singleturn|p2b: Aerodactyl|Protect\n|move|p2a: Sneasler|Close Combat|p1b: Garchomp\n|-damage|p1b: Garchomp|0 fnt\n|-unboost|p2a: Sneasler|def|1\n|-unboost|p2a: Sneasler|spd|1\n|-damage|p2a: Sneasler|41/100|[from] ability: Rough Skin|[of] p1b: Garchomp\n|faint|p1b: Garchomp\n|move|p1a: Venusaur|Solar Beam||[still]\n|-prepare|p1a: Venusaur|Solar Beam\n|-anim|p1a: Venusaur|Solar Beam|p2a: Sneasler\n|-resisted|p2a: Sneasler|1\n|-damage|p2a: Sneasler|0 fnt\n|faint|p2a: Sneasler\n|\n|-weather|SunnyDay|[upkeep]\n|-sideend|p1: Dop a da|move: Tailwind\n|-sideend|p2: teratera mega|move: Tailwind\n|upkeep\n|\n|t:|1776423702\n|switch|p2a: Dragapult|Dragapult, L50, F|100/100\n|turn|5\n|\n|t:|1776423711\n|move|p2a: Dragapult|Dragon Darts|p1a: Venusaur\n|-damage|p1a: Venusaur|69/100\n|-anim|p2a: Dragapult|Dragon Darts|p1a: Venusaur\n|-damage|p1a: Venusaur|37/100\n|move|p1a: Venusaur|Sludge Bomb|p2b: Aerodactyl\n|-resisted|p2b: Aerodactyl|1\n|-damage|p2b: Aerodactyl|0 fnt\n|faint|p2b: Aerodactyl\n|\n|-weather|SunnyDay|[upkeep]\n|upkeep\n|\n|t:|1776423718\n|switch|p2b: Kingambit|Kingambit, L50, F|100/100\n|turn|6\n|\n|t:|1776423723\n|move|p2b: Kingambit|Sucker Punch||[still]\n|-fail|p2b: Kingambit\n|move|p2a: Dragapult|Dragon Darts|p1a: Venusaur\n|-damage|p1a: Venusaur|10/100\n|-anim|p2a: Dragapult|Dragon Darts|p1a: Venusaur\n|-damage|p1a: Venusaur|0 fnt\n|faint|p1a: Venusaur\n|\n|win|teratera mega\n|raw|Dop a da's rating: 1314 &rarr; <strong>1296</strong><br />(-18 for losing)\n|raw|teratera mega's rating: 1356 &rarr; <strong>1374</strong><br />(+18 for winning)\n|l|\u2606Dop a da\n|player|p1|\n",
  "uploadtime": 1776423734,
  "views": 57,
  "formatid": "gen9championsvgc2026regma",
  "rating": 1296,
  "private": 0,
  "password": null
}