{
  "id": "gen9championsvgc2026regma-2581290968",
  "format": "[Gen 9 Champions] VGC 2026 Reg M-A",
  "players": [
    "leader-starmie",
    "sjysjy"
  ],
  "log": "|j|\u2606leader-starmie\n|j|\u2606sjysjy\n|t:|1775982132\n|gametype|doubles\n|player|p1|leader-starmie|lida|1282\n|player|p2|sjysjy|265|1363\n|gen|9\n|tier|[Gen 9 Champions] VGC 2026 Reg M-A\n|rated|\n|rule|Species Clause: Limit one of each Pok\u00e9mon\n|rule|Item Clause: Limit 1 of each item\n|clearpoke\n|poke|p1|Lucario, L50, M|\n|poke|p1|Milotic, L50, M|\n|poke|p1|Venusaur, L50, M|\n|poke|p1|Rotom-Wash, L50|\n|poke|p1|Arcanine-Hisui, L50, F|\n|poke|p1|Garchomp, L50, F|\n|poke|p2|Gengar, L50, M|\n|poke|p2|Garchomp, L50, M|\n|poke|p2|Whimsicott, L50, F|\n|poke|p2|Typhlosion-Hisui, L50, F|\n|poke|p2|Kingambit, L50, F|\n|poke|p2|Rotom-Wash, L50|\n|teampreview|4\n|\n|t:|1775982160\n|teamsize|p1|4\n|teamsize|p2|4\n|start\n|switch|p1a: Rotom|Rotom-Wash, L50|100/100\n|switch|p1b: Garchomp|Garchomp, L50, F|100/100\n|switch|p2a: Rotom|Rotom-Wash, L50|100/100\n|switch|p2b: Garchomp|Garchomp, L50, M|100/100\n|turn|1\n|\n|t:|1775982176\n|move|p1b: Garchomp|Protect|p1b: Garchomp\n|-singleturn|p1b: Garchomp|Protect\n|move|p2b: Garchomp|Protect|p2b: Garchomp\n|-singleturn|p2b: Garchomp|Protect\n|move|p2a: Rotom|Will-O-Wisp|p1b: Garchomp\n|-activate|p1b: Garchomp|move: Protect\n|move|p1a: Rotom|Will-O-Wisp|p2b: Garchomp\n|-activate|p2b: Garchomp|move: Protect\n|\n|upkeep\n|turn|2\n|j| gE1xjZRtuhW2DdT0AK\n|\n|t:|1775982207\n|switch|p1b: Arcanine|Arcanine-Hisui, L50, F|100/100\n|-ability|p1b: Arcanine|Intimidate|boost\n|-unboost|p2a: Rotom|atk|1\n|-unboost|p2b: Garchomp|atk|1\n|switch|p2b: Whimsicott|Whimsicott, L50, F|100/100\n|move|p2a: Rotom|Volt Switch|p1a: Rotom\n|-damage|p1a: Rotom|72/100\n|\n|t:|1775982216\n|switch|p2a: Garchomp|Garchomp, L50, M|100/100|[from] Volt Switch\n|move|p1a: Rotom|Will-O-Wisp|p2b: Whimsicott\n|-status|p2b: Whimsicott|brn\n|\n|-damage|p2b: Whimsicott|95/100 brn|[from] brn\n|upkeep\n|turn|3\n|\n|t:|1775982234\n|move|p2b: Whimsicott|Tailwind|p2b: Whimsicott\n|-sidestart|p2: sjysjy|move: Tailwind\n|move|p2a: Garchomp|Earthquake|p1a: Rotom|[spread] p2b,p1b\n|-immune|p1a: Rotom|[from] ability: Levitate\n|-resisted|p2b: Whimsicott|1\n|-supereffective|p1b: Arcanine|2\n|-damage|p2b: Whimsicott|66/100 brn\n|-enditem|p1b: Arcanine|Focus Sash\n|-damage|p1b: Arcanine|1/100\n|move|p1b: Arcanine|Flare Blitz|p2b: Whimsicott\n|-supereffective|p2b: Whimsicott|1\n|-damage|p2b: Whimsicott|0 fnt\n|faint|p2b: Whimsicott\n|-damage|p1b: Arcanine|0 fnt|[from] Recoil\n|faint|p1b: Arcanine\n|move|p1a: Rotom|Will-O-Wisp|p2a: Garchomp\n|-status|p2a: Garchomp|brn\n|\n|-damage|p2a: Garchomp|95/100 brn|[from] brn\n|upkeep\n|j| reallove85tw\n|\n|t:|1775982253\n|switch|p2b: Gengar|Gengar, L50, M|100/100\n|switch|p1b: Lucario|Lucario, L50, M|100/100\n|turn|4\n|\n|t:|1775982270\n|detailschange|p2b: Gengar|Gengar-Mega, L50, M\n|-mega|p2b: Gengar|Gengar|Gengarite\n|detailschange|p1b: Lucario|Lucario-Mega, L50, M\n|-mega|p1b: Lucario|Lucario|Lucarionite\n|move|p2b: Gengar|Protect|p2b: Gengar\n|-singleturn|p2b: Gengar|Protect\n|move|p2a: Garchomp|Earthquake|p1b: Lucario|[spread] p1b\n|-activate|p2b: Gengar|move: Protect\n|-immune|p1a: Rotom|[from] ability: Levitate\n|-supereffective|p1b: Lucario|1\n|-damage|p1b: Lucario|47/100\n|move|p1b: Lucario|Steel Beam|p2b: Gengar\n|-activate|p2b: Gengar|move: Protect\n|-damage|p1b: Lucario|0 fnt|[from] steelbeam\n|faint|p1b: Lucario\n|move|p1a: Rotom|Hydro Pump|p2a: Garchomp\n|-damage|p2a: Garchomp|43/100 brn\n|\n|-heal|p2a: Garchomp|49/100 brn|[from] item: Leftovers\n|-damage|p2a: Garchomp|43/100 brn|[from] brn\n|upkeep\n|\n|t:|1775982288\n|switch|p1b: Garchomp|Garchomp, L50, F|100/100\n|turn|5\n|\n|t:|1775982298\n|move|p2b: Gengar|Icy Wind|p1a: Rotom|[spread] p1a,p1b\n|-resisted|p1a: Rotom|1\n|-supereffective|p1b: Garchomp|2\n|-damage|p1a: Rotom|62/100\n|-damage|p1b: Garchomp|29/100\n|-unboost|p1a: Rotom|spe|1\n|-unboost|p1b: Garchomp|spe|1\n|-enditem|p1b: Garchomp|White Herb\n|-clearnegativeboost|p1b: Garchomp|[silent]\n|move|p2a: Garchomp|Dragon Claw|p1b: Garchomp\n|-supereffective|p1b: Garchomp|1\n|-damage|p1b: Garchomp|0 fnt\n|-damage|p2a: Garchomp|30/100 brn|[from] ability: Rough Skin|[of] p1b: Garchomp\n|faint|p1b: Garchomp\n|move|p1a: Rotom|Thunderbolt|p2b: Gengar\n|-damage|p2b: Gengar|45/100\n|\n|-heal|p2a: Garchomp|36/100 brn|[from] item: Leftovers\n|-damage|p2a: Garchomp|30/100 brn|[from] brn\n|upkeep\n|turn|6\n|\n|t:|1775982321\n|move|p2b: Gengar|Shadow Ball|p1a: Rotom\n|-damage|p1a: Rotom|8/100\n|-enditem|p1a: Rotom|Sitrus Berry|[eat]\n|-heal|p1a: Rotom|33/100|[from] item: Sitrus Berry\n|move|p2a: Garchomp|Dragon Claw|p1a: Rotom\n|-damage|p1a: Rotom|9/100\n|move|p1a: Rotom|Hydro Pump|p2b: Gengar\n|-damage|p2b: Gengar|0 fnt\n|faint|p2b: Gengar\n|\n|-heal|p2a: Garchomp|36/100 brn|[from] item: Leftovers\n|-damage|p2a: Garchomp|30/100 brn|[from] brn\n|-sideend|p2: sjysjy|move: Tailwind\n|upkeep\n|\n|t:|1775982332\n|switch|p2b: Rotom|Rotom-Wash, L50|100/100\n|turn|7\n|\n|t:|1775982338\n|move|p2a: Garchomp|Dragon Claw|p1a: Rotom\n|-damage|p1a: Rotom|0 fnt\n|faint|p1a: Rotom\n|\n|win|sjysjy\n|raw|leader-starmie's rating: 1282 &rarr; <strong>1263</strong><br />(-19 for losing)\n|raw|sjysjy's rating: 1363 &rarr; <strong>1378</strong><br />(+15 for winning)\n|l|\u2606leader-starmie\n|player|p1|\n|l|\u2606sjysjy\n|player|p2|\n",
  "uploadtime": 1775982353,
  "views": 27,
  "formatid": "gen9championsvgc2026regma",
  "rating": 1263,
  "private": 0,
  "password": null
}