{
  "id": "gen9championsvgc2026regma-2588152307",
  "format": "[Gen 9 Champions] VGC 2026 Reg M-A",
  "players": [
    "yuriimon",
    "mayowazu"
  ],
  "log": "|j|\u2606yuriimon\n|j|\u2606mayowazu\n|t:|1776609527\n|gametype|doubles\n|player|p1|yuriimon|waitress-gen4|1149\n|player|p2|mayowazu|shauntal|1052\n|gen|9\n|tier|[Gen 9 Champions] VGC 2026 Reg M-A\n|rated|\n|rule|Species Clause: Limit one of each Pok\u00e9mon\n|rule|Item Clause: Limit 1 of each item\n|clearpoke\n|poke|p1|Glimmora, L50, F|\n|poke|p1|Incineroar, L50, M|\n|poke|p1|Politoed, L50, M|\n|poke|p1|Basculegion, L50, M|\n|poke|p1|Chesnaught, L50, F|\n|poke|p1|Scizor, L50, F|\n|poke|p2|Froslass, L50, F|\n|poke|p2|Whimsicott, L50, M|\n|poke|p2|Armarouge, L50, F|\n|poke|p2|Rotom-Frost, L50|\n|poke|p2|Hatterene, L50, F, shiny|\n|poke|p2|Mimikyu, L50, F|\n|teampreview|4\n|inactive|Battle timer is ON: inactive players will automatically lose when time's up. (requested by yuriimon)\n|\n|t:|1776609551\n|teamsize|p1|4\n|teamsize|p2|4\n|start\n|switch|p1a: Scizor|Scizor, L50, F|100/100\n|switch|p1b: Chesnaught|Chesnaught, L50, F|100/100\n|switch|p2a: Hatterene|Hatterene, L50, F, shiny|100/100\n|switch|p2b: Mimikyu|Mimikyu, L50, F|100/100\n|turn|1\n|\n|t:|1776609574\n|detailschange|p1b: Chesnaught|Chesnaught-Mega, L50, F\n|-mega|p1b: Chesnaught|Chesnaught|Chesnaughtite\n|move|p1a: Scizor|Bullet Punch|p2a: Hatterene\n|-supereffective|p2a: Hatterene|1\n|-crit|p2a: Hatterene\n|-damage|p2a: Hatterene|0 fnt\n|faint|p2a: Hatterene\n|move|p1b: Chesnaught|Iron Defense|p1b: Chesnaught\n|-boost|p1b: Chesnaught|def|2\n|move|p2b: Mimikyu|Trick Room|p2b: Mimikyu\n|-fieldstart|move: Trick Room|[of] p2b: Mimikyu\n|\n|upkeep\n|\n|t:|1776609593\n|switch|p2a: Froslass|Froslass, L50, F|100/100\n|turn|2\n|\n|t:|1776609604\n|detailschange|p2a: Froslass|Froslass-Mega, L50, F\n|-mega|p2a: Froslass|Froslass|Froslassite\n|-weather|Snowscape|[from] ability: Snow Warning|[of] p2a: Froslass\n|move|p1b: Chesnaught|Spiky Shield|p1b: Chesnaught\n|-singleturn|p1b: Chesnaught|move: Protect\n|move|p1a: Scizor|Bullet Punch|p2a: Froslass\n|-supereffective|p2a: Froslass|1\n|-damage|p2a: Froslass|22/100\n|move|p2b: Mimikyu|Play Rough|p1b: Chesnaught\n|-activate|p1b: Chesnaught|move: Protect\n|-damage|p2b: Mimikyu|88/100|[from] Spiky Shield|[of] p1b: Chesnaught\n|move|p2a: Froslass|Blizzard|p1b: Chesnaught|[spread] p1a\n|-activate|p1b: Chesnaught|move: Protect\n|-resisted|p1a: Scizor|1\n|-damage|p1a: Scizor|67/100\n|\n|-weather|Snowscape|[upkeep]\n|upkeep\n|turn|3\n|\n|t:|1776609627\n|move|p2a: Froslass|Protect|p2a: Froslass\n|-singleturn|p2a: Froslass|Protect\n|move|p1a: Scizor|Bullet Punch|p2b: Mimikyu\n|-activate|p2b: Mimikyu|ability: Disguise\n|-damage|p2b: Mimikyu|88/100\n|detailschange|p2b: Mimikyu|Mimikyu-Busted, L50, F\n|-damage|p2b: Mimikyu|76/100|[from] pokemon: Mimikyu-Busted\n|move|p1b: Chesnaught|Knock Off|p2a: Froslass\n|-activate|p2a: Froslass|move: Protect\n|move|p2b: Mimikyu|Play Rough|p1b: Chesnaught\n|-supereffective|p1b: Chesnaught|1\n|-crit|p1b: Chesnaught\n|-damage|p1b: Chesnaught|42/100\n|\n|-weather|Snowscape|[upkeep]\n|upkeep\n|turn|4\n|inactive|mayowazu has 30 seconds left.\n|\n|t:|1776609657\n|switch|p2a: Rotom|Rotom-Frost, L50|100/100\n|move|p1a: Scizor|Bullet Punch|p2b: Mimikyu\n|-supereffective|p2b: Mimikyu|1\n|-damage|p2b: Mimikyu|0 fnt\n|faint|p2b: Mimikyu\n|move|p1b: Chesnaught|Knock Off|p2a: Rotom\n|-crit|p2a: Rotom\n|-damage|p2a: Rotom|62/100\n|-enditem|p2a: Rotom|Choice Scarf|[from] move: Knock Off|[of] p1b: Chesnaught\n|\n|-weather|Snowscape|[upkeep]\n|upkeep\n|\n|t:|1776609667\n|switch|p2b: Froslass|Froslass-Mega, L50, F|22/100\n|turn|5\n|\n|t:|1776609677\n|move|p1a: Scizor|Bullet Punch|p2b: Froslass\n|-supereffective|p2b: Froslass|1\n|-damage|p2b: Froslass|0 fnt\n|faint|p2b: Froslass\n|move|p1b: Chesnaught|Body Press|p2a: Rotom\n|-supereffective|p2a: Rotom|1\n|-damage|p2a: Rotom|0 fnt\n|faint|p2a: Rotom\n|\n|win|yuriimon\n|raw|yuriimon's rating: 1149 &rarr; <strong>1167</strong><br />(+18 for winning)\n|raw|mayowazu's rating: 1052 &rarr; <strong>1039</strong><br />(-13 for losing)\n|l|\u2606mayowazu\n|player|p2|\n",
  "uploadtime": 1776609686,
  "views": 6,
  "formatid": "gen9championsvgc2026regma",
  "rating": 1039,
  "private": 0,
  "password": null
}