{
  "id": "gen9championsvgc2026regma-2585218147",
  "format": "[Gen 9 Champions] VGC 2026 Reg M-A",
  "players": [
    "Munchlaxxxed",
    "TheTimeGoingBy"
  ],
  "log": "|j|\u2606Munchlaxxxed\n|j|\u2606TheTimeGoingBy\n|t:|1776326282\n|gametype|doubles\n|player|p1|Munchlaxxxed|170|1188\n|player|p2|TheTimeGoingBy|266|1247\n|gen|9\n|tier|[Gen 9 Champions] VGC 2026 Reg M-A\n|rated|\n|rule|Species Clause: Limit one of each Pok\u00e9mon\n|rule|Item Clause: Limit 1 of each item\n|clearpoke\n|poke|p1|Aerodactyl, L50, F|\n|poke|p1|Charizard, L50, M|\n|poke|p1|Venusaur, L50, M|\n|poke|p1|Aegislash, L50, M|\n|poke|p1|Sneasler, L50, F|\n|poke|p1|Milotic, L50, M|\n|poke|p2|Excadrill, L50, M|\n|poke|p2|Milotic, L50, F|\n|poke|p2|Volcarona, L50, F|\n|poke|p2|Basculegion, L50, M|\n|poke|p2|Meowscarada, L50, M|\n|poke|p2|Corviknight, L50, M|\n|teampreview|4\n|\n|t:|1776326350\n|teamsize|p1|4\n|teamsize|p2|4\n|start\n|switch|p1a: Charizard|Charizard, L50, M|100/100\n|switch|p1b: Aerodactyl|Aerodactyl, L50, F|100/100\n|switch|p2a: Excadrill|Excadrill, L50, M, shiny|100/100\n|switch|p2b: Corviknight|Corviknight, L50, M|100/100\n|turn|1\n|inactive|Battle timer is ON: inactive players will automatically lose when time's up. (requested by TheTimeGoingBy)\n|\n|t:|1776326368\n|detailschange|p1a: Charizard|Charizard-Mega-Y, L50, M\n|-mega|p1a: Charizard|Charizard|Charizardite Y\n|-weather|SunnyDay|[from] ability: Drought|[of] p1a: Charizard\n|move|p2a: Excadrill|Protect|p2a: Excadrill\n|-singleturn|p2a: Excadrill|Protect\n|move|p1b: Aerodactyl|Wide Guard|p1b: Aerodactyl\n|-singleturn|p1b: Aerodactyl|Wide Guard\n|move|p1a: Charizard|Heat Wave|p2b: Corviknight|[spread] p2b\n|-activate|p2a: Excadrill|move: Protect\n|-supereffective|p2b: Corviknight|1\n|-damage|p2b: Corviknight|0 fnt\n|faint|p2b: Corviknight\n|\n|-weather|SunnyDay|[upkeep]\n|upkeep\n|\n|t:|1776326387\n|switch|p2b: Basculegion|Basculegion, L50, M|100/100\n|turn|2\n|\n|t:|1776326399\n|detailschange|p2a: Excadrill|Excadrill-Mega, L50, M, shiny\n|-mega|p2a: Excadrill|Excadrill|Excadrite\n|move|p1a: Charizard|Protect|p1a: Charizard\n|-singleturn|p1a: Charizard|Protect\n|move|p1b: Aerodactyl|Rock Slide|p2a: Excadrill|[spread] p2a,p2b\n|-resisted|p2a: Excadrill|2\n|-damage|p2a: Excadrill|94/100\n|-damage|p2b: Basculegion|64/100\n|move|p2a: Excadrill|Iron Head|p1b: Aerodactyl\n|-supereffective|p1b: Aerodactyl|1\n|-damage|p1b: Aerodactyl|0 fnt\n|faint|p1b: Aerodactyl\n|cant|p2b: Basculegion|flinch\n|\n|-weather|SunnyDay|[upkeep]\n|upkeep\n|\n|t:|1776326414\n|switch|p1b: Venusaur|Venusaur, L50, M|100/100\n|turn|3\n|\n|t:|1776326423\n|move|p1b: Venusaur|Leaf Storm|p2b: Basculegion\n|-supereffective|p2b: Basculegion|1\n|-damage|p2b: Basculegion|0 fnt\n|-unboost|p1b: Venusaur|spa|2\n|faint|p2b: Basculegion\n|move|p2a: Excadrill|Rock Slide|p1a: Charizard|[spread] p1a,p1b\n|-supereffective|p1a: Charizard|2\n|-damage|p1a: Charizard|0 fnt\n|-damage|p1b: Venusaur|71/100\n|faint|p1a: Charizard\n|\n|-weather|SunnyDay|[upkeep]\n|upkeep\n|\n|t:|1776326433\n|switch|p1a: Sneasler|Sneasler, L50, F|100/100\n|switch|p2b: Milotic|Milotic, L50, F, shiny|100/100\n|turn|4\n|\n|t:|1776326450\n|move|p2a: Excadrill|Protect|p2a: Excadrill\n|-singleturn|p2a: Excadrill|Protect\n|move|p1b: Venusaur|Sleep Powder|p2b: Milotic\n|-status|p2b: Milotic|slp|[from] move: Sleep Powder\n|move|p1a: Sneasler|Close Combat|p2a: Excadrill\n|-activate|p2a: Excadrill|move: Protect\n|cant|p2b: Milotic|slp\n|\n|-weather|SunnyDay|[upkeep]\n|upkeep\n|turn|5\n|\n|t:|1776326466\n|move|p1b: Venusaur|Leaf Storm|p2b: Milotic\n|-supereffective|p2b: Milotic|1\n|-damage|p2b: Milotic|56/100 slp\n|-unboost|p1b: Venusaur|spa|2\n|move|p1a: Sneasler|Close Combat|p2a: Excadrill\n|-supereffective|p2a: Excadrill|1\n|-damage|p2a: Excadrill|0 fnt\n|-unboost|p1a: Sneasler|def|1\n|-unboost|p1a: Sneasler|spd|1\n|faint|p2a: Excadrill\n|-enditem|p1a: Sneasler|White Herb\n|-clearnegativeboost|p1a: Sneasler|[silent]\n|cant|p2b: Milotic|slp\n|\n|-weather|none\n|-heal|p2b: Milotic|62/100 slp|[from] item: Leftovers\n|upkeep\n|turn|6\n|\n|t:|1776326483\n|move|p1a: Sneasler|Acid Spray|p2b: Milotic\n|-damage|p2b: Milotic|57/100 slp\n|-unboost|p2b: Milotic|spd|2\n|-ability|p2b: Milotic|Competitive|boost\n|-boost|p2b: Milotic|spa|2\n|move|p1b: Venusaur|Leaf Storm|p2b: Milotic|[miss]\n|-miss|p1b: Venusaur|p2b: Milotic\n|-curestatus|p2b: Milotic|slp|[msg]\n|move|p2b: Milotic|Icy Wind|p1a: Sneasler|[spread] p1a,p1b\n|-supereffective|p1b: Venusaur|1\n|-damage|p1a: Sneasler|67/100\n|-damage|p1b: Venusaur|20/100\n|-unboost|p1a: Sneasler|spe|1\n|-unboost|p1b: Venusaur|spe|1\n|\n|-heal|p2b: Milotic|63/100|[from] item: Leftovers\n|upkeep\n|turn|7\n|\n|t:|1776326497\n|move|p2b: Milotic|Protect|p2b: Milotic\n|-singleturn|p2b: Milotic|Protect\n|move|p1a: Sneasler|Close Combat|p2b: Milotic\n|-activate|p2b: Milotic|move: Protect\n|move|p1b: Venusaur|Leaf Storm|p2b: Milotic\n|-activate|p2b: Milotic|move: Protect\n|\n|-heal|p2b: Milotic|69/100|[from] item: Leftovers\n|upkeep\n|turn|8\n|\n|t:|1776326513\n|move|p1a: Sneasler|Close Combat|p2b: Milotic\n|-damage|p2b: Milotic|3/100\n|-unboost|p1a: Sneasler|def|1\n|-unboost|p1a: Sneasler|spd|1\n|move|p2b: Milotic|Icy Wind|p1b: Venusaur|[spread] p1a,p1b\n|-supereffective|p1b: Venusaur|1\n|-crit|p1b: Venusaur\n|-damage|p1a: Sneasler|21/100\n|-damage|p1b: Venusaur|0 fnt\n|-unboost|p1a: Sneasler|spe|1\n|faint|p1b: Venusaur\n|\n|-heal|p2b: Milotic|9/100|[from] item: Leftovers\n|upkeep\n|turn|9\n|\n|t:|1776326524\n|move|p2b: Milotic|Protect|p2b: Milotic\n|-singleturn|p2b: Milotic|Protect\n|move|p1a: Sneasler|Dire Claw|p2b: Milotic\n|-activate|p2b: Milotic|move: Protect\n|\n|-heal|p2b: Milotic|15/100|[from] item: Leftovers\n|upkeep\n|turn|10\n|\n|t:|1776326532\n|move|p1a: Sneasler|Dire Claw|p2b: Milotic\n|-damage|p2b: Milotic|0 fnt\n|faint|p2b: Milotic\n|\n|win|Munchlaxxxed\n|raw|Munchlaxxxed's rating: 1188 &rarr; <strong>1217</strong><br />(+29 for winning)\n|raw|TheTimeGoingBy's rating: 1247 &rarr; <strong>1218</strong><br />(-29 for losing)\n",
  "uploadtime": 1776326533,
  "views": 23,
  "formatid": "gen9championsvgc2026regma",
  "rating": 1217,
  "private": 0,
  "password": null
}