{
  "id": "gen9championsvgc2026regma-2580989636",
  "format": "[Gen 9 Champions] VGC 2026 Reg M-A",
  "players": [
    "rocketonions",
    "superboy245"
  ],
  "log": "|j|\u2606rocketonions\n|j|\u2606superboy245\n|t:|1775949510\n|gametype|doubles\n|player|p1|rocketonions|169|1000\n|player|p2|superboy245|buck|1071\n|gen|9\n|tier|[Gen 9 Champions] VGC 2026 Reg M-A\n|rated|\n|rule|Species Clause: Limit one of each Pok\u00e9mon\n|rule|Item Clause: Limit 1 of each item\n|clearpoke\n|poke|p1|Crabominable, L50, M|\n|poke|p1|Sinistcha, L50|\n|poke|p1|Farigiraf, L50, M|\n|poke|p1|Rhyperior, L50, F|\n|poke|p1|Chimecho, L50, M|\n|poke|p1|Slowking, L50, M|\n|poke|p2|Crabominable, L50, M|\n|poke|p2|Torkoal, L50, M|\n|poke|p2|Farigiraf, L50, F|\n|poke|p2|Incineroar, L50, F|\n|poke|p2|Hydrapple, L50, F|\n|poke|p2|Drampa, L50, M|\n|teampreview|4\nsuperboy245 rejected open team sheets.\n|c|\u2606superboy245|So no trick room for us?\n|\n|t:|1775949572\n|teamsize|p1|4\n|teamsize|p2|4\n|start\n|switch|p1a: Slowking|Slowking, L50, M|100/100\n|switch|p1b: Chimecho|Chimecho, L50, M|100/100\n|switch|p2a: Farigiraf|Farigiraf, L50, F|100/100\n|switch|p2b: Incineroar|Incineroar, L50, F|100/100\n|-ability|p2b: Incineroar|Intimidate|boost\n|-unboost|p1a: Slowking|atk|1\n|-unboost|p1b: Chimecho|atk|1\n|turn|1\n|c|\u2606superboy245|Both\n|\n|t:|1775949604\n|move|p2b: Incineroar|Darkest Lariat|p1b: Chimecho\n|-supereffective|p1b: Chimecho|1\n|-damage|p1b: Chimecho|0 fnt\n|faint|p1b: Chimecho\n|move|p2a: Farigiraf|Hyper Voice|p1a: Slowking\n|-damage|p1a: Slowking|70/100\n|move|p1a: Slowking|Trick Room|p1a: Slowking\n|-fieldstart|move: Trick Room|[of] p1a: Slowking\n|\n|upkeep\n|\n|t:|1775949610\n|switch|p1b: Crabominable|Crabominable, L50, M|100/100\n|turn|2\n|\n|t:|1775949638\n|switch|p2b: Hydrapple|Hydrapple, L50, F|100/100\n|detailschange|p1b: Crabominable|Crabominable-Mega, L50, M\n|-mega|p1b: Crabominable|Crabominable|Crabominite\n|move|p1a: Slowking|Yawn|p2a: Farigiraf\n|-start|p2a: Farigiraf|move: Yawn|[of] p1a: Slowking\n|move|p1b: Crabominable|Drain Punch|p2b: Hydrapple\n|-damage|p2b: Hydrapple|54/100\n|move|p2a: Farigiraf|Psychic|p1b: Crabominable\n|-supereffective|p1b: Crabominable|1\n|-damage|p1b: Crabominable|42/100\n|\n|-heal|p2b: Hydrapple|60/100|[from] item: Leftovers\n|upkeep\n|turn|3\n|inactive|Battle timer is ON: inactive players will automatically lose when time's up. (requested by superboy245)\n|\n|t:|1775949732\n|switch|p2a: Incineroar|Incineroar, L50, F|100/100\n|-ability|p2a: Incineroar|Intimidate|boost\n|-unboost|p1a: Slowking|atk|1\n|-unboost|p1b: Crabominable|atk|1\n|move|p2b: Hydrapple|Protect|p2b: Hydrapple\n|-singleturn|p2b: Hydrapple|Protect\n|move|p1a: Slowking|Yawn|p2b: Hydrapple\n|-activate|p2b: Hydrapple|move: Protect\n|move|p1b: Crabominable|Ice Hammer|p2b: Hydrapple\n|-activate|p2b: Hydrapple|move: Protect\n|\n|-heal|p2b: Hydrapple|66/100|[from] item: Leftovers\n|upkeep\n|turn|4\n|inactive|rocketonions has 30 seconds left.\n|inactive|rocketonions has 20 seconds left.\n|\n|t:|1775949770\n|move|p2a: Incineroar|Fake Out|p1b: Crabominable\n|-damage|p1b: Crabominable|31/100\n|move|p1a: Slowking|Scald|p2a: Incineroar\n|-supereffective|p2a: Incineroar|1\n|-crit|p2a: Incineroar\n|-damage|p2a: Incineroar|14/100\n|-enditem|p2a: Incineroar|Sitrus Berry|[eat]\n|-heal|p2a: Incineroar|39/100|[from] item: Sitrus Berry\n|cant|p1b: Crabominable|flinch\n|move|p2b: Hydrapple|Energy Ball|p1a: Slowking\n|-supereffective|p1a: Slowking|1\n|-damage|p1a: Slowking|0 fnt\n|faint|p1a: Slowking\n|\n|-heal|p2b: Hydrapple|72/100|[from] item: Leftovers\n|upkeep\n|\n|t:|1775949773\n|switch|p1a: Rhyperior|Rhyperior, L50, F|100/100\n|turn|5\n|inactive|superboy245 has 30 seconds left.\n|inactive|superboy245 has 20 seconds left.\n|\n|t:|1775949810\n|move|p2b: Hydrapple|Protect|p2b: Hydrapple\n|-singleturn|p2b: Hydrapple|Protect\n|move|p1b: Crabominable|Ice Hammer|p2b: Hydrapple\n|-activate|p2b: Hydrapple|move: Protect\n|move|p1a: Rhyperior|Rock Slide|p2a: Incineroar|[spread] p2a\n|-activate|p2b: Hydrapple|move: Protect\n|-supereffective|p2a: Incineroar|1\n|-damage|p2a: Incineroar|0 fnt\n|faint|p2a: Incineroar\n|\n|-heal|p2b: Hydrapple|78/100|[from] item: Leftovers\n|-fieldend|move: Trick Room\n|upkeep\n|\n|t:|1775949819\n|switch|p2a: Farigiraf|Farigiraf, L50, F|100/100\n|turn|6\n|\n|t:|1775949827\n|move|p2a: Farigiraf|Psychic|p1b: Crabominable\n|-supereffective|p1b: Crabominable|1\n|-damage|p1b: Crabominable|0 fnt\n|faint|p1b: Crabominable\n|move|p1a: Rhyperior|Rock Slide|p2a: Farigiraf|[spread] p2a,p2b\n|-damage|p2a: Farigiraf|70/100\n|-damage|p2b: Hydrapple|56/100\n|move|p2b: Hydrapple|Energy Ball|p1a: Rhyperior\n|-supereffective|p1a: Rhyperior|2\n|-damage|p1a: Rhyperior|0 fnt\n|faint|p1a: Rhyperior\n|\n|win|superboy245\n|raw|rocketonions's rating: 1000 &rarr; <strong>1000</strong><br />(+0 for losing)\n|raw|superboy245's rating: 1071 &rarr; <strong>1094</strong><br />(+23 for winning)\n",
  "uploadtime": 1775949839,
  "views": 13,
  "formatid": "gen9championsvgc2026regma",
  "rating": 1000,
  "private": 0,
  "password": null
}