{
  "id": "gen9championsvgc2026regma-2583461223",
  "format": "[Gen 9 Champions] VGC 2026 Reg M-A",
  "players": [
    "TG511",
    "Triple Goose"
  ],
  "log": "|j|\u2606TG511\n|j|\u2606Triple Goose\n|t:|1776177142\n|gametype|doubles\n|player|p1|TG511|volkner|\n|player|p2|Triple Goose|juggler|\n|gen|9\n|tier|[Gen 9 Champions] VGC 2026 Reg M-A\n|rated|Tournament battle\n|rule|Species Clause: Limit one of each Pok\u00e9mon\n|rule|Item Clause: Limit 1 of each item\n|clearpoke\n|poke|p1|Excadrill, L50, F|\n|poke|p1|Gengar, L50, M|\n|poke|p1|Tyranitar, L50, M|\n|poke|p1|Basculegion, L50, M|\n|poke|p1|Froslass, L50, F|\n|poke|p1|Talonflame, L50, F|\n|poke|p2|Whimsicott, L50, F|\n|poke|p2|Typhlosion-Hisui, L50, M|\n|poke|p2|Farigiraf, L50, F|\n|poke|p2|Incineroar, L50, M|\n|poke|p2|Sneasler, L50, F|\n|poke|p2|Floette-Eternal, L50, F|\n|teampreview|4\n|inactive|Battle timer is ON: inactive players will automatically lose when time's up. (requested by Triple Goose)\nTriple Goose has agreed to open team sheets.\n|c|\u2606Triple Goose|glhf\n|c|\u2606TG511|glhf\n|\n|t:|1776177167\n|teamsize|p1|4\n|teamsize|p2|4\n|start\n|switch|p1a: Talonflame|Talonflame, L50, F, shiny|100/100\n|switch|p1b: Basculegion|Basculegion, L50, M, shiny|100/100\n|switch|p2a: Floette|Floette-Eternal, L50, F|100/100\n|switch|p2b: Whimsicott|Whimsicott, L50, F|100/100\n|turn|1\n|\n|t:|1776177177\n|switch|p2b: Incineroar|Incineroar, L50, M|100/100\n|-ability|p2b: Incineroar|Intimidate|boost\n|-unboost|p1a: Talonflame|atk|1\n|-unboost|p1b: Basculegion|atk|1\n|detailschange|p2a: Floette|Floette-Mega, L50, F\n|-mega|p2a: Floette|Floette|Floettite\n|-ability|p2a: Floette|Fairy Aura\n|move|p1a: Talonflame|Tailwind|p1a: Talonflame\n|-sidestart|p1: TG511|move: Tailwind\n|move|p1b: Basculegion|Wave Crash|p2a: Floette\n|-crit|p2a: Floette\n|-damage|p2a: Floette|0 fnt\n|faint|p2a: Floette\n|-damage|p1b: Basculegion|73/100|[from] Recoil\n|\n|upkeep\n|\n|t:|1776177187\n|switch|p2a: Whimsicott|Whimsicott, L50, F|100/100\n|turn|2\n|\n|t:|1776177199\n|move|p2b: Incineroar|Fake Out|p1a: Talonflame\n|-damage|p1a: Talonflame|81/100\n|move|p2a: Whimsicott|Sunny Day|p2a: Whimsicott\n|-weather|SunnyDay\n|move|p1b: Basculegion|Wave Crash|p2b: Incineroar\n|-supereffective|p2b: Incineroar|1\n|-crit|p2b: Incineroar\n|-damage|p2b: Incineroar|0 fnt\n|faint|p2b: Incineroar\n|-damage|p1b: Basculegion|39/100|[from] Recoil\n|cant|p1a: Talonflame|flinch\n|\n|-weather|SunnyDay|[upkeep]\n|upkeep\n|\n|t:|1776177205\n|switch|p2b: Typhlosion|Typhlosion-Hisui, L50, M|100/100\n|turn|3\n|c|\u2606TG511|lol\n|c|\u2606Triple Goose|Welp\n|c|\u2606Triple Goose|ggs wp\n|\n|t:|1776177217\n|move|p2a: Whimsicott|Tailwind|p2a: Whimsicott\n|-sidestart|p2: Triple Goose|move: Tailwind\n|move|p2b: Typhlosion|Heat Wave|p1b: Basculegion|[spread] p1a,p1b\n|-resisted|p1a: Talonflame|1\n|-resisted|p1b: Basculegion|1\n|-damage|p1a: Talonflame|36/100\n|-damage|p1b: Basculegion|5/100\n|-status|p1b: Basculegion|brn\n|move|p1b: Basculegion|Wave Crash|p2b: Typhlosion\n|-supereffective|p2b: Typhlosion|1\n|-damage|p2b: Typhlosion|68/100\n|-damage|p1b: Basculegion|0 fnt|[from] Recoil\n|faint|p1b: Basculegion\n|move|p1a: Talonflame|Brave Bird|p2a: Whimsicott\n|-supereffective|p2a: Whimsicott|1\n|-damage|p2a: Whimsicott|12/100\n|-damage|p1a: Talonflame|8/100|[from] Recoil\n|\n|-weather|SunnyDay|[upkeep]\n|upkeep\n|c|\u2606TG511|noooo\n|\n|t:|1776177231\n|switch|p1b: Excadrill|Excadrill, L50, F, shiny|100/100\n|turn|4\n|\n|t:|1776177243\n|switch|p1a: Tyranitar|Tyranitar, L50, M, shiny|100/100\n|-weather|Sandstorm|[from] ability: Sand Stream|[of] p1a: Tyranitar\n|move|p2a: Whimsicott|Sunny Day|p2a: Whimsicott\n|-weather|SunnyDay\n|move|p2b: Typhlosion|Heat Wave|p1b: Excadrill|[spread] p1a,p1b\n|-resisted|p1a: Tyranitar|1\n|-supereffective|p1b: Excadrill|1\n|-damage|p1a: Tyranitar|74/100\n|-enditem|p1b: Excadrill|Focus Sash\n|-damage|p1b: Excadrill|1/100\n|move|p1b: Excadrill|Rock Slide|p2a: Whimsicott|[spread] p2a,p2b\n|-supereffective|p2b: Typhlosion|1\n|-damage|p2a: Whimsicott|0 fnt\n|-damage|p2b: Typhlosion|2/100\n|faint|p2a: Whimsicott\n|\n|-weather|SunnyDay|[upkeep]\n|-sideend|p1: TG511|move: Tailwind\n|upkeep\n|turn|5\n|c|\u2606Triple Goose|Unless Typhlosion can clutch up here\n|\n|t:|1776177257\n|detailschange|p1a: Tyranitar|Tyranitar-Mega, L50, M, shiny\n|-mega|p1a: Tyranitar|Tyranitar|Tyranitarite\n|-weather|Sandstorm|[from] ability: Sand Stream|[of] p1a: Tyranitar\n|move|p2b: Typhlosion|Heat Wave|p1b: Excadrill|[spread] p1a,p1b\n|-resisted|p1a: Tyranitar|1\n|-supereffective|p1b: Excadrill|1\n|-damage|p1a: Tyranitar|56/100\n|-damage|p1b: Excadrill|0 fnt\n|faint|p1b: Excadrill\n|move|p1a: Tyranitar|Knock Off|p2b: Typhlosion\n|-supereffective|p2b: Typhlosion|1\n|-damage|p2b: Typhlosion|0 fnt\n|-enditem|p2b: Typhlosion|Choice Scarf|[from] move: Knock Off|[of] p1a: Tyranitar\n|faint|p2b: Typhlosion\n|\n|win|TG511\n|n|\u2606TG511|tg511\n|n|\u2606Triple Goose|triplegoose\n|c|\u2606Triple Goose|Yep\n|c|\u2606TG511|gg\n|c|\u2606Triple Goose|ggs\n|l|\u2606TG511\n|player|p1|\n",
  "uploadtime": 1776177276,
  "views": 26,
  "formatid": "gen9championsvgc2026regma",
  "rating": null,
  "private": 0,
  "password": null
}