{
  "id": "gen9championsvgc2026regma-2587356473",
  "format": "[Gen 9 Champions] VGC 2026 Reg M-A",
  "players": [
    "grapplebeam",
    "TytaniumV"
  ],
  "log": "|j|\u2606grapplebeam\n|j|\u2606TytaniumV\n|t:|1776524916\n|gametype|doubles\n|player|p1|grapplebeam|riley|1414\n|player|p2|TytaniumV|cyclist-gen4|1362\n|gen|9\n|tier|[Gen 9 Champions] VGC 2026 Reg M-A\n|rated|\n|rule|Species Clause: Limit one of each Pok\u00e9mon\n|rule|Item Clause: Limit 1 of each item\n|clearpoke\n|poke|p1|Sinistcha, L50|\n|poke|p1|Manectric, L50, M|\n|poke|p1|Archaludon, L50, M|\n|poke|p1|Politoed, L50, M|\n|poke|p1|Incineroar, L50, F|\n|poke|p1|Scizor, L50, M|\n|poke|p2|Garchomp, L50, F|\n|poke|p2|Rotom-Wash, L50|\n|poke|p2|Delphox, L50, F|\n|poke|p2|Orthworm, L50, M|\n|poke|p2|Tyranitar, L50, M|\n|poke|p2|Aerodactyl, L50, F|\n|teampreview|4\n|c|\u2606TytaniumV|Glhf\n|c|\u2606TytaniumV|IS THAT\n|\n|t:|1776524950\n|teamsize|p1|4\n|teamsize|p2|4\n|start\n|switch|p1a: Incineroar|Incineroar, L50, F|100/100\n|switch|p1b: Archaludon|Archaludon, L50, M|100/100\n|switch|p2a: Orthworm|Orthworm, L50, M|100/100\n|switch|p2b: Delphox|Delphox, L50, F|100/100\n|-ability|p1a: Incineroar|Intimidate|boost\n|-unboost|p2a: Orthworm|atk|1\n|-unboost|p2b: Delphox|atk|1\n|turn|1\n|c|\u2606TytaniumV|A MEGA MANECTRIC\n|j| p3elz\n|c|\u2606TytaniumV|omg postgame could I get the paste?\n|c|\u2606TytaniumV|I love him so much\n|c| p3elz|Manectric..\n|c|\u2606grapplebeam|its not my team though\n|c| p3elz|I also need this\n|\n|t:|1776524988\n|switch|p1a: Politoed|Politoed, L50, M|100/100\n|-weather|RainDance|[from] ability: Drizzle|[of] p1a: Politoed\n|move|p2b: Delphox|Protect|p2b: Delphox\n|-singleturn|p2b: Delphox|Protect\n|move|p1b: Archaludon|Electro Shot||[still]\n|-prepare|p1b: Archaludon|Electro Shot\n|-boost|p1b: Archaludon|spa|1\n|-anim|p1b: Archaludon|Electro Shot|p2a: Orthworm\n|-damage|p2a: Orthworm|11/100\n|-enditem|p2a: Orthworm|Sitrus Berry|[eat]\n|-heal|p2a: Orthworm|36/100|[from] item: Sitrus Berry\n|move|p2a: Orthworm|Iron Defense|p2a: Orthworm\n|-boost|p2a: Orthworm|def|2\n|\n|-weather|RainDance|[upkeep]\n|upkeep\n|turn|2\n|c|\u2606TytaniumV|Alright, well I appreciate the honesty!\n|l| p3elz\n|c|\u2606TytaniumV|this is half my team, I stole the members from someone and remixed the sets\n|inactive|Battle timer is ON: inactive players will automatically lose when time's up. (requested by TytaniumV)\n|\n|t:|1776525056\n|switch|p2b: Tyranitar|Tyranitar, L50, M|100/100\n|-weather|Sandstorm|[from] ability: Sand Stream|[of] p2b: Tyranitar\n|switch|p1a: Manectric|Manectric, L50, M|100/100\n|move|p1b: Archaludon|Dragon Pulse|p2b: Tyranitar\n|-damage|p2b: Tyranitar|66/100\n|move|p2a: Orthworm|Body Press|p1b: Archaludon\n|-supereffective|p1b: Archaludon|1\n|-damage|p1b: Archaludon|12/100\n|-ability|p1b: Archaludon|Stamina|boost\n|-boost|p1b: Archaludon|def|1\n|\n|-weather|Sandstorm|[upkeep]\n|-damage|p1a: Manectric|94/100|[from] Sandstorm\n|-heal|p1b: Archaludon|18/100|[from] item: Leftovers\n|upkeep\n|turn|3\n|c|\u2606TytaniumV|Oh bot\n|c|\u2606TytaniumV|Demon in\n|inactive|grapplebeam has 30 seconds left.\n|inactive|TytaniumV has 30 seconds left.\n|inactive|TytaniumV has 20 seconds left.\n|inactive|TytaniumV has 15 seconds left.\n|inactive|TytaniumV has 10 seconds left.\n|\n|t:|1776525102\n|detailschange|p1a: Manectric|Manectric-Mega, L50, M\n|-mega|p1a: Manectric|Manectric|Manectite\n|-ability|p1a: Manectric|Intimidate|boost\n|-unboost|p2a: Orthworm|atk|1\n|-unboost|p2b: Tyranitar|atk|1\n|move|p1b: Archaludon|Protect|p1b: Archaludon\n|-singleturn|p1b: Archaludon|Protect\n|move|p1a: Manectric|Volt Switch|p2a: Orthworm\n|-damage|p2a: Orthworm|0 fnt\n|faint|p2a: Orthworm\n|\n|t:|1776525113\n|switch|p1a: Incineroar|Incineroar, L50, F|100/100|[from] Volt Switch\n|-ability|p1a: Incineroar|Intimidate|boost\n|-unboost|p2b: Tyranitar|atk|1\n|move|p2b: Tyranitar|Knock Off|p1b: Archaludon\n|-activate|p1b: Archaludon|move: Protect\n|\n|-weather|Sandstorm|[upkeep]\n|-damage|p1a: Incineroar|95/100|[from] Sandstorm\n|-heal|p1b: Archaludon|24/100|[from] item: Leftovers\n|upkeep\n|\n|t:|1776525121\n|switch|p2a: Delphox|Delphox, L50, F|100/100\n|turn|4\n|c|\u2606TytaniumV|This intim wringer is brutal\n|inactive|grapplebeam has 30 seconds left.\n|\n|t:|1776525148\n|switch|p2b: Rotom|Rotom-Wash, L50|100/100\n|move|p2a: Delphox|Protect|p2a: Delphox\n|-singleturn|p2a: Delphox|Protect\n|move|p1a: Incineroar|Fake Out|p2a: Delphox\n|-activate|p2a: Delphox|move: Protect\n|move|p1b: Archaludon|Flash Cannon|p2b: Rotom\n|-resisted|p2b: Rotom|2\n|-damage|p2b: Rotom|89/100\n|\n|-weather|Sandstorm|[upkeep]\n|-damage|p2a: Delphox|95/100|[from] Sandstorm\n|-damage|p2b: Rotom|83/100|[from] Sandstorm\n|-damage|p1a: Incineroar|89/100|[from] Sandstorm\n|-heal|p2b: Rotom|89/100|[from] item: Leftovers\n|-heal|p1b: Archaludon|30/100|[from] item: Leftovers\n|upkeep\n|turn|5\n|inactive|grapplebeam has 30 seconds left.\n|inactive|grapplebeam has 20 seconds left.\n|\n|t:|1776525188\n|detailschange|p2a: Delphox|Delphox-Mega, L50, F\n|-mega|p2a: Delphox|Delphox|Delphoxite\n|move|p1b: Archaludon|Protect|p1b: Archaludon\n|-singleturn|p1b: Archaludon|Protect\n|move|p2a: Delphox|Heat Wave|p1b: Archaludon|[spread] p1a\n|-activate|p1b: Archaludon|move: Protect\n|-resisted|p1a: Incineroar|1\n|-damage|p1a: Incineroar|71/100\n|move|p2b: Rotom|Hydro Pump|p1a: Incineroar\n|-supereffective|p1a: Incineroar|1\n|-damage|p1a: Incineroar|4/100\n|move|p1a: Incineroar|Parting Shot|p2a: Delphox\n|-unboost|p2a: Delphox|atk|1\n|-unboost|p2a: Delphox|spa|1\n|\n|t:|1776525201\n|switch|p1a: Manectric|Manectric-Mega, L50, M|94/100|[from] Parting Shot\n|-ability|p1a: Manectric|Intimidate|boost\n|-unboost|p2a: Delphox|atk|1\n|-unboost|p2b: Rotom|atk|1\n|\n|-weather|Sandstorm|[upkeep]\n|-damage|p1a: Manectric|88/100|[from] Sandstorm\n|-damage|p2a: Delphox|89/100|[from] Sandstorm\n|-damage|p2b: Rotom|83/100|[from] Sandstorm\n|-heal|p2b: Rotom|89/100|[from] item: Leftovers\n|-heal|p1b: Archaludon|37/100|[from] item: Leftovers\n|upkeep\n|turn|6\n|\n|t:|1776525222\n|move|p1a: Manectric|Snarl|p2a: Delphox|[spread] p2a,p2b\n|-supereffective|p2a: Delphox|1\n|-damage|p2a: Delphox|63/100\n|-damage|p2b: Rotom|79/100\n|-unboost|p2a: Delphox|spa|1\n|-unboost|p2b: Rotom|spa|1\n|move|p2a: Delphox|Heat Wave|p1b: Archaludon|[spread] p1a,p1b\n|-damage|p1a: Manectric|60/100\n|-damage|p1b: Archaludon|17/100\n|-status|p1a: Manectric|brn\n|-ability|p1b: Archaludon|Stamina|boost\n|-boost|p1b: Archaludon|def|1\n|move|p2b: Rotom|Hydro Pump|p1b: Archaludon\n|-resisted|p1b: Archaludon|1\n|-damage|p1b: Archaludon|4/100\n|-ability|p1b: Archaludon|Stamina|boost\n|-boost|p1b: Archaludon|def|1\n|move|p1b: Archaludon|Dragon Pulse|p2b: Rotom\n|-damage|p2b: Rotom|33/100\n|\n|-weather|none\n|-heal|p2b: Rotom|39/100|[from] item: Leftovers\n|-heal|p1b: Archaludon|10/100|[from] item: Leftovers\n|-damage|p1a: Manectric|53/100 brn|[from] brn\n|upkeep\n|turn|7\n|inactive|grapplebeam has 30 seconds left.\n|inactive|grapplebeam has 20 seconds left.\n|inactive|grapplebeam has 15 seconds left.\n|inactive|grapplebeam has 10 seconds left.\n|\n|t:|1776525269\n|switch|p1a: Incineroar|Incineroar, L50, F|4/100\n|-ability|p1a: Incineroar|Intimidate|boost\n|-unboost|p2a: Delphox|atk|1\n|-unboost|p2b: Rotom|atk|1\n|move|p1b: Archaludon|Protect|p1b: Archaludon\n|-singleturn|p1b: Archaludon|Protect\n|move|p2a: Delphox|Nasty Plot|p2a: Delphox\n|-boost|p2a: Delphox|spa|2\n|move|p2b: Rotom|Hydro Pump|p1a: Incineroar|[miss]\n|-miss|p2b: Rotom|p1a: Incineroar\n|\n|-heal|p2b: Rotom|44/100|[from] item: Leftovers\n|-heal|p1b: Archaludon|16/100|[from] item: Leftovers\n|upkeep\n|turn|8\n|\n|t:|1776525287\n|move|p2a: Delphox|Protect|p2a: Delphox\n|-singleturn|p2a: Delphox|Protect\n|move|p2b: Rotom|Protect|p2b: Rotom\n|-singleturn|p2b: Rotom|Protect\n|move|p1a: Incineroar|Fake Out|p2a: Delphox\n|-activate|p2a: Delphox|move: Protect\n|move|p1b: Archaludon|Dragon Pulse|p2b: Rotom\n|-activate|p2b: Rotom|move: Protect\n|\n|-heal|p2b: Rotom|50/100|[from] item: Leftovers\n|-heal|p1b: Archaludon|22/100|[from] item: Leftovers\n|upkeep\n|turn|9\n|inactive|grapplebeam has 30 seconds left.\n|\n|t:|1776525314\n|move|p2a: Delphox|Heat Wave|p1a: Incineroar|[spread] p1a,p1b\n|-resisted|p1a: Incineroar|1\n|-damage|p1a: Incineroar|0 fnt\n|-damage|p1b: Archaludon|0 fnt\n|faint|p1a: Incineroar\n|faint|p1b: Archaludon\n|move|p2b: Rotom|Volt Switch|p1: Incineroar|[notarget]\n|-fail|p2b: Rotom\n|\n|-heal|p2b: Rotom|56/100|[from] item: Leftovers\n|upkeep\n|\n|t:|1776525318\n|switch|p1b: Manectric|Manectric-Mega, L50, M|53/100 brn\n|switch|p1a: Politoed|Politoed, L50, M|100/100\n|-ability|p1b: Manectric|Intimidate|boost\n|-unboost|p2a: Delphox|atk|1\n|-unboost|p2b: Rotom|atk|1\n|-weather|RainDance|[from] ability: Drizzle|[of] p1a: Politoed\n|turn|10\n|\n|t:|1776525332\n|move|p2a: Delphox|Protect|p2a: Delphox\n|-singleturn|p2a: Delphox|Protect\n|move|p1b: Manectric|Volt Switch|p2b: Rotom\n|-damage|p2b: Rotom|27/100\n|move|p2b: Rotom|Volt Switch|p1a: Politoed\n|-supereffective|p1a: Politoed|1\n|-damage|p1a: Politoed|72/100\n|\n|t:|1776525341\n|switch|p2b: Tyranitar|Tyranitar, L50, M|66/100|[from] Volt Switch\n|-weather|Sandstorm|[from] ability: Sand Stream|[of] p2b: Tyranitar\n|move|p1a: Politoed|Weather Ball|p2a: Delphox\n|-activate|p2a: Delphox|move: Protect\n|\n|-weather|Sandstorm|[upkeep]\n|-damage|p1b: Manectric|47/100 brn|[from] Sandstorm\n|-damage|p2a: Delphox|57/100|[from] Sandstorm\n|-damage|p1a: Politoed|66/100|[from] Sandstorm\n|-damage|p1b: Manectric|41/100 brn|[from] brn\n|upkeep\n|turn|11\n|c|\u2606TytaniumV|I FORGOT TAR WAS ALIVE\n|c|\u2606TytaniumV|omg\n|\n|t:|1776525364\n|move|p1b: Manectric|Protect|p1b: Manectric\n|-singleturn|p1b: Manectric|Protect\n|move|p2a: Delphox|Heat Wave|p1b: Manectric|[spread] p1a\n|-activate|p1b: Manectric|move: Protect\n|-resisted|p1a: Politoed|1\n|-damage|p1a: Politoed|48/100\n|-enditem|p1a: Politoed|Sitrus Berry|[eat]\n|-heal|p1a: Politoed|73/100|[from] item: Sitrus Berry\n|move|p1a: Politoed|Weather Ball|p2a: Delphox\n|-supereffective|p2a: Delphox|1\n|-damage|p2a: Delphox|15/100\n|move|p2b: Tyranitar|Rock Slide|p1a: Politoed|[spread] p1a\n|-activate|p1b: Manectric|move: Protect\n|-damage|p1a: Politoed|45/100\n|\n|-weather|Sandstorm|[upkeep]\n|-damage|p1b: Manectric|35/100 brn|[from] Sandstorm\n|-damage|p2a: Delphox|9/100|[from] Sandstorm\n|-damage|p1a: Politoed|39/100|[from] Sandstorm\n|-damage|p1b: Manectric|28/100 brn|[from] brn\n|upkeep\n|turn|12\n|\n|t:|1776525387\n|move|p2a: Delphox|Protect|p2a: Delphox\n|-singleturn|p2a: Delphox|Protect\n|move|p1b: Manectric|Snarl|p2b: Tyranitar|[spread] p2b\n|-activate|p2a: Delphox|move: Protect\n|-resisted|p2b: Tyranitar|1\n|-damage|p2b: Tyranitar|62/100\n|-unboost|p2b: Tyranitar|spa|1\n|move|p1a: Politoed|Weather Ball|p2b: Tyranitar\n|-damage|p2b: Tyranitar|50/100\n|move|p2b: Tyranitar|Knock Off|p1b: Manectric\n|-damage|p1b: Manectric|0 fnt\n|faint|p1b: Manectric\n|\n|-weather|Sandstorm|[upkeep]\n|-damage|p2a: Delphox|3/100|[from] Sandstorm\n|-damage|p1a: Politoed|33/100|[from] Sandstorm\n|upkeep\n|turn|13\n|c|\u2606grapplebeam|gg\n|-message|grapplebeam forfeited.\n|\n|win|TytaniumV\n|raw|grapplebeam's rating: 1414 &rarr; <strong>1391</strong><br />(-23 for losing)\n|raw|TytaniumV's rating: 1362 &rarr; <strong>1385</strong><br />(+23 for winning)\n|l|\u2606grapplebeam\n|player|p1|\n|c|\u2606TytaniumV|Gg\n",
  "uploadtime": 1776525407,
  "views": 25,
  "formatid": "gen9championsvgc2026regma",
  "rating": 1385,
  "private": 0,
  "password": null
}