{
  "id": "gen9championsvgc2026regma-2585301271",
  "format": "[Gen 9 Champions] VGC 2026 Reg M-A",
  "players": [
    "Curs3d119",
    "zawaray"
  ],
  "log": "|j|\u2606Curs3d119\n|j|\u2606zawaray\n|t:|1776335504\n|gametype|doubles\n|player|p1|Curs3d119|candice|1300\n|player|p2|zawaray|cynthia-gen4|1213\n|gen|9\n|tier|[Gen 9 Champions] VGC 2026 Reg M-A\n|rated|\n|rule|Species Clause: Limit one of each Pok\u00e9mon\n|rule|Item Clause: Limit 1 of each item\n|clearpoke\n|poke|p1|Froslass, L50, F|\n|poke|p1|Maushold, L50|\n|poke|p1|Garchomp, L50, M|\n|poke|p1|Sneasler, L50, F|\n|poke|p1|Milotic, L50, M|\n|poke|p1|Rotom-Frost, L50|\n|poke|p2|Incineroar, L50, M|\n|poke|p2|Venusaur, L50, F|\n|poke|p2|Whimsicott, L50, F|\n|poke|p2|Charizard, L50, M|\n|poke|p2|Garchomp, L50, M|\n|poke|p2|Sneasler, L50, F|\n|teampreview|4\n|\n|t:|1776335558\n|teamsize|p1|4\n|teamsize|p2|4\n|start\n|switch|p1a: Milotic|Milotic, L50, M, shiny|100/100\n|switch|p1b: Maushold|Maushold, L50|100/100\n|switch|p2a: Luis Miguel|Charizard, L50, M|100/100\n|switch|p2b: Amy Rose|Whimsicott, L50, F|100/100\n|turn|1\n|\n|t:|1776335577\n|move|p2a: Luis Miguel|Protect|p2a: Luis Miguel\n|-singleturn|p2a: Luis Miguel|Protect\n|move|p2b: Amy Rose|Tailwind|p2b: Amy Rose\n|-sidestart|p2: zawaray|move: Tailwind\n|move|p1b: Maushold|Super Fang|p2a: Luis Miguel\n|-activate|p2a: Luis Miguel|move: Protect\n|move|p1a: Milotic|Coil|p1a: Milotic\n|-boost|p1a: Milotic|atk|1\n|-boost|p1a: Milotic|def|1\n|-boost|p1a: Milotic|accuracy|1\n|\n|upkeep\n|turn|2\n|\n|t:|1776335603\n|switch|p2a: Kaiji|Incineroar, L50, M|100/100\n|-ability|p2a: Kaiji|Intimidate|boost\n|-unboost|p1a: Milotic|atk|1\n|-ability|p1a: Milotic|Competitive|boost\n|-boost|p1a: Milotic|spa|2\n|-unboost|p1b: Maushold|atk|1\n|move|p1b: Maushold|Follow Me|p1b: Maushold\n|-singleturn|p1b: Maushold|move: Follow Me\n|move|p2b: Amy Rose|Encore|p1b: Maushold\n|-start|p1b: Maushold|Encore\n|move|p1a: Milotic|Hypnosis|p2a: Kaiji\n|-status|p2a: Kaiji|slp|[from] move: Hypnosis\n|\n|upkeep\n|turn|3\n|\n|t:|1776335642\n|move|p1b: Maushold|Follow Me|p1b: Maushold\n|-singleturn|p1b: Maushold|move: Follow Me\n|move|p2b: Amy Rose|Sunny Day|p2b: Amy Rose\n|-weather|SunnyDay\n|cant|p2a: Kaiji|slp\n|move|p1a: Milotic|Hypnosis|p2b: Amy Rose\n|-status|p2b: Amy Rose|slp|[from] move: Hypnosis\n|\n|-weather|SunnyDay|[upkeep]\n|upkeep\n|turn|4\n|\n|t:|1776335656\n|move|p1b: Maushold|Follow Me|p1b: Maushold\n|-singleturn|p1b: Maushold|move: Follow Me\n|cant|p2b: Amy Rose|slp\n|cant|p2a: Kaiji|slp\n|move|p1a: Milotic|Coil|p1a: Milotic\n|-boost|p1a: Milotic|atk|1\n|-boost|p1a: Milotic|def|1\n|-boost|p1a: Milotic|accuracy|1\n|\n|-weather|SunnyDay|[upkeep]\n|-sideend|p2: zawaray|move: Tailwind\n|upkeep\n|turn|5\n|\n|t:|1776335669\n|move|p1b: Maushold|Follow Me|p1b: Maushold\n|-singleturn|p1b: Maushold|move: Follow Me\n|cant|p2b: Amy Rose|slp\n|move|p1a: Milotic|Scald|p2a: Kaiji\n|-supereffective|p2a: Kaiji|1\n|-damage|p2a: Kaiji|55/100 slp\n|-curestatus|p2a: Kaiji|slp|[msg]\n|move|p2a: Kaiji|Flare Blitz|p1b: Maushold\n|-damage|p1b: Maushold|9/100\n|-damage|p2a: Kaiji|28/100|[from] Recoil\n|-enditem|p2a: Kaiji|Sitrus Berry|[eat]\n|-heal|p2a: Kaiji|53/100|[from] item: Sitrus Berry\n|\n|-weather|SunnyDay|[upkeep]\n|-end|p1b: Maushold|Encore\n|upkeep\n|turn|6\n|\n|t:|1776335694\n|switch|p2a: Ivysaur!|Venusaur, L50, F|100/100\n|move|p1b: Maushold|Protect|p1b: Maushold\n|-singleturn|p1b: Maushold|Protect\n|-curestatus|p2b: Amy Rose|slp|[msg]\n|move|p2b: Amy Rose|Moonblast|p1b: Maushold\n|-activate|p1b: Maushold|move: Protect\n|move|p1a: Milotic|Hypnosis|p2b: Amy Rose\n|-status|p2b: Amy Rose|slp|[from] move: Hypnosis\n|\n|-weather|SunnyDay|[upkeep]\n|upkeep\n|turn|7\n|\n|t:|1776335735\n|move|p1b: Maushold|Follow Me|p1b: Maushold\n|-singleturn|p1b: Maushold|move: Follow Me\n|cant|p2b: Amy Rose|slp\n|move|p2a: Ivysaur!|Solar Beam||[still]\n|-prepare|p2a: Ivysaur!|Solar Beam\n|-anim|p2a: Ivysaur!|Solar Beam|p1b: Maushold\n|-damage|p1b: Maushold|0 fnt\n|faint|p1b: Maushold\n|move|p1a: Milotic|Hypnosis|p2a: Ivysaur!\n|-status|p2a: Ivysaur!|slp|[from] move: Hypnosis\n|\n|-weather|none\n|upkeep\n|\n|t:|1776335740\n|switch|p1b: Froslass|Froslass, L50, F|100/100\n|turn|8\n|\n|t:|1776335758\n|detailschange|p1b: Froslass|Froslass-Mega, L50, F\n|-mega|p1b: Froslass|Froslass|Froslassite\n|-weather|Snowscape|[from] ability: Snow Warning|[of] p1b: Froslass\n|cant|p2b: Amy Rose|slp\n|move|p1b: Froslass|Blizzard|p2b: Amy Rose|[spread] p2a,p2b\n|-supereffective|p2a: Ivysaur!|1\n|-supereffective|p2b: Amy Rose|1\n|-enditem|p2a: Ivysaur!|Focus Sash\n|-damage|p2a: Ivysaur!|1/100 slp\n|-damage|p2b: Amy Rose|0 fnt\n|faint|p2b: Amy Rose\n|cant|p2a: Ivysaur!|slp\n|move|p1a: Milotic|Scald|p2a: Ivysaur!\n|-resisted|p2a: Ivysaur!|1\n|-damage|p2a: Ivysaur!|0 fnt\n|faint|p2a: Ivysaur!\n|\n|-weather|Snowscape|[upkeep]\n|upkeep\n|\n|t:|1776335774\n|switch|p2b: Luis Miguel|Charizard, L50, M|100/100\n|switch|p2a: Kaiji|Incineroar, L50, M|53/100\n|-ability|p2a: Kaiji|Intimidate|boost\n|-unboost|p1a: Milotic|atk|1\n|-ability|p1a: Milotic|Competitive|boost\n|-boost|p1a: Milotic|spa|2\n|-unboost|p1b: Froslass|atk|1\n|turn|9\n|c|\u2606zawaray|what a team\n|\n|t:|1776335797\n|switch|p1b: Garchomp|Garchomp, L50, M|100/100\n|detailschange|p2b: Luis Miguel|Charizard-Mega-Y, L50, M\n|-mega|p2b: Luis Miguel|Charizard|Charizardite Y\n|-weather|SunnyDay|[from] ability: Drought|[of] p2b: Luis Miguel\n|move|p1a: Milotic|Protect|p1a: Milotic\n|-singleturn|p1a: Milotic|Protect\n|move|p2a: Kaiji|Fake Out|p1a: Milotic\n|-activate|p1a: Milotic|move: Protect\n|move|p2b: Luis Miguel|Solar Beam||[still]\n|-prepare|p2b: Luis Miguel|Solar Beam\n|-anim|p2b: Luis Miguel|Solar Beam|p1a: Milotic\n|-activate|p1a: Milotic|move: Protect\n|\n|-weather|SunnyDay|[upkeep]\n|upkeep\n|turn|10\n|c|\u2606zawaray|I'm so mad, gotta be honest with me hearth\n|c|\u2606zawaray|but you played perfectly\n|c|\u2606zawaray|gg\n|c|\u2606Curs3d119|gg\n|c|\u2606zawaray|has this tactic been consistent?\n|c|\u2606zawaray|maybe will borrow your team\n|c|\u2606Curs3d119|somewhat yeah\n|c|\u2606zawaray|makes sense\n|c|\u2606Curs3d119|feel free\n|\n|t:|1776335893\n|move|p1b: Garchomp|Rock Slide|p2a: Kaiji|[spread] p2a\n|-miss|p1b: Garchomp|p2b: Luis Miguel\n|-supereffective|p2a: Kaiji|1\n|-damage|p2a: Kaiji|21/100\n|move|p2b: Luis Miguel|Solar Beam||[still]\n|-prepare|p2b: Luis Miguel|Solar Beam\n|-anim|p2b: Luis Miguel|Solar Beam|p1a: Milotic\n|-supereffective|p1a: Milotic|1\n|-damage|p1a: Milotic|36/100\n|move|p1a: Milotic|Hypnosis|p2b: Luis Miguel\n|-status|p2b: Luis Miguel|slp|[from] move: Hypnosis\n|move|p2a: Kaiji|Will-O-Wisp|p1b: Garchomp\n|-status|p1b: Garchomp|brn\n|\n|-weather|SunnyDay|[upkeep]\n|-heal|p1a: Milotic|42/100|[from] item: Leftovers\n|-damage|p1b: Garchomp|95/100 brn|[from] brn\n|upkeep\n|turn|11\n|c|\u2606Curs3d119|im not sure about r-frost myself so maybe change that\n|c|\u2606zawaray|I think I should have not bringed inci to milotic\n|\n|t:|1776335933\n|move|p1b: Garchomp|Rock Slide|p2a: Kaiji|[spread] p2a,p2b\n|-supereffective|p2a: Kaiji|1\n|-supereffective|p2b: Luis Miguel|2\n|-damage|p2a: Kaiji|6/100\n|-damage|p2b: Luis Miguel|44/100 slp\n|cant|p2b: Luis Miguel|slp\n|move|p1a: Milotic|Scald|p2b: Luis Miguel\n|-supereffective|p2b: Luis Miguel|1\n|-damage|p2b: Luis Miguel|0 fnt\n|faint|p2b: Luis Miguel\n|move|p2a: Kaiji|Parting Shot|p1b: Garchomp\n|-unboost|p1b: Garchomp|atk|1\n|-unboost|p1b: Garchomp|spa|1\n|\n|-weather|SunnyDay|[upkeep]\n|-heal|p1a: Milotic|48/100|[from] item: Leftovers\n|-damage|p1b: Garchomp|89/100 brn|[from] brn\n|upkeep\n|turn|12\n|c|\u2606zawaray|ow man yeah gg, I'm super mad\n|c|\u2606Curs3d119|thats why i have it, punishes the mon that otherwise hard walls froslass\n|c|\u2606zawaray|have a nice day\n|c|\u2606Curs3d119|u2\n|-message|zawaray forfeited.\n|\n|win|Curs3d119\n|raw|Curs3d119's rating: 1300 &rarr; <strong>1319</strong><br />(+19 for winning)\n|raw|zawaray's rating: 1213 &rarr; <strong>1194</strong><br />(-19 for losing)\n|l|\u2606zawaray\n|player|p2|\n",
  "uploadtime": 1776335963,
  "views": 25,
  "formatid": "gen9championsvgc2026regma",
  "rating": 1194,
  "private": 0,
  "password": null
}