{
  "id": "gen9championsvgc2026regma-2580805837",
  "format": "[Gen 9 Champions] VGC 2026 Reg M-A",
  "players": [
    "worenpeace",
    "Xornst"
  ],
  "log": "|j|\u2606worenpeace\n|j|\u2606Xornst\n|t:|1775933951\n|gametype|doubles\n|player|p1|worenpeace|101|1087\n|player|p2|Xornst|101|1041\n|gen|9\n|tier|[Gen 9 Champions] VGC 2026 Reg M-A\n|rated|\n|rule|Species Clause: Limit one of each Pok\u00e9mon\n|rule|Item Clause: Limit 1 of each item\n|clearpoke\n|poke|p1|Incineroar, L50, F|\n|poke|p1|Sinistcha, L50|\n|poke|p1|Garchomp, L50, F|\n|poke|p1|Rotom-Wash, L50|\n|poke|p1|Gardevoir, L50, M|\n|poke|p1|Whimsicott, L50, F|\n|poke|p2|Starmie, L50|\n|poke|p2|Sneasler, L50, F|\n|poke|p2|Kingambit, L50, F|\n|poke|p2|Sylveon, L50, F|\n|poke|p2|Incineroar, L50, M|\n|poke|p2|Sinistcha, L50|\n|teampreview|4\n|inactive|Battle timer is ON: inactive players will automatically lose when time's up. (requested by worenpeace)\nXornst has agreed to open team sheets.\n|inactive|worenpeace has 60 seconds left.\n|inactive|Xornst has 60 seconds left.\n|\n|t:|1775933998\n|teamsize|p1|4\n|teamsize|p2|4\n|start\n|switch|p1a: Rotom|Rotom-Wash, L50, shiny|100/100\n|switch|p1b: Garchomp|Garchomp, L50, F, shiny|100/100\n|switch|p2a: Starmie|Starmie, L50|100/100\n|switch|p2b: Sneasler|Sneasler, L50, F|100/100\n|turn|1\n|inactive|Xornst has 30 seconds left.\n|\n|t:|1775934030\n|detailschange|p2a: Starmie|Starmie-Mega, L50\n|-mega|p2a: Starmie|Starmie|Starminite\n|move|p1b: Garchomp|Protect|p1b: Garchomp\n|-singleturn|p1b: Garchomp|Protect\n|move|p2b: Sneasler|Fake Out|p1a: Rotom\n|-damage|p1a: Rotom|81/100\n|move|p2a: Starmie|Substitute|p2a: Starmie\n|-start|p2a: Starmie|Substitute\n|-damage|p2a: Starmie|75/100\n|cant|p1a: Rotom|flinch\n|\n|upkeep\n|turn|2\n|inactive|Xornst has 30 seconds left.\n|\n|t:|1775934062\n|switch|p2b: Incineroar|Incineroar, L50, M|100/100\n|-ability|p2b: Incineroar|Intimidate|boost\n|-unboost|p1a: Rotom|atk|1\n|-unboost|p1b: Garchomp|atk|1\n|switch|p1b: Incineroar|Incineroar, L50, F, shiny|100/100\n|-ability|p1b: Incineroar|Intimidate|boost\n|-immune|p2a: Starmie\n|-unboost|p2b: Incineroar|atk|1\n|move|p2a: Starmie|Protect|p2a: Starmie\n|-singleturn|p2a: Starmie|Protect\n|move|p1a: Rotom|Nasty Plot|p1a: Rotom\n|-boost|p1a: Rotom|spa|2\n|\n|upkeep\n|turn|3\n|inactive|worenpeace has 30 seconds left.\n|inactive|Xornst has 30 seconds left.\n|\n|t:|1775934095\n|switch|p1b: Sinistcha|Sinistcha, L50, shiny|100/100\n|-heal|p1a: Rotom|100/100|[from] ability: Hospitality|[of] p1b: Sinistcha\n|move|p1a: Rotom|Protect|p1a: Rotom\n|-singleturn|p1a: Rotom|Protect\n|move|p2b: Incineroar|Fake Out|p1a: Rotom\n|-activate|p1a: Rotom|move: Protect\n|move|p2a: Starmie|Liquidation|p1b: Sinistcha\n|-resisted|p1b: Sinistcha|1\n|-damage|p1b: Sinistcha|74/100\n|\n|-heal|p1b: Sinistcha|80/100|[from] item: Leftovers\n|upkeep\n|turn|4\n|inactive|Xornst has 30 seconds left.\n|inactive|Xornst has 20 seconds left.\n|inactive|Xornst has 15 seconds left.\n|inactive|Xornst has 10 seconds left.\n|inactive|Xornst has 5 seconds left.\n|\n|t:|1775934147\n|move|p2a: Starmie|Zen Headbutt|p1a: Rotom\n|-damage|p1a: Rotom|0 fnt\n|faint|p1a: Rotom\n|move|p1b: Sinistcha|Matcha Gotcha|p2b: Incineroar|[spread] p2a,p2b\n|-supereffective|p2a: Starmie|1\n|-end|p2a: Starmie|Substitute\n|-heal|p1b: Sinistcha|90/100|[from] drain|[of] p2a: Starmie\n|-resisted|p2b: Incineroar|1\n|-damage|p2b: Incineroar|90/100\n|-heal|p1b: Sinistcha|96/100|[from] drain|[of] p2b: Incineroar\n|move|p2b: Incineroar|Flare Blitz|p1b: Sinistcha\n|-supereffective|p1b: Sinistcha|1\n|-damage|p1b: Sinistcha|39/100\n|-damage|p2b: Incineroar|73/100|[from] Recoil\n|\n|-heal|p1b: Sinistcha|45/100|[from] item: Leftovers\n|upkeep\n|\n|t:|1775934166\n|switch|p1a: Incineroar|Incineroar, L50, F, shiny|100/100\n|-ability|p1a: Incineroar|Intimidate|boost\n|-unboost|p2a: Starmie|atk|1\n|-unboost|p2b: Incineroar|atk|1\n|turn|5\n|\n|t:|1775934190\n|switch|p2a: Sneasler|Sneasler, L50, F|100/100\n|switch|p1b: Garchomp|Garchomp, L50, F, shiny|100/100\n|move|p1a: Incineroar|Fake Out|p2b: Incineroar\n|-damage|p2b: Incineroar|59/100\n|cant|p2b: Incineroar|flinch\n|\n|upkeep\n|turn|6\n|\n|t:|1775934213\n|switch|p1b: Sinistcha|Sinistcha, L50, shiny|45/100\n|switch|p2b: Starmie|Starmie-Mega, L50|75/100\n|move|p2a: Sneasler|Fake Out|p1b: Sinistcha\n|-immune|p1b: Sinistcha\n|move|p1a: Incineroar|Parting Shot|p2a: Sneasler\n|-unboost|p2a: Sneasler|atk|1\n|-unboost|p2a: Sneasler|spa|1\n|\n|t:|1775934224\n|switch|p1a: Garchomp|Garchomp, L50, F, shiny|100/100|[from] Parting Shot\n|\n|-heal|p1b: Sinistcha|51/100|[from] item: Leftovers\n|upkeep\n|turn|7\n|inactive|Xornst has 30 seconds left.\n|\n|t:|1775934251\n|detailschange|p1a: Garchomp|Garchomp-Mega, L50, F, shiny\n|-mega|p1a: Garchomp|Garchomp|Garchompite\n|move|p1b: Sinistcha|Rage Powder|p1b: Sinistcha\n|-singleturn|p1b: Sinistcha|move: Rage Powder\n|move|p2a: Sneasler|Coaching|p2b: Starmie\n|-boost|p2b: Starmie|atk|1\n|-boost|p2b: Starmie|def|1\n|move|p2b: Starmie|Liquidation|p1b: Sinistcha\n|-resisted|p1b: Sinistcha|1\n|-damage|p1b: Sinistcha|6/100\n|move|p1a: Garchomp|Earthquake|p2a: Sneasler|[spread] p1b,p2a,p2b\n|-resisted|p1b: Sinistcha|1\n|-supereffective|p2a: Sneasler|1\n|-damage|p1b: Sinistcha|0 fnt\n|-enditem|p2a: Sneasler|Focus Sash\n|-damage|p2a: Sneasler|1/100\n|-damage|p2b: Starmie|36/100\n|faint|p1b: Sinistcha\n|\n|upkeep\n|\n|t:|1775934269\n|switch|p1b: Incineroar|Incineroar, L50, F, shiny|100/100\n|-ability|p1b: Incineroar|Intimidate|boost\n|-unboost|p2a: Sneasler|atk|1\n|-unboost|p2b: Starmie|atk|1\n|turn|8\n|\n|t:|1775934290\n|move|p2b: Starmie|Protect|p2b: Starmie\n|-singleturn|p2b: Starmie|Protect\n|move|p1b: Incineroar|Fake Out|p2b: Starmie\n|-activate|p2b: Starmie|move: Protect\n|move|p2a: Sneasler|Close Combat|p1b: Incineroar\n|-supereffective|p1b: Incineroar|1\n|-damage|p1b: Incineroar|34/100\n|-unboost|p2a: Sneasler|def|1\n|-unboost|p2a: Sneasler|spd|1\n|-enditem|p1b: Incineroar|Sitrus Berry|[eat]\n|-heal|p1b: Incineroar|59/100|[from] item: Sitrus Berry\n|move|p1a: Garchomp|Swords Dance|p1a: Garchomp\n|-boost|p1a: Garchomp|atk|2\n|\n|upkeep\n|turn|9\n|inactive|Xornst has 30 seconds left.\n|\n|t:|1775934317\n|move|p1a: Garchomp|Protect|p1a: Garchomp\n|-singleturn|p1a: Garchomp|Protect\n|move|p2a: Sneasler|Coaching|p2b: Starmie\n|-boost|p2b: Starmie|atk|1\n|-boost|p2b: Starmie|def|1\n|move|p2b: Starmie|Liquidation|p1a: Garchomp\n|-activate|p1a: Garchomp|move: Protect\n|move|p1b: Incineroar|Darkest Lariat|p2b: Starmie\n|-supereffective|p2b: Starmie|1\n|-damage|p2b: Starmie|0 fnt\n|faint|p2b: Starmie\n|\n|upkeep\n|\n|t:|1775934328\n|switch|p2b: Sylveon|Sylveon, L50, F|100/100\n|turn|10\n|\n|t:|1775934337\n|move|p2a: Sneasler|Rock Slide|p1a: Garchomp|[spread] p1a,p1b\n|-resisted|p1a: Garchomp|1\n|-supereffective|p1b: Incineroar|1\n|-damage|p1a: Garchomp|97/100\n|-damage|p1b: Incineroar|39/100\n|move|p1a: Garchomp|Earthquake|p2b: Sylveon|[spread] p1b,p2a,p2b\n|-supereffective|p1b: Incineroar|1\n|-supereffective|p2a: Sneasler|1\n|-damage|p1b: Incineroar|0 fnt\n|-damage|p2a: Sneasler|0 fnt\n|-damage|p2b: Sylveon|0 fnt\n|faint|p1b: Incineroar\n|faint|p2a: Sneasler\n|faint|p2b: Sylveon\n|\n|upkeep\n|\n|t:|1775934348\n|switch|p2a: Incineroar|Incineroar, L50, M|59/100\n|-ability|p2a: Incineroar|Intimidate|boost\n|-unboost|p1a: Garchomp|atk|1\n|turn|11\n|\n|t:|1775934353\n|move|p2a: Incineroar|Fake Out|p1a: Garchomp\n|-damage|p1a: Garchomp|85/100\n|cant|p1a: Garchomp|flinch\n|\n|upkeep\n|turn|12\n|\n|t:|1775934368\n|move|p1a: Garchomp|Earthquake|p2a: Incineroar\n|-supereffective|p2a: Incineroar|1\n|-damage|p2a: Incineroar|0 fnt\n|faint|p2a: Incineroar\n|\n|win|worenpeace\n|raw|worenpeace's rating: 1087 &rarr; <strong>1110</strong><br />(+23 for winning)\n|raw|Xornst's rating: 1041 &rarr; <strong>1027</strong><br />(-14 for losing)\n",
  "uploadtime": 1775934374,
  "views": 17,
  "formatid": "gen9championsvgc2026regma",
  "rating": 1027,
  "private": 0,
  "password": null
}