{
  "id": "gen9championsvgc2026regma-2585399299",
  "format": "[Gen 9 Champions] VGC 2026 Reg M-A",
  "players": [
    "Echlics",
    "Munchlaxxxed"
  ],
  "log": "|j|\u2606Echlics\n|j|\u2606Munchlaxxxed\n|t:|1776344460\n|gametype|doubles\n|player|p1|Echlics|hilda-wonderlauncher|1218\n|player|p2|Munchlaxxxed|265|1308\n|gen|9\n|tier|[Gen 9 Champions] VGC 2026 Reg M-A\n|rated|\n|rule|Species Clause: Limit one of each Pok\u00e9mon\n|rule|Item Clause: Limit 1 of each item\n|clearpoke\n|poke|p1|Corviknight, L50, M|\n|poke|p1|Primarina, L50, F|\n|poke|p1|Sinistcha, L50|\n|poke|p1|Excadrill, L50, M|\n|poke|p1|Tyranitar, L50, M|\n|poke|p1|Incineroar, L50, M|\n|poke|p2|Aerodactyl, L50, M|\n|poke|p2|Charizard, L50, F|\n|poke|p2|Venusaur, L50, F|\n|poke|p2|Aegislash, L50, F|\n|poke|p2|Sneasler, L50, F|\n|poke|p2|Milotic, L50, M|\n|teampreview|4\n|\n|t:|1776344499\n|teamsize|p1|4\n|teamsize|p2|4\n|start\n|switch|p1a: Corviknight|Corviknight, L50, M|100/100\n|switch|p1b: Sinistcha|Sinistcha, L50|100/100\n|switch|p2a: Sneasler|Sneasler, L50, F|100/100\n|switch|p2b: Charizard|Charizard, L50, F|100/100\n|turn|1\n|inactive|Battle timer is ON: inactive players will automatically lose when time's up. (requested by Echlics)\n|\n|t:|1776344524\n|switch|p1b: Tyranitar|Tyranitar, L50, M|100/100\n|-weather|Sandstorm|[from] ability: Sand Stream|[of] p1b: Tyranitar\n|detailschange|p2b: Charizard|Charizard-Mega-Y, L50, F\n|-mega|p2b: Charizard|Charizard|Charizardite Y\n|-weather|SunnyDay|[from] ability: Drought|[of] p2b: Charizard\n|move|p2a: Sneasler|Acid Spray|p1b: Tyranitar\n|-resisted|p1b: Tyranitar|1\n|-crit|p1b: Tyranitar\n|-damage|p1b: Tyranitar|96/100\n|-unboost|p1b: Tyranitar|spd|2\n|move|p2b: Charizard|Heat Wave|p1b: Tyranitar|[spread] p1a,p1b\n|-supereffective|p1a: Corviknight|1\n|-resisted|p1b: Tyranitar|1\n|-crit|p1b: Tyranitar\n|-damage|p1a: Corviknight|4/100\n|-damage|p1b: Tyranitar|15/100\n|move|p1a: Corviknight|Brave Bird|p2a: Sneasler\n|-supereffective|p2a: Sneasler|1\n|-damage|p2a: Sneasler|0 fnt\n|faint|p2a: Sneasler\n|-damage|p1a: Corviknight|0 fnt|[from] Recoil\n|faint|p1a: Corviknight\n|\n|-weather|SunnyDay|[upkeep]\n|upkeep\n|\n|t:|1776344543\n|switch|p2a: Milotic|Milotic, L50, M|100/100\n|switch|p1a: Sinistcha|Sinistcha, L50|100/100\n|-heal|p1b: Tyranitar|40/100|[from] ability: Hospitality|[of] p1a: Sinistcha\n|turn|2\n|\n|t:|1776344553\n|detailschange|p1b: Tyranitar|Tyranitar-Mega, L50, M\n|-mega|p1b: Tyranitar|Tyranitar|Tyranitarite\n|-weather|Sandstorm|[from] ability: Sand Stream|[of] p1b: Tyranitar\n|move|p2b: Charizard|Protect|p2b: Charizard\n|-singleturn|p2b: Charizard|Protect\n|move|p1b: Tyranitar|Protect|p1b: Tyranitar\n|-singleturn|p1b: Tyranitar|Protect\n|move|p2a: Milotic|Coil|p2a: Milotic\n|-boost|p2a: Milotic|atk|1\n|-boost|p2a: Milotic|def|1\n|-boost|p2a: Milotic|accuracy|1\n|move|p1a: Sinistcha|Trick Room|p1a: Sinistcha\n|-fieldstart|move: Trick Room|[of] p1a: Sinistcha\n|\n|-weather|Sandstorm|[upkeep]\n|-damage|p1a: Sinistcha|94/100|[from] Sandstorm\n|-damage|p2a: Milotic|94/100|[from] Sandstorm\n|-damage|p2b: Charizard|95/100|[from] Sandstorm\n|-heal|p2a: Milotic|100/100|[from] item: Leftovers\n|upkeep\n|turn|3\n|\n|t:|1776344570\n|switch|p2b: Venusaur|Venusaur, L50, F|100/100\n|move|p1a: Sinistcha|Matcha Gotcha|p2b: Venusaur|[spread] p2a,p2b\n|-supereffective|p2a: Milotic|1\n|-resisted|p2b: Venusaur|2\n|-damage|p2a: Milotic|57/100\n|-heal|p1a: Sinistcha|100/100|[from] drain|[of] p2a: Milotic\n|-damage|p2b: Venusaur|92/100\n|-status|p2a: Milotic|brn\n|-status|p2b: Venusaur|brn\n|move|p1b: Tyranitar|Rock Slide|p2a: Milotic|[spread] p2a\n|-miss|p1b: Tyranitar|p2b: Venusaur\n|-damage|p2a: Milotic|38/100 brn\n|cant|p2a: Milotic|flinch\n|\n|-weather|Sandstorm|[upkeep]\n|-damage|p1a: Sinistcha|94/100|[from] Sandstorm\n|-damage|p2a: Milotic|32/100 brn|[from] Sandstorm\n|-damage|p2b: Venusaur|86/100 brn|[from] Sandstorm\n|-heal|p2a: Milotic|38/100 brn|[from] item: Leftovers\n|-damage|p2a: Milotic|32/100 brn|[from] brn\n|-damage|p2b: Venusaur|80/100 brn|[from] brn\n|upkeep\n|turn|4\n|inactive|Echlics has 30 seconds left.\n|inactive|Munchlaxxxed has 30 seconds left.\n|\n|t:|1776344600\n|move|p1a: Sinistcha|Rage Powder|p1a: Sinistcha\n|-singleturn|p1a: Sinistcha|move: Rage Powder\n|move|p1b: Tyranitar|Rock Slide|p2a: Milotic|[spread] p2a,p2b\n|-damage|p2a: Milotic|12/100 brn\n|-damage|p2b: Venusaur|25/100 brn\n|move|p2a: Milotic|Recover|p2a: Milotic\n|-heal|p2a: Milotic|62/100 brn\n|move|p2b: Venusaur|Leaf Storm|p1b: Tyranitar\n|-supereffective|p1b: Tyranitar|1\n|-damage|p1b: Tyranitar|0 fnt\n|-unboost|p2b: Venusaur|spa|2\n|faint|p1b: Tyranitar\n|\n|-weather|Sandstorm|[upkeep]\n|-damage|p1a: Sinistcha|88/100|[from] Sandstorm\n|-damage|p2a: Milotic|56/100 brn|[from] Sandstorm\n|-damage|p2b: Venusaur|19/100 brn|[from] Sandstorm\n|-heal|p2a: Milotic|62/100 brn|[from] item: Leftovers\n|-damage|p2a: Milotic|56/100 brn|[from] brn\n|-damage|p2b: Venusaur|13/100 brn|[from] brn\n|upkeep\n|\n|t:|1776344610\n|switch|p1b: Excadrill|Excadrill, L50, M|100/100\n|turn|5\n|\n|t:|1776344620\n|move|p1a: Sinistcha|Matcha Gotcha|p2a: Milotic|[spread] p2a,p2b\n|-supereffective|p2a: Milotic|1\n|-resisted|p2b: Venusaur|2\n|-damage|p2a: Milotic|11/100 brn\n|-heal|p1a: Sinistcha|100/100|[from] drain|[of] p2a: Milotic\n|-damage|p2b: Venusaur|4/100 brn\n|move|p2a: Milotic|Muddy Water|p1a: Sinistcha|[spread] p1a,p1b\n|-resisted|p1a: Sinistcha|1\n|-supereffective|p1b: Excadrill|1\n|-damage|p1a: Sinistcha|87/100\n|-damage|p1b: Excadrill|33/100\n|move|p2b: Venusaur|Sludge Bomb|p1a: Sinistcha\n|-damage|p1a: Sinistcha|65/100\n|-status|p1a: Sinistcha|psn\n|move|p1b: Excadrill|High Horsepower|p2a: Milotic\n|-damage|p2a: Milotic|0 fnt\n|faint|p2a: Milotic\n|\n|-weather|Sandstorm|[upkeep]\n|-damage|p1a: Sinistcha|59/100 psn|[from] Sandstorm\n|-damage|p2b: Venusaur|0 fnt|[from] Sandstorm\n|faint|p2b: Venusaur\n|-damage|p1a: Sinistcha|47/100 psn|[from] psn\n|upkeep\n|\n|t:|1776344633\n|switch|p2b: Charizard|Charizard-Mega-Y, L50, F|95/100\n|-weather|SunnyDay|[from] ability: Drought|[of] p2b: Charizard\n|turn|6\n|\n|t:|1776344650\n|move|p2b: Charizard|Protect|p2b: Charizard\n|-singleturn|p2b: Charizard|Protect\n|move|p1a: Sinistcha|Strength Sap|p2b: Charizard\n|-activate|p2b: Charizard|move: Protect\n|move|p1b: Excadrill|Iron Head|p2b: Charizard\n|-activate|p2b: Charizard|move: Protect\n|\n|-weather|SunnyDay|[upkeep]\n|-damage|p1a: Sinistcha|34/100 psn|[from] psn\n|-fieldend|move: Trick Room\n|upkeep\n|turn|7\n|-message|Echlics forfeited.\n|\n|win|Munchlaxxxed\n|raw|Echlics's rating: 1218 &rarr; <strong>1199</strong><br />(-19 for losing)\n|raw|Munchlaxxxed's rating: 1308 &rarr; <strong>1323</strong><br />(+15 for winning)\n|l|\u2606Echlics\n|player|p1|\n",
  "uploadtime": 1776344659,
  "views": 21,
  "formatid": "gen9championsvgc2026regma",
  "rating": 1199,
  "private": 0,
  "password": null
}