{
  "id": "gen9championsvgc2026regma-2584047732",
  "format": "[Gen 9 Champions] VGC 2026 Reg M-A",
  "players": [
    "grave orb",
    "Rusano"
  ],
  "log": "|j|\u2606grave orb\n|j|\u2606Rusano\n|t:|1776219956\n|gametype|doubles\n|player|p1|grave orb|rood|1079\n|player|p2|Rusano|ghetsis-gen5bw|1106\n|gen|9\n|tier|[Gen 9 Champions] VGC 2026 Reg M-A\n|rated|\n|rule|Species Clause: Limit one of each Pok\u00e9mon\n|rule|Item Clause: Limit 1 of each item\n|clearpoke\n|poke|p1|Hatterene, L50, F|\n|poke|p1|Oranguru, L50, M|\n|poke|p1|Golurk, L50|\n|poke|p1|Torkoal, L50, M|\n|poke|p1|Hydreigon, L50, F|\n|poke|p1|Sneasler, L50, M|\n|poke|p2|Tyranitar, L50, F|\n|poke|p2|Farigiraf, L50, M|\n|poke|p2|Kingambit, L50, M|\n|poke|p2|Aegislash, L50, M|\n|poke|p2|Sinistcha, L50|\n|poke|p2|Floette-Eternal, L50, F|\n|teampreview|4\n|inactive|Battle timer is ON: inactive players will automatically lose when time's up. (requested by Rusano)\nRusano has agreed to open team sheets.\n|inactive|Rusano has 60 seconds left.\n|\n|t:|1776220013\n|teamsize|p1|4\n|teamsize|p2|4\n|start\n|switch|p1a: Oranguru|Oranguru, L50, M|100/100\n|switch|p1b: Torkoal|Torkoal, L50, M|100/100\n|switch|p2a: godzilla|Tyranitar, L50, F, shiny|100/100\n|switch|p2b: hypervoice|Farigiraf, L50, M, shiny|100/100\n|-weather|Sandstorm|[from] ability: Sand Stream|[of] p2a: godzilla\n|-weather|SunnyDay|[from] ability: Drought|[of] p1b: Torkoal\n|turn|1\n|\n|t:|1776220036\n|detailschange|p2a: godzilla|Tyranitar-Mega, L50, F, shiny\n|-mega|p2a: godzilla|Tyranitar|Tyranitarite\n|-weather|Sandstorm|[from] ability: Sand Stream|[of] p2a: godzilla\n|move|p2b: hypervoice|Helping Hand|p2a: godzilla\n|-singleturn|p2a: godzilla|Helping Hand|[of] p2b: hypervoice\n|move|p1a: Oranguru|Protect|p1a: Oranguru\n|-singleturn|p1a: Oranguru|Protect\n|move|p2a: godzilla|Rock Slide|p1b: Torkoal|[spread] p1b\n|-activate|p1a: Oranguru|move: Protect\n|-supereffective|p1b: Torkoal|1\n|-damage|p1b: Torkoal|19/100\n|move|p1b: Torkoal|Heat Wave|p2b: hypervoice|[spread] p2a,p2b\n|-resisted|p2a: godzilla|1\n|-damage|p2a: godzilla|91/100\n|-damage|p2b: hypervoice|70/100\n|\n|-weather|Sandstorm|[upkeep]\n|-damage|p1a: Oranguru|94/100|[from] Sandstorm\n|-damage|p2b: hypervoice|64/100|[from] Sandstorm\n|-damage|p1b: Torkoal|13/100|[from] Sandstorm\n|upkeep\n|turn|2\n|\n|t:|1776220056\n|move|p2a: godzilla|Knock Off|p1a: Oranguru\n|-supereffective|p1a: Oranguru|1\n|-damage|p1a: Oranguru|0 fnt\n|-enditem|p1a: Oranguru|Mental Herb|[from] move: Knock Off|[of] p2a: godzilla\n|faint|p1a: Oranguru\n|move|p1b: Torkoal|Heat Wave|p2b: hypervoice|[spread] p2a,p2b\n|-resisted|p2a: godzilla|1\n|-damage|p2a: godzilla|81/100\n|-damage|p2b: hypervoice|30/100\n|move|p2b: hypervoice|Trick Room|p2b: hypervoice\n|-fieldstart|move: Trick Room|[of] p2b: hypervoice\n|\n|-weather|Sandstorm|[upkeep]\n|-damage|p1b: Torkoal|7/100|[from] Sandstorm\n|-damage|p2b: hypervoice|23/100|[from] Sandstorm\n|upkeep\n|\n|t:|1776220072\n|switch|p1a: Golurk|Golurk, L50|100/100\n|turn|3\n|inactive|Rusano has 30 seconds left.\n|\n|t:|1776220100\n|detailschange|p1a: Golurk|Golurk-Mega, L50\n|-mega|p1a: Golurk|Golurk|Golurkite\n|move|p2a: godzilla|Protect|p2a: godzilla\n|-singleturn|p2a: godzilla|Protect\n|move|p1b: Torkoal|Heat Wave|p2b: hypervoice|[spread] p2b\n|-activate|p2a: godzilla|move: Protect\n|-damage|p2b: hypervoice|0 fnt\n|faint|p2b: hypervoice\n|move|p1a: Golurk|Drain Punch|p2a: godzilla\n|-supereffective|p2a: godzilla|2\n|-ability|p1a: Golurk|Unseen Fist\n|-zbroken|p2a: godzilla\n|-damage|p2a: godzilla|60/100\n|\n|-weather|Sandstorm|[upkeep]\n|-damage|p1b: Torkoal|0 fnt|[from] Sandstorm\n|faint|p1b: Torkoal\n|upkeep\n|\n|t:|1776220121\n|switch|p1b: Hydreigon|Hydreigon, L50, F|100/100\n|switch|p2b: performative|Sinistcha, L50, shiny|100/100\n|-heal|p2a: godzilla|85/100|[from] ability: Hospitality|[of] p2b: performative\n|turn|4\n|\n|t:|1776220134\n|move|p2b: performative|Rage Powder|p2b: performative\n|-singleturn|p2b: performative|move: Rage Powder\n|move|p1a: Golurk|Drain Punch|p2b: performative\n|-immune|p2b: performative\n|move|p2a: godzilla|Low Kick|p1b: Hydreigon\n|-supereffective|p1b: Hydreigon|1\n|-damage|p1b: Hydreigon|0 fnt\n|faint|p1b: Hydreigon\n|\n|-weather|Sandstorm|[upkeep]\n|-damage|p2b: performative|94/100|[from] Sandstorm\n|upkeep\n|turn|5\n|c|\u2606grave orb|LMAO\n|c|\u2606grave orb|Nice nickname on matcha\n|c|\u2606Rusano|:D\n|c|\u2606Rusano|tyty\n|\n|t:|1776220153\n|move|p1a: Golurk|Drain Punch|p2a: godzilla\n|-supereffective|p2a: godzilla|2\n|-damage|p2a: godzilla|0 fnt\n|faint|p2a: godzilla\n|move|p2b: performative|Matcha Gotcha|p1a: Golurk\n|-supereffective|p1a: Golurk|1\n|-damage|p1a: Golurk|42/100\n|-heal|p2b: performative|100/100|[from] drain|[of] p1a: Golurk\n|\n|-weather|none\n|upkeep\n|c|\u2606grave orb|Gg\n|c|\u2606Rusano|he is performative\n|\n|t:|1776220161\n|switch|p2a: excalibur|Aegislash, L50, M, shiny|100/100\n|turn|6\n|\n|t:|1776220169\n|move|p2b: performative|Rage Powder|p2b: performative\n|-singleturn|p2b: performative|move: Rage Powder\n|move|p1a: Golurk|Headlong Rush|p2b: performative\n|-resisted|p2b: performative|1\n|-damage|p2b: performative|65/100\n|-unboost|p1a: Golurk|def|1\n|-unboost|p1a: Golurk|spd|1\n|-formechange|p2a: excalibur|Aegislash-Blade|\n|move|p2a: excalibur|Shadow Ball|p1a: Golurk\n|-supereffective|p1a: Golurk|1\n|-crit|p1a: Golurk\n|-damage|p1a: Golurk|0 fnt\n|faint|p1a: Golurk\n|\n|win|Rusano\n|raw|grave orb's rating: 1079 &rarr; <strong>1059</strong><br />(-20 for losing)\n|raw|Rusano's rating: 1106 &rarr; <strong>1129</strong><br />(+23 for winning)\n|l|\u2606grave orb\n|player|p1|\n|c|\u2606Rusano|ggs\n",
  "uploadtime": 1776220181,
  "views": 16,
  "formatid": "gen9championsvgc2026regma",
  "rating": 1059,
  "private": 0,
  "password": null
}