{
  "id": "gen9championsvgc2026regma-2581292618",
  "format": "[Gen 9 Champions] VGC 2026 Reg M-A",
  "players": [
    "morkemon",
    "Despairing Sadness"
  ],
  "log": "|j|\u2606morkemon\n|j|\u203dDespairing Sadness\n|t:|1775982359\n|gametype|doubles\n|player|p1|morkemon|biker-gen4|1048\n|player|p2|Despairing Sadness|skier|1071\n|gen|9\n|tier|[Gen 9 Champions] VGC 2026 Reg M-A\n|rated|\n|rule|Species Clause: Limit one of each Pok\u00e9mon\n|rule|Item Clause: Limit 1 of each item\n|clearpoke\n|poke|p1|Kingambit, L50, F|\n|poke|p1|Froslass, L50, F|\n|poke|p1|Tauros-Paldea-Aqua, L50, M|\n|poke|p1|Pelipper, L50, F|\n|poke|p1|Farigiraf, L50, F|\n|poke|p1|Sinistcha, L50|\n|poke|p2|Gardevoir, L50, F|\n|poke|p2|Garchomp, L50, M|\n|poke|p2|Sneasler, L50, M|\n|poke|p2|Gyarados, L50, F|\n|poke|p2|Sinistcha, L50|\n|poke|p2|Charizard, L50, M|\n|teampreview|4\n|inactive|Battle timer is ON: inactive players will automatically lose when time's up. (requested by Despairing Sadness)\n|\n|t:|1775982400\n|teamsize|p1|4\n|teamsize|p2|4\n|start\n|switch|p1a: Im gonna mega|Froslass, L50, F|100/100\n|switch|p1b: Tam Tam|Tauros-Paldea-Aqua, L50, M|100/100\n|switch|p2a: Gardevoir|Gardevoir, L50, F, shiny|100/100\n|switch|p2b: Garchomp|Garchomp, L50, M, shiny|100/100\n|-ability|p2a: Gardevoir|Anger Point|Trace|[from] ability: Trace|[of] p1b: Tam Tam\n|turn|1\n|inactive|Despairing Sadness has 30 seconds left.\n|inactive|Despairing Sadness has 20 seconds left.\n|inactive|Despairing Sadness has 15 seconds left.\n|inactive|Despairing Sadness has 10 seconds left.\n|inactive|Despairing Sadness has 5 seconds left.\n|\n|t:|1775982455\n|move|p2a: Gardevoir|Moonblast|p1a: Im gonna mega\n|-crit|p1a: Im gonna mega\n|-enditem|p1a: Im gonna mega|Focus Sash\n|-damage|p1a: Im gonna mega|1/100\n|move|p1a: Im gonna mega|Frost Breath|p1b: Tam Tam\n|-resisted|p1b: Tam Tam|1\n|-crit|p1b: Tam Tam\n|-damage|p1b: Tam Tam|81/100\n|-setboost|p1b: Tam Tam|atk|6|[from] ability: Anger Point\n|move|p2b: Garchomp|Stomping Tantrum|p1a: Im gonna mega\n|-damage|p1a: Im gonna mega|0 fnt\n|-start|p2b: Garchomp|Disable|Stomping Tantrum|[from] ability: Cursed Body|[of] p1a: Im gonna mega\n|faint|p1a: Im gonna mega\n|move|p1b: Tam Tam|Raging Bull|p2a: Gardevoir\n|-damage|p2a: Gardevoir|0 fnt\n|faint|p2a: Gardevoir\n|\n|upkeep\n|\n|t:|1775982472\n|switch|p1a: Buh Bye Now|Pelipper, L50, F|100/100\n|switch|p2a: Sneasler|Sneasler, L50, M, shiny|100/100\n|-weather|RainDance|[from] ability: Drizzle|[of] p1a: Buh Bye Now\n|turn|2\n|\n|t:|1775982489\n|move|p2a: Sneasler|Protect|p2a: Sneasler\n|-singleturn|p2a: Sneasler|Protect\n|move|p1b: Tam Tam|Protect|p1b: Tam Tam\n|-singleturn|p1b: Tam Tam|Protect\n|move|p2b: Garchomp|Rock Slide|p1b: Tam Tam|[spread] p1a\n|-activate|p1b: Tam Tam|move: Protect\n|-supereffective|p1a: Buh Bye Now|1\n|-enditem|p1a: Buh Bye Now|Charti Berry|[eat]\n|-enditem|p1a: Buh Bye Now|Charti Berry|[weaken]\n|-damage|p1a: Buh Bye Now|75/100\n|move|p1a: Buh Bye Now|Tailwind|p1a: Buh Bye Now\n|-sidestart|p1: morkemon|move: Tailwind\n|\n|-weather|RainDance|[upkeep]\n|upkeep\n|turn|3\n|\n|t:|1775982509\n|move|p1b: Tam Tam|Raging Bull|p2a: Sneasler\n|-crit|p2a: Sneasler\n|-damage|p2a: Sneasler|0 fnt\n|faint|p2a: Sneasler\n|move|p1a: Buh Bye Now|Hurricane|p2b: Garchomp\n|-damage|p2b: Garchomp|53/100\n|-start|p2b: Garchomp|confusion\n|-activate|p2b: Garchomp|confusion\n|move|p2b: Garchomp|Rock Slide|p1a: Buh Bye Now|[spread] p1a,p1b\n|-supereffective|p1a: Buh Bye Now|1\n|-resisted|p1b: Tam Tam|1\n|-damage|p1a: Buh Bye Now|27/100\n|-damage|p1b: Tam Tam|70/100\n|\n|-weather|RainDance|[upkeep]\n|upkeep\n|\n|t:|1775982513\n|switch|p2a: Charizard|Charizard, L50, M, shiny|100/100\n|turn|4\n|\n|t:|1775982529\n|move|p2a: Charizard|Protect|p2a: Charizard\n|-singleturn|p2a: Charizard|Protect\n|move|p1a: Buh Bye Now|Wide Guard|p1a: Buh Bye Now\n|-singleturn|p1a: Buh Bye Now|Wide Guard\n|move|p1b: Tam Tam|Raging Bull|p2a: Charizard\n|-activate|p2a: Charizard|move: Protect\n|-activate|p2b: Garchomp|confusion\n|move|p2b: Garchomp|Dragon Claw|p1b: Tam Tam\n|-damage|p1b: Tam Tam|24/100\n|\n|-weather|RainDance|[upkeep]\n|-end|p2b: Garchomp|Disable\n|upkeep\n|turn|5\n|\n|t:|1775982549\n|-activate|p2b: Garchomp|confusion\n|-damage|p2b: Garchomp|39/100|[from] confusion\n|move|p2a: Charizard|Protect||[still]\n|-fail|p2a: Charizard\n|move|p1b: Tam Tam|Raging Bull|p2a: Charizard\n|-supereffective|p2a: Charizard|1\n|-damage|p2a: Charizard|0 fnt\n|faint|p2a: Charizard\n|move|p1a: Buh Bye Now|Weather Ball|p2b: Garchomp\n|-damage|p2b: Garchomp|0 fnt\n|faint|p2b: Garchomp\n|\n|win|morkemon\n|raw|morkemon's rating: 1048 &rarr; <strong>1085</strong><br />(+37 for winning)\n|raw|Despairing Sadness's rating: 1098 &rarr; <strong>1070</strong><br />(-28 for losing)\n|l|\u203dDespairing Sadness\n|player|p2|\n",
  "uploadtime": 1775982562,
  "views": 16,
  "formatid": "gen9championsvgc2026regma",
  "rating": 1070,
  "private": 0,
  "password": null
}