{
  "id": "gen9championsvgc2026regma-2584235418",
  "format": "[Gen 9 Champions] VGC 2026 Reg M-A",
  "players": [
    "AraiseVGC",
    "jetrinchamp"
  ],
  "log": "|j|\u2606AraiseVGC\n|j|\u2606jetrinchamp\n|t:|1776241526\n|gametype|doubles\n|player|p1|AraiseVGC|2|1174\n|player|p2|jetrinchamp|pilot|1245\n|gen|9\n|tier|[Gen 9 Champions] VGC 2026 Reg M-A\n|rated|\n|rule|Species Clause: Limit one of each Pok\u00e9mon\n|rule|Item Clause: Limit 1 of each item\n|clearpoke\n|poke|p1|Garchomp, L50, M|\n|poke|p1|Floette-Eternal, L50, F|\n|poke|p1|Sneasler, L50, M|\n|poke|p1|Kingambit, L50, F|\n|poke|p1|Aerodactyl, L50, F|\n|poke|p1|Basculegion, L50, M|\n|poke|p2|Dragapult, L50, F|\n|poke|p2|Floette-Eternal, L50, F|\n|poke|p2|Weavile, L50, F|\n|poke|p2|Incineroar, L50, M|\n|poke|p2|Volcarona, L50, M|\n|poke|p2|Kommo-o, L50, F|\n|teampreview|4\n|j| BelphyG\n|l| BelphyG\n|\n|t:|1776241570\n|teamsize|p1|4\n|teamsize|p2|4\n|start\n|switch|p1a: Aerodactyl|Aerodactyl, L50, F|100/100\n|switch|p1b: Floette|Floette-Eternal, L50, F|100/100\n|switch|p2a: Dragapult|Dragapult, L50, F|100/100\n|switch|p2b: Weavile|Weavile, L50, F|100/100\n|-ability|p1a: Aerodactyl|Unnerve\n|turn|1\n|\n|t:|1776241622\n|detailschange|p1b: Floette|Floette-Mega, L50, F\n|-mega|p1b: Floette|Floette|Floettite\n|-ability|p1b: Floette|Fairy Aura\n|move|p2a: Dragapult|Phantom Force||[still]\n|-prepare|p2a: Dragapult|Phantom Force\n|move|p1a: Aerodactyl|Tailwind|p1a: Aerodactyl\n|-sidestart|p1: AraiseVGC|move: Tailwind\n|move|p1b: Floette|Dazzling Gleam|p2b: Weavile|[spread] p2b\n|-miss|p1b: Floette|p2a: Dragapult\n|-supereffective|p2b: Weavile|1\n|-damage|p2b: Weavile|0 fnt\n|faint|p2b: Weavile\n|\n|upkeep\n|\n|t:|1776241639\n|switch|p2b: Volcarona|Volcarona, L50, M|100/100\n|turn|2\n|\n|t:|1776241656\n|move|p1a: Aerodactyl|Rock Slide|p2a: Dragapult|[spread] \n|-miss|p1a: Aerodactyl|p2a: Dragapult\n|-miss|p1a: Aerodactyl|p2b: Volcarona\n|move|p1b: Floette|Dazzling Gleam|p2b: Volcarona|[spread] p2b\n|-miss|p1b: Floette|p2a: Dragapult\n|-resisted|p2b: Volcarona|1\n|-damage|p2b: Volcarona|79/100\n|move|p2a: Dragapult|Phantom Force|p1b: Floette|[from] lockedmove\n|-damage|p1b: Floette|59/100\n|move|p2b: Volcarona|Struggle Bug|p1a: Aerodactyl|[spread] p1a,p1b\n|-resisted|p1a: Aerodactyl|1\n|-resisted|p1b: Floette|1\n|-damage|p1a: Aerodactyl|88/100\n|-damage|p1b: Floette|52/100\n|-unboost|p1a: Aerodactyl|spa|1\n|-unboost|p1b: Floette|spa|1\n|\n|-heal|p2b: Volcarona|85/100|[from] item: Leftovers\n|upkeep\n|turn|3\n|\n|t:|1776241697\n|move|p2a: Dragapult|Protect|p2a: Dragapult\n|-singleturn|p2a: Dragapult|Protect\n|move|p1a: Aerodactyl|Rock Slide|p2a: Dragapult|[spread] p2b\n|-activate|p2a: Dragapult|move: Protect\n|-supereffective|p2b: Volcarona|2\n|-damage|p2b: Volcarona|0 fnt\n|faint|p2b: Volcarona\n|move|p1b: Floette|Dazzling Gleam|p2a: Dragapult\n|-activate|p2a: Dragapult|move: Protect\n|\n|upkeep\n|\n|t:|1776241708\n|switch|p2b: Floette|Floette-Eternal, L50, F|100/100\n|turn|4\n|\n|t:|1776241720\n|detailschange|p2b: Floette|Floette-Mega, L50, F\n|-mega|p2b: Floette|Floette|Floettite\n|-ability|p2b: Floette|Fairy Aura\n|move|p2a: Dragapult|Protect||[still]\n|-fail|p2a: Dragapult\n|move|p2b: Floette|Protect|p2b: Floette\n|-singleturn|p2b: Floette|Protect\n|move|p1a: Aerodactyl|Rock Slide|p2a: Dragapult|[spread] p2a\n|-activate|p2b: Floette|move: Protect\n|-damage|p2a: Dragapult|65/100\n|move|p1b: Floette|Dazzling Gleam|p2a: Dragapult|[spread] p2a\n|-activate|p2b: Floette|move: Protect\n|-supereffective|p2a: Dragapult|1\n|-damage|p2a: Dragapult|0 fnt\n|faint|p2a: Dragapult\n|\n|-sideend|p1: AraiseVGC|move: Tailwind\n|upkeep\n|turn|5\n|c|\u2606jetrinchamp|ggggg\n|-message|jetrinchamp forfeited.\n|\n|win|AraiseVGC\n|raw|AraiseVGC's rating: 1174 &rarr; <strong>1204</strong><br />(+30 for winning)\n|raw|jetrinchamp's rating: 1245 &rarr; <strong>1215</strong><br />(-30 for losing)\n",
  "uploadtime": 1776241744,
  "views": 35,
  "formatid": "gen9championsvgc2026regma",
  "rating": 1204,
  "private": 0,
  "password": null
}