{
  "id": "gen9championsvgc2026regma-2587544444",
  "format": "[Gen 9 Champions] VGC 2026 Reg M-A",
  "players": [
    "BillySupremeVGC",
    "Scrubby009"
  ],
  "log": "|j|\u2606BillySupremeVGC\n|j|\u2606Scrubby009\n|t:|1776540948\n|gametype|doubles\n|player|p1|BillySupremeVGC|170|1291\n|player|p2|Scrubby009|skyla|1372\n|gen|9\n|tier|[Gen 9 Champions] VGC 2026 Reg M-A\n|rated|\n|rule|Species Clause: Limit one of each Pok\u00e9mon\n|rule|Item Clause: Limit 1 of each item\n|clearpoke\n|poke|p1|Froslass, L50, F|\n|poke|p1|Garchomp, L50, M|\n|poke|p1|Rotom-Frost, L50|\n|poke|p1|Empoleon, L50, F, shiny|\n|poke|p1|Incineroar, L50, F|\n|poke|p1|Kingambit, L50, F|\n|poke|p2|Meganium, L50, M|\n|poke|p2|Arcanine-Hisui, L50, F|\n|poke|p2|Rotom-Wash, L50|\n|poke|p2|Archaludon, L50, F|\n|poke|p2|Dragapult, L50, M|\n|poke|p2|Kangaskhan, L50, F|\n|teampreview|4\n|c|\u2606Scrubby009|glhf\n|\n|t:|1776541014\n|teamsize|p1|4\n|teamsize|p2|4\n|start\n|switch|p1a: Whirlpool|Rotom-Frost, L50|100/100\n|switch|p1b: Tiburon|Garchomp, L50, M|100/100\n|switch|p2a: Panthera Virgata|Arcanine-Hisui, L50, F|100/100\n|switch|p2b: $6 Apt Special|Rotom-Wash, L50|100/100\n|-ability|p2a: Panthera Virgata|Intimidate|boost\n|-unboost|p1a: Whirlpool|atk|1\n|-unboost|p1b: Tiburon|atk|1\n|-enditem|p1b: Tiburon|White Herb\n|-clearnegativeboost|p1b: Tiburon|[silent]\n|turn|1\n|\n|t:|1776541032\n|switch|p2a: Calladium|Meganium, L50, M|100/100\n|move|p1a: Whirlpool|Volt Switch|p2b: $6 Apt Special\n|-damage|p2b: $6 Apt Special|65/100\n|\n|t:|1776541039\n|switch|p1a: Onryo|Froslass, L50, F|100/100|[from] Volt Switch\n|move|p2b: $6 Apt Special|Hydro Pump|p1b: Tiburon\n|-damage|p1b: Tiburon|45/100\n|move|p1b: Tiburon|Earthquake|p2b: $6 Apt Special|[spread] p1a,p2a\n|-immune|p2b: $6 Apt Special|[from] ability: Levitate\n|-resisted|p2a: Calladium|1\n|-damage|p1a: Onryo|41/100\n|-damage|p2a: Calladium|80/100\n|\n|upkeep\n|turn|2\n|\n|t:|1776541056\n|switch|p1b: Whirlpool|Rotom-Frost, L50|100/100\n|detailschange|p1a: Onryo|Froslass-Mega, L50, F\n|-mega|p1a: Onryo|Froslass|Froslassite\n|-weather|Snowscape|[from] ability: Snow Warning|[of] p1a: Onryo\n|detailschange|p2a: Calladium|Meganium-Mega, L50, M\n|-mega|p2a: Calladium|Meganium|Meganiumite\n|move|p2a: Calladium|Protect|p2a: Calladium\n|-singleturn|p2a: Calladium|Protect\n|move|p2b: $6 Apt Special|Hydro Pump|p1a: Onryo\n|-damage|p1a: Onryo|0 fnt\n|faint|p1a: Onryo\n|\n|-weather|Snowscape|[upkeep]\n|upkeep\n|\n|t:|1776541072\n|switch|p1a: Goldfish|Incineroar, L50, F|100/100\n|-ability|p1a: Goldfish|Intimidate|boost\n|-unboost|p2a: Calladium|atk|1\n|-unboost|p2b: $6 Apt Special|atk|1\n|turn|3\n|\n|t:|1776541101\n|switch|p2b: Jetstream Sam|Dragapult, L50, M|100/100\n|switch|p2a: Panthera Virgata|Arcanine-Hisui, L50, F|100/100\n|-ability|p2a: Panthera Virgata|Intimidate|boost\n|-unboost|p1a: Goldfish|atk|1\n|-unboost|p1b: Whirlpool|atk|1\n|move|p1a: Goldfish|Fake Out|p2b: Jetstream Sam\n|-immune|p2b: Jetstream Sam\n|move|p1b: Whirlpool|Blizzard|p2a: Panthera Virgata|[spread] p2a,p2b\n|-resisted|p2a: Panthera Virgata|1\n|-supereffective|p2b: Jetstream Sam|1\n|-damage|p2a: Panthera Virgata|82/100\n|-enditem|p2b: Jetstream Sam|Focus Sash\n|-damage|p2b: Jetstream Sam|1/100\n|\n|-weather|Snowscape|[upkeep]\n|upkeep\n|turn|4\n|\n|t:|1776541126\n|move|p1b: Whirlpool|Blizzard|p2a: Panthera Virgata|[spread] p2a,p2b\n|-resisted|p2a: Panthera Virgata|1\n|-supereffective|p2b: Jetstream Sam|1\n|-damage|p2a: Panthera Virgata|62/100\n|-damage|p2b: Jetstream Sam|0 fnt\n|faint|p2b: Jetstream Sam\n|move|p2a: Panthera Virgata|Rock Slide|p1a: Goldfish|[spread] p1a,p1b\n|-supereffective|p1a: Goldfish|1\n|-supereffective|p1b: Whirlpool|1\n|-damage|p1a: Goldfish|46/100\n|-damage|p1b: Whirlpool|53/100\n|-enditem|p1a: Goldfish|Sitrus Berry|[eat]\n|-heal|p1a: Goldfish|71/100|[from] item: Sitrus Berry\n|cant|p1a: Goldfish|flinch\n|\n|-weather|Snowscape|[upkeep]\n|upkeep\n|\n|t:|1776541137\n|switch|p2b: $6 Apt Special|Rotom-Wash, L50|65/100\n|turn|5\n|\n|t:|1776541149\n|switch|p1a: Tiburon|Garchomp, L50, M|45/100\n|move|p1b: Whirlpool|Blizzard|p2a: Panthera Virgata|[spread] p2a,p2b\n|-resisted|p2a: Panthera Virgata|1\n|-crit|p2a: Panthera Virgata\n|-resisted|p2b: $6 Apt Special|1\n|-damage|p2a: Panthera Virgata|33/100\n|-damage|p2b: $6 Apt Special|42/100\n|-enditem|p2a: Panthera Virgata|Sitrus Berry|[eat]\n|-heal|p2a: Panthera Virgata|58/100|[from] item: Sitrus Berry\n|move|p2b: $6 Apt Special|Thunderbolt|p1b: Whirlpool\n|-resisted|p1b: Whirlpool|1\n|-damage|p1b: Whirlpool|27/100\n|move|p2a: Panthera Virgata|Rock Slide|p1b: Whirlpool|[spread] p1a,p1b\n|-resisted|p1a: Tiburon|1\n|-supereffective|p1b: Whirlpool|1\n|-damage|p1a: Tiburon|33/100\n|-damage|p1b: Whirlpool|0 fnt\n|faint|p1b: Whirlpool\n|\n|-weather|Snowscape|[upkeep]\n|upkeep\n|\n|t:|1776541168\n|switch|p1b: Goldfish|Incineroar, L50, F|71/100\n|-ability|p1b: Goldfish|Intimidate|boost\n|-unboost|p2a: Panthera Virgata|atk|1\n|-unboost|p2b: $6 Apt Special|atk|1\n|turn|6\n|\n|t:|1776541177\n|move|p2a: Panthera Virgata|Protect|p2a: Panthera Virgata\n|-singleturn|p2a: Panthera Virgata|Protect\n|move|p1b: Goldfish|Fake Out|p2b: $6 Apt Special\n|-damage|p2b: $6 Apt Special|25/100\n|cant|p2b: $6 Apt Special|flinch\n|move|p1a: Tiburon|Rock Slide|p2b: $6 Apt Special|[spread] p2b\n|-activate|p2a: Panthera Virgata|move: Protect\n|-damage|p2b: $6 Apt Special|2/100\n|\n|-weather|none\n|upkeep\n|turn|7\n|\n|t:|1776541200\n|move|p2a: Panthera Virgata|Extreme Speed|p1b: Goldfish\n|-damage|p1b: Goldfish|53/100\n|move|p2b: $6 Apt Special|Thunderbolt|p1b: Goldfish\n|-damage|p1b: Goldfish|18/100\n|move|p1a: Tiburon|Rock Slide|p2a: Panthera Virgata|[spread] p2a,p2b\n|-supereffective|p2a: Panthera Virgata|1\n|-crit|p2b: $6 Apt Special\n|-damage|p2a: Panthera Virgata|7/100\n|-damage|p2b: $6 Apt Special|0 fnt\n|faint|p2b: $6 Apt Special\n|move|p1b: Goldfish|Darkest Lariat|p2a: Panthera Virgata\n|-damage|p2a: Panthera Virgata|0 fnt\n|faint|p2a: Panthera Virgata\n|\n|upkeep\n|\n|t:|1776541209\n|switch|p2a: Calladium|Meganium-Mega, L50, M|80/100\n|turn|8\n|\n|t:|1776541232\n|move|p1a: Tiburon|Rock Slide|p2a: Calladium\n|-crit|p2a: Calladium\n|-damage|p2a: Calladium|42/100\n|move|p2a: Calladium|Dazzling Gleam|p1a: Tiburon|[spread] p1a,p1b\n|-supereffective|p1a: Tiburon|1\n|-damage|p1a: Tiburon|0 fnt\n|-damage|p1b: Goldfish|0 fnt\n|faint|p1a: Tiburon\n|faint|p1b: Goldfish\n|\n|win|Scrubby009\n|raw|BillySupremeVGC's rating: 1291 &rarr; <strong>1272</strong><br />(-19 for losing)\n|raw|Scrubby009's rating: 1372 &rarr; <strong>1387</strong><br />(+15 for winning)\n|c|\u2606Scrubby009|gg\n|l|\u2606BillySupremeVGC\n|player|p1|\n",
  "uploadtime": 1776541245,
  "views": 39,
  "formatid": "gen9championsvgc2026regma",
  "rating": 1272,
  "private": 0,
  "password": null
}