{
  "id": "gen9championsvgc2026regma-2586005833",
  "format": "[Gen 9 Champions] VGC 2026 Reg M-A",
  "players": [
    "HawaiiCookieCo",
    "b1testmatchups"
  ],
  "log": "|j|\u2606HawaiiCookieCo\n|j|\u2606b1testmatchups\n|t:|1776389553\n|gametype|doubles\n|player|p1|HawaiiCookieCo|swimmer-gen4dp|1060\n|player|p2|b1testmatchups|2|1000\n|gen|9\n|tier|[Gen 9 Champions] VGC 2026 Reg M-A\n|rated|\n|rule|Species Clause: Limit one of each Pok\u00e9mon\n|rule|Item Clause: Limit 1 of each item\n|clearpoke\n|poke|p1|Volcarona, L50, F|\n|poke|p1|Mamoswine, L50, M|\n|poke|p1|Sinistcha, L50|\n|poke|p1|Sneasler, L50, M|\n|poke|p1|Tyranitar, L50, M|\n|poke|p1|Kangaskhan, L50, F|\n|poke|p2|Kingambit, L50, M|\n|poke|p2|Farigiraf, L50, F|\n|poke|p2|Scovillain, L50, F|\n|poke|p2|Sinistcha-Masterpiece, L50|\n|poke|p2|Torkoal, L50, F|\n|poke|p2|Charizard, L50, F|\n|teampreview|4\n|inactive|Battle timer is ON: inactive players will automatically lose when time's up. (requested by HawaiiCookieCo)\n|inactive|b1testmatchups has 60 seconds left.\n|inactive|b1testmatchups has 30 seconds left.\n|inactive|b1testmatchups has 20 seconds left.\n|\n|t:|1776389628\n|teamsize|p1|4\n|teamsize|p2|4\n|start\n|switch|p1a: Volcarona|Volcarona, L50, F|100/100\n|switch|p1b: Kangaskhan|Kangaskhan, L50, F|100/100\n|switch|p2a: Sinistcha|Sinistcha-Masterpiece, L50|100/100\n|switch|p2b: Farigiraf|Farigiraf, L50, F|100/100\n|turn|1\n|\n|t:|1776389649\n|move|p1a: Volcarona|Quiver Dance|p1a: Volcarona\n|-boost|p1a: Volcarona|spa|1\n|-boost|p1a: Volcarona|spd|1\n|-boost|p1a: Volcarona|spe|1\n|move|p1b: Kangaskhan|Double-Edge|p2a: Sinistcha\n|-immune|p2a: Sinistcha\n|move|p2a: Sinistcha|Matcha Gotcha|p1b: Kangaskhan|[spread] p1a,p1b\n|-resisted|p1a: Volcarona|2\n|-damage|p1a: Volcarona|96/100\n|-damage|p1b: Kangaskhan|75/100\n|move|p2b: Farigiraf|Trick Room|p2b: Farigiraf\n|-fieldstart|move: Trick Room|[of] p2b: Farigiraf\n|\n|-heal|p1a: Volcarona|100/100|[from] item: Leftovers\n|upkeep\n|turn|2\n|inactive|b1testmatchups has 30 seconds left.\n|inactive|b1testmatchups has 20 seconds left.\n|inactive|b1testmatchups has 15 seconds left.\n|inactive|b1testmatchups has 10 seconds left.\n|\n|t:|1776389697\n|move|p1a: Volcarona|Protect|p1a: Volcarona\n|-singleturn|p1a: Volcarona|Protect\n|move|p2a: Sinistcha|Rage Powder|p2a: Sinistcha\n|-singleturn|p2a: Sinistcha|move: Rage Powder\n|move|p2b: Farigiraf|Psychic|p1b: Kangaskhan\n|-damage|p1b: Kangaskhan|32/100\n|move|p1b: Kangaskhan|Drain Punch|p2a: Sinistcha\n|-immune|p2a: Sinistcha\n|\n|upkeep\n|turn|3\n|inactive|b1testmatchups has 30 seconds left.\n|\n|t:|1776389727\n|switch|p2b: Torkoal|Torkoal, L50, F|100/100\n|-weather|SunnyDay|[from] ability: Drought|[of] p2b: Torkoal\n|move|p1b: Kangaskhan|Protect|p1b: Kangaskhan\n|-singleturn|p1b: Kangaskhan|Protect\n|move|p2a: Sinistcha|Rage Powder|p2a: Sinistcha\n|-singleturn|p2a: Sinistcha|move: Rage Powder\n|move|p1a: Volcarona|Quiver Dance|p1a: Volcarona\n|-boost|p1a: Volcarona|spa|1\n|-boost|p1a: Volcarona|spd|1\n|-boost|p1a: Volcarona|spe|1\n|\n|-weather|SunnyDay|[upkeep]\n|upkeep\n|turn|4\n|\n|t:|1776389750\n|switch|p1b: Tyranitar|Tyranitar, L50, M|100/100\n|-weather|Sandstorm|[from] ability: Sand Stream|[of] p1b: Tyranitar\n|move|p1a: Volcarona|Protect|p1a: Volcarona\n|-singleturn|p1a: Volcarona|Protect\n|move|p2b: Torkoal|Eruption|p1a: Volcarona|[spread] p1b\n|-activate|p1a: Volcarona|move: Protect\n|-resisted|p1b: Tyranitar|1\n|-damage|p1b: Tyranitar|81/100\n|move|p2a: Sinistcha|Matcha Gotcha|p1b: Tyranitar|[spread] p1b\n|-activate|p1a: Volcarona|move: Protect\n|-supereffective|p1b: Tyranitar|1\n|-damage|p1b: Tyranitar|44/100\n|-status|p1b: Tyranitar|brn\n|\n|-weather|Sandstorm|[upkeep]\n|-damage|p2b: Torkoal|94/100|[from] Sandstorm\n|-damage|p2a: Sinistcha|94/100|[from] Sandstorm\n|-damage|p1a: Volcarona|95/100|[from] Sandstorm\n|-heal|p1a: Volcarona|100/100|[from] item: Leftovers\n|-damage|p1b: Tyranitar|38/100 brn|[from] brn\n|upkeep\n|turn|5\n|inactive|b1testmatchups has 30 seconds left.\n|\n|t:|1776389779\n|move|p2a: Sinistcha|Rage Powder|p2a: Sinistcha\n|-singleturn|p2a: Sinistcha|move: Rage Powder\n|move|p2b: Torkoal|Weather Ball|p1a: Volcarona\n|-supereffective|p1a: Volcarona|2\n|-damage|p1a: Volcarona|36/100\n|move|p1b: Tyranitar|Knock Off|p2a: Sinistcha\n|-supereffective|p2a: Sinistcha|1\n|-damage|p2a: Sinistcha|58/100\n|-enditem|p2a: Sinistcha|Sitrus Berry|[from] move: Knock Off|[of] p1b: Tyranitar\n|move|p1a: Volcarona|Heat Wave|p2b: Torkoal|[spread] p2a,p2b\n|-supereffective|p2a: Sinistcha|1\n|-resisted|p2b: Torkoal|1\n|-damage|p2a: Sinistcha|0 fnt\n|-damage|p2b: Torkoal|49/100\n|faint|p2a: Sinistcha\n|\n|-weather|Sandstorm|[upkeep]\n|-damage|p2b: Torkoal|43/100|[from] Sandstorm\n|-damage|p1a: Volcarona|30/100|[from] Sandstorm\n|-heal|p1a: Volcarona|36/100|[from] item: Leftovers\n|-damage|p1b: Tyranitar|32/100 brn|[from] brn\n|-fieldend|move: Trick Room\n|upkeep\n|\n|t:|1776389792\n|switch|p2a: Farigiraf|Farigiraf, L50, F|100/100\n|turn|6\n|\n|t:|1776389814\n|move|p2b: Torkoal|Protect|p2b: Torkoal\n|-singleturn|p2b: Torkoal|Protect\n|move|p1a: Volcarona|Giga Drain|p2a: Farigiraf\n|-damage|p2a: Farigiraf|44/100\n|-heal|p1a: Volcarona|75/100|[from] drain|[of] p2a: Farigiraf\n|move|p1b: Tyranitar|Knock Off|p2a: Farigiraf\n|-supereffective|p2a: Farigiraf|1\n|-damage|p2a: Farigiraf|0 fnt\n|-enditem|p2a: Farigiraf|Mental Herb|[from] move: Knock Off|[of] p1b: Tyranitar\n|faint|p2a: Farigiraf\n|\n|-weather|Sandstorm|[upkeep]\n|-damage|p1a: Volcarona|69/100|[from] Sandstorm\n|-damage|p2b: Torkoal|37/100|[from] Sandstorm\n|-heal|p1a: Volcarona|75/100|[from] item: Leftovers\n|-damage|p1b: Tyranitar|26/100 brn|[from] brn\n|upkeep\n|\n|t:|1776389828\n|switch|p2a: Scovillain|Scovillain, L50, F|100/100\n|turn|7\n|inactive|HawaiiCookieCo has 30 seconds left.\n|inactive|b1testmatchups has 30 seconds left.\n|\n|t:|1776389855\n|switch|p1b: Kangaskhan|Kangaskhan, L50, F|32/100\n|move|p1a: Volcarona|Protect|p1a: Volcarona\n|-singleturn|p1a: Volcarona|Protect\n|move|p2a: Scovillain|Leaf Storm|p1b: Kangaskhan|[miss]\n|-miss|p2a: Scovillain|p1b: Kangaskhan\n|move|p2b: Torkoal|Weather Ball|p1a: Volcarona\n|-activate|p1a: Volcarona|move: Protect\n|\n|-weather|Sandstorm|[upkeep]\n|-damage|p1a: Volcarona|69/100|[from] Sandstorm\n|-damage|p2a: Scovillain|95/100|[from] Sandstorm\n|-damage|p1b: Kangaskhan|26/100|[from] Sandstorm\n|-damage|p2b: Torkoal|30/100|[from] Sandstorm\n|-heal|p1a: Volcarona|75/100|[from] item: Leftovers\n|upkeep\n|turn|8\n|\n|t:|1776389872\n|detailschange|p1b: Kangaskhan|Kangaskhan-Mega, L50, F\n|-mega|p1b: Kangaskhan|Kangaskhan|Kangaskhanite\n|move|p1b: Kangaskhan|Fake Out|p2b: Torkoal\n|-damage|p2b: Torkoal|13/100\n|-damage|p2b: Torkoal|10/100\n|-hitcount|p2b: Torkoal|2\n|move|p1a: Volcarona|Heat Wave|p2b: Torkoal|[spread] p2a,p2b\n|-resisted|p2b: Torkoal|1\n|-damage|p2a: Scovillain|0 fnt\n|-damage|p2b: Torkoal|0 fnt\n|faint|p2a: Scovillain\n|faint|p2b: Torkoal\n|\n|win|HawaiiCookieCo\n|raw|HawaiiCookieCo's rating: 1060 &rarr; <strong>1086</strong><br />(+26 for winning)\n|raw|b1testmatchups's rating: 1000 &rarr; <strong>1000</strong><br />(+0 for losing)\n",
  "uploadtime": 1776389884,
  "views": 29,
  "formatid": "gen9championsvgc2026regma",
  "rating": 1000,
  "private": 0,
  "password": null
}