{
  "id": "gen9championsvgc2026regma-2588550967",
  "format": "[Gen 9 Champions] VGC 2026 Reg M-A",
  "players": [
    "felixtheboy",
    "god_platinum"
  ],
  "log": "|j|\u2606felixtheboy\n|j|\u2606god_platinum\n|t:|1776644106\n|gametype|doubles\n|player|p1|felixtheboy|ninjaboy|1350\n|player|p2|god_platinum|blackbelt-gen4dp|1373\n|gen|9\n|tier|[Gen 9 Champions] VGC 2026 Reg M-A\n|rated|\n|rule|Species Clause: Limit one of each Pok\u00e9mon\n|rule|Item Clause: Limit 1 of each item\n|clearpoke\n|poke|p1|Farigiraf, L50, F|\n|poke|p1|Incineroar, L50, M|\n|poke|p1|Primarina, L50, M|\n|poke|p1|Archaludon, L50, F|\n|poke|p1|Chesnaught, L50, F|\n|poke|p1|Whimsicott, L50, F|\n|poke|p2|Floette-Eternal, L50, F|\n|poke|p2|Farigiraf, L50, F|\n|poke|p2|Sinistcha, L50|\n|poke|p2|Incineroar, L50, M|\n|poke|p2|Torkoal, L50, F|\n|poke|p2|Rotom-Wash, L50|\n|teampreview|4\n|\n|t:|1776644130\n|teamsize|p1|4\n|teamsize|p2|4\n|start\n|switch|p1a: Archaludon|Archaludon, L50, F|100/100\n|switch|p1b: Primarina|Primarina, L50, M|100/100\n|switch|p2a: Rotom|Rotom-Wash, L50|100/100\n|switch|p2b: Floette|Floette-Eternal, L50, F|100/100\n|turn|1\n|inactive|Battle timer is ON: inactive players will automatically lose when time's up. (requested by god_platinum)\n|\n|t:|1776644165\n|switch|p1b: Incineroar|Incineroar, L50, M|100/100\n|-ability|p1b: Incineroar|Intimidate|boost\n|-unboost|p2a: Rotom|atk|1\n|-unboost|p2b: Floette|atk|1\n|move|p2b: Floette|Protect|p2b: Floette\n|-singleturn|p2b: Floette|Protect\n|move|p2a: Rotom|Thunderbolt|p1b: Incineroar\n|-damage|p1b: Incineroar|70/100\n|move|p1a: Archaludon|Flash Cannon|p2b: Floette\n|-activate|p2b: Floette|move: Protect\n|\n|upkeep\n|turn|2\n|inactive|god_platinum has 30 seconds left.\n|\n|t:|1776644190\n|switch|p2b: Torkoal|Torkoal, L50, F|100/100\n|-weather|SunnyDay|[from] ability: Drought|[of] p2b: Torkoal\n|move|p1b: Incineroar|Fake Out|p2a: Rotom\n|-damage|p2a: Rotom|88/100\n|cant|p2a: Rotom|flinch\n|move|p1a: Archaludon|Dragon Pulse|p2b: Torkoal\n|-damage|p2b: Torkoal|36/100\n|\n|-weather|SunnyDay|[upkeep]\n|upkeep\n|turn|3\n|\n|t:|1776644206\n|move|p1a: Archaludon|Protect|p1a: Archaludon\n|-singleturn|p1a: Archaludon|Protect\n|move|p2b: Torkoal|Protect|p2b: Torkoal\n|-singleturn|p2b: Torkoal|Protect\n|move|p2a: Rotom|Thunderbolt|p1a: Archaludon\n|-activate|p1a: Archaludon|move: Protect\n|move|p1b: Incineroar|Parting Shot|p2a: Rotom\n|-unboost|p2a: Rotom|atk|1\n|-unboost|p2a: Rotom|spa|1\n|j| Scarret\n|\n|t:|1776644218\n|switch|p1b: Farigiraf|Farigiraf, L50, F|100/100|[from] Parting Shot\n|\n|-weather|SunnyDay|[upkeep]\n|upkeep\n|turn|4\n|\n|t:|1776644239\n|switch|p2a: Sinistcha|Sinistcha, L50|100/100\n|-heal|p2b: Torkoal|60/100|[from] ability: Hospitality|[of] p2a: Sinistcha\n|move|p1a: Archaludon|Flash Cannon|p2b: Torkoal\n|-resisted|p2b: Torkoal|1\n|-damage|p2b: Torkoal|32/100\n|move|p1b: Farigiraf|Hyper Voice|p2a: Sinistcha|[spread] p2b\n|-immune|p2a: Sinistcha\n|-damage|p2b: Torkoal|0 fnt\n|faint|p2b: Torkoal\n|\n|-weather|SunnyDay|[upkeep]\n|upkeep\n|\n|t:|1776644253\n|switch|p2b: Floette|Floette-Eternal, L50, F|100/100\n|turn|5\n|\n|t:|1776644272\n|detailschange|p2b: Floette|Floette-Mega, L50, F\n|-mega|p2b: Floette|Floette|Floettite\n|-ability|p2b: Floette|Fairy Aura\n|move|p1a: Archaludon|Flash Cannon|p2b: Floette\n|-supereffective|p2b: Floette|1\n|-damage|p2b: Floette|34/100\n|move|p2b: Floette|Calm Mind|p2b: Floette\n|-boost|p2b: Floette|spa|1\n|-boost|p2b: Floette|spd|1\n|move|p1b: Farigiraf|Trick Room|p1b: Farigiraf\n|-fieldstart|move: Trick Room|[of] p1b: Farigiraf\n|move|p2a: Sinistcha|Trick Room|p2a: Sinistcha\n|-fieldend|move: Trick Room\n|\n|-weather|SunnyDay|[upkeep]\n|upkeep\n|turn|6\n|inactive|felixtheboy has 30 seconds left.\n|inactive|god_platinum has 30 seconds left.\n|\n|t:|1776644299\n|move|p1a: Archaludon|Protect|p1a: Archaludon\n|-singleturn|p1a: Archaludon|Protect\n|move|p2b: Floette|Moonblast|p1a: Archaludon\n|-activate|p1a: Archaludon|move: Protect\n|move|p1b: Farigiraf|Psychic|p2a: Sinistcha\n|-damage|p2a: Sinistcha|63/100\n|move|p2a: Sinistcha|Life Dew|p2a: Sinistcha|[spread] p2a,p2b\n|-heal|p2a: Sinistcha|89/100\n|-heal|p2b: Floette|59/100\n|\n|-weather|none\n|upkeep\n|turn|7\n|l| Scarret\n|inactive|god_platinum has 30 seconds left.\n|\n|t:|1776644326\n|move|p1a: Archaludon|Dragon Pulse|p2a: Sinistcha\n|-damage|p2a: Sinistcha|48/100\n|move|p2b: Floette|Calm Mind|p2b: Floette\n|-boost|p2b: Floette|spa|1\n|-boost|p2b: Floette|spd|1\n|move|p1b: Farigiraf|Psychic|p2a: Sinistcha\n|-damage|p2a: Sinistcha|10/100\n|move|p2a: Sinistcha|Life Dew|p2a: Sinistcha|[spread] p2a,p2b\n|-heal|p2a: Sinistcha|35/100\n|-heal|p2b: Floette|84/100\n|\n|upkeep\n|turn|8\n|inactive|god_platinum has 30 seconds left.\n|\n|t:|1776644355\n|move|p1a: Archaludon|Flash Cannon|p2a: Sinistcha\n|-damage|p2a: Sinistcha|0 fnt\n|faint|p2a: Sinistcha\n|move|p2b: Floette|Dazzling Gleam|p1a: Archaludon|[spread] p1a,p1b\n|-ability|p1a: Archaludon|Sturdy\n|-damage|p1a: Archaludon|1/100\n|-damage|p1b: Farigiraf|4/100\n|-enditem|p1b: Farigiraf|Sitrus Berry|[eat]\n|-heal|p1b: Farigiraf|28/100|[from] item: Sitrus Berry\n|move|p1b: Farigiraf|Psychic|p2b: Floette\n|-damage|p2b: Floette|70/100\n|\n|-heal|p1a: Archaludon|7/100|[from] item: Leftovers\n|upkeep\n|\n|t:|1776644371\n|switch|p2a: Rotom|Rotom-Wash, L50|88/100\n|turn|9\n|\n|t:|1776644384\n|move|p1a: Archaludon|Protect|p1a: Archaludon\n|-singleturn|p1a: Archaludon|Protect\n|move|p2a: Rotom|Hydro Pump|p1b: Farigiraf\n|-damage|p1b: Farigiraf|0 fnt\n|faint|p1b: Farigiraf\n|move|p2b: Floette|Dazzling Gleam|p1a: Archaludon\n|-activate|p1a: Archaludon|move: Protect\n|\n|-heal|p1a: Archaludon|13/100|[from] item: Leftovers\n|upkeep\n|\n|t:|1776644392\n|switch|p1b: Incineroar|Incineroar, L50, M|70/100\n|-ability|p1b: Incineroar|Intimidate|boost\n|-unboost|p2a: Rotom|atk|1\n|-unboost|p2b: Floette|atk|1\n|turn|10\n|\n|t:|1776644401\n|move|p1b: Incineroar|Fake Out|p2b: Floette\n|-damage|p2b: Floette|61/100\n|move|p2a: Rotom|Hydro Pump|p1b: Incineroar\n|-supereffective|p1b: Incineroar|1\n|-damage|p1b: Incineroar|0 fnt\n|faint|p1b: Incineroar\n|move|p1a: Archaludon|Dragon Pulse|p2a: Rotom\n|-damage|p2a: Rotom|32/100\n|cant|p2b: Floette|flinch\n|\n|-heal|p1a: Archaludon|19/100|[from] item: Leftovers\n|upkeep\n|\n|t:|1776644408\n|switch|p1b: Primarina|Primarina, L50, M|100/100\n|turn|11\n|\n|t:|1776644419\n|move|p1a: Archaludon|Protect|p1a: Archaludon\n|-singleturn|p1a: Archaludon|Protect\n|move|p2a: Rotom|Hydro Pump|p1b: Primarina\n|-resisted|p1b: Primarina|1\n|-damage|p1b: Primarina|77/100\n|move|p2b: Floette|Dazzling Gleam|p1a: Archaludon|[spread] p1b\n|-activate|p1a: Archaludon|move: Protect\n|-damage|p1b: Primarina|0 fnt\n|faint|p1b: Primarina\n|\n|-heal|p1a: Archaludon|25/100|[from] item: Leftovers\n|upkeep\n|turn|12\n|-message|felixtheboy forfeited.\n|\n|win|god_platinum\n|raw|felixtheboy's rating: 1350 &rarr; <strong>1331</strong><br />(-19 for losing)\n|raw|god_platinum's rating: 1373 &rarr; <strong>1392</strong><br />(+19 for winning)\n|l|\u2606felixtheboy\n|player|p1|\n|l|\u2606god_platinum\n|player|p2|\n|j|\u2606god_platinum\n|player|p2|god_platinum|blackbelt-gen4dp|\n",
  "uploadtime": 1776644469,
  "views": 19,
  "formatid": "gen9championsvgc2026regma",
  "rating": 1331,
  "private": 0,
  "password": null
}