{
  "id": "gen9championsvgc2026regma-2581586840",
  "format": "[Gen 9 Champions] VGC 2026 Reg M-A",
  "players": [
    "CirclesOfSwellow",
    "TroolyGhoulie"
  ],
  "log": "|j|\u2606CirclesOfSwellow\n|j|\u2606TroolyGhoulie\n|t:|1776013088\n|gametype|doubles\n|player|p1|CirclesOfSwellow|barry|1094\n|player|p2|TroolyGhoulie|mina|1037\n|gen|9\n|tier|[Gen 9 Champions] VGC 2026 Reg M-A\n|rated|\n|rule|Species Clause: Limit one of each Pok\u00e9mon\n|rule|Item Clause: Limit 1 of each item\n|clearpoke\n|poke|p1|Scovillain, L50, F|\n|poke|p1|Garchomp, L50, F|\n|poke|p1|Incineroar, L50, M|\n|poke|p1|Meganium, L50, F|\n|poke|p1|Farigiraf, L50, F|\n|poke|p1|Torkoal, L50, F|\n|poke|p2|Drampa, L50, F|\n|poke|p2|Hatterene, L50, F|\n|poke|p2|Torkoal, L50, M|\n|poke|p2|Araquanid, L50, M|\n|poke|p2|Golurk, L50|\n|poke|p2|Mimikyu, L50, F|\n|teampreview|4\n|\n|t:|1776013103\n|teamsize|p1|4\n|teamsize|p2|4\n|start\n|switch|p1a: Scovillain|Scovillain, L50, F|100/100\n|switch|p1b: Incineroar|Incineroar, L50, M|100/100\n|switch|p2a: Drampa|Drampa, L50, F|100/100\n|switch|p2b: Hatterene|Hatterene, L50, F|100/100\n|-ability|p1b: Incineroar|Intimidate|boost\n|-unboost|p2a: Drampa|atk|1\n|-unboost|p2b: Hatterene|atk|1\n|turn|1\n|\n|t:|1776013131\n|switch|p1b: Torkoal|Torkoal, L50, F|100/100\n|-weather|SunnyDay|[from] ability: Drought|[of] p1b: Torkoal\n|move|p2b: Hatterene|Protect|p2b: Hatterene\n|-singleturn|p2b: Hatterene|Protect\n|move|p1a: Scovillain|Flare Blitz|p2b: Hatterene\n|-activate|p2b: Hatterene|move: Protect\n|move|p2a: Drampa|Roost||[still]\n|-fail|p2a: Drampa|heal\n|\n|-weather|SunnyDay|[upkeep]\n|upkeep\n|turn|2\n|\n|t:|1776013171\n|detailschange|p2a: Drampa|Drampa-Mega, L50, F\n|-mega|p2a: Drampa|Drampa|Drampanite\n|move|p1b: Torkoal|Helping Hand|p1a: Scovillain\n|-singleturn|p1a: Scovillain|Helping Hand|[of] p1b: Torkoal\n|move|p1a: Scovillain|Flare Blitz|p2a: Drampa\n|-resisted|p2a: Drampa|1\n|-damage|p2a: Drampa|43/100\n|-damage|p1a: Scovillain|80/100|[from] Recoil\n|-ability|p2a: Drampa|Berserk|boost\n|-boost|p2a: Drampa|spa|1\n|move|p2a: Drampa|Hyper Voice|p1b: Torkoal|[spread] p1a,p1b\n|-damage|p1a: Scovillain|0 fnt\n|-damage|p1b: Torkoal|17/100\n|faint|p1a: Scovillain\n|move|p2b: Hatterene|Trick Room|p2b: Hatterene\n|-fieldstart|move: Trick Room|[of] p2b: Hatterene\n|\n|-weather|SunnyDay|[upkeep]\n|upkeep\n|\n|t:|1776013182\n|switch|p1a: Incineroar|Incineroar, L50, M|100/100\n|-ability|p1a: Incineroar|Intimidate|boost\n|-unboost|p2a: Drampa|atk|1\n|-unboost|p2b: Hatterene|atk|1\n|turn|3\n|\n|t:|1776013198\n|move|p1a: Incineroar|Fake Out|p2a: Drampa\n|-damage|p2a: Drampa|32/100\n|move|p1b: Torkoal|Rest|p1b: Torkoal\n|-status|p1b: Torkoal|slp|[from] move: Rest\n|-heal|p1b: Torkoal|100/100 slp|[silent]\n|-enditem|p1b: Torkoal|Chesto Berry|[eat]\n|-curestatus|p1b: Torkoal|slp|[msg]\n|move|p2b: Hatterene|Heal Pulse|p2a: Drampa\n|-heal|p2a: Drampa|83/100\n|cant|p2a: Drampa|flinch\n|\n|-weather|SunnyDay|[upkeep]\n|upkeep\n|turn|4\n|\n|t:|1776013208\n|move|p1b: Torkoal|Eruption|p2a: Drampa|[spread] p2a,p2b\n|-resisted|p2a: Drampa|1\n|-damage|p2a: Drampa|50/100\n|-damage|p2b: Hatterene|38/100\n|-ability|p2a: Drampa|Berserk|boost\n|-boost|p2a: Drampa|spa|1\n|move|p2b: Hatterene|Mystical Fire|p1b: Torkoal\n|-resisted|p1b: Torkoal|1\n|-damage|p1b: Torkoal|80/100\n|-unboost|p1b: Torkoal|spa|1\n|move|p2a: Drampa|Hyper Voice|p1b: Torkoal|[spread] p1a,p1b\n|-damage|p1a: Incineroar|16/100\n|-damage|p1b: Torkoal|0 fnt\n|-enditem|p1a: Incineroar|Sitrus Berry|[eat]\n|-heal|p1a: Incineroar|41/100|[from] item: Sitrus Berry\n|faint|p1b: Torkoal\n|move|p1a: Incineroar|Close Combat|p2a: Drampa\n|-supereffective|p2a: Drampa|1\n|-damage|p2a: Drampa|0 fnt\n|-unboost|p1a: Incineroar|def|1\n|-unboost|p1a: Incineroar|spd|1\n|faint|p2a: Drampa\n|\n|-weather|SunnyDay|[upkeep]\n|upkeep\n|\n|t:|1776013222\n|switch|p1b: Garchomp|Garchomp, L50, F|100/100\n|switch|p2a: Golurk|Golurk, L50|100/100\n|turn|5\n|\n|t:|1776013244\n|move|p1b: Garchomp|Protect|p1b: Garchomp\n|-singleturn|p1b: Garchomp|Protect\n|move|p2b: Hatterene|Mystical Fire|p1b: Garchomp\n|-activate|p1b: Garchomp|move: Protect\n|move|p2a: Golurk|Headlong Rush|p1b: Garchomp\n|-activate|p1b: Garchomp|move: Protect\n|move|p1a: Incineroar|Flare Blitz|p2b: Hatterene\n|-damage|p2b: Hatterene|0 fnt\n|faint|p2b: Hatterene\n|-damage|p1a: Incineroar|31/100|[from] Recoil\n|\n|-weather|none\n|upkeep\n|\n|t:|1776013247\n|switch|p2b: Torkoal|Torkoal, L50, M|100/100\n|-weather|SunnyDay|[from] ability: Drought|[of] p2b: Torkoal\n|turn|6\n|inactive|Battle timer is ON: inactive players will automatically lose when time's up. (requested by TroolyGhoulie)\n|\n|t:|1776013263\n|move|p2b: Torkoal|Eruption|p1b: Garchomp|[spread] p1a,p1b\n|-resisted|p1a: Incineroar|1\n|-resisted|p1b: Garchomp|1\n|-damage|p1a: Incineroar|0 fnt\n|-damage|p1b: Garchomp|62/100\n|faint|p1a: Incineroar\n|move|p2a: Golurk|Headlong Rush|p1b: Garchomp\n|-damage|p1b: Garchomp|0 fnt\n|-unboost|p2a: Golurk|def|1\n|-unboost|p2a: Golurk|spd|1\n|-damage|p2a: Golurk|88/100|[from] ability: Rough Skin|[of] p1b: Garchomp\n|faint|p1b: Garchomp\n|\n|win|TroolyGhoulie\n|raw|CirclesOfSwellow's rating: 1094 &rarr; <strong>1066</strong><br />(-28 for losing)\n|raw|TroolyGhoulie's rating: 1037 &rarr; <strong>1077</strong><br />(+40 for winning)\n|l|\u2606CirclesOfSwellow\n|player|p1|\n|c|\u2606TroolyGhoulie|gg pw\n",
  "uploadtime": 1776013271,
  "views": 29,
  "formatid": "gen9championsvgc2026regma",
  "rating": 1066,
  "private": 0,
  "password": null
}