{
  "id": "gen9championsvgc2026regma-2584631402",
  "format": "[Gen 9 Champions] VGC 2026 Reg M-A",
  "players": [
    "ggbutton",
    "Flurrage"
  ],
  "log": "|j|\u2606ggbutton\n|j|\u2606Flurrage\n|t:|1776273283\n|gametype|doubles\n|player|p1|ggbutton|169|1047\n|player|p2|Flurrage|skierf-gen4dp|1145\n|gen|9\n|tier|[Gen 9 Champions] VGC 2026 Reg M-A\n|rated|\n|rule|Species Clause: Limit one of each Pok\u00e9mon\n|rule|Item Clause: Limit 1 of each item\n|clearpoke\n|poke|p1|Pelipper, L50, F|\n|poke|p1|Meganium, L50, M|\n|poke|p1|Archaludon, L50, F|\n|poke|p1|Kangaskhan, L50, F|\n|poke|p1|Tauros-Paldea-Aqua, L50, M|\n|poke|p1|Sneasler, L50, M|\n|poke|p2|Manectric, L50, M|\n|poke|p2|Basculegion, L50, M|\n|poke|p2|Incineroar, L50, F|\n|poke|p2|Dragonite, L50, M|\n|poke|p2|Corviknight, L50, F|\n|poke|p2|Meowscarada, L50, F|\n|teampreview|4\n|inactive|Battle timer is ON: inactive players will automatically lose when time's up. (requested by ggbutton)\n|inactive|ggbutton has 60 seconds left.\n|inactive|Flurrage has 60 seconds left.\n|\n|t:|1776273332\n|teamsize|p1|4\n|teamsize|p2|4\n|start\n|switch|p1a: Meganium|Meganium, L50, M|100/100\n|switch|p1b: Sneasler|Sneasler, L50, M|100/100\n|switch|p2a: Dragonite|Dragonite, L50, M|100/100\n|switch|p2b: Manectric|Manectric, L50, M|100/100\n|turn|1\n|\n|t:|1776273349\n|detailschange|p2b: Manectric|Manectric-Mega, L50, M\n|-mega|p2b: Manectric|Manectric|Manectite\n|-ability|p2b: Manectric|Intimidate|boost\n|-unboost|p1a: Meganium|atk|1\n|-unboost|p1b: Sneasler|atk|1\n|-enditem|p1b: Sneasler|White Herb\n|-clearnegativeboost|p1b: Sneasler|[silent]\n|detailschange|p1a: Meganium|Meganium-Mega, L50, M\n|-mega|p1a: Meganium|Meganium|Meganiumite\n|move|p1b: Sneasler|Fake Out|p2a: Dragonite\n|-damage|p2a: Dragonite|87/100\n|move|p2b: Manectric|Snarl|p1b: Sneasler|[spread] p1a,p1b\n|-resisted|p1a: Meganium|1\n|-resisted|p1b: Sneasler|1\n|-damage|p1a: Meganium|93/100\n|-damage|p1b: Sneasler|90/100\n|-unboost|p1a: Meganium|spa|1\n|-unboost|p1b: Sneasler|spa|1\n|move|p1a: Meganium|Dazzling Gleam|p2a: Dragonite|[spread] p2a,p2b\n|-supereffective|p2a: Dragonite|1\n|-damage|p2a: Dragonite|45/100\n|-damage|p2b: Manectric|65/100\n|move|p2a: Dragonite|Tailwind|p2a: Dragonite\n|-sidestart|p2: Flurrage|move: Tailwind\n|\n|upkeep\n|turn|2\n|inactive|ggbutton has 30 seconds left.\n|inactive|Flurrage has 30 seconds left.\n|\n|t:|1776273381\n|switch|p1a: Tauros|Tauros-Paldea-Aqua, L50, M|100/100\n|-ability|p1a: Tauros|Intimidate|boost\n|-fail|p2a: Dragonite|unboost|Attack|[from] ability: Inner Focus|[of] p2a: Dragonite\n|-unboost|p2b: Manectric|atk|1\n|move|p2b: Manectric|Snarl|p1b: Sneasler|[spread] p1a,p1b\n|-resisted|p1a: Tauros|1\n|-resisted|p1b: Sneasler|1\n|-damage|p1a: Tauros|90/100\n|-damage|p1b: Sneasler|79/100\n|-unboost|p1a: Tauros|spa|1\n|-unboost|p1b: Sneasler|spa|1\n|move|p1b: Sneasler|Dire Claw|p2a: Dragonite\n|-damage|p2a: Dragonite|6/100\n|move|p2a: Dragonite|Dragon Claw|p1b: Sneasler\n|-damage|p1b: Sneasler|11/100\n|\n|upkeep\n|turn|3\n|\n|t:|1776273402\n|move|p1a: Tauros|Aqua Jet|p2a: Dragonite\n|-resisted|p2a: Dragonite|1\n|-damage|p2a: Dragonite|0 fnt\n|faint|p2a: Dragonite\n|move|p2b: Manectric|Volt Switch|p1b: Sneasler\n|-damage|p1b: Sneasler|0 fnt\n|faint|p1b: Sneasler\n|\n|t:|1776273407\n|switch|p2b: Meowscarada|Meowscarada, L50, F|100/100|[from] Volt Switch\n|\n|upkeep\n|\n|t:|1776273412\n|switch|p1b: Pelipper|Pelipper, L50, F|100/100\n|switch|p2a: Manectric|Manectric-Mega, L50, M|65/100\n|-ability|p2a: Manectric|Intimidate|boost\n|-unboost|p1a: Tauros|atk|1\n|-unboost|p1b: Pelipper|atk|1\n|-weather|RainDance|[from] ability: Drizzle|[of] p1b: Pelipper\n|turn|4\n|\n|t:|1776273428\n|switch|p1a: Meganium|Meganium-Mega, L50, M|93/100\n|move|p2a: Manectric|Volt Switch|p1b: Pelipper\n|-supereffective|p1b: Pelipper|2\n|-enditem|p1b: Pelipper|Focus Sash\n|-damage|p1b: Pelipper|1/100\n|\n|t:|1776273432\n|switch|p2a: Basculegion|Basculegion, L50, M|100/100|[from] Volt Switch\n|move|p2b: Meowscarada|Flower Trick|p1a: Meganium\n|-resisted|p1a: Meganium|1\n|-crit|p1a: Meganium\n|-damage|p1a: Meganium|70/100\n|move|p1b: Pelipper|Tailwind|p1b: Pelipper\n|-sidestart|p1: ggbutton|move: Tailwind\n|\n|-weather|RainDance|[upkeep]\n|-sideend|p2: Flurrage|move: Tailwind\n|upkeep\n|turn|5\n|inactive|Flurrage has 30 seconds left.\n|inactive|ggbutton has 30 seconds left.\n|\n|t:|1776273465\n|move|p2b: Meowscarada|Protect|p2b: Meowscarada\n|-singleturn|p2b: Meowscarada|Protect\n|move|p2a: Basculegion|Last Respects|p1a: Meganium\n|-damage|p1a: Meganium|22/100\n|move|p1a: Meganium|Dazzling Gleam|p2b: Meowscarada|[spread] p2a\n|-activate|p2b: Meowscarada|move: Protect\n|-damage|p2a: Basculegion|56/100\n|move|p1b: Pelipper|Hurricane|p2b: Meowscarada\n|-activate|p2b: Meowscarada|move: Protect\n|\n|-weather|RainDance|[upkeep]\n|upkeep\n|turn|6\n|\n|t:|1776273484\n|switch|p1a: Tauros|Tauros-Paldea-Aqua, L50, M|90/100\n|-ability|p1a: Tauros|Intimidate|boost\n|-unboost|p2a: Basculegion|atk|1\n|-unboost|p2b: Meowscarada|atk|1\n|move|p2a: Basculegion|Last Respects|p1a: Tauros\n|-damage|p1a: Tauros|50/100\n|move|p1b: Pelipper|Hurricane|p2b: Meowscarada\n|-supereffective|p2b: Meowscarada|1\n|-enditem|p2b: Meowscarada|Focus Sash\n|-damage|p2b: Meowscarada|1/100\n|-start|p2b: Meowscarada|confusion\n|-activate|p2b: Meowscarada|confusion\n|move|p2b: Meowscarada|Flower Trick|p1b: Pelipper\n|-crit|p1b: Pelipper\n|-damage|p1b: Pelipper|0 fnt\n|faint|p1b: Pelipper\n|\n|-weather|RainDance|[upkeep]\n|upkeep\n|\n|t:|1776273496\n|switch|p1b: Meganium|Meganium-Mega, L50, M|22/100\n|turn|7\n|\n|t:|1776273512\n|switch|p2a: Manectric|Manectric-Mega, L50, M|65/100\n|-ability|p2a: Manectric|Intimidate|boost\n|-unboost|p1a: Tauros|atk|1\n|-unboost|p1b: Meganium|atk|1\n|-activate|p2b: Meowscarada|confusion\n|-damage|p2b: Meowscarada|0 fnt|[from] confusion\n|faint|p2b: Meowscarada\n|move|p1a: Tauros|Wave Crash|p2a: Manectric\n|-damage|p2a: Manectric|0 fnt\n|faint|p2a: Manectric\n|-damage|p1a: Tauros|30/100|[from] Recoil\n|move|p1b: Meganium|Dazzling Gleam|p2: Manectric|[notarget]\n|-fail|p1b: Meganium\n|\n|-weather|RainDance|[upkeep]\n|-sideend|p1: ggbutton|move: Tailwind\n|upkeep\n|\n|t:|1776273516\n|switch|p2b: Basculegion|Basculegion, L50, M|56/100\n|turn|8\n|\n|t:|1776273531\n|move|p2b: Basculegion|Last Respects|p1a: Tauros\n|-crit|p1a: Tauros\n|-damage|p1a: Tauros|0 fnt\n|faint|p1a: Tauros\n|move|p1b: Meganium|Solar Beam||[still]\n|-prepare|p1b: Meganium|Solar Beam\n|-activate|p1b: Meganium|ability: Mega Sol\n|-anim|p1b: Meganium|Solar Beam|p2b: Basculegion\n|-supereffective|p2b: Basculegion|1\n|-damage|p2b: Basculegion|0 fnt\n|faint|p2b: Basculegion\n|\n|win|ggbutton\n|raw|ggbutton's rating: 1047 &rarr; <strong>1089</strong><br />(+42 for winning)\n|raw|Flurrage's rating: 1145 &rarr; <strong>1113</strong><br />(-32 for losing)\n|l|\u2606ggbutton\n|player|p1|\n",
  "uploadtime": 1776273545,
  "views": 19,
  "formatid": "gen9championsvgc2026regma",
  "rating": 1089,
  "private": 0,
  "password": null
}