{
  "id": "gen9championsvgc2026regma-2581311187",
  "format": "[Gen 9 Champions] VGC 2026 Reg M-A",
  "players": [
    "coffu",
    "caustic soda"
  ],
  "log": "|j|\u2606coffu\n|j|\u2606caustic soda\n|t:|1775984951\n|gametype|doubles\n|player|p1|coffu|elesa|1045\n|player|p2|caustic soda|169|1097\n|gen|9\n|tier|[Gen 9 Champions] VGC 2026 Reg M-A\n|rated|\n|rule|Species Clause: Limit one of each Pok\u00e9mon\n|rule|Item Clause: Limit 1 of each item\n|clearpoke\n|poke|p1|Gengar, L50, F|\n|poke|p1|Incineroar, L50, F|\n|poke|p1|Meowscarada, L50, F|\n|poke|p1|Politoed, L50, M|\n|poke|p1|Basculegion, L50, M|\n|poke|p1|Archaludon, L50, F|\n|poke|p2|Chesnaught, L50, F|\n|poke|p2|Sneasler, L50, F|\n|poke|p2|Farigiraf, L50, M|\n|poke|p2|Incineroar, L50, M|\n|poke|p2|Aerodactyl, L50, F|\n|poke|p2|Dragapult, L50, F|\n|teampreview|4\n|\n|t:|1775984993\n|teamsize|p1|4\n|teamsize|p2|4\n|start\n|switch|p1a: Gengar|Gengar, L50, F, shiny|100/100\n|switch|p1b: Incineroar|Incineroar, L50, F, shiny|100/100\n|switch|p2a: Farigiraf|Farigiraf, L50, M|100/100\n|switch|p2b: Chesnaught|Chesnaught, L50, F|100/100\n|-ability|p1b: Incineroar|Intimidate|boost\n|-unboost|p2a: Farigiraf|atk|1\n|-unboost|p2b: Chesnaught|atk|1\n|turn|1\n|\n|t:|1775985017\n|detailschange|p1a: Gengar|Gengar-Mega, L50, F, shiny\n|-mega|p1a: Gengar|Gengar|Gengarite\n|detailschange|p2b: Chesnaught|Chesnaught-Mega, L50, F\n|-mega|p2b: Chesnaught|Chesnaught|Chesnaughtite\n|move|p1b: Incineroar|Fake Out||[still]\n|cant|p2a: Farigiraf|ability: Armor Tail|Fake Out|[of] p1b: Incineroar\n|move|p1a: Gengar|Perish Song|p1a: Gengar\n|-start|p1a: Gengar|perish3|[silent]\n|-start|p1b: Incineroar|perish3|[silent]\n|-start|p2a: Farigiraf|perish3|[silent]\n|-start|p2b: Chesnaught|perish3|[silent]\n|-fieldactivate|move: Perish Song\n|move|p2b: Chesnaught|Iron Defense|p2b: Chesnaught\n|-boost|p2b: Chesnaught|def|2\n|move|p2a: Farigiraf|Trick Room|p2a: Farigiraf\n|-fieldstart|move: Trick Room|[of] p2a: Farigiraf\n|\n|-start|p2b: Chesnaught|perish3\n|-start|p1b: Incineroar|perish3\n|-start|p2a: Farigiraf|perish3\n|-start|p1a: Gengar|perish3\n|upkeep\n|turn|2\n|\n|t:|1775985066\n|switch|p1a: Archaludon|Archaludon, L50, F, shiny|100/100\n|move|p2b: Chesnaught|Body Press|p1b: Incineroar\n|-supereffective|p1b: Incineroar|1\n|-enditem|p1b: Incineroar|Chople Berry|[eat]\n|-enditem|p1b: Incineroar|Chople Berry|[weaken]\n|-damage|p1b: Incineroar|5/100\n|move|p1b: Incineroar|Parting Shot|p2b: Chesnaught\n|-unboost|p2b: Chesnaught|atk|1\n|-unboost|p2b: Chesnaught|spa|1\n|\n|t:|1775985075\n|switch|p1b: Gengar|Gengar-Mega, L50, F, shiny|100/100|[from] Parting Shot\n|move|p2a: Farigiraf|Psychic Noise|p1a: Archaludon\n|-resisted|p1a: Archaludon|1\n|-crit|p1a: Archaludon\n|-damage|p1a: Archaludon|74/100\n|-start|p1a: Archaludon|move: Heal Block\n|-ability|p1a: Archaludon|Stamina|boost\n|-boost|p1a: Archaludon|def|1\n|\n|-start|p2b: Chesnaught|perish2\n|-start|p2a: Farigiraf|perish2\n|upkeep\n|turn|3\n|\n|t:|1775985104\n|move|p1a: Archaludon|Protect|p1a: Archaludon\n|-singleturn|p1a: Archaludon|Protect\n|move|p2b: Chesnaught|Body Press|p1a: Archaludon\n|-activate|p1a: Archaludon|move: Protect\n|move|p2a: Farigiraf|Psychic Noise|p1b: Gengar\n|-supereffective|p1b: Gengar|1\n|-damage|p1b: Gengar|17/100\n|-start|p1b: Gengar|move: Heal Block\n|move|p1b: Gengar|Sludge Wave|p2b: Chesnaught|[spread] p2a,p2b\n|-activate|p1a: Archaludon|move: Protect\n|-supereffective|p2b: Chesnaught|1\n|-damage|p2a: Farigiraf|64/100\n|-damage|p2b: Chesnaught|28/100\n|\n|-end|p1a: Archaludon|move: Heal Block\n|-start|p2b: Chesnaught|perish1\n|-start|p2a: Farigiraf|perish1\n|upkeep\n|turn|4\n|\n|t:|1775985154\n|move|p1b: Gengar|Protect|p1b: Gengar\n|-singleturn|p1b: Gengar|Protect\n|move|p2b: Chesnaught|Body Press|p1a: Archaludon\n|-supereffective|p1a: Archaludon|1\n|-damage|p1a: Archaludon|0 fnt\n|faint|p1a: Archaludon\n|move|p2a: Farigiraf|Hyper Voice|p1b: Gengar\n|-activate|p1b: Gengar|move: Protect\n|\n|-end|p1b: Gengar|move: Heal Block\n|-start|p2b: Chesnaught|perish0\n|-start|p2a: Farigiraf|perish0\n|faint|p2b: Chesnaught\n|faint|p2a: Farigiraf\n|upkeep\n|\n|t:|1775985166\n|switch|p2b: Sneasler|Sneasler, L50, F|100/100\n|switch|p2a: Incineroar|Incineroar, L50, M|100/100\n|switch|p1a: Incineroar|Incineroar, L50, F, shiny|5/100\n|-ability|p1a: Incineroar|Intimidate|boost\n|-unboost|p2a: Incineroar|atk|1\n|-unboost|p2b: Sneasler|atk|1\n|-ability|p2a: Incineroar|Intimidate|boost\n|-unboost|p1a: Incineroar|atk|1\n|-unboost|p1b: Gengar|atk|1\n|-enditem|p2b: Sneasler|White Herb\n|-clearnegativeboost|p2b: Sneasler|[silent]\n|turn|5\n|\n|t:|1775985198\n|move|p1a: Incineroar|Fake Out|p2a: Incineroar\n|-damage|p2a: Incineroar|94/100\n|cant|p2a: Incineroar|flinch\n|move|p1b: Gengar|Perish Song|p1b: Gengar\n|-start|p1a: Incineroar|perish3|[silent]\n|-start|p1b: Gengar|perish3|[silent]\n|-start|p2a: Incineroar|perish3|[silent]\n|-start|p2b: Sneasler|perish3|[silent]\n|-fieldactivate|move: Perish Song\n|move|p2b: Sneasler|Dire Claw|p1b: Gengar\n|-resisted|p1b: Gengar|2\n|-damage|p1b: Gengar|0 fnt\n|faint|p1b: Gengar\n|\n|-start|p1a: Incineroar|perish3\n|-start|p2a: Incineroar|perish3\n|-start|p2b: Sneasler|perish3\n|-fieldend|move: Trick Room\n|upkeep\n|\n|t:|1775985211\n|switch|p1b: Meowscarada|Meowscarada, L50, F|100/100\n|turn|6\n|\n|t:|1775985283\n|move|p2b: Sneasler|Dire Claw|p1b: Meowscarada\n|-supereffective|p1b: Meowscarada|1\n|-enditem|p1b: Meowscarada|Focus Sash\n|-damage|p1b: Meowscarada|1/100\n|move|p1b: Meowscarada|Knock Off|p2b: Sneasler\n|-start|p1b: Meowscarada|typechange|Dark|[from] ability: Protean\n|-resisted|p2b: Sneasler|1\n|-damage|p2b: Sneasler|70/100\n|move|p2a: Incineroar|Darkest Lariat|p1a: Incineroar\n|-resisted|p1a: Incineroar|1\n|-damage|p1a: Incineroar|0 fnt\n|faint|p1a: Incineroar\n|\n|-start|p2b: Sneasler|perish2\n|-start|p2a: Incineroar|perish2\n|upkeep\n|turn|7\n|\n|t:|1775985316\n|move|p2b: Sneasler|Dire Claw|p1b: Meowscarada\n|-damage|p1b: Meowscarada|0 fnt\n|faint|p1b: Meowscarada\n|\n|win|caustic soda\n|raw|coffu's rating: 1045 &rarr; <strong>1031</strong><br />(-14 for losing)\n|raw|caustic soda's rating: 1097 &rarr; <strong>1119</strong><br />(+22 for winning)\n|l|\u2606coffu\n|player|p1|\n",
  "uploadtime": 1775985331,
  "views": 15,
  "formatid": "gen9championsvgc2026regma",
  "rating": 1031,
  "private": 0,
  "password": null
}