{
  "id": "gen9championsvgc2026regma-2583942856",
  "format": "[Gen 9 Champions] VGC 2026 Reg M-A",
  "players": [
    "h2obama",
    "Joedang1"
  ],
  "log": "|j|\u2606h2obama\n|j|\u2606Joedang1\n|t:|1776210390\n|gametype|doubles\n|player|p1|h2obama|170|1187\n|player|p2|Joedang1|170|1206\n|gen|9\n|tier|[Gen 9 Champions] VGC 2026 Reg M-A\n|rated|\n|rule|Species Clause: Limit one of each Pok\u00e9mon\n|rule|Item Clause: Limit 1 of each item\n|clearpoke\n|poke|p1|Scovillain, L50, F|\n|poke|p1|Tyranitar, L50, F|\n|poke|p1|Aegislash, L50, F|\n|poke|p1|Milotic, L50, F|\n|poke|p1|Aerodactyl, L50, M|\n|poke|p1|Basculegion, L50, M|\n|poke|p2|Tyranitar, L50, M|\n|poke|p2|Whimsicott, L50, M|\n|poke|p2|Excadrill, L50, M|\n|poke|p2|Aegislash, L50, M|\n|poke|p2|Incineroar, L50, F|\n|poke|p2|Farigiraf, L50, M|\n|teampreview|4\n|\n|t:|1776210427\n|teamsize|p1|4\n|teamsize|p2|4\n|start\n|switch|p1a: Scovillain|Scovillain, L50, F|100/100\n|switch|p1b: Milotic|Milotic, L50, F|100/100\n|switch|p2a: Incineroar|Incineroar, L50, F|100/100\n|switch|p2b: Whimsicott|Whimsicott, L50, M|100/100\n|-ability|p2a: Incineroar|Intimidate|boost\n|-unboost|p1a: Scovillain|atk|1\n|-unboost|p1b: Milotic|atk|1\n|-ability|p1b: Milotic|Competitive|boost\n|-boost|p1b: Milotic|spa|2\n|turn|1\n|\n|t:|1776210447\n|detailschange|p1a: Scovillain|Scovillain-Mega, L50, F\n|-mega|p1a: Scovillain|Scovillain|Scovillainite\n|move|p1b: Milotic|Protect|p1b: Milotic\n|-singleturn|p1b: Milotic|Protect\n|move|p2a: Incineroar|Fake Out|p1b: Milotic\n|-activate|p1b: Milotic|move: Protect\n|move|p2b: Whimsicott|Tailwind|p2b: Whimsicott\n|-sidestart|p2: Joedang1|move: Tailwind\n|move|p1a: Scovillain|Flamethrower|p2b: Whimsicott\n|-supereffective|p2b: Whimsicott|1\n|-enditem|p2b: Whimsicott|Focus Sash\n|-damage|p2b: Whimsicott|1/100\n|\n|upkeep\n|turn|2\n|\n|t:|1776210463\n|move|p1a: Scovillain|Rage Powder|p1a: Scovillain\n|-singleturn|p1a: Scovillain|move: Rage Powder\n|move|p2b: Whimsicott|Light Screen|p2b: Whimsicott\n|-sidestart|p2: Joedang1|move: Light Screen\n|move|p2a: Incineroar|Parting Shot|p1a: Scovillain\n|-unboost|p1a: Scovillain|atk|1\n|-unboost|p1a: Scovillain|spa|1\n|\n|t:|1776210471\n|switch|p2a: Aegislash|Aegislash, L50, M|100/100|[from] Parting Shot\n|move|p1b: Milotic|Coil|p1b: Milotic\n|-boost|p1b: Milotic|atk|1\n|-boost|p1b: Milotic|def|1\n|-boost|p1b: Milotic|accuracy|1\n|\n|upkeep\n|turn|3\n|\n|t:|1776210496\n|move|p2b: Whimsicott|Protect|p2b: Whimsicott\n|-singleturn|p2b: Whimsicott|Protect\n|move|p1a: Scovillain|Rage Powder|p1a: Scovillain\n|-singleturn|p1a: Scovillain|move: Rage Powder\n|-formechange|p2a: Aegislash|Aegislash-Blade|\n|move|p2a: Aegislash|Shadow Ball|p1a: Scovillain\n|-damage|p1a: Scovillain|35/100\n|-status|p2a: Aegislash|brn|[from] ability: Spicy Spray|[of] p1a: Scovillain\n|move|p1b: Milotic|Muddy Water|p2a: Aegislash|[spread] p2a\n|-activate|p2b: Whimsicott|move: Protect\n|-damage|p2a: Aegislash|26/100 brn\n|\n|-damage|p2a: Aegislash|20/100 brn|[from] brn\n|upkeep\n|turn|4\n|\n|t:|1776210537\n|switch|p2b: Incineroar|Incineroar, L50, F|100/100\n|-ability|p2b: Incineroar|Intimidate|boost\n|-unboost|p1a: Scovillain|atk|1\n|-unboost|p1b: Milotic|atk|1\n|-ability|p1b: Milotic|Competitive|boost\n|-boost|p1b: Milotic|spa|2\n|move|p1a: Scovillain|Rage Powder|p1a: Scovillain\n|-singleturn|p1a: Scovillain|move: Rage Powder\n|move|p2a: Aegislash|Shadow Ball|p1a: Scovillain\n|-damage|p1a: Scovillain|0 fnt\n|faint|p1a: Scovillain\n|move|p1b: Milotic|Muddy Water|p2b: Incineroar|[spread] p2a,p2b\n|-supereffective|p2b: Incineroar|1\n|-damage|p2a: Aegislash|0 fnt\n|-damage|p2b: Incineroar|0 fnt\n|faint|p2a: Aegislash\n|faint|p2b: Incineroar\n|\n|-sideend|p2: Joedang1|move: Tailwind\n|upkeep\n|l|\u2606h2obama\n|player|p1|\n|j|\u2606h2obama\n|player|p1|h2obama|170|\n|\n|t:|1776210563\n|switch|p1a: Basculegion|Basculegion, L50, M|100/100\n|switch|p2b: Whimsicott|Whimsicott, L50, M|1/100\n|switch|p2a: Excadrill|Excadrill, L50, M|100/100\n|turn|5\n|\n|t:|1776210591\n|detailschange|p2a: Excadrill|Excadrill-Mega, L50, M\n|-mega|p2a: Excadrill|Excadrill|Excadrite\n|move|p1a: Basculegion|Aqua Jet|p2b: Whimsicott\n|-resisted|p2b: Whimsicott|1\n|-damage|p2b: Whimsicott|0 fnt\n|faint|p2b: Whimsicott\n|move|p2a: Excadrill|Earthquake|p1b: Milotic|[spread] p1a,p1b\n|-damage|p1a: Basculegion|39/100\n|-damage|p1b: Milotic|66/100\n|move|p1b: Milotic|Muddy Water|p2a: Excadrill\n|-supereffective|p2a: Excadrill|1\n|-damage|p2a: Excadrill|0 fnt\n|faint|p2a: Excadrill\n|\n|win|h2obama\n|raw|h2obama's rating: 1187 &rarr; <strong>1213</strong><br />(+26 for winning)\n|raw|Joedang1's rating: 1206 &rarr; <strong>1180</strong><br />(-26 for losing)\n",
  "uploadtime": 1776210605,
  "views": 16,
  "formatid": "gen9championsvgc2026regma",
  "rating": 1180,
  "private": 0,
  "password": null
}