{
  "id": "gen9championsvgc2026regma-2582471497",
  "format": "[Gen 9 Champions] VGC 2026 Reg M-A",
  "players": [
    "stakanaka",
    "Juya"
  ],
  "log": "|j|\u2606stakanaka\n|j|\u2606Juya\n|t:|1776093846\n|gametype|doubles\n|player|p1|stakanaka|brock|1179\n|player|p2|Juya|265|1227\n|gen|9\n|tier|[Gen 9 Champions] VGC 2026 Reg M-A\n|rated|\n|rule|Species Clause: Limit one of each Pok\u00e9mon\n|rule|Item Clause: Limit 1 of each item\n|clearpoke\n|poke|p1|Golurk, L50|\n|poke|p1|Incineroar, L50, F|\n|poke|p1|Gallade, L50, M|\n|poke|p1|Oranguru, L50, F|\n|poke|p1|Drampa, L50, M|\n|poke|p1|Orthworm, L50, M|\n|poke|p2|Gengar, L50, F|\n|poke|p2|Azumarill, L50, F|\n|poke|p2|Kommo-o, L50, M|\n|poke|p2|Tsareena, L50, F|\n|poke|p2|Incineroar, L50, F|\n|poke|p2|Corviknight, L50, F|\n|teampreview|4\n|inactive|Battle timer is ON: inactive players will automatically lose when time's up. (requested by Juya)\n|c|\u2606stakanaka|glhf\n|\n|t:|1776093874\n|teamsize|p1|4\n|teamsize|p2|4\n|start\n|switch|p1a: D4C love train|Gallade, L50, M, shiny|100/100\n|switch|p1b: magician's red|Incineroar, L50, F|100/100\n|switch|p2a: Corviknight|Corviknight, L50, F|100/100\n|switch|p2b: Incineroar|Incineroar, L50, F|100/100\n|-ability|p2b: Incineroar|Intimidate|boost\n|-unboost|p1a: D4C love train|atk|1\n|-unboost|p1b: magician's red|atk|1\n|-ability|p1b: magician's red|Intimidate|boost\n|-ability|p2a: Corviknight|Mirror Armor\n|-unboost|p1b: magician's red|atk|1\n|-unboost|p2b: Incineroar|atk|1\n|turn|1\n|\n|t:|1776093895\n|move|p2b: Incineroar|Protect|p2b: Incineroar\n|-singleturn|p2b: Incineroar|Protect\n|move|p1b: magician's red|Fake Out|p2a: Corviknight\n|-resisted|p2a: Corviknight|1\n|-damage|p2a: Corviknight|98/100\n|cant|p2a: Corviknight|flinch\n|move|p1a: D4C love train|Trick Room|p1a: D4C love train\n|-fieldstart|move: Trick Room|[of] p1a: D4C love train\n|\n|-heal|p2a: Corviknight|100/100|[from] item: Leftovers\n|upkeep\n|turn|2\n|\n|t:|1776093917\n|switch|p2b: Azumarill|Azumarill, L50, F|100/100\n|switch|p1a: hermit purple|Oranguru, L50, F|100/100\n|move|p1b: magician's red|Parting Shot|p2b: Azumarill\n|-unboost|p2b: Azumarill|atk|1\n|-unboost|p2b: Azumarill|spa|1\n|\n|t:|1776093936\n|switch|p1b: D4C love train|Gallade, L50, M, shiny|100/100|[from] Parting Shot\n|move|p2a: Corviknight|Drill Peck|p1a: hermit purple\n|-damage|p1a: hermit purple|79/100\n|\n|upkeep\n|turn|3\n|\n|t:|1776093946\n|switch|p1a: magician's red|Incineroar, L50, F|100/100\n|-ability|p1a: magician's red|Intimidate|boost\n|-ability|p2a: Corviknight|Mirror Armor\n|-unboost|p1a: magician's red|atk|1\n|-unboost|p2b: Azumarill|atk|1\n|move|p2b: Azumarill|Protect|p2b: Azumarill\n|-singleturn|p2b: Azumarill|Protect\n|move|p2a: Corviknight|Drill Peck|p1b: D4C love train\n|-supereffective|p1b: D4C love train|1\n|-damage|p1b: D4C love train|11/100\n|move|p1b: D4C love train|Psycho Cut|p2b: Azumarill\n|-activate|p2b: Azumarill|move: Protect\n|\n|upkeep\n|turn|4\n|\n|t:|1776093970\n|switch|p2b: Incineroar|Incineroar, L50, F|100/100\n|-ability|p2b: Incineroar|Intimidate|boost\n|-unboost|p1a: magician's red|atk|1\n|-unboost|p1b: D4C love train|atk|1\n|move|p1a: magician's red|Flare Blitz|p2a: Corviknight\n|-supereffective|p2a: Corviknight|1\n|-damage|p2a: Corviknight|50/100\n|-damage|p1a: magician's red|84/100|[from] Recoil\n|move|p2a: Corviknight|Drill Peck|p1b: D4C love train\n|-supereffective|p1b: D4C love train|1\n|-damage|p1b: D4C love train|0 fnt\n|faint|p1b: D4C love train\n|\n|-heal|p2a: Corviknight|55/100|[from] item: Leftovers\n|upkeep\n|\n|t:|1776093984\n|switch|p1b: heavy weather|Drampa, L50, M|100/100\n|-ability|p1b: heavy weather|Cloud Nine\n|turn|5\n|\n|t:|1776094009\n|switch|p1b: hermit purple|Oranguru, L50, F|79/100\n|switch|p2a: Azumarill|Azumarill, L50, F|100/100\n|move|p2b: Incineroar|Fake Out|p1b: hermit purple\n|-damage|p1b: hermit purple|70/100\n|move|p1a: magician's red|Parting Shot|p2a: Azumarill\n|-unboost|p2a: Azumarill|atk|1\n|-unboost|p2a: Azumarill|spa|1\n|\n|t:|1776094019\n|switch|p1a: heavy weather|Drampa, L50, M|100/100|[from] Parting Shot\n|-ability|p1a: heavy weather|Cloud Nine\n|\n|-fieldend|move: Trick Room\n|upkeep\n|turn|6\n|\n|t:|1776094029\n|move|p1a: heavy weather|Protect|p1a: heavy weather\n|-singleturn|p1a: heavy weather|Protect\n|move|p2b: Incineroar|Throat Chop|p1b: hermit purple\n|-supereffective|p1b: hermit purple|1\n|-damage|p1b: hermit purple|11/100\n|-start|p1b: hermit purple|Throat Chop|[silent]\n|move|p2a: Azumarill|Play Rough|p1b: hermit purple\n|-damage|p1b: hermit purple|0 fnt\n|faint|p1b: hermit purple\n|\n|upkeep\n|c|\u2606stakanaka|well played\n|\n|t:|1776094040\n|switch|p1b: magician's red|Incineroar, L50, F|84/100\n|-ability|p1b: magician's red|Intimidate|boost\n|-unboost|p2a: Azumarill|atk|1\n|-unboost|p2b: Incineroar|atk|1\n|turn|7\n|\n|t:|1776094051\n|switch|p2a: Corviknight|Corviknight, L50, F|55/100\n|detailschange|p1a: heavy weather|Drampa-Mega, L50, M\n|-mega|p1a: heavy weather|Drampa|Drampanite\n|move|p1b: magician's red|Fake Out|p2a: Corviknight\n|-resisted|p2a: Corviknight|1\n|-damage|p2a: Corviknight|50/100\n|move|p2b: Incineroar|Parting Shot|p1a: heavy weather\n|-unboost|p1a: heavy weather|atk|1\n|-unboost|p1a: heavy weather|spa|1\n|\n|t:|1776094060\n|switch|p2b: Azumarill|Azumarill, L50, F|100/100|[from] Parting Shot\n|move|p1a: heavy weather|Hyper Voice|p2b: Azumarill|[spread] p2a,p2b\n|-resisted|p2a: Corviknight|1\n|-damage|p2a: Corviknight|37/100\n|-damage|p2b: Azumarill|72/100\n|\n|-heal|p2a: Corviknight|43/100|[from] item: Leftovers\n|upkeep\n|turn|8\n|c|\u2606stakanaka|yeah I'm cooked\n|c|\u2606stakanaka|gg\n|-message|stakanaka forfeited.\n|\n|win|Juya\n|raw|stakanaka's rating: 1179 &rarr; <strong>1157</strong><br />(-22 for losing)\n|raw|Juya's rating: 1227 &rarr; <strong>1249</strong><br />(+22 for winning)\n|l|\u2606stakanaka\n|player|p1|\n",
  "uploadtime": 1776094076,
  "views": 14,
  "formatid": "gen9championsvgc2026regma",
  "rating": 1157,
  "private": 0,
  "password": null
}