{
  "id": "gen9championsvgc2026regma-2586226045",
  "format": "[Gen 9 Champions] VGC 2026 Reg M-A",
  "players": [
    "apexdesu",
    "HeyPog"
  ],
  "log": "|j|\u2606apexdesu\n|j|\u2606HeyPog\n|t:|1776414619\n|gametype|doubles\n|player|p1|apexdesu|cowgirl|1105\n|player|p2|HeyPog|101|1174\n|gen|9\n|tier|[Gen 9 Champions] VGC 2026 Reg M-A\n|rated|\n|rule|Species Clause: Limit one of each Pok\u00e9mon\n|rule|Item Clause: Limit 1 of each item\n|clearpoke\n|poke|p1|Ninetales-Alola, L50, M|\n|poke|p1|Crabominable, L50, M|\n|poke|p1|Camerupt, L50, M|\n|poke|p1|Incineroar, L50, F|\n|poke|p1|Farigiraf, L50, M|\n|poke|p1|Torkoal, L50, F|\n|poke|p2|Pelipper, L50, F|\n|poke|p2|Archaludon, L50, M|\n|poke|p2|Dragonite, L50, F|\n|poke|p2|Aerodactyl, L50, F|\n|poke|p2|Basculegion, L50, M|\n|poke|p2|Rotom-Heat, L50|\n|teampreview|4\n|inactive|Battle timer is ON: inactive players will automatically lose when time's up. (requested by HeyPog)\n|inactive|HeyPog has 60 seconds left.\n|\n|t:|1776414678\n|teamsize|p1|4\n|teamsize|p2|4\n|start\n|switch|p1a: Incineroar|Incineroar, L50, F|100/100\n|switch|p1b: Farigiraf|Farigiraf, L50, M|100/100\n|switch|p2a: Aerodactyl|Aerodactyl, L50, F|100/100\n|switch|p2b: Pelipper|Pelipper, L50, F|100/100\n|-ability|p2a: Aerodactyl|Unnerve\n|-weather|RainDance|[from] ability: Drizzle|[of] p2b: Pelipper\n|-ability|p1a: Incineroar|Intimidate|boost\n|-unboost|p2a: Aerodactyl|atk|1\n|-unboost|p2b: Pelipper|atk|1\n|turn|1\n|inactive|HeyPog has 30 seconds left.\n|\n|t:|1776414704\n|detailschange|p2a: Aerodactyl|Aerodactyl-Mega, L50, F\n|-mega|p2a: Aerodactyl|Aerodactyl|Aerodactylite\n|move|p1a: Incineroar|Fake Out|p2b: Pelipper\n|-damage|p2b: Pelipper|87/100\n|move|p2a: Aerodactyl|Rock Slide|p1a: Incineroar|[spread] p1a\n|-miss|p2a: Aerodactyl|p1b: Farigiraf\n|-supereffective|p1a: Incineroar|1\n|-damage|p1a: Incineroar|62/100\n|cant|p2b: Pelipper|flinch\n|move|p1b: Farigiraf|Trick Room|p1b: Farigiraf\n|-fieldstart|move: Trick Room|[of] p1b: Farigiraf\n|\n|-weather|RainDance|[upkeep]\n|upkeep\n|turn|2\n|inactive|HeyPog has 30 seconds left.\n|inactive|HeyPog has 20 seconds left.\n|inactive|HeyPog has 15 seconds left.\n|\n|t:|1776414747\n|move|p1a: Incineroar|Parting Shot|p2a: Aerodactyl\n|-unboost|p2a: Aerodactyl|atk|1\n|-unboost|p2a: Aerodactyl|spa|1\n|\n|t:|1776414752\n|switch|p1a: Camerupt|Camerupt, L50, M|100/100|[from] Parting Shot\n|move|p1b: Farigiraf|Thunder|p2b: Pelipper\n|-supereffective|p2b: Pelipper|2\n|-damage|p2b: Pelipper|0 fnt\n|faint|p2b: Pelipper\n|move|p2a: Aerodactyl|Dual Wingbeat|p1b: Farigiraf\n|-damage|p1b: Farigiraf|89/100\n|-damage|p1b: Farigiraf|78/100\n|-hitcount|p1b: Farigiraf|2\n|\n|-weather|RainDance|[upkeep]\n|upkeep\n|\n|t:|1776414763\n|switch|p2b: Dragonite|Dragonite, L50, F|100/100\n|turn|3\n|inactive|apexdesu has 30 seconds left.\n|\n|t:|1776414794\n|detailschange|p1a: Camerupt|Camerupt-Mega, L50, M\n|-mega|p1a: Camerupt|Camerupt|Cameruptite\n|move|p1a: Camerupt|Rock Slide|p2b: Dragonite|[spread] p2a,p2b\n|-supereffective|p2a: Aerodactyl|1\n|-supereffective|p2b: Dragonite|1\n|-damage|p2a: Aerodactyl|49/100\n|-damage|p2b: Dragonite|82/100\n|move|p1b: Farigiraf|Thunder|p2b: Dragonite\n|-damage|p2b: Dragonite|53/100\n|move|p2b: Dragonite|Draco Meteor|p1b: Farigiraf\n|-damage|p1b: Farigiraf|12/100\n|-unboost|p2b: Dragonite|spa|2\n|-enditem|p1b: Farigiraf|Sitrus Berry|[eat]\n|-heal|p1b: Farigiraf|37/100|[from] item: Sitrus Berry\n|move|p2a: Aerodactyl|Earthquake|p1b: Farigiraf|[spread] p1a,p1b\n|-immune|p2b: Dragonite\n|-supereffective|p1a: Camerupt|1\n|-damage|p1a: Camerupt|76/100\n|-damage|p1b: Farigiraf|27/100\n|\n|-weather|RainDance|[upkeep]\n|upkeep\n|turn|4\n|inactive|apexdesu has 30 seconds left.\n|inactive|HeyPog has 30 seconds left.\n|\n|t:|1776414825\n|move|p1a: Camerupt|Rock Slide|p2a: Aerodactyl|[spread] p2b\n|-miss|p1a: Camerupt|p2a: Aerodactyl\n|-supereffective|p2b: Dragonite|1\n|-damage|p2b: Dragonite|15/100\n|move|p1b: Farigiraf|Thunder|p2a: Aerodactyl\n|-supereffective|p2a: Aerodactyl|1\n|-damage|p2a: Aerodactyl|0 fnt\n|faint|p2a: Aerodactyl\n|move|p2b: Dragonite|Hurricane|p1a: Camerupt\n|-crit|p1a: Camerupt\n|-damage|p1a: Camerupt|0 fnt\n|faint|p1a: Camerupt\n|\n|-weather|RainDance|[upkeep]\n|upkeep\n|\n|t:|1776414840\n|switch|p1a: Incineroar|Incineroar, L50, F|62/100\n|switch|p2a: Basculegion|Basculegion, L50, M|100/100\n|-ability|p1a: Incineroar|Intimidate|boost\n|-unboost|p2a: Basculegion|atk|1\n|-unboost|p2b: Dragonite|atk|1\n|turn|5\n|\n|t:|1776414856\n|move|p2a: Basculegion|Protect|p2a: Basculegion\n|-singleturn|p2a: Basculegion|Protect\n|move|p1a: Incineroar|Fake Out|p2b: Dragonite\n|-damage|p2b: Dragonite|0 fnt\n|faint|p2b: Dragonite\n|move|p1b: Farigiraf|Thunder|p2a: Basculegion\n|-activate|p2a: Basculegion|move: Protect\n|\n|-weather|none\n|-fieldend|move: Trick Room\n|upkeep\n|turn|6\n|\n|t:|1776414876\n|move|p2a: Basculegion|Wave Crash|p1b: Farigiraf\n|-damage|p1b: Farigiraf|0 fnt\n|faint|p1b: Farigiraf\n|-damage|p2a: Basculegion|90/100|[from] Recoil\n|move|p1a: Incineroar|Parting Shot|p2a: Basculegion\n|-unboost|p2a: Basculegion|atk|1\n|-unboost|p2a: Basculegion|spa|1\n|\n|t:|1776414885\n|switch|p1a: Torkoal|Torkoal, L50, F|100/100|[from] Parting Shot\n|-weather|SunnyDay|[from] ability: Drought|[of] p1a: Torkoal\n|\n|-weather|SunnyDay|[upkeep]\n|upkeep\n|\n|t:|1776414892\n|switch|p1b: Incineroar|Incineroar, L50, F|62/100\n|-ability|p1b: Incineroar|Intimidate|boost\n|-unboost|p2a: Basculegion|atk|1\n|turn|7\n|\n|t:|1776414905\n|move|p2a: Basculegion|Protect|p2a: Basculegion\n|-singleturn|p2a: Basculegion|Protect\n|move|p1b: Incineroar|Flare Blitz|p2a: Basculegion\n|-activate|p2a: Basculegion|move: Protect\n|move|p1a: Torkoal|Earth Power|p2a: Basculegion\n|-activate|p2a: Basculegion|move: Protect\n|\n|-weather|SunnyDay|[upkeep]\n|upkeep\n|turn|8\n|\n|t:|1776414919\n|move|p2a: Basculegion|Last Respects|p1a: Torkoal\n|-damage|p1a: Torkoal|73/100\n|move|p1b: Incineroar|Flare Blitz|p2a: Basculegion\n|-resisted|p2a: Basculegion|1\n|-damage|p2a: Basculegion|27/100\n|-damage|p1b: Incineroar|42/100|[from] Recoil\n|move|p1a: Torkoal|Earth Power|p2a: Basculegion\n|-damage|p2a: Basculegion|0 fnt\n|faint|p2a: Basculegion\n|\n|win|apexdesu\n|raw|apexdesu's rating: 1105 &rarr; <strong>1135</strong><br />(+30 for winning)\n|raw|HeyPog's rating: 1174 &rarr; <strong>1144</strong><br />(-30 for losing)\n|l|\u2606HeyPog\n|player|p2|\n",
  "uploadtime": 1776414933,
  "views": 18,
  "formatid": "gen9championsvgc2026regma",
  "rating": 1135,
  "private": 0,
  "password": null
}