{
  "id": "gen9championsvgc2026regma-2587407563",
  "format": "[Gen 9 Champions] VGC 2026 Reg M-A",
  "players": [
    "batatab",
    "lucio m"
  ],
  "log": "|j|\u2606batatab\n|j|\u2606lucio m\n|t:|1776529278\n|gametype|doubles\n|player|p1|batatab|102|1243\n|player|p2|lucio m|265|1213\n|gen|9\n|tier|[Gen 9 Champions] VGC 2026 Reg M-A\n|rated|\n|rule|Species Clause: Limit one of each Pok\u00e9mon\n|rule|Item Clause: Limit 1 of each item\n|clearpoke\n|poke|p1|Froslass, L50, F, shiny|\n|poke|p1|Sneasler, L50, M|\n|poke|p1|Aerodactyl, L50, M|\n|poke|p1|Garchomp, L50, M|\n|poke|p1|Kingambit, L50, M|\n|poke|p1|Rotom-Wash, L50, shiny|\n|poke|p2|Charizard, L50, F|\n|poke|p2|Venusaur, L50, F|\n|poke|p2|Typhlosion-Hisui, L50, M|\n|poke|p2|Rotom-Wash, L50|\n|poke|p2|Sneasler, L50, F|\n|poke|p2|Gliscor, L50, F|\n|teampreview|4\n|inactive|Battle timer is ON: inactive players will automatically lose when time's up. (requested by lucio m)\n|inactive|batatab has 60 seconds left.\n|\n|t:|1776529363\n|teamsize|p1|4\n|teamsize|p2|4\n|start\n|switch|p1a: Froslass|Froslass, L50, F, shiny|100/100\n|switch|p1b: Aerodactyl|Aerodactyl, L50, M|100/100\n|switch|p2a: Gliscor|Gliscor, L50, F|100/100\n|switch|p2b: Typhlosion|Typhlosion-Hisui, L50, M|100/100\n|-ability|p1b: Aerodactyl|Unnerve\n|-item|p1a: Froslass|Froslassite|[from] ability: Frisk|[of] p2b: Typhlosion\n|-item|p1b: Aerodactyl|Focus Sash|[from] ability: Frisk|[of] p2b: Typhlosion\n|turn|1\n|inactive|batatab has 30 seconds left.\n|\n|t:|1776529399\n|detailschange|p1a: Froslass|Froslass-Mega, L50, F, shiny\n|-mega|p1a: Froslass|Froslass|Froslassite\n|-weather|Snowscape|[from] ability: Snow Warning|[of] p1a: Froslass\n|move|p1a: Froslass|Protect|p1a: Froslass\n|-singleturn|p1a: Froslass|Protect\n|move|p2b: Typhlosion|Shadow Ball|p1a: Froslass\n|-activate|p1a: Froslass|move: Protect\n|move|p1b: Aerodactyl|Tailwind|p1b: Aerodactyl\n|-sidestart|p1: batatab|move: Tailwind\n|move|p2a: Gliscor|Tailwind|p2a: Gliscor\n|-sidestart|p2: lucio m|move: Tailwind\n|\n|-weather|Snowscape|[upkeep]\n|upkeep\n|turn|2\n|\n|t:|1776529422\n|switch|p1a: Kingambit|Kingambit, L50, M|100/100\n|move|p2b: Typhlosion|Shadow Ball|p1a: Kingambit\n|-resisted|p1a: Kingambit|1\n|-damage|p1a: Kingambit|82/100\n|move|p1b: Aerodactyl|Rock Slide|p2b: Typhlosion|[spread] p2a,p2b\n|-crit|p2a: Gliscor\n|-supereffective|p2b: Typhlosion|1\n|-damage|p2a: Gliscor|61/100\n|-damage|p2b: Typhlosion|24/100\n|move|p2a: Gliscor|Rock Slide|p1a: Kingambit|[spread] p1a,p1b\n|-resisted|p1a: Kingambit|1\n|-supereffective|p1b: Aerodactyl|1\n|-damage|p1a: Kingambit|76/100\n|-damage|p1b: Aerodactyl|47/100\n|\n|-weather|Snowscape|[upkeep]\n|-heal|p2a: Gliscor|67/100|[from] item: Leftovers\n|upkeep\n|turn|3\n|\n|t:|1776529444\n|switch|p2b: Rotom|Rotom-Wash, L50|100/100\n|move|p1b: Aerodactyl|Rock Slide|p2b: Rotom|[spread] p2b\n|-miss|p1b: Aerodactyl|p2a: Gliscor\n|-damage|p2b: Rotom|70/100\n|move|p2a: Gliscor|Rock Slide|p1b: Aerodactyl|[spread] p1a,p1b\n|-resisted|p1a: Kingambit|1\n|-supereffective|p1b: Aerodactyl|1\n|-damage|p1a: Kingambit|71/100\n|-damage|p1b: Aerodactyl|0 fnt\n|faint|p1b: Aerodactyl\n|cant|p1a: Kingambit|flinch\n|\n|-weather|Snowscape|[upkeep]\n|-heal|p2a: Gliscor|73/100|[from] item: Leftovers\n|upkeep\n|\n|t:|1776529468\n|switch|p1b: Froslass|Froslass-Mega, L50, F, shiny|100/100\n|turn|4\n|\n|t:|1776529484\n|switch|p2a: Typhlosion|Typhlosion-Hisui, L50, M|24/100\n|-item|p1a: Kingambit|Black Glasses|[from] ability: Frisk|[of] p2a: Typhlosion\n|-item|p1b: Froslass|Froslassite|[from] ability: Frisk|[of] p2a: Typhlosion\n|move|p1a: Kingambit|Sucker Punch|p2b: Rotom\n|-damage|p2b: Rotom|6/100\n|move|p1b: Froslass|Blizzard|p2a: Typhlosion|[spread] p2a,p2b\n|-resisted|p2a: Typhlosion|1\n|-resisted|p2b: Rotom|1\n|-damage|p2a: Typhlosion|0 fnt\n|-damage|p2b: Rotom|0 fnt\n|faint|p2a: Typhlosion\n|faint|p2b: Rotom\n|\n|-weather|Snowscape|[upkeep]\n|-sideend|p2: lucio m|move: Tailwind\n|-sideend|p1: batatab|move: Tailwind\n|upkeep\n|\n|t:|1776529493\n|switch|p2a: Gliscor|Gliscor, L50, F|73/100\n|switch|p2b: Charizard|Charizard, L50, F|100/100\n|turn|5\n|\n|t:|1776529508\n|switch|p1b: Garchomp|Garchomp, L50, M|100/100\n|detailschange|p2b: Charizard|Charizard-Mega-Y, L50, F\n|-mega|p2b: Charizard|Charizard|Charizardite Y\n|-weather|SunnyDay|[from] ability: Drought|[of] p2b: Charizard\n|move|p2a: Gliscor|Tailwind|p2a: Gliscor\n|-sidestart|p2: lucio m|move: Tailwind\n|move|p2b: Charizard|Heat Wave|p1a: Kingambit|[spread] p1a,p1b\n|-supereffective|p1a: Kingambit|1\n|-resisted|p1b: Garchomp|1\n|-damage|p1a: Kingambit|0 fnt\n|-damage|p1b: Garchomp|64/100\n|faint|p1a: Kingambit\n|\n|-weather|SunnyDay|[upkeep]\n|-heal|p2a: Gliscor|79/100|[from] item: Leftovers\n|upkeep\n|\n|t:|1776529517\n|switch|p1a: Froslass|Froslass-Mega, L50, F, shiny|100/100\n|-weather|Snowscape|[from] ability: Snow Warning|[of] p1a: Froslass\n|turn|6\n|\n|t:|1776529532\n|move|p1a: Froslass|Protect|p1a: Froslass\n|-singleturn|p1a: Froslass|Protect\n|move|p1b: Garchomp|Protect|p1b: Garchomp\n|-singleturn|p1b: Garchomp|Protect\n|move|p2a: Gliscor|Ice Fang|p1b: Garchomp\n|-activate|p1b: Garchomp|move: Protect\n|move|p2b: Charizard|Heat Wave|p1a: Froslass|[spread] \n|-activate|p1a: Froslass|move: Protect\n|-activate|p1b: Garchomp|move: Protect\n|\n|-weather|Snowscape|[upkeep]\n|-heal|p2a: Gliscor|85/100|[from] item: Leftovers\n|upkeep\n|turn|7\n|\n|t:|1776529556\n|move|p2a: Gliscor|Ice Fang|p1b: Garchomp\n|-supereffective|p1b: Garchomp|2\n|-damage|p1b: Garchomp|0 fnt\n|-damage|p2a: Gliscor|72/100|[from] ability: Rough Skin|[of] p1b: Garchomp\n|faint|p1b: Garchomp\n|move|p2b: Charizard|Heat Wave|p1a: Froslass\n|-supereffective|p1a: Froslass|1\n|-damage|p1a: Froslass|0 fnt\n|faint|p1a: Froslass\n|\n|win|lucio m\n|raw|batatab's rating: 1243 &rarr; <strong>1216</strong><br />(-27 for losing)\n|raw|lucio m's rating: 1213 &rarr; <strong>1240</strong><br />(+27 for winning)\n|l|\u2606batatab\n|player|p1|\n",
  "uploadtime": 1776529564,
  "views": 19,
  "formatid": "gen9championsvgc2026regma",
  "rating": 1216,
  "private": 0,
  "password": null
}