{
  "id": "gen9championsvgc2026regma-2589420877",
  "format": "[Gen 9 Champions] VGC 2026 Reg M-A",
  "players": [
    "underlinegui",
    "tester1991"
  ],
  "log": "|j|\u2606underlinegui\n|j|\u2606tester1991\n|t:|1776721511\n|gametype|doubles\n|player|p1|underlinegui|2|1422\n|player|p2|tester1991|supernerd|1509\n|gen|9\n|tier|[Gen 9 Champions] VGC 2026 Reg M-A\n|rated|\n|rule|Species Clause: Limit one of each Pok\u00e9mon\n|rule|Item Clause: Limit 1 of each item\n|clearpoke\n|poke|p1|Meganium, L50, M, shiny|\n|poke|p1|Sableye, L50, F, shiny|\n|poke|p1|Archaludon, L50, F|\n|poke|p1|Basculegion, L50, M|\n|poke|p1|Pelipper, L50, M|\n|poke|p1|Sneasler, L50, M|\n|poke|p2|Meganium, L50, F, shiny|\n|poke|p2|Archaludon, L50, M|\n|poke|p2|Aegislash, L50, F|\n|poke|p2|Pelipper, L50, M|\n|poke|p2|Garchomp, L50, M|\n|poke|p2|Sneasler, L50, M|\n|teampreview|4\n|inactive|Battle timer is ON: inactive players will automatically lose when time's up. (requested by tester1991)\n|inactive|underlinegui also wants the timer to be on.\n|inactive|underlinegui has 60 seconds left.\n|inactive|tester1991 has 60 seconds left.\n|inactive|underlinegui has 30 seconds left.\n|inactive|underlinegui has 20 seconds left.\n|\n|t:|1776721585\n|teamsize|p1|4\n|teamsize|p2|4\n|start\n|switch|p1a: Archaludon|Archaludon, L50, F|100/100\n|switch|p1b: Basculegion|Basculegion, L50, M|100/100\n|switch|p2a: Sneasler|Sneasler, L50, M|100/100\n|switch|p2b: Meganium|Meganium, L50, F, shiny|100/100\n|turn|1\n|inactive|underlinegui has 30 seconds left.\n|inactive|underlinegui has 20 seconds left.\n|inactive|underlinegui has 15 seconds left.\n|inactive|underlinegui has 10 seconds left.\n|inactive|underlinegui has 5 seconds left.\n|\n|t:|1776721638\n|detailschange|p2b: Meganium|Meganium-Mega, L50, F, shiny\n|-mega|p2b: Meganium|Meganium|Meganiumite\n|move|p1b: Basculegion|Flip Turn|p2a: Sneasler\n|-damage|p2a: Sneasler|37/100\n|\n|t:|1776721646\n|switch|p1b: Pelipper|Pelipper, L50, M|100/100|[from] Flip Turn\n|-weather|RainDance|[from] ability: Drizzle|[of] p1b: Pelipper\n|move|p2a: Sneasler|Close Combat|p1a: Archaludon\n|-supereffective|p1a: Archaludon|1\n|-damage|p1a: Archaludon|14/100\n|-unboost|p2a: Sneasler|def|1\n|-unboost|p2a: Sneasler|spd|1\n|-ability|p1a: Archaludon|Stamina|boost\n|-boost|p1a: Archaludon|def|1\n|-enditem|p1a: Archaludon|Sitrus Berry|[eat]\n|-heal|p1a: Archaludon|39/100|[from] item: Sitrus Berry\n|-enditem|p2a: Sneasler|White Herb\n|-clearnegativeboost|p2a: Sneasler|[silent]\n|move|p1a: Archaludon|Electro Shot||[still]\n|-prepare|p1a: Archaludon|Electro Shot\n|-boost|p1a: Archaludon|spa|1\n|-anim|p1a: Archaludon|Electro Shot|p2a: Sneasler\n|-damage|p2a: Sneasler|0 fnt\n|faint|p2a: Sneasler\n|move|p2b: Meganium|Solar Beam||[still]\n|-prepare|p2b: Meganium|Solar Beam\n|-activate|p2b: Meganium|ability: Mega Sol\n|-anim|p2b: Meganium|Solar Beam|p1b: Pelipper\n|-enditem|p1b: Pelipper|Focus Sash\n|-damage|p1b: Pelipper|1/100\n|\n|-weather|RainDance|[upkeep]\n|upkeep\n|inactive|tester1991 has 30 seconds left.\n|inactive|tester1991 has 20 seconds left.\n|inactive|tester1991 has 15 seconds left.\n|\n|t:|1776721687\n|switch|p2a: Archaludon|Archaludon, L50, M|100/100\n|turn|2\n|\n|t:|1776721699\n|move|p1a: Archaludon|Protect|p1a: Archaludon\n|-singleturn|p1a: Archaludon|Protect\n|move|p2b: Meganium|Protect|p2b: Meganium\n|-singleturn|p2b: Meganium|Protect\n|move|p1b: Pelipper|Tailwind|p1b: Pelipper\n|-sidestart|p1: underlinegui|move: Tailwind\n|move|p2a: Archaludon|Dragon Pulse|p1a: Archaludon\n|-activate|p1a: Archaludon|move: Protect\n|\n|-weather|RainDance|[upkeep]\n|upkeep\n|turn|3\n|\n|t:|1776721716\n|switch|p2b: Aegislash|Aegislash, L50, F|100/100\n|move|p1b: Pelipper|Hurricane|p2b: Aegislash\n|-resisted|p2b: Aegislash|1\n|-damage|p2b: Aegislash|81/100\n|-start|p2b: Aegislash|confusion\n|move|p1a: Archaludon|Draco Meteor|p2a: Archaludon\n|-damage|p2a: Archaludon|0 fnt\n|-unboost|p1a: Archaludon|spa|2\n|faint|p2a: Archaludon\n|\n|-weather|RainDance|[upkeep]\n|upkeep\n|\n|t:|1776721730\n|switch|p2a: Meganium|Meganium-Mega, L50, F, shiny|100/100\n|turn|4\n|inactive|underlinegui has 30 seconds left.\n|inactive|tester1991 has 30 seconds left.\n|inactive|underlinegui has 20 seconds left.\n|inactive|underlinegui has 15 seconds left.\n|inactive|underlinegui has 10 seconds left.\n|\n|t:|1776721777\n|move|p1b: Pelipper|Weather Ball|p2b: Aegislash\n|-damage|p2b: Aegislash|30/100\n|move|p1a: Archaludon|Electro Shot||[still]\n|-prepare|p1a: Archaludon|Electro Shot\n|-boost|p1a: Archaludon|spa|1\n|-anim|p1a: Archaludon|Electro Shot|p2b: Aegislash\n|-damage|p2b: Aegislash|0 fnt\n|faint|p2b: Aegislash\n|move|p2a: Meganium|Dazzling Gleam|p1a: Archaludon|[spread] p1a,p1b\n|-damage|p1a: Archaludon|0 fnt\n|-damage|p1b: Pelipper|0 fnt\n|faint|p1a: Archaludon\n|faint|p1b: Pelipper\n|\n|-weather|RainDance|[upkeep]\n|upkeep\n|\n|t:|1776721790\n|switch|p1b: Basculegion|Basculegion, L50, M|100/100\n|switch|p1a: Mega^2nium|Meganium, L50, M, shiny|100/100\n|turn|5\n|\n|t:|1776721799\n|detailschange|p1a: Mega^2nium|Meganium-Mega, L50, M, shiny\n|-mega|p1a: Mega^2nium|Meganium|Meganiumite\n|move|p2a: Meganium|Protect|p2a: Meganium\n|-singleturn|p2a: Meganium|Protect\n|move|p1b: Basculegion|Last Respects|p2a: Meganium\n|-activate|p2a: Meganium|move: Protect\n|move|p1a: Mega^2nium|Weather Ball|p2a: Meganium\n|-activate|p2a: Meganium|move: Protect\n|\n|-weather|none\n|-sideend|p1: underlinegui|move: Tailwind\n|upkeep\n|turn|6\n|\n|t:|1776721810\n|move|p1b: Basculegion|Last Respects|p2a: Meganium\n|-damage|p2a: Meganium|21/100\n|move|p1a: Mega^2nium|Weather Ball|p2a: Meganium\n|-supereffective|p2a: Meganium|1\n|-damage|p2a: Meganium|0 fnt\n|faint|p2a: Meganium\n|\n|win|underlinegui\n|raw|underlinegui's rating: 1422 &rarr; <strong>1447</strong><br />(+25 for winning)\n|raw|tester1991's rating: 1509 &rarr; <strong>1484</strong><br />(-25 for losing)\n|l|\u2606tester1991\n|player|p2|\n",
  "uploadtime": 1776723212,
  "views": 11,
  "formatid": "gen9championsvgc2026regma",
  "rating": 1447,
  "private": 0,
  "password": null
}