{
  "id": "gen9championsvgc2026regma-2581877188",
  "format": "[Gen 9 Champions] VGC 2026 Reg M-A",
  "players": [
    "Morrocan AXL BLAZE",
    "inclinedbenchpress"
  ],
  "log": "|j|\u2606Morrocan AXL BLAZE\n|j|\u2606inclinedbenchpress\n|t:|1776035954\n|gametype|doubles\n|player|p1|Morrocan AXL BLAZE|nate|1043\n|player|p2|inclinedbenchpress|266|1086\n|gen|9\n|tier|[Gen 9 Champions] VGC 2026 Reg M-A\n|rated|\n|rule|Species Clause: Limit one of each Pok\u00e9mon\n|rule|Item Clause: Limit 1 of each item\n|clearpoke\n|poke|p1|Arcanine-Hisui, L50, M|\n|poke|p1|Palafin, L50, F|\n|poke|p1|Sinistcha, L50|\n|poke|p1|Talonflame, L50, M|\n|poke|p1|Froslass, L50, F|\n|poke|p1|Ninetales-Alola, L50, F|\n|poke|p2|Incineroar, L50, M|\n|poke|p2|Zoroark-Hisui, L50, M|\n|poke|p2|Whimsicott, L50, F|\n|poke|p2|Charizard, L50, M|\n|poke|p2|Kingambit, L50, M|\n|poke|p2|Sneasler, L50, M|\n|teampreview|4\nMorrocan AXL BLAZE has agreed to open team sheets.\n|\n|t:|1776035994\n|teamsize|p1|4\n|teamsize|p2|4\n|start\n|switch|p1a: Chad|Arcanine-Hisui, L50, M|100/100\n|switch|p1b: htn|Palafin, L50, F, shiny|100/100\n|switch|p2a: Charizard|Charizard, L50, M, shiny|100/100\n|switch|p2b: Kingambit|Kingambit, L50, M, shiny|100/100\n|-ability|p1a: Chad|Intimidate|boost\n|-unboost|p2a: Charizard|atk|1\n|-unboost|p2b: Kingambit|atk|1\n|turn|1\n|\n|t:|1776036019\n|switch|p2b: Whimsicott|Whimsicott, L50, F, shiny|100/100\n|detailschange|p1b: htn|Palafin-Hero, L50, F, shiny\n|switch|p1b: stzcy|Ninetales-Alola, L50, F, shiny|100/100\n|-weather|Snowscape|[from] ability: Snow Warning|[of] p1b: stzcy\n|move|p2a: Charizard|Protect|p2a: Charizard\n|-singleturn|p2a: Charizard|Protect\n|move|p1a: Chad|Rock Slide|p2b: Whimsicott|[spread] p2b\n|-activate|p2a: Charizard|move: Protect\n|-damage|p2b: Whimsicott|78/100\n|\n|-weather|Snowscape|[upkeep]\n|upkeep\n|turn|2\n|\n|t:|1776036087\n|switch|p2a: Kingambit|Kingambit, L50, M, shiny|100/100\n|move|p2b: Whimsicott|Tailwind|p2b: Whimsicott\n|-sidestart|p2: inclinedbenchpress|move: Tailwind\n|move|p1b: stzcy|Blizzard|p2b: Whimsicott|[spread] p2a,p2b\n|-resisted|p2a: Kingambit|1\n|-supereffective|p2b: Whimsicott|1\n|-damage|p2a: Kingambit|85/100\n|-damage|p2b: Whimsicott|0 fnt\n|-status|p2a: Kingambit|frz\n|faint|p2b: Whimsicott\n|move|p1a: Chad|Rock Slide|p2a: Kingambit\n|-resisted|p2a: Kingambit|1\n|-damage|p2a: Kingambit|70/100 frz\n|\n|-weather|Snowscape|[upkeep]\n|upkeep\n|\n|t:|1776036102\n|switch|p2b: Charizard|Charizard, L50, M, shiny|100/100\n|turn|3\n|\n|t:|1776036120\n|move|p2b: Charizard|Bitter Malice|p1a: Chad\n|-crit|p1a: Chad\n|-damage|p1a: Chad|37/100\n|-unboost|p1a: Chad|atk|1\n|move|p1b: stzcy|Aurora Veil|p1b: stzcy\n|-sidestart|p1: Morrocan AXL BLAZE|move: Aurora Veil\n|cant|p2a: Kingambit|frz\n|move|p1a: Chad|Rock Slide|p2a: Kingambit|[spread] p2a,p2b\n|-resisted|p2a: Kingambit|1\n|-damage|p2a: Kingambit|64/100 frz\n|-damage|p2b: Charizard|64/100\n|replace|p2b: Zoroark|Zoroark-Hisui, L50, M, shiny\n|-end|p2b: Zoroark|Illusion\n|\n|-weather|Snowscape|[upkeep]\n|upkeep\n|turn|4\n|\n|t:|1776036144\n|switch|p1a: htn|Palafin-Hero, L50, F, shiny|100/100\n|-activate|p1a: htn|ability: Zero to Hero\n|move|p2b: Zoroark|Bitter Malice|p1a: htn\n|-damage|p1a: htn|75/100\n|-unboost|p1a: htn|atk|1\n|move|p1b: stzcy|Blizzard|p2b: Zoroark|[spread] p2a,p2b\n|-resisted|p2a: Kingambit|1\n|-crit|p2a: Kingambit\n|-damage|p2a: Kingambit|40/100 frz\n|-damage|p2b: Zoroark|0 fnt\n|faint|p2b: Zoroark\n|cant|p2a: Kingambit|frz\n|\n|-weather|Snowscape|[upkeep]\n|upkeep\n|\n|t:|1776036162\n|switch|p2b: Charizard|Charizard, L50, M, shiny|100/100\n|turn|5\n|\n|t:|1776036192\n|detailschange|p2b: Charizard|Charizard-Mega-Y, L50, M, shiny\n|-mega|p2b: Charizard|Charizard|Charizardite Y\n|-weather|SunnyDay|[from] ability: Drought|[of] p2b: Charizard\n|move|p2b: Charizard|Solar Beam||[still]\n|-prepare|p2b: Charizard|Solar Beam\n|-anim|p2b: Charizard|Solar Beam|p1a: htn\n|-supereffective|p1a: htn|1\n|-damage|p1a: htn|20/100\n|move|p1b: stzcy|Blizzard|p2a: Kingambit|[spread] p2a\n|-miss|p1b: stzcy|p2b: Charizard\n|-resisted|p2a: Kingambit|1\n|-damage|p2a: Kingambit|23/100 frz\n|move|p1a: htn|Close Combat|p2a: Kingambit\n|-supereffective|p2a: Kingambit|2\n|-enditem|p2a: Kingambit|Chople Berry|[eat]\n|-enditem|p2a: Kingambit|Chople Berry|[weaken]\n|-damage|p2a: Kingambit|0 fnt\n|-unboost|p1a: htn|def|1\n|-unboost|p1a: htn|spd|1\n|faint|p2a: Kingambit\n|\n|-weather|SunnyDay|[upkeep]\n|-sideend|p2: inclinedbenchpress|move: Tailwind\n|upkeep\n|turn|6\n|\n|t:|1776036216\n|move|p1b: stzcy|Icy Wind|p2b: Charizard\n|-damage|p2b: Charizard|79/100\n|-unboost|p2b: Charizard|spe|1\n|move|p1a: htn|Wave Crash|p2b: Charizard\n|-supereffective|p2b: Charizard|1\n|-damage|p2b: Charizard|1/100\n|-damage|p1a: htn|0 fnt|[from] Recoil\n|faint|p1a: htn\n|move|p2b: Charizard|Heat Wave|p1b: stzcy\n|-supereffective|p1b: stzcy|1\n|-enditem|p1b: stzcy|Focus Sash\n|-damage|p1b: stzcy|1/100\n|-status|p1b: stzcy|brn\n|\n|-weather|SunnyDay|[upkeep]\n|-damage|p1b: stzcy|0 fnt|[from] brn\n|faint|p1b: stzcy\n|upkeep\n|\n|t:|1776036229\n|switch|p1b: Chad|Arcanine-Hisui, L50, M|37/100\n|switch|p1a: true eve|Froslass, L50, F|100/100\n|-ability|p1b: Chad|Intimidate|boost\n|-unboost|p2b: Charizard|atk|1\n|turn|7\n|\n|t:|1776036240\n|move|p1b: Chad|Extreme Speed|p2b: Charizard\n|-damage|p2b: Charizard|0 fnt\n|faint|p2b: Charizard\n|\n|win|Morrocan AXL BLAZE\n|raw|Morrocan AXL BLAZE's rating: 1027 &rarr; <strong>1069</strong><br />(+42 for winning)\n|raw|inclinedbenchpress's rating: 1086 &rarr; <strong>1059</strong><br />(-27 for losing)\n",
  "uploadtime": 1776036240,
  "views": 9,
  "formatid": "gen9championsvgc2026regma",
  "rating": 1059,
  "private": 0,
  "password": null
}