{
  "id": "gen9championsvgc2026regma-2582506170",
  "format": "[Gen 9 Champions] VGC 2026 Reg M-A",
  "players": [
    "Choppy_26",
    "torkoaltorkoal"
  ],
  "log": "|j|\u2606Choppy_26\n|j|\u2606torkoaltorkoal\n|t:|1776096028\n|gametype|doubles\n|player|p1|Choppy_26|2|1083\n|player|p2|torkoaltorkoal|170|1107\n|gen|9\n|tier|[Gen 9 Champions] VGC 2026 Reg M-A\n|rated|\n|rule|Species Clause: Limit one of each Pok\u00e9mon\n|rule|Item Clause: Limit 1 of each item\n|clearpoke\n|poke|p1|Meganium, L50, M|\n|poke|p1|Incineroar, L50, F|\n|poke|p1|Sableye, L50, F|\n|poke|p1|Palafin, L50, F|\n|poke|p1|Dragonite, L50, F|\n|poke|p1|Sneasler, L50, M|\n|poke|p2|Espathra, L50, M|\n|poke|p2|Liepard, L50, M|\n|poke|p2|Floette-Eternal, L50, F|\n|poke|p2|Feraligatr, L50, F|\n|poke|p2|Sinistcha, L50|\n|poke|p2|Aegislash, L50, M|\n|teampreview|4\n|inactive|Battle timer is ON: inactive players will automatically lose when time's up. (requested by Choppy_26)\ntorkoaltorkoal rejected open team sheets.\n|inactive|Choppy_26 has 60 seconds left.\n|inactive|torkoaltorkoal has 60 seconds left.\n|inactive|torkoaltorkoal has 30 seconds left.\n|inactive|torkoaltorkoal has 20 seconds left.\n|inactive|torkoaltorkoal has 15 seconds left.\n|\n|t:|1776096107\n|teamsize|p1|4\n|teamsize|p2|4\n|start\n|switch|p1a: Yuji|Sableye, L50, F|100/100\n|switch|p1b: Maki|Palafin, L50, F|100/100\n|switch|p2a: Espathra|Espathra, L50, M|100/100\n|switch|p2b: Floette|Floette-Eternal, L50, F|100/100\n|turn|1\n|inactive|Choppy_26 has 30 seconds left.\n|\n|t:|1776096134\n|move|p1b: Maki|Jet Punch|p2b: Floette\n|-damage|p2b: Floette|76/100\n|move|p2a: Espathra|Skill Swap|p2b: Floette\n|-activate|p2a: Espathra|Skill Swap|||[of] p2b: Floette\n|move|p2b: Floette|Calm Mind|p2b: Floette\n|-boost|p2b: Floette|spa|1\n|-boost|p2b: Floette|spd|1\n|move|p1a: Yuji|Foul Play|p2a: Espathra\n|-supereffective|p2a: Espathra|1\n|-damage|p2a: Espathra|41/100\n|\n|-ability|p2b: Floette|Speed Boost|boost\n|-boost|p2b: Floette|spe|1\n|upkeep\n|turn|2\n|c|\u2606Choppy_26|wth\n|inactive|torkoaltorkoal has 30 seconds left.\n|inactive|torkoaltorkoal has 20 seconds left.\n|inactive|torkoaltorkoal has 15 seconds left.\n|\n|t:|1776096176\n|move|p2b: Floette|Protect|p2b: Floette\n|-singleturn|p2b: Floette|Protect\n|move|p1b: Maki|Jet Punch|p2b: Floette\n|-activate|p2b: Floette|move: Protect\n|move|p2a: Espathra|Skill Swap|p1a: Yuji\n|-activate|p2a: Espathra|Skill Swap|Prankster|Flower Veil|[of] p1a: Yuji\n|move|p1a: Yuji|Foul Play|p2b: Floette\n|-activate|p2b: Floette|move: Protect\n|\n|-ability|p2b: Floette|Speed Boost|boost\n|-boost|p2b: Floette|spe|1\n|upkeep\n|turn|3\n|inactive|Choppy_26 has 30 seconds left.\n|inactive|Choppy_26 has 20 seconds left.\n|inactive|Choppy_26 has 15 seconds left.\n|\n|t:|1776096219\n|move|p2b: Floette|Dazzling Gleam|p1b: Maki|[spread] p1a,p1b\n|-supereffective|p1a: Yuji|1\n|-damage|p1a: Yuji|0 fnt\n|-damage|p1b: Maki|48/100\n|faint|p1a: Yuji\n|move|p2a: Espathra|Lumina Crash|p1b: Maki\n|-damage|p1b: Maki|0 fnt\n|faint|p1b: Maki\n|\n|-ability|p2b: Floette|Speed Boost|boost\n|-boost|p2b: Floette|spe|1\n|upkeep\n|\n|t:|1776096238\n|switch|p1b: Gojo|Meganium, L50, M|100/100\n|switch|p1a: Sukuna|Incineroar, L50, F|100/100\n|-ability|p1a: Sukuna|Intimidate|boost\n|-unboost|p2a: Espathra|atk|1\n|-unboost|p2b: Floette|atk|1\n|turn|4\n|\n|t:|1776096260\n|detailschange|p1b: Gojo|Meganium-Mega, L50, M\n|-mega|p1b: Gojo|Meganium|Meganiumite\n|move|p2a: Espathra|Protect|p2a: Espathra\n|-singleturn|p2a: Espathra|Protect\n|move|p2b: Floette|Protect|p2b: Floette\n|-singleturn|p2b: Floette|Protect\n|move|p1a: Sukuna|Fake Out|p2a: Espathra\n|-activate|p2a: Espathra|move: Protect\n|move|p1b: Gojo|Solar Beam||[still]\n|-prepare|p1b: Gojo|Solar Beam\n|-activate|p1b: Gojo|ability: Mega Sol\n|-anim|p1b: Gojo|Solar Beam|p2b: Floette\n|-activate|p2b: Floette|move: Protect\n|\n|-ability|p2b: Floette|Speed Boost|boost\n|-boost|p2b: Floette|spe|1\n|upkeep\n|turn|5\n|inactive|torkoaltorkoal has 30 seconds left.\n|inactive|Choppy_26 has 30 seconds left.\n|\n|t:|1776096290\n|detailschange|p2b: Floette|Floette-Mega, L50, F\n|-mega|p2b: Floette|Floette|Floettite\n|-ability|p2b: Floette|Fairy Aura\n|move|p2a: Espathra|Ally Switch|p2a: Espathra\n|swap|p2a: Espathra|1|[from] move: Ally Switch\n|move|p2a: Floette|Dazzling Gleam|p1a: Sukuna|[spread] p1a,p1b\n|-damage|p1a: Sukuna|49/100\n|-damage|p1b: Gojo|37/100\n|move|p1b: Gojo|Solar Beam||[still]\n|-prepare|p1b: Gojo|Solar Beam\n|-activate|p1b: Gojo|ability: Mega Sol\n|-anim|p1b: Gojo|Solar Beam|p2b: Espathra\n|-damage|p2b: Espathra|0 fnt\n|faint|p2b: Espathra\n|move|p1a: Sukuna|Flare Blitz|p2a: Floette\n|-crit|p2a: Floette\n|-damage|p2a: Floette|15/100\n|-damage|p1a: Sukuna|31/100|[from] Recoil\n|\n|upkeep\n|c|\u2606torkoaltorkoal|crit isnt even enough damn im bulky\n|inactive|torkoaltorkoal has 30 seconds left.\n|\n|t:|1776096315\n|switch|p2b: Liepard|Liepard, L50, M|100/100\n|turn|6\n|\n|t:|1776096325\n|move|p2b: Liepard|Fake Out|p1b: Gojo\n|-crit|p1b: Gojo\n|-damage|p1b: Gojo|25/100\n|move|p2a: Floette|Dazzling Gleam|p1b: Gojo|[spread] p1a,p1b\n|-damage|p1a: Sukuna|0 fnt\n|-damage|p1b: Gojo|0 fnt\n|faint|p1a: Sukuna\n|faint|p1b: Gojo\n|\n|win|torkoaltorkoal\n|raw|Choppy_26's rating: 1083 &rarr; <strong>1062</strong><br />(-21 for losing)\n|raw|torkoaltorkoal's rating: 1107 &rarr; <strong>1130</strong><br />(+23 for winning)\n|c|\u2606torkoaltorkoal|gg\n|c|\u2606Choppy_26|gg\n",
  "uploadtime": 1776096339,
  "views": 11,
  "formatid": "gen9championsvgc2026regma",
  "rating": 1062,
  "private": 0,
  "password": null
}