{
  "id": "gen9championsvgc2026regma-2586054626",
  "format": "[Gen 9 Champions] VGC 2026 Reg M-A",
  "players": [
    "supermonst",
    "jiren2026"
  ],
  "log": "|j|\u2606supermonst\n|j|\u2606jiren2026\n|t:|1776394242\n|gametype|doubles\n|player|p1|supermonst|benga|1309\n|player|p2|jiren2026|n|1257\n|gen|9\n|tier|[Gen 9 Champions] VGC 2026 Reg M-A\n|rated|\n|rule|Species Clause: Limit one of each Pok\u00e9mon\n|rule|Item Clause: Limit 1 of each item\n|clearpoke\n|poke|p1|Glimmora, L50, F|\n|poke|p1|Skarmory, L50, F|\n|poke|p1|Sinistcha, L50|\n|poke|p1|Incineroar, L50, M|\n|poke|p1|Primarina, L50, F|\n|poke|p1|Farigiraf, L50, M|\n|poke|p2|Garchomp, L50, M|\n|poke|p2|Talonflame, L50, F|\n|poke|p2|Tyranitar, L50, F|\n|poke|p2|Sinistcha, L50|\n|poke|p2|Milotic, L50, F|\n|poke|p2|Sneasler, L50, F|\n|teampreview|4\n|inactive|Battle timer is ON: inactive players will automatically lose when time's up. (requested by supermonst)\n|\n|t:|1776394262\n|teamsize|p1|4\n|teamsize|p2|4\n|start\n|switch|p1a: Skarmory|Skarmory, L50, F|100/100\n|switch|p1b: Sinistcha|Sinistcha, L50|100/100\n|switch|p2a: Scylla|Milotic, L50, F, shiny|100/100\n|switch|p2b: Sneasler|Sneasler, L50, F, shiny|100/100\n|turn|1\n|\n|t:|1776394273\n|move|p1a: Skarmory|Protect|p1a: Skarmory\n|-singleturn|p1a: Skarmory|Protect\n|move|p2b: Sneasler|Dire Claw|p1b: Sinistcha\n|-damage|p1b: Sinistcha|68/100\n|move|p2a: Scylla|Muddy Water|p1a: Skarmory|[spread] p1b\n|-activate|p1a: Skarmory|move: Protect\n|-resisted|p1b: Sinistcha|1\n|-damage|p1b: Sinistcha|47/100\n|-unboost|p1b: Sinistcha|accuracy|1\n|move|p1b: Sinistcha|Matcha Gotcha|p2b: Sneasler|[spread] p2a,p2b\n|-supereffective|p2a: Scylla|1\n|-resisted|p2b: Sneasler|1\n|-damage|p2a: Scylla|64/100\n|-heal|p1b: Sinistcha|67/100|[from] drain|[of] p2a: Scylla\n|-damage|p2b: Sneasler|83/100\n|-heal|p1b: Sinistcha|75/100|[from] drain|[of] p2b: Sneasler\n|\n|upkeep\n|turn|2\n|\n|t:|1776394291\n|detailschange|p1a: Skarmory|Skarmory-Mega, L50, F\n|-mega|p1a: Skarmory|Skarmory|Skarmorite\n|move|p2b: Sneasler|Dire Claw|p1b: Sinistcha\n|-crit|p1b: Sinistcha\n|-damage|p1b: Sinistcha|33/100\n|move|p1a: Skarmory|Tailwind|p1a: Skarmory\n|-sidestart|p1: supermonst|move: Tailwind\n|move|p1b: Sinistcha|Matcha Gotcha|p2a: Scylla|[spread] p2a\n|-miss|p1b: Sinistcha|p2b: Sneasler\n|-supereffective|p2a: Scylla|1\n|-damage|p2a: Scylla|31/100\n|-heal|p1b: Sinistcha|51/100|[from] drain|[of] p2a: Scylla\n|-status|p2a: Scylla|brn\n|move|p2a: Scylla|Muddy Water|p1b: Sinistcha|[spread] p1a,p1b\n|-resisted|p1b: Sinistcha|1\n|-damage|p1a: Skarmory|55/100\n|-damage|p1b: Sinistcha|29/100\n|\n|-damage|p2a: Scylla|25/100 brn|[from] brn\n|upkeep\n|turn|3\n|\n|t:|1776394313\n|move|p2b: Sneasler|Protect|p2b: Sneasler\n|-singleturn|p2b: Sneasler|Protect\n|move|p1a: Skarmory|Brave Bird|p2b: Sneasler\n|-activate|p2b: Sneasler|move: Protect\n|move|p1b: Sinistcha|Matcha Gotcha|p2b: Sneasler|[spread] \n|-activate|p2b: Sneasler|move: Protect\n|-miss|p1b: Sinistcha|p2a: Scylla\n|move|p2a: Scylla|Hydro Pump|p1a: Skarmory|[miss]\n|-miss|p2a: Scylla|p1a: Skarmory\n|\n|-damage|p2a: Scylla|19/100 brn|[from] brn\n|upkeep\n|turn|4\n|\n|t:|1776394327\n|switch|p2b: Tyranitar|Tyranitar, L50, F|100/100\n|-weather|Sandstorm|[from] ability: Sand Stream|[of] p2b: Tyranitar\n|move|p1a: Skarmory|Brave Bird|p2b: Tyranitar\n|-resisted|p2b: Tyranitar|1\n|-damage|p2b: Tyranitar|72/100\n|-damage|p1a: Skarmory|42/100|[from] Recoil\n|move|p1b: Sinistcha|Matcha Gotcha|p2a: Scylla|[spread] \n|-miss|p1b: Sinistcha|p2a: Scylla\n|-miss|p1b: Sinistcha|p2b: Tyranitar\n|move|p2a: Scylla|Hydro Pump|p1a: Skarmory\n|-damage|p1a: Skarmory|0 fnt\n|faint|p1a: Skarmory\n|\n|-weather|Sandstorm|[upkeep]\n|-damage|p1b: Sinistcha|23/100|[from] Sandstorm\n|-damage|p2a: Scylla|13/100 brn|[from] Sandstorm\n|-damage|p2a: Scylla|7/100 brn|[from] brn\n|upkeep\n|c|\u2606supermonst|on god\n|c|\u2606supermonst|plz hit u dumb ass pot\n|\n|t:|1776394350\n|switch|p1a: Primarina|Primarina, L50, F|100/100\n|turn|5\n|\n|t:|1776394364\n|move|p2b: Tyranitar|Protect|p2b: Tyranitar\n|-singleturn|p2b: Tyranitar|Protect\n|move|p1a: Primarina|Hyper Voice|p2a: Scylla|[spread] p2a\n|-activate|p2b: Tyranitar|move: Protect\n|-resisted|p2a: Scylla|1\n|-damage|p2a: Scylla|0 fnt\n|faint|p2a: Scylla\n|move|p1b: Sinistcha|Strength Sap|p2b: Tyranitar\n|-activate|p2b: Tyranitar|move: Protect\n|\n|-weather|Sandstorm|[upkeep]\n|-damage|p1a: Primarina|95/100|[from] Sandstorm\n|-damage|p1b: Sinistcha|17/100|[from] Sandstorm\n|-heal|p1a: Primarina|100/100|[from] item: Leftovers\n|-sideend|p1: supermonst|move: Tailwind\n|upkeep\n|\n|t:|1776394374\n|switch|p2a: Sneasler|Sneasler, L50, F, shiny|83/100\n|turn|6\n|\n|t:|1776394382\n|switch|p1a: Farigiraf|Farigiraf, L50, M|100/100\n|move|p2a: Sneasler|Dire Claw|p1a: Farigiraf\n|-damage|p1a: Farigiraf|63/100\n|move|p1b: Sinistcha|Strength Sap|p2a: Sneasler\n|-unboost|p2a: Sneasler|atk|1\n|-heal|p1b: Sinistcha|100/100\n|-enditem|p2a: Sneasler|White Herb\n|-clearnegativeboost|p2a: Sneasler|[silent]\n|move|p2b: Tyranitar|Lash Out|p1b: Sinistcha\n|-supereffective|p1b: Sinistcha|1\n|-damage|p1b: Sinistcha|43/100\n|-heal|p2b: Tyranitar|77/100|[from] item: Shell Bell|[of] p1b: Sinistcha\n|\n|-weather|Sandstorm|[upkeep]\n|-damage|p2a: Sneasler|77/100|[from] Sandstorm\n|-damage|p1b: Sinistcha|37/100|[from] Sandstorm\n|-damage|p1a: Farigiraf|57/100|[from] Sandstorm\n|upkeep\n|turn|7\n|\n|t:|1776394398\n|move|p1b: Sinistcha|Rage Powder|p1b: Sinistcha\n|-singleturn|p1b: Sinistcha|move: Rage Powder\n|move|p2a: Sneasler|Dire Claw|p1b: Sinistcha\n|-damage|p1b: Sinistcha|6/100\n|move|p2b: Tyranitar|Lash Out|p1b: Sinistcha\n|-supereffective|p1b: Sinistcha|1\n|-damage|p1b: Sinistcha|0 fnt\n|faint|p1b: Sinistcha\n|-heal|p2b: Tyranitar|78/100|[from] item: Shell Bell|[of] p1: Sinistcha\n|move|p1a: Farigiraf|Psychic|p2a: Sneasler\n|-supereffective|p2a: Sneasler|2\n|-damage|p2a: Sneasler|0 fnt\n|faint|p2a: Sneasler\n|\n|-weather|Sandstorm|[upkeep]\n|-damage|p1a: Farigiraf|51/100|[from] Sandstorm\n|upkeep\n|\n|t:|1776394407\n|switch|p2a: Garchomp|Garchomp, L50, M|100/100\n|switch|p1b: Primarina|Primarina, L50, F|100/100\n|turn|8\n|\n|t:|1776394425\n|detailschange|p2a: Garchomp|Garchomp-Mega, L50, M\n|-mega|p2a: Garchomp|Garchomp|Garchompite\n|move|p2a: Garchomp|Iron Head|p1b: Primarina\n|-damage|p1b: Primarina|39/100\n|cant|p1b: Primarina|flinch\n|move|p2b: Tyranitar|Lash Out|p1a: Farigiraf\n|-supereffective|p1a: Farigiraf|1\n|-crit|p1a: Farigiraf\n|-enditem|p1a: Farigiraf|Colbur Berry|[eat]\n|-enditem|p1a: Farigiraf|Colbur Berry|[weaken]\n|-damage|p1a: Farigiraf|0 fnt\n|faint|p1a: Farigiraf\n|-heal|p2b: Tyranitar|85/100|[from] item: Shell Bell|[of] p1: Farigiraf\n|\n|-weather|none\n|-heal|p1b: Primarina|45/100|[from] item: Leftovers\n|upkeep\n|turn|9\n|\n|t:|1776394443\n|move|p2a: Garchomp|Iron Head|p1b: Primarina\n|-damage|p1b: Primarina|2/100\n|move|p1b: Primarina|Moonblast|p2a: Garchomp\n|-supereffective|p2a: Garchomp|1\n|-damage|p2a: Garchomp|0 fnt\n|faint|p2a: Garchomp\n|move|p2b: Tyranitar|Lash Out|p1b: Primarina\n|-resisted|p1b: Primarina|1\n|-damage|p1b: Primarina|0 fnt\n|faint|p1b: Primarina\n|-heal|p2b: Tyranitar|85/100|[from] item: Shell Bell|[of] p1: Primarina\n|\n|win|jiren2026\n",
  "uploadtime": 1776394349,
  "views": 13,
  "formatid": "gen9championsvgc2026regma",
  "rating": null,
  "private": 0,
  "password": null
}