{
  "id": "gen9championsvgc2026regma-2585493026",
  "format": "[Gen 9 Champions] VGC 2026 Reg M-A",
  "players": [
    "pinkylee",
    "Kao Liang"
  ],
  "log": "|j|\u2606pinkylee\n|j|\u2606Kao Liang\n|t:|1776351231\n|gametype|doubles\n|player|p1|pinkylee|lucas|1450\n|player|p2|Kao Liang|kieran-champion|1369\n|gen|9\n|tier|[Gen 9 Champions] VGC 2026 Reg M-A\n|rated|\n|rule|Species Clause: Limit one of each Pok\u00e9mon\n|rule|Item Clause: Limit 1 of each item\n|clearpoke\n|poke|p1|Charizard, L50, M|\n|poke|p1|Milotic, L50, M|\n|poke|p1|Aegislash, L50, M|\n|poke|p1|Garchomp, L50, F|\n|poke|p1|Kingambit, L50, M|\n|poke|p1|Basculegion, L50, M|\n|poke|p2|Floette-Eternal, L50, F|\n|poke|p2|Aerodactyl, L50, M|\n|poke|p2|Garchomp, L50, M|\n|poke|p2|Incineroar, L50, M|\n|poke|p2|Basculegion, L50, M|\n|poke|p2|Ninetales-Alola, L50, M|\n|teampreview|4\n|inactive|Battle timer is ON: inactive players will automatically lose when time's up. (requested by Kao Liang)\n|\n|t:|1776351255\n|teamsize|p1|4\n|teamsize|p2|4\n|start\n|switch|p1a: Garchomp|Garchomp, L50, F|100/100\n|switch|p1b: Milotic|Milotic, L50, M|100/100\n|switch|p2a: Aerodactyl|Aerodactyl, L50, M|100/100\n|switch|p2b: Garchomp|Garchomp, L50, M|100/100\n|-ability|p2a: Aerodactyl|Unnerve\n|turn|1\n|inactive|Kao Liang has 30 seconds left.\n|\n|t:|1776351286\n|move|p2a: Aerodactyl|Protect|p2a: Aerodactyl\n|-singleturn|p2a: Aerodactyl|Protect\n|move|p2b: Garchomp|Protect|p2b: Garchomp\n|-singleturn|p2b: Garchomp|Protect\n|move|p1a: Garchomp|Rock Slide|p2b: Garchomp|[spread] \n|-activate|p2a: Aerodactyl|move: Protect\n|-activate|p2b: Garchomp|move: Protect\n|move|p1b: Milotic|Icy Wind|p2b: Garchomp|[spread] \n|-activate|p2a: Aerodactyl|move: Protect\n|-activate|p2b: Garchomp|move: Protect\n|\n|upkeep\n|turn|2\n|\n|t:|1776351306\n|move|p2a: Aerodactyl|Rock Slide|p1a: Garchomp|[spread] p1a,p1b\n|-resisted|p1a: Garchomp|1\n|-damage|p1a: Garchomp|89/100\n|-damage|p1b: Milotic|81/100\n|move|p2b: Garchomp|Earthquake|p1a: Garchomp|[spread] p1a,p1b\n|-immune|p2a: Aerodactyl\n|-damage|p1a: Garchomp|49/100\n|-damage|p1b: Milotic|44/100\n|cant|p1a: Garchomp|flinch\n|move|p1b: Milotic|Icy Wind|p2a: Aerodactyl|[spread] p2a,p2b\n|-supereffective|p2a: Aerodactyl|1\n|-crit|p2a: Aerodactyl\n|-supereffective|p2b: Garchomp|2\n|-damage|p2a: Aerodactyl|60/100\n|-damage|p2b: Garchomp|55/100\n|-unboost|p2a: Aerodactyl|spe|1\n|-unboost|p2b: Garchomp|spe|1\n|\n|-heal|p1b: Milotic|50/100|[from] item: Leftovers\n|upkeep\n|turn|3\n|inactive|Kao Liang has 30 seconds left.\n|\n|t:|1776351332\n|move|p1a: Garchomp|Rock Slide|p2a: Aerodactyl|[spread] p2a\n|-miss|p1a: Garchomp|p2b: Garchomp\n|-supereffective|p2a: Aerodactyl|1\n|-damage|p2a: Aerodactyl|0 fnt\n|-enditem|p1a: Garchomp|Sitrus Berry|[eat]\n|-heal|p1a: Garchomp|74/100|[from] item: Sitrus Berry\n|faint|p2a: Aerodactyl\n|move|p1b: Milotic|Icy Wind|p2b: Garchomp\n|-supereffective|p2b: Garchomp|2\n|-damage|p2b: Garchomp|0 fnt\n|faint|p2b: Garchomp\n|\n|-heal|p1b: Milotic|55/100|[from] item: Leftovers\n|upkeep\n|\n|t:|1776351344\n|switch|p2a: Floette|Floette-Eternal, L50, F|100/100\n|switch|p2b: Incineroar|Incineroar, L50, M|100/100\n|-ability|p2b: Incineroar|Intimidate|boost\n|-unboost|p1a: Garchomp|atk|1\n|-unboost|p1b: Milotic|atk|1\n|-ability|p1b: Milotic|Competitive|boost\n|-boost|p1b: Milotic|spa|2\n|turn|4\n|\n|t:|1776351357\n|detailschange|p2a: Floette|Floette-Mega, L50, F\n|-mega|p2a: Floette|Floette|Floettite\n|-ability|p2a: Floette|Fairy Aura\n|move|p2b: Incineroar|Fake Out|p1a: Garchomp\n|-damage|p1a: Garchomp|64/100\n|-damage|p2b: Incineroar|88/100|[from] ability: Rough Skin|[of] p1a: Garchomp\n|move|p2a: Floette|Moonblast|p1b: Milotic\n|-damage|p1b: Milotic|0 fnt\n|faint|p1b: Milotic\n|cant|p1a: Garchomp|flinch\n|\n|upkeep\n|\n|t:|1776351372\n|switch|p1b: Charizard|Charizard, L50, M|100/100\n|turn|5\n|\n|t:|1776351379\n|detailschange|p1b: Charizard|Charizard-Mega-Y, L50, M\n|-mega|p1b: Charizard|Charizard|Charizardite Y\n|-weather|SunnyDay|[from] ability: Drought|[of] p1b: Charizard\n|move|p2a: Floette|Dazzling Gleam|p1a: Garchomp|[spread] p1a,p1b\n|-supereffective|p1a: Garchomp|1\n|-resisted|p1b: Charizard|1\n|-damage|p1a: Garchomp|0 fnt\n|-damage|p1b: Charizard|78/100\n|faint|p1a: Garchomp\n|move|p1b: Charizard|Heat Wave|p2b: Incineroar|[spread] p2a,p2b\n|-resisted|p2b: Incineroar|1\n|-damage|p2a: Floette|45/100\n|-damage|p2b: Incineroar|61/100\n|move|p2b: Incineroar|Flare Blitz|p1b: Charizard\n|-resisted|p1b: Charizard|1\n|-damage|p1b: Charizard|41/100\n|-damage|p2b: Incineroar|50/100|[from] Recoil\n|-enditem|p2b: Incineroar|Sitrus Berry|[eat]\n|-heal|p2b: Incineroar|74/100|[from] item: Sitrus Berry\n|\n|-weather|SunnyDay|[upkeep]\n|upkeep\n|\n|t:|1776351395\n|switch|p1a: Kingambit|Kingambit, L50, M|100/100\n|turn|6\n|\n|t:|1776351407\n|move|p2a: Floette|Protect|p2a: Floette\n|-singleturn|p2a: Floette|Protect\n|move|p1b: Charizard|Heat Wave|p2a: Floette|[spread] p2b\n|-activate|p2a: Floette|move: Protect\n|-resisted|p2b: Incineroar|1\n|-damage|p2b: Incineroar|50/100\n|move|p2b: Incineroar|Flare Blitz|p1a: Kingambit\n|-supereffective|p1a: Kingambit|1\n|-damage|p1a: Kingambit|0 fnt\n|faint|p1a: Kingambit\n|-damage|p2b: Incineroar|16/100|[from] Recoil\n|\n|-weather|SunnyDay|[upkeep]\n|upkeep\n|turn|7\n|\n|t:|1776351421\n|move|p2a: Floette|Moonblast|p1b: Charizard\n|-resisted|p1b: Charizard|1\n|-damage|p1b: Charizard|8/100\n|move|p1b: Charizard|Heat Wave|p2a: Floette|[spread] p2a\n|-miss|p1b: Charizard|p2b: Incineroar\n|-damage|p2a: Floette|0 fnt\n|faint|p2a: Floette\n|move|p2b: Incineroar|Flare Blitz|p1b: Charizard\n|-resisted|p1b: Charizard|1\n|-damage|p1b: Charizard|0 fnt\n|faint|p1b: Charizard\n|-damage|p2b: Incineroar|14/100|[from] Recoil\n|\n|win|Kao Liang\n|raw|pinkylee's rating: 1450 &rarr; <strong>1425</strong><br />(-25 for losing)\n|raw|Kao Liang's rating: 1369 &rarr; <strong>1394</strong><br />(+25 for winning)\n",
  "uploadtime": 1776351432,
  "views": 35,
  "formatid": "gen9championsvgc2026regma",
  "rating": 1394,
  "private": 0,
  "password": null
}