{
  "id": "gen9championsvgc2026regma-2588346698",
  "format": "[Gen 9 Champions] VGC 2026 Reg M-A",
  "players": [
    "Irvantheboredone",
    "joao0660"
  ],
  "log": "|j|\u2606Irvantheboredone\n|j|\u2606joao0660\n|t:|1776625985\n|gametype|doubles\n|player|p1|Irvantheboredone|1|1064\n|player|p2|joao0660|1|1000\n|gen|9\n|tier|[Gen 9 Champions] VGC 2026 Reg M-A\n|rated|\n|rule|Species Clause: Limit one of each Pok\u00e9mon\n|rule|Item Clause: Limit 1 of each item\n|clearpoke\n|poke|p1|Araquanid, L50, F|\n|poke|p1|Meowscarada, L50, F|\n|poke|p1|Froslass, L50, F|\n|poke|p1|Chandelure, L50, F|\n|poke|p1|Whimsicott, L50, F|\n|poke|p1|Sneasler, L50, M|\n|poke|p2|Golurk, L50|\n|poke|p2|Farigiraf, L50, F|\n|poke|p2|Ninetales, L50, F|\n|poke|p2|Incineroar, L50, M|\n|poke|p2|Sneasler, L50, F|\n|poke|p2|Milotic, L50, M|\n|teampreview|4\n|\n|t:|1776626015\n|teamsize|p1|4\n|teamsize|p2|4\n|start\n|switch|p1a: Chandelure|Chandelure, L50, F|100/100\n|switch|p1b: Meowscarada|Meowscarada, L50, F|100/100\n|switch|p2a: Farigiraf|Farigiraf, L50, F|100/100\n|switch|p2b: Milotic|Milotic, L50, M|100/100\n|turn|1\n|\n|t:|1776626039\n|detailschange|p1a: Chandelure|Chandelure-Mega, L50, F\n|-mega|p1a: Chandelure|Chandelure|Chandelurite\n|move|p1b: Meowscarada|Flower Trick|p2b: Milotic\n|-start|p1b: Meowscarada|typechange|Grass|[from] ability: Protean\n|-supereffective|p2b: Milotic|1\n|-crit|p2b: Milotic\n|-damage|p2b: Milotic|0 fnt\n|faint|p2b: Milotic\n|move|p1a: Chandelure|Overheat|p2a: Farigiraf\n|-damage|p2a: Farigiraf|15/100\n|-unboost|p1a: Chandelure|spa|2\n|move|p2a: Farigiraf|Trick Room|p2a: Farigiraf\n|-fieldstart|move: Trick Room|[of] p2a: Farigiraf\n|\n|-heal|p2a: Farigiraf|22/100|[from] item: Leftovers\n|upkeep\n|c|\u2606Irvantheboredone|Welp\n|\n|t:|1776626051\n|switch|p2b: Golurk|Golurk, L50|100/100\n|turn|2\n|\n|t:|1776626065\n|detailschange|p2b: Golurk|Golurk-Mega, L50\n|-mega|p2b: Golurk|Golurk|Golurkite\n|move|p1a: Chandelure|Protect|p1a: Chandelure\n|-singleturn|p1a: Chandelure|Protect\n|move|p2b: Golurk|Ice Punch|p1b: Meowscarada\n|-supereffective|p1b: Meowscarada|1\n|-crit|p1b: Meowscarada\n|-damage|p1b: Meowscarada|0 fnt\n|faint|p1b: Meowscarada\n|move|p2a: Farigiraf|Psychic Noise|p1a: Chandelure\n|-activate|p1a: Chandelure|move: Protect\n|\n|-heal|p2a: Farigiraf|28/100|[from] item: Leftovers\n|upkeep\n|\n|t:|1776626077\n|switch|p1b: Araquanid|Araquanid, L50, F|100/100\n|turn|3\n|\n|t:|1776626103\n|switch|p1a: Sneasler|Sneasler, L50, M|100/100\n|-ability|p1a: Sneasler|Pressure\n|move|p2b: Golurk|Thunder Punch|p1a: Sneasler\n|-damage|p1a: Sneasler|51/100\n|-status|p1a: Sneasler|par\n|move|p2a: Farigiraf|Energy Ball|p1b: Araquanid\n|-damage|p1b: Araquanid|76/100\n|move|p1b: Araquanid|Liquidation|p2a: Farigiraf\n|-damage|p2a: Farigiraf|0 fnt\n|faint|p2a: Farigiraf\n|\n|upkeep\n|c|\u2606Irvantheboredone|Well I'll be damned\n|\n|t:|1776626115\n|switch|p2a: Incineroar|Incineroar, L50, M|100/100\n|-ability|p2a: Incineroar|Intimidate|boost\n|-unboost|p1a: Sneasler|atk|1\n|-unboost|p1b: Araquanid|atk|1\n|turn|4\n|\n|t:|1776626123\n|move|p1b: Araquanid|Protect|p1b: Araquanid\n|-singleturn|p1b: Araquanid|Protect\n|move|p2a: Incineroar|Fake Out|p1a: Sneasler\n|-damage|p1a: Sneasler|30/100 par\n|cant|p1a: Sneasler|flinch\n|move|p2b: Golurk|Thunder Punch|p1b: Araquanid\n|-supereffective|p1b: Araquanid|1\n|-ability|p2b: Golurk|Unseen Fist\n|-zbroken|p1b: Araquanid\n|-damage|p1b: Araquanid|55/100\n|\n|upkeep\n|turn|5\n|c|\u2606Irvantheboredone|I used upper hand I beg your finest pardon\n|-activate|p1b: Araquanid|item: Quick Claw\n|\n|t:|1776626149\n|move|p1b: Araquanid|Protect|p1b: Araquanid\n|-singleturn|p1b: Araquanid|Protect\n|move|p2b: Golurk|Thunder Punch|p1a: Sneasler\n|-crit|p1a: Sneasler\n|-damage|p1a: Sneasler|0 fnt\n|faint|p1a: Sneasler\n|move|p2a: Incineroar|Darkest Lariat|p1b: Araquanid\n|-activate|p1b: Araquanid|move: Protect\n|\n|-fieldend|move: Trick Room\n|upkeep\n|\n|t:|1776626159\n|switch|p1a: Chandelure|Chandelure-Mega, L50, F|100/100\n|turn|6\n|\n|t:|1776626184\n|move|p2b: Golurk|Protect|p2b: Golurk\n|-singleturn|p2b: Golurk|Protect\n|move|p1a: Chandelure|Shadow Ball|p2b: Golurk\n|-activate|p2b: Golurk|move: Protect\n|move|p1b: Araquanid|Liquidation|p2a: Incineroar\n|-supereffective|p2a: Incineroar|1\n|-damage|p2a: Incineroar|35/100\n|-unboost|p2a: Incineroar|def|1\n|-enditem|p2a: Incineroar|Sitrus Berry|[eat]\n|-heal|p2a: Incineroar|60/100|[from] item: Sitrus Berry\n|move|p2a: Incineroar|Darkest Lariat|p1b: Araquanid\n|-damage|p1b: Araquanid|7/100\n|\n|upkeep\n|turn|7\n|-activate|p1b: Araquanid|item: Quick Claw\n|\n|t:|1776626217\n|move|p1a: Chandelure|Protect|p1a: Chandelure\n|-singleturn|p1a: Chandelure|Protect\n|move|p1b: Araquanid|Liquidation|p2a: Incineroar\n|-supereffective|p2a: Incineroar|1\n|-damage|p2a: Incineroar|0 fnt\n|faint|p2a: Incineroar\n|move|p2b: Golurk|Thunder Punch|p1a: Chandelure\n|-ability|p2b: Golurk|Unseen Fist\n|-zbroken|p1a: Chandelure\n|-damage|p1a: Chandelure|92/100\n|\n|upkeep\n|turn|8\n|\n|t:|1776626235\n|move|p1a: Chandelure|Shadow Ball|p2b: Golurk\n|-supereffective|p2b: Golurk|1\n|-damage|p2b: Golurk|13/100\n|move|p1b: Araquanid|Liquidation|p2b: Golurk\n|-supereffective|p2b: Golurk|1\n|-damage|p2b: Golurk|0 fnt\n|faint|p2b: Golurk\n|\n|win|Irvantheboredone\n|raw|Irvantheboredone's rating: 1064 &rarr; <strong>1089</strong><br />(+25 for winning)\n|raw|joao0660's rating: 1000 &rarr; <strong>1000</strong><br />(+0 for losing)\n|l|\u2606joao0660\n|player|p2|\n",
  "uploadtime": 1776626240,
  "views": 10,
  "formatid": "gen9championsvgc2026regma",
  "rating": 1000,
  "private": 0,
  "password": null
}