{
  "id": "gen9championsvgc2026regma-2584984193",
  "format": "[Gen 9 Champions] VGC 2026 Reg M-A",
  "players": [
    "Goodmann",
    "ArisHazard"
  ],
  "log": "|j|\u2606Goodmann\n|j|\u2606ArisHazard\n|t:|1776300597\n|gametype|doubles\n|player|p1|Goodmann|265|1391\n|player|p2|ArisHazard|266|1400\n|gen|9\n|tier|[Gen 9 Champions] VGC 2026 Reg M-A\n|rated|\n|rule|Species Clause: Limit one of each Pok\u00e9mon\n|rule|Item Clause: Limit 1 of each item\n|clearpoke\n|poke|p1|Charizard, L50, F|\n|poke|p1|Garchomp, L50, M|\n|poke|p1|Incineroar, L50, M|\n|poke|p1|Whimsicott, L50, F|\n|poke|p1|Rotom-Wash, L50|\n|poke|p1|Sneasler, L50, F|\n|poke|p2|Gyarados, L50, F|\n|poke|p2|Tyranitar, L50, F|\n|poke|p2|Sableye, L50, F|\n|poke|p2|Meganium, L50, M|\n|poke|p2|Milotic, L50, F|\n|poke|p2|Archaludon, L50, F|\n|teampreview|4\n|\n|t:|1776300634\n|teamsize|p1|4\n|teamsize|p2|4\n|start\n|switch|p1a: Garchomp|Garchomp, L50, M|100/100\n|switch|p1b: Rotom|Rotom-Wash, L50|100/100\n|switch|p2a: Milotic|Milotic, L50, F|100/100\n|switch|p2b: Sableye|Sableye, L50, F|100/100\n|turn|1\n|inactive|Battle timer is ON: inactive players will automatically lose when time's up. (requested by ArisHazard)\n|inactive|Goodmann has 60 seconds left.\n|\n|t:|1776300666\n|switch|p1a: Charizard|Charizard, L50, F, shiny|100/100\n|move|p2b: Sableye|Protect|p2b: Sableye\n|-singleturn|p2b: Sableye|Protect\n|move|p2a: Milotic|Protect|p2a: Milotic\n|-singleturn|p2a: Milotic|Protect\n|move|p1b: Rotom|Volt Switch|p2a: Milotic\n|-activate|p2a: Milotic|move: Protect\n|\n|upkeep\n|turn|2\n|inactive|Goodmann has 30 seconds left.\n|\n|t:|1776300700\n|move|p1a: Charizard|Protect|p1a: Charizard\n|-singleturn|p1a: Charizard|Protect\n|move|p2b: Sableye|Disable|p1b: Rotom\n|-start|p1b: Rotom|Disable|Volt Switch\n|move|p2a: Milotic|Muddy Water|p1a: Charizard|[spread] p1b\n|-activate|p1a: Charizard|move: Protect\n|-resisted|p1b: Rotom|1\n|-damage|p1b: Rotom|85/100\n|move|p1b: Rotom|Hydro Pump|p2b: Sableye|[miss]\n|-miss|p1b: Rotom|p2b: Sableye\n|\n|-heal|p1b: Rotom|90/100|[from] item: Leftovers\n|upkeep\n|turn|3\n|inactive|Goodmann has 30 seconds left.\n|\n|t:|1776300728\n|switch|p1a: Garchomp|Garchomp, L50, M|100/100\n|move|p2b: Sableye|Encore||[still]\n|-fail|p2b: Sableye\n|move|p2a: Milotic|Muddy Water|p1b: Rotom|[spread] p1a,p1b\n|-resisted|p1b: Rotom|1\n|-damage|p1a: Garchomp|68/100\n|-damage|p1b: Rotom|76/100\n|move|p1b: Rotom|Thunderbolt|p2a: Milotic\n|-supereffective|p2a: Milotic|1\n|-damage|p2a: Milotic|31/100\n|\n|-heal|p2a: Milotic|37/100|[from] item: Leftovers\n|-heal|p1b: Rotom|82/100|[from] item: Leftovers\n|upkeep\n|turn|4\n|inactive|Goodmann has 30 seconds left.\n|\n|t:|1776300756\n|move|p2b: Sableye|Protect|p2b: Sableye\n|-singleturn|p2b: Sableye|Protect\n|move|p1a: Garchomp|Earthquake|p2b: Sableye|[spread] p2a\n|-activate|p2b: Sableye|move: Protect\n|-immune|p1b: Rotom|[from] ability: Levitate\n|-damage|p2a: Milotic|0 fnt\n|faint|p2a: Milotic\n|move|p1b: Rotom|Hydro Pump|p2b: Sableye\n|-activate|p2b: Sableye|move: Protect\n|\n|-heal|p1b: Rotom|88/100|[from] item: Leftovers\n|upkeep\n|\n|t:|1776300770\n|switch|p2a: Gyarados|Gyarados, L50, F|100/100\n|-ability|p2a: Gyarados|Intimidate|boost\n|-unboost|p1a: Garchomp|atk|1\n|-unboost|p1b: Rotom|atk|1\n|turn|5\n|\n|t:|1776300785\n|move|p2b: Sableye|Encore|p1b: Rotom\n|-start|p1b: Rotom|Encore\n|move|p1a: Garchomp|Earthquake|p2a: Gyarados|[spread] p2b\n|-immune|p1b: Rotom|[from] ability: Levitate\n|-immune|p2a: Gyarados\n|-damage|p2b: Sableye|68/100\n|move|p2a: Gyarados|Dragon Dance|p2a: Gyarados\n|-boost|p2a: Gyarados|atk|1\n|-boost|p2a: Gyarados|spe|1\n|move|p1b: Rotom|Hydro Pump|p2b: Sableye\n|-damage|p2b: Sableye|0 fnt\n|faint|p2b: Sableye\n|\n|-heal|p1b: Rotom|93/100|[from] item: Leftovers\n|-end|p1b: Rotom|Disable\n|upkeep\n|\n|t:|1776300803\n|switch|p2b: Meganium|Meganium, L50, M|100/100\n|turn|6\n|inactive|Goodmann has 30 seconds left.\n|\n|t:|1776300835\n|switch|p1a: Sneasler|Sneasler, L50, F|100/100\n|switch|p1b: Charizard|Charizard, L50, F, shiny|100/100\n|detailschange|p2a: Gyarados|Gyarados-Mega, L50, F\n|-mega|p2a: Gyarados|Gyarados|Gyaradosite\n|-ability|p2a: Gyarados|Mold Breaker\n|move|p2b: Meganium|Protect|p2b: Meganium\n|-singleturn|p2b: Meganium|Protect\n|move|p2a: Gyarados|Earthquake|p1a: Sneasler|[spread] p1a\n|-activate|p2b: Meganium|move: Protect\n|-immune|p1b: Charizard\n|-supereffective|p1a: Sneasler|1\n|-damage|p1a: Sneasler|0 fnt\n|faint|p1a: Sneasler\n|\n|upkeep\n|\n|t:|1776300855\n|switch|p1a: Rotom|Rotom-Wash, L50|93/100\n|turn|7\n|inactive|Goodmann has 30 seconds left.\n|\n|t:|1776300889\n|detailschange|p1b: Charizard|Charizard-Mega-Y, L50, F, shiny\n|-mega|p1b: Charizard|Charizard|Charizardite Y\n|-weather|SunnyDay|[from] ability: Drought|[of] p1b: Charizard\n|move|p2a: Gyarados|Earthquake|p1b: Charizard|[spread] p2b,p1a\n|-immune|p1b: Charizard\n|-resisted|p2b: Meganium|1\n|-supereffective|p1a: Rotom|1\n|-damage|p2b: Meganium|78/100\n|-damage|p1a: Rotom|0 fnt\n|faint|p1a: Rotom\n|move|p1b: Charizard|Weather Ball|p2b: Meganium\n|-supereffective|p2b: Meganium|1\n|-damage|p2b: Meganium|0 fnt\n|faint|p2b: Meganium\n|\n|-weather|SunnyDay|[upkeep]\n|upkeep\n|\n|t:|1776300904\n|switch|p1a: Garchomp|Garchomp, L50, M|68/100\n|turn|8\n|\n|t:|1776300921\n|move|p2a: Gyarados|Protect|p2a: Gyarados\n|-singleturn|p2a: Gyarados|Protect\n|move|p1a: Garchomp|Rock Slide|p2a: Gyarados\n|-activate|p2a: Gyarados|move: Protect\n|move|p1b: Charizard|Solar Beam||[still]\n|-prepare|p1b: Charizard|Solar Beam\n|-anim|p1b: Charizard|Solar Beam|p2a: Gyarados\n|-activate|p2a: Gyarados|move: Protect\n|\n|-weather|SunnyDay|[upkeep]\n|upkeep\n|turn|9\n|\n|t:|1776300933\n|move|p1a: Garchomp|Rock Slide|p2a: Gyarados\n|-damage|p2a: Gyarados|79/100\n|cant|p2a: Gyarados|flinch\n|move|p1b: Charizard|Solar Beam||[still]\n|-prepare|p1b: Charizard|Solar Beam\n|-anim|p1b: Charizard|Solar Beam|p2a: Gyarados\n|-supereffective|p2a: Gyarados|1\n|-damage|p2a: Gyarados|4/100\n|\n|-weather|SunnyDay|[upkeep]\n|upkeep\n|turn|10\n|\n|t:|1776300949\n|move|p1b: Charizard|Protect|p1b: Charizard\n|-singleturn|p1b: Charizard|Protect\n|move|p1a: Garchomp|Rock Slide|p2a: Gyarados\n|-damage|p2a: Gyarados|0 fnt\n|faint|p2a: Gyarados\n|\n|win|Goodmann\n|raw|Goodmann's rating: 1391 &rarr; <strong>1412</strong><br />(+21 for winning)\n|raw|ArisHazard's rating: 1400 &rarr; <strong>1379</strong><br />(-21 for losing)\n|l|\u2606ArisHazard\n|player|p2|\n|l|\u2606Goodmann\n|player|p1|\n",
  "uploadtime": 1776300967,
  "views": 36,
  "formatid": "gen9championsvgc2026regma",
  "rating": 1379,
  "private": 0,
  "password": null
}