{
  "id": "gen9championsvgc2026regma-2581491328",
  "format": "[Gen 9 Champions] VGC 2026 Reg M-A",
  "players": [
    "PPYYY",
    "PowPowP0WER"
  ],
  "log": "|j|\u2606PPYYY\n|j|\u2606PowPowP0WER\n|t:|1776005365\n|gametype|doubles\n|player|p1|PPYYY|miku-water|\n|player|p2|PowPowP0WER|battlegirl-gen4|\n|gen|9\n|tier|[Gen 9 Champions] VGC 2026 Reg M-A\n|rated|Tournament battle\n|rule|Species Clause: Limit one of each Pok\u00e9mon\n|rule|Item Clause: Limit 1 of each item\n|clearpoke\n|poke|p1|Corviknight, L50, F|\n|poke|p1|Tyranitar, L50, M|\n|poke|p1|Garchomp, L50, F|\n|poke|p1|Delphox, L50, F|\n|poke|p1|Rotom-Wash, L50|\n|poke|p1|Sinistcha, L50|\n|poke|p2|Gardevoir, L50, M|\n|poke|p2|Kingambit, L50, F|\n|poke|p2|Pelipper, L50, F|\n|poke|p2|Basculegion, L50, M|\n|poke|p2|Sinistcha, L50|\n|poke|p2|Sneasler, L50, M|\n|teampreview|4\n|j| MisterChicken26_\n|j| coolguy58213\n|j| LamestAmos\n|j| divorcedpigeon\n|c|\u2606PowPowP0WER|glhf\n|c|\u2606PPYYY|u2\n|j| toadsamongmen\n|c| coolguy58213|im hype\n|c| divorcedpigeon|This looks interesting\n|\n|t:|1776005431\n|teamsize|p1|4\n|teamsize|p2|4\n|start\n|switch|p1a: Rotom|Rotom-Wash, L50|100/100\n|switch|p1b: Sinistcha|Sinistcha, L50|100/100\n|switch|p2a: Pelipper|Pelipper, L50, F|100/100\n|switch|p2b: Sneasler|Sneasler, L50, M|100/100\n|-weather|RainDance|[from] ability: Drizzle|[of] p2a: Pelipper\n|turn|1\n|j| sgrace\n|\n|t:|1776005461\n|switch|p1b: Tyranitar|Tyranitar, L50, M|100/100\n|-weather|Sandstorm|[from] ability: Sand Stream|[of] p1b: Tyranitar\n|move|p2b: Sneasler|Dire Claw|p1b: Tyranitar\n|-resisted|p1b: Tyranitar|1\n|-damage|p1b: Tyranitar|80/100\n|-status|p1b: Tyranitar|par\n|move|p2a: Pelipper|Hurricane|p1b: Tyranitar\n|-resisted|p1b: Tyranitar|1\n|-damage|p1b: Tyranitar|63/100 par\n|move|p1a: Rotom|Will-O-Wisp|p2b: Sneasler\n|-status|p2b: Sneasler|brn\n|\n|-weather|Sandstorm|[upkeep]\n|-damage|p2b: Sneasler|95/100 brn|[from] Sandstorm\n|-damage|p2a: Pelipper|95/100|[from] Sandstorm\n|-damage|p1a: Rotom|95/100|[from] Sandstorm\n|-damage|p2b: Sneasler|89/100 brn|[from] brn\n|upkeep\n|turn|2\n|j| VegitoSKBEST\n|j| JeffJeffingtonIII\n|j| wowee20\n|\n|t:|1776005530\n|switch|p2a: Gardevoir|Gardevoir, L50, M, shiny|100/100\n|switch|p1b: Delphox|Delphox, L50, F|100/100\n|move|p2b: Sneasler|Dire Claw|p1a: Rotom\n|-damage|p1a: Rotom|72/100\n|-status|p1a: Rotom|psn\n|move|p1a: Rotom|Thunderbolt|p2a: Gardevoir\n|-damage|p2a: Gardevoir|60/100\n|\n|-weather|Sandstorm|[upkeep]\n|-damage|p2b: Sneasler|83/100 brn|[from] Sandstorm\n|-damage|p1b: Delphox|95/100|[from] Sandstorm\n|-damage|p1a: Rotom|66/100 psn|[from] Sandstorm\n|-damage|p2a: Gardevoir|54/100|[from] Sandstorm\n|-damage|p1a: Rotom|54/100 psn|[from] psn\n|-damage|p2b: Sneasler|77/100 brn|[from] brn\n|upkeep\n|turn|3\n|j| mishedngI\n|\n|t:|1776005562\n|switch|p2b: Pelipper|Pelipper, L50, F|95/100\n|-weather|RainDance|[from] ability: Drizzle|[of] p2b: Pelipper\n|detailschange|p1b: Delphox|Delphox-Mega, L50, F\n|-mega|p1b: Delphox|Delphox|Delphoxite\n|detailschange|p2a: Gardevoir|Gardevoir-Mega, L50, M, shiny\n|-mega|p2a: Gardevoir|Gardevoir|Gardevoirite\n|move|p1b: Delphox|Psychic|p2b: Pelipper\n|-damage|p2b: Pelipper|6/100\n|move|p1a: Rotom|Hydro Pump|p2a: Gardevoir\n|-damage|p2a: Gardevoir|0 fnt\n|faint|p2a: Gardevoir\n|\n|-weather|RainDance|[upkeep]\n|-damage|p1a: Rotom|42/100 psn|[from] psn\n|upkeep\n|-enditem|p1a: Rotom|Sitrus Berry|[eat]\n|-heal|p1a: Rotom|67/100 psn|[from] item: Sitrus Berry\n|j| fgcgjfyd-\u6070\u96f7\u59c6\n|\n|t:|1776005574\n|switch|p2a: Basculegion|Basculegion, L50, M|100/100\n|turn|4\n|j| jaichi mv\n|j| tastyfloop\n|\n|t:|1776005610\n|switch|p1b: Tyranitar|Tyranitar, L50, M|63/100 par\n|-weather|Sandstorm|[from] ability: Sand Stream|[of] p1b: Tyranitar\n|move|p2a: Basculegion|Protect|p2a: Basculegion\n|-singleturn|p2a: Basculegion|Protect\n|move|p2b: Pelipper|Tailwind|p2b: Pelipper\n|-sidestart|p2: PowPowP0WER|move: Tailwind\n|move|p1a: Rotom|Thunderbolt|p2a: Basculegion\n|-activate|p2a: Basculegion|move: Protect\n|\n|-weather|Sandstorm|[upkeep]\n|-damage|p2a: Basculegion|94/100|[from] Sandstorm\n|-damage|p2b: Pelipper|0 fnt|[from] Sandstorm\n|-damage|p1a: Rotom|61/100 psn|[from] Sandstorm\n|faint|p2b: Pelipper\n|-damage|p1a: Rotom|49/100 psn|[from] psn\n|upkeep\n|\n|t:|1776005613\n|switch|p2b: Sneasler|Sneasler, L50, M|77/100 brn\n|turn|5\n|l| LamestAmos\n|j| CarmineFiniarel\n|j| GaserTheEgyptain\n|\n|t:|1776005645\n|switch|p1b: Sinistcha|Sinistcha, L50|100/100\n|move|p2b: Sneasler|Close Combat|p1b: Sinistcha\n|-immune|p1b: Sinistcha\n|move|p2a: Basculegion|Last Respects|p1a: Rotom\n|-damage|p1a: Rotom|0 fnt\n|faint|p1a: Rotom\n|\n|-weather|Sandstorm|[upkeep]\n|-damage|p2b: Sneasler|71/100 brn|[from] Sandstorm\n|-damage|p2a: Basculegion|88/100|[from] Sandstorm\n|-damage|p1b: Sinistcha|94/100|[from] Sandstorm\n|-damage|p2b: Sneasler|66/100 brn|[from] brn\n|upkeep\n|l| GaserTheEgyptain\n|\n|t:|1776005653\n|switch|p1a: Delphox|Delphox-Mega, L50, F|95/100\n|turn|6\n|j| Ho-Nononono\n|j| mythly\n|\n|t:|1776005668\n|move|p2b: Sneasler|Protect|p2b: Sneasler\n|-singleturn|p2b: Sneasler|Protect\n|move|p1b: Sinistcha|Rage Powder|p1b: Sinistcha\n|-singleturn|p1b: Sinistcha|move: Rage Powder\n|move|p2a: Basculegion|Last Respects|p1b: Sinistcha\n|-supereffective|p1b: Sinistcha|1\n|-damage|p1b: Sinistcha|0 fnt\n|faint|p1b: Sinistcha\n|move|p1a: Delphox|Psychic|p2b: Sneasler\n|-activate|p2b: Sneasler|move: Protect\n|\n|-weather|Sandstorm|[upkeep]\n|-damage|p2b: Sneasler|60/100 brn|[from] Sandstorm\n|-damage|p2a: Basculegion|82/100|[from] Sandstorm\n|-damage|p1a: Delphox|89/100|[from] Sandstorm\n|-damage|p2b: Sneasler|54/100 brn|[from] brn\n|upkeep\n|l| Ho-Nononono\n|\n|t:|1776005672\n|switch|p1b: Tyranitar|Tyranitar, L50, M|63/100 par\n|turn|7\n|\n|t:|1776005682\n|move|p1a: Delphox|Protect|p1a: Delphox\n|-singleturn|p1a: Delphox|Protect\n|move|p2b: Sneasler|Close Combat|p1b: Tyranitar\n|-supereffective|p1b: Tyranitar|2\n|-damage|p1b: Tyranitar|0 fnt\n|-unboost|p2b: Sneasler|def|1\n|-unboost|p2b: Sneasler|spd|1\n|faint|p1b: Tyranitar\n|-enditem|p2b: Sneasler|White Herb\n|-clearnegativeboost|p2b: Sneasler|[silent]\n|move|p2a: Basculegion|Last Respects|p1a: Delphox\n|-activate|p1a: Delphox|move: Protect\n|\n|-weather|Sandstorm|[upkeep]\n|-damage|p2b: Sneasler|48/100 brn|[from] Sandstorm\n|-damage|p2a: Basculegion|76/100|[from] Sandstorm\n|-damage|p1a: Delphox|83/100|[from] Sandstorm\n|-damage|p2b: Sneasler|42/100 brn|[from] brn\n|-sideend|p2: PowPowP0WER|move: Tailwind\n|upkeep\n|turn|8\n|l| CarmineFiniarel\n|\n|t:|1776005692\n|move|p2b: Sneasler|Dire Claw|p1a: Delphox\n|-damage|p1a: Delphox|54/100\n|move|p1a: Delphox|Substitute|p1a: Delphox\n|-start|p1a: Delphox|Substitute\n|-damage|p1a: Delphox|29/100\n|move|p2a: Basculegion|Last Respects|p1a: Delphox\n|-supereffective|p1a: Delphox|1\n|-end|p1a: Delphox|Substitute\n|\n|-weather|none\n|-damage|p2b: Sneasler|37/100 brn|[from] brn\n|upkeep\n|turn|9\n|\n|t:|1776005699\n|move|p2a: Basculegion|Aqua Jet|p1a: Delphox\n|-supereffective|p1a: Delphox|1\n|-damage|p1a: Delphox|0 fnt\n|faint|p1a: Delphox\n|\n|win|PowPowP0WER\n|n|\u2606PPYYY|ppyyy\n|n|\u2606PowPowP0WER|powpowp0wer\n|n| MisterChicken26_|misterchicken26\n|n| coolguy58213|coolguy58213\n|n| divorcedpigeon|divorcedpigeon\n|n| toadsamongmen|toadsamongmen\n|n| sgrace|sgrace\n|n| VegitoSKBEST|vegitoskbest\n|n| JeffJeffingtonIII|jeffjeffingtoniii\n|n| wowee20|wowee20\n|n| mishedngI|mishedngi\n|n| fgcgjfyd-\u6070\u96f7\u59c6|fgcgjfyd\n|n| jaichi mv|jaichimv\n|n| tastyfloop|tastyfloop\n|n| mythly|mythly\n|c|\u2606PowPowP0WER|ggs\n|l|\u2606PowPowP0WER\n|player|p2|\n|c|\u2606PPYYY|gg\n",
  "uploadtime": 1776005699,
  "views": 14,
  "formatid": "gen9championsvgc2026regma",
  "rating": null,
  "private": 0,
  "password": null
}