{
  "id": "gen9championsvgc2026regma-2581316698",
  "format": "[Gen 9 Champions] VGC 2026 Reg M-A",
  "players": [
    "NoxxinVGC",
    "FatherPenguin"
  ],
  "log": "|j|\u2606NoxxinVGC\n|j|\u2606FatherPenguin\n|t:|1775985699\n|gametype|doubles\n|player|p1|NoxxinVGC|giovanni|1132\n|player|p2|FatherPenguin|acetrainersnow|1031\n|gen|9\n|tier|[Gen 9 Champions] VGC 2026 Reg M-A\n|rated|\n|rule|Species Clause: Limit one of each Pok\u00e9mon\n|rule|Item Clause: Limit 1 of each item\n|clearpoke\n|poke|p1|Delphox, L50, M|\n|poke|p1|Basculegion, L50, M|\n|poke|p1|Clefable, L50, M|\n|poke|p1|Kingambit, L50, M|\n|poke|p1|Dragonite, L50, M|\n|poke|p1|Sneasler, L50, F|\n|poke|p2|Froslass, L50, F|\n|poke|p2|Garchomp, L50, F|\n|poke|p2|Rotom-Frost, L50|\n|poke|p2|Empoleon, L50, M|\n|poke|p2|Incineroar, L50, M|\n|poke|p2|Kingambit, L50, M|\n|teampreview|4\n|inactive|Battle timer is ON: inactive players will automatically lose when time's up. (requested by NoxxinVGC)\nNoxxinVGC rejected open team sheets.\n|inactive|NoxxinVGC has 60 seconds left.\n|inactive|FatherPenguin has 60 seconds left.\n|\n|t:|1775985750\n|teamsize|p1|4\n|teamsize|p2|4\n|start\n|switch|p1a: Delphox|Delphox, L50, M, shiny|100/100\n|switch|p1b: Dragonite|Dragonite, L50, M, shiny|100/100\n|switch|p2a: Froslass|Froslass, L50, F|100/100\n|switch|p2b: Incineroar|Incineroar, L50, M|100/100\n|-ability|p2b: Incineroar|Intimidate|boost\n|-unboost|p1a: Delphox|atk|1\n|-unboost|p1b: Dragonite|atk|1\n|turn|1\n|inactive|FatherPenguin has 30 seconds left.\n|inactive|FatherPenguin has 20 seconds left.\n|inactive|FatherPenguin has 15 seconds left.\n|inactive|FatherPenguin has 10 seconds left.\n|\n|t:|1775985799\n|detailschange|p2a: Froslass|Froslass-Mega, L50, F\n|-mega|p2a: Froslass|Froslass|Froslassite\n|-weather|Snowscape|[from] ability: Snow Warning|[of] p2a: Froslass\n|move|p1a: Delphox|Protect|p1a: Delphox\n|-singleturn|p1a: Delphox|Protect\n|move|p1b: Dragonite|Protect|p1b: Dragonite\n|-singleturn|p1b: Dragonite|Protect\n|move|p2b: Incineroar|Fake Out|p1a: Delphox\n|-activate|p1a: Delphox|move: Protect\n|move|p2a: Froslass|Shadow Ball|p1a: Delphox\n|-activate|p1a: Delphox|move: Protect\n|\n|-weather|Snowscape|[upkeep]\n|upkeep\n|turn|2\n|inactive|NoxxinVGC has 30 seconds left.\n|inactive|FatherPenguin has 30 seconds left.\n|\n|t:|1775985829\n|switch|p1b: Basculegion|Basculegion, L50, M|100/100\n|detailschange|p1a: Delphox|Delphox-Mega, L50, M, shiny\n|-mega|p1a: Delphox|Delphox|Delphoxite\n|move|p2a: Froslass|Protect|p2a: Froslass\n|-singleturn|p2a: Froslass|Protect\n|move|p1a: Delphox|Heat Wave|p2b: Incineroar|[spread] p2b\n|-activate|p2a: Froslass|move: Protect\n|-resisted|p2b: Incineroar|1\n|-damage|p2b: Incineroar|81/100\n|move|p2b: Incineroar|Darkest Lariat|p1a: Delphox\n|-supereffective|p1a: Delphox|1\n|-damage|p1a: Delphox|0 fnt\n|faint|p1a: Delphox\n|\n|-weather|Snowscape|[upkeep]\n|upkeep\n|\n|t:|1775985847\n|switch|p1a: Dragonite|Dragonite, L50, M, shiny|100/100\n|turn|3\n|\n|t:|1775985869\n|switch|p2a: Rotom|Rotom-Frost, L50|100/100\n|move|p1a: Dragonite|Protect|p1a: Dragonite\n|-singleturn|p1a: Dragonite|Protect\n|move|p1b: Basculegion|Last Respects|p2a: Rotom\n|-damage|p2a: Rotom|41/100\n|move|p2b: Incineroar|Darkest Lariat|p1b: Basculegion\n|-supereffective|p1b: Basculegion|1\n|-damage|p1b: Basculegion|0 fnt\n|faint|p1b: Basculegion\n|\n|-weather|Snowscape|[upkeep]\n|upkeep\n|\n|t:|1775985882\n|switch|p1b: Sneasler|Sneasler, L50, F|100/100\n|turn|4\n|inactive|FatherPenguin has 30 seconds left.\n|inactive|FatherPenguin has 20 seconds left.\n|\n|t:|1775985918\n|move|p2a: Rotom|Blizzard|p1b: Sneasler|[spread] p1a,p1b\n|-supereffective|p1a: Dragonite|2\n|-damage|p1a: Dragonite|27/100\n|-damage|p1b: Sneasler|52/100\n|move|p1b: Sneasler|Close Combat|p2b: Incineroar\n|-supereffective|p2b: Incineroar|1\n|-damage|p2b: Incineroar|0 fnt\n|-unboost|p1b: Sneasler|def|1\n|-unboost|p1b: Sneasler|spd|1\n|faint|p2b: Incineroar\n|move|p1a: Dragonite|Scale Shot|p2a: Rotom\n|-damage|p2a: Rotom|26/100\n|-damage|p2a: Rotom|12/100\n|-damage|p2a: Rotom|0 fnt\n|faint|p2a: Rotom\n|-hitcount|p2: Rotom|3\n|-unboost|p1a: Dragonite|def|1\n|-boost|p1a: Dragonite|spe|1\n|\n|-weather|Snowscape|[upkeep]\n|upkeep\n|\n|t:|1775985939\n|switch|p2a: Froslass|Froslass-Mega, L50, F|100/100\n|switch|p2b: Garchomp|Garchomp, L50, F|100/100\n|turn|5\n|\n|t:|1775985964\n|move|p1a: Dragonite|Scale Shot|p2b: Garchomp\n|-supereffective|p2b: Garchomp|1\n|-damage|p2b: Garchomp|68/100\n|-supereffective|p2b: Garchomp|1\n|-damage|p2b: Garchomp|35/100\n|-supereffective|p2b: Garchomp|1\n|-damage|p2b: Garchomp|6/100\n|-supereffective|p2b: Garchomp|1\n|-damage|p2b: Garchomp|0 fnt\n|faint|p2b: Garchomp\n|-hitcount|p2: Garchomp|4\n|-unboost|p1a: Dragonite|def|1\n|-boost|p1a: Dragonite|spe|1\n|move|p1b: Sneasler|Dire Claw|p2a: Froslass\n|-resisted|p2a: Froslass|1\n|-damage|p2a: Froslass|78/100\n|move|p2a: Froslass|Aurora Veil|p2a: Froslass\n|-sidestart|p2: FatherPenguin|move: Aurora Veil\n|\n|-weather|none\n|upkeep\n|turn|6\n|inactive|NoxxinVGC has 30 seconds left.\n|inactive|FatherPenguin has 30 seconds left.\n|\n|t:|1775985991\n|move|p1a: Dragonite|Scale Shot|p2a: Froslass\n|-damage|p2a: Froslass|62/100\n|-damage|p2a: Froslass|47/100\n|-hitcount|p2a: Froslass|2\n|-unboost|p1a: Dragonite|def|1\n|-boost|p1a: Dragonite|spe|1\n|move|p1b: Sneasler|Dire Claw|p2a: Froslass\n|-resisted|p2a: Froslass|1\n|-damage|p2a: Froslass|24/100\n|-status|p2a: Froslass|psn\n|move|p2a: Froslass|Shadow Ball|p1a: Dragonite\n|-damage|p1a: Dragonite|0 fnt\n|faint|p1a: Dragonite\n|\n|-damage|p2a: Froslass|12/100 psn|[from] psn\n|upkeep\n|turn|7\n|\n|t:|1775986010\n|move|p1b: Sneasler|Protect|p1b: Sneasler\n|-singleturn|p1b: Sneasler|Protect\n|move|p2a: Froslass|Shadow Ball|p1b: Sneasler\n|-activate|p1b: Sneasler|move: Protect\n|\n|-damage|p2a: Froslass|0 fnt|[from] psn\n|faint|p2a: Froslass\n|\n|win|NoxxinVGC\n|raw|NoxxinVGC's rating: 1132 &rarr; <strong>1150</strong><br />(+18 for winning)\n|raw|FatherPenguin's rating: 1031 &rarr; <strong>1020</strong><br />(-11 for losing)\n",
  "uploadtime": 1775986010,
  "views": 37,
  "formatid": "gen9championsvgc2026regma",
  "rating": 1020,
  "private": 0,
  "password": null
}