{
  "id": "gen9championsvgc2026regma-2583196737",
  "format": "[Gen 9 Champions] VGC 2026 Reg M-A",
  "players": [
    "caustic soda",
    "red_277353"
  ],
  "log": "|j|\u2606caustic soda\n|j|\u2606red_277353\n|t:|1776153587\n|gametype|doubles\n|player|p1|caustic soda|102|1175\n|player|p2|red_277353|266|1083\n|gen|9\n|tier|[Gen 9 Champions] VGC 2026 Reg M-A\n|rated|\n|rule|Species Clause: Limit one of each Pok\u00e9mon\n|rule|Item Clause: Limit 1 of each item\n|clearpoke\n|poke|p1|Zoroark-Hisui, L50, M|\n|poke|p1|Glimmora, L50, F|\n|poke|p1|Arcanine-Hisui, L50, M|\n|poke|p1|Whimsicott, L50, M|\n|poke|p1|Primarina, L50, M|\n|poke|p1|Rotom-Mow, L50|\n|poke|p2|Lopunny, L50, F|\n|poke|p2|Excadrill, L50, M|\n|poke|p2|Altaria, L50, F|\n|poke|p2|Delphox, L50, F|\n|poke|p2|Incineroar, L50, M|\n|poke|p2|Milotic, L50, F|\n|teampreview|4\n|\n|t:|1776153628\n|teamsize|p1|4\n|teamsize|p2|4\n|start\n|switch|p1a: Primarina|Primarina, L50, M|100/100\n|switch|p1b: Glimmora|Glimmora, L50, F|100/100\n|switch|p2a: Lopunny|Lopunny, L50, F|100/100\n|switch|p2b: Incineroar|Incineroar, L50, M|100/100\n|-ability|p2b: Incineroar|Intimidate|boost\n|-unboost|p1a: Primarina|atk|1\n|-unboost|p1b: Glimmora|atk|1\n|turn|1\n|\n|t:|1776153663\n|move|p2a: Lopunny|Protect|p2a: Lopunny\n|-singleturn|p2a: Lopunny|Protect\n|move|p1a: Primarina|Icy Wind|p2b: Incineroar|[spread] p2b\n|-activate|p2a: Lopunny|move: Protect\n|-resisted|p2b: Incineroar|1\n|-damage|p2b: Incineroar|94/100\n|-unboost|p2b: Incineroar|spe|1\n|move|p1b: Glimmora|Sludge Bomb|p2a: Lopunny\n|-activate|p2a: Lopunny|move: Protect\n|move|p2b: Incineroar|Parting Shot|p1a: Primarina\n|-unboost|p1a: Primarina|atk|1\n|-unboost|p1a: Primarina|spa|1\n|\n|t:|1776153684\n|switch|p2b: Delphox|Delphox, L50, F|100/100|[from] Parting Shot\n|\n|upkeep\n|turn|2\n|\n|t:|1776153703\n|detailschange|p2a: Lopunny|Lopunny-Mega, L50, F\n|-mega|p2a: Lopunny|Lopunny|Lopunnite\n|detailschange|p1b: Glimmora|Glimmora-Mega, L50, F\n|-mega|p1b: Glimmora|Glimmora|Glimmoranite\n|move|p1b: Glimmora|Spiky Shield|p1b: Glimmora\n|-singleturn|p1b: Glimmora|move: Protect\n|move|p2a: Lopunny|Drain Punch|p1a: Primarina\n|-supereffective|p1a: Primarina|1\n|-enditem|p1a: Primarina|Focus Sash\n|-damage|p1a: Primarina|1/100\n|replace|p1a: Zoroark|Zoroark-Hisui, L50, M\n|-end|p1a: Zoroark|Illusion\n|move|p1a: Zoroark|Icy Wind|p2b: Delphox|[spread] p2b\n|-miss|p1a: Zoroark|p2a: Lopunny\n|-resisted|p2b: Delphox|1\n|-damage|p2b: Delphox|95/100\n|-unboost|p2b: Delphox|spe|1\n|move|p2b: Delphox|Psychic|p1b: Glimmora\n|-activate|p1b: Glimmora|move: Protect\n|\n|upkeep\n|turn|3\n|\n|t:|1776153749\n|move|p1a: Zoroark|Protect|p1a: Zoroark\n|-singleturn|p1a: Zoroark|Protect\n|move|p2a: Lopunny|Drain Punch|p1a: Zoroark\n|-activate|p1a: Zoroark|move: Protect\n|move|p1b: Glimmora|Power Gem|p2b: Delphox\n|-supereffective|p2b: Delphox|1\n|-damage|p2b: Delphox|0 fnt\n|faint|p2b: Delphox\n|\n|upkeep\n|\n|t:|1776153765\n|switch|p2b: Incineroar|Incineroar, L50, M|94/100\n|-ability|p2b: Incineroar|Intimidate|boost\n|-unboost|p1a: Zoroark|atk|1\n|-unboost|p1b: Glimmora|atk|1\n|turn|4\n|\n|t:|1776153780\n|switch|p1a: Primarina|Primarina, L50, M|100/100\n|move|p1b: Glimmora|Spiky Shield|p1b: Glimmora\n|-singleturn|p1b: Glimmora|move: Protect\n|move|p2b: Incineroar|Fake Out|p1b: Glimmora\n|-activate|p1b: Glimmora|move: Protect\n|-damage|p2b: Incineroar|81/100|[from] Spiky Shield|[of] p1b: Glimmora\n|move|p2a: Lopunny|Drain Punch|p1a: Primarina\n|-resisted|p1a: Primarina|1\n|-damage|p1a: Primarina|75/100\n|\n|-heal|p1a: Primarina|81/100|[from] item: Leftovers\n|upkeep\n|turn|5\n|\n|t:|1776153805\n|move|p2a: Lopunny|Drain Punch|p1b: Glimmora\n|-damage|p1b: Glimmora|55/100\n|move|p1b: Glimmora|Power Gem|p2b: Incineroar\n|-supereffective|p2b: Incineroar|1\n|-damage|p2b: Incineroar|0 fnt\n|faint|p2b: Incineroar\n|move|p1a: Primarina|Moonblast|p2a: Lopunny\n|-supereffective|p2a: Lopunny|1\n|-damage|p2a: Lopunny|0 fnt\n|faint|p2a: Lopunny\n|\n|-heal|p1a: Primarina|87/100|[from] item: Leftovers\n|upkeep\n|\n|t:|1776153815\n|switch|p2b: Altaria|Altaria, L50, F|100/100\n|-ability|p2b: Altaria|Cloud Nine\n|turn|6\n|c|\u2606red_277353|ggs\n|\n|t:|1776153824\n|move|p1b: Glimmora|Power Gem|p2b: Altaria\n|-supereffective|p2b: Altaria|1\n|-damage|p2b: Altaria|21/100\n|move|p1a: Primarina|Moonblast|p2b: Altaria\n|-supereffective|p2b: Altaria|1\n|-damage|p2b: Altaria|0 fnt\n|faint|p2b: Altaria\n|\n|win|caustic soda\n|raw|caustic soda's rating: 1175 &rarr; <strong>1194</strong><br />(+19 for winning)\n|raw|red_277353's rating: 1083 &rarr; <strong>1066</strong><br />(-17 for losing)\n|l|\u2606red_277353\n|player|p2|\n",
  "uploadtime": 1776153834,
  "views": 33,
  "formatid": "gen9championsvgc2026regma",
  "rating": 1066,
  "private": 0,
  "password": null
}