{
  "id": "gen9championsvgc2026regma-2586029379",
  "format": "[Gen 9 Champions] VGC 2026 Reg M-A",
  "players": [
    "caioheitz",
    "Damien Leruss"
  ],
  "log": "|j|\u2606caioheitz\n|j|\u2606Damien Leruss\n|t:|1776391803\n|gametype|doubles\n|player|p1|caioheitz|blue|1000\n|player|p2|Damien Leruss|shauntal|1052\n|gen|9\n|tier|[Gen 9 Champions] VGC 2026 Reg M-A\n|rated|\n|rule|Species Clause: Limit one of each Pok\u00e9mon\n|rule|Item Clause: Limit 1 of each item\n|clearpoke\n|poke|p1|Greninja-*, L50, M|\n|poke|p1|Diggersby, L50, F|\n|poke|p1|Toxapex, L50, M|\n|poke|p1|Corviknight, L50, F|\n|poke|p1|Clefable, L50, F|\n|poke|p1|Kommo-o, L50, F|\n|poke|p2|Torkoal, L50, M|\n|poke|p2|Camerupt, L50, F|\n|poke|p2|Goodra-Hisui, L50, M|\n|poke|p2|Trevenant, L50, M|\n|poke|p2|Lycanroc-Dusk, L50, M|\n|poke|p2|Venusaur, L50, F|\n|teampreview|4\nDamien Leruss rejected open team sheets.\n|c|\u2606Damien Leruss|Is\n|c|\u2606Damien Leruss|Is that stall?\n|\n|t:|1776391835\n|teamsize|p1|4\n|teamsize|p2|4\n|start\n|switch|p1a: Diggersby|Diggersby, L50, F, shiny|100/100\n|switch|p1b: Clefable|Clefable, L50, F|100/100\n|switch|p2a: Torkoal|Torkoal, L50, M|100/100\n|switch|p2b: Trevenant|Trevenant, L50, M|100/100\n|-weather|SunnyDay|[from] ability: Drought|[of] p2a: Torkoal\n|turn|1\n|c|\u2606Damien Leruss|It's a brand new format and you brought STALL?!?\n|\n|t:|1776391855\n|move|p1a: Diggersby|Earthquake|p2b: Trevenant|[spread] p1b,p2a,p2b\n|-supereffective|p2a: Torkoal|1\n|-resisted|p2b: Trevenant|1\n|-damage|p1b: Clefable|56/100\n|-damage|p2a: Torkoal|19/100\n|-damage|p2b: Trevenant|75/100\n|move|p1b: Clefable|Trick|p2a: Torkoal\n|-activate|p1b: Clefable|move: Trick|[of] p2a: Torkoal\n|-item|p2a: Torkoal|Choice Scarf|[from] move: Trick\n|-item|p1b: Clefable|Quick Claw|[from] move: Trick\n|move|p2a: Torkoal|Eruption|p1a: Diggersby|[spread] p1a,p1b\n|-damage|p1a: Diggersby|82/100\n|-damage|p1b: Clefable|44/100\n|move|p2b: Trevenant|Trick Room|p2b: Trevenant\n|-fieldstart|move: Trick Room|[of] p2b: Trevenant\n|\n|-weather|SunnyDay|[upkeep]\n|upkeep\n|turn|2\n|\n|t:|1776391887\n|move|p1a: Diggersby|Protect|p1a: Diggersby\n|-singleturn|p1a: Diggersby|Protect\n|move|p2a: Torkoal|Eruption|p1a: Diggersby|[spread] p1b\n|-activate|p1a: Diggersby|move: Protect\n|-damage|p1b: Clefable|32/100\n|move|p2b: Trevenant|Horn Leech|p1a: Diggersby\n|-activate|p1a: Diggersby|move: Protect\n|move|p1b: Clefable|Thunder Wave|p2b: Trevenant\n|-status|p2b: Trevenant|par\n|\n|-weather|SunnyDay|[upkeep]\n|upkeep\n|turn|3\n|-activate|p1b: Clefable|item: Quick Claw\n|\n|t:|1776391913\n|move|p1b: Clefable|Follow Me|p1b: Clefable\n|-singleturn|p1b: Clefable|move: Follow Me\n|move|p2b: Trevenant|Poltergeist|p1b: Clefable\n|-activate|p1b: Clefable|move: Poltergeist|Quick Claw\n|-damage|p1b: Clefable|0 fnt\n|faint|p1b: Clefable\n|move|p2a: Torkoal|Eruption|p1a: Diggersby\n|-damage|p1a: Diggersby|59/100\n|move|p1a: Diggersby|Body Slam|p2a: Torkoal\n|-damage|p2a: Torkoal|0 fnt\n|faint|p2a: Torkoal\n|\n|-weather|SunnyDay|[upkeep]\n|upkeep\n|\n|t:|1776391927\n|switch|p2a: Camerupt|Camerupt, L50, F|100/100\n|switch|p1b: Toxapex|Toxapex, L50, M, shiny|100/100\n|turn|4\n|\n|t:|1776391939\n|detailschange|p2a: Camerupt|Camerupt-Mega, L50, F\n|-mega|p2a: Camerupt|Camerupt|Cameruptite\n|move|p1a: Diggersby|Protect|p1a: Diggersby\n|-singleturn|p1a: Diggersby|Protect\n|move|p2a: Camerupt|Heat Wave|p1b: Toxapex|[spread] \n|-activate|p1a: Diggersby|move: Protect\n|-miss|p2a: Camerupt|p1b: Toxapex\n|move|p2b: Trevenant|Poltergeist|p1b: Toxapex\n|-activate|p1b: Toxapex|move: Poltergeist|Leftovers\n|-damage|p1b: Toxapex|65/100\n|move|p1b: Toxapex|Toxic|p2a: Camerupt\n|-status|p2a: Camerupt|tox\n|\n|-weather|SunnyDay|[upkeep]\n|-heal|p1b: Toxapex|71/100|[from] item: Leftovers\n|-damage|p2a: Camerupt|94/100 tox|[from] psn\n|upkeep\n|turn|5\n|\n|t:|1776391971\n|move|p1b: Toxapex|Baneful Bunker|p1b: Toxapex\n|-singleturn|p1b: Toxapex|move: Protect\n|move|p2a: Camerupt|Earth Power|p1b: Toxapex\n|-activate|p1b: Toxapex|move: Protect\n|move|p2b: Trevenant|Horn Leech|p1a: Diggersby\n|-supereffective|p1a: Diggersby|1\n|-damage|p1a: Diggersby|0 fnt\n|-heal|p2b: Trevenant|100/100 par|[from] drain|[of] p1a: Diggersby\n|faint|p1a: Diggersby\n|\n|-weather|none\n|-heal|p1b: Toxapex|77/100|[from] item: Leftovers\n|-damage|p2a: Camerupt|82/100 tox|[from] psn\n|-fieldend|move: Trick Room\n|upkeep\n|\n|t:|1776391980\n|switch|p1a: Greninja|Greninja, L50, M, shiny|100/100\n|turn|6\n|\n|t:|1776392016\n|move|p1a: Greninja|Hydro Pump|p2a: Camerupt\n|-start|p1a: Greninja|typechange|Water|[from] ability: Protean\n|-supereffective|p2a: Camerupt|2\n|-damage|p2a: Camerupt|0 fnt\n|faint|p2a: Camerupt\n|move|p1b: Toxapex|Icy Wind|p2b: Trevenant\n|-supereffective|p2b: Trevenant|1\n|-damage|p2b: Trevenant|83/100 par\n|-unboost|p2b: Trevenant|spe|1\n|move|p2b: Trevenant|Horn Leech|p1a: Greninja\n|-supereffective|p1a: Greninja|1\n|-damage|p1a: Greninja|0 fnt\n|-heal|p2b: Trevenant|100/100 par|[from] drain|[of] p1a: Greninja\n|faint|p1a: Greninja\n|\n|-heal|p1b: Toxapex|83/100|[from] item: Leftovers\n|upkeep\n|\n|t:|1776392029\n|switch|p2a: Lycanroc|Lycanroc-Dusk, L50, M|100/100\n|turn|7\n|\n|t:|1776392040\n|move|p2a: Lycanroc|Accelerock|p1b: Toxapex\n|-damage|p1b: Toxapex|58/100\n|move|p1b: Toxapex|Toxic|p2a: Lycanroc\n|-status|p2a: Lycanroc|tox\n|move|p2b: Trevenant|Knock Off|p1b: Toxapex\n|-damage|p1b: Toxapex|35/100\n|-enditem|p1b: Toxapex|Leftovers|[from] move: Knock Off|[of] p2b: Trevenant\n|\n|-damage|p2a: Lycanroc|95/100 tox|[from] psn\n|upkeep\n|turn|8\n|\n|t:|1776392059\n|move|p1b: Toxapex|Baneful Bunker|p1b: Toxapex\n|-singleturn|p1b: Toxapex|move: Protect\n|move|p2a: Lycanroc|Drill Run|p1b: Toxapex\n|-activate|p1b: Toxapex|move: Protect\n|move|p2b: Trevenant|Horn Leech|p1b: Toxapex\n|-activate|p1b: Toxapex|move: Protect\n|\n|-damage|p2a: Lycanroc|83/100 tox|[from] psn\n|upkeep\n|turn|9\n|\n|t:|1776392070\n|move|p2a: Lycanroc|Drill Run|p1b: Toxapex\n|-supereffective|p1b: Toxapex|1\n|-damage|p1b: Toxapex|0 fnt\n|faint|p1b: Toxapex\n|\n|win|Damien Leruss\n|raw|caioheitz's rating: 1000 &rarr; <strong>1000</strong><br />(+0 for losing)\n|raw|Damien Leruss's rating: 1052 &rarr; <strong>1079</strong><br />(+27 for winning)\n",
  "uploadtime": 1776392076,
  "views": 19,
  "formatid": "gen9championsvgc2026regma",
  "rating": 1000,
  "private": 0,
  "password": null
}