{
  "id": "gen9championsvgc2026regma-2581847188",
  "format": "[Gen 9 Champions] VGC 2026 Reg M-A",
  "players": [
    "OGGeeseVGC",
    "Kymori"
  ],
  "log": "|j|\u2606OGGeeseVGC\n|j|\u2606Kymori\n|t:|1776033323\n|gametype|doubles\n|player|p1|OGGeeseVGC|nate|1076\n|player|p2|Kymori|101|1118\n|gen|9\n|tier|[Gen 9 Champions] VGC 2026 Reg M-A\n|rated|\n|rule|Species Clause: Limit one of each Pok\u00e9mon\n|rule|Item Clause: Limit 1 of each item\n|clearpoke\n|poke|p1|Victreebel, L50, M|\n|poke|p1|Aerodactyl, L50, M|\n|poke|p1|Goodra-Hisui, L50, M|\n|poke|p1|Arcanine-Hisui, L50, M|\n|poke|p1|Delphox, L50, M|\n|poke|p1|Garchomp, L50, F|\n|poke|p2|Charizard, L50, F|\n|poke|p2|Sneasler, L50, M|\n|poke|p2|Basculegion, L50, M|\n|poke|p2|Garchomp, L50, F|\n|poke|p2|Incineroar, L50, M|\n|poke|p2|Venusaur, L50, F|\n|teampreview|4\n|inactive|Battle timer is ON: inactive players will automatically lose when time's up. (requested by OGGeeseVGC)\nKymori rejected open team sheets.\n|\n|t:|1776033356\n|teamsize|p1|4\n|teamsize|p2|4\n|start\n|switch|p1a: Aerodactyl|Aerodactyl, L50, M|100/100\n|switch|p1b: Arcanine|Arcanine-Hisui, L50, M|100/100\n|switch|p2a: Sneasler|Sneasler, L50, M|100/100\n|switch|p2b: Garchomp|Garchomp, L50, F, shiny|100/100\n|-ability|p1a: Aerodactyl|Unnerve\n|-ability|p1b: Arcanine|Intimidate|boost\n|-unboost|p2a: Sneasler|atk|1\n|-unboost|p2b: Garchomp|atk|1\n|-enditem|p2a: Sneasler|White Herb\n|-clearnegativeboost|p2a: Sneasler|[silent]\n|turn|1\n|\n|t:|1776033371\n|switch|p2a: Incineroar|Incineroar, L50, M|100/100\n|-ability|p2a: Incineroar|Intimidate|boost\n|-unboost|p1a: Aerodactyl|atk|1\n|-unboost|p1b: Arcanine|atk|1\n|switch|p2b: Basculegion|Basculegion, L50, M, shiny|100/100\n|move|p1b: Arcanine|Rock Slide|p2b: Basculegion|[spread] p2a,p2b\n|-supereffective|p2a: Incineroar|1\n|-damage|p2a: Incineroar|64/100\n|-damage|p2b: Basculegion|76/100\n|move|p1a: Aerodactyl|Dual Wingbeat|p2a: Incineroar\n|-damage|p2a: Incineroar|53/100\n|-damage|p2a: Incineroar|43/100\n|-hitcount|p2a: Incineroar|2\n|\n|upkeep\n|turn|2\n|inactive|Kymori has 30 seconds left.\n|\n|t:|1776033401\n|switch|p1b: Goodra|Goodra-Hisui, L50, M|100/100\n|switch|p1a: Victreebel|Victreebel, L50, M, shiny|100/100\n|-enditem|p2a: Incineroar|Sitrus Berry|[eat]\n|-heal|p2a: Incineroar|67/100|[from] item: Sitrus Berry\n|move|p2a: Incineroar|Fake Out|p1a: Victreebel\n|-damage|p1a: Victreebel|83/100\n|move|p2b: Basculegion|Wave Crash|p1a: Victreebel\n|-resisted|p1a: Victreebel|1\n|-damage|p1a: Victreebel|49/100\n|-damage|p2b: Basculegion|65/100|[from] Recoil\n|\n|upkeep\n|turn|3\n|\n|t:|1776033424\n|detailschange|p1a: Victreebel|Victreebel-Mega, L50, M, shiny\n|-mega|p1a: Victreebel|Victreebel|Victreebelite\n|move|p2b: Basculegion|Wave Crash|p1b: Goodra\n|-resisted|p1b: Goodra|1\n|-damage|p1b: Goodra|76/100\n|-damage|p2b: Basculegion|58/100|[from] Recoil\n|move|p1a: Victreebel|Strength Sap|p2b: Basculegion\n|-unboost|p2b: Basculegion|atk|1\n|-heal|p1a: Victreebel|100/100\n|move|p2a: Incineroar|Parting Shot|p1a: Victreebel\n|-unboost|p1a: Victreebel|atk|1\n|-unboost|p1a: Victreebel|spa|1\n|\n|t:|1776033441\n|switch|p2a: Garchomp|Garchomp, L50, F, shiny|100/100|[from] Parting Shot\n|move|p1b: Goodra|Curse|p1b: Goodra\n|-unboost|p1b: Goodra|spe|1\n|-boost|p1b: Goodra|atk|1\n|-boost|p1b: Goodra|def|1\n|\n|-heal|p1b: Goodra|82/100|[from] item: Leftovers\n|upkeep\n|turn|4\n|inactive|Kymori has 30 seconds left.\n|inactive|Kymori has 20 seconds left.\n|inactive|Kymori has 15 seconds left.\n|inactive|Kymori has 10 seconds left.\n|\n|t:|1776033487\n|switch|p1a: Arcanine|Arcanine-Hisui, L50, M|100/100\n|-ability|p1a: Arcanine|Intimidate|boost\n|-unboost|p2a: Garchomp|atk|1\n|-unboost|p2b: Basculegion|atk|1\n|move|p1b: Goodra|Protect|p1b: Goodra\n|-singleturn|p1b: Goodra|Protect\n|move|p2b: Basculegion|Wave Crash|p1b: Goodra\n|-activate|p1b: Goodra|move: Protect\n|move|p2a: Garchomp|Earthquake|p1a: Arcanine|[spread] p2b,p1a\n|-activate|p1b: Goodra|move: Protect\n|-supereffective|p1a: Arcanine|2\n|-damage|p2b: Basculegion|24/100\n|-damage|p1a: Arcanine|0 fnt\n|faint|p1a: Arcanine\n|\n|-heal|p1b: Goodra|88/100|[from] item: Leftovers\n|upkeep\n|\n|t:|1776033500\n|switch|p1a: Aerodactyl|Aerodactyl, L50, M|100/100\n|-ability|p1a: Aerodactyl|Unnerve\n|turn|5\n|inactive|OGGeeseVGC has 30 seconds left.\n|\n|t:|1776033532\n|switch|p2a: Incineroar|Incineroar, L50, M|67/100\n|-ability|p2a: Incineroar|Intimidate|boost\n|-unboost|p1a: Aerodactyl|atk|1\n|-unboost|p1b: Goodra|atk|1\n|move|p1a: Aerodactyl|Protect|p1a: Aerodactyl\n|-singleturn|p1a: Aerodactyl|Protect\n|move|p2b: Basculegion|Wave Crash|p1a: Aerodactyl\n|-activate|p1a: Aerodactyl|move: Protect\n|move|p1b: Goodra|Heavy Slam|p2a: Incineroar\n|-resisted|p2a: Incineroar|1\n|-damage|p2a: Incineroar|52/100\n|\n|-heal|p1b: Goodra|94/100|[from] item: Leftovers\n|upkeep\n|turn|6\n|\n|t:|1776033552\n|switch|p1a: Victreebel|Victreebel-Mega, L50, M, shiny|100/100\n|move|p2a: Incineroar|Fake Out|p1b: Goodra\n|-resisted|p1b: Goodra|1\n|-damage|p1b: Goodra|91/100\n|move|p2b: Basculegion|Wave Crash|p1a: Victreebel\n|-resisted|p1a: Victreebel|1\n|-damage|p1a: Victreebel|83/100\n|-damage|p2b: Basculegion|18/100|[from] Recoil\n|cant|p1b: Goodra|flinch\n|\n|-heal|p1b: Goodra|97/100|[from] item: Leftovers\n|upkeep\n|turn|7\n|\n|t:|1776033566\n|move|p2b: Basculegion|Wave Crash|p1b: Goodra\n|-resisted|p1b: Goodra|1\n|-damage|p1b: Goodra|89/100\n|-damage|p2b: Basculegion|16/100|[from] Recoil\n|move|p1a: Victreebel|Strength Sap|p2a: Incineroar\n|-unboost|p2a: Incineroar|atk|1\n|-heal|p1a: Victreebel|100/100\n|move|p2a: Incineroar|Flare Blitz|p1a: Victreebel\n|-supereffective|p1a: Victreebel|1\n|-damage|p1a: Victreebel|22/100\n|-damage|p2a: Incineroar|29/100|[from] Recoil\n|move|p1b: Goodra|Curse|p1b: Goodra\n|-unboost|p1b: Goodra|spe|1\n|-boost|p1b: Goodra|atk|1\n|-boost|p1b: Goodra|def|1\n|\n|-heal|p1b: Goodra|95/100|[from] item: Leftovers\n|upkeep\n|turn|8\n|inactive|OGGeeseVGC has 30 seconds left.\n|inactive|Kymori has 30 seconds left.\n|inactive|OGGeeseVGC has 20 seconds left.\n|\n|t:|1776033602\n|move|p2b: Basculegion|Wave Crash|p1a: Victreebel\n|-resisted|p1a: Victreebel|1\n|-damage|p1a: Victreebel|6/100\n|-damage|p2b: Basculegion|11/100|[from] Recoil\n|move|p1a: Victreebel|Strength Sap|p2a: Incineroar\n|-unboost|p2a: Incineroar|atk|1\n|-heal|p1a: Victreebel|61/100\n|move|p2a: Incineroar|Parting Shot|p1a: Victreebel\n|-unboost|p1a: Victreebel|atk|1\n|-unboost|p1a: Victreebel|spa|1\n|\n|t:|1776033612\n|switch|p2a: Sneasler|Sneasler, L50, M|100/100|[from] Parting Shot\n|move|p1b: Goodra|Curse|p1b: Goodra\n|-unboost|p1b: Goodra|spe|1\n|-boost|p1b: Goodra|atk|1\n|-boost|p1b: Goodra|def|1\n|\n|-heal|p1b: Goodra|100/100|[from] item: Leftovers\n|upkeep\n|turn|9\n|\n|t:|1776033627\n|move|p2b: Basculegion|Wave Crash|p1a: Victreebel\n|-resisted|p1a: Victreebel|1\n|-damage|p1a: Victreebel|45/100\n|-damage|p2b: Basculegion|6/100|[from] Recoil\n|move|p2a: Sneasler|Close Combat|p1b: Goodra\n|-supereffective|p1b: Goodra|1\n|-damage|p1b: Goodra|53/100\n|-unboost|p2a: Sneasler|def|1\n|-unboost|p2a: Sneasler|spd|1\n|move|p1a: Victreebel|Strength Sap|p2a: Sneasler\n|-unboost|p2a: Sneasler|atk|1\n|-heal|p1a: Victreebel|100/100\n|move|p1b: Goodra|Heavy Slam|p2a: Sneasler\n|-damage|p2a: Sneasler|0 fnt\n|faint|p2a: Sneasler\n|\n|-heal|p1b: Goodra|59/100|[from] item: Leftovers\n|upkeep\n|\n|t:|1776033636\n|switch|p2a: Garchomp|Garchomp, L50, F, shiny|100/100\n|turn|10\n|\n|t:|1776033659\n|move|p1b: Goodra|Protect|p1b: Goodra\n|-singleturn|p1b: Goodra|Protect\n|move|p2b: Basculegion|Wave Crash|p1b: Goodra\n|-activate|p1b: Goodra|move: Protect\n|move|p2a: Garchomp|Earthquake|p1b: Goodra|[spread] p2b,p1a\n|-activate|p1b: Goodra|move: Protect\n|-damage|p2b: Basculegion|0 fnt\n|-damage|p1a: Victreebel|55/100\n|faint|p2b: Basculegion\n|move|p1a: Victreebel|Sleep Powder|p2a: Garchomp\n|-status|p2a: Garchomp|slp|[from] move: Sleep Powder\n|\n|-heal|p1b: Goodra|65/100|[from] item: Leftovers\n|upkeep\n|inactive|Kymori has 30 seconds left.\n|inactive|Kymori has 20 seconds left.\n|inactive|Kymori has 15 seconds left.\n|inactive|Kymori has 10 seconds left.\n|inactive|Kymori has 5 seconds left.\n|\n|t:|1776033714\n|switch|p2b: Incineroar|Incineroar, L50, M|29/100\n|-ability|p2b: Incineroar|Intimidate|boost\n|-unboost|p1a: Victreebel|atk|1\n|-unboost|p1b: Goodra|atk|1\n|turn|11\n|inactive|Kymori has 30 seconds left.\n|inactive|Kymori has 20 seconds left.\n|inactive|Kymori has 15 seconds left.\n|inactive|Kymori has 10 seconds left.\n|inactive|Kymori has 5 seconds left.\n|\n|t:|1776033769\n|cant|p2a: Garchomp|slp\n|move|p1a: Victreebel|Sludge Wave|p2a: Garchomp|[spread] p2a,p2b\n|-immune|p1b: Goodra\n|-resisted|p2a: Garchomp|1\n|-damage|p2a: Garchomp|87/100 slp\n|-damage|p2b: Incineroar|5/100\n|move|p2b: Incineroar|Throat Chop|p1a: Victreebel\n|-damage|p1a: Victreebel|17/100\n|-start|p1a: Victreebel|Throat Chop|[silent]\n|move|p1b: Goodra|Body Press|p2b: Incineroar\n|-supereffective|p2b: Incineroar|1\n|-damage|p2b: Incineroar|0 fnt\n|faint|p2b: Incineroar\n|\n|-heal|p1b: Goodra|71/100|[from] item: Leftovers\n|upkeep\n|turn|12\n|inactive|Kymori has 30 seconds left.\n|inactive|Kymori has 20 seconds left.\n|inactive|Kymori has 15 seconds left.\n|inactive|Kymori has 10 seconds left.\n|inactive|Kymori has 5 seconds left.\n|\n|t:|1776033824\n|cant|p2a: Garchomp|slp\n|move|p1a: Victreebel|Strength Sap|p2a: Garchomp\n|-unboost|p2a: Garchomp|atk|1\n|-heal|p1a: Victreebel|100/100\n|move|p1b: Goodra|Body Press|p2a: Garchomp\n|-damage|p2a: Garchomp|38/100 slp\n|-damage|p1b: Goodra|59/100|[from] ability: Rough Skin|[of] p2a: Garchomp\n|\n|-heal|p1b: Goodra|65/100|[from] item: Leftovers\n|-end|p1a: Victreebel|Throat Chop|[silent]\n|upkeep\n|turn|13\n|inactive|Kymori has 30 seconds left.\n|inactive|Kymori has 20 seconds left.\n|inactive|Kymori has 15 seconds left.\n|inactive|Kymori has 10 seconds left.\n|inactive|Kymori has 5 seconds left.\n|-message|Kymori lost due to inactivity.\n|\n|win|OGGeeseVGC\n|raw|OGGeeseVGC's rating: 1076 &rarr; <strong>1108</strong><br />(+32 for winning)\n|raw|Kymori's rating: 1118 &rarr; <strong>1090</strong><br />(-28 for losing)\n",
  "uploadtime": 1776033900,
  "views": 19,
  "formatid": "gen9championsvgc2026regma",
  "rating": 1090,
  "private": 0,
  "password": null
}