{
  "id": "gen9championsvgc2026regma-2580980461",
  "format": "[Gen 9 Champions] VGC 2026 Reg M-A",
  "players": [
    "JBHaze",
    "Venomzito"
  ],
  "log": "|j|\u2606JBHaze\n|j|\u2606Venomzito\n|t:|1775948678\n|gametype|doubles\n|player|p1|JBHaze|bugcatcher-gen4dp|1166\n|player|p2|Venomzito|benga|1136\n|gen|9\n|tier|[Gen 9 Champions] VGC 2026 Reg M-A\n|rated|\n|rule|Species Clause: Limit one of each Pok\u00e9mon\n|rule|Item Clause: Limit 1 of each item\n|clearpoke\n|poke|p1|Gyarados, L50, F|\n|poke|p1|Rotom-Mow, L50|\n|poke|p1|Incineroar, L50, M|\n|poke|p1|Floette-Eternal, L50, F|\n|poke|p1|Corviknight, L50, M|\n|poke|p1|Garchomp, L50, M|\n|poke|p2|Slowking-Galar, L50, F|\n|poke|p2|Pelipper, L50, M|\n|poke|p2|Archaludon, L50, F|\n|poke|p2|Chesnaught, L50, F|\n|poke|p2|Arcanine-Hisui, L50, M|\n|poke|p2|Farigiraf, L50, M|\n|teampreview|4\nJBHaze has agreed to open team sheets.\n|inactive|Battle timer is ON: inactive players will automatically lose when time's up. (requested by JBHaze)\nVenomzito has agreed to open team sheets.\n|showteam|p1|Gyarados||Gyaradosite|Intimidate|ThunderWave,Taunt,Earthquake,Waterfall|||F|||50|]Rotom-Mow||ChoiceScarf|Levitate|Trick,Thunderbolt,LeafStorm,VoltSwitch||||||50|]Incineroar||ChopleBerry|Intimidate|FakeOut,PartingShot,ThroatChop,FlareBlitz|||M|||50|]Floette-Eternal||Floettite|FlowerVeil|DrainingKiss,CalmMind,Protect,Moonblast|||F|||50|]Corviknight||Leftovers|MirrorArmor|Tailwind,BodyPress,BraveBird,Roost|||M|||50|]Garchomp||FocusSash|RoughSkin|Earthquake,DragonClaw,Protect,RockSlide|||M|||50|\n|showteam|p2|Slowking-Galar||TwistedSpoon|Regenerator|SludgeBomb,IceBeam,Protect,EerieSpell|||F|||50|]Pelipper||FocusSash|Drizzle|Hurricane,WeatherBall,Tailwind,Protect|||M|||50|]Archaludon||Leftovers|Stamina|DracoMeteor,FlashCannon,ElectroShot,Protect|||F|||50|]Chesnaught||Chesnaughtite|Bulletproof|SpikyShield,BodyPress,WoodHammer,WideGuard|||F|||50|]Arcanine-Hisui||KingsRock|Intimidate|FlareBlitz,ExtremeSpeed,RockSlide,Protect|||M|||50|]Farigiraf||SitrusBerry|ArmorTail|Protect,TrickRoom,Psychic,HelpingHand|||M|||50|\n|inactive|JBHaze has 60 seconds left.\n|inactive|Venomzito has 60 seconds left.\n|\n|t:|1775948741\n|teamsize|p1|4\n|teamsize|p2|4\n|start\n|switch|p1a: Garchomp|Garchomp, L50, M|100/100\n|switch|p1b: Rotom|Rotom-Mow, L50|100/100\n|switch|p2a: Slowking|Slowking-Galar, L50, F|100/100\n|switch|p2b: Archaludon|Archaludon, L50, F|100/100\n|turn|1\n|inactive|JBHaze has 30 seconds left.\n|inactive|JBHaze has 20 seconds left.\n|inactive|JBHaze has 15 seconds left.\n|inactive|JBHaze has 10 seconds left.\n|inactive|JBHaze has 5 seconds left.\n|\n|t:|1775948796\n|move|p2b: Archaludon|Protect|p2b: Archaludon\n|-singleturn|p2b: Archaludon|Protect\n|move|p1b: Rotom|Trick|p2b: Archaludon\n|-activate|p2b: Archaludon|move: Protect\n|move|p1a: Garchomp|Earthquake|p2b: Archaludon|[spread] p2a\n|-activate|p2b: Archaludon|move: Protect\n|-immune|p1b: Rotom|[from] ability: Levitate\n|-supereffective|p2a: Slowking|1\n|-damage|p2a: Slowking|37/100\n|move|p2a: Slowking|Ice Beam|p1a: Garchomp\n|-supereffective|p1a: Garchomp|2\n|-enditem|p1a: Garchomp|Focus Sash\n|-damage|p1a: Garchomp|1/100\n|\n|upkeep\n|turn|2\n|inactive|JBHaze has 30 seconds left.\n|\n|t:|1775948823\n|switch|p1b: Corviknight|Corviknight, L50, M|100/100\n|switch|p2a: Pelipper|Pelipper, L50, M|100/100\n|-weather|RainDance|[from] ability: Drizzle|[of] p2a: Pelipper\n|move|p1a: Garchomp|Protect|p1a: Garchomp\n|-singleturn|p1a: Garchomp|Protect\n|move|p2b: Archaludon|Flash Cannon|p1a: Garchomp\n|-activate|p1a: Garchomp|move: Protect\n|\n|-weather|RainDance|[upkeep]\n|upkeep\n|turn|3\n|inactive|JBHaze has 30 seconds left.\n|inactive|JBHaze has 20 seconds left.\n|inactive|JBHaze has 15 seconds left.\n|\n|t:|1775948866\n|switch|p1a: Rotom|Rotom-Mow, L50|100/100\n|move|p2b: Archaludon|Protect|p2b: Archaludon\n|-singleturn|p2b: Archaludon|Protect\n|move|p2a: Pelipper|Tailwind|p2a: Pelipper\n|-sidestart|p2: Venomzito|move: Tailwind\n|move|p1b: Corviknight|Tailwind|p1b: Corviknight\n|-sidestart|p1: JBHaze|move: Tailwind\n|\n|-weather|RainDance|[upkeep]\n|upkeep\n|turn|4\n|\n|t:|1775948891\n|switch|p2a: Slowking|Slowking-Galar, L50, F|70/100\n|move|p1a: Rotom|Thunderbolt|p2a: Slowking\n|-damage|p2a: Slowking|38/100\n|move|p2b: Archaludon|Flash Cannon|p1b: Corviknight\n|-resisted|p1b: Corviknight|1\n|-damage|p1b: Corviknight|79/100\n|move|p1b: Corviknight|Body Press|p2b: Archaludon\n|-supereffective|p2b: Archaludon|1\n|-damage|p2b: Archaludon|65/100\n|-ability|p2b: Archaludon|Stamina|boost\n|-boost|p2b: Archaludon|def|1\n|\n|-weather|RainDance|[upkeep]\n|-heal|p2b: Archaludon|71/100|[from] item: Leftovers\n|-heal|p1b: Corviknight|85/100|[from] item: Leftovers\n|upkeep\n|turn|5\n|inactive|JBHaze has 30 seconds left.\n|\n|t:|1775948917\n|move|p1a: Rotom|Thunderbolt|p2a: Slowking\n|-damage|p2a: Slowking|3/100\n|-status|p2a: Slowking|par\n|move|p2b: Archaludon|Draco Meteor|p1a: Rotom\n|-damage|p1a: Rotom|19/100\n|-unboost|p2b: Archaludon|spa|2\n|move|p1b: Corviknight|Brave Bird|p2a: Slowking\n|-damage|p2a: Slowking|0 fnt\n|faint|p2a: Slowking\n|-damage|p1b: Corviknight|84/100|[from] Recoil\n|\n|-weather|RainDance|[upkeep]\n|-heal|p2b: Archaludon|77/100|[from] item: Leftovers\n|-heal|p1b: Corviknight|90/100|[from] item: Leftovers\n|upkeep\n|\n|t:|1775948924\n|switch|p2a: Pelipper|Pelipper, L50, M|100/100\n|turn|6\n|\n|t:|1775948945\n|move|p2a: Pelipper|Protect|p2a: Pelipper\n|-singleturn|p2a: Pelipper|Protect\n|move|p1a: Rotom|Thunderbolt|p2a: Pelipper\n|-activate|p2a: Pelipper|move: Protect\n|move|p2b: Archaludon|Electro Shot||[still]\n|-prepare|p2b: Archaludon|Electro Shot\n|-boost|p2b: Archaludon|spa|1\n|-anim|p2b: Archaludon|Electro Shot|p1b: Corviknight\n|-supereffective|p1b: Corviknight|1\n|-damage|p1b: Corviknight|31/100\n|move|p1b: Corviknight|Body Press|p2b: Archaludon\n|-supereffective|p2b: Archaludon|1\n|-damage|p2b: Archaludon|51/100\n|-ability|p2b: Archaludon|Stamina|boost\n|-boost|p2b: Archaludon|def|1\n|\n|-weather|none\n|-heal|p2b: Archaludon|57/100|[from] item: Leftovers\n|-heal|p1b: Corviknight|36/100|[from] item: Leftovers\n|-sideend|p1: JBHaze|move: Tailwind\n|-sideend|p2: Venomzito|move: Tailwind\n|upkeep\n|turn|7\n|inactive|Venomzito has 30 seconds left.\n|\n|t:|1775948971\n|move|p2a: Pelipper|Protect||[still]\n|-fail|p2a: Pelipper\n|move|p1a: Rotom|Thunderbolt|p2a: Pelipper\n|-supereffective|p2a: Pelipper|2\n|-enditem|p2a: Pelipper|Focus Sash\n|-damage|p2a: Pelipper|1/100\n|move|p2b: Archaludon|Flash Cannon|p1a: Rotom\n|-resisted|p1a: Rotom|1\n|-damage|p1a: Rotom|3/100\n|-unboost|p1a: Rotom|spd|1\n|move|p1b: Corviknight|Tailwind|p1b: Corviknight\n|-sidestart|p1: JBHaze|move: Tailwind\n|\n|-heal|p1b: Corviknight|42/100|[from] item: Leftovers\n|-heal|p2b: Archaludon|63/100|[from] item: Leftovers\n|upkeep\n|turn|8\n|\n|t:|1775948993\n|switch|p2a: Farigiraf|Farigiraf, L50, M|100/100\n|move|p1a: Rotom|Thunderbolt|p2a: Farigiraf\n|-damage|p2a: Farigiraf|62/100\n|move|p1b: Corviknight|Body Press|p2b: Archaludon\n|-supereffective|p2b: Archaludon|1\n|-crit|p2b: Archaludon\n|-damage|p2b: Archaludon|5/100\n|-ability|p2b: Archaludon|Stamina|boost\n|-boost|p2b: Archaludon|def|1\n|move|p2b: Archaludon|Flash Cannon|p1a: Rotom\n|-resisted|p1a: Rotom|1\n|-damage|p1a: Rotom|0 fnt\n|faint|p1a: Rotom\n|\n|-heal|p1b: Corviknight|48/100|[from] item: Leftovers\n|-heal|p2b: Archaludon|11/100|[from] item: Leftovers\n|upkeep\n|\n|t:|1775949008\n|switch|p1a: Garchomp|Garchomp, L50, M|1/100\n|turn|9\n|\n|t:|1775949016\n|move|p2b: Archaludon|Protect|p2b: Archaludon\n|-singleturn|p2b: Archaludon|Protect\n|move|p1a: Garchomp|Earthquake|p2b: Archaludon|[spread] p2a\n|-activate|p2b: Archaludon|move: Protect\n|-immune|p1b: Corviknight\n|-damage|p2a: Farigiraf|33/100\n|-enditem|p2a: Farigiraf|Sitrus Berry|[eat]\n|-heal|p2a: Farigiraf|57/100|[from] item: Sitrus Berry\n|move|p1b: Corviknight|Brave Bird|p2a: Farigiraf\n|-damage|p2a: Farigiraf|19/100\n|-damage|p1b: Corviknight|31/100|[from] Recoil\n|move|p2a: Farigiraf|Trick Room|p2a: Farigiraf\n|-fieldstart|move: Trick Room|[of] p2a: Farigiraf\n|\n|-heal|p2b: Archaludon|17/100|[from] item: Leftovers\n|-heal|p1b: Corviknight|37/100|[from] item: Leftovers\n|upkeep\n|turn|10\n|inactive|JBHaze has 30 seconds left.\n|\n|t:|1775949044\n|switch|p2a: Pelipper|Pelipper, L50, M|1/100\n|-weather|RainDance|[from] ability: Drizzle|[of] p2a: Pelipper\n|move|p1a: Garchomp|Protect|p1a: Garchomp\n|-singleturn|p1a: Garchomp|Protect\n|move|p2b: Archaludon|Electro Shot||[still]\n|-prepare|p2b: Archaludon|Electro Shot\n|-boost|p2b: Archaludon|spa|1\n|-anim|p2b: Archaludon|Electro Shot|p1b: Corviknight\n|-supereffective|p1b: Corviknight|1\n|-damage|p1b: Corviknight|0 fnt\n|faint|p1b: Corviknight\n|\n|-weather|RainDance|[upkeep]\n|-heal|p2b: Archaludon|23/100|[from] item: Leftovers\n|-sideend|p1: JBHaze|move: Tailwind\n|upkeep\n|\n|t:|1775949057\n|switch|p1b: Floette|Floette-Eternal, L50, F|100/100\n|turn|11\n|inactive|JBHaze has 30 seconds left.\n|\n|t:|1775949082\n|detailschange|p1b: Floette|Floette-Mega, L50, F\n|-mega|p1b: Floette|Floette|Floettite\n|-ability|p1b: Floette|Fairy Aura\n|move|p2a: Pelipper|Weather Ball|p1a: Garchomp\n|-damage|p1a: Garchomp|0 fnt\n|faint|p1a: Garchomp\n|move|p2b: Archaludon|Electro Shot||[still]\n|-prepare|p2b: Archaludon|Electro Shot\n|-boost|p2b: Archaludon|spa|1\n|-anim|p2b: Archaludon|Electro Shot|p1b: Floette\n|-damage|p1b: Floette|60/100\n|move|p1b: Floette|Moonblast|p2b: Archaludon\n|-damage|p2b: Archaludon|0 fnt\n|faint|p2b: Archaludon\n|\n|-weather|RainDance|[upkeep]\n|upkeep\n|\n|t:|1775949090\n|switch|p2b: Farigiraf|Farigiraf, L50, M|19/100\n|turn|12\n|\n|t:|1775949107\n|move|p2b: Farigiraf|Helping Hand|p2a: Pelipper\n|-singleturn|p2a: Pelipper|Helping Hand|[of] p2b: Farigiraf\n|move|p1b: Floette|Protect|p1b: Floette\n|-singleturn|p1b: Floette|Protect\n|move|p2a: Pelipper|Weather Ball|p1b: Floette\n|-activate|p1b: Floette|move: Protect\n|\n|-weather|RainDance|[upkeep]\n|upkeep\n|turn|13\n|\n|t:|1775949119\n|move|p2b: Farigiraf|Helping Hand|p2a: Pelipper\n|-singleturn|p2a: Pelipper|Helping Hand|[of] p2b: Farigiraf\n|move|p2a: Pelipper|Weather Ball|p1b: Floette\n|-damage|p1b: Floette|0 fnt\n|faint|p1b: Floette\n|\n|win|Venomzito\n|raw|JBHaze's rating: 1166 &rarr; <strong>1139</strong><br />(-27 for losing)\n|raw|Venomzito's rating: 1136 &rarr; <strong>1163</strong><br />(+27 for winning)\n|l|\u2606JBHaze\n|player|p1|\n",
  "uploadtime": 1775950325,
  "views": 18,
  "formatid": "gen9championsvgc2026regma",
  "rating": 1139,
  "private": 0,
  "password": null
}