{
  "id": "gen9championsvgc2026regma-2580874705",
  "format": "[Gen 9 Champions] VGC 2026 Reg M-A",
  "players": [
    "xjpsuperfan",
    "Neosjsn"
  ],
  "log": "|j|\u2606xjpsuperfan\n|j|\u2606Neosjsn\n|t:|1775939609\n|gametype|doubles\n|player|p1|xjpsuperfan|102|1097\n|player|p2|Neosjsn|266|1098\n|gen|9\n|tier|[Gen 9 Champions] VGC 2026 Reg M-A\n|rated|\n|rule|Species Clause: Limit one of each Pok\u00e9mon\n|rule|Item Clause: Limit 1 of each item\n|clearpoke\n|poke|p1|Meganium, L50, F|\n|poke|p1|Dragonite, L50, M|\n|poke|p1|Pelipper, L50, M|\n|poke|p1|Palafin, L50, F|\n|poke|p1|Sneasler, L50, M|\n|poke|p1|Incineroar, L50, M|\n|poke|p2|Scizor, L50, M|\n|poke|p2|Sinistcha, L50|\n|poke|p2|Incineroar, L50, M|\n|poke|p2|Kleavor, L50, M|\n|poke|p2|Sneasler, L50, M|\n|poke|p2|Sableye, L50, F|\n|teampreview|4\nNeosjsn rejected open team sheets.\n|\n|t:|1775939644\n|teamsize|p1|4\n|teamsize|p2|4\n|start\n|switch|p1a: Dragonite|Dragonite, L50, M|100/100\n|switch|p1b: Palafin|Palafin, L50, F|100/100\n|switch|p2a: Kleavor|Kleavor, L50, M|100/100\n|switch|p2b: Sneasler|Sneasler, L50, M|100/100\n|turn|1\n|\n|t:|1775939667\n|detailschange|p1b: Palafin|Palafin-Hero, L50, F\n|switch|p1b: Incineroar|Incineroar, L50, M|100/100\n|-ability|p1b: Incineroar|Intimidate|boost\n|-unboost|p2a: Kleavor|atk|1\n|-unboost|p2b: Sneasler|atk|1\n|-enditem|p2b: Sneasler|White Herb\n|-clearnegativeboost|p2b: Sneasler|[silent]\n|move|p1a: Dragonite|Protect|p1a: Dragonite\n|-singleturn|p1a: Dragonite|Protect\n|move|p2b: Sneasler|Close Combat|p1a: Dragonite\n|-activate|p1a: Dragonite|move: Protect\n|move|p2a: Kleavor|Stone Axe|p1a: Dragonite\n|-activate|p1a: Dragonite|move: Protect\n|\n|upkeep\n|turn|2\n|\n|t:|1775939698\n|switch|p2b: Sinistcha|Sinistcha, L50|100/100\n|detailschange|p1a: Dragonite|Dragonite-Mega, L50, M\n|-mega|p1a: Dragonite|Dragonite|Dragoninite\n|move|p1b: Incineroar|Fake Out|p2a: Kleavor\n|-resisted|p2a: Kleavor|1\n|-damage|p2a: Kleavor|95/100\n|cant|p2a: Kleavor|flinch\n|move|p1a: Dragonite|Draco Meteor|p2b: Sinistcha|[miss]\n|-miss|p1a: Dragonite|p2b: Sinistcha\n|\n|upkeep\n|turn|3\n|\n|t:|1775939729\n|move|p1a: Dragonite|Protect|p1a: Dragonite\n|-singleturn|p1a: Dragonite|Protect\n|move|p2a: Kleavor|Stone Axe|p1b: Incineroar\n|-supereffective|p1b: Incineroar|1\n|-damage|p1b: Incineroar|35/100\n|-sidestart|p1: xjpsuperfan|move: Stealth Rock\n|-enditem|p1b: Incineroar|Sitrus Berry|[eat]\n|-heal|p1b: Incineroar|60/100|[from] item: Sitrus Berry\n|move|p2b: Sinistcha|Nasty Plot|p2b: Sinistcha\n|-boost|p2b: Sinistcha|spa|2\n|move|p1b: Incineroar|Parting Shot|p2a: Kleavor\n|-unboost|p2a: Kleavor|atk|1\n|-unboost|p2a: Kleavor|spa|1\n|\n|t:|1775939749\n|switch|p1b: Pelipper|Pelipper, L50, M|100/100|[from] Parting Shot\n|-damage|p1b: Pelipper|76/100|[from] Stealth Rock\n|-weather|RainDance|[from] ability: Drizzle|[of] p1b: Pelipper\n|\n|-weather|RainDance|[upkeep]\n|upkeep\n|turn|4\n|\n|t:|1775939764\n|move|p2a: Kleavor|Stone Axe|p1b: Pelipper\n|-supereffective|p1b: Pelipper|1\n|-damage|p1b: Pelipper|26/100\n|move|p1a: Dragonite|Hurricane|p2b: Sinistcha\n|-supereffective|p2b: Sinistcha|1\n|-damage|p2b: Sinistcha|0 fnt\n|faint|p2b: Sinistcha\n|move|p1b: Pelipper|Tailwind|p1b: Pelipper\n|-sidestart|p1: xjpsuperfan|move: Tailwind\n|\n|-weather|RainDance|[upkeep]\n|upkeep\n|\n|t:|1775939779\n|switch|p2b: Scizor|Scizor, L50, M|100/100\n|turn|5\n|\n|t:|1775939804\n|switch|p2a: Sneasler|Sneasler, L50, M|100/100\n|detailschange|p2b: Scizor|Scizor-Mega, L50, M\n|-mega|p2b: Scizor|Scizor|Scizorite\n|move|p2b: Scizor|Bullet Punch|p1a: Dragonite\n|-damage|p1a: Dragonite|83/100\n|move|p1a: Dragonite|Hurricane|p2b: Scizor\n|-damage|p2b: Scizor|30/100\n|move|p1b: Pelipper|Hurricane|p2b: Scizor\n|-damage|p2b: Scizor|0 fnt\n|faint|p2b: Scizor\n|\n|-weather|RainDance|[upkeep]\n|upkeep\n|\n|t:|1775939816\n|switch|p2b: Kleavor|Kleavor, L50, M|95/100\n|turn|6\n|\n|t:|1775939832\n|switch|p1b: Incineroar|Incineroar, L50, M|60/100\n|-damage|p1b: Incineroar|35/100|[from] Stealth Rock\n|-ability|p1b: Incineroar|Intimidate|boost\n|-unboost|p2a: Sneasler|atk|1\n|-unboost|p2b: Kleavor|atk|1\n|move|p1a: Dragonite|Protect|p1a: Dragonite\n|-singleturn|p1a: Dragonite|Protect\n|move|p2a: Sneasler|Fake Out|p1a: Dragonite\n|-activate|p1a: Dragonite|move: Protect\n|move|p2b: Kleavor|Stone Axe|p1b: Incineroar\n|-supereffective|p1b: Incineroar|1\n|-damage|p1b: Incineroar|0 fnt\n|faint|p1b: Incineroar\n|\n|-weather|RainDance|[upkeep]\n|upkeep\n|\n|t:|1775939845\n|switch|p1b: Palafin|Palafin-Hero, L50, F|100/100\n|-damage|p1b: Palafin|88/100|[from] Stealth Rock\n|-activate|p1b: Palafin|ability: Zero to Hero\n|turn|7\n|\n|t:|1775939854\n|move|p1a: Dragonite|Hurricane|p2a: Sneasler\n|-supereffective|p2a: Sneasler|1\n|-damage|p2a: Sneasler|0 fnt\n|faint|p2a: Sneasler\n|move|p1b: Palafin|Bulk Up|p1b: Palafin\n|-boost|p1b: Palafin|atk|1\n|-boost|p1b: Palafin|def|1\n|move|p2b: Kleavor|Stone Axe|p1a: Dragonite|[miss]\n|-miss|p2b: Kleavor|p1a: Dragonite\n|\n|-weather|none\n|-heal|p1b: Palafin|94/100|[from] item: Leftovers\n|-sideend|p1: xjpsuperfan|move: Tailwind\n|upkeep\n|turn|8\n|-message|Neosjsn forfeited.\n|\n|win|xjpsuperfan\n|raw|xjpsuperfan's rating: 1097 &rarr; <strong>1123</strong><br />(+26 for winning)\n|raw|Neosjsn's rating: 1098 &rarr; <strong>1073</strong><br />(-25 for losing)\n|l|\u2606Neosjsn\n|player|p2|\n|l|\u2606xjpsuperfan\n|player|p1|\n|j|\u2606xjpsuperfan\n|player|p1|xjpsuperfan|102|\n",
  "uploadtime": 1775939885,
  "views": 20,
  "formatid": "gen9championsvgc2026regma",
  "rating": 1073,
  "private": 0,
  "password": null
}