{
  "id": "gen9championsvgc2026regma-2586642676",
  "format": "[Gen 9 Champions] VGC 2026 Reg M-A",
  "players": [
    "dxjack",
    "benmax7"
  ],
  "log": "|j|\u2606dxjack\n|j|\u2606benmax7\n|t:|1776448912\n|gametype|doubles\n|player|p1|dxjack|red|1059\n|player|p2|benmax7|266|1101\n|gen|9\n|tier|[Gen 9 Champions] VGC 2026 Reg M-A\n|rated|\n|rule|Species Clause: Limit one of each Pok\u00e9mon\n|rule|Item Clause: Limit 1 of each item\n|clearpoke\n|poke|p1|Excadrill, L50, M|\n|poke|p1|Tyranitar, L50, M|\n|poke|p1|Aerodactyl, L50, M|\n|poke|p1|Garchomp, L50, F|\n|poke|p1|Arcanine-Hisui, L50, F|\n|poke|p1|Aegislash, L50, F|\n|poke|p2|Tyranitar, L50, M|\n|poke|p2|Aerodactyl, L50, M|\n|poke|p2|Aegislash, L50, M|\n|poke|p2|Milotic, L50, F|\n|poke|p2|Garchomp, L50, M|\n|poke|p2|Kleavor, L50, F|\n|teampreview|4\n|\n|t:|1776448964\n|teamsize|p1|4\n|teamsize|p2|4\n|start\n|switch|p1a: Arcanine|Arcanine-Hisui, L50, F|100/100\n|switch|p1b: Garchomp|Garchomp, L50, F|100/100\n|switch|p2a: Tyranitar|Tyranitar, L50, M|100/100\n|switch|p2b: Aerodactyl|Aerodactyl, L50, M|100/100\n|-ability|p2b: Aerodactyl|Unnerve\n|-ability|p1a: Arcanine|Intimidate|boost\n|-unboost|p2a: Tyranitar|atk|1\n|-unboost|p2b: Aerodactyl|atk|1\n|-weather|Sandstorm|[from] ability: Sand Stream|[of] p2a: Tyranitar\n|turn|1\n|inactive|Battle timer is ON: inactive players will automatically lose when time's up. (requested by benmax7)\n|\n|t:|1776449000\n|detailschange|p2a: Tyranitar|Tyranitar-Mega, L50, M\n|-mega|p2a: Tyranitar|Tyranitar|Tyranitarite\n|move|p1b: Garchomp|Rock Slide|p2a: Tyranitar|[spread] p2a,p2b\n|-supereffective|p2b: Aerodactyl|1\n|-damage|p2a: Tyranitar|91/100\n|-damage|p2b: Aerodactyl|42/100\n|move|p2b: Aerodactyl|Tailwind|p2b: Aerodactyl\n|-sidestart|p2: benmax7|move: Tailwind\n|move|p2a: Tyranitar|Rock Slide|p1a: Arcanine|[spread] p1a,p1b\n|-supereffective|p1a: Arcanine|1\n|-resisted|p1b: Garchomp|1\n|-damage|p1a: Arcanine|52/100\n|-damage|p1b: Garchomp|91/100\n|cant|p1a: Arcanine|flinch\n|\n|-weather|Sandstorm|[upkeep]\n|upkeep\n|turn|2\n|\n|t:|1776449020\n|switch|p2b: Garchomp|Garchomp, L50, M|100/100\n|move|p1b: Garchomp|Rock Slide|p2a: Tyranitar|[spread] p2a\n|-miss|p1b: Garchomp|p2b: Garchomp\n|-damage|p2a: Tyranitar|82/100\n|cant|p2a: Tyranitar|flinch\n|move|p1a: Arcanine|Rock Slide|p2a: Tyranitar|[spread] p2a\n|-miss|p1a: Arcanine|p2b: Garchomp\n|-damage|p2a: Tyranitar|68/100\n|\n|-weather|Sandstorm|[upkeep]\n|upkeep\n|turn|3\n|inactive|dxjack has 30 seconds left.\n|\n|t:|1776449053\n|switch|p1a: Tyranitar|Tyranitar, L50, M|100/100\n|move|p2b: Garchomp|Draco Meteor|p1b: Garchomp|[miss]\n|-miss|p2b: Garchomp|p1b: Garchomp\n|move|p1b: Garchomp|Rock Slide|p2a: Tyranitar|[spread] p2a,p2b\n|-resisted|p2b: Garchomp|1\n|-damage|p2a: Tyranitar|59/100\n|-damage|p2b: Garchomp|93/100\n|move|p2a: Tyranitar|Knock Off|p1b: Garchomp\n|-crit|p1b: Garchomp\n|-damage|p1b: Garchomp|16/100\n|-damage|p2a: Tyranitar|47/100|[from] ability: Rough Skin|[of] p1b: Garchomp\n|-enditem|p1b: Garchomp|Choice Scarf|[from] move: Knock Off|[of] p2a: Tyranitar\n|\n|-weather|Sandstorm|[upkeep]\n|upkeep\n|turn|4\n|inactive|dxjack has 30 seconds left.\n|\n|t:|1776449084\n|switch|p2a: Aerodactyl|Aerodactyl, L50, M|42/100\n|-ability|p2a: Aerodactyl|Unnerve\n|move|p2b: Garchomp|Earthquake|p1b: Garchomp|[spread] p1a,p1b\n|-immune|p2a: Aerodactyl\n|-supereffective|p1a: Tyranitar|1\n|-damage|p1a: Tyranitar|54/100\n|-damage|p1b: Garchomp|0 fnt\n|faint|p1b: Garchomp\n|move|p1a: Tyranitar|Rock Slide|p2b: Garchomp|[spread] p2a,p2b\n|-supereffective|p2a: Aerodactyl|1\n|-resisted|p2b: Garchomp|1\n|-damage|p2a: Aerodactyl|0 fnt\n|-damage|p2b: Garchomp|81/100\n|faint|p2a: Aerodactyl\n|\n|-weather|Sandstorm|[upkeep]\n|-sideend|p2: benmax7|move: Tailwind\n|upkeep\n|\n|t:|1776449101\n|switch|p2a: Milotic|Milotic, L50, F|100/100\n|switch|p1b: Arcanine|Arcanine-Hisui, L50, F|52/100\n|-ability|p1b: Arcanine|Intimidate|boost\n|-unboost|p2a: Milotic|atk|1\n|-ability|p2a: Milotic|Competitive|boost\n|-boost|p2a: Milotic|spa|2\n|-unboost|p2b: Garchomp|atk|1\n|turn|5\n|\n|t:|1776449124\n|move|p1b: Arcanine|Rock Slide|p2b: Garchomp|[spread] p2a,p2b\n|-resisted|p2b: Garchomp|1\n|-crit|p2b: Garchomp\n|-damage|p2a: Milotic|79/100\n|-damage|p2b: Garchomp|66/100\n|move|p2b: Garchomp|Draco Meteor|p1a: Tyranitar\n|-damage|p1a: Tyranitar|34/100\n|-unboost|p2b: Garchomp|spa|2\n|move|p2a: Milotic|Scald|p1a: Tyranitar\n|-supereffective|p1a: Tyranitar|1\n|-damage|p1a: Tyranitar|0 fnt\n|faint|p1a: Tyranitar\n|\n|-weather|none\n|-heal|p2a: Milotic|85/100|[from] item: Leftovers\n|upkeep\n|\n|t:|1776449138\n|switch|p1a: Excadrill|Excadrill, L50, M|100/100\n|turn|6\n|\n|t:|1776449150\n|detailschange|p1a: Excadrill|Excadrill-Mega, L50, M\n|-mega|p1a: Excadrill|Excadrill|Excadrite\n|move|p2b: Garchomp|Protect|p2b: Garchomp\n|-singleturn|p2b: Garchomp|Protect\n|move|p1a: Excadrill|Rock Slide|p2a: Milotic|[spread] p2a\n|-activate|p2b: Garchomp|move: Protect\n|-damage|p2a: Milotic|67/100\n|move|p1b: Arcanine|Rock Slide|p2a: Milotic|[spread] p2a\n|-activate|p2b: Garchomp|move: Protect\n|-damage|p2a: Milotic|46/100\n|cant|p2a: Milotic|flinch\n|\n|-heal|p2a: Milotic|51/100|[from] item: Leftovers\n|upkeep\n|turn|7\n|inactive|benmax7 has 30 seconds left.\n|\n|t:|1776449178\n|switch|p2b: Tyranitar|Tyranitar-Mega, L50, M|47/100\n|-weather|Sandstorm|[from] ability: Sand Stream|[of] p2b: Tyranitar\n|move|p1a: Excadrill|High Horsepower|p2a: Milotic\n|-crit|p2a: Milotic\n|-damage|p2a: Milotic|0 fnt\n|faint|p2a: Milotic\n|move|p1b: Arcanine|Rock Slide|p2b: Tyranitar\n|-damage|p2b: Tyranitar|30/100\n|\n|-weather|Sandstorm|[upkeep]\n|upkeep\n|\n|t:|1776449189\n|switch|p2a: Garchomp|Garchomp, L50, M|66/100\n|turn|8\n|inactive|dxjack has 30 seconds left.\n|inactive|dxjack has 20 seconds left.\n|\n|t:|1776449231\n|move|p1a: Excadrill|High Horsepower|p2a: Garchomp\n|-damage|p2a: Garchomp|25/100\n|move|p1b: Arcanine|Rock Slide|p2b: Tyranitar|[spread] p2b\n|-miss|p1b: Arcanine|p2a: Garchomp\n|-damage|p2b: Tyranitar|17/100\n|move|p2a: Garchomp|Earthquake|p1a: Excadrill|[spread] p2b,p1a,p1b\n|-supereffective|p2b: Tyranitar|1\n|-supereffective|p1a: Excadrill|1\n|-supereffective|p1b: Arcanine|2\n|-damage|p2b: Tyranitar|0 fnt\n|-damage|p1a: Excadrill|33/100\n|-damage|p1b: Arcanine|0 fnt\n|faint|p2b: Tyranitar\n|faint|p1b: Arcanine\n|\n|-weather|Sandstorm|[upkeep]\n|upkeep\n|turn|9\n|\n|t:|1776449250\n|move|p1a: Excadrill|High Horsepower|p2a: Garchomp|[miss]\n|-miss|p1a: Excadrill|p2a: Garchomp\n|move|p2a: Garchomp|Earthquake|p1a: Excadrill\n|-supereffective|p1a: Excadrill|1\n|-damage|p1a: Excadrill|0 fnt\n|faint|p1a: Excadrill\n|\n|win|benmax7\n|raw|dxjack's rating: 1059 &rarr; <strong>1042</strong><br />(-17 for losing)\n|raw|benmax7's rating: 1101 &rarr; <strong>1123</strong><br />(+22 for winning)\n|c|\u2606benmax7|gg\n",
  "uploadtime": 1776449257,
  "views": 26,
  "formatid": "gen9championsvgc2026regma",
  "rating": 1042,
  "private": 0,
  "password": null
}