{
  "id": "gen9championsvgc2026regma-2582016963",
  "format": "[Gen 9 Champions] VGC 2026 Reg M-A",
  "players": [
    "Burgerboy18",
    "dgsgdyugvuygfvu"
  ],
  "log": "|j|\u2606Burgerboy18\n|j|\u2606dgsgdyugvuygfvu\n|t:|1776048690\n|gametype|doubles\n|player|p1|Burgerboy18|1|1087\n|player|p2|dgsgdyugvuygfvu|265|1056\n|gen|9\n|tier|[Gen 9 Champions] VGC 2026 Reg M-A\n|rated|\n|rule|Species Clause: Limit one of each Pok\u00e9mon\n|rule|Item Clause: Limit 1 of each item\n|clearpoke\n|poke|p1|Scizor, L50, M|\n|poke|p1|Gengar, L50, F|\n|poke|p1|Aerodactyl, L50, M|\n|poke|p1|Raichu, L50, F|\n|poke|p1|Tauros-Paldea-Aqua, L50, M|\n|poke|p1|Sylveon, L50, F|\n|poke|p2|Gengar, L50, F|\n|poke|p2|Incineroar, L50, F|\n|poke|p2|Whimsicott, L50, M|\n|poke|p2|Basculegion, L50, M|\n|poke|p2|Sneasler, L50, F|\n|poke|p2|Heliolisk, L50, F|\n|teampreview|4\n|inactive|Battle timer is ON: inactive players will automatically lose when time's up. (requested by dgsgdyugvuygfvu)\n|inactive|Burgerboy18 has 60 seconds left.\n|\n|t:|1776048727\n|teamsize|p1|4\n|teamsize|p2|4\n|start\n|switch|p1a: Raichu|Raichu, L50, F|100/100\n|switch|p1b: Aerodactyl|Aerodactyl, L50, M|100/100\n|switch|p2a: Gengar|Gengar, L50, F|100/100\n|switch|p2b: Heliolisk|Heliolisk, L50, F|100/100\n|-ability|p1b: Aerodactyl|Unnerve\n|turn|1\n|\n|t:|1776048748\n|detailschange|p2a: Gengar|Gengar-Mega, L50, F\n|-mega|p2a: Gengar|Gengar|Gengarite\n|move|p1b: Aerodactyl|Tailwind|p1b: Aerodactyl\n|-sidestart|p1: Burgerboy18|move: Tailwind\n|move|p1a: Raichu|Thunderbolt|p2a: Gengar\n|-crit|p2a: Gengar\n|-damage|p2a: Gengar|51/100\n|move|p2a: Gengar|Perish Song|p2a: Gengar\n|-start|p1a: Raichu|perish3|[silent]\n|-start|p1b: Aerodactyl|perish3|[silent]\n|-start|p2a: Gengar|perish3|[silent]\n|-start|p2b: Heliolisk|perish3|[silent]\n|-fieldactivate|move: Perish Song\n|move|p2b: Heliolisk|Rock Slide|p1a: Raichu|[spread] p1a\n|-miss|p2b: Heliolisk|p1b: Aerodactyl\n|-damage|p1a: Raichu|87/100\n|\n|-start|p1b: Aerodactyl|perish3\n|-start|p1a: Raichu|perish3\n|-start|p2a: Gengar|perish3\n|-start|p2b: Heliolisk|perish3\n|upkeep\n|turn|2\n|inactive|Burgerboy18 has 30 seconds left.\n|\n|t:|1776048773\n|move|p2b: Heliolisk|Ally Switch|p2b: Heliolisk\n|swap|p2b: Heliolisk|0|[from] move: Ally Switch\n|move|p1b: Aerodactyl|Rock Slide|p2a: Heliolisk|[spread] p2a,p2b\n|-damage|p2a: Heliolisk|72/100\n|-damage|p2b: Gengar|26/100\n|move|p1a: Raichu|Encore|p2a: Heliolisk\n|-start|p2a: Heliolisk|Encore\n|move|p2b: Gengar|Reflect Type|p1a: Raichu\n|-start|p2b: Gengar|typechange|[from] move: Reflect Type|[of] p1a: Raichu\n|\n|-start|p1b: Aerodactyl|perish2\n|-start|p1a: Raichu|perish2\n|-start|p2b: Gengar|perish2\n|-start|p2a: Heliolisk|perish2\n|upkeep\n|-start|p2b: Gengar|typechange|Electric|[silent]\n|turn|3\n|inactive|Burgerboy18 has 30 seconds left.\n|\n|t:|1776048803\n|switch|p2a: Incineroar|Incineroar, L50, F|100/100\n|-ability|p2a: Incineroar|Intimidate|boost\n|-unboost|p1a: Raichu|atk|1\n|-unboost|p1b: Aerodactyl|atk|1\n|move|p2b: Gengar|Protect|p2b: Gengar\n|-singleturn|p2b: Gengar|Protect\n|move|p1b: Aerodactyl|Rock Slide|p2b: Gengar|[spread] \n|-activate|p2b: Gengar|move: Protect\n|-miss|p1b: Aerodactyl|p2a: Incineroar\n|move|p1a: Raichu|Volt Switch|p2b: Gengar\n|-activate|p2b: Gengar|move: Protect\n|\n|-start|p1b: Aerodactyl|perish1\n|-start|p1a: Raichu|perish1\n|-start|p2b: Gengar|perish1\n|upkeep\n|turn|4\n|\n|t:|1776048827\n|switch|p2b: Heliolisk|Heliolisk, L50, F|72/100\n|move|p2a: Incineroar|Fake Out|p1a: Raichu\n|-damage|p1a: Raichu|70/100\n|move|p1b: Aerodactyl|Rock Slide|p2b: Heliolisk|[spread] p2a,p2b\n|-supereffective|p2a: Incineroar|1\n|-damage|p2a: Incineroar|70/100\n|-damage|p2b: Heliolisk|50/100\n|cant|p1a: Raichu|flinch\n|\n|-start|p1b: Aerodactyl|perish0\n|-start|p1a: Raichu|perish0\n|-sideend|p1: Burgerboy18|move: Tailwind\n|upkeep\n|faint|p1b: Aerodactyl\n|faint|p1a: Raichu\n|\n|t:|1776048838\n|switch|p1b: Gengar|Gengar, L50, F|100/100\n|switch|p1a: Tauros|Tauros-Paldea-Aqua, L50, M|100/100\n|-ability|p1a: Tauros|Intimidate|boost\n|-unboost|p2a: Incineroar|atk|1\n|-unboost|p2b: Heliolisk|atk|1\n|turn|5\n|\n|t:|1776048859\n|detailschange|p1b: Gengar|Gengar-Mega, L50, F\n|-mega|p1b: Gengar|Gengar|Gengarite\n|move|p1b: Gengar|Protect|p1b: Gengar\n|-singleturn|p1b: Gengar|Protect\n|move|p1a: Tauros|Earthquake|p2a: Incineroar|[spread] p2a,p2b\n|-activate|p1b: Gengar|move: Protect\n|-supereffective|p2a: Incineroar|1\n|-supereffective|p2b: Heliolisk|1\n|-damage|p2a: Incineroar|29/100\n|-damage|p2b: Heliolisk|0 fnt\n|-enditem|p2a: Incineroar|Sitrus Berry|[eat]\n|-heal|p2a: Incineroar|54/100|[from] item: Sitrus Berry\n|faint|p2b: Heliolisk\n|move|p2a: Incineroar|Parting Shot|p1b: Gengar\n|-activate|p1b: Gengar|move: Protect\n|\n|upkeep\n|\n|t:|1776048869\n|switch|p2b: Gengar|Gengar-Mega, L50, F|26/100\n|turn|6\n|\n|t:|1776048883\n|move|p1b: Gengar|Shadow Ball|p2b: Gengar\n|-supereffective|p2b: Gengar|1\n|-damage|p2b: Gengar|0 fnt\n|faint|p2b: Gengar\n|move|p1a: Tauros|Close Combat|p2a: Incineroar\n|-supereffective|p2a: Incineroar|1\n|-damage|p2a: Incineroar|0 fnt\n|-unboost|p1a: Tauros|def|1\n|-unboost|p1a: Tauros|spd|1\n|faint|p2a: Incineroar\n|-enditem|p1a: Tauros|White Herb\n|-clearnegativeboost|p1a: Tauros|[silent]\n|\n|upkeep\n|\n|t:|1776048892\n|switch|p2a: Basculegion|Basculegion, L50, M|100/100\n|turn|7\n|\n|t:|1776048914\n|move|p1b: Gengar|Shadow Ball|p2a: Basculegion\n|-supereffective|p2a: Basculegion|1\n|-damage|p2a: Basculegion|0 fnt\n|faint|p2a: Basculegion\n|\n|win|Burgerboy18\n|raw|Burgerboy18's rating: 1087 &rarr; <strong>1112</strong><br />(+25 for winning)\n|raw|dgsgdyugvuygfvu's rating: 1056 &rarr; <strong>1039</strong><br />(-17 for losing)\n",
  "uploadtime": 1776048921,
  "views": 12,
  "formatid": "gen9championsvgc2026regma",
  "rating": 1039,
  "private": 0,
  "password": null
}