{
  "id": "gen9championsvgc2026regma-2589409861",
  "format": "[Gen 9 Champions] VGC 2026 Reg M-A",
  "players": [
    "NeedMegaMawile",
    "chichinitz"
  ],
  "log": "|j|\u2606NeedMegaMawile\n|j|\u2606chichinitz\n|t:|1776720624\n|gametype|doubles\n|player|p1|NeedMegaMawile|brawly-gen6|1472\n|player|p2|chichinitz|psychic-gen4|1407\n|gen|9\n|tier|[Gen 9 Champions] VGC 2026 Reg M-A\n|rated|\n|rule|Species Clause: Limit one of each Pok\u00e9mon\n|rule|Item Clause: Limit 1 of each item\n|clearpoke\n|poke|p1|Meganium, L50, F|\n|poke|p1|Incineroar, L50, M|\n|poke|p1|Aerodactyl, L50, M|\n|poke|p1|Milotic, L50, F|\n|poke|p1|Farigiraf, L50, F|\n|poke|p1|Sneasler, L50, F|\n|poke|p2|Meganium, L50, F|\n|poke|p2|Pelipper, L50, M|\n|poke|p2|Basculegion, L50, M|\n|poke|p2|Archaludon, L50, F|\n|poke|p2|Aerodactyl, L50, M|\n|poke|p2|Kangaskhan, L50, F|\n|teampreview|4\n|inactive|Battle timer is ON: inactive players will automatically lose when time's up. (requested by NeedMegaMawile)\n|c|\u2606NeedMegaMawile|a man of culture i see\n|c|\u2606NeedMegaMawile|gl\n|c|\u2606chichinitz|haha thanks u too\n|inactive|NeedMegaMawile has 60 seconds left.\n|inactive|NeedMegaMawile has 30 seconds left.\n|inactive|NeedMegaMawile has 20 seconds left.\n|\n|t:|1776720695\n|teamsize|p1|4\n|teamsize|p2|4\n|start\n|switch|p1a: Farigiraf|Farigiraf, L50, F|100/100\n|switch|p1b: Sneasler|Sneasler, L50, F|100/100\n|switch|p2a: Pelipper|Pelipper, L50, M|100/100\n|switch|p2b: Archaludon|Archaludon, L50, F|100/100\n|-weather|RainDance|[from] ability: Drizzle|[of] p2a: Pelipper\n|turn|1\n|inactive|NeedMegaMawile has 30 seconds left.\n|inactive|NeedMegaMawile has 20 seconds left.\n|inactive|chichinitz has 30 seconds left.\n|inactive|NeedMegaMawile has 15 seconds left.\n|\n|t:|1776720738\n|move|p1b: Sneasler|Dire Claw|p2a: Pelipper\n|-damage|p2a: Pelipper|55/100\n|move|p2b: Archaludon|Electro Shot||[still]\n|-prepare|p2b: Archaludon|Electro Shot\n|-boost|p2b: Archaludon|spa|1\n|-anim|p2b: Archaludon|Electro Shot|p1b: Sneasler\n|-damage|p1b: Sneasler|21/100\n|move|p2a: Pelipper|Tailwind|p2a: Pelipper\n|-sidestart|p2: chichinitz|move: Tailwind\n|move|p1a: Farigiraf|Trick Room|p1a: Farigiraf\n|-fieldstart|move: Trick Room|[of] p1a: Farigiraf\n|\n|-weather|RainDance|[upkeep]\n|upkeep\n|turn|2\n|\n|t:|1776720760\n|switch|p2a: Basculegion|Basculegion, L50, M|100/100\n|move|p1a: Farigiraf|Psychic|p2a: Basculegion\n|-damage|p2a: Basculegion|53/100\n|move|p1b: Sneasler|Close Combat|p2b: Archaludon\n|-supereffective|p2b: Archaludon|1\n|-enditem|p2b: Archaludon|Chople Berry|[eat]\n|-enditem|p2b: Archaludon|Chople Berry|[weaken]\n|-damage|p2b: Archaludon|59/100\n|-unboost|p1b: Sneasler|def|1\n|-unboost|p1b: Sneasler|spd|1\n|-enditem|p1b: Sneasler|White Herb\n|-clearnegativeboost|p1b: Sneasler|[silent]\n|move|p2b: Archaludon|Electro Shot||[still]\n|-prepare|p2b: Archaludon|Electro Shot\n|-boost|p2b: Archaludon|spa|1\n|-anim|p2b: Archaludon|Electro Shot|p1a: Farigiraf\n|-damage|p1a: Farigiraf|37/100\n|\n|-weather|RainDance|[upkeep]\n|upkeep\n|turn|3\n|inactive|NeedMegaMawile has 30 seconds left.\n|inactive|chichinitz has 30 seconds left.\n|\n|t:|1776720792\n|move|p2b: Archaludon|Protect|p2b: Archaludon\n|-singleturn|p2b: Archaludon|Protect\n|move|p1a: Farigiraf|Psychic|p2a: Basculegion\n|-damage|p2a: Basculegion|10/100\n|move|p1b: Sneasler|Dire Claw|p2a: Basculegion\n|-resisted|p2a: Basculegion|1\n|-damage|p2a: Basculegion|0 fnt\n|faint|p2a: Basculegion\n|\n|-weather|RainDance|[upkeep]\n|upkeep\n|\n|t:|1776720810\n|switch|p2a: Pelipper|Pelipper, L50, M|55/100\n|turn|4\n|inactive|chichinitz has 30 seconds left.\n|inactive|NeedMegaMawile has 30 seconds left.\n|inactive|NeedMegaMawile has 20 seconds left.\n|inactive|chichinitz has 20 seconds left.\n|inactive|chichinitz has 15 seconds left.\n|inactive|chichinitz has 10 seconds left.\n|\n|t:|1776720865\n|switch|p2a: Meganium|Meganium, L50, F|100/100\n|move|p1b: Sneasler|Protect|p1b: Sneasler\n|-singleturn|p1b: Sneasler|Protect\n|move|p1a: Farigiraf|Psychic|p2a: Meganium\n|-damage|p2a: Meganium|61/100\n|move|p2b: Archaludon|Electro Shot||[still]\n|-prepare|p2b: Archaludon|Electro Shot\n|-boost|p2b: Archaludon|spa|1\n|-anim|p2b: Archaludon|Electro Shot|p1b: Sneasler\n|-activate|p1b: Sneasler|move: Protect\n|\n|-weather|RainDance|[upkeep]\n|-sideend|p2: chichinitz|move: Tailwind\n|upkeep\n|turn|5\n|\n|t:|1776720883\n|switch|p1b: Incineroar|Incineroar, L50, M|100/100\n|-ability|p1b: Incineroar|Intimidate|boost\n|-unboost|p2a: Meganium|atk|1\n|-unboost|p2b: Archaludon|atk|1\n|move|p2a: Meganium|Protect|p2a: Meganium\n|-singleturn|p2a: Meganium|Protect\n|move|p2b: Archaludon|Protect|p2b: Archaludon\n|-singleturn|p2b: Archaludon|Protect\n|move|p1a: Farigiraf|Psychic|p2a: Meganium\n|-activate|p2a: Meganium|move: Protect\n|\n|-weather|none\n|-fieldend|move: Trick Room\n|upkeep\n|turn|6\n|inactive|NeedMegaMawile has 30 seconds left.\n|inactive|chichinitz has 30 seconds left.\n|inactive|NeedMegaMawile has 20 seconds left.\n|inactive|chichinitz has 20 seconds left.\n|inactive|NeedMegaMawile has 15 seconds left.\n|inactive|chichinitz has 15 seconds left.\n|inactive|NeedMegaMawile has 10 seconds left.\n|inactive|chichinitz has 10 seconds left.\n|\n|t:|1776720932\n|detailschange|p2a: Meganium|Meganium-Mega, L50, F\n|-mega|p2a: Meganium|Meganium|Meganiumite\n|move|p2b: Archaludon|Flash Cannon|p1a: Farigiraf\n|-damage|p1a: Farigiraf|0 fnt\n|faint|p1a: Farigiraf\n|move|p2a: Meganium|Solar Beam||[still]\n|-prepare|p2a: Meganium|Solar Beam\n|-activate|p2a: Meganium|ability: Mega Sol\n|-anim|p2a: Meganium|Solar Beam|p1b: Incineroar\n|-resisted|p1b: Incineroar|1\n|-damage|p1b: Incineroar|73/100\n|move|p1b: Incineroar|Flare Blitz|p2a: Meganium\n|-supereffective|p2a: Meganium|1\n|-damage|p2a: Meganium|0 fnt\n|faint|p2a: Meganium\n|-damage|p1b: Incineroar|54/100|[from] Recoil\n|\n|upkeep\n|\n|t:|1776720951\n|switch|p2a: Pelipper|Pelipper, L50, M|55/100\n|switch|p1a: Sneasler|Sneasler, L50, F|21/100\n|-weather|RainDance|[from] ability: Drizzle|[of] p2a: Pelipper\n|turn|7\n|inactive|chichinitz has 30 seconds left.\n|\n|t:|1776720978\n|move|p1a: Sneasler|Protect|p1a: Sneasler\n|-singleturn|p1a: Sneasler|Protect\n|move|p2b: Archaludon|Electro Shot||[still]\n|-prepare|p2b: Archaludon|Electro Shot\n|-boost|p2b: Archaludon|spa|1\n|-anim|p2b: Archaludon|Electro Shot|p1a: Sneasler\n|-activate|p1a: Sneasler|move: Protect\n|move|p2a: Pelipper|Tailwind|p2a: Pelipper\n|-sidestart|p2: chichinitz|move: Tailwind\n|move|p1b: Incineroar|Throat Chop|p2a: Pelipper\n|-damage|p2a: Pelipper|21/100\n|-start|p2a: Pelipper|Throat Chop|[silent]\n|\n|-weather|RainDance|[upkeep]\n|upkeep\n|turn|8\n|\n|t:|1776720999\n|switch|p1a: Meganium|Meganium, L50, F|100/100\n|move|p2b: Archaludon|Electro Shot||[still]\n|-prepare|p2b: Archaludon|Electro Shot\n|-boost|p2b: Archaludon|spa|1\n|-anim|p2b: Archaludon|Electro Shot|p1a: Meganium\n|-resisted|p1a: Meganium|1\n|-damage|p1a: Meganium|28/100\n|move|p2a: Pelipper|Weather Ball|p1b: Incineroar\n|-supereffective|p1b: Incineroar|1\n|-damage|p1b: Incineroar|0 fnt\n|faint|p1b: Incineroar\n|\n|-weather|RainDance|[upkeep]\n|-end|p2a: Pelipper|Throat Chop|[silent]\n|upkeep\n|\n|t:|1776721010\n|switch|p1b: Sneasler|Sneasler, L50, F|21/100\n|turn|9\n|j| Choklit Milk\n|inactive|NeedMegaMawile has 30 seconds left.\n|inactive|chichinitz has 30 seconds left.\n|l| Choklit Milk\n|inactive|chichinitz has 20 seconds left.\n|j| Choklit Milk\n|l| Choklit Milk\n|\n|t:|1776721050\n|detailschange|p1a: Meganium|Meganium-Mega, L50, F\n|-mega|p1a: Meganium|Meganium|Meganiumite\n|move|p2b: Archaludon|Protect|p2b: Archaludon\n|-singleturn|p2b: Archaludon|Protect\n|move|p1b: Sneasler|Fake Out|p2b: Archaludon\n|-activate|p2b: Archaludon|move: Protect\n|move|p2a: Pelipper|Hurricane|p1b: Sneasler\n|-supereffective|p1b: Sneasler|1\n|-damage|p1b: Sneasler|0 fnt\n|faint|p1b: Sneasler\n|move|p1a: Meganium|Dazzling Gleam|p2b: Archaludon|[spread] p2a\n|-activate|p2b: Archaludon|move: Protect\n|-damage|p2a: Pelipper|0 fnt\n|faint|p2a: Pelipper\n|\n|-weather|RainDance|[upkeep]\n|upkeep\n|turn|10\n|\n|t:|1776721067\n|move|p1a: Meganium|Protect|p1a: Meganium\n|-singleturn|p1a: Meganium|Protect\n|move|p2b: Archaludon|Flash Cannon|p1a: Meganium\n|-activate|p1a: Meganium|move: Protect\n|\n|-weather|RainDance|[upkeep]\n|-sideend|p2: chichinitz|move: Tailwind\n|upkeep\n|turn|11\n|c|\u2606NeedMegaMawile|youre probably faster\n|\n|t:|1776721076\n|move|p2b: Archaludon|Flash Cannon|p1a: Meganium\n|-supereffective|p1a: Meganium|1\n|-damage|p1a: Meganium|0 fnt\n|faint|p1a: Meganium\n|\n|win|chichinitz\n|raw|NeedMegaMawile's rating: 1472 &rarr; <strong>1448</strong><br />(-24 for losing)\n|raw|chichinitz's rating: 1407 &rarr; <strong>1431</strong><br />(+24 for winning)\n|c|\u2606NeedMegaMawile|yeah ggs\n|c|\u2606chichinitz|ah nice that was close\n|c|\u2606chichinitz|ggs\n",
  "uploadtime": 1776721087,
  "views": 15,
  "formatid": "gen9championsvgc2026regma",
  "rating": 1431,
  "private": 0,
  "password": null
}