{
  "id": "gen9championsvgc2026regma-2585811014",
  "format": "[Gen 9 Champions] VGC 2026 Reg M-A",
  "players": [
    "kouros26",
    "123heyhey123"
  ],
  "log": "|j|\u2606kouros26\n|j|\u2606123heyhey123\n|t:|1776372343\n|gametype|doubles\n|player|p1|kouros26|169|1123\n|player|p2|123heyhey123|2|1035\n|gen|9\n|tier|[Gen 9 Champions] VGC 2026 Reg M-A\n|rated|\n|rule|Species Clause: Limit one of each Pok\u00e9mon\n|rule|Item Clause: Limit 1 of each item\n|clearpoke\n|poke|p1|Mamoswine, L50, M|\n|poke|p1|Orthworm, L50, M|\n|poke|p1|Skarmory, L50, M|\n|poke|p1|Arcanine-Hisui, L50, F|\n|poke|p1|Ampharos, L50, M|\n|poke|p1|Whimsicott, L50, M|\n|poke|p2|Gengar, L50, F|\n|poke|p2|Archaludon, L50, M|\n|poke|p2|Primarina, L50, F|\n|poke|p2|Rhyperior, L50, M|\n|poke|p2|Dragonite, L50, M|\n|poke|p2|Whimsicott, L50, M|\n|teampreview|4\n|inactive|Battle timer is ON: inactive players will automatically lose when time's up. (requested by kouros26)\n|\n|t:|1776372379\n|teamsize|p1|4\n|teamsize|p2|4\n|start\n|switch|p1a: Orthworm|Orthworm, L50, M|100/100\n|switch|p1b: Arcanine|Arcanine-Hisui, L50, F|100/100\n|switch|p2a: Whimsicott|Whimsicott, L50, M|100/100\n|switch|p2b: Archaludon|Archaludon, L50, M|100/100\n|-ability|p1b: Arcanine|Intimidate|boost\n|-unboost|p2a: Whimsicott|atk|1\n|-unboost|p2b: Archaludon|atk|1\n|turn|1\n|inactive|kouros26 has 30 seconds left.\n|\n|t:|1776372406\n|move|p2a: Whimsicott|Taunt|p1a: Orthworm\n|-start|p1a: Orthworm|move: Taunt\n|move|p1b: Arcanine|Flare Blitz|p2a: Whimsicott\n|-supereffective|p2a: Whimsicott|1\n|-enditem|p2a: Whimsicott|Focus Sash\n|-damage|p2a: Whimsicott|1/100\n|-damage|p1b: Arcanine|69/100|[from] Recoil\n|move|p2b: Archaludon|Aura Sphere|p1b: Arcanine\n|-supereffective|p1b: Arcanine|1\n|-damage|p1b: Arcanine|2/100\n|move|p1a: Orthworm|Heavy Slam|p2a: Whimsicott\n|-supereffective|p2a: Whimsicott|1\n|-damage|p2a: Whimsicott|0 fnt\n|faint|p2a: Whimsicott\n|\n|upkeep\n|\n|t:|1776372425\n|switch|p2a: Dragonite|Dragonite, L50, M|100/100\n|turn|2\n|\n|t:|1776372438\n|move|p2a: Dragonite|Extreme Speed|p1b: Arcanine\n|-resisted|p1b: Arcanine|1\n|-damage|p1b: Arcanine|0 fnt\n|faint|p1b: Arcanine\n|move|p2b: Archaludon|Aura Sphere|p1a: Orthworm\n|-supereffective|p1a: Orthworm|1\n|-damage|p1a: Orthworm|18/100\n|-enditem|p1a: Orthworm|Sitrus Berry|[eat]\n|-heal|p1a: Orthworm|43/100|[from] item: Sitrus Berry\n|move|p1a: Orthworm|Body Press|p2b: Archaludon\n|-supereffective|p2b: Archaludon|1\n|-damage|p2b: Archaludon|45/100\n|-ability|p2b: Archaludon|Stamina|boost\n|-boost|p2b: Archaludon|def|1\n|\n|upkeep\n|\n|t:|1776372456\n|switch|p1b: Mamoswine|Mamoswine, L50, M|100/100\n|turn|3\n|\n|t:|1776372470\n|move|p2a: Dragonite|Rock Slide|p1b: Mamoswine|[spread] p1a,p1b\n|-resisted|p1a: Orthworm|1\n|-damage|p1a: Orthworm|38/100\n|-damage|p1b: Mamoswine|79/100\n|move|p2b: Archaludon|Aura Sphere|p1a: Orthworm\n|-supereffective|p1a: Orthworm|1\n|-damage|p1a: Orthworm|0 fnt\n|faint|p1a: Orthworm\n|-heal|p2b: Archaludon|50/100|[from] item: Shell Bell|[of] p1: Orthworm\n|cant|p1b: Mamoswine|flinch\n|\n|upkeep\n|\n|t:|1776372482\n|switch|p1a: Ampharos|Ampharos, L50, M|100/100\n|turn|4\n|\n|t:|1776372497\n|detailschange|p1a: Ampharos|Ampharos-Mega, L50, M\n|-mega|p1a: Ampharos|Ampharos|Ampharosite\n|-ability|p1a: Ampharos|Mold Breaker\n|move|p2a: Dragonite|Rock Slide|p1a: Ampharos|[spread] p1a,p1b\n|-damage|p1a: Ampharos|81/100\n|-damage|p1b: Mamoswine|59/100\n|move|p2b: Archaludon|Aura Sphere|p1b: Mamoswine\n|-supereffective|p1b: Mamoswine|1\n|-damage|p1b: Mamoswine|0 fnt\n|faint|p1b: Mamoswine\n|-heal|p2b: Archaludon|59/100|[from] item: Shell Bell|[of] p1: Mamoswine\n|move|p1a: Ampharos|Dragon Pulse|p2b: Archaludon\n|-damage|p2b: Archaludon|0 fnt\n|faint|p2b: Archaludon\n|\n|upkeep\n|\n|t:|1776372516\n|switch|p2b: Gengar|Gengar, L50, F|100/100\n|turn|5\n|inactive|kouros26 has 30 seconds left.\n|\n|t:|1776372548\n|detailschange|p2b: Gengar|Gengar-Mega, L50, F\n|-mega|p2b: Gengar|Gengar|Gengarite\n|move|p2b: Gengar|Shadow Ball|p1a: Ampharos\n|-damage|p1a: Ampharos|38/100\n|-unboost|p1a: Ampharos|spd|1\n|move|p2a: Dragonite|Ice Spinner|p1a: Ampharos\n|-supereffective|p1a: Ampharos|1\n|-damage|p1a: Ampharos|0 fnt\n|faint|p1a: Ampharos\n|\n|win|123heyhey123\n|raw|kouros26's rating: 1123 &rarr; <strong>1092</strong><br />(-31 for losing)\n|raw|123heyhey123's rating: 1035 &rarr; <strong>1078</strong><br />(+43 for winning)\n|l|\u2606kouros26\n|player|p1|\n",
  "uploadtime": 1776372579,
  "views": 21,
  "formatid": "gen9championsvgc2026regma",
  "rating": 1078,
  "private": 0,
  "password": null
}