{
  "id": "gen9championsvgc2026regma-2587829740",
  "format": "[Gen 9 Champions] VGC 2026 Reg M-A",
  "players": [
    "fg hgvjubuhoj",
    "b9y 9txif h"
  ],
  "log": "|j|\u2606fg hgvjubuhoj\n|j|\u2606b9y 9txif h\n|t:|1776568321\n|gametype|doubles\n|player|p1|fg hgvjubuhoj|101|1050\n|player|p2|b9y 9txif h|266|1000\n|gen|9\n|tier|[Gen 9 Champions] VGC 2026 Reg M-A\n|rated|\n|rule|Species Clause: Limit one of each Pok\u00e9mon\n|rule|Item Clause: Limit 1 of each item\n|clearpoke\n|poke|p1|Glimmora, L50, F|\n|poke|p1|Archaludon, L50, F|\n|poke|p1|Politoed, L50, F|\n|poke|p1|Venusaur, L50, F|\n|poke|p1|Maushold, L50|\n|poke|p1|Kangaskhan, L50, F|\n|poke|p2|Victreebel, L50, F|\n|poke|p2|Incineroar, L50, F|\n|poke|p2|Maushold, L50|\n|poke|p2|Garchomp, L50, F|\n|poke|p2|Aerodactyl, L50, M|\n|poke|p2|Abomasnow, L50, M|\n|teampreview|4\n|inactive|Battle timer is ON: inactive players will automatically lose when time's up. (requested by fg hgvjubuhoj)\nfg hgvjubuhoj rejected open team sheets.\n|\n|t:|1776568346\n|teamsize|p1|4\n|teamsize|p2|4\n|start\n|switch|p1a: Glimmora|Glimmora, L50, F|100/100\n|switch|p1b: Maushold|Maushold, L50|100/100\n|switch|p2a: Incineroar|Incineroar, L50, F|100/100\n|switch|p2b: Garchomp|Garchomp, L50, F|100/100\n|-ability|p2a: Incineroar|Intimidate|boost\n|-unboost|p1a: Glimmora|atk|1\n|-unboost|p1b: Maushold|atk|1\n|turn|1\n|\n|t:|1776568360\n|move|p1b: Maushold|Protect|p1b: Maushold\n|-singleturn|p1b: Maushold|Protect\n|move|p1a: Glimmora|Spiky Shield|p1a: Glimmora\n|-singleturn|p1a: Glimmora|move: Protect\n|move|p2b: Garchomp|Earthquake|p1a: Glimmora|[spread] p2a\n|-activate|p1a: Glimmora|move: Protect\n|-activate|p1b: Maushold|move: Protect\n|-supereffective|p2a: Incineroar|1\n|-damage|p2a: Incineroar|33/100\n|move|p2a: Incineroar|Parting Shot|p1a: Glimmora\n|-activate|p1a: Glimmora|move: Protect\n|\n|upkeep\n|turn|2\n|\n|t:|1776568377\n|move|p1b: Maushold|Population Bomb|p1a: Glimmora\n|-resisted|p1a: Glimmora|1\n|-damage|p1a: Glimmora|99/100\n|-activate|p1a: Glimmora|ability: Toxic Debris\n|-sidestart|p2: b9y 9txif h|move: Toxic Spikes\n|-resisted|p1a: Glimmora|1\n|-damage|p1a: Glimmora|97/100\n|-activate|p1a: Glimmora|ability: Toxic Debris\n|-sidestart|p2: b9y 9txif h|move: Toxic Spikes\n|-resisted|p1a: Glimmora|1\n|-damage|p1a: Glimmora|95/100\n|-resisted|p1a: Glimmora|1\n|-damage|p1a: Glimmora|93/100\n|-resisted|p1a: Glimmora|1\n|-damage|p1a: Glimmora|92/100\n|-resisted|p1a: Glimmora|1\n|-damage|p1a: Glimmora|90/100\n|-resisted|p1a: Glimmora|1\n|-damage|p1a: Glimmora|88/100\n|-resisted|p1a: Glimmora|1\n|-damage|p1a: Glimmora|86/100\n|-resisted|p1a: Glimmora|1\n|-damage|p1a: Glimmora|84/100\n|-resisted|p1a: Glimmora|1\n|-damage|p1a: Glimmora|82/100\n|-hitcount|p1a: Glimmora|10\n|move|p2b: Garchomp|Earthquake|p1b: Maushold|[spread] p2a,p1a,p1b\n|-supereffective|p2a: Incineroar|1\n|-supereffective|p1a: Glimmora|2\n|-damage|p2a: Incineroar|0 fnt\n|-damage|p1a: Glimmora|0 fnt\n|-damage|p1b: Maushold|47/100\n|faint|p2a: Incineroar\n|faint|p1a: Glimmora\n|\n|upkeep\n|\n|t:|1776568383\n|switch|p1a: Archaludon|Archaludon, L50, F|100/100\n|switch|p2a: Victreebel|Victreebel, L50, F|100/100\n|-sideend|p2: b9y 9txif h|move: Toxic Spikes|[of] p2a: Victreebel\n|turn|3\n|\n|t:|1776568392\n|detailschange|p2a: Victreebel|Victreebel-Mega, L50, F\n|-mega|p2a: Victreebel|Victreebel|Victreebelite\n|move|p1b: Maushold|Population Bomb|p1a: Archaludon\n|-resisted|p1a: Archaludon|1\n|-damage|p1a: Archaludon|99/100\n|-ability|p1a: Archaludon|Stamina|boost\n|-boost|p1a: Archaludon|def|1\n|-resisted|p1a: Archaludon|1\n|-damage|p1a: Archaludon|99/100\n|-ability|p1a: Archaludon|Stamina|boost\n|-boost|p1a: Archaludon|def|1\n|-resisted|p1a: Archaludon|1\n|-damage|p1a: Archaludon|98/100\n|-ability|p1a: Archaludon|Stamina|boost\n|-boost|p1a: Archaludon|def|1\n|-hitcount|p1a: Archaludon|3\n|move|p2b: Garchomp|Swords Dance|p2b: Garchomp\n|-boost|p2b: Garchomp|atk|2\n|move|p1a: Archaludon|Dragon Pulse|p2b: Garchomp\n|-supereffective|p2b: Garchomp|1\n|-damage|p2b: Garchomp|18/100\n|move|p2a: Victreebel|Sludge Bomb|p1b: Maushold\n|-damage|p1b: Maushold|0 fnt\n|faint|p1b: Maushold\n|\n|-heal|p1a: Archaludon|100/100|[from] item: Leftovers\n|upkeep\n|\n|t:|1776568399\n|switch|p1b: Politoed|Politoed, L50, F|100/100\n|-weather|RainDance|[from] ability: Drizzle|[of] p1b: Politoed\n|turn|4\n|\n|t:|1776568424\n|switch|p2a: Aerodactyl|Aerodactyl, L50, M|100/100\n|move|p2b: Garchomp|Earthquake|p1b: Politoed|[spread] p1a,p1b\n|-immune|p2a: Aerodactyl\n|-supereffective|p1a: Archaludon|1\n|-damage|p1a: Archaludon|55/100\n|-damage|p1b: Politoed|29/100\n|-ability|p1a: Archaludon|Stamina|boost\n|-boost|p1a: Archaludon|def|1\n|-enditem|p1b: Politoed|Sitrus Berry|[eat]\n|-heal|p1b: Politoed|54/100|[from] item: Sitrus Berry\n|move|p1a: Archaludon|Dragon Pulse|p2a: Aerodactyl\n|-damage|p2a: Aerodactyl|44/100\n|move|p1b: Politoed|Icy Wind|p2a: Aerodactyl|[spread] p2a,p2b\n|-supereffective|p2a: Aerodactyl|1\n|-supereffective|p2b: Garchomp|2\n|-enditem|p2b: Garchomp|Yache Berry|[eat]\n|-enditem|p2b: Garchomp|Yache Berry|[weaken]\n|-damage|p2a: Aerodactyl|17/100\n|-damage|p2b: Garchomp|0 fnt\n|-unboost|p2a: Aerodactyl|spe|1\n|faint|p2b: Garchomp\n|\n|-weather|RainDance|[upkeep]\n|-heal|p1a: Archaludon|61/100|[from] item: Leftovers\n|upkeep\n|\n|t:|1776568430\n|switch|p2b: Victreebel|Victreebel-Mega, L50, F|100/100\n|turn|5\n|\n|t:|1776568442\n|move|p2a: Aerodactyl|Dual Wingbeat|p1b: Politoed\n|-damage|p1b: Politoed|37/100\n|-damage|p1b: Politoed|19/100\n|-hitcount|p1b: Politoed|2\n|move|p1a: Archaludon|Electro Shot||[still]\n|-prepare|p1a: Archaludon|Electro Shot\n|-boost|p1a: Archaludon|spa|1\n|-anim|p1a: Archaludon|Electro Shot|p2b: Victreebel\n|-resisted|p2b: Victreebel|1\n|-damage|p2b: Victreebel|69/100\n|move|p1b: Politoed|Icy Wind|p2b: Victreebel|[spread] p2a,p2b\n|-supereffective|p2a: Aerodactyl|1\n|-crit|p2a: Aerodactyl\n|-supereffective|p2b: Victreebel|1\n|-damage|p2a: Aerodactyl|0 fnt\n|-damage|p2b: Victreebel|50/100\n|-unboost|p2b: Victreebel|spe|1\n|faint|p2a: Aerodactyl\n|move|p2b: Victreebel|Sludge Bomb|p1b: Politoed\n|-damage|p1b: Politoed|0 fnt\n|faint|p1b: Politoed\n|\n|-weather|RainDance|[upkeep]\n|-heal|p1a: Archaludon|67/100|[from] item: Leftovers\n|upkeep\n|turn|6\n|\n|t:|1776568460\n|move|p1a: Archaludon|Dragon Pulse|p2b: Victreebel\n|-damage|p2b: Victreebel|0 fnt\n|-damage|p1a: Archaludon|20/100|[from] ability: Innards Out|[of] p2b: Victreebel\n|faint|p2b: Victreebel\n|\n|win|fg hgvjubuhoj\n|raw|fg hgvjubuhoj's rating: 1050 &rarr; <strong>1078</strong><br />(+28 for winning)\n|raw|b9y 9txif h's rating: 1000 &rarr; <strong>1000</strong><br />(+0 for losing)\n|l|\u2606b9y 9txif h\n|player|p2|\n",
  "uploadtime": 1776568838,
  "views": 17,
  "formatid": "gen9championsvgc2026regma",
  "rating": 1000,
  "private": 0,
  "password": null
}