{
  "id": "gen9championsvgc2026regma-2581964770",
  "format": "[Gen 9 Champions] VGC 2026 Reg M-A",
  "players": [
    "25Arcanines",
    "feezy_f"
  ],
  "log": "|j|\u260625Arcanines\n|j|\u2606feezy_f\n|t:|1776043851\n|gametype|doubles\n|player|p1|25Arcanines|rei|1095\n|player|p2|feezy_f|clown|1055\n|gen|9\n|tier|[Gen 9 Champions] VGC 2026 Reg M-A\n|rated|\n|rule|Species Clause: Limit one of each Pok\u00e9mon\n|rule|Item Clause: Limit 1 of each item\n|clearpoke\n|poke|p1|Arcanine-Hisui, L50, M|\n|poke|p1|Sneasler, L50, M|\n|poke|p1|Gyarados, L50, M|\n|poke|p1|Whimsicott, L50, F|\n|poke|p1|Aegislash, L50, M|\n|poke|p1|Garchomp, L50, M|\n|poke|p2|Wyrdeer, L50, F|\n|poke|p2|Torkoal, L50, F|\n|poke|p2|Meowstic, L50, M|\n|poke|p2|Gardevoir, L50, F|\n|poke|p2|Machamp, L50, F|\n|poke|p2|Golurk, L50|\n|teampreview|4\n|c|\u260625Arcanines|glhf\n|inactive|Battle timer is ON: inactive players will automatically lose when time's up. (requested by feezy_f)\n|\n|t:|1776043880\n|teamsize|p1|4\n|teamsize|p2|4\n|start\n|switch|p1a: Chargoyle|Arcanine-Hisui, L50, M|100/100\n|switch|p1b: Swab|Whimsicott, L50, F|100/100\n|switch|p2a: Meowstic|Meowstic, L50, M, shiny|100/100\n|switch|p2b: Wyrdeer|Wyrdeer, L50, F|100/100\n|-ability|p1a: Chargoyle|Intimidate|boost\n|-unboost|p2a: Meowstic|atk|1\n|-unboost|p2b: Wyrdeer|atk|1\n|-ability|p2b: Wyrdeer|Intimidate|boost\n|-unboost|p1a: Chargoyle|atk|1\n|-unboost|p1b: Swab|atk|1\n|turn|1\n|\n|t:|1776043897\n|switch|p1a: THE ATROCITY|Gyarados, L50, M|100/100\n|-ability|p1a: THE ATROCITY|Intimidate|boost\n|-unboost|p2a: Meowstic|atk|1\n|-unboost|p2b: Wyrdeer|atk|1\n|move|p2a: Meowstic|Fake Out|p1a: THE ATROCITY\n|-damage|p1a: THE ATROCITY|97/100\n|move|p1b: Swab|Moonblast|p2a: Meowstic\n|-damage|p2a: Meowstic|58/100\n|-unboost|p2a: Meowstic|spa|1\n|move|p2b: Wyrdeer|Trick Room|p2b: Wyrdeer\n|-fieldstart|move: Trick Room|[of] p2b: Wyrdeer\n|\n|upkeep\n|turn|2\n|\n|t:|1776043915\n|move|p1a: THE ATROCITY|Protect|p1a: THE ATROCITY\n|-singleturn|p1a: THE ATROCITY|Protect\n|move|p2a: Meowstic|Psychic Terrain|p2a: Meowstic\n|-fieldstart|move: Psychic Terrain\n|move|p2b: Wyrdeer|Expanding Force|p1a: THE ATROCITY|[spread] p1b\n|-activate|p1a: THE ATROCITY|move: Protect\n|-enditem|p1b: Swab|Focus Sash\n|-damage|p1b: Swab|1/100\n|move|p1b: Swab|Moonblast|p2a: Meowstic\n|-damage|p2a: Meowstic|18/100\n|\n|upkeep\n|turn|3\n|\n|t:|1776043936\n|detailschange|p1a: THE ATROCITY|Gyarados-Mega, L50, M\n|-mega|p1a: THE ATROCITY|Gyarados|Gyaradosite\n|-ability|p1a: THE ATROCITY|Mold Breaker\n|move|p1b: Swab|Protect|p1b: Swab\n|-singleturn|p1b: Swab|Protect\n|move|p2b: Wyrdeer|Expanding Force|p1a: THE ATROCITY|[spread] \n|-activate|p1b: Swab|move: Protect\n|-immune|p1a: THE ATROCITY\n|move|p1a: THE ATROCITY|Crunch|p2b: Wyrdeer\n|-supereffective|p2b: Wyrdeer|1\n|-damage|p2b: Wyrdeer|0 fnt\n|faint|p2b: Wyrdeer\n|move|p2a: Meowstic|Expanding Force|p1b: Swab|[spread] \n|-activate|p1b: Swab|move: Protect\n|-immune|p1a: THE ATROCITY\n|\n|upkeep\n|\n|t:|1776043946\n|switch|p2b: Torkoal|Torkoal, L50, F|100/100\n|-weather|SunnyDay|[from] ability: Drought|[of] p2b: Torkoal\n|turn|4\n|\n|t:|1776043974\n|move|p2b: Torkoal|Protect|p2b: Torkoal\n|-singleturn|p2b: Torkoal|Protect\n|move|p1a: THE ATROCITY|Protect|p1a: THE ATROCITY\n|-singleturn|p1a: THE ATROCITY|Protect\n|move|p2a: Meowstic|Psyshock|p1b: Swab\n|-damage|p1b: Swab|0 fnt\n|faint|p1b: Swab\n|\n|-weather|SunnyDay|[upkeep]\n|upkeep\n|\n|t:|1776043981\n|switch|p1b: Chargoyle|Arcanine-Hisui, L50, M|100/100\n|-ability|p1b: Chargoyle|Intimidate|boost\n|-unboost|p2a: Meowstic|atk|1\n|-unboost|p2b: Torkoal|atk|1\n|turn|5\n|inactive|feezy_f has 30 seconds left.\n|\n|t:|1776044009\n|move|p2b: Torkoal|Eruption|p1a: THE ATROCITY|[spread] p1a,p1b\n|-resisted|p1a: THE ATROCITY|1\n|-resisted|p1b: Chargoyle|2\n|-damage|p1a: THE ATROCITY|66/100\n|-damage|p1b: Chargoyle|76/100\n|move|p1a: THE ATROCITY|Waterfall|p2b: Torkoal\n|-supereffective|p2b: Torkoal|1\n|-damage|p2b: Torkoal|68/100\n|move|p2a: Meowstic|Expanding Force|p1a: THE ATROCITY|[spread] p1b\n|-immune|p1a: THE ATROCITY\n|-damage|p1b: Chargoyle|40/100\n|move|p1b: Chargoyle|Rock Slide|p2b: Torkoal|[spread] p2a,p2b\n|-supereffective|p2b: Torkoal|1\n|-damage|p2a: Meowstic|0 fnt\n|-damage|p2b: Torkoal|11/100\n|faint|p2a: Meowstic\n|\n|-weather|SunnyDay|[upkeep]\n|-fieldend|move: Trick Room\n|upkeep\n|\n|t:|1776044012\n|switch|p2a: Golurk|Golurk, L50|100/100\n|turn|6\n|\n|t:|1776044031\n|detailschange|p2a: Golurk|Golurk-Mega, L50\n|-mega|p2a: Golurk|Golurk|Golurkite\n|move|p2b: Torkoal|Protect|p2b: Torkoal\n|-singleturn|p2b: Torkoal|Protect\n|move|p1b: Chargoyle|Howl|p1b: Chargoyle|[spread] p1a,p1b\n|-boost|p1a: THE ATROCITY|atk|1\n|-boost|p1b: Chargoyle|atk|1\n|move|p1a: THE ATROCITY|Crunch|p2a: Golurk\n|-supereffective|p2a: Golurk|1\n|-damage|p2a: Golurk|0 fnt\n|faint|p2a: Golurk\n|\n|-weather|SunnyDay|[upkeep]\n|-fieldend|move: Psychic Terrain\n|upkeep\n|turn|7\n|-message|feezy_f forfeited.\n|\n|win|25Arcanines\n|raw|25Arcanines's rating: 1095 &rarr; <strong>1118</strong><br />(+23 for winning)\n|raw|feezy_f's rating: 1055 &rarr; <strong>1039</strong><br />(-16 for losing)\n|l|\u2606feezy_f\n|player|p2|\n|c|\u260625Arcanines|ggwp\n",
  "uploadtime": 1776044046,
  "views": 9,
  "formatid": "gen9championsvgc2026regma",
  "rating": 1039,
  "private": 0,
  "password": null
}