{
  "id": "gen9championsvgc2026regma-2581188345",
  "format": "[Gen 9 Champions] VGC 2026 Reg M-A",
  "players": [
    "SlipqyVGC",
    "lolgz"
  ],
  "log": "|j|\u2606SlipqyVGC\n|j|\u2606lolgz\n|t:|1775968695\n|gametype|doubles\n|player|p1|SlipqyVGC|miku-water|1142\n|player|p2|lolgz|170|1154\n|gen|9\n|tier|[Gen 9 Champions] VGC 2026 Reg M-A\n|rated|\n|rule|Species Clause: Limit one of each Pok\u00e9mon\n|rule|Item Clause: Limit 1 of each item\n|clearpoke\n|poke|p1|Floette-Eternal, L50, F|\n|poke|p1|Incineroar, L50, M|\n|poke|p1|Sinistcha-Masterpiece, L50|\n|poke|p1|Basculegion, L50, M|\n|poke|p1|Archaludon, L50, F|\n|poke|p1|Pelipper, L50, F|\n|poke|p2|Charizard, L50, M|\n|poke|p2|Whimsicott, L50, M|\n|poke|p2|Basculegion, L50, M|\n|poke|p2|Venusaur, L50, M|\n|poke|p2|Sneasler, L50, M|\n|poke|p2|Floette-Eternal, L50, F|\n|teampreview|4\n|inactive|Battle timer is ON: inactive players will automatically lose when time's up. (requested by SlipqyVGC)\n|inactive|SlipqyVGC has 60 seconds left.\n|inactive|SlipqyVGC has 30 seconds left.\n|inactive|SlipqyVGC has 20 seconds left.\n|inactive|SlipqyVGC has 15 seconds left.\n|inactive|SlipqyVGC has 10 seconds left.\n|\n|t:|1775968779\n|teamsize|p1|4\n|teamsize|p2|4\n|start\n|switch|p1a: Incineroar|Incineroar, L50, M|100/100\n|switch|p1b: Pelipper|Pelipper, L50, F|100/100\n|switch|p2a: Basculegion|Basculegion, L50, M|100/100\n|switch|p2b: Sneasler|Sneasler, L50, M|100/100\n|-weather|RainDance|[from] ability: Drizzle|[of] p1b: Pelipper\n|-ability|p1a: Incineroar|Intimidate|boost\n|-unboost|p2a: Basculegion|atk|1\n|-unboost|p2b: Sneasler|atk|1\n|-enditem|p2b: Sneasler|White Herb\n|-clearnegativeboost|p2b: Sneasler|[silent]\n|turn|1\n|inactive|SlipqyVGC has 30 seconds left.\n|\n|t:|1775968809\n|move|p1b: Pelipper|Protect|p1b: Pelipper\n|-singleturn|p1b: Pelipper|Protect\n|move|p2b: Sneasler|Fake Out|p1b: Pelipper\n|-activate|p1b: Pelipper|move: Protect\n|move|p1a: Incineroar|Fake Out|p2b: Sneasler\n|-damage|p2b: Sneasler|83/100\n|move|p2a: Basculegion|Wave Crash|p1a: Incineroar\n|-supereffective|p1a: Incineroar|1\n|-damage|p1a: Incineroar|0 fnt\n|faint|p1a: Incineroar\n|-damage|p2a: Basculegion|66/100|[from] Recoil\n|\n|-weather|RainDance|[upkeep]\n|upkeep\n|\n|t:|1775968817\n|switch|p1a: Archaludon|Archaludon, L50, F|100/100\n|turn|2\n|inactive|lolgz has 30 seconds left.\n|inactive|lolgz has 20 seconds left.\n|\n|t:|1775968854\n|move|p2b: Sneasler|Close Combat|p1a: Archaludon\n|-supereffective|p1a: Archaludon|1\n|-damage|p1a: Archaludon|0 fnt\n|-unboost|p2b: Sneasler|def|1\n|-unboost|p2b: Sneasler|spd|1\n|faint|p1a: Archaludon\n|move|p2a: Basculegion|Wave Crash|p1b: Pelipper\n|-resisted|p1b: Pelipper|1\n|-damage|p1b: Pelipper|55/100\n|-damage|p2a: Basculegion|56/100|[from] Recoil\n|move|p1b: Pelipper|Hurricane|p2b: Sneasler\n|-supereffective|p2b: Sneasler|1\n|-damage|p2b: Sneasler|0 fnt\n|faint|p2b: Sneasler\n|\n|-weather|RainDance|[upkeep]\n|upkeep\n|\n|t:|1775968859\n|switch|p2b: Venusaur|Venusaur, L50, M|100/100\n|switch|p1a: Floette|Floette-Eternal, L50, F|100/100\n|turn|3\n|\n|t:|1775968870\n|detailschange|p1a: Floette|Floette-Mega, L50, F\n|-mega|p1a: Floette|Floette|Floettite\n|-ability|p1a: Floette|Fairy Aura\n|move|p1a: Floette|Protect|p1a: Floette\n|-singleturn|p1a: Floette|Protect\n|move|p2a: Basculegion|Wave Crash|p1a: Floette\n|-activate|p1a: Floette|move: Protect\n|move|p2b: Venusaur|Sleep Powder|p1b: Pelipper|[miss]\n|-miss|p2b: Venusaur|p1b: Pelipper\n|move|p1b: Pelipper|Tailwind|p1b: Pelipper\n|-sidestart|p1: SlipqyVGC|move: Tailwind\n|\n|-weather|RainDance|[upkeep]\n|upkeep\n|turn|4\n|\n|t:|1775968886\n|move|p2b: Venusaur|Protect|p2b: Venusaur\n|-singleturn|p2b: Venusaur|Protect\n|move|p1a: Floette|Moonblast|p2a: Basculegion\n|-damage|p2a: Basculegion|0 fnt\n|faint|p2a: Basculegion\n|move|p1b: Pelipper|Hurricane|p2b: Venusaur\n|-activate|p2b: Venusaur|move: Protect\n|\n|-weather|RainDance|[upkeep]\n|upkeep\n|\n|t:|1775968891\n|switch|p2a: Floette|Floette-Eternal, L50, F|100/100\n|turn|5\n|\n|t:|1775968895\n|detailschange|p2a: Floette|Floette-Mega, L50, F\n|-mega|p2a: Floette|Floette|Floettite\n|-ability|p2a: Floette|Fairy Aura\n|move|p2a: Floette|Protect|p2a: Floette\n|-singleturn|p2a: Floette|Protect\n|move|p1a: Floette|Calm Mind|p1a: Floette\n|-boost|p1a: Floette|spa|1\n|-boost|p1a: Floette|spd|1\n|move|p1b: Pelipper|Hurricane|p2b: Venusaur\n|-supereffective|p2b: Venusaur|1\n|-damage|p2b: Venusaur|0 fnt\n|faint|p2b: Venusaur\n|\n|-weather|none\n|upkeep\n|turn|6\n|\n|t:|1775968911\n|move|p1a: Floette|Moonblast|p2a: Floette\n|-damage|p2a: Floette|0 fnt\n|faint|p2a: Floette\n|\n|win|SlipqyVGC\n|raw|SlipqyVGC's rating: 1142 &rarr; <strong>1168</strong><br />(+26 for winning)\n|raw|lolgz's rating: 1154 &rarr; <strong>1128</strong><br />(-26 for losing)\n",
  "uploadtime": 1775968911,
  "views": 19,
  "formatid": "gen9championsvgc2026regma",
  "rating": 1128,
  "private": 0,
  "password": null
}