{
  "id": "gen9championsvgc2026regma-2580323183",
  "format": "[Gen 9 Champions] VGC 2026 Reg M-A",
  "players": [
    "burntouteriksp",
    "mxi50"
  ],
  "log": "|j|\u2606burntouteriksp\n|j|\u2606mxi50\n|t:|1775880402\n|gametype|doubles\n|player|p1|burntouteriksp|cynthia-masters4|1000\n|player|p2|mxi50|miku-ice|1099\n|gen|9\n|tier|[Gen 9 Champions] VGC 2026 Reg M-A\n|rated|\n|rule|Species Clause: Limit one of each Pok\u00e9mon\n|rule|Item Clause: Limit 1 of each item\n|clearpoke\n|poke|p1|Floette-Eternal, L50, F|\n|poke|p1|Delphox, L50, M|\n|poke|p1|Incineroar, L50, F|\n|poke|p1|Aerodactyl, L50, F|\n|poke|p1|Maushold, L50|\n|poke|p1|Garchomp, L50, M|\n|poke|p2|Kingambit, L50, F|\n|poke|p2|Incineroar, L50, M|\n|poke|p2|Alcremie-Mint-Cream, L50, F|\n|poke|p2|Sinistcha, L50|\n|poke|p2|Froslass, L50, F|\n|poke|p2|Sneasler, L50, M|\n|teampreview|4\nburntouteriksp has agreed to open team sheets.\n|inactive|Battle timer is ON: inactive players will automatically lose when time's up. (requested by burntouteriksp)\n|\n|t:|1775880424\n|teamsize|p1|4\n|teamsize|p2|4\n|start\n|switch|p1a: Floette|Floette-Eternal, L50, F|100/100\n|switch|p1b: Maushold|Maushold, L50|100/100\n|switch|p2a: Froslass|Froslass, L50, F|100/100\n|switch|p2b: Sneasler|Sneasler, L50, M|100/100\n|turn|1\n|inactive|burntouteriksp has 30 seconds left.\n|\n|t:|1775880454\n|detailschange|p2a: Froslass|Froslass-Mega, L50, F\n|-mega|p2a: Froslass|Froslass|Froslassite\n|-weather|Snowscape|[from] ability: Snow Warning|[of] p2a: Froslass\n|detailschange|p1a: Floette|Floette-Mega, L50, F\n|-mega|p1a: Floette|Floette|Floettite\n|-ability|p1a: Floette|Fairy Aura\n|move|p2b: Sneasler|Fake Out|p1b: Maushold\n|-damage|p1b: Maushold|82/100\n|cant|p1b: Maushold|flinch\n|move|p2a: Froslass|Aurora Veil|p2a: Froslass\n|-sidestart|p2: mxi50|move: Aurora Veil\n|move|p1a: Floette|Calm Mind|p1a: Floette\n|-boost|p1a: Floette|spa|1\n|-boost|p1a: Floette|spd|1\n|\n|-weather|Snowscape|[upkeep]\n|upkeep\n|turn|2\n|inactive|burntouteriksp has 30 seconds left.\n|inactive|burntouteriksp has 20 seconds left.\n|inactive|burntouteriksp has 15 seconds left.\n|\n|t:|1775880499\n|switch|p2a: Alcremie|Alcremie-Mint-Cream, L50, F|100/100\n|move|p1b: Maushold|Follow Me|p1b: Maushold\n|-singleturn|p1b: Maushold|move: Follow Me\n|move|p2b: Sneasler|Dire Claw|p1b: Maushold\n|-damage|p1b: Maushold|24/100\n|move|p1a: Floette|Dazzling Gleam|p2a: Alcremie|[spread] p2a,p2b\n|-damage|p2a: Alcremie|64/100\n|-damage|p2b: Sneasler|37/100\n|\n|-weather|Snowscape|[upkeep]\n|upkeep\n|turn|3\n|inactive|mxi50 has 30 seconds left.\n|inactive|mxi50 has 20 seconds left.\n|inactive|mxi50 has 15 seconds left.\n|inactive|mxi50 has 10 seconds left.\n|\n|t:|1775880545\n|switch|p2b: Kingambit|Kingambit, L50, F|100/100\n|move|p1b: Maushold|Follow Me|p1b: Maushold\n|-singleturn|p1b: Maushold|move: Follow Me\n|move|p1a: Floette|Dazzling Gleam|p2b: Kingambit|[spread] p2a,p2b\n|-damage|p2a: Alcremie|28/100\n|-damage|p2b: Kingambit|54/100\n|move|p2a: Alcremie|Alluring Voice|p1b: Maushold\n|-damage|p1b: Maushold|0 fnt\n|faint|p1b: Maushold\n|\n|-weather|Snowscape|[upkeep]\n|upkeep\n|inactive|burntouteriksp has 30 seconds left.\n|inactive|burntouteriksp has 20 seconds left.\n|inactive|burntouteriksp has 15 seconds left.\n|\n|t:|1775880586\n|switch|p1b: Aerodactyl|Aerodactyl, L50, F|100/100\n|-ability|p1b: Aerodactyl|Unnerve\n|turn|4\n|\n|t:|1775880595\n|move|p2b: Kingambit|Protect|p2b: Kingambit\n|-singleturn|p2b: Kingambit|Protect\n|move|p1b: Aerodactyl|Tailwind|p1b: Aerodactyl\n|-sidestart|p1: burntouteriksp|move: Tailwind\n|move|p1a: Floette|Moonblast|p2b: Kingambit\n|-activate|p2b: Kingambit|move: Protect\n|move|p2a: Alcremie|Decorate|p2b: Kingambit\n|-boost|p2b: Kingambit|atk|2\n|-boost|p2b: Kingambit|spa|2\n|\n|-weather|Snowscape|[upkeep]\n|upkeep\n|turn|5\n|inactive|mxi50 has 30 seconds left.\n|\n|t:|1775880627\n|move|p2b: Kingambit|Sucker Punch|p1b: Aerodactyl\n|-enditem|p1b: Aerodactyl|Focus Sash\n|-damage|p1b: Aerodactyl|1/100\n|move|p1b: Aerodactyl|Rock Slide|p2b: Kingambit|[spread] p2b\n|-miss|p1b: Aerodactyl|p2a: Alcremie\n|-resisted|p2b: Kingambit|1\n|-damage|p2b: Kingambit|46/100\n|move|p1a: Floette|Moonblast|p2b: Kingambit\n|-damage|p2b: Kingambit|0 fnt\n|faint|p2b: Kingambit\n|move|p2a: Alcremie|Alluring Voice|p1a: Floette\n|-damage|p1a: Floette|76/100\n|\n|-weather|none\n|-sideend|p2: mxi50|move: Aurora Veil\n|upkeep\n|\n|t:|1775880641\n|switch|p2b: Froslass|Froslass-Mega, L50, F|100/100\n|-weather|Snowscape|[from] ability: Snow Warning|[of] p2b: Froslass\n|turn|6\n|\n|t:|1775880651\n|move|p2b: Froslass|Protect|p2b: Froslass\n|-singleturn|p2b: Froslass|Protect\n|move|p1b: Aerodactyl|Rock Slide|p2a: Alcremie|[spread] p2a\n|-activate|p2b: Froslass|move: Protect\n|-damage|p2a: Alcremie|0 fnt\n|faint|p2a: Alcremie\n|move|p1a: Floette|Dazzling Gleam|p2b: Froslass\n|-activate|p2b: Froslass|move: Protect\n|\n|-weather|Snowscape|[upkeep]\n|upkeep\n|\n|t:|1775880661\n|switch|p2a: Sneasler|Sneasler, L50, M|37/100\n|turn|7\n|\n|t:|1775880685\n|move|p2a: Sneasler|Fake Out|p1a: Floette\n|-damage|p1a: Floette|61/100\n|move|p1b: Aerodactyl|Dual Wingbeat|p2a: Sneasler\n|-supereffective|p2a: Sneasler|1\n|-damage|p2a: Sneasler|0 fnt\n|faint|p2a: Sneasler\n|-hitcount|p2: Sneasler|1\n|cant|p1a: Floette|flinch\n|move|p2b: Froslass|Aurora Veil|p2b: Froslass\n|-sidestart|p2: mxi50|move: Aurora Veil\n|\n|-weather|Snowscape|[upkeep]\n|-sideend|p1: burntouteriksp|move: Tailwind\n|upkeep\n|turn|8\n|\n|t:|1775880696\n|move|p1b: Aerodactyl|Tailwind|p1b: Aerodactyl\n|-sidestart|p1: burntouteriksp|move: Tailwind\n|move|p1a: Floette|Moonblast|p2b: Froslass\n|-crit|p2b: Froslass\n|-damage|p2b: Froslass|0 fnt\n|faint|p2b: Froslass\n|\n|win|burntouteriksp\n|raw|burntouteriksp's rating: 1000 &rarr; <strong>1051</strong><br />(+51 for winning)\n|raw|mxi50's rating: 1099 &rarr; <strong>1067</strong><br />(-32 for losing)\n",
  "uploadtime": 1775880696,
  "views": 12,
  "formatid": "gen9championsvgc2026regma",
  "rating": 1051,
  "private": 0,
  "password": null
}