{
  "id": "gen9championsvgc2026regma-2580369174",
  "format": "[Gen 9 Champions] VGC 2026 Reg M-A",
  "players": [
    "Willthekid65934",
    "rohitking"
  ],
  "log": "|j|\u2606Willthekid65934\n|j|\u2606rohitking\n|t:|1775886336\n|gametype|doubles\n|player|p1|Willthekid65934|steven|1041\n|player|p2|rohitking|2|1040\n|gen|9\n|tier|[Gen 9 Champions] VGC 2026 Reg M-A\n|rated|\n|rule|Species Clause: Limit one of each Pok\u00e9mon\n|rule|Item Clause: Limit 1 of each item\n|clearpoke\n|poke|p1|Tyranitar, L50, M|\n|poke|p1|Excadrill, L50, F|\n|poke|p1|Primarina, L50, F|\n|poke|p1|Incineroar, L50, M|\n|poke|p1|Sinistcha-Masterpiece, L50|\n|poke|p1|Corviknight, L50, F|\n|poke|p2|Incineroar, L50, F|\n|poke|p2|Whimsicott, L50, F|\n|poke|p2|Dragonite, L50, M|\n|poke|p2|Blastoise, L50, M|\n|teampreview|4\n|inactive|Battle timer is ON: inactive players will automatically lose when time's up. (requested by Willthekid65934)\n|inactive|Willthekid65934 has 60 seconds left.\n|\n|t:|1775886382\n|teamsize|p1|4\n|teamsize|p2|4\n|start\n|switch|p1a: Gurren lugun|Excadrill, L50, F|100/100\n|switch|p1b: Godzilla|Tyranitar, L50, M|100/100\n|switch|p2a: Whimsicott|Whimsicott, L50, F|100/100\n|switch|p2b: Blastoise|Blastoise, L50, M|100/100\n|-weather|Sandstorm|[from] ability: Sand Stream|[of] p1b: Godzilla\n|turn|1\n|\n|t:|1775886395\n|detailschange|p2b: Blastoise|Blastoise-Mega, L50, M\n|-mega|p2b: Blastoise|Blastoise|Blastoisinite\n|detailschange|p1b: Godzilla|Tyranitar-Mega, L50, M\n|-mega|p1b: Godzilla|Tyranitar|Tyranitarite\n|move|p1b: Godzilla|Protect|p1b: Godzilla\n|-singleturn|p1b: Godzilla|Protect\n|move|p2a: Whimsicott|Tailwind|p2a: Whimsicott\n|-sidestart|p2: rohitking|move: Tailwind\n|move|p1a: Gurren lugun|Iron Head|p2a: Whimsicott\n|-supereffective|p2a: Whimsicott|1\n|-enditem|p2a: Whimsicott|Focus Sash\n|-damage|p2a: Whimsicott|1/100\n|move|p2b: Blastoise|Water Spout|p1a: Gurren lugun|[spread] p1a\n|-activate|p1b: Godzilla|move: Protect\n|-supereffective|p1a: Gurren lugun|1\n|-crit|p1a: Gurren lugun\n|-enditem|p1a: Gurren lugun|Focus Sash\n|-damage|p1a: Gurren lugun|1/100\n|\n|-weather|Sandstorm|[upkeep]\n|-damage|p2a: Whimsicott|0 fnt|[from] Sandstorm\n|-damage|p2b: Blastoise|95/100|[from] Sandstorm\n|faint|p2a: Whimsicott\n|upkeep\n|inactive|rohitking has 30 seconds left.\n|\n|t:|1775886421\n|switch|p2a: Dragonite|Dragonite, L50, M|100/100\n|turn|2\n|\n|t:|1775886431\n|move|p2a: Dragonite|Extreme Speed|p1a: Gurren lugun\n|-resisted|p1a: Gurren lugun|1\n|-damage|p1a: Gurren lugun|0 fnt\n|faint|p1a: Gurren lugun\n|move|p2b: Blastoise|Water Spout|p1b: Godzilla\n|-supereffective|p1b: Godzilla|1\n|-damage|p1b: Godzilla|16/100\n|move|p1b: Godzilla|Rock Slide|p2b: Blastoise|[spread] p2a,p2b\n|-supereffective|p2a: Dragonite|1\n|-damage|p2a: Dragonite|30/100\n|-damage|p2b: Blastoise|60/100\n|\n|-weather|Sandstorm|[upkeep]\n|-damage|p2b: Blastoise|54/100|[from] Sandstorm\n|-damage|p2a: Dragonite|24/100|[from] Sandstorm\n|upkeep\n|\n|t:|1775886446\n|switch|p1a: Primarina|Primarina, L50, F|100/100\n|turn|3\n|inactive|rohitking has 30 seconds left.\n|\n|t:|1775886471\n|move|p2a: Dragonite|Extreme Speed|p1b: Godzilla\n|-resisted|p1b: Godzilla|1\n|-damage|p1b: Godzilla|5/100\n|move|p2b: Blastoise|Water Pulse|p1a: Primarina\n|-resisted|p1a: Primarina|1\n|-damage|p1a: Primarina|76/100\n|move|p1a: Primarina|Hyper Voice|p2a: Dragonite|[spread] p2a,p2b\n|-resisted|p2a: Dragonite|1\n|-resisted|p2b: Blastoise|1\n|-damage|p2a: Dragonite|10/100\n|-damage|p2b: Blastoise|37/100\n|move|p1b: Godzilla|Rock Slide|p2a: Dragonite|[spread] p2a,p2b\n|-supereffective|p2a: Dragonite|1\n|-damage|p2a: Dragonite|0 fnt\n|-damage|p2b: Blastoise|0 fnt\n|faint|p2a: Dragonite\n|faint|p2b: Blastoise\n|\n|-weather|Sandstorm|[upkeep]\n|-damage|p1a: Primarina|70/100|[from] Sandstorm\n|upkeep\n|\n|t:|1775886484\n|switch|p2a: Incineroar|Incineroar, L50, F|100/100\n|-ability|p2a: Incineroar|Intimidate|boost\n|-unboost|p1a: Primarina|atk|1\n|-unboost|p1b: Godzilla|atk|1\n|turn|4\n|\n|t:|1775886493\n|move|p2a: Incineroar|Fake Out|p1b: Godzilla\n|-resisted|p1b: Godzilla|1\n|-damage|p1b: Godzilla|2/100\n|move|p1a: Primarina|Moonblast|p2a: Incineroar\n|-damage|p2a: Incineroar|55/100\n|cant|p1b: Godzilla|flinch\n|\n|-weather|Sandstorm|[upkeep]\n|-damage|p2a: Incineroar|49/100|[from] Sandstorm\n|-damage|p1a: Primarina|64/100|[from] Sandstorm\n|-sideend|p2: rohitking|move: Tailwind\n|upkeep\n|turn|5\n|\n|t:|1775886503\n|move|p1a: Primarina|Hyper Voice|p2a: Incineroar\n|-supereffective|p2a: Incineroar|1\n|-damage|p2a: Incineroar|0 fnt\n|faint|p2a: Incineroar\n|\n|win|Willthekid65934\n|raw|Willthekid65934's rating: 1041 &rarr; <strong>1075</strong><br />(+34 for winning)\n|raw|rohitking's rating: 1040 &rarr; <strong>1024</strong><br />(-16 for losing)\n|l|\u2606rohitking\n|player|p2|\n|c|\u2606Willthekid65934|Gg\n",
  "uploadtime": 1775886509,
  "views": 13,
  "formatid": "gen9championsvgc2026regma",
  "rating": 1024,
  "private": 0,
  "password": null
}