{
  "id": "gen9championsvgc2026regma-2581509653",
  "format": "[Gen 9 Champions] VGC 2026 Reg M-A",
  "players": [
    "Toby25",
    "Arcadia Yune"
  ],
  "log": "|j|\u2606Toby25\n|j|\u2606Arcadia Yune\n|t:|1776006910\n|gametype|doubles\n|player|p1|Toby25|1|1000\n|player|p2|Arcadia Yune|li|1087\n|gen|9\n|tier|[Gen 9 Champions] VGC 2026 Reg M-A\n|rated|\n|rule|Species Clause: Limit one of each Pok\u00e9mon\n|rule|Item Clause: Limit 1 of each item\n|clearpoke\n|poke|p1|Scizor, L50, M|\n|poke|p1|Maushold, L50|\n|poke|p1|Kingambit, L50, M|\n|poke|p1|Incineroar, L50, M|\n|poke|p1|Dragapult, L50, M|\n|poke|p1|Heliolisk, L50, M|\n|poke|p2|Pelipper, L50, M|\n|poke|p2|Archaludon, L50, M|\n|poke|p2|Dragonite, L50, M|\n|poke|p2|Meganium, L50, M|\n|poke|p2|Basculegion, L50, M|\n|poke|p2|Sneasler, L50, M|\n|teampreview|4\nToby25 has agreed to open team sheets.\n|\n|t:|1776006946\n|teamsize|p1|4\n|teamsize|p2|4\n|start\n|switch|p1a: Scizor|Scizor, L50, M|100/100\n|switch|p1b: Maushold|Maushold, L50|100/100\n|switch|p2a: Pelipper|Pelipper, L50, M|100/100\n|switch|p2b: Basculegion|Basculegion, L50, M|100/100\n|-weather|RainDance|[from] ability: Drizzle|[of] p2a: Pelipper\n|turn|1\n|\n|t:|1776006974\n|move|p1b: Maushold|Follow Me|p1b: Maushold\n|-singleturn|p1b: Maushold|move: Follow Me\n|move|p2b: Basculegion|Flip Turn|p1b: Maushold\n|-damage|p1b: Maushold|22/100\n|\n|t:|1776006989\n|switch|p2b: Archaludon|Archaludon, L50, M|100/100|[from] Flip Turn\n|move|p2a: Pelipper|Weather Ball|p1b: Maushold\n|-damage|p1b: Maushold|0 fnt\n|faint|p1b: Maushold\n|move|p1a: Scizor|Swords Dance|p1a: Scizor\n|-boost|p1a: Scizor|atk|2\n|\n|-weather|RainDance|[upkeep]\n|upkeep\n|\n|t:|1776007001\n|switch|p1b: Incineroar|Incineroar, L50, M|100/100\n|-ability|p1b: Incineroar|Intimidate|boost\n|-unboost|p2a: Pelipper|atk|1\n|-unboost|p2b: Archaludon|atk|1\n|turn|2\n|\n|t:|1776007015\n|detailschange|p1a: Scizor|Scizor-Mega, L50, M\n|-mega|p1a: Scizor|Scizor|Scizorite\n|move|p2a: Pelipper|Protect|p2a: Pelipper\n|-singleturn|p2a: Pelipper|Protect\n|move|p1a: Scizor|Bullet Punch|p2b: Archaludon\n|-resisted|p2b: Archaludon|1\n|-damage|p2b: Archaludon|75/100\n|-ability|p2b: Archaludon|Stamina|boost\n|-boost|p2b: Archaludon|def|1\n|move|p2b: Archaludon|Electro Shot||[still]\n|-prepare|p2b: Archaludon|Electro Shot\n|-boost|p2b: Archaludon|spa|1\n|-anim|p2b: Archaludon|Electro Shot|p1a: Scizor\n|-damage|p1a: Scizor|33/100\n|move|p1b: Incineroar|Flare Blitz|p2b: Archaludon\n|-damage|p2b: Archaludon|58/100\n|-ability|p2b: Archaludon|Stamina|boost\n|-boost|p2b: Archaludon|def|1\n|-damage|p1b: Incineroar|95/100|[from] Recoil\n|\n|-weather|RainDance|[upkeep]\n|-heal|p2b: Archaludon|64/100|[from] item: Leftovers\n|upkeep\n|turn|3\n|\n|t:|1776007039\n|move|p1a: Scizor|Protect|p1a: Scizor\n|-singleturn|p1a: Scizor|Protect\n|move|p2a: Pelipper|Tailwind|p2a: Pelipper\n|-sidestart|p2: Arcadia Yune|move: Tailwind\n|move|p2b: Archaludon|Electro Shot||[still]\n|-prepare|p2b: Archaludon|Electro Shot\n|-boost|p2b: Archaludon|spa|1\n|-anim|p2b: Archaludon|Electro Shot|p1a: Scizor\n|-activate|p1a: Scizor|move: Protect\n|move|p1b: Incineroar|Will-O-Wisp|p2b: Archaludon\n|-status|p2b: Archaludon|brn\n|\n|-weather|RainDance|[upkeep]\n|-heal|p2b: Archaludon|71/100 brn|[from] item: Leftovers\n|-damage|p2b: Archaludon|64/100 brn|[from] brn\n|upkeep\n|turn|4\n|\n|t:|1776007066\n|move|p2a: Pelipper|Weather Ball|p1b: Incineroar\n|-supereffective|p1b: Incineroar|1\n|-damage|p1b: Incineroar|0 fnt\n|faint|p1b: Incineroar\n|move|p2b: Archaludon|Electro Shot||[still]\n|-prepare|p2b: Archaludon|Electro Shot\n|-boost|p2b: Archaludon|spa|1\n|-anim|p2b: Archaludon|Electro Shot|p1a: Scizor\n|-damage|p1a: Scizor|0 fnt\n|faint|p1a: Scizor\n|\n|-weather|RainDance|[upkeep]\n|-heal|p2b: Archaludon|71/100 brn|[from] item: Leftovers\n|-damage|p2b: Archaludon|64/100 brn|[from] brn\n|upkeep\n|\n|t:|1776007080\n|switch|p1b: Heliolisk|Heliolisk, L50, M|100/100\n|turn|5\n|\n|t:|1776007097\n|move|p2a: Pelipper|Protect|p2a: Pelipper\n|-singleturn|p2a: Pelipper|Protect\n|move|p2b: Archaludon|Draco Meteor|p1b: Heliolisk\n|-damage|p1b: Heliolisk|0 fnt\n|-unboost|p2b: Archaludon|spa|2\n|faint|p1b: Heliolisk\n|\n|win|Arcadia Yune\n|raw|Toby25's rating: 1000 &rarr; <strong>1000</strong><br />(+0 for losing)\n|raw|Arcadia Yune's rating: 1087 &rarr; <strong>1107</strong><br />(+20 for winning)\n",
  "uploadtime": 1776007103,
  "views": 25,
  "formatid": "gen9championsvgc2026regma",
  "rating": 1000,
  "private": 0,
  "password": null
}