{
  "id": "gen9championsvgc2026regma-2585569746",
  "format": "[Gen 9 Champions] VGC 2026 Reg M-A",
  "players": [
    "17 cats in a coat",
    "gangstabrowt"
  ],
  "log": "|j|\u260617 cats in a coat\n|j|\u2606gangstabrowt\n|t:|1776356160\n|gametype|doubles\n|player|p1|17 cats in a coat|iris|1138\n|player|p2|gangstabrowt|elesa|1178\n|gen|9\n|tier|[Gen 9 Champions] VGC 2026 Reg M-A\n|rated|\n|rule|Species Clause: Limit one of each Pok\u00e9mon\n|rule|Item Clause: Limit 1 of each item\n|clearpoke\n|poke|p1|Archaludon, L50, F|\n|poke|p1|Basculegion, L50, M|\n|poke|p1|Kangaskhan, L50, F|\n|poke|p1|Meganium, L50, F|\n|poke|p1|Pelipper, L50, M|\n|poke|p1|Cofagrigus, L50, M|\n|poke|p2|Incineroar, L50, F|\n|poke|p2|Farigiraf, L50, F|\n|poke|p2|Crabominable, L50, F|\n|poke|p2|Hatterene, L50, F|\n|poke|p2|Drampa, L50, F|\n|poke|p2|Sinistcha, L50|\n|teampreview|4\n|inactive|Battle timer is ON: inactive players will automatically lose when time's up. (requested by gangstabrowt)\n|inactive|17 cats in a coat has 60 seconds left.\n|\n|t:|1776356212\n|teamsize|p1|4\n|teamsize|p2|4\n|start\n|switch|p1a: Cofagrigus|Cofagrigus, L50, M|100/100\n|switch|p1b: Meganium|Meganium, L50, F|100/100\n|switch|p2a: Incineroar|Incineroar, L50, F, shiny|100/100\n|switch|p2b: Farigiraf|Farigiraf, L50, F|100/100\n|-ability|p2a: Incineroar|Intimidate|boost\n|-unboost|p1a: Cofagrigus|atk|1\n|-unboost|p1b: Meganium|atk|1\n|turn|1\n|\n|t:|1776356230\n|detailschange|p1b: Meganium|Meganium-Mega, L50, F\n|-mega|p1b: Meganium|Meganium|Meganiumite\n|move|p2a: Incineroar|Fake Out|p1b: Meganium\n|-damage|p1b: Meganium|89/100\n|cant|p1b: Meganium|flinch\n|move|p1a: Cofagrigus|Imprison|p1a: Cofagrigus\n|-start|p1a: Cofagrigus|move: Imprison\n|cant|p2b: Farigiraf|move: Imprison|Trick Room\n|\n|upkeep\n|turn|2\n|inactive|17 cats in a coat has 30 seconds left.\n|inactive|gangstabrowt has 30 seconds left.\n|inactive|gangstabrowt has 20 seconds left.\n|inactive|gangstabrowt has 15 seconds left.\n|inactive|gangstabrowt has 10 seconds left.\n|\n|t:|1776356278\n|switch|p1a: Pelipper|Pelipper, L50, M|100/100\n|-weather|RainDance|[from] ability: Drizzle|[of] p1a: Pelipper\n|move|p2b: Farigiraf|Helping Hand|p2a: Incineroar\n|-singleturn|p2a: Incineroar|Helping Hand|[of] p2b: Farigiraf\n|move|p1b: Meganium|Solar Beam||[still]\n|-prepare|p1b: Meganium|Solar Beam\n|-activate|p1b: Meganium|ability: Mega Sol\n|-anim|p1b: Meganium|Solar Beam|p2b: Farigiraf\n|-damage|p2b: Farigiraf|45/100\n|move|p2a: Incineroar|Flare Blitz|p1b: Meganium\n|-supereffective|p1b: Meganium|1\n|-damage|p1b: Meganium|7/100\n|-damage|p2a: Incineroar|76/100|[from] Recoil\n|\n|-weather|RainDance|[upkeep]\n|upkeep\n|turn|3\n|inactive|17 cats in a coat has 30 seconds left.\n|inactive|gangstabrowt has 30 seconds left.\n|inactive|17 cats in a coat has 20 seconds left.\n|inactive|17 cats in a coat has 15 seconds left.\n|\n|t:|1776356318\n|switch|p1b: Archaludon|Archaludon, L50, F|100/100\n|switch|p2a: Drampa|Drampa, L50, F|100/100\n|-ability|p2a: Drampa|Cloud Nine\n|move|p1a: Pelipper|Weather Ball|p2b: Farigiraf\n|-damage|p2b: Farigiraf|32/100\n|move|p2b: Farigiraf|Trick Room|p2b: Farigiraf\n|-fieldstart|move: Trick Room|[of] p2b: Farigiraf\n|\n|-weather|RainDance|[upkeep]\n|upkeep\n|turn|4\n|inactive|gangstabrowt has 30 seconds left.\n|inactive|gangstabrowt has 20 seconds left.\n|\n|t:|1776356354\n|switch|p2b: Hatterene|Hatterene, L50, F|100/100\n|move|p2a: Drampa|Protect|p2a: Drampa\n|-singleturn|p2a: Drampa|Protect\n|move|p1a: Pelipper|Protect|p1a: Pelipper\n|-singleturn|p1a: Pelipper|Protect\n|move|p1b: Archaludon|Protect||[still]\n|-fail|p1b: Archaludon\n|\n|-weather|RainDance|[upkeep]\n|upkeep\n|turn|5\n|inactive|17 cats in a coat has 30 seconds left.\n|inactive|17 cats in a coat has 20 seconds left.\n|inactive|17 cats in a coat has 15 seconds left.\n|\n|t:|1776356397\n|switch|p1b: Meganium|Meganium-Mega, L50, F|7/100\n|move|p2b: Hatterene|Dazzling Gleam|p1a: Pelipper|[spread] p1a,p1b\n|-damage|p1a: Pelipper|33/100\n|-damage|p1b: Meganium|0 fnt\n|faint|p1b: Meganium\n|move|p2a: Drampa|Calm Mind|p2a: Drampa\n|-boost|p2a: Drampa|spa|1\n|-boost|p2a: Drampa|spd|1\n|move|p1a: Pelipper|Hurricane|p2a: Drampa|[miss]\n|-miss|p1a: Pelipper|p2a: Drampa\n|\n|-weather|RainDance|[upkeep]\n|upkeep\n|\n|t:|1776356412\n|switch|p1b: Cofagrigus|Cofagrigus, L50, M|100/100\n|turn|6\n|\n|t:|1776356420\n|move|p2b: Hatterene|Dazzling Gleam|p1a: Pelipper|[spread] p1a,p1b\n|-damage|p1a: Pelipper|0 fnt\n|-damage|p1b: Cofagrigus|70/100\n|faint|p1a: Pelipper\n|move|p2a: Drampa|Calm Mind|p2a: Drampa\n|-boost|p2a: Drampa|spa|1\n|-boost|p2a: Drampa|spd|1\n|move|p1b: Cofagrigus|Shadow Ball|p2b: Hatterene\n|-supereffective|p2b: Hatterene|1\n|-damage|p2b: Hatterene|42/100\n|\n|-weather|none\n|upkeep\n|\n|t:|1776356424\n|switch|p1a: Archaludon|Archaludon, L50, F|100/100\n|turn|7\n|\n|t:|1776356446\n|detailschange|p2a: Drampa|Drampa-Mega, L50, F\n|-mega|p2a: Drampa|Drampa|Drampanite\n|move|p1a: Archaludon|Protect|p1a: Archaludon\n|-singleturn|p1a: Archaludon|Protect\n|move|p2b: Hatterene|Dazzling Gleam|p1a: Archaludon|[spread] p1b\n|-activate|p1a: Archaludon|move: Protect\n|-damage|p1b: Cofagrigus|34/100\n|move|p2a: Drampa|Earth Power|p1b: Cofagrigus\n|-damage|p1b: Cofagrigus|0 fnt\n|faint|p1b: Cofagrigus\n|\n|-fieldend|move: Trick Room\n|upkeep\n|turn|8\n|\n|t:|1776356470\n|move|p1a: Archaludon|Flash Cannon|p2b: Hatterene\n|-supereffective|p2b: Hatterene|1\n|-damage|p2b: Hatterene|0 fnt\n|faint|p2b: Hatterene\n|move|p2a: Drampa|Earth Power|p1a: Archaludon\n|-supereffective|p1a: Archaludon|1\n|-ability|p1a: Archaludon|Sturdy\n|-damage|p1a: Archaludon|1/100\n|\n|-heal|p1a: Archaludon|7/100|[from] item: Leftovers\n|upkeep\n|\n|t:|1776356480\n|switch|p2b: Incineroar|Incineroar, L50, F, shiny|76/100\n|-ability|p2b: Incineroar|Intimidate|boost\n|-unboost|p1a: Archaludon|atk|1\n|turn|9\n|\n|t:|1776356485\n|move|p1a: Archaludon|Protect|p1a: Archaludon\n|-singleturn|p1a: Archaludon|Protect\n|move|p2b: Incineroar|Fake Out|p1a: Archaludon\n|-activate|p1a: Archaludon|move: Protect\n|move|p2a: Drampa|Earth Power|p1a: Archaludon\n|-activate|p1a: Archaludon|move: Protect\n|\n|-heal|p1a: Archaludon|13/100|[from] item: Leftovers\n|upkeep\n|turn|10\n|\n|t:|1776356495\n|move|p1a: Archaludon|Dragon Pulse|p2a: Drampa\n|-supereffective|p2a: Drampa|1\n|-damage|p2a: Drampa|53/100\n|move|p2b: Incineroar|Flare Blitz|p1a: Archaludon\n|-damage|p1a: Archaludon|0 fnt\n|faint|p1a: Archaludon\n|-damage|p2b: Incineroar|72/100|[from] Recoil\n|\n|win|gangstabrowt\n|raw|17 cats in a coat's rating: 1138 &rarr; <strong>1116</strong><br />(-22 for losing)\n|raw|gangstabrowt's rating: 1178 &rarr; <strong>1200</strong><br />(+22 for winning)\n|l|\u260617 cats in a coat\n|player|p1|\n",
  "uploadtime": 1776356510,
  "views": 16,
  "formatid": "gen9championsvgc2026regma",
  "rating": 1116,
  "private": 0,
  "password": null
}