{
  "id": "gen9championsvgc2026regma-2586023669",
  "format": "[Gen 9 Champions] VGC 2026 Reg M-A",
  "players": [
    "Phillip Blevin",
    "YURIARTILLERY"
  ],
  "log": "|j|\u2606Phillip Blevin\n|j|\u2606YURIARTILLERY\n|t:|1776391255\n|gametype|doubles\n|player|p1|Phillip Blevin|cynthia-masters4|1287\n|player|p2|YURIARTILLERY|parasollady-gen4|1213\n|gen|9\n|tier|[Gen 9 Champions] VGC 2026 Reg M-A\n|rated|\n|rule|Species Clause: Limit one of each Pok\u00e9mon\n|rule|Item Clause: Limit 1 of each item\n|clearpoke\n|poke|p1|Froslass, L50, F|\n|poke|p1|Corviknight, L50, M|\n|poke|p1|Sneasler, L50, M|\n|poke|p1|Rotom-Mow, L50|\n|poke|p1|Incineroar, L50, F|\n|poke|p1|Gyarados, L50, M|\n|poke|p2|Chimecho, L50, F|\n|poke|p2|Incineroar, L50, F|\n|poke|p2|Sinistcha, L50|\n|poke|p2|Mudsdale, L50, F|\n|poke|p2|Aggron, L50, F|\n|poke|p2|Farigiraf, L50, M|\n|teampreview|4\n|inactive|Battle timer is ON: inactive players will automatically lose when time's up. (requested by Phillip Blevin)\nPhillip Blevin has agreed to open team sheets.\n|inactive|Phillip Blevin has 60 seconds left.\nYURIARTILLERY has agreed to open team sheets.\n|showteam|p1|Froslass||Froslassite|SnowCloak|Blizzard,ShadowBall,AuroraVeil,Protect|||F|||50|]Corviknight||Leftovers|MirrorArmor|BraveBird,BodyPress,BulkUp,Roost|||M|||50|]Sneasler||WhiteHerb|Pressure|FakeOut,CloseCombat,DireClaw,Protect|||M|||50|]Rotom-Mow||ChoiceScarf|Levitate|LeafStorm,Electroweb,Trick,VoltSwitch||||||50|]Incineroar||PasshoBerry|Intimidate|FakeOut,DarkestLariat,FlareBlitz,PartingShot|||F|||50|]Gyarados||SitrusBerry|Intimidate|Waterfall,IceFang,DragonDance,Protect|||M|||50|\n|showteam|p2|Chimecho||Chimechite|Levitate|CosmicPower,Protect,DazzlingGleam,StoredPower|||F|||50|]Incineroar||ChopleBerry|Intimidate|PartingShot,DarkestLariat,FlareBlitz,FakeOut|||F|||50|]Sinistcha||SitrusBerry|Hospitality|LifeDew,TrickRoom,RagePowder,MatchaGotcha||||||50|]Mudsdale||Leftovers|Stamina|BodyPress,Earthquake,Protect,IronHead|||F|||50|]Aggron||Aggronite|Sturdy|HeavySlam,BodyPress,IronDefense,Protect|||F|||50|]Farigiraf||FocusSash|ArmorTail|Protect,TrickRoom,HyperVoice,Psychic|||M|||50|\n|\n|t:|1776391295\n|teamsize|p1|4\n|teamsize|p2|4\n|start\n|switch|p1a: Incineroar|Incineroar, L50, F|100/100\n|switch|p1b: Corviknight|Corviknight, L50, M|100/100\n|switch|p2a: Chimecho|Chimecho, L50, F|100/100\n|switch|p2b: Incineroar|Incineroar, L50, F|100/100\n|-ability|p1a: Incineroar|Intimidate|boost\n|-unboost|p2a: Chimecho|atk|1\n|-unboost|p2b: Incineroar|atk|1\n|-ability|p2b: Incineroar|Intimidate|boost\n|-unboost|p1a: Incineroar|atk|1\n|-ability|p1b: Corviknight|Mirror Armor\n|-unboost|p2b: Incineroar|atk|1\n|turn|1\n|\n|t:|1776391318\n|detailschange|p2a: Chimecho|Chimecho-Mega, L50, F\n|-mega|p2a: Chimecho|Chimecho|Chimechite\n|move|p1a: Incineroar|Fake Out|p2a: Chimecho\n|-resisted|p2a: Chimecho|1\n|-damage|p2a: Chimecho|97/100\n|move|p2b: Incineroar|Fake Out|p1a: Incineroar\n|-damage|p1a: Incineroar|95/100\n|move|p1b: Corviknight|Bulk Up|p1b: Corviknight\n|-boost|p1b: Corviknight|atk|1\n|-boost|p1b: Corviknight|def|1\n|cant|p2a: Chimecho|flinch\n|\n|upkeep\n|turn|2\n|\n|t:|1776391333\n|move|p1b: Corviknight|Body Press|p2a: Chimecho\n|-damage|p2a: Chimecho|62/100\n|move|p2a: Chimecho|Cosmic Power|p2a: Chimecho\n|-boost|p2a: Chimecho|def|1\n|-boost|p2a: Chimecho|spd|1\n|move|p1a: Incineroar|Flare Blitz|p2a: Chimecho\n|-supereffective|p2a: Chimecho|1\n|-damage|p2a: Chimecho|22/100\n|-damage|p1a: Incineroar|83/100|[from] Recoil\n|move|p2b: Incineroar|Parting Shot|p1a: Incineroar\n|-unboost|p1a: Incineroar|atk|1\n|-unboost|p1a: Incineroar|spa|1\n|\n|t:|1776391345\n|switch|p2b: Sinistcha|Sinistcha, L50|100/100|[from] Parting Shot\n|-heal|p2a: Chimecho|47/100|[from] ability: Hospitality|[of] p2b: Sinistcha\n|\n|upkeep\n|turn|3\n|\n|t:|1776391362\n|move|p2a: Chimecho|Protect|p2a: Chimecho\n|-singleturn|p2a: Chimecho|Protect\n|move|p1b: Corviknight|Brave Bird|p2b: Sinistcha\n|-supereffective|p2b: Sinistcha|1\n|-damage|p2b: Sinistcha|9/100\n|-enditem|p2b: Sinistcha|Sitrus Berry|[eat]\n|-heal|p2b: Sinistcha|34/100|[from] item: Sitrus Berry\n|-damage|p1b: Corviknight|75/100|[from] Recoil\n|move|p1a: Incineroar|Flare Blitz|p2a: Chimecho\n|-activate|p2a: Chimecho|move: Protect\n|move|p2b: Sinistcha|Trick Room|p2b: Sinistcha\n|-fieldstart|move: Trick Room|[of] p2b: Sinistcha\n|\n|-heal|p1b: Corviknight|80/100|[from] item: Leftovers\n|upkeep\n|turn|4\n|\n|t:|1776391377\n|move|p1a: Incineroar|Flare Blitz|p2a: Chimecho\n|-supereffective|p2a: Chimecho|1\n|-damage|p2a: Chimecho|18/100\n|-damage|p1a: Incineroar|74/100|[from] Recoil\n|move|p2b: Sinistcha|Life Dew|p2b: Sinistcha|[spread] p2a,p2b\n|-heal|p2a: Chimecho|43/100\n|-heal|p2b: Sinistcha|59/100\n|move|p2a: Chimecho|Cosmic Power|p2a: Chimecho\n|-boost|p2a: Chimecho|def|1\n|-boost|p2a: Chimecho|spd|1\n|move|p1b: Corviknight|Body Press|p2a: Chimecho\n|-damage|p2a: Chimecho|26/100\n|\n|-heal|p1b: Corviknight|86/100|[from] item: Leftovers\n|upkeep\n|turn|5\n|\n|t:|1776391394\n|move|p2a: Chimecho|Protect|p2a: Chimecho\n|-singleturn|p2a: Chimecho|Protect\n|move|p1a: Incineroar|Parting Shot|p2a: Chimecho\n|-activate|p2a: Chimecho|move: Protect\n|move|p2b: Sinistcha|Life Dew|p2b: Sinistcha|[spread] p2a,p2b\n|-heal|p2a: Chimecho|52/100\n|-heal|p2b: Sinistcha|85/100\n|move|p1b: Corviknight|Bulk Up|p1b: Corviknight\n|-boost|p1b: Corviknight|atk|1\n|-boost|p1b: Corviknight|def|1\n|\n|-heal|p1b: Corviknight|92/100|[from] item: Leftovers\n|upkeep\n|turn|6\n|\n|t:|1776391411\n|move|p1a: Incineroar|Parting Shot|p2a: Chimecho\n|-unboost|p2a: Chimecho|atk|1\n|-unboost|p2a: Chimecho|spa|1\n|\n|t:|1776391416\n|switch|p1a: Rotom|Rotom-Mow, L50|100/100|[from] Parting Shot\n|move|p2b: Sinistcha|Life Dew|p2b: Sinistcha|[spread] p2a,p2b\n|-heal|p2a: Chimecho|77/100\n|-heal|p2b: Sinistcha|100/100\n|move|p2a: Chimecho|Cosmic Power|p2a: Chimecho\n|-boost|p2a: Chimecho|def|1\n|-boost|p2a: Chimecho|spd|1\n|move|p1b: Corviknight|Body Press|p2a: Chimecho\n|-damage|p2a: Chimecho|58/100\n|\n|-heal|p1b: Corviknight|98/100|[from] item: Leftovers\n|upkeep\n|turn|7\n|\n|t:|1776391437\n|move|p2b: Sinistcha|Rage Powder|p2b: Sinistcha\n|-singleturn|p2b: Sinistcha|move: Rage Powder\n|move|p2a: Chimecho|Stored Power|p1b: Corviknight\n|-resisted|p1b: Corviknight|1\n|-damage|p1b: Corviknight|73/100\n|move|p1b: Corviknight|Bulk Up|p1b: Corviknight\n|-boost|p1b: Corviknight|atk|1\n|-boost|p1b: Corviknight|def|1\n|move|p1a: Rotom|Trick|p2b: Sinistcha\n|-activate|p1a: Rotom|move: Trick|[of] p2b: Sinistcha\n|-item|p2b: Sinistcha|Choice Scarf|[from] move: Trick\n|-enditem|p1a: Rotom|Choice Scarf|[silent]|[from] move: Trick\n|\n|-heal|p1b: Corviknight|79/100|[from] item: Leftovers\n|-fieldend|move: Trick Room\n|upkeep\n|turn|8\n|inactive|YURIARTILLERY has 30 seconds left.\n|\n|t:|1776391466\n|move|p1a: Rotom|Volt Switch|p2a: Chimecho\n|-damage|p2a: Chimecho|47/100\n|\n|t:|1776391469\n|switch|p1a: Incineroar|Incineroar, L50, F|74/100|[from] Volt Switch\n|-ability|p1a: Incineroar|Intimidate|boost\n|-unboost|p2a: Chimecho|atk|1\n|-unboost|p2b: Sinistcha|atk|1\n|move|p1b: Corviknight|Roost|p1b: Corviknight\n|-heal|p1b: Corviknight|100/100\n|-singleturn|p1b: Corviknight|move: Roost\n|move|p2a: Chimecho|Cosmic Power|p2a: Chimecho\n|-boost|p2a: Chimecho|def|1\n|-boost|p2a: Chimecho|spd|1\n|move|p2b: Sinistcha|Trick Room|p2b: Sinistcha\n|-fieldstart|move: Trick Room|[of] p2b: Sinistcha\n|\n|upkeep\n|turn|9\n|\n|t:|1776391491\n|switch|p2b: Mudsdale|Mudsdale, L50, F|100/100\n|move|p1a: Incineroar|Flare Blitz|p2a: Chimecho\n|-supereffective|p2a: Chimecho|1\n|-damage|p2a: Chimecho|19/100\n|-damage|p1a: Incineroar|65/100|[from] Recoil\n|move|p2a: Chimecho|Stored Power|p1b: Corviknight\n|-resisted|p1b: Corviknight|1\n|-damage|p1b: Corviknight|69/100\n|move|p1b: Corviknight|Body Press|p2a: Chimecho\n|-damage|p2a: Chimecho|0 fnt\n|faint|p2a: Chimecho\n|\n|-heal|p1b: Corviknight|75/100|[from] item: Leftovers\n|upkeep\n|\n|t:|1776391508\n|switch|p2a: Incineroar|Incineroar, L50, F|100/100\n|-ability|p2a: Incineroar|Intimidate|boost\n|-unboost|p1a: Incineroar|atk|1\n|-ability|p1b: Corviknight|Mirror Armor\n|-unboost|p2a: Incineroar|atk|1\n|turn|10\n|\n|t:|1776391527\n|switch|p1a: Rotom|Rotom-Mow, L50|100/100\n|move|p2a: Incineroar|Fake Out|p1a: Rotom\n|-damage|p1a: Rotom|87/100\n|move|p2b: Mudsdale|Earthquake|p1a: Rotom|[spread] p2a\n|-immune|p1a: Rotom|[from] ability: Levitate\n|-immune|p1b: Corviknight\n|-supereffective|p2a: Incineroar|1\n|-damage|p2a: Incineroar|23/100\n|move|p1b: Corviknight|Bulk Up|p1b: Corviknight\n|-boost|p1b: Corviknight|atk|1\n|-boost|p1b: Corviknight|def|1\n|\n|-heal|p1b: Corviknight|80/100|[from] item: Leftovers\n|upkeep\n|turn|11\n|\n|t:|1776391548\n|switch|p1a: Gyarados|Gyarados, L50, M|100/100\n|-ability|p1a: Gyarados|Intimidate|boost\n|-unboost|p2a: Incineroar|atk|1\n|-unboost|p2b: Mudsdale|atk|1\n|move|p2b: Mudsdale|Iron Head|p1a: Gyarados\n|-resisted|p1a: Gyarados|1\n|-damage|p1a: Gyarados|91/100\n|move|p2a: Incineroar|Flare Blitz|p1a: Gyarados\n|-resisted|p1a: Gyarados|1\n|-damage|p1a: Gyarados|73/100\n|-damage|p2a: Incineroar|18/100|[from] Recoil\n|move|p1b: Corviknight|Bulk Up|p1b: Corviknight\n|-boost|p1b: Corviknight|atk|1\n|-boost|p1b: Corviknight|def|1\n|\n|-heal|p1b: Corviknight|86/100|[from] item: Leftovers\n|upkeep\n|turn|12\n|\n|t:|1776391576\n|move|p2b: Mudsdale|Protect|p2b: Mudsdale\n|-singleturn|p2b: Mudsdale|Protect\n|move|p2a: Incineroar|Parting Shot|p1a: Gyarados\n|-unboost|p1a: Gyarados|atk|1\n|-unboost|p1a: Gyarados|spa|1\n|\n|t:|1776391583\n|switch|p2a: Sinistcha|Sinistcha, L50|100/100|[from] Parting Shot\n|move|p1b: Corviknight|Brave Bird|p2b: Mudsdale\n|-activate|p2b: Mudsdale|move: Protect\n|move|p1a: Gyarados|Waterfall|p2a: Sinistcha\n|-resisted|p2a: Sinistcha|1\n|-damage|p2a: Sinistcha|89/100\n|\n|-heal|p1b: Corviknight|92/100|[from] item: Leftovers\n|-fieldend|move: Trick Room\n|upkeep\n|turn|13\n|\n|t:|1776391598\n|move|p1a: Gyarados|Dragon Dance|p1a: Gyarados\n|-boost|p1a: Gyarados|atk|1\n|-boost|p1a: Gyarados|spe|1\n|move|p1b: Corviknight|Brave Bird|p2a: Sinistcha\n|-supereffective|p2a: Sinistcha|1\n|-crit|p2a: Sinistcha\n|-damage|p2a: Sinistcha|0 fnt\n|faint|p2a: Sinistcha\n|-damage|p1b: Corviknight|67/100|[from] Recoil\n|move|p2b: Mudsdale|Body Press|p1b: Corviknight\n|-damage|p1b: Corviknight|63/100\n|\n|-heal|p1b: Corviknight|69/100|[from] item: Leftovers\n|upkeep\n|\n|t:|1776391622\n|switch|p2a: Incineroar|Incineroar, L50, F|18/100\n|-ability|p2a: Incineroar|Intimidate|boost\n|-unboost|p1a: Gyarados|atk|1\n|-ability|p1b: Corviknight|Mirror Armor\n|-unboost|p2a: Incineroar|atk|1\n|turn|14\n|c|\u2606YURIARTILLERY|its funny that my first match with a silly setup team gets corviknight\n|\n|t:|1776391640\n|move|p2a: Incineroar|Fake Out|p1a: Gyarados\n|-damage|p1a: Gyarados|64/100\n|cant|p1a: Gyarados|flinch\n|move|p1b: Corviknight|Body Press|p2a: Incineroar\n|-supereffective|p2a: Incineroar|1\n|-enditem|p2a: Incineroar|Chople Berry|[eat]\n|-enditem|p2a: Incineroar|Chople Berry|[weaken]\n|-damage|p2a: Incineroar|0 fnt\n|faint|p2a: Incineroar\n|move|p2b: Mudsdale|Iron Head|p1b: Corviknight\n|-resisted|p1b: Corviknight|1\n|-damage|p1b: Corviknight|67/100\n|\n|-heal|p1b: Corviknight|73/100|[from] item: Leftovers\n|upkeep\n|turn|15\n|c|\u2606Phillip Blevin|the magical trick room torkoal\n|\n|t:|1776391661\n|switch|p1a: Rotom|Rotom-Mow, L50|87/100\n|move|p1b: Corviknight|Brave Bird|p2b: Mudsdale\n|-damage|p2b: Mudsdale|0 fnt\n|faint|p2b: Mudsdale\n|-damage|p1b: Corviknight|40/100|[from] Recoil\n|\n|win|Phillip Blevin\n|raw|Phillip Blevin's rating: 1287 &rarr; <strong>1307</strong><br />(+20 for winning)\n|raw|YURIARTILLERY's rating: 1213 &rarr; <strong>1193</strong><br />(-20 for losing)\n",
  "uploadtime": 1776391661,
  "views": 17,
  "formatid": "gen9championsvgc2026regma",
  "rating": 1193,
  "private": 0,
  "password": null
}