{
  "id": "gen9championsvgc2026regma-2581621743",
  "format": "[Gen 9 Champions] VGC 2026 Reg M-A",
  "players": [
    "abcdtomato",
    "notcheetofingers"
  ],
  "log": "|j|\u2606abcdtomato\n|j|\u2606notcheetofingers\n|t:|1776015807\n|gametype|doubles\n|player|p1|abcdtomato|169|1144\n|player|p2|notcheetofingers|pokemaniac|1055\n|gen|9\n|tier|[Gen 9 Champions] VGC 2026 Reg M-A\n|rated|\n|rule|Species Clause: Limit one of each Pok\u00e9mon\n|rule|Item Clause: Limit 1 of each item\n|clearpoke\n|poke|p1|Floette-Eternal, L50, F|\n|poke|p1|Aerodactyl, L50, F|\n|poke|p1|Incineroar, L50, M|\n|poke|p1|Garchomp, L50, F|\n|poke|p1|Sneasler, L50, M|\n|poke|p1|Basculegion, L50, M|\n|poke|p2|Greninja-*, L50, M|\n|poke|p2|Volcarona, L50, M|\n|poke|p2|Sneasler, L50, F|\n|poke|p2|Arcanine-Hisui, L50, M|\n|poke|p2|Decidueye-Hisui, L50, F|\n|poke|p2|Garchomp, L50, F|\n|teampreview|4\nnotcheetofingers has agreed to open team sheets.\n|\n|t:|1776015844\n|teamsize|p1|4\n|teamsize|p2|4\n|start\n|switch|p1a: Floette|Floette-Eternal, L50, F|100/100\n|switch|p1b: Aerodactyl|Aerodactyl, L50, F|100/100\n|switch|p2a: Sneasler|Sneasler, L50, F|100/100\n|switch|p2b: Garchomp|Garchomp, L50, F|100/100\n|-ability|p1b: Aerodactyl|Unnerve\n|turn|1\n|inactive|Battle timer is ON: inactive players will automatically lose when time's up. (requested by abcdtomato)\n|\n|t:|1776015891\n|switch|p2b: Arcanine|Arcanine-Hisui, L50, M|100/100\n|-ability|p2b: Arcanine|Intimidate|boost\n|-unboost|p1a: Floette|atk|1\n|-unboost|p1b: Aerodactyl|atk|1\n|detailschange|p1a: Floette|Floette-Mega, L50, F\n|-mega|p1a: Floette|Floette|Floettite\n|-ability|p1a: Floette|Fairy Aura\n|move|p1a: Floette|Protect|p1a: Floette\n|-singleturn|p1a: Floette|Protect\n|move|p2a: Sneasler|Fake Out|p1b: Aerodactyl\n|-resisted|p1b: Aerodactyl|1\n|-damage|p1b: Aerodactyl|90/100\n|cant|p1b: Aerodactyl|flinch\n|\n|upkeep\n|turn|2\n|inactive|abcdtomato has 30 seconds left.\n|inactive|notcheetofingers has 30 seconds left.\n|inactive|notcheetofingers has 20 seconds left.\n|inactive|notcheetofingers has 15 seconds left.\n|inactive|abcdtomato has 20 seconds left.\n|\n|t:|1776015939\n|switch|p1a: Garchomp|Garchomp, L50, F|100/100\n|move|p1b: Aerodactyl|Dual Wingbeat|p2a: Sneasler|[miss]\n|-miss|p1b: Aerodactyl|p2a: Sneasler\n|move|p2a: Sneasler|Dire Claw|p1a: Garchomp\n|-resisted|p1a: Garchomp|1\n|-damage|p1a: Garchomp|80/100\n|-damage|p2a: Sneasler|88/100|[from] ability: Rough Skin|[of] p1a: Garchomp\n|move|p2b: Arcanine|Rock Slide|p1a: Garchomp|[spread] p1a,p1b\n|-resisted|p1a: Garchomp|1\n|-supereffective|p1b: Aerodactyl|1\n|-damage|p1a: Garchomp|66/100\n|-damage|p1b: Aerodactyl|0 fnt\n|faint|p1b: Aerodactyl\n|\n|upkeep\n|\n|t:|1776015950\n|switch|p1b: Basculegion|Basculegion, L50, M|100/100\n|turn|3\n|\n|t:|1776015968\n|switch|p2b: Garchomp|Garchomp, L50, F|100/100\n|move|p2a: Sneasler|Protect|p2a: Sneasler\n|-singleturn|p2a: Sneasler|Protect\n|move|p1b: Basculegion|Liquidation|p2b: Garchomp\n|-damage|p2b: Garchomp|48/100\n|move|p1a: Garchomp|Earthquake|p2a: Sneasler|[spread] p1b,p2b\n|-activate|p2a: Sneasler|move: Protect\n|-damage|p1b: Basculegion|51/100\n|-damage|p2b: Garchomp|12/100\n|\n|upkeep\n|turn|4\n|\n|t:|1776015991\n|switch|p2a: Greninja|Greninja, L50, M|100/100\n|move|p1b: Basculegion|Liquidation|p2a: Greninja\n|-resisted|p2a: Greninja|1\n|-damage|p2a: Greninja|57/100\n|-unboost|p2a: Greninja|def|1\n|move|p2b: Garchomp|Dragon Claw|p1a: Garchomp\n|-supereffective|p1a: Garchomp|1\n|-enditem|p1a: Garchomp|Haban Berry|[eat]\n|-enditem|p1a: Garchomp|Haban Berry|[weaken]\n|-damage|p1a: Garchomp|19/100\n|-damage|p2b: Garchomp|0 fnt|[from] ability: Rough Skin|[of] p1a: Garchomp\n|faint|p2b: Garchomp\n|move|p1a: Garchomp|Dragon Claw|p2a: Greninja\n|-damage|p2a: Greninja|0 fnt\n|faint|p2a: Greninja\n|\n|upkeep\n|\n|t:|1776016007\n|switch|p2a: Arcanine|Arcanine-Hisui, L50, M|100/100\n|switch|p2b: Sneasler|Sneasler, L50, F|88/100\n|-ability|p2a: Arcanine|Intimidate|boost\n|-unboost|p1a: Garchomp|atk|1\n|-unboost|p1b: Basculegion|atk|1\n|turn|5\n|inactive|notcheetofingers has 30 seconds left.\n|\n|t:|1776016037\n|move|p2b: Sneasler|Protect|p2b: Sneasler\n|-singleturn|p2b: Sneasler|Protect\n|move|p1b: Basculegion|Liquidation|p2b: Sneasler\n|-activate|p2b: Sneasler|move: Protect\n|move|p1a: Garchomp|Earthquake|p2b: Sneasler|[spread] p1b,p2a\n|-activate|p2b: Sneasler|move: Protect\n|-supereffective|p2a: Arcanine|2\n|-damage|p1b: Basculegion|15/100\n|-damage|p2a: Arcanine|0 fnt\n|faint|p2a: Arcanine\n|\n|upkeep\n|turn|6\n|-message|notcheetofingers forfeited.\n|\n|win|abcdtomato\n|raw|abcdtomato's rating: 1144 &rarr; <strong>1163</strong><br />(+19 for winning)\n|raw|notcheetofingers's rating: 1055 &rarr; <strong>1041</strong><br />(-14 for losing)\n|l|\u2606notcheetofingers\n|player|p2|\n",
  "uploadtime": 1776016052,
  "views": 17,
  "formatid": "gen9championsvgc2026regma",
  "rating": 1041,
  "private": 0,
  "password": null
}