{
  "id": "gen9championsvgc2026regma-2582061152",
  "format": "[Gen 9 Champions] VGC 2026 Reg M-A",
  "players": [
    "Pikachar2",
    "iceycheeze"
  ],
  "log": "|j|\u2606Pikachar2\n|j|\u2606iceycheeze\n|t:|1776053178\n|gametype|doubles\n|player|p1|Pikachar2|hilbert|1152\n|player|p2|iceycheeze|morty|1104\n|gen|9\n|tier|[Gen 9 Champions] VGC 2026 Reg M-A\n|rated|\n|rule|Species Clause: Limit one of each Pok\u00e9mon\n|rule|Item Clause: Limit 1 of each item\n|clearpoke\n|poke|p1|Kangaskhan, L50, F|\n|poke|p1|Ninetales-Alola, L50, M|\n|poke|p1|Incineroar, L50, M|\n|poke|p1|Ceruledge, L50, M|\n|poke|p1|Feraligatr, L50, M|\n|poke|p1|Meowstic, L50, M|\n|poke|p2|Froslass, L50, F|\n|poke|p2|Incineroar, L50, M|\n|poke|p2|Whimsicott, L50, M|\n|poke|p2|Basculegion, L50, M|\n|poke|p2|Sneasler, L50, M|\n|poke|p2|Rotom-Frost, L50|\n|teampreview|4\n|inactive|Battle timer is ON: inactive players will automatically lose when time's up. (requested by Pikachar2)\n|inactive|iceycheeze also wants the timer to be on.\n|inactive|Pikachar2 has 60 seconds left.\n|\n|t:|1776053212\n|teamsize|p1|4\n|teamsize|p2|4\n|start\n|switch|p1a: Ninetales|Ninetales-Alola, L50, M|100/100\n|switch|p1b: Kangaskhan|Kangaskhan, L50, F|100/100\n|switch|p2a: Whimsicott|Whimsicott, L50, M|100/100\n|switch|p2b: Froslass|Froslass, L50, F|100/100\n|-weather|Snowscape|[from] ability: Snow Warning|[of] p1a: Ninetales\n|turn|1\n|\n|t:|1776053228\n|detailschange|p2b: Froslass|Froslass-Mega, L50, F\n|-mega|p2b: Froslass|Froslass|Froslassite\n|move|p1b: Kangaskhan|Fake Out|p2b: Froslass\n|-damage|p2b: Froslass|82/100\n|move|p2a: Whimsicott|Tailwind|p2a: Whimsicott\n|-sidestart|p2: iceycheeze|move: Tailwind\n|cant|p2b: Froslass|flinch\n|move|p1a: Ninetales|Aurora Veil|p1a: Ninetales\n|-sidestart|p1: Pikachar2|move: Aurora Veil\n|\n|-weather|Snowscape|[upkeep]\n|upkeep\n|turn|2\n|\n|t:|1776053245\n|move|p2a: Whimsicott|Encore|p1b: Kangaskhan\n|-start|p1b: Kangaskhan|Encore\n|move|p1b: Kangaskhan|Fake Out||[still]\n|-hint|Fake Out only works on your first turn out.\n|-fail|p1b: Kangaskhan\n|move|p2b: Froslass|Aurora Veil|p2b: Froslass\n|-sidestart|p2: iceycheeze|move: Aurora Veil\n|move|p1a: Ninetales|Icy Wind|p2a: Whimsicott|[spread] p2a,p2b\n|-supereffective|p2a: Whimsicott|1\n|-resisted|p2b: Froslass|1\n|-damage|p2a: Whimsicott|74/100\n|-damage|p2b: Froslass|75/100\n|-unboost|p2a: Whimsicott|spe|1\n|-unboost|p2b: Froslass|spe|1\n|\n|-weather|Snowscape|[upkeep]\n|upkeep\n|turn|3\n|\n|t:|1776053266\n|switch|p1b: Incineroar|Incineroar, L50, M|100/100\n|-ability|p1b: Incineroar|Intimidate|boost\n|-unboost|p2a: Whimsicott|atk|1\n|-unboost|p2b: Froslass|atk|1\n|move|p2a: Whimsicott|Helping Hand|p2b: Froslass\n|-singleturn|p2b: Froslass|Helping Hand|[of] p2a: Whimsicott\n|move|p2b: Froslass|Blizzard|p1a: Ninetales|[spread] p1a,p1b\n|-resisted|p1a: Ninetales|1\n|-resisted|p1b: Incineroar|1\n|-damage|p1a: Ninetales|70/100\n|-damage|p1b: Incineroar|80/100\n|move|p1a: Ninetales|Icy Wind|p2a: Whimsicott|[spread] p2a,p2b\n|-supereffective|p2a: Whimsicott|1\n|-resisted|p2b: Froslass|1\n|-damage|p2a: Whimsicott|47/100\n|-damage|p2b: Froslass|69/100\n|-unboost|p2a: Whimsicott|spe|1\n|-unboost|p2b: Froslass|spe|1\n|\n|-weather|Snowscape|[upkeep]\n|upkeep\n|turn|4\n|inactive|Pikachar2 has 30 seconds left.\n|inactive|iceycheeze has 30 seconds left.\n|inactive|iceycheeze has 20 seconds left.\n|\n|t:|1776053304\n|switch|p2a: Basculegion|Basculegion, L50, M|100/100\n|switch|p1b: Kangaskhan|Kangaskhan, L50, F|100/100\n|move|p2b: Froslass|Protect|p2b: Froslass\n|-singleturn|p2b: Froslass|Protect\n|move|p1a: Ninetales|Icy Wind|p2a: Basculegion|[spread] p2a\n|-activate|p2b: Froslass|move: Protect\n|-resisted|p2a: Basculegion|1\n|-damage|p2a: Basculegion|95/100\n|-unboost|p2a: Basculegion|spe|1\n|\n|-weather|Snowscape|[upkeep]\n|-sideend|p2: iceycheeze|move: Tailwind\n|upkeep\n|turn|5\n|\n|t:|1776053329\n|move|p1b: Kangaskhan|Sucker Punch|p2a: Basculegion\n|-supereffective|p2a: Basculegion|1\n|-damage|p2a: Basculegion|60/100\n|move|p1a: Ninetales|Icy Wind|p2a: Basculegion|[spread] p2a,p2b\n|-resisted|p2a: Basculegion|1\n|-resisted|p2b: Froslass|1\n|-damage|p2a: Basculegion|54/100\n|-damage|p2b: Froslass|62/100\n|-unboost|p2a: Basculegion|spe|1\n|-unboost|p2b: Froslass|spe|1\n|move|p2a: Basculegion|Wave Crash|p1b: Kangaskhan\n|-damage|p1b: Kangaskhan|54/100\n|-damage|p2a: Basculegion|39/100|[from] Recoil\n|move|p2b: Froslass|Shadow Ball|p1a: Ninetales\n|-damage|p1a: Ninetales|33/100\n|\n|-weather|none\n|-sideend|p1: Pikachar2|move: Aurora Veil\n|upkeep\n|turn|6\n|inactive|iceycheeze has 30 seconds left.\n|\n|t:|1776053358\n|switch|p1a: Incineroar|Incineroar, L50, M|80/100\n|-ability|p1a: Incineroar|Intimidate|boost\n|-unboost|p2a: Basculegion|atk|1\n|-unboost|p2b: Froslass|atk|1\n|move|p1b: Kangaskhan|Drain Punch|p2b: Froslass\n|-supereffective|p2b: Froslass|1\n|-damage|p2b: Froslass|17/100\n|-heal|p1b: Kangaskhan|71/100|[from] drain|[of] p2b: Froslass\n|move|p2a: Basculegion|Wave Crash|p1b: Kangaskhan\n|-damage|p1b: Kangaskhan|19/100\n|-damage|p2a: Basculegion|21/100|[from] Recoil\n|move|p2b: Froslass|Shadow Ball|p1a: Incineroar\n|-resisted|p1a: Incineroar|1\n|-damage|p1a: Incineroar|59/100\n|\n|-sideend|p2: iceycheeze|move: Aurora Veil\n|upkeep\n|turn|7\n|inactive|Pikachar2 has 30 seconds left.\n|inactive|iceycheeze has 30 seconds left.\n|\n|t:|1776053391\n|switch|p2a: Whimsicott|Whimsicott, L50, M|47/100\n|switch|p2b: Sneasler|Sneasler, L50, M|100/100\n|move|p1b: Kangaskhan|Sucker Punch||[still]\n|-fail|p1b: Kangaskhan\n|move|p1a: Incineroar|Darkest Lariat|p2a: Whimsicott\n|-resisted|p2a: Whimsicott|1\n|-damage|p2a: Whimsicott|24/100\n|\n|upkeep\n|turn|8\n|\n|t:|1776053414\n|detailschange|p1b: Kangaskhan|Kangaskhan-Mega, L50, F\n|-mega|p1b: Kangaskhan|Kangaskhan|Kangaskhanite\n|move|p2b: Sneasler|Fake Out|p1b: Kangaskhan\n|-damage|p1b: Kangaskhan|7/100\n|move|p2a: Whimsicott|Tailwind|p2a: Whimsicott\n|-sidestart|p2: iceycheeze|move: Tailwind\n|cant|p1b: Kangaskhan|flinch\n|move|p1a: Incineroar|Will-O-Wisp|p2b: Sneasler\n|-status|p2b: Sneasler|brn\n|\n|-damage|p2b: Sneasler|95/100 brn|[from] brn\n|upkeep\n|turn|9\n|\n|t:|1776053435\n|switch|p1b: Ceruledge|Ceruledge, L50, M|100/100\n|move|p2a: Whimsicott|Helping Hand|p2b: Sneasler\n|-singleturn|p2b: Sneasler|Helping Hand|[of] p2a: Whimsicott\n|move|p2b: Sneasler|Rock Slide|p1a: Incineroar|[spread] p1a\n|-miss|p2b: Sneasler|p1b: Ceruledge\n|-supereffective|p1a: Incineroar|1\n|-damage|p1a: Incineroar|34/100\n|-enditem|p1a: Incineroar|Sitrus Berry|[eat]\n|-heal|p1a: Incineroar|59/100|[from] item: Sitrus Berry\n|move|p1a: Incineroar|Parting Shot|p2a: Whimsicott\n|-unboost|p2a: Whimsicott|atk|1\n|-unboost|p2a: Whimsicott|spa|1\n|\n|t:|1776053443\n|switch|p1a: Ninetales|Ninetales-Alola, L50, M|33/100|[from] Parting Shot\n|-weather|Snowscape|[from] ability: Snow Warning|[of] p1a: Ninetales\n|\n|-weather|Snowscape|[upkeep]\n|-damage|p2b: Sneasler|89/100 brn|[from] brn\n|upkeep\n|turn|10\n|\n|t:|1776053463\n|move|p2a: Whimsicott|Taunt|p1a: Ninetales\n|-start|p1a: Ninetales|move: Taunt\n|move|p2b: Sneasler|Rock Slide|p1b: Ceruledge|[spread] p1a,p1b\n|-supereffective|p1a: Ninetales|1\n|-crit|p1a: Ninetales\n|-supereffective|p1b: Ceruledge|1\n|-damage|p1a: Ninetales|2/100\n|-damage|p1b: Ceruledge|81/100\n|cant|p1a: Ninetales|flinch\n|move|p1b: Ceruledge|Bitter Blade|p2a: Whimsicott\n|-supereffective|p2a: Whimsicott|1\n|-damage|p2a: Whimsicott|0 fnt\n|-heal|p1b: Ceruledge|92/100|[from] drain|[of] p2a: Whimsicott\n|faint|p2a: Whimsicott\n|\n|-weather|Snowscape|[upkeep]\n|-damage|p2b: Sneasler|83/100 brn|[from] brn\n|upkeep\n|\n|t:|1776053485\n|switch|p2a: Basculegion|Basculegion, L50, M|21/100\n|turn|11\n|\n|t:|1776053502\n|switch|p1a: Incineroar|Incineroar, L50, M|59/100\n|-ability|p1a: Incineroar|Intimidate|boost\n|-unboost|p2a: Basculegion|atk|1\n|-unboost|p2b: Sneasler|atk|1\n|-enditem|p2b: Sneasler|White Herb\n|-clearnegativeboost|p2b: Sneasler|[silent]\n|move|p1b: Ceruledge|Shadow Sneak|p2a: Basculegion\n|-supereffective|p2a: Basculegion|1\n|-damage|p2a: Basculegion|0 fnt\n|faint|p2a: Basculegion\n|move|p2b: Sneasler|Rock Slide|p1a: Incineroar|[spread] p1b\n|-miss|p2b: Sneasler|p1a: Incineroar\n|-supereffective|p1b: Ceruledge|1\n|-crit|p1b: Ceruledge\n|-damage|p1b: Ceruledge|57/100\n|\n|-weather|Snowscape|[upkeep]\n|-damage|p2b: Sneasler|77/100 brn|[from] brn\n|-sideend|p2: iceycheeze|move: Tailwind\n|upkeep\n|\n|t:|1776053519\n|switch|p2a: Froslass|Froslass-Mega, L50, F|17/100\n|turn|12\n|-message|iceycheeze forfeited.\n|\n|win|Pikachar2\n|raw|Pikachar2's rating: 1152 &rarr; <strong>1174</strong><br />(+22 for winning)\n|raw|iceycheeze's rating: 1104 &rarr; <strong>1082</strong><br />(-22 for losing)\n|l|\u2606iceycheeze\n|player|p2|\n",
  "uploadtime": 1776053563,
  "views": 21,
  "formatid": "gen9championsvgc2026regma",
  "rating": 1082,
  "private": 0,
  "password": null
}