{
  "id": "gen9championsvgc2026regma-2587551008",
  "format": "[Gen 9 Champions] VGC 2026 Reg M-A",
  "players": [
    "KyleWittaK",
    "Dr Gaster PHD"
  ],
  "log": "|j|\u2606KyleWittaK\n|j|\u2606Dr Gaster PHD\n|t:|1776541522\n|gametype|doubles\n|player|p1|KyleWittaK|drayden|1218\n|player|p2|Dr Gaster PHD|ghetsis|1209\n|gen|9\n|tier|[Gen 9 Champions] VGC 2026 Reg M-A\n|rated|\n|rule|Species Clause: Limit one of each Pok\u00e9mon\n|rule|Item Clause: Limit 1 of each item\n|clearpoke\n|poke|p1|Charizard, L50, F|\n|poke|p1|Venusaur, L50, F|\n|poke|p1|Sneasler, L50, M|\n|poke|p1|Milotic, L50, F|\n|poke|p1|Whimsicott, L50, M|\n|poke|p1|Archaludon, L50, F|\n|poke|p2|Charizard, L50, F|\n|poke|p2|Venusaur, L50, M|\n|poke|p2|Whimsicott, L50, M|\n|poke|p2|Incineroar, L50, M|\n|poke|p2|Sneasler, L50, F|\n|poke|p2|Garchomp, L50, F|\n|teampreview|4\n|\n|t:|1776541558\n|teamsize|p1|4\n|teamsize|p2|4\n|start\n|switch|p1a: Milotic|Milotic, L50, F|100/100\n|switch|p1b: Archaludon|Archaludon, L50, F|100/100\n|switch|p2a: Death Bringer|Charizard, L50, F|100/100\n|switch|p2b: Cotton Picker|Whimsicott, L50, M|100/100\n|turn|1\n|\n|t:|1776541580\n|switch|p2b: Sun Eater|Venusaur, L50, M|100/100\n|detailschange|p2a: Death Bringer|Charizard-Mega-Y, L50, F\n|-mega|p2a: Death Bringer|Charizard|Charizardite Y\n|-weather|SunnyDay|[from] ability: Drought|[of] p2a: Death Bringer\n|move|p1b: Archaludon|Flash Cannon|p2b: Sun Eater\n|-damage|p2b: Sun Eater|56/100\n|-unboost|p2b: Sun Eater|spd|1\n|move|p2a: Death Bringer|Heat Wave|p1a: Milotic|[spread] p1a,p1b\n|-resisted|p1a: Milotic|1\n|-damage|p1a: Milotic|81/100\n|-ability|p1b: Archaludon|Sturdy\n|-damage|p1b: Archaludon|1/100\n|move|p1a: Milotic|Icy Wind|p2a: Death Bringer|[spread] p2a,p2b\n|-supereffective|p2b: Sun Eater|1\n|-damage|p2a: Death Bringer|91/100\n|-damage|p2b: Sun Eater|19/100\n|-unboost|p2a: Death Bringer|spe|1\n|-unboost|p2b: Sun Eater|spe|1\n|\n|-weather|SunnyDay|[upkeep]\n|-heal|p1a: Milotic|87/100|[from] item: Leftovers\n|upkeep\n|turn|2\n|\n|t:|1776541610\n|switch|p1b: Charizard|Charizard, L50, F|100/100\n|move|p2b: Sun Eater|Leaf Storm|p1a: Milotic\n|-supereffective|p1a: Milotic|1\n|-damage|p1a: Milotic|21/100\n|-unboost|p2b: Sun Eater|spa|2\n|move|p1a: Milotic|Scald|p2a: Death Bringer\n|-supereffective|p2a: Death Bringer|1\n|-damage|p2a: Death Bringer|63/100\n|move|p2a: Death Bringer|Heat Wave|p1a: Milotic|[spread] p1a,p1b\n|-resisted|p1a: Milotic|1\n|-resisted|p1b: Charizard|1\n|-damage|p1a: Milotic|0 fnt\n|-damage|p1b: Charizard|62/100\n|faint|p1a: Milotic\n|\n|-weather|SunnyDay|[upkeep]\n|upkeep\n|\n|t:|1776541628\n|switch|p1a: Archaludon|Archaludon, L50, F|1/100\n|turn|3\n|\n|t:|1776541655\n|move|p1b: Charizard|Protect|p1b: Charizard\n|-singleturn|p1b: Charizard|Protect\n|move|p1a: Archaludon|Thunderbolt|p2a: Death Bringer\n|-supereffective|p2a: Death Bringer|1\n|-damage|p2a: Death Bringer|4/100\n|move|p2b: Sun Eater|Sludge Bomb|p1b: Charizard\n|-activate|p1b: Charizard|move: Protect\n|move|p2a: Death Bringer|Heat Wave|p1b: Charizard|[spread] p1a\n|-activate|p1b: Charizard|move: Protect\n|-damage|p1a: Archaludon|0 fnt\n|faint|p1a: Archaludon\n|\n|-weather|SunnyDay|[upkeep]\n|upkeep\n|\n|t:|1776541670\n|switch|p1a: Whimsicott|Whimsicott, L50, M|100/100\n|turn|4\n|\n|t:|1776541677\n|switch|p2b: Cotton Picker|Whimsicott, L50, M|100/100\n|switch|p2a: Life Ender|Garchomp, L50, F|100/100\n|detailschange|p1b: Charizard|Charizard-Mega-X, L50, F\n|-mega|p1b: Charizard|Charizard|Charizardite X\n|move|p1a: Whimsicott|Tailwind|p1a: Whimsicott\n|-sidestart|p1: KyleWittaK|move: Tailwind\n|move|p1b: Charizard|Dragon Claw|p2b: Cotton Picker\n|-immune|p2b: Cotton Picker\n|\n|-weather|SunnyDay|[upkeep]\n|upkeep\n|turn|5\n|\n|t:|1776541720\n|move|p2b: Cotton Picker|Tailwind|p2b: Cotton Picker\n|-sidestart|p2: Dr Gaster PHD|move: Tailwind\n|move|p2a: Life Ender|Stomping Tantrum|p1b: Charizard\n|-supereffective|p1b: Charizard|1\n|-damage|p1b: Charizard|0 fnt\n|faint|p1b: Charizard\n|move|p1a: Whimsicott|Moonblast|p2b: Cotton Picker\n|-damage|p2b: Cotton Picker|44/100\n|\n|-weather|none\n|upkeep\n|turn|6\n|\n|t:|1776541735\n|switch|p2a: Death Bringer|Charizard-Mega-Y, L50, F|4/100\n|-weather|SunnyDay|[from] ability: Drought|[of] p2a: Death Bringer\n|move|p2b: Cotton Picker|Moonblast|p1a: Whimsicott\n|-damage|p1a: Whimsicott|47/100\n|move|p1a: Whimsicott|Moonblast|p2a: Death Bringer\n|-resisted|p2a: Death Bringer|1\n|-damage|p2a: Death Bringer|0 fnt\n|faint|p2a: Death Bringer\n|\n|-weather|SunnyDay|[upkeep]\n|upkeep\n|\n|t:|1776541739\n|switch|p2a: Sun Eater|Venusaur, L50, M|19/100\n|turn|7\n|\n|t:|1776541754\n|move|p2a: Sun Eater|Sludge Bomb|p1a: Whimsicott\n|-supereffective|p1a: Whimsicott|2\n|-damage|p1a: Whimsicott|0 fnt\n|faint|p1a: Whimsicott\n|\n|win|Dr Gaster PHD\n|raw|KyleWittaK's rating: 1218 &rarr; <strong>1192</strong><br />(-26 for losing)\n|raw|Dr Gaster PHD's rating: 1209 &rarr; <strong>1235</strong><br />(+26 for winning)\n|l|\u2606KyleWittaK\n|player|p1|\n",
  "uploadtime": 1776541763,
  "views": 18,
  "formatid": "gen9championsvgc2026regma",
  "rating": 1192,
  "private": 0,
  "password": null
}