{
  "id": "gen9championsvgc2026regma-2584693728",
  "format": "[Gen 9 Champions] VGC 2026 Reg M-A",
  "players": [
    "pabilisco",
    "dxdiag235"
  ],
  "log": "|j|\u2606pabilisco\n|j|\u2606dxdiag235\n|t:|1776277230\n|gametype|doubles\n|player|p1|pabilisco|rosa-masters3|1079\n|player|p2|dxdiag235|hilda-wonderlauncher|1001\n|gen|9\n|tier|[Gen 9 Champions] VGC 2026 Reg M-A\n|rated|\n|rule|Species Clause: Limit one of each Pok\u00e9mon\n|rule|Item Clause: Limit 1 of each item\n|clearpoke\n|poke|p1|Golurk, L50|\n|poke|p1|Empoleon, L50, F|\n|poke|p1|Sinistcha, L50|\n|poke|p1|Incineroar, L50, F|\n|poke|p1|Hatterene, L50, F|\n|poke|p1|Toucannon, L50, M|\n|poke|p2|Hawlucha, L50, M|\n|poke|p2|Vanilluxe, L50, M|\n|poke|p2|Excadrill, L50, M|\n|poke|p2|Tyranitar, L50, M|\n|poke|p2|Klefki, L50, F|\n|poke|p2|Dragonite, L50, F|\n|teampreview|4\ndxdiag235 rejected open team sheets.\n|inactive|Battle timer is ON: inactive players will automatically lose when time's up. (requested by dxdiag235)\n|\n|t:|1776277256\n|teamsize|p1|4\n|teamsize|p2|4\n|start\n|switch|p1a: Toucannon|Toucannon, L50, M|100/100\n|switch|p1b: Sinistcha|Sinistcha, L50|100/100\n|switch|p2a: Hawlucha|Hawlucha, L50, M|100/100\n|switch|p2b: Vanilluxe|Vanilluxe, L50, M|100/100\n|-ability|p2a: Hawlucha|Mold Breaker\n|-weather|Snowscape|[from] ability: Snow Warning|[of] p2b: Vanilluxe\n|turn|1\n|\n|t:|1776277271\n|detailschange|p2a: Hawlucha|Hawlucha-Mega, L50, M\n|-mega|p2a: Hawlucha|Hawlucha|Hawluchanite\n|-singleturn|p1a: Toucannon|move: Beak Blast\n|move|p2a: Hawlucha|Entrainment|p2b: Vanilluxe\n|-ability|p2b: Vanilluxe|No Guard|Snow Warning|[from] move: Entrainment|[of] p2a: Hawlucha\n|move|p2b: Vanilluxe|Blizzard|p1b: Sinistcha|[spread] p1a,p1b\n|-supereffective|p1a: Toucannon|1\n|-supereffective|p1b: Sinistcha|1\n|-damage|p1a: Toucannon|28/100\n|-damage|p1b: Sinistcha|22/100\n|move|p1a: Toucannon|Beak Blast|p2a: Hawlucha\n|-supereffective|p2a: Hawlucha|1\n|-damage|p2a: Hawlucha|0 fnt\n|faint|p2a: Hawlucha\n|move|p1b: Sinistcha|Trick Room|p1b: Sinistcha\n|-fieldstart|move: Trick Room|[of] p1b: Sinistcha\n|\n|-weather|Snowscape|[upkeep]\n|upkeep\n|\n|t:|1776277288\n|switch|p2a: Excadrill|Excadrill, L50, M|100/100\n|turn|2\n|\n|t:|1776277306\n|move|p1a: Toucannon|Rock Blast|p2b: Vanilluxe\n|-supereffective|p2b: Vanilluxe|1\n|-damage|p2b: Vanilluxe|87/100\n|-supereffective|p2b: Vanilluxe|1\n|-damage|p2b: Vanilluxe|71/100\n|-supereffective|p2b: Vanilluxe|1\n|-crit|p2b: Vanilluxe\n|-damage|p2b: Vanilluxe|48/100\n|-enditem|p2b: Vanilluxe|Sitrus Berry|[eat]\n|-heal|p2b: Vanilluxe|72/100|[from] item: Sitrus Berry\n|-supereffective|p2b: Vanilluxe|1\n|-damage|p2b: Vanilluxe|59/100\n|-supereffective|p2b: Vanilluxe|1\n|-damage|p2b: Vanilluxe|44/100\n|-hitcount|p2b: Vanilluxe|5\n|move|p1b: Sinistcha|Matcha Gotcha|p2b: Vanilluxe|[spread] p2a,p2b\n|-damage|p2a: Excadrill|71/100\n|-heal|p1b: Sinistcha|40/100|[from] drain|[of] p2a: Excadrill\n|-damage|p2b: Vanilluxe|18/100\n|-heal|p1b: Sinistcha|53/100|[from] drain|[of] p2b: Vanilluxe\n|move|p2a: Excadrill|Iron Head|p1b: Sinistcha\n|-damage|p1b: Sinistcha|25/100\n|cant|p2b: Vanilluxe|flinch\n|\n|-weather|Snowscape|[upkeep]\n|upkeep\n|turn|3\n|inactive|pabilisco has 30 seconds left.\n|inactive|dxdiag235 has 30 seconds left.\n|\n|t:|1776277334\n|move|p2b: Vanilluxe|Protect|p2b: Vanilluxe\n|-singleturn|p2b: Vanilluxe|Protect\n|move|p1a: Toucannon|Rock Blast|p2b: Vanilluxe\n|-activate|p2b: Vanilluxe|move: Protect\n|move|p1b: Sinistcha|Matcha Gotcha|p2b: Vanilluxe|[spread] p2a\n|-activate|p2b: Vanilluxe|move: Protect\n|-damage|p2a: Excadrill|40/100\n|-heal|p1b: Sinistcha|44/100|[from] drain|[of] p2a: Excadrill\n|move|p2a: Excadrill|Iron Head|p1b: Sinistcha\n|-damage|p1b: Sinistcha|15/100\n|\n|-weather|Snowscape|[upkeep]\n|upkeep\n|turn|4\n|inactive|dxdiag235 has 30 seconds left.\n|inactive|dxdiag235 has 20 seconds left.\n|\n|t:|1776277372\n|switch|p2b: Tyranitar|Tyranitar, L50, M|100/100\n|-weather|Sandstorm|[from] ability: Sand Stream|[of] p2b: Tyranitar\n|move|p1a: Toucannon|Rock Blast|p2b: Tyranitar\n|-damage|p2b: Tyranitar|93/100\n|-damage|p2b: Tyranitar|86/100\n|-damage|p2b: Tyranitar|78/100\n|-damage|p2b: Tyranitar|72/100\n|-damage|p2b: Tyranitar|65/100\n|-hitcount|p2b: Tyranitar|5\n|move|p1b: Sinistcha|Matcha Gotcha|p2a: Excadrill|[spread] p2a,p2b\n|-supereffective|p2b: Tyranitar|1\n|-damage|p2a: Excadrill|11/100\n|-heal|p1b: Sinistcha|33/100|[from] drain|[of] p2a: Excadrill\n|-damage|p2b: Tyranitar|35/100\n|-heal|p1b: Sinistcha|50/100|[from] drain|[of] p2b: Tyranitar\n|-status|p2a: Excadrill|brn\n|-status|p2b: Tyranitar|brn\n|move|p2a: Excadrill|Iron Head|p1b: Sinistcha\n|-damage|p1b: Sinistcha|36/100\n|\n|-weather|Sandstorm|[upkeep]\n|-damage|p1a: Toucannon|22/100|[from] Sandstorm\n|-damage|p1b: Sinistcha|30/100|[from] Sandstorm\n|-damage|p2b: Tyranitar|29/100 brn|[from] brn\n|-damage|p2a: Excadrill|5/100 brn|[from] brn\n|upkeep\n|turn|5\n|-message|dxdiag235 forfeited.\n|\n|win|pabilisco\n|raw|pabilisco's rating: 1079 &rarr; <strong>1101</strong><br />(+22 for winning)\n|raw|dxdiag235's rating: 1001 &rarr; <strong>1000</strong><br />(-1 for losing)\n|l|\u2606dxdiag235\n|player|p2|\n",
  "uploadtime": 1776277404,
  "views": 32,
  "formatid": "gen9championsvgc2026regma",
  "rating": 1000,
  "private": 0,
  "password": null
}