{
  "id": "gen9championsvgc2026regma-2580502262",
  "format": "[Gen 9 Champions] VGC 2026 Reg M-A",
  "players": [
    "calacadura",
    "Lord Penn"
  ],
  "log": "|j|\u2606calacadura\n|j|\u2606Lord Penn\n|t:|1775905758\n|gametype|doubles\n|player|p1|calacadura|170|1038\n|player|p2|Lord Penn|penny|1106\n|gen|9\n|tier|[Gen 9 Champions] VGC 2026 Reg M-A\n|rated|\n|rule|Species Clause: Limit one of each Pok\u00e9mon\n|rule|Item Clause: Limit 1 of each item\n|clearpoke\n|poke|p1|Garchomp, L50, M|\n|poke|p1|Sinistcha, L50|\n|poke|p1|Tyranitar, L50, F|\n|poke|p1|Incineroar, L50, M|\n|poke|p1|Basculegion, L50, M|\n|poke|p1|Farigiraf, L50, F|\n|poke|p2|Aerodactyl, L50, M|\n|poke|p2|Sneasler, L50, M|\n|poke|p2|Floette-Eternal, L50, F|\n|poke|p2|Incineroar, L50, F|\n|poke|p2|Rotom-Wash, L50|\n|poke|p2|Maushold-Four, L50|\n|teampreview|4\n|\n|t:|1775905787\n|teamsize|p1|4\n|teamsize|p2|4\n|start\n|switch|p1a: Kitten|Incineroar, L50, M, shiny|100/100\n|switch|p1b: Basculegion|Basculegion, L50, M|100/100\n|switch|p2a: Sneasler|Sneasler, L50, M|100/100\n|switch|p2b: Maushold|Maushold-Four, L50|100/100\n|-ability|p1a: Kitten|Intimidate|boost\n|-unboost|p2a: Sneasler|atk|1\n|-unboost|p2b: Maushold|atk|1\n|-enditem|p2a: Sneasler|White Herb\n|-clearnegativeboost|p2a: Sneasler|[silent]\n|turn|1\n|\n|t:|1775905803\n|switch|p2b: Becky Lynch|Incineroar, L50, F, shiny|100/100\n|-ability|p2b: Becky Lynch|Intimidate|boost\n|-unboost|p1a: Kitten|atk|1\n|-unboost|p1b: Basculegion|atk|1\n|switch|p1a: Farigiraf|Farigiraf, L50, F|100/100\n|move|p2a: Sneasler|Fake Out||[still]\n|cant|p1a: Farigiraf|ability: Armor Tail|Fake Out|[of] p2a: Sneasler\n|move|p1b: Basculegion|Flip Turn|p2a: Sneasler\n|-damage|p2a: Sneasler|54/100\n|\n|t:|1775905815\n|switch|p1b: Kitten|Incineroar, L50, M, shiny|100/100|[from] Flip Turn\n|-ability|p1b: Kitten|Intimidate|boost\n|-unboost|p2a: Sneasler|atk|1\n|-unboost|p2b: Becky Lynch|atk|1\n|\n|upkeep\n|turn|2\n|\n|t:|1775905832\n|move|p2a: Sneasler|Protect|p2a: Sneasler\n|-singleturn|p2a: Sneasler|Protect\n|move|p1a: Farigiraf|Ally Switch|p1a: Farigiraf\n|swap|p1a: Farigiraf|1|[from] move: Ally Switch\n|move|p2b: Becky Lynch|Parting Shot|p1a: Kitten\n|-unboost|p1a: Kitten|atk|1\n|-unboost|p1a: Kitten|spa|1\n|\n|t:|1775905839\n|switch|p2b: Maushold|Maushold-Four, L50|100/100|[from] Parting Shot\n|move|p1a: Kitten|Will-O-Wisp|p2a: Sneasler\n|-activate|p2a: Sneasler|move: Protect\n|\n|upkeep\n|turn|3\n|\n|t:|1775905850\n|switch|p1a: Basculegion|Basculegion, L50, M|100/100\n|move|p2a: Sneasler|Close Combat|p1b: Farigiraf\n|-damage|p1b: Farigiraf|50/100\n|-unboost|p2a: Sneasler|def|1\n|-unboost|p2a: Sneasler|spd|1\n|move|p2b: Maushold|Taunt|p1a: Basculegion\n|-start|p1a: Basculegion|move: Taunt\n|move|p1b: Farigiraf|Expanding Force|p2a: Sneasler\n|-supereffective|p2a: Sneasler|2\n|-damage|p2a: Sneasler|0 fnt\n|faint|p2a: Sneasler\n|\n|-heal|p1b: Farigiraf|56/100|[from] item: Leftovers\n|upkeep\n|\n|t:|1775905866\n|switch|p2a: Floette|Floette-Eternal, L50, F|100/100\n|turn|4\n|\n|t:|1775905889\n|move|p2b: Maushold|Follow Me|p2b: Maushold\n|-singleturn|p2b: Maushold|move: Follow Me\n|move|p1a: Basculegion|Flip Turn|p2b: Maushold\n|-damage|p2b: Maushold|49/100\n|\n|t:|1775905897\n|switch|p1a: Tiny|Sinistcha, L50, shiny|100/100|[from] Flip Turn\n|-heal|p1b: Farigiraf|81/100|[from] ability: Hospitality|[of] p1a: Tiny\n|move|p2a: Floette|Calm Mind|p2a: Floette\n|-boost|p2a: Floette|spa|1\n|-boost|p2a: Floette|spd|1\n|move|p1b: Farigiraf|Thunder Wave|p2b: Maushold\n|-status|p2b: Maushold|par\n|\n|-heal|p1b: Farigiraf|87/100|[from] item: Leftovers\n|upkeep\n|turn|5\n|\n|t:|1775905926\n|detailschange|p2a: Floette|Floette-Mega, L50, F\n|-mega|p2a: Floette|Floette|Floettite\n|-ability|p2a: Floette|Fairy Aura\n|move|p2b: Maushold|Follow Me|p2b: Maushold\n|-singleturn|p2b: Maushold|move: Follow Me\n|move|p2a: Floette|Moonblast|p1b: Farigiraf\n|-damage|p1b: Farigiraf|8/100\n|move|p1a: Tiny|Matcha Gotcha|p2a: Floette|[spread] p2a,p2b\n|-damage|p2a: Floette|90/100\n|-damage|p2b: Maushold|18/100 par\n|move|p1b: Farigiraf|Expanding Force|p2b: Maushold\n|-damage|p2b: Maushold|0 fnt\n|faint|p2b: Maushold\n|\n|-heal|p1b: Farigiraf|14/100|[from] item: Leftovers\n|upkeep\n|\n|t:|1775905944\n|switch|p2b: Becky Lynch|Incineroar, L50, F, shiny|100/100\n|-ability|p2b: Becky Lynch|Intimidate|boost\n|-unboost|p1a: Tiny|atk|1\n|-unboost|p1b: Farigiraf|atk|1\n|turn|6\n|\n|t:|1775906027\n|switch|p1b: Basculegion|Basculegion, L50, M|100/100\n|move|p2a: Floette|Protect|p2a: Floette\n|-singleturn|p2a: Floette|Protect\n|move|p1a: Tiny|Rage Powder|p1a: Tiny\n|-singleturn|p1a: Tiny|move: Rage Powder\n|move|p2b: Becky Lynch|Darkest Lariat|p1a: Tiny\n|-supereffective|p1a: Tiny|1\n|-damage|p1a: Tiny|52/100\n|\n|upkeep\n|turn|7\n|\n|t:|1775906042\n|move|p1a: Tiny|Rage Powder|p1a: Tiny\n|-singleturn|p1a: Tiny|move: Rage Powder\n|move|p1b: Basculegion|Wave Crash|p2a: Floette\n|-damage|p2a: Floette|0 fnt\n|faint|p2a: Floette\n|-damage|p1b: Basculegion|78/100|[from] Recoil\n|move|p2b: Becky Lynch|Darkest Lariat|p1a: Tiny\n|-supereffective|p1a: Tiny|1\n|-damage|p1a: Tiny|4/100\n|\n|upkeep\n|turn|8\n|\n|t:|1775906053\n|move|p1b: Basculegion|Wave Crash|p2b: Becky Lynch\n|-supereffective|p2b: Becky Lynch|1\n|-damage|p2b: Becky Lynch|0 fnt\n|faint|p2b: Becky Lynch\n|-damage|p1b: Basculegion|44/100|[from] Recoil\n|\n|win|calacadura\n|raw|calacadura's rating: 1038 &rarr; <strong>1079</strong><br />(+41 for winning)\n|raw|Lord Penn's rating: 1106 &rarr; <strong>1076</strong><br />(-30 for losing)\n",
  "uploadtime": 1775906058,
  "views": 12,
  "formatid": "gen9championsvgc2026regma",
  "rating": 1076,
  "private": 0,
  "password": null
}