{
  "id": "gen9championsvgc2026regma-2583845339",
  "format": "[Gen 9 Champions] VGC 2026 Reg M-A",
  "players": [
    "jakkeptical",
    "stefanplaz"
  ],
  "log": "|j|\u203djakkeptical\n|j|\u2606stefanplaz\n|t:|1776202203\n|gametype|doubles\n|player|p1|jakkeptical|169|1016\n|player|p2|stefanplaz|2|1016\n|gen|9\n|tier|[Gen 9 Champions] VGC 2026 Reg M-A\n|rated|\n|rule|Species Clause: Limit one of each Pok\u00e9mon\n|rule|Item Clause: Limit 1 of each item\n|clearpoke\n|poke|p1|Pelipper, L50, M|\n|poke|p1|Dragonite, L50, M|\n|poke|p1|Sinistcha, L50|\n|poke|p1|Primarina, L50, F|\n|poke|p1|Archaludon, L50, M|\n|poke|p1|Sneasler, L50, F|\n|poke|p2|Charizard, L50, F|\n|poke|p2|Venusaur, L50, M|\n|poke|p2|Excadrill, L50, F|\n|poke|p2|Garchomp, L50, F|\n|poke|p2|Tyranitar, L50, F|\n|poke|p2|Whimsicott, L50, M|\n|teampreview|4\njakkeptical rejected open team sheets.\n|inactive|Battle timer is ON: inactive players will automatically lose when time's up. (requested by stefanplaz)\n|\n|t:|1776202239\n|teamsize|p1|4\n|teamsize|p2|4\n|start\n|switch|p1a: Pelipper|Pelipper, L50, M|100/100\n|switch|p1b: Dragonite|Dragonite, L50, M|100/100\n|switch|p2a: Charizard|Charizard, L50, F, shiny|100/100\n|switch|p2b: Whimsicott|Whimsicott, L50, M|100/100\n|-weather|RainDance|[from] ability: Drizzle|[of] p1a: Pelipper\n|turn|1\n|inactive|stefanplaz has 30 seconds left.\n|\n|t:|1776202267\n|detailschange|p2a: Charizard|Charizard-Mega-Y, L50, F, shiny\n|-mega|p2a: Charizard|Charizard|Charizardite Y\n|-weather|SunnyDay|[from] ability: Drought|[of] p2a: Charizard\n|detailschange|p1b: Dragonite|Dragonite-Mega, L50, M\n|-mega|p1b: Dragonite|Dragonite|Dragoninite\n|move|p2a: Charizard|Protect|p2a: Charizard\n|-singleturn|p2a: Charizard|Protect\n|move|p2b: Whimsicott|Leech Seed|p1b: Dragonite\n|-start|p1b: Dragonite|move: Leech Seed\n|move|p1b: Dragonite|Thunder|p2a: Charizard\n|-activate|p2a: Charizard|move: Protect\n|move|p1a: Pelipper|Tailwind|p1a: Pelipper\n|-sidestart|p1: jakkeptical|move: Tailwind\n|\n|-weather|SunnyDay|[upkeep]\n|-damage|p1b: Dragonite|88/100|[from] Leech Seed|[of] p2b: Whimsicott\n|upkeep\n|turn|2\n|inactive|stefanplaz has 30 seconds left.\n|\n|t:|1776202293\n|switch|p1a: Primarina|Primarina, L50, F|100/100\n|switch|p2a: Venusaur|Venusaur, L50, M|100/100\n|move|p1b: Dragonite|Protect|p1b: Dragonite\n|-singleturn|p1b: Dragonite|Protect\n|move|p2b: Whimsicott|Tailwind|p2b: Whimsicott\n|-sidestart|p2: stefanplaz|move: Tailwind\n|\n|-weather|SunnyDay|[upkeep]\n|-damage|p1b: Dragonite|76/100|[from] Leech Seed|[of] p2b: Whimsicott\n|upkeep\n|turn|3\n|\n|t:|1776202314\n|switch|p1a: Pelipper|Pelipper, L50, M|100/100\n|-weather|RainDance|[from] ability: Drizzle|[of] p1a: Pelipper\n|move|p1b: Dragonite|Hurricane|p2a: Venusaur\n|-supereffective|p2a: Venusaur|1\n|-damage|p2a: Venusaur|0 fnt\n|faint|p2a: Venusaur\n|move|p2b: Whimsicott|Dazzling Gleam|p1b: Dragonite|[spread] p1a,p1b\n|-supereffective|p1b: Dragonite|1\n|-damage|p1a: Pelipper|84/100\n|-damage|p1b: Dragonite|47/100\n|\n|-weather|RainDance|[upkeep]\n|-damage|p1b: Dragonite|35/100|[from] Leech Seed|[of] p2b: Whimsicott\n|upkeep\n|\n|t:|1776202327\n|switch|p2a: Charizard|Charizard-Mega-Y, L50, F, shiny|100/100\n|-weather|SunnyDay|[from] ability: Drought|[of] p2a: Charizard\n|turn|4\n|inactive|stefanplaz has 30 seconds left.\n|inactive|stefanplaz has 20 seconds left.\n|\n|t:|1776202363\n|switch|p1a: Archaludon|Archaludon, L50, M|100/100\n|move|p2a: Charizard|Protect|p2a: Charizard\n|-singleturn|p2a: Charizard|Protect\n|move|p2b: Whimsicott|Leech Seed|p1a: Archaludon\n|-start|p1a: Archaludon|move: Leech Seed\n|move|p1b: Dragonite|Thunder|p2a: Charizard\n|-activate|p2a: Charizard|move: Protect\n|\n|-weather|SunnyDay|[upkeep]\n|-damage|p1b: Dragonite|23/100|[from] Leech Seed|[of] p2b: Whimsicott\n|-damage|p1a: Archaludon|88/100|[from] Leech Seed|[of] p2b: Whimsicott\n|-sideend|p1: jakkeptical|move: Tailwind\n|upkeep\n|turn|5\n|inactive|stefanplaz has 30 seconds left.\n|\n|t:|1776202397\n|switch|p1b: Pelipper|Pelipper, L50, M|84/100\n|-weather|RainDance|[from] ability: Drizzle|[of] p1b: Pelipper\n|move|p2a: Charizard|Weather Ball|p1a: Archaludon\n|-resisted|p1a: Archaludon|1\n|-damage|p1a: Archaludon|59/100\n|-ability|p1a: Archaludon|Stamina|boost\n|-boost|p1a: Archaludon|def|1\n|move|p2b: Whimsicott|Dazzling Gleam|p1b: Pelipper|[spread] p1a,p1b\n|-damage|p1a: Archaludon|42/100\n|-damage|p1b: Pelipper|65/100\n|-ability|p1a: Archaludon|Stamina|boost\n|-boost|p1a: Archaludon|def|1\n|move|p1a: Archaludon|Electro Shot||[still]\n|-prepare|p1a: Archaludon|Electro Shot\n|-boost|p1a: Archaludon|spa|1\n|-anim|p1a: Archaludon|Electro Shot|p2a: Charizard\n|-supereffective|p2a: Charizard|1\n|-damage|p2a: Charizard|0 fnt\n|faint|p2a: Charizard\n|\n|-weather|RainDance|[upkeep]\n|-damage|p1a: Archaludon|29/100|[from] Leech Seed|[of] p2b: Whimsicott\n|-sideend|p2: stefanplaz|move: Tailwind\n|upkeep\n|\n|t:|1776202418\n|switch|p2a: Tyranitar|Tyranitar, L50, F|100/100\n|-weather|Sandstorm|[from] ability: Sand Stream|[of] p2a: Tyranitar\n|turn|6\n|\n|t:|1776202437\n|switch|p1b: Primarina|Primarina, L50, F|100/100\n|move|p2b: Whimsicott|Encore|p1a: Archaludon\n|-start|p1a: Archaludon|Encore\n|move|p1a: Archaludon|Electro Shot||[still]\n|-prepare|p1a: Archaludon|Electro Shot\n|-boost|p1a: Archaludon|spa|1\n|move|p2a: Tyranitar|Dragon Dance|p2a: Tyranitar\n|-boost|p2a: Tyranitar|atk|1\n|-boost|p2a: Tyranitar|spe|1\n|\n|-weather|Sandstorm|[upkeep]\n|-damage|p2b: Whimsicott|95/100|[from] Sandstorm\n|-damage|p1b: Primarina|95/100|[from] Sandstorm\n|-heal|p1b: Primarina|100/100|[from] item: Leftovers\n|-damage|p1a: Archaludon|17/100|[from] Leech Seed|[of] p2b: Whimsicott\n|-heal|p2b: Whimsicott|100/100|[silent]\n|upkeep\n|turn|7\n|inactive|jakkeptical has 30 seconds left.\n|inactive|stefanplaz has 30 seconds left.\n|\n|t:|1776202468\n|move|p1b: Primarina|Protect|p1b: Primarina\n|-singleturn|p1b: Primarina|Protect\n|move|p2b: Whimsicott|Tailwind|p2b: Whimsicott\n|-sidestart|p2: stefanplaz|move: Tailwind\n|move|p2a: Tyranitar|Knock Off|p1a: Archaludon\n|-damage|p1a: Archaludon|0 fnt\n|-enditem|p1a: Archaludon|Metal Coat|[from] move: Knock Off|[of] p2a: Tyranitar\n|faint|p1a: Archaludon\n|\n|-weather|Sandstorm|[upkeep]\n|-damage|p2b: Whimsicott|95/100|[from] Sandstorm\n|-damage|p1b: Primarina|95/100|[from] Sandstorm\n|-heal|p1b: Primarina|100/100|[from] item: Leftovers\n|upkeep\n|\n|t:|1776202475\n|switch|p1a: Pelipper|Pelipper, L50, M|65/100\n|-weather|RainDance|[from] ability: Drizzle|[of] p1a: Pelipper\n|turn|8\n|\n|t:|1776202495\n|move|p1a: Pelipper|Wide Guard|p1a: Pelipper\n|-singleturn|p1a: Pelipper|Wide Guard\n|move|p2b: Whimsicott|Leech Seed|p1b: Primarina\n|-start|p1b: Primarina|move: Leech Seed\n|move|p2a: Tyranitar|Stone Edge|p1a: Pelipper\n|-supereffective|p1a: Pelipper|1\n|-damage|p1a: Pelipper|0 fnt\n|faint|p1a: Pelipper\n|move|p1b: Primarina|Hyper Voice|p2b: Whimsicott|[spread] p2a,p2b\n|-supereffective|p2a: Tyranitar|1\n|-resisted|p2b: Whimsicott|1\n|-damage|p2a: Tyranitar|0 fnt\n|-damage|p2b: Whimsicott|66/100\n|faint|p2a: Tyranitar\n|\n|-weather|RainDance|[upkeep]\n|-damage|p1b: Primarina|88/100|[from] Leech Seed|[of] p2b: Whimsicott\n|-heal|p2b: Whimsicott|82/100|[silent]\n|upkeep\n|\n|t:|1776202502\n|switch|p1a: Dragonite|Dragonite-Mega, L50, M|23/100\n|turn|9\n|\n|t:|1776202513\n|move|p2b: Whimsicott|Dazzling Gleam|p1b: Primarina|[spread] p1a,p1b\n|-supereffective|p1a: Dragonite|1\n|-damage|p1a: Dragonite|0 fnt\n|-damage|p1b: Primarina|75/100\n|faint|p1a: Dragonite\n|move|p1b: Primarina|Icy Wind|p2b: Whimsicott\n|-supereffective|p2b: Whimsicott|1\n|-damage|p2b: Whimsicott|44/100\n|-unboost|p2b: Whimsicott|spe|1\n|\n|-weather|RainDance|[upkeep]\n|-heal|p1b: Primarina|80/100|[from] item: Leftovers\n|-damage|p1b: Primarina|68/100|[from] Leech Seed|[of] p2b: Whimsicott\n|-heal|p2b: Whimsicott|59/100|[silent]\n|upkeep\n|turn|10\n|\n|t:|1776202529\n|move|p2b: Whimsicott|Dazzling Gleam|p1b: Primarina\n|-damage|p1b: Primarina|51/100\n|move|p1b: Primarina|Dazzling Gleam|p2b: Whimsicott\n|-damage|p2b: Whimsicott|17/100\n|\n|-weather|RainDance|[upkeep]\n|-heal|p1b: Primarina|57/100|[from] item: Leftovers\n|-damage|p1b: Primarina|45/100|[from] Leech Seed|[of] p2b: Whimsicott\n|-heal|p2b: Whimsicott|32/100|[silent]\n|-sideend|p2: stefanplaz|move: Tailwind\n|upkeep\n|turn|11\n|\n|t:|1776202541\n|move|p2b: Whimsicott|Dazzling Gleam|p1b: Primarina\n|-damage|p1b: Primarina|27/100\n|move|p1b: Primarina|Dazzling Gleam|p2b: Whimsicott\n|-damage|p2b: Whimsicott|0 fnt\n|faint|p2b: Whimsicott\n|\n|win|jakkeptical\n|raw|jakkeptical's rating: 1016 &rarr; <strong>1054</strong><br />(+38 for winning)\n|raw|stefanplaz's rating: 1016 &rarr; <strong>1004</strong><br />(-12 for losing)\n",
  "uploadtime": 1776202544,
  "views": 18,
  "formatid": "gen9championsvgc2026regma",
  "rating": 1004,
  "private": 0,
  "password": null
}