{
  "id": "gen9championsvgc2026regma-2583146370",
  "format": "[Gen 9 Champions] VGC 2026 Reg M-A",
  "players": [
    "gurik",
    "ChampionsmatchVGC"
  ],
  "log": "|j|\u2606gurik\n|j|\u2606ChampionsmatchVGC\n|t:|1776147667\n|gametype|doubles\n|player|p1|gurik|cynthia-gen4|1411\n|player|p2|ChampionsmatchVGC|265|1512\n|gen|9\n|tier|[Gen 9 Champions] VGC 2026 Reg M-A\n|rated|\n|rule|Species Clause: Limit one of each Pok\u00e9mon\n|rule|Item Clause: Limit 1 of each item\n|clearpoke\n|poke|p1|Meganium, L50, F|\n|poke|p1|Farigiraf, L50, F|\n|poke|p1|Pelipper, L50, M|\n|poke|p1|Basculegion, L50, M|\n|poke|p1|Kingambit, L50, M|\n|poke|p1|Kangaskhan, L50, F|\n|poke|p2|Floette-Eternal, L50, F|\n|poke|p2|Incineroar, L50, M|\n|poke|p2|Sinistcha, L50|\n|poke|p2|Sneasler, L50, F|\n|poke|p2|Kingambit, L50, M|\n|poke|p2|Aerodactyl, L50, F|\n|teampreview|4\n|\n|t:|1776147691\n|teamsize|p1|4\n|teamsize|p2|4\n|start\n|switch|p1a: Basculegion|Basculegion, L50, M|100/100\n|switch|p1b: Farigiraf|Farigiraf, L50, F|100/100\n|switch|p2a: Kingambit|Kingambit, L50, M, shiny|100/100\n|switch|p2b: Sneasler|Sneasler, L50, F|100/100\n|turn|1\n|inactive|Battle timer is ON: inactive players will automatically lose when time's up. (requested by gurik)\n|\n|t:|1776147717\n|move|p2b: Sneasler|Protect|p2b: Sneasler\n|-singleturn|p2b: Sneasler|Protect\n|move|p2a: Kingambit|Protect|p2a: Kingambit\n|-singleturn|p2a: Kingambit|Protect\n|move|p1a: Basculegion|Flip Turn|p2a: Kingambit\n|-activate|p2a: Kingambit|move: Protect\n|move|p1b: Farigiraf|Trick Room|p1b: Farigiraf\n|-fieldstart|move: Trick Room|[of] p1b: Farigiraf\n|\n|upkeep\n|turn|2\n|\n|t:|1776147738\n|switch|p2b: Floette|Floette-Eternal, L50, F|100/100\n|move|p2a: Kingambit|Low Kick|p1a: Basculegion\n|-immune|p1a: Basculegion\n|move|p1b: Farigiraf|Psychic|p2b: Floette\n|-damage|p2b: Floette|76/100\n|move|p1a: Basculegion|Flip Turn|p2a: Kingambit\n|-damage|p2a: Kingambit|74/100\n|\n|t:|1776147753\n|switch|p1a: Meganium|Meganium, L50, F|100/100|[from] Flip Turn\n|\n|upkeep\n|turn|3\n|\n|t:|1776147771\n|detailschange|p1a: Meganium|Meganium-Mega, L50, F\n|-mega|p1a: Meganium|Meganium|Meganiumite\n|detailschange|p2b: Floette|Floette-Mega, L50, F\n|-mega|p2b: Floette|Floette|Floettite\n|-ability|p2b: Floette|Fairy Aura\n|move|p1b: Farigiraf|Helping Hand|p1a: Meganium\n|-singleturn|p1a: Meganium|Helping Hand|[of] p1b: Farigiraf\n|move|p2a: Kingambit|Protect|p2a: Kingambit\n|-singleturn|p2a: Kingambit|Protect\n|move|p1a: Meganium|Dazzling Gleam|p2b: Floette|[spread] p2b\n|-activate|p2a: Kingambit|move: Protect\n|-damage|p2b: Floette|28/100\n|move|p2b: Floette|Draining Kiss|p1a: Meganium\n|-damage|p1a: Meganium|63/100\n|-heal|p2b: Floette|55/100|[from] drain|[of] p1a: Meganium\n|\n|upkeep\n|turn|4\n|j| jollyb\n|\n|t:|1776147795\n|switch|p2a: Sinistcha|Sinistcha, L50|100/100\n|-heal|p2b: Floette|80/100|[from] ability: Hospitality|[of] p2a: Sinistcha\n|move|p1b: Farigiraf|Helping Hand|p1a: Meganium\n|-singleturn|p1a: Meganium|Helping Hand|[of] p1b: Farigiraf\n|move|p1a: Meganium|Dazzling Gleam|p2a: Sinistcha|[spread] p2a,p2b\n|-damage|p2a: Sinistcha|26/100\n|-damage|p2b: Floette|28/100\n|move|p2b: Floette|Draining Kiss|p1b: Farigiraf\n|-damage|p1b: Farigiraf|60/100\n|-heal|p2b: Floette|66/100|[from] drain|[of] p1b: Farigiraf\n|\n|-heal|p1b: Farigiraf|67/100|[from] item: Leftovers\n|upkeep\n|turn|5\n|\n|t:|1776147814\n|move|p1b: Farigiraf|Helping Hand|p1a: Meganium\n|-singleturn|p1a: Meganium|Helping Hand|[of] p1b: Farigiraf\n|move|p2a: Sinistcha|Life Dew|p2a: Sinistcha|[spread] p2a,p2b\n|-heal|p2a: Sinistcha|52/100\n|-heal|p2b: Floette|91/100\n|move|p1a: Meganium|Dazzling Gleam|p2a: Sinistcha|[spread] p2a,p2b\n|-damage|p2a: Sinistcha|0 fnt\n|-damage|p2b: Floette|39/100\n|faint|p2a: Sinistcha\n|move|p2b: Floette|Draining Kiss|p1b: Farigiraf\n|-damage|p1b: Farigiraf|30/100\n|-heal|p2b: Floette|73/100|[from] drain|[of] p1b: Farigiraf\n|\n|-heal|p1b: Farigiraf|37/100|[from] item: Leftovers\n|-fieldend|move: Trick Room\n|upkeep\n|inactive|ChampionsmatchVGC has 30 seconds left.\n|\n|t:|1776147845\n|switch|p2a: Sneasler|Sneasler, L50, F|100/100\n|turn|6\n|\n|t:|1776147856\n|move|p2a: Sneasler|Close Combat|p1b: Farigiraf\n|-damage|p1b: Farigiraf|0 fnt\n|-unboost|p2a: Sneasler|def|1\n|-unboost|p2a: Sneasler|spd|1\n|faint|p1b: Farigiraf\n|-enditem|p2a: Sneasler|White Herb\n|-clearnegativeboost|p2a: Sneasler|[silent]\n|move|p2b: Floette|Draining Kiss|p1a: Meganium\n|-damage|p1a: Meganium|26/100\n|-heal|p2b: Floette|100/100|[from] drain|[of] p1a: Meganium\n|move|p1a: Meganium|Dazzling Gleam|p2a: Sneasler|[spread] p2a,p2b\n|-crit|p2a: Sneasler\n|-damage|p2a: Sneasler|6/100\n|-damage|p2b: Floette|66/100\n|\n|upkeep\n|\n|t:|1776147864\n|switch|p1b: Basculegion|Basculegion, L50, M|100/100\n|turn|7\n|\n|t:|1776147876\n|move|p2a: Sneasler|Dire Claw|p1a: Meganium\n|-supereffective|p1a: Meganium|2\n|-damage|p1a: Meganium|0 fnt\n|faint|p1a: Meganium\n|move|p1b: Basculegion|Wave Crash|p2b: Floette\n|-damage|p2b: Floette|0 fnt\n|faint|p2b: Floette\n|-damage|p1b: Basculegion|81/100|[from] Recoil\n|\n|upkeep\n|\n|t:|1776147879\n|switch|p2b: Kingambit|Kingambit, L50, M, shiny|74/100\n|switch|p1a: Kingambit|Kingambit, L50, M|100/100\n|turn|8\n|\n|t:|1776147887\n|move|p2a: Sneasler|Protect|p2a: Sneasler\n|-singleturn|p2a: Sneasler|Protect\n|move|p2b: Kingambit|Protect|p2b: Kingambit\n|-singleturn|p2b: Kingambit|Protect\n|move|p1a: Kingambit|Sucker Punch||[still]\n|-fail|p1a: Kingambit\n|move|p1b: Basculegion|Wave Crash|p2b: Kingambit\n|-activate|p2b: Kingambit|move: Protect\n|\n|upkeep\n|turn|9\n|\n|t:|1776147901\n|move|p2a: Sneasler|Protect||[still]\n|-fail|p2a: Sneasler\n|move|p2b: Kingambit|Sucker Punch|p1b: Basculegion\n|-supereffective|p1b: Basculegion|1\n|-damage|p1b: Basculegion|0 fnt\n|faint|p1b: Basculegion\n|move|p1a: Kingambit|Sucker Punch||[still]\n|-fail|p1a: Kingambit\n|\n|upkeep\n|turn|10\n|-message|gurik forfeited.\n|\n|win|ChampionsmatchVGC\n|raw|gurik's rating: 1411 &rarr; <strong>1397</strong><br />(-14 for losing)\n|raw|ChampionsmatchVGC's rating: 1512 &rarr; <strong>1526</strong><br />(+14 for winning)\n|l|\u2606gurik\n|player|p1|\n|l|\u2606ChampionsmatchVGC\n|player|p2|\n",
  "uploadtime": 1776147915,
  "views": 38,
  "formatid": "gen9championsvgc2026regma",
  "rating": 1397,
  "private": 0,
  "password": null
}