{
  "id": "gen9championsvgc2026regma-2580577100",
  "format": "[Gen 9 Champions] VGC 2026 Reg M-A",
  "players": [
    "Mence",
    "LancelotFaberge"
  ],
  "log": "|j|\u2606Mence\n|j|\u2606LancelotFaberge\n|t:|1775914667\n|gametype|doubles\n|player|p1|Mence|1|\n|player|p2|LancelotFaberge|265|\n|gen|9\n|tier|[Gen 9 Champions] VGC 2026 Reg M-A\n|rule|Species Clause: Limit one of each Pok\u00e9mon\n|rule|Item Clause: Limit 1 of each item\n|clearpoke\n|poke|p1|Incineroar, L50, M|\n|poke|p1|Sinistcha, L50|\n|poke|p1|Archaludon, L50, M|\n|poke|p1|Pelipper, L50, M|\n|poke|p1|Basculegion, L50, M|\n|poke|p1|Gardevoir, L50, F|\n|poke|p2|Froslass, L50, F|\n|poke|p2|Rotom-Wash, L50|\n|poke|p2|Sneasler, L50, M|\n|poke|p2|Arcanine-Hisui, L50, M|\n|poke|p2|Glaceon, L50, F|\n|poke|p2|Garchomp, L50, F|\n|teampreview|4\n|\n|t:|1775914705\n|teamsize|p1|4\n|teamsize|p2|4\n|start\n|switch|p1a: Pelipper|Pelipper, L50, M|100/100\n|switch|p1b: Geodon MK II|Archaludon, L50, M, shiny|100/100\n|switch|p2a: FEISTY|Froslass, L50, F, shiny|100/100\n|switch|p2b: Gwen|Glaceon, L50, F, shiny|100/100\n|-weather|RainDance|[from] ability: Drizzle|[of] p1a: Pelipper\n|turn|1\n|\n|t:|1775914757\n|detailschange|p2a: FEISTY|Froslass-Mega, L50, F, shiny\n|-mega|p2a: FEISTY|Froslass|Froslassite\n|-weather|Snowscape|[from] ability: Snow Warning|[of] p2a: FEISTY\n|move|p1a: Pelipper|Wide Guard|p1a: Pelipper\n|-singleturn|p1a: Pelipper|Wide Guard\n|move|p2a: FEISTY|Blizzard|p1b: Geodon MK II|[spread] \n|-activate|p1a: Pelipper|move: Wide Guard\n|-activate|p1b: Geodon MK II|move: Wide Guard\n|move|p1b: Geodon MK II|Electro Shot||[still]\n|-prepare|p1b: Geodon MK II|Electro Shot\n|-boost|p1b: Geodon MK II|spa|1\n|move|p2b: Gwen|Blizzard|p1b: Geodon MK II|[spread] \n|-activate|p1a: Pelipper|move: Wide Guard\n|-activate|p1b: Geodon MK II|move: Wide Guard\n|\n|-weather|Snowscape|[upkeep]\n|upkeep\n|turn|2\n|\n|t:|1775914815\n|move|p1a: Pelipper|Wide Guard|p1a: Pelipper\n|-singleturn|p1a: Pelipper|Wide Guard\n|move|p2a: FEISTY|Blizzard|p1a: Pelipper|[spread] \n|-activate|p1a: Pelipper|move: Wide Guard\n|-activate|p1b: Geodon MK II|move: Wide Guard\n|move|p1b: Geodon MK II|Electro Shot|p2a: FEISTY|[from] lockedmove\n|-damage|p2a: FEISTY|13/100\n|move|p2b: Gwen|Freeze-Dry|p1a: Pelipper\n|-supereffective|p1a: Pelipper|2\n|-enditem|p1a: Pelipper|Focus Sash\n|-damage|p1a: Pelipper|1/100\n|\n|-weather|Snowscape|[upkeep]\n|upkeep\n|turn|3\n|\n|t:|1775914921\n|switch|p1a: Basculegion|Basculegion, L50, M|100/100\n|move|p1b: Geodon MK II|Protect|p1b: Geodon MK II\n|-singleturn|p1b: Geodon MK II|Protect\n|move|p2a: FEISTY|Blizzard|p1b: Geodon MK II|[spread] p1a\n|-activate|p1b: Geodon MK II|move: Protect\n|-resisted|p1a: Basculegion|1\n|-damage|p1a: Basculegion|77/100\n|move|p2b: Gwen|Blizzard|p1b: Geodon MK II|[spread] p1a\n|-activate|p1b: Geodon MK II|move: Protect\n|-resisted|p1a: Basculegion|1\n|-damage|p1a: Basculegion|45/100\n|-status|p1a: Basculegion|frz\n|\n|-weather|Snowscape|[upkeep]\n|upkeep\n|turn|4\n|\n|t:|1775914976\n|move|p2a: FEISTY|Protect|p2a: FEISTY\n|-singleturn|p2a: FEISTY|Protect\n|cant|p1a: Basculegion|frz\n|move|p1b: Geodon MK II|Flash Cannon|p2a: FEISTY\n|-activate|p2a: FEISTY|move: Protect\n|move|p2b: Gwen|Freeze-Dry|p1a: Basculegion\n|-supereffective|p1a: Basculegion|1\n|-damage|p1a: Basculegion|0 fnt\n|faint|p1a: Basculegion\n|\n|-weather|Snowscape|[upkeep]\n|upkeep\n|\n|t:|1775914987\n|switch|p1a: Pelipper|Pelipper, L50, M|1/100\n|-weather|RainDance|[from] ability: Drizzle|[of] p1a: Pelipper\n|turn|5\n|\n|t:|1775915045\n|switch|p2a: Skyler|Sneasler, L50, M|100/100\n|move|p1a: Pelipper|Wide Guard|p1a: Pelipper\n|-singleturn|p1a: Pelipper|Wide Guard\n|move|p2b: Gwen|Ice Shard|p1a: Pelipper\n|-damage|p1a: Pelipper|0 fnt\n|faint|p1a: Pelipper\n|move|p1b: Geodon MK II|Flash Cannon|p2a: Skyler\n|-damage|p2a: Skyler|4/100\n|\n|-weather|RainDance|[upkeep]\n|upkeep\n|\n|t:|1775915058\n|switch|p1a: Sinistcha|Sinistcha, L50|100/100\n|turn|6\n|\n|t:|1775915153\n|move|p2a: Skyler|Protect|p2a: Skyler\n|-singleturn|p2a: Skyler|Protect\n|move|p1a: Sinistcha|Rage Powder|p1a: Sinistcha\n|-singleturn|p1a: Sinistcha|move: Rage Powder\n|move|p1b: Geodon MK II|Flash Cannon|p2a: Skyler\n|-activate|p2a: Skyler|move: Protect\n|move|p2b: Gwen|Freeze-Dry|p1a: Sinistcha\n|-supereffective|p1a: Sinistcha|1\n|-damage|p1a: Sinistcha|5/100\n|-enditem|p1a: Sinistcha|Sitrus Berry|[eat]\n|-heal|p1a: Sinistcha|30/100|[from] item: Sitrus Berry\n|\n|-weather|RainDance|[upkeep]\n|upkeep\n|turn|7\n|\n|t:|1775915194\n|move|p1a: Sinistcha|Rage Powder|p1a: Sinistcha\n|-singleturn|p1a: Sinistcha|move: Rage Powder\n|move|p2b: Gwen|Ice Shard|p1a: Sinistcha\n|-supereffective|p1a: Sinistcha|1\n|-damage|p1a: Sinistcha|13/100\n|move|p2a: Skyler|Close Combat|p1a: Sinistcha\n|-immune|p1a: Sinistcha\n|move|p1b: Geodon MK II|Flash Cannon|p2a: Skyler\n|-damage|p2a: Skyler|0 fnt\n|faint|p2a: Skyler\n|\n|-weather|RainDance|[upkeep]\n|upkeep\n|\n|t:|1775915233\n|switch|p2a: FEISTY|Froslass-Mega, L50, F, shiny|13/100\n|-weather|Snowscape|[from] ability: Snow Warning|[of] p2a: FEISTY\n|turn|8\n|\n|t:|1775915350\n|move|p2a: FEISTY|Blizzard|p1b: Geodon MK II|[spread] p1a,p1b\n|-supereffective|p1a: Sinistcha|1\n|-damage|p1a: Sinistcha|0 fnt\n|-damage|p1b: Geodon MK II|26/100\n|-ability|p1b: Geodon MK II|Stamina|boost\n|-boost|p1b: Geodon MK II|def|1\n|faint|p1a: Sinistcha\n|move|p1b: Geodon MK II|Flash Cannon|p2b: Gwen\n|-supereffective|p2b: Gwen|1\n|-damage|p2b: Gwen|0 fnt\n|faint|p2b: Gwen\n|\n|-weather|Snowscape|[upkeep]\n|upkeep\n|\n|t:|1775915361\n|switch|p2b: Ross|Rotom-Wash, L50, shiny|100/100\n|turn|9\n|\n|t:|1775915394\n|move|p2b: Ross|Helping Hand|p2a: FEISTY\n|-singleturn|p2a: FEISTY|Helping Hand|[of] p2b: Ross\n|move|p2a: FEISTY|Blizzard|p1b: Geodon MK II\n|-damage|p1b: Geodon MK II|0 fnt\n|faint|p1b: Geodon MK II\n|\n|win|LancelotFaberge\n",
  "uploadtime": 1775915401,
  "views": 9,
  "formatid": "gen9championsvgc2026regma",
  "rating": null,
  "private": 0,
  "password": null
}