{
  "id": "gen9championsvgc2026regma-2581787797",
  "format": "[Gen 9 Champions] VGC 2026 Reg M-A",
  "players": [
    "Dddddsf",
    "ipissmypabts"
  ],
  "log": "|j|\u2606Dddddsf\n|j|\u2606ipissmypabts\n|html|<table width=\"100%\"><tr><td align=\"left\">Dddddsf</td><td align=\"right\">ipissmypabts</tr><tr><td align=\"left\"><i class=\"fa fa-circle\"></i> <i class=\"fa fa-circle-o\"></i> </td><td align=\"right\"><i class=\"fa fa-circle-o\"></i> <i class=\"fa fa-circle\"></i> </tr></table>\n|uhtml|bestof|<h2><strong>Game 3</strong> of <a href=\"/game-bestof3-gen9championsvgc2026regma-2581780760\">a best-of-3</a></h2>\n|t:|1776028423\n|gametype|doubles\n|player|p1|Dddddsf|red-masters3|\n|player|p2|ipissmypabts|265|\n|gen|9\n|tier|[Gen 9 Champions] VGC 2026 Reg M-A\n|rule|Species Clause: Limit one of each Pok\u00e9mon\n|rule|Item Clause: Limit 1 of each item\n|raw|<div class=\"infobox\"><details class=\"readmore\" open><summary><strong>1 custom rule:</strong></summary> Best of = 3</details></div>\n|clearpoke\n|poke|p1|Aerodactyl, L50, M|\n|poke|p1|Palafin, L50, F|\n|poke|p1|Incineroar, L50, F|\n|poke|p1|Meganium, L50, M|\n|poke|p1|Aegislash, L50, F|\n|poke|p1|Farigiraf, L50, F|\n|poke|p2|Feraligatr, L50, M|\n|poke|p2|Oranguru, L50, F|\n|poke|p2|Maushold-Four, L50|\n|poke|p2|Sneasler, L50, M|\n|poke|p2|Pelipper, L50, F|\n|poke|p2|Palafin, L50, F|\n|teampreview|4\nipissmypabts has agreed to open team sheets.\nDddddsf has agreed to open team sheets.\n|showteam|p1|Aerodactyl||FocusSash|Unnerve|Tailwind,RockSlide,DualWingbeat,WideGuard|||M|||50|]Palafin||MysticWater|ZerotoHero|WaveCrash,FlipTurn,JetPunch,Protect|||F|||50|]Incineroar||SitrusBerry|Intimidate|FlareBlitz,DarkestLariat,FakeOut,PartingShot|||F|||50|]Meganium||Meganiumite|Overgrow|SolarBeam,WeatherBall,Protect,EarthPower|||M|||50|]Aegislash||Leftovers|StanceChange|IronHead,Poltergeist,KingsShield,SacredSword|||F|||50|]Farigiraf||MentalHerb|ArmorTail|Psychic,HelpingHand,TrickRoom,Protect|||F|||50|\n|showteam|p2|Feraligatr||Feraligite|Torrent|AquaJet,Curse,DoubleEdge,Liquidation|||M|||50|]Oranguru||FocusSash|InnerFocus|TrickRoom,Instruct,Protect,Psychic|||F|||50|]Maushold-Four||KingsRock|FriendGuard|PopulationBomb,FollowMe,HelpingHand,Protect||||||50|]Sneasler||WhiteHerb|Unburden|CloseCombat,FakeOut,DireClaw,Protect|||M|||50|]Pelipper||ChartiBerry|Drizzle|Hurricane,Surf,WeatherBall,IceBeam|||F|||50|]Palafin||MysticWater|ZerotoHero|FlipTurn,JetPunch,CloseCombat,Protect|||F|||50|\n|\n|t:|1776028496\n|teamsize|p1|4\n|teamsize|p2|4\n|start\n|switch|p1a: Hero's Porpoise|Palafin, L50, F|100/100\n|switch|p1b: Wolfey's Friend|Incineroar, L50, F|100/100\n|switch|p2a: Maushold|Maushold-Four, L50|100/100\n|switch|p2b: Sneasler|Sneasler, L50, M|100/100\n|-ability|p1b: Wolfey's Friend|Intimidate|boost\n|-unboost|p2a: Maushold|atk|1\n|-unboost|p2b: Sneasler|atk|1\n|-enditem|p2b: Sneasler|White Herb\n|-clearnegativeboost|p2b: Sneasler|[silent]\n|turn|1\n|\n|t:|1776028513\n|detailschange|p1a: Hero's Porpoise|Palafin-Hero, L50, F\n|switch|p1a: Excalibore|Aegislash, L50, F, shiny|100/100\n|move|p2b: Sneasler|Fake Out|p1b: Wolfey's Friend\n|-damage|p1b: Wolfey's Friend|84/100\n|cant|p1b: Wolfey's Friend|flinch\n|move|p2a: Maushold|Population Bomb|p1a: Excalibore\n|-immune|p1a: Excalibore\n|\n|upkeep\n|turn|2\n|j| JawzTKrookodile\n|\n|t:|1776028530\n|move|p2a: Maushold|Helping Hand|p2b: Sneasler\n|-singleturn|p2b: Sneasler|Helping Hand|[of] p2a: Maushold\n|move|p2b: Sneasler|Close Combat|p1b: Wolfey's Friend\n|-supereffective|p1b: Wolfey's Friend|1\n|-damage|p1b: Wolfey's Friend|0 fnt\n|-unboost|p2b: Sneasler|def|1\n|-unboost|p2b: Sneasler|spd|1\n|faint|p1b: Wolfey's Friend\n|-formechange|p1a: Excalibore|Aegislash-Blade|\n|move|p1a: Excalibore|Sacred Sword|p2a: Maushold\n|-supereffective|p2a: Maushold|1\n|-damage|p2a: Maushold|8/100\n|\n|upkeep\n|\n|t:|1776028542\n|switch|p1b: Hero's Porpoise|Palafin-Hero, L50, F|100/100\n|-activate|p1b: Hero's Porpoise|ability: Zero to Hero\n|turn|3\n|\n|t:|1776028600\n|move|p2a: Maushold|Follow Me|p2a: Maushold\n|-singleturn|p2a: Maushold|move: Follow Me\n|move|p1b: Hero's Porpoise|Jet Punch|p2a: Maushold\n|-damage|p2a: Maushold|0 fnt\n|faint|p2a: Maushold\n|move|p2b: Sneasler|Close Combat|p1b: Hero's Porpoise\n|-damage|p1b: Hero's Porpoise|32/100\n|-unboost|p2b: Sneasler|def|1\n|-unboost|p2b: Sneasler|spd|1\n|move|p1a: Excalibore|Sacred Sword|p2b: Sneasler\n|-resisted|p2b: Sneasler|1\n|-damage|p2b: Sneasler|68/100\n|\n|upkeep\n|\n|t:|1776028609\n|switch|p2a: Feraligatr|Feraligatr, L50, M|100/100\n|turn|4\n|\n|t:|1776028622\n|detailschange|p2a: Feraligatr|Feraligatr-Mega, L50, M\n|-mega|p2a: Feraligatr|Feraligatr|Feraligite\n|move|p1b: Hero's Porpoise|Jet Punch|p2b: Sneasler\n|-damage|p2b: Sneasler|0 fnt\n|faint|p2b: Sneasler\n|move|p2a: Feraligatr|Curse|p2a: Feraligatr\n|-unboost|p2a: Feraligatr|spe|1\n|-boost|p2a: Feraligatr|atk|1\n|-boost|p2a: Feraligatr|def|1\n|move|p1a: Excalibore|Poltergeist|p2a: Feraligatr\n|-activate|p2a: Feraligatr|move: Poltergeist|Feraligite\n|-damage|p2a: Feraligatr|68/100\n|\n|upkeep\n|\n|t:|1776028628\n|switch|p2b: Pelipper|Pelipper, L50, F|100/100\n|-weather|RainDance|[from] ability: Drizzle|[of] p2b: Pelipper\n|turn|5\n|\n|t:|1776028643\n|move|p2a: Feraligatr|Aqua Jet|p1b: Hero's Porpoise\n|-resisted|p1b: Hero's Porpoise|1\n|-damage|p1b: Hero's Porpoise|2/100\n|move|p1b: Hero's Porpoise|Wave Crash|p2a: Feraligatr\n|-resisted|p2a: Feraligatr|2\n|-damage|p2a: Feraligatr|52/100\n|-damage|p1b: Hero's Porpoise|0 fnt|[from] Recoil\n|faint|p1b: Hero's Porpoise\n|move|p2b: Pelipper|Weather Ball|p1a: Excalibore\n|-damage|p1a: Excalibore|0 fnt\n|faint|p1a: Excalibore\n|\n|-weather|RainDance|[upkeep]\n|upkeep\n|\n|t:|1776028653\n|switch|p1b: My Neck!!!|Meganium, L50, M|100/100\n|turn|6\n|\n|t:|1776028661\n|detailschange|p1b: My Neck!!!|Meganium-Mega, L50, M\n|-mega|p1b: My Neck!!!|Meganium|Meganiumite\n|move|p2b: Pelipper|Hurricane|p1b: My Neck!!!\n|-supereffective|p1b: My Neck!!!|1\n|-damage|p1b: My Neck!!!|20/100\n|-start|p1b: My Neck!!!|confusion\n|-activate|p1b: My Neck!!!|confusion\n|move|p1b: My Neck!!!|Solar Beam||[still]\n|-prepare|p1b: My Neck!!!|Solar Beam\n|-activate|p1b: My Neck!!!|ability: Mega Sol\n|-anim|p1b: My Neck!!!|Solar Beam|p2a: Feraligatr\n|-crit|p2a: Feraligatr\n|-damage|p2a: Feraligatr|0 fnt\n|faint|p2a: Feraligatr\n|\n|-weather|RainDance|[upkeep]\n|upkeep\n|turn|7\n|\n|t:|1776028674\n|-activate|p1b: My Neck!!!|confusion\n|move|p1b: My Neck!!!|Protect|p1b: My Neck!!!\n|-singleturn|p1b: My Neck!!!|Protect\n|move|p2b: Pelipper|Hurricane|p1b: My Neck!!!\n|-activate|p1b: My Neck!!!|move: Protect\n|\n|-weather|RainDance|[upkeep]\n|upkeep\n|turn|8\n|\n|t:|1776028691\n|move|p2b: Pelipper|Hurricane|p1b: My Neck!!!\n|-supereffective|p1b: My Neck!!!|1\n|-damage|p1b: My Neck!!!|0 fnt\n|faint|p1b: My Neck!!!\n|\n|win|ipissmypabts\n|l|\u2606Dddddsf\n|player|p1|\n",
  "uploadtime": 1776028758,
  "views": 10,
  "formatid": "gen9championsvgc2026regma",
  "rating": null,
  "private": 0,
  "password": null
}