{
  "id": "gen9championsvgc2026regma-2584299704",
  "format": "[Gen 9 Champions] VGC 2026 Reg M-A",
  "players": [
    "Zhi2",
    "Jochen2504"
  ],
  "log": "|j|\u2606Zhi2\n|j|\u2606Jochen2504\n|t:|1776248705\n|gametype|doubles\n|player|p1|Zhi2|266|1061\n|player|p2|Jochen2504|170|1033\n|gen|9\n|tier|[Gen 9 Champions] VGC 2026 Reg M-A\n|rated|\n|rule|Species Clause: Limit one of each Pok\u00e9mon\n|rule|Item Clause: Limit 1 of each item\n|clearpoke\n|poke|p1|Pelipper, L50, M|\n|poke|p1|Blastoise, L50, M|\n|poke|p1|Starmie, L50|\n|poke|p1|Sinistcha, L50|\n|poke|p1|Kingambit, L50, M|\n|poke|p1|Garchomp, L50, M|\n|poke|p2|Garchomp, L50, F|\n|poke|p2|Talonflame, L50, F|\n|poke|p2|Rotom-Wash, L50|\n|poke|p2|Gengar, L50, F|\n|poke|p2|Tyranitar, L50, M|\n|poke|p2|Sneasler, L50, M|\n|teampreview|4\nJochen2504 rejected open team sheets.\n|\n|t:|1776248768\n|teamsize|p1|4\n|teamsize|p2|4\n|start\n|switch|p1a: Garchomp|Garchomp, L50, M|100/100\n|switch|p1b: Starmie|Starmie, L50|100/100\n|switch|p2a: Talonflame|Talonflame, L50, F|100/100\n|switch|p2b: Gengar|Gengar, L50, F|100/100\n|turn|1\n|\n|t:|1776248887\n|switch|p1b: Pelipper|Pelipper, L50, M|100/100\n|-weather|RainDance|[from] ability: Drizzle|[of] p1b: Pelipper\n|move|p2a: Talonflame|Tailwind|p2a: Talonflame\n|-sidestart|p2: Jochen2504|move: Tailwind\n|move|p2b: Gengar|Trick|p1a: Garchomp\n|-activate|p2b: Gengar|move: Trick|[of] p1a: Garchomp\n|-item|p1a: Garchomp|Choice Scarf|[from] move: Trick\n|-item|p2b: Gengar|Choice Scarf|[from] move: Trick\n|move|p1a: Garchomp|Earthquake|p2b: Gengar|[spread] p2b\n|-immune|p1b: Pelipper\n|-immune|p2a: Talonflame\n|-supereffective|p2b: Gengar|1\n|-damage|p2b: Gengar|0 fnt\n|faint|p2b: Gengar\n|\n|-weather|RainDance|[upkeep]\n|upkeep\n|\n|t:|1776248904\n|switch|p2b: Rotom|Rotom-Wash, L50|100/100\n|turn|2\n|\n|t:|1776248944\n|switch|p1a: Starmie|Starmie, L50|100/100\n|move|p2a: Talonflame|Brave Bird|p1b: Pelipper\n|-damage|p1b: Pelipper|65/100\n|-damage|p2a: Talonflame|87/100|[from] Recoil\n|move|p2b: Rotom|Hydro Pump|p1a: Starmie\n|-resisted|p1a: Starmie|1\n|-damage|p1a: Starmie|44/100\n|move|p1b: Pelipper|U-turn|p2b: Rotom\n|-damage|p2b: Rotom|91/100\n|\n|t:|1776248955\n|switch|p1b: Garchomp|Garchomp, L50, M|100/100|[from] U-turn\n|\n|-weather|RainDance|[upkeep]\n|upkeep\n|turn|3\n|\n|t:|1776248971\n|switch|p2a: Garchomp|Garchomp, L50, F|100/100\n|detailschange|p1a: Starmie|Starmie-Mega, L50\n|-mega|p1a: Starmie|Starmie|Starminite\n|move|p1b: Garchomp|Rock Slide|p2b: Rotom|[spread] p2a,p2b\n|-resisted|p2a: Garchomp|1\n|-damage|p2a: Garchomp|90/100\n|-damage|p2b: Rotom|67/100\n|move|p2b: Rotom|Hydro Pump|p1b: Garchomp\n|-damage|p1b: Garchomp|13/100\n|move|p1a: Starmie|Flip Turn|p2b: Rotom\n|-resisted|p2b: Rotom|1\n|-damage|p2b: Rotom|22/100\n|-enditem|p2b: Rotom|Sitrus Berry|[eat]\n|-heal|p2b: Rotom|46/100|[from] item: Sitrus Berry\n|\n|t:|1776249006\n|switch|p1a: Pelipper|Pelipper, L50, M|65/100|[from] Flip Turn\n|\n|-weather|RainDance|[upkeep]\n|upkeep\n|turn|4\n|\n|t:|1776249038\n|detailschange|p2a: Garchomp|Garchomp-Mega, L50, F\n|-mega|p2a: Garchomp|Garchomp|Garchompite\n|move|p1a: Pelipper|Wide Guard|p1a: Pelipper\n|-singleturn|p1a: Pelipper|Wide Guard\n|move|p2a: Garchomp|Rock Slide|p1b: Garchomp|[spread] \n|-activate|p1a: Pelipper|move: Wide Guard\n|-activate|p1b: Garchomp|move: Wide Guard\n|move|p1b: Garchomp|Rock Slide|p2b: Rotom|[spread] p2a,p2b\n|-resisted|p2a: Garchomp|1\n|-damage|p2a: Garchomp|80/100\n|-damage|p2b: Rotom|23/100\n|move|p2b: Rotom|Thunderbolt|p1a: Pelipper\n|-supereffective|p1a: Pelipper|2\n|-damage|p1a: Pelipper|0 fnt\n|faint|p1a: Pelipper\n|\n|-weather|RainDance|[upkeep]\n|-sideend|p2: Jochen2504|move: Tailwind\n|upkeep\n|\n|t:|1776249059\n|switch|p1a: Starmie|Starmie-Mega, L50|44/100\n|turn|5\n|\n|t:|1776249090\n|move|p2b: Rotom|Helping Hand|p2a: Garchomp\n|-singleturn|p2a: Garchomp|Helping Hand|[of] p2b: Rotom\n|move|p1b: Garchomp|Rock Slide|p2b: Rotom|[spread] p2a,p2b\n|-resisted|p2a: Garchomp|1\n|-damage|p2a: Garchomp|71/100\n|-damage|p2b: Rotom|1/100\n|move|p1a: Starmie|Flip Turn|p2b: Rotom\n|-resisted|p2b: Rotom|1\n|-damage|p2b: Rotom|0 fnt\n|faint|p2b: Rotom\n|\n|t:|1776249099\n|switch|p1a: Kingambit|Kingambit, L50, M|100/100|[from] Flip Turn\n|cant|p2a: Garchomp|flinch\n|\n|-weather|none\n|upkeep\n|\n|t:|1776249105\n|switch|p2b: Talonflame|Talonflame, L50, F|87/100\n|turn|6\n|\n|t:|1776249119\n|move|p1a: Kingambit|Sucker Punch|p2a: Garchomp\n|-damage|p2a: Garchomp|36/100\n|move|p1b: Garchomp|Rock Slide|p2b: Talonflame|[spread] p2b\n|-miss|p1b: Garchomp|p2a: Garchomp\n|-supereffective|p2b: Talonflame|2\n|-damage|p2b: Talonflame|0 fnt\n|faint|p2b: Talonflame\n|move|p2a: Garchomp|Earthquake|p1b: Garchomp|[spread] p1a,p1b\n|-supereffective|p1a: Kingambit|1\n|-damage|p1a: Kingambit|30/100\n|-damage|p1b: Garchomp|0 fnt\n|faint|p1b: Garchomp\n|\n|upkeep\n|\n|t:|1776249128\n|switch|p1b: Starmie|Starmie-Mega, L50|44/100\n|turn|7\n|\n|t:|1776249134\n|move|p1a: Kingambit|Sucker Punch|p2a: Garchomp\n|-damage|p2a: Garchomp|0 fnt\n|faint|p2a: Garchomp\n|\n|win|Zhi2\n|raw|Zhi2's rating: 1061 &rarr; <strong>1089</strong><br />(+28 for winning)\n|raw|Jochen2504's rating: 1033 &rarr; <strong>1019</strong><br />(-14 for losing)\n",
  "uploadtime": 1776249141,
  "views": 23,
  "formatid": "gen9championsvgc2026regma",
  "rating": 1019,
  "private": 0,
  "password": null
}