{
  "id": "gen9championsvgc2026regma-2582437903",
  "format": "[Gen 9 Champions] VGC 2026 Reg M-A",
  "players": [
    "Brudiiiiiiii",
    "JassonFan"
  ],
  "log": "|j|\u2606Brudiiiiiiii\n|j|\u2606JassonFan\n|t:|1776091672\n|gametype|doubles\n|player|p1|Brudiiiiiiii|pokemonranger-gen4|1122\n|player|p2|JassonFan|unknownf|1169\n|gen|9\n|tier|[Gen 9 Champions] VGC 2026 Reg M-A\n|rated|\n|rule|Species Clause: Limit one of each Pok\u00e9mon\n|rule|Item Clause: Limit 1 of each item\n|clearpoke\n|poke|p1|Incineroar, L50, M|\n|poke|p1|Vivillon, L50, M|\n|poke|p1|Garchomp, L50, F|\n|poke|p1|Orthworm, L50, M|\n|poke|p1|Clefable, L50, M|\n|poke|p1|Aegislash, L50, M|\n|poke|p2|Charizard, L50, M|\n|poke|p2|Kingambit, L50, M|\n|poke|p2|Rotom-Wash, L50|\n|poke|p2|Sinistcha, L50|\n|poke|p2|Sneasler, L50, M|\n|poke|p2|Ninetales-Alola, L50, F|\n|teampreview|4\n|inactive|Battle timer is ON: inactive players will automatically lose when time's up. (requested by JassonFan)\n|inactive|Brudiiiiiiii has 60 seconds left.\n|\n|t:|1776091723\n|teamsize|p1|4\n|teamsize|p2|4\n|start\n|switch|p1a: Garchomp|Garchomp, L50, F|100/100\n|switch|p1b: Vivillon|Vivillon, L50, M|100/100\n|switch|p2a: Kingambit|Kingambit, L50, M, shiny|100/100\n|switch|p2b: Ninetales|Ninetales-Alola, L50, F, shiny|100/100\n|-weather|Snowscape|[from] ability: Snow Warning|[of] p2b: Ninetales\n|turn|1\n|inactive|Brudiiiiiiii has 30 seconds left.\n|inactive|JassonFan has 30 seconds left.\n|inactive|JassonFan has 20 seconds left.\n|inactive|JassonFan has 15 seconds left.\n|\n|t:|1776091764\n|move|p1a: Garchomp|Protect|p1a: Garchomp\n|-singleturn|p1a: Garchomp|Protect\n|move|p2b: Ninetales|Blizzard|p1b: Vivillon|[spread] p1b\n|-activate|p1a: Garchomp|move: Protect\n|-supereffective|p1b: Vivillon|1\n|-damage|p1b: Vivillon|3/100\n|move|p1b: Vivillon|Tailwind|p1b: Vivillon\n|-sidestart|p1: Brudiiiiiiii|move: Tailwind\n|move|p2a: Kingambit|Kowtow Cleave|p1b: Vivillon\n|-damage|p1b: Vivillon|0 fnt\n|faint|p1b: Vivillon\n|\n|-weather|Snowscape|[upkeep]\n|upkeep\n|\n|t:|1776091777\n|switch|p1b: Orthworm|Orthworm, L50, M|100/100\n|turn|2\n|inactive|Brudiiiiiiii has 30 seconds left.\n|inactive|JassonFan has 30 seconds left.\n|inactive|Brudiiiiiiii has 20 seconds left.\n|inactive|JassonFan has 20 seconds left.\n|\n|t:|1776091822\n|switch|p2a: Sinistcha|Sinistcha, L50, shiny|100/100\n|move|p2b: Ninetales|Protect|p2b: Ninetales\n|-singleturn|p2b: Ninetales|Protect\n|move|p1a: Garchomp|Swords Dance|p1a: Garchomp\n|-boost|p1a: Garchomp|atk|2\n|move|p1b: Orthworm|Heavy Slam|p2b: Ninetales\n|-activate|p2b: Ninetales|move: Protect\n|\n|-weather|Snowscape|[upkeep]\n|upkeep\n|turn|3\n|\n|t:|1776091838\n|move|p1a: Garchomp|Protect|p1a: Garchomp\n|-singleturn|p1a: Garchomp|Protect\n|move|p2a: Sinistcha|Rage Powder|p2a: Sinistcha\n|-singleturn|p2a: Sinistcha|move: Rage Powder\n|move|p2b: Ninetales|Blizzard|p1a: Garchomp|[spread] p1b\n|-activate|p1a: Garchomp|move: Protect\n|-resisted|p1b: Orthworm|1\n|-damage|p1b: Orthworm|84/100\n|move|p1b: Orthworm|Heavy Slam|p2a: Sinistcha\n|-damage|p2a: Sinistcha|76/100\n|\n|-weather|Snowscape|[upkeep]\n|-heal|p1b: Orthworm|90/100|[from] item: Leftovers\n|upkeep\n|turn|4\n|\n|t:|1776091860\n|switch|p2a: Kingambit|Kingambit, L50, M, shiny|100/100\n|move|p2b: Ninetales|Protect|p2b: Ninetales\n|-singleturn|p2b: Ninetales|Protect\n|move|p1a: Garchomp|Dragon Claw|p2a: Kingambit\n|-resisted|p2a: Kingambit|1\n|-damage|p2a: Kingambit|68/100\n|move|p1b: Orthworm|Heavy Slam|p2b: Ninetales\n|-activate|p2b: Ninetales|move: Protect\n|\n|-weather|Snowscape|[upkeep]\n|-heal|p1b: Orthworm|96/100|[from] item: Leftovers\n|-sideend|p1: Brudiiiiiiii|move: Tailwind\n|upkeep\n|turn|5\n|inactive|Brudiiiiiiii has 30 seconds left.\n|inactive|Brudiiiiiiii has 20 seconds left.\n|\n|t:|1776091895\n|move|p1a: Garchomp|Protect|p1a: Garchomp\n|-singleturn|p1a: Garchomp|Protect\n|move|p2b: Ninetales|Aurora Veil|p2b: Ninetales\n|-sidestart|p2: JassonFan|move: Aurora Veil\n|move|p1b: Orthworm|Heavy Slam|p2b: Ninetales\n|-supereffective|p2b: Ninetales|2\n|-damage|p2b: Ninetales|9/100\n|move|p2a: Kingambit|Kowtow Cleave|p1b: Orthworm\n|-damage|p1b: Orthworm|60/100\n|\n|-weather|none\n|-heal|p1b: Orthworm|67/100|[from] item: Leftovers\n|upkeep\n|turn|6\n|\n|t:|1776091917\n|move|p2b: Ninetales|Freeze-Dry|p1a: Garchomp\n|-supereffective|p1a: Garchomp|2\n|-damage|p1a: Garchomp|0 fnt\n|faint|p1a: Garchomp\n|move|p1b: Orthworm|Body Press|p2a: Kingambit\n|-supereffective|p2a: Kingambit|2\n|-enditem|p2a: Kingambit|Chople Berry|[eat]\n|-enditem|p2a: Kingambit|Chople Berry|[weaken]\n|-damage|p2a: Kingambit|45/100\n|move|p2a: Kingambit|Kowtow Cleave|p1b: Orthworm\n|-damage|p1b: Orthworm|33/100\n|\n|-heal|p1b: Orthworm|39/100|[from] item: Leftovers\n|upkeep\n|\n|t:|1776091929\n|switch|p1a: Clefable|Clefable, L50, M|100/100\n|turn|7\n|\n|t:|1776091945\n|switch|p2b: Sinistcha|Sinistcha, L50, shiny|76/100\n|-heal|p2a: Kingambit|69/100|[from] ability: Hospitality|[of] p2b: Sinistcha\n|move|p2a: Kingambit|Protect|p2a: Kingambit\n|-singleturn|p2a: Kingambit|Protect\n|move|p1a: Clefable|Calm Mind|p1a: Clefable\n|-boost|p1a: Clefable|spa|1\n|-boost|p1a: Clefable|spd|1\n|move|p1b: Orthworm|Body Press|p2a: Kingambit\n|-activate|p2a: Kingambit|move: Protect\n|\n|-heal|p1b: Orthworm|45/100|[from] item: Leftovers\n|upkeep\n|turn|8\n|inactive|Brudiiiiiiii has 30 seconds left.\n|\n|t:|1776091978\n|move|p2b: Sinistcha|Rage Powder|p2b: Sinistcha\n|-singleturn|p2b: Sinistcha|move: Rage Powder\n|move|p1a: Clefable|Moonblast|p2b: Sinistcha\n|-damage|p2b: Sinistcha|39/100\n|move|p1b: Orthworm|Body Press|p2b: Sinistcha\n|-immune|p2b: Sinistcha\n|move|p2a: Kingambit|Iron Head|p1a: Clefable\n|-supereffective|p1a: Clefable|1\n|-damage|p1a: Clefable|0 fnt\n|faint|p1a: Clefable\n|\n|-heal|p1b: Orthworm|51/100|[from] item: Leftovers\n|upkeep\n|turn|9\n|-message|Brudiiiiiiii forfeited.\n|\n|win|JassonFan\n|raw|Brudiiiiiiii's rating: 1122 &rarr; <strong>1100</strong><br />(-22 for losing)\n|raw|JassonFan's rating: 1169 &rarr; <strong>1191</strong><br />(+22 for winning)\n|l|\u2606Brudiiiiiiii\n|player|p1|\n",
  "uploadtime": 1776091999,
  "views": 13,
  "formatid": "gen9championsvgc2026regma",
  "rating": 1100,
  "private": 0,
  "password": null
}