{
  "id": "gen9championsvgc2026regma-2589566173",
  "format": "[Gen 9 Champions] VGC 2026 Reg M-A",
  "players": [
    "god's loving gift",
    "uglyasscookie"
  ],
  "log": "|j|\u2606god's loving gift\n|j|\u2606uglyasscookie\n|t:|1776734733\n|gametype|doubles\n|player|p1|god's loving gift|unknown|1173\n|player|p2|uglyasscookie|1|1264\n|gen|9\n|tier|[Gen 9 Champions] VGC 2026 Reg M-A\n|rated|\n|rule|Species Clause: Limit one of each Pok\u00e9mon\n|rule|Item Clause: Limit 1 of each item\n|clearpoke\n|poke|p1|Gengar, L50, M|\n|poke|p1|Milotic, L50, F|\n|poke|p1|Ninetales-Alola, L50, M|\n|poke|p1|Garchomp, L50, M|\n|poke|p1|Corviknight, L50, M|\n|poke|p1|Charizard, L50, F|\n|poke|p2|Tyranitar, L50, F|\n|poke|p2|Gengar, L50, M|\n|poke|p2|Rotom-Wash, L50|\n|poke|p2|Garchomp, L50, M|\n|poke|p2|Sylveon, L50, F|\n|poke|p2|Excadrill, L50, M|\n|teampreview|4\n|inactive|Battle timer is ON: inactive players will automatically lose when time's up. (requested by god's loving gift)\n|inactive|god's loving gift has 60 seconds left.\n|inactive|uglyasscookie has 60 seconds left.\n|\n|t:|1776734775\n|teamsize|p1|4\n|teamsize|p2|4\n|start\n|switch|p1a: Gengar|Gengar, L50, M|100/100\n|switch|p1b: Garchomp|Garchomp, L50, M|100/100\n|switch|p2a: Excadrill|Excadrill, L50, M|100/100\n|switch|p2b: Rotom|Rotom-Wash, L50|100/100\n|turn|1\n|inactive|uglyasscookie has 30 seconds left.\n|inactive|uglyasscookie has 20 seconds left.\n|\n|t:|1776734815\n|detailschange|p1a: Gengar|Gengar-Mega, L50, M\n|-mega|p1a: Gengar|Gengar|Gengarite\n|move|p1a: Gengar|Protect|p1a: Gengar\n|-singleturn|p1a: Gengar|Protect\n|move|p2a: Excadrill|Protect|p2a: Excadrill\n|-singleturn|p2a: Excadrill|Protect\n|move|p1b: Garchomp|Dragon Claw|p2b: Rotom\n|-damage|p2b: Rotom|43/100\n|-enditem|p2b: Rotom|Sitrus Berry|[eat]\n|-heal|p2b: Rotom|67/100|[from] item: Sitrus Berry\n|move|p2b: Rotom|Will-O-Wisp|p1b: Garchomp\n|-status|p1b: Garchomp|brn\n|\n|-damage|p1b: Garchomp|94/100 brn|[from] brn\n|upkeep\n|turn|2\n|inactive|uglyasscookie has 30 seconds left.\n|inactive|uglyasscookie has 20 seconds left.\n|inactive|uglyasscookie has 15 seconds left.\n|inactive|uglyasscookie has 10 seconds left.\n|\n|t:|1776734862\n|switch|p1a: Corviknight|Corviknight, L50, M|100/100\n|-ability|p1a: Corviknight|Unnerve\n|move|p1b: Garchomp|Dragon Claw|p2b: Rotom\n|-damage|p2b: Rotom|41/100\n|move|p2b: Rotom|Volt Switch|p1a: Corviknight\n|-supereffective|p1a: Corviknight|1\n|-damage|p1a: Corviknight|53/100\n|\n|t:|1776734871\n|switch|p2b: Tyranitar|Tyranitar, L50, F|100/100|[from] Volt Switch\n|-weather|Sandstorm|[from] ability: Sand Stream|[of] p2b: Tyranitar\n|move|p2a: Excadrill|High Horsepower|p1a: Corviknight\n|-immune|p1a: Corviknight\n|\n|-weather|Sandstorm|[upkeep]\n|-heal|p1a: Corviknight|59/100|[from] item: Leftovers\n|-damage|p1b: Garchomp|88/100 brn|[from] brn\n|upkeep\n|turn|3\n|inactive|uglyasscookie has 30 seconds left.\n|\n|t:|1776734900\n|move|p2a: Excadrill|Rock Slide|p1a: Corviknight|[spread] p1a,p1b\n|-resisted|p1b: Garchomp|1\n|-damage|p1a: Corviknight|42/100\n|-damage|p1b: Garchomp|78/100 brn\n|move|p1b: Garchomp|Dragon Claw|p2b: Tyranitar\n|-damage|p2b: Tyranitar|83/100\n|move|p1a: Corviknight|Body Press|p2b: Tyranitar\n|-supereffective|p2b: Tyranitar|2\n|-damage|p2b: Tyranitar|19/100\n|move|p2b: Tyranitar|Knock Off|p1a: Corviknight\n|-damage|p1a: Corviknight|0 fnt\n|-enditem|p1a: Corviknight|Leftovers|[from] move: Knock Off|[of] p2b: Tyranitar\n|faint|p1a: Corviknight\n|\n|-weather|Sandstorm|[upkeep]\n|-heal|p2b: Tyranitar|25/100|[from] item: Leftovers\n|-damage|p1b: Garchomp|72/100 brn|[from] brn\n|upkeep\n|\n|t:|1776734913\n|switch|p1a: Ninetales|Ninetales-Alola, L50, M|100/100\n|-weather|Snowscape|[from] ability: Snow Warning|[of] p1a: Ninetales\n|turn|4\n|\n|t:|1776734937\n|switch|p1b: Gengar|Gengar-Mega, L50, M|100/100\n|switch|p2b: Rotom|Rotom-Wash, L50|41/100\n|move|p1a: Ninetales|Protect|p1a: Ninetales\n|-singleturn|p1a: Ninetales|Protect\n|move|p2a: Excadrill|Protect||[still]\n|-fail|p2a: Excadrill\n|\n|-weather|Snowscape|[upkeep]\n|upkeep\n|turn|5\n|inactive|uglyasscookie has 30 seconds left.\n|inactive|uglyasscookie has 20 seconds left.\n|inactive|uglyasscookie has 15 seconds left.\n|inactive|uglyasscookie has 10 seconds left.\n|\n|t:|1776734985\n|move|p1b: Gengar|Protect|p1b: Gengar\n|-singleturn|p1b: Gengar|Protect\n|move|p1a: Ninetales|Blizzard|p2b: Rotom|[spread] p2a,p2b\n|-resisted|p2b: Rotom|1\n|-damage|p2a: Excadrill|55/100\n|-damage|p2b: Rotom|23/100\n|-status|p2a: Excadrill|frz\n|move|p2b: Rotom|Hydro Pump|p1b: Gengar\n|-activate|p1b: Gengar|move: Protect\n|cant|p2a: Excadrill|frz\n|\n|-weather|Snowscape|[upkeep]\n|upkeep\n|turn|6\n|\n|t:|1776735010\n|move|p1b: Gengar|Shadow Ball|p2b: Rotom\n|-damage|p2b: Rotom|0 fnt\n|faint|p2b: Rotom\n|move|p1a: Ninetales|Aurora Veil|p1a: Ninetales\n|-sidestart|p1: god's loving gift|move: Aurora Veil\n|-curestatus|p2a: Excadrill|frz|[msg]\n|move|p2a: Excadrill|Rock Slide|p1a: Ninetales|[spread] p1a,p1b\n|-supereffective|p1a: Ninetales|1\n|-damage|p1a: Ninetales|72/100\n|-damage|p1b: Gengar|82/100\n|\n|-weather|Snowscape|[upkeep]\n|upkeep\n|\n|t:|1776735023\n|switch|p2b: Tyranitar|Tyranitar, L50, F|25/100\n|-weather|Sandstorm|[from] ability: Sand Stream|[of] p2b: Tyranitar\n|turn|7\n|\n|t:|1776735042\n|move|p2a: Excadrill|Iron Head|p1a: Ninetales\n|-supereffective|p1a: Ninetales|2\n|-damage|p1a: Ninetales|0 fnt\n|faint|p1a: Ninetales\n|move|p1b: Gengar|Shadow Ball|p2a: Excadrill\n|-damage|p2a: Excadrill|0 fnt\n|faint|p2a: Excadrill\n|move|p2b: Tyranitar|Knock Off|p1b: Gengar\n|-supereffective|p1b: Gengar|1\n|-damage|p1b: Gengar|19/100\n|\n|-weather|Sandstorm|[upkeep]\n|-damage|p1b: Gengar|14/100|[from] Sandstorm\n|-heal|p2b: Tyranitar|31/100|[from] item: Leftovers\n|upkeep\n|\n|t:|1776735056\n|switch|p1a: Garchomp|Garchomp, L50, M|72/100 brn\n|switch|p2a: Gengar|Gengar, L50, M|100/100\n|turn|8\n|inactive|god's loving gift has 30 seconds left.\n|inactive|uglyasscookie has 30 seconds left.\n|\n|t:|1776735085\n|detailschange|p2a: Gengar|Gengar-Mega, L50, M\n|-mega|p2a: Gengar|Gengar|Gengarite\n|move|p1b: Gengar|Protect|p1b: Gengar\n|-singleturn|p1b: Gengar|Protect\n|move|p1a: Garchomp|Stomping Tantrum|p2b: Tyranitar\n|-supereffective|p2b: Tyranitar|1\n|-damage|p2b: Tyranitar|0 fnt\n|faint|p2b: Tyranitar\n|move|p2a: Gengar|Shadow Ball|p1b: Gengar\n|-activate|p1b: Gengar|move: Protect\n|\n|-weather|Sandstorm|[upkeep]\n|-damage|p1b: Gengar|8/100|[from] Sandstorm\n|-damage|p2a: Gengar|95/100|[from] Sandstorm\n|-damage|p1a: Garchomp|66/100 brn|[from] brn\n|upkeep\n|turn|9\n|\n|t:|1776735105\n|move|p2a: Gengar|Protect|p2a: Gengar\n|-singleturn|p2a: Gengar|Protect\n|move|p1a: Garchomp|Stomping Tantrum|p2a: Gengar\n|-activate|p2a: Gengar|move: Protect\n|move|p1b: Gengar|Shadow Ball|p2a: Gengar\n|-activate|p2a: Gengar|move: Protect\n|\n|-weather|Sandstorm|[upkeep]\n|-damage|p1b: Gengar|2/100|[from] Sandstorm\n|-damage|p2a: Gengar|89/100|[from] Sandstorm\n|-damage|p1a: Garchomp|60/100 brn|[from] brn\n|upkeep\n|turn|10\n|inactive|uglyasscookie has 30 seconds left.\n|inactive|uglyasscookie has 20 seconds left.\n|\n|t:|1776735145\n|move|p2a: Gengar|Protect||[still]\n|-fail|p2a: Gengar\n|move|p1a: Garchomp|Stomping Tantrum|p2a: Gengar\n|-supereffective|p2a: Gengar|1\n|-damage|p2a: Gengar|28/100\n|move|p1b: Gengar|Shadow Ball|p2a: Gengar\n|-supereffective|p2a: Gengar|1\n|-damage|p2a: Gengar|0 fnt\n|faint|p2a: Gengar\n|\n|win|god's loving gift\n|raw|god&apos;s loving gift's rating: 1173 &rarr; <strong>1204</strong><br />(+31 for winning)\n|raw|uglyasscookie's rating: 1264 &rarr; <strong>1233</strong><br />(-31 for losing)\n",
  "uploadtime": 1776735151,
  "views": 2,
  "formatid": "gen9championsvgc2026regma",
  "rating": 1204,
  "private": 0,
  "password": null
}