{
  "id": "gen9championsvgc2026regma-2586100563",
  "format": "[Gen 9 Champions] VGC 2026 Reg M-A",
  "players": [
    "Tranine",
    "xtblx"
  ],
  "log": "|j|\u2606Tranine\n|j|\u2606xtblx\n|t:|1776399058\n|gametype|doubles\n|player|p1|Tranine|169|1040\n|player|p2|xtblx|sage|1132\n|gen|9\n|tier|[Gen 9 Champions] VGC 2026 Reg M-A\n|rated|\n|rule|Species Clause: Limit one of each Pok\u00e9mon\n|rule|Item Clause: Limit 1 of each item\n|clearpoke\n|poke|p1|Basculegion, L50, M|\n|poke|p1|Kingambit, L50, F|\n|poke|p1|Rotom-Heat, L50|\n|poke|p1|Froslass, L50, F|\n|poke|p1|Sneasler, L50, F|\n|poke|p1|Clefable, L50, F|\n|poke|p2|Delphox, L50, M|\n|poke|p2|Basculegion, L50, M|\n|poke|p2|Sneasler, L50, F|\n|poke|p2|Kingambit, L50, F|\n|poke|p2|Dragonite, L50, F|\n|poke|p2|Clefable, L50, M|\n|teampreview|4\nTranine rejected open team sheets.\n|inactive|Battle timer is ON: inactive players will automatically lose when time's up. (requested by Tranine)\n|\n|t:|1776399126\n|teamsize|p1|4\n|teamsize|p2|4\n|start\n|switch|p1a: Basculegion|Basculegion, L50, M|100/100\n|switch|p1b: Kingambit|Kingambit, L50, F|100/100\n|switch|p2a: Sneasler|Sneasler, L50, F|100/100\n|switch|p2b: Basculegion|Basculegion, L50, M|100/100\n|turn|1\n|inactive|Tranine has 30 seconds left.\n|inactive|xtblx has 30 seconds left.\n|\n|t:|1776399158\n|move|p1b: Kingambit|Protect|p1b: Kingambit\n|-singleturn|p1b: Kingambit|Protect\n|move|p2a: Sneasler|Fake Out|p1b: Kingambit\n|-activate|p1b: Kingambit|move: Protect\n|move|p2b: Basculegion|Flip Turn|p1a: Basculegion\n|-resisted|p1a: Basculegion|1\n|-damage|p1a: Basculegion|78/100\n|\n|t:|1776399166\n|switch|p2b: Kingambit|Kingambit, L50, F|100/100|[from] Flip Turn\n|move|p1a: Basculegion|Wave Crash|p2a: Sneasler\n|-enditem|p2a: Sneasler|Focus Sash\n|-damage|p2a: Sneasler|1/100\n|-damage|p1a: Basculegion|53/100|[from] Recoil\n|\n|upkeep\n|turn|2\n|\n|t:|1776399183\n|move|p2a: Sneasler|Protect|p2a: Sneasler\n|-singleturn|p2a: Sneasler|Protect\n|move|p2b: Kingambit|Sucker Punch|p1a: Basculegion\n|-supereffective|p1a: Basculegion|1\n|-damage|p1a: Basculegion|0 fnt\n|faint|p1a: Basculegion\n|move|p1b: Kingambit|Sucker Punch||[still]\n|-fail|p1b: Kingambit\n|\n|upkeep\n|\n|t:|1776399193\n|switch|p1a: Froslass|Froslass, L50, F|100/100\n|turn|3\n|\n|t:|1776399213\n|switch|p2a: Basculegion|Basculegion, L50, M|100/100\n|detailschange|p1a: Froslass|Froslass-Mega, L50, F\n|-mega|p1a: Froslass|Froslass|Froslassite\n|-weather|Snowscape|[from] ability: Snow Warning|[of] p1a: Froslass\n|move|p1b: Kingambit|Sucker Punch||[still]\n|-fail|p1b: Kingambit\n|move|p1a: Froslass|Blizzard|p2b: Kingambit|[spread] p2a,p2b\n|-resisted|p2a: Basculegion|1\n|-resisted|p2b: Kingambit|1\n|-damage|p2a: Basculegion|75/100\n|-damage|p2b: Kingambit|81/100\n|move|p2b: Kingambit|Swords Dance|p2b: Kingambit\n|-boost|p2b: Kingambit|atk|2\n|\n|-weather|Snowscape|[upkeep]\n|upkeep\n|turn|4\n|inactive|Tranine has 30 seconds left.\n|inactive|xtblx has 30 seconds left.\n|inactive|Tranine has 20 seconds left.\n|inactive|xtblx has 20 seconds left.\n|inactive|Tranine has 15 seconds left.\n|inactive|xtblx has 15 seconds left.\n|inactive|Tranine has 10 seconds left.\n|inactive|Tranine has 5 seconds left.\n|inactive|xtblx has 10 seconds left.\n|\n|t:|1776399268\n|switch|p2a: Sneasler|Sneasler, L50, F|1/100\n|move|p1a: Froslass|Blizzard|p2b: Kingambit|[spread] p2a,p2b\n|-crit|p2a: Sneasler\n|-resisted|p2b: Kingambit|1\n|-damage|p2a: Sneasler|0 fnt\n|-damage|p2b: Kingambit|58/100\n|-status|p2b: Kingambit|frz\n|faint|p2a: Sneasler\n|-curestatus|p2b: Kingambit|frz|[msg]\n|move|p2b: Kingambit|Kowtow Cleave|p1a: Froslass\n|-supereffective|p1a: Froslass|1\n|-damage|p1a: Froslass|0 fnt\n|faint|p1a: Froslass\n|move|p1b: Kingambit|Kowtow Cleave|p2b: Kingambit\n|-resisted|p2b: Kingambit|1\n|-damage|p2b: Kingambit|35/100\n|\n|-weather|Snowscape|[upkeep]\n|upkeep\n|\n|t:|1776399288\n|switch|p1a: Sneasler|Sneasler, L50, F|100/100\n|switch|p2a: Delphox|Delphox, L50, M|100/100\n|turn|5\n|\n|t:|1776399306\n|detailschange|p2a: Delphox|Delphox-Mega, L50, M\n|-mega|p2a: Delphox|Delphox|Delphoxite\n|move|p2a: Delphox|Protect|p2a: Delphox\n|-singleturn|p2a: Delphox|Protect\n|move|p2b: Kingambit|Protect|p2b: Kingambit\n|-singleturn|p2b: Kingambit|Protect\n|move|p1a: Sneasler|Fake Out|p2b: Kingambit\n|-activate|p2b: Kingambit|move: Protect\n|move|p1b: Kingambit|Kowtow Cleave|p2a: Delphox\n|-activate|p2a: Delphox|move: Protect\n|\n|-weather|Snowscape|[upkeep]\n|upkeep\n|turn|6\n|inactive|xtblx has 30 seconds left.\n|inactive|xtblx has 20 seconds left.\n|\n|t:|1776399342\n|move|p1b: Kingambit|Sucker Punch||[still]\n|-fail|p1b: Kingambit\n|move|p2b: Kingambit|Sucker Punch|p1a: Sneasler\n|-resisted|p1a: Sneasler|1\n|-damage|p1a: Sneasler|24/100\n|move|p2a: Delphox|Substitute|p2a: Delphox\n|-start|p2a: Delphox|Substitute\n|-damage|p2a: Delphox|76/100\n|move|p1a: Sneasler|Close Combat|p2b: Kingambit\n|-supereffective|p2b: Kingambit|2\n|-damage|p2b: Kingambit|0 fnt\n|-unboost|p1a: Sneasler|def|1\n|-unboost|p1a: Sneasler|spd|1\n|faint|p2b: Kingambit\n|\n|-weather|Snowscape|[upkeep]\n|upkeep\n|\n|t:|1776399355\n|switch|p2b: Basculegion|Basculegion, L50, M|75/100\n|turn|7\n|\n|t:|1776399364\n|move|p1a: Sneasler|Protect|p1a: Sneasler\n|-singleturn|p1a: Sneasler|Protect\n|move|p2b: Basculegion|Aqua Jet|p1b: Kingambit\n|-damage|p1b: Kingambit|81/100\n|move|p2a: Delphox|Heat Wave|p1b: Kingambit|[spread] p1b\n|-activate|p1a: Sneasler|move: Protect\n|-supereffective|p1b: Kingambit|1\n|-damage|p1b: Kingambit|0 fnt\n|faint|p1b: Kingambit\n|\n|-weather|none\n|upkeep\n|turn|8\n|-message|Tranine forfeited.\n|\n|win|xtblx\n|raw|Tranine's rating: 1040 &rarr; <strong>1028</strong><br />(-12 for losing)\n|raw|xtblx's rating: 1132 &rarr; <strong>1151</strong><br />(+19 for winning)\n|l|\u2606Tranine\n|player|p1|\n",
  "uploadtime": 1776399380,
  "views": 37,
  "formatid": "gen9championsvgc2026regma",
  "rating": 1028,
  "private": 0,
  "password": null
}