{
  "id": "gen9championsvgc2026regma-2587966965",
  "format": "[Gen 9 Champions] VGC 2026 Reg M-A",
  "players": [
    "epicfailtesting",
    "Jamitaro"
  ],
  "log": "|j|\u2606epicfailtesting\n|j|\u2606Jamitaro\n|t:|1776586111\n|gametype|doubles\n|player|p1|epicfailtesting|1|1068\n|player|p2|Jamitaro|pokemonrangerf|1017\n|gen|9\n|tier|[Gen 9 Champions] VGC 2026 Reg M-A\n|rated|\n|rule|Species Clause: Limit one of each Pok\u00e9mon\n|rule|Item Clause: Limit 1 of each item\n|clearpoke\n|poke|p1|Zoroark-Hisui, L50, M, shiny|\n|poke|p1|Kingambit, L50, M, shiny|\n|poke|p1|Volcarona, L50, F, shiny|\n|poke|p1|Farigiraf, L50, F, shiny|\n|poke|p1|Drampa, L50, M, shiny|\n|poke|p1|Hatterene, L50, F, shiny|\n|poke|p2|Meganium, L50, F|\n|poke|p2|Tyranitar, L50, F|\n|poke|p2|Sneasler, L50, F|\n|poke|p2|Incineroar, L50, M|\n|poke|p2|Garchomp, L50, M|\n|poke|p2|Corviknight, L50, M|\n|teampreview|4\n|\n|t:|1776586175\n|teamsize|p1|4\n|teamsize|p2|4\n|start\n|switch|p1a: Farigiraf|Farigiraf, L50, F, shiny|100/100\n|switch|p1b: Kingambit|Kingambit, L50, M, shiny|100/100\n|switch|p2a: Incineroar|Incineroar, L50, M|100/100\n|switch|p2b: Sneasler|Sneasler, L50, F|100/100\n|-ability|p2a: Incineroar|Intimidate|boost\n|-unboost|p1a: Farigiraf|atk|1\n|-unboost|p1b: Kingambit|atk|1\n|turn|1\n|\n|t:|1776586199\n|move|p2b: Sneasler|Close Combat|p1b: Kingambit\n|-immune|p1b: Kingambit\n|move|p1b: Kingambit|Focus Blast|p2a: Incineroar\n|-supereffective|p2a: Incineroar|1\n|-damage|p2a: Incineroar|39/100\n|-enditem|p2a: Incineroar|Sitrus Berry|[eat]\n|-heal|p2a: Incineroar|64/100|[from] item: Sitrus Berry\n|move|p1a: Farigiraf|Psychic|p2b: Sneasler\n|-supereffective|p2b: Sneasler|2\n|-enditem|p2b: Sneasler|Focus Sash\n|-damage|p2b: Sneasler|1/100\n|-unboost|p2b: Sneasler|spd|1\n|move|p2a: Incineroar|Taunt|p1a: Farigiraf\n|-start|p1a: Farigiraf|move: Taunt\n|\n|upkeep\n|turn|2\n|\n|t:|1776586239\n|switch|p1b: Kingambit|Kingambit, L50, M, shiny|100/100\n|move|p2b: Sneasler|Protect|p2b: Sneasler\n|-singleturn|p2b: Sneasler|Protect\n|move|p1a: Farigiraf|Psychic|p2b: Sneasler\n|-activate|p2b: Sneasler|move: Protect\n|move|p2a: Incineroar|Flare Blitz|p1b: Kingambit\n|-supereffective|p1b: Kingambit|1\n|-damage|p1b: Kingambit|30/100\n|-damage|p2a: Incineroar|40/100|[from] Recoil\n|\n|upkeep\n|turn|3\n|\n|t:|1776586259\n|switch|p1a: Farigiraf|Farigiraf, L50, F, shiny|100/100\n|move|p1b: Kingambit|Sucker Punch|p2b: Sneasler\n|-resisted|p2b: Sneasler|1\n|-damage|p2b: Sneasler|0 fnt\n|faint|p2b: Sneasler\n|move|p2a: Incineroar|Flare Blitz|p1b: Kingambit\n|-supereffective|p1b: Kingambit|1\n|-damage|p1b: Kingambit|0 fnt\n|faint|p1b: Kingambit\n|-damage|p2a: Incineroar|30/100|[from] Recoil\n|\n|upkeep\n|\n|t:|1776586271\n|switch|p2b: Corviknight|Corviknight, L50, M|100/100\n|switch|p1b: Farigiraf|Farigiraf, L50, F, shiny|100/100\n|turn|4\n|\n|t:|1776586284\n|move|p1a: Farigiraf|Focus Blast|p2a: Incineroar\n|-supereffective|p2a: Incineroar|1\n|-damage|p2a: Incineroar|0 fnt\n|faint|p2a: Incineroar\n|move|p2b: Corviknight|Iron Defense|p2b: Corviknight\n|-boost|p2b: Corviknight|def|2\n|move|p1b: Farigiraf|Trick Room|p1b: Farigiraf\n|-fieldstart|move: Trick Room|[of] p1b: Farigiraf\n|\n|upkeep\n|\n|t:|1776586291\n|switch|p2a: Meganium|Meganium, L50, F|100/100\n|turn|5\n|\n|t:|1776586304\n|detailschange|p2a: Meganium|Meganium-Mega, L50, F\n|-mega|p2a: Meganium|Meganium|Meganiumite\n|move|p1b: Farigiraf|Helping Hand|p1a: Farigiraf\n|-singleturn|p1a: Farigiraf|Helping Hand|[of] p1b: Farigiraf\n|move|p2a: Meganium|Protect|p2a: Meganium\n|-singleturn|p2a: Meganium|Protect\n|move|p2b: Corviknight|Iron Defense|p2b: Corviknight\n|-boost|p2b: Corviknight|def|2\n|move|p1a: Farigiraf|Focus Blast|p2b: Corviknight\n|-damage|p2b: Corviknight|31/100\n|\n|-heal|p2b: Corviknight|37/100|[from] item: Leftovers\n|upkeep\n|turn|6\n|\n|t:|1776586334\n|move|p1b: Farigiraf|Helping Hand|p1a: Farigiraf\n|-singleturn|p1a: Farigiraf|Helping Hand|[of] p1b: Farigiraf\n|move|p2b: Corviknight|Body Press|p1b: Farigiraf\n|-damage|p1b: Farigiraf|36/100\n|move|p1a: Farigiraf|Hyper Voice|p2b: Corviknight|[spread] p2a,p2b\n|-resisted|p2b: Corviknight|1\n|-damage|p2a: Meganium|47/100\n|-damage|p2b: Corviknight|10/100\n|move|p2a: Meganium|Weather Ball|p1a: Farigiraf\n|-crit|p1a: Farigiraf\n|-enditem|p1a: Farigiraf|Focus Sash\n|-damage|p1a: Farigiraf|1/100\n|replace|p1a: Zoroark|Zoroark-Hisui, L50, M, shiny\n|-end|p1a: Zoroark|Illusion\n|\n|-heal|p2b: Corviknight|16/100|[from] item: Leftovers\n|upkeep\n|turn|7\n|\n|t:|1776586364\n|move|p1b: Farigiraf|Psychic|p2b: Corviknight\n|-resisted|p2b: Corviknight|1\n|-damage|p2b: Corviknight|0 fnt\n|faint|p2b: Corviknight\n|move|p1a: Zoroark|Bitter Malice|p2a: Meganium\n|-damage|p2a: Meganium|0 fnt\n|faint|p2a: Meganium\n|\n|win|epicfailtesting\n|raw|epicfailtesting's rating: 1068 &rarr; <strong>1093</strong><br />(+25 for winning)\n|raw|Jamitaro's rating: 1017 &rarr; <strong>1006</strong><br />(-11 for losing)\n|l|\u2606Jamitaro\n|player|p2|\n",
  "uploadtime": 1776586381,
  "views": 14,
  "formatid": "gen9championsvgc2026regma",
  "rating": 1006,
  "private": 0,
  "password": null
}