{
  "id": "gen9championsvgc2026regma-2587078580",
  "format": "[Gen 9 Champions] VGC 2026 Reg M-A",
  "players": [
    "OberonVor",
    "inosely"
  ],
  "log": "|j|\u2606OberonVor\n|j|\u2606inosely\n|t:|1776490442\n|gametype|doubles\n|player|p1|OberonVor|101|1165\n|player|p2|inosely|102|1198\n|gen|9\n|tier|[Gen 9 Champions] VGC 2026 Reg M-A\n|rated|\n|rule|Species Clause: Limit one of each Pok\u00e9mon\n|rule|Item Clause: Limit 1 of each item\n|clearpoke\n|poke|p1|Maushold-Four, L50|\n|poke|p1|Sableye, L50, M|\n|poke|p1|Oranguru, L50, F|\n|poke|p1|Garchomp, L50, M|\n|poke|p1|Delphox, L50, F|\n|poke|p1|Drampa, L50, F|\n|poke|p2|Pinsir, L50, F, shiny|\n|poke|p2|Archaludon, L50, F|\n|poke|p2|Pelipper, L50, F|\n|poke|p2|Weavile, L50, M|\n|poke|p2|Basculegion, L50, M|\n|poke|p2|Gengar, L50, M|\n|teampreview|4\n|inactive|Battle timer is ON: inactive players will automatically lose when time's up. (requested by OberonVor)\n|inactive|inosely has 60 seconds left.\n|\n|t:|1776490479\n|teamsize|p1|4\n|teamsize|p2|4\n|start\n|switch|p1a: Delphox|Delphox, L50, F|100/100\n|switch|p1b: Sinh vi\u00ean|Sableye, L50, M|100/100\n|switch|p2a: Pelipper|Pelipper, L50, F|100/100\n|switch|p2b: Basculegion|Basculegion, L50, M|100/100\n|-weather|RainDance|[from] ability: Drizzle|[of] p2a: Pelipper\n|turn|1\n|\n|t:|1776490490\n|detailschange|p1a: Delphox|Delphox-Mega, L50, F\n|-mega|p1a: Delphox|Delphox|Delphoxite\n|move|p1a: Delphox|Protect|p1a: Delphox\n|-singleturn|p1a: Delphox|Protect\n|move|p1b: Sinh vi\u00ean|Fake Out|p2a: Pelipper\n|-damage|p2a: Pelipper|95/100\n|move|p2b: Basculegion|Flip Turn|p1a: Delphox\n|-activate|p1a: Delphox|move: Protect\n|cant|p2a: Pelipper|flinch\n|\n|-weather|RainDance|[upkeep]\n|-heal|p2a: Pelipper|100/100|[from] item: Leftovers\n|upkeep\n|turn|2\n|\n|t:|1776490508\n|move|p1b: Sinh vi\u00ean|Disable|p2b: Basculegion\n|-start|p2b: Basculegion|Disable|Flip Turn\n|move|p1a: Delphox|Psychic|p2a: Pelipper\n|-damage|p2a: Pelipper|28/100\n|cant|p2b: Basculegion|Disable|Flip Turn\n|move|p2a: Pelipper|Tailwind|p2a: Pelipper\n|-sidestart|p2: inosely|move: Tailwind\n|\n|-weather|RainDance|[upkeep]\n|-heal|p2a: Pelipper|33/100|[from] item: Leftovers\n|upkeep\n|turn|3\n|\n|t:|1776490526\n|switch|p2b: Archaludon|Archaludon, L50, F|100/100\n|move|p1b: Sinh vi\u00ean|Encore|p2a: Pelipper\n|-start|p2a: Pelipper|Encore\n|move|p1a: Delphox|Psychic|p2b: Archaludon\n|-resisted|p2b: Archaludon|1\n|-damage|p2b: Archaludon|57/100\n|-ability|p2b: Archaludon|Stamina|boost\n|-boost|p2b: Archaludon|def|1\n|move|p2a: Pelipper|Tailwind||[still]\n|-fail|p2a: Pelipper\n|\n|-weather|RainDance|[upkeep]\n|-heal|p2a: Pelipper|39/100|[from] item: Leftovers\n|upkeep\n|turn|4\n|\n|t:|1776490542\n|switch|p2a: Basculegion|Basculegion, L50, M|100/100\n|move|p1b: Sinh vi\u00ean|Gravity|p1b: Sinh vi\u00ean\n|-fieldstart|move: Gravity\n|move|p2b: Archaludon|Electro Shot||[still]\n|-prepare|p2b: Archaludon|Electro Shot\n|-boost|p2b: Archaludon|spa|1\n|-anim|p2b: Archaludon|Electro Shot|p1b: Sinh vi\u00ean\n|-enditem|p1b: Sinh vi\u00ean|Focus Sash\n|-damage|p1b: Sinh vi\u00ean|1/100\n|move|p1a: Delphox|Hypnosis|p2b: Archaludon\n|-status|p2b: Archaludon|slp|[from] move: Hypnosis\n|\n|-weather|RainDance|[upkeep]\n|upkeep\n|turn|5\n|inactive|inosely has 30 seconds left.\n|\n|t:|1776490568\n|switch|p1a: Maushold|Maushold-Four, L50|100/100\n|switch|p1b: Drampa|Drampa, L50, F|100/100\n|-ability|p1b: Drampa|Cloud Nine\n|move|p2a: Basculegion|Wave Crash|p1b: Drampa\n|-resisted|p1b: Drampa|1\n|-damage|p1b: Drampa|68/100\n|-damage|p2a: Basculegion|90/100|[from] Recoil\n|cant|p2b: Archaludon|slp\n|\n|-weather|none\n|-heal|p1b: Drampa|74/100|[from] item: Leftovers\n|-sideend|p2: inosely|move: Tailwind\n|upkeep\n|turn|6\n|\n|t:|1776490591\n|move|p2a: Basculegion|Wave Crash|p1a: Maushold\n|-damage|p1a: Maushold|0 fnt\n|faint|p1a: Maushold\n|-damage|p2a: Basculegion|60/100|[from] Recoil\n|-curestatus|p2b: Archaludon|slp|[msg]\n|move|p2b: Archaludon|Aura Sphere|p1b: Drampa\n|-supereffective|p1b: Drampa|1\n|-damage|p1b: Drampa|0 fnt\n|faint|p1b: Drampa\n|\n|upkeep\n|\n|t:|1776490600\n|switch|p1a: Delphox|Delphox-Mega, L50, F|100/100\n|switch|p1b: Sinh vi\u00ean|Sableye, L50, M|1/100\n|turn|7\n|\n|t:|1776490615\n|move|p1b: Sinh vi\u00ean|Disable|p2a: Basculegion\n|-start|p2a: Basculegion|Disable|Wave Crash\n|move|p1a: Delphox|Hypnosis|p2b: Archaludon\n|-status|p2b: Archaludon|slp|[from] move: Hypnosis\n|cant|p2a: Basculegion|Disable|Wave Crash\n|cant|p2b: Archaludon|slp\n|\n|upkeep\n|turn|8\n|\n|t:|1776490627\n|switch|p2a: Pelipper|Pelipper, L50, F|39/100\n|-weather|RainDance|[from] ability: Drizzle|[of] p2a: Pelipper\n|move|p1b: Sinh vi\u00ean|Encore||[still]\n|-fail|p1b: Sinh vi\u00ean\n|move|p1a: Delphox|Psychic|p2a: Pelipper\n|-damage|p2a: Pelipper|0 fnt\n|faint|p2a: Pelipper\n|-curestatus|p2b: Archaludon|slp|[msg]\n|move|p2b: Archaludon|Electro Shot||[still]\n|-prepare|p2b: Archaludon|Electro Shot\n|-boost|p2b: Archaludon|spa|1\n|-anim|p2b: Archaludon|Electro Shot|p1b: Sinh vi\u00ean\n|-damage|p1b: Sinh vi\u00ean|0 fnt\n|faint|p1b: Sinh vi\u00ean\n|\n|-weather|RainDance|[upkeep]\n|-fieldend|move: Gravity\n|upkeep\n|\n|t:|1776490630\n|switch|p2a: Basculegion|Basculegion, L50, M|60/100\n|turn|9\n|-message|OberonVor forfeited.\n|\n|win|inosely\n|raw|OberonVor's rating: 1165 &rarr; <strong>1142</strong><br />(-23 for losing)\n|raw|inosely's rating: 1198 &rarr; <strong>1221</strong><br />(+23 for winning)\n|l|\u2606OberonVor\n|player|p1|\n",
  "uploadtime": 1776490638,
  "views": 24,
  "formatid": "gen9championsvgc2026regma",
  "rating": 1142,
  "private": 0,
  "password": null
}