{
  "id": "gen9championsvgc2026regma-2587451403",
  "format": "[Gen 9 Champions] VGC 2026 Reg M-A",
  "players": [
    "KHAZIX G1T4N0",
    "Pever3ll"
  ],
  "log": "|j|\u2606KHAZIX G1T4N0\n|j|\u2606Pever3ll\n|t:|1776532934\n|gametype|doubles\n|player|p1|KHAZIX G1T4N0|169|1440\n|player|p2|Pever3ll|miku-flying|1419\n|gen|9\n|tier|[Gen 9 Champions] VGC 2026 Reg M-A\n|rated|\n|rule|Species Clause: Limit one of each Pok\u00e9mon\n|rule|Item Clause: Limit 1 of each item\n|clearpoke\n|poke|p1|Floette-Eternal, L50, F, shiny|\n|poke|p1|Garchomp, L50, F, shiny|\n|poke|p1|Kingambit, L50, M, shiny|\n|poke|p1|Basculegion-F, L50, F, shiny|\n|poke|p1|Sneasler, L50, M, shiny|\n|poke|p1|Froslass, L50, F, shiny|\n|poke|p2|Zoroark-Hisui, L50, M|\n|poke|p2|Whimsicott, L50, F|\n|poke|p2|Chandelure, L50, F|\n|poke|p2|Floette-Eternal, L50, F|\n|poke|p2|Incineroar, L50, F|\n|poke|p2|Kingambit, L50, M|\n|teampreview|4\n|\n|t:|1776532998\n|teamsize|p1|4\n|teamsize|p2|4\n|start\n|switch|p1a: Floette|Floette-Eternal, L50, F, shiny|100/100\n|switch|p1b: Kingambit|Kingambit, L50, M, shiny|100/100\n|switch|p2a: Chandelure|Chandelure, L50, F|100/100\n|switch|p2b: Kingambit|Kingambit, L50, M|100/100\n|turn|1\n|\n|t:|1776533043\n|detailschange|p1a: Floette|Floette-Mega, L50, F, shiny\n|-mega|p1a: Floette|Floette|Floettite\n|-ability|p1a: Floette|Fairy Aura\n|move|p2a: Chandelure|Protect|p2a: Chandelure\n|-singleturn|p2a: Chandelure|Protect\n|move|p1a: Floette|Light of Ruin|p2a: Chandelure\n|-activate|p2a: Chandelure|move: Protect\n|move|p2b: Kingambit|Low Kick|p1b: Kingambit\n|-supereffective|p1b: Kingambit|2\n|-enditem|p1b: Kingambit|Chople Berry|[eat]\n|-enditem|p1b: Kingambit|Chople Berry|[weaken]\n|-damage|p1b: Kingambit|43/100\n|move|p1b: Kingambit|Low Kick|p2b: Kingambit\n|-supereffective|p2b: Kingambit|2\n|-enditem|p2b: Kingambit|Chople Berry|[eat]\n|-enditem|p2b: Kingambit|Chople Berry|[weaken]\n|-damage|p2b: Kingambit|35/100\n|\n|upkeep\n|turn|2\n|inactive|Battle timer is ON: inactive players will automatically lose when time's up. (requested by KHAZIX G1T4N0)\n|\n|t:|1776533103\n|move|p1b: Kingambit|Sucker Punch|p2b: Kingambit\n|-resisted|p2b: Kingambit|1\n|-damage|p2b: Kingambit|17/100\n|move|p2a: Chandelure|Icy Wind|p1b: Kingambit|[spread] p1a,p1b\n|-resisted|p1b: Kingambit|1\n|-damage|p1a: Floette|89/100\n|-damage|p1b: Kingambit|36/100\n|-unboost|p1a: Floette|spe|1\n|-unboost|p1b: Kingambit|spe|1\n|-ability|p1b: Kingambit|Defiant|boost\n|-boost|p1b: Kingambit|atk|2\n|move|p1a: Floette|Light of Ruin|p2a: Chandelure\n|-enditem|p2a: Chandelure|Focus Sash\n|-damage|p2a: Chandelure|1/100\n|replace|p2a: Zoroark|Zoroark-Hisui, L50, M\n|-end|p2a: Zoroark|Illusion\n|-damage|p1a: Floette|49/100|[from] Recoil\n|move|p2b: Kingambit|Low Kick|p1b: Kingambit\n|-supereffective|p1b: Kingambit|2\n|-damage|p1b: Kingambit|0 fnt\n|faint|p1b: Kingambit\n|\n|upkeep\n|\n|t:|1776533120\n|switch|p1b: Basculegion|Basculegion-F, L50, F, shiny|100/100\n|turn|3\n|\n|t:|1776533138\n|move|p2a: Zoroark|Protect|p2a: Zoroark\n|-singleturn|p2a: Zoroark|Protect\n|move|p1b: Basculegion|Aqua Jet|p2a: Zoroark\n|-activate|p2a: Zoroark|move: Protect\n|move|p2b: Kingambit|Sucker Punch||[still]\n|-fail|p2b: Kingambit\n|move|p1a: Floette|Dazzling Gleam|p2a: Zoroark|[spread] p2b\n|-activate|p2a: Zoroark|move: Protect\n|-damage|p2b: Kingambit|0 fnt\n|faint|p2b: Kingambit\n|\n|upkeep\n|\n|t:|1776533150\n|switch|p2b: Whimsicott|Whimsicott, L50, F|100/100\n|turn|4\n|inactive|Pever3ll has 30 seconds left.\n|\n|t:|1776533182\n|move|p2b: Whimsicott|Encore|p1a: Floette\n|-start|p1a: Floette|Encore\n|move|p1b: Basculegion|Aqua Jet|p2a: Zoroark\n|-damage|p2a: Zoroark|0 fnt\n|faint|p2a: Zoroark\n|move|p1a: Floette|Dazzling Gleam|p2b: Whimsicott\n|-damage|p2b: Whimsicott|2/100\n|\n|upkeep\n|\n|t:|1776533186\n|switch|p2a: Chandelure|Chandelure, L50, F|100/100\n|turn|5\n|\n|t:|1776533205\n|detailschange|p2a: Chandelure|Chandelure-Mega, L50, F\n|-mega|p2a: Chandelure|Chandelure|Chandelurite\n|move|p2b: Whimsicott|Tailwind|p2b: Whimsicott\n|-sidestart|p2: Pever3ll|move: Tailwind\n|move|p2a: Chandelure|Shadow Ball|p1b: Basculegion\n|-supereffective|p1b: Basculegion|1\n|-damage|p1b: Basculegion|0 fnt\n|faint|p1b: Basculegion\n|move|p1a: Floette|Dazzling Gleam|p2b: Whimsicott|[spread] p2a,p2b\n|-resisted|p2a: Chandelure|1\n|-damage|p2a: Chandelure|73/100\n|-damage|p2b: Whimsicott|0 fnt\n|faint|p2b: Whimsicott\n|\n|upkeep\n|\n|t:|1776533214\n|switch|p1b: Garchomp|Garchomp, L50, F, shiny|100/100\n|turn|6\n|\n|t:|1776533221\n|move|p2a: Chandelure|Shadow Ball|p1b: Garchomp\n|-damage|p1b: Garchomp|42/100\n|move|p1b: Garchomp|Stomping Tantrum|p2a: Chandelure\n|-supereffective|p2a: Chandelure|1\n|-damage|p2a: Chandelure|0 fnt\n|faint|p2a: Chandelure\n|\n|win|KHAZIX G1T4N0\n|raw|KHAZIX G1T4N0's rating: 1440 &rarr; <strong>1459</strong><br />(+19 for winning)\n|raw|Pever3ll's rating: 1419 &rarr; <strong>1400</strong><br />(-19 for losing)\n|l|\u2606Pever3ll\n|player|p2|\n|l|\u2606KHAZIX G1T4N0\n|player|p1|\n",
  "uploadtime": 1776533237,
  "views": 20,
  "formatid": "gen9championsvgc2026regma",
  "rating": 1400,
  "private": 0,
  "password": null
}