{
  "id": "gen9championsvgc2026regma-2586390705",
  "format": "[Gen 9 Champions] VGC 2026 Reg M-A",
  "players": [
    "ThirstinHowlThe3rd",
    "takethephilpill"
  ],
  "log": "|j|\u2606ThirstinHowlThe3rd\n|j|\u2606takethephilpill\n|t:|1776431238\n|gametype|doubles\n|player|p1|ThirstinHowlThe3rd|rood|1036\n|player|p2|takethephilpill|#ptplviistarmies|1031\n|gen|9\n|tier|[Gen 9 Champions] VGC 2026 Reg M-A\n|rated|\n|rule|Species Clause: Limit one of each Pok\u00e9mon\n|rule|Item Clause: Limit 1 of each item\n|clearpoke\n|poke|p1|Aegislash, L50, M|\n|poke|p1|Cofagrigus, L50, M|\n|poke|p1|Golurk, L50|\n|poke|p1|Gengar, L50, M|\n|poke|p1|Ditto, L50|\n|poke|p1|Mimikyu, L50, F|\n|poke|p2|Sneasler, L50, F|\n|poke|p2|Skarmory, L50, F|\n|poke|p2|Noivern, L50, F|\n|poke|p2|Azumarill, L50, F|\n|poke|p2|Glalie, L50, M|\n|poke|p2|Sinistcha, L50|\n|teampreview|4\n|inactive|Battle timer is ON: inactive players will automatically lose when time's up. (requested by takethephilpill)\n|\n|t:|1776431265\n|teamsize|p1|4\n|teamsize|p2|4\n|start\n|switch|p1a: Aegislash|Aegislash, L50, M|100/100\n|switch|p1b: Mimikyu|Mimikyu, L50, F|100/100\n|switch|p2a: Noivern|Noivern, L50, F|100/100\n|switch|p2b: Glalie|Glalie, L50, M|100/100\n|turn|1\n|inactive|ThirstinHowlThe3rd has 30 seconds left.\n|\n|t:|1776431291\n|switch|p2b: Azumarill|Azumarill, L50, F|100/100\n|move|p1a: Aegislash|King's Shield|p1a: Aegislash\n|-singleturn|p1a: Aegislash|Protect\n|move|p2a: Noivern|Flamethrower|p1b: Mimikyu\n|-activate|p1b: Mimikyu|ability: Disguise\n|-damage|p1b: Mimikyu|100/100\n|detailschange|p1b: Mimikyu|Mimikyu-Busted, L50, F\n|-damage|p1b: Mimikyu|88/100|[from] pokemon: Mimikyu-Busted\n|move|p1b: Mimikyu|Trick Room|p1b: Mimikyu\n|-fieldstart|move: Trick Room|[of] p1b: Mimikyu\n|\n|upkeep\n|turn|2\n|inactive|ThirstinHowlThe3rd has 30 seconds left.\n|inactive|ThirstinHowlThe3rd has 20 seconds left.\n|\n|t:|1776431329\n|switch|p2a: Sinistcha|Sinistcha, L50|100/100\n|-formechange|p1a: Aegislash|Aegislash-Blade|\n|move|p1a: Aegislash|Shadow Ball|p2b: Azumarill\n|-damage|p2b: Azumarill|36/100\n|-enditem|p2b: Azumarill|Sitrus Berry|[eat]\n|-heal|p2b: Azumarill|61/100|[from] item: Sitrus Berry\n|move|p2b: Azumarill|Liquidation|p1b: Mimikyu\n|-damage|p1b: Mimikyu|29/100\n|move|p1b: Mimikyu|Play Rough|p2a: Sinistcha\n|-damage|p2a: Sinistcha|63/100\n|-unboost|p2a: Sinistcha|atk|1\n|\n|-heal|p2a: Sinistcha|69/100|[from] item: Leftovers\n|upkeep\n|turn|3\n|inactive|ThirstinHowlThe3rd has 30 seconds left.\n|\n|t:|1776431361\n|move|p1a: Aegislash|Shadow Ball|p2a: Sinistcha\n|-supereffective|p2a: Sinistcha|1\n|-damage|p2a: Sinistcha|0 fnt\n|faint|p2a: Sinistcha\n|move|p2b: Azumarill|Liquidation|p1a: Aegislash\n|-damage|p1a: Aegislash|0 fnt\n|faint|p1a: Aegislash\n|move|p1b: Mimikyu|Destiny Bond|p1b: Mimikyu\n|-singlemove|p1b: Mimikyu|Destiny Bond\n|\n|upkeep\n|inactive|ThirstinHowlThe3rd has 30 seconds left.\n|inactive|ThirstinHowlThe3rd has 20 seconds left.\n|\n|t:|1776431398\n|switch|p1a: Ditto|Ditto, L50|100/100\n|switch|p2a: Noivern|Noivern, L50, F|100/100\n|-transform|p1a: Ditto|p2b: Azumarill|[from] ability: Imposter\n|turn|4\n|\n|t:|1776431419\n|move|p2b: Azumarill|Aqua Jet|p1b: Mimikyu\n|-damage|p1b: Mimikyu|2/100\n|move|p1a: Ditto|Play Rough|p2a: Noivern|[miss]\n|-miss|p1a: Ditto|p2a: Noivern\n|move|p1b: Mimikyu|Play Rough|p2b: Azumarill\n|-damage|p2b: Azumarill|25/100\n|move|p2a: Noivern|Super Fang|p1a: Ditto\n|-damage|p1a: Ditto|51/100\n|\n|upkeep\n|turn|5\n|inactive|ThirstinHowlThe3rd has 30 seconds left.\n|\n|t:|1776431452\n|move|p2b: Azumarill|Aqua Jet|p1b: Mimikyu\n|-damage|p1b: Mimikyu|0 fnt\n|faint|p1b: Mimikyu\n|move|p1a: Ditto|Play Rough|p2b: Azumarill\n|-damage|p2b: Azumarill|0 fnt\n|faint|p2b: Azumarill\n|move|p2a: Noivern|Tailwind|p2a: Noivern\n|-sidestart|p2: takethephilpill|move: Tailwind\n|\n|-fieldend|move: Trick Room\n|upkeep\n|\n|t:|1776431455\n|switch|p1b: Golurk|Golurk, L50|100/100\n|switch|p2b: Glalie|Glalie, L50, M|100/100\n|turn|6\n|\n|t:|1776431471\n|detailschange|p2b: Glalie|Glalie-Mega, L50, M\n|-mega|p2b: Glalie|Glalie|Glalitite\n|detailschange|p1b: Golurk|Golurk-Mega, L50\n|-mega|p1b: Golurk|Golurk|Golurkite\n|move|p2a: Noivern|Super Fang|p1a: Ditto\n|-damage|p1a: Ditto|26/100\n|move|p2b: Glalie|Explosion|p1a: Ditto|[spread] p1a,p1b\n|-activate|p2a: Noivern|ability: Telepathy\n|-resisted|p1a: Ditto|1\n|-supereffective|p1b: Golurk|1\n|-damage|p1a: Ditto|0 fnt\n|-damage|p1b: Golurk|0 fnt\n|faint|p2b: Glalie\n|faint|p1a: Ditto\n|faint|p1b: Golurk\n|\n|win|takethephilpill\n|raw|ThirstinHowlThe3rd's rating: 1036 &rarr; <strong>1020</strong><br />(-16 for losing)\n|raw|takethephilpill's rating: 1031 &rarr; <strong>1067</strong><br />(+36 for winning)\n|l|\u2606ThirstinHowlThe3rd\n|player|p1|\n",
  "uploadtime": 1776431484,
  "views": 33,
  "formatid": "gen9championsvgc2026regma",
  "rating": 1020,
  "private": 0,
  "password": null
}