{
  "id": "gen9championsvgc2026regma-2588175023",
  "format": "[Gen 9 Champions] VGC 2026 Reg M-A",
  "players": [
    "dresxf",
    "slothgameplay"
  ],
  "log": "|j|\u2606dresxf\n|j|\u2606slothgameplay\n|t:|1776611572\n|gametype|doubles\n|player|p1|dresxf|richboy|1107\n|player|p2|slothgameplay|169|1161\n|gen|9\n|tier|[Gen 9 Champions] VGC 2026 Reg M-A\n|rated|\n|rule|Species Clause: Limit one of each Pok\u00e9mon\n|rule|Item Clause: Limit 1 of each item\n|clearpoke\n|poke|p1|Sneasler, L50, F|\n|poke|p1|Kingambit, L50, M|\n|poke|p1|Clefable, L50, F|\n|poke|p1|Delphox, L50, F|\n|poke|p1|Dragonite, L50, F|\n|poke|p1|Basculegion, L50, M|\n|poke|p2|Gengar, L50, F, shiny|\n|poke|p2|Incineroar, L50, F|\n|poke|p2|Sinistcha-Masterpiece, L50|\n|poke|p2|Garchomp, L50, M|\n|poke|p2|Tyranitar, L50, M|\n|poke|p2|Kommo-o, L50, F|\n|teampreview|4\n|inactive|Battle timer is ON: inactive players will automatically lose when time's up. (requested by dresxf)\n|inactive|slothgameplay has 60 seconds left.\n|inactive|slothgameplay has 30 seconds left.\n|inactive|slothgameplay has 20 seconds left.\n|\n|t:|1776611646\n|teamsize|p1|4\n|teamsize|p2|4\n|start\n|switch|p1a: Kingambit|Kingambit, L50, M|100/100\n|switch|p1b: Basculegion|Basculegion, L50, M|100/100\n|switch|p2a: Garchomp|Garchomp, L50, M|100/100\n|switch|p2b: Tyranitar|Tyranitar, L50, M|100/100\n|-weather|Sandstorm|[from] ability: Sand Stream|[of] p2b: Tyranitar\n|turn|1\n|\n|t:|1776611670\n|detailschange|p2b: Tyranitar|Tyranitar-Mega, L50, M\n|-mega|p2b: Tyranitar|Tyranitar|Tyranitarite\n|move|p2b: Tyranitar|Protect|p2b: Tyranitar\n|-singleturn|p2b: Tyranitar|Protect\n|move|p2a: Garchomp|Earthquake|p1a: Kingambit|[spread] p1a,p1b\n|-activate|p2b: Tyranitar|move: Protect\n|-supereffective|p1a: Kingambit|1\n|-damage|p1a: Kingambit|40/100\n|-damage|p1b: Basculegion|56/100\n|move|p1b: Basculegion|Flip Turn|p2b: Tyranitar\n|-activate|p2b: Tyranitar|move: Protect\n|move|p1a: Kingambit|Kowtow Cleave|p2a: Garchomp\n|-damage|p2a: Garchomp|38/100\n|\n|-weather|Sandstorm|[upkeep]\n|-damage|p1b: Basculegion|50/100|[from] Sandstorm\n|upkeep\n|turn|2\n|inactive|slothgameplay has 30 seconds left.\n|inactive|slothgameplay has 20 seconds left.\n|\n|t:|1776611706\n|switch|p2b: Sinistcha|Sinistcha-Masterpiece, L50|100/100\n|-heal|p2a: Garchomp|63/100|[from] ability: Hospitality|[of] p2b: Sinistcha\n|move|p1a: Kingambit|Sucker Punch|p2a: Garchomp\n|-damage|p2a: Garchomp|13/100\n|move|p2a: Garchomp|Earthquake|p1a: Kingambit|[spread] p2b,p1a,p1b\n|-resisted|p2b: Sinistcha|1\n|-crit|p2b: Sinistcha\n|-supereffective|p1a: Kingambit|1\n|-damage|p2b: Sinistcha|74/100\n|-damage|p1a: Kingambit|0 fnt\n|-damage|p1b: Basculegion|0 fnt\n|faint|p1a: Kingambit\n|faint|p1b: Basculegion\n|\n|-weather|Sandstorm|[upkeep]\n|-damage|p2b: Sinistcha|67/100|[from] Sandstorm\n|upkeep\n|\n|t:|1776611723\n|switch|p1b: Delphox|Delphox, L50, F|100/100\n|switch|p1a: Dragonite|Dragonite, L50, F|100/100\n|turn|3\n|\n|t:|1776611747\n|switch|p2a: Kommo-o|Kommo-o, L50, F|100/100\n|detailschange|p1b: Delphox|Delphox-Mega, L50, F\n|-mega|p1b: Delphox|Delphox|Delphoxite\n|move|p1a: Dragonite|Extreme Speed|p2a: Kommo-o\n|-damage|p2a: Kommo-o|71/100\n|move|p1b: Delphox|Substitute|p1b: Delphox\n|-start|p1b: Delphox|Substitute\n|-damage|p1b: Delphox|76/100\n|move|p2b: Sinistcha|Trick Room|p2b: Sinistcha\n|-fieldstart|move: Trick Room|[of] p2b: Sinistcha\n|\n|-weather|Sandstorm|[upkeep]\n|-damage|p2b: Sinistcha|61/100|[from] Sandstorm\n|-damage|p1a: Dragonite|94/100|[from] Sandstorm\n|-damage|p2a: Kommo-o|65/100|[from] Sandstorm\n|-damage|p1b: Delphox|70/100|[from] Sandstorm\n|-heal|p2a: Kommo-o|71/100|[from] item: Leftovers\n|upkeep\n|turn|4\n|\n|t:|1776611772\n|move|p1a: Dragonite|Protect|p1a: Dragonite\n|-singleturn|p1a: Dragonite|Protect\n|move|p2b: Sinistcha|Life Dew|p2b: Sinistcha|[spread] p2a,p2b\n|-heal|p2a: Kommo-o|96/100\n|-heal|p2b: Sinistcha|86/100\n|move|p2a: Kommo-o|Clanging Scales|p1b: Delphox|[spread] p1b\n|-activate|p1a: Dragonite|move: Protect\n|-damage|p1b: Delphox|37/100\n|-unboost|p2a: Kommo-o|def|1\n|move|p1b: Delphox|Psychic|p2a: Kommo-o\n|-supereffective|p2a: Kommo-o|1\n|-damage|p2a: Kommo-o|0 fnt\n|faint|p2a: Kommo-o\n|\n|-weather|Sandstorm|[upkeep]\n|-damage|p2b: Sinistcha|80/100|[from] Sandstorm\n|-damage|p1a: Dragonite|88/100|[from] Sandstorm\n|-damage|p1b: Delphox|31/100|[from] Sandstorm\n|upkeep\n|\n|t:|1776611790\n|switch|p2a: Tyranitar|Tyranitar-Mega, L50, M|100/100\n|turn|5\n|\n|t:|1776611804\n|move|p1b: Delphox|Protect|p1b: Delphox\n|-singleturn|p1b: Delphox|Protect\n|move|p2b: Sinistcha|Rage Powder|p2b: Sinistcha\n|-singleturn|p2b: Sinistcha|move: Rage Powder\n|move|p2a: Tyranitar|Rock Slide|p1b: Delphox|[spread] p1a\n|-activate|p1b: Delphox|move: Protect\n|-supereffective|p1a: Dragonite|1\n|-damage|p1a: Dragonite|8/100\n|move|p1a: Dragonite|Scale Shot|p2b: Sinistcha\n|-damage|p2b: Sinistcha|68/100\n|-damage|p2b: Sinistcha|56/100\n|-damage|p2b: Sinistcha|42/100\n|-enditem|p2b: Sinistcha|Sitrus Berry|[eat]\n|-heal|p2b: Sinistcha|66/100|[from] item: Sitrus Berry\n|-damage|p2b: Sinistcha|52/100\n|-damage|p2b: Sinistcha|40/100\n|-hitcount|p2b: Sinistcha|5\n|-unboost|p1a: Dragonite|def|1\n|-boost|p1a: Dragonite|spe|1\n|\n|-weather|none\n|upkeep\n|turn|6\n|-message|dresxf forfeited.\n|\n|win|slothgameplay\n|raw|dresxf's rating: 1107 &rarr; <strong>1086</strong><br />(-21 for losing)\n|raw|slothgameplay's rating: 1161 &rarr; <strong>1182</strong><br />(+21 for winning)\n|l|\u2606dresxf\n|player|p1|\n",
  "uploadtime": 1776611820,
  "views": 10,
  "formatid": "gen9championsvgc2026regma",
  "rating": 1086,
  "private": 0,
  "password": null
}