{
  "id": "gen9championsvgc2026regma-2582899361",
  "format": "[Gen 9 Champions] VGC 2026 Reg M-A",
  "players": [
    "Pikachar2",
    "White Edgerson"
  ],
  "log": "|j|\u2606Pikachar2\n|j|\u2606White Edgerson\n|t:|1776123215\n|gametype|doubles\n|player|p1|Pikachar2|hilbert|1129\n|player|p2|White Edgerson|hoopster|1236\n|gen|9\n|tier|[Gen 9 Champions] VGC 2026 Reg M-A\n|rated|\n|rule|Species Clause: Limit one of each Pok\u00e9mon\n|rule|Item Clause: Limit 1 of each item\n|clearpoke\n|poke|p1|Glimmora, L50, M|\n|poke|p1|Tinkaton, L50, F|\n|poke|p1|Pelipper, L50, F|\n|poke|p1|Mamoswine, L50, F|\n|poke|p1|Noivern, L50, F|\n|poke|p1|Incineroar, L50, M|\n|poke|p2|Basculegion-F, L50, F|\n|poke|p2|Glimmora, L50, M|\n|poke|p2|Sneasler, L50, F|\n|poke|p2|Kingambit, L50, M|\n|poke|p2|Incineroar, L50, M|\n|poke|p2|Aerodactyl, L50, M|\n|teampreview|4\n|inactive|Battle timer is ON: inactive players will automatically lose when time's up. (requested by Pikachar2)\n|inactive|White Edgerson has 60 seconds left.\n|\n|t:|1776123246\n|teamsize|p1|4\n|teamsize|p2|4\n|start\n|switch|p1a: Noivern|Noivern, L50, F|100/100\n|switch|p1b: Tinkaton|Tinkaton, L50, F|100/100\n|switch|p2a: basc 4 basc|Basculegion-F, L50, F|100/100\n|switch|p2b: ufcat|Incineroar, L50, M|100/100\n|-ability|p1b: Tinkaton|Mold Breaker\n|-ability|p2b: ufcat|Intimidate|boost\n|-unboost|p1a: Noivern|atk|1\n|-unboost|p1b: Tinkaton|atk|1\n|turn|1\n|\n|t:|1776123260\n|move|p1a: Noivern|Protect|p1a: Noivern\n|-singleturn|p1a: Noivern|Protect\n|move|p1b: Tinkaton|Protect|p1b: Tinkaton\n|-singleturn|p1b: Tinkaton|Protect\n|move|p2b: ufcat|Fake Out|p1a: Noivern\n|-activate|p1a: Noivern|move: Protect\n|move|p2a: basc 4 basc|Hydro Pump|p1b: Tinkaton\n|-activate|p1b: Tinkaton|move: Protect\n|\n|upkeep\n|turn|2\n|\n|t:|1776123276\n|switch|p2a: glimm reaper|Glimmora, L50, M|100/100\n|move|p1a: Noivern|Tailwind|p1a: Noivern\n|-sidestart|p1: Pikachar2|move: Tailwind\n|move|p1b: Tinkaton|Gigaton Hammer|p2b: ufcat\n|-resisted|p2b: ufcat|1\n|-damage|p2b: ufcat|90/100\n|move|p2b: ufcat|Parting Shot|p1a: Noivern\n|-unboost|p1a: Noivern|atk|1\n|-unboost|p1a: Noivern|spa|1\n|inactive|White Edgerson has 30 seconds left.\n|\n|t:|1776123302\n|switch|p2b: snea diddy|Sneasler, L50, F|100/100|[from] Parting Shot\n|\n|upkeep\n|turn|3\n|\n|t:|1776123320\n|detailschange|p2a: glimm reaper|Glimmora-Mega, L50, M\n|-mega|p2a: glimm reaper|Glimmora|Glimmoranite\n|move|p1a: Noivern|Protect|p1a: Noivern\n|-singleturn|p1a: Noivern|Protect\n|move|p2b: snea diddy|Fake Out|p1b: Tinkaton\n|-resisted|p1b: Tinkaton|1\n|-damage|p1b: Tinkaton|94/100\n|-immune|p1b: Tinkaton\n|cant|p1b: Tinkaton|flinch\n|move|p2a: glimm reaper|Power Gem|p1a: Noivern\n|-activate|p1a: Noivern|move: Protect\n|\n|upkeep\n|turn|4\n|\n|t:|1776123345\n|switch|p2b: ufcat|Incineroar, L50, M|90/100\n|-ability|p2b: ufcat|Intimidate|boost\n|-unboost|p1a: Noivern|atk|1\n|-unboost|p1b: Tinkaton|atk|1\n|move|p1b: Tinkaton|Feint|p2b: ufcat\n|-damage|p2b: ufcat|88/100\n|move|p1a: Noivern|Hurricane|p2b: ufcat|[miss]\n|-miss|p1a: Noivern|p2b: ufcat\n|move|p2a: glimm reaper|Power Gem|p1a: Noivern\n|-supereffective|p1a: Noivern|1\n|-enditem|p1a: Noivern|Focus Sash\n|-damage|p1a: Noivern|1/100\n|\n|upkeep\n|turn|5\n|\n|t:|1776123369\n|switch|p1b: Glimmora|Glimmora, L50, M|100/100\n|move|p1a: Noivern|Protect|p1a: Noivern\n|-singleturn|p1a: Noivern|Protect\n|move|p2a: glimm reaper|Power Gem|p1a: Noivern\n|-activate|p1a: Noivern|move: Protect\n|move|p2b: ufcat|Flare Blitz|p1b: Glimmora\n|-resisted|p1b: Glimmora|1\n|-damage|p1b: Glimmora|73/100\n|-activate|p1b: Glimmora|ability: Toxic Debris\n|-sidestart|p2: White Edgerson|move: Toxic Spikes\n|-damage|p2b: ufcat|80/100|[from] Recoil\n|\n|-sideend|p1: Pikachar2|move: Tailwind\n|upkeep\n|turn|6\n|\n|t:|1776123390\n|switch|p2b: snea diddy|Sneasler, L50, F|100/100\n|-sideend|p2: White Edgerson|move: Toxic Spikes|[of] p2b: snea diddy\n|detailschange|p1b: Glimmora|Glimmora-Mega, L50, M\n|-mega|p1b: Glimmora|Glimmora|Glimmoranite\n|move|p1a: Noivern|Tailwind|p1a: Noivern\n|-sidestart|p1: Pikachar2|move: Tailwind\n|move|p1b: Glimmora|Earth Power|p2b: snea diddy\n|-supereffective|p2b: snea diddy|1\n|-damage|p2b: snea diddy|7/100\n|move|p2a: glimm reaper|Power Gem|p1b: Glimmora\n|-damage|p1b: Glimmora|2/100\n|\n|upkeep\n|turn|7\n|inactive|Pikachar2 has 30 seconds left.\n|inactive|White Edgerson has 30 seconds left.\n|inactive|White Edgerson has 20 seconds left.\n|\n|t:|1776123428\n|switch|p1a: Tinkaton|Tinkaton, L50, F|94/100\n|-ability|p1a: Tinkaton|Mold Breaker\n|move|p1b: Glimmora|Spiky Shield|p1b: Glimmora\n|-singleturn|p1b: Glimmora|move: Protect\n|move|p2b: snea diddy|Fake Out|p1b: Glimmora\n|-activate|p1b: Glimmora|move: Protect\n|-damage|p2b: snea diddy|0 fnt|[from] Spiky Shield|[of] p1b: Glimmora\n|faint|p2b: snea diddy\n|move|p2a: glimm reaper|Sludge Wave|p1b: Glimmora|[spread] \n|-activate|p1b: Glimmora|move: Protect\n|-immune|p1a: Tinkaton\n|\n|upkeep\n|\n|t:|1776123435\n|switch|p2b: ufcat|Incineroar, L50, M|80/100\n|-ability|p2b: ufcat|Intimidate|boost\n|-unboost|p1a: Tinkaton|atk|1\n|-unboost|p1b: Glimmora|atk|1\n|turn|8\n|inactive|Pikachar2 has 30 seconds left.\n|\n|t:|1776123463\n|switch|p1b: Mamoswine|Mamoswine, L50, F|100/100\n|move|p1a: Tinkaton|Fake Out|p2a: glimm reaper\n|-resisted|p2a: glimm reaper|1\n|-damage|p2a: glimm reaper|97/100\n|move|p2b: ufcat|Fake Out|p1b: Mamoswine\n|-damage|p1b: Mamoswine|89/100\n|cant|p2a: glimm reaper|flinch\n|\n|upkeep\n|turn|9\n|\n|t:|1776123483\n|switch|p1a: Noivern|Noivern, L50, F|1/100\n|move|p2a: glimm reaper|Protect|p2a: glimm reaper\n|-singleturn|p2a: glimm reaper|Protect\n|move|p1b: Mamoswine|Earthquake|p2a: glimm reaper|[spread] p2b\n|-activate|p2a: glimm reaper|move: Protect\n|-activate|p1a: Noivern|ability: Telepathy\n|-supereffective|p2b: ufcat|1\n|-damage|p2b: ufcat|26/100\n|move|p2b: ufcat|Will-O-Wisp|p1b: Mamoswine|[miss]\n|-miss|p2b: ufcat|p1b: Mamoswine\n|\n|-sideend|p1: Pikachar2|move: Tailwind\n|upkeep\n|turn|10\n|\n|t:|1776123503\n|move|p1a: Noivern|Tailwind|p1a: Noivern\n|-sidestart|p1: Pikachar2|move: Tailwind\n|move|p1b: Mamoswine|Earthquake|p2b: ufcat|[spread] p2a,p2b\n|-activate|p1a: Noivern|ability: Telepathy\n|-supereffective|p2a: glimm reaper|2\n|-supereffective|p2b: ufcat|1\n|-damage|p2a: glimm reaper|0 fnt\n|-damage|p2b: ufcat|0 fnt\n|faint|p2a: glimm reaper\n|faint|p2b: ufcat\n|\n|upkeep\n|-message|White Edgerson forfeited.\n|\n|win|Pikachar2\n|raw|Pikachar2's rating: 1129 &rarr; <strong>1161</strong><br />(+32 for winning)\n|raw|White Edgerson's rating: 1236 &rarr; <strong>1204</strong><br />(-32 for losing)\n|l|\u2606White Edgerson\n|player|p2|\n",
  "uploadtime": 1776123533,
  "views": 13,
  "formatid": "gen9championsvgc2026regma",
  "rating": 1161,
  "private": 0,
  "password": null
}