{
  "id": "gen9championsvgc2026regma-2585687921",
  "format": "[Gen 9 Champions] VGC 2026 Reg M-A",
  "players": [
    "Holibrand",
    "daboikoro_537"
  ],
  "log": "|j|\u2606Holibrand\n|j|\u2606daboikoro_537\n|t:|1776363814\n|gametype|doubles\n|player|p1|Holibrand|pokemonbreeder-gen4|1066\n|player|p2|daboikoro_537|ingo|1000\n|gen|9\n|tier|[Gen 9 Champions] VGC 2026 Reg M-A\n|rated|\n|rule|Species Clause: Limit one of each Pok\u00e9mon\n|rule|Item Clause: Limit 1 of each item\n|clearpoke\n|poke|p1|Rhyperior, L50, F|\n|poke|p1|Ampharos, L50, F|\n|poke|p1|Sinistcha, L50|\n|poke|p1|Farigiraf, L50, F|\n|poke|p1|Weavile, L50, M|\n|poke|p1|Drampa, L50, M|\n|poke|p2|Banette, L50, M|\n|poke|p2|Incineroar, L50, F|\n|poke|p2|Meowscarada, L50, M|\n|poke|p2|Dragonite, L50, M|\n|poke|p2|Palafin, L50, M|\n|poke|p2|Archaludon, L50, M|\n|teampreview|4\n|inactive|Battle timer is ON: inactive players will automatically lose when time's up. (requested by Holibrand)\n|inactive|Holibrand has 60 seconds left.\n|\n|t:|1776363871\n|teamsize|p1|4\n|teamsize|p2|4\n|start\n|switch|p1a: Weavile|Weavile, L50, M|100/100\n|switch|p1b: Farigiraf|Farigiraf, L50, F|100/100\n|switch|p2a: Incineroar|Incineroar, L50, F|100/100\n|switch|p2b: Banette|Banette, L50, M, shiny|100/100\n|-item|p1a: Weavile|White Herb|[from] ability: Frisk|[of] p2b: Banette\n|-item|p1b: Farigiraf|Silk Scarf|[from] ability: Frisk|[of] p2b: Banette\n|-ability|p2a: Incineroar|Intimidate|boost\n|-unboost|p1a: Weavile|atk|1\n|-unboost|p1b: Farigiraf|atk|1\n|-enditem|p1a: Weavile|White Herb\n|-clearnegativeboost|p1a: Weavile|[silent]\n|turn|1\n|l|\u2606Holibrand\n|inactive|Holibrand disconnected and has a minute to reconnect!\n|player|p1|\n|j|\u2606Holibrand\n|inactive|Holibrand reconnected and has 50 seconds left.\n|player|p1|Holibrand|pokemonbreeder-gen4|\n|inactive|Holibrand has 30 seconds left.\n|inactive|daboikoro_537 has 30 seconds left.\n|inactive|daboikoro_537 has 20 seconds left.\n|inactive|Holibrand has 20 seconds left.\n|inactive|daboikoro_537 has 15 seconds left.\n|inactive|daboikoro_537 has 10 seconds left.\n|inactive|daboikoro_537 has 5 seconds left.\n|\n|t:|1776363927\n|detailschange|p2b: Banette|Banette-Mega, L50, M, shiny\n|-mega|p2b: Banette|Banette|Banettite\n|move|p2b: Banette|Rain Dance|p2b: Banette\n|-weather|RainDance\n|move|p1a: Weavile|Knock Off|p2b: Banette\n|-supereffective|p2b: Banette|1\n|-damage|p2b: Banette|20/100\n|move|p2a: Incineroar|Parting Shot|p1a: Weavile\n|-unboost|p1a: Weavile|atk|1\n|-unboost|p1a: Weavile|spa|1\n|\n|t:|1776363936\n|switch|p2a: Palafin|Palafin, L50, M|100/100|[from] Parting Shot\n|move|p1b: Farigiraf|Trick Room|p1b: Farigiraf\n|-fieldstart|move: Trick Room|[of] p1b: Farigiraf\n|\n|-weather|RainDance|[upkeep]\n|upkeep\n|turn|2\n|\n|t:|1776363956\n|move|p2b: Banette|Will-O-Wisp||[still]\n|cant|p1b: Farigiraf|ability: Armor Tail|Will-O-Wisp|[of] p2b: Banette\n|move|p1b: Farigiraf|Calm Mind|p1b: Farigiraf\n|-boost|p1b: Farigiraf|spa|1\n|-boost|p1b: Farigiraf|spd|1\n|move|p2a: Palafin|Drain Punch|p1a: Weavile\n|-supereffective|p1a: Weavile|2\n|-damage|p1a: Weavile|0 fnt\n|faint|p1a: Weavile\n|\n|-weather|RainDance|[upkeep]\n|upkeep\n|\n|t:|1776363979\n|switch|p1a: Rhyperior|Rhyperior, L50, F|100/100\n|turn|3\n|\n|t:|1776363991\n|move|p1a: Rhyperior|Rock Slide|p2b: Banette|[spread] p2a,p2b\n|-crit|p2b: Banette\n|-damage|p2a: Palafin|52/100\n|-damage|p2b: Banette|0 fnt\n|faint|p2b: Banette\n|move|p1b: Farigiraf|Hyper Voice|p2a: Palafin\n|-damage|p2a: Palafin|0 fnt\n|faint|p2a: Palafin\n|\n|-weather|RainDance|[upkeep]\n|upkeep\n|\n|t:|1776364001\n|switch|p2b: Archaludon|Archaludon, L50, M, shiny|100/100\n|switch|p2a: Incineroar|Incineroar, L50, F|100/100\n|-ability|p2a: Incineroar|Intimidate|boost\n|-unboost|p1a: Rhyperior|atk|1\n|-unboost|p1b: Farigiraf|atk|1\n|turn|4\n|\n|t:|1776364024\n|switch|p1b: Drampa|Drampa, L50, M|100/100\n|-ability|p1b: Drampa|Cloud Nine\n|move|p2a: Incineroar|Protect|p2a: Incineroar\n|-singleturn|p2a: Incineroar|Protect\n|move|p1a: Rhyperior|Earthquake|p2b: Archaludon|[spread] p1b,p2b\n|-activate|p2a: Incineroar|move: Protect\n|-supereffective|p2b: Archaludon|1\n|-damage|p1b: Drampa|79/100\n|-damage|p2b: Archaludon|50/100\n|-ability|p2b: Archaludon|Stamina|boost\n|-boost|p2b: Archaludon|def|1\n|-enditem|p2b: Archaludon|Sitrus Berry|[eat]\n|-heal|p2b: Archaludon|74/100|[from] item: Sitrus Berry\n|move|p2b: Archaludon|Electro Shot||[still]\n|-prepare|p2b: Archaludon|Electro Shot\n|-boost|p2b: Archaludon|spa|1\n|\n|-weather|RainDance|[upkeep]\n|upkeep\n|turn|5\n|inactive|Holibrand has 30 seconds left.\n|inactive|daboikoro_537 has 30 seconds left.\n|inactive|daboikoro_537 has 20 seconds left.\n|inactive|daboikoro_537 has 15 seconds left.\n|inactive|daboikoro_537 has 10 seconds left.\n|inactive|daboikoro_537 has 5 seconds left.\n|\n|t:|1776364077\n|detailschange|p1b: Drampa|Drampa-Mega, L50, M\n|-mega|p1b: Drampa|Drampa|Drampanite\n|move|p1b: Drampa|Draco Meteor|p2b: Archaludon|[miss]\n|-miss|p1b: Drampa|p2b: Archaludon\n|move|p1a: Rhyperior|Earthquake|p2b: Archaludon|[spread] p1b,p2a,p2b\n|-supereffective|p2a: Incineroar|1\n|-supereffective|p2b: Archaludon|1\n|-damage|p1b: Drampa|60/100\n|-damage|p2a: Incineroar|38/100\n|-damage|p2b: Archaludon|42/100\n|-ability|p2b: Archaludon|Stamina|boost\n|-boost|p2b: Archaludon|def|1\n|cant|p2a: Incineroar|flinch\n|move|p2b: Archaludon|Electro Shot|p1b: Drampa|[from] lockedmove\n|-resisted|p1b: Drampa|1\n|-damage|p1b: Drampa|34/100\n|-ability|p1b: Drampa|Berserk|boost\n|-boost|p1b: Drampa|spa|1\n|\n|-weather|none\n|-fieldend|move: Trick Room\n|upkeep\n|turn|6\n|inactive|daboikoro_537 has 30 seconds left.\n|-message|daboikoro_537 forfeited.\n|\n|win|Holibrand\n|raw|Holibrand's rating: 1066 &rarr; <strong>1090</strong><br />(+24 for winning)\n|raw|daboikoro_537's rating: 1000 &rarr; <strong>1000</strong><br />(+0 for losing)\n|l|\u2606daboikoro_537\n|player|p2|\n",
  "uploadtime": 1776364112,
  "views": 25,
  "formatid": "gen9championsvgc2026regma",
  "rating": 1000,
  "private": 0,
  "password": null
}