{
  "id": "gen9championsvgc2026regma-2580761683",
  "format": "[Gen 9 Champions] VGC 2026 Reg M-A",
  "players": [
    "WhiteBoySharia",
    "Daniarceus"
  ],
  "log": "|j|\u2606WhiteBoySharia\n|j|\u2606Daniarceus\n|t:|1775930371\n|gametype|doubles\n|player|p1|WhiteBoySharia|kieran|1249\n|player|p2|Daniarceus|102|1376\n|gen|9\n|tier|[Gen 9 Champions] VGC 2026 Reg M-A\n|rated|\n|rule|Species Clause: Limit one of each Pok\u00e9mon\n|rule|Item Clause: Limit 1 of each item\n|clearpoke\n|poke|p1|Floette-Eternal, L50, F|\n|poke|p1|Incineroar, L50, M|\n|poke|p1|Sneasler, L50, F|\n|poke|p1|Aerodactyl, L50, M|\n|poke|p1|Garchomp, L50, F|\n|poke|p1|Basculegion, L50, M|\n|poke|p2|Aerodactyl, L50, M|\n|poke|p2|Incineroar, L50, F|\n|poke|p2|Floette-Eternal, L50, F|\n|poke|p2|Basculegion, L50, M|\n|poke|p2|Garchomp, L50, F|\n|poke|p2|Sneasler, L50, F|\n|teampreview|4\n|inactive|Battle timer is ON: inactive players will automatically lose when time's up. (requested by WhiteBoySharia)\n|c|\u2606WhiteBoySharia|Lol\n|c|\u2606Daniarceus|nice team\n|c|\u2606WhiteBoySharia|Thanks i stole it from twitter\n|c|\u2606Daniarceus|Haha\nDaniarceus rejected open team sheets.\n|c|\u2606Daniarceus|I stole it from a video\n|inactive|WhiteBoySharia has 60 seconds left.\n|inactive|Daniarceus has 60 seconds left.\n|inactive|WhiteBoySharia has 30 seconds left.\n|inactive|WhiteBoySharia has 20 seconds left.\n|\n|t:|1775930446\n|teamsize|p1|4\n|teamsize|p2|4\n|start\n|switch|p1a: Incineroar|Incineroar, L50, M|100/100\n|switch|p1b: Aerodactyl|Aerodactyl, L50, M|100/100\n|switch|p2a: Aerodactyl|Aerodactyl, L50, M|100/100\n|switch|p2b: Basculegion|Basculegion, L50, M|100/100\n|-ability|p2a: Aerodactyl|Unnerve\n|-ability|p1b: Aerodactyl|Unnerve\n|-ability|p1a: Incineroar|Intimidate|boost\n|-unboost|p2a: Aerodactyl|atk|1\n|-unboost|p2b: Basculegion|atk|1\n|turn|1\n|\n|t:|1775930469\n|move|p2a: Aerodactyl|Protect|p2a: Aerodactyl\n|-singleturn|p2a: Aerodactyl|Protect\n|move|p1a: Incineroar|Fake Out|p2a: Aerodactyl\n|-activate|p2a: Aerodactyl|move: Protect\n|move|p2b: Basculegion|Flip Turn|p1b: Aerodactyl\n|-supereffective|p1b: Aerodactyl|1\n|-damage|p1b: Aerodactyl|20/100\n|\n|t:|1775930475\n|switch|p2b: Floette|Floette-Eternal, L50, F|100/100|[from] Flip Turn\n|move|p1b: Aerodactyl|Tailwind|p1b: Aerodactyl\n|-sidestart|p1: WhiteBoySharia|move: Tailwind\n|\n|upkeep\n|turn|2\n|\n|t:|1775930489\n|switch|p2b: Basculegion|Basculegion, L50, M|100/100\n|move|p1b: Aerodactyl|Rock Slide|p2b: Basculegion|[spread] p2a,p2b\n|-supereffective|p2a: Aerodactyl|1\n|-damage|p2a: Aerodactyl|15/100\n|-damage|p2b: Basculegion|71/100\n|cant|p2a: Aerodactyl|flinch\n|move|p1a: Incineroar|Flare Blitz|p2a: Aerodactyl\n|-resisted|p2a: Aerodactyl|1\n|-damage|p2a: Aerodactyl|0 fnt\n|faint|p2a: Aerodactyl\n|-damage|p1a: Incineroar|97/100|[from] Recoil\n|\n|upkeep\n|c|\u2606Daniarceus|noo that flintch\n|\n|t:|1775930513\n|switch|p2a: Floette|Floette-Eternal, L50, F|100/100\n|turn|3\n|\n|t:|1775930533\n|move|p2a: Floette|Protect|p2a: Floette\n|-singleturn|p2a: Floette|Protect\n|move|p1b: Aerodactyl|Rock Slide|p2b: Basculegion|[spread] p2b\n|-activate|p2a: Floette|move: Protect\n|-damage|p2b: Basculegion|40/100\n|move|p2b: Basculegion|Flip Turn|p1b: Aerodactyl\n|-supereffective|p1b: Aerodactyl|1\n|-damage|p1b: Aerodactyl|0 fnt\n|faint|p1b: Aerodactyl\n|\n|t:|1775930540\n|switch|p2b: Sneasler|Sneasler, L50, F|100/100|[from] Flip Turn\n|move|p1a: Incineroar|Parting Shot|p2a: Floette\n|-activate|p2a: Floette|move: Protect\n|\n|upkeep\n|\n|t:|1775930545\n|switch|p1b: Basculegion|Basculegion, L50, M|100/100\n|turn|4\n|inactive|Daniarceus has 30 seconds left.\n|inactive|Daniarceus has 20 seconds left.\n|\n|t:|1775930584\n|detailschange|p2a: Floette|Floette-Mega, L50, F\n|-mega|p2a: Floette|Floette|Floettite\n|-ability|p2a: Floette|Fairy Aura\n|move|p1b: Basculegion|Wave Crash|p2b: Sneasler\n|-damage|p2b: Sneasler|0 fnt\n|faint|p2b: Sneasler\n|-damage|p1b: Basculegion|75/100|[from] Recoil\n|move|p1a: Incineroar|Parting Shot|p2a: Floette\n|-unboost|p2a: Floette|atk|1\n|-unboost|p2a: Floette|spa|1\n|\n|t:|1775930607\n|switch|p1a: Floette|Floette-Eternal, L50, F|100/100|[from] Parting Shot\n|move|p2a: Floette|Light of Ruin|p1b: Basculegion\n|-damage|p1b: Basculegion|0 fnt\n|faint|p1b: Basculegion\n|-damage|p2a: Floette|52/100|[from] Recoil\n|\n|-sideend|p1: WhiteBoySharia|move: Tailwind\n|upkeep\n|\n|t:|1775930612\n|switch|p2b: Basculegion|Basculegion, L50, M|40/100\n|switch|p1b: Incineroar|Incineroar, L50, M|97/100\n|-ability|p1b: Incineroar|Intimidate|boost\n|-unboost|p2a: Floette|atk|1\n|-unboost|p2b: Basculegion|atk|1\n|turn|5\n|inactive|Daniarceus has 30 seconds left.\n|inactive|Daniarceus has 20 seconds left.\n|inactive|Daniarceus has 15 seconds left.\n|inactive|Daniarceus has 10 seconds left.\n|\n|t:|1775930660\n|detailschange|p1a: Floette|Floette-Mega, L50, F\n|-mega|p1a: Floette|Floette|Floettite\n|-ability|p1a: Floette|Fairy Aura\n|move|p1b: Incineroar|Fake Out|p2a: Floette\n|-damage|p2a: Floette|34/100\n|move|p2b: Basculegion|Wave Crash|p1a: Floette\n|-damage|p1a: Floette|28/100\n|-damage|p2b: Basculegion|22/100|[from] Recoil\n|move|p1a: Floette|Dazzling Gleam|p2a: Floette|[spread] p2a,p2b\n|-damage|p2a: Floette|0 fnt\n|-damage|p2b: Basculegion|0 fnt\n|faint|p2a: Floette\n|faint|p2b: Basculegion\n|\n|win|WhiteBoySharia\n|raw|WhiteBoySharia's rating: 1249 &rarr; <strong>1283</strong><br />(+34 for winning)\n|raw|Daniarceus's rating: 1376 &rarr; <strong>1349</strong><br />(-27 for losing)\n|l|\u2606Daniarceus\n|player|p2|\n",
  "uploadtime": 1775930675,
  "views": 40,
  "formatid": "gen9championsvgc2026regma",
  "rating": 1283,
  "private": 0,
  "password": null
}