{
  "id": "gen9championsvgc2026regma-2580418477",
  "format": "[Gen 9 Champions] VGC 2026 Reg M-A",
  "players": [
    "caustic soda",
    "PhantomzTK"
  ],
  "log": "|j|\u2606caustic soda\n|j|\u2606PhantomzTK\n|t:|1775893542\n|gametype|doubles\n|player|p1|caustic soda|1|1074\n|player|p2|PhantomzTK|caitlin|1091\n|gen|9\n|tier|[Gen 9 Champions] VGC 2026 Reg M-A\n|rated|\n|rule|Species Clause: Limit one of each Pok\u00e9mon\n|rule|Item Clause: Limit 1 of each item\n|clearpoke\n|poke|p1|Blastoise, L50, M|\n|poke|p1|Maushold, L50|\n|poke|p1|Sinistcha, L50|\n|poke|p1|Pelipper, L50, F|\n|poke|p1|Archaludon, L50, F|\n|poke|p1|Basculegion, L50, M|\n|poke|p2|Froslass, L50, F|\n|poke|p2|Lycanroc-Dusk, L50, F|\n|poke|p2|Sneasler, L50, F|\n|poke|p2|Vaporeon, L50, F|\n|poke|p2|Sinistcha, L50|\n|poke|p2|Rotom-Frost, L50|\n|teampreview|4\n|\n|t:|1775893590\n|teamsize|p1|4\n|teamsize|p2|4\n|start\n|switch|p1a: Pelipper|Pelipper, L50, F|100/100\n|switch|p1b: Archaludon|Archaludon, L50, F|100/100\n|switch|p2a: Sneasler|Sneasler, L50, F|100/100\n|switch|p2b: Sinistcha|Sinistcha, L50|100/100\n|-weather|RainDance|[from] ability: Drizzle|[of] p1a: Pelipper\n|turn|1\n|\n|t:|1775893613\n|move|p1b: Archaludon|Protect|p1b: Archaludon\n|-singleturn|p1b: Archaludon|Protect\n|move|p1a: Pelipper|Hurricane|p2a: Sneasler\n|-supereffective|p2a: Sneasler|1\n|-damage|p2a: Sneasler|0 fnt\n|faint|p2a: Sneasler\n|move|p2b: Sinistcha|Matcha Gotcha|p1a: Pelipper|[spread] p1a\n|-activate|p1b: Archaludon|move: Protect\n|-damage|p1a: Pelipper|61/100\n|-status|p1a: Pelipper|brn\n|\n|-weather|RainDance|[upkeep]\n|-damage|p1a: Pelipper|55/100 brn|[from] brn\n|upkeep\n|\n|t:|1775893625\n|switch|p2a: Vaporeon|Vaporeon, L50, F|100/100\n|turn|2\n|\n|t:|1775893634\n|move|p2a: Vaporeon|Protect|p2a: Vaporeon\n|-singleturn|p2a: Vaporeon|Protect\n|move|p1a: Pelipper|Hurricane|p2b: Sinistcha\n|-supereffective|p2b: Sinistcha|1\n|-damage|p2b: Sinistcha|5/100\n|-start|p2b: Sinistcha|confusion\n|-enditem|p2b: Sinistcha|Sitrus Berry|[eat]\n|-heal|p2b: Sinistcha|30/100|[from] item: Sitrus Berry\n|move|p1b: Archaludon|Electro Shot||[still]\n|-prepare|p1b: Archaludon|Electro Shot\n|-boost|p1b: Archaludon|spa|1\n|-anim|p1b: Archaludon|Electro Shot|p2b: Sinistcha\n|-resisted|p2b: Sinistcha|1\n|-damage|p2b: Sinistcha|0 fnt\n|faint|p2b: Sinistcha\n|\n|-weather|RainDance|[upkeep]\n|-damage|p1a: Pelipper|49/100 brn|[from] brn\n|upkeep\n|\n|t:|1775893645\n|switch|p2b: Froslass|Froslass, L50, F|100/100\n|turn|3\n|\n|t:|1775893654\n|switch|p1a: Maushold|Maushold, L50|100/100\n|detailschange|p2b: Froslass|Froslass-Mega, L50, F\n|-mega|p2b: Froslass|Froslass|Froslassite\n|-weather|Snowscape|[from] ability: Snow Warning|[of] p2b: Froslass\n|move|p1b: Archaludon|Protect|p1b: Archaludon\n|-singleturn|p1b: Archaludon|Protect\n|move|p2b: Froslass|Blizzard|p1a: Maushold|[spread] p1a\n|-activate|p1b: Archaludon|move: Protect\n|-damage|p1a: Maushold|49/100\n|move|p2a: Vaporeon|Ice Beam|p1b: Archaludon\n|-activate|p1b: Archaludon|move: Protect\n|\n|-weather|Snowscape|[upkeep]\n|upkeep\n|turn|4\n|\n|t:|1775893679\n|move|p1a: Maushold|Follow Me|p1a: Maushold\n|-singleturn|p1a: Maushold|move: Follow Me\n|move|p2b: Froslass|Nasty Plot|p2b: Froslass\n|-boost|p2b: Froslass|spa|2\n|move|p1b: Archaludon|Flash Cannon|p2b: Froslass\n|-supereffective|p2b: Froslass|1\n|-damage|p2b: Froslass|0 fnt\n|faint|p2b: Froslass\n|move|p2a: Vaporeon|Ice Beam|p1a: Maushold\n|-damage|p1a: Maushold|19/100\n|\n|-weather|Snowscape|[upkeep]\n|upkeep\n|turn|5\n|\n|t:|1775893696\n|move|p1a: Maushold|Super Fang|p2a: Vaporeon\n|-damage|p2a: Vaporeon|51/100\n|move|p1b: Archaludon|Draco Meteor|p2a: Vaporeon\n|-damage|p2a: Vaporeon|0 fnt\n|-unboost|p1b: Archaludon|spa|2\n|faint|p2a: Vaporeon\n|\n|win|caustic soda\n|raw|caustic soda's rating: 1074 &rarr; <strong>1104</strong><br />(+30 for winning)\n|raw|PhantomzTK's rating: 1091 &rarr; <strong>1066</strong><br />(-25 for losing)\n",
  "uploadtime": 1775893706,
  "views": 26,
  "formatid": "gen9championsvgc2026regma",
  "rating": 1066,
  "private": 0,
  "password": null
}