{
  "id": "gen9championsvgc2026regma-2582123932",
  "format": "[Gen 9 Champions] VGC 2026 Reg M-A",
  "players": [
    "nextxenp",
    "Tzucci"
  ],
  "log": "|j|\u2606nextxenp\n|j|\u2606Tzucci\n|t:|1776061020\n|gametype|doubles\n|player|p1|nextxenp|skier|1154\n|player|p2|Tzucci|elesa|1091\n|gen|9\n|tier|[Gen 9 Champions] VGC 2026 Reg M-A\n|rated|\n|rule|Species Clause: Limit one of each Pok\u00e9mon\n|rule|Item Clause: Limit 1 of each item\n|clearpoke\n|poke|p1|Gengar, L50, F|\n|poke|p1|Incineroar, L50, F|\n|poke|p1|Sinistcha, L50|\n|poke|p1|Kingambit, L50, F|\n|poke|p1|Tyranitar, L50, M|\n|poke|p1|Kommo-o, L50, F|\n|poke|p2|Tyranitar, L50, F|\n|poke|p2|Excadrill, L50, M|\n|poke|p2|Incineroar, L50, M|\n|poke|p2|Forretress, L50, F|\n|poke|p2|Primarina, L50, F|\n|poke|p2|Whimsicott, L50, M|\n|teampreview|4\nnextxenp has agreed to open team sheets.\n|\n|t:|1776061073\n|teamsize|p1|4\n|teamsize|p2|4\n|start\n|switch|p1a: Kingambit|Kingambit, L50, F|100/100\n|switch|p1b: Sinistcha|Sinistcha, L50|100/100\n|switch|p2a: GOJIRA|Tyranitar, L50, F|100/100\n|switch|p2b: SANDMAN|Excadrill, L50, M|100/100\n|-weather|Sandstorm|[from] ability: Sand Stream|[of] p2a: GOJIRA\n|turn|1\n|\n|t:|1776061105\n|detailschange|p2a: GOJIRA|Tyranitar-Mega, L50, F\n|-mega|p2a: GOJIRA|Tyranitar|Tyranitarite\n|move|p1b: Sinistcha|Rage Powder|p1b: Sinistcha\n|-singleturn|p1b: Sinistcha|move: Rage Powder\n|move|p2b: SANDMAN|Throat Chop|p1b: Sinistcha\n|-supereffective|p1b: Sinistcha|1\n|-damage|p1b: Sinistcha|47/100\n|-start|p1b: Sinistcha|Throat Chop|[silent]\n|-enditem|p1b: Sinistcha|Sitrus Berry|[eat]\n|-heal|p1b: Sinistcha|72/100|[from] item: Sitrus Berry\n|move|p2a: GOJIRA|Brick Break|p1b: Sinistcha\n|-immune|p1b: Sinistcha\n|move|p1a: Kingambit|Low Kick|p2a: GOJIRA\n|-supereffective|p2a: GOJIRA|2\n|-damage|p2a: GOJIRA|0 fnt\n|faint|p2a: GOJIRA\n|\n|-weather|Sandstorm|[upkeep]\n|-damage|p1b: Sinistcha|66/100|[from] Sandstorm\n|upkeep\n|\n|t:|1776061124\n|switch|p2a: Gloc-9|Primarina, L50, F|100/100\n|turn|2\n|\n|t:|1776061146\n|move|p1b: Sinistcha|Rage Powder|p1b: Sinistcha\n|-singleturn|p1b: Sinistcha|move: Rage Powder\n|move|p2b: SANDMAN|High Horsepower|p1b: Sinistcha\n|-resisted|p1b: Sinistcha|1\n|-damage|p1b: Sinistcha|39/100\n|move|p2a: Gloc-9|Hyper Voice|p1b: Sinistcha|[spread] p1a,p1b\n|-resisted|p1b: Sinistcha|1\n|-damage|p1a: Kingambit|63/100\n|-damage|p1b: Sinistcha|23/100\n|move|p1a: Kingambit|Low Kick|p2b: SANDMAN\n|-supereffective|p2b: SANDMAN|1\n|-damage|p2b: SANDMAN|28/100\n|\n|-weather|Sandstorm|[upkeep]\n|-damage|p2a: Gloc-9|95/100|[from] Sandstorm\n|-damage|p1b: Sinistcha|17/100|[from] Sandstorm\n|-end|p1b: Sinistcha|Throat Chop|[silent]\n|upkeep\n|turn|3\n|\n|t:|1776061167\n|switch|p1b: Incineroar|Incineroar, L50, F|100/100\n|-ability|p1b: Incineroar|Intimidate|boost\n|-unboost|p2a: Gloc-9|atk|1\n|-unboost|p2b: SANDMAN|atk|1\n|move|p1a: Kingambit|Protect|p1a: Kingambit\n|-singleturn|p1a: Kingambit|Protect\n|move|p2b: SANDMAN|High Horsepower|p1a: Kingambit\n|-activate|p1a: Kingambit|move: Protect\n|move|p2a: Gloc-9|Hyper Voice|p1a: Kingambit|[spread] p1b\n|-activate|p1a: Kingambit|move: Protect\n|-supereffective|p1b: Incineroar|1\n|-damage|p1b: Incineroar|49/100\n|\n|-weather|Sandstorm|[upkeep]\n|-damage|p2a: Gloc-9|89/100|[from] Sandstorm\n|-damage|p1b: Incineroar|43/100|[from] Sandstorm\n|upkeep\n|turn|4\n|\n|t:|1776061203\n|move|p1b: Incineroar|Fake Out|p2a: Gloc-9\n|-damage|p2a: Gloc-9|74/100\n|move|p2b: SANDMAN|High Horsepower|p1a: Kingambit\n|-supereffective|p1a: Kingambit|1\n|-damage|p1a: Kingambit|8/100\n|cant|p2a: Gloc-9|flinch\n|move|p1a: Kingambit|Low Kick|p2b: SANDMAN\n|-supereffective|p2b: SANDMAN|1\n|-damage|p2b: SANDMAN|0 fnt\n|faint|p2b: SANDMAN\n|\n|-weather|Sandstorm|[upkeep]\n|-damage|p2a: Gloc-9|68/100|[from] Sandstorm\n|-damage|p1b: Incineroar|37/100|[from] Sandstorm\n|upkeep\n|\n|t:|1776061215\n|switch|p2b: Whimsicott|Whimsicott, L50, M, shiny|100/100\n|turn|5\n|\n|t:|1776061233\n|switch|p1b: Sinistcha|Sinistcha, L50|17/100\n|-heal|p1a: Kingambit|32/100|[from] ability: Hospitality|[of] p1b: Sinistcha\n|move|p2b: Whimsicott|Tailwind|p2b: Whimsicott\n|-sidestart|p2: Tzucci|move: Tailwind\n|move|p2a: Gloc-9|Hyper Voice|p1b: Sinistcha|[spread] p1a,p1b\n|-crit|p1a: Kingambit\n|-resisted|p1b: Sinistcha|1\n|-damage|p1a: Kingambit|0 fnt\n|-damage|p1b: Sinistcha|0 fnt\n|faint|p1a: Kingambit\n|faint|p1b: Sinistcha\n|\n|-weather|none\n|upkeep\n|\n|t:|1776061245\n|switch|p1b: Incineroar|Incineroar, L50, F|37/100\n|switch|p1a: Kommo-o|Kommo-o, L50, F|100/100\n|-ability|p1b: Incineroar|Intimidate|boost\n|-unboost|p2a: Gloc-9|atk|1\n|-unboost|p2b: Whimsicott|atk|1\n|turn|6\n|\n|t:|1776061257\n|move|p1b: Incineroar|Fake Out|p2a: Gloc-9\n|-damage|p2a: Gloc-9|53/100\n|move|p2b: Whimsicott|Moonblast|p1a: Kommo-o\n|-supereffective|p1a: Kommo-o|2\n|-damage|p1a: Kommo-o|0 fnt\n|faint|p1a: Kommo-o\n|cant|p2a: Gloc-9|flinch\n|\n|upkeep\n|turn|7\n|\n|t:|1776061274\n|move|p2b: Whimsicott|Helping Hand|p2a: Gloc-9\n|-singleturn|p2a: Gloc-9|Helping Hand|[of] p2b: Whimsicott\n|move|p2a: Gloc-9|Hyper Voice|p1b: Incineroar\n|-supereffective|p1b: Incineroar|1\n|-damage|p1b: Incineroar|0 fnt\n|faint|p1b: Incineroar\n|\n|win|Tzucci\n|raw|nextxenp's rating: 1154 &rarr; <strong>1125</strong><br />(-29 for losing)\n|raw|Tzucci's rating: 1091 &rarr; <strong>1122</strong><br />(+31 for winning)\n",
  "uploadtime": 1776061282,
  "views": 25,
  "formatid": "gen9championsvgc2026regma",
  "rating": 1122,
  "private": 0,
  "password": null
}