{
  "id": "gen9championsvgc2026regma-2582632200",
  "format": "[Gen 9 Champions] VGC 2026 Reg M-A",
  "players": [
    "Fumpko",
    "phsopro"
  ],
  "log": "|j|\u2606Fumpko\n|j|\u2606phsopro\n|t:|1776103836\n|gametype|doubles\n|player|p1|Fumpko|swimmer-gen4|1068\n|player|p2|phsopro|gentleman-gen4|1021\n|gen|9\n|tier|[Gen 9 Champions] VGC 2026 Reg M-A\n|rated|\n|rule|Species Clause: Limit one of each Pok\u00e9mon\n|rule|Item Clause: Limit 1 of each item\n|clearpoke\n|poke|p1|Glimmora, L50, M|\n|poke|p1|Gengar, L50, M|\n|poke|p1|Slowking-Galar, L50, F|\n|poke|p1|Toxapex, L50, M|\n|poke|p1|Victreebel, L50, F|\n|poke|p1|Sneasler, L50, F|\n|poke|p2|Aggron, L50, F|\n|poke|p2|Incineroar, L50, M|\n|poke|p2|Sinistcha, L50|\n|poke|p2|Tyranitar, L50, M|\n|poke|p2|Sneasler, L50, F|\n|poke|p2|Basculegion, L50, M|\n|teampreview|4\n|\n|t:|1776103868\n|teamsize|p1|4\n|teamsize|p2|4\n|start\n|switch|p1a: Furry Fury|Sneasler, L50, F|100/100\n|switch|p1b: Glimmy|Glimmora, L50, M|100/100\n|switch|p2a: Tyranitar|Tyranitar, L50, M|100/100\n|switch|p2b: Aggron|Aggron, L50, F, shiny|100/100\n|-weather|Sandstorm|[from] ability: Sand Stream|[of] p2a: Tyranitar\n|turn|1\n|c|\u2606Fumpko|Glhf\n|c|\u2606phsopro|u2\n|\n|t:|1776103892\n|detailschange|p2b: Aggron|Aggron-Mega, L50, F, shiny\n|-mega|p2b: Aggron|Aggron|Aggronite\n|move|p1a: Furry Fury|Fake Out|p2a: Tyranitar\n|-resisted|p2a: Tyranitar|1\n|-damage|p2a: Tyranitar|95/100\n|-status|p2a: Tyranitar|psn|[from] ability: Poison Touch|[of] p1a: Furry Fury\n|move|p1b: Glimmy|Toxic|p2b: Aggron\n|-status|p2b: Aggron|tox\n|cant|p2a: Tyranitar|flinch\n|move|p2b: Aggron|Iron Defense|p2b: Aggron\n|-boost|p2b: Aggron|def|2\n|\n|-weather|Sandstorm|[upkeep]\n|-damage|p1a: Furry Fury|95/100|[from] Sandstorm\n|-damage|p2a: Tyranitar|83/100 psn|[from] psn\n|-damage|p2b: Aggron|94/100 tox|[from] psn\n|upkeep\n|turn|2\n|\n|t:|1776103928\n|move|p1a: Furry Fury|U-turn|p2a: Tyranitar\n|-supereffective|p2a: Tyranitar|1\n|-damage|p2a: Tyranitar|41/100 psn\n|\n|t:|1776103932\n|switch|p1a: Brian Look Out!|Victreebel, L50, F|100/100|[from] U-turn\n|move|p1b: Glimmy|Reflect|p1b: Glimmy\n|-sidestart|p1: Fumpko|Reflect\n|move|p2a: Tyranitar|Rock Slide|p1a: Brian Look Out!|[spread] p1a,p1b\n|-damage|p1a: Brian Look Out!|79/100\n|-damage|p1b: Glimmy|82/100\n|move|p2b: Aggron|Heavy Slam|p1b: Glimmy\n|-supereffective|p1b: Glimmy|1\n|-damage|p1b: Glimmy|2/100\n|\n|-weather|Sandstorm|[upkeep]\n|-damage|p1a: Brian Look Out!|73/100|[from] Sandstorm\n|-damage|p2a: Tyranitar|29/100 psn|[from] psn\n|-damage|p2b: Aggron|82/100 tox|[from] psn\n|upkeep\n|turn|3\n|\n|t:|1776103963\n|detailschange|p1a: Brian Look Out!|Victreebel-Mega, L50, F\n|-mega|p1a: Brian Look Out!|Victreebel|Victreebelite\n|move|p1b: Glimmy|Light Screen|p1b: Glimmy\n|-sidestart|p1: Fumpko|move: Light Screen\n|move|p2a: Tyranitar|Rock Slide|p1a: Brian Look Out!|[spread] p1a,p1b\n|-damage|p1a: Brian Look Out!|56/100\n|-damage|p1b: Glimmy|0 fnt\n|faint|p1b: Glimmy\n|cant|p1a: Brian Look Out!|flinch\n|move|p2b: Aggron|Heavy Slam|p1a: Brian Look Out!\n|-damage|p1a: Brian Look Out!|30/100\n|\n|-weather|Sandstorm|[upkeep]\n|-damage|p1a: Brian Look Out!|24/100|[from] Sandstorm\n|-damage|p2a: Tyranitar|17/100 psn|[from] psn\n|-damage|p2b: Aggron|64/100 tox|[from] psn\n|upkeep\n|\n|t:|1776103978\n|switch|p1b: Kobe Jack|Toxapex, L50, M, shiny|100/100\n|turn|4\n|\n|t:|1776103985\n|switch|p2b: Incineroar|Incineroar, L50, M|100/100\n|-ability|p2b: Incineroar|Intimidate|boost\n|-unboost|p1a: Brian Look Out!|atk|1\n|-unboost|p1b: Kobe Jack|atk|1\n|move|p2a: Tyranitar|Rock Slide|p1a: Brian Look Out!|[spread] p1a,p1b\n|-damage|p1a: Brian Look Out!|6/100\n|-damage|p1b: Kobe Jack|88/100\n|move|p1a: Brian Look Out!|Rest|p1a: Brian Look Out!\n|-status|p1a: Brian Look Out!|slp|[from] move: Rest\n|-heal|p1a: Brian Look Out!|100/100 slp|[silent]\n|move|p1b: Kobe Jack|Infestation|p2b: Incineroar\n|-damage|p2b: Incineroar|98/100\n|-activate|p2b: Incineroar|move: Infestation|[of] p1b: Kobe Jack\n|\n|-weather|Sandstorm|[upkeep]\n|-damage|p1a: Brian Look Out!|95/100 slp|[from] Sandstorm\n|-damage|p2b: Incineroar|92/100|[from] Sandstorm\n|-damage|p1b: Kobe Jack|82/100|[from] Sandstorm\n|-heal|p2b: Incineroar|98/100|[from] item: Leftovers\n|-heal|p1b: Kobe Jack|88/100|[from] item: Leftovers\n|-damage|p2a: Tyranitar|5/100 psn|[from] psn\n|-damage|p2b: Incineroar|86/100|[from] move: Infestation|[partiallytrapped]\n|upkeep\n|turn|5\n|\n|t:|1776104011\n|move|p1b: Kobe Jack|Protect|p1b: Kobe Jack\n|-singleturn|p1b: Kobe Jack|Protect\n|move|p2a: Tyranitar|Rock Slide|p1a: Brian Look Out!|[spread] p1a\n|-activate|p1b: Kobe Jack|move: Protect\n|-crit|p1a: Brian Look Out!\n|-damage|p1a: Brian Look Out!|56/100 slp\n|cant|p1a: Brian Look Out!|slp\n|move|p1a: Brian Look Out!|Sleep Talk|p1a: Brian Look Out!\n|move|p1a: Brian Look Out!|Rest||[from] move: Sleep Talk|[still]\n|-fail|p1a: Brian Look Out!\n|move|p2b: Incineroar|Parting Shot|p1b: Kobe Jack\n|-activate|p1b: Kobe Jack|move: Protect\n|\n|-weather|none\n|-heal|p2b: Incineroar|92/100|[from] item: Leftovers\n|-heal|p1b: Kobe Jack|93/100|[from] item: Leftovers\n|-damage|p2a: Tyranitar|0 fnt|[from] psn\n|faint|p2a: Tyranitar\n|-damage|p2b: Incineroar|79/100|[from] move: Infestation|[partiallytrapped]\n|upkeep\n|\n|t:|1776104025\n|switch|p2a: Sneasler|Sneasler, L50, F|100/100\n|turn|6\n|\n|t:|1776104055\n|move|p2a: Sneasler|Dire Claw|p1b: Kobe Jack\n|-resisted|p1b: Kobe Jack|1\n|-damage|p1b: Kobe Jack|86/100\n|cant|p1a: Brian Look Out!|slp\n|move|p1a: Brian Look Out!|Sleep Talk|p1a: Brian Look Out!\n|move|p1a: Brian Look Out!|Rest||[from] move: Sleep Talk|[still]\n|-fail|p1a: Brian Look Out!\n|move|p2b: Incineroar|Darkest Lariat|p1b: Kobe Jack\n|-damage|p1b: Kobe Jack|72/100\n|move|p1b: Kobe Jack|Infestation|p2a: Sneasler\n|-resisted|p2a: Sneasler|2\n|-damage|p2a: Sneasler|99/100\n|-activate|p2a: Sneasler|move: Infestation|[of] p1b: Kobe Jack\n|\n|-heal|p2b: Incineroar|85/100|[from] item: Leftovers\n|-heal|p1b: Kobe Jack|78/100|[from] item: Leftovers\n|-damage|p2a: Sneasler|88/100|[from] move: Infestation|[partiallytrapped]\n|-damage|p2b: Incineroar|73/100|[from] move: Infestation|[partiallytrapped]\n|-sideend|p1: Fumpko|Reflect\n|upkeep\n|turn|7\n|\n|t:|1776104079\n|move|p2a: Sneasler|Coaching|p2b: Incineroar\n|-boost|p2b: Incineroar|atk|1\n|-boost|p2b: Incineroar|def|1\n|-curestatus|p1a: Brian Look Out!|slp|[msg]\n|move|p1a: Brian Look Out!|Giga Drain|p2a: Sneasler\n|-resisted|p2a: Sneasler|1\n|-damage|p2a: Sneasler|67/100\n|-heal|p1a: Brian Look Out!|65/100|[from] drain|[of] p2a: Sneasler\n|move|p2b: Incineroar|Darkest Lariat|p1a: Brian Look Out!\n|-damage|p1a: Brian Look Out!|21/100\n|move|p1b: Kobe Jack|Toxic|p2b: Incineroar\n|-status|p2b: Incineroar|tox\n|\n|-heal|p2b: Incineroar|79/100 tox|[from] item: Leftovers\n|-heal|p1b: Kobe Jack|83/100|[from] item: Leftovers\n|-damage|p2b: Incineroar|73/100 tox|[from] psn\n|-damage|p2a: Sneasler|55/100|[from] move: Infestation|[partiallytrapped]\n|-damage|p2b: Incineroar|60/100 tox|[from] move: Infestation|[partiallytrapped]\n|-sideend|p1: Fumpko|move: Light Screen\n|upkeep\n|turn|8\n|\n|t:|1776104103\n|move|p1b: Kobe Jack|Protect|p1b: Kobe Jack\n|-singleturn|p1b: Kobe Jack|Protect\n|move|p2a: Sneasler|Coaching|p2b: Incineroar\n|-boost|p2b: Incineroar|atk|1\n|-boost|p2b: Incineroar|def|1\n|move|p1a: Brian Look Out!|Rest|p1a: Brian Look Out!\n|-status|p1a: Brian Look Out!|slp|[from] move: Rest\n|-heal|p1a: Brian Look Out!|100/100 slp|[silent]\n|move|p2b: Incineroar|Darkest Lariat|p1b: Kobe Jack\n|-activate|p1b: Kobe Jack|move: Protect\n|\n|-heal|p2b: Incineroar|66/100 tox|[from] item: Leftovers\n|-heal|p1b: Kobe Jack|89/100|[from] item: Leftovers\n|-damage|p2b: Incineroar|54/100 tox|[from] psn\n|-damage|p2a: Sneasler|43/100|[from] move: Infestation|[partiallytrapped]\n|-damage|p2b: Incineroar|42/100 tox|[from] move: Infestation|[partiallytrapped]\n|upkeep\n|turn|9\n|\n|t:|1776104124\n|move|p2a: Sneasler|Coaching|p2b: Incineroar\n|-boost|p2b: Incineroar|atk|1\n|-boost|p2b: Incineroar|def|1\n|cant|p1a: Brian Look Out!|slp\n|move|p1a: Brian Look Out!|Sleep Talk|p1a: Brian Look Out!\n|move|p1a: Brian Look Out!|Giga Drain|p2b: Incineroar|[from] move: Sleep Talk\n|-resisted|p2b: Incineroar|1\n|-damage|p2b: Incineroar|29/100 tox\n|move|p2b: Incineroar|Darkest Lariat|p1b: Kobe Jack\n|-damage|p1b: Kobe Jack|39/100\n|move|p1b: Kobe Jack|Recover|p1b: Kobe Jack\n|-heal|p1b: Kobe Jack|90/100\n|\n|-heal|p2b: Incineroar|35/100 tox|[from] item: Leftovers\n|-heal|p1b: Kobe Jack|95/100|[from] item: Leftovers\n|-damage|p2b: Incineroar|17/100 tox|[from] psn\n|-damage|p2a: Sneasler|30/100|[from] move: Infestation|[partiallytrapped]\n|-end|p2b: Incineroar|Infestation|[partiallytrapped]\n|upkeep\n|turn|10\n|\n|t:|1776104154\n|move|p1b: Kobe Jack|Protect|p1b: Kobe Jack\n|-singleturn|p1b: Kobe Jack|Protect\n|move|p2a: Sneasler|Dire Claw|p1a: Brian Look Out!\n|-damage|p1a: Brian Look Out!|62/100 slp\n|cant|p1a: Brian Look Out!|slp\n|move|p2b: Incineroar|Darkest Lariat|p1a: Brian Look Out!\n|-damage|p1a: Brian Look Out!|0 fnt\n|-damage|p2b: Incineroar|0 fnt|[from] ability: Innards Out|[of] p1a: Brian Look Out!\n|faint|p1a: Brian Look Out!\n|faint|p2b: Incineroar\n|\n|-heal|p1b: Kobe Jack|100/100|[from] item: Leftovers\n|-damage|p2a: Sneasler|18/100|[from] move: Infestation|[partiallytrapped]\n|upkeep\n|\n|t:|1776104172\n|switch|p1a: Furry Fury|Sneasler, L50, F|95/100\n|switch|p2b: Aggron|Aggron-Mega, L50, F, shiny|64/100 tox\n|turn|11\n|-message|phsopro forfeited.\n|\n|win|Fumpko\n|raw|Fumpko's rating: 1068 &rarr; <strong>1094</strong><br />(+26 for winning)\n|raw|phsopro's rating: 1021 &rarr; <strong>1010</strong><br />(-11 for losing)\n|l|\u2606phsopro\n|player|p2|\n|c|\u2606Fumpko|Ggez sorry about your luck\n",
  "uploadtime": 1776104193,
  "views": 21,
  "formatid": "gen9championsvgc2026regma",
  "rating": 1010,
  "private": 0,
  "password": null
}