{
  "id": "gen9championsvgc2026regma-2588194942",
  "format": "[Gen 9 Champions] VGC 2026 Reg M-A",
  "players": [
    "PlussolA",
    "Hexinhuang"
  ],
  "log": "|j|\u2606PlussolA\n|j|\u2606Hexinhuang\n|t:|1776613341\n|gametype|doubles\n|player|p1|PlussolA|giovanni|1072\n|player|p2|Hexinhuang|169|1090\n|gen|9\n|tier|[Gen 9 Champions] VGC 2026 Reg M-A\n|rated|\n|rule|Species Clause: Limit one of each Pok\u00e9mon\n|rule|Item Clause: Limit 1 of each item\n|clearpoke\n|poke|p1|Aggron, L50, F|\n|poke|p1|Aerodactyl, L50, M|\n|poke|p1|Garchomp, L50, M|\n|poke|p1|Rotom-Wash, L50|\n|poke|p1|Sinistcha, L50|\n|poke|p1|Incineroar, L50, M|\n|poke|p2|Dragapult, L50, M|\n|poke|p2|Gardevoir, L50, M|\n|poke|p2|Primarina, L50, M|\n|poke|p2|Aurorus, L50, F|\n|poke|p2|Altaria, L50, F|\n|poke|p2|Torkoal, L50, F|\n|teampreview|4\n|inactive|Battle timer is ON: inactive players will automatically lose when time's up. (requested by PlussolA)\n|inactive|Hexinhuang has 60 seconds left.\n|inactive|PlussolA has 60 seconds left.\n|\n|t:|1776613400\n|teamsize|p1|4\n|teamsize|p2|4\n|start\n|switch|p1a: Aerodactyl|Aerodactyl, L50, M|100/100\n|switch|p1b: Aggron|Aggron, L50, F|100/100\n|switch|p2a: Dragapult|Dragapult, L50, M|100/100\n|switch|p2b: Gardevoir|Gardevoir, L50, M|100/100\n|-ability|p1a: Aerodactyl|Unnerve\n|-ability|p2b: Gardevoir|Sturdy|Trace|[from] ability: Trace|[of] p1b: Aggron\n|turn|1\n|\n|t:|1776613419\n|move|p1a: Aerodactyl|Protect|p1a: Aerodactyl\n|-singleturn|p1a: Aerodactyl|Protect\n|move|p1b: Aggron|Protect|p1b: Aggron\n|-singleturn|p1b: Aggron|Protect\n|move|p2a: Dragapult|Will-O-Wisp|p1b: Aggron\n|-activate|p1b: Aggron|move: Protect\n|move|p2b: Gardevoir|Trick Room|p2b: Gardevoir\n|-fieldstart|move: Trick Room|[of] p2b: Gardevoir\n|\n|upkeep\n|turn|2\n|\n|t:|1776613439\n|switch|p1a: Incineroar|Incineroar, L50, M|100/100\n|-ability|p1a: Incineroar|Intimidate|boost\n|-fail|p2a: Dragapult|unboost|[from] ability: Clear Body|[of] p2a: Dragapult\n|-unboost|p2b: Gardevoir|atk|1\n|move|p1b: Aggron|Heavy Slam|p2b: Gardevoir\n|-supereffective|p2b: Gardevoir|1\n|-ability|p2b: Gardevoir|Sturdy\n|-damage|p2b: Gardevoir|1/100\n|move|p2a: Dragapult|Will-O-Wisp|p1b: Aggron\n|-status|p1b: Aggron|brn\n|move|p2b: Gardevoir|Trick Room|p2b: Gardevoir\n|-fieldend|move: Trick Room\n|\n|-damage|p1b: Aggron|94/100 brn|[from] brn\n|upkeep\n|turn|3\n|\n|t:|1776613459\n|switch|p1b: Aerodactyl|Aerodactyl, L50, M|100/100\n|-ability|p1b: Aerodactyl|Unnerve\n|move|p2a: Dragapult|Protect|p2a: Dragapult\n|-singleturn|p2a: Dragapult|Protect\n|move|p2b: Gardevoir|Protect|p2b: Gardevoir\n|-singleturn|p2b: Gardevoir|Protect\n|move|p1a: Incineroar|Fake Out|p2b: Gardevoir\n|-activate|p2b: Gardevoir|move: Protect\n|\n|upkeep\n|turn|4\n|inactive|PlussolA has 30 seconds left.\n|\n|t:|1776613491\n|detailschange|p2b: Gardevoir|Gardevoir-Mega, L50, M\n|-mega|p2b: Gardevoir|Gardevoir|Gardevoirite\n|move|p2a: Dragapult|Round|p1b: Aerodactyl\n|-resisted|p1b: Aerodactyl|1\n|-damage|p1b: Aerodactyl|88/100\n|move|p2b: Gardevoir|Round|p1b: Aerodactyl|[from] move: Round\n|-damage|p1b: Aerodactyl|0 fnt\n|faint|p1b: Aerodactyl\n|move|p1a: Incineroar|Throat Chop|p2a: Dragapult\n|-supereffective|p2a: Dragapult|1\n|-damage|p2a: Dragapult|17/100\n|-start|p2a: Dragapult|Throat Chop|[silent]\n|\n|upkeep\n|\n|t:|1776613505\n|switch|p1b: Garchomp|Garchomp, L50, M|100/100\n|turn|5\n|\n|t:|1776613525\n|switch|p1a: Aggron|Aggron, L50, F|94/100 brn\n|move|p1b: Garchomp|Protect|p1b: Garchomp\n|-singleturn|p1b: Garchomp|Protect\n|move|p2a: Dragapult|Will-O-Wisp|p1b: Garchomp\n|-activate|p1b: Garchomp|move: Protect\n|move|p2b: Gardevoir|Trick Room|p2b: Gardevoir\n|-fieldstart|move: Trick Room|[of] p2b: Gardevoir\n|\n|-damage|p1a: Aggron|88/100 brn|[from] brn\n|-end|p2a: Dragapult|Throat Chop|[silent]\n|upkeep\n|turn|6\n|inactive|PlussolA has 30 seconds left.\n|\n|t:|1776613551\n|move|p1a: Aggron|Heavy Slam|p2b: Gardevoir\n|-supereffective|p2b: Gardevoir|1\n|-damage|p2b: Gardevoir|0 fnt\n|faint|p2b: Gardevoir\n|move|p1b: Garchomp|Dragon Claw|p2a: Dragapult\n|-supereffective|p2a: Dragapult|1\n|-damage|p2a: Dragapult|0 fnt\n|faint|p2a: Dragapult\n|\n|-damage|p1a: Aggron|82/100 brn|[from] brn\n|upkeep\n|\n|t:|1776613558\n|switch|p2b: Aurorus|Aurorus, L50, F|100/100\n|switch|p2a: Primarina|Primarina, L50, M|100/100\n|turn|7\n|\n|t:|1776613571\n|detailschange|p1a: Aggron|Aggron-Mega, L50, F\n|-mega|p1a: Aggron|Aggron|Aggronite\n|move|p1b: Garchomp|Protect|p1b: Garchomp\n|-singleturn|p1b: Garchomp|Protect\n|move|p2b: Aurorus|Freeze-Dry|p1b: Garchomp\n|-activate|p1b: Garchomp|move: Protect\n|move|p1a: Aggron|Body Press|p2b: Aurorus\n|-supereffective|p2b: Aurorus|2\n|-damage|p2b: Aurorus|31/100\n|move|p2a: Primarina|Hyper Voice|p1b: Garchomp|[spread] p1a\n|-activate|p1b: Garchomp|move: Protect\n|-damage|p1a: Aggron|47/100 brn\n|\n|-damage|p1a: Aggron|41/100 brn|[from] brn\n|upkeep\n|turn|8\n|inactive|PlussolA has 30 seconds left.\n|inactive|Hexinhuang has 30 seconds left.\n|\n|t:|1776613606\n|move|p2b: Aurorus|Blizzard|p1b: Garchomp|[spread] p1a\n|-miss|p2b: Aurorus|p1b: Garchomp\n|-resisted|p1a: Aggron|1\n|-damage|p1a: Aggron|17/100 brn\n|move|p1a: Aggron|Body Press|p2b: Aurorus\n|-supereffective|p2b: Aurorus|2\n|-damage|p2b: Aurorus|0 fnt\n|faint|p2b: Aurorus\n|move|p1b: Garchomp|Poison Jab|p2a: Primarina\n|-supereffective|p2a: Primarina|1\n|-damage|p2a: Primarina|30/100\n|move|p2a: Primarina|Hyper Voice|p1a: Aggron|[spread] p1a,p1b\n|-damage|p1a: Aggron|0 fnt\n|-damage|p1b: Garchomp|60/100\n|faint|p1a: Aggron\n|\n|upkeep\n|\n|t:|1776613620\n|switch|p1a: Incineroar|Incineroar, L50, M|100/100\n|-ability|p1a: Incineroar|Intimidate|boost\n|-unboost|p2a: Primarina|atk|1\n|turn|9\n|\n|t:|1776613626\n|move|p1a: Incineroar|Fake Out|p2a: Primarina\n|-crit|p2a: Primarina\n|-damage|p2a: Primarina|10/100\n|move|p1b: Garchomp|Poison Jab|p2a: Primarina\n|-supereffective|p2a: Primarina|1\n|-damage|p2a: Primarina|0 fnt\n|faint|p2a: Primarina\n|\n|win|PlussolA\n|raw|PlussolA's rating: 1072 &rarr; <strong>1103</strong><br />(+31 for winning)\n|raw|Hexinhuang's rating: 1090 &rarr; <strong>1065</strong><br />(-25 for losing)\n|l|\u2606Hexinhuang\n|player|p2|\n",
  "uploadtime": 1776613634,
  "views": 45,
  "formatid": "gen9championsvgc2026regma",
  "rating": 1065,
  "private": 0,
  "password": null
}