{
  "id": "gen9championsvgc2026regma-2584695604",
  "format": "[Gen 9 Champions] VGC 2026 Reg M-A",
  "players": [
    "JCMT",
    "aaidf"
  ],
  "log": "|j|\u2606JCMT\n|j|\u2606aaidf\n|t:|1776277351\n|gametype|doubles\n|player|p1|JCMT|harlequin|1119\n|player|p2|aaidf|170|1078\n|gen|9\n|tier|[Gen 9 Champions] VGC 2026 Reg M-A\n|rated|\n|rule|Species Clause: Limit one of each Pok\u00e9mon\n|rule|Item Clause: Limit 1 of each item\n|clearpoke\n|poke|p1|Glimmora, L50, F|\n|poke|p1|Ditto, L50|\n|poke|p1|Maushold-Four, L50|\n|poke|p1|Aegislash, L50, F|\n|poke|p1|Kangaskhan, L50, F|\n|poke|p1|Sylveon, L50, F|\n|poke|p2|Gengar, L50, F|\n|poke|p2|Incineroar, L50, M|\n|poke|p2|Whimsicott, L50, F|\n|poke|p2|Politoed, L50, F|\n|poke|p2|Sneasler, L50, F|\n|poke|p2|Basculegion, L50, M|\n|teampreview|4\n|inactive|Battle timer is ON: inactive players will automatically lose when time's up. (requested by JCMT)\n|c|\u2606JCMT|glhf\nJCMT has agreed to open team sheets.\naaidf has agreed to open team sheets.\n|showteam|p1|Glimmora||Glimmoranite|ToxicDebris|SludgeBomb,PowerGem,EarthPower,Protect|||F|||50|]Ditto||FocusSash|Imposter|Transform||||||50|]Maushold-Four||KingsRock|FriendGuard|PopulationBomb,Protect,Encore,FollowMe||||||50|]Aegislash||WhiteHerb|StanceChange|KingsShield,ShadowClaw,IronHead,CloseCombat|||F|||50|]Kangaskhan||Kangaskhanite|InnerFocus|FakeOut,Protect,ThunderPunch,DoubleEdge|||F|||50|]Sylveon||FairyFeather|Pixilate|HyperVoice,MysticalFire,QuickAttack,Protect|||F|||50|\n|showteam|p2|Gengar||Gengarite|CursedBody|ShadowBall,PerishSong,Protect,Disable|||F|||50|]Incineroar||SitrusBerry|Intimidate|FakeOut,PartingShot,ThroatChop,FlareBlitz|||M|||50|]Whimsicott||MentalHerb|Prankster|Protect,Tailwind,FakeTears,Encore|||F|||50|]Politoed||Leftovers|Drizzle|WeatherBall,PerishSong,IceBeam,MuddyWater|||F|||50|]Sneasler||FocusSash|Unburden|Protect,CloseCombat,DireClaw,FakeOut|||F|||50|]Basculegion||MysticWater|SwiftSwim|AquaJet,FlipTurn,WaveCrash,LastRespects|||M|||50|\n|inactive|JCMT has 60 seconds left.\n|inactive|aaidf has 60 seconds left.\n|\n|t:|1776277402\n|teamsize|p1|4\n|teamsize|p2|4\n|start\n|switch|p1a: Glimmora|Glimmora, L50, F, shiny|100/100\n|switch|p1b: Kangaskhan|Kangaskhan, L50, F, shiny|100/100\n|switch|p2a: Gengar|Gengar, L50, F, shiny|100/100\n|switch|p2b: Whimsicott|Whimsicott, L50, F, shiny|100/100\n|turn|1\n|inactive|aaidf has 30 seconds left.\n|\n|t:|1776277429\n|switch|p1b: Maushold|Maushold-Four, L50|100/100\n|detailschange|p2a: Gengar|Gengar-Mega, L50, F, shiny\n|-mega|p2a: Gengar|Gengar|Gengarite\n|detailschange|p1a: Glimmora|Glimmora-Mega, L50, F, shiny\n|-mega|p1a: Glimmora|Glimmora|Glimmoranite\n|move|p2b: Whimsicott|Protect|p2b: Whimsicott\n|-singleturn|p2b: Whimsicott|Protect\n|move|p2a: Gengar|Protect|p2a: Gengar\n|-singleturn|p2a: Gengar|Protect\n|move|p1a: Glimmora|Sludge Bomb|p2b: Whimsicott\n|-activate|p2b: Whimsicott|move: Protect\n|\n|upkeep\n|turn|2\n|inactive|aaidf has 30 seconds left.\n|\n|t:|1776277462\n|switch|p2b: Sneasler|Sneasler, L50, F, shiny|100/100\n|move|p2a: Gengar|Perish Song|p2a: Gengar\n|-start|p1a: Glimmora|perish3|[silent]\n|-start|p1b: Maushold|perish3|[silent]\n|-start|p2a: Gengar|perish3|[silent]\n|-start|p2b: Sneasler|perish3|[silent]\n|-fieldactivate|move: Perish Song\n|move|p1b: Maushold|Encore|p2a: Gengar\n|-start|p2a: Gengar|Encore\n|move|p1a: Glimmora|Sludge Bomb|p2b: Sneasler\n|-resisted|p2b: Sneasler|1\n|-damage|p2b: Sneasler|49/100\n|\n|-start|p2a: Gengar|perish3\n|-start|p1b: Maushold|perish3\n|-start|p2b: Sneasler|perish3\n|-start|p1a: Glimmora|perish3\n|upkeep\n|turn|3\n|inactive|JCMT has 30 seconds left.\n|inactive|aaidf has 30 seconds left.\n|inactive|aaidf has 20 seconds left.\n|inactive|JCMT has 20 seconds left.\n|\n|t:|1776277504\n|switch|p2a: Incineroar|Incineroar, L50, M, shiny|100/100\n|-ability|p2a: Incineroar|Intimidate|boost\n|-unboost|p1a: Glimmora|atk|1\n|-unboost|p1b: Maushold|atk|1\n|move|p1b: Maushold|Follow Me|p1b: Maushold\n|-singleturn|p1b: Maushold|move: Follow Me\n|move|p2b: Sneasler|Close Combat|p1b: Maushold\n|-supereffective|p1b: Maushold|1\n|-damage|p1b: Maushold|0 fnt\n|-unboost|p2b: Sneasler|def|1\n|-unboost|p2b: Sneasler|spd|1\n|faint|p1b: Maushold\n|move|p1a: Glimmora|Earth Power|p2a: Incineroar\n|-supereffective|p2a: Incineroar|1\n|-damage|p2a: Incineroar|20/100\n|-enditem|p2a: Incineroar|Sitrus Berry|[eat]\n|-heal|p2a: Incineroar|45/100|[from] item: Sitrus Berry\n|\n|-start|p2b: Sneasler|perish2\n|-start|p1a: Glimmora|perish2\n|upkeep\n|\n|t:|1776277524\n|switch|p1b: Kangaskhan|Kangaskhan, L50, F, shiny|100/100\n|turn|4\n|inactive|aaidf has 30 seconds left.\n|inactive|aaidf has 20 seconds left.\n|\n|t:|1776277564\n|move|p1b: Kangaskhan|Fake Out|p2b: Sneasler\n|-damage|p2b: Sneasler|0 fnt\n|faint|p2b: Sneasler\n|move|p2a: Incineroar|Fake Out|p1a: Glimmora\n|-resisted|p1a: Glimmora|1\n|-damage|p1a: Glimmora|94/100\n|cant|p1a: Glimmora|flinch\n|\n|-start|p1a: Glimmora|perish1\n|upkeep\n|\n|t:|1776277570\n|switch|p2b: Gengar|Gengar-Mega, L50, F, shiny|100/100\n|turn|5\n|\n|t:|1776277584\n|move|p2b: Gengar|Protect|p2b: Gengar\n|-singleturn|p2b: Gengar|Protect\n|move|p1a: Glimmora|Earth Power|p2b: Gengar\n|-activate|p2b: Gengar|move: Protect\n|move|p1b: Kangaskhan|Double-Edge|p2a: Incineroar\n|-damage|p2a: Incineroar|4/100\n|-damage|p1b: Kangaskhan|86/100|[from] Recoil\n|move|p2a: Incineroar|Parting Shot|p1b: Kangaskhan\n|-unboost|p1b: Kangaskhan|atk|1\n|-unboost|p1b: Kangaskhan|spa|1\n|\n|t:|1776277598\n|switch|p2a: Whimsicott|Whimsicott, L50, F, shiny|100/100|[from] Parting Shot\n|\n|-start|p1a: Glimmora|perish0\n|faint|p1a: Glimmora\n|upkeep\n|\n|t:|1776277603\n|switch|p1a: Aegislash|Aegislash, L50, F|100/100\n|turn|6\n|inactive|aaidf has 30 seconds left.\n|\n|t:|1776277631\n|move|p2b: Gengar|Protect||[still]\n|-fail|p2b: Gengar\n|move|p2a: Whimsicott|Encore|p1b: Kangaskhan\n|-start|p1b: Kangaskhan|Encore\n|move|p1b: Kangaskhan|Double-Edge|p2a: Whimsicott\n|-damage|p2a: Whimsicott|66/100\n|-damage|p1b: Kangaskhan|75/100|[from] Recoil\n|-formechange|p1a: Aegislash|Aegislash-Blade|\n|move|p1a: Aegislash|Shadow Claw|p2b: Gengar\n|-supereffective|p2b: Gengar|1\n|-crit|p2b: Gengar\n|-damage|p2b: Gengar|0 fnt\n|faint|p2b: Gengar\n|\n|upkeep\n|\n|t:|1776277646\n|switch|p2b: Incineroar|Incineroar, L50, M, shiny|4/100\n|-ability|p2b: Incineroar|Intimidate|boost\n|-unboost|p1a: Aegislash|atk|1\n|-fail|p1b: Kangaskhan|unboost|Attack|[from] ability: Inner Focus|[of] p1b: Kangaskhan\n|-enditem|p1a: Aegislash|White Herb\n|-clearnegativeboost|p1a: Aegislash|[silent]\n|turn|7\n|\n|t:|1776277666\n|-formechange|p1a: Aegislash|Aegislash|\n|move|p1a: Aegislash|King's Shield|p1a: Aegislash\n|-singleturn|p1a: Aegislash|Protect\n|move|p2a: Whimsicott|Tailwind|p2a: Whimsicott\n|-sidestart|p2: aaidf|move: Tailwind\n|move|p2b: Incineroar|Throat Chop|p1a: Aegislash\n|-activate|p1a: Aegislash|move: Protect\n|-unboost|p2b: Incineroar|atk|1\n|move|p1b: Kangaskhan|Double-Edge|p2b: Incineroar\n|-damage|p2b: Incineroar|0 fnt\n|faint|p2b: Incineroar\n|-damage|p1b: Kangaskhan|74/100|[from] Recoil\n|\n|upkeep\n|turn|8\n|-message|aaidf forfeited.\n|\n|win|JCMT\n|raw|JCMT's rating: 1119 &rarr; <strong>1141</strong><br />(+22 for winning)\n|raw|aaidf's rating: 1078 &rarr; <strong>1059</strong><br />(-19 for losing)\n|l|\u2606aaidf\n|player|p2|\n|c|\u2606JCMT|ggwp\n",
  "uploadtime": 1776277679,
  "views": 20,
  "formatid": "gen9championsvgc2026regma",
  "rating": 1059,
  "private": 0,
  "password": null
}