{
  "id": "gen9championsvgc2026regma-2580391574",
  "format": "[Gen 9 Champions] VGC 2026 Reg M-A",
  "players": [
    "25th_mang",
    "estoc2"
  ],
  "log": "|j|\u260625th_mang\n|j|\u2606estoc2\n|t:|1775889533\n|gametype|doubles\n|player|p1|25th_mang|ballguy|1067\n|player|p2|estoc2|yellow|1112\n|gen|9\n|tier|[Gen 9 Champions] VGC 2026 Reg M-A\n|rated|\n|rule|Species Clause: Limit one of each Pok\u00e9mon\n|rule|Item Clause: Limit 1 of each item\n|clearpoke\n|poke|p1|Crabominable, L50, F|\n|poke|p1|Farigiraf, L50, F|\n|poke|p1|Incineroar, L50, M|\n|poke|p1|Archaludon, L50, M|\n|poke|p1|Pelipper, L50, M|\n|poke|p1|Sinistcha, L50|\n|poke|p2|Kangaskhan, L50, F|\n|poke|p2|Palafin, L50, M|\n|poke|p2|Rotom-Wash, L50|\n|poke|p2|Hydreigon, L50, F|\n|poke|p2|Talonflame, L50, F|\n|poke|p2|Mamoswine, L50, F|\n|teampreview|4\n|inactive|Battle timer is ON: inactive players will automatically lose when time's up. (requested by 25th_mang)\n|inactive|estoc2 has 60 seconds left.\n|\n|t:|1775889573\n|teamsize|p1|4\n|teamsize|p2|4\n|start\n|switch|p1a: Farigiraf|Farigiraf, L50, F|100/100\n|switch|p1b: Roar|Incineroar, L50, M|100/100\n|switch|p2a: Kangaskhan|Kangaskhan, L50, F|100/100\n|switch|p2b: Hydreigon|Hydreigon, L50, F|100/100\n|-ability|p1b: Roar|Intimidate|boost\n|-fail|p2a: Kangaskhan|unboost|Attack|[from] ability: Scrappy|[of] p2a: Kangaskhan\n|-unboost|p2b: Hydreigon|atk|1\n|turn|1\n|inactive|estoc2 has 30 seconds left.\n|\n|t:|1775889600\n|detailschange|p2a: Kangaskhan|Kangaskhan-Mega, L50, F\n|-mega|p2a: Kangaskhan|Kangaskhan|Kangaskhanite\n|move|p1b: Roar|Fake Out|p2b: Hydreigon\n|-damage|p2b: Hydreigon|85/100\n|cant|p2b: Hydreigon|flinch\n|move|p2a: Kangaskhan|Double-Edge|p1a: Farigiraf\n|-damage|p1a: Farigiraf|42/100\n|-damage|p1a: Farigiraf|28/100\n|-hitcount|p1a: Farigiraf|2\n|-damage|p2a: Kangaskhan|75/100|[from] Recoil\n|move|p1a: Farigiraf|Trick Room|p1a: Farigiraf\n|-fieldstart|move: Trick Room|[of] p1a: Farigiraf\n|\n|upkeep\n|turn|2\n|inactive|25th_mang has 30 seconds left.\n|inactive|estoc2 has 30 seconds left.\n|\n|t:|1775889629\n|switch|p1b: Sinistcha|Sinistcha, L50|100/100\n|-heal|p1a: Farigiraf|53/100|[from] ability: Hospitality|[of] p1b: Sinistcha\n|switch|p2a: Talonflame|Talonflame, L50, F|100/100\n|move|p1a: Farigiraf|Hyper Voice|p2a: Talonflame|[spread] p2a,p2b\n|-damage|p2a: Talonflame|59/100\n|-damage|p2b: Hydreigon|55/100\n|move|p2b: Hydreigon|Dark Pulse|p1a: Farigiraf\n|-supereffective|p1a: Farigiraf|1\n|-damage|p1a: Farigiraf|0 fnt\n|faint|p1a: Farigiraf\n|\n|upkeep\n|\n|t:|1775889642\n|switch|p1a: Crabominable|Crabominable, L50, F|100/100\n|turn|3\n|inactive|25th_mang has 30 seconds left.\n|\n|t:|1775889669\n|switch|p1b: Roar|Incineroar, L50, M|100/100\n|-ability|p1b: Roar|Intimidate|boost\n|-unboost|p2a: Talonflame|atk|1\n|-unboost|p2b: Hydreigon|atk|1\n|detailschange|p1a: Crabominable|Crabominable-Mega, L50, F\n|-mega|p1a: Crabominable|Crabominable|Crabominite\n|move|p1a: Crabominable|Thunder Punch|p2a: Talonflame\n|-supereffective|p2a: Talonflame|1\n|-damage|p2a: Talonflame|0 fnt\n|faint|p2a: Talonflame\n|move|p2b: Hydreigon|Dark Pulse|p1b: Roar\n|-resisted|p1b: Roar|1\n|-damage|p1b: Roar|81/100\n|\n|upkeep\n|\n|t:|1775889685\n|switch|p2a: Kangaskhan|Kangaskhan-Mega, L50, F|75/100\n|turn|4\n|\n|t:|1775889700\n|switch|p2b: Mamoswine|Mamoswine, L50, F|100/100\n|move|p1b: Roar|Fake Out|p2a: Kangaskhan\n|-damage|p2a: Kangaskhan|64/100\n|cant|p2a: Kangaskhan|flinch\n|move|p1a: Crabominable|Drain Punch|p2a: Kangaskhan\n|-supereffective|p2a: Kangaskhan|1\n|-damage|p2a: Kangaskhan|0 fnt\n|faint|p2a: Kangaskhan\n|\n|upkeep\n|\n|t:|1775889710\n|switch|p2a: Hydreigon|Hydreigon, L50, F|55/100\n|turn|5\n|inactive|estoc2 has 30 seconds left.\n|\n|t:|1775889743\n|move|p1a: Crabominable|Drain Punch|p2b: Mamoswine\n|-supereffective|p2b: Mamoswine|1\n|-enditem|p2b: Mamoswine|Focus Sash\n|-damage|p2b: Mamoswine|1/100\n|move|p1b: Roar|Flare Blitz|p2b: Mamoswine\n|-supereffective|p2b: Mamoswine|1\n|-damage|p2b: Mamoswine|0 fnt\n|faint|p2b: Mamoswine\n|-damage|p1b: Roar|81/100|[from] Recoil\n|move|p2a: Hydreigon|Draco Meteor|p1a: Crabominable|[miss]\n|-miss|p2a: Hydreigon|p1a: Crabominable\n|\n|-fieldend|move: Trick Room\n|upkeep\n|turn|6\n|-message|estoc2 forfeited.\n|\n|win|25th_mang\n|raw|25th_mang's rating: 1067 &rarr; <strong>1101</strong><br />(+34 for winning)\n|raw|estoc2's rating: 1112 &rarr; <strong>1084</strong><br />(-28 for losing)\n|l|\u2606estoc2\n|player|p2|\n",
  "uploadtime": 1775889770,
  "views": 23,
  "formatid": "gen9championsvgc2026regma",
  "rating": 1084,
  "private": 0,
  "password": null
}