{
  "id": "gen9championsvgc2026regma-2587829499",
  "format": "[Gen 9 Champions] VGC 2026 Reg M-A",
  "players": [
    "te11a",
    "uqgqb"
  ],
  "log": "|j|\u2606te11a\n|j|\u2606uqgqb\n|t:|1776568297\n|gametype|doubles\n|player|p1|te11a|170|1062\n|player|p2|uqgqb|roughneck|1000\n|gen|9\n|tier|[Gen 9 Champions] VGC 2026 Reg M-A\n|rated|\n|rule|Species Clause: Limit one of each Pok\u00e9mon\n|rule|Item Clause: Limit 1 of each item\n|clearpoke\n|poke|p1|Tyranitar, L50, F, shiny|\n|poke|p1|Excadrill, L50, M, shiny|\n|poke|p1|Aerodactyl, L50, M, shiny|\n|poke|p1|Primarina, L50, M, shiny|\n|poke|p1|Incineroar, L50, F, shiny|\n|poke|p1|Sinistcha-Masterpiece, L50|\n|poke|p2|Froslass, L50, F|\n|poke|p2|Sneasler, L50, F|\n|poke|p2|Rotom-Frost, L50|\n|poke|p2|Mamoswine, L50, F|\n|poke|p2|Incineroar, L50, F, shiny|\n|poke|p2|Glaceon, L50, M, shiny|\n|teampreview|4\n|\n|t:|1776568323\n|teamsize|p1|4\n|teamsize|p2|4\n|start\n|switch|p1a: Tyranitar|Tyranitar, L50, F, shiny|100/100\n|switch|p1b: Sinistcha|Sinistcha-Masterpiece, L50|100/100\n|switch|p2a: Sneasler|Sneasler, L50, F|100/100\n|switch|p2b: Mamoswine|Mamoswine, L50, F|100/100\n|-weather|Sandstorm|[from] ability: Sand Stream|[of] p1a: Tyranitar\n|turn|1\n|\n|t:|1776568343\n|move|p1a: Tyranitar|Protect|p1a: Tyranitar\n|-singleturn|p1a: Tyranitar|Protect\n|move|p2a: Sneasler|Fake Out|p1a: Tyranitar\n|-activate|p1a: Tyranitar|move: Protect\n|move|p2b: Mamoswine|Ice Shard|p1b: Sinistcha\n|-supereffective|p1b: Sinistcha|1\n|-damage|p1b: Sinistcha|66/100\n|move|p1b: Sinistcha|Trick Room|p1b: Sinistcha\n|-fieldstart|move: Trick Room|[of] p1b: Sinistcha\n|\n|-weather|Sandstorm|[upkeep]\n|-damage|p1b: Sinistcha|60/100|[from] Sandstorm\n|-damage|p2a: Sneasler|94/100|[from] Sandstorm\n|upkeep\n|turn|2\n|\n|t:|1776568375\n|switch|p1b: Incineroar|Incineroar, L50, F, shiny|100/100\n|-ability|p1b: Incineroar|Intimidate|boost\n|-unboost|p2a: Sneasler|atk|1\n|-unboost|p2b: Mamoswine|atk|1\n|move|p2b: Mamoswine|Knock Off|p1b: Incineroar\n|-resisted|p1b: Incineroar|1\n|-damage|p1b: Incineroar|87/100\n|-enditem|p1b: Incineroar|Lum Berry|[from] move: Knock Off|[of] p2b: Mamoswine\n|move|p1a: Tyranitar|Low Kick|p2b: Mamoswine\n|-supereffective|p2b: Mamoswine|1\n|-damage|p2b: Mamoswine|18/100\n|move|p2a: Sneasler|Dire Claw|p1a: Tyranitar\n|-resisted|p1a: Tyranitar|1\n|-damage|p1a: Tyranitar|90/100\n|-status|p1a: Tyranitar|psn|[from] ability: Poison Touch|[of] p2a: Sneasler\n|\n|-weather|Sandstorm|[upkeep]\n|-damage|p1b: Incineroar|81/100|[from] Sandstorm\n|-damage|p2a: Sneasler|88/100|[from] Sandstorm\n|-damage|p1a: Tyranitar|78/100 psn|[from] psn\n|upkeep\n|turn|3\n|\n|t:|1776568400\n|move|p1b: Incineroar|Fake Out|p2a: Sneasler\n|-damage|p2a: Sneasler|68/100\n|move|p2b: Mamoswine|High Horsepower|p1a: Tyranitar\n|-supereffective|p1a: Tyranitar|1\n|-damage|p1a: Tyranitar|18/100 psn\n|move|p1a: Tyranitar|Low Kick|p2b: Mamoswine\n|-supereffective|p2b: Mamoswine|1\n|-damage|p2b: Mamoswine|0 fnt\n|faint|p2b: Mamoswine\n|cant|p2a: Sneasler|flinch\n|\n|-weather|Sandstorm|[upkeep]\n|-damage|p1b: Incineroar|75/100|[from] Sandstorm\n|-damage|p2a: Sneasler|62/100|[from] Sandstorm\n|-damage|p1a: Tyranitar|6/100 psn|[from] psn\n|upkeep\n|\n|t:|1776568416\n|switch|p2b: Froslass|Froslass, L50, F|100/100\n|turn|4\n|\n|t:|1776568449\n|switch|p1a: Primarina|Primarina, L50, M, shiny|100/100\n|detailschange|p2b: Froslass|Froslass-Mega, L50, F\n|-mega|p2b: Froslass|Froslass|Froslassite\n|-weather|Snowscape|[from] ability: Snow Warning|[of] p2b: Froslass\n|move|p2b: Froslass|Protect|p2b: Froslass\n|-singleturn|p2b: Froslass|Protect\n|move|p1b: Incineroar|Flare Blitz|p2b: Froslass\n|-activate|p2b: Froslass|move: Protect\n|move|p2a: Sneasler|Rock Slide|p1a: Primarina|[spread] p1a,p1b\n|-supereffective|p1b: Incineroar|1\n|-damage|p1a: Primarina|83/100\n|-damage|p1b: Incineroar|45/100\n|\n|-weather|Snowscape|[upkeep]\n|upkeep\n|turn|5\n|\n|t:|1776568494\n|move|p1a: Primarina|Hyper Voice|p2b: Froslass|[spread] p2a,p2b\n|-damage|p2a: Sneasler|20/100\n|-damage|p2b: Froslass|66/100\n|-enditem|p2a: Sneasler|Sitrus Berry|[eat]\n|-heal|p2a: Sneasler|45/100|[from] item: Sitrus Berry\n|move|p1b: Incineroar|Flare Blitz|p2b: Froslass\n|-supereffective|p2b: Froslass|1\n|-damage|p2b: Froslass|0 fnt\n|faint|p2b: Froslass\n|-damage|p1b: Incineroar|26/100|[from] Recoil\n|move|p2a: Sneasler|Rock Slide|p1b: Incineroar|[spread] p1a,p1b\n|-supereffective|p1b: Incineroar|1\n|-damage|p1a: Primarina|66/100\n|-damage|p1b: Incineroar|0 fnt\n|faint|p1b: Incineroar\n|\n|-weather|Snowscape|[upkeep]\n|-fieldend|move: Trick Room\n|upkeep\n|\n|t:|1776568512\n|switch|p2b: Glaceon|Glaceon, L50, M, shiny|100/100\n|switch|p1b: Sinistcha|Sinistcha-Masterpiece, L50|60/100\n|-heal|p1a: Primarina|91/100|[from] ability: Hospitality|[of] p1b: Sinistcha\n|turn|6\n|\n|t:|1776568528\n|move|p1b: Sinistcha|Rage Powder|p1b: Sinistcha\n|-singleturn|p1b: Sinistcha|move: Rage Powder\n|move|p2a: Sneasler|Dire Claw|p1b: Sinistcha\n|-damage|p1b: Sinistcha|40/100\n|-enditem|p1b: Sinistcha|Sitrus Berry|[eat]\n|-heal|p1b: Sinistcha|65/100|[from] item: Sitrus Berry\n|move|p2b: Glaceon|Blizzard|p1a: Primarina|[spread] p1a,p1b\n|-resisted|p1a: Primarina|1\n|-supereffective|p1b: Sinistcha|1\n|-crit|p1b: Sinistcha\n|-damage|p1a: Primarina|73/100\n|-damage|p1b: Sinistcha|0 fnt\n|-status|p1a: Primarina|frz\n|faint|p1b: Sinistcha\n|-curestatus|p1a: Primarina|frz|[msg]\n|move|p1a: Primarina|Hyper Voice|p2b: Glaceon|[spread] p2a,p2b\n|-damage|p2a: Sneasler|4/100\n|-damage|p2b: Glaceon|68/100\n|\n|-weather|Snowscape|[upkeep]\n|-heal|p2b: Glaceon|74/100|[from] ability: Ice Body\n|upkeep\n|\n|t:|1776568546\n|switch|p1b: Tyranitar|Tyranitar, L50, F, shiny|6/100 psn\n|-weather|Sandstorm|[from] ability: Sand Stream|[of] p1b: Tyranitar\n|turn|7\n|\n|t:|1776568563\n|move|p2b: Glaceon|Protect|p2b: Glaceon\n|-singleturn|p2b: Glaceon|Protect\n|move|p2a: Sneasler|Dire Claw|p1a: Primarina\n|-supereffective|p1a: Primarina|1\n|-damage|p1a: Primarina|2/100\n|move|p1a: Primarina|Moonblast|p2b: Glaceon\n|-activate|p2b: Glaceon|move: Protect\n|move|p1b: Tyranitar|Rock Slide|p2b: Glaceon|[spread] \n|-activate|p2b: Glaceon|move: Protect\n|-miss|p1b: Tyranitar|p2a: Sneasler\n|\n|-weather|Sandstorm|[upkeep]\n|-damage|p2a: Sneasler|0 fnt|[from] Sandstorm\n|-damage|p2b: Glaceon|68/100|[from] Sandstorm\n|-damage|p1a: Primarina|0 fnt|[from] Sandstorm\n|faint|p2a: Sneasler\n|faint|p1a: Primarina\n|-damage|p1b: Tyranitar|0 fnt|[from] psn\n|faint|p1b: Tyranitar\n|\n|win|uqgqb\n|raw|te11a's rating: 1062 &rarr; <strong>1039</strong><br />(-23 for losing)\n|raw|uqgqb's rating: 1000 &rarr; <strong>1047</strong><br />(+47 for winning)\n|l|\u2606te11a\n|player|p1|\n",
  "uploadtime": 1776568585,
  "views": 13,
  "formatid": "gen9championsvgc2026regma",
  "rating": 1039,
  "private": 0,
  "password": null
}