{
  "id": "gen9championsvgc2026regma-2581647973",
  "format": "[Gen 9 Champions] VGC 2026 Reg M-A",
  "players": [
    "YisusNube",
    "adfsdfasdfsdf"
  ],
  "log": "|j|\u2606YisusNube\n|j|\u2606adfsdfasdfsdf\n|t:|1776017780\n|gametype|doubles\n|player|p1|YisusNube|102|1216\n|player|p2|adfsdfasdfsdf|2|1198\n|gen|9\n|tier|[Gen 9 Champions] VGC 2026 Reg M-A\n|rated|\n|rule|Species Clause: Limit one of each Pok\u00e9mon\n|rule|Item Clause: Limit 1 of each item\n|clearpoke\n|poke|p1|Farigiraf, L50, F|\n|poke|p1|Kingambit, L50, M|\n|poke|p1|Sylveon, L50, M|\n|poke|p1|Torkoal, L50, M|\n|poke|p1|Golurk, L50|\n|poke|p1|Gyarados, L50, M|\n|poke|p2|Oranguru, L50, F|\n|poke|p2|Farigiraf, L50, M|\n|poke|p2|Torkoal, L50, F|\n|poke|p2|Gardevoir, L50, F|\n|poke|p2|Primarina, L50, M|\n|poke|p2|Golurk, L50|\n|teampreview|4\n|\n|t:|1776017825\n|teamsize|p1|4\n|teamsize|p2|4\n|start\n|switch|p1a: Colossus|Golurk, L50|100/100\n|switch|p1b: Akai|Gyarados, L50, M, shiny|100/100\n|switch|p2a: Oranguru|Oranguru, L50, F|100/100\n|switch|p2b: Golurk|Golurk, L50|100/100\n|-ability|p1b: Akai|Intimidate|boost\n|-unboost|p2a: Oranguru|atk|1\n|-unboost|p2b: Golurk|atk|1\n|turn|1\n|\n|t:|1776017854\n|detailschange|p1a: Colossus|Golurk-Mega, L50\n|-mega|p1a: Colossus|Golurk|Golurkite\n|move|p1b: Akai|Taunt|p2a: Oranguru\n|-start|p2a: Oranguru|move: Taunt\n|move|p1a: Colossus|Ice Punch|p2b: Golurk\n|-supereffective|p2b: Golurk|1\n|-damage|p2b: Golurk|32/100\n|move|p2b: Golurk|Rock Slide|p1a: Colossus|[spread] p1a,p1b\n|-resisted|p1a: Colossus|1\n|-crit|p1a: Colossus\n|-supereffective|p1b: Akai|1\n|-damage|p1a: Colossus|88/100\n|-damage|p1b: Akai|71/100\n|cant|p2a: Oranguru|move: Taunt|Trick Room\n|\n|-heal|p1b: Akai|77/100|[from] item: Leftovers\n|upkeep\n|turn|2\n|\n|t:|1776017890\n|switch|p2b: Farigiraf|Farigiraf, L50, M|100/100\n|move|p2a: Oranguru|Foul Play|p1a: Colossus\n|-supereffective|p1a: Colossus|1\n|-damage|p1a: Colossus|14/100\n|move|p1a: Colossus|High Horsepower|p2b: Farigiraf|[miss]\n|-miss|p1a: Colossus|p2b: Farigiraf\n|move|p1b: Akai|Dragon Tail|p2a: Oranguru\n|-damage|p2a: Oranguru|83/100\n|drag|p2a: Torkoal|Torkoal, L50, F|100/100\n|-weather|SunnyDay|[from] ability: Drought|[of] p2a: Torkoal\n|\n|-weather|SunnyDay|[upkeep]\n|-heal|p1b: Akai|83/100|[from] item: Leftovers\n|upkeep\n|turn|3\n|\n|t:|1776017935\n|move|p2a: Torkoal|Protect|p2a: Torkoal\n|-singleturn|p2a: Torkoal|Protect\n|move|p1b: Akai|Thunder Wave|p2a: Torkoal\n|-activate|p2a: Torkoal|move: Protect\n|move|p1a: Colossus|High Horsepower|p2a: Torkoal\n|-supereffective|p2a: Torkoal|1\n|-ability|p1a: Colossus|Unseen Fist\n|-zbroken|p2a: Torkoal\n|-damage|p2a: Torkoal|78/100\n|move|p2b: Farigiraf|Trick Room|p2b: Farigiraf\n|-fieldstart|move: Trick Room|[of] p2b: Farigiraf\n|\n|-weather|SunnyDay|[upkeep]\n|-heal|p1b: Akai|89/100|[from] item: Leftovers\n|upkeep\n|turn|4\n|\n|t:|1776017952\n|move|p1a: Colossus|Protect|p1a: Colossus\n|-singleturn|p1a: Colossus|Protect\n|move|p2a: Torkoal|Eruption|p1b: Akai|[spread] p1b\n|-activate|p1a: Colossus|move: Protect\n|-resisted|p1b: Akai|1\n|-damage|p1b: Akai|66/100\n|move|p2b: Farigiraf|Thunderbolt|p1b: Akai\n|-supereffective|p1b: Akai|2\n|-damage|p1b: Akai|0 fnt\n|faint|p1b: Akai\n|\n|-weather|SunnyDay|[upkeep]\n|upkeep\n|c|\u2606YisusNube|thunderbolt HAHAHA\n|c|\u2606YisusNube|insane\n|\n|t:|1776017970\n|switch|p1b: Slayveon|Sylveon, L50, M, shiny|100/100\n|turn|5\n|n|\u2606adfsdfasdfsdf|adfsdfasdfsdf\n|c|\u2606adfsdfasdfsdf|needed'\n|c|\u2606YisusNube|for what\n|c|\u2606adfsdfasdfsdf|that stupid fuckin bird\n|\n|t:|1776018010\n|move|p2a: Torkoal|Eruption|p1b: Slayveon|[spread] p1a,p1b\n|-damage|p1a: Colossus|0 fnt\n|-damage|p1b: Slayveon|60/100\n|faint|p1a: Colossus\n|move|p1b: Slayveon|Hyper Voice|p2a: Torkoal|[spread] p2a,p2b\n|-resisted|p2a: Torkoal|1\n|-damage|p2a: Torkoal|53/100\n|-damage|p2b: Farigiraf|63/100\n|move|p2b: Farigiraf|Psychic|p1b: Slayveon\n|-damage|p1b: Slayveon|27/100\n|\n|-weather|SunnyDay|[upkeep]\n|upkeep\n|\n|t:|1776018015\n|switch|p1a: Magnus|Kingambit, L50, M, shiny|100/100\n|turn|6\n|\n|t:|1776018038\n|move|p2a: Torkoal|Heat Wave|p1a: Magnus|[spread] p1a,p1b\n|-supereffective|p1a: Magnus|1\n|-damage|p1a: Magnus|0 fnt\n|-damage|p1b: Slayveon|0 fnt\n|faint|p1a: Magnus\n|faint|p1b: Slayveon\n|\n|win|adfsdfasdfsdf\n",
  "uploadtime": 1776018000,
  "views": 13,
  "formatid": "gen9championsvgc2026regma",
  "rating": null,
  "private": 0,
  "password": null
}