{
  "id": "gen9championsvgc2026regma-2586539066",
  "format": "[Gen 9 Champions] VGC 2026 Reg M-A",
  "players": [
    "Capt.once",
    "Fornias"
  ],
  "log": "|j|\u2606Capt.once\n|j|\u2606Fornias\n|t:|1776441612\n|gametype|doubles\n|player|p1|Capt.once|clerkf|1040\n|player|p2|Fornias|harlequin|1026\n|gen|9\n|tier|[Gen 9 Champions] VGC 2026 Reg M-A\n|rated|\n|rule|Species Clause: Limit one of each Pok\u00e9mon\n|rule|Item Clause: Limit 1 of each item\n|clearpoke\n|poke|p1|Floette-Eternal, L50, F|\n|poke|p1|Krookodile, L50, F|\n|poke|p1|Toxicroak, L50, F|\n|poke|p1|Primarina, L50, F|\n|poke|p1|Toucannon, L50, F|\n|poke|p1|Archaludon, L50, F|\n|poke|p2|Tyranitar, L50, F|\n|poke|p2|Excadrill, L50, F|\n|poke|p2|Aerodactyl, L50, F|\n|poke|p2|Incineroar, L50, M|\n|poke|p2|Hippowdon, L50, M|\n|poke|p2|Aggron, L50, M|\n|teampreview|4\n|inactive|Battle timer is ON: inactive players will automatically lose when time's up. (requested by Capt.once)\n|inactive|Fornias also wants the timer to be on.\n|inactive|Fornias has 60 seconds left.\n|\n|t:|1776441644\n|teamsize|p1|4\n|teamsize|p2|4\n|start\n|switch|p1a: Floette|Floette-Eternal, L50, F|100/100\n|switch|p1b: Primarina|Primarina, L50, F|100/100\n|switch|p2a: THE WALL|Aggron, L50, M|100/100\n|switch|p2b: Magniferno|Incineroar, L50, M, shiny|100/100\n|-ability|p2b: Magniferno|Intimidate|boost\n|-unboost|p1a: Floette|atk|1\n|-unboost|p1b: Primarina|atk|1\n|turn|1\n|\n|t:|1776441667\n|detailschange|p1a: Floette|Floette-Mega, L50, F\n|-mega|p1a: Floette|Floette|Floettite\n|-ability|p1a: Floette|Fairy Aura\n|detailschange|p2a: THE WALL|Aggron-Mega, L50, M\n|-mega|p2a: THE WALL|Aggron|Aggronite\n|move|p2b: Magniferno|Fake Out|p1a: Floette\n|-damage|p1a: Floette|86/100\n|cant|p1a: Floette|flinch\n|move|p1b: Primarina|Hyper Voice|p2b: Magniferno|[spread] p2a,p2b\n|-supereffective|p2b: Magniferno|1\n|-crit|p2b: Magniferno\n|-damage|p2a: THE WALL|61/100\n|-damage|p2b: Magniferno|27/100\n|-enditem|p2b: Magniferno|Sitrus Berry|[eat]\n|-heal|p2b: Magniferno|52/100|[from] item: Sitrus Berry\n|move|p2a: THE WALL|Iron Defense|p2a: THE WALL\n|-boost|p2a: THE WALL|def|2\n|\n|upkeep\n|turn|2\n|inactive|Fornias has 30 seconds left.\n|\n|t:|1776441697\n|move|p1a: Floette|Draining Kiss|p2b: Magniferno\n|-damage|p2b: Magniferno|23/100\n|-heal|p1a: Floette|100/100|[from] drain|[of] p2b: Magniferno\n|move|p1b: Primarina|Hyper Voice|p2b: Magniferno|[spread] p2a,p2b\n|-supereffective|p2b: Magniferno|1\n|-damage|p2a: THE WALL|19/100\n|-damage|p2b: Magniferno|0 fnt\n|faint|p2b: Magniferno\n|move|p2a: THE WALL|Body Press|p1a: Floette\n|-resisted|p1a: Floette|1\n|-damage|p1a: Floette|37/100\n|\n|upkeep\n|\n|t:|1776441712\n|switch|p2b: Carvella|Excadrill, L50, F|100/100\n|turn|3\n|\n|t:|1776441727\n|move|p1a: Floette|Light of Ruin|p2b: Carvella\n|-resisted|p2b: Carvella|1\n|-damage|p2b: Carvella|25/100\n|-damage|p1a: Floette|0 fnt|[from] Recoil\n|faint|p1a: Floette\n|move|p2b: Carvella|Iron Head|p1b: Primarina\n|-damage|p1b: Primarina|46/100\n|cant|p1b: Primarina|flinch\n|move|p2a: THE WALL|Rest|p2a: THE WALL\n|-status|p2a: THE WALL|slp|[from] move: Rest\n|-heal|p2a: THE WALL|100/100 slp|[silent]\n|\n|upkeep\n|\n|t:|1776441750\n|switch|p1a: Toucannon|Toucannon, L50, F|100/100\n|turn|4\n|\n|t:|1776441767\n|-singleturn|p1a: Toucannon|move: Beak Blast\n|move|p2b: Carvella|Iron Head|p1b: Primarina\n|-damage|p1b: Primarina|0 fnt\n|faint|p1b: Primarina\n|cant|p2a: THE WALL|slp\n|move|p2a: THE WALL|Sleep Talk|p2a: THE WALL\n|move|p2a: THE WALL|Iron Defense|p2a: THE WALL|[from] move: Sleep Talk\n|-boost|p2a: THE WALL|def|2\n|move|p1a: Toucannon|Beak Blast|p2a: THE WALL\n|-resisted|p2a: THE WALL|1\n|-damage|p2a: THE WALL|95/100 slp\n|\n|upkeep\n|\n|t:|1776441782\n|switch|p1b: Krookodile|Krookodile, L50, F|100/100\n|turn|5\n|\n|t:|1776441794\n|-singleturn|p1a: Toucannon|move: Beak Blast\n|move|p1b: Krookodile|Earthquake|p2b: Carvella|[spread] p2a,p2b\n|-immune|p1a: Toucannon\n|-supereffective|p2a: THE WALL|1\n|-supereffective|p2b: Carvella|1\n|-damage|p2a: THE WALL|87/100 slp\n|-damage|p2b: Carvella|0 fnt\n|faint|p2b: Carvella\n|-ability|p1b: Krookodile|Moxie|boost\n|-boost|p1b: Krookodile|atk|1\n|cant|p2a: THE WALL|slp\n|move|p2a: THE WALL|Sleep Talk|p2a: THE WALL\n|move|p2a: THE WALL|Body Press|p1a: Toucannon|[from] move: Sleep Talk\n|-damage|p1a: Toucannon|0 fnt\n|faint|p1a: Toucannon\n|\n|upkeep\n|\n|t:|1776441812\n|switch|p2b: Tyranitar|Tyranitar, L50, F|100/100\n|-weather|Sandstorm|[from] ability: Sand Stream|[of] p2b: Tyranitar\n|turn|6\n|\n|t:|1776441824\n|move|p1b: Krookodile|Earthquake|p2b: Tyranitar|[spread] p2a,p2b\n|-supereffective|p2a: THE WALL|1\n|-supereffective|p2b: Tyranitar|1\n|-damage|p2a: THE WALL|73/100 slp\n|-damage|p2b: Tyranitar|17/100\n|move|p2b: Tyranitar|Body Press|p1b: Krookodile\n|-supereffective|p1b: Krookodile|1\n|-damage|p1b: Krookodile|38/100\n|-curestatus|p2a: THE WALL|slp|[msg]\n|move|p2a: THE WALL|Sleep Talk||[still]\n|-fail|p2a: THE WALL\n|\n|-weather|Sandstorm|[upkeep]\n|upkeep\n|turn|7\n|\n|t:|1776441846\n|move|p1b: Krookodile|Earthquake|p2a: THE WALL|[spread] p2a,p2b\n|-supereffective|p2a: THE WALL|1\n|-supereffective|p2b: Tyranitar|1\n|-damage|p2a: THE WALL|61/100\n|-damage|p2b: Tyranitar|0 fnt\n|faint|p2b: Tyranitar\n|-ability|p1b: Krookodile|Moxie|boost\n|-boost|p1b: Krookodile|atk|1\n|move|p2a: THE WALL|Body Press|p1b: Krookodile\n|-supereffective|p1b: Krookodile|1\n|-damage|p1b: Krookodile|0 fnt\n|faint|p1b: Krookodile\n|\n|win|Fornias\n|raw|Capt.once's rating: 1040 &rarr; <strong>1023</strong><br />(-17 for losing)\n|raw|Fornias's rating: 1026 &rarr; <strong>1064</strong><br />(+38 for winning)\n",
  "uploadtime": 1776441861,
  "views": 21,
  "formatid": "gen9championsvgc2026regma",
  "rating": 1023,
  "private": 0,
  "password": null
}