{
  "id": "gen9championsvgc2026regma-2582420221",
  "format": "[Gen 9 Champions] VGC 2026 Reg M-A",
  "players": [
    "look at this kid",
    "Vaudrii"
  ],
  "log": "|j|\u203dlook at this kid\n|j|\u2606Vaudrii\n|t:|1776090520\n|gametype|doubles\n|player|p1|look at this kid|evelyn|1032\n|player|p2|Vaudrii|roxie|1020\n|gen|9\n|tier|[Gen 9 Champions] VGC 2026 Reg M-A\n|rated|\n|rule|Species Clause: Limit one of each Pok\u00e9mon\n|rule|Item Clause: Limit 1 of each item\n|clearpoke\n|poke|p1|Charizard, L50, F|\n|poke|p1|Whimsicott, L50, M|\n|poke|p1|Basculegion, L50, M|\n|poke|p1|Sneasler, L50, M|\n|poke|p1|Incineroar, L50, F|\n|poke|p1|Garchomp, L50, M|\n|poke|p2|Aerodactyl, L50, F|\n|poke|p2|Scizor, L50, M|\n|poke|p2|Tyranitar, L50, M|\n|poke|p2|Garchomp, L50, F|\n|poke|p2|Glimmora, L50, F|\n|poke|p2|Excadrill, L50, F|\n|teampreview|4\n|\n|t:|1776090562\n|teamsize|p1|4\n|teamsize|p2|4\n|start\n|switch|p1a: Charizard|Charizard, L50, F|100/100\n|switch|p1b: Incineroar|Incineroar, L50, F|100/100\n|switch|p2a: Tyranitar|Tyranitar, L50, M|100/100\n|switch|p2b: Excadrill|Excadrill, L50, F|100/100\n|-ability|p1b: Incineroar|Intimidate|boost\n|-unboost|p2a: Tyranitar|atk|1\n|-unboost|p2b: Excadrill|atk|1\n|-weather|Sandstorm|[from] ability: Sand Stream|[of] p2a: Tyranitar\n|turn|1\n|inactive|Battle timer is ON: inactive players will automatically lose when time's up. (requested by look at this kid)\n|\n|t:|1776090586\n|detailschange|p1a: Charizard|Charizard-Mega-Y, L50, F\n|-mega|p1a: Charizard|Charizard|Charizardite Y\n|-weather|SunnyDay|[from] ability: Drought|[of] p1a: Charizard\n|detailschange|p2a: Tyranitar|Tyranitar-Mega, L50, M\n|-mega|p2a: Tyranitar|Tyranitar|Tyranitarite\n|-weather|Sandstorm|[from] ability: Sand Stream|[of] p2a: Tyranitar\n|move|p2a: Tyranitar|Protect|p2a: Tyranitar\n|-singleturn|p2a: Tyranitar|Protect\n|move|p1b: Incineroar|Fake Out|p2a: Tyranitar\n|-activate|p2a: Tyranitar|move: Protect\n|move|p2b: Excadrill|Earthquake|p1a: Charizard|[spread] p1b\n|-activate|p2a: Tyranitar|move: Protect\n|-immune|p1a: Charizard\n|-supereffective|p1b: Incineroar|1\n|-damage|p1b: Incineroar|44/100\n|-enditem|p1b: Incineroar|Sitrus Berry|[eat]\n|-heal|p1b: Incineroar|69/100|[from] item: Sitrus Berry\n|move|p1a: Charizard|Heat Wave|p2a: Tyranitar|[spread] p2b\n|-activate|p2a: Tyranitar|move: Protect\n|-supereffective|p2b: Excadrill|1\n|-damage|p2b: Excadrill|0 fnt\n|faint|p2b: Excadrill\n|\n|-weather|Sandstorm|[upkeep]\n|-damage|p1a: Charizard|95/100|[from] Sandstorm\n|-damage|p1b: Incineroar|63/100|[from] Sandstorm\n|upkeep\n|\n|t:|1776090602\n|switch|p2b: Hatsune Miku|Glimmora, L50, F, shiny|100/100\n|turn|2\n|\n|t:|1776090621\n|switch|p1a: Garchomp|Garchomp, L50, M|100/100\n|move|p2b: Hatsune Miku|Spiky Shield|p2b: Hatsune Miku\n|-singleturn|p2b: Hatsune Miku|move: Protect\n|move|p2a: Tyranitar|Stone Edge|p1a: Garchomp\n|-resisted|p1a: Garchomp|1\n|-damage|p1a: Garchomp|80/100\n|move|p1b: Incineroar|Throat Chop|p2b: Hatsune Miku\n|-activate|p2b: Hatsune Miku|move: Protect\n|-damage|p1b: Incineroar|50/100|[from] Spiky Shield|[of] p2b: Hatsune Miku\n|\n|-weather|Sandstorm|[upkeep]\n|-damage|p1b: Incineroar|45/100|[from] Sandstorm\n|upkeep\n|turn|3\n|\n|t:|1776090645\n|switch|p1b: Charizard|Charizard-Mega-Y, L50, F|95/100\n|-weather|SunnyDay|[from] ability: Drought|[of] p1b: Charizard\n|move|p1a: Garchomp|Earthquake|p2a: Tyranitar|[spread] p2a,p2b\n|-immune|p1b: Charizard\n|-supereffective|p2a: Tyranitar|1\n|-supereffective|p2b: Hatsune Miku|2\n|-damage|p2a: Tyranitar|50/100\n|-enditem|p2b: Hatsune Miku|Focus Sash\n|-damage|p2b: Hatsune Miku|1/100\n|-activate|p2b: Hatsune Miku|ability: Toxic Debris\n|-sidestart|p1: look at this kid|move: Toxic Spikes\n|move|p2b: Hatsune Miku|Power Gem|p1b: Charizard\n|-supereffective|p1b: Charizard|2\n|-damage|p1b: Charizard|0 fnt\n|faint|p1b: Charizard\n|move|p2a: Tyranitar|Ice Punch|p1a: Garchomp\n|-supereffective|p1a: Garchomp|2\n|-damage|p1a: Garchomp|0 fnt\n|-damage|p2a: Tyranitar|37/100|[from] ability: Rough Skin|[of] p1a: Garchomp\n|faint|p1a: Garchomp\n|\n|-weather|SunnyDay|[upkeep]\n|upkeep\n|\n|t:|1776090658\n|switch|p1b: Basculegion|Basculegion, L50, M|100/100\n|switch|p1a: Incineroar|Incineroar, L50, F|45/100\n|-status|p1b: Basculegion|psn\n|-status|p1a: Incineroar|psn\n|-ability|p1a: Incineroar|Intimidate|boost\n|-unboost|p2a: Tyranitar|atk|1\n|-unboost|p2b: Hatsune Miku|atk|1\n|turn|4\n|\n|t:|1776090682\n|switch|p2a: Scizor|Scizor, L50, M|100/100\n|move|p2b: Hatsune Miku|Spiky Shield|p2b: Hatsune Miku\n|-singleturn|p2b: Hatsune Miku|move: Protect\n|move|p1a: Incineroar|Fake Out|p2b: Hatsune Miku\n|-activate|p2b: Hatsune Miku|move: Protect\n|-damage|p1a: Incineroar|32/100 psn|[from] Spiky Shield|[of] p2b: Hatsune Miku\n|move|p1b: Basculegion|Wave Crash|p2a: Scizor\n|-damage|p2a: Scizor|54/100\n|-damage|p1b: Basculegion|89/100 psn|[from] Recoil\n|\n|-weather|SunnyDay|[upkeep]\n|-damage|p1b: Basculegion|77/100 psn|[from] psn\n|-damage|p1a: Incineroar|20/100 psn|[from] psn\n|upkeep\n|turn|5\n|\n|t:|1776090698\n|move|p2a: Scizor|Bullet Punch|p1a: Incineroar\n|-resisted|p1a: Incineroar|1\n|-damage|p1a: Incineroar|5/100 psn\n|-heal|p2a: Scizor|56/100|[from] item: Shell Bell|[of] p1a: Incineroar\n|move|p1b: Basculegion|Wave Crash|p2b: Hatsune Miku\n|-supereffective|p2b: Hatsune Miku|1\n|-damage|p2b: Hatsune Miku|0 fnt\n|-activate|p2b: Hatsune Miku|ability: Toxic Debris\n|-sidestart|p1: look at this kid|move: Toxic Spikes\n|faint|p2b: Hatsune Miku\n|-damage|p1b: Basculegion|76/100 psn|[from] Recoil\n|move|p1a: Incineroar|Flare Blitz|p2a: Scizor\n|-supereffective|p2a: Scizor|2\n|-damage|p2a: Scizor|0 fnt\n|faint|p2a: Scizor\n|-damage|p1a: Incineroar|0 fnt|[from] Recoil\n|faint|p1a: Incineroar\n|\n|-weather|SunnyDay|[upkeep]\n|-damage|p1b: Basculegion|64/100 psn|[from] psn\n|upkeep\n|\n|t:|1776090705\n|switch|p2b: Tyranitar|Tyranitar-Mega, L50, M|37/100\n|-weather|Sandstorm|[from] ability: Sand Stream|[of] p2b: Tyranitar\n|turn|6\n|\n|t:|1776090711\n|move|p2b: Tyranitar|Protect|p2b: Tyranitar\n|-singleturn|p2b: Tyranitar|Protect\n|move|p1b: Basculegion|Wave Crash|p2b: Tyranitar\n|-activate|p2b: Tyranitar|move: Protect\n|\n|-weather|Sandstorm|[upkeep]\n|-damage|p1b: Basculegion|58/100 psn|[from] Sandstorm\n|-damage|p1b: Basculegion|46/100 psn|[from] psn\n|upkeep\n|turn|7\n|\n|t:|1776090716\n|move|p1b: Basculegion|Wave Crash|p2b: Tyranitar\n|-supereffective|p2b: Tyranitar|1\n|-damage|p2b: Tyranitar|0 fnt\n|faint|p2b: Tyranitar\n|-damage|p1b: Basculegion|34/100 psn|[from] Recoil\n|\n|win|look at this kid\n|raw|look at this kid's rating: 1032 &rarr; <strong>1066</strong><br />(+34 for winning)\n|raw|Vaudrii's rating: 1020 &rarr; <strong>1007</strong><br />(-13 for losing)\n|c|\u2606Vaudrii|lucky\n|l|\u2606Vaudrii\n|player|p2|\n",
  "uploadtime": 1776090733,
  "views": 11,
  "formatid": "gen9championsvgc2026regma",
  "rating": 1007,
  "private": 0,
  "password": null
}