{
  "id": "gen9championsvgc2026regma-2585276030",
  "format": "[Gen 9 Champions] VGC 2026 Reg M-A",
  "players": [
    "Capitan_Fosforo",
    "banri the banri"
  ],
  "log": "|j|\u2606Capitan_Fosforo\n|j|\u2606banri the banri\n|t:|1776332812\n|gametype|doubles\n|player|p1|Capitan_Fosforo|n|1091\n|player|p2|banri the banri|102|1139\n|gen|9\n|tier|[Gen 9 Champions] VGC 2026 Reg M-A\n|rated|\n|rule|Species Clause: Limit one of each Pok\u00e9mon\n|rule|Item Clause: Limit 1 of each item\n|clearpoke\n|poke|p1|Volcarona, L50, M|\n|poke|p1|Zoroark-Hisui, L50, M|\n|poke|p1|Milotic, L50, F|\n|poke|p1|Ninetales-Alola, L50, M|\n|poke|p1|Corviknight, L50, M|\n|poke|p1|Garchomp, L50, F|\n|poke|p2|Froslass, L50, F|\n|poke|p2|Tauros-Paldea-Aqua, L50, M|\n|poke|p2|Incineroar, L50, M|\n|poke|p2|Aerodactyl, L50, F|\n|poke|p2|Meowscarada, L50, F|\n|poke|p2|Farigiraf, L50, F|\n|teampreview|4\n|\n|t:|1776332862\n|teamsize|p1|4\n|teamsize|p2|4\n|start\n|switch|p1a: Solarona|Volcarona, L50, M|100/100\n|switch|p1b: Milotic|Milotic, L50, F|100/100\n|switch|p2a: Meowscarada|Meowscarada, L50, F|100/100\n|switch|p2b: Incineroar|Incineroar, L50, M|100/100\n|-ability|p2b: Incineroar|Intimidate|boost\n|-unboost|p1a: Solarona|atk|1\n|-unboost|p1b: Milotic|atk|1\n|turn|1\n|\n|t:|1776332879\n|move|p2b: Incineroar|Fake Out|p1a: Solarona\n|-damage|p1a: Solarona|85/100\n|move|p2a: Meowscarada|Flower Trick|p1b: Milotic\n|-start|p2a: Meowscarada|typechange|Grass|[from] ability: Protean\n|-crit|p1b: Milotic\n|-enditem|p1b: Milotic|Focus Sash\n|-damage|p1b: Milotic|1/100\n|replace|p1b: Yuki|Zoroark-Hisui, L50, M, shiny\n|-end|p1b: Yuki|Illusion\n|move|p1b: Yuki|Focus Blast|p2b: Incineroar\n|-supereffective|p2b: Incineroar|1\n|-damage|p2b: Incineroar|31/100\n|-unboost|p2b: Incineroar|spd|1\n|cant|p1a: Solarona|flinch\n|\n|-heal|p2b: Incineroar|37/100|[from] item: Leftovers\n|upkeep\n|turn|2\n|\n|t:|1776332931\n|switch|p2a: Aerodactyl|Aerodactyl, L50, F|100/100\n|-ability|p2a: Aerodactyl|Unnerve\n|move|p2b: Incineroar|Protect|p2b: Incineroar\n|-singleturn|p2b: Incineroar|Protect\n|move|p1b: Yuki|Hyper Voice|p2a: Aerodactyl|[spread] p2a\n|-activate|p2b: Incineroar|move: Protect\n|-resisted|p2a: Aerodactyl|1\n|-damage|p2a: Aerodactyl|78/100\n|move|p1a: Solarona|Bug Buzz|p2b: Incineroar\n|-activate|p2b: Incineroar|move: Protect\n|\n|-heal|p2b: Incineroar|43/100|[from] item: Leftovers\n|upkeep\n|turn|3\n|\n|t:|1776332952\n|switch|p2b: Froslass|Froslass, L50, F|100/100\n|move|p2a: Aerodactyl|Rock Slide|p1b: Yuki|[spread] p1a,p1b\n|-supereffective|p1a: Solarona|2\n|-damage|p1a: Solarona|0 fnt\n|-damage|p1b: Yuki|0 fnt\n|faint|p1a: Solarona\n|faint|p1b: Yuki\n|\n|upkeep\n|\n|t:|1776332962\n|switch|p1b: Milotic|Milotic, L50, F|100/100\n|switch|p1a: Ninetales|Ninetales-Alola, L50, M|100/100\n|-weather|Snowscape|[from] ability: Snow Warning|[of] p1a: Ninetales\n|turn|4\n|\n|t:|1776332972\n|detailschange|p2b: Froslass|Froslass-Mega, L50, F\n|-mega|p2b: Froslass|Froslass|Froslassite\n|move|p2a: Aerodactyl|Rock Slide|p1b: Milotic|[spread] p1a,p1b\n|-supereffective|p1a: Ninetales|1\n|-damage|p1a: Ninetales|51/100\n|-damage|p1b: Milotic|83/100\n|move|p2b: Froslass|Aurora Veil|p2b: Froslass\n|-sidestart|p2: banri the banri|move: Aurora Veil\n|cant|p1a: Ninetales|flinch\n|cant|p1b: Milotic|flinch\n|\n|-weather|Snowscape|[upkeep]\n|upkeep\n|turn|5\n|l|\u2606Capitan_Fosforo\n|player|p1|\n|inactive|Battle timer is ON: inactive players will automatically lose when time's up. (requested by banri the banri)\n|inactive|Capitan_Fosforo has 30 seconds to reconnect!\n|inactive|Capitan_Fosforo has 20 seconds to reconnect!\n|inactive|Capitan_Fosforo has 15 seconds to reconnect!\n|inactive|Capitan_Fosforo has 10 seconds to reconnect!\n|inactive|Capitan_Fosforo has 5 seconds to reconnect!\n|-message|Capitan_Fosforo lost due to inactivity.\n|\n|win|banri the banri\n|raw|Capitan_Fosforo's rating: 1091 &rarr; <strong>1071</strong><br />(-20 for losing)\n|raw|banri the banri's rating: 1139 &rarr; <strong>1161</strong><br />(+22 for winning)\n",
  "uploadtime": 1776333085,
  "views": 19,
  "formatid": "gen9championsvgc2026regma",
  "rating": 1071,
  "private": 0,
  "password": null
}