{
  "id": "gen9championsvgc2026regma-2585981166",
  "format": "[Gen 9 Champions] VGC 2026 Reg M-A",
  "players": [
    "idrhr8ihrhr",
    "Damien Leruss"
  ],
  "log": "|j|\u2606idrhr8ihrhr\n|j|\u2606Damien Leruss\n|t:|1776387236\n|gametype|doubles\n|player|p1|idrhr8ihrhr|102|1094\n|player|p2|Damien Leruss|shauntal|1075\n|gen|9\n|tier|[Gen 9 Champions] VGC 2026 Reg M-A\n|rated|\n|rule|Species Clause: Limit one of each Pok\u00e9mon\n|rule|Item Clause: Limit 1 of each item\n|clearpoke\n|poke|p1|Dragonite, L50, M|\n|poke|p1|Incineroar, L50, M|\n|poke|p1|Whimsicott, L50, M|\n|poke|p1|Excadrill, L50, M|\n|poke|p1|Hydreigon, L50, M|\n|poke|p1|Froslass, L50, F|\n|poke|p2|Torkoal, L50, F|\n|poke|p2|Camerupt, L50, F|\n|poke|p2|Goodra-Hisui, L50, M|\n|poke|p2|Trevenant, L50, F|\n|poke|p2|Lycanroc-Dusk, L50, F|\n|poke|p2|Venusaur, L50, F|\n|teampreview|4\nDamien Leruss rejected open team sheets.\n|\n|t:|1776387261\n|teamsize|p1|4\n|teamsize|p2|4\n|start\n|switch|p1a: Dragonite|Dragonite, L50, M, shiny|100/100\n|switch|p1b: Whimsicott|Whimsicott, L50, M|100/100\n|switch|p2a: Torkoal|Torkoal, L50, F|100/100\n|switch|p2b: Venusaur|Venusaur, L50, F|100/100\n|-weather|SunnyDay|[from] ability: Drought|[of] p2a: Torkoal\n|turn|1\n|\n|t:|1776387277\n|detailschange|p1a: Dragonite|Dragonite-Mega, L50, M, shiny\n|-mega|p1a: Dragonite|Dragonite|Dragoninite\n|move|p1b: Whimsicott|Taunt|p2a: Torkoal\n|-start|p2a: Torkoal|move: Taunt\n|move|p2b: Venusaur|Sludge Bomb|p1b: Whimsicott\n|-supereffective|p1b: Whimsicott|2\n|-enditem|p1b: Whimsicott|Focus Sash\n|-damage|p1b: Whimsicott|1/100\n|-status|p1b: Whimsicott|psn\n|move|p1a: Dragonite|Dragon Dance|p1a: Dragonite\n|-boost|p1a: Dragonite|atk|1\n|-boost|p1a: Dragonite|spe|1\n|cant|p2a: Torkoal|move: Taunt|Will-O-Wisp\n|\n|-weather|SunnyDay|[upkeep]\n|-damage|p1b: Whimsicott|0 fnt|[from] psn\n|faint|p1b: Whimsicott\n|upkeep\n|\n|t:|1776387297\n|switch|p1b: Hydreigon|Hydreigon, L50, M, shiny|100/100\n|turn|2\n|\n|t:|1776387327\n|detailschange|p2b: Venusaur|Venusaur-Mega, L50, F\n|-mega|p2b: Venusaur|Venusaur|Venusaurite\n|move|p1b: Hydreigon|Flamethrower|p2b: Venusaur\n|-supereffective|p2b: Venusaur|1\n|-damage|p2b: Venusaur|71/100\n|move|p1a: Dragonite|Dragon Claw|p2b: Venusaur\n|-damage|p2b: Venusaur|19/100\n|move|p2b: Venusaur|Sludge Bomb|p1a: Dragonite\n|-damage|p1a: Dragonite|83/100\n|-status|p1a: Dragonite|psn\n|move|p2a: Torkoal|Eruption|p1a: Dragonite|[spread] p1a,p1b\n|-resisted|p1a: Dragonite|1\n|-resisted|p1b: Hydreigon|1\n|-damage|p1a: Dragonite|52/100 psn\n|-damage|p1b: Hydreigon|61/100\n|\n|-weather|SunnyDay|[upkeep]\n|-damage|p1a: Dragonite|40/100 psn|[from] psn\n|upkeep\n|turn|3\n|\n|t:|1776387371\n|switch|p1a: Incineroar|Incineroar, L50, M|100/100\n|-ability|p1a: Incineroar|Intimidate|boost\n|-unboost|p2a: Torkoal|atk|1\n|-unboost|p2b: Venusaur|atk|1\n|move|p1b: Hydreigon|Flamethrower|p2b: Venusaur\n|-supereffective|p2b: Venusaur|1\n|-damage|p2b: Venusaur|0 fnt\n|faint|p2b: Venusaur\n|move|p2a: Torkoal|Eruption|p1b: Hydreigon|[spread] p1a,p1b\n|-resisted|p1a: Incineroar|1\n|-resisted|p1b: Hydreigon|1\n|-damage|p1a: Incineroar|70/100\n|-damage|p1b: Hydreigon|17/100\n|\n|-weather|SunnyDay|[upkeep]\n|-end|p2a: Torkoal|move: Taunt\n|upkeep\n|\n|t:|1776387384\n|switch|p2b: Lycanroc|Lycanroc-Dusk, L50, F|100/100\n|turn|4\n|\n|t:|1776387402\n|move|p1a: Incineroar|Fake Out|p2b: Lycanroc\n|-resisted|p2b: Lycanroc|1\n|-damage|p2b: Lycanroc|92/100\n|cant|p2b: Lycanroc|flinch\n|move|p1b: Hydreigon|Flamethrower|p2b: Lycanroc\n|-resisted|p2b: Lycanroc|1\n|-damage|p2b: Lycanroc|50/100\n|move|p2a: Torkoal|Eruption|p1b: Hydreigon|[spread] p1a,p1b\n|-resisted|p1a: Incineroar|1\n|-resisted|p1b: Hydreigon|1\n|-damage|p1a: Incineroar|41/100\n|-damage|p1b: Hydreigon|0 fnt\n|-enditem|p1a: Incineroar|Sitrus Berry|[eat]\n|-heal|p1a: Incineroar|65/100|[from] item: Sitrus Berry\n|faint|p1b: Hydreigon\n|\n|-weather|SunnyDay|[upkeep]\n|upkeep\n|\n|t:|1776387405\n|switch|p1b: Dragonite|Dragonite-Mega, L50, M, shiny|40/100 psn\n|turn|5\n|-activate|p2a: Torkoal|item: Quick Claw\n|\n|t:|1776387455\n|move|p2a: Torkoal|Protect|p2a: Torkoal\n|-singleturn|p2a: Torkoal|Protect\n|move|p1b: Dragonite|Protect|p1b: Dragonite\n|-singleturn|p1b: Dragonite|Protect\n|move|p2b: Lycanroc|Accelerock|p1a: Incineroar\n|-supereffective|p1a: Incineroar|1\n|-damage|p1a: Incineroar|18/100\n|move|p1a: Incineroar|Darkest Lariat|p2b: Lycanroc\n|-damage|p2b: Lycanroc|0 fnt\n|faint|p2b: Lycanroc\n|\n|-weather|none\n|-damage|p1b: Dragonite|28/100 psn|[from] psn\n|upkeep\n|\n|t:|1776387467\n|switch|p2b: Trevenant|Trevenant, L50, F|100/100\n|turn|6\n|\n|t:|1776387480\n|move|p1b: Dragonite|Dragon Claw|p2a: Torkoal\n|-damage|p2a: Torkoal|70/100\n|move|p1a: Incineroar|Flare Blitz|p2b: Trevenant\n|-supereffective|p2b: Trevenant|1\n|-damage|p2b: Trevenant|4/100\n|-enditem|p2b: Trevenant|Sitrus Berry|[eat]\n|-heal|p2b: Trevenant|29/100|[from] item: Sitrus Berry\n|-damage|p1a: Incineroar|0 fnt|[from] Recoil\n|faint|p1a: Incineroar\n|move|p2a: Torkoal|Eruption|p1b: Dragonite\n|-resisted|p1b: Dragonite|1\n|-damage|p1b: Dragonite|8/100 psn\n|move|p2b: Trevenant|Trick Room|p2b: Trevenant\n|-fieldstart|move: Trick Room|[of] p2b: Trevenant\n|\n|-damage|p1b: Dragonite|0 fnt|[from] psn\n|faint|p1b: Dragonite\n|\n|win|Damien Leruss\n|raw|idrhr8ihrhr's rating: 1094 &rarr; <strong>1069</strong><br />(-25 for losing)\n|raw|Damien Leruss's rating: 1075 &rarr; <strong>1105</strong><br />(+30 for winning)\n",
  "uploadtime": 1776387498,
  "views": 21,
  "formatid": "gen9championsvgc2026regma",
  "rating": 1069,
  "private": 0,
  "password": null
}