{
  "id": "gen9championsvgc2026regma-2580960330",
  "format": "[Gen 9 Champions] VGC 2026 Reg M-A",
  "players": [
    "Mr. tomatomodesu",
    "that2canto"
  ],
  "log": "|j|\u2606Mr. tomatomodesu\n|j|\u2606that2canto\n|t:|1775946872\n|gametype|doubles\n|player|p1|Mr. tomatomodesu|266|1000\n|player|p2|that2canto|hugh|1091\n|gen|9\n|tier|[Gen 9 Champions] VGC 2026 Reg M-A\n|rated|\n|rule|Species Clause: Limit one of each Pok\u00e9mon\n|rule|Item Clause: Limit 1 of each item\n|clearpoke\n|poke|p1|Tyranitar, L50, M|\n|poke|p1|Scizor, L50, M|\n|poke|p1|Araquanid, L50, F|\n|poke|p1|Kingambit, L50, F|\n|poke|p1|Mimikyu, L50, F|\n|poke|p1|Dragapult, L50, M|\n|poke|p2|Crabominable, L50, M|\n|poke|p2|Kingambit, L50, M|\n|poke|p2|Torkoal, L50, M|\n|poke|p2|Hatterene, L50, F|\n|poke|p2|Farigiraf, L50, F|\n|poke|p2|Aurorus, L50, F|\n|teampreview|4\n|\n|t:|1775946899\n|teamsize|p1|4\n|teamsize|p2|4\n|start\n|switch|p1a: Araquanid|Araquanid, L50, F|100/100\n|switch|p1b: Scizor|Scizor, L50, M|100/100\n|switch|p2a: Aurorus|Aurorus, L50, F|100/100\n|switch|p2b: Crabominable|Crabominable, L50, M|100/100\n|-weather|Snowscape|[from] ability: Snow Warning|[of] p2a: Aurorus\n|turn|1\n|\n|t:|1775946943\n|switch|p2a: Hatterene|Hatterene, L50, F|100/100\n|detailschange|p1b: Scizor|Scizor-Mega, L50, M\n|-mega|p1b: Scizor|Scizor|Scizorite\n|detailschange|p2b: Crabominable|Crabominable-Mega, L50, M\n|-mega|p2b: Crabominable|Crabominable|Crabominite\n|move|p1a: Araquanid|Wide Guard|p1a: Araquanid\n|-singleturn|p1a: Araquanid|Wide Guard\n|move|p1b: Scizor|Bullet Punch|p2a: Hatterene\n|-supereffective|p2a: Hatterene|1\n|-damage|p2a: Hatterene|19/100\n|move|p2b: Crabominable|Drain Punch|p1b: Scizor\n|-damage|p1b: Scizor|44/100\n|\n|-weather|Snowscape|[upkeep]\n|upkeep\n|turn|2\n|\n|t:|1775946979\n|move|p2a: Hatterene|Protect|p2a: Hatterene\n|-singleturn|p2a: Hatterene|Protect\n|move|p1b: Scizor|U-turn|p2a: Hatterene\n|-activate|p2a: Hatterene|move: Protect\n|move|p1a: Araquanid|Rain Dance|p1a: Araquanid\n|-weather|RainDance\n|move|p2b: Crabominable|Drain Punch|p1a: Araquanid\n|-resisted|p1a: Araquanid|1\n|-damage|p1a: Araquanid|71/100\n|\n|-weather|RainDance|[upkeep]\n|-heal|p1a: Araquanid|77/100|[from] item: Leftovers\n|upkeep\n|turn|3\n|\n|t:|1775946999\n|switch|p1a: Kingambit|Kingambit, L50, F|100/100\n|switch|p2a: Aurorus|Aurorus, L50, F|100/100\n|-weather|Snowscape|[from] ability: Snow Warning|[of] p2a: Aurorus\n|move|p1b: Scizor|Bullet Punch|p2a: Aurorus\n|-supereffective|p2a: Aurorus|2\n|-crit|p2a: Aurorus\n|-enditem|p2a: Aurorus|Focus Sash\n|-damage|p2a: Aurorus|1/100\n|move|p2b: Crabominable|Drain Punch|p1b: Scizor\n|-damage|p1b: Scizor|0 fnt\n|faint|p1b: Scizor\n|\n|-weather|Snowscape|[upkeep]\n|upkeep\n|\n|t:|1775947016\n|switch|p1b: Tyranitar|Tyranitar, L50, M|100/100\n|-weather|Sandstorm|[from] ability: Sand Stream|[of] p1b: Tyranitar\n|turn|4\n|\n|t:|1775947030\n|switch|p2a: Kingambit|Kingambit, L50, M|100/100\n|move|p1a: Kingambit|Protect|p1a: Kingambit\n|-singleturn|p1a: Kingambit|Protect\n|move|p1b: Tyranitar|Earthquake|p2b: Crabominable|[spread] p2a,p2b\n|-activate|p1a: Kingambit|move: Protect\n|-supereffective|p2a: Kingambit|1\n|-damage|p2a: Kingambit|53/100\n|-damage|p2b: Crabominable|77/100\n|move|p2b: Crabominable|Drain Punch|p1a: Kingambit\n|-activate|p1a: Kingambit|move: Protect\n|\n|-weather|Sandstorm|[upkeep]\n|-damage|p2b: Crabominable|72/100|[from] Sandstorm\n|upkeep\n|turn|5\n|\n|t:|1775947060\n|switch|p2a: Aurorus|Aurorus, L50, F|1/100\n|-weather|Snowscape|[from] ability: Snow Warning|[of] p2a: Aurorus\n|switch|p1a: Araquanid|Araquanid, L50, F|77/100\n|move|p1b: Tyranitar|Earthquake|p2a: Aurorus|[spread] p1a,p2a,p2b\n|-resisted|p1a: Araquanid|1\n|-supereffective|p2a: Aurorus|1\n|-damage|p1a: Araquanid|64/100\n|-damage|p2a: Aurorus|0 fnt\n|-damage|p2b: Crabominable|57/100\n|faint|p2a: Aurorus\n|move|p2b: Crabominable|Drain Punch|p1b: Tyranitar\n|-supereffective|p1b: Tyranitar|2\n|-damage|p1b: Tyranitar|0 fnt\n|-heal|p2b: Crabominable|100/100|[from] drain|[of] p1b: Tyranitar\n|faint|p1b: Tyranitar\n|\n|-weather|Snowscape|[upkeep]\n|-heal|p1a: Araquanid|70/100|[from] item: Leftovers\n|upkeep\n|\n|t:|1775947088\n|switch|p1b: Kingambit|Kingambit, L50, F|100/100\n|switch|p2a: Hatterene|Hatterene, L50, F|19/100\n|turn|6\n|\n|t:|1775947117\n|move|p2a: Hatterene|Protect|p2a: Hatterene\n|-singleturn|p2a: Hatterene|Protect\n|move|p1b: Kingambit|X-Scissor|p2b: Crabominable\n|-resisted|p2b: Crabominable|1\n|-damage|p2b: Crabominable|92/100\n|move|p1a: Araquanid|Rain Dance|p1a: Araquanid\n|-weather|RainDance\n|move|p2b: Crabominable|Drain Punch|p1a: Araquanid\n|-resisted|p1a: Araquanid|1\n|-damage|p1a: Araquanid|40/100\n|-heal|p2b: Crabominable|100/100|[from] drain|[of] p1a: Araquanid\n|\n|-weather|RainDance|[upkeep]\n|-heal|p1a: Araquanid|46/100|[from] item: Leftovers\n|upkeep\n|turn|7\n|\n|t:|1775947143\n|switch|p2a: Kingambit|Kingambit, L50, M|53/100\n|move|p1b: Kingambit|Brick Break|p2b: Crabominable\n|-supereffective|p2b: Crabominable|1\n|-damage|p2b: Crabominable|49/100\n|move|p1a: Araquanid|Liquidation|p2a: Kingambit\n|-damage|p2a: Kingambit|27/100\n|move|p2b: Crabominable|Drain Punch|p1b: Kingambit\n|-supereffective|p1b: Kingambit|2\n|-damage|p1b: Kingambit|0 fnt\n|-heal|p2b: Crabominable|99/100|[from] drain|[of] p1b: Kingambit\n|faint|p1b: Kingambit\n|\n|-weather|RainDance|[upkeep]\n|-heal|p1a: Araquanid|52/100|[from] item: Leftovers\n|upkeep\n|turn|8\n|\n|t:|1775947162\n|move|p2a: Kingambit|Sucker Punch||[still]\n|-fail|p2a: Kingambit\n|move|p1a: Araquanid|Soak|p2b: Crabominable\n|-start|p2b: Crabominable|typechange|Water\n|move|p2b: Crabominable|Drain Punch|p1a: Araquanid\n|-resisted|p1a: Araquanid|1\n|-damage|p1a: Araquanid|34/100\n|-heal|p2b: Crabominable|100/100|[from] drain|[of] p1a: Araquanid\n|\n|-weather|RainDance|[upkeep]\n|-heal|p1a: Araquanid|39/100|[from] item: Leftovers\n|upkeep\n|turn|9\n|\n|t:|1775947178\n|move|p2a: Kingambit|Sucker Punch|p1a: Araquanid\n|-damage|p1a: Araquanid|0 fnt\n|faint|p1a: Araquanid\n|\n|win|that2canto\n|raw|Mr. tomatomodesu's rating: 1000 &rarr; <strong>1000</strong><br />(+0 for losing)\n|raw|that2canto's rating: 1091 &rarr; <strong>1111</strong><br />(+20 for winning)\n|l|\u2606Mr. tomatomodesu\n|player|p1|\n",
  "uploadtime": 1775947183,
  "views": 15,
  "formatid": "gen9championsvgc2026regma",
  "rating": 1000,
  "private": 0,
  "password": null
}