{
  "id": "gen9championsvgc2026regma-2587934924",
  "format": "[Gen 9 Champions] VGC 2026 Reg M-A",
  "players": [
    "paludd",
    "Steelcrest"
  ],
  "log": "|j|\u2606paludd\n|j|\u2606Steelcrest\n|t:|1776581324\n|gametype|doubles\n|player|p1|paludd|leon-tower|1098\n|player|p2|Steelcrest|acetrainersnowf|1090\n|gen|9\n|tier|[Gen 9 Champions] VGC 2026 Reg M-A\n|rated|\n|rule|Species Clause: Limit one of each Pok\u00e9mon\n|rule|Item Clause: Limit 1 of each item\n|clearpoke\n|poke|p1|Froslass, L50, F|\n|poke|p1|Aerodactyl, L50, F|\n|poke|p1|Floette-Eternal, L50, F|\n|poke|p1|Whimsicott, L50, M|\n|poke|p1|Arcanine, L50, F|\n|poke|p1|Gyarados, L50, M|\n|poke|p2|Crabominable, L50, F|\n|poke|p2|Farigiraf, L50, F|\n|poke|p2|Ninetales-Alola, L50, F|\n|poke|p2|Kingambit, L50, F|\n|poke|p2|Incineroar, L50, M|\n|poke|p2|Hydrapple, L50, F|\n|teampreview|4\n|\n|t:|1776581412\n|teamsize|p1|4\n|teamsize|p2|4\n|start\n|switch|p1a: Whimsicott|Whimsicott, L50, M|100/100\n|switch|p1b: Gyarados|Gyarados, L50, M|100/100\n|switch|p2a: Farigiraf|Farigiraf, L50, F|100/100\n|switch|p2b: Incineroar|Incineroar, L50, M|100/100\n|-ability|p1b: Gyarados|Intimidate|boost\n|-unboost|p2a: Farigiraf|atk|1\n|-unboost|p2b: Incineroar|atk|1\n|-ability|p2b: Incineroar|Intimidate|boost\n|-unboost|p1a: Whimsicott|atk|1\n|-unboost|p1b: Gyarados|atk|1\n|turn|1\n|\n|t:|1776581443\n|switch|p1b: Arcanine|Arcanine, L50, F|100/100\n|move|p1a: Whimsicott|Protect|p1a: Whimsicott\n|-singleturn|p1a: Whimsicott|Protect\n|move|p2b: Incineroar|Fake Out|p1b: Arcanine\n|-damage|p1b: Arcanine|89/100\n|move|p2a: Farigiraf|Trick Room|p2a: Farigiraf\n|-fieldstart|move: Trick Room|[of] p2a: Farigiraf\n|\n|-heal|p1b: Arcanine|95/100|[from] item: Leftovers\n|upkeep\n|turn|2\n|\n|t:|1776581464\n|move|p2a: Farigiraf|Psychic|p1b: Arcanine\n|-damage|p1b: Arcanine|46/100\n|move|p2b: Incineroar|Parting Shot|p1b: Arcanine\n|-unboost|p1b: Arcanine|atk|1\n|-unboost|p1b: Arcanine|spa|1\n|\n|t:|1776581472\n|switch|p2b: Crabominable|Crabominable, L50, F|100/100|[from] Parting Shot\n|move|p1a: Whimsicott|Beat Up|p1b: Arcanine\n|-damage|p1b: Arcanine|44/100\n|-ability|p1b: Arcanine|Justified|boost\n|-boost|p1b: Arcanine|atk|1\n|-damage|p1b: Arcanine|42/100\n|-ability|p1b: Arcanine|Justified|boost\n|-boost|p1b: Arcanine|atk|1\n|-damage|p1b: Arcanine|40/100\n|-ability|p1b: Arcanine|Justified|boost\n|-boost|p1b: Arcanine|atk|1\n|-damage|p1b: Arcanine|39/100\n|-ability|p1b: Arcanine|Justified|boost\n|-boost|p1b: Arcanine|atk|1\n|-hitcount|p1b: Arcanine|4\n|move|p1b: Arcanine|Wild Charge|p2b: Crabominable\n|-damage|p2b: Crabominable|19/100\n|-damage|p1b: Arcanine|20/100|[from] Recoil\n|\n|-heal|p1b: Arcanine|26/100|[from] item: Leftovers\n|upkeep\n|turn|3\n|\n|t:|1776581502\n|switch|p1a: Gyarados|Gyarados, L50, M|100/100\n|-ability|p1a: Gyarados|Intimidate|boost\n|-unboost|p2a: Farigiraf|atk|1\n|-fail|p2b: Crabominable|unboost|Attack|[from] ability: Hyper Cutter|[of] p2b: Crabominable\n|detailschange|p2b: Crabominable|Crabominable-Mega, L50, F\n|-mega|p2b: Crabominable|Crabominable|Crabominite\n|move|p1b: Arcanine|Protect|p1b: Arcanine\n|-singleturn|p1b: Arcanine|Protect\n|move|p2a: Farigiraf|Ally Switch|p2a: Farigiraf\n|swap|p2a: Farigiraf|1|[from] move: Ally Switch\n|move|p2a: Crabominable|Bulk Up|p2a: Crabominable\n|-boost|p2a: Crabominable|atk|1\n|-boost|p2a: Crabominable|def|1\n|\n|-heal|p1b: Arcanine|32/100|[from] item: Leftovers\n|upkeep\n|turn|4\n|\n|t:|1776581536\n|move|p2a: Crabominable|Thunder Punch|p1a: Gyarados\n|-supereffective|p1a: Gyarados|2\n|-damage|p1a: Gyarados|0 fnt\n|faint|p1a: Gyarados\n|move|p2b: Farigiraf|Psychic|p1b: Arcanine\n|-damage|p1b: Arcanine|0 fnt\n|faint|p1b: Arcanine\n|\n|upkeep\n|\n|t:|1776581543\n|switch|p1a: Whimsicott|Whimsicott, L50, M|100/100\n|switch|p1b: Floette|Floette-Eternal, L50, F|100/100\n|turn|5\n|\n|t:|1776581572\n|move|p2b: Farigiraf|Helping Hand|p2a: Crabominable\n|-singleturn|p2a: Crabominable|Helping Hand|[of] p2b: Farigiraf\n|move|p1b: Floette|Protect|p1b: Floette\n|-singleturn|p1b: Floette|Protect\n|move|p1a: Whimsicott|Tailwind|p1a: Whimsicott\n|-sidestart|p1: paludd|move: Tailwind\n|move|p2a: Crabominable|Ice Hammer|p1b: Floette\n|-activate|p1b: Floette|move: Protect\n|\n|-fieldend|move: Trick Room\n|upkeep\n|turn|6\n|\n|t:|1776581593\n|switch|p2a: Incineroar|Incineroar, L50, M|100/100\n|-ability|p2a: Incineroar|Intimidate|boost\n|-block|p1a: Whimsicott|ability: Flower Veil|[of] p1b: Floette\n|-unboost|p1b: Floette|atk|1\n|detailschange|p1b: Floette|Floette-Mega, L50, F\n|-mega|p1b: Floette|Floette|Floettite\n|-ability|p1b: Floette|Fairy Aura\n|move|p1a: Whimsicott|Encore||[still]\n|cant|p2b: Farigiraf|ability: Armor Tail|Encore|[of] p1a: Whimsicott\n|move|p1b: Floette|Dazzling Gleam|p2a: Incineroar|[spread] p2a,p2b\n|-damage|p2a: Incineroar|50/100\n|-damage|p2b: Farigiraf|53/100\n|move|p2b: Farigiraf|Trick Room|p2b: Farigiraf\n|-fieldstart|move: Trick Room|[of] p2b: Farigiraf\n|\n|upkeep\n|turn|7\n|\n|t:|1776581614\n|move|p1a: Whimsicott|Protect|p1a: Whimsicott\n|-singleturn|p1a: Whimsicott|Protect\n|move|p1b: Floette|Protect|p1b: Floette\n|-singleturn|p1b: Floette|Protect\n|move|p2a: Incineroar|Fake Out|p1b: Floette\n|-activate|p1b: Floette|move: Protect\n|move|p2b: Farigiraf|Psychic|p1b: Floette\n|-activate|p1b: Floette|move: Protect\n|\n|upkeep\n|turn|8\n|-message|paludd forfeited.\n|\n|win|Steelcrest\n|raw|paludd's rating: 1098 &rarr; <strong>1073</strong><br />(-25 for losing)\n|raw|Steelcrest's rating: 1090 &rarr; <strong>1117</strong><br />(+27 for winning)\n|l|\u2606paludd\n|player|p1|\n",
  "uploadtime": 1776581633,
  "views": 18,
  "formatid": "gen9championsvgc2026regma",
  "rating": 1073,
  "private": 0,
  "password": null
}