{
  "id": "gen9championsvgc2026regma-2581695560",
  "format": "[Gen 9 Champions] VGC 2026 Reg M-A",
  "players": [
    "onir the magician",
    "Espnex"
  ],
  "log": "|j|\u2606onir the magician\n|j|\u2606Espnex\n|t:|1776021369\n|gametype|doubles\n|player|p1|onir the magician|brycenman|1089\n|player|p2|Espnex|169|1127\n|gen|9\n|tier|[Gen 9 Champions] VGC 2026 Reg M-A\n|rated|\n|rule|Species Clause: Limit one of each Pok\u00e9mon\n|rule|Item Clause: Limit 1 of each item\n|clearpoke\n|poke|p1|Delphox, L50, F|\n|poke|p1|Venusaur, L50, M|\n|poke|p1|Incineroar, L50, M|\n|poke|p1|Rotom-Wash, L50|\n|poke|p1|Garchomp, L50, M|\n|poke|p1|Aegislash, L50, M|\n|poke|p2|Noivern, L50, M|\n|poke|p2|Lucario, L50, F|\n|poke|p2|Dragonite, L50, M|\n|poke|p2|Tyrantrum, L50, F|\n|poke|p2|Farigiraf, L50, F|\n|poke|p2|Gallade, L50, M|\n|teampreview|4\n|inactive|Battle timer is ON: inactive players will automatically lose when time's up. (requested by Espnex)\n|inactive|onir the magician has 60 seconds left.\n|\n|t:|1776021425\n|teamsize|p1|4\n|teamsize|p2|4\n|start\n|switch|p1a: Delphox|Delphox, L50, F|100/100\n|switch|p1b: Incineroar|Incineroar, L50, M|100/100\n|switch|p2a: Noivern|Noivern, L50, M|100/100\n|switch|p2b: Lucario|Lucario, L50, F|100/100\n|-ability|p1b: Incineroar|Intimidate|boost\n|-unboost|p2a: Noivern|atk|1\n|-fail|p2b: Lucario|unboost|Attack|[from] ability: Inner Focus|[of] p2b: Lucario\n|turn|1\n|\n|t:|1776021443\n|detailschange|p1a: Delphox|Delphox-Mega, L50, F\n|-mega|p1a: Delphox|Delphox|Delphoxite\n|move|p1b: Incineroar|Fake Out|p2a: Noivern\n|-damage|p2a: Noivern|88/100\n|move|p1a: Delphox|Heat Wave|p2b: Lucario|[spread] p2a,p2b\n|-resisted|p2a: Noivern|1\n|-supereffective|p2b: Lucario|1\n|-damage|p2a: Noivern|62/100\n|-damage|p2b: Lucario|2/100\n|-status|p2a: Noivern|brn\n|cant|p2a: Noivern|flinch\n|move|p2b: Lucario|Final Gambit|p1a: Delphox\n|-damage|p1a: Delphox|99/100\n|faint|p2b: Lucario\n|\n|-damage|p2a: Noivern|55/100 brn|[from] brn\n|upkeep\n|\n|t:|1776021458\n|switch|p2b: Tyrantrum|Tyrantrum, L50, F|100/100\n|turn|2\n|\n|t:|1776021472\n|switch|p1b: Aegislash|Aegislash, L50, M|100/100\n|move|p1a: Delphox|Protect|p1a: Delphox\n|-singleturn|p1a: Delphox|Protect\n|move|p2a: Noivern|Tailwind|p2a: Noivern\n|-sidestart|p2: Espnex|move: Tailwind\n|move|p2b: Tyrantrum|Rock Slide|p1b: Aegislash|[spread] \n|-activate|p1a: Delphox|move: Protect\n|-miss|p2b: Tyrantrum|p1b: Aegislash\n|\n|-damage|p2a: Noivern|49/100 brn|[from] brn\n|upkeep\n|turn|3\n|\n|t:|1776021488\n|switch|p1a: Incineroar|Incineroar, L50, M|100/100\n|-ability|p1a: Incineroar|Intimidate|boost\n|-unboost|p2a: Noivern|atk|1\n|-unboost|p2b: Tyrantrum|atk|1\n|move|p2a: Noivern|Draco Meteor|p1a: Incineroar|[miss]\n|-miss|p2a: Noivern|p1a: Incineroar\n|move|p2b: Tyrantrum|Crunch|p1b: Aegislash\n|-supereffective|p1b: Aegislash|1\n|-damage|p1b: Aegislash|55/100\n|-formechange|p1b: Aegislash|Aegislash-Blade|\n|move|p1b: Aegislash|Iron Head|p2b: Tyrantrum\n|-supereffective|p2b: Tyrantrum|1\n|-damage|p2b: Tyrantrum|39/100\n|\n|-heal|p1b: Aegislash|61/100|[from] item: Leftovers\n|-damage|p2a: Noivern|43/100 brn|[from] brn\n|upkeep\n|turn|4\n|\n|t:|1776021508\n|switch|p1a: Garchomp|Garchomp, L50, M|100/100\n|-formechange|p1b: Aegislash|Aegislash|\n|move|p1b: Aegislash|King's Shield|p1b: Aegislash\n|-singleturn|p1b: Aegislash|Protect\n|move|p2a: Noivern|Air Slash|p1b: Aegislash\n|-activate|p1b: Aegislash|move: Protect\n|move|p2b: Tyrantrum|Crunch|p1b: Aegislash\n|-activate|p1b: Aegislash|move: Protect\n|-unboost|p2b: Tyrantrum|atk|1\n|\n|-heal|p1b: Aegislash|67/100|[from] item: Leftovers\n|-damage|p2a: Noivern|37/100 brn|[from] brn\n|upkeep\n|turn|5\n|\n|t:|1776021525\n|switch|p2b: Dragonite|Dragonite, L50, M|100/100\n|switch|p1a: Incineroar|Incineroar, L50, M|100/100\n|-ability|p1a: Incineroar|Intimidate|boost\n|-unboost|p2a: Noivern|atk|1\n|-unboost|p2b: Dragonite|atk|1\n|move|p2a: Noivern|Draco Meteor|p1a: Incineroar\n|-damage|p1a: Incineroar|59/100\n|-unboost|p2a: Noivern|spa|2\n|-formechange|p1b: Aegislash|Aegislash-Blade|\n|move|p1b: Aegislash|Poltergeist|p2a: Noivern\n|-activate|p2a: Noivern|move: Poltergeist|Focus Sash\n|-damage|p2a: Noivern|0 fnt\n|faint|p2a: Noivern\n|\n|-heal|p1b: Aegislash|73/100|[from] item: Leftovers\n|-sideend|p2: Espnex|move: Tailwind\n|upkeep\n|\n|t:|1776021535\n|switch|p2a: Tyrantrum|Tyrantrum, L50, F|39/100\n|turn|6\n|\n|t:|1776021545\n|switch|p1a: Garchomp|Garchomp, L50, M|100/100\n|detailschange|p2b: Dragonite|Dragonite-Mega, L50, M\n|-mega|p2b: Dragonite|Dragonite|Dragoninite\n|-formechange|p1b: Aegislash|Aegislash|\n|move|p1b: Aegislash|King's Shield|p1b: Aegislash\n|-singleturn|p1b: Aegislash|Protect\n|move|p2a: Tyrantrum|Rock Slide|p1a: Garchomp|[spread] p1a\n|-activate|p1b: Aegislash|move: Protect\n|-resisted|p1a: Garchomp|1\n|-damage|p1a: Garchomp|83/100\n|move|p2b: Dragonite|Flamethrower|p1b: Aegislash\n|-activate|p1b: Aegislash|move: Protect\n|\n|-heal|p1b: Aegislash|79/100|[from] item: Leftovers\n|upkeep\n|turn|7\n|\n|t:|1776021564\n|switch|p1b: Incineroar|Incineroar, L50, M|59/100\n|-ability|p1b: Incineroar|Intimidate|boost\n|-unboost|p2a: Tyrantrum|atk|1\n|-unboost|p2b: Dragonite|atk|1\n|move|p1a: Garchomp|Dragon Claw|p2b: Dragonite\n|-supereffective|p2b: Dragonite|1\n|-damage|p2b: Dragonite|67/100\n|move|p2a: Tyrantrum|Dragon Claw|p1a: Garchomp\n|-supereffective|p1a: Garchomp|1\n|-damage|p1a: Garchomp|28/100\n|-damage|p2a: Tyrantrum|27/100|[from] ability: Rough Skin|[of] p1a: Garchomp\n|move|p2b: Dragonite|Flamethrower|p1b: Incineroar\n|-resisted|p1b: Incineroar|1\n|-damage|p1b: Incineroar|45/100\n|-enditem|p1b: Incineroar|Sitrus Berry|[eat]\n|-heal|p1b: Incineroar|70/100|[from] item: Sitrus Berry\n|\n|upkeep\n|turn|8\n|\n|t:|1776021584\n|move|p1b: Incineroar|Fake Out|p2b: Dragonite\n|-damage|p2b: Dragonite|58/100\n|move|p1a: Garchomp|Dragon Claw|p2a: Tyrantrum\n|-supereffective|p2a: Tyrantrum|1\n|-damage|p2a: Tyrantrum|0 fnt\n|faint|p2a: Tyrantrum\n|cant|p2b: Dragonite|flinch\n|\n|upkeep\n|turn|9\n|\n|t:|1776021590\n|move|p1a: Garchomp|Dragon Claw|p2b: Dragonite\n|-supereffective|p2b: Dragonite|1\n|-damage|p2b: Dragonite|0 fnt\n|faint|p2b: Dragonite\n|\n|win|onir the magician\n",
  "uploadtime": 1776021372,
  "views": 11,
  "formatid": "gen9championsvgc2026regma",
  "rating": null,
  "private": 0,
  "password": null
}