{
  "id": "gen9championsvgc2026regma-2588036281",
  "format": "[Gen 9 Champions] VGC 2026 Reg M-A",
  "players": [
    "AshKetchum680",
    "Scarabocchio"
  ],
  "log": "|j|\u2606AshKetchum680\n|j|\u2606Scarabocchio\n|t:|1776596198\n|gametype|doubles\n|player|p1|AshKetchum680|lucas|1078\n|player|p2|Scarabocchio|170|1035\n|gen|9\n|tier|[Gen 9 Champions] VGC 2026 Reg M-A\n|rated|\n|rule|Species Clause: Limit one of each Pok\u00e9mon\n|rule|Item Clause: Limit 1 of each item\n|clearpoke\n|poke|p1|Dragonite, L50, M, shiny|\n|poke|p1|Talonflame, L50, F, shiny|\n|poke|p1|Vanilluxe, L50, M, shiny|\n|poke|p1|Sneasler, L50, F, shiny|\n|poke|p1|Rotom-Wash, L50, shiny|\n|poke|p1|Ariados, L50, M|\n|poke|p2|Toxapex, L50, M|\n|poke|p2|Farigiraf, L50, F|\n|poke|p2|Garganacl, L50, F|\n|poke|p2|Camerupt, L50, F|\n|poke|p2|Hatterene, L50, F|\n|poke|p2|Steelix, L50, F|\n|teampreview|4\nAshKetchum680 has agreed to open team sheets.\n|c|\u2606Scarabocchio|...\n|c|\u2606Scarabocchio|I'm confused\n|c|\u2606AshKetchum680|same....\n|c|\u2606Scarabocchio|Show me what you got Ash\n|\n|t:|1776596250\n|teamsize|p1|4\n|teamsize|p2|4\n|start\n|switch|p1a: i-scream|Vanilluxe, L50, M, shiny|100/100\n|switch|p1b: Ariados|Ariados, L50, M|100/100\n|switch|p2a: Toxapex|Toxapex, L50, M|100/100\n|switch|p2b: Farigiraf|Farigiraf, L50, F|100/100\n|-weather|Snowscape|[from] ability: Snow Warning|[of] p1a: i-scream\n|turn|1\n|c|\u2606Scarabocchio|If you can't even defeat me, you got no chance against the elite 4\n|c|\u2606AshKetchum680|lol\n|\n|t:|1776596269\n|move|p1a: i-scream|Aurora Veil|p1a: i-scream\n|-sidestart|p1: AshKetchum680|move: Aurora Veil\n|move|p1b: Ariados|Knock Off|p2b: Farigiraf\n|-supereffective|p2b: Farigiraf|1\n|-damage|p2b: Farigiraf|70/100\n|-enditem|p2b: Farigiraf|Sitrus Berry|[from] move: Knock Off|[of] p1b: Ariados\n|move|p2a: Toxapex|Substitute|p2a: Toxapex\n|-start|p2a: Toxapex|Substitute\n|-damage|p2a: Toxapex|76/100\n|move|p2b: Farigiraf|Trick Room|p2b: Farigiraf\n|-fieldstart|move: Trick Room|[of] p2b: Farigiraf\n|\n|-weather|Snowscape|[upkeep]\n|-heal|p2a: Toxapex|81/100|[from] item: Leftovers\n|upkeep\n|turn|2\n|\n|t:|1776596296\n|switch|p2b: Steelix|Steelix, L50, F|100/100\n|move|p1a: i-scream|Protect|p1a: i-scream\n|-singleturn|p1a: i-scream|Protect\n|move|p2a: Toxapex|Toxic|p1a: i-scream\n|-activate|p1a: i-scream|move: Protect\n|move|p1b: Ariados|Knock Off|p2a: Toxapex\n|-activate|p2a: Toxapex|move: Substitute|[damage]\n|\n|-weather|Snowscape|[upkeep]\n|-heal|p2a: Toxapex|87/100|[from] item: Leftovers\n|upkeep\n|turn|3\n|inactive|Battle timer is ON: inactive players will automatically lose when time's up. (requested by AshKetchum680)\n|\n|t:|1776596320\n|detailschange|p2b: Steelix|Steelix-Mega, L50, F\n|-mega|p2b: Steelix|Steelix|Steelixite\n|move|p1b: Ariados|Rage Powder|p1b: Ariados\n|-singleturn|p1b: Ariados|move: Rage Powder\n|move|p2b: Steelix|Curse|p2b: Steelix\n|-unboost|p2b: Steelix|spe|1\n|-boost|p2b: Steelix|atk|1\n|-boost|p2b: Steelix|def|1\n|move|p2a: Toxapex|Muddy Water|p1b: Ariados|[spread] p1a,p1b\n|-damage|p1a: i-scream|90/100\n|-damage|p1b: Ariados|89/100\n|move|p1a: i-scream|Blizzard|p2b: Steelix|[spread] p2a,p2b\n|-resisted|p2a: Toxapex|1\n|-end|p2a: Toxapex|Substitute\n|-damage|p2b: Steelix|60/100\n|\n|-weather|Snowscape|[upkeep]\n|-heal|p2a: Toxapex|93/100|[from] item: Leftovers\n|upkeep\n|turn|4\n|\n|t:|1776596343\n|move|p1a: i-scream|Protect|p1a: i-scream\n|-singleturn|p1a: i-scream|Protect\n|move|p2b: Steelix|Gyro Ball|p1a: i-scream\n|-activate|p1a: i-scream|move: Protect\n|move|p2a: Toxapex|Toxic|p1a: i-scream\n|-activate|p1a: i-scream|move: Protect\n|move|p1b: Ariados|Knock Off|p2a: Toxapex\n|-damage|p2a: Toxapex|75/100\n|-enditem|p2a: Toxapex|Leftovers|[from] move: Knock Off|[of] p1b: Ariados\n|\n|-weather|Snowscape|[upkeep]\n|upkeep\n|turn|5\n|\n|t:|1776596362\n|move|p1b: Ariados|Rage Powder|p1b: Ariados\n|-singleturn|p1b: Ariados|move: Rage Powder\n|move|p2b: Steelix|Gyro Ball|p1b: Ariados\n|-damage|p1b: Ariados|65/100\n|move|p2a: Toxapex|Substitute|p2a: Toxapex\n|-start|p2a: Toxapex|Substitute\n|-damage|p2a: Toxapex|50/100\n|move|p1a: i-scream|Blizzard|p2b: Steelix|[spread] p2a,p2b\n|-resisted|p2a: Toxapex|1\n|-activate|p2a: Toxapex|move: Substitute|[damage]\n|-damage|p2b: Steelix|20/100\n|\n|-weather|none\n|-sideend|p1: AshKetchum680|move: Aurora Veil\n|-fieldend|move: Trick Room\n|upkeep\n|turn|6\n|c|\u2606AshKetchum680|I really dont have any counter for tt teams\n|\n|t:|1776596379\n|switch|p2b: Farigiraf|Farigiraf, L50, F|70/100\n|move|p1b: Ariados|Rage Powder|p1b: Ariados\n|-singleturn|p1b: Ariados|move: Rage Powder\n|move|p1a: i-scream|Freeze-Dry|p2b: Farigiraf\n|-damage|p2b: Farigiraf|38/100\n|move|p2a: Toxapex|Recover|p2a: Toxapex\n|-heal|p2a: Toxapex|100/100\n|\n|upkeep\n|turn|7\n|c|\u2606Scarabocchio|TT?\n|\n|t:|1776596401\n|move|p1a: i-scream|Freeze-Dry|p2b: Farigiraf\n|-crit|p2b: Farigiraf\n|-damage|p2b: Farigiraf|0 fnt\n|faint|p2b: Farigiraf\n|move|p1b: Ariados|Poison Jab|p2a: Toxapex\n|-resisted|p2a: Toxapex|1\n|-activate|p2a: Toxapex|move: Substitute|[damage]\n|move|p2a: Toxapex|Toxic|p1a: i-scream\n|-status|p1a: i-scream|tox\n|\n|-damage|p1a: i-scream|84/100 tox|[from] psn\n|upkeep\n|c|\u2606AshKetchum680|sorry i meant like trick room\n|c|\u2606AshKetchum680|TR\n|\n|t:|1776596413\n|switch|p2b: Hatterene|Hatterene, L50, F|100/100\n|turn|8\n|c|\u2606Scarabocchio|Oh!\n|\n|t:|1776596430\n|switch|p1a: Rotom|Rotom-Wash, L50, shiny|100/100\n|move|p1b: Ariados|Poison Jab|p2b: Hatterene\n|-supereffective|p2b: Hatterene|1\n|-damage|p2b: Hatterene|41/100\n|move|p2a: Toxapex|Muddy Water|p1b: Ariados|[spread] p1a\n|-miss|p2a: Toxapex|p1b: Ariados\n|-resisted|p1a: Rotom|1\n|-crit|p1a: Rotom\n|-damage|p1a: Rotom|90/100\n|move|p2b: Hatterene|Trick Room|p2b: Hatterene\n|-fieldstart|move: Trick Room|[of] p2b: Hatterene\n|\n|upkeep\n|turn|9\n|\n|t:|1776596451\n|move|p1b: Ariados|Protect|p1b: Ariados\n|-singleturn|p1b: Ariados|Protect\n|move|p2b: Hatterene|Psychic Noise|p1b: Ariados\n|-activate|p1b: Ariados|move: Protect\n|move|p2a: Toxapex|Muddy Water|p1a: Rotom|[spread] p1a\n|-activate|p1b: Ariados|move: Protect\n|-resisted|p1a: Rotom|1\n|-damage|p1a: Rotom|84/100\n|move|p1a: Rotom|Thunderbolt|p2b: Hatterene\n|-damage|p2b: Hatterene|2/100\n|\n|upkeep\n|turn|10\n|\n|t:|1776596473\n|switch|p1b: mage orange|Dragonite, L50, M, shiny|100/100\n|move|p1a: Rotom|Protect|p1a: Rotom\n|-singleturn|p1a: Rotom|Protect\n|move|p2b: Hatterene|Psychic Noise|p1b: mage orange\n|-damage|p1b: mage orange|62/100\n|-start|p1b: mage orange|move: Heal Block\n|move|p2a: Toxapex|Toxic|p1a: Rotom\n|-activate|p1a: Rotom|move: Protect\n|\n|upkeep\n|turn|11\n|\n|t:|1776596490\n|switch|p1a: Ariados|Ariados, L50, M|65/100\n|move|p2b: Hatterene|Psychic Noise|p1a: Ariados\n|-supereffective|p1a: Ariados|1\n|-damage|p1a: Ariados|0 fnt\n|faint|p1a: Ariados\n|move|p2a: Toxapex|Toxic|p1b: mage orange\n|-status|p1b: mage orange|tox\n|move|p1b: mage orange|Earthquake|p2a: Toxapex|[spread] p2a,p2b\n|-supereffective|p2a: Toxapex|1\n|-end|p2a: Toxapex|Substitute\n|-damage|p2b: Hatterene|0 fnt\n|faint|p2b: Hatterene\n|\n|-damage|p1b: mage orange|55/100 tox|[from] psn\n|-end|p1b: mage orange|move: Heal Block\n|upkeep\n|\n|t:|1776596506\n|switch|p2b: Steelix|Steelix-Mega, L50, F|20/100\n|switch|p1a: i-scream|Vanilluxe, L50, M, shiny|84/100 tox\n|-weather|Snowscape|[from] ability: Snow Warning|[of] p1a: i-scream\n|turn|12\n|c|\u2606AshKetchum680|ariados is so good rn\n|inactive|Scarabocchio has 30 seconds left.\n|\n|t:|1776596533\n|move|p1b: mage orange|Protect|p1b: mage orange\n|-singleturn|p1b: mage orange|Protect\n|move|p1a: i-scream|Protect|p1a: i-scream\n|-singleturn|p1a: i-scream|Protect\n|move|p2b: Steelix|Gyro Ball|p1a: i-scream\n|-activate|p1a: i-scream|move: Protect\n|move|p2a: Toxapex|Substitute|p2a: Toxapex\n|-start|p2a: Toxapex|Substitute\n|-damage|p2a: Toxapex|76/100\n|\n|-weather|Snowscape|[upkeep]\n|-heal|p1b: mage orange|62/100 tox|[from] item: Leftovers\n|-damage|p1b: mage orange|49/100 tox|[from] psn\n|-damage|p1a: i-scream|77/100 tox|[from] psn\n|-fieldend|move: Trick Room\n|upkeep\n|turn|13\n|\n|t:|1776596554\n|move|p1a: i-scream|Freeze-Dry|p2a: Toxapex\n|-supereffective|p2a: Toxapex|1\n|-end|p2a: Toxapex|Substitute\n|move|p1b: mage orange|Earthquake|p2a: Toxapex|[spread] p1a,p2a,p2b\n|-supereffective|p2a: Toxapex|1\n|-supereffective|p2b: Steelix|1\n|-damage|p1a: i-scream|52/100 tox\n|-damage|p2a: Toxapex|27/100\n|-damage|p2b: Steelix|0 fnt\n|faint|p2b: Steelix\n|move|p2a: Toxapex|Recover|p2a: Toxapex\n|-heal|p2a: Toxapex|78/100\n|\n|-weather|Snowscape|[upkeep]\n|-heal|p1b: mage orange|55/100 tox|[from] item: Leftovers\n|-damage|p1a: i-scream|40/100 tox|[from] psn\n|-damage|p1b: mage orange|37/100 tox|[from] psn\n|upkeep\n|turn|14\n|\n|t:|1776596571\n|move|p1a: i-scream|Freeze-Dry|p2a: Toxapex\n|-supereffective|p2a: Toxapex|1\n|-damage|p2a: Toxapex|34/100\n|move|p1b: mage orange|Dragon Claw|p2a: Toxapex\n|-damage|p2a: Toxapex|0 fnt\n|faint|p2a: Toxapex\n|\n|win|AshKetchum680\n|raw|AshKetchum680's rating: 1078 &rarr; <strong>1103</strong><br />(+25 for winning)\n|raw|Scarabocchio's rating: 1035 &rarr; <strong>1022</strong><br />(-13 for losing)\n|c|\u2606AshKetchum680|gg\n|c|\u2606AshKetchum680|wp\n|c|\u2606Scarabocchio|gg\n|c|\u2606Scarabocchio|I suck\n|l|\u2606Scarabocchio\n|player|p2|\n|c|\u2606AshKetchum680|nah dude\n",
  "uploadtime": 1776596650,
  "views": 11,
  "formatid": "gen9championsvgc2026regma",
  "rating": 1022,
  "private": 0,
  "password": null
}