{
  "id": "gen9championsvgc2026regma-2582411036",
  "format": "[Gen 9 Champions] VGC 2026 Reg M-A",
  "players": [
    "chochitik",
    "no_responze"
  ],
  "log": "|j|\u2606chochitik\n|j|\u2606no_responze\n|t:|1776089908\n|gametype|doubles\n|player|p1|chochitik|zinzolin|1002\n|player|p2|no_responze|burglar|1092\n|gen|9\n|tier|[Gen 9 Champions] VGC 2026 Reg M-A\n|rated|\n|rule|Species Clause: Limit one of each Pok\u00e9mon\n|rule|Item Clause: Limit 1 of each item\n|clearpoke\n|poke|p1|Politoed, L50, F|\n|poke|p1|Gengar, L50, M|\n|poke|p1|Incineroar, L50, F|\n|poke|p1|Palafin, L50, F|\n|poke|p1|Whimsicott, L50, F|\n|poke|p1|Kommo-o, L50, M|\n|poke|p2|Charizard, L50, M|\n|poke|p2|Whimsicott, L50, F|\n|poke|p2|Milotic, L50, M|\n|poke|p2|Garchomp, L50, M|\n|poke|p2|Incineroar, L50, F|\n|poke|p2|Dragonite, L50, M|\n|teampreview|4\n|inactive|Battle timer is ON: inactive players will automatically lose when time's up. (requested by chochitik)\n|inactive|no_responze has 60 seconds left.\n|inactive|chochitik has 60 seconds left.\n|\n|t:|1776089961\n|teamsize|p1|4\n|teamsize|p2|4\n|start\n|switch|p1a: Anaga|Politoed, L50, F, shiny|100/100\n|switch|p1b: Bujaso|Palafin, L50, F, shiny|100/100\n|switch|p2a: Whimsicott|Whimsicott, L50, F|100/100\n|switch|p2b: Charizard|Charizard, L50, M|100/100\n|-weather|RainDance|[from] ability: Drizzle|[of] p1a: Anaga\n|turn|1\n|inactive|chochitik has 30 seconds left.\n|inactive|no_responze has 30 seconds left.\n|\n|t:|1776089994\n|detailschange|p1b: Bujaso|Palafin-Hero, L50, F, shiny\n|switch|p1b: Guayota|Gengar, L50, M, shiny|100/100\n|move|p2b: Charizard|Protect|p2b: Charizard\n|-singleturn|p2b: Charizard|Protect\n|move|p2a: Whimsicott|Fake Tears|p1a: Anaga\n|-unboost|p1a: Anaga|spd|2\n|move|p1a: Anaga|Perish Song|p1a: Anaga\n|-start|p1a: Anaga|perish3|[silent]\n|-start|p1b: Guayota|perish3|[silent]\n|-start|p2a: Whimsicott|perish3|[silent]\n|-start|p2b: Charizard|perish3|[silent]\n|-fieldactivate|move: Perish Song\n|\n|-weather|RainDance|[upkeep]\n|-start|p2a: Whimsicott|perish3\n|-start|p2b: Charizard|perish3\n|-start|p1b: Guayota|perish3\n|-start|p1a: Anaga|perish3\n|upkeep\n|turn|2\n|inactive|no_responze has 30 seconds left.\n|inactive|no_responze has 20 seconds left.\n|\n|t:|1776090032\n|switch|p1a: Bencomo|Incineroar, L50, F|100/100\n|-ability|p1a: Bencomo|Intimidate|boost\n|-unboost|p2a: Whimsicott|atk|1\n|-unboost|p2b: Charizard|atk|1\n|detailschange|p2b: Charizard|Charizard-Mega-Y, L50, M\n|-mega|p2b: Charizard|Charizard|Charizardite Y\n|-weather|SunnyDay|[from] ability: Drought|[of] p2b: Charizard\n|detailschange|p1b: Guayota|Gengar-Mega, L50, M, shiny\n|-mega|p1b: Guayota|Gengar|Gengarite\n|move|p1b: Guayota|Protect|p1b: Guayota\n|-singleturn|p1b: Guayota|Protect\n|move|p2a: Whimsicott|Fake Tears|p1b: Guayota\n|-activate|p1b: Guayota|move: Protect\n|move|p2b: Charizard|Heat Wave|p1b: Guayota|[spread] p1a\n|-activate|p1b: Guayota|move: Protect\n|-resisted|p1a: Bencomo|1\n|-damage|p1a: Bencomo|65/100\n|\n|-weather|SunnyDay|[upkeep]\n|-start|p2a: Whimsicott|perish2\n|-start|p2b: Charizard|perish2\n|-start|p1b: Guayota|perish2\n|upkeep\n|turn|3\n|inactive|chochitik has 30 seconds left.\n|inactive|no_responze has 30 seconds left.\n|\n|t:|1776090060\n|switch|p1b: Anaga|Politoed, L50, F, shiny|100/100\n|-weather|RainDance|[from] ability: Drizzle|[of] p1b: Anaga\n|move|p2b: Charizard|Protect|p2b: Charizard\n|-singleturn|p2b: Charizard|Protect\n|move|p2a: Whimsicott|Fake Tears|p1b: Anaga\n|-unboost|p1b: Anaga|spd|2\n|move|p1a: Bencomo|Parting Shot|p2a: Whimsicott\n|-unboost|p2a: Whimsicott|atk|1\n|-unboost|p2a: Whimsicott|spa|1\n|\n|t:|1776090073\n|switch|p1a: Guayota|Gengar-Mega, L50, M, shiny|100/100|[from] Parting Shot\n|\n|-weather|RainDance|[upkeep]\n|-start|p2a: Whimsicott|perish1\n|-start|p2b: Charizard|perish1\n|upkeep\n|turn|4\n|\n|t:|1776090090\n|move|p1a: Guayota|Protect|p1a: Guayota\n|-singleturn|p1a: Guayota|Protect\n|move|p1b: Anaga|Protect|p1b: Anaga\n|-singleturn|p1b: Anaga|Protect\n|move|p2a: Whimsicott|Sunny Day|p2a: Whimsicott\n|-weather|SunnyDay\n|move|p2b: Charizard|Heat Wave|p1b: Anaga|[spread] \n|-activate|p1a: Guayota|move: Protect\n|-activate|p1b: Anaga|move: Protect\n|\n|-weather|SunnyDay|[upkeep]\n|-start|p2a: Whimsicott|perish0\n|-start|p2b: Charizard|perish0\n|faint|p2a: Whimsicott\n|faint|p2b: Charizard\n|upkeep\n|\n|t:|1776090107\n|switch|p2a: Milotic|Milotic, L50, M|100/100\n|switch|p2b: Incineroar|Incineroar, L50, F|100/100\n|-ability|p2b: Incineroar|Intimidate|boost\n|-unboost|p1a: Guayota|atk|1\n|-unboost|p1b: Anaga|atk|1\n|turn|5\n|inactive|chochitik has 30 seconds left.\n|\n|t:|1776090136\n|move|p2b: Incineroar|Fake Out|p1b: Anaga\n|-damage|p1b: Anaga|92/100\n|move|p1a: Guayota|Perish Song|p1a: Guayota\n|-start|p1a: Guayota|perish3|[silent]\n|-start|p1b: Anaga|perish3|[silent]\n|-start|p2a: Milotic|perish3|[silent]\n|-start|p2b: Incineroar|perish3|[silent]\n|-fieldactivate|move: Perish Song\n|move|p2a: Milotic|Scald|p1a: Guayota\n|-damage|p1a: Guayota|86/100\n|-status|p1a: Guayota|brn\n|cant|p1b: Anaga|flinch\n|\n|-weather|SunnyDay|[upkeep]\n|-heal|p1b: Anaga|98/100|[from] item: Leftovers\n|-damage|p1a: Guayota|80/100 brn|[from] brn\n|-start|p1a: Guayota|perish3\n|-start|p2a: Milotic|perish3\n|-start|p1b: Anaga|perish3\n|-start|p2b: Incineroar|perish3\n|upkeep\n|turn|6\n|inactive|no_responze has 30 seconds left.\n|-message|no_responze forfeited.\n|\n|win|chochitik\n|raw|chochitik's rating: 1002 &rarr; <strong>1052</strong><br />(+50 for winning)\n|raw|no_responze's rating: 1092 &rarr; <strong>1062</strong><br />(-30 for losing)\n|l|\u2606no_responze\n|player|p2|\n",
  "uploadtime": 1776090183,
  "views": 20,
  "formatid": "gen9championsvgc2026regma",
  "rating": 1052,
  "private": 0,
  "password": null
}