{
  "id": "gen9championsvgc2026regma-2581617385",
  "format": "[Gen 9 Champions] VGC 2026 Reg M-A",
  "players": [
    "grumpsdagawd",
    "Zuzu8653"
  ],
  "log": "|j|\u2606grumpsdagawd\n|j|\u2606Zuzu8653\n|t:|1776015473\n|gametype|doubles\n|player|p1|grumpsdagawd|170|1074\n|player|p2|Zuzu8653|elesa|1074\n|gen|9\n|tier|[Gen 9 Champions] VGC 2026 Reg M-A\n|rated|\n|rule|Species Clause: Limit one of each Pok\u00e9mon\n|rule|Item Clause: Limit 1 of each item\n|clearpoke\n|poke|p1|Farigiraf, L50, M|\n|poke|p1|Torkoal, L50, M|\n|poke|p1|Tyranitar, L50, M|\n|poke|p1|Excadrill, L50, M|\n|poke|p1|Slowbro, L50, F|\n|poke|p1|Sinistcha, L50|\n|poke|p2|Hydrapple, L50, F|\n|poke|p2|Palafin, L50, M|\n|poke|p2|Arcanine-Hisui, L50, F|\n|poke|p2|Froslass, L50, F|\n|poke|p2|Orthworm, L50, M|\n|poke|p2|Sableye, L50, M|\n|teampreview|4\n|inactive|Battle timer is ON: inactive players will automatically lose when time's up. (requested by grumpsdagawd)\n|inactive|Zuzu8653 has 60 seconds left.\n|\n|t:|1776015521\n|teamsize|p1|4\n|teamsize|p2|4\n|start\n|switch|p1a: Farigiraf|Farigiraf, L50, M|100/100\n|switch|p1b: Sinistcha|Sinistcha, L50|100/100\n|switch|p2a: Orthworm|Orthworm, L50, M, shiny|100/100\n|switch|p2b: Froslass|Froslass, L50, F, shiny|100/100\n|turn|1\n|inactive|grumpsdagawd has 30 seconds left.\n|\n|t:|1776015546\n|switch|p1b: Slowbro|Slowbro, L50, F|100/100\n|detailschange|p2b: Froslass|Froslass-Mega, L50, F, shiny\n|-mega|p2b: Froslass|Froslass|Froslassite\n|-weather|Snowscape|[from] ability: Snow Warning|[of] p2b: Froslass\n|move|p2b: Froslass|Blizzard|p1b: Slowbro|[spread] p1a,p1b\n|-resisted|p1b: Slowbro|1\n|-damage|p1a: Farigiraf|50/100\n|-damage|p1b: Slowbro|75/100\n|-status|p1b: Slowbro|frz\n|move|p2a: Orthworm|Shed Tail|p2a: Orthworm\n|-start|p2a: Orthworm|Substitute|[from] move: Shed Tail\n|-damage|p2a: Orthworm|50/100\n|-enditem|p2a: Orthworm|Sitrus Berry|[eat]\n|-heal|p2a: Orthworm|75/100|[from] item: Sitrus Berry\n|\n|t:|1776015571\n|switch|p2a: Hydrapple|Hydrapple, L50, F, shiny|100/100|[from] Shed Tail\n|move|p1a: Farigiraf|Trick Room|p1a: Farigiraf\n|-fieldstart|move: Trick Room|[of] p1a: Farigiraf\n|\n|-weather|Snowscape|[upkeep]\n|upkeep\n|turn|2\n|\n|t:|1776015598\n|switch|p1a: Torkoal|Torkoal, L50, M|100/100\n|-weather|SunnyDay|[from] ability: Drought|[of] p1a: Torkoal\n|detailschange|p1b: Slowbro|Slowbro-Mega, L50, F\n|-mega|p1b: Slowbro|Slowbro|Slowbronite\n|cant|p1b: Slowbro|frz\n|move|p2a: Hydrapple|Syrup Bomb|p1b: Slowbro\n|-supereffective|p1b: Slowbro|1\n|-damage|p1b: Slowbro|11/100 frz\n|-start|p1b: Slowbro|Syrup Bomb\n|move|p2b: Froslass|Blizzard|p1a: Torkoal|[spread] p1a,p1b\n|-resisted|p1a: Torkoal|1\n|-resisted|p1b: Slowbro|1\n|-damage|p1a: Torkoal|70/100\n|-damage|p1b: Slowbro|0 fnt\n|faint|p1b: Slowbro\n|\n|-weather|SunnyDay|[upkeep]\n|upkeep\n|\n|t:|1776015614\n|switch|p1b: Sinistcha|Sinistcha, L50|100/100\n|-heal|p1a: Torkoal|95/100|[from] ability: Hospitality|[of] p1b: Sinistcha\n|turn|3\n|\n|t:|1776015628\n|move|p2b: Froslass|Protect|p2b: Froslass\n|-singleturn|p2b: Froslass|Protect\n|move|p1a: Torkoal|Eruption|p2b: Froslass|[spread] p2a\n|-activate|p2b: Froslass|move: Protect\n|-end|p2a: Hydrapple|Substitute\n|move|p2a: Hydrapple|Earth Power|p1a: Torkoal\n|-supereffective|p1a: Torkoal|1\n|-damage|p1a: Torkoal|4/100\n|move|p1b: Sinistcha|Life Dew||[still]|[spread] p1a,p1b\n|-heal|p1a: Torkoal|29/100\n|-fail|p1b: Sinistcha|heal\n|\n|-weather|SunnyDay|[upkeep]\n|upkeep\n|turn|4\n|inactive|grumpsdagawd has 30 seconds left.\n|inactive|grumpsdagawd has 20 seconds left.\n|inactive|grumpsdagawd has 15 seconds left.\n|\n|t:|1776015669\n|switch|p2b: Palafin|Palafin, L50, M, shiny|100/100\n|move|p1a: Torkoal|Heat Wave|p2b: Palafin|[spread] p2a,p2b\n|-resisted|p2b: Palafin|1\n|-damage|p2a: Hydrapple|48/100\n|-damage|p2b: Palafin|60/100\n|-status|p2a: Hydrapple|brn\n|move|p2a: Hydrapple|Earth Power|p1a: Torkoal\n|-supereffective|p1a: Torkoal|1\n|-damage|p1a: Torkoal|0 fnt\n|faint|p1a: Torkoal\n|move|p1b: Sinistcha|Life Dew||[still]\n|-fail|p1b: Sinistcha|heal\n|\n|-weather|SunnyDay|[upkeep]\n|-damage|p2a: Hydrapple|42/100 brn|[from] brn\n|upkeep\n|\n|t:|1776015683\n|switch|p1a: Farigiraf|Farigiraf, L50, M|50/100\n|turn|5\n|inactive|Zuzu8653 has 30 seconds left.\n|\n|t:|1776015709\n|detailschange|p2b: Palafin|Palafin-Hero, L50, M, shiny\n|switch|p2b: Orthworm|Orthworm, L50, M, shiny|75/100\n|move|p2a: Hydrapple|Fickle Beam|p1a: Farigiraf\n|-damage|p1a: Farigiraf|5/100\n|move|p1a: Farigiraf|Hyper Voice|p2b: Orthworm|[spread] p2a,p2b\n|-resisted|p2b: Orthworm|1\n|-damage|p2a: Hydrapple|9/100 brn\n|-damage|p2b: Orthworm|55/100\n|move|p1b: Sinistcha|Matcha Gotcha|p2b: Orthworm|[spread] p2a\n|-miss|p1b: Sinistcha|p2b: Orthworm\n|-resisted|p2a: Hydrapple|2\n|-damage|p2a: Hydrapple|1/100 brn\n|\n|-weather|SunnyDay|[upkeep]\n|-damage|p2a: Hydrapple|0 fnt|[from] brn\n|faint|p2a: Hydrapple\n|-fieldend|move: Trick Room\n|upkeep\n|\n|t:|1776015725\n|switch|p2a: Froslass|Froslass-Mega, L50, F, shiny|100/100\n|-weather|Snowscape|[from] ability: Snow Warning|[of] p2a: Froslass\n|turn|6\n|\n|t:|1776015747\n|move|p1a: Farigiraf|Protect|p1a: Farigiraf\n|-singleturn|p1a: Farigiraf|Protect\n|move|p2a: Froslass|Blizzard|p1a: Farigiraf|[spread] p1b\n|-activate|p1a: Farigiraf|move: Protect\n|-supereffective|p1b: Sinistcha|1\n|-damage|p1b: Sinistcha|7/100\n|move|p2b: Orthworm|Heavy Slam|p1b: Sinistcha\n|-damage|p1b: Sinistcha|0 fnt\n|faint|p1b: Sinistcha\n|\n|-weather|Snowscape|[upkeep]\n|upkeep\n|turn|7\n|c|\u2606Zuzu8653|ggs\n|-message|grumpsdagawd forfeited.\n|\n|win|Zuzu8653\n|raw|grumpsdagawd's rating: 1074 &rarr; <strong>1053</strong><br />(-21 for losing)\n|raw|Zuzu8653's rating: 1074 &rarr; <strong>1103</strong><br />(+29 for winning)\n|l|\u2606grumpsdagawd\n|player|p1|\n",
  "uploadtime": 1776015765,
  "views": 19,
  "formatid": "gen9championsvgc2026regma",
  "rating": 1053,
  "private": 0,
  "password": null
}