{
  "id": "gen9championsvgc2026regma-2586883040",
  "format": "[Gen 9 Champions] VGC 2026 Reg M-A",
  "players": [
    "whistlejacket17",
    "i hate you delta"
  ],
  "log": "|j|\u2606whistlejacket17\n|j|\u2606i hate you delta\n|t:|1776468263\n|gametype|doubles\n|player|p1|whistlejacket17|2|1327\n|player|p2|i hate you delta|102|1349\n|gen|9\n|tier|[Gen 9 Champions] VGC 2026 Reg M-A\n|rated|\n|rule|Species Clause: Limit one of each Pok\u00e9mon\n|rule|Item Clause: Limit 1 of each item\n|clearpoke\n|poke|p1|Gardevoir, L50, M|\n|poke|p1|Incineroar, L50, F|\n|poke|p1|Gyarados, L50, F|\n|poke|p1|Meowscarada, L50, F|\n|poke|p1|Raichu, L50, F|\n|poke|p1|Corviknight, L50, M|\n|poke|p2|Gengar, L50, M|\n|poke|p2|Whimsicott, L50, M|\n|poke|p2|Charizard, L50, F|\n|poke|p2|Incineroar, L50, M|\n|poke|p2|Garchomp, L50, F|\n|poke|p2|Rotom-Wash, L50|\n|teampreview|4\n|inactive|Battle timer is ON: inactive players will automatically lose when time's up. (requested by i hate you delta)\n|\n|t:|1776468308\n|teamsize|p1|4\n|teamsize|p2|4\n|start\n|switch|p1a: Gardevoir|Gardevoir, L50, M|100/100\n|switch|p1b: Meowscarada|Meowscarada, L50, F, shiny|100/100\n|switch|p2a: Garchomp|Garchomp, L50, F|100/100\n|switch|p2b: Rotom|Rotom-Wash, L50|100/100\n|turn|1\n|\n|t:|1776468330\n|detailschange|p1a: Gardevoir|Gardevoir-Mega, L50, M\n|-mega|p1a: Gardevoir|Gardevoir|Gardevoirite\n|move|p2b: Rotom|Protect|p2b: Rotom\n|-singleturn|p2b: Rotom|Protect\n|move|p1b: Meowscarada|U-turn|p2b: Rotom\n|-start|p1b: Meowscarada|typechange|Bug|[from] ability: Protean\n|-activate|p2b: Rotom|move: Protect\n|move|p2a: Garchomp|Earthquake|p1b: Meowscarada|[spread] p1a,p1b\n|-activate|p2b: Rotom|move: Protect\n|-resisted|p1b: Meowscarada|1\n|-damage|p1a: Gardevoir|59/100\n|-damage|p1b: Meowscarada|65/100\n|move|p1a: Gardevoir|Trick Room|p1a: Gardevoir\n|-fieldstart|move: Trick Room|[of] p1a: Gardevoir\n|\n|upkeep\n|turn|2\n|\n|t:|1776468348\n|switch|p2a: Incineroar|Incineroar, L50, M|100/100\n|-ability|p2a: Incineroar|Intimidate|boost\n|-unboost|p1a: Gardevoir|atk|1\n|-unboost|p1b: Meowscarada|atk|1\n|move|p2b: Rotom|Hydro Pump|p1a: Gardevoir\n|-damage|p1a: Gardevoir|26/100\n|move|p1a: Gardevoir|Hyper Voice|p2b: Rotom|[spread] p2a,p2b\n|-damage|p2a: Incineroar|66/100\n|-damage|p2b: Rotom|47/100\n|move|p1b: Meowscarada|U-turn|p2b: Rotom\n|-damage|p2b: Rotom|25/100\n|\n|t:|1776468361\n|switch|p1b: Incineroar|Incineroar, L50, F|100/100|[from] U-turn\n|-ability|p1b: Incineroar|Intimidate|boost\n|-unboost|p2a: Incineroar|atk|1\n|-unboost|p2b: Rotom|atk|1\n|\n|-heal|p2b: Rotom|31/100|[from] item: Leftovers\n|upkeep\n|turn|3\n|\n|t:|1776468376\n|move|p1b: Incineroar|Fake Out|p2b: Rotom\n|-damage|p2b: Rotom|23/100\n|move|p2a: Incineroar|Fake Out|p1a: Gardevoir\n|-damage|p1a: Gardevoir|18/100\n|cant|p2b: Rotom|flinch\n|cant|p1a: Gardevoir|flinch\n|\n|-heal|p2b: Rotom|29/100|[from] item: Leftovers\n|upkeep\n|turn|4\n|inactive|whistlejacket17 has 30 seconds left.\n|\n|t:|1776468406\n|switch|p1a: Corviknight|Corviknight, L50, M|100/100\n|move|p2b: Rotom|Protect|p2b: Rotom\n|-singleturn|p2b: Rotom|Protect\n|move|p1b: Incineroar|Darkest Lariat|p2b: Rotom\n|-activate|p2b: Rotom|move: Protect\n|move|p2a: Incineroar|Darkest Lariat|p1a: Corviknight\n|-damage|p1a: Corviknight|81/100\n|\n|-heal|p2b: Rotom|34/100|[from] item: Leftovers\n|upkeep\n|turn|5\n|\n|t:|1776468424\n|move|p1b: Incineroar|Parting Shot|p2b: Rotom\n|-unboost|p2b: Rotom|atk|1\n|-unboost|p2b: Rotom|spa|1\n|\n|t:|1776468427\n|switch|p1b: Meowscarada|Meowscarada, L50, F, shiny|65/100|[from] Parting Shot\n|move|p2a: Incineroar|Parting Shot|p1b: Meowscarada\n|-unboost|p1b: Meowscarada|atk|1\n|-unboost|p1b: Meowscarada|spa|1\n|\n|t:|1776468433\n|switch|p2a: Gengar|Gengar, L50, M|100/100|[from] Parting Shot\n|move|p1a: Corviknight|Tailwind|p1a: Corviknight\n|-sidestart|p1: whistlejacket17|move: Tailwind\n|move|p2b: Rotom|Hydro Pump|p1b: Meowscarada\n|-resisted|p1b: Meowscarada|1\n|-damage|p1b: Meowscarada|46/100\n|\n|-heal|p2b: Rotom|40/100|[from] item: Leftovers\n|-fieldend|move: Trick Room\n|upkeep\n|turn|6\n|\n|t:|1776468451\n|switch|p2b: Incineroar|Incineroar, L50, M|66/100\n|-ability|p2b: Incineroar|Intimidate|boost\n|-ability|p1a: Corviknight|Mirror Armor\n|-unboost|p2b: Incineroar|atk|1\n|-unboost|p1b: Meowscarada|atk|1\n|detailschange|p2a: Gengar|Gengar-Mega, L50, M\n|-mega|p2a: Gengar|Gengar|Gengarite\n|move|p2a: Gengar|Protect|p2a: Gengar\n|-singleturn|p2a: Gengar|Protect\n|move|p1b: Meowscarada|U-turn|p2b: Incineroar\n|-start|p1b: Meowscarada|typechange|Bug|[from] ability: Protean\n|-damage|p2b: Incineroar|50/100\n|-enditem|p2b: Incineroar|Sitrus Berry|[eat]\n|-heal|p2b: Incineroar|74/100|[from] item: Sitrus Berry\n|\n|t:|1776468463\n|switch|p1b: Incineroar|Incineroar, L50, F|100/100|[from] U-turn\n|-ability|p1b: Incineroar|Intimidate|boost\n|-unboost|p2a: Gengar|atk|1\n|-unboost|p2b: Incineroar|atk|1\n|move|p1a: Corviknight|Brave Bird|p2a: Gengar\n|-activate|p2a: Gengar|move: Protect\n|\n|upkeep\n|turn|7\n|\n|t:|1776468477\n|move|p1b: Incineroar|Fake Out|p2b: Incineroar\n|-damage|p2b: Incineroar|65/100\n|cant|p2b: Incineroar|flinch\n|move|p2a: Gengar|Sludge Bomb|p1b: Incineroar\n|-damage|p1b: Incineroar|57/100\n|move|p1a: Corviknight|Brave Bird|p2a: Gengar\n|-damage|p2a: Gengar|46/100\n|-damage|p1a: Corviknight|69/100|[from] Recoil\n|\n|upkeep\n|turn|8\n|inactive|whistlejacket17 has 30 seconds left.\n|\n|t:|1776468507\n|move|p2a: Gengar|Protect|p2a: Gengar\n|-singleturn|p2a: Gengar|Protect\n|move|p1a: Corviknight|Brave Bird|p2b: Incineroar\n|-damage|p2b: Incineroar|31/100\n|-damage|p1a: Corviknight|58/100|[from] Recoil\n|move|p1b: Incineroar|Darkest Lariat|p2b: Incineroar\n|-resisted|p2b: Incineroar|1\n|-damage|p2b: Incineroar|16/100\n|move|p2b: Incineroar|Parting Shot|p1b: Incineroar\n|-unboost|p1b: Incineroar|atk|1\n|-unboost|p1b: Incineroar|spa|1\n|\n|t:|1776468523\n|switch|p2b: Rotom|Rotom-Wash, L50|40/100|[from] Parting Shot\n|\n|-heal|p2b: Rotom|46/100|[from] item: Leftovers\n|-sideend|p1: whistlejacket17|move: Tailwind\n|upkeep\n|turn|9\n|\n|t:|1776468548\n|move|p2a: Gengar|Taunt|p1a: Corviknight\n|-start|p1a: Corviknight|move: Taunt\n|move|p2b: Rotom|Hydro Pump|p1b: Incineroar|[miss]\n|-miss|p2b: Rotom|p1b: Incineroar\n|cant|p1a: Corviknight|move: Taunt|Roost\n|move|p1b: Incineroar|Parting Shot|p2b: Rotom\n|-unboost|p2b: Rotom|atk|1\n|-unboost|p2b: Rotom|spa|1\n|\n|t:|1776468559\n|switch|p1b: Meowscarada|Meowscarada, L50, F, shiny|46/100|[from] Parting Shot\n|\n|-heal|p2b: Rotom|51/100|[from] item: Leftovers\n|upkeep\n|turn|10\n|\n|t:|1776468568\n|switch|p2b: Incineroar|Incineroar, L50, M|16/100\n|-ability|p2b: Incineroar|Intimidate|boost\n|-ability|p1a: Corviknight|Mirror Armor\n|-unboost|p2b: Incineroar|atk|1\n|-unboost|p1b: Meowscarada|atk|1\n|move|p2a: Gengar|Protect|p2a: Gengar\n|-singleturn|p2a: Gengar|Protect\n|move|p1b: Meowscarada|Flower Trick|p2b: Incineroar\n|-start|p1b: Meowscarada|typechange|Grass|[from] ability: Protean\n|-resisted|p2b: Incineroar|1\n|-crit|p2b: Incineroar\n|-damage|p2b: Incineroar|0 fnt\n|faint|p2b: Incineroar\n|move|p1a: Corviknight|Brave Bird|p2a: Gengar\n|-activate|p2a: Gengar|move: Protect\n|\n|upkeep\n|\n|t:|1776468582\n|switch|p2b: Rotom|Rotom-Wash, L50|51/100\n|turn|11\n|\n|t:|1776468601\n|move|p2b: Rotom|Protect|p2b: Rotom\n|-singleturn|p2b: Rotom|Protect\n|move|p1b: Meowscarada|Flower Trick|p2a: Gengar\n|-resisted|p2a: Gengar|1\n|-crit|p2a: Gengar\n|-damage|p2a: Gengar|0 fnt\n|faint|p2a: Gengar\n|move|p1a: Corviknight|Brave Bird|p2b: Rotom\n|-activate|p2b: Rotom|move: Protect\n|\n|-heal|p2b: Rotom|57/100|[from] item: Leftovers\n|-end|p1a: Corviknight|move: Taunt\n|upkeep\n|-message|i hate you delta forfeited.\n|\n|win|whistlejacket17\n|raw|whistlejacket17's rating: 1327 &rarr; <strong>1348</strong><br />(+21 for winning)\n|raw|i hate you delta's rating: 1349 &rarr; <strong>1328</strong><br />(-21 for losing)\n|l|\u2606i hate you delta\n|player|p2|\n",
  "uploadtime": 1776468620,
  "views": 34,
  "formatid": "gen9championsvgc2026regma",
  "rating": 1328,
  "private": 0,
  "password": null
}