{
  "id": "gen9championsvgc2026regma-2586795141",
  "format": "[Gen 9 Champions] VGC 2026 Reg M-A",
  "players": [
    "Edgex42",
    "sirae"
  ],
  "log": "|j|\u2606Edgex42\n|j|\u2606sirae\n|t:|1776460505\n|gametype|doubles\n|player|p1|Edgex42|265|1056\n|player|p2|sirae|caitlin|1150\n|gen|9\n|tier|[Gen 9 Champions] VGC 2026 Reg M-A\n|rated|\n|rule|Species Clause: Limit one of each Pok\u00e9mon\n|rule|Item Clause: Limit 1 of each item\n|clearpoke\n|poke|p1|Chandelure, L50, M|\n|poke|p1|Whimsicott, L50, M|\n|poke|p1|Tsareena, L50, F|\n|poke|p1|Incineroar, L50, F|\n|poke|p1|Sneasler, L50, M|\n|poke|p1|Primarina, L50, F|\n|poke|p2|Gengar, L50, F|\n|poke|p2|Feraligatr, L50, F|\n|poke|p2|Farigiraf, L50, F|\n|poke|p2|Incineroar, L50, F|\n|poke|p2|Sylveon, L50, F|\n|poke|p2|Hawlucha, L50, F|\n|teampreview|4\n|inactive|Battle timer is ON: inactive players will automatically lose when time's up. (requested by sirae)\n|inactive|sirae has 60 seconds left.\n|inactive|Edgex42 has 60 seconds left.\n|\n|t:|1776460552\n|teamsize|p1|4\n|teamsize|p2|4\n|start\n|switch|p1a: Incineroar|Incineroar, L50, F|100/100\n|switch|p1b: Tsareena|Tsareena, L50, F|100/100\n|switch|p2a: Hawlucha|Hawlucha, L50, F|100/100\n|switch|p2b: Sylveon|Sylveon, L50, F|100/100\n|-ability|p1a: Incineroar|Intimidate|boost\n|-unboost|p2a: Hawlucha|atk|1\n|-unboost|p2b: Sylveon|atk|1\n|-enditem|p2a: Hawlucha|White Herb\n|-clearnegativeboost|p2a: Hawlucha|[silent]\n|turn|1\n|\n|t:|1776460574\n|switch|p2b: Incineroar|Incineroar, L50, F|100/100\n|-ability|p2b: Incineroar|Intimidate|boost\n|-unboost|p1a: Incineroar|atk|1\n|-unboost|p1b: Tsareena|atk|1\n|move|p2a: Hawlucha|Protect|p2a: Hawlucha\n|-singleturn|p2a: Hawlucha|Protect\n|move|p1a: Incineroar|Fake Out|p2b: Incineroar\n|-damage|p2b: Incineroar|93/100\n|move|p1b: Tsareena|Triple Axel|p2a: Hawlucha\n|-activate|p2a: Hawlucha|move: Protect\n|\n|upkeep\n|turn|2\n|inactive|sirae has 30 seconds left.\n|inactive|sirae has 20 seconds left.\n|\n|t:|1776460610\n|switch|p1b: Primarina|Primarina, L50, F|100/100\n|move|p2a: Hawlucha|Acrobatics|p1b: Primarina\n|-crit|p1b: Primarina\n|-damage|p1b: Primarina|9/100\n|move|p2b: Incineroar|Flare Blitz|p1b: Primarina\n|-resisted|p1b: Primarina|1\n|-damage|p1b: Primarina|0 fnt\n|faint|p1b: Primarina\n|-damage|p2b: Incineroar|90/100|[from] Recoil\n|move|p1a: Incineroar|Parting Shot|p2a: Hawlucha\n|-unboost|p2a: Hawlucha|atk|1\n|-unboost|p2a: Hawlucha|spa|1\n|inactive|Edgex42 has 30 seconds left.\n|\n|t:|1776460637\n|switch|p1a: Tsareena|Tsareena, L50, F|100/100|[from] Parting Shot\n|\n|upkeep\n|\n|t:|1776460642\n|switch|p1b: Chandelure|Chandelure, L50, M|100/100\n|turn|3\n|inactive|sirae has 30 seconds left.\n|\n|t:|1776460668\n|detailschange|p1b: Chandelure|Chandelure-Mega, L50, M\n|-mega|p1b: Chandelure|Chandelure|Chandelurite\n|move|p2a: Hawlucha|U-turn|p1a: Tsareena\n|-supereffective|p1a: Tsareena|1\n|-damage|p1a: Tsareena|68/100\n|\n|t:|1776460674\n|switch|p2a: Sylveon|Sylveon, L50, F|100/100|[from] U-turn\n|move|p1a: Tsareena|High Jump Kick|p2b: Incineroar\n|-supereffective|p2b: Incineroar|1\n|-damage|p2b: Incineroar|10/100\n|-enditem|p2b: Incineroar|Sitrus Berry|[eat]\n|-heal|p2b: Incineroar|35/100|[from] item: Sitrus Berry\n|move|p1b: Chandelure|Heat Wave|p2b: Incineroar|[spread] p2a,p2b\n|-resisted|p2b: Incineroar|1\n|-damage|p2a: Sylveon|55/100\n|-damage|p2b: Incineroar|9/100\n|move|p2b: Incineroar|Darkest Lariat|p1b: Chandelure\n|-supereffective|p1b: Chandelure|1\n|-damage|p1b: Chandelure|32/100\n|\n|upkeep\n|turn|4\n|inactive|Edgex42 has 30 seconds left.\n|\n|t:|1776460699\n|move|p1a: Tsareena|High Jump Kick|p2b: Incineroar\n|-supereffective|p2b: Incineroar|1\n|-damage|p2b: Incineroar|0 fnt\n|faint|p2b: Incineroar\n|move|p2a: Sylveon|Hyper Voice|p1a: Tsareena|[spread] p1a,p1b\n|-resisted|p1b: Chandelure|1\n|-damage|p1a: Tsareena|19/100\n|-damage|p1b: Chandelure|15/100\n|move|p1b: Chandelure|Heat Wave|p2a: Sylveon|[miss]\n|-miss|p1b: Chandelure|p2a: Sylveon\n|\n|upkeep\n|\n|t:|1776460719\n|switch|p2b: Hawlucha|Hawlucha, L50, F|100/100\n|turn|5\n|\n|t:|1776460734\n|switch|p1a: Incineroar|Incineroar, L50, F|100/100\n|-ability|p1a: Incineroar|Intimidate|boost\n|-unboost|p2a: Sylveon|atk|1\n|-unboost|p2b: Hawlucha|atk|1\n|move|p1b: Chandelure|Protect|p1b: Chandelure\n|-singleturn|p1b: Chandelure|Protect\n|move|p2a: Sylveon|Hyper Voice|p1b: Chandelure|[spread] p1a\n|-activate|p1b: Chandelure|move: Protect\n|-damage|p1a: Incineroar|74/100\n|move|p2b: Hawlucha|Close Combat|p1a: Incineroar\n|-supereffective|p1a: Incineroar|1\n|-damage|p1a: Incineroar|10/100\n|-unboost|p2b: Hawlucha|def|1\n|-unboost|p2b: Hawlucha|spd|1\n|-enditem|p1a: Incineroar|Sitrus Berry|[eat]\n|-heal|p1a: Incineroar|35/100|[from] item: Sitrus Berry\n|\n|upkeep\n|turn|6\n|inactive|Edgex42 has 30 seconds left.\n|\n|t:|1776460760\n|move|p2b: Hawlucha|Protect|p2b: Hawlucha\n|-singleturn|p2b: Hawlucha|Protect\n|move|p1a: Incineroar|Fake Out|p2b: Hawlucha\n|-activate|p2b: Hawlucha|move: Protect\n|move|p2a: Sylveon|Hyper Voice|p1b: Chandelure|[spread] p1a,p1b\n|-resisted|p1b: Chandelure|1\n|-damage|p1a: Incineroar|7/100\n|-damage|p1b: Chandelure|0 fnt\n|faint|p1b: Chandelure\n|\n|upkeep\n|\n|t:|1776460768\n|switch|p1b: Tsareena|Tsareena, L50, F|19/100\n|turn|7\n|inactive|Edgex42 has 30 seconds left.\n|\n|t:|1776460794\n|switch|p2a: Gengar|Gengar, L50, F|100/100\n|move|p1b: Tsareena|Triple Axel|p2a: Gengar\n|-damage|p2a: Gengar|90/100\n|-damage|p2a: Gengar|74/100\n|-start|p1b: Tsareena|Disable|Triple Axel|[from] ability: Cursed Body|[of] p2a: Gengar\n|-damage|p2a: Gengar|50/100\n|-hitcount|p2a: Gengar|3\n|move|p2b: Hawlucha|U-turn|p1b: Tsareena\n|-supereffective|p1b: Tsareena|1\n|-damage|p1b: Tsareena|0 fnt\n|faint|p1b: Tsareena\n|-message|Edgex42 forfeited.\n|\n|win|sirae\n|raw|Edgex42's rating: 1056 &rarr; <strong>1042</strong><br />(-14 for losing)\n|raw|sirae's rating: 1150 &rarr; <strong>1168</strong><br />(+18 for winning)\n|l|\u2606Edgex42\n|player|p1|\n",
  "uploadtime": 1776460809,
  "views": 20,
  "formatid": "gen9championsvgc2026regma",
  "rating": 1042,
  "private": 0,
  "password": null
}