{
  "id": "gen9championsvgc2026regma-2584782988",
  "format": "[Gen 9 Champions] VGC 2026 Reg M-A",
  "players": [
    "Orangeshadow9",
    "h bjnj"
  ],
  "log": "|j|\u2606Orangeshadow9\n|j|\u2606h bjnj\n|t:|1776283327\n|gametype|doubles\n|player|p1|Orangeshadow9|102|1045\n|player|p2|h bjnj|102|1082\n|gen|9\n|tier|[Gen 9 Champions] VGC 2026 Reg M-A\n|rated|\n|rule|Species Clause: Limit one of each Pok\u00e9mon\n|rule|Item Clause: Limit 1 of each item\n|clearpoke\n|poke|p1|Krookodile, L50, F|\n|poke|p1|Froslass, L50, F|\n|poke|p1|Vivillon, L50, M|\n|poke|p1|Noivern, L50, F|\n|poke|p1|Sneasler, L50, F|\n|poke|p1|Rotom-Heat, L50|\n|poke|p2|Whimsicott, L50, F|\n|poke|p2|Venusaur, L50, M|\n|poke|p2|Charizard, L50, M|\n|poke|p2|Sinistcha, L50|\n|poke|p2|Blastoise, L50, M|\n|poke|p2|Basculegion, L50, M|\n|teampreview|4\n|\n|t:|1776283355\n|teamsize|p1|4\n|teamsize|p2|4\n|start\n|switch|p1a: Noivern|Noivern, L50, F|100/100\n|switch|p1b: Rotom|Rotom-Heat, L50|100/100\n|switch|p2a: Charizard|Charizard, L50, M, shiny|100/100\n|switch|p2b: Venusaur|Venusaur, L50, M, shiny|100/100\n|turn|1\n|\n|t:|1776283378\n|detailschange|p2a: Charizard|Charizard-Mega-Y, L50, M, shiny\n|-mega|p2a: Charizard|Charizard|Charizardite Y\n|-weather|SunnyDay|[from] ability: Drought|[of] p2a: Charizard\n|move|p2b: Venusaur|Growth|p2b: Venusaur\n|-boost|p2b: Venusaur|atk|2\n|-boost|p2b: Venusaur|spa|2\n|move|p1b: Rotom|Volt Switch|p2a: Charizard\n|-supereffective|p2a: Charizard|1\n|-damage|p2a: Charizard|37/100\n|\n|t:|1776283395\n|switch|p1b: Krookodile|Krookodile, L50, F|100/100|[from] Volt Switch\n|move|p1a: Noivern|Tailwind|p1a: Noivern\n|-sidestart|p1: Orangeshadow9|move: Tailwind\n|move|p2a: Charizard|Dragon Pulse|p1a: Noivern\n|-supereffective|p1a: Noivern|1\n|-damage|p1a: Noivern|25/100\n|-enditem|p1a: Noivern|Sitrus Berry|[eat]\n|-heal|p1a: Noivern|49/100|[from] item: Sitrus Berry\n|\n|-weather|SunnyDay|[upkeep]\n|upkeep\n|turn|2\n|\n|t:|1776283437\n|move|p1b: Krookodile|Protect|p1b: Krookodile\n|-singleturn|p1b: Krookodile|Protect\n|move|p1a: Noivern|Dragon Pulse|p2a: Charizard\n|-damage|p2a: Charizard|10/100\n|move|p2b: Venusaur|Growth|p2b: Venusaur\n|-boost|p2b: Venusaur|atk|2\n|-boost|p2b: Venusaur|spa|2\n|move|p2a: Charizard|Heat Wave|p1a: Noivern|[spread] p1a\n|-activate|p1b: Krookodile|move: Protect\n|-resisted|p1a: Noivern|1\n|-crit|p1a: Noivern\n|-damage|p1a: Noivern|0 fnt\n|faint|p1a: Noivern\n|\n|-weather|SunnyDay|[upkeep]\n|upkeep\n|\n|t:|1776283450\n|switch|p1a: Froslass|Froslass, L50, F|100/100\n|turn|3\n|\n|t:|1776283467\n|detailschange|p1a: Froslass|Froslass-Mega, L50, F\n|-mega|p1a: Froslass|Froslass|Froslassite\n|-weather|Snowscape|[from] ability: Snow Warning|[of] p1a: Froslass\n|move|p2a: Charizard|Protect|p2a: Charizard\n|-singleturn|p2a: Charizard|Protect\n|move|p2b: Venusaur|Protect|p2b: Venusaur\n|-singleturn|p2b: Venusaur|Protect\n|move|p1a: Froslass|Blizzard|p2a: Charizard|[spread] \n|-activate|p2a: Charizard|move: Protect\n|-activate|p2b: Venusaur|move: Protect\n|move|p1b: Krookodile|Crunch|p2b: Venusaur\n|-activate|p2b: Venusaur|move: Protect\n|\n|-weather|Snowscape|[upkeep]\n|upkeep\n|turn|4\n|\n|t:|1776283489\n|switch|p1b: Rotom|Rotom-Heat, L50|100/100\n|move|p2a: Charizard|Protect||[still]\n|-fail|p2a: Charizard\n|move|p2b: Venusaur|Protect|p2b: Venusaur\n|-singleturn|p2b: Venusaur|Protect\n|move|p1a: Froslass|Blizzard|p2b: Venusaur|[spread] p2a\n|-activate|p2b: Venusaur|move: Protect\n|-damage|p2a: Charizard|0 fnt\n|faint|p2a: Charizard\n|\n|-weather|Snowscape|[upkeep]\n|-sideend|p1: Orangeshadow9|move: Tailwind\n|upkeep\n|\n|t:|1776283504\n|switch|p2a: Sinistcha|Sinistcha, L50, shiny|100/100\n|turn|5\n|\n|t:|1776283515\n|move|p2a: Sinistcha|Protect|p2a: Sinistcha\n|-singleturn|p2a: Sinistcha|Protect\n|move|p1b: Rotom|Overheat|p2b: Venusaur\n|-supereffective|p2b: Venusaur|1\n|-damage|p2b: Venusaur|0 fnt\n|-unboost|p1b: Rotom|spa|2\n|faint|p2b: Venusaur\n|move|p1a: Froslass|Blizzard|p2a: Sinistcha\n|-activate|p2a: Sinistcha|move: Protect\n|\n|-weather|Snowscape|[upkeep]\n|upkeep\n|\n|t:|1776283527\n|switch|p2b: Basculegion|Basculegion, L50, M|100/100\n|-ability|p2b: Basculegion|Mold Breaker\n|turn|6\n|\n|t:|1776283547\n|switch|p1b: Krookodile|Krookodile, L50, F|100/100\n|move|p2b: Basculegion|Last Respects|p1a: Froslass\n|-supereffective|p1a: Froslass|1\n|-damage|p1a: Froslass|0 fnt\n|faint|p1a: Froslass\n|move|p2a: Sinistcha|Matcha Gotcha|p1b: Krookodile|[miss]\n|-miss|p2a: Sinistcha|p1b: Krookodile\n|\n|-weather|Snowscape|[upkeep]\n|upkeep\n|\n|t:|1776283557\n|switch|p1a: Rotom|Rotom-Heat, L50|100/100\n|turn|7\n|\n|t:|1776283570\n|move|p2a: Sinistcha|Rage Powder|p2a: Sinistcha\n|-singleturn|p2a: Sinistcha|move: Rage Powder\n|move|p1a: Rotom|Shadow Ball|p2a: Sinistcha\n|-supereffective|p2a: Sinistcha|1\n|-damage|p2a: Sinistcha|50/100\n|-enditem|p2a: Sinistcha|Sitrus Berry|[eat]\n|-heal|p2a: Sinistcha|75/100|[from] item: Sitrus Berry\n|move|p2b: Basculegion|Last Respects|p1a: Rotom\n|-damage|p1a: Rotom|0 fnt\n|faint|p1a: Rotom\n|move|p1b: Krookodile|Earthquake|p2a: Sinistcha|[spread] p2a,p2b\n|-resisted|p2a: Sinistcha|1\n|-damage|p2a: Sinistcha|57/100\n|-damage|p2b: Basculegion|50/100\n|\n|-weather|none\n|upkeep\n|turn|8\n|\n|t:|1776283589\n|move|p2b: Basculegion|Last Respects|p1b: Krookodile\n|-resisted|p1b: Krookodile|1\n|-crit|p1b: Krookodile\n|-damage|p1b: Krookodile|36/100\n|-setboost|p1b: Krookodile|atk|6|[from] ability: Anger Point\n|move|p1b: Krookodile|Earthquake|p2b: Basculegion|[spread] p2a,p2b\n|-resisted|p2a: Sinistcha|1\n|-damage|p2a: Sinistcha|0 fnt\n|-damage|p2b: Basculegion|0 fnt\n|faint|p2a: Sinistcha\n|faint|p2b: Basculegion\n|\n|win|Orangeshadow9\n|raw|Orangeshadow9's rating: 1045 &rarr; <strong>1082</strong><br />(+37 for winning)\n|raw|h bjnj's rating: 1082 &rarr; <strong>1057</strong><br />(-25 for losing)\n|l|\u2606h bjnj\n|player|p2|\n",
  "uploadtime": 1776283612,
  "views": 24,
  "formatid": "gen9championsvgc2026regma",
  "rating": 1057,
  "private": 0,
  "password": null
}