{
  "id": "gen9championsvgc2026regma-2588136464",
  "format": "[Gen 9 Champions] VGC 2026 Reg M-A",
  "players": [
    "mrmistyhimself",
    "Juya"
  ],
  "log": "|j|\u2606mrmistyhimself\n|j|\u2606Juya\n|t:|1776608048\n|gametype|doubles\n|player|p1|mrmistyhimself|misty|1331\n|player|p2|Juya|170|1321\n|gen|9\n|tier|[Gen 9 Champions] VGC 2026 Reg M-A\n|rated|\n|rule|Species Clause: Limit one of each Pok\u00e9mon\n|rule|Item Clause: Limit 1 of each item\n|clearpoke\n|poke|p1|Farigiraf, L50, F|\n|poke|p1|Torkoal, L50, F|\n|poke|p1|Incineroar, L50, F, shiny|\n|poke|p1|Blastoise, L50, F|\n|poke|p1|Maushold-Four, L50|\n|poke|p1|Kingambit, L50, F|\n|poke|p2|Tyranitar, L50, M|\n|poke|p2|Excadrill, L50, M|\n|poke|p2|Incineroar, L50, F|\n|poke|p2|Corviknight, L50, M|\n|poke|p2|Sinistcha, L50|\n|poke|p2|Milotic, L50, M|\n|teampreview|4\n|inactive|Battle timer is ON: inactive players will automatically lose when time's up. (requested by Juya)\n|\n|t:|1776608072\n|teamsize|p1|4\n|teamsize|p2|4\n|start\n|switch|p1a: Farigiraf|Farigiraf, L50, F|100/100\n|switch|p1b: Incineroar|Incineroar, L50, F, shiny|100/100\n|switch|p2a: Tyranitar|Tyranitar, L50, M|100/100\n|switch|p2b: Milotic|Milotic, L50, M|100/100\n|-weather|Sandstorm|[from] ability: Sand Stream|[of] p2a: Tyranitar\n|-ability|p1b: Incineroar|Intimidate|boost\n|-unboost|p2a: Tyranitar|atk|1\n|-unboost|p2b: Milotic|atk|1\n|-ability|p2b: Milotic|Competitive|boost\n|-boost|p2b: Milotic|spa|2\n|turn|1\n|\n|t:|1776608096\n|detailschange|p2a: Tyranitar|Tyranitar-Mega, L50, M\n|-mega|p2a: Tyranitar|Tyranitar|Tyranitarite\n|move|p2b: Milotic|Protect|p2b: Milotic\n|-singleturn|p2b: Milotic|Protect\n|move|p1b: Incineroar|Fake Out|p2a: Tyranitar\n|-resisted|p2a: Tyranitar|1\n|-damage|p2a: Tyranitar|97/100\n|cant|p2a: Tyranitar|flinch\n|move|p1a: Farigiraf|Trick Room|p1a: Farigiraf\n|-fieldstart|move: Trick Room|[of] p1a: Farigiraf\n|\n|-weather|Sandstorm|[upkeep]\n|-damage|p1a: Farigiraf|94/100|[from] Sandstorm\n|-damage|p1b: Incineroar|95/100|[from] Sandstorm\n|-damage|p2b: Milotic|95/100|[from] Sandstorm\n|upkeep\n|turn|2\n|\n|t:|1776608120\n|switch|p2a: Excadrill|Excadrill, L50, M|100/100\n|move|p1a: Farigiraf|Psychic|p2b: Milotic\n|-damage|p2b: Milotic|63/100\n|move|p1b: Incineroar|Parting Shot|p2a: Excadrill\n|-unboost|p2a: Excadrill|atk|1\n|-unboost|p2a: Excadrill|spa|1\n|\n|t:|1776608128\n|switch|p1b: Blastoise|Blastoise, L50, F|100/100|[from] Parting Shot\n|move|p2b: Milotic|Scald|p1b: Blastoise\n|-resisted|p1b: Blastoise|1\n|-damage|p1b: Blastoise|75/100\n|-status|p1b: Blastoise|brn\n|\n|-weather|Sandstorm|[upkeep]\n|-damage|p1a: Farigiraf|88/100|[from] Sandstorm\n|-damage|p1b: Blastoise|69/100 brn|[from] Sandstorm\n|-damage|p2b: Milotic|57/100|[from] Sandstorm\n|-damage|p1b: Blastoise|63/100 brn|[from] brn\n|upkeep\n|turn|3\n|\n|t:|1776608145\n|detailschange|p1b: Blastoise|Blastoise-Mega, L50, F\n|-mega|p1b: Blastoise|Blastoise|Blastoisinite\n|move|p2b: Milotic|Protect|p2b: Milotic\n|-singleturn|p2b: Milotic|Protect\n|move|p1a: Farigiraf|Hyper Voice|p2b: Milotic|[spread] p2a\n|-activate|p2b: Milotic|move: Protect\n|-resisted|p2a: Excadrill|1\n|-damage|p2a: Excadrill|79/100\n|move|p1b: Blastoise|Water Spout|p2b: Milotic|[spread] p2a\n|-activate|p2b: Milotic|move: Protect\n|-supereffective|p2a: Excadrill|1\n|-damage|p2a: Excadrill|0 fnt\n|faint|p2a: Excadrill\n|\n|-weather|Sandstorm|[upkeep]\n|-damage|p1a: Farigiraf|82/100|[from] Sandstorm\n|-damage|p1b: Blastoise|57/100 brn|[from] Sandstorm\n|-damage|p2b: Milotic|51/100|[from] Sandstorm\n|-damage|p1b: Blastoise|51/100 brn|[from] brn\n|upkeep\n|\n|t:|1776608156\n|switch|p2a: Sinistcha|Sinistcha, L50|100/100\n|-heal|p2b: Milotic|76/100|[from] ability: Hospitality|[of] p2a: Sinistcha\n|turn|4\n|\n|t:|1776608166\n|move|p1a: Farigiraf|Psychic|p2b: Milotic\n|-damage|p2b: Milotic|48/100\n|move|p1b: Blastoise|Dragon Pulse|p2b: Milotic\n|-damage|p2b: Milotic|15/100\n|move|p2a: Sinistcha|Matcha Gotcha|p1b: Blastoise|[spread] p1a,p1b\n|-crit|p1a: Farigiraf\n|-supereffective|p1b: Blastoise|1\n|-damage|p1a: Farigiraf|50/100\n|-damage|p1b: Blastoise|12/100 brn\n|move|p2b: Milotic|Scald|p1a: Farigiraf\n|-damage|p1a: Farigiraf|0 fnt\n|faint|p1a: Farigiraf\n|\n|-weather|Sandstorm|[upkeep]\n|-damage|p1b: Blastoise|6/100 brn|[from] Sandstorm\n|-damage|p2a: Sinistcha|94/100|[from] Sandstorm\n|-damage|p2b: Milotic|9/100|[from] Sandstorm\n|-damage|p1b: Blastoise|0 fnt|[from] brn\n|faint|p1b: Blastoise\n|upkeep\n|\n|t:|1776608173\n|switch|p1a: Incineroar|Incineroar, L50, F, shiny|95/100\n|switch|p1b: Kingambit|Kingambit, L50, F|100/100\n|-ability|p1a: Incineroar|Intimidate|boost\n|-unboost|p2a: Sinistcha|atk|1\n|-unboost|p2b: Milotic|atk|1\n|-ability|p2b: Milotic|Competitive|boost\n|-boost|p2b: Milotic|spa|2\n|turn|5\n|inactive|Juya has 30 seconds left.\n|inactive|Juya has 20 seconds left.\n|\n|t:|1776608211\n|move|p2b: Milotic|Protect|p2b: Milotic\n|-singleturn|p2b: Milotic|Protect\n|move|p1a: Incineroar|Fake Out|p2b: Milotic\n|-activate|p2b: Milotic|move: Protect\n|move|p1b: Kingambit|Kowtow Cleave|p2a: Sinistcha\n|-supereffective|p2a: Sinistcha|1\n|-damage|p2a: Sinistcha|0 fnt\n|faint|p2a: Sinistcha\n|\n|-weather|none\n|-fieldend|move: Trick Room\n|upkeep\n|\n|t:|1776608219\n|switch|p2a: Tyranitar|Tyranitar-Mega, L50, M|97/100\n|-weather|Sandstorm|[from] ability: Sand Stream|[of] p2a: Tyranitar\n|turn|6\n|\n|t:|1776608228\n|move|p1b: Kingambit|Sucker Punch||[still]\n|-fail|p1b: Kingambit\n|move|p2b: Milotic|Recover|p2b: Milotic\n|-heal|p2b: Milotic|59/100\n|move|p2a: Tyranitar|Low Kick|p1b: Kingambit\n|-supereffective|p1b: Kingambit|2\n|-damage|p1b: Kingambit|0 fnt\n|faint|p1b: Kingambit\n|move|p1a: Incineroar|Parting Shot|p2a: Tyranitar\n|-unboost|p2a: Tyranitar|atk|1\n|-unboost|p2a: Tyranitar|spa|1\n|\n|-weather|Sandstorm|[upkeep]\n|-damage|p2b: Milotic|53/100|[from] Sandstorm\n|-damage|p1a: Incineroar|89/100|[from] Sandstorm\n|upkeep\n|turn|7\n|-message|mrmistyhimself forfeited.\n|\n|win|Juya\n|raw|mrmistyhimself's rating: 1331 &rarr; <strong>1310</strong><br />(-21 for losing)\n|raw|Juya's rating: 1321 &rarr; <strong>1342</strong><br />(+21 for winning)\n|l|\u2606mrmistyhimself\n|player|p1|\n",
  "uploadtime": 1776608244,
  "views": 13,
  "formatid": "gen9championsvgc2026regma",
  "rating": 1310,
  "private": 0,
  "password": null
}