{
  "id": "gen9championsvgc2026regma-2584309185",
  "format": "[Gen 9 Champions] VGC 2026 Reg M-A",
  "players": [
    "bigodade",
    "sltZ"
  ],
  "log": "|j|\u203dbigodade\n|j|\u2606sltZ\n|t:|1776249738\n|gametype|doubles\n|player|p1|bigodade|169|1048\n|player|p2|sltZ|170|1000\n|gen|9\n|tier|[Gen 9 Champions] VGC 2026 Reg M-A\n|rated|\n|rule|Species Clause: Limit one of each Pok\u00e9mon\n|rule|Item Clause: Limit 1 of each item\n|clearpoke\n|poke|p1|Gengar, L50, M|\n|poke|p1|Tyranitar, L50, F|\n|poke|p1|Garchomp, L50, M|\n|poke|p1|Incineroar, L50, M|\n|poke|p1|Sableye, L50, M|\n|poke|p1|Sinistcha, L50|\n|poke|p2|Orthworm, L50, F|\n|poke|p2|Garchomp, L50, F|\n|poke|p2|Froslass, L50, F|\n|poke|p2|Rotom-Frost, L50|\n|poke|p2|Basculegion, L50, M|\n|poke|p2|Incineroar, L50, F|\n|teampreview|4\nsltZ rejected open team sheets.\n|\n|t:|1776249784\n|teamsize|p1|4\n|teamsize|p2|4\n|start\n|switch|p1a: Gengar|Gengar, L50, M|100/100\n|switch|p1b: Sableye|Sableye, L50, M|100/100\n|switch|p2a: Garchomp|Garchomp, L50, F|100/100\n|switch|p2b: Orthworm|Orthworm, L50, F|100/100\n|turn|1\n|\n|t:|1776249800\n|move|p1a: Gengar|Protect|p1a: Gengar\n|-singleturn|p1a: Gengar|Protect\n|move|p1b: Sableye|Will-O-Wisp|p2a: Garchomp\n|-status|p2a: Garchomp|brn\n|move|p2a: Garchomp|Earthquake|p1b: Sableye|[spread] p1b\n|-activate|p1a: Gengar|move: Protect\n|-immune|p2b: Orthworm|[from] ability: Earth Eater\n|-crit|p1b: Sableye\n|-damage|p1b: Sableye|60/100\n|move|p2b: Orthworm|Iron Defense|p2b: Orthworm\n|-boost|p2b: Orthworm|def|2\n|\n|-damage|p2a: Garchomp|94/100 brn|[from] brn\n|upkeep\n|turn|2\n|\n|t:|1776249834\n|detailschange|p1a: Gengar|Gengar-Mega, L50, M\n|-mega|p1a: Gengar|Gengar|Gengarite\n|move|p1b: Sableye|Disable|p2a: Garchomp\n|-start|p2a: Garchomp|Disable|Earthquake\n|move|p1a: Gengar|Substitute|p1a: Gengar\n|-start|p1a: Gengar|Substitute\n|-damage|p1a: Gengar|76/100\n|cant|p2a: Garchomp|Disable|Earthquake\n|move|p2b: Orthworm|Iron Defense|p2b: Orthworm\n|-boost|p2b: Orthworm|def|2\n|\n|-damage|p2a: Garchomp|88/100 brn|[from] brn\n|upkeep\n|turn|3\n|inactive|Battle timer is ON: inactive players will automatically lose when time's up. (requested by bigodade)\n|\n|t:|1776249873\n|move|p1b: Sableye|Encore|p2b: Orthworm\n|-start|p2b: Orthworm|Encore\n|move|p1a: Gengar|Shadow Ball|p2a: Garchomp\n|-damage|p2a: Garchomp|39/100 brn\n|move|p2a: Garchomp|Stone Edge|p1a: Gengar\n|-end|p1a: Gengar|Substitute\n|move|p2b: Orthworm|Iron Defense|p2b: Orthworm\n|-boost|p2b: Orthworm|def|2\n|\n|-damage|p2a: Garchomp|33/100 brn|[from] brn\n|upkeep\n|turn|4\n|\n|t:|1776249892\n|move|p2a: Garchomp|Protect|p2a: Garchomp\n|-singleturn|p2a: Garchomp|Protect\n|move|p1b: Sableye|Will-O-Wisp|p2b: Orthworm|[miss]\n|-miss|p1b: Sableye|p2b: Orthworm\n|move|p1a: Gengar|Shadow Ball|p2a: Garchomp\n|-activate|p2a: Garchomp|move: Protect\n|move|p2b: Orthworm|Iron Defense|p2b: Orthworm\n|-boost|p2b: Orthworm|def|0\n|\n|-damage|p2a: Garchomp|27/100 brn|[from] brn\n|upkeep\n|turn|5\n|\n|t:|1776249911\n|move|p1b: Sableye|Encore|p2a: Garchomp\n|-start|p2a: Garchomp|Encore\n|move|p2a: Garchomp|Protect||[still]\n|-fail|p2a: Garchomp\n|move|p1a: Gengar|Shadow Ball|p2b: Orthworm\n|-damage|p2b: Orthworm|47/100\n|-enditem|p2b: Orthworm|Sitrus Berry|[eat]\n|-heal|p2b: Orthworm|71/100|[from] item: Sitrus Berry\n|move|p2b: Orthworm|Iron Defense|p2b: Orthworm\n|-boost|p2b: Orthworm|def|0\n|\n|-damage|p2a: Garchomp|21/100 brn|[from] brn\n|-end|p2b: Orthworm|Encore\n|-end|p2a: Garchomp|Disable\n|upkeep\n|turn|6\n|\n|t:|1776249931\n|move|p2a: Garchomp|Protect|p2a: Garchomp\n|-singleturn|p2a: Garchomp|Protect\n|move|p1b: Sableye|Encore|p2b: Orthworm\n|-start|p2b: Orthworm|Encore\n|move|p1a: Gengar|Shadow Ball|p2b: Orthworm\n|-damage|p2b: Orthworm|15/100\n|move|p2b: Orthworm|Iron Defense|p2b: Orthworm\n|-boost|p2b: Orthworm|def|0\n|\n|-damage|p2a: Garchomp|15/100 brn|[from] brn\n|upkeep\n|turn|7\n|-message|sltZ forfeited.\n|\n|win|bigodade\n|raw|bigodade's rating: 1048 &rarr; <strong>1076</strong><br />(+28 for winning)\n|raw|sltZ's rating: 1000 &rarr; <strong>1000</strong><br />(+0 for losing)\n|l|\u2606sltZ\n|player|p2|\n",
  "uploadtime": 1776249957,
  "views": 30,
  "formatid": "gen9championsvgc2026regma",
  "rating": 1000,
  "private": 0,
  "password": null
}