{
  "id": "gen9championsvgc2026regma-2583923701",
  "format": "[Gen 9 Champions] VGC 2026 Reg M-A",
  "players": [
    "filipelima0617",
    "jeanmixed"
  ],
  "log": "|j|\u2606filipelima0617\n|j|\u2606jeanmixed\n|t:|1776208694\n|gametype|doubles\n|player|p1|filipelima0617|skier|\n|player|p2|jeanmixed|2|\n|gen|9\n|tier|[Gen 9 Champions] VGC 2026 Reg M-A\n|rule|Species Clause: Limit one of each Pok\u00e9mon\n|rule|Item Clause: Limit 1 of each item\n|clearpoke\n|poke|p1|Gardevoir, L50, F|\n|poke|p1|Toxapex, L50, M|\n|poke|p1|Rotom-Heat, L50|\n|poke|p1|Gengar, L50, F|\n|poke|p1|Dragonite, L50, M|\n|poke|p1|Mamoswine, L50, M|\n|poke|p2|Venusaur, L50, M|\n|poke|p2|Incineroar, L50, M|\n|poke|p2|Milotic, L50, M|\n|poke|p2|Aerodactyl, L50, M|\n|poke|p2|Sableye, L50, F|\n|poke|p2|Scizor, L50, M|\n|teampreview|4\n|j| mofriu4334\n|\n|t:|1776208777\n|teamsize|p1|4\n|teamsize|p2|4\n|start\n|switch|p1a: Gardevoir|Gardevoir, L50, F|100/100\n|switch|p1b: Rotom|Rotom-Heat, L50|100/100\n|switch|p2a: Incineroar|Incineroar, L50, M, shiny|100/100\n|switch|p2b: Sableye|Sableye, L50, F|100/100\n|-ability|p2a: Incineroar|Intimidate|boost\n|-unboost|p1a: Gardevoir|atk|1\n|-unboost|p1b: Rotom|atk|1\n|turn|1\n|l| mofriu4334\n|\n|t:|1776208809\n|detailschange|p1a: Gardevoir|Gardevoir-Mega, L50, F\n|-mega|p1a: Gardevoir|Gardevoir|Gardevoirite\n|move|p2b: Sableye|Protect|p2b: Sableye\n|-singleturn|p2b: Sableye|Protect\n|move|p1b: Rotom|Protect|p1b: Rotom\n|-singleturn|p1b: Rotom|Protect\n|move|p2a: Incineroar|Fake Out|p1a: Gardevoir\n|-damage|p1a: Gardevoir|84/100\n|cant|p1a: Gardevoir|flinch\n|\n|upkeep\n|turn|2\n|\n|t:|1776208848\n|switch|p2a: Milotic|Milotic, L50, M|100/100\n|move|p2b: Sableye|Encore|p1b: Rotom\n|-start|p1b: Rotom|Encore\n|move|p1b: Rotom|Protect||[still]\n|-fail|p1b: Rotom\n|move|p1a: Gardevoir|Hyper Voice|p2b: Sableye|[spread] p2a,p2b\n|-supereffective|p2b: Sableye|1\n|-damage|p2a: Milotic|61/100\n|-damage|p2b: Sableye|0 fnt\n|faint|p2b: Sableye\n|\n|-heal|p2a: Milotic|67/100|[from] item: Leftovers\n|upkeep\n|\n|t:|1776208867\n|switch|p2b: Scizor|Scizor, L50, M, shiny|100/100\n|turn|3\n|\n|t:|1776208888\n|detailschange|p2b: Scizor|Scizor-Mega, L50, M, shiny\n|-mega|p2b: Scizor|Scizor|Scizorite\n|move|p1b: Rotom|Protect|p1b: Rotom\n|-singleturn|p1b: Rotom|Protect\n|move|p2b: Scizor|Bullet Punch|p1a: Gardevoir\n|-supereffective|p1a: Gardevoir|1\n|-damage|p1a: Gardevoir|0 fnt\n|faint|p1a: Gardevoir\n|move|p2a: Milotic|Ice Beam|p1b: Rotom\n|-activate|p1b: Rotom|move: Protect\n|\n|-heal|p2a: Milotic|73/100|[from] item: Leftovers\n|upkeep\n|\n|t:|1776208915\n|switch|p1a: Toxapex|Toxapex, L50, M|100/100\n|turn|4\n|\n|t:|1776208956\n|switch|p1b: Gengar|Gengar, L50, F|100/100\n|move|p1a: Toxapex|Baneful Bunker|p1a: Toxapex\n|-singleturn|p1a: Toxapex|move: Protect\n|move|p2a: Milotic|Scald|p1b: Gengar\n|-damage|p1b: Gengar|39/100\n|-status|p1b: Gengar|brn\n|move|p2b: Scizor|Dual Wingbeat|p1a: Toxapex\n|-activate|p1a: Toxapex|move: Protect\n|\n|-heal|p2a: Milotic|79/100|[from] item: Leftovers\n|-damage|p1b: Gengar|33/100 brn|[from] brn\n|upkeep\n|turn|5\n|\n|t:|1776208991\n|move|p1b: Gengar|Protect|p1b: Gengar\n|-singleturn|p1b: Gengar|Protect\n|move|p2a: Milotic|Protect|p2a: Milotic\n|-singleturn|p2a: Milotic|Protect\n|move|p2b: Scizor|Bullet Punch|p1b: Gengar\n|-activate|p1b: Gengar|move: Protect\n|move|p1a: Toxapex|Chilling Water|p2b: Scizor\n|-damage|p2b: Scizor|88/100\n|-unboost|p2b: Scizor|atk|1\n|\n|-heal|p2a: Milotic|85/100|[from] item: Leftovers\n|-damage|p1b: Gengar|28/100 brn|[from] brn\n|upkeep\n|turn|6\n|j| mofriu4334\n|\n|t:|1776209042\n|move|p2b: Scizor|Bullet Punch|p1b: Gengar\n|-damage|p1b: Gengar|0 fnt\n|-start|p2b: Scizor|Disable|Bullet Punch|[from] ability: Cursed Body|[of] p1b: Gengar\n|faint|p1b: Gengar\n|move|p2a: Milotic|Haze|p2a: Milotic\n|-clearallboost\n|move|p1a: Toxapex|Toxic|p2a: Milotic\n|-status|p2a: Milotic|tox\n|\n|-heal|p2a: Milotic|91/100 tox|[from] item: Leftovers\n|-damage|p2a: Milotic|85/100 tox|[from] psn\n|upkeep\n|\n|t:|1776209056\n|switch|p1b: Rotom|Rotom-Heat, L50|100/100\n|turn|7\n|\n|t:|1776209100\n|move|p1b: Rotom|Thunderbolt|p2a: Milotic\n|-supereffective|p2a: Milotic|1\n|-damage|p2a: Milotic|38/100 tox\n|move|p2a: Milotic|Scald|p1b: Rotom\n|-supereffective|p1b: Rotom|1\n|-damage|p1b: Rotom|19/100\n|-enditem|p1b: Rotom|Sitrus Berry|[eat]\n|-heal|p1b: Rotom|44/100|[from] item: Sitrus Berry\n|move|p2b: Scizor|Dual Wingbeat|p1b: Rotom\n|-resisted|p1b: Rotom|1\n|-damage|p1b: Rotom|33/100\n|-resisted|p1b: Rotom|1\n|-damage|p1b: Rotom|23/100\n|-hitcount|p1b: Rotom|2\n|move|p1a: Toxapex|Chilling Water|p2b: Scizor\n|-damage|p2b: Scizor|76/100\n|-unboost|p2b: Scizor|atk|1\n|\n|-heal|p2a: Milotic|44/100 tox|[from] item: Leftovers\n|-damage|p2a: Milotic|32/100 tox|[from] psn\n|upkeep\n|turn|8\n|\n|t:|1776209132\n|move|p1b: Rotom|Overheat|p2b: Scizor\n|-supereffective|p2b: Scizor|2\n|-damage|p2b: Scizor|0 fnt\n|-unboost|p1b: Rotom|spa|2\n|faint|p2b: Scizor\n|move|p2a: Milotic|Haze|p2a: Milotic\n|-clearallboost\n|move|p1a: Toxapex|Chilling Water|p2a: Milotic\n|-resisted|p2a: Milotic|1\n|-damage|p2a: Milotic|28/100 tox\n|-unboost|p2a: Milotic|atk|1\n|-ability|p2a: Milotic|Competitive|boost\n|-boost|p2a: Milotic|spa|2\n|\n|-heal|p2a: Milotic|34/100 tox|[from] item: Leftovers\n|-damage|p2a: Milotic|16/100 tox|[from] psn\n|upkeep\n|\n|t:|1776209147\n|switch|p2b: Incineroar|Incineroar, L50, M, shiny|100/100\n|-ability|p2b: Incineroar|Intimidate|boost\n|-unboost|p1a: Toxapex|atk|1\n|-unboost|p1b: Rotom|atk|1\n|turn|9\n|\n|t:|1776209160\n|move|p1b: Rotom|Protect|p1b: Rotom\n|-singleturn|p1b: Rotom|Protect\n|move|p2b: Incineroar|Fake Out|p1b: Rotom\n|-activate|p1b: Rotom|move: Protect\n|move|p2a: Milotic|Scald|p1b: Rotom\n|-activate|p1b: Rotom|move: Protect\n|move|p1a: Toxapex|Toxic|p2b: Incineroar\n|-status|p2b: Incineroar|tox\n|\n|-heal|p2a: Milotic|22/100 tox|[from] item: Leftovers\n|-damage|p2a: Milotic|0 fnt|[from] psn\n|faint|p2a: Milotic\n|-damage|p2b: Incineroar|94/100 tox|[from] psn\n|upkeep\n|turn|10\n|\n|t:|1776209187\n|move|p1b: Rotom|Overheat|p2b: Incineroar\n|-resisted|p2b: Incineroar|1\n|-damage|p2b: Incineroar|74/100 tox\n|-unboost|p1b: Rotom|spa|2\n|move|p2b: Incineroar|Darkest Lariat|p1b: Rotom\n|-damage|p1b: Rotom|0 fnt\n|faint|p1b: Rotom\n|move|p1a: Toxapex|Chilling Water|p2b: Incineroar\n|-supereffective|p2b: Incineroar|1\n|-damage|p2b: Incineroar|55/100 tox\n|-unboost|p2b: Incineroar|atk|1\n|\n|-damage|p2b: Incineroar|43/100 tox|[from] psn\n|upkeep\n|-enditem|p2b: Incineroar|Sitrus Berry|[eat]\n|-heal|p2b: Incineroar|67/100 tox|[from] item: Sitrus Berry\n|turn|11\n|\n|t:|1776209258\n|move|p2b: Incineroar|Darkest Lariat|p1a: Toxapex\n|-damage|p1a: Toxapex|83/100\n|move|p1a: Toxapex|Chilling Water|p2b: Incineroar\n|-supereffective|p2b: Incineroar|1\n|-damage|p2b: Incineroar|48/100 tox\n|-unboost|p2b: Incineroar|atk|1\n|\n|-heal|p1a: Toxapex|89/100|[from] item: Leftovers\n|-damage|p2b: Incineroar|29/100 tox|[from] psn\n|upkeep\n|turn|12\n|-message|jeanmixed forfeited.\n|\n|win|filipelima0617\n|l|\u2606jeanmixed\n|player|p2|\n",
  "uploadtime": 1776209305,
  "views": 18,
  "formatid": "gen9championsvgc2026regma",
  "rating": null,
  "private": 0,
  "password": null
}