{
  "id": "gen9championsvgc2026regma-2580949373",
  "format": "[Gen 9 Champions] VGC 2026 Reg M-A",
  "players": [
    "Ample_Apostle",
    "Kiryuri"
  ],
  "log": "|j|\u2606Ample_Apostle\n|j|\u2606Kiryuri\n|t:|1775945920\n|gametype|doubles\n|player|p1|Ample_Apostle|170|1119\n|player|p2|Kiryuri|acetrainerf|1178\n|gen|9\n|tier|[Gen 9 Champions] VGC 2026 Reg M-A\n|rated|\n|rule|Species Clause: Limit one of each Pok\u00e9mon\n|rule|Item Clause: Limit 1 of each item\n|clearpoke\n|poke|p1|Chimecho, L50, F|\n|poke|p1|Sinistcha, L50|\n|poke|p1|Audino, L50, M|\n|poke|p1|Slowbro, L50, M|\n|poke|p1|Camerupt, L50, M|\n|poke|p1|Clefable, L50, F|\n|poke|p2|Corviknight, L50, F|\n|poke|p2|Gardevoir, L50, F|\n|poke|p2|Garchomp, L50, F|\n|poke|p2|Sinistcha, L50|\n|poke|p2|Dragonite, L50, F|\n|poke|p2|Sneasler, L50, F|\n|teampreview|4\n|inactive|Battle timer is ON: inactive players will automatically lose when time's up. (requested by Kiryuri)\nKiryuri has agreed to open team sheets.\n|inactive|Ample_Apostle has 60 seconds left.\n|inactive|Kiryuri has 60 seconds left.\n|\n|t:|1775945973\n|teamsize|p1|4\n|teamsize|p2|4\n|start\n|switch|p1a: Audino|Audino, L50, M|100/100\n|switch|p1b: Chimecho|Chimecho, L50, F|100/100\n|switch|p2a: Sinistcha|Sinistcha, L50|100/100\n|switch|p2b: Gardevoir|Gardevoir, L50, F, shiny|100/100\n|turn|1\n|\n|t:|1775945993\n|detailschange|p2b: Gardevoir|Gardevoir-Mega, L50, F, shiny\n|-mega|p2b: Gardevoir|Gardevoir|Gardevoirite\n|detailschange|p1b: Chimecho|Chimecho-Mega, L50, F\n|-mega|p1b: Chimecho|Chimecho|Chimechite\n|move|p2a: Sinistcha|Rage Powder|p2a: Sinistcha\n|-singleturn|p2a: Sinistcha|move: Rage Powder\n|move|p2b: Gardevoir|Hyper Voice|p1b: Chimecho|[spread] p1a,p1b\n|-crit|p1a: Audino\n|-resisted|p1b: Chimecho|1\n|-damage|p1a: Audino|30/100\n|-damage|p1b: Chimecho|79/100\n|move|p1b: Chimecho|Flash Cannon|p2a: Sinistcha\n|-damage|p2a: Sinistcha|63/100\n|move|p1a: Audino|Light Screen|p1a: Audino\n|-sidestart|p1: Ample_Apostle|move: Light Screen\n|\n|upkeep\n|turn|2\n|inactive|Ample_Apostle has 30 seconds left.\n|\n|t:|1775946019\n|move|p2a: Sinistcha|Rage Powder|p2a: Sinistcha\n|-singleturn|p2a: Sinistcha|move: Rage Powder\n|move|p2b: Gardevoir|Hyper Voice|p1b: Chimecho|[spread] p1a,p1b\n|-resisted|p1b: Chimecho|1\n|-damage|p1a: Audino|2/100\n|-damage|p1b: Chimecho|64/100\n|move|p1b: Chimecho|Flash Cannon|p2a: Sinistcha\n|-damage|p2a: Sinistcha|24/100\n|move|p1a: Audino|Trick Room|p1a: Audino\n|-fieldstart|move: Trick Room|[of] p1a: Audino\n|\n|upkeep\n|turn|3\n|\n|t:|1775946043\n|move|p2b: Gardevoir|Protect|p2b: Gardevoir\n|-singleturn|p2b: Gardevoir|Protect\n|move|p1a: Audino|Hyper Voice|p2b: Gardevoir|[spread] \n|-activate|p2b: Gardevoir|move: Protect\n|-immune|p2a: Sinistcha\n|move|p1b: Chimecho|Flash Cannon|p2b: Gardevoir\n|-activate|p2b: Gardevoir|move: Protect\n|move|p2a: Sinistcha|Matcha Gotcha|p1b: Chimecho|[spread] p1a,p1b\n|-resisted|p1b: Chimecho|1\n|-damage|p1a: Audino|0 fnt\n|-heal|p2a: Sinistcha|25/100|[from] drain|[of] p1a: Audino\n|-damage|p1b: Chimecho|57/100\n|-heal|p2a: Sinistcha|29/100|[from] drain|[of] p1b: Chimecho\n|faint|p1a: Audino\n|\n|upkeep\n|\n|t:|1775946063\n|switch|p1a: Camerupt|Camerupt, L50, M|100/100\n|turn|4\n|inactive|Kiryuri has 30 seconds left.\n|\n|t:|1775946097\n|switch|p2b: Corviknight|Corviknight, L50, F, shiny|100/100\n|move|p1a: Camerupt|Eruption|p2a: Sinistcha|[spread] p2a,p2b\n|-supereffective|p2a: Sinistcha|1\n|-enditem|p2a: Sinistcha|Occa Berry|[eat]\n|-enditem|p2a: Sinistcha|Occa Berry|[weaken]\n|-supereffective|p2b: Corviknight|1\n|-damage|p2a: Sinistcha|0 fnt\n|-damage|p2b: Corviknight|1/100\n|faint|p2a: Sinistcha\n|move|p1b: Chimecho|Draining Kiss|p2b: Corviknight\n|-resisted|p2b: Corviknight|1\n|-damage|p2b: Corviknight|0 fnt\n|-heal|p1b: Chimecho|58/100|[from] drain|[of] p2b: Corviknight\n|faint|p2b: Corviknight\n|\n|upkeep\n|\n|t:|1775946110\n|switch|p2b: Sneasler|Sneasler, L50, F, shiny|100/100\n|switch|p2a: Gardevoir|Gardevoir-Mega, L50, F, shiny|100/100\n|turn|5\n|\n|t:|1775946133\n|move|p2b: Sneasler|Fake Out|p1a: Camerupt\n|-damage|p1a: Camerupt|81/100\n|cant|p1a: Camerupt|flinch\n|move|p1b: Chimecho|Recover|p1b: Chimecho\n|-heal|p1b: Chimecho|100/100\n|move|p2a: Gardevoir|Hyper Voice|p1b: Chimecho|[spread] p1a,p1b\n|-resisted|p1a: Camerupt|1\n|-resisted|p1b: Chimecho|1\n|-damage|p1a: Camerupt|58/100\n|-damage|p1b: Chimecho|86/100\n|\n|-sideend|p1: Ample_Apostle|move: Light Screen\n|upkeep\n|turn|6\n|\n|t:|1775946151\n|move|p2a: Gardevoir|Protect|p2a: Gardevoir\n|-singleturn|p2a: Gardevoir|Protect\n|move|p1a: Camerupt|Scorching Sands|p2b: Sneasler\n|-supereffective|p2b: Sneasler|1\n|-damage|p2b: Sneasler|15/100\n|move|p1b: Chimecho|Flash Cannon|p2a: Gardevoir\n|-activate|p2a: Gardevoir|move: Protect\n|move|p2b: Sneasler|Close Combat|p1b: Chimecho\n|-damage|p1b: Chimecho|31/100\n|-unboost|p2b: Sneasler|def|1\n|-unboost|p2b: Sneasler|spd|1\n|\n|-fieldend|move: Trick Room\n|upkeep\n|turn|7\n|\n|t:|1775946171\n|move|p2b: Sneasler|Close Combat|p1a: Camerupt\n|-damage|p1a: Camerupt|0 fnt\n|-unboost|p2b: Sneasler|def|1\n|-unboost|p2b: Sneasler|spd|1\n|faint|p1a: Camerupt\n|move|p2a: Gardevoir|Hyper Voice|p1b: Chimecho\n|-resisted|p1b: Chimecho|1\n|-damage|p1b: Chimecho|0 fnt\n|faint|p1b: Chimecho\n|\n|upkeep\n|\n|t:|1775946182\n|switch|p1b: Clefable|Clefable, L50, F|100/100\n|turn|8\n|\n|t:|1775946188\n|move|p2b: Sneasler|Dire Claw|p1b: Clefable\n|-supereffective|p1b: Clefable|1\n|-damage|p1b: Clefable|14/100\n|-status|p1b: Clefable|par\n|move|p2a: Gardevoir|Hyper Voice|p1b: Clefable\n|-damage|p1b: Clefable|0 fnt\n|faint|p1b: Clefable\n|\n|win|Kiryuri\n|raw|Ample_Apostle's rating: 1119 &rarr; <strong>1098</strong><br />(-21 for losing)\n|raw|Kiryuri's rating: 1178 &rarr; <strong>1199</strong><br />(+21 for winning)\n|l|\u2606Ample_Apostle\n|player|p1|\n",
  "uploadtime": 1775946205,
  "views": 13,
  "formatid": "gen9championsvgc2026regma",
  "rating": 1098,
  "private": 0,
  "password": null
}