{
  "id": "gen9championsvgc2026regma-2583043213",
  "format": "[Gen 9 Champions] VGC 2026 Reg M-A",
  "players": [
    "MauveMoth",
    "pokesaymo"
  ],
  "log": "|j|\u2606MauveMoth\n|j|\u2606pokesaymo\n|t:|1776136064\n|gametype|doubles\n|player|p1|MauveMoth|bugcatcher-gen4dp|1000\n|player|p2|pokesaymo|blackbelt-gen4dp|1000\n|gen|9\n|tier|[Gen 9 Champions] VGC 2026 Reg M-A\n|rated|\n|rule|Species Clause: Limit one of each Pok\u00e9mon\n|rule|Item Clause: Limit 1 of each item\n|clearpoke\n|poke|p1|Floette-Eternal, L50, F|\n|poke|p1|Araquanid, L50, M|\n|poke|p1|Alcremie-Ruby-Cream, L50, F|\n|poke|p1|Decidueye-Hisui, L50, F|\n|poke|p1|Tauros-Paldea-Blaze, L50, M|\n|poke|p1|Manectric, L50, M|\n|poke|p2|Floette-Eternal, L50, F|\n|poke|p2|Archaludon, L50, F|\n|poke|p2|Incineroar, L50, F|\n|poke|p2|Meganium, L50, F|\n|poke|p2|Sinistcha, L50|\n|poke|p2|Pelipper, L50, F|\n|teampreview|4\n|inactive|Battle timer is ON: inactive players will automatically lose when time's up. (requested by MauveMoth)\nMauveMoth has agreed to open team sheets.\n|inactive|pokesaymo has 60 seconds left.\n|inactive|pokesaymo has 30 seconds left.\n|inactive|pokesaymo has 20 seconds left.\n|inactive|pokesaymo has 15 seconds left.\n|inactive|pokesaymo has 10 seconds left.\n|\n|t:|1776136147\n|teamsize|p1|4\n|teamsize|p2|4\n|start\n|switch|p1a: Araquanid|Araquanid, L50, M|100/100\n|switch|p1b: Tauros|Tauros-Paldea-Blaze, L50, M|100/100\n|switch|p2a: Pelipper|Pelipper, L50, F|100/100\n|switch|p2b: Incineroar|Incineroar, L50, F|100/100\n|-ability|p1b: Tauros|Intimidate|boost\n|-unboost|p2a: Pelipper|atk|1\n|-unboost|p2b: Incineroar|atk|1\n|-weather|RainDance|[from] ability: Drizzle|[of] p2a: Pelipper\n|-ability|p2b: Incineroar|Intimidate|boost\n|-unboost|p1a: Araquanid|atk|1\n|-unboost|p1b: Tauros|atk|1\n|turn|1\n|\n|t:|1776136169\n|move|p2b: Incineroar|Helping Hand|p2a: Pelipper\n|-singleturn|p2a: Pelipper|Helping Hand|[of] p2b: Incineroar\n|move|p1b: Tauros|Protect|p1b: Tauros\n|-singleturn|p1b: Tauros|Protect\n|move|p2a: Pelipper|Hurricane|p1a: Araquanid\n|-supereffective|p1a: Araquanid|1\n|-damage|p1a: Araquanid|0 fnt\n|faint|p1a: Araquanid\n|\n|-weather|RainDance|[upkeep]\n|upkeep\n|\n|t:|1776136181\n|switch|p1a: Decidueye|Decidueye-Hisui, L50, F|100/100\n|turn|2\n|\n|t:|1776136198\n|switch|p1b: Floette|Floette-Eternal, L50, F|100/100\n|move|p2a: Pelipper|Hurricane|p1a: Decidueye\n|-supereffective|p1a: Decidueye|2\n|-enditem|p1a: Decidueye|Coba Berry|[eat]\n|-enditem|p1a: Decidueye|Coba Berry|[weaken]\n|-damage|p1a: Decidueye|14/100\n|move|p2b: Incineroar|Parting Shot|p1a: Decidueye\n|-block|p1a: Decidueye|ability: Flower Veil|[of] p1b: Floette\n|move|p1a: Decidueye|Triple Arrows|p2b: Incineroar\n|-supereffective|p2b: Incineroar|1\n|-damage|p2b: Incineroar|15/100\n|-enditem|p2b: Incineroar|Sitrus Berry|[eat]\n|-heal|p2b: Incineroar|40/100|[from] item: Sitrus Berry\n|\n|-weather|RainDance|[upkeep]\n|upkeep\n|turn|3\n|inactive|MauveMoth has 30 seconds left.\n|\n|t:|1776136228\n|switch|p1a: Tauros|Tauros-Paldea-Blaze, L50, M|100/100\n|-ability|p1a: Tauros|Intimidate|boost\n|-unboost|p2a: Pelipper|atk|1\n|-unboost|p2b: Incineroar|atk|1\n|detailschange|p1b: Floette|Floette-Mega, L50, F\n|-mega|p1b: Floette|Floette|Floettite\n|-ability|p1b: Floette|Fairy Aura\n|move|p1b: Floette|Calm Mind|p1b: Floette\n|-boost|p1b: Floette|spa|1\n|-boost|p1b: Floette|spd|1\n|move|p2a: Pelipper|Hurricane|p1a: Tauros\n|-supereffective|p1a: Tauros|1\n|-damage|p1a: Tauros|0 fnt\n|faint|p1a: Tauros\n|move|p2b: Incineroar|Flare Blitz|p1b: Floette\n|-damage|p1b: Floette|86/100\n|-damage|p2b: Incineroar|37/100|[from] Recoil\n|\n|-weather|RainDance|[upkeep]\n|upkeep\n|\n|t:|1776136247\n|switch|p1a: Decidueye|Decidueye-Hisui, L50, F|14/100\n|turn|4\n|inactive|pokesaymo has 30 seconds left.\n|inactive|pokesaymo has 20 seconds left.\n|\n|t:|1776136282\n|switch|p2b: Sinistcha|Sinistcha, L50|100/100\n|move|p1a: Decidueye|Shadow Sneak|p2a: Pelipper\n|-damage|p2a: Pelipper|83/100\n|move|p1b: Floette|Dazzling Gleam|p2b: Sinistcha|[spread] p2a,p2b\n|-damage|p2a: Pelipper|3/100\n|-damage|p2b: Sinistcha|41/100\n|move|p2a: Pelipper|Hurricane|p1a: Decidueye\n|-supereffective|p1a: Decidueye|2\n|-damage|p1a: Decidueye|0 fnt\n|faint|p1a: Decidueye\n|\n|-weather|RainDance|[upkeep]\n|upkeep\n|turn|5\n|\n|t:|1776136299\n|move|p2a: Pelipper|Protect|p2a: Pelipper\n|-singleturn|p2a: Pelipper|Protect\n|move|p1b: Floette|Dazzling Gleam|p2a: Pelipper|[spread] p2b\n|-activate|p2a: Pelipper|move: Protect\n|-damage|p2b: Sinistcha|0 fnt\n|faint|p2b: Sinistcha\n|\n|-weather|none\n|upkeep\n|\n|t:|1776136306\n|switch|p2b: Meganium|Meganium, L50, F|100/100\n|turn|6\n|\n|t:|1776136323\n|detailschange|p2b: Meganium|Meganium-Mega, L50, F\n|-mega|p2b: Meganium|Meganium|Meganiumite\n|move|p1b: Floette|Dazzling Gleam|p2b: Meganium|[spread] p2a,p2b\n|-damage|p2a: Pelipper|0 fnt\n|-damage|p2b: Meganium|44/100\n|faint|p2a: Pelipper\n|move|p2b: Meganium|Weather Ball|p1b: Floette\n|-damage|p1b: Floette|53/100\n|\n|upkeep\n|\n|t:|1776136325\n|switch|p2a: Incineroar|Incineroar, L50, F|37/100\n|-ability|p2a: Incineroar|Intimidate|boost\n|-unboost|p1b: Floette|atk|1\n|turn|7\n|\n|t:|1776136335\n|move|p2a: Incineroar|Helping Hand|p2b: Meganium\n|-singleturn|p2b: Meganium|Helping Hand|[of] p2a: Incineroar\n|move|p1b: Floette|Dazzling Gleam|p2b: Meganium|[spread] p2a,p2b\n|-damage|p2a: Incineroar|0 fnt\n|-damage|p2b: Meganium|0 fnt\n|faint|p2a: Incineroar\n|faint|p2b: Meganium\n|\n|win|MauveMoth\n|raw|MauveMoth's rating: 1000 &rarr; <strong>1040</strong><br />(+40 for winning)\n|raw|pokesaymo's rating: 1000 &rarr; <strong>1000</strong><br />(+0 for losing)\n|l|\u2606pokesaymo\n|player|p2|\n|c|\u2606MauveMoth|gg\n",
  "uploadtime": 1776136345,
  "views": 18,
  "formatid": "gen9championsvgc2026regma",
  "rating": 1000,
  "private": 0,
  "password": null
}