{
  "id": "gen9championsvgc2026regma-2587792642",
  "format": "[Gen 9 Champions] VGC 2026 Reg M-A",
  "players": [
    "Wabit Team",
    "AidzPlayz"
  ],
  "log": "|j|\u2606Wabit Team\n|j|\u2606AidzPlayz\n|t:|1776564513\n|gametype|doubles\n|player|p1|Wabit Team|169|1227\n|player|p2|AidzPlayz|ghetsis-gen5bw|1265\n|gen|9\n|tier|[Gen 9 Champions] VGC 2026 Reg M-A\n|rated|\n|rule|Species Clause: Limit one of each Pok\u00e9mon\n|rule|Item Clause: Limit 1 of each item\n|clearpoke\n|poke|p1|Scovillain, L50, F|\n|poke|p1|Farigiraf, L50, F|\n|poke|p1|Torkoal, L50, M|\n|poke|p1|Aegislash, L50, F|\n|poke|p1|Primarina, L50, M|\n|poke|p1|Sinistcha, L50|\n|poke|p2|Aerodactyl, L50, M|\n|poke|p2|Incineroar, L50, F|\n|poke|p2|Floette-Eternal, L50, F|\n|poke|p2|Basculegion, L50, M|\n|poke|p2|Garchomp, L50, M|\n|poke|p2|Sneasler, L50, M|\n|teampreview|4\n|inactive|Battle timer is ON: inactive players will automatically lose when time's up. (requested by AidzPlayz)\n|\n|t:|1776564556\n|teamsize|p1|4\n|teamsize|p2|4\n|start\n|switch|p1a: Gif|Farigiraf, L50, F|100/100\n|switch|p1b: Scovillain|Scovillain, L50, F|100/100\n|switch|p2a: Floette|Floette-Eternal, L50, F|100/100\n|switch|p2b: Incineroar|Incineroar, L50, F|100/100\n|-ability|p2b: Incineroar|Intimidate|boost\n|-unboost|p1a: Gif|atk|1\n|-unboost|p1b: Scovillain|atk|1\n|turn|1\n|inactive|AidzPlayz has 30 seconds left.\n|\n|t:|1776564590\n|detailschange|p2a: Floette|Floette-Mega, L50, F\n|-mega|p2a: Floette|Floette|Floettite\n|-ability|p2a: Floette|Fairy Aura\n|detailschange|p1b: Scovillain|Scovillain-Mega, L50, F\n|-mega|p1b: Scovillain|Scovillain|Scovillainite\n|move|p1b: Scovillain|Rage Powder|p1b: Scovillain\n|-singleturn|p1b: Scovillain|move: Rage Powder\n|move|p2a: Floette|Moonblast|p1b: Scovillain\n|-resisted|p1b: Scovillain|1\n|-damage|p1b: Scovillain|69/100\n|-status|p2a: Floette|brn|[from] ability: Spicy Spray|[of] p1b: Scovillain\n|move|p2b: Incineroar|Flare Blitz|p1b: Scovillain\n|-damage|p1b: Scovillain|9/100\n|-immune|p2b: Incineroar\n|-damage|p2b: Incineroar|84/100|[from] Recoil\n|move|p1a: Gif|Trick Room|p1a: Gif\n|-fieldstart|move: Trick Room|[of] p1a: Gif\n|\n|-damage|p2a: Floette|94/100 brn|[from] brn\n|upkeep\n|turn|2\n|\n|t:|1776564614\n|move|p2a: Floette|Protect|p2a: Floette\n|-singleturn|p2a: Floette|Protect\n|move|p1a: Gif|Hyper Voice|p2b: Incineroar|[spread] p2b\n|-activate|p2a: Floette|move: Protect\n|-damage|p2b: Incineroar|58/100\n|move|p2b: Incineroar|Flare Blitz|p1b: Scovillain\n|-damage|p1b: Scovillain|0 fnt\n|-immune|p2b: Incineroar\n|faint|p1b: Scovillain\n|-damage|p2b: Incineroar|55/100|[from] Recoil\n|\n|-damage|p2a: Floette|88/100 brn|[from] brn\n|upkeep\n|\n|t:|1776564623\n|switch|p1b: Primarina|Primarina, L50, M|100/100\n|turn|3\n|inactive|AidzPlayz has 30 seconds left.\n|inactive|AidzPlayz has 20 seconds left.\n|\n|t:|1776564661\n|switch|p2b: Basculegion|Basculegion, L50, M|100/100\n|move|p1b: Primarina|Hyper Voice|p2a: Floette|[spread] p2a,p2b\n|-resisted|p2b: Basculegion|1\n|-damage|p2a: Floette|54/100 brn\n|-damage|p2b: Basculegion|79/100\n|move|p1a: Gif|Hyper Voice|p2a: Floette|[spread] p2a\n|-immune|p2b: Basculegion\n|-damage|p2a: Floette|23/100 brn\n|move|p2a: Floette|Dazzling Gleam|p1a: Gif|[spread] p1a,p1b\n|-damage|p1a: Gif|50/100\n|-damage|p1b: Primarina|60/100\n|\n|-heal|p1b: Primarina|66/100|[from] item: Leftovers\n|-damage|p2a: Floette|17/100 brn|[from] brn\n|upkeep\n|turn|4\n|\n|t:|1776564684\n|move|p2a: Floette|Protect|p2a: Floette\n|-singleturn|p2a: Floette|Protect\n|move|p1a: Gif|Psychic|p2a: Floette\n|-activate|p2a: Floette|move: Protect\n|move|p1b: Primarina|Moonblast|p2b: Basculegion\n|-damage|p2b: Basculegion|5/100\n|move|p2b: Basculegion|Last Respects|p1b: Primarina\n|-damage|p1b: Primarina|28/100\n|\n|-heal|p1b: Primarina|34/100|[from] item: Leftovers\n|-damage|p2a: Floette|11/100 brn|[from] brn\n|upkeep\n|turn|5\n|inactive|AidzPlayz has 30 seconds left.\n|\n|t:|1776564712\n|switch|p1a: Sinistcha|Sinistcha, L50|100/100\n|-heal|p1b: Primarina|59/100|[from] ability: Hospitality|[of] p1a: Sinistcha\n|switch|p2a: Incineroar|Incineroar, L50, F|55/100\n|-ability|p2a: Incineroar|Intimidate|boost\n|-unboost|p1a: Sinistcha|atk|1\n|-unboost|p1b: Primarina|atk|1\n|switch|p2b: Garchomp|Garchomp, L50, M|100/100\n|move|p1b: Primarina|Hyper Voice|p2b: Garchomp|[spread] p2a,p2b\n|-supereffective|p2a: Incineroar|1\n|-damage|p2a: Incineroar|1/100\n|-damage|p2b: Garchomp|56/100\n|-enditem|p2a: Incineroar|Sitrus Berry|[eat]\n|-heal|p2a: Incineroar|26/100|[from] item: Sitrus Berry\n|\n|-heal|p1b: Primarina|65/100|[from] item: Leftovers\n|-fieldend|move: Trick Room\n|upkeep\n|turn|6\n|inactive|AidzPlayz has 30 seconds left.\n|inactive|AidzPlayz has 20 seconds left.\n|inactive|AidzPlayz has 15 seconds left.\n|\n|t:|1776564753\n|switch|p1b: Gif|Farigiraf, L50, F|50/100\n|move|p2a: Incineroar|Fake Out||[still]\n|cant|p1b: Gif|ability: Armor Tail|Fake Out|[of] p2a: Incineroar\n|move|p2b: Garchomp|Earthquake|p1b: Gif|[spread] p2a,p1a,p1b\n|-supereffective|p2a: Incineroar|1\n|-resisted|p1a: Sinistcha|1\n|-damage|p2a: Incineroar|0 fnt\n|-damage|p1a: Sinistcha|85/100\n|-damage|p1b: Gif|4/100\n|faint|p2a: Incineroar\n|move|p1a: Sinistcha|Trick Room|p1a: Sinistcha\n|-fieldstart|move: Trick Room|[of] p1a: Sinistcha\n|\n|upkeep\n|\n|t:|1776564766\n|switch|p2a: Floette|Floette-Mega, L50, F|11/100 brn\n|-ability|p2a: Floette|Fairy Aura\n|turn|7\n|\n|t:|1776564776\n|move|p2a: Floette|Protect|p2a: Floette\n|-singleturn|p2a: Floette|Protect\n|move|p1b: Gif|Hyper Voice|p2a: Floette|[spread] p2b\n|-activate|p2a: Floette|move: Protect\n|-damage|p2b: Garchomp|16/100\n|move|p1a: Sinistcha|Matcha Gotcha|p2b: Garchomp|[spread] p2b\n|-activate|p2a: Floette|move: Protect\n|-damage|p2b: Garchomp|0 fnt\n|-heal|p1a: Sinistcha|94/100|[from] drain|[of] p2b: Garchomp\n|faint|p2b: Garchomp\n|\n|-damage|p2a: Floette|5/100 brn|[from] brn\n|upkeep\n|c|\u2606AidzPlayz|gg\n|-message|AidzPlayz forfeited.\n|\n|win|Wabit Team\n|raw|Wabit Team's rating: 1227 &rarr; <strong>1255</strong><br />(+28 for winning)\n|raw|AidzPlayz's rating: 1265 &rarr; <strong>1237</strong><br />(-28 for losing)\n",
  "uploadtime": 1776564792,
  "views": 16,
  "formatid": "gen9championsvgc2026regma",
  "rating": 1237,
  "private": 0,
  "password": null
}