{
  "id": "gen9championsvgc2026regma-2581101649",
  "format": "[Gen 9 Champions] VGC 2026 Reg M-A",
  "players": [
    "Polaris711",
    "RadiantBlue4552"
  ],
  "log": "|j|\u2606Polaris711\n|j|\u203dRadiantBlue4552\n|t:|1775959993\n|gametype|doubles\n|player|p1|Polaris711|backpacker|1036\n|player|p2|RadiantBlue4552|266|1075\n|gen|9\n|tier|[Gen 9 Champions] VGC 2026 Reg M-A\n|rated|\n|rule|Species Clause: Limit one of each Pok\u00e9mon\n|rule|Item Clause: Limit 1 of each item\n|clearpoke\n|poke|p1|Venusaur, L50, M|\n|poke|p1|Whimsicott, L50, F|\n|poke|p1|Aegislash, L50, M|\n|poke|p1|Jolteon, L50, M|\n|poke|p1|Greninja-*, L50, F|\n|poke|p1|Charizard, L50, M|\n|poke|p2|Snorlax, L50, M|\n|poke|p2|Sableye, L50, F|\n|poke|p2|Farigiraf, L50, F|\n|poke|p2|Maushold-Four, L50|\n|poke|p2|Gengar, L50, M|\n|poke|p2|Pelipper, L50, M|\n|teampreview|4\n|inactive|Battle timer is ON: inactive players will automatically lose when time's up. (requested by Polaris711)\n|\n|t:|1775960013\n|teamsize|p1|4\n|teamsize|p2|4\n|start\n|switch|p1a: Venusaur|Venusaur, L50, M|100/100\n|switch|p1b: Whimsicott|Whimsicott, L50, F|100/100\n|switch|p2a: Snorlax|Snorlax, L50, M|100/100\n|switch|p2b: Sableye|Sableye, L50, F|100/100\n|turn|1\n|inactive|Polaris711 has 30 seconds left.\n|inactive|Polaris711 has 20 seconds left.\n|\n|t:|1775960051\n|detailschange|p1a: Venusaur|Venusaur-Mega, L50, M\n|-mega|p1a: Venusaur|Venusaur|Venusaurite\n|move|p1b: Whimsicott|Grassy Terrain|p1b: Whimsicott\n|-fieldstart|move: Grassy Terrain\n|move|p2b: Sableye|Skill Swap|p2a: Snorlax\n|-activate|p2b: Sableye|Skill Swap|||[of] p2a: Snorlax\n|move|p2a: Snorlax|Amnesia|p2a: Snorlax\n|-boost|p2a: Snorlax|spd|2\n|move|p1a: Venusaur|Giga Drain|p2b: Sableye\n|-damage|p2b: Sableye|28/100\n|-enditem|p2b: Sableye|Sitrus Berry|[eat]\n|-heal|p2b: Sableye|53/100|[from] item: Sitrus Berry\n|\n|-heal|p2b: Sableye|58/100|[from] Grassy Terrain\n|upkeep\n|turn|2\n|inactive|Polaris711 has 30 seconds left.\n|\n|t:|1775960083\n|move|p1b: Whimsicott|Memento|p2a: Snorlax\n|-unboost|p2a: Snorlax|atk|2\n|-unboost|p2a: Snorlax|spa|2\n|faint|p1b: Whimsicott\n|move|p2a: Snorlax|Amnesia|p2a: Snorlax\n|-boost|p2a: Snorlax|spd|2\n|move|p1a: Venusaur|Growth|p1a: Venusaur\n|-boost|p1a: Venusaur|atk|1\n|-boost|p1a: Venusaur|spa|1\n|move|p2b: Sableye|Will-O-Wisp|p1a: Venusaur\n|-status|p1a: Venusaur|brn\n|\n|-heal|p2b: Sableye|64/100|[from] Grassy Terrain\n|-damage|p1a: Venusaur|95/100 brn|[from] brn\n|upkeep\n|\n|t:|1775960107\n|switch|p1b: Aegislash|Aegislash, L50, M|100/100\n|turn|3\n|\n|t:|1775960120\n|move|p2a: Snorlax|Curse|p2a: Snorlax\n|-unboost|p2a: Snorlax|spe|1\n|-boost|p2a: Snorlax|atk|1\n|-boost|p2a: Snorlax|def|1\n|move|p1a: Venusaur|Giga Drain|p2b: Sableye\n|-damage|p2b: Sableye|0 fnt\n|-heal|p1a: Venusaur|100/100 brn|[from] drain|[of] p2b: Sableye\n|faint|p2b: Sableye\n|move|p1b: Aegislash|Swords Dance|p1b: Aegislash\n|-boost|p1b: Aegislash|atk|2\n|\n|-damage|p1a: Venusaur|95/100 brn|[from] brn\n|upkeep\n|\n|t:|1775960132\n|switch|p2b: Maushold|Maushold-Four, L50|100/100\n|turn|4\n|\n|t:|1775960148\n|move|p2b: Maushold|Protect|p2b: Maushold\n|-singleturn|p2b: Maushold|Protect\n|move|p1b: Aegislash|King's Shield|p1b: Aegislash\n|-singleturn|p1b: Aegislash|Protect\n|move|p2a: Snorlax|Curse|p2a: Snorlax\n|-unboost|p2a: Snorlax|spe|1\n|-boost|p2a: Snorlax|atk|1\n|-boost|p2a: Snorlax|def|1\n|move|p1a: Venusaur|Sludge Wave|p2b: Maushold|[spread] p2a\n|-activate|p1b: Aegislash|move: Protect\n|-activate|p2b: Maushold|move: Protect\n|-damage|p2a: Snorlax|91/100\n|\n|-heal|p1a: Venusaur|100/100 brn|[from] Grassy Terrain\n|-heal|p2a: Snorlax|97/100|[from] Grassy Terrain\n|-damage|p1a: Venusaur|95/100 brn|[from] brn\n|upkeep\n|turn|5\n|inactive|Polaris711 has 30 seconds left.\n|\n|t:|1775960174\n|move|p2a: Snorlax|Curse|p2a: Snorlax\n|-unboost|p2a: Snorlax|spe|1\n|-boost|p2a: Snorlax|atk|1\n|-boost|p2a: Snorlax|def|1\n|move|p2b: Maushold|Super Fang|p1a: Venusaur\n|-damage|p1a: Venusaur|48/100 brn\n|move|p1a: Venusaur|Sludge Wave|p2b: Maushold|[spread] p2a,p2b\n|-immune|p1b: Aegislash\n|-damage|p2a: Snorlax|89/100\n|-damage|p2b: Maushold|39/100\n|-formechange|p1b: Aegislash|Aegislash-Blade|\n|move|p1b: Aegislash|Gyro Ball|p2a: Snorlax\n|-damage|p2a: Snorlax|87/100\n|\n|-heal|p2b: Maushold|45/100|[from] Grassy Terrain\n|-heal|p1a: Venusaur|53/100 brn|[from] Grassy Terrain\n|-heal|p2a: Snorlax|93/100|[from] Grassy Terrain\n|-damage|p1a: Venusaur|48/100 brn|[from] brn\n|-fieldend|move: Grassy Terrain\n|upkeep\n|turn|6\n|-message|Polaris711 forfeited.\n|\n|win|RadiantBlue4552\n|raw|Polaris711's rating: 1036 &rarr; <strong>1022</strong><br />(-14 for losing)\n|raw|RadiantBlue4552's rating: 1075 &rarr; <strong>1101</strong><br />(+26 for winning)\n|l|\u2606Polaris711\n|player|p1|\n",
  "uploadtime": 1775960194,
  "views": 16,
  "formatid": "gen9championsvgc2026regma",
  "rating": 1022,
  "private": 0,
  "password": null
}