{
  "id": "gen9championsvgc2026regma-2581225742",
  "format": "[Gen 9 Champions] VGC 2026 Reg M-A",
  "players": [
    "sketch hero",
    "falco124"
  ],
  "log": "|j|\u2606sketch hero\n|j|\u2606falco124\n|t:|1775973080\n|gametype|doubles\n|player|p1|sketch hero|red|1080\n|player|p2|falco124|266|1101\n|gen|9\n|tier|[Gen 9 Champions] VGC 2026 Reg M-A\n|rated|\n|rule|Species Clause: Limit one of each Pok\u00e9mon\n|rule|Item Clause: Limit 1 of each item\n|clearpoke\n|poke|p1|Lucario, L50, M|\n|poke|p1|Incineroar, L50, M|\n|poke|p1|Garchomp, L50, M|\n|poke|p1|Whimsicott, L50, F|\n|poke|p1|Pelipper, L50, M|\n|poke|p1|Basculegion, L50, M|\n|poke|p2|Whimsicott, L50, F|\n|poke|p2|Dragonite, L50, F|\n|poke|p2|Incineroar, L50, M|\n|poke|p2|Pelipper, L50, F|\n|poke|p2|Basculegion, L50, M|\n|poke|p2|Scizor, L50, M|\n|teampreview|4\n|c|\u2606sketch hero|glhf\nsketch hero has agreed to open team sheets.\nfalco124 has agreed to open team sheets.\n|showteam|p1|Lucario||Lucarionite|InnerFocus|MeteorMash,BulletPunch,CloseCombat,Protect|||M|||50|]Incineroar||SitrusBerry|Intimidate|FakeOut,PartingShot,FlareBlitz,Taunt|||M|||50|]Garchomp||SoftSand|RoughSkin|Earthquake,RockSlide,DragonClaw,Protect|||M|||50|]Whimsicott||MentalHerb|Prankster|Tailwind,Taunt,Moonblast,HelpingHand|||F|||50|]Pelipper||FocusSash|Drizzle|Hurricane,Tailwind,WeatherBall,WideGuard|||M|||50|]Basculegion||MysticWater|SwiftSwim|WaveCrash,AquaJet,LastRespects,Protect|||M|||50|\n|showteam|p2|Whimsicott||MentalHerb|Prankster|Tailwind,Encore,DazzlingGleam,Protect|||F|||50|]Dragonite||Dragoninite|InnerFocus|Hurricane,Thunder,DracoMeteor,Roost|||F|||50|]Incineroar||SitrusBerry|Intimidate|FakeOut,PartingShot,ThroatChop,FlareBlitz|||M|||50|]Pelipper||FocusSash|Drizzle|Hurricane,WeatherBall,Protect,Tailwind|||F|||50|]Basculegion||MysticWater|SwiftSwim|WaveCrash,LastRespects,AquaJet,FlipTurn|||M|||50|]Scizor||OccaBerry|Technician|BulletPunch,Uturn,KnockOff,QuickGuard|||M|||50|\n|\n|t:|1775973141\n|teamsize|p1|4\n|teamsize|p2|4\n|start\n|switch|p1a: Munchy|Garchomp, L50, M|100/100\n|switch|p1b: Cocoa|Whimsicott, L50, F, shiny|100/100\n|switch|p2a: Scizor|Scizor, L50, M|100/100\n|switch|p2b: Incineroar|Incineroar, L50, M|100/100\n|-ability|p2b: Incineroar|Intimidate|boost\n|-unboost|p1a: Munchy|atk|1\n|-unboost|p1b: Cocoa|atk|1\n|turn|1\n|\n|t:|1775973166\n|move|p1b: Cocoa|Helping Hand|p1a: Munchy\n|-singleturn|p1a: Munchy|Helping Hand|[of] p1b: Cocoa\n|move|p2b: Incineroar|Fake Out|p1b: Cocoa\n|-damage|p1b: Cocoa|87/100\n|move|p2a: Scizor|Bullet Punch|p1b: Cocoa\n|-supereffective|p1b: Cocoa|1\n|-damage|p1b: Cocoa|0 fnt\n|faint|p1b: Cocoa\n|move|p1a: Munchy|Earthquake|p2a: Scizor|[spread] p2a,p2b\n|-supereffective|p2b: Incineroar|1\n|-damage|p2a: Scizor|48/100\n|-damage|p2b: Incineroar|6/100\n|-enditem|p2b: Incineroar|Sitrus Berry|[eat]\n|-heal|p2b: Incineroar|30/100|[from] item: Sitrus Berry\n|\n|upkeep\n|\n|t:|1775973178\n|switch|p1b: Barbeque|Incineroar, L50, M, shiny|100/100\n|-ability|p1b: Barbeque|Intimidate|boost\n|-unboost|p2a: Scizor|atk|1\n|-unboost|p2b: Incineroar|atk|1\n|turn|2\n|\n|t:|1775973193\n|move|p1a: Munchy|Rock Slide|p2b: Incineroar|[spread] p2a,p2b\n|-supereffective|p2b: Incineroar|1\n|-damage|p2a: Scizor|34/100\n|-damage|p2b: Incineroar|4/100\n|move|p2b: Incineroar|Parting Shot|p1a: Munchy\n|-unboost|p1a: Munchy|atk|1\n|-unboost|p1a: Munchy|spa|1\n|\n|t:|1775973200\n|switch|p2b: Pelipper|Pelipper, L50, F|100/100|[from] Parting Shot\n|-weather|RainDance|[from] ability: Drizzle|[of] p2b: Pelipper\n|cant|p2a: Scizor|flinch\n|move|p1b: Barbeque|Flare Blitz|p2a: Scizor\n|-supereffective|p2a: Scizor|2\n|-enditem|p2a: Scizor|Occa Berry|[eat]\n|-enditem|p2a: Scizor|Occa Berry|[weaken]\n|-damage|p2a: Scizor|0 fnt\n|faint|p2a: Scizor\n|-damage|p1b: Barbeque|92/100|[from] Recoil\n|\n|-weather|RainDance|[upkeep]\n|upkeep\n|\n|t:|1775973209\n|switch|p2a: Dragonite|Dragonite, L50, F|100/100\n|turn|3\n|\n|t:|1775973221\n|detailschange|p2a: Dragonite|Dragonite-Mega, L50, F\n|-mega|p2a: Dragonite|Dragonite|Dragoninite\n|move|p1a: Munchy|Dragon Claw|p2a: Dragonite\n|-supereffective|p2a: Dragonite|1\n|-damage|p2a: Dragonite|81/100\n|move|p2a: Dragonite|Draco Meteor|p1a: Munchy\n|-supereffective|p1a: Munchy|1\n|-damage|p1a: Munchy|0 fnt\n|-unboost|p2a: Dragonite|spa|2\n|faint|p1a: Munchy\n|move|p2b: Pelipper|Tailwind|p2b: Pelipper\n|-sidestart|p2: falco124|move: Tailwind\n|move|p1b: Barbeque|Parting Shot|p2a: Dragonite\n|-unboost|p2a: Dragonite|atk|1\n|-unboost|p2a: Dragonite|spa|1\n|\n|t:|1775973228\n|switch|p1b: Shine|Lucario, L50, M, shiny|100/100|[from] Parting Shot\n|\n|-weather|RainDance|[upkeep]\n|upkeep\n|\n|t:|1775973230\n|switch|p1a: Barbeque|Incineroar, L50, M, shiny|92/100\n|-ability|p1a: Barbeque|Intimidate|boost\n|-unboost|p2a: Dragonite|atk|1\n|-unboost|p2b: Pelipper|atk|1\n|turn|4\n|\n|t:|1775973246\n|switch|p2a: Incineroar|Incineroar, L50, M|4/100\n|-ability|p2a: Incineroar|Intimidate|boost\n|-unboost|p1a: Barbeque|atk|1\n|-fail|p1b: Shine|unboost|Attack|[from] ability: Inner Focus|[of] p1b: Shine\n|detailschange|p1b: Shine|Lucario-Mega, L50, M, shiny\n|-mega|p1b: Shine|Lucario|Lucarionite\n|move|p1a: Barbeque|Fake Out|p2a: Incineroar\n|-damage|p2a: Incineroar|0 fnt\n|faint|p2a: Incineroar\n|move|p2b: Pelipper|Weather Ball|p1a: Barbeque\n|-supereffective|p1a: Barbeque|1\n|-damage|p1a: Barbeque|0 fnt\n|faint|p1a: Barbeque\n|move|p1b: Shine|Meteor Mash|p2b: Pelipper\n|-resisted|p2b: Pelipper|1\n|-damage|p2b: Pelipper|54/100\n|\n|-weather|RainDance|[upkeep]\n|upkeep\n|\n|t:|1775973262\n|switch|p2a: Dragonite|Dragonite-Mega, L50, F|81/100\n|turn|5\n|\n|t:|1775973274\n|move|p1b: Shine|Protect|p1b: Shine\n|-singleturn|p1b: Shine|Protect\n|move|p2a: Dragonite|Hurricane|p1b: Shine\n|-activate|p1b: Shine|move: Protect\n|move|p2b: Pelipper|Hurricane|p1b: Shine\n|-activate|p1b: Shine|move: Protect\n|\n|-weather|RainDance|[upkeep]\n|upkeep\n|turn|6\n|\n|t:|1775973279\n|move|p1b: Shine|Protect|p1b: Shine\n|-singleturn|p1b: Shine|Protect\n|move|p2a: Dragonite|Hurricane|p1b: Shine\n|-activate|p1b: Shine|move: Protect\n|move|p2b: Pelipper|Hurricane|p1b: Shine\n|-activate|p1b: Shine|move: Protect\n|\n|-weather|none\n|-sideend|p2: falco124|move: Tailwind\n|upkeep\n|turn|7\n|\n|t:|1775973294\n|move|p1b: Shine|Meteor Mash|p2a: Dragonite\n|-damage|p2a: Dragonite|18/100\n|move|p2a: Dragonite|Hurricane|p1b: Shine|[miss]\n|-miss|p2a: Dragonite|p1b: Shine\n|move|p2b: Pelipper|Tailwind|p2b: Pelipper\n|-sidestart|p2: falco124|move: Tailwind\n|\n|upkeep\n|turn|8\n|\n|t:|1775973311\n|move|p1b: Shine|Bullet Punch|p2a: Dragonite\n|-damage|p2a: Dragonite|0 fnt\n|faint|p2a: Dragonite\n|move|p2b: Pelipper|Hurricane|p1b: Shine|[miss]\n|-miss|p2b: Pelipper|p1b: Shine\n|\n|upkeep\n|turn|9\n|\n|t:|1775973318\n|move|p2b: Pelipper|Hurricane|p1b: Shine\n|-damage|p1b: Shine|11/100\n|move|p1b: Shine|Meteor Mash|p2b: Pelipper|[miss]\n|-miss|p1b: Shine|p2b: Pelipper\n|\n|upkeep\n|turn|10\n|\n|t:|1775973326\n|move|p2b: Pelipper|Hurricane|p1b: Shine\n|-damage|p1b: Shine|0 fnt\n|faint|p1b: Shine\n|\n|win|falco124\n|raw|sketch hero's rating: 1080 &rarr; <strong>1059</strong><br />(-21 for losing)\n|raw|falco124's rating: 1101 &rarr; <strong>1124</strong><br />(+23 for winning)\n|c|\u2606sketch hero|gg\n|c|\u2606falco124|gg\n|l|\u2606falco124\n|player|p2|\n",
  "uploadtime": 1775973396,
  "views": 31,
  "formatid": "gen9championsvgc2026regma",
  "rating": 1059,
  "private": 0,
  "password": null
}