{
  "id": "gen9championsvgc2026regma-2586944900",
  "format": "[Gen 9 Champions] VGC 2026 Reg M-A",
  "players": [
    "fathomforce",
    "Jhcdrhhfd"
  ],
  "log": "|j|\u2606fathomforce\n|j|\u2606Jhcdrhhfd\n|t:|1776474297\n|gametype|doubles\n|player|p1|fathomforce|plasmagrunt|1120\n|player|p2|Jhcdrhhfd|2|1110\n|gen|9\n|tier|[Gen 9 Champions] VGC 2026 Reg M-A\n|rated|\n|rule|Species Clause: Limit one of each Pok\u00e9mon\n|rule|Item Clause: Limit 1 of each item\n|clearpoke\n|poke|p1|Tyranitar, L50, M|\n|poke|p1|Garchomp, L50, F|\n|poke|p1|Corviknight, L50, M|\n|poke|p1|Sneasler, L50, F|\n|poke|p1|Rotom-Wash, L50|\n|poke|p1|Sinistcha, L50|\n|poke|p2|Crabominable, L50, M|\n|poke|p2|Aerodactyl, L50, M|\n|poke|p2|Samurott-Hisui, L50, F|\n|poke|p2|Milotic, L50, M|\n|poke|p2|Sinistcha, L50|\n|poke|p2|Tinkaton, L50, F|\n|teampreview|4\n|\n|t:|1776474429\n|teamsize|p1|4\n|teamsize|p2|4\n|start\n|switch|p1a: Sinistcha|Sinistcha, L50|100/100\n|switch|p1b: Rotom|Rotom-Wash, L50|100/100\n|switch|p2a: Crabominable|Crabominable, L50, M|100/100\n|switch|p2b: Aerodactyl|Aerodactyl, L50, M|100/100\n|-ability|p2b: Aerodactyl|Unnerve\n|turn|1\n|\n|t:|1776474458\n|detailschange|p2a: Crabominable|Crabominable-Mega, L50, M\n|-mega|p2a: Crabominable|Crabominable|Crabominite\n|move|p2b: Aerodactyl|Rock Slide|p1a: Sinistcha|[spread] p1a,p1b\n|-damage|p1a: Sinistcha|79/100\n|-damage|p1b: Rotom|76/100\n|move|p1b: Rotom|Volt Switch|p2b: Aerodactyl\n|-supereffective|p2b: Aerodactyl|1\n|-crit|p2b: Aerodactyl\n|-enditem|p2b: Aerodactyl|Focus Sash\n|-damage|p2b: Aerodactyl|1/100\n|\n|t:|1776474469\n|switch|p1b: Corviknight|Corviknight, L50, M|100/100|[from] Volt Switch\n|move|p1a: Sinistcha|Matcha Gotcha|p2a: Crabominable|[spread] p2a,p2b\n|-damage|p2a: Crabominable|80/100\n|-heal|p1a: Sinistcha|90/100|[from] drain|[of] p2a: Crabominable\n|-damage|p2b: Aerodactyl|0 fnt\n|-heal|p1a: Sinistcha|91/100|[from] drain|[of] p2b: Aerodactyl\n|faint|p2b: Aerodactyl\n|move|p2a: Crabominable|Ice Hammer|p1a: Sinistcha\n|-supereffective|p1a: Sinistcha|1\n|-damage|p1a: Sinistcha|0 fnt\n|-unboost|p2a: Crabominable|spe|1\n|faint|p1a: Sinistcha\n|\n|upkeep\n|\n|t:|1776474486\n|switch|p2b: Samurott|Samurott-Hisui, L50, F|100/100\n|switch|p1a: Rotom|Rotom-Wash, L50|76/100\n|turn|2\n|\n|t:|1776474517\n|move|p1a: Rotom|Electroweb|p2a: Crabominable|[spread] p2a,p2b\n|-crit|p2a: Crabominable\n|-supereffective|p2b: Samurott|1\n|-crit|p2b: Samurott\n|-damage|p2a: Crabominable|56/100\n|-damage|p2b: Samurott|27/100\n|-unboost|p2a: Crabominable|spe|1\n|-unboost|p2b: Samurott|spe|1\n|-enditem|p2b: Samurott|White Herb\n|-clearnegativeboost|p2b: Samurott|[silent]\n|move|p2b: Samurott|Ceaseless Edge|p1b: Corviknight\n|-damage|p1b: Corviknight|56/100\n|-sidestart|p1: fathomforce|Spikes\n|move|p1b: Corviknight|Tailwind|p1b: Corviknight\n|-sidestart|p1: fathomforce|move: Tailwind\n|move|p2a: Crabominable|Ice Hammer|p1b: Corviknight|[miss]\n|-miss|p2a: Crabominable|p1b: Corviknight\n|\n|-heal|p1a: Rotom|81/100|[from] item: Leftovers\n|upkeep\n|turn|3\n|\n|t:|1776474537\n|move|p2b: Samurott|Sucker Punch|p1b: Corviknight\n|-damage|p1b: Corviknight|23/100\n|move|p1a: Rotom|Electroweb|p2a: Crabominable|[spread] p2a,p2b\n|-supereffective|p2b: Samurott|1\n|-damage|p2a: Crabominable|41/100\n|-damage|p2b: Samurott|0 fnt\n|-unboost|p2a: Crabominable|spe|1\n|faint|p2b: Samurott\n|move|p1b: Corviknight|Brave Bird|p2a: Crabominable\n|-supereffective|p2a: Crabominable|1\n|-damage|p2a: Crabominable|0 fnt\n|faint|p2a: Crabominable\n|-damage|p1b: Corviknight|10/100|[from] Recoil\n|\n|-heal|p1a: Rotom|87/100|[from] item: Leftovers\n|upkeep\n|\n|t:|1776474544\n|switch|p2b: Sinistcha|Sinistcha, L50|100/100\n|turn|4\n|\n|t:|1776474566\n|move|p2b: Sinistcha|Protect|p2b: Sinistcha\n|-singleturn|p2b: Sinistcha|Protect\n|move|p1a: Rotom|Volt Switch|p2b: Sinistcha\n|-activate|p2b: Sinistcha|move: Protect\n|move|p1b: Corviknight|Roost|p1b: Corviknight\n|-heal|p1b: Corviknight|60/100\n|-singleturn|p1b: Corviknight|move: Roost\n|\n|-heal|p1a: Rotom|93/100|[from] item: Leftovers\n|upkeep\n|turn|5\n|\n|t:|1776474582\n|move|p1a: Rotom|Volt Switch|p2b: Sinistcha\n|-resisted|p2b: Sinistcha|1\n|-damage|p2b: Sinistcha|86/100\n|\n|t:|1776474596\n|switch|p1a: Garchomp|Garchomp, L50, F|100/100|[from] Volt Switch\n|-damage|p1a: Garchomp|88/100|[from] Spikes\n|move|p1b: Corviknight|Brave Bird|p2b: Sinistcha\n|-supereffective|p2b: Sinistcha|1\n|-crit|p2b: Sinistcha\n|-damage|p2b: Sinistcha|0 fnt\n|faint|p2b: Sinistcha\n|-damage|p1b: Corviknight|35/100|[from] Recoil\n|\n|win|fathomforce\n|raw|fathomforce's rating: 1120 &rarr; <strong>1144</strong><br />(+24 for winning)\n|raw|Jhcdrhhfd's rating: 1110 &rarr; <strong>1086</strong><br />(-24 for losing)\n|l|\u2606Jhcdrhhfd\n|player|p2|\n",
  "uploadtime": 1776474617,
  "views": 24,
  "formatid": "gen9championsvgc2026regma",
  "rating": 1086,
  "private": 0,
  "password": null
}