{
  "id": "gen9championsvgc2026regma-2586658804",
  "format": "[Gen 9 Champions] VGC 2026 Reg M-A",
  "players": [
    "redx50",
    "muzinVGC"
  ],
  "log": "|j|\u2606redx50\n|j|\u2606muzinVGC\n|t:|1776450014\n|gametype|doubles\n|player|p1|redx50|red|1416\n|player|p2|muzinVGC|iris-gen5bw2|1437\n|gen|9\n|tier|[Gen 9 Champions] VGC 2026 Reg M-A\n|rated|\n|rule|Species Clause: Limit one of each Pok\u00e9mon\n|rule|Item Clause: Limit 1 of each item\n|clearpoke\n|poke|p1|Milotic, L50, F|\n|poke|p1|Incineroar, L50, M|\n|poke|p1|Aerodactyl, L50, F|\n|poke|p1|Manectric, L50, F|\n|poke|p1|Lucario, L50, M|\n|poke|p1|Sinistcha-Masterpiece, L50|\n|poke|p2|Primarina, L50, F|\n|poke|p2|Sinistcha, L50|\n|poke|p2|Incineroar, L50, M|\n|poke|p2|Aerodactyl, L50, M|\n|poke|p2|Garchomp, L50, F|\n|poke|p2|Kangaskhan, L50, F|\n|teampreview|4\n|inactive|Battle timer is ON: inactive players will automatically lose when time's up. (requested by muzinVGC)\n|\n|t:|1776450042\n|teamsize|p1|4\n|teamsize|p2|4\n|start\n|switch|p1a: Milotic|Milotic, L50, F|100/100\n|switch|p1b: Incineroar|Incineroar, L50, M|100/100\n|switch|p2a: Garchomp|Garchomp, L50, F|100/100\n|switch|p2b: Kangaskhan|Kangaskhan, L50, F|100/100\n|-ability|p1b: Incineroar|Intimidate|boost\n|-unboost|p2a: Garchomp|atk|1\n|-fail|p2b: Kangaskhan|unboost|Attack|[from] ability: Inner Focus|[of] p2b: Kangaskhan\n|turn|1\n|\n|t:|1776450064\n|switch|p2a: Sinistcha|Sinistcha, L50|100/100\n|move|p2b: Kangaskhan|Fake Out|p1a: Milotic\n|-damage|p1a: Milotic|81/100\n|move|p1b: Incineroar|Fake Out|p2a: Sinistcha\n|-immune|p2a: Sinistcha\n|cant|p1a: Milotic|flinch\n|\n|-heal|p1a: Milotic|87/100|[from] item: Leftovers\n|upkeep\n|turn|2\n|\n|t:|1776450074\n|detailschange|p2b: Kangaskhan|Kangaskhan-Mega, L50, F\n|-mega|p2b: Kangaskhan|Kangaskhan|Kangaskhanite\n|move|p2b: Kangaskhan|Drain Punch|p1b: Incineroar\n|-supereffective|p1b: Incineroar|1\n|-damage|p1b: Incineroar|50/100\n|-supereffective|p1b: Incineroar|1\n|-damage|p1b: Incineroar|39/100\n|-hitcount|p1b: Incineroar|2\n|move|p1a: Milotic|Coil|p1a: Milotic\n|-boost|p1a: Milotic|atk|1\n|-boost|p1a: Milotic|def|1\n|-boost|p1a: Milotic|accuracy|1\n|move|p2a: Sinistcha|Matcha Gotcha|p1a: Milotic|[spread] p1a,p1b\n|-supereffective|p1a: Milotic|1\n|-resisted|p1b: Incineroar|1\n|-damage|p1a: Milotic|54/100\n|-damage|p1b: Incineroar|31/100\n|move|p1b: Incineroar|Will-O-Wisp|p2b: Kangaskhan\n|-status|p2b: Kangaskhan|brn\n|\n|-heal|p1a: Milotic|60/100|[from] item: Leftovers\n|-damage|p2b: Kangaskhan|94/100 brn|[from] brn\n|upkeep\n|turn|3\n|inactive|redx50 has 30 seconds left.\n|inactive|redx50 has 20 seconds left.\n|\n|t:|1776450114\n|move|p2b: Kangaskhan|Drain Punch|p1b: Incineroar\n|-supereffective|p1b: Incineroar|1\n|-damage|p1b: Incineroar|7/100\n|-heal|p2b: Kangaskhan|100/100 brn|[from] drain|[of] p1b: Incineroar\n|-supereffective|p1b: Incineroar|1\n|-damage|p1b: Incineroar|2/100\n|-hitcount|p1b: Incineroar|2\n|move|p1a: Milotic|Coil|p1a: Milotic\n|-boost|p1a: Milotic|atk|1\n|-boost|p1a: Milotic|def|1\n|-boost|p1a: Milotic|accuracy|1\n|move|p2a: Sinistcha|Matcha Gotcha|p1a: Milotic|[spread] p1a,p1b\n|-supereffective|p1a: Milotic|1\n|-resisted|p1b: Incineroar|1\n|-damage|p1a: Milotic|26/100\n|-damage|p1b: Incineroar|0 fnt\n|faint|p1b: Incineroar\n|\n|-heal|p1a: Milotic|32/100|[from] item: Leftovers\n|-damage|p2b: Kangaskhan|94/100 brn|[from] brn\n|upkeep\n|\n|t:|1776450120\n|switch|p1b: Sinistcha|Sinistcha-Masterpiece, L50|100/100\n|-heal|p1a: Milotic|57/100|[from] ability: Hospitality|[of] p1b: Sinistcha\n|turn|4\n|\n|t:|1776450144\n|move|p2b: Kangaskhan|Double-Edge|p1a: Milotic\n|-damage|p1a: Milotic|39/100\n|-damage|p1a: Milotic|35/100\n|-hitcount|p1a: Milotic|2\n|-damage|p2b: Kangaskhan|87/100 brn|[from] Recoil\n|move|p1a: Milotic|Triple Axel|p2a: Sinistcha\n|-supereffective|p2a: Sinistcha|1\n|-damage|p2a: Sinistcha|85/100\n|-supereffective|p2a: Sinistcha|1\n|-damage|p2a: Sinistcha|54/100\n|-supereffective|p2a: Sinistcha|1\n|-crit|p2a: Sinistcha\n|-damage|p2a: Sinistcha|0 fnt\n|faint|p2a: Sinistcha\n|-hitcount|p2: Sinistcha|3\n|move|p1b: Sinistcha|Trick Room|p1b: Sinistcha\n|-fieldstart|move: Trick Room|[of] p1b: Sinistcha\n|\n|-heal|p1a: Milotic|41/100|[from] item: Leftovers\n|-damage|p2b: Kangaskhan|81/100 brn|[from] brn\n|upkeep\n|\n|t:|1776450153\n|switch|p2a: Incineroar|Incineroar, L50, M|100/100\n|-ability|p2a: Incineroar|Intimidate|boost\n|-unboost|p1a: Milotic|atk|1\n|-unboost|p1b: Sinistcha|atk|1\n|turn|5\n|\n|t:|1776450162\n|switch|p1b: Lucario|Lucario, L50, M|100/100\n|move|p1a: Milotic|Protect|p1a: Milotic\n|-singleturn|p1a: Milotic|Protect\n|move|p2a: Incineroar|Fake Out|p1a: Milotic\n|-activate|p1a: Milotic|move: Protect\n|move|p2b: Kangaskhan|Double-Edge|p1a: Milotic\n|-activate|p1a: Milotic|move: Protect\n|\n|-heal|p1a: Milotic|47/100|[from] item: Leftovers\n|-damage|p2b: Kangaskhan|75/100 brn|[from] brn\n|upkeep\n|turn|6\n|\n|t:|1776450173\n|switch|p1b: Sinistcha|Sinistcha-Masterpiece, L50|100/100\n|-heal|p1a: Milotic|72/100|[from] ability: Hospitality|[of] p1b: Sinistcha\n|move|p2a: Incineroar|Flare Blitz|p1b: Sinistcha\n|-supereffective|p1b: Sinistcha|1\n|-damage|p1b: Sinistcha|23/100\n|-enditem|p1b: Sinistcha|Sitrus Berry|[eat]\n|-heal|p1b: Sinistcha|48/100|[from] item: Sitrus Berry\n|-damage|p2a: Incineroar|78/100|[from] Recoil\n|move|p1a: Milotic|Waterfall|p2a: Incineroar\n|-supereffective|p2a: Incineroar|1\n|-enditem|p2a: Incineroar|Passho Berry|[eat]\n|-enditem|p2a: Incineroar|Passho Berry|[weaken]\n|-damage|p2a: Incineroar|43/100\n|move|p2b: Kangaskhan|Drain Punch|p1b: Sinistcha\n|-immune|p1b: Sinistcha\n|\n|-heal|p1a: Milotic|78/100|[from] item: Leftovers\n|-damage|p2b: Kangaskhan|69/100 brn|[from] brn\n|upkeep\n|turn|7\n|\n|t:|1776450195\n|move|p2a: Incineroar|Flare Blitz|p1b: Sinistcha\n|-supereffective|p1b: Sinistcha|1\n|-damage|p1b: Sinistcha|0 fnt\n|faint|p1b: Sinistcha\n|-damage|p2a: Incineroar|29/100|[from] Recoil\n|move|p1a: Milotic|Waterfall|p2a: Incineroar\n|-supereffective|p2a: Incineroar|1\n|-damage|p2a: Incineroar|0 fnt\n|faint|p2a: Incineroar\n|move|p2b: Kangaskhan|Double-Edge|p1a: Milotic\n|-damage|p1a: Milotic|60/100\n|-damage|p1a: Milotic|56/100\n|-hitcount|p1a: Milotic|2\n|-damage|p2b: Kangaskhan|62/100 brn|[from] Recoil\n|\n|-heal|p1a: Milotic|62/100|[from] item: Leftovers\n|-damage|p2b: Kangaskhan|56/100 brn|[from] brn\n|upkeep\n|\n|t:|1776450206\n|switch|p2a: Garchomp|Garchomp, L50, F|100/100\n|switch|p1b: Lucario|Lucario, L50, M|100/100\n|turn|8\n|\n|t:|1776450230\n|move|p1b: Lucario|Protect|p1b: Lucario\n|-singleturn|p1b: Lucario|Protect\n|move|p1a: Milotic|Triple Axel|p2a: Garchomp\n|-supereffective|p2a: Garchomp|2\n|-damage|p2a: Garchomp|68/100\n|-damage|p1a: Milotic|50/100|[from] ability: Rough Skin|[of] p2a: Garchomp\n|-supereffective|p2a: Garchomp|2\n|-damage|p2a: Garchomp|10/100\n|-damage|p1a: Milotic|38/100|[from] ability: Rough Skin|[of] p2a: Garchomp\n|-supereffective|p2a: Garchomp|2\n|-crit|p2a: Garchomp\n|-damage|p2a: Garchomp|0 fnt\n|-damage|p1a: Milotic|25/100|[from] ability: Rough Skin|[of] p2a: Garchomp\n|faint|p2a: Garchomp\n|-hitcount|p2: Garchomp|3\n|move|p2b: Kangaskhan|Drain Punch|p1b: Lucario\n|-activate|p1b: Lucario|move: Protect\n|\n|-heal|p1a: Milotic|31/100|[from] item: Leftovers\n|-damage|p2b: Kangaskhan|50/100 brn|[from] brn\n|-fieldend|move: Trick Room\n|upkeep\n|turn|9\n|-message|muzinVGC forfeited.\n|\n|win|redx50\n|raw|redx50's rating: 1416 &rarr; <strong>1437</strong><br />(+21 for winning)\n|raw|muzinVGC's rating: 1437 &rarr; <strong>1416</strong><br />(-21 for losing)\n|l|\u2606muzinVGC\n|player|p2|\n",
  "uploadtime": 1776450250,
  "views": 67,
  "formatid": "gen9championsvgc2026regma",
  "rating": 1416,
  "private": 0,
  "password": null
}