{
  "id": "gen9championsvgc2026regma-2586346134",
  "format": "[Gen 9 Champions] VGC 2026 Reg M-A",
  "players": [
    "itonia",
    "Kyooby"
  ],
  "log": "|j|\u2606itonia\n|j|\u2606Kyooby\n|t:|1776427418\n|gametype|doubles\n|player|p1|itonia|miku-ghost|1166\n|player|p2|Kyooby|volkner|1078\n|gen|9\n|tier|[Gen 9 Champions] VGC 2026 Reg M-A\n|rated|\n|rule|Species Clause: Limit one of each Pok\u00e9mon\n|rule|Item Clause: Limit 1 of each item\n|clearpoke\n|poke|p1|Starmie, L50|\n|poke|p1|Farigiraf, L50, F|\n|poke|p1|Basculegion, L50, M|\n|poke|p1|Sneasler, L50, M|\n|poke|p1|Zoroark-Hisui, L50, F|\n|poke|p1|Talonflame, L50, M|\n|poke|p2|Maushold-Four, L50|\n|poke|p2|Gardevoir, L50, M|\n|poke|p2|Espathra, L50, M|\n|poke|p2|Kommo-o, L50, M|\n|poke|p2|Gyarados, L50, M|\n|poke|p2|Heliolisk, L50, M|\n|teampreview|4\n|inactive|Battle timer is ON: inactive players will automatically lose when time's up. (requested by Kyooby)\n|inactive|Kyooby has 60 seconds left.\n|\n|t:|1776427468\n|teamsize|p1|4\n|teamsize|p2|4\n|start\n|switch|p1a: Starmie|Starmie, L50|100/100\n|switch|p1b: Talonflame|Talonflame, L50, M|100/100\n|switch|p2a: Maushold|Maushold-Four, L50|100/100\n|switch|p2b: Gyarados|Gyarados, L50, M|100/100\n|-ability|p2b: Gyarados|Intimidate|boost\n|-unboost|p1a: Starmie|atk|1\n|-unboost|p1b: Talonflame|atk|1\n|turn|1\n|\n|t:|1776427481\n|detailschange|p1a: Starmie|Starmie-Mega, L50\n|-mega|p1a: Starmie|Starmie|Starminite\n|detailschange|p2b: Gyarados|Gyarados-Mega, L50, M\n|-mega|p2b: Gyarados|Gyarados|Gyaradosite\n|-ability|p2b: Gyarados|Mold Breaker\n|move|p1b: Talonflame|Feint|p2b: Gyarados\n|-damage|p2b: Gyarados|98/100\n|move|p2a: Maushold|Follow Me|p2a: Maushold\n|-singleturn|p2a: Maushold|move: Follow Me\n|move|p1a: Starmie|Self-Destruct|p2b: Gyarados|[spread] p1b,p2a,p2b\n|-damage|p1b: Talonflame|23/100\n|-damage|p2a: Maushold|31/100\n|-damage|p2b: Gyarados|60/100\n|faint|p1a: Starmie\n|move|p2b: Gyarados|Crunch|p1b: Talonflame\n|-damage|p1b: Talonflame|0 fnt\n|faint|p1b: Talonflame\n|\n|upkeep\n|\n|t:|1776427495\n|switch|p1b: Basculegion|Basculegion, L50, M|100/100\n|switch|p1a: Sneasler|Sneasler, L50, M|100/100\n|turn|2\n|\n|t:|1776427508\n|switch|p2a: Espathra|Espathra, L50, M|100/100\n|move|p2b: Gyarados|Protect|p2b: Gyarados\n|-singleturn|p2b: Gyarados|Protect\n|move|p1b: Basculegion|Last Respects|p2b: Gyarados\n|-activate|p2b: Gyarados|move: Protect\n|move|p1a: Sneasler|Close Combat|p2a: Espathra\n|-resisted|p2a: Espathra|1\n|-damage|p2a: Espathra|61/100\n|-unboost|p1a: Sneasler|def|1\n|-unboost|p1a: Sneasler|spd|1\n|-enditem|p1a: Sneasler|White Herb\n|-clearnegativeboost|p1a: Sneasler|[silent]\n|\n|upkeep\n|turn|3\n|inactive|Kyooby has 30 seconds left.\n|inactive|Kyooby has 20 seconds left.\n|inactive|Kyooby has 15 seconds left.\n|\n|t:|1776427551\n|move|p1a: Sneasler|Close Combat|p2b: Gyarados\n|-supereffective|p2b: Gyarados|1\n|-damage|p2b: Gyarados|0 fnt\n|-unboost|p1a: Sneasler|def|1\n|-unboost|p1a: Sneasler|spd|1\n|faint|p2b: Gyarados\n|move|p1b: Basculegion|Last Respects|p2a: Espathra\n|-supereffective|p2a: Espathra|1\n|-damage|p2a: Espathra|0 fnt\n|faint|p2a: Espathra\n|\n|upkeep\n|\n|t:|1776427558\n|switch|p2a: Maushold|Maushold-Four, L50|31/100\n|switch|p2b: Heliolisk|Heliolisk, L50, M, shiny|100/100\n|turn|4\n|\n|t:|1776427572\n|move|p2a: Maushold|Follow Me|p2a: Maushold\n|-singleturn|p2a: Maushold|move: Follow Me\n|move|p1a: Sneasler|Close Combat|p2a: Maushold\n|-supereffective|p2a: Maushold|1\n|-damage|p2a: Maushold|0 fnt\n|-unboost|p1a: Sneasler|def|1\n|-unboost|p1a: Sneasler|spd|1\n|faint|p2a: Maushold\n|move|p1b: Basculegion|Last Respects|p2b: Heliolisk\n|-immune|p2b: Heliolisk\n|move|p2b: Heliolisk|Thunderbolt|p1a: Sneasler\n|-damage|p1a: Sneasler|0 fnt\n|faint|p1a: Sneasler\n|\n|upkeep\n|turn|5\n|-message|itonia forfeited.\n|\n|win|Kyooby\n|raw|itonia's rating: 1166 &rarr; <strong>1135</strong><br />(-31 for losing)\n|raw|Kyooby's rating: 1078 &rarr; <strong>1113</strong><br />(+35 for winning)\n",
  "uploadtime": 1776427579,
  "views": 27,
  "formatid": "gen9championsvgc2026regma",
  "rating": 1113,
  "private": 0,
  "password": null
}