{
  "id": "gen9championsvgc2026regma-2582367949",
  "format": "[Gen 9 Champions] VGC 2026 Reg M-A",
  "players": [
    "Fernando III",
    "ZeroPops"
  ],
  "log": "|j|\u2606Fernando III\n|j|\u2606ZeroPops\n|t:|1776086894\n|gametype|doubles\n|player|p1|Fernando III|gentleman-gen4dp|1079\n|player|p2|ZeroPops|102|1040\n|gen|9\n|tier|[Gen 9 Champions] VGC 2026 Reg M-A\n|rated|\n|rule|Species Clause: Limit one of each Pok\u00e9mon\n|rule|Item Clause: Limit 1 of each item\n|clearpoke\n|poke|p1|Pelipper, L50, M|\n|poke|p1|Raichu-Alola, L50, M|\n|poke|p1|Basculegion-F, L50, F|\n|poke|p1|Dragonite, L50, M|\n|poke|p1|Krookodile, L50, M|\n|poke|p1|Sableye, L50, M|\n|poke|p2|Floette-Eternal, L50, F|\n|poke|p2|Incineroar, L50, F|\n|poke|p2|Sneasler, L50, M|\n|poke|p2|Garchomp, L50, F|\n|poke|p2|Basculegion, L50, M|\n|poke|p2|Sinistcha, L50|\n|teampreview|4\n|\n|t:|1776086923\n|teamsize|p1|4\n|teamsize|p2|4\n|start\n|switch|p1a: Pelipper|Pelipper, L50, M|100/100\n|switch|p1b: Sableye|Sableye, L50, M|100/100\n|switch|p2a: Basculegion|Basculegion, L50, M|100/100\n|switch|p2b: Sneasler|Sneasler, L50, M|100/100\n|-weather|RainDance|[from] ability: Drizzle|[of] p1a: Pelipper\n|turn|1\n|\n|t:|1776086949\n|move|p1a: Pelipper|Protect|p1a: Pelipper\n|-singleturn|p1a: Pelipper|Protect\n|move|p2b: Sneasler|Fake Out|p1a: Pelipper\n|-activate|p1a: Pelipper|move: Protect\n|move|p1b: Sableye|Will-O-Wisp|p2b: Sneasler\n|-status|p2b: Sneasler|brn\n|move|p2a: Basculegion|Wave Crash|p1b: Sableye\n|-damage|p1b: Sableye|0 fnt\n|faint|p1b: Sableye\n|-damage|p2a: Basculegion|74/100|[from] Recoil\n|\n|-weather|RainDance|[upkeep]\n|-damage|p2b: Sneasler|95/100 brn|[from] brn\n|upkeep\n|\n|t:|1776086961\n|switch|p1b: Basculegion|Basculegion-F, L50, F|100/100\n|turn|2\n|\n|t:|1776086982\n|switch|p2b: Sinistcha|Sinistcha, L50|100/100\n|-heal|p2a: Basculegion|99/100|[from] ability: Hospitality|[of] p2b: Sinistcha\n|move|p1b: Basculegion|Shadow Ball|p2a: Basculegion\n|-supereffective|p2a: Basculegion|1\n|-damage|p2a: Basculegion|9/100\n|move|p2a: Basculegion|Wave Crash|p1b: Basculegion\n|-resisted|p1b: Basculegion|1\n|-damage|p1b: Basculegion|30/100\n|-enditem|p1b: Basculegion|Sitrus Berry|[eat]\n|-heal|p1b: Basculegion|54/100|[from] item: Sitrus Berry\n|-damage|p2a: Basculegion|0 fnt|[from] Recoil\n|faint|p2a: Basculegion\n|move|p1a: Pelipper|Hurricane|p2b: Sinistcha\n|-supereffective|p2b: Sinistcha|1\n|-damage|p2b: Sinistcha|15/100\n|-enditem|p2b: Sinistcha|Sitrus Berry|[eat]\n|-heal|p2b: Sinistcha|40/100|[from] item: Sitrus Berry\n|\n|-weather|RainDance|[upkeep]\n|upkeep\n|\n|t:|1776086991\n|switch|p2a: Floette|Floette-Eternal, L50, F|100/100\n|turn|3\n|\n|t:|1776087027\n|detailschange|p2a: Floette|Floette-Mega, L50, F\n|-mega|p2a: Floette|Floette|Floettite\n|-ability|p2a: Floette|Fairy Aura\n|move|p1a: Pelipper|Protect|p1a: Pelipper\n|-singleturn|p1a: Pelipper|Protect\n|move|p2b: Sinistcha|Rage Powder|p2b: Sinistcha\n|-singleturn|p2b: Sinistcha|move: Rage Powder\n|move|p1b: Basculegion|Shadow Ball|p2b: Sinistcha\n|-supereffective|p2b: Sinistcha|1\n|-damage|p2b: Sinistcha|0 fnt\n|faint|p2b: Sinistcha\n|move|p2a: Floette|Calm Mind|p2a: Floette\n|-boost|p2a: Floette|spa|1\n|-boost|p2a: Floette|spd|1\n|\n|-weather|RainDance|[upkeep]\n|upkeep\n|\n|t:|1776087045\n|switch|p2b: Sneasler|Sneasler, L50, M|95/100 brn\n|turn|4\n|\n|t:|1776087057\n|move|p2b: Sneasler|Fake Out|p1a: Pelipper\n|-damage|p1a: Pelipper|95/100\n|move|p1b: Basculegion|Hydro Pump|p2a: Floette\n|-damage|p2a: Floette|56/100\n|move|p2a: Floette|Calm Mind|p2a: Floette\n|-boost|p2a: Floette|spa|1\n|-boost|p2a: Floette|spd|1\n|cant|p1a: Pelipper|flinch\n|\n|-weather|RainDance|[upkeep]\n|-heal|p1a: Pelipper|100/100|[from] item: Leftovers\n|-damage|p2b: Sneasler|89/100 brn|[from] brn\n|upkeep\n|turn|5\n|\n|t:|1776087070\n|move|p1b: Basculegion|Hydro Pump|p2a: Floette\n|-damage|p2a: Floette|24/100\n|move|p2b: Sneasler|Dire Claw|p1a: Pelipper\n|-damage|p1a: Pelipper|84/100\n|move|p2a: Floette|Dazzling Gleam|p1b: Basculegion|[spread] p1a,p1b\n|-crit|p1b: Basculegion\n|-damage|p1a: Pelipper|0 fnt\n|-damage|p1b: Basculegion|0 fnt\n|faint|p1a: Pelipper\n|faint|p1b: Basculegion\n|\n|-weather|none\n|-damage|p2b: Sneasler|83/100 brn|[from] brn\n|upkeep\n|\n|t:|1776087081\n|switch|p1b: Dragonite|Dragonite, L50, M|100/100\n|turn|6\n|\n|t:|1776087090\n|detailschange|p1b: Dragonite|Dragonite-Mega, L50, M\n|-mega|p1b: Dragonite|Dragonite|Dragoninite\n|move|p2b: Sneasler|Dire Claw|p1b: Dragonite\n|-damage|p1b: Dragonite|92/100\n|-status|p1b: Dragonite|psn\n|move|p2a: Floette|Moonblast|p1b: Dragonite\n|-supereffective|p1b: Dragonite|1\n|-damage|p1b: Dragonite|0 fnt\n|faint|p1b: Dragonite\n|\n|win|ZeroPops\n|raw|Fernando III's rating: 1079 &rarr; <strong>1055</strong><br />(-24 for losing)\n|raw|ZeroPops's rating: 1040 &rarr; <strong>1078</strong><br />(+38 for winning)\n",
  "uploadtime": 1776087098,
  "views": 14,
  "formatid": "gen9championsvgc2026regma",
  "rating": 1055,
  "private": 0,
  "password": null
}