{
  "id": "gen9championsvgc2026regma-2582775515",
  "format": "[Gen 9 Champions] VGC 2026 Reg M-A",
  "players": [
    "Potoo Lord",
    "lil HD"
  ],
  "log": "|j|\u2606Potoo Lord\n|j|\u2606lil HD\n|t:|1776113254\n|gametype|doubles\n|player|p1|Potoo Lord|265|1000\n|player|p2|lil HD|fisherman-gen4|1052\n|gen|9\n|tier|[Gen 9 Champions] VGC 2026 Reg M-A\n|rated|\n|rule|Species Clause: Limit one of each Pok\u00e9mon\n|rule|Item Clause: Limit 1 of each item\n|clearpoke\n|poke|p1|Kingambit, L50, F|\n|poke|p1|Slowking, L50, M|\n|poke|p1|Crabominable, L50, F|\n|poke|p1|Drampa, L50, F|\n|poke|p1|Mr. Rime, L50, F|\n|poke|p1|Sinistcha, L50|\n|poke|p2|Feraligatr, L50, M|\n|poke|p2|Incineroar, L50, F|\n|poke|p2|Sneasler, L50, F|\n|poke|p2|Goodra-Hisui, L50, F|\n|poke|p2|Whimsicott, L50, M|\n|poke|p2|Garchomp, L50, F|\n|teampreview|4\n|inactive|Battle timer is ON: inactive players will automatically lose when time's up. (requested by Potoo Lord)\n|\n|t:|1776113306\n|teamsize|p1|4\n|teamsize|p2|4\n|start\n|switch|p1a: Kingambit|Kingambit, L50, F|100/100\n|switch|p1b: Slowking|Slowking, L50, M|100/100\n|switch|p2a: Feraligatr|Feraligatr, L50, M|100/100\n|switch|p2b: Goodra|Goodra-Hisui, L50, F|100/100\n|turn|1\n|\n|t:|1776113322\n|detailschange|p2a: Feraligatr|Feraligatr-Mega, L50, M\n|-mega|p2a: Feraligatr|Feraligatr|Feraligite\n|move|p2a: Feraligatr|Double-Edge|p1b: Slowking\n|-damage|p1b: Slowking|18/100\n|-enditem|p1b: Slowking|Sitrus Berry|[eat]\n|-heal|p1b: Slowking|42/100|[from] item: Sitrus Berry\n|-damage|p2a: Feraligatr|71/100|[from] Recoil\n|move|p2b: Goodra|Thunderbolt|p1b: Slowking\n|-supereffective|p1b: Slowking|1\n|-damage|p1b: Slowking|0 fnt\n|faint|p1b: Slowking\n|move|p1a: Kingambit|Lash Out|p2a: Feraligatr\n|-damage|p2a: Feraligatr|27/100\n|\n|upkeep\n|\n|t:|1776113332\n|switch|p1b: Sinistcha|Sinistcha, L50|100/100\n|turn|2\n|\n|t:|1776113344\n|switch|p2a: Sneasler|Sneasler, L50, F|100/100\n|move|p1a: Kingambit|Sucker Punch||[still]\n|-fail|p1a: Kingambit\n|move|p2b: Goodra|Ice Beam|p1b: Sinistcha\n|-supereffective|p1b: Sinistcha|1\n|-damage|p1b: Sinistcha|47/100\n|move|p1b: Sinistcha|Trick Room|p1b: Sinistcha\n|-fieldstart|move: Trick Room|[of] p1b: Sinistcha\n|\n|-heal|p1b: Sinistcha|53/100|[from] item: Leftovers\n|upkeep\n|turn|3\n|\n|t:|1776113365\n|move|p1a: Kingambit|Protect|p1a: Kingambit\n|-singleturn|p1a: Kingambit|Protect\n|move|p2a: Sneasler|Fake Out|p1a: Kingambit\n|-activate|p1a: Kingambit|move: Protect\n|move|p2b: Goodra|Ice Beam|p1b: Sinistcha\n|-supereffective|p1b: Sinistcha|1\n|-damage|p1b: Sinistcha|0 fnt\n|faint|p1b: Sinistcha\n|\n|upkeep\n|\n|t:|1776113372\n|switch|p1b: Crabominable|Crabominable, L50, F|100/100\n|turn|4\n|inactive|lil HD has 30 seconds left.\n|\n|t:|1776113404\n|switch|p2a: Feraligatr|Feraligatr-Mega, L50, M|27/100\n|detailschange|p1b: Crabominable|Crabominable-Mega, L50, F\n|-mega|p1b: Crabominable|Crabominable|Crabominite\n|move|p1b: Crabominable|Ice Hammer|p2a: Feraligatr\n|-damage|p2a: Feraligatr|0 fnt\n|-unboost|p1b: Crabominable|spe|1\n|faint|p2a: Feraligatr\n|move|p1a: Kingambit|Lash Out|p2b: Goodra\n|-damage|p2b: Goodra|58/100\n|-ability|p2b: Goodra|Gooey\n|-unboost|p1a: Kingambit|spe|1\n|-ability|p1a: Kingambit|Defiant|boost\n|-boost|p1a: Kingambit|atk|2\n|move|p2b: Goodra|Thunderbolt|p1a: Kingambit\n|-damage|p1a: Kingambit|67/100\n|\n|-heal|p2b: Goodra|64/100|[from] item: Leftovers\n|upkeep\n|\n|t:|1776113426\n|switch|p2a: Incineroar|Incineroar, L50, F|100/100\n|-ability|p2a: Incineroar|Intimidate|boost\n|-unboost|p1a: Kingambit|atk|1\n|-ability|p1a: Kingambit|Defiant|boost\n|-boost|p1a: Kingambit|atk|2\n|-unboost|p1b: Crabominable|atk|1\n|turn|5\n|\n|t:|1776113435\n|move|p1b: Crabominable|Protect|p1b: Crabominable\n|-singleturn|p1b: Crabominable|Protect\n|move|p2a: Incineroar|Fake Out|p1b: Crabominable\n|-activate|p1b: Crabominable|move: Protect\n|move|p1a: Kingambit|Lash Out|p2b: Goodra\n|-damage|p2b: Goodra|0 fnt\n|-ability|p2b: Goodra|Gooey\n|-unboost|p1a: Kingambit|spe|1\n|-ability|p1a: Kingambit|Defiant|boost\n|-boost|p1a: Kingambit|atk|2\n|faint|p2b: Goodra\n|\n|upkeep\n|\n|t:|1776113445\n|switch|p2b: Sneasler|Sneasler, L50, F|100/100\n|turn|6\n|\n|t:|1776113462\n|move|p1a: Kingambit|Protect|p1a: Kingambit\n|-singleturn|p1a: Kingambit|Protect\n|move|p2b: Sneasler|Fake Out|p1a: Kingambit\n|-activate|p1a: Kingambit|move: Protect\n|move|p1b: Crabominable|Drain Punch|p2a: Incineroar\n|-supereffective|p2a: Incineroar|1\n|-damage|p2a: Incineroar|22/100\n|-enditem|p2a: Incineroar|Sitrus Berry|[eat]\n|-heal|p2a: Incineroar|47/100|[from] item: Sitrus Berry\n|move|p2a: Incineroar|Flare Blitz|p1b: Crabominable\n|-supereffective|p1b: Crabominable|1\n|-damage|p1b: Crabominable|0 fnt\n|faint|p1b: Crabominable\n|-damage|p2a: Incineroar|19/100|[from] Recoil\n|\n|-fieldend|move: Trick Room\n|upkeep\n|turn|7\n|\n|t:|1776113476\n|move|p1a: Kingambit|Sucker Punch|p2b: Sneasler\n|-resisted|p2b: Sneasler|1\n|-damage|p2b: Sneasler|0 fnt\n|faint|p2b: Sneasler\n|move|p2a: Incineroar|Flare Blitz|p1a: Kingambit\n|-supereffective|p1a: Kingambit|1\n|-enditem|p1a: Kingambit|Occa Berry|[eat]\n|-enditem|p1a: Kingambit|Occa Berry|[weaken]\n|-damage|p1a: Kingambit|28/100\n|-damage|p2a: Incineroar|7/100|[from] Recoil\n|\n|upkeep\n|turn|8\n|\n|t:|1776113486\n|move|p1a: Kingambit|Sucker Punch||[still]\n|-fail|p1a: Kingambit\n|move|p2a: Incineroar|Parting Shot|p1a: Kingambit\n|-unboost|p1a: Kingambit|atk|1\n|-ability|p1a: Kingambit|Defiant|boost\n|-boost|p1a: Kingambit|atk|2\n|-unboost|p1a: Kingambit|spa|1\n|-boost|p1a: Kingambit|atk|0\n|\n|upkeep\n|turn|9\n|\n|t:|1776113491\n|move|p1a: Kingambit|Protect|p1a: Kingambit\n|-singleturn|p1a: Kingambit|Protect\n|move|p2a: Incineroar|Flare Blitz|p1a: Kingambit\n|-activate|p1a: Kingambit|move: Protect\n|\n|upkeep\n|turn|10\n|\n|t:|1776113503\n|move|p1a: Kingambit|Sucker Punch||[still]\n|-fail|p1a: Kingambit\n|move|p2a: Incineroar|Parting Shot|p1a: Kingambit\n|-unboost|p1a: Kingambit|atk|1\n|-ability|p1a: Kingambit|Defiant|boost\n|-boost|p1a: Kingambit|atk|1\n|-unboost|p1a: Kingambit|spa|1\n|-boost|p1a: Kingambit|atk|0\n|\n|upkeep\n|turn|11\n|\n|t:|1776113506\n|move|p1a: Kingambit|Sucker Punch||[still]\n|-fail|p1a: Kingambit\n|move|p2a: Incineroar|Parting Shot|p1a: Kingambit\n|-unboost|p1a: Kingambit|atk|1\n|-ability|p1a: Kingambit|Defiant|boost\n|-boost|p1a: Kingambit|atk|1\n|-unboost|p1a: Kingambit|spa|1\n|-boost|p1a: Kingambit|atk|0\n|\n|upkeep\n|turn|12\n|\n|t:|1776113509\n|move|p1a: Kingambit|Sucker Punch|p2a: Incineroar\n|-resisted|p2a: Incineroar|1\n|-damage|p2a: Incineroar|0 fnt\n|faint|p2a: Incineroar\n|\n|win|Potoo Lord\n|raw|Potoo Lord's rating: 1000 &rarr; <strong>1046</strong><br />(+46 for winning)\n|raw|lil HD's rating: 1052 &rarr; <strong>1032</strong><br />(-20 for losing)\n|l|\u2606lil HD\n|player|p2|\n",
  "uploadtime": 1776113591,
  "views": 28,
  "formatid": "gen9championsvgc2026regma",
  "rating": 1032,
  "private": 0,
  "password": null
}