{
  "id": "gen9championsvgc2026regma-2585452483",
  "format": "[Gen 9 Champions] VGC 2026 Reg M-A",
  "players": [
    "Mirthinion",
    "Jthepoke"
  ],
  "log": "|j|\u2606Mirthinion\n|j|\u2606Jthepoke\n|t:|1776348263\n|gametype|doubles\n|player|p1|Mirthinion|janitor|1535\n|player|p2|Jthepoke|cyrus|1560\n|gen|9\n|tier|[Gen 9 Champions] VGC 2026 Reg M-A\n|rated|\n|rule|Species Clause: Limit one of each Pok\u00e9mon\n|rule|Item Clause: Limit 1 of each item\n|clearpoke\n|poke|p1|Tyranitar, L50, M|\n|poke|p1|Lycanroc, L50, M|\n|poke|p1|Primarina, L50, F|\n|poke|p1|Corviknight, L50, M|\n|poke|p1|Rotom-Wash, L50|\n|poke|p1|Incineroar, L50, M|\n|poke|p2|Floette-Eternal, L50, F|\n|poke|p2|Garchomp, L50, M|\n|poke|p2|Kingambit, L50, M|\n|poke|p2|Basculegion, L50, M|\n|poke|p2|Sneasler, L50, M|\n|poke|p2|Froslass, L50, F|\n|teampreview|4\n|inactive|Battle timer is ON: inactive players will automatically lose when time's up. (requested by Mirthinion)\n|inactive|Mirthinion has 60 seconds left.\n|inactive|Mirthinion has 30 seconds left.\n|inactive|Mirthinion has 20 seconds left.\n|\n|t:|1776348335\n|teamsize|p1|4\n|teamsize|p2|4\n|start\n|switch|p1a: Corviknight|Corviknight, L50, M|100/100\n|switch|p1b: Tyranitar|Tyranitar, L50, M|100/100\n|switch|p2a: Garchomp|Garchomp, L50, M|100/100\n|switch|p2b: Sneasler|Sneasler, L50, M|100/100\n|-weather|Sandstorm|[from] ability: Sand Stream|[of] p1b: Tyranitar\n|turn|1\n|\n|t:|1776348360\n|move|p1b: Tyranitar|Protect|p1b: Tyranitar\n|-singleturn|p1b: Tyranitar|Protect\n|move|p2b: Sneasler|Fake Out|p1a: Corviknight\n|-resisted|p1a: Corviknight|1\n|-damage|p1a: Corviknight|94/100\n|move|p2a: Garchomp|Dragon Claw|p1b: Tyranitar\n|-activate|p1b: Tyranitar|move: Protect\n|cant|p1a: Corviknight|flinch\n|\n|-weather|Sandstorm|[upkeep]\n|-damage|p2b: Sneasler|95/100|[from] Sandstorm\n|upkeep\n|turn|2\n|j| GentleH\n|l| GentleH\n|\n|t:|1776348373\n|switch|p1b: Primarina|Primarina, L50, F|100/100\n|move|p2b: Sneasler|Close Combat|p1b: Primarina\n|-resisted|p1b: Primarina|1\n|-damage|p1b: Primarina|55/100\n|-unboost|p2b: Sneasler|def|1\n|-unboost|p2b: Sneasler|spd|1\n|-status|p1b: Primarina|psn|[from] ability: Poison Touch|[of] p2b: Sneasler\n|move|p2a: Garchomp|Rock Slide|p1b: Primarina|[spread] p1a,p1b\n|-damage|p1a: Corviknight|81/100\n|-damage|p1b: Primarina|30/100 psn\n|move|p1a: Corviknight|Brave Bird|p2b: Sneasler\n|-supereffective|p2b: Sneasler|1\n|-damage|p2b: Sneasler|0 fnt\n|faint|p2b: Sneasler\n|-damage|p1a: Corviknight|57/100|[from] Recoil\n|\n|-weather|Sandstorm|[upkeep]\n|-damage|p1b: Primarina|24/100 psn|[from] Sandstorm\n|-damage|p1b: Primarina|12/100 psn|[from] psn\n|upkeep\n|inactive|Jthepoke has 30 seconds left.\n|\n|t:|1776348403\n|switch|p2b: Floette|Floette-Eternal, L50, F|100/100\n|turn|3\n|inactive|Jthepoke has 30 seconds left.\n|\n|t:|1776348432\n|detailschange|p2b: Floette|Floette-Mega, L50, F\n|-mega|p2b: Floette|Floette|Floettite\n|-ability|p2b: Floette|Fairy Aura\n|move|p2b: Floette|Light of Ruin|p1a: Corviknight\n|-resisted|p1a: Corviknight|1\n|-damage|p1a: Corviknight|15/100\n|-enditem|p1a: Corviknight|Sitrus Berry|[eat]\n|-heal|p1a: Corviknight|40/100|[from] item: Sitrus Berry\n|-damage|p2b: Floette|74/100|[from] Recoil\n|move|p2a: Garchomp|Rock Slide|p1a: Corviknight|[spread] p1a\n|-miss|p2a: Garchomp|p1b: Primarina\n|-damage|p1a: Corviknight|25/100\n|move|p1b: Primarina|Moonblast|p2a: Garchomp\n|-supereffective|p2a: Garchomp|1\n|-enditem|p2a: Garchomp|Roseli Berry|[eat]\n|-enditem|p2a: Garchomp|Roseli Berry|[weaken]\n|-damage|p2a: Garchomp|39/100\n|cant|p1a: Corviknight|flinch\n|\n|-weather|Sandstorm|[upkeep]\n|-damage|p2b: Floette|67/100|[from] Sandstorm\n|-damage|p1b: Primarina|6/100 psn|[from] Sandstorm\n|-damage|p1b: Primarina|0 fnt|[from] psn\n|faint|p1b: Primarina\n|upkeep\n|\n|t:|1776348453\n|switch|p1b: Lycanroc|Lycanroc, L50, M|100/100\n|turn|4\n|\n|t:|1776348471\n|move|p2b: Floette|Protect|p2b: Floette\n|-singleturn|p2b: Floette|Protect\n|move|p1b: Lycanroc|Rock Slide|p2a: Garchomp|[spread] \n|-activate|p2b: Floette|move: Protect\n|-miss|p1b: Lycanroc|p2a: Garchomp\n|move|p2a: Garchomp|Rock Slide|p1a: Corviknight|[spread] p1a,p1b\n|-damage|p1a: Corviknight|11/100\n|-damage|p1b: Lycanroc|69/100\n|move|p1a: Corviknight|Tailwind|p1a: Corviknight\n|-sidestart|p1: Mirthinion|move: Tailwind\n|\n|-weather|Sandstorm|[upkeep]\n|-damage|p2b: Floette|61/100|[from] Sandstorm\n|upkeep\n|turn|5\n|\n|t:|1776348494\n|move|p1b: Lycanroc|Close Combat|p2a: Garchomp\n|-damage|p2a: Garchomp|0 fnt\n|-unboost|p1b: Lycanroc|def|1\n|-unboost|p1b: Lycanroc|spd|1\n|-damage|p1b: Lycanroc|56/100|[from] ability: Rough Skin|[of] p2a: Garchomp\n|faint|p2a: Garchomp\n|move|p1a: Corviknight|Roost|p1a: Corviknight\n|-heal|p1a: Corviknight|61/100\n|-singleturn|p1a: Corviknight|move: Roost\n|move|p2b: Floette|Dazzling Gleam|p1b: Lycanroc|[spread] p1a,p1b\n|-resisted|p1a: Corviknight|1\n|-crit|p1a: Corviknight\n|-damage|p1a: Corviknight|35/100\n|-damage|p1b: Lycanroc|0 fnt\n|faint|p1b: Lycanroc\n|\n|-weather|none\n|upkeep\n|j| xen077\n|\n|t:|1776348508\n|switch|p1b: Tyranitar|Tyranitar, L50, M|100/100\n|switch|p2a: Basculegion|Basculegion, L50, M|100/100\n|-weather|Sandstorm|[from] ability: Sand Stream|[of] p1b: Tyranitar\n|turn|6\n|inactive|Jthepoke has 30 seconds left.\n|\n|t:|1776348538\n|detailschange|p1b: Tyranitar|Tyranitar-Mega, L50, M\n|-mega|p1b: Tyranitar|Tyranitar|Tyranitarite\n|move|p2b: Floette|Protect|p2b: Floette\n|-singleturn|p2b: Floette|Protect\n|move|p1b: Tyranitar|Knock Off|p2a: Basculegion\n|-supereffective|p2a: Basculegion|1\n|-damage|p2a: Basculegion|0 fnt\n|-enditem|p2a: Basculegion|Sitrus Berry|[from] move: Knock Off|[of] p1b: Tyranitar\n|faint|p2a: Basculegion\n|move|p1a: Corviknight|Roost|p1a: Corviknight\n|-heal|p1a: Corviknight|85/100\n|-singleturn|p1a: Corviknight|move: Roost\n|\n|-weather|Sandstorm|[upkeep]\n|-damage|p2b: Floette|55/100|[from] Sandstorm\n|upkeep\n|turn|7\n|\n|t:|1776348553\n|move|p1b: Tyranitar|Rock Slide|p2b: Floette\n|-damage|p2b: Floette|0 fnt\n|faint|p2b: Floette\n|\n|win|Mirthinion\n|raw|Mirthinion's rating: 1535 &rarr; <strong>1556</strong><br />(+21 for winning)\n|raw|Jthepoke's rating: 1560 &rarr; <strong>1539</strong><br />(-21 for losing)\n|j| yateblublu\n",
  "uploadtime": 1776348561,
  "views": 60,
  "formatid": "gen9championsvgc2026regma",
  "rating": 1539,
  "private": 0,
  "password": null
}