{
  "id": "gen9championsvgc2026regma-2588327929",
  "format": "[Gen 9 Champions] VGC 2026 Reg M-A",
  "players": [
    "rodriogoo",
    "Dontockz"
  ],
  "log": "|j|\u2606rodriogoo\n|j|\u2606Dontockz\n|t:|1776624460\n|gametype|doubles\n|player|p1|rodriogoo|n|1087\n|player|p2|Dontockz|gambler|1035\n|gen|9\n|tier|[Gen 9 Champions] VGC 2026 Reg M-A\n|rated|\n|rule|Species Clause: Limit one of each Pok\u00e9mon\n|rule|Item Clause: Limit 1 of each item\n|clearpoke\n|poke|p1|Typhlosion-Hisui, L50, F|\n|poke|p1|Altaria, L50, M|\n|poke|p1|Whimsicott, L50, F|\n|poke|p1|Rotom-Wash, L50|\n|poke|p1|Sableye, L50, F|\n|poke|p1|Sinistcha, L50|\n|poke|p2|Aerodactyl, L50, F, shiny|\n|poke|p2|Araquanid, L50, F|\n|poke|p2|Chandelure, L50, F|\n|poke|p2|Sinistcha, L50|\n|poke|p2|Kangaskhan, L50, F|\n|poke|p2|Tinkaton, L50, F|\n|teampreview|4\n|\n|t:|1776624493\n|teamsize|p1|4\n|teamsize|p2|4\n|start\n|switch|p1a: Whimsicott|Whimsicott, L50, F|100/100\n|switch|p1b: Typhlosion|Typhlosion-Hisui, L50, F|100/100\n|switch|p2a: Tinky Winky|Tinkaton, L50, F|100/100\n|switch|p2b: *(void*)0:|Chandelure, L50, F|100/100\n|-item|p2a: Tinky Winky|Mental Herb|[from] ability: Frisk|[of] p1b: Typhlosion\n|-item|p2b: *(void*)0:|Chandelurite|[from] ability: Frisk|[of] p1b: Typhlosion\n|-ability|p2a: Tinky Winky|Mold Breaker\n|turn|1\n|\n|t:|1776624524\n|move|p2a: Tinky Winky|Fake Out|p1a: Whimsicott\n|-damage|p1a: Whimsicott|82/100\n|cant|p1a: Whimsicott|flinch\n|move|p1b: Typhlosion|Shadow Ball|p2b: *(void*)0:\n|-supereffective|p2b: *(void*)0:|1\n|-damage|p2b: *(void*)0:|27/100\n|move|p2b: *(void*)0:|Calm Mind|p2b: *(void*)0:\n|-boost|p2b: *(void*)0:|spa|1\n|-boost|p2b: *(void*)0:|spd|1\n|\n|upkeep\n|turn|2\n|\n|t:|1776624549\n|switch|p2a: Freakstroyer|Araquanid, L50, F|100/100\n|move|p2b: *(void*)0:|Protect|p2b: *(void*)0:\n|-singleturn|p2b: *(void*)0:|Protect\n|move|p1a: Whimsicott|Tailwind|p1a: Whimsicott\n|-sidestart|p1: rodriogoo|move: Tailwind\n|move|p1b: Typhlosion|Shadow Ball|p2b: *(void*)0:\n|-activate|p2b: *(void*)0:|move: Protect\n|\n|upkeep\n|turn|3\n|\n|t:|1776624573\n|switch|p2b: Tinky Winky|Tinkaton, L50, F|100/100\n|-ability|p2b: Tinky Winky|Mold Breaker\n|move|p1a: Whimsicott|Sunny Day|p1a: Whimsicott\n|-weather|SunnyDay\n|move|p1b: Typhlosion|Shadow Ball|p2b: Tinky Winky\n|-damage|p2b: Tinky Winky|61/100\n|move|p2a: Freakstroyer|Liquidation|p1b: Typhlosion\n|-supereffective|p1b: Typhlosion|1\n|-damage|p1b: Typhlosion|6/100\n|\n|-weather|SunnyDay|[upkeep]\n|upkeep\n|turn|4\n|\n|t:|1776624600\n|move|p1b: Typhlosion|Shadow Ball|p2a: Freakstroyer\n|-damage|p2a: Freakstroyer|61/100\n|move|p1a: Whimsicott|Moonblast|p2a: Freakstroyer\n|-damage|p2a: Freakstroyer|29/100\n|move|p2b: Tinky Winky|Gigaton Hammer|p1a: Whimsicott\n|-supereffective|p1a: Whimsicott|1\n|-damage|p1a: Whimsicott|0 fnt\n|faint|p1a: Whimsicott\n|move|p2a: Freakstroyer|Icy Wind|p1b: Typhlosion\n|-resisted|p1b: Typhlosion|1\n|-damage|p1b: Typhlosion|0 fnt\n|faint|p1b: Typhlosion\n|\n|-weather|SunnyDay|[upkeep]\n|-heal|p2a: Freakstroyer|35/100|[from] item: Leftovers\n|upkeep\n|\n|t:|1776624611\n|switch|p1a: Altaria|Altaria, L50, M|100/100\n|switch|p1b: Sableye|Sableye, L50, F|100/100\n|-ability|p1a: Altaria|Cloud Nine\n|turn|5\n|\n|t:|1776624637\n|switch|p2a: the drink|Sinistcha, L50|100/100\n|-heal|p2b: Tinky Winky|86/100|[from] ability: Hospitality|[of] p2a: the drink\n|detailschange|p1a: Altaria|Altaria-Mega, L50, M\n|-mega|p1a: Altaria|Altaria|Altarianite\n|move|p1b: Sableye|Reflect|p1b: Sableye\n|-sidestart|p1: rodriogoo|Reflect\n|move|p1a: Altaria|Flamethrower|p2b: Tinky Winky\n|-supereffective|p2b: Tinky Winky|1\n|-damage|p2b: Tinky Winky|11/100\n|move|p2b: Tinky Winky|Thunder Wave|p1a: Altaria\n|-status|p1a: Altaria|par\n|\n|-weather|SunnyDay|[upkeep]\n|-sideend|p1: rodriogoo|move: Tailwind\n|upkeep\n|turn|6\n|\n|t:|1776624658\n|move|p2a: the drink|Rage Powder|p2a: the drink\n|-singleturn|p2a: the drink|move: Rage Powder\n|move|p1b: Sableye|Light Screen|p1b: Sableye\n|-sidestart|p1: rodriogoo|move: Light Screen\n|move|p2b: Tinky Winky|Gigaton Hammer|p1a: Altaria\n|-supereffective|p1a: Altaria|1\n|-damage|p1a: Altaria|21/100 par\n|move|p1a: Altaria|Flamethrower|p2a: the drink\n|-supereffective|p2a: the drink|1\n|-damage|p2a: the drink|13/100\n|-status|p2a: the drink|brn\n|-enditem|p2a: the drink|Sitrus Berry|[eat]\n|-heal|p2a: the drink|38/100 brn|[from] item: Sitrus Berry\n|\n|-weather|SunnyDay|[upkeep]\n|-damage|p2a: the drink|32/100 brn|[from] brn\n|upkeep\n|turn|7\n|\n|t:|1776624701\n|switch|p2b: *(void*)0:|Chandelure, L50, F|27/100\n|move|p1a: Altaria|Protect|p1a: Altaria\n|-singleturn|p1a: Altaria|Protect\n|move|p2a: the drink|Life Dew|p2a: the drink|[spread] p2a,p2b\n|-heal|p2a: the drink|57/100 brn\n|-heal|p2b: *(void*)0:|53/100\n|move|p1b: Sableye|Foul Play|p2b: *(void*)0:\n|-supereffective|p2b: *(void*)0:|1\n|-crit|p2b: *(void*)0:\n|-damage|p2b: *(void*)0:|0 fnt\n|faint|p2b: *(void*)0:\n|\n|-weather|none\n|-damage|p2a: the drink|50/100 brn|[from] brn\n|upkeep\n|\n|t:|1776624717\n|switch|p2b: Tinky Winky|Tinkaton, L50, F|11/100\n|-ability|p2b: Tinky Winky|Mold Breaker\n|turn|8\n|\n|t:|1776624739\n|move|p2b: Tinky Winky|Fake Out|p1a: Altaria\n|-damage|p1a: Altaria|14/100 par\n|move|p2a: the drink|Matcha Gotcha|p1b: Sableye|[spread] p1a,p1b\n|-resisted|p1a: Altaria|1\n|-damage|p1a: Altaria|7/100 par\n|-heal|p2a: the drink|54/100 brn|[from] drain|[of] p1a: Altaria\n|-damage|p1b: Sableye|83/100\n|-heal|p2a: the drink|63/100 brn|[from] drain|[of] p1b: Sableye\n|-status|p1b: Sableye|brn\n|move|p1b: Sableye|Foul Play|p2b: Tinky Winky\n|-resisted|p2b: Tinky Winky|1\n|-damage|p2b: Tinky Winky|0 fnt\n|faint|p2b: Tinky Winky\n|cant|p1a: Altaria|flinch\n|\n|-damage|p2a: the drink|57/100 brn|[from] brn\n|-damage|p1b: Sableye|78/100 brn|[from] brn\n|upkeep\n|\n|t:|1776624755\n|switch|p2b: Freakstroyer|Araquanid, L50, F|35/100\n|turn|9\n|\n|t:|1776624763\n|move|p2a: the drink|Life Dew|p2a: the drink|[spread] p2a,p2b\n|-heal|p2a: the drink|82/100 brn\n|-heal|p2b: Freakstroyer|60/100\n|move|p1b: Sableye|Foul Play|p2a: the drink\n|-supereffective|p2a: the drink|1\n|-damage|p2a: the drink|63/100 brn\n|move|p2b: Freakstroyer|Icy Wind|p1b: Sableye|[spread] p1a,p1b\n|-supereffective|p1a: Altaria|1\n|-damage|p1a: Altaria|0 fnt\n|-damage|p1b: Sableye|74/100 brn\n|-unboost|p1b: Sableye|spe|1\n|faint|p1a: Altaria\n|\n|-heal|p2b: Freakstroyer|66/100|[from] item: Leftovers\n|-damage|p2a: the drink|57/100 brn|[from] brn\n|-damage|p1b: Sableye|68/100 brn|[from] brn\n|-sideend|p1: rodriogoo|Reflect\n|upkeep\n|turn|10\n|\n|t:|1776624787\n|move|p1b: Sableye|Reflect|p1b: Sableye\n|-sidestart|p1: rodriogoo|Reflect\n|move|p2a: the drink|Life Dew|p2a: the drink|[spread] p2a,p2b\n|-heal|p2a: the drink|82/100 brn\n|-heal|p2b: Freakstroyer|91/100\n|move|p2b: Freakstroyer|Liquidation|p1b: Sableye\n|-damage|p1b: Sableye|9/100 brn\n|-unboost|p1b: Sableye|def|1\n|\n|-heal|p2b: Freakstroyer|97/100|[from] item: Leftovers\n|-damage|p2a: the drink|75/100 brn|[from] brn\n|-damage|p1b: Sableye|4/100 brn|[from] brn\n|-sideend|p1: rodriogoo|move: Light Screen\n|upkeep\n|turn|11\n|-message|rodriogoo forfeited.\n|\n|win|Dontockz\n|raw|rodriogoo's rating: 1087 &rarr; <strong>1061</strong><br />(-26 for losing)\n|raw|Dontockz's rating: 1035 &rarr; <strong>1075</strong><br />(+40 for winning)\n|l|\u2606rodriogoo\n|player|p1|\n",
  "uploadtime": 1776624808,
  "views": 19,
  "formatid": "gen9championsvgc2026regma",
  "rating": 1061,
  "private": 0,
  "password": null
}