{
  "id": "gen9championsvgc2026regma-2582658804",
  "format": "[Gen 9 Champions] VGC 2026 Reg M-A",
  "players": [
    "porygon-epilepz",
    "duckwithafedora"
  ],
  "log": "|j|\u2606porygon-epilepz\n|j|\u2606duckwithafedora\n|t:|1776105493\n|gametype|doubles\n|player|p1|porygon-epilepz|hiker-gen4|1205\n|player|p2|duckwithafedora|170|1259\n|gen|9\n|tier|[Gen 9 Champions] VGC 2026 Reg M-A\n|rated|\n|rule|Species Clause: Limit one of each Pok\u00e9mon\n|rule|Item Clause: Limit 1 of each item\n|clearpoke\n|poke|p1|Kommo-o, L50, M|\n|poke|p1|Incineroar, L50, M|\n|poke|p1|Glimmora, L50, M|\n|poke|p1|Sinistcha, L50|\n|poke|p1|Talonflame, L50, M|\n|poke|p1|Rotom-Wash, L50|\n|poke|p2|Zoroark-Hisui, L50, M|\n|poke|p2|Kingambit, L50, F|\n|poke|p2|Whimsicott, L50, M|\n|poke|p2|Rotom-Wash, L50|\n|poke|p2|Gengar, L50, M|\n|poke|p2|Sneasler, L50, F|\n|teampreview|4\n|inactive|Battle timer is ON: inactive players will automatically lose when time's up. (requested by duckwithafedora)\n|inactive|porygon-epilepz has 60 seconds left.\n|\n|t:|1776105528\n|teamsize|p1|4\n|teamsize|p2|4\n|start\n|switch|p1a: Kommo-o|Kommo-o, L50, M|100/100\n|switch|p1b: Talonflame|Talonflame, L50, M|100/100\n|switch|p2a: Whimsicott|Whimsicott, L50, M|100/100\n|switch|p2b: Rotom|Rotom-Wash, L50|100/100\n|turn|1\n|inactive|duckwithafedora has 30 seconds left.\n|\n|t:|1776105555\n|move|p1b: Talonflame|Dual Wingbeat|p2a: Whimsicott\n|-supereffective|p2a: Whimsicott|1\n|-damage|p2a: Whimsicott|72/100\n|-supereffective|p2a: Whimsicott|1\n|-crit|p2a: Whimsicott\n|-damage|p2a: Whimsicott|29/100\n|-hitcount|p2a: Whimsicott|2\n|move|p2a: Whimsicott|Tailwind|p2a: Whimsicott\n|-sidestart|p2: duckwithafedora|move: Tailwind\n|move|p2b: Rotom|Will-O-Wisp|p1a: Kommo-o\n|-status|p1a: Kommo-o|brn\n|move|p1a: Kommo-o|Clangorous Soul|p1a: Kommo-o\n|-boost|p1a: Kommo-o|atk|1\n|-boost|p1a: Kommo-o|def|1\n|-boost|p1a: Kommo-o|spa|1\n|-boost|p1a: Kommo-o|spd|1\n|-boost|p1a: Kommo-o|spe|1\n|-damage|p1a: Kommo-o|68/100 brn\n|\n|-heal|p1a: Kommo-o|74/100 brn|[from] item: Leftovers\n|-damage|p1a: Kommo-o|68/100 brn|[from] brn\n|upkeep\n|turn|2\n|\n|t:|1776105578\n|move|p1a: Kommo-o|Protect|p1a: Kommo-o\n|-singleturn|p1a: Kommo-o|Protect\n|move|p2a: Whimsicott|Encore|p1a: Kommo-o\n|-activate|p1a: Kommo-o|move: Protect\n|move|p1b: Talonflame|Dual Wingbeat|p2a: Whimsicott\n|-supereffective|p2a: Whimsicott|1\n|-damage|p2a: Whimsicott|2/100\n|-supereffective|p2a: Whimsicott|1\n|-crit|p2a: Whimsicott\n|-damage|p2a: Whimsicott|0 fnt\n|faint|p2a: Whimsicott\n|-hitcount|p2: Whimsicott|2\n|move|p2b: Rotom|Volt Switch|p1b: Talonflame\n|-supereffective|p1b: Talonflame|1\n|-damage|p1b: Talonflame|17/100\n|\n|t:|1776105588\n|switch|p2b: Gengar|Gengar, L50, M|100/100|[from] Volt Switch\n|\n|-heal|p1a: Kommo-o|74/100 brn|[from] item: Leftovers\n|-damage|p1a: Kommo-o|68/100 brn|[from] brn\n|upkeep\n|\n|t:|1776105591\n|switch|p2a: Sneasler|Sneasler, L50, F|100/100\n|turn|3\n|\n|t:|1776105602\n|detailschange|p2b: Gengar|Gengar-Mega, L50, M\n|-mega|p2b: Gengar|Gengar|Gengarite\n|move|p2a: Sneasler|Fake Out|p1a: Kommo-o\n|-damage|p1a: Kommo-o|59/100 brn\n|move|p1b: Talonflame|Quick Guard|p1b: Talonflame\n|-singleturn|p1b: Talonflame|Quick Guard\n|move|p2b: Gengar|Shadow Ball|p1b: Talonflame\n|-damage|p1b: Talonflame|0 fnt\n|faint|p1b: Talonflame\n|cant|p1a: Kommo-o|flinch\n|\n|-heal|p1a: Kommo-o|65/100 brn|[from] item: Leftovers\n|-damage|p1a: Kommo-o|59/100 brn|[from] brn\n|upkeep\n|\n|t:|1776105612\n|switch|p1b: Rotom|Rotom-Wash, L50|100/100\n|turn|4\n|\n|t:|1776105623\n|switch|p2b: Rotom|Rotom-Wash, L50|100/100\n|move|p1a: Kommo-o|Protect|p1a: Kommo-o\n|-singleturn|p1a: Kommo-o|Protect\n|move|p2a: Sneasler|Dire Claw|p1a: Kommo-o\n|-activate|p1a: Kommo-o|move: Protect\n|move|p1b: Rotom|Will-O-Wisp|p2a: Sneasler\n|-status|p2a: Sneasler|brn\n|\n|-heal|p1a: Kommo-o|65/100 brn|[from] item: Leftovers\n|-damage|p2a: Sneasler|95/100 brn|[from] brn\n|-damage|p1a: Kommo-o|59/100 brn|[from] brn\n|-sideend|p2: duckwithafedora|move: Tailwind\n|upkeep\n|turn|5\n|\n|t:|1776105636\n|move|p1a: Kommo-o|Clanging Scales|p2b: Rotom|[spread] p2a,p2b\n|-damage|p2a: Sneasler|25/100 brn\n|-damage|p2b: Rotom|60/100\n|-unboost|p1a: Kommo-o|def|1\n|move|p2a: Sneasler|Dire Claw|p1a: Kommo-o\n|-damage|p1a: Kommo-o|43/100 brn\n|move|p1b: Rotom|Thunderbolt|p2b: Rotom\n|-damage|p2b: Rotom|34/100\n|move|p2b: Rotom|Hydro Pump|p1a: Kommo-o\n|-resisted|p1a: Kommo-o|1\n|-crit|p1a: Kommo-o\n|-damage|p1a: Kommo-o|14/100 brn\n|\n|-heal|p1a: Kommo-o|20/100 brn|[from] item: Leftovers\n|-heal|p2b: Rotom|39/100|[from] item: Leftovers\n|-damage|p1a: Kommo-o|14/100 brn|[from] brn\n|-damage|p2a: Sneasler|19/100 brn|[from] brn\n|upkeep\n|turn|6\n|\n|t:|1776105646\n|move|p2a: Sneasler|Protect|p2a: Sneasler\n|-singleturn|p2a: Sneasler|Protect\n|move|p2b: Rotom|Protect|p2b: Rotom\n|-singleturn|p2b: Rotom|Protect\n|move|p1a: Kommo-o|Clanging Scales|p2a: Sneasler|[spread] \n|-activate|p2a: Sneasler|move: Protect\n|-activate|p2b: Rotom|move: Protect\n|move|p1b: Rotom|Thunderbolt|p2b: Rotom\n|-activate|p2b: Rotom|move: Protect\n|\n|-heal|p1a: Kommo-o|20/100 brn|[from] item: Leftovers\n|-heal|p2b: Rotom|45/100|[from] item: Leftovers\n|-damage|p1a: Kommo-o|14/100 brn|[from] brn\n|-damage|p2a: Sneasler|13/100 brn|[from] brn\n|upkeep\n|turn|7\n|\n|t:|1776105656\n|switch|p2a: Gengar|Gengar-Mega, L50, M|100/100\n|move|p1a: Kommo-o|Clanging Scales|p2a: Gengar|[spread] p2a,p2b\n|-damage|p2a: Gengar|38/100\n|-damage|p2b: Rotom|0 fnt\n|faint|p2b: Rotom\n|-unboost|p1a: Kommo-o|def|1\n|move|p1b: Rotom|Thunderbolt|p2a: Gengar\n|-damage|p2a: Gengar|0 fnt\n|faint|p2a: Gengar\n|\n|-heal|p1a: Kommo-o|20/100 brn|[from] item: Leftovers\n|-damage|p1a: Kommo-o|14/100 brn|[from] brn\n|upkeep\n|\n|t:|1776105658\n|switch|p2b: Sneasler|Sneasler, L50, F|13/100 brn\n|turn|8\n|\n|t:|1776105667\n|move|p1a: Kommo-o|Protect|p1a: Kommo-o\n|-singleturn|p1a: Kommo-o|Protect\n|move|p1b: Rotom|Protect|p1b: Rotom\n|-singleturn|p1b: Rotom|Protect\n|move|p2b: Sneasler|Fake Out|p1a: Kommo-o\n|-activate|p1a: Kommo-o|move: Protect\n|\n|-heal|p1a: Kommo-o|20/100 brn|[from] item: Leftovers\n|-damage|p1a: Kommo-o|14/100 brn|[from] brn\n|-damage|p2b: Sneasler|8/100 brn|[from] brn\n|upkeep\n|turn|9\n|-message|duckwithafedora forfeited.\n|\n|win|porygon-epilepz\n|raw|porygon-epilepz's rating: 1205 &rarr; <strong>1234</strong><br />(+29 for winning)\n|raw|duckwithafedora's rating: 1259 &rarr; <strong>1230</strong><br />(-29 for losing)\n|l|\u2606duckwithafedora\n|player|p2|\n|j| 1#MiraidonHater\n",
  "uploadtime": 1776105495,
  "views": 62,
  "formatid": "gen9championsvgc2026regma",
  "rating": 1230,
  "private": 0,
  "password": null
}