{
  "id": "gen9championsvgc2026regma-2587627595",
  "format": "[Gen 9 Champions] VGC 2026 Reg M-A",
  "players": [
    "gtuvyh989",
    "pablofv27"
  ],
  "log": "|j|\u2606gtuvyh989\n|j|\u2606pablofv27\n|t:|1776548290\n|gametype|doubles\n|player|p1|gtuvyh989|1|1000\n|player|p2|pablofv27|265|1000\n|gen|9\n|tier|[Gen 9 Champions] VGC 2026 Reg M-A\n|rated|\n|rule|Species Clause: Limit one of each Pok\u00e9mon\n|rule|Item Clause: Limit 1 of each item\n|clearpoke\n|poke|p1|Glimmora, L50, F|\n|poke|p1|Archaludon, L50, F|\n|poke|p1|Politoed, L50, M|\n|poke|p1|Venusaur, L50, M|\n|poke|p1|Maushold, L50|\n|poke|p1|Kangaskhan, L50, F|\n|poke|p2|Floette-Eternal, L50, F|\n|poke|p2|Garchomp, L50, M|\n|poke|p2|Kingambit, L50, F|\n|poke|p2|Basculegion, L50, M|\n|poke|p2|Sneasler, L50, F|\n|poke|p2|Froslass, L50, F|\n|teampreview|4\n|inactive|Battle timer is ON: inactive players will automatically lose when time's up. (requested by gtuvyh989)\ngtuvyh989 rejected open team sheets.\n|\n|t:|1776548315\n|teamsize|p1|4\n|teamsize|p2|4\n|start\n|switch|p1a: Glimmora|Glimmora, L50, F|100/100\n|switch|p1b: Maushold|Maushold, L50|100/100\n|switch|p2a: Floette|Floette-Eternal, L50, F|100/100\n|switch|p2b: Sneasler|Sneasler, L50, F|100/100\n|turn|1\n|inactive|pablofv27 has 30 seconds left.\n|\n|t:|1776548348\n|detailschange|p2a: Floette|Floette-Mega, L50, F\n|-mega|p2a: Floette|Floette|Floettite\n|-ability|p2a: Floette|Fairy Aura\n|move|p1b: Maushold|Protect|p1b: Maushold\n|-singleturn|p1b: Maushold|Protect\n|move|p1a: Glimmora|Spiky Shield|p1a: Glimmora\n|-singleturn|p1a: Glimmora|move: Protect\n|move|p2b: Sneasler|Fake Out|p1a: Glimmora\n|-activate|p1a: Glimmora|move: Protect\n|-damage|p2b: Sneasler|88/100|[from] Spiky Shield|[of] p1a: Glimmora\n|move|p2a: Floette|Dazzling Gleam|p1a: Glimmora|[spread] \n|-activate|p1a: Glimmora|move: Protect\n|-activate|p1b: Maushold|move: Protect\n|\n|upkeep\n|turn|2\n|inactive|gtuvyh989 has 30 seconds left.\n|inactive|pablofv27 has 30 seconds left.\n|inactive|pablofv27 has 20 seconds left.\n|\n|t:|1776548388\n|switch|p2a: Garchomp|Garchomp, L50, M|100/100\n|move|p1b: Maushold|Population Bomb|p1a: Glimmora\n|-resisted|p1a: Glimmora|1\n|-damage|p1a: Glimmora|98/100\n|-activate|p1a: Glimmora|ability: Toxic Debris\n|-sidestart|p2: pablofv27|move: Toxic Spikes\n|-resisted|p1a: Glimmora|1\n|-damage|p1a: Glimmora|95/100\n|-activate|p1a: Glimmora|ability: Toxic Debris\n|-sidestart|p2: pablofv27|move: Toxic Spikes\n|-resisted|p1a: Glimmora|1\n|-crit|p1a: Glimmora\n|-damage|p1a: Glimmora|92/100\n|-resisted|p1a: Glimmora|1\n|-damage|p1a: Glimmora|89/100\n|-resisted|p1a: Glimmora|1\n|-damage|p1a: Glimmora|87/100\n|-hitcount|p1a: Glimmora|5\n|move|p2b: Sneasler|Close Combat|p1a: Glimmora\n|-damage|p1a: Glimmora|27/100\n|-unboost|p2b: Sneasler|def|1\n|-unboost|p2b: Sneasler|spd|1\n|-immune|p1a: Glimmora\n|move|p1a: Glimmora|Earth Power|p2b: Sneasler\n|-supereffective|p2b: Sneasler|1\n|-damage|p2b: Sneasler|0 fnt\n|faint|p2b: Sneasler\n|\n|upkeep\n|inactive|pablofv27 has 30 seconds left.\n|inactive|pablofv27 has 20 seconds left.\n|inactive|pablofv27 has 15 seconds left.\n|inactive|pablofv27 has 10 seconds left.\n|\n|t:|1776548436\n|switch|p2b: Floette|Floette-Mega, L50, F|100/100\n|-status|p2b: Floette|tox\n|-ability|p2b: Floette|Fairy Aura\n|turn|3\n|\n|t:|1776548452\n|move|p1b: Maushold|Protect|p1b: Maushold\n|-singleturn|p1b: Maushold|Protect\n|move|p1a: Glimmora|Spiky Shield|p1a: Glimmora\n|-singleturn|p1a: Glimmora|move: Protect\n|move|p2b: Floette|Dazzling Gleam|p1b: Maushold|[spread] \n|-activate|p1a: Glimmora|move: Protect\n|-activate|p1b: Maushold|move: Protect\n|move|p2a: Garchomp|Dragon Claw|p1b: Maushold\n|-activate|p1b: Maushold|move: Protect\n|\n|-damage|p2b: Floette|94/100 tox|[from] psn\n|upkeep\n|turn|4\n|inactive|pablofv27 has 30 seconds left.\n|\n|t:|1776548483\n|move|p1b: Maushold|Population Bomb|p2b: Floette\n|-damage|p2b: Floette|88/100 tox\n|-damage|p2b: Floette|81/100 tox\n|-damage|p2b: Floette|73/100 tox\n|-damage|p2b: Floette|66/100 tox\n|-damage|p2b: Floette|58/100 tox\n|-damage|p2b: Floette|51/100 tox\n|-damage|p2b: Floette|45/100 tox\n|-crit|p2b: Floette\n|-damage|p2b: Floette|35/100 tox\n|-damage|p2b: Floette|29/100 tox\n|-damage|p2b: Floette|21/100 tox\n|-hitcount|p2b: Floette|10\n|move|p2b: Floette|Dazzling Gleam|p1a: Glimmora|[spread] p1a,p1b\n|-resisted|p1a: Glimmora|1\n|-damage|p1a: Glimmora|2/100\n|-damage|p1b: Maushold|33/100\n|move|p1a: Glimmora|Sludge Bomb|p2b: Floette\n|-supereffective|p2b: Floette|1\n|-damage|p2b: Floette|0 fnt\n|faint|p2b: Floette\n|move|p2a: Garchomp|Rock Slide|p1a: Glimmora|[spread] p1a,p1b\n|-damage|p1a: Glimmora|0 fnt\n|-damage|p1b: Maushold|11/100\n|faint|p1a: Glimmora\n|\n|upkeep\n|\n|t:|1776548507\n|switch|p2b: Basculegion|Basculegion, L50, M|100/100\n|switch|p1a: Archaludon|Archaludon, L50, F|100/100\n|-status|p2b: Basculegion|tox\n|turn|5\n|inactive|pablofv27 has 30 seconds left.\n|\n|t:|1776548536\n|move|p2b: Basculegion|Aqua Jet|p1b: Maushold\n|-damage|p1b: Maushold|0 fnt\n|faint|p1b: Maushold\n|move|p2a: Garchomp|Dragon Claw|p1a: Archaludon\n|-damage|p1a: Archaludon|71/100\n|-ability|p1a: Archaludon|Stamina|boost\n|-boost|p1a: Archaludon|def|1\n|move|p1a: Archaludon|Dragon Pulse|p2b: Basculegion\n|-damage|p2b: Basculegion|62/100 tox\n|\n|-heal|p1a: Archaludon|77/100|[from] item: Leftovers\n|-damage|p2b: Basculegion|56/100 tox|[from] psn\n|upkeep\n|\n|t:|1776548547\n|switch|p1b: Politoed|Politoed, L50, M|100/100\n|-weather|RainDance|[from] ability: Drizzle|[of] p1b: Politoed\n|turn|6\n|inactive|pablofv27 has 30 seconds left.\n|\n|t:|1776548577\n|move|p2a: Garchomp|Dragon Claw|p1a: Archaludon\n|-damage|p1a: Archaludon|57/100\n|-ability|p1a: Archaludon|Stamina|boost\n|-boost|p1a: Archaludon|def|1\n|move|p1a: Archaludon|Electro Shot||[still]\n|-prepare|p1a: Archaludon|Electro Shot\n|-boost|p1a: Archaludon|spa|1\n|-anim|p1a: Archaludon|Electro Shot|p2b: Basculegion\n|-supereffective|p2b: Basculegion|1\n|-damage|p2b: Basculegion|0 fnt\n|faint|p2b: Basculegion\n|move|p1b: Politoed|Weather Ball|p2a: Garchomp\n|-damage|p2a: Garchomp|54/100\n|\n|-weather|RainDance|[upkeep]\n|-heal|p1a: Archaludon|63/100|[from] item: Leftovers\n|upkeep\n|turn|7\n|inactive|gtuvyh989 has 30 seconds left.\n|\n|t:|1776548608\n|move|p2a: Garchomp|Earthquake|p1b: Politoed|[spread] p1a,p1b\n|-supereffective|p1a: Archaludon|1\n|-damage|p1a: Archaludon|35/100\n|-damage|p1b: Politoed|66/100\n|-ability|p1a: Archaludon|Stamina|boost\n|-boost|p1a: Archaludon|def|1\n|move|p1a: Archaludon|Dragon Pulse|p2a: Garchomp\n|-supereffective|p2a: Garchomp|1\n|-enditem|p2a: Garchomp|Haban Berry|[eat]\n|-enditem|p2a: Garchomp|Haban Berry|[weaken]\n|-damage|p2a: Garchomp|0 fnt\n|faint|p2a: Garchomp\n|\n|win|gtuvyh989\n|raw|gtuvyh989's rating: 1000 &rarr; <strong>1040</strong><br />(+40 for winning)\n|raw|pablofv27's rating: 1000 &rarr; <strong>1000</strong><br />(+0 for losing)\n",
  "uploadtime": 1776548640,
  "views": 19,
  "formatid": "gen9championsvgc2026regma",
  "rating": 1000,
  "private": 0,
  "password": null
}