{
  "id": "gen9championsvgc2026regma-2584292191",
  "format": "[Gen 9 Champions] VGC 2026 Reg M-A",
  "players": [
    "amino_trap_pkmn",
    "zankuo"
  ],
  "log": "|j|\u2606amino_trap_pkmn\n|j|\u2606zankuo\n|t:|1776247883\n|gametype|doubles\n|player|p1|amino_trap_pkmn|waiter|1157\n|player|p2|zankuo|cynthia|1088\n|gen|9\n|tier|[Gen 9 Champions] VGC 2026 Reg M-A\n|rated|\n|rule|Species Clause: Limit one of each Pok\u00e9mon\n|rule|Item Clause: Limit 1 of each item\n|clearpoke\n|poke|p1|Aggron, L50, M|\n|poke|p1|Sinistcha, L50|\n|poke|p1|Incineroar, L50, F|\n|poke|p1|Tyranitar, L50, M|\n|poke|p1|Lycanroc, L50, M|\n|poke|p1|Sneasler, L50, F|\n|poke|p2|Incineroar, L50, M|\n|poke|p2|Whimsicott, L50, M|\n|poke|p2|Aegislash, L50, M|\n|poke|p2|Gengar, L50, M|\n|poke|p2|Rotom-Wash, L50|\n|poke|p2|Sinistcha, L50|\n|teampreview|4\n|\n|t:|1776247940\n|teamsize|p1|4\n|teamsize|p2|4\n|start\n|switch|p1a: Lozetta|Sneasler, L50, F|100/100\n|switch|p1b: Renov Nya\u2665|Incineroar, L50, F|100/100\n|switch|p2a: Whimsicott|Whimsicott, L50, M|100/100\n|switch|p2b: Gengar|Gengar, L50, M|100/100\n|-ability|p1b: Renov Nya\u2665|Intimidate|boost\n|-unboost|p2a: Whimsicott|atk|1\n|-unboost|p2b: Gengar|atk|1\n|turn|1\n|c|\u2606amino_trap_pkmn|Holy 3 ghost types\n|\n|t:|1776247966\n|detailschange|p2b: Gengar|Gengar-Mega, L50, M\n|-mega|p2b: Gengar|Gengar|Gengarite\n|move|p2a: Whimsicott|Protect|p2a: Whimsicott\n|-singleturn|p2a: Whimsicott|Protect\n|move|p1a: Lozetta|Dire Claw|p2a: Whimsicott\n|-activate|p2a: Whimsicott|move: Protect\n|move|p2b: Gengar|Dazzling Gleam|p1a: Lozetta|[spread] p1a,p1b\n|-damage|p1a: Lozetta|66/100\n|-damage|p1b: Renov Nya\u2665|80/100\n|move|p1b: Renov Nya\u2665|Throat Chop|p2b: Gengar\n|-supereffective|p2b: Gengar|1\n|-damage|p2b: Gengar|18/100\n|-start|p2b: Gengar|Throat Chop|[silent]\n|\n|upkeep\n|turn|2\n|\n|t:|1776247996\n|move|p1a: Lozetta|Protect|p1a: Lozetta\n|-singleturn|p1a: Lozetta|Protect\n|move|p2a: Whimsicott|Tailwind|p2a: Whimsicott\n|-sidestart|p2: zankuo|move: Tailwind\n|move|p2b: Gengar|Sludge Bomb|p1b: Renov Nya\u2665\n|-damage|p1b: Renov Nya\u2665|28/100\n|-status|p1b: Renov Nya\u2665|psn\n|-enditem|p1b: Renov Nya\u2665|Sitrus Berry|[eat]\n|-heal|p1b: Renov Nya\u2665|52/100 psn|[from] item: Sitrus Berry\n|move|p1b: Renov Nya\u2665|Flare Blitz|p2b: Gengar\n|-damage|p2b: Gengar|0 fnt\n|faint|p2b: Gengar\n|-damage|p1b: Renov Nya\u2665|48/100 psn|[from] Recoil\n|\n|-damage|p1b: Renov Nya\u2665|35/100 psn|[from] psn\n|upkeep\n|\n|t:|1776248012\n|switch|p2b: Rotom|Rotom-Wash, L50|100/100\n|turn|3\n|\n|t:|1776248025\n|move|p2b: Rotom|Hydro Pump|p1b: Renov Nya\u2665\n|-supereffective|p1b: Renov Nya\u2665|1\n|-damage|p1b: Renov Nya\u2665|0 fnt\n|faint|p1b: Renov Nya\u2665\n|move|p2a: Whimsicott|Moonblast|p1a: Lozetta\n|-damage|p1a: Lozetta|26/100\n|move|p1a: Lozetta|Dire Claw|p2a: Whimsicott\n|-supereffective|p2a: Whimsicott|2\n|-enditem|p2a: Whimsicott|Focus Sash\n|-damage|p2a: Whimsicott|1/100\n|\n|upkeep\n|\n|t:|1776248031\n|switch|p1b: Godzitaro|Tyranitar, L50, M|100/100\n|-weather|Sandstorm|[from] ability: Sand Stream|[of] p1b: Godzitaro\n|turn|4\n|\n|t:|1776248044\n|move|p1a: Lozetta|Protect|p1a: Lozetta\n|-singleturn|p1a: Lozetta|Protect\n|move|p1b: Godzitaro|Protect|p1b: Godzitaro\n|-singleturn|p1b: Godzitaro|Protect\n|move|p2b: Rotom|Hydro Pump|p1b: Godzitaro\n|-activate|p1b: Godzitaro|move: Protect\n|move|p2a: Whimsicott|Moonblast|p1b: Godzitaro\n|-activate|p1b: Godzitaro|move: Protect\n|\n|-weather|Sandstorm|[upkeep]\n|-damage|p2b: Rotom|94/100|[from] Sandstorm\n|-damage|p2a: Whimsicott|0 fnt|[from] Sandstorm\n|-damage|p1a: Lozetta|20/100|[from] Sandstorm\n|faint|p2a: Whimsicott\n|upkeep\n|\n|t:|1776248056\n|switch|p2a: Sinistcha|Sinistcha, L50|100/100\n|-heal|p2b: Rotom|100/100|[from] ability: Hospitality|[of] p2a: Sinistcha\n|turn|5\n|\n|t:|1776248067\n|move|p2b: Rotom|Hydro Pump|p1b: Godzitaro\n|-supereffective|p1b: Godzitaro|1\n|-damage|p1b: Godzitaro|40/100\n|move|p2a: Sinistcha|Matcha Gotcha|p1a: Lozetta|[spread] p1a,p1b\n|-resisted|p1a: Lozetta|1\n|-supereffective|p1b: Godzitaro|1\n|-damage|p1a: Lozetta|0 fnt\n|-damage|p1b: Godzitaro|5/100\n|faint|p1a: Lozetta\n|move|p1b: Godzitaro|Crunch|p2a: Sinistcha\n|-supereffective|p2a: Sinistcha|1\n|-damage|p2a: Sinistcha|18/100\n|\n|-weather|Sandstorm|[upkeep]\n|-damage|p2b: Rotom|94/100|[from] Sandstorm\n|-damage|p2a: Sinistcha|12/100|[from] Sandstorm\n|-sideend|p2: zankuo|move: Tailwind\n|upkeep\n|\n|t:|1776248075\n|switch|p1a: Woke Dog|Lycanroc, L50, M|100/100\n|turn|6\n|\n|t:|1776248086\n|move|p1a: Woke Dog|Rock Slide|p2b: Rotom|[spread] p2a,p2b\n|-damage|p2a: Sinistcha|0 fnt\n|-damage|p2b: Rotom|57/100\n|faint|p2a: Sinistcha\n|move|p2b: Rotom|Hydro Pump|p1a: Woke Dog\n|-supereffective|p1a: Woke Dog|1\n|-enditem|p1a: Woke Dog|Focus Sash\n|-damage|p1a: Woke Dog|1/100\n|move|p1b: Godzitaro|Rock Slide|p2b: Rotom|[miss]\n|-miss|p1b: Godzitaro|p2b: Rotom\n|\n|-weather|Sandstorm|[upkeep]\n|-damage|p2b: Rotom|51/100|[from] Sandstorm\n|upkeep\n|turn|7\n|\n|t:|1776248100\n|move|p1a: Woke Dog|Endeavor|p2b: Rotom\n|-damage|p2b: Rotom|1/100\n|move|p2b: Rotom|Hydro Pump|p1a: Woke Dog\n|-supereffective|p1a: Woke Dog|1\n|-damage|p1a: Woke Dog|0 fnt\n|faint|p1a: Woke Dog\n|move|p1b: Godzitaro|Crunch|p2b: Rotom\n|-damage|p2b: Rotom|0 fnt\n|faint|p2b: Rotom\n|\n|win|amino_trap_pkmn\n|raw|amino_trap_pkmn's rating: 1157 &rarr; <strong>1177</strong><br />(+20 for winning)\n|raw|zankuo's rating: 1088 &rarr; <strong>1069</strong><br />(-19 for losing)\n|c|\u2606amino_trap_pkmn|Gg\n|c|\u2606zankuo|gg\n|l|\u2606zankuo\n|player|p2|\n|c|\u2606amino_trap_pkmn|Cool team idea\n",
  "uploadtime": 1776248134,
  "views": 21,
  "formatid": "gen9championsvgc2026regma",
  "rating": 1069,
  "private": 0,
  "password": null
}