{
  "id": "gen9championsvgc2026regma-2585033805",
  "format": "[Gen 9 Champions] VGC 2026 Reg M-A",
  "players": [
    "Fresc0_fr",
    "retrojp"
  ],
  "log": "|j|\u203dFresc0_fr\n|j|\u2606retrojp\n|t:|1776305245\n|gametype|doubles\n|player|p1|Fresc0_fr|101|1065\n|player|p2|retrojp|170|1075\n|gen|9\n|tier|[Gen 9 Champions] VGC 2026 Reg M-A\n|rated|\n|rule|Species Clause: Limit one of each Pok\u00e9mon\n|rule|Item Clause: Limit 1 of each item\n|clearpoke\n|poke|p1|Hatterene, L50, F|\n|poke|p1|Reuniclus, L50, F|\n|poke|p1|Camerupt, L50, F|\n|poke|p1|Snorlax, L50, F|\n|poke|p1|Aegislash, L50, M|\n|poke|p1|Kingambit, L50, F|\n|poke|p2|Aggron, L50, F|\n|poke|p2|Aerodactyl, L50, F|\n|poke|p2|Hydreigon, L50, M|\n|poke|p2|Tyranitar, L50, F|\n|poke|p2|Sneasler, L50, F|\n|poke|p2|Sinistcha, L50|\n|teampreview|4\n|\n|t:|1776305265\n|teamsize|p1|4\n|teamsize|p2|4\n|start\n|switch|p1a: Reuniclus|Reuniclus, L50, F|100/100\n|switch|p1b: Camerupt|Camerupt, L50, F|100/100\n|switch|p2a: Aggron|Aggron, L50, F|100/100\n|switch|p2b: Sneasler|Sneasler, L50, F|100/100\n|-ability|p2b: Sneasler|Pressure\n|turn|1\n|\n|t:|1776305282\n|detailschange|p1b: Camerupt|Camerupt-Mega, L50, F\n|-mega|p1b: Camerupt|Camerupt|Cameruptite\n|move|p2b: Sneasler|Fake Out|p1b: Camerupt\n|-damage|p1b: Camerupt|86/100\n|move|p2a: Aggron|Body Press|p1b: Camerupt\n|-damage|p1b: Camerupt|50/100\n|cant|p1b: Camerupt|flinch\n|move|p1a: Reuniclus|Trick Room|p1a: Reuniclus\n|-fieldstart|move: Trick Room|[of] p1a: Reuniclus\n|\n|upkeep\n|turn|2\n|\n|t:|1776305305\n|detailschange|p2a: Aggron|Aggron-Mega, L50, F\n|-mega|p2a: Aggron|Aggron|Aggronite\n|move|p1b: Camerupt|Flamethrower|p2a: Aggron\n|-supereffective|p2a: Aggron|1\n|-damage|p2a: Aggron|0 fnt\n|faint|p2a: Aggron\n|move|p1a: Reuniclus|Psychic|p2b: Sneasler\n|-supereffective|p2b: Sneasler|2\n|-damage|p2b: Sneasler|0 fnt\n|faint|p2b: Sneasler\n|\n|upkeep\n|c|\u2606retrojp|Lol gg\n|\n|t:|1776305323\n|switch|p2a: Sinistcha|Sinistcha, L50|100/100\n|switch|p2b: Hydreigon|Hydreigon, L50, M|100/100\n|turn|3\n|\n|t:|1776305363\n|move|p1b: Camerupt|Flamethrower|p2a: Sinistcha\n|-supereffective|p2a: Sinistcha|1\n|-enditem|p2a: Sinistcha|Occa Berry|[eat]\n|-enditem|p2a: Sinistcha|Occa Berry|[weaken]\n|-damage|p2a: Sinistcha|22/100\n|move|p1a: Reuniclus|Psychic|p2b: Hydreigon\n|-immune|p2b: Hydreigon\n|move|p2b: Hydreigon|Earth Power|p1b: Camerupt\n|-supereffective|p1b: Camerupt|1\n|-damage|p1b: Camerupt|0 fnt\n|faint|p1b: Camerupt\n|move|p2a: Sinistcha|Trick Room|p2a: Sinistcha\n|-fieldend|move: Trick Room\n|\n|upkeep\n|inactive|Battle timer is ON: inactive players will automatically lose when time's up. (requested by retrojp)\n|\n|t:|1776305376\n|switch|p1b: Snorlax|Snorlax, L50, F|100/100\n|turn|4\n|\n|t:|1776305389\n|move|p2b: Hydreigon|Protect|p2b: Hydreigon\n|-singleturn|p2b: Hydreigon|Protect\n|move|p2a: Sinistcha|Life Dew||[still]|[spread] p2a,p2b\n|-heal|p2a: Sinistcha|47/100\n|-fail|p2b: Hydreigon|heal\n|move|p1b: Snorlax|Belly Drum|p1b: Snorlax\n|-damage|p1b: Snorlax|51/100\n|-setboost|p1b: Snorlax|atk|6|[from] move: Belly Drum\n|move|p1a: Reuniclus|Trick Room|p1a: Reuniclus\n|-fieldstart|move: Trick Room|[of] p1a: Reuniclus\n|\n|-heal|p1b: Snorlax|57/100|[from] item: Leftovers\n|upkeep\n|turn|5\n|\n|t:|1776305409\n|move|p2b: Hydreigon|Protect|p2b: Hydreigon\n|-singleturn|p2b: Hydreigon|Protect\n|move|p1a: Reuniclus|Psychic|p2a: Sinistcha\n|-damage|p2a: Sinistcha|0 fnt\n|faint|p2a: Sinistcha\n|move|p1b: Snorlax|Body Slam|p2b: Hydreigon\n|-activate|p2b: Hydreigon|move: Protect\n|\n|-heal|p1b: Snorlax|63/100|[from] item: Leftovers\n|upkeep\n|turn|6\n|\n|t:|1776305427\n|move|p1a: Reuniclus|Psychic|p2b: Hydreigon\n|-immune|p2b: Hydreigon\n|move|p1b: Snorlax|Body Slam|p2b: Hydreigon\n|-damage|p2b: Hydreigon|0 fnt\n|faint|p2b: Hydreigon\n|\n|win|Fresc0_fr\n|raw|Fresc0_fr's rating: 1065 &rarr; <strong>1096</strong><br />(+31 for winning)\n|raw|retrojp's rating: 1075 &rarr; <strong>1053</strong><br />(-22 for losing)\n|l|\u203dFresc0_fr\n|player|p1|\n",
  "uploadtime": 1776305437,
  "views": 30,
  "formatid": "gen9championsvgc2026regma",
  "rating": 1053,
  "private": 0,
  "password": null
}