{
  "id": "gen9championsvgc2026regma-2583635555",
  "format": "[Gen 9 Champions] VGC 2026 Reg M-A",
  "players": [
    "gamblingisawesome",
    "starrypuppy"
  ],
  "log": "|j|\u2606gamblingisawesome\n|j|\u203dstarrypuppy\n|t:|1776187891\n|gametype|doubles\n|player|p1|gamblingisawesome|169|1027\n|player|p2|starrypuppy|169|1000\n|gen|9\n|tier|[Gen 9 Champions] VGC 2026 Reg M-A\n|rated|\n|rule|Species Clause: Limit one of each Pok\u00e9mon\n|rule|Item Clause: Limit 1 of each item\n|clearpoke\n|poke|p1|Delphox, L50, M|\n|poke|p1|Whimsicott, L50, M|\n|poke|p1|Garchomp, L50, F|\n|poke|p1|Rotom-Wash, L50|\n|poke|p1|Lopunny, L50, M|\n|poke|p1|Farigiraf, L50, F|\n|poke|p2|Tinkaton, L50, F|\n|poke|p2|Palafin, L50, M|\n|poke|p2|Archaludon, L50, F|\n|poke|p2|Pelipper, L50, F|\n|poke|p2|Sinistcha, L50|\n|poke|p2|Alcremie, L50, F|\n|teampreview|4\n|j| ThunderboltRose\n|\n|t:|1776187943\n|teamsize|p1|4\n|teamsize|p2|4\n|start\n|switch|p1a: Rotom|Rotom-Wash, L50|100/100\n|switch|p1b: Lopunny|Lopunny, L50, M|100/100\n|switch|p2a: Pelipper|Pelipper, L50, F|100/100\n|switch|p2b: Palafin|Palafin, L50, M|100/100\n|-weather|RainDance|[from] ability: Drizzle|[of] p2a: Pelipper\n|turn|1\n|\n|t:|1776187958\n|detailschange|p2b: Palafin|Palafin-Hero, L50, M\n|switch|p2b: Archaludon|Archaludon, L50, F|100/100\n|move|p1b: Lopunny|Fake Out|p2b: Archaludon\n|-resisted|p2b: Archaludon|1\n|-damage|p2b: Archaludon|94/100\n|-ability|p2b: Archaludon|Stamina|boost\n|-boost|p2b: Archaludon|def|1\n|move|p1a: Rotom|Thunderbolt|p2a: Pelipper\n|-supereffective|p2a: Pelipper|2\n|-enditem|p2a: Pelipper|Focus Sash\n|-damage|p2a: Pelipper|1/100\n|move|p2a: Pelipper|Tailwind|p2a: Pelipper\n|-sidestart|p2: starrypuppy|move: Tailwind\n|\n|-weather|RainDance|[upkeep]\n|-heal|p2b: Archaludon|99/100|[from] item: Leftovers\n|upkeep\n|turn|2\n|\n|t:|1776188009\n|move|p1b: Lopunny|Protect|p1b: Lopunny\n|-singleturn|p1b: Lopunny|Protect\n|move|p2b: Archaludon|Electro Shot||[still]\n|-prepare|p2b: Archaludon|Electro Shot\n|-boost|p2b: Archaludon|spa|1\n|-anim|p2b: Archaludon|Electro Shot|p1a: Rotom\n|-damage|p1a: Rotom|40/100\n|-enditem|p1a: Rotom|Sitrus Berry|[eat]\n|-heal|p1a: Rotom|65/100|[from] item: Sitrus Berry\n|move|p2a: Pelipper|U-turn|p1b: Lopunny\n|-activate|p1b: Lopunny|move: Protect\n|move|p1a: Rotom|Will-O-Wisp|p2b: Archaludon\n|-status|p2b: Archaludon|brn\n|\n|-weather|RainDance|[upkeep]\n|-heal|p2b: Archaludon|100/100 brn|[from] item: Leftovers\n|-damage|p2b: Archaludon|94/100 brn|[from] brn\n|upkeep\n|turn|3\n|l|\u203dstarrypuppy\n|player|p2|\n|l| ThunderboltRose\n|j|\u203dstarrypuppy\n|player|p2|starrypuppy|169|\n|n|\u203dstarrypuppy|starrypuppy\n|\n|t:|1776188089\n|detailschange|p1b: Lopunny|Lopunny-Mega, L50, M\n|-mega|p1b: Lopunny|Lopunny|Lopunnite\n|move|p1a: Rotom|Protect|p1a: Rotom\n|-singleturn|p1a: Rotom|Protect\n|move|p2b: Archaludon|Electro Shot||[still]\n|-prepare|p2b: Archaludon|Electro Shot\n|-boost|p2b: Archaludon|spa|1\n|-anim|p2b: Archaludon|Electro Shot|p1b: Lopunny\n|-damage|p1b: Lopunny|0 fnt\n|faint|p1b: Lopunny\n|move|p2a: Pelipper|U-turn|p1a: Rotom\n|-activate|p1a: Rotom|move: Protect\n|\n|-weather|RainDance|[upkeep]\n|-heal|p2b: Archaludon|100/100 brn|[from] item: Leftovers\n|-damage|p2b: Archaludon|94/100 brn|[from] brn\n|upkeep\n|\n|t:|1776188100\n|switch|p1b: Garchomp|Garchomp, L50, F|100/100\n|turn|4\n|\n|t:|1776188116\n|switch|p2a: Alcremie|Alcremie, L50, F|100/100\n|move|p2b: Archaludon|Protect|p2b: Archaludon\n|-singleturn|p2b: Archaludon|Protect\n|move|p1b: Garchomp|Earthquake|p2b: Archaludon|[spread] p2a\n|-activate|p2b: Archaludon|move: Protect\n|-immune|p1a: Rotom|[from] ability: Levitate\n|-damage|p2a: Alcremie|32/100\n|move|p1a: Rotom|Thunderbolt|p2a: Alcremie\n|-damage|p2a: Alcremie|5/100\n|\n|-weather|RainDance|[upkeep]\n|-heal|p2b: Archaludon|100/100 brn|[from] item: Leftovers\n|-damage|p2b: Archaludon|94/100 brn|[from] brn\n|-sideend|p2: starrypuppy|move: Tailwind\n|upkeep\n|turn|5\n|\n|t:|1776188156\n|move|p1b: Garchomp|Earthquake|p2b: Archaludon|[spread] p2a,p2b\n|-immune|p1a: Rotom|[from] ability: Levitate\n|-supereffective|p2b: Archaludon|1\n|-damage|p2a: Alcremie|0 fnt\n|-damage|p2b: Archaludon|44/100 brn\n|-ability|p2b: Archaludon|Stamina|boost\n|-boost|p2b: Archaludon|def|1\n|faint|p2a: Alcremie\n|move|p2b: Archaludon|Dragon Pulse|p1b: Garchomp\n|-supereffective|p1b: Garchomp|1\n|-damage|p1b: Garchomp|0 fnt\n|faint|p1b: Garchomp\n|move|p1a: Rotom|Hydro Pump|p2b: Archaludon\n|-resisted|p2b: Archaludon|1\n|-damage|p2b: Archaludon|0 fnt\n|faint|p2b: Archaludon\n|\n|-weather|none\n|upkeep\n|\n|t:|1776188169\n|switch|p1b: Whimsicott|Whimsicott, L50, M|100/100\n|switch|p2b: Palafin|Palafin-Hero, L50, M|100/100\n|switch|p2a: Pelipper|Pelipper, L50, F|1/100\n|-activate|p2b: Palafin|ability: Zero to Hero\n|-weather|RainDance|[from] ability: Drizzle|[of] p2a: Pelipper\n|turn|6\n|\n|t:|1776188192\n|move|p2b: Palafin|Protect|p2b: Palafin\n|-singleturn|p2b: Palafin|Protect\n|move|p1b: Whimsicott|Tailwind|p1b: Whimsicott\n|-sidestart|p1: gamblingisawesome|move: Tailwind\n|move|p1a: Rotom|Thunderbolt|p2b: Palafin\n|-activate|p2b: Palafin|move: Protect\n|move|p2a: Pelipper|Tailwind|p2a: Pelipper\n|-sidestart|p2: starrypuppy|move: Tailwind\n|\n|-weather|RainDance|[upkeep]\n|upkeep\n|turn|7\n|\n|t:|1776188213\n|move|p1b: Whimsicott|Helping Hand|p1a: Rotom\n|-singleturn|p1a: Rotom|Helping Hand|[of] p1b: Whimsicott\n|move|p2b: Palafin|Jet Punch|p1a: Rotom\n|-resisted|p1a: Rotom|1\n|-damage|p1a: Rotom|37/100\n|move|p1a: Rotom|Thunderbolt|p2b: Palafin\n|-supereffective|p2b: Palafin|1\n|-damage|p2b: Palafin|0 fnt\n|faint|p2b: Palafin\n|move|p2a: Pelipper|Weather Ball|p1a: Rotom\n|-resisted|p1a: Rotom|1\n|-damage|p1a: Rotom|12/100\n|\n|-weather|RainDance|[upkeep]\n|upkeep\n|turn|8\n|-message|starrypuppy forfeited.\n|\n|win|gamblingisawesome\n|raw|gamblingisawesome's rating: 1027 &rarr; <strong>1060</strong><br />(+33 for winning)\n|raw|starrypuppy's rating: 1000 &rarr; <strong>1000</strong><br />(+0 for losing)\n|l|\u203dstarrypuppy\n|player|p2|\n",
  "uploadtime": 1776188226,
  "views": 13,
  "formatid": "gen9championsvgc2026regma",
  "rating": 1000,
  "private": 0,
  "password": null
}