{
  "id": "gen9championsvgc2026regma-2584878375",
  "format": "[Gen 9 Champions] VGC 2026 Reg M-A",
  "players": [
    "shadowraider169",
    "fgok"
  ],
  "log": "|j|\u2606shadowraider169\n|j|\u2606fgok\n|t:|1776290896\n|gametype|doubles\n|player|p1|shadowraider169|riley|1085\n|player|p2|fgok|101|1038\n|gen|9\n|tier|[Gen 9 Champions] VGC 2026 Reg M-A\n|rated|\n|rule|Species Clause: Limit one of each Pok\u00e9mon\n|rule|Item Clause: Limit 1 of each item\n|clearpoke\n|poke|p1|Aerodactyl, L50, M|\n|poke|p1|Meganium, L50, F|\n|poke|p1|Kangaskhan, L50, F|\n|poke|p1|Typhlosion-Hisui, L50, F|\n|poke|p1|Tauros-Paldea-Aqua, L50, M|\n|poke|p1|Archaludon, L50, M|\n|poke|p2|Garchomp, L50, F|\n|poke|p2|Whimsicott, L50, M|\n|poke|p2|Charizard, L50, M|\n|poke|p2|Meowscarada, L50, M|\n|poke|p2|Incineroar, L50, M|\n|poke|p2|Rotom-Wash, L50|\n|teampreview|4\n|\n|t:|1776290917\n|teamsize|p1|4\n|teamsize|p2|4\n|start\n|switch|p1a: Kangaskhan|Kangaskhan, L50, F|100/100\n|switch|p1b: Aerodactyl|Aerodactyl, L50, M, shiny|100/100\n|switch|p2a: Whimsicott|Whimsicott, L50, M|100/100\n|switch|p2b: Rotom|Rotom-Wash, L50|100/100\n|-ability|p1b: Aerodactyl|Unnerve\n|turn|1\n|inactive|Battle timer is ON: inactive players will automatically lose when time's up. (requested by shadowraider169)\n|\n|t:|1776290934\n|detailschange|p1a: Kangaskhan|Kangaskhan-Mega, L50, F\n|-mega|p1a: Kangaskhan|Kangaskhan|Kangaskhanite\n|move|p1a: Kangaskhan|Fake Out|p2a: Whimsicott\n|-damage|p2a: Whimsicott|63/100\n|-crit|p2a: Whimsicott\n|-damage|p2a: Whimsicott|52/100\n|-hitcount|p2a: Whimsicott|2\n|cant|p2a: Whimsicott|flinch\n|move|p1b: Aerodactyl|Tailwind|p1b: Aerodactyl\n|-sidestart|p1: shadowraider169|move: Tailwind\n|move|p2b: Rotom|Thunderbolt|p1b: Aerodactyl\n|-supereffective|p1b: Aerodactyl|1\n|-enditem|p1b: Aerodactyl|Focus Sash\n|-damage|p1b: Aerodactyl|1/100\n|-status|p1b: Aerodactyl|par\n|\n|upkeep\n|turn|2\n|\n|t:|1776290956\n|move|p1b: Aerodactyl|Protect|p1b: Aerodactyl\n|-singleturn|p1b: Aerodactyl|Protect\n|move|p2a: Whimsicott|Encore|p1a: Kangaskhan\n|-start|p1a: Kangaskhan|Encore\n|move|p1a: Kangaskhan|Fake Out||[still]\n|-hint|Fake Out only works on your first turn out.\n|-fail|p1a: Kangaskhan\n|move|p2b: Rotom|Volt Switch|p1b: Aerodactyl\n|-activate|p1b: Aerodactyl|move: Protect\n|\n|upkeep\n|turn|3\n|\n|t:|1776290973\n|switch|p1a: Typhlosion|Typhlosion-Hisui, L50, F|100/100\n|-item|p2a: Whimsicott|Focus Sash|[from] ability: Frisk|[of] p1a: Typhlosion\n|-item|p2b: Rotom|Magnet|[from] ability: Frisk|[of] p1a: Typhlosion\n|move|p2a: Whimsicott|Encore|p1b: Aerodactyl\n|-start|p1b: Aerodactyl|Encore\n|move|p1b: Aerodactyl|Protect||[still]\n|-fail|p1b: Aerodactyl\n|move|p2b: Rotom|Will-O-Wisp|p1a: Typhlosion\n|-immune|p1a: Typhlosion\n|\n|upkeep\n|turn|4\n|\n|t:|1776290994\n|move|p2a: Whimsicott|Protect|p2a: Whimsicott\n|-singleturn|p2a: Whimsicott|Protect\n|move|p1b: Aerodactyl|Protect|p1b: Aerodactyl\n|-singleturn|p1b: Aerodactyl|Protect\n|move|p1a: Typhlosion|Eruption|p2b: Rotom|[spread] p2b\n|-activate|p2a: Whimsicott|move: Protect\n|-resisted|p2b: Rotom|1\n|-damage|p2b: Rotom|67/100\n|move|p2b: Rotom|Hydro Pump|p1a: Typhlosion\n|-supereffective|p1a: Typhlosion|1\n|-crit|p1a: Typhlosion\n|-damage|p1a: Typhlosion|0 fnt\n|faint|p1a: Typhlosion\n|\n|-sideend|p1: shadowraider169|move: Tailwind\n|upkeep\n|\n|t:|1776291007\n|switch|p1a: Kangaskhan|Kangaskhan-Mega, L50, F|100/100\n|turn|5\n|\n|t:|1776291025\n|move|p1b: Aerodactyl|Protect||[still]\n|-fail|p1b: Aerodactyl\n|move|p1a: Kangaskhan|Fake Out|p2a: Whimsicott\n|-damage|p2a: Whimsicott|19/100\n|-damage|p2a: Whimsicott|11/100\n|-hitcount|p2a: Whimsicott|2\n|cant|p2a: Whimsicott|flinch\n|move|p2b: Rotom|Volt Switch|p1b: Aerodactyl\n|-supereffective|p1b: Aerodactyl|1\n|-damage|p1b: Aerodactyl|0 fnt\n|faint|p1b: Aerodactyl\n|\n|t:|1776291038\n|switch|p2b: Incineroar|Incineroar, L50, M|100/100|[from] Volt Switch\n|-ability|p2b: Incineroar|Intimidate|boost\n|-unboost|p1a: Kangaskhan|atk|1\n|\n|upkeep\n|\n|t:|1776291043\n|switch|p1b: Archaludon|Archaludon, L50, M|100/100\n|turn|6\n|\n|t:|1776291056\n|move|p1b: Archaludon|Protect|p1b: Archaludon\n|-singleturn|p1b: Archaludon|Protect\n|move|p2b: Incineroar|Fake Out|p1b: Archaludon\n|-activate|p1b: Archaludon|move: Protect\n|move|p2a: Whimsicott|Encore|p1a: Kangaskhan\n|-start|p1a: Kangaskhan|Encore\n|move|p1a: Kangaskhan|Fake Out||[still]\n|-hint|Fake Out only works on your first turn out.\n|-fail|p1a: Kangaskhan\n|\n|upkeep\n|turn|7\n|\n|t:|1776291070\n|move|p2a: Whimsicott|Encore|p1b: Archaludon\n|-start|p1b: Archaludon|Encore\n|move|p1b: Archaludon|Protect||[still]\n|-fail|p1b: Archaludon\n|-activate|p1a: Kangaskhan|move: Struggle\n|move|p1a: Kangaskhan|Struggle|p2a: Whimsicott\n|-damage|p2a: Whimsicott|0 fnt\n|faint|p2a: Whimsicott\n|-hitcount|p2: Whimsicott|1\n|-damage|p1a: Kangaskhan|75/100|[from] recoil\n|move|p2b: Incineroar|Parting Shot|p1a: Kangaskhan\n|-unboost|p1a: Kangaskhan|atk|1\n|-unboost|p1a: Kangaskhan|spa|1\n|\n|t:|1776291083\n|switch|p2b: Rotom|Rotom-Wash, L50|67/100|[from] Parting Shot\n|\n|upkeep\n|-message|shadowraider169 forfeited.\n|\n|win|fgok\n|raw|shadowraider169's rating: 1085 &rarr; <strong>1059</strong><br />(-26 for losing)\n|raw|fgok's rating: 1038 &rarr; <strong>1077</strong><br />(+39 for winning)\n|l|\u2606shadowraider169\n|player|p1|\n",
  "uploadtime": 1776291090,
  "views": 33,
  "formatid": "gen9championsvgc2026regma",
  "rating": 1059,
  "private": 0,
  "password": null
}