{
  "id": "gen9championsvgc2026regma-2580779536",
  "format": "[Gen 9 Champions] VGC 2026 Reg M-A",
  "players": [
    "EmbraceTheDharc",
    "shigeshigetokugawa"
  ],
  "log": "|j|\u2606EmbraceTheDharc\n|j|\u2606shigeshigetokugawa\n|t:|1775931825\n|gametype|doubles\n|player|p1|EmbraceTheDharc|drayden|1294\n|player|p2|shigeshigetokugawa|ghetsis-gen5bw|1245\n|gen|9\n|tier|[Gen 9 Champions] VGC 2026 Reg M-A\n|rated|\n|rule|Species Clause: Limit one of each Pok\u00e9mon\n|rule|Item Clause: Limit 1 of each item\n|clearpoke\n|poke|p1|Politoed, L50, M|\n|poke|p1|Basculegion, L50, M|\n|poke|p1|Scizor, L50, F|\n|poke|p1|Gyarados, L50, M|\n|poke|p1|Gengar, L50, F|\n|poke|p1|Sneasler, L50, M|\n|poke|p2|Floette-Eternal, L50, F|\n|poke|p2|Garchomp, L50, M|\n|poke|p2|Rotom-Wash, L50|\n|poke|p2|Talonflame, L50, F|\n|poke|p2|Aegislash, L50, F|\n|poke|p2|Maushold-Four, L50|\n|teampreview|4\n|inactive|Battle timer is ON: inactive players will automatically lose when time's up. (requested by shigeshigetokugawa)\n|\n|t:|1775931874\n|teamsize|p1|4\n|teamsize|p2|4\n|start\n|switch|p1a: Sneasler|Sneasler, L50, M|100/100\n|switch|p1b: Basculegion|Basculegion, L50, M|100/100\n|switch|p2a: Rotom|Rotom-Wash, L50|100/100\n|switch|p2b: Garchomp|Garchomp, L50, M|100/100\n|turn|1\n|\n|t:|1775931898\n|move|p1a: Sneasler|Fake Out|p2a: Rotom\n|-damage|p2a: Rotom|85/100\n|move|p1b: Basculegion|Flip Turn|p2b: Garchomp\n|-damage|p2b: Garchomp|60/100\n|-damage|p1b: Basculegion|88/100|[from] ability: Rough Skin|[of] p2b: Garchomp\n|\n|t:|1775931904\n|switch|p1b: Gyarados|Gyarados, L50, M|100/100|[from] Flip Turn\n|-ability|p1b: Gyarados|Intimidate|boost\n|-unboost|p2a: Rotom|atk|1\n|-unboost|p2b: Garchomp|atk|1\n|move|p2b: Garchomp|Earthquake|p1a: Sneasler|[spread] p1a\n|-immune|p2a: Rotom|[from] ability: Levitate\n|-immune|p1b: Gyarados\n|-supereffective|p1a: Sneasler|1\n|-enditem|p1a: Sneasler|Focus Sash\n|-damage|p1a: Sneasler|1/100\n|cant|p2a: Rotom|flinch\n|\n|upkeep\n|turn|2\n|inactive|EmbraceTheDharc has 30 seconds left.\n|inactive|EmbraceTheDharc has 20 seconds left.\n|\n|t:|1775931943\n|detailschange|p1b: Gyarados|Gyarados-Mega, L50, M\n|-mega|p1b: Gyarados|Gyarados|Gyaradosite\n|-ability|p1b: Gyarados|Mold Breaker\n|move|p1a: Sneasler|Close Combat|p2a: Rotom\n|-damage|p2a: Rotom|6/100\n|-unboost|p1a: Sneasler|def|1\n|-unboost|p1a: Sneasler|spd|1\n|-enditem|p2a: Rotom|Sitrus Berry|[eat]\n|-heal|p2a: Rotom|31/100|[from] item: Sitrus Berry\n|move|p2b: Garchomp|Earthquake|p1b: Gyarados|[spread] p1a,p1b\n|-immune|p2a: Rotom|[from] ability: Levitate\n|-supereffective|p1a: Sneasler|1\n|-damage|p1a: Sneasler|0 fnt\n|-damage|p1b: Gyarados|78/100\n|faint|p1a: Sneasler\n|move|p2a: Rotom|Thunderbolt|p1b: Gyarados\n|-supereffective|p1b: Gyarados|1\n|-damage|p1b: Gyarados|15/100\n|move|p1b: Gyarados|Crunch|p2a: Rotom\n|-damage|p2a: Rotom|0 fnt\n|faint|p2a: Rotom\n|\n|upkeep\n|\n|t:|1775931968\n|switch|p1a: Scizor|Scizor, L50, F|100/100\n|switch|p2a: Talonflame|Talonflame, L50, F|100/100\n|turn|3\n|inactive|EmbraceTheDharc has 30 seconds left.\n|\n|t:|1775931993\n|move|p1b: Gyarados|Protect|p1b: Gyarados\n|-singleturn|p1b: Gyarados|Protect\n|move|p1a: Scizor|Bullet Punch|p2b: Garchomp\n|-damage|p2b: Garchomp|26/100\n|-damage|p1a: Scizor|88/100|[from] ability: Rough Skin|[of] p2b: Garchomp\n|move|p2a: Talonflame|Flare Blitz|p1a: Scizor\n|-supereffective|p1a: Scizor|2\n|-damage|p1a: Scizor|0 fnt\n|faint|p1a: Scizor\n|-damage|p2a: Talonflame|68/100|[from] Recoil\n|move|p2b: Garchomp|Earthquake|p1b: Gyarados|[spread] \n|-activate|p1b: Gyarados|move: Protect\n|-immune|p2a: Talonflame\n|\n|upkeep\n|\n|t:|1775932008\n|switch|p1a: Basculegion|Basculegion, L50, M|88/100\n|turn|4\n|\n|t:|1775932026\n|move|p1a: Basculegion|Last Respects|p2a: Talonflame\n|-damage|p2a: Talonflame|0 fnt\n|faint|p2a: Talonflame\n|move|p2b: Garchomp|Earthquake|p1b: Gyarados|[spread] p1a,p1b\n|-damage|p1a: Basculegion|44/100\n|-damage|p1b: Gyarados|0 fnt\n|faint|p1b: Gyarados\n|\n|upkeep\n|\n|t:|1775932035\n|switch|p2a: Aegislash|Aegislash, L50, F|100/100\n|turn|5\n|\n|t:|1775932044\n|-formechange|p2a: Aegislash|Aegislash-Blade|\n|move|p2a: Aegislash|Shadow Sneak|p1a: Basculegion\n|-supereffective|p1a: Basculegion|1\n|-damage|p1a: Basculegion|0 fnt\n|faint|p1a: Basculegion\n|\n|win|shigeshigetokugawa\n|raw|EmbraceTheDharc's rating: 1294 &rarr; <strong>1265</strong><br />(-29 for losing)\n|raw|shigeshigetokugawa's rating: 1245 &rarr; <strong>1274</strong><br />(+29 for winning)\n|l|\u2606EmbraceTheDharc\n|player|p1|\n|l|\u2606shigeshigetokugawa\n|player|p2|\n",
  "uploadtime": 1775932099,
  "views": 79,
  "formatid": "gen9championsvgc2026regma",
  "rating": 1265,
  "private": 0,
  "password": null
}