{
  "id": "gen9championsvgc2026regma-2580411963",
  "format": "[Gen 9 Champions] VGC 2026 Reg M-A",
  "players": [
    "teratera mega",
    "bullred1mc"
  ],
  "log": "|j|\u2606teratera mega\n|j|\u2606bullred1mc\n|t:|1775892535\n|gametype|doubles\n|player|p1|teratera mega|2|1141\n|player|p2|bullred1mc|hugh|1040\n|gen|9\n|tier|[Gen 9 Champions] VGC 2026 Reg M-A\n|rated|\n|rule|Species Clause: Limit one of each Pok\u00e9mon\n|rule|Item Clause: Limit 1 of each item\n|clearpoke\n|poke|p1|Dragonite, L50, M|\n|poke|p1|Pelipper, L50, F|\n|poke|p1|Sneasler, L50, M|\n|poke|p1|Archaludon, L50, M|\n|poke|p1|Basculegion, L50, M|\n|poke|p1|Incineroar, L50, F|\n|poke|p2|Incineroar, L50, F|\n|poke|p2|Gengar, L50, M|\n|poke|p2|Politoed, L50, M|\n|poke|p2|Sneasler, L50, M|\n|poke|p2|Whimsicott, L50, M|\n|poke|p2|Basculegion, L50, M|\n|teampreview|4\n|inactive|Battle timer is ON: inactive players will automatically lose when time's up. (requested by teratera mega)\nbullred1mc has agreed to open team sheets.\n|inactive|bullred1mc has 60 seconds left.\n|\n|t:|1775892584\n|teamsize|p1|4\n|teamsize|p2|4\n|start\n|switch|p1a: Dragonite|Dragonite, L50, M|100/100\n|switch|p1b: Pelipper|Pelipper, L50, F|100/100\n|switch|p2a: Incineroar|Incineroar, L50, F, shiny|100/100\n|switch|p2b: Sneasler|Sneasler, L50, M, shiny|100/100\n|-ability|p2b: Sneasler|Pressure\n|-weather|RainDance|[from] ability: Drizzle|[of] p1b: Pelipper\n|-ability|p2a: Incineroar|Intimidate|boost\n|-fail|p1a: Dragonite|unboost|Attack|[from] ability: Inner Focus|[of] p1a: Dragonite\n|-unboost|p1b: Pelipper|atk|1\n|turn|1\n|inactive|teratera mega has 30 seconds left.\n|inactive|teratera mega has 20 seconds left.\n|inactive|teratera mega has 15 seconds left.\n|inactive|teratera mega has 10 seconds left.\n|inactive|teratera mega has 5 seconds left.\n|\n|t:|1775892639\n|move|p2b: Sneasler|Protect|p2b: Sneasler\n|-singleturn|p2b: Sneasler|Protect\n|move|p1a: Dragonite|Draco Meteor|p2b: Sneasler\n|-activate|p2b: Sneasler|move: Protect\n|move|p1b: Pelipper|Tailwind|p1b: Pelipper\n|-sidestart|p1: teratera mega|move: Tailwind\n|move|p2a: Incineroar|Parting Shot|p1a: Dragonite\n|-unboost|p1a: Dragonite|atk|1\n|-unboost|p1a: Dragonite|spa|1\n|\n|t:|1775892651\n|switch|p2a: Whimsicott|Whimsicott, L50, M, shiny|100/100|[from] Parting Shot\n|\n|-weather|RainDance|[upkeep]\n|upkeep\n|turn|2\n|inactive|bullred1mc has 30 seconds left.\n|\n|t:|1775892678\n|switch|p2b: Incineroar|Incineroar, L50, F, shiny|100/100\n|-ability|p2b: Incineroar|Intimidate|boost\n|-fail|p1a: Dragonite|unboost|Attack|[from] ability: Inner Focus|[of] p1a: Dragonite\n|-unboost|p1b: Pelipper|atk|1\n|detailschange|p1a: Dragonite|Dragonite-Mega, L50, M\n|-mega|p1a: Dragonite|Dragonite|Dragoninite\n|move|p2a: Whimsicott|Encore|p1b: Pelipper\n|-start|p1b: Pelipper|Encore\n|move|p1a: Dragonite|Hurricane|p2b: Incineroar\n|-damage|p2b: Incineroar|72/100\n|-start|p2b: Incineroar|confusion\n|move|p1b: Pelipper|Tailwind||[still]\n|-fail|p1b: Pelipper\n|\n|-weather|RainDance|[upkeep]\n|upkeep\n|turn|3\n|inactive|bullred1mc has 30 seconds left.\n|\n|t:|1775892703\n|switch|p1b: Archaludon|Archaludon, L50, M|100/100\n|move|p2a: Whimsicott|Protect|p2a: Whimsicott\n|-singleturn|p2a: Whimsicott|Protect\n|-activate|p2b: Incineroar|confusion\n|move|p2b: Incineroar|Fake Out|p1a: Dragonite\n|-damage|p1a: Dragonite|95/100\n|cant|p1a: Dragonite|flinch\n|\n|-weather|RainDance|[upkeep]\n|upkeep\n|turn|4\n|\n|t:|1775892722\n|move|p2a: Whimsicott|Tailwind|p2a: Whimsicott\n|-sidestart|p2: bullred1mc|move: Tailwind\n|move|p1a: Dragonite|Hurricane|p2a: Whimsicott\n|-supereffective|p2a: Whimsicott|1\n|-damage|p2a: Whimsicott|9/100\n|-start|p2a: Whimsicott|confusion\n|move|p1b: Archaludon|Electro Shot||[still]\n|-prepare|p1b: Archaludon|Electro Shot\n|-boost|p1b: Archaludon|spa|1\n|-anim|p1b: Archaludon|Electro Shot|p2b: Incineroar\n|-damage|p2b: Incineroar|28/100\n|-enditem|p2b: Incineroar|Sitrus Berry|[eat]\n|-heal|p2b: Incineroar|52/100|[from] item: Sitrus Berry\n|-activate|p2b: Incineroar|confusion\n|move|p2b: Incineroar|Parting Shot|p1a: Dragonite\n|-unboost|p1a: Dragonite|atk|1\n|-unboost|p1a: Dragonite|spa|1\n|\n|t:|1775892744\n|switch|p2b: Sneasler|Sneasler, L50, M, shiny|100/100|[from] Parting Shot\n|-ability|p2b: Sneasler|Pressure\n|\n|-weather|RainDance|[upkeep]\n|-sideend|p1: teratera mega|move: Tailwind\n|upkeep\n|turn|5\n|\n|t:|1775892761\n|switch|p1a: Pelipper|Pelipper, L50, F|100/100\n|-activate|p2a: Whimsicott|confusion\n|move|p2a: Whimsicott|Protect|p2a: Whimsicott\n|-singleturn|p2a: Whimsicott|Protect\n|move|p2b: Sneasler|Close Combat|p1b: Archaludon\n|-supereffective|p1b: Archaludon|1\n|-damage|p1b: Archaludon|11/100\n|-unboost|p2b: Sneasler|def|1\n|-unboost|p2b: Sneasler|spd|1\n|-ability|p1b: Archaludon|Stamina|boost\n|-boost|p1b: Archaludon|def|1\n|-enditem|p2b: Sneasler|White Herb\n|-clearnegativeboost|p2b: Sneasler|[silent]\n|move|p1b: Archaludon|Electro Shot||[still]\n|-prepare|p1b: Archaludon|Electro Shot\n|-boost|p1b: Archaludon|spa|1\n|-anim|p1b: Archaludon|Electro Shot|p2b: Sneasler\n|-damage|p2b: Sneasler|0 fnt\n|faint|p2b: Sneasler\n|\n|-weather|none\n|-heal|p1b: Archaludon|17/100|[from] item: Leftovers\n|upkeep\n|\n|t:|1775892774\n|switch|p2b: Incineroar|Incineroar, L50, F, shiny|52/100\n|-ability|p2b: Incineroar|Intimidate|boost\n|-unboost|p1a: Pelipper|atk|1\n|-unboost|p1b: Archaludon|atk|1\n|turn|6\n|inactive|bullred1mc has 30 seconds left.\n|\n|t:|1775892803\n|switch|p1a: Dragonite|Dragonite-Mega, L50, M|95/100\n|move|p1b: Archaludon|Protect|p1b: Archaludon\n|-singleturn|p1b: Archaludon|Protect\n|move|p2b: Incineroar|Fake Out|p1a: Dragonite\n|-damage|p1a: Dragonite|84/100\n|-activate|p2a: Whimsicott|confusion\n|move|p2a: Whimsicott|Encore|p1b: Archaludon\n|-activate|p1b: Archaludon|move: Protect\n|\n|-heal|p1b: Archaludon|23/100|[from] item: Leftovers\n|upkeep\n|turn|7\n|\n|t:|1775892819\n|switch|p1b: Pelipper|Pelipper, L50, F|100/100\n|-weather|RainDance|[from] ability: Drizzle|[of] p1b: Pelipper\n|-activate|p2a: Whimsicott|confusion\n|move|p2a: Whimsicott|Encore||[still]\n|-fail|p2a: Whimsicott\n|move|p1a: Dragonite|Hurricane|p2a: Whimsicott\n|-supereffective|p2a: Whimsicott|1\n|-damage|p2a: Whimsicott|0 fnt\n|faint|p2a: Whimsicott\n|move|p2b: Incineroar|Parting Shot|p1a: Dragonite\n|-unboost|p1a: Dragonite|atk|1\n|-unboost|p1a: Dragonite|spa|1\n|\n|t:|1775892830\n|switch|p2b: Gengar|Gengar, L50, M|100/100|[from] Parting Shot\n|\n|-weather|RainDance|[upkeep]\n|-sideend|p2: bullred1mc|move: Tailwind\n|upkeep\n|\n|t:|1775892833\n|switch|p2a: Incineroar|Incineroar, L50, F, shiny|52/100\n|-ability|p2a: Incineroar|Intimidate|boost\n|-unboost|p1a: Dragonite|atk|1\n|-unboost|p1b: Pelipper|atk|1\n|turn|8\n|\n|t:|1775892854\n|switch|p1a: Archaludon|Archaludon, L50, M|23/100\n|detailschange|p2b: Gengar|Gengar-Mega, L50, M\n|-mega|p2b: Gengar|Gengar|Gengarite\n|move|p2b: Gengar|Protect|p2b: Gengar\n|-singleturn|p2b: Gengar|Protect\n|move|p2a: Incineroar|Fake Out|p1a: Archaludon\n|-resisted|p1a: Archaludon|1\n|-damage|p1a: Archaludon|19/100\n|-ability|p1a: Archaludon|Stamina|boost\n|-boost|p1a: Archaludon|def|1\n|move|p1b: Pelipper|Tailwind|p1b: Pelipper\n|-sidestart|p1: teratera mega|move: Tailwind\n|\n|-weather|RainDance|[upkeep]\n|-heal|p1a: Archaludon|25/100|[from] item: Leftovers\n|upkeep\n|turn|9\n|\n|t:|1775892873\n|move|p1a: Archaludon|Electro Shot||[still]\n|-prepare|p1a: Archaludon|Electro Shot\n|-boost|p1a: Archaludon|spa|1\n|-anim|p1a: Archaludon|Electro Shot|p2b: Gengar\n|-damage|p2b: Gengar|32/100\n|move|p1b: Pelipper|Weather Ball|p2a: Incineroar\n|-supereffective|p2a: Incineroar|1\n|-damage|p2a: Incineroar|0 fnt\n|faint|p2a: Incineroar\n|move|p2b: Gengar|Shadow Ball|p1a: Archaludon\n|-damage|p1a: Archaludon|0 fnt\n|faint|p1a: Archaludon\n|\n|-weather|RainDance|[upkeep]\n|upkeep\n|c|\u2606bullred1mc|gg\n|-message|bullred1mc forfeited.\n|\n|win|teratera mega\n|raw|teratera mega's rating: 1141 &rarr; <strong>1159</strong><br />(+18 for winning)\n|raw|bullred1mc's rating: 1040 &rarr; <strong>1029</strong><br />(-11 for losing)\n",
  "uploadtime": 1775892883,
  "views": 15,
  "formatid": "gen9championsvgc2026regma",
  "rating": 1029,
  "private": 0,
  "password": null
}