{
  "id": "gen9championsvgc2026regma-2585289928",
  "format": "[Gen 9 Champions] VGC 2026 Reg M-A",
  "players": [
    "Keyan_Sans",
    "Chaotic1856"
  ],
  "log": "|j|\u2606Keyan_Sans\n|j|\u2606Chaotic1856\n|t:|1776334327\n|gametype|doubles\n|player|p1|Keyan_Sans|hugh|1242\n|player|p2|Chaotic1856|bugsy|1186\n|gen|9\n|tier|[Gen 9 Champions] VGC 2026 Reg M-A\n|rated|\n|rule|Species Clause: Limit one of each Pok\u00e9mon\n|rule|Item Clause: Limit 1 of each item\n|clearpoke\n|poke|p1|Dragonite, L50, M|\n|poke|p1|Pelipper, L50, M|\n|poke|p1|Basculegion, L50, M|\n|poke|p1|Archaludon, L50, M|\n|poke|p1|Sneasler, L50, F|\n|poke|p1|Maushold-Four, L50|\n|poke|p2|Greninja-*, L50, F|\n|poke|p2|Kingambit, L50, F|\n|poke|p2|Incineroar, L50, M|\n|poke|p2|Sableye, L50, F|\n|poke|p2|Hydreigon, L50, F|\n|poke|p2|Liepard, L50, F|\n|teampreview|4\nKeyan_Sans rejected open team sheets.\n|inactive|Battle timer is ON: inactive players will automatically lose when time's up. (requested by Keyan_Sans)\n|\n|t:|1776334358\n|teamsize|p1|4\n|teamsize|p2|4\n|start\n|switch|p1a: Archaludon|Archaludon, L50, M|100/100\n|switch|p1b: Maushold|Maushold-Four, L50|100/100\n|switch|p2a: Sableye|Sableye, L50, F, shiny|100/100\n|switch|p2b: Incineroar|Incineroar, L50, M|100/100\n|-ability|p2b: Incineroar|Intimidate|boost\n|-unboost|p1a: Archaludon|atk|1\n|-unboost|p1b: Maushold|atk|1\n|turn|1\n|\n|t:|1776334368\n|move|p1b: Maushold|Protect|p1b: Maushold\n|-singleturn|p1b: Maushold|Protect\n|move|p1a: Archaludon|Protect|p1a: Archaludon\n|-singleturn|p1a: Archaludon|Protect\n|move|p2a: Sableye|Taunt|p1b: Maushold\n|-activate|p1b: Maushold|move: Protect\n|move|p2b: Incineroar|Close Combat|p1a: Archaludon\n|-activate|p1a: Archaludon|move: Protect\n|\n|upkeep\n|turn|2\n|\n|t:|1776334389\n|move|p2a: Sableye|Taunt|p1b: Maushold\n|-start|p1b: Maushold|move: Taunt\n|-enditem|p1b: Maushold|Mental Herb\n|-end|p1b: Maushold|move: Taunt\n|move|p1b: Maushold|Beat Up|p1a: Archaludon\n|-damage|p1a: Archaludon|99/100\n|-ability|p1a: Archaludon|Stamina|boost\n|-boost|p1a: Archaludon|def|1\n|-damage|p1a: Archaludon|99/100\n|-ability|p1a: Archaludon|Stamina|boost\n|-boost|p1a: Archaludon|def|1\n|-damage|p1a: Archaludon|98/100\n|-ability|p1a: Archaludon|Stamina|boost\n|-boost|p1a: Archaludon|def|1\n|-damage|p1a: Archaludon|97/100\n|-ability|p1a: Archaludon|Stamina|boost\n|-boost|p1a: Archaludon|def|1\n|-hitcount|p1a: Archaludon|4\n|move|p1a: Archaludon|Dragon Pulse|p2b: Incineroar\n|-damage|p2b: Incineroar|57/100\n|move|p2b: Incineroar|Parting Shot|p1a: Archaludon\n|-unboost|p1a: Archaludon|atk|1\n|-unboost|p1a: Archaludon|spa|1\n|\n|t:|1776334399\n|switch|p2b: Kingambit|Kingambit, L50, F, shiny|100/100|[from] Parting Shot\n|\n|-heal|p1a: Archaludon|100/100|[from] item: Leftovers\n|upkeep\n|turn|3\n|\n|t:|1776334407\n|switch|p1b: Pelipper|Pelipper, L50, M|100/100\n|-weather|RainDance|[from] ability: Drizzle|[of] p1b: Pelipper\n|move|p2a: Sableye|Will-O-Wisp|p1a: Archaludon\n|-status|p1a: Archaludon|brn\n|move|p1a: Archaludon|Electro Shot||[still]\n|-prepare|p1a: Archaludon|Electro Shot\n|-boost|p1a: Archaludon|spa|1\n|-anim|p1a: Archaludon|Electro Shot|p2b: Kingambit\n|-damage|p2b: Kingambit|62/100\n|move|p2b: Kingambit|Swords Dance|p2b: Kingambit\n|-boost|p2b: Kingambit|atk|2\n|\n|-weather|RainDance|[upkeep]\n|-damage|p1a: Archaludon|94/100 brn|[from] brn\n|upkeep\n|turn|4\n|\n|t:|1776334423\n|move|p2a: Sableye|Light Screen|p2a: Sableye\n|-sidestart|p2: Chaotic1856|move: Light Screen\n|move|p1a: Archaludon|Electro Shot||[still]\n|-prepare|p1a: Archaludon|Electro Shot\n|-boost|p1a: Archaludon|spa|1\n|-anim|p1a: Archaludon|Electro Shot|p2b: Kingambit\n|-damage|p2b: Kingambit|21/100\n|move|p1b: Pelipper|Weather Ball|p2b: Kingambit\n|-damage|p2b: Kingambit|0 fnt\n|faint|p2b: Kingambit\n|\n|-weather|RainDance|[upkeep]\n|-heal|p1a: Archaludon|100/100 brn|[from] item: Leftovers\n|-damage|p1a: Archaludon|94/100 brn|[from] brn\n|upkeep\n|\n|t:|1776334443\n|switch|p2b: Incineroar|Incineroar, L50, M|57/100\n|-ability|p2b: Incineroar|Intimidate|boost\n|-unboost|p1a: Archaludon|atk|1\n|-unboost|p1b: Pelipper|atk|1\n|turn|5\n|\n|t:|1776334457\n|switch|p1b: Maushold|Maushold-Four, L50|100/100\n|move|p1a: Archaludon|Protect|p1a: Archaludon\n|-singleturn|p1a: Archaludon|Protect\n|move|p2b: Incineroar|Fake Out|p1b: Maushold\n|-damage|p1b: Maushold|82/100\n|move|p2a: Sableye|Taunt|p1a: Archaludon\n|-activate|p1a: Archaludon|move: Protect\n|\n|-weather|RainDance|[upkeep]\n|-heal|p1a: Archaludon|100/100 brn|[from] item: Leftovers\n|-heal|p2b: Incineroar|63/100|[from] item: Leftovers\n|-damage|p1a: Archaludon|94/100 brn|[from] brn\n|upkeep\n|turn|6\n|\n|t:|1776334469\n|move|p1b: Maushold|Follow Me|p1b: Maushold\n|-singleturn|p1b: Maushold|move: Follow Me\n|move|p2a: Sableye|Taunt|p1b: Maushold\n|-start|p1b: Maushold|move: Taunt\n|move|p1a: Archaludon|Electro Shot||[still]\n|-prepare|p1a: Archaludon|Electro Shot\n|-boost|p1a: Archaludon|spa|1\n|-anim|p1a: Archaludon|Electro Shot|p2b: Incineroar\n|-damage|p2b: Incineroar|10/100\n|move|p2b: Incineroar|Close Combat|p1b: Maushold\n|-supereffective|p1b: Maushold|1\n|-damage|p1b: Maushold|0 fnt\n|-unboost|p2b: Incineroar|def|1\n|-unboost|p2b: Incineroar|spd|1\n|faint|p1b: Maushold\n|\n|-weather|RainDance|[upkeep]\n|-heal|p1a: Archaludon|100/100 brn|[from] item: Leftovers\n|-heal|p2b: Incineroar|15/100|[from] item: Leftovers\n|-damage|p1a: Archaludon|94/100 brn|[from] brn\n|upkeep\n|\n|t:|1776334475\n|switch|p1b: Dragonite|Dragonite, L50, M|100/100\n|turn|7\n|\n|t:|1776334489\n|detailschange|p1b: Dragonite|Dragonite-Mega, L50, M\n|-mega|p1b: Dragonite|Dragonite|Dragoninite\n|move|p2a: Sableye|Will-O-Wisp|p1b: Dragonite\n|-status|p1b: Dragonite|brn\n|move|p1b: Dragonite|Hurricane|p2b: Incineroar\n|-damage|p2b: Incineroar|0 fnt\n|faint|p2b: Incineroar\n|move|p1a: Archaludon|Electro Shot||[still]\n|-prepare|p1a: Archaludon|Electro Shot\n|-boost|p1a: Archaludon|spa|1\n|-anim|p1a: Archaludon|Electro Shot|p2a: Sableye\n|-damage|p2a: Sableye|9/100\n|-enditem|p2a: Sableye|Sitrus Berry|[eat]\n|-heal|p2a: Sableye|34/100|[from] item: Sitrus Berry\n|\n|-weather|none\n|-heal|p1a: Archaludon|100/100 brn|[from] item: Leftovers\n|-damage|p1b: Dragonite|94/100 brn|[from] brn\n|-damage|p1a: Archaludon|94/100 brn|[from] brn\n|upkeep\n|\n|t:|1776334500\n|switch|p2b: Greninja|Greninja, L50, F, shiny|100/100\n|turn|8\n|\n|t:|1776334511\n|switch|p1b: Pelipper|Pelipper, L50, M|100/100\n|-weather|RainDance|[from] ability: Drizzle|[of] p1b: Pelipper\n|detailschange|p2b: Greninja|Greninja-Mega, L50, F, shiny\n|-mega|p2b: Greninja|Greninja|Greninjite\n|move|p2a: Sableye|Pain Split|p1a: Archaludon\n|-sethp|p1a: Archaludon|64/100 brn|[from] move: Pain Split|[silent]\n|-sethp|p2a: Sableye|67/100|[from] move: Pain Split\n|move|p2b: Greninja|Ice Beam|p1a: Archaludon\n|-start|p2b: Greninja|typechange|Ice|[from] ability: Protean\n|-damage|p1a: Archaludon|0 fnt\n|faint|p1a: Archaludon\n|\n|-weather|RainDance|[upkeep]\n|-sideend|p2: Chaotic1856|move: Light Screen\n|upkeep\n|\n|t:|1776334517\n|switch|p1a: Dragonite|Dragonite-Mega, L50, M|94/100 brn\n|turn|9\n|\n|t:|1776334521\n|move|p1a: Dragonite|Protect|p1a: Dragonite\n|-singleturn|p1a: Dragonite|Protect\n|move|p2a: Sableye|Light Screen|p2a: Sableye\n|-sidestart|p2: Chaotic1856|move: Light Screen\n|move|p2b: Greninja|Ice Beam|p1a: Dragonite\n|-activate|p1a: Dragonite|move: Protect\n|move|p1b: Pelipper|Tailwind|p1b: Pelipper\n|-sidestart|p1: Keyan_Sans|move: Tailwind\n|\n|-weather|RainDance|[upkeep]\n|-damage|p1a: Dragonite|88/100 brn|[from] brn\n|upkeep\n|turn|10\n|\n|t:|1776334534\n|move|p2a: Sableye|Taunt|p1b: Pelipper\n|-start|p1b: Pelipper|move: Taunt\n|move|p1a: Dragonite|Thunder|p2b: Greninja\n|-damage|p2b: Greninja|60/100\n|move|p2b: Greninja|Ice Beam|p1a: Dragonite\n|-supereffective|p1a: Dragonite|2\n|-damage|p1a: Dragonite|0 fnt\n|faint|p1a: Dragonite\n|move|p1b: Pelipper|Weather Ball|p2b: Greninja\n|-damage|p2b: Greninja|13/100\n|\n|-weather|RainDance|[upkeep]\n|upkeep\n|turn|11\n|\n|t:|1776334546\n|move|p2b: Greninja|Protect|p2b: Greninja\n|-singleturn|p2b: Greninja|Protect\n|move|p2a: Sableye|Will-O-Wisp|p1b: Pelipper\n|-status|p1b: Pelipper|brn\n|move|p1b: Pelipper|Weather Ball|p2b: Greninja\n|-activate|p2b: Greninja|move: Protect\n|\n|-weather|RainDance|[upkeep]\n|-damage|p1b: Pelipper|95/100 brn|[from] brn\n|upkeep\n|turn|12\n|\n|t:|1776334559\n|move|p2b: Greninja|Protect||[still]\n|-fail|p2b: Greninja\n|move|p2a: Sableye|Pain Split|p1b: Pelipper\n|-sethp|p1b: Pelipper|78/100 brn|[from] move: Pain Split|[silent]\n|-sethp|p2a: Sableye|83/100|[from] move: Pain Split\n|move|p1b: Pelipper|Weather Ball|p2b: Greninja\n|-damage|p2b: Greninja|0 fnt\n|faint|p2b: Greninja\n|\n|-weather|none\n|-damage|p1b: Pelipper|72/100 brn|[from] brn\n|-end|p1b: Pelipper|move: Taunt\n|-sideend|p1: Keyan_Sans|move: Tailwind\n|upkeep\n|turn|13\n|\n|t:|1776334569\n|move|p2a: Sableye|Taunt|p1b: Pelipper\n|-start|p1b: Pelipper|move: Taunt\n|move|p1b: Pelipper|Hurricane|p2a: Sableye\n|-damage|p2a: Sableye|56/100\n|\n|-damage|p1b: Pelipper|66/100 brn|[from] brn\n|-sideend|p2: Chaotic1856|move: Light Screen\n|upkeep\n|turn|14\n|\n|t:|1776334576\n|move|p2a: Sableye|Light Screen|p2a: Sableye\n|-sidestart|p2: Chaotic1856|move: Light Screen\n|move|p1b: Pelipper|Hurricane|p2a: Sableye|[miss]\n|-miss|p1b: Pelipper|p2a: Sableye\n|\n|-damage|p1b: Pelipper|60/100 brn|[from] brn\n|upkeep\n|turn|15\n|\n|t:|1776334582\n|move|p2a: Sableye|Light Screen||[still]\n|-fail|p2a: Sableye\n|move|p1b: Pelipper|Hurricane|p2a: Sableye\n|-damage|p2a: Sableye|27/100\n|-start|p2a: Sableye|confusion\n|\n|-damage|p1b: Pelipper|54/100 brn|[from] brn\n|-end|p1b: Pelipper|move: Taunt\n|upkeep\n|turn|16\n|\n|t:|1776334587\n|-activate|p2a: Sableye|confusion\n|-damage|p2a: Sableye|18/100|[from] confusion\n|move|p1b: Pelipper|Hurricane|p2a: Sableye\n|-damage|p2a: Sableye|0 fnt\n|faint|p2a: Sableye\n|\n|win|Keyan_Sans\n|raw|Keyan_Sans's rating: 1242 &rarr; <strong>1263</strong><br />(+21 for winning)\n|raw|Chaotic1856's rating: 1186 &rarr; <strong>1165</strong><br />(-21 for losing)\n",
  "uploadtime": 1776334589,
  "views": 27,
  "formatid": "gen9championsvgc2026regma",
  "rating": 1165,
  "private": 0,
  "password": null
}