{
  "id": "gen9championsvgc2026regma-2587669389",
  "format": "[Gen 9 Champions] VGC 2026 Reg M-A",
  "players": [
    "loklastaji",
    "nataliavanilla"
  ],
  "log": "|j|\u2606loklastaji\n|j|\u2606nataliavanilla\n|t:|1776552179\n|gametype|doubles\n|player|p1|loklastaji|101|1064\n|player|p2|nataliavanilla|canari|1124\n|gen|9\n|tier|[Gen 9 Champions] VGC 2026 Reg M-A\n|rated|\n|rule|Species Clause: Limit one of each Pok\u00e9mon\n|rule|Item Clause: Limit 1 of each item\n|clearpoke\n|poke|p1|Samurott-Hisui, L50, M|\n|poke|p1|Delphox, L50, F|\n|poke|p1|Tinkaton, L50, F|\n|poke|p1|Decidueye-Hisui, L50, M|\n|poke|p1|Gliscor, L50, F|\n|poke|p1|Farigiraf, L50, F|\n|poke|p2|Snorlax, L50, F|\n|poke|p2|Kingambit, L50, F|\n|poke|p2|Farigiraf, L50, F|\n|poke|p2|Delphox, L50, F|\n|poke|p2|Tauros-Paldea-Aqua, L50, M|\n|poke|p2|Meowscarada, L50, F|\n|teampreview|4\n|\n|t:|1776552222\n|teamsize|p1|4\n|teamsize|p2|4\n|start\n|switch|p1a: Gliscor|Gliscor, L50, F|100/100\n|switch|p1b: Samurott|Samurott-Hisui, L50, M|100/100\n|switch|p2a: Farigiraf|Farigiraf, L50, F|100/100\n|switch|p2b: Snorlax|Snorlax, L50, F|100/100\n|turn|1\n|\n|t:|1776552239\n|move|p1a: Gliscor|Dual Wingbeat|p2a: Farigiraf\n|-damage|p2a: Farigiraf|83/100\n|-damage|p2a: Farigiraf|67/100\n|-hitcount|p2a: Farigiraf|2\n|move|p1b: Samurott|Ceaseless Edge|p2a: Farigiraf\n|-supereffective|p2a: Farigiraf|1\n|-damage|p2a: Farigiraf|0 fnt\n|-sidestart|p2: nataliavanilla|Spikes\n|faint|p2a: Farigiraf\n|move|p2b: Snorlax|Superpower|p1b: Samurott\n|-supereffective|p1b: Samurott|1\n|-crit|p1b: Samurott\n|-damage|p1b: Samurott|0 fnt\n|-unboost|p2b: Snorlax|atk|1\n|-unboost|p2b: Snorlax|def|1\n|faint|p1b: Samurott\n|\n|upkeep\n|\n|t:|1776552257\n|switch|p1b: Decidueye|Decidueye-Hisui, L50, M|100/100\n|switch|p2a: Meowscarada|Meowscarada, L50, F|100/100\n|-damage|p2a: Meowscarada|88/100|[from] Spikes\n|turn|2\n|\n|t:|1776552281\n|move|p2b: Snorlax|Protect|p2b: Snorlax\n|-singleturn|p2b: Snorlax|Protect\n|move|p2a: Meowscarada|Triple Axel|p1a: Gliscor\n|-start|p2a: Meowscarada|typechange|Ice|[from] ability: Protean\n|-supereffective|p1a: Gliscor|2\n|-enditem|p1a: Gliscor|Yache Berry|[eat]\n|-enditem|p1a: Gliscor|Yache Berry|[weaken]\n|-damage|p1a: Gliscor|80/100\n|-supereffective|p1a: Gliscor|2\n|-damage|p1a: Gliscor|0 fnt\n|faint|p1a: Gliscor\n|-hitcount|p1: Gliscor|2\n|move|p1b: Decidueye|Close Combat|p2b: Snorlax\n|-activate|p2b: Snorlax|move: Protect\n|\n|upkeep\n|\n|t:|1776552298\n|switch|p1a: Delphox|Delphox, L50, F|100/100\n|turn|3\n|\n|t:|1776552311\n|detailschange|p1a: Delphox|Delphox-Mega, L50, F\n|-mega|p1a: Delphox|Delphox|Delphoxite\n|move|p2a: Meowscarada|Triple Axel|p1b: Decidueye\n|-supereffective|p1b: Decidueye|1\n|-damage|p1b: Decidueye|70/100\n|-hitcount|p1b: Decidueye|1\n|move|p1a: Delphox|Heat Wave|p2b: Snorlax|[spread] p2b\n|-miss|p1a: Delphox|p2a: Meowscarada\n|-damage|p2b: Snorlax|72/100\n|move|p1b: Decidueye|Close Combat|p2b: Snorlax\n|-supereffective|p2b: Snorlax|1\n|-damage|p2b: Snorlax|0 fnt\n|-unboost|p1b: Decidueye|def|1\n|-unboost|p1b: Decidueye|spd|1\n|faint|p2b: Snorlax\n|\n|upkeep\n|\n|t:|1776552321\n|switch|p2b: Kingambit|Kingambit, L50, F|100/100\n|-damage|p2b: Kingambit|88/100|[from] Spikes\n|turn|4\n|\n|t:|1776552334\n|move|p2b: Kingambit|Sucker Punch||[still]\n|-fail|p2b: Kingambit\n|move|p2a: Meowscarada|Triple Axel|p1b: Decidueye\n|-supereffective|p1b: Decidueye|1\n|-damage|p1b: Decidueye|32/100\n|-supereffective|p1b: Decidueye|1\n|-damage|p1b: Decidueye|0 fnt\n|faint|p1b: Decidueye\n|-hitcount|p1: Decidueye|2\n|move|p1a: Delphox|Substitute|p1a: Delphox\n|-start|p1a: Delphox|Substitute\n|-damage|p1a: Delphox|76/100\n|\n|upkeep\n|turn|5\n|\n|t:|1776552355\n|move|p2b: Kingambit|Protect|p2b: Kingambit\n|-singleturn|p2b: Kingambit|Protect\n|move|p2a: Meowscarada|Triple Axel|p1a: Delphox\n|-resisted|p1a: Delphox|1\n|-activate|p1a: Delphox|move: Substitute|[damage]\n|-resisted|p1a: Delphox|1\n|-activate|p1a: Delphox|move: Substitute|[damage]\n|-resisted|p1a: Delphox|1\n|-end|p1a: Delphox|Substitute\n|-hitcount|p1a: Delphox|3\n|move|p1a: Delphox|Heat Wave|p2b: Kingambit|[spread] p2a\n|-activate|p2b: Kingambit|move: Protect\n|-supereffective|p2a: Meowscarada|1\n|-damage|p2a: Meowscarada|0 fnt\n|faint|p2a: Meowscarada\n|\n|upkeep\n|turn|6\n|\n|t:|1776552371\n|move|p1a: Delphox|Substitute|p1a: Delphox\n|-start|p1a: Delphox|Substitute\n|-damage|p1a: Delphox|51/100\n|move|p2b: Kingambit|Kowtow Cleave|p1a: Delphox\n|-supereffective|p1a: Delphox|1\n|-end|p1a: Delphox|Substitute\n|\n|upkeep\n|turn|7\n|\n|t:|1776552384\n|move|p2b: Kingambit|Sucker Punch||[still]\n|-fail|p2b: Kingambit\n|move|p1a: Delphox|Substitute|p1a: Delphox\n|-start|p1a: Delphox|Substitute\n|-damage|p1a: Delphox|26/100\n|\n|upkeep\n|turn|8\n|\n|t:|1776552391\n|move|p2b: Kingambit|Sucker Punch|p1a: Delphox\n|-supereffective|p1a: Delphox|1\n|-end|p1a: Delphox|Substitute\n|move|p1a: Delphox|Heat Wave|p2b: Kingambit\n|-supereffective|p2b: Kingambit|1\n|-damage|p2b: Kingambit|0 fnt\n|faint|p2b: Kingambit\n|\n|win|loklastaji\n|raw|loklastaji's rating: 1064 &rarr; <strong>1100</strong><br />(+36 for winning)\n|raw|nataliavanilla's rating: 1124 &rarr; <strong>1095</strong><br />(-29 for losing)\n|c|\u2606nataliavanilla|gg\n|l|\u2606nataliavanilla\n|player|p2|\n",
  "uploadtime": 1776552399,
  "views": 10,
  "formatid": "gen9championsvgc2026regma",
  "rating": 1095,
  "private": 0,
  "password": null
}