{
  "id": "gen9championsvgc2026regma-2588492036",
  "format": "[Gen 9 Champions] VGC 2026 Reg M-A",
  "players": [
    "jonathan53332",
    "iamjalenhh"
  ],
  "log": "|j|\u2606jonathan53332\n|j|\u2606iamjalenhh\n|html|<table width=\"100%\"><tr><td align=\"left\">jonathan53332</td><td align=\"right\">iamjalenhh</tr><tr><td align=\"left\"><i class=\"fa fa-circle-o\"></i> <i class=\"fa fa-circle-o\"></i> </td><td align=\"right\"><i class=\"fa fa-circle-o\"></i> <i class=\"fa fa-circle-o\"></i> </tr></table>\n|uhtml|bestof|<h2><strong>Game 1</strong> of <a href=\"/game-bestof3-gen9championsvgc2026regma-2588492035\">a best-of-3</a></h2>\n|t:|1776638399\n|gametype|doubles\n|player|p1|jonathan53332|102|\n|player|p2|iamjalenhh|1|\n|gen|9\n|tier|[Gen 9 Champions] VGC 2026 Reg M-A\n|rule|Species Clause: Limit one of each Pok\u00e9mon\n|rule|Item Clause: Limit 1 of each item\n|raw|<div class=\"infobox\"><details class=\"readmore\" open><summary><strong>1 custom rule:</strong></summary> Best of = 3</details></div>\n|clearpoke\n|poke|p1|Meganium, L50, F, shiny|\n|poke|p1|Pelipper, L50, F|\n|poke|p1|Primarina, L50, F|\n|poke|p1|Sinistcha-Masterpiece, L50, shiny|\n|poke|p1|Archaludon, L50, M, shiny|\n|poke|p1|Empoleon, L50, F|\n|poke|p2|Incineroar, L50, F, shiny|\n|poke|p2|Scovillain, L50, M, shiny|\n|poke|p2|Meganium, L50, F, shiny|\n|poke|p2|Torkoal, L50, M, shiny|\n|poke|p2|Armarouge, L50, M, shiny|\n|poke|p2|Maushold-Four, L50, shiny|\n|teampreview|4\n|l|\u2606jonathan53332\n|player|p1|\n|j|\u2606jonathan53332\n|player|p1|jonathan53332|102|\n|\n|t:|1776638441\n|teamsize|p1|4\n|teamsize|p2|4\n|start\n|switch|p1a: Pelipper|Pelipper, L50, F|100/100\n|switch|p1b: Primarina|Primarina, L50, F|100/100\n|switch|p2a: Torkoal|Torkoal, L50, M, shiny|100/100\n|switch|p2b: Armarouge|Armarouge, L50, M, shiny|100/100\n|-weather|RainDance|[from] ability: Drizzle|[of] p1a: Pelipper\n|-weather|SunnyDay|[from] ability: Drought|[of] p2a: Torkoal\n|turn|1\n|\n|t:|1776638489\n|move|p2b: Armarouge|Psychic|p1b: Primarina\n|-damage|p1b: Primarina|64/100\n|move|p1a: Pelipper|Tailwind|p1a: Pelipper\n|-sidestart|p1: jonathan53332|move: Tailwind\n|move|p1b: Primarina|Hyper Voice|p2a: Torkoal|[spread] p2a,p2b\n|-supereffective|p2a: Torkoal|1\n|-supereffective|p2b: Armarouge|1\n|-damage|p2a: Torkoal|39/100\n|-damage|p2b: Armarouge|50/100\n|move|p2a: Torkoal|Scorching Sands|p1b: Primarina\n|-damage|p1b: Primarina|48/100\n|-status|p1b: Primarina|brn\n|\n|-weather|SunnyDay|[upkeep]\n|-heal|p1b: Primarina|53/100 brn|[from] item: Leftovers\n|-damage|p1b: Primarina|48/100 brn|[from] brn\n|upkeep\n|turn|2\n|\n|t:|1776638513\n|move|p1a: Pelipper|Icy Wind|p2a: Torkoal|[spread] p2a,p2b\n|-resisted|p2a: Torkoal|1\n|-resisted|p2b: Armarouge|1\n|-damage|p2a: Torkoal|28/100\n|-damage|p2b: Armarouge|42/100\n|-unboost|p2a: Torkoal|spe|1\n|-unboost|p2b: Armarouge|spe|1\n|move|p1b: Primarina|Hyper Voice|p2b: Armarouge|[spread] p2a,p2b\n|-supereffective|p2a: Torkoal|1\n|-supereffective|p2b: Armarouge|1\n|-damage|p2a: Torkoal|0 fnt\n|-damage|p2b: Armarouge|0 fnt\n|faint|p2a: Torkoal\n|faint|p2b: Armarouge\n|\n|-weather|SunnyDay|[upkeep]\n|-heal|p1b: Primarina|53/100 brn|[from] item: Leftovers\n|-damage|p1b: Primarina|48/100 brn|[from] brn\n|upkeep\n|\n|t:|1776638527\n|switch|p2b: Maushold|Maushold-Four, L50, shiny|100/100\n|switch|p2a: Incineroar|Incineroar, L50, F, shiny|100/100\n|-ability|p2a: Incineroar|Intimidate|boost\n|-unboost|p1a: Pelipper|atk|1\n|-unboost|p1b: Primarina|atk|1\n|turn|3\n|\n|t:|1776638549\n|switch|p1a: Sinistcha|Sinistcha-Masterpiece, L50, shiny|100/100\n|-heal|p1b: Primarina|72/100 brn|[from] ability: Hospitality|[of] p1a: Sinistcha\n|move|p2a: Incineroar|Fake Out|p1a: Sinistcha\n|-immune|p1a: Sinistcha\n|move|p2b: Maushold|Bullet Seed|p1b: Primarina\n|-supereffective|p1b: Primarina|1\n|-damage|p1b: Primarina|44/100 brn\n|-supereffective|p1b: Primarina|1\n|-damage|p1b: Primarina|16/100 brn\n|-supereffective|p1b: Primarina|1\n|-damage|p1b: Primarina|0 fnt\n|faint|p1b: Primarina\n|-hitcount|p1: Primarina|3\n|\n|-weather|SunnyDay|[upkeep]\n|upkeep\n|\n|t:|1776638553\n|switch|p1b: Pelipper|Pelipper, L50, F|100/100\n|-weather|RainDance|[from] ability: Drizzle|[of] p1b: Pelipper\n|turn|4\n|\n|t:|1776638571\n|move|p2b: Maushold|Protect|p2b: Maushold\n|-singleturn|p2b: Maushold|Protect\n|move|p1b: Pelipper|Hurricane|p2a: Incineroar\n|-damage|p2a: Incineroar|49/100\n|-start|p2a: Incineroar|confusion\n|-enditem|p2a: Incineroar|Sitrus Berry|[eat]\n|-heal|p2a: Incineroar|74/100|[from] item: Sitrus Berry\n|move|p1a: Sinistcha|Scald|p2a: Incineroar\n|-supereffective|p2a: Incineroar|1\n|-damage|p2a: Incineroar|0 fnt\n|faint|p2a: Incineroar\n|\n|-weather|RainDance|[upkeep]\n|-sideend|p1: jonathan53332|move: Tailwind\n|upkeep\n|turn|5\n|\n|t:|1776638589\n|move|p2b: Maushold|Population Bomb|p1b: Pelipper\n|-damage|p1b: Pelipper|85/100\n|-damage|p1b: Pelipper|67/100\n|-damage|p1b: Pelipper|49/100\n|-damage|p1b: Pelipper|32/100\n|-damage|p1b: Pelipper|15/100\n|-crit|p1b: Pelipper\n|-damage|p1b: Pelipper|0 fnt\n|faint|p1b: Pelipper\n|-hitcount|p1: Pelipper|6\n|move|p1a: Sinistcha|Strength Sap|p2b: Maushold\n|-unboost|p2b: Maushold|atk|1\n|\n|-weather|RainDance|[upkeep]\n|upkeep\n|\n|t:|1776638592\n|switch|p1b: Archaludon|Archaludon, L50, M, shiny|100/100\n|turn|6\n|\n|t:|1776638608\n|move|p2b: Maushold|Play Rough|p1a: Sinistcha\n|-damage|p1a: Sinistcha|84/100\n|move|p1b: Archaludon|Electro Shot||[still]\n|-prepare|p1b: Archaludon|Electro Shot\n|-boost|p1b: Archaludon|spa|1\n|-anim|p1b: Archaludon|Electro Shot|p2b: Maushold\n|-damage|p2b: Maushold|5/100\n|move|p1a: Sinistcha|Strength Sap|p2b: Maushold\n|-unboost|p2b: Maushold|atk|1\n|-heal|p1a: Sinistcha|100/100\n|\n|-weather|RainDance|[upkeep]\n|upkeep\n|turn|7\n|l|\u2606jonathan53332\n|player|p1|\n|j|\u2606jonathan53332\n|player|p1|jonathan53332|102|\n|\n|t:|1776638663\n|move|p2b: Maushold|Bullet Seed|p1a: Sinistcha\n|-resisted|p1a: Sinistcha|1\n|-damage|p1a: Sinistcha|98/100\n|-resisted|p1a: Sinistcha|1\n|-damage|p1a: Sinistcha|96/100\n|-resisted|p1a: Sinistcha|1\n|-damage|p1a: Sinistcha|94/100\n|-resisted|p1a: Sinistcha|1\n|-damage|p1a: Sinistcha|92/100\n|-hitcount|p1a: Sinistcha|4\n|move|p1b: Archaludon|Draco Meteor|p2b: Maushold\n|-damage|p2b: Maushold|0 fnt\n|-unboost|p1b: Archaludon|spa|2\n|faint|p2b: Maushold\n|\n|win|jonathan53332\n",
  "uploadtime": 1776638665,
  "views": 6,
  "formatid": "gen9championsvgc2026regma",
  "rating": null,
  "private": 0,
  "password": null
}