{
  "id": "gen9championsvgc2026regma-2584926804",
  "format": "[Gen 9 Champions] VGC 2026 Reg M-A",
  "players": [
    "thc_byakugan",
    "Orasusum"
  ],
  "log": "|j|\u2606thc_byakugan\n|j|\u2606Orasusum\n|t:|1776295225\n|gametype|doubles\n|player|p1|thc_byakugan|dancer|1061\n|player|p2|Orasusum|ghetsis-gen5bw|1000\n|gen|9\n|tier|[Gen 9 Champions] VGC 2026 Reg M-A\n|rated|\n|rule|Species Clause: Limit one of each Pok\u00e9mon\n|rule|Item Clause: Limit 1 of each item\n|clearpoke\n|poke|p1|Wyrdeer, L50, M|\n|poke|p1|Typhlosion-Hisui, L50, M|\n|poke|p1|Kommo-o, L50, F|\n|poke|p1|Kingambit, L50, M|\n|poke|p1|Blastoise, L50, M|\n|poke|p1|Clefable, L50, F|\n|poke|p2|Charizard, L50, M|\n|poke|p2|Aerodactyl, L50, F|\n|poke|p2|Kingambit, L50, F|\n|poke|p2|Garchomp, L50, M|\n|poke|p2|Mamoswine, L50, F|\n|poke|p2|Rotom-Wash, L50|\n|teampreview|4\n|inactive|Battle timer is ON: inactive players will automatically lose when time's up. (requested by Orasusum)\n|inactive|thc_byakugan has 60 seconds left.\n|inactive|Orasusum has 60 seconds left.\n|\n|t:|1776295276\n|teamsize|p1|4\n|teamsize|p2|4\n|start\n|switch|p1a: Blastoise|Blastoise, L50, M|100/100\n|switch|p1b: Clefable|Clefable, L50, F|100/100\n|switch|p2a: Charizard|Charizard, L50, M, shiny|100/100\n|switch|p2b: Aerodactyl|Aerodactyl, L50, F, shiny|100/100\n|-ability|p2b: Aerodactyl|Pressure\n|turn|1\n|\n|t:|1776295294\n|detailschange|p2a: Charizard|Charizard-Mega-Y, L50, M, shiny\n|-mega|p2a: Charizard|Charizard|Charizardite Y\n|-weather|SunnyDay|[from] ability: Drought|[of] p2a: Charizard\n|detailschange|p1a: Blastoise|Blastoise-Mega, L50, M\n|-mega|p1a: Blastoise|Blastoise|Blastoisinite\n|move|p1b: Clefable|Follow Me|p1b: Clefable\n|-singleturn|p1b: Clefable|move: Follow Me\n|move|p2b: Aerodactyl|Tailwind|p2b: Aerodactyl\n|-sidestart|p2: Orasusum|move: Tailwind\n|move|p2a: Charizard|Solar Beam||[still]\n|-prepare|p2a: Charizard|Solar Beam\n|-anim|p2a: Charizard|Solar Beam|p1b: Clefable\n|-damage|p1b: Clefable|54/100\n|move|p1a: Blastoise|Water Pulse|p2a: Charizard\n|-supereffective|p2a: Charizard|1\n|-damage|p2a: Charizard|65/100\n|\n|-weather|SunnyDay|[upkeep]\n|-heal|p1b: Clefable|60/100|[from] item: Leftovers\n|upkeep\n|turn|2\n|inactive|thc_byakugan has 30 seconds left.\n|inactive|thc_byakugan has 20 seconds left.\n|\n|t:|1776295333\n|switch|p1b: Kommo-o|Kommo-o, L50, F|100/100\n|move|p1a: Blastoise|Protect|p1a: Blastoise\n|-singleturn|p1a: Blastoise|Protect\n|move|p2b: Aerodactyl|Dual Wingbeat|p1b: Kommo-o\n|-supereffective|p1b: Kommo-o|1\n|-damage|p1b: Kommo-o|71/100\n|-supereffective|p1b: Kommo-o|1\n|-damage|p1b: Kommo-o|40/100\n|-hitcount|p1b: Kommo-o|2\n|move|p2a: Charizard|Solar Beam||[still]\n|-prepare|p2a: Charizard|Solar Beam\n|-anim|p2a: Charizard|Solar Beam|p1a: Blastoise\n|-activate|p1a: Blastoise|move: Protect\n|\n|-weather|SunnyDay|[upkeep]\n|upkeep\n|turn|3\n|inactive|thc_byakugan has 30 seconds left.\n|\n|t:|1776295360\n|switch|p1a: Typhlosion|Typhlosion-Hisui, L50, M|100/100\n|move|p1b: Kommo-o|Protect|p1b: Kommo-o\n|-singleturn|p1b: Kommo-o|Protect\n|move|p2b: Aerodactyl|Dual Wingbeat|p1b: Kommo-o\n|-activate|p1b: Kommo-o|move: Protect\n|move|p2a: Charizard|Solar Beam||[still]\n|-prepare|p2a: Charizard|Solar Beam\n|-anim|p2a: Charizard|Solar Beam|p1a: Typhlosion\n|-resisted|p1a: Typhlosion|1\n|-damage|p1a: Typhlosion|72/100\n|\n|-weather|SunnyDay|[upkeep]\n|upkeep\n|turn|4\n|inactive|thc_byakugan has 30 seconds left.\n|\n|t:|1776295389\n|switch|p1b: Blastoise|Blastoise-Mega, L50, M|100/100\n|move|p2a: Charizard|Protect|p2a: Charizard\n|-singleturn|p2a: Charizard|Protect\n|move|p2b: Aerodactyl|Rock Slide|p1a: Typhlosion|[spread] p1a,p1b\n|-supereffective|p1a: Typhlosion|1\n|-damage|p1a: Typhlosion|10/100\n|-damage|p1b: Blastoise|83/100\n|cant|p1a: Typhlosion|flinch\n|\n|-weather|SunnyDay|[upkeep]\n|-sideend|p2: Orasusum|move: Tailwind\n|upkeep\n|turn|5\n|inactive|thc_byakugan has 30 seconds left.\n|inactive|thc_byakugan has 20 seconds left.\n|inactive|thc_byakugan has 15 seconds left.\n|inactive|thc_byakugan has 10 seconds left.\n|\n|t:|1776295436\n|switch|p2a: Mamoswine|Mamoswine, L50, F, shiny|100/100\n|move|p1b: Blastoise|Protect|p1b: Blastoise\n|-singleturn|p1b: Blastoise|Protect\n|move|p1a: Typhlosion|Infernal Parade|p2b: Aerodactyl\n|-crit|p2b: Aerodactyl\n|-damage|p2b: Aerodactyl|32/100\n|-status|p2b: Aerodactyl|brn\n|move|p2b: Aerodactyl|Tailwind|p2b: Aerodactyl\n|-sidestart|p2: Orasusum|move: Tailwind\n|\n|-weather|none\n|-damage|p2b: Aerodactyl|26/100 brn|[from] brn\n|upkeep\n|turn|6\n|\n|t:|1776295458\n|switch|p2a: Charizard|Charizard-Mega-Y, L50, M, shiny|65/100\n|-weather|SunnyDay|[from] ability: Drought|[of] p2a: Charizard\n|move|p2b: Aerodactyl|Dual Wingbeat|p1a: Typhlosion\n|-damage|p1a: Typhlosion|0 fnt\n|faint|p1a: Typhlosion\n|-hitcount|p1: Typhlosion|1\n|move|p1b: Blastoise|Aura Sphere|p2a: Charizard\n|-resisted|p2a: Charizard|1\n|-damage|p2a: Charizard|48/100\n|\n|-weather|SunnyDay|[upkeep]\n|-damage|p2b: Aerodactyl|20/100 brn|[from] brn\n|upkeep\n|\n|t:|1776295476\n|switch|p1a: Clefable|Clefable, L50, F|60/100\n|turn|7\n|\n|t:|1776295491\n|switch|p2b: Kingambit|Kingambit, L50, F|100/100\n|move|p1a: Clefable|Follow Me|p1a: Clefable\n|-singleturn|p1a: Clefable|move: Follow Me\n|move|p2a: Charizard|Heat Wave|p1b: Blastoise|[spread] p1a,p1b\n|-resisted|p1b: Blastoise|1\n|-damage|p1a: Clefable|0 fnt\n|-damage|p1b: Blastoise|60/100\n|faint|p1a: Clefable\n|move|p1b: Blastoise|Dark Pulse|p2a: Charizard\n|-damage|p2a: Charizard|17/100\n|\n|-weather|SunnyDay|[upkeep]\n|upkeep\n|\n|t:|1776295508\n|switch|p1a: Kommo-o|Kommo-o, L50, F|40/100\n|turn|8\n|\n|t:|1776295521\n|move|p2b: Kingambit|Protect|p2b: Kingambit\n|-singleturn|p2b: Kingambit|Protect\n|move|p1b: Blastoise|Protect|p1b: Blastoise\n|-singleturn|p1b: Blastoise|Protect\n|move|p2a: Charizard|Solar Beam||[still]\n|-prepare|p2a: Charizard|Solar Beam\n|-anim|p2a: Charizard|Solar Beam|p1b: Blastoise\n|-activate|p1b: Blastoise|move: Protect\n|move|p1a: Kommo-o|Clanging Scales|p2a: Charizard|[spread] p2a\n|-activate|p2b: Kingambit|move: Protect\n|-damage|p2a: Charizard|0 fnt\n|faint|p2a: Charizard\n|-unboost|p1a: Kommo-o|def|1\n|\n|-weather|SunnyDay|[upkeep]\n|-sideend|p2: Orasusum|move: Tailwind\n|upkeep\n|\n|t:|1776295529\n|switch|p2a: Aerodactyl|Aerodactyl, L50, F, shiny|20/100 brn\n|-ability|p2a: Aerodactyl|Pressure\n|turn|9\n|\n|t:|1776295546\n|move|p1a: Kommo-o|Protect|p1a: Kommo-o\n|-singleturn|p1a: Kommo-o|Protect\n|move|p2a: Aerodactyl|Tailwind|p2a: Aerodactyl\n|-sidestart|p2: Orasusum|move: Tailwind\n|move|p2b: Kingambit|Kowtow Cleave|p1b: Blastoise\n|-damage|p1b: Blastoise|26/100\n|move|p1b: Blastoise|Aura Sphere|p2b: Kingambit\n|-supereffective|p2b: Kingambit|2\n|-enditem|p2b: Kingambit|Chople Berry|[eat]\n|-enditem|p2b: Kingambit|Chople Berry|[weaken]\n|-damage|p2b: Kingambit|14/100\n|\n|-weather|SunnyDay|[upkeep]\n|-damage|p2a: Aerodactyl|15/100 brn|[from] brn\n|upkeep\n|turn|10\n|-activate|p1a: Kommo-o|item: Quick Claw\n|\n|t:|1776295564\n|move|p1b: Blastoise|Protect|p1b: Blastoise\n|-singleturn|p1b: Blastoise|Protect\n|move|p1a: Kommo-o|Clanging Scales|p2b: Kingambit|[spread] p2a,p2b\n|-resisted|p2b: Kingambit|1\n|-damage|p2a: Aerodactyl|0 fnt\n|-damage|p2b: Kingambit|0 fnt\n|faint|p2a: Aerodactyl\n|faint|p2b: Kingambit\n|-unboost|p1a: Kommo-o|def|1\n|\n|-weather|none\n|upkeep\n|\n|t:|1776295570\n|switch|p2b: Mamoswine|Mamoswine, L50, F, shiny|100/100\n|turn|11\n|\n|t:|1776295585\n|move|p2b: Mamoswine|Icicle Crash|p1a: Kommo-o|[miss]\n|-miss|p2b: Mamoswine|p1a: Kommo-o\n|move|p1b: Blastoise|Aura Sphere|p2b: Mamoswine\n|-supereffective|p2b: Mamoswine|1\n|-damage|p2b: Mamoswine|0 fnt\n|faint|p2b: Mamoswine\n|\n|win|thc_byakugan\n|raw|thc_byakugan's rating: 1061 &rarr; <strong>1086</strong><br />(+25 for winning)\n|raw|Orasusum's rating: 1000 &rarr; <strong>1000</strong><br />(+0 for losing)\n|l|\u2606Orasusum\n|player|p2|\n",
  "uploadtime": 1776295595,
  "views": 28,
  "formatid": "gen9championsvgc2026regma",
  "rating": 1000,
  "private": 0,
  "password": null
}