{
  "id": "gen9championsvgc2026regma-2584888202",
  "format": "[Gen 9 Champions] VGC 2026 Reg M-A",
  "players": [
    "mong700",
    "Lioxim"
  ],
  "log": "|j|\u2606mong700\n|j|\u2606Lioxim\n|t:|1776291742\n|gametype|doubles\n|player|p1|mong700|cyrus|1202\n|player|p2|Lioxim|266|1225\n|gen|9\n|tier|[Gen 9 Champions] VGC 2026 Reg M-A\n|rated|\n|rule|Species Clause: Limit one of each Pok\u00e9mon\n|rule|Item Clause: Limit 1 of each item\n|clearpoke\n|poke|p1|Incineroar, L50, M|\n|poke|p1|Pelipper, L50, M|\n|poke|p1|Starmie, L50|\n|poke|p1|Talonflame, L50, F|\n|poke|p1|Sylveon, L50, M|\n|poke|p1|Garchomp, L50, F|\n|poke|p2|Tyranitar, L50, M|\n|poke|p2|Rotom-Wash, L50|\n|poke|p2|Garchomp, L50, F|\n|poke|p2|Corviknight, L50, F|\n|poke|p2|Sinistcha, L50|\n|poke|p2|Sneasler, L50, F|\n|teampreview|4\n|inactive|Battle timer is ON: inactive players will automatically lose when time's up. (requested by mong700)\n|inactive|Lioxim has 60 seconds left.\n|inactive|Lioxim has 30 seconds left.\n|\n|t:|1776291835\n|teamsize|p1|4\n|teamsize|p2|4\n|start\n|switch|p1a: Pelipper|Pelipper, L50, M|100/100\n|switch|p1b: Starmie|Starmie, L50|100/100\n|switch|p2a: Tyranitar|Tyranitar, L50, M|100/100\n|switch|p2b: Corviknight|Corviknight, L50, F|100/100\n|-weather|Sandstorm|[from] ability: Sand Stream|[of] p2a: Tyranitar\n|-weather|RainDance|[from] ability: Drizzle|[of] p1a: Pelipper\n|turn|1\n|c|\u2606mong700|O quanto ci vuole\n|inactive|Lioxim has 30 seconds left.\n|\n|t:|1776291866\n|detailschange|p1b: Starmie|Starmie-Mega, L50\n|-mega|p1b: Starmie|Starmie|Starminite\n|detailschange|p2a: Tyranitar|Tyranitar-Mega, L50, M\n|-mega|p2a: Tyranitar|Tyranitar|Tyranitarite\n|-weather|Sandstorm|[from] ability: Sand Stream|[of] p2a: Tyranitar\n|move|p2a: Tyranitar|Protect|p2a: Tyranitar\n|-singleturn|p2a: Tyranitar|Protect\n|move|p1b: Starmie|Liquidation|p2a: Tyranitar\n|-activate|p2a: Tyranitar|move: Protect\n|move|p1a: Pelipper|Hydro Pump|p2b: Corviknight\n|-damage|p2b: Corviknight|50/100\n|move|p2b: Corviknight|Tailwind|p2b: Corviknight\n|-sidestart|p2: Lioxim|move: Tailwind\n|\n|-weather|Sandstorm|[upkeep]\n|-damage|p1b: Starmie|95/100|[from] Sandstorm\n|-damage|p1a: Pelipper|95/100|[from] Sandstorm\n|upkeep\n|turn|2\n|inactive|Lioxim has 30 seconds left.\n|\n|t:|1776291893\n|move|p2a: Tyranitar|Knock Off|p1b: Starmie\n|-supereffective|p1b: Starmie|1\n|-damage|p1b: Starmie|0 fnt\n|faint|p1b: Starmie\n|move|p2b: Corviknight|Roost|p2b: Corviknight\n|-heal|p2b: Corviknight|99/100\n|-singleturn|p2b: Corviknight|move: Roost\n|move|p1a: Pelipper|Hydro Pump|p2b: Corviknight|[miss]\n|-miss|p1a: Pelipper|p2b: Corviknight\n|\n|-weather|Sandstorm|[upkeep]\n|-damage|p1a: Pelipper|89/100|[from] Sandstorm\n|upkeep\n|\n|t:|1776291909\n|switch|p1b: Garchomp|Garchomp, L50, F|100/100\n|turn|3\n|inactive|mong700 has 30 seconds left.\n|\n|t:|1776291937\n|switch|p2a: Rotom|Rotom-Wash, L50|100/100\n|move|p2b: Corviknight|Brave Bird|p1b: Garchomp\n|-damage|p1b: Garchomp|50/100\n|-damage|p2b: Corviknight|88/100|[from] ability: Rough Skin|[of] p1b: Garchomp\n|-damage|p2b: Corviknight|72/100|[from] Recoil\n|move|p1b: Garchomp|Earthquake|p2a: Rotom|[spread] \n|-immune|p1a: Pelipper\n|-immune|p2a: Rotom|[from] ability: Levitate\n|-immune|p2b: Corviknight\n|move|p1a: Pelipper|Tailwind|p1a: Pelipper\n|-sidestart|p1: mong700|move: Tailwind\n|\n|-weather|Sandstorm|[upkeep]\n|-damage|p2a: Rotom|95/100|[from] Sandstorm\n|-damage|p1a: Pelipper|84/100|[from] Sandstorm\n|-heal|p2a: Rotom|100/100|[from] item: Leftovers\n|upkeep\n|turn|4\n|inactive|mong700 has 30 seconds left.\n|\n|t:|1776291965\n|switch|p1a: Sylveon|Sylveon, L50, M|100/100\n|move|p1b: Garchomp|Dragon Claw|p2a: Rotom\n|-damage|p2a: Rotom|53/100\n|move|p2a: Rotom|Will-O-Wisp|p1b: Garchomp\n|-status|p1b: Garchomp|brn\n|move|p2b: Corviknight|Brave Bird|p1a: Sylveon\n|-damage|p1a: Sylveon|27/100\n|-damage|p2b: Corviknight|51/100|[from] Recoil\n|\n|-weather|Sandstorm|[upkeep]\n|-damage|p1a: Sylveon|21/100|[from] Sandstorm\n|-damage|p2a: Rotom|47/100|[from] Sandstorm\n|-heal|p2a: Rotom|53/100|[from] item: Leftovers\n|-damage|p1b: Garchomp|44/100 brn|[from] brn\n|-sideend|p2: Lioxim|move: Tailwind\n|upkeep\n|turn|5\n|\n|t:|1776291987\n|switch|p2a: Sinistcha|Sinistcha, L50|100/100\n|-heal|p2b: Corviknight|76/100|[from] ability: Hospitality|[of] p2a: Sinistcha\n|move|p1b: Garchomp|Dragon Claw|p2b: Corviknight\n|-resisted|p2b: Corviknight|1\n|-damage|p2b: Corviknight|68/100\n|move|p1a: Sylveon|Hyper Voice|p2a: Sinistcha|[spread] p2a,p2b\n|-resisted|p2b: Corviknight|1\n|-damage|p2a: Sinistcha|65/100\n|-damage|p2b: Corviknight|47/100\n|move|p2b: Corviknight|Iron Head|p1a: Sylveon\n|-supereffective|p1a: Sylveon|1\n|-damage|p1a: Sylveon|0 fnt\n|faint|p1a: Sylveon\n|\n|-weather|none\n|-damage|p1b: Garchomp|38/100 brn|[from] brn\n|upkeep\n|\n|t:|1776292005\n|switch|p1a: Pelipper|Pelipper, L50, M|84/100\n|-weather|RainDance|[from] ability: Drizzle|[of] p1a: Pelipper\n|turn|6\n|\n|t:|1776292027\n|switch|p2a: Tyranitar|Tyranitar-Mega, L50, M|100/100\n|-weather|Sandstorm|[from] ability: Sand Stream|[of] p2a: Tyranitar\n|move|p1b: Garchomp|Dragon Claw|p2a: Tyranitar\n|-damage|p2a: Tyranitar|86/100\n|move|p1a: Pelipper|Hydro Pump|p2b: Corviknight\n|-damage|p2b: Corviknight|0 fnt\n|faint|p2b: Corviknight\n|\n|-weather|Sandstorm|[upkeep]\n|-damage|p1a: Pelipper|78/100|[from] Sandstorm\n|-damage|p1b: Garchomp|32/100 brn|[from] brn\n|-sideend|p1: mong700|move: Tailwind\n|upkeep\n|\n|t:|1776292040\n|switch|p2b: Sinistcha|Sinistcha, L50|65/100\n|-heal|p2a: Tyranitar|100/100|[from] ability: Hospitality|[of] p2b: Sinistcha\n|turn|7\n|\n|t:|1776292051\n|move|p1b: Garchomp|Protect|p1b: Garchomp\n|-singleturn|p1b: Garchomp|Protect\n|move|p2a: Tyranitar|Dragon Dance|p2a: Tyranitar\n|-boost|p2a: Tyranitar|atk|1\n|-boost|p2a: Tyranitar|spe|1\n|move|p1a: Pelipper|Hurricane|p2b: Sinistcha\n|-supereffective|p2b: Sinistcha|1\n|-damage|p2b: Sinistcha|0 fnt\n|faint|p2b: Sinistcha\n|\n|-weather|Sandstorm|[upkeep]\n|-damage|p1a: Pelipper|72/100|[from] Sandstorm\n|-damage|p1b: Garchomp|26/100 brn|[from] brn\n|upkeep\n|\n|t:|1776292059\n|switch|p2b: Rotom|Rotom-Wash, L50|53/100\n|turn|8\n|\n|t:|1776292070\n|move|p2a: Tyranitar|Knock Off|p1b: Garchomp\n|-damage|p1b: Garchomp|0 fnt\n|-damage|p2a: Tyranitar|88/100|[from] ability: Rough Skin|[of] p1b: Garchomp\n|-enditem|p1b: Garchomp|White Herb|[from] move: Knock Off|[of] p2a: Tyranitar\n|faint|p1b: Garchomp\n|move|p2b: Rotom|Volt Switch|p1a: Pelipper\n|-supereffective|p1a: Pelipper|2\n|-damage|p1a: Pelipper|0 fnt\n|faint|p1a: Pelipper\n|\n|win|Lioxim\n|raw|mong700's rating: 1202 &rarr; <strong>1179</strong><br />(-23 for losing)\n|raw|Lioxim's rating: 1225 &rarr; <strong>1248</strong><br />(+23 for winning)\n",
  "uploadtime": 1776292165,
  "views": 21,
  "formatid": "gen9championsvgc2026regma",
  "rating": 1179,
  "private": 0,
  "password": null
}