{
  "id": "gen9championsvgc2026regma-2586887711",
  "format": "[Gen 9 Champions] VGC 2026 Reg M-A",
  "players": [
    "SakikoPlushie",
    "Yofavewhiteboy"
  ],
  "log": "|j|\u2606SakikoPlushie\n|j|\u2606Yofavewhiteboy\n|t:|1776468718\n|gametype|doubles\n|player|p1|SakikoPlushie|miku-ghost|1000\n|player|p2|Yofavewhiteboy|265|1064\n|gen|9\n|tier|[Gen 9 Champions] VGC 2026 Reg M-A\n|rated|\n|rule|Species Clause: Limit one of each Pok\u00e9mon\n|rule|Item Clause: Limit 1 of each item\n|clearpoke\n|poke|p1|Basculegion, L50, M|\n|poke|p1|Dragonite, L50, F|\n|poke|p1|Garchomp, L50, F|\n|poke|p1|Whimsicott, L50, F|\n|poke|p1|Pelipper, L50, F|\n|poke|p1|Incineroar, L50, F|\n|poke|p2|Greninja-*, L50, M|\n|poke|p2|Incineroar, L50, F|\n|poke|p2|Pelipper, L50, M|\n|poke|p2|Basculegion, L50, M|\n|poke|p2|Archaludon, L50, M|\n|poke|p2|Simisage, L50, M|\n|teampreview|4\n|inactive|Battle timer is ON: inactive players will automatically lose when time's up. (requested by SakikoPlushie)\n|\n|t:|1776468772\n|teamsize|p1|4\n|teamsize|p2|4\n|start\n|switch|p1a: Dragonite|Dragonite, L50, F|100/100\n|switch|p1b: Tailwind merchant|Whimsicott, L50, F|100/100\n|switch|p2a: Incineroar|Incineroar, L50, F|100/100\n|switch|p2b: Greninja|Greninja, L50, M|100/100\n|-ability|p2a: Incineroar|Intimidate|boost\n|-unboost|p1a: Dragonite|atk|1\n|-unboost|p1b: Tailwind merchant|atk|1\n|turn|1\n|\n|t:|1776468795\n|move|p1b: Tailwind merchant|Protect|p1b: Tailwind merchant\n|-singleturn|p1b: Tailwind merchant|Protect\n|move|p1a: Dragonite|Protect|p1a: Dragonite\n|-singleturn|p1a: Dragonite|Protect\n|move|p2b: Greninja|Upper Hand||[still]\n|-fail|p2b: Greninja\n|move|p2a: Incineroar|Fake Out|p1a: Dragonite\n|-activate|p1a: Dragonite|move: Protect\n|\n|upkeep\n|turn|2\n|\n|t:|1776468816\n|detailschange|p1a: Dragonite|Dragonite-Mega, L50, F\n|-mega|p1a: Dragonite|Dragonite|Dragoninite\n|move|p1b: Tailwind merchant|Tailwind|p1b: Tailwind merchant\n|-sidestart|p1: SakikoPlushie|move: Tailwind\n|move|p1a: Dragonite|Hurricane|p2b: Greninja|[miss]\n|-miss|p1a: Dragonite|p2b: Greninja\n|move|p2b: Greninja|U-turn|p1b: Tailwind merchant\n|-start|p2b: Greninja|typechange|Bug|[from] ability: Protean\n|-damage|p1b: Tailwind merchant|77/100\n|\n|t:|1776468829\n|switch|p2b: Simisage|Simisage, L50, M|100/100|[from] U-turn\n|move|p2a: Incineroar|Parting Shot|p1a: Dragonite\n|-unboost|p1a: Dragonite|atk|1\n|-unboost|p1a: Dragonite|spa|1\n|\n|t:|1776468837\n|switch|p2a: Greninja|Greninja, L50, M|100/100|[from] Parting Shot\n|\n|upkeep\n|turn|3\n|\n|t:|1776468855\n|move|p2b: Simisage|Fake Out|p1a: Dragonite\n|-damage|p1a: Dragonite|95/100\n|move|p1b: Tailwind merchant|Fake Tears|p2b: Simisage\n|-unboost|p2b: Simisage|spd|2\n|cant|p1a: Dragonite|flinch\n|move|p2a: Greninja|U-turn|p1b: Tailwind merchant\n|-start|p2a: Greninja|typechange|Bug|[from] ability: Protean\n|-damage|p1b: Tailwind merchant|53/100\n|\n|t:|1776468862\n|switch|p2a: Incineroar|Incineroar, L50, F|100/100|[from] U-turn\n|-ability|p2a: Incineroar|Intimidate|boost\n|-unboost|p1a: Dragonite|atk|1\n|-unboost|p1b: Tailwind merchant|atk|1\n|\n|upkeep\n|turn|4\n|\n|t:|1776468873\n|switch|p1b: Opera O|Garchomp, L50, F|100/100\n|move|p1a: Dragonite|Protect|p1a: Dragonite\n|-singleturn|p1a: Dragonite|Protect\n|move|p2a: Incineroar|Fake Out|p1b: Opera O\n|-damage|p1b: Opera O|90/100\n|-damage|p2a: Incineroar|88/100|[from] ability: Rough Skin|[of] p1b: Opera O\n|move|p2b: Simisage|Bullet Seed|p1a: Dragonite\n|-activate|p1a: Dragonite|move: Protect\n|\n|upkeep\n|turn|5\n|inactive|Yofavewhiteboy has 30 seconds left.\n|\n|t:|1776468902\n|move|p1b: Opera O|Stomping Tantrum|p2a: Incineroar\n|-supereffective|p2a: Incineroar|1\n|-damage|p2a: Incineroar|0 fnt\n|faint|p2a: Incineroar\n|move|p1a: Dragonite|Hurricane|p2b: Simisage\n|-supereffective|p2b: Simisage|1\n|-damage|p2b: Simisage|0 fnt\n|faint|p2b: Simisage\n|\n|-sideend|p1: SakikoPlushie|move: Tailwind\n|upkeep\n|\n|t:|1776468909\n|switch|p2b: Basculegion|Basculegion, L50, M|100/100\n|switch|p2a: Greninja|Greninja, L50, M|100/100\n|turn|6\n|l|\u2606SakikoPlushie\n|inactive|SakikoPlushie disconnected and has a minute to reconnect!\n|player|p1|\n|inactive|SakikoPlushie has 30 seconds left.\n|inactive|SakikoPlushie has 20 seconds left.\n|inactive|SakikoPlushie has 15 seconds left.\n|inactive|SakikoPlushie has 10 seconds left.\n|j|\u2606SakikoPlushie\n|inactive|SakikoPlushie reconnected and has 10 seconds left.\n|player|p1|SakikoPlushie|miku-ghost|\n|inactive|SakikoPlushie has 5 seconds left.\n|\n|t:|1776468962\n|move|p2a: Greninja|Water Shuriken|p1b: Opera O\n|-start|p2a: Greninja|typechange|Water|[from] ability: Protean\n|-damage|p1b: Opera O|82/100\n|-damage|p1b: Opera O|75/100\n|-damage|p1b: Opera O|68/100\n|-hitcount|p1b: Opera O|3\n|move|p1b: Opera O|Stomping Tantrum|p2a: Greninja\n|-damage|p2a: Greninja|20/100\n|move|p2b: Basculegion|Last Respects|p1a: Dragonite\n|-damage|p1a: Dragonite|0 fnt\n|faint|p1a: Dragonite\n|\n|upkeep\n|\n|t:|1776468976\n|switch|p1a: RiceShower|Basculegion, L50, M|100/100\n|turn|7\n|\n|t:|1776468982\n|move|p1a: RiceShower|Protect|p1a: RiceShower\n|-singleturn|p1a: RiceShower|Protect\n|move|p1b: Opera O|Stomping Tantrum|p2b: Basculegion\n|-damage|p2b: Basculegion|46/100\n|move|p2a: Greninja|Dark Pulse|p1a: RiceShower\n|-activate|p1a: RiceShower|move: Protect\n|move|p2b: Basculegion|Last Respects|p1a: RiceShower\n|-activate|p1a: RiceShower|move: Protect\n|\n|upkeep\n|turn|8\n|\n|t:|1776468999\n|switch|p1a: Tailwind merchant|Whimsicott, L50, F|53/100\n|detailschange|p2a: Greninja|Greninja-Mega, L50, M\n|-mega|p2a: Greninja|Greninja|Greninjite\n|move|p1b: Opera O|Stomping Tantrum|p2a: Greninja\n|-damage|p2a: Greninja|0 fnt\n|faint|p2a: Greninja\n|move|p2b: Basculegion|Last Respects|p1a: Tailwind merchant\n|-damage|p1a: Tailwind merchant|0 fnt\n|faint|p1a: Tailwind merchant\n|\n|upkeep\n|\n|t:|1776469008\n|switch|p1a: RiceShower|Basculegion, L50, M|100/100\n|turn|9\n|l|\u2606Yofavewhiteboy\n|inactive|Yofavewhiteboy disconnected and has a minute to reconnect!\n|player|p2|\n|j|\u2606Yofavewhiteboy\n|inactive|Yofavewhiteboy reconnected and has 35 seconds left.\n|player|p2|Yofavewhiteboy|265|\n|inactive|Yofavewhiteboy has 30 seconds left.\n|\n|t:|1776469035\n|move|p1a: RiceShower|Protect|p1a: RiceShower\n|-singleturn|p1a: RiceShower|Protect\n|move|p1b: Opera O|Stomping Tantrum|p2b: Basculegion\n|-damage|p2b: Basculegion|0 fnt\n|faint|p2b: Basculegion\n|\n|win|SakikoPlushie\n|raw|SakikoPlushie's rating: 1000 &rarr; <strong>1047</strong><br />(+47 for winning)\n|raw|Yofavewhiteboy's rating: 1064 &rarr; <strong>1041</strong><br />(-23 for losing)\n|l|\u2606Yofavewhiteboy\n|player|p2|\n",
  "uploadtime": 1776468724,
  "views": 21,
  "formatid": "gen9championsvgc2026regma",
  "rating": 1041,
  "private": 0,
  "password": null
}