{
  "id": "gen9championsvgc2026regma-2584484002",
  "format": "[Gen 9 Champions] VGC 2026 Reg M-A",
  "players": [
    "TEST PRE CHAMPS",
    "Qloser"
  ],
  "log": "|j|\u2606TEST PRE CHAMPS\n|j|\u2606Qloser\n|t:|1776263915\n|gametype|doubles\n|player|p1|TEST PRE CHAMPS|170|1262\n|player|p2|Qloser|norman|1306\n|gen|9\n|tier|[Gen 9 Champions] VGC 2026 Reg M-A\n|rated|\n|rule|Species Clause: Limit one of each Pok\u00e9mon\n|rule|Item Clause: Limit 1 of each item\n|clearpoke\n|poke|p1|Manectric, L50, M|\n|poke|p1|Pelipper, L50, F|\n|poke|p1|Mamoswine, L50, F|\n|poke|p1|Basculegion, L50, M|\n|poke|p1|Gardevoir, L50, M|\n|poke|p1|Sneasler, L50, M|\n|poke|p2|Charizard, L50, F|\n|poke|p2|Kingambit, L50, F|\n|poke|p2|Rotom-Wash, L50|\n|poke|p2|Tyranitar, L50, M|\n|poke|p2|Sinistcha, L50|\n|poke|p2|Excadrill, L50, F|\n|teampreview|4\n|inactive|Battle timer is ON: inactive players will automatically lose when time's up. (requested by Qloser)\n|inactive|TEST PRE CHAMPS has 60 seconds left.\n|\n|t:|1776263963\n|teamsize|p1|4\n|teamsize|p2|4\n|start\n|switch|p1a: Mamoswine|Mamoswine, L50, F|100/100\n|switch|p1b: Manectric|Manectric, L50, M|100/100\n|switch|p2a: Charizard|Charizard, L50, F|100/100\n|switch|p2b: Tyranitar|Tyranitar, L50, M|100/100\n|-weather|Sandstorm|[from] ability: Sand Stream|[of] p2b: Tyranitar\n|turn|1\n|inactive|Qloser has 30 seconds left.\n|inactive|Qloser has 20 seconds left.\n|inactive|Qloser has 15 seconds left.\n|\n|t:|1776264007\n|detailschange|p1b: Manectric|Manectric-Mega, L50, M\n|-mega|p1b: Manectric|Manectric|Manectite\n|-ability|p1b: Manectric|Intimidate|boost\n|-unboost|p2a: Charizard|atk|1\n|-unboost|p2b: Tyranitar|atk|1\n|move|p1a: Mamoswine|Rock Tomb|p2a: Charizard\n|-supereffective|p2a: Charizard|2\n|-damage|p2a: Charizard|0 fnt\n|faint|p2a: Charizard\n|move|p1b: Manectric|Volt Switch|p2b: Tyranitar\n|-damage|p2b: Tyranitar|76/100\n|\n|t:|1776264020\n|switch|p1b: Sneasler|Sneasler, L50, M|100/100|[from] Volt Switch\n|move|p2b: Tyranitar|Rock Slide|p1a: Mamoswine|[spread] p1a,p1b\n|-resisted|p1b: Sneasler|1\n|-damage|p1a: Mamoswine|79/100\n|-damage|p1b: Sneasler|82/100\n|\n|-weather|Sandstorm|[upkeep]\n|-damage|p1b: Sneasler|76/100|[from] Sandstorm\n|upkeep\n|\n|t:|1776264023\n|switch|p2a: Sinistcha|Sinistcha, L50|100/100\n|-heal|p2b: Tyranitar|100/100|[from] ability: Hospitality|[of] p2a: Sinistcha\n|turn|2\n|\n|t:|1776264035\n|switch|p1a: Manectric|Manectric-Mega, L50, M|100/100\n|-ability|p1a: Manectric|Intimidate|boost\n|-unboost|p2a: Sinistcha|atk|1\n|-unboost|p2b: Tyranitar|atk|1\n|move|p1b: Sneasler|Fake Out|p2b: Tyranitar\n|-resisted|p2b: Tyranitar|1\n|-damage|p2b: Tyranitar|93/100\n|cant|p2b: Tyranitar|flinch\n|move|p2a: Sinistcha|Matcha Gotcha|p1a: Manectric|[spread] p1a,p1b\n|-resisted|p1b: Sneasler|1\n|-damage|p1a: Manectric|67/100\n|-damage|p1b: Sneasler|60/100\n|\n|-weather|Sandstorm|[upkeep]\n|-damage|p1a: Manectric|61/100|[from] Sandstorm\n|-damage|p1b: Sneasler|55/100|[from] Sandstorm\n|-damage|p2a: Sinistcha|94/100|[from] Sandstorm\n|-heal|p2a: Sinistcha|100/100|[from] item: Leftovers\n|upkeep\n|turn|3\n|\n|t:|1776264055\n|switch|p2b: Kingambit|Kingambit, L50, F|100/100\n|move|p2a: Sinistcha|Rage Powder|p2a: Sinistcha\n|-singleturn|p2a: Sinistcha|move: Rage Powder\n|move|p1a: Manectric|Overheat|p2a: Sinistcha\n|-supereffective|p2a: Sinistcha|1\n|-damage|p2a: Sinistcha|6/100\n|-unboost|p1a: Manectric|spa|2\n|move|p1b: Sneasler|Dire Claw|p2a: Sinistcha\n|-damage|p2a: Sinistcha|0 fnt\n|faint|p2a: Sinistcha\n|\n|-weather|Sandstorm|[upkeep]\n|-damage|p1a: Manectric|55/100|[from] Sandstorm\n|-damage|p1b: Sneasler|49/100|[from] Sandstorm\n|upkeep\n|\n|t:|1776264063\n|switch|p2a: Tyranitar|Tyranitar, L50, M|93/100\n|turn|4\n|inactive|Qloser has 30 seconds left.\n|inactive|Qloser has 20 seconds left.\n|\n|t:|1776264098\n|switch|p1b: Pelipper|Pelipper, L50, F|100/100\n|-weather|RainDance|[from] ability: Drizzle|[of] p1b: Pelipper\n|move|p2b: Kingambit|Sucker Punch||[still]\n|-fail|p2b: Kingambit\n|move|p1a: Manectric|Thunder|p2a: Tyranitar\n|-damage|p2a: Tyranitar|64/100\n|move|p2a: Tyranitar|Knock Off|p1a: Manectric\n|-damage|p1a: Manectric|1/100\n|\n|-weather|RainDance|[upkeep]\n|upkeep\n|turn|5\n|\n|t:|1776264118\n|move|p1a: Manectric|Thunder|p2a: Tyranitar\n|-damage|p2a: Tyranitar|36/100\n|move|p2a: Tyranitar|Knock Off|p1b: Pelipper\n|-damage|p1b: Pelipper|52/100\n|-enditem|p1b: Pelipper|Focus Sash|[from] move: Knock Off|[of] p2a: Tyranitar\n|move|p1b: Pelipper|Weather Ball|p2a: Tyranitar\n|-supereffective|p2a: Tyranitar|1\n|-damage|p2a: Tyranitar|0 fnt\n|faint|p2a: Tyranitar\n|move|p2b: Kingambit|Kowtow Cleave|p1a: Manectric\n|-damage|p1a: Manectric|0 fnt\n|faint|p1a: Manectric\n|\n|-weather|RainDance|[upkeep]\n|upkeep\n|\n|t:|1776264129\n|switch|p1a: Sneasler|Sneasler, L50, M|49/100\n|turn|6\n|\n|t:|1776264131\n|move|p2b: Kingambit|Protect|p2b: Kingambit\n|-singleturn|p2b: Kingambit|Protect\n|move|p1a: Sneasler|Fake Out|p2b: Kingambit\n|-activate|p2b: Kingambit|move: Protect\n|move|p1b: Pelipper|Weather Ball|p2b: Kingambit\n|-activate|p2b: Kingambit|move: Protect\n|\n|-weather|RainDance|[upkeep]\n|upkeep\n|turn|7\n|\n|t:|1776264138\n|move|p2b: Kingambit|Sucker Punch|p1a: Sneasler\n|-resisted|p1a: Sneasler|1\n|-damage|p1a: Sneasler|8/100\n|move|p1a: Sneasler|Close Combat|p2b: Kingambit\n|-supereffective|p2b: Kingambit|2\n|-damage|p2b: Kingambit|0 fnt\n|-unboost|p1a: Sneasler|def|1\n|-unboost|p1a: Sneasler|spd|1\n|faint|p2b: Kingambit\n|\n|win|TEST PRE CHAMPS\n|raw|TEST PRE CHAMPS's rating: 1262 &rarr; <strong>1290</strong><br />(+28 for winning)\n|raw|Qloser's rating: 1306 &rarr; <strong>1283</strong><br />(-23 for losing)\n",
  "uploadtime": 1776264139,
  "views": 46,
  "formatid": "gen9championsvgc2026regma",
  "rating": 1283,
  "private": 0,
  "password": null
}