{
  "id": "gen9championsvgc2026regma-2582808059",
  "format": "[Gen 9 Champions] VGC 2026 Reg M-A",
  "players": [
    "saikouissupercool",
    "Bicycle Bandy"
  ],
  "log": "|j|\u2606saikouissupercool\n|j|\u2606Bicycle Bandy\n|t:|1776115658\n|gametype|doubles\n|player|p1|saikouissupercool|linebacker|1079\n|player|p2|Bicycle Bandy|2|1178\n|gen|9\n|tier|[Gen 9 Champions] VGC 2026 Reg M-A\n|rated|\n|rule|Species Clause: Limit one of each Pok\u00e9mon\n|rule|Item Clause: Limit 1 of each item\n|clearpoke\n|poke|p1|Sneasler, L50, M|\n|poke|p1|Garchomp, L50, M|\n|poke|p1|Charizard, L50, F|\n|poke|p1|Incineroar, L50, F|\n|poke|p1|Venusaur, L50, M|\n|poke|p1|Basculegion, L50, M|\n|poke|p2|Arcanine-Hisui, L50, M|\n|poke|p2|Scizor, L50, F|\n|poke|p2|Pelipper, L50, F|\n|poke|p2|Goodra-Hisui, L50, M|\n|poke|p2|Sinistcha, L50|\n|poke|p2|Basculegion, L50, M|\n|teampreview|4\n|\n|t:|1776115725\n|teamsize|p1|4\n|teamsize|p2|4\n|start\n|switch|p1a: Incineroar|Incineroar, L50, F|100/100\n|switch|p1b: Basculegion|Basculegion, L50, M, shiny|100/100\n|switch|p2a: Arcanine|Arcanine-Hisui, L50, M|100/100\n|switch|p2b: Pelipper|Pelipper, L50, F|100/100\n|-weather|RainDance|[from] ability: Drizzle|[of] p2b: Pelipper\n|-ability|p2a: Arcanine|Intimidate|boost\n|-unboost|p1a: Incineroar|atk|1\n|-unboost|p1b: Basculegion|atk|1\n|-ability|p1a: Incineroar|Intimidate|boost\n|-unboost|p2a: Arcanine|atk|1\n|-unboost|p2b: Pelipper|atk|1\n|turn|1\n|\n|t:|1776115758\n|switch|p2a: Goodra|Goodra-Hisui, L50, M|100/100\n|move|p1a: Incineroar|Fake Out|p2b: Pelipper\n|-damage|p2b: Pelipper|90/100\n|move|p1b: Basculegion|Last Respects|p2a: Goodra\n|-damage|p2a: Goodra|79/100\n|cant|p2b: Pelipper|flinch\n|\n|-weather|RainDance|[upkeep]\n|-heal|p2a: Goodra|85/100|[from] item: Leftovers\n|upkeep\n|turn|2\n|\n|t:|1776115792\n|switch|p1b: Venusaur|Venusaur, L50, M, shiny|100/100\n|move|p1a: Incineroar|Protect|p1a: Incineroar\n|-singleturn|p1a: Incineroar|Protect\n|move|p2b: Pelipper|Hurricane|p1a: Incineroar\n|-activate|p1a: Incineroar|move: Protect\n|move|p2a: Goodra|Breaking Swipe|p1a: Incineroar|[spread] p1b\n|-activate|p1a: Incineroar|move: Protect\n|-damage|p1b: Venusaur|74/100\n|-unboost|p1b: Venusaur|atk|1\n|\n|-weather|RainDance|[upkeep]\n|-heal|p2a: Goodra|91/100|[from] item: Leftovers\n|upkeep\n|turn|3\n|\n|t:|1776115846\n|switch|p2b: Arcanine|Arcanine-Hisui, L50, M|100/100\n|-ability|p2b: Arcanine|Intimidate|boost\n|-unboost|p1a: Incineroar|atk|1\n|-unboost|p1b: Venusaur|atk|1\n|move|p1b: Venusaur|Sleep Powder|p2b: Arcanine\n|-status|p2b: Arcanine|slp|[from] move: Sleep Powder\n|move|p1a: Incineroar|Darkest Lariat|p2a: Goodra\n|-damage|p2a: Goodra|76/100\n|move|p2a: Goodra|Breaking Swipe|p1b: Venusaur|[spread] p1a,p1b\n|-damage|p1a: Incineroar|81/100\n|-damage|p1b: Venusaur|45/100\n|-unboost|p1a: Incineroar|atk|1\n|-unboost|p1b: Venusaur|atk|1\n|\n|-weather|RainDance|[upkeep]\n|-heal|p1a: Incineroar|87/100|[from] item: Leftovers\n|-heal|p2a: Goodra|82/100|[from] item: Leftovers\n|upkeep\n|turn|4\n|\n|t:|1776115893\n|switch|p1a: Charizard|Charizard, L50, F|100/100\n|move|p1b: Venusaur|Protect|p1b: Venusaur\n|-singleturn|p1b: Venusaur|Protect\n|cant|p2b: Arcanine|slp\n|move|p2a: Goodra|Breaking Swipe|p1b: Venusaur|[spread] p1a\n|-activate|p1b: Venusaur|move: Protect\n|-damage|p1a: Charizard|69/100\n|-unboost|p1a: Charizard|atk|1\n|\n|-weather|RainDance|[upkeep]\n|-heal|p2a: Goodra|88/100|[from] item: Leftovers\n|upkeep\n|turn|5\n|\n|t:|1776115930\n|switch|p1b: Incineroar|Incineroar, L50, F|87/100\n|-ability|p1b: Incineroar|Intimidate|boost\n|-unboost|p2a: Goodra|atk|1\n|-unboost|p2b: Arcanine|atk|1\n|switch|p2b: Pelipper|Pelipper, L50, F|90/100\n|move|p1a: Charizard|Weather Ball|p2b: Pelipper\n|-resisted|p2b: Pelipper|1\n|-damage|p2b: Pelipper|49/100\n|move|p2a: Goodra|Life Dew|p2a: Goodra|[spread] p2a,p2b\n|-heal|p2a: Goodra|100/100\n|-heal|p2b: Pelipper|73/100\n|\n|-weather|none\n|-heal|p1b: Incineroar|93/100|[from] item: Leftovers\n|upkeep\n|turn|6\n|\n|t:|1776115957\n|switch|p2b: Arcanine|Arcanine-Hisui, L50, M|100/100 slp\n|-ability|p2b: Arcanine|Intimidate|boost\n|-unboost|p1a: Charizard|atk|1\n|-unboost|p1b: Incineroar|atk|1\n|detailschange|p1a: Charizard|Charizard-Mega-Y, L50, F\n|-mega|p1a: Charizard|Charizard|Charizardite Y\n|-weather|SunnyDay|[from] ability: Drought|[of] p1a: Charizard\n|move|p2a: Goodra|Protect|p2a: Goodra\n|-singleturn|p2a: Goodra|Protect\n|move|p1a: Charizard|Heat Wave|p2b: Arcanine|[spread] p2b\n|-activate|p2a: Goodra|move: Protect\n|-resisted|p2b: Arcanine|2\n|-damage|p2b: Arcanine|87/100 slp\n|move|p1b: Incineroar|Darkest Lariat|p2b: Arcanine\n|-damage|p2b: Arcanine|63/100 slp\n|\n|-weather|SunnyDay|[upkeep]\n|-heal|p1b: Incineroar|99/100|[from] item: Leftovers\n|upkeep\n|turn|7\n|\n|t:|1776115992\n|move|p1a: Charizard|Weather Ball|p2a: Goodra\n|-damage|p2a: Goodra|36/100\n|cant|p2b: Arcanine|slp\n|move|p1b: Incineroar|Parting Shot|p2b: Arcanine\n|-unboost|p2b: Arcanine|atk|1\n|-unboost|p2b: Arcanine|spa|1\n|\n|t:|1776116000\n|switch|p1b: Basculegion|Basculegion, L50, M, shiny|100/100|[from] Parting Shot\n|move|p2a: Goodra|Life Dew|p2a: Goodra|[spread] p2a,p2b\n|-heal|p2a: Goodra|61/100\n|-heal|p2b: Arcanine|88/100 slp\n|\n|-weather|SunnyDay|[upkeep]\n|-heal|p2a: Goodra|67/100|[from] item: Leftovers\n|upkeep\n|turn|8\n|\n|t:|1776116029\n|move|p1b: Basculegion|Wave Crash|p2b: Arcanine\n|-supereffective|p2b: Arcanine|2\n|-enditem|p2b: Arcanine|Passho Berry|[eat]\n|-enditem|p2b: Arcanine|Passho Berry|[weaken]\n|-damage|p2b: Arcanine|0 fnt\n|faint|p2b: Arcanine\n|-damage|p1b: Basculegion|73/100|[from] Recoil\n|move|p1a: Charizard|Weather Ball|p2a: Goodra\n|-damage|p2a: Goodra|9/100\n|move|p2a: Goodra|Life Dew|p2a: Goodra\n|-heal|p2a: Goodra|34/100\n|\n|-weather|SunnyDay|[upkeep]\n|-heal|p2a: Goodra|40/100|[from] item: Leftovers\n|upkeep\n|c|\u2606Bicycle Bandy|oh dang that kills even with sun and passho\n|c|\u2606Bicycle Bandy|I underestimate the fish\n|\n|t:|1776116062\n|switch|p2b: Sinistcha|Sinistcha, L50|100/100\n|-heal|p2a: Goodra|64/100|[from] ability: Hospitality|[of] p2b: Sinistcha\n|turn|9\n|\n|t:|1776116080\n|move|p2b: Sinistcha|Protect|p2b: Sinistcha\n|-singleturn|p2b: Sinistcha|Protect\n|move|p1b: Basculegion|Wave Crash|p2b: Sinistcha\n|-activate|p2b: Sinistcha|move: Protect\n|move|p1a: Charizard|Heat Wave|p2a: Goodra|[spread] p2a\n|-activate|p2b: Sinistcha|move: Protect\n|-damage|p2a: Goodra|21/100\n|move|p2a: Goodra|Breaking Swipe|p1a: Charizard|[spread] p1a,p1b\n|-damage|p1a: Charizard|49/100\n|-damage|p1b: Basculegion|53/100\n|-unboost|p1a: Charizard|atk|1\n|-unboost|p1b: Basculegion|atk|1\n|\n|-weather|SunnyDay|[upkeep]\n|-heal|p2a: Goodra|27/100|[from] item: Leftovers\n|upkeep\n|turn|10\n|\n|t:|1776116106\n|switch|p2b: Pelipper|Pelipper, L50, F|73/100\n|-weather|RainDance|[from] ability: Drizzle|[of] p2b: Pelipper\n|move|p2a: Goodra|Protect|p2a: Goodra\n|-singleturn|p2a: Goodra|Protect\n|move|p1b: Basculegion|Wave Crash|p2b: Pelipper\n|-resisted|p2b: Pelipper|1\n|-damage|p2b: Pelipper|18/100\n|-damage|p1b: Basculegion|40/100|[from] Recoil\n|move|p1a: Charizard|Heat Wave|p2b: Pelipper|[spread] p2b\n|-activate|p2a: Goodra|move: Protect\n|-resisted|p2b: Pelipper|1\n|-damage|p2b: Pelipper|0 fnt\n|faint|p2b: Pelipper\n|\n|-weather|RainDance|[upkeep]\n|-heal|p2a: Goodra|33/100|[from] item: Leftovers\n|upkeep\n|\n|t:|1776116130\n|switch|p2b: Sinistcha|Sinistcha, L50|100/100\n|-heal|p2a: Goodra|57/100|[from] ability: Hospitality|[of] p2b: Sinistcha\n|turn|11\n|\n|t:|1776116142\n|move|p1b: Basculegion|Wave Crash|p2a: Goodra\n|-resisted|p2a: Goodra|1\n|-damage|p2a: Goodra|21/100\n|-damage|p1b: Basculegion|29/100|[from] Recoil\n|move|p1a: Charizard|Heat Wave|p2a: Goodra|[spread] p2a,p2b\n|-supereffective|p2b: Sinistcha|1\n|-enditem|p2b: Sinistcha|Occa Berry|[eat]\n|-enditem|p2b: Sinistcha|Occa Berry|[weaken]\n|-damage|p2a: Goodra|7/100\n|-damage|p2b: Sinistcha|85/100\n|move|p2b: Sinistcha|Matcha Gotcha|p1a: Charizard|[spread] p1a\n|-miss|p2b: Sinistcha|p1b: Basculegion\n|-resisted|p1a: Charizard|2\n|-damage|p1a: Charizard|43/100\n|-heal|p2b: Sinistcha|88/100|[from] drain|[of] p1a: Charizard\n|move|p2a: Goodra|Life Dew|p2a: Goodra|[spread] p2a,p2b\n|-heal|p2a: Goodra|32/100\n|-heal|p2b: Sinistcha|100/100\n|\n|-weather|RainDance|[upkeep]\n|-heal|p2a: Goodra|38/100|[from] item: Leftovers\n|upkeep\n|turn|12\n|\n|t:|1776116181\n|move|p2a: Goodra|Protect|p2a: Goodra\n|-singleturn|p2a: Goodra|Protect\n|move|p1b: Basculegion|Wave Crash|p2a: Goodra\n|-activate|p2a: Goodra|move: Protect\n|move|p1a: Charizard|Heat Wave|p2a: Goodra|[spread] p2b\n|-activate|p2a: Goodra|move: Protect\n|-supereffective|p2b: Sinistcha|1\n|-damage|p2b: Sinistcha|63/100\n|move|p2b: Sinistcha|Life Dew|p2b: Sinistcha|[spread] p2a,p2b\n|-heal|p2a: Goodra|63/100\n|-heal|p2b: Sinistcha|89/100\n|\n|-weather|RainDance|[upkeep]\n|-heal|p2a: Goodra|69/100|[from] item: Leftovers\n|upkeep\n|turn|13\n|\n|t:|1776116211\n|switch|p1b: Incineroar|Incineroar, L50, F|99/100\n|-ability|p1b: Incineroar|Intimidate|boost\n|-unboost|p2a: Goodra|atk|1\n|-unboost|p2b: Sinistcha|atk|1\n|move|p1a: Charizard|Heat Wave|p2b: Sinistcha|[spread] p2a,p2b\n|-supereffective|p2b: Sinistcha|1\n|-damage|p2a: Goodra|53/100\n|-damage|p2b: Sinistcha|54/100\n|move|p2b: Sinistcha|Matcha Gotcha|p1b: Incineroar|[spread] p1a,p1b\n|-resisted|p1a: Charizard|2\n|-resisted|p1b: Incineroar|1\n|-damage|p1a: Charizard|37/100\n|-heal|p2b: Sinistcha|57/100|[from] drain|[of] p1a: Charizard\n|-damage|p1b: Incineroar|90/100\n|-heal|p2b: Sinistcha|62/100|[from] drain|[of] p1b: Incineroar\n|move|p2a: Goodra|Life Dew|p2a: Goodra|[spread] p2a,p2b\n|-heal|p2a: Goodra|78/100\n|-heal|p2b: Sinistcha|87/100\n|\n|-weather|RainDance|[upkeep]\n|-heal|p1b: Incineroar|96/100|[from] item: Leftovers\n|-heal|p2a: Goodra|84/100|[from] item: Leftovers\n|upkeep\n|turn|14\n|\n|t:|1776116234\n|move|p1a: Charizard|Heat Wave|p2b: Sinistcha|[spread] p2a,p2b\n|-crit|p2a: Goodra\n|-supereffective|p2b: Sinistcha|1\n|-damage|p2a: Goodra|61/100\n|-damage|p2b: Sinistcha|53/100\n|-status|p2b: Sinistcha|brn\n|move|p2b: Sinistcha|Life Dew|p2b: Sinistcha|[spread] p2a,p2b\n|-heal|p2a: Goodra|87/100\n|-heal|p2b: Sinistcha|79/100 brn\n|move|p1b: Incineroar|Darkest Lariat|p2b: Sinistcha\n|-supereffective|p2b: Sinistcha|1\n|-damage|p2b: Sinistcha|18/100 brn\n|move|p2a: Goodra|Breaking Swipe|p1b: Incineroar|[spread] p1a,p1b\n|-crit|p1a: Charizard\n|-damage|p1a: Charizard|0 fnt\n|-damage|p1b: Incineroar|86/100\n|-unboost|p1b: Incineroar|atk|1\n|faint|p1a: Charizard\n|\n|-weather|none\n|-heal|p1b: Incineroar|92/100|[from] item: Leftovers\n|-heal|p2a: Goodra|92/100|[from] item: Leftovers\n|-damage|p2b: Sinistcha|12/100 brn|[from] brn\n|upkeep\n|\n|t:|1776116264\n|switch|p1a: Basculegion|Basculegion, L50, M, shiny|29/100\n|turn|15\n|\n|t:|1776116273\n|move|p2b: Sinistcha|Protect|p2b: Sinistcha\n|-singleturn|p2b: Sinistcha|Protect\n|move|p1a: Basculegion|Last Respects|p2b: Sinistcha\n|-activate|p2b: Sinistcha|move: Protect\n|move|p1b: Incineroar|Darkest Lariat|p2a: Goodra\n|-damage|p2a: Goodra|73/100\n|move|p2a: Goodra|Breaking Swipe|p1b: Incineroar|[spread] p1a,p1b\n|-damage|p1a: Basculegion|15/100\n|-damage|p1b: Incineroar|82/100\n|-unboost|p1a: Basculegion|atk|1\n|-unboost|p1b: Incineroar|atk|1\n|\n|-heal|p1b: Incineroar|88/100|[from] item: Leftovers\n|-heal|p2a: Goodra|79/100|[from] item: Leftovers\n|-damage|p2b: Sinistcha|6/100 brn|[from] brn\n|upkeep\n|turn|16\n|\n|t:|1776116304\n|move|p1a: Basculegion|Last Respects|p2b: Sinistcha\n|-supereffective|p2b: Sinistcha|1\n|-damage|p2b: Sinistcha|0 fnt\n|faint|p2b: Sinistcha\n|move|p1b: Incineroar|Darkest Lariat|p2a: Goodra\n|-damage|p2a: Goodra|61/100\n|move|p2a: Goodra|Breaking Swipe|p1b: Incineroar|[spread] p1a,p1b\n|-damage|p1a: Basculegion|1/100\n|-damage|p1b: Incineroar|77/100\n|-unboost|p1a: Basculegion|atk|1\n|-unboost|p1b: Incineroar|atk|1\n|\n|-heal|p1b: Incineroar|83/100|[from] item: Leftovers\n|-heal|p2a: Goodra|67/100|[from] item: Leftovers\n|upkeep\n|turn|17\n|\n|t:|1776116345\n|switch|p1a: Venusaur|Venusaur, L50, M, shiny|45/100\n|move|p1b: Incineroar|Darkest Lariat|p2a: Goodra\n|-damage|p2a: Goodra|55/100\n|move|p2a: Goodra|Breaking Swipe|p1b: Incineroar|[spread] p1a,p1b\n|-damage|p1a: Venusaur|32/100\n|-damage|p1b: Incineroar|73/100\n|-unboost|p1a: Venusaur|atk|1\n|-unboost|p1b: Incineroar|atk|1\n|\n|-heal|p1b: Incineroar|79/100|[from] item: Leftovers\n|-heal|p2a: Goodra|60/100|[from] item: Leftovers\n|upkeep\n|turn|18\n|\n|t:|1776116372\n|move|p1a: Venusaur|Giga Drain|p2a: Goodra\n|-ability|p2a: Goodra|Sap Sipper|boost\n|-boost|p2a: Goodra|atk|1\n|move|p1b: Incineroar|Parting Shot|p2a: Goodra\n|-unboost|p2a: Goodra|atk|1\n|-unboost|p2a: Goodra|spa|1\n|\n|t:|1776116379\n|switch|p1b: Basculegion|Basculegion, L50, M, shiny|1/100|[from] Parting Shot\n|move|p2a: Goodra|Life Dew|p2a: Goodra\n|-heal|p2a: Goodra|86/100\n|\n|-heal|p2a: Goodra|91/100|[from] item: Leftovers\n|upkeep\n|turn|19\n|\n|t:|1776116397\n|switch|p1a: Incineroar|Incineroar, L50, F|79/100\n|-ability|p1a: Incineroar|Intimidate|boost\n|-unboost|p2a: Goodra|atk|1\n|move|p1b: Basculegion|Last Respects|p2a: Goodra\n|-damage|p2a: Goodra|32/100\n|move|p2a: Goodra|Heavy Slam|p1b: Basculegion\n|-resisted|p1b: Basculegion|1\n|-damage|p1b: Basculegion|0 fnt\n|faint|p1b: Basculegion\n|\n|-heal|p1a: Incineroar|85/100|[from] item: Leftovers\n|-heal|p2a: Goodra|37/100|[from] item: Leftovers\n|upkeep\n|\n|t:|1776116409\n|switch|p1b: Venusaur|Venusaur, L50, M, shiny|32/100\n|turn|20\n|\n|t:|1776116428\n|move|p2a: Goodra|Protect|p2a: Goodra\n|-singleturn|p2a: Goodra|Protect\n|move|p1b: Venusaur|Sleep Powder|p2a: Goodra\n|-activate|p2a: Goodra|move: Protect\n|move|p1a: Incineroar|Darkest Lariat|p2a: Goodra\n|-activate|p2a: Goodra|move: Protect\n|\n|-heal|p1a: Incineroar|91/100|[from] item: Leftovers\n|-heal|p2a: Goodra|43/100|[from] item: Leftovers\n|upkeep\n|turn|21\n|\n|t:|1776116460\n|move|p1b: Venusaur|Sleep Powder|p2a: Goodra\n|-ability|p2a: Goodra|Sap Sipper|boost\n|-boost|p2a: Goodra|atk|1\n|move|p1a: Incineroar|Darkest Lariat|p2a: Goodra\n|-damage|p2a: Goodra|14/100\n|move|p2a: Goodra|Breaking Swipe|p1a: Incineroar|[spread] p1a,p1b\n|-damage|p1a: Incineroar|81/100\n|-damage|p1b: Venusaur|16/100\n|-unboost|p1a: Incineroar|atk|1\n|-unboost|p1b: Venusaur|atk|1\n|\n|-heal|p1a: Incineroar|87/100|[from] item: Leftovers\n|-heal|p2a: Goodra|20/100|[from] item: Leftovers\n|upkeep\n|turn|22\n|\n|t:|1776116504\n|move|p2a: Goodra|Protect|p2a: Goodra\n|-singleturn|p2a: Goodra|Protect\n|move|p1b: Venusaur|Giga Drain|p1a: Incineroar\n|-resisted|p1a: Incineroar|1\n|-damage|p1a: Incineroar|74/100\n|-heal|p1b: Venusaur|25/100|[from] drain|[of] p1a: Incineroar\n|move|p1a: Incineroar|Darkest Lariat|p2a: Goodra\n|-activate|p2a: Goodra|move: Protect\n|\n|-heal|p1a: Incineroar|80/100|[from] item: Leftovers\n|-heal|p2a: Goodra|26/100|[from] item: Leftovers\n|upkeep\n|turn|23\n|\n|t:|1776116522\n|move|p1b: Venusaur|Protect|p1b: Venusaur\n|-singleturn|p1b: Venusaur|Protect\n|move|p1a: Incineroar|Darkest Lariat|p2a: Goodra\n|-damage|p2a: Goodra|4/100\n|move|p2a: Goodra|Life Dew|p2a: Goodra\n|-heal|p2a: Goodra|29/100\n|\n|-heal|p1a: Incineroar|86/100|[from] item: Leftovers\n|-heal|p2a: Goodra|35/100|[from] item: Leftovers\n|upkeep\n|turn|24\n|\n|t:|1776116541\n|move|p1b: Venusaur|Protect|p1b: Venusaur\n|-singleturn|p1b: Venusaur|Protect\n|move|p2a: Goodra|Protect|p2a: Goodra\n|-singleturn|p2a: Goodra|Protect\n|move|p1a: Incineroar|Darkest Lariat|p2a: Goodra\n|-activate|p2a: Goodra|move: Protect\n|\n|-heal|p1a: Incineroar|92/100|[from] item: Leftovers\n|-heal|p2a: Goodra|41/100|[from] item: Leftovers\n|upkeep\n|turn|25\n|\n|t:|1776116568\n|move|p1b: Venusaur|Giga Drain|p1a: Incineroar\n|-resisted|p1a: Incineroar|1\n|-damage|p1a: Incineroar|78/100\n|-heal|p1b: Venusaur|34/100|[from] drain|[of] p1a: Incineroar\n|move|p1a: Incineroar|Darkest Lariat|p2a: Goodra\n|-damage|p2a: Goodra|22/100\n|move|p2a: Goodra|Life Dew|p2a: Goodra\n|-heal|p2a: Goodra|47/100\n|\n|-heal|p1a: Incineroar|84/100|[from] item: Leftovers\n|-heal|p2a: Goodra|53/100|[from] item: Leftovers\n|upkeep\n|turn|26\n|inactive|Battle timer is ON: inactive players will automatically lose when time's up. (requested by Bicycle Bandy)\n|l|\u2606saikouissupercool\n|inactive|saikouissupercool disconnected and has a minute to reconnect!\n|player|p1|\n|j|\u2606saikouissupercool\n|inactive|saikouissupercool reconnected and has 50 seconds left.\n|player|p1|saikouissupercool|battlegirl-gen4|\n|\n|t:|1776116694\n|move|p1b: Venusaur|Protect|p1b: Venusaur\n|-singleturn|p1b: Venusaur|Protect\n|move|p1a: Incineroar|Parting Shot|p2a: Goodra\n|-unboost|p2a: Goodra|atk|1\n|-unboost|p2a: Goodra|spa|1\n|move|p2a: Goodra|Life Dew|p2a: Goodra\n|-heal|p2a: Goodra|78/100\n|\n|-heal|p1a: Incineroar|90/100|[from] item: Leftovers\n|-heal|p2a: Goodra|84/100|[from] item: Leftovers\n|upkeep\n|turn|27\n|\n|t:|1776116716\n|move|p1b: Venusaur|Giga Drain|p1a: Incineroar\n|-resisted|p1a: Incineroar|1\n|-damage|p1a: Incineroar|78/100\n|-heal|p1b: Venusaur|42/100|[from] drain|[of] p1a: Incineroar\n|move|p1a: Incineroar|Parting Shot|p2a: Goodra\n|-unboost|p2a: Goodra|atk|1\n|-unboost|p2a: Goodra|spa|1\n|move|p2a: Goodra|Heavy Slam|p1b: Venusaur\n|-damage|p1b: Venusaur|26/100\n|\n|-heal|p1a: Incineroar|84/100|[from] item: Leftovers\n|-heal|p2a: Goodra|90/100|[from] item: Leftovers\n|upkeep\n|turn|28\n|\n|t:|1776116735\n|move|p1b: Venusaur|Protect|p1b: Venusaur\n|-singleturn|p1b: Venusaur|Protect\n|move|p1a: Incineroar|Parting Shot|p2a: Goodra\n|-unboost|p2a: Goodra|atk|1\n|-unboost|p2a: Goodra|spa|1\n|move|p2a: Goodra|Heavy Slam|p1b: Venusaur\n|-activate|p1b: Venusaur|move: Protect\n|\n|-heal|p1a: Incineroar|90/100|[from] item: Leftovers\n|-heal|p2a: Goodra|96/100|[from] item: Leftovers\n|upkeep\n|turn|29\n|\n|t:|1776116748\n|move|p1b: Venusaur|Giga Drain|p1a: Incineroar\n|-resisted|p1a: Incineroar|1\n|-damage|p1a: Incineroar|78/100\n|-heal|p1b: Venusaur|33/100|[from] drain|[of] p1a: Incineroar\n|move|p1a: Incineroar|Parting Shot|p2a: Goodra\n|-unboost|p2a: Goodra|atk|1\n|-unboost|p2a: Goodra|spa|1\n|move|p2a: Goodra|Heavy Slam|p1b: Venusaur\n|-damage|p1b: Venusaur|19/100\n|\n|-heal|p1a: Incineroar|84/100|[from] item: Leftovers\n|-heal|p2a: Goodra|100/100|[from] item: Leftovers\n|upkeep\n|turn|30\n|\n|t:|1776116766\n|move|p2a: Goodra|Protect|p2a: Goodra\n|-singleturn|p2a: Goodra|Protect\n|move|p1b: Venusaur|Giga Drain|p1a: Incineroar\n|-resisted|p1a: Incineroar|1\n|-damage|p1a: Incineroar|71/100\n|-heal|p1b: Venusaur|28/100|[from] drain|[of] p1a: Incineroar\n|move|p1a: Incineroar|Parting Shot|p2a: Goodra\n|-activate|p2a: Goodra|move: Protect\n|\n|-heal|p1a: Incineroar|77/100|[from] item: Leftovers\n|upkeep\n|turn|31\n|inactive|saikouissupercool has 30 seconds left.\n|inactive|saikouissupercool has 20 seconds left.\n|\n|t:|1776116805\n|move|p1b: Venusaur|Protect|p1b: Venusaur\n|-singleturn|p1b: Venusaur|Protect\n|move|p1a: Incineroar|Parting Shot|p2a: Goodra\n|-unboost|p2a: Goodra|atk|0\n|-unboost|p2a: Goodra|spa|1\n|move|p2a: Goodra|Heavy Slam|p1b: Venusaur\n|-activate|p1b: Venusaur|move: Protect\n|\n|-heal|p1a: Incineroar|83/100|[from] item: Leftovers\n|upkeep\n|turn|32\n|\n|t:|1776116825\n|move|p1b: Venusaur|Giga Drain|p1a: Incineroar\n|-resisted|p1a: Incineroar|1\n|-damage|p1a: Incineroar|69/100\n|-heal|p1b: Venusaur|37/100|[from] drain|[of] p1a: Incineroar\n|move|p1a: Incineroar|Parting Shot|p2a: Goodra\n|-unboost|p2a: Goodra|atk|0\n|-unboost|p2a: Goodra|spa|0\n|move|p2a: Goodra|Heavy Slam|p1b: Venusaur\n|-damage|p1b: Venusaur|24/100\n|\n|-heal|p1a: Incineroar|75/100|[from] item: Leftovers\n|upkeep\n|turn|33\n|\n|t:|1776116840\n|move|p1b: Venusaur|Giga Drain|p1a: Incineroar\n|-resisted|p1a: Incineroar|1\n|-damage|p1a: Incineroar|62/100\n|-heal|p1b: Venusaur|32/100|[from] drain|[of] p1a: Incineroar\n|move|p1a: Incineroar|Parting Shot|p2a: Goodra\n|-unboost|p2a: Goodra|atk|0\n|-unboost|p2a: Goodra|spa|0\n|move|p2a: Goodra|Heavy Slam|p1b: Venusaur\n|-damage|p1b: Venusaur|19/100\n|\n|-heal|p1a: Incineroar|68/100|[from] item: Leftovers\n|upkeep\n|turn|34\n|inactive|saikouissupercool has 30 seconds left.\n|\n|t:|1776116866\n|move|p1b: Venusaur|Giga Drain|p1a: Incineroar\n|-resisted|p1a: Incineroar|1\n|-damage|p1a: Incineroar|56/100\n|-heal|p1b: Venusaur|27/100|[from] drain|[of] p1a: Incineroar\n|move|p1a: Incineroar|Parting Shot|p2a: Goodra\n|-unboost|p2a: Goodra|atk|0\n|-unboost|p2a: Goodra|spa|0\n|move|p2a: Goodra|Heavy Slam|p1b: Venusaur\n|-damage|p1b: Venusaur|14/100\n|\n|-heal|p1a: Incineroar|62/100|[from] item: Leftovers\n|upkeep\n|turn|35\n|\n|t:|1776116881\n|move|p1b: Venusaur|Giga Drain|p1a: Incineroar\n|-resisted|p1a: Incineroar|1\n|-crit|p1a: Incineroar\n|-damage|p1a: Incineroar|44/100\n|-heal|p1b: Venusaur|25/100|[from] drain|[of] p1a: Incineroar\n|move|p1a: Incineroar|Parting Shot|p2a: Goodra\n|-unboost|p2a: Goodra|atk|0\n|-unboost|p2a: Goodra|spa|0\n|move|p2a: Goodra|Heavy Slam|p1b: Venusaur\n|-damage|p1b: Venusaur|13/100\n|\n|-heal|p1a: Incineroar|50/100|[from] item: Leftovers\n|upkeep\n|turn|36\n|\n|t:|1776116904\n|move|p1b: Venusaur|Giga Drain|p1a: Incineroar\n|-resisted|p1a: Incineroar|1\n|-damage|p1a: Incineroar|37/100\n|-heal|p1b: Venusaur|22/100|[from] drain|[of] p1a: Incineroar\n|move|p1a: Incineroar|Parting Shot|p2a: Goodra\n|-unboost|p2a: Goodra|atk|0\n|-unboost|p2a: Goodra|spa|0\n|move|p2a: Goodra|Breaking Swipe|p1a: Incineroar|[spread] p1a,p1b\n|-damage|p1a: Incineroar|32/100\n|-damage|p1b: Venusaur|14/100\n|-unboost|p1a: Incineroar|atk|1\n|-unboost|p1b: Venusaur|atk|1\n|\n|-heal|p1a: Incineroar|38/100|[from] item: Leftovers\n|upkeep\n|turn|37\n|\n|t:|1776116922\n|move|p1b: Venusaur|Protect|p1b: Venusaur\n|-singleturn|p1b: Venusaur|Protect\n|move|p1a: Incineroar|Protect|p1a: Incineroar\n|-singleturn|p1a: Incineroar|Protect\n|move|p2a: Goodra|Breaking Swipe|p1a: Incineroar|[spread] \n|-activate|p1a: Incineroar|move: Protect\n|-activate|p1b: Venusaur|move: Protect\n|\n|-heal|p1a: Incineroar|44/100|[from] item: Leftovers\n|upkeep\n|turn|38\n|\n|t:|1776116942\n|move|p1b: Venusaur|Giga Drain|p1a: Incineroar\n|-resisted|p1a: Incineroar|1\n|-damage|p1a: Incineroar|30/100\n|-heal|p1b: Venusaur|23/100|[from] drain|[of] p1a: Incineroar\n|move|p1a: Incineroar|Parting Shot|p2a: Goodra\n|-unboost|p2a: Goodra|atk|0\n|-unboost|p2a: Goodra|spa|0\n|move|p2a: Goodra|Breaking Swipe|p1a: Incineroar|[spread] p1a,p1b\n|-crit|p1a: Incineroar\n|-damage|p1a: Incineroar|1/100\n|-damage|p1b: Venusaur|16/100\n|-unboost|p1a: Incineroar|atk|1\n|-unboost|p1b: Venusaur|atk|1\n|\n|-heal|p1a: Incineroar|7/100|[from] item: Leftovers\n|upkeep\n|turn|39\n|\n|t:|1776116962\n|move|p1b: Venusaur|Protect|p1b: Venusaur\n|-singleturn|p1b: Venusaur|Protect\n|move|p1a: Incineroar|Protect|p1a: Incineroar\n|-singleturn|p1a: Incineroar|Protect\n|move|p2a: Goodra|Heavy Slam|p1b: Venusaur\n|-activate|p1b: Venusaur|move: Protect\n|\n|-heal|p1a: Incineroar|13/100|[from] item: Leftovers\n|upkeep\n|turn|40\n|inactive|saikouissupercool has 30 seconds left.\n|\n|t:|1776116996\n|move|p1a: Incineroar|Protect|p1a: Incineroar\n|-singleturn|p1a: Incineroar|Protect\n|move|p1b: Venusaur|Sleep Powder|p1a: Incineroar\n|-activate|p1a: Incineroar|move: Protect\n|move|p2a: Goodra|Breaking Swipe|p1a: Incineroar|[spread] p1b\n|-activate|p1a: Incineroar|move: Protect\n|-damage|p1b: Venusaur|9/100\n|-unboost|p1b: Venusaur|atk|1\n|\n|-heal|p1a: Incineroar|19/100|[from] item: Leftovers\n|upkeep\n|turn|41\n|inactive|saikouissupercool has 30 seconds left.\n|inactive|saikouissupercool has 20 seconds left.\n|inactive|saikouissupercool has 15 seconds left.\n|\n|t:|1776117039\n|move|p1a: Incineroar|Protect||[still]\n|-fail|p1a: Incineroar\n|move|p1b: Venusaur|Sleep Powder|p2a: Goodra\n|-ability|p2a: Goodra|Sap Sipper|boost\n|-boost|p2a: Goodra|atk|1\n|move|p2a: Goodra|Heavy Slam|p1b: Venusaur\n|-damage|p1b: Venusaur|0 fnt\n|faint|p1b: Venusaur\n|\n|-heal|p1a: Incineroar|25/100|[from] item: Leftovers\n|upkeep\n|turn|42\n|\n|t:|1776117056\n|move|p1a: Incineroar|Protect|p1a: Incineroar\n|-singleturn|p1a: Incineroar|Protect\n|move|p2a: Goodra|Life Dew||[still]\n|-fail|p2a: Goodra|heal\n|\n|-heal|p1a: Incineroar|31/100|[from] item: Leftovers\n|upkeep\n|turn|43\n|\n|t:|1776117063\n|move|p1a: Incineroar|Protect||[still]\n|-fail|p1a: Incineroar\n|move|p2a: Goodra|Breaking Swipe|p1a: Incineroar\n|-damage|p1a: Incineroar|24/100\n|-unboost|p1a: Incineroar|atk|1\n|\n|-heal|p1a: Incineroar|30/100|[from] item: Leftovers\n|upkeep\n|turn|44\n|\n|t:|1776117074\n|move|p1a: Incineroar|Parting Shot|p2a: Goodra\n|-unboost|p2a: Goodra|atk|1\n|-unboost|p2a: Goodra|spa|0\n|move|p2a: Goodra|Breaking Swipe|p1a: Incineroar\n|-damage|p1a: Incineroar|23/100\n|-unboost|p1a: Incineroar|atk|1\n|\n|-heal|p1a: Incineroar|29/100|[from] item: Leftovers\n|upkeep\n|turn|45\n|\n|t:|1776117085\n|move|p1a: Incineroar|Parting Shot|p2a: Goodra\n|-unboost|p2a: Goodra|atk|0\n|-unboost|p2a: Goodra|spa|0\n|move|p2a: Goodra|Heavy Slam|p1a: Incineroar\n|-resisted|p1a: Incineroar|1\n|-damage|p1a: Incineroar|23/100\n|\n|-heal|p1a: Incineroar|29/100|[from] item: Leftovers\n|upkeep\n|turn|46\n|\n|t:|1776117098\n|move|p1a: Incineroar|Parting Shot|p2a: Goodra\n|-unboost|p2a: Goodra|atk|0\n|-unboost|p2a: Goodra|spa|0\n|move|p2a: Goodra|Breaking Swipe|p1a: Incineroar\n|-damage|p1a: Incineroar|23/100\n|-unboost|p1a: Incineroar|atk|1\n|\n|-heal|p1a: Incineroar|29/100|[from] item: Leftovers\n|upkeep\n|turn|47\n|\n|t:|1776117111\n|move|p2a: Goodra|Protect|p2a: Goodra\n|-singleturn|p2a: Goodra|Protect\n|move|p1a: Incineroar|Parting Shot|p2a: Goodra\n|-activate|p2a: Goodra|move: Protect\n|\n|-heal|p1a: Incineroar|35/100|[from] item: Leftovers\n|upkeep\n|turn|48\n|\n|t:|1776117122\n|move|p1a: Incineroar|Parting Shot|p2a: Goodra\n|-unboost|p2a: Goodra|atk|0\n|-unboost|p2a: Goodra|spa|0\n|move|p2a: Goodra|Life Dew||[still]\n|-fail|p2a: Goodra|heal\n|\n|-heal|p1a: Incineroar|41/100|[from] item: Leftovers\n|upkeep\n|turn|49\n|c|\u2606Bicycle Bandy|did showdown implement the fake out change\n|\n|t:|1776117141\n|move|p1a: Incineroar|Parting Shot|p2a: Goodra\n|-unboost|p2a: Goodra|atk|0\n|-unboost|p2a: Goodra|spa|0\n|move|p2a: Goodra|Life Dew||[still]\n|-fail|p2a: Goodra|heal\n|\n|-heal|p1a: Incineroar|47/100|[from] item: Leftovers\n|upkeep\n|turn|50\n|\n|t:|1776117150\n|move|p1a: Incineroar|Protect|p1a: Incineroar\n|-singleturn|p1a: Incineroar|Protect\n|-activate|p2a: Goodra|move: Struggle\n|move|p2a: Goodra|Struggle|p1a: Incineroar\n|-activate|p1a: Incineroar|move: Protect\n|\n|-heal|p1a: Incineroar|52/100|[from] item: Leftovers\n|upkeep\n|turn|51\n|\n|t:|1776117157\n|-activate|p1a: Incineroar|move: Struggle\n|move|p1a: Incineroar|Struggle|p2a: Goodra\n|-damage|p2a: Goodra|97/100\n|-damage|p1a: Incineroar|27/100|[from] recoil\n|-activate|p2a: Goodra|move: Struggle\n|move|p2a: Goodra|Struggle|p1a: Incineroar\n|-damage|p1a: Incineroar|23/100\n|-damage|p2a: Goodra|72/100|[from] recoil\n|\n|-heal|p1a: Incineroar|29/100|[from] item: Leftovers\n|-heal|p2a: Goodra|78/100|[from] item: Leftovers\n|upkeep\n|turn|52\n|\n|t:|1776117167\n|-activate|p1a: Incineroar|move: Struggle\n|move|p1a: Incineroar|Struggle|p2a: Goodra\n|-damage|p2a: Goodra|75/100\n|-damage|p1a: Incineroar|4/100|[from] recoil\n|-activate|p2a: Goodra|move: Struggle\n|move|p2a: Goodra|Struggle|p1a: Incineroar\n|-damage|p1a: Incineroar|0 fnt\n|faint|p1a: Incineroar\n|-damage|p2a: Goodra|50/100|[from] recoil\n|\n|win|Bicycle Bandy\n|raw|saikouissupercool's rating: 1079 &rarr; <strong>1063</strong><br />(-16 for losing)\n|raw|Bicycle Bandy's rating: 1178 &rarr; <strong>1196</strong><br />(+18 for winning)\n|c|\u2606Bicycle Bandy|guess so\n|c|\u2606Bicycle Bandy|gg\n",
  "uploadtime": 1776117182,
  "views": 16,
  "formatid": "gen9championsvgc2026regma",
  "rating": 1063,
  "private": 0,
  "password": null
}