{
  "id": "gen9championsvgc2026regma-2581653382",
  "format": "[Gen 9 Champions] VGC 2026 Reg M-A",
  "players": [
    "pepo19",
    "Missed Ledgedash"
  ],
  "log": "|j|\u2606pepo19\n|j|\u2606Missed Ledgedash\n|t:|1776018195\n|gametype|doubles\n|player|p1|pepo19|101|1090\n|player|p2|Missed Ledgedash|juan-gen3|1127\n|gen|9\n|tier|[Gen 9 Champions] VGC 2026 Reg M-A\n|rated|\n|rule|Species Clause: Limit one of each Pok\u00e9mon\n|rule|Item Clause: Limit 1 of each item\n|clearpoke\n|poke|p1|Kingambit, L50, M|\n|poke|p1|Sneasler, L50, F|\n|poke|p1|Incineroar, L50, F|\n|poke|p1|Dragonite, L50, M|\n|poke|p1|Venusaur, L50, F|\n|poke|p1|Basculegion, L50, M|\n|poke|p2|Incineroar, L50, F|\n|poke|p2|Gengar, L50, M|\n|poke|p2|Gyarados, L50, F|\n|poke|p2|Tyranitar, L50, F|\n|poke|p2|Sneasler, L50, M|\n|poke|p2|Excadrill, L50, M|\n|teampreview|4\n|\n|t:|1776018219\n|teamsize|p1|4\n|teamsize|p2|4\n|start\n|switch|p1a: Incineroar|Incineroar, L50, F|100/100\n|switch|p1b: Kingambit|Kingambit, L50, M|100/100\n|switch|p2a: Gengar|Gengar, L50, M|100/100\n|switch|p2b: Sneasler|Sneasler, L50, M|100/100\n|-ability|p1a: Incineroar|Intimidate|boost\n|-unboost|p2a: Gengar|atk|1\n|-unboost|p2b: Sneasler|atk|1\n|-enditem|p2b: Sneasler|White Herb\n|-clearnegativeboost|p2b: Sneasler|[silent]\n|turn|1\n|\n|t:|1776018237\n|switch|p2a: Tyranitar|Tyranitar, L50, F|100/100\n|-weather|Sandstorm|[from] ability: Sand Stream|[of] p2a: Tyranitar\n|move|p2b: Sneasler|Protect|p2b: Sneasler\n|-singleturn|p2b: Sneasler|Protect\n|move|p1b: Kingambit|Protect|p1b: Kingambit\n|-singleturn|p1b: Kingambit|Protect\n|move|p1a: Incineroar|Fake Out|p2b: Sneasler\n|-activate|p2b: Sneasler|move: Protect\n|\n|-weather|Sandstorm|[upkeep]\n|-damage|p2b: Sneasler|95/100|[from] Sandstorm\n|-damage|p1a: Incineroar|95/100|[from] Sandstorm\n|upkeep\n|turn|2\n|\n|t:|1776018267\n|switch|p1a: Venusaur|Venusaur, L50, F|100/100\n|switch|p1b: Basculegion|Basculegion, L50, M|100/100\n|move|p2b: Sneasler|Close Combat|p1a: Venusaur\n|-resisted|p1a: Venusaur|1\n|-damage|p1a: Venusaur|70/100\n|-unboost|p2b: Sneasler|def|1\n|-unboost|p2b: Sneasler|spd|1\n|move|p2a: Tyranitar|Low Kick|p1b: Basculegion\n|-immune|p1b: Basculegion\n|\n|-weather|Sandstorm|[upkeep]\n|-damage|p2b: Sneasler|89/100|[from] Sandstorm\n|-damage|p1b: Basculegion|94/100|[from] Sandstorm\n|-damage|p1a: Venusaur|64/100|[from] Sandstorm\n|upkeep\n|turn|3\n|\n|t:|1776018292\n|switch|p2b: Incineroar|Incineroar, L50, F|100/100\n|-ability|p2b: Incineroar|Intimidate|boost\n|-unboost|p1a: Venusaur|atk|1\n|-unboost|p1b: Basculegion|atk|1\n|detailschange|p1a: Venusaur|Venusaur-Mega, L50, F\n|-mega|p1a: Venusaur|Venusaur|Venusaurite\n|move|p1b: Basculegion|Flip Turn|p2a: Tyranitar\n|-supereffective|p2a: Tyranitar|1\n|-damage|p2a: Tyranitar|60/100\n|\n|t:|1776018302\n|switch|p1b: Incineroar|Incineroar, L50, F|95/100|[from] Flip Turn\n|-ability|p1b: Incineroar|Intimidate|boost\n|-unboost|p2a: Tyranitar|atk|1\n|-unboost|p2b: Incineroar|atk|1\n|move|p1a: Venusaur|Leech Seed|p2a: Tyranitar\n|-start|p2a: Tyranitar|move: Leech Seed\n|move|p2a: Tyranitar|Knock Off|p1b: Incineroar\n|-resisted|p1b: Incineroar|1\n|-damage|p1b: Incineroar|81/100\n|-enditem|p1b: Incineroar|Lum Berry|[from] move: Knock Off|[of] p2a: Tyranitar\n|\n|-weather|Sandstorm|[upkeep]\n|-damage|p1a: Venusaur|58/100|[from] Sandstorm\n|-damage|p2b: Incineroar|94/100|[from] Sandstorm\n|-damage|p1b: Incineroar|75/100|[from] Sandstorm\n|-damage|p2a: Tyranitar|48/100|[from] Leech Seed|[of] p1a: Venusaur\n|-heal|p1a: Venusaur|72/100|[silent]\n|upkeep\n|turn|4\n|\n|t:|1776018324\n|switch|p2a: Sneasler|Sneasler, L50, M|89/100\n|move|p1a: Venusaur|Protect|p1a: Venusaur\n|-singleturn|p1a: Venusaur|Protect\n|move|p2b: Incineroar|Fake Out|p1a: Venusaur\n|-activate|p1a: Venusaur|move: Protect\n|move|p1b: Incineroar|Fake Out|p2a: Sneasler\n|-damage|p2a: Sneasler|72/100\n|\n|-weather|Sandstorm|[upkeep]\n|-damage|p2a: Sneasler|67/100|[from] Sandstorm\n|-damage|p1a: Venusaur|65/100|[from] Sandstorm\n|-damage|p2b: Incineroar|88/100|[from] Sandstorm\n|-damage|p1b: Incineroar|69/100|[from] Sandstorm\n|upkeep\n|turn|5\n|\n|t:|1776018346\n|switch|p1b: Basculegion|Basculegion, L50, M|94/100\n|move|p2a: Sneasler|Close Combat|p1b: Basculegion\n|-immune|p1b: Basculegion\n|move|p1a: Venusaur|Leech Seed|p2a: Sneasler\n|-start|p2a: Sneasler|move: Leech Seed\n|move|p2b: Incineroar|Throat Chop|p1b: Basculegion\n|-supereffective|p1b: Basculegion|1\n|-damage|p1b: Basculegion|36/100\n|-start|p1b: Basculegion|Throat Chop|[silent]\n|\n|-weather|none\n|-damage|p2a: Sneasler|55/100|[from] Leech Seed|[of] p1a: Venusaur\n|-heal|p1a: Venusaur|76/100|[silent]\n|upkeep\n|turn|6\n|\n|t:|1776018365\n|move|p1b: Basculegion|Wave Crash|p2b: Incineroar\n|-supereffective|p2b: Incineroar|1\n|-damage|p2b: Incineroar|0 fnt\n|faint|p2b: Incineroar\n|-damage|p1b: Basculegion|7/100|[from] Recoil\n|move|p2a: Sneasler|U-turn|p1a: Venusaur\n|-damage|p1a: Venusaur|58/100\n|\n|t:|1776018374\n|switch|p2a: Gengar|Gengar, L50, M|100/100|[from] U-turn\n|move|p1a: Venusaur|Earth Power|p2a: Gengar\n|-supereffective|p2a: Gengar|1\n|-damage|p2a: Gengar|33/100\n|\n|-end|p1b: Basculegion|Throat Chop|[silent]\n|upkeep\n|\n|t:|1776018381\n|switch|p2b: Sneasler|Sneasler, L50, M|55/100\n|turn|7\n|\n|t:|1776018390\n|detailschange|p2a: Gengar|Gengar-Mega, L50, M\n|-mega|p2a: Gengar|Gengar|Gengarite\n|move|p2b: Sneasler|Fake Out|p1a: Venusaur\n|-damage|p1a: Venusaur|47/100\n|move|p1b: Basculegion|Wave Crash|p2a: Gengar\n|-damage|p2a: Gengar|0 fnt\n|faint|p2a: Gengar\n|-damage|p1b: Basculegion|0 fnt|[from] Recoil\n|faint|p1b: Basculegion\n|cant|p1a: Venusaur|flinch\n|\n|upkeep\n|\n|t:|1776018400\n|switch|p2a: Tyranitar|Tyranitar, L50, F|48/100\n|switch|p1b: Incineroar|Incineroar, L50, F|69/100\n|-weather|Sandstorm|[from] ability: Sand Stream|[of] p2a: Tyranitar\n|-ability|p1b: Incineroar|Intimidate|boost\n|-unboost|p2a: Tyranitar|atk|1\n|-unboost|p2b: Sneasler|atk|1\n|turn|8\n|\n|t:|1776018413\n|move|p2b: Sneasler|Protect|p2b: Sneasler\n|-singleturn|p2b: Sneasler|Protect\n|move|p2a: Tyranitar|Protect|p2a: Tyranitar\n|-singleturn|p2a: Tyranitar|Protect\n|move|p1b: Incineroar|Fake Out|p2b: Sneasler\n|-activate|p2b: Sneasler|move: Protect\n|move|p1a: Venusaur|Leech Seed|p2a: Tyranitar\n|-activate|p2a: Tyranitar|move: Protect\n|\n|-weather|Sandstorm|[upkeep]\n|-damage|p2b: Sneasler|49/100|[from] Sandstorm\n|-damage|p1a: Venusaur|41/100|[from] Sandstorm\n|-damage|p1b: Incineroar|63/100|[from] Sandstorm\n|upkeep\n|turn|9\n|\n|t:|1776018438\n|move|p2b: Sneasler|Close Combat|p1b: Incineroar\n|-supereffective|p1b: Incineroar|1\n|-damage|p1b: Incineroar|1/100\n|-unboost|p2b: Sneasler|def|1\n|-unboost|p2b: Sneasler|spd|1\n|move|p1a: Venusaur|Earth Power|p2b: Sneasler\n|-supereffective|p2b: Sneasler|1\n|-damage|p2b: Sneasler|0 fnt\n|faint|p2b: Sneasler\n|move|p2a: Tyranitar|Rock Slide|p1b: Incineroar|[spread] p1a,p1b\n|-supereffective|p1b: Incineroar|1\n|-damage|p1a: Venusaur|23/100\n|-damage|p1b: Incineroar|0 fnt\n|faint|p1b: Incineroar\n|\n|-weather|Sandstorm|[upkeep]\n|-damage|p1a: Venusaur|17/100|[from] Sandstorm\n|upkeep\n|\n|t:|1776018453\n|switch|p1b: Kingambit|Kingambit, L50, M|100/100\n|turn|10\n|\n|t:|1776018459\n|move|p1a: Venusaur|Protect|p1a: Venusaur\n|-singleturn|p1a: Venusaur|Protect\n|move|p2a: Tyranitar|Protect|p2a: Tyranitar\n|-singleturn|p2a: Tyranitar|Protect\n|move|p1b: Kingambit|Swords Dance|p1b: Kingambit\n|-boost|p1b: Kingambit|atk|2\n|\n|-weather|Sandstorm|[upkeep]\n|-damage|p1a: Venusaur|10/100|[from] Sandstorm\n|upkeep\n|turn|11\n|\n|t:|1776018477\n|move|p1a: Venusaur|Earth Power|p2a: Tyranitar\n|-supereffective|p2a: Tyranitar|1\n|-damage|p2a: Tyranitar|18/100\n|move|p2a: Tyranitar|Low Kick|p1b: Kingambit\n|-supereffective|p1b: Kingambit|2\n|-enditem|p1b: Kingambit|Chople Berry|[eat]\n|-enditem|p1b: Kingambit|Chople Berry|[weaken]\n|-damage|p1b: Kingambit|62/100\n|move|p1b: Kingambit|Kowtow Cleave|p2a: Tyranitar\n|-resisted|p2a: Tyranitar|1\n|-damage|p2a: Tyranitar|0 fnt\n|faint|p2a: Tyranitar\n|\n|win|pepo19\n|raw|pepo19's rating: 1090 &rarr; <strong>1119</strong><br />(+29 for winning)\n|raw|Missed Ledgedash's rating: 1127 &rarr; <strong>1099</strong><br />(-28 for losing)\n",
  "uploadtime": 1776018477,
  "views": 12,
  "formatid": "gen9championsvgc2026regma",
  "rating": 1099,
  "private": 0,
  "password": null
}