{
  "id": "gen9championsvgc2026regma-2583857176",
  "format": "[Gen 9 Champions] VGC 2026 Reg M-A",
  "players": [
    "mydoot",
    "databull"
  ],
  "log": "|j|\u2606mydoot\n|j|\u2606databull\n|t:|1776203135\n|gametype|doubles\n|player|p1|mydoot|waitress|1085\n|player|p2|databull|skierf|1048\n|gen|9\n|tier|[Gen 9 Champions] VGC 2026 Reg M-A\n|rated|\n|rule|Species Clause: Limit one of each Pok\u00e9mon\n|rule|Item Clause: Limit 1 of each item\n|clearpoke\n|poke|p1|Glimmora, L50, F|\n|poke|p1|Incineroar, L50, F|\n|poke|p1|Primarina, L50, F|\n|poke|p1|Tyranitar, L50, M|\n|poke|p1|Sinistcha, L50|\n|poke|p1|Talonflame, L50, M|\n|poke|p2|Delphox, L50, M|\n|poke|p2|Maushold, L50|\n|poke|p2|Sneasler, L50, F|\n|poke|p2|Tyranitar, L50, F|\n|poke|p2|Excadrill, L50, M|\n|poke|p2|Rotom-Wash, L50|\n|teampreview|4\n|\n|t:|1776203159\n|teamsize|p1|4\n|teamsize|p2|4\n|start\n|switch|p1a: Glimmora|Glimmora, L50, F, shiny|100/100\n|switch|p1b: Incineroar|Incineroar, L50, F|100/100\n|switch|p2a: Delphox|Delphox, L50, M|100/100\n|switch|p2b: Sneasler|Sneasler, L50, F|100/100\n|-ability|p1b: Incineroar|Intimidate|boost\n|-unboost|p2a: Delphox|atk|1\n|-unboost|p2b: Sneasler|atk|1\n|turn|1\n|\n|t:|1776203193\n|move|p2a: Delphox|Protect|p2a: Delphox\n|-singleturn|p2a: Delphox|Protect\n|move|p2b: Sneasler|Coaching|p2a: Delphox\n|-boost|p2a: Delphox|atk|1\n|-boost|p2a: Delphox|def|1\n|move|p1a: Glimmora|Power Gem|p2a: Delphox\n|-activate|p2a: Delphox|move: Protect\n|move|p1b: Incineroar|Parting Shot|p2a: Delphox\n|-activate|p2a: Delphox|move: Protect\n|\n|upkeep\n|turn|2\n|\n|t:|1776203210\n|detailschange|p2a: Delphox|Delphox-Mega, L50, M\n|-mega|p2a: Delphox|Delphox|Delphoxite\n|detailschange|p1a: Glimmora|Glimmora-Mega, L50, F, shiny\n|-mega|p1a: Glimmora|Glimmora|Glimmoranite\n|move|p2a: Delphox|Psychic|p1a: Glimmora\n|-supereffective|p1a: Glimmora|1\n|-damage|p1a: Glimmora|0 fnt\n|faint|p1a: Glimmora\n|move|p2b: Sneasler|Close Combat|p1b: Incineroar\n|-supereffective|p1b: Incineroar|1\n|-damage|p1b: Incineroar|20/100\n|-unboost|p2b: Sneasler|def|1\n|-unboost|p2b: Sneasler|spd|1\n|-enditem|p1b: Incineroar|Sitrus Berry|[eat]\n|-heal|p1b: Incineroar|45/100|[from] item: Sitrus Berry\n|move|p1b: Incineroar|Parting Shot|p2b: Sneasler\n|-unboost|p2b: Sneasler|atk|1\n|-unboost|p2b: Sneasler|spa|1\n|\n|t:|1776203227\n|switch|p1b: Talonflame|Talonflame, L50, M|100/100|[from] Parting Shot\n|\n|upkeep\n|\n|t:|1776203232\n|switch|p1a: Incineroar|Incineroar, L50, F|45/100\n|-ability|p1a: Incineroar|Intimidate|boost\n|-unboost|p2a: Delphox|atk|1\n|-unboost|p2b: Sneasler|atk|1\n|turn|3\n|\n|t:|1776203244\n|move|p2a: Delphox|Protect|p2a: Delphox\n|-singleturn|p2a: Delphox|Protect\n|move|p2b: Sneasler|Coaching|p2a: Delphox\n|-boost|p2a: Delphox|atk|1\n|-boost|p2a: Delphox|def|1\n|move|p1b: Talonflame|Tailwind|p1b: Talonflame\n|-sidestart|p1: mydoot|move: Tailwind\n|move|p1a: Incineroar|Darkest Lariat|p2a: Delphox\n|-activate|p2a: Delphox|move: Protect\n|\n|upkeep\n|turn|4\n|\n|t:|1776203269\n|switch|p1a: Primarina|Primarina, L50, F|100/100\n|move|p1b: Talonflame|Dual Wingbeat|p2b: Sneasler\n|-supereffective|p2b: Sneasler|1\n|-damage|p2b: Sneasler|2/100\n|-supereffective|p2b: Sneasler|1\n|-damage|p2b: Sneasler|0 fnt\n|faint|p2b: Sneasler\n|-hitcount|p2: Sneasler|2\n|move|p2a: Delphox|Psychic|p1b: Talonflame\n|-damage|p1b: Talonflame|12/100\n|\n|upkeep\n|\n|t:|1776203274\n|switch|p2b: Rotom|Rotom-Wash, L50|100/100\n|turn|5\n|\n|t:|1776203289\n|move|p1b: Talonflame|Protect|p1b: Talonflame\n|-singleturn|p1b: Talonflame|Protect\n|move|p2a: Delphox|Protect|p2a: Delphox\n|-singleturn|p2a: Delphox|Protect\n|move|p2b: Rotom|Electroweb|p1b: Talonflame|[spread] p1a\n|-activate|p1b: Talonflame|move: Protect\n|-supereffective|p1a: Primarina|1\n|-damage|p1a: Primarina|71/100\n|-unboost|p1a: Primarina|spe|1\n|move|p1a: Primarina|Hyper Voice|p2b: Rotom|[spread] p2b\n|-activate|p2a: Delphox|move: Protect\n|-resisted|p2b: Rotom|1\n|-damage|p2b: Rotom|70/100\n|\n|upkeep\n|turn|6\n|\n|t:|1776203328\n|move|p1b: Talonflame|Dual Wingbeat|p2a: Delphox\n|-damage|p2a: Delphox|84/100\n|-crit|p2a: Delphox\n|-damage|p2a: Delphox|40/100\n|-hitcount|p2a: Delphox|2\n|move|p2b: Rotom|Electroweb|p1a: Primarina|[spread] p1a,p1b\n|-supereffective|p1a: Primarina|1\n|-supereffective|p1b: Talonflame|1\n|-damage|p1a: Primarina|41/100\n|-damage|p1b: Talonflame|0 fnt\n|-unboost|p1a: Primarina|spe|1\n|faint|p1b: Talonflame\n|move|p2a: Delphox|Psychic|p1a: Primarina\n|-damage|p1a: Primarina|0 fnt\n|faint|p1a: Primarina\n|\n|-sideend|p1: mydoot|move: Tailwind\n|upkeep\n|\n|t:|1776203344\n|switch|p1b: Incineroar|Incineroar, L50, F|45/100\n|-ability|p1b: Incineroar|Intimidate|boost\n|-unboost|p2a: Delphox|atk|1\n|-unboost|p2b: Rotom|atk|1\n|turn|7\n|\n|t:|1776203353\n|move|p2a: Delphox|Protect|p2a: Delphox\n|-singleturn|p2a: Delphox|Protect\n|move|p2b: Rotom|Electroweb|p1b: Incineroar\n|-damage|p1b: Incineroar|27/100\n|-unboost|p1b: Incineroar|spe|1\n|move|p1b: Incineroar|Darkest Lariat|p2a: Delphox\n|-activate|p2a: Delphox|move: Protect\n|\n|upkeep\n|turn|8\n|\n|t:|1776203363\n|move|p2b: Rotom|Electroweb|p1b: Incineroar\n|-damage|p1b: Incineroar|9/100\n|-unboost|p1b: Incineroar|spe|1\n|move|p2a: Delphox|Heat Wave|p1b: Incineroar|[miss]\n|-miss|p2a: Delphox|p1b: Incineroar\n|move|p1b: Incineroar|Darkest Lariat|p2a: Delphox\n|-supereffective|p2a: Delphox|1\n|-damage|p2a: Delphox|0 fnt\n|faint|p2a: Delphox\n|\n|upkeep\n|\n|t:|1776203369\n|switch|p2a: Excadrill|Excadrill, L50, M|100/100\n|turn|9\n|\n|t:|1776203376\n|move|p2b: Rotom|Electroweb|p1b: Incineroar\n|-damage|p1b: Incineroar|0 fnt\n|faint|p1b: Incineroar\n|\n|win|databull\n|raw|mydoot's rating: 1085 &rarr; <strong>1060</strong><br />(-25 for losing)\n|raw|databull's rating: 1048 &rarr; <strong>1084</strong><br />(+36 for winning)\n|l|\u2606mydoot\n|player|p1|\n",
  "uploadtime": 1776203380,
  "views": 21,
  "formatid": "gen9championsvgc2026regma",
  "rating": 1060,
  "private": 0,
  "password": null
}