{
  "id": "gen9championsvgc2026regma-2584813852",
  "format": "[Gen 9 Champions] VGC 2026 Reg M-A",
  "players": [
    "arcelate",
    "benis_cult"
  ],
  "log": "|j|\u2606arcelate\n|j|\u2606benis_cult\n|t:|1776285615\n|gametype|doubles\n|player|p1|arcelate|101|1121\n|player|p2|benis_cult|iris|1083\n|gen|9\n|tier|[Gen 9 Champions] VGC 2026 Reg M-A\n|rated|\n|rule|Species Clause: Limit one of each Pok\u00e9mon\n|rule|Item Clause: Limit 1 of each item\n|clearpoke\n|poke|p1|Greninja-*, L50, F|\n|poke|p1|Meowscarada, L50, F|\n|poke|p1|Incineroar, L50, F|\n|poke|p1|Aerodactyl, L50, M|\n|poke|p1|Klefki, L50, F|\n|poke|p1|Aegislash, L50, M|\n|poke|p2|Dragonite, L50, F|\n|poke|p2|Aerodactyl, L50, F|\n|poke|p2|Politoed, L50, M|\n|poke|p2|Kangaskhan, L50, F|\n|poke|p2|Archaludon, L50, M|\n|poke|p2|Sneasler, L50, M|\n|teampreview|4\n|j| kingbob5002\n|l| kingbob5002\n|inactive|Battle timer is ON: inactive players will automatically lose when time's up. (requested by arcelate)\n|\n|t:|1776285667\n|teamsize|p1|4\n|teamsize|p2|4\n|start\n|switch|p1a: Aegislash|Aegislash, L50, M|100/100\n|switch|p1b: Greninja|Greninja, L50, F|100/100\n|switch|p2a: Aerodactyl|Aerodactyl, L50, F|100/100\n|switch|p2b: Kangaskhan|Kangaskhan, L50, F|100/100\n|-ability|p2a: Aerodactyl|Unnerve\n|turn|1\n|inactive|arcelate has 30 seconds left.\n|inactive|benis_cult has 30 seconds left.\n|inactive|benis_cult has 20 seconds left.\n|\n|t:|1776285706\n|detailschange|p1b: Greninja|Greninja-Mega, L50, F\n|-mega|p1b: Greninja|Greninja|Greninjite\n|move|p2b: Kangaskhan|Fake Out|p1b: Greninja\n|-damage|p1b: Greninja|76/100\n|cant|p1b: Greninja|flinch\n|move|p2a: Aerodactyl|Tailwind|p2a: Aerodactyl\n|-sidestart|p2: benis_cult|move: Tailwind\n|-formechange|p1a: Aegislash|Aegislash-Blade|\n|move|p1a: Aegislash|Iron Head|p2a: Aerodactyl\n|-supereffective|p2a: Aerodactyl|1\n|-enditem|p2a: Aerodactyl|Focus Sash\n|-damage|p2a: Aerodactyl|1/100\n|\n|upkeep\n|turn|2\n|inactive|benis_cult has 30 seconds left.\n|inactive|benis_cult has 20 seconds left.\n|inactive|benis_cult has 15 seconds left.\n|inactive|benis_cult has 10 seconds left.\n|\n|t:|1776285753\n|switch|p2a: Archaludon|Archaludon, L50, M|100/100\n|detailschange|p2b: Kangaskhan|Kangaskhan-Mega, L50, F\n|-mega|p2b: Kangaskhan|Kangaskhan|Kangaskhanite\n|-formechange|p1a: Aegislash|Aegislash|\n|move|p1a: Aegislash|King's Shield|p1a: Aegislash\n|-singleturn|p1a: Aegislash|Protect\n|move|p1b: Greninja|Water Shuriken|p2a: Archaludon\n|-start|p1b: Greninja|typechange|Water|[from] ability: Protean\n|-resisted|p2a: Archaludon|1\n|-damage|p2a: Archaludon|95/100\n|-resisted|p2a: Archaludon|1\n|-damage|p2a: Archaludon|88/100\n|-resisted|p2a: Archaludon|1\n|-damage|p2a: Archaludon|83/100\n|-hitcount|p2a: Archaludon|3\n|move|p2b: Kangaskhan|Drain Punch|p1b: Greninja\n|-damage|p1b: Greninja|40/100\n|-damage|p1b: Greninja|31/100\n|-hitcount|p1b: Greninja|2\n|\n|-heal|p2a: Archaludon|89/100|[from] item: Leftovers\n|upkeep\n|turn|3\n|inactive|arcelate has 30 seconds left.\n|inactive|benis_cult has 30 seconds left.\n|inactive|benis_cult has 20 seconds left.\n|\n|t:|1776285792\n|switch|p1b: Meowscarada|Meowscarada, L50, F|100/100\n|switch|p1a: Aerodactyl|Aerodactyl, L50, M|100/100\n|-ability|p1a: Aerodactyl|Unnerve\n|move|p2b: Kangaskhan|Protect|p2b: Kangaskhan\n|-singleturn|p2b: Kangaskhan|Protect\n|move|p2a: Archaludon|Draco Meteor|p1a: Aerodactyl\n|-damage|p1a: Aerodactyl|1/100\n|-unboost|p2a: Archaludon|spa|2\n|\n|-heal|p2a: Archaludon|95/100|[from] item: Leftovers\n|upkeep\n|turn|4\n|inactive|arcelate has 30 seconds left.\n|inactive|benis_cult has 30 seconds left.\n|inactive|arcelate has 20 seconds left.\n|inactive|benis_cult has 20 seconds left.\n|inactive|benis_cult has 15 seconds left.\n|\n|t:|1776285833\n|move|p2a: Archaludon|Protect|p2a: Archaludon\n|-singleturn|p2a: Archaludon|Protect\n|move|p1a: Aerodactyl|Protect|p1a: Aerodactyl\n|-singleturn|p1a: Aerodactyl|Protect\n|move|p2b: Kangaskhan|Last Resort|p1b: Meowscarada\n|-damage|p1b: Meowscarada|0 fnt\n|faint|p1b: Meowscarada\n|-hitcount|p1: Meowscarada|1\n|\n|-heal|p2a: Archaludon|100/100|[from] item: Leftovers\n|-sideend|p2: benis_cult|move: Tailwind\n|upkeep\n|\n|t:|1776285848\n|switch|p1b: Greninja|Greninja-Mega, L50, F|31/100\n|turn|5\n|inactive|arcelate has 30 seconds left.\n|\n|t:|1776285875\n|move|p2b: Kangaskhan|Protect|p2b: Kangaskhan\n|-singleturn|p2b: Kangaskhan|Protect\n|move|p1b: Greninja|U-turn|p2b: Kangaskhan\n|-start|p1b: Greninja|typechange|Bug|[from] ability: Protean\n|-activate|p2b: Kangaskhan|move: Protect\n|move|p1a: Aerodactyl|Rock Slide|p2a: Archaludon|[spread] \n|-activate|p2b: Kangaskhan|move: Protect\n|-miss|p1a: Aerodactyl|p2a: Archaludon\n|move|p2a: Archaludon|Aura Sphere|p1a: Aerodactyl\n|-crit|p1a: Aerodactyl\n|-damage|p1a: Aerodactyl|0 fnt\n|faint|p1a: Aerodactyl\n|\n|upkeep\n|\n|t:|1776285889\n|switch|p1a: Aegislash|Aegislash, L50, M|100/100\n|turn|6\n|-message|arcelate forfeited.\n|\n|win|benis_cult\n|raw|arcelate's rating: 1121 &rarr; <strong>1093</strong><br />(-28 for losing)\n|raw|benis_cult's rating: 1083 &rarr; <strong>1114</strong><br />(+31 for winning)\n|l|\u2606arcelate\n|player|p1|\n",
  "uploadtime": 1776285915,
  "views": 54,
  "formatid": "gen9championsvgc2026regma",
  "rating": 1093,
  "private": 0,
  "password": null
}