{
  "id": "gen9championsvgc2026regma-2581549783",
  "format": "[Gen 9 Champions] VGC 2026 Reg M-A",
  "players": [
    "shen51999",
    "memesrule"
  ],
  "log": "|j|\u2606shen51999\n|j|\u2606memesrule\n|t:|1776010168\n|gametype|doubles\n|player|p1|shen51999|1|1076\n|player|p2|memesrule|102|1092\n|gen|9\n|tier|[Gen 9 Champions] VGC 2026 Reg M-A\n|rated|\n|rule|Species Clause: Limit one of each Pok\u00e9mon\n|rule|Item Clause: Limit 1 of each item\n|clearpoke\n|poke|p1|Meganium, L50, M|\n|poke|p1|Gyarados, L50, F|\n|poke|p1|Tyranitar, L50, F|\n|poke|p1|Aerodactyl, L50, F|\n|poke|p1|Pelipper, L50, M|\n|poke|p1|Decidueye-Hisui, L50, F|\n|poke|p2|Drampa, L50, M|\n|poke|p2|Alakazam, L50, M|\n|poke|p2|Sinistcha, L50|\n|poke|p2|Incineroar, L50, F|\n|poke|p2|Scizor, L50, F|\n|poke|p2|Pelipper, L50, M|\n|teampreview|4\n|c|\u2606memesrule|Decidueye\n|c|\u2606memesrule|cool\nmemesrule rejected open team sheets.\n|\n|t:|1776010199\n|teamsize|p1|4\n|teamsize|p2|4\n|start\n|switch|p1a: Tyranitar|Tyranitar, L50, F|100/100\n|switch|p1b: Aerodactyl|Aerodactyl, L50, F|100/100\n|switch|p2a: Drampa|Drampa, L50, M|100/100\n|switch|p2b: Alakazam|Alakazam, L50, M|100/100\n|-ability|p1b: Aerodactyl|Unnerve\n|-weather|Sandstorm|[from] ability: Sand Stream|[of] p1a: Tyranitar\n|-ability|p2a: Drampa|Cloud Nine\n|turn|1\n|\n|t:|1776010219\n|detailschange|p2a: Drampa|Drampa-Mega, L50, M\n|-mega|p2a: Drampa|Drampa|Drampanite\n|move|p2b: Alakazam|Reflect|p2b: Alakazam\n|-sidestart|p2: memesrule|Reflect\n|move|p1b: Aerodactyl|Rock Slide|p2a: Drampa|[spread] p2a,p2b\n|-damage|p2a: Drampa|83/100\n|-damage|p2b: Alakazam|66/100\n|move|p1a: Tyranitar|Rock Slide|p2a: Drampa|[spread] p2a,p2b\n|-damage|p2a: Drampa|63/100\n|-damage|p2b: Alakazam|18/100\n|move|p2a: Drampa|Calm Mind|p2a: Drampa\n|-boost|p2a: Drampa|spa|1\n|-boost|p2a: Drampa|spd|1\n|\n|-weather|Sandstorm|[upkeep]\n|-damage|p2b: Alakazam|12/100|[from] Sandstorm\n|-damage|p2a: Drampa|57/100|[from] Sandstorm\n|upkeep\n|turn|2\n|-activate|p1a: Tyranitar|item: Quick Claw\n|\n|t:|1776010247\n|move|p1a: Tyranitar|Rock Slide|p2b: Alakazam|[spread] p2a\n|-miss|p1a: Tyranitar|p2b: Alakazam\n|-damage|p2a: Drampa|38/100\n|-ability|p2a: Drampa|Berserk|boost\n|-boost|p2a: Drampa|spa|1\n|move|p2b: Alakazam|Speed Swap|p2a: Drampa\n|-activate|p2b: Alakazam|move: Speed Swap|[of] p2a: Drampa\n|move|p2a: Drampa|Hyper Voice|p1b: Aerodactyl|[spread] p1a,p1b\n|-resisted|p1a: Tyranitar|1\n|-resisted|p1b: Aerodactyl|1\n|-damage|p1a: Tyranitar|77/100\n|-damage|p1b: Aerodactyl|56/100\n|move|p1b: Aerodactyl|Rock Slide|p2a: Drampa|[spread] p2a,p2b\n|-damage|p2a: Drampa|23/100\n|-damage|p2b: Alakazam|0 fnt\n|faint|p2b: Alakazam\n|\n|-weather|Sandstorm|[upkeep]\n|-damage|p2a: Drampa|17/100|[from] Sandstorm\n|upkeep\n|\n|t:|1776010274\n|switch|p2b: Sinistcha|Sinistcha, L50|100/100\n|-heal|p2a: Drampa|42/100|[from] ability: Hospitality|[of] p2b: Sinistcha\n|turn|3\n|-activate|p1a: Tyranitar|item: Quick Claw\n|\n|t:|1776010296\n|move|p2a: Drampa|Protect|p2a: Drampa\n|-singleturn|p2a: Drampa|Protect\n|move|p1a: Tyranitar|Crunch|p2b: Sinistcha\n|-supereffective|p2b: Sinistcha|1\n|-damage|p2b: Sinistcha|53/100\n|move|p1b: Aerodactyl|Dual Wingbeat|p2b: Sinistcha|[miss]\n|-miss|p1b: Aerodactyl|p2b: Sinistcha\n|move|p2b: Sinistcha|Life Dew|p2b: Sinistcha|[spread] p2a,p2b\n|-heal|p2a: Drampa|66/100\n|-heal|p2b: Sinistcha|78/100\n|\n|-weather|Sandstorm|[upkeep]\n|-damage|p2a: Drampa|60/100|[from] Sandstorm\n|-damage|p2b: Sinistcha|72/100|[from] Sandstorm\n|upkeep\n|turn|4\n|\n|t:|1776010329\n|switch|p2b: Incineroar|Incineroar, L50, F|100/100\n|-ability|p2b: Incineroar|Intimidate|boost\n|-unboost|p1a: Tyranitar|atk|1\n|-unboost|p1b: Aerodactyl|atk|1\n|move|p2a: Drampa|Hyper Voice|p1a: Tyranitar|[spread] p1a,p1b\n|-resisted|p1a: Tyranitar|1\n|-crit|p1a: Tyranitar\n|-resisted|p1b: Aerodactyl|1\n|-damage|p1a: Tyranitar|37/100\n|-damage|p1b: Aerodactyl|11/100\n|move|p1b: Aerodactyl|Dragon Claw|p2a: Drampa\n|-supereffective|p2a: Drampa|1\n|-damage|p2a: Drampa|39/100\n|-ability|p2a: Drampa|Berserk|boost\n|-boost|p2a: Drampa|spa|1\n|move|p1a: Tyranitar|Rock Slide|p2a: Drampa|[spread] p2a\n|-miss|p1a: Tyranitar|p2b: Incineroar\n|-damage|p2a: Drampa|26/100\n|\n|-weather|Sandstorm|[upkeep]\n|-damage|p2a: Drampa|20/100|[from] Sandstorm\n|-damage|p2b: Incineroar|95/100|[from] Sandstorm\n|upkeep\n|turn|5\n|-activate|p1a: Tyranitar|item: Quick Claw\n|\n|t:|1776010367\n|switch|p1b: Gyarados|Gyarados, L50, F|100/100\n|-ability|p1b: Gyarados|Intimidate|boost\n|-unboost|p2a: Drampa|atk|1\n|-unboost|p2b: Incineroar|atk|1\n|move|p1a: Tyranitar|Protect|p1a: Tyranitar\n|-singleturn|p1a: Tyranitar|Protect\n|move|p2a: Drampa|Protect|p2a: Drampa\n|-singleturn|p2a: Drampa|Protect\n|move|p2b: Incineroar|Parting Shot|p1a: Tyranitar\n|-activate|p1a: Tyranitar|move: Protect\n|\n|-weather|none\n|-sideend|p2: memesrule|Reflect\n|upkeep\n|turn|6\n|\n|t:|1776010404\n|switch|p2b: Sinistcha|Sinistcha, L50|72/100\n|-heal|p2a: Drampa|45/100|[from] ability: Hospitality|[of] p2b: Sinistcha\n|move|p2a: Drampa|Hyper Voice|p1b: Gyarados|[spread] p1a,p1b\n|-resisted|p1a: Tyranitar|1\n|-damage|p1a: Tyranitar|0 fnt\n|-damage|p1b: Gyarados|0 fnt\n|faint|p1a: Tyranitar\n|faint|p1b: Gyarados\n|\n|upkeep\n|\n|t:|1776010419\n|switch|p1b: Aerodactyl|Aerodactyl, L50, F|11/100\n|switch|p1a: Meganium|Meganium, L50, M|100/100\n|-ability|p1b: Aerodactyl|Unnerve\n|turn|7\n|c|\u2606memesrule|what is deciduye for?\n|\n|t:|1776010437\n|detailschange|p1a: Meganium|Meganium-Mega, L50, M\n|-mega|p1a: Meganium|Meganium|Meganiumite\n|move|p2b: Sinistcha|Rage Powder|p2b: Sinistcha\n|-singleturn|p2b: Sinistcha|move: Rage Powder\n|move|p2a: Drampa|Hyper Voice|p1a: Meganium|[spread] p1a,p1b\n|-resisted|p1b: Aerodactyl|1\n|-damage|p1a: Meganium|0 fnt\n|-damage|p1b: Aerodactyl|0 fnt\n|faint|p1a: Meganium\n|faint|p1b: Aerodactyl\n|\n|win|memesrule\n|raw|shen51999's rating: 1076 &rarr; <strong>1056</strong><br />(-20 for losing)\n|raw|memesrule's rating: 1092 &rarr; <strong>1117</strong><br />(+25 for winning)\n|c|\u2606memesrule|gg\n",
  "uploadtime": 1776010457,
  "views": 20,
  "formatid": "gen9championsvgc2026regma",
  "rating": 1056,
  "private": 0,
  "password": null
}