{
  "id": "gen9championsvgc2026regma-2584835349",
  "format": "[Gen 9 Champions] VGC 2026 Reg M-A",
  "players": [
    "benjiapollo",
    "Sketchy13"
  ],
  "log": "|j|\u2606benjiapollo\n|j|\u2606Sketchy13\n|t:|1776287351\n|gametype|doubles\n|player|p1|benjiapollo|giovanni|1184\n|player|p2|Sketchy13|n|1094\n|gen|9\n|tier|[Gen 9 Champions] VGC 2026 Reg M-A\n|rated|\n|rule|Species Clause: Limit one of each Pok\u00e9mon\n|rule|Item Clause: Limit 1 of each item\n|clearpoke\n|poke|p1|Basculegion, L50, M|\n|poke|p1|Charizard, L50, M|\n|poke|p1|Kingambit, L50, M|\n|poke|p1|Sneasler, L50, M|\n|poke|p1|Venusaur, L50, F|\n|poke|p1|Talonflame, L50, M|\n|poke|p2|Tyranitar, L50, M|\n|poke|p2|Excadrill, L50, M|\n|poke|p2|Gyarados, L50, M|\n|poke|p2|Sinistcha, L50|\n|poke|p2|Gardevoir, L50, F|\n|poke|p2|Rotom-Heat, L50|\n|teampreview|4\n|inactive|Battle timer is ON: inactive players will automatically lose when time's up. (requested by benjiapollo)\n|\n|t:|1776287406\n|teamsize|p1|4\n|teamsize|p2|4\n|start\n|switch|p1a: Talonflame|Talonflame, L50, M|100/100\n|switch|p1b: Sneasler|Sneasler, L50, M|100/100\n|switch|p2a: Big Dog|Gyarados, L50, M|100/100\n|switch|p2b: Magic Girl|Gardevoir, L50, F, shiny|100/100\n|-ability|p2a: Big Dog|Intimidate|boost\n|-unboost|p1a: Talonflame|atk|1\n|-unboost|p1b: Sneasler|atk|1\n|-enditem|p1b: Sneasler|White Herb\n|-clearnegativeboost|p1b: Sneasler|[silent]\n|turn|1\n|inactive|Sketchy13 has 30 seconds left.\n|inactive|benjiapollo has 30 seconds left.\n|inactive|Sketchy13 has 20 seconds left.\n|\n|t:|1776287441\n|detailschange|p2b: Magic Girl|Gardevoir-Mega, L50, F, shiny\n|-mega|p2b: Magic Girl|Gardevoir|Gardevoirite\n|move|p1a: Talonflame|Brave Bird|p2b: Magic Girl\n|-damage|p2b: Magic Girl|69/100\n|-damage|p1a: Talonflame|89/100|[from] Recoil\n|move|p1b: Sneasler|Dire Claw|p2b: Magic Girl\n|-supereffective|p2b: Magic Girl|1\n|-damage|p2b: Magic Girl|0 fnt\n|faint|p2b: Magic Girl\n|move|p2a: Big Dog|Waterfall|p1a: Talonflame\n|-supereffective|p1a: Talonflame|1\n|-damage|p1a: Talonflame|0 fnt\n|faint|p1a: Talonflame\n|\n|upkeep\n|\n|t:|1776287465\n|switch|p1a: Venusaur|Venusaur, L50, F|100/100\n|switch|p2b: Da Goat|Tyranitar, L50, M|100/100\n|-weather|Sandstorm|[from] ability: Sand Stream|[of] p2b: Da Goat\n|turn|2\n|\n|t:|1776287481\n|detailschange|p1a: Venusaur|Venusaur-Mega, L50, F\n|-mega|p1a: Venusaur|Venusaur|Venusaurite\n|move|p1b: Sneasler|Protect|p1b: Sneasler\n|-singleturn|p1b: Sneasler|Protect\n|move|p1a: Venusaur|Energy Ball|p2a: Big Dog\n|-damage|p2a: Big Dog|64/100\n|move|p2b: Da Goat|Dragon Dance|p2b: Da Goat\n|-boost|p2b: Da Goat|atk|1\n|-boost|p2b: Da Goat|spe|1\n|move|p2a: Big Dog|Thunder Wave|p1b: Sneasler\n|-activate|p1b: Sneasler|move: Protect\n|\n|-weather|Sandstorm|[upkeep]\n|-damage|p1b: Sneasler|95/100|[from] Sandstorm\n|-damage|p1a: Venusaur|95/100|[from] Sandstorm\n|-damage|p2a: Big Dog|58/100|[from] Sandstorm\n|-heal|p2a: Big Dog|64/100|[from] item: Leftovers\n|upkeep\n|turn|3\n|\n|t:|1776287505\n|move|p1b: Sneasler|Close Combat|p2b: Da Goat\n|-supereffective|p2b: Da Goat|2\n|-damage|p2b: Da Goat|0 fnt\n|-unboost|p1b: Sneasler|def|1\n|-unboost|p1b: Sneasler|spd|1\n|faint|p2b: Da Goat\n|move|p1a: Venusaur|Energy Ball|p2a: Big Dog\n|-damage|p2a: Big Dog|24/100\n|move|p2a: Big Dog|Thunder Wave|p1b: Sneasler\n|-status|p1b: Sneasler|par\n|\n|-weather|Sandstorm|[upkeep]\n|-damage|p1b: Sneasler|89/100 par|[from] Sandstorm\n|-damage|p1a: Venusaur|89/100|[from] Sandstorm\n|-damage|p2a: Big Dog|18/100|[from] Sandstorm\n|-heal|p2a: Big Dog|24/100|[from] item: Leftovers\n|upkeep\n|\n|t:|1776287518\n|switch|p2b: Performative|Sinistcha, L50|100/100\n|-heal|p2a: Big Dog|49/100|[from] ability: Hospitality|[of] p2b: Performative\n|turn|4\n|\n|t:|1776287538\n|move|p1b: Sneasler|Dire Claw|p2a: Big Dog\n|-crit|p2a: Big Dog\n|-damage|p2a: Big Dog|0 fnt\n|faint|p2a: Big Dog\n|move|p1a: Venusaur|Sludge Bomb|p2b: Performative\n|-damage|p2b: Performative|51/100\n|move|p2b: Performative|Shadow Ball|p1a: Venusaur\n|-crit|p1a: Venusaur\n|-damage|p1a: Venusaur|39/100\n|\n|-weather|Sandstorm|[upkeep]\n|-damage|p1b: Sneasler|83/100 par|[from] Sandstorm\n|-damage|p1a: Venusaur|33/100|[from] Sandstorm\n|-damage|p2b: Performative|45/100|[from] Sandstorm\n|-enditem|p2b: Performative|Sitrus Berry|[eat]\n|-heal|p2b: Performative|70/100|[from] item: Sitrus Berry\n|upkeep\n|turn|5\n|-message|Sketchy13 forfeited.\n|\n|win|benjiapollo\n|raw|benjiapollo's rating: 1184 &rarr; <strong>1203</strong><br />(+19 for winning)\n|raw|Sketchy13's rating: 1094 &rarr; <strong>1076</strong><br />(-18 for losing)\n|l|\u2606Sketchy13\n|player|p2|\n",
  "uploadtime": 1776287556,
  "views": 26,
  "formatid": "gen9championsvgc2026regma",
  "rating": 1076,
  "private": 0,
  "password": null
}