{
  "id": "gen9championsvgc2026regma-2586007210",
  "format": "[Gen 9 Champions] VGC 2026 Reg M-A",
  "players": [
    "pacrat27",
    "sirae"
  ],
  "log": "|j|\u2606pacrat27\n|j|\u2606sirae\n|t:|1776389684\n|gametype|doubles\n|player|p1|pacrat27|silver|1120\n|player|p2|sirae|caitlin|1058\n|gen|9\n|tier|[Gen 9 Champions] VGC 2026 Reg M-A\n|rated|\n|rule|Species Clause: Limit one of each Pok\u00e9mon\n|rule|Item Clause: Limit 1 of each item\n|clearpoke\n|poke|p1|Typhlosion-Hisui, L50, M|\n|poke|p1|Rotom-Wash, L50|\n|poke|p1|Torkoal, L50, M|\n|poke|p1|Whimsicott, L50, F|\n|poke|p1|Scovillain, L50, M|\n|poke|p1|Tinkaton, L50, F|\n|poke|p2|Gengar, L50, F|\n|poke|p2|Farigiraf, L50, F|\n|poke|p2|Incineroar, L50, F|\n|poke|p2|Sylveon, L50, F|\n|poke|p2|Sinistcha, L50|\n|poke|p2|Feraligatr, L50, M|\n|teampreview|4\n|inactive|Battle timer is ON: inactive players will automatically lose when time's up. (requested by sirae)\n|\n|t:|1776389707\n|teamsize|p1|4\n|teamsize|p2|4\n|start\n|switch|p1a: Typhlosion|Typhlosion-Hisui, L50, M|100/100\n|switch|p1b: Torkoal|Torkoal, L50, M|100/100\n|switch|p2a: Incineroar|Incineroar, L50, F|100/100\n|switch|p2b: Feraligatr|Feraligatr, L50, M|100/100\n|-item|p2a: Incineroar|Sitrus Berry|[from] ability: Frisk|[of] p1a: Typhlosion\n|-item|p2b: Feraligatr|Feraligite|[from] ability: Frisk|[of] p1a: Typhlosion\n|-ability|p2a: Incineroar|Intimidate|boost\n|-unboost|p1a: Typhlosion|atk|1\n|-unboost|p1b: Torkoal|atk|1\n|-weather|SunnyDay|[from] ability: Drought|[of] p1b: Torkoal\n|turn|1\n|inactive|pacrat27 has 30 seconds left.\n|\n|t:|1776389733\n|switch|p1a: Scovillain|Scovillain, L50, M|100/100\n|detailschange|p2b: Feraligatr|Feraligatr-Mega, L50, M\n|-mega|p2b: Feraligatr|Feraligatr|Feraligite\n|move|p1b: Torkoal|Protect|p1b: Torkoal\n|-singleturn|p1b: Torkoal|Protect\n|move|p2a: Incineroar|Fake Out|p1b: Torkoal\n|-activate|p1b: Torkoal|move: Protect\n|move|p2b: Feraligatr|Liquidation|p1a: Scovillain\n|-damage|p1a: Scovillain|65/100\n|\n|-weather|SunnyDay|[upkeep]\n|upkeep\n|turn|2\n|\n|t:|1776389756\n|move|p2b: Feraligatr|Protect|p2b: Feraligatr\n|-singleturn|p2b: Feraligatr|Protect\n|move|p1a: Scovillain|Growth|p1a: Scovillain\n|-boost|p1a: Scovillain|atk|2\n|-boost|p1a: Scovillain|spa|2\n|move|p2a: Incineroar|Flare Blitz|p1a: Scovillain\n|-damage|p1a: Scovillain|0 fnt\n|faint|p1a: Scovillain\n|-damage|p2a: Incineroar|79/100|[from] Recoil\n|move|p1b: Torkoal|Will-O-Wisp|p2b: Feraligatr\n|-activate|p2b: Feraligatr|move: Protect\n|\n|-weather|SunnyDay|[upkeep]\n|upkeep\n|\n|t:|1776389767\n|switch|p1a: Typhlosion|Typhlosion-Hisui, L50, M|100/100\n|-item|p2a: Incineroar|Sitrus Berry|[from] ability: Frisk|[of] p1a: Typhlosion\n|-item|p2b: Feraligatr|Feraligite|[from] ability: Frisk|[of] p1a: Typhlosion\n|turn|3\n|inactive|sirae has 30 seconds left.\n|\n|t:|1776389799\n|move|p1b: Torkoal|Helping Hand|p1a: Typhlosion\n|-singleturn|p1a: Typhlosion|Helping Hand|[of] p1b: Torkoal\n|move|p2b: Feraligatr|Aqua Jet|p1a: Typhlosion\n|-supereffective|p1a: Typhlosion|1\n|-damage|p1a: Typhlosion|68/100\n|move|p1a: Typhlosion|Infernal Parade|p2b: Feraligatr\n|-crit|p2b: Feraligatr\n|-damage|p2b: Feraligatr|39/100\n|move|p2a: Incineroar|Darkest Lariat|p1a: Typhlosion\n|-supereffective|p1a: Typhlosion|1\n|-damage|p1a: Typhlosion|0 fnt\n|faint|p1a: Typhlosion\n|\n|-weather|SunnyDay|[upkeep]\n|upkeep\n|\n|t:|1776389811\n|switch|p1a: Tinkaton|Tinkaton, L50, F|100/100\n|turn|4\n|\n|t:|1776389819\n|move|p2b: Feraligatr|Protect|p2b: Feraligatr\n|-singleturn|p2b: Feraligatr|Protect\n|move|p1a: Tinkaton|Fake Out|p2a: Incineroar\n|-damage|p2a: Incineroar|69/100\n|cant|p2a: Incineroar|flinch\n|move|p1b: Torkoal|Heat Wave|p2a: Incineroar|[spread] p2a\n|-activate|p2b: Feraligatr|move: Protect\n|-resisted|p2a: Incineroar|1\n|-damage|p2a: Incineroar|49/100\n|-enditem|p2a: Incineroar|Sitrus Berry|[eat]\n|-heal|p2a: Incineroar|74/100|[from] item: Sitrus Berry\n|\n|-weather|SunnyDay|[upkeep]\n|upkeep\n|turn|5\n|\n|t:|1776389845\n|switch|p2b: Sinistcha|Sinistcha, L50|100/100\n|-heal|p2a: Incineroar|99/100|[from] ability: Hospitality|[of] p2b: Sinistcha\n|move|p1a: Tinkaton|Play Rough|p2b: Sinistcha\n|-damage|p2b: Sinistcha|65/100\n|move|p2a: Incineroar|Flare Blitz|p1a: Tinkaton\n|-supereffective|p1a: Tinkaton|1\n|-damage|p1a: Tinkaton|0 fnt\n|faint|p1a: Tinkaton\n|-damage|p2a: Incineroar|68/100|[from] Recoil\n|move|p1b: Torkoal|Heat Wave|p2b: Sinistcha|[spread] p2a,p2b\n|-resisted|p2a: Incineroar|1\n|-supereffective|p2b: Sinistcha|1\n|-damage|p2a: Incineroar|50/100\n|-damage|p2b: Sinistcha|0 fnt\n|faint|p2b: Sinistcha\n|\n|-weather|none\n|upkeep\n|\n|t:|1776389864\n|switch|p2b: Feraligatr|Feraligatr-Mega, L50, M|39/100\n|turn|6\n|\n|t:|1776389870\n|move|p2a: Incineroar|Darkest Lariat|p1b: Torkoal\n|-damage|p1b: Torkoal|67/100\n|move|p2b: Feraligatr|Liquidation|p1b: Torkoal\n|-supereffective|p1b: Torkoal|1\n|-damage|p1b: Torkoal|0 fnt\n|faint|p1b: Torkoal\n|\n|win|sirae\n|raw|pacrat27's rating: 1120 &rarr; <strong>1091</strong><br />(-29 for losing)\n|raw|sirae's rating: 1058 &rarr; <strong>1095</strong><br />(+37 for winning)\n",
  "uploadtime": 1776389875,
  "views": 16,
  "formatid": "gen9championsvgc2026regma",
  "rating": 1091,
  "private": 0,
  "password": null
}