{
  "id": "gen9championsvgc2026regma-2581403414",
  "format": "[Gen 9 Champions] VGC 2026 Reg M-A",
  "players": [
    "gholdengogobbler",
    "tootpicks"
  ],
  "log": "|j|\u2606gholdengogobbler\n|j|\u2606tootpicks\n|t:|1775996796\n|gametype|doubles\n|player|p1|gholdengogobbler|alec-anime|1000\n|player|p2|tootpicks|plasmagrunt|1000\n|gen|9\n|tier|[Gen 9 Champions] VGC 2026 Reg M-A\n|rated|\n|rule|Species Clause: Limit one of each Pok\u00e9mon\n|rule|Item Clause: Limit 1 of each item\n|clearpoke\n|poke|p1|Scovillain, L50, M|\n|poke|p1|Zoroark-Hisui, L50, M|\n|poke|p1|Sinistcha-Masterpiece, L50|\n|poke|p1|Basculegion-F, L50, F|\n|poke|p1|Politoed, L50, M|\n|poke|p1|Meganium, L50, F|\n|poke|p2|Hawlucha, L50, M|\n|poke|p2|Pinsir, L50, F|\n|poke|p2|Maushold-Four, L50|\n|poke|p2|Excadrill, L50, F|\n|poke|p2|Rotom-Heat, L50|\n|poke|p2|Sinistcha, L50|\n|teampreview|4\n|inactive|Battle timer is ON: inactive players will automatically lose when time's up. (requested by tootpicks)\ngholdengogobbler rejected open team sheets.\n|\n|t:|1775996824\n|teamsize|p1|4\n|teamsize|p2|4\n|start\n|switch|p1a: Lex Luthor|Scovillain, L50, M|100/100\n|switch|p1b: Sinistcha|Sinistcha-Masterpiece, L50|100/100\n|switch|p2a: Hawlucha|Hawlucha, L50, M|100/100\n|switch|p2b: Excadrill|Excadrill, L50, F|100/100\n|-ability|p2b: Excadrill|Mold Breaker\n|turn|1\n|\n|t:|1775996848\n|detailschange|p2a: Hawlucha|Hawlucha-Mega, L50, M\n|-mega|p2a: Hawlucha|Hawlucha|Hawluchanite\n|detailschange|p1a: Lex Luthor|Scovillain-Mega, L50, M\n|-mega|p1a: Lex Luthor|Scovillain|Scovillainite\n|move|p2a: Hawlucha|Entrainment|p2b: Excadrill\n|-ability|p2b: Excadrill|No Guard|Mold Breaker|[from] move: Entrainment|[of] p2a: Hawlucha\n|move|p1b: Sinistcha|Calm Mind|p1b: Sinistcha\n|-boost|p1b: Sinistcha|spa|1\n|-boost|p1b: Sinistcha|spd|1\n|move|p2b: Excadrill|Fissure|p1b: Sinistcha\n|-enditem|p1b: Sinistcha|Focus Sash\n|-damage|p1b: Sinistcha|1/100\n|replace|p1b: Sword|Zoroark-Hisui, L50, M, shiny\n|-end|p1b: Sword|Illusion\n|move|p1a: Lex Luthor|Overheat|p2b: Excadrill\n|-supereffective|p2b: Excadrill|1\n|-damage|p2b: Excadrill|0 fnt\n|-unboost|p1a: Lex Luthor|spa|2\n|faint|p2b: Excadrill\n|\n|upkeep\n|\n|t:|1775996868\n|switch|p2b: Maushold|Maushold-Four, L50|100/100\n|turn|2\n|\n|t:|1775996880\n|move|p2b: Maushold|Follow Me|p2b: Maushold\n|-singleturn|p2b: Maushold|move: Follow Me\n|move|p1a: Lex Luthor|Rage Powder|p1a: Lex Luthor\n|-singleturn|p1a: Lex Luthor|move: Rage Powder\n|move|p2a: Hawlucha|Stone Edge|p1a: Lex Luthor\n|-supereffective|p1a: Lex Luthor|1\n|-damage|p1a: Lex Luthor|19/100\n|-status|p2a: Hawlucha|brn|[from] ability: Spicy Spray|[of] p1a: Lex Luthor\n|move|p1b: Sword|Icy Wind|p2b: Maushold|[spread] p2a,p2b\n|-supereffective|p2a: Hawlucha|1\n|-damage|p2a: Hawlucha|63/100 brn\n|-damage|p2b: Maushold|73/100\n|-unboost|p2a: Hawlucha|spe|1\n|-unboost|p2b: Maushold|spe|1\n|\n|-damage|p2a: Hawlucha|57/100 brn|[from] brn\n|upkeep\n|turn|3\n|\n|t:|1775996903\n|switch|p2b: Sinistcha|Sinistcha, L50|100/100\n|-heal|p2a: Hawlucha|82/100 brn|[from] ability: Hospitality|[of] p2b: Sinistcha\n|move|p2a: Hawlucha|Protect|p2a: Hawlucha\n|-singleturn|p2a: Hawlucha|Protect\n|move|p1b: Sword|Hex|p2a: Hawlucha\n|-activate|p2a: Hawlucha|move: Protect\n|move|p1a: Lex Luthor|Rest|p1a: Lex Luthor\n|-status|p1a: Lex Luthor|slp|[from] move: Rest\n|-heal|p1a: Lex Luthor|100/100 slp|[silent]\n|\n|-damage|p2a: Hawlucha|76/100 brn|[from] brn\n|upkeep\n|turn|4\n|\n|t:|1775996921\n|cant|p1a: Lex Luthor|slp\n|move|p1b: Sword|Hex|p2a: Hawlucha\n|-damage|p2a: Hawlucha|0 fnt\n|faint|p2a: Hawlucha\n|move|p2b: Sinistcha|Matcha Gotcha|p1b: Sword|[spread] p1a\n|-miss|p2b: Sinistcha|p1b: Sword\n|-resisted|p1a: Lex Luthor|2\n|-damage|p1a: Lex Luthor|94/100 slp\n|-status|p2b: Sinistcha|brn|[from] ability: Spicy Spray|[of] p1a: Lex Luthor\n|\n|-damage|p2b: Sinistcha|94/100 brn|[from] brn\n|upkeep\n|\n|t:|1775996931\n|switch|p2a: Maushold|Maushold-Four, L50|73/100\n|turn|5\n|-message|tootpicks forfeited.\n|\n|win|gholdengogobbler\n|raw|gholdengogobbler's rating: 1000 &rarr; <strong>1040</strong><br />(+40 for winning)\n|raw|tootpicks's rating: 1000 &rarr; <strong>1000</strong><br />(+0 for losing)\n|l|\u2606tootpicks\n|player|p2|\n",
  "uploadtime": 1775996937,
  "views": 19,
  "formatid": "gen9championsvgc2026regma",
  "rating": 1000,
  "private": 0,
  "password": null
}