{
  "id": "gen9championsvgc2026regma-2583890429",
  "format": "[Gen 9 Champions] VGC 2026 Reg M-A",
  "players": [
    "SauceKart",
    "euouaeps"
  ],
  "log": "|j|\u2606SauceKart\n|j|\u2606euouaeps\n|t:|1776205844\n|gametype|doubles\n|player|p1|SauceKart|266|1135\n|player|p2|euouaeps|harlequin|1114\n|gen|9\n|tier|[Gen 9 Champions] VGC 2026 Reg M-A\n|rated|\n|rule|Species Clause: Limit one of each Pok\u00e9mon\n|rule|Item Clause: Limit 1 of each item\n|clearpoke\n|poke|p1|Dragapult, L50, M|\n|poke|p1|Floette-Eternal, L50, F|\n|poke|p1|Kingambit, L50, M|\n|poke|p1|Rotom-Wash, L50|\n|poke|p1|Aerodactyl, L50, M|\n|poke|p1|Kangaskhan, L50, F|\n|poke|p2|Castform, L50, M|\n|poke|p2|Charizard, L50, M|\n|poke|p2|Pelipper, L50, M|\n|poke|p2|Incineroar, L50, F|\n|poke|p2|Whimsicott, L50, M|\n|poke|p2|Basculegion, L50, M|\n|teampreview|4\nSauceKart has agreed to open team sheets.\n|inactive|Battle timer is ON: inactive players will automatically lose when time's up. (requested by SauceKart)\n|c|\u2606SauceKart|glhf\n|\n|t:|1776205878\n|teamsize|p1|4\n|teamsize|p2|4\n|start\n|switch|p1a: Dragapult|Dragapult, L50, M|100/100\n|switch|p1b: Kingambit|Kingambit, L50, M|100/100\n|switch|p2a: Charizard|Charizard, L50, M|100/100\n|switch|p2b: Castform|Castform, L50, M|100/100\n|turn|1\n|c|\u2606euouaeps|Glhf\n|\n|t:|1776205902\n|switch|p1b: Rotom|Rotom-Wash, L50|100/100\n|detailschange|p2a: Charizard|Charizard-Mega-Y, L50, M\n|-mega|p2a: Charizard|Charizard|Charizardite Y\n|-weather|SunnyDay|[from] ability: Drought|[of] p2a: Charizard\n|-formechange|p2b: Castform|Castform-Sunny|[msg]|[from] ability: Forecast\n|move|p1a: Dragapult|Light Screen|p1a: Dragapult\n|-sidestart|p1: SauceKart|move: Light Screen\n|move|p2b: Castform|Ice Beam|p1a: Dragapult\n|-supereffective|p1a: Dragapult|1\n|-damage|p1a: Dragapult|69/100\n|move|p2a: Charizard|Heat Wave|p1b: Rotom|[spread] p1a,p1b\n|-resisted|p1a: Dragapult|1\n|-resisted|p1b: Rotom|1\n|-damage|p1a: Dragapult|49/100\n|-damage|p1b: Rotom|79/100\n|-status|p1b: Rotom|brn\n|\n|-weather|SunnyDay|[upkeep]\n|-damage|p1b: Rotom|74/100 brn|[from] brn\n|upkeep\n|turn|2\n|\n|t:|1776205924\n|move|p1b: Rotom|Protect|p1b: Rotom\n|-singleturn|p1b: Rotom|Protect\n|move|p1a: Dragapult|Thunder Wave|p2a: Charizard\n|-status|p2a: Charizard|par\n|move|p2b: Castform|Ice Beam|p1a: Dragapult\n|-supereffective|p1a: Dragapult|1\n|-damage|p1a: Dragapult|22/100\n|move|p2a: Charizard|Heat Wave|p1b: Rotom|[spread] p1a\n|-activate|p1b: Rotom|move: Protect\n|-resisted|p1a: Dragapult|1\n|-damage|p1a: Dragapult|0 fnt\n|faint|p1a: Dragapult\n|\n|-weather|SunnyDay|[upkeep]\n|-damage|p1b: Rotom|68/100 brn|[from] brn\n|upkeep\n|\n|t:|1776205931\n|switch|p1a: Floette|Floette-Eternal, L50, F|100/100\n|turn|3\n|\n|t:|1776205951\n|switch|p2b: Incineroar|Incineroar, L50, F|100/100\n|-ability|p2b: Incineroar|Intimidate|boost\n|-unboost|p1a: Floette|atk|1\n|-unboost|p1b: Rotom|atk|1\n|detailschange|p1a: Floette|Floette-Mega, L50, F\n|-mega|p1a: Floette|Floette|Floettite\n|-ability|p1a: Floette|Fairy Aura\n|move|p1a: Floette|Calm Mind|p1a: Floette\n|-boost|p1a: Floette|spa|1\n|-boost|p1a: Floette|spd|1\n|move|p1b: Rotom|Thunderbolt|p2a: Charizard\n|-supereffective|p2a: Charizard|1\n|-damage|p2a: Charizard|22/100 par\n|move|p2a: Charizard|Weather Ball|p1a: Floette\n|-damage|p1a: Floette|71/100\n|\n|-weather|SunnyDay|[upkeep]\n|-damage|p1b: Rotom|62/100 brn|[from] brn\n|upkeep\n|turn|4\n|inactive|euouaeps has 30 seconds left.\n|\n|t:|1776205980\n|move|p1a: Floette|Protect|p1a: Floette\n|-singleturn|p1a: Floette|Protect\n|move|p1b: Rotom|Protect|p1b: Rotom\n|-singleturn|p1b: Rotom|Protect\n|move|p2a: Charizard|Protect|p2a: Charizard\n|-singleturn|p2a: Charizard|Protect\n|move|p2b: Incineroar|Fake Out|p1a: Floette\n|-activate|p1a: Floette|move: Protect\n|\n|-weather|SunnyDay|[upkeep]\n|-damage|p1b: Rotom|57/100 brn|[from] brn\n|upkeep\n|turn|5\n|\n|t:|1776206000\n|move|p1a: Floette|Moonblast|p2b: Incineroar\n|-damage|p2b: Incineroar|11/100\n|move|p1b: Rotom|Thunderbolt|p2a: Charizard\n|-supereffective|p2a: Charizard|1\n|-damage|p2a: Charizard|0 fnt\n|faint|p2a: Charizard\n|move|p2b: Incineroar|Flare Blitz|p1a: Floette\n|-damage|p1a: Floette|0 fnt\n|faint|p1a: Floette\n|-damage|p2b: Incineroar|0 fnt|[from] Recoil\n|faint|p2b: Incineroar\n|\n|-weather|none\n|-damage|p1b: Rotom|51/100 brn|[from] brn\n|-sideend|p1: SauceKart|move: Light Screen\n|upkeep\n|\n|t:|1776206010\n|switch|p2a: Pelipper|Pelipper, L50, M|100/100\n|switch|p1a: Kingambit|Kingambit, L50, M|100/100\n|switch|p2b: Castform|Castform, L50, M|100/100\n|-weather|RainDance|[from] ability: Drizzle|[of] p2a: Pelipper\n|-formechange|p2b: Castform|Castform-Rainy|[msg]|[from] ability: Forecast\n|turn|6\n|\n|t:|1776206028\n|move|p2a: Pelipper|Helping Hand|p2b: Castform\n|-singleturn|p2b: Castform|Helping Hand|[of] p2a: Pelipper\n|move|p1a: Kingambit|Protect|p1a: Kingambit\n|-singleturn|p1a: Kingambit|Protect\n|move|p2b: Castform|Weather Ball|p1a: Kingambit\n|-activate|p1a: Kingambit|move: Protect\n|move|p1b: Rotom|Thunderbolt|p2a: Pelipper\n|-supereffective|p2a: Pelipper|2\n|-enditem|p2a: Pelipper|Focus Sash\n|-damage|p2a: Pelipper|1/100\n|\n|-weather|RainDance|[upkeep]\n|-damage|p1b: Rotom|45/100 brn|[from] brn\n|upkeep\n|-enditem|p1b: Rotom|Sitrus Berry|[eat]\n|-heal|p1b: Rotom|70/100 brn|[from] item: Sitrus Berry\n|turn|7\n|\n|t:|1776206045\n|move|p2a: Pelipper|Helping Hand|p2b: Castform\n|-singleturn|p2b: Castform|Helping Hand|[of] p2a: Pelipper\n|move|p1a: Kingambit|Sucker Punch|p2b: Castform\n|-damage|p2b: Castform|22/100\n|move|p2b: Castform|Weather Ball|p1a: Kingambit\n|-damage|p1a: Kingambit|16/100\n|move|p1b: Rotom|Thunderbolt|p2a: Pelipper\n|-supereffective|p2a: Pelipper|2\n|-damage|p2a: Pelipper|0 fnt\n|faint|p2a: Pelipper\n|\n|-weather|RainDance|[upkeep]\n|-damage|p1b: Rotom|64/100 brn|[from] brn\n|upkeep\n|turn|8\n|\n|t:|1776206053\n|move|p1a: Kingambit|Sucker Punch|p2b: Castform\n|-damage|p2b: Castform|0 fnt\n|faint|p2b: Castform\n|\n|win|SauceKart\n|raw|SauceKart's rating: 1135 &rarr; <strong>1158</strong><br />(+23 for winning)\n|raw|euouaeps's rating: 1114 &rarr; <strong>1091</strong><br />(-23 for losing)\n|c|\u2606SauceKart|gg\n|c|\u2606euouaeps|Gg\n",
  "uploadtime": 1776206059,
  "views": 23,
  "formatid": "gen9championsvgc2026regma",
  "rating": 1091,
  "private": 0,
  "password": null
}