{
  "id": "gen9championsvgc2026regma-2588839139",
  "format": "[Gen 9 Champions] VGC 2026 Reg M-A",
  "players": [
    "CaptainFP",
    "Slashcrobat"
  ],
  "log": "|j|\u2606CaptainFP\n|j|\u2606Slashcrobat\n|t:|1776677125\n|gametype|doubles\n|player|p1|CaptainFP|ethan|1097\n|player|p2|Slashcrobat|265|1117\n|gen|9\n|tier|[Gen 9 Champions] VGC 2026 Reg M-A\n|rated|\n|rule|Species Clause: Limit one of each Pok\u00e9mon\n|rule|Item Clause: Limit 1 of each item\n|clearpoke\n|poke|p1|Typhlosion, L50, M|\n|poke|p1|Starmie, L50|\n|poke|p1|Rotom-Wash, L50|\n|poke|p1|Garchomp, L50, M|\n|poke|p1|Aegislash, L50, M|\n|poke|p1|Sylveon, L50, M|\n|poke|p2|Froslass, L50, F|\n|poke|p2|Archaludon, L50, F|\n|poke|p2|Sneasler, L50, M|\n|poke|p2|Garchomp, L50, M|\n|poke|p2|Corviknight, L50, M|\n|poke|p2|Milotic, L50, F|\n|teampreview|4\n|\n|t:|1776677172\n|teamsize|p1|4\n|teamsize|p2|4\n|start\n|switch|p1a: Aegislash|Aegislash, L50, M|100/100\n|switch|p1b: Rotom|Rotom-Wash, L50|100/100\n|switch|p2a: Froslass|Froslass, L50, F|100/100\n|switch|p2b: Sneasler|Sneasler, L50, M|100/100\n|turn|1\n|\n|t:|1776677198\n|detailschange|p2a: Froslass|Froslass-Mega, L50, F\n|-mega|p2a: Froslass|Froslass|Froslassite\n|-weather|Snowscape|[from] ability: Snow Warning|[of] p2a: Froslass\n|move|p2b: Sneasler|Fake Out|p1b: Rotom\n|-damage|p1b: Rotom|81/100\n|move|p2a: Froslass|Aurora Veil|p2a: Froslass\n|-sidestart|p2: Slashcrobat|move: Aurora Veil\n|cant|p1b: Rotom|flinch\n|-formechange|p1a: Aegislash|Aegislash-Blade|\n|move|p1a: Aegislash|Flash Cannon|p2a: Froslass\n|-supereffective|p2a: Froslass|1\n|-damage|p2a: Froslass|42/100\n|\n|-weather|Snowscape|[upkeep]\n|-heal|p1b: Rotom|87/100|[from] item: Leftovers\n|upkeep\n|turn|2\n|\n|t:|1776677220\n|move|p1b: Rotom|Protect|p1b: Rotom\n|-singleturn|p1b: Rotom|Protect\n|-formechange|p1a: Aegislash|Aegislash|\n|move|p1a: Aegislash|King's Shield|p1a: Aegislash\n|-singleturn|p1a: Aegislash|Protect\n|move|p2b: Sneasler|Close Combat|p1b: Rotom\n|-activate|p1b: Rotom|move: Protect\n|move|p2a: Froslass|Shadow Ball|p1a: Aegislash\n|-activate|p1a: Aegislash|move: Protect\n|\n|-weather|Snowscape|[upkeep]\n|-heal|p1b: Rotom|94/100|[from] item: Leftovers\n|upkeep\n|turn|3\n|\n|t:|1776677249\n|move|p2b: Sneasler|Dire Claw|p1b: Rotom\n|-damage|p1b: Rotom|35/100\n|move|p2a: Froslass|Shadow Ball|p1a: Aegislash\n|-supereffective|p1a: Aegislash|1\n|-damage|p1a: Aegislash|38/100\n|-unboost|p1a: Aegislash|spd|1\n|move|p1b: Rotom|Volt Switch|p2a: Froslass\n|-damage|p2a: Froslass|20/100\n|\n|t:|1776677265\n|switch|p1b: Starmie|Starmie, L50|100/100|[from] Volt Switch\n|-formechange|p1a: Aegislash|Aegislash-Blade|\n|move|p1a: Aegislash|Flash Cannon|p2a: Froslass\n|-supereffective|p2a: Froslass|1\n|-damage|p2a: Froslass|0 fnt\n|faint|p2a: Froslass\n|\n|-weather|Snowscape|[upkeep]\n|upkeep\n|\n|t:|1776677274\n|switch|p2a: Garchomp|Garchomp, L50, M|100/100\n|turn|4\n|\n|t:|1776677285\n|detailschange|p1b: Starmie|Starmie-Mega, L50\n|-mega|p1b: Starmie|Starmie|Starminite\n|move|p1b: Starmie|Protect|p1b: Starmie\n|-singleturn|p1b: Starmie|Protect\n|-formechange|p1a: Aegislash|Aegislash|\n|move|p1a: Aegislash|King's Shield|p1a: Aegislash\n|-singleturn|p1a: Aegislash|Protect\n|move|p2a: Garchomp|Dragon Claw|p1b: Starmie\n|-activate|p1b: Starmie|move: Protect\n|move|p2b: Sneasler|Dire Claw|p1b: Starmie\n|-activate|p1b: Starmie|move: Protect\n|\n|-weather|Snowscape|[upkeep]\n|upkeep\n|turn|5\n|inactive|Battle timer is ON: inactive players will automatically lose when time's up. (requested by Slashcrobat)\n|\n|t:|1776677318\n|switch|p2b: Archaludon|Archaludon, L50, F|100/100\n|move|p2a: Garchomp|Dragon Claw|p1b: Starmie\n|-damage|p1b: Starmie|52/100\n|move|p1b: Starmie|Zen Headbutt|p2a: Garchomp\n|-damage|p2a: Garchomp|52/100\n|-damage|p1b: Starmie|39/100|[from] ability: Rough Skin|[of] p2a: Garchomp\n|-formechange|p1a: Aegislash|Aegislash-Blade|\n|move|p1a: Aegislash|Flash Cannon|p2b: Archaludon\n|-resisted|p2b: Archaludon|1\n|-damage|p2b: Archaludon|83/100\n|-ability|p2b: Archaludon|Stamina|boost\n|-boost|p2b: Archaludon|def|1\n|\n|-weather|none\n|-heal|p2b: Archaludon|89/100|[from] item: Leftovers\n|-sideend|p2: Slashcrobat|move: Aurora Veil\n|upkeep\n|turn|6\n|inactive|CaptainFP has 30 seconds left.\n|inactive|CaptainFP has 20 seconds left.\n|inactive|CaptainFP has 15 seconds left.\n|inactive|CaptainFP has 10 seconds left.\n|\n|t:|1776677365\n|switch|p1b: Rotom|Rotom-Wash, L50|35/100\n|-formechange|p1a: Aegislash|Aegislash|\n|move|p1a: Aegislash|King's Shield|p1a: Aegislash\n|-singleturn|p1a: Aegislash|Protect\n|move|p2a: Garchomp|Dragon Claw|p1b: Rotom\n|-damage|p1b: Rotom|0 fnt\n|faint|p1b: Rotom\n|move|p2b: Archaludon|Electro Shot||[still]\n|-prepare|p2b: Archaludon|Electro Shot\n|-boost|p2b: Archaludon|spa|1\n|\n|-heal|p2b: Archaludon|95/100|[from] item: Leftovers\n|upkeep\n|\n|t:|1776677383\n|switch|p1b: Starmie|Starmie-Mega, L50|39/100\n|turn|7\n|\n|t:|1776677404\n|move|p1b: Starmie|Protect|p1b: Starmie\n|-singleturn|p1b: Starmie|Protect\n|move|p1a: Aegislash|King's Shield||[still]\n|-fail|p1a: Aegislash\n|move|p2a: Garchomp|Dragon Claw|p1b: Starmie\n|-activate|p1b: Starmie|move: Protect\n|move|p2b: Archaludon|Electro Shot|p1a: Aegislash|[from] lockedmove\n|-damage|p1a: Aegislash|0 fnt\n|faint|p1a: Aegislash\n|\n|-heal|p2b: Archaludon|100/100|[from] item: Leftovers\n|upkeep\n|\n|t:|1776677411\n|switch|p1a: Typhlosion|Typhlosion, L50, M|100/100\n|turn|8\n|\n|t:|1776677420\n|switch|p2a: Sneasler|Sneasler, L50, M|100/100\n|move|p1a: Typhlosion|Earthquake|p2b: Archaludon|[spread] p1b,p2a,p2b\n|-supereffective|p2a: Sneasler|1\n|-supereffective|p2b: Archaludon|1\n|-damage|p1b: Starmie|13/100\n|-damage|p2a: Sneasler|37/100\n|-damage|p2b: Archaludon|81/100\n|-ability|p2b: Archaludon|Stamina|boost\n|-boost|p2b: Archaludon|def|1\n|move|p1b: Starmie|Skill Swap|p1a: Typhlosion\n|-activate|p1b: Starmie|Skill Swap|||[of] p1a: Typhlosion\n|move|p2b: Archaludon|Draco Meteor|p1a: Typhlosion\n|-damage|p1a: Typhlosion|0 fnt\n|-unboost|p2b: Archaludon|spa|2\n|faint|p1a: Typhlosion\n|\n|-heal|p2b: Archaludon|87/100|[from] item: Leftovers\n|upkeep\n|turn|9\n|-message|CaptainFP forfeited.\n|\n|win|Slashcrobat\n|raw|CaptainFP's rating: 1097 &rarr; <strong>1074</strong><br />(-23 for losing)\n|raw|Slashcrobat's rating: 1117 &rarr; <strong>1141</strong><br />(+24 for winning)\n|l|\u2606CaptainFP\n|player|p1|\n",
  "uploadtime": 1776677440,
  "views": 8,
  "formatid": "gen9championsvgc2026regma",
  "rating": 1074,
  "private": 0,
  "password": null
}