{
  "id": "gen9championsvgc2026regma-2588425689",
  "format": "[Gen 9 Champions] VGC 2026 Reg M-A",
  "players": [
    "Snow_Rob",
    "LightningBlizzard"
  ],
  "log": "|j|\u2606Snow_Rob\n|j|\u2606LightningBlizzard\n|t:|1776632467\n|gametype|doubles\n|player|p1|Snow_Rob|workerice|1087\n|player|p2|LightningBlizzard|brycen|1162\n|gen|9\n|tier|[Gen 9 Champions] VGC 2026 Reg M-A\n|rated|\n|rule|Species Clause: Limit one of each Pok\u00e9mon\n|rule|Item Clause: Limit 1 of each item\n|clearpoke\n|poke|p1|Froslass, L50, F|\n|poke|p1|Rotom-Frost, L50|\n|poke|p1|Garchomp, L50, F|\n|poke|p1|Milotic, L50, F|\n|poke|p1|Sneasler, L50, M|\n|poke|p1|Talonflame, L50, M|\n|poke|p2|Froslass, L50, F, shiny|\n|poke|p2|Drampa, L50, F, shiny|\n|poke|p2|Alakazam, L50, F, shiny|\n|poke|p2|Orthworm, L50, M, shiny|\n|poke|p2|Garchomp, L50, M, shiny|\n|poke|p2|Basculegion, L50, M, shiny|\n|teampreview|4\n|inactive|Battle timer is ON: inactive players will automatically lose when time's up. (requested by LightningBlizzard)\n|\n|t:|1776632488\n|teamsize|p1|4\n|teamsize|p2|4\n|start\n|switch|p1a: Froslass|Froslass, L50, F|100/100\n|switch|p1b: Talonflame|Talonflame, L50, M|100/100\n|switch|p2a: Orthworm|Orthworm, L50, M, shiny|100/100\n|switch|p2b: Garchomp|Garchomp, L50, M, shiny|100/100\n|turn|1\n|\n|t:|1776632504\n|detailschange|p1a: Froslass|Froslass-Mega, L50, F\n|-mega|p1a: Froslass|Froslass|Froslassite\n|-weather|Snowscape|[from] ability: Snow Warning|[of] p1a: Froslass\n|move|p1b: Talonflame|Tailwind|p1b: Talonflame\n|-sidestart|p1: Snow_Rob|move: Tailwind\n|move|p1a: Froslass|Blizzard|p2a: Orthworm|[spread] p2a,p2b\n|-resisted|p2a: Orthworm|1\n|-supereffective|p2b: Garchomp|2\n|-damage|p2a: Orthworm|66/100\n|-enditem|p2b: Garchomp|Focus Sash\n|-damage|p2b: Garchomp|1/100\n|move|p2b: Garchomp|Rock Slide|p1b: Talonflame|[spread] p1b\n|-miss|p2b: Garchomp|p1a: Froslass\n|-supereffective|p1b: Talonflame|2\n|-enditem|p1b: Talonflame|Focus Sash\n|-damage|p1b: Talonflame|1/100\n|move|p2a: Orthworm|Shed Tail|p2a: Orthworm\n|-start|p2a: Orthworm|Substitute|[from] move: Shed Tail\n|-damage|p2a: Orthworm|15/100\n|-enditem|p2a: Orthworm|Sitrus Berry|[eat]\n|-heal|p2a: Orthworm|40/100|[from] item: Sitrus Berry\n|\n|t:|1776632522\n|switch|p2a: Froslass|Froslass, L50, F, shiny|100/100|[from] Shed Tail\n|\n|-weather|Snowscape|[upkeep]\n|upkeep\n|turn|2\n|inactive|Snow_Rob has 30 seconds left.\n|\n|t:|1776632554\n|move|p2a: Froslass|Protect|p2a: Froslass\n|-singleturn|p2a: Froslass|Protect\n|move|p2b: Garchomp|Protect|p2b: Garchomp\n|-singleturn|p2b: Garchomp|Protect\n|move|p1b: Talonflame|Flare Blitz|p2a: Froslass\n|-activate|p2a: Froslass|move: Protect\n|move|p1a: Froslass|Blizzard|p2a: Froslass|[spread] \n|-activate|p2a: Froslass|move: Protect\n|-activate|p2b: Garchomp|move: Protect\n|\n|-weather|Snowscape|[upkeep]\n|upkeep\n|turn|3\n|inactive|LightningBlizzard has 30 seconds left.\n|\n|t:|1776632583\n|detailschange|p2a: Froslass|Froslass-Mega, L50, F, shiny\n|-mega|p2a: Froslass|Froslass|Froslassite\n|move|p2b: Garchomp|Protect|p2b: Garchomp\n|-singleturn|p2b: Garchomp|Protect\n|move|p1b: Talonflame|Flare Blitz|p2a: Froslass\n|-supereffective|p2a: Froslass|1\n|-end|p2a: Froslass|Substitute\n|-damage|p1b: Talonflame|0 fnt|[from] Recoil|[of] p2a: Froslass\n|faint|p1b: Talonflame\n|move|p1a: Froslass|Shadow Ball|p2a: Froslass\n|-supereffective|p2a: Froslass|1\n|-damage|p2a: Froslass|0 fnt\n|faint|p2a: Froslass\n|\n|-weather|Snowscape|[upkeep]\n|upkeep\n|\n|t:|1776632601\n|switch|p1b: Garchomp|Garchomp, L50, F|100/100\n|switch|p2a: Orthworm|Orthworm, L50, M, shiny|40/100\n|turn|4\n|\n|t:|1776632612\n|move|p2a: Orthworm|Protect|p2a: Orthworm\n|-singleturn|p2a: Orthworm|Protect\n|move|p1b: Garchomp|Dragon Claw|p2b: Garchomp\n|-supereffective|p2b: Garchomp|1\n|-crit|p2b: Garchomp\n|-damage|p2b: Garchomp|0 fnt\n|-damage|p1b: Garchomp|88/100|[from] ability: Rough Skin|[of] p2b: Garchomp\n|faint|p2b: Garchomp\n|move|p1a: Froslass|Blizzard|p2a: Orthworm\n|-activate|p2a: Orthworm|move: Protect\n|\n|-weather|Snowscape|[upkeep]\n|-sideend|p1: Snow_Rob|move: Tailwind\n|upkeep\n|\n|t:|1776632623\n|switch|p2b: Basculegion|Basculegion, L50, M, shiny|100/100\n|turn|5\n|\n|t:|1776632644\n|switch|p1a: Rotom|Rotom-Frost, L50|100/100\n|move|p1b: Garchomp|Dragon Claw|p2a: Orthworm\n|-resisted|p2a: Orthworm|1\n|-damage|p2a: Orthworm|24/100\n|move|p2b: Basculegion|Last Respects|p1a: Rotom\n|-damage|p1a: Rotom|40/100\n|-enditem|p1a: Rotom|Sitrus Berry|[eat]\n|-heal|p1a: Rotom|64/100|[from] item: Sitrus Berry\n|move|p2a: Orthworm|Body Press|p1b: Garchomp\n|-damage|p1b: Garchomp|55/100\n|-damage|p2a: Orthworm|11/100|[from] ability: Rough Skin|[of] p1b: Garchomp\n|\n|-weather|none\n|upkeep\n|turn|6\n|\n|t:|1776632668\n|move|p1b: Garchomp|Dragon Claw|p2b: Basculegion\n|-damage|p2b: Basculegion|38/100\n|move|p2b: Basculegion|Last Respects|p1a: Rotom\n|-damage|p1a: Rotom|0 fnt\n|faint|p1a: Rotom\n|move|p2a: Orthworm|Heavy Slam|p1b: Garchomp\n|-damage|p1b: Garchomp|28/100\n|-damage|p2a: Orthworm|0 fnt|[from] ability: Rough Skin|[of] p1b: Garchomp\n|faint|p2a: Orthworm\n|\n|upkeep\n|\n|t:|1776632681\n|switch|p1a: Froslass|Froslass-Mega, L50, F|100/100\n|-weather|Snowscape|[from] ability: Snow Warning|[of] p1a: Froslass\n|turn|7\n|\n|t:|1776632688\n|move|p1b: Garchomp|Dragon Claw|p2b: Basculegion\n|-damage|p2b: Basculegion|0 fnt\n|faint|p2b: Basculegion\n|\n|win|Snow_Rob\n|raw|Snow_Rob's rating: 1087 &rarr; <strong>1120</strong><br />(+33 for winning)\n|raw|LightningBlizzard's rating: 1162 &rarr; <strong>1132</strong><br />(-30 for losing)\n|l|\u2606LightningBlizzard\n|player|p2|\n",
  "uploadtime": 1776632695,
  "views": 11,
  "formatid": "gen9championsvgc2026regma",
  "rating": 1120,
  "private": 0,
  "password": null
}