{
  "id": "gen9championsvgc2026regma-2588722257",
  "format": "[Gen 9 Champions] VGC 2026 Reg M-A",
  "players": [
    "Hero no more",
    "ADV169"
  ],
  "log": "|j|\u2606Hero no more\n|j|\u2606ADV169\n|t:|1776662047\n|gametype|doubles\n|player|p1|Hero no more|winona|1114\n|player|p2|ADV169|lass-gen4|1180\n|gen|9\n|tier|[Gen 9 Champions] VGC 2026 Reg M-A\n|rated|\n|rule|Species Clause: Limit one of each Pok\u00e9mon\n|rule|Item Clause: Limit 1 of each item\n|clearpoke\n|poke|p1|Whimsicott, L50, M|\n|poke|p1|Lucario, L50, F|\n|poke|p1|Dragapult, L50, M|\n|poke|p1|Sableye, L50, M|\n|poke|p1|Polteageist, L50|\n|poke|p1|Maushold, L50|\n|poke|p2|Gardevoir, L50, M|\n|poke|p2|Farigiraf, L50, F|\n|poke|p2|Incineroar, L50, F|\n|poke|p2|Rotom-Wash, L50|\n|poke|p2|Archaludon, L50, F|\n|poke|p2|Sinistcha, L50|\n|teampreview|4\n|inactive|Battle timer is ON: inactive players will automatically lose when time's up. (requested by Hero no more)\n|inactive|Hero no more has 60 seconds left.\n|\n|t:|1776662101\n|teamsize|p1|4\n|teamsize|p2|4\n|start\n|switch|p1a: Polteageist|Polteageist, L50|100/100\n|switch|p1b: Dragapult|Dragapult, L50, M|100/100\n|switch|p2a: Carcosa|Farigiraf, L50, F|100/100\n|switch|p2b: Poppy juice|Sinistcha, L50|100/100\n|turn|1\n|\n|t:|1776662114\n|move|p1b: Dragapult|U-turn|p2b: Poppy juice\n|-damage|p2b: Poppy juice|83/100\n|\n|t:|1776662117\n|switch|p1b: Sableye|Sableye, L50, M|100/100|[from] U-turn\n|move|p1a: Polteageist|Trick|p2a: Carcosa\n|-activate|p1a: Polteageist|move: Trick|[of] p2a: Carcosa\n|-item|p2a: Carcosa|Choice Scarf|[from] move: Trick\n|-item|p1a: Polteageist|Sitrus Berry|[from] move: Trick\n|move|p2a: Carcosa|Psychic Terrain|p2a: Carcosa\n|-fieldstart|move: Psychic Terrain\n|move|p2b: Poppy juice|Trick Room|p2b: Poppy juice\n|-fieldstart|move: Trick Room|[of] p2b: Poppy juice\n|\n|upkeep\n|turn|2\n|inactive|Hero no more has 30 seconds left.\n|inactive|ADV169 has 30 seconds left.\n|\n|t:|1776662147\n|switch|p1b: Dragapult|Dragapult, L50, M|100/100\n|switch|p2a: Monet\u2640\ufe0f|Gardevoir, L50, M|100/100\n|move|p2b: Poppy juice|Shadow Ball|p1a: Polteageist\n|-supereffective|p1a: Polteageist|1\n|-damage|p1a: Polteageist|22/100\n|-enditem|p1a: Polteageist|Sitrus Berry|[eat]\n|-heal|p1a: Polteageist|46/100|[from] item: Sitrus Berry\n|move|p1a: Polteageist|Shadow Ball|p2a: Monet\u2640\ufe0f\n|-supereffective|p2a: Monet\u2640\ufe0f|1\n|-damage|p2a: Monet\u2640\ufe0f|15/100\n|-unboost|p2a: Monet\u2640\ufe0f|spd|1\n|\n|upkeep\n|turn|3\n|\n|t:|1776662168\n|detailschange|p2a: Monet\u2640\ufe0f|Gardevoir-Mega, L50, M\n|-mega|p2a: Monet\u2640\ufe0f|Gardevoir|Gardevoirite\n|move|p1b: Dragapult|Protect|p1b: Dragapult\n|-singleturn|p1b: Dragapult|Protect\n|move|p2b: Poppy juice|Shadow Ball|p1a: Polteageist\n|-supereffective|p1a: Polteageist|1\n|-damage|p1a: Polteageist|0 fnt\n|-start|p2b: Poppy juice|Disable|Shadow Ball|[from] ability: Cursed Body|[of] p1a: Polteageist\n|faint|p1a: Polteageist\n|move|p2a: Monet\u2640\ufe0f|Hyper Voice|p1b: Dragapult\n|-activate|p1b: Dragapult|move: Protect\n|\n|upkeep\n|\n|t:|1776662182\n|switch|p1a: Lucario|Lucario, L50, F|100/100\n|turn|4\n|\n|t:|1776662200\n|move|p1a: Lucario|Protect|p1a: Lucario\n|-singleturn|p1a: Lucario|Protect\n|move|p2b: Poppy juice|Matcha Gotcha|p1b: Dragapult|[spread] p1b\n|-activate|p1a: Lucario|move: Protect\n|-resisted|p1b: Dragapult|1\n|-damage|p1b: Dragapult|84/100\n|-heal|p2b: Poppy juice|91/100|[from] drain|[of] p1b: Dragapult\n|move|p2a: Monet\u2640\ufe0f|Hyper Voice|p1a: Lucario|[spread] p1b\n|-activate|p1a: Lucario|move: Protect\n|-supereffective|p1b: Dragapult|1\n|-damage|p1b: Dragapult|0 fnt\n|faint|p1b: Dragapult\n|\n|upkeep\n|\n|t:|1776662211\n|switch|p1b: Sableye|Sableye, L50, M|100/100\n|turn|5\n|\n|t:|1776662231\n|detailschange|p1a: Lucario|Lucario-Mega, L50, F\n|-mega|p1a: Lucario|Lucario|Lucarionite\n|move|p1b: Sableye|Fake Out|p2b: Poppy juice\n|-activate|p2b: Poppy juice|move: Psychic Terrain\n|move|p2b: Poppy juice|Life Dew|p2b: Poppy juice|[spread] p2a,p2b\n|-heal|p2a: Monet\u2640\ufe0f|40/100\n|-heal|p2b: Poppy juice|100/100\n|move|p2a: Monet\u2640\ufe0f|Hyper Voice|p1b: Sableye|[spread] p1a,p1b\n|-supereffective|p1b: Sableye|1\n|-damage|p1a: Lucario|16/100\n|-damage|p1b: Sableye|0 fnt\n|faint|p1b: Sableye\n|move|p1a: Lucario|Meteor Mash|p2a: Monet\u2640\ufe0f|[miss]\n|-miss|p1a: Lucario|p2a: Monet\u2640\ufe0f\n|\n|-fieldend|move: Trick Room\n|-fieldend|move: Psychic Terrain\n|upkeep\n|turn|6\n|-message|Hero no more forfeited.\n|\n|win|ADV169\n|raw|Hero no more's rating: 1114 &rarr; <strong>1094</strong><br />(-20 for losing)\n|raw|ADV169's rating: 1180 &rarr; <strong>1200</strong><br />(+20 for winning)\n|l|\u2606Hero no more\n|player|p1|\n",
  "uploadtime": 1776662257,
  "views": 10,
  "formatid": "gen9championsvgc2026regma",
  "rating": 1094,
  "private": 0,
  "password": null
}