{
  "id": "gen9championsvgc2026regma-2588290548",
  "format": "[Gen 9 Champions] VGC 2026 Reg M-A",
  "players": [
    "jonathan53332",
    "linkmasterjr"
  ],
  "log": "|j|\u2606jonathan53332\n|j|\u2606linkmasterjr\n|html|<table width=\"100%\"><tr><td align=\"left\">jonathan53332</td><td align=\"right\">linkmasterjr</tr><tr><td align=\"left\"><i class=\"fa fa-circle\"></i> <i class=\"fa fa-circle-o\"></i> </td><td align=\"right\"><i class=\"fa fa-circle-o\"></i> <i class=\"fa fa-circle\"></i> </tr></table>\n|uhtml|bestof|<h2><strong>Game 3</strong> of <a href=\"/game-bestof3-gen9championsvgc2026regma-2588284602\">a best-of-3</a></h2>\n|t:|1776621418\n|gametype|doubles\n|player|p1|jonathan53332|2|\n|player|p2|linkmasterjr|102|\n|gen|9\n|tier|[Gen 9 Champions] VGC 2026 Reg M-A\n|rule|Species Clause: Limit one of each Pok\u00e9mon\n|rule|Item Clause: Limit 1 of each item\n|raw|<div class=\"infobox\"><details class=\"readmore\" open><summary><strong>1 custom rule:</strong></summary> Best of = 3</details></div>\n|clearpoke\n|poke|p1|Meganium, L50, M|\n|poke|p1|Pelipper, L50, M|\n|poke|p1|Primarina, L50, F|\n|poke|p1|Dragonite, L50, M|\n|poke|p1|Sinistcha-Masterpiece, L50, shiny|\n|poke|p1|Maushold-Four, L50, shiny|\n|poke|p2|Zoroark-Hisui, L50, F, shiny|\n|poke|p2|Greninja, L50, F|\n|poke|p2|Whimsicott, L50, F, shiny|\n|poke|p2|Dragonite, L50, F|\n|poke|p2|Kingambit, L50, F|\n|poke|p2|Sylveon, L50, F|\n|teampreview|4\n|\n|t:|1776621451\n|teamsize|p1|4\n|teamsize|p2|4\n|start\n|switch|p1a: Meganium|Meganium, L50, M|100/100\n|switch|p1b: Dragonite|Dragonite, L50, M|100/100\n|switch|p2a: Sylveon|Sylveon, L50, F|100/100\n|switch|p2b: Dragonite|Dragonite, L50, F|100/100\n|turn|1\n|\n|t:|1776621474\n|detailschange|p1a: Meganium|Meganium-Mega, L50, M\n|-mega|p1a: Meganium|Meganium|Meganiumite\n|move|p2b: Dragonite|Protect|p2b: Dragonite\n|-singleturn|p2b: Dragonite|Protect\n|move|p1a: Meganium|Dazzling Gleam|p2b: Dragonite|[spread] p2a\n|-activate|p2b: Dragonite|move: Protect\n|-damage|p2a: Sylveon|75/100\n|move|p1b: Dragonite|Draco Meteor|p2b: Dragonite\n|-activate|p2b: Dragonite|move: Protect\n|move|p2a: Sylveon|Hyper Voice|p1a: Meganium|[spread] p1a,p1b\n|-crit|p1a: Meganium\n|-supereffective|p1b: Dragonite|1\n|-damage|p1a: Meganium|35/100\n|-damage|p1b: Dragonite|64/100\n|\n|upkeep\n|turn|2\n|\n|t:|1776621489\n|switch|p2b: Whimsicott|Whimsicott, L50, F, shiny|100/100\n|switch|p1b: Sinistcha|Sinistcha-Masterpiece, L50, shiny|100/100\n|-heal|p1a: Meganium|60/100|[from] ability: Hospitality|[of] p1b: Sinistcha\n|move|p1a: Meganium|Dazzling Gleam|p2a: Sylveon|[spread] p2a,p2b\n|-damage|p2a: Sylveon|53/100\n|-damage|p2b: Whimsicott|56/100\n|move|p2a: Sylveon|Hyper Voice|p1a: Meganium|[spread] p1a,p1b\n|-damage|p1a: Meganium|15/100\n|-damage|p1b: Sinistcha|51/100\n|\n|-heal|p2b: Whimsicott|62/100|[from] item: Leftovers\n|upkeep\n|turn|3\n|\n|t:|1776621510\n|switch|p1a: Pelipper|Pelipper, L50, M|100/100\n|-weather|RainDance|[from] ability: Drizzle|[of] p1a: Pelipper\n|move|p2b: Whimsicott|Encore||[still]\n|-fail|p2b: Whimsicott\n|move|p1b: Sinistcha|Matcha Gotcha|p2a: Sylveon|[spread] p2b\n|-miss|p1b: Sinistcha|p2a: Sylveon\n|-resisted|p2b: Whimsicott|1\n|-damage|p2b: Whimsicott|39/100\n|-heal|p1b: Sinistcha|60/100|[from] drain|[of] p2b: Whimsicott\n|move|p2a: Sylveon|Shadow Ball|p1b: Sinistcha\n|-supereffective|p1b: Sinistcha|1\n|-damage|p1b: Sinistcha|0 fnt\n|faint|p1b: Sinistcha\n|\n|-weather|RainDance|[upkeep]\n|-heal|p2b: Whimsicott|45/100|[from] item: Leftovers\n|upkeep\n|\n|t:|1776621523\n|switch|p1b: Meganium|Meganium-Mega, L50, M|15/100\n|turn|4\n|\n|t:|1776621533\n|move|p1a: Pelipper|Wide Guard|p1a: Pelipper\n|-singleturn|p1a: Pelipper|Wide Guard\n|move|p1b: Meganium|Synthesis|p1b: Meganium\n|-heal|p1b: Meganium|82/100\n|move|p2a: Sylveon|Hyper Voice|p1b: Meganium|[spread] \n|-activate|p1a: Pelipper|move: Wide Guard\n|-activate|p1b: Meganium|move: Wide Guard\n|move|p2b: Whimsicott|Trick Room|p2b: Whimsicott\n|-fieldstart|move: Trick Room|[of] p2b: Whimsicott\n|\n|-weather|RainDance|[upkeep]\n|-heal|p2b: Whimsicott|51/100|[from] item: Leftovers\n|upkeep\n|turn|5\n|\n|t:|1776621550\n|move|p2a: Sylveon|Hyper Voice|p1a: Pelipper|[spread] p1a,p1b\n|-damage|p1a: Pelipper|26/100\n|-damage|p1b: Meganium|44/100\n|move|p1a: Pelipper|Icy Wind|p2a: Sylveon|[spread] p2a,p2b\n|-supereffective|p2b: Whimsicott|1\n|-crit|p2b: Whimsicott\n|-damage|p2a: Sylveon|44/100\n|-damage|p2b: Whimsicott|0 fnt\n|-unboost|p2a: Sylveon|spe|1\n|faint|p2b: Whimsicott\n|move|p1b: Meganium|Synthesis|p1b: Meganium\n|-heal|p1b: Meganium|100/100\n|\n|-weather|RainDance|[upkeep]\n|upkeep\n|\n|t:|1776621557\n|switch|p2b: Kingambit|Kingambit, L50, F|100/100\n|turn|6\n|\n|t:|1776621572\n|move|p1a: Pelipper|Wide Guard|p1a: Pelipper\n|-singleturn|p1a: Pelipper|Wide Guard\n|move|p2a: Sylveon|Hyper Voice|p1b: Meganium|[spread] \n|-activate|p1a: Pelipper|move: Wide Guard\n|-activate|p1b: Meganium|move: Wide Guard\n|move|p2b: Kingambit|Poison Jab|p1b: Meganium\n|-supereffective|p1b: Meganium|2\n|-damage|p1b: Meganium|0 fnt\n|faint|p1b: Meganium\n|\n|-weather|RainDance|[upkeep]\n|upkeep\n|\n|t:|1776621583\n|switch|p1b: Dragonite|Dragonite, L50, M|64/100\n|turn|7\n|\n|t:|1776621596\n|move|p1a: Pelipper|Wide Guard|p1a: Pelipper\n|-singleturn|p1a: Pelipper|Wide Guard\n|move|p2a: Sylveon|Hyper Voice|p1b: Dragonite|[spread] \n|-activate|p1a: Pelipper|move: Wide Guard\n|-activate|p1b: Dragonite|move: Wide Guard\n|move|p2b: Kingambit|Poison Jab|p1a: Pelipper\n|-damage|p1a: Pelipper|0 fnt\n|faint|p1a: Pelipper\n|move|p1b: Dragonite|Draco Meteor|p2b: Kingambit\n|-resisted|p2b: Kingambit|1\n|-damage|p2b: Kingambit|64/100\n|-unboost|p1b: Dragonite|spa|2\n|\n|-weather|none\n|upkeep\n|turn|8\n|\n|t:|1776621614\n|move|p2a: Sylveon|Hyper Voice|p1b: Dragonite\n|-supereffective|p1b: Dragonite|1\n|-crit|p1b: Dragonite\n|-damage|p1b: Dragonite|0 fnt\n|faint|p1b: Dragonite\n|\n|win|linkmasterjr\n",
  "uploadtime": 1776621616,
  "views": 6,
  "formatid": "gen9championsvgc2026regma",
  "rating": null,
  "private": 0,
  "password": null
}