{
  "id": "gen9championsvgc2026regma-2581246038",
  "format": "[Gen 9 Champions] VGC 2026 Reg M-A",
  "players": [
    "Cellpab1",
    "sjysjy"
  ],
  "log": "|j|\u2606Cellpab1\n|j|\u2606sjysjy\n|t:|1775975742\n|gametype|doubles\n|player|p1|Cellpab1|1|1310\n|player|p2|sjysjy|265|1331\n|gen|9\n|tier|[Gen 9 Champions] VGC 2026 Reg M-A\n|rated|\n|rule|Species Clause: Limit one of each Pok\u00e9mon\n|rule|Item Clause: Limit 1 of each item\n|clearpoke\n|poke|p1|Kingambit, L50, M|\n|poke|p1|Dragonite, L50, M|\n|poke|p1|Sneasler, L50, F|\n|poke|p1|Venusaur, L50, F|\n|poke|p1|Incineroar, L50, M|\n|poke|p1|Basculegion, L50, M|\n|poke|p2|Gengar, L50, F|\n|poke|p2|Garchomp, L50, F|\n|poke|p2|Whimsicott, L50, F|\n|poke|p2|Typhlosion-Hisui, L50, F|\n|poke|p2|Kingambit, L50, F|\n|poke|p2|Rotom-Wash, L50|\n|teampreview|4\n|inactive|Battle timer is ON: inactive players will automatically lose when time's up. (requested by Cellpab1)\n|inactive|Cellpab1 has 60 seconds left.\n|inactive|Cellpab1 has 30 seconds left.\n|\n|t:|1775975812\n|teamsize|p1|4\n|teamsize|p2|4\n|start\n|switch|p1a: Kingambit|Kingambit, L50, M|100/100\n|switch|p1b: Venusaur|Venusaur, L50, F|100/100\n|switch|p2a: Garchomp|Garchomp, L50, F|100/100\n|switch|p2b: Rotom|Rotom-Wash, L50|100/100\n|turn|1\n|inactive|Cellpab1 has 30 seconds left.\n|\n|t:|1775975844\n|detailschange|p1b: Venusaur|Venusaur-Mega, L50, F\n|-mega|p1b: Venusaur|Venusaur|Venusaurite\n|move|p2a: Garchomp|Earthquake|p1a: Kingambit|[spread] p1a,p1b\n|-immune|p2b: Rotom|[from] ability: Levitate\n|-supereffective|p1a: Kingambit|1\n|-damage|p1a: Kingambit|41/100\n|-damage|p1b: Venusaur|68/100\n|move|p2b: Rotom|Volt Switch|p1b: Venusaur\n|-resisted|p1b: Venusaur|1\n|-damage|p1b: Venusaur|58/100\n|\n|t:|1775975854\n|switch|p2b: Kingambit|Kingambit, L50, F|100/100|[from] Volt Switch\n|move|p1b: Venusaur|Leech Seed|p2a: Garchomp\n|-start|p2a: Garchomp|move: Leech Seed\n|move|p1a: Kingambit|Swords Dance|p1a: Kingambit\n|-boost|p1a: Kingambit|atk|2\n|\n|-damage|p2a: Garchomp|88/100|[from] Leech Seed|[of] p1b: Venusaur\n|-heal|p1b: Venusaur|71/100|[silent]\n|upkeep\n|turn|2\n|inactive|Cellpab1 has 30 seconds left.\n|inactive|Cellpab1 has 20 seconds left.\n|inactive|Cellpab1 has 15 seconds left.\n|inactive|Cellpab1 has 10 seconds left.\n|inactive|Cellpab1 has 5 seconds left.\n|\n|t:|1775975907\n|move|p2b: Kingambit|Protect|p2b: Kingambit\n|-singleturn|p2b: Kingambit|Protect\n|move|p2a: Garchomp|Earthquake|p1b: Venusaur|[spread] p1a,p1b\n|-activate|p2b: Kingambit|move: Protect\n|-supereffective|p1a: Kingambit|1\n|-damage|p1a: Kingambit|0 fnt\n|-damage|p1b: Venusaur|41/100\n|faint|p1a: Kingambit\n|move|p1b: Venusaur|Sludge Bomb|p2a: Garchomp\n|-resisted|p2a: Garchomp|1\n|-damage|p2a: Garchomp|65/100\n|-status|p2a: Garchomp|psn\n|\n|-heal|p2a: Garchomp|71/100 psn|[from] item: Leftovers\n|-damage|p2a: Garchomp|59/100 psn|[from] Leech Seed|[of] p1b: Venusaur\n|-heal|p1b: Venusaur|54/100|[silent]\n|-damage|p2a: Garchomp|46/100 psn|[from] psn\n|upkeep\n|j| kanp\n|\n|t:|1775975926\n|switch|p1a: Sneasler|Sneasler, L50, F|100/100\n|turn|3\n|inactive|Cellpab1 has 30 seconds left.\n|inactive|Cellpab1 has 20 seconds left.\n|\n|t:|1775975964\n|switch|p2a: Gengar|Gengar, L50, F|100/100\n|switch|p2b: Rotom|Rotom-Wash, L50|100/100\n|move|p1a: Sneasler|Protect|p1a: Sneasler\n|-singleturn|p1a: Sneasler|Protect\n|move|p1b: Venusaur|Earth Power|p2a: Gengar\n|-supereffective|p2a: Gengar|1\n|-damage|p2a: Gengar|16/100\n|-start|p1b: Venusaur|Disable|Earth Power|[from] ability: Cursed Body|[of] p2a: Gengar\n|\n|upkeep\n|turn|4\n|inactive|Cellpab1 has 30 seconds left.\n|inactive|Cellpab1 has 20 seconds left.\n|inactive|Cellpab1 has 15 seconds left.\n|inactive|Cellpab1 has 10 seconds left.\n|inactive|Cellpab1 has 5 seconds left.\n|\n|t:|1775976017\n|switch|p1b: Dragonite|Dragonite, L50, M|100/100\n|detailschange|p2a: Gengar|Gengar-Mega, L50, F\n|-mega|p2a: Gengar|Gengar|Gengarite\n|move|p2a: Gengar|Protect|p2a: Gengar\n|-singleturn|p2a: Gengar|Protect\n|move|p1a: Sneasler|Dire Claw|p2b: Rotom\n|-damage|p2b: Rotom|56/100\n|move|p2b: Rotom|Will-O-Wisp|p1a: Sneasler\n|-status|p1a: Sneasler|brn\n|\n|-damage|p1a: Sneasler|95/100 brn|[from] brn\n|upkeep\n|turn|5\n|inactive|Cellpab1 has 30 seconds left.\n|j| index0405\n|inactive|Cellpab1 has 20 seconds left.\n|inactive|Cellpab1 has 15 seconds left.\n|\n|t:|1775976061\n|move|p2a: Gengar|Icy Wind|p1a: Sneasler|[spread] p1a,p1b\n|-supereffective|p1b: Dragonite|2\n|-damage|p1a: Sneasler|70/100 brn\n|-damage|p1b: Dragonite|72/100\n|-unboost|p1a: Sneasler|spe|1\n|-unboost|p1b: Dragonite|spe|1\n|move|p2b: Rotom|Will-O-Wisp|p1b: Dragonite\n|-status|p1b: Dragonite|brn\n|move|p1a: Sneasler|Dire Claw|p2b: Rotom\n|-damage|p2b: Rotom|32/100\n|-enditem|p2b: Rotom|Sitrus Berry|[eat]\n|-heal|p2b: Rotom|56/100|[from] item: Sitrus Berry\n|move|p1b: Dragonite|Dragon Pulse|p2a: Gengar\n|-damage|p2a: Gengar|0 fnt\n|faint|p2a: Gengar\n|\n|-damage|p1a: Sneasler|64/100 brn|[from] brn\n|-damage|p1b: Dragonite|66/100 brn|[from] brn\n|upkeep\n|l| index0405\n|j| gE1xjZRtuhW2DdT0AK\n|\n|t:|1775976078\n|switch|p2a: Garchomp|Garchomp, L50, F|46/100 psn\n|turn|6\n|inactive|Cellpab1 has 30 seconds left.\n|inactive|Cellpab1 has 20 seconds left.\n|j| darryj\n|inactive|Cellpab1 has 15 seconds left.\n|l| gE1xjZRtuhW2DdT0AK\n|inactive|Cellpab1 has 10 seconds left.\n|\n|t:|1775976127\n|switch|p1a: Venusaur|Venusaur-Mega, L50, F|54/100\n|move|p2a: Garchomp|Dragon Claw|p1b: Dragonite\n|-supereffective|p1b: Dragonite|1\n|-damage|p1b: Dragonite|0 fnt\n|faint|p1b: Dragonite\n|move|p2b: Rotom|Thunderbolt|p1a: Venusaur\n|-resisted|p1a: Venusaur|1\n|-damage|p1a: Venusaur|41/100\n|\n|-heal|p2a: Garchomp|52/100 psn|[from] item: Leftovers\n|-damage|p2a: Garchomp|40/100 psn|[from] psn\n|upkeep\n|\n|t:|1775976134\n|switch|p1b: Sneasler|Sneasler, L50, F|64/100 brn\n|turn|7\n|\n|t:|1775976157\n|move|p1b: Sneasler|Protect|p1b: Sneasler\n|-singleturn|p1b: Sneasler|Protect\n|move|p1a: Venusaur|Protect|p1a: Venusaur\n|-singleturn|p1a: Venusaur|Protect\n|move|p2a: Garchomp|Earthquake|p1b: Sneasler|[spread] \n|-activate|p1a: Venusaur|move: Protect\n|-activate|p1b: Sneasler|move: Protect\n|-immune|p2b: Rotom|[from] ability: Levitate\n|move|p2b: Rotom|Thunderbolt|p1b: Sneasler\n|-activate|p1b: Sneasler|move: Protect\n|\n|-heal|p2a: Garchomp|46/100 psn|[from] item: Leftovers\n|-damage|p2a: Garchomp|33/100 psn|[from] psn\n|-damage|p1b: Sneasler|59/100 brn|[from] brn\n|upkeep\n|turn|8\n|\n|t:|1775976164\n|move|p1b: Sneasler|Close Combat|p2a: Garchomp\n|-damage|p2a: Garchomp|2/100 psn\n|-unboost|p1b: Sneasler|def|1\n|-unboost|p1b: Sneasler|spd|1\n|-damage|p1b: Sneasler|46/100 brn|[from] ability: Rough Skin|[of] p2a: Garchomp\n|move|p2a: Garchomp|Earthquake|p1b: Sneasler|[spread] p1a,p1b\n|-immune|p2b: Rotom|[from] ability: Levitate\n|-supereffective|p1b: Sneasler|1\n|-damage|p1a: Venusaur|8/100\n|-damage|p1b: Sneasler|0 fnt\n|faint|p1b: Sneasler\n|move|p2b: Rotom|Thunderbolt|p1a: Venusaur\n|-resisted|p1a: Venusaur|1\n|-damage|p1a: Venusaur|0 fnt\n|faint|p1a: Venusaur\n|\n|win|sjysjy\n|raw|Cellpab1's rating: 1310 &rarr; <strong>1291</strong><br />(-19 for losing)\n|raw|sjysjy's rating: 1331 &rarr; <strong>1350</strong><br />(+19 for winning)\n|l|\u2606Cellpab1\n|player|p1|\n|l|\u2606sjysjy\n|player|p2|\n",
  "uploadtime": 1775976196,
  "views": 27,
  "formatid": "gen9championsvgc2026regma",
  "rating": 1291,
  "private": 0,
  "password": null
}