{
  "id": "gen9championsvgc2026regma-2585483841",
  "format": "[Gen 9 Champions] VGC 2026 Reg M-A",
  "players": [
    "melon storme",
    "ArrancaTangas"
  ],
  "log": "|j|\u2606melon storme\n|j|\u2606ArrancaTangas\n|t:|1776350588\n|gametype|doubles\n|player|p1|melon storme|kieran-festival|1305\n|player|p2|ArrancaTangas|169|1277\n|gen|9\n|tier|[Gen 9 Champions] VGC 2026 Reg M-A\n|rated|\n|rule|Species Clause: Limit one of each Pok\u00e9mon\n|rule|Item Clause: Limit 1 of each item\n|clearpoke\n|poke|p1|Kingambit, L50, F|\n|poke|p1|Zoroark-Hisui, L50, M|\n|poke|p1|Froslass, L50, F|\n|poke|p1|Beartic, L50, F|\n|poke|p1|Primarina, L50, M|\n|poke|p1|Sneasler, L50, F|\n|poke|p2|Floette-Eternal, L50, F|\n|poke|p2|Garchomp, L50, F|\n|poke|p2|Kingambit, L50, M|\n|poke|p2|Basculegion-F, L50, F|\n|poke|p2|Sneasler, L50, M|\n|poke|p2|Froslass, L50, F|\n|teampreview|4\n|\n|t:|1776350622\n|teamsize|p1|4\n|teamsize|p2|4\n|start\n|switch|p1a: Froslass|Froslass, L50, F|100/100\n|switch|p1b: Beartic|Beartic, L50, F|100/100\n|switch|p2a: Floette|Floette-Eternal, L50, F, shiny|100/100\n|switch|p2b: Sneasler|Sneasler, L50, M, shiny|100/100\n|turn|1\n|\n|t:|1776350638\n|switch|p2b: Kingambit|Kingambit, L50, M, shiny|100/100\n|detailschange|p1a: Froslass|Froslass-Mega, L50, F\n|-mega|p1a: Froslass|Froslass|Froslassite\n|-weather|Snowscape|[from] ability: Snow Warning|[of] p1a: Froslass\n|detailschange|p2a: Floette|Floette-Mega, L50, F, shiny\n|-mega|p2a: Floette|Floette|Floettite\n|-ability|p2a: Floette|Fairy Aura\n|move|p1b: Beartic|Protect|p1b: Beartic\n|-singleturn|p1b: Beartic|Protect\n|move|p1a: Froslass|Blizzard|p2b: Kingambit|[spread] p2a,p2b\n|-resisted|p2b: Kingambit|1\n|-damage|p2a: Floette|69/100\n|-damage|p2b: Kingambit|80/100\n|move|p2a: Floette|Dazzling Gleam|p1a: Froslass|[spread] p1a\n|-activate|p1b: Beartic|move: Protect\n|-damage|p1a: Froslass|44/100\n|\n|-weather|Snowscape|[upkeep]\n|upkeep\n|turn|2\n|\n|t:|1776350658\n|move|p2b: Kingambit|Sucker Punch|p1b: Beartic\n|-damage|p1b: Beartic|68/100\n|move|p1b: Beartic|Close Combat|p2b: Kingambit\n|-supereffective|p2b: Kingambit|2\n|-enditem|p2b: Kingambit|Chople Berry|[eat]\n|-enditem|p2b: Kingambit|Chople Berry|[weaken]\n|-damage|p2b: Kingambit|28/100\n|-unboost|p1b: Beartic|def|1\n|-unboost|p1b: Beartic|spd|1\n|move|p1a: Froslass|Aurora Veil|p1a: Froslass\n|-sidestart|p1: melon storme|move: Aurora Veil\n|move|p2a: Floette|Dazzling Gleam|p1a: Froslass|[spread] p1a,p1b\n|-damage|p1a: Froslass|2/100\n|-damage|p1b: Beartic|16/100\n|-enditem|p1b: Beartic|Sitrus Berry|[eat]\n|-heal|p1b: Beartic|41/100|[from] item: Sitrus Berry\n|\n|-weather|Snowscape|[upkeep]\n|upkeep\n|turn|3\n|\n|t:|1776350673\n|move|p2b: Kingambit|Sucker Punch|p1b: Beartic\n|-damage|p1b: Beartic|7/100\n|move|p1b: Beartic|Icicle Crash|p2a: Floette\n|-damage|p2a: Floette|16/100\n|move|p1a: Froslass|Blizzard|p2b: Kingambit|[spread] p2a,p2b\n|-resisted|p2b: Kingambit|1\n|-damage|p2a: Floette|0 fnt\n|-damage|p2b: Kingambit|6/100\n|faint|p2a: Floette\n|\n|-weather|Snowscape|[upkeep]\n|upkeep\n|\n|t:|1776350684\n|switch|p2a: Sneasler|Sneasler, L50, M, shiny|100/100\n|turn|4\n|\n|t:|1776350700\n|switch|p1a: Primarina|Primarina, L50, M|100/100\n|move|p1b: Beartic|Protect|p1b: Beartic\n|-singleturn|p1b: Beartic|Protect\n|move|p2a: Sneasler|Fake Out|p1b: Beartic\n|-activate|p1b: Beartic|move: Protect\n|move|p2b: Kingambit|Sucker Punch||[still]\n|-fail|p2b: Kingambit\n|\n|-weather|Snowscape|[upkeep]\n|upkeep\n|turn|5\n|\n|t:|1776350715\n|switch|p1b: Froslass|Froslass-Mega, L50, F|2/100\n|move|p2b: Kingambit|Sucker Punch||[still]\n|-fail|p2b: Kingambit\n|move|p1a: Primarina|Hyper Voice|p2b: Kingambit|[spread] p2a,p2b\n|-damage|p2a: Sneasler|58/100\n|-damage|p2b: Kingambit|0 fnt\n|faint|p2b: Kingambit\n|move|p2a: Sneasler|Poison Jab|p1a: Primarina\n|-supereffective|p1a: Primarina|1\n|-damage|p1a: Primarina|15/100\n|\n|-weather|none\n|upkeep\n|\n|t:|1776350719\n|switch|p2b: Basculegion|Basculegion-F, L50, F, shiny|100/100\n|turn|6\n|\n|t:|1776350733\n|switch|p1b: Beartic|Beartic, L50, F|7/100\n|move|p2b: Basculegion|Aqua Jet|p1b: Beartic\n|-damage|p1b: Beartic|0 fnt\n|faint|p1b: Beartic\n|move|p1a: Primarina|Hyper Voice|p2a: Sneasler|[spread] p2a,p2b\n|-resisted|p2b: Basculegion|1\n|-damage|p2a: Sneasler|13/100\n|-damage|p2b: Basculegion|82/100\n|move|p2a: Sneasler|Poison Jab|p1a: Primarina\n|-supereffective|p1a: Primarina|1\n|-damage|p1a: Primarina|0 fnt\n|faint|p1a: Primarina\n|\n|-sideend|p1: melon storme|move: Aurora Veil\n|upkeep\n|\n|t:|1776350741\n|switch|p1a: Froslass|Froslass-Mega, L50, F|2/100\n|switch|p1b: Kingambit|Kingambit, L50, F|100/100\n|-weather|Snowscape|[from] ability: Snow Warning|[of] p1a: Froslass\n|turn|7\n|\n|t:|1776350751\n|move|p1a: Froslass|Protect|p1a: Froslass\n|-singleturn|p1a: Froslass|Protect\n|move|p2b: Basculegion|Aqua Jet|p1a: Froslass\n|-activate|p1a: Froslass|move: Protect\n|move|p1b: Kingambit|Sucker Punch|p2a: Sneasler\n|-resisted|p2a: Sneasler|1\n|-damage|p2a: Sneasler|0 fnt\n|faint|p2a: Sneasler\n|\n|-weather|Snowscape|[upkeep]\n|upkeep\n|turn|8\n|c|\u2606melon storme|ggs\n|\n|t:|1776350763\n|move|p2b: Basculegion|Protect|p2b: Basculegion\n|-singleturn|p2b: Basculegion|Protect\n|move|p1a: Froslass|Aurora Veil|p1a: Froslass\n|-sidestart|p1: melon storme|move: Aurora Veil\n|move|p1b: Kingambit|Kowtow Cleave|p2b: Basculegion\n|-activate|p2b: Basculegion|move: Protect\n|\n|-weather|Snowscape|[upkeep]\n|upkeep\n|turn|9\n|\n|t:|1776350770\n|move|p2b: Basculegion|Aqua Jet|p1a: Froslass\n|-damage|p1a: Froslass|0 fnt\n|faint|p1a: Froslass\n|move|p1b: Kingambit|Kowtow Cleave|p2b: Basculegion\n|-supereffective|p2b: Basculegion|1\n|-damage|p2b: Basculegion|0 fnt\n|faint|p2b: Basculegion\n|\n|win|melon storme\n|raw|melon storme's rating: 1305 &rarr; <strong>1323</strong><br />(+18 for winning)\n|raw|ArrancaTangas's rating: 1277 &rarr; <strong>1254</strong><br />(-23 for losing)\n",
  "uploadtime": 1776350780,
  "views": 33,
  "formatid": "gen9championsvgc2026regma",
  "rating": 1254,
  "private": 0,
  "password": null
}