{
  "id": "gen9championsvgc2026regma-2581975545",
  "format": "[Gen 9 Champions] VGC 2026 Reg M-A",
  "players": [
    "mewten000",
    "ffewewdeewd"
  ],
  "log": "|j|\u2606mewten000\n|j|\u2606ffewewdeewd\n|t:|1776044814\n|gametype|doubles\n|player|p1|mewten000|169|1085\n|player|p2|ffewewdeewd|266|1012\n|gen|9\n|tier|[Gen 9 Champions] VGC 2026 Reg M-A\n|rated|\n|rule|Species Clause: Limit one of each Pok\u00e9mon\n|rule|Item Clause: Limit 1 of each item\n|clearpoke\n|poke|p1|Sableye, L50, F|\n|poke|p1|Espathra, L50, F|\n|poke|p1|Floette-Eternal, L50, F|\n|poke|p1|Incineroar, L50, M|\n|poke|p1|Maushold-Four, L50|\n|poke|p1|Sneasler, L50, F|\n|poke|p2|Froslass, L50, F|\n|poke|p2|Rotom-Frost, L50|\n|poke|p2|Garchomp, L50, M|\n|poke|p2|Whimsicott, L50, M|\n|poke|p2|Orthworm, L50, M|\n|poke|p2|Milotic, L50, M|\n|teampreview|4\n|\n|t:|1776044884\n|teamsize|p1|4\n|teamsize|p2|4\n|start\n|switch|p1a: Sableye|Sableye, L50, F|100/100\n|switch|p1b: Espathra|Espathra, L50, F|100/100\n|switch|p2a: Milotic|Milotic, L50, M|100/100\n|switch|p2b: Garchomp|Garchomp, L50, M|100/100\n|turn|1\n|\n|t:|1776044912\n|switch|p2b: Froslass|Froslass, L50, F|100/100\n|move|p1a: Sableye|Gravity|p1a: Sableye\n|-fieldstart|move: Gravity\n|move|p1b: Espathra|Hypnosis|p2b: Froslass\n|-status|p2b: Froslass|slp|[from] move: Hypnosis\n|move|p2a: Milotic|Muddy Water|p1b: Espathra|[spread] p1a,p1b\n|-damage|p1a: Sableye|65/100\n|-damage|p1b: Espathra|59/100\n|\n|-ability|p1b: Espathra|Speed Boost|boost\n|-boost|p1b: Espathra|spe|1\n|upkeep\n|turn|2\n|\n|t:|1776044945\n|detailschange|p2b: Froslass|Froslass-Mega, L50, F\n|-mega|p2b: Froslass|Froslass|Froslassite\n|-weather|Snowscape|[from] ability: Snow Warning|[of] p2b: Froslass\n|cant|p2b: Froslass|slp\n|move|p1a: Sableye|Disable|p2a: Milotic\n|-start|p2a: Milotic|Disable|Muddy Water\n|move|p1b: Espathra|Calm Mind|p1b: Espathra\n|-boost|p1b: Espathra|spa|1\n|-boost|p1b: Espathra|spd|1\n|move|p2a: Milotic|Weather Ball|p1a: Sableye\n|-damage|p1a: Sableye|29/100\n|-enditem|p1a: Sableye|Sitrus Berry|[eat]\n|-heal|p1a: Sableye|54/100|[from] item: Sitrus Berry\n|\n|-weather|Snowscape|[upkeep]\n|-ability|p1b: Espathra|Speed Boost|boost\n|-boost|p1b: Espathra|spe|1\n|upkeep\n|turn|3\n|\n|t:|1776045028\n|move|p1a: Sableye|Encore|p2a: Milotic\n|-start|p2a: Milotic|Encore\n|move|p1b: Espathra|Baton Pass|p1b: Espathra\n|\n|t:|1776045031\n|switch|p1b: Floette|Floette-Eternal, L50, F|100/100|[from] Baton Pass\n|cant|p2b: Froslass|slp\n|move|p2a: Milotic|Weather Ball|p1a: Sableye\n|-damage|p1a: Sableye|22/100\n|\n|-weather|Snowscape|[upkeep]\n|upkeep\n|turn|4\n|\n|t:|1776045072\n|detailschange|p1b: Floette|Floette-Mega, L50, F\n|-mega|p1b: Floette|Floette|Floettite\n|-ability|p1b: Floette|Fairy Aura\n|move|p1a: Sableye|Reflect|p1a: Sableye\n|-sidestart|p1: mewten000|Reflect\n|move|p1b: Floette|Dazzling Gleam|p2b: Froslass|[spread] p2a,p2b\n|-damage|p2a: Milotic|50/100\n|-damage|p2b: Froslass|14/100 slp\n|-curestatus|p2b: Froslass|slp|[msg]\n|move|p2b: Froslass|Blizzard|p1a: Sableye|[spread] p1a,p1b\n|-damage|p1a: Sableye|0 fnt\n|-damage|p1b: Floette|73/100\n|faint|p1a: Sableye\n|move|p2a: Milotic|Weather Ball|p1b: Floette\n|-crit|p1b: Floette\n|-damage|p1b: Floette|30/100\n|\n|-weather|Snowscape|[upkeep]\n|-heal|p2a: Milotic|55/100|[from] item: Leftovers\n|upkeep\n|\n|t:|1776045095\n|switch|p1a: Maushold|Maushold-Four, L50|100/100\n|turn|5\n|\n|t:|1776045119\n|move|p1a: Maushold|Helping Hand|p1b: Floette\n|-singleturn|p1b: Floette|Helping Hand|[of] p1a: Maushold\n|move|p2b: Froslass|Protect|p2b: Froslass\n|-singleturn|p2b: Froslass|Protect\n|move|p1b: Floette|Dazzling Gleam|p2b: Froslass|[spread] p2a\n|-activate|p2b: Froslass|move: Protect\n|-damage|p2a: Milotic|0 fnt\n|faint|p2a: Milotic\n|\n|-weather|Snowscape|[upkeep]\n|-fieldend|move: Gravity\n|upkeep\n|inactive|Battle timer is ON: inactive players will automatically lose when time's up. (requested by mewten000)\n|\n|t:|1776045136\n|switch|p2a: Whimsicott|Whimsicott, L50, M|100/100\n|turn|6\n|\n|t:|1776045154\n|move|p1a: Maushold|Follow Me|p1a: Maushold\n|-singleturn|p1a: Maushold|move: Follow Me\n|move|p2a: Whimsicott|Tailwind|p2a: Whimsicott\n|-sidestart|p2: ffewewdeewd|move: Tailwind\n|move|p2b: Froslass|Blizzard|p1a: Maushold|[spread] p1a,p1b\n|-damage|p1a: Maushold|42/100\n|-damage|p1b: Floette|10/100\n|move|p1b: Floette|Dazzling Gleam|p2a: Whimsicott|[spread] p2a,p2b\n|-damage|p2a: Whimsicott|0 fnt\n|-damage|p2b: Froslass|0 fnt\n|faint|p2a: Whimsicott\n|faint|p2b: Froslass\n|\n|-weather|none\n|upkeep\n|inactive|ffewewdeewd has 30 seconds left.\n|\n|t:|1776045186\n|switch|p2b: Garchomp|Garchomp, L50, M|100/100\n|turn|7\n|\n|t:|1776045192\n|move|p1b: Floette|Protect|p1b: Floette\n|-singleturn|p1b: Floette|Protect\n|move|p2b: Garchomp|Earthquake|p1b: Floette|[spread] p1a\n|-activate|p1b: Floette|move: Protect\n|-damage|p1a: Maushold|21/100\n|move|p1a: Maushold|Super Fang|p2b: Garchomp\n|-damage|p2b: Garchomp|51/100\n|-damage|p1a: Maushold|9/100|[from] ability: Rough Skin|[of] p2b: Garchomp\n|\n|upkeep\n|turn|8\n|inactive|mewten000 has 30 seconds left.\n|inactive|mewten000 has 20 seconds left.\n|inactive|mewten000 has 15 seconds left.\n|\n|t:|1776045236\n|switch|p1b: Espathra|Espathra, L50, F|59/100\n|move|p2b: Garchomp|Earthquake|p1b: Espathra|[spread] p1a,p1b\n|-damage|p1a: Maushold|0 fnt\n|-damage|p1b: Espathra|36/100\n|faint|p1a: Maushold\n|\n|-sideend|p1: mewten000|Reflect\n|upkeep\n|\n|t:|1776045250\n|switch|p1a: Floette|Floette-Mega, L50, F|10/100\n|-ability|p1a: Floette|Fairy Aura\n|turn|9\n|\n|t:|1776045261\n|move|p1b: Espathra|Protect|p1b: Espathra\n|-singleturn|p1b: Espathra|Protect\n|move|p1a: Floette|Protect|p1a: Floette\n|-singleturn|p1a: Floette|Protect\n|move|p2b: Garchomp|Earthquake|p1b: Espathra|[spread] \n|-activate|p1a: Floette|move: Protect\n|-activate|p1b: Espathra|move: Protect\n|\n|-sideend|p2: ffewewdeewd|move: Tailwind\n|-ability|p1b: Espathra|Speed Boost|boost\n|-boost|p1b: Espathra|spe|1\n|upkeep\n|turn|10\n|inactive|mewten000 has 30 seconds left.\n|\n|t:|1776045289\n|move|p1b: Espathra|Hypnosis|p2b: Garchomp\n|-status|p2b: Garchomp|slp|[from] move: Hypnosis\n|cant|p2b: Garchomp|slp\n|move|p1a: Floette|Moonblast|p2b: Garchomp\n|-supereffective|p2b: Garchomp|1\n|-damage|p2b: Garchomp|0 fnt\n|faint|p2b: Garchomp\n|\n|win|mewten000\n|raw|mewten000's rating: 1085 &rarr; <strong>1107</strong><br />(+22 for winning)\n|raw|ffewewdeewd's rating: 1012 &rarr; <strong>1003</strong><br />(-9 for losing)\n",
  "uploadtime": 1776045298,
  "views": 45,
  "formatid": "gen9championsvgc2026regma",
  "rating": 1003,
  "private": 0,
  "password": null
}