{
  "id": "gen9championsvgc2026regma-2580563021",
  "format": "[Gen 9 Champions] VGC 2026 Reg M-A",
  "players": [
    "owBaxter",
    "God_y_Fiki"
  ],
  "log": "|j|\u2606owBaxter\n|j|\u2606God_y_Fiki\n|t:|1775913203\n|gametype|doubles\n|player|p1|owBaxter|veteran|1000\n|player|p2|God_y_Fiki|hilbert|1000\n|gen|9\n|tier|[Gen 9 Champions] VGC 2026 Reg M-A\n|rated|\n|rule|Species Clause: Limit one of each Pok\u00e9mon\n|rule|Item Clause: Limit 1 of each item\n|clearpoke\n|poke|p1|Charizard, L50, F|\n|poke|p1|Venusaur, L50, F|\n|poke|p1|Aegislash, L50, F|\n|poke|p1|Garchomp, L50, M|\n|poke|p1|Incineroar, L50, M|\n|poke|p1|Klefki, L50, M|\n|poke|p2|Torkoal, L50, F|\n|poke|p2|Venusaur, L50, F|\n|poke|p2|Charizard, L50, F|\n|poke|p2|Typhlosion-Hisui, L50, F|\n|poke|p2|Excadrill, L50, F|\n|poke|p2|Kingambit, L50, M|\n|teampreview|4\n|\n|t:|1775913232\n|teamsize|p1|4\n|teamsize|p2|4\n|start\n|switch|p1a: Charizard|Charizard, L50, F, shiny|100/100\n|switch|p1b: Venusaur|Venusaur, L50, F, shiny|100/100\n|switch|p2a: Charizard|Charizard, L50, F, shiny|100/100\n|switch|p2b: Excadrill|Excadrill, L50, F, shiny|100/100\n|-ability|p2b: Excadrill|Mold Breaker\n|turn|1\n|\n|t:|1775913268\n|switch|p2b: Typhlosion|Typhlosion-Hisui, L50, F, shiny|100/100\n|-item|p1a: Charizard|Charizardite Y|[from] ability: Frisk|[of] p2b: Typhlosion\n|-item|p1b: Venusaur|Leftovers|[from] ability: Frisk|[of] p2b: Typhlosion\n|switch|p1b: Incineroar|Incineroar, L50, M|100/100\n|-ability|p1b: Incineroar|Intimidate|boost\n|-unboost|p2a: Charizard|atk|1\n|-unboost|p2b: Typhlosion|atk|1\n|detailschange|p2a: Charizard|Charizard-Mega-Y, L50, F, shiny\n|-mega|p2a: Charizard|Charizard|Charizardite Y\n|-weather|SunnyDay|[from] ability: Drought|[of] p2a: Charizard\n|detailschange|p1a: Charizard|Charizard-Mega-Y, L50, F, shiny\n|-mega|p1a: Charizard|Charizard|Charizardite Y\n|move|p2a: Charizard|Overheat|p1b: Incineroar\n|-resisted|p1b: Incineroar|1\n|-damage|p1b: Incineroar|49/100\n|-unboost|p2a: Charizard|spa|2\n|-enditem|p1b: Incineroar|Sitrus Berry|[eat]\n|-heal|p1b: Incineroar|73/100|[from] item: Sitrus Berry\n|move|p1a: Charizard|Heat Wave|p2b: Typhlosion|[spread] p2a,p2b\n|-resisted|p2a: Charizard|1\n|-resisted|p2b: Typhlosion|1\n|-damage|p2a: Charizard|67/100\n|-damage|p2b: Typhlosion|50/100\n|\n|-weather|SunnyDay|[upkeep]\n|upkeep\n|turn|2\n|\n|t:|1775913299\n|move|p1b: Incineroar|Fake Out|p2a: Charizard\n|-damage|p2a: Charizard|48/100\n|move|p2b: Typhlosion|Shadow Ball|p1a: Charizard\n|-damage|p1a: Charizard|60/100\n|-unboost|p1a: Charizard|spd|1\n|cant|p2a: Charizard|flinch\n|move|p1a: Charizard|Heat Wave|p2a: Charizard|[spread] p2b\n|-miss|p1a: Charizard|p2a: Charizard\n|-resisted|p2b: Typhlosion|1\n|-damage|p2b: Typhlosion|5/100\n|\n|-weather|SunnyDay|[upkeep]\n|upkeep\n|turn|3\n|\n|t:|1775913328\n|move|p2b: Typhlosion|Shadow Ball|p1a: Charizard\n|-damage|p1a: Charizard|0 fnt\n|faint|p1a: Charizard\n|move|p2a: Charizard|Focus Blast|p1b: Incineroar\n|-supereffective|p1b: Incineroar|1\n|-damage|p1b: Incineroar|25/100\n|move|p1b: Incineroar|Parting Shot|p2a: Charizard\n|-unboost|p2a: Charizard|atk|1\n|-unboost|p2a: Charizard|spa|1\n|\n|t:|1775913340\n|switch|p1b: Venusaur|Venusaur, L50, F, shiny|100/100|[from] Parting Shot\n|\n|-weather|SunnyDay|[upkeep]\n|upkeep\n|\n|t:|1775913344\n|switch|p1a: Incineroar|Incineroar, L50, M|25/100\n|-ability|p1a: Incineroar|Intimidate|boost\n|-unboost|p2a: Charizard|atk|1\n|-unboost|p2b: Typhlosion|atk|1\n|turn|4\n|\n|t:|1775913357\n|move|p1a: Incineroar|Fake Out|p2a: Charizard\n|-damage|p2a: Charizard|28/100\n|move|p2b: Typhlosion|Shadow Ball|p1a: Incineroar\n|-resisted|p1a: Incineroar|1\n|-crit|p1a: Incineroar\n|-damage|p1a: Incineroar|0 fnt\n|faint|p1a: Incineroar\n|move|p1b: Venusaur|Sludge Bomb|p2b: Typhlosion\n|-resisted|p2b: Typhlosion|1\n|-damage|p2b: Typhlosion|0 fnt\n|faint|p2b: Typhlosion\n|cant|p2a: Charizard|flinch\n|\n|-weather|SunnyDay|[upkeep]\n|upkeep\n|\n|t:|1775913379\n|switch|p2b: Excadrill|Excadrill, L50, F, shiny|100/100\n|switch|p1a: Aegislash|Aegislash, L50, F, shiny|100/100\n|-ability|p2b: Excadrill|Mold Breaker\n|turn|5\n|\n|t:|1775913403\n|move|p1a: Aegislash|King's Shield|p1a: Aegislash\n|-singleturn|p1a: Aegislash|Protect\n|move|p1b: Venusaur|Weather Ball|p2b: Excadrill\n|-supereffective|p2b: Excadrill|1\n|-enditem|p2b: Excadrill|Focus Sash\n|-damage|p2b: Excadrill|1/100\n|move|p2a: Charizard|Overheat|p1b: Venusaur\n|-supereffective|p1b: Venusaur|1\n|-damage|p1b: Venusaur|10/100\n|-unboost|p2a: Charizard|spa|2\n|move|p2b: Excadrill|Earthquake|p1a: Aegislash|[spread] p1b\n|-activate|p1a: Aegislash|move: Protect\n|-immune|p2a: Charizard\n|-damage|p1b: Venusaur|0 fnt\n|faint|p1b: Venusaur\n|\n|-weather|none\n|upkeep\n|turn|6\n|\n|t:|1775913439\n|move|p2a: Charizard|Overheat|p1a: Aegislash\n|-supereffective|p1a: Aegislash|1\n|-damage|p1a: Aegislash|56/100\n|-unboost|p2a: Charizard|spa|1\n|move|p2b: Excadrill|Earthquake|p1a: Aegislash|[spread] p1a\n|-immune|p2a: Charizard\n|-supereffective|p1a: Aegislash|1\n|-damage|p1a: Aegislash|0 fnt\n|faint|p1a: Aegislash\n|\n|win|God_y_Fiki\n|raw|owBaxter's rating: 1000 &rarr; <strong>1000</strong><br />(+0 for losing)\n|raw|God_y_Fiki's rating: 1000 &rarr; <strong>1040</strong><br />(+40 for winning)\n|l|\u2606owBaxter\n|player|p1|\n",
  "uploadtime": 1775913465,
  "views": 17,
  "formatid": "gen9championsvgc2026regma",
  "rating": 1000,
  "private": 0,
  "password": null
}