{
  "id": "gen9championsvgc2026regma-2586637169",
  "format": "[Gen 9 Champions] VGC 2026 Reg M-A",
  "players": [
    "TharoksVGC",
    "gjkjgchgdf"
  ],
  "log": "|j|\u2606TharoksVGC\n|j|\u2606gjkjgchgdf\n|t:|1776448532\n|gametype|doubles\n|player|p1|TharoksVGC|hoopster|1040\n|player|p2|gjkjgchgdf|266|1090\n|gen|9\n|tier|[Gen 9 Champions] VGC 2026 Reg M-A\n|rated|\n|rule|Species Clause: Limit one of each Pok\u00e9mon\n|rule|Item Clause: Limit 1 of each item\n|clearpoke\n|poke|p1|Gallade, L50, M|\n|poke|p1|Floette-Eternal, L50, F|\n|poke|p1|Kingambit, L50, M|\n|poke|p1|Talonflame, L50, M|\n|poke|p1|Basculegion-F, L50, F|\n|poke|p1|Garchomp, L50, F|\n|poke|p2|Slowbro, L50, M|\n|poke|p2|Umbreon, L50, M|\n|poke|p2|Meowstic, L50, M|\n|poke|p2|Incineroar, L50, M|\n|poke|p2|Azumarill, L50, M|\n|poke|p2|Bellibolt, L50, M|\n|teampreview|4\n|\n|t:|1776448551\n|teamsize|p1|4\n|teamsize|p2|4\n|start\n|switch|p1a: Kingambit|Kingambit, L50, M, shiny|100/100\n|switch|p1b: Basculegion|Basculegion-F, L50, F|100/100\n|switch|p2a: Slowbro|Slowbro, L50, M|100/100\n|switch|p2b: Incineroar|Incineroar, L50, M|100/100\n|-ability|p2b: Incineroar|Intimidate|boost\n|-unboost|p1a: Kingambit|atk|1\n|-ability|p1a: Kingambit|Defiant|boost\n|-boost|p1a: Kingambit|atk|2\n|-unboost|p1b: Basculegion|atk|1\n|turn|1\n|\n|t:|1776448573\n|move|p2b: Incineroar|Fake Out|p1a: Kingambit\n|-resisted|p1a: Kingambit|1\n|-damage|p1a: Kingambit|97/100\n|move|p1b: Basculegion|Shadow Ball|p2a: Slowbro\n|-supereffective|p2a: Slowbro|1\n|-damage|p2a: Slowbro|13/100\n|cant|p1a: Kingambit|flinch\n|move|p2a: Slowbro|Iron Defense|p2a: Slowbro\n|-boost|p2a: Slowbro|def|2\n|\n|upkeep\n|turn|2\n|inactive|Battle timer is ON: inactive players will automatically lose when time's up. (requested by TharoksVGC)\n|\n|t:|1776448629\n|switch|p1b: Floette|Floette-Eternal, L50, F|100/100\n|detailschange|p2a: Slowbro|Slowbro-Mega, L50, M\n|-mega|p2a: Slowbro|Slowbro|Slowbronite\n|move|p1a: Kingambit|Sucker Punch||[still]\n|-fail|p1a: Kingambit\n|move|p2b: Incineroar|Parting Shot|p1b: Floette\n|-unboost|p1b: Floette|atk|1\n|-unboost|p1b: Floette|spa|1\n|\n|t:|1776448643\n|switch|p2b: Meowstic|Meowstic, L50, M|100/100|[from] Parting Shot\n|move|p2a: Slowbro|Slack Off|p2a: Slowbro\n|-heal|p2a: Slowbro|63/100\n|\n|upkeep\n|turn|3\n|inactive|gjkjgchgdf has 30 seconds left.\n|\n|t:|1776448676\n|detailschange|p1b: Floette|Floette-Mega, L50, F\n|-mega|p1b: Floette|Floette|Floettite\n|-ability|p1b: Floette|Fairy Aura\n|move|p2b: Meowstic|Fake Out|p1a: Kingambit\n|-resisted|p1a: Kingambit|1\n|-damage|p1a: Kingambit|95/100\n|move|p1b: Floette|Dazzling Gleam|p2a: Slowbro|[spread] p2a,p2b\n|-damage|p2a: Slowbro|35/100\n|-damage|p2b: Meowstic|67/100\n|cant|p1a: Kingambit|flinch\n|move|p2a: Slowbro|Amnesia|p2a: Slowbro\n|-boost|p2a: Slowbro|spd|2\n|\n|upkeep\n|turn|4\n|\n|t:|1776448702\n|move|p2b: Meowstic|Reflect|p2b: Meowstic\n|-sidestart|p2: gjkjgchgdf|Reflect\n|move|p1b: Floette|Moonblast|p2b: Meowstic\n|-damage|p2b: Meowstic|10/100\n|move|p1a: Kingambit|Kowtow Cleave|p2a: Slowbro\n|-supereffective|p2a: Slowbro|1\n|-damage|p2a: Slowbro|9/100\n|move|p2a: Slowbro|Slack Off|p2a: Slowbro\n|-heal|p2a: Slowbro|59/100\n|\n|upkeep\n|turn|5\n|\n|t:|1776448720\n|move|p2b: Meowstic|Light Screen|p2b: Meowstic\n|-sidestart|p2: gjkjgchgdf|move: Light Screen\n|move|p1b: Floette|Dazzling Gleam|p2b: Meowstic|[spread] p2a,p2b\n|-damage|p2a: Slowbro|50/100\n|-damage|p2b: Meowstic|0 fnt\n|faint|p2b: Meowstic\n|move|p1a: Kingambit|Kowtow Cleave|p2a: Slowbro\n|-supereffective|p2a: Slowbro|1\n|-damage|p2a: Slowbro|26/100\n|move|p2a: Slowbro|Slack Off|p2a: Slowbro\n|-heal|p2a: Slowbro|76/100\n|\n|upkeep\n|\n|t:|1776448743\n|switch|p2b: Incineroar|Incineroar, L50, M|100/100\n|-ability|p2b: Incineroar|Intimidate|boost\n|-unboost|p1a: Kingambit|atk|1\n|-ability|p1a: Kingambit|Defiant|boost\n|-boost|p1a: Kingambit|atk|2\n|-unboost|p1b: Floette|atk|1\n|turn|6\n|\n|t:|1776448759\n|move|p2b: Incineroar|Fake Out|p1a: Kingambit\n|-resisted|p1a: Kingambit|1\n|-damage|p1a: Kingambit|91/100\n|move|p1b: Floette|Calm Mind|p1b: Floette\n|-boost|p1b: Floette|spa|1\n|-boost|p1b: Floette|spd|1\n|cant|p1a: Kingambit|flinch\n|move|p2a: Slowbro|Iron Defense|p2a: Slowbro\n|-boost|p2a: Slowbro|def|2\n|\n|upkeep\n|turn|7\n|inactive|gjkjgchgdf has 30 seconds left.\n|\n|t:|1776448788\n|move|p1b: Floette|Calm Mind|p1b: Floette\n|-boost|p1b: Floette|spa|1\n|-boost|p1b: Floette|spd|1\n|move|p2b: Incineroar|Flare Blitz|p1a: Kingambit\n|-supereffective|p1a: Kingambit|1\n|-damage|p1a: Kingambit|26/100\n|-status|p1a: Kingambit|brn\n|-damage|p2b: Incineroar|79/100|[from] Recoil\n|move|p1a: Kingambit|Kowtow Cleave|p2a: Slowbro\n|-supereffective|p2a: Slowbro|1\n|-damage|p2a: Slowbro|64/100\n|move|p2a: Slowbro|Body Press|p1a: Kingambit\n|-supereffective|p1a: Kingambit|2\n|-enditem|p1a: Kingambit|Chople Berry|[eat]\n|-enditem|p1a: Kingambit|Chople Berry|[weaken]\n|-damage|p1a: Kingambit|0 fnt\n|faint|p1a: Kingambit\n|\n|upkeep\n|\n|t:|1776448799\n|switch|p1a: Basculegion|Basculegion-F, L50, F|100/100\n|turn|8\n|\n|t:|1776448819\n|move|p1a: Basculegion|Muddy Water|p2a: Slowbro|[spread] p2a,p2b\n|-resisted|p2a: Slowbro|1\n|-supereffective|p2b: Incineroar|1\n|-damage|p2a: Slowbro|59/100\n|-damage|p2b: Incineroar|34/100\n|move|p1b: Floette|Dazzling Gleam|p2a: Slowbro|[spread] p2a,p2b\n|-damage|p2a: Slowbro|38/100\n|-damage|p2b: Incineroar|0 fnt\n|faint|p2b: Incineroar\n|move|p2a: Slowbro|Iron Defense|p2a: Slowbro\n|-boost|p2a: Slowbro|def|2\n|\n|-sideend|p2: gjkjgchgdf|Reflect\n|upkeep\n|\n|t:|1776448834\n|switch|p2b: Umbreon|Umbreon, L50, M|100/100\n|turn|9\n|\n|t:|1776448845\n|move|p1a: Basculegion|Muddy Water|p2b: Umbreon|[spread] p2a,p2b\n|-resisted|p2a: Slowbro|1\n|-damage|p2a: Slowbro|31/100\n|-damage|p2b: Umbreon|82/100\n|-unboost|p2a: Slowbro|accuracy|1\n|move|p1b: Floette|Dazzling Gleam|p2b: Umbreon|[spread] p2a,p2b\n|-supereffective|p2b: Umbreon|1\n|-damage|p2a: Slowbro|9/100\n|-damage|p2b: Umbreon|6/100\n|-enditem|p2b: Umbreon|Sitrus Berry|[eat]\n|-heal|p2b: Umbreon|31/100|[from] item: Sitrus Berry\n|move|p2b: Umbreon|Psych Up|p2a: Slowbro\n|-copyboost|p2b: Umbreon|p2a: Slowbro|[from] move: Psych Up\n|move|p2a: Slowbro|Slack Off|p2a: Slowbro\n|-heal|p2a: Slowbro|59/100\n|\n|-sideend|p2: gjkjgchgdf|move: Light Screen\n|upkeep\n|turn|10\n|inactive|gjkjgchgdf has 30 seconds left.\n|\n|t:|1776448872\n|move|p1a: Basculegion|Muddy Water|p2a: Slowbro|[spread] p2a,p2b\n|-resisted|p2a: Slowbro|1\n|-damage|p2a: Slowbro|51/100\n|-damage|p2b: Umbreon|17/100\n|-unboost|p2b: Umbreon|accuracy|1\n|move|p1b: Floette|Dazzling Gleam|p2b: Umbreon|[spread] p2a,p2b\n|-supereffective|p2b: Umbreon|1\n|-damage|p2a: Slowbro|21/100\n|-damage|p2b: Umbreon|0 fnt\n|faint|p2b: Umbreon\n|move|p2a: Slowbro|Slack Off|p2a: Slowbro\n|-heal|p2a: Slowbro|71/100\n|\n|upkeep\n|turn|11\n|-message|gjkjgchgdf forfeited.\n|\n|win|TharoksVGC\n|raw|TharoksVGC's rating: 1040 &rarr; <strong>1079</strong><br />(+39 for winning)\n|raw|gjkjgchgdf's rating: 1090 &rarr; <strong>1063</strong><br />(-27 for losing)\n|l|\u2606gjkjgchgdf\n|player|p2|\n",
  "uploadtime": 1776448902,
  "views": 41,
  "formatid": "gen9championsvgc2026regma",
  "rating": 1063,
  "private": 0,
  "password": null
}