{
  "id": "gen9championsvgc2026regma-2584842698",
  "format": "[Gen 9 Champions] VGC 2026 Reg M-A",
  "players": [
    "LovelyLizardLad",
    "Javiconb"
  ],
  "log": "|j|\u2606LovelyLizardLad\n|j|\u2606Javiconb\n|t:|1776287938\n|gametype|doubles\n|player|p1|LovelyLizardLad|red|1365\n|player|p2|Javiconb|2|1411\n|gen|9\n|tier|[Gen 9 Champions] VGC 2026 Reg M-A\n|rated|\n|rule|Species Clause: Limit one of each Pok\u00e9mon\n|rule|Item Clause: Limit 1 of each item\n|clearpoke\n|poke|p1|Delphox, L50, M|\n|poke|p1|Basculegion, L50, M|\n|poke|p1|Clefable, L50, M|\n|poke|p1|Kingambit, L50, M|\n|poke|p1|Sneasler, L50, M|\n|poke|p1|Heliolisk, L50, F|\n|poke|p2|Sinistcha, L50|\n|poke|p2|Hawlucha, L50, M|\n|poke|p2|Snorlax, L50, F|\n|poke|p2|Gardevoir, L50, F|\n|poke|p2|Rotom-Wash, L50|\n|poke|p2|Kingambit, L50, F|\n|teampreview|4\n|\n|t:|1776287988\n|teamsize|p1|4\n|teamsize|p2|4\n|start\n|switch|p1a: Clefable|Clefable, L50, M|100/100\n|switch|p1b: Kingambit|Kingambit, L50, M|100/100\n|switch|p2a: Hawlucha|Hawlucha, L50, M|100/100\n|switch|p2b: Snorlax|Snorlax, L50, F|100/100\n|turn|1\n|\n|t:|1776288007\n|move|p2a: Hawlucha|Protect|p2a: Hawlucha\n|-singleturn|p2a: Hawlucha|Protect\n|move|p1a: Clefable|Follow Me|p1a: Clefable\n|-singleturn|p1a: Clefable|move: Follow Me\n|move|p1b: Kingambit|Swords Dance|p1b: Kingambit\n|-boost|p1b: Kingambit|atk|2\n|move|p2b: Snorlax|Curse|p2b: Snorlax\n|-unboost|p2b: Snorlax|spe|1\n|-boost|p2b: Snorlax|atk|1\n|-boost|p2b: Snorlax|def|1\n|\n|upkeep\n|turn|2\n|\n|t:|1776288019\n|detailschange|p2a: Hawlucha|Hawlucha-Mega, L50, M\n|-mega|p2a: Hawlucha|Hawlucha|Hawluchanite\n|move|p1a: Clefable|Follow Me|p1a: Clefable\n|-singleturn|p1a: Clefable|move: Follow Me\n|move|p2a: Hawlucha|Entrainment|p1a: Clefable\n|-ability|p1a: Clefable|No Guard|Unaware|[from] move: Entrainment|[of] p2a: Hawlucha\n|move|p1b: Kingambit|Kowtow Cleave|p2b: Snorlax\n|-damage|p2b: Snorlax|35/100\n|move|p2b: Snorlax|Fissure|p1a: Clefable\n|-damage|p1a: Clefable|0 fnt\n|faint|p1a: Clefable\n|-ohko\n|\n|upkeep\n|\n|t:|1776288037\n|switch|p1a: Delphox|Delphox, L50, M|100/100\n|turn|3\n|\n|t:|1776288063\n|detailschange|p1a: Delphox|Delphox-Mega, L50, M\n|-mega|p1a: Delphox|Delphox|Delphoxite\n|move|p1b: Kingambit|Protect|p1b: Kingambit\n|-singleturn|p1b: Kingambit|Protect\n|move|p2b: Snorlax|Protect|p2b: Snorlax\n|-singleturn|p2b: Snorlax|Protect\n|move|p1a: Delphox|Psychic|p2a: Hawlucha\n|-supereffective|p2a: Hawlucha|1\n|-damage|p2a: Hawlucha|0 fnt\n|faint|p2a: Hawlucha\n|\n|upkeep\n|\n|t:|1776288070\n|switch|p2a: Sinistcha|Sinistcha, L50|100/100\n|-heal|p2b: Snorlax|60/100|[from] ability: Hospitality|[of] p2a: Sinistcha\n|turn|4\n|\n|t:|1776288082\n|move|p1a: Delphox|Heat Wave|p2b: Snorlax|[spread] p2a,p2b\n|-supereffective|p2a: Sinistcha|1\n|-damage|p2a: Sinistcha|12/100\n|-damage|p2b: Snorlax|49/100\n|-enditem|p2a: Sinistcha|Sitrus Berry|[eat]\n|-heal|p2a: Sinistcha|36/100|[from] item: Sitrus Berry\n|move|p1b: Kingambit|Kowtow Cleave|p2b: Snorlax\n|-damage|p2b: Snorlax|0 fnt\n|faint|p2b: Snorlax\n|move|p2a: Sinistcha|Trick Room|p2a: Sinistcha\n|-fieldstart|move: Trick Room|[of] p2a: Sinistcha\n|\n|upkeep\n|\n|t:|1776288089\n|switch|p2b: Kingambit|Kingambit, L50, F|100/100\n|turn|5\n|\n|t:|1776288100\n|move|p1a: Delphox|Protect|p1a: Delphox\n|-singleturn|p1a: Delphox|Protect\n|move|p2b: Kingambit|Kowtow Cleave|p1a: Delphox\n|-activate|p1a: Delphox|move: Protect\n|move|p1b: Kingambit|Kowtow Cleave|p2a: Sinistcha\n|-supereffective|p2a: Sinistcha|1\n|-damage|p2a: Sinistcha|0 fnt\n|faint|p2a: Sinistcha\n|\n|upkeep\n|turn|6\n|-message|Javiconb forfeited.\n|\n|win|LovelyLizardLad\n|raw|LovelyLizardLad's rating: 1365 &rarr; <strong>1388</strong><br />(+23 for winning)\n|raw|Javiconb's rating: 1411 &rarr; <strong>1388</strong><br />(-23 for losing)\n|l|\u2606Javiconb\n|player|p2|\n",
  "uploadtime": 1776288108,
  "views": 39,
  "formatid": "gen9championsvgc2026regma",
  "rating": 1388,
  "private": 0,
  "password": null
}