{
  "id": "gen9championsvgc2026regma-2585030468",
  "format": "[Gen 9 Champions] VGC 2026 Reg M-A",
  "players": [
    "mmaresia",
    "joshferd"
  ],
  "log": "|j|\u2606mmaresia\n|j|\u2606joshferd\n|t:|1776304928\n|gametype|doubles\n|player|p1|mmaresia|winona|1121\n|player|p2|joshferd|265|1173\n|gen|9\n|tier|[Gen 9 Champions] VGC 2026 Reg M-A\n|rated|\n|rule|Species Clause: Limit one of each Pok\u00e9mon\n|rule|Item Clause: Limit 1 of each item\n|clearpoke\n|poke|p1|Gengar, L50, M|\n|poke|p1|Raichu, L50, F|\n|poke|p1|Incineroar, L50, M|\n|poke|p1|Sinistcha, L50|\n|poke|p1|Primarina, L50, M|\n|poke|p1|Tyranitar, L50, M|\n|poke|p2|Ditto, L50|\n|poke|p2|Aegislash, L50, F|\n|poke|p2|Lopunny, L50, F|\n|poke|p2|Ninetales-Alola, L50, F|\n|poke|p2|Rotom-Heat, L50|\n|poke|p2|Hydreigon, L50, M|\n|teampreview|4\nmmaresia has agreed to open team sheets.\n|inactive|Battle timer is ON: inactive players will automatically lose when time's up. (requested by mmaresia)\n|\n|t:|1776304982\n|teamsize|p1|4\n|teamsize|p2|4\n|start\n|switch|p1a: Gengar|Gengar, L50, M|100/100\n|switch|p1b: Incineroar|Incineroar, L50, M|100/100\n|switch|p2a: Aegislash|Aegislash, L50, F|100/100\n|switch|p2b: Lopunny|Lopunny, L50, F, shiny|100/100\n|-ability|p1b: Incineroar|Intimidate|boost\n|-unboost|p2a: Aegislash|atk|1\n|-unboost|p2b: Lopunny|atk|1\n|turn|1\n|inactive|joshferd has 30 seconds left.\n|\n|t:|1776305011\n|detailschange|p1a: Gengar|Gengar-Mega, L50, M\n|-mega|p1a: Gengar|Gengar|Gengarite\n|move|p2b: Lopunny|Protect|p2b: Lopunny\n|-singleturn|p2b: Lopunny|Protect\n|move|p2a: Aegislash|King's Shield|p2a: Aegislash\n|-singleturn|p2a: Aegislash|Protect\n|move|p1b: Incineroar|Fake Out|p2b: Lopunny\n|-activate|p2b: Lopunny|move: Protect\n|move|p1a: Gengar|Perish Song|p1a: Gengar\n|-start|p1a: Gengar|perish3|[silent]\n|-start|p1b: Incineroar|perish3|[silent]\n|-start|p2a: Aegislash|perish3|[silent]\n|-start|p2b: Lopunny|perish3|[silent]\n|-fieldactivate|move: Perish Song\n|\n|-start|p1a: Gengar|perish3\n|-start|p2b: Lopunny|perish3\n|-start|p2a: Aegislash|perish3\n|-start|p1b: Incineroar|perish3\n|upkeep\n|turn|2\n|inactive|joshferd has 30 seconds left.\n|\n|t:|1776305042\n|switch|p1a: Sinistcha|Sinistcha, L50|100/100\n|detailschange|p2b: Lopunny|Lopunny-Mega, L50, F, shiny\n|-mega|p2b: Lopunny|Lopunny|Lopunnite\n|move|p2b: Lopunny|Encore|p1b: Incineroar\n|-start|p1b: Incineroar|Encore\n|move|p1b: Incineroar|Fake Out||[still]\n|-hint|Fake Out only works on your first turn out.\n|-fail|p1b: Incineroar\n|-formechange|p2a: Aegislash|Aegislash-Blade|\n|move|p2a: Aegislash|Shadow Ball|p1a: Sinistcha\n|-supereffective|p1a: Sinistcha|1\n|-enditem|p1a: Sinistcha|Focus Sash\n|-damage|p1a: Sinistcha|1/100\n|\n|-start|p2b: Lopunny|perish2\n|-start|p2a: Aegislash|perish2\n|-start|p1b: Incineroar|perish2\n|upkeep\n|turn|3\n|inactive|joshferd has 30 seconds left.\n|\n|t:|1776305075\n|switch|p2b: Ninetales|Ninetales-Alola, L50, F|100/100\n|-weather|Snowscape|[from] ability: Snow Warning|[of] p2b: Ninetales\n|switch|p2a: Ditto|Ditto, L50|100/100\n|-transform|p2a: Ditto|p1b: Incineroar|[from] ability: Imposter\n|-ability|p2a: Ditto|Intimidate|boost\n|-unboost|p1a: Sinistcha|atk|1\n|-unboost|p1b: Incineroar|atk|1\n|switch|p1b: Gengar|Gengar-Mega, L50, M|100/100\n|move|p1a: Sinistcha|Life Dew||[still]|[spread] p1a,p1b\n|-heal|p1a: Sinistcha|26/100\n|-fail|p1b: Gengar|heal\n|\n|-weather|Snowscape|[upkeep]\n|upkeep\n|turn|4\n|inactive|mmaresia has 30 seconds left.\n|inactive|joshferd has 30 seconds left.\n|inactive|mmaresia has 20 seconds left.\n|inactive|mmaresia has 15 seconds left.\n|\n|t:|1776305119\n|switch|p1a: Incineroar|Incineroar, L50, M|100/100\n|-ability|p1a: Incineroar|Intimidate|boost\n|-unboost|p2a: Ditto|atk|1\n|-unboost|p2b: Ninetales|atk|1\n|move|p2b: Ninetales|Blizzard|p1a: Incineroar|[spread] p1a,p1b\n|-resisted|p1a: Incineroar|1\n|-damage|p1a: Incineroar|85/100\n|-damage|p1b: Gengar|66/100\n|move|p1b: Gengar|Sludge Bomb|p2b: Ninetales\n|-supereffective|p2b: Ninetales|1\n|-enditem|p2b: Ninetales|Focus Sash\n|-damage|p2b: Ninetales|1/100\n|move|p2a: Ditto|Parting Shot|p1b: Gengar\n|-unboost|p1b: Gengar|atk|1\n|-unboost|p1b: Gengar|spa|1\n|\n|t:|1776305139\n|switch|p2a: Aegislash|Aegislash, L50, F|100/100|[from] Parting Shot\n|\n|-weather|Snowscape|[upkeep]\n|upkeep\n|turn|5\n|\n|t:|1776305153\n|switch|p1b: Sinistcha|Sinistcha, L50|26/100\n|-heal|p1a: Incineroar|100/100|[from] ability: Hospitality|[of] p1b: Sinistcha\n|move|p2b: Ninetales|Protect|p2b: Ninetales\n|-singleturn|p2b: Ninetales|Protect\n|move|p1a: Incineroar|Fake Out|p2b: Ninetales\n|-activate|p2b: Ninetales|move: Protect\n|-formechange|p2a: Aegislash|Aegislash-Blade|\n|move|p2a: Aegislash|Shadow Ball|p1b: Sinistcha\n|-supereffective|p1b: Sinistcha|1\n|-damage|p1b: Sinistcha|0 fnt\n|faint|p1b: Sinistcha\n|\n|-weather|Snowscape|[upkeep]\n|upkeep\n|\n|t:|1776305170\n|switch|p1b: Raichu|Raichu, L50, F|100/100\n|turn|6\n|\n|t:|1776305184\n|switch|p2b: Ditto|Ditto, L50|100/100\n|-transform|p2b: Ditto|p1a: Incineroar|[from] ability: Imposter\n|-ability|p2b: Ditto|Intimidate|boost\n|-unboost|p1a: Incineroar|atk|1\n|-unboost|p1b: Raichu|atk|1\n|-formechange|p2a: Aegislash|Aegislash|\n|move|p2a: Aegislash|King's Shield|p2a: Aegislash\n|-singleturn|p2a: Aegislash|Protect\n|move|p1b: Raichu|Volt Switch|p2b: Ditto\n|-damage|p2b: Ditto|75/100\n|\n|t:|1776305195\n|switch|p1b: Gengar|Gengar-Mega, L50, M|66/100|[from] Volt Switch\n|move|p1a: Incineroar|Flare Blitz|p2a: Aegislash\n|-activate|p2a: Aegislash|move: Protect\n|-unboost|p1a: Incineroar|atk|1\n|\n|-weather|Snowscape|[upkeep]\n|upkeep\n|turn|7\n|inactive|joshferd has 30 seconds left.\n|-activate|p2b: Ditto|item: Quick Claw\n|\n|t:|1776305220\n|switch|p1b: Raichu|Raichu, L50, F|100/100\n|move|p2b: Ditto|Fake Out|p1a: Incineroar\n|-damage|p1a: Incineroar|88/100\n|-formechange|p2a: Aegislash|Aegislash-Blade|\n|move|p2a: Aegislash|Shadow Ball|p1b: Raichu\n|-damage|p1b: Raichu|43/100\n|cant|p1a: Incineroar|flinch\n|\n|-weather|none\n|-heal|p1b: Raichu|49/100|[from] item: Leftovers\n|upkeep\n|turn|8\n|inactive|mmaresia has 30 seconds left.\n|inactive|joshferd has 30 seconds left.\n|inactive|mmaresia has 20 seconds left.\n|inactive|joshferd has 20 seconds left.\n|-activate|p2b: Ditto|item: Quick Claw\n|\n|t:|1776305260\n|-formechange|p2a: Aegislash|Aegislash|\n|move|p2a: Aegislash|King's Shield|p2a: Aegislash\n|-singleturn|p2a: Aegislash|Protect\n|move|p2b: Ditto|Flare Blitz|p1b: Raichu\n|-damage|p1b: Raichu|0 fnt\n|-status|p2b: Ditto|par|[from] ability: Static|[of] p1b: Raichu\n|faint|p1b: Raichu\n|-damage|p2b: Ditto|59/100 par|[from] Recoil\n|move|p1a: Incineroar|Parting Shot|p2b: Ditto\n|-unboost|p2b: Ditto|atk|1\n|-unboost|p2b: Ditto|spa|1\n|\n|t:|1776305271\n|switch|p1a: Gengar|Gengar-Mega, L50, M|66/100|[from] Parting Shot\n|\n|upkeep\n|\n|t:|1776305276\n|switch|p1b: Incineroar|Incineroar, L50, M|88/100\n|-ability|p1b: Incineroar|Intimidate|boost\n|-unboost|p2a: Aegislash|atk|1\n|-unboost|p2b: Ditto|atk|1\n|turn|9\n|\n|t:|1776305290\n|move|p1b: Incineroar|Fake Out|p2b: Ditto\n|-damage|p2b: Ditto|44/100 par\n|move|p1a: Gengar|Shadow Ball|p2a: Aegislash\n|-supereffective|p2a: Aegislash|1\n|-damage|p2a: Aegislash|6/100\n|-unboost|p2a: Aegislash|spd|1\n|-formechange|p2a: Aegislash|Aegislash-Blade|\n|move|p2a: Aegislash|Shadow Ball|p1a: Gengar\n|-supereffective|p1a: Gengar|1\n|-crit|p1a: Gengar\n|-damage|p1a: Gengar|0 fnt\n|faint|p1a: Gengar\n|cant|p2b: Ditto|flinch\n|\n|upkeep\n|turn|10\n|-message|mmaresia forfeited.\n|\n|win|joshferd\n|raw|mmaresia's rating: 1121 &rarr; <strong>1100</strong><br />(-21 for losing)\n|raw|joshferd's rating: 1173 &rarr; <strong>1194</strong><br />(+21 for winning)\n|l|\u2606mmaresia\n|player|p1|\n",
  "uploadtime": 1776305311,
  "views": 29,
  "formatid": "gen9championsvgc2026regma",
  "rating": 1100,
  "private": 0,
  "password": null
}