{
  "id": "gen9championsvgc2026regma-2582565328",
  "format": "[Gen 9 Champions] VGC 2026 Reg M-A",
  "players": [
    "Fbagzzzz",
    "Polarxddd"
  ],
  "log": "|j|\u2606Fbagzzzz\n|j|\u2606Polarxddd\n|t:|1776099719\n|gametype|doubles\n|player|p1|Fbagzzzz|tate|1000\n|player|p2|Polarxddd|clay|1032\n|gen|9\n|tier|[Gen 9 Champions] VGC 2026 Reg M-A\n|rated|\n|rule|Species Clause: Limit one of each Pok\u00e9mon\n|rule|Item Clause: Limit 1 of each item\n|clearpoke\n|poke|p1|Dragonite, L50, F|\n|poke|p1|Medicham, L50, M|\n|poke|p1|Froslass, L50, F|\n|poke|p1|Slowking-Galar, L50, M|\n|poke|p1|Gyarados, L50, M|\n|poke|p1|Stunfisk, L50, M|\n|poke|p2|Mimikyu, L50, F|\n|poke|p2|Golurk, L50|\n|poke|p2|Incineroar, L50, F|\n|poke|p2|Conkeldurr, L50, F|\n|poke|p2|Zoroark-Hisui, L50, M|\n|poke|p2|Tyranitar, L50, F|\n|teampreview|4\n|\n|t:|1776099766\n|teamsize|p1|4\n|teamsize|p2|4\n|start\n|switch|p1a: Dragonite|Dragonite, L50, F|100/100\n|switch|p1b: Medicham|Medicham, L50, M|100/100\n|switch|p2a: Mimikyu|Mimikyu, L50, F|100/100\n|switch|p2b: Incineroar|Incineroar, L50, F|100/100\n|-ability|p2b: Incineroar|Intimidate|boost\n|-fail|p1a: Dragonite|unboost|Attack|[from] ability: Inner Focus|[of] p1a: Dragonite\n|-unboost|p1b: Medicham|atk|1\n|turn|1\n|\n|t:|1776099785\n|move|p1b: Medicham|Fake Out|p2b: Incineroar\n|-damage|p2b: Incineroar|90/100\n|cant|p2b: Incineroar|flinch\n|move|p1a: Dragonite|Dragon Dance|p1a: Dragonite\n|-boost|p1a: Dragonite|atk|1\n|-boost|p1a: Dragonite|spe|1\n|move|p2a: Mimikyu|Trick Room|p2a: Mimikyu\n|-fieldstart|move: Trick Room|[of] p2a: Mimikyu\n|\n|-heal|p2b: Incineroar|96/100|[from] item: Leftovers\n|upkeep\n|turn|2\n|\n|t:|1776099811\n|move|p2b: Incineroar|Parting Shot|p1b: Medicham\n|-unboost|p1b: Medicham|atk|1\n|-unboost|p1b: Medicham|spa|1\n|\n|t:|1776099820\n|switch|p2b: Conkeldurr|Conkeldurr, L50, F|100/100|[from] Parting Shot\n|move|p1b: Medicham|Skill Swap|p1a: Dragonite\n|-activate|p1b: Medicham|Skill Swap|||[of] p1a: Dragonite\n|move|p1a: Dragonite|Rock Slide|p2a: Mimikyu|[spread] p2a,p2b\n|-resisted|p2b: Conkeldurr|1\n|-activate|p2a: Mimikyu|ability: Disguise\n|-damage|p2a: Mimikyu|100/100\n|-damage|p2b: Conkeldurr|72/100\n|detailschange|p2a: Mimikyu|Mimikyu-Busted, L50, F\n|-damage|p2a: Mimikyu|88/100|[from] pokemon: Mimikyu-Busted\n|move|p2a: Mimikyu|Play Rough|p1a: Dragonite\n|-supereffective|p1a: Dragonite|1\n|-damage|p1a: Dragonite|35/100\n|\n|upkeep\n|turn|3\n|inactive|Battle timer is ON: inactive players will automatically lose when time's up. (requested by Polarxddd)\n|\n|t:|1776099877\n|move|p1b: Medicham|Helping Hand|p1a: Dragonite\n|-singleturn|p1a: Dragonite|Helping Hand|[of] p1b: Medicham\n|move|p1a: Dragonite|Extreme Speed|p2b: Conkeldurr\n|-damage|p2b: Conkeldurr|0 fnt\n|faint|p2b: Conkeldurr\n|move|p2a: Mimikyu|Will-O-Wisp|p1b: Medicham\n|-status|p1b: Medicham|brn\n|\n|-damage|p1b: Medicham|95/100 brn|[from] brn\n|upkeep\n|\n|t:|1776099887\n|switch|p2b: Incineroar|Incineroar, L50, F|96/100\n|-ability|p2b: Incineroar|Intimidate|boost\n|-unboost|p1a: Dragonite|atk|1\n|-fail|p1b: Medicham|unboost|Attack|[from] ability: Inner Focus|[of] p1b: Medicham\n|turn|4\n|\n|t:|1776099911\n|move|p2b: Incineroar|Fake Out|p1b: Medicham\n|-damage|p1b: Medicham|75/100 brn\n|move|p1a: Dragonite|Extreme Speed|p2b: Incineroar\n|-damage|p2b: Incineroar|9/100\n|move|p1b: Medicham|Skill Swap|p2b: Incineroar\n|-activate|p1b: Medicham|Skill Swap|Intimidate|Inner Focus|[of] p2b: Incineroar\n|-ability|p1b: Medicham|Intimidate|boost\n|-unboost|p2a: Mimikyu|atk|1\n|-fail|p2b: Incineroar|unboost|Attack|[from] ability: Inner Focus|[of] p2b: Incineroar\n|move|p2a: Mimikyu|Play Rough|p1a: Dragonite\n|-supereffective|p1a: Dragonite|1\n|-damage|p1a: Dragonite|0 fnt\n|faint|p1a: Dragonite\n|\n|-heal|p2b: Incineroar|15/100|[from] item: Leftovers\n|-damage|p1b: Medicham|69/100 brn|[from] brn\n|upkeep\n|\n|t:|1776099925\n|switch|p1a: Slowking|Slowking-Galar, L50, M|100/100\n|turn|5\n|inactive|Polarxddd has 30 seconds left.\n|\n|t:|1776099955\n|switch|p2b: Golurk|Golurk, L50|100/100\n|-prepare|p1a: Slowking|Chilly Reception|[premajor]\n|move|p1a: Slowking|Chilly Reception|p1a: Slowking\n|-weather|Snowscape\n|\n|t:|1776099961\n|switch|p1a: Froslass|Froslass, L50, F|100/100|[from] Chilly Reception\n|move|p1b: Medicham|Skill Swap|p1a: Froslass\n|-activate|p1b: Medicham|Skill Swap|||[of] p1a: Froslass\n|-ability|p1a: Froslass|Intimidate|boost\n|-unboost|p2a: Mimikyu|atk|1\n|-unboost|p2b: Golurk|atk|1\n|move|p2a: Mimikyu|Night Slash|p1a: Froslass\n|-supereffective|p1a: Froslass|1\n|-crit|p1a: Froslass\n|-damage|p1a: Froslass|38/100\n|\n|-weather|Snowscape|[upkeep]\n|-damage|p1b: Medicham|63/100 brn|[from] brn\n|-fieldend|move: Trick Room\n|upkeep\n|turn|6\n|inactive|Polarxddd has 30 seconds left.\n|\n|t:|1776099986\n|switch|p1b: Slowking|Slowking-Galar, L50, M|100/100\n|detailschange|p1a: Froslass|Froslass-Mega, L50, F\n|-mega|p1a: Froslass|Froslass|Froslassite\n|detailschange|p2b: Golurk|Golurk-Mega, L50\n|-mega|p2b: Golurk|Golurk|Golurkite\n|move|p2b: Golurk|Protect|p2b: Golurk\n|-singleturn|p2b: Golurk|Protect\n|move|p1a: Froslass|Blizzard|p2a: Mimikyu|[spread] p2a\n|-activate|p2b: Golurk|move: Protect\n|-damage|p2a: Mimikyu|24/100\n|move|p2a: Mimikyu|Trick Room|p2a: Mimikyu\n|-fieldstart|move: Trick Room|[of] p2a: Mimikyu\n|\n|-weather|Snowscape|[upkeep]\n|upkeep\n|turn|7\n|\n|t:|1776100007\n|move|p1b: Slowking|Blizzard|p2b: Golurk|[spread] p2a,p2b\n|-supereffective|p2b: Golurk|1\n|-damage|p2a: Mimikyu|0 fnt\n|-damage|p2b: Golurk|58/100\n|faint|p2a: Mimikyu\n|move|p2b: Golurk|Poltergeist|p1b: Slowking\n|-activate|p1b: Slowking|move: Poltergeist|Leftovers\n|-supereffective|p1b: Slowking|1\n|-damage|p1b: Slowking|2/100\n|move|p1a: Froslass|Blizzard|p2b: Golurk\n|-supereffective|p2b: Golurk|1\n|-damage|p2b: Golurk|0 fnt\n|faint|p2b: Golurk\n|\n|-weather|Snowscape|[upkeep]\n|-heal|p1b: Slowking|8/100|[from] item: Leftovers\n|upkeep\n|l|\u2606Polarxddd\n|inactive|Polarxddd disconnected and has a minute to reconnect!\n|player|p2|\n|inactive|Polarxddd has 30 seconds left.\n|inactive|Polarxddd has 20 seconds left.\n|inactive|Polarxddd has 15 seconds left.\n|inactive|Polarxddd has 10 seconds left.\n|inactive|Polarxddd has 5 seconds left.\n|-message|Polarxddd lost due to inactivity.\n|\n|win|Fbagzzzz\n|raw|Fbagzzzz's rating: 1000 &rarr; <strong>1044</strong><br />(+44 for winning)\n|raw|Polarxddd's rating: 1032 &rarr; <strong>1016</strong><br />(-16 for losing)\n",
  "uploadtime": 1776100069,
  "views": 29,
  "formatid": "gen9championsvgc2026regma",
  "rating": 1016,
  "private": 0,
  "password": null
}