{
  "id": "gen9championsvgc2026regma-2587690444",
  "format": "[Gen 9 Champions] VGC 2026 Reg M-A",
  "players": [
    "a44ects",
    "treeshhhh"
  ],
  "log": "|j|\u2606a44ects\n|j|\u2606treeshhhh\n|t:|1776554261\n|gametype|doubles\n|player|p1|a44ects|sabrina-gen2|1132\n|player|p2|treeshhhh|169|1113\n|gen|9\n|tier|[Gen 9 Champions] VGC 2026 Reg M-A\n|rated|\n|rule|Species Clause: Limit one of each Pok\u00e9mon\n|rule|Item Clause: Limit 1 of each item\n|clearpoke\n|poke|p1|Rotom-Wash, L50, shiny|\n|poke|p1|Talonflame, L50, M|\n|poke|p1|Garchomp, L50, M|\n|poke|p1|Primarina, L50, F|\n|poke|p1|Lucario, L50, M|\n|poke|p1|Kangaskhan, L50, F|\n|poke|p2|Lucario, L50, M|\n|poke|p2|Dragonite, L50, M|\n|poke|p2|Archaludon, L50, M|\n|poke|p2|Kingambit, L50, M|\n|poke|p2|Basculegion, L50, M|\n|poke|p2|Pelipper, L50, F|\n|teampreview|4\n|inactive|Battle timer is ON: inactive players will automatically lose when time's up. (requested by a44ects)\n|inactive|a44ects has 60 seconds left.\n|inactive|treeshhhh has 60 seconds left.\n|\n|t:|1776554303\n|teamsize|p1|4\n|teamsize|p2|4\n|start\n|switch|p1a: UU&A|Talonflame, L50, M|100/100\n|switch|p1b: OMg|Rotom-Wash, L50, shiny|100/100\n|switch|p2a: Basculegion|Basculegion, L50, M|100/100\n|switch|p2b: Archaludon|Archaludon, L50, M|100/100\n|turn|1\n|\n|t:|1776554325\n|switch|p2b: Pelipper|Pelipper, L50, F|100/100\n|-weather|RainDance|[from] ability: Drizzle|[of] p2b: Pelipper\n|move|p1a: UU&A|Protect|p1a: UU&A\n|-singleturn|p1a: UU&A|Protect\n|move|p2a: Basculegion|Wave Crash|p1a: UU&A\n|-activate|p1a: UU&A|move: Protect\n|move|p1b: OMg|Thunderbolt|p2a: Basculegion\n|-supereffective|p2a: Basculegion|1\n|-damage|p2a: Basculegion|0 fnt\n|faint|p2a: Basculegion\n|\n|-weather|RainDance|[upkeep]\n|upkeep\n|\n|t:|1776554334\n|switch|p2a: Archaludon|Archaludon, L50, M|100/100\n|turn|2\n|\n|t:|1776554346\n|move|p2b: Pelipper|Protect|p2b: Pelipper\n|-singleturn|p2b: Pelipper|Protect\n|move|p1a: UU&A|Tailwind|p1a: UU&A\n|-sidestart|p1: a44ects|move: Tailwind\n|move|p1b: OMg|Nasty Plot|p1b: OMg\n|-boost|p1b: OMg|spa|2\n|move|p2a: Archaludon|Electro Shot||[still]\n|-prepare|p2a: Archaludon|Electro Shot\n|-boost|p2a: Archaludon|spa|1\n|-anim|p2a: Archaludon|Electro Shot|p1a: UU&A\n|-supereffective|p1a: UU&A|1\n|-crit|p1a: UU&A\n|-enditem|p1a: UU&A|Focus Sash\n|-damage|p1a: UU&A|1/100\n|\n|-weather|RainDance|[upkeep]\n|upkeep\n|turn|3\n|\n|t:|1776554380\n|move|p2b: Pelipper|Helping Hand|p2a: Archaludon\n|-singleturn|p2a: Archaludon|Helping Hand|[of] p2b: Pelipper\n|move|p1a: UU&A|Dual Wingbeat|p2b: Pelipper\n|-damage|p2b: Pelipper|81/100\n|-damage|p2b: Pelipper|63/100\n|-hitcount|p2b: Pelipper|2\n|move|p1b: OMg|Thunderbolt|p2b: Pelipper\n|-supereffective|p2b: Pelipper|2\n|-damage|p2b: Pelipper|0 fnt\n|faint|p2b: Pelipper\n|move|p2a: Archaludon|Electro Shot||[still]\n|-prepare|p2a: Archaludon|Electro Shot\n|-boost|p2a: Archaludon|spa|1\n|-anim|p2a: Archaludon|Electro Shot|p1b: OMg\n|-damage|p1b: OMg|0 fnt\n|faint|p1b: OMg\n|\n|-weather|RainDance|[upkeep]\n|upkeep\n|\n|t:|1776554395\n|switch|p1b: 3004|Garchomp, L50, M|100/100\n|switch|p2b: Dragonite|Dragonite, L50, M|100/100\n|turn|4\n|\n|t:|1776554411\n|detailschange|p2b: Dragonite|Dragonite-Mega, L50, M\n|-mega|p2b: Dragonite|Dragonite|Dragoninite\n|move|p2a: Archaludon|Protect|p2a: Archaludon\n|-singleturn|p2a: Archaludon|Protect\n|move|p1a: UU&A|Dual Wingbeat|p2b: Dragonite\n|-damage|p2b: Dragonite|94/100\n|-damage|p2b: Dragonite|80/100\n|-hitcount|p2b: Dragonite|2\n|move|p1b: 3004|Dragon Claw|p2b: Dragonite\n|-supereffective|p2b: Dragonite|1\n|-damage|p2b: Dragonite|2/100\n|move|p2b: Dragonite|Tailwind|p2b: Dragonite\n|-sidestart|p2: treeshhhh|move: Tailwind\n|\n|-weather|RainDance|[upkeep]\n|upkeep\n|turn|5\n|\n|t:|1776554431\n|move|p2b: Dragonite|Protect|p2b: Dragonite\n|-singleturn|p2b: Dragonite|Protect\n|move|p1a: UU&A|Dual Wingbeat|p2b: Dragonite\n|-activate|p2b: Dragonite|move: Protect\n|move|p1b: 3004|Earthquake|p2b: Dragonite|[spread] p2a\n|-activate|p2b: Dragonite|move: Protect\n|-immune|p1a: UU&A\n|-supereffective|p2a: Archaludon|1\n|-damage|p2a: Archaludon|46/100\n|-ability|p2a: Archaludon|Stamina|boost\n|-boost|p2a: Archaludon|def|1\n|move|p2a: Archaludon|Draco Meteor|p1b: 3004\n|-supereffective|p1b: 3004|1\n|-damage|p1b: 3004|0 fnt\n|-unboost|p2a: Archaludon|spa|2\n|faint|p1b: 3004\n|\n|-weather|none\n|-heal|p2a: Archaludon|52/100|[from] item: Leftovers\n|-sideend|p1: a44ects|move: Tailwind\n|upkeep\n|\n|t:|1776554434\n|switch|p1b: lvr|Primarina, L50, F|100/100\n|turn|6\n|inactive|treeshhhh has 30 seconds left.\n|\n|t:|1776554470\n|move|p1a: UU&A|Protect|p1a: UU&A\n|-singleturn|p1a: UU&A|Protect\n|move|p2b: Dragonite|Hurricane|p1b: lvr\n|-damage|p1b: lvr|34/100\n|-start|p1b: lvr|confusion\n|-enditem|p1b: lvr|Sitrus Berry|[eat]\n|-heal|p1b: lvr|59/100|[from] item: Sitrus Berry\n|move|p2a: Archaludon|Flash Cannon|p1b: lvr\n|-damage|p1b: lvr|27/100\n|-activate|p1b: lvr|confusion\n|move|p1b: lvr|Moonblast|p2a: Archaludon\n|-damage|p2a: Archaludon|2/100\n|-ability|p2a: Archaludon|Stamina|boost\n|-boost|p2a: Archaludon|def|1\n|\n|-heal|p2a: Archaludon|8/100|[from] item: Leftovers\n|upkeep\n|turn|7\n|\n|t:|1776554494\n|move|p2b: Dragonite|Draco Meteor|p1a: UU&A|[miss]\n|-miss|p2b: Dragonite|p1a: UU&A\n|move|p2a: Archaludon|Flash Cannon|p1b: lvr\n|-damage|p1b: lvr|0 fnt\n|faint|p1b: lvr\n|move|p1a: UU&A|Tailwind|p1a: UU&A\n|-sidestart|p1: a44ects|move: Tailwind\n|\n|-heal|p2a: Archaludon|14/100|[from] item: Leftovers\n|-sideend|p2: treeshhhh|move: Tailwind\n|upkeep\n|turn|8\n|-message|a44ects forfeited.\n|\n|win|treeshhhh\n|raw|a44ects's rating: 1132 &rarr; <strong>1106</strong><br />(-26 for losing)\n|raw|treeshhhh's rating: 1113 &rarr; <strong>1139</strong><br />(+26 for winning)\n|l|\u2606a44ects\n|player|p1|\n",
  "uploadtime": 1776554509,
  "views": 13,
  "formatid": "gen9championsvgc2026regma",
  "rating": 1106,
  "private": 0,
  "password": null
}