{
  "id": "gen9championsvgc2026regma-2585707565",
  "format": "[Gen 9 Champions] VGC 2026 Reg M-A",
  "players": [
    "climinha",
    "somegirl91"
  ],
  "log": "|j|\u2606climinha\n|j|\u2606somegirl91\n|t:|1776365095\n|gametype|doubles\n|player|p1|climinha|ingo|1088\n|player|p2|somegirl91|unknownf|1000\n|gen|9\n|tier|[Gen 9 Champions] VGC 2026 Reg M-A\n|rated|\n|rule|Species Clause: Limit one of each Pok\u00e9mon\n|rule|Item Clause: Limit 1 of each item\n|clearpoke\n|poke|p1|Aerodactyl, L50, M|\n|poke|p1|Sneasler, L50, M|\n|poke|p1|Incineroar, L50, M|\n|poke|p1|Golurk, L50|\n|poke|p1|Whimsicott, L50, M|\n|poke|p1|Aegislash, L50, F|\n|poke|p2|Froslass, L50, F|\n|poke|p2|Ninetales-Alola, L50, F|\n|poke|p2|Rotom-Wash, L50|\n|poke|p2|Garchomp, L50, F|\n|poke|p2|Gengar, L50, F|\n|poke|p2|Incineroar, L50, M|\n|teampreview|4\n|\n|t:|1776365118\n|teamsize|p1|4\n|teamsize|p2|4\n|start\n|switch|p1a: Aerodactyl|Aerodactyl, L50, M|100/100\n|switch|p1b: Sneasler|Sneasler, L50, M|100/100\n|switch|p2a: Rotom|Rotom-Wash, L50|100/100\n|switch|p2b: Garchomp|Garchomp, L50, F|100/100\n|-ability|p1a: Aerodactyl|Unnerve\n|turn|1\n|\n|t:|1776365136\n|move|p2b: Garchomp|Protect|p2b: Garchomp\n|-singleturn|p2b: Garchomp|Protect\n|move|p2a: Rotom|Electroweb|p1a: Aerodactyl|[spread] p1a\n|-miss|p2a: Rotom|p1b: Sneasler\n|-supereffective|p1a: Aerodactyl|1\n|-damage|p1a: Aerodactyl|43/100\n|-unboost|p1a: Aerodactyl|spe|1\n|move|p1b: Sneasler|Close Combat|p2b: Garchomp\n|-activate|p2b: Garchomp|move: Protect\n|move|p1a: Aerodactyl|Swagger|p1b: Sneasler\n|-boost|p1b: Sneasler|atk|2\n|-start|p1b: Sneasler|confusion\n|-enditem|p1b: Sneasler|Lum Berry|[eat]\n|-end|p1b: Sneasler|confusion\n|\n|upkeep\n|turn|2\n|c|\u2606somegirl91|That's a really cool strat\n|\n|t:|1776365173\n|move|p1b: Sneasler|Protect|p1b: Sneasler\n|-singleturn|p1b: Sneasler|Protect\n|move|p2a: Rotom|Electroweb|p1b: Sneasler|[spread] p1a\n|-activate|p1b: Sneasler|move: Protect\n|-supereffective|p1a: Aerodactyl|1\n|-damage|p1a: Aerodactyl|0 fnt\n|faint|p1a: Aerodactyl\n|move|p2b: Garchomp|Earthquake|p1b: Sneasler|[spread] \n|-activate|p1b: Sneasler|move: Protect\n|-immune|p2a: Rotom|[from] ability: Levitate\n|\n|upkeep\n|c|\u2606climinha|rarely works though lmao\n|\n|t:|1776365186\n|switch|p1a: Incineroar|Incineroar, L50, M|100/100\n|-ability|p1a: Incineroar|Intimidate|boost\n|-unboost|p2a: Rotom|atk|1\n|-unboost|p2b: Garchomp|atk|1\n|turn|3\n|\n|t:|1776365204\n|move|p1a: Incineroar|Fake Out|p2b: Garchomp\n|-damage|p2b: Garchomp|89/100\n|-damage|p1a: Incineroar|88/100|[from] ability: Rough Skin|[of] p2b: Garchomp\n|move|p1b: Sneasler|Dire Claw|p2a: Rotom\n|-damage|p2a: Rotom|0 fnt\n|faint|p2a: Rotom\n|cant|p2b: Garchomp|flinch\n|\n|-heal|p1a: Incineroar|94/100|[from] item: Leftovers\n|upkeep\n|\n|t:|1776365215\n|switch|p2a: Ninetales|Ninetales-Alola, L50, F|100/100\n|-weather|Snowscape|[from] ability: Snow Warning|[of] p2a: Ninetales\n|turn|4\n|\n|t:|1776365227\n|move|p2a: Ninetales|Protect|p2a: Ninetales\n|-singleturn|p2a: Ninetales|Protect\n|move|p1b: Sneasler|Close Combat|p2b: Garchomp\n|-damage|p2b: Garchomp|0 fnt\n|-unboost|p1b: Sneasler|def|1\n|-unboost|p1b: Sneasler|spd|1\n|-damage|p1b: Sneasler|88/100|[from] ability: Rough Skin|[of] p2b: Garchomp\n|faint|p2b: Garchomp\n|move|p1a: Incineroar|Flare Blitz|p2a: Ninetales\n|-activate|p2a: Ninetales|move: Protect\n|\n|-weather|Snowscape|[upkeep]\n|-heal|p1a: Incineroar|99/100|[from] item: Leftovers\n|upkeep\n|\n|t:|1776365240\n|switch|p2b: Froslass|Froslass, L50, F|100/100\n|turn|5\n|\n|t:|1776365253\n|detailschange|p2b: Froslass|Froslass-Mega, L50, F\n|-mega|p2b: Froslass|Froslass|Froslassite\n|move|p1b: Sneasler|Dire Claw|p2a: Ninetales\n|-supereffective|p2a: Ninetales|1\n|-damage|p2a: Ninetales|0 fnt\n|faint|p2a: Ninetales\n|move|p2b: Froslass|Disable|p1a: Incineroar\n|-start|p1a: Incineroar|Disable|Flare Blitz\n|move|p1a: Incineroar|Throat Chop|p2b: Froslass\n|-supereffective|p2b: Froslass|1\n|-damage|p2b: Froslass|6/100\n|-start|p2b: Froslass|Throat Chop|[silent]\n|\n|-weather|Snowscape|[upkeep]\n|-heal|p1a: Incineroar|100/100|[from] item: Leftovers\n|upkeep\n|turn|6\n|\n|t:|1776365273\n|move|p1b: Sneasler|Dire Claw|p2b: Froslass\n|-resisted|p2b: Froslass|1\n|-damage|p2b: Froslass|0 fnt\n|faint|p2b: Froslass\n|\n|win|climinha\n|raw|climinha's rating: 1088 &rarr; <strong>1108</strong><br />(+20 for winning)\n|raw|somegirl91's rating: 1000 &rarr; <strong>1000</strong><br />(+0 for losing)\n|c|\u2606somegirl91|gg wp\n|c|\u2606climinha|gg wp\n|l|\u2606somegirl91\n|player|p2|\n|l|\u2606climinha\n|player|p1|\n|j|\u2606climinha\n|player|p1|climinha|ingo|\n",
  "uploadtime": 1776365378,
  "views": 21,
  "formatid": "gen9championsvgc2026regma",
  "rating": 1000,
  "private": 0,
  "password": null
}