{
  "id": "gen9championsvgc2026regma-2584997597",
  "format": "[Gen 9 Champions] VGC 2026 Reg M-A",
  "players": [
    "speedy07",
    "FeyQueenZoom"
  ],
  "log": "|j|\u2606speedy07\n|j|\u2606FeyQueenZoom\n|t:|1776301857\n|gametype|doubles\n|player|p1|speedy07|2|1115\n|player|p2|FeyQueenZoom|1|1013\n|gen|9\n|tier|[Gen 9 Champions] VGC 2026 Reg M-A\n|rated|\n|rule|Species Clause: Limit one of each Pok\u00e9mon\n|rule|Item Clause: Limit 1 of each item\n|clearpoke\n|poke|p1|Delphox, L50, M|\n|poke|p1|Whimsicott, L50, M|\n|poke|p1|Floette-Eternal, L50, F|\n|poke|p1|Kingambit, L50, M|\n|poke|p1|Altaria, L50, M|\n|poke|p1|Garchomp, L50, M|\n|poke|p2|Zoroark-Hisui, L50, M|\n|poke|p2|Lucario, L50, M|\n|poke|p2|Whimsicott, L50, M|\n|poke|p2|Dragapult, L50, M|\n|poke|p2|Incineroar, L50, F|\n|poke|p2|Corviknight, L50, M|\n|teampreview|4\n|inactive|Battle timer is ON: inactive players will automatically lose when time's up. (requested by speedy07)\n|\n|t:|1776301887\n|teamsize|p1|4\n|teamsize|p2|4\n|start\n|switch|p1a: Garchomp|Garchomp, L50, M|100/100\n|switch|p1b: Whimsicott|Whimsicott, L50, M|100/100\n|switch|p2a: Whimsicott|Whimsicott, L50, M|100/100\n|switch|p2b: Lucario|Lucario, L50, M|100/100\n|turn|1\n|\n|t:|1776301907\n|move|p1b: Whimsicott|Tailwind|p1b: Whimsicott\n|-sidestart|p1: speedy07|move: Tailwind\n|move|p1a: Garchomp|Earthquake|p2b: Lucario|[spread] p1b,p2a,p2b\n|-resisted|p1b: Whimsicott|1\n|-supereffective|p2b: Lucario|1\n|-damage|p1b: Whimsicott|77/100\n|-damage|p2a: Whimsicott|5/100\n|-damage|p2b: Lucario|0 fnt\n|replace|p2a: Zoroark|Zoroark-Hisui, L50, M\n|-end|p2a: Zoroark|Illusion\n|faint|p2b: Lucario\n|move|p2a: Zoroark|Icy Wind|p1a: Garchomp|[spread] p1a,p1b\n|-supereffective|p1a: Garchomp|2\n|-supereffective|p1b: Whimsicott|1\n|-damage|p1a: Garchomp|35/100\n|-damage|p1b: Whimsicott|38/100\n|-unboost|p1a: Garchomp|spe|1\n|-unboost|p1b: Whimsicott|spe|1\n|\n|upkeep\n|\n|t:|1776301922\n|switch|p2b: Incineroar|Incineroar, L50, F|100/100\n|-ability|p2b: Incineroar|Intimidate|boost\n|-unboost|p1a: Garchomp|atk|1\n|-unboost|p1b: Whimsicott|atk|1\n|turn|2\n|\n|t:|1776301945\n|move|p2b: Incineroar|Fake Out|p1a: Garchomp\n|-damage|p1a: Garchomp|24/100\n|-damage|p2b: Incineroar|88/100|[from] ability: Rough Skin|[of] p1a: Garchomp\n|move|p1b: Whimsicott|Encore|p2a: Zoroark\n|-start|p2a: Zoroark|Encore\n|cant|p1a: Garchomp|flinch\n|move|p2a: Zoroark|Icy Wind|p1b: Whimsicott|[spread] p1a,p1b\n|-supereffective|p1a: Garchomp|2\n|-supereffective|p1b: Whimsicott|1\n|-damage|p1a: Garchomp|0 fnt\n|-damage|p1b: Whimsicott|0 fnt\n|faint|p1a: Garchomp\n|faint|p1b: Whimsicott\n|\n|upkeep\n|\n|t:|1776301965\n|switch|p1b: Kingambit|Kingambit, L50, M|100/100\n|switch|p1a: Delphox|Delphox, L50, M|100/100\n|turn|3\n|\n|t:|1776301989\n|switch|p2a: Whimsicott|Whimsicott, L50, M|100/100\n|detailschange|p1a: Delphox|Delphox-Mega, L50, M\n|-mega|p1a: Delphox|Delphox|Delphoxite\n|move|p1a: Delphox|Heat Wave|p2b: Incineroar|[spread] p2a\n|-miss|p1a: Delphox|p2b: Incineroar\n|-supereffective|p2a: Whimsicott|1\n|-damage|p2a: Whimsicott|9/100\n|move|p1b: Kingambit|Kowtow Cleave|p2a: Whimsicott\n|-resisted|p2a: Whimsicott|1\n|-damage|p2a: Whimsicott|0 fnt\n|faint|p2a: Whimsicott\n|move|p2b: Incineroar|Flare Blitz|p1b: Kingambit\n|-supereffective|p1b: Kingambit|1\n|-damage|p1b: Kingambit|11/100\n|-damage|p2b: Incineroar|63/100|[from] Recoil\n|\n|upkeep\n|\n|t:|1776302006\n|switch|p2a: Incineroar|Incineroar, L50, F|5/100\n|turn|4\n|\n|t:|1776302021\n|move|p1a: Delphox|Heat Wave|p2b: Incineroar|[spread] p2a,p2b\n|-resisted|p2b: Incineroar|1\n|-damage|p2a: Incineroar|0 fnt\n|-damage|p2b: Incineroar|45/100\n|replace|p2a: Zoroark|Zoroark-Hisui, L50, M\n|-end|p2a: Zoroark|Illusion\n|-enditem|p2b: Incineroar|Sitrus Berry|[eat]\n|-heal|p2b: Incineroar|70/100|[from] item: Sitrus Berry\n|faint|p2a: Zoroark\n|move|p1b: Kingambit|Kowtow Cleave|p2b: Incineroar\n|-resisted|p2b: Incineroar|1\n|-damage|p2b: Incineroar|45/100\n|move|p2b: Incineroar|Darkest Lariat|p1a: Delphox\n|-supereffective|p1a: Delphox|1\n|-damage|p1a: Delphox|0 fnt\n|faint|p1a: Delphox\n|\n|-sideend|p1: speedy07|move: Tailwind\n|upkeep\n|turn|5\n|\n|t:|1776302041\n|move|p2b: Incineroar|Flare Blitz|p1b: Kingambit\n|-supereffective|p1b: Kingambit|1\n|-damage|p1b: Kingambit|0 fnt\n|faint|p1b: Kingambit\n|-damage|p2b: Incineroar|42/100|[from] Recoil\n|\n|win|FeyQueenZoom\n|raw|speedy07's rating: 1115 &rarr; <strong>1083</strong><br />(-32 for losing)\n|raw|FeyQueenZoom's rating: 1013 &rarr; <strong>1062</strong><br />(+49 for winning)\n|l|\u2606speedy07\n|player|p1|\n",
  "uploadtime": 1776302099,
  "views": 29,
  "formatid": "gen9championsvgc2026regma",
  "rating": 1062,
  "private": 0,
  "password": null
}