{
  "id": "gen9championsvgc2026regma-2587887712",
  "format": "[Gen 9 Champions] VGC 2026 Reg M-A",
  "players": [
    "TheGamingMammoth",
    "Monument6"
  ],
  "log": "|j|\u2606TheGamingMammoth\n|j|\u2606Monument6\n|t:|1776574863\n|gametype|doubles\n|player|p1|TheGamingMammoth|1|1134\n|player|p2|Monument6|1|1229\n|gen|9\n|tier|[Gen 9 Champions] VGC 2026 Reg M-A\n|rated|\n|rule|Species Clause: Limit one of each Pok\u00e9mon\n|rule|Item Clause: Limit 1 of each item\n|clearpoke\n|poke|p1|Politoed, L50, M|\n|poke|p1|Venusaur, L50, M|\n|poke|p1|Charizard, L50, M, shiny|\n|poke|p1|Clefable, L50, M|\n|poke|p1|Scizor, L50, M|\n|poke|p1|Sableye, L50, F|\n|poke|p2|Floette-Eternal, L50, F|\n|poke|p2|Sinistcha-Masterpiece, L50|\n|poke|p2|Sneasler, L50, M|\n|poke|p2|Incineroar, L50, F|\n|poke|p2|Basculegion, L50, M|\n|poke|p2|Politoed, L50, M|\n|teampreview|4\n|inactive|Battle timer is ON: inactive players will automatically lose when time's up. (requested by Monument6)\n|inactive|TheGamingMammoth has 60 seconds left.\n|inactive|Monument6 has 60 seconds left.\n|\n|t:|1776574914\n|teamsize|p1|4\n|teamsize|p2|4\n|start\n|switch|p1a: Charizard|Charizard, L50, M, shiny|100/100\n|switch|p1b: Venusaur|Venusaur, L50, M|100/100\n|switch|p2a: Incineroar|Incineroar, L50, F|100/100\n|switch|p2b: Sneasler|Sneasler, L50, M|100/100\n|-ability|p2a: Incineroar|Intimidate|boost\n|-unboost|p1a: Charizard|atk|1\n|-unboost|p1b: Venusaur|atk|1\n|turn|1\n|inactive|TheGamingMammoth has 30 seconds left.\n|inactive|TheGamingMammoth has 20 seconds left.\n|inactive|TheGamingMammoth has 15 seconds left.\n|inactive|TheGamingMammoth has 10 seconds left.\n|inactive|TheGamingMammoth has 5 seconds left.\n|\n|t:|1776574965\n|switch|p1a: Politoed|Politoed, L50, M|100/100\n|-weather|RainDance|[from] ability: Drizzle|[of] p1a: Politoed\n|move|p2a: Incineroar|Fake Out|p1b: Venusaur\n|-damage|p1b: Venusaur|90/100\n|move|p2b: Sneasler|Rock Slide|p1a: Politoed|[spread] p1a,p1b\n|-damage|p1a: Politoed|75/100\n|-damage|p1b: Venusaur|72/100\n|cant|p1b: Venusaur|flinch\n|\n|-weather|RainDance|[upkeep]\n|upkeep\n|turn|2\n|inactive|Monument6 has 30 seconds left.\n|inactive|Monument6 has 20 seconds left.\n|\n|t:|1776575001\n|switch|p2b: Basculegion|Basculegion, L50, M|100/100\n|move|p1a: Politoed|Psychic|p2b: Basculegion\n|-damage|p2b: Basculegion|73/100\n|-unboost|p2b: Basculegion|spd|1\n|move|p1b: Venusaur|Sleep Powder|p2a: Incineroar|[miss]\n|-miss|p1b: Venusaur|p2a: Incineroar\n|move|p2a: Incineroar|Parting Shot|p1a: Politoed\n|-unboost|p1a: Politoed|atk|1\n|-unboost|p1a: Politoed|spa|1\n|\n|t:|1776575023\n|switch|p2a: Politoed|Politoed, L50, M|100/100|[from] Parting Shot\n|\n|-weather|RainDance|[upkeep]\n|upkeep\n|turn|3\n|inactive|TheGamingMammoth has 30 seconds left.\n|\n|t:|1776575055\n|switch|p2b: Incineroar|Incineroar, L50, F|100/100\n|-ability|p2b: Incineroar|Intimidate|boost\n|-unboost|p1a: Politoed|atk|1\n|-unboost|p1b: Venusaur|atk|1\n|switch|p1a: Clefable|Clefable, L50, M|100/100\n|move|p1b: Venusaur|Giga Drain|p2a: Politoed\n|-supereffective|p2a: Politoed|1\n|-damage|p2a: Politoed|46/100\n|-heal|p1b: Venusaur|100/100|[from] drain|[of] p2a: Politoed\n|move|p2a: Politoed|Icy Wind|p1b: Venusaur|[spread] p1a,p1b\n|-supereffective|p1b: Venusaur|1\n|-damage|p1a: Clefable|93/100\n|-damage|p1b: Venusaur|85/100\n|-unboost|p1a: Clefable|spe|1\n|-unboost|p1b: Venusaur|spe|1\n|\n|-weather|RainDance|[upkeep]\n|-heal|p2a: Politoed|52/100|[from] item: Leftovers\n|upkeep\n|turn|4\n|inactive|Monument6 has 30 seconds left.\n|\n|t:|1776575081\n|switch|p1b: Politoed|Politoed, L50, M|75/100\n|move|p1a: Clefable|Protect|p1a: Clefable\n|-singleturn|p1a: Clefable|Protect\n|move|p2b: Incineroar|Fake Out|p1b: Politoed\n|-damage|p1b: Politoed|60/100\n|move|p2a: Politoed|Weather Ball|p1a: Clefable\n|-activate|p1a: Clefable|move: Protect\n|\n|-weather|RainDance|[upkeep]\n|-heal|p2a: Politoed|58/100|[from] item: Leftovers\n|upkeep\n|turn|5\n|inactive|Monument6 has 30 seconds left.\n|\n|t:|1776575108\n|switch|p2b: Basculegion|Basculegion, L50, M|73/100\n|switch|p1a: Venusaur|Venusaur, L50, M|85/100\n|move|p1b: Politoed|Muddy Water|p2a: Politoed|[spread] p2a,p2b\n|-resisted|p2a: Politoed|1\n|-resisted|p2b: Basculegion|1\n|-damage|p2a: Politoed|41/100\n|-damage|p2b: Basculegion|47/100\n|move|p2a: Politoed|Weather Ball|p1a: Venusaur\n|-resisted|p1a: Venusaur|1\n|-damage|p1a: Venusaur|61/100\n|\n|-weather|none\n|-heal|p2a: Politoed|47/100|[from] item: Leftovers\n|upkeep\n|turn|6\n|inactive|Monument6 has 30 seconds left.\n|inactive|Monument6 has 20 seconds left.\n|\n|t:|1776575144\n|switch|p2a: Incineroar|Incineroar, L50, F|100/100\n|-ability|p2a: Incineroar|Intimidate|boost\n|-unboost|p1a: Venusaur|atk|1\n|-unboost|p1b: Politoed|atk|1\n|move|p1b: Politoed|Muddy Water|p2b: Basculegion|[spread] p2a,p2b\n|-supereffective|p2a: Incineroar|1\n|-resisted|p2b: Basculegion|1\n|-damage|p2a: Incineroar|56/100\n|-damage|p2b: Basculegion|32/100\n|move|p2b: Basculegion|Liquidation|p1b: Politoed\n|-resisted|p1b: Politoed|1\n|-damage|p1b: Politoed|27/100\n|move|p1a: Venusaur|Sleep Powder|p2a: Incineroar|[miss]\n|-miss|p1a: Venusaur|p2a: Incineroar\n|\n|upkeep\n|turn|7\n|inactive|Monument6 has 30 seconds left.\n|inactive|Monument6 has 20 seconds left.\n|inactive|TheGamingMammoth has 30 seconds left.\n|inactive|Monument6 has 15 seconds left.\n|\n|t:|1776575190\n|switch|p1b: Clefable|Clefable, L50, M|93/100\n|switch|p2b: Sneasler|Sneasler, L50, M|100/100\n|move|p1a: Venusaur|Sleep Powder|p2b: Sneasler\n|-status|p2b: Sneasler|slp|[from] move: Sleep Powder\n|move|p2a: Incineroar|Flare Blitz|p1a: Venusaur\n|-supereffective|p1a: Venusaur|1\n|-damage|p1a: Venusaur|0 fnt\n|faint|p1a: Venusaur\n|-damage|p2a: Incineroar|38/100|[from] Recoil\n|\n|upkeep\n|\n|t:|1776575211\n|switch|p1a: Charizard|Charizard, L50, M, shiny|100/100\n|turn|8\n|inactive|Monument6 has 30 seconds left.\n|\n|t:|1776575236\n|detailschange|p1a: Charizard|Charizard-Mega-Y, L50, M, shiny\n|-mega|p1a: Charizard|Charizard|Charizardite Y\n|-weather|SunnyDay|[from] ability: Drought|[of] p1a: Charizard\n|move|p1b: Clefable|Helping Hand|p1a: Charizard\n|-singleturn|p1a: Charizard|Helping Hand|[of] p1b: Clefable\n|cant|p2b: Sneasler|slp\n|move|p1a: Charizard|Heat Wave|p2a: Incineroar|[spread] p2a,p2b\n|-resisted|p2a: Incineroar|1\n|-damage|p2a: Incineroar|2/100\n|-enditem|p2b: Sneasler|Focus Sash\n|-damage|p2b: Sneasler|1/100 slp\n|move|p2a: Incineroar|Flare Blitz|p1b: Clefable\n|-damage|p1b: Clefable|17/100\n|-status|p1b: Clefable|brn\n|-enditem|p1b: Clefable|Sitrus Berry|[eat]\n|-heal|p1b: Clefable|42/100 brn|[from] item: Sitrus Berry\n|-damage|p2a: Incineroar|0 fnt|[from] Recoil\n|faint|p2a: Incineroar\n|\n|-weather|SunnyDay|[upkeep]\n|-damage|p1b: Clefable|36/100 brn|[from] brn\n|upkeep\n|inactive|Monument6 has 30 seconds left.\n|inactive|Monument6 has 20 seconds left.\n|inactive|Monument6 has 15 seconds left.\n|inactive|Monument6 has 10 seconds left.\n|\n|t:|1776575284\n|switch|p2a: Politoed|Politoed, L50, M|47/100\n|-weather|RainDance|[from] ability: Drizzle|[of] p2a: Politoed\n|turn|9\n|\n|t:|1776575298\n|switch|p1a: Politoed|Politoed, L50, M|27/100\n|switch|p2a: Basculegion|Basculegion, L50, M|32/100\n|move|p1b: Clefable|Protect|p1b: Clefable\n|-singleturn|p1b: Clefable|Protect\n|cant|p2b: Sneasler|slp\n|\n|-weather|RainDance|[upkeep]\n|-damage|p1b: Clefable|30/100 brn|[from] brn\n|upkeep\n|turn|10\n|\n|t:|1776575320\n|move|p1b: Clefable|Follow Me|p1b: Clefable\n|-singleturn|p1b: Clefable|move: Follow Me\n|-curestatus|p2b: Sneasler|slp|[msg]\n|move|p2b: Sneasler|Close Combat|p1b: Clefable\n|-resisted|p1b: Clefable|1\n|-damage|p1b: Clefable|0 fnt\n|-unboost|p2b: Sneasler|def|1\n|-unboost|p2b: Sneasler|spd|1\n|faint|p1b: Clefable\n|move|p2a: Basculegion|Last Respects|p1a: Politoed\n|-damage|p1a: Politoed|0 fnt\n|faint|p1a: Politoed\n|\n|-weather|RainDance|[upkeep]\n|upkeep\n|\n|t:|1776575328\n|switch|p1b: Charizard|Charizard-Mega-Y, L50, M, shiny|100/100\n|-weather|SunnyDay|[from] ability: Drought|[of] p1b: Charizard\n|turn|11\n|\n|t:|1776575337\n|move|p2a: Basculegion|Protect|p2a: Basculegion\n|-singleturn|p2a: Basculegion|Protect\n|move|p2b: Sneasler|Rock Slide|p1b: Charizard\n|-supereffective|p1b: Charizard|2\n|-damage|p1b: Charizard|0 fnt\n|faint|p1b: Charizard\n|\n|win|Monument6\n|raw|TheGamingMammoth's rating: 1134 &rarr; <strong>1116</strong><br />(-18 for losing)\n|raw|Monument6's rating: 1229 &rarr; <strong>1247</strong><br />(+18 for winning)\n",
  "uploadtime": 1776575337,
  "views": 12,
  "formatid": "gen9championsvgc2026regma",
  "rating": 1116,
  "private": 0,
  "password": null
}