{
  "id": "gen9championsvgc2026regma-2586499281",
  "format": "[Gen 9 Champions] VGC 2026 Reg M-A",
  "players": [
    "Gadiel_VaStar",
    "marugod97"
  ],
  "log": "|j|\u2606Gadiel_VaStar\n|j|\u2606marugod97\n|t:|1776438896\n|gametype|doubles\n|player|p1|Gadiel_VaStar|170|1076\n|player|p2|marugod97|gambler|1000\n|gen|9\n|tier|[Gen 9 Champions] VGC 2026 Reg M-A\n|rated|\n|rule|Species Clause: Limit one of each Pok\u00e9mon\n|rule|Item Clause: Limit 1 of each item\n|clearpoke\n|poke|p1|Banette, L50, F|\n|poke|p1|Ditto, L50|\n|poke|p1|Espathra, L50, M|\n|poke|p1|Hydreigon, L50, F|\n|poke|p1|Volcarona, L50, F|\n|poke|p1|Primarina, L50, M|\n|poke|p2|Froslass, L50, F|\n|poke|p2|Milotic, L50, F|\n|poke|p2|Sableye, L50, F|\n|poke|p2|Dragonite, L50, F|\n|poke|p2|Sneasler, L50, F|\n|poke|p2|Primarina, L50, F|\n|teampreview|4\n|\n|t:|1776438916\n|teamsize|p1|4\n|teamsize|p2|4\n|start\n|switch|p1a: Espathra|Espathra, L50, M|100/100\n|switch|p1b: Ditto|Ditto, L50|100/100\n|switch|p2a: Froslass|Froslass, L50, F|100/100\n|switch|p2b: Sableye|Sableye, L50, F|100/100\n|-transform|p1b: Ditto|p2a: Froslass|[from] ability: Imposter\n|turn|1\n|inactive|Battle timer is ON: inactive players will automatically lose when time's up. (requested by marugod97)\n|inactive|Gadiel_VaStar has 60 seconds left.\n|\n|t:|1776438966\n|move|p2a: Froslass|Protect|p2a: Froslass\n|-singleturn|p2a: Froslass|Protect\n|move|p2b: Sableye|Thunder Wave|p1b: Ditto\n|-status|p1b: Ditto|par\n|move|p1a: Espathra|Calm Mind|p1a: Espathra\n|-boost|p1a: Espathra|spa|1\n|-boost|p1a: Espathra|spd|1\n|move|p1b: Ditto|Shadow Ball|p2a: Froslass\n|-activate|p2a: Froslass|move: Protect\n|\n|-ability|p1a: Espathra|Speed Boost|boost\n|-boost|p1a: Espathra|spe|1\n|upkeep\n|turn|2\n|inactive|Gadiel_VaStar has 30 seconds left.\n|inactive|Gadiel_VaStar has 20 seconds left.\n|inactive|Gadiel_VaStar has 15 seconds left.\n|\n|t:|1776439009\n|detailschange|p2a: Froslass|Froslass-Mega, L50, F\n|-mega|p2a: Froslass|Froslass|Froslassite\n|-weather|Snowscape|[from] ability: Snow Warning|[of] p2a: Froslass\n|move|p2b: Sableye|Encore|p1a: Espathra\n|-start|p1a: Espathra|Encore\n|move|p1a: Espathra|Calm Mind|p1a: Espathra\n|-boost|p1a: Espathra|spa|1\n|-boost|p1a: Espathra|spd|1\n|move|p2a: Froslass|Shadow Ball|p1b: Ditto\n|-supereffective|p1b: Ditto|1\n|-damage|p1b: Ditto|0 fnt\n|faint|p1b: Ditto\n|\n|-weather|Snowscape|[upkeep]\n|-ability|p1a: Espathra|Speed Boost|boost\n|-boost|p1a: Espathra|spe|1\n|upkeep\n|\n|t:|1776439025\n|switch|p1b: Banette|Banette, L50, F, shiny|100/100\n|turn|3\n|\n|t:|1776439038\n|detailschange|p1b: Banette|Banette-Mega, L50, F, shiny\n|-mega|p1b: Banette|Banette|Banettite\n|move|p1b: Banette|Shadow Sneak|p2a: Froslass\n|-supereffective|p2a: Froslass|1\n|-damage|p2a: Froslass|43/100\n|move|p2b: Sableye|Taunt|p1b: Banette\n|-start|p1b: Banette|move: Taunt\n|move|p1a: Espathra|Calm Mind|p1a: Espathra\n|-boost|p1a: Espathra|spa|1\n|-boost|p1a: Espathra|spd|1\n|move|p2a: Froslass|Shadow Ball|p1b: Banette\n|-supereffective|p1b: Banette|1\n|-damage|p1b: Banette|0 fnt\n|faint|p1b: Banette\n|\n|-weather|Snowscape|[upkeep]\n|-ability|p1a: Espathra|Speed Boost|boost\n|-boost|p1a: Espathra|spe|1\n|upkeep\n|\n|t:|1776439057\n|switch|p1b: Hydreigon|Hydreigon, L50, F|100/100\n|turn|4\n|inactive|Gadiel_VaStar has 30 seconds left.\n|inactive|marugod97 has 30 seconds left.\n|\n|t:|1776439090\n|move|p2b: Sableye|Thunder Wave|p1a: Espathra\n|-status|p1a: Espathra|par\n|move|p1a: Espathra|Calm Mind|p1a: Espathra\n|-boost|p1a: Espathra|spa|1\n|-boost|p1a: Espathra|spd|1\n|move|p2a: Froslass|Blizzard|p1a: Espathra|[spread] p1a,p1b\n|-supereffective|p1b: Hydreigon|1\n|-damage|p1a: Espathra|76/100 par\n|-damage|p1b: Hydreigon|0 fnt\n|faint|p1b: Hydreigon\n|\n|-weather|Snowscape|[upkeep]\n|-end|p1a: Espathra|Encore\n|-ability|p1a: Espathra|Speed Boost|boost\n|-boost|p1a: Espathra|spe|1\n|upkeep\n|turn|5\n|inactive|Gadiel_VaStar has 30 seconds left.\n|\n|t:|1776439116\n|move|p2b: Sableye|Encore|p1a: Espathra\n|-start|p1a: Espathra|Encore\n|move|p1a: Espathra|Calm Mind|p1a: Espathra\n|-boost|p1a: Espathra|spa|1\n|-boost|p1a: Espathra|spd|1\n|move|p2a: Froslass|Shadow Ball|p1a: Espathra\n|-supereffective|p1a: Espathra|1\n|-damage|p1a: Espathra|37/100 par\n|\n|-weather|Snowscape|[upkeep]\n|-ability|p1a: Espathra|Speed Boost|boost\n|-boost|p1a: Espathra|spe|1\n|upkeep\n|turn|6\n|\n|t:|1776439130\n|move|p2b: Sableye|Taunt|p1a: Espathra\n|-start|p1a: Espathra|move: Taunt\n|cant|p1a: Espathra|move: Taunt|Calm Mind\n|move|p2a: Froslass|Shadow Ball|p1a: Espathra\n|-supereffective|p1a: Espathra|1\n|-damage|p1a: Espathra|0 fnt\n|faint|p1a: Espathra\n|\n|win|marugod97\n|raw|Gadiel_VaStar's rating: 1076 &rarr; <strong>1050</strong><br />(-26 for losing)\n|raw|marugod97's rating: 1000 &rarr; <strong>1049</strong><br />(+49 for winning)\n",
  "uploadtime": 1776439139,
  "views": 22,
  "formatid": "gen9championsvgc2026regma",
  "rating": 1049,
  "private": 0,
  "password": null
}