{
  "id": "gen9championsvgc2026regma-2582132898",
  "format": "[Gen 9 Champions] VGC 2026 Reg M-A",
  "players": [
    "faric",
    "Niftix"
  ],
  "log": "|j|\u2606faric\n|j|\u2606Niftix\n|t:|1776062218\n|gametype|doubles\n|player|p1|faric|102|1076\n|player|p2|Niftix|shadowtriad|1169\n|gen|9\n|tier|[Gen 9 Champions] VGC 2026 Reg M-A\n|rated|\n|rule|Species Clause: Limit one of each Pok\u00e9mon\n|rule|Item Clause: Limit 1 of each item\n|clearpoke\n|poke|p1|Charizard, L50, F|\n|poke|p1|Venusaur, L50, M|\n|poke|p1|Garchomp, L50, M|\n|poke|p1|Rotom-Wash, L50|\n|poke|p1|Incineroar, L50, F|\n|poke|p1|Sneasler, L50, F|\n|poke|p2|Drampa, L50, F|\n|poke|p2|Kingambit, L50, F|\n|poke|p2|Farigiraf, L50, F|\n|poke|p2|Sinistcha, L50|\n|poke|p2|Incineroar, L50, M|\n|poke|p2|Mimikyu, L50, M|\n|teampreview|4\n|inactive|Battle timer is ON: inactive players will automatically lose when time's up. (requested by Niftix)\n|inactive|faric has 60 seconds left.\n|inactive|Niftix has 60 seconds left.\n|\n|t:|1776062275\n|teamsize|p1|4\n|teamsize|p2|4\n|start\n|switch|p1a: Sneasler|Sneasler, L50, F|100/100\n|switch|p1b: Venusaur|Venusaur, L50, M|100/100\n|switch|p2a: Incineroar|Incineroar, L50, M|100/100\n|switch|p2b: Farigiraf|Farigiraf, L50, F|100/100\n|-ability|p2a: Incineroar|Intimidate|boost\n|-unboost|p1a: Sneasler|atk|1\n|-unboost|p1b: Venusaur|atk|1\n|-enditem|p1a: Sneasler|White Herb\n|-clearnegativeboost|p1a: Sneasler|[silent]\n|turn|1\n|inactive|Niftix has 30 seconds left.\n|\n|t:|1776062304\n|move|p2a: Incineroar|Fake Out|p1b: Venusaur\n|-damage|p1b: Venusaur|86/100\n|move|p1a: Sneasler|Close Combat|p2b: Farigiraf\n|-damage|p2b: Farigiraf|34/100\n|-unboost|p1a: Sneasler|def|1\n|-unboost|p1a: Sneasler|spd|1\n|cant|p1b: Venusaur|flinch\n|move|p2b: Farigiraf|Trick Room|p2b: Farigiraf\n|-fieldstart|move: Trick Room|[of] p2b: Farigiraf\n|\n|upkeep\n|turn|2\n|\n|t:|1776062322\n|switch|p1b: Rotom|Rotom-Wash, L50|100/100\n|move|p1a: Sneasler|Protect|p1a: Sneasler\n|-singleturn|p1a: Sneasler|Protect\n|move|p2b: Farigiraf|Psychic|p1a: Sneasler\n|-activate|p1a: Sneasler|move: Protect\n|move|p2a: Incineroar|Flare Blitz|p1b: Rotom\n|-resisted|p1b: Rotom|1\n|-damage|p1b: Rotom|76/100\n|-damage|p2a: Incineroar|94/100|[from] Recoil\n|\n|-heal|p1b: Rotom|82/100|[from] item: Leftovers\n|upkeep\n|turn|3\n|inactive|faric has 30 seconds left.\n|\n|t:|1776062348\n|switch|p1a: Venusaur|Venusaur, L50, M|86/100\n|move|p2b: Farigiraf|Psychic|p1a: Venusaur\n|-supereffective|p1a: Venusaur|1\n|-crit|p1a: Venusaur\n|-damage|p1a: Venusaur|0 fnt\n|faint|p1a: Venusaur\n|move|p2a: Incineroar|Parting Shot|p1b: Rotom\n|-unboost|p1b: Rotom|atk|1\n|-unboost|p1b: Rotom|spa|1\n|\n|t:|1776062359\n|switch|p2a: Drampa|Drampa, L50, F, shiny|100/100|[from] Parting Shot\n|-ability|p2a: Drampa|Cloud Nine\n|move|p1b: Rotom|Hydro Pump|p2a: Drampa\n|-resisted|p2a: Drampa|1\n|-damage|p2a: Drampa|81/100\n|\n|-heal|p1b: Rotom|88/100|[from] item: Leftovers\n|upkeep\n|\n|t:|1776062367\n|switch|p1a: Sneasler|Sneasler, L50, F|100/100\n|turn|4\n|inactive|Niftix has 30 seconds left.\n|\n|t:|1776062395\n|detailschange|p2a: Drampa|Drampa-Mega, L50, F, shiny\n|-mega|p2a: Drampa|Drampa|Drampanite\n|move|p1a: Sneasler|Protect|p1a: Sneasler\n|-singleturn|p1a: Sneasler|Protect\n|move|p2a: Drampa|Hyper Voice|p1b: Rotom|[spread] p1b\n|-activate|p1a: Sneasler|move: Protect\n|-damage|p1b: Rotom|44/100\n|move|p2b: Farigiraf|Psychic|p1a: Sneasler\n|-activate|p1a: Sneasler|move: Protect\n|move|p1b: Rotom|Hydro Pump|p2b: Farigiraf\n|-damage|p2b: Farigiraf|4/100\n|\n|-heal|p1b: Rotom|50/100|[from] item: Leftovers\n|upkeep\n|turn|5\n|inactive|faric has 30 seconds left.\n|\n|t:|1776062422\n|move|p1a: Sneasler|Protect||[still]\n|-fail|p1a: Sneasler\n|move|p2a: Drampa|Hyper Voice|p1a: Sneasler|[spread] p1a,p1b\n|-damage|p1a: Sneasler|36/100\n|-damage|p1b: Rotom|0 fnt\n|faint|p1b: Rotom\n|move|p2b: Farigiraf|Psychic|p1a: Sneasler\n|-supereffective|p1a: Sneasler|2\n|-damage|p1a: Sneasler|0 fnt\n|faint|p1a: Sneasler\n|\n|-fieldend|move: Trick Room\n|upkeep\n|\n|t:|1776062425\n|switch|p1b: Charizard|Charizard, L50, F|100/100\n|turn|6\n|inactive|Niftix has 30 seconds left.\n|inactive|Niftix has 20 seconds left.\n|\n|t:|1776062464\n|detailschange|p1b: Charizard|Charizard-Mega-Y, L50, F\n|-mega|p1b: Charizard|Charizard|Charizardite Y\n|-weather|SunnyDay|[from] ability: Drought|[of] p1b: Charizard\n|move|p1b: Charizard|Heat Wave|p2b: Farigiraf|[spread] p2a,p2b\n|-resisted|p2a: Drampa|1\n|-damage|p2a: Drampa|55/100\n|-damage|p2b: Farigiraf|0 fnt\n|faint|p2b: Farigiraf\n|move|p2a: Drampa|Hyper Voice|p1b: Charizard\n|-damage|p1b: Charizard|38/100\n|\n|-weather|SunnyDay|[upkeep]\n|upkeep\n|\n|t:|1776062480\n|switch|p2b: Incineroar|Incineroar, L50, M|94/100\n|-ability|p2b: Incineroar|Intimidate|boost\n|-unboost|p1b: Charizard|atk|1\n|turn|7\n|\n|t:|1776062485\n|move|p1b: Charizard|Protect|p1b: Charizard\n|-singleturn|p1b: Charizard|Protect\n|move|p2b: Incineroar|Fake Out|p1b: Charizard\n|-activate|p1b: Charizard|move: Protect\n|move|p2a: Drampa|Hyper Voice|p1b: Charizard\n|-activate|p1b: Charizard|move: Protect\n|\n|-weather|SunnyDay|[upkeep]\n|upkeep\n|turn|8\n|\n|t:|1776062497\n|move|p1b: Charizard|Heat Wave|p2a: Drampa|[spread] p2a,p2b\n|-resisted|p2a: Drampa|1\n|-resisted|p2b: Incineroar|1\n|-damage|p2a: Drampa|29/100\n|-damage|p2b: Incineroar|72/100\n|-ability|p2a: Drampa|Berserk|boost\n|-boost|p2a: Drampa|spa|1\n|move|p2b: Incineroar|Throat Chop|p1b: Charizard\n|-damage|p1b: Charizard|0 fnt\n|faint|p1b: Charizard\n|\n|win|Niftix\n|raw|faric's rating: 1076 &rarr; <strong>1060</strong><br />(-16 for losing)\n|raw|Niftix's rating: 1169 &rarr; <strong>1187</strong><br />(+18 for winning)\n",
  "uploadtime": 1776062511,
  "views": 14,
  "formatid": "gen9championsvgc2026regma",
  "rating": 1060,
  "private": 0,
  "password": null
}