{
  "id": "gen9championsvgc2026regma-2589543604",
  "format": "[Gen 9 Champions] VGC 2026 Reg M-A",
  "players": [
    "Gosuguy",
    "sdlt 2krl coolguy"
  ],
  "log": "|j|\u2606Gosuguy\n|j|\u2606sdlt 2krl coolguy\n|t:|1776732632\n|gametype|doubles\n|player|p1|Gosuguy|steven|1378\n|player|p2|sdlt 2krl coolguy|leon-masters2|1408\n|gen|9\n|tier|[Gen 9 Champions] VGC 2026 Reg M-A\n|rated|\n|rule|Species Clause: Limit one of each Pok\u00e9mon\n|rule|Item Clause: Limit 1 of each item\n|clearpoke\n|poke|p1|Delphox, L50, M|\n|poke|p1|Basculegion, L50, M|\n|poke|p1|Clefable, L50, F|\n|poke|p1|Kingambit, L50, M|\n|poke|p1|Dragonite, L50, F|\n|poke|p1|Sneasler, L50, F|\n|poke|p2|Floette-Eternal, L50, F|\n|poke|p2|Incineroar, L50, M|\n|poke|p2|Sinistcha, L50|\n|poke|p2|Garchomp, L50, F|\n|poke|p2|Sneasler, L50, F|\n|poke|p2|Kingambit, L50, M|\n|teampreview|4\n|inactive|Battle timer is ON: inactive players will automatically lose when time's up. (requested by sdlt 2krl coolguy)\n|inactive|Gosuguy also wants the timer to be on.\n|inactive|sdlt 2krl coolguy has 60 seconds left.\n|\n|t:|1776732671\n|teamsize|p1|4\n|teamsize|p2|4\n|start\n|switch|p1a: Sneasler|Sneasler, L50, F|100/100\n|switch|p1b: Kingambit|Kingambit, L50, M|100/100\n|switch|p2a: Incineroar|Incineroar, L50, M|100/100\n|switch|p2b: Garchomp|Garchomp, L50, F|100/100\n|-ability|p2a: Incineroar|Intimidate|boost\n|-unboost|p1a: Sneasler|atk|1\n|-unboost|p1b: Kingambit|atk|1\n|-ability|p1b: Kingambit|Defiant|boost\n|-boost|p1b: Kingambit|atk|2\n|turn|1\n|inactive|Gosuguy has 30 seconds left.\n|inactive|Gosuguy has 20 seconds left.\n|inactive|Gosuguy has 15 seconds left.\n|inactive|Gosuguy has 10 seconds left.\n|inactive|Gosuguy has 5 seconds left.\n|\n|t:|1776732726\n|move|p1a: Sneasler|Fake Out|p2b: Garchomp\n|-damage|p2b: Garchomp|91/100\n|-damage|p1a: Sneasler|88/100|[from] ability: Rough Skin|[of] p2b: Garchomp\n|cant|p2b: Garchomp|flinch\n|move|p2a: Incineroar|Flare Blitz|p1b: Kingambit\n|-supereffective|p1b: Kingambit|1\n|-damage|p1b: Kingambit|25/100\n|-damage|p2a: Incineroar|75/100|[from] Recoil\n|move|p1b: Kingambit|Swords Dance|p1b: Kingambit\n|-boost|p1b: Kingambit|atk|2\n|\n|upkeep\n|turn|2\n|\n|t:|1776732748\n|move|p2b: Garchomp|Protect|p2b: Garchomp\n|-singleturn|p2b: Garchomp|Protect\n|move|p1b: Kingambit|Sucker Punch||[still]\n|-fail|p1b: Kingambit\n|move|p1a: Sneasler|Close Combat|p2a: Incineroar\n|-supereffective|p2a: Incineroar|1\n|-enditem|p2a: Incineroar|Chople Berry|[eat]\n|-enditem|p2a: Incineroar|Chople Berry|[weaken]\n|-damage|p2a: Incineroar|43/100\n|-unboost|p1a: Sneasler|def|1\n|-unboost|p1a: Sneasler|spd|1\n|move|p2a: Incineroar|Flare Blitz|p1b: Kingambit\n|-supereffective|p1b: Kingambit|1\n|-damage|p1b: Kingambit|0 fnt\n|faint|p1b: Kingambit\n|-damage|p2a: Incineroar|35/100|[from] Recoil\n|\n|upkeep\n|\n|t:|1776732767\n|switch|p1b: Delphox|Delphox, L50, M|100/100\n|turn|3\n|\n|t:|1776732778\n|switch|p1a: Clefable|Clefable, L50, F|100/100\n|switch|p2a: Sneasler|Sneasler, L50, F|100/100\n|detailschange|p1b: Delphox|Delphox-Mega, L50, M\n|-mega|p1b: Delphox|Delphox|Delphoxite\n|move|p1b: Delphox|Substitute|p1b: Delphox\n|-start|p1b: Delphox|Substitute\n|-damage|p1b: Delphox|76/100\n|move|p2b: Garchomp|Rock Slide|p1b: Delphox|[spread] p1a,p1b\n|-supereffective|p1b: Delphox|1\n|-end|p1b: Delphox|Substitute\n|-damage|p1a: Clefable|85/100\n|\n|upkeep\n|turn|4\n|\n|t:|1776732793\n|move|p1a: Clefable|Follow Me|p1a: Clefable\n|-singleturn|p1a: Clefable|move: Follow Me\n|move|p1b: Delphox|Heat Wave|p2b: Garchomp|[spread] p2a,p2b\n|-resisted|p2b: Garchomp|1\n|-damage|p2a: Sneasler|42/100\n|-damage|p2b: Garchomp|66/100\n|move|p2a: Sneasler|Dire Claw|p1a: Clefable\n|-supereffective|p1a: Clefable|1\n|-damage|p1a: Clefable|24/100\n|-status|p1a: Clefable|slp\n|-enditem|p1a: Clefable|Sitrus Berry|[eat]\n|-heal|p1a: Clefable|49/100 slp|[from] item: Sitrus Berry\n|move|p2b: Garchomp|Rock Slide|p1b: Delphox|[spread] p1a,p1b\n|-supereffective|p1b: Delphox|1\n|-damage|p1a: Clefable|34/100 slp\n|-damage|p1b: Delphox|17/100\n|\n|upkeep\n|turn|5\n|\n|t:|1776732810\n|move|p2a: Sneasler|Protect|p2a: Sneasler\n|-singleturn|p2a: Sneasler|Protect\n|cant|p1a: Clefable|slp\n|move|p1b: Delphox|Heat Wave|p2b: Garchomp|[spread] p2b\n|-activate|p2a: Sneasler|move: Protect\n|-resisted|p2b: Garchomp|1\n|-damage|p2b: Garchomp|40/100\n|move|p2b: Garchomp|Rock Slide|p1b: Delphox|[spread] p1a,p1b\n|-supereffective|p1b: Delphox|1\n|-damage|p1a: Clefable|20/100 slp\n|-damage|p1b: Delphox|0 fnt\n|faint|p1b: Delphox\n|\n|upkeep\n|\n|t:|1776732821\n|switch|p1b: Sneasler|Sneasler, L50, F|88/100\n|turn|6\n|\n|t:|1776732828\n|switch|p2a: Incineroar|Incineroar, L50, M|35/100\n|-ability|p2a: Incineroar|Intimidate|boost\n|-unboost|p1a: Clefable|atk|1\n|-unboost|p1b: Sneasler|atk|1\n|move|p2b: Garchomp|Protect|p2b: Garchomp\n|-singleturn|p2b: Garchomp|Protect\n|move|p1b: Sneasler|Close Combat|p2a: Incineroar\n|-supereffective|p2a: Incineroar|1\n|-damage|p2a: Incineroar|0 fnt\n|-unboost|p1b: Sneasler|def|1\n|-unboost|p1b: Sneasler|spd|1\n|faint|p2a: Incineroar\n|cant|p1a: Clefable|slp\n|\n|upkeep\n|\n|t:|1776732841\n|switch|p2a: Sneasler|Sneasler, L50, F|42/100\n|turn|7\n|\n|t:|1776732847\n|move|p1b: Sneasler|Protect|p1b: Sneasler\n|-singleturn|p1b: Sneasler|Protect\n|-curestatus|p1a: Clefable|slp|[msg]\n|move|p1a: Clefable|Protect|p1a: Clefable\n|-singleturn|p1a: Clefable|Protect\n|move|p2a: Sneasler|Dire Claw|p1a: Clefable\n|-activate|p1a: Clefable|move: Protect\n|move|p2b: Garchomp|Stomping Tantrum|p1b: Sneasler\n|-activate|p1b: Sneasler|move: Protect\n|\n|upkeep\n|turn|8\n|\n|t:|1776732865\n|move|p2a: Sneasler|Dire Claw|p1a: Clefable\n|-supereffective|p1a: Clefable|1\n|-crit|p1a: Clefable\n|-damage|p1a: Clefable|0 fnt\n|faint|p1a: Clefable\n|move|p1b: Sneasler|Close Combat|p2b: Garchomp\n|-damage|p2b: Garchomp|0 fnt\n|-unboost|p1b: Sneasler|def|1\n|-unboost|p1b: Sneasler|spd|1\n|-damage|p1b: Sneasler|76/100|[from] ability: Rough Skin|[of] p2b: Garchomp\n|faint|p2b: Garchomp\n|\n|upkeep\n|\n|t:|1776732872\n|switch|p2b: Kingambit|Kingambit, L50, M|100/100\n|turn|9\n|\n|t:|1776732881\n|move|p2b: Kingambit|Sucker Punch|p1b: Sneasler\n|-resisted|p1b: Sneasler|1\n|-damage|p1b: Sneasler|0 fnt\n|faint|p1b: Sneasler\n|\n|win|sdlt 2krl coolguy\n|raw|Gosuguy's rating: 1378 &rarr; <strong>1360</strong><br />(-18 for losing)\n|raw|sdlt 2krl coolguy's rating: 1408 &rarr; <strong>1426</strong><br />(+18 for winning)\n",
  "uploadtime": 1776732881,
  "views": 2,
  "formatid": "gen9championsvgc2026regma",
  "rating": 1360,
  "private": 0,
  "password": null
}