{
  "id": "gen9championsvgc2026regma-2582541878",
  "format": "[Gen 9 Champions] VGC 2026 Reg M-A",
  "players": [
    "dimito10",
    "YonkoLouis"
  ],
  "log": "|j|\u2606dimito10\n|j|\u2606YonkoLouis\n|t:|1776098266\n|gametype|doubles\n|player|p1|dimito10|brock|1061\n|player|p2|YonkoLouis|steven|1000\n|gen|9\n|tier|[Gen 9 Champions] VGC 2026 Reg M-A\n|rated|\n|rule|Species Clause: Limit one of each Pok\u00e9mon\n|rule|Item Clause: Limit 1 of each item\n|clearpoke\n|poke|p1|Drampa, L50, M|\n|poke|p1|Alakazam, L50, M|\n|poke|p1|Scizor, L50, M|\n|poke|p1|Sinistcha, L50|\n|poke|p1|Floette-Eternal, L50, F|\n|poke|p1|Araquanid, L50, F|\n|poke|p2|Floette-Eternal, L50, F|\n|poke|p2|Whimsicott, L50, F|\n|poke|p2|Tyranitar, L50, F|\n|poke|p2|Excadrill, L50, F|\n|poke|p2|Primarina, L50, F|\n|poke|p2|Goodra-Hisui, L50, F|\n|teampreview|4\n|inactive|Battle timer is ON: inactive players will automatically lose when time's up. (requested by dimito10)\nYonkoLouis rejected open team sheets.\n|inactive|dimito10 has 60 seconds left.\n|\n|t:|1776098306\n|teamsize|p1|4\n|teamsize|p2|4\n|start\n|switch|p1a: Scizor|Scizor, L50, M|100/100\n|switch|p1b: Araquanid|Araquanid, L50, F|100/100\n|switch|p2a: Small Hand|Tyranitar, L50, F|100/100\n|switch|p2b: Loski|Excadrill, L50, F, shiny|100/100\n|-weather|Sandstorm|[from] ability: Sand Stream|[of] p2a: Small Hand\n|turn|1\n|inactive|dimito10 has 30 seconds left.\n|inactive|YonkoLouis has 30 seconds left.\n|\n|t:|1776098340\n|move|p1a: Scizor|Bullet Punch|p2a: Small Hand\n|-supereffective|p2a: Small Hand|1\n|-damage|p2a: Small Hand|44/100\n|move|p2b: Loski|Swords Dance|p2b: Loski\n|-boost|p2b: Loski|atk|2\n|move|p2a: Small Hand|Knock Off|p1b: Araquanid\n|-damage|p1b: Araquanid|39/100\n|-enditem|p1b: Araquanid|Leftovers|[from] move: Knock Off|[of] p2a: Small Hand\n|move|p1b: Araquanid|Waterfall|p2a: Small Hand\n|-supereffective|p2a: Small Hand|1\n|-damage|p2a: Small Hand|0 fnt\n|faint|p2a: Small Hand\n|\n|-weather|Sandstorm|[upkeep]\n|-damage|p1b: Araquanid|33/100|[from] Sandstorm\n|upkeep\n|inactive|YonkoLouis has 30 seconds left.\n|\n|t:|1776098365\n|switch|p2a: LA FLAME|Whimsicott, L50, F, shiny|100/100\n|turn|2\n|inactive|dimito10 has 30 seconds left.\n|\n|t:|1776098390\n|move|p2a: LA FLAME|Helping Hand|p2b: Loski\n|-singleturn|p2b: Loski|Helping Hand|[of] p2a: LA FLAME\n|move|p1a: Scizor|Bullet Punch|p2a: LA FLAME\n|-supereffective|p2a: LA FLAME|1\n|-damage|p2a: LA FLAME|17/100\n|move|p2b: Loski|Earthquake|p1a: Scizor|[spread] p2a,p1a,p1b\n|-resisted|p2a: LA FLAME|1\n|-resisted|p1b: Araquanid|1\n|-damage|p2a: LA FLAME|0 fnt\n|-enditem|p1a: Scizor|Focus Sash\n|-damage|p1a: Scizor|1/100\n|-damage|p1b: Araquanid|0 fnt\n|faint|p2a: LA FLAME\n|faint|p1b: Araquanid\n|\n|-weather|Sandstorm|[upkeep]\n|upkeep\n|\n|t:|1776098409\n|switch|p2a: Lil Xern|Floette-Eternal, L50, F|100/100\n|switch|p1b: Sinistcha|Sinistcha, L50|100/100\n|-heal|p1a: Scizor|26/100|[from] ability: Hospitality|[of] p1b: Sinistcha\n|turn|3\n|inactive|dimito10 has 30 seconds left.\n|\n|t:|1776098441\n|detailschange|p2a: Lil Xern|Floette-Mega, L50, F\n|-mega|p2a: Lil Xern|Floette|Floettite\n|-ability|p2a: Lil Xern|Fairy Aura\n|move|p2a: Lil Xern|Protect|p2a: Lil Xern\n|-singleturn|p2a: Lil Xern|Protect\n|move|p1a: Scizor|Bullet Punch|p2a: Lil Xern\n|-activate|p2a: Lil Xern|move: Protect\n|move|p2b: Loski|Earthquake|p1a: Scizor|[spread] p1a,p1b\n|-activate|p2a: Lil Xern|move: Protect\n|-resisted|p1b: Sinistcha|1\n|-damage|p1a: Scizor|0 fnt\n|-damage|p1b: Sinistcha|64/100\n|faint|p1a: Scizor\n|move|p1b: Sinistcha|Matcha Gotcha|p2b: Loski|[spread] p2b\n|-activate|p2a: Lil Xern|move: Protect\n|-damage|p2b: Loski|68/100\n|-heal|p1b: Sinistcha|82/100|[from] drain|[of] p2b: Loski\n|-status|p2b: Loski|brn\n|\n|-weather|Sandstorm|[upkeep]\n|-damage|p2a: Lil Xern|94/100|[from] Sandstorm\n|-damage|p1b: Sinistcha|76/100|[from] Sandstorm\n|-damage|p2b: Loski|62/100 brn|[from] brn\n|upkeep\n|\n|t:|1776098452\n|switch|p1a: Floette|Floette-Eternal, L50, F|100/100\n|turn|4\n|inactive|YonkoLouis has 30 seconds left.\n|inactive|dimito10 has 30 seconds left.\n|inactive|YonkoLouis has 20 seconds left.\n|inactive|dimito10 has 20 seconds left.\n|\n|t:|1776098493\n|detailschange|p1a: Floette|Floette-Mega, L50, F\n|-mega|p1a: Floette|Floette|Floettite\n|-ability|p1a: Floette|Fairy Aura\n|move|p2b: Loski|Swords Dance|p2b: Loski\n|-boost|p2b: Loski|atk|2\n|move|p2a: Lil Xern|Calm Mind|p2a: Lil Xern\n|-boost|p2a: Lil Xern|spa|1\n|-boost|p2a: Lil Xern|spd|1\n|move|p1a: Floette|Light of Ruin|p2a: Lil Xern\n|-damage|p2a: Lil Xern|28/100\n|-damage|p1a: Floette|67/100|[from] Recoil\n|move|p1b: Sinistcha|Matcha Gotcha|p2b: Loski|[spread] p2a,p2b\n|-damage|p2a: Lil Xern|13/100\n|-heal|p1b: Sinistcha|83/100|[from] drain|[of] p2a: Lil Xern\n|-damage|p2b: Loski|26/100 brn\n|-heal|p1b: Sinistcha|100/100|[from] drain|[of] p2b: Loski\n|\n|-weather|Sandstorm|[upkeep]\n|-damage|p2a: Lil Xern|7/100|[from] Sandstorm\n|-damage|p1a: Floette|61/100|[from] Sandstorm\n|-damage|p1b: Sinistcha|94/100|[from] Sandstorm\n|-damage|p2b: Loski|20/100 brn|[from] brn\n|upkeep\n|turn|5\n|inactive|dimito10 has 30 seconds left.\n|inactive|YonkoLouis has 30 seconds left.\n|inactive|dimito10 has 20 seconds left.\n|inactive|YonkoLouis has 20 seconds left.\n|inactive|YonkoLouis has 15 seconds left.\n|inactive|dimito10 has 15 seconds left.\n|\n|t:|1776098541\n|move|p1a: Floette|Protect|p1a: Floette\n|-singleturn|p1a: Floette|Protect\n|move|p2b: Loski|Iron Head|p1a: Floette\n|-activate|p1a: Floette|move: Protect\n|move|p2a: Lil Xern|Dazzling Gleam|p1a: Floette|[spread] p1b\n|-activate|p1a: Floette|move: Protect\n|-damage|p1b: Sinistcha|13/100\n|-enditem|p1b: Sinistcha|Sitrus Berry|[eat]\n|-heal|p1b: Sinistcha|38/100|[from] item: Sitrus Berry\n|move|p1b: Sinistcha|Matcha Gotcha|p2b: Loski|[spread] p2b\n|-miss|p1b: Sinistcha|p2a: Lil Xern\n|-damage|p2b: Loski|0 fnt\n|-heal|p1b: Sinistcha|49/100|[from] drain|[of] p2b: Loski\n|faint|p2b: Loski\n|\n|-weather|none\n|upkeep\n|turn|6\n|inactive|dimito10 has 30 seconds left.\n|inactive|YonkoLouis has 30 seconds left.\n|inactive|dimito10 has 20 seconds left.\n|\n|t:|1776098578\n|move|p2a: Lil Xern|Dazzling Gleam|p1b: Sinistcha|[spread] p1a,p1b\n|-crit|p1a: Floette\n|-damage|p1a: Floette|0 fnt\n|-damage|p1b: Sinistcha|0 fnt\n|faint|p1a: Floette\n|faint|p1b: Sinistcha\n|\n|win|YonkoLouis\n|raw|dimito10's rating: 1061 &rarr; <strong>1039</strong><br />(-22 for losing)\n|raw|YonkoLouis's rating: 1000 &rarr; <strong>1047</strong><br />(+47 for winning)\n|c|\u2606YonkoLouis|gg\n|c|\u2606dimito10|bruh lol\n|c|\u2606YonkoLouis|yeah i got so lucky\n|c|\u2606YonkoLouis|mega floette so busted\n|c|\u2606dimito10|yeah\n|c|\u2606dimito10|but gg anyways\n|c|\u2606YonkoLouis|gg\n",
  "uploadtime": 1776098614,
  "views": 9,
  "formatid": "gen9championsvgc2026regma",
  "rating": 1039,
  "private": 0,
  "password": null
}