{
  "id": "gen9championsvgc2026regma-2588614967",
  "format": "[Gen 9 Champions] VGC 2026 Reg M-A",
  "players": [
    "Bambinator88",
    "heartofdraco"
  ],
  "log": "|j|\u2606Bambinator88\n|j|\u2606heartofdraco\n|t:|1776650304\n|gametype|doubles\n|player|p1|Bambinator88|hilbert-wonderlauncher|1201\n|player|p2|heartofdraco|170|1167\n|gen|9\n|tier|[Gen 9 Champions] VGC 2026 Reg M-A\n|rated|\n|rule|Species Clause: Limit one of each Pok\u00e9mon\n|rule|Item Clause: Limit 1 of each item\n|clearpoke\n|poke|p1|Jolteon, L50, F|\n|poke|p1|Arcanine-Hisui, L50, M|\n|poke|p1|Froslass, L50, F|\n|poke|p1|Garchomp, L50, M|\n|poke|p1|Hydreigon, L50, M|\n|poke|p1|Sneasler, L50, F|\n|poke|p2|Toxapex, L50, M|\n|poke|p2|Glimmora, L50, F|\n|poke|p2|Aggron, L50, M|\n|poke|p2|Arcanine-Hisui, L50, F|\n|poke|p2|Sinistcha, L50|\n|poke|p2|Basculegion, L50, M|\n|teampreview|4\n|\n|t:|1776650332\n|teamsize|p1|4\n|teamsize|p2|4\n|start\n|switch|p1a: Jolteon|Jolteon, L50, F|100/100\n|switch|p1b: Hydreigon|Hydreigon, L50, M|100/100\n|switch|p2a: Glimmora|Glimmora, L50, F|100/100\n|switch|p2b: Basculegion|Basculegion, L50, M|100/100\n|turn|1\n|\n|t:|1776650368\n|move|p1a: Jolteon|Thunderbolt|p2b: Basculegion\n|-supereffective|p2b: Basculegion|1\n|-damage|p2b: Basculegion|0 fnt\n|faint|p2b: Basculegion\n|move|p1b: Hydreigon|Snarl|p2a: Glimmora\n|-damage|p2a: Glimmora|75/100\n|-unboost|p2a: Glimmora|spa|1\n|move|p2a: Glimmora|Mortal Spin|p1a: Jolteon|[spread] p1a,p1b\n|-damage|p1a: Jolteon|92/100\n|-damage|p1b: Hydreigon|95/100\n|-status|p1a: Jolteon|psn\n|-status|p1b: Hydreigon|psn\n|\n|-damage|p1a: Jolteon|80/100 psn|[from] psn\n|-damage|p1b: Hydreigon|83/100 psn|[from] psn\n|upkeep\n|\n|t:|1776650388\n|switch|p2b: Aggron|Aggron, L50, M|100/100\n|turn|2\n|\n|t:|1776650408\n|detailschange|p2b: Aggron|Aggron-Mega, L50, M\n|-mega|p2b: Aggron|Aggron|Aggronite\n|move|p2a: Glimmora|Spiky Shield|p2a: Glimmora\n|-singleturn|p2a: Glimmora|move: Protect\n|move|p1a: Jolteon|Thunderbolt|p2b: Aggron\n|-damage|p2b: Aggron|68/100\n|move|p1b: Hydreigon|Dark Pulse|p2b: Aggron\n|-damage|p2b: Aggron|28/100\n|move|p2b: Aggron|Body Press|p1b: Hydreigon\n|-supereffective|p1b: Hydreigon|1\n|-damage|p1b: Hydreigon|3/100 psn\n|-enditem|p1b: Hydreigon|Sitrus Berry|[eat]\n|-heal|p1b: Hydreigon|28/100 psn|[from] item: Sitrus Berry\n|\n|-damage|p1a: Jolteon|68/100 psn|[from] psn\n|-damage|p1b: Hydreigon|16/100 psn|[from] psn\n|upkeep\n|turn|3\n|\n|t:|1776650438\n|move|p2b: Aggron|Protect|p2b: Aggron\n|-singleturn|p2b: Aggron|Protect\n|move|p1a: Jolteon|Thunderbolt|p2a: Glimmora\n|-damage|p2a: Glimmora|43/100\n|move|p1b: Hydreigon|Draco Meteor|p2a: Glimmora\n|-damage|p2a: Glimmora|0 fnt\n|-unboost|p1b: Hydreigon|spa|2\n|faint|p2a: Glimmora\n|\n|-damage|p1a: Jolteon|56/100 psn|[from] psn\n|-damage|p1b: Hydreigon|4/100 psn|[from] psn\n|upkeep\n|\n|t:|1776650453\n|switch|p2a: Toxapex|Toxapex, L50, M|100/100\n|turn|4\n|\n|t:|1776650493\n|move|p1a: Jolteon|Electroweb|p2a: Toxapex|[spread] p2b\n|-miss|p1a: Jolteon|p2a: Toxapex\n|-damage|p2b: Aggron|10/100\n|-unboost|p2b: Aggron|spe|1\n|move|p1b: Hydreigon|Snarl|p2a: Toxapex|[spread] p2a,p2b\n|-damage|p2a: Toxapex|93/100\n|-damage|p2b: Aggron|0 fnt\n|-unboost|p2a: Toxapex|spa|1\n|faint|p2b: Aggron\n|move|p2a: Toxapex|Stockpile|p2a: Toxapex\n|-start|p2a: Toxapex|stockpile1\n|-boost|p2a: Toxapex|def|1\n|-boost|p2a: Toxapex|spd|1\n|\n|-heal|p2a: Toxapex|99/100|[from] item: Leftovers\n|-damage|p1a: Jolteon|44/100 psn|[from] psn\n|-damage|p1b: Hydreigon|0 fnt|[from] psn\n|faint|p1b: Hydreigon\n|upkeep\n|\n|t:|1776650512\n|switch|p1b: Froslass|Froslass, L50, F|100/100\n|turn|5\n|\n|t:|1776650520\n|move|p1a: Jolteon|Fake Tears|p2a: Toxapex\n|-unboost|p2a: Toxapex|spd|2\n|move|p1b: Froslass|Substitute|p1b: Froslass\n|-start|p1b: Froslass|Substitute\n|-damage|p1b: Froslass|76/100\n|move|p2a: Toxapex|Venoshock|p1a: Jolteon\n|-crit|p1a: Jolteon\n|-damage|p1a: Jolteon|0 fnt\n|faint|p1a: Jolteon\n|\n|-heal|p2a: Toxapex|100/100|[from] item: Leftovers\n|upkeep\n|\n|t:|1776650532\n|switch|p1a: Sneasler|Sneasler, L50, F|100/100\n|turn|6\n|\n|t:|1776650542\n|detailschange|p1b: Froslass|Froslass-Mega, L50, F\n|-mega|p1b: Froslass|Froslass|Froslassite\n|-weather|Snowscape|[from] ability: Snow Warning|[of] p1b: Froslass\n|move|p1b: Froslass|Shadow Ball|p2a: Toxapex\n|-damage|p2a: Toxapex|54/100\n|-unboost|p2a: Toxapex|spd|1\n|move|p1a: Sneasler|Dire Claw|p2a: Toxapex\n|-resisted|p2a: Toxapex|1\n|-damage|p2a: Toxapex|42/100\n|move|p2a: Toxapex|Stockpile|p2a: Toxapex\n|-start|p2a: Toxapex|stockpile2\n|-boost|p2a: Toxapex|def|1\n|-boost|p2a: Toxapex|spd|1\n|\n|-weather|Snowscape|[upkeep]\n|-heal|p2a: Toxapex|48/100|[from] item: Leftovers\n|upkeep\n|turn|7\n|\n|t:|1776650562\n|move|p2a: Toxapex|Baneful Bunker|p2a: Toxapex\n|-singleturn|p2a: Toxapex|move: Protect\n|move|p1a: Sneasler|Dire Claw|p2a: Toxapex\n|-activate|p2a: Toxapex|move: Protect\n|move|p1b: Froslass|Shadow Ball|p2a: Toxapex\n|-activate|p2a: Toxapex|move: Protect\n|\n|-weather|Snowscape|[upkeep]\n|-heal|p2a: Toxapex|53/100|[from] item: Leftovers\n|upkeep\n|turn|8\n|\n|t:|1776650578\n|move|p1a: Sneasler|Dire Claw|p2a: Toxapex\n|-resisted|p2a: Toxapex|1\n|-damage|p2a: Toxapex|44/100\n|move|p1b: Froslass|Shadow Ball|p2a: Toxapex\n|-damage|p2a: Toxapex|0 fnt\n|faint|p2a: Toxapex\n|\n|win|Bambinator88\n|raw|Bambinator88's rating: 1201 &rarr; <strong>1224</strong><br />(+23 for winning)\n|raw|heartofdraco's rating: 1167 &rarr; <strong>1144</strong><br />(-23 for losing)\n|l|\u2606heartofdraco\n|player|p2|\n",
  "uploadtime": 1776650595,
  "views": 5,
  "formatid": "gen9championsvgc2026regma",
  "rating": 1144,
  "private": 0,
  "password": null
}