{
  "id": "gen9championsvgc2026regma-2584158428",
  "format": "[Gen 9 Champions] VGC 2026 Reg M-A",
  "players": [
    "luckyhanky",
    "LyonFyre4"
  ],
  "log": "|j|\u2606luckyhanky\n|j|\u2606LyonFyre4\n|t:|1776232150\n|gametype|doubles\n|player|p1|luckyhanky|medium-gen2jp|1442\n|player|p2|LyonFyre4|2|1507\n|gen|9\n|tier|[Gen 9 Champions] VGC 2026 Reg M-A\n|rated|\n|rule|Species Clause: Limit one of each Pok\u00e9mon\n|rule|Item Clause: Limit 1 of each item\n|clearpoke\n|poke|p1|Mamoswine, L50, F|\n|poke|p1|Tyranitar, L50, M|\n|poke|p1|Armarouge, L50, M|\n|poke|p1|Whimsicott, L50, F|\n|poke|p1|Sneasler, L50, M|\n|poke|p1|Basculegion, L50, M|\n|poke|p2|Floette-Eternal, L50, F|\n|poke|p2|Sinistcha, L50|\n|poke|p2|Basculegion, L50, M|\n|poke|p2|Talonflame, L50, F|\n|poke|p2|Garchomp, L50, F|\n|poke|p2|Delphox, L50, M|\n|teampreview|4\n|inactive|Battle timer is ON: inactive players will automatically lose when time's up. (requested by luckyhanky)\n|inactive|luckyhanky has 60 seconds left.\n|inactive|LyonFyre4 has 60 seconds left.\n|inactive|luckyhanky has 30 seconds left.\n|inactive|luckyhanky has 20 seconds left.\n|\n|t:|1776232220\n|teamsize|p1|4\n|teamsize|p2|4\n|start\n|switch|p1a: Basculegion|Basculegion, L50, M|100/100\n|switch|p1b: Mamoswine|Mamoswine, L50, F|100/100\n|switch|p2a: Floette|Floette-Eternal, L50, F|100/100\n|switch|p2b: Talonflame|Talonflame, L50, F|100/100\n|turn|1\n|inactive|LyonFyre4 has 30 seconds left.\n|\n|t:|1776232254\n|move|p2a: Floette|Protect|p2a: Floette\n|-singleturn|p2a: Floette|Protect\n|move|p1a: Basculegion|Wave Crash|p2b: Talonflame\n|-supereffective|p2b: Talonflame|1\n|-damage|p2b: Talonflame|0 fnt\n|faint|p2b: Talonflame\n|-damage|p1a: Basculegion|73/100|[from] Recoil\n|move|p1b: Mamoswine|High Horsepower|p2a: Floette\n|-activate|p2a: Floette|move: Protect\n|\n|upkeep\n|\n|t:|1776232264\n|switch|p2b: Sinistcha|Sinistcha, L50|100/100\n|turn|2\n|\n|t:|1776232281\n|switch|p1a: Whimsicott|Whimsicott, L50, F|100/100\n|detailschange|p2a: Floette|Floette-Mega, L50, F\n|-mega|p2a: Floette|Floette|Floettite\n|-ability|p2a: Floette|Fairy Aura\n|move|p2b: Sinistcha|Rage Powder|p2b: Sinistcha\n|-singleturn|p2b: Sinistcha|move: Rage Powder\n|move|p1b: Mamoswine|Ice Shard|p2b: Sinistcha\n|-supereffective|p2b: Sinistcha|1\n|-damage|p2b: Sinistcha|63/100\n|move|p2a: Floette|Calm Mind|p2a: Floette\n|-boost|p2a: Floette|spa|1\n|-boost|p2a: Floette|spd|1\n|\n|upkeep\n|turn|3\n|inactive|LyonFyre4 has 30 seconds left.\n|\n|t:|1776232315\n|move|p1b: Mamoswine|Protect|p1b: Mamoswine\n|-singleturn|p1b: Mamoswine|Protect\n|move|p2a: Floette|Protect|p2a: Floette\n|-singleturn|p2a: Floette|Protect\n|move|p1a: Whimsicott|Tailwind|p1a: Whimsicott\n|-sidestart|p1: luckyhanky|move: Tailwind\n|move|p2b: Sinistcha|Trick Room|p2b: Sinistcha\n|-fieldstart|move: Trick Room|[of] p2b: Sinistcha\n|\n|upkeep\n|turn|4\n|\n|t:|1776232328\n|move|p2b: Sinistcha|Rage Powder|p2b: Sinistcha\n|-singleturn|p2b: Sinistcha|move: Rage Powder\n|move|p2a: Floette|Dazzling Gleam|p1a: Whimsicott|[spread] p1a,p1b\n|-damage|p1a: Whimsicott|0 fnt\n|-enditem|p1b: Mamoswine|Focus Sash\n|-damage|p1b: Mamoswine|1/100\n|faint|p1a: Whimsicott\n|move|p1b: Mamoswine|Earthquake|p2a: Floette|[spread] p2a,p2b\n|-resisted|p2b: Sinistcha|1\n|-damage|p2a: Floette|60/100\n|-damage|p2b: Sinistcha|45/100\n|-enditem|p2b: Sinistcha|Sitrus Berry|[eat]\n|-heal|p2b: Sinistcha|70/100|[from] item: Sitrus Berry\n|\n|upkeep\n|\n|t:|1776232335\n|switch|p1a: Tyranitar|Tyranitar, L50, M|100/100\n|-weather|Sandstorm|[from] ability: Sand Stream|[of] p1a: Tyranitar\n|turn|5\n|\n|t:|1776232350\n|move|p1a: Tyranitar|Protect|p1a: Tyranitar\n|-singleturn|p1a: Tyranitar|Protect\n|move|p1b: Mamoswine|Protect|p1b: Mamoswine\n|-singleturn|p1b: Mamoswine|Protect\n|move|p2b: Sinistcha|Rage Powder|p2b: Sinistcha\n|-singleturn|p2b: Sinistcha|move: Rage Powder\n|move|p2a: Floette|Dazzling Gleam|p1a: Tyranitar|[spread] \n|-activate|p1a: Tyranitar|move: Protect\n|-activate|p1b: Mamoswine|move: Protect\n|\n|-weather|Sandstorm|[upkeep]\n|-damage|p2b: Sinistcha|63/100|[from] Sandstorm\n|-damage|p2a: Floette|54/100|[from] Sandstorm\n|upkeep\n|turn|6\n|\n|t:|1776232368\n|switch|p1a: Basculegion|Basculegion, L50, M|73/100\n|move|p2b: Sinistcha|Rage Powder|p2b: Sinistcha\n|-singleturn|p2b: Sinistcha|move: Rage Powder\n|move|p1b: Mamoswine|Ice Shard|p2b: Sinistcha\n|-supereffective|p2b: Sinistcha|1\n|-damage|p2b: Sinistcha|26/100\n|move|p2a: Floette|Dazzling Gleam|p1b: Mamoswine|[spread] p1a,p1b\n|-damage|p1a: Basculegion|0 fnt\n|-damage|p1b: Mamoswine|0 fnt\n|faint|p1a: Basculegion\n|faint|p1b: Mamoswine\n|\n|-weather|Sandstorm|[upkeep]\n|-damage|p2b: Sinistcha|20/100|[from] Sandstorm\n|-damage|p2a: Floette|48/100|[from] Sandstorm\n|-sideend|p1: luckyhanky|move: Tailwind\n|upkeep\n|\n|t:|1776232373\n|switch|p1b: Tyranitar|Tyranitar, L50, M|100/100\n|turn|7\n|-message|luckyhanky forfeited.\n|\n|win|LyonFyre4\n|raw|luckyhanky's rating: 1442 &rarr; <strong>1426</strong><br />(-16 for losing)\n|raw|LyonFyre4's rating: 1507 &rarr; <strong>1523</strong><br />(+16 for winning)\n|l|\u2606luckyhanky\n|player|p1|\n|l|\u2606LyonFyre4\n|player|p2|\n",
  "uploadtime": 1776232402,
  "views": 51,
  "formatid": "gen9championsvgc2026regma",
  "rating": 1426,
  "private": 0,
  "password": null
}