{
  "id": "gen9championsvgc2026regma-2585864123",
  "format": "[Gen 9 Champions] VGC 2026 Reg M-A",
  "players": [
    "boysenorange",
    "BlazingDurendal"
  ],
  "log": "|j|\u2606boysenorange\n|j|\u2606BlazingDurendal\n|t:|1776376557\n|gametype|doubles\n|player|p1|boysenorange|turo|1262\n|player|p2|BlazingDurendal|janitor|1309\n|gen|9\n|tier|[Gen 9 Champions] VGC 2026 Reg M-A\n|rated|\n|rule|Species Clause: Limit one of each Pok\u00e9mon\n|rule|Item Clause: Limit 1 of each item\n|clearpoke\n|poke|p1|Farigiraf, L50, F|\n|poke|p1|Gardevoir, L50, M|\n|poke|p1|Kangaskhan, L50, F|\n|poke|p1|Camerupt, L50, M|\n|poke|p1|Conkeldurr, L50, M|\n|poke|p1|Tinkaton, L50, F|\n|poke|p2|Oranguru, L50, M|\n|poke|p2|Tyranitar, L50, F|\n|poke|p2|Basculegion, L50, M|\n|poke|p2|Scizor, L50, F|\n|poke|p2|Blastoise, L50, F|\n|poke|p2|Sylveon, L50, M|\n|teampreview|4\n|\n|t:|1776376595\n|teamsize|p1|4\n|teamsize|p2|4\n|start\n|switch|p1a: Kangaskhan|Kangaskhan, L50, F|100/100\n|switch|p1b: Farigiraf|Farigiraf, L50, F|100/100\n|switch|p2a: Oranguru|Oranguru, L50, M|100/100\n|switch|p2b: Blastoise|Blastoise, L50, F|100/100\n|turn|1\n|\n|t:|1776376624\n|detailschange|p2b: Blastoise|Blastoise-Mega, L50, F\n|-mega|p2b: Blastoise|Blastoise|Blastoisinite\n|move|p2a: Oranguru|Protect|p2a: Oranguru\n|-singleturn|p2a: Oranguru|Protect\n|move|p1a: Kangaskhan|Fake Out|p2b: Blastoise\n|-damage|p2b: Blastoise|81/100\n|cant|p2b: Blastoise|flinch\n|move|p1b: Farigiraf|Trick Room|p1b: Farigiraf\n|-fieldstart|move: Trick Room|[of] p1b: Farigiraf\n|\n|upkeep\n|turn|2\n|\n|t:|1776376647\n|switch|p2a: Sylveon|Sylveon, L50, M, shiny|100/100\n|move|p2b: Blastoise|Aura Sphere|p1a: Kangaskhan\n|-supereffective|p1a: Kangaskhan|1\n|-damage|p1a: Kangaskhan|8/100\n|move|p1a: Kangaskhan|Last Resort|p2b: Blastoise\n|-damage|p2b: Blastoise|17/100\n|move|p1b: Farigiraf|Trick Room|p1b: Farigiraf\n|-fieldend|move: Trick Room\n|\n|upkeep\n|turn|3\n|\n|t:|1776376661\n|switch|p2b: Oranguru|Oranguru, L50, M|100/100\n|move|p2a: Sylveon|Quick Attack||[still]\n|cant|p1b: Farigiraf|ability: Armor Tail|Quick Attack|[of] p2a: Sylveon\n|move|p1a: Kangaskhan|Last Resort|p2a: Sylveon\n|-damage|p2a: Sylveon|8/100\n|move|p1b: Farigiraf|Trick Room|p1b: Farigiraf\n|-fieldstart|move: Trick Room|[of] p1b: Farigiraf\n|\n|upkeep\n|turn|4\n|\n|t:|1776376677\n|move|p2a: Sylveon|Hyper Voice|p1b: Farigiraf|[spread] p1a,p1b\n|-damage|p1a: Kangaskhan|0 fnt\n|-damage|p1b: Farigiraf|82/100\n|faint|p1a: Kangaskhan\n|move|p2b: Oranguru|Psychic|p1b: Farigiraf\n|-resisted|p1b: Farigiraf|1\n|-damage|p1b: Farigiraf|71/100\n|move|p1b: Farigiraf|Hyper Voice|p2b: Oranguru|[spread] p2a,p2b\n|-damage|p2a: Sylveon|0 fnt\n|-damage|p2b: Oranguru|82/100\n|faint|p2a: Sylveon\n|\n|upkeep\n|\n|t:|1776376690\n|switch|p2a: Blastoise|Blastoise-Mega, L50, F|17/100\n|switch|p1a: Camerupt|Camerupt, L50, M|100/100\n|turn|5\n|\n|t:|1776376717\n|detailschange|p1a: Camerupt|Camerupt-Mega, L50, M\n|-mega|p1a: Camerupt|Camerupt|Cameruptite\n|move|p1a: Camerupt|Eruption|p2b: Oranguru|[spread] p2a,p2b\n|-resisted|p2a: Blastoise|1\n|-damage|p2a: Blastoise|0 fnt\n|-damage|p2b: Oranguru|28/100\n|faint|p2a: Blastoise\n|move|p1b: Farigiraf|Hyper Voice|p2b: Oranguru\n|-damage|p2b: Oranguru|2/100\n|move|p2b: Oranguru|Trick Room|p2b: Oranguru\n|-fieldend|move: Trick Room\n|\n|upkeep\n|\n|t:|1776376728\n|switch|p2a: Basculegion|Basculegion, L50, M|100/100\n|turn|6\n|\n|t:|1776376740\n|move|p1a: Camerupt|Protect|p1a: Camerupt\n|-singleturn|p1a: Camerupt|Protect\n|move|p2a: Basculegion|Wave Crash|p1b: Farigiraf\n|-damage|p1b: Farigiraf|8/100\n|-damage|p2a: Basculegion|76/100|[from] Recoil\n|move|p2b: Oranguru|Psychic|p1a: Camerupt\n|-activate|p1a: Camerupt|move: Protect\n|move|p1b: Farigiraf|Trick Room|p1b: Farigiraf\n|-fieldstart|move: Trick Room|[of] p1b: Farigiraf\n|\n|upkeep\n|turn|7\n|-message|BlazingDurendal forfeited.\n|\n|win|boysenorange\n|raw|boysenorange's rating: 1262 &rarr; <strong>1290</strong><br />(+28 for winning)\n|raw|BlazingDurendal's rating: 1309 &rarr; <strong>1286</strong><br />(-23 for losing)\n|l|\u2606BlazingDurendal\n|player|p2|\n",
  "uploadtime": 1776376755,
  "views": 25,
  "formatid": "gen9championsvgc2026regma",
  "rating": 1286,
  "private": 0,
  "password": null
}