{
  "id": "gen9championsvgc2026regma-2583422903",
  "format": "[Gen 9 Champions] VGC 2026 Reg M-A",
  "players": [
    "dondonso",
    "CHIMPGAMING2026"
  ],
  "log": "|j|\u2606dondonso\n|j|\u2606CHIMPGAMING2026\n|t:|1776174644\n|gametype|doubles\n|player|p1|dondonso|265|1207\n|player|p2|CHIMPGAMING2026|burglar|1223\n|gen|9\n|tier|[Gen 9 Champions] VGC 2026 Reg M-A\n|rated|\n|rule|Species Clause: Limit one of each Pok\u00e9mon\n|rule|Item Clause: Limit 1 of each item\n|clearpoke\n|poke|p1|Gengar, L50, M|\n|poke|p1|Politoed, L50, F|\n|poke|p1|Incineroar, L50, F|\n|poke|p1|Basculegion, L50, M|\n|poke|p1|Archaludon, L50, M|\n|poke|p1|Whimsicott, L50, F|\n|poke|p2|Charizard, L50, F|\n|poke|p2|Rotom-Wash, L50|\n|poke|p2|Sneasler, L50, M|\n|poke|p2|Tyranitar, L50, M|\n|poke|p2|Excadrill, L50, F|\n|poke|p2|Whimsicott, L50, M|\n|teampreview|4\n|inactive|Battle timer is ON: inactive players will automatically lose when time's up. (requested by CHIMPGAMING2026)\n|inactive|dondonso also wants the timer to be on.\n|\n|t:|1776174671\n|teamsize|p1|4\n|teamsize|p2|4\n|start\n|switch|p1a: Gengar|Gengar, L50, M|100/100\n|switch|p1b: Incineroar|Incineroar, L50, F|100/100\n|switch|p2a: Sneasler|Sneasler, L50, M|100/100\n|switch|p2b: Rotom|Rotom-Wash, L50|100/100\n|-ability|p1b: Incineroar|Intimidate|boost\n|-unboost|p2a: Sneasler|atk|1\n|-unboost|p2b: Rotom|atk|1\n|-enditem|p2a: Sneasler|White Herb\n|-clearnegativeboost|p2a: Sneasler|[silent]\n|turn|1\n|\n|t:|1776174688\n|detailschange|p1a: Gengar|Gengar-Mega, L50, M\n|-mega|p1a: Gengar|Gengar|Gengarite\n|move|p1b: Incineroar|Fake Out|p2a: Sneasler\n|-damage|p2a: Sneasler|83/100\n|cant|p2a: Sneasler|flinch\n|move|p1a: Gengar|Perish Song|p1a: Gengar\n|-start|p1a: Gengar|perish3|[silent]\n|-start|p1b: Incineroar|perish3|[silent]\n|-start|p2a: Sneasler|perish3|[silent]\n|-start|p2b: Rotom|perish3|[silent]\n|-fieldactivate|move: Perish Song\n|move|p2b: Rotom|Volt Switch|p1b: Incineroar\n|-damage|p1b: Incineroar|79/100\n|\n|t:|1776174699\n|switch|p2b: Excadrill|Excadrill, L50, F, shiny|100/100|[from] Volt Switch\n|\n|-start|p2a: Sneasler|perish3\n|-start|p1a: Gengar|perish3\n|-start|p1b: Incineroar|perish3\n|upkeep\n|turn|2\n|\n|t:|1776174703\n|move|p1a: Gengar|Protect|p1a: Gengar\n|-singleturn|p1a: Gengar|Protect\n|move|p2b: Excadrill|Protect|p2b: Excadrill\n|-singleturn|p2b: Excadrill|Protect\n|move|p1b: Incineroar|Protect|p1b: Incineroar\n|-singleturn|p1b: Incineroar|Protect\n|move|p2a: Sneasler|Close Combat|p1b: Incineroar\n|-activate|p1b: Incineroar|move: Protect\n|\n|-start|p2a: Sneasler|perish2\n|-start|p1a: Gengar|perish2\n|-start|p1b: Incineroar|perish2\n|upkeep\n|turn|3\n|\n|t:|1776174723\n|switch|p1b: Basculegion|Basculegion, L50, M|100/100\n|move|p2a: Sneasler|Protect|p2a: Sneasler\n|-singleturn|p2a: Sneasler|Protect\n|move|p1a: Gengar|Substitute|p1a: Gengar\n|-start|p1a: Gengar|Substitute\n|-damage|p1a: Gengar|76/100\n|move|p2b: Excadrill|Earthquake|p1a: Gengar|[spread] p1a,p1b\n|-activate|p2a: Sneasler|move: Protect\n|-supereffective|p1a: Gengar|1\n|-end|p1a: Gengar|Substitute\n|-damage|p1b: Basculegion|49/100\n|\n|-start|p2a: Sneasler|perish1\n|-start|p1a: Gengar|perish1\n|upkeep\n|turn|4\n|inactive|CHIMPGAMING2026 has 30 seconds left.\n|inactive|dondonso has 30 seconds left.\n|inactive|CHIMPGAMING2026 has 20 seconds left.\n|\n|t:|1776174767\n|switch|p1a: Incineroar|Incineroar, L50, F|79/100\n|-ability|p1a: Incineroar|Intimidate|boost\n|-unboost|p2a: Sneasler|atk|1\n|-unboost|p2b: Excadrill|atk|1\n|move|p2a: Sneasler|Dire Claw|p1b: Basculegion\n|-resisted|p1b: Basculegion|1\n|-damage|p1b: Basculegion|30/100\n|move|p1b: Basculegion|Flip Turn|p2b: Excadrill\n|-supereffective|p2b: Excadrill|1\n|-crit|p2b: Excadrill\n|-enditem|p2b: Excadrill|Focus Sash\n|-damage|p2b: Excadrill|1/100\n|\n|t:|1776174780\n|switch|p1b: Politoed|Politoed, L50, F|100/100|[from] Flip Turn\n|-weather|RainDance|[from] ability: Drizzle|[of] p1b: Politoed\n|move|p2b: Excadrill|Earthquake|p1b: Politoed|[spread] p2a,p1a,p1b\n|-supereffective|p2a: Sneasler|1\n|-supereffective|p1a: Incineroar|1\n|-damage|p2a: Sneasler|0 fnt\n|-damage|p1a: Incineroar|34/100\n|-damage|p1b: Politoed|70/100\n|faint|p2a: Sneasler\n|\n|-weather|RainDance|[upkeep]\n|upkeep\n|\n|t:|1776174794\n|switch|p2a: Rotom|Rotom-Wash, L50|100/100\n|turn|5\n|\n|t:|1776174811\n|switch|p2b: Tyranitar|Tyranitar, L50, M, shiny|100/100\n|-weather|Sandstorm|[from] ability: Sand Stream|[of] p2b: Tyranitar\n|move|p1a: Incineroar|Fake Out|p2a: Rotom\n|-damage|p2a: Rotom|89/100\n|cant|p2a: Rotom|flinch\n|move|p1b: Politoed|Muddy Water|p2b: Tyranitar|[spread] p2a,p2b\n|-resisted|p2a: Rotom|1\n|-supereffective|p2b: Tyranitar|1\n|-damage|p2a: Rotom|81/100\n|-damage|p2b: Tyranitar|74/100\n|\n|-weather|Sandstorm|[upkeep]\n|-damage|p2a: Rotom|75/100|[from] Sandstorm\n|-damage|p1b: Politoed|64/100|[from] Sandstorm\n|-damage|p1a: Incineroar|28/100|[from] Sandstorm\n|upkeep\n|turn|6\n|inactive|dondonso has 30 seconds left.\n|\n|t:|1776174840\n|move|p2a: Rotom|Volt Switch|p1b: Politoed\n|-supereffective|p1b: Politoed|1\n|-damage|p1b: Politoed|27/100\n|-enditem|p1b: Politoed|Sitrus Berry|[eat]\n|-heal|p1b: Politoed|52/100|[from] item: Sitrus Berry\n|\n|t:|1776174845\n|switch|p2a: Excadrill|Excadrill, L50, F, shiny|1/100|[from] Volt Switch\n|move|p2b: Tyranitar|Low Kick|p1a: Incineroar\n|-supereffective|p1a: Incineroar|1\n|-enditem|p1a: Incineroar|Chople Berry|[eat]\n|-enditem|p1a: Incineroar|Chople Berry|[weaken]\n|-damage|p1a: Incineroar|6/100\n|move|p1b: Politoed|Perish Song|p1b: Politoed\n|-start|p1a: Incineroar|perish3|[silent]\n|-start|p1b: Politoed|perish3|[silent]\n|-start|p2a: Excadrill|perish3|[silent]\n|-start|p2b: Tyranitar|perish3|[silent]\n|-fieldactivate|move: Perish Song\n|move|p1a: Incineroar|Parting Shot|p2b: Tyranitar\n|-unboost|p2b: Tyranitar|atk|1\n|-unboost|p2b: Tyranitar|spa|1\n|\n|t:|1776174856\n|switch|p1a: Gengar|Gengar-Mega, L50, M|76/100|[from] Parting Shot\n|\n|-weather|Sandstorm|[upkeep]\n|-damage|p1a: Gengar|70/100|[from] Sandstorm\n|-damage|p1b: Politoed|46/100|[from] Sandstorm\n|-start|p2a: Excadrill|perish3\n|-start|p2b: Tyranitar|perish3\n|-start|p1b: Politoed|perish3\n|upkeep\n|turn|7\n|\n|t:|1776174865\n|move|p1a: Gengar|Protect|p1a: Gengar\n|-singleturn|p1a: Gengar|Protect\n|move|p2b: Tyranitar|Protect|p2b: Tyranitar\n|-singleturn|p2b: Tyranitar|Protect\n|move|p1b: Politoed|Protect|p1b: Politoed\n|-singleturn|p1b: Politoed|Protect\n|move|p2a: Excadrill|Earthquake|p1a: Gengar|[spread] \n|-activate|p2b: Tyranitar|move: Protect\n|-activate|p1a: Gengar|move: Protect\n|-activate|p1b: Politoed|move: Protect\n|\n|-weather|Sandstorm|[upkeep]\n|-damage|p1a: Gengar|64/100|[from] Sandstorm\n|-damage|p1b: Politoed|40/100|[from] Sandstorm\n|-start|p2a: Excadrill|perish2\n|-start|p2b: Tyranitar|perish2\n|-start|p1b: Politoed|perish2\n|upkeep\n|turn|8\n|\n|t:|1776174887\n|switch|p1a: Incineroar|Incineroar, L50, F|6/100\n|-ability|p1a: Incineroar|Intimidate|boost\n|-unboost|p2a: Excadrill|atk|1\n|-unboost|p2b: Tyranitar|atk|1\n|detailschange|p2b: Tyranitar|Tyranitar-Mega, L50, M, shiny\n|-mega|p2b: Tyranitar|Tyranitar|Tyranitarite\n|move|p2a: Excadrill|Earthquake|p1a: Incineroar|[spread] p2b,p1a,p1b\n|-supereffective|p2b: Tyranitar|1\n|-supereffective|p1a: Incineroar|1\n|-damage|p2b: Tyranitar|41/100\n|-damage|p1a: Incineroar|0 fnt\n|-damage|p1b: Politoed|11/100\n|faint|p1a: Incineroar\n|move|p2b: Tyranitar|Rock Slide|p1b: Politoed|[miss]\n|-miss|p2b: Tyranitar|p1b: Politoed\n|move|p1b: Politoed|Muddy Water|p2a: Excadrill|[spread] p2a,p2b\n|-supereffective|p2a: Excadrill|1\n|-supereffective|p2b: Tyranitar|1\n|-damage|p2a: Excadrill|0 fnt\n|-damage|p2b: Tyranitar|20/100\n|faint|p2a: Excadrill\n|\n|-weather|Sandstorm|[upkeep]\n|-damage|p1b: Politoed|5/100|[from] Sandstorm\n|-start|p2b: Tyranitar|perish1\n|-start|p1b: Politoed|perish1\n|upkeep\n|\n|t:|1776174904\n|switch|p2a: Rotom|Rotom-Wash, L50|75/100\n|switch|p1a: Gengar|Gengar-Mega, L50, M|64/100\n|turn|9\n|\n|t:|1776174912\n|move|p1a: Gengar|Protect|p1a: Gengar\n|-singleturn|p1a: Gengar|Protect\n|move|p1b: Politoed|Protect|p1b: Politoed\n|-singleturn|p1b: Politoed|Protect\n|move|p2b: Tyranitar|Knock Off|p1a: Gengar\n|-activate|p1a: Gengar|move: Protect\n|move|p2a: Rotom|Hydro Pump|p1a: Gengar\n|-activate|p1a: Gengar|move: Protect\n|\n|-weather|none\n|-start|p2b: Tyranitar|perish0\n|-start|p1b: Politoed|perish0\n|faint|p2b: Tyranitar\n|faint|p1b: Politoed\n|upkeep\n|\n|t:|1776174920\n|switch|p1b: Basculegion|Basculegion, L50, M|30/100\n|turn|10\n|\n|t:|1776174929\n|move|p1b: Basculegion|Last Respects|p2a: Rotom\n|-damage|p2a: Rotom|0 fnt\n|faint|p2a: Rotom\n|\n|win|dondonso\n|raw|dondonso's rating: 1207 &rarr; <strong>1233</strong><br />(+26 for winning)\n|raw|CHIMPGAMING2026's rating: 1223 &rarr; <strong>1197</strong><br />(-26 for losing)\n|l|\u2606CHIMPGAMING2026\n|player|p2|\n",
  "uploadtime": 1776174934,
  "views": 17,
  "formatid": "gen9championsvgc2026regma",
  "rating": 1197,
  "private": 0,
  "password": null
}