{
  "id": "gen9championsvgc2026regma-2588548595",
  "format": "[Gen 9 Champions] VGC 2026 Reg M-A",
  "players": [
    "pantatbesar123",
    "Marcio Lira"
  ],
  "log": "|j|\u2606pantatbesar123\n|j|\u2606Marcio Lira\n|t:|1776643874\n|gametype|doubles\n|player|p1|pantatbesar123|266|1178\n|player|p2|Marcio Lira|bugcatcher-gen4dp|1118\n|gen|9\n|tier|[Gen 9 Champions] VGC 2026 Reg M-A\n|rated|\n|rule|Species Clause: Limit one of each Pok\u00e9mon\n|rule|Item Clause: Limit 1 of each item\n|clearpoke\n|poke|p1|Floette-Eternal, L50, F|\n|poke|p1|Aerodactyl, L50, F|\n|poke|p1|Incineroar, L50, F|\n|poke|p1|Basculegion, L50, M|\n|poke|p1|Primarina, L50, M|\n|poke|p1|Sneasler, L50, M|\n|poke|p2|Pelipper, L50, M|\n|poke|p2|Primarina, L50, F|\n|poke|p2|Basculegion, L50, M|\n|poke|p2|Tsareena, L50, F|\n|poke|p2|Scovillain, L50, M|\n|poke|p2|Incineroar, L50, M|\n|teampreview|4\npantatbesar123 rejected open team sheets.\n|\n|t:|1776643923\n|teamsize|p1|4\n|teamsize|p2|4\n|start\n|switch|p1a: Aerodactyl|Aerodactyl, L50, F|100/100\n|switch|p1b: Incineroar|Incineroar, L50, F|100/100\n|switch|p2a: Scovillain|Scovillain, L50, M|100/100\n|switch|p2b: Incineroar|Incineroar, L50, M|100/100\n|-ability|p1a: Aerodactyl|Unnerve\n|-ability|p2b: Incineroar|Intimidate|boost\n|-unboost|p1a: Aerodactyl|atk|1\n|-unboost|p1b: Incineroar|atk|1\n|-ability|p1b: Incineroar|Intimidate|boost\n|-unboost|p2a: Scovillain|atk|1\n|-unboost|p2b: Incineroar|atk|1\n|turn|1\n|\n|t:|1776643941\n|detailschange|p2a: Scovillain|Scovillain-Mega, L50, M\n|-mega|p2a: Scovillain|Scovillain|Scovillainite\n|move|p2a: Scovillain|Protect|p2a: Scovillain\n|-singleturn|p2a: Scovillain|Protect\n|move|p2b: Incineroar|Fake Out|p1a: Aerodactyl\n|-resisted|p1a: Aerodactyl|1\n|-damage|p1a: Aerodactyl|93/100\n|move|p1b: Incineroar|Fake Out|p2a: Scovillain\n|-activate|p2a: Scovillain|move: Protect\n|cant|p1a: Aerodactyl|flinch\n|\n|upkeep\n|turn|2\n|\n|t:|1776643963\n|move|p1a: Aerodactyl|Tailwind|p1a: Aerodactyl\n|-sidestart|p1: pantatbesar123|move: Tailwind\n|move|p1b: Incineroar|Parting Shot|p2a: Scovillain\n|-unboost|p2a: Scovillain|atk|1\n|-unboost|p2a: Scovillain|spa|1\n|\n|t:|1776643967\n|switch|p1b: Floette|Floette-Eternal, L50, F|100/100|[from] Parting Shot\n|move|p2b: Incineroar|Parting Shot|p1b: Floette\n|-unboost|p1b: Floette|atk|1\n|-unboost|p1b: Floette|spa|1\n|\n|t:|1776643978\n|switch|p2b: Primarina|Primarina, L50, F|100/100|[from] Parting Shot\n|move|p2a: Scovillain|Leech Seed|p1b: Floette|[miss]\n|-miss|p2a: Scovillain|p1b: Floette\n|\n|upkeep\n|turn|3\n|\n|t:|1776643999\n|switch|p1b: Incineroar|Incineroar, L50, F|100/100\n|-ability|p1b: Incineroar|Intimidate|boost\n|-unboost|p2a: Scovillain|atk|1\n|-unboost|p2b: Primarina|atk|1\n|move|p2a: Scovillain|Rage Powder|p2a: Scovillain\n|-singleturn|p2a: Scovillain|move: Rage Powder\n|move|p1a: Aerodactyl|Dual Wingbeat|p2a: Scovillain\n|-supereffective|p2a: Scovillain|1\n|-crit|p2a: Scovillain\n|-damage|p2a: Scovillain|40/100\n|-status|p1a: Aerodactyl|brn|[from] ability: Spicy Spray|[of] p2a: Scovillain\n|-supereffective|p2a: Scovillain|1\n|-damage|p2a: Scovillain|27/100\n|-hitcount|p2a: Scovillain|2\n|move|p2b: Primarina|Calm Mind|p2b: Primarina\n|-boost|p2b: Primarina|spa|1\n|-boost|p2b: Primarina|spd|1\n|\n|-damage|p1a: Aerodactyl|87/100 brn|[from] brn\n|upkeep\n|turn|4\n|\n|t:|1776644016\n|move|p2a: Scovillain|Protect|p2a: Scovillain\n|-singleturn|p2a: Scovillain|Protect\n|move|p2b: Primarina|Protect|p2b: Primarina\n|-singleturn|p2b: Primarina|Protect\n|move|p1a: Aerodactyl|Dual Wingbeat|p2a: Scovillain\n|-activate|p2a: Scovillain|move: Protect\n|move|p1b: Incineroar|Parting Shot|p2b: Primarina\n|-activate|p2b: Primarina|move: Protect\n|\n|-damage|p1a: Aerodactyl|81/100 brn|[from] brn\n|upkeep\n|turn|5\n|\n|t:|1776644028\n|move|p2a: Scovillain|Rage Powder|p2a: Scovillain\n|-singleturn|p2a: Scovillain|move: Rage Powder\n|move|p1a: Aerodactyl|Dual Wingbeat|p2a: Scovillain\n|-supereffective|p2a: Scovillain|1\n|-damage|p2a: Scovillain|13/100\n|-supereffective|p2a: Scovillain|1\n|-damage|p2a: Scovillain|0 fnt\n|faint|p2a: Scovillain\n|-hitcount|p2: Scovillain|2\n|move|p1b: Incineroar|Parting Shot|p2b: Primarina\n|-unboost|p2b: Primarina|atk|1\n|-unboost|p2b: Primarina|spa|1\n|\n|t:|1776644035\n|switch|p1b: Floette|Floette-Eternal, L50, F|100/100|[from] Parting Shot\n|move|p2b: Primarina|Hyper Voice|p1a: Aerodactyl|[spread] p1a,p1b\n|-supereffective|p1a: Aerodactyl|1\n|-damage|p1a: Aerodactyl|0 fnt\n|-damage|p1b: Floette|57/100\n|faint|p1a: Aerodactyl\n|\n|-sideend|p1: pantatbesar123|move: Tailwind\n|upkeep\n|\n|t:|1776644041\n|switch|p1a: Incineroar|Incineroar, L50, F|100/100\n|switch|p2a: Incineroar|Incineroar, L50, M|100/100\n|-ability|p2a: Incineroar|Intimidate|boost\n|-unboost|p1a: Incineroar|atk|1\n|-unboost|p1b: Floette|atk|1\n|-ability|p1a: Incineroar|Intimidate|boost\n|-unboost|p2a: Incineroar|atk|1\n|-unboost|p2b: Primarina|atk|1\n|turn|6\n|\n|t:|1776644051\n|detailschange|p1b: Floette|Floette-Mega, L50, F\n|-mega|p1b: Floette|Floette|Floettite\n|-ability|p1b: Floette|Fairy Aura\n|move|p1b: Floette|Protect|p1b: Floette\n|-singleturn|p1b: Floette|Protect\n|move|p2a: Incineroar|Fake Out|p1a: Incineroar\n|-damage|p1a: Incineroar|93/100\n|cant|p1a: Incineroar|flinch\n|move|p2b: Primarina|Calm Mind|p2b: Primarina\n|-boost|p2b: Primarina|spa|1\n|-boost|p2b: Primarina|spd|1\n|\n|upkeep\n|turn|7\n|\n|t:|1776644068\n|move|p1b: Floette|Moonblast|p2b: Primarina\n|-damage|p2b: Primarina|67/100\n|move|p2a: Incineroar|Parting Shot|p1b: Floette\n|-unboost|p1b: Floette|atk|1\n|-unboost|p1b: Floette|spa|1\n|\n|t:|1776644074\n|switch|p2a: Basculegion|Basculegion, L50, M|100/100|[from] Parting Shot\n|move|p1a: Incineroar|Parting Shot|p2b: Primarina\n|-unboost|p2b: Primarina|atk|1\n|-unboost|p2b: Primarina|spa|1\n|\n|t:|1776644077\n|switch|p1a: Basculegion|Basculegion, L50, M|100/100|[from] Parting Shot\n|move|p2b: Primarina|Hyper Voice|p1a: Basculegion|[spread] p1a,p1b\n|-resisted|p1a: Basculegion|1\n|-damage|p1a: Basculegion|73/100\n|-damage|p1b: Floette|16/100\n|\n|upkeep\n|turn|8\n|\n|t:|1776644100\n|switch|p2a: Incineroar|Incineroar, L50, M|100/100\n|-ability|p2a: Incineroar|Intimidate|boost\n|-unboost|p1a: Basculegion|atk|1\n|-unboost|p1b: Floette|atk|1\n|switch|p1b: Incineroar|Incineroar, L50, F|93/100\n|-ability|p1b: Incineroar|Intimidate|boost\n|-unboost|p2a: Incineroar|atk|1\n|-unboost|p2b: Primarina|atk|1\n|move|p1a: Basculegion|Wave Crash|p2b: Primarina\n|-resisted|p2b: Primarina|1\n|-damage|p2b: Primarina|30/100\n|-damage|p1a: Basculegion|61/100|[from] Recoil\n|move|p2b: Primarina|Hyper Voice|p1a: Basculegion|[spread] p1a,p1b\n|-resisted|p1a: Basculegion|1\n|-supereffective|p1b: Incineroar|1\n|-damage|p1a: Basculegion|34/100\n|-damage|p1b: Incineroar|24/100\n|-enditem|p1b: Incineroar|Sitrus Berry|[eat]\n|-heal|p1b: Incineroar|49/100|[from] item: Sitrus Berry\n|\n|upkeep\n|turn|9\n|\n|t:|1776644123\n|move|p2b: Primarina|Protect|p2b: Primarina\n|-singleturn|p2b: Primarina|Protect\n|move|p1b: Incineroar|Fake Out|p2a: Incineroar\n|-damage|p2a: Incineroar|86/100\n|move|p1a: Basculegion|Wave Crash|p2b: Primarina\n|-activate|p2b: Primarina|move: Protect\n|cant|p2a: Incineroar|flinch\n|\n|upkeep\n|turn|10\n|\n|t:|1776644149\n|move|p2b: Primarina|Protect|p2b: Primarina\n|-singleturn|p2b: Primarina|Protect\n|move|p1a: Basculegion|Wave Crash|p2b: Primarina\n|-activate|p2b: Primarina|move: Protect\n|move|p2a: Incineroar|Parting Shot|p1a: Basculegion\n|-unboost|p1a: Basculegion|atk|1\n|-unboost|p1a: Basculegion|spa|1\n|\n|t:|1776644152\n|switch|p2a: Basculegion|Basculegion, L50, M|100/100|[from] Parting Shot\n|move|p1b: Incineroar|Throat Chop|p2b: Primarina\n|-activate|p2b: Primarina|move: Protect\n|\n|upkeep\n|turn|11\n|c|\u2606pantatbesar123|holly fucking luck\n|\n|t:|1776644163\n|move|p2a: Basculegion|Aqua Jet|p1b: Incineroar\n|-supereffective|p1b: Incineroar|1\n|-damage|p1b: Incineroar|1/100\n|move|p1a: Basculegion|Wave Crash|p2b: Primarina\n|-resisted|p2b: Primarina|1\n|-damage|p2b: Primarina|5/100\n|-damage|p1a: Basculegion|26/100|[from] Recoil\n|move|p1b: Incineroar|Throat Chop|p2b: Primarina\n|-resisted|p2b: Primarina|1\n|-damage|p2b: Primarina|0 fnt\n|faint|p2b: Primarina\n|\n|upkeep\n|\n|t:|1776644166\n|switch|p2b: Incineroar|Incineroar, L50, M|86/100\n|-ability|p2b: Incineroar|Intimidate|boost\n|-unboost|p1a: Basculegion|atk|1\n|-unboost|p1b: Incineroar|atk|1\n|turn|12\n|\n|t:|1776644181\n|move|p2b: Incineroar|Fake Out|p1b: Incineroar\n|-damage|p1b: Incineroar|0 fnt\n|faint|p1b: Incineroar\n|move|p2a: Basculegion|Aqua Jet|p1a: Basculegion\n|-resisted|p1a: Basculegion|1\n|-damage|p1a: Basculegion|9/100\n|move|p1a: Basculegion|Wave Crash|p2b: Incineroar\n|-supereffective|p2b: Incineroar|1\n|-damage|p2b: Incineroar|7/100\n|-enditem|p2b: Incineroar|Sitrus Berry|[eat]\n|-heal|p2b: Incineroar|32/100|[from] item: Sitrus Berry\n|-damage|p1a: Basculegion|0 fnt|[from] Recoil\n|faint|p1a: Basculegion\n|\n|upkeep\n|\n|t:|1776644186\n|switch|p1b: Floette|Floette-Mega, L50, F|16/100\n|-ability|p1b: Floette|Fairy Aura\n|turn|13\n|\n|t:|1776644191\n|move|p2a: Basculegion|Aqua Jet|p1b: Floette\n|-damage|p1b: Floette|0 fnt\n|faint|p1b: Floette\n|\n|win|Marcio Lira\n|raw|pantatbesar123's rating: 1178 &rarr; <strong>1149</strong><br />(-29 for losing)\n|raw|Marcio Lira's rating: 1118 &rarr; <strong>1147</strong><br />(+29 for winning)\n|l|\u2606pantatbesar123\n|player|p1|\n",
  "uploadtime": 1776644196,
  "views": 9,
  "formatid": "gen9championsvgc2026regma",
  "rating": 1147,
  "private": 0,
  "password": null
}