{
  "id": "gen9championsvgc2026regma-2585051614",
  "format": "[Gen 9 Champions] VGC 2026 Reg M-A",
  "players": [
    "Marc1lle",
    "mimrat6"
  ],
  "log": "|j|\u2606Marc1lle\n|j|\u2606mimrat6\n|t:|1776306909\n|gametype|doubles\n|player|p1|Marc1lle|marnie-masters2|1226\n|player|p2|mimrat6|backersf|1228\n|gen|9\n|tier|[Gen 9 Champions] VGC 2026 Reg M-A\n|rated|\n|rule|Species Clause: Limit one of each Pok\u00e9mon\n|rule|Item Clause: Limit 1 of each item\n|clearpoke\n|poke|p1|Pelipper, L50, F|\n|poke|p1|Dragonite, L50, M|\n|poke|p1|Basculegion, L50, M|\n|poke|p1|Archaludon, L50, F|\n|poke|p1|Rotom-Heat, L50|\n|poke|p1|Sneasler, L50, F|\n|poke|p2|Tyranitar, L50, M|\n|poke|p2|Meganium, L50, F|\n|poke|p2|Basculegion, L50, M|\n|poke|p2|Garchomp, L50, F|\n|poke|p2|Sneasler, L50, M|\n|poke|p2|Aerodactyl, L50, M|\n|teampreview|4\n|inactive|Battle timer is ON: inactive players will automatically lose when time's up. (requested by Marc1lle)\n|inactive|Marc1lle has 60 seconds left.\n|inactive|mimrat6 has 60 seconds left.\n|inactive|mimrat6 has 30 seconds left.\n|inactive|mimrat6 has 20 seconds left.\n|inactive|mimrat6 has 15 seconds left.\n|inactive|mimrat6 has 10 seconds left.\n|inactive|mimrat6 has 5 seconds left.\n|\n|t:|1776306997\n|teamsize|p1|4\n|teamsize|p2|4\n|start\n|switch|p1a: Rotom|Rotom-Heat, L50|100/100\n|switch|p1b: Dragonite|Dragonite, L50, M|100/100\n|switch|p2a: Aerodactyl|Aerodactyl, L50, M|100/100\n|switch|p2b: Garchomp|Garchomp, L50, F, shiny|100/100\n|-ability|p2a: Aerodactyl|Unnerve\n|turn|1\n|inactive|Marc1lle has 30 seconds left.\n|inactive|mimrat6 has 30 seconds left.\n|inactive|mimrat6 has 20 seconds left.\n|\n|t:|1776307033\n|detailschange|p1b: Dragonite|Dragonite-Mega, L50, M\n|-mega|p1b: Dragonite|Dragonite|Dragoninite\n|move|p1a: Rotom|Volt Switch|p2a: Aerodactyl\n|-supereffective|p2a: Aerodactyl|1\n|-enditem|p2a: Aerodactyl|Focus Sash\n|-damage|p2a: Aerodactyl|1/100\n|\n|t:|1776307040\n|switch|p1a: Basculegion|Basculegion, L50, M|100/100|[from] Volt Switch\n|move|p2a: Aerodactyl|Rock Slide|p1b: Dragonite|[spread] p1a,p1b\n|-supereffective|p1b: Dragonite|1\n|-damage|p1a: Basculegion|66/100\n|-damage|p1b: Dragonite|74/100\n|move|p1b: Dragonite|Dragon Pulse|p2b: Garchomp\n|-supereffective|p2b: Garchomp|1\n|-damage|p2b: Garchomp|2/100\n|move|p2b: Garchomp|Dragon Claw|p1a: Basculegion\n|-damage|p1a: Basculegion|14/100\n|\n|upkeep\n|turn|2\n|\n|t:|1776307061\n|switch|p2b: Basculegion|Basculegion, L50, M|100/100\n|move|p2a: Aerodactyl|Protect|p2a: Aerodactyl\n|-singleturn|p2a: Aerodactyl|Protect\n|move|p1a: Basculegion|Aqua Jet|p2a: Aerodactyl\n|-activate|p2a: Aerodactyl|move: Protect\n|move|p1b: Dragonite|Dragon Pulse|p2b: Basculegion\n|-damage|p2b: Basculegion|38/100\n|\n|upkeep\n|turn|3\n|\n|t:|1776307074\n|move|p2b: Basculegion|Aqua Jet|p1a: Basculegion\n|-resisted|p1a: Basculegion|1\n|-damage|p1a: Basculegion|0 fnt\n|faint|p1a: Basculegion\n|move|p2a: Aerodactyl|Tailwind|p2a: Aerodactyl\n|-sidestart|p2: mimrat6|move: Tailwind\n|move|p1b: Dragonite|Dragon Pulse|p2b: Basculegion\n|-damage|p2b: Basculegion|0 fnt\n|faint|p2b: Basculegion\n|\n|upkeep\n|\n|t:|1776307086\n|switch|p2b: Garchomp|Garchomp, L50, F, shiny|2/100\n|switch|p1a: Pelipper|Pelipper, L50, F|100/100\n|-weather|RainDance|[from] ability: Drizzle|[of] p1a: Pelipper\n|turn|4\n|\n|t:|1776307098\n|switch|p2a: Tyranitar|Tyranitar, L50, M|100/100\n|-weather|Sandstorm|[from] ability: Sand Stream|[of] p2a: Tyranitar\n|move|p1a: Pelipper|Protect|p1a: Pelipper\n|-singleturn|p1a: Pelipper|Protect\n|move|p2b: Garchomp|Dragon Claw|p1b: Dragonite\n|-supereffective|p1b: Dragonite|1\n|-damage|p1b: Dragonite|0 fnt\n|faint|p1b: Dragonite\n|\n|-weather|Sandstorm|[upkeep]\n|-damage|p1a: Pelipper|95/100|[from] Sandstorm\n|upkeep\n|\n|t:|1776307107\n|switch|p1b: Rotom|Rotom-Heat, L50|100/100\n|turn|5\n|-message|Marc1lle forfeited.\n|\n|win|mimrat6\n|raw|Marc1lle's rating: 1226 &rarr; <strong>1201</strong><br />(-25 for losing)\n|raw|mimrat6's rating: 1228 &rarr; <strong>1253</strong><br />(+25 for winning)\n|l|\u2606Marc1lle\n|player|p1|\n",
  "uploadtime": 1776307136,
  "views": 22,
  "formatid": "gen9championsvgc2026regma",
  "rating": 1201,
  "private": 0,
  "password": null
}