{
  "id": "gen9championsvgc2026regma-2584381500",
  "format": "[Gen 9 Champions] VGC 2026 Reg M-A",
  "players": [
    "TheTired",
    "KogaAF1219"
  ],
  "log": "|j|\u2606TheTired\n|j|\u2606KogaAF1219\n|t:|1776256595\n|gametype|doubles\n|player|p1|TheTired|caitlin|1374\n|player|p2|KogaAF1219|koga|1316\n|gen|9\n|tier|[Gen 9 Champions] VGC 2026 Reg M-A\n|rated|\n|rule|Species Clause: Limit one of each Pok\u00e9mon\n|rule|Item Clause: Limit 1 of each item\n|clearpoke\n|poke|p1|Farigiraf, L50, M|\n|poke|p1|Camerupt, L50, F|\n|poke|p1|Maushold-Four, L50|\n|poke|p1|Sylveon, L50, M|\n|poke|p1|Kingambit, L50, F|\n|poke|p1|Dragonite, L50, F|\n|poke|p2|Torkoal, L50, F|\n|poke|p2|Venusaur, L50, M|\n|poke|p2|Incineroar, L50, F|\n|poke|p2|Farigiraf, L50, M|\n|poke|p2|Rotom-Fan, L50|\n|poke|p2|Excadrill, L50, M|\n|teampreview|4\n|inactive|Battle timer is ON: inactive players will automatically lose when time's up. (requested by KogaAF1219)\nKogaAF1219 has agreed to open team sheets.\n|\n|t:|1776256624\n|teamsize|p1|4\n|teamsize|p2|4\n|start\n|switch|p1a: Farigiraf|Farigiraf, L50, M|100/100\n|switch|p1b: Maushold|Maushold-Four, L50|100/100\n|switch|p2a: Torkoal|Torkoal, L50, F|100/100\n|switch|p2b: Venusaur|Venusaur, L50, M|100/100\n|-weather|SunnyDay|[from] ability: Drought|[of] p2a: Torkoal\n|turn|1\n|inactive|KogaAF1219 has 30 seconds left.\n|inactive|KogaAF1219 has 20 seconds left.\n|inactive|KogaAF1219 has 15 seconds left.\n|inactive|KogaAF1219 has 10 seconds left.\n|inactive|KogaAF1219 has 5 seconds left.\n|\n|t:|1776256676\n|move|p1b: Maushold|Follow Me|p1b: Maushold\n|-singleturn|p1b: Maushold|move: Follow Me\n|move|p2b: Venusaur|Sleep Powder|p1b: Maushold\n|-status|p1b: Maushold|slp|[from] move: Sleep Powder\n|move|p2a: Torkoal|Eruption|p1b: Maushold|[spread] p1a,p1b\n|-damage|p1a: Farigiraf|42/100\n|-enditem|p1b: Maushold|Focus Sash\n|-damage|p1b: Maushold|1/100 slp\n|-enditem|p1a: Farigiraf|Sitrus Berry|[eat]\n|-heal|p1a: Farigiraf|67/100|[from] item: Sitrus Berry\n|move|p1a: Farigiraf|Trick Room|p1a: Farigiraf\n|-fieldstart|move: Trick Room|[of] p1a: Farigiraf\n|\n|-weather|SunnyDay|[upkeep]\n|upkeep\n|turn|2\n|\n|t:|1776256693\n|switch|p2b: Incineroar|Incineroar, L50, F|100/100\n|-ability|p2b: Incineroar|Intimidate|boost\n|-unboost|p1a: Farigiraf|atk|1\n|-unboost|p1b: Maushold|atk|1\n|move|p1a: Farigiraf|Protect|p1a: Farigiraf\n|-singleturn|p1a: Farigiraf|Protect\n|cant|p1b: Maushold|slp\n|move|p2a: Torkoal|Eruption|p1b: Maushold|[spread] p1b\n|-activate|p1a: Farigiraf|move: Protect\n|-damage|p1b: Maushold|0 fnt\n|faint|p1b: Maushold\n|\n|-weather|SunnyDay|[upkeep]\n|upkeep\n|\n|t:|1776256696\n|switch|p1b: Camerupt|Camerupt, L50, F|100/100\n|turn|3\n|\n|t:|1776256708\n|detailschange|p1b: Camerupt|Camerupt-Mega, L50, F\n|-mega|p1b: Camerupt|Camerupt|Cameruptite\n|move|p2a: Torkoal|Eruption|p1b: Camerupt|[spread] p1a,p1b\n|-resisted|p1b: Camerupt|1\n|-damage|p1a: Farigiraf|0 fnt\n|-damage|p1b: Camerupt|55/100\n|faint|p1a: Farigiraf\n|move|p1b: Camerupt|Earth Power|p2a: Torkoal\n|-supereffective|p2a: Torkoal|1\n|-damage|p2a: Torkoal|0 fnt\n|faint|p2a: Torkoal\n|move|p2b: Incineroar|Parting Shot|p1b: Camerupt\n|-unboost|p1b: Camerupt|atk|1\n|-unboost|p1b: Camerupt|spa|1\n|\n|t:|1776256723\n|switch|p2b: Venusaur|Venusaur, L50, M|100/100|[from] Parting Shot\n|\n|-weather|SunnyDay|[upkeep]\n|upkeep\n|\n|t:|1776256726\n|switch|p2a: Incineroar|Incineroar, L50, F|100/100\n|switch|p1a: Kingambit|Kingambit, L50, F|100/100\n|-ability|p2a: Incineroar|Intimidate|boost\n|-unboost|p1a: Kingambit|atk|1\n|-ability|p1a: Kingambit|Defiant|boost\n|-boost|p1a: Kingambit|atk|2\n|-unboost|p1b: Camerupt|atk|1\n|turn|4\n|\n|t:|1776256749\n|detailschange|p2b: Venusaur|Venusaur-Mega, L50, M\n|-mega|p2b: Venusaur|Venusaur|Venusaurite\n|move|p1b: Camerupt|Earth Power|p2a: Incineroar\n|-supereffective|p2a: Incineroar|1\n|-damage|p2a: Incineroar|1/100\n|move|p1a: Kingambit|Kowtow Cleave|p2b: Venusaur\n|-damage|p2b: Venusaur|29/100\n|move|p2a: Incineroar|Flare Blitz|p1a: Kingambit\n|-supereffective|p1a: Kingambit|1\n|-damage|p1a: Kingambit|0 fnt\n|faint|p1a: Kingambit\n|-damage|p2a: Incineroar|0 fnt|[from] Recoil\n|faint|p2a: Incineroar\n|move|p2b: Venusaur|Sleep Powder|p1b: Camerupt|[miss]\n|-miss|p2b: Venusaur|p1b: Camerupt\n|\n|-weather|SunnyDay|[upkeep]\n|upkeep\n|\n|t:|1776256760\n|switch|p2a: Excadrill|Excadrill, L50, M|100/100\n|-ability|p2a: Excadrill|Mold Breaker\n|turn|5\n|\n|t:|1776256763\n|move|p2b: Venusaur|Protect|p2b: Venusaur\n|-singleturn|p2b: Venusaur|Protect\n|move|p2a: Excadrill|Protect|p2a: Excadrill\n|-singleturn|p2a: Excadrill|Protect\n|move|p1b: Camerupt|Heat Wave|p2b: Venusaur|[spread] \n|-activate|p2a: Excadrill|move: Protect\n|-activate|p2b: Venusaur|move: Protect\n|\n|-weather|none\n|-fieldend|move: Trick Room\n|upkeep\n|turn|6\n|-message|TheTired forfeited.\n|\n|win|KogaAF1219\n|raw|TheTired's rating: 1374 &rarr; <strong>1351</strong><br />(-23 for losing)\n|raw|KogaAF1219's rating: 1316 &rarr; <strong>1339</strong><br />(+23 for winning)\n|l|\u2606TheTired\n|player|p1|\n",
  "uploadtime": 1776256771,
  "views": 30,
  "formatid": "gen9championsvgc2026regma",
  "rating": 1339,
  "private": 0,
  "password": null
}