{
  "id": "gen9championsvgc2026regma-2581536791",
  "format": "[Gen 9 Champions] VGC 2026 Reg M-A",
  "players": [
    "ferenainexi",
    "darksol1111"
  ],
  "log": "|j|\u2606ferenainexi\n|j|\u2606darksol1111\n|t:|1776009110\n|gametype|doubles\n|player|p1|ferenainexi|scientistf|1073\n|player|p2|darksol1111|veteran|1132\n|gen|9\n|tier|[Gen 9 Champions] VGC 2026 Reg M-A\n|rated|\n|rule|Species Clause: Limit one of each Pok\u00e9mon\n|rule|Item Clause: Limit 1 of each item\n|clearpoke\n|poke|p1|Pinsir, L50, M|\n|poke|p1|Heracross, L50, F|\n|poke|p1|Vivillon, L50, M|\n|poke|p1|Orthworm, L50, M|\n|poke|p1|Kleavor, L50, F|\n|poke|p1|Clawitzer, L50, F|\n|poke|p2|Floette-Eternal, L50, F|\n|poke|p2|Whimsicott, L50, M|\n|poke|p2|Incineroar, L50, F|\n|poke|p2|Garchomp, L50, M|\n|poke|p2|Froslass, L50, F|\n|poke|p2|Orthworm, L50, F|\n|teampreview|4\nferenainexi rejected open team sheets.\n|c|\u2606ferenainexi|r\n|\n|t:|1776009151\n|teamsize|p1|4\n|teamsize|p2|4\n|start\n|switch|p1a: Kleavor|Kleavor, L50, F|100/100\n|switch|p1b: Vivillon|Vivillon, L50, M|100/100\n|switch|p2a: Incineroar|Incineroar, L50, F|100/100\n|switch|p2b: Whimsicott|Whimsicott, L50, M|100/100\n|-ability|p2a: Incineroar|Intimidate|boost\n|-unboost|p1a: Kleavor|atk|1\n|-unboost|p1b: Vivillon|atk|1\n|turn|1\n|\n|t:|1776009169\n|move|p1b: Vivillon|Protect|p1b: Vivillon\n|-singleturn|p1b: Vivillon|Protect\n|move|p2b: Whimsicott|Stun Spore|p1a: Kleavor\n|-status|p1a: Kleavor|par\n|move|p2a: Incineroar|Flare Blitz|p1b: Vivillon\n|-activate|p1b: Vivillon|move: Protect\n|move|p1a: Kleavor|Stone Axe|p2a: Incineroar\n|-supereffective|p2a: Incineroar|1\n|-damage|p2a: Incineroar|46/100\n|-sidestart|p2: darksol1111|move: Stealth Rock\n|\n|upkeep\n|turn|2\n|\n|t:|1776009202\n|move|p2b: Whimsicott|Tailwind|p2b: Whimsicott\n|-sidestart|p2: darksol1111|move: Tailwind\n|move|p2a: Incineroar|Flare Blitz|p1b: Vivillon\n|-supereffective|p1b: Vivillon|1\n|-enditem|p1b: Vivillon|Focus Sash\n|-damage|p1b: Vivillon|1/100\n|-damage|p2a: Incineroar|21/100|[from] Recoil\n|move|p1b: Vivillon|Sleep Powder|p2a: Incineroar\n|-status|p2a: Incineroar|slp|[from] move: Sleep Powder\n|move|p1a: Kleavor|Tailwind|p1a: Kleavor\n|-sidestart|p1: ferenainexi|move: Tailwind\n|\n|upkeep\n|turn|3\n|\n|t:|1776009242\n|move|p1b: Vivillon|Protect|p1b: Vivillon\n|-singleturn|p1b: Vivillon|Protect\n|move|p2b: Whimsicott|Stun Spore|p1b: Vivillon\n|-activate|p1b: Vivillon|move: Protect\n|cant|p2a: Incineroar|slp\n|move|p1a: Kleavor|Stone Axe|p2b: Whimsicott\n|-damage|p2b: Whimsicott|59/100\n|\n|upkeep\n|turn|4\n|\n|t:|1776009263\n|move|p2b: Whimsicott|Endeavor|p1a: Kleavor\n|-damage|p1a: Kleavor|65/100 par\n|move|p1b: Vivillon|Sleep Powder|p2b: Whimsicott\n|-immune|p2b: Whimsicott\n|cant|p2a: Incineroar|slp\n|move|p1a: Kleavor|Dual Wingbeat|p2b: Whimsicott\n|-supereffective|p2b: Whimsicott|1\n|-damage|p2b: Whimsicott|36/100\n|-supereffective|p2b: Whimsicott|1\n|-damage|p2b: Whimsicott|15/100\n|-hitcount|p2b: Whimsicott|2\n|\n|upkeep\n|turn|5\n|\n|t:|1776009285\n|move|p1b: Vivillon|Protect|p1b: Vivillon\n|-singleturn|p1b: Vivillon|Protect\n|move|p2b: Whimsicott|Endeavor|p1a: Kleavor\n|-damage|p1a: Kleavor|17/100 par\n|-curestatus|p2a: Incineroar|slp|[msg]\n|move|p2a: Incineroar|Flare Blitz|p1b: Vivillon\n|-activate|p1b: Vivillon|move: Protect\n|move|p1a: Kleavor|Rock Slide|p2b: Whimsicott|[spread] p2b\n|-miss|p1a: Kleavor|p2a: Incineroar\n|-damage|p2b: Whimsicott|0 fnt\n|faint|p2b: Whimsicott\n|\n|-sideend|p2: darksol1111|move: Tailwind\n|-sideend|p1: ferenainexi|move: Tailwind\n|upkeep\n|\n|t:|1776009300\n|switch|p2b: Garchomp|Garchomp, L50, M|100/100\n|-damage|p2b: Garchomp|94/100|[from] Stealth Rock\n|turn|6\n|\n|t:|1776009328\n|move|p1b: Vivillon|Rage Powder|p1b: Vivillon\n|-singleturn|p1b: Vivillon|move: Rage Powder\n|move|p2b: Garchomp|Rock Slide|p1b: Vivillon|[spread] p1b\n|-miss|p2b: Garchomp|p1a: Kleavor\n|-supereffective|p1b: Vivillon|2\n|-damage|p1b: Vivillon|0 fnt\n|faint|p1b: Vivillon\n|move|p2a: Incineroar|Darkest Lariat|p1a: Kleavor\n|-damage|p1a: Kleavor|0 fnt\n|faint|p1a: Kleavor\n|\n|upkeep\n|\n|t:|1776009337\n|switch|p1b: Heracross|Heracross, L50, F|100/100\n|switch|p1a: Clawitzer|Clawitzer, L50, F|100/100\n|turn|7\n|\n|t:|1776009352\n|detailschange|p1b: Heracross|Heracross-Mega, L50, F\n|-mega|p1b: Heracross|Heracross|Heracronite\n|move|p2b: Garchomp|Rock Slide|p1b: Heracross|[spread] p1a,p1b\n|-damage|p1a: Clawitzer|77/100\n|-damage|p1b: Heracross|79/100\n|move|p1b: Heracross|Rock Blast|p2a: Incineroar\n|-supereffective|p2a: Incineroar|1\n|-crit|p2a: Incineroar\n|-damage|p2a: Incineroar|0 fnt\n|faint|p2a: Incineroar\n|-hitcount|p2: Incineroar|1\n|cant|p1a: Clawitzer|flinch\n|\n|upkeep\n|\n|t:|1776009362\n|switch|p2a: Floette|Floette-Eternal, L50, F|100/100\n|-damage|p2a: Floette|89/100|[from] Stealth Rock\n|turn|8\n|\n|t:|1776009374\n|detailschange|p2a: Floette|Floette-Mega, L50, F\n|-mega|p2a: Floette|Floette|Floettite\n|-ability|p2a: Floette|Fairy Aura\n|move|p1b: Heracross|Protect|p1b: Heracross\n|-singleturn|p1b: Heracross|Protect\n|move|p2b: Garchomp|Rock Slide|p1a: Clawitzer|[spread] \n|-activate|p1b: Heracross|move: Protect\n|-miss|p2b: Garchomp|p1a: Clawitzer\n|move|p2a: Floette|Dazzling Gleam|p1b: Heracross|[spread] p1a\n|-activate|p1b: Heracross|move: Protect\n|-damage|p1a: Clawitzer|20/100\n|move|p1a: Clawitzer|Ice Beam|p2b: Garchomp\n|-supereffective|p2b: Garchomp|2\n|-damage|p2b: Garchomp|0 fnt\n|faint|p2b: Garchomp\n|\n|upkeep\n|turn|9\n|\n|t:|1776009398\n|move|p2a: Floette|Dazzling Gleam|p1b: Heracross|[spread] p1a,p1b\n|-supereffective|p1b: Heracross|1\n|-damage|p1a: Clawitzer|0 fnt\n|-damage|p1b: Heracross|0 fnt\n|faint|p1a: Clawitzer\n|faint|p1b: Heracross\n|\n|win|darksol1111\n|raw|ferenainexi's rating: 1073 &rarr; <strong>1056</strong><br />(-17 for losing)\n|raw|darksol1111's rating: 1132 &rarr; <strong>1153</strong><br />(+21 for winning)\n|l|\u2606ferenainexi\n|player|p1|\n|c|\u2606darksol1111|gg\n",
  "uploadtime": 1776009413,
  "views": 21,
  "formatid": "gen9championsvgc2026regma",
  "rating": 1056,
  "private": 0,
  "password": null
}