{
  "id": "gen9championsvgc2026regma-2582867150",
  "format": "[Gen 9 Champions] VGC 2026 Reg M-A",
  "players": [
    "Snowball_seer",
    "Vicentiviris"
  ],
  "log": "|j|\u2606Snowball_seer\n|j|\u2606Vicentiviris\n|t:|1776120432\n|gametype|doubles\n|player|p1|Snowball_seer|allister-masters|1103\n|player|p2|Vicentiviris|swimmer-gen4dp|1088\n|gen|9\n|tier|[Gen 9 Champions] VGC 2026 Reg M-A\n|rated|\n|rule|Species Clause: Limit one of each Pok\u00e9mon\n|rule|Item Clause: Limit 1 of each item\n|clearpoke\n|poke|p1|Delphox, L50, M|\n|poke|p1|Garchomp, L50, F|\n|poke|p1|Gyarados, L50, M|\n|poke|p1|Rotom-Wash, L50|\n|poke|p1|Whimsicott, L50, F|\n|poke|p1|Clefable, L50, M|\n|poke|p2|Whimsicott, L50, M|\n|poke|p2|Floette-Eternal, L50, F|\n|poke|p2|Venusaur, L50, M|\n|poke|p2|Incineroar, L50, M|\n|poke|p2|Sneasler, L50, M|\n|poke|p2|Charizard, L50, M|\n|teampreview|4\n|inactive|Battle timer is ON: inactive players will automatically lose when time's up. (requested by Snowball_seer)\n|inactive|Snowball_seer has 60 seconds left.\n|inactive|Vicentiviris has 60 seconds left.\n|inactive|Snowball_seer has 30 seconds left.\n|inactive|Snowball_seer has 20 seconds left.\n|inactive|Snowball_seer has 15 seconds left.\n|inactive|Snowball_seer has 10 seconds left.\n|inactive|Snowball_seer has 5 seconds left.\n|\n|t:|1776120523\n|teamsize|p1|4\n|teamsize|p2|4\n|start\n|switch|p1a: Delphox|Delphox, L50, M, shiny|100/100\n|switch|p1b: Rotom|Rotom-Wash, L50|100/100\n|switch|p2a: Whimsicott|Whimsicott, L50, M, shiny|100/100\n|switch|p2b: Charizard|Charizard, L50, M, shiny|100/100\n|turn|1\n|inactive|Vicentiviris has 30 seconds left.\n|inactive|Vicentiviris has 20 seconds left.\n|\n|t:|1776120560\n|detailschange|p1a: Delphox|Delphox-Mega, L50, M, shiny\n|-mega|p1a: Delphox|Delphox|Delphoxite\n|detailschange|p2b: Charizard|Charizard-Mega-Y, L50, M, shiny\n|-mega|p2b: Charizard|Charizard|Charizardite Y\n|-weather|SunnyDay|[from] ability: Drought|[of] p2b: Charizard\n|move|p2a: Whimsicott|Tailwind|p2a: Whimsicott\n|-sidestart|p2: Vicentiviris|move: Tailwind\n|move|p2b: Charizard|Air Slash|p1a: Delphox\n|-damage|p1a: Delphox|57/100\n|move|p1b: Rotom|Volt Switch|p2a: Whimsicott\n|-resisted|p2a: Whimsicott|1\n|-damage|p2a: Whimsicott|78/100\n|\n|t:|1776120576\n|switch|p1b: Whimsicott|Whimsicott, L50, F|100/100|[from] Volt Switch\n|move|p1a: Delphox|Heat Wave|p2b: Charizard|[spread] p2a,p2b\n|-supereffective|p2a: Whimsicott|1\n|-resisted|p2b: Charizard|1\n|-damage|p2a: Whimsicott|0 fnt\n|-damage|p2b: Charizard|71/100\n|faint|p2a: Whimsicott\n|\n|-weather|SunnyDay|[upkeep]\n|upkeep\n|\n|t:|1776120590\n|switch|p2a: Incineroar|Incineroar, L50, M|100/100\n|-ability|p2a: Incineroar|Intimidate|boost\n|-unboost|p1a: Delphox|atk|1\n|-unboost|p1b: Whimsicott|atk|1\n|turn|2\n|\n|t:|1776120612\n|switch|p1a: Rotom|Rotom-Wash, L50|100/100\n|move|p1b: Whimsicott|Protect|p1b: Whimsicott\n|-singleturn|p1b: Whimsicott|Protect\n|move|p2a: Incineroar|Fake Out|p1a: Rotom\n|-damage|p1a: Rotom|85/100\n|move|p2b: Charizard|Heat Wave|p1b: Whimsicott|[spread] p1a\n|-activate|p1b: Whimsicott|move: Protect\n|-resisted|p1a: Rotom|1\n|-damage|p1a: Rotom|52/100\n|\n|-weather|SunnyDay|[upkeep]\n|upkeep\n|turn|3\n|inactive|Vicentiviris has 30 seconds left.\n|\n|t:|1776120642\n|move|p1b: Whimsicott|Tailwind|p1b: Whimsicott\n|-sidestart|p1: Snowball_seer|move: Tailwind\n|move|p1a: Rotom|Thunderbolt|p2b: Charizard\n|-supereffective|p2b: Charizard|1\n|-damage|p2b: Charizard|0 fnt\n|faint|p2b: Charizard\n|move|p2a: Incineroar|Flare Blitz|p1b: Whimsicott\n|-supereffective|p1b: Whimsicott|1\n|-enditem|p1b: Whimsicott|Focus Sash\n|-damage|p1b: Whimsicott|1/100\n|-damage|p2a: Incineroar|78/100|[from] Recoil\n|\n|-weather|SunnyDay|[upkeep]\n|upkeep\n|\n|t:|1776120654\n|switch|p2b: Venusaur|Venusaur, L50, M, shiny|100/100\n|turn|4\n|\n|t:|1776120670\n|move|p2b: Venusaur|Energy Ball|p1a: Rotom\n|-supereffective|p1a: Rotom|1\n|-damage|p1a: Rotom|0 fnt\n|faint|p1a: Rotom\n|move|p1b: Whimsicott|Moonblast|p2b: Venusaur\n|-resisted|p2b: Venusaur|1\n|-damage|p2b: Venusaur|81/100\n|move|p2a: Incineroar|Flare Blitz|p1b: Whimsicott\n|-supereffective|p1b: Whimsicott|1\n|-damage|p1b: Whimsicott|0 fnt\n|faint|p1b: Whimsicott\n|-damage|p2a: Incineroar|78/100|[from] Recoil\n|\n|-weather|SunnyDay|[upkeep]\n|-sideend|p2: Vicentiviris|move: Tailwind\n|upkeep\n|\n|t:|1776120673\n|switch|p1b: Delphox|Delphox-Mega, L50, M, shiny|57/100\n|switch|p1a: Garchomp|Garchomp, L50, F|100/100\n|turn|5\n|inactive|Vicentiviris has 30 seconds left.\n|inactive|Vicentiviris has 20 seconds left.\n|\n|t:|1776120711\n|move|p1b: Delphox|Heat Wave|p2b: Venusaur|[spread] p2a,p2b\n|-resisted|p2a: Incineroar|1\n|-supereffective|p2b: Venusaur|1\n|-damage|p2a: Incineroar|49/100\n|-damage|p2b: Venusaur|0 fnt\n|faint|p2b: Venusaur\n|move|p1a: Garchomp|Earthquake|p2a: Incineroar|[spread] p2a\n|-immune|p1b: Delphox|[from] ability: Levitate\n|-supereffective|p2a: Incineroar|1\n|-damage|p2a: Incineroar|0 fnt\n|faint|p2a: Incineroar\n|\n|win|Snowball_seer\n|raw|Snowball_seer's rating: 1103 &rarr; <strong>1127</strong><br />(+24 for winning)\n|raw|Vicentiviris's rating: 1088 &rarr; <strong>1066</strong><br />(-22 for losing)\n",
  "uploadtime": 1776120711,
  "views": 12,
  "formatid": "gen9championsvgc2026regma",
  "rating": 1066,
  "private": 0,
  "password": null
}