{
  "id": "gen9championsvgc2026regma-2587853261",
  "format": "[Gen 9 Champions] VGC 2026 Reg M-A",
  "players": [
    "Tubandchubb",
    "Spottedwoot"
  ],
  "log": "|j|\u2606Tubandchubb\n|j|\u2606Spottedwoot\n|t:|1776570819\n|gametype|doubles\n|player|p1|Tubandchubb|sordward-shielbert|1441\n|player|p2|Spottedwoot|102|1537\n|gen|9\n|tier|[Gen 9 Champions] VGC 2026 Reg M-A\n|rated|\n|rule|Species Clause: Limit one of each Pok\u00e9mon\n|rule|Item Clause: Limit 1 of each item\n|clearpoke\n|poke|p1|Chesnaught, L50, M|\n|poke|p1|Typhlosion-Hisui, L50, M|\n|poke|p1|Corviknight, L50, M|\n|poke|p1|Goodra-Hisui, L50, M|\n|poke|p1|Gyarados, L50, M|\n|poke|p1|Kangaskhan, L50, F|\n|poke|p2|Gengar, L50, F|\n|poke|p2|Rotom-Wash, L50|\n|poke|p2|Incineroar, L50, F|\n|poke|p2|Sinistcha, L50|\n|poke|p2|Garchomp, L50, F|\n|poke|p2|Kingambit, L50, M|\n|teampreview|4\n|inactive|Battle timer is ON: inactive players will automatically lose when time's up. (requested by Spottedwoot)\n|\n|t:|1776570866\n|teamsize|p1|4\n|teamsize|p2|4\n|start\n|switch|p1a: Kangaskhan|Kangaskhan, L50, F|100/100\n|switch|p1b: Typhlosion|Typhlosion-Hisui, L50, M|100/100\n|switch|p2a: Gengar|Gengar, L50, F|100/100\n|switch|p2b: Rotom|Rotom-Wash, L50|100/100\n|-item|p2a: Gengar|Gengarite|[from] ability: Frisk|[of] p1b: Typhlosion\n|-item|p2b: Rotom|Sitrus Berry|[from] ability: Frisk|[of] p1b: Typhlosion\n|turn|1\n|\n|t:|1776570877\n|detailschange|p2a: Gengar|Gengar-Mega, L50, F\n|-mega|p2a: Gengar|Gengar|Gengarite\n|move|p2a: Gengar|Protect|p2a: Gengar\n|-singleturn|p2a: Gengar|Protect\n|move|p1a: Kangaskhan|Fake Out|p2b: Rotom\n|-damage|p2b: Rotom|75/100\n|move|p1b: Typhlosion|Shadow Ball|p2a: Gengar\n|-activate|p2a: Gengar|move: Protect\n|cant|p2b: Rotom|flinch\n|\n|upkeep\n|turn|2\n|inactive|Tubandchubb has 30 seconds left.\n|\n|t:|1776570909\n|switch|p1b: Chesnaught|Chesnaught, L50, M|100/100\n|switch|p2a: Kingambit|Kingambit, L50, M|100/100\n|switch|p2b: Incineroar|Incineroar, L50, F|100/100\n|-ability|p2b: Incineroar|Intimidate|boost\n|-fail|p1a: Kangaskhan|unboost|Attack|[from] ability: Scrappy|[of] p1a: Kangaskhan\n|-unboost|p1b: Chesnaught|atk|1\n|move|p1a: Kangaskhan|Last Resort|p2a: Kingambit\n|-resisted|p2a: Kingambit|1\n|-damage|p2a: Kingambit|70/100\n|\n|upkeep\n|turn|3\n|inactive|Tubandchubb has 30 seconds left.\n|\n|t:|1776570938\n|switch|p1a: Typhlosion|Typhlosion-Hisui, L50, M|100/100\n|-item|p2a: Kingambit|Black Glasses|[from] ability: Frisk|[of] p1a: Typhlosion\n|-item|p2b: Incineroar|Chople Berry|[from] ability: Frisk|[of] p1a: Typhlosion\n|switch|p2a: Gengar|Gengar-Mega, L50, F|100/100\n|detailschange|p1b: Chesnaught|Chesnaught-Mega, L50, M\n|-mega|p1b: Chesnaught|Chesnaught|Chesnaughtite\n|move|p1b: Chesnaught|Spiky Shield|p1b: Chesnaught\n|-singleturn|p1b: Chesnaught|move: Protect\n|move|p2b: Incineroar|Flare Blitz|p1b: Chesnaught\n|-activate|p1b: Chesnaught|move: Protect\n|-damage|p2b: Incineroar|88/100|[from] Spiky Shield|[of] p1b: Chesnaught\n|\n|upkeep\n|turn|4\n|inactive|Tubandchubb has 30 seconds left.\n|inactive|Tubandchubb has 20 seconds left.\n|\n|t:|1776570977\n|switch|p1a: Kangaskhan|Kangaskhan, L50, F|100/100\n|move|p2a: Gengar|Protect|p2a: Gengar\n|-singleturn|p2a: Gengar|Protect\n|move|p2b: Incineroar|Flare Blitz|p1b: Chesnaught\n|-supereffective|p1b: Chesnaught|1\n|-damage|p1b: Chesnaught|44/100\n|-damage|p2b: Incineroar|70/100|[from] Recoil\n|move|p1b: Chesnaught|Leech Seed|p2b: Incineroar\n|-start|p2b: Incineroar|move: Leech Seed\n|\n|-damage|p2b: Incineroar|58/100|[from] Leech Seed|[of] p1b: Chesnaught\n|-heal|p1b: Chesnaught|57/100|[silent]\n|upkeep\n|turn|5\n|inactive|Tubandchubb has 30 seconds left.\n|\n|t:|1776571010\n|switch|p2b: Kingambit|Kingambit, L50, M|70/100\n|move|p1b: Chesnaught|Spiky Shield|p1b: Chesnaught\n|-singleturn|p1b: Chesnaught|move: Protect\n|move|p1a: Kangaskhan|Fake Out|p2a: Gengar\n|-damage|p2a: Gengar|70/100\n|cant|p2a: Gengar|flinch\n|\n|upkeep\n|turn|6\n|\n|t:|1776571022\n|move|p2a: Gengar|Will-O-Wisp|p1b: Chesnaught|[miss]\n|-miss|p2a: Gengar|p1b: Chesnaught\n|move|p1a: Kangaskhan|Last Resort|p2a: Gengar\n|-damage|p2a: Gengar|0 fnt\n|faint|p2a: Gengar\n|move|p2b: Kingambit|Swords Dance|p2b: Kingambit\n|-boost|p2b: Kingambit|atk|2\n|move|p1b: Chesnaught|Body Press|p2b: Kingambit\n|-supereffective|p2b: Kingambit|2\n|-damage|p2b: Kingambit|0 fnt\n|faint|p2b: Kingambit\n|\n|upkeep\n|-message|Spottedwoot forfeited.\n|\n|win|Tubandchubb\n|raw|Tubandchubb's rating: 1441 &rarr; <strong>1466</strong><br />(+25 for winning)\n|raw|Spottedwoot's rating: 1537 &rarr; <strong>1512</strong><br />(-25 for losing)\n|l|\u2606Spottedwoot\n|player|p2|\n|l|\u2606Tubandchubb\n|player|p1|\n",
  "uploadtime": 1776571064,
  "views": 16,
  "formatid": "gen9championsvgc2026regma",
  "rating": 1466,
  "private": 0,
  "password": null
}