{
  "id": "gen9championsvgc2026regma-2587083127",
  "format": "[Gen 9 Champions] VGC 2026 Reg M-A",
  "players": [
    "Warehouse User",
    "jonasanger4"
  ],
  "log": "|j|\u2606Warehouse User\n|j|\u2606jonasanger4\n|t:|1776491047\n|gametype|doubles\n|player|p1|Warehouse User|102|1070\n|player|p2|jonasanger4|265|1045\n|gen|9\n|tier|[Gen 9 Champions] VGC 2026 Reg M-A\n|rated|\n|rule|Species Clause: Limit one of each Pok\u00e9mon\n|rule|Item Clause: Limit 1 of each item\n|clearpoke\n|poke|p1|Aegislash, L50, F|\n|poke|p1|Maushold-Four, L50|\n|poke|p1|Azumarill, L50, F|\n|poke|p1|Whimsicott, L50, F|\n|poke|p1|Beedrill, L50, F|\n|poke|p1|Castform, L50, F|\n|poke|p2|Ditto, L50|\n|poke|p2|Whimsicott, L50, F|\n|poke|p2|Archaludon, L50, F|\n|poke|p2|Blastoise, L50, M|\n|poke|p2|Zoroark-Hisui, L50, M|\n|poke|p2|Sinistcha, L50|\n|teampreview|4\n|inactive|Battle timer is ON: inactive players will automatically lose when time's up. (requested by jonasanger4)\n|\n|t:|1776491076\n|teamsize|p1|4\n|teamsize|p2|4\n|start\n|switch|p1a: Maushold|Maushold-Four, L50|100/100\n|switch|p1b: Whimsicott|Whimsicott, L50, F|100/100\n|switch|p2a: Blastoise|Blastoise, L50, M|100/100\n|switch|p2b: Whimsicott|Whimsicott, L50, F|100/100\n|turn|1\n|\n|t:|1776491097\n|detailschange|p2a: Blastoise|Blastoise-Mega, L50, M\n|-mega|p2a: Blastoise|Blastoise|Blastoisinite\n|move|p2a: Blastoise|Fake Out|p1a: Maushold\n|-damage|p1a: Maushold|89/100\n|move|p1b: Whimsicott|Energy Ball|p2b: Whimsicott\n|-resisted|p2b: Whimsicott|1\n|-damage|p2b: Whimsicott|78/100\n|cant|p1a: Maushold|flinch\n|move|p2b: Whimsicott|Trick Room|p2b: Whimsicott\n|-fieldstart|move: Trick Room|[of] p2b: Whimsicott\n|\n|upkeep\n|turn|2\n|\n|t:|1776491120\n|switch|p1b: Aegislash|Aegislash, L50, F|100/100\n|move|p2a: Blastoise|Protect|p2a: Blastoise\n|-singleturn|p2a: Blastoise|Protect\n|move|p1a: Maushold|Protect|p1a: Maushold\n|-singleturn|p1a: Maushold|Protect\n|move|p2b: Whimsicott|Moonblast|p1b: Aegislash\n|-resisted|p1b: Aegislash|1\n|-damage|p1b: Aegislash|91/100\n|\n|upkeep\n|turn|3\n|\n|t:|1776491133\n|move|p1a: Maushold|Follow Me|p1a: Maushold\n|-singleturn|p1a: Maushold|move: Follow Me\n|move|p1b: Aegislash|Swords Dance|p1b: Aegislash\n|-boost|p1b: Aegislash|atk|2\n|move|p2a: Blastoise|Dark Pulse|p1a: Maushold\n|-damage|p1a: Maushold|31/100\n|move|p2b: Whimsicott|Moonblast|p1a: Maushold\n|-damage|p1a: Maushold|0 fnt\n|faint|p1a: Maushold\n|\n|upkeep\n|\n|t:|1776491146\n|switch|p1a: Azumarill|Azumarill, L50, F|100/100\n|turn|4\n|\n|t:|1776491170\n|move|p1a: Azumarill|Protect|p1a: Azumarill\n|-singleturn|p1a: Azumarill|Protect\n|move|p2a: Blastoise|Protect|p2a: Blastoise\n|-singleturn|p2a: Blastoise|Protect\n|move|p2b: Whimsicott|Encore|p1b: Aegislash\n|-start|p1b: Aegislash|Encore\n|move|p1b: Aegislash|Swords Dance|p1b: Aegislash\n|-boost|p1b: Aegislash|atk|2\n|\n|upkeep\n|turn|5\n|\n|t:|1776491187\n|switch|p1b: Whimsicott|Whimsicott, L50, F|100/100\n|move|p2b: Whimsicott|Encore|p1a: Azumarill\n|-start|p1a: Azumarill|Encore\n|move|p1a: Azumarill|Protect||[still]\n|-fail|p1a: Azumarill\n|move|p2a: Blastoise|Water Spout|p1a: Azumarill|[spread] p1a,p1b\n|-resisted|p1a: Azumarill|1\n|-resisted|p1b: Whimsicott|1\n|-damage|p1a: Azumarill|67/100\n|-damage|p1b: Whimsicott|47/100\n|\n|-fieldend|move: Trick Room\n|upkeep\n|turn|6\n|\n|t:|1776491206\n|switch|p1a: Aegislash|Aegislash, L50, F|91/100\n|move|p2a: Blastoise|Protect|p2a: Blastoise\n|-singleturn|p2a: Blastoise|Protect\n|move|p1b: Whimsicott|Energy Ball|p2a: Blastoise\n|-activate|p2a: Blastoise|move: Protect\n|move|p2b: Whimsicott|Moonblast|p1b: Whimsicott\n|-crit|p1b: Whimsicott\n|-damage|p1b: Whimsicott|0 fnt\n|faint|p1b: Whimsicott\n|\n|upkeep\n|\n|t:|1776491219\n|switch|p1b: Azumarill|Azumarill, L50, F|67/100\n|turn|7\n|\n|t:|1776491229\n|-formechange|p1a: Aegislash|Aegislash-Blade|\n|move|p1a: Aegislash|Shadow Sneak|p2a: Blastoise\n|-damage|p2a: Blastoise|76/100\n|move|p1b: Azumarill|Aqua Jet|p2a: Blastoise\n|-resisted|p2a: Blastoise|1\n|-damage|p2a: Blastoise|66/100\n|move|p2b: Whimsicott|Moonblast|p1b: Azumarill\n|-damage|p1b: Azumarill|30/100\n|-enditem|p1b: Azumarill|Sitrus Berry|[eat]\n|-heal|p1b: Azumarill|55/100|[from] item: Sitrus Berry\n|move|p2a: Blastoise|Water Spout|p1a: Aegislash|[spread] p1a,p1b\n|-resisted|p1b: Azumarill|1\n|-damage|p1a: Aegislash|8/100\n|-damage|p1b: Azumarill|33/100\n|\n|upkeep\n|turn|8\n|\n|t:|1776491254\n|move|p2b: Whimsicott|Moonblast|p1b: Azumarill\n|-damage|p1b: Azumarill|0 fnt\n|faint|p1b: Azumarill\n|move|p2a: Blastoise|Dark Pulse|p1a: Aegislash\n|-supereffective|p1a: Aegislash|1\n|-damage|p1a: Aegislash|0 fnt\n|faint|p1a: Aegislash\n|\n|win|jonasanger4\n|raw|Warehouse User's rating: 1070 &rarr; <strong>1048</strong><br />(-22 for losing)\n|raw|jonasanger4's rating: 1045 &rarr; <strong>1081</strong><br />(+36 for winning)\n|l|\u2606jonasanger4\n|player|p2|\n",
  "uploadtime": 1776491269,
  "views": 13,
  "formatid": "gen9championsvgc2026regma",
  "rating": 1048,
  "private": 0,
  "password": null
}