{
  "id": "gen9championsvgc2026regma-2580715251",
  "format": "[Gen 9 Champions] VGC 2026 Reg M-A",
  "players": [
    "Pacman_po",
    "jukasinjakudo"
  ],
  "log": "|j|\u2606Pacman_po\n|j|\u2606jukasinjakudo\n|t:|1775926581\n|gametype|doubles\n|player|p1|Pacman_po|ballguy|1075\n|player|p2|jukasinjakudo|n|1087\n|gen|9\n|tier|[Gen 9 Champions] VGC 2026 Reg M-A\n|rated|\n|rule|Species Clause: Limit one of each Pok\u00e9mon\n|rule|Item Clause: Limit 1 of each item\n|clearpoke\n|poke|p1|Politoed, L50, M|\n|poke|p1|Gengar, L50, M|\n|poke|p1|Incineroar, L50, M|\n|poke|p1|Archaludon, L50, M|\n|poke|p1|Sableye, L50, M|\n|poke|p1|Venusaur, L50, M|\n|poke|p2|Pelipper, L50, M|\n|poke|p2|Archaludon, L50, M|\n|poke|p2|Dragonite, L50, M|\n|poke|p2|Incineroar, L50, M|\n|poke|p2|Kingambit, L50, F|\n|poke|p2|Milotic, L50, F|\n|teampreview|4\n|inactive|Battle timer is ON: inactive players will automatically lose when time's up. (requested by Pacman_po)\n|inactive|Pacman_po has 60 seconds left.\n|inactive|jukasinjakudo has 60 seconds left.\n|\n|t:|1775926621\n|teamsize|p1|4\n|teamsize|p2|4\n|start\n|switch|p1a: Politoed|Politoed, L50, M|100/100\n|switch|p1b: Archaludon|Archaludon, L50, M|100/100\n|switch|p2a: Milotic|Milotic, L50, F|100/100\n|switch|p2b: Kingambit|Kingambit, L50, F|100/100\n|-weather|RainDance|[from] ability: Drizzle|[of] p1a: Politoed\n|turn|1\n|\n|t:|1775926637\n|move|p2a: Milotic|Protect|p2a: Milotic\n|-singleturn|p2a: Milotic|Protect\n|move|p1b: Archaludon|Electro Shot||[still]\n|-prepare|p1b: Archaludon|Electro Shot\n|-boost|p1b: Archaludon|spa|1\n|-anim|p1b: Archaludon|Electro Shot|p2a: Milotic\n|-activate|p2a: Milotic|move: Protect\n|move|p1a: Politoed|Weather Ball|p2b: Kingambit\n|-damage|p2b: Kingambit|52/100\n|move|p2b: Kingambit|Swords Dance|p2b: Kingambit\n|-boost|p2b: Kingambit|atk|2\n|\n|-weather|RainDance|[upkeep]\n|upkeep\n|turn|2\n|\n|t:|1775926652\n|move|p2a: Milotic|Helping Hand|p2b: Kingambit\n|-singleturn|p2b: Kingambit|Helping Hand|[of] p2a: Milotic\n|move|p2b: Kingambit|Sucker Punch|p1b: Archaludon\n|-ability|p1b: Archaludon|Sturdy\n|-damage|p1b: Archaludon|1/100\n|move|p1b: Archaludon|Electro Shot||[still]\n|-prepare|p1b: Archaludon|Electro Shot\n|-boost|p1b: Archaludon|spa|1\n|-anim|p1b: Archaludon|Electro Shot|p2a: Milotic\n|-supereffective|p2a: Milotic|1\n|-damage|p2a: Milotic|0 fnt\n|faint|p2a: Milotic\n|move|p1a: Politoed|Encore|p2b: Kingambit\n|-start|p2b: Kingambit|Encore\n|\n|-weather|RainDance|[upkeep]\n|upkeep\n|\n|t:|1775926671\n|switch|p2a: Incineroar|Incineroar, L50, M|100/100\n|-ability|p2a: Incineroar|Intimidate|boost\n|-unboost|p1a: Politoed|atk|1\n|-unboost|p1b: Archaludon|atk|1\n|turn|3\n|\n|t:|1775926685\n|move|p1b: Archaludon|Protect|p1b: Archaludon\n|-singleturn|p1b: Archaludon|Protect\n|move|p1a: Politoed|Protect|p1a: Politoed\n|-singleturn|p1a: Politoed|Protect\n|move|p2a: Incineroar|Fake Out|p1a: Politoed\n|-activate|p1a: Politoed|move: Protect\n|move|p2b: Kingambit|Sucker Punch||[still]\n|-fail|p2b: Kingambit\n|\n|-weather|RainDance|[upkeep]\n|upkeep\n|turn|4\n|inactive|Pacman_po has 30 seconds left.\n|\n|t:|1775926715\n|switch|p2a: Archaludon|Archaludon, L50, M|100/100\n|move|p1b: Archaludon|Protect||[still]\n|-fail|p1b: Archaludon\n|move|p2b: Kingambit|Sucker Punch||[still]\n|-fail|p2b: Kingambit\n|move|p1a: Politoed|Encore||[still]\n|-fail|p1a: Politoed\n|\n|-weather|RainDance|[upkeep]\n|upkeep\n|turn|5\n|inactive|Pacman_po has 30 seconds left.\n|inactive|Pacman_po has 20 seconds left.\n|\n|t:|1775926752\n|switch|p1a: Sableye|Sableye, L50, M, shiny|100/100\n|move|p1b: Archaludon|Protect|p1b: Archaludon\n|-singleturn|p1b: Archaludon|Protect\n|move|p2b: Kingambit|Sucker Punch||[still]\n|-fail|p2b: Kingambit\n|move|p2a: Archaludon|Electro Shot||[still]\n|-prepare|p2a: Archaludon|Electro Shot\n|-boost|p2a: Archaludon|spa|1\n|-anim|p2a: Archaludon|Electro Shot|p1a: Sableye\n|-damage|p1a: Sableye|23/100\n|\n|-weather|none\n|-end|p2b: Kingambit|Encore\n|upkeep\n|turn|6\n|\n|t:|1775926764\n|switch|p1b: Gengar|Gengar, L50, M, shiny|100/100\n|move|p2a: Archaludon|Protect|p2a: Archaludon\n|-singleturn|p2a: Archaludon|Protect\n|move|p2b: Kingambit|Protect|p2b: Kingambit\n|-singleturn|p2b: Kingambit|Protect\n|move|p1a: Sableye|Disable|p2a: Archaludon\n|-activate|p2a: Archaludon|move: Protect\n|\n|upkeep\n|turn|7\n|\n|t:|1775926781\n|switch|p2b: Incineroar|Incineroar, L50, M|100/100\n|-ability|p2b: Incineroar|Intimidate|boost\n|-unboost|p1a: Sableye|atk|1\n|-unboost|p1b: Gengar|atk|1\n|move|p1a: Sableye|Encore|p2a: Archaludon\n|-start|p2a: Archaludon|Encore\n|move|p2a: Archaludon|Protect||[still]\n|-fail|p2a: Archaludon\n|move|p1b: Gengar|Disable||[still]\n|-fail|p1b: Gengar\n|\n|upkeep\n|turn|8\n|inactive|Pacman_po has 30 seconds left.\n|inactive|Pacman_po has 20 seconds left.\n|inactive|Pacman_po has 15 seconds left.\n|inactive|Pacman_po has 10 seconds left.\n|-message|Pacman_po forfeited.\n|\n|win|jukasinjakudo\n|raw|Pacman_po's rating: 1075 &rarr; <strong>1054</strong><br />(-21 for losing)\n|raw|jukasinjakudo's rating: 1087 &rarr; <strong>1113</strong><br />(+26 for winning)\n|l|\u2606Pacman_po\n|player|p1|\n",
  "uploadtime": 1775926838,
  "views": 11,
  "formatid": "gen9championsvgc2026regma",
  "rating": 1054,
  "private": 0,
  "password": null
}