{
  "id": "gen9championsvgc2026regma-2588402925",
  "format": "[Gen 9 Champions] VGC 2026 Reg M-A",
  "players": [
    "absolute_killjoy",
    "KangarooToodleloo"
  ],
  "log": "|j|\u2606absolute_killjoy\n|j|\u2606KangarooToodleloo\n|t:|1776630556\n|gametype|doubles\n|player|p1|absolute_killjoy|riley|1232\n|player|p2|KangarooToodleloo|blue-masters|1306\n|gen|9\n|tier|[Gen 9 Champions] VGC 2026 Reg M-A\n|rated|\n|rule|Species Clause: Limit one of each Pok\u00e9mon\n|rule|Item Clause: Limit 1 of each item\n|clearpoke\n|poke|p1|Kingambit, L50, M|\n|poke|p1|Garchomp, L50, M|\n|poke|p1|Tyranitar, L50, M|\n|poke|p1|Whimsicott, L50, M|\n|poke|p1|Talonflame, L50, M|\n|poke|p1|Excadrill, L50, M|\n|poke|p2|Politoed, L50, M|\n|poke|p2|Scizor, L50, F|\n|poke|p2|Aerodactyl, L50, F|\n|poke|p2|Tauros-Paldea-Aqua, L50, M|\n|poke|p2|Volcarona, L50, F|\n|poke|p2|Meganium, L50, M|\n|teampreview|4\n|\n|t:|1776630577\n|teamsize|p1|4\n|teamsize|p2|4\n|start\n|switch|p1a: Tyranitar|Tyranitar, L50, M|100/100\n|switch|p1b: Excadrill|Excadrill, L50, M|100/100\n|switch|p2a: Meganium|Meganium, L50, M|100/100\n|switch|p2b: Volcarona|Volcarona, L50, F|100/100\n|-weather|Sandstorm|[from] ability: Sand Stream|[of] p1a: Tyranitar\n|turn|1\n|\n|t:|1776630591\n|switch|p2a: Tauros|Tauros-Paldea-Aqua, L50, M|100/100\n|-ability|p2a: Tauros|Intimidate|boost\n|-unboost|p1a: Tyranitar|atk|1\n|-unboost|p1b: Excadrill|atk|1\n|move|p2b: Volcarona|Protect|p2b: Volcarona\n|-singleturn|p2b: Volcarona|Protect\n|move|p1b: Excadrill|Iron Head|p2a: Tauros\n|-resisted|p2a: Tauros|1\n|-damage|p2a: Tauros|83/100\n|move|p1a: Tyranitar|Rock Slide|p2a: Tauros|[spread] p2a\n|-activate|p2b: Volcarona|move: Protect\n|-resisted|p2a: Tauros|1\n|-damage|p2a: Tauros|72/100\n|\n|-weather|Sandstorm|[upkeep]\n|-damage|p2a: Tauros|66/100|[from] Sandstorm\n|-damage|p2b: Volcarona|94/100|[from] Sandstorm\n|upkeep\n|turn|2\n|\n|t:|1776630618\n|switch|p2b: Politoed|Politoed, L50, M|100/100\n|-weather|RainDance|[from] ability: Drizzle|[of] p2b: Politoed\n|move|p2a: Tauros|Raging Bull|p1b: Excadrill\n|-supereffective|p1b: Excadrill|1\n|-damage|p1b: Excadrill|0 fnt\n|faint|p1b: Excadrill\n|move|p1a: Tyranitar|Knock Off|p2b: Politoed\n|-damage|p2b: Politoed|65/100\n|-enditem|p2b: Politoed|Sitrus Berry|[from] move: Knock Off|[of] p1a: Tyranitar\n|\n|-weather|RainDance|[upkeep]\n|upkeep\n|\n|t:|1776630625\n|switch|p1b: Whimsicott|Whimsicott, L50, M|100/100\n|turn|3\n|\n|t:|1776630638\n|move|p1b: Whimsicott|Tailwind|p1b: Whimsicott\n|-sidestart|p1: absolute_killjoy|move: Tailwind\n|move|p2a: Tauros|Raging Bull|p1b: Whimsicott\n|-resisted|p1b: Whimsicott|1\n|-damage|p1b: Whimsicott|75/100\n|move|p1a: Tyranitar|Knock Off|p2a: Tauros\n|-resisted|p2a: Tauros|1\n|-damage|p2a: Tauros|49/100\n|-enditem|p2a: Tauros|White Herb|[from] move: Knock Off|[of] p1a: Tyranitar\n|move|p2b: Politoed|Icy Wind|p1a: Tyranitar|[spread] p1a\n|-miss|p2b: Politoed|p1b: Whimsicott\n|-damage|p1a: Tyranitar|92/100\n|-unboost|p1a: Tyranitar|spe|1\n|\n|-weather|RainDance|[upkeep]\n|upkeep\n|turn|4\n|\n|t:|1776630654\n|move|p1a: Tyranitar|Protect|p1a: Tyranitar\n|-singleturn|p1a: Tyranitar|Protect\n|move|p1b: Whimsicott|U-turn|p2b: Politoed\n|-damage|p2b: Politoed|52/100\n|\n|t:|1776630659\n|switch|p1b: Garchomp|Garchomp, L50, M|100/100|[from] U-turn\n|move|p2a: Tauros|Raging Bull|p1a: Tyranitar\n|-activate|p1a: Tyranitar|move: Protect\n|move|p2b: Politoed|Icy Wind|p1b: Garchomp|[spread] p1b\n|-activate|p1a: Tyranitar|move: Protect\n|-supereffective|p1b: Garchomp|2\n|-damage|p1b: Garchomp|55/100\n|-unboost|p1b: Garchomp|spe|1\n|\n|-weather|RainDance|[upkeep]\n|upkeep\n|turn|5\n|\n|t:|1776630675\n|switch|p1a: Whimsicott|Whimsicott, L50, M|75/100\n|detailschange|p1b: Garchomp|Garchomp-Mega, L50, M\n|-mega|p1b: Garchomp|Garchomp|Garchompite\n|move|p2b: Politoed|Helping Hand|p2a: Tauros\n|-singleturn|p2a: Tauros|Helping Hand|[of] p2b: Politoed\n|move|p1b: Garchomp|Protect|p1b: Garchomp\n|-singleturn|p1b: Garchomp|Protect\n|move|p2a: Tauros|Aqua Jet|p1a: Whimsicott\n|-resisted|p1a: Whimsicott|1\n|-damage|p1a: Whimsicott|57/100\n|\n|-weather|RainDance|[upkeep]\n|upkeep\n|turn|6\n|\n|t:|1776630690\n|move|p1a: Whimsicott|Helping Hand|p1b: Garchomp\n|-singleturn|p1b: Garchomp|Helping Hand|[of] p1a: Whimsicott\n|move|p2a: Tauros|Aqua Jet|p1b: Garchomp\n|-damage|p1b: Garchomp|31/100\n|move|p1b: Garchomp|Stomping Tantrum|p2b: Politoed\n|-damage|p2b: Politoed|0 fnt\n|faint|p2b: Politoed\n|\n|-weather|none\n|-sideend|p1: absolute_killjoy|move: Tailwind\n|upkeep\n|\n|t:|1776630698\n|switch|p2b: Meganium|Meganium, L50, M|100/100\n|turn|7\n|\n|t:|1776630705\n|switch|p2a: Volcarona|Volcarona, L50, F|94/100\n|detailschange|p2b: Meganium|Meganium-Mega, L50, M\n|-mega|p2b: Meganium|Meganium|Meganiumite\n|move|p1b: Garchomp|Protect|p1b: Garchomp\n|-singleturn|p1b: Garchomp|Protect\n|move|p1a: Whimsicott|Tailwind|p1a: Whimsicott\n|-sidestart|p1: absolute_killjoy|move: Tailwind\n|move|p2b: Meganium|Dazzling Gleam|p1a: Whimsicott|[spread] p1a\n|-activate|p1b: Garchomp|move: Protect\n|-damage|p1a: Whimsicott|9/100\n|\n|upkeep\n|turn|8\n|\n|t:|1776630723\n|move|p1a: Whimsicott|Helping Hand|p1b: Garchomp\n|-singleturn|p1b: Garchomp|Helping Hand|[of] p1a: Whimsicott\n|move|p1b: Garchomp|Iron Head|p2b: Meganium\n|-supereffective|p2b: Meganium|1\n|-damage|p2b: Meganium|17/100\n|move|p2a: Volcarona|Struggle Bug|p1b: Garchomp|[spread] p1a,p1b\n|-damage|p1a: Whimsicott|0 fnt\n|-damage|p1b: Garchomp|12/100\n|-unboost|p1b: Garchomp|spa|1\n|faint|p1a: Whimsicott\n|move|p2b: Meganium|Dazzling Gleam|p1b: Garchomp\n|-supereffective|p1b: Garchomp|1\n|-damage|p1b: Garchomp|0 fnt\n|faint|p1b: Garchomp\n|\n|upkeep\n|\n|t:|1776630735\n|switch|p1b: Tyranitar|Tyranitar, L50, M|92/100\n|-weather|Sandstorm|[from] ability: Sand Stream|[of] p1b: Tyranitar\n|turn|9\n|\n|t:|1776630739\n|switch|p2b: Tauros|Tauros-Paldea-Aqua, L50, M|49/100\n|-ability|p2b: Tauros|Intimidate|boost\n|-unboost|p1b: Tyranitar|atk|1\n|move|p2a: Volcarona|Protect|p2a: Volcarona\n|-singleturn|p2a: Volcarona|Protect\n|move|p1b: Tyranitar|Rock Slide|p2b: Tauros|[spread] p2b\n|-activate|p2a: Volcarona|move: Protect\n|-resisted|p2b: Tauros|1\n|-damage|p2b: Tauros|37/100\n|\n|-weather|Sandstorm|[upkeep]\n|-damage|p2b: Tauros|31/100|[from] Sandstorm\n|-damage|p2a: Volcarona|88/100|[from] Sandstorm\n|upkeep\n|turn|10\n|\n|t:|1776630747\n|move|p2b: Tauros|Protect|p2b: Tauros\n|-singleturn|p2b: Tauros|Protect\n|move|p1b: Tyranitar|Rock Slide|p2a: Volcarona|[spread] p2a\n|-activate|p2b: Tauros|move: Protect\n|-supereffective|p2a: Volcarona|2\n|-damage|p2a: Volcarona|23/100\n|cant|p2a: Volcarona|flinch\n|\n|-weather|Sandstorm|[upkeep]\n|-damage|p2b: Tauros|25/100|[from] Sandstorm\n|-damage|p2a: Volcarona|17/100|[from] Sandstorm\n|-sideend|p1: absolute_killjoy|move: Tailwind\n|upkeep\n|turn|11\n|\n|t:|1776630766\n|move|p2b: Tauros|Close Combat|p1b: Tyranitar\n|-supereffective|p1b: Tyranitar|2\n|-enditem|p1b: Tyranitar|Chople Berry|[eat]\n|-enditem|p1b: Tyranitar|Chople Berry|[weaken]\n|-damage|p1b: Tyranitar|0 fnt\n|-unboost|p2b: Tauros|def|1\n|-unboost|p2b: Tauros|spd|1\n|faint|p1b: Tyranitar\n|\n|win|KangarooToodleloo\n|raw|absolute_killjoy's rating: 1232 &rarr; <strong>1212</strong><br />(-20 for losing)\n|raw|KangarooToodleloo's rating: 1306 &rarr; <strong>1322</strong><br />(+16 for winning)\n",
  "uploadtime": 1776630772,
  "views": 12,
  "formatid": "gen9championsvgc2026regma",
  "rating": 1212,
  "private": 0,
  "password": null
}