{
  "id": "gen9championsvgc2026regma-2584618615",
  "format": "[Gen 9 Champions] VGC 2026 Reg M-A",
  "players": [
    "1122222r",
    "HerBlade"
  ],
  "log": "|j|\u26061122222r\n|j|\u2606HerBlade\n|t:|1776272474\n|gametype|doubles\n|player|p1|1122222r|hilbert|1096\n|player|p2|HerBlade|dawn-gen4pt|1096\n|gen|9\n|tier|[Gen 9 Champions] VGC 2026 Reg M-A\n|rated|\n|rule|Species Clause: Limit one of each Pok\u00e9mon\n|rule|Item Clause: Limit 1 of each item\n|clearpoke\n|poke|p1|Alakazam, L50, F|\n|poke|p1|Meowstic, L50, M|\n|poke|p1|Armarouge, L50, M|\n|poke|p1|Aerodactyl, L50, F|\n|poke|p1|Floette-Eternal, L50, F|\n|poke|p1|Starmie, L50|\n|poke|p2|Armarouge, L50, M|\n|poke|p2|Farigiraf, L50, F|\n|poke|p2|Chesnaught, L50, M|\n|poke|p2|Drampa, L50, F|\n|poke|p2|Kingambit, L50, M|\n|poke|p2|Primarina, L50, F|\n|teampreview|4\n|inactive|Battle timer is ON: inactive players will automatically lose when time's up. (requested by 1122222r)\n|\n|t:|1776272515\n|teamsize|p1|4\n|teamsize|p2|4\n|start\n|switch|p1a: Meowstic|Meowstic, L50, M|100/100\n|switch|p1b: Alakazam|Alakazam, L50, F|100/100\n|switch|p2a: John kaisen|Farigiraf, L50, F, shiny|100/100\n|switch|p2b: aura monster|Kingambit, L50, M|100/100\n|turn|1\n|\n|t:|1776272530\n|detailschange|p1b: Alakazam|Alakazam-Mega, L50, F\n|-mega|p1b: Alakazam|Alakazam|Alakazite\n|-ability|p1b: Alakazam|Supreme Overlord|Trace|[from] ability: Trace|[of] p2b: aura monster\n|move|p1b: Alakazam|Protect|p1b: Alakazam\n|-singleturn|p1b: Alakazam|Protect\n|move|p2b: aura monster|Kowtow Cleave|p1b: Alakazam\n|-activate|p1b: Alakazam|move: Protect\n|move|p1a: Meowstic|Trick Room|p1a: Meowstic\n|-fieldstart|move: Trick Room|[of] p1a: Meowstic\n|move|p2a: John kaisen|Trick Room|p2a: John kaisen\n|-fieldend|move: Trick Room\n|\n|upkeep\n|turn|2\n|\n|t:|1776272549\n|move|p1a: Meowstic|Psychic Terrain|p1a: Meowstic\n|-fieldstart|move: Psychic Terrain\n|move|p1b: Alakazam|Dazzling Gleam|p2a: John kaisen|[spread] p2a,p2b\n|-damage|p2a: John kaisen|76/100\n|-damage|p2b: aura monster|75/100\n|move|p2b: aura monster|Kowtow Cleave|p1b: Alakazam\n|-supereffective|p1b: Alakazam|1\n|-damage|p1b: Alakazam|0 fnt\n|faint|p1b: Alakazam\n|-end|p1b: Alakazam|fallenundefined|[silent]\n|move|p2a: John kaisen|Trick Room|p2a: John kaisen\n|-fieldstart|move: Trick Room|[of] p2a: John kaisen\n|\n|upkeep\n|\n|t:|1776272557\n|switch|p1b: Floette|Floette-Eternal, L50, F|100/100\n|turn|3\n|\n|t:|1776272567\n|move|p2b: aura monster|Kowtow Cleave|p1a: Meowstic\n|-supereffective|p1a: Meowstic|1\n|-damage|p1a: Meowstic|0 fnt\n|faint|p1a: Meowstic\n|move|p2a: John kaisen|Hyper Voice|p1b: Floette\n|-damage|p1b: Floette|66/100\n|move|p1b: Floette|Calm Mind|p1b: Floette\n|-boost|p1b: Floette|spa|1\n|-boost|p1b: Floette|spd|1\n|\n|upkeep\n|\n|t:|1776272571\n|switch|p1a: Armarouge|Armarouge, L50, M|100/100\n|turn|4\n|\n|t:|1776272584\n|move|p2b: aura monster|Iron Head|p1b: Floette\n|-supereffective|p1b: Floette|1\n|-damage|p1b: Floette|0 fnt\n|faint|p1b: Floette\n|move|p2a: John kaisen|Hyper Voice|p1a: Armarouge\n|-damage|p1a: Armarouge|47/100\n|move|p1a: Armarouge|Aura Sphere|p2b: aura monster\n|-supereffective|p2b: aura monster|2\n|-damage|p2b: aura monster|0 fnt\n|faint|p2b: aura monster\n|-end|p2b: aura monster|fallenundefined|[silent]\n|\n|upkeep\n|\n|t:|1776272596\n|switch|p2b: siren|Primarina, L50, F|100/100\n|turn|5\n|\n|t:|1776272615\n|move|p2b: siren|Hyper Voice|p1a: Armarouge\n|-supereffective|p1a: Armarouge|1\n|-damage|p1a: Armarouge|0 fnt\n|faint|p1a: Armarouge\n|\n|win|HerBlade\n|raw|1122222r's rating: 1096 &rarr; <strong>1072</strong><br />(-24 for losing)\n|raw|HerBlade's rating: 1096 &rarr; <strong>1122</strong><br />(+26 for winning)\n|l|\u26061122222r\n|player|p1|\n",
  "uploadtime": 1776272625,
  "views": 14,
  "formatid": "gen9championsvgc2026regma",
  "rating": 1072,
  "private": 0,
  "password": null
}