{
  "id": "gen9championsvgc2026regma-2580489634",
  "format": "[Gen 9 Champions] VGC 2026 Reg M-A",
  "players": [
    "Master of Capture",
    "FukZamazenta917813"
  ],
  "log": "|j|\u2606Master of Capture\n|j|\u2606FukZamazenta917813\n|t:|1775904049\n|gametype|doubles\n|player|p1|Master of Capture|102|1050\n|player|p2|FukZamazenta917813|lucas|1138\n|gen|9\n|tier|[Gen 9 Champions] VGC 2026 Reg M-A\n|rated|\n|rule|Species Clause: Limit one of each Pok\u00e9mon\n|rule|Item Clause: Limit 1 of each item\n|clearpoke\n|poke|p1|Floette-Eternal, L50, F|\n|poke|p1|Incineroar, L50, M|\n|poke|p1|Milotic, L50, F|\n|poke|p1|Garchomp, L50, M|\n|poke|p1|Sneasler, L50, M|\n|poke|p1|Volcarona, L50, F|\n|poke|p2|Incineroar, L50, M|\n|poke|p2|Delphox, L50, F|\n|poke|p2|Whimsicott, L50, F|\n|poke|p2|Clefable, L50, M|\n|poke|p2|Garchomp, L50, F|\n|poke|p2|Sneasler, L50, F|\n|teampreview|4\n|inactive|Battle timer is ON: inactive players will automatically lose when time's up. (requested by FukZamazenta917813)\n|inactive|Master of Capture has 60 seconds left.\n|\n|t:|1775904101\n|teamsize|p1|4\n|teamsize|p2|4\n|start\n|switch|p1a: Floette|Floette-Eternal, L50, F|100/100\n|switch|p1b: Milotic|Milotic, L50, F|100/100\n|switch|p2a: delpha|Delphox, L50, F|100/100\n|switch|p2b: \u60f3\u51ff\u5927\u72c3\u62c9|Sneasler, L50, F|100/100\n|turn|1\n|inactive|Master of Capture has 30 seconds left.\n|\n|t:|1775904135\n|switch|p1a: Incineroar|Incineroar, L50, M|100/100\n|-ability|p1a: Incineroar|Intimidate|boost\n|-unboost|p2a: delpha|atk|1\n|-unboost|p2b: \u60f3\u51ff\u5927\u72c3\u62c9|atk|1\n|switch|p1b: Volcarona|Volcarona, L50, F|100/100\n|detailschange|p2a: delpha|Delphox-Mega, L50, F\n|-mega|p2a: delpha|Delphox|Delphoxite\n|move|p2a: delpha|Calm Mind|p2a: delpha\n|-boost|p2a: delpha|spa|1\n|-boost|p2a: delpha|spd|1\n|move|p2b: \u60f3\u51ff\u5927\u72c3\u62c9|Dire Claw|p1b: Volcarona\n|-crit|p1b: Volcarona\n|-damage|p1b: Volcarona|36/100\n|\n|upkeep\n|turn|2\n|\n|t:|1775904157\n|move|p1a: Incineroar|Fake Out|p2a: delpha\n|-damage|p2a: delpha|86/100\n|cant|p2a: delpha|flinch\n|move|p2b: \u60f3\u51ff\u5927\u72c3\u62c9|Close Combat|p1a: Incineroar\n|-supereffective|p1a: Incineroar|1\n|-damage|p1a: Incineroar|23/100\n|-unboost|p2b: \u60f3\u51ff\u5927\u72c3\u62c9|def|1\n|-unboost|p2b: \u60f3\u51ff\u5927\u72c3\u62c9|spd|1\n|-enditem|p1a: Incineroar|Sitrus Berry|[eat]\n|-heal|p1a: Incineroar|48/100|[from] item: Sitrus Berry\n|move|p1b: Volcarona|Quiver Dance|p1b: Volcarona\n|-boost|p1b: Volcarona|spa|1\n|-boost|p1b: Volcarona|spd|1\n|-boost|p1b: Volcarona|spe|1\n|\n|upkeep\n|turn|3\n|\n|t:|1775904182\n|move|p1b: Volcarona|Fiery Dance|p2b: \u60f3\u51ff\u5927\u72c3\u62c9\n|-enditem|p2b: \u60f3\u51ff\u5927\u72c3\u62c9|Focus Sash\n|-damage|p2b: \u60f3\u51ff\u5927\u72c3\u62c9|1/100\n|move|p2b: \u60f3\u51ff\u5927\u72c3\u62c9|Close Combat|p1a: Incineroar\n|-supereffective|p1a: Incineroar|1\n|-damage|p1a: Incineroar|0 fnt\n|-unboost|p2b: \u60f3\u51ff\u5927\u72c3\u62c9|def|1\n|-unboost|p2b: \u60f3\u51ff\u5927\u72c3\u62c9|spd|1\n|faint|p1a: Incineroar\n|move|p2a: delpha|Psyshock|p1b: Volcarona\n|-damage|p1b: Volcarona|0 fnt\n|faint|p1b: Volcarona\n|\n|upkeep\n|\n|t:|1775904195\n|switch|p1b: Milotic|Milotic, L50, F|100/100\n|switch|p1a: Floette|Floette-Eternal, L50, F|100/100\n|turn|4\n|\n|t:|1775904211\n|switch|p2b: \u9017\u9017\u4f60\u7684\u5440~\u5f1f\u5f1f\ud83c\udfc6\ud83c\udfc6\ud83c\udfc6|Garchomp, L50, F|100/100\n|move|p2a: delpha|Protect|p2a: delpha\n|-singleturn|p2a: delpha|Protect\n|move|p1a: Floette|Protect|p1a: Floette\n|-singleturn|p1a: Floette|Protect\n|move|p1b: Milotic|Icy Wind|p2b: \u9017\u9017\u4f60\u7684\u5440~\u5f1f\u5f1f\ud83c\udfc6\ud83c\udfc6\ud83c\udfc6|[spread] p2b\n|-activate|p2a: delpha|move: Protect\n|-supereffective|p2b: \u9017\u9017\u4f60\u7684\u5440~\u5f1f\u5f1f\ud83c\udfc6\ud83c\udfc6\ud83c\udfc6|2\n|-damage|p2b: \u9017\u9017\u4f60\u7684\u5440~\u5f1f\u5f1f\ud83c\udfc6\ud83c\udfc6\ud83c\udfc6|61/100\n|-unboost|p2b: \u9017\u9017\u4f60\u7684\u5440~\u5f1f\u5f1f\ud83c\udfc6\ud83c\udfc6\ud83c\udfc6|spe|1\n|\n|upkeep\n|turn|5\n|\n|t:|1775904226\n|detailschange|p1a: Floette|Floette-Mega, L50, F\n|-mega|p1a: Floette|Floette|Floettite\n|-ability|p1a: Floette|Fairy Aura\n|move|p2a: delpha|Psyshock|p1b: Milotic\n|-damage|p1b: Milotic|54/100\n|move|p1a: Floette|Dazzling Gleam|p2b: \u9017\u9017\u4f60\u7684\u5440~\u5f1f\u5f1f\ud83c\udfc6\ud83c\udfc6\ud83c\udfc6|[spread] p2a,p2b\n|-resisted|p2a: delpha|1\n|-supereffective|p2b: \u9017\u9017\u4f60\u7684\u5440~\u5f1f\u5f1f\ud83c\udfc6\ud83c\udfc6\ud83c\udfc6|1\n|-damage|p2a: delpha|74/100\n|-damage|p2b: \u9017\u9017\u4f60\u7684\u5440~\u5f1f\u5f1f\ud83c\udfc6\ud83c\udfc6\ud83c\udfc6|0 fnt\n|faint|p2b: \u9017\u9017\u4f60\u7684\u5440~\u5f1f\u5f1f\ud83c\udfc6\ud83c\udfc6\ud83c\udfc6\n|move|p1b: Milotic|Scald|p2a: delpha\n|-supereffective|p2a: delpha|1\n|-damage|p2a: delpha|43/100\n|\n|-heal|p1b: Milotic|60/100|[from] item: Leftovers\n|upkeep\n|\n|t:|1775904235\n|switch|p2b: \u60f3\u51ff\u5927\u72c3\u62c9|Sneasler, L50, F|1/100\n|turn|6\n|\n|t:|1775904246\n|move|p2a: delpha|Psyshock|p1b: Milotic\n|-damage|p1b: Milotic|14/100\n|move|p2b: \u60f3\u51ff\u5927\u72c3\u62c9|Dire Claw|p1b: Milotic\n|-crit|p1b: Milotic\n|-damage|p1b: Milotic|0 fnt\n|faint|p1b: Milotic\n|move|p1a: Floette|Dazzling Gleam|p2a: delpha|[spread] p2a,p2b\n|-resisted|p2a: delpha|1\n|-damage|p2a: delpha|31/100\n|-damage|p2b: \u60f3\u51ff\u5927\u72c3\u62c9|0 fnt\n|faint|p2b: \u60f3\u51ff\u5927\u72c3\u62c9\n|\n|upkeep\n|\n|t:|1775904249\n|switch|p2b: \u795e\u7684\u4f1f\u5927\u65e0\u9700\u591a\u8a00|Incineroar, L50, M|100/100\n|-ability|p2b: \u795e\u7684\u4f1f\u5927\u65e0\u9700\u591a\u8a00|Intimidate|boost\n|-unboost|p1a: Floette|atk|1\n|turn|7\n|\n|t:|1775904257\n|move|p1a: Floette|Protect|p1a: Floette\n|-singleturn|p1a: Floette|Protect\n|move|p2b: \u795e\u7684\u4f1f\u5927\u65e0\u9700\u591a\u8a00|Fake Out|p1a: Floette\n|-activate|p1a: Floette|move: Protect\n|move|p2a: delpha|Calm Mind|p2a: delpha\n|-boost|p2a: delpha|spa|1\n|-boost|p2a: delpha|spd|1\n|\n|upkeep\n|turn|8\n|\n|t:|1775904263\n|move|p2a: delpha|Psyshock|p1a: Floette\n|-damage|p1a: Floette|0 fnt\n|faint|p1a: Floette\n|\n|win|FukZamazenta917813\n|raw|Master of Capture's rating: 1050 &rarr; <strong>1037</strong><br />(-13 for losing)\n|raw|FukZamazenta917813's rating: 1138 &rarr; <strong>1157</strong><br />(+19 for winning)\n|l|\u2606Master of Capture\n|player|p1|\n",
  "uploadtime": 1775904266,
  "views": 15,
  "formatid": "gen9championsvgc2026regma",
  "rating": 1037,
  "private": 0,
  "password": null
}