{
  "id": "gen9championsvgc2026regma-2580389481",
  "format": "[Gen 9 Champions] VGC 2026 Reg M-A",
  "players": [
    "ShoukoKun",
    "yamzinyobooty"
  ],
  "log": "|j|\u2606ShoukoKun\n|j|\u2606yamzinyobooty\n|t:|1775889229\n|gametype|doubles\n|player|p1|ShoukoKun|veteranf|1080\n|player|p2|yamzinyobooty|170|1153\n|gen|9\n|tier|[Gen 9 Champions] VGC 2026 Reg M-A\n|rated|\n|rule|Species Clause: Limit one of each Pok\u00e9mon\n|rule|Item Clause: Limit 1 of each item\n|clearpoke\n|poke|p1|Kommo-o, L50, M|\n|poke|p1|Incineroar, L50, M|\n|poke|p1|Sinistcha, L50|\n|poke|p1|Tinkaton, L50, F|\n|poke|p1|Delphox, L50, F|\n|poke|p2|Starmie, L50|\n|poke|p2|Whimsicott, L50, F|\n|poke|p2|Incineroar, L50, M|\n|poke|p2|Rotom-Wash, L50|\n|poke|p2|Kommo-o, L50, M|\n|poke|p2|Sneasler, L50, M|\n|teampreview|4\n|inactive|Battle timer is ON: inactive players will automatically lose when time's up. (requested by yamzinyobooty)\n|inactive|yamzinyobooty has 60 seconds left.\n|\n|t:|1775889266\n|teamsize|p1|4\n|teamsize|p2|4\n|start\n|switch|p1a: Delphox|Delphox, L50, F|100/100\n|switch|p1b: Incineroar|Incineroar, L50, M|100/100\n|switch|p2a: Whimsicott|Whimsicott, L50, F|100/100\n|switch|p2b: Sneasler|Sneasler, L50, M|100/100\n|-ability|p1b: Incineroar|Intimidate|boost\n|-unboost|p2a: Whimsicott|atk|1\n|-unboost|p2b: Sneasler|atk|1\n|-enditem|p2b: Sneasler|White Herb\n|-clearnegativeboost|p2b: Sneasler|[silent]\n|turn|1\n|\n|t:|1775889286\n|switch|p2b: Incineroar|Incineroar, L50, M|100/100\n|-ability|p2b: Incineroar|Intimidate|boost\n|-unboost|p1a: Delphox|atk|1\n|-unboost|p1b: Incineroar|atk|1\n|detailschange|p1a: Delphox|Delphox-Mega, L50, F\n|-mega|p1a: Delphox|Delphox|Delphoxite\n|move|p1a: Delphox|Protect|p1a: Delphox\n|-singleturn|p1a: Delphox|Protect\n|move|p1b: Incineroar|Fake Out|p2a: Whimsicott\n|-damage|p2a: Whimsicott|90/100\n|cant|p2a: Whimsicott|flinch\n|\n|upkeep\n|turn|2\n|inactive|ShoukoKun has 30 seconds left.\n|\n|t:|1775889311\n|switch|p1b: Sinistcha|Sinistcha, L50|100/100\n|move|p2a: Whimsicott|Tailwind|p2a: Whimsicott\n|-sidestart|p2: yamzinyobooty|move: Tailwind\n|move|p1a: Delphox|Heat Wave|p2a: Whimsicott|[spread] p2a,p2b\n|-supereffective|p2a: Whimsicott|1\n|-resisted|p2b: Incineroar|1\n|-damage|p2a: Whimsicott|0 fnt\n|-damage|p2b: Incineroar|81/100\n|faint|p2a: Whimsicott\n|move|p2b: Incineroar|Throat Chop|p1a: Delphox\n|-supereffective|p1a: Delphox|1\n|-damage|p1a: Delphox|8/100\n|-start|p1a: Delphox|Throat Chop|[silent]\n|\n|upkeep\n|\n|t:|1775889324\n|switch|p2a: Sneasler|Sneasler, L50, M|100/100\n|turn|3\n|\n|t:|1775889338\n|switch|p1a: Incineroar|Incineroar, L50, M|100/100\n|-ability|p1a: Incineroar|Intimidate|boost\n|-unboost|p2a: Sneasler|atk|1\n|-unboost|p2b: Incineroar|atk|1\n|move|p2a: Sneasler|Dire Claw|p1b: Sinistcha\n|-damage|p1b: Sinistcha|75/100\n|-status|p1b: Sinistcha|par\n|move|p2b: Incineroar|Throat Chop|p1a: Incineroar\n|-resisted|p1a: Incineroar|1\n|-damage|p1a: Incineroar|92/100\n|-start|p1a: Incineroar|Throat Chop|[silent]\n|move|p1b: Sinistcha|Matcha Gotcha|p2a: Sneasler|[spread] p2a,p2b\n|-resisted|p2a: Sneasler|1\n|-resisted|p2b: Incineroar|1\n|-damage|p2a: Sneasler|85/100\n|-heal|p1b: Sinistcha|82/100 par|[from] drain|[of] p2a: Sneasler\n|-damage|p2b: Incineroar|69/100\n|-heal|p1b: Sinistcha|89/100 par|[from] drain|[of] p2b: Incineroar\n|\n|upkeep\n|turn|4\n|inactive|ShoukoKun has 30 seconds left.\n|inactive|yamzinyobooty has 30 seconds left.\n|\n|t:|1775889365\n|move|p2a: Sneasler|Protect|p2a: Sneasler\n|-singleturn|p2a: Sneasler|Protect\n|move|p1a: Incineroar|Fake Out|p2a: Sneasler\n|-activate|p2a: Sneasler|move: Protect\n|move|p2b: Incineroar|Throat Chop|p1b: Sinistcha\n|-supereffective|p1b: Sinistcha|1\n|-damage|p1b: Sinistcha|50/100 par\n|-start|p1b: Sinistcha|Throat Chop|[silent]\n|-enditem|p1b: Sinistcha|Sitrus Berry|[eat]\n|-heal|p1b: Sinistcha|75/100 par|[from] item: Sitrus Berry\n|move|p1b: Sinistcha|Matcha Gotcha|p2a: Sneasler|[spread] p2b\n|-activate|p2a: Sneasler|move: Protect\n|-resisted|p2b: Incineroar|1\n|-damage|p2b: Incineroar|57/100\n|-heal|p1b: Sinistcha|82/100 par|[from] drain|[of] p2b: Incineroar\n|\n|-end|p1a: Incineroar|Throat Chop|[silent]\n|upkeep\n|turn|5\n|\n|t:|1775889385\n|move|p1a: Incineroar|Protect|p1a: Incineroar\n|-singleturn|p1a: Incineroar|Protect\n|move|p1b: Sinistcha|Protect|p1b: Sinistcha\n|-singleturn|p1b: Sinistcha|Protect\n|move|p2a: Sneasler|Close Combat|p1a: Incineroar\n|-activate|p1a: Incineroar|move: Protect\n|move|p2b: Incineroar|Parting Shot|p1b: Sinistcha\n|-activate|p1b: Sinistcha|move: Protect\n|\n|-end|p1b: Sinistcha|Throat Chop|[silent]\n|-sideend|p2: yamzinyobooty|move: Tailwind\n|upkeep\n|turn|6\n|\n|t:|1775889405\n|switch|p1b: Kommo-o|Kommo-o, L50, M, shiny|100/100\n|move|p2a: Sneasler|Close Combat|p1a: Incineroar\n|-supereffective|p1a: Incineroar|1\n|-enditem|p1a: Incineroar|Chople Berry|[eat]\n|-enditem|p1a: Incineroar|Chople Berry|[weaken]\n|-damage|p1a: Incineroar|56/100\n|-unboost|p2a: Sneasler|def|1\n|-unboost|p2a: Sneasler|spd|1\n|move|p1a: Incineroar|Parting Shot|p2a: Sneasler\n|-unboost|p2a: Sneasler|atk|1\n|-unboost|p2a: Sneasler|spa|1\n|\n|t:|1775889417\n|switch|p1a: Sinistcha|Sinistcha, L50|82/100 par|[from] Parting Shot\n|move|p2b: Incineroar|Throat Chop|p1b: Kommo-o\n|-resisted|p1b: Kommo-o|1\n|-damage|p1b: Kommo-o|92/100\n|-start|p1b: Kommo-o|Throat Chop|[silent]\n|\n|-heal|p1b: Kommo-o|98/100|[from] item: Leftovers\n|upkeep\n|turn|7\n|\n|t:|1775889430\n|switch|p2a: Starmie|Starmie, L50|100/100\n|move|p1a: Sinistcha|Rage Powder|p1a: Sinistcha\n|-singleturn|p1a: Sinistcha|move: Rage Powder\n|move|p1b: Kommo-o|Aura Sphere|p2b: Incineroar\n|-supereffective|p2b: Incineroar|1\n|-damage|p2b: Incineroar|0 fnt\n|faint|p2b: Incineroar\n|\n|-heal|p1b: Kommo-o|100/100|[from] item: Leftovers\n|-end|p1b: Kommo-o|Throat Chop|[silent]\n|upkeep\n|\n|t:|1775889436\n|switch|p2b: Sneasler|Sneasler, L50, M|85/100\n|turn|8\n|\n|t:|1775889455\n|switch|p1a: Incineroar|Incineroar, L50, M|56/100\n|-ability|p1a: Incineroar|Intimidate|boost\n|-unboost|p2a: Starmie|atk|1\n|-unboost|p2b: Sneasler|atk|1\n|detailschange|p2a: Starmie|Starmie-Mega, L50\n|-mega|p2a: Starmie|Starmie|Starminite\n|move|p1b: Kommo-o|Protect|p1b: Kommo-o\n|-singleturn|p1b: Kommo-o|Protect\n|move|p2b: Sneasler|Dire Claw|p1a: Incineroar\n|-damage|p1a: Incineroar|33/100\n|move|p2a: Starmie|Zen Headbutt|p1b: Kommo-o\n|-activate|p1b: Kommo-o|move: Protect\n|\n|upkeep\n|turn|9\n|c|\u2606yamzinyobooty|is this like a max defense team\n|inactive|ShoukoKun has 30 seconds left.\n|\n|t:|1775889484\n|move|p2b: Sneasler|Close Combat|p1a: Incineroar\n|-supereffective|p1a: Incineroar|1\n|-damage|p1a: Incineroar|0 fnt\n|-unboost|p2b: Sneasler|def|1\n|-unboost|p2b: Sneasler|spd|1\n|faint|p1a: Incineroar\n|move|p2a: Starmie|Liquidation|p1b: Kommo-o\n|-resisted|p1b: Kommo-o|1\n|-damage|p1b: Kommo-o|80/100\n|move|p1b: Kommo-o|Clangorous Soul|p1b: Kommo-o\n|-boost|p1b: Kommo-o|atk|1\n|-boost|p1b: Kommo-o|def|1\n|-boost|p1b: Kommo-o|spa|1\n|-boost|p1b: Kommo-o|spd|1\n|-boost|p1b: Kommo-o|spe|1\n|-damage|p1b: Kommo-o|47/100\n|\n|-heal|p1b: Kommo-o|53/100|[from] item: Leftovers\n|upkeep\n|c|\u2606ShoukoKun|nah\n|c|\u2606ShoukoKun|want to counter the flower\n|\n|t:|1775889502\n|switch|p1a: Sinistcha|Sinistcha, L50|82/100 par\n|-heal|p1b: Kommo-o|77/100|[from] ability: Hospitality|[of] p1a: Sinistcha\n|turn|10\n|c|\u2606yamzinyobooty|holy bulk then idek\n|inactive|yamzinyobooty has 30 seconds left.\n|\n|t:|1775889529\n|move|p1a: Sinistcha|Rage Powder|p1a: Sinistcha\n|-singleturn|p1a: Sinistcha|move: Rage Powder\n|move|p2b: Sneasler|Dire Claw|p1a: Sinistcha\n|-damage|p1a: Sinistcha|56/100 par\n|move|p2a: Starmie|Zen Headbutt|p1a: Sinistcha\n|-damage|p1a: Sinistcha|16/100 par\n|move|p1b: Kommo-o|Clanging Scales|p2a: Starmie|[spread] p2a,p2b\n|-damage|p2a: Starmie|40/100\n|-damage|p2b: Sneasler|0 fnt\n|faint|p2b: Sneasler\n|-unboost|p1b: Kommo-o|def|1\n|\n|-heal|p1b: Kommo-o|83/100|[from] item: Leftovers\n|upkeep\n|turn|11\n|c|\u2606yamzinyobooty|ggs\n|c|\u2606ShoukoKun|gg\n|\n|t:|1775889548\n|move|p2a: Starmie|Zen Headbutt|p1b: Kommo-o\n|-supereffective|p1b: Kommo-o|1\n|-damage|p1b: Kommo-o|8/100\n|move|p1b: Kommo-o|Clanging Scales|p2a: Starmie\n|-damage|p2a: Starmie|0 fnt\n|faint|p2a: Starmie\n|\n|win|ShoukoKun\n|raw|ShoukoKun's rating: 1080 &rarr; <strong>1114</strong><br />(+34 for winning)\n|raw|yamzinyobooty's rating: 1153 &rarr; <strong>1123</strong><br />(-30 for losing)\n",
  "uploadtime": 1775889548,
  "views": 14,
  "formatid": "gen9championsvgc2026regma",
  "rating": 1114,
  "private": 0,
  "password": null
}