{
  "id": "gen9championsvgc2026regma-2583136504",
  "format": "[Gen 9 Champions] VGC 2026 Reg M-A",
  "players": [
    "Snail Fan",
    "yulleyt"
  ],
  "log": "|j|\u2606Snail Fan\n|j|\u2606yulleyt\n|t:|1776146427\n|gametype|doubles\n|player|p1|Snail Fan|colress|1125\n|player|p2|yulleyt|266|1158\n|gen|9\n|tier|[Gen 9 Champions] VGC 2026 Reg M-A\n|rated|\n|rule|Species Clause: Limit one of each Pok\u00e9mon\n|rule|Item Clause: Limit 1 of each item\n|clearpoke\n|poke|p1|Tyranitar, L50, F|\n|poke|p1|Sandaconda, L50, F|\n|poke|p1|Aerodactyl, L50, F|\n|poke|p1|Sneasler, L50, F|\n|poke|p1|Sinistcha, L50|\n|poke|p1|Bellibolt, L50, F|\n|poke|p2|Torkoal, L50, F|\n|poke|p2|Camerupt, L50, F|\n|poke|p2|Farigiraf, L50, M|\n|poke|p2|Dragonite, L50, M|\n|poke|p2|Incineroar, L50, M|\n|poke|p2|Oranguru, L50, M|\n|teampreview|4\nSnail Fan rejected open team sheets.\n|\n|t:|1776146463\n|teamsize|p1|4\n|teamsize|p2|4\n|start\n|switch|p1a: Tyranitar|Tyranitar, L50, F, shiny|100/100\n|switch|p1b: Sandaconda|Sandaconda, L50, F, shiny|100/100\n|switch|p2a: Farigiraf|Farigiraf, L50, M|100/100\n|switch|p2b: Camerupt|Camerupt, L50, F|100/100\n|-weather|Sandstorm|[from] ability: Sand Stream|[of] p1a: Tyranitar\n|turn|1\n|\n|t:|1776146479\n|switch|p2a: Incineroar|Incineroar, L50, M|100/100\n|-ability|p2a: Incineroar|Intimidate|boost\n|-unboost|p1a: Tyranitar|atk|1\n|-unboost|p1b: Sandaconda|atk|1\n|detailschange|p2b: Camerupt|Camerupt-Mega, L50, F\n|-mega|p2b: Camerupt|Camerupt|Cameruptite\n|move|p1b: Sandaconda|Minimize|p1b: Sandaconda\n|-boost|p1b: Sandaconda|evasion|2\n|move|p1a: Tyranitar|Rock Slide|p2b: Camerupt|[spread] p2a,p2b\n|-supereffective|p2a: Incineroar|1\n|-crit|p2a: Incineroar\n|-damage|p2a: Incineroar|34/100\n|-damage|p2b: Camerupt|83/100\n|-enditem|p2a: Incineroar|Sitrus Berry|[eat]\n|-heal|p2a: Incineroar|59/100|[from] item: Sitrus Berry\n|move|p2b: Camerupt|Earth Power|p1a: Tyranitar\n|-supereffective|p1a: Tyranitar|1\n|-damage|p1a: Tyranitar|42/100\n|\n|-weather|Sandstorm|[upkeep]\n|-damage|p2a: Incineroar|53/100|[from] Sandstorm\n|upkeep\n|turn|2\n|\n|t:|1776146501\n|switch|p1a: Sneasler|Sneasler, L50, F, shiny|100/100\n|move|p2a: Incineroar|Fake Out|p1b: Sandaconda\n|-damage|p1b: Sandaconda|92/100\n|cant|p1b: Sandaconda|flinch\n|move|p2b: Camerupt|Earth Power|p1a: Sneasler\n|-supereffective|p1a: Sneasler|1\n|-damage|p1a: Sneasler|0 fnt\n|faint|p1a: Sneasler\n|\n|-weather|Sandstorm|[upkeep]\n|-damage|p2a: Incineroar|47/100|[from] Sandstorm\n|-heal|p1b: Sandaconda|98/100|[from] item: Leftovers\n|upkeep\n|\n|t:|1776146516\n|switch|p1a: Sinistcha|Sinistcha, L50, shiny|100/100\n|-heal|p1b: Sandaconda|100/100|[from] ability: Hospitality|[of] p1a: Sinistcha\n|turn|3\n|\n|t:|1776146530\n|switch|p2a: Torkoal|Torkoal, L50, F|100/100\n|-weather|SunnyDay|[from] ability: Drought|[of] p2a: Torkoal\n|move|p1a: Sinistcha|Rage Powder|p1a: Sinistcha\n|-singleturn|p1a: Sinistcha|move: Rage Powder\n|move|p1b: Sandaconda|Minimize|p1b: Sandaconda\n|-boost|p1b: Sandaconda|evasion|2\n|move|p2b: Camerupt|Heat Wave|p1a: Sinistcha|[spread] p1a\n|-miss|p2b: Camerupt|p1b: Sandaconda\n|-supereffective|p1a: Sinistcha|1\n|-enditem|p1a: Sinistcha|Occa Berry|[eat]\n|-enditem|p1a: Sinistcha|Occa Berry|[weaken]\n|-damage|p1a: Sinistcha|6/100\n|\n|-weather|SunnyDay|[upkeep]\n|upkeep\n|turn|4\n|\n|t:|1776146548\n|switch|p1a: Tyranitar|Tyranitar, L50, F, shiny|42/100\n|-weather|Sandstorm|[from] ability: Sand Stream|[of] p1a: Tyranitar\n|switch|p2a: Incineroar|Incineroar, L50, M|47/100\n|-ability|p2a: Incineroar|Intimidate|boost\n|-unboost|p1a: Tyranitar|atk|1\n|-unboost|p1b: Sandaconda|atk|1\n|move|p1b: Sandaconda|Minimize|p1b: Sandaconda\n|-boost|p1b: Sandaconda|evasion|2\n|move|p2b: Camerupt|Heat Wave|p1a: Tyranitar|[spread] p1a\n|-miss|p2b: Camerupt|p1b: Sandaconda\n|-resisted|p1a: Tyranitar|1\n|-damage|p1a: Tyranitar|29/100\n|\n|-weather|Sandstorm|[upkeep]\n|-damage|p2a: Incineroar|41/100|[from] Sandstorm\n|upkeep\n|turn|5\n|\n|t:|1776146566\n|move|p1a: Tyranitar|Protect|p1a: Tyranitar\n|-singleturn|p1a: Tyranitar|Protect\n|move|p2a: Incineroar|Fake Out|p1a: Tyranitar\n|-activate|p1a: Tyranitar|move: Protect\n|move|p1b: Sandaconda|Coil|p1b: Sandaconda\n|-boost|p1b: Sandaconda|atk|1\n|-boost|p1b: Sandaconda|def|1\n|-boost|p1b: Sandaconda|accuracy|1\n|move|p2b: Camerupt|Earth Power|p1a: Tyranitar\n|-activate|p1a: Tyranitar|move: Protect\n|\n|-weather|Sandstorm|[upkeep]\n|-damage|p2a: Incineroar|35/100|[from] Sandstorm\n|upkeep\n|turn|6\n|\n|t:|1776146578\n|move|p1b: Sandaconda|Coil|p1b: Sandaconda\n|-boost|p1b: Sandaconda|atk|1\n|-boost|p1b: Sandaconda|def|1\n|-boost|p1b: Sandaconda|accuracy|1\n|move|p1a: Tyranitar|Rock Slide|p2b: Camerupt|[spread] p2a,p2b\n|-supereffective|p2a: Incineroar|1\n|-damage|p2a: Incineroar|5/100\n|-damage|p2b: Camerupt|67/100\n|move|p2a: Incineroar|Will-O-Wisp|p1b: Sandaconda|[miss]\n|-miss|p2a: Incineroar|p1b: Sandaconda\n|cant|p2b: Camerupt|flinch\n|\n|-weather|Sandstorm|[upkeep]\n|-damage|p2a: Incineroar|0 fnt|[from] Sandstorm\n|faint|p2a: Incineroar\n|upkeep\n|\n|t:|1776146593\n|switch|p2a: Torkoal|Torkoal, L50, F|100/100\n|-weather|SunnyDay|[from] ability: Drought|[of] p2a: Torkoal\n|turn|7\n|\n|t:|1776146608\n|switch|p1a: Sinistcha|Sinistcha, L50, shiny|6/100\n|switch|p2a: Farigiraf|Farigiraf, L50, M|100/100\n|move|p1b: Sandaconda|Rock Slide|p2a: Farigiraf|[spread] p2a,p2b\n|-damage|p2a: Farigiraf|89/100\n|-damage|p2b: Camerupt|52/100\n|move|p2b: Camerupt|Earth Power|p1a: Sinistcha\n|-resisted|p1a: Sinistcha|1\n|-damage|p1a: Sinistcha|0 fnt\n|faint|p1a: Sinistcha\n|\n|-weather|SunnyDay|[upkeep]\n|upkeep\n|\n|t:|1776146618\n|switch|p1a: Tyranitar|Tyranitar, L50, F, shiny|29/100\n|-weather|Sandstorm|[from] ability: Sand Stream|[of] p1a: Tyranitar\n|turn|8\n|\n|t:|1776146631\n|switch|p2a: Torkoal|Torkoal, L50, F|100/100\n|-weather|SunnyDay|[from] ability: Drought|[of] p2a: Torkoal\n|move|p1b: Sandaconda|Coil|p1b: Sandaconda\n|-boost|p1b: Sandaconda|atk|1\n|-boost|p1b: Sandaconda|def|1\n|-boost|p1b: Sandaconda|accuracy|1\n|move|p1a: Tyranitar|Rock Slide|p2a: Torkoal|[spread] p2a,p2b\n|-supereffective|p2a: Torkoal|1\n|-damage|p2a: Torkoal|63/100\n|-damage|p2b: Camerupt|28/100\n|move|p2b: Camerupt|Earth Power|p1a: Tyranitar\n|-supereffective|p1a: Tyranitar|1\n|-damage|p1a: Tyranitar|0 fnt\n|faint|p1a: Tyranitar\n|\n|-weather|SunnyDay|[upkeep]\n|upkeep\n|turn|9\n|\n|t:|1776146654\n|move|p1b: Sandaconda|Rock Slide|p2a: Torkoal|[spread] p2a,p2b\n|-supereffective|p2a: Torkoal|1\n|-damage|p2a: Torkoal|30/100\n|-damage|p2b: Camerupt|5/100\n|move|p2b: Camerupt|Earth Power|p1b: Sandaconda|[miss]\n|-miss|p2b: Camerupt|p1b: Sandaconda\n|move|p2a: Torkoal|Overheat|p1b: Sandaconda|[miss]\n|-miss|p2a: Torkoal|p1b: Sandaconda\n|\n|-weather|SunnyDay|[upkeep]\n|upkeep\n|turn|10\n|\n|t:|1776146672\n|move|p1b: Sandaconda|Rock Slide|p2a: Torkoal|[spread] p2a,p2b\n|-supereffective|p2a: Torkoal|1\n|-damage|p2a: Torkoal|0 fnt\n|-damage|p2b: Camerupt|0 fnt\n|faint|p2a: Torkoal\n|faint|p2b: Camerupt\n|\n|-weather|SunnyDay|[upkeep]\n|upkeep\n|\n|t:|1776146676\n|switch|p2b: Farigiraf|Farigiraf, L50, M|89/100\n|turn|11\n|\n|t:|1776146683\n|move|p1b: Sandaconda|Glare|p2b: Farigiraf\n|-status|p2b: Farigiraf|par\n|cant|p2b: Farigiraf|par\n|\n|-weather|SunnyDay|[upkeep]\n|upkeep\n|turn|12\n|\n|t:|1776146690\n|move|p1b: Sandaconda|Rock Slide|p2b: Farigiraf\n|-damage|p2b: Farigiraf|67/100 par\n|cant|p2b: Farigiraf|flinch\n|\n|-weather|none\n|upkeep\n|turn|13\n|\n|t:|1776146696\n|move|p1b: Sandaconda|Rock Slide|p2b: Farigiraf\n|-damage|p2b: Farigiraf|42/100 par\n|move|p2b: Farigiraf|Psychic|p1b: Sandaconda|[miss]\n|-miss|p2b: Farigiraf|p1b: Sandaconda\n|\n|upkeep\n|turn|14\n|\n|t:|1776146702\n|move|p1b: Sandaconda|Rock Slide|p2b: Farigiraf\n|-damage|p2b: Farigiraf|19/100 par\n|cant|p2b: Farigiraf|flinch\n|\n|upkeep\n|turn|15\n|-message|yulleyt forfeited.\n|\n|win|Snail Fan\n|raw|Snail Fan's rating: 1125 &rarr; <strong>1152</strong><br />(+27 for winning)\n|raw|yulleyt's rating: 1158 &rarr; <strong>1131</strong><br />(-27 for losing)\n|l|\u2606yulleyt\n|player|p2|\n",
  "uploadtime": 1776146711,
  "views": 22,
  "formatid": "gen9championsvgc2026regma",
  "rating": 1131,
  "private": 0,
  "password": null
}