{
  "id": "gen9championsvgc2026regma-2585761509",
  "format": "[Gen 9 Champions] VGC 2026 Reg M-A",
  "players": [
    "Hggjffrgd",
    "mo3az"
  ],
  "log": "|j|\u2606Hggjffrgd\n|j|\u2606mo3az\n|t:|1776368780\n|gametype|doubles\n|player|p1|Hggjffrgd|169|1041\n|player|p2|mo3az|hilbert-wonderlauncher|1137\n|gen|9\n|tier|[Gen 9 Champions] VGC 2026 Reg M-A\n|rated|\n|rule|Species Clause: Limit one of each Pok\u00e9mon\n|rule|Item Clause: Limit 1 of each item\n|clearpoke\n|poke|p1|Lopunny, L50, F|\n|poke|p1|Talonflame, L50, F|\n|poke|p1|Archaludon, L50, F|\n|poke|p1|Dragapult, L50, M|\n|poke|p1|Azumarill, L50, F|\n|poke|p1|Glimmora, L50, F|\n|poke|p2|Chesnaught, L50, M|\n|poke|p2|Primarina, L50, M|\n|poke|p2|Chandelure, L50, F|\n|poke|p2|Tyranitar, L50, F|\n|poke|p2|Garchomp, L50, M|\n|poke|p2|Farigiraf, L50, M|\n|teampreview|4\n|inactive|Battle timer is ON: inactive players will automatically lose when time's up. (requested by mo3az)\n|inactive|mo3az has 60 seconds left.\n|\n|t:|1776368828\n|teamsize|p1|4\n|teamsize|p2|4\n|start\n|switch|p1a: Talonflame|Talonflame, L50, F|100/100\n|switch|p1b: Glimmora|Glimmora, L50, F|100/100\n|switch|p2a: Chesnaught|Chesnaught, L50, M|100/100\n|switch|p2b: Farigiraf|Farigiraf, L50, M|100/100\n|turn|1\n|\n|t:|1776368846\n|detailschange|p2a: Chesnaught|Chesnaught-Mega, L50, M\n|-mega|p2a: Chesnaught|Chesnaught|Chesnaughtite\n|move|p1b: Glimmora|Spiky Shield|p1b: Glimmora\n|-singleturn|p1b: Glimmora|move: Protect\n|move|p2a: Chesnaught|Spiky Shield|p2a: Chesnaught\n|-singleturn|p2a: Chesnaught|move: Protect\n|move|p1a: Talonflame|Taunt|p2b: Farigiraf\n|-start|p2b: Farigiraf|move: Taunt\n|cant|p2b: Farigiraf|move: Taunt|Trick Room\n|\n|upkeep\n|turn|2\n|inactive|Hggjffrgd has 30 seconds left.\n|inactive|mo3az has 30 seconds left.\n|\n|t:|1776368882\n|detailschange|p1b: Glimmora|Glimmora-Mega, L50, F\n|-mega|p1b: Glimmora|Glimmora|Glimmoranite\n|move|p2a: Chesnaught|Spiky Shield|p2a: Chesnaught\n|-singleturn|p2a: Chesnaught|move: Protect\n|move|p1a: Talonflame|Brave Bird||[still]\n|cant|p2b: Farigiraf|ability: Armor Tail|Brave Bird|[of] p1a: Talonflame\n|move|p1b: Glimmora|Power Gem|p2b: Farigiraf\n|-damage|p2b: Farigiraf|31/100\n|move|p2b: Farigiraf|Hyper Voice|p1b: Glimmora|[spread] p1a,p1b\n|-resisted|p1b: Glimmora|1\n|-damage|p1a: Talonflame|46/100\n|-damage|p1b: Glimmora|82/100\n|\n|upkeep\n|turn|3\n|\n|t:|1776368901\n|move|p1a: Talonflame|Brave Bird|p2a: Chesnaught\n|-supereffective|p2a: Chesnaught|2\n|-damage|p2a: Chesnaught|0 fnt\n|faint|p2a: Chesnaught\n|-damage|p1a: Talonflame|11/100|[from] Recoil\n|move|p1b: Glimmora|Sludge Wave|p2b: Farigiraf|[spread] p1a,p2b\n|-damage|p1a: Talonflame|0 fnt\n|-damage|p2b: Farigiraf|0 fnt\n|faint|p1a: Talonflame\n|faint|p2b: Farigiraf\n|\n|upkeep\n|\n|t:|1776368915\n|switch|p1a: Dragapult|Dragapult, L50, M|100/100\n|switch|p2b: Garchomp|Garchomp, L50, M|100/100\n|switch|p2a: Chandelure|Chandelure, L50, F|100/100\n|turn|4\n|\n|t:|1776368935\n|move|p1a: Dragapult|Dragon Darts|p2a: Chandelure\n|-damage|p2a: Chandelure|75/100\n|-anim|p1a: Dragapult|Dragon Darts|p2b: Garchomp\n|-supereffective|p2b: Garchomp|1\n|-damage|p2b: Garchomp|59/100\n|move|p1b: Glimmora|Power Gem|p2b: Garchomp\n|-resisted|p2b: Garchomp|1\n|-damage|p2b: Garchomp|25/100\n|move|p2b: Garchomp|Dragon Claw|p1a: Dragapult\n|-supereffective|p1a: Dragapult|1\n|-damage|p1a: Dragapult|0 fnt\n|faint|p1a: Dragapult\n|move|p2a: Chandelure|Trick Room|p2a: Chandelure\n|-fieldstart|move: Trick Room|[of] p2a: Chandelure\n|\n|upkeep\n|\n|t:|1776368950\n|switch|p1a: Archaludon|Archaludon, L50, F|100/100\n|turn|5\n|inactive|Hggjffrgd has 30 seconds left.\n|\n|t:|1776368985\n|move|p2a: Chandelure|Heat Wave|p1a: Archaludon|[spread] p1a,p1b\n|-resisted|p1b: Glimmora|1\n|-damage|p1a: Archaludon|44/100\n|-damage|p1b: Glimmora|57/100\n|move|p2b: Garchomp|Dragon Claw|p1b: Glimmora\n|-damage|p1b: Glimmora|8/100\n|move|p1a: Archaludon|Flash Cannon|p2a: Chandelure\n|-resisted|p2a: Chandelure|1\n|-damage|p2a: Chandelure|51/100\n|move|p1b: Glimmora|Sludge Wave|p2a: Chandelure|[spread] p2a,p2b\n|-immune|p1a: Archaludon\n|-resisted|p2a: Chandelure|1\n|-resisted|p2b: Garchomp|1\n|-damage|p2a: Chandelure|14/100\n|-damage|p2b: Garchomp|0 fnt\n|faint|p2b: Garchomp\n|\n|-heal|p1a: Archaludon|50/100|[from] item: Leftovers\n|upkeep\n|turn|6\n|\n|t:|1776369008\n|move|p1a: Archaludon|Protect|p1a: Archaludon\n|-singleturn|p1a: Archaludon|Protect\n|move|p1b: Glimmora|Spiky Shield|p1b: Glimmora\n|-singleturn|p1b: Glimmora|move: Protect\n|move|p2a: Chandelure|Heat Wave|p1a: Archaludon|[spread] \n|-activate|p1a: Archaludon|move: Protect\n|-activate|p1b: Glimmora|move: Protect\n|\n|-heal|p1a: Archaludon|56/100|[from] item: Leftovers\n|upkeep\n|turn|7\n|\n|t:|1776369022\n|move|p2a: Chandelure|Heat Wave|p1b: Glimmora|[spread] p1a,p1b\n|-resisted|p1b: Glimmora|1\n|-damage|p1a: Archaludon|0 fnt\n|-damage|p1b: Glimmora|0 fnt\n|faint|p1a: Archaludon\n|faint|p1b: Glimmora\n|\n|win|mo3az\n|raw|Hggjffrgd's rating: 1041 &rarr; <strong>1029</strong><br />(-12 for losing)\n|raw|mo3az's rating: 1137 &rarr; <strong>1155</strong><br />(+18 for winning)\n|l|\u2606Hggjffrgd\n|player|p1|\n",
  "uploadtime": 1776369030,
  "views": 20,
  "formatid": "gen9championsvgc2026regma",
  "rating": 1029,
  "private": 0,
  "password": null
}