{
  "id": "gen9championsvgc2026regma-2586562740",
  "format": "[Gen 9 Champions] VGC 2026 Reg M-A",
  "players": [
    "byableorange4",
    "dmg5146"
  ],
  "log": "|j|\u2606byableorange4\n|j|\u2606dmg5146\n|t:|1776443239\n|gametype|doubles\n|player|p1|byableorange4|n|1215\n|player|p2|dmg5146|hugh|1194\n|gen|9\n|tier|[Gen 9 Champions] VGC 2026 Reg M-A\n|rated|\n|rule|Species Clause: Limit one of each Pok\u00e9mon\n|rule|Item Clause: Limit 1 of each item\n|clearpoke\n|poke|p1|Camerupt, L50, M|\n|poke|p1|Sinistcha, L50|\n|poke|p1|Incineroar, L50, M|\n|poke|p1|Farigiraf, L50, F|\n|poke|p1|Kingambit, L50, F|\n|poke|p1|Dragonite, L50, F|\n|poke|p2|Starmie, L50|\n|poke|p2|Incineroar, L50, F|\n|poke|p2|Sylveon, L50, F|\n|poke|p2|Sneasler, L50, F|\n|poke|p2|Kingambit, L50, M|\n|poke|p2|Sinistcha, L50|\n|teampreview|4\n|inactive|Battle timer is ON: inactive players will automatically lose when time's up. (requested by byableorange4)\n|inactive|byableorange4 has 60 seconds left.\n|inactive|dmg5146 has 60 seconds left.\n|\n|t:|1776443293\n|teamsize|p1|4\n|teamsize|p2|4\n|start\n|switch|p1a: Camerupt|Camerupt, L50, M|100/100\n|switch|p1b: Farigiraf|Farigiraf, L50, F|100/100\n|switch|p2a: Chai Tea?!|Sinistcha, L50|100/100\n|switch|p2b: Blessyousler|Sneasler, L50, F|100/100\n|turn|1\n|inactive|byableorange4 has 30 seconds left.\n|inactive|byableorange4 has 20 seconds left.\n|inactive|byableorange4 has 15 seconds left.\n|\n|t:|1776443335\n|switch|p1a: Incineroar|Incineroar, L50, M|100/100\n|-ability|p1a: Incineroar|Intimidate|boost\n|-unboost|p2a: Chai Tea?!|atk|1\n|-unboost|p2b: Blessyousler|atk|1\n|move|p2b: Blessyousler|Close Combat|p1a: Incineroar\n|-supereffective|p1a: Incineroar|1\n|-damage|p1a: Incineroar|23/100\n|-unboost|p2b: Blessyousler|def|1\n|-unboost|p2b: Blessyousler|spd|1\n|move|p1b: Farigiraf|Psyshock|p2b: Blessyousler\n|-supereffective|p2b: Blessyousler|2\n|-enditem|p2b: Blessyousler|Focus Sash\n|-damage|p2b: Blessyousler|1/100\n|move|p2a: Chai Tea?!|Trick Room|p2a: Chai Tea?!\n|-fieldstart|move: Trick Room|[of] p2a: Chai Tea?!\n|\n|upkeep\n|turn|2\n|inactive|byableorange4 has 30 seconds left.\n|inactive|byableorange4 has 20 seconds left.\n|inactive|byableorange4 has 15 seconds left.\n|inactive|byableorange4 has 10 seconds left.\n|\n|t:|1776443380\n|switch|p2b: Starman Jr.|Starmie, L50, shiny|100/100\n|move|p1b: Farigiraf|Psyshock|p2b: Starman Jr.\n|-resisted|p2b: Starman Jr.|1\n|-damage|p2b: Starman Jr.|70/100\n|move|p1a: Incineroar|Darkest Lariat|p2a: Chai Tea?!\n|-supereffective|p2a: Chai Tea?!|1\n|-damage|p2a: Chai Tea?!|42/100\n|move|p2a: Chai Tea?!|Trick Room|p2a: Chai Tea?!\n|-fieldend|move: Trick Room\n|\n|-heal|p2a: Chai Tea?!|48/100|[from] item: Leftovers\n|upkeep\n|turn|3\n|inactive|byableorange4 has 30 seconds left.\n|\n|t:|1776443411\n|switch|p1a: Sinistcha|Sinistcha, L50|100/100\n|detailschange|p2b: Starman Jr.|Starmie-Mega, L50, shiny\n|-mega|p2b: Starman Jr.|Starmie|Starminite\n|move|p2b: Starman Jr.|Liquidation|p1a: Sinistcha\n|-resisted|p1a: Sinistcha|1\n|-damage|p1a: Sinistcha|68/100\n|move|p2a: Chai Tea?!|Matcha Gotcha|p1b: Farigiraf|[spread] p1b\n|-miss|p2a: Chai Tea?!|p1a: Sinistcha\n|-damage|p1b: Farigiraf|74/100\n|-heal|p2a: Chai Tea?!|65/100|[from] drain|[of] p1b: Farigiraf\n|-status|p1b: Farigiraf|brn\n|move|p1b: Farigiraf|Trick Room|p1b: Farigiraf\n|-fieldstart|move: Trick Room|[of] p1b: Farigiraf\n|\n|-heal|p2a: Chai Tea?!|72/100|[from] item: Leftovers\n|-damage|p1b: Farigiraf|67/100 brn|[from] brn\n|upkeep\n|turn|4\n|inactive|byableorange4 has 30 seconds left.\n|inactive|byableorange4 has 20 seconds left.\n|\n|t:|1776443451\n|switch|p1b: Camerupt|Camerupt, L50, M|100/100\n|switch|p2b: Checkmate|Kingambit, L50, M, shiny|100/100\n|move|p1a: Sinistcha|Leaf Storm|p2b: Checkmate\n|-resisted|p2b: Checkmate|1\n|-damage|p2b: Checkmate|72/100\n|-unboost|p1a: Sinistcha|spa|2\n|move|p2a: Chai Tea?!|Shadow Ball|p1a: Sinistcha\n|-supereffective|p1a: Sinistcha|1\n|-damage|p1a: Sinistcha|0 fnt\n|faint|p1a: Sinistcha\n|\n|-heal|p2a: Chai Tea?!|78/100|[from] item: Leftovers\n|upkeep\n|\n|t:|1776443466\n|switch|p1a: Farigiraf|Farigiraf, L50, F|67/100 brn\n|turn|5\n|inactive|byableorange4 has 30 seconds left.\n|\n|t:|1776443494\n|switch|p2a: Blessyousler|Sneasler, L50, F|1/100\n|detailschange|p1b: Camerupt|Camerupt-Mega, L50, M\n|-mega|p1b: Camerupt|Camerupt|Cameruptite\n|move|p2b: Checkmate|Protect|p2b: Checkmate\n|-singleturn|p2b: Checkmate|Protect\n|move|p1b: Camerupt|Heat Wave|p2b: Checkmate|[spread] p2a\n|-activate|p2b: Checkmate|move: Protect\n|-damage|p2a: Blessyousler|0 fnt\n|faint|p2a: Blessyousler\n|move|p1a: Farigiraf|Psyshock|p2b: Checkmate\n|-activate|p2b: Checkmate|move: Protect\n|\n|-damage|p1a: Farigiraf|61/100 brn|[from] brn\n|upkeep\n|\n|t:|1776443507\n|switch|p2a: Starman Jr.|Starmie-Mega, L50, shiny|70/100\n|turn|6\n|inactive|byableorange4 has 30 seconds left.\n|inactive|byableorange4 has 20 seconds left.\n|inactive|byableorange4 has 15 seconds left.\n|inactive|byableorange4 has 10 seconds left.\n|\n|t:|1776443553\n|switch|p2b: Chai Tea?!|Sinistcha, L50|78/100\n|-heal|p2a: Starman Jr.|95/100|[from] ability: Hospitality|[of] p2b: Chai Tea?!\n|switch|p1a: Incineroar|Incineroar, L50, M|23/100\n|-ability|p1a: Incineroar|Intimidate|boost\n|-unboost|p2a: Starman Jr.|atk|1\n|-unboost|p2b: Chai Tea?!|atk|1\n|move|p2a: Starman Jr.|Protect|p2a: Starman Jr.\n|-singleturn|p2a: Starman Jr.|Protect\n|move|p1b: Camerupt|Earth Power|p2b: Chai Tea?!\n|-resisted|p2b: Chai Tea?!|1\n|-damage|p2b: Chai Tea?!|45/100\n|\n|-heal|p2b: Chai Tea?!|51/100|[from] item: Leftovers\n|upkeep\n|turn|7\n|\n|t:|1776443578\n|switch|p2a: Checkmate|Kingambit, L50, M, shiny|72/100\n|move|p1a: Incineroar|Fake Out|p2a: Checkmate\n|-resisted|p2a: Checkmate|1\n|-damage|p2a: Checkmate|68/100\n|move|p2b: Chai Tea?!|Rage Powder|p2b: Chai Tea?!\n|-singleturn|p2b: Chai Tea?!|move: Rage Powder\n|move|p1b: Camerupt|Heat Wave|p2a: Checkmate|[spread] p2a,p2b\n|-supereffective|p2a: Checkmate|1\n|-supereffective|p2b: Chai Tea?!|1\n|-damage|p2a: Checkmate|0 fnt\n|-damage|p2b: Chai Tea?!|0 fnt\n|faint|p2a: Checkmate\n|faint|p2b: Chai Tea?!\n|\n|-fieldend|move: Trick Room\n|upkeep\n|\n|t:|1776443582\n|switch|p2b: Starman Jr.|Starmie-Mega, L50, shiny|95/100\n|turn|8\n|inactive|byableorange4 has 30 seconds left.\n|inactive|dmg5146 has 30 seconds left.\n|\n|t:|1776443617\n|switch|p1a: Farigiraf|Farigiraf, L50, F|61/100 brn\n|move|p1b: Camerupt|Protect|p1b: Camerupt\n|-singleturn|p1b: Camerupt|Protect\n|move|p2b: Starman Jr.|Liquidation|p1b: Camerupt\n|-activate|p1b: Camerupt|move: Protect\n|\n|-damage|p1a: Farigiraf|55/100 brn|[from] brn\n|upkeep\n|turn|9\n|inactive|byableorange4 has 30 seconds left.\n|inactive|byableorange4 has 20 seconds left.\n|inactive|byableorange4 has 15 seconds left.\n|inactive|byableorange4 has 10 seconds left.\n|inactive|byableorange4 has 5 seconds left.\n|\n|t:|1776443670\n|move|p2b: Starman Jr.|Liquidation|p1a: Farigiraf\n|-damage|p1a: Farigiraf|0 fnt\n|faint|p1a: Farigiraf\n|move|p1b: Camerupt|Earth Power|p2b: Starman Jr.\n|-damage|p2b: Starman Jr.|10/100\n|\n|upkeep\n|\n|t:|1776443675\n|switch|p1a: Incineroar|Incineroar, L50, M|23/100\n|-ability|p1a: Incineroar|Intimidate|boost\n|-unboost|p2b: Starman Jr.|atk|1\n|turn|10\n|\n|t:|1776443684\n|move|p2b: Starman Jr.|Protect|p2b: Starman Jr.\n|-singleturn|p2b: Starman Jr.|Protect\n|move|p1a: Incineroar|Fake Out|p2b: Starman Jr.\n|-activate|p2b: Starman Jr.|move: Protect\n|move|p1b: Camerupt|Earth Power|p2b: Starman Jr.\n|-activate|p2b: Starman Jr.|move: Protect\n|\n|upkeep\n|turn|11\n|\n|t:|1776443688\n|move|p2b: Starman Jr.|Liquidation|p1b: Camerupt\n|-supereffective|p1b: Camerupt|2\n|-damage|p1b: Camerupt|0 fnt\n|faint|p1b: Camerupt\n|move|p1a: Incineroar|Darkest Lariat|p2b: Starman Jr.\n|-supereffective|p2b: Starman Jr.|1\n|-damage|p2b: Starman Jr.|0 fnt\n|faint|p2b: Starman Jr.\n|\n|win|byableorange4\n|raw|byableorange4's rating: 1215 &rarr; <strong>1238</strong><br />(+23 for winning)\n|raw|dmg5146's rating: 1194 &rarr; <strong>1171</strong><br />(-23 for losing)\n|l|\u2606dmg5146\n|player|p2|\n",
  "uploadtime": 1776443826,
  "views": 23,
  "formatid": "gen9championsvgc2026regma",
  "rating": 1171,
  "private": 0,
  "password": null
}