{
  "id": "gen9championsvgc2026regma-2585810983",
  "format": "[Gen 9 Champions] VGC 2026 Reg M-A",
  "players": [
    "aplapl",
    "Future Alice haver"
  ],
  "log": "|j|\u2606aplapl\n|j|\u2606Future Alice haver\n|t:|1776372340\n|gametype|doubles\n|player|p1|aplapl|1|1177\n|player|p2|Future Alice haver|kimonogirl|1227\n|gen|9\n|tier|[Gen 9 Champions] VGC 2026 Reg M-A\n|rated|\n|rule|Species Clause: Limit one of each Pok\u00e9mon\n|rule|Item Clause: Limit 1 of each item\n|clearpoke\n|poke|p1|Tinkaton, L50, F|\n|poke|p1|Araquanid, L50, M|\n|poke|p1|Vaporeon, L50, F|\n|poke|p1|Pelipper, L50, F|\n|poke|p1|Serperior, L50, F|\n|poke|p1|Greninja-*, L50, F|\n|poke|p2|Charizard, L50, M|\n|poke|p2|Venusaur, L50, F|\n|poke|p2|Orthworm, L50, M|\n|poke|p2|Garchomp, L50, F|\n|poke|p2|Maushold, L50|\n|poke|p2|Milotic, L50, M|\n|teampreview|4\n|inactive|Battle timer is ON: inactive players will automatically lose when time's up. (requested by aplapl)\n|inactive|Future Alice haver also wants the timer to be on.\n|inactive|aplapl has 60 seconds left.\n|inactive|Future Alice haver has 60 seconds left.\n|inactive|aplapl has 30 seconds left.\n|inactive|aplapl has 20 seconds left.\n|inactive|aplapl has 15 seconds left.\n|inactive|aplapl has 10 seconds left.\n|inactive|aplapl has 5 seconds left.\n|\n|t:|1776372435\n|teamsize|p1|4\n|teamsize|p2|4\n|start\n|switch|p1a: Tinkaton|Tinkaton, L50, F|100/100\n|switch|p1b: Araquanid|Araquanid, L50, M|100/100\n|switch|p2a: Charizard|Charizard, L50, M|100/100\n|switch|p2b: Venusaur|Venusaur, L50, F|100/100\n|-ability|p1a: Tinkaton|Mold Breaker\n|turn|1\n|inactive|aplapl has 30 seconds left.\n|inactive|aplapl has 20 seconds left.\n|inactive|aplapl has 15 seconds left.\n|inactive|aplapl has 10 seconds left.\n|inactive|aplapl has 5 seconds left.\n|\n|t:|1776372490\n|move|p2a: Charizard|Protect|p2a: Charizard\n|-singleturn|p2a: Charizard|Protect\n|move|p2b: Venusaur|Protect|p2b: Venusaur\n|-singleturn|p2b: Venusaur|Protect\n|move|p1a: Tinkaton|Fake Out|p2a: Charizard\n|-activate|p2a: Charizard|move: Protect\n|move|p1b: Araquanid|Liquidation|p2a: Charizard\n|-activate|p2a: Charizard|move: Protect\n|\n|upkeep\n|turn|2\n|inactive|Future Alice haver has 30 seconds left.\n|\n|t:|1776372519\n|detailschange|p2a: Charizard|Charizard-Mega-Y, L50, M\n|-mega|p2a: Charizard|Charizard|Charizardite Y\n|-weather|SunnyDay|[from] ability: Drought|[of] p2a: Charizard\n|move|p1b: Araquanid|Wide Guard|p1b: Araquanid\n|-singleturn|p1b: Araquanid|Wide Guard\n|move|p2b: Venusaur|Solar Beam||[still]\n|-prepare|p2b: Venusaur|Solar Beam\n|-anim|p2b: Venusaur|Solar Beam|p1b: Araquanid\n|-damage|p1b: Araquanid|56/100\n|move|p1a: Tinkaton|Gigaton Hammer|p2b: Venusaur\n|-damage|p2b: Venusaur|22/100\n|move|p2a: Charizard|Heat Wave|p1b: Araquanid|[spread] \n|-activate|p1a: Tinkaton|move: Wide Guard\n|-activate|p1b: Araquanid|move: Wide Guard\n|\n|-weather|SunnyDay|[upkeep]\n|-heal|p2b: Venusaur|28/100|[from] item: Leftovers\n|upkeep\n|turn|3\n|inactive|aplapl has 30 seconds left.\n|inactive|aplapl has 20 seconds left.\n|inactive|aplapl has 15 seconds left.\n|inactive|aplapl has 10 seconds left.\n|inactive|aplapl has 5 seconds left.\n|\n|t:|1776372572\n|switch|p1a: Pelipper|Pelipper, L50, F|100/100\n|-weather|RainDance|[from] ability: Drizzle|[of] p1a: Pelipper\n|move|p2a: Charizard|Overheat|p1a: Pelipper\n|-resisted|p1a: Pelipper|1\n|-damage|p1a: Pelipper|74/100\n|-unboost|p2a: Charizard|spa|2\n|move|p2b: Venusaur|Solar Beam||[still]\n|-prepare|p2b: Venusaur|Solar Beam\n|move|p1b: Araquanid|Liquidation|p2a: Charizard\n|-supereffective|p2a: Charizard|1\n|-damage|p2a: Charizard|0 fnt\n|faint|p2a: Charizard\n|\n|-weather|RainDance|[upkeep]\n|-heal|p2b: Venusaur|34/100|[from] item: Leftovers\n|-heal|p1a: Pelipper|80/100|[from] item: Leftovers\n|upkeep\n|\n|t:|1776372587\n|switch|p2a: Garchomp|Garchomp, L50, F|100/100\n|turn|4\n|\n|t:|1776372609\n|switch|p1b: Tinkaton|Tinkaton, L50, F|100/100\n|-ability|p1b: Tinkaton|Mold Breaker\n|move|p2a: Garchomp|Stone Edge|p1a: Pelipper\n|-supereffective|p1a: Pelipper|1\n|-damage|p1a: Pelipper|21/100\n|move|p2b: Venusaur|Solar Beam|p1b: Tinkaton|[from] lockedmove\n|-resisted|p1b: Tinkaton|1\n|-damage|p1b: Tinkaton|84/100\n|move|p1a: Pelipper|Tailwind|p1a: Pelipper\n|-sidestart|p1: aplapl|move: Tailwind\n|\n|-weather|RainDance|[upkeep]\n|-heal|p1a: Pelipper|27/100|[from] item: Leftovers\n|-heal|p2b: Venusaur|40/100|[from] item: Leftovers\n|upkeep\n|turn|5\n|-message|Future Alice haver forfeited.\n|\n|win|aplapl\n|raw|aplapl's rating: 1177 &rarr; <strong>1206</strong><br />(+29 for winning)\n|raw|Future Alice haver's rating: 1227 &rarr; <strong>1198</strong><br />(-29 for losing)\n",
  "uploadtime": 1776372626,
  "views": 20,
  "formatid": "gen9championsvgc2026regma",
  "rating": 1198,
  "private": 0,
  "password": null
}