{
  "id": "gen9championsvgc2026regma-2587137229",
  "format": "[Gen 9 Champions] VGC 2026 Reg M-A",
  "players": [
    "Tomzzzz",
    "PhoenicisVolatus27"
  ],
  "log": "|j|\u2606Tomzzzz\n|j|\u203dPhoenicisVolatus27\n|t:|1776498804\n|gametype|doubles\n|player|p1|Tomzzzz|102|1119\n|player|p2|PhoenicisVolatus27|265|1071\n|gen|9\n|tier|[Gen 9 Champions] VGC 2026 Reg M-A\n|rated|\n|rule|Species Clause: Limit one of each Pok\u00e9mon\n|rule|Item Clause: Limit 1 of each item\n|clearpoke\n|poke|p1|Kangaskhan, L50, F|\n|poke|p1|Tyranitar, L50, M|\n|poke|p1|Scovillain, L50, M|\n|poke|p1|Orthworm, L50, M|\n|poke|p1|Charizard, L50, M|\n|poke|p1|Aerodactyl, L50, F|\n|poke|p2|Delphox, L50, F|\n|poke|p2|Ninetales, L50, F|\n|poke|p2|Whimsicott, L50, M|\n|poke|p2|Sinistcha, L50|\n|poke|p2|Kommo-o, L50, F, shiny|\n|poke|p2|Aerodactyl, L50, M|\n|teampreview|4\n|inactive|Battle timer is ON: inactive players will automatically lose when time's up. (requested by Tomzzzz)\n|\n|t:|1776498849\n|teamsize|p1|4\n|teamsize|p2|4\n|start\n|switch|p1a: Kangaskhan|Kangaskhan, L50, F|100/100\n|switch|p1b: Scovillain|Scovillain, L50, M|100/100\n|switch|p2a: Whimsicott|Whimsicott, L50, M|100/100\n|switch|p2b: Kommo-o|Kommo-o, L50, F, shiny|100/100\n|turn|1\n|\n|t:|1776498864\n|move|p1a: Kangaskhan|Fake Out|p2a: Whimsicott\n|-damage|p2a: Whimsicott|72/100\n|cant|p2a: Whimsicott|flinch\n|move|p1b: Scovillain|Substitute|p1b: Scovillain\n|-start|p1b: Scovillain|Substitute\n|-damage|p1b: Scovillain|75/100\n|move|p2b: Kommo-o|Iron Defense|p2b: Kommo-o\n|-boost|p2b: Kommo-o|def|2\n|\n|-heal|p1b: Scovillain|81/100|[from] item: Leftovers\n|-ability|p1b: Scovillain|Moody|boost\n|-boost|p1b: Scovillain|def|2\n|-unboost|p1b: Scovillain|spe|1\n|upkeep\n|turn|2\n|\n|t:|1776498885\n|move|p2a: Whimsicott|Tailwind|p2a: Whimsicott\n|-sidestart|p2: PhoenicisVolatus27|move: Tailwind\n|move|p2b: Kommo-o|Body Press|p1a: Kangaskhan\n|-supereffective|p1a: Kangaskhan|1\n|-enditem|p1a: Kangaskhan|Chople Berry|[eat]\n|-enditem|p1a: Kangaskhan|Chople Berry|[weaken]\n|-damage|p1a: Kangaskhan|16/100\n|move|p1a: Kangaskhan|Double-Edge|p2a: Whimsicott\n|-damage|p2a: Whimsicott|0 fnt\n|faint|p2a: Whimsicott\n|-damage|p1a: Kangaskhan|0 fnt|[from] Recoil\n|faint|p1a: Kangaskhan\n|move|p1b: Scovillain|Flamethrower|p2b: Kommo-o\n|-resisted|p2b: Kommo-o|1\n|-damage|p2b: Kommo-o|84/100\n|\n|-heal|p2b: Kommo-o|90/100|[from] item: Leftovers\n|-heal|p1b: Scovillain|87/100|[from] item: Leftovers\n|-ability|p1b: Scovillain|Moody|boost\n|-boost|p1b: Scovillain|spa|2\n|-unboost|p1b: Scovillain|def|1\n|upkeep\n|\n|t:|1776498907\n|switch|p2a: Delphox|Delphox, L50, F|100/100\n|switch|p1a: Charizard|Charizard, L50, M|100/100\n|turn|3\n|inactive|PhoenicisVolatus27 has 30 seconds left.\n|inactive|PhoenicisVolatus27 has 20 seconds left.\n|\n|t:|1776498943\n|detailschange|p2a: Delphox|Delphox-Mega, L50, F\n|-mega|p2a: Delphox|Delphox|Delphoxite\n|detailschange|p1a: Charizard|Charizard-Mega-Y, L50, M\n|-mega|p1a: Charizard|Charizard|Charizardite Y\n|-weather|SunnyDay|[from] ability: Drought|[of] p1a: Charizard\n|move|p2a: Delphox|Psychic|p1a: Charizard\n|-damage|p1a: Charizard|38/100\n|move|p2b: Kommo-o|Body Press|p1a: Charizard\n|-resisted|p1a: Charizard|1\n|-damage|p1a: Charizard|0 fnt\n|faint|p1a: Charizard\n|move|p1b: Scovillain|Flamethrower|p2a: Delphox\n|-resisted|p2a: Delphox|1\n|-damage|p2a: Delphox|60/100\n|\n|-weather|SunnyDay|[upkeep]\n|-heal|p2b: Kommo-o|96/100|[from] item: Leftovers\n|-heal|p1b: Scovillain|93/100|[from] item: Leftovers\n|-ability|p1b: Scovillain|Moody|boost\n|-boost|p1b: Scovillain|spe|2\n|-unboost|p1b: Scovillain|spd|1\n|upkeep\n|\n|t:|1776498963\n|switch|p1a: Aerodactyl|Aerodactyl, L50, F|100/100\n|turn|4\n|\n|t:|1776498977\n|move|p2a: Delphox|Psychic|p1a: Aerodactyl\n|-crit|p1a: Aerodactyl\n|-damage|p1a: Aerodactyl|0 fnt\n|faint|p1a: Aerodactyl\n|move|p2b: Kommo-o|Body Press|p1b: Scovillain\n|-end|p1b: Scovillain|Substitute\n|move|p1b: Scovillain|Flamethrower|p2a: Delphox\n|-resisted|p2a: Delphox|1\n|-damage|p2a: Delphox|22/100\n|\n|-weather|SunnyDay|[upkeep]\n|-heal|p2b: Kommo-o|100/100|[from] item: Leftovers\n|-heal|p1b: Scovillain|99/100|[from] item: Leftovers\n|-ability|p1b: Scovillain|Moody|boost\n|-boost|p1b: Scovillain|atk|2\n|-unboost|p1b: Scovillain|spe|1\n|upkeep\n|turn|5\n|\n|t:|1776498997\n|move|p1b: Scovillain|Protect|p1b: Scovillain\n|-singleturn|p1b: Scovillain|Protect\n|move|p2a: Delphox|Psychic|p1b: Scovillain\n|-activate|p1b: Scovillain|move: Protect\n|move|p2b: Kommo-o|Body Press|p1b: Scovillain\n|-activate|p1b: Scovillain|move: Protect\n|\n|-weather|SunnyDay|[upkeep]\n|-heal|p1b: Scovillain|100/100|[from] item: Leftovers\n|-sideend|p2: PhoenicisVolatus27|move: Tailwind\n|-ability|p1b: Scovillain|Moody|boost\n|-boost|p1b: Scovillain|spe|2\n|-unboost|p1b: Scovillain|def|1\n|upkeep\n|turn|6\n|inactive|PhoenicisVolatus27 has 30 seconds left.\n|inactive|PhoenicisVolatus27 has 20 seconds left.\n|\n|t:|1776499032\n|switch|p2b: Sinistcha|Sinistcha, L50|100/100\n|-heal|p2a: Delphox|47/100|[from] ability: Hospitality|[of] p2b: Sinistcha\n|move|p2a: Delphox|Protect|p2a: Delphox\n|-singleturn|p2a: Delphox|Protect\n|move|p1b: Scovillain|Flamethrower|p2a: Delphox\n|-activate|p2a: Delphox|move: Protect\n|\n|-weather|SunnyDay|[upkeep]\n|-ability|p1b: Scovillain|Moody|boost\n|-boost|p1b: Scovillain|atk|2\n|-unboost|p1b: Scovillain|spe|1\n|upkeep\n|turn|7\n|\n|t:|1776499055\n|move|p1b: Scovillain|Protect|p1b: Scovillain\n|-singleturn|p1b: Scovillain|Protect\n|move|p2b: Sinistcha|Rage Powder|p2b: Sinistcha\n|-singleturn|p2b: Sinistcha|move: Rage Powder\n|move|p2a: Delphox|Psychic|p1b: Scovillain\n|-activate|p1b: Scovillain|move: Protect\n|\n|-weather|none\n|-ability|p1b: Scovillain|Moody|boost\n|-boost|p1b: Scovillain|def|2\n|-unboost|p1b: Scovillain|spd|1\n|upkeep\n|turn|8\n|\n|t:|1776499068\n|move|p2b: Sinistcha|Rage Powder|p2b: Sinistcha\n|-singleturn|p2b: Sinistcha|move: Rage Powder\n|move|p1b: Scovillain|Substitute|p1b: Scovillain\n|-start|p1b: Scovillain|Substitute\n|-damage|p1b: Scovillain|75/100\n|move|p2a: Delphox|Psychic|p1b: Scovillain\n|-end|p1b: Scovillain|Substitute\n|\n|-heal|p1b: Scovillain|81/100|[from] item: Leftovers\n|-ability|p1b: Scovillain|Moody|boost\n|-boost|p1b: Scovillain|spd|2\n|-unboost|p1b: Scovillain|def|1\n|upkeep\n|turn|9\n|\n|t:|1776499084\n|move|p1b: Scovillain|Protect|p1b: Scovillain\n|-singleturn|p1b: Scovillain|Protect\n|move|p2b: Sinistcha|Rage Powder|p2b: Sinistcha\n|-singleturn|p2b: Sinistcha|move: Rage Powder\n|move|p2a: Delphox|Psychic|p1b: Scovillain\n|-activate|p1b: Scovillain|move: Protect\n|\n|-heal|p1b: Scovillain|87/100|[from] item: Leftovers\n|-ability|p1b: Scovillain|Moody|boost\n|-boost|p1b: Scovillain|def|2\n|-unboost|p1b: Scovillain|spa|1\n|upkeep\n|turn|10\n|\n|t:|1776499101\n|move|p1b: Scovillain|Substitute|p1b: Scovillain\n|-start|p1b: Scovillain|Substitute\n|-damage|p1b: Scovillain|62/100\n|move|p2a: Delphox|Heat Wave|p1b: Scovillain\n|-end|p1b: Scovillain|Substitute\n|move|p2b: Sinistcha|Life Dew||[still]|[spread] p2a,p2b\n|-heal|p2a: Delphox|72/100\n|-fail|p2b: Sinistcha|heal\n|\n|-heal|p1b: Scovillain|68/100|[from] item: Leftovers\n|-ability|p1b: Scovillain|Moody|boost\n|-boost|p1b: Scovillain|spa|2\n|-unboost|p1b: Scovillain|atk|1\n|upkeep\n|turn|11\n|\n|t:|1776499124\n|move|p1b: Scovillain|Flamethrower|p2a: Delphox\n|-resisted|p2a: Delphox|1\n|-damage|p2a: Delphox|42/100\n|move|p2a: Delphox|Psychic|p1b: Scovillain\n|-damage|p1b: Scovillain|0 fnt\n|faint|p1b: Scovillain\n|\n|win|PhoenicisVolatus27\n|raw|Tomzzzz's rating: 1119 &rarr; <strong>1091</strong><br />(-28 for losing)\n|raw|PhoenicisVolatus27's rating: 1071 &rarr; <strong>1104</strong><br />(+33 for winning)\n",
  "uploadtime": 1776499132,
  "views": 17,
  "formatid": "gen9championsvgc2026regma",
  "rating": 1091,
  "private": 0,
  "password": null
}