{
  "id": "gen9championsvgc2026regma-2584634590",
  "format": "[Gen 9 Champions] VGC 2026 Reg M-A",
  "players": [
    "lfdgm",
    "Jaimeitor"
  ],
  "log": "|j|\u2606lfdgm\n|j|\u2606Jaimeitor\n|t:|1776273483\n|gametype|doubles\n|player|p1|lfdgm|skyla|1095\n|player|p2|Jaimeitor|blackbelt-gen4|1127\n|gen|9\n|tier|[Gen 9 Champions] VGC 2026 Reg M-A\n|rated|\n|rule|Species Clause: Limit one of each Pok\u00e9mon\n|rule|Item Clause: Limit 1 of each item\n|clearpoke\n|poke|p1|Drampa, L50, F|\n|poke|p1|Audino, L50, M|\n|poke|p1|Sinistcha, L50|\n|poke|p1|Torkoal, L50, F|\n|poke|p1|Scizor, L50, M|\n|poke|p1|Basculegion, L50, M|\n|poke|p2|Charizard, L50, M|\n|poke|p2|Venusaur, L50, F|\n|poke|p2|Sneasler, L50, M|\n|poke|p2|Milotic, L50, M|\n|poke|p2|Dragonite, L50, F|\n|poke|p2|Absol, L50, M|\n|teampreview|4\n|\n|t:|1776273526\n|teamsize|p1|4\n|teamsize|p2|4\n|start\n|switch|p1a: Sinistcha|Sinistcha, L50|100/100\n|switch|p1b: Basculegion|Basculegion, L50, M|100/100\n|switch|p2a: Absol|Absol, L50, M|100/100\n|switch|p2b: Charizard|Charizard, L50, M, shiny|100/100\n|turn|1\n|\n|t:|1776273557\n|switch|p1a: Drampa|Drampa, L50, F|100/100\n|-ability|p1a: Drampa|Cloud Nine\n|detailschange|p2b: Charizard|Charizard-Mega-Y, L50, M, shiny\n|-mega|p2b: Charizard|Charizard|Charizardite Y\n|-weather|SunnyDay|[from] ability: Drought|[of] p2b: Charizard\n|move|p2b: Charizard|Solar Beam||[still]\n|-prepare|p2b: Charizard|Solar Beam\n|move|p2a: Absol|Taunt|p1a: Drampa\n|-start|p1a: Drampa|move: Taunt\n|move|p1b: Basculegion|Wave Crash|p2a: Absol\n|-crit|p2a: Absol\n|-damage|p2a: Absol|0 fnt\n|faint|p2a: Absol\n|-damage|p1b: Basculegion|78/100|[from] Recoil\n|\n|-weather|SunnyDay|[upkeep]\n|upkeep\n|\n|t:|1776273594\n|switch|p2a: Dragonite|Dragonite, L50, F|100/100\n|turn|2\n|\n|t:|1776273629\n|switch|p1b: Sinistcha|Sinistcha, L50|100/100\n|switch|p1a: Audino|Audino, L50, M|100/100\n|move|p2b: Charizard|Solar Beam|p1b: Sinistcha|[from] lockedmove\n|-resisted|p1b: Sinistcha|1\n|-damage|p1b: Sinistcha|76/100\n|move|p2a: Dragonite|Dragon Pulse|p1a: Audino\n|-damage|p1a: Audino|73/100\n|\n|-weather|SunnyDay|[upkeep]\n|upkeep\n|turn|3\n|\n|t:|1776273651\n|switch|p1b: Basculegion|Basculegion, L50, M|78/100\n|move|p2b: Charizard|Heat Wave|p1b: Basculegion|[spread] p1a,p1b\n|-resisted|p1b: Basculegion|1\n|-damage|p1a: Audino|13/100\n|-damage|p1b: Basculegion|43/100\n|move|p2a: Dragonite|Tailwind|p2a: Dragonite\n|-sidestart|p2: Jaimeitor|move: Tailwind\n|move|p1a: Audino|Trick Room|p1a: Audino\n|-fieldstart|move: Trick Room|[of] p1a: Audino\n|\n|-weather|SunnyDay|[upkeep]\n|upkeep\n|turn|4\n|\n|t:|1776273677\n|move|p2b: Charizard|Protect|p2b: Charizard\n|-singleturn|p2b: Charizard|Protect\n|move|p1a: Audino|Encore|p2a: Dragonite\n|-start|p2a: Dragonite|Encore\n|move|p1b: Basculegion|Wave Crash|p2b: Charizard\n|-activate|p2b: Charizard|move: Protect\n|move|p2a: Dragonite|Tailwind||[still]\n|-fail|p2a: Dragonite\n|\n|-weather|SunnyDay|[upkeep]\n|upkeep\n|turn|5\n|\n|t:|1776273695\n|switch|p2b: Venusaur|Venusaur, L50, F|100/100\n|move|p1a: Audino|Wish|p1a: Audino\n|move|p1b: Basculegion|Wave Crash|p2b: Venusaur\n|-resisted|p2b: Venusaur|1\n|-damage|p2b: Venusaur|72/100\n|-damage|p1b: Basculegion|36/100|[from] Recoil\n|move|p2a: Dragonite|Tailwind||[still]\n|-fail|p2a: Dragonite\n|\n|-weather|none\n|upkeep\n|turn|6\n|\n|t:|1776273714\n|move|p1a: Audino|Ally Switch|p1a: Audino\n|swap|p1a: Audino|1|[from] move: Ally Switch\n|move|p1a: Basculegion|Flip Turn|p2a: Dragonite\n|-resisted|p2a: Dragonite|1\n|-damage|p2a: Dragonite|78/100\n|\n|t:|1776273724\n|switch|p1a: Sinistcha|Sinistcha, L50|76/100|[from] Flip Turn\n|-heal|p1b: Audino|38/100|[from] ability: Hospitality|[of] p1a: Sinistcha\n|move|p2b: Venusaur|Giga Drain|p1b: Audino\n|-damage|p1b: Audino|9/100\n|-heal|p2b: Venusaur|92/100|[from] drain|[of] p1b: Audino\n|move|p2a: Dragonite|Tailwind||[still]\n|-fail|p2a: Dragonite\n|\n|-heal|p1a: Sinistcha|100/100|[from] move: Wish|[wisher] Audino\n|-end|p2a: Dragonite|Encore\n|-sideend|p2: Jaimeitor|move: Tailwind\n|upkeep\n|turn|7\n|\n|t:|1776273762\n|move|p1b: Audino|Encore|p2a: Dragonite\n|-start|p2a: Dragonite|Encore\n|move|p1a: Sinistcha|Life Dew||[still]|[spread] p1a,p1b\n|-fail|p1a: Sinistcha|heal\n|-heal|p1b: Audino|34/100\n|move|p2b: Venusaur|Sludge Bomb|p1a: Sinistcha\n|-damage|p1a: Sinistcha|57/100\n|move|p2a: Dragonite|Tailwind|p2a: Dragonite\n|-sidestart|p2: Jaimeitor|move: Tailwind\n|\n|-fieldend|move: Trick Room\n|upkeep\n|turn|8\n|\n|t:|1776273781\n|switch|p2a: Charizard|Charizard-Mega-Y, L50, M, shiny|100/100\n|-weather|SunnyDay|[from] ability: Drought|[of] p2a: Charizard\n|switch|p1a: Drampa|Drampa, L50, F|100/100\n|-ability|p1a: Drampa|Cloud Nine\n|move|p2b: Venusaur|Sleep Powder|p1b: Audino\n|-status|p1b: Audino|slp|[from] move: Sleep Powder\n|cant|p1b: Audino|slp\n|\n|-weather|SunnyDay|[upkeep]\n|upkeep\n|turn|9\n|\n|t:|1776273806\n|move|p1a: Drampa|Protect|p1a: Drampa\n|-singleturn|p1a: Drampa|Protect\n|move|p2a: Charizard|Heat Wave|p1a: Drampa|[spread] p1b\n|-activate|p1a: Drampa|move: Protect\n|-damage|p1b: Audino|0 fnt\n|faint|p1b: Audino\n|move|p2b: Venusaur|Sludge Bomb|p1a: Drampa\n|-activate|p1a: Drampa|move: Protect\n|\n|-weather|SunnyDay|[upkeep]\n|upkeep\n|\n|t:|1776273818\n|switch|p1b: Sinistcha|Sinistcha, L50|57/100\n|turn|10\n|\n|t:|1776273845\n|detailschange|p1a: Drampa|Drampa-Mega, L50, F\n|-mega|p1a: Drampa|Drampa|Drampanite\n|move|p2b: Venusaur|Sleep Powder|p1a: Drampa|[miss]\n|-miss|p2b: Venusaur|p1a: Drampa\n|move|p2a: Charizard|Heat Wave|p1a: Drampa|[spread] p1a,p1b\n|-resisted|p1a: Drampa|1\n|-supereffective|p1b: Sinistcha|1\n|-damage|p1a: Drampa|75/100\n|-damage|p1b: Sinistcha|0 fnt\n|faint|p1b: Sinistcha\n|move|p1a: Drampa|Hyper Voice|p2a: Charizard|[spread] p2a,p2b\n|-damage|p2a: Charizard|61/100\n|-damage|p2b: Venusaur|47/100\n|\n|-weather|SunnyDay|[upkeep]\n|-sideend|p2: Jaimeitor|move: Tailwind\n|upkeep\n|\n|t:|1776273855\n|switch|p1b: Basculegion|Basculegion, L50, M|36/100\n|turn|11\n|\n|t:|1776273880\n|move|p1b: Basculegion|Aqua Jet|p2a: Charizard\n|-supereffective|p2a: Charizard|1\n|-damage|p2a: Charizard|22/100\n|move|p2b: Venusaur|Giga Drain|p1b: Basculegion\n|-supereffective|p1b: Basculegion|1\n|-damage|p1b: Basculegion|0 fnt\n|-heal|p2b: Venusaur|71/100|[from] drain|[of] p1b: Basculegion\n|faint|p1b: Basculegion\n|move|p2a: Charizard|Heat Wave|p1a: Drampa\n|-resisted|p1a: Drampa|1\n|-crit|p1a: Drampa\n|-damage|p1a: Drampa|21/100\n|-ability|p1a: Drampa|Berserk|boost\n|-boost|p1a: Drampa|spa|1\n|move|p1a: Drampa|Hyper Voice|p2b: Venusaur|[spread] p2a,p2b\n|-damage|p2a: Charizard|0 fnt\n|-damage|p2b: Venusaur|2/100\n|faint|p2a: Charizard\n|\n|-weather|SunnyDay|[upkeep]\n|upkeep\n|\n|t:|1776273898\n|switch|p2a: Dragonite|Dragonite, L50, F|78/100\n|turn|12\n|\n|t:|1776273902\n|move|p1a: Drampa|Protect|p1a: Drampa\n|-singleturn|p1a: Drampa|Protect\n|move|p2b: Venusaur|Giga Drain|p1a: Drampa\n|-activate|p1a: Drampa|move: Protect\n|move|p2a: Dragonite|Dragon Pulse|p1a: Drampa\n|-activate|p1a: Drampa|move: Protect\n|\n|-weather|none\n|upkeep\n|turn|13\n|\n|t:|1776273908\n|move|p2a: Dragonite|Dragon Pulse|p1a: Drampa\n|-supereffective|p1a: Drampa|1\n|-damage|p1a: Drampa|0 fnt\n|faint|p1a: Drampa\n|\n|win|Jaimeitor\n|raw|lfdgm's rating: 1095 &rarr; <strong>1073</strong><br />(-22 for losing)\n|raw|Jaimeitor's rating: 1127 &rarr; <strong>1150</strong><br />(+23 for winning)\n",
  "uploadtime": 1776273913,
  "views": 19,
  "formatid": "gen9championsvgc2026regma",
  "rating": 1073,
  "private": 0,
  "password": null
}