{
  "id": "gen9championsvgc2026regma-2586423069",
  "format": "[Gen 9 Champions] VGC 2026 Reg M-A",
  "players": [
    "luxarcadiaaaa",
    "Sic7"
  ],
  "log": "|j|\u2606luxarcadiaaaa\n|j|\u2606Sic7\n|t:|1776433629\n|gametype|doubles\n|player|p1|luxarcadiaaaa|veteran|1129\n|player|p2|Sic7|169|1102\n|gen|9\n|tier|[Gen 9 Champions] VGC 2026 Reg M-A\n|rated|\n|rule|Species Clause: Limit one of each Pok\u00e9mon\n|rule|Item Clause: Limit 1 of each item\n|clearpoke\n|poke|p1|Espathra, L50, M|\n|poke|p1|Charizard, L50, F|\n|poke|p1|Venusaur, L50, M|\n|poke|p1|Garchomp, L50, M|\n|poke|p1|Incineroar, L50, F|\n|poke|p1|Milotic, L50, M|\n|poke|p2|Floette-Eternal, L50, F|\n|poke|p2|Maushold, L50|\n|poke|p2|Kingambit, L50, M|\n|poke|p2|Aerodactyl, L50, F|\n|poke|p2|Sneasler, L50, M|\n|poke|p2|Delphox, L50, M|\n|teampreview|4\n|inactive|Battle timer is ON: inactive players will automatically lose when time's up. (requested by Sic7)\nSic7 rejected open team sheets.\n|\n|t:|1776433646\n|teamsize|p1|4\n|teamsize|p2|4\n|start\n|switch|p1a: Incineroar|Incineroar, L50, F|100/100\n|switch|p1b: Espathra|Espathra, L50, M|100/100\n|switch|p2a: Kingambit|Kingambit, L50, M|100/100\n|switch|p2b: Sneasler|Sneasler, L50, M|100/100\n|-ability|p1a: Incineroar|Intimidate|boost\n|-unboost|p2a: Kingambit|atk|1\n|-ability|p2a: Kingambit|Defiant|boost\n|-boost|p2a: Kingambit|atk|2\n|-unboost|p2b: Sneasler|atk|1\n|-enditem|p2b: Sneasler|White Herb\n|-clearnegativeboost|p2b: Sneasler|[silent]\n|turn|1\n|\n|t:|1776433666\n|move|p2b: Sneasler|Fake Out|p1a: Incineroar\n|-damage|p1a: Incineroar|86/100\n|cant|p1a: Incineroar|flinch\n|move|p1b: Espathra|Calm Mind|p1b: Espathra\n|-boost|p1b: Espathra|spa|1\n|-boost|p1b: Espathra|spd|1\n|move|p2a: Kingambit|Kowtow Cleave|p1b: Espathra\n|-supereffective|p1b: Espathra|1\n|-damage|p1b: Espathra|0 fnt\n|faint|p1b: Espathra\n|\n|upkeep\n|\n|t:|1776433679\n|switch|p1b: Charizard|Charizard, L50, F|100/100\n|turn|2\n|\n|t:|1776433701\n|detailschange|p1b: Charizard|Charizard-Mega-Y, L50, F\n|-mega|p1b: Charizard|Charizard|Charizardite Y\n|-weather|SunnyDay|[from] ability: Drought|[of] p1b: Charizard\n|move|p2b: Sneasler|Close Combat|p1a: Incineroar\n|-supereffective|p1a: Incineroar|1\n|-damage|p1a: Incineroar|0 fnt\n|-unboost|p2b: Sneasler|def|1\n|-unboost|p2b: Sneasler|spd|1\n|faint|p1a: Incineroar\n|move|p1b: Charizard|Heat Wave|p2a: Kingambit|[spread] p2b\n|-miss|p1b: Charizard|p2a: Kingambit\n|-damage|p2b: Sneasler|0 fnt\n|faint|p2b: Sneasler\n|move|p2a: Kingambit|Iron Head|p1b: Charizard\n|-resisted|p1b: Charizard|1\n|-damage|p1b: Charizard|61/100\n|\n|-weather|SunnyDay|[upkeep]\n|upkeep\n|\n|t:|1776433719\n|switch|p2b: Aerodactyl|Aerodactyl, L50, F|100/100\n|switch|p1a: Venusaur|Venusaur, L50, M|100/100\n|-ability|p2b: Aerodactyl|Unnerve\n|turn|3\n|\n|t:|1776433739\n|move|p1a: Venusaur|Sleep Powder|p2b: Aerodactyl\n|-status|p2b: Aerodactyl|slp|[from] move: Sleep Powder\n|cant|p2b: Aerodactyl|slp\n|move|p1b: Charizard|Heat Wave|p2b: Aerodactyl|[spread] p2a,p2b\n|-supereffective|p2a: Kingambit|1\n|-resisted|p2b: Aerodactyl|1\n|-damage|p2a: Kingambit|0 fnt\n|-damage|p2b: Aerodactyl|51/100 slp\n|faint|p2a: Kingambit\n|\n|-weather|SunnyDay|[upkeep]\n|upkeep\n|\n|t:|1776433746\n|switch|p2a: Floette|Floette-Eternal, L50, F|100/100\n|turn|4\n|\n|t:|1776433760\n|detailschange|p2a: Floette|Floette-Mega, L50, F\n|-mega|p2a: Floette|Floette|Floettite\n|-ability|p2a: Floette|Fairy Aura\n|move|p1a: Venusaur|Sleep Powder|p2a: Floette\n|-status|p2a: Floette|slp|[from] move: Sleep Powder\n|cant|p2b: Aerodactyl|slp\n|cant|p2a: Floette|slp\n|move|p1b: Charizard|Heat Wave|p2a: Floette|[spread] p2b\n|-miss|p1b: Charizard|p2a: Floette\n|-resisted|p2b: Aerodactyl|1\n|-damage|p2b: Aerodactyl|0 fnt\n|faint|p2b: Aerodactyl\n|\n|-weather|SunnyDay|[upkeep]\n|upkeep\n|turn|5\n|c|\u2606Sic7|funny isnt it\n|\n|t:|1776433782\n|move|p1a: Venusaur|Leech Seed|p2a: Floette\n|-start|p2a: Floette|move: Leech Seed\n|-curestatus|p2a: Floette|slp|[msg]\n|move|p2a: Floette|Moonblast|p1b: Charizard\n|-resisted|p1b: Charizard|1\n|-damage|p1b: Charizard|28/100\n|-unboost|p1b: Charizard|spa|1\n|move|p1b: Charizard|Roost|p1b: Charizard\n|-heal|p1b: Charizard|78/100\n|-singleturn|p1b: Charizard|move: Roost\n|\n|-weather|SunnyDay|[upkeep]\n|-damage|p2a: Floette|88/100|[from] Leech Seed|[of] p1a: Venusaur\n|upkeep\n|turn|6\n|c|\u2606Sic7|spero muori di cancro\n|l|\u2606Sic7\n|inactive|Sic7 disconnected and has a minute to reconnect!\n|player|p2|\n|inactive|Sic7 has 30 seconds left.\n|inactive|Sic7 has 20 seconds left.\n|inactive|Sic7 has 15 seconds left.\n|inactive|Sic7 has 10 seconds left.\n|inactive|Sic7 has 5 seconds left.\n|-message|Sic7 lost due to inactivity.\n|\n|win|luxarcadiaaaa\n",
  "uploadtime": 1776433801,
  "views": 22,
  "formatid": "gen9championsvgc2026regma",
  "rating": null,
  "private": 0,
  "password": null
}