{
  "id": "gen9championsvgc2026regma-2585701937",
  "format": "[Gen 9 Champions] VGC 2026 Reg M-A",
  "players": [
    "fumbari 24",
    "Sidbat"
  ],
  "log": "|j|\u2606fumbari 24\n|j|\u2606Sidbat\n|t:|1776364731\n|gametype|doubles\n|player|p1|fumbari 24|ghetsis|1082\n|player|p2|Sidbat|1|1083\n|gen|9\n|tier|[Gen 9 Champions] VGC 2026 Reg M-A\n|rated|\n|rule|Species Clause: Limit one of each Pok\u00e9mon\n|rule|Item Clause: Limit 1 of each item\n|clearpoke\n|poke|p1|Blastoise, L50, M|\n|poke|p1|Raichu, L50, M|\n|poke|p1|Pelipper, L50, M|\n|poke|p1|Sinistcha, L50|\n|poke|p1|Archaludon, L50, M|\n|poke|p1|Lycanroc-Dusk, L50, M|\n|poke|p2|Excadrill, L50, M|\n|poke|p2|Tyranitar, L50, M|\n|poke|p2|Incineroar, L50, M|\n|poke|p2|Sneasler, L50, F|\n|poke|p2|Primarina, L50, M|\n|poke|p2|Sinistcha, L50|\n|teampreview|4\n|\n|t:|1776364785\n|teamsize|p1|4\n|teamsize|p2|4\n|start\n|switch|p1a: Mike|Archaludon, L50, M|100/100\n|switch|p1b: MineMine|Pelipper, L50, M|100/100\n|switch|p2a: Excadrill|Excadrill, L50, M|100/100\n|switch|p2b: Tyranitar|Tyranitar, L50, M|100/100\n|-weather|RainDance|[from] ability: Drizzle|[of] p1b: MineMine\n|-weather|Sandstorm|[from] ability: Sand Stream|[of] p2b: Tyranitar\n|turn|1\n|inactive|Battle timer is ON: inactive players will automatically lose when time's up. (requested by fumbari 24)\n|\n|t:|1776364804\n|move|p1b: MineMine|Wide Guard|p1b: MineMine\n|-singleturn|p1b: MineMine|Wide Guard\n|move|p2a: Excadrill|High Horsepower|p1a: Mike|[miss]\n|-miss|p2a: Excadrill|p1a: Mike\n|move|p1a: Mike|Aura Sphere|p2a: Excadrill\n|-supereffective|p2a: Excadrill|1\n|-damage|p2a: Excadrill|32/100\n|move|p2b: Tyranitar|Rock Slide|p1b: MineMine|[spread] \n|-activate|p1a: Mike|move: Wide Guard\n|-activate|p1b: MineMine|move: Wide Guard\n|\n|-weather|Sandstorm|[upkeep]\n|-damage|p1b: MineMine|95/100|[from] Sandstorm\n|upkeep\n|turn|2\n|\n|t:|1776364826\n|switch|p1b: Pistachie|Sinistcha, L50|100/100\n|move|p1a: Mike|Protect|p1a: Mike\n|-singleturn|p1a: Mike|Protect\n|move|p2a: Excadrill|High Horsepower|p1a: Mike\n|-activate|p1a: Mike|move: Protect\n|move|p2b: Tyranitar|Rock Slide|p1a: Mike|[spread] p1b\n|-activate|p1a: Mike|move: Protect\n|-damage|p1b: Pistachie|72/100\n|\n|-weather|Sandstorm|[upkeep]\n|-damage|p1b: Pistachie|65/100|[from] Sandstorm\n|upkeep\n|turn|3\n|\n|t:|1776364845\n|move|p2b: Tyranitar|Protect|p2b: Tyranitar\n|-singleturn|p2b: Tyranitar|Protect\n|move|p1b: Pistachie|Rage Powder|p1b: Pistachie\n|-singleturn|p1b: Pistachie|move: Rage Powder\n|move|p2a: Excadrill|Earthquake|p1b: Pistachie|[spread] p1a,p1b\n|-activate|p2b: Tyranitar|move: Protect\n|-supereffective|p1a: Mike|1\n|-resisted|p1b: Pistachie|1\n|-damage|p1a: Mike|40/100\n|-damage|p1b: Pistachie|48/100\n|-ability|p1a: Mike|Stamina|boost\n|-boost|p1a: Mike|def|1\n|-enditem|p1b: Pistachie|Sitrus Berry|[eat]\n|-heal|p1b: Pistachie|73/100|[from] item: Sitrus Berry\n|move|p1a: Mike|Aura Sphere|p2b: Tyranitar\n|-activate|p2b: Tyranitar|move: Protect\n|\n|-weather|Sandstorm|[upkeep]\n|-damage|p1b: Pistachie|67/100|[from] Sandstorm\n|-heal|p1a: Mike|46/100|[from] item: Leftovers\n|upkeep\n|turn|4\n|inactive|Sidbat has 30 seconds left.\n|inactive|Sidbat has 20 seconds left.\n|\n|t:|1776364882\n|switch|p2b: Sinistcha|Sinistcha, L50|100/100\n|-heal|p2a: Excadrill|57/100|[from] ability: Hospitality|[of] p2b: Sinistcha\n|move|p1a: Mike|Protect|p1a: Mike\n|-singleturn|p1a: Mike|Protect\n|move|p2a: Excadrill|Earthquake|p1b: Pistachie|[spread] p2b,p1b\n|-activate|p1a: Mike|move: Protect\n|-resisted|p2b: Sinistcha|1\n|-resisted|p1b: Pistachie|1\n|-damage|p2b: Sinistcha|85/100\n|-damage|p1b: Pistachie|50/100\n|move|p1b: Pistachie|Matcha Gotcha|p2a: Excadrill|[spread] p2a,p2b\n|-resisted|p2b: Sinistcha|1\n|-damage|p2a: Excadrill|21/100\n|-heal|p1b: Pistachie|68/100|[from] drain|[of] p2a: Excadrill\n|-damage|p2b: Sinistcha|72/100\n|-heal|p1b: Pistachie|75/100|[from] drain|[of] p2b: Sinistcha\n|-status|p2b: Sinistcha|brn\n|\n|-weather|Sandstorm|[upkeep]\n|-damage|p1b: Pistachie|68/100|[from] Sandstorm\n|-damage|p2b: Sinistcha|66/100 brn|[from] Sandstorm\n|-heal|p1a: Mike|52/100|[from] item: Leftovers\n|-heal|p2b: Sinistcha|72/100 brn|[from] item: Leftovers\n|-damage|p2b: Sinistcha|66/100 brn|[from] brn\n|upkeep\n|turn|5\n|inactive|Sidbat has 30 seconds left.\n|\n|t:|1776364909\n|move|p2a: Excadrill|Earthquake|p1a: Mike|[spread] p2b,p1a,p1b\n|-resisted|p2b: Sinistcha|1\n|-supereffective|p1a: Mike|1\n|-resisted|p1b: Pistachie|1\n|-damage|p2b: Sinistcha|50/100 brn\n|-damage|p1a: Mike|15/100\n|-damage|p1b: Pistachie|49/100\n|-ability|p1a: Mike|Stamina|boost\n|-boost|p1a: Mike|def|1\n|move|p1a: Mike|Flash Cannon|p2b: Sinistcha\n|-damage|p2b: Sinistcha|10/100 brn\n|move|p1b: Pistachie|Matcha Gotcha|p2b: Sinistcha|[spread] p2a,p2b\n|-resisted|p2b: Sinistcha|1\n|-damage|p2a: Excadrill|0 fnt\n|-heal|p1b: Pistachie|60/100|[from] drain|[of] p2a: Excadrill\n|-damage|p2b: Sinistcha|0 fnt\n|-heal|p1b: Pistachie|65/100|[from] drain|[of] p2b: Sinistcha\n|faint|p2a: Excadrill\n|faint|p2b: Sinistcha\n|\n|-weather|none\n|-heal|p1a: Mike|21/100|[from] item: Leftovers\n|upkeep\n|\n|t:|1776364923\n|switch|p2a: Sneasler|Sneasler, L50, F|100/100\n|switch|p2b: Tyranitar|Tyranitar, L50, M|100/100\n|-weather|Sandstorm|[from] ability: Sand Stream|[of] p2b: Tyranitar\n|turn|6\n|\n|t:|1776364940\n|move|p1a: Mike|Protect|p1a: Mike\n|-singleturn|p1a: Mike|Protect\n|move|p2a: Sneasler|Close Combat|p1a: Mike\n|-activate|p1a: Mike|move: Protect\n|move|p1b: Pistachie|Matcha Gotcha|p2a: Sneasler|[spread] p2a,p2b\n|-resisted|p2a: Sneasler|1\n|-supereffective|p2b: Tyranitar|1\n|-damage|p2a: Sneasler|83/100\n|-heal|p1b: Pistachie|73/100|[from] drain|[of] p2a: Sneasler\n|-damage|p2b: Tyranitar|71/100\n|-heal|p1b: Pistachie|90/100|[from] drain|[of] p2b: Tyranitar\n|-status|p2a: Sneasler|brn\n|move|p2b: Tyranitar|Knock Off|p1b: Pistachie\n|-supereffective|p1b: Pistachie|1\n|-damage|p1b: Pistachie|19/100\n|\n|-weather|Sandstorm|[upkeep]\n|-damage|p2a: Sneasler|78/100 brn|[from] Sandstorm\n|-damage|p1b: Pistachie|13/100|[from] Sandstorm\n|-heal|p1a: Mike|27/100|[from] item: Leftovers\n|-damage|p2a: Sneasler|72/100 brn|[from] brn\n|upkeep\n|turn|7\n|inactive|fumbari 24 has 30 seconds left.\n|inactive|Sidbat has 30 seconds left.\n|inactive|fumbari 24 has 20 seconds left.\n|inactive|Sidbat has 20 seconds left.\n|\n|t:|1776364980\n|switch|p1a: MineMine|Pelipper, L50, M|95/100\n|-weather|RainDance|[from] ability: Drizzle|[of] p1a: MineMine\n|move|p2a: Sneasler|Close Combat|p1a: MineMine\n|-resisted|p1a: MineMine|1\n|-damage|p1a: MineMine|75/100\n|-unboost|p2a: Sneasler|def|1\n|-unboost|p2a: Sneasler|spd|1\n|-enditem|p2a: Sneasler|White Herb\n|-clearnegativeboost|p2a: Sneasler|[silent]\n|move|p1b: Pistachie|Life Dew|p1b: Pistachie|[spread] p1a,p1b\n|-heal|p1a: MineMine|99/100\n|-heal|p1b: Pistachie|38/100\n|move|p2b: Tyranitar|Knock Off|p1b: Pistachie\n|-supereffective|p1b: Pistachie|1\n|-damage|p1b: Pistachie|0 fnt\n|faint|p1b: Pistachie\n|\n|-weather|RainDance|[upkeep]\n|-damage|p2a: Sneasler|66/100 brn|[from] brn\n|upkeep\n|\n|t:|1776364996\n|switch|p1b: Harbor|Blastoise, L50, M|100/100\n|turn|8\n|\n|t:|1776365010\n|detailschange|p2b: Tyranitar|Tyranitar-Mega, L50, M\n|-mega|p2b: Tyranitar|Tyranitar|Tyranitarite\n|-weather|Sandstorm|[from] ability: Sand Stream|[of] p2b: Tyranitar\n|move|p1b: Harbor|Protect|p1b: Harbor\n|-singleturn|p1b: Harbor|Protect\n|move|p2a: Sneasler|Dire Claw|p1b: Harbor\n|-activate|p1b: Harbor|move: Protect\n|move|p2b: Tyranitar|Rock Slide|p1b: Harbor|[spread] p1a\n|-activate|p1b: Harbor|move: Protect\n|-supereffective|p1a: MineMine|1\n|-damage|p1a: MineMine|15/100\n|move|p1a: MineMine|Hurricane|p2a: Sneasler\n|-supereffective|p2a: Sneasler|1\n|-damage|p2a: Sneasler|0 fnt\n|faint|p2a: Sneasler\n|\n|-weather|Sandstorm|[upkeep]\n|-damage|p1b: Harbor|95/100|[from] Sandstorm\n|-damage|p1a: MineMine|9/100|[from] Sandstorm\n|upkeep\n|turn|9\n|\n|t:|1776365032\n|switch|p1a: Mike|Archaludon, L50, M|27/100\n|detailschange|p1b: Harbor|Blastoise-Mega, L50, M\n|-mega|p1b: Harbor|Blastoise|Blastoisinite\n|move|p1b: Harbor|Water Spout|p2b: Tyranitar\n|-supereffective|p2b: Tyranitar|1\n|-damage|p2b: Tyranitar|0 fnt\n|faint|p2b: Tyranitar\n|\n|win|fumbari 24\n|raw|fumbari 24's rating: 1082 &rarr; <strong>1110</strong><br />(+28 for winning)\n|raw|Sidbat's rating: 1083 &rarr; <strong>1060</strong><br />(-23 for losing)\n|l|\u2606Sidbat\n|player|p2|\n",
  "uploadtime": 1776365044,
  "views": 24,
  "formatid": "gen9championsvgc2026regma",
  "rating": 1060,
  "private": 0,
  "password": null
}