{
  "id": "gen9championsvgc2026regma-2584647816",
  "format": "[Gen 9 Champions] VGC 2026 Reg M-A",
  "players": [
    "Chococroc",
    "cabrino"
  ],
  "log": "|j|\u2606Chococroc\n|j|\u2606cabrino\n|t:|1776274306\n|gametype|doubles\n|player|p1|Chococroc|pokemaniac|1506\n|player|p2|cabrino|depotagent|1666\n|gen|9\n|tier|[Gen 9 Champions] VGC 2026 Reg M-A\n|rated|\n|rule|Species Clause: Limit one of each Pok\u00e9mon\n|rule|Item Clause: Limit 1 of each item\n|clearpoke\n|poke|p1|Gengar, L50, F|\n|poke|p1|Snorlax, L50, M|\n|poke|p1|Politoed, L50, M|\n|poke|p1|Archaludon, L50, F|\n|poke|p1|Whimsicott, L50, F|\n|poke|p1|Incineroar, L50, M|\n|poke|p2|Aerodactyl, L50, F|\n|poke|p2|Sneasler, L50, M|\n|poke|p2|Kingambit, L50, M|\n|poke|p2|Floette-Eternal, L50, F|\n|poke|p2|Garchomp, L50, M|\n|poke|p2|Farigiraf, L50, M|\n|teampreview|4\n|\n|t:|1776274341\n|teamsize|p1|4\n|teamsize|p2|4\n|start\n|switch|p1a: Snorlax|Snorlax, L50, M|100/100\n|switch|p1b: Gengar|Gengar, L50, F|100/100\n|switch|p2a: AeroNarfi|Aerodactyl, L50, F, shiny|100/100\n|switch|p2b: Pugsy Hunter|Sneasler, L50, M, shiny|100/100\n|-ability|p2a: AeroNarfi|Unnerve\n|turn|1\n|\n|t:|1776274356\n|detailschange|p1b: Gengar|Gengar-Mega, L50, F\n|-mega|p1b: Gengar|Gengar|Gengarite\n|move|p1b: Gengar|Shadow Ball|p2a: AeroNarfi\n|-damage|p2a: AeroNarfi|28/100\n|-unboost|p2a: AeroNarfi|spd|1\n|move|p2a: AeroNarfi|Tailwind|p2a: AeroNarfi\n|-sidestart|p2: cabrino|move: Tailwind\n|move|p2b: Pugsy Hunter|Close Combat|p1a: Snorlax\n|-supereffective|p1a: Snorlax|1\n|-damage|p1a: Snorlax|21/100\n|-unboost|p2b: Pugsy Hunter|def|1\n|-unboost|p2b: Pugsy Hunter|spd|1\n|-enditem|p2b: Pugsy Hunter|White Herb\n|-clearnegativeboost|p2b: Pugsy Hunter|[silent]\n|move|p1a: Snorlax|Yawn|p2b: Pugsy Hunter\n|-start|p2b: Pugsy Hunter|move: Yawn|[of] p1a: Snorlax\n|\n|-heal|p1a: Snorlax|27/100|[from] item: Leftovers\n|upkeep\n|turn|2\n|j| PikaLevi\n|j| fghjkljklhgf\n|l| PikaLevi\n|\n|t:|1776274389\n|move|p1b: Gengar|Protect|p1b: Gengar\n|-singleturn|p1b: Gengar|Protect\n|move|p1a: Snorlax|Protect|p1a: Snorlax\n|-singleturn|p1a: Snorlax|Protect\n|move|p2b: Pugsy Hunter|Dire Claw|p1a: Snorlax\n|-activate|p1a: Snorlax|move: Protect\n|move|p2a: AeroNarfi|Rock Slide|p1a: Snorlax|[spread] \n|-activate|p1a: Snorlax|move: Protect\n|-activate|p1b: Gengar|move: Protect\n|\n|-heal|p1a: Snorlax|33/100|[from] item: Leftovers\n|-end|p2b: Pugsy Hunter|move: Yawn|[silent]\n|-status|p2b: Pugsy Hunter|slp\n|upkeep\n|turn|3\n|\n|t:|1776274397\n|switch|p1a: Archaludon|Archaludon, L50, F|100/100\n|cant|p2b: Pugsy Hunter|slp\n|move|p2a: AeroNarfi|Rock Slide|p1a: Archaludon|[spread] p1a,p1b\n|-resisted|p1a: Archaludon|1\n|-damage|p1a: Archaludon|91/100\n|-damage|p1b: Gengar|58/100\n|-ability|p1a: Archaludon|Stamina|boost\n|-boost|p1a: Archaludon|def|1\n|move|p1b: Gengar|Shadow Ball|p2a: AeroNarfi\n|-damage|p2a: AeroNarfi|0 fnt\n|faint|p2a: AeroNarfi\n|\n|upkeep\n|\n|t:|1776274411\n|switch|p2a: Garchalipe|Garchomp, L50, M|100/100\n|turn|4\n|\n|t:|1776274429\n|move|p1b: Gengar|Protect|p1b: Gengar\n|-singleturn|p1b: Gengar|Protect\n|move|p1a: Archaludon|Protect|p1a: Archaludon\n|-singleturn|p1a: Archaludon|Protect\n|cant|p2b: Pugsy Hunter|slp\n|move|p2a: Garchalipe|Stomping Tantrum|p1a: Archaludon\n|-activate|p1a: Archaludon|move: Protect\n|\n|-sideend|p2: cabrino|move: Tailwind\n|upkeep\n|turn|5\n|\n|t:|1776274436\n|-curestatus|p2b: Pugsy Hunter|slp|[msg]\n|move|p2b: Pugsy Hunter|Close Combat|p1a: Archaludon\n|-supereffective|p1a: Archaludon|1\n|-enditem|p1a: Archaludon|Chople Berry|[eat]\n|-enditem|p1a: Archaludon|Chople Berry|[weaken]\n|-damage|p1a: Archaludon|60/100\n|-unboost|p2b: Pugsy Hunter|def|1\n|-unboost|p2b: Pugsy Hunter|spd|1\n|-ability|p1a: Archaludon|Stamina|boost\n|-boost|p1a: Archaludon|def|1\n|move|p2a: Garchalipe|Stomping Tantrum|p1b: Gengar\n|-supereffective|p1b: Gengar|1\n|-damage|p1b: Gengar|0 fnt\n|faint|p1b: Gengar\n|move|p1a: Archaludon|Draco Meteor|p2a: Garchalipe\n|-supereffective|p2a: Garchalipe|1\n|-damage|p2a: Garchalipe|0 fnt\n|-unboost|p1a: Archaludon|spa|2\n|faint|p2a: Garchalipe\n|\n|upkeep\n|\n|t:|1776274452\n|switch|p1b: Politoed|Politoed, L50, M|100/100\n|switch|p2a: 7Cryo|Floette-Eternal, L50, F|100/100\n|-weather|RainDance|[from] ability: Drizzle|[of] p1b: Politoed\n|turn|6\n|j| ytrdf78gy879\n|\n|t:|1776274475\n|detailschange|p2a: 7Cryo|Floette-Mega, L50, F\n|-mega|p2a: 7Cryo|Floette|Floettite\n|-ability|p2a: 7Cryo|Fairy Aura\n|move|p2b: Pugsy Hunter|Close Combat|p1b: Politoed\n|-damage|p1b: Politoed|49/100\n|-unboost|p2b: Pugsy Hunter|def|1\n|-unboost|p2b: Pugsy Hunter|spd|1\n|-enditem|p1b: Politoed|Sitrus Berry|[eat]\n|-heal|p1b: Politoed|74/100|[from] item: Sitrus Berry\n|move|p2a: 7Cryo|Calm Mind|p2a: 7Cryo\n|-boost|p2a: 7Cryo|spa|1\n|-boost|p2a: 7Cryo|spd|1\n|move|p1a: Archaludon|Draco Meteor|p2b: Pugsy Hunter\n|-damage|p2b: Pugsy Hunter|10/100\n|-unboost|p1a: Archaludon|spa|2\n|move|p1b: Politoed|Perish Song|p1b: Politoed\n|-start|p1a: Archaludon|perish3|[silent]\n|-start|p1b: Politoed|perish3|[silent]\n|-start|p2a: 7Cryo|perish3|[silent]\n|-start|p2b: Pugsy Hunter|perish3|[silent]\n|-fieldactivate|move: Perish Song\n|\n|-weather|RainDance|[upkeep]\n|-start|p2b: Pugsy Hunter|perish3\n|-start|p2a: 7Cryo|perish3\n|-start|p1a: Archaludon|perish3\n|-start|p1b: Politoed|perish3\n|upkeep\n|turn|7\n|\n|t:|1776274490\n|move|p1a: Archaludon|Protect|p1a: Archaludon\n|-singleturn|p1a: Archaludon|Protect\n|move|p1b: Politoed|Protect|p1b: Politoed\n|-singleturn|p1b: Politoed|Protect\n|move|p2b: Pugsy Hunter|Close Combat|p1a: Archaludon\n|-activate|p1a: Archaludon|move: Protect\n|move|p2a: 7Cryo|Dazzling Gleam|p1b: Politoed|[spread] \n|-activate|p1a: Archaludon|move: Protect\n|-activate|p1b: Politoed|move: Protect\n|\n|-weather|RainDance|[upkeep]\n|-start|p2b: Pugsy Hunter|perish2\n|-start|p2a: 7Cryo|perish2\n|-start|p1a: Archaludon|perish2\n|-start|p1b: Politoed|perish2\n|upkeep\n|turn|8\n|\n|t:|1776274498\n|move|p2b: Pugsy Hunter|Close Combat|p1b: Politoed\n|-damage|p1b: Politoed|19/100\n|-unboost|p2b: Pugsy Hunter|def|1\n|-unboost|p2b: Pugsy Hunter|spd|1\n|move|p2a: 7Cryo|Dazzling Gleam|p1a: Archaludon|[spread] p1a,p1b\n|-damage|p1a: Archaludon|0 fnt\n|-damage|p1b: Politoed|0 fnt\n|faint|p1a: Archaludon\n|faint|p1b: Politoed\n|\n|-weather|RainDance|[upkeep]\n|-start|p2b: Pugsy Hunter|perish1\n|-start|p2a: 7Cryo|perish1\n|upkeep\n|\n|t:|1776274500\n|switch|p1b: Snorlax|Snorlax, L50, M|33/100\n|turn|9\n|\n|t:|1776274508\n|move|p1b: Snorlax|Protect|p1b: Snorlax\n|-singleturn|p1b: Snorlax|Protect\n|move|p2b: Pugsy Hunter|Close Combat|p1b: Snorlax\n|-activate|p1b: Snorlax|move: Protect\n|move|p2a: 7Cryo|Moonblast|p1b: Snorlax\n|-activate|p1b: Snorlax|move: Protect\n|\n|-weather|RainDance|[upkeep]\n|-heal|p1b: Snorlax|39/100|[from] item: Leftovers\n|-start|p2b: Pugsy Hunter|perish0\n|-start|p2a: 7Cryo|perish0\n|faint|p2b: Pugsy Hunter\n|faint|p2a: 7Cryo\n|\n|win|Chococroc\n|raw|Chococroc's rating: 1506 &rarr; <strong>1535</strong><br />(+29 for winning)\n|raw|cabrino's rating: 1666 &rarr; <strong>1637</strong><br />(-29 for losing)\n|l|\u2606Chococroc\n|player|p1|\n",
  "uploadtime": 1776274515,
  "views": 81,
  "formatid": "gen9championsvgc2026regma",
  "rating": 1535,
  "private": 0,
  "password": null
}