{
  "id": "gen9championsvgc2026regma-2584415004",
  "format": "[Gen 9 Champions] VGC 2026 Reg M-A",
  "players": [
    "Jerry Judewong",
    "Jackbot92"
  ],
  "log": "|j|\u2606Jerry Judewong\n|j|\u2606Jackbot92\n|t:|1776259225\n|gametype|doubles\n|player|p1|Jerry Judewong|hilbert|1161\n|player|p2|Jackbot92|169|1113\n|gen|9\n|tier|[Gen 9 Champions] VGC 2026 Reg M-A\n|rated|\n|rule|Species Clause: Limit one of each Pok\u00e9mon\n|rule|Item Clause: Limit 1 of each item\n|clearpoke\n|poke|p1|Delphox, L50, F|\n|poke|p1|Sneasler, L50, M|\n|poke|p1|Farigiraf, L50, F|\n|poke|p1|Kingambit, L50, M|\n|poke|p1|Basculegion, L50, M|\n|poke|p1|Whimsicott, L50, M|\n|poke|p2|Abomasnow, L50, F|\n|poke|p2|Camerupt, L50, M|\n|poke|p2|Farigiraf, L50, M|\n|poke|p2|Milotic, L50, M|\n|poke|p2|Conkeldurr, L50, M|\n|poke|p2|Garchomp, L50, M|\n|teampreview|4\n|inactive|Battle timer is ON: inactive players will automatically lose when time's up. (requested by Jerry Judewong)\n|\n|t:|1776259281\n|teamsize|p1|4\n|teamsize|p2|4\n|start\n|switch|p1a: Farigiraf|Farigiraf, L50, F|100/100\n|switch|p1b: Sneasler|Sneasler, L50, M|100/100\n|switch|p2a: Abomasnow|Abomasnow, L50, F|100/100\n|switch|p2b: Garchomp|Garchomp, L50, M|100/100\n|-weather|Snowscape|[from] ability: Snow Warning|[of] p2a: Abomasnow\n|turn|1\n|inactive|Jerry Judewong has 30 seconds left.\n|\n|t:|1776259307\n|move|p2a: Abomasnow|Protect|p2a: Abomasnow\n|-singleturn|p2a: Abomasnow|Protect\n|move|p1b: Sneasler|Fake Out|p2b: Garchomp\n|-crit|p2b: Garchomp\n|-damage|p2b: Garchomp|77/100\n|-damage|p1b: Sneasler|88/100|[from] ability: Rough Skin|[of] p2b: Garchomp\n|cant|p2b: Garchomp|flinch\n|move|p1a: Farigiraf|Hyper Voice|p2b: Garchomp|[spread] p2b\n|-activate|p2a: Abomasnow|move: Protect\n|-damage|p2b: Garchomp|51/100\n|\n|-weather|Snowscape|[upkeep]\n|upkeep\n|turn|2\n|inactive|Jackbot92 has 30 seconds left.\n|\n|t:|1776259335\n|move|p1b: Sneasler|Close Combat|p2b: Garchomp\n|-damage|p2b: Garchomp|0 fnt\n|-unboost|p1b: Sneasler|def|1\n|-unboost|p1b: Sneasler|spd|1\n|-damage|p1b: Sneasler|76/100|[from] ability: Rough Skin|[of] p2b: Garchomp\n|faint|p2b: Garchomp\n|-enditem|p1b: Sneasler|White Herb\n|-clearnegativeboost|p1b: Sneasler|[silent]\n|move|p1a: Farigiraf|Imprison|p1a: Farigiraf\n|-start|p1a: Farigiraf|move: Imprison\n|move|p2a: Abomasnow|Aurora Veil|p2a: Abomasnow\n|-sidestart|p2: Jackbot92|move: Aurora Veil\n|\n|-weather|Snowscape|[upkeep]\n|upkeep\n|\n|t:|1776259356\n|switch|p2b: Camerupt|Camerupt, L50, M|100/100\n|turn|3\n|\n|t:|1776259376\n|detailschange|p2b: Camerupt|Camerupt-Mega, L50, M\n|-mega|p2b: Camerupt|Camerupt|Cameruptite\n|move|p1b: Sneasler|Dire Claw|p2a: Abomasnow\n|-supereffective|p2a: Abomasnow|1\n|-damage|p2a: Abomasnow|59/100\n|move|p2a: Abomasnow|Blizzard|p1a: Farigiraf|[spread] p1a,p1b\n|-damage|p1a: Farigiraf|67/100\n|-damage|p1b: Sneasler|24/100\n|move|p1a: Farigiraf|Psychic|p2b: Camerupt\n|-damage|p2b: Camerupt|78/100\n|move|p2b: Camerupt|Heat Wave|p1a: Farigiraf|[spread] p1a,p1b\n|-damage|p1a: Farigiraf|10/100\n|-damage|p1b: Sneasler|0 fnt\n|faint|p1b: Sneasler\n|\n|-weather|Snowscape|[upkeep]\n|upkeep\n|\n|t:|1776259396\n|switch|p1b: Delphox|Delphox, L50, F|100/100\n|turn|4\n|\n|t:|1776259420\n|switch|p1a: Basculegion|Basculegion, L50, M|100/100\n|detailschange|p1b: Delphox|Delphox-Mega, L50, F\n|-mega|p1b: Delphox|Delphox|Delphoxite\n|move|p1b: Delphox|Protect|p1b: Delphox\n|-singleturn|p1b: Delphox|Protect\n|move|p2a: Abomasnow|Protect|p2a: Abomasnow\n|-singleturn|p2a: Abomasnow|Protect\n|move|p2b: Camerupt|Heat Wave|p1b: Delphox|[spread] p1a\n|-activate|p1b: Delphox|move: Protect\n|-resisted|p1a: Basculegion|1\n|-damage|p1a: Basculegion|70/100\n|\n|-weather|Snowscape|[upkeep]\n|upkeep\n|turn|5\n|inactive|Jackbot92 has 30 seconds left.\n|inactive|Jackbot92 has 20 seconds left.\n|inactive|Jackbot92 has 15 seconds left.\n|\n|t:|1776259462\n|move|p1b: Delphox|Encore|p2a: Abomasnow\n|-start|p2a: Abomasnow|Encore\n|move|p2a: Abomasnow|Protect|p2a: Abomasnow\n|-singleturn|p2a: Abomasnow|Protect\n|move|p1a: Basculegion|Wave Crash|p2b: Camerupt\n|-supereffective|p2b: Camerupt|2\n|-crit|p2b: Camerupt\n|-damage|p2b: Camerupt|0 fnt\n|faint|p2b: Camerupt\n|-damage|p1a: Basculegion|47/100|[from] Recoil\n|\n|-weather|none\n|upkeep\n|\n|t:|1776259475\n|switch|p2b: Conkeldurr|Conkeldurr, L50, M|100/100\n|turn|6\n|\n|t:|1776259485\n|move|p2a: Abomasnow|Protect||[still]\n|-fail|p2a: Abomasnow\n|move|p1b: Delphox|Psychic|p2b: Conkeldurr\n|-supereffective|p2b: Conkeldurr|1\n|-damage|p2b: Conkeldurr|15/100\n|move|p1a: Basculegion|Wave Crash|p2b: Conkeldurr\n|-damage|p2b: Conkeldurr|0 fnt\n|faint|p2b: Conkeldurr\n|-damage|p1a: Basculegion|42/100|[from] Recoil\n|\n|-sideend|p2: Jackbot92|move: Aurora Veil\n|upkeep\n|turn|7\n|\n|t:|1776259498\n|switch|p1a: Farigiraf|Farigiraf, L50, F|10/100\n|move|p2a: Abomasnow|Protect|p2a: Abomasnow\n|-singleturn|p2a: Abomasnow|Protect\n|move|p1b: Delphox|Heat Wave|p2a: Abomasnow\n|-activate|p2a: Abomasnow|move: Protect\n|\n|-end|p2a: Abomasnow|Encore\n|upkeep\n|turn|8\n|\n|t:|1776259513\n|move|p1b: Delphox|Encore|p2a: Abomasnow\n|-start|p2a: Abomasnow|Encore\n|move|p2a: Abomasnow|Protect||[still]\n|-fail|p2a: Abomasnow\n|move|p1a: Farigiraf|Psychic|p2a: Abomasnow\n|-damage|p2a: Abomasnow|27/100\n|-unboost|p2a: Abomasnow|spd|1\n|\n|upkeep\n|turn|9\n|-message|Jackbot92 forfeited.\n|\n|win|Jerry Judewong\n|raw|Jerry Judewong's rating: 1161 &rarr; <strong>1183</strong><br />(+22 for winning)\n|raw|Jackbot92's rating: 1113 &rarr; <strong>1091</strong><br />(-22 for losing)\n|l|\u2606Jackbot92\n|player|p2|\n",
  "uploadtime": 1776259528,
  "views": 22,
  "formatid": "gen9championsvgc2026regma",
  "rating": 1091,
  "private": 0,
  "password": null
}