{
  "id": "gen9championsvgc2026regma-2584786043",
  "format": "[Gen 9 Champions] VGC 2026 Reg M-A",
  "players": [
    "Barbie120",
    "The hoe battle"
  ],
  "log": "|j|\u2606Barbie120\n|j|\u2606The hoe battle\n|t:|1776283544\n|gametype|doubles\n|player|p1|Barbie120|265|1101\n|player|p2|The hoe battle|elesa|1077\n|gen|9\n|tier|[Gen 9 Champions] VGC 2026 Reg M-A\n|rated|\n|rule|Species Clause: Limit one of each Pok\u00e9mon\n|rule|Item Clause: Limit 1 of each item\n|clearpoke\n|poke|p1|Dragapult, L50, M|\n|poke|p1|Lucario, L50, F|\n|poke|p1|Volcarona, L50, F|\n|poke|p1|Goodra, L50, M|\n|poke|p1|Rotom-Wash, L50|\n|poke|p1|Incineroar, L50, F|\n|poke|p2|Garchomp, L50, F|\n|poke|p2|Sneasler, L50, M|\n|poke|p2|Dragapult, L50, M|\n|poke|p2|Charizard, L50, F|\n|poke|p2|Venusaur, L50, F|\n|poke|p2|Whimsicott, L50, M|\n|teampreview|4\n|inactive|Battle timer is ON: inactive players will automatically lose when time's up. (requested by The hoe battle)\n|\n|t:|1776283571\n|teamsize|p1|4\n|teamsize|p2|4\n|start\n|switch|p1a: Dragapult|Dragapult, L50, M|100/100\n|switch|p1b: Volcarona|Volcarona, L50, F|100/100\n|switch|p2a: Charizard|Charizard, L50, F|100/100\n|switch|p2b: Garchomp|Garchomp, L50, F|100/100\n|turn|1\n|\n|t:|1776283587\n|detailschange|p2a: Charizard|Charizard-Mega-Y, L50, F\n|-mega|p2a: Charizard|Charizard|Charizardite Y\n|-weather|SunnyDay|[from] ability: Drought|[of] p2a: Charizard\n|move|p1a: Dragapult|Light Screen|p1a: Dragapult\n|-sidestart|p1: Barbie120|move: Light Screen\n|move|p1b: Volcarona|Struggle Bug|p2a: Charizard|[spread] p2a,p2b\n|-resisted|p2a: Charizard|2\n|-damage|p2a: Charizard|96/100\n|-damage|p2b: Garchomp|81/100\n|-unboost|p2a: Charizard|spa|1\n|-unboost|p2b: Garchomp|spa|1\n|move|p2a: Charizard|Weather Ball|p1b: Volcarona\n|-damage|p1b: Volcarona|69/100\n|move|p2b: Garchomp|Rock Slide|p1a: Dragapult|[spread] p1a,p1b\n|-supereffective|p1b: Volcarona|2\n|-damage|p1a: Dragapult|71/100\n|-damage|p1b: Volcarona|0 fnt\n|faint|p1b: Volcarona\n|\n|-weather|SunnyDay|[upkeep]\n|upkeep\n|inactive|Barbie120 has 30 seconds left.\n|\n|t:|1776283612\n|switch|p1b: Goodra|Goodra, L50, M|100/100\n|turn|2\n|\n|t:|1776283619\n|switch|p2a: Whimsicott|Whimsicott, L50, M|100/100\n|move|p1a: Dragapult|Draco Meteor|p2b: Garchomp\n|-supereffective|p2b: Garchomp|1\n|-damage|p2b: Garchomp|0 fnt\n|-unboost|p1a: Dragapult|spa|2\n|faint|p2b: Garchomp\n|move|p1b: Goodra|Rock Slide|p2a: Whimsicott\n|-damage|p2a: Whimsicott|84/100\n|\n|-weather|SunnyDay|[upkeep]\n|upkeep\n|\n|t:|1776283626\n|switch|p2b: Dragapult|Dragapult, L50, M|100/100\n|turn|3\n|\n|t:|1776283638\n|switch|p1b: Lucario|Lucario, L50, F|100/100\n|move|p2a: Whimsicott|Encore||[still]\n|-fail|p2a: Whimsicott\n|move|p1a: Dragapult|Beat Up|p1b: Lucario\n|-resisted|p1b: Lucario|1\n|-damage|p1b: Lucario|98/100\n|-ability|p1b: Lucario|Justified|boost\n|-boost|p1b: Lucario|atk|1\n|-resisted|p1b: Lucario|1\n|-damage|p1b: Lucario|95/100\n|-ability|p1b: Lucario|Justified|boost\n|-boost|p1b: Lucario|atk|1\n|-resisted|p1b: Lucario|1\n|-damage|p1b: Lucario|93/100\n|-ability|p1b: Lucario|Justified|boost\n|-boost|p1b: Lucario|atk|1\n|-hitcount|p1b: Lucario|3\n|move|p2b: Dragapult|Dragon Dance|p2b: Dragapult\n|-boost|p2b: Dragapult|atk|1\n|-boost|p2b: Dragapult|spe|1\n|\n|-weather|SunnyDay|[upkeep]\n|upkeep\n|turn|4\n|inactive|Barbie120 has 30 seconds left.\n|\n|t:|1776283667\n|switch|p1a: Goodra|Goodra, L50, M|100/100\n|detailschange|p1b: Lucario|Lucario-Mega, L50, F\n|-mega|p1b: Lucario|Lucario|Lucarionite\n|move|p1b: Lucario|Bullet Punch|p2a: Whimsicott\n|-supereffective|p2a: Whimsicott|1\n|-damage|p2a: Whimsicott|0 fnt\n|faint|p2a: Whimsicott\n|move|p2b: Dragapult|Phantom Force||[still]\n|-prepare|p2b: Dragapult|Phantom Force\n|\n|-weather|SunnyDay|[upkeep]\n|upkeep\n|\n|t:|1776283671\n|switch|p2a: Charizard|Charizard-Mega-Y, L50, F|96/100\n|turn|5\n|\n|t:|1776283682\n|move|p1b: Lucario|Detect|p1b: Lucario\n|-singleturn|p1b: Lucario|Protect\n|move|p2b: Dragapult|Phantom Force|p1b: Lucario|[from] lockedmove\n|-activate|p1b: Lucario|move: Phantom Force|[broken]\n|-damage|p1b: Lucario|21/100\n|move|p2a: Charizard|Heat Wave|p1b: Lucario|[spread] p1a\n|-miss|p2a: Charizard|p1b: Lucario\n|-resisted|p1a: Goodra|1\n|-damage|p1a: Goodra|89/100\n|move|p1a: Goodra|Rock Slide|p2b: Dragapult|[spread] p2b\n|-miss|p1a: Goodra|p2a: Charizard\n|-damage|p2b: Dragapult|83/100\n|\n|-weather|none\n|-heal|p1a: Goodra|95/100|[from] item: Leftovers\n|-sideend|p1: Barbie120|move: Light Screen\n|upkeep\n|turn|6\n|\n|t:|1776283697\n|move|p1b: Lucario|Bullet Punch|p2b: Dragapult\n|-damage|p2b: Dragapult|0 fnt\n|faint|p2b: Dragapult\n|move|p2a: Charizard|Heat Wave|p1a: Goodra|[spread] p1a,p1b\n|-resisted|p1a: Goodra|1\n|-supereffective|p1b: Lucario|1\n|-damage|p1a: Goodra|82/100\n|-damage|p1b: Lucario|0 fnt\n|faint|p1b: Lucario\n|move|p1a: Goodra|Rock Slide|p2a: Charizard\n|-supereffective|p2a: Charizard|2\n|-damage|p2a: Charizard|0 fnt\n|faint|p2a: Charizard\n|\n|win|Barbie120\n|raw|Barbie120's rating: 1101 &rarr; <strong>1124</strong><br />(+23 for winning)\n|raw|The hoe battle's rating: 1077 &rarr; <strong>1057</strong><br />(-20 for losing)\n|l|\u2606The hoe battle\n|player|p2|\n",
  "uploadtime": 1776283706,
  "views": 18,
  "formatid": "gen9championsvgc2026regma",
  "rating": 1057,
  "private": 0,
  "password": null
}