{
  "id": "gen9championsvgc2026regma-2581711484",
  "format": "[Gen 9 Champions] VGC 2026 Reg M-A",
  "players": [
    "SrAlberto",
    "derpybaits"
  ],
  "log": "|j|\u2606SrAlberto\n|j|\u2606derpybaits\n|t:|1776022582\n|gametype|doubles\n|player|p1|SrAlberto|cynthia-gen4|1098\n|player|p2|derpybaits|2|1025\n|gen|9\n|tier|[Gen 9 Champions] VGC 2026 Reg M-A\n|rated|\n|rule|Species Clause: Limit one of each Pok\u00e9mon\n|rule|Item Clause: Limit 1 of each item\n|clearpoke\n|poke|p1|Incineroar, L50, M|\n|poke|p1|Rotom-Wash, L50|\n|poke|p1|Sinistcha, L50|\n|poke|p1|Gengar, L50, M|\n|poke|p1|Garchomp, L50, F|\n|poke|p1|Corviknight, L50, M|\n|poke|p2|Chandelure, L50, M|\n|poke|p2|Basculegion, L50, M|\n|poke|p2|Kingambit, L50, M|\n|poke|p2|Aerodactyl, L50, M|\n|poke|p2|Conkeldurr, L50, F|\n|poke|p2|Clefable, L50, F|\n|teampreview|4\n|\n|t:|1776022629\n|teamsize|p1|4\n|teamsize|p2|4\n|start\n|switch|p1a: Rotom|Rotom-Wash, L50|100/100\n|switch|p1b: Garchomp|Garchomp, L50, F|100/100\n|switch|p2a: Basculegion|Basculegion, L50, M|100/100\n|switch|p2b: Clefable|Clefable, L50, F|100/100\n|turn|1\n|inactive|Battle timer is ON: inactive players will automatically lose when time's up. (requested by SrAlberto)\n|\n|t:|1776022654\n|move|p2a: Basculegion|Protect|p2a: Basculegion\n|-singleturn|p2a: Basculegion|Protect\n|move|p2b: Clefable|Protect|p2b: Clefable\n|-singleturn|p2b: Clefable|Protect\n|move|p1a: Rotom|Volt Switch|p2a: Basculegion\n|-activate|p2a: Basculegion|move: Protect\n|move|p1b: Garchomp|Rock Slide|p2b: Clefable|[spread] \n|-activate|p2a: Basculegion|move: Protect\n|-activate|p2b: Clefable|move: Protect\n|\n|upkeep\n|turn|2\n|\n|t:|1776022668\n|switch|p2a: Kingambit|Kingambit, L50, M|100/100\n|move|p1a: Rotom|Volt Switch|p2a: Kingambit\n|-damage|p2a: Kingambit|61/100\n|\n|t:|1776022685\n|switch|p1a: Incineroar|Incineroar, L50, M|100/100|[from] Volt Switch\n|-ability|p1a: Incineroar|Intimidate|boost\n|-unboost|p2a: Kingambit|atk|1\n|-ability|p2a: Kingambit|Defiant|boost\n|-boost|p2a: Kingambit|atk|2\n|-unboost|p2b: Clefable|atk|1\n|move|p1b: Garchomp|Rock Slide|p2a: Kingambit|[spread] p2a,p2b\n|-resisted|p2a: Kingambit|1\n|-damage|p2a: Kingambit|52/100\n|-damage|p2b: Clefable|78/100\n|cant|p2b: Clefable|flinch\n|\n|upkeep\n|turn|3\n|inactive|derpybaits has 30 seconds left.\n|inactive|SrAlberto has 30 seconds left.\n|\n|t:|1776022718\n|switch|p1a: Rotom|Rotom-Wash, L50|100/100\n|move|p2a: Kingambit|Protect|p2a: Kingambit\n|-singleturn|p2a: Kingambit|Protect\n|move|p1b: Garchomp|Earthquake|p2b: Clefable|[spread] p2b\n|-activate|p2a: Kingambit|move: Protect\n|-immune|p1a: Rotom|[from] ability: Levitate\n|-damage|p2b: Clefable|32/100\n|-enditem|p2b: Clefable|Sitrus Berry|[eat]\n|-heal|p2b: Clefable|56/100|[from] item: Sitrus Berry\n|move|p2b: Clefable|Moonblast|p1b: Garchomp\n|-supereffective|p1b: Garchomp|1\n|-damage|p1b: Garchomp|28/100\n|\n|upkeep\n|turn|4\n|inactive|derpybaits has 30 seconds left.\n|\n|t:|1776022744\n|move|p2b: Clefable|Protect|p2b: Clefable\n|-singleturn|p2b: Clefable|Protect\n|move|p2a: Kingambit|Sucker Punch|p1b: Garchomp\n|-damage|p1b: Garchomp|0 fnt\n|-damage|p2a: Kingambit|40/100|[from] ability: Rough Skin|[of] p1b: Garchomp\n|faint|p1b: Garchomp\n|move|p1a: Rotom|Thunderbolt|p2a: Kingambit\n|-damage|p2a: Kingambit|0 fnt\n|faint|p2a: Kingambit\n|\n|upkeep\n|\n|t:|1776022759\n|switch|p1b: Gengar|Gengar, L50, M|100/100\n|switch|p2a: Basculegion|Basculegion, L50, M|100/100\n|turn|5\n|\n|t:|1776022773\n|detailschange|p1b: Gengar|Gengar-Mega, L50, M\n|-mega|p1b: Gengar|Gengar|Gengarite\n|move|p2b: Clefable|Follow Me|p2b: Clefable\n|-singleturn|p2b: Clefable|move: Follow Me\n|move|p1a: Rotom|Thunderbolt|p2b: Clefable\n|-damage|p2b: Clefable|31/100\n|move|p1b: Gengar|Sludge Bomb|p2b: Clefable\n|-supereffective|p2b: Clefable|1\n|-damage|p2b: Clefable|0 fnt\n|faint|p2b: Clefable\n|move|p2a: Basculegion|Last Respects|p1b: Gengar\n|-supereffective|p1b: Gengar|1\n|-damage|p1b: Gengar|0 fnt\n|faint|p1b: Gengar\n|\n|upkeep\n|\n|t:|1776022784\n|switch|p1b: Incineroar|Incineroar, L50, M|100/100\n|switch|p2b: Aerodactyl|Aerodactyl, L50, M|100/100\n|-ability|p2b: Aerodactyl|Unnerve\n|-ability|p1b: Incineroar|Intimidate|boost\n|-unboost|p2a: Basculegion|atk|1\n|-unboost|p2b: Aerodactyl|atk|1\n|-enditem|p2a: Basculegion|White Herb\n|-clearnegativeboost|p2a: Basculegion|[silent]\n|turn|6\n|\n|t:|1776022807\n|move|p2b: Aerodactyl|Protect|p2b: Aerodactyl\n|-singleturn|p2b: Aerodactyl|Protect\n|move|p2a: Basculegion|Protect|p2a: Basculegion\n|-singleturn|p2a: Basculegion|Protect\n|move|p1b: Incineroar|Fake Out|p2b: Aerodactyl\n|-activate|p2b: Aerodactyl|move: Protect\n|move|p1a: Rotom|Thunderbolt|p2a: Basculegion\n|-activate|p2a: Basculegion|move: Protect\n|\n|upkeep\n|turn|7\n|\n|t:|1776022830\n|detailschange|p2b: Aerodactyl|Aerodactyl-Mega, L50, M\n|-mega|p2b: Aerodactyl|Aerodactyl|Aerodactylite\n|move|p2b: Aerodactyl|Rock Slide|p1a: Rotom|[spread] p1a,p1b\n|-supereffective|p1b: Incineroar|1\n|-damage|p1a: Rotom|75/100\n|-damage|p1b: Incineroar|64/100\n|cant|p1a: Rotom|flinch\n|move|p2a: Basculegion|Wave Crash|p1b: Incineroar\n|-supereffective|p1b: Incineroar|1\n|-damage|p1b: Incineroar|0 fnt\n|faint|p1b: Incineroar\n|-damage|p2a: Basculegion|82/100|[from] Recoil\n|\n|upkeep\n|turn|8\n|\n|t:|1776022848\n|move|p2b: Aerodactyl|Rock Slide|p1a: Rotom\n|-damage|p1a: Rotom|38/100\n|move|p1a: Rotom|Thunderbolt|p2b: Aerodactyl\n|-supereffective|p2b: Aerodactyl|1\n|-damage|p2b: Aerodactyl|10/100\n|move|p2a: Basculegion|Last Respects|p1a: Rotom\n|-damage|p1a: Rotom|0 fnt\n|faint|p1a: Rotom\n|\n|win|derpybaits\n|raw|SrAlberto's rating: 1098 &rarr; <strong>1068</strong><br />(-30 for losing)\n|raw|derpybaits's rating: 1025 &rarr; <strong>1069</strong><br />(+44 for winning)\n",
  "uploadtime": 1776022856,
  "views": 15,
  "formatid": "gen9championsvgc2026regma",
  "rating": 1068,
  "private": 0,
  "password": null
}