{
  "id": "gen9championsvgc2026regma-2586403608",
  "format": "[Gen 9 Champions] VGC 2026 Reg M-A",
  "players": [
    "Manpreet Squidwho",
    "ahskie"
  ],
  "log": "|j|\u2606Manpreet Squidwho\n|j|\u2606ahskie\n|t:|1776432220\n|gametype|doubles\n|player|p1|Manpreet Squidwho|170|1229\n|player|p2|ahskie|102|1143\n|gen|9\n|tier|[Gen 9 Champions] VGC 2026 Reg M-A\n|rated|\n|rule|Species Clause: Limit one of each Pok\u00e9mon\n|rule|Item Clause: Limit 1 of each item\n|clearpoke\n|poke|p1|Bellibolt, L50, F|\n|poke|p1|Oranguru, L50, M|\n|poke|p1|Camerupt, L50, M|\n|poke|p1|Torkoal, L50, M|\n|poke|p1|Sinistcha, L50|\n|poke|p1|Blastoise, L50, M|\n|poke|p2|Garchomp, L50, M|\n|poke|p2|Tyranitar, L50, M|\n|poke|p2|Sneasler, L50, F|\n|poke|p2|Scizor, L50, F|\n|poke|p2|Rotom-Wash, L50|\n|poke|p2|Incineroar, L50, M|\n|teampreview|4\n|\n|t:|1776432244\n|teamsize|p1|4\n|teamsize|p2|4\n|start\n|switch|p1a: Bellibolt|Bellibolt, L50, F|100/100\n|switch|p1b: Oranguru|Oranguru, L50, M|100/100\n|switch|p2a: Garchomp|Garchomp, L50, M|100/100\n|switch|p2b: Tyranitar|Tyranitar, L50, M|100/100\n|-weather|Sandstorm|[from] ability: Sand Stream|[of] p2b: Tyranitar\n|turn|1\n|inactive|Battle timer is ON: inactive players will automatically lose when time's up. (requested by ahskie)\n|\n|t:|1776432264\n|move|p2a: Garchomp|Swords Dance|p2a: Garchomp\n|-boost|p2a: Garchomp|atk|2\n|move|p2b: Tyranitar|Knock Off|p1b: Oranguru\n|-supereffective|p1b: Oranguru|1\n|-damage|p1b: Oranguru|9/100\n|-enditem|p1b: Oranguru|Mental Herb|[from] move: Knock Off|[of] p2b: Tyranitar\n|move|p1a: Bellibolt|Volt Switch|p2b: Tyranitar\n|-damage|p2b: Tyranitar|73/100\n|\n|t:|1776432275\n|switch|p1a: Sinistcha|Sinistcha, L50|100/100|[from] Volt Switch\n|-heal|p1b: Oranguru|34/100|[from] ability: Hospitality|[of] p1a: Sinistcha\n|move|p1b: Oranguru|Trick Room|p1b: Oranguru\n|-fieldstart|move: Trick Room|[of] p1b: Oranguru\n|\n|-weather|Sandstorm|[upkeep]\n|-damage|p1a: Sinistcha|94/100|[from] Sandstorm\n|-damage|p1b: Oranguru|28/100|[from] Sandstorm\n|upkeep\n|turn|2\n|\n|t:|1776432293\n|switch|p2b: Rotom|Rotom-Wash, L50|100/100\n|move|p1a: Sinistcha|Matcha Gotcha|p2b: Rotom|[spread] p2a,p2b\n|-supereffective|p2b: Rotom|1\n|-damage|p2a: Garchomp|74/100\n|-heal|p1a: Sinistcha|100/100|[from] drain|[of] p2a: Garchomp\n|-damage|p2b: Rotom|47/100\n|-enditem|p2b: Rotom|Sitrus Berry|[eat]\n|-heal|p2b: Rotom|72/100|[from] item: Sitrus Berry\n|move|p1b: Oranguru|Foul Play|p2a: Garchomp\n|-damage|p2a: Garchomp|4/100\n|move|p2a: Garchomp|Dragon Claw|p1a: Sinistcha\n|-damage|p1a: Sinistcha|24/100\n|-enditem|p1a: Sinistcha|Sitrus Berry|[eat]\n|-heal|p1a: Sinistcha|49/100|[from] item: Sitrus Berry\n|\n|-weather|Sandstorm|[upkeep]\n|-damage|p1a: Sinistcha|43/100|[from] Sandstorm\n|-damage|p1b: Oranguru|22/100|[from] Sandstorm\n|-damage|p2b: Rotom|66/100|[from] Sandstorm\n|upkeep\n|turn|3\n|inactive|ahskie has 30 seconds left.\n|\n|t:|1776432321\n|move|p2a: Garchomp|Protect|p2a: Garchomp\n|-singleturn|p2a: Garchomp|Protect\n|move|p1a: Sinistcha|Matcha Gotcha|p2a: Garchomp|[spread] p2b\n|-activate|p2a: Garchomp|move: Protect\n|-supereffective|p2b: Rotom|1\n|-damage|p2b: Rotom|11/100\n|-heal|p1a: Sinistcha|67/100|[from] drain|[of] p2b: Rotom\n|move|p1b: Oranguru|Instruct|p1a: Sinistcha\n|-singleturn|p1a: Sinistcha|move: Instruct|[of] p1b: Oranguru\n|move|p1a: Sinistcha|Matcha Gotcha|p2a: Garchomp|[spread] p2b\n|-activate|p2a: Garchomp|move: Protect\n|-supereffective|p2b: Rotom|1\n|-damage|p2b: Rotom|0 fnt\n|-heal|p1a: Sinistcha|72/100|[from] drain|[of] p2b: Rotom\n|faint|p2b: Rotom\n|\n|-weather|Sandstorm|[upkeep]\n|-damage|p1a: Sinistcha|66/100|[from] Sandstorm\n|-damage|p1b: Oranguru|16/100|[from] Sandstorm\n|upkeep\n|\n|t:|1776432341\n|switch|p2b: Incineroar|Incineroar, L50, M|100/100\n|-ability|p2b: Incineroar|Intimidate|boost\n|-unboost|p1a: Sinistcha|atk|1\n|-unboost|p1b: Oranguru|atk|1\n|turn|4\n|\n|t:|1776432348\n|switch|p1b: Camerupt|Camerupt, L50, M|100/100\n|move|p2a: Garchomp|Protect||[still]\n|-fail|p2a: Garchomp\n|move|p1a: Sinistcha|Matcha Gotcha|p2a: Garchomp|[spread] p2a,p2b\n|-resisted|p2b: Incineroar|1\n|-damage|p2a: Garchomp|0 fnt\n|-heal|p1a: Sinistcha|68/100|[from] drain|[of] p2a: Garchomp\n|-damage|p2b: Incineroar|91/100\n|-heal|p1a: Sinistcha|73/100|[from] drain|[of] p2b: Incineroar\n|faint|p2a: Garchomp\n|move|p2b: Incineroar|Flare Blitz|p1a: Sinistcha\n|-supereffective|p1a: Sinistcha|1\n|-damage|p1a: Sinistcha|0 fnt\n|faint|p1a: Sinistcha\n|-damage|p2b: Incineroar|69/100|[from] Recoil\n|\n|-weather|Sandstorm|[upkeep]\n|-damage|p2b: Incineroar|63/100|[from] Sandstorm\n|-heal|p2b: Incineroar|69/100|[from] item: Leftovers\n|upkeep\n|\n|t:|1776432370\n|switch|p1a: Oranguru|Oranguru, L50, M|16/100\n|switch|p2a: Tyranitar|Tyranitar, L50, M|73/100\n|turn|5\n|\n|t:|1776432379\n|detailschange|p1b: Camerupt|Camerupt-Mega, L50, M\n|-mega|p1b: Camerupt|Camerupt|Cameruptite\n|move|p2a: Tyranitar|Protect|p2a: Tyranitar\n|-singleturn|p2a: Tyranitar|Protect\n|move|p1b: Camerupt|Earth Power|p2b: Incineroar\n|-supereffective|p2b: Incineroar|1\n|-damage|p2b: Incineroar|0 fnt\n|faint|p2b: Incineroar\n|move|p1a: Oranguru|Instruct|p1b: Camerupt\n|-singleturn|p1b: Camerupt|move: Instruct|[of] p1a: Oranguru\n|move|p1b: Camerupt|Earth Power|p2a: Tyranitar\n|-activate|p2a: Tyranitar|move: Protect\n|\n|-weather|none\n|-fieldend|move: Trick Room\n|upkeep\n|turn|6\n|\n|t:|1776432394\n|detailschange|p2a: Tyranitar|Tyranitar-Mega, L50, M\n|-mega|p2a: Tyranitar|Tyranitar|Tyranitarite\n|-weather|Sandstorm|[from] ability: Sand Stream|[of] p2a: Tyranitar\n|move|p2a: Tyranitar|Rock Slide|p1b: Camerupt|[spread] p1a,p1b\n|-damage|p1a: Oranguru|0 fnt\n|-damage|p1b: Camerupt|54/100\n|faint|p1a: Oranguru\n|move|p1b: Camerupt|Earth Power|p2a: Tyranitar\n|-supereffective|p2a: Tyranitar|1\n|-damage|p2a: Tyranitar|0 fnt\n|faint|p2a: Tyranitar\n|\n|win|Manpreet Squidwho\n|raw|Manpreet Squidwho's rating: 1229 &rarr; <strong>1248</strong><br />(+19 for winning)\n|raw|ahskie's rating: 1143 &rarr; <strong>1124</strong><br />(-19 for losing)\n",
  "uploadtime": 1776432396,
  "views": 40,
  "formatid": "gen9championsvgc2026regma",
  "rating": 1124,
  "private": 0,
  "password": null
}