{
  "id": "gen9championsvgc2026regma-2583747115",
  "format": "[Gen 9 Champions] VGC 2026 Reg M-A",
  "players": [
    "Zzalen",
    "MefShowdown0"
  ],
  "log": "|j|\u2606Zzalen\n|j|\u2606MefShowdown0\n|t:|1776194941\n|gametype|doubles\n|player|p1|Zzalen|ghetsis|1217\n|player|p2|MefShowdown0|selene-masters2|1280\n|gen|9\n|tier|[Gen 9 Champions] VGC 2026 Reg M-A\n|rated|\n|rule|Species Clause: Limit one of each Pok\u00e9mon\n|rule|Item Clause: Limit 1 of each item\n|clearpoke\n|poke|p1|Palafin, L50, M|\n|poke|p1|Clefable, L50, M|\n|poke|p1|Incineroar, L50, M|\n|poke|p1|Gengar, L50, F|\n|poke|p1|Kingambit, L50, M|\n|poke|p1|Dragonite, L50, M|\n|poke|p2|Floette-Eternal, L50, F|\n|poke|p2|Aerodactyl, L50, F|\n|poke|p2|Sneasler, L50, F|\n|poke|p2|Garchomp, L50, M|\n|poke|p2|Incineroar, L50, F|\n|poke|p2|Sinistcha, L50|\n|teampreview|4\n|\n|t:|1776194980\n|teamsize|p1|4\n|teamsize|p2|4\n|start\n|switch|p1a: Gengar|Gengar, L50, F|100/100\n|switch|p1b: Incineroar|Incineroar, L50, M|100/100\n|switch|p2a: Sneasler|Sneasler, L50, F|100/100\n|switch|p2b: Incineroar|Incineroar, L50, F|100/100\n|-ability|p1b: Incineroar|Intimidate|boost\n|-unboost|p2a: Sneasler|atk|1\n|-unboost|p2b: Incineroar|atk|1\n|-ability|p2b: Incineroar|Intimidate|boost\n|-unboost|p1a: Gengar|atk|1\n|-unboost|p1b: Incineroar|atk|1\n|-enditem|p2a: Sneasler|White Herb\n|-clearnegativeboost|p2a: Sneasler|[silent]\n|turn|1\n|inactive|Battle timer is ON: inactive players will automatically lose when time's up. (requested by MefShowdown0)\n|inactive|Zzalen has 60 seconds left.\n|\n|t:|1776195018\n|detailschange|p1a: Gengar|Gengar-Mega, L50, F\n|-mega|p1a: Gengar|Gengar|Gengarite\n|move|p1a: Gengar|Protect|p1a: Gengar\n|-singleturn|p1a: Gengar|Protect\n|move|p2a: Sneasler|Close Combat|p1b: Incineroar\n|-supereffective|p1b: Incineroar|1\n|-damage|p1b: Incineroar|0 fnt\n|-unboost|p2a: Sneasler|def|1\n|-unboost|p2a: Sneasler|spd|1\n|faint|p1b: Incineroar\n|move|p2b: Incineroar|Throat Chop|p1a: Gengar\n|-activate|p1a: Gengar|move: Protect\n|\n|upkeep\n|\n|t:|1776195029\n|switch|p1b: Palafin|Palafin, L50, M|100/100\n|turn|2\n|\n|t:|1776195048\n|detailschange|p1b: Palafin|Palafin-Hero, L50, M\n|switch|p1b: Clefable|Clefable, L50, M|100/100\n|move|p2a: Sneasler|Dire Claw|p1b: Clefable\n|-supereffective|p1b: Clefable|1\n|-damage|p1b: Clefable|20/100\n|-enditem|p1b: Clefable|Sitrus Berry|[eat]\n|-heal|p1b: Clefable|45/100|[from] item: Sitrus Berry\n|move|p1a: Gengar|Sludge Bomb|p2a: Sneasler\n|-resisted|p2a: Sneasler|1\n|-damage|p2a: Sneasler|51/100\n|move|p2b: Incineroar|Throat Chop|p1a: Gengar\n|-supereffective|p1a: Gengar|1\n|-damage|p1a: Gengar|45/100\n|-start|p1a: Gengar|Throat Chop|[silent]\n|\n|upkeep\n|turn|3\n|\n|t:|1776195068\n|move|p2a: Sneasler|Dire Claw|p1b: Clefable\n|-supereffective|p1b: Clefable|1\n|-damage|p1b: Clefable|0 fnt\n|faint|p1b: Clefable\n|move|p1a: Gengar|Shadow Ball|p2a: Sneasler\n|-damage|p2a: Sneasler|0 fnt\n|faint|p2a: Sneasler\n|move|p2b: Incineroar|Throat Chop|p1a: Gengar\n|-supereffective|p1a: Gengar|1\n|-damage|p1a: Gengar|0 fnt\n|faint|p1a: Gengar\n|\n|upkeep\n|\n|t:|1776195079\n|switch|p1a: Palafin|Palafin-Hero, L50, M|100/100\n|switch|p2a: Floette|Floette-Eternal, L50, F|100/100\n|-activate|p1a: Palafin|ability: Zero to Hero\n|turn|4\n|\n|t:|1776195093\n|switch|p2b: Sinistcha|Sinistcha, L50|100/100\n|detailschange|p2a: Floette|Floette-Mega, L50, F\n|-mega|p2a: Floette|Floette|Floettite\n|-ability|p2a: Floette|Fairy Aura\n|move|p2a: Floette|Protect|p2a: Floette\n|-singleturn|p2a: Floette|Protect\n|move|p1a: Palafin|Bulk Up|p1a: Palafin\n|-boost|p1a: Palafin|atk|1\n|-boost|p1a: Palafin|def|1\n|\n|upkeep\n|turn|5\n|-message|Zzalen forfeited.\n|\n|win|MefShowdown0\n|raw|Zzalen's rating: 1217 &rarr; <strong>1196</strong><br />(-21 for losing)\n|raw|MefShowdown0's rating: 1280 &rarr; <strong>1301</strong><br />(+21 for winning)\n",
  "uploadtime": 1776195102,
  "views": 17,
  "formatid": "gen9championsvgc2026regma",
  "rating": 1196,
  "private": 0,
  "password": null
}