{
  "id": "gen9championsvgc2026regma-2586188512",
  "format": "[Gen 9 Champions] VGC 2026 Reg M-A",
  "players": [
    "DrakeDogg",
    "poke_marcos_23"
  ],
  "log": "|j|\u2606DrakeDogg\n|j|\u2606poke_marcos_23\n|t:|1776410179\n|gametype|doubles\n|player|p1|DrakeDogg|roxie|1291\n|player|p2|poke_marcos_23|ethan|1374\n|gen|9\n|tier|[Gen 9 Champions] VGC 2026 Reg M-A\n|rated|\n|rule|Species Clause: Limit one of each Pok\u00e9mon\n|rule|Item Clause: Limit 1 of each item\n|clearpoke\n|poke|p1|Froslass, L50, F|\n|poke|p1|Sneasler, L50, F|\n|poke|p1|Greninja-*, L50, F|\n|poke|p1|Incineroar, L50, F|\n|poke|p1|Milotic, L50, M|\n|poke|p1|Volcarona, L50, F|\n|poke|p2|Floette-Eternal, L50, F|\n|poke|p2|Milotic, L50, F|\n|poke|p2|Incineroar, L50, M|\n|poke|p2|Kingambit, L50, F|\n|poke|p2|Maushold, L50|\n|poke|p2|Garchomp, L50, M|\n|teampreview|4\n|inactive|Battle timer is ON: inactive players will automatically lose when time's up. (requested by DrakeDogg)\n|inactive|poke_marcos_23 has 60 seconds left.\n|\n|t:|1776410219\n|teamsize|p1|4\n|teamsize|p2|4\n|start\n|switch|p1a: Froslass|Froslass, L50, F|100/100\n|switch|p1b: Sneasler|Sneasler, L50, F|100/100\n|switch|p2a: Kingambit|Kingambit, L50, F|100/100\n|switch|p2b: Milotic|Milotic, L50, F|100/100\n|turn|1\n|inactive|DrakeDogg has 30 seconds left.\n|inactive|DrakeDogg has 20 seconds left.\n|\n|t:|1776410257\n|detailschange|p1a: Froslass|Froslass-Mega, L50, F\n|-mega|p1a: Froslass|Froslass|Froslassite\n|-weather|Snowscape|[from] ability: Snow Warning|[of] p1a: Froslass\n|move|p2a: Kingambit|Protect|p2a: Kingambit\n|-singleturn|p2a: Kingambit|Protect\n|move|p1b: Sneasler|Close Combat|p2a: Kingambit\n|-activate|p2a: Kingambit|move: Protect\n|move|p1a: Froslass|Aurora Veil|p1a: Froslass\n|-sidestart|p1: DrakeDogg|move: Aurora Veil\n|move|p2b: Milotic|Coil|p2b: Milotic\n|-boost|p2b: Milotic|atk|1\n|-boost|p2b: Milotic|def|1\n|-boost|p2b: Milotic|accuracy|1\n|\n|-weather|Snowscape|[upkeep]\n|upkeep\n|turn|2\n|\n|t:|1776410280\n|switch|p2a: Floette|Floette-Eternal, L50, F|100/100\n|move|p1b: Sneasler|Close Combat|p2a: Floette\n|-resisted|p2a: Floette|1\n|-damage|p2a: Floette|60/100\n|-unboost|p1b: Sneasler|def|1\n|-unboost|p1b: Sneasler|spd|1\n|-enditem|p1b: Sneasler|White Herb\n|-clearnegativeboost|p1b: Sneasler|[silent]\n|move|p1a: Froslass|Shadow Ball|p2b: Milotic\n|-damage|p2b: Milotic|77/100\n|-unboost|p2b: Milotic|spd|1\n|-ability|p2b: Milotic|Competitive|boost\n|-boost|p2b: Milotic|spa|2\n|move|p2b: Milotic|Coil|p2b: Milotic\n|-boost|p2b: Milotic|atk|1\n|-boost|p2b: Milotic|def|1\n|-boost|p2b: Milotic|accuracy|1\n|\n|-weather|Snowscape|[upkeep]\n|-heal|p2b: Milotic|83/100|[from] item: Leftovers\n|upkeep\n|turn|3\n|inactive|poke_marcos_23 has 30 seconds left.\n|\n|t:|1776410306\n|move|p2a: Floette|Protect|p2a: Floette\n|-singleturn|p2a: Floette|Protect\n|move|p1b: Sneasler|Dire Claw|p2a: Floette\n|-activate|p2a: Floette|move: Protect\n|move|p1a: Froslass|Shadow Ball|p2b: Milotic\n|-damage|p2b: Milotic|42/100\n|move|p2b: Milotic|Hypnosis|p1b: Sneasler\n|-status|p1b: Sneasler|slp|[from] move: Hypnosis\n|\n|-weather|Snowscape|[upkeep]\n|-heal|p2b: Milotic|48/100|[from] item: Leftovers\n|upkeep\n|turn|4\n|\n|t:|1776410321\n|detailschange|p2a: Floette|Floette-Mega, L50, F\n|-mega|p2a: Floette|Floette|Floettite\n|-ability|p2a: Floette|Fairy Aura\n|cant|p1b: Sneasler|slp\n|move|p1a: Froslass|Shadow Ball|p2b: Milotic\n|-damage|p2b: Milotic|11/100\n|move|p2a: Floette|Calm Mind|p2a: Floette\n|-boost|p2a: Floette|spa|1\n|-boost|p2a: Floette|spd|1\n|move|p2b: Milotic|Life Dew|p2b: Milotic|[spread] p2a,p2b\n|-heal|p2a: Floette|84/100\n|-heal|p2b: Milotic|36/100\n|\n|-weather|Snowscape|[upkeep]\n|-heal|p2b: Milotic|42/100|[from] item: Leftovers\n|upkeep\n|turn|5\n|\n|t:|1776410340\n|cant|p1b: Sneasler|slp\n|move|p1a: Froslass|Shadow Ball|p2b: Milotic\n|-damage|p2b: Milotic|6/100\n|move|p2a: Floette|Dazzling Gleam|p1a: Froslass|[spread] p1a,p1b\n|-damage|p1a: Froslass|56/100\n|-damage|p1b: Sneasler|50/100 slp\n|move|p2b: Milotic|Life Dew|p2b: Milotic|[spread] p2a,p2b\n|-heal|p2a: Floette|100/100\n|-heal|p2b: Milotic|31/100\n|\n|-weather|none\n|-heal|p2b: Milotic|37/100|[from] item: Leftovers\n|-sideend|p1: DrakeDogg|move: Aurora Veil\n|upkeep\n|turn|6\n|\n|t:|1776410359\n|-curestatus|p1b: Sneasler|slp|[msg]\n|move|p1b: Sneasler|Dire Claw|p2a: Floette\n|-supereffective|p2a: Floette|1\n|-damage|p2a: Floette|17/100\n|-status|p2a: Floette|par\n|move|p1a: Froslass|Shadow Ball|p2b: Milotic\n|-damage|p2b: Milotic|0 fnt\n|faint|p2b: Milotic\n|move|p2a: Floette|Dazzling Gleam|p1b: Sneasler|[spread] p1a,p1b\n|-damage|p1a: Froslass|0 fnt\n|-damage|p1b: Sneasler|0 fnt\n|faint|p1a: Froslass\n|faint|p1b: Sneasler\n|\n|upkeep\n|\n|t:|1776410375\n|switch|p1a: Greninja|Greninja, L50, F|100/100\n|switch|p1b: Volcarona|Volcarona, L50, F|100/100\n|switch|p2b: Kingambit|Kingambit, L50, F|100/100\n|turn|7\n|\n|t:|1776410395\n|move|p1a: Greninja|Hydro Pump|p2b: Kingambit\n|-start|p1a: Greninja|typechange|Water|[from] ability: Protean\n|-damage|p2b: Kingambit|51/100\n|move|p1b: Volcarona|Heat Wave|p2a: Floette|[spread] p2a,p2b\n|-supereffective|p2b: Kingambit|1\n|-damage|p2a: Floette|0 fnt\n|-damage|p2b: Kingambit|0 fnt\n|faint|p2a: Floette\n|faint|p2b: Kingambit\n|\n|upkeep\n|\n|t:|1776410403\n|switch|p2b: Garchomp|Garchomp, L50, M|100/100\n|turn|8\n|\n|t:|1776410413\n|move|p1a: Greninja|Hydro Pump|p2b: Garchomp\n|-damage|p2b: Garchomp|46/100\n|move|p2b: Garchomp|Earthquake|p1a: Greninja|[spread] p1a,p1b\n|-crit|p1b: Volcarona\n|-damage|p1a: Greninja|32/100\n|-damage|p1b: Volcarona|33/100\n|move|p1b: Volcarona|Giga Drain|p2b: Garchomp\n|-damage|p2b: Garchomp|18/100\n|-heal|p1b: Volcarona|47/100|[from] drain|[of] p2b: Garchomp\n|\n|-heal|p1b: Volcarona|53/100|[from] item: Leftovers\n|upkeep\n|turn|9\n|\n|t:|1776410419\n|move|p1a: Greninja|Hydro Pump|p2b: Garchomp\n|-damage|p2b: Garchomp|0 fnt\n|faint|p2b: Garchomp\n|\n|win|DrakeDogg\n|raw|DrakeDogg's rating: 1291 &rarr; <strong>1322</strong><br />(+31 for winning)\n|raw|poke_marcos_23's rating: 1374 &rarr; <strong>1349</strong><br />(-25 for losing)\n",
  "uploadtime": 1776410558,
  "views": 30,
  "formatid": "gen9championsvgc2026regma",
  "rating": 1322,
  "private": 0,
  "password": null
}