{
  "id": "gen9championsvgc2026regma-2582771943",
  "format": "[Gen 9 Champions] VGC 2026 Reg M-A",
  "players": [
    "TURTLE_GR",
    "Azure Resolution"
  ],
  "log": "|j|\u2606TURTLE_GR\n|j|\u2606Azure Resolution\n|t:|1776113003\n|gametype|doubles\n|player|p1|TURTLE_GR|265|1180\n|player|p2|Azure Resolution|gentleman-gen4dp|1285\n|gen|9\n|tier|[Gen 9 Champions] VGC 2026 Reg M-A\n|rated|\n|rule|Species Clause: Limit one of each Pok\u00e9mon\n|rule|Item Clause: Limit 1 of each item\n|clearpoke\n|poke|p1|Charizard, L50, M|\n|poke|p1|Sneasler, L50, F|\n|poke|p1|Basculegion, L50, M|\n|poke|p1|Garchomp, L50, F|\n|poke|p1|Incineroar, L50, M|\n|poke|p1|Venusaur, L50, M|\n|poke|p2|Altaria, L50, F|\n|poke|p2|Whimsicott, L50, M|\n|poke|p2|Delphox, L50, M|\n|poke|p2|Kingambit, L50, M|\n|poke|p2|Basculegion, L50, M|\n|poke|p2|Rotom-Heat, L50|\n|teampreview|4\n|\n|t:|1776113045\n|teamsize|p1|4\n|teamsize|p2|4\n|start\n|switch|p1a: Incineroar|Incineroar, L50, M|100/100\n|switch|p1b: Sneasler|Sneasler, L50, F|100/100\n|switch|p2a: Silly Goose|Altaria, L50, F|100/100\n|switch|p2b: Basculegion|Basculegion, L50, M|100/100\n|-ability|p2a: Silly Goose|Cloud Nine\n|-ability|p1a: Incineroar|Intimidate|boost\n|-unboost|p2a: Silly Goose|atk|1\n|-unboost|p2b: Basculegion|atk|1\n|turn|1\n|\n|t:|1776113083\n|move|p1b: Sneasler|Protect|p1b: Sneasler\n|-singleturn|p1b: Sneasler|Protect\n|move|p2a: Silly Goose|Protect|p2a: Silly Goose\n|-singleturn|p2a: Silly Goose|Protect\n|move|p1a: Incineroar|Fake Out|p2a: Silly Goose\n|-activate|p2a: Silly Goose|move: Protect\n|move|p2b: Basculegion|Flip Turn|p1a: Incineroar\n|-supereffective|p1a: Incineroar|1\n|-damage|p1a: Incineroar|46/100\n|-enditem|p1a: Incineroar|Sitrus Berry|[eat]\n|-heal|p1a: Incineroar|71/100|[from] item: Sitrus Berry\n|\n|t:|1776113103\n|switch|p2b: Delphox|Delphox, L50, M|100/100|[from] Flip Turn\n|\n|upkeep\n|turn|2\n|\n|t:|1776113122\n|move|p2b: Delphox|Protect|p2b: Delphox\n|-singleturn|p2b: Delphox|Protect\n|move|p1b: Sneasler|Rock Slide|p2b: Delphox|[spread] p2a\n|-activate|p2b: Delphox|move: Protect\n|-supereffective|p2a: Silly Goose|1\n|-damage|p2a: Silly Goose|50/100\n|move|p2a: Silly Goose|Tailwind|p2a: Silly Goose\n|-sidestart|p2: Azure Resolution|move: Tailwind\n|move|p1a: Incineroar|Darkest Lariat|p2b: Delphox\n|-activate|p2b: Delphox|move: Protect\n|\n|-heal|p2a: Silly Goose|56/100|[from] item: Leftovers\n|upkeep\n|turn|3\n|\n|t:|1776113160\n|detailschange|p2b: Delphox|Delphox-Mega, L50, M\n|-mega|p2b: Delphox|Delphox|Delphoxite\n|move|p2b: Delphox|Substitute|p2b: Delphox\n|-start|p2b: Delphox|Substitute\n|-damage|p2b: Delphox|75/100\n|move|p2a: Silly Goose|Breaking Swipe|p1a: Incineroar|[spread] p1a,p1b\n|-damage|p1a: Incineroar|63/100\n|-damage|p1b: Sneasler|86/100\n|-unboost|p1a: Incineroar|atk|1\n|-unboost|p1b: Sneasler|atk|1\n|-enditem|p1b: Sneasler|White Herb\n|-clearnegativeboost|p1b: Sneasler|[silent]\n|move|p1b: Sneasler|Rock Slide|p2a: Silly Goose|[spread] p2a\n|-miss|p1b: Sneasler|p2b: Delphox\n|-supereffective|p2a: Silly Goose|1\n|-damage|p2a: Silly Goose|12/100\n|move|p1a: Incineroar|Darkest Lariat|p2b: Delphox\n|-supereffective|p2b: Delphox|1\n|-end|p2b: Delphox|Substitute\n|\n|-heal|p2a: Silly Goose|18/100|[from] item: Leftovers\n|upkeep\n|turn|4\n|\n|t:|1776113195\n|move|p2a: Silly Goose|Protect|p2a: Silly Goose\n|-singleturn|p2a: Silly Goose|Protect\n|move|p2b: Delphox|Psychic|p1b: Sneasler\n|-supereffective|p1b: Sneasler|2\n|-damage|p1b: Sneasler|0 fnt\n|faint|p1b: Sneasler\n|move|p1a: Incineroar|Parting Shot|p2b: Delphox\n|-unboost|p2b: Delphox|atk|1\n|-unboost|p2b: Delphox|spa|1\n|\n|t:|1776113227\n|switch|p1a: Garchomp|Garchomp, L50, F|100/100|[from] Parting Shot\n|\n|-heal|p2a: Silly Goose|24/100|[from] item: Leftovers\n|upkeep\n|\n|t:|1776113233\n|switch|p1b: Incineroar|Incineroar, L50, M|63/100\n|-ability|p1b: Incineroar|Intimidate|boost\n|-unboost|p2a: Silly Goose|atk|1\n|-unboost|p2b: Delphox|atk|1\n|turn|5\n|\n|t:|1776113255\n|move|p2b: Delphox|Protect|p2b: Delphox\n|-singleturn|p2b: Delphox|Protect\n|move|p1a: Garchomp|Protect|p1a: Garchomp\n|-singleturn|p1a: Garchomp|Protect\n|move|p1b: Incineroar|Fake Out|p2b: Delphox\n|-activate|p2b: Delphox|move: Protect\n|move|p2a: Silly Goose|Breaking Swipe|p1a: Garchomp|[spread] p1b\n|-activate|p1a: Garchomp|move: Protect\n|-damage|p1b: Incineroar|58/100\n|-unboost|p1b: Incineroar|atk|1\n|\n|-heal|p2a: Silly Goose|30/100|[from] item: Leftovers\n|-sideend|p2: Azure Resolution|move: Tailwind\n|upkeep\n|turn|6\n|\n|t:|1776113287\n|move|p2b: Delphox|Substitute|p2b: Delphox\n|-start|p2b: Delphox|Substitute\n|-damage|p2b: Delphox|50/100\n|move|p1a: Garchomp|Dragon Claw|p2a: Silly Goose\n|-supereffective|p2a: Silly Goose|1\n|-damage|p2a: Silly Goose|0 fnt\n|faint|p2a: Silly Goose\n|move|p1b: Incineroar|Darkest Lariat|p2b: Delphox\n|-supereffective|p2b: Delphox|1\n|-end|p2b: Delphox|Substitute\n|\n|upkeep\n|\n|t:|1776113298\n|switch|p2a: Basculegion|Basculegion, L50, M|100/100\n|turn|7\n|\n|t:|1776113327\n|move|p2b: Delphox|Psychic|p1a: Garchomp\n|-damage|p1a: Garchomp|57/100\n|move|p2a: Basculegion|Wave Crash|p1a: Garchomp\n|-damage|p1a: Garchomp|0 fnt\n|-damage|p2a: Basculegion|88/100|[from] ability: Rough Skin|[of] p1a: Garchomp\n|faint|p1a: Garchomp\n|-damage|p2a: Basculegion|71/100|[from] Recoil\n|move|p1b: Incineroar|Darkest Lariat|p2a: Basculegion\n|-supereffective|p2a: Basculegion|1\n|-damage|p2a: Basculegion|12/100\n|\n|upkeep\n|\n|t:|1776113338\n|switch|p1a: Charizard|Charizard, L50, M, shiny|100/100\n|turn|8\n|\n|t:|1776113384\n|detailschange|p1a: Charizard|Charizard-Mega-Y, L50, M, shiny\n|-mega|p1a: Charizard|Charizard|Charizardite Y\n|-weather|SunnyDay|[from] ability: Drought|[of] p1a: Charizard\n|move|p2b: Delphox|Protect|p2b: Delphox\n|-singleturn|p2b: Delphox|Protect\n|move|p2a: Basculegion|Wave Crash|p1a: Charizard\n|-supereffective|p1a: Charizard|1\n|-crit|p1a: Charizard\n|-damage|p1a: Charizard|0 fnt\n|faint|p1a: Charizard\n|-damage|p2a: Basculegion|0 fnt|[from] Recoil\n|faint|p2a: Basculegion\n|move|p1b: Incineroar|Darkest Lariat|p2b: Delphox\n|-activate|p2b: Delphox|move: Protect\n|\n|-weather|SunnyDay|[upkeep]\n|upkeep\n|\n|t:|1776113396\n|switch|p2a: Kingambit|Kingambit, L50, M|100/100\n|turn|9\n|\n|t:|1776113414\n|move|p2b: Delphox|Heat Wave|p1b: Incineroar\n|-resisted|p1b: Incineroar|1\n|-crit|p1b: Incineroar\n|-damage|p1b: Incineroar|0 fnt\n|faint|p1b: Incineroar\n|\n|win|Azure Resolution\n|raw|TURTLE_GR's rating: 1180 &rarr; <strong>1162</strong><br />(-18 for losing)\n|raw|Azure Resolution's rating: 1285 &rarr; <strong>1303</strong><br />(+18 for winning)\n|l|\u2606TURTLE_GR\n|player|p1|\n",
  "uploadtime": 1776113421,
  "views": 46,
  "formatid": "gen9championsvgc2026regma",
  "rating": 1162,
  "private": 0,
  "password": null
}