{
  "id": "gen9championsvgc2026regma-2581741536",
  "format": "[Gen 9 Champions] VGC 2026 Reg M-A",
  "players": [
    "Braute",
    "JCasinos71"
  ],
  "log": "|j|\u2606Braute\n|j|\u2606JCasinos71\n|t:|1776024860\n|gametype|doubles\n|player|p1|Braute|miku-fire|1188\n|player|p2|JCasinos71|bruno|1249\n|gen|9\n|tier|[Gen 9 Champions] VGC 2026 Reg M-A\n|rated|\n|rule|Species Clause: Limit one of each Pok\u00e9mon\n|rule|Item Clause: Limit 1 of each item\n|clearpoke\n|poke|p1|Beedrill, L50, M|\n|poke|p1|Incineroar, L50, F|\n|poke|p1|Talonflame, L50, F|\n|poke|p1|Kingambit, L50, M|\n|poke|p1|Tyranitar, L50, M|\n|poke|p1|Excadrill, L50, F|\n|poke|p2|Pelipper, L50, M|\n|poke|p2|Dragonite, L50, F|\n|poke|p2|Basculegion, L50, M|\n|poke|p2|Incineroar, L50, M|\n|poke|p2|Sneasler, L50, F|\n|poke|p2|Corviknight, L50, M|\n|teampreview|4\n|inactive|Battle timer is ON: inactive players will automatically lose when time's up. (requested by Braute)\n|inactive|JCasinos71 has 60 seconds left.\n|\n|t:|1776024896\n|teamsize|p1|4\n|teamsize|p2|4\n|start\n|switch|p1a: Talonflame|Talonflame, L50, F|100/100\n|switch|p1b: Kingambit|Kingambit, L50, M, shiny|100/100\n|switch|p2a: Pelipper|Pelipper, L50, M|100/100\n|switch|p2b: Dragonite|Dragonite, L50, F|100/100\n|-weather|RainDance|[from] ability: Drizzle|[of] p2a: Pelipper\n|turn|1\n|\n|t:|1776024911\n|switch|p1b: Tyranitar|Tyranitar, L50, M|100/100\n|-weather|Sandstorm|[from] ability: Sand Stream|[of] p1b: Tyranitar\n|detailschange|p2b: Dragonite|Dragonite-Mega, L50, F\n|-mega|p2b: Dragonite|Dragonite|Dragoninite\n|move|p1a: Talonflame|Tailwind|p1a: Talonflame\n|-sidestart|p1: Braute|move: Tailwind\n|move|p2b: Dragonite|Hurricane|p1a: Talonflame|[miss]\n|-miss|p2b: Dragonite|p1a: Talonflame\n|move|p2a: Pelipper|Tailwind|p2a: Pelipper\n|-sidestart|p2: JCasinos71|move: Tailwind\n|\n|-weather|Sandstorm|[upkeep]\n|-damage|p1a: Talonflame|95/100|[from] Sandstorm\n|-damage|p2b: Dragonite|95/100|[from] Sandstorm\n|-damage|p2a: Pelipper|95/100|[from] Sandstorm\n|upkeep\n|turn|2\n|\n|t:|1776024933\n|switch|p2b: Basculegion|Basculegion, L50, M|100/100\n|move|p2a: Pelipper|Wide Guard|p2a: Pelipper\n|-singleturn|p2a: Pelipper|Wide Guard\n|move|p1a: Talonflame|Dual Wingbeat|p2a: Pelipper\n|-damage|p2a: Pelipper|78/100\n|-damage|p2a: Pelipper|61/100\n|-hitcount|p2a: Pelipper|2\n|move|p1b: Tyranitar|Rock Slide|p2a: Pelipper|[spread] \n|-activate|p2a: Pelipper|move: Wide Guard\n|-activate|p2b: Basculegion|move: Wide Guard\n|\n|-weather|Sandstorm|[upkeep]\n|-damage|p1a: Talonflame|89/100|[from] Sandstorm\n|-damage|p2b: Basculegion|95/100|[from] Sandstorm\n|-damage|p2a: Pelipper|55/100|[from] Sandstorm\n|upkeep\n|turn|3\n|\n|t:|1776024955\n|switch|p1b: Kingambit|Kingambit, L50, M, shiny|100/100\n|move|p1a: Talonflame|Protect|p1a: Talonflame\n|-singleturn|p1a: Talonflame|Protect\n|move|p2b: Basculegion|Wave Crash|p1b: Kingambit\n|-damage|p1b: Kingambit|31/100\n|-damage|p2b: Basculegion|75/100|[from] Recoil\n|move|p2a: Pelipper|Weather Ball|p1a: Talonflame\n|-activate|p1a: Talonflame|move: Protect\n|\n|-weather|Sandstorm|[upkeep]\n|-damage|p1a: Talonflame|83/100|[from] Sandstorm\n|-damage|p2b: Basculegion|70/100|[from] Sandstorm\n|-damage|p2a: Pelipper|49/100|[from] Sandstorm\n|upkeep\n|turn|4\n|\n|t:|1776024971\n|switch|p1a: Tyranitar|Tyranitar, L50, M|100/100\n|move|p1b: Kingambit|Sucker Punch|p2b: Basculegion\n|-supereffective|p2b: Basculegion|1\n|-damage|p2b: Basculegion|0 fnt\n|faint|p2b: Basculegion\n|move|p2a: Pelipper|Weather Ball|p1a: Tyranitar\n|-damage|p1a: Tyranitar|84/100\n|\n|-weather|Sandstorm|[upkeep]\n|-damage|p2a: Pelipper|43/100|[from] Sandstorm\n|-sideend|p2: JCasinos71|move: Tailwind\n|-sideend|p1: Braute|move: Tailwind\n|upkeep\n|\n|t:|1776024979\n|switch|p2b: Sneasler|Sneasler, L50, F|100/100\n|turn|5\n|\n|t:|1776024988\n|switch|p2a: Dragonite|Dragonite-Mega, L50, F|95/100\n|switch|p1a: Talonflame|Talonflame, L50, F|83/100\n|move|p1b: Kingambit|Protect|p1b: Kingambit\n|-singleturn|p1b: Kingambit|Protect\n|move|p2b: Sneasler|Fake Out|p1a: Talonflame\n|-damage|p1a: Talonflame|62/100\n|\n|-weather|none\n|upkeep\n|turn|6\n|\n|t:|1776025012\n|move|p1a: Talonflame|Dual Wingbeat|p2b: Sneasler|[miss]\n|-miss|p1a: Talonflame|p2b: Sneasler\n|move|p2b: Sneasler|Close Combat|p1b: Kingambit\n|-supereffective|p1b: Kingambit|2\n|-damage|p1b: Kingambit|0 fnt\n|-unboost|p2b: Sneasler|def|1\n|-unboost|p2b: Sneasler|spd|1\n|faint|p1b: Kingambit\n|-enditem|p2b: Sneasler|White Herb\n|-clearnegativeboost|p2b: Sneasler|[silent]\n|move|p2a: Dragonite|Dragon Pulse|p1a: Talonflame\n|-damage|p1a: Talonflame|0 fnt\n|faint|p1a: Talonflame\n|\n|upkeep\n|\n|t:|1776025017\n|switch|p1a: Tyranitar|Tyranitar, L50, M|84/100\n|switch|p1b: Excadrill|Excadrill, L50, F|100/100\n|-weather|Sandstorm|[from] ability: Sand Stream|[of] p1a: Tyranitar\n|turn|7\n|\n|t:|1776025034\n|move|p2a: Dragonite|Protect|p2a: Dragonite\n|-singleturn|p2a: Dragonite|Protect\n|move|p1a: Tyranitar|Protect|p1a: Tyranitar\n|-singleturn|p1a: Tyranitar|Protect\n|move|p2b: Sneasler|Close Combat|p1a: Tyranitar\n|-activate|p1a: Tyranitar|move: Protect\n|move|p1b: Excadrill|High Horsepower|p2b: Sneasler\n|-supereffective|p2b: Sneasler|1\n|-damage|p2b: Sneasler|0 fnt\n|faint|p2b: Sneasler\n|\n|-weather|Sandstorm|[upkeep]\n|-damage|p2a: Dragonite|89/100|[from] Sandstorm\n|upkeep\n|\n|t:|1776025044\n|switch|p2b: Pelipper|Pelipper, L50, M|43/100\n|-weather|RainDance|[from] ability: Drizzle|[of] p2b: Pelipper\n|turn|8\n|\n|t:|1776025064\n|detailschange|p1a: Tyranitar|Tyranitar-Mega, L50, M\n|-mega|p1a: Tyranitar|Tyranitar|Tyranitarite\n|-weather|Sandstorm|[from] ability: Sand Stream|[of] p1a: Tyranitar\n|move|p1b: Excadrill|Iron Head|p2a: Dragonite\n|-damage|p2a: Dragonite|42/100\n|cant|p2a: Dragonite|flinch\n|move|p1a: Tyranitar|Rock Slide|p2a: Dragonite|[spread] p2a,p2b\n|-supereffective|p2a: Dragonite|1\n|-supereffective|p2b: Pelipper|1\n|-damage|p2a: Dragonite|0 fnt\n|-damage|p2b: Pelipper|0 fnt\n|faint|p2a: Dragonite\n|faint|p2b: Pelipper\n|\n|win|Braute\n|raw|Braute's rating: 1188 &rarr; <strong>1217</strong><br />(+29 for winning)\n|raw|JCasinos71's rating: 1249 &rarr; <strong>1220</strong><br />(-29 for losing)\n|l|\u2606JCasinos71\n|player|p2|\n",
  "uploadtime": 1776025065,
  "views": 46,
  "formatid": "gen9championsvgc2026regma",
  "rating": 1217,
  "private": 0,
  "password": null
}