{
  "id": "gen9championsvgc2026regma-2586274608",
  "format": "[Gen 9 Champions] VGC 2026 Reg M-A",
  "players": [
    "XANDAO DE CABELO",
    "the same as here"
  ],
  "log": "|j|\u2606XANDAO DE CABELO\n|j|\u2606the same as here\n|t:|1776420128\n|gametype|doubles\n|player|p1|XANDAO DE CABELO|benga|1166\n|player|p2|the same as here|janitor|1195\n|gen|9\n|tier|[Gen 9 Champions] VGC 2026 Reg M-A\n|rated|\n|rule|Species Clause: Limit one of each Pok\u00e9mon\n|rule|Item Clause: Limit 1 of each item\n|clearpoke\n|poke|p1|Corviknight, L50, M|\n|poke|p1|Starmie, L50|\n|poke|p1|Primarina, L50, F|\n|poke|p1|Excadrill, L50, F|\n|poke|p1|Sinistcha, L50|\n|poke|p1|Morpeko, L50, F|\n|poke|p2|Floette-Eternal, L50, F|\n|poke|p2|Sinistcha, L50|\n|poke|p2|Incineroar, L50, M|\n|poke|p2|Gyarados, L50, M|\n|poke|p2|Garchomp, L50, M|\n|poke|p2|Glimmora, L50, F|\n|teampreview|4\n|inactive|Battle timer is ON: inactive players will automatically lose when time's up. (requested by XANDAO DE CABELO)\n|\n|t:|1776420186\n|teamsize|p1|4\n|teamsize|p2|4\n|start\n|switch|p1a: Corviknight|Corviknight, L50, M, shiny|100/100\n|switch|p1b: Morpeko|Morpeko, L50, F|100/100\n|switch|p2a: The difference|Incineroar, L50, M|100/100\n|switch|p2b: Piano|Garchomp, L50, M|100/100\n|-ability|p2a: The difference|Intimidate|boost\n|-ability|p1a: Corviknight|Mirror Armor\n|-unboost|p2a: The difference|atk|1\n|-unboost|p1b: Morpeko|atk|1\n|turn|1\n|inactive|the same as here has 30 seconds left.\n|\n|t:|1776420219\n|move|p1b: Morpeko|Fake Out|p2a: The difference\n|-crit|p2a: The difference\n|-damage|p2a: The difference|86/100\n|cant|p2a: The difference|flinch\n|move|p2b: Piano|Stomping Tantrum|p1b: Morpeko\n|-supereffective|p1b: Morpeko|1\n|-enditem|p1b: Morpeko|Focus Sash\n|-damage|p1b: Morpeko|1/100\n|move|p1a: Corviknight|Tailwind|p1a: Corviknight\n|-sidestart|p1: XANDAO DE CABELO|move: Tailwind\n|\n|-formechange|p1b: Morpeko|Morpeko-Hangry|\n|upkeep\n|turn|2\n|inactive|the same as here has 30 seconds left.\n|inactive|XANDAO DE CABELO has 30 seconds left.\n|inactive|XANDAO DE CABELO has 20 seconds left.\n|inactive|XANDAO DE CABELO has 15 seconds left.\n|\n|t:|1776420266\n|move|p1b: Morpeko|Parting Shot|p2b: Piano\n|-unboost|p2b: Piano|atk|1\n|-unboost|p2b: Piano|spa|1\n|\n|t:|1776420269\n|switch|p1b: Excadrill|Excadrill, L50, F|100/100|[from] Parting Shot\n|move|p1a: Corviknight|Brave Bird|p2a: The difference\n|-damage|p2a: The difference|54/100\n|-damage|p1a: Corviknight|90/100|[from] Recoil\n|move|p2b: Piano|Rock Slide|p1a: Corviknight|[spread] p1a,p1b\n|-resisted|p1b: Excadrill|2\n|-damage|p1a: Corviknight|82/100\n|-damage|p1b: Excadrill|96/100\n|move|p2a: The difference|Throat Chop|p1a: Corviknight\n|-damage|p1a: Corviknight|70/100\n|-start|p1a: Corviknight|Throat Chop|[silent]\n|\n|upkeep\n|turn|3\n|inactive|XANDAO DE CABELO has 30 seconds left.\n|\n|t:|1776420295\n|switch|p2a: Problems|Sinistcha, L50|100/100\n|detailschange|p1b: Excadrill|Excadrill-Mega, L50, F\n|-mega|p1b: Excadrill|Excadrill|Excadrite\n|move|p2b: Piano|Protect|p2b: Piano\n|-singleturn|p2b: Piano|Protect\n|move|p1b: Excadrill|Rock Slide|p2a: Problems|[spread] p2a\n|-activate|p2b: Piano|move: Protect\n|-damage|p2a: Problems|77/100\n|move|p1a: Corviknight|Brave Bird|p2a: Problems\n|-supereffective|p2a: Problems|1\n|-damage|p2a: Problems|6/100\n|-enditem|p2a: Problems|Sitrus Berry|[eat]\n|-heal|p2a: Problems|30/100|[from] item: Sitrus Berry\n|-damage|p1a: Corviknight|49/100|[from] Recoil\n|-enditem|p1a: Corviknight|Sitrus Berry|[eat]\n|-heal|p1a: Corviknight|74/100|[from] item: Sitrus Berry\n|\n|-end|p1a: Corviknight|Throat Chop|[silent]\n|upkeep\n|turn|4\n|inactive|XANDAO DE CABELO has 30 seconds left.\n|inactive|the same as here has 30 seconds left.\n|\n|t:|1776420324\n|switch|p2b: The difference|Incineroar, L50, M|54/100\n|-ability|p2b: The difference|Intimidate|boost\n|-ability|p1a: Corviknight|Mirror Armor\n|-unboost|p2b: The difference|atk|1\n|-unboost|p1b: Excadrill|atk|1\n|move|p1b: Excadrill|Rock Slide|p2b: The difference|[spread] p2a,p2b\n|-supereffective|p2b: The difference|1\n|-damage|p2a: Problems|14/100\n|-damage|p2b: The difference|25/100\n|move|p1a: Corviknight|Brave Bird|p2a: Problems\n|-supereffective|p2a: Problems|1\n|-damage|p2a: Problems|0 fnt\n|faint|p2a: Problems\n|-damage|p1a: Corviknight|70/100|[from] Recoil\n|\n|-sideend|p1: XANDAO DE CABELO|move: Tailwind\n|upkeep\n|inactive|the same as here has 30 seconds left.\n|\n|t:|1776420355\n|switch|p2a: Piano|Garchomp, L50, M|100/100\n|turn|5\n|\n|t:|1776420374\n|move|p1b: Excadrill|Protect|p1b: Excadrill\n|-singleturn|p1b: Excadrill|Protect\n|move|p2a: Piano|Rock Slide|p1b: Excadrill|[spread] p1a\n|-activate|p1b: Excadrill|move: Protect\n|-damage|p1a: Corviknight|58/100\n|move|p1a: Corviknight|Tailwind|p1a: Corviknight\n|-sidestart|p1: XANDAO DE CABELO|move: Tailwind\n|move|p2b: The difference|Flare Blitz|p1a: Corviknight\n|-supereffective|p1a: Corviknight|1\n|-damage|p1a: Corviknight|20/100\n|-status|p1a: Corviknight|brn\n|-damage|p2b: The difference|12/100|[from] Recoil\n|\n|-damage|p1a: Corviknight|14/100 brn|[from] brn\n|upkeep\n|turn|6\n|\n|t:|1776420393\n|move|p1b: Excadrill|Rock Slide|p2b: The difference|[spread] p2b\n|-miss|p1b: Excadrill|p2a: Piano\n|-supereffective|p2b: The difference|1\n|-damage|p2b: The difference|0 fnt\n|faint|p2b: The difference\n|move|p1a: Corviknight|Roost|p1a: Corviknight\n|-heal|p1a: Corviknight|64/100 brn\n|-singleturn|p1a: Corviknight|move: Roost\n|move|p2a: Piano|Stomping Tantrum|p1b: Excadrill\n|-supereffective|p1b: Excadrill|1\n|-damage|p1b: Excadrill|10/100\n|\n|-damage|p1a: Corviknight|59/100 brn|[from] brn\n|upkeep\n|\n|t:|1776420404\n|switch|p2b: Mini Flutter Mane|Floette-Eternal, L50, F|100/100\n|turn|7\n|\n|t:|1776420418\n|switch|p1a: Sinistcha|Sinistcha, L50|100/100\n|-heal|p1b: Excadrill|34/100|[from] ability: Hospitality|[of] p1a: Sinistcha\n|detailschange|p2b: Mini Flutter Mane|Floette-Mega, L50, F\n|-mega|p2b: Mini Flutter Mane|Floette|Floettite\n|-ability|p2b: Mini Flutter Mane|Fairy Aura\n|move|p2b: Mini Flutter Mane|Protect|p2b: Mini Flutter Mane\n|-singleturn|p2b: Mini Flutter Mane|Protect\n|move|p1b: Excadrill|Iron Head|p2b: Mini Flutter Mane\n|-supereffective|p2b: Mini Flutter Mane|1\n|-ability|p1b: Excadrill|Piercing Drill\n|-zbroken|p2b: Mini Flutter Mane\n|-damage|p2b: Mini Flutter Mane|75/100\n|move|p2a: Piano|Stomping Tantrum|p1b: Excadrill\n|-supereffective|p1b: Excadrill|1\n|-damage|p1b: Excadrill|0 fnt\n|faint|p1b: Excadrill\n|\n|upkeep\n|\n|t:|1776420427\n|switch|p1b: Morpeko|Morpeko, L50, F|1/100\n|turn|8\n|\n|t:|1776420440\n|move|p1b: Morpeko|Fake Out|p2b: Mini Flutter Mane\n|-damage|p2b: Mini Flutter Mane|60/100\n|move|p1a: Sinistcha|Matcha Gotcha|p2a: Piano|[spread] p2a,p2b\n|-damage|p2a: Piano|74/100\n|-damage|p2b: Mini Flutter Mane|42/100\n|cant|p2b: Mini Flutter Mane|flinch\n|move|p2a: Piano|Rock Slide|p1b: Morpeko|[spread] p1a,p1b\n|-damage|p1a: Sinistcha|87/100\n|-damage|p1b: Morpeko|0 fnt\n|faint|p1b: Morpeko\n|\n|-sideend|p1: XANDAO DE CABELO|move: Tailwind\n|upkeep\n|\n|t:|1776420452\n|switch|p1b: Corviknight|Corviknight, L50, M, shiny|59/100 brn\n|turn|9\n|\n|t:|1776420456\n|move|p2a: Piano|Dragon Claw|p1a: Sinistcha\n|-damage|p1a: Sinistcha|54/100\n|move|p2b: Mini Flutter Mane|Moonblast|p1a: Sinistcha\n|-damage|p1a: Sinistcha|0 fnt\n|faint|p1a: Sinistcha\n|move|p1b: Corviknight|Brave Bird|p2b: Mini Flutter Mane\n|-damage|p2b: Mini Flutter Mane|16/100\n|-damage|p1b: Corviknight|52/100 brn|[from] Recoil\n|\n|-damage|p1b: Corviknight|46/100 brn|[from] brn\n|upkeep\n|turn|10\n|\n|t:|1776420464\n|move|p2a: Piano|Rock Slide|p1b: Corviknight\n|-damage|p1b: Corviknight|31/100 brn\n|move|p2b: Mini Flutter Mane|Moonblast|p1b: Corviknight\n|-resisted|p1b: Corviknight|1\n|-damage|p1b: Corviknight|0 fnt\n|faint|p1b: Corviknight\n|\n|win|the same as here\n|raw|XANDAO DE CABELO's rating: 1166 &rarr; <strong>1143</strong><br />(-23 for losing)\n|raw|the same as here's rating: 1195 &rarr; <strong>1218</strong><br />(+23 for winning)\n|l|\u2606XANDAO DE CABELO\n|player|p1|\n",
  "uploadtime": 1776420476,
  "views": 26,
  "formatid": "gen9championsvgc2026regma",
  "rating": 1143,
  "private": 0,
  "password": null
}