{
  "id": "gen9championsvgc2026regma-2586759223",
  "format": "[Gen 9 Champions] VGC 2026 Reg M-A",
  "players": [
    "Espenkjell",
    "NathanaelW19"
  ],
  "log": "|j|\u2606Espenkjell\n|j|\u2606NathanaelW19\n|t:|1776457664\n|gametype|doubles\n|player|p1|Espenkjell|102|1084\n|player|p2|NathanaelW19|dragontamer|1140\n|gen|9\n|tier|[Gen 9 Champions] VGC 2026 Reg M-A\n|rated|\n|rule|Species Clause: Limit one of each Pok\u00e9mon\n|rule|Item Clause: Limit 1 of each item\n|clearpoke\n|poke|p1|Corviknight, L50, M|\n|poke|p1|Milotic, L50, F|\n|poke|p1|Garchomp, L50, M|\n|poke|p1|Sneasler, L50, M|\n|poke|p1|Venusaur, L50, F|\n|poke|p1|Incineroar, L50, F|\n|poke|p2|Glalie, L50, M|\n|poke|p2|Talonflame, L50, M|\n|poke|p2|Excadrill, L50, F|\n|poke|p2|Tyranitar, L50, M|\n|poke|p2|Dragapult, L50, F|\n|poke|p2|Sylveon, L50, M|\n|teampreview|4\n|inactive|Battle timer is ON: inactive players will automatically lose when time's up. (requested by Espenkjell)\n|inactive|NathanaelW19 also wants the timer to be on.\n|inactive|Espenkjell has 60 seconds left.\n|inactive|NathanaelW19 has 60 seconds left.\n|\n|t:|1776457709\n|teamsize|p1|4\n|teamsize|p2|4\n|start\n|switch|p1a: Garchomp|Garchomp, L50, M|100/100\n|switch|p1b: Sneasler|Sneasler, L50, M|100/100\n|switch|p2a: Glalie|Glalie, L50, M, shiny|100/100\n|switch|p2b: Talonflame|Talonflame, L50, M|100/100\n|turn|1\n|\n|t:|1776457720\n|move|p2b: Talonflame|Protect|p2b: Talonflame\n|-singleturn|p2b: Talonflame|Protect\n|move|p2a: Glalie|Protect|p2a: Glalie\n|-singleturn|p2a: Glalie|Protect\n|move|p1b: Sneasler|Fake Out|p2b: Talonflame\n|-activate|p2b: Talonflame|move: Protect\n|move|p1a: Garchomp|Rock Slide|p2a: Glalie|[spread] \n|-activate|p2a: Glalie|move: Protect\n|-activate|p2b: Talonflame|move: Protect\n|\n|upkeep\n|turn|2\n|\n|t:|1776457738\n|detailschange|p2a: Glalie|Glalie-Mega, L50, M, shiny\n|-mega|p2a: Glalie|Glalie|Glalitite\n|move|p2b: Talonflame|Tailwind|p2b: Talonflame\n|-sidestart|p2: NathanaelW19|move: Tailwind\n|move|p2a: Glalie|Explosion|p1a: Garchomp|[spread] p2b,p1a,p1b\n|-supereffective|p1a: Garchomp|2\n|-enditem|p2b: Talonflame|Focus Sash\n|-damage|p2b: Talonflame|1/100\n|-damage|p1a: Garchomp|0 fnt\n|-damage|p1b: Sneasler|0 fnt\n|faint|p2a: Glalie\n|faint|p1a: Garchomp\n|faint|p1b: Sneasler\n|\n|upkeep\n|c|\u2606Espenkjell|fuck yeah\n|\n|t:|1776457751\n|switch|p1b: Venusaur|Venusaur, L50, F|100/100\n|switch|p2a: Sylveon|Sylveon, L50, M, shiny|100/100\n|switch|p1a: Incineroar|Incineroar, L50, F|100/100\n|-ability|p1a: Incineroar|Intimidate|boost\n|-unboost|p2a: Sylveon|atk|1\n|-unboost|p2b: Talonflame|atk|1\n|turn|3\n|inactive|Espenkjell has 30 seconds left.\n|c|\u2606NathanaelW19|Its so goof lmao\n|\n|t:|1776457780\n|detailschange|p1b: Venusaur|Venusaur-Mega, L50, F\n|-mega|p1b: Venusaur|Venusaur|Venusaurite\n|move|p2b: Talonflame|Protect|p2b: Talonflame\n|-singleturn|p2b: Talonflame|Protect\n|move|p2a: Sylveon|Protect|p2a: Sylveon\n|-singleturn|p2a: Sylveon|Protect\n|move|p1a: Incineroar|Fake Out|p2a: Sylveon\n|-activate|p2a: Sylveon|move: Protect\n|move|p1b: Venusaur|Sludge Bomb|p2b: Talonflame\n|-activate|p2b: Talonflame|move: Protect\n|\n|upkeep\n|turn|4\n|\n|t:|1776457801\n|move|p2b: Talonflame|Feint|p1b: Venusaur\n|-damage|p1b: Venusaur|97/100\n|move|p2a: Sylveon|Psychic|p1b: Venusaur\n|-supereffective|p1b: Venusaur|1\n|-crit|p1b: Venusaur\n|-damage|p1b: Venusaur|25/100\n|move|p1b: Venusaur|Sludge Bomb|p2a: Sylveon\n|-supereffective|p2a: Sylveon|1\n|-enditem|p2a: Sylveon|Kebia Berry|[eat]\n|-enditem|p2a: Sylveon|Kebia Berry|[weaken]\n|-damage|p2a: Sylveon|62/100\n|move|p1a: Incineroar|Throat Chop|p2b: Talonflame\n|-damage|p2b: Talonflame|0 fnt\n|faint|p2b: Talonflame\n|\n|upkeep\n|\n|t:|1776457806\n|switch|p2b: Tyranitar|Tyranitar, L50, M|100/100\n|-weather|Sandstorm|[from] ability: Sand Stream|[of] p2b: Tyranitar\n|turn|5\n|\n|t:|1776457824\n|move|p2b: Tyranitar|Rock Slide|p1a: Incineroar|[spread] p1a,p1b\n|-supereffective|p1a: Incineroar|1\n|-damage|p1a: Incineroar|55/100\n|-damage|p1b: Venusaur|3/100\n|move|p2a: Sylveon|Weather Ball|p1a: Incineroar\n|-supereffective|p1a: Incineroar|1\n|-damage|p1a: Incineroar|0 fnt\n|faint|p1a: Incineroar\n|move|p1b: Venusaur|Leech Seed|p2b: Tyranitar\n|-start|p2b: Tyranitar|move: Leech Seed\n|\n|-weather|Sandstorm|[upkeep]\n|-damage|p2a: Sylveon|57/100|[from] Sandstorm\n|-damage|p1b: Venusaur|0 fnt|[from] Sandstorm\n|faint|p1b: Venusaur\n|\n|win|NathanaelW19\n|raw|Espenkjell's rating: 1084 &rarr; <strong>1065</strong><br />(-19 for losing)\n|raw|NathanaelW19's rating: 1140 &rarr; <strong>1161</strong><br />(+21 for winning)\n|l|\u2606Espenkjell\n|player|p1|\n|c|\u2606NathanaelW19|Ggs\n",
  "uploadtime": 1776457838,
  "views": 27,
  "formatid": "gen9championsvgc2026regma",
  "rating": 1065,
  "private": 0,
  "password": null
}