{
  "id": "gen9championsvgc2026regma-2584964053",
  "format": "[Gen 9 Champions] VGC 2026 Reg M-A",
  "players": [
    "Law_NBD",
    "treeckoex"
  ],
  "log": "|j|\u2606Law_NBD\n|j|\u2606treeckoex\n|t:|1776298698\n|gametype|doubles\n|player|p1|Law_NBD|102|1031\n|player|p2|treeckoex|102|1045\n|gen|9\n|tier|[Gen 9 Champions] VGC 2026 Reg M-A\n|rated|\n|rule|Species Clause: Limit one of each Pok\u00e9mon\n|rule|Item Clause: Limit 1 of each item\n|clearpoke\n|poke|p1|Scovillain, L50, M|\n|poke|p1|Milotic, L50, F|\n|poke|p1|Espathra, L50, F|\n|poke|p1|Sinistcha, L50|\n|poke|p1|Incineroar, L50, F|\n|poke|p1|Glimmora, L50, M|\n|poke|p2|Drampa, L50, F|\n|poke|p2|Chimecho, L50, M|\n|poke|p2|Sneasler, L50, F|\n|poke|p2|Torkoal, L50, F|\n|poke|p2|Sinistcha-Masterpiece, L50|\n|poke|p2|Incineroar, L50, M|\n|teampreview|4\n|inactive|Battle timer is ON: inactive players will automatically lose when time's up. (requested by Law_NBD)\n|inactive|treeckoex has 60 seconds left.\n|\n|t:|1776298743\n|teamsize|p1|4\n|teamsize|p2|4\n|start\n|switch|p1a: Scovillain|Scovillain, L50, M|100/100\n|switch|p1b: Espathra|Espathra, L50, F|100/100\n|switch|p2a: Sneasler|Sneasler, L50, F, shiny|100/100\n|switch|p2b: Chimecho|Chimecho, L50, M, shiny|100/100\n|turn|1\n|\n|t:|1776298762\n|detailschange|p1a: Scovillain|Scovillain-Mega, L50, M\n|-mega|p1a: Scovillain|Scovillain|Scovillainite\n|move|p1a: Scovillain|Rage Powder|p1a: Scovillain\n|-singleturn|p1a: Scovillain|move: Rage Powder\n|move|p2a: Sneasler|Taunt|p1a: Scovillain\n|-start|p1a: Scovillain|move: Taunt\n|move|p1b: Espathra|Calm Mind|p1b: Espathra\n|-boost|p1b: Espathra|spa|1\n|-boost|p1b: Espathra|spd|1\n|move|p2b: Chimecho|Trick Room|p2b: Chimecho\n|-fieldstart|move: Trick Room|[of] p2b: Chimecho\n|\n|-ability|p1b: Espathra|Speed Boost|boost\n|-boost|p1b: Espathra|spe|1\n|upkeep\n|turn|2\n|inactive|Law_NBD has 30 seconds left.\n|inactive|treeckoex has 30 seconds left.\n|\n|t:|1776298795\n|move|p1b: Espathra|Protect|p1b: Espathra\n|-singleturn|p1b: Espathra|Protect\n|move|p2b: Chimecho|Psychic|p1b: Espathra\n|-activate|p1b: Espathra|move: Protect\n|move|p1a: Scovillain|Giga Drain|p2a: Sneasler\n|-resisted|p2a: Sneasler|1\n|-damage|p2a: Sneasler|70/100\n|move|p2a: Sneasler|Dire Claw|p1b: Espathra\n|-activate|p1b: Espathra|move: Protect\n|\n|-ability|p1b: Espathra|Speed Boost|boost\n|-boost|p1b: Espathra|spe|1\n|upkeep\n|turn|3\n|inactive|Law_NBD has 30 seconds left.\n|\n|t:|1776298826\n|move|p2b: Chimecho|Psychic|p1a: Scovillain\n|-damage|p1a: Scovillain|67/100\n|-status|p2b: Chimecho|brn|[from] ability: Spicy Spray|[of] p1a: Scovillain\n|move|p1a: Scovillain|Giga Drain|p2a: Sneasler\n|-resisted|p2a: Sneasler|1\n|-damage|p2a: Sneasler|44/100\n|-heal|p1a: Scovillain|79/100|[from] drain|[of] p2a: Sneasler\n|move|p2a: Sneasler|Dire Claw|p1a: Scovillain\n|-supereffective|p1a: Scovillain|1\n|-damage|p1a: Scovillain|0 fnt\n|-status|p2a: Sneasler|brn|[from] ability: Spicy Spray|[of] p1a: Scovillain\n|faint|p1a: Scovillain\n|move|p1b: Espathra|Baton Pass|p1b: Espathra\n|\n|t:|1776298840\n|switch|p1b: Sinistcha|Sinistcha, L50|100/100|[from] Baton Pass\n|\n|-damage|p2b: Chimecho|94/100 brn|[from] brn\n|-damage|p2a: Sneasler|38/100 brn|[from] brn\n|upkeep\n|\n|t:|1776298849\n|switch|p1a: Espathra|Espathra, L50, F|100/100\n|turn|4\n|\n|t:|1776298862\n|switch|p2b: Torkoal|Torkoal, L50, F, shiny|100/100\n|-weather|SunnyDay|[from] ability: Drought|[of] p2b: Torkoal\n|move|p1a: Espathra|Lumina Crash|p2b: Torkoal\n|-damage|p2b: Torkoal|52/100\n|-unboost|p2b: Torkoal|spd|2\n|move|p2a: Sneasler|Taunt|p1b: Sinistcha\n|-start|p1b: Sinistcha|move: Taunt\n|move|p1b: Sinistcha|Matcha Gotcha|p2a: Sneasler|[spread] p2a,p2b\n|-resisted|p2a: Sneasler|1\n|-resisted|p2b: Torkoal|1\n|-damage|p2a: Sneasler|0 fnt\n|-damage|p2b: Torkoal|0 fnt\n|faint|p2a: Sneasler\n|faint|p2b: Torkoal\n|\n|-weather|SunnyDay|[upkeep]\n|-ability|p1a: Espathra|Speed Boost|boost\n|-boost|p1a: Espathra|spe|1\n|upkeep\n|\n|t:|1776298880\n|switch|p2b: Chimecho|Chimecho, L50, M, shiny|94/100 brn\n|switch|p2a: Drampa|Drampa, L50, F, shiny|100/100\n|turn|5\n|inactive|treeckoex has 30 seconds left.\n|\n|t:|1776298906\n|detailschange|p2a: Drampa|Drampa-Mega, L50, F, shiny\n|-mega|p2a: Drampa|Drampa|Drampanite\n|move|p2b: Chimecho|Protect|p2b: Chimecho\n|-singleturn|p2b: Chimecho|Protect\n|move|p2a: Drampa|Ice Beam|p1b: Sinistcha\n|-supereffective|p1b: Sinistcha|1\n|-damage|p1b: Sinistcha|41/100\n|move|p1b: Sinistcha|Matcha Gotcha|p2a: Drampa|[spread] \n|-activate|p2b: Chimecho|move: Protect\n|-miss|p1b: Sinistcha|p2a: Drampa\n|move|p1a: Espathra|Lumina Crash|p2a: Drampa\n|-damage|p2a: Drampa|68/100\n|-unboost|p2a: Drampa|spd|2\n|\n|-weather|SunnyDay|[upkeep]\n|-damage|p2b: Chimecho|88/100 brn|[from] brn\n|-fieldend|move: Trick Room\n|-ability|p1a: Espathra|Speed Boost|boost\n|-boost|p1a: Espathra|spe|1\n|upkeep\n|turn|6\n|inactive|Law_NBD has 30 seconds left.\n|inactive|treeckoex has 30 seconds left.\n|\n|t:|1776298934\n|move|p1a: Espathra|Lumina Crash|p2b: Chimecho\n|-resisted|p2b: Chimecho|1\n|-damage|p2b: Chimecho|69/100 brn\n|-unboost|p2b: Chimecho|spd|2\n|move|p1b: Sinistcha|Matcha Gotcha|p2a: Drampa|[spread] p2a,p2b\n|-resisted|p2a: Drampa|1\n|-damage|p2a: Drampa|16/100\n|-heal|p1b: Sinistcha|68/100|[from] drain|[of] p2a: Drampa\n|-damage|p2b: Chimecho|0 fnt\n|-heal|p1b: Sinistcha|100/100|[from] drain|[of] p2b: Chimecho\n|faint|p2b: Chimecho\n|-ability|p2a: Drampa|Berserk|boost\n|-boost|p2a: Drampa|spa|1\n|move|p2a: Drampa|Ice Beam|p1b: Sinistcha\n|-supereffective|p1b: Sinistcha|1\n|-damage|p1b: Sinistcha|14/100\n|\n|-weather|SunnyDay|[upkeep]\n|-end|p1b: Sinistcha|move: Taunt\n|-ability|p1a: Espathra|Speed Boost|boost\n|-boost|p1a: Espathra|spe|1\n|upkeep\n|turn|7\n|-message|treeckoex forfeited.\n|\n|win|Law_NBD\n|raw|Law_NBD's rating: 1031 &rarr; <strong>1068</strong><br />(+37 for winning)\n|raw|treeckoex's rating: 1045 &rarr; <strong>1028</strong><br />(-17 for losing)\n|l|\u2606treeckoex\n|player|p2|\n",
  "uploadtime": 1776298959,
  "views": 28,
  "formatid": "gen9championsvgc2026regma",
  "rating": 1028,
  "private": 0,
  "password": null
}