{
  "id": "gen9championsvgc2026regma-2587536696",
  "format": "[Gen 9 Champions] VGC 2026 Reg M-A",
  "players": [
    "hvv1409",
    "nicorniov9"
  ],
  "log": "|j|\u2606hvv1409\n|j|\u2606nicorniov9\n|t:|1776540275\n|gametype|doubles\n|player|p1|hvv1409|pokemonranger-gen4|1085\n|player|p2|nicorniov9|bruno|1145\n|gen|9\n|tier|[Gen 9 Champions] VGC 2026 Reg M-A\n|rated|\n|rule|Species Clause: Limit one of each Pok\u00e9mon\n|rule|Item Clause: Limit 1 of each item\n|clearpoke\n|poke|p1|Talonflame, L50, M, shiny|\n|poke|p1|Incineroar, L50, M, shiny|\n|poke|p1|Gardevoir, L50, F, shiny|\n|poke|p1|Garchomp, L50, M, shiny|\n|poke|p1|Charizard, L50, M, shiny|\n|poke|p1|Rotom-Heat, L50, shiny|\n|poke|p2|Floette-Eternal, L50, F|\n|poke|p2|Volcarona, L50, M|\n|poke|p2|Aerodactyl, L50, M|\n|poke|p2|Kingambit, L50, M|\n|poke|p2|Garchomp, L50, M|\n|poke|p2|Sneasler, L50, F|\n|teampreview|4\n|\n|t:|1776540319\n|teamsize|p1|4\n|teamsize|p2|4\n|start\n|switch|p1a: Rotom|Rotom-Heat, L50, shiny|100/100\n|switch|p1b: fair|Garchomp, L50, M, shiny|100/100\n|switch|p2a: Aerodactyl|Aerodactyl, L50, M|100/100\n|switch|p2b: Kingambit|Kingambit, L50, M|100/100\n|-ability|p2a: Aerodactyl|Unnerve\n|turn|1\n|\n|t:|1776540344\n|switch|p2b: Garchomp|Garchomp, L50, M|100/100\n|move|p1b: fair|Rock Slide|p2b: Garchomp|[spread] p2a,p2b\n|-supereffective|p2a: Aerodactyl|1\n|-resisted|p2b: Garchomp|1\n|-damage|p2a: Aerodactyl|36/100\n|-damage|p2b: Garchomp|91/100\n|move|p2a: Aerodactyl|Tailwind|p2a: Aerodactyl\n|-sidestart|p2: nicorniov9|move: Tailwind\n|move|p1a: Rotom|Overheat|p2b: Garchomp\n|-resisted|p2b: Garchomp|1\n|-damage|p2b: Garchomp|61/100\n|-unboost|p1a: Rotom|spa|2\n|\n|upkeep\n|turn|2\n|\n|t:|1776540382\n|move|p2a: Aerodactyl|Protect|p2a: Aerodactyl\n|-singleturn|p2a: Aerodactyl|Protect\n|move|p2b: Garchomp|Dragon Claw|p1b: fair\n|-supereffective|p1b: fair|1\n|-damage|p1b: fair|22/100\n|-damage|p2b: Garchomp|49/100|[from] ability: Rough Skin|[of] p1b: fair\n|move|p1b: fair|Rock Slide|p2b: Garchomp|[spread] p2b\n|-activate|p2a: Aerodactyl|move: Protect\n|-resisted|p2b: Garchomp|1\n|-damage|p2b: Garchomp|38/100\n|move|p1a: Rotom|Thunderbolt|p2a: Aerodactyl\n|-activate|p2a: Aerodactyl|move: Protect\n|\n|upkeep\n|turn|3\n|\n|t:|1776540410\n|switch|p1b: Gardevoir|Gardevoir, L50, F, shiny|100/100\n|move|p2a: Aerodactyl|Rock Slide|p1b: Gardevoir|[spread] p1a,p1b\n|-supereffective|p1a: Rotom|1\n|-damage|p1a: Rotom|38/100\n|-damage|p1b: Gardevoir|56/100\n|move|p2b: Garchomp|Rock Slide|p1a: Rotom|[spread] p1a,p1b\n|-supereffective|p1a: Rotom|1\n|-damage|p1a: Rotom|0 fnt\n|-damage|p1b: Gardevoir|22/100\n|faint|p1a: Rotom\n|\n|upkeep\n|\n|t:|1776540420\n|switch|p1a: Talonflame|Talonflame, L50, M, shiny|100/100\n|turn|4\n|\n|t:|1776540434\n|detailschange|p1b: Gardevoir|Gardevoir-Mega, L50, F, shiny\n|-mega|p1b: Gardevoir|Gardevoir|Gardevoirite\n|move|p1b: Gardevoir|Protect|p1b: Gardevoir\n|-singleturn|p1b: Gardevoir|Protect\n|move|p1a: Talonflame|Tailwind|p1a: Talonflame\n|-sidestart|p1: hvv1409|move: Tailwind\n|move|p2a: Aerodactyl|Rock Slide|p1a: Talonflame|[spread] \n|-activate|p1b: Gardevoir|move: Protect\n|-miss|p2a: Aerodactyl|p1a: Talonflame\n|move|p2b: Garchomp|Rock Slide|p1b: Gardevoir|[spread] p1a\n|-activate|p1b: Gardevoir|move: Protect\n|-supereffective|p1a: Talonflame|2\n|-enditem|p1a: Talonflame|Focus Sash\n|-damage|p1a: Talonflame|1/100\n|\n|-sideend|p2: nicorniov9|move: Tailwind\n|upkeep\n|turn|5\n|\n|t:|1776540457\n|move|p2b: Garchomp|Protect|p2b: Garchomp\n|-singleturn|p2b: Garchomp|Protect\n|move|p1a: Talonflame|Dual Wingbeat|p2a: Aerodactyl\n|-resisted|p2a: Aerodactyl|1\n|-damage|p2a: Aerodactyl|22/100\n|-resisted|p2a: Aerodactyl|1\n|-damage|p2a: Aerodactyl|11/100\n|-hitcount|p2a: Aerodactyl|2\n|move|p1b: Gardevoir|Hyper Voice|p2b: Garchomp|[spread] p2a\n|-activate|p2b: Garchomp|move: Protect\n|-damage|p2a: Aerodactyl|0 fnt\n|faint|p2a: Aerodactyl\n|\n|upkeep\n|\n|t:|1776540470\n|switch|p2a: Kingambit|Kingambit, L50, M|100/100\n|turn|6\n|\n|t:|1776540482\n|move|p1b: Gardevoir|Protect|p1b: Gardevoir\n|-singleturn|p1b: Gardevoir|Protect\n|move|p2a: Kingambit|Sucker Punch||[still]\n|-fail|p2a: Kingambit\n|move|p1a: Talonflame|Dual Wingbeat|p2a: Kingambit\n|-resisted|p2a: Kingambit|1\n|-damage|p2a: Kingambit|95/100\n|-resisted|p2a: Kingambit|1\n|-damage|p2a: Kingambit|89/100\n|-hitcount|p2a: Kingambit|2\n|move|p2b: Garchomp|Dragon Claw|p1a: Talonflame\n|-damage|p1a: Talonflame|0 fnt\n|faint|p1a: Talonflame\n|\n|upkeep\n|\n|t:|1776540494\n|switch|p1a: fair|Garchomp, L50, M, shiny|22/100\n|turn|7\n|\n|t:|1776540528\n|move|p1b: Gardevoir|Protect|p1b: Gardevoir\n|-singleturn|p1b: Gardevoir|Protect\n|move|p2b: Garchomp|Protect|p2b: Garchomp\n|-singleturn|p2b: Garchomp|Protect\n|move|p2a: Kingambit|Sucker Punch||[still]\n|-fail|p2a: Kingambit\n|move|p1a: fair|Earthquake|p2a: Kingambit|[spread] p2a\n|-activate|p1b: Gardevoir|move: Protect\n|-activate|p2b: Garchomp|move: Protect\n|-supereffective|p2a: Kingambit|1\n|-damage|p2a: Kingambit|37/100\n|\n|-sideend|p1: hvv1409|move: Tailwind\n|upkeep\n|turn|8\n|\n|t:|1776540545\n|move|p2a: Kingambit|Sucker Punch|p1b: Gardevoir\n|-damage|p1b: Gardevoir|0 fnt\n|faint|p1b: Gardevoir\n|move|p1a: fair|Earthquake|p2b: Garchomp|[spread] p2a,p2b\n|-supereffective|p2a: Kingambit|1\n|-damage|p2a: Kingambit|0 fnt\n|-damage|p2b: Garchomp|1/100\n|faint|p2a: Kingambit\n|move|p2b: Garchomp|Dragon Claw|p1a: fair\n|-supereffective|p1a: fair|1\n|-damage|p1a: fair|0 fnt\n|-damage|p2b: Garchomp|0 fnt|[from] ability: Rough Skin|[of] p1a: fair\n|faint|p1a: fair\n|faint|p2b: Garchomp\n|\n|win|nicorniov9\n|raw|hvv1409's rating: 1085 &rarr; <strong>1066</strong><br />(-19 for losing)\n|raw|nicorniov9's rating: 1145 &rarr; <strong>1166</strong><br />(+21 for winning)\n|c|\u2606hvv1409|broo\n|l|\u2606nicorniov9\n|player|p2|\n",
  "uploadtime": 1776540563,
  "views": 25,
  "formatid": "gen9championsvgc2026regma",
  "rating": 1066,
  "private": 0,
  "password": null
}