{
  "id": "gen9championsvgc2026regma-2584588483",
  "format": "[Gen 9 Champions] VGC 2026 Reg M-A",
  "players": [
    "Azmatic1",
    "Luna90909"
  ],
  "log": "|j|\u2606Azmatic1\n|j|\u2606Luna90909\n|t:|1776270585\n|gametype|doubles\n|player|p1|Azmatic1|101|1316\n|player|p2|Luna90909|2|1336\n|gen|9\n|tier|[Gen 9 Champions] VGC 2026 Reg M-A\n|rated|\n|rule|Species Clause: Limit one of each Pok\u00e9mon\n|rule|Item Clause: Limit 1 of each item\n|clearpoke\n|poke|p1|Glimmora, L50, F|\n|poke|p1|Tinkaton, L50, F|\n|poke|p1|Kommo-o, L50, F|\n|poke|p1|Corviknight, L50, M|\n|poke|p1|Tyranitar, L50, F|\n|poke|p1|Gardevoir, L50, F|\n|poke|p2|Rotom-Wash, L50|\n|poke|p2|Floette-Eternal, L50, F|\n|poke|p2|Incineroar, L50, F|\n|poke|p2|Kingambit, L50, M|\n|poke|p2|Garchomp, L50, F|\n|poke|p2|Sneasler, L50, F|\n|teampreview|4\n|inactive|Battle timer is ON: inactive players will automatically lose when time's up. (requested by Luna90909)\n|\n|t:|1776270630\n|teamsize|p1|4\n|teamsize|p2|4\n|start\n|switch|p1a: Tinkaton|Tinkaton, L50, F|100/100\n|switch|p1b: Kommo-o|Kommo-o, L50, F|100/100\n|switch|p2a: Floette|Floette-Eternal, L50, F|100/100\n|switch|p2b: Sneasler|Sneasler, L50, F|100/100\n|-ability|p1a: Tinkaton|Mold Breaker\n|turn|1\n|\n|t:|1776270659\n|switch|p1b: Glimmora|Glimmora, L50, F|100/100\n|detailschange|p2a: Floette|Floette-Mega, L50, F\n|-mega|p2a: Floette|Floette|Floettite\n|-ability|p2a: Floette|Fairy Aura\n|move|p2a: Floette|Protect|p2a: Floette\n|-singleturn|p2a: Floette|Protect\n|move|p1a: Tinkaton|Fake Out|p2a: Floette\n|-activate|p2a: Floette|move: Protect\n|move|p2b: Sneasler|Close Combat|p1a: Tinkaton\n|-damage|p1a: Tinkaton|12/100\n|-unboost|p2b: Sneasler|def|1\n|-unboost|p2b: Sneasler|spd|1\n|-enditem|p2b: Sneasler|White Herb\n|-clearnegativeboost|p2b: Sneasler|[silent]\n|\n|upkeep\n|turn|2\n|inactive|Azmatic1 has 30 seconds left.\n|inactive|Luna90909 has 30 seconds left.\n|\n|t:|1776270688\n|detailschange|p1b: Glimmora|Glimmora-Mega, L50, F\n|-mega|p1b: Glimmora|Glimmora|Glimmoranite\n|move|p2b: Sneasler|Close Combat|p1b: Glimmora\n|-damage|p1b: Glimmora|24/100\n|-unboost|p2b: Sneasler|def|1\n|-unboost|p2b: Sneasler|spd|1\n|move|p1b: Glimmora|Sludge Wave|p2a: Floette|[spread] p2a,p2b\n|-immune|p1a: Tinkaton\n|-supereffective|p2a: Floette|1\n|-resisted|p2b: Sneasler|1\n|-damage|p2a: Floette|19/100\n|-damage|p2b: Sneasler|39/100\n|move|p1a: Tinkaton|Gigaton Hammer|p2a: Floette\n|-supereffective|p2a: Floette|1\n|-damage|p2a: Floette|0 fnt\n|faint|p2a: Floette\n|\n|upkeep\n|\n|t:|1776270697\n|switch|p2a: Incineroar|Incineroar, L50, F|100/100\n|-ability|p2a: Incineroar|Intimidate|boost\n|-unboost|p1a: Tinkaton|atk|1\n|-unboost|p1b: Glimmora|atk|1\n|turn|3\n|\n|t:|1776270709\n|switch|p1a: Gardevoir|Gardevoir, L50, F|100/100\n|move|p1b: Glimmora|Spiky Shield|p1b: Glimmora\n|-singleturn|p1b: Glimmora|move: Protect\n|move|p2a: Incineroar|Fake Out|p1b: Glimmora\n|-activate|p1b: Glimmora|move: Protect\n|-damage|p2a: Incineroar|88/100|[from] Spiky Shield|[of] p1b: Glimmora\n|move|p2b: Sneasler|Close Combat|p1a: Gardevoir\n|-resisted|p1a: Gardevoir|2\n|-damage|p1a: Gardevoir|72/100\n|-unboost|p2b: Sneasler|def|1\n|-unboost|p2b: Sneasler|spd|1\n|\n|-heal|p2a: Incineroar|94/100|[from] item: Leftovers\n|upkeep\n|turn|4\n|inactive|Azmatic1 has 30 seconds left.\n|inactive|Azmatic1 has 20 seconds left.\n|inactive|Luna90909 has 30 seconds left.\n|inactive|Azmatic1 has 15 seconds left.\n|inactive|Azmatic1 has 10 seconds left.\n|\n|t:|1776270754\n|move|p2b: Sneasler|Close Combat|p1b: Glimmora\n|-damage|p1b: Glimmora|0 fnt\n|-unboost|p2b: Sneasler|def|1\n|-unboost|p2b: Sneasler|spd|1\n|faint|p1b: Glimmora\n|move|p1a: Gardevoir|Dazzling Gleam|p2a: Incineroar|[spread] p2a,p2b\n|-damage|p2a: Incineroar|64/100\n|-damage|p2b: Sneasler|0 fnt\n|faint|p2b: Sneasler\n|move|p2a: Incineroar|Flare Blitz|p1a: Gardevoir\n|-damage|p1a: Gardevoir|0 fnt\n|faint|p1a: Gardevoir\n|-damage|p2a: Incineroar|47/100|[from] Recoil\n|\n|-heal|p2a: Incineroar|53/100|[from] item: Leftovers\n|upkeep\n|\n|t:|1776270765\n|switch|p2b: Kingambit|Kingambit, L50, M|100/100\n|switch|p1b: Kommo-o|Kommo-o, L50, F|100/100\n|switch|p1a: Tinkaton|Tinkaton, L50, F|12/100\n|-ability|p1a: Tinkaton|Mold Breaker\n|turn|5\n|\n|t:|1776270790\n|move|p2b: Kingambit|Protect|p2b: Kingambit\n|-singleturn|p2b: Kingambit|Protect\n|move|p1a: Tinkaton|Fake Out|p2a: Incineroar\n|-damage|p2a: Incineroar|44/100\n|move|p1b: Kommo-o|Clangorous Soul|p1b: Kommo-o\n|-boost|p1b: Kommo-o|atk|1\n|-boost|p1b: Kommo-o|def|1\n|-boost|p1b: Kommo-o|spa|1\n|-boost|p1b: Kommo-o|spd|1\n|-boost|p1b: Kommo-o|spe|1\n|-damage|p1b: Kommo-o|68/100\n|cant|p2a: Incineroar|flinch\n|\n|-heal|p1b: Kommo-o|74/100|[from] item: Leftovers\n|-heal|p2a: Incineroar|50/100|[from] item: Leftovers\n|upkeep\n|turn|6\n|\n|t:|1776270804\n|move|p2b: Kingambit|Sucker Punch|p1a: Tinkaton\n|-resisted|p1a: Tinkaton|1\n|-damage|p1a: Tinkaton|0 fnt\n|faint|p1a: Tinkaton\n|move|p1b: Kommo-o|Aura Sphere|p2b: Kingambit\n|-supereffective|p2b: Kingambit|2\n|-enditem|p2b: Kingambit|Chople Berry|[eat]\n|-enditem|p2b: Kingambit|Chople Berry|[weaken]\n|-damage|p2b: Kingambit|0 fnt\n|faint|p2b: Kingambit\n|move|p2a: Incineroar|Darkest Lariat|p1b: Kommo-o\n|-resisted|p1b: Kommo-o|1\n|-damage|p1b: Kommo-o|60/100\n|\n|-heal|p1b: Kommo-o|67/100|[from] item: Leftovers\n|-heal|p2a: Incineroar|56/100|[from] item: Leftovers\n|upkeep\n|turn|7\n|\n|t:|1776270815\n|move|p1b: Kommo-o|Aura Sphere|p2a: Incineroar\n|-supereffective|p2a: Incineroar|1\n|-damage|p2a: Incineroar|0 fnt\n|faint|p2a: Incineroar\n|\n|win|Azmatic1\n|raw|Azmatic1's rating: 1316 &rarr; <strong>1337</strong><br />(+21 for winning)\n|raw|Luna90909's rating: 1336 &rarr; <strong>1315</strong><br />(-21 for losing)\n",
  "uploadtime": 1776270820,
  "views": 28,
  "formatid": "gen9championsvgc2026regma",
  "rating": 1315,
  "private": 0,
  "password": null
}