{
  "id": "gen9championsvgc2026regma-2583283048",
  "format": "[Gen 9 Champions] VGC 2026 Reg M-A",
  "players": [
    "nikopik3l",
    "dylanho"
  ],
  "log": "|j|\u2606nikopik3l\n|j|\u2606dylanho\n|t:|1776162950\n|gametype|doubles\n|player|p1|nikopik3l|hilbert|1018\n|player|p2|dylanho|170|1045\n|gen|9\n|tier|[Gen 9 Champions] VGC 2026 Reg M-A\n|rated|\n|rule|Species Clause: Limit one of each Pok\u00e9mon\n|rule|Item Clause: Limit 1 of each item\n|clearpoke\n|poke|p1|Reuniclus, L50, M|\n|poke|p1|Blastoise, L50, M|\n|poke|p1|Goodra-Hisui, L50, F|\n|poke|p1|Camerupt, L50, M|\n|poke|p1|Tyranitar, L50, F|\n|poke|p1|Chesnaught, L50, M|\n|poke|p2|Floette-Eternal, L50, F|\n|poke|p2|Maushold, L50|\n|poke|p2|Garchomp, L50, M|\n|poke|p2|Talonflame, L50, M|\n|poke|p2|Rotom-Wash, L50|\n|poke|p2|Aegislash, L50, M|\n|teampreview|4\n|inactive|Battle timer is ON: inactive players will automatically lose when time's up. (requested by dylanho)\n|\n|t:|1776162985\n|teamsize|p1|4\n|teamsize|p2|4\n|start\n|switch|p1a: Legato|Reuniclus, L50, M, shiny|100/100\n|switch|p1b: BestKantoStarter|Blastoise, L50, M|100/100\n|switch|p2a: Floette|Floette-Eternal, L50, F|100/100\n|switch|p2b: Maushold|Maushold, L50|100/100\n|turn|1\n|\n|t:|1776163007\n|move|p1b: BestKantoStarter|Fake Out|p2a: Floette\n|-damage|p2a: Floette|88/100\n|move|p2b: Maushold|Follow Me|p2b: Maushold\n|-singleturn|p2b: Maushold|move: Follow Me\n|cant|p2a: Floette|flinch\n|move|p1a: Legato|Trick Room|p1a: Legato\n|-fieldstart|move: Trick Room|[of] p1a: Legato\n|\n|upkeep\n|turn|2\n|\n|t:|1776163028\n|move|p1a: Legato|Calm Mind|p1a: Legato\n|-boost|p1a: Legato|spa|1\n|-boost|p1a: Legato|spd|1\n|move|p1b: BestKantoStarter|Brick Break|p2b: Maushold\n|-supereffective|p2b: Maushold|1\n|-damage|p2b: Maushold|43/100\n|move|p2a: Floette|Calm Mind|p2a: Floette\n|-boost|p2a: Floette|spa|1\n|-boost|p2a: Floette|spd|1\n|move|p2b: Maushold|Taunt|p1a: Legato\n|-start|p1a: Legato|move: Taunt\n|\n|upkeep\n|turn|3\n|inactive|nikopik3l has 30 seconds left.\n|inactive|nikopik3l has 20 seconds left.\n|\n|t:|1776163066\n|detailschange|p2a: Floette|Floette-Mega, L50, F\n|-mega|p2a: Floette|Floette|Floettite\n|-ability|p2a: Floette|Fairy Aura\n|move|p2b: Maushold|Follow Me|p2b: Maushold\n|-singleturn|p2b: Maushold|move: Follow Me\n|move|p1a: Legato|Psychic|p2b: Maushold\n|-damage|p2b: Maushold|0 fnt\n|faint|p2b: Maushold\n|move|p1b: BestKantoStarter|Aqua Tail|p2a: Floette\n|-damage|p2a: Floette|46/100\n|move|p2a: Floette|Dazzling Gleam|p1b: BestKantoStarter|[spread] p1a,p1b\n|-damage|p1a: Legato|49/100\n|-damage|p1b: BestKantoStarter|27/100\n|-enditem|p1b: BestKantoStarter|Sitrus Berry|[eat]\n|-heal|p1b: BestKantoStarter|52/100|[from] item: Sitrus Berry\n|\n|upkeep\n|\n|t:|1776163085\n|switch|p2b: Talonflame|Talonflame, L50, M|100/100\n|turn|4\n|inactive|nikopik3l has 30 seconds left.\n|inactive|dylanho has 30 seconds left.\n|inactive|nikopik3l has 20 seconds left.\n|inactive|nikopik3l has 15 seconds left.\n|inactive|nikopik3l has 10 seconds left.\n|\n|t:|1776163131\n|move|p2a: Floette|Protect|p2a: Floette\n|-singleturn|p2a: Floette|Protect\n|move|p2b: Talonflame|Tailwind|p2b: Talonflame\n|-sidestart|p2: dylanho|move: Tailwind\n|move|p1a: Legato|Psychic|p2a: Floette\n|-activate|p2a: Floette|move: Protect\n|move|p1b: BestKantoStarter|Flip Turn|p2b: Talonflame\n|-supereffective|p2b: Talonflame|1\n|-damage|p2b: Talonflame|22/100\n|\n|t:|1776163153\n|switch|p1b: TyphlosionAtHome|Camerupt, L50, M, shiny|100/100|[from] Flip Turn\n|\n|upkeep\n|turn|5\n|\n|t:|1776163168\n|switch|p2a: Garchomp|Garchomp, L50, M|100/100\n|detailschange|p1b: TyphlosionAtHome|Camerupt-Mega, L50, M, shiny\n|-mega|p1b: TyphlosionAtHome|Camerupt|Cameruptite\n|move|p2b: Talonflame|Protect|p2b: Talonflame\n|-singleturn|p2b: Talonflame|Protect\n|move|p1b: TyphlosionAtHome|Eruption|p2a: Garchomp|[spread] p2a\n|-activate|p2b: Talonflame|move: Protect\n|-resisted|p2a: Garchomp|1\n|-damage|p2a: Garchomp|62/100\n|move|p1a: Legato|Psychic|p2a: Garchomp\n|-damage|p2a: Garchomp|0 fnt\n|faint|p2a: Garchomp\n|\n|-end|p1a: Legato|move: Taunt\n|-fieldend|move: Trick Room\n|upkeep\n|\n|t:|1776163178\n|switch|p2a: Floette|Floette-Mega, L50, F|46/100\n|-ability|p2a: Floette|Fairy Aura\n|turn|6\n|inactive|nikopik3l has 30 seconds left.\n|\n|t:|1776163206\n|move|p1a: Legato|Protect|p1a: Legato\n|-singleturn|p1a: Legato|Protect\n|move|p2b: Talonflame|Acrobatics|p1b: TyphlosionAtHome\n|-damage|p1b: TyphlosionAtHome|60/100\n|move|p2a: Floette|Dazzling Gleam|p1b: TyphlosionAtHome|[spread] p1b\n|-activate|p1a: Legato|move: Protect\n|-resisted|p1b: TyphlosionAtHome|1\n|-damage|p1b: TyphlosionAtHome|36/100\n|move|p1b: TyphlosionAtHome|Heat Wave|p2a: Floette|[spread] p2a,p2b\n|-resisted|p2b: Talonflame|1\n|-crit|p2b: Talonflame\n|-damage|p2a: Floette|3/100\n|-damage|p2b: Talonflame|0 fnt\n|faint|p2b: Talonflame\n|\n|upkeep\n|turn|7\n|-message|dylanho forfeited.\n|\n|win|nikopik3l\n|raw|nikopik3l's rating: 1018 &rarr; <strong>1058</strong><br />(+40 for winning)\n|raw|dylanho's rating: 1045 &rarr; <strong>1027</strong><br />(-18 for losing)\n|l|\u2606dylanho\n|player|p2|\n",
  "uploadtime": 1776163227,
  "views": 20,
  "formatid": "gen9championsvgc2026regma",
  "rating": 1027,
  "private": 0,
  "password": null
}