{
  "id": "gen9championsvgc2026regma-2587787312",
  "format": "[Gen 9 Champions] VGC 2026 Reg M-A",
  "players": [
    "Bepis39",
    "treeshhhh"
  ],
  "log": "|j|\u2606Bepis39\n|j|\u2606treeshhhh\n|t:|1776563976\n|gametype|doubles\n|player|p1|Bepis39|miku-water|1314\n|player|p2|treeshhhh|169|1319\n|gen|9\n|tier|[Gen 9 Champions] VGC 2026 Reg M-A\n|rated|\n|rule|Species Clause: Limit one of each Pok\u00e9mon\n|rule|Item Clause: Limit 1 of each item\n|clearpoke\n|poke|p1|Tyranitar, L50, M|\n|poke|p1|Rotom-Wash, L50|\n|poke|p1|Excadrill, L50, M|\n|poke|p1|Sinistcha, L50|\n|poke|p1|Sylveon, L50, F|\n|poke|p1|Aegislash, L50, M|\n|poke|p2|Lucario, L50, M|\n|poke|p2|Dragonite, L50, M|\n|poke|p2|Archaludon, L50, M|\n|poke|p2|Kingambit, L50, M|\n|poke|p2|Basculegion, L50, M|\n|poke|p2|Pelipper, L50, M|\n|teampreview|4\n|\n|t:|1776564049\n|teamsize|p1|4\n|teamsize|p2|4\n|start\n|switch|p1a: Rotom|Rotom-Wash, L50|100/100\n|switch|p1b: Excadrill|Excadrill, L50, M|100/100\n|switch|p2a: Basculegion|Basculegion, L50, M|100/100\n|switch|p2b: Lucario|Lucario, L50, M|100/100\n|turn|1\n|\n|t:|1776564067\n|detailschange|p2b: Lucario|Lucario-Mega, L50, M\n|-mega|p2b: Lucario|Lucario|Lucarionite\n|move|p1b: Excadrill|Protect|p1b: Excadrill\n|-singleturn|p1b: Excadrill|Protect\n|move|p2a: Basculegion|Flip Turn|p1a: Rotom\n|-resisted|p1a: Rotom|1\n|-damage|p1a: Rotom|82/100\n|inactive|Battle timer is ON: inactive players will automatically lose when time's up. (requested by Bepis39)\n|\n|t:|1776564107\n|switch|p2a: Kingambit|Kingambit, L50, M|100/100|[from] Flip Turn\n|move|p2b: Lucario|Close Combat|p1b: Excadrill\n|-activate|p1b: Excadrill|move: Protect\n|move|p1a: Rotom|Will-O-Wisp|p2a: Kingambit\n|-status|p2a: Kingambit|brn\n|\n|-damage|p2a: Kingambit|95/100 brn|[from] brn\n|upkeep\n|turn|2\n|inactive|Bepis39 has 30 seconds left.\n|\n|t:|1776564134\n|switch|p1b: Sylveon|Sylveon, L50, F|100/100\n|move|p2a: Kingambit|Sucker Punch||[still]\n|-fail|p2a: Kingambit\n|move|p2b: Lucario|Close Combat|p1b: Sylveon\n|-resisted|p1b: Sylveon|1\n|-damage|p1b: Sylveon|41/100\n|-unboost|p2b: Lucario|def|1\n|-unboost|p2b: Lucario|spd|1\n|move|p1a: Rotom|Will-O-Wisp|p2b: Lucario|[miss]\n|-miss|p1a: Rotom|p2b: Lucario\n|\n|-damage|p2a: Kingambit|89/100 brn|[from] brn\n|upkeep\n|turn|3\n|inactive|treeshhhh has 30 seconds left.\n|inactive|treeshhhh has 20 seconds left.\n|\n|t:|1776564170\n|switch|p2a: Pelipper|Pelipper, L50, M|100/100\n|-weather|RainDance|[from] ability: Drizzle|[of] p2a: Pelipper\n|move|p2b: Lucario|Protect|p2b: Lucario\n|-singleturn|p2b: Lucario|Protect\n|move|p1b: Sylveon|Detect|p1b: Sylveon\n|-singleturn|p1b: Sylveon|Protect\n|move|p1a: Rotom|Hydro Pump|p2b: Lucario\n|-activate|p2b: Lucario|move: Protect\n|\n|-weather|RainDance|[upkeep]\n|upkeep\n|turn|4\n|inactive|Bepis39 has 30 seconds left.\n|inactive|Bepis39 has 20 seconds left.\n|\n|t:|1776564210\n|switch|p1b: Sinistcha|Sinistcha, L50|100/100\n|-heal|p1a: Rotom|100/100|[from] ability: Hospitality|[of] p1b: Sinistcha\n|move|p2a: Pelipper|Helping Hand|p2b: Lucario\n|-singleturn|p2b: Lucario|Helping Hand|[of] p2a: Pelipper\n|move|p2b: Lucario|Close Combat|p1a: Rotom\n|-damage|p1a: Rotom|0 fnt\n|-unboost|p2b: Lucario|def|1\n|-unboost|p2b: Lucario|spd|1\n|faint|p1a: Rotom\n|\n|-weather|RainDance|[upkeep]\n|upkeep\n|\n|t:|1776564223\n|switch|p1a: Sylveon|Sylveon, L50, F|41/100\n|turn|5\n|\n|t:|1776564244\n|move|p1a: Sylveon|Detect|p1a: Sylveon\n|-singleturn|p1a: Sylveon|Protect\n|move|p2b: Lucario|Bullet Punch|p1a: Sylveon\n|-activate|p1a: Sylveon|move: Protect\n|move|p2a: Pelipper|Hurricane|p1b: Sinistcha\n|-supereffective|p1b: Sinistcha|1\n|-damage|p1b: Sinistcha|0 fnt\n|faint|p1b: Sinistcha\n|\n|-weather|RainDance|[upkeep]\n|upkeep\n|-message|Bepis39 forfeited.\n|\n|win|treeshhhh\n|raw|Bepis39's rating: 1314 &rarr; <strong>1294</strong><br />(-20 for losing)\n|raw|treeshhhh's rating: 1319 &rarr; <strong>1339</strong><br />(+20 for winning)\n|l|\u2606Bepis39\n|player|p1|\n",
  "uploadtime": 1776564257,
  "views": 17,
  "formatid": "gen9championsvgc2026regma",
  "rating": 1294,
  "private": 0,
  "password": null
}