{
  "id": "gen9championsvgc2026regma-2586054777",
  "format": "[Gen 9 Champions] VGC 2026 Reg M-A",
  "players": [
    "Wolfe Flick",
    "guillehue"
  ],
  "log": "|j|\u2606Wolfe Flick\n|j|\u2606guillehue\n|t:|1776394255\n|gametype|doubles\n|player|p1|Wolfe Flick|leon-tower|1598\n|player|p2|guillehue|n|1539\n|gen|9\n|tier|[Gen 9 Champions] VGC 2026 Reg M-A\n|rated|\n|rule|Species Clause: Limit one of each Pok\u00e9mon\n|rule|Item Clause: Limit 1 of each item\n|clearpoke\n|poke|p1|Scizor, L50, F|\n|poke|p1|Politoed, L50, F|\n|poke|p1|Sinistcha, L50|\n|poke|p1|Incineroar, L50, M|\n|poke|p1|Archaludon, L50, F|\n|poke|p1|Dragonite, L50, M|\n|poke|p2|Meganium, L50, M|\n|poke|p2|Dragonite, L50, M|\n|poke|p2|Basculegion, L50, M|\n|poke|p2|Sneasler, L50, M|\n|poke|p2|Kingambit, L50, M|\n|poke|p2|Politoed, L50, M|\n|teampreview|4\n|j| Hangin Out\n|inactive|Battle timer is ON: inactive players will automatically lose when time's up. (requested by guillehue)\n|\n|t:|1776394295\n|teamsize|p1|4\n|teamsize|p2|4\n|start\n|switch|p1a: Politoed|Politoed, L50, F|100/100\n|switch|p1b: Dragonite|Dragonite, L50, M|100/100\n|switch|p2a: Meganium|Meganium, L50, M|100/100\n|switch|p2b: Politoed|Politoed, L50, M|100/100\n|-weather|RainDance|[from] ability: Drizzle|[of] p2b: Politoed\n|turn|1\n|\n|t:|1776394309\n|switch|p1a: Archaludon|Archaludon, L50, F|100/100\n|detailschange|p2a: Meganium|Meganium-Mega, L50, M\n|-mega|p2a: Meganium|Meganium|Meganiumite\n|move|p1b: Dragonite|Protect|p1b: Dragonite\n|-singleturn|p1b: Dragonite|Protect\n|move|p2a: Meganium|Protect|p2a: Meganium\n|-singleturn|p2a: Meganium|Protect\n|move|p2b: Politoed|Icy Wind|p1a: Archaludon|[spread] p1a\n|-activate|p1b: Dragonite|move: Protect\n|-damage|p1a: Archaludon|89/100\n|-unboost|p1a: Archaludon|spe|1\n|-ability|p1a: Archaludon|Stamina|boost\n|-boost|p1a: Archaludon|def|1\n|\n|-weather|RainDance|[upkeep]\n|-heal|p1a: Archaludon|95/100|[from] item: Leftovers\n|upkeep\n|turn|2\n|inactive|Wolfe Flick has 30 seconds left.\n|inactive|Wolfe Flick has 20 seconds left.\n|inactive|Wolfe Flick has 15 seconds left.\n|\n|t:|1776394350\n|switch|p2a: Sneasler|Sneasler, L50, M|100/100\n|detailschange|p1b: Dragonite|Dragonite-Mega, L50, M\n|-mega|p1b: Dragonite|Dragonite|Dragoninite\n|move|p1b: Dragonite|Hurricane|p2a: Sneasler\n|-supereffective|p2a: Sneasler|1\n|-enditem|p2a: Sneasler|Focus Sash\n|-damage|p2a: Sneasler|1/100\n|-start|p2a: Sneasler|confusion\n|move|p2b: Politoed|Icy Wind|p1b: Dragonite|[spread] p1b\n|-miss|p2b: Politoed|p1a: Archaludon\n|-supereffective|p1b: Dragonite|2\n|-damage|p1b: Dragonite|84/100\n|-unboost|p1b: Dragonite|spe|1\n|move|p1a: Archaludon|Aura Sphere|p2a: Sneasler\n|-resisted|p2a: Sneasler|1\n|-damage|p2a: Sneasler|0 fnt\n|faint|p2a: Sneasler\n|\n|-weather|RainDance|[upkeep]\n|-heal|p1a: Archaludon|100/100|[from] item: Leftovers\n|upkeep\n|j| 4lop\n|\n|t:|1776394369\n|switch|p2a: Meganium|Meganium-Mega, L50, M|100/100\n|turn|3\n|j| Duelyst II\n|\n|t:|1776394382\n|move|p1b: Dragonite|Protect|p1b: Dragonite\n|-singleturn|p1b: Dragonite|Protect\n|move|p2a: Meganium|Dazzling Gleam|p1b: Dragonite|[spread] p1a\n|-activate|p1b: Dragonite|move: Protect\n|-damage|p1a: Archaludon|69/100\n|-ability|p1a: Archaludon|Stamina|boost\n|-boost|p1a: Archaludon|def|1\n|move|p2b: Politoed|Icy Wind|p1b: Dragonite|[spread] \n|-activate|p1b: Dragonite|move: Protect\n|-miss|p2b: Politoed|p1a: Archaludon\n|move|p1a: Archaludon|Flash Cannon|p2a: Meganium\n|-supereffective|p2a: Meganium|1\n|-damage|p2a: Meganium|45/100\n|\n|-weather|RainDance|[upkeep]\n|-heal|p1a: Archaludon|75/100|[from] item: Leftovers\n|upkeep\n|turn|4\n|\n|t:|1776394401\n|switch|p1b: Sinistcha|Sinistcha, L50, shiny|100/100\n|-heal|p1a: Archaludon|99/100|[from] ability: Hospitality|[of] p1b: Sinistcha\n|move|p2b: Politoed|Helping Hand|p2a: Meganium\n|-singleturn|p2a: Meganium|Helping Hand|[of] p2b: Politoed\n|move|p2a: Meganium|Dazzling Gleam|p1b: Sinistcha|[spread] p1a,p1b\n|-damage|p1a: Archaludon|49/100\n|-damage|p1b: Sinistcha|50/100\n|-ability|p1a: Archaludon|Stamina|boost\n|-boost|p1a: Archaludon|def|1\n|move|p1a: Archaludon|Flash Cannon|p2a: Meganium\n|-supereffective|p2a: Meganium|1\n|-crit|p2a: Meganium\n|-damage|p2a: Meganium|0 fnt\n|faint|p2a: Meganium\n|\n|-weather|RainDance|[upkeep]\n|-heal|p1a: Archaludon|56/100|[from] item: Leftovers\n|upkeep\n|\n|t:|1776394409\n|switch|p2a: Basculegion|Basculegion, L50, M|100/100\n|turn|5\n|\n|t:|1776394425\n|switch|p1b: Politoed|Politoed, L50, F|100/100\n|move|p2b: Politoed|Helping Hand|p2a: Basculegion\n|-singleturn|p2a: Basculegion|Helping Hand|[of] p2b: Politoed\n|move|p1a: Archaludon|Protect|p1a: Archaludon\n|-singleturn|p1a: Archaludon|Protect\n|move|p2a: Basculegion|Last Respects|p1a: Archaludon\n|-activate|p1a: Archaludon|move: Protect\n|\n|-weather|none\n|-heal|p1a: Archaludon|62/100|[from] item: Leftovers\n|upkeep\n|turn|6\n|\n|t:|1776394443\n|switch|p1b: Sinistcha|Sinistcha, L50, shiny|50/100\n|-heal|p1a: Archaludon|87/100|[from] ability: Hospitality|[of] p1b: Sinistcha\n|move|p2b: Politoed|Helping Hand|p2a: Basculegion\n|-singleturn|p2a: Basculegion|Helping Hand|[of] p2b: Politoed\n|move|p2a: Basculegion|Last Respects|p1a: Archaludon\n|-damage|p1a: Archaludon|53/100\n|-ability|p1a: Archaludon|Stamina|boost\n|-boost|p1a: Archaludon|def|1\n|move|p1a: Archaludon|Dragon Pulse|p2a: Basculegion\n|-damage|p2a: Basculegion|57/100\n|\n|-heal|p1a: Archaludon|59/100|[from] item: Leftovers\n|upkeep\n|turn|7\n|-message|guillehue forfeited.\n|\n|win|Wolfe Flick\n|raw|Wolfe Flick's rating: 1598 &rarr; <strong>1615</strong><br />(+17 for winning)\n|raw|guillehue's rating: 1539 &rarr; <strong>1522</strong><br />(-17 for losing)\n|l|\u2606guillehue\n|player|p2|\n|l| 4lop\n",
  "uploadtime": 1776394464,
  "views": 41,
  "formatid": "gen9championsvgc2026regma",
  "rating": 1522,
  "private": 0,
  "password": null
}