{
  "id": "gen9championsvgc2026regma-2586641541",
  "format": "[Gen 9 Champions] VGC 2026 Reg M-A",
  "players": [
    "OneWithTheSnom",
    "KennarDH"
  ],
  "log": "|j|\u2606OneWithTheSnom\n|j|\u2606KennarDH\n|t:|1776448834\n|gametype|doubles\n|player|p1|OneWithTheSnom|gladion|1261\n|player|p2|KennarDH|rocketgruntf|1278\n|gen|9\n|tier|[Gen 9 Champions] VGC 2026 Reg M-A\n|rated|\n|rule|Species Clause: Limit one of each Pok\u00e9mon\n|rule|Item Clause: Limit 1 of each item\n|clearpoke\n|poke|p1|Floette-Eternal, L50, F|\n|poke|p1|Sinistcha, L50|\n|poke|p1|Kingambit, L50, F|\n|poke|p1|Pelipper, L50, M|\n|poke|p1|Basculegion, L50, M|\n|poke|p1|Archaludon, L50, M|\n|poke|p2|Farigiraf, L50, M|\n|poke|p2|Blastoise, L50, M|\n|poke|p2|Torkoal, L50, M|\n|poke|p2|Orthworm, L50, F|\n|poke|p2|Golurk, L50|\n|poke|p2|Venusaur, L50, F|\n|teampreview|4\n|inactive|Battle timer is ON: inactive players will automatically lose when time's up. (requested by OneWithTheSnom)\n|inactive|OneWithTheSnom has 60 seconds left.\n|inactive|KennarDH has 60 seconds left.\n|inactive|KennarDH has 30 seconds left.\n|\n|t:|1776448902\n|teamsize|p1|4\n|teamsize|p2|4\n|start\n|switch|p1a: Sinistcha|Sinistcha, L50|100/100\n|switch|p1b: Basculegion|Basculegion, L50, M|100/100\n|switch|p2a: Orthworm|Orthworm, L50, F|100/100\n|switch|p2b: Farigiraf|Farigiraf, L50, M|100/100\n|turn|1\n|inactive|OneWithTheSnom has 30 seconds left.\n|inactive|OneWithTheSnom has 20 seconds left.\n|\n|t:|1776448941\n|switch|p1a: Pelipper|Pelipper, L50, M|100/100\n|-weather|RainDance|[from] ability: Drizzle|[of] p1a: Pelipper\n|move|p1b: Basculegion|Wave Crash|p2b: Farigiraf\n|-damage|p2b: Farigiraf|0 fnt\n|faint|p2b: Farigiraf\n|-damage|p1b: Basculegion|63/100|[from] Recoil\n|move|p2a: Orthworm|Shed Tail|p2a: Orthworm\n|-start|p2a: Orthworm|Substitute|[from] move: Shed Tail\n|-damage|p2a: Orthworm|50/100\n|-enditem|p2a: Orthworm|Sitrus Berry|[eat]\n|-heal|p2a: Orthworm|75/100|[from] item: Sitrus Berry\n|\n|t:|1776448964\n|switch|p2a: Golurk|Golurk, L50|100/100|[from] Shed Tail\n|\n|-weather|RainDance|[upkeep]\n|upkeep\n|\n|t:|1776448970\n|switch|p2b: Torkoal|Torkoal, L50, M|100/100\n|-weather|SunnyDay|[from] ability: Drought|[of] p2b: Torkoal\n|turn|2\n|\n|t:|1776448984\n|switch|p1a: Sinistcha|Sinistcha, L50|100/100\n|-heal|p1b: Basculegion|88/100|[from] ability: Hospitality|[of] p1a: Sinistcha\n|move|p1b: Basculegion|Wave Crash|p2b: Torkoal\n|-supereffective|p2b: Torkoal|1\n|-damage|p2b: Torkoal|46/100\n|-damage|p1b: Basculegion|72/100|[from] Recoil\n|move|p2a: Golurk|Poltergeist|p1a: Sinistcha\n|-activate|p1a: Sinistcha|move: Poltergeist|Occa Berry\n|-supereffective|p1a: Sinistcha|1\n|-damage|p1a: Sinistcha|0 fnt\n|faint|p1a: Sinistcha\n|move|p2b: Torkoal|Eruption|p1b: Basculegion\n|-resisted|p1b: Basculegion|1\n|-crit|p1b: Basculegion\n|-damage|p1b: Basculegion|24/100\n|\n|-weather|SunnyDay|[upkeep]\n|upkeep\n|\n|t:|1776449004\n|switch|p1a: Pelipper|Pelipper, L50, M|100/100\n|-weather|RainDance|[from] ability: Drizzle|[of] p1a: Pelipper\n|turn|3\n|\n|t:|1776449023\n|switch|p2b: Orthworm|Orthworm, L50, F|75/100\n|detailschange|p2a: Golurk|Golurk-Mega, L50\n|-mega|p2a: Golurk|Golurk|Golurkite\n|move|p1b: Basculegion|Wave Crash|p2a: Golurk\n|-supereffective|p2a: Golurk|1\n|-end|p2a: Golurk|Substitute\n|-damage|p1b: Basculegion|16/100|[from] Recoil|[of] p2a: Golurk\n|move|p1a: Pelipper|Weather Ball|p2b: Orthworm\n|-damage|p2b: Orthworm|8/100\n|move|p2a: Golurk|Poltergeist|p1a: Pelipper\n|-activate|p1a: Pelipper|move: Poltergeist|Focus Sash\n|-damage|p1a: Pelipper|2/100\n|\n|-weather|RainDance|[upkeep]\n|upkeep\n|turn|4\n|inactive|OneWithTheSnom has 30 seconds left.\n|inactive|OneWithTheSnom has 20 seconds left.\n|\n|t:|1776449062\n|switch|p2b: Torkoal|Torkoal, L50, M|46/100\n|-weather|SunnyDay|[from] ability: Drought|[of] p2b: Torkoal\n|move|p1b: Basculegion|Wave Crash|p2a: Golurk\n|-supereffective|p2a: Golurk|1\n|-damage|p2a: Golurk|33/100\n|-damage|p1b: Basculegion|0 fnt|[from] Recoil\n|faint|p1b: Basculegion\n|move|p1a: Pelipper|Weather Ball|p2b: Torkoal\n|-resisted|p2b: Torkoal|1\n|-damage|p2b: Torkoal|19/100\n|move|p2a: Golurk|Poltergeist|p1a: Pelipper|[miss]\n|-miss|p2a: Golurk|p1a: Pelipper\n|\n|-weather|SunnyDay|[upkeep]\n|upkeep\n|\n|t:|1776449064\n|switch|p1b: Floette|Floette-Eternal, L50, F|100/100\n|turn|5\n|inactive|OneWithTheSnom has 30 seconds left.\n|\n|t:|1776449091\n|detailschange|p1b: Floette|Floette-Mega, L50, F\n|-mega|p1b: Floette|Floette|Floettite\n|-ability|p1b: Floette|Fairy Aura\n|move|p1a: Pelipper|Weather Ball|p2b: Torkoal\n|-resisted|p2b: Torkoal|1\n|-damage|p2b: Torkoal|0 fnt\n|faint|p2b: Torkoal\n|move|p1b: Floette|Dazzling Gleam|p2a: Golurk\n|-damage|p2a: Golurk|0 fnt\n|faint|p2a: Golurk\n|\n|-weather|SunnyDay|[upkeep]\n|upkeep\n|\n|t:|1776449104\n|switch|p2b: Orthworm|Orthworm, L50, F|8/100\n|turn|6\n|-message|KennarDH forfeited.\n|\n|win|OneWithTheSnom\n|raw|OneWithTheSnom's rating: 1261 &rarr; <strong>1287</strong><br />(+26 for winning)\n|raw|KennarDH's rating: 1278 &rarr; <strong>1252</strong><br />(-26 for losing)\n",
  "uploadtime": 1776449110,
  "views": 41,
  "formatid": "gen9championsvgc2026regma",
  "rating": 1252,
  "private": 0,
  "password": null
}