{
  "id": "gen9championsvgc2026regma-2582453591",
  "format": "[Gen 9 Champions] VGC 2026 Reg M-A",
  "players": [
    "SpaceEntity",
    "houses6\u80e1\u841d\u535c\u4fa0"
  ],
  "log": "|j|\u2606SpaceEntity\n|j|\u2606houses6\u80e1\u841d\u535c\u4fa0\n|t:|1776092696\n|gametype|doubles\n|player|p1|SpaceEntity|unknownf|1228\n|player|p2|houses6\u80e1\u841d\u535c\u4fa0|li|1326\n|gen|9\n|tier|[Gen 9 Champions] VGC 2026 Reg M-A\n|rated|\n|rule|Species Clause: Limit one of each Pok\u00e9mon\n|rule|Item Clause: Limit 1 of each item\n|clearpoke\n|poke|p1|Floette-Eternal, L50, F|\n|poke|p1|Garchomp, L50, F|\n|poke|p1|Whimsicott, L50, M|\n|poke|p1|Incineroar, L50, F|\n|poke|p1|Aegislash, L50, M|\n|poke|p1|Rotom-Wash, L50|\n|poke|p2|Charizard, L50, F|\n|poke|p2|Tyranitar, L50, M|\n|poke|p2|Aegislash, L50, F|\n|poke|p2|Mamoswine, L50, M|\n|poke|p2|Gyarados, L50, F|\n|poke|p2|Sneasler, L50, F|\n|teampreview|4\n|inactive|Battle timer is ON: inactive players will automatically lose when time's up. (requested by SpaceEntity)\nSpaceEntity rejected open team sheets.\n|inactive|houses6\u80e1\u841d\u535c\u4fa0 has 60 seconds left.\n|\n|t:|1776092740\n|teamsize|p1|4\n|teamsize|p2|4\n|start\n|switch|p1a: Rotom|Rotom-Wash, L50|100/100\n|switch|p1b: Incineroar|Incineroar, L50, F|100/100\n|switch|p2a: Sneasler|Sneasler, L50, F|100/100\n|switch|p2b: Mamoswine|Mamoswine, L50, M|100/100\n|-ability|p1b: Incineroar|Intimidate|boost\n|-unboost|p2a: Sneasler|atk|1\n|-fail|p2b: Mamoswine|unboost|Attack|[from] ability: Oblivious|[of] p2b: Mamoswine\n|-enditem|p2a: Sneasler|White Herb\n|-clearnegativeboost|p2a: Sneasler|[silent]\n|turn|1\n|\n|t:|1776092759\n|switch|p2b: Tyranitar|Tyranitar, L50, M|100/100\n|-weather|Sandstorm|[from] ability: Sand Stream|[of] p2b: Tyranitar\n|move|p2a: Sneasler|Protect|p2a: Sneasler\n|-singleturn|p2a: Sneasler|Protect\n|move|p1b: Incineroar|Protect|p1b: Incineroar\n|-singleturn|p1b: Incineroar|Protect\n|move|p1a: Rotom|Hydro Pump|p2b: Tyranitar\n|-supereffective|p2b: Tyranitar|1\n|-damage|p2b: Tyranitar|47/100\n|\n|-weather|Sandstorm|[upkeep]\n|-damage|p2a: Sneasler|95/100|[from] Sandstorm\n|-damage|p1a: Rotom|95/100|[from] Sandstorm\n|-damage|p1b: Incineroar|95/100|[from] Sandstorm\n|upkeep\n|turn|2\n|inactive|houses6\u80e1\u841d\u535c\u4fa0 has 30 seconds left.\n|\n|t:|1776092790\n|switch|p1b: Aegislash|Aegislash, L50, M|100/100\n|detailschange|p2b: Tyranitar|Tyranitar-Mega, L50, M\n|-mega|p2b: Tyranitar|Tyranitar|Tyranitarite\n|move|p2a: Sneasler|Dire Claw|p1a: Rotom\n|-damage|p1a: Rotom|31/100\n|move|p1a: Rotom|Hydro Pump|p2a: Sneasler\n|-damage|p2a: Sneasler|32/100\n|move|p2b: Tyranitar|Rock Slide|p1b: Aegislash|[spread] p1a,p1b\n|-resisted|p1b: Aegislash|1\n|-damage|p1a: Rotom|0 fnt\n|-damage|p1b: Aegislash|81/100\n|faint|p1a: Rotom\n|\n|-weather|Sandstorm|[upkeep]\n|-damage|p2a: Sneasler|26/100|[from] Sandstorm\n|-heal|p1b: Aegislash|87/100|[from] item: Leftovers\n|upkeep\n|\n|t:|1776092801\n|switch|p1a: Incineroar|Incineroar, L50, F|95/100\n|-ability|p1a: Incineroar|Intimidate|boost\n|-unboost|p2a: Sneasler|atk|1\n|-unboost|p2b: Tyranitar|atk|1\n|turn|3\n|\n|t:|1776092820\n|move|p2a: Sneasler|Protect|p2a: Sneasler\n|-singleturn|p2a: Sneasler|Protect\n|move|p2b: Tyranitar|Protect|p2b: Tyranitar\n|-singleturn|p2b: Tyranitar|Protect\n|move|p1a: Incineroar|Fake Out|p2b: Tyranitar\n|-activate|p2b: Tyranitar|move: Protect\n|-formechange|p1b: Aegislash|Aegislash-Blade|\n|move|p1b: Aegislash|Shadow Sneak|p2a: Sneasler\n|-activate|p2a: Sneasler|move: Protect\n|\n|-weather|Sandstorm|[upkeep]\n|-damage|p2a: Sneasler|20/100|[from] Sandstorm\n|-damage|p1a: Incineroar|89/100|[from] Sandstorm\n|-heal|p1b: Aegislash|92/100|[from] item: Leftovers\n|upkeep\n|turn|4\n|\n|t:|1776092832\n|move|p1a: Incineroar|Protect|p1a: Incineroar\n|-singleturn|p1a: Incineroar|Protect\n|-formechange|p1b: Aegislash|Aegislash|\n|move|p1b: Aegislash|King's Shield|p1b: Aegislash\n|-singleturn|p1b: Aegislash|Protect\n|move|p2a: Sneasler|Close Combat|p1a: Incineroar\n|-activate|p1a: Incineroar|move: Protect\n|move|p2b: Tyranitar|Knock Off|p1b: Aegislash\n|-activate|p1b: Aegislash|move: Protect\n|-unboost|p2b: Tyranitar|atk|1\n|\n|-weather|Sandstorm|[upkeep]\n|-damage|p2a: Sneasler|15/100|[from] Sandstorm\n|-damage|p1a: Incineroar|83/100|[from] Sandstorm\n|-heal|p1b: Aegislash|98/100|[from] item: Leftovers\n|upkeep\n|turn|5\n|inactive|houses6\u80e1\u841d\u535c\u4fa0 has 30 seconds left.\n|\n|t:|1776092862\n|switch|p1a: Floette|Floette-Eternal, L50, F|100/100\n|move|p2a: Sneasler|Close Combat|p1a: Floette\n|-resisted|p1a: Floette|1\n|-damage|p1a: Floette|75/100\n|-unboost|p2a: Sneasler|def|1\n|-unboost|p2a: Sneasler|spd|1\n|move|p2b: Tyranitar|Knock Off|p1b: Aegislash\n|-supereffective|p1b: Aegislash|1\n|-damage|p1b: Aegislash|27/100\n|-enditem|p1b: Aegislash|Leftovers|[from] move: Knock Off|[of] p2b: Tyranitar\n|-formechange|p1b: Aegislash|Aegislash-Blade|\n|move|p1b: Aegislash|Iron Head|p2a: Sneasler\n|-damage|p2a: Sneasler|0 fnt\n|faint|p2a: Sneasler\n|\n|-weather|none\n|upkeep\n|inactive|houses6\u80e1\u841d\u535c\u4fa0 has 30 seconds left.\n|\n|t:|1776092887\n|switch|p2a: Aegislash|Aegislash, L50, F|100/100\n|turn|6\n|inactive|houses6\u80e1\u841d\u535c\u4fa0 has 30 seconds left.\n|inactive|houses6\u80e1\u841d\u535c\u4fa0 has 20 seconds left.\n|\n|t:|1776092923\n|switch|p2b: Mamoswine|Mamoswine, L50, M|100/100\n|switch|p1b: Incineroar|Incineroar, L50, F|83/100\n|-ability|p1b: Incineroar|Intimidate|boost\n|-unboost|p2a: Aegislash|atk|1\n|-fail|p2b: Mamoswine|unboost|Attack|[from] ability: Oblivious|[of] p2b: Mamoswine\n|detailschange|p1a: Floette|Floette-Mega, L50, F\n|-mega|p1a: Floette|Floette|Floettite\n|-ability|p1a: Floette|Fairy Aura\n|move|p1a: Floette|Protect|p1a: Floette\n|-singleturn|p1a: Floette|Protect\n|-formechange|p2a: Aegislash|Aegislash-Blade|\n|move|p2a: Aegislash|Shadow Sneak|p1b: Incineroar\n|-resisted|p1b: Incineroar|1\n|-damage|p1b: Incineroar|76/100\n|\n|upkeep\n|turn|7\n|inactive|houses6\u80e1\u841d\u535c\u4fa0 has 30 seconds left.\n|\n|t:|1776092949\n|move|p2b: Mamoswine|Protect|p2b: Mamoswine\n|-singleturn|p2b: Mamoswine|Protect\n|move|p1a: Floette|Calm Mind|p1a: Floette\n|-boost|p1a: Floette|spa|1\n|-boost|p1a: Floette|spd|1\n|move|p2a: Aegislash|Close Combat|p1b: Incineroar\n|-supereffective|p1b: Incineroar|1\n|-damage|p1b: Incineroar|33/100\n|-unboost|p2a: Aegislash|def|1\n|-unboost|p2a: Aegislash|spd|1\n|-enditem|p1b: Incineroar|Sitrus Berry|[eat]\n|-heal|p1b: Incineroar|57/100|[from] item: Sitrus Berry\n|move|p1b: Incineroar|Flare Blitz|p2a: Aegislash\n|-supereffective|p2a: Aegislash|1\n|-damage|p2a: Aegislash|0 fnt\n|faint|p2a: Aegislash\n|-damage|p1b: Incineroar|32/100|[from] Recoil\n|\n|upkeep\n|\n|t:|1776092965\n|switch|p2a: Tyranitar|Tyranitar-Mega, L50, M|47/100\n|-weather|Sandstorm|[from] ability: Sand Stream|[of] p2a: Tyranitar\n|turn|8\n|\n|t:|1776092972\n|move|p1a: Floette|Dazzling Gleam|p2b: Mamoswine|[spread] p2a,p2b\n|-supereffective|p2a: Tyranitar|1\n|-damage|p2a: Tyranitar|0 fnt\n|-damage|p2b: Mamoswine|12/100\n|faint|p2a: Tyranitar\n|move|p2b: Mamoswine|Icicle Crash|p1a: Floette|[miss]\n|-miss|p2b: Mamoswine|p1a: Floette\n|move|p1b: Incineroar|Flare Blitz|p2b: Mamoswine\n|-supereffective|p2b: Mamoswine|1\n|-damage|p2b: Mamoswine|0 fnt\n|faint|p2b: Mamoswine\n|-damage|p1b: Incineroar|28/100|[from] Recoil\n|\n|win|SpaceEntity\n|raw|SpaceEntity's rating: 1228 &rarr; <strong>1260</strong><br />(+32 for winning)\n|raw|houses6\u80e1\u841d\u535c\u4fa0's rating: 1326 &rarr; <strong>1301</strong><br />(-25 for losing)\n|l|\u2606houses6\u80e1\u841d\u535c\u4fa0\n|player|p2|\n|j|\u2606houses6\u80e1\u841d\u535c\u4fa0\n|player|p2|houses6\u80e1\u841d\u535c\u4fa0|li|\n|l|\u2606houses6\u80e1\u841d\u535c\u4fa0\n|player|p2|\n|j|\u2606houses6\u80e1\u841d\u535c\u4fa0\n|player|p2|houses6\u80e1\u841d\u535c\u4fa0|li|\n|l|\u2606SpaceEntity\n|player|p1|\n",
  "uploadtime": 1776092986,
  "views": 46,
  "formatid": "gen9championsvgc2026regma",
  "rating": 1260,
  "private": 0,
  "password": null
}