{
  "id": "gen9championsvgc2026regma-2580391558",
  "format": "[Gen 9 Champions] VGC 2026 Reg M-A",
  "players": [
    "Jamie Boyt Alt",
    "utyhrtgfrsd"
  ],
  "log": "|j|\u2606Jamie Boyt Alt\n|j|\u2606utyhrtgfrsd\n|t:|1775889531\n|gametype|doubles\n|player|p1|Jamie Boyt Alt|ghetsis|\n|player|p2|utyhrtgfrsd|170|\n|gen|9\n|tier|[Gen 9 Champions] VGC 2026 Reg M-A\n|rated|Tournament battle\n|rule|Species Clause: Limit one of each Pok\u00e9mon\n|rule|Item Clause: Limit 1 of each item\n|clearpoke\n|poke|p1|Gengar, L50, F|\n|poke|p1|Ninetales-Alola, L50, F|\n|poke|p1|Forretress, L50, M|\n|poke|p1|Rotom-Wash, L50|\n|poke|p1|Incineroar, L50, F|\n|poke|p1|Garchomp, L50, M|\n|poke|p2|Tyranitar, L50, M|\n|poke|p2|Rotom-Wash, L50|\n|poke|p2|Sneasler, L50, F|\n|poke|p2|Incineroar, L50, F|\n|poke|p2|Aegislash, L50, M|\n|poke|p2|Meganium, L50, F|\n|teampreview|4\n|inactive|Battle timer is ON: inactive players will automatically lose when time's up. (requested by Jamie Boyt Alt)\n|j| wowee20\n|j| Noobilio\n|inactive|Jamie Boyt Alt has 60 seconds left.\n|inactive|utyhrtgfrsd has 60 seconds left.\n|j| Bman311\n|j| Avatar Kony\n|inactive|Jamie Boyt Alt has 30 seconds left.\n|inactive|Jamie Boyt Alt has 20 seconds left.\n|inactive|Jamie Boyt Alt has 15 seconds left.\n|inactive|Jamie Boyt Alt has 10 seconds left.\n|\n|t:|1775889618\n|teamsize|p1|4\n|teamsize|p2|4\n|start\n|switch|p1a: Gengar|Gengar, L50, F|100/100\n|switch|p1b: Ninetales|Ninetales-Alola, L50, F|100/100\n|switch|p2a: Rotom|Rotom-Wash, L50|100/100\n|switch|p2b: Aegislash|Aegislash, L50, M|100/100\n|-weather|Snowscape|[from] ability: Snow Warning|[of] p1b: Ninetales\n|turn|1\n|\n|t:|1775889633\n|detailschange|p1a: Gengar|Gengar-Mega, L50, F\n|-mega|p1a: Gengar|Gengar|Gengarite\n|move|p1a: Gengar|Protect|p1a: Gengar\n|-singleturn|p1a: Gengar|Protect\n|move|p1b: Ninetales|Protect|p1b: Ninetales\n|-singleturn|p1b: Ninetales|Protect\n|move|p2a: Rotom|Volt Switch|p1b: Ninetales\n|-activate|p1b: Ninetales|move: Protect\n|-formechange|p2b: Aegislash|Aegislash-Blade|\n|move|p2b: Aegislash|Shadow Ball|p1a: Gengar\n|-activate|p1a: Gengar|move: Protect\n|\n|-weather|Snowscape|[upkeep]\n|upkeep\n|turn|2\n|inactive|Jamie Boyt Alt has 30 seconds left.\n|inactive|Jamie Boyt Alt has 20 seconds left.\n|inactive|Jamie Boyt Alt has 15 seconds left.\n|\n|t:|1775889675\n|switch|p1a: Incineroar|Incineroar, L50, F|100/100\n|-ability|p1a: Incineroar|Intimidate|boost\n|-unboost|p2a: Rotom|atk|1\n|-unboost|p2b: Aegislash|atk|1\n|-formechange|p2b: Aegislash|Aegislash|\n|move|p2b: Aegislash|King's Shield|p2b: Aegislash\n|-singleturn|p2b: Aegislash|Protect\n|move|p2a: Rotom|Volt Switch|p1b: Ninetales\n|-damage|p1b: Ninetales|60/100\n|\n|t:|1775889685\n|switch|p2a: Tyranitar|Tyranitar, L50, M|100/100|[from] Volt Switch\n|-weather|Sandstorm|[from] ability: Sand Stream|[of] p2a: Tyranitar\n|move|p1b: Ninetales|Moonblast|p2a: Tyranitar\n|-supereffective|p2a: Tyranitar|1\n|-damage|p2a: Tyranitar|60/100\n|\n|-weather|Sandstorm|[upkeep]\n|-damage|p1b: Ninetales|54/100|[from] Sandstorm\n|-damage|p1a: Incineroar|95/100|[from] Sandstorm\n|upkeep\n|turn|3\n|\n|t:|1775889701\n|switch|p2a: Rotom|Rotom-Wash, L50|100/100\n|move|p1a: Incineroar|Fake Out|p2a: Rotom\n|-damage|p2a: Rotom|85/100\n|move|p1b: Ninetales|Encore|p2b: Aegislash\n|-start|p2b: Aegislash|Encore\n|move|p2b: Aegislash|King's Shield||[still]\n|-fail|p2b: Aegislash\n|\n|-weather|Sandstorm|[upkeep]\n|-damage|p2a: Rotom|80/100|[from] Sandstorm\n|-damage|p1b: Ninetales|48/100|[from] Sandstorm\n|-damage|p1a: Incineroar|89/100|[from] Sandstorm\n|upkeep\n|turn|4\n|\n|t:|1775889721\n|switch|p1b: Garchomp|Garchomp, L50, M, shiny|100/100\n|switch|p2b: Tyranitar|Tyranitar, L50, M|60/100\n|move|p2a: Rotom|Volt Switch|p1a: Incineroar\n|-damage|p1a: Incineroar|66/100\n|\n|t:|1775889729\n|switch|p2a: Meganium|Meganium, L50, F|100/100|[from] Volt Switch\n|move|p1a: Incineroar|Parting Shot|p2a: Meganium\n|-unboost|p2a: Meganium|atk|1\n|-unboost|p2a: Meganium|spa|1\n|\n|t:|1775889736\n|switch|p1a: Ninetales|Ninetales-Alola, L50, F|48/100|[from] Parting Shot\n|-weather|Snowscape|[from] ability: Snow Warning|[of] p1a: Ninetales\n|\n|-weather|Snowscape|[upkeep]\n|upkeep\n|turn|5\n|l| Noobilio\n|j| Noobilio\n|inactive|Jamie Boyt Alt has 30 seconds left.\n|\n|t:|1775889770\n|switch|p2a: Aegislash|Aegislash, L50, M|100/100\n|move|p1b: Garchomp|Dragon Claw|p2b: Tyranitar\n|-damage|p2b: Tyranitar|26/100\n|move|p1a: Ninetales|Blizzard|p2b: Tyranitar|[spread] p2a,p2b\n|-resisted|p2a: Aegislash|1\n|-damage|p2a: Aegislash|89/100\n|-damage|p2b: Tyranitar|1/100\n|move|p2b: Tyranitar|Ice Punch|p1b: Garchomp\n|-supereffective|p1b: Garchomp|2\n|-damage|p1b: Garchomp|0 fnt\n|-damage|p2b: Tyranitar|0 fnt|[from] ability: Rough Skin|[of] p1b: Garchomp\n|faint|p1b: Garchomp\n|faint|p2b: Tyranitar\n|\n|-weather|Snowscape|[upkeep]\n|upkeep\n|\n|t:|1775889786\n|switch|p1b: Gengar|Gengar-Mega, L50, F|100/100\n|switch|p2b: Rotom|Rotom-Wash, L50|80/100\n|turn|6\n|\n|t:|1775889809\n|move|p1b: Gengar|Protect|p1b: Gengar\n|-singleturn|p1b: Gengar|Protect\n|move|p2b: Rotom|Thunderbolt|p1a: Ninetales\n|-damage|p1a: Ninetales|0 fnt\n|faint|p1a: Ninetales\n|-formechange|p2a: Aegislash|Aegislash-Blade|\n|move|p2a: Aegislash|Shadow Ball|p1b: Gengar\n|-activate|p1b: Gengar|move: Protect\n|\n|-weather|Snowscape|[upkeep]\n|upkeep\n|\n|t:|1775889813\n|switch|p1a: Incineroar|Incineroar, L50, F|66/100\n|-ability|p1a: Incineroar|Intimidate|boost\n|-unboost|p2a: Aegislash|atk|1\n|-unboost|p2b: Rotom|atk|1\n|turn|7\n|inactive|Jamie Boyt Alt has 30 seconds left.\n|inactive|Jamie Boyt Alt has 20 seconds left.\n|inactive|Jamie Boyt Alt has 15 seconds left.\n|inactive|Jamie Boyt Alt has 10 seconds left.\n|\n|t:|1775889860\n|-formechange|p2a: Aegislash|Aegislash|\n|move|p2a: Aegislash|King's Shield|p2a: Aegislash\n|-singleturn|p2a: Aegislash|Protect\n|move|p1a: Incineroar|Fake Out|p2b: Rotom\n|-damage|p2b: Rotom|65/100\n|cant|p2b: Rotom|flinch\n|move|p1b: Gengar|Disable|p2b: Rotom\n|-start|p2b: Rotom|Disable|Thunderbolt\n|\n|-weather|Snowscape|[upkeep]\n|upkeep\n|turn|8\n|\n|t:|1775889884\n|move|p1b: Gengar|Protect|p1b: Gengar\n|-singleturn|p1b: Gengar|Protect\n|-activate|p2b: Rotom|move: Struggle\n|move|p2b: Rotom|Struggle|p1b: Gengar\n|-activate|p1b: Gengar|move: Protect\n|move|p1a: Incineroar|Darkest Lariat|p2a: Aegislash\n|-supereffective|p2a: Aegislash|1\n|-damage|p2a: Aegislash|30/100\n|-formechange|p2a: Aegislash|Aegislash-Blade|\n|move|p2a: Aegislash|Shadow Ball|p1b: Gengar\n|-activate|p1b: Gengar|move: Protect\n|\n|-weather|none\n|upkeep\n|turn|9\n|\n|t:|1775889907\n|move|p2a: Aegislash|Shadow Sneak|p1b: Gengar\n|-supereffective|p1b: Gengar|1\n|-damage|p1b: Gengar|67/100\n|-activate|p2b: Rotom|move: Struggle\n|move|p2b: Rotom|Struggle|p1a: Incineroar\n|-damage|p1a: Incineroar|61/100\n|-damage|p2b: Rotom|40/100|[from] recoil\n|move|p1b: Gengar|Disable|p2a: Aegislash\n|-start|p2a: Aegislash|Disable|Shadow Sneak\n|move|p1a: Incineroar|Parting Shot|p2a: Aegislash\n|-unboost|p2a: Aegislash|atk|1\n|-unboost|p2a: Aegislash|spa|1\n|\n|upkeep\n|turn|10\n|\n|t:|1775889921\n|-formechange|p2a: Aegislash|Aegislash|\n|move|p2a: Aegislash|King's Shield|p2a: Aegislash\n|-singleturn|p2a: Aegislash|Protect\n|-activate|p2b: Rotom|move: Struggle\n|move|p2b: Rotom|Struggle|p1a: Incineroar\n|-damage|p1a: Incineroar|56/100\n|-damage|p2b: Rotom|16/100|[from] recoil\n|move|p1b: Gengar|Shadow Ball|p2a: Aegislash\n|-activate|p2a: Aegislash|move: Protect\n|move|p1a: Incineroar|Darkest Lariat|p2b: Rotom\n|-damage|p2b: Rotom|0 fnt\n|faint|p2b: Rotom\n|\n|upkeep\n|\n|t:|1775889931\n|switch|p2b: Meganium|Meganium, L50, F|100/100\n|turn|11\n|l| Avatar Kony\n|\n|t:|1775889954\n|detailschange|p2b: Meganium|Meganium-Mega, L50, F\n|-mega|p2b: Meganium|Meganium|Meganiumite\n|move|p1b: Gengar|Shadow Ball|p2a: Aegislash\n|-supereffective|p2a: Aegislash|1\n|-enditem|p2a: Aegislash|Kasib Berry|[eat]\n|-enditem|p2a: Aegislash|Kasib Berry|[weaken]\n|-damage|p2a: Aegislash|0 fnt\n|faint|p2a: Aegislash\n|move|p2b: Meganium|Solar Beam||[still]\n|-prepare|p2b: Meganium|Solar Beam\n|-activate|p2b: Meganium|ability: Mega Sol\n|-anim|p2b: Meganium|Solar Beam|p1a: Incineroar\n|-resisted|p1a: Incineroar|1\n|-damage|p1a: Incineroar|28/100\n|move|p1a: Incineroar|Flare Blitz|p2b: Meganium\n|-supereffective|p2b: Meganium|1\n|-damage|p2b: Meganium|29/100\n|-damage|p1a: Incineroar|6/100|[from] Recoil\n|\n|upkeep\n|turn|12\n|c|\u2606Jamie Boyt Alt|gg\n|\n|t:|1775889970\n|move|p1b: Gengar|Shadow Ball|p2b: Meganium\n|-damage|p2b: Meganium|0 fnt\n|faint|p2b: Meganium\n|\n|win|Jamie Boyt Alt\n|n|\u2606Jamie Boyt Alt|jamieboytalt\n|n|\u2606utyhrtgfrsd|utyhrtgfrsd\n|n| wowee20|wowee20\n|n| Bman311|bman311\n|n| Noobilio|noobilio\n|l| Noobilio\n|l| Bman311\n",
  "uploadtime": 1775889976,
  "views": 16,
  "formatid": "gen9championsvgc2026regma",
  "rating": null,
  "private": 0,
  "password": null
}