{
  "id": "gen9championsvgc2026regma-2582644707",
  "format": "[Gen 9 Champions] VGC 2026 Reg M-A",
  "players": [
    "rapidshadey",
    "Tinen"
  ],
  "log": "|j|\u2606rapidshadey\n|j|\u2606Tinen\n|t:|1776104607\n|gametype|doubles\n|player|p1|rapidshadey|265|1000\n|player|p2|Tinen|dancer|1047\n|gen|9\n|tier|[Gen 9 Champions] VGC 2026 Reg M-A\n|rated|\n|rule|Species Clause: Limit one of each Pok\u00e9mon\n|rule|Item Clause: Limit 1 of each item\n|clearpoke\n|poke|p1|Banette, L50, M|\n|poke|p1|Charizard, L50, M|\n|poke|p1|Altaria, L50, F|\n|poke|p1|Garchomp, L50, M|\n|poke|p1|Skarmory, L50, F|\n|poke|p1|Rotom-Wash, L50|\n|poke|p2|Dragonite, L50, F|\n|poke|p2|Scizor, L50, F|\n|poke|p2|Pelipper, L50, M|\n|poke|p2|Basculegion, L50, M|\n|poke|p2|Sinistcha, L50|\n|poke|p2|Umbreon, L50, F|\n|teampreview|4\n|inactive|Battle timer is ON: inactive players will automatically lose when time's up. (requested by rapidshadey)\n|inactiveoff|Battle timer is now OFF.\n|\n|t:|1776104660\n|teamsize|p1|4\n|teamsize|p2|4\n|start\n|switch|p1a: Altaria|Altaria, L50, F|100/100\n|switch|p1b: Skarmory|Skarmory, L50, F|100/100\n|switch|p2a: Pelipper|Pelipper, L50, M|100/100\n|switch|p2b: Basculegion|Basculegion, L50, M|100/100\n|-ability|p1a: Altaria|Cloud Nine\n|-weather|RainDance|[from] ability: Drizzle|[of] p2a: Pelipper\n|turn|1\n|\n|t:|1776104691\n|switch|p2a: Dragonite|Dragonite, L50, F, shiny|100/100\n|detailschange|p1a: Altaria|Altaria-Mega, L50, F\n|-mega|p1a: Altaria|Altaria|Altarianite\n|move|p2b: Basculegion|Wave Crash|p1b: Skarmory\n|-damage|p1b: Skarmory|8/100\n|-damage|p2b: Basculegion|79/100|[from] Recoil\n|move|p1a: Altaria|Double-Edge|p2a: Dragonite\n|-supereffective|p2a: Dragonite|1\n|-damage|p2a: Dragonite|20/100\n|-damage|p1a: Altaria|70/100|[from] Recoil\n|move|p1b: Skarmory|Stealth Rock|p2a: Dragonite\n|-sidestart|p2: Tinen|move: Stealth Rock\n|\n|-weather|RainDance|[upkeep]\n|-heal|p1b: Skarmory|13/100|[from] item: Leftovers\n|upkeep\n|turn|2\n|\n|t:|1776104735\n|switch|p2a: Sinistcha|Sinistcha, L50|100/100\n|-damage|p2a: Sinistcha|88/100|[from] Stealth Rock\n|-heal|p2b: Basculegion|100/100|[from] ability: Hospitality|[of] p2a: Sinistcha\n|move|p2b: Basculegion|Wave Crash|p1a: Altaria\n|-resisted|p1a: Altaria|1\n|-damage|p1a: Altaria|12/100\n|-damage|p2b: Basculegion|86/100|[from] Recoil\n|move|p1a: Altaria|Perish Song|p1a: Altaria\n|-start|p1a: Altaria|perish3|[silent]\n|-start|p1b: Skarmory|perish3|[silent]\n|-start|p2a: Sinistcha|perish3|[silent]\n|-start|p2b: Basculegion|perish3|[silent]\n|-fieldactivate|move: Perish Song\n|move|p1b: Skarmory|Spikes|p2b: Basculegion\n|-sidestart|p2: Tinen|Spikes\n|\n|-weather|RainDance|[upkeep]\n|-heal|p1b: Skarmory|19/100|[from] item: Leftovers\n|-start|p2b: Basculegion|perish3\n|-start|p1a: Altaria|perish3\n|-start|p2a: Sinistcha|perish3\n|-start|p1b: Skarmory|perish3\n|upkeep\n|turn|3\n|\n|t:|1776104775\n|move|p1a: Altaria|Protect|p1a: Altaria\n|-singleturn|p1a: Altaria|Protect\n|move|p2b: Basculegion|Waterfall|p1a: Altaria\n|-activate|p1a: Altaria|move: Protect\n|move|p1b: Skarmory|Brave Bird|p2a: Sinistcha\n|-supereffective|p2a: Sinistcha|1\n|-damage|p2a: Sinistcha|26/100\n|-enditem|p2a: Sinistcha|Sitrus Berry|[eat]\n|-heal|p2a: Sinistcha|51/100|[from] item: Sitrus Berry\n|-damage|p1b: Skarmory|0 fnt|[from] Recoil\n|faint|p1b: Skarmory\n|move|p2a: Sinistcha|Matcha Gotcha|p1a: Altaria\n|-activate|p1a: Altaria|move: Protect\n|\n|-weather|RainDance|[upkeep]\n|-start|p2b: Basculegion|perish2\n|-start|p1a: Altaria|perish2\n|-start|p2a: Sinistcha|perish2\n|upkeep\n|\n|t:|1776104795\n|switch|p1b: Banette|Banette, L50, M|100/100\n|turn|4\n|\n|t:|1776104819\n|switch|p2a: Dragonite|Dragonite, L50, F, shiny|20/100\n|-damage|p2a: Dragonite|0 fnt|[from] Stealth Rock\n|faint|p2a: Dragonite\n|move|p2b: Basculegion|Protect|p2b: Basculegion\n|-singleturn|p2b: Basculegion|Protect\n|move|p1a: Altaria|Double-Edge|p2b: Basculegion\n|-activate|p2b: Basculegion|move: Protect\n|move|p1b: Banette|Thunder Wave|p2b: Basculegion\n|-activate|p2b: Basculegion|move: Protect\n|\n|-weather|RainDance|[upkeep]\n|-start|p2b: Basculegion|perish1\n|-start|p1a: Altaria|perish1\n|upkeep\n|\n|t:|1776104834\n|switch|p2a: Pelipper|Pelipper, L50, M|100/100\n|-damage|p2a: Pelipper|76/100|[from] Stealth Rock\n|turn|5\n|\n|t:|1776104846\n|switch|p2b: Sinistcha|Sinistcha, L50|51/100\n|-damage|p2b: Sinistcha|39/100|[from] Stealth Rock\n|-damage|p2b: Sinistcha|26/100|[from] Spikes\n|-heal|p2a: Pelipper|100/100|[from] ability: Hospitality|[of] p2b: Sinistcha\n|move|p1a: Altaria|Protect|p1a: Altaria\n|-singleturn|p1a: Altaria|Protect\n|move|p2a: Pelipper|Hurricane|p1a: Altaria\n|-activate|p1a: Altaria|move: Protect\n|move|p1b: Banette|Thunder Wave|p2a: Pelipper\n|-status|p2a: Pelipper|par\n|\n|-weather|none\n|-start|p1a: Altaria|perish0\n|faint|p1a: Altaria\n|upkeep\n|\n|t:|1776104862\n|switch|p1a: Garchomp|Garchomp, L50, M|100/100\n|turn|6\n|\n|t:|1776104884\n|move|p2a: Pelipper|Protect|p2a: Pelipper\n|-singleturn|p2a: Pelipper|Protect\n|move|p1a: Garchomp|Rock Slide|p2b: Sinistcha|[spread] p2b\n|-activate|p2a: Pelipper|move: Protect\n|-crit|p2b: Sinistcha\n|-damage|p2b: Sinistcha|0 fnt\n|faint|p2b: Sinistcha\n|move|p1b: Banette|Curse|p2a: Pelipper\n|-start|p2a: Pelipper|Curse|[of] p1b: Banette\n|-damage|p1b: Banette|51/100\n|\n|-damage|p2a: Pelipper|76/100 par|[from] Curse\n|upkeep\n|\n|t:|1776104890\n|switch|p2b: Basculegion|Basculegion, L50, M|86/100\n|-damage|p2b: Basculegion|74/100|[from] Stealth Rock\n|-damage|p2b: Basculegion|61/100|[from] Spikes\n|turn|7\n|\n|t:|1776104908\n|move|p1a: Garchomp|Protect|p1a: Garchomp\n|-singleturn|p1a: Garchomp|Protect\n|move|p1b: Banette|Shadow Sneak|p2b: Basculegion\n|-supereffective|p2b: Basculegion|1\n|-damage|p2b: Basculegion|21/100\n|move|p2b: Basculegion|Last Respects|p1a: Garchomp\n|-activate|p1a: Garchomp|move: Protect\n|move|p2a: Pelipper|Hurricane|p1a: Garchomp\n|-activate|p1a: Garchomp|move: Protect\n|\n|-damage|p2a: Pelipper|52/100 par|[from] Curse\n|upkeep\n|turn|8\n|\n|t:|1776104934\n|move|p1b: Banette|Shadow Sneak|p2b: Basculegion\n|-supereffective|p2b: Basculegion|1\n|-damage|p2b: Basculegion|0 fnt\n|faint|p2b: Basculegion\n|move|p1a: Garchomp|Rock Slide|p2a: Pelipper\n|-supereffective|p2a: Pelipper|1\n|-damage|p2a: Pelipper|0 fnt\n|faint|p2a: Pelipper\n|\n|win|rapidshadey\n|raw|rapidshadey's rating: 1000 &rarr; <strong>1045</strong><br />(+45 for winning)\n|raw|Tinen's rating: 1047 &rarr; <strong>1028</strong><br />(-19 for losing)\n",
  "uploadtime": 1776104935,
  "views": 12,
  "formatid": "gen9championsvgc2026regma",
  "rating": 1028,
  "private": 0,
  "password": null
}