{
  "id": "gen9championsvgc2026regma-2584590819",
  "format": "[Gen 9 Champions] VGC 2026 Reg M-A",
  "players": [
    "MiMiQuiu01",
    "SirLuce"
  ],
  "log": "|j|\u2606MiMiQuiu01\n|j|\u2606SirLuce\n|t:|1776270733\n|gametype|doubles\n|player|p1|MiMiQuiu01|266|1368\n|player|p2|SirLuce|169|1347\n|gen|9\n|tier|[Gen 9 Champions] VGC 2026 Reg M-A\n|rated|\n|rule|Species Clause: Limit one of each Pok\u00e9mon\n|rule|Item Clause: Limit 1 of each item\n|clearpoke\n|poke|p1|Excadrill, L50, F|\n|poke|p1|Aegislash, L50, M|\n|poke|p1|Kommo-o, L50, M|\n|poke|p1|Tyranitar, L50, F|\n|poke|p1|Corviknight, L50, F|\n|poke|p1|Sinistcha, L50|\n|poke|p2|Floette-Eternal, L50, F|\n|poke|p2|Maushold-Four, L50|\n|poke|p2|Garchomp, L50, F|\n|poke|p2|Talonflame, L50, F|\n|poke|p2|Rotom-Wash, L50|\n|poke|p2|Aegislash, L50, M|\n|teampreview|4\n|\n|t:|1776270842\n|teamsize|p1|4\n|teamsize|p2|4\n|start\n|switch|p1a: Corviknight|Corviknight, L50, F|100/100\n|switch|p1b: Tyranitar|Tyranitar, L50, F|100/100\n|switch|p2a: Garchomp|Garchomp, L50, F|100/100\n|switch|p2b: Talonflame|Talonflame, L50, F|100/100\n|-weather|Sandstorm|[from] ability: Sand Stream|[of] p1b: Tyranitar\n|turn|1\n|\n|t:|1776270858\n|move|p1b: Tyranitar|Protect|p1b: Tyranitar\n|-singleturn|p1b: Tyranitar|Protect\n|move|p2b: Talonflame|Tailwind|p2b: Talonflame\n|-sidestart|p2: SirLuce|move: Tailwind\n|move|p2a: Garchomp|Stomping Tantrum|p1b: Tyranitar\n|-activate|p1b: Tyranitar|move: Protect\n|move|p1a: Corviknight|Tailwind|p1a: Corviknight\n|-sidestart|p1: MiMiQuiu01|move: Tailwind\n|\n|-weather|Sandstorm|[upkeep]\n|-damage|p2b: Talonflame|95/100|[from] Sandstorm\n|upkeep\n|turn|2\n|\n|t:|1776270882\n|switch|p1b: Aegislash|Aegislash, L50, M|100/100\n|move|p2b: Talonflame|Flare Blitz|p1a: Corviknight\n|-supereffective|p1a: Corviknight|1\n|-enditem|p1a: Corviknight|Occa Berry|[eat]\n|-enditem|p1a: Corviknight|Occa Berry|[weaken]\n|-damage|p1a: Corviknight|62/100\n|-damage|p2b: Talonflame|79/100|[from] Recoil\n|move|p2a: Garchomp|Stomping Tantrum|p1b: Aegislash\n|-supereffective|p1b: Aegislash|1\n|-enditem|p1b: Aegislash|Shuca Berry|[eat]\n|-enditem|p1b: Aegislash|Shuca Berry|[weaken]\n|-damage|p1b: Aegislash|62/100\n|move|p1a: Corviknight|Brave Bird|p2b: Talonflame\n|-damage|p2b: Talonflame|0 fnt\n|faint|p2b: Talonflame\n|-damage|p1a: Corviknight|42/100|[from] Recoil\n|\n|-weather|Sandstorm|[upkeep]\n|upkeep\n|\n|t:|1776270894\n|switch|p2b: Rotom|Rotom-Wash, L50|100/100\n|turn|3\n|\n|t:|1776270908\n|switch|p1a: Excadrill|Excadrill, L50, F|100/100\n|move|p1b: Aegislash|King's Shield|p1b: Aegislash\n|-singleturn|p1b: Aegislash|Protect\n|move|p2a: Garchomp|Stomping Tantrum|p1b: Aegislash\n|-activate|p1b: Aegislash|move: Protect\n|-unboost|p2a: Garchomp|atk|1\n|move|p2b: Rotom|Thunderbolt|p1a: Excadrill\n|-immune|p1a: Excadrill\n|\n|-weather|Sandstorm|[upkeep]\n|-damage|p2b: Rotom|95/100|[from] Sandstorm\n|upkeep\n|turn|4\n|\n|t:|1776270943\n|switch|p1b: Corviknight|Corviknight, L50, F|42/100\n|move|p1a: Excadrill|Protect|p1a: Excadrill\n|-singleturn|p1a: Excadrill|Protect\n|move|p2a: Garchomp|Earthquake|p1a: Excadrill|[spread] \n|-activate|p1a: Excadrill|move: Protect\n|-immune|p2b: Rotom|[from] ability: Levitate\n|-immune|p1b: Corviknight\n|move|p2b: Rotom|Hydro Pump|p1a: Excadrill\n|-activate|p1a: Excadrill|move: Protect\n|\n|-weather|Sandstorm|[upkeep]\n|-damage|p2b: Rotom|89/100|[from] Sandstorm\n|-sideend|p1: MiMiQuiu01|move: Tailwind\n|-sideend|p2: SirLuce|move: Tailwind\n|upkeep\n|turn|5\n|\n|t:|1776270977\n|switch|p1b: Tyranitar|Tyranitar, L50, F|100/100\n|move|p1a: Excadrill|High Horsepower|p2a: Garchomp\n|-crit|p2a: Garchomp\n|-damage|p2a: Garchomp|20/100\n|move|p2a: Garchomp|Stomping Tantrum|p1a: Excadrill\n|-supereffective|p1a: Excadrill|1\n|-damage|p1a: Excadrill|0 fnt\n|faint|p1a: Excadrill\n|move|p2b: Rotom|Thunderbolt|p1b: Tyranitar\n|-damage|p1b: Tyranitar|72/100\n|\n|-weather|none\n|upkeep\n|\n|t:|1776271003\n|switch|p1a: Aegislash|Aegislash, L50, M|62/100\n|turn|6\n|\n|t:|1776271016\n|detailschange|p1b: Tyranitar|Tyranitar-Mega, L50, F\n|-mega|p1b: Tyranitar|Tyranitar|Tyranitarite\n|-weather|Sandstorm|[from] ability: Sand Stream|[of] p1b: Tyranitar\n|move|p1a: Aegislash|King's Shield|p1a: Aegislash\n|-singleturn|p1a: Aegislash|Protect\n|move|p2a: Garchomp|Earthquake|p1b: Tyranitar|[spread] p1b\n|-activate|p1a: Aegislash|move: Protect\n|-immune|p2b: Rotom|[from] ability: Levitate\n|-supereffective|p1b: Tyranitar|1\n|-damage|p1b: Tyranitar|28/100\n|move|p1b: Tyranitar|Dragon Dance|p1b: Tyranitar\n|-boost|p1b: Tyranitar|atk|1\n|-boost|p1b: Tyranitar|spe|1\n|move|p2b: Rotom|Hydro Pump|p1b: Tyranitar|[miss]\n|-miss|p2b: Rotom|p1b: Tyranitar\n|\n|-weather|Sandstorm|[upkeep]\n|-damage|p2b: Rotom|83/100|[from] Sandstorm\n|upkeep\n|turn|7\n|\n|t:|1776271056\n|move|p1a: Aegislash|Wide Guard|p1a: Aegislash\n|-singleturn|p1a: Aegislash|Wide Guard\n|move|p1b: Tyranitar|Knock Off|p2b: Rotom\n|-damage|p2b: Rotom|0 fnt\n|-enditem|p2b: Rotom|Sitrus Berry|[from] move: Knock Off|[of] p1b: Tyranitar\n|faint|p2b: Rotom\n|move|p2a: Garchomp|Earthquake|p1a: Aegislash|[spread] \n|-activate|p1a: Aegislash|move: Wide Guard\n|-activate|p1b: Tyranitar|move: Wide Guard\n|\n|-weather|Sandstorm|[upkeep]\n|upkeep\n|\n|t:|1776271061\n|switch|p2b: Floette|Floette-Eternal, L50, F|100/100\n|turn|8\n|\n|t:|1776271091\n|detailschange|p2b: Floette|Floette-Mega, L50, F\n|-mega|p2b: Floette|Floette|Floettite\n|-ability|p2b: Floette|Fairy Aura\n|move|p1b: Tyranitar|Rock Slide|p2a: Garchomp|[spread] p2a,p2b\n|-resisted|p2a: Garchomp|1\n|-damage|p2a: Garchomp|0 fnt\n|-damage|p2b: Floette|47/100\n|faint|p2a: Garchomp\n|move|p2b: Floette|Moonblast|p1a: Aegislash\n|-resisted|p1a: Aegislash|1\n|-crit|p1a: Aegislash\n|-damage|p1a: Aegislash|9/100\n|-formechange|p1a: Aegislash|Aegislash-Blade|\n|move|p1a: Aegislash|Iron Head|p2b: Floette\n|-supereffective|p2b: Floette|1\n|-damage|p2b: Floette|0 fnt\n|faint|p2b: Floette\n|\n|win|MiMiQuiu01\n|raw|MiMiQuiu01's rating: 1368 &rarr; <strong>1387</strong><br />(+19 for winning)\n|raw|SirLuce's rating: 1347 &rarr; <strong>1328</strong><br />(-19 for losing)\n|l|\u2606SirLuce\n|player|p2|\n|c|\u2606MiMiQuiu01|gg\n|l|\u2606MiMiQuiu01\n|player|p1|\n",
  "uploadtime": 1776271111,
  "views": 32,
  "formatid": "gen9championsvgc2026regma",
  "rating": 1328,
  "private": 0,
  "password": null
}