{
  "id": "gen9championsvgc2026regma-2588097343",
  "format": "[Gen 9 Champions] VGC 2026 Reg M-A",
  "players": [
    "yuriimon",
    "Truecementdrinker"
  ],
  "log": "|j|\u2606yuriimon\n|j|\u2606Truecementdrinker\n|t:|1776603945\n|gametype|doubles\n|player|p1|yuriimon|waitress-gen4|1214\n|player|p2|Truecementdrinker|miku-fire|1114\n|gen|9\n|tier|[Gen 9 Champions] VGC 2026 Reg M-A\n|rated|\n|rule|Species Clause: Limit one of each Pok\u00e9mon\n|rule|Item Clause: Limit 1 of each item\n|clearpoke\n|poke|p1|Glimmora, L50, F|\n|poke|p1|Incineroar, L50, M|\n|poke|p1|Politoed, L50, M|\n|poke|p1|Basculegion, L50, M|\n|poke|p1|Chesnaught, L50, F|\n|poke|p1|Dragapult, L50, F|\n|poke|p2|Flapple, L50, F|\n|poke|p2|Tyranitar, L50, M|\n|poke|p2|Garganacl, L50, F|\n|poke|p2|Milotic, L50, F|\n|poke|p2|Sableye, L50, F|\n|poke|p2|Gengar, L50, M|\n|teampreview|4\n|inactive|Battle timer is ON: inactive players will automatically lose when time's up. (requested by yuriimon)\n|inactive|Truecementdrinker also wants the timer to be on.\nTruecementdrinker has agreed to open team sheets.\n|inactive|yuriimon has 60 seconds left.\n|inactive|Truecementdrinker has 60 seconds left.\n|\n|t:|1776603983\n|teamsize|p1|4\n|teamsize|p2|4\n|start\n|switch|p1a: Chesnaught|Chesnaught, L50, F|100/100\n|switch|p1b: Dragapult|Dragapult, L50, F|100/100\n|switch|p2a: Tyranitar|Tyranitar, L50, M|100/100\n|switch|p2b: Sableye|Sableye, L50, F|100/100\n|-weather|Sandstorm|[from] ability: Sand Stream|[of] p2a: Tyranitar\n|turn|1\n|\n|t:|1776603997\n|detailschange|p1a: Chesnaught|Chesnaught-Mega, L50, F\n|-mega|p1a: Chesnaught|Chesnaught|Chesnaughtite\n|move|p2b: Sableye|Gravity|p2b: Sableye\n|-fieldstart|move: Gravity\n|move|p1b: Dragapult|Will-O-Wisp|p2b: Sableye\n|-status|p2b: Sableye|brn\n|move|p2a: Tyranitar|Rock Slide|p1b: Dragapult|[spread] p1a,p1b\n|-resisted|p1a: Chesnaught|1\n|-damage|p1a: Chesnaught|91/100\n|-damage|p1b: Dragapult|54/100\n|move|p1a: Chesnaught|Iron Defense|p1a: Chesnaught\n|-boost|p1a: Chesnaught|def|2\n|\n|-weather|Sandstorm|[upkeep]\n|-damage|p1b: Dragapult|48/100|[from] Sandstorm\n|-damage|p2b: Sableye|95/100 brn|[from] Sandstorm\n|-damage|p1a: Chesnaught|85/100|[from] Sandstorm\n|-damage|p2b: Sableye|89/100 brn|[from] brn\n|upkeep\n|turn|2\n|inactive|Truecementdrinker has 30 seconds left.\n|\n|t:|1776604029\n|move|p2a: Tyranitar|Protect|p2a: Tyranitar\n|-singleturn|p2a: Tyranitar|Protect\n|move|p2b: Sableye|Will-O-Wisp|p1a: Chesnaught\n|-status|p1a: Chesnaught|brn\n|move|p1b: Dragapult|Hex|p2b: Sableye\n|-damage|p2b: Sableye|18/100 brn\n|move|p1a: Chesnaught|Body Press|p2a: Tyranitar\n|-activate|p2a: Tyranitar|move: Protect\n|\n|-weather|Sandstorm|[upkeep]\n|-damage|p1b: Dragapult|42/100|[from] Sandstorm\n|-damage|p2b: Sableye|12/100 brn|[from] Sandstorm\n|-damage|p1a: Chesnaught|79/100 brn|[from] Sandstorm\n|-damage|p2b: Sableye|6/100 brn|[from] brn\n|-damage|p1a: Chesnaught|73/100 brn|[from] brn\n|upkeep\n|turn|3\n|\n|t:|1776604050\n|switch|p1b: Incineroar|Incineroar, L50, M|100/100\n|-ability|p1b: Incineroar|Intimidate|boost\n|-unboost|p2a: Tyranitar|atk|1\n|-unboost|p2b: Sableye|atk|1\n|detailschange|p2a: Tyranitar|Tyranitar-Mega, L50, M\n|-mega|p2a: Tyranitar|Tyranitar|Tyranitarite\n|move|p2b: Sableye|Quash|p1b: Incineroar\n|-hint|Since gen 7, Dark is immune to Prankster moves.\n|-immune|p1b: Incineroar\n|move|p2a: Tyranitar|Earthquake|p1b: Incineroar|[spread] p2b,p1a,p1b\n|-resisted|p1a: Chesnaught|1\n|-supereffective|p1b: Incineroar|1\n|-damage|p2b: Sableye|0 fnt\n|-damage|p1a: Chesnaught|70/100 brn\n|-damage|p1b: Incineroar|64/100\n|faint|p2b: Sableye\n|move|p1a: Chesnaught|Body Press|p2a: Tyranitar\n|-supereffective|p2a: Tyranitar|2\n|-damage|p2a: Tyranitar|0 fnt\n|faint|p2a: Tyranitar\n|\n|-weather|Sandstorm|[upkeep]\n|-damage|p1b: Incineroar|58/100|[from] Sandstorm\n|-damage|p1a: Chesnaught|64/100 brn|[from] Sandstorm\n|-damage|p1a: Chesnaught|58/100 brn|[from] brn\n|upkeep\n|\n|t:|1776604066\n|switch|p2a: Flapple|Flapple, L50, F|100/100\n|switch|p2b: Gengar|Gengar, L50, M|100/100\n|turn|4\n|\n|t:|1776604083\n|move|p2a: Flapple|Dragon Rush|p1a: Chesnaught\n|-damage|p1a: Chesnaught|39/100 brn\n|move|p2b: Gengar|Hypnosis|p1b: Incineroar\n|-status|p1b: Incineroar|slp|[from] move: Hypnosis\n|cant|p1b: Incineroar|slp\n|move|p1a: Chesnaught|Body Press|p2a: Flapple\n|-damage|p2a: Flapple|24/100\n|\n|-weather|Sandstorm|[upkeep]\n|-damage|p2a: Flapple|18/100|[from] Sandstorm\n|-damage|p2b: Gengar|95/100|[from] Sandstorm\n|-damage|p1b: Incineroar|52/100 slp|[from] Sandstorm\n|-damage|p1a: Chesnaught|33/100 brn|[from] Sandstorm\n|-damage|p1a: Chesnaught|27/100 brn|[from] brn\n|upkeep\n|turn|5\n|inactive|Truecementdrinker has 30 seconds left.\n|\n|t:|1776604112\n|move|p2a: Flapple|Dragon Rush|p1a: Chesnaught\n|-damage|p1a: Chesnaught|7/100 brn\n|move|p2b: Gengar|Shadow Ball|p1a: Chesnaught\n|-immune|p1a: Chesnaught|[from] ability: Bulletproof\n|cant|p1b: Incineroar|slp\n|cant|p1a: Chesnaught|flinch\n|\n|-weather|none\n|-damage|p1a: Chesnaught|0 fnt|[from] brn\n|faint|p1a: Chesnaught\n|-fieldend|move: Gravity\n|upkeep\n|\n|t:|1776604122\n|switch|p1a: Dragapult|Dragapult, L50, F|42/100\n|turn|6\n|\n|t:|1776604136\n|move|p2a: Flapple|Dragon Rush|p1a: Dragapult\n|-supereffective|p1a: Dragapult|1\n|-damage|p1a: Dragapult|0 fnt\n|faint|p1a: Dragapult\n|move|p2b: Gengar|Focus Blast|p1b: Incineroar|[miss]\n|-miss|p2b: Gengar|p1b: Incineroar\n|-curestatus|p1b: Incineroar|slp|[msg]\n|move|p1b: Incineroar|Darkest Lariat|p2b: Gengar\n|-supereffective|p2b: Gengar|1\n|-damage|p2b: Gengar|0 fnt\n|-start|p1b: Incineroar|Disable|Darkest Lariat|[from] ability: Cursed Body|[of] p2b: Gengar\n|faint|p2b: Gengar\n|\n|upkeep\n|\n|t:|1776604148\n|switch|p1a: Politoed|Politoed, L50, M|100/100\n|-weather|RainDance|[from] ability: Drizzle|[of] p1a: Politoed\n|turn|7\n|\n|t:|1776604156\n|move|p2a: Flapple|Dragon Rush|p1b: Incineroar\n|-damage|p1b: Incineroar|0 fnt\n|faint|p1b: Incineroar\n|move|p1a: Politoed|Weather Ball|p2a: Flapple\n|-resisted|p2a: Flapple|2\n|-damage|p2a: Flapple|0 fnt\n|faint|p2a: Flapple\n|\n|win|yuriimon\n|raw|yuriimon's rating: 1214 &rarr; <strong>1232</strong><br />(+18 for winning)\n|raw|Truecementdrinker's rating: 1114 &rarr; <strong>1096</strong><br />(-18 for losing)\n|l|\u2606Truecementdrinker\n|player|p2|\n|c|\u2606yuriimon|ggwp\n",
  "uploadtime": 1776604169,
  "views": 7,
  "formatid": "gen9championsvgc2026regma",
  "rating": 1096,
  "private": 0,
  "password": null
}