{
  "id": "gen9championsvgc2026regma-2585149852",
  "format": "[Gen 9 Champions] VGC 2026 Reg M-A",
  "players": [
    "sswaaaggg",
    "25th_mang"
  ],
  "log": "|j|\u2606sswaaaggg\n|j|\u260625th_mang\n|t:|1776317899\n|gametype|doubles\n|player|p1|sswaaaggg|265|1163\n|player|p2|25th_mang|ballguy|1251\n|gen|9\n|tier|[Gen 9 Champions] VGC 2026 Reg M-A\n|rated|\n|rule|Species Clause: Limit one of each Pok\u00e9mon\n|rule|Item Clause: Limit 1 of each item\n|clearpoke\n|poke|p1|Incineroar, L50, M|\n|poke|p1|Torkoal, L50, M|\n|poke|p1|Camerupt, L50, F|\n|poke|p1|Farigiraf, L50, F|\n|poke|p1|Primarina, L50, F|\n|poke|p1|Meganium, L50, M|\n|poke|p2|Crabominable, L50, F|\n|poke|p2|Farigiraf, L50, M|\n|poke|p2|Incineroar, L50, M|\n|poke|p2|Archaludon, L50, M|\n|poke|p2|Pelipper, L50, F|\n|poke|p2|Sinistcha, L50|\n|teampreview|4\n|inactive|Battle timer is ON: inactive players will automatically lose when time's up. (requested by 25th_mang)\n|inactive|sswaaaggg has 60 seconds left.\n|inactive|sswaaaggg has 30 seconds left.\n|inactive|sswaaaggg has 20 seconds left.\n|\n|t:|1776317971\n|teamsize|p1|4\n|teamsize|p2|4\n|start\n|switch|p1a: Primarina|Primarina, L50, F|100/100\n|switch|p1b: Farigiraf|Farigiraf, L50, F|100/100\n|switch|p2a: Roar|Incineroar, L50, M|100/100\n|switch|p2b: Hockey Reference|Crabominable, L50, F|100/100\n|-ability|p2a: Roar|Intimidate|boost\n|-unboost|p1a: Primarina|atk|1\n|-unboost|p1b: Farigiraf|atk|1\n|turn|1\n|inactive|25th_mang has 30 seconds left.\n|inactive|sswaaaggg has 30 seconds left.\n|inactive|25th_mang has 20 seconds left.\n|\n|t:|1776318008\n|detailschange|p2b: Hockey Reference|Crabominable-Mega, L50, F\n|-mega|p2b: Hockey Reference|Crabominable|Crabominite\n|move|p1b: Farigiraf|Helping Hand|p1a: Primarina\n|-singleturn|p1a: Primarina|Helping Hand|[of] p1b: Farigiraf\n|move|p2a: Roar|Snarl|p1b: Farigiraf|[spread] p1a,p1b\n|-resisted|p1a: Primarina|1\n|-supereffective|p1b: Farigiraf|1\n|-damage|p1a: Primarina|95/100\n|-damage|p1b: Farigiraf|78/100\n|-unboost|p1a: Primarina|spa|1\n|-unboost|p1b: Farigiraf|spa|1\n|move|p1a: Primarina|Moonblast|p2b: Hockey Reference\n|-supereffective|p2b: Hockey Reference|1\n|-damage|p2b: Hockey Reference|10/100\n|move|p2b: Hockey Reference|Ice Hammer|p1a: Primarina\n|-resisted|p1a: Primarina|1\n|-crit|p1a: Primarina\n|-damage|p1a: Primarina|22/100\n|-unboost|p2b: Hockey Reference|spe|1\n|\n|upkeep\n|turn|2\n|inactive|25th_mang has 30 seconds left.\n|\n|t:|1776318035\n|move|p2b: Hockey Reference|Protect|p2b: Hockey Reference\n|-singleturn|p2b: Hockey Reference|Protect\n|move|p2a: Roar|Snarl|p1a: Primarina|[spread] p1a,p1b\n|-resisted|p1a: Primarina|1\n|-supereffective|p1b: Farigiraf|1\n|-damage|p1a: Primarina|16/100\n|-damage|p1b: Farigiraf|57/100\n|-unboost|p1a: Primarina|spa|1\n|-unboost|p1b: Farigiraf|spa|1\n|move|p1a: Primarina|Hyper Voice|p2a: Roar|[spread] p2a\n|-activate|p2b: Hockey Reference|move: Protect\n|-supereffective|p2a: Roar|1\n|-crit|p2a: Roar\n|-damage|p2a: Roar|0 fnt\n|faint|p2a: Roar\n|move|p1b: Farigiraf|Hyper Voice|p2b: Hockey Reference\n|-activate|p2b: Hockey Reference|move: Protect\n|\n|upkeep\n|\n|t:|1776318057\n|switch|p2a: Flip|Farigiraf, L50, M|100/100\n|turn|3\n|\n|t:|1776318080\n|move|p2b: Hockey Reference|Protect|p2b: Hockey Reference\n|-singleturn|p2b: Hockey Reference|Protect\n|move|p1a: Primarina|Hyper Voice|p2b: Hockey Reference|[spread] p2a\n|-activate|p2b: Hockey Reference|move: Protect\n|-damage|p2a: Flip|81/100\n|move|p1b: Farigiraf|Hyper Voice|p2a: Flip|[spread] p2a\n|-activate|p2b: Hockey Reference|move: Protect\n|-damage|p2a: Flip|72/100\n|move|p2a: Flip|Trick Room|p2a: Flip\n|-fieldstart|move: Trick Room|[of] p2a: Flip\n|\n|upkeep\n|turn|4\n|inactive|sswaaaggg has 30 seconds left.\n|\n|t:|1776318114\n|switch|p1a: Torkoal|Torkoal, L50, M|100/100\n|-weather|SunnyDay|[from] ability: Drought|[of] p1a: Torkoal\n|move|p2b: Hockey Reference|Ice Hammer|p1b: Farigiraf\n|-damage|p1b: Farigiraf|0 fnt\n|-unboost|p2b: Hockey Reference|spe|1\n|faint|p1b: Farigiraf\n|move|p2a: Flip|Psychic|p1a: Torkoal\n|-damage|p1a: Torkoal|61/100\n|\n|-weather|SunnyDay|[upkeep]\n|upkeep\n|\n|t:|1776318121\n|switch|p1b: Primarina|Primarina, L50, F|16/100\n|turn|5\n|inactive|25th_mang has 30 seconds left.\n|\n|t:|1776318156\n|switch|p2a: Stup!b|Pelipper, L50, F|100/100\n|-weather|RainDance|[from] ability: Drizzle|[of] p2a: Stup!b\n|move|p2b: Hockey Reference|Thunder Punch|p1b: Primarina\n|-supereffective|p1b: Primarina|1\n|-damage|p1b: Primarina|0 fnt\n|faint|p1b: Primarina\n|move|p1a: Torkoal|Eruption|p2a: Stup!b|[spread] p2a,p2b\n|-resisted|p2a: Stup!b|1\n|-supereffective|p2b: Hockey Reference|1\n|-damage|p2a: Stup!b|88/100\n|-damage|p2b: Hockey Reference|0 fnt\n|faint|p2b: Hockey Reference\n|\n|-weather|RainDance|[upkeep]\n|upkeep\n|\n|t:|1776318166\n|switch|p2b: Flip|Farigiraf, L50, M|72/100\n|switch|p1b: Meganium|Meganium, L50, M|100/100\n|turn|6\n|inactive|sswaaaggg has 30 seconds left.\n|inactive|sswaaaggg has 20 seconds left.\n|inactive|sswaaaggg has 15 seconds left.\n|inactive|sswaaaggg has 10 seconds left.\n|\n|t:|1776318214\n|detailschange|p1b: Meganium|Meganium-Mega, L50, M\n|-mega|p1b: Meganium|Meganium|Meganiumite\n|move|p1a: Torkoal|Solar Beam||[still]\n|-prepare|p1a: Torkoal|Solar Beam\n|move|p2b: Flip|Hyper Voice|p1a: Torkoal|[spread] p1a,p1b\n|-damage|p1a: Torkoal|26/100\n|-damage|p1b: Meganium|79/100\n|move|p2a: Stup!b|Hurricane|p1b: Meganium\n|-supereffective|p1b: Meganium|1\n|-damage|p1b: Meganium|0 fnt\n|faint|p1b: Meganium\n|\n|-weather|RainDance|[upkeep]\n|upkeep\n|turn|7\n|\n|t:|1776318229\n|move|p1a: Torkoal|Solar Beam|p2a: Stup!b|[from] lockedmove\n|-damage|p2a: Stup!b|64/100\n|move|p2b: Flip|Hyper Voice|p1a: Torkoal\n|-damage|p1a: Torkoal|0 fnt\n|faint|p1a: Torkoal\n|\n|win|25th_mang\n|raw|sswaaaggg's rating: 1163 &rarr; <strong>1144</strong><br />(-19 for losing)\n|raw|25th_mang's rating: 1251 &rarr; <strong>1270</strong><br />(+19 for winning)\n",
  "uploadtime": 1776318232,
  "views": 21,
  "formatid": "gen9championsvgc2026regma",
  "rating": 1144,
  "private": 0,
  "password": null
}