{
  "id": "gen9championsvgc2026regma-2586252991",
  "format": "[Gen 9 Champions] VGC 2026 Reg M-A",
  "players": [
    "Yctcrcrzez",
    "ayrton96"
  ],
  "log": "|j|\u2606Yctcrcrzez\n|j|\u2606ayrton96\n|t:|1776417674\n|gametype|doubles\n|player|p1|Yctcrcrzez|riley|1000\n|player|p2|ayrton96|266|1000\n|gen|9\n|tier|[Gen 9 Champions] VGC 2026 Reg M-A\n|rated|\n|rule|Species Clause: Limit one of each Pok\u00e9mon\n|rule|Item Clause: Limit 1 of each item\n|clearpoke\n|poke|p1|Greninja-*, L50, F|\n|poke|p1|Corviknight, L50, M|\n|poke|p1|Incineroar, L50, F|\n|poke|p1|Pelipper, L50, M|\n|poke|p1|Torkoal, L50, M|\n|poke|p1|Beartic, L50, F|\n|poke|p2|Froslass, L50, F|\n|poke|p2|Kingambit, L50, M|\n|poke|p2|Sneasler, L50, M|\n|poke|p2|Whimsicott, L50, M|\n|poke|p2|Basculegion, L50, M|\n|poke|p2|Arcanine-Hisui, L50, F|\n|teampreview|4\n|inactive|Battle timer is ON: inactive players will automatically lose when time's up. (requested by Yctcrcrzez)\n|\n|t:|1776417709\n|teamsize|p1|4\n|teamsize|p2|4\n|start\n|switch|p1a: Greninja|Greninja, L50, F|100/100\n|switch|p1b: Pelipper|Pelipper, L50, M|100/100\n|switch|p2a: Whimsicott|Whimsicott, L50, M|100/100\n|switch|p2b: Froslass|Froslass, L50, F|100/100\n|-weather|RainDance|[from] ability: Drizzle|[of] p1b: Pelipper\n|turn|1\n|inactive|ayrton96 has 30 seconds left.\n|inactive|ayrton96 has 20 seconds left.\n|\n|t:|1776417747\n|detailschange|p2b: Froslass|Froslass-Mega, L50, F\n|-mega|p2b: Froslass|Froslass|Froslassite\n|-weather|Snowscape|[from] ability: Snow Warning|[of] p2b: Froslass\n|detailschange|p1a: Greninja|Greninja-Mega, L50, F\n|-mega|p1a: Greninja|Greninja|Greninjite\n|move|p2b: Froslass|Protect|p2b: Froslass\n|-singleturn|p2b: Froslass|Protect\n|move|p2a: Whimsicott|Tailwind|p2a: Whimsicott\n|-sidestart|p2: ayrton96|move: Tailwind\n|move|p1a: Greninja|Weather Ball|p2a: Whimsicott\n|-start|p1a: Greninja|typechange|Ice|[from] ability: Protean\n|-supereffective|p2a: Whimsicott|1\n|-enditem|p2a: Whimsicott|Focus Sash\n|-damage|p2a: Whimsicott|1/100\n|move|p1b: Pelipper|Tailwind|p1b: Pelipper\n|-sidestart|p1: Yctcrcrzez|move: Tailwind\n|\n|-weather|Snowscape|[upkeep]\n|upkeep\n|turn|2\n|inactive|Yctcrcrzez has 30 seconds left.\n|inactive|ayrton96 has 30 seconds left.\n|inactive|ayrton96 has 20 seconds left.\n|inactive|ayrton96 has 15 seconds left.\n|inactive|ayrton96 has 10 seconds left.\n|inactive|ayrton96 has 5 seconds left.\n|\n|t:|1776417797\n|switch|p2b: Sneasler|Sneasler, L50, M|100/100\n|switch|p1b: Corviknight|Corviknight, L50, M|100/100\n|-ability|p1b: Corviknight|Unnerve\n|move|p2a: Whimsicott|Encore||[still]\n|-fail|p2a: Whimsicott\n|move|p1a: Greninja|Sludge Wave|p2a: Whimsicott|[spread] p2a,p2b\n|-immune|p1b: Corviknight\n|-supereffective|p2a: Whimsicott|2\n|-resisted|p2b: Sneasler|1\n|-damage|p2a: Whimsicott|0 fnt\n|-damage|p2b: Sneasler|81/100\n|faint|p2a: Whimsicott\n|\n|-weather|Snowscape|[upkeep]\n|upkeep\n|\n|t:|1776417815\n|switch|p2a: Froslass|Froslass-Mega, L50, F|100/100\n|turn|3\n|\n|t:|1776417830\n|move|p1a: Greninja|Protect|p1a: Greninja\n|-singleturn|p1a: Greninja|Protect\n|move|p2b: Sneasler|Close Combat|p1a: Greninja\n|-activate|p1a: Greninja|move: Protect\n|move|p2a: Froslass|Blizzard|p1b: Corviknight|[spread] p1b\n|-activate|p1a: Greninja|move: Protect\n|-damage|p1b: Corviknight|70/100\n|move|p1b: Corviknight|Brave Bird|p2b: Sneasler\n|-supereffective|p2b: Sneasler|1\n|-damage|p2b: Sneasler|0 fnt\n|faint|p2b: Sneasler\n|-damage|p1b: Corviknight|49/100|[from] Recoil\n|\n|-weather|Snowscape|[upkeep]\n|-heal|p1b: Corviknight|55/100|[from] item: Leftovers\n|upkeep\n|\n|t:|1776417848\n|switch|p2b: Basculegion|Basculegion, L50, M|100/100\n|turn|4\n|\n|t:|1776417868\n|switch|p1a: Incineroar|Incineroar, L50, F|100/100\n|-ability|p1a: Incineroar|Intimidate|boost\n|-unboost|p2a: Froslass|atk|1\n|-unboost|p2b: Basculegion|atk|1\n|move|p1b: Corviknight|Protect|p1b: Corviknight\n|-singleturn|p1b: Corviknight|Protect\n|move|p2b: Basculegion|Last Respects|p1a: Incineroar\n|-resisted|p1a: Incineroar|1\n|-damage|p1a: Incineroar|74/100\n|move|p2a: Froslass|Blizzard|p1b: Corviknight|[spread] p1a\n|-activate|p1b: Corviknight|move: Protect\n|-resisted|p1a: Incineroar|1\n|-damage|p1a: Incineroar|55/100\n|\n|-weather|Snowscape|[upkeep]\n|-heal|p1b: Corviknight|61/100|[from] item: Leftovers\n|-sideend|p2: ayrton96|move: Tailwind\n|-sideend|p1: Yctcrcrzez|move: Tailwind\n|upkeep\n|turn|5\n|inactive|Yctcrcrzez has 30 seconds left.\n|\n|t:|1776417894\n|move|p2b: Basculegion|Last Respects|p1b: Corviknight\n|-damage|p1b: Corviknight|7/100\n|move|p2a: Froslass|Shadow Ball|p1a: Incineroar\n|-resisted|p1a: Incineroar|1\n|-damage|p1a: Incineroar|35/100\n|-enditem|p1a: Incineroar|Sitrus Berry|[eat]\n|-heal|p1a: Incineroar|60/100|[from] item: Sitrus Berry\n|move|p1b: Corviknight|Light Screen|p1b: Corviknight\n|-sidestart|p1: Yctcrcrzez|move: Light Screen\n|move|p1a: Incineroar|Flare Blitz|p2a: Froslass\n|-supereffective|p2a: Froslass|1\n|-crit|p2a: Froslass\n|-damage|p2a: Froslass|0 fnt\n|faint|p2a: Froslass\n|-damage|p1a: Incineroar|36/100|[from] Recoil\n|\n|-weather|none\n|-heal|p1b: Corviknight|13/100|[from] item: Leftovers\n|upkeep\n|turn|6\n|-message|ayrton96 forfeited.\n|\n|win|Yctcrcrzez\n|raw|Yctcrcrzez's rating: 1000 &rarr; <strong>1040</strong><br />(+40 for winning)\n|raw|ayrton96's rating: 1000 &rarr; <strong>1000</strong><br />(+0 for losing)\n|l|\u2606ayrton96\n|player|p2|\n",
  "uploadtime": 1776417919,
  "views": 26,
  "formatid": "gen9championsvgc2026regma",
  "rating": 1000,
  "private": 0,
  "password": null
}