{
  "id": "gen9championsvgc2026regma-2580730777",
  "format": "[Gen 9 Champions] VGC 2026 Reg M-A",
  "players": [
    "WhiteBoySharia",
    "pedolemefc"
  ],
  "log": "|j|\u2606WhiteBoySharia\n|j|\u2606pedolemefc\n|t:|1775927840\n|gametype|doubles\n|player|p1|WhiteBoySharia|kieran|1228\n|player|p2|pedolemefc|102|1174\n|gen|9\n|tier|[Gen 9 Champions] VGC 2026 Reg M-A\n|rated|\n|rule|Species Clause: Limit one of each Pok\u00e9mon\n|rule|Item Clause: Limit 1 of each item\n|clearpoke\n|poke|p1|Incineroar, L50, M|\n|poke|p1|Charizard, L50, M|\n|poke|p1|Venusaur, L50, F|\n|poke|p1|Whimsicott, L50, F|\n|poke|p1|Archaludon, L50, M|\n|poke|p1|Garchomp, L50, F|\n|poke|p2|Tyranitar, L50, F|\n|poke|p2|Lycanroc, L50, M|\n|poke|p2|Gyarados, L50, M|\n|poke|p2|Talonflame, L50, M|\n|poke|p2|Floette-Eternal, L50, F|\n|poke|p2|Garchomp, L50, F|\n|teampreview|4\n|inactive|Battle timer is ON: inactive players will automatically lose when time's up. (requested by WhiteBoySharia)\n|inactive|pedolemefc has 60 seconds left.\n|\n|t:|1775927874\n|teamsize|p1|4\n|teamsize|p2|4\n|start\n|switch|p1a: Venusaur|Venusaur, L50, F|100/100\n|switch|p1b: Whimsicott|Whimsicott, L50, F, shiny|100/100\n|switch|p2a: Tyranitar|Tyranitar, L50, F|100/100\n|switch|p2b: Talonflame|Talonflame, L50, M|100/100\n|-weather|Sandstorm|[from] ability: Sand Stream|[of] p2a: Tyranitar\n|turn|1\n|inactive|pedolemefc has 30 seconds left.\n|\n|t:|1775927908\n|detailschange|p2a: Tyranitar|Tyranitar-Mega, L50, F\n|-mega|p2a: Tyranitar|Tyranitar|Tyranitarite\n|move|p2b: Talonflame|Tailwind|p2b: Talonflame\n|-sidestart|p2: pedolemefc|move: Tailwind\n|move|p1b: Whimsicott|Sunny Day|p1b: Whimsicott\n|-weather|SunnyDay\n|move|p1a: Venusaur|Sleep Powder|p2b: Talonflame\n|-status|p2b: Talonflame|slp|[from] move: Sleep Powder\n|move|p2a: Tyranitar|Ice Punch|p1a: Venusaur\n|-supereffective|p1a: Venusaur|1\n|-damage|p1a: Venusaur|18/100\n|\n|-weather|SunnyDay|[upkeep]\n|upkeep\n|turn|2\n|inactive|WhiteBoySharia has 30 seconds left.\n|\n|t:|1775927936\n|move|p2a: Tyranitar|Protect|p2a: Tyranitar\n|-singleturn|p2a: Tyranitar|Protect\n|cant|p2b: Talonflame|slp\n|move|p1a: Venusaur|Sleep Powder|p2a: Tyranitar\n|-activate|p2a: Tyranitar|move: Protect\n|move|p1b: Whimsicott|Moonblast|p2a: Tyranitar\n|-activate|p2a: Tyranitar|move: Protect\n|\n|-weather|SunnyDay|[upkeep]\n|upkeep\n|turn|3\n|\n|t:|1775927955\n|move|p1b: Whimsicott|Encore|p2b: Talonflame\n|-start|p2b: Talonflame|Encore\n|cant|p2b: Talonflame|slp\n|move|p1a: Venusaur|Sleep Powder|p2a: Tyranitar\n|-status|p2a: Tyranitar|slp|[from] move: Sleep Powder\n|cant|p2a: Tyranitar|slp\n|\n|-weather|SunnyDay|[upkeep]\n|upkeep\n|turn|4\n|inactive|pedolemefc has 30 seconds left.\n|\n|t:|1775927983\n|switch|p2b: Garchomp|Garchomp, L50, F|100/100\n|switch|p1b: Garchomp|Garchomp, L50, F|100/100\n|move|p1a: Venusaur|Solar Beam||[still]\n|-prepare|p1a: Venusaur|Solar Beam\n|-anim|p1a: Venusaur|Solar Beam|p2a: Tyranitar\n|-supereffective|p2a: Tyranitar|1\n|-damage|p2a: Tyranitar|16/100 slp\n|cant|p2a: Tyranitar|slp\n|\n|-weather|SunnyDay|[upkeep]\n|-sideend|p2: pedolemefc|move: Tailwind\n|upkeep\n|turn|5\n|inactive|pedolemefc has 30 seconds left.\n|\n|t:|1775928011\n|switch|p2a: Gyarados|Gyarados, L50, M|100/100\n|-ability|p2a: Gyarados|Intimidate|boost\n|-unboost|p1a: Venusaur|atk|1\n|-unboost|p1b: Garchomp|atk|1\n|move|p1a: Venusaur|Sleep Powder|p2b: Garchomp\n|-status|p2b: Garchomp|slp|[from] move: Sleep Powder\n|cant|p2b: Garchomp|slp\n|move|p1b: Garchomp|Swords Dance|p1b: Garchomp\n|-boost|p1b: Garchomp|atk|2\n|\n|-weather|none\n|upkeep\n|turn|6\n|\n|t:|1775928035\n|switch|p1a: Charizard|Charizard, L50, M|100/100\n|cant|p2b: Garchomp|slp\n|move|p1b: Garchomp|Dragon Claw|p2b: Garchomp\n|-supereffective|p2b: Garchomp|1\n|-enditem|p2b: Garchomp|Haban Berry|[eat]\n|-enditem|p2b: Garchomp|Haban Berry|[weaken]\n|-damage|p2b: Garchomp|42/100 slp\n|move|p2a: Gyarados|Iron Head|p1a: Charizard\n|-resisted|p1a: Charizard|1\n|-damage|p1a: Charizard|82/100\n|\n|upkeep\n|turn|7\n|\n|t:|1775928052\n|detailschange|p1a: Charizard|Charizard-Mega-Y, L50, M\n|-mega|p1a: Charizard|Charizard|Charizardite Y\n|-weather|SunnyDay|[from] ability: Drought|[of] p1a: Charizard\n|-curestatus|p2b: Garchomp|slp|[msg]\n|move|p2b: Garchomp|Dragon Claw|p1b: Garchomp\n|-supereffective|p1b: Garchomp|1\n|-damage|p1b: Garchomp|9/100\n|-damage|p2b: Garchomp|29/100|[from] ability: Rough Skin|[of] p1b: Garchomp\n|move|p1b: Garchomp|Rock Slide|p2b: Garchomp|[spread] p2a,p2b\n|-supereffective|p2a: Gyarados|1\n|-resisted|p2b: Garchomp|1\n|-damage|p2a: Gyarados|46/100\n|-damage|p2b: Garchomp|15/100\n|-enditem|p2a: Gyarados|Sitrus Berry|[eat]\n|-heal|p2a: Gyarados|71/100|[from] item: Sitrus Berry\n|move|p1a: Charizard|Solar Beam||[still]\n|-prepare|p1a: Charizard|Solar Beam\n|-anim|p1a: Charizard|Solar Beam|p2b: Garchomp\n|-damage|p2b: Garchomp|0 fnt\n|faint|p2b: Garchomp\n|move|p2a: Gyarados|Waterfall|p1a: Charizard\n|-supereffective|p1a: Charizard|1\n|-damage|p1a: Charizard|31/100\n|\n|-weather|SunnyDay|[upkeep]\n|upkeep\n|\n|t:|1775928072\n|switch|p2b: Tyranitar|Tyranitar-Mega, L50, F|16/100 slp\n|-weather|Sandstorm|[from] ability: Sand Stream|[of] p2b: Tyranitar\n|turn|8\n|\n|t:|1775928085\n|-curestatus|p2b: Tyranitar|slp|[msg]\n|move|p2b: Tyranitar|Protect|p2b: Tyranitar\n|-singleturn|p2b: Tyranitar|Protect\n|move|p1b: Garchomp|Rock Slide|p2a: Gyarados|[spread] p2a\n|-activate|p2b: Tyranitar|move: Protect\n|-supereffective|p2a: Gyarados|1\n|-damage|p2a: Gyarados|14/100\n|move|p1a: Charizard|Scorching Sands|p2b: Tyranitar\n|-activate|p2b: Tyranitar|move: Protect\n|cant|p2a: Gyarados|flinch\n|\n|-weather|Sandstorm|[upkeep]\n|-damage|p1a: Charizard|25/100|[from] Sandstorm\n|-damage|p2a: Gyarados|8/100|[from] Sandstorm\n|upkeep\n|turn|9\n|inactive|pedolemefc has 30 seconds left.\n|c|\u2606pedolemefc|kkkkkkkk\n|inactive|pedolemefc has 20 seconds left.\n|inactive|pedolemefc has 15 seconds left.\n|inactive|pedolemefc has 10 seconds left.\n|\n|t:|1775928134\n|move|p2b: Tyranitar|Protect||[still]\n|-fail|p2b: Tyranitar\n|move|p1b: Garchomp|Rock Slide|p2a: Gyarados|[spread] p2a\n|-miss|p1b: Garchomp|p2b: Tyranitar\n|-supereffective|p2a: Gyarados|1\n|-damage|p2a: Gyarados|0 fnt\n|faint|p2a: Gyarados\n|move|p1a: Charizard|Scorching Sands|p2b: Tyranitar\n|-supereffective|p2b: Tyranitar|1\n|-damage|p2b: Tyranitar|0 fnt\n|faint|p2b: Tyranitar\n|\n|-weather|Sandstorm|[upkeep]\n|-damage|p1a: Charizard|19/100|[from] Sandstorm\n|upkeep\n|-message|pedolemefc forfeited.\n|\n|win|WhiteBoySharia\n|raw|WhiteBoySharia's rating: 1228 &rarr; <strong>1249</strong><br />(+21 for winning)\n|raw|pedolemefc's rating: 1174 &rarr; <strong>1153</strong><br />(-21 for losing)\n|l|\u2606pedolemefc\n|player|p2|\n",
  "uploadtime": 1775928148,
  "views": 22,
  "formatid": "gen9championsvgc2026regma",
  "rating": 1153,
  "private": 0,
  "password": null
}