{
  "id": "gen9championsvgc2026regma-2581877403",
  "format": "[Gen 9 Champions] VGC 2026 Reg M-A",
  "players": [
    "cabrino",
    "yateblublu"
  ],
  "log": "|j|\u2606cabrino\n|j|\u2606yateblublu\n|t:|1776035976\n|gametype|doubles\n|player|p1|cabrino|depotagent|1284\n|player|p2|yateblublu|erbie-unite|1307\n|gen|9\n|tier|[Gen 9 Champions] VGC 2026 Reg M-A\n|rated|\n|rule|Species Clause: Limit one of each Pok\u00e9mon\n|rule|Item Clause: Limit 1 of each item\n|clearpoke\n|poke|p1|Sneasler, L50, M|\n|poke|p1|Charizard, L50, M|\n|poke|p1|Aerodactyl, L50, F|\n|poke|p1|Incineroar, L50, M|\n|poke|p1|Farigiraf, L50, M|\n|poke|p1|Garchomp, L50, M|\n|poke|p2|Floette-Eternal, L50, F|\n|poke|p2|Sneasler, L50, M|\n|poke|p2|Basculegion, L50, M|\n|poke|p2|Aerodactyl, L50, M|\n|poke|p2|Kingambit, L50, M|\n|poke|p2|Sinistcha, L50|\n|teampreview|4\n|\n|t:|1776036036\n|teamsize|p1|4\n|teamsize|p2|4\n|start\n|switch|p1a: Garchalipe|Garchomp, L50, M|100/100\n|switch|p1b: AeroNarfi|Aerodactyl, L50, F, shiny|100/100\n|switch|p2a: Sneasler|Sneasler, L50, M|100/100\n|switch|p2b: Basculegion|Basculegion, L50, M|100/100\n|-ability|p1b: AeroNarfi|Unnerve\n|turn|1\n|\n|t:|1776036045\n|move|p1b: AeroNarfi|Protect|p1b: AeroNarfi\n|-singleturn|p1b: AeroNarfi|Protect\n|move|p1a: Garchalipe|Protect|p1a: Garchalipe\n|-singleturn|p1a: Garchalipe|Protect\n|move|p2a: Sneasler|Fake Out|p1a: Garchalipe\n|-activate|p1a: Garchalipe|move: Protect\n|move|p2b: Basculegion|Flip Turn|p1a: Garchalipe\n|-activate|p1a: Garchalipe|move: Protect\n|\n|upkeep\n|turn|2\n|\n|t:|1776036074\n|move|p2b: Basculegion|Flip Turn|p1a: Garchalipe\n|-damage|p1a: Garchalipe|61/100\n|-damage|p2b: Basculegion|88/100|[from] ability: Rough Skin|[of] p1a: Garchalipe\n|\n|t:|1776036079\n|switch|p2b: Aerodactyl|Aerodactyl, L50, M|100/100|[from] Flip Turn\n|-ability|p2b: Aerodactyl|Unnerve\n|move|p1b: AeroNarfi|Tailwind|p1b: AeroNarfi\n|-sidestart|p1: cabrino|move: Tailwind\n|move|p1a: Garchalipe|Earthquake|p2a: Sneasler|[spread] p2a\n|-immune|p1b: AeroNarfi\n|-immune|p2b: Aerodactyl\n|-supereffective|p2a: Sneasler|1\n|-damage|p2a: Sneasler|0 fnt\n|faint|p2a: Sneasler\n|\n|upkeep\n|\n|t:|1776036090\n|switch|p2a: Floette|Floette-Eternal, L50, F|100/100\n|turn|3\n|\n|t:|1776036098\n|detailschange|p2a: Floette|Floette-Mega, L50, F\n|-mega|p2a: Floette|Floette|Floettite\n|-ability|p2a: Floette|Fairy Aura\n|move|p1b: AeroNarfi|Rock Slide|p2b: Aerodactyl|[spread] p2b\n|-miss|p1b: AeroNarfi|p2a: Floette\n|-supereffective|p2b: Aerodactyl|1\n|-damage|p2b: Aerodactyl|15/100\n|move|p1a: Garchalipe|Rock Slide|p2a: Floette|[spread] p2a,p2b\n|-supereffective|p2b: Aerodactyl|1\n|-damage|p2a: Floette|80/100\n|-damage|p2b: Aerodactyl|0 fnt\n|faint|p2b: Aerodactyl\n|cant|p2a: Floette|flinch\n|\n|upkeep\n|\n|t:|1776036111\n|switch|p2b: Basculegion|Basculegion, L50, M|88/100\n|turn|4\n|\n|t:|1776036122\n|move|p1b: AeroNarfi|Rock Slide|p2a: Floette|[spread] p2a,p2b\n|-damage|p2a: Floette|54/100\n|-damage|p2b: Basculegion|59/100\n|move|p1a: Garchalipe|Earthquake|p2b: Basculegion|[spread] p2a,p2b\n|-immune|p1b: AeroNarfi\n|-damage|p2a: Floette|8/100\n|-damage|p2b: Basculegion|12/100\n|move|p2b: Basculegion|Last Respects|p1b: AeroNarfi\n|-enditem|p1b: AeroNarfi|Focus Sash\n|-damage|p1b: AeroNarfi|1/100\n|move|p2a: Floette|Dazzling Gleam|p1a: Garchalipe|[spread] p1a,p1b\n|-supereffective|p1a: Garchalipe|1\n|-crit|p1b: AeroNarfi\n|-damage|p1a: Garchalipe|0 fnt\n|-damage|p1b: AeroNarfi|0 fnt\n|faint|p1a: Garchalipe\n|faint|p1b: AeroNarfi\n|\n|upkeep\n|\n|t:|1776036134\n|switch|p1b: Pugsy Hunter|Sneasler, L50, M, shiny|100/100\n|switch|p1a: Drekion|Incineroar, L50, M, shiny|100/100\n|turn|5\n|\n|t:|1776036141\n|move|p2a: Floette|Protect|p2a: Floette\n|-singleturn|p2a: Floette|Protect\n|move|p1b: Pugsy Hunter|Dire Claw|p2b: Basculegion\n|-resisted|p2b: Basculegion|1\n|-damage|p2b: Basculegion|0 fnt\n|faint|p2b: Basculegion\n|move|p1a: Drekion|Flare Blitz|p2a: Floette\n|-activate|p2a: Floette|move: Protect\n|\n|-sideend|p1: cabrino|move: Tailwind\n|upkeep\n|turn|6\n|-message|yateblublu forfeited.\n|\n|win|cabrino\n|raw|cabrino's rating: 1284 &rarr; <strong>1311</strong><br />(+27 for winning)\n|raw|yateblublu's rating: 1307 &rarr; <strong>1286</strong><br />(-21 for losing)\n",
  "uploadtime": 1776036156,
  "views": 37,
  "formatid": "gen9championsvgc2026regma",
  "rating": 1286,
  "private": 0,
  "password": null
}