{
  "id": "gen9championsvgc2026regma-2588316809",
  "format": "[Gen 9 Champions] VGC 2026 Reg M-A",
  "players": [
    "xNimxZ",
    "emmesg"
  ],
  "log": "|j|\u2606xNimxZ\n|j|\u2606emmesg\n|t:|1776623549\n|gametype|doubles\n|player|p1|xNimxZ|guzma|1506\n|player|p2|emmesg|102|1584\n|gen|9\n|tier|[Gen 9 Champions] VGC 2026 Reg M-A\n|rated|\n|rule|Species Clause: Limit one of each Pok\u00e9mon\n|rule|Item Clause: Limit 1 of each item\n|clearpoke\n|poke|p1|Blastoise, L50, M|\n|poke|p1|Aerodactyl, L50, M|\n|poke|p1|Kingambit, L50, M|\n|poke|p1|Kangaskhan, L50, F|\n|poke|p1|Sinistcha, L50|\n|poke|p1|Farigiraf, L50, M|\n|poke|p2|Kingambit, L50, F|\n|poke|p2|Gengar, L50, F|\n|poke|p2|Incineroar, L50, F|\n|poke|p2|Palafin, L50, M|\n|poke|p2|Sableye, L50, M|\n|poke|p2|Politoed, L50, M|\n|teampreview|4\n|\n|t:|1776623578\n|teamsize|p1|4\n|teamsize|p2|4\n|start\n|switch|p1a: Blastoise|Blastoise, L50, M|100/100\n|switch|p1b: Farigiraf|Farigiraf, L50, M|100/100\n|switch|p2a: Kingambit|Kingambit, L50, F|100/100\n|switch|p2b: Gengar|Gengar, L50, F|100/100\n|turn|1\n|\n|t:|1776623609\n|detailschange|p2b: Gengar|Gengar-Mega, L50, F\n|-mega|p2b: Gengar|Gengar|Gengarite\n|detailschange|p1a: Blastoise|Blastoise-Mega, L50, M\n|-mega|p1a: Blastoise|Blastoise|Blastoisinite\n|move|p1b: Farigiraf|Helping Hand|p1a: Blastoise\n|-singleturn|p1a: Blastoise|Helping Hand|[of] p1b: Farigiraf\n|move|p2b: Gengar|Protect|p2b: Gengar\n|-singleturn|p2b: Gengar|Protect\n|move|p2a: Kingambit|Kowtow Cleave|p1b: Farigiraf\n|-supereffective|p1b: Farigiraf|1\n|-damage|p1b: Farigiraf|6/100\n|-enditem|p1b: Farigiraf|Sitrus Berry|[eat]\n|-heal|p1b: Farigiraf|31/100|[from] item: Sitrus Berry\n|move|p1a: Blastoise|Dark Pulse|p2b: Gengar\n|-activate|p2b: Gengar|move: Protect\n|\n|upkeep\n|turn|2\n|\n|t:|1776623628\n|move|p1b: Farigiraf|Helping Hand|p1a: Blastoise\n|-singleturn|p1a: Blastoise|Helping Hand|[of] p1b: Farigiraf\n|move|p2b: Gengar|Disable|p1a: Blastoise\n|-start|p1a: Blastoise|Disable|Dark Pulse\n|move|p2a: Kingambit|Kowtow Cleave|p1b: Farigiraf\n|-supereffective|p1b: Farigiraf|1\n|-damage|p1b: Farigiraf|0 fnt\n|faint|p1b: Farigiraf\n|move|p1a: Blastoise|Water Pulse|p2b: Gengar\n|-damage|p2b: Gengar|11/100\n|-start|p2b: Gengar|confusion\n|\n|upkeep\n|\n|t:|1776623648\n|switch|p1b: Sinistcha|Sinistcha, L50|100/100\n|turn|3\n|\n|t:|1776623686\n|switch|p2b: Sableye|Sableye, L50, M|100/100\n|move|p1b: Sinistcha|Rage Powder|p1b: Sinistcha\n|-singleturn|p1b: Sinistcha|move: Rage Powder\n|move|p2a: Kingambit|Kowtow Cleave|p1b: Sinistcha\n|-supereffective|p1b: Sinistcha|1\n|-enditem|p1b: Sinistcha|Colbur Berry|[eat]\n|-enditem|p1b: Sinistcha|Colbur Berry|[weaken]\n|-damage|p1b: Sinistcha|51/100\n|move|p1a: Blastoise|Water Spout|p2b: Sableye|[spread] p2a,p2b\n|-damage|p2a: Kingambit|18/100\n|-damage|p2b: Sableye|6/100\n|\n|upkeep\n|turn|4\n|\n|t:|1776623713\n|move|p2b: Sableye|Fake Out|p1a: Blastoise\n|-damage|p1a: Blastoise|94/100\n|move|p1b: Sinistcha|Rage Powder|p1b: Sinistcha\n|-singleturn|p1b: Sinistcha|move: Rage Powder\n|move|p2a: Kingambit|Kowtow Cleave|p1b: Sinistcha\n|-supereffective|p1b: Sinistcha|1\n|-damage|p1b: Sinistcha|0 fnt\n|faint|p1b: Sinistcha\n|cant|p1a: Blastoise|flinch\n|\n|upkeep\n|\n|t:|1776623734\n|switch|p1b: Kingambit|Kingambit, L50, M|100/100\n|turn|5\n|inactive|Battle timer is ON: inactive players will automatically lose when time's up. (requested by xNimxZ)\n|\n|t:|1776623773\n|move|p2b: Sableye|Protect|p2b: Sableye\n|-singleturn|p2b: Sableye|Protect\n|move|p1b: Kingambit|Sucker Punch|p2a: Kingambit\n|-resisted|p2a: Kingambit|1\n|-damage|p2a: Kingambit|0 fnt\n|faint|p2a: Kingambit\n|move|p1a: Blastoise|Water Spout|p2b: Sableye\n|-activate|p2b: Sableye|move: Protect\n|\n|-end|p1a: Blastoise|Disable\n|upkeep\n|\n|t:|1776623780\n|switch|p2a: Palafin|Palafin, L50, M|100/100\n|turn|6\n|\n|t:|1776623805\n|detailschange|p2a: Palafin|Palafin-Hero, L50, M\n|switch|p2a: Gengar|Gengar-Mega, L50, F|11/100\n|move|p2b: Sableye|Disable|p1a: Blastoise\n|-start|p1a: Blastoise|Disable|Water Spout\n|move|p1a: Blastoise|Dark Pulse|p2a: Gengar\n|-supereffective|p2a: Gengar|1\n|-damage|p2a: Gengar|0 fnt\n|faint|p2a: Gengar\n|move|p1b: Kingambit|Kowtow Cleave|p2b: Sableye\n|-damage|p2b: Sableye|0 fnt\n|faint|p2b: Sableye\n|\n|upkeep\n|\n|t:|1776623817\n|switch|p2b: Palafin|Palafin-Hero, L50, M|100/100\n|-activate|p2b: Palafin|ability: Zero to Hero\n|turn|7\n|\n|t:|1776623827\n|move|p1b: Kingambit|Sucker Punch|p2b: Palafin\n|-damage|p2b: Palafin|53/100\n|move|p2b: Palafin|Close Combat|p1b: Kingambit\n|-supereffective|p1b: Kingambit|2\n|-damage|p1b: Kingambit|0 fnt\n|-unboost|p2b: Palafin|def|1\n|-unboost|p2b: Palafin|spd|1\n|faint|p1b: Kingambit\n|move|p1a: Blastoise|Dark Pulse|p2b: Palafin\n|-damage|p2b: Palafin|0 fnt\n|faint|p2b: Palafin\n|\n|win|xNimxZ\n|raw|xNimxZ's rating: 1506 &rarr; <strong>1530</strong><br />(+24 for winning)\n|raw|emmesg's rating: 1584 &rarr; <strong>1560</strong><br />(-24 for losing)\n|l|\u2606emmesg\n|player|p2|\n|l|\u2606xNimxZ\n|player|p1|\n",
  "uploadtime": 1776623895,
  "views": 12,
  "formatid": "gen9championsvgc2026regma",
  "rating": 1530,
  "private": 0,
  "password": null
}