{
  "id": "gen9championsvgc2026regma-2584815526",
  "format": "[Gen 9 Champions] VGC 2026 Reg M-A",
  "players": [
    "toxmyself",
    "PP_GAM"
  ],
  "log": "|j|\u2606toxmyself\n|j|\u2606PP_GAM\n|t:|1776285745\n|gametype|doubles\n|player|p1|toxmyself|norman|1227\n|player|p2|PP_GAM|102|1241\n|gen|9\n|tier|[Gen 9 Champions] VGC 2026 Reg M-A\n|rated|\n|rule|Species Clause: Limit one of each Pok\u00e9mon\n|rule|Item Clause: Limit 1 of each item\n|clearpoke\n|poke|p1|Charizard, L50, F|\n|poke|p1|Venusaur, L50, F|\n|poke|p1|Garchomp, L50, F|\n|poke|p1|Incineroar, L50, M|\n|poke|p1|Gardevoir, L50, M|\n|poke|p1|Milotic, L50, M|\n|poke|p2|Kangaskhan, L50, F|\n|poke|p2|Milotic, L50, F|\n|poke|p2|Torkoal, L50, M|\n|poke|p2|Venusaur, L50, F|\n|poke|p2|Mimikyu, L50, F|\n|poke|p2|Kingambit, L50, M|\n|teampreview|4\n|inactive|Battle timer is ON: inactive players will automatically lose when time's up. (requested by toxmyself)\n|inactive|toxmyself has 60 seconds left.\n|inactive|toxmyself has 30 seconds left.\n|\n|t:|1776285816\n|teamsize|p1|4\n|teamsize|p2|4\n|start\n|switch|p1a: Milotic|Milotic, L50, M|100/100\n|switch|p1b: Charizard|Charizard, L50, F|100/100\n|switch|p2a: Milotic|Milotic, L50, F|100/100\n|switch|p2b: Kangaskhan|Kangaskhan, L50, F|100/100\n|turn|1\n|\n|t:|1776285840\n|detailschange|p2b: Kangaskhan|Kangaskhan-Mega, L50, F\n|-mega|p2b: Kangaskhan|Kangaskhan|Kangaskhanite\n|move|p1b: Charizard|Protect|p1b: Charizard\n|-singleturn|p1b: Charizard|Protect\n|move|p2b: Kangaskhan|Fake Out|p1b: Charizard\n|-activate|p1b: Charizard|move: Protect\n|move|p1a: Milotic|Scald|p2b: Kangaskhan\n|-damage|p2b: Kangaskhan|70/100\n|move|p2a: Milotic|Muddy Water|p1a: Milotic|[spread] p1a\n|-activate|p1b: Charizard|move: Protect\n|-resisted|p1a: Milotic|1\n|-damage|p1a: Milotic|92/100\n|-unboost|p1a: Milotic|accuracy|1\n|-ability|p1a: Milotic|Competitive|boost\n|-boost|p1a: Milotic|spa|2\n|\n|-heal|p1a: Milotic|98/100|[from] item: Leftovers\n|upkeep\n|turn|2\n|inactive|toxmyself has 30 seconds left.\n|inactive|PP_GAM has 30 seconds left.\n|inactive|toxmyself has 20 seconds left.\n|\n|t:|1776285879\n|detailschange|p1b: Charizard|Charizard-Mega-Y, L50, F\n|-mega|p1b: Charizard|Charizard|Charizardite Y\n|-weather|SunnyDay|[from] ability: Drought|[of] p1b: Charizard\n|move|p1b: Charizard|Solar Beam||[still]\n|-prepare|p1b: Charizard|Solar Beam\n|-anim|p1b: Charizard|Solar Beam|p2a: Milotic\n|-supereffective|p2a: Milotic|1\n|-damage|p2a: Milotic|26/100\n|move|p2b: Kangaskhan|Double-Edge|p1b: Charizard\n|-damage|p1b: Charizard|4/100\n|-damage|p1b: Charizard|0 fnt\n|faint|p1b: Charizard\n|-hitcount|p1: Charizard|2\n|-damage|p2b: Kangaskhan|43/100|[from] Recoil\n|move|p1a: Milotic|Scald|p2b: Kangaskhan\n|-damage|p2b: Kangaskhan|14/100\n|move|p2a: Milotic|Muddy Water|p1a: Milotic\n|-resisted|p1a: Milotic|1\n|-damage|p1a: Milotic|92/100\n|\n|-weather|SunnyDay|[upkeep]\n|-heal|p1a: Milotic|98/100|[from] item: Leftovers\n|-heal|p2a: Milotic|32/100|[from] item: Leftovers\n|upkeep\n|\n|t:|1776285899\n|switch|p1b: Gardevoir|Gardevoir, L50, M|100/100\n|turn|3\n|\n|t:|1776285923\n|switch|p1a: Garchomp|Garchomp, L50, F|100/100\n|move|p1b: Gardevoir|Dazzling Gleam|p2b: Kangaskhan|[spread] p2a,p2b\n|-crit|p2a: Milotic\n|-damage|p2a: Milotic|0 fnt\n|-damage|p2b: Kangaskhan|0 fnt\n|faint|p2a: Milotic\n|faint|p2b: Kangaskhan\n|\n|-weather|SunnyDay|[upkeep]\n|upkeep\n|\n|t:|1776285933\n|switch|p2b: Mimikyu|Mimikyu, L50, F, shiny|100/100\n|switch|p2a: Torkoal|Torkoal, L50, M|100/100\n|turn|4\n|\n|t:|1776285940\n|move|p2a: Torkoal|Protect|p2a: Torkoal\n|-singleturn|p2a: Torkoal|Protect\n|move|p1b: Gardevoir|Dazzling Gleam|p2a: Torkoal|[spread] p2b\n|-activate|p2a: Torkoal|move: Protect\n|-activate|p2b: Mimikyu|ability: Disguise\n|-damage|p2b: Mimikyu|100/100\n|detailschange|p2b: Mimikyu|Mimikyu-Busted, L50, F, shiny\n|-damage|p2b: Mimikyu|88/100|[from] pokemon: Mimikyu-Busted\n|move|p1a: Garchomp|Earthquake|p2a: Torkoal|[spread] p2b\n|-activate|p2a: Torkoal|move: Protect\n|-activate|p1b: Gardevoir|ability: Telepathy\n|-damage|p2b: Mimikyu|34/100\n|move|p2b: Mimikyu|Trick Room|p2b: Mimikyu\n|-fieldstart|move: Trick Room|[of] p2b: Mimikyu\n|\n|-weather|SunnyDay|[upkeep]\n|upkeep\n|turn|5\n|\n|t:|1776285960\n|move|p2a: Torkoal|Eruption|p1b: Gardevoir|[spread] p1a,p1b\n|-resisted|p1a: Garchomp|1\n|-damage|p1a: Garchomp|56/100\n|-damage|p1b: Gardevoir|12/100\n|move|p2b: Mimikyu|Play Rough|p1a: Garchomp\n|-supereffective|p1a: Garchomp|1\n|-damage|p1a: Garchomp|0 fnt\n|-damage|p2b: Mimikyu|21/100|[from] ability: Rough Skin|[of] p1a: Garchomp\n|faint|p1a: Garchomp\n|move|p1b: Gardevoir|Dazzling Gleam|p2b: Mimikyu|[spread] p2a,p2b\n|-resisted|p2a: Torkoal|1\n|-damage|p2a: Torkoal|82/100\n|-damage|p2b: Mimikyu|0 fnt\n|faint|p2b: Mimikyu\n|\n|-weather|SunnyDay|[upkeep]\n|upkeep\n|\n|t:|1776285967\n|switch|p1a: Milotic|Milotic, L50, M|98/100\n|turn|6\n|\n|t:|1776285978\n|move|p1a: Milotic|Protect|p1a: Milotic\n|-singleturn|p1a: Milotic|Protect\n|move|p2a: Torkoal|Eruption|p1a: Milotic|[spread] p1b\n|-activate|p1a: Milotic|move: Protect\n|-damage|p1b: Gardevoir|0 fnt\n|faint|p1b: Gardevoir\n|\n|-weather|none\n|-heal|p1a: Milotic|100/100|[from] item: Leftovers\n|upkeep\n|turn|7\n|\n|t:|1776285988\n|move|p2a: Torkoal|Eruption|p1a: Milotic\n|-resisted|p1a: Milotic|1\n|-damage|p1a: Milotic|78/100\n|move|p1a: Milotic|Scald|p2a: Torkoal\n|-supereffective|p2a: Torkoal|1\n|-damage|p2a: Torkoal|8/100\n|\n|-heal|p1a: Milotic|84/100|[from] item: Leftovers\n|upkeep\n|turn|8\n|-message|PP_GAM forfeited.\n|\n|win|toxmyself\n|raw|toxmyself's rating: 1227 &rarr; <strong>1253</strong><br />(+26 for winning)\n|raw|PP_GAM's rating: 1241 &rarr; <strong>1215</strong><br />(-26 for losing)\n",
  "uploadtime": 1776285995,
  "views": 33,
  "formatid": "gen9championsvgc2026regma",
  "rating": 1215,
  "private": 0,
  "password": null
}