{
  "id": "gen9championsvgc2026regma-2581547239",
  "format": "[Gen 9 Champions] VGC 2026 Reg M-A",
  "players": [
    "taagbfasfbasdasbf",
    "iceman5687"
  ],
  "log": "|j|\u2606taagbfasfbasdasbf\n|j|\u2606iceman5687\n|t:|1776009960\n|gametype|doubles\n|player|p1|taagbfasfbasdasbf|gentleman-gen4|1185\n|player|p2|iceman5687|266|1106\n|gen|9\n|tier|[Gen 9 Champions] VGC 2026 Reg M-A\n|rated|\n|rule|Species Clause: Limit one of each Pok\u00e9mon\n|rule|Item Clause: Limit 1 of each item\n|clearpoke\n|poke|p1|Farigiraf, L50, F|\n|poke|p1|Torkoal, L50, M|\n|poke|p1|Sneasler, L50, M|\n|poke|p1|Whimsicott, L50, M|\n|poke|p1|Typhlosion-Hisui, L50, F|\n|poke|p1|Alakazam, L50, F|\n|poke|p2|Charizard, L50, F|\n|poke|p2|Torkoal, L50, M|\n|poke|p2|Farigiraf, L50, F|\n|poke|p2|Venusaur, L50, F|\n|poke|p2|Aerodactyl, L50, F|\n|poke|p2|Kingambit, L50, M|\n|teampreview|4\n|inactive|Battle timer is ON: inactive players will automatically lose when time's up. (requested by taagbfasfbasdasbf)\n|\n|t:|1776010003\n|teamsize|p1|4\n|teamsize|p2|4\n|start\n|switch|p1a: Torkoal|Torkoal, L50, M|100/100\n|switch|p1b: Alakazam|Alakazam, L50, F|100/100\n|switch|p2a: Aerodactyl|Aerodactyl, L50, F|100/100\n|switch|p2b: Farigiraf|Farigiraf, L50, F|100/100\n|-weather|SunnyDay|[from] ability: Drought|[of] p1a: Torkoal\n|turn|1\n|\n|t:|1776010023\n|detailschange|p1b: Alakazam|Alakazam-Mega, L50, F\n|-mega|p1b: Alakazam|Alakazam|Alakazite\n|-ability|p1b: Alakazam|Rock Head|Trace|[from] ability: Trace|[of] p2a: Aerodactyl\n|move|p1b: Alakazam|Speed Swap|p1a: Torkoal\n|-activate|p1b: Alakazam|move: Speed Swap|[of] p1a: Torkoal\n|move|p1a: Torkoal|Eruption|p2a: Aerodactyl|[spread] p2a,p2b\n|-resisted|p2a: Aerodactyl|1\n|-damage|p2a: Aerodactyl|40/100\n|-damage|p2b: Farigiraf|19/100\n|-enditem|p2b: Farigiraf|Sitrus Berry|[eat]\n|-heal|p2b: Farigiraf|44/100|[from] item: Sitrus Berry\n|move|p2a: Aerodactyl|Crunch|p1b: Alakazam\n|-supereffective|p1b: Alakazam|1\n|-damage|p1b: Alakazam|14/100\n|move|p2b: Farigiraf|Psychic|p1a: Torkoal\n|-damage|p1a: Torkoal|55/100\n|\n|-weather|SunnyDay|[upkeep]\n|upkeep\n|turn|2\n|inactive|iceman5687 has 30 seconds left.\n|inactive|taagbfasfbasdasbf has 30 seconds left.\n|inactive|iceman5687 has 20 seconds left.\n|\n|t:|1776010063\n|switch|p1b: Sneasler|Sneasler, L50, M|100/100\n|detailschange|p2a: Aerodactyl|Aerodactyl-Mega, L50, F\n|-mega|p2a: Aerodactyl|Aerodactyl|Aerodactylite\n|move|p2b: Farigiraf|Helping Hand|p2a: Aerodactyl\n|-singleturn|p2a: Aerodactyl|Helping Hand|[of] p2b: Farigiraf\n|move|p1a: Torkoal|Heat Wave|p2a: Aerodactyl|[spread] p2a,p2b\n|-resisted|p2a: Aerodactyl|1\n|-damage|p2a: Aerodactyl|9/100\n|-damage|p2b: Farigiraf|0 fnt\n|faint|p2b: Farigiraf\n|move|p2a: Aerodactyl|Rock Slide|p1a: Torkoal|[spread] p1a,p1b\n|-supereffective|p1a: Torkoal|1\n|-resisted|p1b: Sneasler|1\n|-damage|p1a: Torkoal|0 fnt\n|-damage|p1b: Sneasler|67/100\n|faint|p1a: Torkoal\n|\n|-weather|SunnyDay|[upkeep]\n|upkeep\n|\n|t:|1776010085\n|switch|p2b: Venusaur|Venusaur, L50, F|100/100\n|switch|p1a: Alakazam|Alakazam-Mega, L50, F|14/100\n|-ability|p1a: Alakazam|Tough Claws|Trace|[from] ability: Trace|[of] p2a: Aerodactyl\n|turn|3\n|inactive|taagbfasfbasdasbf has 30 seconds left.\n|inactive|taagbfasfbasdasbf has 20 seconds left.\n|\n|t:|1776010120\n|move|p2b: Venusaur|Protect|p2b: Venusaur\n|-singleturn|p2b: Venusaur|Protect\n|move|p2a: Aerodactyl|Protect|p2a: Aerodactyl\n|-singleturn|p2a: Aerodactyl|Protect\n|move|p1b: Sneasler|Fake Out|p2b: Venusaur\n|-activate|p2b: Venusaur|move: Protect\n|move|p1a: Alakazam|Psychic|p2a: Aerodactyl\n|-activate|p2a: Aerodactyl|move: Protect\n|\n|-weather|SunnyDay|[upkeep]\n|upkeep\n|turn|4\n|\n|t:|1776010141\n|move|p2b: Venusaur|Sludge Bomb|p1a: Alakazam\n|-damage|p1a: Alakazam|0 fnt\n|faint|p1a: Alakazam\n|move|p2a: Aerodactyl|Tailwind|p2a: Aerodactyl\n|-sidestart|p2: iceman5687|move: Tailwind\n|move|p1b: Sneasler|Close Combat|p2a: Aerodactyl\n|-damage|p2a: Aerodactyl|0 fnt\n|-unboost|p1b: Sneasler|def|1\n|-unboost|p1b: Sneasler|spd|1\n|faint|p2a: Aerodactyl\n|-enditem|p1b: Sneasler|White Herb\n|-clearnegativeboost|p1b: Sneasler|[silent]\n|\n|-weather|SunnyDay|[upkeep]\n|upkeep\n|\n|t:|1776010148\n|switch|p1a: Typhlosion|Typhlosion-Hisui, L50, F|100/100\n|switch|p2a: Charizard|Charizard, L50, F|100/100\n|turn|5\n|\n|t:|1776010158\n|move|p2b: Venusaur|Sleep Powder|p1a: Typhlosion|[miss]\n|-miss|p2b: Venusaur|p1a: Typhlosion\n|move|p1b: Sneasler|Dire Claw|p2a: Charizard\n|-damage|p2a: Charizard|44/100\n|move|p2a: Charizard|Weather Ball|p1b: Sneasler\n|-damage|p1b: Sneasler|0 fnt\n|faint|p1b: Sneasler\n|move|p1a: Typhlosion|Eruption|p2a: Charizard|[spread] p2a,p2b\n|-resisted|p2a: Charizard|1\n|-supereffective|p2b: Venusaur|1\n|-damage|p2a: Charizard|0 fnt\n|-enditem|p2b: Venusaur|Focus Sash\n|-damage|p2b: Venusaur|1/100\n|faint|p2a: Charizard\n|\n|-weather|none\n|upkeep\n|turn|6\n|\n|t:|1776010172\n|move|p2b: Venusaur|Sleep Powder|p1a: Typhlosion\n|-status|p1a: Typhlosion|slp|[from] move: Sleep Powder\n|cant|p1a: Typhlosion|slp\n|\n|upkeep\n|turn|7\n|\n|t:|1776010178\n|move|p2b: Venusaur|Sludge Bomb|p1a: Typhlosion\n|-resisted|p1a: Typhlosion|1\n|-damage|p1a: Typhlosion|72/100 slp\n|-curestatus|p1a: Typhlosion|slp|[msg]\n|move|p1a: Typhlosion|Eruption|p2b: Venusaur\n|-supereffective|p2b: Venusaur|1\n|-damage|p2b: Venusaur|0 fnt\n|faint|p2b: Venusaur\n|\n|win|taagbfasfbasdasbf\n|raw|taagbfasfbasdasbf's rating: 1185 &rarr; <strong>1204</strong><br />(+19 for winning)\n|raw|iceman5687's rating: 1106 &rarr; <strong>1087</strong><br />(-19 for losing)\n",
  "uploadtime": 1776010178,
  "views": 13,
  "formatid": "gen9championsvgc2026regma",
  "rating": 1087,
  "private": 0,
  "password": null
}