{
  "id": "gen9championsvgc2026regma-2580852607",
  "format": "[Gen 9 Champions] VGC 2026 Reg M-A",
  "players": [
    "prophetcassandra",
    "grynpup"
  ],
  "log": "|j|\u2606prophetcassandra\n|j|\u2606grynpup\n|t:|1775937791\n|gametype|doubles\n|player|p1|prophetcassandra|caitlin|1154\n|player|p2|grynpup|102|1115\n|gen|9\n|tier|[Gen 9 Champions] VGC 2026 Reg M-A\n|rated|\n|rule|Species Clause: Limit one of each Pok\u00e9mon\n|rule|Item Clause: Limit 1 of each item\n|clearpoke\n|poke|p1|Oranguru, L50, F|\n|poke|p1|Pelipper, L50, F|\n|poke|p1|Blastoise, L50, F|\n|poke|p1|Hydrapple, L50, M|\n|poke|p1|Toxicroak, L50, F|\n|poke|p1|Farigiraf, L50, F|\n|poke|p2|Basculegion, L50, M|\n|poke|p2|Slowking-Galar, L50, F|\n|poke|p2|Sneasler, L50, M|\n|poke|p2|Venusaur, L50, M|\n|poke|p2|Clefable, L50, M|\n|poke|p2|Kingambit, L50, F|\n|teampreview|4\n|\n|t:|1775937835\n|teamsize|p1|4\n|teamsize|p2|4\n|start\n|switch|p1a: Farigiraf|Farigiraf, L50, F|100/100\n|switch|p1b: Toxicroak|Toxicroak, L50, F|100/100\n|switch|p2a: Slowking|Slowking-Galar, L50, F|100/100\n|switch|p2b: Clefable|Clefable, L50, M|100/100\n|turn|1\n|inactive|Battle timer is ON: inactive players will automatically lose when time's up. (requested by grynpup)\n|\n|t:|1775937862\n|move|p2b: Clefable|Protect|p2b: Clefable\n|-singleturn|p2b: Clefable|Protect\n|move|p1b: Toxicroak|Fake Out|p2b: Clefable\n|-activate|p2b: Clefable|move: Protect\n|move|p2a: Slowking|Eerie Spell|p1b: Toxicroak\n|-supereffective|p1b: Toxicroak|2\n|-enditem|p1b: Toxicroak|Focus Sash\n|-damage|p1b: Toxicroak|1/100\n|-activate|p1b: Toxicroak|move: Eerie Spell|Fake Out|3\n|move|p1a: Farigiraf|Trick Room|p1a: Farigiraf\n|-fieldstart|move: Trick Room|[of] p1a: Farigiraf\n|\n|upkeep\n|turn|2\n|\n|t:|1775937876\n|switch|p2b: Sneasler|Sneasler, L50, M|100/100\n|move|p1b: Toxicroak|Sucker Punch|p2a: Slowking\n|-supereffective|p2a: Slowking|1\n|-damage|p2a: Slowking|58/100\n|move|p2a: Slowking|Snarl|p1b: Toxicroak|[spread] p1a,p1b\n|-supereffective|p1a: Farigiraf|1\n|-resisted|p1b: Toxicroak|1\n|-damage|p1a: Farigiraf|71/100\n|-damage|p1b: Toxicroak|0 fnt\n|-unboost|p1a: Farigiraf|spa|1\n|faint|p1b: Toxicroak\n|move|p1a: Farigiraf|Curse|p1a: Farigiraf\n|-unboost|p1a: Farigiraf|spe|1\n|-boost|p1a: Farigiraf|atk|1\n|-boost|p1a: Farigiraf|def|1\n|\n|upkeep\n|inactive|prophetcassandra has 30 seconds left.\n|\n|t:|1775937909\n|switch|p1b: Blastoise|Blastoise, L50, F|100/100\n|turn|3\n|inactive|grynpup has 30 seconds left.\n|\n|t:|1775937944\n|move|p1b: Blastoise|Fake Out|p2b: Sneasler\n|-damage|p2b: Sneasler|87/100\n|move|p1a: Farigiraf|Body Slam|p2a: Slowking\n|-damage|p2a: Slowking|0 fnt\n|faint|p2a: Slowking\n|cant|p2b: Sneasler|flinch\n|\n|upkeep\n|\n|t:|1775937952\n|switch|p2a: Clefable|Clefable, L50, M|100/100\n|turn|4\n|\n|t:|1775937969\n|detailschange|p2a: Clefable|Clefable-Mega, L50, M\n|-mega|p2a: Clefable|Clefable|Clefablite\n|detailschange|p1b: Blastoise|Blastoise-Mega, L50, F\n|-mega|p1b: Blastoise|Blastoise|Blastoisinite\n|move|p2a: Clefable|Follow Me|p2a: Clefable\n|-singleturn|p2a: Clefable|move: Follow Me\n|move|p1a: Farigiraf|Zen Headbutt|p2a: Clefable\n|-damage|p2a: Clefable|45/100\n|move|p1b: Blastoise|Water Spout|p2b: Sneasler|[spread] p2a,p2b\n|-damage|p2a: Clefable|4/100\n|-damage|p2b: Sneasler|0 fnt\n|faint|p2b: Sneasler\n|\n|upkeep\n|\n|t:|1775937978\n|switch|p2b: Basculegion|Basculegion, L50, M|100/100\n|turn|5\n|\n|t:|1775937986\n|move|p2a: Clefable|Protect|p2a: Clefable\n|-singleturn|p2a: Clefable|Protect\n|move|p1a: Farigiraf|Body Slam|p2b: Basculegion\n|-immune|p2b: Basculegion\n|move|p1b: Blastoise|Water Spout|p2a: Clefable|[spread] p2b\n|-activate|p2a: Clefable|move: Protect\n|-resisted|p2b: Basculegion|1\n|-damage|p2b: Basculegion|63/100\n|move|p2b: Basculegion|Flip Turn|p1b: Blastoise\n|-resisted|p1b: Blastoise|1\n|-damage|p1b: Blastoise|83/100\n|\n|-fieldend|move: Trick Room\n|upkeep\n|turn|6\n|inactive|prophetcassandra has 30 seconds left.\n|\n|t:|1775938017\n|move|p2b: Basculegion|Flip Turn|p1a: Farigiraf\n|-damage|p1a: Farigiraf|40/100\n|-enditem|p1a: Farigiraf|Sitrus Berry|[eat]\n|-heal|p1a: Farigiraf|64/100|[from] item: Sitrus Berry\n|move|p2a: Clefable|Moonblast|p1a: Farigiraf\n|-damage|p1a: Farigiraf|13/100\n|move|p1b: Blastoise|Ice Beam|p2a: Clefable\n|-supereffective|p2a: Clefable|1\n|-damage|p2a: Clefable|0 fnt\n|faint|p2a: Clefable\n|move|p1a: Farigiraf|Trick Room|p1a: Farigiraf\n|-fieldstart|move: Trick Room|[of] p1a: Farigiraf\n|\n|upkeep\n|turn|7\n|inactive|grynpup has 30 seconds left.\n|inactive|grynpup has 20 seconds left.\n|inactive|grynpup has 15 seconds left.\n|inactive|grynpup has 10 seconds left.\n|inactive|grynpup has 5 seconds left.\n|\n|t:|1775938073\n|move|p1a: Farigiraf|Zen Headbutt|p2b: Basculegion\n|-damage|p2b: Basculegion|0 fnt\n|faint|p2b: Basculegion\n|\n|win|prophetcassandra\n|raw|prophetcassandra's rating: 1154 &rarr; <strong>1176</strong><br />(+22 for winning)\n|raw|grynpup's rating: 1115 &rarr; <strong>1093</strong><br />(-22 for losing)\n",
  "uploadtime": 1775938079,
  "views": 27,
  "formatid": "gen9championsvgc2026regma",
  "rating": 1093,
  "private": 0,
  "password": null
}