{
  "id": "gen9championsvgc2026regma-2582235369",
  "format": "[Gen 9 Champions] VGC 2026 Reg M-A",
  "players": [
    "RampardosingRoids",
    "paika vgc"
  ],
  "log": "|j|\u2606RampardosingRoids\n|j|\u203dpaika vgc\n|t:|1776074498\n|gametype|doubles\n|player|p1|RampardosingRoids|101|1075\n|player|p2|paika vgc|1|1077\n|gen|9\n|tier|[Gen 9 Champions] VGC 2026 Reg M-A\n|rated|\n|rule|Species Clause: Limit one of each Pok\u00e9mon\n|rule|Item Clause: Limit 1 of each item\n|clearpoke\n|poke|p1|Floette-Eternal, L50, F|\n|poke|p1|Incineroar, L50, F|\n|poke|p1|Basculegion, L50, M|\n|poke|p1|Sinistcha, L50|\n|poke|p1|Aerodactyl, L50, M|\n|poke|p1|Drampa, L50, M|\n|poke|p2|Gengar, L50, M|\n|poke|p2|Tyranitar, L50, F|\n|poke|p2|Conkeldurr, L50, M|\n|poke|p2|Volcarona, L50, M|\n|poke|p2|Corviknight, L50, F|\n|poke|p2|Primarina, L50, M|\n|teampreview|4\n|\n|t:|1776074537\n|teamsize|p1|4\n|teamsize|p2|4\n|start\n|switch|p1a: Basculegion|Basculegion, L50, M|100/100\n|switch|p1b: Floette|Floette-Eternal, L50, F|100/100\n|switch|p2a: Corviknight|Corviknight, L50, F|100/100\n|switch|p2b: Tyranitar|Tyranitar, L50, F|100/100\n|-weather|Sandstorm|[from] ability: Sand Stream|[of] p2b: Tyranitar\n|turn|1\n|\n|t:|1776074555\n|detailschange|p1b: Floette|Floette-Mega, L50, F\n|-mega|p1b: Floette|Floette|Floettite\n|-ability|p1b: Floette|Fairy Aura\n|move|p1a: Basculegion|Wave Crash|p2a: Corviknight\n|-damage|p2a: Corviknight|32/100\n|-damage|p1a: Basculegion|77/100|[from] Recoil\n|move|p1b: Floette|Moonblast|p2a: Corviknight\n|-resisted|p2a: Corviknight|1\n|-damage|p2a: Corviknight|5/100\n|move|p2a: Corviknight|Tailwind|p2a: Corviknight\n|-sidestart|p2: paika vgc|move: Tailwind\n|move|p2b: Tyranitar|Crunch|p1a: Basculegion\n|-supereffective|p1a: Basculegion|1\n|-damage|p1a: Basculegion|0 fnt\n|faint|p1a: Basculegion\n|\n|-weather|Sandstorm|[upkeep]\n|-damage|p1b: Floette|94/100|[from] Sandstorm\n|-heal|p2a: Corviknight|11/100|[from] item: Leftovers\n|upkeep\n|\n|t:|1776074570\n|switch|p1a: Incineroar|Incineroar, L50, F|100/100\n|-ability|p1a: Incineroar|Intimidate|boost\n|-ability|p2a: Corviknight|Mirror Armor\n|-unboost|p1a: Incineroar|atk|1\n|-unboost|p2b: Tyranitar|atk|1\n|turn|2\n|\n|t:|1776074608\n|move|p1a: Incineroar|Fake Out|p2a: Corviknight\n|-resisted|p2a: Corviknight|1\n|-damage|p2a: Corviknight|8/100\n|cant|p2a: Corviknight|flinch\n|move|p2b: Tyranitar|Dragon Dance|p2b: Tyranitar\n|-boost|p2b: Tyranitar|atk|1\n|-boost|p2b: Tyranitar|spe|1\n|move|p1b: Floette|Moonblast|p2b: Tyranitar\n|-supereffective|p2b: Tyranitar|1\n|-damage|p2b: Tyranitar|25/100\n|\n|-weather|Sandstorm|[upkeep]\n|-damage|p1b: Floette|88/100|[from] Sandstorm\n|-damage|p1a: Incineroar|95/100|[from] Sandstorm\n|-heal|p2a: Corviknight|14/100|[from] item: Leftovers\n|upkeep\n|turn|3\n|\n|t:|1776074629\n|switch|p1a: Sinistcha|Sinistcha, L50|100/100\n|-heal|p1b: Floette|100/100|[from] ability: Hospitality|[of] p1a: Sinistcha\n|move|p1b: Floette|Protect|p1b: Floette\n|-singleturn|p1b: Floette|Protect\n|move|p2b: Tyranitar|Rock Slide|p1b: Floette|[spread] p1a\n|-activate|p1b: Floette|move: Protect\n|-damage|p1a: Sinistcha|74/100\n|move|p2a: Corviknight|Brave Bird|p1b: Floette\n|-activate|p1b: Floette|move: Protect\n|\n|-weather|Sandstorm|[upkeep]\n|-damage|p1b: Floette|94/100|[from] Sandstorm\n|-damage|p1a: Sinistcha|67/100|[from] Sandstorm\n|-heal|p2a: Corviknight|20/100|[from] item: Leftovers\n|upkeep\n|turn|4\n|\n|t:|1776074650\n|switch|p1a: Incineroar|Incineroar, L50, F|95/100\n|-ability|p1a: Incineroar|Intimidate|boost\n|-ability|p2a: Corviknight|Mirror Armor\n|-unboost|p1a: Incineroar|atk|1\n|-unboost|p2b: Tyranitar|atk|1\n|move|p2b: Tyranitar|Rock Slide|p1b: Floette|[spread] p1a,p1b\n|-supereffective|p1a: Incineroar|1\n|-damage|p1a: Incineroar|61/100\n|-damage|p1b: Floette|71/100\n|move|p2a: Corviknight|Brave Bird|p1a: Incineroar\n|-damage|p1a: Incineroar|22/100\n|-damage|p2a: Corviknight|8/100|[from] Recoil\n|cant|p1b: Floette|flinch\n|\n|-weather|Sandstorm|[upkeep]\n|-damage|p1b: Floette|65/100|[from] Sandstorm\n|-damage|p1a: Incineroar|16/100|[from] Sandstorm\n|-heal|p2a: Corviknight|14/100|[from] item: Leftovers\n|-sideend|p2: paika vgc|move: Tailwind\n|upkeep\n|turn|5\n|\n|t:|1776074677\n|move|p1a: Incineroar|Fake Out|p2b: Tyranitar\n|-resisted|p2b: Tyranitar|1\n|-damage|p2b: Tyranitar|22/100\n|move|p1b: Floette|Moonblast|p2a: Corviknight\n|-resisted|p2a: Corviknight|1\n|-damage|p2a: Corviknight|0 fnt\n|faint|p2a: Corviknight\n|cant|p2b: Tyranitar|flinch\n|\n|-weather|none\n|upkeep\n|\n|t:|1776074689\n|switch|p2a: Primarina|Primarina, L50, M|100/100\n|turn|6\n|\n|t:|1776074714\n|move|p1b: Floette|Draining Kiss|p2b: Tyranitar\n|-supereffective|p2b: Tyranitar|1\n|-damage|p2b: Tyranitar|0 fnt\n|-heal|p1b: Floette|82/100|[from] drain|[of] p2b: Tyranitar\n|faint|p2b: Tyranitar\n|move|p2a: Primarina|Hyper Voice|p1b: Floette|[spread] p1a,p1b\n|-supereffective|p1a: Incineroar|1\n|-damage|p1a: Incineroar|0 fnt\n|-damage|p1b: Floette|53/100\n|faint|p1a: Incineroar\n|\n|upkeep\n|\n|t:|1776074724\n|switch|p2b: Gengar|Gengar, L50, M, shiny|100/100\n|switch|p1a: Sinistcha|Sinistcha, L50|67/100\n|-heal|p1b: Floette|78/100|[from] ability: Hospitality|[of] p1a: Sinistcha\n|turn|7\n|\n|t:|1776074752\n|detailschange|p2b: Gengar|Gengar-Mega, L50, M, shiny\n|-mega|p2b: Gengar|Gengar|Gengarite\n|move|p1b: Floette|Protect|p1b: Floette\n|-singleturn|p1b: Floette|Protect\n|move|p2b: Gengar|Shadow Ball|p1a: Sinistcha\n|-supereffective|p1a: Sinistcha|1\n|-damage|p1a: Sinistcha|0 fnt\n|faint|p1a: Sinistcha\n|move|p2a: Primarina|Calm Mind|p2a: Primarina\n|-boost|p2a: Primarina|spa|1\n|-boost|p2a: Primarina|spd|1\n|\n|upkeep\n|turn|8\n|-message|RampardosingRoids forfeited.\n|\n|win|paika vgc\n|raw|RampardosingRoids's rating: 1075 &rarr; <strong>1054</strong><br />(-21 for losing)\n|raw|paika vgc's rating: 1077 &rarr; <strong>1105</strong><br />(+28 for winning)\n|l|\u2606RampardosingRoids\n|player|p1|\n",
  "uploadtime": 1776074782,
  "views": 10,
  "formatid": "gen9championsvgc2026regma",
  "rating": 1054,
  "private": 0,
  "password": null
}