{
  "id": "gen9championsvgc2026regma-2586869941",
  "format": "[Gen 9 Champions] VGC 2026 Reg M-A",
  "players": [
    "Jackal.dd",
    "kicks10"
  ],
  "log": "|j|\u2606Jackal.dd\n|j|\u2606kicks10\n|t:|1776467010\n|gametype|doubles\n|player|p1|Jackal.dd|cheryl|1122\n|player|p2|kicks10|flannery|1189\n|gen|9\n|tier|[Gen 9 Champions] VGC 2026 Reg M-A\n|rated|\n|rule|Species Clause: Limit one of each Pok\u00e9mon\n|rule|Item Clause: Limit 1 of each item\n|clearpoke\n|poke|p1|Froslass, L50, F|\n|poke|p1|Rotom-Frost, L50|\n|poke|p1|Garchomp, L50, F|\n|poke|p1|Incineroar, L50, F|\n|poke|p1|Empoleon, L50, F|\n|poke|p1|Kingambit, L50, F|\n|poke|p2|Farigiraf, L50, M|\n|poke|p2|Camerupt, L50, M|\n|poke|p2|Conkeldurr, L50, F|\n|poke|p2|Rotom-Wash, L50|\n|poke|p2|Kingambit, L50, M|\n|poke|p2|Clefable, L50, M|\n|teampreview|4\n|inactive|Battle timer is ON: inactive players will automatically lose when time's up. (requested by Jackal.dd)\n|\n|t:|1776467060\n|teamsize|p1|4\n|teamsize|p2|4\n|start\n|switch|p1a: Incineroar|Incineroar, L50, F|100/100\n|switch|p1b: Empoleon|Empoleon, L50, F|100/100\n|switch|p2a: Farigiraf|Farigiraf, L50, M|100/100\n|switch|p2b: Clefable|Clefable, L50, M|100/100\n|-ability|p1a: Incineroar|Intimidate|boost\n|-unboost|p2a: Farigiraf|atk|1\n|-unboost|p2b: Clefable|atk|1\n|turn|1\n|inactive|kicks10 has 30 seconds left.\n|inactive|kicks10 has 20 seconds left.\n|\n|t:|1776467097\n|move|p2b: Clefable|Follow Me|p2b: Clefable\n|-singleturn|p2b: Clefable|move: Follow Me\n|move|p1b: Empoleon|Flash Cannon|p2b: Clefable\n|-supereffective|p2b: Clefable|1\n|-damage|p2b: Clefable|37/100\n|move|p1a: Incineroar|Darkest Lariat|p2b: Clefable\n|-resisted|p2b: Clefable|1\n|-damage|p2b: Clefable|14/100\n|move|p2a: Farigiraf|Trick Room|p2a: Farigiraf\n|-fieldstart|move: Trick Room|[of] p2a: Farigiraf\n|\n|upkeep\n|turn|2\n|\n|t:|1776467113\n|move|p2b: Clefable|Follow Me|p2b: Clefable\n|-singleturn|p2b: Clefable|move: Follow Me\n|move|p2a: Farigiraf|Light Screen|p2a: Farigiraf\n|-sidestart|p2: kicks10|move: Light Screen\n|move|p1a: Incineroar|Parting Shot|p2b: Clefable\n|-unboost|p2b: Clefable|atk|1\n|-unboost|p2b: Clefable|spa|1\n|\n|t:|1776467119\n|switch|p1a: Kingambit|Kingambit, L50, F|100/100|[from] Parting Shot\n|move|p1b: Empoleon|Flash Cannon|p2b: Clefable\n|-supereffective|p2b: Clefable|1\n|-damage|p2b: Clefable|0 fnt\n|faint|p2b: Clefable\n|\n|upkeep\n|\n|t:|1776467134\n|switch|p2b: Conkeldurr|Conkeldurr, L50, F|100/100\n|turn|3\n|\n|t:|1776467147\n|switch|p2a: Kingambit|Kingambit, L50, M|100/100\n|move|p1a: Kingambit|Protect|p1a: Kingambit\n|-singleturn|p1a: Kingambit|Protect\n|move|p2b: Conkeldurr|Drain Punch|p1a: Kingambit\n|-activate|p1a: Kingambit|move: Protect\n|move|p1b: Empoleon|Roar|p2b: Conkeldurr\n|drag|p2b: Farigiraf|Farigiraf, L50, M|100/100\n|\n|upkeep\n|turn|4\n|\n|t:|1776467165\n|switch|p2b: Conkeldurr|Conkeldurr, L50, F|100/100\n|move|p2a: Kingambit|Kowtow Cleave|p1b: Empoleon\n|-damage|p1b: Empoleon|37/100\n|move|p1b: Empoleon|Water Pulse|p2b: Conkeldurr\n|-damage|p2b: Conkeldurr|78/100\n|move|p1a: Kingambit|Low Kick|p2a: Kingambit\n|-supereffective|p2a: Kingambit|2\n|-damage|p2a: Kingambit|0 fnt\n|faint|p2a: Kingambit\n|\n|-heal|p2b: Conkeldurr|84/100|[from] item: Leftovers\n|-heal|p1b: Empoleon|43/100|[from] item: Leftovers\n|upkeep\n|\n|t:|1776467175\n|switch|p2a: Farigiraf|Farigiraf, L50, M|100/100\n|turn|5\n|\n|t:|1776467190\n|move|p2a: Farigiraf|Helping Hand|p2b: Conkeldurr\n|-singleturn|p2b: Conkeldurr|Helping Hand|[of] p2a: Farigiraf\n|move|p2b: Conkeldurr|Drain Punch|p1b: Empoleon\n|-supereffective|p1b: Empoleon|1\n|-damage|p1b: Empoleon|0 fnt\n|-heal|p2b: Conkeldurr|100/100|[from] drain|[of] p1b: Empoleon\n|faint|p1b: Empoleon\n|move|p1a: Kingambit|Iron Head|p2b: Conkeldurr\n|-damage|p2b: Conkeldurr|55/100\n|\n|-heal|p2b: Conkeldurr|61/100|[from] item: Leftovers\n|-fieldend|move: Trick Room\n|upkeep\n|\n|t:|1776467201\n|switch|p1b: Incineroar|Incineroar, L50, F|100/100\n|-ability|p1b: Incineroar|Intimidate|boost\n|-unboost|p2a: Farigiraf|atk|1\n|-unboost|p2b: Conkeldurr|atk|1\n|turn|6\n|\n|t:|1776467221\n|move|p1a: Kingambit|Iron Head|p2b: Conkeldurr\n|-damage|p2b: Conkeldurr|20/100\n|move|p1b: Incineroar|Darkest Lariat|p2a: Farigiraf\n|-supereffective|p2a: Farigiraf|1\n|-damage|p2a: Farigiraf|32/100\n|move|p2b: Conkeldurr|Drain Punch|p1a: Kingambit\n|-supereffective|p1a: Kingambit|2\n|-enditem|p1a: Kingambit|Focus Sash\n|-damage|p1a: Kingambit|1/100\n|-heal|p2b: Conkeldurr|61/100|[from] drain|[of] p1a: Kingambit\n|move|p2a: Farigiraf|Trick Room|p2a: Farigiraf\n|-fieldstart|move: Trick Room|[of] p2a: Farigiraf\n|\n|-heal|p2b: Conkeldurr|67/100|[from] item: Leftovers\n|-sideend|p2: kicks10|move: Light Screen\n|upkeep\n|turn|7\n|\n|t:|1776467244\n|move|p2b: Conkeldurr|Drain Punch|p1b: Incineroar\n|-supereffective|p1b: Incineroar|1\n|-damage|p1b: Incineroar|28/100\n|-heal|p2b: Conkeldurr|100/100|[from] drain|[of] p1b: Incineroar\n|-enditem|p1b: Incineroar|Sitrus Berry|[eat]\n|-heal|p1b: Incineroar|53/100|[from] item: Sitrus Berry\n|move|p2a: Farigiraf|Hyper Voice|p1b: Incineroar|[spread] p1a,p1b\n|-resisted|p1a: Kingambit|1\n|-damage|p1a: Kingambit|0 fnt\n|-damage|p1b: Incineroar|31/100\n|faint|p1a: Kingambit\n|move|p1b: Incineroar|Parting Shot|p2b: Conkeldurr\n|-unboost|p2b: Conkeldurr|atk|1\n|-unboost|p2b: Conkeldurr|spa|1\n|\n|t:|1776467256\n|switch|p1b: Froslass|Froslass, L50, F|100/100|[from] Parting Shot\n|\n|upkeep\n|\n|t:|1776467259\n|switch|p1a: Incineroar|Incineroar, L50, F|31/100\n|-ability|p1a: Incineroar|Intimidate|boost\n|-unboost|p2a: Farigiraf|atk|1\n|-unboost|p2b: Conkeldurr|atk|1\n|turn|8\n|inactive|kicks10 has 30 seconds left.\n|\n|t:|1776467293\n|detailschange|p1b: Froslass|Froslass-Mega, L50, F\n|-mega|p1b: Froslass|Froslass|Froslassite\n|-weather|Snowscape|[from] ability: Snow Warning|[of] p1b: Froslass\n|move|p2b: Conkeldurr|Drain Punch|p1a: Incineroar\n|-supereffective|p1a: Incineroar|1\n|-damage|p1a: Incineroar|0 fnt\n|faint|p1a: Incineroar\n|move|p2a: Farigiraf|Light Screen|p2a: Farigiraf\n|-sidestart|p2: kicks10|move: Light Screen\n|move|p1b: Froslass|Blizzard|p2a: Farigiraf|[spread] p2a,p2b\n|-damage|p2a: Farigiraf|2/100\n|-damage|p2b: Conkeldurr|67/100\n|\n|-weather|Snowscape|[upkeep]\n|-heal|p2b: Conkeldurr|74/100|[from] item: Leftovers\n|upkeep\n|turn|9\n|\n|t:|1776467311\n|move|p2a: Farigiraf|Helping Hand|p2b: Conkeldurr\n|-singleturn|p2b: Conkeldurr|Helping Hand|[of] p2a: Farigiraf\n|move|p2b: Conkeldurr|Ice Punch|p1b: Froslass\n|-resisted|p1b: Froslass|1\n|-damage|p1b: Froslass|89/100\n|move|p1b: Froslass|Blizzard|p2a: Farigiraf|[spread] p2a,p2b\n|-damage|p2a: Farigiraf|0 fnt\n|-damage|p2b: Conkeldurr|40/100\n|-status|p2b: Conkeldurr|frz\n|faint|p2a: Farigiraf\n|\n|-weather|Snowscape|[upkeep]\n|-heal|p2b: Conkeldurr|46/100 frz|[from] item: Leftovers\n|upkeep\n|turn|10\n|-message|kicks10 forfeited.\n|\n|win|Jackal.dd\n|raw|Jackal.dd's rating: 1122 &rarr; <strong>1152</strong><br />(+30 for winning)\n|raw|kicks10's rating: 1189 &rarr; <strong>1159</strong><br />(-30 for losing)\n|l|\u2606kicks10\n|player|p2|\n",
  "uploadtime": 1776467325,
  "views": 23,
  "formatid": "gen9championsvgc2026regma",
  "rating": 1152,
  "private": 0,
  "password": null
}