{
  "id": "gen9championsvgc2026regma-2588154966",
  "format": "[Gen 9 Champions] VGC 2026 Reg M-A",
  "players": [
    "Juya",
    "LordSpectreX"
  ],
  "log": "|j|\u2606Juya\n|j|\u203dLordSpectreX\n|t:|1776609774\n|gametype|doubles\n|player|p1|Juya|170|1390\n|player|p2|LordSpectreX|266|1344\n|gen|9\n|tier|[Gen 9 Champions] VGC 2026 Reg M-A\n|rated|\n|rule|Species Clause: Limit one of each Pok\u00e9mon\n|rule|Item Clause: Limit 1 of each item\n|clearpoke\n|poke|p1|Tyranitar, L50, F|\n|poke|p1|Excadrill, L50, F|\n|poke|p1|Incineroar, L50, M|\n|poke|p1|Corviknight, L50, M|\n|poke|p1|Sinistcha, L50|\n|poke|p1|Milotic, L50, F|\n|poke|p2|Zoroark-Hisui, L50, M|\n|poke|p2|Gardevoir, L50, M|\n|poke|p2|Talonflame, L50, F|\n|poke|p2|Sneasler, L50, M|\n|poke|p2|Tinkaton, L50, F|\n|poke|p2|Gyarados, L50, M|\n|teampreview|4\n|inactive|Battle timer is ON: inactive players will automatically lose when time's up. (requested by Juya)\n|inactive|Juya has 60 seconds left.\n|\n|t:|1776609821\n|teamsize|p1|4\n|teamsize|p2|4\n|start\n|switch|p1a: Corviknight|Corviknight, L50, M|100/100\n|switch|p1b: Excadrill|Excadrill, L50, F|100/100\n|switch|p2a: Talonflame|Talonflame, L50, F|100/100\n|switch|p2b: Gyarados|Gyarados, L50, M|100/100\n|-ability|p2b: Gyarados|Intimidate|boost\n|-ability|p1a: Corviknight|Mirror Armor\n|-unboost|p2b: Gyarados|atk|1\n|-unboost|p1b: Excadrill|atk|1\n|turn|1\n|\n|t:|1776609842\n|switch|p1b: Milotic|Milotic, L50, F|100/100\n|detailschange|p2b: Gyarados|Gyarados-Mega, L50, M\n|-mega|p2b: Gyarados|Gyarados|Gyaradosite\n|-ability|p2b: Gyarados|Mold Breaker\n|move|p2a: Talonflame|Icy Wind|p1b: Milotic|[spread] p1a,p1b\n|-resisted|p1b: Milotic|1\n|-damage|p1a: Corviknight|85/100\n|-damage|p1b: Milotic|95/100\n|-ability|p1a: Corviknight|Mirror Armor\n|-unboost|p2a: Talonflame|spe|1\n|-unboost|p1b: Milotic|spe|1\n|-ability|p1b: Milotic|Competitive|boost\n|-boost|p1b: Milotic|spa|2\n|move|p2b: Gyarados|Dragon Dance|p2b: Gyarados\n|-boost|p2b: Gyarados|atk|1\n|-boost|p2b: Gyarados|spe|1\n|move|p1a: Corviknight|Iron Defense|p1a: Corviknight\n|-boost|p1a: Corviknight|def|2\n|\n|upkeep\n|turn|2\n|\n|t:|1776609858\n|switch|p2a: Sneasler|Sneasler, L50, M|100/100\n|move|p2b: Gyarados|Crunch|p1b: Milotic\n|-damage|p1b: Milotic|57/100\n|move|p1a: Corviknight|Body Press|p2b: Gyarados\n|-supereffective|p2b: Gyarados|1\n|-damage|p2b: Gyarados|10/100\n|move|p1b: Milotic|Scald|p2a: Sneasler\n|-damage|p2a: Sneasler|16/100\n|\n|upkeep\n|turn|3\n|inactive|Juya has 30 seconds left.\n|\n|t:|1776609886\n|switch|p2b: Talonflame|Talonflame, L50, F|100/100\n|move|p1b: Milotic|Protect|p1b: Milotic\n|-singleturn|p1b: Milotic|Protect\n|move|p2a: Sneasler|Close Combat|p1b: Milotic\n|-activate|p1b: Milotic|move: Protect\n|move|p1a: Corviknight|Body Press|p2b: Talonflame\n|-immune|p2b: Talonflame\n|\n|upkeep\n|turn|4\n|inactive|Juya has 30 seconds left.\n|\n|t:|1776609913\n|switch|p1b: Tyranitar|Tyranitar, L50, F|100/100\n|-weather|Sandstorm|[from] ability: Sand Stream|[of] p1b: Tyranitar\n|move|p2b: Talonflame|Shadow Ball|p1b: Tyranitar\n|-resisted|p1b: Tyranitar|1\n|-damage|p1b: Tyranitar|87/100\n|move|p2a: Sneasler|Close Combat|p1b: Tyranitar\n|-supereffective|p1b: Tyranitar|2\n|-damage|p1b: Tyranitar|0 fnt\n|-unboost|p2a: Sneasler|def|1\n|-unboost|p2a: Sneasler|spd|1\n|faint|p1b: Tyranitar\n|-enditem|p2a: Sneasler|White Herb\n|-clearnegativeboost|p2a: Sneasler|[silent]\n|move|p1a: Corviknight|Brave Bird|p2a: Sneasler\n|-supereffective|p2a: Sneasler|1\n|-damage|p2a: Sneasler|0 fnt\n|faint|p2a: Sneasler\n|-damage|p1a: Corviknight|81/100|[from] Recoil\n|\n|-weather|Sandstorm|[upkeep]\n|-damage|p2b: Talonflame|94/100|[from] Sandstorm\n|upkeep\n|\n|t:|1776609922\n|switch|p2a: Talonflame|Talonflame, L50, F|100/100\n|switch|p1b: Excadrill|Excadrill, L50, F|100/100\n|turn|5\n|\n|t:|1776609929\n|move|p1b: Excadrill|Rock Slide|p2a: Talonflame|[spread] p2a,p2b\n|-supereffective|p2a: Talonflame|2\n|-enditem|p2a: Talonflame|Focus Sash\n|-damage|p2a: Talonflame|1/100\n|-damage|p2b: Talonflame|49/100\n|replace|p2b: Zoroark|Zoroark-Hisui, L50, M\n|-end|p2b: Zoroark|Illusion\n|move|p2b: Zoroark|Shadow Ball|p1b: Excadrill\n|-damage|p1b: Excadrill|44/100\n|move|p2a: Talonflame|Flare Blitz|p1a: Corviknight\n|-supereffective|p1a: Corviknight|1\n|-damage|p1a: Corviknight|45/100\n|-enditem|p1a: Corviknight|Sitrus Berry|[eat]\n|-heal|p1a: Corviknight|70/100|[from] item: Sitrus Berry\n|-damage|p2a: Talonflame|0 fnt|[from] Recoil\n|faint|p2a: Talonflame\n|move|p1a: Corviknight|Brave Bird|p2b: Zoroark\n|-damage|p2b: Zoroark|0 fnt\n|faint|p2b: Zoroark\n|-damage|p1a: Corviknight|59/100|[from] Recoil\n|\n|-weather|Sandstorm|[upkeep]\n|upkeep\n|-message|LordSpectreX forfeited.\n|\n|win|Juya\n|raw|Juya's rating: 1390 &rarr; <strong>1407</strong><br />(+17 for winning)\n|raw|LordSpectreX's rating: 1344 &rarr; <strong>1327</strong><br />(-17 for losing)\n|l|\u203dLordSpectreX\n|player|p2|\n",
  "uploadtime": 1776609950,
  "views": 10,
  "formatid": "gen9championsvgc2026regma",
  "rating": 1327,
  "private": 0,
  "password": null
}