{
  "id": "gen9championsvgc2026regma-2582303997",
  "format": "[Gen 9 Champions] VGC 2026 Reg M-A",
  "players": [
    "theilldigi",
    "I like Linoone )"
  ],
  "log": "|j|\u2606theilldigi\n|j|\u2606I like Linoone )\n|t:|1776081567\n|gametype|doubles\n|player|p1|theilldigi|101|1082\n|player|p2|I like Linoone )|aaron|1054\n|gen|9\n|tier|[Gen 9 Champions] VGC 2026 Reg M-A\n|rated|\n|rule|Species Clause: Limit one of each Pok\u00e9mon\n|rule|Item Clause: Limit 1 of each item\n|clearpoke\n|poke|p1|Lopunny, L50, M|\n|poke|p1|Incineroar, L50, F|\n|poke|p1|Primarina, L50, F|\n|poke|p1|Sneasler, L50, F|\n|poke|p1|Typhlosion-Hisui, L50, M|\n|poke|p1|Tsareena, L50, F|\n|poke|p2|Golurk, L50|\n|poke|p2|Hatterene, L50, F|\n|poke|p2|Drampa, L50, F|\n|poke|p2|Incineroar, L50, M|\n|poke|p2|Palafin, L50, F|\n|poke|p2|Appletun, L50, M|\n|teampreview|4\n|\n|t:|1776081598\n|teamsize|p1|4\n|teamsize|p2|4\n|start\n|switch|p1a: Tsareena|Tsareena, L50, F|100/100\n|switch|p1b: Incineroar|Incineroar, L50, F|100/100\n|switch|p2a: Hatterene|Hatterene, L50, F|100/100\n|switch|p2b: Incineroar|Incineroar, L50, M|100/100\n|-ability|p1b: Incineroar|Intimidate|boost\n|-unboost|p2a: Hatterene|atk|1\n|-unboost|p2b: Incineroar|atk|1\n|turn|1\n|\n|t:|1776081621\n|move|p2b: Incineroar|Fake Out||[still]\n|cant|p1a: Tsareena|ability: Queenly Majesty|Fake Out|[of] p2b: Incineroar\n|move|p1a: Tsareena|U-turn|p2a: Hatterene\n|-damage|p2a: Hatterene|83/100\n|\n|t:|1776081628\n|switch|p1a: Primarina|Primarina, L50, F|100/100|[from] U-turn\n|move|p1b: Incineroar|Snarl|p2a: Hatterene|[spread] p2a,p2b\n|-resisted|p2b: Incineroar|1\n|-damage|p2a: Hatterene|72/100\n|-damage|p2b: Incineroar|96/100\n|-unboost|p2a: Hatterene|spa|1\n|-unboost|p2b: Incineroar|spa|1\n|move|p2a: Hatterene|Trick Room|p2a: Hatterene\n|-fieldstart|move: Trick Room|[of] p2a: Hatterene\n|\n|-heal|p2a: Hatterene|78/100|[from] item: Leftovers\n|upkeep\n|turn|2\n|\n|t:|1776081667\n|move|p2a: Hatterene|Dazzling Gleam|p1b: Incineroar|[spread] p1a,p1b\n|-damage|p1a: Primarina|86/100\n|-damage|p1b: Incineroar|85/100\n|move|p1b: Incineroar|Snarl|p2b: Incineroar|[spread] p2a,p2b\n|-resisted|p2b: Incineroar|1\n|-damage|p2a: Hatterene|66/100\n|-damage|p2b: Incineroar|90/100\n|-unboost|p2a: Hatterene|spa|1\n|-unboost|p2b: Incineroar|spa|1\n|move|p2b: Incineroar|Parting Shot|p1a: Primarina\n|-unboost|p1a: Primarina|atk|1\n|-unboost|p1a: Primarina|spa|1\n|\n|t:|1776081691\n|switch|p2b: Palafin|Palafin, L50, F|100/100|[from] Parting Shot\n|move|p1a: Primarina|Calm Mind|p1a: Primarina\n|-boost|p1a: Primarina|spa|1\n|-boost|p1a: Primarina|spd|1\n|\n|-heal|p2a: Hatterene|72/100|[from] item: Leftovers\n|-heal|p1a: Primarina|91/100|[from] item: Leftovers\n|upkeep\n|turn|3\n|\n|t:|1776081704\n|move|p2b: Palafin|Jet Punch|p1b: Incineroar\n|-supereffective|p1b: Incineroar|1\n|-damage|p1b: Incineroar|49/100\n|move|p2a: Hatterene|Dazzling Gleam|p1a: Primarina|[spread] p1a,p1b\n|-damage|p1a: Primarina|83/100\n|-damage|p1b: Incineroar|37/100\n|move|p1b: Incineroar|Parting Shot|p2b: Palafin\n|-unboost|p2b: Palafin|atk|1\n|-unboost|p2b: Palafin|spa|1\n|\n|t:|1776081712\n|switch|p1b: Tsareena|Tsareena, L50, F|100/100|[from] Parting Shot\n|move|p1a: Primarina|Calm Mind|p1a: Primarina\n|-boost|p1a: Primarina|spa|1\n|-boost|p1a: Primarina|spd|1\n|\n|-heal|p2a: Hatterene|79/100|[from] item: Leftovers\n|-heal|p1a: Primarina|89/100|[from] item: Leftovers\n|upkeep\n|turn|4\n|\n|t:|1776081742\n|switch|p2a: Incineroar|Incineroar, L50, M|90/100\n|detailschange|p2b: Palafin|Palafin-Hero, L50, F\n|switch|p2b: Drampa|Drampa, L50, F|100/100\n|-ability|p2b: Drampa|Cloud Nine\n|move|p1a: Primarina|Calm Mind|p1a: Primarina\n|-boost|p1a: Primarina|spa|1\n|-boost|p1a: Primarina|spd|1\n|move|p1b: Tsareena|Trop Kick|p2b: Drampa\n|-resisted|p2b: Drampa|1\n|-damage|p2b: Drampa|81/100\n|-unboost|p2b: Drampa|atk|1\n|\n|-heal|p1a: Primarina|95/100|[from] item: Leftovers\n|upkeep\n|turn|5\n|\n|t:|1776081767\n|detailschange|p2b: Drampa|Drampa-Mega, L50, F\n|-mega|p2b: Drampa|Drampa|Drampanite\n|move|p1a: Primarina|Protect|p1a: Primarina\n|-singleturn|p1a: Primarina|Protect\n|move|p2b: Drampa|Hyper Voice|p1b: Tsareena|[spread] p1b\n|-activate|p1a: Primarina|move: Protect\n|-damage|p1b: Tsareena|59/100\n|move|p2a: Incineroar|Flare Blitz|p1b: Tsareena\n|-supereffective|p1b: Tsareena|1\n|-damage|p1b: Tsareena|0 fnt\n|faint|p1b: Tsareena\n|-damage|p2a: Incineroar|74/100|[from] Recoil\n|\n|-heal|p1a: Primarina|100/100|[from] item: Leftovers\n|-fieldend|move: Trick Room\n|upkeep\n|\n|t:|1776081781\n|switch|p1b: Incineroar|Incineroar, L50, F|37/100\n|-ability|p1b: Incineroar|Intimidate|boost\n|-unboost|p2a: Incineroar|atk|1\n|-unboost|p2b: Drampa|atk|1\n|turn|6\n|\n|t:|1776081803\n|switch|p2a: Palafin|Palafin-Hero, L50, F|100/100\n|-activate|p2a: Palafin|ability: Zero to Hero\n|move|p2b: Drampa|Protect|p2b: Drampa\n|-singleturn|p2b: Drampa|Protect\n|move|p1b: Incineroar|Fake Out|p2a: Palafin\n|-damage|p2a: Palafin|89/100\n|move|p1a: Primarina|Draining Kiss|p2b: Drampa\n|-activate|p2b: Drampa|move: Protect\n|\n|upkeep\n|turn|7\n|\n|t:|1776081822\n|switch|p2b: Incineroar|Incineroar, L50, M|74/100\n|move|p2a: Palafin|Wave Crash|p1b: Incineroar\n|-supereffective|p1b: Incineroar|1\n|-damage|p1b: Incineroar|0 fnt\n|faint|p1b: Incineroar\n|-damage|p2a: Palafin|76/100|[from] Recoil\n|move|p1a: Primarina|Draining Kiss|p2b: Incineroar\n|-damage|p2b: Incineroar|29/100\n|\n|upkeep\n|\n|t:|1776081827\n|switch|p1b: Lopunny|Lopunny, L50, M, shiny|100/100\n|turn|8\n|\n|t:|1776081849\n|move|p1b: Lopunny|Fake Out|p2a: Palafin\n|-damage|p2a: Palafin|60/100\n|cant|p2a: Palafin|flinch\n|move|p1a: Primarina|Hyper Voice|p2a: Palafin|[spread] p2a,p2b\n|-damage|p2a: Palafin|15/100\n|-damage|p2b: Incineroar|0 fnt\n|faint|p2b: Incineroar\n|\n|upkeep\n|\n|t:|1776081855\n|switch|p2b: Hatterene|Hatterene, L50, F|79/100\n|turn|9\n|\n|t:|1776081880\n|detailschange|p1b: Lopunny|Lopunny-Mega, L50, M, shiny\n|-mega|p1b: Lopunny|Lopunny|Lopunnite\n|move|p2a: Palafin|Wave Crash|p1a: Primarina\n|-resisted|p1a: Primarina|1\n|-damage|p1a: Primarina|64/100\n|-damage|p2a: Palafin|2/100|[from] Recoil\n|move|p1b: Lopunny|U-turn|p2b: Hatterene\n|-damage|p2b: Hatterene|58/100\n|move|p1a: Primarina|Hyper Voice|p2a: Palafin|[spread] p2a,p2b\n|-damage|p2a: Palafin|0 fnt\n|-damage|p2b: Hatterene|15/100\n|faint|p2a: Palafin\n|move|p2b: Hatterene|Trick Room|p2b: Hatterene\n|-fieldstart|move: Trick Room|[of] p2b: Hatterene\n|\n|-heal|p2b: Hatterene|21/100|[from] item: Leftovers\n|-heal|p1a: Primarina|69/100|[from] item: Leftovers\n|upkeep\n|\n|t:|1776081905\n|switch|p2a: Drampa|Drampa-Mega, L50, F|81/100\n|turn|10\n|\n|t:|1776081926\n|move|p1b: Lopunny|Protect|p1b: Lopunny\n|-singleturn|p1b: Lopunny|Protect\n|move|p2b: Hatterene|Dazzling Gleam|p1b: Lopunny|[spread] p1a\n|-activate|p1b: Lopunny|move: Protect\n|-damage|p1a: Primarina|60/100\n|move|p2a: Drampa|Hyper Voice|p1b: Lopunny|[spread] p1a\n|-activate|p1b: Lopunny|move: Protect\n|-damage|p1a: Primarina|43/100\n|move|p1a: Primarina|Hyper Voice|p2b: Hatterene|[spread] p2a,p2b\n|-damage|p2a: Drampa|43/100\n|-damage|p2b: Hatterene|0 fnt\n|faint|p2b: Hatterene\n|-ability|p2a: Drampa|Berserk|boost\n|-boost|p2a: Drampa|spa|1\n|\n|-heal|p1a: Primarina|49/100|[from] item: Leftovers\n|upkeep\n|turn|11\n|\n|t:|1776081947\n|move|p1a: Primarina|Protect|p1a: Primarina\n|-singleturn|p1a: Primarina|Protect\n|move|p2a: Drampa|Hyper Voice|p1a: Primarina|[spread] p1b\n|-activate|p1a: Primarina|move: Protect\n|-damage|p1b: Lopunny|11/100\n|move|p1b: Lopunny|Close Combat|p2a: Drampa\n|-supereffective|p2a: Drampa|1\n|-damage|p2a: Drampa|0 fnt\n|-unboost|p1b: Lopunny|def|1\n|-unboost|p1b: Lopunny|spd|1\n|faint|p2a: Drampa\n|\n|win|theilldigi\n",
  "uploadtime": 1776081570,
  "views": 12,
  "formatid": "gen9championsvgc2026regma",
  "rating": null,
  "private": 0,
  "password": null
}