{
  "id": "gen9championsvgc2026regma-2588435750",
  "format": "[Gen 9 Champions] VGC 2026 Reg M-A",
  "players": [
    "rain god love",
    "sdlt 2krl coolguy"
  ],
  "log": "|raw|<div class=\"broadcast-blue\"><strong>This battle is required to be public due to a player having a name starting with 'sdlt'.</div>\n|j|\u2606rain god love\n|j|\u2606sdlt 2krl coolguy\n|t:|1776633331\n|gametype|doubles\n|player|p1|rain god love|ghetsis|1151\n|player|p2|sdlt 2krl coolguy|leon-masters2|1251\n|gen|9\n|tier|[Gen 9 Champions] VGC 2026 Reg M-A\n|rated|\n|rule|Species Clause: Limit one of each Pok\u00e9mon\n|rule|Item Clause: Limit 1 of each item\n|clearpoke\n|poke|p1|Basculegion, L50, M|\n|poke|p1|Sinistcha-Masterpiece, L50, shiny|\n|poke|p1|Empoleon, L50, M, shiny|\n|poke|p1|Sneasler, L50, M|\n|poke|p1|Pelipper, L50, F, shiny|\n|poke|p1|Gardevoir, L50, F, shiny|\n|poke|p2|Floette-Eternal, L50, F|\n|poke|p2|Incineroar, L50, M|\n|poke|p2|Sinistcha, L50|\n|poke|p2|Garchomp, L50, M|\n|poke|p2|Sneasler, L50, M|\n|poke|p2|Kingambit, L50, M|\n|teampreview|4\n|inactive|Battle timer is ON: inactive players will automatically lose when time's up. (requested by sdlt 2krl coolguy)\n|inactive|rain god love also wants the timer to be on.\n|inactive|rain god love has 60 seconds left.\n|\n|t:|1776633376\n|teamsize|p1|4\n|teamsize|p2|4\n|start\n|switch|p1a: Sneasler|Sneasler, L50, M|100/100\n|switch|p1b: Basculegion|Basculegion, L50, M|100/100\n|switch|p2a: Sneasler|Sneasler, L50, M|100/100\n|switch|p2b: Sinistcha|Sinistcha, L50|100/100\n|turn|1\n|\n|t:|1776633388\n|move|p2a: Sneasler|Fake Out|p1a: Sneasler\n|-damage|p1a: Sneasler|75/100\n|cant|p1a: Sneasler|flinch\n|move|p1b: Basculegion|Last Respects|p2b: Sinistcha\n|-supereffective|p2b: Sinistcha|1\n|-damage|p2b: Sinistcha|44/100\n|-enditem|p2b: Sinistcha|Sitrus Berry|[eat]\n|-heal|p2b: Sinistcha|69/100|[from] item: Sitrus Berry\n|move|p2b: Sinistcha|Matcha Gotcha|p1a: Sneasler|[spread] p1a,p1b\n|-resisted|p1a: Sneasler|1\n|-crit|p1a: Sneasler\n|-supereffective|p1b: Basculegion|1\n|-damage|p1a: Sneasler|51/100\n|-heal|p2b: Sinistcha|80/100|[from] drain|[of] p1a: Sneasler\n|-damage|p1b: Basculegion|40/100\n|-heal|p2b: Sinistcha|100/100|[from] drain|[of] p1b: Basculegion\n|-status|p1a: Sneasler|brn\n|\n|-damage|p1a: Sneasler|45/100 brn|[from] brn\n|upkeep\n|turn|2\n|c|\u2606rain god love|Frick\n|inactive|rain god love has 30 seconds left.\n|c|\u2606rain god love|That went badly\n|inactive|rain god love has 20 seconds left.\n|inactive|rain god love has 15 seconds left.\n|\n|t:|1776633432\n|move|p1b: Basculegion|Last Respects|p2b: Sinistcha\n|-supereffective|p2b: Sinistcha|1\n|-damage|p2b: Sinistcha|42/100\n|move|p2a: Sneasler|Close Combat|p1a: Sneasler\n|-resisted|p1a: Sneasler|1\n|-damage|p1a: Sneasler|0 fnt\n|-unboost|p2a: Sneasler|def|1\n|-unboost|p2a: Sneasler|spd|1\n|faint|p1a: Sneasler\n|-enditem|p2a: Sneasler|White Herb\n|-clearnegativeboost|p2a: Sneasler|[silent]\n|move|p2b: Sinistcha|Matcha Gotcha|p1b: Basculegion\n|-supereffective|p1b: Basculegion|1\n|-damage|p1b: Basculegion|0 fnt\n|-heal|p2b: Sinistcha|64/100|[from] drain|[of] p1b: Basculegion\n|faint|p1b: Basculegion\n|\n|upkeep\n|\n|t:|1776633439\n|switch|p1a: Gardevoir|Gardevoir, L50, F, shiny|100/100\n|switch|p1b: Pelipper|Pelipper, L50, F, shiny|100/100\n|-weather|RainDance|[from] ability: Drizzle|[of] p1b: Pelipper\n|turn|3\n|\n|t:|1776633447\n|detailschange|p1a: Gardevoir|Gardevoir-Mega, L50, F, shiny\n|-mega|p1a: Gardevoir|Gardevoir|Gardevoirite\n|move|p1a: Gardevoir|Protect|p1a: Gardevoir\n|-singleturn|p1a: Gardevoir|Protect\n|move|p2b: Sinistcha|Rage Powder|p2b: Sinistcha\n|-singleturn|p2b: Sinistcha|move: Rage Powder\n|move|p2a: Sneasler|Dire Claw|p1a: Gardevoir\n|-activate|p1a: Gardevoir|move: Protect\n|move|p1b: Pelipper|Tailwind|p1b: Pelipper\n|-sidestart|p1: rain god love|move: Tailwind\n|\n|-weather|RainDance|[upkeep]\n|upkeep\n|turn|4\n|\n|t:|1776633461\n|move|p2b: Sinistcha|Rage Powder|p2b: Sinistcha\n|-singleturn|p2b: Sinistcha|move: Rage Powder\n|move|p2a: Sneasler|Dire Claw|p1a: Gardevoir\n|-supereffective|p1a: Gardevoir|1\n|-damage|p1a: Gardevoir|10/100\n|-status|p1a: Gardevoir|par\n|move|p1b: Pelipper|Tailwind||[still]\n|-fail|p1b: Pelipper\n|move|p1a: Gardevoir|Psychic|p2b: Sinistcha\n|-damage|p2b: Sinistcha|23/100\n|\n|-weather|RainDance|[upkeep]\n|upkeep\n|turn|5\n|c|\u2606rain god love|Misclick!!\n|\n|t:|1776633476\n|cant|p1a: Gardevoir|par\n|move|p2b: Sinistcha|Rage Powder|p2b: Sinistcha\n|-singleturn|p2b: Sinistcha|move: Rage Powder\n|move|p2a: Sneasler|Dire Claw|p1a: Gardevoir\n|-supereffective|p1a: Gardevoir|1\n|-damage|p1a: Gardevoir|0 fnt\n|faint|p1a: Gardevoir\n|move|p1b: Pelipper|Hurricane|p2b: Sinistcha\n|-supereffective|p2b: Sinistcha|1\n|-damage|p2b: Sinistcha|0 fnt\n|faint|p2b: Sinistcha\n|\n|-weather|RainDance|[upkeep]\n|upkeep\n|\n|t:|1776633479\n|switch|p2b: Floette|Floette-Eternal, L50, F|100/100\n|turn|6\n|\n|t:|1776633483\n|detailschange|p2b: Floette|Floette-Mega, L50, F\n|-mega|p2b: Floette|Floette|Floettite\n|-ability|p2b: Floette|Fairy Aura\n|move|p2a: Sneasler|Dire Claw|p1b: Pelipper\n|-damage|p1b: Pelipper|56/100\n|move|p1b: Pelipper|Tailwind||[still]\n|-fail|p1b: Pelipper\n|move|p2b: Floette|Moonblast|p1b: Pelipper\n|-damage|p1b: Pelipper|0 fnt\n|faint|p1b: Pelipper\n|\n|win|sdlt 2krl coolguy\n|raw|rain god love's rating: 1151 &rarr; <strong>1133</strong><br />(-18 for losing)\n|raw|sdlt 2krl coolguy's rating: 1251 &rarr; <strong>1269</strong><br />(+18 for winning)\n",
  "uploadtime": 1776633483,
  "views": 10,
  "formatid": "gen9championsvgc2026regma",
  "rating": 1133,
  "private": 0,
  "password": null
}