{
  "id": "gen9championsvgc2026regma-2583119160",
  "format": "[Gen 9 Champions] VGC 2026 Reg M-A",
  "players": [
    "noncompy",
    "Star7700"
  ],
  "log": "|j|\u2606noncompy\n|j|\u2606Star7700\n|t:|1776144264\n|gametype|doubles\n|player|p1|noncompy|ninjaboy|1045\n|player|p2|Star7700|102|1087\n|gen|9\n|tier|[Gen 9 Champions] VGC 2026 Reg M-A\n|rated|\n|rule|Species Clause: Limit one of each Pok\u00e9mon\n|rule|Item Clause: Limit 1 of each item\n|clearpoke\n|poke|p1|Tinkaton, L50, F|\n|poke|p1|Mr. Rime, L50, M|\n|poke|p1|Tsareena, L50, F|\n|poke|p1|Mudsdale, L50, F|\n|poke|p1|Drampa, L50, F|\n|poke|p1|Feraligatr, L50, F|\n|poke|p2|Aerodactyl, L50, M|\n|poke|p2|Tyranitar, L50, M|\n|poke|p2|Excadrill, L50, M|\n|poke|p2|Rotom-Wash, L50|\n|poke|p2|Sinistcha, L50|\n|poke|p2|Incineroar, L50, F|\n|teampreview|4\n|\n|t:|1776144323\n|teamsize|p1|4\n|teamsize|p2|4\n|start\n|switch|p1a: Mr. Rime|Mr. Rime, L50, M|100/100\n|switch|p1b: Tinkaton|Tinkaton, L50, F|100/100\n|switch|p2a: Aerodactyl|Aerodactyl, L50, M|100/100\n|switch|p2b: Tyranitar|Tyranitar, L50, M|100/100\n|-weather|Sandstorm|[from] ability: Sand Stream|[of] p2b: Tyranitar\n|turn|1\n|\n|t:|1776144350\n|detailschange|p2a: Aerodactyl|Aerodactyl-Mega, L50, M\n|-mega|p2a: Aerodactyl|Aerodactyl|Aerodactylite\n|move|p1b: Tinkaton|Fake Out|p2b: Tyranitar\n|-resisted|p2b: Tyranitar|1\n|-damage|p2b: Tyranitar|96/100\n|move|p2a: Aerodactyl|Rock Slide|p1b: Tinkaton|[spread] p1a,p1b\n|-supereffective|p1a: Mr. Rime|1\n|-resisted|p1b: Tinkaton|1\n|-damage|p1a: Mr. Rime|23/100\n|-damage|p1b: Tinkaton|84/100\n|cant|p2b: Tyranitar|flinch\n|move|p1a: Mr. Rime|Trick Room|p1a: Mr. Rime\n|-fieldstart|move: Trick Room|[of] p1a: Mr. Rime\n|\n|-weather|Sandstorm|[upkeep]\n|-damage|p1a: Mr. Rime|17/100|[from] Sandstorm\n|-heal|p1b: Tinkaton|90/100|[from] item: Leftovers\n|upkeep\n|turn|2\n|\n|t:|1776144384\n|switch|p1b: Feraligatr|Feraligatr, L50, F|100/100\n|switch|p2b: Incineroar|Incineroar, L50, F|100/100\n|-ability|p2b: Incineroar|Intimidate|boost\n|-unboost|p1a: Mr. Rime|atk|1\n|-unboost|p1b: Feraligatr|atk|1\n|move|p1a: Mr. Rime|Ice Beam|p2a: Aerodactyl\n|-supereffective|p2a: Aerodactyl|1\n|-damage|p2a: Aerodactyl|29/100\n|move|p2a: Aerodactyl|Rock Slide|p1b: Feraligatr|[spread] p1a,p1b\n|-supereffective|p1a: Mr. Rime|1\n|-damage|p1a: Mr. Rime|0 fnt\n|-damage|p1b: Feraligatr|75/100\n|faint|p1a: Mr. Rime\n|\n|-weather|Sandstorm|[upkeep]\n|-damage|p1b: Feraligatr|69/100|[from] Sandstorm\n|-damage|p2b: Incineroar|95/100|[from] Sandstorm\n|-heal|p2b: Incineroar|100/100|[from] item: Leftovers\n|upkeep\n|\n|t:|1776144415\n|switch|p1a: Drampa|Drampa, L50, F|100/100\n|-ability|p1a: Drampa|Cloud Nine\n|turn|3\n|\n|t:|1776144437\n|switch|p2a: Rotom|Rotom-Wash, L50|100/100\n|detailschange|p1b: Feraligatr|Feraligatr-Mega, L50, F\n|-mega|p1b: Feraligatr|Feraligatr|Feraligite\n|move|p2b: Incineroar|Fake Out|p1b: Feraligatr\n|-damage|p1b: Feraligatr|62/100\n|move|p1a: Drampa|Hydro Pump|p2b: Incineroar\n|-supereffective|p2b: Incineroar|1\n|-damage|p2b: Incineroar|33/100\n|cant|p1b: Feraligatr|flinch\n|\n|-weather|Sandstorm|[upkeep]\n|-heal|p2b: Incineroar|39/100|[from] item: Leftovers\n|upkeep\n|turn|4\n|\n|t:|1776144479\n|move|p2a: Rotom|Protect|p2a: Rotom\n|-singleturn|p2a: Rotom|Protect\n|move|p1a: Drampa|Hydro Pump|p2b: Incineroar\n|-supereffective|p2b: Incineroar|1\n|-damage|p2b: Incineroar|0 fnt\n|faint|p2b: Incineroar\n|move|p1b: Feraligatr|Thrash|p2a: Rotom\n|-activate|p2a: Rotom|move: Protect\n|\n|-weather|Sandstorm|[upkeep]\n|upkeep\n|\n|t:|1776144493\n|switch|p2b: Tyranitar|Tyranitar, L50, M|96/100\n|turn|5\n|\n|t:|1776144520\n|move|p1a: Drampa|Hydro Pump|p2b: Tyranitar\n|-supereffective|p2b: Tyranitar|1\n|-damage|p2b: Tyranitar|6/100\n|move|p1b: Feraligatr|Thrash|p2b: Tyranitar\n|-damage|p2b: Tyranitar|0 fnt\n|faint|p2b: Tyranitar\n|move|p2a: Rotom|Discharge|p1a: Drampa|[spread] p1a,p1b\n|-resisted|p1a: Drampa|1\n|-damage|p1a: Drampa|81/100\n|-damage|p1b: Feraligatr|28/100\n|\n|-weather|none\n|-fieldend|move: Trick Room\n|upkeep\n|\n|t:|1776144533\n|switch|p2b: Aerodactyl|Aerodactyl-Mega, L50, M|29/100\n|turn|6\n|\n|t:|1776144548\n|move|p2b: Aerodactyl|Protect|p2b: Aerodactyl\n|-singleturn|p2b: Aerodactyl|Protect\n|move|p2a: Rotom|Protect|p2a: Rotom\n|-singleturn|p2a: Rotom|Protect\n|move|p1b: Feraligatr|Thrash|p2a: Rotom|[from] lockedmove\n|-activate|p2a: Rotom|move: Protect\n|-start|p1b: Feraligatr|confusion|[fatigue]\n|move|p1a: Drampa|Thunder|p2b: Aerodactyl\n|-activate|p2b: Aerodactyl|move: Protect\n|\n|upkeep\n|turn|7\n|\n|t:|1776144572\n|-activate|p1b: Feraligatr|confusion\n|move|p1b: Feraligatr|Protect|p1b: Feraligatr\n|-singleturn|p1b: Feraligatr|Protect\n|move|p2b: Aerodactyl|Rock Slide|p1a: Drampa|[spread] p1a\n|-activate|p1b: Feraligatr|move: Protect\n|-damage|p1a: Drampa|49/100\n|move|p2a: Rotom|Thunderbolt|p1a: Drampa\n|-resisted|p1a: Drampa|1\n|-damage|p1a: Drampa|19/100\n|move|p1a: Drampa|Thunder|p2b: Aerodactyl|[miss]\n|-miss|p1a: Drampa|p2b: Aerodactyl\n|\n|upkeep\n|turn|8\n|\n|t:|1776144614\n|switch|p1b: Tinkaton|Tinkaton, L50, F|90/100\n|move|p2b: Aerodactyl|Rock Slide|p1a: Drampa|[spread] p1a,p1b\n|-resisted|p1b: Tinkaton|1\n|-damage|p1a: Drampa|0 fnt\n|-damage|p1b: Tinkaton|74/100\n|faint|p1a: Drampa\n|move|p2a: Rotom|Thunderbolt|p1b: Tinkaton\n|-damage|p1b: Tinkaton|23/100\n|-status|p1b: Tinkaton|par\n|\n|-heal|p1b: Tinkaton|29/100 par|[from] item: Leftovers\n|upkeep\n|\n|t:|1776144628\n|switch|p1a: Feraligatr|Feraligatr-Mega, L50, F|28/100\n|turn|9\n|\n|t:|1776144644\n|move|p2b: Aerodactyl|Protect|p2b: Aerodactyl\n|-singleturn|p2b: Aerodactyl|Protect\n|move|p2a: Rotom|Protect|p2a: Rotom\n|-singleturn|p2a: Rotom|Protect\n|move|p1b: Tinkaton|Fake Out|p2b: Aerodactyl\n|-activate|p2b: Aerodactyl|move: Protect\n|move|p1a: Feraligatr|Thrash|p2a: Rotom\n|-activate|p2a: Rotom|move: Protect\n|\n|-heal|p1b: Tinkaton|35/100 par|[from] item: Leftovers\n|upkeep\n|turn|10\n|\n|t:|1776144672\n|move|p2b: Aerodactyl|Rock Slide|p1b: Tinkaton|[spread] p1a,p1b\n|-resisted|p1b: Tinkaton|1\n|-damage|p1a: Feraligatr|8/100\n|-damage|p1b: Tinkaton|20/100 par\n|move|p2a: Rotom|Thunderbolt|p1b: Tinkaton\n|-damage|p1b: Tinkaton|0 fnt\n|faint|p1b: Tinkaton\n|cant|p1a: Feraligatr|flinch\n|\n|upkeep\n|turn|11\n|\n|t:|1776144684\n|move|p2b: Aerodactyl|Rock Slide|p1a: Feraligatr\n|-damage|p1a: Feraligatr|0 fnt\n|faint|p1a: Feraligatr\n|\n|win|Star7700\n|raw|noncompy's rating: 1045 &rarr; <strong>1030</strong><br />(-15 for losing)\n|raw|Star7700's rating: 1087 &rarr; <strong>1111</strong><br />(+24 for winning)\n|c|\u2606noncompy|Gg!\n",
  "uploadtime": 1776144691,
  "views": 24,
  "formatid": "gen9championsvgc2026regma",
  "rating": 1030,
  "private": 0,
  "password": null
}