{
  "id": "gen9championsvgc2026regma-2585963972",
  "format": "[Gen 9 Champions] VGC 2026 Reg M-A",
  "players": [
    "veryniceperson3",
    "colfox"
  ],
  "log": "|j|\u2606veryniceperson3\n|j|\u203dcolfox\n|t:|1776385629\n|gametype|doubles\n|player|p1|veryniceperson3|cynthia-gen4|1166\n|player|p2|colfox|1|1246\n|gen|9\n|tier|[Gen 9 Champions] VGC 2026 Reg M-A\n|rated|\n|rule|Species Clause: Limit one of each Pok\u00e9mon\n|rule|Item Clause: Limit 1 of each item\n|clearpoke\n|poke|p1|Froslass, L50, F|\n|poke|p1|Kingambit, L50, F|\n|poke|p1|Incineroar, L50, F|\n|poke|p1|Maushold-Four, L50|\n|poke|p1|Garchomp, L50, M|\n|poke|p1|Rotom-Wash, L50|\n|poke|p2|Tyranitar, L50, M|\n|poke|p2|Excadrill, L50, F|\n|poke|p2|Dragapult, L50, M|\n|poke|p2|Milotic, L50, F|\n|poke|p2|Raichu, L50, M|\n|poke|p2|Scizor, L50, M|\n|teampreview|4\n|\n|t:|1776385658\n|teamsize|p1|4\n|teamsize|p2|4\n|start\n|switch|p1a: Maushold|Maushold-Four, L50|100/100\n|switch|p1b: Froslass|Froslass, L50, F|100/100\n|switch|p2a: Milotic|Milotic, L50, F|100/100\n|switch|p2b: Raichu|Raichu, L50, M|100/100\n|turn|1\n|\n|t:|1776385673\n|detailschange|p1b: Froslass|Froslass-Mega, L50, F\n|-mega|p1b: Froslass|Froslass|Froslassite\n|-weather|Snowscape|[from] ability: Snow Warning|[of] p1b: Froslass\n|move|p2b: Raichu|Fake Out|p1a: Maushold\n|-damage|p1a: Maushold|91/100\n|cant|p1a: Maushold|flinch\n|move|p1b: Froslass|Aurora Veil|p1b: Froslass\n|-sidestart|p1: veryniceperson3|move: Aurora Veil\n|move|p2a: Milotic|Scald|p1b: Froslass\n|-damage|p1b: Froslass|84/100\n|-status|p1b: Froslass|brn\n|\n|-weather|Snowscape|[upkeep]\n|-damage|p1b: Froslass|77/100 brn|[from] brn\n|upkeep\n|turn|2\n|\n|t:|1776385701\n|switch|p2b: Excadrill|Excadrill, L50, F|100/100\n|switch|p2a: Tyranitar|Tyranitar, L50, M|100/100\n|-weather|Sandstorm|[from] ability: Sand Stream|[of] p2a: Tyranitar\n|move|p1a: Maushold|Follow Me|p1a: Maushold\n|-singleturn|p1a: Maushold|move: Follow Me\n|move|p1b: Froslass|Aurora Veil||[still]\n|-fail|p1b: Froslass\n|\n|-weather|Sandstorm|[upkeep]\n|-damage|p1a: Maushold|84/100|[from] Sandstorm\n|-damage|p1b: Froslass|71/100 brn|[from] Sandstorm\n|-damage|p1b: Froslass|65/100 brn|[from] brn\n|upkeep\n|turn|3\n|\n|t:|1776385729\n|switch|p1b: Rotom|Rotom-Wash, L50|100/100\n|move|p2b: Excadrill|Rock Slide|p1b: Rotom|[spread] p1a,p1b\n|-damage|p1a: Maushold|67/100\n|-damage|p1b: Rotom|91/100\n|move|p1a: Maushold|Super Fang|p2b: Excadrill\n|-damage|p2b: Excadrill|51/100\n|move|p2a: Tyranitar|Rock Slide|p1b: Rotom|[spread] p1b\n|-miss|p2a: Tyranitar|p1a: Maushold\n|-damage|p1b: Rotom|76/100\n|\n|-weather|Sandstorm|[upkeep]\n|-damage|p1a: Maushold|61/100|[from] Sandstorm\n|-damage|p1b: Rotom|70/100|[from] Sandstorm\n|-heal|p1b: Rotom|76/100|[from] item: Leftovers\n|upkeep\n|turn|4\n|\n|t:|1776385751\n|move|p2b: Excadrill|Protect|p2b: Excadrill\n|-singleturn|p2b: Excadrill|Protect\n|move|p1a: Maushold|Super Fang|p2a: Tyranitar|[miss]\n|-miss|p1a: Maushold|p2a: Tyranitar\n|move|p1b: Rotom|Hydro Pump|p2a: Tyranitar\n|-supereffective|p2a: Tyranitar|1\n|-damage|p2a: Tyranitar|54/100\n|move|p2a: Tyranitar|Knock Off|p1b: Rotom\n|-damage|p1b: Rotom|48/100\n|-enditem|p1b: Rotom|Leftovers|[from] move: Knock Off|[of] p2a: Tyranitar\n|\n|-weather|Sandstorm|[upkeep]\n|-damage|p1a: Maushold|55/100|[from] Sandstorm\n|-damage|p1b: Rotom|42/100|[from] Sandstorm\n|upkeep\n|turn|5\n|\n|t:|1776385774\n|move|p2b: Excadrill|Iron Head|p1b: Rotom\n|-resisted|p1b: Rotom|2\n|-damage|p1b: Rotom|38/100\n|move|p1a: Maushold|Super Fang|p2b: Excadrill\n|-damage|p2b: Excadrill|26/100\n|move|p1b: Rotom|Will-O-Wisp|p2a: Tyranitar\n|-status|p2a: Tyranitar|brn\n|move|p2a: Tyranitar|Rock Slide|p1a: Maushold|[spread] p1a,p1b\n|-damage|p1a: Maushold|41/100\n|-damage|p1b: Rotom|30/100\n|\n|-weather|Sandstorm|[upkeep]\n|-damage|p1a: Maushold|35/100|[from] Sandstorm\n|-damage|p1b: Rotom|24/100|[from] Sandstorm\n|-damage|p2a: Tyranitar|48/100 brn|[from] brn\n|-sideend|p1: veryniceperson3|move: Aurora Veil\n|upkeep\n|turn|6\n|\n|t:|1776385807\n|switch|p1a: Garchomp|Garchomp, L50, M|100/100\n|move|p1b: Rotom|Protect|p1b: Rotom\n|-singleturn|p1b: Rotom|Protect\n|move|p2b: Excadrill|Rock Slide|p1a: Garchomp|[spread] p1a\n|-activate|p1b: Rotom|move: Protect\n|-resisted|p1a: Garchomp|1\n|-damage|p1a: Garchomp|90/100\n|move|p2a: Tyranitar|Rock Slide|p1a: Garchomp|[spread] p1a\n|-activate|p1b: Rotom|move: Protect\n|-resisted|p1a: Garchomp|1\n|-damage|p1a: Garchomp|83/100\n|\n|-weather|none\n|-damage|p2a: Tyranitar|43/100 brn|[from] brn\n|upkeep\n|turn|7\n|\n|t:|1776385859\n|detailschange|p2a: Tyranitar|Tyranitar-Mega, L50, M\n|-mega|p2a: Tyranitar|Tyranitar|Tyranitarite\n|-weather|Sandstorm|[from] ability: Sand Stream|[of] p2a: Tyranitar\n|move|p2b: Excadrill|High Horsepower|p1a: Garchomp\n|-damage|p1a: Garchomp|35/100\n|-damage|p2b: Excadrill|13/100|[from] ability: Rough Skin|[of] p1a: Garchomp\n|move|p1a: Garchomp|Earthquake|p2b: Excadrill|[spread] p2a,p2b\n|-immune|p1b: Rotom|[from] ability: Levitate\n|-supereffective|p2a: Tyranitar|1\n|-supereffective|p2b: Excadrill|1\n|-enditem|p2b: Excadrill|Shuca Berry|[eat]\n|-enditem|p2b: Excadrill|Shuca Berry|[weaken]\n|-damage|p2a: Tyranitar|0 fnt\n|-damage|p2b: Excadrill|0 fnt\n|faint|p2a: Tyranitar\n|faint|p2b: Excadrill\n|move|p1b: Rotom|Will-O-Wisp|p2: Tyranitar|[notarget]\n|-fail|p1b: Rotom\n|\n|-weather|Sandstorm|[upkeep]\n|-damage|p1b: Rotom|18/100|[from] Sandstorm\n|upkeep\n|\n|t:|1776385879\n|switch|p2b: Raichu|Raichu, L50, M|100/100\n|switch|p2a: Milotic|Milotic, L50, F|100/100\n|turn|8\n|\n|t:|1776385891\n|move|p2b: Raichu|Fake Out|p1a: Garchomp\n|-damage|p1a: Garchomp|26/100\n|-damage|p2b: Raichu|89/100|[from] ability: Rough Skin|[of] p1a: Garchomp\n|cant|p1a: Garchomp|flinch\n|move|p1b: Rotom|Thunderbolt|p2b: Raichu\n|-activate|p2b: Raichu|ability: Lightning Rod\n|-ability|p2b: Raichu|Lightning Rod|boost\n|-boost|p2b: Raichu|spa|1\n|move|p2a: Milotic|Icy Wind|p1b: Rotom|[spread] p1b\n|-miss|p2a: Milotic|p1a: Garchomp\n|-resisted|p1b: Rotom|1\n|-damage|p1b: Rotom|11/100\n|-unboost|p1b: Rotom|spe|1\n|\n|-weather|Sandstorm|[upkeep]\n|-damage|p2b: Raichu|83/100|[from] Sandstorm\n|-damage|p2a: Milotic|95/100|[from] Sandstorm\n|-damage|p1b: Rotom|5/100|[from] Sandstorm\n|upkeep\n|turn|9\n|c|\u2606veryniceperson3|i swear i clicked milotic..\n|\n|t:|1776385921\n|move|p2b: Raichu|Protect|p2b: Raichu\n|-singleturn|p2b: Raichu|Protect\n|move|p1a: Garchomp|Earthquake|p2a: Milotic|[spread] p2a\n|-activate|p2b: Raichu|move: Protect\n|-immune|p1b: Rotom|[from] ability: Levitate\n|-damage|p2a: Milotic|50/100\n|move|p2a: Milotic|Icy Wind|p1b: Rotom|[spread] p1a,p1b\n|-supereffective|p1a: Garchomp|2\n|-resisted|p1b: Rotom|1\n|-damage|p1a: Garchomp|0 fnt\n|-damage|p1b: Rotom|0 fnt\n|faint|p1a: Garchomp\n|faint|p1b: Rotom\n|\n|-weather|Sandstorm|[upkeep]\n|-damage|p2b: Raichu|77/100|[from] Sandstorm\n|-damage|p2a: Milotic|44/100|[from] Sandstorm\n|upkeep\n|\n|t:|1776385935\n|switch|p1a: Froslass|Froslass-Mega, L50, F|65/100 brn\n|switch|p1b: Maushold|Maushold-Four, L50|35/100\n|-weather|Snowscape|[from] ability: Snow Warning|[of] p1a: Froslass\n|turn|10\n|\n|t:|1776385951\n|move|p1b: Maushold|Super Fang|p2b: Raichu\n|-damage|p2b: Raichu|39/100\n|move|p2b: Raichu|Thunderbolt|p1a: Froslass\n|-damage|p1a: Froslass|19/100 brn\n|move|p1a: Froslass|Blizzard|p2a: Milotic|[spread] p2a,p2b\n|-resisted|p2a: Milotic|1\n|-damage|p2a: Milotic|31/100\n|-damage|p2b: Raichu|0 fnt\n|faint|p2b: Raichu\n|move|p2a: Milotic|Scald|p1a: Froslass\n|-damage|p1a: Froslass|0 fnt\n|faint|p1a: Froslass\n|\n|-weather|Snowscape|[upkeep]\n|upkeep\n|turn|11\n|\n|t:|1776385972\n|move|p1b: Maushold|Super Fang|p2a: Milotic\n|-damage|p2a: Milotic|16/100\n|move|p2a: Milotic|Scald|p1b: Maushold\n|-damage|p1b: Maushold|0 fnt\n|faint|p1b: Maushold\n|\n|win|colfox\n|raw|veryniceperson3's rating: 1166 &rarr; <strong>1147</strong><br />(-19 for losing)\n|raw|colfox's rating: 1246 &rarr; <strong>1265</strong><br />(+19 for winning)\n",
  "uploadtime": 1776385980,
  "views": 30,
  "formatid": "gen9championsvgc2026regma",
  "rating": 1147,
  "private": 0,
  "password": null
}