{
  "id": "gen9championsvgc2026regma-2586501784",
  "format": "[Gen 9 Champions] VGC 2026 Reg M-A",
  "players": [
    "bluejayx2",
    "MrGreenHoodie"
  ],
  "log": "|j|\u203dbluejayx2\n|j|\u2606MrGreenHoodie\n|t:|1776439060\n|gametype|doubles\n|player|p1|bluejayx2|marley|1077\n|player|p2|MrGreenHoodie|unknown|1057\n|gen|9\n|tier|[Gen 9 Champions] VGC 2026 Reg M-A\n|rated|\n|rule|Species Clause: Limit one of each Pok\u00e9mon\n|rule|Item Clause: Limit 1 of each item\n|clearpoke\n|poke|p1|Pinsir, L50, F|\n|poke|p1|Clefable, L50, F|\n|poke|p1|Absol, L50, F|\n|poke|p1|Charizard, L50, F|\n|poke|p1|Politoed, L50, M|\n|poke|p1|Sableye, L50, F|\n|poke|p2|Aggron, L50, F|\n|poke|p2|Sneasler, L50, M|\n|poke|p2|Garchomp, L50, M|\n|poke|p2|Rotom-Heat, L50|\n|poke|p2|Pelipper, L50, F|\n|poke|p2|Sinistcha, L50|\n|teampreview|4\n|inactive|Battle timer is ON: inactive players will automatically lose when time's up. (requested by bluejayx2)\n|\n|t:|1776439087\n|teamsize|p1|4\n|teamsize|p2|4\n|start\n|switch|p1a: Sableye|Sableye, L50, F, shiny|100/100\n|switch|p1b: Clefable|Clefable, L50, F, shiny|100/100\n|switch|p2a: Aggron|Aggron, L50, F|100/100\n|switch|p2b: Sneasler|Sneasler, L50, M|100/100\n|turn|1\n|c|\u2606MrGreenHoodie|glhf\n|\n|t:|1776439102\n|detailschange|p2a: Aggron|Aggron-Mega, L50, F\n|-mega|p2a: Aggron|Aggron|Aggronite\n|move|p1b: Clefable|Protect|p1b: Clefable\n|-singleturn|p1b: Clefable|Protect\n|move|p1a: Sableye|Fake Out|p2a: Aggron\n|-resisted|p2a: Aggron|1\n|-damage|p2a: Aggron|99/100\n|move|p2b: Sneasler|Coaching|p2a: Aggron\n|-boost|p2a: Aggron|atk|1\n|-boost|p2a: Aggron|def|1\n|cant|p2a: Aggron|flinch\n|\n|upkeep\n|turn|2\n|\n|t:|1776439127\n|move|p1a: Sableye|Encore|p2b: Sneasler\n|-start|p2b: Sneasler|Encore\n|move|p2b: Sneasler|Coaching|p2a: Aggron\n|-boost|p2a: Aggron|atk|1\n|-boost|p2a: Aggron|def|1\n|move|p1b: Clefable|Moonblast|p2b: Sneasler\n|-damage|p2b: Sneasler|58/100\n|-unboost|p2b: Sneasler|spa|1\n|-enditem|p2b: Sneasler|White Herb\n|-clearnegativeboost|p2b: Sneasler|[silent]\n|move|p2a: Aggron|Body Press|p1b: Clefable\n|-resisted|p1b: Clefable|1\n|-damage|p1b: Clefable|82/100\n|\n|upkeep\n|turn|3\n|\n|t:|1776439145\n|move|p1a: Sableye|Encore|p2a: Aggron\n|-start|p2a: Aggron|Encore\n|move|p2b: Sneasler|Coaching|p2a: Aggron\n|-boost|p2a: Aggron|atk|1\n|-boost|p2a: Aggron|def|1\n|move|p1b: Clefable|Moonblast|p2b: Sneasler\n|-damage|p2b: Sneasler|14/100\n|move|p2a: Aggron|Body Press|p1a: Sableye\n|-immune|p1a: Sableye\n|\n|upkeep\n|turn|4\n|\n|t:|1776439168\n|move|p2b: Sneasler|Coaching|p2a: Aggron\n|-boost|p2a: Aggron|atk|1\n|-boost|p2a: Aggron|def|1\n|move|p1b: Clefable|Moonblast|p2b: Sneasler\n|-damage|p2b: Sneasler|0 fnt\n|faint|p2b: Sneasler\n|move|p2a: Aggron|Body Press|p1b: Clefable\n|-resisted|p1b: Clefable|1\n|-damage|p1b: Clefable|65/100\n|move|p1a: Sableye|Foul Play|p2a: Aggron\n|-damage|p2a: Aggron|77/100\n|\n|upkeep\n|\n|t:|1776439178\n|switch|p2b: Rotom|Rotom-Heat, L50|100/100\n|turn|5\n|\n|t:|1776439189\n|move|p1b: Clefable|Helping Hand|p1a: Sableye\n|-singleturn|p1a: Sableye|Helping Hand|[of] p1b: Clefable\n|move|p2b: Rotom|Electroweb|p1a: Sableye|[spread] p1a,p1b\n|-damage|p1a: Sableye|81/100\n|-damage|p1b: Clefable|50/100\n|-unboost|p1a: Sableye|spe|1\n|-unboost|p1b: Clefable|spe|1\n|move|p2a: Aggron|Body Press|p1b: Clefable|[miss]\n|-miss|p2a: Aggron|p1b: Clefable\n|move|p1a: Sableye|Foul Play|p2a: Aggron\n|-damage|p2a: Aggron|44/100\n|\n|-end|p2a: Aggron|Encore\n|upkeep\n|turn|6\n|\n|t:|1776439209\n|move|p1b: Clefable|Protect|p1b: Clefable\n|-singleturn|p1b: Clefable|Protect\n|move|p1a: Sableye|Encore|p2a: Aggron\n|-start|p2a: Aggron|Encore\n|move|p2b: Rotom|Electroweb|p1a: Sableye|[spread] p1a\n|-activate|p1b: Clefable|move: Protect\n|-damage|p1a: Sableye|62/100\n|-unboost|p1a: Sableye|spe|1\n|move|p2a: Aggron|Body Press|p1a: Sableye\n|-immune|p1a: Sableye\n|\n|upkeep\n|turn|7\n|-message|MrGreenHoodie forfeited.\n|\n|win|bluejayx2\n|raw|bluejayx2's rating: 1077 &rarr; <strong>1104</strong><br />(+27 for winning)\n|raw|MrGreenHoodie's rating: 1057 &rarr; <strong>1040</strong><br />(-17 for losing)\n|l|\u2606MrGreenHoodie\n|player|p2|\n",
  "uploadtime": 1776439231,
  "views": 23,
  "formatid": "gen9championsvgc2026regma",
  "rating": 1040,
  "private": 0,
  "password": null
}