{
  "id": "gen9championsvgc2026regma-2581340195",
  "format": "[Gen 9 Champions] VGC 2026 Reg M-A",
  "players": [
    "debouls",
    "splvne"
  ],
  "log": "|j|\u2606debouls\n|j|\u2606splvne\n|t:|1775988909\n|gametype|doubles\n|player|p1|debouls|2|1163\n|player|p2|splvne|skierf|1069\n|gen|9\n|tier|[Gen 9 Champions] VGC 2026 Reg M-A\n|rated|\n|rule|Species Clause: Limit one of each Pok\u00e9mon\n|rule|Item Clause: Limit 1 of each item\n|clearpoke\n|poke|p1|Starmie, L50|\n|poke|p1|Sneasler, L50, M|\n|poke|p1|Sinistcha, L50|\n|poke|p1|Kingambit, L50, M|\n|poke|p1|Dragonite, L50, F|\n|poke|p1|Pelipper, L50, M|\n|poke|p2|Zoroark-Hisui, L50, M|\n|poke|p2|Aggron, L50, M|\n|poke|p2|Chandelure, L50, F|\n|poke|p2|Incineroar, L50, F|\n|poke|p2|Conkeldurr, L50, F|\n|poke|p2|Tyrantrum, L50, M|\n|teampreview|4\n|j| ryan5374\n|inactive|Battle timer is ON: inactive players will automatically lose when time's up. (requested by splvne)\n|\n|t:|1775988971\n|teamsize|p1|4\n|teamsize|p2|4\n|start\n|switch|p1a: Sneasler|Sneasler, L50, M|100/100\n|switch|p1b: Kingambit|Kingambit, L50, M|100/100\n|switch|p2a: Aggron|Aggron, L50, M, shiny|100/100\n|switch|p2b: Chandelure|Chandelure, L50, F|100/100\n|turn|1\n|\n|t:|1775988996\n|move|p1a: Sneasler|Close Combat|p2a: Aggron\n|-immune|p2a: Aggron\n|move|p2a: Aggron|Bitter Malice|p1a: Sneasler\n|-damage|p1a: Sneasler|49/100\n|-unboost|p1a: Sneasler|atk|1\n|move|p2b: Chandelure|Heat Wave|p1a: Sneasler|[spread] p1a\n|-miss|p2b: Chandelure|p1b: Kingambit\n|-damage|p1a: Sneasler|0 fnt\n|faint|p1a: Sneasler\n|move|p1b: Kingambit|Kowtow Cleave|p2b: Chandelure\n|-supereffective|p2b: Chandelure|1\n|-enditem|p2b: Chandelure|Focus Sash\n|-damage|p2b: Chandelure|1/100\n|\n|upkeep\n|c|\u2606splvne|ofc bro\n|\n|t:|1775989014\n|switch|p1a: Pelipper|Pelipper, L50, M|100/100\n|-weather|RainDance|[from] ability: Drizzle|[of] p1a: Pelipper\n|turn|2\n|\n|t:|1775989033\n|move|p2b: Chandelure|Protect|p2b: Chandelure\n|-singleturn|p2b: Chandelure|Protect\n|move|p1b: Kingambit|Sucker Punch|p2a: Aggron\n|-supereffective|p2a: Aggron|1\n|-enditem|p2a: Aggron|Colbur Berry|[eat]\n|-enditem|p2a: Aggron|Colbur Berry|[weaken]\n|-damage|p2a: Aggron|22/100\n|replace|p2a: Zoroark|Zoroark-Hisui, L50, M, shiny\n|-end|p2a: Zoroark|Illusion\n|move|p1a: Pelipper|Muddy Water|p2b: Chandelure|[spread] p2a\n|-activate|p2b: Chandelure|move: Protect\n|-damage|p2a: Zoroark|0 fnt\n|faint|p2a: Zoroark\n|\n|-weather|RainDance|[upkeep]\n|upkeep\n|\n|t:|1775989047\n|switch|p2a: Conkeldurr|Conkeldurr, L50, F, shiny|100/100\n|turn|3\n|\n|t:|1775989058\n|switch|p2b: Aggron|Aggron, L50, M, shiny|100/100\n|move|p1b: Kingambit|Protect|p1b: Kingambit\n|-singleturn|p1b: Kingambit|Protect\n|move|p1a: Pelipper|Muddy Water|p2b: Aggron|[spread] p2a,p2b\n|-supereffective|p2b: Aggron|1\n|-damage|p2a: Conkeldurr|48/100\n|-damage|p2b: Aggron|9/100\n|move|p2a: Conkeldurr|Thunder Punch|p1a: Pelipper\n|-supereffective|p1a: Pelipper|2\n|-damage|p1a: Pelipper|0 fnt\n|faint|p1a: Pelipper\n|\n|-weather|RainDance|[upkeep]\n|upkeep\n|\n|t:|1775989070\n|switch|p1a: Sinistcha|Sinistcha, L50|100/100\n|turn|4\n|\n|t:|1775989085\n|detailschange|p2b: Aggron|Aggron-Mega, L50, M, shiny\n|-mega|p2b: Aggron|Aggron|Aggronite\n|move|p1a: Sinistcha|Rage Powder|p1a: Sinistcha\n|-singleturn|p1a: Sinistcha|move: Rage Powder\n|move|p2a: Conkeldurr|Mach Punch|p1a: Sinistcha\n|-immune|p1a: Sinistcha\n|move|p1b: Kingambit|Kowtow Cleave|p2b: Aggron\n|-damage|p2b: Aggron|0 fnt\n|faint|p2b: Aggron\n|\n|-weather|RainDance|[upkeep]\n|upkeep\n|\n|t:|1775989092\n|switch|p2b: Chandelure|Chandelure, L50, F|1/100\n|turn|5\n|l| ryan5374\n|\n|t:|1775989105\n|move|p2b: Chandelure|Protect|p2b: Chandelure\n|-singleturn|p2b: Chandelure|Protect\n|move|p2a: Conkeldurr|Protect|p2a: Conkeldurr\n|-singleturn|p2a: Conkeldurr|Protect\n|move|p1b: Kingambit|Sucker Punch||[still]\n|-fail|p1b: Kingambit\n|move|p1a: Sinistcha|Matcha Gotcha|p2a: Conkeldurr|[spread] \n|-activate|p2a: Conkeldurr|move: Protect\n|-activate|p2b: Chandelure|move: Protect\n|\n|-weather|RainDance|[upkeep]\n|upkeep\n|turn|6\n|\n|t:|1775989125\n|move|p1b: Kingambit|Sucker Punch|p2b: Chandelure\n|-supereffective|p2b: Chandelure|1\n|-damage|p2b: Chandelure|0 fnt\n|faint|p2b: Chandelure\n|move|p1a: Sinistcha|Matcha Gotcha|p2a: Conkeldurr\n|-damage|p2a: Conkeldurr|10/100\n|-status|p2a: Conkeldurr|brn\n|move|p2a: Conkeldurr|Drain Punch|p1b: Kingambit\n|-supereffective|p1b: Kingambit|2\n|-enditem|p1b: Kingambit|Chople Berry|[eat]\n|-enditem|p1b: Kingambit|Chople Berry|[weaken]\n|-damage|p1b: Kingambit|54/100\n|-heal|p2a: Conkeldurr|33/100 brn|[from] drain|[of] p1b: Kingambit\n|\n|-weather|none\n|-damage|p2a: Conkeldurr|27/100 brn|[from] brn\n|upkeep\n|turn|7\n|c|\u2606splvne|thats crazy\n|-message|splvne forfeited.\n|\n|win|debouls\n|raw|debouls's rating: 1163 &rarr; <strong>1181</strong><br />(+18 for winning)\n|raw|splvne's rating: 1069 &rarr; <strong>1054</strong><br />(-15 for losing)\n|l|\u2606splvne\n|player|p2|\n",
  "uploadtime": 1775989148,
  "views": 16,
  "formatid": "gen9championsvgc2026regma",
  "rating": 1054,
  "private": 0,
  "password": null
}