{
  "id": "gen9championsvgc2026regma-2585504110",
  "format": "[Gen 9 Champions] VGC 2026 Reg M-A",
  "players": [
    "eloang",
    "rajyesh1"
  ],
  "log": "|j|\u2606eloang\n|j|\u2606rajyesh1\n|t:|1776351973\n|gametype|doubles\n|player|p1|eloang|266|1295\n|player|p2|rajyesh1|unknown|1240\n|gen|9\n|tier|[Gen 9 Champions] VGC 2026 Reg M-A\n|rated|\n|rule|Species Clause: Limit one of each Pok\u00e9mon\n|rule|Item Clause: Limit 1 of each item\n|clearpoke\n|poke|p1|Floette-Eternal, L50, F|\n|poke|p1|Volcarona, L50, M|\n|poke|p1|Torkoal, L50, F|\n|poke|p1|Maushold-Four, L50|\n|poke|p1|Slowbro, L50, F|\n|poke|p1|Sinistcha, L50|\n|poke|p2|Charizard, L50, M|\n|poke|p2|Venusaur, L50, F|\n|poke|p2|Garchomp, L50, M|\n|poke|p2|Rotom-Wash, L50|\n|poke|p2|Sneasler, L50, F|\n|poke|p2|Incineroar, L50, F|\n|teampreview|4\n|inactive|Battle timer is ON: inactive players will automatically lose when time's up. (requested by rajyesh1)\neloang rejected open team sheets.\n|inactive|rajyesh1 has 60 seconds left.\n|inactive|rajyesh1 has 30 seconds left.\n|inactive|rajyesh1 has 20 seconds left.\n|inactive|rajyesh1 has 15 seconds left.\n|\n|t:|1776352054\n|teamsize|p1|4\n|teamsize|p2|4\n|start\n|switch|p1a: Slowbro|Slowbro, L50, F|100/100\n|switch|p1b: Sinistcha|Sinistcha, L50|100/100\n|switch|p2a: Incineroar|Incineroar, L50, F|100/100\n|switch|p2b: Garchomp|Garchomp, L50, M|100/100\n|-ability|p2a: Incineroar|Intimidate|boost\n|-unboost|p1a: Slowbro|atk|1\n|-unboost|p1b: Sinistcha|atk|1\n|turn|1\n|inactive|rajyesh1 has 30 seconds left.\n|inactive|rajyesh1 has 20 seconds left.\n|inactive|rajyesh1 has 15 seconds left.\n|inactive|rajyesh1 has 10 seconds left.\n|\n|t:|1776352102\n|switch|p2b: Charizard|Charizard, L50, M|100/100\n|detailschange|p1a: Slowbro|Slowbro-Mega, L50, F\n|-mega|p1a: Slowbro|Slowbro|Slowbronite\n|move|p2a: Incineroar|Fake Out|p1a: Slowbro\n|-damage|p1a: Slowbro|93/100\n|cant|p1a: Slowbro|flinch\n|move|p1b: Sinistcha|Trick Room|p1b: Sinistcha\n|-fieldstart|move: Trick Room|[of] p1b: Sinistcha\n|\n|upkeep\n|turn|2\n|inactive|rajyesh1 has 30 seconds left.\n|inactive|eloang has 30 seconds left.\n|inactive|rajyesh1 has 20 seconds left.\n|\n|t:|1776352141\n|switch|p2a: Garchomp|Garchomp, L50, M|100/100\n|switch|p1b: Maushold|Maushold-Four, L50|100/100\n|detailschange|p2b: Charizard|Charizard-Mega-Y, L50, M\n|-mega|p2b: Charizard|Charizard|Charizardite Y\n|-weather|SunnyDay|[from] ability: Drought|[of] p2b: Charizard\n|move|p1a: Slowbro|Iron Defense|p1a: Slowbro\n|-boost|p1a: Slowbro|def|2\n|move|p2b: Charizard|Solar Beam||[still]\n|-prepare|p2b: Charizard|Solar Beam\n|-anim|p2b: Charizard|Solar Beam|p1a: Slowbro\n|-supereffective|p1a: Slowbro|1\n|-damage|p1a: Slowbro|23/100\n|\n|-weather|SunnyDay|[upkeep]\n|upkeep\n|turn|3\n|inactive|eloang has 30 seconds left.\n|\n|t:|1776352167\n|move|p1b: Maushold|Follow Me|p1b: Maushold\n|-singleturn|p1b: Maushold|move: Follow Me\n|move|p1a: Slowbro|Slack Off|p1a: Slowbro\n|-heal|p1a: Slowbro|73/100\n|move|p2b: Charizard|Heat Wave|p1b: Maushold|[spread] p1a,p1b\n|-resisted|p1a: Slowbro|1\n|-damage|p1a: Slowbro|49/100\n|-damage|p1b: Maushold|19/100\n|move|p2a: Garchomp|Earthquake|p1a: Slowbro|[spread] p1a,p1b\n|-immune|p2b: Charizard\n|-damage|p1a: Slowbro|42/100\n|-damage|p1b: Maushold|0 fnt\n|faint|p1b: Maushold\n|\n|-weather|SunnyDay|[upkeep]\n|upkeep\n|\n|t:|1776352178\n|switch|p1b: Torkoal|Torkoal, L50, F|100/100\n|turn|4\n|\n|t:|1776352188\n|switch|p2a: Incineroar|Incineroar, L50, F|100/100\n|-ability|p2a: Incineroar|Intimidate|boost\n|-unboost|p1a: Slowbro|atk|1\n|-unboost|p1b: Torkoal|atk|1\n|move|p1b: Torkoal|Eruption|p2b: Charizard|[spread] p2a,p2b\n|-resisted|p2a: Incineroar|1\n|-resisted|p2b: Charizard|1\n|-damage|p2a: Incineroar|55/100\n|-damage|p2b: Charizard|54/100\n|move|p1a: Slowbro|Body Press|p2b: Charizard\n|-resisted|p2b: Charizard|1\n|-damage|p2b: Charizard|0 fnt\n|faint|p2b: Charizard\n|\n|-weather|SunnyDay|[upkeep]\n|upkeep\n|\n|t:|1776352204\n|switch|p2b: Garchomp|Garchomp, L50, M|100/100\n|turn|5\n|\n|t:|1776352228\n|switch|p1b: Sinistcha|Sinistcha, L50|100/100\n|-heal|p1a: Slowbro|67/100|[from] ability: Hospitality|[of] p1b: Sinistcha\n|move|p2a: Incineroar|Fake Out|p1a: Slowbro\n|-damage|p1a: Slowbro|63/100\n|cant|p1a: Slowbro|flinch\n|move|p2b: Garchomp|Earthquake|p1b: Sinistcha|[spread] p2a,p1a,p1b\n|-supereffective|p2a: Incineroar|1\n|-resisted|p1b: Sinistcha|1\n|-damage|p2a: Incineroar|0 fnt\n|-damage|p1a: Slowbro|53/100\n|-damage|p1b: Sinistcha|84/100\n|faint|p2a: Incineroar\n|\n|-weather|SunnyDay|[upkeep]\n|-fieldend|move: Trick Room\n|upkeep\n|\n|t:|1776352237\n|switch|p2a: Sneasler|Sneasler, L50, F|100/100\n|turn|6\n|-message|rajyesh1 forfeited.\n|\n|win|eloang\n|raw|eloang's rating: 1295 &rarr; <strong>1316</strong><br />(+21 for winning)\n|raw|rajyesh1's rating: 1240 &rarr; <strong>1219</strong><br />(-21 for losing)\n|l|\u2606eloang\n|player|p1|\n",
  "uploadtime": 1776352258,
  "views": 30,
  "formatid": "gen9championsvgc2026regma",
  "rating": 1219,
  "private": 0,
  "password": null
}