{
  "id": "gen9championsvgc2026regma-2583900115",
  "format": "[Gen 9 Champions] VGC 2026 Reg M-A",
  "players": [
    "Syke11",
    "tester asxdc"
  ],
  "log": "|j|\u2606Syke11\n|j|\u203dtester asxdc\n|t:|1776206657\n|gametype|doubles\n|player|p1|Syke11|jacinthe|1097\n|player|p2|tester asxdc|1|1031\n|gen|9\n|tier|[Gen 9 Champions] VGC 2026 Reg M-A\n|rated|\n|rule|Species Clause: Limit one of each Pok\u00e9mon\n|rule|Item Clause: Limit 1 of each item\n|clearpoke\n|poke|p1|Drampa, L50, F|\n|poke|p1|Oranguru, L50, F|\n|poke|p1|Aggron, L50, M|\n|poke|p1|Hatterene, L50, F|\n|poke|p1|Sinistcha, L50|\n|poke|p1|Passimian, L50, F|\n|poke|p2|Hawlucha, L50, M|\n|poke|p2|Oranguru, L50, F|\n|poke|p2|Torkoal, L50, F|\n|poke|p2|Mr. Rime, L50, F|\n|poke|p2|Drampa, L50, F|\n|poke|p2|Scovillain, L50, M|\n|teampreview|4\n|\n|t:|1776206693\n|teamsize|p1|4\n|teamsize|p2|4\n|start\n|switch|p1a: Aggron|Aggron, L50, M|100/100\n|switch|p1b: Passimian|Passimian, L50, F|100/100\n|switch|p2a: Hawlucha|Hawlucha, L50, M|100/100\n|switch|p2b: Mr. Rime|Mr. Rime, L50, F|100/100\n|-ability|p2a: Hawlucha|Mold Breaker\n|turn|1\n|\n|t:|1776206733\n|switch|p1b: Hatterene|Hatterene, L50, F|100/100\n|detailschange|p2a: Hawlucha|Hawlucha-Mega, L50, M\n|-mega|p2a: Hawlucha|Hawlucha|Hawluchanite\n|detailschange|p1a: Aggron|Aggron-Mega, L50, M\n|-mega|p1a: Aggron|Aggron|Aggronite\n|move|p2a: Hawlucha|Entrainment|p2b: Mr. Rime\n|-ability|p2b: Mr. Rime|No Guard|Screen Cleaner|[from] move: Entrainment|[of] p2a: Hawlucha\n|move|p2b: Mr. Rime|Hypnosis|p1b: Hatterene\n|move|p1b: Hatterene|Hypnosis|p2b: Mr. Rime|[from] ability: Magic Bounce\n|-status|p2b: Mr. Rime|slp|[from] move: Hypnosis\n|move|p1a: Aggron|Heavy Slam|p2a: Hawlucha\n|-damage|p2a: Hawlucha|42/100\n|\n|upkeep\n|turn|2\n|\n|t:|1776206757\n|move|p2a: Hawlucha|High Jump Kick|p1a: Aggron\n|-supereffective|p1a: Aggron|1\n|-damage|p1a: Aggron|55/100\n|cant|p2b: Mr. Rime|slp\n|move|p1a: Aggron|Heavy Slam|p2b: Mr. Rime\n|-supereffective|p2b: Mr. Rime|1\n|-enditem|p2b: Mr. Rime|Focus Sash\n|-damage|p2b: Mr. Rime|1/100 slp\n|move|p1b: Hatterene|Trick Room|p1b: Hatterene\n|-fieldstart|move: Trick Room|[of] p1b: Hatterene\n|\n|upkeep\n|turn|3\n|\n|t:|1776206796\n|switch|p2b: Scovillain|Scovillain, L50, M|100/100\n|move|p2a: Hawlucha|Protect|p2a: Hawlucha\n|-singleturn|p2a: Hawlucha|Protect\n|move|p1b: Hatterene|Psychic Noise|p2a: Hawlucha\n|-activate|p2a: Hawlucha|move: Protect\n|move|p1a: Aggron|Heavy Slam|p2b: Scovillain\n|-resisted|p2b: Scovillain|1\n|-damage|p2b: Scovillain|67/100\n|\n|upkeep\n|turn|4\n|\n|t:|1776206821\n|switch|p2a: Oranguru|Oranguru, L50, F|100/100\n|move|p1b: Hatterene|Psychic Noise|p2b: Scovillain\n|-damage|p2b: Scovillain|22/100\n|-start|p2b: Scovillain|move: Heal Block\n|-enditem|p2b: Scovillain|Mental Herb\n|-end|p2b: Scovillain|move: Heal Block\n|move|p1a: Aggron|Heavy Slam|p2a: Oranguru\n|-damage|p2a: Oranguru|50/100\n|-enditem|p2a: Oranguru|Sitrus Berry|[eat]\n|-heal|p2a: Oranguru|75/100|[from] item: Sitrus Berry\n|move|p2b: Scovillain|Flamethrower|p1a: Aggron\n|-supereffective|p1a: Aggron|1\n|-damage|p1a: Aggron|0 fnt\n|faint|p1a: Aggron\n|\n|upkeep\n|\n|t:|1776206848\n|switch|p1a: Sinistcha|Sinistcha, L50|100/100\n|turn|5\n|\n|t:|1776206878\n|move|p1b: Hatterene|Light Screen|p1b: Hatterene\n|-sidestart|p1: Syke11|move: Light Screen\n|move|p1a: Sinistcha|Shadow Ball|p2b: Scovillain\n|-damage|p2b: Scovillain|0 fnt\n|faint|p2b: Scovillain\n|move|p2a: Oranguru|Trick Room|p2a: Oranguru\n|-fieldend|move: Trick Room\n|\n|upkeep\n|\n|t:|1776206892\n|switch|p2b: Mr. Rime|Mr. Rime, L50, F|1/100 slp\n|-activate|p2b: Mr. Rime|ability: Screen Cleaner\n|-sideend|p1: Syke11|move: Light Screen\n|turn|6\n|\n|t:|1776206949\n|cant|p2b: Mr. Rime|slp\n|move|p1a: Sinistcha|Shadow Ball|p2b: Mr. Rime\n|-supereffective|p2b: Mr. Rime|1\n|-damage|p2b: Mr. Rime|0 fnt\n|faint|p2b: Mr. Rime\n|move|p2a: Oranguru|Psychic|p1a: Sinistcha\n|-damage|p1a: Sinistcha|75/100\n|move|p1b: Hatterene|Trick Room|p1b: Hatterene\n|-fieldstart|move: Trick Room|[of] p1b: Hatterene\n|\n|upkeep\n|\n|t:|1776206953\n|switch|p2b: Hawlucha|Hawlucha-Mega, L50, M|42/100\n|turn|7\n|\n|t:|1776206977\n|move|p2b: Hawlucha|Protect|p2b: Hawlucha\n|-singleturn|p2b: Hawlucha|Protect\n|move|p1b: Hatterene|Psychic Noise|p2b: Hawlucha\n|-activate|p2b: Hawlucha|move: Protect\n|move|p1a: Sinistcha|Life Dew||[still]|[spread] p1a,p1b\n|-heal|p1a: Sinistcha|100/100\n|-fail|p1b: Hatterene|heal\n|move|p2a: Oranguru|Trick Room|p2a: Oranguru\n|-fieldend|move: Trick Room\n|\n|upkeep\n|turn|8\n|\n|t:|1776206992\n|move|p2b: Hawlucha|Brave Bird|p1b: Hatterene\n|-damage|p1b: Hatterene|34/100\n|-damage|p2b: Hawlucha|22/100|[from] Recoil\n|move|p1a: Sinistcha|Strength Sap|p2b: Hawlucha\n|-unboost|p2b: Hawlucha|atk|1\n|move|p2a: Oranguru|Instruct|p2b: Hawlucha\n|-singleturn|p2b: Hawlucha|move: Instruct|[of] p2a: Oranguru\n|move|p2b: Hawlucha|Brave Bird|p1b: Hatterene\n|-damage|p1b: Hatterene|0 fnt\n|faint|p1b: Hatterene\n|-damage|p2b: Hawlucha|12/100|[from] Recoil\n|\n|upkeep\n|\n|t:|1776207008\n|switch|p1b: Passimian|Passimian, L50, F|100/100\n|turn|9\n|\n|t:|1776207025\n|move|p2b: Hawlucha|Protect|p2b: Hawlucha\n|-singleturn|p2b: Hawlucha|Protect\n|move|p2a: Oranguru|Protect|p2a: Oranguru\n|-singleturn|p2a: Oranguru|Protect\n|move|p1b: Passimian|Knock Off|p2a: Oranguru\n|-activate|p2a: Oranguru|move: Protect\n|move|p1a: Sinistcha|Life Dew||[still]|[still]|[spread] \n|-fail|p1a: Sinistcha|heal\n|-fail|p1b: Passimian|heal\n|\n|upkeep\n|turn|10\n|\n|t:|1776207046\n|move|p2b: Hawlucha|Brave Bird|p1b: Passimian\n|-supereffective|p1b: Passimian|1\n|-damage|p1b: Passimian|34/100\n|-damage|p2b: Hawlucha|0 fnt|[from] Recoil\n|faint|p2b: Hawlucha\n|move|p1b: Passimian|Knock Off|p2a: Oranguru\n|-supereffective|p2a: Oranguru|1\n|-damage|p2a: Oranguru|38/100\n|move|p1a: Sinistcha|Life Dew||[still]|[spread] p1a,p1b\n|-fail|p1a: Sinistcha|heal\n|-heal|p1b: Passimian|59/100\n|move|p2a: Oranguru|Psychic|p1b: Passimian\n|-supereffective|p1b: Passimian|1\n|-damage|p1b: Passimian|0 fnt\n|faint|p1b: Passimian\n|\n|upkeep\n|turn|11\n|\n|t:|1776207059\n|move|p1a: Sinistcha|Strength Sap|p2a: Oranguru\n|-unboost|p2a: Oranguru|atk|1\n|move|p2a: Oranguru|Psychic|p1a: Sinistcha\n|-damage|p1a: Sinistcha|75/100\n|-unboost|p1a: Sinistcha|spd|1\n|\n|upkeep\n|turn|12\n|\n|t:|1776207066\n|move|p1a: Sinistcha|Protect|p1a: Sinistcha\n|-singleturn|p1a: Sinistcha|Protect\n|move|p2a: Oranguru|Psychic|p1a: Sinistcha\n|-activate|p1a: Sinistcha|move: Protect\n|\n|upkeep\n|turn|13\n|\n|t:|1776207072\n|move|p1a: Sinistcha|Strength Sap|p2a: Oranguru\n|-unboost|p2a: Oranguru|atk|1\n|-heal|p1a: Sinistcha|100/100\n|move|p2a: Oranguru|Psychic|p1a: Sinistcha\n|-damage|p1a: Sinistcha|67/100\n|\n|upkeep\n|turn|14\n|\n|t:|1776207078\n|move|p1a: Sinistcha|Protect|p1a: Sinistcha\n|-singleturn|p1a: Sinistcha|Protect\n|move|p2a: Oranguru|Trick Room|p2a: Oranguru\n|-fieldstart|move: Trick Room|[of] p2a: Oranguru\n|\n|upkeep\n|turn|15\n|l|\u2606Syke11\n|player|p1|\n|\n|t:|1776207107\n|move|p2a: Oranguru|Psychic|p1a: Sinistcha\n|-damage|p1a: Sinistcha|33/100\n|move|p1a: Sinistcha|Life Dew|p1a: Sinistcha\n|-heal|p1a: Sinistcha|58/100\n|\n|upkeep\n|turn|16\n|j|\u2606Syke11\n|player|p1|Syke11|jacinthe|\n|\n|t:|1776207128\n|move|p2a: Oranguru|Protect|p2a: Oranguru\n|-singleturn|p2a: Oranguru|Protect\n|move|p1a: Sinistcha|Protect||[still]\n|-fail|p1a: Sinistcha\n|\n|upkeep\n|turn|17\n|\n|t:|1776207132\n|move|p1a: Sinistcha|Protect|p1a: Sinistcha\n|-singleturn|p1a: Sinistcha|Protect\n|move|p2a: Oranguru|Psychic|p1a: Sinistcha\n|-activate|p1a: Sinistcha|move: Protect\n|\n|upkeep\n|turn|18\n|\n|t:|1776207135\n|move|p2a: Oranguru|Psychic|p1a: Sinistcha\n|-damage|p1a: Sinistcha|21/100\n|-unboost|p1a: Sinistcha|spd|1\n|move|p1a: Sinistcha|Life Dew|p1a: Sinistcha\n|-heal|p1a: Sinistcha|46/100\n|\n|-fieldend|move: Trick Room\n|upkeep\n|turn|19\n|\n|t:|1776207141\n|move|p1a: Sinistcha|Strength Sap|p2a: Oranguru\n|-unboost|p2a: Oranguru|atk|1\n|-heal|p1a: Sinistcha|68/100\n|move|p2a: Oranguru|Trick Room|p2a: Oranguru\n|-fieldstart|move: Trick Room|[of] p2a: Oranguru\n|\n|upkeep\n|turn|20\n|\n|t:|1776207170\n|move|p2a: Oranguru|Protect|p2a: Oranguru\n|-singleturn|p2a: Oranguru|Protect\n|move|p1a: Sinistcha|Protect||[still]\n|-fail|p1a: Sinistcha\n|\n|upkeep\n|turn|21\n|\n|t:|1776207175\n|move|p2a: Oranguru|Protect||[still]\n|-fail|p2a: Oranguru\n|move|p1a: Sinistcha|Protect||[still]\n|-fail|p1a: Sinistcha\n|\n|upkeep\n|turn|22\n|\n|t:|1776207195\n|move|p1a: Sinistcha|Life Dew|p1a: Sinistcha\n|-heal|p1a: Sinistcha|94/100\n|move|p2a: Oranguru|Trick Room|p2a: Oranguru\n|-fieldend|move: Trick Room\n|\n|upkeep\n|turn|23\n|\n|t:|1776207219\n|move|p1a: Sinistcha|Shadow Ball|p2a: Oranguru\n|-immune|p2a: Oranguru\n|move|p2a: Oranguru|Trick Room|p2a: Oranguru\n|-fieldstart|move: Trick Room|[of] p2a: Oranguru\n|\n|upkeep\n|turn|24\n|\n|t:|1776207226\n|move|p2a: Oranguru|Instruct|p1a: Sinistcha\n|-singleturn|p1a: Sinistcha|move: Instruct|[of] p2a: Oranguru\n|move|p1a: Sinistcha|Shadow Ball|p2a: Oranguru\n|-immune|p2a: Oranguru\n|move|p1a: Sinistcha|Strength Sap|p2a: Oranguru\n|-unboost|p2a: Oranguru|atk|1\n|-heal|p1a: Sinistcha|100/100\n|\n|upkeep\n|turn|25\n|\n|t:|1776207266\n|move|p2a: Oranguru|Instruct|p1a: Sinistcha\n|-singleturn|p1a: Sinistcha|move: Instruct|[of] p2a: Oranguru\n|move|p1a: Sinistcha|Strength Sap|p2a: Oranguru\n|-unboost|p2a: Oranguru|atk|1\n|move|p1a: Sinistcha|Shadow Ball|p2a: Oranguru\n|-immune|p2a: Oranguru\n|\n|upkeep\n|turn|26\n|\n|t:|1776207270\n|move|p2a: Oranguru|Psychic|p1a: Sinistcha\n|-damage|p1a: Sinistcha|54/100\n|move|p1a: Sinistcha|Shadow Ball|p2a: Oranguru\n|-immune|p2a: Oranguru\n|\n|upkeep\n|turn|27\n|\n|t:|1776207278\n|move|p2a: Oranguru|Instruct|p1a: Sinistcha\n|-singleturn|p1a: Sinistcha|move: Instruct|[of] p2a: Oranguru\n|move|p1a: Sinistcha|Shadow Ball|p2a: Oranguru\n|-immune|p2a: Oranguru\n|move|p1a: Sinistcha|Life Dew|p1a: Sinistcha\n|-heal|p1a: Sinistcha|80/100\n|\n|-fieldend|move: Trick Room\n|upkeep\n|turn|28\n|\n|t:|1776207331\n|move|p1a: Sinistcha|Shadow Ball|p2a: Oranguru\n|-immune|p2a: Oranguru\n|move|p2a: Oranguru|Trick Room|p2a: Oranguru\n|-fieldstart|move: Trick Room|[of] p2a: Oranguru\n|\n|upkeep\n|turn|29\n|\n|t:|1776207336\n|move|p2a: Oranguru|Protect|p2a: Oranguru\n|-singleturn|p2a: Oranguru|Protect\n|move|p1a: Sinistcha|Protect||[still]\n|-fail|p1a: Sinistcha\n|\n|upkeep\n|turn|30\n|\n|t:|1776207341\n|move|p2a: Oranguru|Instruct|p1a: Sinistcha\n|-singleturn|p1a: Sinistcha|move: Instruct|[of] p2a: Oranguru\n|move|p1a: Sinistcha|Protect|p1a: Sinistcha\n|-singleturn|p1a: Sinistcha|Protect\n|move|p1a: Sinistcha|Shadow Ball|p2a: Oranguru\n|-immune|p2a: Oranguru\n|\n|upkeep\n|turn|31\n|\n|t:|1776207380\n|move|p2a: Oranguru|Instruct|p1a: Sinistcha\n|-singleturn|p1a: Sinistcha|move: Instruct|[of] p2a: Oranguru\n|move|p1a: Sinistcha|Shadow Ball|p2a: Oranguru\n|-immune|p2a: Oranguru\n|move|p1a: Sinistcha|Life Dew|p1a: Sinistcha\n|-heal|p1a: Sinistcha|100/100\n|\n|upkeep\n|turn|32\n|\n|t:|1776207387\n|move|p2a: Oranguru|Instruct|p1a: Sinistcha\n|-singleturn|p1a: Sinistcha|move: Instruct|[of] p2a: Oranguru\n|move|p1a: Sinistcha|Life Dew||[still]\n|-fail|p1a: Sinistcha|heal\n|move|p1a: Sinistcha|Strength Sap|p2a: Oranguru\n|-unboost|p2a: Oranguru|atk|1\n|\n|-fieldend|move: Trick Room\n|upkeep\n|turn|33\n|\n|t:|1776207393\n|move|p1a: Sinistcha|Shadow Ball|p2a: Oranguru\n|-immune|p2a: Oranguru\n|move|p2a: Oranguru|Instruct|p1a: Sinistcha\n|-singleturn|p1a: Sinistcha|move: Instruct|[of] p2a: Oranguru\n|move|p1a: Sinistcha|Shadow Ball|p2a: Oranguru\n|-immune|p2a: Oranguru\n|\n|upkeep\n|turn|34\n|\n|t:|1776207398\n|move|p1a: Sinistcha|Shadow Ball|p2a: Oranguru\n|-immune|p2a: Oranguru\n|move|p2a: Oranguru|Instruct|p1a: Sinistcha\n|-singleturn|p1a: Sinistcha|move: Instruct|[of] p2a: Oranguru\n|move|p1a: Sinistcha|Shadow Ball|p2a: Oranguru\n|-immune|p2a: Oranguru\n|\n|upkeep\n|turn|35\n|\n|t:|1776207406\n|move|p1a: Sinistcha|Shadow Ball|p2a: Oranguru\n|-immune|p2a: Oranguru\n|move|p2a: Oranguru|Instruct|p1a: Sinistcha\n|-singleturn|p1a: Sinistcha|move: Instruct|[of] p2a: Oranguru\n|move|p1a: Sinistcha|Shadow Ball|p2a: Oranguru\n|-immune|p2a: Oranguru\n|\n|upkeep\n|turn|36\n|\n|t:|1776207444\n|move|p1a: Sinistcha|Strength Sap||[still]\n|-fail|p1a: Sinistcha\n|move|p2a: Oranguru|Instruct|p1a: Sinistcha\n|-singleturn|p1a: Sinistcha|move: Instruct|[of] p2a: Oranguru\n|move|p1a: Sinistcha|Strength Sap||[still]\n|-fail|p1a: Sinistcha\n|\n|upkeep\n|turn|37\n|\n|t:|1776207453\n|move|p1a: Sinistcha|Strength Sap||[still]\n|-fail|p1a: Sinistcha\n|move|p2a: Oranguru|Instruct|p1a: Sinistcha\n|-singleturn|p1a: Sinistcha|move: Instruct|[of] p2a: Oranguru\n|move|p1a: Sinistcha|Strength Sap||[still]\n|-fail|p1a: Sinistcha\n|\n|upkeep\n|turn|38\n|\n|t:|1776207457\n|move|p1a: Sinistcha|Life Dew||[still]\n|-fail|p1a: Sinistcha|heal\n|move|p2a: Oranguru|Instruct|p1a: Sinistcha\n|-singleturn|p1a: Sinistcha|move: Instruct|[of] p2a: Oranguru\n|move|p1a: Sinistcha|Life Dew||[still]\n|-fail|p1a: Sinistcha|heal\n|\n|upkeep\n|turn|39\n|\n|t:|1776207464\n|move|p1a: Sinistcha|Life Dew||[still]\n|-fail|p1a: Sinistcha|heal\n|move|p2a: Oranguru|Instruct||[still]\n|-fail|p2a: Oranguru\n|\n|upkeep\n|turn|40\n|\n|t:|1776207469\n|move|p1a: Sinistcha|Strength Sap||[still]\n|-fail|p1a: Sinistcha\n|move|p2a: Oranguru|Psychic|p1a: Sinistcha\n|-damage|p1a: Sinistcha|54/100\n|\n|upkeep\n|turn|41\n|\n|t:|1776207475\n|-activate|p1a: Sinistcha|move: Struggle\n|move|p1a: Sinistcha|Struggle|p2a: Oranguru\n|-damage|p2a: Oranguru|31/100\n|-damage|p1a: Sinistcha|29/100|[from] recoil\n|move|p2a: Oranguru|Psychic|p1a: Sinistcha\n|-damage|p1a: Sinistcha|0 fnt\n|faint|p1a: Sinistcha\n|\n|win|tester asxdc\n|raw|Syke11's rating: 1097 &rarr; <strong>1068</strong><br />(-29 for losing)\n|raw|tester asxdc's rating: 1031 &rarr; <strong>1073</strong><br />(+42 for winning)\n|l|\u2606Syke11\n|player|p1|\n",
  "uploadtime": 1776207542,
  "views": 14,
  "formatid": "gen9championsvgc2026regma",
  "rating": 1068,
  "private": 0,
  "password": null
}