{
  "id": "gen9championsvgc2026regma-2585280940",
  "format": "[Gen 9 Champions] VGC 2026 Reg M-A",
  "players": [
    "rumaks-xyz",
    "realsobe"
  ],
  "log": "|j|\u2606rumaks-xyz\n|j|\u2606realsobe\n|t:|1776333344\n|gametype|doubles\n|player|p1|rumaks-xyz|cheren-gen5bw2|1164\n|player|p2|realsobe|101|1139\n|gen|9\n|tier|[Gen 9 Champions] VGC 2026 Reg M-A\n|rated|\n|rule|Species Clause: Limit one of each Pok\u00e9mon\n|rule|Item Clause: Limit 1 of each item\n|clearpoke\n|poke|p1|Audino, L50, F|\n|poke|p1|Kommo-o, L50, F|\n|poke|p1|Meowstic, L50, M|\n|poke|p1|Serperior, L50, M|\n|poke|p1|Farigiraf, L50, F|\n|poke|p1|Glimmora, L50, F|\n|poke|p2|Blastoise, L50, F|\n|poke|p2|Pelipper, L50, F|\n|poke|p2|Sinistcha, L50|\n|poke|p2|Sneasler, L50, F|\n|poke|p2|Garchomp, L50, M|\n|poke|p2|Kingambit, L50, M|\n|teampreview|4\n|\n|t:|1776333384\n|teamsize|p1|4\n|teamsize|p2|4\n|start\n|switch|p1a: Serperior|Serperior, L50, M|100/100\n|switch|p1b: Audino|Audino, L50, F|100/100\n|switch|p2a: AssToy|Blastoise, L50, F, shiny|100/100\n|switch|p2b: Gargler|Pelipper, L50, F|100/100\n|-weather|RainDance|[from] ability: Drizzle|[of] p2b: Gargler\n|turn|1\n|\n|t:|1776333442\n|move|p2a: AssToy|Protect|p2a: AssToy\n|-singleturn|p2a: AssToy|Protect\n|move|p2b: Gargler|Hurricane|p1a: Serperior\n|-supereffective|p1a: Serperior|1\n|-enditem|p1a: Serperior|Focus Sash\n|-damage|p1a: Serperior|1/100\n|move|p1a: Serperior|Leaf Storm|p2a: AssToy\n|-activate|p2a: AssToy|move: Protect\n|move|p1b: Audino|Icy Wind|p2a: AssToy|[spread] p2b\n|-activate|p2a: AssToy|move: Protect\n|-damage|p2b: Gargler|90/100\n|-unboost|p2b: Gargler|spe|1\n|\n|-weather|RainDance|[upkeep]\n|upkeep\n|turn|2\n|inactive|Battle timer is ON: inactive players will automatically lose when time's up. (requested by rumaks-xyz)\n|\n|t:|1776333516\n|switch|p2b: BedPost|Kingambit, L50, M|100/100\n|detailschange|p2a: AssToy|Blastoise-Mega, L50, F, shiny\n|-mega|p2a: AssToy|Blastoise|Blastoisinite\n|move|p1a: Serperior|Leaf Storm|p2a: AssToy\n|-supereffective|p2a: AssToy|1\n|-damage|p2a: AssToy|11/100\n|-boost|p1a: Serperior|spa|2\n|move|p2a: AssToy|Shell Smash|p2a: AssToy\n|-unboost|p2a: AssToy|def|1\n|-unboost|p2a: AssToy|spd|1\n|-boost|p2a: AssToy|atk|2\n|-boost|p2a: AssToy|spa|2\n|-boost|p2a: AssToy|spe|2\n|move|p1b: Audino|Icy Wind|p2a: AssToy|[spread] p2a,p2b\n|-resisted|p2a: AssToy|1\n|-resisted|p2b: BedPost|1\n|-damage|p2a: AssToy|6/100\n|-damage|p2b: BedPost|98/100\n|-unboost|p2a: AssToy|spe|1\n|-unboost|p2b: BedPost|spe|1\n|-ability|p2b: BedPost|Defiant|boost\n|-boost|p2b: BedPost|atk|2\n|\n|-weather|RainDance|[upkeep]\n|upkeep\n|turn|3\n|inactive|rumaks-xyz has 30 seconds left.\n|inactive|realsobe has 30 seconds left.\n|\n|t:|1776333547\n|move|p2a: AssToy|Protect|p2a: AssToy\n|-singleturn|p2a: AssToy|Protect\n|move|p1a: Serperior|Protect|p1a: Serperior\n|-singleturn|p1a: Serperior|Protect\n|move|p2b: BedPost|Sucker Punch||[still]\n|-fail|p2b: BedPost\n|move|p1b: Audino|Icy Wind|p2a: AssToy|[spread] p2b\n|-activate|p2a: AssToy|move: Protect\n|-resisted|p2b: BedPost|1\n|-damage|p2b: BedPost|95/100\n|-unboost|p2b: BedPost|spe|1\n|-ability|p2b: BedPost|Defiant|boost\n|-boost|p2b: BedPost|atk|2\n|\n|-weather|RainDance|[upkeep]\n|upkeep\n|turn|4\n|inactive|rumaks-xyz has 30 seconds left.\n|inactive|rumaks-xyz has 20 seconds left.\n|inactive|rumaks-xyz has 15 seconds left.\n|inactive|rumaks-xyz has 10 seconds left.\n|inactive|realsobe has 30 seconds left.\n|inactive|rumaks-xyz has 5 seconds left.\n|\n|t:|1776333597\n|switch|p1a: Kommo-o|Kommo-o, L50, F|100/100\n|move|p2b: BedPost|Sucker Punch||[still]\n|-fail|p2b: BedPost\n|move|p2a: AssToy|Water Pulse|p1a: Kommo-o\n|-resisted|p1a: Kommo-o|1\n|-damage|p1a: Kommo-o|4/100\n|-enditem|p1a: Kommo-o|Sitrus Berry|[eat]\n|-heal|p1a: Kommo-o|29/100|[from] item: Sitrus Berry\n|move|p1b: Audino|Yawn|p2b: BedPost\n|-start|p2b: BedPost|move: Yawn|[of] p1b: Audino\n|\n|-weather|RainDance|[upkeep]\n|upkeep\n|turn|5\n|inactive|rumaks-xyz has 30 seconds left.\n|inactive|realsobe has 30 seconds left.\n|\n|t:|1776333627\n|switch|p1a: Serperior|Serperior, L50, M|1/100\n|switch|p2b: ThroatCoat|Sinistcha, L50|100/100\n|-heal|p2a: AssToy|31/100|[from] ability: Hospitality|[of] p2b: ThroatCoat\n|move|p2a: AssToy|Water Pulse|p1a: Serperior\n|-resisted|p1a: Serperior|1\n|-damage|p1a: Serperior|0 fnt\n|faint|p1a: Serperior\n|move|p1b: Audino|Icy Wind|p2b: ThroatCoat|[spread] p2a,p2b\n|-resisted|p2a: AssToy|1\n|-supereffective|p2b: ThroatCoat|1\n|-damage|p2a: AssToy|27/100\n|-damage|p2b: ThroatCoat|87/100\n|-unboost|p2a: AssToy|spe|1\n|-unboost|p2b: ThroatCoat|spe|1\n|\n|-weather|none\n|upkeep\n|\n|t:|1776333641\n|switch|p1a: Glimmora|Glimmora, L50, F|100/100\n|turn|6\n|\n|t:|1776333658\n|move|p1a: Glimmora|Spiky Shield|p1a: Glimmora\n|-singleturn|p1a: Glimmora|move: Protect\n|move|p2b: ThroatCoat|Rage Powder|p2b: ThroatCoat\n|-singleturn|p2b: ThroatCoat|move: Rage Powder\n|move|p2a: AssToy|Shell Smash|p2a: AssToy\n|-unboost|p2a: AssToy|def|1\n|-unboost|p2a: AssToy|spd|1\n|-boost|p2a: AssToy|atk|2\n|-boost|p2a: AssToy|spa|2\n|-boost|p2a: AssToy|spe|2\n|move|p1b: Audino|Yawn|p2b: ThroatCoat\n|-start|p2b: ThroatCoat|move: Yawn|[of] p1b: Audino\n|\n|upkeep\n|turn|7\n|inactive|rumaks-xyz has 30 seconds left.\n|inactive|rumaks-xyz has 20 seconds left.\n|inactive|rumaks-xyz has 15 seconds left.\n|\n|t:|1776333700\n|switch|p1a: Kommo-o|Kommo-o, L50, F|29/100\n|switch|p2b: Gargler|Pelipper, L50, F|90/100\n|-weather|RainDance|[from] ability: Drizzle|[of] p2b: Gargler\n|move|p2a: AssToy|Water Pulse|p1a: Kommo-o\n|-resisted|p1a: Kommo-o|1\n|-damage|p1a: Kommo-o|0 fnt\n|faint|p1a: Kommo-o\n|move|p1b: Audino|Icy Wind|p2a: AssToy|[spread] p2a,p2b\n|-resisted|p2a: AssToy|1\n|-damage|p2a: AssToy|20/100\n|-damage|p2b: Gargler|79/100\n|-unboost|p2a: AssToy|spe|1\n|-unboost|p2b: Gargler|spe|1\n|\n|-weather|RainDance|[upkeep]\n|upkeep\n|\n|t:|1776333714\n|switch|p1a: Glimmora|Glimmora, L50, F|100/100\n|turn|8\n|inactive|rumaks-xyz has 30 seconds left.\n|inactive|rumaks-xyz has 20 seconds left.\n|\n|t:|1776333753\n|detailschange|p1a: Glimmora|Glimmora-Mega, L50, F\n|-mega|p1a: Glimmora|Glimmora|Glimmoranite\n|move|p2a: AssToy|Protect|p2a: AssToy\n|-singleturn|p2a: AssToy|Protect\n|move|p1a: Glimmora|Sludge Bomb|p2a: AssToy\n|-activate|p2a: AssToy|move: Protect\n|move|p2b: Gargler|Hurricane|p1b: Audino\n|-damage|p1b: Audino|55/100\n|move|p1b: Audino|Yawn|p2b: Gargler\n|-start|p2b: Gargler|move: Yawn|[of] p1b: Audino\n|\n|-weather|RainDance|[upkeep]\n|upkeep\n|turn|9\n|inactive|rumaks-xyz has 30 seconds left.\n|inactive|realsobe has 30 seconds left.\n|inactive|realsobe has 20 seconds left.\n|inactive|rumaks-xyz has 20 seconds left.\n|inactive|realsobe has 15 seconds left.\n|inactive|rumaks-xyz has 15 seconds left.\n|inactive|rumaks-xyz has 10 seconds left.\n|\n|t:|1776333803\n|switch|p2a: BedPost|Kingambit, L50, M|95/100\n|switch|p2b: ThroatCoat|Sinistcha, L50|87/100\n|-heal|p2a: BedPost|100/100|[from] ability: Hospitality|[of] p2b: ThroatCoat\n|move|p1a: Glimmora|Sludge Bomb|p2a: BedPost\n|-immune|p2a: BedPost\n|move|p1b: Audino|Yawn|p2a: BedPost\n|-start|p2a: BedPost|move: Yawn|[of] p1b: Audino\n|\n|-weather|RainDance|[upkeep]\n|upkeep\n|turn|10\n|inactive|rumaks-xyz has 30 seconds left.\n|inactive|realsobe has 30 seconds left.\n|inactive|realsobe has 20 seconds left.\n|inactive|realsobe has 15 seconds left.\n|\n|t:|1776333848\n|switch|p2a: AssToy|Blastoise-Mega, L50, F, shiny|20/100\n|move|p1a: Glimmora|Spiky Shield|p1a: Glimmora\n|-singleturn|p1a: Glimmora|move: Protect\n|move|p2b: ThroatCoat|Rage Powder|p2b: ThroatCoat\n|-singleturn|p2b: ThroatCoat|move: Rage Powder\n|move|p1b: Audino|Yawn|p2b: ThroatCoat\n|-start|p2b: ThroatCoat|move: Yawn|[of] p1b: Audino\n|\n|-weather|RainDance|[upkeep]\n|upkeep\n|turn|11\n|inactive|rumaks-xyz has 30 seconds left.\n|inactive|rumaks-xyz has 20 seconds left.\n|inactive|rumaks-xyz has 15 seconds left.\n|\n|t:|1776333888\n|switch|p2b: BedPost|Kingambit, L50, M|100/100\n|move|p1a: Glimmora|Spiky Shield||[still]\n|-fail|p1a: Glimmora\n|move|p2a: AssToy|Protect|p2a: AssToy\n|-singleturn|p2a: AssToy|Protect\n|move|p1b: Audino|Yawn|p2a: AssToy\n|-activate|p2a: AssToy|move: Protect\n|\n|-weather|none\n|upkeep\n|turn|12\n|inactive|rumaks-xyz has 30 seconds left.\n|inactive|realsobe has 30 seconds left.\n|inactive|realsobe has 20 seconds left.\n|inactive|realsobe has 15 seconds left.\n|\n|t:|1776333933\n|switch|p2a: Gargler|Pelipper, L50, F|79/100\n|-weather|RainDance|[from] ability: Drizzle|[of] p2a: Gargler\n|move|p1a: Glimmora|Sludge Bomb|p2a: Gargler\n|-damage|p2a: Gargler|0 fnt\n|faint|p2a: Gargler\n|move|p1b: Audino|Yawn|p2b: BedPost\n|-start|p2b: BedPost|move: Yawn|[of] p1b: Audino\n|move|p2b: BedPost|Iron Head|p1a: Glimmora\n|-supereffective|p1a: Glimmora|1\n|-damage|p1a: Glimmora|6/100\n|\n|-weather|RainDance|[upkeep]\n|upkeep\n|\n|t:|1776333950\n|switch|p2a: AssToy|Blastoise-Mega, L50, F, shiny|20/100\n|turn|13\n|inactive|rumaks-xyz has 30 seconds left.\n|\n|t:|1776333978\n|switch|p2b: ThroatCoat|Sinistcha, L50|87/100\n|-heal|p2a: AssToy|45/100|[from] ability: Hospitality|[of] p2b: ThroatCoat\n|move|p1a: Glimmora|Spiky Shield|p1a: Glimmora\n|-singleturn|p1a: Glimmora|move: Protect\n|move|p2a: AssToy|Protect|p2a: AssToy\n|-singleturn|p2a: AssToy|Protect\n|move|p1b: Audino|Skill Swap|p2b: ThroatCoat\n|-activate|p1b: Audino|Skill Swap|Hospitality|Regenerator|[of] p2b: ThroatCoat\n|-heal|p1a: Glimmora|31/100|[from] ability: Hospitality|[of] p1b: Audino\n|\n|-weather|RainDance|[upkeep]\n|upkeep\n|turn|14\n|inactive|rumaks-xyz has 30 seconds left.\n|inactive|rumaks-xyz has 20 seconds left.\n|inactive|rumaks-xyz has 15 seconds left.\n|inactive|rumaks-xyz has 10 seconds left.\n|inactive|realsobe has 30 seconds left.\n|\n|t:|1776334007\n|move|p2b: ThroatCoat|Rage Powder|p2b: ThroatCoat\n|-singleturn|p2b: ThroatCoat|move: Rage Powder\n|move|p1a: Glimmora|Sludge Bomb|p2b: ThroatCoat\n|-damage|p2b: ThroatCoat|14/100\n|move|p2a: AssToy|Shell Smash|p2a: AssToy\n|-unboost|p2a: AssToy|def|1\n|-unboost|p2a: AssToy|spd|1\n|-boost|p2a: AssToy|atk|2\n|-boost|p2a: AssToy|spa|2\n|-boost|p2a: AssToy|spe|2\n|move|p1b: Audino|Yawn|p2b: ThroatCoat\n|-start|p2b: ThroatCoat|move: Yawn|[of] p1b: Audino\n|\n|-weather|RainDance|[upkeep]\n|upkeep\n|turn|15\n|inactive|rumaks-xyz has 10 seconds left this turn.\n|inactive|rumaks-xyz has 5 seconds left.\n|-message|rumaks-xyz lost due to inactivity.\n|\n|win|realsobe\n|raw|rumaks-xyz's rating: 1164 &rarr; <strong>1137</strong><br />(-27 for losing)\n|raw|realsobe's rating: 1139 &rarr; <strong>1166</strong><br />(+27 for winning)\n|l|\u2606rumaks-xyz\n|player|p1|\n|j|\u2606rumaks-xyz\n|player|p1|rumaks-xyz|cheren-gen5bw2|\n|l|\u2606rumaks-xyz\n|player|p1|\n",
  "uploadtime": 1776334299,
  "views": 22,
  "formatid": "gen9championsvgc2026regma",
  "rating": 1137,
  "private": 0,
  "password": null
}