{
  "id": "gen9championsvgc2026regma-2588647899",
  "format": "[Gen 9 Champions] VGC 2026 Reg M-A",
  "players": [
    "aojo",
    "Tfishappening"
  ],
  "log": "|j|\u2606aojo\n|j|\u2606Tfishappening\n|t:|1776653577\n|gametype|doubles\n|player|p1|aojo|psychic|1157\n|player|p2|Tfishappening|101|1180\n|gen|9\n|tier|[Gen 9 Champions] VGC 2026 Reg M-A\n|rated|\n|rule|Species Clause: Limit one of each Pok\u00e9mon\n|rule|Item Clause: Limit 1 of each item\n|clearpoke\n|poke|p1|Kingambit, L50, M|\n|poke|p1|Golurk, L50|\n|poke|p1|Slowking, L50, F|\n|poke|p1|Incineroar, L50, M|\n|poke|p1|Farigiraf, L50, F|\n|poke|p1|Sylveon, L50, F|\n|poke|p2|Sneasler, L50, F|\n|poke|p2|Whimsicott, L50, F|\n|poke|p2|Floette-Eternal, L50, F|\n|poke|p2|Kingambit, L50, F|\n|poke|p2|Garchomp, L50, M|\n|poke|p2|Charizard, L50, F|\n|teampreview|4\n|\n|t:|1776653621\n|teamsize|p1|4\n|teamsize|p2|4\n|start\n|switch|p1a: Farigiraf|Farigiraf, L50, F|100/100\n|switch|p1b: Slowking|Slowking, L50, F|100/100\n|switch|p2a: Whimsicott|Whimsicott, L50, F|100/100\n|switch|p2b: Kingambit|Kingambit, L50, F|100/100\n|turn|1\n|inactive|Battle timer is ON: inactive players will automatically lose when time's up. (requested by Tfishappening)\n|\n|t:|1776653650\n|switch|p1a: Golurk|Golurk, L50|100/100\n|move|p2a: Whimsicott|Moonblast|p1a: Golurk\n|-damage|p1a: Golurk|63/100\n|move|p2b: Kingambit|Kowtow Cleave|p1a: Golurk\n|-supereffective|p1a: Golurk|1\n|-damage|p1a: Golurk|0 fnt\n|faint|p1a: Golurk\n|move|p1b: Slowking|Trick Room|p1b: Slowking\n|-fieldstart|move: Trick Room|[of] p1b: Slowking\n|\n|upkeep\n|\n|t:|1776653658\n|switch|p1a: Kingambit|Kingambit, L50, M|100/100\n|turn|2\n|\n|t:|1776653679\n|move|p2b: Kingambit|Sucker Punch|p1a: Kingambit\n|-resisted|p1a: Kingambit|1\n|-damage|p1a: Kingambit|84/100\n|move|p2a: Whimsicott|Encore|p1b: Slowking\n|-start|p1b: Slowking|Encore\n|move|p1a: Kingambit|Low Kick|p2b: Kingambit\n|-supereffective|p2b: Kingambit|2\n|-enditem|p2b: Kingambit|Chople Berry|[eat]\n|-enditem|p2b: Kingambit|Chople Berry|[weaken]\n|-damage|p2b: Kingambit|43/100\n|move|p1b: Slowking|Trick Room|p1b: Slowking\n|-fieldend|move: Trick Room\n|\n|upkeep\n|turn|3\n|\n|t:|1776653698\n|move|p2a: Whimsicott|Moonblast|p1b: Slowking\n|-damage|p1b: Slowking|72/100\n|move|p2b: Kingambit|Kowtow Cleave|p1b: Slowking\n|-supereffective|p1b: Slowking|1\n|-damage|p1b: Slowking|0 fnt\n|faint|p1b: Slowking\n|move|p1a: Kingambit|Low Kick|p2b: Kingambit\n|-supereffective|p2b: Kingambit|2\n|-damage|p2b: Kingambit|0 fnt\n|faint|p2b: Kingambit\n|\n|upkeep\n|\n|t:|1776653712\n|switch|p2b: Charizard|Charizard, L50, F|100/100\n|switch|p1b: Farigiraf|Farigiraf, L50, F|100/100\n|turn|4\n|\n|t:|1776653721\n|detailschange|p2b: Charizard|Charizard-Mega-Y, L50, F\n|-mega|p2b: Charizard|Charizard|Charizardite Y\n|-weather|SunnyDay|[from] ability: Drought|[of] p2b: Charizard\n|move|p1b: Farigiraf|Helping Hand|p1a: Kingambit\n|-singleturn|p1a: Kingambit|Helping Hand|[of] p1b: Farigiraf\n|move|p1a: Kingambit|Sucker Punch|p2b: Charizard\n|-damage|p2b: Charizard|12/100\n|move|p2a: Whimsicott|Moonblast|p1b: Farigiraf\n|-damage|p1b: Farigiraf|71/100\n|move|p2b: Charizard|Heat Wave|p1a: Kingambit|[spread] p1a,p1b\n|-supereffective|p1a: Kingambit|1\n|-damage|p1a: Kingambit|0 fnt\n|-damage|p1b: Farigiraf|12/100\n|faint|p1a: Kingambit\n|\n|-weather|SunnyDay|[upkeep]\n|upkeep\n|turn|5\n|\n|t:|1776653743\n|move|p2a: Whimsicott|Tailwind|p2a: Whimsicott\n|-sidestart|p2: Tfishappening|move: Tailwind\n|move|p2b: Charizard|Heat Wave|p1b: Farigiraf\n|-damage|p1b: Farigiraf|0 fnt\n|faint|p1b: Farigiraf\n|\n|win|Tfishappening\n|raw|aojo's rating: 1157 &rarr; <strong>1134</strong><br />(-23 for losing)\n|raw|Tfishappening's rating: 1180 &rarr; <strong>1203</strong><br />(+23 for winning)\n|l|\u2606aojo\n|player|p1|\n",
  "uploadtime": 1776653763,
  "views": 5,
  "formatid": "gen9championsvgc2026regma",
  "rating": 1134,
  "private": 0,
  "password": null
}