{
  "id": "gen9championsvgc2026regma-2582954315",
  "format": "[Gen 9 Champions] VGC 2026 Reg M-A",
  "players": [
    "sanic123dx",
    "superboy245"
  ],
  "log": "|j|\u2606sanic123dx\n|j|\u2606superboy245\n|t:|1776128101\n|gametype|doubles\n|player|p1|sanic123dx|pilot|1199\n|player|p2|superboy245|buck|1249\n|gen|9\n|tier|[Gen 9 Champions] VGC 2026 Reg M-A\n|rated|\n|rule|Species Clause: Limit one of each Pok\u00e9mon\n|rule|Item Clause: Limit 1 of each item\n|clearpoke\n|poke|p1|Primarina, L50, F|\n|poke|p1|Scizor, L50, M|\n|poke|p1|Slowbro, L50, M|\n|poke|p1|Farigiraf, L50, F|\n|poke|p1|Arcanine-Hisui, L50, M|\n|poke|p1|Abomasnow, L50, M|\n|poke|p2|Greninja-*, L50, M|\n|poke|p2|Politoed, L50, M|\n|poke|p2|Basculegion, L50, M|\n|poke|p2|Lucario, L50, M|\n|poke|p2|Sinistcha, L50|\n|poke|p2|Toxicroak, L50, M|\n|teampreview|4\n|inactive|Battle timer is ON: inactive players will automatically lose when time's up. (requested by sanic123dx)\n|l|\u2606sanic123dx\n|inactive|sanic123dx disconnected and has a minute to reconnect!\n|player|p1|\nsuperboy245 rejected open team sheets.\n|j|\u2606sanic123dx\n|inactive|sanic123dx reconnected and has 80 seconds left.\n|player|p1|sanic123dx|pilot|\n|inactive|sanic123dx has 60 seconds left.\n|inactive|superboy245 has 60 seconds left.\n|\n|t:|1776128156\n|teamsize|p1|4\n|teamsize|p2|4\n|start\n|switch|p1a: Farigiraf|Farigiraf, L50, F|100/100\n|switch|p1b: Abomasnow|Abomasnow, L50, M, shiny|100/100\n|switch|p2a: Lucario|Lucario, L50, M|100/100\n|switch|p2b: Basculegion|Basculegion, L50, M|100/100\n|-weather|Snowscape|[from] ability: Snow Warning|[of] p1b: Abomasnow\n|turn|1\n|\n|t:|1776128176\n|detailschange|p2a: Lucario|Lucario-Mega, L50, M\n|-mega|p2a: Lucario|Lucario|Lucarionite\n|move|p1b: Abomasnow|Protect|p1b: Abomasnow\n|-singleturn|p1b: Abomasnow|Protect\n|move|p2a: Lucario|Close Combat|p1a: Farigiraf\n|-damage|p1a: Farigiraf|6/100\n|-unboost|p2a: Lucario|def|1\n|-unboost|p2a: Lucario|spd|1\n|-enditem|p1a: Farigiraf|Sitrus Berry|[eat]\n|-heal|p1a: Farigiraf|31/100|[from] item: Sitrus Berry\n|move|p2b: Basculegion|Flip Turn|p1a: Farigiraf\n|-damage|p1a: Farigiraf|0 fnt\n|faint|p1a: Farigiraf\n|\n|t:|1776128194\n|switch|p2b: Sinistcha|Sinistcha, L50|100/100|[from] Flip Turn\n|\n|-weather|Snowscape|[upkeep]\n|upkeep\n|\n|t:|1776128198\n|switch|p1a: Arcanine|Arcanine-Hisui, L50, M|100/100\n|turn|2\n|\n|t:|1776128209\n|detailschange|p1b: Abomasnow|Abomasnow-Mega, L50, M, shiny\n|-mega|p1b: Abomasnow|Abomasnow|Abomasite\n|move|p1a: Arcanine|Protect|p1a: Arcanine\n|-singleturn|p1a: Arcanine|Protect\n|move|p2b: Sinistcha|Rage Powder|p2b: Sinistcha\n|-singleturn|p2b: Sinistcha|move: Rage Powder\n|move|p2a: Lucario|Close Combat|p1b: Abomasnow\n|-supereffective|p1b: Abomasnow|1\n|-damage|p1b: Abomasnow|0 fnt\n|-unboost|p2a: Lucario|def|1\n|-unboost|p2a: Lucario|spd|1\n|faint|p1b: Abomasnow\n|\n|-weather|Snowscape|[upkeep]\n|upkeep\n|\n|t:|1776128219\n|switch|p1b: Scizor|Scizor, L50, M|100/100\n|turn|3\n|\n|t:|1776128229\n|move|p2b: Sinistcha|Rage Powder|p2b: Sinistcha\n|-singleturn|p2b: Sinistcha|move: Rage Powder\n|move|p2a: Lucario|Close Combat|p1b: Scizor\n|-damage|p1b: Scizor|10/100\n|-unboost|p2a: Lucario|def|1\n|-unboost|p2a: Lucario|spd|1\n|move|p1a: Arcanine|Flare Blitz|p2b: Sinistcha\n|-supereffective|p2b: Sinistcha|1\n|-damage|p2b: Sinistcha|5/100\n|move|p1b: Scizor|Dual Wingbeat|p2b: Sinistcha\n|-supereffective|p2b: Sinistcha|1\n|-damage|p2b: Sinistcha|0 fnt\n|faint|p2b: Sinistcha\n|-hitcount|p2: Sinistcha|1\n|\n|-weather|Snowscape|[upkeep]\n|upkeep\n|\n|t:|1776128239\n|switch|p2b: Basculegion|Basculegion, L50, M|100/100\n|turn|4\n|\n|t:|1776128247\n|switch|p2a: Politoed|Politoed, L50, M|100/100\n|-weather|RainDance|[from] ability: Drizzle|[of] p2a: Politoed\n|move|p1b: Scizor|Protect|p1b: Scizor\n|-singleturn|p1b: Scizor|Protect\n|move|p2b: Basculegion|Flip Turn|p1b: Scizor\n|-activate|p1b: Scizor|move: Protect\n|move|p1a: Arcanine|Wild Charge|p2b: Basculegion\n|-supereffective|p2b: Basculegion|1\n|-damage|p2b: Basculegion|14/100\n|\n|-weather|RainDance|[upkeep]\n|upkeep\n|turn|5\n|\n|t:|1776128265\n|move|p2b: Basculegion|Aqua Jet|p1b: Scizor\n|-damage|p1b: Scizor|0 fnt\n|faint|p1b: Scizor\n|move|p1a: Arcanine|Wild Charge|p2a: Politoed\n|-supereffective|p2a: Politoed|1\n|-damage|p2a: Politoed|23/100\n|-enditem|p2a: Politoed|Sitrus Berry|[eat]\n|-heal|p2a: Politoed|48/100|[from] item: Sitrus Berry\n|move|p2a: Politoed|Weather Ball|p1a: Arcanine\n|-supereffective|p1a: Arcanine|2\n|-damage|p1a: Arcanine|0 fnt\n|faint|p1a: Arcanine\n|\n|win|superboy245\n|raw|sanic123dx's rating: 1199 &rarr; <strong>1178</strong><br />(-21 for losing)\n|raw|superboy245's rating: 1249 &rarr; <strong>1270</strong><br />(+21 for winning)\n",
  "uploadtime": 1776128272,
  "views": 15,
  "formatid": "gen9championsvgc2026regma",
  "rating": 1178,
  "private": 0,
  "password": null
}