{
  "id": "gen9championsvgc2026regma-2585891572",
  "format": "[Gen 9 Champions] VGC 2026 Reg M-A",
  "players": [
    "darthaninho",
    "imfinking"
  ],
  "log": "|j|\u2606darthaninho\n|j|\u2606imfinking\n|t:|1776378926\n|gametype|doubles\n|player|p1|darthaninho|striker|1286\n|player|p2|imfinking|sada|1340\n|gen|9\n|tier|[Gen 9 Champions] VGC 2026 Reg M-A\n|rated|\n|rule|Species Clause: Limit one of each Pok\u00e9mon\n|rule|Item Clause: Limit 1 of each item\n|clearpoke\n|poke|p1|Garchomp, L50, M|\n|poke|p1|Aerodactyl, L50, M|\n|poke|p1|Venusaur, L50, F|\n|poke|p1|Torkoal, L50, F|\n|poke|p1|Kingambit, L50, M|\n|poke|p1|Basculegion-F, L50, F|\n|poke|p2|Venusaur, L50, M|\n|poke|p2|Torkoal, L50, M|\n|poke|p2|Farigiraf, L50, F|\n|poke|p2|Golurk, L50|\n|poke|p2|Incineroar, L50, F|\n|poke|p2|Sneasler, L50, F|\n|teampreview|4\n|\n|t:|1776378964\n|teamsize|p1|4\n|teamsize|p2|4\n|start\n|switch|p1a: Venusaur|Venusaur, L50, F|100/100\n|switch|p1b: Basculegion|Basculegion-F, L50, F|100/100\n|switch|p2a: melman|Farigiraf, L50, F|100/100\n|switch|p2b: pingas bird|Sneasler, L50, F|100/100\n|turn|1\n|\n|t:|1776378989\n|detailschange|p1a: Venusaur|Venusaur-Mega, L50, F\n|-mega|p1a: Venusaur|Venusaur|Venusaurite\n|move|p2b: pingas bird|Fake Out|p1a: Venusaur\n|-damage|p1a: Venusaur|89/100\n|move|p1b: Basculegion|Muddy Water|p2b: pingas bird|[spread] p2a,p2b\n|-damage|p2a: melman|62/100\n|-damage|p2b: pingas bird|42/100\n|-unboost|p2a: melman|accuracy|1\n|cant|p1a: Venusaur|flinch\n|move|p2a: melman|Trick Room|p2a: melman\n|-fieldstart|move: Trick Room|[of] p2a: melman\n|\n|upkeep\n|turn|2\n|\n|t:|1776379026\n|switch|p2b: mama luigi|Venusaur, L50, M|100/100\n|move|p2a: melman|Psychic|p1a: Venusaur\n|-supereffective|p1a: Venusaur|1\n|-damage|p1a: Venusaur|19/100\n|-unboost|p1a: Venusaur|spd|1\n|move|p1a: Venusaur|Sludge Bomb|p2a: melman\n|-damage|p2a: melman|17/100\n|-status|p2a: melman|psn\n|-enditem|p2a: melman|Sitrus Berry|[eat]\n|-heal|p2a: melman|42/100 psn|[from] item: Sitrus Berry\n|move|p1b: Basculegion|Muddy Water|p2a: melman|[spread] p2a,p2b\n|-resisted|p2b: mama luigi|1\n|-damage|p2a: melman|3/100 psn\n|-damage|p2b: mama luigi|79/100\n|\n|-damage|p2a: melman|0 fnt|[from] psn\n|faint|p2a: melman\n|upkeep\n|\n|t:|1776379042\n|switch|p2a: or is it the bagel|Torkoal, L50, M|100/100\n|-weather|SunnyDay|[from] ability: Drought|[of] p2a: or is it the bagel\n|turn|3\n|\n|t:|1776379051\n|detailschange|p2b: mama luigi|Venusaur-Mega, L50, M\n|-mega|p2b: mama luigi|Venusaur|Venusaurite\n|move|p1a: Venusaur|Protect|p1a: Venusaur\n|-singleturn|p1a: Venusaur|Protect\n|move|p2a: or is it the bagel|Eruption|p1b: Basculegion|[spread] p1b\n|-activate|p1a: Venusaur|move: Protect\n|-resisted|p1b: Basculegion|1\n|-damage|p1b: Basculegion|54/100\n|move|p2b: mama luigi|Giga Drain|p1b: Basculegion\n|-supereffective|p1b: Basculegion|1\n|-damage|p1b: Basculegion|0 fnt\n|-heal|p2b: mama luigi|100/100|[from] drain|[of] p1b: Basculegion\n|faint|p1b: Basculegion\n|\n|-weather|SunnyDay|[upkeep]\n|upkeep\n|\n|t:|1776379070\n|switch|p1b: Torkoal|Torkoal, L50, F|100/100\n|turn|4\n|\n|t:|1776379093\n|move|p2a: or is it the bagel|Eruption|p1b: Torkoal|[spread] p1a,p1b\n|-supereffective|p1a: Venusaur|1\n|-resisted|p1b: Torkoal|1\n|-damage|p1a: Venusaur|0 fnt\n|-damage|p1b: Torkoal|41/100\n|-enditem|p1b: Torkoal|Sitrus Berry|[eat]\n|-heal|p1b: Torkoal|66/100|[from] item: Sitrus Berry\n|faint|p1a: Venusaur\n|move|p1b: Torkoal|Earth Power|p2a: or is it the bagel\n|-supereffective|p2a: or is it the bagel|1\n|-damage|p2a: or is it the bagel|29/100\n|move|p2b: mama luigi|Giga Drain|p1b: Torkoal\n|-resisted|p1b: Torkoal|1\n|-damage|p1b: Torkoal|37/100\n|\n|-weather|SunnyDay|[upkeep]\n|upkeep\n|\n|t:|1776379105\n|switch|p1a: Kingambit|Kingambit, L50, M|100/100\n|turn|5\n|\n|t:|1776379118\n|move|p2a: or is it the bagel|Helping Hand|p2b: mama luigi\n|-singleturn|p2b: mama luigi|Helping Hand|[of] p2a: or is it the bagel\n|move|p1a: Kingambit|Sucker Punch||[still]\n|-fail|p1a: Kingambit\n|move|p1b: Torkoal|Heat Wave|p2a: or is it the bagel|[spread] p2a,p2b\n|-resisted|p2a: or is it the bagel|1\n|-supereffective|p2b: mama luigi|1\n|-damage|p2a: or is it the bagel|0 fnt\n|-damage|p2b: mama luigi|64/100\n|-status|p2b: mama luigi|brn\n|faint|p2a: or is it the bagel\n|move|p2b: mama luigi|Earth Power|p1a: Kingambit\n|-supereffective|p1a: Kingambit|1\n|-damage|p1a: Kingambit|7/100\n|\n|-weather|SunnyDay|[upkeep]\n|-damage|p2b: mama luigi|58/100 brn|[from] brn\n|-fieldend|move: Trick Room\n|upkeep\n|\n|t:|1776379132\n|switch|p2a: pingas bird|Sneasler, L50, F|42/100\n|turn|6\n|\n|t:|1776379179\n|move|p2a: pingas bird|Fake Out|p1a: Kingambit\n|-resisted|p1a: Kingambit|1\n|-damage|p1a: Kingambit|2/100\n|cant|p1a: Kingambit|flinch\n|move|p2b: mama luigi|Earth Power|p1b: Torkoal\n|-supereffective|p1b: Torkoal|1\n|-damage|p1b: Torkoal|0 fnt\n|faint|p1b: Torkoal\n|\n|-weather|SunnyDay|[upkeep]\n|-damage|p2b: mama luigi|52/100 brn|[from] brn\n|upkeep\n|turn|7\n|-message|darthaninho forfeited.\n|\n|win|imfinking\n|raw|darthaninho's rating: 1286 &rarr; <strong>1265</strong><br />(-21 for losing)\n|raw|imfinking's rating: 1340 &rarr; <strong>1357</strong><br />(+17 for winning)\n|l|\u2606darthaninho\n|player|p1|\n",
  "uploadtime": 1776379211,
  "views": 27,
  "formatid": "gen9championsvgc2026regma",
  "rating": 1265,
  "private": 0,
  "password": null
}