{
  "id": "gen9championsvgc2026regma-2589460022",
  "format": "[Gen 9 Champions] VGC 2026 Reg M-A",
  "players": [
    "azucool",
    "DragonairJordan23"
  ],
  "log": "|j|\u2606azucool\n|j|\u2606DragonairJordan23\n|t:|1776724904\n|gametype|doubles\n|player|p1|azucool|madame|1080\n|player|p2|DragonairJordan23|dancer|1165\n|gen|9\n|tier|[Gen 9 Champions] VGC 2026 Reg M-A\n|rated|\n|rule|Species Clause: Limit one of each Pok\u00e9mon\n|rule|Item Clause: Limit 1 of each item\n|clearpoke\n|poke|p1|Incineroar, L50, F|\n|poke|p1|Scizor, L50, M|\n|poke|p1|Farigiraf, L50, M|\n|poke|p1|Drampa, L50, F|\n|poke|p1|Alcremie, L50, F|\n|poke|p1|Azumarill, L50, M|\n|poke|p2|Pelipper, L50, M|\n|poke|p2|Scovillain, L50, M|\n|poke|p2|Archaludon, L50, M|\n|poke|p2|Basculegion, L50, M|\n|poke|p2|Mimikyu, L50, F|\n|poke|p2|Kangaskhan, L50, F|\n|teampreview|4\n|inactive|Battle timer is ON: inactive players will automatically lose when time's up. (requested by azucool)\n|\n|t:|1776724930\n|teamsize|p1|4\n|teamsize|p2|4\n|start\n|switch|p1a: Farigiraf|Farigiraf, L50, M|100/100\n|switch|p1b: Alcremie|Alcremie, L50, F|100/100\n|switch|p2a: Scovillain|Scovillain, L50, M|100/100\n|switch|p2b: Basculegion|Basculegion, L50, M|100/100\n|turn|1\n|\n|t:|1776724945\n|detailschange|p2a: Scovillain|Scovillain-Mega, L50, M\n|-mega|p2a: Scovillain|Scovillain|Scovillainite\n|move|p2b: Basculegion|Wave Crash|p1a: Farigiraf\n|-damage|p1a: Farigiraf|14/100\n|-damage|p2b: Basculegion|67/100|[from] Recoil\n|move|p2a: Scovillain|Fire Spin|p1a: Farigiraf\n|-damage|p1a: Farigiraf|0 fnt\n|faint|p1a: Farigiraf\n|move|p1b: Alcremie|Decorate|p1: Farigiraf|[notarget]\n|-fail|p1b: Alcremie\n|\n|upkeep\n|\n|t:|1776724958\n|switch|p1a: Drampa|Drampa, L50, F|100/100\n|turn|2\n|\n|t:|1776724980\n|detailschange|p1a: Drampa|Drampa-Mega, L50, F\n|-mega|p1a: Drampa|Drampa|Drampanite\n|move|p2b: Basculegion|Wave Crash|p1b: Alcremie\n|-crit|p1b: Alcremie\n|-enditem|p1b: Alcremie|Focus Sash\n|-damage|p1b: Alcremie|1/100\n|-damage|p2b: Basculegion|38/100|[from] Recoil\n|move|p2a: Scovillain|Fire Spin|p1b: Alcremie\n|-crit|p1b: Alcremie\n|-damage|p1b: Alcremie|0 fnt\n|faint|p1b: Alcremie\n|move|p1a: Drampa|Draco Meteor|p2a: Scovillain\n|-damage|p2a: Scovillain|9/100\n|-unboost|p1a: Drampa|spa|2\n|-status|p1a: Drampa|brn|[from] ability: Spicy Spray|[of] p2a: Scovillain\n|\n|-damage|p1a: Drampa|95/100 brn|[from] brn\n|upkeep\n|\n|t:|1776724989\n|switch|p1b: Azumarill|Azumarill, L50, M|100/100\n|turn|3\n|\n|t:|1776724998\n|switch|p2b: Mimikyu|Mimikyu, L50, F|100/100\n|move|p2a: Scovillain|Rage Powder|p2a: Scovillain\n|-singleturn|p2a: Scovillain|move: Rage Powder\n|move|p1b: Azumarill|Aqua Jet|p2a: Scovillain\n|-damage|p2a: Scovillain|0 fnt\n|-status|p1b: Azumarill|brn|[from] ability: Spicy Spray|[of] p2a: Scovillain\n|faint|p2a: Scovillain\n|move|p1a: Drampa|Thunderbolt|p2b: Mimikyu\n|-activate|p2b: Mimikyu|ability: Disguise\n|-damage|p2b: Mimikyu|100/100\n|-status|p2b: Mimikyu|par\n|detailschange|p2b: Mimikyu|Mimikyu-Busted, L50, F\n|-damage|p2b: Mimikyu|88/100 par|[from] pokemon: Mimikyu-Busted\n|\n|-damage|p1b: Azumarill|95/100 brn|[from] brn\n|-damage|p1a: Drampa|89/100 brn|[from] brn\n|upkeep\n|\n|t:|1776725011\n|switch|p2a: Basculegion|Basculegion, L50, M|38/100\n|turn|4\n|\n|t:|1776725021\n|move|p1b: Azumarill|Aqua Jet|p2b: Mimikyu\n|-damage|p2b: Mimikyu|71/100 par\n|move|p2a: Basculegion|Last Respects|p1b: Azumarill\n|-damage|p1b: Azumarill|34/100 brn\n|-enditem|p1b: Azumarill|Sitrus Berry|[eat]\n|-heal|p1b: Azumarill|58/100 brn|[from] item: Sitrus Berry\n|move|p2b: Mimikyu|Play Rough|p1a: Drampa\n|-supereffective|p1a: Drampa|1\n|-damage|p1a: Drampa|19/100 brn\n|-ability|p1a: Drampa|Berserk|boost\n|-boost|p1a: Drampa|spa|1\n|move|p1a: Drampa|Thunderbolt|p2a: Basculegion\n|-supereffective|p2a: Basculegion|1\n|-damage|p2a: Basculegion|0 fnt\n|faint|p2a: Basculegion\n|\n|-damage|p1b: Azumarill|53/100 brn|[from] brn\n|-damage|p1a: Drampa|13/100 brn|[from] brn\n|upkeep\n|inactive|DragonairJordan23 has 30 seconds left.\n|inactive|DragonairJordan23 has 20 seconds left.\n|inactive|DragonairJordan23 has 15 seconds left.\n|inactive|DragonairJordan23 has 10 seconds left.\n|inactive|DragonairJordan23 has 5 seconds left.\n|\n|t:|1776725076\n|switch|p2a: Pelipper|Pelipper, L50, M|100/100\n|-weather|RainDance|[from] ability: Drizzle|[of] p2a: Pelipper\n|turn|5\n|inactive|DragonairJordan23 has 30 seconds left.\n|inactive|DragonairJordan23 has 20 seconds left.\n|inactive|DragonairJordan23 has 15 seconds left.\n|inactive|DragonairJordan23 has 10 seconds left.\n|inactive|DragonairJordan23 has 5 seconds left.\n|\n|t:|1776725132\n|move|p1a: Drampa|Protect|p1a: Drampa\n|-singleturn|p1a: Drampa|Protect\n|move|p2b: Mimikyu|Shadow Sneak|p1b: Azumarill\n|-damage|p1b: Azumarill|33/100 brn\n|move|p2a: Pelipper|Hurricane|p1b: Azumarill\n|-damage|p1b: Azumarill|0 fnt\n|faint|p1b: Azumarill\n|\n|-weather|RainDance|[upkeep]\n|-damage|p1a: Drampa|8/100 brn|[from] brn\n|upkeep\n|turn|6\n|-message|azucool forfeited.\n|\n|win|DragonairJordan23\n|raw|azucool's rating: 1080 &rarr; <strong>1063</strong><br />(-17 for losing)\n|raw|DragonairJordan23's rating: 1165 &rarr; <strong>1184</strong><br />(+19 for winning)\n|l|\u2606azucool\n|player|p1|\n",
  "uploadtime": 1776725152,
  "views": 10,
  "formatid": "gen9championsvgc2026regma",
  "rating": 1063,
  "private": 0,
  "password": null
}