{
  "id": "gen9championsvgc2026regma-2585018385",
  "format": "[Gen 9 Champions] VGC 2026 Reg M-A",
  "players": [
    "vnunesp12",
    "BigSketch0"
  ],
  "log": "|j|\u2606vnunesp12\n|j|\u2606BigSketch0\n|t:|1776303811\n|gametype|doubles\n|player|p1|vnunesp12|red|1062\n|player|p2|BigSketch0|101|1047\n|gen|9\n|tier|[Gen 9 Champions] VGC 2026 Reg M-A\n|rated|\n|rule|Species Clause: Limit one of each Pok\u00e9mon\n|rule|Item Clause: Limit 1 of each item\n|clearpoke\n|poke|p1|Froslass, L50, F|\n|poke|p1|Sneasler, L50, F|\n|poke|p1|Kingambit, L50, F|\n|poke|p1|Garchomp, L50, F|\n|poke|p1|Talonflame, L50, M|\n|poke|p1|Primarina, L50, F|\n|poke|p2|Pelipper, L50, M|\n|poke|p2|Clefable, L50, F|\n|poke|p2|Basculegion, L50, M|\n|poke|p2|Blastoise, L50, F|\n|poke|p2|Krookodile, L50, F|\n|poke|p2|Hawlucha, L50, M|\n|teampreview|4\n|inactive|Battle timer is ON: inactive players will automatically lose when time's up. (requested by BigSketch0)\n|inactive|BigSketch0 has 60 seconds left.\n|inactive|BigSketch0 has 30 seconds left.\n|\n|t:|1776303878\n|teamsize|p1|4\n|teamsize|p2|4\n|start\n|switch|p1a: Erick|Kingambit, L50, F|100/100\n|switch|p1b: Everaldo|Froslass, L50, F|100/100\n|switch|p2a: Pelipper|Pelipper, L50, M|100/100\n|switch|p2b: Basculegion|Basculegion, L50, M|100/100\n|-weather|RainDance|[from] ability: Drizzle|[of] p2a: Pelipper\n|turn|1\n|\n|t:|1776303897\n|switch|p2a: Clefable|Clefable, L50, F|100/100\n|detailschange|p1b: Everaldo|Froslass-Mega, L50, F\n|-mega|p1b: Everaldo|Froslass|Froslassite\n|-weather|Snowscape|[from] ability: Snow Warning|[of] p1b: Everaldo\n|move|p1b: Everaldo|Protect|p1b: Everaldo\n|-singleturn|p1b: Everaldo|Protect\n|move|p1a: Erick|Sucker Punch|p2b: Basculegion\n|-supereffective|p2b: Basculegion|1\n|-damage|p2b: Basculegion|0 fnt\n|faint|p2b: Basculegion\n|\n|-weather|Snowscape|[upkeep]\n|upkeep\n|\n|t:|1776303909\n|switch|p2b: Pelipper|Pelipper, L50, M|100/100\n|-weather|RainDance|[from] ability: Drizzle|[of] p2b: Pelipper\n|turn|2\n|\n|t:|1776303928\n|switch|p1b: Sanabria|Primarina, L50, F|100/100\n|move|p2a: Clefable|Follow Me|p2a: Clefable\n|-singleturn|p2a: Clefable|move: Follow Me\n|move|p2b: Pelipper|Tailwind|p2b: Pelipper\n|-sidestart|p2: BigSketch0|move: Tailwind\n|move|p1a: Erick|Iron Head|p2a: Clefable\n|-supereffective|p2a: Clefable|1\n|-damage|p2a: Clefable|1/100\n|-enditem|p2a: Clefable|Sitrus Berry|[eat]\n|-heal|p2a: Clefable|26/100|[from] item: Sitrus Berry\n|\n|-weather|RainDance|[upkeep]\n|upkeep\n|turn|3\n|inactive|BigSketch0 has 30 seconds left.\n|inactive|BigSketch0 has 20 seconds left.\n|\n|t:|1776303968\n|move|p2a: Clefable|Protect|p2a: Clefable\n|-singleturn|p2a: Clefable|Protect\n|move|p1a: Erick|Protect|p1a: Erick\n|-singleturn|p1a: Erick|Protect\n|move|p2b: Pelipper|U-turn|p1a: Erick\n|-activate|p1a: Erick|move: Protect\n|move|p1b: Sanabria|Hyper Voice|p2a: Clefable|[spread] p2b\n|-activate|p2a: Clefable|move: Protect\n|-resisted|p2b: Pelipper|1\n|-damage|p2b: Pelipper|68/100\n|\n|-weather|RainDance|[upkeep]\n|upkeep\n|turn|4\n|\n|t:|1776303988\n|switch|p2a: Blastoise|Blastoise, L50, F|100/100\n|move|p2b: Pelipper|Wide Guard|p2b: Pelipper\n|-singleturn|p2b: Pelipper|Wide Guard\n|move|p1a: Erick|Sucker Punch||[still]\n|-fail|p1a: Erick\n|move|p1b: Sanabria|Hyper Voice|p2b: Pelipper|[spread] \n|-activate|p2a: Blastoise|move: Wide Guard\n|-activate|p2b: Pelipper|move: Wide Guard\n|\n|-weather|RainDance|[upkeep]\n|upkeep\n|turn|5\n|inactive|BigSketch0 has 30 seconds left.\n|\n|t:|1776304017\n|detailschange|p2a: Blastoise|Blastoise-Mega, L50, F\n|-mega|p2a: Blastoise|Blastoise|Blastoisinite\n|move|p2a: Blastoise|Water Spout|p1a: Erick|[spread] p1a,p1b\n|-resisted|p1b: Sanabria|1\n|-damage|p1a: Erick|3/100\n|-damage|p1b: Sanabria|55/100\n|move|p2b: Pelipper|Hurricane|p1b: Sanabria\n|-damage|p1b: Sanabria|25/100\n|move|p1b: Sanabria|Moonblast|p2b: Pelipper\n|-damage|p2b: Pelipper|6/100\n|move|p1a: Erick|Kowtow Cleave|p2a: Blastoise\n|-damage|p2a: Blastoise|45/100\n|\n|-weather|RainDance|[upkeep]\n|-heal|p1b: Sanabria|31/100|[from] item: Leftovers\n|-sideend|p2: BigSketch0|move: Tailwind\n|upkeep\n|turn|6\n|inactive|BigSketch0 has 30 seconds left.\n|\n|t:|1776304048\n|move|p2a: Blastoise|Protect|p2a: Blastoise\n|-singleturn|p2a: Blastoise|Protect\n|move|p1b: Sanabria|Protect|p1b: Sanabria\n|-singleturn|p1b: Sanabria|Protect\n|move|p1a: Erick|Sucker Punch||[still]\n|-fail|p1a: Erick\n|move|p2b: Pelipper|Tailwind|p2b: Pelipper\n|-sidestart|p2: BigSketch0|move: Tailwind\n|\n|-weather|none\n|-heal|p1b: Sanabria|37/100|[from] item: Leftovers\n|upkeep\n|turn|7\n|inactive|BigSketch0 has 30 seconds left.\n|inactive|BigSketch0 has 20 seconds left.\n|\n|t:|1776304083\n|switch|p1b: Everaldo|Froslass-Mega, L50, F|100/100\n|-weather|Snowscape|[from] ability: Snow Warning|[of] p1b: Everaldo\n|move|p1a: Erick|Sucker Punch|p2a: Blastoise\n|-damage|p2a: Blastoise|0 fnt\n|faint|p2a: Blastoise\n|move|p2b: Pelipper|Hurricane|p1b: Everaldo\n|-damage|p1b: Everaldo|55/100\n|\n|-weather|Snowscape|[upkeep]\n|upkeep\n|-message|BigSketch0 forfeited.\n|\n|win|vnunesp12\n|raw|vnunesp12's rating: 1062 &rarr; <strong>1091</strong><br />(+29 for winning)\n|raw|BigSketch0's rating: 1047 &rarr; <strong>1031</strong><br />(-16 for losing)\n|l|\u2606BigSketch0\n|player|p2|\n",
  "uploadtime": 1776304108,
  "views": 27,
  "formatid": "gen9championsvgc2026regma",
  "rating": 1031,
  "private": 0,
  "password": null
}