{
  "id": "gen9championsvgc2026regma-2587229935",
  "format": "[Gen 9 Champions] VGC 2026 Reg M-A",
  "players": [
    "arneslotvgc",
    "THUNDERBOY4272"
  ],
  "log": "|j|\u2606arneslotvgc\n|j|\u2606THUNDERBOY4272\n|t:|1776511933\n|gametype|doubles\n|player|p1|arneslotvgc|170|1183\n|player|p2|THUNDERBOY4272|1|1145\n|gen|9\n|tier|[Gen 9 Champions] VGC 2026 Reg M-A\n|rated|\n|rule|Species Clause: Limit one of each Pok\u00e9mon\n|rule|Item Clause: Limit 1 of each item\n|clearpoke\n|poke|p1|Aggron, L50, M|\n|poke|p1|Pelipper, L50, F|\n|poke|p1|Archaludon, L50, F|\n|poke|p1|Sinistcha-Masterpiece, L50|\n|poke|p1|Sableye, L50, M|\n|poke|p1|Sneasler, L50, F|\n|poke|p2|Floette-Eternal, L50, F, shiny|\n|poke|p2|Palafin, L50, M, shiny|\n|poke|p2|Incineroar, L50, M, shiny|\n|poke|p2|Sinistcha, L50, shiny|\n|poke|p2|Delphox, L50, F, shiny|\n|poke|p2|Aerodactyl, L50, M, shiny|\n|teampreview|4\n|inactive|Battle timer is ON: inactive players will automatically lose when time's up. (requested by THUNDERBOY4272)\nTHUNDERBOY4272 rejected open team sheets.\n|inactive|THUNDERBOY4272 has 60 seconds left.\n|\n|t:|1776511969\n|teamsize|p1|4\n|teamsize|p2|4\n|start\n|switch|p1a: Aggron|Aggron, L50, M|100/100\n|switch|p1b: Sinistcha|Sinistcha-Masterpiece, L50|100/100\n|switch|p2a: Delphox|Delphox, L50, F, shiny|100/100\n|switch|p2b: Palafin|Palafin, L50, M, shiny|100/100\n|turn|1\n|\n|t:|1776511984\n|detailschange|p2b: Palafin|Palafin-Hero, L50, M, shiny\n|switch|p2b: Incineroar|Incineroar, L50, M, shiny|100/100\n|-ability|p2b: Incineroar|Intimidate|boost\n|-unboost|p1a: Aggron|atk|1\n|-unboost|p1b: Sinistcha|atk|1\n|detailschange|p2a: Delphox|Delphox-Mega, L50, F, shiny\n|-mega|p2a: Delphox|Delphox|Delphoxite\n|detailschange|p1a: Aggron|Aggron-Mega, L50, M\n|-mega|p1a: Aggron|Aggron|Aggronite\n|move|p1a: Aggron|Protect|p1a: Aggron\n|-singleturn|p1a: Aggron|Protect\n|move|p2a: Delphox|Heat Wave|p1a: Aggron|[spread] p1b\n|-activate|p1a: Aggron|move: Protect\n|-supereffective|p1b: Sinistcha|1\n|-damage|p1b: Sinistcha|22/100\n|-enditem|p1b: Sinistcha|Sitrus Berry|[eat]\n|-heal|p1b: Sinistcha|47/100|[from] item: Sitrus Berry\n|move|p1b: Sinistcha|Trick Room|p1b: Sinistcha\n|-fieldstart|move: Trick Room|[of] p1b: Sinistcha\n|\n|upkeep\n|turn|2\n|\n|t:|1776512006\n|switch|p1b: Pelipper|Pelipper, L50, F|100/100\n|-weather|RainDance|[from] ability: Drizzle|[of] p1b: Pelipper\n|move|p1a: Aggron|Body Press|p2b: Incineroar\n|-supereffective|p2b: Incineroar|1\n|-damage|p2b: Incineroar|41/100\n|move|p2b: Incineroar|Flare Blitz|p1b: Pelipper\n|-resisted|p1b: Pelipper|1\n|-damage|p1b: Pelipper|90/100\n|-damage|p2b: Incineroar|38/100|[from] Recoil\n|move|p2a: Delphox|Heat Wave|p1b: Pelipper|[spread] p1a,p1b\n|-supereffective|p1a: Aggron|1\n|-resisted|p1b: Pelipper|1\n|-damage|p1a: Aggron|75/100\n|-damage|p1b: Pelipper|75/100\n|\n|-weather|RainDance|[upkeep]\n|-heal|p2b: Incineroar|44/100|[from] item: Leftovers\n|upkeep\n|turn|3\n|\n|t:|1776512027\n|move|p2a: Delphox|Protect|p2a: Delphox\n|-singleturn|p2a: Delphox|Protect\n|move|p1a: Aggron|Body Press|p2b: Incineroar\n|-supereffective|p2b: Incineroar|1\n|-damage|p2b: Incineroar|0 fnt\n|faint|p2b: Incineroar\n|move|p1b: Pelipper|Weather Ball|p2a: Delphox\n|-activate|p2a: Delphox|move: Protect\n|\n|-weather|RainDance|[upkeep]\n|upkeep\n|\n|t:|1776512037\n|switch|p2b: Palafin|Palafin-Hero, L50, M, shiny|100/100\n|-activate|p2b: Palafin|ability: Zero to Hero\n|turn|4\n|\n|t:|1776512058\n|switch|p2a: Sinistcha|Sinistcha, L50, shiny|100/100\n|move|p1a: Aggron|Body Press|p2b: Palafin\n|-damage|p2b: Palafin|67/100\n|move|p1b: Pelipper|Weather Ball|p2a: Sinistcha\n|-resisted|p2a: Sinistcha|1\n|-damage|p2a: Sinistcha|66/100\n|move|p2b: Palafin|Close Combat|p1a: Aggron\n|-supereffective|p1a: Aggron|1\n|-damage|p1a: Aggron|37/100\n|-unboost|p2b: Palafin|def|1\n|-unboost|p2b: Palafin|spd|1\n|\n|-weather|RainDance|[upkeep]\n|upkeep\n|turn|5\n|inactive|THUNDERBOY4272 has 30 seconds left.\n|\n|t:|1776512089\n|move|p2b: Palafin|Protect|p2b: Palafin\n|-singleturn|p2b: Palafin|Protect\n|move|p1a: Aggron|Iron Defense|p1a: Aggron\n|-boost|p1a: Aggron|def|2\n|move|p1b: Pelipper|Hurricane|p2a: Sinistcha\n|-supereffective|p2a: Sinistcha|1\n|-damage|p2a: Sinistcha|0 fnt\n|faint|p2a: Sinistcha\n|\n|-weather|RainDance|[upkeep]\n|-fieldend|move: Trick Room\n|upkeep\n|\n|t:|1776512099\n|switch|p2a: Delphox|Delphox-Mega, L50, F, shiny|100/100\n|turn|6\n|\n|t:|1776512113\n|move|p2a: Delphox|Psychic|p1a: Aggron\n|-resisted|p1a: Aggron|1\n|-damage|p1a: Aggron|13/100\n|move|p2b: Palafin|Close Combat|p1a: Aggron\n|-supereffective|p1a: Aggron|1\n|-damage|p1a: Aggron|0 fnt\n|-unboost|p2b: Palafin|def|1\n|-unboost|p2b: Palafin|spd|1\n|faint|p1a: Aggron\n|move|p1b: Pelipper|Weather Ball|p2a: Delphox\n|-supereffective|p2a: Delphox|1\n|-damage|p2a: Delphox|0 fnt\n|faint|p2a: Delphox\n|\n|-weather|none\n|upkeep\n|\n|t:|1776512123\n|switch|p1a: Archaludon|Archaludon, L50, F|100/100\n|turn|7\n|\n|t:|1776512129\n|switch|p1b: Sinistcha|Sinistcha-Masterpiece, L50|47/100\n|move|p2b: Palafin|Close Combat|p1a: Archaludon\n|-supereffective|p1a: Archaludon|1\n|-damage|p1a: Archaludon|23/100\n|-unboost|p2b: Palafin|def|1\n|-unboost|p2b: Palafin|spd|1\n|-ability|p1a: Archaludon|Stamina|boost\n|-boost|p1a: Archaludon|def|1\n|move|p1a: Archaludon|Draco Meteor|p2b: Palafin|[miss]\n|-miss|p1a: Archaludon|p2b: Palafin\n|\n|upkeep\n|turn|8\n|-message|THUNDERBOY4272 forfeited.\n|\n|win|arneslotvgc\n|raw|arneslotvgc's rating: 1183 &rarr; <strong>1205</strong><br />(+22 for winning)\n|raw|THUNDERBOY4272's rating: 1145 &rarr; <strong>1123</strong><br />(-22 for losing)\n|l|\u2606THUNDERBOY4272\n|player|p2|\n",
  "uploadtime": 1776512143,
  "views": 30,
  "formatid": "gen9championsvgc2026regma",
  "rating": 1123,
  "private": 0,
  "password": null
}