{
  "id": "gen9championsvgc2026regma-2582822123",
  "format": "[Gen 9 Champions] VGC 2026 Reg M-A",
  "players": [
    "cloudyskyloftymoon",
    "retromaster14"
  ],
  "log": "|j|\u2606cloudyskyloftymoon\n|j|\u2606retromaster14\n|t:|1776116732\n|gametype|doubles\n|player|p1|cloudyskyloftymoon|acetrainerf|\n|player|p2|retromaster14|101|\n|gen|9\n|tier|[Gen 9 Champions] VGC 2026 Reg M-A\n|rule|Species Clause: Limit one of each Pok\u00e9mon\n|rule|Item Clause: Limit 1 of each item\n|clearpoke\n|poke|p1|Meganium, L50, F|\n|poke|p1|Pelipper, L50, F|\n|poke|p1|Archaludon, L50, M|\n|poke|p1|Basculegion, L50, M|\n|poke|p1|Farigiraf, L50, M|\n|poke|p2|Pelipper, L50, M|\n|poke|p2|Basculegion, L50, M|\n|poke|p2|Archaludon, L50, M|\n|poke|p2|Meganium, L50, M|\n|poke|p2|Sneasler, L50, M|\n|poke|p2|Greninja-*, L50, F|\n|teampreview|4\ncloudyskyloftymoon has agreed to open team sheets.\n|c|\u2606retromaster14|only 5?\nretromaster14 has agreed to open team sheets.\n|showteam|p1|Meganium||Meganiumite|Overgrow|SolarBeam,WeatherBall,Synthesis,DazzlingGleam|||F|||50|]Pelipper||FocusSash|Drizzle|Hurricane,WeatherBall,Tailwind,Uturn|||F|||50|]Archaludon||Leftovers|Stamina|ElectroShot,FlashCannon,Protect,DracoMeteor|||M|||50|]Basculegion||MysticWater|SwiftSwim|LastRespects,WaveCrash,FlipTurn,PsychicFangs|||M|||50|]Farigiraf||ColburBerry|ArmorTail|Protect,HyperVoice,Psychic,HelpingHand|||M|||50|\n|showteam|p2|Pelipper||FocusSash|Drizzle|WeatherBall,Hurricane,WideGuard,Protect|||M|||50|]Basculegion||MysticWater|SwiftSwim|WaveCrash,LastRespects,FlipTurn,AquaJet|||M|||50|]Archaludon||Leftovers|Stamina|FlashCannon,DracoMeteor,ElectroShot,AuraSphere|||M|||50|]Meganium||Meganiumite|LeafGuard|SolarBeam,WeatherBall,DazzlingGleam,Protect|||M|||50|]Sneasler||WhiteHerb|Unburden|FakeOut,DireClaw,CloseCombat,Protect|||M|||50|]Greninja||Greninjite|Protean|HydroPump,DarkPulse,SludgeWave,IceBeam|||F|||50|\n|c|\u2606cloudyskyloftymoon|Not sure about lost slot yet\n|c|\u2606cloudyskyloftymoon|Might even have to drop rain tbh\n|c|\u2606cloudyskyloftymoon|but if I drop rain Arche & Basculegoin also need to change\n|\n|t:|1776116822\n|teamsize|p1|4\n|teamsize|p2|4\n|start\n|switch|p1a: Pelipper|Pelipper, L50, F|100/100\n|switch|p1b: Basculegion|Basculegion, L50, M|100/100\n|switch|p2a: Archaludon|Archaludon, L50, M|100/100\n|switch|p2b: Basculegion|Basculegion, L50, M|100/100\n|-weather|RainDance|[from] ability: Drizzle|[of] p1a: Pelipper\n|turn|1\n|\n|t:|1776116848\n|switch|p1b: Farigiraf|Farigiraf, L50, M|100/100\n|move|p2b: Basculegion|Last Respects|p1b: Farigiraf\n|-immune|p1b: Farigiraf\n|move|p2a: Archaludon|Electro Shot||[still]\n|-prepare|p2a: Archaludon|Electro Shot\n|-boost|p2a: Archaludon|spa|1\n|-anim|p2a: Archaludon|Electro Shot|p1a: Pelipper\n|-supereffective|p1a: Pelipper|2\n|-enditem|p1a: Pelipper|Focus Sash\n|-damage|p1a: Pelipper|1/100\n|move|p1a: Pelipper|Tailwind|p1a: Pelipper\n|-sidestart|p1: cloudyskyloftymoon|move: Tailwind\n|\n|-weather|RainDance|[upkeep]\n|upkeep\n|turn|2\n|\n|t:|1776116890\n|move|p2b: Basculegion|Wave Crash|p1b: Farigiraf\n|-damage|p1b: Farigiraf|0 fnt\n|faint|p1b: Farigiraf\n|-damage|p2b: Basculegion|62/100|[from] Recoil\n|move|p1a: Pelipper|Hurricane|p2a: Archaludon\n|-resisted|p2a: Archaludon|1\n|-damage|p2a: Archaludon|73/100\n|-start|p2a: Archaludon|confusion\n|-ability|p2a: Archaludon|Stamina|boost\n|-boost|p2a: Archaludon|def|1\n|-activate|p2a: Archaludon|confusion\n|-damage|p2a: Archaludon|69/100|[from] confusion\n|\n|-weather|RainDance|[upkeep]\n|-heal|p2a: Archaludon|75/100|[from] item: Leftovers\n|upkeep\n|c|\u2606retromaster14|damn\n|\n|t:|1776116905\n|switch|p1b: Basculegion|Basculegion, L50, M|100/100\n|turn|3\n|\n|t:|1776116915\n|move|p2b: Basculegion|Aqua Jet|p1a: Pelipper\n|-resisted|p1a: Pelipper|1\n|-damage|p1a: Pelipper|0 fnt\n|faint|p1a: Pelipper\n|move|p1b: Basculegion|Last Respects|p2b: Basculegion\n|-supereffective|p2b: Basculegion|1\n|-damage|p2b: Basculegion|0 fnt\n|faint|p2b: Basculegion\n|-activate|p2a: Archaludon|confusion\n|move|p2a: Archaludon|Electro Shot||[still]\n|-prepare|p2a: Archaludon|Electro Shot\n|-boost|p2a: Archaludon|spa|1\n|-anim|p2a: Archaludon|Electro Shot|p1b: Basculegion\n|-supereffective|p1b: Basculegion|1\n|-damage|p1b: Basculegion|0 fnt\n|faint|p1b: Basculegion\n|\n|-weather|RainDance|[upkeep]\n|-heal|p2a: Archaludon|82/100|[from] item: Leftovers\n|upkeep\n|\n|t:|1776116932\n|switch|p2b: Sneasler|Sneasler, L50, M|100/100\n|switch|p1b: Meganium|Meganium, L50, F|100/100\n|turn|4\n|\n|t:|1776116942\n|detailschange|p1b: Meganium|Meganium-Mega, L50, F\n|-mega|p1b: Meganium|Meganium|Meganiumite\n|move|p2b: Sneasler|Fake Out|p1b: Meganium\n|-damage|p1b: Meganium|87/100\n|cant|p1b: Meganium|flinch\n|-activate|p2a: Archaludon|confusion\n|-damage|p2a: Archaludon|77/100|[from] confusion\n|\n|-weather|RainDance|[upkeep]\n|-heal|p2a: Archaludon|83/100|[from] item: Leftovers\n|-sideend|p1: cloudyskyloftymoon|move: Tailwind\n|upkeep\n|turn|5\n|c|\u2606retromaster14|oml\n|\n|t:|1776116956\n|move|p2b: Sneasler|Dire Claw|p1b: Meganium\n|-supereffective|p1b: Meganium|2\n|-damage|p1b: Meganium|0 fnt\n|faint|p1b: Meganium\n|\n|win|retromaster14\n|c|\u2606retromaster14|gg lol\n|c|\u2606cloudyskyloftymoon|gg\n|l|\u2606cloudyskyloftymoon\n|player|p1|\n",
  "uploadtime": 1776116990,
  "views": 15,
  "formatid": "gen9championsvgc2026regma",
  "rating": null,
  "private": 0,
  "password": null
}