{
  "id": "gen9championsvgc2026regma-2581901270",
  "format": "[Gen 9 Champions] VGC 2026 Reg M-A",
  "players": [
    "darkroastplsty",
    "RealMrAwesomeman"
  ],
  "log": "|j|\u2606darkroastplsty\n|j|\u2606RealMrAwesomeman\n|t:|1776038116\n|gametype|doubles\n|player|p1|darkroastplsty|170|1012\n|player|p2|RealMrAwesomeman|waiter|1000\n|gen|9\n|tier|[Gen 9 Champions] VGC 2026 Reg M-A\n|rated|\n|rule|Species Clause: Limit one of each Pok\u00e9mon\n|rule|Item Clause: Limit 1 of each item\n|clearpoke\n|poke|p1|Farigiraf, L50, M|\n|poke|p1|Talonflame, L50, F|\n|poke|p1|Pikachu, L50, M|\n|poke|p1|Excadrill, L50, M|\n|poke|p1|Tyranitar, L50, F|\n|poke|p1|Glaceon, L50, M|\n|poke|p2|Aerodactyl, L50, F|\n|poke|p2|Lycanroc-Dusk, L50, F|\n|poke|p2|Tyranitar, L50, F|\n|poke|p2|Excadrill, L50, F|\n|poke|p2|Arcanine-Hisui, L50, M|\n|poke|p2|Glimmora, L50, F|\n|teampreview|4\nRealMrAwesomeman has agreed to open team sheets.\n|\n|t:|1776038156\n|teamsize|p1|4\n|teamsize|p2|4\n|start\n|switch|p1a: Talonflame|Talonflame, L50, F, shiny|100/100\n|switch|p1b: Glaceon|Glaceon, L50, M, shiny|100/100\n|switch|p2a: Speap|Aerodactyl, L50, F|100/100\n|switch|p2b: Jipster|Lycanroc-Dusk, L50, F|100/100\n|-ability|p2a: Speap|Unnerve\n|turn|1\n|\n|t:|1776038175\n|move|p2b: Jipster|Accelerock|p1a: Talonflame\n|-supereffective|p1a: Talonflame|2\n|-damage|p1a: Talonflame|0 fnt\n|-status|p2b: Jipster|brn|[from] ability: Flame Body|[of] p1a: Talonflame\n|faint|p1a: Talonflame\n|move|p2a: Speap|Tailwind|p2a: Speap\n|-sidestart|p2: RealMrAwesomeman|move: Tailwind\n|move|p1b: Glaceon|Icy Wind|p2a: Speap|[spread] p2a,p2b\n|-supereffective|p2a: Speap|1\n|-damage|p2a: Speap|38/100\n|-damage|p2b: Jipster|65/100 brn\n|-unboost|p2a: Speap|spe|1\n|-unboost|p2b: Jipster|spe|1\n|-enditem|p2b: Jipster|White Herb\n|-clearnegativeboost|p2b: Jipster|[silent]\n|\n|-damage|p2b: Jipster|59/100 brn|[from] brn\n|upkeep\n|\n|t:|1776038192\n|switch|p1a: Farigiraf|Farigiraf, L50, M, shiny|100/100\n|turn|2\n|\n|t:|1776038210\n|move|p2b: Jipster|Accelerock||[still]\n|cant|p1a: Farigiraf|ability: Armor Tail|Accelerock|[of] p2b: Jipster\n|move|p2a: Speap|Rock Slide|p1b: Glaceon|[spread] p1b\n|-miss|p2a: Speap|p1a: Farigiraf\n|-supereffective|p1b: Glaceon|1\n|-damage|p1b: Glaceon|49/100\n|move|p1b: Glaceon|Icy Wind|p2b: Jipster|[spread] p2a,p2b\n|-supereffective|p2a: Speap|1\n|-damage|p2a: Speap|0 fnt\n|-damage|p2b: Jipster|20/100 brn\n|-unboost|p2b: Jipster|spe|1\n|faint|p2a: Speap\n|move|p1a: Farigiraf|Trick Room|p1a: Farigiraf\n|-fieldstart|move: Trick Room|[of] p1a: Farigiraf\n|\n|-damage|p2b: Jipster|14/100 brn|[from] brn\n|upkeep\n|\n|t:|1776038225\n|switch|p2a: Big Fella|Tyranitar, L50, F|100/100\n|-weather|Sandstorm|[from] ability: Sand Stream|[of] p2a: Big Fella\n|turn|3\n|\n|t:|1776038244\n|detailschange|p2a: Big Fella|Tyranitar-Mega, L50, F\n|-mega|p2a: Big Fella|Tyranitar|Tyranitarite\n|move|p1a: Farigiraf|Hyper Voice|p2a: Big Fella|[spread] p2a,p2b\n|-resisted|p2a: Big Fella|1\n|-resisted|p2b: Jipster|1\n|-damage|p2a: Big Fella|91/100\n|-damage|p2b: Jipster|0 fnt\n|faint|p2b: Jipster\n|move|p1b: Glaceon|Chilling Water|p2a: Big Fella\n|-supereffective|p2a: Big Fella|1\n|-damage|p2a: Big Fella|73/100\n|-unboost|p2a: Big Fella|atk|1\n|move|p2a: Big Fella|Rock Slide|p1a: Farigiraf|[spread] p1a,p1b\n|-supereffective|p1b: Glaceon|1\n|-damage|p1a: Farigiraf|75/100\n|-damage|p1b: Glaceon|0 fnt\n|faint|p1b: Glaceon\n|\n|-weather|Sandstorm|[upkeep]\n|-damage|p1a: Farigiraf|70/100|[from] Sandstorm\n|upkeep\n|\n|t:|1776038259\n|switch|p1b: Excadrill|Excadrill, L50, M|100/100\n|switch|p2b: Oil Rig|Excadrill, L50, F|100/100\n|turn|4\n|\n|t:|1776038283\n|detailschange|p1b: Excadrill|Excadrill-Mega, L50, M\n|-mega|p1b: Excadrill|Excadrill|Excadrite\n|move|p2b: Oil Rig|Protect|p2b: Oil Rig\n|-singleturn|p2b: Oil Rig|Protect\n|move|p1a: Farigiraf|Hyper Voice|p2b: Oil Rig|[spread] p2a\n|-activate|p2b: Oil Rig|move: Protect\n|-resisted|p2a: Big Fella|1\n|-damage|p2a: Big Fella|64/100\n|move|p1b: Excadrill|Iron Head|p2a: Big Fella\n|-supereffective|p2a: Big Fella|1\n|-damage|p2a: Big Fella|5/100\n|move|p2a: Big Fella|Low Kick|p1b: Excadrill\n|-supereffective|p1b: Excadrill|1\n|-crit|p1b: Excadrill\n|-damage|p1b: Excadrill|6/100\n|\n|-weather|Sandstorm|[upkeep]\n|-damage|p1a: Farigiraf|64/100|[from] Sandstorm\n|-sideend|p2: RealMrAwesomeman|move: Tailwind\n|upkeep\n|turn|5\n|\n|t:|1776038310\n|move|p1b: Excadrill|Protect|p1b: Excadrill\n|-singleturn|p1b: Excadrill|Protect\n|move|p1a: Farigiraf|Hyper Voice|p2b: Oil Rig|[spread] p2a,p2b\n|-resisted|p2a: Big Fella|1\n|-resisted|p2b: Oil Rig|1\n|-damage|p2a: Big Fella|0 fnt\n|-damage|p2b: Oil Rig|75/100\n|faint|p2a: Big Fella\n|move|p2b: Oil Rig|Earthquake|p1a: Farigiraf|[spread] p1a\n|-activate|p1b: Excadrill|move: Protect\n|-damage|p1a: Farigiraf|17/100\n|\n|-weather|Sandstorm|[upkeep]\n|-damage|p1a: Farigiraf|11/100|[from] Sandstorm\n|upkeep\n|turn|6\n|\n|t:|1776038341\n|move|p1a: Farigiraf|Helping Hand|p1b: Excadrill\n|-singleturn|p1b: Excadrill|Helping Hand|[of] p1a: Farigiraf\n|move|p2b: Oil Rig|Protect|p2b: Oil Rig\n|-singleturn|p2b: Oil Rig|Protect\n|move|p1b: Excadrill|Drill Run|p2b: Oil Rig\n|-supereffective|p2b: Oil Rig|1\n|-ability|p1b: Excadrill|Piercing Drill\n|-zbroken|p2b: Oil Rig\n|-damage|p2b: Oil Rig|25/100\n|\n|-weather|Sandstorm|[upkeep]\n|-damage|p1a: Farigiraf|5/100|[from] Sandstorm\n|-fieldend|move: Trick Room\n|upkeep\n|turn|7\n|\n|t:|1776038357\n|move|p2b: Oil Rig|Earthquake|p1b: Excadrill|[spread] p1a,p1b\n|-supereffective|p1b: Excadrill|1\n|-damage|p1a: Farigiraf|0 fnt\n|-damage|p1b: Excadrill|0 fnt\n|faint|p1a: Farigiraf\n|faint|p1b: Excadrill\n|\n|win|RealMrAwesomeman\n|raw|darkroastplsty's rating: 1012 &rarr; <strong>1000</strong><br />(-12 for losing)\n|raw|RealMrAwesomeman's rating: 1000 &rarr; <strong>1041</strong><br />(+41 for winning)\n|l|\u2606darkroastplsty\n|player|p1|\n",
  "uploadtime": 1776038365,
  "views": 29,
  "formatid": "gen9championsvgc2026regma",
  "rating": 1000,
  "private": 0,
  "password": null
}