{
  "id": "gen9championsvgc2026regma-2588599055",
  "format": "[Gen 9 Champions] VGC 2026 Reg M-A",
  "players": [
    "dc_wash",
    "blue schucle"
  ],
  "log": "|j|\u2606dc_wash\n|j|\u2606blue schucle\n|t:|1776648796\n|gametype|doubles\n|player|p1|dc_wash|pokemonranger-gen4|1173\n|player|p2|blue schucle|lance|1246\n|gen|9\n|tier|[Gen 9 Champions] VGC 2026 Reg M-A\n|rated|\n|rule|Species Clause: Limit one of each Pok\u00e9mon\n|rule|Item Clause: Limit 1 of each item\n|clearpoke\n|poke|p1|Scizor, L50, F|\n|poke|p1|Kommo-o, L50, F|\n|poke|p1|Ninetales-Alola, L50, F|\n|poke|p1|Incineroar, L50, M|\n|poke|p1|Sinistcha, L50|\n|poke|p1|Rotom-Wash, L50|\n|poke|p2|Tauros-Paldea-Aqua, L50, M, shiny|\n|poke|p2|Incineroar, L50, F|\n|poke|p2|Snorlax, L50, M, shiny|\n|poke|p2|Scovillain, L50, F|\n|poke|p2|Sneasler, L50, F|\n|poke|p2|Garchomp, L50, M|\n|teampreview|4\n|inactive|Battle timer is ON: inactive players will automatically lose when time's up. (requested by blue schucle)\n|\n|t:|1776648867\n|teamsize|p1|4\n|teamsize|p2|4\n|start\n|switch|p1a: Incineroar|Incineroar, L50, M|100/100\n|switch|p1b: Kommo-o|Kommo-o, L50, F|100/100\n|switch|p2a: Montezuma|Snorlax, L50, M, shiny|100/100\n|switch|p2b: Boi da cara preta|Tauros-Paldea-Aqua, L50, M, shiny|100/100\n|-ability|p2b: Boi da cara preta|Intimidate|boost\n|-unboost|p1a: Incineroar|atk|1\n|-unboost|p1b: Kommo-o|atk|1\n|-ability|p1a: Incineroar|Intimidate|boost\n|-unboost|p2a: Montezuma|atk|1\n|-unboost|p2b: Boi da cara preta|atk|1\n|-enditem|p2b: Boi da cara preta|White Herb\n|-clearnegativeboost|p2b: Boi da cara preta|[silent]\n|turn|1\n|\n|t:|1776648889\n|move|p1a: Incineroar|Fake Out|p2b: Boi da cara preta\n|-damage|p2b: Boi da cara preta|93/100\n|cant|p2b: Boi da cara preta|flinch\n|move|p1b: Kommo-o|Clangorous Soul|p1b: Kommo-o\n|-boost|p1b: Kommo-o|atk|1\n|-boost|p1b: Kommo-o|def|1\n|-boost|p1b: Kommo-o|spa|1\n|-boost|p1b: Kommo-o|spd|1\n|-boost|p1b: Kommo-o|spe|1\n|-damage|p1b: Kommo-o|68/100\n|move|p2a: Montezuma|Stockpile|p2a: Montezuma\n|-start|p2a: Montezuma|stockpile1\n|-boost|p2a: Montezuma|def|1\n|-boost|p2a: Montezuma|spd|1\n|\n|-heal|p1b: Kommo-o|73/100|[from] item: Leftovers\n|upkeep\n|turn|2\n|\n|t:|1776648912\n|move|p2b: Boi da cara preta|Protect|p2b: Boi da cara preta\n|-singleturn|p2b: Boi da cara preta|Protect\n|move|p1b: Kommo-o|Aura Sphere|p2a: Montezuma\n|-supereffective|p2a: Montezuma|1\n|-damage|p2a: Montezuma|55/100\n|move|p1a: Incineroar|Parting Shot|p2a: Montezuma\n|-unboost|p2a: Montezuma|atk|1\n|-unboost|p2a: Montezuma|spa|1\n|\n|t:|1776648925\n|switch|p1a: Ninetales|Ninetales-Alola, L50, F|100/100|[from] Parting Shot\n|-weather|Snowscape|[from] ability: Snow Warning|[of] p1a: Ninetales\n|move|p2a: Montezuma|Yawn|p1b: Kommo-o\n|-start|p1b: Kommo-o|move: Yawn|[of] p2a: Montezuma\n|\n|-weather|Snowscape|[upkeep]\n|-heal|p1b: Kommo-o|79/100|[from] item: Leftovers\n|-heal|p2a: Montezuma|61/100|[from] item: Leftovers\n|upkeep\n|turn|3\n|\n|t:|1776648941\n|move|p2a: Montezuma|Protect|p2a: Montezuma\n|-singleturn|p2a: Montezuma|Protect\n|move|p1b: Kommo-o|Clanging Scales|p2b: Boi da cara preta|[spread] p2b\n|-activate|p2a: Montezuma|move: Protect\n|-damage|p2b: Boi da cara preta|5/100\n|-unboost|p1b: Kommo-o|def|1\n|move|p1a: Ninetales|Encore|p2a: Montezuma\n|-activate|p2a: Montezuma|move: Protect\n|move|p2b: Boi da cara preta|Close Combat|p1a: Ninetales\n|-damage|p1a: Ninetales|43/100\n|-unboost|p2b: Boi da cara preta|def|1\n|-unboost|p2b: Boi da cara preta|spd|1\n|\n|-weather|Snowscape|[upkeep]\n|-heal|p1b: Kommo-o|85/100|[from] item: Leftovers\n|-heal|p2a: Montezuma|67/100|[from] item: Leftovers\n|-end|p1b: Kommo-o|move: Yawn|[silent]\n|-status|p1b: Kommo-o|slp\n|upkeep\n|turn|4\n|inactive|blue schucle has 30 seconds left.\n|\n|t:|1776648970\n|move|p2b: Boi da cara preta|Aqua Jet|p1a: Ninetales\n|-damage|p1a: Ninetales|25/100\n|cant|p1b: Kommo-o|slp\n|move|p1a: Ninetales|Blizzard|p2a: Montezuma|[spread] p2a,p2b\n|-resisted|p2b: Boi da cara preta|1\n|-damage|p2a: Montezuma|55/100\n|-damage|p2b: Boi da cara preta|0 fnt\n|faint|p2b: Boi da cara preta\n|move|p2a: Montezuma|Stockpile|p2a: Montezuma\n|-start|p2a: Montezuma|stockpile2\n|-boost|p2a: Montezuma|def|1\n|-boost|p2a: Montezuma|spd|1\n|\n|-weather|Snowscape|[upkeep]\n|-heal|p1b: Kommo-o|91/100 slp|[from] item: Leftovers\n|-heal|p2a: Montezuma|61/100|[from] item: Leftovers\n|upkeep\n|\n|t:|1776648990\n|switch|p2b: Djaba|Sneasler, L50, F|100/100\n|turn|5\n|\n|t:|1776649006\n|switch|p1a: Incineroar|Incineroar, L50, M|100/100\n|-ability|p1a: Incineroar|Intimidate|boost\n|-unboost|p2a: Montezuma|atk|1\n|-unboost|p2b: Djaba|atk|1\n|-curestatus|p1b: Kommo-o|slp|[msg]\n|move|p1b: Kommo-o|Aura Sphere|p2a: Montezuma\n|-supereffective|p2a: Montezuma|1\n|-damage|p2a: Montezuma|30/100\n|move|p2b: Djaba|Dire Claw|p1a: Incineroar\n|-damage|p1a: Incineroar|81/100\n|move|p2a: Montezuma|Stockpile|p2a: Montezuma\n|-start|p2a: Montezuma|stockpile3\n|-boost|p2a: Montezuma|def|1\n|-boost|p2a: Montezuma|spd|1\n|\n|-weather|Snowscape|[upkeep]\n|-heal|p1b: Kommo-o|97/100|[from] item: Leftovers\n|-heal|p2a: Montezuma|36/100|[from] item: Leftovers\n|upkeep\n|turn|6\n|inactive|blue schucle has 30 seconds left.\n|\n|t:|1776649038\n|move|p2b: Djaba|Protect|p2b: Djaba\n|-singleturn|p2b: Djaba|Protect\n|move|p2a: Montezuma|Protect|p2a: Montezuma\n|-singleturn|p2a: Montezuma|Protect\n|move|p1a: Incineroar|Fake Out|p2a: Montezuma\n|-activate|p2a: Montezuma|move: Protect\n|move|p1b: Kommo-o|Clanging Scales|p2b: Djaba|[spread] \n|-activate|p2a: Montezuma|move: Protect\n|-activate|p2b: Djaba|move: Protect\n|\n|-weather|none\n|-heal|p1b: Kommo-o|100/100|[from] item: Leftovers\n|-heal|p2a: Montezuma|42/100|[from] item: Leftovers\n|upkeep\n|turn|7\n|\n|t:|1776649060\n|move|p1b: Kommo-o|Clanging Scales|p2a: Montezuma|[spread] p2a,p2b\n|-damage|p2a: Montezuma|28/100\n|-damage|p2b: Djaba|21/100\n|-unboost|p1b: Kommo-o|def|1\n|move|p2b: Djaba|Close Combat|p1a: Incineroar\n|-supereffective|p1a: Incineroar|1\n|-damage|p1a: Incineroar|15/100\n|-unboost|p2b: Djaba|def|1\n|-unboost|p2b: Djaba|spd|1\n|-enditem|p1a: Incineroar|Sitrus Berry|[eat]\n|-heal|p1a: Incineroar|40/100|[from] item: Sitrus Berry\n|move|p1a: Incineroar|Flare Blitz|p2a: Montezuma\n|-damage|p2a: Montezuma|17/100\n|-damage|p1a: Incineroar|35/100|[from] Recoil\n|move|p2a: Montezuma|Yawn|p1b: Kommo-o\n|-start|p1b: Kommo-o|move: Yawn|[of] p2a: Montezuma\n|\n|-heal|p2a: Montezuma|23/100|[from] item: Leftovers\n|upkeep\n|turn|8\n|inactive|blue schucle has 30 seconds left.\n|\n|t:|1776649088\n|move|p1b: Kommo-o|Clanging Scales|p2b: Djaba|[spread] p2a,p2b\n|-damage|p2a: Montezuma|9/100\n|-damage|p2b: Djaba|0 fnt\n|faint|p2b: Djaba\n|-unboost|p1b: Kommo-o|def|1\n|move|p1a: Incineroar|Parting Shot|p2a: Montezuma\n|-unboost|p2a: Montezuma|atk|1\n|-unboost|p2a: Montezuma|spa|1\n|inactive|dc_wash has 30 seconds left.\n|\n|t:|1776649122\n|switch|p1a: Ninetales|Ninetales-Alola, L50, F|25/100|[from] Parting Shot\n|-weather|Snowscape|[from] ability: Snow Warning|[of] p1a: Ninetales\n|move|p2a: Montezuma|Body Press|p1b: Kommo-o\n|-damage|p1b: Kommo-o|15/100\n|\n|-weather|Snowscape|[upkeep]\n|-heal|p1b: Kommo-o|20/100|[from] item: Leftovers\n|-heal|p2a: Montezuma|15/100|[from] item: Leftovers\n|-end|p1b: Kommo-o|move: Yawn|[silent]\n|-status|p1b: Kommo-o|slp\n|upkeep\n|\n|t:|1776649135\n|switch|p2b: Spicy girls|Scovillain, L50, F|100/100\n|turn|9\n|\n|t:|1776649150\n|move|p2b: Spicy girls|Protect|p2b: Spicy girls\n|-singleturn|p2b: Spicy girls|Protect\n|cant|p1b: Kommo-o|slp\n|move|p1a: Ninetales|Blizzard|p2a: Montezuma|[spread] p2a\n|-activate|p2b: Spicy girls|move: Protect\n|-damage|p2a: Montezuma|7/100\n|move|p2a: Montezuma|Body Press|p1b: Kommo-o\n|-damage|p1b: Kommo-o|0 fnt\n|faint|p1b: Kommo-o\n|\n|-weather|Snowscape|[upkeep]\n|-heal|p2a: Montezuma|13/100|[from] item: Leftovers\n|-ability|p2b: Spicy girls|Moody|boost\n|-boost|p2b: Spicy girls|spe|2\n|-unboost|p2b: Spicy girls|spd|1\n|upkeep\n|\n|t:|1776649167\n|switch|p1b: Scizor|Scizor, L50, F|100/100\n|turn|10\n|\n|t:|1776649182\n|detailschange|p2b: Spicy girls|Scovillain-Mega, L50, F\n|-mega|p2b: Spicy girls|Scovillain|Scovillainite\n|detailschange|p1b: Scizor|Scizor-Mega, L50, F\n|-mega|p1b: Scizor|Scizor|Scizorite\n|move|p2a: Montezuma|Protect|p2a: Montezuma\n|-singleturn|p2a: Montezuma|Protect\n|move|p1b: Scizor|Bullet Punch|p2a: Montezuma\n|-activate|p2a: Montezuma|move: Protect\n|move|p2b: Spicy girls|Flamethrower|p1a: Ninetales\n|-supereffective|p1a: Ninetales|1\n|-damage|p1a: Ninetales|0 fnt\n|faint|p1a: Ninetales\n|\n|-weather|Snowscape|[upkeep]\n|-heal|p2a: Montezuma|19/100|[from] item: Leftovers\n|upkeep\n|\n|t:|1776649191\n|switch|p1a: Incineroar|Incineroar, L50, M|35/100\n|-ability|p1a: Incineroar|Intimidate|boost\n|-unboost|p2a: Montezuma|atk|1\n|-unboost|p2b: Spicy girls|atk|1\n|turn|11\n|\n|t:|1776649210\n|move|p1b: Scizor|Bullet Punch|p2a: Montezuma\n|-damage|p2a: Montezuma|13/100\n|move|p2b: Spicy girls|Flamethrower|p1b: Scizor\n|-supereffective|p1b: Scizor|2\n|-damage|p1b: Scizor|0 fnt\n|faint|p1b: Scizor\n|move|p1a: Incineroar|Throat Chop|p2a: Montezuma\n|-damage|p2a: Montezuma|5/100\n|-start|p2a: Montezuma|Throat Chop|[silent]\n|move|p2a: Montezuma|Body Press|p1a: Incineroar\n|-supereffective|p1a: Incineroar|1\n|-damage|p1a: Incineroar|0 fnt\n|faint|p1a: Incineroar\n|\n|win|blue schucle\n|raw|dc_wash's rating: 1173 &rarr; <strong>1153</strong><br />(-20 for losing)\n|raw|blue schucle's rating: 1246 &rarr; <strong>1266</strong><br />(+20 for winning)\n|c|\u2606dc_wash|jfc\n",
  "uploadtime": 1776649224,
  "views": 11,
  "formatid": "gen9championsvgc2026regma",
  "rating": 1153,
  "private": 0,
  "password": null
}