{
  "id": "gen9championsvgc2026regma-2586531276",
  "format": "[Gen 9 Champions] VGC 2026 Reg M-A",
  "players": [
    "Delarous",
    "simone0586"
  ],
  "log": "|j|\u2606Delarous\n|j|\u2606simone0586\n|t:|1776441085\n|gametype|doubles\n|player|p1|Delarous|1|1072\n|player|p2|simone0586|giovanni|1015\n|gen|9\n|tier|[Gen 9 Champions] VGC 2026 Reg M-A\n|rated|\n|rule|Species Clause: Limit one of each Pok\u00e9mon\n|rule|Item Clause: Limit 1 of each item\n|clearpoke\n|poke|p1|Aerodactyl, L50, F|\n|poke|p1|Kangaskhan, L50, F|\n|poke|p1|Incineroar, L50, F|\n|poke|p1|Basculegion, L50, M|\n|poke|p1|Clefable, L50, M|\n|poke|p1|Maushold-Four, L50|\n|poke|p2|Talonflame, L50, M|\n|poke|p2|Garchomp, L50, F|\n|poke|p2|Milotic, L50, M|\n|poke|p2|Sneasler, L50, F|\n|poke|p2|Froslass, L50, F|\n|poke|p2|Rotom-Frost, L50|\n|teampreview|4\n|inactive|Battle timer is ON: inactive players will automatically lose when time's up. (requested by Delarous)\n|\n|t:|1776441138\n|teamsize|p1|4\n|teamsize|p2|4\n|start\n|switch|p1a: Aerodactyl|Aerodactyl, L50, F|100/100\n|switch|p1b: Kangaskhan|Kangaskhan, L50, F|100/100\n|switch|p2a: Talonflame|Talonflame, L50, M|100/100\n|switch|p2b: Froslass|Froslass, L50, F|100/100\n|turn|1\n|inactive|Delarous has 30 seconds left.\n|\n|t:|1776441172\n|detailschange|p1a: Aerodactyl|Aerodactyl-Mega, L50, F\n|-mega|p1a: Aerodactyl|Aerodactyl|Aerodactylite\n|detailschange|p2b: Froslass|Froslass-Mega, L50, F\n|-mega|p2b: Froslass|Froslass|Froslassite\n|-weather|Snowscape|[from] ability: Snow Warning|[of] p2b: Froslass\n|move|p2a: Talonflame|Upper Hand|p1b: Kangaskhan\n|-supereffective|p1b: Kangaskhan|1\n|-damage|p1b: Kangaskhan|68/100\n|cant|p1b: Kangaskhan|flinch\n|move|p1a: Aerodactyl|Rock Slide|p2b: Froslass|[spread] p2a,p2b\n|-supereffective|p2a: Talonflame|2\n|-supereffective|p2b: Froslass|1\n|-enditem|p2a: Talonflame|Focus Sash\n|-damage|p2a: Talonflame|1/100\n|-damage|p2b: Froslass|30/100\n|move|p2b: Froslass|Blizzard|p1a: Aerodactyl|[spread] p1a,p1b\n|-supereffective|p1a: Aerodactyl|1\n|-damage|p1a: Aerodactyl|0 fnt\n|-damage|p1b: Kangaskhan|25/100\n|faint|p1a: Aerodactyl\n|\n|-weather|Snowscape|[upkeep]\n|upkeep\n|\n|t:|1776441190\n|switch|p1a: Maushold|Maushold-Four, L50|100/100\n|turn|2\n|\n|t:|1776441210\n|move|p2b: Froslass|Protect|p2b: Froslass\n|-singleturn|p2b: Froslass|Protect\n|move|p1b: Kangaskhan|Sucker Punch||[still]\n|-fail|p1b: Kangaskhan\n|move|p2a: Talonflame|Tailwind|p2a: Talonflame\n|-sidestart|p2: simone0586|move: Tailwind\n|move|p1a: Maushold|Population Bomb|p2a: Talonflame\n|-damage|p2a: Talonflame|0 fnt\n|faint|p2a: Talonflame\n|-hitcount|p2: Talonflame|1\n|\n|-weather|Snowscape|[upkeep]\n|upkeep\n|\n|t:|1776441222\n|switch|p2a: Sneasler|Sneasler, L50, F|100/100\n|turn|3\n|\n|t:|1776441239\n|move|p2a: Sneasler|Fake Out|p1a: Maushold\n|-damage|p1a: Maushold|82/100\n|move|p1b: Kangaskhan|Sucker Punch|p2b: Froslass\n|-supereffective|p2b: Froslass|1\n|-damage|p2b: Froslass|0 fnt\n|faint|p2b: Froslass\n|cant|p1a: Maushold|flinch\n|\n|-weather|Snowscape|[upkeep]\n|upkeep\n|\n|t:|1776441246\n|switch|p2b: Milotic|Milotic, L50, M|100/100\n|turn|4\n|\n|t:|1776441265\n|move|p2a: Sneasler|Close Combat|p1a: Maushold\n|-supereffective|p1a: Maushold|1\n|-damage|p1a: Maushold|0 fnt\n|-unboost|p2a: Sneasler|def|1\n|-unboost|p2a: Sneasler|spd|1\n|faint|p1a: Maushold\n|-enditem|p2a: Sneasler|White Herb\n|-clearnegativeboost|p2a: Sneasler|[silent]\n|move|p2b: Milotic|Muddy Water|p1b: Kangaskhan\n|-damage|p1b: Kangaskhan|0 fnt\n|faint|p1b: Kangaskhan\n|\n|-weather|Snowscape|[upkeep]\n|upkeep\n|inactive|Delarous has 30 seconds left.\n|\n|t:|1776441291\n|switch|p1b: Clefable|Clefable, L50, M, shiny|100/100\n|turn|5\n|-message|Delarous forfeited.\n|\n|win|simone0586\n|raw|Delarous's rating: 1072 &rarr; <strong>1048</strong><br />(-24 for losing)\n|raw|simone0586's rating: 1015 &rarr; <strong>1059</strong><br />(+44 for winning)\n|l|\u2606Delarous\n|player|p1|\n|c|\u2606simone0586|ggs\n",
  "uploadtime": 1776441316,
  "views": 38,
  "formatid": "gen9championsvgc2026regma",
  "rating": 1048,
  "private": 0,
  "password": null
}