{
  "id": "gen9championsvgc2026regma-2586600706",
  "format": "[Gen 9 Champions] VGC 2026 Reg M-A",
  "players": [
    "AndreHero007",
    "guzzlordstrainer"
  ],
  "log": "|j|\u2606AndreHero007\n|j|\u2606guzzlordstrainer\n|t:|1776445965\n|gametype|doubles\n|player|p1|AndreHero007|266|1075\n|player|p2|guzzlordstrainer|brycen|1000\n|gen|9\n|tier|[Gen 9 Champions] VGC 2026 Reg M-A\n|rated|\n|rule|Species Clause: Limit one of each Pok\u00e9mon\n|rule|Item Clause: Limit 1 of each item\n|clearpoke\n|poke|p1|Alakazam, L50, F|\n|poke|p1|Slowbro, L50, F|\n|poke|p1|Maushold-Four, L50|\n|poke|p1|Primarina, L50, M|\n|poke|p1|Crabominable, L50, M|\n|poke|p1|Incineroar, L50, M|\n|poke|p2|Milotic, L50, F|\n|poke|p2|Incineroar, L50, F|\n|poke|p2|Clefable, L50, F|\n|poke|p2|Wyrdeer, L50, M|\n|poke|p2|Froslass, L50, F|\n|poke|p2|Maushold, L50|\n|teampreview|4\n|\n|t:|1776446016\n|teamsize|p1|4\n|teamsize|p2|4\n|start\n|switch|p1a: Alakazam|Alakazam, L50, F|100/100\n|switch|p1b: Slowbro|Slowbro, L50, F|100/100\n|switch|p2a: Milotic|Milotic, L50, F|100/100\n|switch|p2b: Wyrdeer|Wyrdeer, L50, M|100/100\n|-ability|p2b: Wyrdeer|Intimidate|boost\n|-fail|p1a: Alakazam|unboost|Attack|[from] ability: Inner Focus|[of] p1a: Alakazam\n|-unboost|p1b: Slowbro|atk|1\n|turn|1\n|-activate|p1b: Slowbro|item: Quick Claw\n|\n|t:|1776446035\n|detailschange|p1a: Alakazam|Alakazam-Mega, L50, F\n|-mega|p1a: Alakazam|Alakazam|Alakazite\n|-ability|p1a: Alakazam|Intimidate|Trace|[from] ability: Trace|[of] p2b: Wyrdeer\n|-ability|p1a: Alakazam|Intimidate|boost\n|-unboost|p2a: Milotic|atk|1\n|-ability|p2a: Milotic|Competitive|boost\n|-boost|p2a: Milotic|spa|2\n|-unboost|p2b: Wyrdeer|atk|1\n|move|p2a: Milotic|Protect|p2a: Milotic\n|-singleturn|p2a: Milotic|Protect\n|move|p1b: Slowbro|Psychic Terrain|p1b: Slowbro\n|-fieldstart|move: Psychic Terrain\n|move|p1a: Alakazam|Substitute|p1a: Alakazam\n|-start|p1a: Alakazam|Substitute\n|-damage|p1a: Alakazam|76/100\n|move|p2b: Wyrdeer|Trick Room|p2b: Wyrdeer\n|-fieldstart|move: Trick Room|[of] p2b: Wyrdeer\n|\n|upkeep\n|turn|2\n|\n|t:|1776446068\n|switch|p2b: Incineroar|Incineroar, L50, F|100/100\n|-ability|p2b: Incineroar|Intimidate|boost\n|-immune|p1a: Alakazam\n|-unboost|p1b: Slowbro|atk|1\n|move|p1b: Slowbro|Psychic Noise|p2a: Milotic\n|-damage|p2a: Milotic|69/100\n|-start|p2a: Milotic|move: Heal Block\n|move|p2a: Milotic|Hydro Pump|p1a: Alakazam\n|-end|p1a: Alakazam|Substitute\n|move|p1a: Alakazam|Expanding Force|p2b: Incineroar|[spread] p2a\n|-immune|p2b: Incineroar\n|-damage|p2a: Milotic|12/100\n|\n|upkeep\n|turn|3\n|\n|t:|1776446097\n|move|p2a: Milotic|Protect|p2a: Milotic\n|-singleturn|p2a: Milotic|Protect\n|move|p1a: Alakazam|Protect|p1a: Alakazam\n|-singleturn|p1a: Alakazam|Protect\n|move|p1b: Slowbro|Scald|p2b: Incineroar\n|-supereffective|p2b: Incineroar|1\n|-damage|p2b: Incineroar|35/100\n|move|p2b: Incineroar|Throat Chop|p1a: Alakazam\n|-activate|p1a: Alakazam|move: Protect\n|\n|-end|p2a: Milotic|move: Heal Block\n|upkeep\n|turn|4\n|c|\u2606guzzlordstrainer|Goated slowbro\n|\n|t:|1776446129\n|switch|p1a: Primarina|Primarina, L50, M|100/100\n|move|p1b: Slowbro|Scald|p2b: Incineroar\n|-supereffective|p2b: Incineroar|1\n|-damage|p2b: Incineroar|0 fnt\n|faint|p2b: Incineroar\n|move|p2a: Milotic|Hydro Pump|p1a: Primarina\n|-resisted|p1a: Primarina|1\n|-damage|p1a: Primarina|64/100\n|\n|-heal|p2a: Milotic|18/100|[from] item: Leftovers\n|upkeep\n|\n|t:|1776446144\n|switch|p2b: Froslass|Froslass, L50, F|100/100\n|turn|5\n|\n|t:|1776446160\n|detailschange|p2b: Froslass|Froslass-Mega, L50, F\n|-mega|p2b: Froslass|Froslass|Froslassite\n|-weather|Snowscape|[from] ability: Snow Warning|[of] p2b: Froslass\n|move|p1b: Slowbro|Scald|p2b: Froslass\n|-damage|p2b: Froslass|56/100\n|move|p1a: Primarina|Hyper Voice|p2a: Milotic|[spread] p2a,p2b\n|-resisted|p2a: Milotic|1\n|-damage|p2a: Milotic|4/100\n|-damage|p2b: Froslass|11/100\n|move|p2a: Milotic|Recover|p2a: Milotic\n|-heal|p2a: Milotic|54/100\n|move|p2b: Froslass|Aurora Veil|p2b: Froslass\n|-sidestart|p2: guzzlordstrainer|move: Aurora Veil\n|\n|-weather|Snowscape|[upkeep]\n|-heal|p2a: Milotic|60/100|[from] item: Leftovers\n|-fieldend|move: Trick Room\n|-fieldend|move: Psychic Terrain\n|upkeep\n|turn|6\n|\n|t:|1776446195\n|move|p2b: Froslass|Shadow Ball|p1b: Slowbro\n|-supereffective|p1b: Slowbro|1\n|-crit|p1b: Slowbro\n|-damage|p1b: Slowbro|0 fnt\n|faint|p1b: Slowbro\n|move|p2a: Milotic|Blizzard|p1a: Primarina\n|-resisted|p1a: Primarina|1\n|-damage|p1a: Primarina|39/100\n|-enditem|p1a: Primarina|Sitrus Berry|[eat]\n|-heal|p1a: Primarina|63/100|[from] item: Sitrus Berry\n|move|p1a: Primarina|Hyper Voice|p2a: Milotic|[spread] p2a,p2b\n|-resisted|p2a: Milotic|1\n|-damage|p2a: Milotic|51/100\n|-damage|p2b: Froslass|0 fnt\n|faint|p2b: Froslass\n|\n|-weather|Snowscape|[upkeep]\n|-heal|p2a: Milotic|57/100|[from] item: Leftovers\n|upkeep\n|\n|t:|1776446217\n|switch|p2b: Wyrdeer|Wyrdeer, L50, M|100/100\n|switch|p1b: Maushold|Maushold-Four, L50|100/100\n|-ability|p2b: Wyrdeer|Intimidate|boost\n|-unboost|p1a: Primarina|atk|1\n|-unboost|p1b: Maushold|atk|1\n|turn|7\n|\n|t:|1776446249\n|move|p1b: Maushold|Population Bomb|p2b: Wyrdeer\n|-damage|p2b: Wyrdeer|95/100\n|-crit|p2b: Wyrdeer\n|-damage|p2b: Wyrdeer|76/100\n|-damage|p2b: Wyrdeer|71/100\n|-crit|p2b: Wyrdeer\n|-damage|p2b: Wyrdeer|53/100\n|-hitcount|p2b: Wyrdeer|4\n|move|p2a: Milotic|Blizzard|p1a: Primarina|[spread] p1a,p1b\n|-resisted|p1a: Primarina|1\n|-damage|p1a: Primarina|46/100\n|-damage|p1b: Maushold|38/100\n|move|p1a: Primarina|Moonblast|p2a: Milotic\n|-damage|p2a: Milotic|29/100\n|move|p2b: Wyrdeer|Skill Swap|p1b: Maushold\n|-activate|p2b: Wyrdeer|Skill Swap|Technician|Intimidate|[of] p1b: Maushold\n|-ability|p1b: Maushold|Intimidate|boost\n|-unboost|p2a: Milotic|atk|1\n|-ability|p2a: Milotic|Competitive|boost\n|-boost|p2a: Milotic|spa|2\n|-unboost|p2b: Wyrdeer|atk|1\n|\n|-weather|Snowscape|[upkeep]\n|-heal|p2a: Milotic|35/100|[from] item: Leftovers\n|upkeep\n|turn|8\n|\n|t:|1776446289\n|move|p2b: Wyrdeer|Protect|p2b: Wyrdeer\n|-singleturn|p2b: Wyrdeer|Protect\n|move|p1b: Maushold|Shadow Claw|p2a: Milotic\n|-damage|p2a: Milotic|28/100\n|move|p2a: Milotic|Recover|p2a: Milotic\n|-heal|p2a: Milotic|78/100\n|move|p1a: Primarina|Hyper Voice|p2a: Milotic|[spread] p2a\n|-activate|p2b: Wyrdeer|move: Protect\n|-resisted|p2a: Milotic|1\n|-damage|p2a: Milotic|68/100\n|\n|-weather|Snowscape|[upkeep]\n|-heal|p2a: Milotic|74/100|[from] item: Leftovers\n|upkeep\n|turn|9\n|\n|t:|1776446327\n|move|p1b: Maushold|Protect|p1b: Maushold\n|-singleturn|p1b: Maushold|Protect\n|move|p2a: Milotic|Blizzard|p1b: Maushold|[spread] p1a\n|-activate|p1b: Maushold|move: Protect\n|-resisted|p1a: Primarina|1\n|-damage|p1a: Primarina|17/100\n|move|p1a: Primarina|Hyper Voice|p2b: Wyrdeer|[spread] p2a,p2b\n|-resisted|p2a: Milotic|1\n|-damage|p2a: Milotic|64/100\n|-damage|p2b: Wyrdeer|28/100\n|move|p2b: Wyrdeer|Psyshield Bash|p1b: Maushold\n|-activate|p1b: Maushold|move: Protect\n|\n|-weather|none\n|-heal|p2a: Milotic|70/100|[from] item: Leftovers\n|-sideend|p2: guzzlordstrainer|move: Aurora Veil\n|upkeep\n|turn|10\n|\n|t:|1776446364\n|move|p1b: Maushold|Population Bomb|p2b: Wyrdeer\n|-damage|p2b: Wyrdeer|23/100\n|-damage|p2b: Wyrdeer|18/100\n|-hitcount|p2b: Wyrdeer|2\n|move|p2a: Milotic|Blizzard|p1a: Primarina|[spread] p1a,p1b\n|-resisted|p1a: Primarina|1\n|-damage|p1a: Primarina|0 fnt\n|-damage|p1b: Maushold|0 fnt\n|faint|p1a: Primarina\n|faint|p1b: Maushold\n|move|p2b: Wyrdeer|Trick Room|p2b: Wyrdeer\n|-fieldstart|move: Trick Room|[of] p2b: Wyrdeer\n|\n|-heal|p2a: Milotic|76/100|[from] item: Leftovers\n|upkeep\n|\n|t:|1776446377\n|switch|p1a: Alakazam|Alakazam-Mega, L50, F|76/100\n|-ability|p1a: Alakazam|Technician|Trace|[from] ability: Trace|[of] p2b: Wyrdeer\n|turn|11\n|inactive|Battle timer is ON: inactive players will automatically lose when time's up. (requested by guzzlordstrainer)\n|\n|t:|1776446401\n|move|p2b: Wyrdeer|Protect|p2b: Wyrdeer\n|-singleturn|p2b: Wyrdeer|Protect\n|move|p2a: Milotic|Hydro Pump|p1a: Alakazam\n|-damage|p1a: Alakazam|0 fnt\n|faint|p1a: Alakazam\n|\n|win|guzzlordstrainer\n|raw|AndreHero007's rating: 1075 &rarr; <strong>1049</strong><br />(-26 for losing)\n|raw|guzzlordstrainer's rating: 1000 &rarr; <strong>1049</strong><br />(+49 for winning)\n|l|\u2606AndreHero007\n|player|p1|\n",
  "uploadtime": 1776446409,
  "views": 25,
  "formatid": "gen9championsvgc2026regma",
  "rating": 1049,
  "private": 0,
  "password": null
}