{
  "id": "gen9championsvgc2026regma-2586164142",
  "format": "[Gen 9 Champions] VGC 2026 Reg M-A",
  "players": [
    "holdingb",
    "pipievgc103"
  ],
  "log": "|j|\u2606holdingb\n|j|\u2606pipievgc103\n|html|<table width=\"100%\"><tr><td align=\"left\">holdingb</td><td align=\"right\">pipievgc103</tr><tr><td align=\"left\"><i class=\"fa fa-circle-o\"></i> <i class=\"fa fa-circle-o\"></i> </td><td align=\"right\"><i class=\"fa fa-circle-o\"></i> <i class=\"fa fa-circle-o\"></i> </tr></table>\n|uhtml|bestof|<h2><strong>Game 1</strong> of <a href=\"/game-bestof3-gen9championsvgc2026regma-2586164141\">a best-of-3</a></h2>\n|t:|1776407159\n|gametype|doubles\n|player|p1|holdingb|266|\n|player|p2|pipievgc103|doctor-gen8|\n|gen|9\n|tier|[Gen 9 Champions] VGC 2026 Reg M-A\n|rated|Tournament battle\n|rule|Species Clause: Limit one of each Pok\u00e9mon\n|rule|Item Clause: Limit 1 of each item\n|raw|<div class=\"infobox\"><details class=\"readmore\" open><summary><strong>2 custom rules:</strong></summary> Force Open Team Sheets, Best of = 3</details></div>\n|clearpoke\n|poke|p1|Meowscarada, L50, M|\n|poke|p1|Dragapult, L50, F|\n|poke|p1|Rotom-Wash, L50|\n|poke|p1|Corviknight, L50, F|\n|poke|p1|Charizard, L50, F|\n|poke|p1|Sneasler, L50, M|\n|poke|p2|Gengar, L50, M|\n|poke|p2|Sneasler, L50, M|\n|poke|p2|Kingambit, L50, M|\n|poke|p2|Sinistcha, L50|\n|poke|p2|Basculegion, L50, M|\n|poke|p2|Politoed, L50, M|\n|teampreview|4\n|showteam|p1|Meowscarada||ChoiceScarf|Protean|FlowerTrick,ThroatChop,TripleAxel,ThunderPunch|||M|||50|]Dragapult||FocusSash|ClearBody|PhantomForce,DragonDarts,PsychicFangs,Protect|||F|||50|]Rotom-Wash||SitrusBerry|Levitate|HydroPump,VoltSwitch,Protect,WillOWisp||||||50|]Corviknight||Leftovers|Unnerve|BodyPress,IronHead,IronDefense,Roost|||F|||50|]Charizard||CharizarditeY|SolarPower|HeatWave,WeatherBall,SolarBeam,Protect|||F|||50|]Sneasler||WhiteHerb|Unburden|FakeOut,CloseCombat,DireClaw,RockTomb|||M|||50|\n|showteam|p2|Gengar||Gengarite|CursedBody|Protect,IcyWind,SludgeBomb,ShadowBall|||M|||50|]Sneasler||WhiteHerb|Unburden|Protect,FakeOut,CloseCombat,DireClaw|||M|||50|]Kingambit||BlackGlasses|Defiant|SuckerPunch,KowtowCleave,Protect,LowKick|||M|||50|]Sinistcha||Leftovers|Hospitality|MatchaGotcha,RagePowder,LifeDew,Protect||||||50|]Basculegion||ChoiceScarf|SwiftSwim|WaveCrash,LastRespects,FlipTurn,AquaJet|||M|||50|]Politoed||SitrusBerry|Drizzle|MuddyWater,IcyWind,PerishSong,Protect|||M|||50|\n|inactive|Battle timer is ON: inactive players will automatically lose when time's up. (requested by holdingb)\n|j| Duckity_Duck_06\n|inactive|holdingb has 60 seconds left.\n|inactive|pipievgc103 has 60 seconds left.\n|l| Duckity_Duck_06\n|inactive|pipievgc103 has 30 seconds left.\n|inactive|pipievgc103 has 20 seconds left.\n|inactive|pipievgc103 has 15 seconds left.\n|inactive|pipievgc103 has 10 seconds left.\n|\n|t:|1776407244\n|teamsize|p1|4\n|teamsize|p2|4\n|start\n|switch|p1a: Dragapult|Dragapult, L50, F|100/100\n|switch|p1b: Meowscarada|Meowscarada, L50, M|100/100\n|switch|p2a: Kingambit|Kingambit, L50, M, shiny|100/100\n|switch|p2b: Sneasler|Sneasler, L50, M, shiny|100/100\n|turn|1\n|inactive|holdingb has 30 seconds left.\n|inactive|pipievgc103 has 30 seconds left.\n|\n|t:|1776407272\n|switch|p1b: Corviknight|Corviknight, L50, F|100/100\n|-ability|p1b: Corviknight|Unnerve\n|move|p1a: Dragapult|Protect|p1a: Dragapult\n|-singleturn|p1a: Dragapult|Protect\n|move|p2b: Sneasler|Protect|p2b: Sneasler\n|-singleturn|p2b: Sneasler|Protect\n|move|p2a: Kingambit|Kowtow Cleave|p1a: Dragapult\n|-activate|p1a: Dragapult|move: Protect\n|\n|upkeep\n|turn|2\n|inactive|holdingb has 30 seconds left.\n|inactive|holdingb has 20 seconds left.\n|\n|t:|1776407310\n|switch|p2b: poliw|Politoed, L50, M, shiny|100/100\n|-weather|RainDance|[from] ability: Drizzle|[of] p2b: poliw\n|move|p1a: Dragapult|Psychic Fangs|p2b: poliw\n|-damage|p2b: poliw|74/100\n|move|p1b: Corviknight|Iron Defense|p1b: Corviknight\n|-boost|p1b: Corviknight|def|2\n|move|p2a: Kingambit|Kowtow Cleave|p1a: Dragapult\n|-supereffective|p1a: Dragapult|1\n|-enditem|p1a: Dragapult|Focus Sash\n|-damage|p1a: Dragapult|1/100\n|\n|-weather|RainDance|[upkeep]\n|upkeep\n|turn|3\n|inactive|holdingb has 30 seconds left.\n|inactive|holdingb has 20 seconds left.\n|inactive|holdingb has 15 seconds left.\n|\n|t:|1776407353\n|move|p2a: Kingambit|Protect|p2a: Kingambit\n|-singleturn|p2a: Kingambit|Protect\n|move|p1a: Dragapult|Phantom Force||[still]\n|-prepare|p1a: Dragapult|Phantom Force\n|move|p1b: Corviknight|Body Press|p2b: poliw\n|-damage|p2b: poliw|30/100\n|move|p2b: poliw|Muddy Water|p1a: Dragapult|[spread] \n|-miss|p2b: poliw|p1a: Dragapult\n|-miss|p2b: poliw|p1b: Corviknight\n|\n|-weather|RainDance|[upkeep]\n|upkeep\n|turn|4\n|inactive|pipievgc103 has 30 seconds left.\n|inactive|pipievgc103 has 20 seconds left.\n|\n|t:|1776407390\n|switch|p2a: Basculegion|Basculegion, L50, M, shiny|100/100\n|move|p2b: poliw|Protect|p2b: poliw\n|-singleturn|p2b: poliw|Protect\n|move|p1a: Dragapult|Phantom Force|p2b: poliw|[from] lockedmove\n|-activate|p2b: poliw|move: Phantom Force|[broken]\n|-damage|p2b: poliw|0 fnt\n|faint|p2b: poliw\n|move|p1b: Corviknight|Body Press|p2a: Basculegion\n|-immune|p2a: Basculegion\n|\n|-weather|RainDance|[upkeep]\n|upkeep\n|j| OnToTheOther\n|\n|t:|1776407408\n|switch|p2b: Sneasler|Sneasler, L50, M, shiny|100/100\n|turn|5\n|inactive|holdingb has 30 seconds left.\n|inactive|pipievgc103 has 30 seconds left.\n|\n|t:|1776407439\n|move|p1a: Dragapult|Protect|p1a: Dragapult\n|-singleturn|p1a: Dragapult|Protect\n|move|p2b: Sneasler|Fake Out|p1b: Corviknight\n|-resisted|p1b: Corviknight|1\n|-damage|p1b: Corviknight|98/100\n|move|p2a: Basculegion|Flip Turn|p1a: Dragapult\n|-activate|p1a: Dragapult|move: Protect\n|cant|p1b: Corviknight|flinch\n|\n|-weather|RainDance|[upkeep]\n|-heal|p1b: Corviknight|100/100|[from] item: Leftovers\n|upkeep\n|turn|6\n|inactive|holdingb has 30 seconds left.\n|inactive|holdingb has 20 seconds left.\n|\n|t:|1776407476\n|switch|p1a: Meowscarada|Meowscarada, L50, M|100/100\n|move|p2a: Basculegion|Flip Turn|p1a: Meowscarada\n|-resisted|p1a: Meowscarada|1\n|-damage|p1a: Meowscarada|66/100\n|\n|t:|1776407483\n|switch|p2a: Kingambit|Kingambit, L50, M, shiny|100/100|[from] Flip Turn\n|move|p2b: Sneasler|Close Combat|p1b: Corviknight\n|-damage|p1b: Corviknight|82/100\n|-unboost|p2b: Sneasler|def|1\n|-unboost|p2b: Sneasler|spd|1\n|-enditem|p2b: Sneasler|White Herb\n|-clearnegativeboost|p2b: Sneasler|[silent]\n|move|p1b: Corviknight|Iron Defense|p1b: Corviknight\n|-boost|p1b: Corviknight|def|2\n|\n|-weather|none\n|-heal|p1b: Corviknight|88/100|[from] item: Leftovers\n|upkeep\n|turn|7\n|j| Alejop88\n|inactive|pipievgc103 has 30 seconds left.\n|inactive|holdingb has 30 seconds left.\n|inactive|holdingb has 20 seconds left.\n|\n|t:|1776407528\n|move|p2a: Kingambit|Protect|p2a: Kingambit\n|-singleturn|p2a: Kingambit|Protect\n|move|p2b: Sneasler|Close Combat|p1a: Meowscarada\n|-supereffective|p1a: Meowscarada|1\n|-damage|p1a: Meowscarada|0 fnt\n|-unboost|p2b: Sneasler|def|1\n|-unboost|p2b: Sneasler|spd|1\n|faint|p1a: Meowscarada\n|move|p1b: Corviknight|Body Press|p2a: Kingambit\n|-activate|p2a: Kingambit|move: Protect\n|\n|-heal|p1b: Corviknight|94/100|[from] item: Leftovers\n|upkeep\n|\n|t:|1776407538\n|switch|p1a: Charizard|Charizard, L50, F|100/100\n|turn|8\n|j|@Aldrich\n|\n|t:|1776407560\n|detailschange|p1a: Charizard|Charizard-Mega-Y, L50, F\n|-mega|p1a: Charizard|Charizard|Charizardite Y\n|-weather|SunnyDay|[from] ability: Drought|[of] p1a: Charizard\n|move|p2a: Kingambit|Sucker Punch|p1a: Charizard\n|-damage|p1a: Charizard|32/100\n|move|p2b: Sneasler|Dire Claw|p1a: Charizard\n|-damage|p1a: Charizard|0 fnt\n|faint|p1a: Charizard\n|move|p1b: Corviknight|Body Press|p2a: Kingambit\n|-supereffective|p2a: Kingambit|2\n|-damage|p2a: Kingambit|0 fnt\n|faint|p2a: Kingambit\n|\n|-weather|SunnyDay|[upkeep]\n|-heal|p1b: Corviknight|99/100|[from] item: Leftovers\n|upkeep\n|\n|t:|1776407574\n|switch|p1a: Dragapult|Dragapult, L50, F|1/100\n|switch|p2a: Basculegion|Basculegion, L50, M, shiny|100/100\n|turn|9\n|\n|t:|1776407591\n|move|p1a: Dragapult|Protect|p1a: Dragapult\n|-singleturn|p1a: Dragapult|Protect\n|move|p2b: Sneasler|Close Combat|p1b: Corviknight\n|-damage|p1b: Corviknight|85/100\n|-unboost|p2b: Sneasler|def|1\n|-unboost|p2b: Sneasler|spd|1\n|move|p2a: Basculegion|Last Respects|p1a: Dragapult\n|-activate|p1a: Dragapult|move: Protect\n|move|p1b: Corviknight|Body Press|p2b: Sneasler\n|-resisted|p2b: Sneasler|1\n|-damage|p2b: Sneasler|0 fnt\n|faint|p2b: Sneasler\n|\n|-weather|SunnyDay|[upkeep]\n|-heal|p1b: Corviknight|91/100|[from] item: Leftovers\n|upkeep\n|turn|10\n|l|@Aldrich\n|\n|t:|1776407606\n|move|p1a: Dragapult|Phantom Force||[still]\n|-prepare|p1a: Dragapult|Phantom Force\n|move|p2a: Basculegion|Last Respects|p1a: Dragapult|[miss]\n|-miss|p2a: Basculegion|p1a: Dragapult\n|move|p1b: Corviknight|Iron Head|p2a: Basculegion\n|-resisted|p2a: Basculegion|1\n|-damage|p2a: Basculegion|86/100\n|\n|-weather|SunnyDay|[upkeep]\n|-heal|p1b: Corviknight|97/100|[from] item: Leftovers\n|upkeep\n|turn|11\n|\n|t:|1776407628\n|move|p1a: Dragapult|Phantom Force|p2a: Basculegion|[from] lockedmove\n|-supereffective|p2a: Basculegion|1\n|-damage|p2a: Basculegion|0 fnt\n|faint|p2a: Basculegion\n|\n|win|holdingb\n||pipievgc103 is ready for game 2.\n",
  "uploadtime": 1776407633,
  "views": 17,
  "formatid": "gen9championsvgc2026regma",
  "rating": null,
  "private": 0,
  "password": null
}