{
  "id": "gen9championsvgc2026regma-2585920857",
  "format": "[Gen 9 Champions] VGC 2026 Reg M-A",
  "players": [
    "tperz",
    "areestoo"
  ],
  "log": "|j|\u2606tperz\n|j|\u2606areestoo\n|t:|1776381602\n|gametype|doubles\n|player|p1|tperz|burglar|1109\n|player|p2|areestoo|1|1185\n|gen|9\n|tier|[Gen 9 Champions] VGC 2026 Reg M-A\n|rated|\n|rule|Species Clause: Limit one of each Pok\u00e9mon\n|rule|Item Clause: Limit 1 of each item\n|clearpoke\n|poke|p1|Garchomp, L50, F|\n|poke|p1|Gardevoir, L50, M|\n|poke|p1|Skarmory, L50, M|\n|poke|p1|Incineroar, L50, M|\n|poke|p1|Rotom-Wash, L50|\n|poke|p1|Vanilluxe, L50, M|\n|poke|p2|Incineroar, L50, F|\n|poke|p2|Torkoal, L50, M|\n|poke|p2|Golurk, L50|\n|poke|p2|Farigiraf, L50, M|\n|poke|p2|Clefable, L50, F|\n|poke|p2|Kommo-o, L50, F|\n|teampreview|4\n|inactive|Battle timer is ON: inactive players will automatically lose when time's up. (requested by areestoo)\n|inactive|tperz also wants the timer to be on.\n|inactive|areestoo has 60 seconds left.\n|inactive|areestoo has 30 seconds left.\n|inactive|areestoo has 20 seconds left.\n|\n|t:|1776381672\n|teamsize|p1|4\n|teamsize|p2|4\n|start\n|switch|p1a: Garchomp|Garchomp, L50, F|100/100\n|switch|p1b: Vanilluxe|Vanilluxe, L50, M|100/100\n|switch|p2a: Incineroar|Incineroar, L50, F|100/100\n|switch|p2b: Farigiraf|Farigiraf, L50, M|100/100\n|-weather|Snowscape|[from] ability: Snow Warning|[of] p1b: Vanilluxe\n|-ability|p2a: Incineroar|Intimidate|boost\n|-unboost|p1a: Garchomp|atk|1\n|-unboost|p1b: Vanilluxe|atk|1\n|turn|1\n|\n|t:|1776381686\n|move|p2a: Incineroar|Fake Out|p1b: Vanilluxe\n|-damage|p1b: Vanilluxe|91/100\n|move|p1a: Garchomp|Earthquake|p2b: Farigiraf|[spread] p1b,p2a,p2b\n|-supereffective|p2a: Incineroar|1\n|-damage|p1b: Vanilluxe|77/100\n|-damage|p2a: Incineroar|58/100\n|-damage|p2b: Farigiraf|77/100\n|cant|p1b: Vanilluxe|flinch\n|move|p2b: Farigiraf|Trick Room|p2b: Farigiraf\n|-fieldstart|move: Trick Room|[of] p2b: Farigiraf\n|\n|-weather|Snowscape|[upkeep]\n|upkeep\n|turn|2\n|\n|t:|1776381703\n|move|p2b: Farigiraf|Hyper Voice|p1b: Vanilluxe|[spread] p1a,p1b\n|-damage|p1a: Garchomp|63/100\n|-damage|p1b: Vanilluxe|45/100\n|move|p2a: Incineroar|Flare Blitz|p1b: Vanilluxe\n|-supereffective|p1b: Vanilluxe|1\n|-damage|p1b: Vanilluxe|0 fnt\n|faint|p1b: Vanilluxe\n|-damage|p2a: Incineroar|45/100|[from] Recoil\n|move|p1a: Garchomp|Earthquake|p2b: Farigiraf|[spread] p2a,p2b\n|-supereffective|p2a: Incineroar|1\n|-crit|p2a: Incineroar\n|-damage|p2a: Incineroar|0 fnt\n|-damage|p2b: Farigiraf|52/100\n|faint|p2a: Incineroar\n|\n|-weather|Snowscape|[upkeep]\n|upkeep\n|\n|t:|1776381715\n|switch|p2a: Torkoal|Torkoal, L50, M|100/100\n|switch|p1b: Rotom|Rotom-Wash, L50|100/100\n|-weather|SunnyDay|[from] ability: Drought|[of] p2a: Torkoal\n|turn|3\n|\n|t:|1776381724\n|move|p2a: Torkoal|Eruption|p1a: Garchomp|[spread] p1a,p1b\n|-resisted|p1a: Garchomp|1\n|-resisted|p1b: Rotom|1\n|-damage|p1a: Garchomp|14/100\n|-damage|p1b: Rotom|60/100\n|move|p2b: Farigiraf|Hyper Voice|p1b: Rotom|[spread] p1a,p1b\n|-damage|p1a: Garchomp|0 fnt\n|-damage|p1b: Rotom|33/100\n|faint|p1a: Garchomp\n|move|p1b: Rotom|Pain Split|p2a: Torkoal\n|-sethp|p2a: Torkoal|66/100|[from] move: Pain Split|[silent]\n|-sethp|p1b: Rotom|69/100|[from] move: Pain Split\n|\n|-weather|SunnyDay|[upkeep]\n|-heal|p1b: Rotom|75/100|[from] item: Leftovers\n|upkeep\n|\n|t:|1776381736\n|switch|p1a: Incineroar|Incineroar, L50, M|100/100\n|-ability|p1a: Incineroar|Intimidate|boost\n|-unboost|p2a: Torkoal|atk|1\n|-unboost|p2b: Farigiraf|atk|1\n|turn|4\n|\n|t:|1776381753\n|move|p2a: Torkoal|Eruption|p1b: Rotom|[spread] p1a,p1b\n|-resisted|p1a: Incineroar|1\n|-resisted|p1b: Rotom|1\n|-damage|p1a: Incineroar|78/100\n|-damage|p1b: Rotom|53/100\n|move|p2b: Farigiraf|Hyper Voice|p1a: Incineroar|[spread] p1a,p1b\n|-damage|p1a: Incineroar|50/100\n|-damage|p1b: Rotom|27/100\n|-enditem|p1a: Incineroar|Sitrus Berry|[eat]\n|-heal|p1a: Incineroar|75/100|[from] item: Sitrus Berry\n|move|p1a: Incineroar|Parting Shot|p2a: Torkoal\n|-unboost|p2a: Torkoal|atk|1\n|-unboost|p2a: Torkoal|spa|1\n|move|p1b: Rotom|Pain Split|p2b: Farigiraf\n|-sethp|p2b: Farigiraf|36/100|[from] move: Pain Split|[silent]\n|-sethp|p1b: Rotom|49/100|[from] move: Pain Split\n|\n|-weather|SunnyDay|[upkeep]\n|-heal|p1b: Rotom|55/100|[from] item: Leftovers\n|upkeep\n|turn|5\n|inactive|tperz has 30 seconds left.\n|inactive|tperz has 20 seconds left.\n|\n|t:|1776381791\n|move|p2a: Torkoal|Weather Ball|p1b: Rotom\n|-resisted|p1b: Rotom|1\n|-damage|p1b: Rotom|32/100\n|move|p2b: Farigiraf|Psychic|p1b: Rotom\n|-damage|p1b: Rotom|0 fnt\n|faint|p1b: Rotom\n|move|p1a: Incineroar|Flamethrower|p2b: Farigiraf\n|-damage|p2b: Farigiraf|0 fnt\n|faint|p2b: Farigiraf\n|\n|-weather|SunnyDay|[upkeep]\n|-fieldend|move: Trick Room\n|upkeep\n|\n|t:|1776381816\n|switch|p2b: Kommo-o|Kommo-o, L50, F|100/100\n|turn|6\n|\n|t:|1776381829\n|move|p2b: Kommo-o|Aura Sphere|p1a: Incineroar\n|-supereffective|p1a: Incineroar|1\n|-damage|p1a: Incineroar|12/100\n|move|p1a: Incineroar|Taunt|p2b: Kommo-o\n|-start|p2b: Kommo-o|move: Taunt\n|move|p2a: Torkoal|Ancient Power|p1a: Incineroar\n|-supereffective|p1a: Incineroar|1\n|-damage|p1a: Incineroar|0 fnt\n|faint|p1a: Incineroar\n|\n|win|areestoo\n|raw|tperz's rating: 1109 &rarr; <strong>1089</strong><br />(-20 for losing)\n|raw|areestoo's rating: 1185 &rarr; <strong>1205</strong><br />(+20 for winning)\n",
  "uploadtime": 1776381830,
  "views": 14,
  "formatid": "gen9championsvgc2026regma",
  "rating": 1089,
  "private": 0,
  "password": null
}