{
  "id": "gen9championsvgc2026regma-2583758413",
  "format": "[Gen 9 Champions] VGC 2026 Reg M-A",
  "players": [
    "rocci",
    "ZuggZugg"
  ],
  "log": "|j|\u2606rocci\n|j|\u2606ZuggZugg\n|t:|1776195719\n|gametype|doubles\n|player|p1|rocci|beauty-gen4dp|1087\n|player|p2|ZuggZugg|265|1164\n|gen|9\n|tier|[Gen 9 Champions] VGC 2026 Reg M-A\n|rated|\n|rule|Species Clause: Limit one of each Pok\u00e9mon\n|rule|Item Clause: Limit 1 of each item\n|clearpoke\n|poke|p1|Sylveon, L50, F|\n|poke|p1|Slowbro, L50, M|\n|poke|p1|Tyranitar, L50, M|\n|poke|p1|Farigiraf, L50, M|\n|poke|p1|Clefable, L50, M|\n|poke|p1|Conkeldurr, L50, M|\n|poke|p2|Whimsicott, L50, F|\n|poke|p2|Gyarados, L50, M|\n|poke|p2|Meganium, L50, F|\n|poke|p2|Basculegion, L50, M|\n|poke|p2|Politoed, L50, F|\n|poke|p2|Archaludon, L50, M|\n|teampreview|4\n|inactive|Battle timer is ON: inactive players will automatically lose when time's up. (requested by ZuggZugg)\nZuggZugg has agreed to open team sheets.\n|inactive|rocci has 60 seconds left.\n|inactive|ZuggZugg has 60 seconds left.\n|\n|t:|1776195758\n|teamsize|p1|4\n|teamsize|p2|4\n|start\n|switch|p1a: Farigiraf|Farigiraf, L50, M|100/100\n|switch|p1b: Sylveon|Sylveon, L50, F|100/100\n|switch|p2a: Politoed|Politoed, L50, F, shiny|100/100\n|switch|p2b: Meganium|Meganium, L50, F, shiny|100/100\n|-weather|RainDance|[from] ability: Drizzle|[of] p2a: Politoed\n|turn|1\n|inactive|rocci has 30 seconds left.\n|\n|t:|1776195789\n|detailschange|p2b: Meganium|Meganium-Mega, L50, F, shiny\n|-mega|p2b: Meganium|Meganium|Meganiumite\n|move|p1b: Sylveon|Protect|p1b: Sylveon\n|-singleturn|p1b: Sylveon|Protect\n|move|p2b: Meganium|Dazzling Gleam|p1a: Farigiraf|[spread] p1a\n|-activate|p1b: Sylveon|move: Protect\n|-damage|p1a: Farigiraf|68/100\n|move|p2a: Politoed|Weather Ball|p1b: Sylveon\n|-activate|p1b: Sylveon|move: Protect\n|move|p1a: Farigiraf|Trick Room|p1a: Farigiraf\n|-fieldstart|move: Trick Room|[of] p1a: Farigiraf\n|\n|-weather|RainDance|[upkeep]\n|upkeep\n|turn|2\n|inactive|rocci has 30 seconds left.\n|inactive|ZuggZugg has 30 seconds left.\n|inactive|rocci has 20 seconds left.\n|inactive|rocci has 15 seconds left.\n|\n|t:|1776195833\n|move|p1a: Farigiraf|Helping Hand|p1b: Sylveon\n|-singleturn|p1b: Sylveon|Helping Hand|[of] p1a: Farigiraf\n|move|p1b: Sylveon|Hyper Voice|p2b: Meganium|[spread] p2a,p2b\n|-damage|p2a: Politoed|35/100\n|-damage|p2b: Meganium|38/100\n|move|p2a: Politoed|Weather Ball|p1b: Sylveon\n|-damage|p1b: Sylveon|59/100\n|move|p2b: Meganium|Weather Ball|p1b: Sylveon\n|-damage|p1b: Sylveon|19/100\n|\n|-weather|RainDance|[upkeep]\n|-heal|p2a: Politoed|41/100|[from] item: Leftovers\n|upkeep\n|turn|3\n|\n|t:|1776195847\n|switch|p1a: Tyranitar|Tyranitar, L50, M|100/100\n|-weather|Sandstorm|[from] ability: Sand Stream|[of] p1a: Tyranitar\n|move|p2a: Politoed|Protect|p2a: Politoed\n|-singleturn|p2a: Politoed|Protect\n|move|p2b: Meganium|Protect|p2b: Meganium\n|-singleturn|p2b: Meganium|Protect\n|move|p1b: Sylveon|Hyper Voice|p2b: Meganium|[spread] \n|-activate|p2a: Politoed|move: Protect\n|-activate|p2b: Meganium|move: Protect\n|\n|-weather|Sandstorm|[upkeep]\n|-damage|p1b: Sylveon|13/100|[from] Sandstorm\n|-damage|p2a: Politoed|35/100|[from] Sandstorm\n|-damage|p2b: Meganium|32/100|[from] Sandstorm\n|-heal|p2a: Politoed|41/100|[from] item: Leftovers\n|upkeep\n|turn|4\n|inactive|ZuggZugg has 30 seconds left.\n|\n|t:|1776195876\n|switch|p1a: Farigiraf|Farigiraf, L50, M|68/100\n|switch|p2b: Basculegion|Basculegion, L50, M|100/100\n|move|p1b: Sylveon|Hyper Voice|p2b: Basculegion|[spread] p2a,p2b\n|-damage|p2a: Politoed|0 fnt\n|-damage|p2b: Basculegion|42/100\n|faint|p2a: Politoed\n|\n|-weather|Sandstorm|[upkeep]\n|-damage|p1b: Sylveon|7/100|[from] Sandstorm\n|-damage|p1a: Farigiraf|62/100|[from] Sandstorm\n|-damage|p2b: Basculegion|36/100|[from] Sandstorm\n|upkeep\n|\n|t:|1776195889\n|switch|p2a: Archaludon|Archaludon, L50, M|100/100\n|turn|5\n|\n|t:|1776195908\n|move|p2b: Basculegion|Protect|p2b: Basculegion\n|-singleturn|p2b: Basculegion|Protect\n|move|p2a: Archaludon|Protect|p2a: Archaludon\n|-singleturn|p2a: Archaludon|Protect\n|move|p1b: Sylveon|Mystical Fire|p2a: Archaludon\n|-activate|p2a: Archaludon|move: Protect\n|move|p1a: Farigiraf|Psychic|p2b: Basculegion\n|-activate|p2b: Basculegion|move: Protect\n|\n|-weather|Sandstorm|[upkeep]\n|-damage|p1b: Sylveon|1/100|[from] Sandstorm\n|-damage|p1a: Farigiraf|56/100|[from] Sandstorm\n|-damage|p2b: Basculegion|30/100|[from] Sandstorm\n|-fieldend|move: Trick Room\n|upkeep\n|turn|6\n|\n|t:|1776195928\n|switch|p1b: Slowbro|Slowbro, L50, M|100/100\n|move|p2a: Archaludon|Flash Cannon|p1a: Farigiraf\n|-damage|p1a: Farigiraf|18/100\n|-enditem|p1a: Farigiraf|Sitrus Berry|[eat]\n|-heal|p1a: Farigiraf|43/100|[from] item: Sitrus Berry\n|move|p2b: Basculegion|Wave Crash|p1a: Farigiraf\n|-damage|p1a: Farigiraf|0 fnt\n|faint|p1a: Farigiraf\n|-damage|p2b: Basculegion|13/100|[from] Recoil\n|\n|-weather|Sandstorm|[upkeep]\n|-damage|p2b: Basculegion|7/100|[from] Sandstorm\n|-damage|p1b: Slowbro|95/100|[from] Sandstorm\n|upkeep\n|\n|t:|1776195943\n|switch|p1a: Tyranitar|Tyranitar, L50, M|100/100\n|turn|7\n|\n|t:|1776195954\n|detailschange|p1b: Slowbro|Slowbro-Mega, L50, M\n|-mega|p1b: Slowbro|Slowbro|Slowbronite\n|move|p1a: Tyranitar|Protect|p1a: Tyranitar\n|-singleturn|p1a: Tyranitar|Protect\n|move|p2a: Archaludon|Flash Cannon|p1a: Tyranitar\n|-activate|p1a: Tyranitar|move: Protect\n|move|p2b: Basculegion|Wave Crash|p1a: Tyranitar\n|-activate|p1a: Tyranitar|move: Protect\n|move|p1b: Slowbro|Trick Room|p1b: Slowbro\n|-fieldstart|move: Trick Room|[of] p1b: Slowbro\n|\n|-weather|none\n|upkeep\n|turn|8\n|inactive|rocci has 30 seconds left.\n|\n|t:|1776195987\n|move|p2b: Basculegion|Protect|p2b: Basculegion\n|-singleturn|p2b: Basculegion|Protect\n|move|p2a: Archaludon|Protect|p2a: Archaludon\n|-singleturn|p2a: Archaludon|Protect\n|move|p1b: Slowbro|Scald|p2b: Basculegion\n|-activate|p2b: Basculegion|move: Protect\n|move|p1a: Tyranitar|Rock Slide|p2b: Basculegion|[spread] \n|-activate|p2a: Archaludon|move: Protect\n|-activate|p2b: Basculegion|move: Protect\n|\n|upkeep\n|turn|9\n|inactive|ZuggZugg has 30 seconds left.\n|\n|t:|1776196012\n|move|p1a: Tyranitar|Protect|p1a: Tyranitar\n|-singleturn|p1a: Tyranitar|Protect\n|move|p1b: Slowbro|Psychic|p2b: Basculegion\n|-crit|p2b: Basculegion\n|-damage|p2b: Basculegion|0 fnt\n|faint|p2b: Basculegion\n|move|p2a: Archaludon|Draco Meteor|p1a: Tyranitar\n|-activate|p1a: Tyranitar|move: Protect\n|\n|upkeep\n|\n|t:|1776196014\n|switch|p2b: Meganium|Meganium-Mega, L50, F, shiny|32/100\n|turn|10\n|\n|t:|1776196028\n|move|p1b: Slowbro|Scald|p2b: Meganium\n|-resisted|p2b: Meganium|1\n|-damage|p2b: Meganium|18/100\n|move|p1a: Tyranitar|Iron Head|p2b: Meganium\n|-supereffective|p2b: Meganium|1\n|-damage|p2b: Meganium|0 fnt\n|faint|p2b: Meganium\n|move|p2a: Archaludon|Draco Meteor|p1a: Tyranitar\n|-damage|p1a: Tyranitar|48/100\n|-unboost|p2a: Archaludon|spa|2\n|-enditem|p2a: Archaludon|White Herb\n|-clearnegativeboost|p2a: Archaludon|[silent]\n|\n|upkeep\n|turn|11\n|\n|t:|1776196044\n|move|p2a: Archaludon|Protect|p2a: Archaludon\n|-singleturn|p2a: Archaludon|Protect\n|move|p1b: Slowbro|Scald|p2a: Archaludon\n|-activate|p2a: Archaludon|move: Protect\n|move|p1a: Tyranitar|Crunch|p2a: Archaludon\n|-activate|p2a: Archaludon|move: Protect\n|\n|-fieldend|move: Trick Room\n|upkeep\n|turn|12\n|\n|t:|1776196058\n|move|p1a: Tyranitar|Protect|p1a: Tyranitar\n|-singleturn|p1a: Tyranitar|Protect\n|move|p2a: Archaludon|Flash Cannon|p1a: Tyranitar\n|-activate|p1a: Tyranitar|move: Protect\n|move|p1b: Slowbro|Trick Room|p1b: Slowbro\n|-fieldstart|move: Trick Room|[of] p1b: Slowbro\n|\n|upkeep\n|turn|13\n|\n|t:|1776196069\n|switch|p1a: Sylveon|Sylveon, L50, F|1/100\n|move|p1b: Slowbro|Scald|p2a: Archaludon\n|-resisted|p2a: Archaludon|1\n|-damage|p2a: Archaludon|72/100\n|-ability|p2a: Archaludon|Stamina|boost\n|-boost|p2a: Archaludon|def|1\n|move|p2a: Archaludon|Flash Cannon|p1a: Sylveon\n|-supereffective|p1a: Sylveon|1\n|-damage|p1a: Sylveon|0 fnt\n|faint|p1a: Sylveon\n|\n|upkeep\n|\n|t:|1776196075\n|switch|p1a: Tyranitar|Tyranitar, L50, M|48/100\n|-weather|Sandstorm|[from] ability: Sand Stream|[of] p1a: Tyranitar\n|turn|14\n|\n|t:|1776196087\n|move|p1b: Slowbro|Scald|p2a: Archaludon\n|-resisted|p2a: Archaludon|1\n|-damage|p2a: Archaludon|47/100\n|-status|p2a: Archaludon|brn\n|-ability|p2a: Archaludon|Stamina|boost\n|-boost|p2a: Archaludon|def|1\n|move|p1a: Tyranitar|Crunch|p2a: Archaludon\n|-crit|p2a: Archaludon\n|-damage|p2a: Archaludon|0 fnt\n|faint|p2a: Archaludon\n|\n|win|rocci\n|raw|rocci's rating: 1087 &rarr; <strong>1120</strong><br />(+33 for winning)\n|raw|ZuggZugg's rating: 1164 &rarr; <strong>1134</strong><br />(-30 for losing)\n|l|\u2606ZuggZugg\n|player|p2|\n",
  "uploadtime": 1776196092,
  "views": 32,
  "formatid": "gen9championsvgc2026regma",
  "rating": 1120,
  "private": 0,
  "password": null
}