{
  "id": "gen9championsvgc2026regma-2583198000",
  "format": "[Gen 9 Champions] VGC 2026 Reg M-A",
  "players": [
    "Alexander 365",
    "ilveroseby"
  ],
  "log": "|j|\u2606Alexander 365\n|j|\u2606ilveroseby\n|t:|1776153736\n|gametype|doubles\n|player|p1|Alexander 365|hilbert|1281\n|player|p2|ilveroseby|1|1290\n|gen|9\n|tier|[Gen 9 Champions] VGC 2026 Reg M-A\n|rated|\n|rule|Species Clause: Limit one of each Pok\u00e9mon\n|rule|Item Clause: Limit 1 of each item\n|clearpoke\n|poke|p1|Greninja-*, L50, M|\n|poke|p1|Dragapult, L50, M|\n|poke|p1|Decidueye-Hisui, L50, M|\n|poke|p1|Tinkaton, L50, F|\n|poke|p1|Excadrill, L50, M|\n|poke|p1|Tyranitar, L50, M|\n|poke|p2|Charizard, L50, M|\n|poke|p2|Sneasler, L50, F|\n|poke|p2|Basculegion, L50, M|\n|poke|p2|Garchomp, L50, F|\n|poke|p2|Incineroar, L50, M|\n|poke|p2|Venusaur, L50, M|\n|teampreview|4\n|inactive|Battle timer is ON: inactive players will automatically lose when time's up. (requested by Alexander 365)\n|inactive|Alexander 365 has 60 seconds left.\n|inactive|ilveroseby has 60 seconds left.\n|\n|t:|1776153777\n|teamsize|p1|4\n|teamsize|p2|4\n|start\n|switch|p1a: Tyranitar|Tyranitar, L50, M|100/100\n|switch|p1b: Excadrill|Excadrill, L50, M|100/100\n|switch|p2a: Garchomp|Garchomp, L50, F|100/100\n|switch|p2b: Charizard|Charizard, L50, M|100/100\n|-weather|Sandstorm|[from] ability: Sand Stream|[of] p1a: Tyranitar\n|turn|1\n|\n|t:|1776153797\n|move|p1b: Excadrill|Protect|p1b: Excadrill\n|-singleturn|p1b: Excadrill|Protect\n|move|p2b: Charizard|Protect|p2b: Charizard\n|-singleturn|p2b: Charizard|Protect\n|move|p2a: Garchomp|Earthquake|p1b: Excadrill|[spread] p1a\n|-activate|p2b: Charizard|move: Protect\n|-activate|p1b: Excadrill|move: Protect\n|-supereffective|p1a: Tyranitar|1\n|-enditem|p1a: Tyranitar|Shuca Berry|[eat]\n|-enditem|p1a: Tyranitar|Shuca Berry|[weaken]\n|-damage|p1a: Tyranitar|73/100\n|move|p1a: Tyranitar|Avalanche|p2a: Garchomp\n|-supereffective|p2a: Garchomp|2\n|-damage|p2a: Garchomp|0 fnt\n|-damage|p1a: Tyranitar|61/100|[from] ability: Rough Skin|[of] p2a: Garchomp\n|faint|p2a: Garchomp\n|\n|-weather|Sandstorm|[upkeep]\n|-damage|p2b: Charizard|95/100|[from] Sandstorm\n|upkeep\n|l|\u2606Alexander 365\n|inactive|Alexander 365 disconnected and has a minute to reconnect!\n|player|p1|\n|\n|t:|1776153813\n|switch|p2a: Basculegion|Basculegion, L50, M|100/100\n|turn|2\n|j|\u2606Alexander 365\n|inactive|Alexander 365 reconnected and has 55 seconds left.\n|player|p1|Alexander 365|hilbert|\n|\n|t:|1776153838\n|detailschange|p2b: Charizard|Charizard-Mega-Y, L50, M\n|-mega|p2b: Charizard|Charizard|Charizardite Y\n|-weather|SunnyDay|[from] ability: Drought|[of] p2b: Charizard\n|move|p1a: Tyranitar|Protect|p1a: Tyranitar\n|-singleturn|p1a: Tyranitar|Protect\n|move|p2a: Basculegion|Flip Turn|p1a: Tyranitar\n|-activate|p1a: Tyranitar|move: Protect\n|move|p1b: Excadrill|Throat Chop|p2a: Basculegion\n|-supereffective|p2a: Basculegion|1\n|-damage|p2a: Basculegion|16/100\n|-start|p2a: Basculegion|Throat Chop|[silent]\n|move|p2b: Charizard|Weather Ball|p1b: Excadrill\n|-supereffective|p1b: Excadrill|1\n|-enditem|p1b: Excadrill|Focus Sash\n|-damage|p1b: Excadrill|1/100\n|\n|-weather|SunnyDay|[upkeep]\n|upkeep\n|turn|3\n|inactive|ilveroseby has 30 seconds left.\n|\n|t:|1776153863\n|move|p1b: Excadrill|Protect|p1b: Excadrill\n|-singleturn|p1b: Excadrill|Protect\n|move|p2b: Charizard|Protect|p2b: Charizard\n|-singleturn|p2b: Charizard|Protect\n|move|p2a: Basculegion|Flip Turn|p1b: Excadrill\n|-activate|p1b: Excadrill|move: Protect\n|move|p1a: Tyranitar|Rock Slide|p2b: Charizard|[spread] p2a\n|-activate|p2b: Charizard|move: Protect\n|-damage|p2a: Basculegion|0 fnt\n|faint|p2a: Basculegion\n|\n|-weather|SunnyDay|[upkeep]\n|upkeep\n|\n|t:|1776153866\n|switch|p2a: Incineroar|Incineroar, L50, M|100/100\n|-ability|p2a: Incineroar|Intimidate|boost\n|-unboost|p1a: Tyranitar|atk|1\n|-unboost|p1b: Excadrill|atk|1\n|turn|4\n|\n|t:|1776153884\n|move|p2a: Incineroar|Fake Out|p1b: Excadrill\n|-resisted|p1b: Excadrill|1\n|-damage|p1b: Excadrill|0 fnt\n|faint|p1b: Excadrill\n|move|p2b: Charizard|Heat Wave|p1a: Tyranitar\n|-resisted|p1a: Tyranitar|1\n|-damage|p1a: Tyranitar|23/100\n|move|p1a: Tyranitar|Rock Slide|p2b: Charizard|[spread] p2a,p2b\n|-supereffective|p2a: Incineroar|1\n|-supereffective|p2b: Charizard|2\n|-damage|p2a: Incineroar|64/100\n|-damage|p2b: Charizard|2/100\n|\n|-weather|SunnyDay|[upkeep]\n|upkeep\n|\n|t:|1776153899\n|switch|p1b: Greninja|Greninja, L50, M|100/100\n|turn|5\n|inactive|ilveroseby has 30 seconds left.\n|\n|t:|1776153924\n|switch|p1a: Dragapult|Dragapult, L50, M|100/100\n|detailschange|p1b: Greninja|Greninja-Mega, L50, M\n|-mega|p1b: Greninja|Greninja|Greninjite\n|move|p1b: Greninja|U-turn|p2a: Incineroar\n|-start|p1b: Greninja|typechange|Bug|[from] ability: Protean\n|-crit|p2a: Incineroar\n|-damage|p2a: Incineroar|26/100\n|-enditem|p2a: Incineroar|Sitrus Berry|[eat]\n|-heal|p2a: Incineroar|51/100|[from] item: Sitrus Berry\n|\n|t:|1776153934\n|switch|p1b: Tyranitar|Tyranitar, L50, M|23/100|[from] U-turn\n|-weather|Sandstorm|[from] ability: Sand Stream|[of] p1b: Tyranitar\n|move|p2b: Charizard|Heat Wave|p1a: Dragapult|[spread] p1a,p1b\n|-resisted|p1a: Dragapult|1\n|-resisted|p1b: Tyranitar|1\n|-damage|p1a: Dragapult|70/100\n|-damage|p1b: Tyranitar|10/100\n|move|p2a: Incineroar|Throat Chop|p1b: Tyranitar\n|-resisted|p1b: Tyranitar|1\n|-damage|p1b: Tyranitar|0 fnt\n|faint|p1b: Tyranitar\n|\n|-weather|Sandstorm|[upkeep]\n|-damage|p1a: Dragapult|64/100|[from] Sandstorm\n|-damage|p2b: Charizard|0 fnt|[from] Sandstorm\n|-damage|p2a: Incineroar|45/100|[from] Sandstorm\n|faint|p2b: Charizard\n|upkeep\n|\n|t:|1776153946\n|switch|p1b: Greninja|Greninja-Mega, L50, M|100/100\n|turn|6\n|\n|t:|1776153957\n|move|p1a: Dragapult|Draco Meteor|p2a: Incineroar\n|-damage|p2a: Incineroar|0 fnt\n|-unboost|p1a: Dragapult|spa|2\n|faint|p2a: Incineroar\n|\n|win|Alexander 365\n|raw|Alexander 365's rating: 1281 &rarr; <strong>1307</strong><br />(+26 for winning)\n|raw|ilveroseby's rating: 1290 &rarr; <strong>1264</strong><br />(-26 for losing)\n|l|\u2606ilveroseby\n|player|p2|\n",
  "uploadtime": 1776153984,
  "views": 32,
  "formatid": "gen9championsvgc2026regma",
  "rating": 1264,
  "private": 0,
  "password": null
}