{
  "id": "gen9championsvgc2026regma-2582781950",
  "format": "[Gen 9 Champions] VGC 2026 Reg M-A",
  "players": [
    "Prohxy",
    "toasterboy"
  ],
  "log": "|j|\u2606Prohxy\n|j|\u2606toasterboy\n|t:|1776113713\n|gametype|doubles\n|player|p1|Prohxy|lorelei-lgpe|1050\n|player|p2|toasterboy|101|1040\n|gen|9\n|tier|[Gen 9 Champions] VGC 2026 Reg M-A\n|rated|\n|rule|Species Clause: Limit one of each Pok\u00e9mon\n|rule|Item Clause: Limit 1 of each item\n|clearpoke\n|poke|p1|Drampa, L50, M|\n|poke|p1|Mimikyu, L50, M|\n|poke|p1|Basculegion, L50, M|\n|poke|p1|Oranguru, L50, M|\n|poke|p1|Sinistcha, L50|\n|poke|p1|Camerupt, L50, M|\n|poke|p2|Basculegion, L50, M|\n|poke|p2|Drampa, L50, F|\n|poke|p2|Alakazam, L50, F|\n|poke|p2|Sinistcha, L50|\n|poke|p2|Scizor, L50, F|\n|poke|p2|Pelipper, L50, M|\n|teampreview|4\n|\n|t:|1776113741\n|teamsize|p1|4\n|teamsize|p2|4\n|start\n|switch|p1a: Mimikyu|Mimikyu, L50, M, shiny|100/100\n|switch|p1b: Basculegion|Basculegion, L50, M, shiny|100/100\n|switch|p2a: Pelipper|Pelipper, L50, M|100/100\n|switch|p2b: Scizor|Scizor, L50, F|100/100\n|-weather|RainDance|[from] ability: Drizzle|[of] p2a: Pelipper\n|turn|1\n|\n|t:|1776113760\n|detailschange|p2b: Scizor|Scizor-Mega, L50, F\n|-mega|p2b: Scizor|Scizor|Scizorite\n|move|p2a: Pelipper|Tailwind|p2a: Pelipper\n|-sidestart|p2: toasterboy|move: Tailwind\n|move|p2b: Scizor|Knock Off|p1b: Basculegion\n|-supereffective|p1b: Basculegion|1\n|-damage|p1b: Basculegion|9/100\n|-enditem|p1b: Basculegion|Mystic Water|[from] move: Knock Off|[of] p2b: Scizor\n|move|p1b: Basculegion|Wave Crash|p2b: Scizor\n|-damage|p2b: Scizor|9/100\n|-damage|p1b: Basculegion|0 fnt|[from] Recoil\n|faint|p1b: Basculegion\n|move|p1a: Mimikyu|Trick Room|p1a: Mimikyu\n|-fieldstart|move: Trick Room|[of] p1a: Mimikyu\n|\n|-weather|RainDance|[upkeep]\n|upkeep\n|\n|t:|1776113776\n|switch|p1b: Drampa|Drampa, L50, M|100/100\n|turn|2\n|\n|t:|1776113794\n|detailschange|p1b: Drampa|Drampa-Mega, L50, M\n|-mega|p1b: Drampa|Drampa|Drampanite\n|move|p1b: Drampa|Protect|p1b: Drampa\n|-singleturn|p1b: Drampa|Protect\n|move|p2b: Scizor|Bullet Punch|p1b: Drampa\n|-activate|p1b: Drampa|move: Protect\n|move|p1a: Mimikyu|Drain Punch|p2b: Scizor\n|-damage|p2b: Scizor|0 fnt\n|faint|p2b: Scizor\n|move|p2a: Pelipper|Hurricane|p1b: Drampa\n|-activate|p1b: Drampa|move: Protect\n|\n|-weather|RainDance|[upkeep]\n|upkeep\n|\n|t:|1776113808\n|switch|p2b: Sinistcha|Sinistcha, L50|100/100\n|turn|3\n|\n|t:|1776113817\n|move|p1b: Drampa|Heat Wave|p2a: Pelipper|[spread] p2a,p2b\n|-resisted|p2a: Pelipper|1\n|-supereffective|p2b: Sinistcha|1\n|-damage|p2a: Pelipper|87/100\n|-damage|p2b: Sinistcha|68/100\n|move|p1a: Mimikyu|Night Slash|p2b: Sinistcha\n|-supereffective|p2b: Sinistcha|1\n|-damage|p2b: Sinistcha|36/100\n|-enditem|p2b: Sinistcha|Sitrus Berry|[eat]\n|-heal|p2b: Sinistcha|61/100|[from] item: Sitrus Berry\n|move|p2a: Pelipper|Hurricane|p1b: Drampa\n|-damage|p1b: Drampa|55/100\n|move|p2b: Sinistcha|Trick Room|p2b: Sinistcha\n|-fieldend|move: Trick Room\n|\n|-weather|RainDance|[upkeep]\n|upkeep\n|turn|4\n|\n|t:|1776113835\n|move|p1b: Drampa|Protect|p1b: Drampa\n|-singleturn|p1b: Drampa|Protect\n|move|p2a: Pelipper|Hurricane|p1b: Drampa\n|-activate|p1b: Drampa|move: Protect\n|move|p2b: Sinistcha|Matcha Gotcha|p1a: Mimikyu|[spread] p1a\n|-activate|p1b: Drampa|move: Protect\n|-activate|p1a: Mimikyu|ability: Disguise\n|-damage|p1a: Mimikyu|100/100\n|detailschange|p1a: Mimikyu|Mimikyu-Busted, L50, M, shiny\n|-damage|p1a: Mimikyu|88/100|[from] pokemon: Mimikyu-Busted\n|move|p1a: Mimikyu|Trick Room|p1a: Mimikyu\n|-fieldstart|move: Trick Room|[of] p1a: Mimikyu\n|\n|-weather|RainDance|[upkeep]\n|-sideend|p2: toasterboy|move: Tailwind\n|upkeep\n|turn|5\n|\n|t:|1776113865\n|move|p1b: Drampa|Dragon Pulse|p2a: Pelipper\n|-damage|p2a: Pelipper|0 fnt\n|faint|p2a: Pelipper\n|move|p2b: Sinistcha|Life Dew|p2b: Sinistcha\n|-heal|p2b: Sinistcha|86/100\n|move|p1a: Mimikyu|Night Slash|p2b: Sinistcha\n|-supereffective|p2b: Sinistcha|1\n|-damage|p2b: Sinistcha|53/100\n|\n|-weather|none\n|upkeep\n|\n|t:|1776113874\n|switch|p2a: Basculegion|Basculegion, L50, M|100/100\n|turn|6\n|\n|t:|1776113888\n|move|p2b: Sinistcha|Rage Powder|p2b: Sinistcha\n|-singleturn|p2b: Sinistcha|move: Rage Powder\n|move|p1b: Drampa|Heat Wave|p2b: Sinistcha|[spread] p2a,p2b\n|-resisted|p2a: Basculegion|1\n|-supereffective|p2b: Sinistcha|1\n|-damage|p2a: Basculegion|82/100\n|-damage|p2b: Sinistcha|0 fnt\n|faint|p2b: Sinistcha\n|move|p1a: Mimikyu|Night Slash|p2a: Basculegion\n|-supereffective|p2a: Basculegion|1\n|-damage|p2a: Basculegion|26/100\n|move|p2a: Basculegion|Wave Crash|p1b: Drampa\n|-resisted|p1b: Drampa|1\n|-damage|p1b: Drampa|20/100\n|-damage|p2a: Basculegion|16/100|[from] Recoil\n|-ability|p1b: Drampa|Berserk|boost\n|-boost|p1b: Drampa|spa|1\n|\n|upkeep\n|turn|7\n|-message|toasterboy forfeited.\n|\n|win|Prohxy\n|raw|Prohxy's rating: 1050 &rarr; <strong>1082</strong><br />(+32 for winning)\n|raw|toasterboy's rating: 1040 &rarr; <strong>1024</strong><br />(-16 for losing)\n|l|\u2606toasterboy\n|player|p2|\n",
  "uploadtime": 1776113916,
  "views": 27,
  "formatid": "gen9championsvgc2026regma",
  "rating": 1024,
  "private": 0,
  "password": null
}