{
  "id": "gen9championsvgc2026regma-2587897105",
  "format": "[Gen 9 Champions] VGC 2026 Reg M-A",
  "players": [
    "KingOvershield",
    "cheertestacc"
  ],
  "log": "|j|\u2606KingOvershield\n|j|\u2606cheertestacc\n|t:|1776576045\n|gametype|doubles\n|player|p1|KingOvershield|bugcatcher-gen4dp|1199\n|player|p2|cheertestacc|swimmer-gen4dp|1116\n|gen|9\n|tier|[Gen 9 Champions] VGC 2026 Reg M-A\n|rated|\n|rule|Species Clause: Limit one of each Pok\u00e9mon\n|rule|Item Clause: Limit 1 of each item\n|clearpoke\n|poke|p1|Sableye, L50, F|\n|poke|p1|Gyarados, L50, M|\n|poke|p1|Sinistcha, L50|\n|poke|p1|Lucario, L50, F|\n|poke|p1|Glimmora, L50, M|\n|poke|p1|Arcanine-Hisui, L50, F|\n|poke|p2|Aerodactyl, L50, M|\n|poke|p2|Tyranitar, L50, F|\n|poke|p2|Incineroar, L50, M|\n|poke|p2|Garchomp, L50, F|\n|poke|p2|Primarina, L50, M|\n|poke|p2|Sinistcha, L50|\n|teampreview|4\n|inactive|Battle timer is ON: inactive players will automatically lose when time's up. (requested by cheertestacc)\n|inactive|KingOvershield has 60 seconds left.\n|inactive|cheertestacc has 60 seconds left.\n|inactive|KingOvershield has 30 seconds left.\n|\n|t:|1776576108\n|teamsize|p1|4\n|teamsize|p2|4\n|start\n|switch|p1a: Sableye|Sableye, L50, F|100/100\n|switch|p1b: Gyarados|Gyarados, L50, M|100/100\n|switch|p2a: Tyranitar|Tyranitar, L50, F|100/100\n|switch|p2b: Garchomp|Garchomp, L50, F|100/100\n|-ability|p1b: Gyarados|Intimidate|boost\n|-unboost|p2a: Tyranitar|atk|1\n|-unboost|p2b: Garchomp|atk|1\n|-weather|Sandstorm|[from] ability: Sand Stream|[of] p2a: Tyranitar\n|turn|1\n|inactive|cheertestacc has 30 seconds left.\n|\n|t:|1776576141\n|move|p1a: Sableye|Fake Out|p2a: Tyranitar\n|-resisted|p2a: Tyranitar|1\n|-damage|p2a: Tyranitar|98/100\n|move|p2b: Garchomp|Scale Shot|p1b: Gyarados\n|-crit|p1b: Gyarados\n|-damage|p1b: Gyarados|80/100\n|-damage|p1b: Gyarados|70/100\n|-hitcount|p1b: Gyarados|2\n|-unboost|p2b: Garchomp|def|1\n|-boost|p2b: Garchomp|spe|1\n|move|p1b: Gyarados|Ice Fang|p2b: Garchomp\n|-supereffective|p2b: Garchomp|2\n|-damage|p2b: Garchomp|0 fnt\n|faint|p2b: Garchomp\n|cant|p2a: Tyranitar|flinch\n|\n|-weather|Sandstorm|[upkeep]\n|-damage|p1b: Gyarados|64/100|[from] Sandstorm\n|-damage|p1a: Sableye|94/100|[from] Sandstorm\n|upkeep\n|\n|t:|1776576155\n|switch|p2b: Aerodactyl|Aerodactyl, L50, M|100/100\n|-ability|p2b: Aerodactyl|Unnerve\n|turn|2\n|\n|t:|1776576180\n|switch|p1b: Sinistcha|Sinistcha, L50|100/100\n|-heal|p1a: Sableye|100/100|[from] ability: Hospitality|[of] p1b: Sinistcha\n|move|p1a: Sableye|Will-O-Wisp|p2a: Tyranitar\n|-hint|Since gen 7, Dark is immune to Prankster moves.\n|-immune|p2a: Tyranitar\n|move|p2b: Aerodactyl|Tailwind|p2b: Aerodactyl\n|-sidestart|p2: cheertestacc|move: Tailwind\n|move|p2a: Tyranitar|Rock Slide|p1a: Sableye|[spread] p1a,p1b\n|-damage|p1a: Sableye|69/100\n|-damage|p1b: Sinistcha|80/100\n|\n|-weather|Sandstorm|[upkeep]\n|-damage|p1b: Sinistcha|74/100|[from] Sandstorm\n|-damage|p1a: Sableye|63/100|[from] Sandstorm\n|-heal|p1b: Sinistcha|80/100|[from] item: Leftovers\n|upkeep\n|turn|3\n|inactive|cheertestacc has 30 seconds left.\n|\n|t:|1776576211\n|move|p1a: Sableye|Encore|p2b: Aerodactyl\n|-start|p2b: Aerodactyl|Encore\n|move|p2b: Aerodactyl|Tailwind||[still]\n|-fail|p2b: Aerodactyl\n|move|p2a: Tyranitar|Knock Off|p1b: Sinistcha\n|-supereffective|p1b: Sinistcha|1\n|-crit|p1b: Sinistcha\n|-damage|p1b: Sinistcha|0 fnt\n|-enditem|p1b: Sinistcha|Leftovers|[from] move: Knock Off|[of] p2a: Tyranitar\n|faint|p1b: Sinistcha\n|\n|-weather|Sandstorm|[upkeep]\n|-damage|p1a: Sableye|57/100|[from] Sandstorm\n|upkeep\n|c|\u2606KingOvershield|we love crits\n|inactive|KingOvershield has 30 seconds left.\n|\n|t:|1776576238\n|switch|p1b: Gyarados|Gyarados, L50, M|64/100\n|-ability|p1b: Gyarados|Intimidate|boost\n|-unboost|p2a: Tyranitar|atk|1\n|-unboost|p2b: Aerodactyl|atk|1\n|turn|4\n|\n|t:|1776576253\n|switch|p2b: Sinistcha|Sinistcha, L50|100/100\n|-heal|p2a: Tyranitar|100/100|[from] ability: Hospitality|[of] p2b: Sinistcha\n|move|p1a: Sableye|Disable|p2a: Tyranitar\n|-hint|Since gen 7, Dark is immune to Prankster moves.\n|-immune|p2a: Tyranitar\n|move|p2a: Tyranitar|Rock Slide|p1a: Sableye|[spread] p1b\n|-miss|p2a: Tyranitar|p1a: Sableye\n|-supereffective|p1b: Gyarados|1\n|-damage|p1b: Gyarados|33/100\n|cant|p1b: Gyarados|flinch\n|\n|-weather|Sandstorm|[upkeep]\n|-damage|p2b: Sinistcha|94/100|[from] Sandstorm\n|-damage|p1b: Gyarados|27/100|[from] Sandstorm\n|-damage|p1a: Sableye|51/100|[from] Sandstorm\n|upkeep\n|turn|5\n|c|\u2606KingOvershield|holy i need to go to bed\n|inactive|KingOvershield has 30 seconds left.\n|\n|t:|1776576280\n|switch|p2a: Aerodactyl|Aerodactyl, L50, M|100/100\n|-ability|p2a: Aerodactyl|Unnerve\n|move|p1b: Gyarados|Protect|p1b: Gyarados\n|-singleturn|p1b: Gyarados|Protect\n|move|p1a: Sableye|Will-O-Wisp|p2a: Aerodactyl\n|-status|p2a: Aerodactyl|brn\n|move|p2b: Sinistcha|Matcha Gotcha|p1a: Sableye|[spread] \n|-activate|p1b: Gyarados|move: Protect\n|-miss|p2b: Sinistcha|p1a: Sableye\n|\n|-weather|none\n|-damage|p2a: Aerodactyl|95/100 brn|[from] brn\n|-sideend|p2: cheertestacc|move: Tailwind\n|upkeep\n|turn|6\n|inactive|KingOvershield has 30 seconds left.\n|inactive|cheertestacc has 30 seconds left.\n|\n|t:|1776576313\n|switch|p1b: Glimmora|Glimmora, L50, M|100/100\n|move|p1a: Sableye|Disable|p2b: Sinistcha\n|-start|p2b: Sinistcha|Disable|Matcha Gotcha\n|move|p2a: Aerodactyl|Tailwind|p2a: Aerodactyl\n|-sidestart|p2: cheertestacc|move: Tailwind\n|cant|p2b: Sinistcha|Disable|Matcha Gotcha\n|\n|-damage|p2a: Aerodactyl|89/100 brn|[from] brn\n|upkeep\n|turn|7\n|inactive|KingOvershield has 30 seconds left.\n|inactive|KingOvershield has 20 seconds left.\n|\n|t:|1776576350\n|switch|p2b: Tyranitar|Tyranitar, L50, F|100/100\n|-weather|Sandstorm|[from] ability: Sand Stream|[of] p2b: Tyranitar\n|detailschange|p1b: Glimmora|Glimmora-Mega, L50, M\n|-mega|p1b: Glimmora|Glimmora|Glimmoranite\n|move|p2a: Aerodactyl|Protect|p2a: Aerodactyl\n|-singleturn|p2a: Aerodactyl|Protect\n|move|p1a: Sableye|Encore|p2a: Aerodactyl\n|-activate|p2a: Aerodactyl|move: Protect\n|move|p1b: Glimmora|Power Gem|p2a: Aerodactyl\n|-activate|p2a: Aerodactyl|move: Protect\n|\n|-weather|Sandstorm|[upkeep]\n|-damage|p1a: Sableye|45/100|[from] Sandstorm\n|-damage|p2a: Aerodactyl|83/100 brn|[from] brn\n|upkeep\n|turn|8\n|\n|t:|1776576373\n|switch|p2a: Sinistcha|Sinistcha, L50|94/100\n|-enditem|p1a: Sableye|Sitrus Berry|[eat]\n|-heal|p1a: Sableye|70/100|[from] item: Sitrus Berry\n|move|p1a: Sableye|Encore||[still]\n|-fail|p1a: Sableye\n|move|p2b: Tyranitar|High Horsepower|p1b: Glimmora\n|-supereffective|p1b: Glimmora|2\n|-damage|p1b: Glimmora|0 fnt\n|faint|p1b: Glimmora\n|\n|-weather|Sandstorm|[upkeep]\n|-damage|p2a: Sinistcha|88/100|[from] Sandstorm\n|-damage|p1a: Sableye|64/100|[from] Sandstorm\n|upkeep\n|c|\u2606KingOvershield|high horsecock\n|\n|t:|1776576388\n|switch|p1b: Gyarados|Gyarados, L50, M|27/100\n|-ability|p1b: Gyarados|Intimidate|boost\n|-unboost|p2a: Sinistcha|atk|1\n|-unboost|p2b: Tyranitar|atk|1\n|turn|9\n|\n|t:|1776576402\n|switch|p2b: Aerodactyl|Aerodactyl, L50, M|83/100 brn\n|-ability|p2b: Aerodactyl|Unnerve\n|move|p1b: Gyarados|Protect|p1b: Gyarados\n|-singleturn|p1b: Gyarados|Protect\n|move|p1a: Sableye|Will-O-Wisp|p2b: Aerodactyl\n|-fail|p2b: Aerodactyl|brn\n|move|p2a: Sinistcha|Matcha Gotcha|p1a: Sableye|[spread] p1a\n|-activate|p1b: Gyarados|move: Protect\n|-crit|p1a: Sableye\n|-damage|p1a: Sableye|23/100\n|-heal|p2a: Sinistcha|100/100|[from] drain|[of] p1a: Sableye\n|-status|p1a: Sableye|brn\n|\n|-weather|Sandstorm|[upkeep]\n|-damage|p2a: Sinistcha|94/100|[from] Sandstorm\n|-damage|p1b: Gyarados|21/100|[from] Sandstorm\n|-damage|p1a: Sableye|17/100 brn|[from] Sandstorm\n|-damage|p2b: Aerodactyl|78/100 brn|[from] brn\n|-damage|p1a: Sableye|11/100 brn|[from] brn\n|-sideend|p2: cheertestacc|move: Tailwind\n|upkeep\n|turn|10\n|c|\u2606KingOvershield|i love the british broadcasting channel\n|inactive|KingOvershield has 30 seconds left.\n|inactive|cheertestacc has 30 seconds left.\n|inactive|KingOvershield has 20 seconds left.\n|inactive|KingOvershield has 15 seconds left.\n|inactive|KingOvershield has 10 seconds left.\n|\n|t:|1776576448\n|move|p1a: Sableye|Disable|p2a: Sinistcha\n|-start|p2a: Sinistcha|Disable|Matcha Gotcha\n|move|p2b: Aerodactyl|Tailwind|p2b: Aerodactyl\n|-sidestart|p2: cheertestacc|move: Tailwind\n|cant|p2a: Sinistcha|Disable|Matcha Gotcha\n|move|p1b: Gyarados|Ice Fang|p2a: Sinistcha\n|-supereffective|p2a: Sinistcha|1\n|-damage|p2a: Sinistcha|63/100\n|\n|-weather|Sandstorm|[upkeep]\n|-damage|p2a: Sinistcha|57/100|[from] Sandstorm\n|-damage|p1b: Gyarados|15/100|[from] Sandstorm\n|-damage|p1a: Sableye|5/100 brn|[from] Sandstorm\n|-damage|p2b: Aerodactyl|72/100 brn|[from] brn\n|-damage|p1a: Sableye|0 fnt|[from] brn\n|faint|p1a: Sableye\n|upkeep\n|turn|11\n|-message|KingOvershield forfeited.\n|\n|win|cheertestacc\n|raw|KingOvershield's rating: 1199 &rarr; <strong>1168</strong><br />(-31 for losing)\n|raw|cheertestacc's rating: 1116 &rarr; <strong>1147</strong><br />(+31 for winning)\n|l|\u2606KingOvershield\n|player|p1|\n",
  "uploadtime": 1776576476,
  "views": 10,
  "formatid": "gen9championsvgc2026regma",
  "rating": 1147,
  "private": 0,
  "password": null
}