{
  "id": "gen9championsvgc2026regma-2587841239",
  "format": "[Gen 9 Champions] VGC 2026 Reg M-A",
  "players": [
    "Relink007",
    "tpgame1100"
  ],
  "log": "|j|\u2606Relink007\n|j|\u2606tpgame1100\n|t:|1776569525\n|gametype|doubles\n|player|p1|Relink007|101|1050\n|player|p2|tpgame1100|266|1000\n|gen|9\n|tier|[Gen 9 Champions] VGC 2026 Reg M-A\n|rated|\n|rule|Species Clause: Limit one of each Pok\u00e9mon\n|rule|Item Clause: Limit 1 of each item\n|clearpoke\n|poke|p1|Aerodactyl, L50, M, shiny|\n|poke|p1|Froslass, L50, F, shiny|\n|poke|p1|Typhlosion, L50, M|\n|poke|p1|Ninetales-Alola, L50, F|\n|poke|p1|Sableye, L50, M|\n|poke|p1|Ceruledge, L50, M|\n|poke|p2|Feraligatr, L50, F|\n|poke|p2|Sableye, L50, F|\n|poke|p2|Sneasler, L50, M|\n|poke|p2|Incineroar, L50, M|\n|poke|p2|Ariados, L50, M|\n|poke|p2|Sinistcha, L50|\n|teampreview|4\n|\n|t:|1776569559\n|teamsize|p1|4\n|teamsize|p2|4\n|start\n|switch|p1a: Aerodactyl|Aerodactyl, L50, M, shiny|100/100\n|switch|p1b: Sableye|Sableye, L50, M|100/100\n|switch|p2a: Feraligatr|Feraligatr, L50, F|100/100\n|switch|p2b: Sneasler|Sneasler, L50, M|100/100\n|-ability|p1a: Aerodactyl|Unnerve\n|turn|1\n|\n|t:|1776569584\n|detailschange|p2a: Feraligatr|Feraligatr-Mega, L50, F\n|-mega|p2a: Feraligatr|Feraligatr|Feraligite\n|move|p1a: Aerodactyl|Wide Guard|p1a: Aerodactyl\n|-singleturn|p1a: Aerodactyl|Wide Guard\n|move|p2b: Sneasler|Fake Out|p1a: Aerodactyl\n|-resisted|p1a: Aerodactyl|1\n|-damage|p1a: Aerodactyl|90/100\n|move|p1b: Sableye|Fake Out|p2b: Sneasler\n|-damage|p2b: Sneasler|88/100\n|move|p2a: Feraligatr|Dragon Dance|p2a: Feraligatr\n|-boost|p2a: Feraligatr|atk|1\n|-boost|p2a: Feraligatr|spe|1\n|\n|-heal|p1a: Aerodactyl|96/100|[from] item: Leftovers\n|upkeep\n|turn|2\n|\n|t:|1776569604\n|move|p1b: Sableye|Encore|p2a: Feraligatr\n|-start|p2a: Feraligatr|Encore\n|move|p1a: Aerodactyl|Tailwind|p1a: Aerodactyl\n|-sidestart|p1: Relink007|move: Tailwind\n|move|p2b: Sneasler|Coaching|p2a: Feraligatr\n|-boost|p2a: Feraligatr|atk|1\n|-boost|p2a: Feraligatr|def|1\n|move|p2a: Feraligatr|Dragon Dance|p2a: Feraligatr\n|-boost|p2a: Feraligatr|atk|1\n|-boost|p2a: Feraligatr|spe|1\n|\n|-heal|p1a: Aerodactyl|100/100|[from] item: Leftovers\n|upkeep\n|turn|3\n|\n|t:|1776569634\n|switch|p1a: Ninetales|Ninetales-Alola, L50, F|100/100\n|-weather|Snowscape|[from] ability: Snow Warning|[of] p1a: Ninetales\n|move|p1b: Sableye|Encore|p2b: Sneasler\n|-start|p2b: Sneasler|Encore\n|move|p2a: Feraligatr|Dragon Dance|p2a: Feraligatr\n|-boost|p2a: Feraligatr|atk|1\n|-boost|p2a: Feraligatr|spe|1\n|move|p2b: Sneasler|Coaching|p2a: Feraligatr\n|-boost|p2a: Feraligatr|atk|1\n|-boost|p2a: Feraligatr|def|1\n|\n|-weather|Snowscape|[upkeep]\n|upkeep\n|turn|4\n|\n|t:|1776569657\n|switch|p1b: Froslass|Froslass, L50, F, shiny|100/100\n|move|p1a: Ninetales|Moonblast|p2b: Sneasler\n|-damage|p2b: Sneasler|32/100\n|move|p2a: Feraligatr|Dragon Dance|p2a: Feraligatr\n|-boost|p2a: Feraligatr|atk|1\n|-boost|p2a: Feraligatr|spe|1\n|move|p2b: Sneasler|Coaching|p2a: Feraligatr\n|-boost|p2a: Feraligatr|atk|0\n|-boost|p2a: Feraligatr|def|1\n|\n|-weather|Snowscape|[upkeep]\n|-end|p2a: Feraligatr|Encore\n|upkeep\n|turn|5\n|\n|t:|1776569683\n|detailschange|p1b: Froslass|Froslass-Mega, L50, F, shiny\n|-mega|p1b: Froslass|Froslass|Froslassite\n|move|p2a: Feraligatr|Protect|p2a: Feraligatr\n|-singleturn|p2a: Feraligatr|Protect\n|move|p1b: Froslass|Blizzard|p2b: Sneasler|[spread] p2b\n|-activate|p2a: Feraligatr|move: Protect\n|-damage|p2b: Sneasler|0 fnt\n|faint|p2b: Sneasler\n|move|p1a: Ninetales|Freeze-Dry|p2a: Feraligatr\n|-activate|p2a: Feraligatr|move: Protect\n|\n|-weather|Snowscape|[upkeep]\n|-sideend|p1: Relink007|move: Tailwind\n|upkeep\n|\n|t:|1776569688\n|switch|p2b: Sableye|Sableye, L50, F|100/100\n|turn|6\n|\n|t:|1776569705\n|move|p2b: Sableye|Fake Out|p1a: Ninetales\n|-damage|p1a: Ninetales|92/100\n|move|p2a: Feraligatr|Liquidation|p1b: Froslass\n|-damage|p1b: Froslass|0 fnt\n|faint|p1b: Froslass\n|cant|p1a: Ninetales|flinch\n|\n|-weather|Snowscape|[upkeep]\n|upkeep\n|\n|t:|1776569720\n|switch|p1b: Sableye|Sableye, L50, M|100/100\n|turn|7\n|\n|t:|1776569729\n|move|p1a: Ninetales|Protect|p1a: Ninetales\n|-singleturn|p1a: Ninetales|Protect\n|move|p1b: Sableye|Fake Out|p2a: Feraligatr\n|-damage|p2a: Feraligatr|98/100\n|move|p2b: Sableye|Quash|p1a: Ninetales\n|-activate|p1a: Ninetales|move: Protect\n|cant|p2a: Feraligatr|flinch\n|\n|-weather|none\n|upkeep\n|turn|8\n|\n|t:|1776569749\n|move|p2b: Sableye|Quash|p1a: Ninetales\n|-activate|p1a: Ninetales|move: Quash\n|move|p1b: Sableye|Disable|p2a: Feraligatr\n|-start|p2a: Feraligatr|Disable|Liquidation\n|cant|p2a: Feraligatr|Disable|Liquidation\n|move|p1a: Ninetales|Freeze-Dry|p2a: Feraligatr\n|-supereffective|p2a: Feraligatr|2\n|-damage|p2a: Feraligatr|0 fnt\n|faint|p2a: Feraligatr\n|\n|upkeep\n|inactive|Battle timer is ON: inactive players will automatically lose when time's up. (requested by Relink007)\n|\n|t:|1776569761\n|switch|p2a: Ariados|Ariados, L50, M|100/100\n|turn|9\n|-message|tpgame1100 forfeited.\n|\n|win|Relink007\n|raw|Relink007's rating: 1050 &rarr; <strong>1078</strong><br />(+28 for winning)\n|raw|tpgame1100's rating: 1000 &rarr; <strong>1000</strong><br />(+0 for losing)\n|l|\u2606tpgame1100\n|player|p2|\n",
  "uploadtime": 1776569786,
  "views": 11,
  "formatid": "gen9championsvgc2026regma",
  "rating": 1000,
  "private": 0,
  "password": null
}