{
  "id": "gen9championsvgc2026regma-2581793140",
  "format": "[Gen 9 Champions] VGC 2026 Reg M-A",
  "players": [
    "cabrino",
    "EshuMeow"
  ],
  "log": "|j|\u2606cabrino\n|j|\u2606EshuMeow\n|t:|1776028848\n|gametype|doubles\n|player|p1|cabrino|depotagent|1081\n|player|p2|EshuMeow|waitress|1122\n|gen|9\n|tier|[Gen 9 Champions] VGC 2026 Reg M-A\n|rated|\n|rule|Species Clause: Limit one of each Pok\u00e9mon\n|rule|Item Clause: Limit 1 of each item\n|clearpoke\n|poke|p1|Sneasler, L50, M|\n|poke|p1|Charizard, L50, M|\n|poke|p1|Aerodactyl, L50, F|\n|poke|p1|Incineroar, L50, M|\n|poke|p1|Farigiraf, L50, M|\n|poke|p1|Garchomp, L50, M|\n|poke|p2|Basculegion, L50, M|\n|poke|p2|Pelipper, L50, M|\n|poke|p2|Sinistcha, L50|\n|poke|p2|Archaludon, L50, F|\n|poke|p2|Dragonite, L50, F|\n|poke|p2|Sneasler, L50, M|\n|teampreview|4\n|\n|t:|1776028877\n|teamsize|p1|4\n|teamsize|p2|4\n|start\n|switch|p1a: Cabrizard|Charizard, L50, M, shiny|100/100\n|switch|p1b: Cryo|Farigiraf, L50, M|100/100\n|switch|p2a: Paco|Pelipper, L50, M|100/100\n|switch|p2b: Basculegion|Basculegion, L50, M|100/100\n|-weather|RainDance|[from] ability: Drizzle|[of] p2a: Paco\n|turn|1\n|\n|t:|1776028892\n|detailschange|p1a: Cabrizard|Charizard-Mega-Y, L50, M, shiny\n|-mega|p1a: Cabrizard|Charizard|Charizardite Y\n|-weather|SunnyDay|[from] ability: Drought|[of] p1a: Cabrizard\n|move|p2b: Basculegion|Aqua Jet||[still]\n|cant|p1b: Cryo|ability: Armor Tail|Aqua Jet|[of] p2b: Basculegion\n|move|p1a: Cabrizard|Solar Beam||[still]\n|-prepare|p1a: Cabrizard|Solar Beam\n|-anim|p1a: Cabrizard|Solar Beam|p2b: Basculegion\n|-supereffective|p2b: Basculegion|1\n|-damage|p2b: Basculegion|0 fnt\n|faint|p2b: Basculegion\n|move|p2a: Paco|Muddy Water|p1b: Cryo|[spread] p1a\n|-miss|p2a: Paco|p1b: Cryo\n|-supereffective|p1a: Cabrizard|1\n|-damage|p1a: Cabrizard|72/100\n|move|p1b: Cryo|Hyper Voice|p2a: Paco\n|-damage|p2a: Paco|25/100\n|\n|-weather|SunnyDay|[upkeep]\n|upkeep\n|\n|t:|1776028919\n|switch|p2b: Archaludon|Archaludon, L50, F|100/100\n|turn|2\n|\n|t:|1776028939\n|switch|p2a: Dragonite|Dragonite, L50, F|100/100\n|move|p1a: Cabrizard|Weather Ball|p2b: Archaludon\n|-damage|p2b: Archaludon|15/100\n|-ability|p2b: Archaludon|Stamina|boost\n|-boost|p2b: Archaludon|def|1\n|move|p2b: Archaludon|Draco Meteor|p1a: Cabrizard\n|-damage|p1a: Cabrizard|17/100\n|-unboost|p2b: Archaludon|spa|2\n|move|p1b: Cryo|Hyper Voice|p2a: Dragonite|[spread] p2a,p2b\n|-resisted|p2b: Archaludon|1\n|-damage|p2a: Dragonite|83/100\n|-damage|p2b: Archaludon|0 fnt\n|faint|p2b: Archaludon\n|\n|-weather|SunnyDay|[upkeep]\n|upkeep\n|\n|t:|1776028954\n|switch|p2b: Paco|Pelipper, L50, M|25/100\n|-weather|RainDance|[from] ability: Drizzle|[of] p2b: Paco\n|turn|3\n|\n|t:|1776028973\n|detailschange|p2a: Dragonite|Dragonite-Mega, L50, F\n|-mega|p2a: Dragonite|Dragonite|Dragoninite\n|move|p2a: Dragonite|Dragon Pulse|p1a: Cabrizard\n|-damage|p1a: Cabrizard|0 fnt\n|faint|p1a: Cabrizard\n|move|p2b: Paco|Hurricane|p1b: Cryo\n|-damage|p1b: Cryo|57/100\n|-start|p1b: Cryo|confusion\n|-activate|p1b: Cryo|confusion\n|move|p1b: Cryo|Psychic|p2b: Paco\n|-damage|p2b: Paco|0 fnt\n|faint|p2b: Paco\n|\n|-weather|RainDance|[upkeep]\n|upkeep\n|\n|t:|1776028989\n|switch|p1a: AeroNarfi|Aerodactyl, L50, F, shiny|100/100\n|-ability|p1a: AeroNarfi|Unnerve\n|turn|4\n|\n|t:|1776029011\n|move|p1a: AeroNarfi|Rock Slide|p2a: Dragonite\n|-supereffective|p2a: Dragonite|1\n|-damage|p2a: Dragonite|22/100\n|move|p2a: Dragonite|Dragon Pulse|p1a: AeroNarfi\n|-damage|p1a: AeroNarfi|24/100\n|-activate|p1b: Cryo|confusion\n|-damage|p1b: Cryo|48/100|[from] confusion\n|\n|-weather|RainDance|[upkeep]\n|upkeep\n|turn|5\n|\n|t:|1776029029\n|move|p2a: Dragonite|Protect|p2a: Dragonite\n|-singleturn|p2a: Dragonite|Protect\n|move|p1a: AeroNarfi|Tailwind|p1a: AeroNarfi\n|-sidestart|p1: cabrino|move: Tailwind\n|-end|p1b: Cryo|confusion\n|move|p1b: Cryo|Psychic|p2a: Dragonite\n|-activate|p2a: Dragonite|move: Protect\n|\n|-weather|RainDance|[upkeep]\n|upkeep\n|turn|6\n|\n|t:|1776029040\n|move|p1a: AeroNarfi|Rock Slide|p2a: Dragonite\n|-supereffective|p2a: Dragonite|1\n|-damage|p2a: Dragonite|0 fnt\n|faint|p2a: Dragonite\n|\n|win|cabrino\n|raw|cabrino's rating: 1081 &rarr; <strong>1112</strong><br />(+31 for winning)\n|raw|EshuMeow's rating: 1122 &rarr; <strong>1094</strong><br />(-28 for losing)\n",
  "uploadtime": 1776029046,
  "views": 24,
  "formatid": "gen9championsvgc2026regma",
  "rating": 1094,
  "private": 0,
  "password": null
}