{
  "id": "gen9championsvgc2026regma-2581085050",
  "format": "[Gen 9 Champions] VGC 2026 Reg M-A",
  "players": [
    "srgserg",
    "nurgleselite"
  ],
  "log": "|j|\u2606srgserg\n|j|\u2606nurgleselite\n|t:|1775958415\n|gametype|doubles\n|player|p1|srgserg|170|1180\n|player|p2|nurgleselite|170|1166\n|gen|9\n|tier|[Gen 9 Champions] VGC 2026 Reg M-A\n|rated|\n|rule|Species Clause: Limit one of each Pok\u00e9mon\n|rule|Item Clause: Limit 1 of each item\n|clearpoke\n|poke|p1|Meowstic, L50, M|\n|poke|p1|Meganium, L50, M|\n|poke|p1|Gallade, L50, M|\n|poke|p1|Milotic, L50, M|\n|poke|p1|Sinistcha, L50|\n|poke|p1|Rotom-Heat, L50|\n|poke|p2|Pelipper, L50, F|\n|poke|p2|Garchomp, L50, F|\n|poke|p2|Meganium, L50, M|\n|poke|p2|Incineroar, L50, M|\n|poke|p2|Aegislash, L50, M|\n|poke|p2|Scizor, L50, F|\n|teampreview|4\n|inactive|Battle timer is ON: inactive players will automatically lose when time's up. (requested by srgserg)\n|\n|t:|1775958521\n|teamsize|p1|4\n|teamsize|p2|4\n|start\n|switch|p1a: Meowstic|Meowstic, L50, M|100/100\n|switch|p1b: Meganium|Meganium, L50, M|100/100\n|switch|p2a: Pelipper|Pelipper, L50, F|100/100\n|switch|p2b: Aegislash|Aegislash, L50, M|100/100\n|-weather|RainDance|[from] ability: Drizzle|[of] p2a: Pelipper\n|turn|1\n|inactive|nurgleselite has 30 seconds left.\n|inactive|nurgleselite has 20 seconds left.\n|inactive|nurgleselite has 15 seconds left.\n|\n|t:|1775958565\n|detailschange|p1b: Meganium|Meganium-Mega, L50, M\n|-mega|p1b: Meganium|Meganium|Meganiumite\n|move|p2a: Pelipper|Protect|p2a: Pelipper\n|-singleturn|p2a: Pelipper|Protect\n|move|p1a: Meowstic|Light Screen|p1a: Meowstic\n|-sidestart|p1: srgserg|move: Light Screen\n|move|p1b: Meganium|Weather Ball|p2b: Aegislash\n|-supereffective|p2b: Aegislash|1\n|-damage|p2b: Aegislash|53/100\n|-formechange|p2b: Aegislash|Aegislash-Blade|\n|move|p2b: Aegislash|Shadow Ball|p1a: Meowstic\n|-supereffective|p1a: Meowstic|1\n|-damage|p1a: Meowstic|49/100\n|\n|-weather|RainDance|[upkeep]\n|upkeep\n|turn|2\n|inactive|nurgleselite has 30 seconds left.\n|inactive|nurgleselite has 20 seconds left.\n|inactive|nurgleselite has 15 seconds left.\n|\n|t:|1775958609\n|-formechange|p2b: Aegislash|Aegislash|\n|move|p2b: Aegislash|King's Shield|p2b: Aegislash\n|-singleturn|p2b: Aegislash|Protect\n|move|p1a: Meowstic|Thunder Wave|p2a: Pelipper\n|-status|p2a: Pelipper|par\n|move|p1b: Meganium|Solar Beam||[still]\n|-prepare|p1b: Meganium|Solar Beam\n|-activate|p1b: Meganium|ability: Mega Sol\n|-anim|p1b: Meganium|Solar Beam|p2a: Pelipper\n|-enditem|p2a: Pelipper|Focus Sash\n|-damage|p2a: Pelipper|1/100 par\n|move|p2a: Pelipper|Tailwind|p2a: Pelipper\n|-sidestart|p2: nurgleselite|move: Tailwind\n|\n|-weather|RainDance|[upkeep]\n|upkeep\n|turn|3\n|inactive|nurgleselite has 30 seconds left.\n|inactive|nurgleselite has 20 seconds left.\n|inactive|nurgleselite has 15 seconds left.\n|inactive|nurgleselite has 10 seconds left.\n|inactive|srgserg has 30 seconds left.\n|inactive|nurgleselite has 5 seconds left.\n|\n|t:|1775958663\n|move|p1a: Meowstic|Reflect|p1a: Meowstic\n|-sidestart|p1: srgserg|Reflect\n|-formechange|p2b: Aegislash|Aegislash-Blade|\n|move|p2b: Aegislash|Flash Cannon|p1b: Meganium\n|-supereffective|p1b: Meganium|1\n|-damage|p1b: Meganium|55/100\n|move|p1b: Meganium|Weather Ball|p2b: Aegislash\n|-supereffective|p2b: Aegislash|1\n|-damage|p2b: Aegislash|0 fnt\n|faint|p2b: Aegislash\n|move|p2a: Pelipper|Hurricane|p1b: Meganium\n|-supereffective|p1b: Meganium|1\n|-damage|p1b: Meganium|11/100\n|\n|-weather|RainDance|[upkeep]\n|upkeep\n|\n|t:|1775958681\n|switch|p2b: Meganium|Meganium, L50, M|100/100\n|turn|4\n|\n|t:|1775958692\n|detailschange|p2b: Meganium|Meganium-Mega, L50, M\n|-mega|p2b: Meganium|Meganium|Meganiumite\n|move|p1a: Meowstic|Thunder Wave|p2b: Meganium\n|-status|p2b: Meganium|par\n|move|p2b: Meganium|Dazzling Gleam|p1b: Meganium|[spread] p1a,p1b\n|-damage|p1a: Meowstic|26/100\n|-damage|p1b: Meganium|0 fnt\n|faint|p1b: Meganium\n|move|p2a: Pelipper|Weather Ball|p1a: Meowstic\n|-damage|p1a: Meowstic|0 fnt\n|faint|p1a: Meowstic\n|\n|-weather|RainDance|[upkeep]\n|upkeep\n|\n|t:|1775958699\n|switch|p1a: Milotic|Milotic, L50, M|100/100\n|switch|p1b: Rotom|Rotom-Heat, L50|100/100\n|turn|5\n|inactive|nurgleselite has 30 seconds left.\n|inactive|srgserg has 30 seconds left.\n|inactive|nurgleselite has 20 seconds left.\n|inactive|nurgleselite has 15 seconds left.\n|\n|t:|1775958742\n|cant|p2b: Meganium|par\n|move|p1b: Rotom|Protect|p1b: Rotom\n|-singleturn|p1b: Rotom|Protect\n|move|p1a: Milotic|Protect|p1a: Milotic\n|-singleturn|p1a: Milotic|Protect\n|move|p2a: Pelipper|Weather Ball|p1b: Rotom\n|-activate|p1b: Rotom|move: Protect\n|\n|-weather|none\n|-sideend|p1: srgserg|move: Light Screen\n|-sideend|p2: nurgleselite|move: Tailwind\n|upkeep\n|turn|6\n|\n|t:|1775958766\n|move|p2a: Pelipper|Protect|p2a: Pelipper\n|-singleturn|p2a: Pelipper|Protect\n|move|p1b: Rotom|Overheat|p2b: Meganium\n|-supereffective|p2b: Meganium|1\n|-damage|p2b: Meganium|0 fnt\n|-unboost|p1b: Rotom|spa|2\n|faint|p2b: Meganium\n|move|p1a: Milotic|Ice Beam|p2a: Pelipper\n|-activate|p2a: Pelipper|move: Protect\n|\n|upkeep\n|\n|t:|1775958774\n|switch|p2b: Incineroar|Incineroar, L50, M|100/100\n|-ability|p2b: Incineroar|Intimidate|boost\n|-unboost|p1a: Milotic|atk|1\n|-ability|p1a: Milotic|Competitive|boost\n|-boost|p1a: Milotic|spa|2\n|-unboost|p1b: Rotom|atk|1\n|turn|7\n|\n|t:|1775958786\n|move|p1b: Rotom|Protect|p1b: Rotom\n|-singleturn|p1b: Rotom|Protect\n|move|p1a: Milotic|Protect|p1a: Milotic\n|-singleturn|p1a: Milotic|Protect\n|move|p2b: Incineroar|Fake Out|p1b: Rotom\n|-activate|p1b: Rotom|move: Protect\n|move|p2a: Pelipper|Hurricane|p1a: Milotic\n|-activate|p1a: Milotic|move: Protect\n|\n|-sideend|p1: srgserg|Reflect\n|upkeep\n|turn|8\n|-message|nurgleselite forfeited.\n|\n|win|srgserg\n|raw|srgserg's rating: 1180 &rarr; <strong>1204</strong><br />(+24 for winning)\n|raw|nurgleselite's rating: 1166 &rarr; <strong>1142</strong><br />(-24 for losing)\n",
  "uploadtime": 1775958801,
  "views": 13,
  "formatid": "gen9championsvgc2026regma",
  "rating": 1142,
  "private": 0,
  "password": null
}