{
  "id": "gen9championsvgc2026regma-2587723241",
  "format": "[Gen 9 Champions] VGC 2026 Reg M-A",
  "players": [
    "Platinum_Berlitze",
    "blazegeo"
  ],
  "log": "|j|\u2606Platinum_Berlitze\n|j|\u2606blazegeo\n|t:|1776557514\n|gametype|doubles\n|player|p1|Platinum_Berlitze|battlegirl|1094\n|player|p2|blazegeo|169|1075\n|gen|9\n|tier|[Gen 9 Champions] VGC 2026 Reg M-A\n|rated|\n|rule|Species Clause: Limit one of each Pok\u00e9mon\n|rule|Item Clause: Limit 1 of each item\n|clearpoke\n|poke|p1|Glaceon, L50, M, shiny|\n|poke|p1|Bellibolt, L50, F, shiny|\n|poke|p1|Incineroar, L50, M|\n|poke|p1|Froslass, L50, F, shiny|\n|poke|p1|Feraligatr, L50, M, shiny|\n|poke|p1|Milotic, L50, F|\n|poke|p2|Kommo-o, L50, F|\n|poke|p2|Tinkaton, L50, F|\n|poke|p2|Milotic, L50, M|\n|poke|p2|Sableye, L50, F|\n|poke|p2|Arcanine, L50, M|\n|poke|p2|Emolga, L50, M|\n|teampreview|4\n|inactive|Battle timer is ON: inactive players will automatically lose when time's up. (requested by blazegeo)\n|inactive|Platinum_Berlitze also wants the timer to be on.\n|inactive|Platinum_Berlitze has 60 seconds left.\n|inactive|blazegeo has 60 seconds left.\n|\n|t:|1776557554\n|teamsize|p1|4\n|teamsize|p2|4\n|start\n|switch|p1a: Feraligatr|Feraligatr, L50, M, shiny|100/100\n|switch|p1b: Bellibolt|Bellibolt, L50, F, shiny|100/100\n|switch|p2a: Kommo-o|Kommo-o, L50, F|100/100\n|switch|p2b: Emolga|Emolga, L50, M|100/100\n|turn|1\n|\n|t:|1776557566\n|detailschange|p1a: Feraligatr|Feraligatr-Mega, L50, M, shiny\n|-mega|p1a: Feraligatr|Feraligatr|Feraligite\n|move|p2b: Emolga|Helping Hand|p2a: Kommo-o\n|-singleturn|p2a: Kommo-o|Helping Hand|[of] p2b: Emolga\n|move|p2a: Kommo-o|Clanging Scales|p1a: Feraligatr|[spread] p1a,p1b\n|-supereffective|p1a: Feraligatr|1\n|-crit|p1a: Feraligatr\n|-damage|p1a: Feraligatr|0 fnt\n|-damage|p1b: Bellibolt|46/100\n|-start|p1b: Bellibolt|Charge|Clanging Scales|[from] ability: Electromorphosis\n|faint|p1a: Feraligatr\n|-unboost|p2a: Kommo-o|def|1\n|move|p1b: Bellibolt|Electroweb|p2b: Emolga|[spread] p2a\n|-ability|p2b: Emolga|Motor Drive|boost\n|-boost|p2b: Emolga|spe|1\n|-resisted|p2a: Kommo-o|1\n|-damage|p2a: Kommo-o|84/100\n|-unboost|p2a: Kommo-o|spe|1\n|-heal|p1b: Bellibolt|47/100|[from] item: Shell Bell|[of] p2b: Emolga\n|-end|p1b: Bellibolt|Charge|[silent]\n|\n|upkeep\n|\n|t:|1776557580\n|switch|p1a: Glaceon|Glaceon, L50, M, shiny|100/100\n|turn|2\n|\n|t:|1776557603\n|switch|p2a: Milotic|Milotic, L50, M|100/100\n|move|p2b: Emolga|Nuzzle|p1a: Glaceon\n|-damage|p1a: Glaceon|94/100\n|-status|p1a: Glaceon|par\n|move|p1a: Glaceon|Freeze-Dry|p2a: Milotic\n|-supereffective|p2a: Milotic|1\n|-damage|p2a: Milotic|50/100\n|move|p1b: Bellibolt|Soak|p2b: Emolga\n|-start|p2b: Emolga|typechange|Water\n|\n|-heal|p2a: Milotic|56/100|[from] item: Leftovers\n|upkeep\n|turn|3\n|\n|t:|1776557625\n|move|p2a: Milotic|Protect|p2a: Milotic\n|-singleturn|p2a: Milotic|Protect\n|move|p2b: Emolga|Volt Switch|p1a: Glaceon\n|-damage|p1a: Glaceon|78/100 par\n|\n|t:|1776557635\n|switch|p2b: Kommo-o|Kommo-o, L50, F|84/100|[from] Volt Switch\n|move|p1a: Glaceon|Freeze-Dry|p2a: Milotic\n|-activate|p2a: Milotic|move: Protect\n|move|p1b: Bellibolt|Thunderbolt|p2a: Milotic\n|-activate|p2a: Milotic|move: Protect\n|\n|-heal|p2a: Milotic|62/100|[from] item: Leftovers\n|upkeep\n|turn|4\n|\n|t:|1776557652\n|move|p2b: Kommo-o|Clanging Scales|p1a: Glaceon|[spread] p1a,p1b\n|-damage|p1a: Glaceon|13/100 par\n|-damage|p1b: Bellibolt|9/100\n|-start|p1b: Bellibolt|Charge|Clanging Scales|[from] ability: Electromorphosis\n|-unboost|p2b: Kommo-o|def|1\n|move|p2a: Milotic|Scald|p1a: Glaceon\n|-damage|p1a: Glaceon|0 fnt\n|faint|p1a: Glaceon\n|move|p1b: Bellibolt|Thunderbolt|p2a: Milotic\n|-supereffective|p2a: Milotic|1\n|-damage|p2a: Milotic|0 fnt\n|faint|p2a: Milotic\n|-heal|p1b: Bellibolt|16/100|[from] item: Shell Bell|[of] p2: Milotic\n|-end|p1b: Bellibolt|Charge|[silent]\n|\n|upkeep\n|\n|t:|1776557668\n|switch|p1a: Milotic|Milotic, L50, F|100/100\n|switch|p2a: Emolga|Emolga, L50, M|100/100\n|turn|5\n|\n|t:|1776557690\n|move|p2a: Emolga|Helping Hand|p2b: Kommo-o\n|-singleturn|p2b: Kommo-o|Helping Hand|[of] p2a: Emolga\n|move|p2b: Kommo-o|Clanging Scales|p1a: Milotic|[spread] p1a,p1b\n|-damage|p1a: Milotic|60/100\n|-damage|p1b: Bellibolt|0 fnt\n|faint|p1b: Bellibolt\n|-unboost|p2b: Kommo-o|def|1\n|move|p1a: Milotic|Icy Wind|p2b: Kommo-o|[spread] p2a,p2b\n|-supereffective|p2a: Emolga|1\n|-supereffective|p2b: Kommo-o|1\n|-damage|p2a: Emolga|68/100\n|-damage|p2b: Kommo-o|63/100\n|-unboost|p2a: Emolga|spe|1\n|-unboost|p2b: Kommo-o|spe|1\n|\n|-heal|p1a: Milotic|66/100|[from] item: Leftovers\n|upkeep\n|turn|6\n|-message|Platinum_Berlitze forfeited.\n|\n|win|blazegeo\n|raw|Platinum_Berlitze's rating: 1094 &rarr; <strong>1069</strong><br />(-25 for losing)\n|raw|blazegeo's rating: 1075 &rarr; <strong>1105</strong><br />(+30 for winning)\n|l|\u2606Platinum_Berlitze\n|player|p1|\n|c|\u2606blazegeo|gg\n",
  "uploadtime": 1776557709,
  "views": 11,
  "formatid": "gen9championsvgc2026regma",
  "rating": 1069,
  "private": 0,
  "password": null
}