{
  "id": "gen9championsvgc2026regma-2585151052",
  "format": "[Gen 9 Champions] VGC 2026 Reg M-A",
  "players": [
    "tempocalypse",
    "Phillip Blevin"
  ],
  "log": "|j|\u2606tempocalypse\n|j|\u2606Phillip Blevin\n|t:|1776318055\n|gametype|doubles\n|player|p1|tempocalypse|2|1155\n|player|p2|Phillip Blevin|cynthia-masters4|1109\n|gen|9\n|tier|[Gen 9 Champions] VGC 2026 Reg M-A\n|rated|\n|rule|Species Clause: Limit one of each Pok\u00e9mon\n|rule|Item Clause: Limit 1 of each item\n|clearpoke\n|poke|p1|Skeledirge, L50, F|\n|poke|p1|Maushold, L50|\n|poke|p1|Meowstic, L50, M|\n|poke|p1|Milotic, L50, F|\n|poke|p1|Dragonite, L50, M|\n|poke|p1|Sinistcha, L50|\n|poke|p2|Ceruledge, L50, F|\n|poke|p2|Corviknight, L50, M|\n|poke|p2|Garchomp, L50, F|\n|poke|p2|Arcanine-Hisui, L50, F|\n|poke|p2|Froslass, L50, F|\n|poke|p2|Rotom-Wash, L50|\n|teampreview|4\n|inactive|Battle timer is ON: inactive players will automatically lose when time's up. (requested by Phillip Blevin)\n|inactive|tempocalypse also wants the timer to be on.\nPhillip Blevin has agreed to open team sheets.\n|inactive|tempocalypse has 60 seconds left.\n|inactive|Phillip Blevin has 60 seconds left.\n|\n|t:|1776318104\n|teamsize|p1|4\n|teamsize|p2|4\n|start\n|switch|p1a: Meowstic|Meowstic, L50, M|100/100\n|switch|p1b: Milotic|Milotic, L50, F|100/100\n|switch|p2a: Rotom|Rotom-Wash, L50|100/100\n|switch|p2b: Arcanine|Arcanine-Hisui, L50, F|100/100\n|-ability|p2b: Arcanine|Intimidate|boost\n|-unboost|p1a: Meowstic|atk|1\n|-unboost|p1b: Milotic|atk|1\n|-ability|p1b: Milotic|Competitive|boost\n|-boost|p1b: Milotic|spa|2\n|turn|1\n|inactive|tempocalypse has 30 seconds left.\n|inactive|tempocalypse has 20 seconds left.\n|inactive|tempocalypse has 15 seconds left.\n|inactive|Phillip Blevin has 30 seconds left.\n|inactive|tempocalypse has 10 seconds left.\n|inactive|tempocalypse has 5 seconds left.\n|\n|t:|1776318158\n|move|p1a: Meowstic|Thunder Wave|p2b: Arcanine|[miss]\n|-miss|p1a: Meowstic|p2b: Arcanine\n|move|p2a: Rotom|Electroweb|p1b: Milotic|[spread] p1a,p1b\n|-supereffective|p1b: Milotic|1\n|-damage|p1a: Meowstic|85/100\n|-damage|p1b: Milotic|76/100\n|-unboost|p1a: Meowstic|spe|1\n|-unboost|p1b: Milotic|spe|1\n|-ability|p1b: Milotic|Competitive|boost\n|-boost|p1b: Milotic|spa|2\n|move|p2b: Arcanine|Flare Blitz|p1a: Meowstic\n|-damage|p1a: Meowstic|34/100\n|-enditem|p1a: Meowstic|Sitrus Berry|[eat]\n|-heal|p1a: Meowstic|59/100|[from] item: Sitrus Berry\n|-damage|p2b: Arcanine|82/100|[from] Recoil\n|move|p1b: Milotic|Scald|p2b: Arcanine\n|-supereffective|p2b: Arcanine|2\n|-damage|p2b: Arcanine|0 fnt\n|faint|p2b: Arcanine\n|\n|-heal|p1b: Milotic|82/100|[from] item: Leftovers\n|upkeep\n|\n|t:|1776318179\n|switch|p2b: Ceruledge|Ceruledge, L50, F|100/100\n|turn|2\n|\n|t:|1776318195\n|move|p1a: Meowstic|Thunder Wave|p2b: Ceruledge\n|-status|p2b: Ceruledge|par\n|move|p2a: Rotom|Electroweb|p1b: Milotic|[spread] p1a,p1b\n|-supereffective|p1b: Milotic|1\n|-damage|p1a: Meowstic|42/100\n|-damage|p1b: Milotic|61/100\n|-unboost|p1a: Meowstic|spe|1\n|-unboost|p1b: Milotic|spe|1\n|-ability|p1b: Milotic|Competitive|boost\n|-boost|p1b: Milotic|spa|2\n|move|p2b: Ceruledge|Poltergeist|p1b: Milotic\n|-activate|p1b: Milotic|move: Poltergeist|Leftovers\n|-damage|p1b: Milotic|0 fnt\n|faint|p1b: Milotic\n|\n|upkeep\n|\n|t:|1776318212\n|switch|p1b: Sinistcha|Sinistcha, L50, shiny|100/100\n|-heal|p1a: Meowstic|67/100|[from] ability: Hospitality|[of] p1b: Sinistcha\n|turn|3\n|inactive|tempocalypse has 30 seconds left.\n|\n|t:|1776318246\n|move|p2a: Rotom|Electroweb|p1a: Meowstic|[spread] p1a,p1b\n|-resisted|p1b: Sinistcha|1\n|-damage|p1a: Meowstic|50/100\n|-damage|p1b: Sinistcha|92/100\n|-unboost|p1a: Meowstic|spe|1\n|-unboost|p1b: Sinistcha|spe|1\n|move|p2b: Ceruledge|Poltergeist|p1b: Sinistcha\n|-activate|p1b: Sinistcha|move: Poltergeist|Occa Berry\n|-supereffective|p1b: Sinistcha|1\n|-damage|p1b: Sinistcha|1/100\n|move|p1b: Sinistcha|Matcha Gotcha|p2a: Rotom|[spread] p2a,p2b\n|-supereffective|p2a: Rotom|1\n|-resisted|p2b: Ceruledge|1\n|-damage|p2a: Rotom|47/100\n|-heal|p1b: Sinistcha|25/100|[from] drain|[of] p2a: Rotom\n|-damage|p2b: Ceruledge|87/100 par\n|-heal|p1b: Sinistcha|31/100|[from] drain|[of] p2b: Ceruledge\n|-status|p2a: Rotom|brn\n|move|p1a: Meowstic|Psychic Noise|p2b: Ceruledge\n|-crit|p2b: Ceruledge\n|-damage|p2b: Ceruledge|45/100 par\n|-start|p2b: Ceruledge|move: Heal Block\n|\n|-damage|p2a: Rotom|41/100 brn|[from] brn\n|upkeep\n|turn|4\n|inactive|tempocalypse has 30 seconds left.\n|inactive|tempocalypse has 20 seconds left.\n|inactive|tempocalypse has 15 seconds left.\n|inactive|tempocalypse has 10 seconds left.\n|inactive|Phillip Blevin has 30 seconds left.\n|\n|t:|1776318296\n|switch|p2a: Froslass|Froslass, L50, F|100/100\n|move|p2b: Ceruledge|Poltergeist|p1b: Sinistcha\n|-activate|p1b: Sinistcha|move: Poltergeist|Occa Berry\n|-supereffective|p1b: Sinistcha|1\n|-damage|p1b: Sinistcha|0 fnt\n|faint|p1b: Sinistcha\n|move|p1a: Meowstic|Psychic Noise|p2b: Ceruledge\n|-damage|p2b: Ceruledge|20/100 par\n|\n|-end|p2b: Ceruledge|move: Heal Block\n|upkeep\n|\n|t:|1776318302\n|switch|p1b: Dragonite|Dragonite, L50, M|100/100\n|turn|5\n|\n|t:|1776318318\n|move|p2a: Froslass|Protect|p2a: Froslass\n|-singleturn|p2a: Froslass|Protect\n|move|p1b: Dragonite|Protect|p1b: Dragonite\n|-singleturn|p1b: Dragonite|Protect\n|move|p1a: Meowstic|Gravity|p1a: Meowstic\n|-fieldstart|move: Gravity\n|move|p2b: Ceruledge|Bitter Blade|p1a: Meowstic\n|-damage|p1a: Meowstic|0 fnt\n|-heal|p2b: Ceruledge|49/100 par|[from] drain|[of] p1a: Meowstic\n|faint|p1a: Meowstic\n|\n|upkeep\n|turn|6\n|\n|t:|1776318337\n|detailschange|p2a: Froslass|Froslass-Mega, L50, F\n|-mega|p2a: Froslass|Froslass|Froslassite\n|-weather|Snowscape|[from] ability: Snow Warning|[of] p2a: Froslass\n|detailschange|p1b: Dragonite|Dragonite-Mega, L50, M\n|-mega|p1b: Dragonite|Dragonite|Dragoninite\n|move|p2b: Ceruledge|Shadow Sneak|p1b: Dragonite\n|-damage|p1b: Dragonite|91/100\n|move|p2a: Froslass|Blizzard|p1b: Dragonite\n|-supereffective|p1b: Dragonite|2\n|-damage|p1b: Dragonite|0 fnt\n|faint|p1b: Dragonite\n|\n|win|Phillip Blevin\n|raw|tempocalypse's rating: 1155 &rarr; <strong>1127</strong><br />(-28 for losing)\n|raw|Phillip Blevin's rating: 1109 &rarr; <strong>1137</strong><br />(+28 for winning)\n",
  "uploadtime": 1776318337,
  "views": 18,
  "formatid": "gen9championsvgc2026regma",
  "rating": 1127,
  "private": 0,
  "password": null
}