{
  "id": "gen9championsvgc2026regma-2584067167",
  "format": "[Gen 9 Champions] VGC 2026 Reg M-A",
  "players": [
    "ChikenRun67",
    "Missed Ledgedash"
  ],
  "log": "|j|\u203dChikenRun67\n|j|\u2606Missed Ledgedash\n|t:|1776221819\n|gametype|doubles\n|player|p1|ChikenRun67|170|1094\n|player|p2|Missed Ledgedash|juan-gen3|1191\n|gen|9\n|tier|[Gen 9 Champions] VGC 2026 Reg M-A\n|rated|\n|rule|Species Clause: Limit one of each Pok\u00e9mon\n|rule|Item Clause: Limit 1 of each item\n|clearpoke\n|poke|p1|Raichu, L50, M|\n|poke|p1|Tyranitar, L50, F|\n|poke|p1|Tsareena, L50, F|\n|poke|p1|Maushold-Four, L50|\n|poke|p1|Beedrill, L50, F|\n|poke|p1|Archaludon, L50, F|\n|poke|p2|Incineroar, L50, M|\n|poke|p2|Gengar, L50, M|\n|poke|p2|Gyarados, L50, F|\n|poke|p2|Tyranitar, L50, F|\n|poke|p2|Sneasler, L50, M|\n|poke|p2|Excadrill, L50, F|\n|teampreview|4\n|inactive|Battle timer is ON: inactive players will automatically lose when time's up. (requested by ChikenRun67)\n|inactive|Missed Ledgedash has 60 seconds left.\n|\n|t:|1776221884\n|teamsize|p1|4\n|teamsize|p2|4\n|start\n|switch|p1a: Raichu|Raichu, L50, M|100/100\n|switch|p1b: Beedrill|Beedrill, L50, F|100/100\n|switch|p2a: Gengar|Gengar, L50, M|100/100\n|switch|p2b: Incineroar|Incineroar, L50, M|100/100\n|-ability|p2b: Incineroar|Intimidate|boost\n|-unboost|p1a: Raichu|atk|1\n|-unboost|p1b: Beedrill|atk|1\n|turn|1\n|\n|t:|1776221901\n|detailschange|p2a: Gengar|Gengar-Mega, L50, M\n|-mega|p2a: Gengar|Gengar|Gengarite\n|detailschange|p1b: Beedrill|Beedrill-Mega, L50, F\n|-mega|p1b: Beedrill|Beedrill|Beedrillite\n|move|p1a: Raichu|Fake Out|p2b: Incineroar\n|-damage|p2b: Incineroar|95/100\n|cant|p2b: Incineroar|flinch\n|move|p1b: Beedrill|Knock Off|p2a: Gengar\n|-supereffective|p2a: Gengar|1\n|-damage|p2a: Gengar|59/100\n|move|p2a: Gengar|Shadow Ball|p1b: Beedrill\n|-damage|p1b: Beedrill|27/100\n|\n|upkeep\n|turn|2\n|\n|t:|1776221925\n|move|p1b: Beedrill|Protect|p1b: Beedrill\n|-singleturn|p1b: Beedrill|Protect\n|move|p2a: Gengar|Shadow Ball|p1a: Raichu\n|-damage|p1a: Raichu|34/100\n|move|p1a: Raichu|Nuzzle|p2a: Gengar\n|-damage|p2a: Gengar|51/100\n|-status|p2a: Gengar|par\n|move|p2b: Incineroar|Throat Chop|p1b: Beedrill\n|-activate|p1b: Beedrill|move: Protect\n|\n|upkeep\n|turn|3\n|inactive|ChikenRun67 has 30 seconds left.\n|\n|t:|1776221952\n|move|p1b: Beedrill|Lunge|p2b: Incineroar\n|-damage|p2b: Incineroar|64/100\n|-unboost|p2b: Incineroar|atk|1\n|move|p1a: Raichu|Endeavor|p2b: Incineroar\n|-damage|p2b: Incineroar|23/100\n|move|p2a: Gengar|Shadow Ball|p1a: Raichu\n|-damage|p1a: Raichu|0 fnt\n|faint|p1a: Raichu\n|move|p2b: Incineroar|Throat Chop|p1b: Beedrill\n|-damage|p1b: Beedrill|0 fnt\n|faint|p1b: Beedrill\n|\n|upkeep\n|\n|t:|1776221967\n|switch|p1b: Maushold|Maushold-Four, L50|100/100\n|switch|p1a: Tsareena|Tsareena, L50, F|100/100\n|turn|4\n|\n|t:|1776221987\n|switch|p2b: Gyarados|Gyarados, L50, F|100/100\n|-ability|p2b: Gyarados|Intimidate|boost\n|-unboost|p1a: Tsareena|atk|1\n|-unboost|p1b: Maushold|atk|1\n|move|p1b: Maushold|Encore||[still]\n|-fail|p1b: Maushold\n|move|p2a: Gengar|Perish Song|p2a: Gengar\n|-start|p1a: Tsareena|perish3|[silent]\n|-start|p1b: Maushold|perish3|[silent]\n|-start|p2a: Gengar|perish3|[silent]\n|-start|p2b: Gyarados|perish3|[silent]\n|-fieldactivate|move: Perish Song\n|move|p1a: Tsareena|Zen Headbutt|p2a: Gengar\n|-supereffective|p2a: Gengar|1\n|-damage|p2a: Gengar|2/100 par\n|\n|-start|p1b: Maushold|perish3\n|-start|p2b: Gyarados|perish3\n|-start|p2a: Gengar|perish3\n|-start|p1a: Tsareena|perish3\n|upkeep\n|turn|5\n|\n|t:|1776222011\n|move|p2b: Gyarados|Protect|p2b: Gyarados\n|-singleturn|p2b: Gyarados|Protect\n|move|p2a: Gengar|Protect|p2a: Gengar\n|-singleturn|p2a: Gengar|Protect\n|move|p1b: Maushold|Tidy Up|p1b: Maushold\n|-boost|p1b: Maushold|atk|1\n|-boost|p1b: Maushold|spe|1\n|move|p1a: Tsareena|Trop Kick|p2b: Gyarados\n|-activate|p2b: Gyarados|move: Protect\n|\n|-start|p1b: Maushold|perish2\n|-start|p2b: Gyarados|perish2\n|-start|p2a: Gengar|perish2\n|-start|p1a: Tsareena|perish2\n|upkeep\n|turn|6\n|\n|t:|1776222031\n|switch|p2a: Incineroar|Incineroar, L50, M|23/100\n|-ability|p2a: Incineroar|Intimidate|boost\n|-unboost|p1a: Tsareena|atk|1\n|-unboost|p1b: Maushold|atk|1\n|move|p1b: Maushold|Population Bomb|p2b: Gyarados\n|-damage|p2b: Gyarados|96/100\n|-hitcount|p2b: Gyarados|1\n|move|p2b: Gyarados|Taunt|p1b: Maushold\n|-start|p1b: Maushold|move: Taunt\n|-enditem|p1b: Maushold|Mental Herb\n|-end|p1b: Maushold|move: Taunt\n|move|p1a: Tsareena|Triple Axel|p2a: Incineroar\n|-resisted|p2a: Incineroar|1\n|-damage|p2a: Incineroar|22/100\n|-resisted|p2a: Incineroar|1\n|-damage|p2a: Incineroar|19/100\n|-resisted|p2a: Incineroar|1\n|-damage|p2a: Incineroar|15/100\n|-hitcount|p2a: Incineroar|3\n|\n|-start|p1b: Maushold|perish1\n|-start|p2b: Gyarados|perish1\n|-start|p1a: Tsareena|perish1\n|upkeep\n|turn|7\n|-message|ChikenRun67 forfeited.\n|\n|win|Missed Ledgedash\n|raw|ChikenRun67's rating: 1094 &rarr; <strong>1076</strong><br />(-18 for losing)\n|raw|Missed Ledgedash's rating: 1191 &rarr; <strong>1209</strong><br />(+18 for winning)\n",
  "uploadtime": 1776222050,
  "views": 16,
  "formatid": "gen9championsvgc2026regma",
  "rating": 1076,
  "private": 0,
  "password": null
}