{
  "id": "gen9championsvgc2026regma-2583702060",
  "format": "[Gen 9 Champions] VGC 2026 Reg M-A",
  "players": [
    "MESIGNO!!!!",
    "Makanakylar"
  ],
  "log": "|j|\u2606MESIGNO!!!!\n|j|\u2606Makanakylar\n|t:|1776191976\n|gametype|doubles\n|player|p1|MESIGNO!!!!|galacticgruntf|1114\n|player|p2|Makanakylar|265|1044\n|gen|9\n|tier|[Gen 9 Champions] VGC 2026 Reg M-A\n|rated|\n|rule|Species Clause: Limit one of each Pok\u00e9mon\n|rule|Item Clause: Limit 1 of each item\n|clearpoke\n|poke|p1|Hatterene, L50, F|\n|poke|p1|Kingambit, L50, M|\n|poke|p1|Drampa, L50, F|\n|poke|p1|Sinistcha, L50|\n|poke|p1|Farigiraf, L50, M|\n|poke|p1|Torkoal, L50, F|\n|poke|p2|Pelipper, L50, F|\n|poke|p2|Archaludon, L50, M|\n|poke|p2|Incineroar, L50, M|\n|poke|p2|Sinistcha, L50|\n|poke|p2|Sneasler, L50, M|\n|poke|p2|Floette-Eternal, L50, F|\n|teampreview|4\n|inactive|Battle timer is ON: inactive players will automatically lose when time's up. (requested by Makanakylar)\n|\n|t:|1776192031\n|teamsize|p1|4\n|teamsize|p2|4\n|start\n|switch|p1a: Hatterene|Hatterene, L50, F|100/100\n|switch|p1b: Drampa|Drampa, L50, F|100/100\n|switch|p2a: Incineroar|Incineroar, L50, M, shiny|100/100\n|switch|p2b: Archaludon|Archaludon, L50, M|100/100\n|-ability|p2a: Incineroar|Intimidate|boost\n|-unboost|p1a: Hatterene|atk|1\n|-unboost|p1b: Drampa|atk|1\n|-ability|p1b: Drampa|Cloud Nine\n|turn|1\n|\n|t:|1776192053\n|detailschange|p1b: Drampa|Drampa-Mega, L50, F\n|-mega|p1b: Drampa|Drampa|Drampanite\n|move|p2a: Incineroar|Fake Out|p1a: Hatterene\n|-damage|p1a: Hatterene|86/100\n|move|p2b: Archaludon|Dragon Pulse|p1b: Drampa\n|-supereffective|p1b: Drampa|1\n|-damage|p1b: Drampa|38/100\n|-ability|p1b: Drampa|Berserk|boost\n|-boost|p1b: Drampa|spa|1\n|move|p1b: Drampa|Calm Mind|p1b: Drampa\n|-boost|p1b: Drampa|spa|1\n|-boost|p1b: Drampa|spd|1\n|cant|p1a: Hatterene|flinch\n|\n|upkeep\n|turn|2\n|\n|t:|1776192071\n|move|p2b: Archaludon|Protect|p2b: Archaludon\n|-singleturn|p2b: Archaludon|Protect\n|move|p2a: Incineroar|Darkest Lariat|p1b: Drampa\n|-damage|p1b: Drampa|2/100\n|move|p1b: Drampa|Earth Power|p2b: Archaludon\n|-activate|p2b: Archaludon|move: Protect\n|move|p1a: Hatterene|Trick Room|p1a: Hatterene\n|-fieldstart|move: Trick Room|[of] p1a: Hatterene\n|\n|upkeep\n|turn|3\n|inactive|MESIGNO!!!! has 30 seconds left.\n|inactive|MESIGNO!!!! has 20 seconds left.\n|inactive|MESIGNO!!!! has 15 seconds left.\n|inactive|MESIGNO!!!! has 10 seconds left.\n|\n|t:|1776192124\n|switch|p2b: Pelipper|Pelipper, L50, F, shiny|100/100\n|-weather|RainDance|[from] ability: Drizzle|[of] p2b: Pelipper\n|move|p1a: Hatterene|Mystical Fire|p2b: Pelipper\n|-resisted|p2b: Pelipper|1\n|-damage|p2b: Pelipper|90/100\n|-unboost|p2b: Pelipper|spa|1\n|move|p1b: Drampa|Earth Power|p2a: Incineroar\n|-supereffective|p2a: Incineroar|1\n|-damage|p2a: Incineroar|0 fnt\n|faint|p2a: Incineroar\n|\n|-weather|RainDance|[upkeep]\n|upkeep\n|\n|t:|1776192137\n|switch|p2a: Sneasler|Sneasler, L50, M|100/100\n|turn|4\n|inactive|MESIGNO!!!! has 30 seconds left.\n|\n|t:|1776192170\n|switch|p1a: Sinistcha|Sinistcha, L50|100/100\n|-heal|p1b: Drampa|26/100|[from] ability: Hospitality|[of] p1a: Sinistcha\n|move|p2a: Sneasler|Fake Out|p1b: Drampa\n|-damage|p1b: Drampa|13/100\n|cant|p1b: Drampa|flinch\n|move|p2b: Pelipper|Hurricane|p1b: Drampa\n|-damage|p1b: Drampa|0 fnt\n|faint|p1b: Drampa\n|\n|-weather|RainDance|[upkeep]\n|upkeep\n|inactive|MESIGNO!!!! has 30 seconds left.\n|\n|t:|1776192196\n|switch|p1b: Hatterene|Hatterene, L50, F|86/100\n|turn|5\n|inactive|MESIGNO!!!! has 30 seconds left.\n|\n|t:|1776192231\n|switch|p2b: Archaludon|Archaludon, L50, M|100/100\n|move|p1b: Hatterene|Psychic Noise|p2a: Sneasler\n|-supereffective|p2a: Sneasler|2\n|-damage|p2a: Sneasler|0 fnt\n|faint|p2a: Sneasler\n|move|p1a: Sinistcha|Matcha Gotcha|p2b: Archaludon\n|-resisted|p2b: Archaludon|2\n|-damage|p2b: Archaludon|92/100\n|-status|p2b: Archaludon|brn\n|-ability|p2b: Archaludon|Stamina|boost\n|-boost|p2b: Archaludon|def|1\n|\n|-weather|RainDance|[upkeep]\n|-heal|p2b: Archaludon|98/100 brn|[from] item: Leftovers\n|-damage|p2b: Archaludon|92/100 brn|[from] brn\n|upkeep\n|\n|t:|1776192240\n|switch|p2a: Pelipper|Pelipper, L50, F, shiny|90/100\n|turn|6\n|inactive|MESIGNO!!!! has 30 seconds left.\n|\n|t:|1776192268\n|move|p1a: Sinistcha|Rage Powder|p1a: Sinistcha\n|-singleturn|p1a: Sinistcha|move: Rage Powder\n|move|p1b: Hatterene|Mystical Fire|p2b: Archaludon\n|-damage|p2b: Archaludon|77/100 brn\n|-unboost|p2b: Archaludon|spa|1\n|-ability|p2b: Archaludon|Stamina|boost\n|-boost|p2b: Archaludon|def|1\n|move|p2a: Pelipper|Hurricane|p1a: Sinistcha\n|-supereffective|p1a: Sinistcha|1\n|-damage|p1a: Sinistcha|16/100\n|-enditem|p1a: Sinistcha|Sitrus Berry|[eat]\n|-heal|p1a: Sinistcha|41/100|[from] item: Sitrus Berry\n|move|p2b: Archaludon|Flash Cannon|p1a: Sinistcha\n|-damage|p1a: Sinistcha|14/100\n|\n|-weather|RainDance|[upkeep]\n|-heal|p2b: Archaludon|83/100 brn|[from] item: Leftovers\n|-damage|p2b: Archaludon|77/100 brn|[from] brn\n|-fieldend|move: Trick Room\n|upkeep\n|turn|7\n|\n|t:|1776192293\n|move|p2b: Archaludon|Flash Cannon|p1b: Hatterene\n|-supereffective|p1b: Hatterene|1\n|-damage|p1b: Hatterene|33/100\n|move|p2a: Pelipper|Hurricane|p1a: Sinistcha\n|-supereffective|p1a: Sinistcha|1\n|-damage|p1a: Sinistcha|0 fnt\n|faint|p1a: Sinistcha\n|move|p1b: Hatterene|Trick Room|p1b: Hatterene\n|-fieldstart|move: Trick Room|[of] p1b: Hatterene\n|\n|-weather|none\n|-heal|p2b: Archaludon|83/100 brn|[from] item: Leftovers\n|-damage|p2b: Archaludon|77/100 brn|[from] brn\n|upkeep\n|\n|t:|1776192296\n|switch|p1a: Kingambit|Kingambit, L50, M, shiny|100/100\n|turn|8\n|\n|t:|1776192314\n|move|p2a: Pelipper|Protect|p2a: Pelipper\n|-singleturn|p2a: Pelipper|Protect\n|move|p1b: Hatterene|Dazzling Gleam|p2b: Archaludon|[spread] p2b\n|-activate|p2a: Pelipper|move: Protect\n|-damage|p2b: Archaludon|40/100 brn\n|-ability|p2b: Archaludon|Stamina|boost\n|-boost|p2b: Archaludon|def|1\n|move|p1a: Kingambit|Throat Chop|p2a: Pelipper\n|-activate|p2a: Pelipper|move: Protect\n|move|p2b: Archaludon|Flash Cannon|p1b: Hatterene\n|-supereffective|p1b: Hatterene|1\n|-damage|p1b: Hatterene|0 fnt\n|faint|p1b: Hatterene\n|\n|-heal|p2b: Archaludon|46/100 brn|[from] item: Leftovers\n|-damage|p2b: Archaludon|40/100 brn|[from] brn\n|upkeep\n|turn|9\n|inactive|MESIGNO!!!! has 30 seconds left.\n|inactive|Makanakylar has 30 seconds left.\n|\n|t:|1776192345\n|move|p2b: Archaludon|Protect|p2b: Archaludon\n|-singleturn|p2b: Archaludon|Protect\n|move|p1a: Kingambit|Low Kick|p2b: Archaludon\n|-activate|p2b: Archaludon|move: Protect\n|move|p2a: Pelipper|Hurricane|p1a: Kingambit\n|-resisted|p1a: Kingambit|1\n|-damage|p1a: Kingambit|83/100\n|-start|p1a: Kingambit|confusion\n|\n|-heal|p2b: Archaludon|46/100 brn|[from] item: Leftovers\n|-damage|p2b: Archaludon|40/100 brn|[from] brn\n|upkeep\n|turn|10\n|\n|t:|1776192364\n|-activate|p1a: Kingambit|confusion\n|move|p1a: Kingambit|Low Kick|p2b: Archaludon\n|-supereffective|p2b: Archaludon|1\n|-damage|p2b: Archaludon|17/100 brn\n|-ability|p2b: Archaludon|Stamina|boost\n|-boost|p2b: Archaludon|def|1\n|move|p2a: Pelipper|Hurricane|p1a: Kingambit\n|-resisted|p1a: Kingambit|1\n|-damage|p1a: Kingambit|67/100\n|move|p2b: Archaludon|Electro Shot||[still]\n|-prepare|p2b: Archaludon|Electro Shot\n|-boost|p2b: Archaludon|spa|1\n|\n|-heal|p2b: Archaludon|23/100 brn|[from] item: Leftovers\n|-damage|p2b: Archaludon|17/100 brn|[from] brn\n|upkeep\n|turn|11\n|\n|t:|1776192387\n|-activate|p1a: Kingambit|confusion\n|move|p1a: Kingambit|Low Kick|p2b: Archaludon\n|-supereffective|p2b: Archaludon|1\n|-damage|p2b: Archaludon|0 fnt\n|faint|p2b: Archaludon\n|move|p2a: Pelipper|Hurricane|p1a: Kingambit\n|-resisted|p1a: Kingambit|1\n|-damage|p1a: Kingambit|50/100\n|\n|-fieldend|move: Trick Room\n|upkeep\n|turn|12\n|\n|t:|1776192400\n|-activate|p1a: Kingambit|confusion\n|-damage|p1a: Kingambit|38/100|[from] confusion\n|move|p2a: Pelipper|Tailwind|p2a: Pelipper\n|-sidestart|p2: Makanakylar|move: Tailwind\n|\n|upkeep\n|turn|13\n|\n|t:|1776192411\n|move|p2a: Pelipper|Hurricane|p1a: Kingambit|[miss]\n|-miss|p2a: Pelipper|p1a: Kingambit\n|-activate|p1a: Kingambit|confusion\n|move|p1a: Kingambit|Throat Chop|p2a: Pelipper\n|-damage|p2a: Pelipper|50/100\n|-start|p2a: Pelipper|Throat Chop|[silent]\n|\n|upkeep\n|turn|14\n|\n|t:|1776192417\n|move|p2a: Pelipper|Hurricane|p1a: Kingambit\n|-resisted|p1a: Kingambit|1\n|-damage|p1a: Kingambit|20/100\n|-end|p1a: Kingambit|confusion\n|move|p1a: Kingambit|Throat Chop|p2a: Pelipper\n|-damage|p2a: Pelipper|8/100\n|\n|-end|p2a: Pelipper|Throat Chop|[silent]\n|upkeep\n|turn|15\n|\n|t:|1776192428\n|move|p2a: Pelipper|Protect|p2a: Pelipper\n|-singleturn|p2a: Pelipper|Protect\n|move|p1a: Kingambit|Sucker Punch||[still]\n|-fail|p1a: Kingambit\n|\n|-sideend|p2: Makanakylar|move: Tailwind\n|upkeep\n|turn|16\n|\n|t:|1776192436\n|move|p2a: Pelipper|Hurricane|p1a: Kingambit\n|-resisted|p1a: Kingambit|1\n|-damage|p1a: Kingambit|3/100\n|move|p1a: Kingambit|Throat Chop|p2a: Pelipper\n|-crit|p2a: Pelipper\n|-damage|p2a: Pelipper|0 fnt\n|faint|p2a: Pelipper\n|\n|win|MESIGNO!!!!\n|raw|MESIGNO!!!!'s rating: 1114 &rarr; <strong>1134</strong><br />(+20 for winning)\n|raw|Makanakylar's rating: 1044 &rarr; <strong>1031</strong><br />(-13 for losing)\n|l|\u2606Makanakylar\n|player|p2|\n",
  "uploadtime": 1776192440,
  "views": 20,
  "formatid": "gen9championsvgc2026regma",
  "rating": 1031,
  "private": 0,
  "password": null
}