{
  "id": "gen9championsvgc2026regma-2584500074",
  "format": "[Gen 9 Champions] VGC 2026 Reg M-A",
  "players": [
    "On the wave now",
    "smp on whimsicott"
  ],
  "log": "|j|\u2606On the wave now\n|j|\u2606smp on whimsicott\n|t:|1776264943\n|gametype|doubles\n|player|p1|On the wave now|ruinmaniac|1296\n|player|p2|smp on whimsicott|artist-gen4|1378\n|gen|9\n|tier|[Gen 9 Champions] VGC 2026 Reg M-A\n|rated|\n|rule|Species Clause: Limit one of each Pok\u00e9mon\n|rule|Item Clause: Limit 1 of each item\n|clearpoke\n|poke|p1|Tyranitar, L50, F|\n|poke|p1|Excadrill, L50, F|\n|poke|p1|Garchomp, L50, M|\n|poke|p1|Incineroar, L50, F|\n|poke|p1|Rotom-Wash, L50|\n|poke|p1|Milotic, L50, M|\n|poke|p2|Floette-Eternal, L50, F|\n|poke|p2|Aegislash, L50, F|\n|poke|p2|Talonflame, L50, F|\n|poke|p2|Basculegion, L50, M|\n|poke|p2|Milotic, L50, M|\n|poke|p2|Garchomp, L50, M|\n|teampreview|4\nOn the wave now has agreed to open team sheets.\n|inactive|Battle timer is ON: inactive players will automatically lose when time's up. (requested by On the wave now)\n|\n|t:|1776264982\n|teamsize|p1|4\n|teamsize|p2|4\n|start\n|switch|p1a: Incineroar|Incineroar, L50, F|100/100\n|switch|p1b: Rotom|Rotom-Wash, L50|100/100\n|switch|p2a: Floette|Floette-Eternal, L50, F|100/100\n|switch|p2b: Basculegion|Basculegion, L50, M|100/100\n|-ability|p1a: Incineroar|Intimidate|boost\n|-unboost|p2a: Floette|atk|1\n|-unboost|p2b: Basculegion|atk|1\n|turn|1\n|\n|t:|1776264995\n|detailschange|p2a: Floette|Floette-Mega, L50, F\n|-mega|p2a: Floette|Floette|Floettite\n|-ability|p2a: Floette|Fairy Aura\n|move|p2b: Basculegion|Flip Turn|p1a: Incineroar\n|-supereffective|p1a: Incineroar|1\n|-damage|p1a: Incineroar|63/100\n|\n|t:|1776265001\n|switch|p2b: Garchomp|Garchomp, L50, M|100/100|[from] Flip Turn\n|move|p2a: Floette|Dazzling Gleam|p1b: Rotom|[spread] p1a,p1b\n|-damage|p1a: Incineroar|20/100\n|-damage|p1b: Rotom|46/100\n|-enditem|p1b: Rotom|Sitrus Berry|[eat]\n|-heal|p1b: Rotom|71/100|[from] item: Sitrus Berry\n|move|p1b: Rotom|Volt Switch|p2b: Garchomp\n|-immune|p2b: Garchomp\n|move|p1a: Incineroar|Parting Shot|p2a: Floette\n|-unboost|p2a: Floette|atk|1\n|-unboost|p2a: Floette|spa|1\n|\n|t:|1776265007\n|switch|p1a: Tyranitar|Tyranitar, L50, F|100/100|[from] Parting Shot\n|-weather|Sandstorm|[from] ability: Sand Stream|[of] p1a: Tyranitar\n|\n|-weather|Sandstorm|[upkeep]\n|-damage|p2a: Floette|94/100|[from] Sandstorm\n|-damage|p1b: Rotom|65/100|[from] Sandstorm\n|upkeep\n|turn|2\n|inactive|smp on whimsicott has 30 seconds left.\n|\n|t:|1776265035\n|switch|p1a: Incineroar|Incineroar, L50, F|20/100\n|-ability|p1a: Incineroar|Intimidate|boost\n|-unboost|p2a: Floette|atk|1\n|-unboost|p2b: Garchomp|atk|1\n|-enditem|p2b: Garchomp|White Herb\n|-clearnegativeboost|p2b: Garchomp|[silent]\n|move|p2a: Floette|Protect|p2a: Floette\n|-singleturn|p2a: Floette|Protect\n|move|p2b: Garchomp|Earthquake|p1b: Rotom|[spread] p1a\n|-activate|p2a: Floette|move: Protect\n|-immune|p1b: Rotom|[from] ability: Levitate\n|-supereffective|p1a: Incineroar|1\n|-damage|p1a: Incineroar|0 fnt\n|faint|p1a: Incineroar\n|move|p1b: Rotom|Volt Switch|p2a: Floette\n|-activate|p2a: Floette|move: Protect\n|\n|-weather|Sandstorm|[upkeep]\n|-damage|p2a: Floette|88/100|[from] Sandstorm\n|-damage|p1b: Rotom|60/100|[from] Sandstorm\n|upkeep\n|\n|t:|1776265047\n|switch|p1a: Tyranitar|Tyranitar, L50, F|100/100\n|turn|3\n|\n|t:|1776265055\n|detailschange|p1a: Tyranitar|Tyranitar-Mega, L50, F\n|-mega|p1a: Tyranitar|Tyranitar|Tyranitarite\n|move|p2b: Garchomp|Dragon Claw|p1a: Tyranitar\n|-damage|p1a: Tyranitar|72/100\n|move|p2a: Floette|Moonblast|p1a: Tyranitar\n|-supereffective|p1a: Tyranitar|1\n|-damage|p1a: Tyranitar|13/100\n|move|p1a: Tyranitar|Ice Punch|p2b: Garchomp\n|-supereffective|p2b: Garchomp|2\n|-damage|p2b: Garchomp|0 fnt\n|-damage|p1a: Tyranitar|0 fnt|[from] ability: Rough Skin|[of] p2b: Garchomp\n|faint|p2b: Garchomp\n|faint|p1a: Tyranitar\n|move|p1b: Rotom|Volt Switch|p2a: Floette\n|-damage|p2a: Floette|65/100\n|\n|t:|1776265065\n|switch|p1b: Excadrill|Excadrill, L50, F|100/100|[from] Volt Switch\n|\n|-weather|Sandstorm|[upkeep]\n|-damage|p2a: Floette|59/100|[from] Sandstorm\n|upkeep\n|inactive|smp on whimsicott has 30 seconds left.\n|inactive|smp on whimsicott has 20 seconds left.\n|inactive|smp on whimsicott has 15 seconds left.\n|\n|t:|1776265106\n|switch|p2b: Talonflame|Talonflame, L50, F|100/100\n|switch|p1a: Rotom|Rotom-Wash, L50|60/100\n|turn|4\n|inactive|smp on whimsicott has 30 seconds left.\n|\n|t:|1776265135\n|move|p2b: Talonflame|Protect|p2b: Talonflame\n|-singleturn|p2b: Talonflame|Protect\n|move|p1b: Excadrill|Rock Slide|p2b: Talonflame|[spread] p2a\n|-activate|p2b: Talonflame|move: Protect\n|-damage|p2a: Floette|39/100\n|cant|p2a: Floette|flinch\n|move|p1a: Rotom|Discharge|p2b: Talonflame|[spread] p2a\n|-activate|p2b: Talonflame|move: Protect\n|-immune|p1b: Excadrill\n|-damage|p2a: Floette|21/100\n|\n|-weather|Sandstorm|[upkeep]\n|-damage|p2b: Talonflame|95/100|[from] Sandstorm\n|-damage|p2a: Floette|15/100|[from] Sandstorm\n|-damage|p1a: Rotom|54/100|[from] Sandstorm\n|upkeep\n|turn|5\n|\n|t:|1776265151\n|move|p1b: Excadrill|Rock Slide|p2b: Talonflame|[spread] p2a,p2b\n|-supereffective|p2b: Talonflame|2\n|-damage|p2a: Floette|0 fnt\n|-damage|p2b: Talonflame|0 fnt\n|faint|p2a: Floette\n|faint|p2b: Talonflame\n|move|p1a: Rotom|Discharge|p1b: Excadrill\n|-immune|p1b: Excadrill\n|\n|-weather|none\n|upkeep\n|\n|t:|1776265154\n|switch|p2b: Basculegion|Basculegion, L50, M|100/100\n|turn|6\n|\n|t:|1776265159\n|move|p1b: Excadrill|Protect|p1b: Excadrill\n|-singleturn|p1b: Excadrill|Protect\n|move|p1a: Rotom|Protect|p1a: Rotom\n|-singleturn|p1a: Rotom|Protect\n|move|p2b: Basculegion|Last Respects|p1a: Rotom\n|-activate|p1a: Rotom|move: Protect\n|\n|upkeep\n|turn|7\n|\n|t:|1776265169\n|move|p1a: Rotom|Protect||[still]\n|-fail|p1a: Rotom\n|move|p2b: Basculegion|Last Respects|p1a: Rotom\n|-damage|p1a: Rotom|0 fnt\n|faint|p1a: Rotom\n|move|p1b: Excadrill|High Horsepower|p2b: Basculegion\n|-damage|p2b: Basculegion|17/100\n|\n|upkeep\n|turn|8\n|\n|t:|1776265175\n|move|p2b: Basculegion|Last Respects|p1b: Excadrill\n|-damage|p1b: Excadrill|0 fnt\n|faint|p1b: Excadrill\n|\n|win|smp on whimsicott\n|raw|On the wave now's rating: 1296 &rarr; <strong>1277</strong><br />(-19 for losing)\n|raw|smp on whimsicott's rating: 1378 &rarr; <strong>1393</strong><br />(+15 for winning)\n",
  "uploadtime": 1776265175,
  "views": 30,
  "formatid": "gen9championsvgc2026regma",
  "rating": 1277,
  "private": 0,
  "password": null
}