{
  "id": "gen9championsvgc2026regma-2583609680",
  "format": "[Gen 9 Champions] VGC 2026 Reg M-A",
  "players": [
    "Pazitas",
    "thecynikyt"
  ],
  "log": "|j|\u2606Pazitas\n|j|\u2606thecynikyt\n|t:|1776186349\n|gametype|doubles\n|player|p1|Pazitas|bianca|1215\n|player|p2|thecynikyt|alder|1132\n|gen|9\n|tier|[Gen 9 Champions] VGC 2026 Reg M-A\n|rated|\n|rule|Species Clause: Limit one of each Pok\u00e9mon\n|rule|Item Clause: Limit 1 of each item\n|clearpoke\n|poke|p1|Drampa, L50, M|\n|poke|p1|Farigiraf, L50, F|\n|poke|p1|Incineroar, L50, M|\n|poke|p1|Primarina, L50, F|\n|poke|p1|Excadrill, L50, M|\n|poke|p1|Tyranitar, L50, F|\n|poke|p2|Gallade, L50, M|\n|poke|p2|Whimsicott, L50, F|\n|poke|p2|Zoroark-Hisui, L50, M|\n|poke|p2|Archaludon, L50, F|\n|poke|p2|Meganium, L50, M|\n|poke|p2|Rotom-Wash, L50|\n|teampreview|4\n|inactive|Battle timer is ON: inactive players will automatically lose when time's up. (requested by thecynikyt)\n|inactive|Pazitas has 60 seconds left.\n|inactive|thecynikyt has 60 seconds left.\n|\n|t:|1776186387\n|teamsize|p1|4\n|teamsize|p2|4\n|start\n|switch|p1a: maia|Farigiraf, L50, F|100/100\n|switch|p1b: Kerry|Incineroar, L50, M|100/100\n|switch|p2a: Gallade|Gallade, L50, M, shiny|100/100\n|switch|p2b: Rotom|Rotom-Wash, L50, shiny|100/100\n|-ability|p1b: Kerry|Intimidate|boost\n|-unboost|p2a: Gallade|atk|1\n|-unboost|p2b: Rotom|atk|1\n|turn|1\n|\n|t:|1776186405\n|move|p2a: Gallade|Hyper Voice|p1a: maia|[spread] p1a,p1b\n|-crit|p1a: maia\n|-damage|p1a: maia|55/100\n|-damage|p1b: Kerry|72/100\n|move|p2b: Rotom|Hydro Pump|p1a: maia\n|-damage|p1a: maia|5/100\n|-enditem|p1a: maia|Sitrus Berry|[eat]\n|-heal|p1a: maia|30/100|[from] item: Sitrus Berry\n|move|p1b: Kerry|Parting Shot|p2b: Rotom\n|-unboost|p2b: Rotom|atk|1\n|-unboost|p2b: Rotom|spa|1\n|\n|t:|1776186415\n|switch|p1b: Drampa|Drampa, L50, M|100/100|[from] Parting Shot\n|move|p1a: maia|Trick Room|p1a: maia\n|-fieldstart|move: Trick Room|[of] p1a: maia\n|\n|upkeep\n|turn|2\n|\n|t:|1776186430\n|move|p2b: Rotom|Protect|p2b: Rotom\n|-singleturn|p2b: Rotom|Protect\n|move|p1b: Drampa|Dragon Pulse|p2a: Gallade\n|-enditem|p2a: Gallade|Focus Sash\n|-damage|p2a: Gallade|1/100\n|replace|p2a: Zoroark|Zoroark-Hisui, L50, M\n|-end|p2a: Zoroark|Illusion\n|move|p1a: maia|Psychic|p2a: Zoroark\n|-damage|p2a: Zoroark|0 fnt\n|faint|p2a: Zoroark\n|\n|upkeep\n|\n|t:|1776186442\n|switch|p2a: Archaludon|Archaludon, L50, F|100/100\n|turn|3\n|\n|t:|1776186452\n|detailschange|p1b: Drampa|Drampa-Mega, L50, M\n|-mega|p1b: Drampa|Drampa|Drampanite\n|move|p1a: maia|Helping Hand|p1b: Drampa\n|-singleturn|p1b: Drampa|Helping Hand|[of] p1a: maia\n|move|p1b: Drampa|Earth Power|p2a: Archaludon\n|-supereffective|p2a: Archaludon|1\n|-damage|p2a: Archaludon|0 fnt\n|faint|p2a: Archaludon\n|move|p2b: Rotom|Hydro Pump|p1a: maia|[miss]\n|-miss|p2b: Rotom|p1a: maia\n|\n|upkeep\n|\n|t:|1776186460\n|switch|p2a: Gallade|Gallade, L50, M, shiny|100/100\n|turn|4\n|inactive|Pazitas has 30 seconds left.\n|\n|t:|1776186486\n|detailschange|p2a: Gallade|Gallade-Mega, L50, M, shiny\n|-mega|p2a: Gallade|Gallade|Galladite\n|move|p1a: maia|Helping Hand|p1b: Drampa\n|-singleturn|p1b: Drampa|Helping Hand|[of] p1a: maia\n|move|p1b: Drampa|Hyper Voice|p2b: Rotom|[spread] p2a,p2b\n|-damage|p2a: Gallade|28/100\n|-damage|p2b: Rotom|18/100\n|-enditem|p2b: Rotom|Sitrus Berry|[eat]\n|-heal|p2b: Rotom|42/100|[from] item: Sitrus Berry\n|move|p2b: Rotom|Hydro Pump|p1a: maia\n|-damage|p1a: maia|0 fnt\n|faint|p1a: maia\n|move|p2a: Gallade|Sacred Sword|p1b: Drampa\n|-supereffective|p1b: Drampa|1\n|-damage|p1b: Drampa|0 fnt\n|faint|p1b: Drampa\n|\n|upkeep\n|\n|t:|1776186502\n|switch|p1b: Excadrill|Excadrill, L50, M|100/100\n|switch|p1a: Kerry|Incineroar, L50, M|72/100\n|-ability|p1a: Kerry|Intimidate|boost\n|-fail|p2a: Gallade|unboost|Attack|[from] ability: Inner Focus|[of] p2a: Gallade\n|-unboost|p2b: Rotom|atk|1\n|turn|5\n|\n|t:|1776186522\n|move|p2b: Rotom|Protect|p2b: Rotom\n|-singleturn|p2b: Rotom|Protect\n|move|p1b: Excadrill|Protect|p1b: Excadrill\n|-singleturn|p1b: Excadrill|Protect\n|move|p2a: Gallade|Protect|p2a: Gallade\n|-singleturn|p2a: Gallade|Protect\n|move|p1a: Kerry|Flare Blitz|p2a: Gallade\n|-activate|p2a: Gallade|move: Protect\n|\n|-fieldend|move: Trick Room\n|upkeep\n|turn|6\n|inactive|Pazitas has 30 seconds left.\n|inactive|thecynikyt has 30 seconds left.\n|\n|t:|1776186549\n|move|p2a: Gallade|Sacred Sword|p1a: Kerry\n|-supereffective|p1a: Kerry|1\n|-damage|p1a: Kerry|0 fnt\n|faint|p1a: Kerry\n|move|p1b: Excadrill|High Horsepower|p2a: Gallade\n|-crit|p2a: Gallade\n|-damage|p2a: Gallade|0 fnt\n|faint|p2a: Gallade\n|move|p2b: Rotom|Will-O-Wisp|p1b: Excadrill\n|-status|p1b: Excadrill|brn\n|\n|-damage|p1b: Excadrill|95/100 brn|[from] brn\n|upkeep\n|turn|7\n|-message|Pazitas forfeited.\n|\n|win|thecynikyt\n|raw|Pazitas's rating: 1215 &rarr; <strong>1184</strong><br />(-31 for losing)\n|raw|thecynikyt's rating: 1132 &rarr; <strong>1163</strong><br />(+31 for winning)\n|l|\u2606Pazitas\n|player|p1|\n",
  "uploadtime": 1776186692,
  "views": 20,
  "formatid": "gen9championsvgc2026regma",
  "rating": 1163,
  "private": 0,
  "password": null
}