{
  "id": "gen9championsvgc2026regma-2585926470",
  "format": "[Gen 9 Champions] VGC 2026 Reg M-A",
  "players": [
    "itsjustsomni",
    "Jhinsoul"
  ],
  "log": "|j|\u2606itsjustsomni\n|j|\u2606Jhinsoul\n|t:|1776382114\n|gametype|doubles\n|player|p1|itsjustsomni|cyrus|1106\n|player|p2|Jhinsoul|wallace|1091\n|gen|9\n|tier|[Gen 9 Champions] VGC 2026 Reg M-A\n|rated|\n|rule|Species Clause: Limit one of each Pok\u00e9mon\n|rule|Item Clause: Limit 1 of each item\n|clearpoke\n|poke|p1|Aggron, L50, F|\n|poke|p1|Sinistcha, L50|\n|poke|p1|Hydreigon, L50, M|\n|poke|p1|Rotom-Wash, L50|\n|poke|p1|Incineroar, L50, F|\n|poke|p1|Aerodactyl, L50, M|\n|poke|p2|Froslass, L50, F|\n|poke|p2|Incineroar, L50, M|\n|poke|p2|Orthworm, L50, F|\n|poke|p2|Garchomp, L50, F|\n|poke|p2|Rotom-Frost, L50|\n|poke|p2|Palafin, L50, M|\n|teampreview|4\n|inactive|Battle timer is ON: inactive players will automatically lose when time's up. (requested by Jhinsoul)\n|inactive|itsjustsomni also wants the timer to be on.\n|\n|t:|1776382142\n|teamsize|p1|4\n|teamsize|p2|4\n|start\n|switch|p1a: Hydreigon|Hydreigon, L50, M|100/100\n|switch|p1b: Rotom|Rotom-Wash, L50|100/100\n|switch|p2a: Froslass|Froslass, L50, F, shiny|100/100\n|switch|p2b: Incineroar|Incineroar, L50, M, shiny|100/100\n|-ability|p2b: Incineroar|Intimidate|boost\n|-unboost|p1a: Hydreigon|atk|1\n|-unboost|p1b: Rotom|atk|1\n|turn|1\n|inactive|Jhinsoul has 30 seconds left.\n|\n|t:|1776382169\n|detailschange|p2a: Froslass|Froslass-Mega, L50, F, shiny\n|-mega|p2a: Froslass|Froslass|Froslassite\n|-weather|Snowscape|[from] ability: Snow Warning|[of] p2a: Froslass\n|move|p1a: Hydreigon|Protect|p1a: Hydreigon\n|-singleturn|p1a: Hydreigon|Protect\n|move|p2b: Incineroar|Fake Out|p1a: Hydreigon\n|-activate|p1a: Hydreigon|move: Protect\n|move|p2a: Froslass|Nasty Plot|p2a: Froslass\n|-boost|p2a: Froslass|spa|2\n|move|p1b: Rotom|Light Screen|p1b: Rotom\n|-sidestart|p1: itsjustsomni|move: Light Screen\n|\n|-weather|Snowscape|[upkeep]\n|upkeep\n|turn|2\n|inactive|itsjustsomni has 30 seconds left.\n|\n|t:|1776382196\n|move|p2a: Froslass|Blizzard|p1a: Hydreigon|[spread] p1a,p1b\n|-supereffective|p1a: Hydreigon|1\n|-resisted|p1b: Rotom|1\n|-enditem|p1a: Hydreigon|Focus Sash\n|-damage|p1a: Hydreigon|1/100\n|-damage|p1b: Rotom|59/100\n|move|p1a: Hydreigon|Dark Pulse|p2a: Froslass\n|-supereffective|p2a: Froslass|1\n|-damage|p2a: Froslass|0 fnt\n|faint|p2a: Froslass\n|move|p1b: Rotom|Hydro Pump|p2b: Incineroar\n|-supereffective|p2b: Incineroar|1\n|-damage|p2b: Incineroar|0 fnt\n|faint|p2b: Incineroar\n|\n|-weather|Snowscape|[upkeep]\n|upkeep\n|\n|t:|1776382209\n|switch|p2a: Garchomp|Garchomp, L50, F, shiny|100/100\n|switch|p2b: Orthworm|Orthworm, L50, F, shiny|100/100\n|turn|3\n|\n|t:|1776382224\n|move|p2a: Garchomp|Rock Slide|p1b: Rotom|[spread] p1a,p1b\n|-damage|p1a: Hydreigon|0 fnt\n|-damage|p1b: Rotom|33/100\n|faint|p1a: Hydreigon\n|move|p1b: Rotom|Thunderbolt|p2b: Orthworm\n|-damage|p2b: Orthworm|29/100\n|-enditem|p2b: Orthworm|Sitrus Berry|[eat]\n|-heal|p2b: Orthworm|54/100|[from] item: Sitrus Berry\n|move|p2b: Orthworm|Body Press|p1b: Rotom\n|-damage|p1b: Rotom|0 fnt\n|faint|p1b: Rotom\n|\n|-weather|Snowscape|[upkeep]\n|upkeep\n|\n|t:|1776382240\n|switch|p1a: Aggron|Aggron, L50, F|100/100\n|switch|p1b: Sinistcha|Sinistcha, L50|100/100\n|turn|4\n|\n|t:|1776382255\n|detailschange|p1a: Aggron|Aggron-Mega, L50, F\n|-mega|p1a: Aggron|Aggron|Aggronite\n|move|p2a: Garchomp|Earthquake|p1a: Aggron|[spread] p1a,p1b\n|-heal|p2b: Orthworm|79/100|[from] ability: Earth Eater|[of] p2a: Garchomp\n|-supereffective|p1a: Aggron|1\n|-resisted|p1b: Sinistcha|1\n|-damage|p1a: Aggron|70/100\n|-damage|p1b: Sinistcha|84/100\n|move|p2b: Orthworm|Heavy Slam|p1b: Sinistcha\n|-damage|p1b: Sinistcha|56/100\n|move|p1a: Aggron|Iron Defense|p1a: Aggron\n|-boost|p1a: Aggron|def|2\n|move|p1b: Sinistcha|Trick Room|p1b: Sinistcha\n|-fieldstart|move: Trick Room|[of] p1b: Sinistcha\n|\n|-weather|Snowscape|[upkeep]\n|-heal|p1b: Sinistcha|62/100|[from] item: Leftovers\n|upkeep\n|turn|5\n|\n|t:|1776382275\n|move|p1a: Aggron|Iron Defense|p1a: Aggron\n|-boost|p1a: Aggron|def|2\n|move|p2b: Orthworm|Body Press|p1a: Aggron\n|-supereffective|p1a: Aggron|1\n|-damage|p1a: Aggron|61/100\n|move|p1b: Sinistcha|Life Dew|p1b: Sinistcha|[spread] p1a,p1b\n|-heal|p1a: Aggron|86/100\n|-heal|p1b: Sinistcha|87/100\n|move|p2a: Garchomp|Earthquake|p1b: Sinistcha|[spread] p1a,p1b\n|-heal|p2b: Orthworm|100/100|[from] ability: Earth Eater|[of] p2a: Garchomp\n|-supereffective|p1a: Aggron|1\n|-resisted|p1b: Sinistcha|1\n|-damage|p1a: Aggron|76/100\n|-damage|p1b: Sinistcha|71/100\n|\n|-weather|none\n|-heal|p1b: Sinistcha|77/100|[from] item: Leftovers\n|-sideend|p1: itsjustsomni|move: Light Screen\n|upkeep\n|turn|6\n|-message|Jhinsoul forfeited.\n|\n|win|itsjustsomni\n|raw|itsjustsomni's rating: 1106 &rarr; <strong>1130</strong><br />(+24 for winning)\n|raw|Jhinsoul's rating: 1091 &rarr; <strong>1068</strong><br />(-23 for losing)\n|l|\u2606Jhinsoul\n|player|p2|\n",
  "uploadtime": 1776382294,
  "views": 14,
  "formatid": "gen9championsvgc2026regma",
  "rating": 1068,
  "private": 0,
  "password": null
}