{
  "id": "gen9championsvgc2026regma-2585393429",
  "format": "[Gen 9 Champions] VGC 2026 Reg M-A",
  "players": [
    "Pokecomic",
    "miredsvgc"
  ],
  "log": "|j|\u2606Pokecomic\n|j|\u2606miredsvgc\n|t:|1776343987\n|gametype|doubles\n|player|p1|Pokecomic|101|1290\n|player|p2|miredsvgc|1|1322\n|gen|9\n|tier|[Gen 9 Champions] VGC 2026 Reg M-A\n|rated|\n|rule|Species Clause: Limit one of each Pok\u00e9mon\n|rule|Item Clause: Limit 1 of each item\n|clearpoke\n|poke|p1|Espathra, L50, M|\n|poke|p1|Charizard, L50, F|\n|poke|p1|Sinistcha, L50|\n|poke|p1|Primarina, L50, M|\n|poke|p1|Kommo-o, L50, M|\n|poke|p1|Kingambit, L50, M|\n|poke|p2|Sneasler, L50, M|\n|poke|p2|Kingambit, L50, F|\n|poke|p2|Garchomp, L50, M|\n|poke|p2|Basculegion, L50, M|\n|poke|p2|Floette-Eternal, L50, F|\n|poke|p2|Froslass, L50, F|\n|teampreview|4\n|inactive|Battle timer is ON: inactive players will automatically lose when time's up. (requested by Pokecomic)\n|inactive|Pokecomic has 60 seconds left.\n|inactive|miredsvgc has 60 seconds left.\n|inactive|miredsvgc has 30 seconds left.\n|inactive|miredsvgc has 20 seconds left.\n|inactive|miredsvgc has 15 seconds left.\n|inactive|miredsvgc has 10 seconds left.\n|\n|t:|1776344082\n|teamsize|p1|4\n|teamsize|p2|4\n|start\n|switch|p1a: Espathra|Espathra, L50, M|100/100\n|switch|p1b: Kingambit|Kingambit, L50, M|100/100\n|switch|p2a: Garchomp|Garchomp, L50, M|100/100\n|switch|p2b: Floette|Floette-Eternal, L50, F|100/100\n|turn|1\n|\n|t:|1776344100\n|switch|p1b: Charizard|Charizard, L50, F|100/100\n|detailschange|p2b: Floette|Floette-Mega, L50, F\n|-mega|p2b: Floette|Floette|Floettite\n|-ability|p2b: Floette|Fairy Aura\n|move|p1a: Espathra|Protect|p1a: Espathra\n|-singleturn|p1a: Espathra|Protect\n|move|p2b: Floette|Protect|p2b: Floette\n|-singleturn|p2b: Floette|Protect\n|move|p2a: Garchomp|Earthquake|p1a: Espathra|[spread] \n|-activate|p2b: Floette|move: Protect\n|-activate|p1a: Espathra|move: Protect\n|-immune|p1b: Charizard\n|\n|-ability|p1a: Espathra|Speed Boost|boost\n|-boost|p1a: Espathra|spe|1\n|upkeep\n|turn|2\n|inactive|Pokecomic has 30 seconds left.\n|inactive|Pokecomic has 20 seconds left.\n|\n|t:|1776344136\n|detailschange|p1b: Charizard|Charizard-Mega-X, L50, F\n|-mega|p1b: Charizard|Charizard|Charizardite X\n|move|p1a: Espathra|Lumina Crash|p2b: Floette\n|-damage|p2b: Floette|72/100\n|-unboost|p2b: Floette|spd|2\n|move|p1b: Charizard|Dragon Claw|p2a: Garchomp\n|-supereffective|p2a: Garchomp|1\n|-enditem|p2a: Garchomp|Haban Berry|[eat]\n|-enditem|p2a: Garchomp|Haban Berry|[weaken]\n|-damage|p2a: Garchomp|56/100\n|-damage|p1b: Charizard|88/100|[from] ability: Rough Skin|[of] p2a: Garchomp\n|move|p2b: Floette|Moonblast|p1a: Espathra\n|-enditem|p1a: Espathra|Focus Sash\n|-damage|p1a: Espathra|1/100\n|move|p2a: Garchomp|Rock Slide|p1b: Charizard|[spread] p1a,p1b\n|-supereffective|p1b: Charizard|1\n|-damage|p1a: Espathra|0 fnt\n|-damage|p1b: Charizard|47/100\n|faint|p1a: Espathra\n|\n|upkeep\n|\n|t:|1776344157\n|switch|p1a: Kommo-o|Kommo-o, L50, M|100/100\n|turn|3\n|inactive|miredsvgc has 30 seconds left.\n|\n|t:|1776344185\n|move|p1b: Charizard|Flare Blitz|p2b: Floette\n|-damage|p2b: Floette|0 fnt\n|faint|p2b: Floette\n|-damage|p1b: Charizard|22/100|[from] Recoil\n|move|p2a: Garchomp|Dragon Claw|p1a: Kommo-o\n|-supereffective|p1a: Kommo-o|1\n|-damage|p1a: Kommo-o|24/100\n|move|p1a: Kommo-o|Clangorous Soul||[still]\n|-fail|p1a: Kommo-o\n|\n|-heal|p1a: Kommo-o|30/100|[from] item: Leftovers\n|upkeep\n|\n|t:|1776344201\n|switch|p2b: Basculegion|Basculegion, L50, M|100/100\n|turn|4\n|\n|t:|1776344224\n|switch|p1a: Kingambit|Kingambit, L50, M|100/100\n|move|p1b: Charizard|Protect|p1b: Charizard\n|-singleturn|p1b: Charizard|Protect\n|move|p2b: Basculegion|Aqua Jet|p1b: Charizard\n|-activate|p1b: Charizard|move: Protect\n|move|p2a: Garchomp|Dragon Claw|p1a: Kingambit\n|-resisted|p1a: Kingambit|1\n|-damage|p1a: Kingambit|86/100\n|\n|upkeep\n|turn|5\n|inactive|miredsvgc has 30 seconds left.\n|\n|t:|1776344251\n|move|p2b: Basculegion|Protect|p2b: Basculegion\n|-singleturn|p2b: Basculegion|Protect\n|move|p1a: Kingambit|Sucker Punch||[still]\n|-fail|p1a: Kingambit\n|move|p1b: Charizard|Dragon Claw|p2a: Garchomp\n|-supereffective|p2a: Garchomp|1\n|-crit|p2a: Garchomp\n|-damage|p2a: Garchomp|0 fnt\n|-damage|p1b: Charizard|10/100|[from] ability: Rough Skin|[of] p2a: Garchomp\n|faint|p2a: Garchomp\n|\n|upkeep\n|\n|t:|1776344257\n|switch|p2a: Kingambit|Kingambit, L50, F|100/100\n|turn|6\n|\n|t:|1776344268\n|move|p1b: Charizard|Protect|p1b: Charizard\n|-singleturn|p1b: Charizard|Protect\n|move|p2b: Basculegion|Aqua Jet|p1b: Charizard\n|-activate|p1b: Charizard|move: Protect\n|move|p1a: Kingambit|Sucker Punch||[still]\n|-fail|p1a: Kingambit\n|move|p2a: Kingambit|Low Kick|p1a: Kingambit\n|-supereffective|p1a: Kingambit|2\n|-enditem|p1a: Kingambit|Chople Berry|[eat]\n|-enditem|p1a: Kingambit|Chople Berry|[weaken]\n|-damage|p1a: Kingambit|30/100\n|\n|upkeep\n|turn|7\n|\n|t:|1776344285\n|switch|p1b: Kommo-o|Kommo-o, L50, M|30/100\n|move|p2b: Basculegion|Aqua Jet|p1b: Kommo-o\n|-resisted|p1b: Kommo-o|1\n|-damage|p1b: Kommo-o|16/100\n|move|p2a: Kingambit|Low Kick|p1a: Kingambit\n|-supereffective|p1a: Kingambit|2\n|-damage|p1a: Kingambit|0 fnt\n|faint|p1a: Kingambit\n|\n|-heal|p1b: Kommo-o|22/100|[from] item: Leftovers\n|upkeep\n|\n|t:|1776344295\n|switch|p1a: Charizard|Charizard-Mega-X, L50, F|10/100\n|turn|8\n|\n|t:|1776344307\n|move|p1a: Charizard|Protect|p1a: Charizard\n|-singleturn|p1a: Charizard|Protect\n|move|p2a: Kingambit|Sucker Punch||[still]\n|-fail|p2a: Kingambit\n|move|p1b: Kommo-o|Clanging Scales|p2a: Kingambit|[spread] p2a,p2b\n|-resisted|p2a: Kingambit|1\n|-damage|p2a: Kingambit|80/100\n|-damage|p2b: Basculegion|57/100\n|-unboost|p1b: Kommo-o|def|1\n|move|p2b: Basculegion|Last Respects|p1b: Kommo-o\n|-damage|p1b: Kommo-o|0 fnt\n|faint|p1b: Kommo-o\n|\n|upkeep\n|turn|9\n|\n|t:|1776344320\n|move|p2b: Basculegion|Aqua Jet|p1a: Charizard\n|-damage|p1a: Charizard|0 fnt\n|faint|p1a: Charizard\n|\n|win|miredsvgc\n|raw|Pokecomic's rating: 1290 &rarr; <strong>1267</strong><br />(-23 for losing)\n|raw|miredsvgc's rating: 1322 &rarr; <strong>1340</strong><br />(+18 for winning)\n|l|\u2606Pokecomic\n|player|p1|\n",
  "uploadtime": 1776344326,
  "views": 41,
  "formatid": "gen9championsvgc2026regma",
  "rating": 1267,
  "private": 0,
  "password": null
}