{
  "id": "gen9championsvgc2026regma-2589444826",
  "format": "[Gen 9 Champions] VGC 2026 Reg M-A",
  "players": [
    "Arcatron",
    "Ammo78"
  ],
  "log": "|j|\u2606Arcatron\n|j|\u2606Ammo78\n|t:|1776723531\n|gametype|doubles\n|player|p1|Arcatron|chili|1177\n|player|p2|Ammo78|morty|1082\n|gen|9\n|tier|[Gen 9 Champions] VGC 2026 Reg M-A\n|rated|\n|rule|Species Clause: Limit one of each Pok\u00e9mon\n|rule|Item Clause: Limit 1 of each item\n|clearpoke\n|poke|p1|Meowstic, L50, M|\n|poke|p1|Talonflame, L50, M|\n|poke|p1|Sneasler, L50, F|\n|poke|p1|Banette, L50, M|\n|poke|p1|Weavile, L50, F|\n|poke|p1|Torkoal, L50, M|\n|poke|p2|Decidueye, L50, M|\n|poke|p2|Feraligatr, L50, F|\n|poke|p2|Incineroar, L50, F|\n|poke|p2|Hatterene, L50, F|\n|poke|p2|Ampharos, L50, M|\n|poke|p2|Aegislash, L50, F|\n|teampreview|4\n|\n|t:|1776723553\n|teamsize|p1|4\n|teamsize|p2|4\n|start\n|switch|p1a: Meowstic|Meowstic, L50, M|100/100\n|switch|p1b: Talonflame|Talonflame, L50, M|100/100\n|switch|p2a: Incineroar|Incineroar, L50, F|100/100\n|switch|p2b: Hatterene|Hatterene, L50, F|100/100\n|-ability|p2a: Incineroar|Intimidate|boost\n|-unboost|p1a: Meowstic|atk|1\n|-unboost|p1b: Talonflame|atk|1\n|turn|1\n|\n|t:|1776723570\n|move|p2a: Incineroar|Fake Out|p1b: Talonflame\n|-damage|p1b: Talonflame|83/100\n|move|p1a: Meowstic|Psychic Terrain|p1a: Meowstic\n|-fieldstart|move: Psychic Terrain\n|cant|p1b: Talonflame|flinch\n|move|p2b: Hatterene|Trick Room|p2b: Hatterene\n|-fieldstart|move: Trick Room|[of] p2b: Hatterene\n|\n|upkeep\n|turn|2\n|inactive|Battle timer is ON: inactive players will automatically lose when time's up. (requested by Arcatron)\n|\n|t:|1776723606\n|switch|p2b: Ampharos|Ampharos, L50, M|100/100\n|switch|p1b: Torkoal|Torkoal, L50, M|100/100\n|-weather|SunnyDay|[from] ability: Drought|[of] p1b: Torkoal\n|detailschange|p1a: Meowstic|Meowstic-M-Mega, L50, M\n|-mega|p1a: Meowstic|Meowstic|Meowsticite\n|-ability|p1a: Meowstic|Intimidate|Trace|[from] ability: Trace|[of] p2a: Incineroar\n|-ability|p1a: Meowstic|Intimidate|boost\n|-unboost|p2a: Incineroar|atk|1\n|-unboost|p2b: Ampharos|atk|1\n|move|p1a: Meowstic|Protect|p1a: Meowstic\n|-singleturn|p1a: Meowstic|Protect\n|move|p2a: Incineroar|Parting Shot|p1a: Meowstic\n|-activate|p1a: Meowstic|move: Protect\n|\n|-weather|SunnyDay|[upkeep]\n|upkeep\n|turn|3\n|inactive|Ammo78 has 30 seconds left.\n|inactive|Ammo78 has 20 seconds left.\n|\n|t:|1776723645\n|detailschange|p2b: Ampharos|Ampharos-Mega, L50, M\n|-mega|p2b: Ampharos|Ampharos|Ampharosite\n|-ability|p2b: Ampharos|Mold Breaker\n|move|p1b: Torkoal|Eruption|p2a: Incineroar|[spread] p2a,p2b\n|-resisted|p2a: Incineroar|1\n|-resisted|p2b: Ampharos|1\n|-damage|p2a: Incineroar|63/100\n|-damage|p2b: Ampharos|66/100\n|move|p2b: Ampharos|Power Gem|p1b: Torkoal\n|-supereffective|p1b: Torkoal|1\n|-damage|p1b: Torkoal|3/100\n|move|p2a: Incineroar|Parting Shot|p1a: Meowstic\n|-unboost|p1a: Meowstic|atk|1\n|-unboost|p1a: Meowstic|spa|1\n|\n|t:|1776723659\n|switch|p2a: Aegislash|Aegislash, L50, F|100/100|[from] Parting Shot\n|move|p1a: Meowstic|Expanding Force|p2b: Ampharos|[spread] p2a,p2b\n|-resisted|p2a: Aegislash|1\n|-damage|p2a: Aegislash|81/100\n|-damage|p2b: Ampharos|27/100\n|\n|-weather|SunnyDay|[upkeep]\n|upkeep\n|turn|4\n|\n|t:|1776723679\n|move|p1a: Meowstic|Protect|p1a: Meowstic\n|-singleturn|p1a: Meowstic|Protect\n|move|p1b: Torkoal|Eruption|p2a: Aegislash|[spread] p2a,p2b\n|-supereffective|p2a: Aegislash|1\n|-resisted|p2b: Ampharos|1\n|-damage|p2a: Aegislash|77/100\n|-damage|p2b: Ampharos|26/100\n|move|p2b: Ampharos|Power Gem|p1b: Torkoal\n|-supereffective|p1b: Torkoal|1\n|-damage|p1b: Torkoal|0 fnt\n|faint|p1b: Torkoal\n|-formechange|p2a: Aegislash|Aegislash-Blade|\n|move|p2a: Aegislash|Shadow Ball|p1a: Meowstic\n|-activate|p1a: Meowstic|move: Protect\n|\n|-weather|SunnyDay|[upkeep]\n|upkeep\n|\n|t:|1776723698\n|switch|p1b: Talonflame|Talonflame, L50, M|83/100\n|turn|5\n|\n|t:|1776723713\n|switch|p2b: Hatterene|Hatterene, L50, F|100/100\n|switch|p2a: Incineroar|Incineroar, L50, F|63/100\n|-ability|p2a: Incineroar|Intimidate|boost\n|-unboost|p1a: Meowstic|atk|1\n|-unboost|p1b: Talonflame|atk|1\n|switch|p1a: Weavile|Weavile, L50, F|100/100\n|-ability|p1a: Weavile|Pressure\n|move|p1b: Talonflame|Protect||[still]\n|-fail|p1b: Talonflame\n|\n|-weather|SunnyDay|[upkeep]\n|-fieldend|move: Trick Room\n|-fieldend|move: Psychic Terrain\n|upkeep\n|turn|6\n|inactive|Arcatron has 30 seconds left.\n|inactive|Ammo78 has 30 seconds left.\n|\n|t:|1776723748\n|move|p2a: Incineroar|Fake Out|p1b: Talonflame\n|-damage|p1b: Talonflame|67/100\n|move|p1a: Weavile|Icicle Crash|p2b: Hatterene\n|-damage|p2b: Hatterene|57/100\n|cant|p1b: Talonflame|flinch\n|cant|p2b: Hatterene|flinch\n|\n|-weather|none\n|-heal|p2b: Hatterene|63/100|[from] item: Leftovers\n|upkeep\n|turn|7\n|\n|t:|1776723770\n|move|p2b: Hatterene|Protect|p2b: Hatterene\n|-singleturn|p2b: Hatterene|Protect\n|move|p1a: Weavile|Icicle Crash|p2b: Hatterene\n|-activate|p2b: Hatterene|move: Protect\n|move|p1b: Talonflame|Temper Flare|p2b: Hatterene\n|-activate|p2b: Hatterene|move: Protect\n|move|p2a: Incineroar|Flare Blitz|p1a: Weavile\n|-supereffective|p1a: Weavile|1\n|-damage|p1a: Weavile|0 fnt\n|faint|p1a: Weavile\n|-damage|p2a: Incineroar|35/100|[from] Recoil\n|-enditem|p2a: Incineroar|Sitrus Berry|[eat]\n|-heal|p2a: Incineroar|60/100|[from] item: Sitrus Berry\n|\n|-heal|p2b: Hatterene|69/100|[from] item: Leftovers\n|upkeep\n|\n|t:|1776723781\n|switch|p1a: Meowstic|Meowstic-M-Mega, L50, M|100/100\n|-ability|p1a: Meowstic|Intimidate|Trace|[from] ability: Trace|[of] p2a: Incineroar\n|-ability|p1a: Meowstic|Intimidate|boost\n|-unboost|p2a: Incineroar|atk|1\n|-unboost|p2b: Hatterene|atk|1\n|turn|8\n|inactive|Ammo78 has 30 seconds left.\n|-activate|p1b: Talonflame|item: Quick Claw\n|\n|t:|1776723814\n|switch|p2b: Aegislash|Aegislash, L50, F|77/100\n|move|p1b: Talonflame|Temper Flare|p2b: Aegislash\n|-supereffective|p2b: Aegislash|1\n|-damage|p2b: Aegislash|47/100\n|move|p1a: Meowstic|Alluring Voice|p2b: Aegislash\n|-resisted|p2b: Aegislash|1\n|-damage|p2b: Aegislash|35/100\n|move|p2a: Incineroar|Parting Shot|p1b: Talonflame\n|-unboost|p1b: Talonflame|atk|1\n|-unboost|p1b: Talonflame|spa|1\n|\n|t:|1776723828\n|switch|p2a: Ampharos|Ampharos-Mega, L50, M|26/100|[from] Parting Shot\n|-ability|p2a: Ampharos|Mold Breaker\n|\n|upkeep\n|turn|9\n|\n|t:|1776723839\n|move|p1a: Meowstic|Protect|p1a: Meowstic\n|-singleturn|p1a: Meowstic|Protect\n|move|p1b: Talonflame|Tailwind|p1b: Talonflame\n|-sidestart|p1: Arcatron|move: Tailwind\n|-formechange|p2b: Aegislash|Aegislash-Blade|\n|move|p2b: Aegislash|Shadow Ball|p1a: Meowstic\n|-activate|p1a: Meowstic|move: Protect\n|move|p2a: Ampharos|Thunderbolt|p1b: Talonflame\n|-supereffective|p1b: Talonflame|1\n|-damage|p1b: Talonflame|0 fnt\n|faint|p1b: Talonflame\n|\n|upkeep\n|turn|10\n|inactive|Ammo78 has 30 seconds left.\n|\n|t:|1776723866\n|switch|p2a: Incineroar|Incineroar, L50, F|60/100\n|-ability|p2a: Incineroar|Intimidate|boost\n|-unboost|p1a: Meowstic|atk|1\n|-formechange|p2b: Aegislash|Aegislash|\n|move|p2b: Aegislash|King's Shield|p2b: Aegislash\n|-singleturn|p2b: Aegislash|Protect\n|move|p1a: Meowstic|Expanding Force|p2b: Aegislash\n|-activate|p2b: Aegislash|move: Protect\n|\n|upkeep\n|turn|11\n|\n|t:|1776723886\n|move|p1a: Meowstic|Alluring Voice|p2a: Incineroar\n|-damage|p2a: Incineroar|37/100\n|move|p2a: Incineroar|Flare Blitz|p1a: Meowstic\n|-damage|p1a: Meowstic|28/100\n|-damage|p2a: Incineroar|16/100|[from] Recoil\n|-formechange|p2b: Aegislash|Aegislash-Blade|\n|move|p2b: Aegislash|Shadow Ball|p1a: Meowstic\n|-supereffective|p1a: Meowstic|1\n|-damage|p1a: Meowstic|0 fnt\n|faint|p1a: Meowstic\n|\n|win|Ammo78\n|raw|Arcatron's rating: 1177 &rarr; <strong>1145</strong><br />(-32 for losing)\n|raw|Ammo78's rating: 1082 &rarr; <strong>1117</strong><br />(+35 for winning)\n|l|\u2606Arcatron\n|player|p1|\n",
  "uploadtime": 1776723939,
  "views": 3,
  "formatid": "gen9championsvgc2026regma",
  "rating": 1117,
  "private": 0,
  "password": null
}