{
  "id": "gen9championsvgc2026regma-2582594698",
  "format": "[Gen 9 Champions] VGC 2026 Reg M-A",
  "players": [
    "TheFrostyKnight",
    "Willish6634"
  ],
  "log": "|j|\u2606TheFrostyKnight\n|j|\u2606Willish6634\n|t:|1776101527\n|gametype|doubles\n|player|p1|TheFrostyKnight|170|1100\n|player|p2|Willish6634|cyrus|1000\n|gen|9\n|tier|[Gen 9 Champions] VGC 2026 Reg M-A\n|rated|\n|rule|Species Clause: Limit one of each Pok\u00e9mon\n|rule|Item Clause: Limit 1 of each item\n|clearpoke\n|poke|p1|Sneasler, L50, M|\n|poke|p1|Krookodile, L50, M|\n|poke|p1|Aegislash, L50, F|\n|poke|p1|Gardevoir, L50, F|\n|poke|p1|Tauros-Paldea-Aqua, L50, M|\n|poke|p1|Aerodactyl, L50, M|\n|poke|p2|Froslass, L50, F|\n|poke|p2|Orthworm, L50, M|\n|poke|p2|Incineroar, L50, F|\n|poke|p2|Rotom-Wash, L50|\n|poke|p2|Aerodactyl, L50, M|\n|poke|p2|Floette-Eternal, L50, F|\n|teampreview|4\nWillish6634 rejected open team sheets.\n|inactive|Battle timer is ON: inactive players will automatically lose when time's up. (requested by Willish6634)\n|\n|t:|1776101581\n|teamsize|p1|4\n|teamsize|p2|4\n|start\n|switch|p1a: Sneasler|Sneasler, L50, M|100/100\n|switch|p1b: Aegislash|Aegislash, L50, F|100/100\n|switch|p2a: Aerodactyl|Aerodactyl, L50, M|100/100\n|switch|p2b: Orthworm|Orthworm, L50, M|100/100\n|-ability|p2a: Aerodactyl|Unnerve\n|turn|1\n|inactive|TheFrostyKnight has 30 seconds left.\n|\n|t:|1776101613\n|move|p2a: Aerodactyl|Protect|p2a: Aerodactyl\n|-singleturn|p2a: Aerodactyl|Protect\n|move|p2b: Orthworm|Protect|p2b: Orthworm\n|-singleturn|p2b: Orthworm|Protect\n|move|p1b: Aegislash|Wide Guard|p1b: Aegislash\n|-singleturn|p1b: Aegislash|Wide Guard\n|move|p1a: Sneasler|Close Combat|p2b: Orthworm\n|-activate|p2b: Orthworm|move: Protect\n|\n|upkeep\n|turn|2\n|\n|t:|1776101633\n|move|p2a: Aerodactyl|Dual Wingbeat|p1a: Sneasler|[miss]\n|-miss|p2a: Aerodactyl|p1a: Sneasler\n|move|p1a: Sneasler|Fling|p2b: Orthworm\n|-damage|p2b: Orthworm|91/100\n|-enditem|p1a: Sneasler|King's Rock|[from] move: Fling\n|cant|p2b: Orthworm|flinch\n|-formechange|p1b: Aegislash|Aegislash-Blade|\n|move|p1b: Aegislash|Flash Cannon|p2a: Aerodactyl\n|-supereffective|p2a: Aerodactyl|1\n|-enditem|p2a: Aerodactyl|Focus Sash\n|-damage|p2a: Aerodactyl|1/100\n|\n|upkeep\n|turn|3\n|\n|t:|1776101656\n|move|p1b: Aegislash|Wide Guard|p1b: Aegislash\n|-singleturn|p1b: Aegislash|Wide Guard\n|move|p1a: Sneasler|Dire Claw|p2a: Aerodactyl\n|-resisted|p2a: Aerodactyl|1\n|-crit|p2a: Aerodactyl\n|-damage|p2a: Aerodactyl|0 fnt\n|faint|p2a: Aerodactyl\n|move|p2b: Orthworm|Iron Head|p1a: Sneasler\n|-crit|p1a: Sneasler\n|-damage|p1a: Sneasler|41/100\n|\n|upkeep\n|\n|t:|1776101663\n|switch|p2a: Incineroar|Incineroar, L50, F|100/100\n|-ability|p2a: Incineroar|Intimidate|boost\n|-unboost|p1a: Sneasler|atk|1\n|-unboost|p1b: Aegislash|atk|1\n|turn|4\n|\n|t:|1776101672\n|-formechange|p1b: Aegislash|Aegislash|\n|move|p1b: Aegislash|King's Shield|p1b: Aegislash\n|-singleturn|p1b: Aegislash|Protect\n|move|p2a: Incineroar|Fake Out|p1a: Sneasler\n|-damage|p1a: Sneasler|21/100\n|cant|p1a: Sneasler|flinch\n|move|p2b: Orthworm|Shed Tail|p2b: Orthworm\n|-start|p2b: Orthworm|Substitute|[from] move: Shed Tail\n|-damage|p2b: Orthworm|41/100\n|-enditem|p2b: Orthworm|Sitrus Berry|[eat]\n|-heal|p2b: Orthworm|65/100|[from] item: Sitrus Berry\n|\n|t:|1776101683\n|switch|p2b: Froslass|Froslass, L50, F|100/100|[from] Shed Tail\n|\n|upkeep\n|turn|5\n|inactive|Willish6634 has 30 seconds left.\n|\n|t:|1776101713\n|switch|p2a: Orthworm|Orthworm, L50, M|65/100\n|detailschange|p2b: Froslass|Froslass-Mega, L50, F\n|-mega|p2b: Froslass|Froslass|Froslassite\n|-weather|Snowscape|[from] ability: Snow Warning|[of] p2b: Froslass\n|move|p1a: Sneasler|Close Combat|p2a: Orthworm\n|-supereffective|p2a: Orthworm|1\n|-damage|p2a: Orthworm|0 fnt\n|-unboost|p1a: Sneasler|def|1\n|-unboost|p1a: Sneasler|spd|1\n|faint|p2a: Orthworm\n|move|p2b: Froslass|Blizzard|p1b: Aegislash|[spread] p1a,p1b\n|-resisted|p1b: Aegislash|1\n|-damage|p1a: Sneasler|0 fnt\n|-damage|p1b: Aegislash|84/100\n|faint|p1a: Sneasler\n|-formechange|p1b: Aegislash|Aegislash-Blade|\n|move|p1b: Aegislash|Shadow Ball|p2b: Froslass\n|-supereffective|p2b: Froslass|1\n|-end|p2b: Froslass|Substitute\n|\n|-weather|Snowscape|[upkeep]\n|-heal|p1b: Aegislash|90/100|[from] item: Leftovers\n|upkeep\n|\n|t:|1776101735\n|switch|p1a: Krookodile|Krookodile, L50, M|100/100\n|switch|p2a: Incineroar|Incineroar, L50, F|100/100\n|-ability|p1a: Krookodile|Intimidate|boost\n|-unboost|p2a: Incineroar|atk|1\n|-unboost|p2b: Froslass|atk|1\n|-ability|p2a: Incineroar|Intimidate|boost\n|-unboost|p1a: Krookodile|atk|1\n|-unboost|p1b: Aegislash|atk|1\n|turn|6\n|\n|t:|1776101749\n|move|p1b: Aegislash|Wide Guard|p1b: Aegislash\n|-singleturn|p1b: Aegislash|Wide Guard\n|move|p2a: Incineroar|Fake Out|p1a: Krookodile\n|-damage|p1a: Krookodile|91/100\n|move|p2b: Froslass|Shadow Ball|p1b: Aegislash\n|-supereffective|p1b: Aegislash|1\n|-damage|p1b: Aegislash|0 fnt\n|faint|p1b: Aegislash\n|cant|p1a: Krookodile|flinch\n|\n|-weather|Snowscape|[upkeep]\n|upkeep\n|\n|t:|1776101757\n|switch|p1b: Gardevoir|Gardevoir, L50, F, shiny|100/100\n|-ability|p1b: Gardevoir|Snow Warning|Trace|[from] ability: Trace|[of] p2b: Froslass\n|turn|7\n|inactive|Willish6634 has 30 seconds left.\n|\n|t:|1776101785\n|detailschange|p1b: Gardevoir|Gardevoir-Mega, L50, F, shiny\n|-mega|p1b: Gardevoir|Gardevoir|Gardevoirite\n|move|p2b: Froslass|Protect|p2b: Froslass\n|-singleturn|p2b: Froslass|Protect\n|move|p1b: Gardevoir|Protect|p1b: Gardevoir\n|-singleturn|p1b: Gardevoir|Protect\n|move|p1a: Krookodile|Crunch|p2b: Froslass\n|-activate|p2b: Froslass|move: Protect\n|move|p2a: Incineroar|Flare Blitz|p1a: Krookodile\n|-damage|p1a: Krookodile|46/100\n|-damage|p2a: Incineroar|88/100|[from] Recoil\n|\n|-weather|Snowscape|[upkeep]\n|upkeep\n|turn|8\n|\n|t:|1776101806\n|move|p2b: Froslass|Blizzard|p1a: Krookodile|[spread] p1a,p1b\n|-supereffective|p1a: Krookodile|1\n|-damage|p1a: Krookodile|0 fnt\n|-damage|p1b: Gardevoir|58/100\n|faint|p1a: Krookodile\n|move|p1b: Gardevoir|Hyper Voice|p2a: Incineroar|[spread] p2a,p2b\n|-damage|p2a: Incineroar|49/100\n|-damage|p2b: Froslass|39/100\n|move|p2a: Incineroar|Darkest Lariat|p1b: Gardevoir\n|-damage|p1b: Gardevoir|18/100\n|\n|-weather|Snowscape|[upkeep]\n|upkeep\n|turn|9\n|\n|t:|1776101812\n|move|p2b: Froslass|Shadow Ball|p1b: Gardevoir\n|-supereffective|p1b: Gardevoir|1\n|-damage|p1b: Gardevoir|0 fnt\n|faint|p1b: Gardevoir\n|\n|win|Willish6634\n|raw|TheFrostyKnight's rating: 1100 &rarr; <strong>1068</strong><br />(-32 for losing)\n|raw|Willish6634's rating: 1000 &rarr; <strong>1051</strong><br />(+51 for winning)\n|l|\u2606TheFrostyKnight\n|player|p1|\n|l|\u2606Willish6634\n|player|p2|\n|j|\u2606Willish6634\n|player|p2|Willish6634|cyrus|\n",
  "uploadtime": 1776102068,
  "views": 16,
  "formatid": "gen9championsvgc2026regma",
  "rating": 1051,
  "private": 0,
  "password": null
}