{
  "id": "gen9championsvgc2026regma-2588556898",
  "format": "[Gen 9 Champions] VGC 2026 Reg M-A",
  "players": [
    "sirae",
    "lksmbs"
  ],
  "log": "|j|\u2606sirae\n|j|\u2606lksmbs\n|t:|1776644698\n|gametype|doubles\n|player|p1|sirae|caitlin|1086\n|player|p2|lksmbs|101|1023\n|gen|9\n|tier|[Gen 9 Champions] VGC 2026 Reg M-A\n|rated|\n|rule|Species Clause: Limit one of each Pok\u00e9mon\n|rule|Item Clause: Limit 1 of each item\n|clearpoke\n|poke|p1|Feraligatr, L50, F|\n|poke|p1|Farigiraf, L50, F|\n|poke|p1|Aegislash, L50, F|\n|poke|p1|Incineroar, L50, F|\n|poke|p1|Toxicroak, L50, F|\n|poke|p1|Sylveon, L50, F|\n|poke|p2|Crabominable, L50, M, shiny|\n|poke|p2|Farigiraf, L50, M|\n|poke|p2|Torkoal, L50, M|\n|poke|p2|Sneasler, L50, M|\n|poke|p2|Sinistcha, L50|\n|poke|p2|Ninetales-Alola, L50, M|\n|teampreview|4\n|inactive|Battle timer is ON: inactive players will automatically lose when time's up. (requested by sirae)\n|l|\u2606lksmbs\n|inactive|lksmbs disconnected and has a minute to reconnect!\n|player|p2|\n|j|\u2606lksmbs\n|inactive|lksmbs reconnected and has 75 seconds left.\n|player|p2|lksmbs|101|\n|\n|t:|1776644728\n|teamsize|p1|4\n|teamsize|p2|4\n|start\n|switch|p1a: Feraligatr|Feraligatr, L50, F|100/100\n|switch|p1b: Incineroar|Incineroar, L50, F|100/100\n|switch|p2a: Farigiraf|Farigiraf, L50, M|100/100\n|switch|p2b: Torkoal|Torkoal, L50, M|100/100\n|-ability|p1b: Incineroar|Intimidate|boost\n|-unboost|p2a: Farigiraf|atk|1\n|-unboost|p2b: Torkoal|atk|1\n|-weather|SunnyDay|[from] ability: Drought|[of] p2b: Torkoal\n|turn|1\n|\n|t:|1776644745\n|detailschange|p1a: Feraligatr|Feraligatr-Mega, L50, F\n|-mega|p1a: Feraligatr|Feraligatr|Feraligite\n|move|p2b: Torkoal|Protect|p2b: Torkoal\n|-singleturn|p2b: Torkoal|Protect\n|move|p1b: Incineroar|Flare Blitz|p2a: Farigiraf\n|-damage|p2a: Farigiraf|37/100\n|-enditem|p2a: Farigiraf|Sitrus Berry|[eat]\n|-heal|p2a: Farigiraf|62/100|[from] item: Sitrus Berry\n|-damage|p1b: Incineroar|73/100|[from] Recoil\n|move|p1a: Feraligatr|Body Slam|p2a: Farigiraf\n|-damage|p2a: Farigiraf|10/100\n|-status|p2a: Farigiraf|par\n|move|p2a: Farigiraf|Trick Room|p2a: Farigiraf\n|-fieldstart|move: Trick Room|[of] p2a: Farigiraf\n|\n|-weather|SunnyDay|[upkeep]\n|upkeep\n|turn|2\n|inactive|sirae has 30 seconds left.\n|inactive|lksmbs has 30 seconds left.\n|\n|t:|1776644776\n|move|p2a: Farigiraf|Hyper Voice|p1a: Feraligatr|[spread] p1a,p1b\n|-damage|p1a: Feraligatr|78/100\n|-damage|p1b: Incineroar|44/100\n|-enditem|p1b: Incineroar|Sitrus Berry|[eat]\n|-heal|p1b: Incineroar|69/100|[from] item: Sitrus Berry\n|move|p2b: Torkoal|Eruption|p1b: Incineroar|[spread] p1a,p1b\n|-resisted|p1a: Feraligatr|2\n|-resisted|p1b: Incineroar|1\n|-damage|p1a: Feraligatr|63/100\n|-damage|p1b: Incineroar|25/100\n|move|p1a: Feraligatr|Body Slam|p2b: Torkoal\n|-damage|p2b: Torkoal|58/100\n|move|p1b: Incineroar|Flare Blitz|p2a: Farigiraf\n|-damage|p2a: Farigiraf|0 fnt\n|faint|p2a: Farigiraf\n|-damage|p1b: Incineroar|21/100|[from] Recoil\n|\n|-weather|SunnyDay|[upkeep]\n|upkeep\n|\n|t:|1776644795\n|switch|p2a: Crabominable|Crabominable, L50, M, shiny|100/100\n|turn|3\n|\n|t:|1776644805\n|switch|p1b: Toxicroak|Toxicroak, L50, F|100/100\n|detailschange|p2a: Crabominable|Crabominable-Mega, L50, M, shiny\n|-mega|p2a: Crabominable|Crabominable|Crabominite\n|move|p1a: Feraligatr|Protect|p1a: Feraligatr\n|-singleturn|p1a: Feraligatr|Protect\n|move|p2a: Crabominable|Mach Punch|p1b: Toxicroak\n|-resisted|p1b: Toxicroak|1\n|-damage|p1b: Toxicroak|83/100\n|move|p2b: Torkoal|Solar Beam||[still]\n|-prepare|p2b: Torkoal|Solar Beam\n|-anim|p2b: Torkoal|Solar Beam|p1a: Feraligatr\n|-activate|p1a: Feraligatr|move: Protect\n|\n|-weather|SunnyDay|[upkeep]\n|upkeep\n|turn|4\n|\n|t:|1776644829\n|move|p1b: Toxicroak|Fake Out|p2a: Crabominable\n|-damage|p2a: Crabominable|93/100\n|-status|p2a: Crabominable|psn|[from] ability: Poison Touch|[of] p1b: Toxicroak\n|move|p2b: Torkoal|Solar Beam||[still]\n|-prepare|p2b: Torkoal|Solar Beam\n|-anim|p2b: Torkoal|Solar Beam|p1a: Feraligatr\n|-damage|p1a: Feraligatr|38/100\n|cant|p2a: Crabominable|flinch\n|move|p1a: Feraligatr|Body Slam|p2b: Torkoal\n|-damage|p2b: Torkoal|12/100\n|\n|-weather|SunnyDay|[upkeep]\n|-damage|p2a: Crabominable|81/100 psn|[from] psn\n|upkeep\n|turn|5\n|inactive|sirae has 30 seconds left.\n|\n|t:|1776644855\n|move|p1a: Feraligatr|Protect|p1a: Feraligatr\n|-singleturn|p1a: Feraligatr|Protect\n|move|p2b: Torkoal|Heat Wave|p1a: Feraligatr|[spread] p1b\n|-activate|p1a: Feraligatr|move: Protect\n|-damage|p1b: Toxicroak|23/100\n|move|p2a: Crabominable|Drain Punch|p1b: Toxicroak\n|-resisted|p1b: Toxicroak|1\n|-damage|p1b: Toxicroak|0 fnt\n|-heal|p2a: Crabominable|90/100 psn|[from] drain|[of] p1b: Toxicroak\n|faint|p1b: Toxicroak\n|\n|-weather|none\n|-damage|p2a: Crabominable|77/100 psn|[from] psn\n|-fieldend|move: Trick Room\n|upkeep\n|\n|t:|1776644870\n|switch|p1b: Incineroar|Incineroar, L50, F|21/100\n|-ability|p1b: Incineroar|Intimidate|boost\n|-unboost|p2a: Crabominable|atk|1\n|-unboost|p2b: Torkoal|atk|1\n|turn|6\n|\n|t:|1776644878\n|move|p2a: Crabominable|Mach Punch|p1b: Incineroar\n|-supereffective|p1b: Incineroar|1\n|-damage|p1b: Incineroar|0 fnt\n|faint|p1b: Incineroar\n|move|p1a: Feraligatr|Liquidation|p2b: Torkoal\n|-supereffective|p2b: Torkoal|1\n|-damage|p2b: Torkoal|0 fnt\n|faint|p2b: Torkoal\n|\n|-damage|p2a: Crabominable|65/100 psn|[from] psn\n|upkeep\n|\n|t:|1776644889\n|switch|p1b: Aegislash|Aegislash, L50, F|100/100\n|switch|p2b: Sneasler|Sneasler, L50, M|100/100\n|turn|7\n|\n|t:|1776644901\n|move|p1a: Feraligatr|Protect|p1a: Feraligatr\n|-singleturn|p1a: Feraligatr|Protect\n|move|p2b: Sneasler|Fake Out|p1a: Feraligatr\n|-activate|p1a: Feraligatr|move: Protect\n|move|p2a: Crabominable|Mach Punch|p1a: Feraligatr\n|-activate|p1a: Feraligatr|move: Protect\n|-formechange|p1b: Aegislash|Aegislash-Blade|\n|move|p1b: Aegislash|Flash Cannon|p2a: Crabominable\n|-supereffective|p2a: Crabominable|1\n|-damage|p2a: Crabominable|0 fnt\n|faint|p2a: Crabominable\n|\n|upkeep\n|turn|8\n|\n|t:|1776644918\n|move|p2b: Sneasler|Close Combat|p1a: Feraligatr\n|-damage|p1a: Feraligatr|0 fnt\n|-unboost|p2b: Sneasler|def|1\n|-unboost|p2b: Sneasler|spd|1\n|faint|p1a: Feraligatr\n|-enditem|p2b: Sneasler|White Herb\n|-clearnegativeboost|p2b: Sneasler|[silent]\n|move|p1b: Aegislash|Shadow Ball|p2b: Sneasler\n|-damage|p2b: Sneasler|26/100\n|\n|upkeep\n|turn|9\n|\n|t:|1776644934\n|move|p2b: Sneasler|Protect|p2b: Sneasler\n|-singleturn|p2b: Sneasler|Protect\n|move|p1b: Aegislash|Shadow Ball|p2b: Sneasler\n|-activate|p2b: Sneasler|move: Protect\n|\n|upkeep\n|turn|10\n|\n|t:|1776644941\n|move|p2b: Sneasler|Close Combat|p1b: Aegislash\n|-immune|p1b: Aegislash\n|move|p1b: Aegislash|Shadow Ball|p2b: Sneasler\n|-damage|p2b: Sneasler|0 fnt\n|faint|p2b: Sneasler\n|\n|win|sirae\n|raw|sirae's rating: 1086 &rarr; <strong>1108</strong><br />(+22 for winning)\n|raw|lksmbs's rating: 1023 &rarr; <strong>1012</strong><br />(-11 for losing)\n|l|\u2606lksmbs\n|player|p2|\n",
  "uploadtime": 1776644947,
  "views": 9,
  "formatid": "gen9championsvgc2026regma",
  "rating": 1012,
  "private": 0,
  "password": null
}