{
  "id": "gen9championsvgc2026regma-2580758180",
  "format": "[Gen 9 Champions] VGC 2026 Reg M-A",
  "players": [
    "jokmah123",
    "Vatelin"
  ],
  "log": "|j|\u2606jokmah123\n|j|\u2606Vatelin\n|t:|1775930083\n|gametype|doubles\n|player|p1|jokmah123|265|1118\n|player|p2|Vatelin|2|1092\n|gen|9\n|tier|[Gen 9 Champions] VGC 2026 Reg M-A\n|rated|\n|rule|Species Clause: Limit one of each Pok\u00e9mon\n|rule|Item Clause: Limit 1 of each item\n|clearpoke\n|poke|p1|Sneasler, L50, F|\n|poke|p1|Kingambit, L50, F|\n|poke|p1|Dragapult, L50, M|\n|poke|p1|Charizard, L50, M|\n|poke|p1|Maushold-Four, L50|\n|poke|p1|Garchomp, L50, M|\n|poke|p2|Chandelure, L50, F|\n|poke|p2|Torkoal, L50, M|\n|poke|p2|Toxapex, L50, F|\n|poke|p2|Hydrapple, L50, F|\n|poke|p2|Kingambit, L50, M|\n|poke|p2|Raichu, L50, F|\n|teampreview|4\nVatelin rejected open team sheets.\n|\n|t:|1775930136\n|teamsize|p1|4\n|teamsize|p2|4\n|start\n|switch|p1a: Dragapult|Dragapult, L50, M|100/100\n|switch|p1b: Charizard|Charizard, L50, M|100/100\n|switch|p2a: Toxapex|Toxapex, L50, F|100/100\n|switch|p2b: Raichu|Raichu, L50, F|100/100\n|turn|1\n|inactive|Battle timer is ON: inactive players will automatically lose when time's up. (requested by jokmah123)\n|\n|t:|1775930167\n|detailschange|p1b: Charizard|Charizard-Mega-Y, L50, M\n|-mega|p1b: Charizard|Charizard|Charizardite Y\n|-weather|SunnyDay|[from] ability: Drought|[of] p1b: Charizard\n|move|p1b: Charizard|Protect|p1b: Charizard\n|-singleturn|p1b: Charizard|Protect\n|move|p2b: Raichu|Fake Out|p1b: Charizard\n|-activate|p1b: Charizard|move: Protect\n|move|p1a: Dragapult|Will-O-Wisp|p2b: Raichu\n|-status|p2b: Raichu|brn\n|move|p2a: Toxapex|Toxic|p1a: Dragapult\n|-status|p1a: Dragapult|tox\n|-enditem|p1a: Dragapult|Lum Berry|[eat]\n|-curestatus|p1a: Dragapult|tox|[msg]\n|\n|-weather|SunnyDay|[upkeep]\n|-damage|p2b: Raichu|95/100 brn|[from] brn\n|upkeep\n|turn|2\n|inactive|jokmah123 has 30 seconds left.\n|inactive|Vatelin has 30 seconds left.\n|\n|t:|1775930196\n|move|p1a: Dragapult|Psychic Fangs|p2a: Toxapex\n|-supereffective|p2a: Toxapex|1\n|-damage|p2a: Toxapex|58/100\n|move|p2b: Raichu|Volt Switch|p1b: Charizard\n|-supereffective|p1b: Charizard|1\n|-damage|p1b: Charizard|47/100\n|\n|t:|1775930204\n|switch|p2b: Hydrapple|Hydrapple, L50, F|100/100|[from] Volt Switch\n|move|p1b: Charizard|Solar Beam||[still]\n|-prepare|p1b: Charizard|Solar Beam\n|-anim|p1b: Charizard|Solar Beam|p2a: Toxapex\n|-damage|p2a: Toxapex|23/100\n|-enditem|p2a: Toxapex|Sitrus Berry|[eat]\n|-heal|p2a: Toxapex|48/100|[from] item: Sitrus Berry\n|move|p2a: Toxapex|Toxic|p1b: Charizard\n|-status|p1b: Charizard|tox\n|\n|-weather|SunnyDay|[upkeep]\n|-damage|p1b: Charizard|41/100 tox|[from] psn\n|upkeep\n|turn|3\n|inactive|jokmah123 has 30 seconds left.\n|\n|t:|1775930234\n|switch|p2a: Raichu|Raichu, L50, F|95/100 brn\n|move|p2b: Hydrapple|Protect|p2b: Hydrapple\n|-singleturn|p2b: Hydrapple|Protect\n|move|p1a: Dragapult|Draco Meteor|p2b: Hydrapple\n|-activate|p2b: Hydrapple|move: Protect\n|move|p1b: Charizard|Heat Wave|p2a: Raichu|[spread] p2a\n|-activate|p2b: Hydrapple|move: Protect\n|-damage|p2a: Raichu|0 fnt\n|faint|p2a: Raichu\n|\n|-weather|SunnyDay|[upkeep]\n|-damage|p1b: Charizard|29/100 tox|[from] psn\n|upkeep\n|\n|t:|1775930247\n|switch|p2a: Toxapex|Toxapex, L50, F|81/100\n|turn|4\n|inactive|Vatelin has 30 seconds left.\n|\n|t:|1775930273\n|move|p1a: Dragapult|Draco Meteor|p2b: Hydrapple\n|-supereffective|p2b: Hydrapple|1\n|-damage|p2b: Hydrapple|38/100\n|-unboost|p1a: Dragapult|spa|2\n|move|p1b: Charizard|Heat Wave|p2a: Toxapex|[spread] p2a,p2b\n|-resisted|p2a: Toxapex|1\n|-damage|p2a: Toxapex|60/100\n|-damage|p2b: Hydrapple|0 fnt\n|faint|p2b: Hydrapple\n|move|p2a: Toxapex|Liquidation|p1b: Charizard\n|-supereffective|p1b: Charizard|1\n|-damage|p1b: Charizard|3/100 tox\n|-unboost|p1b: Charizard|def|1\n|\n|-weather|SunnyDay|[upkeep]\n|-damage|p1b: Charizard|0 fnt|[from] psn\n|faint|p1b: Charizard\n|upkeep\n|\n|t:|1775930287\n|switch|p1b: Garchomp|Garchomp, L50, M|100/100\n|switch|p2b: Kingambit|Kingambit, L50, M|100/100\n|turn|5\n|inactive|jokmah123 has 30 seconds left.\n|inactive|jokmah123 has 20 seconds left.\n|\n|t:|1775930326\n|move|p2a: Toxapex|Baneful Bunker|p2a: Toxapex\n|-singleturn|p2a: Toxapex|move: Protect\n|move|p1b: Garchomp|Stomping Tantrum|p2b: Kingambit\n|-supereffective|p2b: Kingambit|1\n|-damage|p2b: Kingambit|36/100\n|move|p1a: Dragapult|Will-O-Wisp|p2b: Kingambit\n|-status|p2b: Kingambit|brn\n|move|p2b: Kingambit|Night Slash|p1a: Dragapult\n|-supereffective|p1a: Dragapult|1\n|-damage|p1a: Dragapult|35/100\n|\n|-weather|none\n|-damage|p2b: Kingambit|30/100 brn|[from] brn\n|upkeep\n|turn|6\n|\n|t:|1775930348\n|move|p2b: Kingambit|Protect|p2b: Kingambit\n|-singleturn|p2b: Kingambit|Protect\n|move|p1b: Garchomp|Stomping Tantrum|p2a: Toxapex\n|-supereffective|p2a: Toxapex|1\n|-damage|p2a: Toxapex|0 fnt\n|faint|p2a: Toxapex\n|move|p1a: Dragapult|Will-O-Wisp|p2b: Kingambit\n|-activate|p2b: Kingambit|move: Protect\n|\n|-damage|p2b: Kingambit|24/100 brn|[from] brn\n|upkeep\n|turn|7\n|inactive|jokmah123 has 30 seconds left.\n|\n|t:|1775930382\n|move|p1b: Garchomp|Stomping Tantrum|p2b: Kingambit\n|-supereffective|p2b: Kingambit|1\n|-damage|p2b: Kingambit|0 fnt\n|faint|p2b: Kingambit\n|\n|win|jokmah123\n|raw|jokmah123's rating: 1118 &rarr; <strong>1141</strong><br />(+23 for winning)\n|raw|Vatelin's rating: 1092 &rarr; <strong>1070</strong><br />(-22 for losing)\n|l|\u2606Vatelin\n|player|p2|\n",
  "uploadtime": 1775930404,
  "views": 14,
  "formatid": "gen9championsvgc2026regma",
  "rating": 1070,
  "private": 0,
  "password": null
}