{
  "id": "gen9championsvgc2026regma-2583636742",
  "format": "[Gen 9 Champions] VGC 2026 Reg M-A",
  "players": [
    "jingming",
    "23wdynvre"
  ],
  "log": "|j|\u2606jingming\n|j|\u260623wdynvre\n|t:|1776187963\n|gametype|doubles\n|player|p1|jingming|nate|1074\n|player|p2|23wdynvre|102|1103\n|gen|9\n|tier|[Gen 9 Champions] VGC 2026 Reg M-A\n|rated|\n|rule|Species Clause: Limit one of each Pok\u00e9mon\n|rule|Item Clause: Limit 1 of each item\n|clearpoke\n|poke|p1|Sneasler, L50, F|\n|poke|p1|Incineroar, L50, F|\n|poke|p1|Corviknight, L50, F|\n|poke|p1|Dragonite, L50, M|\n|poke|p1|Garchomp, L50, M|\n|poke|p1|Greninja-*, L50, M|\n|poke|p2|Floette-Eternal, L50, F|\n|poke|p2|Incineroar, L50, M|\n|poke|p2|Garchomp, L50, M|\n|poke|p2|Sinistcha, L50|\n|poke|p2|Pelipper, L50, M|\n|poke|p2|Basculegion, L50, M|\n|teampreview|4\n|inactive|Battle timer is ON: inactive players will automatically lose when time's up. (requested by 23wdynvre)\n23wdynvre rejected open team sheets.\n|\n|t:|1776187985\n|teamsize|p1|4\n|teamsize|p2|4\n|start\n|switch|p1a: Dragonite|Dragonite, L50, M|100/100\n|switch|p1b: Incineroar|Incineroar, L50, F|100/100\n|switch|p2a: Incineroar|Incineroar, L50, M|100/100\n|switch|p2b: Floette|Floette-Eternal, L50, F|100/100\n|-ability|p2a: Incineroar|Intimidate|boost\n|-fail|p1a: Dragonite|unboost|Attack|[from] ability: Inner Focus|[of] p1a: Dragonite\n|-unboost|p1b: Incineroar|atk|1\n|-ability|p1b: Incineroar|Intimidate|boost\n|-unboost|p2a: Incineroar|atk|1\n|-unboost|p2b: Floette|atk|1\n|turn|1\n|\n|t:|1776188002\n|switch|p1a: Corviknight|Corviknight, L50, F|100/100\n|detailschange|p2b: Floette|Floette-Mega, L50, F\n|-mega|p2b: Floette|Floette|Floettite\n|-ability|p2b: Floette|Fairy Aura\n|move|p2a: Incineroar|Fake Out|p1b: Incineroar\n|-damage|p1b: Incineroar|95/100\n|cant|p1b: Incineroar|flinch\n|move|p2b: Floette|Calm Mind|p2b: Floette\n|-boost|p2b: Floette|spa|1\n|-boost|p2b: Floette|spd|1\n|\n|upkeep\n|turn|2\n|\n|t:|1776188028\n|move|p2b: Floette|Calm Mind|p2b: Floette\n|-boost|p2b: Floette|spa|1\n|-boost|p2b: Floette|spd|1\n|move|p1a: Corviknight|Body Press|p2a: Incineroar\n|-supereffective|p2a: Incineroar|1\n|-damage|p2a: Incineroar|64/100\n|move|p2a: Incineroar|Flare Blitz|p1a: Corviknight\n|-supereffective|p1a: Corviknight|1\n|-damage|p1a: Corviknight|38/100\n|-damage|p2a: Incineroar|43/100|[from] Recoil\n|move|p1b: Incineroar|Parting Shot|p2b: Floette\n|-unboost|p2b: Floette|atk|1\n|-unboost|p2b: Floette|spa|1\n|\n|t:|1776188047\n|switch|p1b: Greninja|Greninja, L50, M|100/100|[from] Parting Shot\n|\n|-heal|p1a: Corviknight|44/100|[from] item: Leftovers\n|upkeep\n|turn|3\n|\n|t:|1776188065\n|switch|p2a: Pelipper|Pelipper, L50, M|100/100\n|-weather|RainDance|[from] ability: Drizzle|[of] p2a: Pelipper\n|detailschange|p1b: Greninja|Greninja-Mega, L50, M\n|-mega|p1b: Greninja|Greninja|Greninjite\n|move|p1b: Greninja|Sludge Wave|p2b: Floette|[spread] p2a,p2b\n|-start|p1b: Greninja|typechange|Poison|[from] ability: Protean\n|-immune|p1a: Corviknight\n|-supereffective|p2b: Floette|1\n|-damage|p2a: Pelipper|38/100\n|-damage|p2b: Floette|67/100\n|-status|p2a: Pelipper|psn\n|move|p2b: Floette|Draining Kiss|p1b: Greninja\n|-resisted|p1b: Greninja|1\n|-damage|p1b: Greninja|58/100\n|-heal|p2b: Floette|96/100|[from] drain|[of] p1b: Greninja\n|move|p1a: Corviknight|Roost|p1a: Corviknight\n|-heal|p1a: Corviknight|94/100\n|-singleturn|p1a: Corviknight|move: Roost\n|\n|-weather|RainDance|[upkeep]\n|-heal|p1a: Corviknight|99/100|[from] item: Leftovers\n|-damage|p2a: Pelipper|26/100 psn|[from] psn\n|upkeep\n|turn|4\n|\n|t:|1776188089\n|move|p2b: Floette|Protect|p2b: Floette\n|-singleturn|p2b: Floette|Protect\n|move|p1b: Greninja|Sludge Wave|p2a: Pelipper|[spread] p2a\n|-activate|p2b: Floette|move: Protect\n|-immune|p1a: Corviknight\n|-crit|p2a: Pelipper\n|-damage|p2a: Pelipper|0 fnt\n|faint|p2a: Pelipper\n|move|p1a: Corviknight|Body Press|p2b: Floette\n|-activate|p2b: Floette|move: Protect\n|\n|-weather|RainDance|[upkeep]\n|-heal|p1a: Corviknight|100/100|[from] item: Leftovers\n|upkeep\n|\n|t:|1776188101\n|switch|p2a: Incineroar|Incineroar, L50, M|43/100\n|-ability|p2a: Incineroar|Intimidate|boost\n|-ability|p1a: Corviknight|Mirror Armor\n|-unboost|p2a: Incineroar|atk|1\n|-unboost|p1b: Greninja|atk|1\n|turn|5\n|\n|t:|1776188110\n|switch|p1a: Dragonite|Dragonite, L50, M|100/100\n|move|p1b: Greninja|Protect|p1b: Greninja\n|-singleturn|p1b: Greninja|Protect\n|move|p2b: Floette|Moonblast|p1b: Greninja\n|-activate|p1b: Greninja|move: Protect\n|move|p2a: Incineroar|Flare Blitz|p1a: Dragonite\n|-resisted|p1a: Dragonite|1\n|-damage|p1a: Dragonite|94/100\n|-damage|p2a: Incineroar|41/100|[from] Recoil\n|\n|-weather|RainDance|[upkeep]\n|upkeep\n|turn|6\n|\n|t:|1776188129\n|move|p2b: Floette|Protect|p2b: Floette\n|-singleturn|p2b: Floette|Protect\n|move|p1b: Greninja|Sludge Wave|p2a: Incineroar|[spread] p1a,p2a\n|-activate|p2b: Floette|move: Protect\n|-damage|p1a: Dragonite|63/100\n|-damage|p2a: Incineroar|7/100\n|move|p1a: Dragonite|Thunder|p2b: Floette\n|-activate|p2b: Floette|move: Protect\n|move|p2a: Incineroar|Parting Shot|p1b: Greninja\n|-unboost|p1b: Greninja|atk|1\n|-unboost|p1b: Greninja|spa|1\n|\n|t:|1776188140\n|switch|p2a: Sinistcha|Sinistcha, L50|100/100|[from] Parting Shot\n|-heal|p2b: Floette|100/100|[from] ability: Hospitality|[of] p2a: Sinistcha\n|\n|-weather|RainDance|[upkeep]\n|upkeep\n|turn|7\n|\n|t:|1776188151\n|switch|p1b: Corviknight|Corviknight, L50, F|100/100\n|move|p2b: Floette|Moonblast|p1a: Dragonite\n|-supereffective|p1a: Dragonite|1\n|-damage|p1a: Dragonite|0 fnt\n|faint|p1a: Dragonite\n|move|p2a: Sinistcha|Trick Room|p2a: Sinistcha\n|-fieldstart|move: Trick Room|[of] p2a: Sinistcha\n|\n|-weather|none\n|upkeep\n|\n|t:|1776188158\n|switch|p1a: Incineroar|Incineroar, L50, F|95/100\n|-ability|p1a: Incineroar|Intimidate|boost\n|-unboost|p2a: Sinistcha|atk|1\n|-unboost|p2b: Floette|atk|1\n|turn|8\n|\n|t:|1776188169\n|switch|p2a: Incineroar|Incineroar, L50, M|7/100\n|-ability|p2a: Incineroar|Intimidate|boost\n|-unboost|p1a: Incineroar|atk|1\n|-ability|p1b: Corviknight|Mirror Armor\n|-unboost|p2a: Incineroar|atk|1\n|move|p2b: Floette|Protect|p2b: Floette\n|-singleturn|p2b: Floette|Protect\n|move|p1a: Incineroar|Snarl|p2a: Incineroar|[spread] p2a\n|-activate|p2b: Floette|move: Protect\n|-resisted|p2a: Incineroar|1\n|-damage|p2a: Incineroar|2/100\n|-unboost|p2a: Incineroar|spa|1\n|move|p1b: Corviknight|Brave Bird|p2b: Floette\n|-activate|p2b: Floette|move: Protect\n|\n|upkeep\n|turn|9\n|\n|t:|1776188190\n|move|p1a: Incineroar|Snarl|p2b: Floette|[spread] p2a,p2b\n|-resisted|p2a: Incineroar|1\n|-resisted|p2b: Floette|1\n|-damage|p2a: Incineroar|0 fnt\n|-damage|p2b: Floette|98/100\n|-unboost|p2b: Floette|spa|1\n|faint|p2a: Incineroar\n|move|p1b: Corviknight|Brave Bird|p2b: Floette\n|-damage|p2b: Floette|64/100\n|-damage|p1b: Corviknight|92/100|[from] Recoil\n|move|p2b: Floette|Moonblast|p1a: Incineroar\n|-damage|p1a: Incineroar|23/100\n|\n|-heal|p1b: Corviknight|98/100|[from] item: Leftovers\n|upkeep\n|\n|t:|1776188203\n|switch|p2a: Sinistcha|Sinistcha, L50|100/100\n|-heal|p2b: Floette|89/100|[from] ability: Hospitality|[of] p2a: Sinistcha\n|turn|10\n|\n|t:|1776188221\n|move|p1a: Incineroar|Snarl|p2b: Floette|[spread] p2a,p2b\n|-supereffective|p2a: Sinistcha|1\n|-resisted|p2b: Floette|1\n|-damage|p2a: Sinistcha|76/100\n|-damage|p2b: Floette|85/100\n|-unboost|p2a: Sinistcha|spa|1\n|-unboost|p2b: Floette|spa|1\n|move|p1b: Corviknight|Brave Bird|p2b: Floette\n|-damage|p2b: Floette|46/100\n|-damage|p1b: Corviknight|87/100|[from] Recoil\n|move|p2a: Sinistcha|Matcha Gotcha|p1b: Corviknight|[spread] p1b\n|-miss|p2a: Sinistcha|p1a: Incineroar\n|-resisted|p1b: Corviknight|2\n|-damage|p1b: Corviknight|85/100\n|-heal|p2a: Sinistcha|77/100|[from] drain|[of] p1b: Corviknight\n|move|p2b: Floette|Draining Kiss|p1b: Corviknight\n|-resisted|p1b: Corviknight|1\n|-damage|p1b: Corviknight|76/100\n|-heal|p2b: Floette|55/100|[from] drain|[of] p1b: Corviknight\n|\n|-heal|p1b: Corviknight|82/100|[from] item: Leftovers\n|-heal|p2a: Sinistcha|84/100|[from] item: Leftovers\n|upkeep\n|turn|11\n|-message|23wdynvre forfeited.\n|\n|win|jingming\n|raw|jingming's rating: 1074 &rarr; <strong>1105</strong><br />(+31 for winning)\n|raw|23wdynvre's rating: 1103 &rarr; <strong>1076</strong><br />(-27 for losing)\n|l|\u260623wdynvre\n|player|p2|\n",
  "uploadtime": 1776188249,
  "views": 16,
  "formatid": "gen9championsvgc2026regma",
  "rating": 1076,
  "private": 0,
  "password": null
}