{
  "id": "gen9championsvgc2026regma-2587924591",
  "format": "[Gen 9 Champions] VGC 2026 Reg M-A",
  "players": [
    "zzzzzegarra",
    "Okami_6"
  ],
  "log": "|j|\u2606zzzzzegarra\n|j|\u2606Okami_6\n|t:|1776579805\n|gametype|doubles\n|player|p1|zzzzzegarra|265|1126\n|player|p2|Okami_6|perrin|1216\n|gen|9\n|tier|[Gen 9 Champions] VGC 2026 Reg M-A\n|rated|\n|rule|Species Clause: Limit one of each Pok\u00e9mon\n|rule|Item Clause: Limit 1 of each item\n|clearpoke\n|poke|p1|Gengar, L50, M|\n|poke|p1|Sableye, L50, M, shiny|\n|poke|p1|Gyarados, L50, M, shiny|\n|poke|p1|Dragonite, L50, M, shiny|\n|poke|p1|Absol, L50, M|\n|poke|p1|Aggron, L50, M|\n|poke|p2|Crabominable, L50, F|\n|poke|p2|Basculegion, L50, M|\n|poke|p2|Incineroar, L50, F|\n|poke|p2|Sinistcha, L50|\n|poke|p2|Archaludon, L50, F|\n|poke|p2|Pelipper, L50, F|\n|teampreview|4\nzzzzzegarra rejected open team sheets.\n|\n|t:|1776579846\n|teamsize|p1|4\n|teamsize|p2|4\n|start\n|switch|p1a: Gengar|Gengar, L50, M|100/100\n|switch|p1b: Sableye|Sableye, L50, M, shiny|100/100\n|switch|p2a: Incineroar|Incineroar, L50, F|100/100\n|switch|p2b: Basculegion|Basculegion, L50, M|100/100\n|-ability|p2a: Incineroar|Intimidate|boost\n|-unboost|p1a: Gengar|atk|1\n|-unboost|p1b: Sableye|atk|1\n|turn|1\n|\n|t:|1776579866\n|move|p1b: Sableye|Gravity|p1b: Sableye\n|-fieldstart|move: Gravity\n|move|p2b: Basculegion|Wave Crash|p1a: Gengar\n|-enditem|p1a: Gengar|Focus Sash\n|-damage|p1a: Gengar|1/100\n|-damage|p2b: Basculegion|78/100|[from] Recoil\n|move|p1a: Gengar|Hypnosis|p2a: Incineroar\n|-status|p2a: Incineroar|slp|[from] move: Hypnosis\n|cant|p2a: Incineroar|slp\n|\n|upkeep\n|turn|2\n|\n|t:|1776579883\n|move|p1b: Sableye|Quash|p2b: Basculegion\n|-activate|p2b: Basculegion|move: Quash\n|move|p1a: Gengar|Hypnosis|p2b: Basculegion\n|-status|p2b: Basculegion|slp|[from] move: Hypnosis\n|cant|p2a: Incineroar|slp\n|cant|p2b: Basculegion|slp\n|\n|upkeep\n|turn|3\n|\n|t:|1776579906\n|switch|p1b: Dragonite|Dragonite, L50, M, shiny|100/100\n|-curestatus|p2b: Basculegion|slp|[msg]\n|move|p2b: Basculegion|Wave Crash|p1a: Gengar\n|-damage|p1a: Gengar|0 fnt\n|faint|p1a: Gengar\n|-damage|p2b: Basculegion|77/100|[from] Recoil\n|-curestatus|p2a: Incineroar|slp|[msg]\n|move|p2a: Incineroar|Taunt|p1b: Dragonite\n|-start|p1b: Dragonite|move: Taunt\n|\n|upkeep\n|\n|t:|1776579917\n|switch|p1a: Sableye|Sableye, L50, M, shiny|100/100\n|turn|4\n|\n|t:|1776579929\n|detailschange|p1b: Dragonite|Dragonite-Mega, L50, M, shiny\n|-mega|p1b: Dragonite|Dragonite|Dragoninite\n|move|p1a: Sableye|Quash|p2b: Basculegion\n|-activate|p2b: Basculegion|move: Quash\n|move|p1b: Dragonite|Hurricane|p2b: Basculegion\n|-damage|p2b: Basculegion|5/100\n|-start|p2b: Basculegion|confusion\n|move|p2a: Incineroar|Taunt|p1a: Sableye\n|-start|p1a: Sableye|move: Taunt\n|-activate|p2b: Basculegion|confusion\n|-damage|p2b: Basculegion|0 fnt|[from] confusion\n|faint|p2b: Basculegion\n|\n|upkeep\n|\n|t:|1776579948\n|switch|p2b: Archaludon|Archaludon, L50, F|100/100\n|turn|5\n|\n|t:|1776579969\n|switch|p1a: Gyarados|Gyarados, L50, M, shiny|100/100\n|-ability|p1a: Gyarados|Intimidate|boost\n|-unboost|p2a: Incineroar|atk|1\n|-unboost|p2b: Archaludon|atk|1\n|move|p2b: Archaludon|Protect|p2b: Archaludon\n|-singleturn|p2b: Archaludon|Protect\n|move|p1b: Dragonite|Blizzard|p2a: Incineroar|[spread] p2a\n|-activate|p2b: Archaludon|move: Protect\n|-resisted|p2a: Incineroar|1\n|-damage|p2a: Incineroar|87/100\n|move|p2a: Incineroar|Flare Blitz|p1b: Dragonite\n|-resisted|p1b: Dragonite|1\n|-damage|p1b: Dragonite|93/100\n|-damage|p2a: Incineroar|85/100|[from] Recoil\n|\n|-end|p1b: Dragonite|move: Taunt\n|-fieldend|move: Gravity\n|upkeep\n|turn|6\n|\n|t:|1776579993\n|switch|p2a: Pelipper|Pelipper, L50, F|100/100\n|-weather|RainDance|[from] ability: Drizzle|[of] p2a: Pelipper\n|move|p1a: Gyarados|Waterfall|p2a: Pelipper\n|-resisted|p2a: Pelipper|1\n|-damage|p2a: Pelipper|58/100\n|move|p1b: Dragonite|Hurricane|p2b: Archaludon\n|-resisted|p2b: Archaludon|1\n|-damage|p2b: Archaludon|68/100\n|move|p2b: Archaludon|Dragon Pulse|p1b: Dragonite\n|-supereffective|p1b: Dragonite|1\n|-damage|p1b: Dragonite|21/100\n|\n|-weather|RainDance|[upkeep]\n|-heal|p2b: Archaludon|74/100|[from] item: Leftovers\n|upkeep\n|turn|7\n|\n|t:|1776580013\n|move|p2b: Archaludon|Protect|p2b: Archaludon\n|-singleturn|p2b: Archaludon|Protect\n|move|p1a: Gyarados|Waterfall|p2b: Archaludon\n|-activate|p2b: Archaludon|move: Protect\n|move|p1b: Dragonite|Blizzard|p2b: Archaludon|[spread] \n|-activate|p2b: Archaludon|move: Protect\n|-miss|p1b: Dragonite|p2a: Pelipper\n|move|p2a: Pelipper|Tailwind|p2a: Pelipper\n|-sidestart|p2: Okami_6|move: Tailwind\n|\n|-weather|RainDance|[upkeep]\n|-heal|p2b: Archaludon|80/100|[from] item: Leftovers\n|upkeep\n|turn|8\n|\n|t:|1776580030\n|switch|p1b: Sableye|Sableye, L50, M, shiny|100/100\n|move|p2a: Pelipper|Hurricane|p1b: Sableye\n|-crit|p1b: Sableye\n|-damage|p1b: Sableye|1/100\n|-enditem|p1b: Sableye|Sitrus Berry|[eat]\n|-heal|p1b: Sableye|26/100|[from] item: Sitrus Berry\n|move|p2b: Archaludon|Electro Shot||[still]\n|-prepare|p2b: Archaludon|Electro Shot\n|-boost|p2b: Archaludon|spa|1\n|-anim|p2b: Archaludon|Electro Shot|p1a: Gyarados\n|-supereffective|p1a: Gyarados|2\n|-damage|p1a: Gyarados|0 fnt\n|faint|p1a: Gyarados\n|\n|-weather|RainDance|[upkeep]\n|-heal|p2b: Archaludon|86/100|[from] item: Leftovers\n|upkeep\n|\n|t:|1776580042\n|switch|p1a: Dragonite|Dragonite-Mega, L50, M, shiny|21/100\n|turn|9\n|\n|t:|1776580052\n|move|p2b: Archaludon|Protect|p2b: Archaludon\n|-singleturn|p2b: Archaludon|Protect\n|move|p1b: Sableye|Quash|p2b: Archaludon\n|-activate|p2b: Archaludon|move: Protect\n|move|p2a: Pelipper|Hurricane|p1a: Dragonite\n|-damage|p1a: Dragonite|0 fnt\n|faint|p1a: Dragonite\n|\n|-weather|RainDance|[upkeep]\n|-heal|p2b: Archaludon|93/100|[from] item: Leftovers\n|upkeep\n|turn|10\n|l|\u2606zzzzzegarra\n|player|p1|\n|inactive|Battle timer is ON: inactive players will automatically lose when time's up. (requested by Okami_6)\n|inactive|zzzzzegarra has 30 seconds to reconnect!\n|inactive|zzzzzegarra has 20 seconds to reconnect!\n|inactive|zzzzzegarra has 15 seconds to reconnect!\n|inactive|zzzzzegarra has 10 seconds to reconnect!\n|inactive|zzzzzegarra has 5 seconds to reconnect!\n|-message|zzzzzegarra lost due to inactivity.\n|\n|win|Okami_6\n|raw|zzzzzegarra's rating: 1126 &rarr; <strong>1107</strong><br />(-19 for losing)\n|raw|Okami_6's rating: 1216 &rarr; <strong>1235</strong><br />(+19 for winning)\n",
  "uploadtime": 1776580129,
  "views": 25,
  "formatid": "gen9championsvgc2026regma",
  "rating": 1107,
  "private": 0,
  "password": null
}