{
  "id": "gen9championsvgc2026regma-2588236327",
  "format": "[Gen 9 Champions] VGC 2026 Reg M-A",
  "players": [
    "sillygoosezy",
    "ballafjong"
  ],
  "log": "|j|\u2606sillygoosezy\n|j|\u2606ballafjong\n|t:|1776616895\n|gametype|doubles\n|player|p1|sillygoosezy|emmet|1100\n|player|p2|ballafjong|169|1182\n|gen|9\n|tier|[Gen 9 Champions] VGC 2026 Reg M-A\n|rated|\n|rule|Species Clause: Limit one of each Pok\u00e9mon\n|rule|Item Clause: Limit 1 of each item\n|clearpoke\n|poke|p1|Charizard, L50, M|\n|poke|p1|Typhlosion-Hisui, L50, M|\n|poke|p1|Incineroar, L50, M|\n|poke|p1|Garchomp, L50, M|\n|poke|p1|Whimsicott, L50, M, shiny|\n|poke|p1|Venusaur, L50, M|\n|poke|p2|Torkoal, L50, M|\n|poke|p2|Sableye, L50, M|\n|poke|p2|Farigiraf, L50, F, shiny|\n|poke|p2|Charizard, L50, F|\n|poke|p2|Volcarona, L50, M|\n|poke|p2|Incineroar, L50, F|\n|teampreview|4\n|inactive|Battle timer is ON: inactive players will automatically lose when time's up. (requested by sillygoosezy)\n|inactive|sillygoosezy has 60 seconds left.\n|\n|t:|1776616940\n|teamsize|p1|4\n|teamsize|p2|4\n|start\n|switch|p1a: Incineroar|Incineroar, L50, M|100/100\n|switch|p1b: Garchomp|Garchomp, L50, M|100/100\n|switch|p2a: Salusa|Incineroar, L50, F|100/100\n|switch|p2b: Ix|Charizard, L50, F|100/100\n|-ability|p2a: Salusa|Intimidate|boost\n|-unboost|p1a: Incineroar|atk|1\n|-unboost|p1b: Garchomp|atk|1\n|-ability|p1a: Incineroar|Intimidate|boost\n|-unboost|p2a: Salusa|atk|1\n|-unboost|p2b: Ix|atk|1\n|turn|1\n|\n|t:|1776616954\n|switch|p2b: Kaitain|Farigiraf, L50, F, shiny|100/100\n|move|p1b: Garchomp|Protect|p1b: Garchomp\n|-singleturn|p1b: Garchomp|Protect\n|move|p2a: Salusa|Fake Out|p1b: Garchomp\n|-activate|p1b: Garchomp|move: Protect\n|move|p1a: Incineroar|Fake Out||[still]\n|cant|p2b: Kaitain|ability: Armor Tail|Fake Out|[of] p1a: Incineroar\n|\n|upkeep\n|turn|2\n|\n|t:|1776616974\n|move|p2b: Kaitain|Protect|p2b: Kaitain\n|-singleturn|p2b: Kaitain|Protect\n|move|p1b: Garchomp|Rock Slide|p2b: Kaitain|[spread] p2a\n|-activate|p2b: Kaitain|move: Protect\n|-supereffective|p2a: Salusa|1\n|-damage|p2a: Salusa|77/100\n|move|p2a: Salusa|Parting Shot|p1b: Garchomp\n|-unboost|p1b: Garchomp|atk|1\n|-unboost|p1b: Garchomp|spa|1\n|\n|t:|1776616985\n|switch|p2a: Ix|Charizard, L50, F|100/100|[from] Parting Shot\n|move|p1a: Incineroar|Darkest Lariat|p2b: Kaitain\n|-activate|p2b: Kaitain|move: Protect\n|\n|upkeep\n|turn|3\n|\n|t:|1776617002\n|switch|p2b: Salusa|Incineroar, L50, F|77/100\n|-ability|p2b: Salusa|Intimidate|boost\n|-unboost|p1a: Incineroar|atk|1\n|-unboost|p1b: Garchomp|atk|1\n|detailschange|p2a: Ix|Charizard-Mega-X, L50, F\n|-mega|p2a: Ix|Charizard|Charizardite X\n|move|p1b: Garchomp|Protect|p1b: Garchomp\n|-singleturn|p1b: Garchomp|Protect\n|move|p2a: Ix|Dragon Dance|p2a: Ix\n|-boost|p2a: Ix|atk|1\n|-boost|p2a: Ix|spe|1\n|move|p1a: Incineroar|Darkest Lariat|p2b: Salusa\n|-resisted|p2b: Salusa|1\n|-damage|p2b: Salusa|69/100\n|\n|upkeep\n|turn|4\n|\n|t:|1776617020\n|move|p2b: Salusa|Fake Out|p1a: Incineroar\n|-damage|p1a: Incineroar|89/100\n|move|p2a: Ix|Dragon Claw|p1b: Garchomp\n|-supereffective|p1b: Garchomp|1\n|-damage|p1b: Garchomp|0 fnt\n|-damage|p2a: Ix|88/100|[from] ability: Rough Skin|[of] p1b: Garchomp\n|faint|p1b: Garchomp\n|cant|p1a: Incineroar|flinch\n|\n|-heal|p1a: Incineroar|95/100|[from] item: Leftovers\n|upkeep\n|\n|t:|1776617032\n|switch|p1b: Whimsicott|Whimsicott, L50, M, shiny|100/100\n|turn|5\n|\n|t:|1776617042\n|move|p1b: Whimsicott|Tailwind|p1b: Whimsicott\n|-sidestart|p1: sillygoosezy|move: Tailwind\n|move|p2a: Ix|Dragon Claw|p1a: Incineroar\n|-damage|p1a: Incineroar|18/100\n|move|p1a: Incineroar|Parting Shot|p2a: Ix\n|-unboost|p2a: Ix|atk|1\n|-unboost|p2a: Ix|spa|1\n|\n|t:|1776617050\n|switch|p1a: Charizard|Charizard, L50, M|100/100|[from] Parting Shot\n|move|p2b: Salusa|Flare Blitz|p1b: Whimsicott\n|-supereffective|p1b: Whimsicott|1\n|-enditem|p1b: Whimsicott|Focus Sash\n|-damage|p1b: Whimsicott|1/100\n|-damage|p2b: Salusa|41/100|[from] Recoil\n|-enditem|p2b: Salusa|Sitrus Berry|[eat]\n|-heal|p2b: Salusa|66/100|[from] item: Sitrus Berry\n|\n|upkeep\n|turn|6\n|\n|t:|1776617068\n|switch|p2b: Kaitain|Farigiraf, L50, F, shiny|100/100\n|detailschange|p1a: Charizard|Charizard-Mega-Y, L50, M\n|-mega|p1a: Charizard|Charizard|Charizardite Y\n|-weather|SunnyDay|[from] ability: Drought|[of] p1a: Charizard\n|move|p1b: Whimsicott|Helping Hand|p1a: Charizard\n|-singleturn|p1a: Charizard|Helping Hand|[of] p1b: Whimsicott\n|move|p1a: Charizard|Heat Wave|p2b: Kaitain|[spread] p2a,p2b\n|-resisted|p2a: Ix|2\n|-damage|p2a: Ix|60/100\n|-damage|p2b: Kaitain|7/100\n|move|p2a: Ix|Thunder Punch|p1a: Charizard\n|-supereffective|p1a: Charizard|1\n|-damage|p1a: Charizard|15/100\n|\n|-weather|SunnyDay|[upkeep]\n|upkeep\n|turn|7\n|\n|t:|1776617089\n|move|p1b: Whimsicott|Helping Hand|p1a: Charizard\n|-singleturn|p1a: Charizard|Helping Hand|[of] p1b: Whimsicott\n|move|p1a: Charizard|Heat Wave|p2a: Ix|[spread] p2a,p2b\n|-resisted|p2a: Ix|2\n|-damage|p2a: Ix|34/100\n|-damage|p2b: Kaitain|0 fnt\n|faint|p2b: Kaitain\n|move|p2a: Ix|Dragon Claw|p1a: Charizard\n|-crit|p1a: Charizard\n|-damage|p1a: Charizard|0 fnt\n|faint|p1a: Charizard\n|\n|-weather|SunnyDay|[upkeep]\n|upkeep\n|\n|t:|1776617099\n|switch|p1a: Incineroar|Incineroar, L50, M|18/100\n|switch|p2b: Salusa|Incineroar, L50, F|66/100\n|-ability|p1a: Incineroar|Intimidate|boost\n|-unboost|p2a: Ix|atk|1\n|-unboost|p2b: Salusa|atk|1\n|-ability|p2b: Salusa|Intimidate|boost\n|-unboost|p1a: Incineroar|atk|1\n|-unboost|p1b: Whimsicott|atk|1\n|turn|8\n|\n|t:|1776617116\n|move|p1a: Incineroar|Fake Out|p2a: Ix\n|-damage|p2a: Ix|26/100\n|move|p2b: Salusa|Fake Out|p1b: Whimsicott\n|-damage|p1b: Whimsicott|0 fnt\n|faint|p1b: Whimsicott\n|cant|p2a: Ix|flinch\n|\n|-weather|SunnyDay|[upkeep]\n|-heal|p1a: Incineroar|24/100|[from] item: Leftovers\n|-sideend|p1: sillygoosezy|move: Tailwind\n|upkeep\n|turn|9\n|\n|t:|1776617133\n|move|p2a: Ix|Dragon Claw|p1a: Incineroar\n|-damage|p1a: Incineroar|0 fnt\n|faint|p1a: Incineroar\n|\n|win|ballafjong\n|raw|sillygoosezy's rating: 1100 &rarr; <strong>1081</strong><br />(-19 for losing)\n|raw|ballafjong's rating: 1182 &rarr; <strong>1201</strong><br />(+19 for winning)\n",
  "uploadtime": 1776617139,
  "views": 10,
  "formatid": "gen9championsvgc2026regma",
  "rating": 1081,
  "private": 0,
  "password": null
}