{
  "id": "gen9championsvgc2026regma-2588124649",
  "format": "[Gen 9 Champions] VGC 2026 Reg M-A",
  "players": [
    "G3N13",
    "kaka1901"
  ],
  "log": "|j|\u2606G3N13\n|j|\u2606kaka1901\n|t:|1776606901\n|gametype|doubles\n|player|p1|G3N13|n|1157\n|player|p2|kaka1901|blackbelt-gen4dp|1073\n|gen|9\n|tier|[Gen 9 Champions] VGC 2026 Reg M-A\n|rated|\n|rule|Species Clause: Limit one of each Pok\u00e9mon\n|rule|Item Clause: Limit 1 of each item\n|clearpoke\n|poke|p1|Gardevoir, L50, F, shiny|\n|poke|p1|Corviknight, L50, F, shiny|\n|poke|p1|Garchomp, L50, F, shiny|\n|poke|p1|Rotom-Wash, L50, shiny|\n|poke|p1|Incineroar, L50, F|\n|poke|p1|Sinistcha, L50|\n|poke|p2|Talonflame, L50, F|\n|poke|p2|Tyranitar, L50, F|\n|poke|p2|Lycanroc, L50, M|\n|poke|p2|Garchomp, L50, M|\n|poke|p2|Slowbro-Galar, L50, F|\n|poke|p2|Sinistcha, L50|\n|teampreview|4\n|\n|t:|1776606937\n|teamsize|p1|4\n|teamsize|p2|4\n|start\n|switch|p1a: Corviknight|Corviknight, L50, F, shiny|100/100\n|switch|p1b: Garchomp|Garchomp, L50, F, shiny|100/100\n|switch|p2a: Garchomp|Garchomp, L50, M|100/100\n|switch|p2b: Talonflame|Talonflame, L50, F|100/100\n|turn|1\n|\n|t:|1776606968\n|switch|p1b: Gardevoir|Gardevoir, L50, F, shiny|100/100\n|move|p2a: Garchomp|Protect|p2a: Garchomp\n|-singleturn|p2a: Garchomp|Protect\n|move|p2b: Talonflame|Taunt|p1a: Corviknight\n|-start|p1a: Corviknight|move: Taunt\n|cant|p1a: Corviknight|move: Taunt|Tailwind\n|\n|upkeep\n|turn|2\n|\n|t:|1776606990\n|switch|p2a: Tyranitar|Tyranitar, L50, F|100/100\n|-weather|Sandstorm|[from] ability: Sand Stream|[of] p2a: Tyranitar\n|switch|p1a: Garchomp|Garchomp, L50, F, shiny|100/100\n|detailschange|p1b: Gardevoir|Gardevoir-Mega, L50, F, shiny\n|-mega|p1b: Gardevoir|Gardevoir|Gardevoirite\n|move|p2b: Talonflame|Brave Bird|p1b: Gardevoir\n|-damage|p1b: Gardevoir|28/100\n|-damage|p2b: Talonflame|77/100|[from] Recoil\n|move|p1b: Gardevoir|Hyper Voice|p2b: Talonflame|[spread] p2a,p2b\n|-supereffective|p2a: Tyranitar|1\n|-resisted|p2b: Talonflame|1\n|-damage|p2a: Tyranitar|40/100\n|-damage|p2b: Talonflame|40/100\n|\n|-weather|Sandstorm|[upkeep]\n|-damage|p2b: Talonflame|35/100|[from] Sandstorm\n|-damage|p1b: Gardevoir|22/100|[from] Sandstorm\n|-heal|p2a: Tyranitar|45/100|[from] item: Leftovers\n|upkeep\n|turn|3\n|\n|t:|1776607021\n|switch|p1b: Rotom|Rotom-Wash, L50, shiny|100/100\n|move|p2b: Talonflame|Tailwind|p2b: Talonflame\n|-sidestart|p2: kaka1901|move: Tailwind\n|move|p2a: Tyranitar|Rock Slide|p1a: Garchomp|[spread] p1b\n|-miss|p2a: Tyranitar|p1a: Garchomp\n|-damage|p1b: Rotom|67/100\n|move|p1a: Garchomp|Rock Slide|p2a: Tyranitar|[spread] p2a,p2b\n|-supereffective|p2b: Talonflame|2\n|-damage|p2a: Tyranitar|29/100\n|-damage|p2b: Talonflame|0 fnt\n|faint|p2b: Talonflame\n|\n|-weather|Sandstorm|[upkeep]\n|-damage|p1b: Rotom|61/100|[from] Sandstorm\n|-heal|p2a: Tyranitar|34/100|[from] item: Leftovers\n|-heal|p1b: Rotom|67/100|[from] item: Leftovers\n|upkeep\n|\n|t:|1776607040\n|switch|p2b: Sinistcha|Sinistcha, L50|100/100\n|-heal|p2a: Tyranitar|59/100|[from] ability: Hospitality|[of] p2b: Sinistcha\n|turn|4\n|\n|t:|1776607052\n|move|p2b: Sinistcha|Matcha Gotcha|p1b: Rotom|[spread] p1a,p1b\n|-supereffective|p1b: Rotom|1\n|-damage|p1a: Garchomp|77/100\n|-damage|p1b: Rotom|22/100\n|-status|p1a: Garchomp|brn\n|-enditem|p1a: Garchomp|Lum Berry|[eat]\n|-curestatus|p1a: Garchomp|brn|[msg]\n|-status|p1b: Rotom|brn\n|move|p2a: Tyranitar|Curse|p2a: Tyranitar\n|-unboost|p2a: Tyranitar|spe|1\n|-boost|p2a: Tyranitar|atk|1\n|-boost|p2a: Tyranitar|def|1\n|move|p1a: Garchomp|Earthquake|p2a: Tyranitar|[spread] p2a,p2b\n|-immune|p1b: Rotom|[from] ability: Levitate\n|-supereffective|p2a: Tyranitar|1\n|-resisted|p2b: Sinistcha|1\n|-damage|p2a: Tyranitar|17/100\n|-damage|p2b: Sinistcha|85/100\n|move|p1b: Rotom|Discharge|p2b: Sinistcha|[spread] p2a,p2b\n|-immune|p1a: Garchomp\n|-resisted|p2b: Sinistcha|1\n|-damage|p2a: Tyranitar|4/100\n|-damage|p2b: Sinistcha|72/100\n|-status|p2b: Sinistcha|par\n|\n|-weather|Sandstorm|[upkeep]\n|-damage|p1b: Rotom|16/100 brn|[from] Sandstorm\n|-damage|p2b: Sinistcha|66/100 par|[from] Sandstorm\n|-heal|p2a: Tyranitar|10/100|[from] item: Leftovers\n|-heal|p1b: Rotom|22/100 brn|[from] item: Leftovers\n|-damage|p1b: Rotom|16/100 brn|[from] brn\n|upkeep\n|turn|5\n|\n|t:|1776607095\n|move|p1b: Rotom|Protect|p1b: Rotom\n|-singleturn|p1b: Rotom|Protect\n|move|p1a: Garchomp|Earthquake|p2a: Tyranitar|[spread] p2a,p2b\n|-activate|p1b: Rotom|move: Protect\n|-supereffective|p2a: Tyranitar|1\n|-resisted|p2b: Sinistcha|1\n|-damage|p2a: Tyranitar|0 fnt\n|-damage|p2b: Sinistcha|49/100 par\n|-enditem|p2b: Sinistcha|Sitrus Berry|[eat]\n|-heal|p2b: Sinistcha|74/100 par|[from] item: Sitrus Berry\n|faint|p2a: Tyranitar\n|move|p2b: Sinistcha|Trick Room|p2b: Sinistcha\n|-fieldstart|move: Trick Room|[of] p2b: Sinistcha\n|\n|-weather|Sandstorm|[upkeep]\n|-damage|p2b: Sinistcha|67/100 par|[from] Sandstorm\n|-damage|p1b: Rotom|10/100 brn|[from] Sandstorm\n|-heal|p1b: Rotom|16/100 brn|[from] item: Leftovers\n|-damage|p1b: Rotom|10/100 brn|[from] brn\n|upkeep\n|\n|t:|1776607113\n|switch|p2a: Garchomp|Garchomp, L50, M|100/100\n|turn|6\n|\n|t:|1776607128\n|cant|p2b: Sinistcha|par\n|move|p1b: Rotom|Volt Switch|p2b: Sinistcha\n|-resisted|p2b: Sinistcha|1\n|-damage|p2b: Sinistcha|52/100 par\n|\n|t:|1776607135\n|switch|p1b: Corviknight|Corviknight, L50, F, shiny|100/100|[from] Volt Switch\n|move|p1a: Garchomp|Dragon Claw|p2a: Garchomp\n|-supereffective|p2a: Garchomp|1\n|-damage|p2a: Garchomp|24/100\n|move|p2a: Garchomp|Swords Dance|p2a: Garchomp\n|-boost|p2a: Garchomp|atk|2\n|\n|-weather|none\n|-sideend|p2: kaka1901|move: Tailwind\n|upkeep\n|turn|7\n|\n|t:|1776607173\n|detailschange|p2a: Garchomp|Garchomp-Mega, L50, M\n|-mega|p2a: Garchomp|Garchomp|Garchompite\n|move|p2a: Garchomp|Protect|p2a: Garchomp\n|-singleturn|p2a: Garchomp|Protect\n|move|p2b: Sinistcha|Matcha Gotcha|p1a: Garchomp|[spread] p1a,p1b\n|-resisted|p1b: Corviknight|2\n|-damage|p1a: Garchomp|54/100\n|-heal|p2b: Sinistcha|63/100 par|[from] drain|[of] p1a: Garchomp\n|-damage|p1b: Corviknight|94/100\n|-heal|p2b: Sinistcha|67/100 par|[from] drain|[of] p1b: Corviknight\n|move|p1b: Corviknight|Brave Bird|p2b: Sinistcha\n|-supereffective|p2b: Sinistcha|1\n|-damage|p2b: Sinistcha|0 fnt\n|faint|p2b: Sinistcha\n|-damage|p1b: Corviknight|73/100|[from] Recoil\n|move|p1a: Garchomp|Earthquake|p2a: Garchomp|[spread] \n|-activate|p2a: Garchomp|move: Protect\n|-immune|p1b: Corviknight\n|\n|upkeep\n|turn|8\n|\n|t:|1776607207\n|move|p1a: Garchomp|Protect|p1a: Garchomp\n|-singleturn|p1a: Garchomp|Protect\n|move|p1b: Corviknight|Brave Bird|p2a: Garchomp\n|-damage|p2a: Garchomp|0 fnt\n|faint|p2a: Garchomp\n|-damage|p1b: Corviknight|64/100|[from] Recoil\n|\n|win|G3N13\n|raw|G3N13's rating: 1157 &rarr; <strong>1176</strong><br />(+19 for winning)\n|raw|kaka1901's rating: 1073 &rarr; <strong>1057</strong><br />(-16 for losing)\n",
  "uploadtime": 1776607216,
  "views": 9,
  "formatid": "gen9championsvgc2026regma",
  "rating": 1057,
  "private": 0,
  "password": null
}