{
  "id": "gen9championsvgc2026regma-2583793491",
  "format": "[Gen 9 Champions] VGC 2026 Reg M-A",
  "players": [
    "HawaiiCookieCo",
    "stevegthe3"
  ],
  "log": "|j|\u2606HawaiiCookieCo\n|j|\u2606stevegthe3\n|t:|1776198127\n|gametype|doubles\n|player|p1|HawaiiCookieCo|swimmer-gen4dp|1086\n|player|p2|stevegthe3|1|1082\n|gen|9\n|tier|[Gen 9 Champions] VGC 2026 Reg M-A\n|rated|\n|rule|Species Clause: Limit one of each Pok\u00e9mon\n|rule|Item Clause: Limit 1 of each item\n|clearpoke\n|poke|p1|Volcarona, L50, F|\n|poke|p1|Mamoswine, L50, F|\n|poke|p1|Tyranitar, L50, F|\n|poke|p1|Aegislash, L50, F|\n|poke|p1|Maushold, L50|\n|poke|p1|Incineroar, L50, F|\n|poke|p2|Maushold-Four, L50|\n|poke|p2|Incineroar, L50, F|\n|poke|p2|Pelipper, L50, M|\n|poke|p2|Greninja-*, L50, F|\n|poke|p2|Noivern, L50, M|\n|poke|p2|Gyarados, L50, M|\n|teampreview|4\n|inactive|Battle timer is ON: inactive players will automatically lose when time's up. (requested by HawaiiCookieCo)\n|inactive|stevegthe3 has 60 seconds left.\n|\n|t:|1776198180\n|teamsize|p1|4\n|teamsize|p2|4\n|start\n|switch|p1a: Volcarona|Volcarona, L50, F|100/100\n|switch|p1b: Mamoswine|Mamoswine, L50, F|100/100\n|switch|p2a: Incineroar|Incineroar, L50, F|100/100\n|switch|p2b: Gyarados|Gyarados, L50, M|100/100\n|-ability|p2b: Gyarados|Intimidate|boost\n|-unboost|p1a: Volcarona|atk|1\n|-fail|p1b: Mamoswine|unboost|Attack|[from] ability: Oblivious|[of] p1b: Mamoswine\n|-ability|p2a: Incineroar|Intimidate|boost\n|-unboost|p1a: Volcarona|atk|1\n|-fail|p1b: Mamoswine|unboost|Attack|[from] ability: Oblivious|[of] p1b: Mamoswine\n|turn|1\n|inactive|stevegthe3 has 30 seconds left.\n|\n|t:|1776198209\n|move|p1a: Volcarona|Protect|p1a: Volcarona\n|-singleturn|p1a: Volcarona|Protect\n|move|p1b: Mamoswine|Protect|p1b: Mamoswine\n|-singleturn|p1b: Mamoswine|Protect\n|move|p2b: Gyarados|Waterfall|p1a: Volcarona\n|-activate|p1a: Volcarona|move: Protect\n|move|p2a: Incineroar|Flare Blitz|p1b: Mamoswine\n|-activate|p1b: Mamoswine|move: Protect\n|\n|upkeep\n|turn|2\n|inactive|stevegthe3 has 30 seconds left.\n|\n|t:|1776198236\n|switch|p1a: Incineroar|Incineroar, L50, F|100/100\n|-ability|p1a: Incineroar|Intimidate|boost\n|-unboost|p2a: Incineroar|atk|1\n|-unboost|p2b: Gyarados|atk|1\n|-enditem|p2a: Incineroar|White Herb\n|-clearnegativeboost|p2a: Incineroar|[silent]\n|switch|p2b: Pelipper|Pelipper, L50, M|100/100\n|-weather|RainDance|[from] ability: Drizzle|[of] p2b: Pelipper\n|move|p1b: Mamoswine|High Horsepower|p2a: Incineroar\n|-supereffective|p2a: Incineroar|1\n|-damage|p2a: Incineroar|0 fnt\n|faint|p2a: Incineroar\n|\n|-weather|RainDance|[upkeep]\n|upkeep\n|\n|t:|1776198249\n|switch|p2a: Gyarados|Gyarados, L50, M|100/100\n|-ability|p2a: Gyarados|Intimidate|boost\n|-unboost|p1a: Incineroar|atk|1\n|-fail|p1b: Mamoswine|unboost|Attack|[from] ability: Oblivious|[of] p1b: Mamoswine\n|turn|3\n|\n|t:|1776198266\n|switch|p2b: Greninja|Greninja, L50, F, shiny|100/100\n|move|p1a: Incineroar|Fake Out|p2a: Gyarados\n|-damage|p2a: Gyarados|91/100\n|cant|p2a: Gyarados|flinch\n|move|p1b: Mamoswine|Icicle Crash|p2b: Greninja\n|-resisted|p2b: Greninja|1\n|-damage|p2b: Greninja|65/100\n|\n|-weather|RainDance|[upkeep]\n|upkeep\n|turn|4\n|inactive|HawaiiCookieCo has 30 seconds left.\n|\n|t:|1776198293\n|switch|p1a: Tyranitar|Tyranitar, L50, F|100/100\n|-weather|Sandstorm|[from] ability: Sand Stream|[of] p1a: Tyranitar\n|detailschange|p2b: Greninja|Greninja-Mega, L50, F, shiny\n|-mega|p2b: Greninja|Greninja|Greninjite\n|move|p2b: Greninja|Water Shuriken|p1a: Tyranitar\n|-start|p2b: Greninja|typechange|Water|[from] ability: Protean\n|-supereffective|p1a: Tyranitar|1\n|-damage|p1a: Tyranitar|87/100\n|-supereffective|p1a: Tyranitar|1\n|-damage|p1a: Tyranitar|74/100\n|-supereffective|p1a: Tyranitar|1\n|-crit|p1a: Tyranitar\n|-damage|p1a: Tyranitar|54/100\n|-supereffective|p1a: Tyranitar|1\n|-damage|p1a: Tyranitar|43/100\n|-hitcount|p1a: Tyranitar|4\n|move|p2a: Gyarados|Waterfall|p1b: Mamoswine\n|-supereffective|p1b: Mamoswine|1\n|-damage|p1b: Mamoswine|2/100\n|move|p1b: Mamoswine|Icicle Crash|p2a: Gyarados|[miss]\n|-miss|p1b: Mamoswine|p2a: Gyarados\n|\n|-weather|Sandstorm|[upkeep]\n|-damage|p2b: Greninja|59/100|[from] Sandstorm\n|-damage|p2a: Gyarados|85/100|[from] Sandstorm\n|upkeep\n|turn|5\n|inactive|stevegthe3 has 30 seconds left.\n|\n|t:|1776198325\n|switch|p1a: Incineroar|Incineroar, L50, F|100/100\n|-ability|p1a: Incineroar|Intimidate|boost\n|-unboost|p2a: Gyarados|atk|1\n|-unboost|p2b: Greninja|atk|1\n|move|p2b: Greninja|Water Shuriken|p1b: Mamoswine\n|-supereffective|p1b: Mamoswine|1\n|-damage|p1b: Mamoswine|0 fnt\n|faint|p1b: Mamoswine\n|-hitcount|p1: Mamoswine|1\n|move|p2a: Gyarados|Waterfall|p1a: Incineroar\n|-supereffective|p1a: Incineroar|1\n|-damage|p1a: Incineroar|52/100\n|\n|-weather|Sandstorm|[upkeep]\n|-damage|p2b: Greninja|53/100|[from] Sandstorm\n|-damage|p2a: Gyarados|80/100|[from] Sandstorm\n|-damage|p1a: Incineroar|46/100|[from] Sandstorm\n|-enditem|p1a: Incineroar|Sitrus Berry|[eat]\n|-heal|p1a: Incineroar|71/100|[from] item: Sitrus Berry\n|upkeep\n|\n|t:|1776198340\n|switch|p1b: Volcarona|Volcarona, L50, F|100/100\n|turn|6\n|\n|t:|1776198346\n|move|p1a: Incineroar|Fake Out|p2b: Greninja\n|-crit|p2b: Greninja\n|-damage|p2b: Greninja|34/100\n|cant|p2b: Greninja|flinch\n|move|p1b: Volcarona|Quiver Dance|p1b: Volcarona\n|-boost|p1b: Volcarona|spa|1\n|-boost|p1b: Volcarona|spd|1\n|-boost|p1b: Volcarona|spe|1\n|move|p2a: Gyarados|Waterfall|p1a: Incineroar\n|-supereffective|p1a: Incineroar|1\n|-damage|p1a: Incineroar|25/100\n|\n|-weather|Sandstorm|[upkeep]\n|-damage|p1b: Volcarona|95/100|[from] Sandstorm\n|-damage|p2b: Greninja|28/100|[from] Sandstorm\n|-damage|p2a: Gyarados|74/100|[from] Sandstorm\n|-damage|p1a: Incineroar|19/100|[from] Sandstorm\n|-heal|p1b: Volcarona|100/100|[from] item: Leftovers\n|upkeep\n|turn|7\n|\n|t:|1776198366\n|switch|p1a: Tyranitar|Tyranitar, L50, F|43/100\n|move|p1b: Volcarona|Protect|p1b: Volcarona\n|-singleturn|p1b: Volcarona|Protect\n|move|p2b: Greninja|Water Shuriken|p1b: Volcarona\n|-activate|p1b: Volcarona|move: Protect\n|move|p2a: Gyarados|Waterfall|p1a: Tyranitar\n|-supereffective|p1a: Tyranitar|1\n|-damage|p1a: Tyranitar|0 fnt\n|faint|p1a: Tyranitar\n|\n|-weather|Sandstorm|[upkeep]\n|-damage|p1b: Volcarona|95/100|[from] Sandstorm\n|-damage|p2b: Greninja|22/100|[from] Sandstorm\n|-damage|p2a: Gyarados|68/100|[from] Sandstorm\n|-heal|p1b: Volcarona|100/100|[from] item: Leftovers\n|upkeep\n|\n|t:|1776198375\n|switch|p1a: Incineroar|Incineroar, L50, F|19/100\n|-ability|p1a: Incineroar|Intimidate|boost\n|-unboost|p2a: Gyarados|atk|1\n|-unboost|p2b: Greninja|atk|1\n|turn|8\n|\n|t:|1776198382\n|switch|p2b: Pelipper|Pelipper, L50, M|100/100\n|-weather|RainDance|[from] ability: Drizzle|[of] p2b: Pelipper\n|move|p2a: Gyarados|Protect|p2a: Gyarados\n|-singleturn|p2a: Gyarados|Protect\n|move|p1a: Incineroar|Fake Out|p2a: Gyarados\n|-activate|p2a: Gyarados|move: Protect\n|move|p1b: Volcarona|Giga Drain|p2b: Pelipper\n|-damage|p2b: Pelipper|39/100\n|\n|-weather|RainDance|[upkeep]\n|upkeep\n|turn|9\n|\n|t:|1776198405\n|move|p1b: Volcarona|Giga Drain|p2a: Gyarados\n|-damage|p2a: Gyarados|25/100\n|move|p2a: Gyarados|Waterfall|p1b: Volcarona\n|-supereffective|p1b: Volcarona|1\n|-damage|p1b: Volcarona|25/100\n|move|p2b: Pelipper|Surf|p1a: Incineroar|[spread] p2a,p1a,p1b\n|-resisted|p2a: Gyarados|1\n|-supereffective|p1a: Incineroar|1\n|-supereffective|p1b: Volcarona|1\n|-damage|p2a: Gyarados|2/100\n|-damage|p1a: Incineroar|0 fnt\n|-damage|p1b: Volcarona|0 fnt\n|faint|p1a: Incineroar\n|faint|p1b: Volcarona\n|\n|win|stevegthe3\n|raw|HawaiiCookieCo's rating: 1086 &rarr; <strong>1063</strong><br />(-23 for losing)\n|raw|stevegthe3's rating: 1082 &rarr; <strong>1110</strong><br />(+28 for winning)\n|c|\u2606stevegthe3|gg\n",
  "uploadtime": 1776198413,
  "views": 30,
  "formatid": "gen9championsvgc2026regma",
  "rating": 1063,
  "private": 0,
  "password": null
}