{
  "id": "gen9championsvgc2026regma-2587957726",
  "format": "[Gen 9 Champions] VGC 2026 Reg M-A",
  "players": [
    "themilkzmanz",
    "ShaggyMetagross"
  ],
  "log": "|j|\u2606themilkzmanz\n|j|\u2606ShaggyMetagross\n|t:|1776584725\n|gametype|doubles\n|player|p1|themilkzmanz|265|1040\n|player|p2|ShaggyMetagross|cyrus|1035\n|gen|9\n|tier|[Gen 9 Champions] VGC 2026 Reg M-A\n|rated|\n|rule|Species Clause: Limit one of each Pok\u00e9mon\n|rule|Item Clause: Limit 1 of each item\n|clearpoke\n|poke|p1|Meowstic, L50, M|\n|poke|p1|Alcremie, L50, F|\n|poke|p1|Glimmora, L50, F|\n|poke|p1|Krookodile, L50, F|\n|poke|p1|Vaporeon, L50, M|\n|poke|p1|Skarmory, L50, F|\n|poke|p2|Meganium, L50, F, shiny|\n|poke|p2|Milotic, L50, F|\n|poke|p2|Aerodactyl, L50, F|\n|poke|p2|Kangaskhan, L50, F|\n|poke|p2|Aegislash, L50, M, shiny|\n|poke|p2|Sneasler, L50, M|\n|teampreview|4\n|inactive|Battle timer is ON: inactive players will automatically lose when time's up. (requested by themilkzmanz)\n|inactive|ShaggyMetagross has 60 seconds left.\n|\n|t:|1776584760\n|teamsize|p1|4\n|teamsize|p2|4\n|start\n|switch|p1a: Glimmora|Glimmora, L50, F|100/100\n|switch|p1b: Skarmory|Skarmory, L50, F|100/100\n|switch|p2a: Little Foot|Meganium, L50, F, shiny|100/100\n|switch|p2b: Milotic|Milotic, L50, F|100/100\n|turn|1\n|inactive|ShaggyMetagross has 30 seconds left.\n|\n|t:|1776584790\n|switch|p2a: Monado|Aegislash, L50, M, shiny|100/100\n|detailschange|p1b: Skarmory|Skarmory-Mega, L50, F\n|-mega|p1b: Skarmory|Skarmory|Skarmorite\n|move|p1b: Skarmory|Drill Peck|p2a: Monado\n|-resisted|p2a: Monado|1\n|-crit|p2a: Monado\n|-damage|p2a: Monado|68/100\n|move|p1a: Glimmora|Stealth Rock|p2a: Monado\n|-sidestart|p2: ShaggyMetagross|move: Stealth Rock\n|move|p2b: Milotic|Coil|p2b: Milotic\n|-boost|p2b: Milotic|atk|1\n|-boost|p2b: Milotic|def|1\n|-boost|p2b: Milotic|accuracy|1\n|\n|upkeep\n|turn|2\n|inactive|themilkzmanz has 30 seconds left.\n|inactive|ShaggyMetagross has 30 seconds left.\n|inactive|themilkzmanz has 20 seconds left.\n|inactive|themilkzmanz has 15 seconds left.\n|inactive|themilkzmanz has 10 seconds left.\n|\n|t:|1776584838\n|move|p1b: Skarmory|Iron Head|p2b: Milotic\n|-resisted|p2b: Milotic|1\n|-damage|p2b: Milotic|85/100\n|-formechange|p2a: Monado|Aegislash-Blade|\n|move|p2a: Monado|Poltergeist|p1b: Skarmory\n|-activate|p1b: Skarmory|move: Poltergeist|Skarmorite\n|-damage|p1b: Skarmory|15/100\n|move|p1a: Glimmora|Spikes|p2b: Milotic\n|-sidestart|p2: ShaggyMetagross|Spikes\n|cant|p2b: Milotic|flinch\n|\n|upkeep\n|turn|3\n|inactive|ShaggyMetagross has 30 seconds left.\n|\n|t:|1776584865\n|-formechange|p2a: Monado|Aegislash|\n|move|p2a: Monado|King's Shield|p2a: Monado\n|-singleturn|p2a: Monado|Protect\n|move|p1b: Skarmory|Roost|p1b: Skarmory\n|-heal|p1b: Skarmory|66/100\n|-singleturn|p1b: Skarmory|move: Roost\n|move|p1a: Glimmora|Spikes|p2a: Monado\n|-sidestart|p2: ShaggyMetagross|Spikes\n|move|p2b: Milotic|Hydro Pump|p1a: Glimmora\n|-supereffective|p1a: Glimmora|1\n|-damage|p1a: Glimmora|13/100\n|\n|upkeep\n|turn|4\n|\n|t:|1776584888\n|move|p1b: Skarmory|Drill Peck|p2b: Milotic\n|-damage|p2b: Milotic|57/100\n|-formechange|p2a: Monado|Aegislash-Blade|\n|move|p2a: Monado|Poltergeist|p1b: Skarmory\n|-activate|p1b: Skarmory|move: Poltergeist|Skarmorite\n|-damage|p1b: Skarmory|0 fnt\n|faint|p1b: Skarmory\n|move|p1a: Glimmora|Earth Power|p2a: Monado\n|-supereffective|p2a: Monado|1\n|-damage|p2a: Monado|0 fnt\n|faint|p2a: Monado\n|move|p2b: Milotic|Blizzard|p1a: Glimmora\n|-damage|p1a: Glimmora|0 fnt\n|faint|p1a: Glimmora\n|\n|upkeep\n|\n|t:|1776584905\n|switch|p1b: Vaporeon|Vaporeon, L50, M|100/100\n|switch|p2a: Sneasler|Sneasler, L50, M|100/100\n|switch|p1a: Meowstic|Meowstic, L50, M|100/100\n|-damage|p2a: Sneasler|95/100|[from] Stealth Rock\n|-damage|p2a: Sneasler|78/100|[from] Spikes\n|turn|5\n|inactive|ShaggyMetagross has 30 seconds left.\n|\n|t:|1776584937\n|move|p1a: Meowstic|Fake Out|p2b: Milotic\n|-crit|p2b: Milotic\n|-damage|p2b: Milotic|50/100\n|-enditem|p2b: Milotic|Sitrus Berry|[eat]\n|-heal|p2b: Milotic|75/100|[from] item: Sitrus Berry\n|move|p2a: Sneasler|Dire Claw|p1a: Meowstic\n|-damage|p1a: Meowstic|61/100\n|-status|p1a: Meowstic|par\n|cant|p2b: Milotic|flinch\n|move|p1b: Vaporeon|Acid Armor|p1b: Vaporeon\n|-boost|p1b: Vaporeon|def|2\n|\n|upkeep\n|turn|6\n|inactive|themilkzmanz has 30 seconds left.\n|\n|t:|1776584963\n|move|p1a: Meowstic|Skill Swap|p1b: Vaporeon\n|-activate|p1a: Meowstic|Skill Swap|||[of] p1b: Vaporeon\n|move|p1b: Vaporeon|Aqua Ring|p1b: Vaporeon\n|-start|p1b: Vaporeon|Aqua Ring\n|move|p2a: Sneasler|Dire Claw|p1a: Meowstic\n|-damage|p1a: Meowstic|20/100 par\n|move|p2b: Milotic|Blizzard|p1b: Vaporeon|[spread] p1a,p1b\n|-resisted|p1b: Vaporeon|1\n|-damage|p1a: Meowstic|0 fnt\n|-damage|p1b: Vaporeon|93/100\n|faint|p1a: Meowstic\n|\n|-heal|p1b: Vaporeon|99/100|[from] Aqua Ring\n|upkeep\n|turn|7\n|\n|t:|1776584984\n|move|p2a: Sneasler|Dire Claw|p1b: Vaporeon\n|-damage|p1b: Vaporeon|77/100\n|move|p2b: Milotic|Hypnosis|p1b: Vaporeon\n|-status|p1b: Vaporeon|slp|[from] move: Hypnosis\n|cant|p1b: Vaporeon|slp\n|\n|-heal|p1b: Vaporeon|84/100 slp|[from] Aqua Ring\n|upkeep\n|turn|8\n|\n|t:|1776584999\n|move|p2a: Sneasler|Close Combat|p1b: Vaporeon\n|-damage|p1b: Vaporeon|54/100 slp\n|-unboost|p2a: Sneasler|def|1\n|-unboost|p2a: Sneasler|spd|1\n|-enditem|p2a: Sneasler|White Herb\n|-clearnegativeboost|p2a: Sneasler|[silent]\n|move|p2b: Milotic|Hydro Pump|p1b: Vaporeon\n|-resisted|p1b: Vaporeon|1\n|-damage|p1b: Vaporeon|39/100 slp\n|cant|p1b: Vaporeon|slp\n|\n|-heal|p1b: Vaporeon|46/100 slp|[from] Aqua Ring\n|upkeep\n|turn|9\n|\n|t:|1776585015\n|move|p2a: Sneasler|Close Combat|p1b: Vaporeon\n|-damage|p1b: Vaporeon|15/100 slp\n|-unboost|p2a: Sneasler|def|1\n|-unboost|p2a: Sneasler|spd|1\n|move|p2b: Milotic|Hydro Pump|p1b: Vaporeon\n|-resisted|p1b: Vaporeon|1\n|-damage|p1b: Vaporeon|0 fnt\n|faint|p1b: Vaporeon\n|\n|win|ShaggyMetagross\n|raw|themilkzmanz's rating: 1040 &rarr; <strong>1024</strong><br />(-16 for losing)\n|raw|ShaggyMetagross's rating: 1035 &rarr; <strong>1070</strong><br />(+35 for winning)\n|l|\u2606themilkzmanz\n|player|p1|\n",
  "uploadtime": 1776585030,
  "views": 19,
  "formatid": "gen9championsvgc2026regma",
  "rating": 1024,
  "private": 0,
  "password": null
}