{
  "id": "gen9championsvgc2026regma-2589487441",
  "format": "[Gen 9 Champions] VGC 2026 Reg M-A",
  "players": [
    "DLotR",
    "barco0000"
  ],
  "log": "|j|\u2606DLotR\n|j|\u203dbarco0000\n|t:|1776727425\n|gametype|doubles\n|player|p1|DLotR|hilbert|1144\n|player|p2|barco0000|marshal|1073\n|gen|9\n|tier|[Gen 9 Champions] VGC 2026 Reg M-A\n|rated|\n|rule|Species Clause: Limit one of each Pok\u00e9mon\n|rule|Item Clause: Limit 1 of each item\n|clearpoke\n|poke|p1|Venusaur, L50, M|\n|poke|p1|Ninetales-Alola, L50, F|\n|poke|p1|Talonflame, L50, M|\n|poke|p1|Milotic, L50, M|\n|poke|p1|Kingambit, L50, F|\n|poke|p1|Garchomp, L50, M|\n|poke|p2|Charizard, L50, M|\n|poke|p2|Milotic, L50, F|\n|poke|p2|Sneasler, L50, M|\n|poke|p2|Incineroar, L50, M|\n|poke|p2|Sinistcha, L50|\n|poke|p2|Aerodactyl, L50, F|\n|teampreview|4\nbarco0000 rejected open team sheets.\n|inactive|Battle timer is ON: inactive players will automatically lose when time's up. (requested by barco0000)\n|\n|t:|1776727463\n|teamsize|p1|4\n|teamsize|p2|4\n|start\n|switch|p1a: Kingambit|Kingambit, L50, F|100/100\n|switch|p1b: Venusaur|Venusaur, L50, M|100/100\n|switch|p2a: Incineroar|Incineroar, L50, M|100/100\n|switch|p2b: Aerodactyl|Aerodactyl, L50, F|100/100\n|-ability|p2b: Aerodactyl|Unnerve\n|-ability|p2a: Incineroar|Intimidate|boost\n|-unboost|p1a: Kingambit|atk|1\n|-ability|p1a: Kingambit|Defiant|boost\n|-boost|p1a: Kingambit|atk|2\n|-unboost|p1b: Venusaur|atk|1\n|turn|1\n|\n|t:|1776727485\n|switch|p1b: Milotic|Milotic, L50, M|100/100\n|detailschange|p2b: Aerodactyl|Aerodactyl-Mega, L50, F\n|-mega|p2b: Aerodactyl|Aerodactyl|Aerodactylite\n|move|p1a: Kingambit|Protect|p1a: Kingambit\n|-singleturn|p1a: Kingambit|Protect\n|move|p2a: Incineroar|Fake Out|p1a: Kingambit\n|-activate|p1a: Kingambit|move: Protect\n|move|p2b: Aerodactyl|Tailwind|p2b: Aerodactyl\n|-sidestart|p2: barco0000|move: Tailwind\n|\n|upkeep\n|turn|2\n|inactive|barco0000 has 30 seconds left.\n|\n|t:|1776727511\n|move|p1a: Kingambit|Sucker Punch|p2b: Aerodactyl\n|-damage|p2b: Aerodactyl|23/100\n|move|p2b: Aerodactyl|Dual Wingbeat|p1b: Milotic\n|-damage|p1b: Milotic|76/100\n|-damage|p1b: Milotic|51/100\n|-hitcount|p1b: Milotic|2\n|move|p2a: Incineroar|Parting Shot|p1a: Kingambit\n|-unboost|p1a: Kingambit|atk|1\n|-ability|p1a: Kingambit|Defiant|boost\n|-boost|p1a: Kingambit|atk|2\n|-unboost|p1a: Kingambit|spa|1\n|-ability|p1a: Kingambit|Defiant|boost\n|-boost|p1a: Kingambit|atk|2\n|\n|t:|1776727525\n|switch|p2a: Sinistcha|Sinistcha, L50|100/100|[from] Parting Shot\n|-heal|p2b: Aerodactyl|48/100|[from] ability: Hospitality|[of] p2a: Sinistcha\n|move|p1b: Milotic|Scald|p2a: Sinistcha\n|-resisted|p2a: Sinistcha|1\n|-damage|p2a: Sinistcha|83/100\n|\n|-heal|p1b: Milotic|57/100|[from] item: Leftovers\n|upkeep\n|turn|3\n|\n|t:|1776727546\n|move|p1a: Kingambit|Sucker Punch|p2b: Aerodactyl\n|-damage|p2b: Aerodactyl|0 fnt\n|faint|p2b: Aerodactyl\n|move|p2a: Sinistcha|Life Dew|p2a: Sinistcha\n|-heal|p2a: Sinistcha|100/100\n|move|p1b: Milotic|Recover|p1b: Milotic\n|-heal|p1b: Milotic|100/100\n|\n|upkeep\n|\n|t:|1776727553\n|switch|p2b: Incineroar|Incineroar, L50, M|100/100\n|-ability|p2b: Incineroar|Intimidate|boost\n|-unboost|p1a: Kingambit|atk|1\n|-ability|p1a: Kingambit|Defiant|boost\n|-boost|p1a: Kingambit|atk|2\n|-unboost|p1b: Milotic|atk|1\n|-ability|p1b: Milotic|Competitive|boost\n|-boost|p1b: Milotic|spa|2\n|turn|4\n|\n|t:|1776727561\n|move|p1a: Kingambit|Protect|p1a: Kingambit\n|-singleturn|p1a: Kingambit|Protect\n|move|p2b: Incineroar|Fake Out|p1a: Kingambit\n|-activate|p1a: Kingambit|move: Protect\n|move|p2a: Sinistcha|Matcha Gotcha|p1b: Milotic|[spread] \n|-activate|p1a: Kingambit|move: Protect\n|-miss|p2a: Sinistcha|p1b: Milotic\n|move|p1b: Milotic|Recover||[still]\n|-fail|p1b: Milotic|heal\n|\n|-sideend|p2: barco0000|move: Tailwind\n|upkeep\n|turn|5\n|\n|t:|1776727579\n|move|p1a: Kingambit|Sucker Punch|p2a: Sinistcha\n|-supereffective|p2a: Sinistcha|1\n|-damage|p2a: Sinistcha|0 fnt\n|faint|p2a: Sinistcha\n|move|p1b: Milotic|Scald|p2b: Incineroar\n|-supereffective|p2b: Incineroar|1\n|-damage|p2b: Incineroar|0 fnt\n|faint|p2b: Incineroar\n|\n|upkeep\n|-message|barco0000 forfeited.\n|\n|win|DLotR\n|raw|DLotR's rating: 1144 &rarr; <strong>1164</strong><br />(+20 for winning)\n|raw|barco0000's rating: 1073 &rarr; <strong>1056</strong><br />(-17 for losing)\n|l|\u203dbarco0000\n|player|p2|\n",
  "uploadtime": 1776727594,
  "views": 4,
  "formatid": "gen9championsvgc2026regma",
  "rating": 1056,
  "private": 0,
  "password": null
}