{
  "id": "gen9championsvgc2026regma-2586143473",
  "format": "[Gen 9 Champions] VGC 2026 Reg M-A",
  "players": [
    "jewizardlizard",
    "Blookh"
  ],
  "log": "|j|\u203djewizardlizard\n|j|\u2606Blookh\n|t:|1776404456\n|gametype|doubles\n|player|p1|jewizardlizard|clay|1006\n|player|p2|Blookh|102|1046\n|gen|9\n|tier|[Gen 9 Champions] VGC 2026 Reg M-A\n|rated|\n|rule|Species Clause: Limit one of each Pok\u00e9mon\n|rule|Item Clause: Limit 1 of each item\n|clearpoke\n|poke|p1|Meganium, L50, M|\n|poke|p1|Politoed, L50, F|\n|poke|p1|Archaludon, L50, F|\n|poke|p1|Basculegion, L50, M|\n|poke|p1|Espathra, L50, F|\n|poke|p1|Incineroar, L50, M|\n|poke|p2|Incineroar, L50, M|\n|poke|p2|Sinistcha, L50|\n|poke|p2|Rotom-Wash, L50|\n|poke|p2|Floette-Eternal, L50, F|\n|poke|p2|Garchomp, L50, F|\n|poke|p2|Aerodactyl, L50, F|\n|teampreview|4\n|\n|t:|1776404486\n|teamsize|p1|4\n|teamsize|p2|4\n|start\n|switch|p1a: Politoed|Politoed, L50, F|100/100\n|switch|p1b: Espathra|Espathra, L50, F|100/100\n|switch|p2a: Floette|Floette-Eternal, L50, F|100/100\n|switch|p2b: Rotom|Rotom-Wash, L50|100/100\n|-weather|RainDance|[from] ability: Drizzle|[of] p1a: Politoed\n|turn|1\n|\n|t:|1776404506\n|detailschange|p2a: Floette|Floette-Mega, L50, F\n|-mega|p2a: Floette|Floette|Floettite\n|-ability|p2a: Floette|Fairy Aura\n|move|p1b: Espathra|Protect|p1b: Espathra\n|-singleturn|p1b: Espathra|Protect\n|move|p2a: Floette|Dazzling Gleam|p1b: Espathra|[spread] p1a\n|-activate|p1b: Espathra|move: Protect\n|-damage|p1a: Politoed|46/100\n|move|p1a: Politoed|Ice Beam|p2a: Floette\n|-damage|p2a: Floette|83/100\n|move|p2b: Rotom|Thunderbolt|p1a: Politoed\n|-supereffective|p1a: Politoed|1\n|-damage|p1a: Politoed|0 fnt\n|faint|p1a: Politoed\n|\n|-weather|RainDance|[upkeep]\n|-ability|p1b: Espathra|Speed Boost|boost\n|-boost|p1b: Espathra|spe|1\n|upkeep\n|\n|t:|1776404523\n|switch|p1a: Basculegion|Basculegion, L50, M|100/100\n|turn|2\n|\n|t:|1776404543\n|move|p2a: Floette|Protect|p2a: Floette\n|-singleturn|p2a: Floette|Protect\n|move|p1a: Basculegion|Last Respects|p2b: Rotom\n|-damage|p2b: Rotom|41/100\n|move|p1b: Espathra|Lumina Crash|p2a: Floette\n|-activate|p2a: Floette|move: Protect\n|move|p2b: Rotom|Will-O-Wisp|p1a: Basculegion\n|-status|p1a: Basculegion|brn\n|\n|-weather|RainDance|[upkeep]\n|-heal|p2b: Rotom|47/100|[from] item: Leftovers\n|-damage|p1a: Basculegion|94/100 brn|[from] brn\n|-ability|p1b: Espathra|Speed Boost|boost\n|-boost|p1b: Espathra|spe|1\n|upkeep\n|turn|3\n|\n|t:|1776404566\n|switch|p2a: Incineroar|Incineroar, L50, M|100/100\n|-ability|p2a: Incineroar|Intimidate|boost\n|-unboost|p1a: Basculegion|atk|1\n|-unboost|p1b: Espathra|atk|1\n|move|p2b: Rotom|Protect|p2b: Rotom\n|-singleturn|p2b: Rotom|Protect\n|move|p1a: Basculegion|Last Respects|p2a: Incineroar\n|-resisted|p2a: Incineroar|1\n|-damage|p2a: Incineroar|93/100\n|move|p1b: Espathra|Lumina Crash|p2a: Incineroar\n|-immune|p2a: Incineroar\n|\n|-weather|RainDance|[upkeep]\n|-heal|p2b: Rotom|53/100|[from] item: Leftovers\n|-damage|p1a: Basculegion|88/100 brn|[from] brn\n|-ability|p1b: Espathra|Speed Boost|boost\n|-boost|p1b: Espathra|spe|1\n|upkeep\n|turn|4\n|\n|t:|1776404589\n|move|p2a: Incineroar|Fake Out|p1b: Espathra\n|-damage|p1b: Espathra|88/100\n|cant|p1b: Espathra|flinch\n|move|p1a: Basculegion|Flip Turn|p2a: Incineroar\n|-supereffective|p2a: Incineroar|1\n|-damage|p2a: Incineroar|55/100\n|\n|t:|1776404598\n|switch|p1a: Meganium|Meganium, L50, M|100/100|[from] Flip Turn\n|move|p2b: Rotom|Will-O-Wisp|p1b: Espathra\n|-status|p1b: Espathra|brn\n|\n|-weather|RainDance|[upkeep]\n|-heal|p2b: Rotom|58/100|[from] item: Leftovers\n|-damage|p1b: Espathra|82/100 brn|[from] brn\n|-ability|p1b: Espathra|Speed Boost|boost\n|-boost|p1b: Espathra|spe|1\n|upkeep\n|turn|5\n|\n|t:|1776404617\n|switch|p2b: Sinistcha|Sinistcha, L50|100/100\n|-heal|p2a: Incineroar|80/100|[from] ability: Hospitality|[of] p2b: Sinistcha\n|detailschange|p1a: Meganium|Meganium-Mega, L50, M\n|-mega|p1a: Meganium|Meganium|Meganiumite\n|move|p1b: Espathra|Baton Pass|p1b: Espathra\n|\n|t:|1776404625\n|switch|p1b: Basculegion|Basculegion, L50, M|88/100 brn|[from] Baton Pass\n|move|p1a: Meganium|Solar Beam||[still]\n|-prepare|p1a: Meganium|Solar Beam\n|-activate|p1a: Meganium|ability: Mega Sol\n|-anim|p1a: Meganium|Solar Beam|p2b: Sinistcha\n|-resisted|p2b: Sinistcha|1\n|-damage|p2b: Sinistcha|77/100\n|move|p2a: Incineroar|Throat Chop|p1b: Basculegion\n|-supereffective|p1b: Basculegion|1\n|-damage|p1b: Basculegion|9/100 brn\n|-start|p1b: Basculegion|Throat Chop|[silent]\n|\n|-weather|none\n|-damage|p1b: Basculegion|3/100 brn|[from] brn\n|upkeep\n|turn|6\n|\n|t:|1776404651\n|move|p2b: Sinistcha|Rage Powder|p2b: Sinistcha\n|-singleturn|p2b: Sinistcha|move: Rage Powder\n|move|p1b: Basculegion|Last Respects|p2b: Sinistcha\n|-supereffective|p2b: Sinistcha|1\n|-damage|p2b: Sinistcha|47/100\n|-enditem|p2b: Sinistcha|Sitrus Berry|[eat]\n|-heal|p2b: Sinistcha|72/100|[from] item: Sitrus Berry\n|move|p1a: Meganium|Leech Seed|p2a: Incineroar\n|-start|p2a: Incineroar|move: Leech Seed\n|move|p2a: Incineroar|Parting Shot|p1a: Meganium\n|-unboost|p1a: Meganium|atk|1\n|-unboost|p1a: Meganium|spa|1\n|\n|t:|1776404665\n|switch|p2a: Floette|Floette-Mega, L50, F|83/100|[from] Parting Shot\n|-ability|p2a: Floette|Fairy Aura\n|\n|-damage|p1b: Basculegion|0 fnt|[from] brn\n|faint|p1b: Basculegion\n|upkeep\n|\n|t:|1776404672\n|switch|p1b: Espathra|Espathra, L50, F|82/100 brn\n|turn|7\n|\n|t:|1776404689\n|move|p1b: Espathra|Protect|p1b: Espathra\n|-singleturn|p1b: Espathra|Protect\n|move|p2a: Floette|Dazzling Gleam|p1a: Meganium|[spread] p1a\n|-activate|p1b: Espathra|move: Protect\n|-damage|p1a: Meganium|68/100\n|move|p1a: Meganium|Leech Seed|p2a: Floette\n|-start|p2a: Floette|move: Leech Seed\n|move|p2b: Sinistcha|Life Dew|p2b: Sinistcha|[spread] p2a,p2b\n|-heal|p2a: Floette|100/100\n|-heal|p2b: Sinistcha|97/100\n|\n|-damage|p2a: Floette|88/100|[from] Leech Seed|[of] p1a: Meganium\n|-heal|p1a: Meganium|80/100|[silent]\n|-damage|p1b: Espathra|77/100 brn|[from] brn\n|-ability|p1b: Espathra|Speed Boost|boost\n|-boost|p1b: Espathra|spe|1\n|upkeep\n|turn|8\n|\n|t:|1776404716\n|switch|p2a: Incineroar|Incineroar, L50, M|80/100\n|-ability|p2a: Incineroar|Intimidate|boost\n|-unboost|p1a: Meganium|atk|1\n|-unboost|p1b: Espathra|atk|1\n|switch|p2b: Rotom|Rotom-Wash, L50|58/100\n|move|p1b: Espathra|Lumina Crash|p2b: Rotom\n|-damage|p2b: Rotom|16/100\n|-unboost|p2b: Rotom|spd|2\n|move|p1a: Meganium|Substitute|p1a: Meganium\n|-start|p1a: Meganium|Substitute\n|-damage|p1a: Meganium|56/100\n|\n|-heal|p2b: Rotom|22/100|[from] item: Leftovers\n|-damage|p1b: Espathra|71/100 brn|[from] brn\n|-ability|p1b: Espathra|Speed Boost|boost\n|-boost|p1b: Espathra|spe|1\n|upkeep\n|turn|9\n|\n|t:|1776404737\n|move|p2b: Rotom|Protect|p2b: Rotom\n|-singleturn|p2b: Rotom|Protect\n|move|p1b: Espathra|Dazzling Gleam|p2b: Rotom|[spread] p2a\n|-activate|p2b: Rotom|move: Protect\n|-damage|p2a: Incineroar|64/100\n|move|p1a: Meganium|Giga Drain|p2b: Rotom\n|-activate|p2b: Rotom|move: Protect\n|move|p2a: Incineroar|Throat Chop|p1b: Espathra\n|-supereffective|p1b: Espathra|1\n|-damage|p1b: Espathra|3/100 brn\n|-start|p1b: Espathra|Throat Chop|[silent]\n|\n|-heal|p2b: Rotom|27/100|[from] item: Leftovers\n|-damage|p1b: Espathra|0 fnt|[from] brn\n|faint|p1b: Espathra\n|upkeep\n|turn|10\n|\n|t:|1776404761\n|switch|p2b: Sinistcha|Sinistcha, L50|97/100\n|-heal|p2a: Incineroar|89/100|[from] ability: Hospitality|[of] p2b: Sinistcha\n|move|p1a: Meganium|Giga Drain|p2b: Sinistcha\n|-resisted|p2b: Sinistcha|1\n|-damage|p2b: Sinistcha|85/100\n|-heal|p1a: Meganium|61/100|[from] drain|[of] p2b: Sinistcha\n|move|p2a: Incineroar|Flare Blitz|p1a: Meganium\n|-supereffective|p1a: Meganium|1\n|-end|p1a: Meganium|Substitute\n|-damage|p2a: Incineroar|82/100|[from] Recoil|[of] p1a: Meganium\n|\n|upkeep\n|turn|11\n|\n|t:|1776404779\n|move|p1a: Meganium|Leech Seed|p2a: Incineroar\n|-start|p2a: Incineroar|move: Leech Seed\n|move|p2b: Sinistcha|Life Dew|p2b: Sinistcha|[spread] p2a,p2b\n|-heal|p2a: Incineroar|100/100\n|-heal|p2b: Sinistcha|100/100\n|move|p2a: Incineroar|Flare Blitz|p1a: Meganium\n|-supereffective|p1a: Meganium|1\n|-damage|p1a: Meganium|0 fnt\n|faint|p1a: Meganium\n|-damage|p2a: Incineroar|82/100|[from] Recoil\n|\n|win|Blookh\n|raw|jewizardlizard's rating: 1006 &rarr; <strong>1000</strong><br />(-6 for losing)\n|raw|Blookh's rating: 1046 &rarr; <strong>1075</strong><br />(+29 for winning)\n|l|\u203djewizardlizard\n|player|p1|\n",
  "uploadtime": 1776404795,
  "views": 27,
  "formatid": "gen9championsvgc2026regma",
  "rating": 1000,
  "private": 0,
  "password": null
}