{
  "id": "gen9championsvgc2026regma-2587337419",
  "format": "[Gen 9 Champions] VGC 2026 Reg M-A",
  "players": [
    "Patossauru",
    "goatblackbeard"
  ],
  "log": "|j|\u2606Patossauru\n|j|\u2606goatblackbeard\n|t:|1776523262\n|gametype|doubles\n|player|p1|Patossauru|hilda|1025\n|player|p2|goatblackbeard|ethan|1000\n|gen|9\n|tier|[Gen 9 Champions] VGC 2026 Reg M-A\n|rated|\n|rule|Species Clause: Limit one of each Pok\u00e9mon\n|rule|Item Clause: Limit 1 of each item\n|clearpoke\n|poke|p1|Charizard, L50, M|\n|poke|p1|Venusaur, L50, M|\n|poke|p1|Garchomp, L50, M|\n|poke|p1|Incineroar, L50, M|\n|poke|p1|Basculegion, L50, M|\n|poke|p1|Sneasler, L50, F|\n|poke|p2|Aerodactyl, L50, F|\n|poke|p2|Sneasler, L50, F|\n|poke|p2|Clefable, L50, M|\n|poke|p2|Aegislash, L50, M|\n|poke|p2|Feraligatr, L50, M|\n|poke|p2|Incineroar, L50, M|\n|teampreview|4\n|inactive|Battle timer is ON: inactive players will automatically lose when time's up. (requested by Patossauru)\n|\n|t:|1776523290\n|teamsize|p1|4\n|teamsize|p2|4\n|start\n|switch|p1a: Charizard|Charizard, L50, M|100/100\n|switch|p1b: Sneasler|Sneasler, L50, F|100/100\n|switch|p2a: Feraligatr|Feraligatr, L50, M|100/100\n|switch|p2b: Aerodactyl|Aerodactyl, L50, F|100/100\n|-ability|p2b: Aerodactyl|Unnerve\n|turn|1\n|\n|t:|1776523307\n|detailschange|p1a: Charizard|Charizard-Mega-Y, L50, M\n|-mega|p1a: Charizard|Charizard|Charizardite Y\n|-weather|SunnyDay|[from] ability: Drought|[of] p1a: Charizard\n|move|p1b: Sneasler|Fake Out|p2b: Aerodactyl\n|-resisted|p2b: Aerodactyl|1\n|-damage|p2b: Aerodactyl|89/100\n|cant|p2b: Aerodactyl|flinch\n|move|p1a: Charizard|Solar Beam||[still]\n|-prepare|p1a: Charizard|Solar Beam\n|-anim|p1a: Charizard|Solar Beam|p2a: Feraligatr\n|-supereffective|p2a: Feraligatr|1\n|-damage|p2a: Feraligatr|4/100\n|move|p2a: Feraligatr|Waterfall|p1a: Charizard\n|-supereffective|p1a: Charizard|1\n|-damage|p1a: Charizard|29/100\n|\n|-weather|SunnyDay|[upkeep]\n|upkeep\n|turn|2\n|inactive|Patossauru has 30 seconds left.\n|inactive|goatblackbeard has 30 seconds left.\n|inactive|Patossauru has 20 seconds left.\n|\n|t:|1776523346\n|move|p1a: Charizard|Protect|p1a: Charizard\n|-singleturn|p1a: Charizard|Protect\n|move|p2a: Feraligatr|Protect|p2a: Feraligatr\n|-singleturn|p2a: Feraligatr|Protect\n|move|p2b: Aerodactyl|Rock Slide|p1a: Charizard|[spread] p1b\n|-activate|p1a: Charizard|move: Protect\n|-resisted|p1b: Sneasler|1\n|-damage|p1b: Sneasler|85/100\n|cant|p1b: Sneasler|flinch\n|\n|-weather|SunnyDay|[upkeep]\n|upkeep\n|turn|3\n|\n|t:|1776523371\n|switch|p2a: Sneasler|Sneasler, L50, F|100/100\n|move|p2b: Aerodactyl|Rock Slide|p1a: Charizard|[spread] p1a,p1b\n|-supereffective|p1a: Charizard|2\n|-resisted|p1b: Sneasler|1\n|-damage|p1a: Charizard|0 fnt\n|-damage|p1b: Sneasler|67/100\n|faint|p1a: Charizard\n|move|p1b: Sneasler|Close Combat|p2b: Aerodactyl\n|-crit|p2b: Aerodactyl\n|-damage|p2b: Aerodactyl|0 fnt\n|-unboost|p1b: Sneasler|def|1\n|-unboost|p1b: Sneasler|spd|1\n|faint|p2b: Aerodactyl\n|-enditem|p1b: Sneasler|White Herb\n|-clearnegativeboost|p1b: Sneasler|[silent]\n|\n|-weather|SunnyDay|[upkeep]\n|upkeep\n|\n|t:|1776523388\n|switch|p2b: Incineroar|Incineroar, L50, M|100/100\n|switch|p1a: Venusaur|Venusaur, L50, M|100/100\n|-ability|p2b: Incineroar|Intimidate|boost\n|-unboost|p1a: Venusaur|atk|1\n|-unboost|p1b: Sneasler|atk|1\n|turn|4\n|\n|t:|1776523404\n|move|p2a: Sneasler|Fake Out|p1b: Sneasler\n|-damage|p1b: Sneasler|47/100\n|-immune|p1b: Sneasler\n|cant|p1b: Sneasler|flinch\n|move|p1a: Venusaur|Sleep Powder|p2b: Incineroar|[miss]\n|-miss|p1a: Venusaur|p2b: Incineroar\n|move|p2b: Incineroar|Blaze Kick|p1a: Venusaur\n|-supereffective|p1a: Venusaur|1\n|-enditem|p1a: Venusaur|Focus Sash\n|-damage|p1a: Venusaur|1/100\n|\n|-weather|SunnyDay|[upkeep]\n|upkeep\n|turn|5\n|\n|t:|1776523429\n|move|p2b: Incineroar|Protect|p2b: Incineroar\n|-singleturn|p2b: Incineroar|Protect\n|move|p1b: Sneasler|Close Combat|p2b: Incineroar\n|-activate|p2b: Incineroar|move: Protect\n|move|p1a: Venusaur|Sleep Powder|p2a: Sneasler\n|-status|p2a: Sneasler|slp|[from] move: Sleep Powder\n|cant|p2a: Sneasler|slp\n|\n|-weather|none\n|upkeep\n|turn|6\n|\n|t:|1776523448\n|cant|p2a: Sneasler|slp\n|move|p1a: Venusaur|Protect|p1a: Venusaur\n|-singleturn|p1a: Venusaur|Protect\n|move|p1b: Sneasler|Close Combat|p2b: Incineroar\n|-supereffective|p2b: Incineroar|1\n|-damage|p2b: Incineroar|10/100\n|-unboost|p1b: Sneasler|def|1\n|-unboost|p1b: Sneasler|spd|1\n|move|p2b: Incineroar|Parting Shot|p1a: Venusaur\n|-activate|p1a: Venusaur|move: Protect\n|\n|-heal|p2b: Incineroar|16/100|[from] item: Leftovers\n|upkeep\n|turn|7\n|inactive|Patossauru has 30 seconds left.\n|inactive|goatblackbeard has 30 seconds left.\n|\n|t:|1776523475\n|move|p2b: Incineroar|Protect|p2b: Incineroar\n|-singleturn|p2b: Incineroar|Protect\n|move|p1b: Sneasler|Dire Claw|p2b: Incineroar\n|-activate|p2b: Incineroar|move: Protect\n|-curestatus|p2a: Sneasler|slp|[msg]\n|move|p2a: Sneasler|Dire Claw|p1a: Venusaur\n|-damage|p1a: Venusaur|0 fnt\n|faint|p1a: Venusaur\n|\n|-heal|p2b: Incineroar|22/100|[from] item: Leftovers\n|upkeep\n|\n|t:|1776523484\n|switch|p1a: Garchomp|Garchomp, L50, M|100/100\n|turn|8\n|inactive|goatblackbeard has 30 seconds left.\n|\n|t:|1776523513\n|move|p2a: Sneasler|Protect|p2a: Sneasler\n|-singleturn|p2a: Sneasler|Protect\n|move|p1b: Sneasler|Close Combat|p2b: Incineroar\n|-supereffective|p2b: Incineroar|1\n|-damage|p2b: Incineroar|0 fnt\n|-unboost|p1b: Sneasler|def|1\n|-unboost|p1b: Sneasler|spd|1\n|faint|p2b: Incineroar\n|move|p1a: Garchomp|Earthquake|p2a: Sneasler|[spread] p1b\n|-activate|p2a: Sneasler|move: Protect\n|-supereffective|p1b: Sneasler|1\n|-damage|p1b: Sneasler|0 fnt\n|faint|p1b: Sneasler\n|\n|upkeep\n|\n|t:|1776523527\n|switch|p2b: Feraligatr|Feraligatr, L50, M|4/100\n|turn|9\n|\n|t:|1776523548\n|detailschange|p2b: Feraligatr|Feraligatr-Mega, L50, M\n|-mega|p2b: Feraligatr|Feraligatr|Feraligite\n|move|p1a: Garchomp|Earthquake|p2b: Feraligatr|[spread] p2a,p2b\n|-supereffective|p2a: Sneasler|1\n|-enditem|p2a: Sneasler|Focus Sash\n|-damage|p2a: Sneasler|1/100\n|-damage|p2b: Feraligatr|0 fnt\n|faint|p2b: Feraligatr\n|move|p2a: Sneasler|Close Combat|p1a: Garchomp\n|-damage|p1a: Garchomp|42/100\n|-unboost|p2a: Sneasler|def|1\n|-unboost|p2a: Sneasler|spd|1\n|-damage|p2a: Sneasler|0 fnt|[from] ability: Rough Skin|[of] p1a: Garchomp\n|faint|p2a: Sneasler\n|\n|win|Patossauru\n|raw|Patossauru's rating: 1025 &rarr; <strong>1059</strong><br />(+34 for winning)\n|raw|goatblackbeard's rating: 1000 &rarr; <strong>1000</strong><br />(+0 for losing)\n",
  "uploadtime": 1776523563,
  "views": 20,
  "formatid": "gen9championsvgc2026regma",
  "rating": 1000,
  "private": 0,
  "password": null
}