{
  "id": "gen9championsvgc2026regma-2583805142",
  "format": "[Gen 9 Champions] VGC 2026 Reg M-A",
  "players": [
    "OnihC",
    "saypher"
  ],
  "log": "|j|\u2606OnihC\n|j|\u2606saypher\n|t:|1776198975\n|gametype|doubles\n|player|p1|OnihC|blue|1163\n|player|p2|saypher|101|1172\n|gen|9\n|tier|[Gen 9 Champions] VGC 2026 Reg M-A\n|rated|\n|rule|Species Clause: Limit one of each Pok\u00e9mon\n|rule|Item Clause: Limit 1 of each item\n|clearpoke\n|poke|p1|Glimmora, L50, F|\n|poke|p1|Dragonite, L50, F|\n|poke|p1|Aegislash, L50, M|\n|poke|p1|Pelipper, L50, F|\n|poke|p1|Sinistcha-Masterpiece, L50|\n|poke|p1|Mamoswine, L50, F|\n|poke|p2|Chandelure, L50, M|\n|poke|p2|Primarina, L50, F|\n|poke|p2|Meowscarada, L50, M|\n|poke|p2|Sneasler, L50, F|\n|poke|p2|Aerodactyl, L50, F|\n|poke|p2|Mudsdale, L50, F|\n|teampreview|4\n|inactive|Battle timer is ON: inactive players will automatically lose when time's up. (requested by saypher)\n|\n|t:|1776199049\n|teamsize|p1|4\n|teamsize|p2|4\n|start\n|switch|p1a: Mamoswine|Mamoswine, L50, F|100/100\n|switch|p1b: Dragonite|Dragonite, L50, F|100/100\n|switch|p2a: Meowscarada|Meowscarada, L50, M|100/100\n|switch|p2b: Primarina|Primarina, L50, F|100/100\n|turn|1\n|inactive|OnihC has 30 seconds left.\n|inactive|OnihC has 20 seconds left.\n|inactive|OnihC has 15 seconds left.\n|\n|t:|1776199089\n|switch|p1a: Glimmora|Glimmora, L50, F|100/100\n|move|p1b: Dragonite|Protect|p1b: Dragonite\n|-singleturn|p1b: Dragonite|Protect\n|move|p2a: Meowscarada|Knock Off|p1b: Dragonite\n|-start|p2a: Meowscarada|typechange|Dark|[from] ability: Protean\n|-activate|p1b: Dragonite|move: Protect\n|move|p2b: Primarina|Dazzling Gleam|p1b: Dragonite|[spread] p1a\n|-activate|p1b: Dragonite|move: Protect\n|-resisted|p1a: Glimmora|1\n|-damage|p1a: Glimmora|80/100\n|\n|upkeep\n|turn|2\n|inactive|OnihC has 30 seconds left.\n|\n|t:|1776199116\n|move|p1a: Glimmora|Spiky Shield|p1a: Glimmora\n|-singleturn|p1a: Glimmora|move: Protect\n|move|p2a: Meowscarada|Knock Off|p1a: Glimmora\n|-activate|p1a: Glimmora|move: Protect\n|-damage|p2a: Meowscarada|88/100|[from] Spiky Shield|[of] p1a: Glimmora\n|move|p1b: Dragonite|Draco Meteor|p2a: Meowscarada\n|-damage|p2a: Meowscarada|0 fnt\n|-unboost|p1b: Dragonite|spa|2\n|faint|p2a: Meowscarada\n|move|p2b: Primarina|Hyper Voice|p1a: Glimmora|[spread] p1b\n|-activate|p1a: Glimmora|move: Protect\n|-resisted|p1b: Dragonite|1\n|-damage|p1b: Dragonite|81/100\n|\n|upkeep\n|\n|t:|1776199126\n|switch|p2a: Sneasler|Sneasler, L50, F|100/100\n|turn|3\n|\n|t:|1776199142\n|switch|p1a: Pelipper|Pelipper, L50, F|100/100\n|-weather|RainDance|[from] ability: Drizzle|[of] p1a: Pelipper\n|move|p2a: Sneasler|Close Combat|p1a: Pelipper\n|-resisted|p1a: Pelipper|1\n|-damage|p1a: Pelipper|58/100\n|-unboost|p2a: Sneasler|def|1\n|-unboost|p2a: Sneasler|spd|1\n|move|p1b: Dragonite|Hurricane|p2a: Sneasler\n|-supereffective|p2a: Sneasler|1\n|-damage|p2a: Sneasler|8/100\n|move|p2b: Primarina|Hyper Voice|p1b: Dragonite|[spread] p1a,p1b\n|-resisted|p1a: Pelipper|1\n|-resisted|p1b: Dragonite|1\n|-damage|p1a: Pelipper|12/100\n|-damage|p1b: Dragonite|48/100\n|\n|-weather|RainDance|[upkeep]\n|upkeep\n|turn|4\n|\n|t:|1776199166\n|move|p1a: Pelipper|Wide Guard|p1a: Pelipper\n|-singleturn|p1a: Pelipper|Wide Guard\n|move|p2a: Sneasler|Dire Claw|p1b: Dragonite\n|-damage|p1b: Dragonite|0 fnt\n|faint|p1b: Dragonite\n|move|p2b: Primarina|Dazzling Gleam|p1a: Pelipper\n|-activate|p1a: Pelipper|move: Wide Guard\n|\n|-weather|RainDance|[upkeep]\n|upkeep\n|\n|t:|1776199178\n|switch|p1b: Mamoswine|Mamoswine, L50, F|100/100\n|turn|5\n|\n|t:|1776199192\n|switch|p2a: Chandelure|Chandelure, L50, M|100/100\n|move|p1b: Mamoswine|Ice Shard|p2a: Chandelure\n|-resisted|p2a: Chandelure|1\n|-damage|p2a: Chandelure|84/100\n|move|p1a: Pelipper|Tailwind|p1a: Pelipper\n|-sidestart|p1: OnihC|move: Tailwind\n|move|p2b: Primarina|Hyper Voice|p1a: Pelipper|[spread] p1a,p1b\n|-resisted|p1a: Pelipper|1\n|-supereffective|p1b: Mamoswine|1\n|-damage|p1a: Pelipper|0 fnt\n|-damage|p1b: Mamoswine|0 fnt\n|faint|p1a: Pelipper\n|faint|p1b: Mamoswine\n|\n|-weather|RainDance|[upkeep]\n|upkeep\n|\n|t:|1776199208\n|switch|p1a: Glimmora|Glimmora, L50, F|80/100\n|turn|6\n|\n|t:|1776199217\n|detailschange|p1a: Glimmora|Glimmora-Mega, L50, F\n|-mega|p1a: Glimmora|Glimmora|Glimmoranite\n|detailschange|p2a: Chandelure|Chandelure-Mega, L50, M\n|-mega|p2a: Chandelure|Chandelure|Chandelurite\n|move|p1a: Glimmora|Sludge Bomb|p2b: Primarina\n|-supereffective|p2b: Primarina|1\n|-damage|p2b: Primarina|0 fnt\n|faint|p2b: Primarina\n|move|p2a: Chandelure|Shadow Ball|p1a: Glimmora\n|-damage|p1a: Glimmora|16/100\n|\n|-weather|RainDance|[upkeep]\n|upkeep\n|\n|t:|1776199225\n|switch|p2b: Sneasler|Sneasler, L50, F|8/100\n|turn|7\n|\n|t:|1776199233\n|move|p1a: Glimmora|Spiky Shield|p1a: Glimmora\n|-singleturn|p1a: Glimmora|move: Protect\n|move|p2b: Sneasler|Close Combat|p1a: Glimmora\n|-activate|p1a: Glimmora|move: Protect\n|-damage|p2b: Sneasler|0 fnt|[from] Spiky Shield|[of] p1a: Glimmora\n|faint|p2b: Sneasler\n|move|p2a: Chandelure|Shadow Ball|p1a: Glimmora\n|-activate|p1a: Glimmora|move: Protect\n|\n|-weather|none\n|upkeep\n|turn|8\n|\n|t:|1776199246\n|move|p1a: Glimmora|Power Gem|p2a: Chandelure\n|-supereffective|p2a: Chandelure|1\n|-damage|p2a: Chandelure|0 fnt\n|faint|p2a: Chandelure\n|\n|win|OnihC\n|raw|OnihC's rating: 1163 &rarr; <strong>1189</strong><br />(+26 for winning)\n|raw|saypher's rating: 1172 &rarr; <strong>1146</strong><br />(-26 for losing)\n|l|\u2606saypher\n|player|p2|\n",
  "uploadtime": 1776199254,
  "views": 23,
  "formatid": "gen9championsvgc2026regma",
  "rating": 1146,
  "private": 0,
  "password": null
}