{
  "id": "gen9championsvgc2026regma-2584539079",
  "format": "[Gen 9 Champions] VGC 2026 Reg M-A",
  "players": [
    "W1ll1am86",
    "uconduit"
  ],
  "log": "|j|\u2606W1ll1am86\n|j|\u2606uconduit\n|t:|1776267446\n|gametype|doubles\n|player|p1|W1ll1am86|palmer|1046\n|player|p2|uconduit|cameraman|1045\n|gen|9\n|tier|[Gen 9 Champions] VGC 2026 Reg M-A\n|rated|\n|rule|Species Clause: Limit one of each Pok\u00e9mon\n|rule|Item Clause: Limit 1 of each item\n|clearpoke\n|poke|p1|Tauros-Paldea-Blaze, L50, M|\n|poke|p1|Meganium, L50, M|\n|poke|p1|Aerodactyl, L50, F|\n|poke|p1|Goodra-Hisui, L50, M|\n|poke|p1|Gengar, L50, M|\n|poke|p1|Greninja-*, L50, F|\n|poke|p2|Aggron, L50, M|\n|poke|p2|Slowking-Galar, L50, M|\n|poke|p2|Sinistcha-Masterpiece, L50|\n|poke|p2|Incineroar, L50, M|\n|poke|p2|Pelipper, L50, M|\n|poke|p2|Sneasler, L50, F|\n|teampreview|4\n|\n|t:|1776267501\n|teamsize|p1|4\n|teamsize|p2|4\n|start\n|switch|p1a: Aerodactyl|Aerodactyl, L50, F|100/100\n|switch|p1b: Goodra|Goodra-Hisui, L50, M|100/100\n|switch|p2a: Pelipper|Pelipper, L50, M|100/100\n|switch|p2b: Incineroar|Incineroar, L50, M|100/100\n|-ability|p1a: Aerodactyl|Unnerve\n|-weather|RainDance|[from] ability: Drizzle|[of] p2a: Pelipper\n|-ability|p2b: Incineroar|Intimidate|boost\n|-unboost|p1a: Aerodactyl|atk|1\n|-unboost|p1b: Goodra|atk|1\n|turn|1\n|inactive|Battle timer is ON: inactive players will automatically lose when time's up. (requested by W1ll1am86)\n|\n|t:|1776267530\n|move|p2b: Incineroar|Fake Out|p1a: Aerodactyl\n|-resisted|p1a: Aerodactyl|1\n|-damage|p1a: Aerodactyl|92/100\n|cant|p1a: Aerodactyl|flinch\n|move|p2a: Pelipper|Ice Beam|p1a: Aerodactyl\n|-supereffective|p1a: Aerodactyl|1\n|-damage|p1a: Aerodactyl|6/100\n|move|p1b: Goodra|Shelter|p1b: Goodra\n|-boost|p1b: Goodra|def|2\n|\n|-weather|RainDance|[upkeep]\n|upkeep\n|turn|2\n|inactive|W1ll1am86 has 30 seconds left.\n|inactive|uconduit has 30 seconds left.\n|\n|t:|1776267559\n|move|p1a: Aerodactyl|Tailwind|p1a: Aerodactyl\n|-sidestart|p1: W1ll1am86|move: Tailwind\n|move|p1b: Goodra|Body Press|p2b: Incineroar\n|-supereffective|p2b: Incineroar|1\n|-damage|p2b: Incineroar|3/100\n|move|p2a: Pelipper|Ice Beam|p1a: Aerodactyl\n|-supereffective|p1a: Aerodactyl|1\n|-damage|p1a: Aerodactyl|0 fnt\n|faint|p1a: Aerodactyl\n|move|p2b: Incineroar|Darkest Lariat|p1b: Goodra\n|-damage|p1b: Goodra|76/100\n|-ability|p1b: Goodra|Gooey\n|-unboost|p2b: Incineroar|spe|1\n|\n|-weather|RainDance|[upkeep]\n|-heal|p1b: Goodra|82/100|[from] item: Leftovers\n|upkeep\n|inactive|W1ll1am86 has 30 seconds left.\n|\n|t:|1776267586\n|switch|p1a: Meganium|Meganium, L50, M|100/100\n|turn|3\n|inactive|W1ll1am86 has 30 seconds left.\n|\n|t:|1776267617\n|detailschange|p1a: Meganium|Meganium-Mega, L50, M\n|-mega|p1a: Meganium|Meganium|Meganiumite\n|move|p2b: Incineroar|Protect|p2b: Incineroar\n|-singleturn|p2b: Incineroar|Protect\n|move|p1a: Meganium|Solar Beam||[still]\n|-prepare|p1a: Meganium|Solar Beam\n|-activate|p1a: Meganium|ability: Mega Sol\n|-anim|p1a: Meganium|Solar Beam|p2a: Pelipper\n|-damage|p2a: Pelipper|0 fnt\n|faint|p2a: Pelipper\n|move|p1b: Goodra|Heavy Slam|p2b: Incineroar\n|-activate|p2b: Incineroar|move: Protect\n|\n|-weather|RainDance|[upkeep]\n|-heal|p1b: Goodra|88/100|[from] item: Leftovers\n|upkeep\n|\n|t:|1776267638\n|switch|p2a: Sneasler|Sneasler, L50, F|100/100\n|turn|4\n|\n|t:|1776267658\n|switch|p1a: Tauros|Tauros-Paldea-Blaze, L50, M|100/100\n|-ability|p1a: Tauros|Intimidate|boost\n|-unboost|p2a: Sneasler|atk|1\n|-unboost|p2b: Incineroar|atk|1\n|-enditem|p2a: Sneasler|White Herb\n|-clearnegativeboost|p2a: Sneasler|[silent]\n|move|p2a: Sneasler|Fake Out|p1a: Tauros\n|-damage|p1a: Tauros|81/100\n|move|p1b: Goodra|Heavy Slam|p2a: Sneasler\n|-damage|p2a: Sneasler|59/100\n|move|p2b: Incineroar|Darkest Lariat|p1b: Goodra\n|-damage|p1b: Goodra|72/100\n|-ability|p1b: Goodra|Gooey\n|-unboost|p2b: Incineroar|spe|1\n|\n|-weather|RainDance|[upkeep]\n|-heal|p1b: Goodra|78/100|[from] item: Leftovers\n|upkeep\n|turn|5\n|inactive|W1ll1am86 has 30 seconds left.\n|inactive|uconduit has 30 seconds left.\n|\n|t:|1776267691\n|move|p1a: Tauros|High Horsepower|p2a: Sneasler\n|-supereffective|p2a: Sneasler|1\n|-damage|p2a: Sneasler|0 fnt\n|faint|p2a: Sneasler\n|move|p1b: Goodra|Heavy Slam|p2b: Incineroar\n|-resisted|p2b: Incineroar|1\n|-damage|p2b: Incineroar|0 fnt\n|faint|p2b: Incineroar\n|\n|-weather|none\n|-heal|p1b: Goodra|84/100|[from] item: Leftovers\n|-sideend|p1: W1ll1am86|move: Tailwind\n|upkeep\n|\n|t:|1776267695\n|switch|p2b: Aggron|Aggron, L50, M|100/100\n|turn|6\n|\n|t:|1776267710\n|detailschange|p2b: Aggron|Aggron-Mega, L50, M\n|-mega|p2b: Aggron|Aggron|Aggronite\n|move|p1a: Tauros|High Horsepower|p2b: Aggron\n|-supereffective|p2b: Aggron|1\n|-crit|p2b: Aggron\n|-damage|p2b: Aggron|61/100\n|move|p1b: Goodra|Body Press|p2b: Aggron\n|-supereffective|p2b: Aggron|1\n|-damage|p2b: Aggron|15/100\n|move|p2b: Aggron|Iron Defense|p2b: Aggron\n|-boost|p2b: Aggron|def|2\n|\n|-heal|p1b: Goodra|90/100|[from] item: Leftovers\n|upkeep\n|turn|7\n|-message|uconduit forfeited.\n|\n|win|W1ll1am86\n|raw|W1ll1am86's rating: 1046 &rarr; <strong>1079</strong><br />(+33 for winning)\n|raw|uconduit's rating: 1045 &rarr; <strong>1028</strong><br />(-17 for losing)\n|l|\u2606uconduit\n|player|p2|\n",
  "uploadtime": 1776267748,
  "views": 20,
  "formatid": "gen9championsvgc2026regma",
  "rating": 1028,
  "private": 0,
  "password": null
}