{
  "id": "gen9championsvgc2026regma-2586519494",
  "format": "[Gen 9 Champions] VGC 2026 Reg M-A",
  "players": [
    "MyceliaMocha",
    "creemchease"
  ],
  "log": "|j|\u2606MyceliaMocha\n|j|\u2606creemchease\n|t:|1776440232\n|gametype|doubles\n|player|p1|MyceliaMocha|bellelba|1342\n|player|p2|creemchease|2|1271\n|gen|9\n|tier|[Gen 9 Champions] VGC 2026 Reg M-A\n|rated|\n|rule|Species Clause: Limit one of each Pok\u00e9mon\n|rule|Item Clause: Limit 1 of each item\n|clearpoke\n|poke|p1|Floette-Eternal, L50, F|\n|poke|p1|Sinistcha, L50|\n|poke|p1|Incineroar, L50, M|\n|poke|p1|Basculegion, L50, M|\n|poke|p1|Sneasler, L50, F|\n|poke|p1|Pelipper, L50, F|\n|poke|p2|Kingambit, L50, M|\n|poke|p2|Sylveon, L50, F|\n|poke|p2|Starmie, L50|\n|poke|p2|Incineroar, L50, M|\n|poke|p2|Sinistcha, L50|\n|poke|p2|Sneasler, L50, F|\n|teampreview|4\n|inactive|Battle timer is ON: inactive players will automatically lose when time's up. (requested by MyceliaMocha)\n|inactive|creemchease has 60 seconds left.\n|\n|t:|1776440332\n|teamsize|p1|4\n|teamsize|p2|4\n|start\n|switch|p1a: Water the Roses|Floette-Eternal, L50, F|100/100\n|switch|p1b: Static|Sinistcha, L50|100/100\n|switch|p2a: Sinistcha|Sinistcha, L50|100/100\n|switch|p2b: Kingambit|Kingambit, L50, M|100/100\n|turn|1\n|\n|t:|1776440360\n|detailschange|p1a: Water the Roses|Floette-Mega, L50, F\n|-mega|p1a: Water the Roses|Floette|Floettite\n|-ability|p1a: Water the Roses|Fairy Aura\n|move|p1b: Static|Rage Powder|p1b: Static\n|-singleturn|p1b: Static|move: Rage Powder\n|move|p1a: Water the Roses|Calm Mind|p1a: Water the Roses\n|-boost|p1a: Water the Roses|spa|1\n|-boost|p1a: Water the Roses|spd|1\n|move|p2a: Sinistcha|Shadow Ball|p1a: Water the Roses\n|-damage|p1a: Water the Roses|85/100\n|move|p2b: Kingambit|Kowtow Cleave|p1b: Static\n|-supereffective|p1b: Static|1\n|-damage|p1b: Static|8/100\n|-enditem|p1b: Static|Sitrus Berry|[eat]\n|-heal|p1b: Static|33/100|[from] item: Sitrus Berry\n|\n|upkeep\n|turn|2\n|\n|t:|1776440381\n|move|p1b: Static|Rage Powder|p1b: Static\n|-singleturn|p1b: Static|move: Rage Powder\n|move|p1a: Water the Roses|Dazzling Gleam|p2a: Sinistcha|[spread] p2a,p2b\n|-damage|p2a: Sinistcha|51/100\n|-damage|p2b: Kingambit|41/100\n|move|p2a: Sinistcha|Shadow Ball|p1a: Water the Roses\n|-damage|p1a: Water the Roses|70/100\n|move|p2b: Kingambit|Kowtow Cleave|p1b: Static\n|-supereffective|p1b: Static|1\n|-damage|p1b: Static|0 fnt\n|faint|p1b: Static\n|\n|-heal|p2a: Sinistcha|57/100|[from] item: Leftovers\n|upkeep\n|\n|t:|1776440400\n|switch|p1b: Ego Renegade Boy|Sneasler, L50, F|100/100\n|turn|3\n|inactive|MyceliaMocha has 30 seconds left.\n|\n|t:|1776440429\n|move|p2b: Kingambit|Protect|p2b: Kingambit\n|-singleturn|p2b: Kingambit|Protect\n|move|p1b: Ego Renegade Boy|Dire Claw|p2a: Sinistcha\n|-damage|p2a: Sinistcha|16/100\n|move|p1a: Water the Roses|Dazzling Gleam|p2b: Kingambit|[spread] p2a\n|-activate|p2b: Kingambit|move: Protect\n|-damage|p2a: Sinistcha|0 fnt\n|faint|p2a: Sinistcha\n|\n|upkeep\n|\n|t:|1776440439\n|switch|p2a: Sneasler|Sneasler, L50, F|100/100\n|turn|4\n|inactive|MyceliaMocha has 30 seconds left.\n|inactive|MyceliaMocha has 20 seconds left.\n|inactive|creemchease has 30 seconds left.\n|\n|t:|1776440486\n|move|p1a: Water the Roses|Protect|p1a: Water the Roses\n|-singleturn|p1a: Water the Roses|Protect\n|move|p2a: Sneasler|Fake Out|p1a: Water the Roses\n|-activate|p1a: Water the Roses|move: Protect\n|move|p1b: Ego Renegade Boy|Dire Claw|p2a: Sneasler\n|-resisted|p2a: Sneasler|1\n|-damage|p2a: Sneasler|65/100\n|move|p2b: Kingambit|Kowtow Cleave|p1b: Ego Renegade Boy\n|-resisted|p1b: Ego Renegade Boy|1\n|-damage|p1b: Ego Renegade Boy|60/100\n|\n|upkeep\n|turn|5\n|\n|t:|1776440510\n|switch|p1a: Butcher Vanity|Basculegion, L50, M|100/100\n|move|p2b: Kingambit|Sucker Punch||[still]\n|-fail|p2b: Kingambit\n|move|p2a: Sneasler|Rock Slide|p1a: Butcher Vanity|[spread] p1a,p1b\n|-resisted|p1b: Ego Renegade Boy|1\n|-damage|p1a: Butcher Vanity|75/100\n|-damage|p1b: Ego Renegade Boy|42/100\n|cant|p1b: Ego Renegade Boy|flinch\n|\n|upkeep\n|turn|6\n|\n|t:|1776440529\n|switch|p1a: Water the Roses|Floette-Mega, L50, F|70/100\n|-ability|p1a: Water the Roses|Fairy Aura\n|move|p2b: Kingambit|Protect|p2b: Kingambit\n|-singleturn|p2b: Kingambit|Protect\n|move|p2a: Sneasler|Coaching|p2b: Kingambit\n|-boost|p2b: Kingambit|atk|1\n|-boost|p2b: Kingambit|def|1\n|move|p1b: Ego Renegade Boy|Close Combat|p2b: Kingambit\n|-activate|p2b: Kingambit|move: Protect\n|\n|upkeep\n|turn|7\n|inactive|creemchease has 30 seconds left.\n|inactive|creemchease has 20 seconds left.\n|inactive|creemchease has 15 seconds left.\n|inactive|creemchease has 10 seconds left.\n|\n|t:|1776440578\n|move|p1a: Water the Roses|Protect|p1a: Water the Roses\n|-singleturn|p1a: Water the Roses|Protect\n|move|p2b: Kingambit|Sucker Punch||[still]\n|-fail|p2b: Kingambit\n|move|p2a: Sneasler|Close Combat|p1b: Ego Renegade Boy\n|-resisted|p1b: Ego Renegade Boy|1\n|-damage|p1b: Ego Renegade Boy|0 fnt\n|-unboost|p2a: Sneasler|def|1\n|-unboost|p2a: Sneasler|spd|1\n|faint|p1b: Ego Renegade Boy\n|\n|upkeep\n|\n|t:|1776440590\n|switch|p1b: Butcher Vanity|Basculegion, L50, M|75/100\n|turn|8\n|\n|t:|1776440604\n|move|p2b: Kingambit|Protect|p2b: Kingambit\n|-singleturn|p2b: Kingambit|Protect\n|move|p1b: Butcher Vanity|Aqua Jet|p2a: Sneasler\n|-damage|p2a: Sneasler|0 fnt\n|faint|p2a: Sneasler\n|move|p1a: Water the Roses|Dazzling Gleam|p2b: Kingambit\n|-activate|p2b: Kingambit|move: Protect\n|\n|upkeep\n|\n|t:|1776440611\n|switch|p2a: Starmie|Starmie, L50|100/100\n|turn|9\n|\n|t:|1776440635\n|detailschange|p2a: Starmie|Starmie-Mega, L50\n|-mega|p2a: Starmie|Starmie|Starminite\n|move|p1a: Water the Roses|Protect|p1a: Water the Roses\n|-singleturn|p1a: Water the Roses|Protect\n|move|p1b: Butcher Vanity|Aqua Jet|p2b: Kingambit\n|-damage|p2b: Kingambit|27/100\n|move|p2b: Kingambit|Sucker Punch||[still]\n|-fail|p2b: Kingambit\n|move|p2a: Starmie|Liquidation|p1a: Water the Roses\n|-activate|p1a: Water the Roses|move: Protect\n|\n|upkeep\n|turn|10\n|\n|t:|1776440662\n|move|p2b: Kingambit|Protect|p2b: Kingambit\n|-singleturn|p2b: Kingambit|Protect\n|move|p1b: Butcher Vanity|Aqua Jet|p2a: Starmie\n|-resisted|p2a: Starmie|1\n|-damage|p2a: Starmie|82/100\n|move|p2a: Starmie|Liquidation|p1a: Water the Roses\n|-damage|p1a: Water the Roses|8/100\n|move|p1a: Water the Roses|Dazzling Gleam|p2b: Kingambit|[spread] p2a\n|-activate|p2b: Kingambit|move: Protect\n|-damage|p2a: Starmie|31/100\n|\n|upkeep\n|turn|11\n|\n|t:|1776440686\n|move|p1b: Butcher Vanity|Aqua Jet|p2b: Kingambit\n|-damage|p2b: Kingambit|13/100\n|move|p2a: Starmie|Liquidation|p1a: Water the Roses\n|-damage|p1a: Water the Roses|0 fnt\n|faint|p1a: Water the Roses\n|move|p2b: Kingambit|Kowtow Cleave|p1b: Butcher Vanity\n|-supereffective|p1b: Butcher Vanity|1\n|-damage|p1b: Butcher Vanity|0 fnt\n|faint|p1b: Butcher Vanity\n|\n|win|creemchease\n|raw|MyceliaMocha's rating: 1342 &rarr; <strong>1318</strong><br />(-24 for losing)\n|raw|creemchease's rating: 1271 &rarr; <strong>1301</strong><br />(+30 for winning)\n|c|\u2606MyceliaMocha|gg\n|c|\u2606creemchease|gg\n|l|\u2606MyceliaMocha\n|player|p1|\n",
  "uploadtime": 1776440703,
  "views": 36,
  "formatid": "gen9championsvgc2026regma",
  "rating": 1301,
  "private": 0,
  "password": null
}