{
  "id": "gen9championsvgc2026regma-2581909655",
  "format": "[Gen 9 Champions] VGC 2026 Reg M-A",
  "players": [
    "Almirzitoz",
    "sdftgyhujk"
  ],
  "log": "|j|\u2606Almirzitoz\n|j|\u2606sdftgyhujk\n|t:|1776038875\n|gametype|doubles\n|player|p1|Almirzitoz|drayden|1084\n|player|p2|sdftgyhujk|102|1040\n|gen|9\n|tier|[Gen 9 Champions] VGC 2026 Reg M-A\n|rated|\n|rule|Species Clause: Limit one of each Pok\u00e9mon\n|rule|Item Clause: Limit 1 of each item\n|clearpoke\n|poke|p1|Aggron, L50, F|\n|poke|p1|Gardevoir, L50, F|\n|poke|p1|Bellibolt, L50, M|\n|poke|p1|Goodra-Hisui, L50, F|\n|poke|p1|Corviknight, L50, M|\n|poke|p1|Rotom-Wash, L50|\n|poke|p2|Gengar, L50, M|\n|poke|p2|Incineroar, L50, M|\n|poke|p2|Tyranitar, L50, M|\n|poke|p2|Sinistcha, L50|\n|poke|p2|Kingambit, L50, M|\n|poke|p2|Kommo-o, L50, M|\n|teampreview|4\n|inactive|Battle timer is ON: inactive players will automatically lose when time's up. (requested by Almirzitoz)\n|\n|t:|1776038908\n|teamsize|p1|4\n|teamsize|p2|4\n|start\n|switch|p1a: Gardevoir|Gardevoir, L50, F, shiny|100/100\n|switch|p1b: Corviknight|Corviknight, L50, M|100/100\n|switch|p2a: Gengar|Gengar, L50, M|100/100\n|switch|p2b: Incineroar|Incineroar, L50, M|100/100\n|-ability|p1a: Gardevoir|Intimidate|Trace|[from] ability: Trace|[of] p2b: Incineroar\n|-ability|p1a: Gardevoir|Intimidate|boost\n|-unboost|p2a: Gengar|atk|1\n|-unboost|p2b: Incineroar|atk|1\n|-ability|p2b: Incineroar|Intimidate|boost\n|-unboost|p1a: Gardevoir|atk|1\n|-ability|p1b: Corviknight|Mirror Armor\n|-unboost|p2b: Incineroar|atk|1\n|turn|1\n|inactiveoff|Battle timer is now OFF.\n|inactive|Battle timer is ON: inactive players will automatically lose when time's up. (requested by sdftgyhujk)\n|\n|t:|1776038930\n|detailschange|p2a: Gengar|Gengar-Mega, L50, M\n|-mega|p2a: Gengar|Gengar|Gengarite\n|detailschange|p1a: Gardevoir|Gardevoir-Mega, L50, F, shiny\n|-mega|p1a: Gardevoir|Gardevoir|Gardevoirite\n|move|p2b: Incineroar|Fake Out|p1a: Gardevoir\n|-damage|p1a: Gardevoir|91/100\n|move|p2a: Gengar|Perish Song|p2a: Gengar\n|-start|p1a: Gardevoir|perish3|[silent]\n|-start|p1b: Corviknight|perish3|[silent]\n|-start|p2a: Gengar|perish3|[silent]\n|-start|p2b: Incineroar|perish3|[silent]\n|-fieldactivate|move: Perish Song\n|cant|p1a: Gardevoir|flinch\n|move|p1b: Corviknight|Tailwind|p1b: Corviknight\n|-sidestart|p1: Almirzitoz|move: Tailwind\n|\n|-start|p1a: Gardevoir|perish3\n|-start|p2a: Gengar|perish3\n|-start|p1b: Corviknight|perish3\n|-start|p2b: Incineroar|perish3\n|upkeep\n|turn|2\n|\n|t:|1776038955\n|move|p2a: Gengar|Protect|p2a: Gengar\n|-singleturn|p2a: Gengar|Protect\n|move|p1a: Gardevoir|Psyshock|p2a: Gengar\n|-activate|p2a: Gengar|move: Protect\n|move|p1b: Corviknight|U-turn|p2b: Incineroar\n|-damage|p2b: Incineroar|87/100\n|\n|t:|1776038964\n|switch|p1b: Rotom|Rotom-Wash, L50|100/100|[from] U-turn\n|move|p2b: Incineroar|Throat Chop|p1a: Gardevoir\n|-damage|p1a: Gardevoir|66/100\n|-start|p1a: Gardevoir|Throat Chop|[silent]\n|\n|-start|p1a: Gardevoir|perish2\n|-start|p2a: Gengar|perish2\n|-start|p2b: Incineroar|perish2\n|upkeep\n|turn|3\n|\n|t:|1776038981\n|switch|p2a: Tyranitar|Tyranitar, L50, M|100/100\n|-weather|Sandstorm|[from] ability: Sand Stream|[of] p2a: Tyranitar\n|move|p1a: Gardevoir|Psyshock|p2a: Tyranitar\n|-immune|p2a: Tyranitar\n|move|p1b: Rotom|Hydro Pump|p2b: Incineroar\n|-supereffective|p2b: Incineroar|1\n|-damage|p2b: Incineroar|20/100\n|move|p2b: Incineroar|Parting Shot|p1a: Gardevoir\n|-unboost|p1a: Gardevoir|atk|1\n|-unboost|p1a: Gardevoir|spa|1\n|\n|t:|1776038994\n|switch|p2b: Gengar|Gengar-Mega, L50, M|100/100|[from] Parting Shot\n|\n|-weather|Sandstorm|[upkeep]\n|-damage|p1a: Gardevoir|60/100|[from] Sandstorm\n|-damage|p1b: Rotom|94/100|[from] Sandstorm\n|-damage|p2b: Gengar|95/100|[from] Sandstorm\n|-end|p1a: Gardevoir|Throat Chop|[silent]\n|-start|p1a: Gardevoir|perish1\n|upkeep\n|turn|4\n|\n|t:|1776039011\n|switch|p2a: Incineroar|Incineroar, L50, M|20/100\n|-ability|p2a: Incineroar|Intimidate|boost\n|-unboost|p1a: Gardevoir|atk|1\n|-unboost|p1b: Rotom|atk|1\n|move|p2b: Gengar|Protect|p2b: Gengar\n|-singleturn|p2b: Gengar|Protect\n|move|p1a: Gardevoir|Psyshock|p2b: Gengar\n|-activate|p2b: Gengar|move: Protect\n|move|p1b: Rotom|Hydro Pump|p2a: Incineroar|[miss]\n|-miss|p1b: Rotom|p2a: Incineroar\n|\n|-weather|Sandstorm|[upkeep]\n|-damage|p1a: Gardevoir|54/100|[from] Sandstorm\n|-damage|p1b: Rotom|88/100|[from] Sandstorm\n|-damage|p2b: Gengar|89/100|[from] Sandstorm\n|-damage|p2a: Incineroar|14/100|[from] Sandstorm\n|-start|p1a: Gardevoir|perish0\n|-sideend|p1: Almirzitoz|move: Tailwind\n|faint|p1a: Gardevoir\n|upkeep\n|\n|t:|1776039030\n|switch|p1a: Corviknight|Corviknight, L50, M|100/100\n|turn|5\n|\n|t:|1776039048\n|move|p2a: Incineroar|Fake Out|p1a: Corviknight\n|-resisted|p1a: Corviknight|1\n|-damage|p1a: Corviknight|96/100\n|move|p2b: Gengar|Disable|p1b: Rotom\n|-start|p1b: Rotom|Disable|Hydro Pump\n|cant|p1b: Rotom|Disable|Hydro Pump\n|cant|p1a: Corviknight|flinch\n|\n|-weather|Sandstorm|[upkeep]\n|-damage|p2b: Gengar|83/100|[from] Sandstorm\n|-damage|p1b: Rotom|82/100|[from] Sandstorm\n|-damage|p2a: Incineroar|8/100|[from] Sandstorm\n|upkeep\n|turn|6\n|inactive|Almirzitoz has 30 seconds left.\n|\n|t:|1776039077\n|move|p2b: Gengar|Perish Song|p2b: Gengar\n|-start|p1a: Corviknight|perish3|[silent]\n|-start|p1b: Rotom|perish3|[silent]\n|-start|p2a: Incineroar|perish3|[silent]\n|-start|p2b: Gengar|perish3|[silent]\n|-fieldactivate|move: Perish Song\n|move|p1b: Rotom|Volt Switch|p2a: Incineroar\n|-damage|p2a: Incineroar|0 fnt\n|faint|p2a: Incineroar\n|\n|t:|1776039084\n|switch|p1b: Bellibolt|Bellibolt, L50, M|100/100|[from] Volt Switch\n|move|p1a: Corviknight|Iron Head|p2b: Gengar\n|-damage|p2b: Gengar|48/100\n|\n|-weather|Sandstorm|[upkeep]\n|-damage|p2b: Gengar|42/100|[from] Sandstorm\n|-damage|p1b: Bellibolt|95/100|[from] Sandstorm\n|-start|p2b: Gengar|perish3\n|-start|p1a: Corviknight|perish3\n|upkeep\n|\n|t:|1776039097\n|switch|p2a: Kingambit|Kingambit, L50, M|100/100\n|turn|7\n|inactive|sdftgyhujk has 30 seconds left.\n|\n|t:|1776039127\n|move|p2b: Gengar|Protect|p2b: Gengar\n|-singleturn|p2b: Gengar|Protect\n|move|p2a: Kingambit|Protect|p2a: Kingambit\n|-singleturn|p2a: Kingambit|Protect\n|move|p1a: Corviknight|Tailwind|p1a: Corviknight\n|-sidestart|p1: Almirzitoz|move: Tailwind\n|move|p1b: Bellibolt|Charge Beam|p2a: Kingambit\n|-activate|p2a: Kingambit|move: Protect\n|\n|-weather|none\n|-start|p2b: Gengar|perish2\n|-start|p1a: Corviknight|perish2\n|upkeep\n|turn|8\n|inactive|sdftgyhujk has 30 seconds left.\n|\n|t:|1776039155\n|move|p2a: Kingambit|Sucker Punch|p1a: Corviknight\n|-damage|p1a: Corviknight|59/100\n|move|p2b: Gengar|Shadow Ball|p1a: Corviknight\n|-damage|p1a: Corviknight|10/100\n|move|p1a: Corviknight|Iron Head|p2b: Gengar\n|-damage|p2b: Gengar|8/100\n|move|p1b: Bellibolt|Charge Beam|p2a: Kingambit\n|-damage|p2a: Kingambit|80/100\n|-boost|p1b: Bellibolt|spa|1\n|\n|-start|p2b: Gengar|perish1\n|-start|p1a: Corviknight|perish1\n|upkeep\n|turn|9\n|\n|t:|1776039175\n|switch|p2b: Tyranitar|Tyranitar, L50, M|100/100\n|-weather|Sandstorm|[from] ability: Sand Stream|[of] p2b: Tyranitar\n|move|p2a: Kingambit|Sucker Punch||[still]\n|-fail|p2a: Kingambit\n|move|p1a: Corviknight|Roost|p1a: Corviknight\n|-heal|p1a: Corviknight|60/100\n|-singleturn|p1a: Corviknight|move: Roost\n|move|p1b: Bellibolt|Charge Beam|p2a: Kingambit\n|-damage|p2a: Kingambit|50/100\n|\n|-weather|Sandstorm|[upkeep]\n|-damage|p1b: Bellibolt|89/100|[from] Sandstorm\n|-start|p1a: Corviknight|perish0\n|faint|p1a: Corviknight\n|upkeep\n|\n|t:|1776039191\n|switch|p1a: Rotom|Rotom-Wash, L50|82/100\n|turn|10\n|\n|t:|1776039216\n|move|p1b: Bellibolt|Protect|p1b: Bellibolt\n|-singleturn|p1b: Bellibolt|Protect\n|move|p2a: Kingambit|Sucker Punch|p1a: Rotom\n|-damage|p1a: Rotom|32/100\n|-enditem|p1a: Rotom|Sitrus Berry|[eat]\n|-heal|p1a: Rotom|57/100|[from] item: Sitrus Berry\n|move|p1a: Rotom|Hydro Pump|p2b: Tyranitar\n|-supereffective|p2b: Tyranitar|1\n|-crit|p2b: Tyranitar\n|-damage|p2b: Tyranitar|15/100\n|move|p2b: Tyranitar|Stone Edge|p1a: Rotom\n|-damage|p1a: Rotom|0 fnt\n|faint|p1a: Rotom\n|\n|-weather|Sandstorm|[upkeep]\n|-damage|p1b: Bellibolt|83/100|[from] Sandstorm\n|-sideend|p1: Almirzitoz|move: Tailwind\n|upkeep\n|turn|11\n|\n|t:|1776039235\n|move|p2a: Kingambit|Sucker Punch|p1b: Bellibolt\n|-damage|p1b: Bellibolt|40/100\n|-start|p1b: Bellibolt|Charge|Sucker Punch|[from] ability: Electromorphosis\n|move|p2b: Tyranitar|Stone Edge|p1b: Bellibolt|[miss]\n|-miss|p2b: Tyranitar|p1b: Bellibolt\n|move|p1b: Bellibolt|Parabolic Charge|p2a: Kingambit|[spread] p2a,p2b\n|-damage|p2a: Kingambit|0 fnt\n|-heal|p1b: Bellibolt|68/100|[from] drain|[of] p2a: Kingambit\n|-damage|p2b: Tyranitar|0 fnt\n|-heal|p1b: Bellibolt|74/100|[from] drain|[of] p2b: Tyranitar\n|faint|p2a: Kingambit\n|faint|p2b: Tyranitar\n|-end|p1b: Bellibolt|Charge|[silent]\n|\n|-weather|Sandstorm|[upkeep]\n|-damage|p1b: Bellibolt|69/100|[from] Sandstorm\n|upkeep\n|\n|t:|1776039244\n|switch|p2b: Gengar|Gengar-Mega, L50, M|8/100\n|turn|12\n|\n|t:|1776039254\n|move|p2b: Gengar|Shadow Ball|p1b: Bellibolt\n|-damage|p1b: Bellibolt|22/100\n|-start|p1b: Bellibolt|Charge|Shadow Ball|[from] ability: Electromorphosis\n|move|p1b: Bellibolt|Parabolic Charge|p2b: Gengar\n|-damage|p2b: Gengar|0 fnt\n|-heal|p1b: Bellibolt|26/100|[from] drain|[of] p2b: Gengar\n|faint|p2b: Gengar\n|-end|p1b: Bellibolt|Charge|[silent]\n|\n|win|Almirzitoz\n|raw|Almirzitoz's rating: 1084 &rarr; <strong>1108</strong><br />(+24 for winning)\n|raw|sdftgyhujk's rating: 1040 &rarr; <strong>1026</strong><br />(-14 for losing)\n|l|\u2606sdftgyhujk\n|player|p2|\n",
  "uploadtime": 1776039267,
  "views": 13,
  "formatid": "gen9championsvgc2026regma",
  "rating": 1026,
  "private": 0,
  "password": null
}