{
  "id": "gen9championsvgc2026regma-2588411457",
  "format": "[Gen 9 Champions] VGC 2026 Reg M-A",
  "players": [
    "Metroshock",
    "sockperson"
  ],
  "log": "|j|\u2606Metroshock\n|j|\u2606sockperson\n|t:|1776631271\n|gametype|doubles\n|player|p1|Metroshock|miku-fire|1484\n|player|p2|sockperson|barry|1428\n|gen|9\n|tier|[Gen 9 Champions] VGC 2026 Reg M-A\n|rated|\n|rule|Species Clause: Limit one of each Pok\u00e9mon\n|rule|Item Clause: Limit 1 of each item\n|clearpoke\n|poke|p1|Crabominable, L50, F|\n|poke|p1|Basculegion, L50, M|\n|poke|p1|Sinistcha, L50|\n|poke|p1|Archaludon, L50, M|\n|poke|p1|Pelipper, L50, M|\n|poke|p1|Incineroar, L50, F|\n|poke|p2|Vaporeon, L50, M|\n|poke|p2|Jolteon, L50, F|\n|poke|p2|Flareon, L50, F|\n|poke|p2|Espeon, L50, F|\n|poke|p2|Umbreon, L50, M|\n|poke|p2|Sylveon, L50, F|\n|teampreview|4\nMetroshock has agreed to open team sheets.\n|\n|t:|1776631301\n|teamsize|p1|4\n|teamsize|p2|4\n|start\n|switch|p1a: Basc in glory|Basculegion, L50, M|100/100\n|switch|p1b: The fish eater|Pelipper, L50, M|100/100\n|switch|p2a: Jolteon|Jolteon, L50, F|100/100\n|switch|p2b: Sylveon|Sylveon, L50, F|100/100\n|-weather|RainDance|[from] ability: Drizzle|[of] p1b: The fish eater\n|turn|1\n|\n|t:|1776631325\n|switch|p2a: Vaporeon|Vaporeon, L50, M|100/100\n|move|p1a: Basc in glory|Wave Crash|p2a: Vaporeon\n|-immune|p2a: Vaporeon|[from] ability: Water Absorb\n|move|p1b: The fish eater|Tailwind|p1b: The fish eater\n|-sidestart|p1: Metroshock|move: Tailwind\n|move|p2b: Sylveon|Hyper Voice|p1b: The fish eater|[spread] p1a,p1b\n|-damage|p1a: Basc in glory|49/100\n|-damage|p1b: The fish eater|23/100\n|\n|-weather|RainDance|[upkeep]\n|upkeep\n|turn|2\n|\n|t:|1776631341\n|move|p2b: Sylveon|Detect|p2b: Sylveon\n|-singleturn|p2b: Sylveon|Protect\n|move|p1b: The fish eater|Wide Guard|p1b: The fish eater\n|-singleturn|p1b: The fish eater|Wide Guard\n|move|p1a: Basc in glory|Wave Crash|p2b: Sylveon\n|-activate|p2b: Sylveon|move: Protect\n|move|p2a: Vaporeon|Yawn|p1b: The fish eater\n|-start|p1b: The fish eater|move: Yawn|[of] p2a: Vaporeon\n|\n|-weather|RainDance|[upkeep]\n|upkeep\n|turn|3\n|\n|t:|1776631355\n|switch|p1b: Super Fly|Archaludon, L50, M|100/100\n|switch|p2b: Umbreon|Umbreon, L50, M|100/100\n|move|p1a: Basc in glory|Wave Crash|p2b: Umbreon\n|-damage|p2b: Umbreon|32/100\n|-damage|p1a: Basc in glory|25/100|[from] Recoil\n|move|p2a: Vaporeon|Yawn|p1b: Super Fly\n|-start|p1b: Super Fly|move: Yawn|[of] p2a: Vaporeon\n|\n|-weather|RainDance|[upkeep]\n|-heal|p2b: Umbreon|38/100|[from] item: Leftovers\n|upkeep\n|turn|4\n|\n|t:|1776631369\n|switch|p2a: Jolteon|Jolteon, L50, F|100/100\n|move|p1a: Basc in glory|Wave Crash|p2b: Umbreon\n|-damage|p2b: Umbreon|0 fnt\n|faint|p2b: Umbreon\n|-damage|p1a: Basc in glory|13/100|[from] Recoil\n|move|p1b: Super Fly|Electro Shot||[still]\n|-prepare|p1b: Super Fly|Electro Shot\n|-boost|p1b: Super Fly|spa|1\n|-anim|p1b: Super Fly|Electro Shot|p2a: Jolteon\n|-immune|p2a: Jolteon|[from] ability: Volt Absorb\n|\n|-weather|RainDance|[upkeep]\n|-end|p1b: Super Fly|move: Yawn|[silent]\n|-status|p1b: Super Fly|slp\n|-sideend|p1: Metroshock|move: Tailwind\n|upkeep\n|\n|t:|1776631394\n|switch|p2b: Sylveon|Sylveon, L50, F|100/100\n|turn|5\n|\n|t:|1776631408\n|move|p2b: Sylveon|Quick Attack|p1a: Basc in glory\n|-damage|p1a: Basc in glory|0 fnt\n|faint|p1a: Basc in glory\n|move|p2a: Jolteon|Fake Tears|p1b: Super Fly\n|-unboost|p1b: Super Fly|spd|2\n|cant|p1b: Super Fly|slp\n|\n|-weather|none\n|upkeep\n|\n|t:|1776631418\n|switch|p1a: The fish eater|Pelipper, L50, M|23/100\n|-weather|RainDance|[from] ability: Drizzle|[of] p1a: The fish eater\n|turn|6\n|\n|t:|1776631427\n|move|p1a: The fish eater|Wide Guard|p1a: The fish eater\n|-singleturn|p1a: The fish eater|Wide Guard\n|move|p2a: Jolteon|Thunderbolt|p1a: The fish eater\n|-supereffective|p1a: The fish eater|2\n|-damage|p1a: The fish eater|0 fnt\n|faint|p1a: The fish eater\n|-curestatus|p1b: Super Fly|slp|[msg]\n|move|p1b: Super Fly|Flash Cannon|p2b: Sylveon\n|-supereffective|p2b: Sylveon|1\n|-damage|p2b: Sylveon|22/100\n|move|p2b: Sylveon|Hyper Beam|p1b: Super Fly\n|-damage|p1b: Super Fly|0 fnt\n|-mustrecharge|p2b: Sylveon\n|faint|p1b: Super Fly\n|\n|-weather|RainDance|[upkeep]\n|upkeep\n|\n|t:|1776631439\n|switch|p1b: BIG ROG|Crabominable, L50, F|100/100\n|turn|7\n|\n|t:|1776631445\n|detailschange|p1b: BIG ROG|Crabominable-Mega, L50, F\n|-mega|p1b: BIG ROG|Crabominable|Crabominite\n|move|p2a: Jolteon|Fake Tears|p1b: BIG ROG\n|-unboost|p1b: BIG ROG|spd|2\n|cant|p2b: Sylveon|recharge\n|move|p1b: BIG ROG|Drain Punch|p2a: Jolteon\n|-enditem|p2a: Jolteon|Focus Sash\n|-damage|p2a: Jolteon|1/100\n|\n|-weather|RainDance|[upkeep]\n|upkeep\n|turn|8\n|\n|t:|1776631457\n|move|p1b: BIG ROG|Mach Punch|p2b: Sylveon\n|-resisted|p2b: Sylveon|1\n|-damage|p2b: Sylveon|6/100\n|move|p2a: Jolteon|Thunderbolt|p1b: BIG ROG\n|-damage|p1b: BIG ROG|26/100\n|move|p2b: Sylveon|Hyper Voice|p1b: BIG ROG\n|-supereffective|p1b: BIG ROG|1\n|-damage|p1b: BIG ROG|0 fnt\n|faint|p1b: BIG ROG\n|\n|win|sockperson\n|raw|Metroshock's rating: 1484 &rarr; <strong>1461</strong><br />(-23 for losing)\n|raw|sockperson's rating: 1428 &rarr; <strong>1451</strong><br />(+23 for winning)\n|l|\u2606Metroshock\n|player|p1|\n",
  "uploadtime": 1776631472,
  "views": 19,
  "formatid": "gen9championsvgc2026regma",
  "rating": 1451,
  "private": 0,
  "password": null
}