{
  "id": "gen9championsvgc2026regma-2587613695",
  "format": "[Gen 9 Champions] VGC 2026 Reg M-A",
  "players": [
    "noahtdiditfirst",
    "Metroshock"
  ],
  "log": "|j|\u2606noahtdiditfirst\n|j|\u2606Metroshock\n|t:|1776547042\n|gametype|doubles\n|player|p1|noahtdiditfirst|marshal|1415\n|player|p2|Metroshock|miku-fire|1441\n|gen|9\n|tier|[Gen 9 Champions] VGC 2026 Reg M-A\n|rated|\n|rule|Species Clause: Limit one of each Pok\u00e9mon\n|rule|Item Clause: Limit 1 of each item\n|clearpoke\n|poke|p1|Archaludon, L50, M, shiny|\n|poke|p1|Sinistcha, L50|\n|poke|p1|Manectric, L50, M, shiny|\n|poke|p1|Dragonite, L50, M|\n|poke|p1|Pelipper, L50, F, shiny|\n|poke|p1|Chandelure, L50, F, shiny|\n|poke|p2|Crabominable, L50, M|\n|poke|p2|Basculegion, L50, M|\n|poke|p2|Sinistcha, L50|\n|poke|p2|Archaludon, L50, F|\n|poke|p2|Pelipper, L50, F|\n|poke|p2|Incineroar, L50, F|\n|teampreview|4\n|inactive|Battle timer is ON: inactive players will automatically lose when time's up. (requested by Metroshock)\n|inactive|Metroshock has 60 seconds left.\n|\n|t:|1776547081\n|teamsize|p1|4\n|teamsize|p2|4\n|start\n|switch|p1a: Archaludon|Archaludon, L50, M, shiny|100/100\n|switch|p1b: Manectric|Manectric, L50, M, shiny|100/100\n|switch|p2a: Cat without hat|Incineroar, L50, F|100/100\n|switch|p2b: Basc in glory|Basculegion, L50, M|100/100\n|-ability|p2a: Cat without hat|Intimidate|boost\n|-unboost|p1a: Archaludon|atk|1\n|-unboost|p1b: Manectric|atk|1\n|turn|1\n|inactive|noahtdiditfirst has 30 seconds left.\n|inactive|noahtdiditfirst has 20 seconds left.\n|\n|t:|1776547117\n|move|p1b: Manectric|Protect|p1b: Manectric\n|-singleturn|p1b: Manectric|Protect\n|move|p2a: Cat without hat|Fake Out|p1b: Manectric\n|-activate|p1b: Manectric|move: Protect\n|move|p2b: Basc in glory|Wave Crash|p1b: Manectric\n|-activate|p1b: Manectric|move: Protect\n|move|p1a: Archaludon|Electro Shot||[still]\n|-prepare|p1a: Archaludon|Electro Shot\n|-boost|p1a: Archaludon|spa|1\n|\n|upkeep\n|turn|2\n|inactive|Metroshock has 30 seconds left.\n|inactive|Metroshock has 20 seconds left.\n|\n|t:|1776547152\n|switch|p2b: Super Fly|Archaludon, L50, F|100/100\n|detailschange|p1b: Manectric|Manectric-Mega, L50, M, shiny\n|-mega|p1b: Manectric|Manectric|Manectite\n|-ability|p1b: Manectric|Intimidate|boost\n|-unboost|p2a: Cat without hat|atk|1\n|-unboost|p2b: Super Fly|atk|1\n|move|p1b: Manectric|Volt Switch|p2b: Super Fly\n|-resisted|p2b: Super Fly|1\n|-damage|p2b: Super Fly|83/100\n|-ability|p2b: Super Fly|Stamina|boost\n|-boost|p2b: Super Fly|def|1\n|\n|t:|1776547174\n|switch|p1b: Sinistcha|Sinistcha, L50|100/100|[from] Volt Switch\n|move|p1a: Archaludon|Electro Shot|p2b: Super Fly|[from] lockedmove\n|-resisted|p2b: Super Fly|1\n|-damage|p2b: Super Fly|53/100\n|-ability|p2b: Super Fly|Stamina|boost\n|-boost|p2b: Super Fly|def|1\n|move|p2a: Cat without hat|Flare Blitz|p1b: Sinistcha\n|-supereffective|p1b: Sinistcha|1\n|-damage|p1b: Sinistcha|52/100\n|-damage|p2a: Cat without hat|87/100|[from] Recoil\n|\n|-heal|p2b: Super Fly|59/100|[from] item: Leftovers\n|upkeep\n|turn|3\n|inactive|noahtdiditfirst has 30 seconds left.\n|inactive|Metroshock has 30 seconds left.\n|inactive|Metroshock has 20 seconds left.\n|inactive|Metroshock has 15 seconds left.\n|inactive|Metroshock has 10 seconds left.\n|inactive|Metroshock has 5 seconds left.\n|\n|t:|1776547227\n|switch|p1b: Pelipper|Pelipper, L50, F, shiny|100/100\n|-weather|RainDance|[from] ability: Drizzle|[of] p1b: Pelipper\n|move|p2b: Super Fly|Protect|p2b: Super Fly\n|-singleturn|p2b: Super Fly|Protect\n|move|p1a: Archaludon|Draco Meteor|p2b: Super Fly\n|-activate|p2b: Super Fly|move: Protect\n|move|p2a: Cat without hat|Flare Blitz|p1b: Pelipper\n|-resisted|p1b: Pelipper|1\n|-damage|p1b: Pelipper|90/100\n|-status|p1b: Pelipper|brn\n|-damage|p2a: Cat without hat|84/100|[from] Recoil\n|\n|-weather|RainDance|[upkeep]\n|-heal|p2b: Super Fly|65/100|[from] item: Leftovers\n|-damage|p1b: Pelipper|84/100 brn|[from] brn\n|upkeep\n|turn|4\n|\n|t:|1776547252\n|switch|p1b: Sinistcha|Sinistcha, L50|52/100\n|move|p1a: Archaludon|Draco Meteor|p2b: Super Fly\n|-damage|p2b: Super Fly|0 fnt\n|-unboost|p1a: Archaludon|spa|2\n|faint|p2b: Super Fly\n|move|p2a: Cat without hat|Parting Shot|p1a: Archaludon\n|-unboost|p1a: Archaludon|atk|1\n|-unboost|p1a: Archaludon|spa|1\n|\n|t:|1776547258\n|switch|p2a: Basc in glory|Basculegion, L50, M|100/100|[from] Parting Shot\n|\n|-weather|RainDance|[upkeep]\n|upkeep\n|\n|t:|1776547263\n|switch|p2b: The fish eater|Pelipper, L50, F|100/100\n|turn|5\n|\n|t:|1776547278\n|move|p2a: Basc in glory|Last Respects|p1a: Archaludon\n|-damage|p1a: Archaludon|48/100\n|-ability|p1a: Archaludon|Stamina|boost\n|-boost|p1a: Archaludon|def|1\n|move|p2b: The fish eater|Hurricane|p1b: Sinistcha\n|-supereffective|p1b: Sinistcha|1\n|-damage|p1b: Sinistcha|0 fnt\n|faint|p1b: Sinistcha\n|move|p1a: Archaludon|Electro Shot||[still]\n|-prepare|p1a: Archaludon|Electro Shot\n|-boost|p1a: Archaludon|spa|1\n|-anim|p1a: Archaludon|Electro Shot|p2b: The fish eater\n|-supereffective|p2b: The fish eater|2\n|-enditem|p2b: The fish eater|Focus Sash\n|-damage|p2b: The fish eater|1/100\n|\n|-weather|RainDance|[upkeep]\n|-heal|p1a: Archaludon|54/100|[from] item: Leftovers\n|upkeep\n|\n|t:|1776547291\n|switch|p1b: Manectric|Manectric-Mega, L50, M, shiny|100/100\n|-ability|p1b: Manectric|Intimidate|boost\n|-unboost|p2a: Basc in glory|atk|1\n|-unboost|p2b: The fish eater|atk|1\n|turn|6\n|\n|t:|1776547313\n|switch|p2a: Cat without hat|Incineroar, L50, F|84/100\n|-ability|p2a: Cat without hat|Intimidate|boost\n|-unboost|p1a: Archaludon|atk|1\n|-unboost|p1b: Manectric|atk|1\n|move|p1b: Manectric|Protect|p1b: Manectric\n|-singleturn|p1b: Manectric|Protect\n|move|p2b: The fish eater|Weather Ball|p1b: Manectric\n|-activate|p1b: Manectric|move: Protect\n|move|p1a: Archaludon|Electro Shot||[still]\n|-prepare|p1a: Archaludon|Electro Shot\n|-boost|p1a: Archaludon|spa|1\n|-anim|p1a: Archaludon|Electro Shot|p2b: The fish eater\n|-supereffective|p2b: The fish eater|2\n|-damage|p2b: The fish eater|0 fnt\n|faint|p2b: The fish eater\n|\n|-weather|RainDance|[upkeep]\n|-heal|p1a: Archaludon|60/100|[from] item: Leftovers\n|upkeep\n|\n|t:|1776547327\n|switch|p2b: Basc in glory|Basculegion, L50, M|100/100\n|turn|7\n|\n|t:|1776547340\n|move|p2a: Cat without hat|Fake Out|p1b: Manectric\n|-damage|p1b: Manectric|85/100\n|cant|p1b: Manectric|flinch\n|move|p2b: Basc in glory|Last Respects|p1a: Archaludon\n|-crit|p1a: Archaludon\n|-damage|p1a: Archaludon|0 fnt\n|faint|p1a: Archaludon\n|\n|-weather|none\n|upkeep\n|\n|t:|1776547347\n|switch|p1a: Pelipper|Pelipper, L50, F, shiny|84/100 brn\n|-weather|RainDance|[from] ability: Drizzle|[of] p1a: Pelipper\n|turn|8\n|inactive|noahtdiditfirst has 30 seconds left.\n|inactive|noahtdiditfirst has 20 seconds left.\n|inactive|noahtdiditfirst has 15 seconds left.\n|inactive|noahtdiditfirst has 10 seconds left.\n|\n|t:|1776547403\n|move|p1b: Manectric|Protect|p1b: Manectric\n|-singleturn|p1b: Manectric|Protect\n|move|p2b: Basc in glory|Last Respects|p1b: Manectric\n|-activate|p1b: Manectric|move: Protect\n|move|p1a: Pelipper|Weather Ball|p2a: Cat without hat\n|-supereffective|p2a: Cat without hat|1\n|-damage|p2a: Cat without hat|0 fnt\n|faint|p2a: Cat without hat\n|\n|-weather|RainDance|[upkeep]\n|-damage|p1a: Pelipper|79/100 brn|[from] brn\n|upkeep\n|turn|9\n|\n|t:|1776547417\n|move|p1b: Manectric|Protect|p1b: Manectric\n|-singleturn|p1b: Manectric|Protect\n|move|p2b: Basc in glory|Last Respects|p1b: Manectric\n|-activate|p1b: Manectric|move: Protect\n|move|p1a: Pelipper|Tailwind|p1a: Pelipper\n|-sidestart|p1: noahtdiditfirst|move: Tailwind\n|\n|-weather|RainDance|[upkeep]\n|-damage|p1a: Pelipper|73/100 brn|[from] brn\n|upkeep\n|turn|10\n|\n|t:|1776547429\n|move|p1b: Manectric|Thunderbolt|p2b: Basc in glory\n|-supereffective|p2b: Basc in glory|1\n|-damage|p2b: Basc in glory|0 fnt\n|faint|p2b: Basc in glory\n|\n|win|noahtdiditfirst\n|raw|noahtdiditfirst's rating: 1415 &rarr; <strong>1436</strong><br />(+21 for winning)\n|raw|Metroshock's rating: 1441 &rarr; <strong>1420</strong><br />(-21 for losing)\n|l|\u2606noahtdiditfirst\n|player|p1|\n|l|\u2606Metroshock\n|player|p2|\n",
  "uploadtime": 1776547440,
  "views": 18,
  "formatid": "gen9championsvgc2026regma",
  "rating": 1420,
  "private": 0,
  "password": null
}