{
  "id": "gen9championsvgc2026regma-2588754824",
  "format": "[Gen 9 Champions] VGC 2026 Reg M-A",
  "players": [
    "Sapphire39",
    "XJP8964"
  ],
  "log": "|j|\u2606Sapphire39\n|j|\u2606XJP8964\n|html|<table width=\"100%\"><tr><td align=\"left\">Sapphire39</td><td align=\"right\">XJP8964</tr><tr><td align=\"left\"><i class=\"fa fa-circle-o\"></i> <i class=\"fa fa-circle-o\"></i> </td><td align=\"right\"><i class=\"fa fa-circle-o\"></i> <i class=\"fa fa-circle\"></i> </tr></table>\n|uhtml|bestof|<h2><strong>Game 2</strong> of <a href=\"/game-bestof3-gen9championsvgc2026regma-2588751631\">a best-of-3</a></h2>\n|t:|1776666493\n|gametype|doubles\n|player|p1|Sapphire39|1|\n|player|p2|XJP8964|will|\n|gen|9\n|tier|[Gen 9 Champions] VGC 2026 Reg M-A\n|rule|Species Clause: Limit one of each Pok\u00e9mon\n|rule|Item Clause: Limit 1 of each item\n|raw|<div class=\"infobox\"><details class=\"readmore\" open><summary><strong>1 custom rule:</strong></summary> Best of = 3</details></div>\n|clearpoke\n|poke|p1|Incineroar, L50, M|\n|poke|p1|Garchomp, L50, F|\n|poke|p1|Aerodactyl, L50, F|\n|poke|p1|Floette-Eternal, L50, F|\n|poke|p1|Sneasler, L50, M|\n|poke|p1|Rotom-Wash, L50|\n|poke|p2|Gengar, L50, F|\n|poke|p2|Incineroar, L50, F|\n|poke|p2|Kommo-o, L50, M|\n|poke|p2|Sinistcha-Masterpiece, L50|\n|poke|p2|Kingambit, L50, M|\n|poke|p2|Blastoise, L50, F|\n|teampreview|4\n|\n|t:|1776666570\n|teamsize|p1|4\n|teamsize|p2|4\n|start\n|switch|p1a: Rotom|Rotom-Wash, L50|100/100\n|switch|p1b: Incineroar|Incineroar, L50, M|100/100\n|switch|p2a: Kingambit|Kingambit, L50, M|100/100\n|switch|p2b: Gengar|Gengar, L50, F|100/100\n|-ability|p1b: Incineroar|Intimidate|boost\n|-unboost|p2a: Kingambit|atk|1\n|-ability|p2a: Kingambit|Defiant|boost\n|-boost|p2a: Kingambit|atk|2\n|-unboost|p2b: Gengar|atk|1\n|turn|1\n|\n|t:|1776666623\n|detailschange|p2b: Gengar|Gengar-Mega, L50, F\n|-mega|p2b: Gengar|Gengar|Gengarite\n|move|p2b: Gengar|Protect|p2b: Gengar\n|-singleturn|p2b: Gengar|Protect\n|move|p1a: Rotom|Volt Switch|p2a: Kingambit\n|-damage|p2a: Kingambit|74/100\n|\n|t:|1776666633\n|switch|p1a: Aerodactyl|Aerodactyl, L50, F|100/100|[from] Volt Switch\n|-ability|p1a: Aerodactyl|Unnerve\n|move|p1b: Incineroar|Flare Blitz|p2a: Kingambit\n|-supereffective|p2a: Kingambit|1\n|-damage|p2a: Kingambit|3/100\n|-damage|p1b: Incineroar|77/100|[from] Recoil\n|move|p2a: Kingambit|Low Kick|p1b: Incineroar\n|-supereffective|p1b: Incineroar|1\n|-damage|p1b: Incineroar|10/100\n|-enditem|p1b: Incineroar|Sitrus Berry|[eat]\n|-heal|p1b: Incineroar|35/100|[from] item: Sitrus Berry\n|\n|upkeep\n|turn|2\n|\n|t:|1776666672\n|move|p1a: Aerodactyl|Tailwind|p1a: Aerodactyl\n|-sidestart|p1: Sapphire39|move: Tailwind\n|move|p1b: Incineroar|Throat Chop|p2b: Gengar\n|-supereffective|p2b: Gengar|1\n|-damage|p2b: Gengar|39/100\n|-start|p2b: Gengar|Throat Chop|[silent]\n|move|p2b: Gengar|Sludge Bomb|p1b: Incineroar\n|-crit|p1b: Incineroar\n|-damage|p1b: Incineroar|0 fnt\n|faint|p1b: Incineroar\n|move|p2a: Kingambit|Iron Head|p1a: Aerodactyl\n|-supereffective|p1a: Aerodactyl|1\n|-enditem|p1a: Aerodactyl|Focus Sash\n|-damage|p1a: Aerodactyl|1/100\n|\n|upkeep\n|\n|t:|1776666687\n|switch|p1b: Floette|Floette-Eternal, L50, F|100/100\n|turn|3\n|\n|t:|1776666728\n|switch|p2a: Sinistcha|Sinistcha-Masterpiece, L50|100/100\n|-heal|p2b: Gengar|64/100|[from] ability: Hospitality|[of] p2a: Sinistcha\n|detailschange|p1b: Floette|Floette-Mega, L50, F\n|-mega|p1b: Floette|Floette|Floettite\n|-ability|p1b: Floette|Fairy Aura\n|move|p1a: Aerodactyl|Protect|p1a: Aerodactyl\n|-singleturn|p1a: Aerodactyl|Protect\n|move|p1b: Floette|Dazzling Gleam|p2a: Sinistcha|[spread] p2a,p2b\n|-resisted|p2b: Gengar|1\n|-damage|p2a: Sinistcha|61/100\n|-damage|p2b: Gengar|40/100\n|move|p2b: Gengar|Icy Wind|p1a: Aerodactyl|[spread] p1b\n|-activate|p1a: Aerodactyl|move: Protect\n|-damage|p1b: Floette|89/100\n|-unboost|p1b: Floette|spe|1\n|\n|-end|p2b: Gengar|Throat Chop|[silent]\n|upkeep\n|turn|4\n|\n|t:|1776666764\n|move|p2b: Gengar|Protect|p2b: Gengar\n|-singleturn|p2b: Gengar|Protect\n|move|p1a: Aerodactyl|Dual Wingbeat|p2a: Sinistcha\n|-supereffective|p2a: Sinistcha|1\n|-damage|p2a: Sinistcha|27/100\n|-supereffective|p2a: Sinistcha|1\n|-damage|p2a: Sinistcha|0 fnt\n|faint|p2a: Sinistcha\n|-hitcount|p2: Sinistcha|2\n|move|p1b: Floette|Dazzling Gleam|p2b: Gengar\n|-activate|p2b: Gengar|move: Protect\n|\n|upkeep\n|\n|t:|1776666777\n|switch|p2a: Kingambit|Kingambit, L50, M|3/100\n|turn|5\n|\n|t:|1776666787\n|move|p1a: Aerodactyl|Protect|p1a: Aerodactyl\n|-singleturn|p1a: Aerodactyl|Protect\n|move|p2a: Kingambit|Sucker Punch||[still]\n|-fail|p2a: Kingambit\n|move|p1b: Floette|Dazzling Gleam|p2b: Gengar|[spread] p2a,p2b\n|-resisted|p2b: Gengar|1\n|-damage|p2a: Kingambit|0 fnt\n|-damage|p2b: Gengar|13/100\n|faint|p2a: Kingambit\n|move|p2b: Gengar|Sludge Bomb|p1b: Floette\n|-supereffective|p1b: Floette|1\n|-damage|p1b: Floette|25/100\n|-status|p1b: Floette|psn\n|\n|-damage|p1b: Floette|13/100 psn|[from] psn\n|-sideend|p1: Sapphire39|move: Tailwind\n|upkeep\n|\n|t:|1776666801\n|switch|p2a: Kommo-o|Kommo-o, L50, M|100/100\n|turn|6\n|\n|t:|1776666836\n|move|p2a: Kommo-o|Protect|p2a: Kommo-o\n|-singleturn|p2a: Kommo-o|Protect\n|move|p1a: Aerodactyl|Tailwind|p1a: Aerodactyl\n|-sidestart|p1: Sapphire39|move: Tailwind\n|move|p1b: Floette|Dazzling Gleam|p2b: Gengar|[spread] p2b\n|-activate|p2a: Kommo-o|move: Protect\n|-resisted|p2b: Gengar|1\n|-damage|p2b: Gengar|0 fnt\n|faint|p2b: Gengar\n|\n|-damage|p1b: Floette|1/100 psn|[from] psn\n|upkeep\n|turn|7\n|\n|t:|1776666853\n|move|p1a: Aerodactyl|Dual Wingbeat|p2a: Kommo-o\n|-supereffective|p2a: Kommo-o|1\n|-damage|p2a: Kommo-o|64/100\n|-supereffective|p2a: Kommo-o|1\n|-damage|p2a: Kommo-o|27/100\n|-hitcount|p2a: Kommo-o|2\n|move|p1b: Floette|Dazzling Gleam|p2a: Kommo-o\n|-supereffective|p2a: Kommo-o|2\n|-damage|p2a: Kommo-o|0 fnt\n|faint|p2a: Kommo-o\n|\n|win|Sapphire39\n|inactive|Sapphire39 has 30 seconds to confirm battle start!\n|inactive|XJP8964 has 30 seconds to confirm battle start!\n",
  "uploadtime": 1776666866,
  "views": 14,
  "formatid": "gen9championsvgc2026regma",
  "rating": null,
  "private": 0,
  "password": null
}