{
  "id": "gen9championsvgc2026regma-2582786382",
  "format": "[Gen 9 Champions] VGC 2026 Reg M-A",
  "players": [
    "CementTheBlock",
    "Zapdos79"
  ],
  "log": "|j|\u2606CementTheBlock\n|j|\u2606Zapdos79\n|t:|1776114044\n|gametype|doubles\n|player|p1|CementTheBlock|266|1123\n|player|p2|Zapdos79|flannery|1098\n|gen|9\n|tier|[Gen 9 Champions] VGC 2026 Reg M-A\n|rated|\n|rule|Species Clause: Limit one of each Pok\u00e9mon\n|rule|Item Clause: Limit 1 of each item\n|clearpoke\n|poke|p1|Gardevoir, L50, F|\n|poke|p1|Palafin, L50, F|\n|poke|p1|Talonflame, L50, M|\n|poke|p1|Kingambit, L50, M|\n|poke|p1|Scizor, L50, M|\n|poke|p1|Farigiraf, L50, M|\n|poke|p2|Tyranitar, L50, M|\n|poke|p2|Zoroark-Hisui, L50, F|\n|poke|p2|Excadrill, L50, M|\n|poke|p2|Meganium, L50, F|\n|poke|p2|Farigiraf, L50, F|\n|poke|p2|Incineroar, L50, F|\n|teampreview|4\n|\n|t:|1776114106\n|teamsize|p1|4\n|teamsize|p2|4\n|start\n|switch|p1a: Farigiraf|Farigiraf, L50, M|100/100\n|switch|p1b: Palafin|Palafin, L50, F|100/100\n|switch|p2a: Tyranitar|Tyranitar, L50, M|100/100\n|switch|p2b: Incineroar|Incineroar, L50, F|100/100\n|-weather|Sandstorm|[from] ability: Sand Stream|[of] p2a: Tyranitar\n|-ability|p2b: Incineroar|Intimidate|boost\n|-unboost|p1a: Farigiraf|atk|1\n|-unboost|p1b: Palafin|atk|1\n|turn|1\n|\n|t:|1776114128\n|detailschange|p1b: Palafin|Palafin-Hero, L50, F\n|switch|p1b: Gardevoir|Gardevoir, L50, F|100/100\n|move|p2a: Tyranitar|Knock Off|p1b: Gardevoir\n|-damage|p1b: Gardevoir|43/100\n|move|p2b: Incineroar|Parting Shot|p1b: Gardevoir\n|-unboost|p1b: Gardevoir|atk|1\n|-unboost|p1b: Gardevoir|spa|1\n|\n|t:|1776114136\n|switch|p2b: Excadrill|Excadrill, L50, M|100/100|[from] Parting Shot\n|move|p1a: Farigiraf|Trick Room|p1a: Farigiraf\n|-fieldstart|move: Trick Room|[of] p1a: Farigiraf\n|\n|-weather|Sandstorm|[upkeep]\n|-damage|p1a: Farigiraf|94/100|[from] Sandstorm\n|-damage|p1b: Gardevoir|38/100|[from] Sandstorm\n|-heal|p1a: Farigiraf|100/100|[from] item: Leftovers\n|upkeep\n|turn|2\n|\n|t:|1776114152\n|detailschange|p1b: Gardevoir|Gardevoir-Mega, L50, F\n|-mega|p1b: Gardevoir|Gardevoir|Gardevoirite\n|move|p1a: Farigiraf|Helping Hand|p1b: Gardevoir\n|-singleturn|p1b: Gardevoir|Helping Hand|[of] p1a: Farigiraf\n|move|p2a: Tyranitar|Knock Off|p1a: Farigiraf\n|-supereffective|p1a: Farigiraf|1\n|-damage|p1a: Farigiraf|0 fnt\n|-enditem|p1a: Farigiraf|Leftovers|[from] move: Knock Off|[of] p2a: Tyranitar\n|faint|p1a: Farigiraf\n|move|p1b: Gardevoir|Hyper Voice|p2b: Excadrill|[spread] p2a,p2b\n|-supereffective|p2a: Tyranitar|1\n|-resisted|p2b: Excadrill|1\n|-damage|p2a: Tyranitar|31/100\n|-damage|p2b: Excadrill|63/100\n|move|p2b: Excadrill|Iron Head|p1b: Gardevoir\n|-supereffective|p1b: Gardevoir|1\n|-damage|p1b: Gardevoir|0 fnt\n|faint|p1b: Gardevoir\n|\n|-weather|Sandstorm|[upkeep]\n|upkeep\n|\n|t:|1776114171\n|switch|p1a: Palafin|Palafin-Hero, L50, F|100/100\n|switch|p1b: Kingambit|Kingambit, L50, M|100/100\n|-activate|p1a: Palafin|ability: Zero to Hero\n|turn|3\n|\n|t:|1776114189\n|switch|p2b: Incineroar|Incineroar, L50, F|100/100\n|-ability|p2b: Incineroar|Intimidate|boost\n|-unboost|p1a: Palafin|atk|1\n|-unboost|p1b: Kingambit|atk|1\n|-ability|p1b: Kingambit|Defiant|boost\n|-boost|p1b: Kingambit|atk|2\n|move|p1b: Kingambit|Sucker Punch||[still]\n|-fail|p1b: Kingambit\n|move|p1a: Palafin|Jet Punch|p2a: Tyranitar\n|-supereffective|p2a: Tyranitar|1\n|-enditem|p2a: Tyranitar|Passho Berry|[eat]\n|-enditem|p2a: Tyranitar|Passho Berry|[weaken]\n|-damage|p2a: Tyranitar|0 fnt\n|faint|p2a: Tyranitar\n|\n|-weather|Sandstorm|[upkeep]\n|-damage|p2b: Incineroar|95/100|[from] Sandstorm\n|-damage|p1a: Palafin|95/100|[from] Sandstorm\n|upkeep\n|\n|t:|1776114206\n|switch|p2a: Excadrill|Excadrill, L50, M|63/100\n|turn|4\n|\n|t:|1776114225\n|move|p2b: Incineroar|Fake Out|p1b: Kingambit\n|-resisted|p1b: Kingambit|1\n|-damage|p1b: Kingambit|95/100\n|move|p1a: Palafin|Jet Punch|p2b: Incineroar\n|-supereffective|p2b: Incineroar|1\n|-damage|p2b: Incineroar|35/100\n|-enditem|p2b: Incineroar|Sitrus Berry|[eat]\n|-heal|p2b: Incineroar|60/100|[from] item: Sitrus Berry\n|cant|p1b: Kingambit|flinch\n|move|p2a: Excadrill|High Horsepower|p1b: Kingambit\n|-supereffective|p1b: Kingambit|1\n|-damage|p1b: Kingambit|26/100\n|\n|-weather|Sandstorm|[upkeep]\n|-damage|p2b: Incineroar|54/100|[from] Sandstorm\n|-damage|p1a: Palafin|89/100|[from] Sandstorm\n|upkeep\n|turn|5\n|\n|t:|1776114244\n|move|p2a: Excadrill|Protect|p2a: Excadrill\n|-singleturn|p2a: Excadrill|Protect\n|move|p1a: Palafin|Jet Punch|p2b: Incineroar\n|-supereffective|p2b: Incineroar|1\n|-damage|p2b: Incineroar|0 fnt\n|faint|p2b: Incineroar\n|move|p1b: Kingambit|Kowtow Cleave|p2a: Excadrill\n|-activate|p2a: Excadrill|move: Protect\n|\n|-weather|none\n|-fieldend|move: Trick Room\n|upkeep\n|\n|t:|1776114252\n|switch|p2b: Farigiraf|Farigiraf, L50, F|100/100\n|turn|6\n|\n|t:|1776114264\n|move|p2a: Excadrill|High Horsepower|p1b: Kingambit\n|-supereffective|p1b: Kingambit|1\n|-damage|p1b: Kingambit|0 fnt\n|faint|p1b: Kingambit\n|move|p1a: Palafin|Wave Crash|p2a: Excadrill\n|-supereffective|p2a: Excadrill|1\n|-damage|p2a: Excadrill|0 fnt\n|faint|p2a: Excadrill\n|-damage|p1a: Palafin|70/100|[from] Recoil\n|move|p2b: Farigiraf|Thunder Wave|p1a: Palafin\n|-status|p1a: Palafin|par\n|\n|upkeep\n|turn|7\n|\n|t:|1776114279\n|move|p2b: Farigiraf|Psychic|p1a: Palafin\n|-damage|p1a: Palafin|38/100 par\n|cant|p1a: Palafin|par\n|\n|upkeep\n|turn|8\n|\n|t:|1776114285\n|move|p2b: Farigiraf|Psychic|p1a: Palafin\n|-damage|p1a: Palafin|6/100 par\n|cant|p1a: Palafin|par\n|\n|upkeep\n|turn|9\n|\n|t:|1776114292\n|move|p2b: Farigiraf|Psychic|p1a: Palafin\n|-damage|p1a: Palafin|0 fnt\n|faint|p1a: Palafin\n|\n|win|Zapdos79\n|raw|CementTheBlock's rating: 1123 &rarr; <strong>1096</strong><br />(-27 for losing)\n|raw|Zapdos79's rating: 1098 &rarr; <strong>1125</strong><br />(+27 for winning)\n|l|\u2606CementTheBlock\n|player|p1|\n",
  "uploadtime": 1776114303,
  "views": 14,
  "formatid": "gen9championsvgc2026regma",
  "rating": 1096,
  "private": 0,
  "password": null
}