{
  "id": "gen9championsvgc2026regma-2588693506",
  "format": "[Gen 9 Champions] VGC 2026 Reg M-A",
  "players": [
    "kuruffman",
    "Yarnz"
  ],
  "log": "|j|\u2606kuruffman\n|j|\u2606Yarnz\n|t:|1776658502\n|gametype|doubles\n|player|p1|kuruffman|policeman-gen4|1205\n|player|p2|Yarnz|fantina|1174\n|gen|9\n|tier|[Gen 9 Champions] VGC 2026 Reg M-A\n|rated|\n|rule|Species Clause: Limit one of each Pok\u00e9mon\n|rule|Item Clause: Limit 1 of each item\n|clearpoke\n|poke|p1|Aerodactyl, L50, F|\n|poke|p1|Palafin, L50, F|\n|poke|p1|Incineroar, L50, M|\n|poke|p1|Sinistcha, L50|\n|poke|p1|Starmie, L50|\n|poke|p1|Garchomp, L50, F|\n|poke|p2|Skarmory, L50, F|\n|poke|p2|Incineroar, L50, M|\n|poke|p2|Sinistcha-Masterpiece, L50, shiny|\n|poke|p2|Ninetales-Alola, L50, M|\n|poke|p2|Garchomp, L50, F|\n|poke|p2|Medicham, L50, F|\n|teampreview|4\n|inactive|Battle timer is ON: inactive players will automatically lose when time's up. (requested by Yarnz)\nYarnz rejected open team sheets.\n|inactive|Yarnz has 60 seconds left.\n|\n|t:|1776658532\n|teamsize|p1|4\n|teamsize|p2|4\n|start\n|switch|p1a: Incineroar|Incineroar, L50, M|100/100\n|switch|p1b: Aerodactyl|Aerodactyl, L50, F|100/100\n|switch|p2a: Wendigo|Ninetales-Alola, L50, M|100/100\n|switch|p2b: Pants|Medicham, L50, F|100/100\n|-ability|p1b: Aerodactyl|Unnerve\n|-weather|Snowscape|[from] ability: Snow Warning|[of] p2a: Wendigo\n|-ability|p1a: Incineroar|Intimidate|boost\n|-unboost|p2a: Wendigo|atk|1\n|-unboost|p2b: Pants|atk|1\n|turn|1\n|inactive|kuruffman has 30 seconds left.\n|\n|t:|1776658561\n|move|p2b: Pants|Protect|p2b: Pants\n|-singleturn|p2b: Pants|Protect\n|move|p1a: Incineroar|Fake Out|p2b: Pants\n|-activate|p2b: Pants|move: Protect\n|move|p1b: Aerodactyl|Tailwind|p1b: Aerodactyl\n|-sidestart|p1: kuruffman|move: Tailwind\n|move|p2a: Wendigo|Aurora Veil|p2a: Wendigo\n|-sidestart|p2: Yarnz|move: Aurora Veil\n|\n|-weather|Snowscape|[upkeep]\n|upkeep\n|turn|2\n|\n|t:|1776658584\n|detailschange|p2b: Pants|Medicham-Mega, L50, F\n|-mega|p2b: Pants|Medicham|Medichamite\n|move|p1b: Aerodactyl|Rock Slide|p2b: Pants|[spread] p2a,p2b\n|-supereffective|p2a: Wendigo|1\n|-resisted|p2b: Pants|1\n|-damage|p2a: Wendigo|68/100\n|-damage|p2b: Pants|91/100\n|move|p2a: Wendigo|Blizzard|p1b: Aerodactyl|[spread] p1a,p1b\n|-resisted|p1a: Incineroar|1\n|-supereffective|p1b: Aerodactyl|1\n|-damage|p1a: Incineroar|90/100\n|-damage|p1b: Aerodactyl|8/100\n|move|p1a: Incineroar|Parting Shot|p2b: Pants\n|-unboost|p2b: Pants|atk|1\n|-unboost|p2b: Pants|spa|1\n|\n|t:|1776658597\n|switch|p1a: Starmie|Starmie, L50|100/100|[from] Parting Shot\n|move|p2b: Pants|Close Combat|p1a: Starmie\n|-resisted|p1a: Starmie|1\n|-damage|p1a: Starmie|61/100\n|-unboost|p2b: Pants|def|1\n|-unboost|p2b: Pants|spd|1\n|\n|-weather|Snowscape|[upkeep]\n|upkeep\n|turn|3\n|\n|t:|1776658609\n|detailschange|p1a: Starmie|Starmie-Mega, L50\n|-mega|p1a: Starmie|Starmie|Starminite\n|move|p2b: Pants|Protect|p2b: Pants\n|-singleturn|p2b: Pants|Protect\n|move|p1b: Aerodactyl|Rock Slide|p2b: Pants|[spread] p2a\n|-activate|p2b: Pants|move: Protect\n|-supereffective|p2a: Wendigo|1\n|-damage|p2a: Wendigo|30/100\n|move|p1a: Starmie|Liquidation|p2b: Pants\n|-activate|p2b: Pants|move: Protect\n|move|p2a: Wendigo|Blizzard|p1b: Aerodactyl|[spread] p1a,p1b\n|-resisted|p1a: Starmie|1\n|-supereffective|p1b: Aerodactyl|1\n|-damage|p1a: Starmie|39/100\n|-damage|p1b: Aerodactyl|0 fnt\n|-status|p1a: Starmie|frz\n|faint|p1b: Aerodactyl\n|\n|-weather|Snowscape|[upkeep]\n|upkeep\n|\n|t:|1776658620\n|switch|p1b: Sinistcha|Sinistcha, L50|100/100\n|-heal|p1a: Starmie|64/100 frz|[from] ability: Hospitality|[of] p1b: Sinistcha\n|turn|4\n|\n|t:|1776658637\n|switch|p1b: Incineroar|Incineroar, L50, M|90/100\n|-ability|p1b: Incineroar|Intimidate|boost\n|-unboost|p2a: Wendigo|atk|1\n|-unboost|p2b: Pants|atk|1\n|switch|p2b: Sol|Incineroar, L50, M|100/100\n|-ability|p2b: Sol|Intimidate|boost\n|-unboost|p1a: Starmie|atk|1\n|-unboost|p1b: Incineroar|atk|1\n|-curestatus|p1a: Starmie|frz|[msg]\n|move|p1a: Starmie|Liquidation|p2b: Sol\n|-supereffective|p2b: Sol|1\n|-damage|p2b: Sol|43/100\n|move|p2a: Wendigo|Blizzard|p1b: Incineroar|[spread] p1a,p1b\n|-resisted|p1a: Starmie|1\n|-resisted|p1b: Incineroar|1\n|-damage|p1a: Starmie|44/100\n|-damage|p1b: Incineroar|78/100\n|\n|-weather|Snowscape|[upkeep]\n|-heal|p2b: Sol|49/100|[from] item: Leftovers\n|-sideend|p1: kuruffman|move: Tailwind\n|upkeep\n|turn|5\n|\n|t:|1776658665\n|switch|p1a: Sinistcha|Sinistcha, L50|100/100\n|-heal|p1b: Incineroar|100/100|[from] ability: Hospitality|[of] p1a: Sinistcha\n|switch|p2a: Chai|Sinistcha-Masterpiece, L50, shiny|100/100\n|-heal|p2b: Sol|73/100|[from] ability: Hospitality|[of] p2a: Chai\n|move|p2b: Sol|Fake Out|p1a: Sinistcha\n|-immune|p1a: Sinistcha\n|move|p1b: Incineroar|Fake Out|p2a: Chai\n|-immune|p2a: Chai\n|\n|-weather|none\n|-heal|p2b: Sol|79/100|[from] item: Leftovers\n|-sideend|p2: Yarnz|move: Aurora Veil\n|upkeep\n|turn|6\n|c|\u2606Yarnz|LMFAO\n|\n|t:|1776658686\n|move|p2a: Chai|Protect|p2a: Chai\n|-singleturn|p2a: Chai|Protect\n|move|p2b: Sol|Flare Blitz|p1a: Sinistcha\n|-supereffective|p1a: Sinistcha|1\n|-damage|p1a: Sinistcha|9/100\n|-damage|p2b: Sol|53/100|[from] Recoil\n|move|p1a: Sinistcha|Stun Spore|p2b: Sol\n|-status|p2b: Sol|par\n|move|p1b: Incineroar|Darkest Lariat|p2a: Chai\n|-activate|p2a: Chai|move: Protect\n|\n|-heal|p1a: Sinistcha|16/100|[from] item: Leftovers\n|-heal|p2b: Sol|59/100 par|[from] item: Leftovers\n|upkeep\n|turn|7\n|\n|t:|1776658707\n|move|p1a: Sinistcha|Strength Sap|p2b: Sol\n|-unboost|p2b: Sol|atk|1\n|-heal|p1a: Sinistcha|100/100\n|move|p2a: Chai|Matcha Gotcha|p1b: Incineroar|[spread] p1a,p1b\n|-resisted|p1a: Sinistcha|1\n|-resisted|p1b: Incineroar|1\n|-damage|p1a: Sinistcha|84/100\n|-damage|p1b: Incineroar|90/100\n|move|p1b: Incineroar|Parting Shot|p2b: Sol\n|-unboost|p2b: Sol|atk|1\n|-unboost|p2b: Sol|spa|1\n|\n|t:|1776658720\n|switch|p1b: Starmie|Starmie-Mega, L50|44/100|[from] Parting Shot\n|move|p2b: Sol|Snarl|p1a: Sinistcha|[spread] p1a,p1b\n|-supereffective|p1a: Sinistcha|1\n|-supereffective|p1b: Starmie|1\n|-damage|p1a: Sinistcha|67/100\n|-damage|p1b: Starmie|25/100\n|-unboost|p1a: Sinistcha|spa|1\n|-unboost|p1b: Starmie|spa|1\n|\n|-heal|p1a: Sinistcha|73/100|[from] item: Leftovers\n|-heal|p2b: Sol|65/100 par|[from] item: Leftovers\n|upkeep\n|turn|8\n|\n|t:|1776658739\n|move|p2a: Chai|Protect|p2a: Chai\n|-singleturn|p2a: Chai|Protect\n|move|p1b: Starmie|Zen Headbutt|p2a: Chai\n|-activate|p2a: Chai|move: Protect\n|move|p1a: Sinistcha|Matcha Gotcha|p2a: Chai|[spread] p2b\n|-activate|p2a: Chai|move: Protect\n|-resisted|p2b: Sol|1\n|-damage|p2b: Sol|56/100 par\n|-heal|p1a: Sinistcha|78/100|[from] drain|[of] p2b: Sol\n|move|p2b: Sol|Parting Shot|p1b: Starmie\n|-unboost|p1b: Starmie|atk|1\n|-unboost|p1b: Starmie|spa|1\n|\n|t:|1776658754\n|switch|p2b: Wendigo|Ninetales-Alola, L50, M|30/100|[from] Parting Shot\n|-weather|Snowscape|[from] ability: Snow Warning|[of] p2b: Wendigo\n|\n|-weather|Snowscape|[upkeep]\n|-heal|p1a: Sinistcha|84/100|[from] item: Leftovers\n|upkeep\n|turn|9\n|\n|t:|1776658775\n|move|p1b: Starmie|Liquidation|p2b: Wendigo\n|-damage|p2b: Wendigo|0 fnt\n|faint|p2b: Wendigo\n|move|p2a: Chai|Matcha Gotcha|p1a: Sinistcha|[spread] p1a,p1b\n|-resisted|p1a: Sinistcha|1\n|-supereffective|p1b: Starmie|1\n|-damage|p1a: Sinistcha|67/100\n|-damage|p1b: Starmie|0 fnt\n|faint|p1b: Starmie\n|move|p1a: Sinistcha|Matcha Gotcha|p2a: Chai\n|-resisted|p2a: Chai|1\n|-damage|p2a: Chai|85/100\n|-heal|p1a: Sinistcha|75/100|[from] drain|[of] p2a: Chai\n|-status|p2a: Chai|brn\n|\n|-weather|Snowscape|[upkeep]\n|-heal|p1a: Sinistcha|81/100|[from] item: Leftovers\n|-damage|p2a: Chai|79/100 brn|[from] brn\n|upkeep\n|\n|t:|1776658789\n|switch|p1b: Incineroar|Incineroar, L50, M|90/100\n|switch|p2b: Pants|Medicham-Mega, L50, F|91/100\n|-ability|p1b: Incineroar|Intimidate|boost\n|-unboost|p2a: Chai|atk|1\n|-unboost|p2b: Pants|atk|1\n|turn|10\n|\n|t:|1776658807\n|switch|p2a: Sol|Incineroar, L50, M|56/100 par\n|-ability|p2a: Sol|Intimidate|boost\n|-unboost|p1a: Sinistcha|atk|1\n|-unboost|p1b: Incineroar|atk|1\n|move|p2b: Pants|Protect|p2b: Pants\n|-singleturn|p2b: Pants|Protect\n|move|p1a: Sinistcha|Strength Sap|p2b: Pants\n|-activate|p2b: Pants|move: Protect\n|move|p1b: Incineroar|Darkest Lariat|p2a: Sol\n|-resisted|p2a: Sol|1\n|-damage|p2a: Sol|45/100 par\n|\n|-weather|Snowscape|[upkeep]\n|-heal|p1a: Sinistcha|88/100|[from] item: Leftovers\n|-heal|p2a: Sol|50/100 par|[from] item: Leftovers\n|upkeep\n|turn|11\n|inactive|kuruffman has 30 seconds left.\n|\n|t:|1776658836\n|switch|p2b: Chai|Sinistcha-Masterpiece, L50, shiny|79/100 brn\n|-heal|p2a: Sol|75/100 par|[from] ability: Hospitality|[of] p2b: Chai\n|move|p1a: Sinistcha|Strength Sap|p2b: Chai\n|-unboost|p2b: Chai|atk|1\n|-heal|p1a: Sinistcha|100/100\n|move|p1b: Incineroar|Darkest Lariat|p2a: Sol\n|-resisted|p2a: Sol|1\n|-damage|p2a: Sol|65/100 par\n|move|p2a: Sol|Parting Shot|p1b: Incineroar\n|-unboost|p1b: Incineroar|atk|1\n|-unboost|p1b: Incineroar|spa|1\n|\n|t:|1776658852\n|switch|p2a: Pants|Medicham-Mega, L50, F|91/100|[from] Parting Shot\n|\n|-weather|Snowscape|[upkeep]\n|-damage|p2b: Chai|73/100 brn|[from] brn\n|upkeep\n|turn|12\n|\n|t:|1776658866\n|move|p1b: Incineroar|Protect|p1b: Incineroar\n|-singleturn|p1b: Incineroar|Protect\n|move|p2b: Chai|Rage Powder|p2b: Chai\n|-singleturn|p2b: Chai|move: Rage Powder\n|move|p2a: Pants|Close Combat|p1b: Incineroar\n|-activate|p1b: Incineroar|move: Protect\n|move|p1a: Sinistcha|Strength Sap|p2a: Pants\n|-unboost|p2a: Pants|atk|1\n|\n|-weather|none\n|-damage|p2b: Chai|67/100 brn|[from] brn\n|upkeep\n|turn|13\n|inactive|kuruffman has 30 seconds left.\n|\n|t:|1776658894\n|move|p2b: Chai|Rage Powder|p2b: Chai\n|-singleturn|p2b: Chai|move: Rage Powder\n|move|p2a: Pants|Close Combat|p1b: Incineroar\n|-supereffective|p1b: Incineroar|1\n|-damage|p1b: Incineroar|0 fnt\n|-unboost|p2a: Pants|def|1\n|-unboost|p2a: Pants|spd|1\n|faint|p1b: Incineroar\n|move|p1a: Sinistcha|Stun Spore|p2a: Pants\n|-status|p2a: Pants|par\n|\n|-damage|p2b: Chai|61/100 brn|[from] brn\n|upkeep\n|turn|14\n|-message|kuruffman forfeited.\n|\n|win|Yarnz\n|raw|kuruffman's rating: 1205 &rarr; <strong>1178</strong><br />(-27 for losing)\n|raw|Yarnz's rating: 1174 &rarr; <strong>1201</strong><br />(+27 for winning)\n|l|\u2606kuruffman\n|player|p1|\n",
  "uploadtime": 1776658907,
  "views": 12,
  "formatid": "gen9championsvgc2026regma",
  "rating": 1178,
  "private": 0,
  "password": null
}