{
  "id": "gen9championsvgc2026regma-2584330933",
  "format": "[Gen 9 Champions] VGC 2026 Reg M-A",
  "players": [
    "Alfa ash",
    "zefhkb505"
  ],
  "log": "|j|\u2606Alfa ash\n|j|\u2606zefhkb505\n|t:|1776252003\n|gametype|doubles\n|player|p1|Alfa ash|blue|1400\n|player|p2|zefhkb505|hilbert|1430\n|gen|9\n|tier|[Gen 9 Champions] VGC 2026 Reg M-A\n|rated|\n|rule|Species Clause: Limit one of each Pok\u00e9mon\n|rule|Item Clause: Limit 1 of each item\n|clearpoke\n|poke|p1|Meganium, L50, F|\n|poke|p1|Aerodactyl, L50, F|\n|poke|p1|Tauros-Paldea-Aqua, L50, M|\n|poke|p1|Archaludon, L50, M|\n|poke|p1|Typhlosion-Hisui, L50, F|\n|poke|p1|Kangaskhan, L50, F|\n|poke|p2|Houndoom, L50, M|\n|poke|p2|Whimsicott, L50, F|\n|poke|p2|Venusaur, L50, F|\n|poke|p2|Garchomp, L50, M|\n|poke|p2|Sneasler, L50, M|\n|poke|p2|Rotom-Wash, L50|\n|teampreview|4\n|inactive|Battle timer is ON: inactive players will automatically lose when time's up. (requested by Alfa ash)\n|inactive|Alfa ash has 60 seconds left.\n|inactive|zefhkb505 has 60 seconds left.\n|\n|t:|1776252058\n|teamsize|p1|4\n|teamsize|p2|4\n|start\n|switch|p1a: Kangaskhan|Kangaskhan, L50, F|100/100\n|switch|p1b: Aerodactyl|Aerodactyl, L50, F|100/100\n|switch|p2a: Houndoom|Houndoom, L50, M|100/100\n|switch|p2b: Sneasler|Sneasler, L50, M|100/100\n|-ability|p1b: Aerodactyl|Unnerve\n|turn|1\n|\n|t:|1776252070\n|move|p2a: Houndoom|Protect|p2a: Houndoom\n|-singleturn|p2a: Houndoom|Protect\n|move|p2b: Sneasler|Fake Out|p1a: Kangaskhan\n|-damage|p1a: Kangaskhan|85/100\n|move|p1a: Kangaskhan|Fake Out|p2a: Houndoom\n|-activate|p2a: Houndoom|move: Protect\n|move|p1b: Aerodactyl|Dual Wingbeat|p2b: Sneasler\n|-supereffective|p2b: Sneasler|1\n|-damage|p2b: Sneasler|37/100\n|-supereffective|p2b: Sneasler|1\n|-damage|p2b: Sneasler|0 fnt\n|faint|p2b: Sneasler\n|-hitcount|p2: Sneasler|2\n|\n|upkeep\n|\n|t:|1776252086\n|switch|p2b: Whimsicott|Whimsicott, L50, F|100/100\n|turn|2\n|\n|t:|1776252102\n|switch|p2a: Venusaur|Venusaur, L50, F|100/100\n|detailschange|p1a: Kangaskhan|Kangaskhan-Mega, L50, F\n|-mega|p1a: Kangaskhan|Kangaskhan|Kangaskhanite\n|move|p2b: Whimsicott|Sunny Day|p2b: Whimsicott\n|-weather|SunnyDay\n|move|p1b: Aerodactyl|Dual Wingbeat|p2b: Whimsicott\n|-supereffective|p2b: Whimsicott|1\n|-damage|p2b: Whimsicott|55/100\n|-supereffective|p2b: Whimsicott|1\n|-damage|p2b: Whimsicott|9/100\n|-hitcount|p2b: Whimsicott|2\n|move|p1a: Kangaskhan|Drain Punch|p2a: Venusaur\n|-resisted|p2a: Venusaur|1\n|-damage|p2a: Venusaur|83/100\n|-heal|p1a: Kangaskhan|92/100|[from] drain|[of] p2a: Venusaur\n|-resisted|p2a: Venusaur|1\n|-damage|p2a: Venusaur|79/100\n|-heal|p1a: Kangaskhan|94/100|[from] drain|[of] p2a: Venusaur\n|-hitcount|p2a: Venusaur|2\n|\n|-weather|SunnyDay|[upkeep]\n|-heal|p2a: Venusaur|84/100|[from] item: Leftovers\n|upkeep\n|turn|3\n|inactive|Alfa ash has 30 seconds left.\n|inactive|zefhkb505 has 30 seconds left.\n|\n|t:|1776252129\n|move|p2b: Whimsicott|Encore|p1a: Kangaskhan\n|-start|p1a: Kangaskhan|Encore\n|move|p2a: Venusaur|Sleep Powder|p1b: Aerodactyl|[miss]\n|-miss|p2a: Venusaur|p1b: Aerodactyl\n|move|p1b: Aerodactyl|Tailwind|p1b: Aerodactyl\n|-sidestart|p1: Alfa ash|move: Tailwind\n|move|p1a: Kangaskhan|Drain Punch|p2b: Whimsicott\n|-resisted|p2b: Whimsicott|1\n|-damage|p2b: Whimsicott|0 fnt\n|-heal|p1a: Kangaskhan|97/100|[from] drain|[of] p2b: Whimsicott\n|faint|p2b: Whimsicott\n|-hitcount|p2: Whimsicott|1\n|\n|-weather|SunnyDay|[upkeep]\n|-heal|p2a: Venusaur|90/100|[from] item: Leftovers\n|upkeep\n|\n|t:|1776252142\n|switch|p2b: Houndoom|Houndoom, L50, M|100/100\n|turn|4\n|\n|t:|1776252150\n|move|p2b: Houndoom|Protect|p2b: Houndoom\n|-singleturn|p2b: Houndoom|Protect\n|move|p1b: Aerodactyl|Rock Slide|p2b: Houndoom|[spread] \n|-activate|p2b: Houndoom|move: Protect\n|-miss|p1b: Aerodactyl|p2a: Venusaur\n|move|p2a: Venusaur|Sleep Powder|p1a: Kangaskhan\n|-status|p1a: Kangaskhan|slp|[from] move: Sleep Powder\n|cant|p1a: Kangaskhan|slp\n|\n|-weather|SunnyDay|[upkeep]\n|-heal|p2a: Venusaur|96/100|[from] item: Leftovers\n|upkeep\n|turn|5\n|\n|t:|1776252168\n|detailschange|p2b: Houndoom|Houndoom-Mega, L50, M\n|-mega|p2b: Houndoom|Houndoom|Houndoominite\n|move|p1b: Aerodactyl|Rock Slide|p2b: Houndoom|[spread] p2a,p2b\n|-supereffective|p2b: Houndoom|1\n|-damage|p2a: Venusaur|62/100\n|-damage|p2b: Houndoom|36/100\n|cant|p2a: Venusaur|flinch\n|-curestatus|p1a: Kangaskhan|slp|[msg]\n|move|p1a: Kangaskhan|Drain Punch|p2b: Houndoom\n|-supereffective|p2b: Houndoom|1\n|-damage|p2b: Houndoom|0 fnt\n|-heal|p1a: Kangaskhan|100/100|[from] drain|[of] p2b: Houndoom\n|faint|p2b: Houndoom\n|-hitcount|p2: Houndoom|1\n|\n|-weather|SunnyDay|[upkeep]\n|-heal|p2a: Venusaur|68/100|[from] item: Leftovers\n|-end|p1a: Kangaskhan|Encore\n|upkeep\n|turn|6\n|-message|zefhkb505 forfeited.\n|\n|win|Alfa ash\n|raw|Alfa ash's rating: 1400 &rarr; <strong>1422</strong><br />(+22 for winning)\n|raw|zefhkb505's rating: 1430 &rarr; <strong>1408</strong><br />(-22 for losing)\n|l|\u2606zefhkb505\n|player|p2|\n|l|\u2606Alfa ash\n|player|p1|\n|j| GalacticSpaceForce\n",
  "uploadtime": 1776252245,
  "views": 39,
  "formatid": "gen9championsvgc2026regma",
  "rating": 1408,
  "private": 0,
  "password": null
}