{
  "id": "gen9championsvgc2026regma-2585353042",
  "format": "[Gen 9 Champions] VGC 2026 Reg M-A",
  "players": [
    "antopollagorda69",
    "maku8319"
  ],
  "log": "|j|\u2606antopollagorda69\n|j|\u2606maku8319\n|t:|1776340572\n|gametype|doubles\n|player|p1|antopollagorda69|madame-gen4|1264\n|player|p2|maku8319|red|1270\n|gen|9\n|tier|[Gen 9 Champions] VGC 2026 Reg M-A\n|rated|\n|rule|Species Clause: Limit one of each Pok\u00e9mon\n|rule|Item Clause: Limit 1 of each item\n|clearpoke\n|poke|p1|Delphox, L50, F|\n|poke|p1|Kommo-o, L50, M|\n|poke|p1|Sinistcha, L50|\n|poke|p1|Milotic, L50, F|\n|poke|p1|Kangaskhan, L50, F|\n|poke|p1|Kingambit, L50, F|\n|poke|p2|Corviknight, L50, F|\n|poke|p2|Delphox, L50, F|\n|poke|p2|Garchomp, L50, F|\n|poke|p2|Sneasler, L50, M|\n|poke|p2|Primarina, L50, M|\n|poke|p2|Kingambit, L50, M|\n|teampreview|4\nantopollagorda69 rejected open team sheets.\n|inactive|Battle timer is ON: inactive players will automatically lose when time's up. (requested by antopollagorda69)\n|inactive|antopollagorda69 has 60 seconds left.\n|inactive|maku8319 has 60 seconds left.\n|inactive|antopollagorda69 has 30 seconds left.\n|inactive|maku8319 has 30 seconds left.\n|\n|t:|1776340643\n|teamsize|p1|4\n|teamsize|p2|4\n|start\n|switch|p1a: Milotic|Milotic, L50, F, shiny|100/100\n|switch|p1b: Delphox|Delphox, L50, F|100/100\n|switch|p2a: Primarina|Primarina, L50, M|100/100\n|switch|p2b: Kingambit|Kingambit, L50, M, shiny|100/100\n|turn|1\n|inactive|antopollagorda69 has 30 seconds left.\n|inactive|maku8319 has 30 seconds left.\n|inactive|maku8319 has 20 seconds left.\n|\n|t:|1776340683\n|detailschange|p1b: Delphox|Delphox-Mega, L50, F\n|-mega|p1b: Delphox|Delphox|Delphoxite\n|move|p2b: Kingambit|Sucker Punch|p1b: Delphox\n|-supereffective|p1b: Delphox|1\n|-damage|p1b: Delphox|0 fnt\n|faint|p1b: Delphox\n|move|p1a: Milotic|Muddy Water|p2a: Primarina|[spread] p2a\n|-miss|p1a: Milotic|p2b: Kingambit\n|-resisted|p2a: Primarina|1\n|-damage|p2a: Primarina|85/100\n|move|p2a: Primarina|Hyper Voice|p1a: Milotic\n|-resisted|p1a: Milotic|1\n|-damage|p1a: Milotic|81/100\n|\n|upkeep\n|\n|t:|1776340697\n|switch|p1b: Kingambit|Kingambit, L50, F|100/100\n|turn|2\n|\n|t:|1776340715\n|move|p1a: Milotic|Muddy Water|p2b: Kingambit|[spread] p2a,p2b\n|-resisted|p2a: Primarina|1\n|-damage|p2a: Primarina|70/100\n|-damage|p2b: Kingambit|72/100\n|move|p2a: Primarina|Hyper Voice|p1a: Milotic|[spread] p1a,p1b\n|-resisted|p1a: Milotic|1\n|-crit|p1a: Milotic\n|-damage|p1a: Milotic|60/100\n|-damage|p1b: Kingambit|58/100\n|move|p2b: Kingambit|Kowtow Cleave|p1a: Milotic\n|-damage|p1a: Milotic|11/100\n|move|p1b: Kingambit|Iron Head|p2a: Primarina\n|-damage|p2a: Primarina|15/100\n|\n|upkeep\n|turn|3\n|inactive|maku8319 has 30 seconds left.\n|inactive|maku8319 has 20 seconds left.\n|\n|t:|1776340753\n|move|p1a: Milotic|Protect|p1a: Milotic\n|-singleturn|p1a: Milotic|Protect\n|move|p2b: Kingambit|Sucker Punch||[still]\n|-fail|p2b: Kingambit\n|move|p1b: Kingambit|Sucker Punch|p2a: Primarina\n|-resisted|p2a: Primarina|1\n|-damage|p2a: Primarina|0 fnt\n|faint|p2a: Primarina\n|\n|upkeep\n|\n|t:|1776340763\n|switch|p2a: Delphox|Delphox, L50, F|100/100\n|turn|4\n|\n|t:|1776340771\n|detailschange|p2a: Delphox|Delphox-Mega, L50, F\n|-mega|p2a: Delphox|Delphox|Delphoxite\n|move|p1b: Kingambit|Sucker Punch|p2a: Delphox\n|-supereffective|p2a: Delphox|1\n|-damage|p2a: Delphox|0 fnt\n|faint|p2a: Delphox\n|move|p1a: Milotic|Recover|p1a: Milotic\n|-heal|p1a: Milotic|61/100\n|move|p2b: Kingambit|Swords Dance|p2b: Kingambit\n|-boost|p2b: Kingambit|atk|2\n|\n|upkeep\n|\n|t:|1776340776\n|switch|p2a: Corviknight|Corviknight, L50, F, shiny|100/100\n|turn|5\n|\n|t:|1776340796\n|switch|p1a: Kangaskhan|Kangaskhan, L50, F, shiny|100/100\n|move|p1b: Kingambit|Protect|p1b: Kingambit\n|-singleturn|p1b: Kingambit|Protect\n|move|p2b: Kingambit|Sucker Punch||[still]\n|-fail|p2b: Kingambit\n|move|p2a: Corviknight|Iron Defense|p2a: Corviknight\n|-boost|p2a: Corviknight|def|2\n|\n|upkeep\n|turn|6\n|inactive|antopollagorda69 has 30 seconds left.\n|\n|t:|1776340825\n|switch|p1b: Milotic|Milotic, L50, F, shiny|61/100\n|move|p2b: Kingambit|Sucker Punch|p1a: Kangaskhan\n|-damage|p1a: Kangaskhan|7/100\n|move|p1a: Kangaskhan|Drain Punch|p2b: Kingambit\n|-supereffective|p2b: Kingambit|2\n|-damage|p2b: Kingambit|9/100\n|-heal|p1a: Kangaskhan|44/100|[from] drain|[of] p2b: Kingambit\n|move|p2a: Corviknight|Iron Defense|p2a: Corviknight\n|-boost|p2a: Corviknight|def|2\n|\n|upkeep\n|turn|7\n|inactive|antopollagorda69 has 30 seconds left.\n|\n|t:|1776340853\n|switch|p1a: Kingambit|Kingambit, L50, F|58/100\n|move|p2b: Kingambit|Sucker Punch|p1b: Milotic\n|-damage|p1b: Milotic|0 fnt\n|faint|p1b: Milotic\n|move|p2a: Corviknight|Body Press|p1a: Kingambit\n|-supereffective|p1a: Kingambit|2\n|-damage|p1a: Kingambit|0 fnt\n|faint|p1a: Kingambit\n|\n|upkeep\n|\n|t:|1776340859\n|switch|p1a: Kangaskhan|Kangaskhan, L50, F, shiny|44/100\n|turn|8\n|\n|t:|1776340873\n|move|p1a: Kangaskhan|Fake Out|p2b: Kingambit\n|-resisted|p2b: Kingambit|1\n|-crit|p2b: Kingambit\n|-damage|p2b: Kingambit|0 fnt\n|faint|p2b: Kingambit\n|move|p2a: Corviknight|Body Press|p1a: Kangaskhan\n|-supereffective|p1a: Kangaskhan|1\n|-enditem|p1a: Kangaskhan|Chople Berry|[eat]\n|-enditem|p1a: Kangaskhan|Chople Berry|[weaken]\n|-damage|p1a: Kangaskhan|0 fnt\n|faint|p1a: Kangaskhan\n|\n|win|maku8319\n|raw|antopollagorda69's rating: 1264 &rarr; <strong>1239</strong><br />(-25 for losing)\n|raw|maku8319's rating: 1270 &rarr; <strong>1295</strong><br />(+25 for winning)\n|l|\u2606antopollagorda69\n|player|p1|\n|l|\u2606maku8319\n|player|p2|\n|j|\u2606maku8319\n|player|p2|maku8319|red|\n",
  "uploadtime": 1776341021,
  "views": 42,
  "formatid": "gen9championsvgc2026regma",
  "rating": 1239,
  "private": 0,
  "password": null
}