{
  "id": "gen9championsvgc2026regma-2582184440",
  "format": "[Gen 9 Champions] VGC 2026 Reg M-A",
  "players": [
    "Kamad3va",
    "St Nothing"
  ],
  "log": "|j|\u2606Kamad3va\n|j|\u2606St Nothing\n|t:|1776068641\n|gametype|doubles\n|player|p1|Kamad3va|cynthia|1125\n|player|p2|St Nothing|marley|1083\n|gen|9\n|tier|[Gen 9 Champions] VGC 2026 Reg M-A\n|rated|\n|rule|Species Clause: Limit one of each Pok\u00e9mon\n|rule|Item Clause: Limit 1 of each item\n|clearpoke\n|poke|p1|Archaludon, L50, M|\n|poke|p1|Pelipper, L50, F|\n|poke|p1|Farigiraf, L50, F|\n|poke|p1|Sinistcha, L50|\n|poke|p1|Dragonite, L50, M|\n|poke|p1|Basculegion, L50, M|\n|poke|p2|Aurorus, L50, F|\n|poke|p2|Maushold-Four, L50|\n|poke|p2|Meowstic-F, L50, F|\n|poke|p2|Toxapex, L50, F|\n|poke|p2|Skarmory, L50, M|\n|poke|p2|Lycanroc-Dusk, L50, F|\n|teampreview|4\n|\n|t:|1776068699\n|teamsize|p1|4\n|teamsize|p2|4\n|start\n|switch|p1a: Farigiraf|Farigiraf, L50, F|100/100\n|switch|p1b: Basculegion|Basculegion, L50, M|100/100\n|switch|p2a: Lime|Lycanroc-Dusk, L50, F, shiny|100/100\n|switch|p2b: The Smiths|Maushold-Four, L50, shiny|100/100\n|turn|1\n|\n|t:|1776068732\n|switch|p1a: Archaludon|Archaludon, L50, M|100/100\n|move|p2b: The Smiths|Follow Me|p2b: The Smiths\n|-singleturn|p2b: The Smiths|move: Follow Me\n|move|p1b: Basculegion|Flip Turn|p2b: The Smiths\n|-damage|p2b: The Smiths|57/100\n|\n|t:|1776068747\n|switch|p1b: Farigiraf|Farigiraf, L50, F|100/100|[from] Flip Turn\n|move|p2a: Lime|Rock Slide|p1b: Farigiraf|[spread] p1a,p1b\n|-resisted|p1a: Archaludon|1\n|-damage|p1a: Archaludon|89/100\n|-damage|p1b: Farigiraf|69/100\n|-ability|p1a: Archaludon|Stamina|boost\n|-boost|p1a: Archaludon|def|1\n|\n|upkeep\n|turn|2\n|\n|t:|1776068775\n|move|p2b: The Smiths|Super Fang|p1b: Farigiraf\n|-damage|p1b: Farigiraf|35/100\n|move|p2a: Lime|Rock Slide|p1b: Farigiraf|[spread] p1a,p1b\n|-resisted|p1a: Archaludon|1\n|-damage|p1a: Archaludon|80/100\n|-damage|p1b: Farigiraf|3/100\n|-ability|p1a: Archaludon|Stamina|boost\n|-boost|p1a: Archaludon|def|1\n|move|p1a: Archaludon|Flash Cannon|p2a: Lime\n|-supereffective|p2a: Lime|1\n|-damage|p2a: Lime|0 fnt\n|faint|p2a: Lime\n|move|p1b: Farigiraf|Hyper Voice|p2b: The Smiths\n|-damage|p2b: The Smiths|8/100\n|\n|upkeep\n|\n|t:|1776068790\n|switch|p2a: Violet|Toxapex, L50, F, shiny|100/100\n|turn|3\n|\n|t:|1776068809\n|switch|p1b: Pelipper|Pelipper, L50, F|100/100\n|-weather|RainDance|[from] ability: Drizzle|[of] p1b: Pelipper\n|move|p2b: The Smiths|Super Fang|p1a: Archaludon\n|-damage|p1a: Archaludon|40/100\n|-ability|p1a: Archaludon|Stamina|boost\n|-boost|p1a: Archaludon|def|1\n|move|p1a: Archaludon|Electro Shot||[still]\n|-prepare|p1a: Archaludon|Electro Shot\n|-boost|p1a: Archaludon|spa|1\n|-anim|p1a: Archaludon|Electro Shot|p2b: The Smiths\n|-damage|p2b: The Smiths|0 fnt\n|faint|p2b: The Smiths\n|move|p2a: Violet|Chilling Water|p1a: Archaludon\n|-resisted|p1a: Archaludon|1\n|-damage|p1a: Archaludon|32/100\n|-unboost|p1a: Archaludon|atk|1\n|-ability|p1a: Archaludon|Stamina|boost\n|-boost|p1a: Archaludon|def|1\n|\n|-weather|RainDance|[upkeep]\n|upkeep\n|\n|t:|1776068827\n|switch|p2b: Weiss|Aurorus, L50, F, shiny|100/100\n|-weather|Snowscape|[from] ability: Snow Warning|[of] p2b: Weiss\n|turn|4\n|\n|t:|1776068873\n|move|p2b: Weiss|Protect|p2b: Weiss\n|-singleturn|p2b: Weiss|Protect\n|move|p1b: Pelipper|Tailwind|p1b: Pelipper\n|-sidestart|p1: Kamad3va|move: Tailwind\n|move|p1a: Archaludon|Draco Meteor|p2a: Violet\n|-damage|p2a: Violet|30/100\n|-unboost|p1a: Archaludon|spa|2\n|-enditem|p2a: Violet|Sitrus Berry|[eat]\n|-heal|p2a: Violet|55/100|[from] item: Sitrus Berry\n|move|p2a: Violet|Icy Wind|p1b: Pelipper|[spread] p1a,p1b\n|-damage|p1a: Archaludon|26/100\n|-damage|p1b: Pelipper|90/100\n|-unboost|p1a: Archaludon|spe|1\n|-unboost|p1b: Pelipper|spe|1\n|-ability|p1a: Archaludon|Stamina|boost\n|-boost|p1a: Archaludon|def|1\n|\n|-weather|Snowscape|[upkeep]\n|upkeep\n|turn|5\n|\n|t:|1776068900\n|switch|p1b: Farigiraf|Farigiraf, L50, F|3/100\n|move|p1a: Archaludon|Draco Meteor|p2b: Weiss\n|-damage|p2b: Weiss|66/100\n|-unboost|p1a: Archaludon|spa|2\n|move|p2b: Weiss|Blizzard|p1a: Archaludon|[spread] p1a,p1b\n|-damage|p1a: Archaludon|0 fnt\n|-damage|p1b: Farigiraf|0 fnt\n|faint|p1a: Archaludon\n|faint|p1b: Farigiraf\n|move|p2a: Violet|Icy Wind|p1: Archaludon|[notarget]\n|-fail|p2a: Violet\n|\n|-weather|Snowscape|[upkeep]\n|upkeep\n|\n|t:|1776068907\n|switch|p1a: Pelipper|Pelipper, L50, F|90/100\n|switch|p1b: Basculegion|Basculegion, L50, M|100/100\n|-weather|RainDance|[from] ability: Drizzle|[of] p1a: Pelipper\n|turn|6\n|\n|t:|1776068922\n|move|p2b: Weiss|Protect|p2b: Weiss\n|-singleturn|p2b: Weiss|Protect\n|move|p2a: Violet|Baneful Bunker|p2a: Violet\n|-singleturn|p2a: Violet|move: Protect\n|move|p1b: Basculegion|Last Respects|p2a: Violet\n|-activate|p2a: Violet|move: Protect\n|move|p1a: Pelipper|Weather Ball|p2b: Weiss\n|-activate|p2b: Weiss|move: Protect\n|\n|-weather|RainDance|[upkeep]\n|upkeep\n|turn|7\n|\n|t:|1776068941\n|move|p2b: Weiss|Protect||[still]\n|-fail|p2b: Weiss\n|move|p1b: Basculegion|Last Respects|p2a: Violet\n|-damage|p2a: Violet|6/100\n|move|p1a: Pelipper|Weather Ball|p2b: Weiss\n|-supereffective|p2b: Weiss|1\n|-damage|p2b: Weiss|0 fnt\n|faint|p2b: Weiss\n|move|p2a: Violet|Icy Wind|p1b: Basculegion|[spread] p1a,p1b\n|-resisted|p1b: Basculegion|1\n|-damage|p1a: Pelipper|79/100\n|-damage|p1b: Basculegion|97/100\n|-unboost|p1a: Pelipper|spe|1\n|-unboost|p1b: Basculegion|spe|1\n|\n|-weather|RainDance|[upkeep]\n|-sideend|p1: Kamad3va|move: Tailwind\n|upkeep\n|turn|8\n|c|\u2606St Nothing|gg\n|c|\u2606Kamad3va|gg\n|\n|t:|1776068959\n|move|p1b: Basculegion|Last Respects|p2a: Violet\n|-damage|p2a: Violet|0 fnt\n|faint|p2a: Violet\n|\n|win|Kamad3va\n|raw|Kamad3va's rating: 1125 &rarr; <strong>1147</strong><br />(+22 for winning)\n|raw|St Nothing's rating: 1083 &rarr; <strong>1063</strong><br />(-20 for losing)\n|l|\u2606St Nothing\n|player|p2|\n",
  "uploadtime": 1776068974,
  "views": 10,
  "formatid": "gen9championsvgc2026regma",
  "rating": 1063,
  "private": 0,
  "password": null
}