{
  "id": "gen9championsvgc2026regma-2582802598",
  "format": "[Gen 9 Champions] VGC 2026 Reg M-A",
  "players": [
    "25Arcanines",
    "Shiv.Bomb"
  ],
  "log": "|j|\u260625Arcanines\n|j|\u2606Shiv.Bomb\n|t:|1776115253\n|gametype|doubles\n|player|p1|25Arcanines|rei|1092\n|player|p2|Shiv.Bomb|2|1000\n|gen|9\n|tier|[Gen 9 Champions] VGC 2026 Reg M-A\n|rated|\n|rule|Species Clause: Limit one of each Pok\u00e9mon\n|rule|Item Clause: Limit 1 of each item\n|clearpoke\n|poke|p1|Arcanine-Hisui, L50, M|\n|poke|p1|Sneasler, L50, M|\n|poke|p1|Gyarados, L50, M|\n|poke|p1|Whimsicott, L50, F|\n|poke|p1|Aegislash, L50, M|\n|poke|p1|Garchomp, L50, M|\n|poke|p2|Umbreon, L50, F|\n|poke|p2|Empoleon, L50, M|\n|poke|p2|Ariados, L50, M|\n|poke|p2|Altaria, L50, M|\n|poke|p2|Whimsicott, L50, F|\n|poke|p2|Ninetales-Alola, L50, M|\n|teampreview|4\n|c|\u260625Arcanines|glhf\n|\n|t:|1776115302\n|teamsize|p1|4\n|teamsize|p2|4\n|start\n|switch|p1a: Chain Chomp|Garchomp, L50, M|100/100\n|switch|p1b: ew|Sneasler, L50, M|100/100\n|switch|p2a: Ninetales|Ninetales-Alola, L50, M|100/100\n|switch|p2b: Altaria|Altaria, L50, M|100/100\n|-weather|Snowscape|[from] ability: Snow Warning|[of] p2a: Ninetales\n|turn|1\n|\n|t:|1776115337\n|switch|p1a: Chargoyle|Arcanine-Hisui, L50, M|100/100\n|-ability|p1a: Chargoyle|Intimidate|boost\n|-unboost|p2a: Ninetales|atk|1\n|-unboost|p2b: Altaria|atk|1\n|switch|p2b: Whimsicott|Whimsicott, L50, F|100/100\n|move|p1b: ew|Fake Out|p2a: Ninetales\n|-damage|p2a: Ninetales|88/100\n|cant|p2a: Ninetales|flinch\n|\n|-weather|Snowscape|[upkeep]\n|-heal|p2a: Ninetales|94/100|[from] item: Leftovers\n|upkeep\n|turn|2\n|\n|t:|1776115376\n|move|p2b: Whimsicott|Switcheroo|p1b: ew\n|-activate|p2b: Whimsicott|move: Trick|[of] p1b: ew\n|-item|p1b: ew|Choice Scarf|[from] move: Switcheroo\n|-item|p2b: Whimsicott|White Herb|[from] move: Switcheroo\n|move|p1b: ew|Coaching|p1a: Chargoyle\n|-boost|p1a: Chargoyle|atk|1\n|-boost|p1a: Chargoyle|def|1\n|move|p2a: Ninetales|Aurora Veil|p2a: Ninetales\n|-sidestart|p2: Shiv.Bomb|move: Aurora Veil\n|move|p1a: Chargoyle|Rock Slide|p2a: Ninetales|[spread] p2a\n|-miss|p1a: Chargoyle|p2b: Whimsicott\n|-supereffective|p2a: Ninetales|1\n|-crit|p2a: Ninetales\n|-damage|p2a: Ninetales|0 fnt\n|faint|p2a: Ninetales\n|\n|-weather|Snowscape|[upkeep]\n|upkeep\n|\n|t:|1776115393\n|switch|p2a: Altaria|Altaria, L50, M|100/100\n|turn|3\n|\n|t:|1776115415\n|detailschange|p2a: Altaria|Altaria-Mega, L50, M\n|-mega|p2a: Altaria|Altaria|Altarianite\n|move|p1b: ew|Coaching|p1a: Chargoyle\n|-boost|p1a: Chargoyle|atk|1\n|-boost|p1a: Chargoyle|def|1\n|move|p2b: Whimsicott|U-turn|p1a: Chargoyle\n|-resisted|p1a: Chargoyle|1\n|-damage|p1a: Chargoyle|97/100\n|c|\u260625Arcanines|let me just uh\n|\n|t:|1776115422\n|switch|p2b: Ariados|Ariados, L50, M|100/100|[from] U-turn\n|move|p1a: Chargoyle|Rock Slide|p2a: Altaria|[spread] p2a,p2b\n|-supereffective|p2b: Ariados|1\n|-damage|p2a: Altaria|44/100\n|-enditem|p2b: Ariados|Focus Sash\n|-damage|p2b: Ariados|1/100\n|move|p2a: Altaria|Dragon Dance|p2a: Altaria\n|-boost|p2a: Altaria|atk|1\n|-boost|p2a: Altaria|spe|1\n|\n|-weather|Snowscape|[upkeep]\n|upkeep\n|turn|4\n|c|\u260625Arcanines|keep doing this\n|\n|t:|1776115449\n|move|p2b: Ariados|Protect|p2b: Ariados\n|-singleturn|p2b: Ariados|Protect\n|move|p1a: Chargoyle|Extreme Speed|p2a: Altaria\n|-damage|p2a: Altaria|3/100\n|move|p1b: ew|Coaching|p1a: Chargoyle\n|-boost|p1a: Chargoyle|atk|1\n|-boost|p1a: Chargoyle|def|1\n|move|p2a: Altaria|Dragon Rush|p1b: ew\n|-damage|p1b: ew|0 fnt\n|faint|p1b: ew\n|\n|-weather|Snowscape|[upkeep]\n|upkeep\n|\n|t:|1776115458\n|switch|p1b: Swab|Whimsicott, L50, F|100/100\n|turn|5\n|\n|t:|1776115470\n|move|p1b: Swab|Tailwind|p1b: Swab\n|-sidestart|p1: 25Arcanines|move: Tailwind\n|move|p1a: Chargoyle|Rock Slide|p2a: Altaria|[spread] p2a,p2b\n|-supereffective|p2b: Ariados|1\n|-damage|p2a: Altaria|0 fnt\n|-damage|p2b: Ariados|0 fnt\n|faint|p2a: Altaria\n|faint|p2b: Ariados\n|\n|-weather|none\n|upkeep\n|c|\u260625Arcanines|gg\n|\n|t:|1776115479\n|switch|p2a: Whimsicott|Whimsicott, L50, F|100/100\n|turn|6\n|\n|t:|1776115485\n|move|p1b: Swab|Moonblast|p2a: Whimsicott\n|-damage|p2a: Whimsicott|63/100\n|move|p1a: Chargoyle|Flare Blitz|p2a: Whimsicott\n|-supereffective|p2a: Whimsicott|1\n|-damage|p2a: Whimsicott|0 fnt\n|faint|p2a: Whimsicott\n|-damage|p1a: Chargoyle|80/100|[from] Recoil\n|\n|win|25Arcanines\n|raw|25Arcanines's rating: 1092 &rarr; <strong>1111</strong><br />(+19 for winning)\n|raw|Shiv.Bomb's rating: 1000 &rarr; <strong>1000</strong><br />(+0 for losing)\n|l|\u2606Shiv.Bomb\n|player|p2|\n",
  "uploadtime": 1776115497,
  "views": 15,
  "formatid": "gen9championsvgc2026regma",
  "rating": 1000,
  "private": 0,
  "password": null
}