{
  "id": "gen9championsvgc2026regma-2583869490",
  "format": "[Gen 9 Champions] VGC 2026 Reg M-A",
  "players": [
    "callmehavoc",
    "Celestial Presence"
  ],
  "log": "|j|\u2606callmehavoc\n|j|\u2606Celestial Presence\n|t:|1776204112\n|gametype|doubles\n|player|p1|callmehavoc|bugcatcher-gen4dp|1102\n|player|p2|Celestial Presence|caitlin|1069\n|gen|9\n|tier|[Gen 9 Champions] VGC 2026 Reg M-A\n|rated|\n|rule|Species Clause: Limit one of each Pok\u00e9mon\n|rule|Item Clause: Limit 1 of each item\n|clearpoke\n|poke|p1|Heracross, L50, M|\n|poke|p1|Umbreon, L50, F|\n|poke|p1|Blastoise, L50, F|\n|poke|p1|Pelipper, L50, M|\n|poke|p1|Arcanine, L50, F|\n|poke|p1|Tsareena, L50, F|\n|poke|p2|Whimsicott, L50, M|\n|poke|p2|Basculegion, L50, M|\n|poke|p2|Sylveon, L50, F|\n|poke|p2|Meowscarada, L50, F|\n|poke|p2|Typhlosion-Hisui, L50, F|\n|poke|p2|Excadrill, L50, M|\n|teampreview|4\n|\n|t:|1776204139\n|teamsize|p1|4\n|teamsize|p2|4\n|start\n|switch|p1a: Arcanine|Arcanine, L50, F|100/100\n|switch|p1b: Tsareena|Tsareena, L50, F|100/100\n|switch|p2a: Whimsicott|Whimsicott, L50, M, shiny|100/100\n|switch|p2b: Sylveon|Sylveon, L50, F, shiny|100/100\n|-ability|p1a: Arcanine|Intimidate|boost\n|-unboost|p2a: Whimsicott|atk|1\n|-unboost|p2b: Sylveon|atk|1\n|turn|1\n|\n|t:|1776204166\n|move|p2a: Whimsicott|Tailwind|p2a: Whimsicott\n|-sidestart|p2: Celestial Presence|move: Tailwind\n|move|p2b: Sylveon|Hyper Voice|p1b: Tsareena|[spread] p1a,p1b\n|-resisted|p1a: Arcanine|1\n|-damage|p1a: Arcanine|69/100\n|-damage|p1b: Tsareena|47/100\n|move|p1a: Arcanine|Howl|p1a: Arcanine|[spread] p1a,p1b\n|-boost|p1a: Arcanine|atk|1\n|-boost|p1b: Tsareena|atk|1\n|move|p1b: Tsareena|Triple Axel|p2a: Whimsicott\n|-supereffective|p2a: Whimsicott|1\n|-damage|p2a: Whimsicott|65/100\n|-hitcount|p2a: Whimsicott|1\n|\n|upkeep\n|turn|2\n|\n|t:|1776204202\n|move|p1a: Arcanine|Extreme Speed|p2b: Sylveon\n|-damage|p2b: Sylveon|43/100\n|move|p2a: Whimsicott|Endeavor|p1a: Arcanine\n|-damage|p1a: Arcanine|53/100\n|move|p2b: Sylveon|Hyper Voice|p1b: Tsareena|[spread] p1a,p1b\n|-resisted|p1a: Arcanine|1\n|-crit|p1a: Arcanine\n|-damage|p1a: Arcanine|4/100\n|-damage|p1b: Tsareena|0 fnt\n|faint|p1b: Tsareena\n|\n|upkeep\n|\n|t:|1776204218\n|switch|p1b: Pelipper|Pelipper, L50, M|100/100\n|-weather|RainDance|[from] ability: Drizzle|[of] p1b: Pelipper\n|turn|3\n|\n|t:|1776204251\n|switch|p2a: Typhlosion|Typhlosion-Hisui, L50, F|100/100\n|move|p2b: Sylveon|Detect|p2b: Sylveon\n|-singleturn|p2b: Sylveon|Protect\n|move|p1a: Arcanine|Extreme Speed|p2b: Sylveon\n|-activate|p2b: Sylveon|move: Protect\n|move|p1b: Pelipper|Tailwind|p1b: Pelipper\n|-sidestart|p1: callmehavoc|move: Tailwind\n|\n|-weather|RainDance|[upkeep]\n|upkeep\n|turn|4\n|\n|t:|1776204276\n|switch|p2b: Meowscarada|Meowscarada, L50, F|100/100\n|move|p1a: Arcanine|Extreme Speed|p2b: Meowscarada\n|-damage|p2b: Meowscarada|50/100\n|move|p2a: Typhlosion|Shadow Ball|p1a: Arcanine\n|-damage|p1a: Arcanine|0 fnt\n|faint|p1a: Arcanine\n|move|p1b: Pelipper|Weather Ball|p2a: Typhlosion\n|-supereffective|p2a: Typhlosion|1\n|-damage|p2a: Typhlosion|0 fnt\n|faint|p2a: Typhlosion\n|\n|-weather|RainDance|[upkeep]\n|-sideend|p2: Celestial Presence|move: Tailwind\n|upkeep\n|\n|t:|1776204290\n|switch|p1a: Heracross|Heracross, L50, M|100/100\n|switch|p2a: Whimsicott|Whimsicott, L50, M, shiny|65/100\n|turn|5\n|\n|t:|1776204307\n|detailschange|p1a: Heracross|Heracross-Mega, L50, M\n|-mega|p1a: Heracross|Heracross|Heracronite\n|move|p2a: Whimsicott|Tailwind|p2a: Whimsicott\n|-sidestart|p2: Celestial Presence|move: Tailwind\n|move|p2b: Meowscarada|Knock Off|p1b: Pelipper\n|-damage|p1b: Pelipper|49/100\n|-enditem|p1b: Pelipper|Sharp Beak|[from] move: Knock Off|[of] p2b: Meowscarada\n|move|p1a: Heracross|Megahorn|p2b: Meowscarada\n|-supereffective|p2b: Meowscarada|2\n|-damage|p2b: Meowscarada|0 fnt\n|faint|p2b: Meowscarada\n|move|p1b: Pelipper|Hurricane|p2a: Whimsicott\n|-supereffective|p2a: Whimsicott|1\n|-damage|p2a: Whimsicott|0 fnt\n|faint|p2a: Whimsicott\n|\n|-weather|RainDance|[upkeep]\n|upkeep\n|\n|t:|1776204325\n|switch|p2a: Sylveon|Sylveon, L50, F, shiny|43/100\n|turn|6\n|\n|t:|1776204341\n|move|p2a: Sylveon|Detect|p2a: Sylveon\n|-singleturn|p2a: Sylveon|Protect\n|move|p1a: Heracross|Close Combat|p2a: Sylveon\n|-activate|p2a: Sylveon|move: Protect\n|move|p1b: Pelipper|Hurricane|p2a: Sylveon\n|-activate|p2a: Sylveon|move: Protect\n|\n|-weather|RainDance|[upkeep]\n|-sideend|p1: callmehavoc|move: Tailwind\n|upkeep\n|turn|7\n|\n|t:|1776204354\n|move|p1a: Heracross|Detect|p1a: Heracross\n|-singleturn|p1a: Heracross|Protect\n|move|p2a: Sylveon|Hyper Voice|p1b: Pelipper|[spread] p1b\n|-activate|p1a: Heracross|move: Protect\n|-damage|p1b: Pelipper|0 fnt\n|faint|p1b: Pelipper\n|\n|-weather|none\n|upkeep\n|turn|8\n|\n|t:|1776204370\n|move|p2a: Sylveon|Hyper Voice|p1a: Heracross\n|-supereffective|p1a: Heracross|1\n|-damage|p1a: Heracross|0 fnt\n|faint|p1a: Heracross\n|\n|win|Celestial Presence\n|raw|callmehavoc's rating: 1102 &rarr; <strong>1075</strong><br />(-27 for losing)\n|raw|Celestial Presence's rating: 1069 &rarr; <strong>1101</strong><br />(+32 for winning)\n",
  "uploadtime": 1776204371,
  "views": 18,
  "formatid": "gen9championsvgc2026regma",
  "rating": 1075,
  "private": 0,
  "password": null
}