{
  "id": "gen9championsvgc2026regma-2589537367",
  "format": "[Gen 9 Champions] VGC 2026 Reg M-A",
  "players": [
    "CappyCappy",
    "TojiChan"
  ],
  "log": "|j|\u2606CappyCappy\n|j|\u2606TojiChan\n|t:|1776732050\n|gametype|doubles\n|player|p1|CappyCappy|miku-fairy|1259\n|player|p2|TojiChan|ltsurge|1182\n|gen|9\n|tier|[Gen 9 Champions] VGC 2026 Reg M-A\n|rated|\n|rule|Species Clause: Limit one of each Pok\u00e9mon\n|rule|Item Clause: Limit 1 of each item\n|clearpoke\n|poke|p1|Aegislash, L50, M|\n|poke|p1|Incineroar, L50, M|\n|poke|p1|Rotom-Wash, L50|\n|poke|p1|Feraligatr, L50, F|\n|poke|p1|Decidueye-Hisui, L50, F|\n|poke|p1|Lucario, L50, M|\n|poke|p2|Kangaskhan, L50, F|\n|poke|p2|Sableye, L50, F, shiny|\n|poke|p2|Archaludon, L50, M|\n|poke|p2|Meganium, L50, M|\n|poke|p2|Pelipper, L50, F|\n|poke|p2|Garchomp, L50, M, shiny|\n|teampreview|4\nCappyCappy has agreed to open team sheets.\n|inactive|Battle timer is ON: inactive players will automatically lose when time's up. (requested by CappyCappy)\n|inactive|TojiChan has 60 seconds left.\n|\n|t:|1776732111\n|teamsize|p1|4\n|teamsize|p2|4\n|start\n|switch|p1a: Decidueye|Decidueye-Hisui, L50, F|100/100\n|switch|p1b: Lucario|Lucario, L50, M|100/100\n|switch|p2a: Pelipper|Pelipper, L50, F|100/100\n|switch|p2b: Meganium|Meganium, L50, M|100/100\n|-weather|RainDance|[from] ability: Drizzle|[of] p2a: Pelipper\n|turn|1\n|inactive|TojiChan has 30 seconds left.\n|inactive|TojiChan has 20 seconds left.\n|inactive|TojiChan has 15 seconds left.\n|\n|t:|1776732152\n|detailschange|p1b: Lucario|Lucario-Mega, L50, M\n|-mega|p1b: Lucario|Lucario|Lucarionite\n|detailschange|p2b: Meganium|Meganium-Mega, L50, M\n|-mega|p2b: Meganium|Meganium|Meganiumite\n|move|p1b: Lucario|Protect|p1b: Lucario\n|-singleturn|p1b: Lucario|Protect\n|move|p2b: Meganium|Protect|p2b: Meganium\n|-singleturn|p2b: Meganium|Protect\n|move|p1a: Decidueye|Coaching|p1b: Lucario\n|-boost|p1b: Lucario|atk|1\n|-boost|p1b: Lucario|def|1\n|move|p2a: Pelipper|Icy Wind|p1b: Lucario|[spread] p1a\n|-activate|p1b: Lucario|move: Protect\n|-supereffective|p1a: Decidueye|1\n|-damage|p1a: Decidueye|80/100\n|-unboost|p1a: Decidueye|spe|1\n|\n|-weather|RainDance|[upkeep]\n|upkeep\n|turn|2\n|inactive|CappyCappy has 30 seconds left.\n|inactive|TojiChan has 30 seconds left.\n|inactive|TojiChan has 20 seconds left.\n|\n|t:|1776732188\n|switch|p2b: Archaludon|Archaludon, L50, M|100/100\n|move|p1b: Lucario|Meteor Mash|p2b: Archaludon\n|-resisted|p2b: Archaludon|1\n|-damage|p2b: Archaludon|58/100\n|-ability|p2b: Archaludon|Stamina|boost\n|-boost|p2b: Archaludon|def|1\n|move|p2a: Pelipper|Hurricane|p1b: Lucario\n|-damage|p1b: Lucario|18/100\n|move|p1a: Decidueye|Tailwind|p1a: Decidueye\n|-sidestart|p1: CappyCappy|move: Tailwind\n|\n|-weather|RainDance|[upkeep]\n|-heal|p2b: Archaludon|64/100|[from] item: Leftovers\n|upkeep\n|turn|3\n|inactive|CappyCappy has 30 seconds left.\n|inactive|TojiChan has 30 seconds left.\n|-activate|p2a: Pelipper|item: Quick Claw\n|\n|t:|1776732219\n|switch|p1a: Rotom|Rotom-Wash, L50|100/100\n|move|p2b: Archaludon|Protect|p2b: Archaludon\n|-singleturn|p2b: Archaludon|Protect\n|move|p2a: Pelipper|Hurricane|p1b: Lucario\n|-damage|p1b: Lucario|0 fnt\n|faint|p1b: Lucario\n|\n|-weather|RainDance|[upkeep]\n|-heal|p2b: Archaludon|70/100|[from] item: Leftovers\n|upkeep\n|c|\u2606CappyCappy|lol\n|\n|t:|1776732230\n|switch|p1b: Decidueye|Decidueye-Hisui, L50, F|80/100\n|turn|4\n|c|\u2606TojiChan|happens lol\n|c|\u2606CappyCappy|does it?\n|inactive|TojiChan has 30 seconds left.\n|\n|t:|1776732259\n|switch|p2a: Garchomp|Garchomp, L50, M, shiny|100/100\n|move|p1a: Rotom|Thunderbolt|p2a: Garchomp\n|-immune|p2a: Garchomp\n|move|p1b: Decidueye|Triple Arrows|p2b: Archaludon\n|-supereffective|p2b: Archaludon|1\n|-damage|p2b: Archaludon|30/100\n|-ability|p2b: Archaludon|Stamina|boost\n|-boost|p2b: Archaludon|def|1\n|move|p2b: Archaludon|Electro Shot||[still]\n|-prepare|p2b: Archaludon|Electro Shot\n|-boost|p2b: Archaludon|spa|1\n|-anim|p2b: Archaludon|Electro Shot|p1a: Rotom\n|-damage|p1a: Rotom|34/100\n|\n|-weather|RainDance|[upkeep]\n|-heal|p1a: Rotom|40/100|[from] item: Leftovers\n|-heal|p2b: Archaludon|36/100|[from] item: Leftovers\n|upkeep\n|turn|5\n|inactive|TojiChan has 30 seconds left.\n|inactive|TojiChan has 20 seconds left.\n|inactive|TojiChan has 15 seconds left.\n|inactive|TojiChan has 10 seconds left.\n|\n|t:|1776732306\n|move|p2b: Archaludon|Protect|p2b: Archaludon\n|-singleturn|p2b: Archaludon|Protect\n|move|p1a: Rotom|Will-O-Wisp|p2a: Garchomp\n|-status|p2a: Garchomp|brn\n|move|p2a: Garchomp|Dragon Claw|p1a: Rotom\n|-damage|p1a: Rotom|17/100\n|move|p1b: Decidueye|Triple Arrows|p2b: Archaludon\n|-activate|p2b: Archaludon|move: Protect\n|\n|-weather|none\n|-heal|p1a: Rotom|23/100|[from] item: Leftovers\n|-heal|p2b: Archaludon|42/100|[from] item: Leftovers\n|-damage|p2a: Garchomp|95/100 brn|[from] brn\n|-sideend|p1: CappyCappy|move: Tailwind\n|upkeep\n|turn|6\n|inactive|TojiChan has 30 seconds left.\n|\n|t:|1776732335\n|move|p1a: Rotom|Protect|p1a: Rotom\n|-singleturn|p1a: Rotom|Protect\n|move|p2a: Garchomp|Dragon Claw|p1b: Decidueye\n|-damage|p1b: Decidueye|57/100\n|move|p2b: Archaludon|Aura Sphere|p1a: Rotom\n|-activate|p1a: Rotom|move: Protect\n|move|p1b: Decidueye|Tailwind|p1b: Decidueye\n|-sidestart|p1: CappyCappy|move: Tailwind\n|\n|-heal|p1a: Rotom|29/100|[from] item: Leftovers\n|-heal|p2b: Archaludon|48/100|[from] item: Leftovers\n|-damage|p2a: Garchomp|89/100 brn|[from] brn\n|upkeep\n|turn|7\n|\n|t:|1776732354\n|move|p1a: Rotom|Hydro Pump|p2a: Garchomp\n|-damage|p2a: Garchomp|30/100 brn\n|move|p2a: Garchomp|Dragon Claw|p1b: Decidueye\n|-damage|p1b: Decidueye|34/100\n|move|p1b: Decidueye|Triple Arrows|p2b: Archaludon\n|-supereffective|p2b: Archaludon|1\n|-damage|p2b: Archaludon|18/100\n|-ability|p2b: Archaludon|Stamina|boost\n|-boost|p2b: Archaludon|def|1\n|cant|p2b: Archaludon|flinch\n|\n|-heal|p1a: Rotom|34/100|[from] item: Leftovers\n|-heal|p2b: Archaludon|24/100|[from] item: Leftovers\n|-damage|p2a: Garchomp|24/100 brn|[from] brn\n|upkeep\n|turn|8\n|\n|t:|1776732375\n|move|p1a: Rotom|Hydro Pump|p2a: Garchomp\n|-damage|p2a: Garchomp|0 fnt\n|faint|p2a: Garchomp\n|move|p1b: Decidueye|Triple Arrows|p2b: Archaludon\n|-supereffective|p2b: Archaludon|1\n|-damage|p2b: Archaludon|3/100\n|-unboost|p2b: Archaludon|def|1\n|-ability|p2b: Archaludon|Stamina|boost\n|-boost|p2b: Archaludon|def|1\n|cant|p2b: Archaludon|flinch\n|\n|-heal|p1a: Rotom|40/100|[from] item: Leftovers\n|-heal|p2b: Archaludon|9/100|[from] item: Leftovers\n|upkeep\n|\n|t:|1776732387\n|switch|p2a: Pelipper|Pelipper, L50, F|100/100\n|-weather|RainDance|[from] ability: Drizzle|[of] p2a: Pelipper\n|turn|9\n|\n|t:|1776732394\n|move|p2b: Archaludon|Protect|p2b: Archaludon\n|-singleturn|p2b: Archaludon|Protect\n|move|p1a: Rotom|Thunderbolt|p2a: Pelipper\n|-supereffective|p2a: Pelipper|2\n|-damage|p2a: Pelipper|0 fnt\n|faint|p2a: Pelipper\n|move|p1b: Decidueye|Triple Arrows|p2b: Archaludon\n|-activate|p2b: Archaludon|move: Protect\n|\n|-weather|RainDance|[upkeep]\n|-heal|p1a: Rotom|46/100|[from] item: Leftovers\n|-heal|p2b: Archaludon|15/100|[from] item: Leftovers\n|-sideend|p1: CappyCappy|move: Tailwind\n|upkeep\n|\n|t:|1776732396\n|switch|p2a: Meganium|Meganium-Mega, L50, M|100/100\n|turn|10\n|\n|t:|1776732410\n|move|p2a: Meganium|Dazzling Gleam|p1a: Rotom|[spread] p1a,p1b\n|-supereffective|p1b: Decidueye|1\n|-damage|p1a: Rotom|3/100\n|-damage|p1b: Decidueye|0 fnt\n|faint|p1b: Decidueye\n|move|p1a: Rotom|Thunderbolt|p2b: Archaludon\n|-resisted|p2b: Archaludon|1\n|-damage|p2b: Archaludon|0 fnt\n|faint|p2b: Archaludon\n|\n|-weather|RainDance|[upkeep]\n|-heal|p1a: Rotom|9/100|[from] item: Leftovers\n|upkeep\n|\n|t:|1776732416\n|switch|p1b: Aegislash|Aegislash, L50, M|100/100\n|turn|11\n|\n|t:|1776732426\n|move|p2a: Meganium|Weather Ball|p1b: Aegislash\n|-supereffective|p1b: Aegislash|1\n|-damage|p1b: Aegislash|0 fnt\n|faint|p1b: Aegislash\n|move|p1a: Rotom|Thunderbolt|p2a: Meganium\n|-resisted|p2a: Meganium|1\n|-damage|p2a: Meganium|77/100\n|\n|-weather|RainDance|[upkeep]\n|-heal|p1a: Rotom|15/100|[from] item: Leftovers\n|upkeep\n|turn|12\n|c|\u2606TojiChan|gg\n|\n|t:|1776732437\n|move|p2a: Meganium|Solar Beam||[still]\n|-prepare|p2a: Meganium|Solar Beam\n|-activate|p2a: Meganium|ability: Mega Sol\n|-anim|p2a: Meganium|Solar Beam|p1a: Rotom\n|-supereffective|p1a: Rotom|1\n|-damage|p1a: Rotom|0 fnt\n|faint|p1a: Rotom\n|\n|win|TojiChan\n|raw|CappyCappy's rating: 1259 &rarr; <strong>1229</strong><br />(-30 for losing)\n|raw|TojiChan's rating: 1182 &rarr; <strong>1212</strong><br />(+30 for winning)\n",
  "uploadtime": 1776732437,
  "views": 2,
  "formatid": "gen9championsvgc2026regma",
  "rating": 1212,
  "private": 0,
  "password": null
}