{
  "id": "gen9championsvgc2026regma-2581493836",
  "format": "[Gen 9 Champions] VGC 2026 Reg M-A",
  "players": [
    "Ozempic Glorp",
    "Shadow mega tyl"
  ],
  "log": "|j|\u2606Ozempic Glorp\n|j|\u2606Shadow mega tyl\n|t:|1776005576\n|gametype|doubles\n|player|p1|Ozempic Glorp|hilda-wonderlauncher|1057\n|player|p2|Shadow mega tyl|cynthia-gen4|1008\n|gen|9\n|tier|[Gen 9 Champions] VGC 2026 Reg M-A\n|rated|\n|rule|Species Clause: Limit one of each Pok\u00e9mon\n|rule|Item Clause: Limit 1 of each item\n|clearpoke\n|poke|p1|Venusaur, L50, F|\n|poke|p1|Incineroar, L50, M|\n|poke|p1|Garchomp, L50, F|\n|poke|p1|Charizard, L50, M|\n|poke|p1|Sneasler, L50, F|\n|poke|p1|Rotom-Wash, L50|\n|poke|p2|Charizard, L50, M|\n|poke|p2|Garchomp, L50, M|\n|poke|p2|Incineroar, L50, M|\n|poke|p2|Rotom-Wash, L50|\n|poke|p2|Sneasler, L50, M|\n|poke|p2|Whimsicott, L50, F|\n|teampreview|4\n|inactive|Battle timer is ON: inactive players will automatically lose when time's up. (requested by Ozempic Glorp)\n|inactive|Shadow mega tyl has 60 seconds left.\n|inactive|Shadow mega tyl has 30 seconds left.\n|\n|t:|1776005642\n|teamsize|p1|4\n|teamsize|p2|4\n|start\n|switch|p1a: John Pokemon|Charizard, L50, M|100/100\n|switch|p1b: Sneezler|Sneasler, L50, F|100/100\n|switch|p2a: Sneasler|Sneasler, L50, M|100/100\n|switch|p2b: Incineroar|Incineroar, L50, M, shiny|100/100\n|-ability|p2b: Incineroar|Intimidate|boost\n|-unboost|p1a: John Pokemon|atk|1\n|-unboost|p1b: Sneezler|atk|1\n|-enditem|p1b: Sneezler|White Herb\n|-clearnegativeboost|p1b: Sneezler|[silent]\n|turn|1\n|inactive|Shadow mega tyl has 30 seconds left.\n|\n|t:|1776005677\n|move|p1b: Sneezler|Protect|p1b: Sneezler\n|-singleturn|p1b: Sneezler|Protect\n|move|p1a: John Pokemon|Protect|p1a: John Pokemon\n|-singleturn|p1a: John Pokemon|Protect\n|move|p2a: Sneasler|Fake Out|p1a: John Pokemon\n|-activate|p1a: John Pokemon|move: Protect\n|move|p2b: Incineroar|Parting Shot|p1a: John Pokemon\n|-activate|p1a: John Pokemon|move: Protect\n|\n|upkeep\n|turn|2\n|inactive|Shadow mega tyl has 30 seconds left.\n|\n|t:|1776005712\n|detailschange|p1a: John Pokemon|Charizard-Mega-Y, L50, M\n|-mega|p1a: John Pokemon|Charizard|Charizardite Y\n|-weather|SunnyDay|[from] ability: Drought|[of] p1a: John Pokemon\n|move|p1b: Sneezler|Close Combat|p2b: Incineroar\n|-supereffective|p2b: Incineroar|1\n|-damage|p2b: Incineroar|0 fnt\n|-unboost|p1b: Sneezler|def|1\n|-unboost|p1b: Sneezler|spd|1\n|faint|p2b: Incineroar\n|move|p2a: Sneasler|Dire Claw|p1a: John Pokemon\n|-damage|p1a: John Pokemon|38/100\n|move|p1a: John Pokemon|Heat Wave|p2a: Sneasler\n|-damage|p2a: Sneasler|0 fnt\n|faint|p2a: Sneasler\n|\n|-weather|SunnyDay|[upkeep]\n|upkeep\n|\n|t:|1776005732\n|switch|p2a: Charizard|Charizard, L50, M, shiny|100/100\n|switch|p2b: Whimsicott|Whimsicott, L50, F, shiny|100/100\n|turn|3\n|\n|t:|1776005744\n|detailschange|p2a: Charizard|Charizard-Mega-Y, L50, M, shiny\n|-mega|p2a: Charizard|Charizard|Charizardite Y\n|move|p2b: Whimsicott|Tailwind|p2b: Whimsicott\n|-sidestart|p2: Shadow mega tyl|move: Tailwind\n|move|p1b: Sneezler|Dire Claw|p2a: Charizard\n|-damage|p2a: Charizard|39/100\n|move|p2a: Charizard|Heat Wave|p1b: Sneezler|[spread] p1a,p1b\n|-resisted|p1a: John Pokemon|1\n|-damage|p1a: John Pokemon|1/100\n|-damage|p1b: Sneezler|0 fnt\n|faint|p1b: Sneezler\n|move|p1a: John Pokemon|Heat Wave|p2a: Charizard|[spread] p2a\n|-miss|p1a: John Pokemon|p2b: Whimsicott\n|-resisted|p2a: Charizard|1\n|-damage|p2a: Charizard|2/100\n|\n|-weather|SunnyDay|[upkeep]\n|upkeep\n|\n|t:|1776005766\n|switch|p1b: Peak|Garchomp, L50, F, shiny|100/100\n|turn|4\n|\n|t:|1776005782\n|move|p1a: John Pokemon|Protect|p1a: John Pokemon\n|-singleturn|p1a: John Pokemon|Protect\n|move|p2b: Whimsicott|Moonblast|p1b: Peak\n|-supereffective|p1b: Peak|1\n|-damage|p1b: Peak|8/100\n|move|p2a: Charizard|Heat Wave|p1a: John Pokemon|[spread] p1b\n|-activate|p1a: John Pokemon|move: Protect\n|-resisted|p1b: Peak|1\n|-damage|p1b: Peak|0 fnt\n|faint|p1b: Peak\n|\n|-weather|SunnyDay|[upkeep]\n|upkeep\n|\n|t:|1776005793\n|switch|p1b: Toad|Venusaur, L50, F|100/100\n|turn|5\n|\n|t:|1776005816\n|move|p1b: Toad|Protect|p1b: Toad\n|-singleturn|p1b: Toad|Protect\n|move|p1a: John Pokemon|Protect|p1a: John Pokemon\n|-singleturn|p1a: John Pokemon|Protect\n|move|p2b: Whimsicott|Encore|p1a: John Pokemon\n|-activate|p1a: John Pokemon|move: Protect\n|move|p2a: Charizard|Heat Wave|p1a: John Pokemon|[spread] \n|-activate|p1a: John Pokemon|move: Protect\n|-activate|p1b: Toad|move: Protect\n|\n|-weather|SunnyDay|[upkeep]\n|upkeep\n|turn|6\n|l|\u2606Shadow mega tyl\n|inactive|Shadow mega tyl disconnected and has a minute to reconnect!\n|player|p2|\n|inactive|Shadow mega tyl has 30 seconds left.\n|inactive|Shadow mega tyl has 20 seconds left.\n|inactive|Shadow mega tyl has 15 seconds left.\n|inactive|Shadow mega tyl has 10 seconds left.\n|inactive|Shadow mega tyl has 5 seconds left.\n|-message|Shadow mega tyl lost due to inactivity.\n|\n|win|Ozempic Glorp\n|raw|Ozempic Glorp's rating: 1057 &rarr; <strong>1084</strong><br />(+27 for winning)\n|raw|Shadow mega tyl's rating: 1008 &rarr; <strong>1000</strong><br />(-8 for losing)\n",
  "uploadtime": 1776005887,
  "views": 12,
  "formatid": "gen9championsvgc2026regma",
  "rating": 1000,
  "private": 0,
  "password": null
}