{
  "id": "gen9championsvgc2026regma-2580528302",
  "format": "[Gen 9 Champions] VGC 2026 Reg M-A",
  "players": [
    "yuriimon",
    "Rottel"
  ],
  "log": "|j|\u2606yuriimon\n|j|\u2606Rottel\n|t:|1775909142\n|gametype|doubles\n|player|p1|yuriimon|waitress-gen4|1029\n|player|p2|Rottel|1|1027\n|gen|9\n|tier|[Gen 9 Champions] VGC 2026 Reg M-A\n|rated|\n|rule|Species Clause: Limit one of each Pok\u00e9mon\n|rule|Item Clause: Limit 1 of each item\n|clearpoke\n|poke|p1|Feraligatr, L50, M|\n|poke|p1|Gallade, L50, M|\n|poke|p1|Politoed, L50, M|\n|poke|p1|Raichu, L50, F|\n|poke|p1|Arcanine-Hisui, L50, F|\n|poke|p1|Clefable, L50, F|\n|poke|p2|Emboar, L50, M|\n|poke|p2|Whimsicott, L50, F|\n|poke|p2|Excadrill, L50, F|\n|poke|p2|Chandelure, L50, M|\n|poke|p2|Hydreigon, L50, M|\n|poke|p2|Farigiraf, L50, F|\n|teampreview|4\n|inactive|Battle timer is ON: inactive players will automatically lose when time's up. (requested by yuriimon)\n|inactive|yuriimon has 60 seconds left.\n|inactive|Rottel has 60 seconds left.\n|inactive|yuriimon has 30 seconds left.\n|inactive|yuriimon has 20 seconds left.\n|inactive|yuriimon has 15 seconds left.\n|\n|t:|1775909220\n|teamsize|p1|4\n|teamsize|p2|4\n|start\n|switch|p1a: Arcanine|Arcanine-Hisui, L50, F|100/100\n|switch|p1b: Gallade|Gallade, L50, M|100/100\n|switch|p2a: Whimsicott|Whimsicott, L50, F, shiny|100/100\n|switch|p2b: Emboar|Emboar, L50, M, shiny|100/100\n|turn|1\n|\n|t:|1775909233\n|detailschange|p2b: Emboar|Emboar-Mega, L50, M, shiny\n|-mega|p2b: Emboar|Emboar|Emboarite\n|-ability|p2b: Emboar|Mold Breaker\n|move|p1a: Arcanine|Protect|p1a: Arcanine\n|-singleturn|p1a: Arcanine|Protect\n|move|p2a: Whimsicott|Tailwind|p2a: Whimsicott\n|-sidestart|p2: Rottel|move: Tailwind\n|move|p2b: Emboar|Drain Punch|p1a: Arcanine\n|-activate|p1a: Arcanine|move: Protect\n|move|p1b: Gallade|Trick Room|p1b: Gallade\n|-fieldstart|move: Trick Room|[of] p1b: Gallade\n|\n|upkeep\n|turn|2\n|inactive|yuriimon has 30 seconds left.\n|\n|t:|1775909258\n|switch|p1a: Clefable|Clefable, L50, F|100/100\n|move|p2a: Whimsicott|Encore|p1b: Gallade\n|-start|p1b: Gallade|Encore\n|move|p2b: Emboar|Drain Punch|p1a: Clefable\n|-resisted|p1a: Clefable|1\n|-damage|p1a: Clefable|78/100\n|move|p1b: Gallade|Trick Room|p1b: Gallade\n|-fieldend|move: Trick Room\n|\n|upkeep\n|turn|3\n|\n|t:|1775909277\n|move|p1a: Clefable|Follow Me|p1a: Clefable\n|-singleturn|p1a: Clefable|move: Follow Me\n|move|p2a: Whimsicott|Moonblast|p1a: Clefable\n|-damage|p1a: Clefable|50/100\n|-enditem|p1a: Clefable|Sitrus Berry|[eat]\n|-heal|p1a: Clefable|75/100|[from] item: Sitrus Berry\n|move|p2b: Emboar|Flare Blitz|p1a: Clefable\n|-damage|p1a: Clefable|0 fnt\n|faint|p1a: Clefable\n|-damage|p2b: Emboar|81/100|[from] Recoil\n|move|p1b: Gallade|Trick Room|p1b: Gallade\n|-fieldstart|move: Trick Room|[of] p1b: Gallade\n|\n|upkeep\n|\n|t:|1775909289\n|switch|p1a: Arcanine|Arcanine-Hisui, L50, F|100/100\n|turn|4\n|\n|t:|1775909304\n|switch|p1b: Feraligatr|Feraligatr, L50, M|100/100\n|switch|p2b: Excadrill|Excadrill, L50, F|100/100\n|-ability|p2b: Excadrill|Mold Breaker\n|move|p1a: Arcanine|Head Smash|p2b: Excadrill\n|-resisted|p2b: Excadrill|2\n|-damage|p2b: Excadrill|77/100\n|move|p2a: Whimsicott|Moonblast|p1b: Feraligatr\n|-damage|p1b: Feraligatr|66/100\n|\n|-sideend|p2: Rottel|move: Tailwind\n|upkeep\n|turn|5\n|inactive|yuriimon has 30 seconds left.\n|inactive|Rottel has 30 seconds left.\n|\n|t:|1775909334\n|move|p2a: Whimsicott|Protect|p2a: Whimsicott\n|-singleturn|p2a: Whimsicott|Protect\n|move|p1b: Feraligatr|Liquidation|p2b: Excadrill\n|-supereffective|p2b: Excadrill|1\n|-damage|p2b: Excadrill|0 fnt\n|faint|p2b: Excadrill\n|move|p1a: Arcanine|Flare Blitz|p2a: Whimsicott\n|-activate|p2a: Whimsicott|move: Protect\n|\n|upkeep\n|\n|t:|1775909343\n|switch|p2b: Hydreigon|Hydreigon, L50, M, shiny|100/100\n|turn|6\n|\n|t:|1775909364\n|move|p1b: Feraligatr|Protect|p1b: Feraligatr\n|-singleturn|p1b: Feraligatr|Protect\n|move|p1a: Arcanine|Flare Blitz|p2a: Whimsicott\n|-supereffective|p2a: Whimsicott|1\n|-enditem|p2a: Whimsicott|Focus Sash\n|-damage|p2a: Whimsicott|1/100\n|move|p2b: Hydreigon|Dark Pulse|p1b: Feraligatr\n|-activate|p1b: Feraligatr|move: Protect\n|move|p2a: Whimsicott|Moonblast|p1b: Feraligatr\n|-activate|p1b: Feraligatr|move: Protect\n|\n|upkeep\n|turn|7\n|\n|t:|1775909383\n|detailschange|p1b: Feraligatr|Feraligatr-Mega, L50, M\n|-mega|p1b: Feraligatr|Feraligatr|Feraligite\n|move|p1a: Arcanine|Extreme Speed|p2a: Whimsicott\n|-damage|p2a: Whimsicott|0 fnt\n|faint|p2a: Whimsicott\n|move|p1b: Feraligatr|Body Slam|p2b: Hydreigon\n|-supereffective|p2b: Hydreigon|1\n|-damage|p2b: Hydreigon|0 fnt\n|faint|p2b: Hydreigon\n|\n|-fieldend|move: Trick Room\n|upkeep\n|\n|t:|1775909395\n|switch|p2b: Emboar|Emboar-Mega, L50, M, shiny|81/100\n|-ability|p2b: Emboar|Mold Breaker\n|turn|8\n|\n|t:|1775909403\n|move|p1a: Arcanine|Head Smash|p2b: Emboar\n|-damage|p2b: Emboar|12/100\n|move|p1b: Feraligatr|Liquidation|p2b: Emboar\n|-supereffective|p2b: Emboar|1\n|-damage|p2b: Emboar|0 fnt\n|faint|p2b: Emboar\n|\n|win|yuriimon\n|raw|yuriimon's rating: 1029 &rarr; <strong>1064</strong><br />(+35 for winning)\n|raw|Rottel's rating: 1027 &rarr; <strong>1013</strong><br />(-14 for losing)\n|l|\u2606Rottel\n|player|p2|\n|c|\u2606yuriimon|gg\n",
  "uploadtime": 1775909413,
  "views": 16,
  "formatid": "gen9championsvgc2026regma",
  "rating": 1013,
  "private": 0,
  "password": null
}