{
  "id": "gen9championsvgc2026regma-2581016082",
  "format": "[Gen 9 Champions] VGC 2026 Reg M-A",
  "players": [
    "Coxinho2010",
    "zueiramoment"
  ],
  "log": "|j|\u2606Coxinho2010\n|j|\u2606zueiramoment\n|t:|1775951978\n|gametype|doubles\n|player|p1|Coxinho2010|1|\n|player|p2|zueiramoment|170|\n|gen|9\n|tier|[Gen 9 Champions] VGC 2026 Reg M-A\n|rule|Species Clause: Limit one of each Pok\u00e9mon\n|rule|Item Clause: Limit 1 of each item\n|clearpoke\n|poke|p1|Feraligatr, L50, M|\n|poke|p1|Whimsicott, L50, F|\n|poke|p1|Incineroar, L50, M|\n|poke|p1|Garganacl, L50, F|\n|poke|p1|Excadrill, L50, M|\n|poke|p1|Pelipper, L50, M|\n|poke|p2|Crabominable, L50, F|\n|poke|p2|Farigiraf, L50, M|\n|poke|p2|Maushold-Four, L50|\n|poke|p2|Rotom-Wash, L50|\n|poke|p2|Arcanine-Hisui, L50, F|\n|poke|p2|Ninetales-Alola, L50, M|\n|teampreview|4\n|\n|t:|1775952018\n|teamsize|p1|4\n|teamsize|p2|4\n|start\n|switch|p1a: Incineroar|Incineroar, L50, M|100/100\n|switch|p1b: Excadrill|Excadrill, L50, M|100/100\n|switch|p2a: Arcanine|Arcanine-Hisui, L50, F|100/100\n|switch|p2b: Farigiraf|Farigiraf, L50, M|100/100\n|-ability|p1b: Excadrill|Mold Breaker\n|-ability|p2a: Arcanine|Intimidate|boost\n|-unboost|p1a: Incineroar|atk|1\n|-unboost|p1b: Excadrill|atk|1\n|-ability|p1a: Incineroar|Intimidate|boost\n|-unboost|p2a: Arcanine|atk|1\n|-unboost|p2b: Farigiraf|atk|1\n|turn|1\n|inactive|Battle timer is ON: inactive players will automatically lose when time's up. (requested by Coxinho2010)\n|inactive|zueiramoment has 60 seconds left.\n|\n|t:|1775952052\n|switch|p2a: Rotom|Rotom-Wash, L50|100/100\n|move|p2b: Farigiraf|Protect|p2b: Farigiraf\n|-singleturn|p2b: Farigiraf|Protect\n|move|p1b: Excadrill|Earthquake|p2b: Farigiraf|[spread] p1a,p2a\n|-activate|p2b: Farigiraf|move: Protect\n|-supereffective|p1a: Incineroar|1\n|-supereffective|p2a: Rotom|1\n|-damage|p1a: Incineroar|39/100\n|-damage|p2a: Rotom|35/100\n|-enditem|p1a: Incineroar|Sitrus Berry|[eat]\n|-heal|p1a: Incineroar|64/100|[from] item: Sitrus Berry\n|move|p1a: Incineroar|Darkest Lariat|p2b: Farigiraf\n|-activate|p2b: Farigiraf|move: Protect\n|\n|upkeep\n|turn|2\n|inactive|Coxinho2010 has 30 seconds left.\n|\n|t:|1775952085\n|switch|p1a: Feraligatr|Feraligatr, L50, M, shiny|100/100\n|move|p1b: Excadrill|Earthquake|p2a: Rotom|[spread] p1a,p2a,p2b\n|-supereffective|p2a: Rotom|1\n|-damage|p1a: Feraligatr|65/100\n|-damage|p2a: Rotom|0 fnt\n|-damage|p2b: Farigiraf|66/100\n|faint|p2a: Rotom\n|move|p2b: Farigiraf|Trick Room|p2b: Farigiraf\n|-fieldstart|move: Trick Room|[of] p2b: Farigiraf\n|\n|-heal|p2b: Farigiraf|72/100|[from] item: Leftovers\n|upkeep\n|\n|t:|1775952095\n|switch|p2a: Crabominable|Crabominable, L50, F|100/100\n|turn|3\n|\n|t:|1775952116\n|detailschange|p1a: Feraligatr|Feraligatr-Mega, L50, M, shiny\n|-mega|p1a: Feraligatr|Feraligatr|Feraligite\n|move|p1b: Excadrill|Protect|p1b: Excadrill\n|-singleturn|p1b: Excadrill|Protect\n|move|p2a: Crabominable|Drain Punch|p1b: Excadrill\n|-activate|p1b: Excadrill|move: Protect\n|move|p2b: Farigiraf|Foul Play|p1a: Feraligatr\n|-damage|p1a: Feraligatr|29/100\n|move|p1a: Feraligatr|Body Slam|p2b: Farigiraf\n|-crit|p2b: Farigiraf\n|-damage|p2b: Farigiraf|0 fnt\n|faint|p2b: Farigiraf\n|\n|upkeep\n|\n|t:|1775952126\n|switch|p2b: Arcanine|Arcanine-Hisui, L50, F|100/100\n|-ability|p2b: Arcanine|Intimidate|boost\n|-unboost|p1a: Feraligatr|atk|1\n|-unboost|p1b: Excadrill|atk|1\n|turn|4\n|\n|t:|1775952143\n|switch|p1b: Whimsicott|Whimsicott, L50, F, shiny|100/100\n|detailschange|p2a: Crabominable|Crabominable-Mega, L50, F\n|-mega|p2a: Crabominable|Crabominable|Crabominite\n|move|p1a: Feraligatr|Protect|p1a: Feraligatr\n|-singleturn|p1a: Feraligatr|Protect\n|move|p2a: Crabominable|Drain Punch|p1b: Whimsicott\n|-resisted|p1b: Whimsicott|1\n|-damage|p1b: Whimsicott|72/100\n|move|p2b: Arcanine|Rock Slide|p1a: Feraligatr|[spread] p1b\n|-activate|p1a: Feraligatr|move: Protect\n|-damage|p1b: Whimsicott|40/100\n|\n|upkeep\n|turn|5\n|\n|t:|1775952167\n|move|p1b: Whimsicott|Encore|p2b: Arcanine\n|-start|p2b: Arcanine|Encore\n|move|p2a: Crabominable|Drain Punch|p1a: Feraligatr\n|-damage|p1a: Feraligatr|0 fnt\n|faint|p1a: Feraligatr\n|move|p2b: Arcanine|Rock Slide|p1b: Whimsicott\n|-damage|p1b: Whimsicott|4/100\n|\n|upkeep\n|\n|t:|1775952175\n|switch|p1a: Incineroar|Incineroar, L50, M|64/100\n|-ability|p1a: Incineroar|Intimidate|boost\n|-unboost|p2a: Crabominable|atk|1\n|-unboost|p2b: Arcanine|atk|1\n|turn|6\n|\n|t:|1775952191\n|move|p1a: Incineroar|Fake Out|p2b: Arcanine\n|-resisted|p2b: Arcanine|1\n|-damage|p2b: Arcanine|94/100\n|move|p1b: Whimsicott|Tailwind|p1b: Whimsicott\n|-sidestart|p1: Coxinho2010|move: Tailwind\n|move|p2a: Crabominable|Drain Punch|p1a: Incineroar\n|-supereffective|p1a: Incineroar|1\n|-damage|p1a: Incineroar|4/100\n|cant|p2b: Arcanine|flinch\n|\n|-fieldend|move: Trick Room\n|upkeep\n|turn|7\n|inactive|Coxinho2010 has 30 seconds left.\n|inactive|Coxinho2010 has 20 seconds left.\n|\n|t:|1775952229\n|move|p2a: Crabominable|Protect|p2a: Crabominable\n|-singleturn|p2a: Crabominable|Protect\n|move|p1b: Whimsicott|U-turn|p2a: Crabominable\n|-activate|p2a: Crabominable|move: Protect\n|move|p1a: Incineroar|Flare Blitz|p2a: Crabominable\n|-activate|p2a: Crabominable|move: Protect\n|move|p2b: Arcanine|Rock Slide|p1b: Whimsicott|[spread] p1a\n|-miss|p2b: Arcanine|p1b: Whimsicott\n|-supereffective|p1a: Incineroar|1\n|-damage|p1a: Incineroar|0 fnt\n|faint|p1a: Incineroar\n|\n|-end|p2b: Arcanine|Encore\n|upkeep\n|\n|t:|1775952232\n|switch|p1a: Excadrill|Excadrill, L50, M|100/100\n|-ability|p1a: Excadrill|Mold Breaker\n|turn|8\n|\n|t:|1775952250\n|move|p2a: Crabominable|Mach Punch|p1b: Whimsicott\n|-resisted|p1b: Whimsicott|1\n|-damage|p1b: Whimsicott|0 fnt\n|faint|p1b: Whimsicott\n|move|p1a: Excadrill|Earthquake|p2a: Crabominable|[spread] p2a,p2b\n|-supereffective|p2b: Arcanine|2\n|-damage|p2a: Crabominable|56/100\n|-damage|p2b: Arcanine|0 fnt\n|faint|p2b: Arcanine\n|\n|upkeep\n|turn|9\n|\n|t:|1775952260\n|move|p2a: Crabominable|Mach Punch|p1a: Excadrill\n|-supereffective|p1a: Excadrill|1\n|-damage|p1a: Excadrill|39/100\n|move|p1a: Excadrill|Iron Head|p2a: Crabominable\n|-supereffective|p2a: Crabominable|1\n|-damage|p2a: Crabominable|0 fnt\n|faint|p2a: Crabominable\n|\n|win|Coxinho2010\n",
  "uploadtime": 1775952274,
  "views": 14,
  "formatid": "gen9championsvgc2026regma",
  "rating": null,
  "private": 0,
  "password": null
}