{
  "id": "gen9championsvgc2026regma-2587487503",
  "format": "[Gen 9 Champions] VGC 2026 Reg M-A",
  "players": [
    "dohawyth",
    "fidelgbill"
  ],
  "log": "|j|\u2606dohawyth\n|j|\u2606fidelgbill\n|t:|1776535995\n|gametype|doubles\n|player|p1|dohawyth|265|1266\n|player|p2|fidelgbill|nate|1223\n|gen|9\n|tier|[Gen 9 Champions] VGC 2026 Reg M-A\n|rated|\n|rule|Species Clause: Limit one of each Pok\u00e9mon\n|rule|Item Clause: Limit 1 of each item\n|clearpoke\n|poke|p1|Incineroar, L50, F|\n|poke|p1|Crabominable, L50, F|\n|poke|p1|Kingambit, L50, F|\n|poke|p1|Slowking-Galar, L50, M|\n|poke|p1|Sinistcha, L50|\n|poke|p1|Primarina, L50, F|\n|poke|p2|Excadrill, L50, M|\n|poke|p2|Talonflame, L50, M|\n|poke|p2|Tyranitar, L50, M|\n|poke|p2|Sinistcha, L50|\n|poke|p2|Dedenne, L50, F|\n|poke|p2|Glimmora, L50, M|\n|teampreview|4\ndohawyth rejected open team sheets.\n|inactive|Battle timer is ON: inactive players will automatically lose when time's up. (requested by fidelgbill)\n|\n|t:|1776536025\n|teamsize|p1|4\n|teamsize|p2|4\n|start\n|switch|p1a: Incineroar|Incineroar, L50, F|100/100\n|switch|p1b: Sinistcha|Sinistcha, L50|100/100\n|switch|p2a: Excadrill|Excadrill, L50, M|100/100\n|switch|p2b: Talonflame|Talonflame, L50, M|100/100\n|-ability|p1a: Incineroar|Intimidate|boost\n|-unboost|p2a: Excadrill|atk|1\n|-unboost|p2b: Talonflame|atk|1\n|turn|1\n|\n|t:|1776536049\n|move|p2a: Excadrill|Protect|p2a: Excadrill\n|-singleturn|p2a: Excadrill|Protect\n|move|p1a: Incineroar|Fake Out|p2b: Talonflame\n|-damage|p2b: Talonflame|83/100\n|cant|p2b: Talonflame|flinch\n|move|p1b: Sinistcha|Trick Room|p1b: Sinistcha\n|-fieldstart|move: Trick Room|[of] p1b: Sinistcha\n|\n|upkeep\n|turn|2\n|inactive|dohawyth has 30 seconds left.\n|\n|t:|1776536080\n|switch|p2a: Dedenne|Dedenne, L50, F|100/100\n|move|p1a: Incineroar|Flare Blitz|p2a: Dedenne\n|-damage|p2a: Dedenne|11/100\n|-enditem|p2a: Dedenne|Sitrus Berry|[eat]\n|-heal|p2a: Dedenne|36/100|[from] item: Sitrus Berry\n|-heal|p2a: Dedenne|69/100|[from] ability: Cheek Pouch\n|-damage|p1a: Incineroar|80/100|[from] Recoil\n|move|p1b: Sinistcha|Shadow Ball|p2b: Talonflame\n|-damage|p2b: Talonflame|15/100\n|-unboost|p2b: Talonflame|spd|1\n|move|p2b: Talonflame|Brave Bird|p1b: Sinistcha\n|-supereffective|p1b: Sinistcha|1\n|-damage|p1b: Sinistcha|14/100\n|-damage|p2b: Talonflame|0 fnt|[from] Recoil\n|faint|p2b: Talonflame\n|\n|upkeep\n|\n|t:|1776536100\n|switch|p2b: Tyranitar|Tyranitar, L50, M|100/100\n|-weather|Sandstorm|[from] ability: Sand Stream|[of] p2b: Tyranitar\n|turn|3\n|\n|t:|1776536112\n|move|p2b: Tyranitar|Protect|p2b: Tyranitar\n|-singleturn|p2b: Tyranitar|Protect\n|move|p1a: Incineroar|Flare Blitz|p2a: Dedenne\n|-damage|p2a: Dedenne|0 fnt\n|faint|p2a: Dedenne\n|-damage|p1a: Incineroar|64/100|[from] Recoil\n|move|p1b: Sinistcha|Strength Sap|p2b: Tyranitar\n|-activate|p2b: Tyranitar|move: Protect\n|\n|-weather|Sandstorm|[upkeep]\n|-damage|p1a: Incineroar|58/100|[from] Sandstorm\n|-damage|p1b: Sinistcha|8/100|[from] Sandstorm\n|upkeep\n|\n|t:|1776536121\n|switch|p2a: Excadrill|Excadrill, L50, M|100/100\n|turn|4\n|\n|t:|1776536136\n|move|p2a: Excadrill|Protect|p2a: Excadrill\n|-singleturn|p2a: Excadrill|Protect\n|move|p1a: Incineroar|Parting Shot|p2b: Tyranitar\n|-unboost|p2b: Tyranitar|atk|1\n|-unboost|p2b: Tyranitar|spa|1\n|\n|t:|1776536139\n|switch|p1a: Crabominable|Crabominable, L50, F|100/100|[from] Parting Shot\n|move|p1b: Sinistcha|Strength Sap|p2b: Tyranitar\n|-unboost|p2b: Tyranitar|atk|1\n|-heal|p1b: Sinistcha|99/100\n|move|p2b: Tyranitar|Body Press|p1a: Crabominable\n|-supereffective|p1a: Crabominable|1\n|-damage|p1a: Crabominable|50/100\n|\n|-weather|Sandstorm|[upkeep]\n|-damage|p1a: Crabominable|45/100|[from] Sandstorm\n|-damage|p1b: Sinistcha|93/100|[from] Sandstorm\n|upkeep\n|turn|5\n|\n|t:|1776536152\n|detailschange|p1a: Crabominable|Crabominable-Mega, L50, F\n|-mega|p1a: Crabominable|Crabominable|Crabominite\n|move|p2b: Tyranitar|Protect|p2b: Tyranitar\n|-singleturn|p2b: Tyranitar|Protect\n|move|p2a: Excadrill|Protect||[still]\n|-fail|p2a: Excadrill\n|move|p1a: Crabominable|Drain Punch|p2a: Excadrill\n|-supereffective|p2a: Excadrill|1\n|-damage|p2a: Excadrill|0 fnt\n|-heal|p1a: Crabominable|98/100|[from] drain|[of] p2a: Excadrill\n|faint|p2a: Excadrill\n|move|p1b: Sinistcha|Matcha Gotcha|p2b: Tyranitar\n|-activate|p2b: Tyranitar|move: Protect\n|\n|-weather|Sandstorm|[upkeep]\n|-damage|p1a: Crabominable|92/100|[from] Sandstorm\n|-damage|p1b: Sinistcha|87/100|[from] Sandstorm\n|-fieldend|move: Trick Room\n|upkeep\n|turn|6\n|\n|t:|1776536163\n|move|p2b: Tyranitar|Rock Slide|p1a: Crabominable|[spread] p1a,p1b\n|-damage|p1a: Crabominable|80/100\n|-damage|p1b: Sinistcha|70/100\n|move|p1b: Sinistcha|Matcha Gotcha|p2b: Tyranitar\n|-supereffective|p2b: Tyranitar|1\n|-damage|p2b: Tyranitar|42/100\n|-heal|p1b: Sinistcha|100/100|[from] drain|[of] p2b: Tyranitar\n|-status|p2b: Tyranitar|brn\n|move|p1a: Crabominable|Drain Punch|p2b: Tyranitar\n|-supereffective|p2b: Tyranitar|2\n|-damage|p2b: Tyranitar|0 fnt\n|-heal|p1a: Crabominable|98/100|[from] drain|[of] p2b: Tyranitar\n|faint|p2b: Tyranitar\n|\n|win|dohawyth\n|raw|dohawyth's rating: 1266 &rarr; <strong>1288</strong><br />(+22 for winning)\n|raw|fidelgbill's rating: 1223 &rarr; <strong>1201</strong><br />(-22 for losing)\n|l|\u2606fidelgbill\n|player|p2|\n",
  "uploadtime": 1776536166,
  "views": 22,
  "formatid": "gen9championsvgc2026regma",
  "rating": 1201,
  "private": 0,
  "password": null
}