{
  "id": "gen9championsvgc2026regma-2586975717",
  "format": "[Gen 9 Champions] VGC 2026 Reg M-A",
  "players": [
    "MegaAuraMaxxing",
    "Cello L."
  ],
  "log": "|j|\u2606MegaAuraMaxxing\n|j|\u2606Cello L.\n|t:|1776477388\n|gametype|doubles\n|player|p1|MegaAuraMaxxing|red|1323\n|player|p2|Cello L.|cynthia-gen4|1348\n|gen|9\n|tier|[Gen 9 Champions] VGC 2026 Reg M-A\n|rated|\n|rule|Species Clause: Limit one of each Pok\u00e9mon\n|rule|Item Clause: Limit 1 of each item\n|clearpoke\n|poke|p1|Gengar, L50, M|\n|poke|p1|Lucario, L50, M|\n|poke|p1|Tyranitar, L50, M|\n|poke|p1|Rotom-Wash, L50|\n|poke|p1|Corviknight, L50, F|\n|poke|p1|Clefable, L50, F|\n|poke|p2|Floette-Eternal, L50, F|\n|poke|p2|Tyranitar, L50, F|\n|poke|p2|Sneasler, L50, M|\n|poke|p2|Palafin, L50, M|\n|poke|p2|Incineroar, L50, M|\n|poke|p2|Sinistcha-Masterpiece, L50|\n|teampreview|4\n|\n|t:|1776477427\n|teamsize|p1|4\n|teamsize|p2|4\n|start\n|switch|p1a: Gengar|Gengar, L50, M|100/100\n|switch|p1b: Lucario|Lucario, L50, M|100/100\n|switch|p2a: Sneasler|Sneasler, L50, M|100/100\n|switch|p2b: Palafin|Palafin, L50, M|100/100\n|turn|1\n|\n|t:|1776477448\n|detailschange|p1a: Gengar|Gengar-Mega, L50, M\n|-mega|p1a: Gengar|Gengar|Gengarite\n|move|p2b: Palafin|Jet Punch|p1b: Lucario\n|-damage|p1b: Lucario|59/100\n|move|p1a: Gengar|Shadow Ball|p2a: Sneasler\n|-damage|p2a: Sneasler|28/100\n|move|p2a: Sneasler|Close Combat|p1b: Lucario\n|-supereffective|p1b: Lucario|1\n|-damage|p1b: Lucario|0 fnt\n|-unboost|p2a: Sneasler|def|1\n|-unboost|p2a: Sneasler|spd|1\n|faint|p1b: Lucario\n|-enditem|p2a: Sneasler|White Herb\n|-clearnegativeboost|p2a: Sneasler|[silent]\n|\n|upkeep\n|\n|t:|1776477460\n|switch|p1b: Rotom|Rotom-Wash, L50|100/100\n|turn|2\n|\n|t:|1776477467\n|move|p2a: Sneasler|Dire Claw|p1b: Rotom\n|-damage|p1b: Rotom|34/100\n|move|p1b: Rotom|Hydro Pump|p2b: Palafin\n|-resisted|p2b: Palafin|1\n|-damage|p2b: Palafin|69/100\n|move|p1a: Gengar|Shadow Ball|p2a: Sneasler\n|-damage|p2a: Sneasler|0 fnt\n|faint|p2a: Sneasler\n|move|p2b: Palafin|Wave Crash|p1a: Gengar\n|-damage|p1a: Gengar|14/100\n|-damage|p2b: Palafin|50/100|[from] Recoil\n|\n|upkeep\n|\n|t:|1776477479\n|switch|p2a: Tyranitar|Tyranitar, L50, F|100/100\n|-weather|Sandstorm|[from] ability: Sand Stream|[of] p2a: Tyranitar\n|turn|3\n|\n|t:|1776477490\n|switch|p1a: Corviknight|Corviknight, L50, F|100/100\n|move|p2b: Palafin|Jet Punch|p1a: Corviknight\n|-damage|p1a: Corviknight|74/100\n|move|p1b: Rotom|Hydro Pump|p2a: Tyranitar\n|-supereffective|p2a: Tyranitar|1\n|-damage|p2a: Tyranitar|40/100\n|move|p2a: Tyranitar|Knock Off|p1b: Rotom\n|-damage|p1b: Rotom|0 fnt\n|-enditem|p1b: Rotom|Choice Scarf|[from] move: Knock Off|[of] p2a: Tyranitar\n|faint|p1b: Rotom\n|\n|-weather|Sandstorm|[upkeep]\n|-damage|p2b: Palafin|44/100|[from] Sandstorm\n|-heal|p1a: Corviknight|80/100|[from] item: Leftovers\n|upkeep\n|\n|t:|1776477495\n|switch|p1b: Gengar|Gengar-Mega, L50, M|14/100\n|turn|4\n|\n|t:|1776477511\n|move|p1b: Gengar|Protect|p1b: Gengar\n|-singleturn|p1b: Gengar|Protect\n|move|p2b: Palafin|Jet Punch|p1b: Gengar\n|-activate|p1b: Gengar|move: Protect\n|move|p1a: Corviknight|Iron Defense|p1a: Corviknight\n|-boost|p1a: Corviknight|def|2\n|move|p2a: Tyranitar|Rock Slide|p1b: Gengar|[spread] p1a\n|-activate|p1b: Gengar|move: Protect\n|-damage|p1a: Corviknight|66/100\n|\n|-weather|Sandstorm|[upkeep]\n|-damage|p1b: Gengar|9/100|[from] Sandstorm\n|-damage|p2b: Palafin|39/100|[from] Sandstorm\n|-heal|p1a: Corviknight|72/100|[from] item: Leftovers\n|upkeep\n|turn|5\n|\n|t:|1776477518\n|move|p1b: Gengar|Protect|p1b: Gengar\n|-singleturn|p1b: Gengar|Protect\n|move|p2b: Palafin|Jet Punch|p1b: Gengar\n|-activate|p1b: Gengar|move: Protect\n|move|p1a: Corviknight|Iron Defense|p1a: Corviknight\n|-boost|p1a: Corviknight|def|2\n|move|p2a: Tyranitar|Rock Slide|p1a: Corviknight|[spread] p1a\n|-activate|p1b: Gengar|move: Protect\n|-damage|p1a: Corviknight|63/100\n|\n|-weather|Sandstorm|[upkeep]\n|-damage|p1b: Gengar|3/100|[from] Sandstorm\n|-damage|p2b: Palafin|33/100|[from] Sandstorm\n|-heal|p1a: Corviknight|69/100|[from] item: Leftovers\n|upkeep\n|turn|6\n|\n|t:|1776477528\n|move|p1b: Gengar|Protect||[still]\n|-fail|p1b: Gengar\n|move|p2b: Palafin|Jet Punch|p1b: Gengar\n|-damage|p1b: Gengar|0 fnt\n|faint|p1b: Gengar\n|move|p1a: Corviknight|Roost|p1a: Corviknight\n|-heal|p1a: Corviknight|100/100\n|-singleturn|p1a: Corviknight|move: Roost\n|move|p2a: Tyranitar|Rock Slide|p1a: Corviknight\n|-resisted|p1a: Corviknight|1\n|-damage|p1a: Corviknight|93/100\n|\n|-weather|Sandstorm|[upkeep]\n|-damage|p2b: Palafin|27/100|[from] Sandstorm\n|-heal|p1a: Corviknight|99/100|[from] item: Leftovers\n|upkeep\n|turn|7\n|\n|t:|1776477539\n|move|p2b: Palafin|Wave Crash|p1a: Corviknight\n|-damage|p1a: Corviknight|83/100\n|-damage|p2b: Palafin|22/100|[from] Recoil\n|move|p1a: Corviknight|Brave Bird|p2b: Palafin\n|-damage|p2b: Palafin|0 fnt\n|faint|p2b: Palafin\n|-damage|p1a: Corviknight|75/100|[from] Recoil\n|move|p2a: Tyranitar|Knock Off|p1a: Corviknight\n|-damage|p1a: Corviknight|58/100\n|-enditem|p1a: Corviknight|Leftovers|[from] move: Knock Off|[of] p2a: Tyranitar\n|\n|-weather|none\n|upkeep\n|\n|t:|1776477542\n|switch|p2b: Floette|Floette-Eternal, L50, F|100/100\n|turn|8\n|\n|t:|1776477554\n|detailschange|p2b: Floette|Floette-Mega, L50, F\n|-mega|p2b: Floette|Floette|Floettite\n|-ability|p2b: Floette|Fairy Aura\n|move|p2b: Floette|Calm Mind|p2b: Floette\n|-boost|p2b: Floette|spa|1\n|-boost|p2b: Floette|spd|1\n|move|p1a: Corviknight|Roost|p1a: Corviknight\n|-heal|p1a: Corviknight|100/100\n|-singleturn|p1a: Corviknight|move: Roost\n|move|p2a: Tyranitar|Rock Slide|p1a: Corviknight\n|-resisted|p1a: Corviknight|1\n|-crit|p1a: Corviknight\n|-damage|p1a: Corviknight|70/100\n|\n|upkeep\n|turn|9\n|\n|t:|1776477574\n|move|p2b: Floette|Calm Mind|p2b: Floette\n|-boost|p2b: Floette|spa|1\n|-boost|p2b: Floette|spd|1\n|move|p1a: Corviknight|Brave Bird|p2b: Floette\n|-damage|p2b: Floette|54/100\n|-damage|p1a: Corviknight|55/100|[from] Recoil\n|move|p2a: Tyranitar|Rock Slide|p1a: Corviknight\n|-damage|p1a: Corviknight|41/100\n|\n|upkeep\n|turn|10\n|\n|t:|1776477583\n|move|p2b: Floette|Moonblast|p1a: Corviknight\n|-resisted|p1a: Corviknight|1\n|-damage|p1a: Corviknight|0 fnt\n|faint|p1a: Corviknight\n|\n|win|Cello L.\n|raw|MegaAuraMaxxing's rating: 1323 &rarr; <strong>1304</strong><br />(-19 for losing)\n|raw|Cello L.'s rating: 1348 &rarr; <strong>1367</strong><br />(+19 for winning)\n",
  "uploadtime": 1776477586,
  "views": 25,
  "formatid": "gen9championsvgc2026regma",
  "rating": 1304,
  "private": 0,
  "password": null
}