{
  "id": "gen9championsvgc2026regma-2586704512",
  "format": "[Gen 9 Champions] VGC 2026 Reg M-A",
  "players": [
    "notthea",
    "tj12hunt4u"
  ],
  "log": "|j|\u2606notthea\n|j|\u2606tj12hunt4u\n|t:|1776453512\n|gametype|doubles\n|player|p1|notthea|102|1111\n|player|p2|tj12hunt4u|102|1050\n|gen|9\n|tier|[Gen 9 Champions] VGC 2026 Reg M-A\n|rated|\n|rule|Species Clause: Limit one of each Pok\u00e9mon\n|rule|Item Clause: Limit 1 of each item\n|clearpoke\n|poke|p1|Archaludon, L50, F|\n|poke|p1|Sylveon, L50, M|\n|poke|p1|Aerodactyl, L50, F|\n|poke|p1|Froslass, L50, F|\n|poke|p1|Typhlosion-Hisui, L50, F|\n|poke|p1|Hawlucha, L50, F|\n|poke|p2|Aegislash, L50, F|\n|poke|p2|Incineroar, L50, F|\n|poke|p2|Farigiraf, L50, F|\n|poke|p2|Milotic, L50, M|\n|poke|p2|Delphox, L50, F|\n|poke|p2|Garchomp, L50, M|\n|teampreview|4\ntj12hunt4u rejected open team sheets.\n|inactive|Battle timer is ON: inactive players will automatically lose when time's up. (requested by tj12hunt4u)\n|inactive|tj12hunt4u has 60 seconds left.\n|\n|t:|1776453548\n|teamsize|p1|4\n|teamsize|p2|4\n|start\n|switch|p1a: Sylveon|Sylveon, L50, M|100/100\n|switch|p1b: Hawlucha|Hawlucha, L50, F|100/100\n|switch|p2a: Farigiraf|Farigiraf, L50, F|100/100\n|switch|p2b: Incineroar|Incineroar, L50, F|100/100\n|-ability|p2b: Incineroar|Intimidate|boost\n|-unboost|p1a: Sylveon|atk|1\n|-unboost|p1b: Hawlucha|atk|1\n|-enditem|p1b: Hawlucha|White Herb\n|-clearnegativeboost|p1b: Hawlucha|[silent]\n|turn|1\n|\n|t:|1776453560\n|move|p2b: Incineroar|Fake Out|p1a: Sylveon\n|-damage|p1a: Sylveon|87/100\n|move|p1b: Hawlucha|Close Combat|p2b: Incineroar\n|-supereffective|p2b: Incineroar|1\n|-damage|p2b: Incineroar|0 fnt\n|-unboost|p1b: Hawlucha|def|1\n|-unboost|p1b: Hawlucha|spd|1\n|faint|p2b: Incineroar\n|move|p2a: Farigiraf|Twin Beam|p1b: Hawlucha\n|-supereffective|p1b: Hawlucha|1\n|-damage|p1b: Hawlucha|14/100\n|-supereffective|p1b: Hawlucha|1\n|-damage|p1b: Hawlucha|0 fnt\n|faint|p1b: Hawlucha\n|-hitcount|p1: Hawlucha|2\n|cant|p1a: Sylveon|flinch\n|\n|upkeep\n|j| AidzPlayz\n|\n|t:|1776453573\n|switch|p1b: Froslass|Froslass, L50, F|100/100\n|switch|p2b: Aegislash|Aegislash, L50, F|100/100\n|turn|2\n|\n|t:|1776453590\n|detailschange|p1b: Froslass|Froslass-Mega, L50, F\n|-mega|p1b: Froslass|Froslass|Froslassite\n|-weather|Snowscape|[from] ability: Snow Warning|[of] p1b: Froslass\n|move|p1b: Froslass|Shadow Ball|p2b: Aegislash\n|-supereffective|p2b: Aegislash|1\n|-damage|p2b: Aegislash|29/100\n|-unboost|p2b: Aegislash|spd|1\n|-formechange|p2b: Aegislash|Aegislash-Blade|\n|move|p2b: Aegislash|Iron Head|p1b: Froslass\n|-supereffective|p1b: Froslass|1\n|-damage|p1b: Froslass|1/100\n|move|p1a: Sylveon|Roar|p2a: Farigiraf\n|drag|p2a: Milotic|Milotic, L50, M|100/100\n|\n|-weather|Snowscape|[upkeep]\n|upkeep\n|turn|3\n|inactive|notthea has 30 seconds left.\n|inactive|tj12hunt4u has 30 seconds left.\n|\n|t:|1776453620\n|switch|p2b: Farigiraf|Farigiraf, L50, F|100/100\n|move|p1b: Froslass|Protect|p1b: Froslass\n|-singleturn|p1b: Froslass|Protect\n|move|p2a: Milotic|Ice Beam|p1b: Froslass\n|-activate|p1b: Froslass|move: Protect\n|move|p1a: Sylveon|Yawn|p2a: Milotic\n|-start|p2a: Milotic|move: Yawn|[of] p1a: Sylveon\n|\n|-weather|Snowscape|[upkeep]\n|upkeep\n|turn|4\n|inactive|notthea has 30 seconds left.\n|\n|t:|1776453650\n|move|p1b: Froslass|Blizzard|p2b: Farigiraf|[spread] p2a,p2b\n|-resisted|p2a: Milotic|1\n|-damage|p2a: Milotic|84/100\n|-damage|p2b: Farigiraf|51/100\n|move|p2a: Milotic|Ice Beam|p1b: Froslass\n|-resisted|p1b: Froslass|1\n|-damage|p1b: Froslass|0 fnt\n|faint|p1b: Froslass\n|move|p1a: Sylveon|Roar|p2b: Farigiraf\n|drag|p2b: Aegislash|Aegislash, L50, F|29/100\n|\n|-weather|Snowscape|[upkeep]\n|-heal|p2a: Milotic|90/100|[from] item: Leftovers\n|-end|p2a: Milotic|move: Yawn|[silent]\n|-status|p2a: Milotic|slp\n|upkeep\n|\n|t:|1776453656\n|switch|p1b: Typhlosion|Typhlosion-Hisui, L50, F|100/100\n|-item|p2a: Milotic|Leftovers|[from] ability: Frisk|[of] p1b: Typhlosion\n|-item|p2b: Aegislash|Shuca Berry|[from] ability: Frisk|[of] p1b: Typhlosion\n|turn|5\n|inactive|notthea has 30 seconds left.\n|\n|t:|1776453682\n|-formechange|p2b: Aegislash|Aegislash-Blade|\n|move|p2b: Aegislash|Shadow Sneak|p1b: Typhlosion\n|-supereffective|p1b: Typhlosion|1\n|-damage|p1b: Typhlosion|32/100\n|move|p1b: Typhlosion|Heat Wave|p2a: Milotic|[spread] p2a,p2b\n|-resisted|p2a: Milotic|1\n|-supereffective|p2b: Aegislash|1\n|-damage|p2a: Milotic|76/100 slp\n|-damage|p2b: Aegislash|0 fnt\n|faint|p2b: Aegislash\n|cant|p2a: Milotic|slp\n|move|p1a: Sylveon|Hyper Voice|p2a: Milotic\n|-damage|p2a: Milotic|36/100 slp\n|\n|-weather|Snowscape|[upkeep]\n|-heal|p2a: Milotic|42/100 slp|[from] item: Leftovers\n|upkeep\n|\n|t:|1776453689\n|switch|p2b: Farigiraf|Farigiraf, L50, F|51/100\n|turn|6\n|\n|t:|1776453696\n|move|p1b: Typhlosion|Heat Wave|p2b: Farigiraf|[spread] p2a,p2b\n|-resisted|p2a: Milotic|1\n|-damage|p2a: Milotic|28/100 slp\n|-damage|p2b: Farigiraf|10/100\n|-curestatus|p2a: Milotic|slp|[msg]\n|move|p2a: Milotic|Coil|p2a: Milotic\n|-boost|p2a: Milotic|atk|1\n|-boost|p2a: Milotic|def|1\n|-boost|p2a: Milotic|accuracy|1\n|move|p1a: Sylveon|Hyper Voice|p2a: Milotic|[spread] p2a,p2b\n|-damage|p2a: Milotic|0 fnt\n|-damage|p2b: Farigiraf|0 fnt\n|faint|p2a: Milotic\n|faint|p2b: Farigiraf\n|\n|win|notthea\n|raw|notthea's rating: 1111 &rarr; <strong>1132</strong><br />(+21 for winning)\n|raw|tj12hunt4u's rating: 1050 &rarr; <strong>1036</strong><br />(-14 for losing)\n|l|\u2606tj12hunt4u\n|player|p2|\n|l| AidzPlayz\n|j| AidzPlayz\n|l| AidzPlayz\n|j| AidzPlayz\n",
  "uploadtime": 1776453696,
  "views": 31,
  "formatid": "gen9championsvgc2026regma",
  "rating": 1036,
  "private": 0,
  "password": null
}