{
  "id": "gen9championsvgc2026regma-2583086423",
  "format": "[Gen 9 Champions] VGC 2026 Reg M-A",
  "players": [
    "Hymnn",
    "Engal06"
  ],
  "log": "|j|\u2606Hymnn\n|j|\u2606Engal06\n|t:|1776140415\n|gametype|doubles\n|player|p1|Hymnn|265|1085\n|player|p2|Engal06|1|1000\n|gen|9\n|tier|[Gen 9 Champions] VGC 2026 Reg M-A\n|rated|\n|rule|Species Clause: Limit one of each Pok\u00e9mon\n|rule|Item Clause: Limit 1 of each item\n|clearpoke\n|poke|p1|Watchog, L50, F|\n|poke|p1|Floette-Eternal, L50, F|\n|poke|p1|Farigiraf, L50, F|\n|poke|p1|Kingambit, L50, M|\n|poke|p1|Zoroark-Hisui, L50, F|\n|poke|p1|Golurk, L50|\n|poke|p2|Charizard, L50, F|\n|poke|p2|Rotom-Wash, L50|\n|poke|p2|Incineroar, L50, M|\n|poke|p2|Garchomp, L50, M|\n|poke|p2|Venusaur, L50, M|\n|poke|p2|Whimsicott, L50, F|\n|teampreview|4\n|\n|t:|1776140434\n|teamsize|p1|4\n|teamsize|p2|4\n|start\n|switch|p1a: Floette|Floette-Eternal, L50, F|100/100\n|switch|p1b: Golurk|Golurk, L50|100/100\n|switch|p2a: Garchomp|Garchomp, L50, M|100/100\n|switch|p2b: Incineroar|Incineroar, L50, M|100/100\n|-ability|p2b: Incineroar|Intimidate|boost\n|-unboost|p1a: Floette|atk|1\n|-unboost|p1b: Golurk|atk|1\n|turn|1\n|\n|t:|1776140479\n|switch|p2a: Charizard|Charizard, L50, F|100/100\n|move|p2b: Incineroar|Fake Out|p1a: Floette\n|-immune|p1a: Floette\n|move|p1a: Floette|Icy Wind|p2a: Charizard|[spread] p2a,p2b\n|-crit|p2a: Charizard\n|-resisted|p2b: Incineroar|1\n|-damage|p2a: Charizard|74/100\n|-damage|p2b: Incineroar|96/100\n|-unboost|p2a: Charizard|spe|1\n|-unboost|p2b: Incineroar|spe|1\n|move|p1b: Golurk|High Horsepower|p2b: Incineroar\n|-supereffective|p2b: Incineroar|1\n|-damage|p2b: Incineroar|26/100\n|\n|-heal|p2b: Incineroar|32/100|[from] item: Leftovers\n|upkeep\n|turn|2\n|\n|t:|1776140510\n|detailschange|p2a: Charizard|Charizard-Mega-Y, L50, F\n|-mega|p2a: Charizard|Charizard|Charizardite Y\n|-weather|SunnyDay|[from] ability: Drought|[of] p2a: Charizard\n|move|p1a: Floette|Bitter Malice|p2a: Charizard\n|-damage|p2a: Charizard|23/100\n|-unboost|p2a: Charizard|atk|1\n|move|p2a: Charizard|Heat Wave|p1b: Golurk|[spread] p1a,p1b\n|-damage|p1a: Floette|0 fnt\n|-damage|p1b: Golurk|28/100\n|replace|p1a: Zoroark|Zoroark-Hisui, L50, F\n|-end|p1a: Zoroark|Illusion\n|faint|p1a: Zoroark\n|move|p1b: Golurk|Rock Slide|p2b: Incineroar|[spread] p2a,p2b\n|-supereffective|p2a: Charizard|2\n|-supereffective|p2b: Incineroar|1\n|-damage|p2a: Charizard|0 fnt\n|-damage|p2b: Incineroar|3/100\n|faint|p2a: Charizard\n|move|p2b: Incineroar|Darkest Lariat|p1b: Golurk\n|-supereffective|p1b: Golurk|1\n|-damage|p1b: Golurk|0 fnt\n|faint|p1b: Golurk\n|\n|-weather|SunnyDay|[upkeep]\n|-heal|p2b: Incineroar|9/100|[from] item: Leftovers\n|upkeep\n|\n|t:|1776140533\n|switch|p1a: Watchog|Watchog, L50, F|100/100\n|switch|p2a: Venusaur|Venusaur, L50, M|100/100\n|switch|p1b: Floette|Floette-Eternal, L50, F|100/100\n|turn|3\n|\n|t:|1776140551\n|detailschange|p1b: Floette|Floette-Mega, L50, F\n|-mega|p1b: Floette|Floette|Floettite\n|-ability|p1b: Floette|Fairy Aura\n|move|p2a: Venusaur|Sleep Powder|p1b: Floette\n|-status|p1b: Floette|slp|[from] move: Sleep Powder\n|move|p1a: Watchog|After You|p1b: Floette\n|-activate|p1b: Floette|move: After You\n|cant|p1b: Floette|slp\n|move|p2b: Incineroar|Parting Shot|p1b: Floette\n|-unboost|p1b: Floette|atk|1\n|-unboost|p1b: Floette|spa|1\n|\n|t:|1776140562\n|switch|p2b: Garchomp|Garchomp, L50, M|100/100|[from] Parting Shot\n|\n|-weather|SunnyDay|[upkeep]\n|upkeep\n|turn|4\n|\n|t:|1776140570\n|move|p2a: Venusaur|Sludge Bomb|p1b: Floette\n|-supereffective|p1b: Floette|1\n|-damage|p1b: Floette|40/100 slp\n|move|p1a: Watchog|After You|p1b: Floette\n|-activate|p1b: Floette|move: After You\n|cant|p1b: Floette|slp\n|move|p2b: Garchomp|Rock Slide|p1b: Floette|[spread] p1a,p1b\n|-damage|p1a: Watchog|71/100\n|-damage|p1b: Floette|18/100 slp\n|\n|-weather|SunnyDay|[upkeep]\n|upkeep\n|turn|5\n|-message|Hymnn forfeited.\n|\n|win|Engal06\n|raw|Hymnn's rating: 1085 &rarr; <strong>1057</strong><br />(-28 for losing)\n|raw|Engal06's rating: 1000 &rarr; <strong>1050</strong><br />(+50 for winning)\n|l|\u2606Hymnn\n|player|p1|\n",
  "uploadtime": 1776140595,
  "views": 11,
  "formatid": "gen9championsvgc2026regma",
  "rating": 1050,
  "private": 0,
  "password": null
}