{
  "id": "gen9championsvgc2026regma-2582231876",
  "format": "[Gen 9 Champions] VGC 2026 Reg M-A",
  "players": [
    "phareon",
    "reggie1000"
  ],
  "log": "|j|\u2606phareon\n|j|\u2606reggie1000\n|t:|1776074104\n|gametype|doubles\n|player|p1|phareon|1|1110\n|player|p2|reggie1000|102|1046\n|gen|9\n|tier|[Gen 9 Champions] VGC 2026 Reg M-A\n|rated|\n|rule|Species Clause: Limit one of each Pok\u00e9mon\n|rule|Item Clause: Limit 1 of each item\n|clearpoke\n|poke|p1|Feraligatr, L50, M|\n|poke|p1|Talonflame, L50, F|\n|poke|p1|Kingambit, L50, F|\n|poke|p1|Glimmora, L50, M|\n|poke|p1|Sneasler, L50, F|\n|poke|p1|Froslass, L50, F|\n|poke|p2|Sinistcha, L50|\n|poke|p2|Milotic, L50, M|\n|poke|p2|Kingambit, L50, M|\n|poke|p2|Typhlosion-Hisui, L50, F|\n|poke|p2|Incineroar, L50, M|\n|poke|p2|Skarmory, L50, M|\n|teampreview|4\n|\n|t:|1776074144\n|teamsize|p1|4\n|teamsize|p2|4\n|start\n|switch|p1a: Talonflame|Talonflame, L50, F|100/100\n|switch|p1b: Sneasler|Sneasler, L50, F|100/100\n|switch|p2a: Like Mii|Incineroar, L50, M|100/100\n|switch|p2b: DAMN!!!!!!!!!!|Skarmory, L50, M|100/100\n|-ability|p2a: Like Mii|Intimidate|boost\n|-unboost|p1a: Talonflame|atk|1\n|-unboost|p1b: Sneasler|atk|1\n|-enditem|p1b: Sneasler|White Herb\n|-clearnegativeboost|p1b: Sneasler|[silent]\n|turn|1\n|\n|t:|1776074180\n|move|p1b: Sneasler|Fake Out|p2a: Like Mii\n|-damage|p2a: Like Mii|86/100\n|cant|p2a: Like Mii|flinch\n|move|p1a: Talonflame|Will-O-Wisp|p2b: DAMN!!!!!!!!!!\n|-status|p2b: DAMN!!!!!!!!!!|brn\n|move|p2b: DAMN!!!!!!!!!!|Swords Dance|p2b: DAMN!!!!!!!!!!\n|-boost|p2b: DAMN!!!!!!!!!!|atk|2\n|\n|-damage|p2b: DAMN!!!!!!!!!!|95/100 brn|[from] brn\n|upkeep\n|turn|2\n|\n|t:|1776074214\n|move|p1a: Talonflame|Tailwind|p1a: Talonflame\n|-sidestart|p1: phareon|move: Tailwind\n|move|p1b: Sneasler|Close Combat|p2a: Like Mii\n|-supereffective|p2a: Like Mii|1\n|-damage|p2a: Like Mii|0 fnt\n|-unboost|p1b: Sneasler|def|1\n|-unboost|p1b: Sneasler|spd|1\n|faint|p2a: Like Mii\n|move|p2b: DAMN!!!!!!!!!!|Rock Slide|p1a: Talonflame|[spread] p1a,p1b\n|-supereffective|p1a: Talonflame|2\n|-resisted|p1b: Sneasler|1\n|-damage|p1a: Talonflame|4/100\n|-damage|p1b: Sneasler|80/100\n|\n|-damage|p2b: DAMN!!!!!!!!!!|89/100 brn|[from] brn\n|upkeep\n|\n|t:|1776074234\n|switch|p2a: Dontcha|Sinistcha, L50|100/100\n|-heal|p2b: DAMN!!!!!!!!!!|100/100 brn|[from] ability: Hospitality|[of] p2a: Dontcha\n|turn|3\n|\n|t:|1776074242\n|move|p2a: Dontcha|Protect|p2a: Dontcha\n|-singleturn|p2a: Dontcha|Protect\n|move|p1b: Sneasler|Close Combat|p2b: DAMN!!!!!!!!!!\n|-damage|p2b: DAMN!!!!!!!!!!|46/100 brn\n|-unboost|p1b: Sneasler|def|1\n|-unboost|p1b: Sneasler|spd|1\n|-ability|p2b: DAMN!!!!!!!!!!|Weak Armor|boost\n|-unboost|p2b: DAMN!!!!!!!!!!|def|1\n|-boost|p2b: DAMN!!!!!!!!!!|spe|2\n|move|p1a: Talonflame|Brave Bird|p2a: Dontcha\n|-activate|p2a: Dontcha|move: Protect\n|move|p2b: DAMN!!!!!!!!!!|Rock Slide|p1a: Talonflame|[spread] p1a,p1b\n|-supereffective|p1a: Talonflame|2\n|-resisted|p1b: Sneasler|1\n|-damage|p1a: Talonflame|0 fnt\n|-damage|p1b: Sneasler|57/100\n|faint|p1a: Talonflame\n|\n|-damage|p2b: DAMN!!!!!!!!!!|41/100 brn|[from] brn\n|upkeep\n|\n|t:|1776074252\n|switch|p1a: Glimmora|Glimmora, L50, M|100/100\n|turn|4\n|\n|t:|1776074266\n|detailschange|p2b: DAMN!!!!!!!!!!|Skarmory-Mega, L50, M\n|-mega|p2b: DAMN!!!!!!!!!!|Skarmory|Skarmorite\n|move|p2a: Dontcha|Rage Powder|p2a: Dontcha\n|-singleturn|p2a: Dontcha|move: Rage Powder\n|move|p1b: Sneasler|Close Combat|p2a: Dontcha\n|-immune|p2a: Dontcha\n|move|p1a: Glimmora|Sludge Wave|p2b: DAMN!!!!!!!!!!|[spread] p1b,p2a\n|-immune|p2b: DAMN!!!!!!!!!!\n|-resisted|p1b: Sneasler|1\n|-damage|p1b: Sneasler|4/100\n|-damage|p2a: Dontcha|63/100\n|move|p2b: DAMN!!!!!!!!!!|Iron Head|p1a: Glimmora\n|-supereffective|p1a: Glimmora|1\n|-enditem|p1a: Glimmora|Focus Sash\n|-damage|p1a: Glimmora|1/100\n|-activate|p1a: Glimmora|ability: Toxic Debris\n|-sidestart|p2: reggie1000|move: Toxic Spikes\n|\n|-damage|p2b: DAMN!!!!!!!!!!|35/100 brn|[from] brn\n|upkeep\n|turn|5\n|\n|t:|1776074292\n|move|p1a: Glimmora|Spiky Shield|p1a: Glimmora\n|-singleturn|p1a: Glimmora|move: Protect\n|move|p1b: Sneasler|Dire Claw|p2a: Dontcha\n|-damage|p2a: Dontcha|26/100\n|-enditem|p2a: Dontcha|Sitrus Berry|[eat]\n|-heal|p2a: Dontcha|51/100|[from] item: Sitrus Berry\n|move|p2b: DAMN!!!!!!!!!!|Rock Slide|p1a: Glimmora|[spread] \n|-activate|p1a: Glimmora|move: Protect\n|-miss|p2b: DAMN!!!!!!!!!!|p1b: Sneasler\n|move|p2a: Dontcha|Strength Sap|p2b: DAMN!!!!!!!!!!\n|-unboost|p2b: DAMN!!!!!!!!!!|atk|1\n|-heal|p2a: Dontcha|100/100\n|\n|-damage|p2b: DAMN!!!!!!!!!!|29/100 brn|[from] brn\n|-sideend|p1: phareon|move: Tailwind\n|upkeep\n|turn|6\n|\n|t:|1776074313\n|move|p1b: Sneasler|Close Combat|p2b: DAMN!!!!!!!!!!\n|-damage|p2b: DAMN!!!!!!!!!!|0 fnt\n|-unboost|p1b: Sneasler|def|1\n|-unboost|p1b: Sneasler|spd|1\n|faint|p2b: DAMN!!!!!!!!!!\n|move|p1a: Glimmora|Dazzling Gleam|p2a: Dontcha\n|-damage|p2a: Dontcha|73/100\n|move|p2a: Dontcha|Matcha Gotcha|p1b: Sneasler|[spread] p1a,p1b\n|-resisted|p1b: Sneasler|1\n|-damage|p1a: Glimmora|0 fnt\n|-heal|p2a: Dontcha|74/100|[from] drain|[of] p1a: Glimmora\n|-damage|p1b: Sneasler|0 fnt\n|-heal|p2a: Dontcha|75/100|[from] drain|[of] p1b: Sneasler\n|faint|p1a: Glimmora\n|faint|p1b: Sneasler\n|\n|upkeep\n|\n|t:|1776074321\n|switch|p1b: Feraligatr|Feraligatr, L50, M|100/100\n|switch|p2b: Wish|Milotic, L50, M|100/100\n|-status|p2b: Wish|psn\n|turn|7\n|\n|t:|1776074331\n|detailschange|p1b: Feraligatr|Feraligatr-Mega, L50, M\n|-mega|p1b: Feraligatr|Feraligatr|Feraligite\n|move|p1b: Feraligatr|Double-Edge|p2a: Dontcha\n|-damage|p2a: Dontcha|0 fnt\n|faint|p2a: Dontcha\n|-damage|p1b: Feraligatr|73/100|[from] Recoil\n|move|p2b: Wish|Scald|p1b: Feraligatr\n|-resisted|p1b: Feraligatr|2\n|-damage|p1b: Feraligatr|65/100\n|\n|-damage|p2b: Wish|88/100 psn|[from] psn\n|upkeep\n|turn|8\n|\n|t:|1776074341\n|move|p1b: Feraligatr|Double-Edge|p2b: Wish\n|-damage|p2b: Wish|3/100 psn\n|-damage|p1b: Feraligatr|29/100|[from] Recoil\n|move|p2b: Wish|Ice Beam|p1b: Feraligatr\n|-damage|p1b: Feraligatr|5/100\n|\n|-heal|p2b: Wish|9/100 psn|[from] item: Leftovers\n|-damage|p2b: Wish|0 fnt|[from] psn\n|faint|p2b: Wish\n|\n|win|phareon\n|raw|phareon's rating: 1110 &rarr; <strong>1130</strong><br />(+20 for winning)\n|raw|reggie1000's rating: 1046 &rarr; <strong>1032</strong><br />(-14 for losing)\n",
  "uploadtime": 1776074348,
  "views": 16,
  "formatid": "gen9championsvgc2026regma",
  "rating": 1032,
  "private": 0,
  "password": null
}