{
  "id": "gen9championsvgc2026regma-2586597354",
  "format": "[Gen 9 Champions] VGC 2026 Reg M-A",
  "players": [
    "appatheboppa",
    "Galarian Jota"
  ],
  "log": "|j|\u2606appatheboppa\n|j|\u2606Galarian Jota\n|t:|1776445736\n|gametype|doubles\n|player|p1|appatheboppa|rocketgrunt|1026\n|player|p2|Galarian Jota|101|1065\n|gen|9\n|tier|[Gen 9 Champions] VGC 2026 Reg M-A\n|rated|\n|rule|Species Clause: Limit one of each Pok\u00e9mon\n|rule|Item Clause: Limit 1 of each item\n|clearpoke\n|poke|p1|Charizard, L50, M|\n|poke|p1|Whimsicott, L50, M|\n|poke|p1|Farigiraf, L50, M|\n|poke|p1|Sneasler, L50, F|\n|poke|p1|Garchomp, L50, M|\n|poke|p1|Kingambit, L50, M|\n|poke|p2|Heracross, L50, M|\n|poke|p2|Archaludon, L50, M|\n|poke|p2|Arcanine, L50, F|\n|poke|p2|Aerodactyl, L50, F|\n|poke|p2|Empoleon, L50, M|\n|poke|p2|Sableye, L50, M|\n|teampreview|4\n|\n|t:|1776445754\n|teamsize|p1|4\n|teamsize|p2|4\n|start\n|switch|p1a: Charizard|Charizard, L50, M|100/100\n|switch|p1b: Whimsicott|Whimsicott, L50, M|100/100\n|switch|p2a: Aerodactyl|Aerodactyl, L50, F|100/100\n|switch|p2b: Heracross|Heracross, L50, M|100/100\n|-ability|p2a: Aerodactyl|Unnerve\n|turn|1\n|inactive|Battle timer is ON: inactive players will automatically lose when time's up. (requested by Galarian Jota)\n|inactive|appatheboppa has 60 seconds left.\n|\n|t:|1776445797\n|switch|p2b: Arcanine|Arcanine, L50, F|100/100\n|-ability|p2b: Arcanine|Intimidate|boost\n|-unboost|p1a: Charizard|atk|1\n|-unboost|p1b: Whimsicott|atk|1\n|move|p1b: Whimsicott|Protect|p1b: Whimsicott\n|-singleturn|p1b: Whimsicott|Protect\n|move|p2a: Aerodactyl|Rock Slide|p1a: Charizard|[spread] p1a\n|-activate|p1b: Whimsicott|move: Protect\n|-supereffective|p1a: Charizard|2\n|-damage|p1a: Charizard|0 fnt\n|faint|p1a: Charizard\n|\n|upkeep\n|inactive|appatheboppa has 30 seconds left.\n|inactive|appatheboppa has 20 seconds left.\n|inactive|appatheboppa has 15 seconds left.\n|inactive|appatheboppa has 10 seconds left.\n|\n|t:|1776445846\n|switch|p1a: Sneasler|Sneasler, L50, F|100/100\n|turn|2\n|inactive|Galarian Jota has 30 seconds left.\n|\n|t:|1776445874\n|switch|p1b: Garchomp|Garchomp, L50, M|100/100\n|move|p2a: Aerodactyl|Tailwind|p2a: Aerodactyl\n|-sidestart|p2: Galarian Jota|move: Tailwind\n|move|p2b: Arcanine|Flare Blitz|p1b: Garchomp\n|-resisted|p1b: Garchomp|1\n|-damage|p1b: Garchomp|71/100\n|-damage|p2b: Arcanine|88/100|[from] ability: Rough Skin|[of] p1b: Garchomp\n|-damage|p2b: Arcanine|79/100|[from] Recoil\n|move|p1a: Sneasler|Close Combat|p2b: Arcanine\n|-damage|p2b: Arcanine|5/100\n|-unboost|p1a: Sneasler|def|1\n|-unboost|p1a: Sneasler|spd|1\n|-enditem|p2b: Arcanine|Sitrus Berry|[eat]\n|-heal|p2b: Arcanine|29/100|[from] item: Sitrus Berry\n|-enditem|p1a: Sneasler|White Herb\n|-clearnegativeboost|p1a: Sneasler|[silent]\n|\n|upkeep\n|turn|3\n|\n|t:|1776445896\n|move|p1a: Sneasler|Fake Out||[still]\n|-hint|Fake Out only works on your first turn out.\n|-fail|p1a: Sneasler\n|move|p2a: Aerodactyl|Dual Wingbeat|p1a: Sneasler\n|-supereffective|p1a: Sneasler|1\n|-damage|p1a: Sneasler|42/100\n|-supereffective|p1a: Sneasler|1\n|-damage|p1a: Sneasler|0 fnt\n|faint|p1a: Sneasler\n|-hitcount|p1: Sneasler|2\n|move|p2b: Arcanine|Will-O-Wisp|p1b: Garchomp\n|-status|p1b: Garchomp|brn\n|move|p1b: Garchomp|Rock Slide|p2b: Arcanine|[spread] p2a,p2b\n|-supereffective|p2a: Aerodactyl|1\n|-supereffective|p2b: Arcanine|1\n|-damage|p2a: Aerodactyl|68/100\n|-damage|p2b: Arcanine|10/100\n|\n|-damage|p1b: Garchomp|65/100 brn|[from] brn\n|upkeep\n|\n|t:|1776445913\n|switch|p1a: Whimsicott|Whimsicott, L50, M|100/100\n|turn|4\n|\n|t:|1776445927\n|move|p1a: Whimsicott|Protect|p1a: Whimsicott\n|-singleturn|p1a: Whimsicott|Protect\n|move|p2b: Arcanine|Protect|p2b: Arcanine\n|-singleturn|p2b: Arcanine|Protect\n|move|p2a: Aerodactyl|Dual Wingbeat|p1a: Whimsicott\n|-activate|p1a: Whimsicott|move: Protect\n|move|p1b: Garchomp|Rock Slide|p2a: Aerodactyl|[spread] p2a\n|-activate|p2b: Arcanine|move: Protect\n|-supereffective|p2a: Aerodactyl|1\n|-damage|p2a: Aerodactyl|36/100\n|\n|-damage|p1b: Garchomp|59/100 brn|[from] brn\n|upkeep\n|turn|5\n|\n|t:|1776445949\n|switch|p2b: Sableye|Sableye, L50, M|100/100\n|move|p1a: Whimsicott|Protect|p1a: Whimsicott\n|-singleturn|p1a: Whimsicott|Protect\n|move|p2a: Aerodactyl|Dual Wingbeat|p1a: Whimsicott\n|-activate|p1a: Whimsicott|move: Protect\n|move|p1b: Garchomp|Rock Slide|p2a: Aerodactyl|[spread] p2a,p2b\n|-supereffective|p2a: Aerodactyl|1\n|-damage|p2a: Aerodactyl|2/100\n|-damage|p2b: Sableye|86/100\n|\n|-heal|p2b: Sableye|92/100|[from] item: Leftovers\n|-damage|p1b: Garchomp|53/100 brn|[from] brn\n|-sideend|p2: Galarian Jota|move: Tailwind\n|upkeep\n|turn|6\n|\n|t:|1776445969\n|move|p2b: Sableye|Fake Out|p1b: Garchomp\n|-damage|p1b: Garchomp|46/100 brn\n|-damage|p2b: Sableye|79/100|[from] ability: Rough Skin|[of] p1b: Garchomp\n|cant|p1b: Garchomp|flinch\n|move|p2a: Aerodactyl|Dual Wingbeat|p1a: Whimsicott\n|-supereffective|p1a: Whimsicott|1\n|-damage|p1a: Whimsicott|43/100\n|-supereffective|p1a: Whimsicott|1\n|-damage|p1a: Whimsicott|0 fnt\n|faint|p1a: Whimsicott\n|-hitcount|p1: Whimsicott|2\n|\n|-heal|p2b: Sableye|85/100|[from] item: Leftovers\n|-damage|p1b: Garchomp|40/100 brn|[from] brn\n|upkeep\n|turn|7\n|\n|t:|1776445990\n|switch|p2b: Arcanine|Arcanine, L50, F|10/100\n|-ability|p2b: Arcanine|Intimidate|boost\n|-unboost|p1b: Garchomp|atk|1\n|move|p1b: Garchomp|Rock Slide|p2a: Aerodactyl|[spread] p2a,p2b\n|-supereffective|p2a: Aerodactyl|1\n|-supereffective|p2b: Arcanine|1\n|-damage|p2a: Aerodactyl|0 fnt\n|-damage|p2b: Arcanine|0 fnt\n|faint|p2a: Aerodactyl\n|faint|p2b: Arcanine\n|\n|-damage|p1b: Garchomp|35/100 brn|[from] brn\n|upkeep\n|\n|t:|1776446000\n|switch|p2a: Sableye|Sableye, L50, M|85/100\n|switch|p2b: Heracross|Heracross, L50, M|100/100\n|turn|8\n|\n|t:|1776446006\n|detailschange|p2b: Heracross|Heracross-Mega, L50, M\n|-mega|p2b: Heracross|Heracross|Heracronite\n|move|p2a: Sableye|Fake Out|p1b: Garchomp\n|-damage|p1b: Garchomp|28/100 brn\n|-damage|p2a: Sableye|73/100|[from] ability: Rough Skin|[of] p1b: Garchomp\n|cant|p1b: Garchomp|flinch\n|move|p2b: Heracross|Close Combat|p1b: Garchomp\n|-damage|p1b: Garchomp|0 fnt\n|-unboost|p2b: Heracross|def|1\n|-unboost|p2b: Heracross|spd|1\n|-damage|p2b: Heracross|89/100|[from] ability: Rough Skin|[of] p1b: Garchomp\n|faint|p1b: Garchomp\n|\n|win|Galarian Jota\n|raw|appatheboppa's rating: 1026 &rarr; <strong>1014</strong><br />(-12 for losing)\n|raw|Galarian Jota's rating: 1065 &rarr; <strong>1092</strong><br />(+27 for winning)\n|c|\u2606appatheboppa|gg\n",
  "uploadtime": 1776446021,
  "views": 29,
  "formatid": "gen9championsvgc2026regma",
  "rating": 1014,
  "private": 0,
  "password": null
}