{
  "id": "gen9championsvgc2026regma-2585308661",
  "format": "[Gen 9 Champions] VGC 2026 Reg M-A",
  "players": [
    "SleepyBadBoy",
    "NathanaelW19"
  ],
  "log": "|j|\u2606SleepyBadBoy\n|j|\u2606NathanaelW19\n|t:|1776336269\n|gametype|doubles\n|player|p1|SleepyBadBoy|102|1243\n|player|p2|NathanaelW19|dragontamer|1240\n|gen|9\n|tier|[Gen 9 Champions] VGC 2026 Reg M-A\n|rated|\n|rule|Species Clause: Limit one of each Pok\u00e9mon\n|rule|Item Clause: Limit 1 of each item\n|clearpoke\n|poke|p1|Gengar, L50, F|\n|poke|p1|Incineroar, L50, M|\n|poke|p1|Kommo-o, L50, F|\n|poke|p1|Sinistcha, L50|\n|poke|p1|Kingambit, L50, F|\n|poke|p1|Tyranitar, L50, M|\n|poke|p2|Garchomp, L50, M|\n|poke|p2|Tyranitar, L50, M|\n|poke|p2|Hydreigon, L50, F|\n|poke|p2|Rotom-Heat, L50|\n|poke|p2|Sneasler, L50, M|\n|poke|p2|Gallade, L50, M|\n|teampreview|4\n|inactive|Battle timer is ON: inactive players will automatically lose when time's up. (requested by NathanaelW19)\n|inactive|SleepyBadBoy also wants the timer to be on.\n|inactive|NathanaelW19 has 60 seconds left.\n|\n|t:|1776336302\n|teamsize|p1|4\n|teamsize|p2|4\n|start\n|switch|p1a: Incineroar|Incineroar, L50, M|100/100\n|switch|p1b: Kommo-o|Kommo-o, L50, F|100/100\n|switch|p2a: Hydreigon|Hydreigon, L50, F|100/100\n|switch|p2b: Garchomp|Garchomp, L50, M|100/100\n|-ability|p1a: Incineroar|Intimidate|boost\n|-unboost|p2a: Hydreigon|atk|1\n|-unboost|p2b: Garchomp|atk|1\n|turn|1\n|\n|t:|1776336323\n|switch|p2a: Gallade|Gallade, L50, M, shiny|100/100\n|switch|p2b: Tyranitar|Tyranitar, L50, M, shiny|100/100\n|-weather|Sandstorm|[from] ability: Sand Stream|[of] p2b: Tyranitar\n|move|p1a: Incineroar|Fake Out|p2a: Gallade\n|-damage|p2a: Gallade|81/100\n|move|p1b: Kommo-o|Clangorous Soul|p1b: Kommo-o\n|-boost|p1b: Kommo-o|atk|1\n|-boost|p1b: Kommo-o|def|1\n|-boost|p1b: Kommo-o|spa|1\n|-boost|p1b: Kommo-o|spd|1\n|-boost|p1b: Kommo-o|spe|1\n|-damage|p1b: Kommo-o|68/100\n|\n|-weather|Sandstorm|[upkeep]\n|-damage|p1b: Kommo-o|62/100|[from] Sandstorm\n|-damage|p2a: Gallade|75/100|[from] Sandstorm\n|-damage|p1a: Incineroar|95/100|[from] Sandstorm\n|-heal|p1b: Kommo-o|68/100|[from] item: Leftovers\n|upkeep\n|turn|2\n|\n|t:|1776336345\n|switch|p1a: Sinistcha|Sinistcha, L50|100/100\n|-heal|p1b: Kommo-o|92/100|[from] ability: Hospitality|[of] p1a: Sinistcha\n|move|p1b: Kommo-o|Clanging Scales|p2b: Tyranitar|[spread] p2a,p2b\n|-damage|p2a: Gallade|5/100\n|-damage|p2b: Tyranitar|58/100\n|-unboost|p1b: Kommo-o|def|1\n|move|p2b: Tyranitar|Low Kick|p1a: Sinistcha\n|-immune|p1a: Sinistcha\n|move|p2a: Gallade|Psycho Cut|p1b: Kommo-o\n|-supereffective|p1b: Kommo-o|1\n|-damage|p1b: Kommo-o|0 fnt\n|faint|p1b: Kommo-o\n|\n|-weather|Sandstorm|[upkeep]\n|-damage|p2a: Gallade|0 fnt|[from] Sandstorm\n|-damage|p1a: Sinistcha|94/100|[from] Sandstorm\n|faint|p2a: Gallade\n|upkeep\n|\n|t:|1776336368\n|switch|p2a: Garchomp|Garchomp, L50, M|100/100\n|switch|p1b: Tyranitar|Tyranitar, L50, M|100/100\n|turn|3\n|\n|t:|1776336376\n|switch|p2b: Hydreigon|Hydreigon, L50, F|100/100\n|switch|p1a: Incineroar|Incineroar, L50, M|95/100\n|-ability|p1a: Incineroar|Intimidate|boost\n|-unboost|p2a: Garchomp|atk|1\n|-unboost|p2b: Hydreigon|atk|1\n|detailschange|p2a: Garchomp|Garchomp-Mega, L50, M\n|-mega|p2a: Garchomp|Garchomp|Garchompite\n|move|p1b: Tyranitar|Low Kick|p2b: Hydreigon\n|-supereffective|p2b: Hydreigon|1\n|-enditem|p2b: Hydreigon|Chople Berry|[eat]\n|-enditem|p2b: Hydreigon|Chople Berry|[weaken]\n|-damage|p2b: Hydreigon|67/100\n|move|p2a: Garchomp|Earthquake|p1a: Incineroar|[spread] p1a,p1b\n|-immune|p2b: Hydreigon|[from] ability: Levitate\n|-supereffective|p1a: Incineroar|1\n|-enditem|p1a: Incineroar|Shuca Berry|[eat]\n|-enditem|p1a: Incineroar|Shuca Berry|[weaken]\n|-supereffective|p1b: Tyranitar|1\n|-damage|p1a: Incineroar|63/100\n|-damage|p1b: Tyranitar|23/100\n|\n|-weather|Sandstorm|[upkeep]\n|-damage|p2b: Hydreigon|61/100|[from] Sandstorm\n|-damage|p1a: Incineroar|57/100|[from] Sandstorm\n|upkeep\n|turn|4\n|\n|t:|1776336392\n|move|p2b: Hydreigon|Protect|p2b: Hydreigon\n|-singleturn|p2b: Hydreigon|Protect\n|move|p2a: Garchomp|Protect|p2a: Garchomp\n|-singleturn|p2a: Garchomp|Protect\n|move|p1a: Incineroar|Fake Out|p2a: Garchomp\n|-activate|p2a: Garchomp|move: Protect\n|move|p1b: Tyranitar|Low Kick|p2b: Hydreigon\n|-activate|p2b: Hydreigon|move: Protect\n|\n|-weather|Sandstorm|[upkeep]\n|-damage|p2b: Hydreigon|55/100|[from] Sandstorm\n|-damage|p1a: Incineroar|51/100|[from] Sandstorm\n|upkeep\n|turn|5\n|\n|t:|1776336398\n|switch|p1b: Sinistcha|Sinistcha, L50|94/100\n|-heal|p1a: Incineroar|76/100|[from] ability: Hospitality|[of] p1b: Sinistcha\n|move|p2b: Hydreigon|Helping Hand|p2a: Garchomp\n|-singleturn|p2a: Garchomp|Helping Hand|[of] p2b: Hydreigon\n|move|p2a: Garchomp|Earthquake|p1a: Incineroar|[spread] p1a,p1b\n|-immune|p2b: Hydreigon|[from] ability: Levitate\n|-supereffective|p1a: Incineroar|1\n|-resisted|p1b: Sinistcha|1\n|-damage|p1a: Incineroar|0 fnt\n|-damage|p1b: Sinistcha|62/100\n|faint|p1a: Incineroar\n|\n|-weather|none\n|upkeep\n|\n|t:|1776336408\n|switch|p1a: Tyranitar|Tyranitar, L50, M|23/100\n|-weather|Sandstorm|[from] ability: Sand Stream|[of] p1a: Tyranitar\n|turn|6\n|\n|t:|1776336413\n|move|p2b: Hydreigon|Helping Hand|p2a: Garchomp\n|-singleturn|p2a: Garchomp|Helping Hand|[of] p2b: Hydreigon\n|move|p1a: Tyranitar|Ice Punch|p2a: Garchomp\n|-supereffective|p2a: Garchomp|2\n|-damage|p2a: Garchomp|5/100\n|-status|p2a: Garchomp|frz\n|-curestatus|p2a: Garchomp|frz|[msg]\n|move|p2a: Garchomp|Earthquake|p1a: Tyranitar|[spread] p1a,p1b\n|-immune|p2b: Hydreigon|[from] ability: Levitate\n|-supereffective|p1a: Tyranitar|1\n|-resisted|p1b: Sinistcha|1\n|-damage|p1a: Tyranitar|0 fnt\n|-damage|p1b: Sinistcha|35/100\n|-enditem|p1b: Sinistcha|Sitrus Berry|[eat]\n|-heal|p1b: Sinistcha|59/100|[from] item: Sitrus Berry\n|faint|p1a: Tyranitar\n|move|p1b: Sinistcha|Life Dew|p1b: Sinistcha\n|-heal|p1b: Sinistcha|85/100\n|\n|-weather|Sandstorm|[upkeep]\n|-damage|p2b: Hydreigon|49/100|[from] Sandstorm\n|-damage|p1b: Sinistcha|79/100|[from] Sandstorm\n|upkeep\n|turn|7\n|-message|SleepyBadBoy forfeited.\n|\n|win|NathanaelW19\n|raw|SleepyBadBoy's rating: 1243 &rarr; <strong>1218</strong><br />(-25 for losing)\n|raw|NathanaelW19's rating: 1240 &rarr; <strong>1265</strong><br />(+25 for winning)\n|l|\u2606SleepyBadBoy\n|player|p1|\n",
  "uploadtime": 1776336427,
  "views": 36,
  "formatid": "gen9championsvgc2026regma",
  "rating": 1218,
  "private": 0,
  "password": null
}