{
  "id": "gen9championsvgc2026regma-2588021171",
  "format": "[Gen 9 Champions] VGC 2026 Reg M-A",
  "players": [
    "shadow82174",
    "NomDatBass"
  ],
  "log": "|j|\u2606shadow82174\n|j|\u2606NomDatBass\n|t:|1776594049\n|gametype|doubles\n|player|p1|shadow82174|2|1098\n|player|p2|NomDatBass|169|1062\n|gen|9\n|tier|[Gen 9 Champions] VGC 2026 Reg M-A\n|rated|\n|rule|Species Clause: Limit one of each Pok\u00e9mon\n|rule|Item Clause: Limit 1 of each item\n|clearpoke\n|poke|p1|Greninja, L50, M|\n|poke|p1|Pelipper, L50, F|\n|poke|p1|Basculegion, L50, M, shiny|\n|poke|p1|Manectric, L50, F|\n|poke|p1|Whimsicott, L50, M, shiny|\n|poke|p1|Sneasler, L50, M|\n|poke|p2|Gardevoir, L50, F, shiny|\n|poke|p2|Incineroar, L50, F|\n|poke|p2|Sinistcha, L50|\n|poke|p2|Kingambit, L50, M|\n|poke|p2|Rotom-Wash, L50|\n|poke|p2|Arcanine-Hisui, L50, F|\n|teampreview|4\n|inactive|Battle timer is ON: inactive players will automatically lose when time's up. (requested by shadow82174)\n|\n|t:|1776594092\n|teamsize|p1|4\n|teamsize|p2|4\n|start\n|switch|p1a: Manectric|Manectric, L50, F|100/100\n|switch|p1b: Pelipper|Pelipper, L50, F|100/100\n|switch|p2a: Kingambit|Kingambit, L50, M|100/100\n|switch|p2b: Sinistcha|Sinistcha, L50|100/100\n|-weather|RainDance|[from] ability: Drizzle|[of] p1b: Pelipper\n|turn|1\n|\n|t:|1776594116\n|move|p1a: Manectric|Flamethrower|p2a: Kingambit\n|-supereffective|p2a: Kingambit|1\n|-damage|p2a: Kingambit|72/100\n|move|p1b: Pelipper|Tailwind|p1b: Pelipper\n|-sidestart|p1: shadow82174|move: Tailwind\n|move|p2a: Kingambit|Swords Dance|p2a: Kingambit\n|-boost|p2a: Kingambit|atk|2\n|move|p2b: Sinistcha|Trick Room|p2b: Sinistcha\n|-fieldstart|move: Trick Room|[of] p2b: Sinistcha\n|\n|-weather|RainDance|[upkeep]\n|upkeep\n|turn|2\n|inactive|shadow82174 has 30 seconds left.\n|inactive|NomDatBass has 30 seconds left.\n|\n|t:|1776594145\n|move|p2b: Sinistcha|Rage Powder|p2b: Sinistcha\n|-singleturn|p2b: Sinistcha|move: Rage Powder\n|move|p2a: Kingambit|Swords Dance|p2a: Kingambit\n|-boost|p2a: Kingambit|atk|2\n|move|p1b: Pelipper|Hurricane|p2b: Sinistcha\n|-supereffective|p2b: Sinistcha|1\n|-damage|p2b: Sinistcha|25/100\n|-start|p2b: Sinistcha|confusion\n|move|p1a: Manectric|Volt Switch|p2b: Sinistcha\n|-resisted|p2b: Sinistcha|1\n|-damage|p2b: Sinistcha|13/100\n|\n|t:|1776594160\n|switch|p1a: Sneasler|Sneasler, L50, M|100/100|[from] Volt Switch\n|\n|-weather|RainDance|[upkeep]\n|upkeep\n|turn|3\n|\n|t:|1776594181\n|switch|p2b: Rotom|Rotom-Wash, L50|100/100\n|move|p2a: Kingambit|Protect|p2a: Kingambit\n|-singleturn|p2a: Kingambit|Protect\n|move|p1b: Pelipper|Hurricane|p2b: Rotom\n|-resisted|p2b: Rotom|1\n|-damage|p2b: Rotom|76/100\n|move|p1a: Sneasler|Close Combat|p2a: Kingambit\n|-activate|p2a: Kingambit|move: Protect\n|\n|-weather|RainDance|[upkeep]\n|upkeep\n|turn|4\n|inactive|shadow82174 has 30 seconds left.\n|\n|t:|1776594213\n|switch|p1b: Whimsicott|Whimsicott, L50, M, shiny|100/100\n|move|p2a: Kingambit|Iron Head|p1a: Sneasler\n|-damage|p1a: Sneasler|0 fnt\n|faint|p1a: Sneasler\n|move|p2b: Rotom|Thunderbolt|p1b: Whimsicott\n|-resisted|p1b: Whimsicott|1\n|-damage|p1b: Whimsicott|58/100\n|\n|-weather|RainDance|[upkeep]\n|-sideend|p1: shadow82174|move: Tailwind\n|upkeep\n|\n|t:|1776594227\n|switch|p1a: Manectric|Manectric, L50, F|100/100\n|turn|5\n|inactive|shadow82174 has 30 seconds left.\n|\n|t:|1776594258\n|switch|p2b: Sinistcha|Sinistcha, L50|13/100\n|-heal|p2a: Kingambit|97/100|[from] ability: Hospitality|[of] p2b: Sinistcha\n|detailschange|p1a: Manectric|Manectric-Mega, L50, F\n|-mega|p1a: Manectric|Manectric|Manectite\n|-ability|p1a: Manectric|Intimidate|boost\n|-unboost|p2a: Kingambit|atk|1\n|-ability|p2a: Kingambit|Defiant|boost\n|-boost|p2a: Kingambit|atk|2\n|-unboost|p2b: Sinistcha|atk|1\n|move|p1b: Whimsicott|Protect|p1b: Whimsicott\n|-singleturn|p1b: Whimsicott|Protect\n|move|p2a: Kingambit|Iron Head|p1b: Whimsicott\n|-activate|p1b: Whimsicott|move: Protect\n|move|p1a: Manectric|Flamethrower|p2a: Kingambit\n|-supereffective|p2a: Kingambit|1\n|-damage|p2a: Kingambit|66/100\n|\n|-weather|none\n|-fieldend|move: Trick Room\n|upkeep\n|turn|6\n|inactive|shadow82174 has 30 seconds left.\n|inactive|NomDatBass has 30 seconds left.\n|inactive|NomDatBass has 20 seconds left.\n|inactive|NomDatBass has 15 seconds left.\n|\n|t:|1776594300\n|move|p2b: Sinistcha|Rage Powder|p2b: Sinistcha\n|-singleturn|p2b: Sinistcha|move: Rage Powder\n|move|p1b: Whimsicott|Tailwind|p1b: Whimsicott\n|-sidestart|p1: shadow82174|move: Tailwind\n|move|p1a: Manectric|Flamethrower|p2b: Sinistcha\n|-supereffective|p2b: Sinistcha|1\n|-damage|p2b: Sinistcha|0 fnt\n|faint|p2b: Sinistcha\n|move|p2a: Kingambit|Iron Head|p1a: Manectric\n|-resisted|p1a: Manectric|1\n|-damage|p1a: Manectric|0 fnt\n|faint|p1a: Manectric\n|\n|upkeep\n|\n|t:|1776594315\n|switch|p1a: Pelipper|Pelipper, L50, F|100/100\n|switch|p2b: Rotom|Rotom-Wash, L50|76/100\n|-weather|RainDance|[from] ability: Drizzle|[of] p1a: Pelipper\n|turn|7\n|\n|t:|1776594330\n|move|p1b: Whimsicott|Moonblast|p2b: Rotom\n|-damage|p2b: Rotom|48/100\n|move|p1a: Pelipper|Weather Ball|p2a: Kingambit\n|-damage|p2a: Kingambit|5/100\n|move|p2b: Rotom|Thunderbolt|p1a: Pelipper\n|-supereffective|p1a: Pelipper|2\n|-enditem|p1a: Pelipper|Focus Sash\n|-damage|p1a: Pelipper|1/100\n|move|p2a: Kingambit|Iron Head|p1b: Whimsicott\n|-supereffective|p1b: Whimsicott|1\n|-damage|p1b: Whimsicott|0 fnt\n|faint|p1b: Whimsicott\n|\n|-weather|RainDance|[upkeep]\n|upkeep\n|turn|8\n|\n|t:|1776594351\n|move|p2a: Kingambit|Sucker Punch|p1a: Pelipper\n|-damage|p1a: Pelipper|0 fnt\n|faint|p1a: Pelipper\n|\n|win|NomDatBass\n|raw|shadow82174's rating: 1098 &rarr; <strong>1071</strong><br />(-27 for losing)\n|raw|NomDatBass's rating: 1062 &rarr; <strong>1096</strong><br />(+34 for winning)\n|l|\u2606NomDatBass\n|player|p2|\n",
  "uploadtime": 1776594363,
  "views": 10,
  "formatid": "gen9championsvgc2026regma",
  "rating": 1071,
  "private": 0,
  "password": null
}