{
  "id": "gen9championsvgc2026regma-2583094805",
  "format": "[Gen 9 Champions] VGC 2026 Reg M-A",
  "players": [
    "Motherfuck ICE",
    "Dondragonite"
  ],
  "log": "|j|\u2606Motherfuck ICE\n|j|\u2606Dondragonite\n|t:|1776141365\n|gametype|doubles\n|player|p1|Motherfuck ICE|workerice|1092\n|player|p2|Dondragonite|169|1112\n|gen|9\n|tier|[Gen 9 Champions] VGC 2026 Reg M-A\n|rated|\n|rule|Species Clause: Limit one of each Pok\u00e9mon\n|rule|Item Clause: Limit 1 of each item\n|clearpoke\n|poke|p1|Tyranitar, L50, F|\n|poke|p1|Aerodactyl, L50, F|\n|poke|p1|Excadrill, L50, M|\n|poke|p1|Sinistcha, L50|\n|poke|p1|Rotom-Wash, L50|\n|poke|p1|Sneasler, L50, F|\n|poke|p2|Slowbro-Galar, L50, M|\n|poke|p2|Ampharos, L50, F|\n|poke|p2|Chesnaught, L50, M|\n|poke|p2|Arcanine, L50, M|\n|poke|p2|Dragonite, L50, F|\n|poke|p2|Milotic, L50, F|\n|teampreview|4\nDondragonite rejected open team sheets.\n|inactive|Battle timer is ON: inactive players will automatically lose when time's up. (requested by Motherfuck ICE)\n|\n|t:|1776141420\n|teamsize|p1|4\n|teamsize|p2|4\n|start\n|switch|p1a: Tyranitar|Tyranitar, L50, F, shiny|100/100\n|switch|p1b: Aerodactyl|Aerodactyl, L50, F|100/100\n|switch|p2a: Milotic|Milotic, L50, F|100/100\n|switch|p2b: Arcanine|Arcanine, L50, M|100/100\n|-ability|p1b: Aerodactyl|Unnerve\n|-ability|p2b: Arcanine|Intimidate|boost\n|-unboost|p1a: Tyranitar|atk|1\n|-unboost|p1b: Aerodactyl|atk|1\n|-weather|Sandstorm|[from] ability: Sand Stream|[of] p1a: Tyranitar\n|turn|1\n|inactive|Dondragonite has 30 seconds left.\n|\n|t:|1776141447\n|switch|p1a: Rotom|Rotom-Wash, L50|100/100\n|move|p1b: Aerodactyl|Tailwind|p1b: Aerodactyl\n|-sidestart|p1: Motherfuck ICE|move: Tailwind\n|move|p2b: Arcanine|Close Combat|p1a: Rotom\n|-damage|p1a: Rotom|75/100\n|-unboost|p2b: Arcanine|def|1\n|-unboost|p2b: Arcanine|spd|1\n|-enditem|p2b: Arcanine|White Herb\n|-clearnegativeboost|p2b: Arcanine|[silent]\n|move|p2a: Milotic|Muddy Water|p1a: Rotom|[spread] p1a\n|-miss|p2a: Milotic|p1b: Aerodactyl\n|-resisted|p1a: Rotom|1\n|-damage|p1a: Rotom|63/100\n|\n|-weather|Sandstorm|[upkeep]\n|-damage|p1a: Rotom|57/100|[from] Sandstorm\n|-damage|p2b: Arcanine|94/100|[from] Sandstorm\n|-damage|p2a: Milotic|94/100|[from] Sandstorm\n|-heal|p1a: Rotom|63/100|[from] item: Leftovers\n|-heal|p2a: Milotic|100/100|[from] item: Leftovers\n|upkeep\n|turn|2\n|inactive|Dondragonite has 30 seconds left.\n|\n|t:|1776141478\n|switch|p2b: Slowbro|Slowbro-Galar, L50, M|100/100\n|move|p2a: Milotic|Protect|p2a: Milotic\n|-singleturn|p2a: Milotic|Protect\n|move|p1b: Aerodactyl|Earthquake|p2a: Milotic|[spread] p2b\n|-activate|p2a: Milotic|move: Protect\n|-immune|p1a: Rotom|[from] ability: Levitate\n|-supereffective|p2b: Slowbro|1\n|-damage|p2b: Slowbro|79/100\n|move|p1a: Rotom|Hydro Pump|p2b: Slowbro\n|-damage|p2b: Slowbro|49/100\n|\n|-weather|Sandstorm|[upkeep]\n|-damage|p1a: Rotom|57/100|[from] Sandstorm\n|-damage|p2a: Milotic|94/100|[from] Sandstorm\n|-damage|p2b: Slowbro|43/100|[from] Sandstorm\n|-heal|p1a: Rotom|63/100|[from] item: Leftovers\n|-heal|p2a: Milotic|100/100|[from] item: Leftovers\n|upkeep\n|turn|3\n|inactive|Motherfuck ICE has 30 seconds left.\n|inactive|Motherfuck ICE has 20 seconds left.\n|inactive|Motherfuck ICE has 15 seconds left.\n|\n|t:|1776141523\n|move|p1a: Rotom|Protect|p1a: Rotom\n|-singleturn|p1a: Rotom|Protect\n|move|p1b: Aerodactyl|Earthquake|p2b: Slowbro|[spread] p2a,p2b\n|-activate|p1a: Rotom|move: Protect\n|-supereffective|p2b: Slowbro|1\n|-damage|p2a: Milotic|91/100\n|-damage|p2b: Slowbro|21/100\n|move|p2a: Milotic|Muddy Water|p1b: Aerodactyl|[spread] p1b\n|-activate|p1a: Rotom|move: Protect\n|-supereffective|p1b: Aerodactyl|1\n|-damage|p1b: Aerodactyl|62/100\n|move|p2b: Slowbro|Trick Room|p2b: Slowbro\n|-fieldstart|move: Trick Room|[of] p2b: Slowbro\n|\n|-weather|Sandstorm|[upkeep]\n|-damage|p2b: Slowbro|15/100|[from] Sandstorm\n|-damage|p2a: Milotic|85/100|[from] Sandstorm\n|-damage|p1a: Rotom|57/100|[from] Sandstorm\n|-heal|p2a: Milotic|91/100|[from] item: Leftovers\n|-heal|p1a: Rotom|63/100|[from] item: Leftovers\n|upkeep\n|turn|4\n|inactive|Dondragonite has 30 seconds left.\n|\n|t:|1776141550\n|switch|p2b: Arcanine|Arcanine, L50, M|94/100\n|-ability|p2b: Arcanine|Intimidate|boost\n|-unboost|p1a: Rotom|atk|1\n|-unboost|p1b: Aerodactyl|atk|1\n|move|p2a: Milotic|Muddy Water|p1b: Aerodactyl|[spread] p1a,p1b\n|-resisted|p1a: Rotom|1\n|-supereffective|p1b: Aerodactyl|1\n|-damage|p1a: Rotom|50/100\n|-damage|p1b: Aerodactyl|26/100\n|move|p1a: Rotom|Hydro Pump|p2b: Arcanine\n|-supereffective|p2b: Arcanine|1\n|-damage|p2b: Arcanine|27/100\n|move|p1b: Aerodactyl|Earthquake|p2a: Milotic|[spread] p2a,p2b\n|-immune|p1a: Rotom|[from] ability: Levitate\n|-supereffective|p2b: Arcanine|1\n|-damage|p2a: Milotic|84/100\n|-damage|p2b: Arcanine|8/100\n|\n|-weather|Sandstorm|[upkeep]\n|-damage|p2a: Milotic|78/100|[from] Sandstorm\n|-damage|p2b: Arcanine|2/100|[from] Sandstorm\n|-damage|p1a: Rotom|44/100|[from] Sandstorm\n|-heal|p2a: Milotic|84/100|[from] item: Leftovers\n|-heal|p1a: Rotom|50/100|[from] item: Leftovers\n|-sideend|p1: Motherfuck ICE|move: Tailwind\n|upkeep\n|turn|5\n|inactive|Motherfuck ICE has 30 seconds left.\n|\n|t:|1776141577\n|move|p1b: Aerodactyl|Protect|p1b: Aerodactyl\n|-singleturn|p1b: Aerodactyl|Protect\n|move|p2a: Milotic|Muddy Water|p1b: Aerodactyl|[spread] p1a\n|-activate|p1b: Aerodactyl|move: Protect\n|-resisted|p1a: Rotom|1\n|-damage|p1a: Rotom|37/100\n|-unboost|p1a: Rotom|accuracy|1\n|move|p2b: Arcanine|Close Combat|p1a: Rotom\n|-damage|p1a: Rotom|11/100\n|-unboost|p2b: Arcanine|def|1\n|-unboost|p2b: Arcanine|spd|1\n|move|p1a: Rotom|Volt Switch|p2a: Milotic\n|-supereffective|p2a: Milotic|1\n|-damage|p2a: Milotic|45/100\n|\n|t:|1776141598\n|switch|p1a: Excadrill|Excadrill, L50, M, shiny|100/100|[from] Volt Switch\n|\n|-weather|none\n|-heal|p2a: Milotic|51/100|[from] item: Leftovers\n|upkeep\n|turn|6\n|\n|t:|1776141621\n|switch|p1a: Rotom|Rotom-Wash, L50|11/100\n|move|p2a: Milotic|Muddy Water|p1b: Aerodactyl|[spread] p1b\n|-miss|p2a: Milotic|p1a: Rotom\n|-supereffective|p1b: Aerodactyl|1\n|-damage|p1b: Aerodactyl|0 fnt\n|faint|p1b: Aerodactyl\n|move|p2b: Arcanine|Heat Wave|p1a: Rotom\n|-resisted|p1a: Rotom|1\n|-damage|p1a: Rotom|0 fnt\n|faint|p1a: Rotom\n|\n|-heal|p2a: Milotic|57/100|[from] item: Leftovers\n|upkeep\n|\n|t:|1776141628\n|switch|p1a: Tyranitar|Tyranitar, L50, F, shiny|100/100\n|switch|p1b: Excadrill|Excadrill, L50, M, shiny|100/100\n|-weather|Sandstorm|[from] ability: Sand Stream|[of] p1a: Tyranitar\n|turn|7\n|\n|t:|1776141668\n|detailschange|p1a: Tyranitar|Tyranitar-Mega, L50, F, shiny\n|-mega|p1a: Tyranitar|Tyranitar|Tyranitarite\n|move|p1a: Tyranitar|Rock Slide|p2b: Arcanine|[spread] p2a,p2b\n|-supereffective|p2b: Arcanine|1\n|-damage|p2a: Milotic|34/100\n|-damage|p2b: Arcanine|0 fnt\n|faint|p2b: Arcanine\n|cant|p2a: Milotic|flinch\n|move|p1b: Excadrill|Rock Slide|p2a: Milotic\n|-damage|p2a: Milotic|8/100\n|\n|-weather|Sandstorm|[upkeep]\n|-damage|p2a: Milotic|2/100|[from] Sandstorm\n|-heal|p2a: Milotic|8/100|[from] item: Leftovers\n|-fieldend|move: Trick Room\n|upkeep\n|\n|t:|1776141684\n|switch|p2b: Chesnaught|Chesnaught, L50, M|100/100\n|turn|8\n|\n|t:|1776141699\n|detailschange|p2b: Chesnaught|Chesnaught-Mega, L50, M\n|-mega|p2b: Chesnaught|Chesnaught|Chesnaughtite\n|move|p1a: Tyranitar|Protect|p1a: Tyranitar\n|-singleturn|p1a: Tyranitar|Protect\n|move|p1b: Excadrill|Rock Slide|p2b: Chesnaught|[spread] p2a,p2b\n|-resisted|p2b: Chesnaught|1\n|-damage|p2a: Milotic|0 fnt\n|-damage|p2b: Chesnaught|92/100\n|faint|p2a: Milotic\n|move|p2b: Chesnaught|Drain Punch|p1a: Tyranitar\n|-activate|p1a: Tyranitar|move: Protect\n|\n|-weather|Sandstorm|[upkeep]\n|-damage|p2b: Chesnaught|86/100|[from] Sandstorm\n|upkeep\n|\n|t:|1776141707\n|switch|p2a: Slowbro|Slowbro-Galar, L50, M|48/100\n|turn|9\n|\n|t:|1776141727\n|move|p1b: Excadrill|Rock Slide|p2b: Chesnaught|[spread] p2a,p2b\n|-resisted|p2b: Chesnaught|1\n|-damage|p2a: Slowbro|24/100\n|-damage|p2b: Chesnaught|77/100\n|move|p1a: Tyranitar|Rock Slide|p2a: Slowbro|[spread] p2a,p2b\n|-resisted|p2b: Chesnaught|1\n|-damage|p2a: Slowbro|0 fnt\n|-damage|p2b: Chesnaught|69/100\n|faint|p2a: Slowbro\n|cant|p2b: Chesnaught|flinch\n|\n|-weather|Sandstorm|[upkeep]\n|-damage|p2b: Chesnaught|63/100|[from] Sandstorm\n|upkeep\n|turn|10\n|\n|t:|1776141747\n|move|p1b: Excadrill|Rock Slide|p2b: Chesnaught\n|-resisted|p2b: Chesnaught|1\n|-damage|p2b: Chesnaught|51/100\n|move|p1a: Tyranitar|Low Kick|p2b: Chesnaught\n|-damage|p2b: Chesnaught|34/100\n|cant|p2b: Chesnaught|flinch\n|\n|-weather|Sandstorm|[upkeep]\n|-damage|p2b: Chesnaught|28/100|[from] Sandstorm\n|upkeep\n|turn|11\n|\n|t:|1776141756\n|move|p1b: Excadrill|Rock Slide|p2b: Chesnaught\n|-resisted|p2b: Chesnaught|1\n|-damage|p2b: Chesnaught|17/100\n|move|p1a: Tyranitar|Low Kick|p2b: Chesnaught\n|-damage|p2b: Chesnaught|1/100\n|cant|p2b: Chesnaught|flinch\n|\n|-weather|none\n|upkeep\n|turn|12\n|inactive|Dondragonite has 30 seconds left.\n|\n|t:|1776141782\n|move|p1b: Excadrill|Rock Slide|p2b: Chesnaught\n|-resisted|p2b: Chesnaught|1\n|-damage|p2b: Chesnaught|0 fnt\n|faint|p2b: Chesnaught\n|\n|win|Motherfuck ICE\n|raw|Motherfuck ICE's rating: 1092 &rarr; <strong>1120</strong><br />(+28 for winning)\n|raw|Dondragonite's rating: 1112 &rarr; <strong>1086</strong><br />(-26 for losing)\n|l|\u2606Dondragonite\n|player|p2|\n",
  "uploadtime": 1776141950,
  "views": 19,
  "formatid": "gen9championsvgc2026regma",
  "rating": 1086,
  "private": 0,
  "password": null
}