{
  "id": "gen9championsvgc2026regma-2586107628",
  "format": "[Gen 9 Champions] VGC 2026 Reg M-A",
  "players": [
    "unranked ladder",
    "Jokamenis"
  ],
  "log": "|j|\u2606unranked ladder\n|j|\u2606Jokamenis\n|t:|1776399880\n|gametype|doubles\n|player|p1|unranked ladder|nessa-masters|1111\n|player|p2|Jokamenis|265|1095\n|gen|9\n|tier|[Gen 9 Champions] VGC 2026 Reg M-A\n|rated|\n|rule|Species Clause: Limit one of each Pok\u00e9mon\n|rule|Item Clause: Limit 1 of each item\n|clearpoke\n|poke|p1|Incineroar, L50, M|\n|poke|p1|Floette-Eternal, L50, F|\n|poke|p1|Aerodactyl, L50, M|\n|poke|p1|Garchomp, L50, F|\n|poke|p1|Sneasler, L50, M|\n|poke|p1|Basculegion, L50, M|\n|poke|p2|Scovillain, L50, M|\n|poke|p2|Dragapult, L50, F|\n|poke|p2|Sinistcha, L50|\n|poke|p2|Hawlucha, L50, F|\n|poke|p2|Scizor, L50, F|\n|poke|p2|Milotic, L50, M|\n|teampreview|4\n|\n|t:|1776399913\n|teamsize|p1|4\n|teamsize|p2|4\n|start\n|switch|p1a: Floette|Floette-Eternal, L50, F|100/100\n|switch|p1b: Aerodactyl|Aerodactyl, L50, M, shiny|100/100\n|switch|p2a: Scovillain|Scovillain, L50, M|100/100\n|switch|p2b: Milotic|Milotic, L50, M|100/100\n|-ability|p1b: Aerodactyl|Unnerve\n|turn|1\n|\n|t:|1776399933\n|switch|p2b: Scizor|Scizor, L50, F|100/100\n|detailschange|p1a: Floette|Floette-Mega, L50, F\n|-mega|p1a: Floette|Floette|Floettite\n|-ability|p1a: Floette|Fairy Aura\n|move|p1b: Aerodactyl|Tailwind|p1b: Aerodactyl\n|-sidestart|p1: unranked ladder|move: Tailwind\n|move|p1a: Floette|Moonblast|p2a: Scovillain\n|-resisted|p2a: Scovillain|1\n|-damage|p2a: Scovillain|52/100\n|move|p2a: Scovillain|Spicy Extract|p2b: Scizor\n|-boost|p2b: Scizor|atk|2\n|-unboost|p2b: Scizor|def|2\n|\n|-ability|p2a: Scovillain|Moody|boost\n|-boost|p2a: Scovillain|spe|2\n|-unboost|p2a: Scovillain|spd|1\n|upkeep\n|turn|2\n|\n|t:|1776399968\n|switch|p1a: Incineroar|Incineroar, L50, M, shiny|100/100\n|-ability|p1a: Incineroar|Intimidate|boost\n|-unboost|p2a: Scovillain|atk|1\n|-unboost|p2b: Scizor|atk|1\n|move|p2a: Scovillain|Protect|p2a: Scovillain\n|-singleturn|p2a: Scovillain|Protect\n|move|p2b: Scizor|Bullet Punch|p1b: Aerodactyl\n|-supereffective|p1b: Aerodactyl|1\n|-enditem|p1b: Aerodactyl|Focus Sash\n|-damage|p1b: Aerodactyl|1/100\n|move|p1b: Aerodactyl|Rock Slide|p2b: Scizor|[spread] p2b\n|-activate|p2a: Scovillain|move: Protect\n|-damage|p2b: Scizor|48/100\n|\n|-ability|p2a: Scovillain|Moody|boost\n|-boost|p2a: Scovillain|def|2\n|-unboost|p2a: Scovillain|spe|1\n|upkeep\n|turn|3\n|\n|t:|1776400012\n|switch|p2b: Milotic|Milotic, L50, M|100/100\n|move|p1a: Incineroar|Fake Out|p2b: Milotic\n|-damage|p2b: Milotic|87/100\n|move|p1b: Aerodactyl|Rock Slide|p2b: Milotic|[spread] p2a,p2b\n|-supereffective|p2a: Scovillain|1\n|-damage|p2a: Scovillain|24/100\n|-damage|p2b: Milotic|53/100\n|cant|p2a: Scovillain|flinch\n|\n|-ability|p2a: Scovillain|Moody|boost\n|-boost|p2a: Scovillain|spd|2\n|-unboost|p2a: Scovillain|def|1\n|upkeep\n|turn|4\n|\n|t:|1776400042\n|move|p1b: Aerodactyl|Protect|p1b: Aerodactyl\n|-singleturn|p1b: Aerodactyl|Protect\n|move|p2a: Scovillain|Protect|p2a: Scovillain\n|-singleturn|p2a: Scovillain|Protect\n|move|p2b: Milotic|Protect|p2b: Milotic\n|-singleturn|p2b: Milotic|Protect\n|move|p1a: Incineroar|Throat Chop|p2b: Milotic\n|-activate|p2b: Milotic|move: Protect\n|\n|-sideend|p1: unranked ladder|move: Tailwind\n|-ability|p2a: Scovillain|Moody|boost\n|-boost|p2a: Scovillain|spd|2\n|-unboost|p2a: Scovillain|spa|1\n|upkeep\n|turn|5\n|\n|t:|1776400080\n|switch|p1a: Floette|Floette-Mega, L50, F|100/100\n|-ability|p1a: Floette|Fairy Aura\n|detailschange|p2a: Scovillain|Scovillain-Mega, L50, M\n|-mega|p2a: Scovillain|Scovillain|Scovillainite\n|move|p2a: Scovillain|Rage Powder|p2a: Scovillain\n|-singleturn|p2a: Scovillain|move: Rage Powder\n|move|p1b: Aerodactyl|Tailwind|p1b: Aerodactyl\n|-sidestart|p1: unranked ladder|move: Tailwind\n|move|p2b: Milotic|Surf|p1a: Floette|[spread] p2a,p1a,p1b\n|-supereffective|p1b: Aerodactyl|1\n|-damage|p2a: Scovillain|13/100\n|-damage|p1a: Floette|78/100\n|-damage|p1b: Aerodactyl|0 fnt\n|-status|p2b: Milotic|brn|[from] ability: Spicy Spray|[of] p2a: Scovillain\n|faint|p1b: Aerodactyl\n|\n|-damage|p2b: Milotic|48/100 brn|[from] brn\n|upkeep\n|-enditem|p2b: Milotic|Sitrus Berry|[eat]\n|-heal|p2b: Milotic|73/100 brn|[from] item: Sitrus Berry\n|\n|t:|1776400094\n|switch|p1b: Incineroar|Incineroar, L50, M, shiny|100/100\n|-ability|p1b: Incineroar|Intimidate|boost\n|-unboost|p2a: Scovillain|atk|1\n|-unboost|p2b: Milotic|atk|1\n|turn|6\n|\n|t:|1776400114\n|move|p1b: Incineroar|Fake Out|p2b: Milotic\n|-damage|p2b: Milotic|63/100 brn\n|move|p2a: Scovillain|Rage Powder|p2a: Scovillain\n|-singleturn|p2a: Scovillain|move: Rage Powder\n|move|p1a: Floette|Dazzling Gleam|p2a: Scovillain|[spread] p2a,p2b\n|-resisted|p2a: Scovillain|1\n|-damage|p2a: Scovillain|3/100\n|-damage|p2b: Milotic|17/100 brn\n|-status|p1a: Floette|brn|[from] ability: Spicy Spray|[of] p2a: Scovillain\n|cant|p2b: Milotic|flinch\n|\n|-damage|p1a: Floette|72/100 brn|[from] brn\n|-damage|p2b: Milotic|11/100 brn|[from] brn\n|upkeep\n|turn|7\n|\n|t:|1776400146\n|switch|p1b: Basculegion|Basculegion, L50, M, shiny|100/100\n|switch|p2b: Sinistcha|Sinistcha, L50|100/100\n|-heal|p2a: Scovillain|28/100|[from] ability: Hospitality|[of] p2b: Sinistcha\n|move|p2a: Scovillain|Protect|p2a: Scovillain\n|-singleturn|p2a: Scovillain|Protect\n|move|p1a: Floette|Dazzling Gleam|p2a: Scovillain|[spread] p2b\n|-activate|p2a: Scovillain|move: Protect\n|-damage|p2b: Sinistcha|41/100\n|\n|-heal|p2b: Sinistcha|47/100|[from] item: Leftovers\n|-damage|p1a: Floette|66/100 brn|[from] brn\n|upkeep\n|turn|8\n|\n|t:|1776400175\n|switch|p1b: Incineroar|Incineroar, L50, M, shiny|100/100\n|-ability|p1b: Incineroar|Intimidate|boost\n|-unboost|p2a: Scovillain|atk|1\n|-unboost|p2b: Sinistcha|atk|1\n|move|p2b: Sinistcha|Protect|p2b: Sinistcha\n|-singleturn|p2b: Sinistcha|Protect\n|move|p1a: Floette|Moonblast|p2a: Scovillain\n|-resisted|p2a: Scovillain|1\n|-damage|p2a: Scovillain|11/100\n|move|p2a: Scovillain|Overheat|p1a: Floette\n|-damage|p1a: Floette|37/100 brn\n|-unboost|p2a: Scovillain|spa|2\n|\n|-heal|p2b: Sinistcha|53/100|[from] item: Leftovers\n|-damage|p1a: Floette|31/100 brn|[from] brn\n|-sideend|p1: unranked ladder|move: Tailwind\n|upkeep\n|turn|9\n|\n|t:|1776400230\n|move|p2a: Scovillain|Protect|p2a: Scovillain\n|-singleturn|p2a: Scovillain|Protect\n|move|p1a: Floette|Moonblast|p2a: Scovillain\n|-activate|p2a: Scovillain|move: Protect\n|move|p2b: Sinistcha|Hex|p1a: Floette\n|-damage|p1a: Floette|0 fnt\n|faint|p1a: Floette\n|move|p1b: Incineroar|Flare Blitz|p2b: Sinistcha\n|-supereffective|p2b: Sinistcha|1\n|-damage|p2b: Sinistcha|0 fnt\n|faint|p2b: Sinistcha\n|-damage|p1b: Incineroar|85/100|[from] Recoil\n|\n|upkeep\n|\n|t:|1776400247\n|switch|p1a: Basculegion|Basculegion, L50, M, shiny|100/100\n|switch|p2b: Scizor|Scizor, L50, F|48/100\n|turn|10\n|\n|t:|1776400263\n|move|p2a: Scovillain|Rage Powder|p2a: Scovillain\n|-singleturn|p2a: Scovillain|move: Rage Powder\n|move|p1a: Basculegion|Last Respects|p2a: Scovillain\n|-damage|p2a: Scovillain|0 fnt\n|-status|p1a: Basculegion|brn|[from] ability: Spicy Spray|[of] p2a: Scovillain\n|faint|p2a: Scovillain\n|move|p2b: Scizor|Trailblaze|p1a: Basculegion\n|-supereffective|p1a: Basculegion|1\n|-damage|p1a: Basculegion|25/100 brn\n|-boost|p2b: Scizor|spe|1\n|move|p1b: Incineroar|Flare Blitz|p2b: Scizor\n|-supereffective|p2b: Scizor|2\n|-damage|p2b: Scizor|0 fnt\n|faint|p2b: Scizor\n|-damage|p1b: Incineroar|72/100|[from] Recoil\n|\n|-damage|p1a: Basculegion|18/100 brn|[from] brn\n|upkeep\n|\n|t:|1776400281\n|switch|p2a: Milotic|Milotic, L50, M|11/100 brn\n|turn|11\n|\n|t:|1776400288\n|move|p1a: Basculegion|Last Respects|p2a: Milotic\n|-damage|p2a: Milotic|0 fnt\n|faint|p2a: Milotic\n|\n|win|unranked ladder\n|raw|unranked ladder's rating: 1111 &rarr; <strong>1135</strong><br />(+24 for winning)\n|raw|Jokamenis's rating: 1095 &rarr; <strong>1072</strong><br />(-23 for losing)\n|l|\u2606Jokamenis\n|player|p2|\n",
  "uploadtime": 1776400295,
  "views": 15,
  "formatid": "gen9championsvgc2026regma",
  "rating": 1072,
  "private": 0,
  "password": null
}