{
  "id": "gen9championsvgc2026regma-2588753773",
  "format": "[Gen 9 Champions] VGC 2026 Reg M-A",
  "players": [
    "Lord SaberGX",
    "PsquareGames"
  ],
  "log": "|j|\u2606Lord SaberGX\n|j|\u2606PsquareGames\n|t:|1776666355\n|gametype|doubles\n|player|p1|Lord SaberGX|ghetsis|1068\n|player|p2|PsquareGames|lance-gen3|1100\n|gen|9\n|tier|[Gen 9 Champions] VGC 2026 Reg M-A\n|rated|\n|rule|Species Clause: Limit one of each Pok\u00e9mon\n|rule|Item Clause: Limit 1 of each item\n|clearpoke\n|poke|p1|Blastoise, L50, M|\n|poke|p1|Pelipper, L50, F|\n|poke|p1|Sneasler, L50, F|\n|poke|p1|Garchomp, L50, M|\n|poke|p1|Kingambit, L50, M|\n|poke|p1|Slowbro, L50, M|\n|poke|p2|Gengar, L50, F|\n|poke|p2|Sneasler, L50, F|\n|poke|p2|Incineroar, L50, F, shiny|\n|poke|p2|Garchomp, L50, M|\n|poke|p2|Aerodactyl, L50, M|\n|poke|p2|Archaludon, L50, F, shiny|\n|teampreview|4\n|inactive|Battle timer is ON: inactive players will automatically lose when time's up. (requested by Lord SaberGX)\nPsquareGames has agreed to open team sheets.\n|\n|t:|1776666377\n|teamsize|p1|4\n|teamsize|p2|4\n|start\n|switch|p1a: Blastoise|Blastoise, L50, M|100/100\n|switch|p1b: Slowbro|Slowbro, L50, M|100/100\n|switch|p2a: Gengayyy|Gengar, L50, F|100/100\n|switch|p2b: Chembur|Archaludon, L50, F, shiny|100/100\n|turn|1\n|\n|t:|1776666392\n|detailschange|p2a: Gengayyy|Gengar-Mega, L50, F\n|-mega|p2a: Gengayyy|Gengar|Gengarite\n|move|p1a: Blastoise|Protect|p1a: Blastoise\n|-singleturn|p1a: Blastoise|Protect\n|move|p2a: Gengayyy|Shadow Ball|p1b: Slowbro\n|-supereffective|p1b: Slowbro|1\n|-damage|p1b: Slowbro|22/100\n|-unboost|p1b: Slowbro|spd|1\n|move|p2b: Chembur|Thunderbolt|p1a: Blastoise\n|-activate|p1a: Blastoise|move: Protect\n|move|p1b: Slowbro|Trick Room|p1b: Slowbro\n|-fieldstart|move: Trick Room|[of] p1b: Slowbro\n|\n|-heal|p1b: Slowbro|28/100|[from] item: Leftovers\n|upkeep\n|turn|2\n|\n|t:|1776666410\n|detailschange|p1a: Blastoise|Blastoise-Mega, L50, M\n|-mega|p1a: Blastoise|Blastoise|Blastoisinite\n|move|p2a: Gengayyy|Protect|p2a: Gengayyy\n|-singleturn|p2a: Gengayyy|Protect\n|move|p1b: Slowbro|Icy Wind|p2a: Gengayyy|[spread] p2b\n|-activate|p2a: Gengayyy|move: Protect\n|-damage|p2b: Chembur|91/100\n|-unboost|p2b: Chembur|spe|1\n|-ability|p2b: Chembur|Stamina|boost\n|-boost|p2b: Chembur|def|1\n|move|p2b: Chembur|Thunderbolt|p1a: Blastoise\n|-supereffective|p1a: Blastoise|1\n|-damage|p1a: Blastoise|33/100\n|move|p1a: Blastoise|Water Spout|p2a: Gengayyy|[spread] p2b\n|-activate|p2a: Gengayyy|move: Protect\n|-resisted|p2b: Chembur|1\n|-damage|p2b: Chembur|80/100\n|-ability|p2b: Chembur|Stamina|boost\n|-boost|p2b: Chembur|def|1\n|\n|-heal|p1b: Slowbro|34/100|[from] item: Leftovers\n|-heal|p2b: Chembur|86/100|[from] item: Leftovers\n|upkeep\n|turn|3\n|inactive|PsquareGames has 30 seconds left.\n|\n|t:|1776666439\n|switch|p2a: Dr. Saahab|Sneasler, L50, F|100/100\n|move|p1a: Blastoise|Protect|p1a: Blastoise\n|-singleturn|p1a: Blastoise|Protect\n|move|p1b: Slowbro|Heal Pulse|p1a: Blastoise\n|-activate|p1a: Blastoise|move: Protect\n|move|p2b: Chembur|Thunderbolt|p1a: Blastoise\n|-activate|p1a: Blastoise|move: Protect\n|\n|-heal|p1b: Slowbro|40/100|[from] item: Leftovers\n|-heal|p2b: Chembur|92/100|[from] item: Leftovers\n|upkeep\n|turn|4\n|\n|t:|1776666459\n|switch|p1a: Kingambit|Kingambit, L50, M|100/100\n|move|p2a: Dr. Saahab|Fake Out|p1a: Kingambit\n|-resisted|p1a: Kingambit|1\n|-damage|p1a: Kingambit|95/100\n|move|p1b: Slowbro|Scald|p2a: Dr. Saahab\n|-damage|p2a: Dr. Saahab|66/100\n|move|p2b: Chembur|Thunderbolt|p1b: Slowbro\n|-supereffective|p1b: Slowbro|1\n|-damage|p1b: Slowbro|0 fnt\n|faint|p1b: Slowbro\n|\n|-heal|p2b: Chembur|98/100|[from] item: Leftovers\n|upkeep\n|\n|t:|1776666470\n|switch|p1b: Sneasler|Sneasler, L50, F|100/100\n|turn|5\n|\n|t:|1776666486\n|move|p2a: Dr. Saahab|Protect|p2a: Dr. Saahab\n|-singleturn|p2a: Dr. Saahab|Protect\n|move|p1a: Kingambit|Sucker Punch||[still]\n|-fail|p1a: Kingambit\n|move|p2b: Chembur|Draco Meteor|p1b: Sneasler\n|-damage|p1b: Sneasler|0 fnt\n|-unboost|p2b: Chembur|spa|2\n|faint|p1b: Sneasler\n|\n|-heal|p2b: Chembur|100/100|[from] item: Leftovers\n|-fieldend|move: Trick Room\n|upkeep\n|-message|Lord SaberGX forfeited.\n|\n|win|PsquareGames\n|raw|Lord SaberGX's rating: 1068 &rarr; <strong>1050</strong><br />(-18 for losing)\n|raw|PsquareGames's rating: 1100 &rarr; <strong>1123</strong><br />(+23 for winning)\n|l|\u2606Lord SaberGX\n|player|p1|\n|l|\u2606PsquareGames\n|player|p2|\n|j|\u2606PsquareGames\n|player|p2|PsquareGames|lance-gen3|\n",
  "uploadtime": 1776666627,
  "views": 11,
  "formatid": "gen9championsvgc2026regma",
  "rating": 1050,
  "private": 0,
  "password": null
}