{
  "id": "gen9championsvgc2026regma-2582193900",
  "format": "[Gen 9 Champions] VGC 2026 Reg M-A",
  "players": [
    "Montztar",
    "EDJPP"
  ],
  "log": "|j|\u2606Montztar\n|j|\u2606EDJPP\n|html|<table width=\"100%\"><tr><td align=\"left\">Montztar</td><td align=\"right\">EDJPP</tr><tr><td align=\"left\"><i class=\"fa fa-circle-o\"></i> <i class=\"fa fa-circle-o\"></i> </td><td align=\"right\"><i class=\"fa fa-circle-o\"></i> <i class=\"fa fa-circle-o\"></i> </tr></table>\n|uhtml|bestof|<h2><strong>Game 1</strong> of <a href=\"/game-bestof3-gen9championsvgc2026regma-2582193899\">a best-of-3</a></h2>\n|t:|1776069756\n|gametype|doubles\n|player|p1|Montztar|266|\n|player|p2|EDJPP|volkner|\n|gen|9\n|tier|[Gen 9 Champions] VGC 2026 Reg M-A\n|rated|Tournament battle\n|rule|Species Clause: Limit one of each Pok\u00e9mon\n|rule|Item Clause: Limit 1 of each item\n|raw|<div class=\"infobox\"><details class=\"readmore\" open><summary><strong>2 custom rules:</strong></summary> Force Open Team Sheets, Best of = 3</details></div>\n|clearpoke\n|poke|p1|Froslass, L50, F|\n|poke|p1|Incineroar, L50, F|\n|poke|p1|Garchomp, L50, M|\n|poke|p1|Orthworm, L50, F|\n|poke|p1|Basculegion, L50, M|\n|poke|p1|Rotom-Frost, L50|\n|poke|p2|Froslass, L50, F|\n|poke|p2|Incineroar, L50, F|\n|poke|p2|Gyarados, L50, M|\n|poke|p2|Beartic, L50, M|\n|poke|p2|Sinistcha, L50|\n|poke|p2|Hatterene, L50, F|\n|teampreview|4\n|showteam|p1|Froslass||Froslassite|CursedBody|Blizzard,Protect,ShadowBall,NastyPlot|||F|||50|]Incineroar||LumBerry|Intimidate|FlareBlitz,PartingShot,FakeOut,DarkestLariat|||F|||50|]Garchomp||FocusSash|RoughSkin|Earthquake,RockSlide,Protect,DragonClaw|||M|||50|]Orthworm||SitrusBerry|EarthEater|ShedTail,HeavySlam,IronDefense,BodyPress|||F|||50|]Basculegion||ChoiceScarf|Adaptability|WaveCrash,FlipTurn,AquaJet,LastRespects|||M|||50|]Rotom-Frost||NeverMeltIce|Levitate|Blizzard,Thunderbolt,Protect,HelpingHand||||||50|\n|showteam|p2|Froslass||Froslassite|CursedBody|AuroraVeil,Blizzard,ShadowBall,Protect|||F|||50|]Incineroar||Leftovers|Intimidate|FakeOut,PartingShot,FlareBlitz,DarkestLariat|||F|||50|]Gyarados||FocusSash|Intimidate|Waterfall,DragonDance,ThunderWave,Protect|||M|||50|]Beartic||NeverMeltIce|SnowCloak|IcicleCrash,CloseCombat,HeavySlam,Protect|||M|||50|]Sinistcha||MentalHerb|Hospitality|RagePowder,TrickRoom,LifeDew,ShadowBall||||||50|]Hatterene||FairyFeather|MagicBounce|Psychic,DazzlingGleam,Protect,TrickRoom|||F|||50|\n|inactive|Battle timer is ON: inactive players will automatically lose when time's up. (requested by EDJPP)\n|j| Humming Bard\n|inactive|EDJPP has 60 seconds left.\nMontztar rejected open team sheets.\n|inactive|EDJPP has 30 seconds left.\n|inactive|EDJPP has 20 seconds left.\n|inactive|EDJPP has 15 seconds left.\n|inactive|EDJPP has 10 seconds left.\n|inactive|EDJPP has 5 seconds left.\n|\n|t:|1776069847\n|teamsize|p1|4\n|teamsize|p2|4\n|start\n|switch|p1a: Worm|Orthworm, L50, F|100/100\n|switch|p1b: Cat|Incineroar, L50, F, shiny|100/100\n|switch|p2a: Froslass|Froslass, L50, F|100/100\n|switch|p2b: Incineroar|Incineroar, L50, F|100/100\n|-ability|p1b: Cat|Intimidate|boost\n|-unboost|p2a: Froslass|atk|1\n|-unboost|p2b: Incineroar|atk|1\n|-ability|p2b: Incineroar|Intimidate|boost\n|-unboost|p1a: Worm|atk|1\n|-unboost|p1b: Cat|atk|1\n|turn|1\n|inactive|Montztar has 30 seconds left.\n|inactive|EDJPP has 30 seconds left.\n|inactive|EDJPP has 20 seconds left.\n|inactive|EDJPP has 15 seconds left.\n|inactive|EDJPP has 10 seconds left.\n|inactive|EDJPP has 5 seconds left.\n|\n|t:|1776069902\n|move|p2b: Incineroar|Fake Out|p1a: Worm\n|-resisted|p1a: Worm|1\n|-damage|p1a: Worm|98/100\n|move|p2a: Froslass|Aurora Veil||[still]\n|-fail|p2a: Froslass\n|cant|p1a: Worm|flinch\n|move|p1b: Cat|Flare Blitz|p2a: Froslass\n|-supereffective|p2a: Froslass|1\n|-damage|p2a: Froslass|7/100\n|-damage|p1b: Cat|78/100|[from] Recoil\n|\n|upkeep\n|turn|2\n|inactive|EDJPP has 30 seconds left.\n|inactive|EDJPP has 20 seconds left.\n|inactive|EDJPP has 15 seconds left.\n|inactive|EDJPP has 10 seconds left.\n|inactive|EDJPP has 5 seconds left.\n|\n|t:|1776069957\n|move|p2a: Froslass|Aurora Veil||[still]\n|-fail|p2a: Froslass\n|move|p1a: Worm|Shed Tail|p1a: Worm\n|-start|p1a: Worm|Substitute|[from] move: Shed Tail\n|-damage|p1a: Worm|47/100\n|-enditem|p1a: Worm|Sitrus Berry|[eat]\n|-heal|p1a: Worm|72/100|[from] item: Sitrus Berry\n|\n|t:|1776069965\n|switch|p1a: Ur fkd|Froslass, L50, F|100/100|[from] Shed Tail\n|move|p2b: Incineroar|Parting Shot|p1b: Cat\n|-unboost|p1b: Cat|atk|1\n|-unboost|p1b: Cat|spa|1\n|c|\u2606Montztar|you can only aurora veil in snow bud\n|inactive|EDJPP has 30 seconds left.\n|inactive|EDJPP has 20 seconds left.\n|inactive|EDJPP has 15 seconds left.\n|inactive|EDJPP has 10 seconds left.\n|inactive|EDJPP has 5 seconds left.\n|\n|t:|1776070020\n|switch|p2b: Gyarados|Gyarados, L50, M|100/100|[from] Parting Shot\n|-ability|p2b: Gyarados|Intimidate|boost\n|-immune|p1a: Ur fkd\n|-unboost|p1b: Cat|atk|1\n|move|p1b: Cat|Darkest Lariat|p2a: Froslass\n|-supereffective|p2a: Froslass|1\n|-damage|p2a: Froslass|0 fnt\n|faint|p2a: Froslass\n|\n|upkeep\n|\n|t:|1776070030\n|switch|p2a: Incineroar|Incineroar, L50, F|100/100\n|-ability|p2a: Incineroar|Intimidate|boost\n|-immune|p1a: Ur fkd\n|-unboost|p1b: Cat|atk|1\n|turn|3\n|\n|t:|1776070047\n|move|p1a: Ur fkd|Nasty Plot|p1a: Ur fkd\n|-boost|p1a: Ur fkd|spa|2\n|move|p2b: Gyarados|Waterfall|p1b: Cat\n|-supereffective|p1b: Cat|1\n|-damage|p1b: Cat|11/100\n|move|p2a: Incineroar|Flare Blitz|p1a: Ur fkd\n|-supereffective|p1a: Ur fkd|1\n|-end|p1a: Ur fkd|Substitute\n|-damage|p2a: Incineroar|92/100|[from] Recoil|[of] p1a: Ur fkd\n|move|p1b: Cat|Parting Shot|p2b: Gyarados\n|-unboost|p2b: Gyarados|atk|1\n|-unboost|p2b: Gyarados|spa|1\n|\n|t:|1776070062\n|switch|p1b: Worm|Orthworm, L50, F|72/100|[from] Parting Shot\n|\n|-heal|p2a: Incineroar|98/100|[from] item: Leftovers\n|upkeep\n|turn|4\n|\n|t:|1776070082\n|detailschange|p1a: Ur fkd|Froslass-Mega, L50, F\n|-mega|p1a: Ur fkd|Froslass|Froslassite\n|-weather|Snowscape|[from] ability: Snow Warning|[of] p1a: Ur fkd\n|move|p1a: Ur fkd|Blizzard|p2b: Gyarados|[spread] p2a,p2b\n|-resisted|p2a: Incineroar|1\n|-damage|p2a: Incineroar|58/100\n|-damage|p2b: Gyarados|6/100\n|move|p2b: Gyarados|Dragon Dance|p2b: Gyarados\n|-boost|p2b: Gyarados|atk|1\n|-boost|p2b: Gyarados|spe|1\n|move|p1b: Worm|Body Press|p2a: Incineroar\n|-supereffective|p2a: Incineroar|1\n|-damage|p2a: Incineroar|10/100\n|move|p2a: Incineroar|Flare Blitz|p1a: Ur fkd\n|-supereffective|p1a: Ur fkd|1\n|-damage|p1a: Ur fkd|0 fnt\n|faint|p1a: Ur fkd\n|-damage|p2a: Incineroar|0 fnt|[from] Recoil\n|faint|p2a: Incineroar\n|\n|-weather|Snowscape|[upkeep]\n|upkeep\n|\n|t:|1776070102\n|switch|p1a: Cat|Incineroar, L50, F, shiny|11/100\n|switch|p2a: Beartic|Beartic, L50, M|100/100\n|-ability|p1a: Cat|Intimidate|boost\n|-unboost|p2a: Beartic|atk|1\n|-unboost|p2b: Gyarados|atk|1\n|turn|5\n|inactive|EDJPP has 30 seconds left.\n|inactive|EDJPP has 20 seconds left.\n|\n|t:|1776070141\n|move|p2b: Gyarados|Protect|p2b: Gyarados\n|-singleturn|p2b: Gyarados|Protect\n|move|p2a: Beartic|Protect|p2a: Beartic\n|-singleturn|p2a: Beartic|Protect\n|move|p1a: Cat|Fake Out|p2b: Gyarados\n|-activate|p2b: Gyarados|move: Protect\n|move|p1b: Worm|Iron Defense|p1b: Worm\n|-boost|p1b: Worm|def|2\n|\n|-weather|Snowscape|[upkeep]\n|upkeep\n|turn|6\n|inactive|Montztar has 30 seconds left.\n|\n|t:|1776070167\n|move|p2b: Gyarados|Waterfall|p1a: Cat\n|-supereffective|p1a: Cat|1\n|-damage|p1a: Cat|0 fnt\n|faint|p1a: Cat\n|move|p2a: Beartic|Close Combat|p1b: Worm\n|-supereffective|p1b: Worm|1\n|-damage|p1b: Worm|51/100\n|-unboost|p2a: Beartic|def|1\n|-unboost|p2a: Beartic|spd|1\n|move|p1b: Worm|Body Press|p2b: Gyarados\n|-resisted|p2b: Gyarados|1\n|-damage|p2b: Gyarados|0 fnt\n|faint|p2b: Gyarados\n|\n|-weather|Snowscape|[upkeep]\n|upkeep\n|\n|t:|1776070179\n|switch|p1a: Dragon|Garchomp, L50, M|100/100\n|turn|7\n|\n|t:|1776070190\n|move|p1a: Dragon|Earthquake|p2a: Beartic|[spread] p2a\n|-heal|p1b: Worm|76/100|[from] ability: Earth Eater|[of] p1a: Dragon\n|-damage|p2a: Beartic|53/100\n|move|p2a: Beartic|Icicle Crash|p1a: Dragon\n|-supereffective|p1a: Dragon|2\n|-enditem|p1a: Dragon|Focus Sash\n|-damage|p1a: Dragon|1/100\n|move|p1b: Worm|Shed Tail|p1b: Worm\n|-fail|p1b: Worm\n|\n|-weather|Snowscape|[upkeep]\n|upkeep\n|turn|8\n|\n|t:|1776070215\n|move|p1a: Dragon|Protect|p1a: Dragon\n|-singleturn|p1a: Dragon|Protect\n|move|p2a: Beartic|Icicle Crash|p1b: Worm\n|-resisted|p1b: Worm|1\n|-damage|p1b: Worm|69/100\n|move|p1b: Worm|Iron Defense|p1b: Worm\n|-boost|p1b: Worm|def|2\n|\n|-weather|none\n|upkeep\n|turn|9\n|inactive|Montztar has 30 seconds left.\n|inactive|Montztar has 20 seconds left.\n|inactive|Montztar has 15 seconds left.\n|\n|t:|1776070257\n|move|p1a: Dragon|Earthquake|p2a: Beartic|[spread] p2a\n|-heal|p1b: Worm|94/100|[from] ability: Earth Eater|[of] p1a: Dragon\n|-damage|p2a: Beartic|0 fnt\n|faint|p2a: Beartic\n|\n|win|Montztar\n||Montztar is ready for game 2.\n|inactive|EDJPP has 30 seconds to confirm battle start!\n",
  "uploadtime": 1776070270,
  "views": 9,
  "formatid": "gen9championsvgc2026regma",
  "rating": null,
  "private": 0,
  "password": null
}