{
  "id": "gen9championsvgc2026regma-2585063218",
  "format": "[Gen 9 Champions] VGC 2026 Reg M-A",
  "players": [
    "Dirt_W0man",
    "wartortcorp"
  ],
  "log": "|j|\u2606Dirt_W0man\n|j|\u2606wartortcorp\n|t:|1776308006\n|gametype|doubles\n|player|p1|Dirt_W0man|lady|1302\n|player|p2|wartortcorp|1|1345\n|gen|9\n|tier|[Gen 9 Champions] VGC 2026 Reg M-A\n|rated|\n|rule|Species Clause: Limit one of each Pok\u00e9mon\n|rule|Item Clause: Limit 1 of each item\n|clearpoke\n|poke|p1|Talonflame, L50, F|\n|poke|p1|Sneasler, L50, F|\n|poke|p1|Rotom-Wash, L50|\n|poke|p1|Kingambit, L50, F|\n|poke|p1|Garchomp, L50, F|\n|poke|p1|Whimsicott, L50, F|\n|poke|p2|Sinistcha-Masterpiece, L50|\n|poke|p2|Emolga, L50, M|\n|poke|p2|Garchomp, L50, F|\n|poke|p2|Tyranitar, L50, M|\n|poke|p2|Incineroar, L50, M|\n|poke|p2|Corviknight, L50, F|\n|teampreview|4\n|inactive|Battle timer is ON: inactive players will automatically lose when time's up. (requested by Dirt_W0man)\n|\n|t:|1776308053\n|teamsize|p1|4\n|teamsize|p2|4\n|start\n|switch|p1a: Talonflame|Talonflame, L50, F|100/100\n|switch|p1b: Garchomp|Garchomp, L50, F, shiny|100/100\n|switch|p2a: Sinistcha|Sinistcha-Masterpiece, L50|100/100\n|switch|p2b: Corviknight|Corviknight, L50, F|100/100\n|turn|1\n|inactive|Dirt_W0man has 30 seconds left.\n|inactive|Dirt_W0man has 20 seconds left.\n|inactive|wartortcorp has 30 seconds left.\n|\n|t:|1776308094\n|switch|p2a: Incineroar|Incineroar, L50, M|100/100\n|-ability|p2a: Incineroar|Intimidate|boost\n|-unboost|p1a: Talonflame|atk|1\n|-unboost|p1b: Garchomp|atk|1\n|detailschange|p1b: Garchomp|Garchomp-Mega, L50, F, shiny\n|-mega|p1b: Garchomp|Garchomp|Garchompite\n|move|p1a: Talonflame|Tailwind|p1a: Talonflame\n|-sidestart|p1: Dirt_W0man|move: Tailwind\n|move|p1b: Garchomp|Rock Slide|p2b: Corviknight|[spread] p2a,p2b\n|-supereffective|p2a: Incineroar|1\n|-damage|p2a: Incineroar|74/100\n|-damage|p2b: Corviknight|89/100\n|cant|p2b: Corviknight|flinch\n|\n|-heal|p2b: Corviknight|95/100|[from] item: Leftovers\n|upkeep\n|turn|2\n|inactive|wartortcorp has 30 seconds left.\n|\n|t:|1776308120\n|switch|p1a: Rotom|Rotom-Wash, L50|100/100\n|switch|p2a: Sinistcha|Sinistcha-Masterpiece, L50|100/100\n|-heal|p2b: Corviknight|100/100|[from] ability: Hospitality|[of] p2a: Sinistcha\n|move|p1b: Garchomp|Earthquake|p2a: Sinistcha|[spread] p2a\n|-immune|p1a: Rotom|[from] ability: Levitate\n|-immune|p2b: Corviknight\n|-resisted|p2a: Sinistcha|1\n|-damage|p2a: Sinistcha|87/100\n|move|p2b: Corviknight|Bulk Up|p2b: Corviknight\n|-boost|p2b: Corviknight|atk|1\n|-boost|p2b: Corviknight|def|1\n|\n|upkeep\n|turn|3\n|inactive|wartortcorp has 30 seconds left.\n|\n|t:|1776308145\n|move|p1b: Garchomp|Dragon Claw|p2a: Sinistcha\n|-damage|p2a: Sinistcha|58/100\n|move|p1a: Rotom|Thunderbolt|p2b: Corviknight\n|-supereffective|p2b: Corviknight|1\n|-damage|p2b: Corviknight|16/100\n|move|p2b: Corviknight|Body Press|p1a: Rotom\n|-damage|p1a: Rotom|63/100\n|move|p2a: Sinistcha|Matcha Gotcha|p1a: Rotom|[spread] p1a,p1b\n|-supereffective|p1a: Rotom|1\n|-damage|p1a: Rotom|7/100\n|-heal|p2a: Sinistcha|82/100|[from] drain|[of] p1a: Rotom\n|-damage|p1b: Garchomp|73/100\n|-heal|p2a: Sinistcha|97/100|[from] drain|[of] p1b: Garchomp\n|-status|p1b: Garchomp|brn\n|-enditem|p1a: Rotom|Sitrus Berry|[eat]\n|-heal|p1a: Rotom|31/100|[from] item: Sitrus Berry\n|\n|-heal|p2b: Corviknight|22/100|[from] item: Leftovers\n|-damage|p1b: Garchomp|67/100 brn|[from] brn\n|upkeep\n|turn|4\n|inactive|Dirt_W0man has 30 seconds left.\n|inactive|wartortcorp has 30 seconds left.\n|inactive|Dirt_W0man has 20 seconds left.\n|inactive|Dirt_W0man has 15 seconds left.\n|inactive|wartortcorp has 20 seconds left.\n|\n|t:|1776308188\n|switch|p1b: Sneasler|Sneasler, L50, F, shiny|100/100\n|move|p1a: Rotom|Volt Switch|p2b: Corviknight\n|-supereffective|p2b: Corviknight|1\n|-damage|p2b: Corviknight|0 fnt\n|faint|p2b: Corviknight\n|\n|t:|1776308197\n|switch|p1a: Talonflame|Talonflame, L50, F|100/100|[from] Volt Switch\n|move|p2a: Sinistcha|Trick Room|p2a: Sinistcha\n|-fieldstart|move: Trick Room|[of] p2a: Sinistcha\n|\n|-sideend|p1: Dirt_W0man|move: Tailwind\n|upkeep\n|\n|t:|1776308205\n|switch|p2b: Tyranitar|Tyranitar, L50, M|100/100\n|-weather|Sandstorm|[from] ability: Sand Stream|[of] p2b: Tyranitar\n|turn|5\n|inactive|wartortcorp has 30 seconds left.\n|inactive|wartortcorp has 20 seconds left.\n|\n|t:|1776308243\n|switch|p2a: Incineroar|Incineroar, L50, M|74/100\n|-ability|p2a: Incineroar|Intimidate|boost\n|-unboost|p1a: Talonflame|atk|1\n|-unboost|p1b: Sneasler|atk|1\n|-enditem|p1b: Sneasler|White Herb\n|-clearnegativeboost|p1b: Sneasler|[silent]\n|move|p2b: Tyranitar|Protect|p2b: Tyranitar\n|-singleturn|p2b: Tyranitar|Protect\n|move|p1a: Talonflame|Protect|p1a: Talonflame\n|-singleturn|p1a: Talonflame|Protect\n|move|p1b: Sneasler|Protect||[still]\n|-fail|p1b: Sneasler\n|\n|-weather|Sandstorm|[upkeep]\n|-damage|p2a: Incineroar|68/100|[from] Sandstorm\n|-damage|p1a: Talonflame|95/100|[from] Sandstorm\n|-damage|p1b: Sneasler|95/100|[from] Sandstorm\n|upkeep\n|turn|6\n|inactive|Dirt_W0man has 30 seconds left.\n|inactive|wartortcorp has 30 seconds left.\n|inactive|Dirt_W0man has 20 seconds left.\n|inactive|Dirt_W0man has 15 seconds left.\n|inactive|Dirt_W0man has 10 seconds left.\n|\n|t:|1776308292\n|switch|p1a: Garchomp|Garchomp-Mega, L50, F, shiny|67/100 brn\n|move|p2a: Incineroar|Flare Blitz|p1b: Sneasler\n|-damage|p1b: Sneasler|13/100\n|-damage|p2a: Incineroar|47/100|[from] Recoil\n|-enditem|p2a: Incineroar|Sitrus Berry|[eat]\n|-heal|p2a: Incineroar|72/100|[from] item: Sitrus Berry\n|move|p2b: Tyranitar|Rock Slide|p1b: Sneasler|[spread] p1a,p1b\n|-resisted|p1a: Garchomp|1\n|-resisted|p1b: Sneasler|1\n|-damage|p1a: Garchomp|52/100 brn\n|-damage|p1b: Sneasler|0 fnt\n|faint|p1b: Sneasler\n|\n|-weather|Sandstorm|[upkeep]\n|-damage|p2a: Incineroar|66/100|[from] Sandstorm\n|-damage|p1a: Garchomp|46/100 brn|[from] brn\n|upkeep\n|\n|t:|1776308313\n|switch|p1b: Rotom|Rotom-Wash, L50|31/100\n|turn|7\n|\n|t:|1776308331\n|switch|p2b: Sinistcha|Sinistcha-Masterpiece, L50|97/100\n|-heal|p2a: Incineroar|91/100|[from] ability: Hospitality|[of] p2b: Sinistcha\n|move|p1b: Rotom|Protect|p1b: Rotom\n|-singleturn|p1b: Rotom|Protect\n|move|p2a: Incineroar|Parting Shot|p1a: Garchomp\n|-unboost|p1a: Garchomp|atk|1\n|-unboost|p1a: Garchomp|spa|1\n|\n|t:|1776308339\n|switch|p2a: Tyranitar|Tyranitar, L50, M|100/100|[from] Parting Shot\n|move|p1a: Garchomp|Earthquake|p2b: Sinistcha|[spread] p2a,p2b\n|-activate|p1b: Rotom|move: Protect\n|-supereffective|p2a: Tyranitar|1\n|-resisted|p2b: Sinistcha|1\n|-damage|p2a: Tyranitar|65/100\n|-damage|p2b: Sinistcha|88/100\n|\n|-weather|Sandstorm|[upkeep]\n|-damage|p2b: Sinistcha|82/100|[from] Sandstorm\n|-damage|p1b: Rotom|25/100|[from] Sandstorm\n|-damage|p1a: Garchomp|40/100 brn|[from] brn\n|upkeep\n|turn|8\n|c|\u2606wartortcorp|gg\n|inactive|Dirt_W0man has 30 seconds left.\n|inactive|Dirt_W0man has 20 seconds left.\n|\n|t:|1776308377\n|detailschange|p2a: Tyranitar|Tyranitar-Mega, L50, M\n|-mega|p2a: Tyranitar|Tyranitar|Tyranitarite\n|move|p1a: Garchomp|Protect|p1a: Garchomp\n|-singleturn|p1a: Garchomp|Protect\n|move|p2b: Sinistcha|Matcha Gotcha|p1b: Rotom|[spread] p1b\n|-activate|p1a: Garchomp|move: Protect\n|-supereffective|p1b: Rotom|1\n|-damage|p1b: Rotom|0 fnt\n|-heal|p2b: Sinistcha|93/100|[from] drain|[of] p1b: Rotom\n|faint|p1b: Rotom\n|move|p2a: Tyranitar|Rock Slide|p1a: Garchomp\n|-activate|p1a: Garchomp|move: Protect\n|\n|-weather|Sandstorm|[upkeep]\n|-damage|p2b: Sinistcha|86/100|[from] Sandstorm\n|-damage|p1a: Garchomp|34/100 brn|[from] brn\n|-fieldend|move: Trick Room\n|upkeep\n|\n|t:|1776308392\n|switch|p1b: Talonflame|Talonflame, L50, F|95/100\n|turn|9\n|\n|t:|1776308401\n|switch|p2a: Incineroar|Incineroar, L50, M|91/100\n|-ability|p2a: Incineroar|Intimidate|boost\n|-unboost|p1a: Garchomp|atk|1\n|-unboost|p1b: Talonflame|atk|1\n|move|p1b: Talonflame|Dual Wingbeat|p2b: Sinistcha\n|-supereffective|p2b: Sinistcha|1\n|-damage|p2b: Sinistcha|63/100\n|-supereffective|p2b: Sinistcha|1\n|-damage|p2b: Sinistcha|42/100\n|-hitcount|p2b: Sinistcha|2\n|move|p1a: Garchomp|Earthquake|p2b: Sinistcha|[spread] p2a,p2b\n|-immune|p1b: Talonflame\n|-supereffective|p2a: Incineroar|1\n|-resisted|p2b: Sinistcha|1\n|-damage|p2a: Incineroar|64/100\n|-damage|p2b: Sinistcha|35/100\n|move|p2b: Sinistcha|Trick Room|p2b: Sinistcha\n|-fieldstart|move: Trick Room|[of] p2b: Sinistcha\n|\n|-weather|none\n|-damage|p1a: Garchomp|28/100 brn|[from] brn\n|upkeep\n|turn|10\n|\n|t:|1776308422\n|move|p2b: Sinistcha|Strength Sap|p1b: Talonflame\n|-unboost|p1b: Talonflame|atk|1\n|-heal|p2b: Sinistcha|85/100\n|move|p2a: Incineroar|Throat Chop|p1a: Garchomp\n|-damage|p1a: Garchomp|4/100 brn\n|-start|p1a: Garchomp|Throat Chop|[silent]\n|move|p1a: Garchomp|Earthquake|p2a: Incineroar|[spread] p2a,p2b\n|-immune|p1b: Talonflame\n|-supereffective|p2a: Incineroar|1\n|-resisted|p2b: Sinistcha|1\n|-damage|p2a: Incineroar|43/100\n|-damage|p2b: Sinistcha|80/100\n|move|p1b: Talonflame|Dual Wingbeat|p2b: Sinistcha\n|-supereffective|p2b: Sinistcha|1\n|-damage|p2b: Sinistcha|63/100\n|-supereffective|p2b: Sinistcha|1\n|-damage|p2b: Sinistcha|46/100\n|-hitcount|p2b: Sinistcha|2\n|\n|-damage|p1a: Garchomp|0 fnt|[from] brn\n|faint|p1a: Garchomp\n|upkeep\n|turn|11\n|\n|t:|1776308445\n|move|p2b: Sinistcha|Strength Sap|p2a: Incineroar\n|-unboost|p2a: Incineroar|atk|1\n|-heal|p2b: Sinistcha|100/100\n|move|p2a: Incineroar|Parting Shot|p1b: Talonflame\n|-unboost|p1b: Talonflame|atk|1\n|-unboost|p1b: Talonflame|spa|1\n|c|\u2606wartortcorp|gg\n|\n|t:|1776308450\n|switch|p2a: Tyranitar|Tyranitar-Mega, L50, M|65/100|[from] Parting Shot\n|-weather|Sandstorm|[from] ability: Sand Stream|[of] p2a: Tyranitar\n|move|p1b: Talonflame|Dual Wingbeat|p2b: Sinistcha|[miss]\n|-miss|p1b: Talonflame|p2b: Sinistcha\n|\n|-weather|Sandstorm|[upkeep]\n|-damage|p2b: Sinistcha|94/100|[from] Sandstorm\n|-damage|p1b: Talonflame|89/100|[from] Sandstorm\n|upkeep\n|turn|12\n|\n|t:|1776308464\n|switch|p2b: Incineroar|Incineroar, L50, M|43/100\n|-ability|p2b: Incineroar|Intimidate|boost\n|-unboost|p1b: Talonflame|atk|1\n|move|p2a: Tyranitar|Knock Off|p1b: Talonflame\n|-damage|p1b: Talonflame|0 fnt\n|-enditem|p1b: Talonflame|Sharp Beak|[from] move: Knock Off|[of] p2a: Tyranitar\n|faint|p1b: Talonflame\n|\n|win|wartortcorp\n|raw|Dirt_W0man's rating: 1302 &rarr; <strong>1284</strong><br />(-18 for losing)\n|raw|wartortcorp's rating: 1345 &rarr; <strong>1363</strong><br />(+18 for winning)\n",
  "uploadtime": 1776308467,
  "views": 49,
  "formatid": "gen9championsvgc2026regma",
  "rating": 1284,
  "private": 0,
  "password": null
}