{
  "id": "gen9championsvgc2026regma-2585414165",
  "format": "[Gen 9 Champions] VGC 2026 Reg M-A",
  "players": [
    "6767676ii",
    "Dabura Karaba"
  ],
  "log": "|j|\u26066767676ii\n|j|\u2606Dabura Karaba\n|t:|1776345600\n|gametype|doubles\n|player|p1|6767676ii|roxie|1062\n|player|p2|Dabura Karaba|bruno|1000\n|gen|9\n|tier|[Gen 9 Champions] VGC 2026 Reg M-A\n|rated|\n|rule|Species Clause: Limit one of each Pok\u00e9mon\n|rule|Item Clause: Limit 1 of each item\n|clearpoke\n|poke|p1|Froslass, L50, F|\n|poke|p1|Whimsicott, L50, M|\n|poke|p1|Gengar, L50, F|\n|poke|p1|Alcremie-Ruby-Swirl, L50, F|\n|poke|p1|Basculegion, L50, M|\n|poke|p1|Beartic, L50, M|\n|poke|p2|Talonflame, L50, M|\n|poke|p2|Lucario, L50, M|\n|poke|p2|Araquanid, L50, F|\n|poke|p2|Tsareena, L50, F|\n|poke|p2|Krookodile, L50, M|\n|poke|p2|Beedrill, L50, M|\n|teampreview|4\n|inactive|Battle timer is ON: inactive players will automatically lose when time's up. (requested by Dabura Karaba)\n|\n|t:|1776345617\n|teamsize|p1|4\n|teamsize|p2|4\n|start\n|switch|p1a: Froslass|Froslass, L50, F|100/100\n|switch|p1b: Alcremie|Alcremie-Ruby-Swirl, L50, F|100/100\n|switch|p2a: Krookodile|Krookodile, L50, M|100/100\n|switch|p2b: Talonflame|Talonflame, L50, M|100/100\n|-ability|p2a: Krookodile|Intimidate|boost\n|-unboost|p1a: Froslass|atk|1\n|-unboost|p1b: Alcremie|atk|1\n|turn|1\n|\n|t:|1776345633\n|detailschange|p1a: Froslass|Froslass-Mega, L50, F\n|-mega|p1a: Froslass|Froslass|Froslassite\n|-weather|Snowscape|[from] ability: Snow Warning|[of] p1a: Froslass\n|move|p2b: Talonflame|Tailwind|p2b: Talonflame\n|-sidestart|p2: Dabura Karaba|move: Tailwind\n|move|p2a: Krookodile|Taunt|p1b: Alcremie\n|-block|p1b: Alcremie|ability: Aroma Veil|[of] p1b: Alcremie\n|move|p1a: Froslass|Aurora Veil|p1a: Froslass\n|-sidestart|p1: 6767676ii|move: Aurora Veil\n|move|p1b: Alcremie|Misty Terrain|p1b: Alcremie\n|-fieldstart|move: Misty Terrain\n|\n|-weather|Snowscape|[upkeep]\n|upkeep\n|turn|2\n|\n|t:|1776345657\n|switch|p2b: Araquanid|Araquanid, L50, F|100/100\n|switch|p1a: Beartic|Beartic, L50, M|100/100\n|move|p2a: Krookodile|Knock Off|p1a: Beartic\n|-damage|p1a: Beartic|67/100\n|-enditem|p1a: Beartic|Never-Melt Ice|[from] move: Knock Off|[of] p2a: Krookodile\n|move|p1b: Alcremie|Decorate|p1a: Beartic\n|-boost|p1a: Beartic|atk|2\n|-boost|p1a: Beartic|spa|2\n|\n|-weather|Snowscape|[upkeep]\n|upkeep\n|turn|3\n|inactive|Dabura Karaba has 30 seconds left.\n|\n|t:|1776345684\n|move|p2a: Krookodile|High Horsepower|p1b: Alcremie\n|-damage|p1b: Alcremie|54/100\n|move|p1a: Beartic|Rock Slide|p2a: Krookodile|[spread] p2a,p2b\n|-resisted|p2a: Krookodile|1\n|-supereffective|p2b: Araquanid|1\n|-enditem|p2b: Araquanid|Charti Berry|[eat]\n|-enditem|p2b: Araquanid|Charti Berry|[weaken]\n|-damage|p2a: Krookodile|77/100\n|-damage|p2b: Araquanid|56/100\n|move|p1b: Alcremie|Dazzling Gleam|p2b: Araquanid|[spread] p2a,p2b\n|-supereffective|p2a: Krookodile|1\n|-damage|p2a: Krookodile|13/100\n|-damage|p2b: Araquanid|40/100\n|move|p2b: Araquanid|Liquidation|p1a: Beartic\n|-damage|p1a: Beartic|43/100\n|\n|-weather|Snowscape|[upkeep]\n|upkeep\n|turn|4\n|\n|t:|1776345704\n|move|p2b: Araquanid|Wide Guard|p2b: Araquanid\n|-singleturn|p2b: Araquanid|Wide Guard\n|move|p2a: Krookodile|High Horsepower|p1b: Alcremie\n|-damage|p1b: Alcremie|2/100\n|move|p1a: Beartic|Rock Slide|p2a: Krookodile|[spread] \n|-activate|p2a: Krookodile|move: Wide Guard\n|-activate|p2b: Araquanid|move: Wide Guard\n|move|p1b: Alcremie|Dazzling Gleam|p2a: Krookodile|[spread] \n|-activate|p2a: Krookodile|move: Wide Guard\n|-activate|p2b: Araquanid|move: Wide Guard\n|\n|-weather|Snowscape|[upkeep]\n|-sideend|p2: Dabura Karaba|move: Tailwind\n|upkeep\n|turn|5\n|inactive|Dabura Karaba has 30 seconds left.\n|inactive|Dabura Karaba has 20 seconds left.\n|inactive|Dabura Karaba has 15 seconds left.\n|\n|t:|1776345745\n|move|p1b: Alcremie|Protect|p1b: Alcremie\n|-singleturn|p1b: Alcremie|Protect\n|move|p1a: Beartic|Icicle Spear|p2a: Krookodile\n|-supereffective|p2a: Krookodile|1\n|-damage|p2a: Krookodile|0 fnt\n|faint|p2a: Krookodile\n|-hitcount|p2: Krookodile|1\n|move|p2b: Araquanid|Icy Wind|p1a: Beartic|[spread] p1a\n|-activate|p1b: Alcremie|move: Protect\n|-resisted|p1a: Beartic|1\n|-damage|p1a: Beartic|41/100\n|-unboost|p1a: Beartic|spe|1\n|\n|-weather|none\n|-sideend|p1: 6767676ii|move: Aurora Veil\n|-fieldend|Misty Terrain\n|upkeep\n|\n|t:|1776345759\n|switch|p2a: Talonflame|Talonflame, L50, M|100/100\n|turn|6\n|\n|t:|1776345767\n|switch|p1b: Froslass|Froslass-Mega, L50, F|100/100\n|-weather|Snowscape|[from] ability: Snow Warning|[of] p1b: Froslass\n|move|p2b: Araquanid|Wide Guard|p2b: Araquanid\n|-singleturn|p2b: Araquanid|Wide Guard\n|move|p2a: Talonflame|Tailwind|p2a: Talonflame\n|-sidestart|p2: Dabura Karaba|move: Tailwind\n|move|p1a: Beartic|Icicle Spear|p2a: Talonflame\n|-damage|p2a: Talonflame|60/100\n|-damage|p2a: Talonflame|17/100\n|-hitcount|p2a: Talonflame|2\n|\n|-weather|Snowscape|[upkeep]\n|upkeep\n|turn|7\n|\n|t:|1776345791\n|switch|p1b: Alcremie|Alcremie-Ruby-Swirl, L50, F|2/100\n|move|p2a: Talonflame|Flare Blitz|p1b: Alcremie\n|-crit|p1b: Alcremie\n|-damage|p1b: Alcremie|0 fnt\n|faint|p1b: Alcremie\n|-damage|p2a: Talonflame|16/100|[from] Recoil\n|move|p1a: Beartic|Icicle Spear|p2a: Talonflame\n|-damage|p2a: Talonflame|0 fnt\n|faint|p2a: Talonflame\n|-hitcount|p2: Talonflame|1\n|move|p2b: Araquanid|Liquidation|p1a: Beartic\n|-damage|p1a: Beartic|6/100\n|\n|-weather|Snowscape|[upkeep]\n|upkeep\n|\n|t:|1776345803\n|switch|p2a: Beedrill|Beedrill, L50, M|100/100\n|switch|p1b: Froslass|Froslass-Mega, L50, F|100/100\n|turn|8\n|\n|t:|1776345816\n|detailschange|p2a: Beedrill|Beedrill-Mega, L50, M\n|-mega|p2a: Beedrill|Beedrill|Beedrillite\n|move|p2b: Araquanid|Wide Guard|p2b: Araquanid\n|-singleturn|p2b: Araquanid|Wide Guard\n|move|p2a: Beedrill|Fell Stinger|p1a: Beartic\n|-damage|p1a: Beartic|0 fnt\n|faint|p1a: Beartic\n|-boost|p2a: Beedrill|atk|3\n|move|p1b: Froslass|Nasty Plot|p1b: Froslass\n|-boost|p1b: Froslass|spa|2\n|\n|-weather|Snowscape|[upkeep]\n|upkeep\n|\n|t:|1776345824\n|switch|p1a: Basculegion|Basculegion, L50, M, shiny|100/100\n|turn|9\n|\n|t:|1776345844\n|move|p2a: Beedrill|Poison Jab|p1b: Froslass\n|-resisted|p1b: Froslass|1\n|-damage|p1b: Froslass|58/100\n|move|p1a: Basculegion|Last Respects|p2b: Araquanid\n|-damage|p2b: Araquanid|0 fnt\n|faint|p2b: Araquanid\n|move|p1b: Froslass|Shadow Ball|p2a: Beedrill\n|-damage|p2a: Beedrill|0 fnt\n|faint|p2a: Beedrill\n|\n|win|6767676ii\n|raw|6767676ii's rating: 1062 &rarr; <strong>1087</strong><br />(+25 for winning)\n|raw|Dabura Karaba's rating: 1000 &rarr; <strong>1000</strong><br />(+0 for losing)\n|l|\u2606Dabura Karaba\n|player|p2|\n",
  "uploadtime": 1776345913,
  "views": 35,
  "formatid": "gen9championsvgc2026regma",
  "rating": 1000,
  "private": 0,
  "password": null
}