{
  "id": "gen9championsvgc2026regma-2584364816",
  "format": "[Gen 9 Champions] VGC 2026 Reg M-A",
  "players": [
    "Mena9149",
    "smp on whimsicott"
  ],
  "log": "|j|\u2606Mena9149\n|j|\u2606smp on whimsicott\n|t:|1776255187\n|gametype|doubles\n|player|p1|Mena9149|lusamine-nihilego|1215\n|player|p2|smp on whimsicott|artist-gen4|1310\n|gen|9\n|tier|[Gen 9 Champions] VGC 2026 Reg M-A\n|rated|\n|rule|Species Clause: Limit one of each Pok\u00e9mon\n|rule|Item Clause: Limit 1 of each item\n|clearpoke\n|poke|p1|Tyranitar, L50, M|\n|poke|p1|Aerodactyl, L50, M|\n|poke|p1|Hydreigon, L50, M|\n|poke|p1|Excadrill, L50, F|\n|poke|p1|Incineroar, L50, F|\n|poke|p1|Sinistcha, L50|\n|poke|p2|Arcanine, L50, F|\n|poke|p2|Venusaur, L50, M|\n|poke|p2|Sneasler, L50, M|\n|poke|p2|Rotom-Wash, L50|\n|poke|p2|Garchomp, L50, M|\n|poke|p2|Corviknight, L50, F|\n|teampreview|4\n|inactive|Battle timer is ON: inactive players will automatically lose when time's up. (requested by Mena9149)\n|inactive|Mena9149 has 60 seconds left.\n|inactive|smp on whimsicott has 60 seconds left.\n|inactive|smp on whimsicott has 30 seconds left.\n|inactive|smp on whimsicott has 20 seconds left.\n|inactive|smp on whimsicott has 15 seconds left.\n|\n|t:|1776255266\n|teamsize|p1|4\n|teamsize|p2|4\n|start\n|switch|p1a: Hydreigon|Hydreigon, L50, M|100/100\n|switch|p1b: Aerodactyl|Aerodactyl, L50, M|100/100\n|switch|p2a: Arcanine|Arcanine, L50, F|100/100\n|switch|p2b: Venusaur|Venusaur, L50, M|100/100\n|-ability|p2a: Arcanine|Intimidate|boost\n|-unboost|p1a: Hydreigon|atk|1\n|-unboost|p1b: Aerodactyl|atk|1\n|turn|1\n|inactive|Mena9149 has 30 seconds left.\n|inactive|Mena9149 has 20 seconds left.\n|\n|t:|1776255303\n|detailschange|p2b: Venusaur|Venusaur-Mega, L50, M\n|-mega|p2b: Venusaur|Venusaur|Venusaurite\n|move|p1a: Hydreigon|Draco Meteor|p2b: Venusaur\n|-damage|p2b: Venusaur|48/100\n|-unboost|p1a: Hydreigon|spa|2\n|move|p1b: Aerodactyl|Dual Wingbeat|p2b: Venusaur|[miss]\n|-miss|p1b: Aerodactyl|p2b: Venusaur\n|move|p2a: Arcanine|Snarl|p1a: Hydreigon|[spread] p1a,p1b\n|-resisted|p1a: Hydreigon|1\n|-damage|p1a: Hydreigon|96/100\n|-damage|p1b: Aerodactyl|88/100\n|-unboost|p1a: Hydreigon|spa|1\n|-unboost|p1b: Aerodactyl|spa|1\n|move|p2b: Venusaur|Leech Seed|p1b: Aerodactyl\n|-start|p1b: Aerodactyl|move: Leech Seed\n|\n|-damage|p1b: Aerodactyl|76/100|[from] Leech Seed|[of] p2b: Venusaur\n|-heal|p2b: Venusaur|58/100|[silent]\n|upkeep\n|turn|2\n|\n|t:|1776255327\n|switch|p1a: Tyranitar|Tyranitar, L50, M|100/100\n|-weather|Sandstorm|[from] ability: Sand Stream|[of] p1a: Tyranitar\n|switch|p2a: Corviknight|Corviknight, L50, F|100/100\n|move|p2b: Venusaur|Protect|p2b: Venusaur\n|-singleturn|p2b: Venusaur|Protect\n|move|p1b: Aerodactyl|Tailwind|p1b: Aerodactyl\n|-sidestart|p1: Mena9149|move: Tailwind\n|\n|-weather|Sandstorm|[upkeep]\n|-damage|p2b: Venusaur|52/100|[from] Sandstorm\n|-damage|p1b: Aerodactyl|64/100|[from] Leech Seed|[of] p2b: Venusaur\n|-heal|p2b: Venusaur|62/100|[silent]\n|upkeep\n|turn|3\n|\n|t:|1776255348\n|switch|p2b: Arcanine|Arcanine, L50, F|100/100\n|-ability|p2b: Arcanine|Intimidate|boost\n|-unboost|p1a: Tyranitar|atk|1\n|-unboost|p1b: Aerodactyl|atk|1\n|detailschange|p1a: Tyranitar|Tyranitar-Mega, L50, M\n|-mega|p1a: Tyranitar|Tyranitar|Tyranitarite\n|move|p1b: Aerodactyl|Dual Wingbeat|p2b: Arcanine\n|-damage|p2b: Arcanine|90/100\n|-damage|p2b: Arcanine|80/100\n|-hitcount|p2b: Arcanine|2\n|move|p1a: Tyranitar|Dragon Dance|p1a: Tyranitar\n|-boost|p1a: Tyranitar|atk|1\n|-boost|p1a: Tyranitar|spe|1\n|move|p2a: Corviknight|Bulk Up|p2a: Corviknight\n|-boost|p2a: Corviknight|atk|1\n|-boost|p2a: Corviknight|def|1\n|\n|-weather|Sandstorm|[upkeep]\n|-damage|p2b: Arcanine|74/100|[from] Sandstorm\n|-damage|p1b: Aerodactyl|51/100|[from] Leech Seed|[of] p2b: Arcanine\n|-heal|p2b: Arcanine|84/100|[silent]\n|upkeep\n|turn|4\n|inactive|smp on whimsicott has 30 seconds left.\n|\n|t:|1776255379\n|switch|p1b: Hydreigon|Hydreigon, L50, M|96/100\n|switch|p2b: Garchomp|Garchomp, L50, M|100/100\n|move|p1a: Tyranitar|Rock Slide|p2a: Corviknight|[spread] p2a,p2b\n|-resisted|p2b: Garchomp|1\n|-damage|p2a: Corviknight|78/100\n|-damage|p2b: Garchomp|81/100\n|move|p2a: Corviknight|Brave Bird|p1b: Hydreigon\n|-damage|p1b: Hydreigon|21/100\n|-damage|p2a: Corviknight|56/100|[from] Recoil\n|\n|-weather|Sandstorm|[upkeep]\n|-damage|p1b: Hydreigon|15/100|[from] Sandstorm\n|-heal|p2a: Corviknight|62/100|[from] item: Leftovers\n|upkeep\n|turn|5\n|inactive|Mena9149 has 30 seconds left.\n|\n|t:|1776255405\n|switch|p2a: Arcanine|Arcanine, L50, F|84/100\n|-ability|p2a: Arcanine|Intimidate|boost\n|-unboost|p1a: Tyranitar|atk|1\n|-unboost|p1b: Hydreigon|atk|1\n|move|p2b: Garchomp|Protect|p2b: Garchomp\n|-singleturn|p2b: Garchomp|Protect\n|move|p1b: Hydreigon|Draco Meteor|p2b: Garchomp\n|-activate|p2b: Garchomp|move: Protect\n|move|p1a: Tyranitar|Crunch|p2a: Arcanine\n|-damage|p2a: Arcanine|47/100\n|-enditem|p2a: Arcanine|Sitrus Berry|[eat]\n|-heal|p2a: Arcanine|72/100|[from] item: Sitrus Berry\n|\n|-weather|Sandstorm|[upkeep]\n|-damage|p1b: Hydreigon|9/100|[from] Sandstorm\n|-damage|p2a: Arcanine|66/100|[from] Sandstorm\n|-sideend|p1: Mena9149|move: Tailwind\n|upkeep\n|turn|6\n|\n|t:|1776255429\n|switch|p2b: Corviknight|Corviknight, L50, F|62/100\n|move|p1b: Hydreigon|Draco Meteor|p2b: Corviknight\n|-resisted|p2b: Corviknight|1\n|-damage|p2b: Corviknight|33/100\n|-unboost|p1b: Hydreigon|spa|2\n|move|p2a: Arcanine|Will-O-Wisp|p1a: Tyranitar\n|-status|p1a: Tyranitar|brn\n|move|p1a: Tyranitar|Rock Slide|p2a: Arcanine|[spread] p2a,p2b\n|-supereffective|p2a: Arcanine|1\n|-damage|p2a: Arcanine|37/100\n|-damage|p2b: Corviknight|22/100\n|\n|-weather|none\n|-heal|p2b: Corviknight|29/100|[from] item: Leftovers\n|-damage|p1a: Tyranitar|95/100 brn|[from] brn\n|upkeep\n|turn|7\n|\n|t:|1776255451\n|switch|p1b: Aerodactyl|Aerodactyl, L50, M|51/100\n|move|p2a: Arcanine|Flare Blitz|p1b: Aerodactyl\n|-resisted|p1b: Aerodactyl|1\n|-damage|p1b: Aerodactyl|17/100\n|-damage|p2a: Arcanine|28/100|[from] Recoil\n|move|p1a: Tyranitar|Rock Slide|p2a: Arcanine|[spread] p2a,p2b\n|-supereffective|p2a: Arcanine|1\n|-damage|p2a: Arcanine|0 fnt\n|-damage|p2b: Corviknight|18/100\n|faint|p2a: Arcanine\n|move|p2b: Corviknight|Roost|p2b: Corviknight\n|-heal|p2b: Corviknight|68/100\n|-singleturn|p2b: Corviknight|move: Roost\n|\n|-heal|p2b: Corviknight|74/100|[from] item: Leftovers\n|-damage|p1a: Tyranitar|89/100 brn|[from] brn\n|upkeep\n|\n|t:|1776255468\n|switch|p2a: Garchomp|Garchomp, L50, M|81/100\n|turn|8\n|\n|t:|1776255476\n|move|p1b: Aerodactyl|Rock Slide|p2a: Garchomp|[spread] p2a\n|-miss|p1b: Aerodactyl|p2b: Corviknight\n|-resisted|p2a: Garchomp|1\n|-damage|p2a: Garchomp|70/100\n|move|p2a: Garchomp|Earthquake|p1a: Tyranitar|[spread] p1a\n|-immune|p2b: Corviknight\n|-immune|p1b: Aerodactyl\n|-supereffective|p1a: Tyranitar|1\n|-damage|p1a: Tyranitar|42/100 brn\n|move|p1a: Tyranitar|Dragon Dance|p1a: Tyranitar\n|-boost|p1a: Tyranitar|atk|1\n|-boost|p1a: Tyranitar|spe|1\n|move|p2b: Corviknight|Brave Bird|p1b: Aerodactyl\n|-resisted|p1b: Aerodactyl|1\n|-damage|p1b: Aerodactyl|0 fnt\n|faint|p1b: Aerodactyl\n|-damage|p2b: Corviknight|69/100|[from] Recoil\n|\n|-heal|p2b: Corviknight|75/100|[from] item: Leftovers\n|-damage|p1a: Tyranitar|36/100 brn|[from] brn\n|upkeep\n|\n|t:|1776255489\n|switch|p1b: Hydreigon|Hydreigon, L50, M|9/100\n|turn|9\n|\n|t:|1776255505\n|switch|p1a: Excadrill|Excadrill, L50, F|100/100\n|move|p1b: Hydreigon|Fire Blast|p2b: Corviknight|[miss]\n|-miss|p1b: Hydreigon|p2b: Corviknight\n|move|p2a: Garchomp|Dragon Claw|p1b: Hydreigon\n|-supereffective|p1b: Hydreigon|1\n|-damage|p1b: Hydreigon|0 fnt\n|faint|p1b: Hydreigon\n|move|p2b: Corviknight|Brave Bird|p1a: Excadrill\n|-resisted|p1a: Excadrill|1\n|-damage|p1a: Excadrill|66/100\n|-damage|p2b: Corviknight|65/100|[from] Recoil\n|\n|-heal|p2b: Corviknight|71/100|[from] item: Leftovers\n|upkeep\n|\n|t:|1776255512\n|switch|p1b: Tyranitar|Tyranitar-Mega, L50, M|36/100 brn\n|-weather|Sandstorm|[from] ability: Sand Stream|[of] p1b: Tyranitar\n|turn|10\n|\n|t:|1776255519\n|move|p1a: Excadrill|High Horsepower|p2a: Garchomp\n|-damage|p2a: Garchomp|25/100\n|-damage|p1a: Excadrill|53/100|[from] ability: Rough Skin|[of] p2a: Garchomp\n|move|p2a: Garchomp|Earthquake|p1a: Excadrill|[spread] p1a,p1b\n|-immune|p2b: Corviknight\n|-supereffective|p1a: Excadrill|1\n|-supereffective|p1b: Tyranitar|1\n|-crit|p1b: Tyranitar\n|-damage|p1a: Excadrill|0 fnt\n|-damage|p1b: Tyranitar|0 fnt\n|faint|p1a: Excadrill\n|faint|p1b: Tyranitar\n|\n|win|smp on whimsicott\n|raw|Mena9149's rating: 1215 &rarr; <strong>1197</strong><br />(-18 for losing)\n|raw|smp on whimsicott's rating: 1310 &rarr; <strong>1325</strong><br />(+15 for winning)\n",
  "uploadtime": 1776255520,
  "views": 21,
  "formatid": "gen9championsvgc2026regma",
  "rating": 1197,
  "private": 0,
  "password": null
}