{
  "id": "gen9championsvgc2026regma-2588629017",
  "format": "[Gen 9 Champions] VGC 2026 Reg M-A",
  "players": [
    "lessa_ped",
    "nkzin17"
  ],
  "log": "|j|\u2606lessa_ped\n|j|\u2606nkzin17\n|t:|1776651697\n|gametype|doubles\n|player|p1|lessa_ped|101|1186\n|player|p2|nkzin17|265|1117\n|gen|9\n|tier|[Gen 9 Champions] VGC 2026 Reg M-A\n|rated|\n|rule|Species Clause: Limit one of each Pok\u00e9mon\n|rule|Item Clause: Limit 1 of each item\n|clearpoke\n|poke|p1|Sinistcha, L50|\n|poke|p1|Sneasler, L50, F|\n|poke|p1|Kingambit, L50, M, shiny|\n|poke|p1|Incineroar, L50, M|\n|poke|p1|Politoed, L50, M|\n|poke|p1|Gengar, L50, M|\n|poke|p2|Farigiraf, L50, M|\n|poke|p2|Sinistcha, L50|\n|poke|p2|Incineroar, L50, F|\n|poke|p2|Drampa, L50, M, shiny|\n|poke|p2|Tyranitar, L50, M|\n|poke|p2|Crabominable, L50, M|\n|teampreview|4\nnkzin17 has agreed to open team sheets.\n|\n|t:|1776651757\n|teamsize|p1|4\n|teamsize|p2|4\n|start\n|switch|p1a: Kingambit|Kingambit, L50, M, shiny|100/100\n|switch|p1b: Gengar|Gengar, L50, M|100/100\n|switch|p2a: Farigiraf|Farigiraf, L50, M|100/100\n|switch|p2b: Drampa|Drampa, L50, M, shiny|100/100\n|turn|1\n|inactive|Battle timer is ON: inactive players will automatically lose when time's up. (requested by nkzin17)\n|inactive|lessa_ped has 60 seconds left.\n|\n|t:|1776651807\n|detailschange|p1b: Gengar|Gengar-Mega, L50, M\n|-mega|p1b: Gengar|Gengar|Gengarite\n|detailschange|p2b: Drampa|Drampa-Mega, L50, M, shiny\n|-mega|p2b: Drampa|Drampa|Drampanite\n|move|p1b: Gengar|Protect|p1b: Gengar\n|-singleturn|p1b: Gengar|Protect\n|move|p1a: Kingambit|Kowtow Cleave|p2a: Farigiraf\n|-supereffective|p2a: Farigiraf|1\n|-damage|p2a: Farigiraf|0 fnt\n|faint|p2a: Farigiraf\n|move|p2b: Drampa|Heat Wave|p1a: Kingambit|[spread] p1a\n|-activate|p1b: Gengar|move: Protect\n|-supereffective|p1a: Kingambit|1\n|-damage|p1a: Kingambit|42/100\n|\n|upkeep\n|\n|t:|1776651821\n|switch|p2a: Incineroar|Incineroar, L50, F|100/100\n|-ability|p2a: Incineroar|Intimidate|boost\n|-unboost|p1a: Kingambit|atk|1\n|-ability|p1a: Kingambit|Defiant|boost\n|-boost|p1a: Kingambit|atk|2\n|-unboost|p1b: Gengar|atk|1\n|turn|2\n|\n|t:|1776651833\n|switch|p1b: Politoed|Politoed, L50, M|100/100\n|-weather|RainDance|[from] ability: Drizzle|[of] p1b: Politoed\n|move|p1a: Kingambit|Protect|p1a: Kingambit\n|-singleturn|p1a: Kingambit|Protect\n|move|p2a: Incineroar|Fake Out|p1a: Kingambit\n|-activate|p1a: Kingambit|move: Protect\n|move|p2b: Drampa|Heat Wave|p1a: Kingambit|[spread] p1b\n|-activate|p1a: Kingambit|move: Protect\n|-resisted|p1b: Politoed|1\n|-damage|p1b: Politoed|95/100\n|\n|-weather|RainDance|[upkeep]\n|-heal|p1b: Politoed|100/100|[from] item: Leftovers\n|upkeep\n|turn|3\n|inactive|lessa_ped has 30 seconds left.\n|inactive|lessa_ped has 20 seconds left.\n|inactive|lessa_ped has 15 seconds left.\n|inactive|lessa_ped has 10 seconds left.\n|\n|t:|1776651879\n|switch|p1a: Gengar|Gengar-Mega, L50, M|100/100\n|move|p1b: Politoed|Perish Song|p1b: Politoed\n|-start|p1a: Gengar|perish3|[silent]\n|-start|p1b: Politoed|perish3|[silent]\n|-start|p2a: Incineroar|perish3|[silent]\n|-start|p2b: Drampa|perish3|[silent]\n|-fieldactivate|move: Perish Song\n|move|p2a: Incineroar|Parting Shot|p1a: Gengar\n|-unboost|p1a: Gengar|atk|1\n|-unboost|p1a: Gengar|spa|1\n|\n|t:|1776651884\n|switch|p2a: Crabominable|Crabominable, L50, M|100/100|[from] Parting Shot\n|move|p2b: Drampa|Hyper Voice|p1b: Politoed|[spread] p1b\n|-immune|p1a: Gengar\n|-damage|p1b: Politoed|63/100\n|\n|-weather|RainDance|[upkeep]\n|-heal|p1b: Politoed|70/100|[from] item: Leftovers\n|-start|p1a: Gengar|perish3\n|-start|p1b: Politoed|perish3\n|-start|p2b: Drampa|perish3\n|upkeep\n|turn|4\n|inactive|lessa_ped has 30 seconds left.\n|inactive|lessa_ped has 20 seconds left.\n|\n|t:|1776651920\n|move|p1a: Gengar|Protect|p1a: Gengar\n|-singleturn|p1a: Gengar|Protect\n|move|p1b: Politoed|Protect|p1b: Politoed\n|-singleturn|p1b: Politoed|Protect\n|move|p2a: Crabominable|Knock Off|p1a: Gengar\n|-activate|p1a: Gengar|move: Protect\n|move|p2b: Drampa|Draco Meteor|p1a: Gengar\n|-activate|p1a: Gengar|move: Protect\n|\n|-weather|RainDance|[upkeep]\n|-heal|p1b: Politoed|76/100|[from] item: Leftovers\n|-start|p1a: Gengar|perish2\n|-start|p1b: Politoed|perish2\n|-start|p2b: Drampa|perish2\n|upkeep\n|turn|5\n|inactive|lessa_ped has 30 seconds left.\n|inactive|lessa_ped has 20 seconds left.\n|\n|t:|1776651960\n|switch|p1a: Kingambit|Kingambit, L50, M, shiny|42/100\n|move|p1b: Politoed|Weather Ball|p2a: Crabominable\n|-damage|p2a: Crabominable|28/100\n|move|p2a: Crabominable|Knock Off|p1a: Kingambit\n|-resisted|p1a: Kingambit|1\n|-damage|p1a: Kingambit|28/100\n|-enditem|p1a: Kingambit|Black Glasses|[from] move: Knock Off|[of] p2a: Crabominable\n|move|p2b: Drampa|Draco Meteor|p1b: Politoed\n|-damage|p1b: Politoed|4/100\n|-unboost|p2b: Drampa|spa|2\n|\n|-weather|RainDance|[upkeep]\n|-heal|p1b: Politoed|10/100|[from] item: Leftovers\n|-start|p1b: Politoed|perish1\n|-start|p2b: Drampa|perish1\n|upkeep\n|turn|6\n|\n|t:|1776651979\n|switch|p1b: Gengar|Gengar-Mega, L50, M|100/100\n|move|p1a: Kingambit|Protect|p1a: Kingambit\n|-singleturn|p1a: Kingambit|Protect\n|move|p2a: Crabominable|Knock Off|p1a: Kingambit\n|-activate|p1a: Kingambit|move: Protect\n|move|p2b: Drampa|Heat Wave|p1a: Kingambit|[spread] p1b\n|-activate|p1a: Kingambit|move: Protect\n|-damage|p1b: Gengar|89/100\n|\n|-weather|none\n|-start|p2b: Drampa|perish0\n|faint|p2b: Drampa\n|upkeep\n|\n|t:|1776651987\n|switch|p2b: Incineroar|Incineroar, L50, F|100/100\n|-ability|p2b: Incineroar|Intimidate|boost\n|-unboost|p1a: Kingambit|atk|1\n|-ability|p1a: Kingambit|Defiant|boost\n|-boost|p1a: Kingambit|atk|2\n|-unboost|p1b: Gengar|atk|1\n|turn|7\n|\n|t:|1776652000\n|switch|p1a: Sneasler|Sneasler, L50, F|100/100\n|move|p1b: Gengar|Perish Song|p1b: Gengar\n|-start|p1a: Sneasler|perish3|[silent]\n|-start|p1b: Gengar|perish3|[silent]\n|-start|p2a: Crabominable|perish3|[silent]\n|-start|p2b: Incineroar|perish3|[silent]\n|-fieldactivate|move: Perish Song\n|move|p2b: Incineroar|Throat Chop|p1b: Gengar\n|-supereffective|p1b: Gengar|1\n|-damage|p1b: Gengar|0 fnt\n|faint|p1b: Gengar\n|move|p2a: Crabominable|Close Combat|p1a: Sneasler\n|-resisted|p1a: Sneasler|1\n|-damage|p1a: Sneasler|45/100\n|-unboost|p2a: Crabominable|def|1\n|-unboost|p2a: Crabominable|spd|1\n|\n|-start|p1a: Sneasler|perish3\n|-start|p2b: Incineroar|perish3\n|-start|p2a: Crabominable|perish3\n|upkeep\n|\n|t:|1776652011\n|switch|p1b: Politoed|Politoed, L50, M|10/100\n|-weather|RainDance|[from] ability: Drizzle|[of] p1b: Politoed\n|turn|8\n|\n|t:|1776652023\n|move|p1b: Politoed|Protect|p1b: Politoed\n|-singleturn|p1b: Politoed|Protect\n|move|p1a: Sneasler|Fake Out|p2a: Crabominable\n|-damage|p2a: Crabominable|6/100\n|move|p2b: Incineroar|Throat Chop|p1b: Politoed\n|-activate|p1b: Politoed|move: Protect\n|cant|p2a: Crabominable|flinch\n|\n|-weather|RainDance|[upkeep]\n|-heal|p1b: Politoed|16/100|[from] item: Leftovers\n|-start|p1a: Sneasler|perish2\n|-start|p2b: Incineroar|perish2\n|-start|p2a: Crabominable|perish2\n|upkeep\n|turn|9\n|\n|t:|1776652042\n|switch|p1b: Kingambit|Kingambit, L50, M, shiny|28/100\n|move|p1a: Sneasler|Close Combat|p2a: Crabominable\n|-supereffective|p2a: Crabominable|1\n|-damage|p2a: Crabominable|0 fnt\n|-unboost|p1a: Sneasler|def|1\n|-unboost|p1a: Sneasler|spd|1\n|faint|p2a: Crabominable\n|-enditem|p1a: Sneasler|White Herb\n|-clearnegativeboost|p1a: Sneasler|[silent]\n|move|p2b: Incineroar|Throat Chop|p1a: Sneasler\n|-resisted|p1a: Sneasler|1\n|-damage|p1a: Sneasler|18/100\n|-start|p1a: Sneasler|Throat Chop|[silent]\n|\n|-weather|RainDance|[upkeep]\n|-start|p1a: Sneasler|perish1\n|-start|p2b: Incineroar|perish1\n|upkeep\n|turn|10\n|\n|t:|1776652060\n|move|p1b: Kingambit|Protect|p1b: Kingambit\n|-singleturn|p1b: Kingambit|Protect\n|move|p1a: Sneasler|Close Combat|p2b: Incineroar\n|-supereffective|p2b: Incineroar|1\n|-enditem|p2b: Incineroar|Chople Berry|[eat]\n|-enditem|p2b: Incineroar|Chople Berry|[weaken]\n|-damage|p2b: Incineroar|39/100\n|-unboost|p1a: Sneasler|def|1\n|-unboost|p1a: Sneasler|spd|1\n|move|p2b: Incineroar|Throat Chop|p1b: Kingambit\n|-activate|p1b: Kingambit|move: Protect\n|\n|-weather|RainDance|[upkeep]\n|-end|p1a: Sneasler|Throat Chop|[silent]\n|-start|p1a: Sneasler|perish0\n|-start|p2b: Incineroar|perish0\n|faint|p1a: Sneasler\n|faint|p2b: Incineroar\n|\n|win|lessa_ped\n|raw|lessa_ped's rating: 1186 &rarr; <strong>1206</strong><br />(+20 for winning)\n|raw|nkzin17's rating: 1117 &rarr; <strong>1097</strong><br />(-20 for losing)\n|l|\u2606nkzin17\n|player|p2|\n",
  "uploadtime": 1776652073,
  "views": 10,
  "formatid": "gen9championsvgc2026regma",
  "rating": 1097,
  "private": 0,
  "password": null
}