{
  "id": "gen9championsvgc2026regma-2584545571",
  "format": "[Gen 9 Champions] VGC 2026 Reg M-A",
  "players": [
    "moartae",
    "Pelaga"
  ],
  "log": "|j|\u2606moartae\n|j|\u2606Pelaga\n|t:|1776267853\n|gametype|doubles\n|player|p1|moartae|winona|1021\n|player|p2|Pelaga|102|1039\n|gen|9\n|tier|[Gen 9 Champions] VGC 2026 Reg M-A\n|rated|\n|rule|Species Clause: Limit one of each Pok\u00e9mon\n|rule|Item Clause: Limit 1 of each item\n|clearpoke\n|poke|p1|Mimikyu, L50, F|\n|poke|p1|Primarina, L50, F|\n|poke|p1|Chimecho, L50, F|\n|poke|p1|Garchomp, L50, F|\n|poke|p1|Kingambit, L50, F|\n|poke|p1|Crabominable, L50, F|\n|poke|p2|Basculegion, L50, M|\n|poke|p2|Dragonite, L50, M|\n|poke|p2|Sneasler, L50, M|\n|poke|p2|Venusaur, L50, M|\n|poke|p2|Kingambit, L50, M|\n|poke|p2|Incineroar, L50, F|\n|teampreview|4\n|\n|t:|1776267902\n|teamsize|p1|4\n|teamsize|p2|4\n|start\n|switch|p1a: Kyukurarin|Mimikyu, L50, F, shiny|100/100\n|switch|p1b: Queengambit|Kingambit, L50, F|100/100\n|switch|p2a: Dragonite|Dragonite, L50, M|100/100\n|switch|p2b: Venusaur|Venusaur, L50, M|100/100\n|turn|1\n|inactive|Battle timer is ON: inactive players will automatically lose when time's up. (requested by Pelaga)\n|inactive|moartae has 60 seconds left.\n|\n|t:|1776267936\n|detailschange|p2b: Venusaur|Venusaur-Mega, L50, M\n|-mega|p2b: Venusaur|Venusaur|Venusaurite\n|move|p2b: Venusaur|Protect|p2b: Venusaur\n|-singleturn|p2b: Venusaur|Protect\n|move|p2a: Dragonite|Earthquake|p1a: Kyukurarin|[spread] p1a,p1b\n|-activate|p2b: Venusaur|move: Protect\n|-supereffective|p1b: Queengambit|1\n|-activate|p1a: Kyukurarin|ability: Disguise\n|-damage|p1a: Kyukurarin|100/100\n|-damage|p1b: Queengambit|55/100\n|detailschange|p1a: Kyukurarin|Mimikyu-Busted, L50, F, shiny\n|-damage|p1a: Kyukurarin|88/100|[from] pokemon: Mimikyu-Busted\n|move|p1b: Queengambit|Iron Head|p2a: Dragonite\n|-damage|p2a: Dragonite|72/100\n|move|p1a: Kyukurarin|Trick Room|p1a: Kyukurarin\n|-fieldstart|move: Trick Room|[of] p1a: Kyukurarin\n|\n|upkeep\n|turn|2\n|inactive|Pelaga has 30 seconds left.\n|inactive|Pelaga has 20 seconds left.\n|inactive|Pelaga has 15 seconds left.\n|\n|t:|1776267979\n|move|p1b: Queengambit|Kowtow Cleave|p2b: Venusaur\n|-damage|p2b: Venusaur|62/100\n|move|p1a: Kyukurarin|Play Rough|p2a: Dragonite\n|-supereffective|p2a: Dragonite|1\n|-damage|p2a: Dragonite|0 fnt\n|faint|p2a: Dragonite\n|move|p2b: Venusaur|Leech Seed|p1b: Queengambit\n|-start|p1b: Queengambit|move: Leech Seed\n|\n|-damage|p1b: Queengambit|43/100|[from] Leech Seed|[of] p2b: Venusaur\n|-heal|p2b: Venusaur|76/100|[silent]\n|upkeep\n|\n|t:|1776267990\n|switch|p2a: Kingambit|Kingambit, L50, M|100/100\n|turn|3\n|inactive|moartae has 30 seconds left.\n|inactive|Pelaga has 30 seconds left.\n|\n|t:|1776268025\n|switch|p1a: Bum|Garchomp, L50, F|100/100\n|move|p1b: Queengambit|Iron Head|p2b: Venusaur\n|-damage|p2b: Venusaur|39/100\n|move|p2a: Kingambit|Kowtow Cleave|p1a: Bum\n|-damage|p1a: Bum|56/100\n|-damage|p2a: Kingambit|88/100|[from] ability: Rough Skin|[of] p1a: Bum\n|move|p2b: Venusaur|Leech Seed|p1a: Bum\n|-start|p1a: Bum|move: Leech Seed\n|\n|-damage|p1b: Queengambit|31/100|[from] Leech Seed|[of] p2b: Venusaur\n|-heal|p2b: Venusaur|53/100|[silent]\n|-damage|p1a: Bum|44/100|[from] Leech Seed|[of] p2b: Venusaur\n|-heal|p2b: Venusaur|68/100|[silent]\n|upkeep\n|turn|4\n|\n|t:|1776268047\n|move|p2b: Venusaur|Protect|p2b: Venusaur\n|-singleturn|p2b: Venusaur|Protect\n|move|p1b: Queengambit|Iron Head|p2b: Venusaur\n|-activate|p2b: Venusaur|move: Protect\n|move|p2a: Kingambit|Kowtow Cleave|p1a: Bum\n|-damage|p1a: Bum|2/100\n|-damage|p2a: Kingambit|76/100|[from] ability: Rough Skin|[of] p1a: Bum\n|move|p1a: Bum|Earthquake|p2b: Venusaur|[spread] p1b,p2a\n|-activate|p2b: Venusaur|move: Protect\n|-supereffective|p1b: Queengambit|1\n|-supereffective|p2a: Kingambit|1\n|-damage|p1b: Queengambit|0 fnt\n|-damage|p2a: Kingambit|17/100\n|faint|p1b: Queengambit\n|\n|-damage|p1a: Bum|0 fnt|[from] Leech Seed|[of] p2b: Venusaur\n|-heal|p2b: Venusaur|69/100|[silent]\n|faint|p1a: Bum\n|upkeep\n|\n|t:|1776268064\n|switch|p1b: Kyukurarin|Mimikyu-Busted, L50, F, shiny|88/100\n|switch|p1a: Echo|Chimecho, L50, F|100/100\n|turn|5\n|inactive|Pelaga has 30 seconds left.\n|\n|t:|1776268098\n|detailschange|p1a: Echo|Chimecho-Mega, L50, F\n|-mega|p1a: Echo|Chimecho|Chimechite\n|move|p2a: Kingambit|Kowtow Cleave|p1a: Echo\n|-supereffective|p1a: Echo|1\n|-damage|p1a: Echo|7/100\n|move|p1a: Echo|Psychic|p2b: Venusaur\n|-supereffective|p2b: Venusaur|1\n|-damage|p2b: Venusaur|0 fnt\n|faint|p2b: Venusaur\n|move|p1b: Kyukurarin|Shadow Claw|p2a: Kingambit\n|-resisted|p2a: Kingambit|1\n|-damage|p2a: Kingambit|6/100\n|\n|-fieldend|move: Trick Room\n|upkeep\n|\n|t:|1776268110\n|switch|p2b: Sneasler|Sneasler, L50, M|100/100\n|turn|6\n|\n|t:|1776268139\n|move|p2a: Kingambit|Protect|p2a: Kingambit\n|-singleturn|p2a: Kingambit|Protect\n|move|p2b: Sneasler|Rock Slide|p1b: Kyukurarin|[spread] p1a,p1b\n|-resisted|p1a: Echo|1\n|-damage|p1a: Echo|0 fnt\n|-damage|p1b: Kyukurarin|61/100\n|faint|p1a: Echo\n|move|p1b: Kyukurarin|Trick Room|p1b: Kyukurarin\n|-fieldstart|move: Trick Room|[of] p1b: Kyukurarin\n|\n|upkeep\n|turn|7\n|\n|t:|1776268158\n|move|p2b: Sneasler|Protect|p2b: Sneasler\n|-singleturn|p2b: Sneasler|Protect\n|move|p2a: Kingambit|Kowtow Cleave|p1b: Kyukurarin\n|-damage|p1b: Kyukurarin|0 fnt\n|faint|p1b: Kyukurarin\n|\n|win|Pelaga\n|raw|moartae's rating: 1021 &rarr; <strong>1009</strong><br />(-12 for losing)\n|raw|Pelaga's rating: 1039 &rarr; <strong>1071</strong><br />(+32 for winning)\n",
  "uploadtime": 1776268172,
  "views": 18,
  "formatid": "gen9championsvgc2026regma",
  "rating": 1009,
  "private": 0,
  "password": null
}