{
  "id": "gen9championsvgc2026regma-2586308293",
  "format": "[Gen 9 Champions] VGC 2026 Reg M-A",
  "players": [
    "Roberfly",
    "bkhjvgfutykh"
  ],
  "log": "|j|\u2606Roberfly\n|j|\u203dbkhjvgfutykh\n|t:|1776423742\n|gametype|doubles\n|player|p1|Roberfly|rood|1173\n|player|p2|bkhjvgfutykh|266|1079\n|gen|9\n|tier|[Gen 9 Champions] VGC 2026 Reg M-A\n|rated|\n|rule|Species Clause: Limit one of each Pok\u00e9mon\n|rule|Item Clause: Limit 1 of each item\n|clearpoke\n|poke|p1|Aerodactyl, L50, F|\n|poke|p1|Tauros-Paldea-Aqua, L50, M|\n|poke|p1|Sinistcha, L50|\n|poke|p1|Milotic, L50, M|\n|poke|p1|Tyranitar, L50, F|\n|poke|p1|Aegislash, L50, F|\n|poke|p2|Pelipper, L50, F|\n|poke|p2|Dragonite, L50, M|\n|poke|p2|Archaludon, L50, F|\n|poke|p2|Sinistcha, L50|\n|poke|p2|Basculegion, L50, M|\n|poke|p2|Sneasler, L50, M|\n|teampreview|4\n|inactive|Battle timer is ON: inactive players will automatically lose when time's up. (requested by bkhjvgfutykh)\n|\n|t:|1776423774\n|teamsize|p1|4\n|teamsize|p2|4\n|start\n|switch|p1a: Aerodactyl|Aerodactyl, L50, F|100/100\n|switch|p1b: Milotic|Milotic, L50, M|100/100\n|switch|p2a: Basculegion|Basculegion, L50, M|100/100\n|switch|p2b: Sneasler|Sneasler, L50, M|100/100\n|turn|1\n|\n|t:|1776423794\n|move|p1a: Aerodactyl|Protect|p1a: Aerodactyl\n|-singleturn|p1a: Aerodactyl|Protect\n|move|p2b: Sneasler|Fake Out|p1a: Aerodactyl\n|-activate|p1a: Aerodactyl|move: Protect\n|move|p1b: Milotic|Scald|p2b: Sneasler\n|-damage|p2b: Sneasler|60/100\n|move|p2a: Basculegion|Wave Crash|p1a: Aerodactyl\n|-activate|p1a: Aerodactyl|move: Protect\n|\n|upkeep\n|turn|2\n|inactive|Roberfly has 30 seconds left.\n|inactive|bkhjvgfutykh has 30 seconds left.\n|\n|t:|1776423829\n|switch|p1a: Sinistcha|Sinistcha, L50|100/100\n|switch|p2b: Sinistcha|Sinistcha, L50|100/100\n|move|p1b: Milotic|Scald|p2a: Basculegion\n|-resisted|p2a: Basculegion|1\n|-damage|p2a: Basculegion|87/100\n|move|p2a: Basculegion|Wave Crash|p1a: Sinistcha\n|-resisted|p1a: Sinistcha|1\n|-damage|p1a: Sinistcha|67/100\n|-damage|p2a: Basculegion|77/100|[from] Recoil\n|\n|upkeep\n|turn|3\n|inactive|Roberfly has 30 seconds left.\n|\n|t:|1776423858\n|switch|p2a: Pelipper|Pelipper, L50, F|100/100\n|-weather|RainDance|[from] ability: Drizzle|[of] p2a: Pelipper\n|switch|p1a: Aegislash|Aegislash, L50, F|100/100\n|move|p1b: Milotic|Protect|p1b: Milotic\n|-singleturn|p1b: Milotic|Protect\n|move|p2b: Sinistcha|Matcha Gotcha|p1a: Aegislash|[spread] p1a\n|-activate|p1b: Milotic|move: Protect\n|-resisted|p1a: Aegislash|1\n|-damage|p1a: Aegislash|90/100\n|\n|-weather|RainDance|[upkeep]\n|upkeep\n|turn|4\n|\n|t:|1776423880\n|move|p1b: Milotic|Icy Wind|p2a: Pelipper|[spread] p2a,p2b\n|-supereffective|p2b: Sinistcha|1\n|-crit|p2b: Sinistcha\n|-damage|p2a: Pelipper|89/100\n|-damage|p2b: Sinistcha|65/100\n|-unboost|p2a: Pelipper|spe|1\n|-unboost|p2b: Sinistcha|spe|1\n|-formechange|p1a: Aegislash|Aegislash-Blade|\n|move|p1a: Aegislash|Shadow Ball|p2b: Sinistcha\n|-supereffective|p2b: Sinistcha|1\n|-damage|p2b: Sinistcha|0 fnt\n|faint|p2b: Sinistcha\n|move|p2a: Pelipper|Tailwind|p2a: Pelipper\n|-sidestart|p2: bkhjvgfutykh|move: Tailwind\n|\n|-weather|RainDance|[upkeep]\n|upkeep\n|\n|t:|1776423892\n|switch|p2b: Basculegion|Basculegion, L50, M|77/100\n|turn|5\n|\n|t:|1776423907\n|-formechange|p1a: Aegislash|Aegislash|\n|move|p1a: Aegislash|King's Shield|p1a: Aegislash\n|-singleturn|p1a: Aegislash|Protect\n|move|p2a: Pelipper|Wide Guard|p2a: Pelipper\n|-singleturn|p2a: Pelipper|Wide Guard\n|move|p2b: Basculegion|Wave Crash|p1a: Aegislash\n|-activate|p1a: Aegislash|move: Protect\n|-unboost|p2b: Basculegion|atk|1\n|move|p1b: Milotic|Icy Wind|p2b: Basculegion|[spread] \n|-activate|p2a: Pelipper|move: Wide Guard\n|-activate|p2b: Basculegion|move: Wide Guard\n|\n|-weather|RainDance|[upkeep]\n|upkeep\n|turn|6\n|\n|t:|1776423928\n|switch|p1a: Sinistcha|Sinistcha, L50|67/100\n|move|p2a: Pelipper|Wide Guard|p2a: Pelipper\n|-singleturn|p2a: Pelipper|Wide Guard\n|move|p2b: Basculegion|Wave Crash|p1a: Sinistcha\n|-resisted|p1a: Sinistcha|1\n|-damage|p1a: Sinistcha|30/100\n|-enditem|p1a: Sinistcha|Sitrus Berry|[eat]\n|-heal|p1a: Sinistcha|55/100|[from] item: Sitrus Berry\n|-damage|p2b: Basculegion|66/100|[from] Recoil\n|move|p1b: Milotic|Scald|p2b: Basculegion\n|-resisted|p2b: Basculegion|1\n|-damage|p2b: Basculegion|44/100\n|-status|p2b: Basculegion|brn\n|\n|-weather|RainDance|[upkeep]\n|-damage|p2b: Basculegion|37/100 brn|[from] brn\n|upkeep\n|turn|7\n|inactive|Roberfly has 30 seconds left.\n|\n|t:|1776423954\n|switch|p1a: Aegislash|Aegislash, L50, F|90/100\n|move|p2b: Basculegion|Protect|p2b: Basculegion\n|-singleturn|p2b: Basculegion|Protect\n|move|p1b: Milotic|Icy Wind|p2a: Pelipper|[spread] p2a\n|-activate|p2b: Basculegion|move: Protect\n|-damage|p2a: Pelipper|75/100\n|-unboost|p2a: Pelipper|spe|1\n|move|p2a: Pelipper|Hurricane|p1a: Aegislash\n|-resisted|p1a: Aegislash|1\n|-damage|p1a: Aegislash|69/100\n|\n|-weather|none\n|-damage|p2b: Basculegion|31/100 brn|[from] brn\n|-sideend|p2: bkhjvgfutykh|move: Tailwind\n|upkeep\n|turn|8\n|inactive|Roberfly has 30 seconds left.\n|\n|t:|1776423980\n|switch|p2a: Sneasler|Sneasler, L50, M|60/100\n|move|p1b: Milotic|Icy Wind|p2a: Sneasler|[spread] p2a,p2b\n|-resisted|p2b: Basculegion|1\n|-damage|p2a: Sneasler|45/100\n|-damage|p2b: Basculegion|27/100 brn\n|-unboost|p2a: Sneasler|spe|1\n|-unboost|p2b: Basculegion|spe|1\n|-enditem|p2a: Sneasler|White Herb\n|-clearnegativeboost|p2a: Sneasler|[silent]\n|-formechange|p1a: Aegislash|Aegislash-Blade|\n|move|p1a: Aegislash|Shadow Ball|p2a: Sneasler\n|-damage|p2a: Sneasler|0 fnt\n|faint|p2a: Sneasler\n|move|p2b: Basculegion|Last Respects|p1a: Aegislash\n|-supereffective|p1a: Aegislash|1\n|-damage|p1a: Aegislash|0 fnt\n|faint|p1a: Aegislash\n|\n|-damage|p2b: Basculegion|20/100 brn|[from] brn\n|upkeep\n|\n|t:|1776423997\n|switch|p2a: Pelipper|Pelipper, L50, F|75/100\n|switch|p1a: Aerodactyl|Aerodactyl, L50, F|100/100\n|-weather|RainDance|[from] ability: Drizzle|[of] p2a: Pelipper\n|turn|9\n|inactive|Roberfly has 30 seconds left.\n|\n|t:|1776424022\n|detailschange|p1a: Aerodactyl|Aerodactyl-Mega, L50, F\n|-mega|p1a: Aerodactyl|Aerodactyl|Aerodactylite\n|move|p2b: Basculegion|Protect|p2b: Basculegion\n|-singleturn|p2b: Basculegion|Protect\n|move|p1a: Aerodactyl|Dual Wingbeat|p2a: Pelipper\n|-damage|p2a: Pelipper|37/100\n|-damage|p2a: Pelipper|3/100\n|-hitcount|p2a: Pelipper|2\n|move|p1b: Milotic|Scald|p2a: Pelipper\n|-resisted|p2a: Pelipper|1\n|-damage|p2a: Pelipper|0 fnt\n|faint|p2a: Pelipper\n|\n|-weather|RainDance|[upkeep]\n|-damage|p2b: Basculegion|14/100 brn|[from] brn\n|upkeep\n|turn|10\n|\n|t:|1776424042\n|move|p2b: Basculegion|Aqua Jet|p1a: Aerodactyl\n|-supereffective|p1a: Aerodactyl|1\n|-damage|p1a: Aerodactyl|64/100\n|move|p1a: Aerodactyl|Iron Head|p2b: Basculegion\n|-resisted|p2b: Basculegion|1\n|-damage|p2b: Basculegion|0 fnt\n|faint|p2b: Basculegion\n|\n|win|Roberfly\n|raw|Roberfly's rating: 1173 &rarr; <strong>1191</strong><br />(+18 for winning)\n|raw|bkhjvgfutykh's rating: 1079 &rarr; <strong>1063</strong><br />(-16 for losing)\n|l|\u203dbkhjvgfutykh\n|player|p2|\n",
  "uploadtime": 1776424053,
  "views": 44,
  "formatid": "gen9championsvgc2026regma",
  "rating": 1063,
  "private": 0,
  "password": null
}