{
  "id": "gen9championsvgc2026regma-2583121783",
  "format": "[Gen 9 Champions] VGC 2026 Reg M-A",
  "players": [
    "rezon8",
    "Waikz1"
  ],
  "log": "|j|\u2606rezon8\n|j|\u2606Waikz1\n|t:|1776144590\n|gametype|doubles\n|player|p1|rezon8|101|1120\n|player|p2|Waikz1|steven|1033\n|gen|9\n|tier|[Gen 9 Champions] VGC 2026 Reg M-A\n|rated|\n|rule|Species Clause: Limit one of each Pok\u00e9mon\n|rule|Item Clause: Limit 1 of each item\n|clearpoke\n|poke|p1|Hydreigon, L50, M|\n|poke|p1|Charizard, L50, F|\n|poke|p1|Krookodile, L50, F|\n|poke|p1|Armarouge, L50, F|\n|poke|p1|Sinistcha, L50|\n|poke|p1|Whimsicott, L50, M|\n|poke|p2|Froslass, L50, F|\n|poke|p2|Incineroar, L50, M|\n|poke|p2|Orthworm, L50, F|\n|poke|p2|Garchomp, L50, F|\n|poke|p2|Basculegion, L50, M|\n|poke|p2|Rotom-Frost, L50|\n|teampreview|4\n|inactive|Battle timer is ON: inactive players will automatically lose when time's up. (requested by Waikz1)\n|inactive|rezon8 has 60 seconds left.\n|inactive|rezon8 has 30 seconds left.\n|inactive|rezon8 has 20 seconds left.\n|inactive|rezon8 has 15 seconds left.\n|inactive|rezon8 has 10 seconds left.\n|inactive|rezon8 has 5 seconds left.\n|\n|t:|1776144676\n|teamsize|p1|4\n|teamsize|p2|4\n|start\n|switch|p1a: Krookodile|Krookodile, L50, F|100/100\n|switch|p1b: Hydreigon|Hydreigon, L50, M|100/100\n|switch|p2a: Orthworm|Orthworm, L50, F|100/100\n|switch|p2b: Garchomp|Garchomp, L50, F|100/100\n|-ability|p1a: Krookodile|Intimidate|boost\n|-unboost|p2a: Orthworm|atk|1\n|-unboost|p2b: Garchomp|atk|1\n|turn|1\n|inactive|rezon8 has 30 seconds left.\n|inactive|Waikz1 has 30 seconds left.\n|\n|t:|1776144711\n|switch|p1b: Whimsicott|Whimsicott, L50, M|100/100\n|move|p2b: Garchomp|Protect|p2b: Garchomp\n|-singleturn|p2b: Garchomp|Protect\n|move|p1a: Krookodile|Close Combat|p2a: Orthworm\n|-supereffective|p2a: Orthworm|1\n|-damage|p2a: Orthworm|50/100\n|-unboost|p1a: Krookodile|def|1\n|-unboost|p1a: Krookodile|spd|1\n|-enditem|p2a: Orthworm|Sitrus Berry|[eat]\n|-heal|p2a: Orthworm|75/100|[from] item: Sitrus Berry\n|move|p2a: Orthworm|Iron Defense|p2a: Orthworm\n|-boost|p2a: Orthworm|def|2\n|\n|upkeep\n|turn|2\n|inactive|rezon8 has 30 seconds left.\n|inactive|Waikz1 has 30 seconds left.\n|inactive|rezon8 has 20 seconds left.\n|\n|t:|1776144748\n|switch|p1a: Charizard|Charizard, L50, F|100/100\n|switch|p2b: Froslass|Froslass, L50, F, shiny|100/100\n|switch|p2a: Incineroar|Incineroar, L50, M, shiny|100/100\n|-ability|p2a: Incineroar|Intimidate|boost\n|-unboost|p1a: Charizard|atk|1\n|-unboost|p1b: Whimsicott|atk|1\n|move|p1b: Whimsicott|Encore|p2a: Incineroar\n|-hint|Since gen 7, Dark is immune to Prankster moves.\n|-immune|p2a: Incineroar\n|\n|upkeep\n|turn|3\n|inactive|rezon8 has 30 seconds left.\n|inactive|Waikz1 has 30 seconds left.\n|inactive|rezon8 has 20 seconds left.\n|inactive|Waikz1 has 20 seconds left.\n|inactive|rezon8 has 15 seconds left.\n|inactive|rezon8 has 10 seconds left.\n|\n|t:|1776144798\n|switch|p1b: Krookodile|Krookodile, L50, F|100/100\n|-ability|p1b: Krookodile|Intimidate|boost\n|-unboost|p2a: Incineroar|atk|1\n|-unboost|p2b: Froslass|atk|1\n|detailschange|p2b: Froslass|Froslass-Mega, L50, F, shiny\n|-mega|p2b: Froslass|Froslass|Froslassite\n|-weather|Snowscape|[from] ability: Snow Warning|[of] p2b: Froslass\n|move|p1a: Charizard|Protect|p1a: Charizard\n|-singleturn|p1a: Charizard|Protect\n|move|p2a: Incineroar|Fake Out|p1a: Charizard\n|-activate|p1a: Charizard|move: Protect\n|move|p2b: Froslass|Blizzard|p1b: Krookodile|[spread] p1b\n|-activate|p1a: Charizard|move: Protect\n|-supereffective|p1b: Krookodile|1\n|-damage|p1b: Krookodile|0 fnt\n|faint|p1b: Krookodile\n|\n|-weather|Snowscape|[upkeep]\n|upkeep\n|inactive|rezon8 has 30 seconds left.\n|\n|t:|1776144828\n|switch|p1b: Hydreigon|Hydreigon, L50, M|100/100\n|turn|4\n|inactive|rezon8 has 30 seconds left.\n|\n|t:|1776144856\n|switch|p2b: Garchomp|Garchomp, L50, F|100/100\n|detailschange|p1a: Charizard|Charizard-Mega-Y, L50, F\n|-mega|p1a: Charizard|Charizard|Charizardite Y\n|-weather|SunnyDay|[from] ability: Drought|[of] p1a: Charizard\n|move|p1a: Charizard|Dragon Pulse|p2b: Garchomp\n|-supereffective|p2b: Garchomp|1\n|-damage|p2b: Garchomp|22/100\n|move|p1b: Hydreigon|Focus Energy|p1b: Hydreigon\n|-start|p1b: Hydreigon|move: Focus Energy\n|move|p2a: Incineroar|Parting Shot|p1a: Charizard\n|-unboost|p1a: Charizard|atk|1\n|-unboost|p1a: Charizard|spa|1\n|\n|t:|1776144874\n|switch|p2a: Froslass|Froslass-Mega, L50, F, shiny|100/100|[from] Parting Shot\n|-weather|Snowscape|[from] ability: Snow Warning|[of] p2a: Froslass\n|\n|-weather|Snowscape|[upkeep]\n|upkeep\n|turn|5\n|inactive|rezon8 has 30 seconds left.\n|\n|t:|1776144902\n|switch|p1a: Whimsicott|Whimsicott, L50, M|100/100\n|move|p1b: Hydreigon|Protect|p1b: Hydreigon\n|-singleturn|p1b: Hydreigon|Protect\n|move|p2a: Froslass|Blizzard|p1b: Hydreigon|[spread] p1a\n|-activate|p1b: Hydreigon|move: Protect\n|-supereffective|p1a: Whimsicott|1\n|-enditem|p1a: Whimsicott|Focus Sash\n|-damage|p1a: Whimsicott|1/100\n|move|p2b: Garchomp|Rock Slide|p1b: Hydreigon|[spread] p1a\n|-activate|p1b: Hydreigon|move: Protect\n|-damage|p1a: Whimsicott|0 fnt\n|faint|p1a: Whimsicott\n|\n|-weather|Snowscape|[upkeep]\n|upkeep\n|\n|t:|1776144919\n|switch|p1a: Charizard|Charizard-Mega-Y, L50, F|100/100\n|-weather|SunnyDay|[from] ability: Drought|[of] p1a: Charizard\n|turn|6\n|\n|t:|1776144938\n|switch|p2a: Incineroar|Incineroar, L50, M, shiny|100/100\n|-ability|p2a: Incineroar|Intimidate|boost\n|-unboost|p1a: Charizard|atk|1\n|-unboost|p1b: Hydreigon|atk|1\n|move|p2b: Garchomp|Rock Slide|p1a: Charizard|[spread] p1a,p1b\n|-supereffective|p1a: Charizard|2\n|-damage|p1a: Charizard|0 fnt\n|-damage|p1b: Hydreigon|78/100\n|faint|p1a: Charizard\n|cant|p1b: Hydreigon|flinch\n|\n|-weather|SunnyDay|[upkeep]\n|upkeep\n|turn|7\n|-message|rezon8 forfeited.\n|\n|win|Waikz1\n|raw|rezon8's rating: 1120 &rarr; <strong>1089</strong><br />(-31 for losing)\n|raw|Waikz1's rating: 1033 &rarr; <strong>1077</strong><br />(+44 for winning)\n|l|\u2606rezon8\n|player|p1|\n",
  "uploadtime": 1776144993,
  "views": 16,
  "formatid": "gen9championsvgc2026regma",
  "rating": 1077,
  "private": 0,
  "password": null
}