{
  "id": "gen9championsvgc2026regma-2585633224",
  "format": "[Gen 9 Champions] VGC 2026 Reg M-A",
  "players": [
    "Kobie2210",
    "unkownbannana032"
  ],
  "log": "|j|\u2606Kobie2210\n|j|\u2606unkownbannana032\n|t:|1776360186\n|gametype|doubles\n|player|p1|Kobie2210|hilbert|1114\n|player|p2|unkownbannana032|marley|1014\n|gen|9\n|tier|[Gen 9 Champions] VGC 2026 Reg M-A\n|rated|\n|rule|Species Clause: Limit one of each Pok\u00e9mon\n|rule|Item Clause: Limit 1 of each item\n|clearpoke\n|poke|p1|Delphox, L50, M|\n|poke|p1|Zoroark-Hisui, L50, M|\n|poke|p1|Ninetales, L50, F|\n|poke|p1|Meowscarada, L50, M|\n|poke|p1|Meowstic, L50, M|\n|poke|p1|Dragonite, L50, M|\n|poke|p2|Meowstic, L50, M|\n|poke|p2|Sneasler, L50, M|\n|poke|p2|Incineroar, L50, M|\n|poke|p2|Azumarill, L50, F|\n|poke|p2|Dragapult, L50, F|\n|poke|p2|Klefki, L50, M|\n|teampreview|4\n|\n|t:|1776360236\n|teamsize|p1|4\n|teamsize|p2|4\n|start\n|switch|p1a: Delphox|Delphox, L50, M, shiny|100/100\n|switch|p1b: Dragonite|Dragonite, L50, M, shiny|100/100\n|switch|p2a: Incineroar|Incineroar, L50, M|100/100\n|switch|p2b: Klefki|Klefki, L50, M|100/100\n|-ability|p2a: Incineroar|Intimidate|boost\n|-unboost|p1a: Delphox|atk|1\n|-fail|p1b: Dragonite|unboost|Attack|[from] ability: Inner Focus|[of] p1b: Dragonite\n|turn|1\n|\n|t:|1776360262\n|move|p2b: Klefki|Light Screen|p2b: Klefki\n|-sidestart|p2: unkownbannana032|move: Light Screen\n|move|p1a: Delphox|Taunt|p2b: Klefki\n|-start|p2b: Klefki|move: Taunt\n|-enditem|p2b: Klefki|Mental Herb\n|-end|p2b: Klefki|move: Taunt\n|move|p1b: Dragonite|Tailwind|p1b: Dragonite\n|-sidestart|p1: Kobie2210|move: Tailwind\n|move|p2a: Incineroar|Nasty Plot|p2a: Incineroar\n|-boost|p2a: Incineroar|spa|2\n|\n|upkeep\n|turn|2\n|\n|t:|1776360287\n|move|p2b: Klefki|Reflect|p2b: Klefki\n|-sidestart|p2: unkownbannana032|Reflect\n|move|p1a: Delphox|Taunt|p2b: Klefki\n|-start|p2b: Klefki|move: Taunt\n|move|p1b: Dragonite|Waterfall|p2a: Incineroar\n|-supereffective|p2a: Incineroar|1\n|-damage|p2a: Incineroar|65/100\n|cant|p2a: Incineroar|flinch\n|\n|-heal|p2a: Incineroar|71/100|[from] item: Leftovers\n|upkeep\n|turn|3\n|\n|t:|1776360311\n|move|p1a: Delphox|Shadow Ball|p2b: Klefki\n|-damage|p2b: Klefki|70/100\n|move|p1b: Dragonite|Waterfall|p2a: Incineroar\n|-supereffective|p2a: Incineroar|1\n|-damage|p2a: Incineroar|35/100\n|move|p2b: Klefki|Dazzling Gleam|p1a: Delphox|[spread] p1a,p1b\n|-supereffective|p1b: Dragonite|1\n|-damage|p1a: Delphox|68/100\n|-damage|p1b: Dragonite|69/100\n|replace|p1a: Zoroark|Zoroark-Hisui, L50, M, shiny\n|-end|p1a: Zoroark|Illusion\n|move|p2a: Incineroar|Baton Pass|p2a: Incineroar\n|\n|t:|1776360327\n|switch|p2a: Meowstic|Meowstic, L50, M|100/100|[from] Baton Pass\n|\n|upkeep\n|turn|4\n|\n|t:|1776360347\n|switch|p2b: Dragapult|Dragapult, L50, F|100/100\n|move|p2a: Meowstic|Protect|p2a: Meowstic\n|-singleturn|p2a: Meowstic|Protect\n|move|p1b: Dragonite|Extreme Speed|p2a: Meowstic\n|-activate|p2a: Meowstic|move: Protect\n|move|p1a: Zoroark|Shadow Ball|p2a: Meowstic\n|-activate|p2a: Meowstic|move: Protect\n|\n|-sideend|p1: Kobie2210|move: Tailwind\n|upkeep\n|turn|5\n|\n|t:|1776360364\n|move|p1b: Dragonite|Extreme Speed|p2a: Meowstic\n|-damage|p2a: Meowstic|74/100\n|move|p2a: Meowstic|Psychic Terrain|p2a: Meowstic\n|-fieldstart|move: Psychic Terrain\n|move|p2b: Dragapult|Draco Meteor|p1a: Zoroark\n|-damage|p1a: Zoroark|0 fnt\n|-unboost|p2b: Dragapult|spa|2\n|faint|p1a: Zoroark\n|\n|-sideend|p2: unkownbannana032|move: Light Screen\n|upkeep\n|\n|t:|1776360385\n|switch|p1a: Meowscarada|Meowscarada, L50, M|100/100\n|turn|6\n|\n|t:|1776360395\n|switch|p2b: Incineroar|Incineroar, L50, M|35/100\n|-ability|p2b: Incineroar|Intimidate|boost\n|-unboost|p1a: Meowscarada|atk|1\n|-fail|p1b: Dragonite|unboost|Attack|[from] ability: Inner Focus|[of] p1b: Dragonite\n|detailschange|p2a: Meowstic|Meowstic-M-Mega, L50, M\n|-mega|p2a: Meowstic|Meowstic|Meowsticite\n|-ability|p2a: Meowstic|Inner Focus|Trace|[from] ability: Trace|[of] p1b: Dragonite\n|move|p2a: Meowstic|Protect|p2a: Meowstic\n|-singleturn|p2a: Meowstic|Protect\n|move|p1a: Meowscarada|Triple Axel|p2b: Incineroar\n|-start|p1a: Meowscarada|typechange|Ice|[from] ability: Protean\n|-resisted|p2b: Incineroar|1\n|-damage|p2b: Incineroar|33/100\n|-resisted|p2b: Incineroar|1\n|-damage|p2b: Incineroar|30/100\n|-resisted|p2b: Incineroar|1\n|-damage|p2b: Incineroar|25/100\n|-hitcount|p2b: Incineroar|3\n|move|p1b: Dragonite|Waterfall|p2a: Meowstic\n|-activate|p2a: Meowstic|move: Protect\n|\n|-heal|p2b: Incineroar|30/100|[from] item: Leftovers\n|-sideend|p2: unkownbannana032|Reflect\n|upkeep\n|turn|7\n|\n|t:|1776360421\n|move|p2b: Incineroar|Fake Out|p1a: Meowscarada\n|-activate|p1a: Meowscarada|move: Psychic Terrain\n|move|p1a: Meowscarada|Triple Axel|p2a: Meowstic\n|-damage|p2a: Meowstic|64/100\n|-damage|p2a: Meowstic|45/100\n|-damage|p2a: Meowstic|15/100\n|-hitcount|p2a: Meowstic|3\n|move|p2a: Meowstic|Expanding Force|p1b: Dragonite|[spread] p1a,p1b\n|-damage|p1a: Meowscarada|0 fnt\n|-damage|p1b: Dragonite|0 fnt\n|faint|p1a: Meowscarada\n|faint|p1b: Dragonite\n|\n|-heal|p2b: Incineroar|36/100|[from] item: Leftovers\n|upkeep\n|\n|t:|1776360436\n|switch|p1b: Delphox|Delphox, L50, M, shiny|100/100\n|turn|8\n|\n|t:|1776360444\n|detailschange|p1b: Delphox|Delphox-Mega, L50, M, shiny\n|-mega|p1b: Delphox|Delphox|Delphoxite\n|move|p1b: Delphox|Heat Wave|p2b: Incineroar|[spread] p2a,p2b\n|-resisted|p2b: Incineroar|1\n|-damage|p2a: Meowstic|0 fnt\n|-damage|p2b: Incineroar|19/100\n|faint|p2a: Meowstic\n|move|p2b: Incineroar|Darkest Lariat|p1b: Delphox\n|-supereffective|p1b: Delphox|1\n|-damage|p1b: Delphox|0 fnt\n|faint|p1b: Delphox\n|\n|win|unkownbannana032\n|raw|Kobie2210's rating: 1114 &rarr; <strong>1082</strong><br />(-32 for losing)\n|raw|unkownbannana032's rating: 1014 &rarr; <strong>1063</strong><br />(+49 for winning)\n|l|\u2606Kobie2210\n|player|p1|\n|l|\u2606unkownbannana032\n|player|p2|\n|j|\u2606unkownbannana032\n|player|p2|unkownbannana032|marley|\n",
  "uploadtime": 1776360598,
  "views": 19,
  "formatid": "gen9championsvgc2026regma",
  "rating": 1063,
  "private": 0,
  "password": null
}