{
  "id": "gen9championsvgc2026regma-2582772372",
  "format": "[Gen 9 Champions] VGC 2026 Reg M-A",
  "players": [
    "santilhi2",
    "disciple of blahaj"
  ],
  "log": "|j|\u2606santilhi2\n|j|\u2606disciple of blahaj\n|t:|1776113034\n|gametype|doubles\n|player|p1|santilhi2|101|1084\n|player|p2|disciple of blahaj|jacinthe|1114\n|gen|9\n|tier|[Gen 9 Champions] VGC 2026 Reg M-A\n|rated|\n|rule|Species Clause: Limit one of each Pok\u00e9mon\n|rule|Item Clause: Limit 1 of each item\n|clearpoke\n|poke|p1|Hawlucha, L50, M|\n|poke|p1|Garchomp, L50, M|\n|poke|p1|Volcarona, L50, F|\n|poke|p1|Kingambit, L50, M|\n|poke|p1|Basculegion, L50, M|\n|poke|p1|Alakazam, L50, M|\n|poke|p2|Meganium, L50, M|\n|poke|p2|Pelipper, L50, F|\n|poke|p2|Archaludon, L50, F|\n|poke|p2|Sneasler, L50, M|\n|poke|p2|Basculegion, L50, M|\n|poke|p2|Garchomp, L50, M|\n|teampreview|4\n|inactive|Battle timer is ON: inactive players will automatically lose when time's up. (requested by santilhi2)\n|\n|t:|1776113088\n|teamsize|p1|4\n|teamsize|p2|4\n|start\n|switch|p1a: Volcarona|Volcarona, L50, F|100/100\n|switch|p1b: Hawlucha|Hawlucha, L50, M|100/100\n|switch|p2a: Pelipper|Pelipper, L50, F|100/100\n|switch|p2b: Sneasler|Sneasler, L50, M, shiny|100/100\n|-weather|RainDance|[from] ability: Drizzle|[of] p2a: Pelipper\n|turn|1\n|inactive|santilhi2 has 30 seconds left.\n|\n|t:|1776113117\n|detailschange|p1b: Hawlucha|Hawlucha-Mega, L50, M\n|-mega|p1b: Hawlucha|Hawlucha|Hawluchanite\n|move|p2b: Sneasler|Fake Out|p1b: Hawlucha\n|-damage|p1b: Hawlucha|83/100\n|cant|p1b: Hawlucha|flinch\n|move|p1a: Volcarona|Psychic|p2b: Sneasler\n|-supereffective|p2b: Sneasler|2\n|-damage|p2b: Sneasler|0 fnt\n|faint|p2b: Sneasler\n|move|p2a: Pelipper|Tailwind|p2a: Pelipper\n|-sidestart|p2: disciple of blahaj|move: Tailwind\n|\n|-weather|RainDance|[upkeep]\n|upkeep\n|\n|t:|1776113135\n|switch|p2b: Archaludon|Archaludon, L50, F, shiny|100/100\n|turn|2\n|inactive|santilhi2 has 30 seconds left.\n|inactive|santilhi2 has 20 seconds left.\n|\n|t:|1776113170\n|switch|p1a: Alakazam|Alakazam, L50, M|100/100\n|move|p2b: Archaludon|Electro Shot||[still]\n|-prepare|p2b: Archaludon|Electro Shot\n|-boost|p2b: Archaludon|spa|1\n|-anim|p2b: Archaludon|Electro Shot|p1b: Hawlucha\n|-supereffective|p1b: Hawlucha|1\n|-damage|p1b: Hawlucha|0 fnt\n|faint|p1b: Hawlucha\n|move|p2a: Pelipper|Hurricane|p1a: Alakazam\n|-damage|p1a: Alakazam|25/100\n|-start|p1a: Alakazam|confusion\n|\n|-weather|RainDance|[upkeep]\n|upkeep\n|\n|t:|1776113188\n|switch|p1b: Kingambit|Kingambit, L50, M|100/100\n|-activate|p1b: Kingambit|ability: Supreme Overlord\n|-start|p1b: Kingambit|fallen1|[silent]\n|turn|3\n|inactive|santilhi2 has 30 seconds left.\n|\n|t:|1776113216\n|move|p2b: Archaludon|Electro Shot||[still]\n|-prepare|p2b: Archaludon|Electro Shot\n|-boost|p2b: Archaludon|spa|1\n|-anim|p2b: Archaludon|Electro Shot|p1b: Kingambit\n|-damage|p1b: Kingambit|3/100\n|move|p2a: Pelipper|Hurricane|p1a: Alakazam\n|-damage|p1a: Alakazam|0 fnt\n|faint|p1a: Alakazam\n|move|p1b: Kingambit|Kowtow Cleave|p2a: Pelipper\n|-damage|p2a: Pelipper|28/100\n|\n|-weather|RainDance|[upkeep]\n|-heal|p1b: Kingambit|10/100|[from] item: Leftovers\n|upkeep\n|\n|t:|1776113233\n|switch|p1a: Volcarona|Volcarona, L50, F|100/100\n|turn|4\n|\n|t:|1776113246\n|move|p2a: Pelipper|Protect|p2a: Pelipper\n|-singleturn|p2a: Pelipper|Protect\n|move|p1b: Kingambit|Sucker Punch||[still]\n|-fail|p1b: Kingambit\n|move|p2b: Archaludon|Electro Shot||[still]\n|-prepare|p2b: Archaludon|Electro Shot\n|-boost|p2b: Archaludon|spa|1\n|-anim|p2b: Archaludon|Electro Shot|p1a: Volcarona\n|-enditem|p1a: Volcarona|Focus Sash\n|-damage|p1a: Volcarona|1/100\n|move|p1a: Volcarona|Fiery Dance|p2b: Archaludon\n|-damage|p2b: Archaludon|68/100\n|-boost|p1a: Volcarona|spa|1\n|\n|-weather|RainDance|[upkeep]\n|-heal|p1b: Kingambit|16/100|[from] item: Leftovers\n|-sideend|p2: disciple of blahaj|move: Tailwind\n|upkeep\n|turn|5\n|inactive|santilhi2 has 30 seconds left.\n|\n|t:|1776113274\n|move|p1b: Kingambit|Sucker Punch|p2b: Archaludon\n|-damage|p2b: Archaludon|30/100\n|move|p1a: Volcarona|Fiery Dance|p2b: Archaludon\n|-damage|p2b: Archaludon|0 fnt\n|faint|p2b: Archaludon\n|move|p2a: Pelipper|Tailwind|p2a: Pelipper\n|-sidestart|p2: disciple of blahaj|move: Tailwind\n|\n|-weather|none\n|-heal|p1b: Kingambit|22/100|[from] item: Leftovers\n|upkeep\n|\n|t:|1776113280\n|switch|p2b: Basculegion|Basculegion, L50, M|100/100\n|turn|6\n|\n|t:|1776113302\n|move|p2b: Basculegion|Aqua Jet|p1a: Volcarona\n|-supereffective|p1a: Volcarona|1\n|-damage|p1a: Volcarona|0 fnt\n|faint|p1a: Volcarona\n|move|p2a: Pelipper|Hurricane|p1b: Kingambit|[miss]\n|-miss|p2a: Pelipper|p1b: Kingambit\n|move|p1b: Kingambit|Kowtow Cleave|p2a: Pelipper\n|-damage|p2a: Pelipper|0 fnt\n|faint|p2a: Pelipper\n|\n|-heal|p1b: Kingambit|28/100|[from] item: Leftovers\n|upkeep\n|turn|7\n|\n|t:|1776113319\n|move|p2b: Basculegion|Aqua Jet|p1b: Kingambit\n|-damage|p1b: Kingambit|3/100\n|move|p1b: Kingambit|Sucker Punch||[still]\n|-fail|p1b: Kingambit\n|\n|-heal|p1b: Kingambit|10/100|[from] item: Leftovers\n|upkeep\n|turn|8\n|\n|t:|1776113330\n|move|p2b: Basculegion|Aqua Jet|p1b: Kingambit\n|-damage|p1b: Kingambit|0 fnt\n|faint|p1b: Kingambit\n|-end|p1b: Kingambit|fallen1|[silent]\n|\n|win|disciple of blahaj\n|raw|santilhi2's rating: 1084 &rarr; <strong>1063</strong><br />(-21 for losing)\n|raw|disciple of blahaj's rating: 1114 &rarr; <strong>1137</strong><br />(+23 for winning)\n|l|\u2606santilhi2\n|player|p1|\n",
  "uploadtime": 1776113336,
  "views": 19,
  "formatid": "gen9championsvgc2026regma",
  "rating": 1063,
  "private": 0,
  "password": null
}