{
  "id": "gen9championsvgc2026regma-2580457856",
  "format": "[Gen 9 Champions] VGC 2026 Reg M-A",
  "players": [
    "chaewonyoung",
    "FlowerGirl2"
  ],
  "log": "|j|\u2606chaewonyoung\n|j|\u2606FlowerGirl2\n|t:|1775899527\n|gametype|doubles\n|player|p1|chaewonyoung|yellow|1014\n|player|p2|FlowerGirl2|schoolkidf|1000\n|gen|9\n|tier|[Gen 9 Champions] VGC 2026 Reg M-A\n|rated|\n|rule|Species Clause: Limit one of each Pok\u00e9mon\n|rule|Item Clause: Limit 1 of each item\n|clearpoke\n|poke|p1|Tyranitar, L50, M|\n|poke|p1|Garchomp, L50, M|\n|poke|p1|Gyarados, L50, M|\n|poke|p1|Corviknight, L50, F|\n|poke|p1|Sinistcha, L50|\n|poke|p1|Rotom-Heat, L50|\n|poke|p2|Ninetales-Alola, L50, M|\n|poke|p2|Froslass, L50, F|\n|poke|p2|Talonflame, L50, F|\n|poke|p2|Garchomp, L50, M|\n|poke|p2|Orthworm, L50, M|\n|poke|p2|Sinistcha, L50|\n|teampreview|4\n|\n|t:|1775899562\n|teamsize|p1|4\n|teamsize|p2|4\n|start\n|switch|p1a: Tyranitar|Tyranitar, L50, M|100/100\n|switch|p1b: Corviknight|Corviknight, L50, F|100/100\n|switch|p2a: Ninetales|Ninetales-Alola, L50, M|100/100\n|switch|p2b: Froslass|Froslass, L50, F|100/100\n|-weather|Snowscape|[from] ability: Snow Warning|[of] p2a: Ninetales\n|-weather|Sandstorm|[from] ability: Sand Stream|[of] p1a: Tyranitar\n|turn|1\n|\n|t:|1775899604\n|detailschange|p2b: Froslass|Froslass-Mega, L50, F\n|-mega|p2b: Froslass|Froslass|Froslassite\n|-weather|Snowscape|[from] ability: Snow Warning|[of] p2b: Froslass\n|move|p2b: Froslass|Blizzard|p1b: Corviknight|[spread] p1a,p1b\n|-damage|p1a: Tyranitar|53/100\n|-damage|p1b: Corviknight|60/100\n|move|p2a: Ninetales|Icy Wind|p1b: Corviknight|[spread] p1a,p1b\n|-damage|p1a: Tyranitar|41/100\n|-damage|p1b: Corviknight|50/100\n|-unboost|p1a: Tyranitar|spe|1\n|-ability|p1b: Corviknight|Mirror Armor\n|-unboost|p2a: Ninetales|spe|1\n|move|p1b: Corviknight|Tailwind|p1b: Corviknight\n|-sidestart|p1: chaewonyoung|move: Tailwind\n|move|p1a: Tyranitar|Rock Slide|p2b: Froslass|[spread] p2a,p2b\n|-supereffective|p2a: Ninetales|1\n|-supereffective|p2b: Froslass|1\n|-damage|p2a: Ninetales|53/100\n|-damage|p2b: Froslass|38/100\n|\n|-weather|Snowscape|[upkeep]\n|-heal|p1b: Corviknight|56/100|[from] item: Leftovers\n|upkeep\n|turn|2\n|\n|t:|1775899640\n|detailschange|p1a: Tyranitar|Tyranitar-Mega, L50, M\n|-mega|p1a: Tyranitar|Tyranitar|Tyranitarite\n|-weather|Sandstorm|[from] ability: Sand Stream|[of] p1a: Tyranitar\n|move|p2b: Froslass|Protect|p2b: Froslass\n|-singleturn|p2b: Froslass|Protect\n|move|p1a: Tyranitar|Protect|p1a: Tyranitar\n|-singleturn|p1a: Tyranitar|Protect\n|move|p1b: Corviknight|Iron Head|p2b: Froslass\n|-activate|p2b: Froslass|move: Protect\n|move|p2a: Ninetales|Disable|p1a: Tyranitar\n|-activate|p1a: Tyranitar|move: Protect\n|\n|-weather|Sandstorm|[upkeep]\n|-damage|p2b: Froslass|32/100|[from] Sandstorm\n|-damage|p2a: Ninetales|47/100|[from] Sandstorm\n|-heal|p1b: Corviknight|61/100|[from] item: Leftovers\n|upkeep\n|turn|3\n|\n|t:|1775899666\n|switch|p2a: Sinistcha|Sinistcha, L50|100/100\n|-heal|p2b: Froslass|57/100|[from] ability: Hospitality|[of] p2a: Sinistcha\n|move|p1b: Corviknight|Iron Head|p2b: Froslass\n|-supereffective|p2b: Froslass|1\n|-damage|p2b: Froslass|0 fnt\n|faint|p2b: Froslass\n|move|p1a: Tyranitar|Rock Slide|p2a: Sinistcha\n|-damage|p2a: Sinistcha|57/100\n|\n|-weather|Sandstorm|[upkeep]\n|-damage|p2a: Sinistcha|50/100|[from] Sandstorm\n|-enditem|p2a: Sinistcha|Sitrus Berry|[eat]\n|-heal|p2a: Sinistcha|75/100|[from] item: Sitrus Berry\n|-heal|p1b: Corviknight|67/100|[from] item: Leftovers\n|upkeep\n|\n|t:|1775899681\n|switch|p2b: Ninetales|Ninetales-Alola, L50, M|47/100\n|-weather|Snowscape|[from] ability: Snow Warning|[of] p2b: Ninetales\n|turn|4\n|\n|t:|1775899716\n|switch|p2a: Orthworm|Orthworm, L50, M|100/100\n|move|p1b: Corviknight|Brave Bird|p2a: Orthworm\n|-resisted|p2a: Orthworm|1\n|-damage|p2a: Orthworm|86/100\n|-damage|p1b: Corviknight|63/100|[from] Recoil\n|move|p1a: Tyranitar|Rock Slide|p2a: Orthworm|[spread] p2a,p2b\n|-resisted|p2a: Orthworm|1\n|-supereffective|p2b: Ninetales|1\n|-damage|p2a: Orthworm|75/100\n|-damage|p2b: Ninetales|0 fnt\n|faint|p2b: Ninetales\n|\n|-weather|Snowscape|[upkeep]\n|-heal|p1b: Corviknight|69/100|[from] item: Leftovers\n|-heal|p2a: Orthworm|81/100|[from] item: Leftovers\n|-sideend|p1: chaewonyoung|move: Tailwind\n|upkeep\n|\n|t:|1775899730\n|switch|p2b: Sinistcha|Sinistcha, L50|75/100\n|-heal|p2a: Orthworm|100/100|[from] ability: Hospitality|[of] p2b: Sinistcha\n|turn|5\n|\n|t:|1775899752\n|move|p1a: Tyranitar|Protect|p1a: Tyranitar\n|-singleturn|p1a: Tyranitar|Protect\n|move|p1b: Corviknight|Brave Bird|p2b: Sinistcha\n|-supereffective|p2b: Sinistcha|1\n|-damage|p2b: Sinistcha|4/100\n|-damage|p1b: Corviknight|49/100|[from] Recoil\n|move|p2b: Sinistcha|Matcha Gotcha|p1b: Corviknight|[spread] p1b\n|-activate|p1a: Tyranitar|move: Protect\n|-resisted|p1b: Corviknight|2\n|-damage|p1b: Corviknight|44/100\n|-heal|p2b: Sinistcha|7/100|[from] drain|[of] p1b: Corviknight\n|move|p2a: Orthworm|Iron Defense|p2a: Orthworm\n|-boost|p2a: Orthworm|def|2\n|\n|-weather|Snowscape|[upkeep]\n|-heal|p1b: Corviknight|50/100|[from] item: Leftovers\n|upkeep\n|turn|6\n|\n|t:|1775899775\n|move|p1b: Corviknight|Tailwind|p1b: Corviknight\n|-sidestart|p1: chaewonyoung|move: Tailwind\n|move|p1a: Tyranitar|Rock Slide|p2a: Orthworm|[spread] p2a\n|-miss|p1a: Tyranitar|p2b: Sinistcha\n|-resisted|p2a: Orthworm|1\n|-damage|p2a: Orthworm|94/100\n|cant|p2a: Orthworm|flinch\n|move|p2b: Sinistcha|Trick Room|p2b: Sinistcha\n|-fieldstart|move: Trick Room|[of] p2b: Sinistcha\n|\n|-weather|Snowscape|[upkeep]\n|-heal|p2a: Orthworm|99/100|[from] item: Leftovers\n|-heal|p1b: Corviknight|56/100|[from] item: Leftovers\n|upkeep\n|turn|7\n|\n|t:|1775899804\n|move|p1a: Tyranitar|Protect|p1a: Tyranitar\n|-singleturn|p1a: Tyranitar|Protect\n|move|p2a: Orthworm|Body Press|p1a: Tyranitar\n|-activate|p1a: Tyranitar|move: Protect\n|move|p2b: Sinistcha|Matcha Gotcha|p1b: Corviknight|[spread] p1b\n|-activate|p1a: Tyranitar|move: Protect\n|-resisted|p1b: Corviknight|2\n|-damage|p1b: Corviknight|50/100\n|-heal|p2b: Sinistcha|11/100|[from] drain|[of] p1b: Corviknight\n|move|p1b: Corviknight|Iron Head|p2b: Sinistcha\n|-damage|p2b: Sinistcha|0 fnt\n|faint|p2b: Sinistcha\n|\n|-weather|Snowscape|[upkeep]\n|-heal|p2a: Orthworm|100/100|[from] item: Leftovers\n|-heal|p1b: Corviknight|56/100|[from] item: Leftovers\n|upkeep\n|turn|8\n|\n|t:|1775899831\n|move|p2a: Orthworm|Body Press|p1a: Tyranitar\n|-supereffective|p1a: Tyranitar|2\n|-damage|p1a: Tyranitar|0 fnt\n|faint|p1a: Tyranitar\n|move|p1b: Corviknight|Iron Head|p2a: Orthworm\n|-resisted|p2a: Orthworm|1\n|-damage|p2a: Orthworm|96/100\n|\n|-weather|none\n|-heal|p2a: Orthworm|100/100|[from] item: Leftovers\n|-heal|p1b: Corviknight|62/100|[from] item: Leftovers\n|upkeep\n|\n|t:|1775899839\n|switch|p1a: Rotom|Rotom-Heat, L50|100/100\n|turn|9\n|\n|t:|1775899869\n|move|p2a: Orthworm|Body Press|p1a: Rotom\n|-damage|p1a: Rotom|33/100\n|move|p1b: Corviknight|Iron Head|p2a: Orthworm\n|-resisted|p2a: Orthworm|1\n|-damage|p2a: Orthworm|96/100\n|move|p1a: Rotom|Overheat|p2a: Orthworm\n|-supereffective|p2a: Orthworm|1\n|-damage|p2a: Orthworm|0 fnt\n|-unboost|p1a: Rotom|spa|2\n|faint|p2a: Orthworm\n|\n|win|chaewonyoung\n|raw|chaewonyoung's rating: 1014 &rarr; <strong>1050</strong><br />(+36 for winning)\n|raw|FlowerGirl2's rating: 1000 &rarr; <strong>1000</strong><br />(+0 for losing)\n",
  "uploadtime": 1775899869,
  "views": 13,
  "formatid": "gen9championsvgc2026regma",
  "rating": 1000,
  "private": 0,
  "password": null
}