{
  "id": "gen9championsvgc2026regma-2581497110",
  "format": "[Gen 9 Champions] VGC 2026 Reg M-A",
  "players": [
    "CappyCappy",
    "ouandua"
  ],
  "log": "|j|\u2606CappyCappy\n|j|\u2606ouandua\n|t:|1776005854\n|gametype|doubles\n|player|p1|CappyCappy|miku-fairy|1165\n|player|p2|ouandua|pokefan|1079\n|gen|9\n|tier|[Gen 9 Champions] VGC 2026 Reg M-A\n|rated|\n|rule|Species Clause: Limit one of each Pok\u00e9mon\n|rule|Item Clause: Limit 1 of each item\n|clearpoke\n|poke|p1|Froslass, L50, F|\n|poke|p1|Gardevoir, L50, F|\n|poke|p1|Sneasler, L50, M|\n|poke|p1|Incineroar, L50, M|\n|poke|p1|Sinistcha, L50|\n|poke|p1|Kingambit, L50, F|\n|poke|p2|Charizard, L50, F|\n|poke|p2|Whimsicott, L50, F|\n|poke|p2|Garchomp, L50, M|\n|poke|p2|Sneasler, L50, F|\n|poke|p2|Incineroar, L50, M|\n|poke|p2|Milotic, L50, F|\n|teampreview|4\n|inactive|Battle timer is ON: inactive players will automatically lose when time's up. (requested by CappyCappy)\nouandua rejected open team sheets.\n|inactive|CappyCappy has 60 seconds left.\n|inactive|CappyCappy has 30 seconds left.\n|inactive|CappyCappy has 20 seconds left.\n|inactive|CappyCappy has 15 seconds left.\n|\n|t:|1776005953\n|teamsize|p1|4\n|teamsize|p2|4\n|start\n|switch|p1a: Gardevoir|Gardevoir, L50, F, shiny|100/100\n|switch|p1b: Incineroar|Incineroar, L50, M|100/100\n|switch|p2a: Charizard|Charizard, L50, F|100/100\n|switch|p2b: Whimsicott|Whimsicott, L50, F|100/100\n|-ability|p1b: Incineroar|Intimidate|boost\n|-unboost|p2a: Charizard|atk|1\n|-unboost|p2b: Whimsicott|atk|1\n|turn|1\n|inactive|CappyCappy has 30 seconds left.\n|inactive|CappyCappy has 20 seconds left.\n|\n|t:|1776005991\n|detailschange|p2a: Charizard|Charizard-Mega-Y, L50, F\n|-mega|p2a: Charizard|Charizard|Charizardite Y\n|-weather|SunnyDay|[from] ability: Drought|[of] p2a: Charizard\n|detailschange|p1a: Gardevoir|Gardevoir-Mega, L50, F, shiny\n|-mega|p1a: Gardevoir|Gardevoir|Gardevoirite\n|move|p1b: Incineroar|Fake Out|p2b: Whimsicott\n|-damage|p2b: Whimsicott|86/100\n|cant|p2b: Whimsicott|flinch\n|move|p1a: Gardevoir|Moonblast|p2a: Charizard\n|-resisted|p2a: Charizard|1\n|-damage|p2a: Charizard|68/100\n|-unboost|p2a: Charizard|spa|1\n|move|p2a: Charizard|Heat Wave|p1a: Gardevoir|[spread] p1a,p1b\n|-resisted|p1b: Incineroar|1\n|-damage|p1a: Gardevoir|56/100\n|-damage|p1b: Incineroar|80/100\n|\n|-weather|SunnyDay|[upkeep]\n|upkeep\n|turn|2\n|inactive|CappyCappy has 30 seconds left.\n|inactive|ouandua has 30 seconds left.\n|\n|t:|1776006025\n|switch|p2a: Milotic|Milotic, L50, F|100/100\n|move|p2b: Whimsicott|Tailwind|p2b: Whimsicott\n|-sidestart|p2: ouandua|move: Tailwind\n|move|p1a: Gardevoir|Psyshock|p2a: Milotic\n|-damage|p2a: Milotic|54/100\n|move|p1b: Incineroar|Darkest Lariat|p2a: Milotic\n|-damage|p2a: Milotic|19/100\n|\n|-weather|SunnyDay|[upkeep]\n|-heal|p2a: Milotic|25/100|[from] item: Leftovers\n|upkeep\n|turn|3\n|\n|t:|1776006043\n|move|p2b: Whimsicott|Moonblast|p1b: Incineroar\n|-damage|p1b: Incineroar|54/100\n|move|p2a: Milotic|Life Dew|p2a: Milotic|[spread] p2a,p2b\n|-heal|p2a: Milotic|50/100\n|-heal|p2b: Whimsicott|100/100\n|move|p1a: Gardevoir|Hyper Voice|p2b: Whimsicott|[spread] p2a,p2b\n|-damage|p2a: Milotic|13/100\n|-damage|p2b: Whimsicott|26/100\n|move|p1b: Incineroar|Flare Blitz|p2b: Whimsicott\n|-supereffective|p2b: Whimsicott|1\n|-damage|p2b: Whimsicott|0 fnt\n|faint|p2b: Whimsicott\n|-damage|p1b: Incineroar|48/100|[from] Recoil\n|-enditem|p1b: Incineroar|Sitrus Berry|[eat]\n|-heal|p1b: Incineroar|72/100|[from] item: Sitrus Berry\n|\n|-weather|SunnyDay|[upkeep]\n|-heal|p2a: Milotic|19/100|[from] item: Leftovers\n|upkeep\n|\n|t:|1776006046\n|switch|p2b: Charizard|Charizard-Mega-Y, L50, F|68/100\n|turn|4\n|\n|t:|1776006060\n|move|p2b: Charizard|Heat Wave|p1b: Incineroar|[spread] p1b\n|-miss|p2b: Charizard|p1a: Gardevoir\n|-resisted|p1b: Incineroar|1\n|-crit|p1b: Incineroar\n|-damage|p1b: Incineroar|23/100\n|move|p2a: Milotic|Life Dew|p2a: Milotic|[spread] p2a,p2b\n|-heal|p2a: Milotic|45/100\n|-heal|p2b: Charizard|93/100\n|move|p1a: Gardevoir|Psyshock|p2b: Charizard\n|-damage|p2b: Charizard|15/100\n|move|p1b: Incineroar|Darkest Lariat|p2b: Charizard\n|-damage|p2b: Charizard|0 fnt\n|faint|p2b: Charizard\n|\n|-weather|SunnyDay|[upkeep]\n|-heal|p2a: Milotic|50/100|[from] item: Leftovers\n|upkeep\n|\n|t:|1776006067\n|switch|p2b: Sneasler|Sneasler, L50, F|100/100\n|turn|5\n|\n|t:|1776006086\n|switch|p1b: Sinistcha|Sinistcha, L50|100/100\n|-heal|p1a: Gardevoir|81/100|[from] ability: Hospitality|[of] p1b: Sinistcha\n|move|p1a: Gardevoir|Protect|p1a: Gardevoir\n|-singleturn|p1a: Gardevoir|Protect\n|move|p2b: Sneasler|Dire Claw|p1a: Gardevoir\n|-activate|p1a: Gardevoir|move: Protect\n|move|p2a: Milotic|Scald|p1b: Sinistcha\n|-resisted|p1b: Sinistcha|1\n|-damage|p1b: Sinistcha|94/100\n|\n|-weather|none\n|-heal|p2a: Milotic|56/100|[from] item: Leftovers\n|-heal|p1b: Sinistcha|99/100|[from] item: Leftovers\n|-sideend|p2: ouandua|move: Tailwind\n|upkeep\n|turn|6\n|\n|t:|1776006105\n|move|p1b: Sinistcha|Rage Powder|p1b: Sinistcha\n|-singleturn|p1b: Sinistcha|move: Rage Powder\n|move|p2b: Sneasler|Dire Claw|p1b: Sinistcha\n|-damage|p1b: Sinistcha|69/100\n|move|p1a: Gardevoir|Psyshock|p2b: Sneasler\n|-supereffective|p2b: Sneasler|2\n|-damage|p2b: Sneasler|0 fnt\n|faint|p2b: Sneasler\n|move|p2a: Milotic|Icy Wind|p1a: Gardevoir|[spread] p1a,p1b\n|-supereffective|p1b: Sinistcha|1\n|-damage|p1a: Gardevoir|73/100\n|-damage|p1b: Sinistcha|49/100\n|-unboost|p1a: Gardevoir|spe|1\n|-unboost|p1b: Sinistcha|spe|1\n|\n|-heal|p2a: Milotic|62/100|[from] item: Leftovers\n|-heal|p1b: Sinistcha|55/100|[from] item: Leftovers\n|upkeep\n|turn|7\n|-message|ouandua forfeited.\n|\n|win|CappyCappy\n|raw|CappyCappy's rating: 1165 &rarr; <strong>1184</strong><br />(+19 for winning)\n|raw|ouandua's rating: 1079 &rarr; <strong>1062</strong><br />(-17 for losing)\n",
  "uploadtime": 1776006110,
  "views": 16,
  "formatid": "gen9championsvgc2026regma",
  "rating": 1062,
  "private": 0,
  "password": null
}