{
  "id": "gen9championsvgc2026regma-2588227965",
  "format": "[Gen 9 Champions] VGC 2026 Reg M-A",
  "players": [
    "F1Emerald69",
    "auxrey"
  ],
  "log": "|j|\u2606F1Emerald69\n|j|\u2606auxrey\n|t:|1776616192\n|gametype|doubles\n|player|p1|F1Emerald69|ethan|1049\n|player|p2|auxrey|clair|1063\n|gen|9\n|tier|[Gen 9 Champions] VGC 2026 Reg M-A\n|rated|\n|rule|Species Clause: Limit one of each Pok\u00e9mon\n|rule|Item Clause: Limit 1 of each item\n|clearpoke\n|poke|p1|Whimsicott, L50, M|\n|poke|p1|Charizard, L50, F|\n|poke|p1|Garchomp, L50, F|\n|poke|p1|Sneasler, L50, M|\n|poke|p1|Incineroar, L50, M|\n|poke|p1|Rotom-Wash, L50|\n|poke|p2|Talonflame, L50, M|\n|poke|p2|Aegislash, L50, M|\n|poke|p2|Milotic, L50, F|\n|poke|p2|Sneasler, L50, M|\n|poke|p2|Garchomp, L50, F|\n|poke|p2|Gardevoir, L50, M|\n|teampreview|4\n|\n|t:|1776616268\n|teamsize|p1|4\n|teamsize|p2|4\n|start\n|switch|p1a: Whimsicott|Whimsicott, L50, M|100/100\n|switch|p1b: Charizard|Charizard, L50, F|100/100\n|switch|p2a: Garchomp|Garchomp, L50, F|100/100\n|switch|p2b: Gardevoir|Gardevoir, L50, M|100/100\n|turn|1\n|\n|t:|1776616314\n|switch|p2a: Milotic|Milotic, L50, F|100/100\n|move|p1b: Charizard|Protect|p1b: Charizard\n|-singleturn|p1b: Charizard|Protect\n|move|p1a: Whimsicott|Moonblast|p2a: Milotic\n|-damage|p2a: Milotic|78/100\n|move|p2b: Gardevoir|Trick Room|p2b: Gardevoir\n|-fieldstart|move: Trick Room|[of] p2b: Gardevoir\n|\n|-heal|p2a: Milotic|84/100|[from] item: Leftovers\n|upkeep\n|turn|2\n|\n|t:|1776616366\n|switch|p2b: Talonflame|Talonflame, L50, M|100/100\n|detailschange|p1b: Charizard|Charizard-Mega-Y, L50, F\n|-mega|p1b: Charizard|Charizard|Charizardite Y\n|-weather|SunnyDay|[from] ability: Drought|[of] p1b: Charizard\n|move|p1a: Whimsicott|Encore||[still]\n|-fail|p1a: Whimsicott\n|move|p2a: Milotic|Scald|p1b: Charizard\n|-supereffective|p1b: Charizard|1\n|-damage|p1b: Charizard|72/100\n|move|p1b: Charizard|Solar Beam||[still]\n|-prepare|p1b: Charizard|Solar Beam\n|-anim|p1b: Charizard|Solar Beam|p2a: Milotic\n|-supereffective|p2a: Milotic|1\n|-damage|p2a: Milotic|23/100\n|\n|-weather|SunnyDay|[upkeep]\n|-heal|p2a: Milotic|29/100|[from] item: Leftovers\n|upkeep\n|turn|3\n|\n|t:|1776616406\n|move|p1a: Whimsicott|Protect|p1a: Whimsicott\n|-singleturn|p1a: Whimsicott|Protect\n|move|p2b: Talonflame|Brave Bird|p1a: Whimsicott\n|-activate|p1a: Whimsicott|move: Protect\n|move|p2a: Milotic|Scald|p1b: Charizard\n|-supereffective|p1b: Charizard|1\n|-damage|p1b: Charizard|45/100\n|move|p1b: Charizard|Heat Wave|p2a: Milotic|[spread] p2a,p2b\n|-resisted|p2a: Milotic|1\n|-resisted|p2b: Talonflame|1\n|-damage|p2a: Milotic|7/100\n|-damage|p2b: Talonflame|51/100\n|\n|-weather|SunnyDay|[upkeep]\n|-heal|p2a: Milotic|13/100|[from] item: Leftovers\n|upkeep\n|turn|4\n|\n|t:|1776616461\n|switch|p2a: Garchomp|Garchomp, L50, F|100/100\n|move|p1b: Charizard|Heat Wave|p2b: Talonflame|[spread] p2a,p2b\n|-resisted|p2a: Garchomp|1\n|-resisted|p2b: Talonflame|1\n|-damage|p2a: Garchomp|66/100\n|-damage|p2b: Talonflame|1/100\n|move|p1a: Whimsicott|Moonblast|p2b: Talonflame\n|-resisted|p2b: Talonflame|1\n|-crit|p2b: Talonflame\n|-damage|p2b: Talonflame|0 fnt\n|faint|p2b: Talonflame\n|\n|-weather|SunnyDay|[upkeep]\n|upkeep\n|\n|t:|1776616472\n|switch|p2b: Gardevoir|Gardevoir, L50, M|100/100\n|turn|5\n|\n|t:|1776616483\n|detailschange|p2b: Gardevoir|Gardevoir-Mega, L50, M\n|-mega|p2b: Gardevoir|Gardevoir|Gardevoirite\n|move|p1a: Whimsicott|Protect|p1a: Whimsicott\n|-singleturn|p1a: Whimsicott|Protect\n|move|p1b: Charizard|Protect|p1b: Charizard\n|-singleturn|p1b: Charizard|Protect\n|move|p2b: Gardevoir|Psyshock|p1a: Whimsicott\n|-activate|p1a: Whimsicott|move: Protect\n|move|p2a: Garchomp|Rock Slide|p1b: Charizard|[spread] \n|-activate|p1a: Whimsicott|move: Protect\n|-activate|p1b: Charizard|move: Protect\n|\n|-weather|SunnyDay|[upkeep]\n|-fieldend|move: Trick Room\n|upkeep\n|turn|6\n|\n|t:|1776616513\n|move|p1a: Whimsicott|Tailwind|p1a: Whimsicott\n|-sidestart|p1: F1Emerald69|move: Tailwind\n|move|p1b: Charizard|Heat Wave|p2a: Garchomp|[spread] p2a,p2b\n|-resisted|p2a: Garchomp|1\n|-damage|p2a: Garchomp|28/100\n|-damage|p2b: Gardevoir|54/100\n|-status|p2a: Garchomp|brn\n|move|p2a: Garchomp|Rock Slide|p1a: Whimsicott|[spread] p1a,p1b\n|-supereffective|p1b: Charizard|2\n|-damage|p1a: Whimsicott|87/100\n|-damage|p1b: Charizard|0 fnt\n|faint|p1b: Charizard\n|move|p2b: Gardevoir|Hyper Voice|p1a: Whimsicott\n|-damage|p1a: Whimsicott|0 fnt\n|faint|p1a: Whimsicott\n|\n|-weather|none\n|-damage|p2a: Garchomp|22/100 brn|[from] brn\n|upkeep\n|\n|t:|1776616528\n|switch|p1a: Garchomp|Garchomp, L50, F|100/100\n|switch|p1b: Rotom|Rotom-Wash, L50|100/100\n|turn|7\n|\n|t:|1776616554\n|switch|p2a: Milotic|Milotic, L50, F|13/100\n|move|p2b: Gardevoir|Protect|p2b: Gardevoir\n|-singleturn|p2b: Gardevoir|Protect\n|move|p1a: Garchomp|Earthquake|p2a: Milotic|[spread] p2a\n|-activate|p2b: Gardevoir|move: Protect\n|-immune|p1b: Rotom|[from] ability: Levitate\n|-damage|p2a: Milotic|0 fnt\n|faint|p2a: Milotic\n|move|p1b: Rotom|Thunderbolt|p2b: Gardevoir\n|-activate|p2b: Gardevoir|move: Protect\n|\n|upkeep\n|\n|t:|1776616566\n|switch|p2a: Garchomp|Garchomp, L50, F|22/100 brn\n|turn|8\n|\n|t:|1776616576\n|move|p1a: Garchomp|Earthquake|p2b: Gardevoir|[spread] p2a,p2b\n|-immune|p1b: Rotom|[from] ability: Levitate\n|-damage|p2a: Garchomp|0 fnt\n|-damage|p2b: Gardevoir|4/100\n|faint|p2a: Garchomp\n|move|p1b: Rotom|Thunderbolt|p2b: Gardevoir\n|-damage|p2b: Gardevoir|0 fnt\n|faint|p2b: Gardevoir\n|\n|win|F1Emerald69\n|raw|F1Emerald69's rating: 1049 &rarr; <strong>1083</strong><br />(+34 for winning)\n|raw|auxrey's rating: 1063 &rarr; <strong>1043</strong><br />(-20 for losing)\n|c|\u2606auxrey|gg\n|c|\u2606F1Emerald69|gg\n",
  "uploadtime": 1776616594,
  "views": 14,
  "formatid": "gen9championsvgc2026regma",
  "rating": 1043,
  "private": 0,
  "password": null
}