{
  "id": "gen9championsvgc2026regma-2582012980",
  "format": "[Gen 9 Champions] VGC 2026 Reg M-A",
  "players": [
    "TheMaquaGuy",
    "Bigmanbattle"
  ],
  "log": "|j|\u2606TheMaquaGuy\n|j|\u2606Bigmanbattle\n|t:|1776048313\n|gametype|doubles\n|player|p1|TheMaquaGuy|cheryl|\n|player|p2|Bigmanbattle|crasherwake|\n|gen|9\n|tier|[Gen 9 Champions] VGC 2026 Reg M-A\n|rule|Species Clause: Limit one of each Pok\u00e9mon\n|rule|Item Clause: Limit 1 of each item\n|clearpoke\n|poke|p1|Aerodactyl, L50, F|\n|poke|p1|Tyranitar, L50, M|\n|poke|p1|Excadrill, L50, M|\n|poke|p1|Arcanine-Hisui, L50, F|\n|poke|p1|Meganium, L50, F|\n|poke|p1|Garchomp, L50, F|\n|poke|p2|Greninja-*, L50, M|\n|poke|p2|Aegislash, L50, M|\n|poke|p2|Sneasler, L50, F|\n|poke|p2|Garchomp, L50, M|\n|poke|p2|Talonflame, L50, M|\n|poke|p2|Ninetales-Alola, L50, F|\n|teampreview|4\n|\n|t:|1776048366\n|teamsize|p1|4\n|teamsize|p2|4\n|start\n|switch|p1a: Zilla|Tyranitar, L50, M|100/100\n|switch|p1b: Rockanine|Arcanine-Hisui, L50, F|100/100\n|switch|p2a: Greninja|Greninja, L50, M, shiny|100/100\n|switch|p2b: Ninetales|Ninetales-Alola, L50, F|100/100\n|-weather|Snowscape|[from] ability: Snow Warning|[of] p2b: Ninetales\n|-ability|p1b: Rockanine|Intimidate|boost\n|-unboost|p2a: Greninja|atk|1\n|-unboost|p2b: Ninetales|atk|1\n|-weather|Sandstorm|[from] ability: Sand Stream|[of] p1a: Zilla\n|turn|1\n|\n|t:|1776048415\n|detailschange|p2a: Greninja|Greninja-Mega, L50, M, shiny\n|-mega|p2a: Greninja|Greninja|Greninjite\n|move|p2b: Ninetales|Protect|p2b: Ninetales\n|-singleturn|p2b: Ninetales|Protect\n|move|p2a: Greninja|Water Shuriken|p1a: Zilla\n|-start|p2a: Greninja|typechange|Water|[from] ability: Protean\n|-supereffective|p1a: Zilla|1\n|-damage|p1a: Zilla|91/100\n|-supereffective|p1a: Zilla|1\n|-damage|p1a: Zilla|79/100\n|-hitcount|p1a: Zilla|2\n|move|p1b: Rockanine|Wild Charge|p2a: Greninja\n|-supereffective|p2a: Greninja|1\n|-damage|p2a: Greninja|10/100\n|-damage|p1b: Rockanine|81/100|[from] Recoil\n|move|p1a: Zilla|Rock Slide|p2b: Ninetales|[spread] p2a\n|-activate|p2b: Ninetales|move: Protect\n|-damage|p2a: Greninja|0 fnt\n|faint|p2a: Greninja\n|\n|-weather|Sandstorm|[upkeep]\n|-damage|p2b: Ninetales|94/100|[from] Sandstorm\n|-heal|p2b: Ninetales|100/100|[from] item: Leftovers\n|-heal|p1a: Zilla|85/100|[from] item: Leftovers\n|upkeep\n|\n|t:|1776048468\n|switch|p2a: Sneasler|Sneasler, L50, F|100/100\n|turn|2\n|\n|t:|1776048509\n|switch|p2b: Talonflame|Talonflame, L50, M|100/100\n|move|p2a: Sneasler|Fake Out|p1b: Rockanine\n|-resisted|p1b: Rockanine|1\n|-damage|p1b: Rockanine|72/100\n|cant|p1b: Rockanine|flinch\n|move|p1a: Zilla|Rock Slide|p2b: Talonflame|[spread] p2a,p2b\n|-resisted|p2a: Sneasler|1\n|-supereffective|p2b: Talonflame|2\n|-damage|p2a: Sneasler|73/100\n|-damage|p2b: Talonflame|0 fnt\n|faint|p2b: Talonflame\n|\n|-weather|Sandstorm|[upkeep]\n|-damage|p2a: Sneasler|67/100|[from] Sandstorm\n|-heal|p1a: Zilla|91/100|[from] item: Leftovers\n|upkeep\n|\n|t:|1776048524\n|switch|p2b: Ninetales|Ninetales-Alola, L50, F|100/100\n|-weather|Snowscape|[from] ability: Snow Warning|[of] p2b: Ninetales\n|turn|3\n|c|\u2606TheMaquaGuy|Son\ud83d\udc94\n|\n|t:|1776048555\n|switch|p1a: Mole|Excadrill, L50, M|100/100\n|move|p2a: Sneasler|Dire Claw|p1b: Rockanine\n|-resisted|p1b: Rockanine|1\n|-damage|p1b: Rockanine|46/100\n|move|p2b: Ninetales|Blizzard|p1b: Rockanine|[spread] p1a,p1b\n|-resisted|p1b: Rockanine|1\n|-damage|p1a: Mole|66/100\n|-damage|p1b: Rockanine|27/100\n|move|p1b: Rockanine|Head Smash|p2b: Ninetales\n|-supereffective|p2b: Ninetales|1\n|-damage|p2b: Ninetales|0 fnt\n|faint|p2b: Ninetales\n|-damage|p1b: Rockanine|0 fnt|[from] Recoil\n|faint|p1b: Rockanine\n|\n|-weather|Snowscape|[upkeep]\n|upkeep\n|\n|t:|1776048575\n|switch|p1b: Zilla|Tyranitar, L50, M|91/100\n|-weather|Sandstorm|[from] ability: Sand Stream|[of] p1b: Zilla\n|turn|4\n|\n|t:|1776048582\n|detailschange|p1a: Mole|Excadrill-Mega, L50, M\n|-mega|p1a: Mole|Excadrill|Excadrite\n|move|p2a: Sneasler|Protect|p2a: Sneasler\n|-singleturn|p2a: Sneasler|Protect\n|move|p1b: Zilla|Protect|p1b: Zilla\n|-singleturn|p1b: Zilla|Protect\n|move|p1a: Mole|Earthquake|p2a: Sneasler|[spread] \n|-activate|p1b: Zilla|move: Protect\n|-activate|p2a: Sneasler|move: Protect\n|\n|-weather|Sandstorm|[upkeep]\n|-damage|p2a: Sneasler|61/100|[from] Sandstorm\n|-heal|p1b: Zilla|97/100|[from] item: Leftovers\n|upkeep\n|turn|5\n|\n|t:|1776048599\n|move|p2a: Sneasler|Close Combat|p1b: Zilla\n|-supereffective|p1b: Zilla|2\n|-damage|p1b: Zilla|0 fnt\n|-unboost|p2a: Sneasler|def|1\n|-unboost|p2a: Sneasler|spd|1\n|faint|p1b: Zilla\n|move|p1a: Mole|Iron Head|p2a: Sneasler\n|-damage|p2a: Sneasler|0 fnt\n|faint|p2a: Sneasler\n|\n|win|TheMaquaGuy\n",
  "uploadtime": 1776048620,
  "views": 17,
  "formatid": "gen9championsvgc2026regma",
  "rating": null,
  "private": 0,
  "password": null
}