{
  "id": "gen9championsvgc2026regma-2582535580",
  "format": "[Gen 9 Champions] VGC 2026 Reg M-A",
  "players": [
    "Hymnn",
    "ohaimiles"
  ],
  "log": "|j|\u2606Hymnn\n|j|\u2606ohaimiles\n|t:|1776097884\n|gametype|doubles\n|player|p1|Hymnn|265|1107\n|player|p2|ohaimiles|266|1169\n|gen|9\n|tier|[Gen 9 Champions] VGC 2026 Reg M-A\n|rated|\n|rule|Species Clause: Limit one of each Pok\u00e9mon\n|rule|Item Clause: Limit 1 of each item\n|clearpoke\n|poke|p1|Whimsicott, L50, M|\n|poke|p1|Incineroar, L50, F|\n|poke|p1|Lucario, L50, F|\n|poke|p1|Basculegion, L50, M|\n|poke|p1|Gardevoir, L50, M|\n|poke|p1|Garchomp, L50, M|\n|poke|p2|Froslass, L50, F|\n|poke|p2|Maushold-Four, L50|\n|poke|p2|Rotom-Frost, L50|\n|poke|p2|Garchomp, L50, M|\n|poke|p2|Incineroar, L50, F|\n|poke|p2|Empoleon, L50, M|\n|teampreview|4\nohaimiles has agreed to open team sheets.\n|inactive|Battle timer is ON: inactive players will automatically lose when time's up. (requested by ohaimiles)\n|inactive|Hymnn has 60 seconds left.\n|inactive|ohaimiles has 60 seconds left.\n|\n|t:|1776097939\n|teamsize|p1|4\n|teamsize|p2|4\n|start\n|switch|p1a: Whimsicott|Whimsicott, L50, M|100/100\n|switch|p1b: Basculegion|Basculegion, L50, M|100/100\n|switch|p2a: Incineroar|Incineroar, L50, F|100/100\n|switch|p2b: Empoleon|Empoleon, L50, M|100/100\n|-ability|p2a: Incineroar|Intimidate|boost\n|-unboost|p1a: Whimsicott|atk|1\n|-unboost|p1b: Basculegion|atk|1\n|turn|1\n|\n|t:|1776097963\n|move|p1b: Basculegion|Flip Turn|p2a: Incineroar\n|-supereffective|p2a: Incineroar|1\n|-damage|p2a: Incineroar|49/100\n|-enditem|p2a: Incineroar|Sitrus Berry|[eat]\n|-heal|p2a: Incineroar|74/100|[from] item: Sitrus Berry\n|\n|t:|1776097968\n|switch|p1b: Lucario|Lucario, L50, F|100/100|[from] Flip Turn\n|move|p1a: Whimsicott|Beat Up|p1b: Lucario\n|-resisted|p1b: Lucario|1\n|-damage|p1b: Lucario|99/100\n|-ability|p1b: Lucario|Justified|boost\n|-boost|p1b: Lucario|atk|1\n|-resisted|p1b: Lucario|1\n|-damage|p1b: Lucario|99/100\n|-ability|p1b: Lucario|Justified|boost\n|-boost|p1b: Lucario|atk|1\n|-resisted|p1b: Lucario|1\n|-damage|p1b: Lucario|99/100\n|-ability|p1b: Lucario|Justified|boost\n|-boost|p1b: Lucario|atk|1\n|-resisted|p1b: Lucario|1\n|-damage|p1b: Lucario|98/100\n|-ability|p1b: Lucario|Justified|boost\n|-boost|p1b: Lucario|atk|1\n|-hitcount|p1b: Lucario|4\n|move|p2b: Empoleon|Flash Cannon|p1a: Whimsicott\n|-supereffective|p1a: Whimsicott|1\n|-enditem|p1a: Whimsicott|Focus Sash\n|-damage|p1a: Whimsicott|1/100\n|move|p2a: Incineroar|Darkest Lariat|p1b: Lucario\n|-resisted|p1b: Lucario|1\n|-damage|p1b: Lucario|80/100\n|-ability|p1b: Lucario|Justified|boost\n|-boost|p1b: Lucario|atk|1\n|\n|upkeep\n|turn|2\n|inactive|Hymnn has 30 seconds left.\n|inactive|ohaimiles has 30 seconds left.\n|\n|t:|1776098000\n|detailschange|p1b: Lucario|Lucario-Mega, L50, F\n|-mega|p1b: Lucario|Lucario|Lucarionite\n|move|p1a: Whimsicott|Tailwind|p1a: Whimsicott\n|-sidestart|p1: Hymnn|move: Tailwind\n|move|p1b: Lucario|Close Combat|p2a: Incineroar\n|-supereffective|p2a: Incineroar|1\n|-damage|p2a: Incineroar|0 fnt\n|-unboost|p1b: Lucario|def|1\n|-unboost|p1b: Lucario|spd|1\n|faint|p2a: Incineroar\n|move|p2b: Empoleon|Hydro Pump|p1b: Lucario\n|-damage|p1b: Lucario|0 fnt\n|faint|p1b: Lucario\n|\n|upkeep\n|\n|t:|1776098020\n|switch|p1b: Gardevoir|Gardevoir, L50, M, shiny|100/100\n|switch|p2a: Froslass|Froslass, L50, F|100/100\n|turn|3\n|inactive|Hymnn has 30 seconds left.\n|\n|t:|1776098046\n|detailschange|p2a: Froslass|Froslass-Mega, L50, F\n|-mega|p2a: Froslass|Froslass|Froslassite\n|-weather|Snowscape|[from] ability: Snow Warning|[of] p2a: Froslass\n|move|p1a: Whimsicott|Encore|p2b: Empoleon\n|-start|p2b: Empoleon|Encore\n|move|p1b: Gardevoir|Thunderbolt|p2b: Empoleon\n|-supereffective|p2b: Empoleon|1\n|-damage|p2b: Empoleon|32/100\n|move|p2a: Froslass|Blizzard|p1a: Whimsicott|[spread] p1a,p1b\n|-supereffective|p1a: Whimsicott|1\n|-damage|p1a: Whimsicott|0 fnt\n|-damage|p1b: Gardevoir|63/100\n|faint|p1a: Whimsicott\n|move|p2b: Empoleon|Hydro Pump|p1b: Gardevoir\n|-damage|p1b: Gardevoir|7/100\n|\n|-weather|Snowscape|[upkeep]\n|upkeep\n|\n|t:|1776098060\n|switch|p1a: Basculegion|Basculegion, L50, M|100/100\n|turn|4\n|inactive|Hymnn has 30 seconds left.\n|\n|t:|1776098093\n|switch|p2a: Rotom|Rotom-Frost, L50|100/100\n|move|p1a: Basculegion|Last Respects|p2a: Rotom\n|-damage|p2a: Rotom|14/100\n|move|p1b: Gardevoir|Thunderbolt|p2b: Empoleon\n|-supereffective|p2b: Empoleon|1\n|-damage|p2b: Empoleon|0 fnt\n|faint|p2b: Empoleon\n|\n|-weather|Snowscape|[upkeep]\n|upkeep\n|\n|t:|1776098100\n|switch|p2b: Froslass|Froslass-Mega, L50, F|100/100\n|turn|5\n|\n|t:|1776098120\n|move|p2b: Froslass|Protect|p2b: Froslass\n|-singleturn|p2b: Froslass|Protect\n|move|p1a: Basculegion|Last Respects|p2b: Froslass\n|-activate|p2b: Froslass|move: Protect\n|move|p2a: Rotom|Electroweb|p1a: Basculegion|[spread] p1a,p1b\n|-supereffective|p1a: Basculegion|1\n|-damage|p1a: Basculegion|51/100\n|-damage|p1b: Gardevoir|0 fnt\n|-unboost|p1a: Basculegion|spe|1\n|faint|p1b: Gardevoir\n|\n|-weather|Snowscape|[upkeep]\n|-sideend|p1: Hymnn|move: Tailwind\n|upkeep\n|turn|6\n|\n|t:|1776098136\n|move|p2a: Rotom|Electroweb|p1a: Basculegion\n|-supereffective|p1a: Basculegion|1\n|-damage|p1a: Basculegion|0 fnt\n|faint|p1a: Basculegion\n|\n|win|ohaimiles\n|raw|Hymnn's rating: 1107 &rarr; <strong>1086</strong><br />(-21 for losing)\n|raw|ohaimiles's rating: 1169 &rarr; <strong>1190</strong><br />(+21 for winning)\n|l|\u2606Hymnn\n|player|p1|\n",
  "uploadtime": 1776098144,
  "views": 13,
  "formatid": "gen9championsvgc2026regma",
  "rating": 1086,
  "private": 0,
  "password": null
}