{
  "id": "gen9championsvgc2026regma-2585289460",
  "format": "[Gen 9 Champions] VGC 2026 Reg M-A",
  "players": [
    "Maxti077",
    "0427am"
  ],
  "log": "|j|\u2606Maxti077\n|j|\u26060427am\n|t:|1776334272\n|gametype|doubles\n|player|p1|Maxti077|hilbert-wonderlauncher|1133\n|player|p2|0427am|erika|1118\n|gen|9\n|tier|[Gen 9 Champions] VGC 2026 Reg M-A\n|rated|\n|rule|Species Clause: Limit one of each Pok\u00e9mon\n|rule|Item Clause: Limit 1 of each item\n|clearpoke\n|poke|p1|Delphox, L50, M|\n|poke|p1|Basculegion, L50, M|\n|poke|p1|Clefable, L50, F|\n|poke|p1|Kingambit, L50, M|\n|poke|p1|Dragonite, L50, M|\n|poke|p1|Sneasler, L50, M|\n|poke|p2|Venusaur, L50, M|\n|poke|p2|Incineroar, L50, M|\n|poke|p2|Garchomp, L50, F|\n|poke|p2|Corviknight, L50, M|\n|poke|p2|Basculegion, L50, M|\n|poke|p2|Ninetales-Alola, L50, F|\n|teampreview|4\n|inactive|Battle timer is ON: inactive players will automatically lose when time's up. (requested by Maxti077)\n|\n|t:|1776334336\n|teamsize|p1|4\n|teamsize|p2|4\n|start\n|switch|p1a: Delphox|Delphox, L50, M|100/100\n|switch|p1b: Sneasler|Sneasler, L50, M|100/100\n|switch|p2a: Venusaur|Venusaur, L50, M|100/100\n|switch|p2b: Basculegion|Basculegion, L50, M|100/100\n|turn|1\n|inactive|Maxti077 has 30 seconds left.\n|inactive|0427am has 30 seconds left.\n|inactive|Maxti077 has 20 seconds left.\n|inactive|0427am has 20 seconds left.\n|inactive|Maxti077 has 15 seconds left.\n|inactive|0427am has 15 seconds left.\n|\n|t:|1776334377\n|switch|p1b: Clefable|Clefable, L50, F|100/100\n|detailschange|p1a: Delphox|Delphox-Mega, L50, M\n|-mega|p1a: Delphox|Delphox|Delphoxite\n|detailschange|p2a: Venusaur|Venusaur-Mega, L50, M\n|-mega|p2a: Venusaur|Venusaur|Venusaurite\n|move|p1a: Delphox|Protect|p1a: Delphox\n|-singleturn|p1a: Delphox|Protect\n|move|p2b: Basculegion|Wave Crash|p1a: Delphox\n|-activate|p1a: Delphox|move: Protect\n|move|p2a: Venusaur|Leech Seed|p1a: Delphox\n|-activate|p1a: Delphox|move: Protect\n|\n|upkeep\n|turn|2\n|inactive|0427am has 30 seconds left.\n|\n|t:|1776334404\n|switch|p2a: Incineroar|Incineroar, L50, M|100/100\n|-ability|p2a: Incineroar|Intimidate|boost\n|-unboost|p1a: Delphox|atk|1\n|-unboost|p1b: Clefable|atk|1\n|move|p1b: Clefable|Follow Me|p1b: Clefable\n|-singleturn|p1b: Clefable|move: Follow Me\n|move|p2b: Basculegion|Wave Crash|p1b: Clefable\n|-damage|p1b: Clefable|46/100\n|-enditem|p1b: Clefable|Sitrus Berry|[eat]\n|-heal|p1b: Clefable|71/100|[from] item: Sitrus Berry\n|-damage|p2b: Basculegion|82/100|[from] Recoil\n|move|p1a: Delphox|Heat Wave|p2a: Incineroar|[spread] p2b\n|-miss|p1a: Delphox|p2a: Incineroar\n|-resisted|p2b: Basculegion|1\n|-damage|p2b: Basculegion|57/100\n|\n|upkeep\n|turn|3\n|inactive|Maxti077 has 30 seconds left.\n|inactive|0427am has 30 seconds left.\n|\n|t:|1776334436\n|switch|p1a: Kingambit|Kingambit, L50, M|100/100\n|move|p2a: Incineroar|Fake Out|p1b: Clefable\n|-damage|p1b: Clefable|62/100\n|move|p2b: Basculegion|Wave Crash|p1b: Clefable\n|-damage|p1b: Clefable|4/100\n|-damage|p2b: Basculegion|37/100|[from] Recoil\n|cant|p1b: Clefable|flinch\n|\n|upkeep\n|turn|4\n|inactive|0427am has 30 seconds left.\n|\n|t:|1776334468\n|switch|p2b: Garchomp|Garchomp, L50, F|100/100\n|move|p1b: Clefable|Protect|p1b: Clefable\n|-singleturn|p1b: Clefable|Protect\n|move|p1a: Kingambit|Sucker Punch||[still]\n|-fail|p1a: Kingambit\n|move|p2a: Incineroar|Will-O-Wisp|p1a: Kingambit\n|-status|p1a: Kingambit|brn\n|\n|-damage|p1a: Kingambit|95/100 brn|[from] brn\n|upkeep\n|turn|5\n|inactive|0427am has 30 seconds left.\n|inactive|0427am has 20 seconds left.\n|\n|t:|1776334507\n|switch|p2a: Venusaur|Venusaur-Mega, L50, M|100/100\n|move|p2b: Garchomp|Rock Slide|p1a: Kingambit|[spread] p1a,p1b\n|-resisted|p1a: Kingambit|1\n|-damage|p1a: Kingambit|87/100 brn\n|-damage|p1b: Clefable|0 fnt\n|faint|p1b: Clefable\n|move|p1a: Kingambit|Swords Dance|p1a: Kingambit\n|-boost|p1a: Kingambit|atk|2\n|\n|-damage|p1a: Kingambit|82/100 brn|[from] brn\n|upkeep\n|\n|t:|1776334521\n|switch|p1b: Sneasler|Sneasler, L50, M|100/100\n|turn|6\n|inactive|0427am has 30 seconds left.\n|\n|t:|1776334547\n|move|p1b: Sneasler|Fake Out|p2b: Garchomp\n|-damage|p2b: Garchomp|88/100\n|-damage|p1b: Sneasler|88/100|[from] ability: Rough Skin|[of] p2b: Garchomp\n|cant|p2b: Garchomp|flinch\n|move|p2a: Venusaur|Leech Seed|p1a: Kingambit\n|-start|p1a: Kingambit|move: Leech Seed\n|move|p1a: Kingambit|Kowtow Cleave|p2b: Garchomp\n|-damage|p2b: Garchomp|24/100\n|-damage|p1a: Kingambit|70/100 brn|[from] ability: Rough Skin|[of] p2b: Garchomp\n|\n|-damage|p1a: Kingambit|58/100 brn|[from] Leech Seed|[of] p2a: Venusaur\n|-damage|p1a: Kingambit|52/100 brn|[from] brn\n|upkeep\n|turn|7\n|inactive|Maxti077 has 30 seconds left.\n|inactive|0427am has 30 seconds left.\n|inactive|0427am has 20 seconds left.\n|\n|t:|1776334587\n|switch|p2b: Incineroar|Incineroar, L50, M|100/100\n|-ability|p2b: Incineroar|Intimidate|boost\n|-unboost|p1a: Kingambit|atk|1\n|-ability|p1a: Kingambit|Defiant|boost\n|-boost|p1a: Kingambit|atk|2\n|-unboost|p1b: Sneasler|atk|1\n|move|p1b: Sneasler|Dire Claw|p2a: Venusaur\n|-damage|p2a: Venusaur|76/100\n|move|p2a: Venusaur|Earth Power|p1a: Kingambit\n|-supereffective|p1a: Kingambit|1\n|-damage|p1a: Kingambit|0 fnt\n|faint|p1a: Kingambit\n|\n|upkeep\n|\n|t:|1776334602\n|switch|p1a: Delphox|Delphox-Mega, L50, M|100/100\n|turn|8\n|\n|t:|1776334614\n|move|p1a: Delphox|Protect|p1a: Delphox\n|-singleturn|p1a: Delphox|Protect\n|move|p1b: Sneasler|Protect|p1b: Sneasler\n|-singleturn|p1b: Sneasler|Protect\n|move|p2b: Incineroar|Fake Out|p1a: Delphox\n|-activate|p1a: Delphox|move: Protect\n|move|p2a: Venusaur|Earth Power|p1b: Sneasler\n|-activate|p1b: Sneasler|move: Protect\n|\n|upkeep\n|turn|9\n|inactive|0427am has 30 seconds left.\n|\n|t:|1776334642\n|move|p2a: Venusaur|Protect|p2a: Venusaur\n|-singleturn|p2a: Venusaur|Protect\n|move|p1a: Delphox|Psychic|p2a: Venusaur\n|-activate|p2a: Venusaur|move: Protect\n|move|p1b: Sneasler|Close Combat|p2b: Incineroar\n|-supereffective|p2b: Incineroar|1\n|-damage|p2b: Incineroar|28/100\n|-unboost|p1b: Sneasler|def|1\n|-unboost|p1b: Sneasler|spd|1\n|-enditem|p2b: Incineroar|Sitrus Berry|[eat]\n|-heal|p2b: Incineroar|53/100|[from] item: Sitrus Berry\n|move|p2b: Incineroar|Parting Shot|p1a: Delphox\n|-unboost|p1a: Delphox|atk|1\n|-unboost|p1a: Delphox|spa|1\n|\n|t:|1776334652\n|switch|p2b: Basculegion|Basculegion, L50, M|37/100|[from] Parting Shot\n|\n|upkeep\n|turn|10\n|\n|t:|1776334667\n|move|p2b: Basculegion|Wave Crash|p1a: Delphox\n|-supereffective|p1a: Delphox|1\n|-damage|p1a: Delphox|0 fnt\n|faint|p1a: Delphox\n|-damage|p2b: Basculegion|12/100|[from] Recoil\n|move|p1b: Sneasler|Dire Claw|p2b: Basculegion\n|-resisted|p2b: Basculegion|1\n|-damage|p2b: Basculegion|0 fnt\n|faint|p2b: Basculegion\n|move|p2a: Venusaur|Earth Power|p1b: Sneasler\n|-supereffective|p1b: Sneasler|1\n|-damage|p1b: Sneasler|0 fnt\n|faint|p1b: Sneasler\n|\n|win|0427am\n|raw|Maxti077's rating: 1133 &rarr; <strong>1107</strong><br />(-26 for losing)\n|raw|0427am's rating: 1118 &rarr; <strong>1144</strong><br />(+26 for winning)\n",
  "uploadtime": 1776334667,
  "views": 22,
  "formatid": "gen9championsvgc2026regma",
  "rating": 1107,
  "private": 0,
  "password": null
}