{
  "id": "gen9championsvgc2026regma-2584655829",
  "format": "[Gen 9 Champions] VGC 2026 Reg M-A",
  "players": [
    "DoubleBad17",
    "xeno_GX"
  ],
  "log": "|j|\u2606DoubleBad17\n|j|\u2606xeno_GX\n|t:|1776274804\n|gametype|doubles\n|player|p1|DoubleBad17|265|1127\n|player|p2|xeno_GX|265|1143\n|gen|9\n|tier|[Gen 9 Champions] VGC 2026 Reg M-A\n|rated|\n|rule|Species Clause: Limit one of each Pok\u00e9mon\n|rule|Item Clause: Limit 1 of each item\n|clearpoke\n|poke|p1|Tyranitar, L50, M|\n|poke|p1|Garchomp, L50, M|\n|poke|p1|Delphox, L50, F|\n|poke|p1|Sneasler, L50, F|\n|poke|p1|Rotom-Wash, L50|\n|poke|p1|Sinistcha-Masterpiece, L50|\n|poke|p2|Hawlucha, L50, M|\n|poke|p2|Incineroar, L50, M|\n|poke|p2|Milotic, L50, F|\n|poke|p2|Sinistcha, L50|\n|poke|p2|Aerodactyl, L50, F|\n|poke|p2|Scizor, L50, F|\n|teampreview|4\n|inactive|Battle timer is ON: inactive players will automatically lose when time's up. (requested by DoubleBad17)\n|inactive|DoubleBad17 has 60 seconds left.\n|j| Rolex_129\n|\n|t:|1776274866\n|teamsize|p1|4\n|teamsize|p2|4\n|start\n|switch|p1a: Rotom|Rotom-Wash, L50|100/100\n|switch|p1b: Tyranitar|Tyranitar, L50, M|100/100\n|switch|p2a: Milotic|Milotic, L50, F, shiny|100/100\n|switch|p2b: Aerodactyl|Aerodactyl, L50, F|100/100\n|-ability|p2b: Aerodactyl|Unnerve\n|-weather|Sandstorm|[from] ability: Sand Stream|[of] p1b: Tyranitar\n|turn|1\n|inactive|DoubleBad17 has 30 seconds left.\n|l| Rolex_129\n|\n|t:|1776274894\n|move|p1b: Tyranitar|Protect|p1b: Tyranitar\n|-singleturn|p1b: Tyranitar|Protect\n|move|p1a: Rotom|Volt Switch|p2a: Milotic\n|-supereffective|p2a: Milotic|1\n|-damage|p2a: Milotic|50/100\n|inactive|DoubleBad17 has 30 seconds left.\n|\n|t:|1776274929\n|switch|p1a: Sneasler|Sneasler, L50, F|100/100|[from] Volt Switch\n|move|p2b: Aerodactyl|Tailwind|p2b: Aerodactyl\n|-sidestart|p2: xeno_GX|move: Tailwind\n|move|p2a: Milotic|Muddy Water|p1a: Sneasler|[spread] p1a\n|-activate|p1b: Tyranitar|move: Protect\n|-damage|p1a: Sneasler|60/100\n|\n|-weather|Sandstorm|[upkeep]\n|-damage|p2a: Milotic|44/100|[from] Sandstorm\n|-damage|p1a: Sneasler|55/100|[from] Sandstorm\n|-heal|p2a: Milotic|50/100|[from] item: Leftovers\n|upkeep\n|turn|2\n|inactive|DoubleBad17 has 30 seconds left.\n|\n|t:|1776274960\n|detailschange|p1b: Tyranitar|Tyranitar-Mega, L50, M\n|-mega|p1b: Tyranitar|Tyranitar|Tyranitarite\n|move|p2b: Aerodactyl|Protect|p2b: Aerodactyl\n|-singleturn|p2b: Aerodactyl|Protect\n|move|p1a: Sneasler|Fake Out|p2a: Milotic\n|-damage|p2a: Milotic|36/100\n|cant|p2a: Milotic|flinch\n|move|p1b: Tyranitar|Rock Slide|p2a: Milotic|[spread] p2a\n|-activate|p2b: Aerodactyl|move: Protect\n|-damage|p2a: Milotic|0 fnt\n|faint|p2a: Milotic\n|\n|-weather|Sandstorm|[upkeep]\n|-damage|p1a: Sneasler|49/100|[from] Sandstorm\n|upkeep\n|\n|t:|1776274977\n|switch|p2a: Sinistcha|Sinistcha, L50|100/100\n|turn|3\n|\n|t:|1776274986\n|move|p1a: Sneasler|Protect|p1a: Sneasler\n|-singleturn|p1a: Sneasler|Protect\n|move|p2b: Aerodactyl|Dual Wingbeat|p1a: Sneasler\n|-activate|p1a: Sneasler|move: Protect\n|move|p2a: Sinistcha|Matcha Gotcha|p1b: Tyranitar|[spread] \n|-activate|p1a: Sneasler|move: Protect\n|-miss|p2a: Sinistcha|p1b: Tyranitar\n|move|p1b: Tyranitar|Knock Off|p2a: Sinistcha\n|-supereffective|p2a: Sinistcha|1\n|-damage|p2a: Sinistcha|0 fnt\n|-enditem|p2a: Sinistcha|Coba Berry|[from] move: Knock Off|[of] p1b: Tyranitar\n|faint|p2a: Sinistcha\n|\n|-weather|Sandstorm|[upkeep]\n|-damage|p1a: Sneasler|43/100|[from] Sandstorm\n|upkeep\n|\n|t:|1776275000\n|switch|p2a: Incineroar|Incineroar, L50, M|100/100\n|-ability|p2a: Incineroar|Intimidate|boost\n|-unboost|p1a: Sneasler|atk|1\n|-unboost|p1b: Tyranitar|atk|1\n|turn|4\n|\n|t:|1776275011\n|switch|p1a: Garchomp|Garchomp, L50, M|100/100\n|switch|p1b: Rotom|Rotom-Wash, L50|100/100\n|move|p2a: Incineroar|Fake Out|p1b: Rotom\n|-crit|p1b: Rotom\n|-damage|p1b: Rotom|75/100\n|move|p2b: Aerodactyl|Dual Wingbeat|p1a: Garchomp|[miss]\n|-miss|p2b: Aerodactyl|p1a: Garchomp\n|\n|-weather|Sandstorm|[upkeep]\n|-damage|p1b: Rotom|70/100|[from] Sandstorm\n|-damage|p2a: Incineroar|94/100|[from] Sandstorm\n|-sideend|p2: xeno_GX|move: Tailwind\n|upkeep\n|turn|5\n|-message|xeno_GX forfeited.\n|\n|win|DoubleBad17\n|raw|DoubleBad17's rating: 1127 &rarr; <strong>1153</strong><br />(+26 for winning)\n|raw|xeno_GX's rating: 1143 &rarr; <strong>1117</strong><br />(-26 for losing)\n|l|\u2606xeno_GX\n|player|p2|\n",
  "uploadtime": 1776275027,
  "views": 15,
  "formatid": "gen9championsvgc2026regma",
  "rating": 1117,
  "private": 0,
  "password": null
}