{
  "id": "gen9championsvgc2026regma-2585980001",
  "format": "[Gen 9 Champions] VGC 2026 Reg M-A",
  "players": [
    "lowiadder",
    "colfox"
  ],
  "log": "|j|\u2606lowiadder\n|j|\u203dcolfox\n|t:|1776387127\n|gametype|doubles\n|player|p1|lowiadder|roxie|1245\n|player|p2|colfox|1|1253\n|gen|9\n|tier|[Gen 9 Champions] VGC 2026 Reg M-A\n|rated|\n|rule|Species Clause: Limit one of each Pok\u00e9mon\n|rule|Item Clause: Limit 1 of each item\n|clearpoke\n|poke|p1|Floette-Eternal, L50, F|\n|poke|p1|Incineroar, L50, F|\n|poke|p1|Basculegion, L50, M|\n|poke|p1|Garchomp, L50, F|\n|poke|p1|Sneasler, L50, F|\n|poke|p1|Rotom-Wash, L50|\n|poke|p2|Tyranitar, L50, F|\n|poke|p2|Excadrill, L50, M|\n|poke|p2|Dragapult, L50, F|\n|poke|p2|Milotic, L50, M|\n|poke|p2|Raichu, L50, M|\n|poke|p2|Scizor, L50, M|\n|teampreview|4\n|\n|t:|1776387137\n|teamsize|p1|4\n|teamsize|p2|4\n|start\n|switch|p1a: Basculegion|Basculegion, L50, M|100/100\n|switch|p1b: Rotom|Rotom-Wash, L50|100/100\n|switch|p2a: Milotic|Milotic, L50, M|100/100\n|switch|p2b: Raichu|Raichu, L50, M|100/100\n|turn|1\n|\n|t:|1776387157\n|move|p1b: Rotom|Helping Hand|p1a: Basculegion\n|-singleturn|p1a: Basculegion|Helping Hand|[of] p1b: Rotom\n|move|p1a: Basculegion|Flip Turn|p2b: Raichu\n|-damage|p2b: Raichu|0 fnt\n|faint|p2b: Raichu\n|\n|t:|1776387165\n|switch|p1a: Floette|Floette-Eternal, L50, F|100/100|[from] Flip Turn\n|move|p2a: Milotic|Icy Wind|p1a: Floette|[spread] p1a,p1b\n|-resisted|p1b: Rotom|1\n|-damage|p1a: Floette|86/100\n|-damage|p1b: Rotom|94/100\n|-unboost|p1a: Floette|spe|1\n|-unboost|p1b: Rotom|spe|1\n|\n|-heal|p1b: Rotom|99/100|[from] item: Leftovers\n|upkeep\n|\n|t:|1776387176\n|switch|p2b: Scizor|Scizor, L50, M|100/100\n|turn|2\n|\n|t:|1776387190\n|detailschange|p1a: Floette|Floette-Mega, L50, F\n|-mega|p1a: Floette|Floette|Floettite\n|-ability|p1a: Floette|Fairy Aura\n|detailschange|p2b: Scizor|Scizor-Mega, L50, M\n|-mega|p2b: Scizor|Scizor|Scizorite\n|move|p1a: Floette|Protect|p1a: Floette\n|-singleturn|p1a: Floette|Protect\n|move|p2a: Milotic|Scald|p1a: Floette\n|-activate|p1a: Floette|move: Protect\n|move|p2b: Scizor|Swords Dance|p2b: Scizor\n|-boost|p2b: Scizor|atk|2\n|move|p1b: Rotom|Volt Switch|p2a: Milotic\n|-supereffective|p2a: Milotic|1\n|-enditem|p2a: Milotic|Wacan Berry|[eat]\n|-enditem|p2a: Milotic|Wacan Berry|[weaken]\n|-damage|p2a: Milotic|82/100\n|\n|t:|1776387208\n|switch|p1b: Basculegion|Basculegion, L50, M|100/100|[from] Volt Switch\n|\n|upkeep\n|turn|3\n|\n|t:|1776387219\n|switch|p1a: Rotom|Rotom-Wash, L50|99/100\n|move|p2b: Scizor|Bullet Punch|p1a: Rotom\n|-resisted|p1a: Rotom|2\n|-damage|p1a: Rotom|83/100\n|move|p1b: Basculegion|Flip Turn|p2b: Scizor\n|-damage|p2b: Scizor|70/100\n|\n|t:|1776387242\n|switch|p1b: Garchomp|Garchomp, L50, F|100/100|[from] Flip Turn\n|move|p2a: Milotic|Icy Wind|p1a: Rotom|[spread] p1a,p1b\n|-resisted|p1a: Rotom|1\n|-supereffective|p1b: Garchomp|2\n|-damage|p1a: Rotom|77/100\n|-damage|p1b: Garchomp|36/100\n|-unboost|p1a: Rotom|spe|1\n|-unboost|p1b: Garchomp|spe|1\n|\n|-heal|p1a: Rotom|83/100|[from] item: Leftovers\n|upkeep\n|turn|4\n|\n|t:|1776387255\n|move|p1b: Garchomp|Protect|p1b: Garchomp\n|-singleturn|p1b: Garchomp|Protect\n|move|p2b: Scizor|Protect|p2b: Scizor\n|-singleturn|p2b: Scizor|Protect\n|move|p2a: Milotic|Icy Wind|p1a: Rotom|[spread] p1a\n|-activate|p1b: Garchomp|move: Protect\n|-resisted|p1a: Rotom|1\n|-damage|p1a: Rotom|75/100\n|-unboost|p1a: Rotom|spe|1\n|move|p1a: Rotom|Electroweb|p2a: Milotic|[spread] p2a\n|-activate|p2b: Scizor|move: Protect\n|-supereffective|p2a: Milotic|1\n|-damage|p2a: Milotic|61/100\n|-unboost|p2a: Milotic|spe|1\n|-ability|p2a: Milotic|Competitive|boost\n|-boost|p2a: Milotic|spa|2\n|\n|-heal|p1a: Rotom|81/100|[from] item: Leftovers\n|upkeep\n|turn|5\n|-message|lowiadder forfeited.\n|\n|win|colfox\n|raw|lowiadder's rating: 1245 &rarr; <strong>1221</strong><br />(-24 for losing)\n|raw|colfox's rating: 1253 &rarr; <strong>1277</strong><br />(+24 for winning)\n|l|\u2606lowiadder\n|player|p1|\n",
  "uploadtime": 1776387279,
  "views": 33,
  "formatid": "gen9championsvgc2026regma",
  "rating": 1221,
  "private": 0,
  "password": null
}