{
  "id": "gen9championsvgc2026regma-2581375723",
  "format": "[Gen 9 Champions] VGC 2026 Reg M-A",
  "players": [
    "Bimboddue",
    "splvne"
  ],
  "log": "|j|\u2606Bimboddue\n|j|\u2606splvne\n|t:|1775993511\n|gametype|doubles\n|player|p1|Bimboddue|101|1152\n|player|p2|splvne|skierf|1098\n|gen|9\n|tier|[Gen 9 Champions] VGC 2026 Reg M-A\n|rated|\n|rule|Species Clause: Limit one of each Pok\u00e9mon\n|rule|Item Clause: Limit 1 of each item\n|clearpoke\n|poke|p1|Emboar, L50, F|\n|poke|p1|Primarina, L50, F|\n|poke|p1|Farigiraf, L50, M|\n|poke|p1|Sinistcha, L50|\n|poke|p1|Tyranitar, L50, F|\n|poke|p1|Scizor, L50, M|\n|poke|p2|Zoroark-Hisui, L50, F|\n|poke|p2|Aggron, L50, F|\n|poke|p2|Chandelure, L50, M|\n|poke|p2|Incineroar, L50, M|\n|poke|p2|Conkeldurr, L50, M|\n|poke|p2|Tyrantrum, L50, M|\n|teampreview|4\nBimboddue has agreed to open team sheets.\n|c|\u2606splvne|mega emboar:ooo???\n|\n|t:|1775993566\n|teamsize|p1|4\n|teamsize|p2|4\n|start\n|switch|p1a: Farigiraf|Farigiraf, L50, M|100/100\n|switch|p1b: Primarina|Primarina, L50, F|100/100\n|switch|p2a: Conkeldurr|Conkeldurr, L50, M, shiny|100/100\n|switch|p2b: Incineroar|Incineroar, L50, M, shiny|100/100\n|-ability|p2b: Incineroar|Intimidate|boost\n|-unboost|p1a: Farigiraf|atk|1\n|-unboost|p1b: Primarina|atk|1\n|turn|1\n|\n|t:|1775993593\n|move|p1a: Farigiraf|Helping Hand|p1b: Primarina\n|-singleturn|p1b: Primarina|Helping Hand|[of] p1a: Farigiraf\n|move|p2a: Conkeldurr|Hyper Voice|p1a: Farigiraf|[spread] p1a,p1b\n|-crit|p1b: Primarina\n|-damage|p1a: Farigiraf|74/100\n|-damage|p1b: Primarina|55/100\n|move|p2b: Incineroar|Parting Shot|p1a: Farigiraf\n|-unboost|p1a: Farigiraf|atk|1\n|-unboost|p1a: Farigiraf|spa|1\n|\n|t:|1775993610\n|switch|p2b: Conkeldurr|Conkeldurr, L50, M, shiny|100/100|[from] Parting Shot\n|move|p1b: Primarina|Moonblast|p2a: Conkeldurr\n|-damage|p2a: Conkeldurr|0 fnt\n|replace|p2a: Zoroark|Zoroark-Hisui, L50, F, shiny\n|-end|p2a: Zoroark|Illusion\n|faint|p2a: Zoroark\n|\n|-heal|p1b: Primarina|61/100|[from] item: Leftovers\n|upkeep\n|\n|t:|1775993618\n|switch|p2a: Incineroar|Incineroar, L50, M, shiny|100/100\n|-ability|p2a: Incineroar|Intimidate|boost\n|-unboost|p1a: Farigiraf|atk|1\n|-unboost|p1b: Primarina|atk|1\n|turn|2\n|\n|t:|1775993648\n|switch|p2b: Aggron|Aggron, L50, F, shiny|100/100\n|move|p2a: Incineroar|Darkest Lariat|p1a: Farigiraf\n|-supereffective|p1a: Farigiraf|1\n|-damage|p1a: Farigiraf|2/100\n|-enditem|p1a: Farigiraf|Sitrus Berry|[eat]\n|-heal|p1a: Farigiraf|27/100|[from] item: Sitrus Berry\n|move|p1b: Primarina|Hyper Voice|p2a: Incineroar|[spread] p2a,p2b\n|-supereffective|p2a: Incineroar|1\n|-supereffective|p2b: Aggron|1\n|-damage|p2a: Incineroar|35/100\n|-damage|p2b: Aggron|26/100\n|move|p1a: Farigiraf|Trick Room|p1a: Farigiraf\n|-fieldstart|move: Trick Room|[of] p1a: Farigiraf\n|\n|-heal|p1b: Primarina|67/100|[from] item: Leftovers\n|upkeep\n|turn|3\n|\n|t:|1775993680\n|detailschange|p2b: Aggron|Aggron-Mega, L50, F, shiny\n|-mega|p2b: Aggron|Aggron|Aggronite\n|move|p1a: Farigiraf|Helping Hand|p1b: Primarina\n|-singleturn|p1b: Primarina|Helping Hand|[of] p1a: Farigiraf\n|move|p2b: Aggron|Protect|p2b: Aggron\n|-singleturn|p2b: Aggron|Protect\n|move|p1b: Primarina|Hyper Voice|p2b: Aggron|[spread] p2a\n|-activate|p2b: Aggron|move: Protect\n|-supereffective|p2a: Incineroar|1\n|-damage|p2a: Incineroar|0 fnt\n|faint|p2a: Incineroar\n|\n|-heal|p1b: Primarina|73/100|[from] item: Leftovers\n|upkeep\n|\n|t:|1775993688\n|switch|p2a: Conkeldurr|Conkeldurr, L50, M, shiny|100/100\n|turn|4\n|\n|t:|1775993705\n|move|p2b: Aggron|Body Press|p1a: Farigiraf\n|-damage|p1a: Farigiraf|0 fnt\n|faint|p1a: Farigiraf\n|move|p2a: Conkeldurr|Thunder Punch|p1b: Primarina\n|-supereffective|p1b: Primarina|1\n|-damage|p1b: Primarina|0 fnt\n|faint|p1b: Primarina\n|\n|upkeep\n|\n|t:|1775993712\n|switch|p1b: Scizor|Scizor, L50, M|100/100\n|switch|p1a: Emboar|Emboar, L50, F|100/100\n|turn|5\n|\n|t:|1775993746\n|detailschange|p1a: Emboar|Emboar-Mega, L50, F\n|-mega|p1a: Emboar|Emboar|Emboarite\n|-ability|p1a: Emboar|Mold Breaker\n|move|p2b: Aggron|Body Press|p1a: Emboar\n|-damage|p1a: Emboar|64/100\n|move|p2a: Conkeldurr|Drain Punch|p1b: Scizor\n|-damage|p1b: Scizor|33/100\n|move|p1b: Scizor|Dual Wingbeat|p2a: Conkeldurr\n|-supereffective|p2a: Conkeldurr|1\n|-damage|p2a: Conkeldurr|61/100\n|-supereffective|p2a: Conkeldurr|1\n|-damage|p2a: Conkeldurr|17/100\n|-hitcount|p2a: Conkeldurr|2\n|move|p1a: Emboar|Hammer Arm|p2b: Aggron\n|-supereffective|p2b: Aggron|1\n|-damage|p2b: Aggron|0 fnt\n|-unboost|p1a: Emboar|spe|1\n|faint|p2b: Aggron\n|\n|upkeep\n|turn|6\n|\n|t:|1775993765\n|move|p1b: Scizor|Bullet Punch|p2a: Conkeldurr\n|-damage|p2a: Conkeldurr|0 fnt\n|faint|p2a: Conkeldurr\n|\n|win|Bimboddue\n|raw|Bimboddue's rating: 1152 &rarr; <strong>1173</strong><br />(+21 for winning)\n|raw|splvne's rating: 1098 &rarr; <strong>1077</strong><br />(-21 for losing)\n|c|\u2606Bimboddue|GG\n|l|\u2606splvne\n|player|p2|\n",
  "uploadtime": 1775993776,
  "views": 17,
  "formatid": "gen9championsvgc2026regma",
  "rating": 1077,
  "private": 0,
  "password": null
}