{
  "id": "gen9championsvgc2026regma-2582972371",
  "format": "[Gen 9 Champions] VGC 2026 Reg M-A",
  "players": [
    "ataraxiacg",
    "nerdoboy222"
  ],
  "log": "|j|\u2606ataraxiacg\n|j|\u2606nerdoboy222\n|t:|1776129710\n|gametype|doubles\n|player|p1|ataraxiacg|clair|1028\n|player|p2|nerdoboy222|265|1000\n|gen|9\n|tier|[Gen 9 Champions] VGC 2026 Reg M-A\n|rated|\n|rule|Species Clause: Limit one of each Pok\u00e9mon\n|rule|Item Clause: Limit 1 of each item\n|clearpoke\n|poke|p1|Aerodactyl, L50, F|\n|poke|p1|Meowscarada, L50, F|\n|poke|p1|Floette-Eternal, L50, F|\n|poke|p1|Maushold, L50|\n|poke|p1|Basculegion, L50, M|\n|poke|p1|Sneasler, L50, M|\n|poke|p2|Floette-Eternal, L50, F|\n|poke|p2|Maushold-Four, L50|\n|poke|p2|Talonflame, L50, M|\n|poke|p2|Farigiraf, L50, M|\n|poke|p2|Tauros-Paldea-Aqua, L50, M|\n|poke|p2|Clawitzer, L50, M|\n|teampreview|4\nnerdoboy222 has agreed to open team sheets.\nataraxiacg has agreed to open team sheets.\n|showteam|p1|Aerodactyl||FocusSash|Unnerve|RockSlide,DualWingbeat,Tailwind,Protect|||F|||50|]Meowscarada||BlackGlasses|Protean|FlowerTrick,LowKick,SuckerPunch,Protect|||F|||50|]Floette-Eternal||Floettite|FlowerVeil|DazzlingGleam,Moonblast,CalmMind,Protect|||F|||50|]Maushold||ChopleBerry|FriendGuard|FollowMe,Taunt,Protect,SuperFang||||||50|]Basculegion||ChoiceScarf|Adaptability|FlipTurn,LastRespects,WaveCrash,AquaJet|||M|||50|]Sneasler||WhiteHerb|Unburden|CloseCombat,DireClaw,FakeOut,Protect|||M|||50|\n|showteam|p2|Floette-Eternal||Floettite|FlowerVeil|Moonblast,DazzlingGleam,CalmMind,LightofRuin|||F|||50|]Maushold-Four||MentalHerb|FriendGuard|FollowMe,HelpingHand,PopulationBomb,Protect||||||50|]Talonflame||FocusSash|GaleWings|Tailwind,BraveBird,FlareBlitz,Protect|||M|||50|]Farigiraf||LumBerry|ArmorTail|TrickRoom,Imprison,HelpingHand,HyperVoice|||M|||50|]Tauros-Paldea-Aqua||MysticWater|Intimidate|RagingBull,AquaJet,Earthquake,CloseCombat|||M|||50|]Clawitzer||Leftovers|MegaLauncher|AuraSphere,HealPulse,DragonPulse,Protect|||M|||50|\n|\n|t:|1776129770\n|teamsize|p1|4\n|teamsize|p2|4\n|start\n|switch|p1a: Maushold|Maushold, L50|100/100\n|switch|p1b: Floette|Floette-Eternal, L50, F|100/100\n|switch|p2a: Talonflame|Talonflame, L50, M|100/100\n|switch|p2b: Clawitzer|Clawitzer, L50, M|100/100\n|turn|1\n|\n|t:|1776129803\n|detailschange|p1b: Floette|Floette-Mega, L50, F\n|-mega|p1b: Floette|Floette|Floettite\n|-ability|p1b: Floette|Fairy Aura\n|move|p2a: Talonflame|Tailwind|p2a: Talonflame\n|-sidestart|p2: nerdoboy222|move: Tailwind\n|move|p1a: Maushold|Taunt|p2a: Talonflame\n|-start|p2a: Talonflame|move: Taunt\n|move|p1b: Floette|Moonblast|p2b: Clawitzer\n|-damage|p2b: Clawitzer|26/100\n|move|p2b: Clawitzer|Aura Sphere|p1a: Maushold\n|-supereffective|p1a: Maushold|1\n|-enditem|p1a: Maushold|Chople Berry|[eat]\n|-enditem|p1a: Maushold|Chople Berry|[weaken]\n|-damage|p1a: Maushold|61/100\n|\n|-heal|p2b: Clawitzer|33/100|[from] item: Leftovers\n|upkeep\n|turn|2\n|\n|t:|1776129841\n|move|p2a: Talonflame|Brave Bird|p1b: Floette\n|-damage|p1b: Floette|53/100\n|-damage|p2a: Talonflame|85/100|[from] Recoil\n|move|p1a: Maushold|Super Fang|p2a: Talonflame\n|-damage|p2a: Talonflame|43/100\n|move|p1b: Floette|Moonblast|p2a: Talonflame\n|-resisted|p2a: Talonflame|1\n|-damage|p2a: Talonflame|0 fnt\n|faint|p2a: Talonflame\n|move|p2b: Clawitzer|Aura Sphere|p1a: Maushold\n|-supereffective|p1a: Maushold|1\n|-damage|p1a: Maushold|0 fnt\n|faint|p1a: Maushold\n|\n|-heal|p2b: Clawitzer|39/100|[from] item: Leftovers\n|upkeep\n|\n|t:|1776129865\n|switch|p2a: Floette|Floette-Eternal, L50, F|100/100\n|switch|p1a: Basculegion|Basculegion, L50, M|100/100\n|turn|3\n|\n|t:|1776129911\n|switch|p1a: Sneasler|Sneasler, L50, M|100/100\n|move|p1b: Floette|Protect|p1b: Floette\n|-singleturn|p1b: Floette|Protect\n|move|p2a: Floette|Light of Ruin|p1b: Floette\n|-activate|p1b: Floette|move: Protect\n|move|p2b: Clawitzer|Heal Pulse|p2a: Floette\n|-fail|p2a: Floette|heal\n|\n|-heal|p2b: Clawitzer|45/100|[from] item: Leftovers\n|upkeep\n|turn|4\n|\n|t:|1776129934\n|move|p1a: Sneasler|Fake Out|p2a: Floette\n|-damage|p2a: Floette|85/100\n|cant|p2a: Floette|flinch\n|move|p1b: Floette|Dazzling Gleam|p2b: Clawitzer|[spread] p2a,p2b\n|-damage|p2a: Floette|38/100\n|-damage|p2b: Clawitzer|0 fnt\n|faint|p2b: Clawitzer\n|\n|-sideend|p2: nerdoboy222|move: Tailwind\n|upkeep\n|\n|t:|1776129944\n|switch|p2b: Maushold|Maushold-Four, L50|100/100\n|turn|5\n|\n|t:|1776130006\n|move|p1a: Sneasler|Protect|p1a: Sneasler\n|-singleturn|p1a: Sneasler|Protect\n|move|p2b: Maushold|Follow Me|p2b: Maushold\n|-singleturn|p2b: Maushold|move: Follow Me\n|move|p1b: Floette|Dazzling Gleam|p2b: Maushold|[spread] p2a,p2b\n|-damage|p2a: Floette|5/100\n|-damage|p2b: Maushold|46/100\n|move|p2a: Floette|Calm Mind|p2a: Floette\n|-boost|p2a: Floette|spa|1\n|-boost|p2a: Floette|spd|1\n|\n|upkeep\n|turn|6\n|\n|t:|1776130040\n|move|p2b: Maushold|Follow Me|p2b: Maushold\n|-singleturn|p2b: Maushold|move: Follow Me\n|move|p1a: Sneasler|Dire Claw|p2b: Maushold\n|-damage|p2b: Maushold|1/100\n|move|p1b: Floette|Dazzling Gleam|p2b: Maushold|[spread] p2a,p2b\n|-damage|p2a: Floette|0 fnt\n|-damage|p2b: Maushold|0 fnt\n|faint|p2a: Floette\n|faint|p2b: Maushold\n|\n|win|ataraxiacg\n|raw|ataraxiacg's rating: 1028 &rarr; <strong>1061</strong><br />(+33 for winning)\n|raw|nerdoboy222's rating: 1000 &rarr; <strong>1000</strong><br />(+0 for losing)\n|l|\u2606nerdoboy222\n|player|p2|\n",
  "uploadtime": 1776130053,
  "views": 12,
  "formatid": "gen9championsvgc2026regma",
  "rating": 1000,
  "private": 0,
  "password": null
}