{
  "id": "gen9championsvgc2026regma-2582905993",
  "format": "[Gen 9 Champions] VGC 2026 Reg M-A",
  "players": [
    "Whatever0512",
    "bigmode_jimbob"
  ],
  "log": "|j|\u2606Whatever0512\n|j|\u2606bigmode_jimbob\n|t:|1776123796\n|gametype|doubles\n|player|p1|Whatever0512|1|1091\n|player|p2|bigmode_jimbob|drayden|1152\n|gen|9\n|tier|[Gen 9 Champions] VGC 2026 Reg M-A\n|rated|\n|rule|Species Clause: Limit one of each Pok\u00e9mon\n|rule|Item Clause: Limit 1 of each item\n|clearpoke\n|poke|p1|Gengar, L50, F|\n|poke|p1|Incineroar, L50, F|\n|poke|p1|Kommo-o, L50, M|\n|poke|p1|Sinistcha, L50|\n|poke|p1|Politoed, L50, F|\n|poke|p1|Corviknight, L50, F|\n|poke|p2|Glimmora, L50, M|\n|poke|p2|Talonflame, L50, M|\n|poke|p2|Milotic, L50, M|\n|poke|p2|Salazzle, L50, F|\n|poke|p2|Tyranitar, L50, F|\n|poke|p2|Excadrill, L50, M|\n|teampreview|4\n|inactive|Battle timer is ON: inactive players will automatically lose when time's up. (requested by bigmode_jimbob)\n|\n|t:|1776123850\n|teamsize|p1|4\n|teamsize|p2|4\n|start\n|switch|p1a: Gengar|Gengar, L50, F|100/100\n|switch|p1b: Kommo-o|Kommo-o, L50, M|100/100\n|switch|p2a: Talonflame|Talonflame, L50, M|100/100\n|switch|p2b: Salazzle|Salazzle, L50, F|100/100\n|turn|1\n|\n|t:|1776123867\n|detailschange|p1a: Gengar|Gengar-Mega, L50, F\n|-mega|p1a: Gengar|Gengar|Gengarite\n|move|p1b: Kommo-o|Protect|p1b: Kommo-o\n|-singleturn|p1b: Kommo-o|Protect\n|move|p2a: Talonflame|Tailwind|p2a: Talonflame\n|-sidestart|p2: bigmode_jimbob|move: Tailwind\n|move|p2b: Salazzle|Toxic|p1b: Kommo-o\n|-activate|p1b: Kommo-o|move: Protect\n|move|p1a: Gengar|Sludge Bomb|p2a: Talonflame\n|-damage|p2a: Talonflame|25/100\n|\n|upkeep\n|turn|2\n|inactive|Whatever0512 has 30 seconds left.\n|inactive|Whatever0512 has 20 seconds left.\n|inactive|Whatever0512 has 15 seconds left.\n|\n|t:|1776123908\n|switch|p1b: Politoed|Politoed, L50, F|100/100\n|-weather|RainDance|[from] ability: Drizzle|[of] p1b: Politoed\n|move|p2a: Talonflame|Protect|p2a: Talonflame\n|-singleturn|p2a: Talonflame|Protect\n|move|p2b: Salazzle|Toxic|p1b: Politoed\n|-status|p1b: Politoed|tox\n|move|p1a: Gengar|Shadow Ball|p2a: Talonflame\n|-activate|p2a: Talonflame|move: Protect\n|\n|-weather|RainDance|[upkeep]\n|-damage|p1b: Politoed|94/100 tox|[from] psn\n|upkeep\n|turn|3\n|\n|t:|1776123925\n|switch|p1b: Sinistcha|Sinistcha, L50|100/100\n|move|p2a: Talonflame|Brave Bird|p1a: Gengar\n|-damage|p1a: Gengar|57/100\n|-damage|p2a: Talonflame|10/100|[from] Recoil\n|move|p2b: Salazzle|Venoshock|p1b: Sinistcha\n|-damage|p1b: Sinistcha|72/100\n|move|p1a: Gengar|Shadow Ball|p2a: Talonflame\n|-damage|p2a: Talonflame|0 fnt\n|faint|p2a: Talonflame\n|\n|-weather|RainDance|[upkeep]\n|upkeep\n|\n|t:|1776123938\n|switch|p2a: Tyranitar|Tyranitar, L50, F|100/100\n|-weather|Sandstorm|[from] ability: Sand Stream|[of] p2a: Tyranitar\n|turn|4\n|\n|t:|1776123956\n|switch|p1b: Politoed|Politoed, L50, F|94/100 tox\n|-weather|RainDance|[from] ability: Drizzle|[of] p1b: Politoed\n|move|p1a: Gengar|Protect|p1a: Gengar\n|-singleturn|p1a: Gengar|Protect\n|move|p2b: Salazzle|Toxic|p1b: Politoed\n|-fail|p1b: Politoed|tox\n|move|p2a: Tyranitar|Knock Off|p1a: Gengar\n|-activate|p1a: Gengar|move: Protect\n|\n|-weather|RainDance|[upkeep]\n|-damage|p1b: Politoed|88/100 tox|[from] psn\n|-sideend|p2: bigmode_jimbob|move: Tailwind\n|upkeep\n|turn|5\n|\n|t:|1776123973\n|detailschange|p2a: Tyranitar|Tyranitar-Mega, L50, F\n|-mega|p2a: Tyranitar|Tyranitar|Tyranitarite\n|-weather|Sandstorm|[from] ability: Sand Stream|[of] p2a: Tyranitar\n|move|p1b: Politoed|Weather Ball|p2a: Tyranitar\n|-damage|p2a: Tyranitar|88/100\n|move|p1a: Gengar|Shadow Ball|p2b: Salazzle\n|-damage|p2b: Salazzle|28/100\n|move|p2b: Salazzle|Venoshock|p1b: Politoed\n|-damage|p1b: Politoed|36/100 tox\n|move|p2a: Tyranitar|Knock Off|p1a: Gengar\n|-supereffective|p1a: Gengar|1\n|-damage|p1a: Gengar|0 fnt\n|faint|p1a: Gengar\n|\n|-weather|Sandstorm|[upkeep]\n|-damage|p1b: Politoed|30/100 tox|[from] Sandstorm\n|-damage|p2b: Salazzle|22/100|[from] Sandstorm\n|-damage|p1b: Politoed|18/100 tox|[from] psn\n|upkeep\n|\n|t:|1776123981\n|switch|p1a: Kommo-o|Kommo-o, L50, M|100/100\n|turn|6\n|\n|t:|1776123990\n|move|p1b: Politoed|Weather Ball|p2b: Salazzle\n|-supereffective|p2b: Salazzle|1\n|-damage|p2b: Salazzle|0 fnt\n|faint|p2b: Salazzle\n|move|p1a: Kommo-o|Clangorous Soul|p1a: Kommo-o\n|-boost|p1a: Kommo-o|atk|1\n|-boost|p1a: Kommo-o|def|1\n|-boost|p1a: Kommo-o|spa|1\n|-boost|p1a: Kommo-o|spd|1\n|-boost|p1a: Kommo-o|spe|1\n|-damage|p1a: Kommo-o|68/100\n|move|p2a: Tyranitar|Rock Slide|p1b: Politoed|[spread] p1a,p1b\n|-resisted|p1a: Kommo-o|1\n|-damage|p1a: Kommo-o|57/100\n|-damage|p1b: Politoed|0 fnt\n|faint|p1b: Politoed\n|\n|-weather|Sandstorm|[upkeep]\n|-damage|p1a: Kommo-o|50/100|[from] Sandstorm\n|-heal|p1a: Kommo-o|57/100|[from] item: Leftovers\n|upkeep\n|\n|t:|1776123994\n|switch|p2b: Glimmora|Glimmora, L50, M|100/100\n|switch|p1b: Sinistcha|Sinistcha, L50|72/100\n|-heal|p1a: Kommo-o|82/100|[from] ability: Hospitality|[of] p1b: Sinistcha\n|turn|7\n|inactive|Whatever0512 has 30 seconds left.\n|\n|t:|1776124027\n|move|p2a: Tyranitar|Protect|p2a: Tyranitar\n|-singleturn|p2a: Tyranitar|Protect\n|move|p1a: Kommo-o|Aura Sphere|p2b: Glimmora\n|-damage|p2b: Glimmora|55/100\n|move|p2b: Glimmora|Sludge Bomb|p1b: Sinistcha\n|-damage|p1b: Sinistcha|20/100\n|move|p1b: Sinistcha|Matcha Gotcha|p2a: Tyranitar|[spread] p2b\n|-activate|p2a: Tyranitar|move: Protect\n|-damage|p2b: Glimmora|26/100\n|-heal|p1b: Sinistcha|33/100|[from] drain|[of] p2b: Glimmora\n|\n|-weather|Sandstorm|[upkeep]\n|-damage|p1a: Kommo-o|75/100|[from] Sandstorm\n|-damage|p1b: Sinistcha|26/100|[from] Sandstorm\n|-heal|p1a: Kommo-o|82/100|[from] item: Leftovers\n|upkeep\n|turn|8\n|inactive|Whatever0512 has 30 seconds left.\n|\n|t:|1776124057\n|move|p1b: Sinistcha|Protect|p1b: Sinistcha\n|-singleturn|p1b: Sinistcha|Protect\n|move|p1a: Kommo-o|Aura Sphere|p2a: Tyranitar\n|-supereffective|p2a: Tyranitar|2\n|-damage|p2a: Tyranitar|1/100\n|move|p2b: Glimmora|Sludge Bomb|p1b: Sinistcha\n|-activate|p1b: Sinistcha|move: Protect\n|move|p2a: Tyranitar|Knock Off|p1a: Kommo-o\n|-resisted|p1a: Kommo-o|1\n|-damage|p1a: Kommo-o|62/100\n|-enditem|p1a: Kommo-o|Leftovers|[from] move: Knock Off|[of] p2a: Tyranitar\n|\n|-weather|Sandstorm|[upkeep]\n|-damage|p1a: Kommo-o|56/100|[from] Sandstorm\n|-damage|p1b: Sinistcha|20/100|[from] Sandstorm\n|upkeep\n|turn|9\n|-message|bigmode_jimbob forfeited.\n|\n|win|Whatever0512\n|raw|Whatever0512's rating: 1091 &rarr; <strong>1122</strong><br />(+31 for winning)\n|raw|bigmode_jimbob's rating: 1152 &rarr; <strong>1123</strong><br />(-29 for losing)\n|l|\u2606bigmode_jimbob\n|player|p2|\n|l|\u2606Whatever0512\n|player|p1|\n|j|\u2606Whatever0512\n|player|p1|Whatever0512|1|\n|l|\u2606Whatever0512\n|player|p1|\n|j|\u2606Whatever0512\n|player|p1|Whatever0512|1|\n",
  "uploadtime": 1776124264,
  "views": 31,
  "formatid": "gen9championsvgc2026regma",
  "rating": 1122,
  "private": 0,
  "password": null
}