{
  "id": "gen9championsvgc2026regma-2585659558",
  "format": "[Gen 9 Champions] VGC 2026 Reg M-A",
  "players": [
    "YugePower",
    "papingolo"
  ],
  "log": "|j|\u2606YugePower\n|j|\u2606papingolo\n|t:|1776361857\n|gametype|doubles\n|player|p1|YugePower|266|1108\n|player|p2|papingolo|shadowtriad|1101\n|gen|9\n|tier|[Gen 9 Champions] VGC 2026 Reg M-A\n|rated|\n|rule|Species Clause: Limit one of each Pok\u00e9mon\n|rule|Item Clause: Limit 1 of each item\n|clearpoke\n|poke|p1|Farigiraf, L50, F|\n|poke|p1|Corviknight, L50, F|\n|poke|p1|Golurk, L50|\n|poke|p1|Maushold-Four, L50|\n|poke|p1|Primarina, L50, M|\n|poke|p1|Chandelure, L50, M|\n|poke|p2|Dragonite, L50, M|\n|poke|p2|Pelipper, L50, M|\n|poke|p2|Kingambit, L50, F|\n|poke|p2|Sneasler, L50, M|\n|poke|p2|Basculegion, L50, M|\n|poke|p2|Sinistcha, L50|\n|teampreview|4\n|inactive|Battle timer is ON: inactive players will automatically lose when time's up. (requested by papingolo)\npapingolo rejected open team sheets.\n|\n|t:|1776361904\n|teamsize|p1|4\n|teamsize|p2|4\n|start\n|switch|p1a: Farigiraf|Farigiraf, L50, F|100/100\n|switch|p1b: Corviknight|Corviknight, L50, F|100/100\n|switch|p2a: Kingambit|Kingambit, L50, F|100/100\n|switch|p2b: Basculegion|Basculegion, L50, M|100/100\n|turn|1\n|inactive|YugePower has 30 seconds left.\n|inactive|papingolo has 30 seconds left.\n|inactive|YugePower has 20 seconds left.\n|inactive|papingolo has 20 seconds left.\n|inactive|YugePower has 15 seconds left.\n|inactive|papingolo has 15 seconds left.\n|inactive|YugePower has 10 seconds left.\n|inactive|papingolo has 10 seconds left.\n|inactive|YugePower has 5 seconds left.\n|\n|t:|1776361958\n|switch|p1a: Primarina|Primarina, L50, M|100/100\n|move|p2b: Basculegion|Wave Crash|p1a: Primarina\n|-resisted|p1a: Primarina|1\n|-damage|p1a: Primarina|55/100\n|-damage|p2b: Basculegion|86/100|[from] Recoil\n|move|p1b: Corviknight|Dual Wingbeat|p2b: Basculegion\n|-damage|p2b: Basculegion|64/100\n|-damage|p2b: Basculegion|45/100\n|-hitcount|p2b: Basculegion|2\n|move|p2a: Kingambit|Kowtow Cleave|p1a: Primarina\n|-resisted|p1a: Primarina|1\n|-damage|p1a: Primarina|27/100\n|\n|upkeep\n|turn|2\n|inactive|YugePower has 30 seconds left.\n|inactive|papingolo has 30 seconds left.\n|inactive|YugePower has 20 seconds left.\n|inactive|YugePower has 15 seconds left.\n|inactive|YugePower has 10 seconds left.\n|inactive|YugePower has 5 seconds left.\n|\n|t:|1776362012\n|move|p1a: Primarina|Protect|p1a: Primarina\n|-singleturn|p1a: Primarina|Protect\n|move|p2b: Basculegion|Wave Crash|p1a: Primarina\n|-activate|p1a: Primarina|move: Protect\n|move|p1b: Corviknight|Dual Wingbeat|p2b: Basculegion\n|-damage|p2b: Basculegion|23/100\n|-damage|p2b: Basculegion|4/100\n|-hitcount|p2b: Basculegion|2\n|move|p2a: Kingambit|Kowtow Cleave|p1a: Primarina\n|-activate|p1a: Primarina|move: Protect\n|\n|upkeep\n|turn|3\n|inactive|YugePower has 30 seconds left.\n|\n|t:|1776362047\n|move|p2b: Basculegion|Protect|p2b: Basculegion\n|-singleturn|p2b: Basculegion|Protect\n|move|p1b: Corviknight|U-turn|p2b: Basculegion\n|-activate|p2b: Basculegion|move: Protect\n|move|p1a: Primarina|Hyper Voice|p2b: Basculegion|[spread] p2a\n|-activate|p2b: Basculegion|move: Protect\n|-damage|p2a: Kingambit|64/100\n|move|p2a: Kingambit|Iron Head|p1a: Primarina\n|-damage|p1a: Primarina|0 fnt\n|faint|p1a: Primarina\n|\n|upkeep\n|\n|t:|1776362065\n|switch|p1a: Chandelure|Chandelure, L50, M|100/100\n|turn|4\n|inactive|YugePower has 30 seconds left.\n|\n|t:|1776362092\n|detailschange|p1a: Chandelure|Chandelure-Mega, L50, M\n|-mega|p1a: Chandelure|Chandelure|Chandelurite\n|move|p1a: Chandelure|Protect|p1a: Chandelure\n|-singleturn|p1a: Chandelure|Protect\n|move|p2b: Basculegion|Aqua Jet|p1a: Chandelure\n|-activate|p1a: Chandelure|move: Protect\n|move|p2a: Kingambit|Sucker Punch||[still]\n|-fail|p2a: Kingambit\n|move|p1b: Corviknight|U-turn|p2b: Basculegion\n|-resisted|p2b: Basculegion|1\n|-damage|p2b: Basculegion|0 fnt\n|faint|p2b: Basculegion\n|\n|t:|1776362106\n|switch|p1b: Farigiraf|Farigiraf, L50, F|100/100|[from] U-turn\n|\n|upkeep\n|\n|t:|1776362120\n|switch|p2b: Dragonite|Dragonite, L50, M|100/100\n|turn|5\n|inactive|YugePower has 30 seconds left.\n|inactive|YugePower has 20 seconds left.\n|inactive|YugePower has 15 seconds left.\n|\n|t:|1776362164\n|detailschange|p2b: Dragonite|Dragonite-Mega, L50, M\n|-mega|p2b: Dragonite|Dragonite|Dragoninite\n|move|p2a: Kingambit|Protect|p2a: Kingambit\n|-singleturn|p2a: Kingambit|Protect\n|move|p2b: Dragonite|Hurricane|p1a: Chandelure\n|-damage|p1a: Chandelure|43/100\n|-start|p1a: Chandelure|confusion\n|-activate|p1a: Chandelure|confusion\n|move|p1a: Chandelure|Heat Wave|p2a: Kingambit|[spread] p2b\n|-activate|p2a: Kingambit|move: Protect\n|-resisted|p2b: Dragonite|1\n|-damage|p2b: Dragonite|89/100\n|move|p1b: Farigiraf|Hyper Voice|p2b: Dragonite|[spread] p2b\n|-activate|p2a: Kingambit|move: Protect\n|-damage|p2b: Dragonite|60/100\n|\n|upkeep\n|turn|6\n|inactive|papingolo has 30 seconds left.\n|\n|t:|1776362193\n|switch|p2a: Sneasler|Sneasler, L50, M, shiny|100/100\n|-end|p1a: Chandelure|confusion\n|move|p1a: Chandelure|Protect|p1a: Chandelure\n|-singleturn|p1a: Chandelure|Protect\n|move|p2b: Dragonite|Hurricane|p1b: Farigiraf\n|-damage|p1b: Farigiraf|37/100\n|move|p1b: Farigiraf|Trick Room|p1b: Farigiraf\n|-fieldstart|move: Trick Room|[of] p1b: Farigiraf\n|\n|-heal|p1b: Farigiraf|43/100|[from] item: Leftovers\n|upkeep\n|turn|7\n|inactive|YugePower has 30 seconds left.\n|inactive|papingolo has 30 seconds left.\n|\n|t:|1776362227\n|move|p1b: Farigiraf|Hyper Voice|p2a: Sneasler|[spread] p2a,p2b\n|-damage|p2a: Sneasler|53/100\n|-damage|p2b: Dragonite|29/100\n|move|p1a: Chandelure|Heat Wave|p2a: Sneasler|[spread] p2a,p2b\n|-resisted|p2b: Dragonite|1\n|-damage|p2a: Sneasler|0 fnt\n|-damage|p2b: Dragonite|6/100\n|faint|p2a: Sneasler\n|move|p2b: Dragonite|Dragon Pulse|p1b: Farigiraf\n|-damage|p1b: Farigiraf|0 fnt\n|faint|p1b: Farigiraf\n|\n|upkeep\n|\n|t:|1776362239\n|switch|p1b: Corviknight|Corviknight, L50, F|100/100\n|switch|p2a: Kingambit|Kingambit, L50, F|64/100\n|turn|8\n|inactive|YugePower has 30 seconds left.\n|\n|t:|1776362267\n|move|p1a: Chandelure|Protect|p1a: Chandelure\n|-singleturn|p1a: Chandelure|Protect\n|move|p2b: Dragonite|Protect|p2b: Dragonite\n|-singleturn|p2b: Dragonite|Protect\n|move|p2a: Kingambit|Sucker Punch||[still]\n|-fail|p2a: Kingambit\n|move|p1b: Corviknight|Iron Head|p2b: Dragonite\n|-activate|p2b: Dragonite|move: Protect\n|\n|upkeep\n|turn|9\n|\n|t:|1776362289\n|move|p2b: Dragonite|Protect|p2b: Dragonite\n|-singleturn|p2b: Dragonite|Protect\n|move|p2a: Kingambit|Sucker Punch||[still]\n|-fail|p2a: Kingambit\n|move|p1b: Corviknight|Iron Head|p2b: Dragonite\n|-activate|p2b: Dragonite|move: Protect\n|move|p1a: Chandelure|Trick Room|p1a: Chandelure\n|-fieldend|move: Trick Room\n|\n|upkeep\n|turn|10\n|c|\u2606YugePower|So fkn lar\n|c|\u2606YugePower|lame\n|inactive|YugePower has 30 seconds left.\n|\n|t:|1776362321\n|move|p1a: Chandelure|Protect|p1a: Chandelure\n|-singleturn|p1a: Chandelure|Protect\n|move|p2a: Kingambit|Sucker Punch||[still]\n|-fail|p2a: Kingambit\n|move|p2b: Dragonite|Dragon Pulse|p1a: Chandelure\n|-activate|p1a: Chandelure|move: Protect\n|move|p1b: Corviknight|Iron Head|p2b: Dragonite\n|-damage|p2b: Dragonite|0 fnt\n|faint|p2b: Dragonite\n|\n|upkeep\n|turn|11\n|inactive|YugePower has 30 seconds left.\n|\n|t:|1776362350\n|move|p1a: Chandelure|Heat Wave|p2a: Kingambit|[miss]\n|-miss|p1a: Chandelure|p2a: Kingambit\n|move|p1b: Corviknight|Iron Head|p2a: Kingambit\n|-resisted|p2a: Kingambit|1\n|-damage|p2a: Kingambit|53/100\n|move|p2a: Kingambit|Kowtow Cleave|p1a: Chandelure\n|-supereffective|p1a: Chandelure|1\n|-damage|p1a: Chandelure|0 fnt\n|faint|p1a: Chandelure\n|\n|upkeep\n|turn|12\n|c|\u2606YugePower|LOL\n|c|\u2606YugePower|HAHAHAHAHAHAHAHAHAHAHAHGAA\n|inactive|YugePower has 30 seconds left.\n|l|\u2606YugePower\n|inactive|YugePower disconnected and has a minute to reconnect!\n|player|p1|\n|j|\u2606YugePower\n|inactive|YugePower reconnected and has 25 seconds left.\n|player|p1|YugePower|266|\n|inactive|YugePower has 20 seconds left.\n|n|!YugePower|yugepower\n|inactive|YugePower has 15 seconds left.\n|\n|t:|1776362390\n|move|p1b: Corviknight|Iron Head|p2a: Kingambit\n|-resisted|p2a: Kingambit|1\n|-damage|p2a: Kingambit|40/100\n|cant|p2a: Kingambit|flinch\n|\n|upkeep\n|turn|13\n|inactive|YugePower has 15 seconds left this turn.\n|inactive|YugePower has 10 seconds left.\n|\n|t:|1776362399\n|move|p1b: Corviknight|Iron Head|p2a: Kingambit\n|-resisted|p2a: Kingambit|1\n|-damage|p2a: Kingambit|28/100\n|move|p2a: Kingambit|Kowtow Cleave|p1b: Corviknight\n|-damage|p1b: Corviknight|61/100\n|\n|upkeep\n|turn|14\n|inactive|YugePower has 10 seconds left this turn.\n|\n|t:|1776362407\n|move|p1b: Corviknight|Iron Head|p2a: Kingambit\n|-resisted|p2a: Kingambit|1\n|-damage|p2a: Kingambit|17/100\n|move|p2a: Kingambit|Kowtow Cleave|p1b: Corviknight\n|-damage|p1b: Corviknight|22/100\n|-enditem|p1b: Corviknight|Sitrus Berry|[eat]\n|-heal|p1b: Corviknight|47/100|[from] item: Sitrus Berry\n|\n|upkeep\n|turn|15\n|inactive|YugePower has 10 seconds left this turn.\n|inactive|YugePower has 5 seconds left.\n|\n|t:|1776362417\n|move|p1b: Corviknight|Iron Head|p2a: Kingambit\n|-resisted|p2a: Kingambit|1\n|-damage|p2a: Kingambit|4/100\n|move|p2a: Kingambit|Kowtow Cleave|p1b: Corviknight\n|-damage|p1b: Corviknight|11/100\n|\n|upkeep\n|turn|16\n|inactive|YugePower has 5 seconds left this turn.\n|\n|t:|1776362425\n|move|p2a: Kingambit|Sucker Punch|p1b: Corviknight\n|-damage|p1b: Corviknight|0 fnt\n|faint|p1b: Corviknight\n|\n|win|papingolo\n",
  "uploadtime": 1776362383,
  "views": 18,
  "formatid": "gen9championsvgc2026regma",
  "rating": null,
  "private": 0,
  "password": null
}