{
  "id": "gen9championsvgc2026regma-2585003153",
  "format": "[Gen 9 Champions] VGC 2026 Reg M-A",
  "players": [
    "Scoriox",
    "he0"
  ],
  "log": "|j|\u2606Scoriox\n|j|\u2606he0\n|t:|1776302379\n|gametype|doubles\n|player|p1|Scoriox|169|1415\n|player|p2|he0|sabrina-masters|1365\n|gen|9\n|tier|[Gen 9 Champions] VGC 2026 Reg M-A\n|rated|\n|rule|Species Clause: Limit one of each Pok\u00e9mon\n|rule|Item Clause: Limit 1 of each item\n|clearpoke\n|poke|p1|Farigiraf, L50, F|\n|poke|p1|Sinistcha, L50|\n|poke|p1|Incineroar, L50, F|\n|poke|p1|Blastoise, L50, F|\n|poke|p1|Sylveon, L50, M|\n|poke|p1|Golurk, L50|\n|poke|p2|Garchomp, L50, F|\n|poke|p2|Whimsicott, L50, F|\n|poke|p2|Floette-Eternal, L50, F|\n|poke|p2|Sneasler, L50, F|\n|poke|p2|Basculegion, L50, M|\n|poke|p2|Kingambit, L50, M|\n|teampreview|4\n|j| Magia Beyser\n|\n|t:|1776302426\n|teamsize|p1|4\n|teamsize|p2|4\n|start\n|switch|p1a: Farigiraf|Farigiraf, L50, F|100/100\n|switch|p1b: Incineroar|Incineroar, L50, F|100/100\n|switch|p2a: Kingambit|Kingambit, L50, M|100/100\n|switch|p2b: Floette|Floette-Eternal, L50, F|100/100\n|-ability|p1b: Incineroar|Intimidate|boost\n|-unboost|p2a: Kingambit|atk|1\n|-ability|p2a: Kingambit|Defiant|boost\n|-boost|p2a: Kingambit|atk|2\n|-unboost|p2b: Floette|atk|1\n|turn|1\n|\n|t:|1776302467\n|detailschange|p2b: Floette|Floette-Mega, L50, F\n|-mega|p2b: Floette|Floette|Floettite\n|-ability|p2b: Floette|Fairy Aura\n|move|p1b: Incineroar|Fake Out|p2a: Kingambit\n|-resisted|p2a: Kingambit|1\n|-damage|p2a: Kingambit|95/100\n|move|p2b: Floette|Moonblast|p1a: Farigiraf\n|-damage|p1a: Farigiraf|53/100\n|cant|p2a: Kingambit|flinch\n|move|p1a: Farigiraf|Trick Room|p1a: Farigiraf\n|-fieldstart|move: Trick Room|[of] p1a: Farigiraf\n|\n|upkeep\n|turn|2\n|\n|t:|1776302486\n|move|p1b: Incineroar|Will-O-Wisp|p2a: Kingambit\n|-status|p2a: Kingambit|brn\n|move|p1a: Farigiraf|Light Screen|p1a: Farigiraf\n|-sidestart|p1: Scoriox|move: Light Screen\n|move|p2a: Kingambit|Low Kick|p1b: Incineroar\n|-supereffective|p1b: Incineroar|1\n|-damage|p1b: Incineroar|53/100\n|move|p2b: Floette|Calm Mind|p2b: Floette\n|-boost|p2b: Floette|spa|1\n|-boost|p2b: Floette|spd|1\n|\n|-damage|p2a: Kingambit|89/100 brn|[from] brn\n|upkeep\n|turn|3\n|\n|t:|1776302509\n|move|p1a: Farigiraf|Dazzling Gleam|p2b: Floette|[spread] p2a,p2b\n|-damage|p2a: Kingambit|68/100 brn\n|-damage|p2b: Floette|91/100\n|move|p1b: Incineroar|Parting Shot|p2b: Floette\n|-unboost|p2b: Floette|atk|1\n|-unboost|p2b: Floette|spa|1\n|\n|t:|1776302516\n|switch|p1b: Blastoise|Blastoise, L50, F|100/100|[from] Parting Shot\n|move|p2a: Kingambit|Kowtow Cleave|p1a: Farigiraf\n|-supereffective|p1a: Farigiraf|1\n|-enditem|p1a: Farigiraf|Colbur Berry|[eat]\n|-enditem|p1a: Farigiraf|Colbur Berry|[weaken]\n|-damage|p1a: Farigiraf|4/100\n|move|p2b: Floette|Calm Mind|p2b: Floette\n|-boost|p2b: Floette|spa|1\n|-boost|p2b: Floette|spd|1\n|\n|-damage|p2a: Kingambit|62/100 brn|[from] brn\n|upkeep\n|turn|4\n|\n|t:|1776302536\n|detailschange|p1b: Blastoise|Blastoise-Mega, L50, F\n|-mega|p1b: Blastoise|Blastoise|Blastoisinite\n|move|p2a: Kingambit|Protect|p2a: Kingambit\n|-singleturn|p2a: Kingambit|Protect\n|move|p2b: Floette|Protect|p2b: Floette\n|-singleturn|p2b: Floette|Protect\n|move|p1a: Farigiraf|Dazzling Gleam|p2b: Floette|[spread] \n|-activate|p2a: Kingambit|move: Protect\n|-activate|p2b: Floette|move: Protect\n|move|p1b: Blastoise|Water Spout|p2a: Kingambit|[spread] \n|-activate|p2a: Kingambit|move: Protect\n|-activate|p2b: Floette|move: Protect\n|\n|-damage|p2a: Kingambit|56/100 brn|[from] brn\n|upkeep\n|turn|5\n|\n|t:|1776302554\n|move|p1a: Farigiraf|Dazzling Gleam|p2a: Kingambit|[spread] p2a,p2b\n|-damage|p2a: Kingambit|37/100 brn\n|-damage|p2b: Floette|83/100\n|move|p2a: Kingambit|Kowtow Cleave|p1b: Blastoise\n|-damage|p1b: Blastoise|63/100\n|move|p1b: Blastoise|Flash Cannon|p2b: Floette\n|-supereffective|p2b: Floette|1\n|-damage|p2b: Floette|62/100\n|move|p2b: Floette|Dazzling Gleam|p1b: Blastoise|[spread] p1a,p1b\n|-damage|p1a: Farigiraf|0 fnt\n|-damage|p1b: Blastoise|28/100\n|faint|p1a: Farigiraf\n|\n|-damage|p2a: Kingambit|31/100 brn|[from] brn\n|-fieldend|move: Trick Room\n|upkeep\n|\n|t:|1776302577\n|switch|p1a: Sinistcha|Sinistcha, L50|100/100\n|-heal|p1b: Blastoise|53/100|[from] ability: Hospitality|[of] p1a: Sinistcha\n|turn|6\n|\n|t:|1776302597\n|move|p2b: Floette|Moonblast|p1a: Sinistcha\n|-damage|p1a: Sinistcha|0 fnt\n|faint|p1a: Sinistcha\n|move|p1b: Blastoise|Flash Cannon|p2b: Floette\n|-supereffective|p2b: Floette|1\n|-damage|p2b: Floette|39/100\n|move|p2a: Kingambit|Kowtow Cleave|p1b: Blastoise\n|-damage|p1b: Blastoise|18/100\n|\n|-damage|p2a: Kingambit|25/100 brn|[from] brn\n|-sideend|p1: Scoriox|move: Light Screen\n|upkeep\n|c|\u2606Scoriox|light screen dont stop it :P\n|\n|t:|1776302611\n|switch|p1a: Incineroar|Incineroar, L50, F|53/100\n|-ability|p1a: Incineroar|Intimidate|boost\n|-unboost|p2a: Kingambit|atk|1\n|-ability|p2a: Kingambit|Defiant|boost\n|-boost|p2a: Kingambit|atk|2\n|-unboost|p2b: Floette|atk|1\n|turn|7\n|\n|t:|1776302621\n|move|p1a: Incineroar|Fake Out|p2a: Kingambit\n|-resisted|p2a: Kingambit|1\n|-crit|p2a: Kingambit\n|-damage|p2a: Kingambit|17/100 brn\n|cant|p2a: Kingambit|flinch\n|move|p2b: Floette|Moonblast|p1b: Blastoise\n|-damage|p1b: Blastoise|0 fnt\n|faint|p1b: Blastoise\n|\n|-damage|p2a: Kingambit|11/100 brn|[from] brn\n|upkeep\n|turn|8\n|\n|t:|1776302633\n|move|p2b: Floette|Moonblast|p1a: Incineroar\n|-damage|p1a: Incineroar|0 fnt\n|faint|p1a: Incineroar\n|\n|win|he0\n|raw|Scoriox's rating: 1415 &rarr; <strong>1392</strong><br />(-23 for losing)\n|raw|he0's rating: 1365 &rarr; <strong>1388</strong><br />(+23 for winning)\n|c|\u2606Scoriox|gg\n|l|\u2606Scoriox\n|player|p1|\n",
  "uploadtime": 1776302643,
  "views": 32,
  "formatid": "gen9championsvgc2026regma",
  "rating": 1388,
  "private": 0,
  "password": null
}