{
  "id": "gen9championsvgc2026regma-2581225959",
  "format": "[Gen 9 Champions] VGC 2026 Reg M-A",
  "players": [
    "Zuzu8653",
    "PhillyBeatzU"
  ],
  "log": "|j|\u2606Zuzu8653\n|j|\u2606PhillyBeatzU\n|t:|1775973106\n|gametype|doubles\n|player|p1|Zuzu8653|elesa|1000\n|player|p2|PhillyBeatzU|shadowtriad|1000\n|gen|9\n|tier|[Gen 9 Champions] VGC 2026 Reg M-A\n|rated|\n|rule|Species Clause: Limit one of each Pok\u00e9mon\n|rule|Item Clause: Limit 1 of each item\n|clearpoke\n|poke|p1|Hydrapple, L50, M|\n|poke|p1|Palafin, L50, M|\n|poke|p1|Arcanine-Hisui, L50, F|\n|poke|p1|Froslass, L50, F|\n|poke|p1|Orthworm, L50, F|\n|poke|p1|Sableye, L50, F|\n|poke|p2|Alakazam, L50, F|\n|poke|p2|Sneasler, L50, M|\n|poke|p2|Aerodactyl, L50, M|\n|poke|p2|Garchomp, L50, M|\n|poke|p2|Meowstic, L50, M|\n|poke|p2|Oranguru, L50, F|\n|teampreview|4\n|\n|t:|1775973163\n|teamsize|p1|4\n|teamsize|p2|4\n|start\n|switch|p1a: Froslass|Froslass, L50, F, shiny|100/100\n|switch|p1b: Hydrapple|Hydrapple, L50, M, shiny|100/100\n|switch|p2a: Alakazam|Alakazam, L50, F, shiny|100/100\n|switch|p2b: Meowstic|Meowstic, L50, M|100/100\n|turn|1\n|\n|t:|1775973204\n|switch|p1b: Sableye|Sableye, L50, F|100/100\n|detailschange|p2a: Alakazam|Alakazam-Mega, L50, F, shiny\n|-mega|p2a: Alakazam|Alakazam|Alakazite\n|-ability|p2a: Alakazam|Prankster|Trace|[from] ability: Trace|[of] p1b: Sableye\n|detailschange|p1a: Froslass|Froslass-Mega, L50, F, shiny\n|-mega|p1a: Froslass|Froslass|Froslassite\n|-weather|Snowscape|[from] ability: Snow Warning|[of] p1a: Froslass\n|move|p1a: Froslass|Protect|p1a: Froslass\n|-singleturn|p1a: Froslass|Protect\n|move|p2b: Meowstic|Psychic Terrain|p2b: Meowstic\n|-fieldstart|move: Psychic Terrain\n|move|p2a: Alakazam|Expanding Force|p1a: Froslass|[spread] \n|-activate|p1a: Froslass|move: Protect\n|-immune|p1b: Sableye\n|\n|-weather|Snowscape|[upkeep]\n|upkeep\n|turn|2\n|\n|t:|1775973246\n|switch|p1b: Orthworm|Orthworm, L50, F, shiny|100/100\n|move|p2a: Alakazam|Protect|p2a: Alakazam\n|-singleturn|p2a: Alakazam|Protect\n|move|p2b: Meowstic|Protect|p2b: Meowstic\n|-singleturn|p2b: Meowstic|Protect\n|move|p1a: Froslass|Shadow Ball|p2a: Alakazam\n|-activate|p2a: Alakazam|move: Protect\n|\n|-weather|Snowscape|[upkeep]\n|upkeep\n|turn|3\n|\n|t:|1775973263\n|move|p2b: Meowstic|Reflect|p2b: Meowstic\n|-sidestart|p2: PhillyBeatzU|Reflect\n|move|p2a: Alakazam|Focus Blast|p1b: Orthworm\n|-supereffective|p1b: Orthworm|1\n|-damage|p1b: Orthworm|0 fnt\n|faint|p1b: Orthworm\n|move|p1a: Froslass|Blizzard|p2b: Meowstic|[spread] p2a,p2b\n|-damage|p2a: Alakazam|40/100\n|-damage|p2b: Meowstic|49/100\n|-status|p2a: Alakazam|frz\n|\n|-weather|Snowscape|[upkeep]\n|upkeep\n|\n|t:|1775973279\n|switch|p1b: Hydrapple|Hydrapple, L50, M, shiny|100/100\n|turn|4\n|\n|t:|1775973291\n|move|p2b: Meowstic|Protect|p2b: Meowstic\n|-singleturn|p2b: Meowstic|Protect\n|-curestatus|p2a: Alakazam|frz|[msg]\n|move|p2a: Alakazam|Expanding Force|p1b: Hydrapple|[spread] p1a,p1b\n|-damage|p1a: Froslass|7/100\n|-damage|p1b: Hydrapple|28/100\n|move|p1a: Froslass|Blizzard|p2b: Meowstic|[spread] p2a\n|-activate|p2b: Meowstic|move: Protect\n|-damage|p2a: Alakazam|0 fnt\n|faint|p2a: Alakazam\n|move|p1b: Hydrapple|Fickle Beam|p2b: Meowstic\n|-activate|p2b: Meowstic|move: Protect\n|\n|-weather|Snowscape|[upkeep]\n|upkeep\n|\n|t:|1775973304\n|switch|p2a: Sneasler|Sneasler, L50, M, shiny|100/100\n|turn|5\n|\n|t:|1775973322\n|switch|p2a: Oranguru|Oranguru, L50, F|100/100\n|switch|p1b: Sableye|Sableye, L50, F|100/100\n|move|p2b: Meowstic|Reflect||[still]\n|-fail|p2b: Meowstic\n|move|p1a: Froslass|Blizzard|p2b: Meowstic|[spread] p2a,p2b\n|-crit|p2b: Meowstic\n|-damage|p2a: Oranguru|53/100\n|-damage|p2b: Meowstic|0 fnt\n|faint|p2b: Meowstic\n|\n|-weather|none\n|-fieldend|move: Psychic Terrain\n|upkeep\n|\n|t:|1775973334\n|switch|p2b: Sneasler|Sneasler, L50, M, shiny|100/100\n|turn|6\n|\n|t:|1775973350\n|move|p1b: Sableye|Fake Out|p2b: Sneasler\n|-damage|p2b: Sneasler|91/100\n|move|p1a: Froslass|Blizzard|p2b: Sneasler|[spread] p2a,p2b\n|-damage|p2a: Oranguru|6/100\n|-damage|p2b: Sneasler|27/100\n|cant|p2b: Sneasler|flinch\n|move|p2a: Oranguru|Instruct||[still]\n|-fail|p2a: Oranguru\n|\n|upkeep\n|turn|7\n|\n|t:|1775973367\n|move|p1b: Sableye|Quash|p2b: Sneasler\n|-activate|p2b: Sneasler|move: Quash\n|move|p1a: Froslass|Blizzard|p2a: Oranguru|[spread] p2a,p2b\n|-damage|p2a: Oranguru|0 fnt\n|-damage|p2b: Sneasler|0 fnt\n|faint|p2a: Oranguru\n|faint|p2b: Sneasler\n|\n|win|Zuzu8653\n|raw|Zuzu8653's rating: 1000 &rarr; <strong>1040</strong><br />(+40 for winning)\n|raw|PhillyBeatzU's rating: 1000 &rarr; <strong>1000</strong><br />(+0 for losing)\n|c|\u2606Zuzu8653|ggs\n|l|\u2606PhillyBeatzU\n|player|p2|\n",
  "uploadtime": 1775973381,
  "views": 16,
  "formatid": "gen9championsvgc2026regma",
  "rating": 1000,
  "private": 0,
  "password": null
}