{
  "id": "gen9championsvgc2026regma-2586147881",
  "format": "[Gen 9 Champions] VGC 2026 Reg M-A",
  "players": [
    "jona08",
    "Homiexuals"
  ],
  "log": "|j|\u2606jona08\n|j|\u2606Homiexuals\n|t:|1776405034\n|gametype|doubles\n|player|p1|jona08|jasmine|1166\n|player|p2|Homiexuals|pokemaniac-gen3|1151\n|gen|9\n|tier|[Gen 9 Champions] VGC 2026 Reg M-A\n|rated|\n|rule|Species Clause: Limit one of each Pok\u00e9mon\n|rule|Item Clause: Limit 1 of each item\n|clearpoke\n|poke|p1|Hydrapple, L50, F|\n|poke|p1|Meganium, L50, F|\n|poke|p1|Kingambit, L50, F|\n|poke|p1|Milotic, L50, F|\n|poke|p1|Incineroar, L50, F|\n|poke|p1|Farigiraf, L50, F|\n|poke|p2|Charizard, L50, M|\n|poke|p2|Venusaur, L50, M|\n|poke|p2|Whimsicott, L50, F|\n|poke|p2|Garchomp, L50, M|\n|poke|p2|Rotom-Wash, L50|\n|poke|p2|Kingambit, L50, F|\n|teampreview|4\n|\n|t:|1776405072\n|teamsize|p1|4\n|teamsize|p2|4\n|start\n|switch|p1a: Meganium|Meganium, L50, F|100/100\n|switch|p1b: Farigiraf|Farigiraf, L50, F|100/100\n|switch|p2a: Charizard|Charizard, L50, M, shiny|100/100\n|switch|p2b: Kingambit|Kingambit, L50, F|100/100\n|turn|1\n|\n|t:|1776405084\n|detailschange|p2a: Charizard|Charizard-Mega-Y, L50, M, shiny\n|-mega|p2a: Charizard|Charizard|Charizardite Y\n|-weather|SunnyDay|[from] ability: Drought|[of] p2a: Charizard\n|detailschange|p1a: Meganium|Meganium-Mega, L50, F\n|-mega|p1a: Meganium|Meganium|Meganiumite\n|move|p2a: Charizard|Weather Ball|p1b: Farigiraf\n|-damage|p1b: Farigiraf|22/100\n|move|p1a: Meganium|Weather Ball|p2b: Kingambit\n|-supereffective|p2b: Kingambit|1\n|-damage|p2b: Kingambit|0 fnt\n|faint|p2b: Kingambit\n|move|p1b: Farigiraf|Hyper Voice|p2a: Charizard\n|-damage|p2a: Charizard|59/100\n|\n|-weather|SunnyDay|[upkeep]\n|upkeep\n|inactive|Battle timer is ON: inactive players will automatically lose when time's up. (requested by Homiexuals)\n|\n|t:|1776405090\n|switch|p2b: Venusaur|Venusaur, L50, M|100/100\n|turn|2\n|\n|t:|1776405097\n|move|p2b: Venusaur|Sludge Bomb|p1a: Meganium\n|-supereffective|p1a: Meganium|2\n|-damage|p1a: Meganium|0 fnt\n|faint|p1a: Meganium\n|move|p2a: Charizard|Heat Wave|p1b: Farigiraf|[miss]\n|-miss|p2a: Charizard|p1b: Farigiraf\n|move|p1b: Farigiraf|Hyper Voice|p2b: Venusaur|[spread] p2a,p2b\n|-damage|p2a: Charizard|28/100\n|-damage|p2b: Venusaur|64/100\n|\n|-weather|SunnyDay|[upkeep]\n|upkeep\n|\n|t:|1776405101\n|switch|p1a: Kingambit|Kingambit, L50, F|100/100\n|turn|3\n|\n|t:|1776405124\n|move|p1b: Farigiraf|Protect|p1b: Farigiraf\n|-singleturn|p1b: Farigiraf|Protect\n|move|p1a: Kingambit|Sucker Punch|p2a: Charizard\n|-damage|p2a: Charizard|0 fnt\n|faint|p2a: Charizard\n|move|p2b: Venusaur|Sludge Bomb|p1b: Farigiraf\n|-activate|p1b: Farigiraf|move: Protect\n|\n|-weather|SunnyDay|[upkeep]\n|upkeep\n|\n|t:|1776405126\n|switch|p2a: Garchomp|Garchomp, L50, M|100/100\n|turn|4\n|\n|t:|1776405130\n|move|p2b: Venusaur|Protect|p2b: Venusaur\n|-singleturn|p2b: Venusaur|Protect\n|move|p1a: Kingambit|Protect|p1a: Kingambit\n|-singleturn|p1a: Kingambit|Protect\n|move|p2a: Garchomp|Earthquake|p1a: Kingambit|[spread] p1b\n|-activate|p2b: Venusaur|move: Protect\n|-activate|p1a: Kingambit|move: Protect\n|-damage|p1b: Farigiraf|0 fnt\n|faint|p1b: Farigiraf\n|\n|-weather|SunnyDay|[upkeep]\n|upkeep\n|\n|t:|1776405136\n|switch|p1b: Milotic|Milotic, L50, F|100/100\n|turn|5\n|\n|t:|1776405143\n|move|p1a: Kingambit|Sucker Punch|p2a: Garchomp\n|-damage|p2a: Garchomp|51/100\n|-damage|p1a: Kingambit|88/100|[from] ability: Rough Skin|[of] p2a: Garchomp\n|move|p2b: Venusaur|Giga Drain|p1b: Milotic\n|-supereffective|p1b: Milotic|1\n|-damage|p1b: Milotic|42/100\n|-heal|p2b: Venusaur|99/100|[from] drain|[of] p1b: Milotic\n|move|p2a: Garchomp|Stomping Tantrum|p1a: Kingambit\n|-supereffective|p1a: Kingambit|1\n|-damage|p1a: Kingambit|31/100\n|move|p1b: Milotic|Life Dew|p1b: Milotic|[spread] p1a,p1b\n|-heal|p1a: Kingambit|56/100\n|-heal|p1b: Milotic|67/100\n|\n|-weather|none\n|upkeep\n|turn|6\n|\n|t:|1776405152\n|move|p1a: Kingambit|Sucker Punch|p2a: Garchomp\n|-damage|p2a: Garchomp|0 fnt\n|-damage|p1a: Kingambit|43/100|[from] ability: Rough Skin|[of] p2a: Garchomp\n|faint|p2a: Garchomp\n|move|p2b: Venusaur|Giga Drain|p1b: Milotic\n|-supereffective|p1b: Milotic|1\n|-damage|p1b: Milotic|12/100\n|-heal|p2b: Venusaur|100/100|[from] drain|[of] p1b: Milotic\n|move|p1b: Milotic|Icy Wind|p2b: Venusaur\n|-supereffective|p2b: Venusaur|1\n|-damage|p2b: Venusaur|66/100\n|-unboost|p2b: Venusaur|spe|1\n|\n|upkeep\n|turn|7\n|\n|t:|1776405164\n|move|p1b: Milotic|Life Dew|p1b: Milotic|[spread] p1a,p1b\n|-heal|p1a: Kingambit|68/100\n|-heal|p1b: Milotic|37/100\n|move|p2b: Venusaur|Earth Power|p1a: Kingambit\n|-supereffective|p1a: Kingambit|1\n|-damage|p1a: Kingambit|10/100\n|move|p1a: Kingambit|Kowtow Cleave|p2b: Venusaur\n|-damage|p2b: Venusaur|0 fnt\n|faint|p2b: Venusaur\n|\n|win|jona08\n|raw|jona08's rating: 1166 &rarr; <strong>1190</strong><br />(+24 for winning)\n|raw|Homiexuals's rating: 1151 &rarr; <strong>1127</strong><br />(-24 for losing)\n",
  "uploadtime": 1776405174,
  "views": 18,
  "formatid": "gen9championsvgc2026regma",
  "rating": 1127,
  "private": 0,
  "password": null
}