{
  "id": "gen9championsvgc2026regma-2587352223",
  "format": "[Gen 9 Champions] VGC 2026 Reg M-A",
  "players": [
    "Marcio Lira",
    "ultimaweapon9999"
  ],
  "log": "|j|\u2606Marcio Lira\n|j|\u2606ultimaweapon9999\n|t:|1776524546\n|gametype|doubles\n|player|p1|Marcio Lira|bugcatcher-gen4dp|1305\n|player|p2|ultimaweapon9999|102|1332\n|gen|9\n|tier|[Gen 9 Champions] VGC 2026 Reg M-A\n|rated|\n|rule|Species Clause: Limit one of each Pok\u00e9mon\n|rule|Item Clause: Limit 1 of each item\n|clearpoke\n|poke|p1|Floette-Eternal, L50, F|\n|poke|p1|Rotom-Wash, L50, shiny|\n|poke|p1|Talonflame, L50, F|\n|poke|p1|Garchomp, L50, M|\n|poke|p1|Sneasler, L50, M|\n|poke|p1|Maushold, L50|\n|poke|p2|Aggron, L50, M|\n|poke|p2|Torkoal, L50, F, shiny|\n|poke|p2|Gyarados, L50, M|\n|poke|p2|Sinistcha, L50|\n|poke|p2|Garbodor, L50, F, shiny|\n|poke|p2|Reuniclus, L50, F|\n|teampreview|4\n|c|\u2606Marcio Lira|oh my\n|c|\u2606Marcio Lira|im about to be memed?\n|c|\u2606Marcio Lira|am i*\n|c|\u2606ultimaweapon9999|no this is a good team\nMarcio Lira has agreed to open team sheets.\n|c|\u2606ultimaweapon9999|like not just for memes\n|c|\u2606Marcio Lira|now im curious\n|c|\u2606Marcio Lira|gl hf\n|c|\u2606ultimaweapon9999|except mabye garbodor lol\n|c|\u2606ultimaweapon9999|gl hf\n|c|\u2606Marcio Lira|hahahha\n|\n|t:|1776524640\n|teamsize|p1|4\n|teamsize|p2|4\n|start\n|switch|p1a: Maushold|Maushold, L50|100/100\n|switch|p1b: Rotom|Rotom-Wash, L50, shiny|100/100\n|switch|p2a: Reuniclus|Reuniclus, L50, F|100/100\n|switch|p2b: Garbodor|Garbodor, L50, F, shiny|100/100\n|turn|1\n|\n|t:|1776524667\n|move|p1b: Rotom|Trick|p2a: Reuniclus\n|-activate|p1b: Rotom|move: Trick|[of] p2a: Reuniclus\n|-item|p2a: Reuniclus|Choice Scarf|[from] move: Trick\n|-item|p1b: Rotom|Colbur Berry|[from] move: Trick\n|move|p1a: Maushold|Taunt|p2b: Garbodor\n|-start|p2b: Garbodor|move: Taunt\n|move|p2b: Garbodor|Gunk Shot|p1a: Maushold|[miss]\n|-miss|p2b: Garbodor|p1a: Maushold\n|move|p2a: Reuniclus|Trick Room|p2a: Reuniclus\n|-fieldstart|move: Trick Room|[of] p2a: Reuniclus\n|\n|upkeep\n|turn|2\n|\n|t:|1776524708\n|switch|p2a: Sinistcha|Sinistcha, L50|100/100\n|move|p2b: Garbodor|Gunk Shot|p1a: Maushold\n|-damage|p1a: Maushold|27/100\n|move|p1b: Rotom|Hydro Pump|p2b: Garbodor\n|-damage|p2b: Garbodor|56/100\n|move|p1a: Maushold|Population Bomb|p2b: Garbodor\n|-damage|p2b: Garbodor|47/100\n|-damage|p2b: Garbodor|39/100\n|-damage|p2b: Garbodor|31/100\n|-damage|p2b: Garbodor|23/100\n|-damage|p2b: Garbodor|15/100\n|-damage|p2b: Garbodor|7/100\n|-damage|p2b: Garbodor|0 fnt\n|-damage|p1a: Maushold|3/100|[from] ability: Aftermath|[of] p2b: Garbodor\n|faint|p2b: Garbodor\n|-hitcount|p2: Garbodor|7\n|\n|upkeep\n|\n|t:|1776524730\n|switch|p2b: Aggron|Aggron, L50, M|100/100\n|turn|3\n|\n|t:|1776524757\n|detailschange|p2b: Aggron|Aggron-Mega, L50, M\n|-mega|p2b: Aggron|Aggron|Aggronite\n|move|p2b: Aggron|Iron Defense|p2b: Aggron\n|-boost|p2b: Aggron|def|2\n|move|p2a: Sinistcha|Matcha Gotcha|p1a: Maushold|[spread] p1b\n|-miss|p2a: Sinistcha|p1a: Maushold\n|-supereffective|p1b: Rotom|1\n|-damage|p1b: Rotom|49/100\n|move|p1b: Rotom|Electroweb|p2b: Aggron|[spread] p2a,p2b\n|-resisted|p2a: Sinistcha|1\n|-damage|p2a: Sinistcha|91/100\n|-damage|p2b: Aggron|82/100\n|-unboost|p2a: Sinistcha|spe|1\n|-unboost|p2b: Aggron|spe|1\n|move|p1a: Maushold|Encore|p2a: Sinistcha\n|-start|p2a: Sinistcha|Encore\n|\n|upkeep\n|turn|4\n|\n|t:|1776524784\n|move|p2b: Aggron|Iron Defense|p2b: Aggron\n|-boost|p2b: Aggron|def|2\n|move|p2a: Sinistcha|Matcha Gotcha|p1a: Maushold|[spread] p1b\n|-miss|p2a: Sinistcha|p1a: Maushold\n|-supereffective|p1b: Rotom|1\n|-damage|p1b: Rotom|0 fnt\n|-heal|p2a: Sinistcha|100/100|[from] drain|[of] p1b: Rotom\n|faint|p1b: Rotom\n|move|p1a: Maushold|Encore|p2b: Aggron\n|-start|p2b: Aggron|Encore\n|\n|upkeep\n|c|\u2606ultimaweapon9999|no way\n|c|\u2606Marcio Lira|sorry\n|c|\u2606ultimaweapon9999|90 percent accuracy\n|c|\u2606ultimaweapon9999|lol\n|\n|t:|1776524817\n|switch|p1b: Sneasler|Sneasler, L50, M|100/100\n|turn|5\n|j| p3elz\n|\n|t:|1776524830\n|move|p1b: Sneasler|Fake Out|p2b: Aggron\n|-resisted|p2b: Aggron|1\n|-damage|p2b: Aggron|81/100\n|cant|p2b: Aggron|flinch\n|move|p2a: Sinistcha|Matcha Gotcha|p1a: Maushold|[spread] p1a\n|-miss|p2a: Sinistcha|p1b: Sneasler\n|-damage|p1a: Maushold|0 fnt\n|faint|p1a: Maushold\n|\n|-fieldend|move: Trick Room\n|upkeep\n|\n|t:|1776524832\n|switch|p1a: Garchomp|Garchomp, L50, M|100/100\n|turn|6\n|c| p3elz|Heyyy again\n|c| p3elz|I missed the garbodor\n|\n|t:|1776524852\n|move|p1b: Sneasler|Close Combat|p2b: Aggron\n|-supereffective|p2b: Aggron|1\n|-damage|p2b: Aggron|65/100\n|-unboost|p1b: Sneasler|def|1\n|-unboost|p1b: Sneasler|spd|1\n|-enditem|p1b: Sneasler|White Herb\n|-clearnegativeboost|p1b: Sneasler|[silent]\n|move|p1a: Garchomp|Earthquake|p2a: Sinistcha|[spread] p1b,p2a,p2b\n|-supereffective|p1b: Sneasler|1\n|-resisted|p2a: Sinistcha|1\n|-supereffective|p2b: Aggron|1\n|-damage|p1b: Sneasler|0 fnt\n|-damage|p2a: Sinistcha|83/100\n|-damage|p2b: Aggron|55/100\n|faint|p1b: Sneasler\n|move|p2a: Sinistcha|Matcha Gotcha|p1a: Garchomp\n|-damage|p1a: Garchomp|61/100\n|-heal|p2a: Sinistcha|100/100|[from] drain|[of] p1a: Garchomp\n|move|p2b: Aggron|Iron Defense|p2b: Aggron\n|-boost|p2b: Aggron|def|2\n|\n|-end|p2a: Sinistcha|Encore\n|upkeep\n|turn|7\n|c| p3elz|Shiii\n|c|\u2606ultimaweapon9999|wait why\n|c| p3elz|I wanted to see it in action haha\n|c|\u2606ultimaweapon9999|aggron is actually top tier\n|c|\u2606Marcio Lira|yah\n|c|\u2606Marcio Lira|it is\n|c|\u2606ultimaweapon9999|garbodor hit gunk shot\n|\n|t:|1776524906\n|move|p1a: Garchomp|Stomping Tantrum|p2b: Aggron\n|-supereffective|p2b: Aggron|1\n|-damage|p2b: Aggron|47/100\n|move|p2a: Sinistcha|Life Dew||[still]|[spread] p2a,p2b\n|-fail|p2a: Sinistcha|heal\n|-heal|p2b: Aggron|72/100\n|move|p2b: Aggron|Iron Defense|p2b: Aggron\n|-boost|p2b: Aggron|def|0\n|\n|-end|p2b: Aggron|Encore\n|upkeep\n|turn|8\n|c|\u2606Marcio Lira|gg man\n|c|\u2606ultimaweapon9999|and almost killed mouse with\n|c|\u2606ultimaweapon9999|gg\n|\n|t:|1776524927\n|move|p1a: Garchomp|Stomping Tantrum|p2b: Aggron\n|-supereffective|p2b: Aggron|1\n|-damage|p2b: Aggron|63/100\n|move|p2a: Sinistcha|Life Dew||[still]|[spread] p2a,p2b\n|-fail|p2a: Sinistcha|heal\n|-heal|p2b: Aggron|88/100\n|move|p2b: Aggron|Body Press|p1a: Garchomp\n|-damage|p1a: Garchomp|0 fnt\n|-damage|p2b: Aggron|76/100|[from] ability: Rough Skin|[of] p1a: Garchomp\n|faint|p1a: Garchomp\n|\n|win|ultimaweapon9999\n|raw|Marcio Lira's rating: 1305 &rarr; <strong>1287</strong><br />(-18 for losing)\n|raw|ultimaweapon9999's rating: 1332 &rarr; <strong>1350</strong><br />(+18 for winning)\n|c|\u2606Marcio Lira|nice team btw\n|c|\u2606ultimaweapon9999|thx\n|l|\u2606Marcio Lira\n|player|p1|\n|l|\u2606ultimaweapon9999\n|player|p2|\n",
  "uploadtime": 1776524943,
  "views": 41,
  "formatid": "gen9championsvgc2026regma",
  "rating": 1287,
  "private": 0,
  "password": null
}