{
  "id": "gen9championsvgc2026regma-2581324876",
  "format": "[Gen 9 Champions] VGC 2026 Reg M-A",
  "players": [
    "MalteseShark",
    "Catactual"
  ],
  "log": "|j|\u2606MalteseShark\n|j|\u2606Catactual\n|t:|1775986819\n|gametype|doubles\n|player|p1|MalteseShark|101|1251\n|player|p2|Catactual|265|1249\n|gen|9\n|tier|[Gen 9 Champions] VGC 2026 Reg M-A\n|rated|\n|rule|Species Clause: Limit one of each Pok\u00e9mon\n|rule|Item Clause: Limit 1 of each item\n|clearpoke\n|poke|p1|Floette-Eternal, L50, F|\n|poke|p1|Incineroar, L50, M|\n|poke|p1|Empoleon, L50, F|\n|poke|p1|Talonflame, L50, F|\n|poke|p1|Maushold-Four, L50|\n|poke|p1|Sneasler, L50, M|\n|poke|p2|Froslass, L50, F|\n|poke|p2|Garchomp, L50, M|\n|poke|p2|Glaceon, L50, M|\n|poke|p2|Sneasler, L50, F|\n|poke|p2|Whimsicott, L50, M|\n|poke|p2|Incineroar, L50, M|\n|teampreview|4\n|inactive|Battle timer is ON: inactive players will automatically lose when time's up. (requested by MalteseShark)\n|\n|t:|1775986854\n|teamsize|p1|4\n|teamsize|p2|4\n|start\n|switch|p1a: Empoleon|Empoleon, L50, F|100/100\n|switch|p1b: Sneasler|Sneasler, L50, M|100/100\n|switch|p2a: Sneasler|Sneasler, L50, F|100/100\n|switch|p2b: Froslass|Froslass, L50, F|100/100\n|turn|1\n|\n|t:|1775986876\n|switch|p2a: Garchomp|Garchomp, L50, M|100/100\n|switch|p1b: Incineroar|Incineroar, L50, M|100/100\n|-ability|p1b: Incineroar|Intimidate|boost\n|-unboost|p2a: Garchomp|atk|1\n|-unboost|p2b: Froslass|atk|1\n|detailschange|p2b: Froslass|Froslass-Mega, L50, F\n|-mega|p2b: Froslass|Froslass|Froslassite\n|-weather|Snowscape|[from] ability: Snow Warning|[of] p2b: Froslass\n|move|p2b: Froslass|Aurora Veil|p2b: Froslass\n|-sidestart|p2: Catactual|move: Aurora Veil\n|move|p1a: Empoleon|Flash Cannon|p2b: Froslass\n|-supereffective|p2b: Froslass|1\n|-damage|p2b: Froslass|50/100\n|\n|-weather|Snowscape|[upkeep]\n|upkeep\n|turn|2\n|inactive|Catactual has 30 seconds left.\n|j| gE1xjZRtuhW2DdT0AK\n|\n|t:|1775986907\n|switch|p2b: Sneasler|Sneasler, L50, F|100/100\n|move|p1b: Incineroar|Fake Out|p2a: Garchomp\n|-damage|p2a: Garchomp|94/100\n|-damage|p1b: Incineroar|88/100|[from] ability: Rough Skin|[of] p2a: Garchomp\n|cant|p2a: Garchomp|flinch\n|move|p1a: Empoleon|Flash Cannon|p2b: Sneasler\n|-damage|p2b: Sneasler|68/100\n|\n|-weather|Snowscape|[upkeep]\n|upkeep\n|turn|3\n|inactive|MalteseShark has 30 seconds left.\n|inactive|Catactual has 30 seconds left.\n|inactive|MalteseShark has 20 seconds left.\n|inactive|MalteseShark has 15 seconds left.\n|inactive|MalteseShark has 10 seconds left.\n|inactive|Catactual has 20 seconds left.\n|\n|t:|1775986958\n|switch|p1b: Sneasler|Sneasler, L50, M|100/100\n|move|p1a: Empoleon|Protect|p1a: Empoleon\n|-singleturn|p1a: Empoleon|Protect\n|move|p2b: Sneasler|Close Combat|p1a: Empoleon\n|-activate|p1a: Empoleon|move: Protect\n|move|p2a: Garchomp|Stomping Tantrum|p1b: Sneasler\n|-supereffective|p1b: Sneasler|1\n|-damage|p1b: Sneasler|0 fnt\n|faint|p1b: Sneasler\n|\n|-weather|Snowscape|[upkeep]\n|upkeep\n|\n|t:|1775986970\n|switch|p1b: Incineroar|Incineroar, L50, M|88/100\n|-ability|p1b: Incineroar|Intimidate|boost\n|-unboost|p2a: Garchomp|atk|1\n|-unboost|p2b: Sneasler|atk|1\n|turn|4\n|inactive|MalteseShark has 30 seconds left.\n|\n|t:|1775986996\n|switch|p2b: Whimsicott|Whimsicott, L50, M|100/100\n|switch|p1b: Floette|Floette-Eternal, L50, F|100/100\n|move|p2a: Garchomp|Protect|p2a: Garchomp\n|-singleturn|p2a: Garchomp|Protect\n|move|p1a: Empoleon|Flash Cannon|p2b: Whimsicott\n|-supereffective|p2b: Whimsicott|1\n|-damage|p2b: Whimsicott|53/100\n|\n|-weather|Snowscape|[upkeep]\n|upkeep\n|turn|5\n|inactive|Catactual has 30 seconds left.\n|inactive|Catactual has 20 seconds left.\n|inactive|Catactual has 15 seconds left.\n|inactive|Catactual has 10 seconds left.\n|\n|t:|1775987043\n|switch|p1a: Incineroar|Incineroar, L50, M|88/100\n|-ability|p1a: Incineroar|Intimidate|boost\n|-unboost|p2a: Garchomp|atk|1\n|-unboost|p2b: Whimsicott|atk|1\n|detailschange|p1b: Floette|Floette-Mega, L50, F\n|-mega|p1b: Floette|Floette|Floettite\n|-ability|p1b: Floette|Fairy Aura\n|move|p2a: Garchomp|Stomping Tantrum|p1a: Incineroar\n|-supereffective|p1a: Incineroar|1\n|-damage|p1a: Incineroar|55/100\n|move|p2b: Whimsicott|Moonblast|p1b: Floette\n|-damage|p1b: Floette|74/100\n|move|p1b: Floette|Dazzling Gleam|p2a: Garchomp|[spread] p2a,p2b\n|-supereffective|p2a: Garchomp|1\n|-crit|p2a: Garchomp\n|-damage|p2a: Garchomp|0 fnt\n|-damage|p2b: Whimsicott|21/100\n|faint|p2a: Garchomp\n|\n|-weather|none\n|-sideend|p2: Catactual|move: Aurora Veil\n|upkeep\n|\n|t:|1775987062\n|switch|p2a: Froslass|Froslass-Mega, L50, F|50/100\n|-weather|Snowscape|[from] ability: Snow Warning|[of] p2a: Froslass\n|turn|6\n|\n|t:|1775987078\n|move|p2b: Whimsicott|Fake Tears|p1b: Floette\n|-unboost|p1b: Floette|spd|2\n|move|p2a: Froslass|Aurora Veil|p2a: Froslass\n|-sidestart|p2: Catactual|move: Aurora Veil\n|move|p1b: Floette|Dazzling Gleam|p2b: Whimsicott|[spread] p2a,p2b\n|-damage|p2a: Froslass|15/100\n|-damage|p2b: Whimsicott|0 fnt\n|faint|p2b: Whimsicott\n|move|p1a: Incineroar|Throat Chop|p2a: Froslass\n|-supereffective|p2a: Froslass|1\n|-damage|p2a: Froslass|0 fnt\n|faint|p2a: Froslass\n|\n|-weather|Snowscape|[upkeep]\n|upkeep\n|-message|Catactual forfeited.\n|\n|win|MalteseShark\n|raw|MalteseShark's rating: 1251 &rarr; <strong>1276</strong><br />(+25 for winning)\n|raw|Catactual's rating: 1249 &rarr; <strong>1224</strong><br />(-25 for losing)\n|l|\u2606Catactual\n|player|p2|\n",
  "uploadtime": 1775987102,
  "views": 18,
  "formatid": "gen9championsvgc2026regma",
  "rating": 1224,
  "private": 0,
  "password": null
}