{
  "id": "gen9championsvgc2026regma-2588247064",
  "format": "[Gen 9 Champions] VGC 2026 Reg M-A",
  "players": [
    "LiaraJo",
    "SDLT 2KRL Magnet"
  ],
  "log": "|raw|<div class=\"broadcast-blue\"><strong>This battle is required to be public due to a player having a name starting with 'sdlt'.</div>\n|j|\u2606LiaraJo\n|j|\u2606SDLT 2KRL Magnet\n|t:|1776617800\n|gametype|doubles\n|player|p1|LiaraJo|nurse|1048\n|player|p2|SDLT 2KRL Magnet|cyclist-gen4|1093\n|gen|9\n|tier|[Gen 9 Champions] VGC 2026 Reg M-A\n|rated|\n|rule|Species Clause: Limit one of each Pok\u00e9mon\n|rule|Item Clause: Limit 1 of each item\n|clearpoke\n|poke|p1|Froslass, L50, F, shiny|\n|poke|p1|Primarina, L50, F, shiny|\n|poke|p1|Arcanine-Hisui, L50, F|\n|poke|p1|Tsareena, L50, F, shiny|\n|poke|p1|Clefable, L50, F|\n|poke|p1|Scizor, L50, F|\n|poke|p2|Delphox, L50, M|\n|poke|p2|Kingambit, L50, M|\n|poke|p2|Clefable, L50, M|\n|poke|p2|Sneasler, L50, M|\n|poke|p2|Basculegion, L50, M|\n|poke|p2|Dragonite, L50, M|\n|teampreview|4\n|inactive|Battle timer is ON: inactive players will automatically lose when time's up. (requested by SDLT 2KRL Magnet)\n|inactive|LiaraJo has 60 seconds left.\n|inactive|SDLT 2KRL Magnet has 60 seconds left.\n|inactive|LiaraJo has 30 seconds left.\n|inactive|LiaraJo has 20 seconds left.\n|inactive|LiaraJo has 15 seconds left.\n|inactive|LiaraJo has 10 seconds left.\n|inactive|LiaraJo has 5 seconds left.\n|\n|t:|1776617890\n|teamsize|p1|4\n|teamsize|p2|4\n|start\n|switch|p1a: Lady La\u00efka|Arcanine-Hisui, L50, F|100/100\n|switch|p1b: Lady Macbeth|Scizor, L50, F|100/100\n|switch|p2a: Sneasler|Sneasler, L50, M|100/100\n|switch|p2b: Delphox|Delphox, L50, M|100/100\n|-ability|p1a: Lady La\u00efka|Intimidate|boost\n|-unboost|p2a: Sneasler|atk|1\n|-unboost|p2b: Delphox|atk|1\n|turn|1\n|inactive|LiaraJo has 30 seconds left.\n|\n|t:|1776617925\n|detailschange|p2b: Delphox|Delphox-Mega, L50, M\n|-mega|p2b: Delphox|Delphox|Delphoxite\n|detailschange|p1b: Lady Macbeth|Scizor-Mega, L50, F\n|-mega|p1b: Lady Macbeth|Scizor|Scizorite\n|move|p1b: Lady Macbeth|Protect|p1b: Lady Macbeth\n|-singleturn|p1b: Lady Macbeth|Protect\n|move|p2a: Sneasler|Fake Out|p1a: Lady La\u00efka\n|-resisted|p1a: Lady La\u00efka|1\n|-damage|p1a: Lady La\u00efka|95/100\n|move|p2b: Delphox|Heat Wave|p1b: Lady Macbeth|[spread] p1a\n|-activate|p1b: Lady Macbeth|move: Protect\n|-resisted|p1a: Lady La\u00efka|2\n|-damage|p1a: Lady La\u00efka|82/100\n|cant|p1a: Lady La\u00efka|flinch\n|\n|upkeep\n|turn|2\n|inactive|LiaraJo has 30 seconds left.\n|\n|t:|1776617952\n|switch|p1b: Lady Lorelei|Primarina, L50, F, shiny|100/100\n|move|p2b: Delphox|Protect|p2b: Delphox\n|-singleturn|p2b: Delphox|Protect\n|move|p2a: Sneasler|Close Combat|p1a: Lady La\u00efka\n|-supereffective|p1a: Lady La\u00efka|1\n|-crit|p1a: Lady La\u00efka\n|-damage|p1a: Lady La\u00efka|0 fnt\n|-unboost|p2a: Sneasler|def|1\n|-unboost|p2a: Sneasler|spd|1\n|faint|p1a: Lady La\u00efka\n|\n|upkeep\n|inactive|LiaraJo has 30 seconds left.\n|inactive|LiaraJo has 20 seconds left.\n|inactive|LiaraJo has 15 seconds left.\n|\n|t:|1776617996\n|switch|p1a: Lady Macbeth|Scizor-Mega, L50, F|100/100\n|turn|3\n|inactive|SDLT 2KRL Magnet has 30 seconds left.\n|inactive|SDLT 2KRL Magnet has 20 seconds left.\n|inactive|SDLT 2KRL Magnet has 15 seconds left.\n|\n|t:|1776618037\n|move|p1a: Lady Macbeth|Bullet Punch|p2a: Sneasler\n|-damage|p2a: Sneasler|8/100\n|move|p2b: Delphox|Substitute|p2b: Delphox\n|-start|p2b: Delphox|Substitute\n|-damage|p2b: Delphox|76/100\n|move|p2a: Sneasler|Dire Claw|p1b: Lady Lorelei\n|-supereffective|p1b: Lady Lorelei|1\n|-damage|p1b: Lady Lorelei|22/100\n|-status|p1b: Lady Lorelei|psn\n|move|p1b: Lady Lorelei|Hyper Voice|p2a: Sneasler|[spread] p2a,p2b\n|-supereffective|p2b: Delphox|1\n|-damage|p2a: Sneasler|0 fnt\n|-damage|p2b: Delphox|0 fnt\n|faint|p2a: Sneasler\n|faint|p2b: Delphox\n|\n|-damage|p1b: Lady Lorelei|10/100 psn|[from] psn\n|upkeep\n|\n|t:|1776618053\n|switch|p2b: Kingambit|Kingambit, L50, M|100/100\n|switch|p2a: Basculegion|Basculegion, L50, M|100/100\n|turn|4\n|inactive|LiaraJo has 30 seconds left.\n|inactive|LiaraJo has 20 seconds left.\n|inactive|LiaraJo has 15 seconds left.\n|inactive|LiaraJo has 10 seconds left.\n|\n|t:|1776618102\n|move|p2b: Kingambit|Sucker Punch|p1b: Lady Lorelei\n|-resisted|p1b: Lady Lorelei|1\n|-damage|p1b: Lady Lorelei|0 fnt\n|faint|p1b: Lady Lorelei\n|move|p2a: Basculegion|Last Respects|p1a: Lady Macbeth\n|-damage|p1a: Lady Macbeth|29/100\n|move|p1a: Lady Macbeth|Swords Dance|p1a: Lady Macbeth\n|-boost|p1a: Lady Macbeth|atk|2\n|\n|upkeep\n|\n|t:|1776618110\n|switch|p1b: Lady Maria|Tsareena, L50, F, shiny|100/100\n|turn|5\n|inactive|LiaraJo has 30 seconds left.\n|inactive|LiaraJo has 20 seconds left.\n|\n|t:|1776618147\n|move|p1a: Lady Macbeth|Protect|p1a: Lady Macbeth\n|-singleturn|p1a: Lady Macbeth|Protect\n|move|p1b: Lady Maria|Trop Kick|p2a: Basculegion\n|-supereffective|p2a: Basculegion|1\n|-crit|p2a: Basculegion\n|-damage|p2a: Basculegion|0 fnt\n|faint|p2a: Basculegion\n|move|p2b: Kingambit|Kowtow Cleave|p1a: Lady Macbeth\n|-activate|p1a: Lady Macbeth|move: Protect\n|\n|upkeep\n|turn|6\n|\n|t:|1776618167\n|move|p2b: Kingambit|Sucker Punch||[still]\n|cant|p1b: Lady Maria|ability: Queenly Majesty|Sucker Punch|[of] p2b: Kingambit\n|move|p1b: Lady Maria|Trop Kick|p2b: Kingambit\n|-resisted|p2b: Kingambit|1\n|-damage|p2b: Kingambit|85/100\n|-unboost|p2b: Kingambit|atk|1\n|-ability|p2b: Kingambit|Defiant|boost\n|-boost|p2b: Kingambit|atk|2\n|move|p1a: Lady Macbeth|Dual Wingbeat|p2b: Kingambit\n|-resisted|p2b: Kingambit|1\n|-damage|p2b: Kingambit|68/100\n|-resisted|p2b: Kingambit|1\n|-crit|p2b: Kingambit\n|-damage|p2b: Kingambit|39/100\n|-hitcount|p2b: Kingambit|2\n|\n|upkeep\n|turn|7\n|inactive|LiaraJo has 30 seconds left.\n|inactive|LiaraJo has 20 seconds left.\n|inactive|LiaraJo has 15 seconds left.\n|\n|t:|1776618208\n|move|p1b: Lady Maria|Trop Kick|p2b: Kingambit\n|-resisted|p2b: Kingambit|1\n|-damage|p2b: Kingambit|25/100\n|-unboost|p2b: Kingambit|atk|1\n|-ability|p2b: Kingambit|Defiant|boost\n|-boost|p2b: Kingambit|atk|2\n|move|p1a: Lady Macbeth|Dual Wingbeat|p2b: Kingambit\n|-resisted|p2b: Kingambit|1\n|-damage|p2b: Kingambit|5/100\n|-resisted|p2b: Kingambit|1\n|-damage|p2b: Kingambit|0 fnt\n|faint|p2b: Kingambit\n|-hitcount|p2: Kingambit|2\n|\n|win|LiaraJo\n|raw|LiaraJo's rating: 1048 &rarr; <strong>1085</strong><br />(+37 for winning)\n|raw|SDLT 2KRL Magnet's rating: 1093 &rarr; <strong>1066</strong><br />(-27 for losing)\n|l|\u2606SDLT 2KRL Magnet\n|player|p2|\n",
  "uploadtime": 1776618232,
  "views": 11,
  "formatid": "gen9championsvgc2026regma",
  "rating": 1066,
  "private": 0,
  "password": null
}