{
  "id": "gen9championsvgc2026regma-2581411672",
  "format": "[Gen 9 Champions] VGC 2026 Reg M-A",
  "players": [
    "Luismamapingas",
    "Mr shoey"
  ],
  "log": "|j|\u2606Luismamapingas\n|j|\u2606Mr shoey\n|t:|1775997715\n|gametype|doubles\n|player|p1|Luismamapingas|101|1172\n|player|p2|Mr shoey|169|1233\n|gen|9\n|tier|[Gen 9 Champions] VGC 2026 Reg M-A\n|rated|\n|rule|Species Clause: Limit one of each Pok\u00e9mon\n|rule|Item Clause: Limit 1 of each item\n|clearpoke\n|poke|p1|Kleavor, L50, F|\n|poke|p1|Tyranitar, L50, F|\n|poke|p1|Venusaur, L50, M|\n|poke|p1|Excadrill, L50, F|\n|poke|p1|Dragapult, L50, M|\n|poke|p1|Primarina, L50, M|\n|poke|p2|Floette-Eternal, L50, F|\n|poke|p2|Sinistcha, L50|\n|poke|p2|Kingambit, L50, F|\n|poke|p2|Milotic, L50, F|\n|poke|p2|Whimsicott, L50, M|\n|poke|p2|Delphox, L50, M|\n|teampreview|4\n|inactive|Battle timer is ON: inactive players will automatically lose when time's up. (requested by Mr shoey)\n|inactive|Luismamapingas also wants the timer to be on.\n|inactive|Luismamapingas has 60 seconds left.\n|\n|t:|1775997757\n|teamsize|p1|4\n|teamsize|p2|4\n|start\n|switch|p1a: Venusaur|Venusaur, L50, M|100/100\n|switch|p1b: Excadrill|Excadrill, L50, F|100/100\n|switch|p2a: Whimsicott|Whimsicott, L50, M|100/100\n|switch|p2b: Delphox|Delphox, L50, M|100/100\n|turn|1\n|\n|t:|1775997772\n|switch|p1a: Tyranitar|Tyranitar, L50, F|100/100\n|-weather|Sandstorm|[from] ability: Sand Stream|[of] p1a: Tyranitar\n|detailschange|p2b: Delphox|Delphox-Mega, L50, M\n|-mega|p2b: Delphox|Delphox|Delphoxite\n|move|p2a: Whimsicott|Tailwind|p2a: Whimsicott\n|-sidestart|p2: Mr shoey|move: Tailwind\n|move|p2b: Delphox|Heat Wave|p1a: Tyranitar|[spread] p1a,p1b\n|-resisted|p1a: Tyranitar|1\n|-supereffective|p1b: Excadrill|1\n|-damage|p1a: Tyranitar|88/100\n|-enditem|p1b: Excadrill|Focus Sash\n|-damage|p1b: Excadrill|1/100\n|-status|p1a: Tyranitar|brn\n|move|p1b: Excadrill|Rock Slide|p2a: Whimsicott|[spread] p2a,p2b\n|-supereffective|p2b: Delphox|1\n|-damage|p2a: Whimsicott|70/100\n|-damage|p2b: Delphox|29/100\n|\n|-weather|Sandstorm|[upkeep]\n|-damage|p2b: Delphox|24/100|[from] Sandstorm\n|-damage|p2a: Whimsicott|64/100|[from] Sandstorm\n|-damage|p1a: Tyranitar|83/100 brn|[from] brn\n|upkeep\n|turn|2\n|inactive|Mr shoey has 30 seconds left.\n|\n|t:|1775997800\n|move|p1b: Excadrill|Protect|p1b: Excadrill\n|-singleturn|p1b: Excadrill|Protect\n|move|p2b: Delphox|Heat Wave|p1a: Tyranitar|[spread] p1a\n|-activate|p1b: Excadrill|move: Protect\n|-resisted|p1a: Tyranitar|1\n|-damage|p1a: Tyranitar|71/100 brn\n|move|p2a: Whimsicott|Dazzling Gleam|p1b: Excadrill|[spread] p1a\n|-activate|p1b: Excadrill|move: Protect\n|-supereffective|p1a: Tyranitar|1\n|-damage|p1a: Tyranitar|43/100 brn\n|move|p1a: Tyranitar|Rock Slide|p2a: Whimsicott|[spread] p2a,p2b\n|-supereffective|p2b: Delphox|1\n|-damage|p2a: Whimsicott|41/100\n|-damage|p2b: Delphox|0 fnt\n|faint|p2b: Delphox\n|\n|-weather|Sandstorm|[upkeep]\n|-damage|p2a: Whimsicott|36/100|[from] Sandstorm\n|-damage|p1a: Tyranitar|38/100 brn|[from] brn\n|upkeep\n|\n|t:|1775997810\n|switch|p2b: Milotic|Milotic, L50, F|100/100\n|turn|3\n|\n|t:|1775997837\n|move|p2a: Whimsicott|Dazzling Gleam|p1a: Tyranitar|[spread] p1a,p1b\n|-supereffective|p1a: Tyranitar|1\n|-resisted|p1b: Excadrill|1\n|-damage|p1a: Tyranitar|14/100 brn\n|-damage|p1b: Excadrill|0 fnt\n|faint|p1b: Excadrill\n|move|p2b: Milotic|Scald|p1a: Tyranitar\n|-supereffective|p1a: Tyranitar|1\n|-damage|p1a: Tyranitar|0 fnt\n|faint|p1a: Tyranitar\n|\n|-weather|Sandstorm|[upkeep]\n|-damage|p2a: Whimsicott|30/100|[from] Sandstorm\n|-damage|p2b: Milotic|95/100|[from] Sandstorm\n|-heal|p2b: Milotic|100/100|[from] item: Leftovers\n|upkeep\n|\n|t:|1775997849\n|switch|p1b: Kleavor|Kleavor, L50, F, shiny|100/100\n|switch|p1a: Venusaur|Venusaur, L50, M|100/100\n|turn|4\n|\n|t:|1775997866\n|detailschange|p1a: Venusaur|Venusaur-Mega, L50, M\n|-mega|p1a: Venusaur|Venusaur|Venusaurite\n|move|p2a: Whimsicott|Dazzling Gleam|p1b: Kleavor|[spread] p1a,p1b\n|-resisted|p1a: Venusaur|1\n|-damage|p1a: Venusaur|93/100\n|-damage|p1b: Kleavor|76/100\n|move|p1b: Kleavor|X-Scissor|p2a: Whimsicott\n|-damage|p2a: Whimsicott|0 fnt\n|faint|p2a: Whimsicott\n|move|p2b: Milotic|Icy Wind|p1a: Venusaur|[spread] p1a,p1b\n|-supereffective|p1a: Venusaur|1\n|-damage|p1a: Venusaur|86/100\n|-damage|p1b: Kleavor|64/100\n|-unboost|p1a: Venusaur|spe|1\n|-unboost|p1b: Kleavor|spe|1\n|move|p1a: Venusaur|Leech Seed|p2b: Milotic\n|-start|p2b: Milotic|move: Leech Seed\n|\n|-weather|Sandstorm|[upkeep]\n|-damage|p2b: Milotic|95/100|[from] Sandstorm\n|-damage|p1a: Venusaur|80/100|[from] Sandstorm\n|-heal|p2b: Milotic|100/100|[from] item: Leftovers\n|-damage|p2b: Milotic|88/100|[from] Leech Seed|[of] p1a: Venusaur\n|-heal|p1a: Venusaur|94/100|[silent]\n|-sideend|p2: Mr shoey|move: Tailwind\n|upkeep\n|\n|t:|1775997882\n|switch|p2a: Kingambit|Kingambit, L50, F|100/100\n|turn|5\n|\n|t:|1775997890\n|move|p2a: Kingambit|Sucker Punch|p1b: Kleavor\n|-damage|p1b: Kleavor|12/100\n|move|p1b: Kleavor|X-Scissor|p2a: Kingambit\n|-damage|p2a: Kingambit|51/100\n|move|p2b: Milotic|Icy Wind|p1a: Venusaur|[spread] p1a,p1b\n|-supereffective|p1a: Venusaur|1\n|-damage|p1a: Venusaur|87/100\n|-damage|p1b: Kleavor|1/100\n|-unboost|p1a: Venusaur|spe|1\n|-unboost|p1b: Kleavor|spe|1\n|move|p1a: Venusaur|Leech Seed|p2a: Kingambit\n|-start|p2a: Kingambit|move: Leech Seed\n|\n|-weather|none\n|-heal|p2b: Milotic|94/100|[from] item: Leftovers\n|-damage|p2b: Milotic|82/100|[from] Leech Seed|[of] p1a: Venusaur\n|-heal|p1a: Venusaur|100/100|[silent]\n|-damage|p2a: Kingambit|39/100|[from] Leech Seed|[of] p1a: Venusaur\n|upkeep\n|turn|6\n|\n|t:|1775997910\n|move|p1b: Kleavor|X-Scissor|p2b: Milotic\n|-crit|p2b: Milotic\n|-damage|p2b: Milotic|1/100\n|move|p2b: Milotic|Icy Wind|p1a: Venusaur|[spread] p1a,p1b\n|-supereffective|p1a: Venusaur|1\n|-damage|p1a: Venusaur|94/100\n|-damage|p1b: Kleavor|0 fnt\n|-unboost|p1a: Venusaur|spe|1\n|faint|p1b: Kleavor\n|move|p2a: Kingambit|Iron Head|p1a: Venusaur\n|-damage|p1a: Venusaur|56/100\n|move|p1a: Venusaur|Giga Drain|p2b: Milotic\n|-supereffective|p2b: Milotic|1\n|-damage|p2b: Milotic|0 fnt\n|-heal|p1a: Venusaur|57/100|[from] drain|[of] p2b: Milotic\n|faint|p2b: Milotic\n|\n|-damage|p2a: Kingambit|27/100|[from] Leech Seed|[of] p1a: Venusaur\n|-heal|p1a: Venusaur|71/100|[silent]\n|upkeep\n|turn|7\n|\n|t:|1775997926\n|move|p1a: Venusaur|Protect|p1a: Venusaur\n|-singleturn|p1a: Venusaur|Protect\n|move|p2a: Kingambit|Swords Dance|p2a: Kingambit\n|-boost|p2a: Kingambit|atk|2\n|\n|-damage|p2a: Kingambit|15/100|[from] Leech Seed|[of] p1a: Venusaur\n|-heal|p1a: Venusaur|84/100|[silent]\n|upkeep\n|turn|8\n|\n|t:|1775997941\n|move|p2a: Kingambit|Kowtow Cleave|p1a: Venusaur\n|-damage|p1a: Venusaur|1/100\n|move|p1a: Venusaur|Giga Drain|p2a: Kingambit\n|-resisted|p2a: Kingambit|1\n|-damage|p2a: Kingambit|0 fnt\n|-heal|p1a: Venusaur|9/100|[from] drain|[of] p2a: Kingambit\n|faint|p2a: Kingambit\n|\n|win|Luismamapingas\n|raw|Luismamapingas's rating: 1172 &rarr; <strong>1201</strong><br />(+29 for winning)\n|raw|Mr shoey's rating: 1233 &rarr; <strong>1204</strong><br />(-29 for losing)\n|c|\u2606Mr shoey|Wow\n|c|\u2606Mr shoey|crazy luck\n|c|\u2606Luismamapingas|close\n|c|\u2606Mr shoey|so so lucky\n|c|\u2606Luismamapingas|well\n|c|\u2606Luismamapingas|you burned my tytar\n|c|\u2606Mr shoey|No skill\n|c|\u2606Mr shoey|all luck\n|c|\u2606Luismamapingas|first heat wave\n|c|\u2606Luismamapingas|xdd\n|c|\u2606Luismamapingas|sure\n|c|\u2606Luismamapingas|loser\n|c|\u2606Mr shoey|That made no diff\n|c|\u2606Mr shoey|you had two survives on 1hp\n|c|\u2606Mr shoey|And crit my milotic\n|c|\u2606Mr shoey|you literally only can win from luck\n",
  "uploadtime": 1775998127,
  "views": 26,
  "formatid": "gen9championsvgc2026regma",
  "rating": 1201,
  "private": 0,
  "password": null
}