{
  "id": "gen9championsvgc2026regma-2582508022",
  "format": "[Gen 9 Champions] VGC 2026 Reg M-A",
  "players": [
    "kunecito",
    "battle sim trainer"
  ],
  "log": "|j|\u2606kunecito\n|j|\u2606battle sim trainer\n|t:|1776096148\n|gametype|doubles\n|player|p1|kunecito|benga|1043\n|player|p2|battle sim trainer|turo|1097\n|gen|9\n|tier|[Gen 9 Champions] VGC 2026 Reg M-A\n|rated|\n|rule|Species Clause: Limit one of each Pok\u00e9mon\n|rule|Item Clause: Limit 1 of each item\n|clearpoke\n|poke|p1|Arcanine, L50, F|\n|poke|p1|Rotom-Wash, L50|\n|poke|p1|Garchomp, L50, F|\n|poke|p1|Venusaur, L50, M|\n|poke|p1|Corviknight, L50, F|\n|poke|p1|Sableye, L50, M|\n|poke|p2|Gallade, L50, M|\n|poke|p2|Torkoal, L50, F|\n|poke|p2|Crabominable, L50, M|\n|poke|p2|Farigiraf, L50, M|\n|poke|p2|Kangaskhan, L50, F|\n|poke|p2|Sinistcha-Masterpiece, L50|\n|teampreview|4\n|j| mrwheel\n|inactive|Battle timer is ON: inactive players will automatically lose when time's up. (requested by battle sim trainer)\n|\n|t:|1776096188\n|teamsize|p1|4\n|teamsize|p2|4\n|start\n|switch|p1a: Garchomp|Garchomp, L50, F|100/100\n|switch|p1b: Arcanine|Arcanine, L50, F|100/100\n|switch|p2a: Sinistcha|Sinistcha-Masterpiece, L50|100/100\n|switch|p2b: Farigiraf|Farigiraf, L50, M|100/100\n|-ability|p1b: Arcanine|Intimidate|boost\n|-unboost|p2a: Sinistcha|atk|1\n|-unboost|p2b: Farigiraf|atk|1\n|turn|1\n|inactive|kunecito has 30 seconds left.\n|inactive|kunecito has 20 seconds left.\n|inactive|kunecito has 15 seconds left.\n|\n|t:|1776096229\n|move|p2a: Sinistcha|Rage Powder|p2a: Sinistcha\n|-singleturn|p2a: Sinistcha|move: Rage Powder\n|move|p1a: Garchomp|Dragon Claw|p2a: Sinistcha\n|-damage|p2a: Sinistcha|68/100\n|move|p1b: Arcanine|Snarl|p2a: Sinistcha|[spread] p2a,p2b\n|-supereffective|p2a: Sinistcha|1\n|-supereffective|p2b: Farigiraf|1\n|-damage|p2a: Sinistcha|52/100\n|-damage|p2b: Farigiraf|86/100\n|-unboost|p2a: Sinistcha|spa|1\n|-unboost|p2b: Farigiraf|spa|1\n|move|p2b: Farigiraf|Trick Room|p2b: Farigiraf\n|-fieldstart|move: Trick Room|[of] p2b: Farigiraf\n|\n|upkeep\n|turn|2\n|inactive|kunecito has 30 seconds left.\n|\n|t:|1776096259\n|switch|p2b: Crabominable|Crabominable, L50, M|100/100\n|move|p2a: Sinistcha|Rage Powder|p2a: Sinistcha\n|-singleturn|p2a: Sinistcha|move: Rage Powder\n|move|p1b: Arcanine|Snarl|p2b: Crabominable|[spread] p2a\n|-miss|p1b: Arcanine|p2b: Crabominable\n|-supereffective|p2a: Sinistcha|1\n|-damage|p2a: Sinistcha|36/100\n|-unboost|p2a: Sinistcha|spa|1\n|move|p1a: Garchomp|Dragon Claw|p2a: Sinistcha\n|-damage|p2a: Sinistcha|4/100\n|\n|upkeep\n|turn|3\n|inactive|kunecito has 30 seconds left.\n|inactive|battle sim trainer has 30 seconds left.\n|inactive|kunecito has 20 seconds left.\n|inactive|battle sim trainer has 20 seconds left.\n|\n|t:|1776096295\n|detailschange|p2b: Crabominable|Crabominable-Mega, L50, M\n|-mega|p2b: Crabominable|Crabominable|Crabominite\n|move|p1a: Garchomp|Protect|p1a: Garchomp\n|-singleturn|p1a: Garchomp|Protect\n|move|p2a: Sinistcha|Rage Powder|p2a: Sinistcha\n|-singleturn|p2a: Sinistcha|move: Rage Powder\n|move|p2b: Crabominable|Drain Punch|p1a: Garchomp\n|-activate|p1a: Garchomp|move: Protect\n|move|p1b: Arcanine|Flare Blitz|p2a: Sinistcha\n|-supereffective|p2a: Sinistcha|1\n|-damage|p2a: Sinistcha|0 fnt\n|faint|p2a: Sinistcha\n|-damage|p1b: Arcanine|99/100|[from] Recoil\n|\n|upkeep\n|\n|t:|1776096304\n|switch|p2a: Torkoal|Torkoal, L50, F|100/100\n|-weather|SunnyDay|[from] ability: Drought|[of] p2a: Torkoal\n|turn|4\n|inactive|kunecito has 30 seconds left.\n|inactive|kunecito has 20 seconds left.\n|\n|t:|1776096341\n|switch|p1a: Rotom|Rotom-Wash, L50|100/100\n|move|p2a: Torkoal|Eruption|p1b: Arcanine|[spread] p1a,p1b\n|-resisted|p1a: Rotom|1\n|-resisted|p1b: Arcanine|1\n|-damage|p1a: Rotom|38/100\n|-damage|p1b: Arcanine|55/100\n|move|p2b: Crabominable|Drain Punch|p1b: Arcanine\n|-damage|p1b: Arcanine|0 fnt\n|faint|p1b: Arcanine\n|\n|-weather|SunnyDay|[upkeep]\n|upkeep\n|\n|t:|1776096358\n|switch|p1b: Venusaur|Venusaur, L50, M|100/100\n|turn|5\n|\n|t:|1776096371\n|move|p1b: Venusaur|Protect|p1b: Venusaur\n|-singleturn|p1b: Venusaur|Protect\n|move|p2a: Torkoal|Eruption|p1b: Venusaur|[spread] p1a\n|-activate|p1b: Venusaur|move: Protect\n|-resisted|p1a: Rotom|1\n|-damage|p1a: Rotom|0 fnt\n|faint|p1a: Rotom\n|move|p2b: Crabominable|Ice Punch|p1b: Venusaur\n|-activate|p1b: Venusaur|move: Protect\n|\n|-weather|SunnyDay|[upkeep]\n|-fieldend|move: Trick Room\n|upkeep\n|\n|t:|1776096384\n|switch|p1a: Garchomp|Garchomp, L50, F|100/100\n|turn|6\n|inactive|kunecito has 30 seconds left.\n|\n|t:|1776096409\n|detailschange|p1b: Venusaur|Venusaur-Mega, L50, M\n|-mega|p1b: Venusaur|Venusaur|Venusaurite\n|move|p2a: Torkoal|Protect|p2a: Torkoal\n|-singleturn|p2a: Torkoal|Protect\n|move|p1a: Garchomp|Earthquake|p2a: Torkoal|[spread] p1b,p2b\n|-activate|p2a: Torkoal|move: Protect\n|-damage|p1b: Venusaur|70/100\n|-damage|p2b: Crabominable|74/100\n|move|p1b: Venusaur|Giga Drain|p2b: Crabominable\n|-damage|p2b: Crabominable|46/100\n|-heal|p1b: Venusaur|86/100|[from] drain|[of] p2b: Crabominable\n|move|p2b: Crabominable|Ice Punch|p1a: Garchomp\n|-supereffective|p1a: Garchomp|2\n|-damage|p1a: Garchomp|0 fnt\n|-damage|p2b: Crabominable|34/100|[from] ability: Rough Skin|[of] p1a: Garchomp\n|faint|p1a: Garchomp\n|\n|-weather|SunnyDay|[upkeep]\n|upkeep\n|turn|7\n|inactive|kunecito has 30 seconds left.\n|inactive|kunecito has 20 seconds left.\n|\n|t:|1776096446\n|move|p1b: Venusaur|Sludge Bomb|p2b: Crabominable\n|-damage|p2b: Crabominable|0 fnt\n|faint|p2b: Crabominable\n|move|p2a: Torkoal|Weather Ball|p1b: Venusaur\n|-supereffective|p1b: Venusaur|1\n|-damage|p1b: Venusaur|23/100\n|\n|-weather|SunnyDay|[upkeep]\n|upkeep\n|\n|t:|1776096452\n|switch|p2b: Farigiraf|Farigiraf, L50, M|86/100\n|turn|8\n|\n|t:|1776096461\n|move|p1b: Venusaur|Leech Seed|p2b: Farigiraf\n|-start|p2b: Farigiraf|move: Leech Seed\n|move|p2b: Farigiraf|Psyshock|p1b: Venusaur\n|-supereffective|p1b: Venusaur|1\n|-damage|p1b: Venusaur|0 fnt\n|faint|p1b: Venusaur\n|\n|win|battle sim trainer\n|raw|kunecito's rating: 1043 &rarr; <strong>1029</strong><br />(-14 for losing)\n|raw|battle sim trainer's rating: 1097 &rarr; <strong>1119</strong><br />(+22 for winning)\n|c|\u2606battle sim trainer|gg\n",
  "uploadtime": 1776096467,
  "views": 9,
  "formatid": "gen9championsvgc2026regma",
  "rating": 1029,
  "private": 0,
  "password": null
}