{
  "id": "gen9championsvgc2026regma-2583100916",
  "format": "[Gen 9 Champions] VGC 2026 Reg M-A",
  "players": [
    "Maaaaple",
    "steve7w7"
  ],
  "log": "|j|\u2606Maaaaple\n|j|\u2606steve7w7\n|t:|1776142073\n|gametype|doubles\n|player|p1|Maaaaple|265|1048\n|player|p2|steve7w7|102|1026\n|gen|9\n|tier|[Gen 9 Champions] VGC 2026 Reg M-A\n|rated|\n|rule|Species Clause: Limit one of each Pok\u00e9mon\n|rule|Item Clause: Limit 1 of each item\n|clearpoke\n|poke|p1|Gengar, L50, F|\n|poke|p1|Kingambit, L50, F|\n|poke|p1|Sinistcha, L50|\n|poke|p1|Incineroar, L50, F|\n|poke|p1|Kommo-o, L50, M|\n|poke|p1|Tyranitar, L50, F|\n|poke|p2|Avalugg-Hisui, L50, M|\n|poke|p2|Hatterene, L50, F|\n|poke|p2|Abomasnow, L50, F|\n|poke|p2|Tyranitar, L50, M|\n|poke|p2|Sinistcha, L50|\n|poke|p2|Milotic, L50, F|\n|teampreview|4\n|\n|t:|1776142139\n|teamsize|p1|4\n|teamsize|p2|4\n|start\n|switch|p1a: Incineroar|Incineroar, L50, F|100/100\n|switch|p1b: Tyranitar|Tyranitar, L50, F|100/100\n|switch|p2a: Abomasnow|Abomasnow, L50, F|100/100\n|switch|p2b: Avalugg|Avalugg-Hisui, L50, M|100/100\n|-weather|Sandstorm|[from] ability: Sand Stream|[of] p1b: Tyranitar\n|-ability|p1a: Incineroar|Intimidate|boost\n|-unboost|p2a: Abomasnow|atk|1\n|-unboost|p2b: Avalugg|atk|1\n|-weather|Snowscape|[from] ability: Snow Warning|[of] p2a: Abomasnow\n|turn|1\n|\n|t:|1776142187\n|detailschange|p2a: Abomasnow|Abomasnow-Mega, L50, F\n|-mega|p2a: Abomasnow|Abomasnow|Abomasite\n|move|p1b: Tyranitar|Rock Slide|p2a: Abomasnow|[spread] p2a,p2b\n|-supereffective|p2a: Abomasnow|1\n|-supereffective|p2b: Avalugg|1\n|-damage|p2a: Abomasnow|63/100\n|-damage|p2b: Avalugg|76/100\n|move|p1a: Incineroar|Parting Shot|p2b: Avalugg\n|-unboost|p2b: Avalugg|atk|1\n|-unboost|p2b: Avalugg|spa|1\n|\n|t:|1776142200\n|switch|p1a: Sinistcha|Sinistcha, L50|100/100|[from] Parting Shot\n|move|p2b: Avalugg|Rock Slide|p1b: Tyranitar|[spread] p1a\n|-miss|p2b: Avalugg|p1b: Tyranitar\n|-damage|p1a: Sinistcha|88/100\n|move|p2a: Abomasnow|Giga Drain|p1b: Tyranitar\n|-supereffective|p1b: Tyranitar|1\n|-damage|p1b: Tyranitar|32/100\n|-heal|p2a: Abomasnow|99/100|[from] drain|[of] p1b: Tyranitar\n|\n|-weather|Snowscape|[upkeep]\n|upkeep\n|turn|2\n|\n|t:|1776142250\n|switch|p1b: Incineroar|Incineroar, L50, F|100/100\n|-ability|p1b: Incineroar|Intimidate|boost\n|-unboost|p2a: Abomasnow|atk|1\n|-unboost|p2b: Avalugg|atk|1\n|switch|p2a: Milotic|Milotic, L50, F|100/100\n|move|p1a: Sinistcha|Matcha Gotcha|p2a: Milotic|[spread] p2a,p2b\n|-supereffective|p2a: Milotic|1\n|-supereffective|p2b: Avalugg|1\n|-damage|p2a: Milotic|57/100\n|-heal|p1a: Sinistcha|100/100|[from] drain|[of] p2a: Milotic\n|-damage|p2b: Avalugg|12/100\n|-status|p2a: Milotic|brn\n|move|p2b: Avalugg|Iron Head|p1b: Incineroar\n|-resisted|p1b: Incineroar|1\n|-damage|p1b: Incineroar|96/100\n|\n|-weather|Snowscape|[upkeep]\n|-damage|p2a: Milotic|51/100 brn|[from] brn\n|upkeep\n|turn|3\n|\n|t:|1776142290\n|move|p2a: Milotic|Protect|p2a: Milotic\n|-singleturn|p2a: Milotic|Protect\n|move|p1a: Sinistcha|Matcha Gotcha|p2a: Milotic|[spread] p2b\n|-activate|p2a: Milotic|move: Protect\n|-supereffective|p2b: Avalugg|1\n|-crit|p2b: Avalugg\n|-damage|p2b: Avalugg|0 fnt\n|faint|p2b: Avalugg\n|move|p1b: Incineroar|Throat Chop|p2a: Milotic\n|-activate|p2a: Milotic|move: Protect\n|\n|-weather|Snowscape|[upkeep]\n|-damage|p2a: Milotic|45/100 brn|[from] brn\n|upkeep\n|\n|t:|1776142308\n|switch|p2b: Abomasnow|Abomasnow-Mega, L50, F|99/100\n|turn|4\n|\n|t:|1776142320\n|switch|p2a: Hatterene|Hatterene, L50, F|100/100\n|move|p1a: Sinistcha|Matcha Gotcha|p2a: Hatterene|[spread] p2a,p2b\n|-resisted|p2b: Abomasnow|1\n|-damage|p2a: Hatterene|76/100\n|-damage|p2b: Abomasnow|90/100\n|move|p1b: Incineroar|Parting Shot|p2b: Abomasnow\n|-unboost|p2b: Abomasnow|atk|1\n|-unboost|p2b: Abomasnow|spa|1\n|\n|t:|1776142330\n|switch|p1b: Tyranitar|Tyranitar, L50, F|32/100|[from] Parting Shot\n|-weather|Sandstorm|[from] ability: Sand Stream|[of] p1b: Tyranitar\n|move|p2b: Abomasnow|Blizzard|p1a: Sinistcha|[spread] \n|-miss|p2b: Abomasnow|p1a: Sinistcha\n|-miss|p2b: Abomasnow|p1b: Tyranitar\n|\n|-weather|Sandstorm|[upkeep]\n|-damage|p1a: Sinistcha|94/100|[from] Sandstorm\n|-damage|p2b: Abomasnow|84/100|[from] Sandstorm\n|-damage|p2a: Hatterene|70/100|[from] Sandstorm\n|upkeep\n|turn|5\n|\n|t:|1776142353\n|switch|p2b: Milotic|Milotic, L50, F|45/100 brn\n|move|p1b: Tyranitar|Low Kick|p2b: Milotic\n|-damage|p2b: Milotic|18/100 brn\n|move|p1a: Sinistcha|Life Dew|p1a: Sinistcha|[spread] p1a,p1b\n|-heal|p1a: Sinistcha|100/100\n|-heal|p1b: Tyranitar|56/100\n|move|p2a: Hatterene|Trick Room|p2a: Hatterene\n|-fieldstart|move: Trick Room|[of] p2a: Hatterene\n|\n|-weather|Sandstorm|[upkeep]\n|-damage|p2a: Hatterene|64/100|[from] Sandstorm\n|-damage|p2b: Milotic|12/100 brn|[from] Sandstorm\n|-damage|p1a: Sinistcha|94/100|[from] Sandstorm\n|-damage|p2b: Milotic|6/100 brn|[from] brn\n|upkeep\n|turn|6\n|\n|t:|1776142394\n|switch|p2b: Abomasnow|Abomasnow-Mega, L50, F|84/100\n|-weather|Snowscape|[from] ability: Snow Warning|[of] p2b: Abomasnow\n|switch|p1b: Incineroar|Incineroar, L50, F|96/100\n|-ability|p1b: Incineroar|Intimidate|boost\n|-unboost|p2a: Hatterene|atk|1\n|-unboost|p2b: Abomasnow|atk|1\n|move|p1a: Sinistcha|Rage Powder|p1a: Sinistcha\n|-singleturn|p1a: Sinistcha|move: Rage Powder\n|move|p2a: Hatterene|Giga Drain|p1a: Sinistcha\n|-resisted|p1a: Sinistcha|1\n|-damage|p1a: Sinistcha|83/100\n|-heal|p2a: Hatterene|70/100|[from] drain|[of] p1a: Sinistcha\n|\n|-weather|Snowscape|[upkeep]\n|upkeep\n|turn|7\n|\n|t:|1776142479\n|move|p1a: Sinistcha|Protect|p1a: Sinistcha\n|-singleturn|p1a: Sinistcha|Protect\n|move|p2a: Hatterene|Expanding Force|p1a: Sinistcha\n|-activate|p1a: Sinistcha|move: Protect\n|move|p2b: Abomasnow|Earth Power|p1b: Incineroar\n|-supereffective|p1b: Incineroar|1\n|-enditem|p1b: Incineroar|Shuca Berry|[eat]\n|-enditem|p1b: Incineroar|Shuca Berry|[weaken]\n|-damage|p1b: Incineroar|76/100\n|move|p1b: Incineroar|Throat Chop|p2b: Abomasnow\n|-damage|p2b: Abomasnow|68/100\n|-start|p2b: Abomasnow|Throat Chop|[silent]\n|\n|-weather|Snowscape|[upkeep]\n|upkeep\n|turn|8\n|\n|t:|1776142528\n|switch|p1a: Tyranitar|Tyranitar, L50, F|56/100\n|-weather|Sandstorm|[from] ability: Sand Stream|[of] p1a: Tyranitar\n|move|p1b: Incineroar|Protect|p1b: Incineroar\n|-singleturn|p1b: Incineroar|Protect\n|move|p2a: Hatterene|Expanding Force|p1a: Tyranitar\n|-immune|p1a: Tyranitar\n|move|p2b: Abomasnow|Earth Power|p1b: Incineroar\n|-activate|p1b: Incineroar|move: Protect\n|\n|-weather|Sandstorm|[upkeep]\n|-damage|p2a: Hatterene|64/100|[from] Sandstorm\n|-damage|p2b: Abomasnow|62/100|[from] Sandstorm\n|-damage|p1b: Incineroar|70/100|[from] Sandstorm\n|-end|p2b: Abomasnow|Throat Chop|[silent]\n|upkeep\n|turn|9\n|\n|t:|1776142566\n|switch|p2b: Milotic|Milotic, L50, F|6/100 brn\n|move|p2a: Hatterene|Giga Drain|p1a: Tyranitar\n|-supereffective|p1a: Tyranitar|1\n|-damage|p1a: Tyranitar|25/100\n|-heal|p2a: Hatterene|81/100|[from] drain|[of] p1a: Tyranitar\n|move|p1b: Incineroar|Parting Shot|p2b: Milotic\n|-unboost|p2b: Milotic|atk|1\n|-ability|p2b: Milotic|Competitive|boost\n|-boost|p2b: Milotic|spa|2\n|-unboost|p2b: Milotic|spa|1\n|-ability|p2b: Milotic|Competitive|boost\n|-boost|p2b: Milotic|spa|2\n|\n|t:|1776142579\n|switch|p1b: Kommo-o|Kommo-o, L50, M|100/100|[from] Parting Shot\n|move|p1a: Tyranitar|Rock Slide|p2b: Milotic|[spread] p2a,p2b\n|-damage|p2a: Hatterene|52/100\n|-damage|p2b: Milotic|0 fnt\n|faint|p2b: Milotic\n|\n|-weather|Sandstorm|[upkeep]\n|-damage|p2a: Hatterene|46/100|[from] Sandstorm\n|-damage|p1b: Kommo-o|95/100|[from] Sandstorm\n|-heal|p1b: Kommo-o|100/100|[from] item: Leftovers\n|-fieldend|move: Trick Room\n|upkeep\n|\n|t:|1776142589\n|switch|p2b: Abomasnow|Abomasnow-Mega, L50, F|62/100\n|-weather|Snowscape|[from] ability: Snow Warning|[of] p2b: Abomasnow\n|turn|10\n|\n|t:|1776142622\n|move|p2a: Hatterene|Protect|p2a: Hatterene\n|-singleturn|p2a: Hatterene|Protect\n|move|p1a: Tyranitar|Rock Slide|p2a: Hatterene|[spread] p2b\n|-activate|p2a: Hatterene|move: Protect\n|-supereffective|p2b: Abomasnow|1\n|-damage|p2b: Abomasnow|26/100\n|move|p1b: Kommo-o|Aura Sphere|p2b: Abomasnow\n|-supereffective|p2b: Abomasnow|1\n|-damage|p2b: Abomasnow|0 fnt\n|faint|p2b: Abomasnow\n|\n|-weather|Snowscape|[upkeep]\n|upkeep\n|turn|11\n|\n|t:|1776142642\n|switch|p1b: Incineroar|Incineroar, L50, F|70/100\n|-ability|p1b: Incineroar|Intimidate|boost\n|-unboost|p2a: Hatterene|atk|1\n|move|p1a: Tyranitar|Rock Slide|p2a: Hatterene\n|-damage|p2a: Hatterene|8/100\n|move|p2a: Hatterene|Giga Drain|p1a: Tyranitar\n|-supereffective|p1a: Tyranitar|1\n|-damage|p1a: Tyranitar|0 fnt\n|-heal|p2a: Hatterene|22/100|[from] drain|[of] p1a: Tyranitar\n|faint|p1a: Tyranitar\n|\n|-weather|Snowscape|[upkeep]\n|upkeep\n|\n|t:|1776142655\n|switch|p1a: Sinistcha|Sinistcha, L50|83/100\n|-heal|p1b: Incineroar|95/100|[from] ability: Hospitality|[of] p1a: Sinistcha\n|turn|12\n|\n|t:|1776142664\n|move|p1a: Sinistcha|Matcha Gotcha|p2a: Hatterene\n|-damage|p2a: Hatterene|0 fnt\n|-heal|p1a: Sinistcha|93/100|[from] drain|[of] p2a: Hatterene\n|faint|p2a: Hatterene\n|\n|win|Maaaaple\n|raw|Maaaaple's rating: 1048 &rarr; <strong>1079</strong><br />(+31 for winning)\n|raw|steve7w7's rating: 1026 &rarr; <strong>1013</strong><br />(-13 for losing)\n|l|\u2606steve7w7\n|player|p2|\n",
  "uploadtime": 1776142673,
  "views": 21,
  "formatid": "gen9championsvgc2026regma",
  "rating": 1013,
  "private": 0,
  "password": null
}