{
  "id": "gen9championsvgc2026regma-2585153215",
  "format": "[Gen 9 Champions] VGC 2026 Reg M-A",
  "players": [
    "RuiRessha",
    "Dogwasabi"
  ],
  "log": "|j|\u2606RuiRessha\n|j|\u2606Dogwasabi\n|t:|1776318345\n|gametype|doubles\n|player|p1|RuiRessha|170|1098\n|player|p2|Dogwasabi|cheren-gen5bw2|1045\n|gen|9\n|tier|[Gen 9 Champions] VGC 2026 Reg M-A\n|rated|\n|rule|Species Clause: Limit one of each Pok\u00e9mon\n|rule|Item Clause: Limit 1 of each item\n|clearpoke\n|poke|p1|Starmie, L50|\n|poke|p1|Incineroar, L50, F|\n|poke|p1|Sneasler, L50, M|\n|poke|p1|Kingambit, L50, M|\n|poke|p1|Sinistcha, L50|\n|poke|p1|Rotom-Wash, L50|\n|poke|p2|Gengar, L50, M|\n|poke|p2|Politoed, L50, M|\n|poke|p2|Incineroar, L50, F|\n|poke|p2|Sinistcha, L50|\n|poke|p2|Rotom-Wash, L50|\n|poke|p2|Basculegion, L50, M|\n|teampreview|4\n|inactive|Battle timer is ON: inactive players will automatically lose when time's up. (requested by RuiRessha)\n|inactive|RuiRessha has 60 seconds left.\n|\n|t:|1776318378\n|teamsize|p1|4\n|teamsize|p2|4\n|start\n|switch|p1a: Sneasler|Sneasler, L50, M|100/100\n|switch|p1b: Rotom|Rotom-Wash, L50|100/100\n|switch|p2a: Rotom|Rotom-Wash, L50|100/100\n|switch|p2b: Basculegion|Basculegion, L50, M|100/100\n|turn|1\n|\n|t:|1776318398\n|switch|p2b: Incineroar|Incineroar, L50, F|100/100\n|-ability|p2b: Incineroar|Intimidate|boost\n|-unboost|p1a: Sneasler|atk|1\n|-unboost|p1b: Rotom|atk|1\n|-enditem|p1a: Sneasler|White Herb\n|-clearnegativeboost|p1a: Sneasler|[silent]\n|move|p1a: Sneasler|Fake Out|p2a: Rotom\n|-damage|p2a: Rotom|85/100\n|move|p1b: Rotom|Volt Switch|p2b: Incineroar\n|-damage|p2b: Incineroar|76/100\n|\n|t:|1776318403\n|switch|p1b: BROLY|Starmie, L50|100/100|[from] Volt Switch\n|cant|p2a: Rotom|flinch\n|\n|upkeep\n|turn|2\n|\n|t:|1776318422\n|detailschange|p1b: BROLY|Starmie-Mega, L50\n|-mega|p1b: BROLY|Starmie|Starminite\n|move|p1b: BROLY|Protect|p1b: BROLY\n|-singleturn|p1b: BROLY|Protect\n|move|p2b: Incineroar|Fake Out|p1b: BROLY\n|-activate|p1b: BROLY|move: Protect\n|move|p1a: Sneasler|Close Combat|p2b: Incineroar\n|-supereffective|p2b: Incineroar|1\n|-enditem|p2b: Incineroar|Chople Berry|[eat]\n|-enditem|p2b: Incineroar|Chople Berry|[weaken]\n|-damage|p2b: Incineroar|21/100\n|-unboost|p1a: Sneasler|def|1\n|-unboost|p1a: Sneasler|spd|1\n|move|p2a: Rotom|Volt Switch|p1b: BROLY\n|-activate|p1b: BROLY|move: Protect\n|\n|upkeep\n|turn|3\n|inactive|RuiRessha has 30 seconds left.\n|\n|t:|1776318456\n|switch|p1b: Rotom|Rotom-Wash, L50|100/100\n|switch|p2b: Basculegion|Basculegion, L50, M|100/100\n|move|p1a: Sneasler|Close Combat|p2b: Basculegion\n|-immune|p2b: Basculegion\n|move|p2a: Rotom|Volt Switch|p1b: Rotom\n|-damage|p1b: Rotom|64/100\n|\n|t:|1776318467\n|switch|p2a: Politoed|Politoed, L50, M|100/100|[from] Volt Switch\n|-weather|RainDance|[from] ability: Drizzle|[of] p2a: Politoed\n|\n|-weather|RainDance|[upkeep]\n|upkeep\n|turn|4\n|\n|t:|1776318492\n|move|p1a: Sneasler|Protect|p1a: Sneasler\n|-singleturn|p1a: Sneasler|Protect\n|move|p2b: Basculegion|Flip Turn|p1a: Sneasler\n|-activate|p1a: Sneasler|move: Protect\n|move|p1b: Rotom|Volt Switch|p2b: Basculegion\n|-supereffective|p2b: Basculegion|1\n|-damage|p2b: Basculegion|36/100\n|\n|t:|1776318502\n|switch|p1b: BROLY|Starmie-Mega, L50|100/100|[from] Volt Switch\n|move|p2a: Politoed|Weather Ball|p1a: Sneasler\n|-activate|p1a: Sneasler|move: Protect\n|\n|-weather|RainDance|[upkeep]\n|upkeep\n|turn|5\n|\n|t:|1776318524\n|switch|p1a: Rotom|Rotom-Wash, L50|64/100\n|move|p1b: BROLY|Protect|p1b: BROLY\n|-singleturn|p1b: BROLY|Protect\n|move|p2b: Basculegion|Flip Turn|p1a: Rotom\n|-resisted|p1a: Rotom|1\n|-damage|p1a: Rotom|33/100\n|\n|t:|1776318532\n|switch|p2b: Incineroar|Incineroar, L50, F|21/100|[from] Flip Turn\n|-ability|p2b: Incineroar|Intimidate|boost\n|-unboost|p1a: Rotom|atk|1\n|-unboost|p1b: BROLY|atk|1\n|move|p2a: Politoed|Hydro Pump|p1b: BROLY\n|-activate|p1b: BROLY|move: Protect\n|\n|-weather|RainDance|[upkeep]\n|upkeep\n|turn|6\n|inactive|Dogwasabi has 30 seconds left.\n|\n|t:|1776318562\n|move|p2b: Incineroar|Fake Out|p1b: BROLY\n|-damage|p1b: BROLY|83/100\n|move|p1a: Rotom|Volt Switch|p2b: Incineroar\n|-damage|p2b: Incineroar|0 fnt\n|faint|p2b: Incineroar\n|\n|t:|1776318570\n|switch|p1a: Kingambit|Kingambit, L50, M|100/100|[from] Volt Switch\n|cant|p1b: BROLY|flinch\n|move|p2a: Politoed|Weather Ball|p1a: Kingambit\n|-damage|p1a: Kingambit|49/100\n|\n|-weather|RainDance|[upkeep]\n|upkeep\n|\n|t:|1776318580\n|switch|p2b: Basculegion|Basculegion, L50, M|36/100\n|turn|7\n|\n|t:|1776318602\n|switch|p2b: Rotom|Rotom-Wash, L50|85/100\n|move|p1b: BROLY|Protect|p1b: BROLY\n|-singleturn|p1b: BROLY|Protect\n|move|p1a: Kingambit|Sucker Punch||[still]\n|-fail|p1a: Kingambit\n|move|p2a: Politoed|Weather Ball|p1a: Kingambit\n|-damage|p1a: Kingambit|0 fnt\n|faint|p1a: Kingambit\n|\n|-weather|none\n|upkeep\n|\n|t:|1776318606\n|switch|p1a: Rotom|Rotom-Wash, L50|33/100\n|turn|8\n|inactive|Dogwasabi has 30 seconds left.\n|\n|t:|1776318632\n|switch|p2a: Basculegion|Basculegion, L50, M|36/100\n|move|p1a: Rotom|Volt Switch|p2b: Rotom\n|-damage|p2b: Rotom|57/100\n|\n|t:|1776318637\n|switch|p1a: Sneasler|Sneasler, L50, M|100/100|[from] Volt Switch\n|move|p2b: Rotom|Volt Switch|p1b: BROLY\n|-supereffective|p1b: BROLY|1\n|-damage|p1b: BROLY|0 fnt\n|faint|p1b: BROLY\n|-message|RuiRessha forfeited.\n|\n|win|Dogwasabi\n|raw|RuiRessha's rating: 1098 &rarr; <strong>1070</strong><br />(-28 for losing)\n|raw|Dogwasabi's rating: 1045 &rarr; <strong>1083</strong><br />(+38 for winning)\n|l|\u2606RuiRessha\n|player|p1|\n",
  "uploadtime": 1776318649,
  "views": 20,
  "formatid": "gen9championsvgc2026regma",
  "rating": 1070,
  "private": 0,
  "password": null
}