{
  "id": "gen9championsvgc2026regma-2583241330",
  "format": "[Gen 9 Champions] VGC 2026 Reg M-A",
  "players": [
    "BigRoflet",
    "lol2439"
  ],
  "log": "|j|\u203dBigRoflet\n|j|\u2606lol2439\n|t:|1776158541\n|gametype|doubles\n|player|p1|BigRoflet|harlequin|1072\n|player|p2|lol2439|170|1028\n|gen|9\n|tier|[Gen 9 Champions] VGC 2026 Reg M-A\n|rated|\n|rule|Species Clause: Limit one of each Pok\u00e9mon\n|rule|Item Clause: Limit 1 of each item\n|clearpoke\n|poke|p1|Decidueye-Hisui, L50, M|\n|poke|p1|Typhlosion, L50, F|\n|poke|p1|Farigiraf, L50, M|\n|poke|p1|Basculegion, L50, M|\n|poke|p1|Incineroar, L50, M|\n|poke|p1|Ditto, L50|\n|poke|p2|Meganium, L50, F|\n|poke|p2|Pelipper, L50, F|\n|poke|p2|Basculegion, L50, M|\n|poke|p2|Archaludon, L50, M|\n|poke|p2|Incineroar, L50, F|\n|poke|p2|Dragapult, L50, M|\n|teampreview|4\n|\n|t:|1776158592\n|teamsize|p1|4\n|teamsize|p2|4\n|start\n|switch|p1a: Farigiraf|Farigiraf, L50, M|100/100\n|switch|p1b: Ditto|Ditto, L50|100/100\n|switch|p2a: Meganium|Meganium, L50, F|100/100\n|switch|p2b: Pelipper|Pelipper, L50, F|100/100\n|-transform|p1b: Ditto|p2a: Meganium|[from] ability: Imposter\n|-weather|RainDance|[from] ability: Drizzle|[of] p2b: Pelipper\n|turn|1\n|\n|t:|1776158646\n|detailschange|p2a: Meganium|Meganium-Mega, L50, F\n|-mega|p2a: Meganium|Meganium|Meganiumite\n|move|p1b: Ditto|Protect|p1b: Ditto\n|-singleturn|p1b: Ditto|Protect\n|move|p2a: Meganium|Solar Beam||[still]\n|-prepare|p2a: Meganium|Solar Beam\n|-activate|p2a: Meganium|ability: Mega Sol\n|-anim|p2a: Meganium|Solar Beam|p1a: Farigiraf\n|-damage|p1a: Farigiraf|38/100\n|-enditem|p1a: Farigiraf|Sitrus Berry|[eat]\n|-heal|p1a: Farigiraf|63/100|[from] item: Sitrus Berry\n|move|p2b: Pelipper|Tailwind|p2b: Pelipper\n|-sidestart|p2: lol2439|move: Tailwind\n|move|p1a: Farigiraf|Thunderbolt|p2b: Pelipper\n|-supereffective|p2b: Pelipper|2\n|-damage|p2b: Pelipper|0 fnt\n|faint|p2b: Pelipper\n|\n|-weather|RainDance|[upkeep]\n|upkeep\n|\n|t:|1776158667\n|switch|p2b: Dragapult|Dragapult, L50, M|100/100\n|turn|2\n|\n|t:|1776158692\n|switch|p1b: Incineroar|Incineroar, L50, M|100/100\n|-ability|p1b: Incineroar|Intimidate|boost\n|-unboost|p2a: Meganium|atk|1\n|-unboost|p2b: Dragapult|atk|1\n|move|p2b: Dragapult|Shadow Ball|p1b: Incineroar\n|-resisted|p1b: Incineroar|1\n|-damage|p1b: Incineroar|88/100\n|move|p2a: Meganium|Weather Ball|p1a: Farigiraf\n|-damage|p1a: Farigiraf|11/100\n|move|p1a: Farigiraf|Trick Room|p1a: Farigiraf\n|-fieldstart|move: Trick Room|[of] p1a: Farigiraf\n|\n|-weather|RainDance|[upkeep]\n|upkeep\n|turn|3\n|l|\u2606lol2439\n|player|p2|\n|j|\u2606lol2439\n|player|p2|lol2439|170|\n|\n|t:|1776158740\n|move|p1b: Incineroar|Parting Shot|p2a: Meganium\n|-unboost|p2a: Meganium|atk|1\n|-unboost|p2a: Meganium|spa|1\n|\n|t:|1776158745\n|switch|p1b: Basculegion|Basculegion, L50, M|100/100|[from] Parting Shot\n|move|p1a: Farigiraf|Dazzling Gleam|p2a: Meganium|[spread] p2a,p2b\n|-supereffective|p2b: Dragapult|1\n|-enditem|p2b: Dragapult|Roseli Berry|[eat]\n|-enditem|p2b: Dragapult|Roseli Berry|[weaken]\n|-damage|p2a: Meganium|84/100\n|-damage|p2b: Dragapult|83/100\n|move|p2a: Meganium|Earth Power|p1b: Basculegion\n|-damage|p1b: Basculegion|80/100\n|move|p2b: Dragapult|Shadow Ball|p1a: Farigiraf\n|-immune|p1a: Farigiraf\n|\n|-weather|RainDance|[upkeep]\n|-heal|p1b: Basculegion|86/100|[from] item: Leftovers\n|upkeep\n|turn|4\n|l|\u2606lol2439\n|player|p2|\n|j|\u2606lol2439\n|player|p2|lol2439|170|\n|\n|t:|1776158800\n|move|p1a: Farigiraf|Dazzling Gleam|p2b: Dragapult|[spread] p2a,p2b\n|-supereffective|p2b: Dragapult|1\n|-damage|p2a: Meganium|66/100\n|-damage|p2b: Dragapult|45/100\n|move|p1b: Basculegion|Wave Crash|p2b: Dragapult\n|-resisted|p2b: Dragapult|1\n|-damage|p2b: Dragapult|0 fnt\n|faint|p2b: Dragapult\n|-damage|p1b: Basculegion|74/100|[from] Recoil\n|move|p2a: Meganium|Solar Beam||[still]\n|-prepare|p2a: Meganium|Solar Beam\n|-activate|p2a: Meganium|ability: Mega Sol\n|-anim|p2a: Meganium|Solar Beam|p1b: Basculegion\n|-supereffective|p1b: Basculegion|1\n|-damage|p1b: Basculegion|0 fnt\n|faint|p1b: Basculegion\n|\n|-weather|RainDance|[upkeep]\n|-sideend|p2: lol2439|move: Tailwind\n|upkeep\n|\n|t:|1776158820\n|switch|p1b: Incineroar|Incineroar, L50, M|88/100\n|switch|p2b: Basculegion|Basculegion, L50, M|100/100\n|-ability|p1b: Incineroar|Intimidate|boost\n|-unboost|p2a: Meganium|atk|1\n|-unboost|p2b: Basculegion|atk|1\n|turn|5\n|\n|t:|1776158837\n|move|p2b: Basculegion|Protect|p2b: Basculegion\n|-singleturn|p2b: Basculegion|Protect\n|move|p1b: Incineroar|Fake Out|p2a: Meganium\n|-damage|p2a: Meganium|53/100\n|move|p1a: Farigiraf|Thunderbolt|p2b: Basculegion\n|-activate|p2b: Basculegion|move: Protect\n|cant|p2a: Meganium|flinch\n|\n|-weather|none\n|upkeep\n|turn|6\n|\n|t:|1776158897\n|switch|p1b: Ditto|Ditto, L50|100/100\n|-transform|p1b: Ditto|p2a: Meganium|[from] ability: Imposter\n|move|p1a: Farigiraf|Thunderbolt|p2b: Basculegion\n|-supereffective|p2b: Basculegion|1\n|-damage|p2b: Basculegion|49/100\n|-status|p2b: Basculegion|par\n|move|p2b: Basculegion|Wave Crash|p1b: Ditto\n|-resisted|p1b: Ditto|1\n|-damage|p1b: Ditto|68/100\n|-damage|p2b: Basculegion|43/100 par|[from] Recoil\n|move|p2a: Meganium|Earth Power|p1b: Ditto\n|-resisted|p1b: Ditto|1\n|-damage|p1b: Ditto|54/100\n|\n|-fieldend|move: Trick Room\n|upkeep\n|turn|7\n|\n|t:|1776158947\n|switch|p1a: Incineroar|Incineroar, L50, M|88/100\n|-ability|p1a: Incineroar|Intimidate|boost\n|-unboost|p2a: Meganium|atk|1\n|-unboost|p2b: Basculegion|atk|1\n|move|p1b: Ditto|Weather Ball|p2a: Meganium\n|-supereffective|p2a: Meganium|1\n|-damage|p2a: Meganium|0 fnt\n|faint|p2a: Meganium\n|move|p2b: Basculegion|Last Respects|p1b: Ditto\n|-damage|p1b: Ditto|0 fnt\n|faint|p1b: Ditto\n|\n|upkeep\n|\n|t:|1776158960\n|switch|p1b: Farigiraf|Farigiraf, L50, M|11/100\n|turn|8\n|\n|t:|1776158968\n|move|p1b: Farigiraf|Thunderbolt|p2b: Basculegion\n|-supereffective|p2b: Basculegion|1\n|-damage|p2b: Basculegion|0 fnt\n|faint|p2b: Basculegion\n|\n|win|BigRoflet\n|raw|BigRoflet's rating: 1072 &rarr; <strong>1098</strong><br />(+26 for winning)\n|raw|lol2439's rating: 1028 &rarr; <strong>1016</strong><br />(-12 for losing)\n",
  "uploadtime": 1776158975,
  "views": 24,
  "formatid": "gen9championsvgc2026regma",
  "rating": 1016,
  "private": 0,
  "password": null
}