{
  "id": "gen9championsvgc2026regma-2589433960",
  "format": "[Gen 9 Champions] VGC 2026 Reg M-A",
  "players": [
    "StronkBocchi",
    "guyq"
  ],
  "log": "|j|\u2606StronkBocchi\n|j|\u2606guyq\n|t:|1776722603\n|gametype|doubles\n|player|p1|StronkBocchi|dawn-gen4pt|1391\n|player|p2|guyq|briar|1389\n|gen|9\n|tier|[Gen 9 Champions] VGC 2026 Reg M-A\n|rated|\n|rule|Species Clause: Limit one of each Pok\u00e9mon\n|rule|Item Clause: Limit 1 of each item\n|clearpoke\n|poke|p1|Charizard, L50, F|\n|poke|p1|Venusaur, L50, F|\n|poke|p1|Milotic, L50, M|\n|poke|p1|Incineroar, L50, F|\n|poke|p1|Sneasler, L50, M|\n|poke|p1|Garchomp, L50, F|\n|poke|p2|Floette-Eternal, L50, F|\n|poke|p2|Maushold, L50|\n|poke|p2|Garchomp, L50, F|\n|poke|p2|Talonflame, L50, F|\n|poke|p2|Basculegion, L50, M|\n|poke|p2|Rotom-Wash, L50|\n|teampreview|4\n|inactive|Battle timer is ON: inactive players will automatically lose when time's up. (requested by StronkBocchi)\n|\n|t:|1776722642\n|teamsize|p1|4\n|teamsize|p2|4\n|start\n|switch|p1a: Charizard|Charizard, L50, F|100/100\n|switch|p1b: Milotic|Milotic, L50, M|100/100\n|switch|p2a: Garchomp|Garchomp, L50, F|100/100\n|switch|p2b: Talonflame|Talonflame, L50, F|100/100\n|turn|1\n|inactive|StronkBocchi has 30 seconds left.\n|inactive|guyq has 30 seconds left.\n|inactive|StronkBocchi has 20 seconds left.\n|\n|t:|1776722677\n|switch|p2b: Rotom|Rotom-Wash, L50|100/100\n|detailschange|p1a: Charizard|Charizard-Mega-Y, L50, F\n|-mega|p1a: Charizard|Charizard|Charizardite Y\n|-weather|SunnyDay|[from] ability: Drought|[of] p1a: Charizard\n|move|p2a: Garchomp|Protect|p2a: Garchomp\n|-singleturn|p2a: Garchomp|Protect\n|move|p1a: Charizard|Heat Wave|p2a: Garchomp|[spread] p2b\n|-activate|p2a: Garchomp|move: Protect\n|-resisted|p2b: Rotom|1\n|-damage|p2b: Rotom|69/100\n|move|p1b: Milotic|Coil|p1b: Milotic\n|-boost|p1b: Milotic|atk|1\n|-boost|p1b: Milotic|def|1\n|-boost|p1b: Milotic|accuracy|1\n|\n|-weather|SunnyDay|[upkeep]\n|upkeep\n|turn|2\n|inactive|StronkBocchi has 30 seconds left.\n|inactive|StronkBocchi has 20 seconds left.\n|\n|t:|1776722714\n|move|p2a: Garchomp|Rock Slide|p1a: Charizard|[spread] p1a,p1b\n|-supereffective|p1a: Charizard|2\n|-damage|p1a: Charizard|0 fnt\n|-damage|p1b: Milotic|89/100\n|faint|p1a: Charizard\n|move|p2b: Rotom|Thunderbolt|p1b: Milotic\n|-supereffective|p1b: Milotic|1\n|-damage|p1b: Milotic|40/100\n|move|p1b: Milotic|Hypnosis|p2a: Garchomp\n|-status|p2a: Garchomp|slp|[from] move: Hypnosis\n|\n|-weather|SunnyDay|[upkeep]\n|-heal|p1b: Milotic|46/100|[from] item: Leftovers\n|upkeep\n|\n|t:|1776722728\n|switch|p1a: Venusaur|Venusaur, L50, F|100/100\n|turn|3\n|inactive|StronkBocchi has 30 seconds left.\n|\n|t:|1776722763\n|move|p2b: Rotom|Protect|p2b: Rotom\n|-singleturn|p2b: Rotom|Protect\n|move|p1a: Venusaur|Solar Beam||[still]\n|-prepare|p1a: Venusaur|Solar Beam\n|-anim|p1a: Venusaur|Solar Beam|p2b: Rotom\n|-activate|p2b: Rotom|move: Protect\n|cant|p2a: Garchomp|slp\n|move|p1b: Milotic|Recover|p1b: Milotic\n|-heal|p1b: Milotic|96/100\n|\n|-weather|SunnyDay|[upkeep]\n|-heal|p1b: Milotic|100/100|[from] item: Leftovers\n|upkeep\n|turn|4\n|\n|t:|1776722786\n|switch|p2b: Talonflame|Talonflame, L50, F|100/100\n|move|p1a: Venusaur|Sludge Bomb|p2b: Talonflame\n|-damage|p2b: Talonflame|33/100\n|-status|p2b: Talonflame|psn\n|cant|p2a: Garchomp|slp\n|move|p1b: Milotic|Coil|p1b: Milotic\n|-boost|p1b: Milotic|atk|1\n|-boost|p1b: Milotic|def|1\n|-boost|p1b: Milotic|accuracy|1\n|\n|-weather|SunnyDay|[upkeep]\n|-damage|p2b: Talonflame|20/100 psn|[from] psn\n|upkeep\n|turn|5\n|inactive|StronkBocchi has 30 seconds left.\n|inactive|guyq has 30 seconds left.\n|\n|t:|1776722814\n|move|p1a: Venusaur|Sludge Bomb|p2b: Talonflame\n|-damage|p2b: Talonflame|0 fnt\n|faint|p2b: Talonflame\n|-curestatus|p2a: Garchomp|slp|[msg]\n|move|p2a: Garchomp|Earthquake|p1b: Milotic|[spread] p1a,p1b\n|-damage|p1a: Venusaur|51/100\n|-damage|p1b: Milotic|78/100\n|move|p1b: Milotic|Hypnosis|p2a: Garchomp\n|-status|p2a: Garchomp|slp|[from] move: Hypnosis\n|\n|-weather|none\n|-heal|p1b: Milotic|84/100|[from] item: Leftovers\n|upkeep\n|\n|t:|1776722831\n|switch|p2b: Rotom|Rotom-Wash, L50|69/100\n|turn|6\n|\n|t:|1776722851\n|move|p2b: Rotom|Protect|p2b: Rotom\n|-singleturn|p2b: Rotom|Protect\n|cant|p2a: Garchomp|slp\n|move|p1a: Venusaur|Giga Drain|p2b: Rotom\n|-activate|p2b: Rotom|move: Protect\n|move|p1b: Milotic|Recover|p1b: Milotic\n|-heal|p1b: Milotic|100/100\n|\n|upkeep\n|turn|7\n|\n|t:|1776722869\n|cant|p2a: Garchomp|slp\n|move|p2b: Rotom|Thunderbolt|p1b: Milotic\n|-supereffective|p1b: Milotic|1\n|-damage|p1b: Milotic|53/100\n|move|p1a: Venusaur|Giga Drain|p2b: Rotom\n|-supereffective|p2b: Rotom|1\n|-damage|p2b: Rotom|0 fnt\n|-heal|p1a: Venusaur|85/100|[from] drain|[of] p2b: Rotom\n|faint|p2b: Rotom\n|move|p1b: Milotic|Muddy Water|p2a: Garchomp\n|-damage|p2a: Garchomp|69/100 slp\n|\n|-heal|p1b: Milotic|59/100|[from] item: Leftovers\n|upkeep\n|\n|t:|1776722881\n|switch|p2b: Floette|Floette-Eternal, L50, F|100/100\n|turn|8\n|\n|t:|1776722906\n|detailschange|p2b: Floette|Floette-Mega, L50, F\n|-mega|p2b: Floette|Floette|Floettite\n|-ability|p2b: Floette|Fairy Aura\n|-curestatus|p2a: Garchomp|slp|[msg]\n|move|p2a: Garchomp|Stomping Tantrum|p1a: Venusaur\n|-damage|p1a: Venusaur|0 fnt\n|faint|p1a: Venusaur\n|move|p2b: Floette|Calm Mind|p2b: Floette\n|-boost|p2b: Floette|spa|1\n|-boost|p2b: Floette|spd|1\n|move|p1b: Milotic|Hypnosis|p2b: Floette\n|-status|p2b: Floette|slp|[from] move: Hypnosis\n|\n|-heal|p1b: Milotic|65/100|[from] item: Leftovers\n|upkeep\n|\n|t:|1776722920\n|switch|p1a: Incineroar|Incineroar, L50, F|100/100\n|-ability|p1a: Incineroar|Intimidate|boost\n|-unboost|p2a: Garchomp|atk|1\n|-unboost|p2b: Floette|atk|1\n|turn|9\n|\n|t:|1776722934\n|move|p2a: Garchomp|Protect|p2a: Garchomp\n|-singleturn|p2a: Garchomp|Protect\n|move|p1a: Incineroar|Fake Out|p2a: Garchomp\n|-activate|p2a: Garchomp|move: Protect\n|cant|p2b: Floette|slp\n|move|p1b: Milotic|Muddy Water|p2b: Floette|[spread] p2b\n|-activate|p2a: Garchomp|move: Protect\n|-damage|p2b: Floette|89/100 slp\n|-unboost|p2b: Floette|accuracy|1\n|\n|-heal|p1b: Milotic|71/100|[from] item: Leftovers\n|upkeep\n|turn|10\n|inactive|StronkBocchi has 30 seconds left.\n|\n|t:|1776722961\n|move|p2a: Garchomp|Stomping Tantrum|p1a: Incineroar\n|-supereffective|p1a: Incineroar|1\n|-damage|p1a: Incineroar|26/100\n|-enditem|p1a: Incineroar|Sitrus Berry|[eat]\n|-heal|p1a: Incineroar|51/100|[from] item: Sitrus Berry\n|-curestatus|p2b: Floette|slp|[msg]\n|move|p2b: Floette|Moonblast|p1b: Milotic\n|-damage|p1b: Milotic|2/100\n|move|p1b: Milotic|Hypnosis|p2a: Garchomp\n|-status|p2a: Garchomp|slp|[from] move: Hypnosis\n|move|p1a: Incineroar|Flare Blitz|p2b: Floette\n|-crit|p2b: Floette\n|-damage|p2b: Floette|2/100\n|-damage|p1a: Incineroar|23/100|[from] Recoil\n|\n|-heal|p1b: Milotic|8/100|[from] item: Leftovers\n|upkeep\n|turn|11\n|inactive|StronkBocchi has 30 seconds left.\n|\n|t:|1776722991\n|cant|p2a: Garchomp|slp\n|move|p2b: Floette|Dazzling Gleam|p1b: Milotic|[spread] p1a,p1b\n|-damage|p1a: Incineroar|0 fnt\n|-damage|p1b: Milotic|0 fnt\n|faint|p1a: Incineroar\n|faint|p1b: Milotic\n|\n|win|guyq\n|raw|StronkBocchi's rating: 1391 &rarr; <strong>1371</strong><br />(-20 for losing)\n|raw|guyq's rating: 1389 &rarr; <strong>1409</strong><br />(+20 for winning)\n|l|\u2606StronkBocchi\n|player|p1|\n",
  "uploadtime": 1776723002,
  "views": 12,
  "formatid": "gen9championsvgc2026regma",
  "rating": 1371,
  "private": 0,
  "password": null
}