{
  "id": "gen9championsvgc2026regma-2584853928",
  "format": "[Gen 9 Champions] VGC 2026 Reg M-A",
  "players": [
    "Runningo",
    "LatinoRaichu"
  ],
  "log": "|j|\u2606Runningo\n|j|\u2606LatinoRaichu\n|t:|1776288854\n|gametype|doubles\n|player|p1|Runningo|169|1154\n|player|p2|LatinoRaichu|adaman|1127\n|gen|9\n|tier|[Gen 9 Champions] VGC 2026 Reg M-A\n|rated|\n|rule|Species Clause: Limit one of each Pok\u00e9mon\n|rule|Item Clause: Limit 1 of each item\n|clearpoke\n|poke|p1|Whimsicott, L50, F|\n|poke|p1|Typhlosion-Hisui, L50, M|\n|poke|p1|Floette-Eternal, L50, F|\n|poke|p1|Tauros-Paldea-Blaze, L50, M|\n|poke|p1|Farigiraf, L50, M|\n|poke|p1|Primarina, L50, F|\n|poke|p2|Glimmora, L50, F|\n|poke|p2|Kommo-o, L50, M|\n|poke|p2|Incineroar, L50, M|\n|poke|p2|Kingambit, L50, M|\n|poke|p2|Vivillon-Garden, L50, M|\n|poke|p2|Froslass, L50, F|\n|teampreview|4\n|inactive|Battle timer is ON: inactive players will automatically lose when time's up. (requested by Runningo)\n|inactive|LatinoRaichu has 60 seconds left.\n|\n|t:|1776288956\n|teamsize|p1|4\n|teamsize|p2|4\n|start\n|switch|p1a: Tauros|Tauros-Paldea-Blaze, L50, M|100/100\n|switch|p1b: Whimsicott|Whimsicott, L50, F|100/100\n|switch|p2a: Glimmora|Glimmora, L50, F|100/100\n|switch|p2b: Vivillon|Vivillon-Garden, L50, M|100/100\n|-ability|p1a: Tauros|Intimidate|boost\n|-unboost|p2a: Glimmora|atk|1\n|-unboost|p2b: Vivillon|atk|1\n|turn|1\n|inactive|LatinoRaichu has 30 seconds left.\n|inactive|LatinoRaichu has 20 seconds left.\n|\n|t:|1776288995\n|detailschange|p2a: Glimmora|Glimmora-Mega, L50, F\n|-mega|p2a: Glimmora|Glimmora|Glimmoranite\n|move|p2b: Vivillon|Protect|p2b: Vivillon\n|-singleturn|p2b: Vivillon|Protect\n|move|p1b: Whimsicott|Tailwind|p1b: Whimsicott\n|-sidestart|p1: Runningo|move: Tailwind\n|move|p1a: Tauros|Rock Slide|p2b: Vivillon|[spread] p2a\n|-activate|p2b: Vivillon|move: Protect\n|-damage|p2a: Glimmora|85/100\n|cant|p2a: Glimmora|flinch\n|\n|upkeep\n|turn|2\n|\n|t:|1776289017\n|switch|p2b: Kingambit|Kingambit, L50, M|100/100\n|move|p1b: Whimsicott|Moonblast|p2b: Kingambit\n|-damage|p2b: Kingambit|65/100\n|move|p1a: Tauros|Flare Blitz|p2b: Kingambit\n|-supereffective|p2b: Kingambit|1\n|-damage|p2b: Kingambit|0 fnt\n|faint|p2b: Kingambit\n|-damage|p1a: Tauros|72/100|[from] Recoil\n|move|p2a: Glimmora|Sludge Wave|p1b: Whimsicott|[spread] p1a,p1b\n|-supereffective|p1b: Whimsicott|2\n|-damage|p1a: Tauros|0 fnt\n|-enditem|p1b: Whimsicott|Focus Sash\n|-damage|p1b: Whimsicott|1/100\n|faint|p1a: Tauros\n|\n|upkeep\n|\n|t:|1776289038\n|switch|p1a: Typhlosion|Typhlosion-Hisui, L50, M|100/100\n|switch|p2b: Vivillon|Vivillon-Garden, L50, M|100/100\n|-item|p2a: Glimmora|Glimmoranite|[from] ability: Frisk|[of] p1a: Typhlosion\n|-item|p2b: Vivillon|Focus Sash|[from] ability: Frisk|[of] p1a: Typhlosion\n|turn|3\n|inactive|Runningo has 30 seconds left.\n|inactive|LatinoRaichu has 30 seconds left.\n|\n|t:|1776289065\n|move|p1b: Whimsicott|Protect|p1b: Whimsicott\n|-singleturn|p1b: Whimsicott|Protect\n|move|p2b: Vivillon|Protect|p2b: Vivillon\n|-singleturn|p2b: Vivillon|Protect\n|move|p1a: Typhlosion|Eruption|p2b: Vivillon|[spread] p2a\n|-activate|p2b: Vivillon|move: Protect\n|-resisted|p2a: Glimmora|1\n|-damage|p2a: Glimmora|57/100\n|move|p2a: Glimmora|Sludge Wave|p1b: Whimsicott|[spread] p1a\n|-activate|p2b: Vivillon|move: Protect\n|-activate|p1b: Whimsicott|move: Protect\n|-resisted|p1a: Typhlosion|1\n|-damage|p1a: Typhlosion|60/100\n|\n|upkeep\n|turn|4\n|\n|t:|1776289087\n|move|p1a: Typhlosion|Eruption|p2a: Glimmora|[spread] p2a,p2b\n|-resisted|p2a: Glimmora|1\n|-supereffective|p2b: Vivillon|1\n|-damage|p2a: Glimmora|40/100\n|-enditem|p2b: Vivillon|Focus Sash\n|-damage|p2b: Vivillon|1/100\n|move|p1b: Whimsicott|Moonblast|p2b: Vivillon\n|-damage|p2b: Vivillon|0 fnt\n|faint|p2b: Vivillon\n|move|p2a: Glimmora|Power Gem|p1a: Typhlosion\n|-supereffective|p1a: Typhlosion|1\n|-damage|p1a: Typhlosion|0 fnt\n|faint|p1a: Typhlosion\n|\n|-sideend|p1: Runningo|move: Tailwind\n|upkeep\n|\n|t:|1776289095\n|switch|p2b: Incineroar|Incineroar, L50, M|100/100\n|switch|p1a: Floette|Floette-Eternal, L50, F|100/100\n|-ability|p2b: Incineroar|Intimidate|boost\n|-unboost|p1a: Floette|atk|1\n|-block|p1b: Whimsicott|ability: Flower Veil|[of] p1a: Floette\n|turn|5\n|\n|t:|1776289112\n|move|p1b: Whimsicott|Protect|p1b: Whimsicott\n|-singleturn|p1b: Whimsicott|Protect\n|move|p1a: Floette|Protect|p1a: Floette\n|-singleturn|p1a: Floette|Protect\n|move|p2b: Incineroar|Fake Out|p1b: Whimsicott\n|-activate|p1b: Whimsicott|move: Protect\n|move|p2a: Glimmora|Sludge Bomb|p1a: Floette\n|-activate|p1a: Floette|move: Protect\n|\n|upkeep\n|turn|6\n|\n|t:|1776289136\n|detailschange|p1a: Floette|Floette-Mega, L50, F\n|-mega|p1a: Floette|Floette|Floettite\n|-ability|p1a: Floette|Fairy Aura\n|move|p2a: Glimmora|Spiky Shield|p2a: Glimmora\n|-singleturn|p2a: Glimmora|move: Protect\n|move|p1b: Whimsicott|Moonblast|p2b: Incineroar\n|-damage|p2b: Incineroar|61/100\n|move|p1a: Floette|Light of Ruin|p2b: Incineroar|[miss]\n|-miss|p1a: Floette|p2b: Incineroar\n|move|p2b: Incineroar|Flare Blitz|p1b: Whimsicott\n|-supereffective|p1b: Whimsicott|1\n|-damage|p1b: Whimsicott|0 fnt\n|faint|p1b: Whimsicott\n|-damage|p2b: Incineroar|61/100|[from] Recoil\n|\n|upkeep\n|turn|7\n|\n|t:|1776289154\n|move|p1a: Floette|Moonblast|p2a: Glimmora\n|-resisted|p2a: Glimmora|1\n|-damage|p2a: Glimmora|0 fnt\n|faint|p2a: Glimmora\n|move|p2b: Incineroar|Flare Blitz|p1a: Floette\n|-damage|p1a: Floette|34/100\n|-damage|p2b: Incineroar|45/100|[from] Recoil\n|-enditem|p2b: Incineroar|Sitrus Berry|[eat]\n|-heal|p2b: Incineroar|69/100|[from] item: Sitrus Berry\n|\n|upkeep\n|turn|8\n|\n|t:|1776289164\n|move|p1a: Floette|Light of Ruin|p2b: Incineroar\n|-damage|p2b: Incineroar|0 fnt\n|faint|p2b: Incineroar\n|-damage|p1a: Floette|0 fnt|[from] Recoil\n|faint|p1a: Floette\n|\n|win|Runningo\n|raw|Runningo's rating: 1154 &rarr; <strong>1177</strong><br />(+23 for winning)\n|raw|LatinoRaichu's rating: 1127 &rarr; <strong>1104</strong><br />(-23 for losing)\n|l|\u2606LatinoRaichu\n|player|p2|\n",
  "uploadtime": 1776289173,
  "views": 24,
  "formatid": "gen9championsvgc2026regma",
  "rating": 1104,
  "private": 0,
  "password": null
}