{
  "id": "gen9championsvgc2026regma-2585777884",
  "format": "[Gen 9 Champions] VGC 2026 Reg M-A",
  "players": [
    "Yosoynolazco",
    "Laur3tta"
  ],
  "log": "|j|\u2606Yosoynolazco\n|j|\u2606Laur3tta\n|t:|1776369941\n|gametype|doubles\n|player|p1|Yosoynolazco|265|1084\n|player|p2|Laur3tta|265|1000\n|gen|9\n|tier|[Gen 9 Champions] VGC 2026 Reg M-A\n|rated|\n|rule|Species Clause: Limit one of each Pok\u00e9mon\n|rule|Item Clause: Limit 1 of each item\n|clearpoke\n|poke|p1|Gengar, L50, F|\n|poke|p1|Sinistcha, L50|\n|poke|p1|Politoed, L50, F|\n|poke|p1|Corviknight, L50, F|\n|poke|p1|Incineroar, L50, F|\n|poke|p1|Palafin, L50, F|\n|poke|p2|Meganium, L50, M|\n|poke|p2|Scizor, L50, M|\n|poke|p2|Sneasler, L50, F|\n|poke|p2|Aerodactyl, L50, F|\n|poke|p2|Basculegion, L50, M|\n|poke|p2|Pelipper, L50, M|\n|teampreview|4\n|inactive|Battle timer is ON: inactive players will automatically lose when time's up. (requested by Yosoynolazco)\n|\n|t:|1776369999\n|teamsize|p1|4\n|teamsize|p2|4\n|start\n|switch|p1a: Palafin|Palafin, L50, F|100/100\n|switch|p1b: Incineroar|Incineroar, L50, F|100/100\n|switch|p2a: Basculegion|Basculegion, L50, M|100/100\n|switch|p2b: Aerodactyl|Aerodactyl, L50, F|100/100\n|-ability|p2b: Aerodactyl|Unnerve\n|-ability|p1b: Incineroar|Intimidate|boost\n|-unboost|p2a: Basculegion|atk|1\n|-unboost|p2b: Aerodactyl|atk|1\n|turn|1\n|inactive|Laur3tta has 30 seconds left.\n|\n|t:|1776370031\n|switch|p2b: Pelipper|Pelipper, L50, M|100/100\n|-weather|RainDance|[from] ability: Drizzle|[of] p2b: Pelipper\n|move|p2a: Basculegion|Wave Crash|p1b: Incineroar\n|-supereffective|p1b: Incineroar|1\n|-damage|p1b: Incineroar|0 fnt\n|faint|p1b: Incineroar\n|-damage|p2a: Basculegion|72/100|[from] Recoil\n|move|p1a: Palafin|Flip Turn|p2b: Pelipper\n|-resisted|p2b: Pelipper|1\n|-damage|p2b: Pelipper|76/100\n|\n|t:|1776370040\n|detailschange|p1a: Palafin|Palafin-Hero, L50, F\n|switch|p1a: Sinistcha|Sinistcha, L50|100/100|[from] Flip Turn\n|\n|-weather|RainDance|[upkeep]\n|upkeep\n|\n|t:|1776370045\n|switch|p1b: Palafin|Palafin-Hero, L50, F|100/100\n|-activate|p1b: Palafin|ability: Zero to Hero\n|turn|2\n|\n|t:|1776370060\n|move|p2a: Basculegion|Protect|p2a: Basculegion\n|-singleturn|p2a: Basculegion|Protect\n|move|p1b: Palafin|Wave Crash|p2a: Basculegion\n|-activate|p2a: Basculegion|move: Protect\n|move|p2b: Pelipper|Tailwind|p2b: Pelipper\n|-sidestart|p2: Laur3tta|move: Tailwind\n|move|p1a: Sinistcha|Matcha Gotcha|p2a: Basculegion|[spread] \n|-activate|p2a: Basculegion|move: Protect\n|-miss|p1a: Sinistcha|p2b: Pelipper\n|\n|-weather|RainDance|[upkeep]\n|upkeep\n|turn|3\n|\n|t:|1776370083\n|switch|p1b: Gengar|Gengar, L50, F|100/100\n|move|p1a: Sinistcha|Rage Powder|p1a: Sinistcha\n|-singleturn|p1a: Sinistcha|move: Rage Powder\n|move|p2a: Basculegion|Last Respects|p1a: Sinistcha\n|-supereffective|p1a: Sinistcha|1\n|-damage|p1a: Sinistcha|77/100\n|move|p2b: Pelipper|Hurricane|p1a: Sinistcha\n|-supereffective|p1a: Sinistcha|1\n|-crit|p1a: Sinistcha\n|-damage|p1a: Sinistcha|0 fnt\n|faint|p1a: Sinistcha\n|\n|-weather|RainDance|[upkeep]\n|upkeep\n|\n|t:|1776370089\n|switch|p1a: Palafin|Palafin-Hero, L50, F|100/100\n|turn|4\n|inactive|Yosoynolazco has 30 seconds left.\n|inactive|Laur3tta has 30 seconds left.\n|\n|t:|1776370119\n|detailschange|p1b: Gengar|Gengar-Mega, L50, F\n|-mega|p1b: Gengar|Gengar|Gengarite\n|move|p2a: Basculegion|Last Respects|p1b: Gengar\n|-supereffective|p1b: Gengar|1\n|-damage|p1b: Gengar|57/100\n|move|p2b: Pelipper|Hurricane|p1b: Gengar\n|-damage|p1b: Gengar|5/100\n|move|p1a: Palafin|Wave Crash|p2a: Basculegion\n|-resisted|p2a: Basculegion|1\n|-damage|p2a: Basculegion|5/100\n|-enditem|p2a: Basculegion|Sitrus Berry|[eat]\n|-heal|p2a: Basculegion|30/100|[from] item: Sitrus Berry\n|-damage|p1a: Palafin|76/100|[from] Recoil\n|move|p1b: Gengar|Disable|p2a: Basculegion\n|-start|p2a: Basculegion|Disable|Last Respects\n|\n|-weather|RainDance|[upkeep]\n|upkeep\n|turn|5\n|\n|t:|1776370145\n|move|p1b: Gengar|Protect|p1b: Gengar\n|-singleturn|p1b: Gengar|Protect\n|move|p2a: Basculegion|Aqua Jet|p1b: Gengar\n|-activate|p1b: Gengar|move: Protect\n|move|p2b: Pelipper|Hurricane|p1a: Palafin\n|-damage|p1a: Palafin|23/100\n|move|p1a: Palafin|Wave Crash|p2a: Basculegion\n|-resisted|p2a: Basculegion|1\n|-damage|p2a: Basculegion|0 fnt\n|faint|p2a: Basculegion\n|-damage|p1a: Palafin|11/100|[from] Recoil\n|\n|-weather|none\n|-sideend|p2: Laur3tta|move: Tailwind\n|upkeep\n|\n|t:|1776370165\n|switch|p2a: Aerodactyl|Aerodactyl, L50, F|100/100\n|-ability|p2a: Aerodactyl|Unnerve\n|turn|6\n|\n|t:|1776370174\n|move|p2a: Aerodactyl|Protect|p2a: Aerodactyl\n|-singleturn|p2a: Aerodactyl|Protect\n|move|p1a: Palafin|Wave Crash|p2a: Aerodactyl\n|-activate|p2a: Aerodactyl|move: Protect\n|move|p1b: Gengar|Shadow Ball|p2a: Aerodactyl\n|-activate|p2a: Aerodactyl|move: Protect\n|move|p2b: Pelipper|Tailwind|p2b: Pelipper\n|-sidestart|p2: Laur3tta|move: Tailwind\n|\n|upkeep\n|turn|7\n|-message|Yosoynolazco forfeited.\n|\n|win|Laur3tta\n|raw|Yosoynolazco's rating: 1084 &rarr; <strong>1056</strong><br />(-28 for losing)\n|raw|Laur3tta's rating: 1000 &rarr; <strong>1049</strong><br />(+49 for winning)\n|l|\u2606Yosoynolazco\n|player|p1|\n",
  "uploadtime": 1776370188,
  "views": 22,
  "formatid": "gen9championsvgc2026regma",
  "rating": 1049,
  "private": 0,
  "password": null
}