{
  "id": "gen9championsvgc2026regma-2581640218",
  "format": "[Gen 9 Champions] VGC 2026 Reg M-A",
  "players": [
    "souojota",
    "chaarlyyyyy"
  ],
  "log": "|j|\u2606souojota\n|j|\u2606chaarlyyyyy\n|t:|1776017201\n|gametype|doubles\n|player|p1|souojota|dragontamer|1307\n|player|p2|chaarlyyyyy|170|1328\n|gen|9\n|tier|[Gen 9 Champions] VGC 2026 Reg M-A\n|rated|\n|rule|Species Clause: Limit one of each Pok\u00e9mon\n|rule|Item Clause: Limit 1 of each item\n|clearpoke\n|poke|p1|Floette-Eternal, L50, F|\n|poke|p1|Incineroar, L50, M|\n|poke|p1|Rotom-Wash, L50|\n|poke|p1|Gliscor, L50, F|\n|poke|p1|Aerodactyl, L50, F|\n|poke|p1|Kommo-o, L50, F|\n|poke|p2|Politoed, L50, M|\n|poke|p2|Gengar, L50, F|\n|poke|p2|Basculegion, L50, M|\n|poke|p2|Incineroar, L50, M|\n|poke|p2|Whimsicott, L50, F|\n|poke|p2|Lucario, L50, M|\n|teampreview|4\n|inactive|Battle timer is ON: inactive players will automatically lose when time's up. (requested by chaarlyyyyy)\n|\n|t:|1776017240\n|teamsize|p1|4\n|teamsize|p2|4\n|start\n|switch|p1a: Rotom|Rotom-Wash, L50|100/100\n|switch|p1b: Incineroar|Incineroar, L50, M|100/100\n|switch|p2a: Gengar|Gengar, L50, F|100/100\n|switch|p2b: Incineroar|Incineroar, L50, M|100/100\n|-ability|p2b: Incineroar|Intimidate|boost\n|-unboost|p1a: Rotom|atk|1\n|-unboost|p1b: Incineroar|atk|1\n|-ability|p1b: Incineroar|Intimidate|boost\n|-unboost|p2a: Gengar|atk|1\n|-unboost|p2b: Incineroar|atk|1\n|turn|1\n|\n|t:|1776017262\n|detailschange|p2a: Gengar|Gengar-Mega, L50, F\n|-mega|p2a: Gengar|Gengar|Gengarite\n|move|p2b: Incineroar|Fake Out|p1a: Rotom\n|-damage|p1a: Rotom|92/100\n|move|p2a: Gengar|Perish Song|p2a: Gengar\n|-start|p1a: Rotom|perish3|[silent]\n|-start|p1b: Incineroar|perish3|[silent]\n|-start|p2a: Gengar|perish3|[silent]\n|-start|p2b: Incineroar|perish3|[silent]\n|-fieldactivate|move: Perish Song\n|cant|p1a: Rotom|flinch\n|move|p1b: Incineroar|Parting Shot|p2b: Incineroar\n|-unboost|p2b: Incineroar|atk|1\n|-unboost|p2b: Incineroar|spa|1\n|\n|t:|1776017271\n|switch|p1b: Kommo-o|Kommo-o, L50, F|100/100|[from] Parting Shot\n|\n|-heal|p1a: Rotom|98/100|[from] item: Leftovers\n|-start|p2a: Gengar|perish3\n|-start|p1a: Rotom|perish3\n|-start|p2b: Incineroar|perish3\n|upkeep\n|turn|2\n|\n|t:|1776017282\n|move|p2a: Gengar|Protect|p2a: Gengar\n|-singleturn|p2a: Gengar|Protect\n|move|p2b: Incineroar|Protect|p2b: Incineroar\n|-singleturn|p2b: Incineroar|Protect\n|move|p1b: Kommo-o|Close Combat|p2b: Incineroar\n|-activate|p2b: Incineroar|move: Protect\n|move|p1a: Rotom|Shadow Ball|p2a: Gengar\n|-activate|p2a: Gengar|move: Protect\n|\n|-heal|p1a: Rotom|100/100|[from] item: Leftovers\n|-start|p2a: Gengar|perish2\n|-start|p1a: Rotom|perish2\n|-start|p2b: Incineroar|perish2\n|upkeep\n|turn|3\n|\n|t:|1776017306\n|move|p2a: Gengar|Disable|p1b: Kommo-o\n|-start|p1b: Kommo-o|Disable|Close Combat\n|cant|p1b: Kommo-o|Disable|Close Combat\n|move|p1a: Rotom|Volt Switch|p2b: Incineroar\n|-damage|p2b: Incineroar|72/100\n|\n|t:|1776017313\n|switch|p1a: Incineroar|Incineroar, L50, M|100/100|[from] Volt Switch\n|-ability|p1a: Incineroar|Intimidate|boost\n|-unboost|p2a: Gengar|atk|1\n|-unboost|p2b: Incineroar|atk|1\n|move|p2b: Incineroar|Parting Shot|p1a: Incineroar\n|-unboost|p1a: Incineroar|atk|1\n|-unboost|p1a: Incineroar|spa|1\n|\n|t:|1776017315\n|switch|p2b: CARLITOS|Politoed, L50, M, shiny|100/100|[from] Parting Shot\n|-weather|RainDance|[from] ability: Drizzle|[of] p2b: CARLITOS\n|\n|-weather|RainDance|[upkeep]\n|-start|p2a: Gengar|perish1\n|upkeep\n|turn|4\n|\n|t:|1776017334\n|switch|p2a: Incineroar|Incineroar, L50, M|72/100\n|-ability|p2a: Incineroar|Intimidate|boost\n|-unboost|p1a: Incineroar|atk|1\n|-unboost|p1b: Kommo-o|atk|1\n|move|p2b: CARLITOS|Protect|p2b: CARLITOS\n|-singleturn|p2b: CARLITOS|Protect\n|move|p1a: Incineroar|Fake Out|p2b: CARLITOS\n|-activate|p2b: CARLITOS|move: Protect\n|move|p1b: Kommo-o|Breaking Swipe|p2a: Incineroar|[spread] p2a\n|-activate|p2b: CARLITOS|move: Protect\n|-damage|p2a: Incineroar|62/100\n|-unboost|p2a: Incineroar|atk|1\n|\n|-weather|RainDance|[upkeep]\n|upkeep\n|turn|5\n|\n|t:|1776017353\n|switch|p1a: Rotom|Rotom-Wash, L50|100/100\n|move|p2a: Incineroar|Fake Out|p1b: Kommo-o\n|-damage|p1b: Kommo-o|95/100\n|cant|p1b: Kommo-o|flinch\n|move|p2b: CARLITOS|Muddy Water|p1a: Rotom|[spread] p1a,p1b\n|-resisted|p1a: Rotom|1\n|-resisted|p1b: Kommo-o|1\n|-damage|p1a: Rotom|72/100\n|-damage|p1b: Kommo-o|71/100\n|\n|-weather|RainDance|[upkeep]\n|-heal|p1a: Rotom|78/100|[from] item: Leftovers\n|upkeep\n|turn|6\n|\n|t:|1776017371\n|switch|p1b: Incineroar|Incineroar, L50, M|100/100\n|-ability|p1b: Incineroar|Intimidate|boost\n|-unboost|p2a: Incineroar|atk|1\n|-unboost|p2b: CARLITOS|atk|1\n|move|p1a: Rotom|Shadow Ball|p2b: CARLITOS\n|-damage|p2b: CARLITOS|75/100\n|move|p2b: CARLITOS|Muddy Water|p1b: Incineroar|[spread] p1a,p1b\n|-resisted|p1a: Rotom|1\n|-supereffective|p1b: Incineroar|1\n|-damage|p1a: Rotom|47/100\n|-damage|p1b: Incineroar|31/100\n|-unboost|p1a: Rotom|accuracy|1\n|move|p2a: Incineroar|Parting Shot|p1a: Rotom\n|-unboost|p1a: Rotom|atk|1\n|-unboost|p1a: Rotom|spa|1\n|\n|t:|1776017381\n|switch|p2a: Gengar|Gengar-Mega, L50, F|100/100|[from] Parting Shot\n|\n|-weather|RainDance|[upkeep]\n|-heal|p1a: Rotom|53/100|[from] item: Leftovers\n|upkeep\n|turn|7\n|\n|t:|1776017387\n|move|p2a: Gengar|Shadow Ball|p1a: Rotom\n|-damage|p1a: Rotom|3/100\n|move|p1a: Rotom|Volt Switch|p2b: CARLITOS\n|-supereffective|p2b: CARLITOS|1\n|-damage|p2b: CARLITOS|25/100\n|\n|t:|1776017394\n|switch|p1a: Kommo-o|Kommo-o, L50, F|71/100|[from] Volt Switch\n|move|p2b: CARLITOS|Weather Ball|p1b: Incineroar\n|-supereffective|p1b: Incineroar|1\n|-damage|p1b: Incineroar|0 fnt\n|faint|p1b: Incineroar\n|\n|-weather|none\n|upkeep\n|\n|t:|1776017400\n|switch|p1b: Rotom|Rotom-Wash, L50|3/100\n|turn|8\n|\n|t:|1776017425\n|switch|p2b: Incineroar|Incineroar, L50, M|62/100\n|-ability|p2b: Incineroar|Intimidate|boost\n|-unboost|p1a: Kommo-o|atk|1\n|-unboost|p1b: Rotom|atk|1\n|move|p2a: Gengar|Protect|p2a: Gengar\n|-singleturn|p2a: Gengar|Protect\n|move|p1a: Kommo-o|Breaking Swipe|p2a: Gengar|[spread] p2b\n|-activate|p2a: Gengar|move: Protect\n|-damage|p2b: Incineroar|50/100\n|-unboost|p2b: Incineroar|atk|1\n|-enditem|p2b: Incineroar|Sitrus Berry|[eat]\n|-heal|p2b: Incineroar|75/100|[from] item: Sitrus Berry\n|move|p1b: Rotom|Shadow Ball|p2a: Gengar\n|-activate|p2a: Gengar|move: Protect\n|\n|-heal|p1b: Rotom|9/100|[from] item: Leftovers\n|upkeep\n|turn|9\n|\n|t:|1776017442\n|move|p2b: Incineroar|Fake Out|p1b: Rotom\n|-damage|p1b: Rotom|1/100\n|move|p2a: Gengar|Shadow Ball|p1a: Kommo-o\n|-damage|p1a: Kommo-o|29/100\n|move|p1a: Kommo-o|Close Combat|p2b: Incineroar\n|-supereffective|p2b: Incineroar|1\n|-damage|p2b: Incineroar|15/100\n|-unboost|p1a: Kommo-o|def|1\n|-unboost|p1a: Kommo-o|spd|1\n|cant|p1b: Rotom|flinch\n|\n|-heal|p1b: Rotom|7/100|[from] item: Leftovers\n|upkeep\n|turn|10\n|\n|t:|1776017453\n|move|p2a: Gengar|Shadow Ball|p1b: Rotom\n|-damage|p1b: Rotom|0 fnt\n|faint|p1b: Rotom\n|move|p1a: Kommo-o|Close Combat|p2b: Incineroar\n|-supereffective|p2b: Incineroar|1\n|-damage|p2b: Incineroar|0 fnt\n|-unboost|p1a: Kommo-o|def|1\n|-unboost|p1a: Kommo-o|spd|1\n|faint|p2b: Incineroar\n|\n|upkeep\n|\n|t:|1776017458\n|switch|p1b: Floette|Floette-Eternal, L50, F|100/100\n|switch|p2b: Basculegion|Basculegion, L50, M|100/100\n|turn|11\n|\n|t:|1776017469\n|detailschange|p1b: Floette|Floette-Mega, L50, F\n|-mega|p1b: Floette|Floette|Floettite\n|-ability|p1b: Floette|Fairy Aura\n|move|p1a: Kommo-o|Protect|p1a: Kommo-o\n|-singleturn|p1a: Kommo-o|Protect\n|move|p2b: Basculegion|Flip Turn|p1b: Floette\n|-damage|p1b: Floette|61/100\n|j| zane121\n|\n|t:|1776017484\n|switch|p2b: CARLITOS|Politoed, L50, M, shiny|25/100|[from] Flip Turn\n|-weather|RainDance|[from] ability: Drizzle|[of] p2b: CARLITOS\n|move|p2a: Gengar|Shadow Ball|p1a: Kommo-o\n|-activate|p1a: Kommo-o|move: Protect\n|move|p1b: Floette|Psychic|p2a: Gengar\n|-supereffective|p2a: Gengar|1\n|-damage|p2a: Gengar|0 fnt\n|faint|p2a: Gengar\n|\n|-weather|RainDance|[upkeep]\n|upkeep\n|\n|t:|1776017488\n|switch|p2a: Basculegion|Basculegion, L50, M|100/100\n|turn|12\n|\n|t:|1776017501\n|move|p2a: Basculegion|Last Respects|p1a: Kommo-o\n|-damage|p1a: Kommo-o|0 fnt\n|faint|p1a: Kommo-o\n|move|p1b: Floette|Dazzling Gleam|p2a: Basculegion|[spread] p2a,p2b\n|-damage|p2a: Basculegion|38/100\n|-damage|p2b: CARLITOS|0 fnt\n|faint|p2b: CARLITOS\n|\n|-weather|RainDance|[upkeep]\n|upkeep\n|turn|13\n|\n|t:|1776017507\n|move|p2a: Basculegion|Last Respects|p1b: Floette\n|-damage|p1b: Floette|0 fnt\n|faint|p1b: Floette\n|\n|win|chaarlyyyyy\n|raw|souojota's rating: 1307 &rarr; <strong>1288</strong><br />(-19 for losing)\n|raw|chaarlyyyyy's rating: 1328 &rarr; <strong>1347</strong><br />(+19 for winning)\n|l|\u2606chaarlyyyyy\n|player|p2|\n|l|\u2606souojota\n|player|p1|\n|l| zane121\n|j| gE1xjZRtuhW2DdT0AK\n",
  "uploadtime": 1776017593,
  "views": 22,
  "formatid": "gen9championsvgc2026regma",
  "rating": 1288,
  "private": 0,
  "password": null
}