{
  "id": "gen9championsvgc2026regma-2588576674",
  "format": "[Gen 9 Champions] VGC 2026 Reg M-A",
  "players": [
    "Someoneofficial",
    "yadazei"
  ],
  "log": "|j|\u2606Someoneofficial\n|j|\u2606yadazei\n|t:|1776646626\n|gametype|doubles\n|player|p1|Someoneofficial|scientist-gen4dp|1320\n|player|p2|yadazei|twins|1268\n|gen|9\n|tier|[Gen 9 Champions] VGC 2026 Reg M-A\n|rated|\n|rule|Species Clause: Limit one of each Pok\u00e9mon\n|rule|Item Clause: Limit 1 of each item\n|clearpoke\n|poke|p1|Manectric, L50, F, shiny|\n|poke|p1|Blastoise, L50, M, shiny|\n|poke|p1|Pelipper, L50, M, shiny|\n|poke|p1|Basculegion, L50, M, shiny|\n|poke|p1|Sinistcha-Masterpiece, L50, shiny|\n|poke|p1|Slowbro-Galar, L50, F, shiny|\n|poke|p2|Charizard, L50, M|\n|poke|p2|Floette-Eternal, L50, F|\n|poke|p2|Aerodactyl, L50, F|\n|poke|p2|Garchomp, L50, M|\n|poke|p2|Sneasler, L50, F|\n|poke|p2|Kingambit, L50, M|\n|teampreview|4\n|inactive|Battle timer is ON: inactive players will automatically lose when time's up. (requested by yadazei)\n|inactive|Someoneofficial has 60 seconds left.\n|\n|t:|1776646658\n|teamsize|p1|4\n|teamsize|p2|4\n|start\n|switch|p1a: Sinistcha|Sinistcha-Masterpiece, L50, shiny|100/100\n|switch|p1b: Manectric|Manectric, L50, F, shiny|100/100\n|switch|p2a: Sneasler|Sneasler, L50, F|100/100\n|switch|p2b: Garchomp|Garchomp, L50, M|100/100\n|turn|1\n|\n|t:|1776646670\n|detailschange|p1b: Manectric|Manectric-Mega, L50, F, shiny\n|-mega|p1b: Manectric|Manectric|Manectite\n|-ability|p1b: Manectric|Intimidate|boost\n|-unboost|p2a: Sneasler|atk|1\n|-unboost|p2b: Garchomp|atk|1\n|-enditem|p2a: Sneasler|White Herb\n|-clearnegativeboost|p2a: Sneasler|[silent]\n|move|p2a: Sneasler|Protect|p2a: Sneasler\n|-singleturn|p2a: Sneasler|Protect\n|move|p1b: Manectric|Protect|p1b: Manectric\n|-singleturn|p1b: Manectric|Protect\n|move|p2b: Garchomp|Earthquake|p1a: Sinistcha|[spread] p1a\n|-activate|p2a: Sneasler|move: Protect\n|-activate|p1b: Manectric|move: Protect\n|-resisted|p1a: Sinistcha|1\n|-damage|p1a: Sinistcha|88/100\n|move|p1a: Sinistcha|Trick Room|p1a: Sinistcha\n|-fieldstart|move: Trick Room|[of] p1a: Sinistcha\n|\n|-heal|p1a: Sinistcha|94/100|[from] item: Leftovers\n|upkeep\n|turn|2\n|\n|t:|1776646691\n|switch|p2a: Charizard|Charizard, L50, M|100/100\n|move|p1a: Sinistcha|Matcha Gotcha|p2b: Garchomp|[spread] \n|-miss|p1a: Sinistcha|p2a: Charizard\n|-miss|p1a: Sinistcha|p2b: Garchomp\n|move|p1b: Manectric|Volt Switch|p2a: Charizard\n|-supereffective|p2a: Charizard|1\n|-damage|p2a: Charizard|6/100\n|\n|t:|1776646704\n|switch|p1b: Pelipper|Pelipper, L50, M, shiny|100/100|[from] Volt Switch\n|-weather|RainDance|[from] ability: Drizzle|[of] p1b: Pelipper\n|move|p2b: Garchomp|Earthquake|p1a: Sinistcha|[spread] p1a\n|-immune|p2a: Charizard\n|-immune|p1b: Pelipper\n|-resisted|p1a: Sinistcha|1\n|-damage|p1a: Sinistcha|81/100\n|\n|-weather|RainDance|[upkeep]\n|-heal|p1a: Sinistcha|87/100|[from] item: Leftovers\n|upkeep\n|turn|3\n|\n|t:|1776646713\n|switch|p2b: Kingambit|Kingambit, L50, M|100/100\n|detailschange|p2a: Charizard|Charizard-Mega-Y, L50, M\n|-mega|p2a: Charizard|Charizard|Charizardite Y\n|-weather|SunnyDay|[from] ability: Drought|[of] p2a: Charizard\n|move|p2a: Charizard|Protect|p2a: Charizard\n|-singleturn|p2a: Charizard|Protect\n|move|p1a: Sinistcha|Matcha Gotcha|p2a: Charizard|[spread] p2b\n|-activate|p2a: Charizard|move: Protect\n|-resisted|p2b: Kingambit|1\n|-damage|p2b: Kingambit|87/100\n|-heal|p1a: Sinistcha|94/100|[from] drain|[of] p2b: Kingambit\n|move|p1b: Pelipper|Weather Ball|p2b: Kingambit\n|-supereffective|p2b: Kingambit|1\n|-damage|p2b: Kingambit|0 fnt\n|faint|p2b: Kingambit\n|\n|-weather|SunnyDay|[upkeep]\n|-heal|p1a: Sinistcha|100/100|[from] item: Leftovers\n|upkeep\n|\n|t:|1776646724\n|switch|p2b: Sneasler|Sneasler, L50, F|100/100\n|turn|4\n|\n|t:|1776646741\n|move|p1b: Pelipper|Wide Guard|p1b: Pelipper\n|-singleturn|p1b: Pelipper|Wide Guard\n|move|p2b: Sneasler|Fake Out|p1b: Pelipper\n|-damage|p1b: Pelipper|82/100\n|move|p1a: Sinistcha|Matcha Gotcha|p2a: Charizard|[spread] p2a,p2b\n|-resisted|p2a: Charizard|2\n|-resisted|p2b: Sneasler|1\n|-damage|p2a: Charizard|0 fnt\n|-damage|p2b: Sneasler|83/100\n|faint|p2a: Charizard\n|\n|-weather|SunnyDay|[upkeep]\n|upkeep\n|\n|t:|1776646751\n|switch|p2a: Garchomp|Garchomp, L50, M|100/100\n|turn|5\n|\n|t:|1776646759\n|move|p1a: Sinistcha|Matcha Gotcha|p2b: Sneasler|[spread] p2a,p2b\n|-resisted|p2b: Sneasler|1\n|-damage|p2a: Garchomp|73/100\n|-damage|p2b: Sneasler|67/100\n|move|p1b: Pelipper|Weather Ball|p2b: Sneasler\n|-damage|p2b: Sneasler|13/100\n|move|p2b: Sneasler|Dire Claw|p1a: Sinistcha\n|-damage|p1a: Sinistcha|59/100\n|move|p2a: Garchomp|Rock Slide|p1b: Pelipper|[spread] p1a,p1b\n|-crit|p1a: Sinistcha\n|-supereffective|p1b: Pelipper|1\n|-damage|p1a: Sinistcha|34/100\n|-damage|p1b: Pelipper|22/100\n|\n|-weather|SunnyDay|[upkeep]\n|-heal|p1a: Sinistcha|40/100|[from] item: Leftovers\n|-fieldend|move: Trick Room\n|upkeep\n|turn|6\n|\n|t:|1776646775\n|move|p1a: Sinistcha|Rage Powder|p1a: Sinistcha\n|-singleturn|p1a: Sinistcha|move: Rage Powder\n|move|p2a: Garchomp|Rock Slide|p1a: Sinistcha|[spread] p1a,p1b\n|-supereffective|p1b: Pelipper|1\n|-damage|p1a: Sinistcha|22/100\n|-damage|p1b: Pelipper|0 fnt\n|faint|p1b: Pelipper\n|move|p2b: Sneasler|Dire Claw|p1a: Sinistcha\n|-damage|p1a: Sinistcha|0 fnt\n|faint|p1a: Sinistcha\n|\n|-weather|SunnyDay|[upkeep]\n|upkeep\n|\n|t:|1776646780\n|switch|p1b: Manectric|Manectric-Mega, L50, F, shiny|100/100\n|switch|p1a: Slowbro|Slowbro-Galar, L50, F, shiny|100/100\n|-ability|p1b: Manectric|Intimidate|boost\n|-unboost|p2a: Garchomp|atk|1\n|-unboost|p2b: Sneasler|atk|1\n|turn|7\n|\n|t:|1776646789\n|move|p1b: Manectric|Protect|p1b: Manectric\n|-singleturn|p1b: Manectric|Protect\n|move|p2b: Sneasler|Protect|p2b: Sneasler\n|-singleturn|p2b: Sneasler|Protect\n|move|p2a: Garchomp|Rock Slide|p1b: Manectric|[spread] p1a\n|-activate|p1b: Manectric|move: Protect\n|-damage|p1a: Slowbro|85/100\n|cant|p1a: Slowbro|flinch\n|\n|-weather|none\n|upkeep\n|turn|8\n|-activate|p1a: Slowbro|ability: Quick Draw\n|\n|t:|1776646804\n|move|p1a: Slowbro|Zen Headbutt|p2a: Garchomp\n|-damage|p2a: Garchomp|32/100\n|-damage|p1a: Slowbro|73/100|[from] ability: Rough Skin|[of] p2a: Garchomp\n|move|p2a: Garchomp|Rock Slide|p1b: Manectric|[spread] p1a,p1b\n|-damage|p1a: Slowbro|58/100\n|-damage|p1b: Manectric|80/100\n|cant|p1b: Manectric|flinch\n|move|p2b: Sneasler|Dire Claw|p1b: Manectric\n|-damage|p1b: Manectric|43/100\n|\n|upkeep\n|turn|9\n|-activate|p1a: Slowbro|ability: Quick Draw\n|\n|t:|1776646822\n|move|p2b: Sneasler|Protect|p2b: Sneasler\n|-singleturn|p2b: Sneasler|Protect\n|move|p1a: Slowbro|Zen Headbutt|p2a: Garchomp\n|-damage|p2a: Garchomp|0 fnt\n|-damage|p1a: Slowbro|46/100|[from] ability: Rough Skin|[of] p2a: Garchomp\n|faint|p2a: Garchomp\n|move|p1b: Manectric|Volt Switch|p2b: Sneasler\n|-activate|p2b: Sneasler|move: Protect\n|\n|upkeep\n|turn|10\n|-activate|p1a: Slowbro|ability: Quick Draw\n|\n|t:|1776646831\n|move|p1a: Slowbro|Zen Headbutt|p2b: Sneasler\n|-supereffective|p2b: Sneasler|2\n|-damage|p2b: Sneasler|0 fnt\n|faint|p2b: Sneasler\n|\n|win|Someoneofficial\n|raw|Someoneofficial's rating: 1320 &rarr; <strong>1337</strong><br />(+17 for winning)\n|raw|yadazei's rating: 1268 &rarr; <strong>1247</strong><br />(-21 for losing)\n",
  "uploadtime": 1776646835,
  "views": 10,
  "formatid": "gen9championsvgc2026regma",
  "rating": 1247,
  "private": 0,
  "password": null
}