{
  "id": "gen9championsvgc2026regma-2585116239",
  "format": "[Gen 9 Champions] VGC 2026 Reg M-A",
  "players": [
    "Poke Unc",
    "iproleonb"
  ],
  "log": "|j|\u2606Poke Unc\n|j|\u2606iproleonb\n|t:|1776313623\n|gametype|doubles\n|player|p1|Poke Unc|palmer|1051\n|player|p2|iproleonb|266|1058\n|gen|9\n|tier|[Gen 9 Champions] VGC 2026 Reg M-A\n|rated|\n|rule|Species Clause: Limit one of each Pok\u00e9mon\n|rule|Item Clause: Limit 1 of each item\n|clearpoke\n|poke|p1|Feraligatr, L50, F|\n|poke|p1|Sneasler, L50, M|\n|poke|p1|Aerodactyl, L50, M|\n|poke|p1|Tyranitar, L50, F|\n|poke|p1|Excadrill, L50, F|\n|poke|p1|Farigiraf, L50, M|\n|poke|p2|Floette-Eternal, L50, F|\n|poke|p2|Rotom-Wash, L50|\n|poke|p2|Sneasler, L50, M|\n|poke|p2|Incineroar, L50, M|\n|poke|p2|Aerodactyl, L50, M|\n|poke|p2|Garchomp, L50, M|\n|teampreview|4\n|\n|t:|1776313683\n|teamsize|p1|4\n|teamsize|p2|4\n|start\n|switch|p1a: Aerodactyl|Aerodactyl, L50, M|100/100\n|switch|p1b: Tyranitar|Tyranitar, L50, F|100/100\n|switch|p2a: Gareca|Incineroar, L50, M|100/100\n|switch|p2b: Garfio|Sneasler, L50, M|100/100\n|-ability|p1a: Aerodactyl|Unnerve\n|-ability|p2b: Garfio|Pressure\n|-weather|Sandstorm|[from] ability: Sand Stream|[of] p1b: Tyranitar\n|-ability|p2a: Gareca|Intimidate|boost\n|-unboost|p1a: Aerodactyl|atk|1\n|-unboost|p1b: Tyranitar|atk|1\n|turn|1\n|\n|t:|1776313708\n|switch|p1b: Farigiraf|Farigiraf, L50, M|100/100\n|move|p2a: Gareca|Fake Out||[still]\n|cant|p1b: Farigiraf|ability: Armor Tail|Fake Out|[of] p2a: Gareca\n|move|p2b: Garfio|Rock Tomb|p1a: Aerodactyl\n|-supereffective|p1a: Aerodactyl|1\n|-damage|p1a: Aerodactyl|39/100\n|-unboost|p1a: Aerodactyl|spe|1\n|move|p1a: Aerodactyl|Tailwind|p1a: Aerodactyl\n|-sidestart|p1: Poke Unc|move: Tailwind\n|\n|-weather|Sandstorm|[upkeep]\n|-damage|p2b: Garfio|94/100|[from] Sandstorm\n|-damage|p1b: Farigiraf|94/100|[from] Sandstorm\n|-damage|p2a: Gareca|95/100|[from] Sandstorm\n|upkeep\n|turn|2\n|\n|t:|1776313744\n|move|p1a: Aerodactyl|Rock Slide|p2b: Garfio|[spread] p2a\n|-miss|p1a: Aerodactyl|p2b: Garfio\n|-supereffective|p2a: Gareca|1\n|-damage|p2a: Gareca|68/100\n|move|p2b: Garfio|Close Combat|p1a: Aerodactyl\n|-damage|p1a: Aerodactyl|0 fnt\n|-unboost|p2b: Garfio|def|1\n|-unboost|p2b: Garfio|spd|1\n|faint|p1a: Aerodactyl\n|-enditem|p2b: Garfio|White Herb\n|-clearnegativeboost|p2b: Garfio|[silent]\n|move|p1b: Farigiraf|Twin Beam|p2b: Garfio\n|-supereffective|p2b: Garfio|2\n|-damage|p2b: Garfio|20/100\n|-supereffective|p2b: Garfio|2\n|-damage|p2b: Garfio|0 fnt\n|faint|p2b: Garfio\n|-hitcount|p2: Garfio|2\n|cant|p2a: Gareca|flinch\n|\n|-weather|Sandstorm|[upkeep]\n|-damage|p1b: Farigiraf|88/100|[from] Sandstorm\n|-damage|p2a: Gareca|62/100|[from] Sandstorm\n|upkeep\n|\n|t:|1776313767\n|switch|p2b: Indhira|Floette-Eternal, L50, F|100/100\n|switch|p1a: Excadrill|Excadrill, L50, F|100/100\n|turn|3\n|\n|t:|1776313801\n|move|p2b: Indhira|Protect|p2b: Indhira\n|-singleturn|p2b: Indhira|Protect\n|move|p1a: Excadrill|Earthquake|p2a: Gareca|[spread] p1b,p2a\n|-activate|p2b: Indhira|move: Protect\n|-supereffective|p2a: Gareca|1\n|-crit|p2a: Gareca\n|-damage|p1b: Farigiraf|43/100\n|-damage|p2a: Gareca|0 fnt\n|-enditem|p1b: Farigiraf|Sitrus Berry|[eat]\n|-heal|p1b: Farigiraf|68/100|[from] item: Sitrus Berry\n|faint|p2a: Gareca\n|move|p1b: Farigiraf|Psychic Terrain|p1b: Farigiraf\n|-fieldstart|move: Psychic Terrain\n|\n|-weather|Sandstorm|[upkeep]\n|-damage|p1b: Farigiraf|62/100|[from] Sandstorm\n|-damage|p2b: Indhira|94/100|[from] Sandstorm\n|upkeep\n|\n|t:|1776313817\n|switch|p2a: Sharkboy|Garchomp, L50, M|100/100\n|turn|4\n|\n|t:|1776313832\n|detailschange|p2b: Indhira|Floette-Mega, L50, F\n|-mega|p2b: Indhira|Floette|Floettite\n|-ability|p2b: Indhira|Fairy Aura\n|move|p1a: Excadrill|Earthquake|p2b: Indhira|[spread] p1b,p2a,p2b\n|-damage|p1b: Farigiraf|16/100\n|-damage|p2a: Sharkboy|44/100\n|-damage|p2b: Indhira|36/100\n|move|p2a: Sharkboy|Stomping Tantrum|p1a: Excadrill\n|-supereffective|p1a: Excadrill|1\n|-damage|p1a: Excadrill|0 fnt\n|faint|p1a: Excadrill\n|move|p1b: Farigiraf|Twin Beam|p2b: Indhira\n|-damage|p2b: Indhira|23/100\n|-damage|p2b: Indhira|9/100\n|-hitcount|p2b: Indhira|2\n|move|p2b: Indhira|Moonblast|p1b: Farigiraf\n|-damage|p1b: Farigiraf|0 fnt\n|faint|p1b: Farigiraf\n|\n|-weather|Sandstorm|[upkeep]\n|-damage|p2b: Indhira|3/100|[from] Sandstorm\n|-sideend|p1: Poke Unc|move: Tailwind\n|upkeep\n|\n|t:|1776313845\n|switch|p1b: Tyranitar|Tyranitar, L50, F|100/100\n|turn|5\n|\n|t:|1776313868\n|move|p1b: Tyranitar|Protect|p1b: Tyranitar\n|-singleturn|p1b: Tyranitar|Protect\n|move|p2a: Sharkboy|Stomping Tantrum|p1b: Tyranitar\n|-activate|p1b: Tyranitar|move: Protect\n|move|p2b: Indhira|Moonblast|p1b: Tyranitar\n|-activate|p1b: Tyranitar|move: Protect\n|\n|-weather|none\n|upkeep\n|turn|6\n|\n|t:|1776313882\n|detailschange|p1b: Tyranitar|Tyranitar-Mega, L50, F\n|-mega|p1b: Tyranitar|Tyranitar|Tyranitarite\n|-weather|Sandstorm|[from] ability: Sand Stream|[of] p1b: Tyranitar\n|move|p1b: Tyranitar|Protect|p1b: Tyranitar\n|-singleturn|p1b: Tyranitar|Protect\n|move|p2a: Sharkboy|Stomping Tantrum|p1b: Tyranitar\n|-activate|p1b: Tyranitar|move: Protect\n|move|p2b: Indhira|Moonblast|p1b: Tyranitar\n|-activate|p1b: Tyranitar|move: Protect\n|\n|-weather|Sandstorm|[upkeep]\n|-damage|p2b: Indhira|0 fnt|[from] Sandstorm\n|faint|p2b: Indhira\n|upkeep\n|turn|7\n|\n|t:|1776313905\n|move|p2a: Sharkboy|Earthquake|p1b: Tyranitar\n|-supereffective|p1b: Tyranitar|1\n|-damage|p1b: Tyranitar|22/100\n|move|p1b: Tyranitar|Knock Off|p2a: Sharkboy\n|-damage|p2a: Sharkboy|0 fnt\n|-damage|p1b: Tyranitar|10/100|[from] ability: Rough Skin|[of] p2a: Sharkboy\n|-enditem|p2a: Sharkboy|Soft Sand|[from] move: Knock Off|[of] p1b: Tyranitar\n|faint|p2a: Sharkboy\n|\n|win|Poke Unc\n|raw|Poke Unc's rating: 1051 &rarr; <strong>1084</strong><br />(+33 for winning)\n|raw|iproleonb's rating: 1058 &rarr; <strong>1039</strong><br />(-19 for losing)\n|l|\u2606iproleonb\n|player|p2|\n",
  "uploadtime": 1776314047,
  "views": 20,
  "formatid": "gen9championsvgc2026regma",
  "rating": 1039,
  "private": 0,
  "password": null
}