{
  "id": "gen9championsvgc2026regma-2583991465",
  "format": "[Gen 9 Champions] VGC 2026 Reg M-A",
  "players": [
    "EXSA",
    "kingofru99"
  ],
  "log": "|j|\u2606EXSA\n|j|\u2606kingofru99\n|t:|1776214791\n|gametype|doubles\n|player|p1|EXSA|1|1231\n|player|p2|kingofru99|169|1149\n|gen|9\n|tier|[Gen 9 Champions] VGC 2026 Reg M-A\n|rated|\n|rule|Species Clause: Limit one of each Pok\u00e9mon\n|rule|Item Clause: Limit 1 of each item\n|clearpoke\n|poke|p1|Charizard, L50, F|\n|poke|p1|Incineroar, L50, M|\n|poke|p1|Maushold-Four, L50|\n|poke|p1|Hawlucha, L50, M|\n|poke|p1|Garchomp, L50, M|\n|poke|p1|Whimsicott, L50, F|\n|poke|p2|Farigiraf, L50, M|\n|poke|p2|Torkoal, L50, F|\n|poke|p2|Conkeldurr, L50, M|\n|poke|p2|Kingambit, L50, F|\n|poke|p2|Ampharos, L50, M|\n|poke|p2|Volcarona, L50, M|\n|teampreview|4\n|inactive|Battle timer is ON: inactive players will automatically lose when time's up. (requested by kingofru99)\n|\n|t:|1776214828\n|teamsize|p1|4\n|teamsize|p2|4\n|start\n|switch|p1a: Charizard|Charizard, L50, F, shiny|100/100\n|switch|p1b: Garchomp|Garchomp, L50, M|100/100\n|switch|p2a: Farigiraf|Farigiraf, L50, M|100/100\n|switch|p2b: Conkeldurr|Conkeldurr, L50, M|100/100\n|turn|1\n|\n|t:|1776214844\n|detailschange|p1a: Charizard|Charizard-Mega-Y, L50, F, shiny\n|-mega|p1a: Charizard|Charizard|Charizardite Y\n|-weather|SunnyDay|[from] ability: Drought|[of] p1a: Charizard\n|move|p1b: Garchomp|Earthquake|p2a: Farigiraf|[spread] p2a,p2b\n|-immune|p1a: Charizard\n|-damage|p2a: Farigiraf|63/100\n|-damage|p2b: Conkeldurr|57/100\n|move|p1a: Charizard|Heat Wave|p2a: Farigiraf|[spread] p2a,p2b\n|-damage|p2a: Farigiraf|5/100\n|-damage|p2b: Conkeldurr|0 fnt\n|-enditem|p2a: Farigiraf|Sitrus Berry|[eat]\n|-heal|p2a: Farigiraf|30/100|[from] item: Sitrus Berry\n|faint|p2b: Conkeldurr\n|move|p2a: Farigiraf|Trick Room|p2a: Farigiraf\n|-fieldstart|move: Trick Room|[of] p2a: Farigiraf\n|\n|-weather|SunnyDay|[upkeep]\n|upkeep\n|\n|t:|1776214865\n|switch|p2b: Torkoal|Torkoal, L50, F|100/100\n|turn|2\n|\n|t:|1776214879\n|move|p2b: Torkoal|Eruption|p1b: Garchomp|[spread] p1a,p1b\n|-resisted|p1a: Charizard|1\n|-resisted|p1b: Garchomp|1\n|-damage|p1a: Charizard|52/100\n|-damage|p1b: Garchomp|56/100\n|move|p2a: Farigiraf|Psychic|p1a: Charizard\n|-crit|p1a: Charizard\n|-damage|p1a: Charizard|1/100\n|move|p1a: Charizard|Heat Wave|p2b: Torkoal|[spread] p2a\n|-miss|p1a: Charizard|p2b: Torkoal\n|-damage|p2a: Farigiraf|0 fnt\n|faint|p2a: Farigiraf\n|move|p1b: Garchomp|Earthquake|p2b: Torkoal|[spread] p2b\n|-immune|p1a: Charizard\n|-supereffective|p2b: Torkoal|1\n|-damage|p2b: Torkoal|35/100\n|\n|-weather|SunnyDay|[upkeep]\n|upkeep\n|\n|t:|1776214883\n|switch|p2a: Ampharos|Ampharos, L50, M|100/100\n|turn|3\n|\n|t:|1776214898\n|detailschange|p2a: Ampharos|Ampharos-Mega, L50, M\n|-mega|p2a: Ampharos|Ampharos|Ampharosite\n|-ability|p2a: Ampharos|Mold Breaker\n|move|p2b: Torkoal|Weather Ball|p1a: Charizard\n|-resisted|p1a: Charizard|1\n|-damage|p1a: Charizard|0 fnt\n|faint|p1a: Charizard\n|move|p2a: Ampharos|Dragon Pulse|p1b: Garchomp\n|-supereffective|p1b: Garchomp|1\n|-damage|p1b: Garchomp|0 fnt\n|faint|p1b: Garchomp\n|\n|-weather|SunnyDay|[upkeep]\n|upkeep\n|\n|t:|1776214905\n|switch|p1b: Incineroar|Incineroar, L50, M|100/100\n|switch|p1a: Whimsicott|Whimsicott, L50, F|100/100\n|-ability|p1b: Incineroar|Intimidate|boost\n|-unboost|p2a: Ampharos|atk|1\n|-unboost|p2b: Torkoal|atk|1\n|turn|4\n|\n|t:|1776214918\n|move|p2b: Torkoal|Protect|p2b: Torkoal\n|-singleturn|p2b: Torkoal|Protect\n|move|p2a: Ampharos|Protect|p2a: Ampharos\n|-singleturn|p2a: Ampharos|Protect\n|move|p1b: Incineroar|Fake Out|p2b: Torkoal\n|-activate|p2b: Torkoal|move: Protect\n|move|p1a: Whimsicott|Encore|p2a: Ampharos\n|-activate|p2a: Ampharos|move: Protect\n|\n|-weather|SunnyDay|[upkeep]\n|upkeep\n|turn|5\n|\n|t:|1776214937\n|move|p1a: Whimsicott|Encore|p2b: Torkoal\n|-start|p2b: Torkoal|Encore\n|move|p2b: Torkoal|Protect||[still]\n|-fail|p2b: Torkoal\n|move|p2a: Ampharos|Power Gem|p1b: Incineroar\n|-supereffective|p1b: Incineroar|1\n|-damage|p1b: Incineroar|42/100\n|-enditem|p1b: Incineroar|Sitrus Berry|[eat]\n|-heal|p1b: Incineroar|66/100|[from] item: Sitrus Berry\n|move|p1b: Incineroar|Flare Blitz|p2a: Ampharos\n|-resisted|p2a: Ampharos|1\n|-damage|p2a: Ampharos|61/100\n|-damage|p1b: Incineroar|54/100|[from] Recoil\n|\n|-weather|none\n|-fieldend|move: Trick Room\n|upkeep\n|turn|6\n|\n|t:|1776214951\n|move|p2b: Torkoal|Protect|p2b: Torkoal\n|-singleturn|p2b: Torkoal|Protect\n|move|p1a: Whimsicott|Moonblast|p2a: Ampharos\n|-supereffective|p2a: Ampharos|1\n|-damage|p2a: Ampharos|0 fnt\n|faint|p2a: Ampharos\n|move|p1b: Incineroar|Throat Chop|p2b: Torkoal\n|-activate|p2b: Torkoal|move: Protect\n|\n|upkeep\n|turn|7\n|-message|kingofru99 forfeited.\n|\n|win|EXSA\n|raw|EXSA's rating: 1231 &rarr; <strong>1250</strong><br />(+19 for winning)\n|raw|kingofru99's rating: 1149 &rarr; <strong>1130</strong><br />(-19 for losing)\n|l|\u2606kingofru99\n|player|p2|\n",
  "uploadtime": 1776214960,
  "views": 15,
  "formatid": "gen9championsvgc2026regma",
  "rating": 1130,
  "private": 0,
  "password": null
}