{
  "id": "gen9championsvgc2026regma-2584955471",
  "format": "[Gen 9 Champions] VGC 2026 Reg M-A",
  "players": [
    "weskees",
    "Arksurit"
  ],
  "log": "|j|\u2606weskees\n|j|\u2606Arksurit\n|t:|1776297889\n|gametype|doubles\n|player|p1|weskees|102|1151\n|player|p2|Arksurit|hiker-gen4|1052\n|gen|9\n|tier|[Gen 9 Champions] VGC 2026 Reg M-A\n|rated|\n|rule|Species Clause: Limit one of each Pok\u00e9mon\n|rule|Item Clause: Limit 1 of each item\n|clearpoke\n|poke|p1|Blastoise, L50, M|\n|poke|p1|Garchomp, L50, F|\n|poke|p1|Kingambit, L50, F|\n|poke|p1|Pelipper, L50, M|\n|poke|p1|Sinistcha, L50|\n|poke|p1|Sneasler, L50, F|\n|poke|p2|Froslass, L50, F|\n|poke|p2|Rotom-Heat, L50|\n|poke|p2|Incineroar, L50, M|\n|poke|p2|Garchomp, L50, M|\n|poke|p2|Empoleon, L50, F|\n|poke|p2|Kingambit, L50, M|\n|teampreview|4\n|inactive|Battle timer is ON: inactive players will automatically lose when time's up. (requested by Arksurit)\n|\n|t:|1776297950\n|teamsize|p1|4\n|teamsize|p2|4\n|start\n|switch|p1a: Kingambit|Kingambit, L50, F|100/100\n|switch|p1b: Sneasler|Sneasler, L50, F|100/100\n|switch|p2a: Froslass|Froslass, L50, F|100/100\n|switch|p2b: Rotom|Rotom-Heat, L50|100/100\n|turn|1\n|inactive|weskees has 30 seconds left.\n|inactive|weskees has 20 seconds left.\n|\n|t:|1776297988\n|switch|p2b: Garchomp|Garchomp, L50, M|100/100\n|move|p2a: Froslass|Protect|p2a: Froslass\n|-singleturn|p2a: Froslass|Protect\n|move|p1b: Sneasler|Fake Out|p2b: Garchomp\n|-damage|p2b: Garchomp|85/100\n|-damage|p1b: Sneasler|88/100|[from] ability: Rough Skin|[of] p2b: Garchomp\n|move|p1a: Kingambit|Kowtow Cleave|p2a: Froslass\n|-activate|p2a: Froslass|move: Protect\n|\n|upkeep\n|turn|2\n|inactive|weskees has 30 seconds left.\n|\n|t:|1776298018\n|detailschange|p2a: Froslass|Froslass-Mega, L50, F\n|-mega|p2a: Froslass|Froslass|Froslassite\n|-weather|Snowscape|[from] ability: Snow Warning|[of] p2a: Froslass\n|move|p1a: Kingambit|Sucker Punch|p2b: Garchomp\n|-damage|p2b: Garchomp|39/100\n|-damage|p1a: Kingambit|88/100|[from] ability: Rough Skin|[of] p2b: Garchomp\n|move|p1b: Sneasler|Close Combat|p2b: Garchomp\n|-damage|p2b: Garchomp|0 fnt\n|-unboost|p1b: Sneasler|def|1\n|-unboost|p1b: Sneasler|spd|1\n|-damage|p1b: Sneasler|76/100|[from] ability: Rough Skin|[of] p2b: Garchomp\n|faint|p2b: Garchomp\n|-enditem|p1b: Sneasler|White Herb\n|-clearnegativeboost|p1b: Sneasler|[silent]\n|move|p2a: Froslass|Aurora Veil|p2a: Froslass\n|-sidestart|p2: Arksurit|move: Aurora Veil\n|\n|-weather|Snowscape|[upkeep]\n|upkeep\n|\n|t:|1776298033\n|switch|p2b: Rotom|Rotom-Heat, L50|100/100\n|turn|3\n|\n|t:|1776298061\n|move|p1a: Kingambit|Sucker Punch|p2a: Froslass\n|-supereffective|p2a: Froslass|1\n|-damage|p2a: Froslass|26/100\n|move|p1b: Sneasler|Dire Claw|p2b: Rotom\n|-damage|p2b: Rotom|62/100\n|move|p2b: Rotom|Volt Switch|p1b: Sneasler\n|-damage|p1b: Sneasler|33/100\n|\n|t:|1776298068\n|switch|p2b: Empoleon|Empoleon, L50, F|100/100|[from] Volt Switch\n|move|p2a: Froslass|Blizzard|p1a: Kingambit|[spread] p1a,p1b\n|-resisted|p1a: Kingambit|1\n|-damage|p1a: Kingambit|63/100\n|-damage|p1b: Sneasler|0 fnt\n|faint|p1b: Sneasler\n|\n|-weather|Snowscape|[upkeep]\n|upkeep\n|\n|t:|1776298081\n|switch|p1b: Pelipper|Pelipper, L50, M|100/100\n|-weather|RainDance|[from] ability: Drizzle|[of] p1b: Pelipper\n|turn|4\n|\n|t:|1776298104\n|move|p2a: Froslass|Protect|p2a: Froslass\n|-singleturn|p2a: Froslass|Protect\n|move|p1a: Kingambit|Sucker Punch||[still]\n|-fail|p1a: Kingambit\n|move|p1b: Pelipper|U-turn|p2b: Empoleon\n|-resisted|p2b: Empoleon|1\n|-damage|p2b: Empoleon|98/100\n|\n|t:|1776298111\n|switch|p1b: Blastoise|Blastoise, L50, M|100/100|[from] U-turn\n|move|p2b: Empoleon|Hydro Cannon|p1a: Kingambit\n|-damage|p1a: Kingambit|0 fnt\n|-mustrecharge|p2b: Empoleon\n|faint|p1a: Kingambit\n|\n|-weather|RainDance|[upkeep]\n|-heal|p2b: Empoleon|100/100|[from] item: Leftovers\n|upkeep\n|\n|t:|1776298122\n|switch|p1a: Pelipper|Pelipper, L50, M|100/100\n|turn|5\n|\n|t:|1776298143\n|detailschange|p1b: Blastoise|Blastoise-Mega, L50, M\n|-mega|p1b: Blastoise|Blastoise|Blastoisinite\n|move|p1a: Pelipper|Hurricane|p2b: Empoleon\n|-resisted|p2b: Empoleon|1\n|-damage|p2b: Empoleon|87/100\n|move|p2a: Froslass|Shadow Ball|p1b: Blastoise\n|-damage|p1b: Blastoise|46/100\n|-unboost|p1b: Blastoise|spd|1\n|move|p1b: Blastoise|Water Spout|p2b: Empoleon|[spread] p2a,p2b\n|-resisted|p2b: Empoleon|1\n|-damage|p2a: Froslass|0 fnt\n|-damage|p2b: Empoleon|73/100\n|faint|p2a: Froslass\n|cant|p2b: Empoleon|recharge\n|\n|-weather|RainDance|[upkeep]\n|-heal|p2b: Empoleon|79/100|[from] item: Leftovers\n|upkeep\n|\n|t:|1776298158\n|switch|p2a: Rotom|Rotom-Heat, L50|62/100\n|turn|6\n|\n|t:|1776298166\n|move|p1b: Blastoise|Protect|p1b: Blastoise\n|-singleturn|p1b: Blastoise|Protect\n|move|p2a: Rotom|Electroweb|p1b: Blastoise|[spread] p1a\n|-activate|p1b: Blastoise|move: Protect\n|-supereffective|p1a: Pelipper|2\n|-damage|p1a: Pelipper|0 fnt\n|faint|p1a: Pelipper\n|move|p2b: Empoleon|Flash Cannon|p1b: Blastoise\n|-activate|p1b: Blastoise|move: Protect\n|\n|-weather|RainDance|[upkeep]\n|-heal|p2b: Empoleon|84/100|[from] item: Leftovers\n|-sideend|p2: Arksurit|move: Aurora Veil\n|upkeep\n|turn|7\n|\n|t:|1776298179\n|move|p2a: Rotom|Electroweb|p1b: Blastoise\n|-supereffective|p1b: Blastoise|1\n|-damage|p1b: Blastoise|0 fnt\n|faint|p1b: Blastoise\n|\n|win|Arksurit\n|raw|weskees's rating: 1151 &rarr; <strong>1119</strong><br />(-32 for losing)\n|raw|Arksurit's rating: 1052 &rarr; <strong>1093</strong><br />(+41 for winning)\n",
  "uploadtime": 1776298184,
  "views": 28,
  "formatid": "gen9championsvgc2026regma",
  "rating": 1093,
  "private": 0,
  "password": null
}