{
  "id": "gen9championsvgc2026regma-2587828999",
  "format": "[Gen 9 Champions] VGC 2026 Reg M-A",
  "players": [
    "hsnoob",
    "Marcio Lira"
  ],
  "log": "|j|\u2606hsnoob\n|j|\u2606Marcio Lira\n|t:|1776568242\n|gametype|doubles\n|player|p1|hsnoob|unknown|1134\n|player|p2|Marcio Lira|bugcatcher-gen4dp|1130\n|gen|9\n|tier|[Gen 9 Champions] VGC 2026 Reg M-A\n|rated|\n|rule|Species Clause: Limit one of each Pok\u00e9mon\n|rule|Item Clause: Limit 1 of each item\n|clearpoke\n|poke|p1|Tyranitar, L50, M|\n|poke|p1|Garchomp, L50, M|\n|poke|p1|Meowstic, L50, M|\n|poke|p1|Gardevoir, L50, F|\n|poke|p1|Torkoal, L50, M|\n|poke|p1|Ceruledge, L50, F, shiny|\n|poke|p2|Primarina, L50, F|\n|poke|p2|Scovillain, L50, M|\n|poke|p2|Pelipper, L50, M|\n|poke|p2|Basculegion, L50, M|\n|poke|p2|Archaludon, L50, M|\n|poke|p2|Incineroar, L50, M|\n|teampreview|4\n|inactive|Battle timer is ON: inactive players will automatically lose when time's up. (requested by hsnoob)\nhsnoob has agreed to open team sheets.\n|inactive|Marcio Lira has 60 seconds left.\n|inactive|Marcio Lira has 30 seconds left.\n|\n|t:|1776568305\n|teamsize|p1|4\n|teamsize|p2|4\n|start\n|switch|p1a: Meowstic|Meowstic, L50, M|100/100\n|switch|p1b: Gardevoir|Gardevoir, L50, F|100/100\n|switch|p2a: Incineroar|Incineroar, L50, M|100/100\n|switch|p2b: Scovillain|Scovillain, L50, M|100/100\n|-ability|p2a: Incineroar|Intimidate|boost\n|-unboost|p1a: Meowstic|atk|1\n|-unboost|p1b: Gardevoir|atk|1\n|turn|1\n|inactive|Marcio Lira has 30 seconds left.\n|inactive|Marcio Lira has 20 seconds left.\n|\n|t:|1776568343\n|detailschange|p2b: Scovillain|Scovillain-Mega, L50, M\n|-mega|p2b: Scovillain|Scovillain|Scovillainite\n|move|p1a: Meowstic|Fake Out|p2a: Incineroar\n|-damage|p2a: Incineroar|96/100\n|cant|p2a: Incineroar|flinch\n|move|p1b: Gardevoir|Moonblast|p2a: Incineroar\n|-damage|p2a: Incineroar|45/100\n|-enditem|p2a: Incineroar|Sitrus Berry|[eat]\n|-heal|p2a: Incineroar|70/100|[from] item: Sitrus Berry\n|move|p2b: Scovillain|Leech Seed|p1b: Gardevoir\n|-start|p1b: Gardevoir|move: Leech Seed\n|\n|-damage|p1b: Gardevoir|88/100|[from] Leech Seed|[of] p2b: Scovillain\n|upkeep\n|turn|2\n|\n|t:|1776568365\n|move|p2b: Scovillain|Rage Powder|p2b: Scovillain\n|-singleturn|p2b: Scovillain|move: Rage Powder\n|move|p1a: Meowstic|Reflect|p1a: Meowstic\n|-sidestart|p1: hsnoob|Reflect\n|move|p1b: Gardevoir|Moonblast|p2b: Scovillain\n|-resisted|p2b: Scovillain|1\n|-damage|p2b: Scovillain|80/100\n|-unboost|p2b: Scovillain|spa|1\n|-status|p1b: Gardevoir|brn|[from] ability: Spicy Spray|[of] p2b: Scovillain\n|move|p2a: Incineroar|Parting Shot|p1b: Gardevoir\n|-unboost|p1b: Gardevoir|atk|1\n|-unboost|p1b: Gardevoir|spa|1\n|\n|t:|1776568376\n|switch|p2a: Pelipper|Pelipper, L50, M|100/100|[from] Parting Shot\n|-weather|RainDance|[from] ability: Drizzle|[of] p2a: Pelipper\n|\n|-weather|RainDance|[upkeep]\n|-damage|p1b: Gardevoir|76/100 brn|[from] Leech Seed|[of] p2b: Scovillain\n|-heal|p2b: Scovillain|90/100|[silent]\n|-damage|p1b: Gardevoir|69/100 brn|[from] brn\n|upkeep\n|turn|3\n|\n|t:|1776568391\n|switch|p1b: Tyranitar|Tyranitar, L50, M|100/100\n|-weather|Sandstorm|[from] ability: Sand Stream|[of] p1b: Tyranitar\n|move|p1a: Meowstic|Light Screen|p1a: Meowstic\n|-sidestart|p1: hsnoob|move: Light Screen\n|move|p2b: Scovillain|Leech Seed|p1a: Meowstic\n|-start|p1a: Meowstic|move: Leech Seed\n|move|p2a: Pelipper|Tailwind|p2a: Pelipper\n|-sidestart|p2: Marcio Lira|move: Tailwind\n|\n|-weather|Sandstorm|[upkeep]\n|-damage|p2b: Scovillain|84/100|[from] Sandstorm\n|-damage|p2a: Pelipper|95/100|[from] Sandstorm\n|-damage|p1a: Meowstic|94/100|[from] Sandstorm\n|-damage|p1a: Meowstic|82/100|[from] Leech Seed|[of] p2b: Scovillain\n|-heal|p2b: Scovillain|97/100|[silent]\n|upkeep\n|turn|4\n|inactive|hsnoob has 30 seconds left.\n|\n|t:|1776568423\n|switch|p2a: Incineroar|Incineroar, L50, M|70/100\n|-ability|p2a: Incineroar|Intimidate|boost\n|-unboost|p1a: Meowstic|atk|1\n|-unboost|p1b: Tyranitar|atk|1\n|switch|p1b: Gardevoir|Gardevoir, L50, F|69/100 brn\n|move|p1a: Meowstic|Thunder Wave|p2b: Scovillain\n|-status|p2b: Scovillain|par\n|cant|p2b: Scovillain|par\n|\n|-weather|Sandstorm|[upkeep]\n|-damage|p2a: Incineroar|64/100|[from] Sandstorm\n|-damage|p1b: Gardevoir|63/100 brn|[from] Sandstorm\n|-damage|p1a: Meowstic|76/100|[from] Sandstorm\n|-damage|p2b: Scovillain|91/100 par|[from] Sandstorm\n|-damage|p1a: Meowstic|64/100|[from] Leech Seed|[of] p2b: Scovillain\n|-heal|p2b: Scovillain|100/100 par|[silent]\n|-damage|p1b: Gardevoir|57/100 brn|[from] brn\n|upkeep\n|turn|5\n|inactive|hsnoob has 30 seconds left.\n|inactive|Marcio Lira has 30 seconds left.\n|inactive|hsnoob has 20 seconds left.\n|inactive|hsnoob has 15 seconds left.\n|\n|t:|1776568464\n|switch|p1a: Tyranitar|Tyranitar, L50, M|100/100\n|move|p2b: Scovillain|Rage Powder|p2b: Scovillain\n|-singleturn|p2b: Scovillain|move: Rage Powder\n|move|p2a: Incineroar|Darkest Lariat|p1a: Tyranitar\n|-resisted|p1a: Tyranitar|1\n|-damage|p1a: Tyranitar|88/100\n|move|p1b: Gardevoir|Moonblast|p2b: Scovillain\n|-resisted|p2b: Scovillain|1\n|-damage|p2b: Scovillain|80/100 par\n|\n|-weather|Sandstorm|[upkeep]\n|-damage|p2a: Incineroar|59/100|[from] Sandstorm\n|-damage|p1b: Gardevoir|51/100 brn|[from] Sandstorm\n|-damage|p2b: Scovillain|74/100 par|[from] Sandstorm\n|-damage|p1b: Gardevoir|45/100 brn|[from] brn\n|upkeep\n|turn|6\n|\n|t:|1776568487\n|cant|p2b: Scovillain|par\n|move|p2a: Incineroar|Parting Shot|p1a: Tyranitar\n|-unboost|p1a: Tyranitar|atk|1\n|-unboost|p1a: Tyranitar|spa|1\n|\n|t:|1776568493\n|switch|p2a: Pelipper|Pelipper, L50, M|95/100|[from] Parting Shot\n|-weather|RainDance|[from] ability: Drizzle|[of] p2a: Pelipper\n|move|p1b: Gardevoir|Moonblast|p2a: Pelipper\n|-damage|p2a: Pelipper|24/100\n|-unboost|p2a: Pelipper|spa|1\n|move|p1a: Tyranitar|Stealth Rock|p2b: Scovillain\n|-sidestart|p2: Marcio Lira|move: Stealth Rock\n|\n|-weather|RainDance|[upkeep]\n|-damage|p1b: Gardevoir|38/100 brn|[from] brn\n|-sideend|p1: hsnoob|Reflect\n|-sideend|p2: Marcio Lira|move: Tailwind\n|upkeep\n|turn|7\n|\n|t:|1776568514\n|detailschange|p1a: Tyranitar|Tyranitar-Mega, L50, M\n|-mega|p1a: Tyranitar|Tyranitar|Tyranitarite\n|-weather|Sandstorm|[from] ability: Sand Stream|[of] p1a: Tyranitar\n|move|p1a: Tyranitar|Protect|p1a: Tyranitar\n|-singleturn|p1a: Tyranitar|Protect\n|move|p2b: Scovillain|Rage Powder|p2b: Scovillain\n|-singleturn|p2b: Scovillain|move: Rage Powder\n|move|p1b: Gardevoir|Moonblast|p2b: Scovillain\n|-resisted|p2b: Scovillain|1\n|-damage|p2b: Scovillain|52/100 par\n|-unboost|p2b: Scovillain|spa|1\n|move|p2a: Pelipper|Weather Ball|p1a: Tyranitar\n|-activate|p1a: Tyranitar|move: Protect\n|\n|-weather|Sandstorm|[upkeep]\n|-damage|p1b: Gardevoir|32/100 brn|[from] Sandstorm\n|-damage|p2a: Pelipper|18/100|[from] Sandstorm\n|-damage|p2b: Scovillain|46/100 par|[from] Sandstorm\n|-damage|p1b: Gardevoir|26/100 brn|[from] brn\n|-sideend|p1: hsnoob|move: Light Screen\n|upkeep\n|turn|8\n|\n|t:|1776568537\n|switch|p1a: Meowstic|Meowstic, L50, M|64/100\n|move|p2a: Pelipper|Protect|p2a: Pelipper\n|-singleturn|p2a: Pelipper|Protect\n|move|p1b: Gardevoir|Moonblast|p2a: Pelipper\n|-activate|p2a: Pelipper|move: Protect\n|cant|p2b: Scovillain|par\n|\n|-weather|Sandstorm|[upkeep]\n|-damage|p1b: Gardevoir|20/100 brn|[from] Sandstorm\n|-damage|p1a: Meowstic|58/100|[from] Sandstorm\n|-damage|p2a: Pelipper|12/100|[from] Sandstorm\n|-damage|p2b: Scovillain|41/100 par|[from] Sandstorm\n|-damage|p1b: Gardevoir|14/100 brn|[from] brn\n|upkeep\n|turn|9\n|inactive|hsnoob has 30 seconds left.\n|\n|t:|1776568563\n|move|p1a: Meowstic|Fake Out|p2b: Scovillain\n|-damage|p2b: Scovillain|35/100 par\n|-status|p1a: Meowstic|brn|[from] ability: Spicy Spray|[of] p2b: Scovillain\n|move|p1b: Gardevoir|Moonblast|p2a: Pelipper\n|-crit|p2a: Pelipper\n|-damage|p2a: Pelipper|0 fnt\n|faint|p2a: Pelipper\n|cant|p2b: Scovillain|flinch\n|\n|-weather|Sandstorm|[upkeep]\n|-damage|p1b: Gardevoir|7/100 brn|[from] Sandstorm\n|-damage|p1a: Meowstic|52/100 brn|[from] Sandstorm\n|-damage|p2b: Scovillain|30/100 par|[from] Sandstorm\n|-damage|p1b: Gardevoir|1/100 brn|[from] brn\n|-damage|p1a: Meowstic|46/100 brn|[from] brn\n|upkeep\n|\n|t:|1776568569\n|switch|p2a: Incineroar|Incineroar, L50, M|59/100\n|-damage|p2a: Incineroar|34/100|[from] Stealth Rock\n|-ability|p2a: Incineroar|Intimidate|boost\n|-unboost|p1a: Meowstic|atk|1\n|-unboost|p1b: Gardevoir|atk|1\n|turn|10\n|\n|t:|1776568589\n|move|p2a: Incineroar|Fake Out|p1b: Gardevoir\n|-damage|p1b: Gardevoir|0 fnt\n|faint|p1b: Gardevoir\n|move|p1a: Meowstic|Reflect|p1a: Meowstic\n|-sidestart|p1: hsnoob|Reflect\n|move|p2b: Scovillain|Leech Seed|p1a: Meowstic\n|-start|p1a: Meowstic|move: Leech Seed\n|\n|-weather|Sandstorm|[upkeep]\n|-damage|p1a: Meowstic|40/100 brn|[from] Sandstorm\n|-damage|p2a: Incineroar|28/100|[from] Sandstorm\n|-damage|p2b: Scovillain|24/100 par|[from] Sandstorm\n|-damage|p1a: Meowstic|28/100 brn|[from] Leech Seed|[of] p2b: Scovillain\n|-heal|p2b: Scovillain|37/100 par|[silent]\n|-damage|p1a: Meowstic|21/100 brn|[from] brn\n|upkeep\n|\n|t:|1776568602\n|switch|p1b: Garchomp|Garchomp, L50, M|100/100\n|turn|11\n|inactive|Marcio Lira has 30 seconds left.\n|inactive|Marcio Lira has 20 seconds left.\n|inactive|Marcio Lira has 15 seconds left.\n|\n|t:|1776568644\n|move|p1b: Garchomp|Protect|p1b: Garchomp\n|-singleturn|p1b: Garchomp|Protect\n|move|p1a: Meowstic|Light Screen|p1a: Meowstic\n|-sidestart|p1: hsnoob|move: Light Screen\n|move|p2a: Incineroar|Parting Shot|p1b: Garchomp\n|-activate|p1b: Garchomp|move: Protect\n|move|p2b: Scovillain|Leech Seed|p1b: Garchomp\n|-activate|p1b: Garchomp|move: Protect\n|\n|-weather|none\n|-damage|p1a: Meowstic|9/100 brn|[from] Leech Seed|[of] p2b: Scovillain\n|-heal|p2b: Scovillain|49/100 par|[silent]\n|-damage|p1a: Meowstic|3/100 brn|[from] brn\n|upkeep\n|turn|12\n|\n|t:|1776568668\n|switch|p1a: Tyranitar|Tyranitar-Mega, L50, M|88/100\n|-weather|Sandstorm|[from] ability: Sand Stream|[of] p1a: Tyranitar\n|move|p1b: Garchomp|Dragon Claw|p2a: Incineroar\n|-damage|p2a: Incineroar|0 fnt\n|faint|p2a: Incineroar\n|move|p2b: Scovillain|Leech Seed|p1b: Garchomp\n|-start|p1b: Garchomp|move: Leech Seed\n|\n|-weather|Sandstorm|[upkeep]\n|-damage|p2b: Scovillain|44/100 par|[from] Sandstorm\n|-damage|p1b: Garchomp|88/100|[from] Leech Seed|[of] p2b: Scovillain\n|-heal|p2b: Scovillain|57/100 par|[silent]\n|upkeep\n|\n|t:|1776568681\n|switch|p2a: Archaludon|Archaludon, L50, M|100/100\n|-damage|p2a: Archaludon|94/100|[from] Stealth Rock\n|turn|13\n|\n|t:|1776568700\n|move|p1a: Tyranitar|Protect|p1a: Tyranitar\n|-singleturn|p1a: Tyranitar|Protect\n|move|p1b: Garchomp|Dragon Claw|p2a: Archaludon\n|-damage|p2a: Archaludon|65/100\n|-ability|p2a: Archaludon|Stamina|boost\n|-boost|p2a: Archaludon|def|1\n|move|p2a: Archaludon|Draco Meteor|p1b: Garchomp\n|-supereffective|p1b: Garchomp|1\n|-damage|p1b: Garchomp|0 fnt\n|-unboost|p2a: Archaludon|spa|2\n|faint|p1b: Garchomp\n|-enditem|p2a: Archaludon|White Herb\n|-clearnegativeboost|p2a: Archaludon|[silent]\n|move|p2b: Scovillain|Leech Seed|p1a: Tyranitar\n|-activate|p1a: Tyranitar|move: Protect\n|\n|-weather|Sandstorm|[upkeep]\n|-damage|p2b: Scovillain|51/100 par|[from] Sandstorm\n|upkeep\n|\n|t:|1776568720\n|switch|p1b: Meowstic|Meowstic, L50, M|3/100 brn\n|turn|14\n|inactive|Marcio Lira has 30 seconds left.\n|\n|t:|1776568748\n|move|p2a: Archaludon|Protect|p2a: Archaludon\n|-singleturn|p2a: Archaludon|Protect\n|move|p1b: Meowstic|Fake Out|p2b: Scovillain\n|-damage|p2b: Scovillain|48/100 par\n|cant|p2b: Scovillain|flinch\n|move|p1a: Tyranitar|Earthquake|p2a: Archaludon|[spread] p1b,p2b\n|-activate|p2a: Archaludon|move: Protect\n|-damage|p1b: Meowstic|0 fnt\n|-damage|p2b: Scovillain|13/100 par\n|-status|p1a: Tyranitar|brn|[from] ability: Spicy Spray|[of] p2b: Scovillain\n|faint|p1b: Meowstic\n|\n|-weather|Sandstorm|[upkeep]\n|-damage|p2b: Scovillain|7/100 par|[from] Sandstorm\n|-damage|p1a: Tyranitar|81/100 brn|[from] brn\n|-sideend|p1: hsnoob|Reflect\n|upkeep\n|turn|15\n|\n|t:|1776568767\n|move|p1a: Tyranitar|Earthquake|p2a: Archaludon|[spread] p2a,p2b\n|-supereffective|p2a: Archaludon|1\n|-damage|p2a: Archaludon|49/100\n|-damage|p2b: Scovillain|0 fnt\n|-ability|p2a: Archaludon|Stamina|boost\n|-boost|p2a: Archaludon|def|1\n|faint|p2b: Scovillain\n|move|p2a: Archaludon|Flash Cannon|p1a: Tyranitar\n|-supereffective|p1a: Tyranitar|1\n|-damage|p1a: Tyranitar|49/100 brn\n|\n|-weather|Sandstorm|[upkeep]\n|-damage|p1a: Tyranitar|43/100 brn|[from] brn\n|-sideend|p1: hsnoob|move: Light Screen\n|upkeep\n|turn|16\n|\n|t:|1776568783\n|move|p1a: Tyranitar|Earthquake|p2a: Archaludon\n|-supereffective|p2a: Archaludon|1\n|-damage|p2a: Archaludon|35/100\n|-ability|p2a: Archaludon|Stamina|boost\n|-boost|p2a: Archaludon|def|1\n|move|p2a: Archaludon|Flash Cannon|p1a: Tyranitar\n|-supereffective|p1a: Tyranitar|1\n|-damage|p1a: Tyranitar|0 fnt\n|faint|p1a: Tyranitar\n|\n|win|Marcio Lira\n|raw|hsnoob's rating: 1134 &rarr; <strong>1109</strong><br />(-25 for losing)\n|raw|Marcio Lira's rating: 1130 &rarr; <strong>1155</strong><br />(+25 for winning)\n",
  "uploadtime": 1776568787,
  "views": 14,
  "formatid": "gen9championsvgc2026regma",
  "rating": 1109,
  "private": 0,
  "password": null
}