{
  "id": "gen9championsvgc2026regma-2589577569",
  "format": "[Gen 9 Champions] VGC 2026 Reg M-A",
  "players": [
    "omegajubs6986",
    "ogrelord20"
  ],
  "log": "|j|\u2606omegajubs6986\n|j|\u2606ogrelord20\n|t:|1776735782\n|gametype|doubles\n|player|p1|omegajubs6986|101|1173\n|player|p2|ogrelord20|wattson|1167\n|gen|9\n|tier|[Gen 9 Champions] VGC 2026 Reg M-A\n|rated|\n|rule|Species Clause: Limit one of each Pok\u00e9mon\n|rule|Item Clause: Limit 1 of each item\n|clearpoke\n|poke|p1|Sneasler, L50, F, shiny|\n|poke|p1|Gardevoir, L50, F, shiny|\n|poke|p1|Sinistcha, L50, shiny|\n|poke|p1|Torkoal, L50, F, shiny|\n|poke|p1|Milotic, L50, F|\n|poke|p1|Kingambit, L50, M, shiny|\n|poke|p2|Scovillain, L50, M, shiny|\n|poke|p2|Corviknight, L50, M|\n|poke|p2|Primarina, L50, F, shiny|\n|poke|p2|Garchomp, L50, M|\n|poke|p2|Sinistcha-Masterpiece, L50|\n|poke|p2|Incineroar, L50, F|\n|teampreview|4\n|inactive|Battle timer is ON: inactive players will automatically lose when time's up. (requested by omegajubs6986)\n|inactive|omegajubs6986 has 60 seconds left.\n|inactive|omegajubs6986 has 30 seconds left.\n|\n|t:|1776735851\n|teamsize|p1|4\n|teamsize|p2|4\n|start\n|switch|p1a: Milotic|Milotic, L50, F|100/100\n|switch|p1b: Sinistcha|Sinistcha, L50, shiny|100/100\n|switch|p2a: Scovillain|Scovillain, L50, M, shiny|100/100\n|switch|p2b: Corviknight|Corviknight, L50, M|100/100\n|turn|1\n|inactive|omegajubs6986 has 30 seconds left.\n|inactive|omegajubs6986 has 20 seconds left.\n|\n|t:|1776735890\n|move|p2b: Corviknight|Iron Defense|p2b: Corviknight\n|-boost|p2b: Corviknight|def|2\n|move|p1a: Milotic|Scald|p2b: Corviknight\n|-damage|p2b: Corviknight|68/100\n|move|p2a: Scovillain|Leech Seed|p1a: Milotic\n|-start|p1a: Milotic|move: Leech Seed\n|move|p1b: Sinistcha|Trick Room|p1b: Sinistcha\n|-fieldstart|move: Trick Room|[of] p1b: Sinistcha\n|\n|-heal|p2b: Corviknight|73/100|[from] item: Leftovers\n|-damage|p1a: Milotic|88/100|[from] Leech Seed|[of] p2a: Scovillain\n|-ability|p2a: Scovillain|Moody|boost\n|-boost|p2a: Scovillain|spd|2\n|-unboost|p2a: Scovillain|spe|1\n|upkeep\n|turn|2\n|inactive|omegajubs6986 has 30 seconds left.\n|inactive|ogrelord20 has 30 seconds left.\n|inactive|omegajubs6986 has 20 seconds left.\n|inactive|ogrelord20 has 20 seconds left.\n|inactive|omegajubs6986 has 15 seconds left.\n|inactive|ogrelord20 has 15 seconds left.\n|inactive|omegajubs6986 has 10 seconds left.\n|\n|t:|1776735937\n|move|p1b: Sinistcha|Rage Powder|p1b: Sinistcha\n|-singleturn|p1b: Sinistcha|move: Rage Powder\n|move|p2a: Scovillain|Giga Drain|p1a: Milotic\n|-supereffective|p1a: Milotic|1\n|-damage|p1a: Milotic|45/100\n|move|p1a: Milotic|Scald|p2b: Corviknight\n|-damage|p2b: Corviknight|42/100\n|move|p2b: Corviknight|Iron Defense|p2b: Corviknight\n|-boost|p2b: Corviknight|def|2\n|\n|-heal|p1a: Milotic|51/100|[from] item: Leftovers\n|-heal|p2b: Corviknight|47/100|[from] item: Leftovers\n|-damage|p1a: Milotic|39/100|[from] Leech Seed|[of] p2a: Scovillain\n|-ability|p2a: Scovillain|Moody|boost\n|-boost|p2a: Scovillain|def|2\n|-unboost|p2a: Scovillain|spa|1\n|upkeep\n|turn|3\n|\n|t:|1776735962\n|move|p2a: Scovillain|Giga Drain|p1a: Milotic\n|-supereffective|p1a: Milotic|1\n|-damage|p1a: Milotic|9/100\n|move|p1b: Sinistcha|Matcha Gotcha|p2b: Corviknight|[spread] p2a,p2b\n|-resisted|p2a: Scovillain|2\n|-resisted|p2b: Corviknight|2\n|-damage|p2a: Scovillain|95/100\n|-damage|p2b: Corviknight|40/100\n|move|p1a: Milotic|Scald|p2b: Corviknight\n|-damage|p2b: Corviknight|5/100\n|move|p2b: Corviknight|Roost|p2b: Corviknight\n|-heal|p2b: Corviknight|55/100\n|-singleturn|p2b: Corviknight|move: Roost\n|\n|-heal|p1a: Milotic|14/100|[from] item: Leftovers\n|-heal|p2b: Corviknight|61/100|[from] item: Leftovers\n|-damage|p1a: Milotic|2/100|[from] Leech Seed|[of] p2a: Scovillain\n|-heal|p2a: Scovillain|100/100|[silent]\n|-ability|p2a: Scovillain|Moody|boost\n|-boost|p2a: Scovillain|spe|2\n|-unboost|p2a: Scovillain|atk|1\n|upkeep\n|turn|4\n|inactive|omegajubs6986 has 30 seconds left.\n|inactive|ogrelord20 has 30 seconds left.\n|inactive|ogrelord20 has 20 seconds left.\n|\n|t:|1776736001\n|move|p1b: Sinistcha|Rage Powder|p1b: Sinistcha\n|-singleturn|p1b: Sinistcha|move: Rage Powder\n|move|p1a: Milotic|Life Dew||[still]|[spread] p1a,p1b\n|-heal|p1a: Milotic|27/100\n|-fail|p1b: Sinistcha|heal\n|move|p2b: Corviknight|Roost|p2b: Corviknight\n|-heal|p2b: Corviknight|100/100\n|-singleturn|p2b: Corviknight|move: Roost\n|move|p2a: Scovillain|Overheat|p1b: Sinistcha\n|-supereffective|p1b: Sinistcha|1\n|-damage|p1b: Sinistcha|33/100\n|-unboost|p2a: Scovillain|spa|2\n|-enditem|p1b: Sinistcha|Sitrus Berry|[eat]\n|-heal|p1b: Sinistcha|58/100|[from] item: Sitrus Berry\n|\n|-heal|p1a: Milotic|33/100|[from] item: Leftovers\n|-damage|p1a: Milotic|21/100|[from] Leech Seed|[of] p2a: Scovillain\n|-ability|p2a: Scovillain|Moody|boost\n|-boost|p2a: Scovillain|def|2\n|-unboost|p2a: Scovillain|spd|1\n|upkeep\n|turn|5\n|inactive|omegajubs6986 has 30 seconds left.\n|inactive|ogrelord20 has 30 seconds left.\n|inactive|omegajubs6986 has 20 seconds left.\n|\n|t:|1776736039\n|switch|p1b: Gardevoir|Gardevoir, L50, F, shiny|100/100\n|-ability|p1b: Gardevoir|Moody|Trace|[from] ability: Trace|[of] p2a: Scovillain\n|move|p1a: Milotic|Ice Beam|p2b: Corviknight\n|-damage|p2b: Corviknight|75/100\n|-status|p2b: Corviknight|frz\n|-curestatus|p2b: Corviknight|frz|[msg]\n|move|p2b: Corviknight|Brave Bird|p1b: Gardevoir\n|-damage|p1b: Gardevoir|38/100\n|-damage|p2b: Corviknight|56/100|[from] Recoil\n|move|p2a: Scovillain|Giga Drain|p1a: Milotic\n|-supereffective|p1a: Milotic|1\n|-damage|p1a: Milotic|4/100\n|\n|-heal|p1a: Milotic|10/100|[from] item: Leftovers\n|-heal|p2b: Corviknight|62/100|[from] item: Leftovers\n|-damage|p1a: Milotic|0 fnt|[from] Leech Seed|[of] p2a: Scovillain\n|faint|p1a: Milotic\n|-fieldend|move: Trick Room\n|-ability|p1b: Gardevoir|Moody|boost\n|-boost|p1b: Gardevoir|spe|2\n|-unboost|p1b: Gardevoir|spa|1\n|-ability|p2a: Scovillain|Moody|boost\n|-boost|p2a: Scovillain|spd|2\n|-unboost|p2a: Scovillain|spe|1\n|upkeep\n|\n|t:|1776736058\n|switch|p1a: Sinistcha|Sinistcha, L50, shiny|58/100\n|-heal|p1b: Gardevoir|63/100|[from] ability: Hospitality|[of] p1a: Sinistcha\n|turn|6\n|inactive|omegajubs6986 has 30 seconds left.\n|inactive|ogrelord20 has 30 seconds left.\n|inactive|omegajubs6986 has 20 seconds left.\n|inactive|ogrelord20 has 20 seconds left.\n|inactive|omegajubs6986 has 15 seconds left.\n|\n|t:|1776736102\n|detailschange|p1b: Gardevoir|Gardevoir-Mega, L50, F, shiny\n|-mega|p1b: Gardevoir|Gardevoir|Gardevoirite\n|detailschange|p2a: Scovillain|Scovillain-Mega, L50, M, shiny\n|-mega|p2a: Scovillain|Scovillain|Scovillainite\n|move|p1b: Gardevoir|Psychic|p2a: Scovillain\n|-damage|p2a: Scovillain|86/100\n|-status|p1b: Gardevoir|brn|[from] ability: Spicy Spray|[of] p2a: Scovillain\n|move|p2b: Corviknight|Roost|p2b: Corviknight\n|-heal|p2b: Corviknight|100/100\n|-singleturn|p2b: Corviknight|move: Roost\n|move|p2a: Scovillain|Leech Seed|p1b: Gardevoir|[miss]\n|-miss|p2a: Scovillain|p1b: Gardevoir\n|move|p1a: Sinistcha|Shadow Ball|p2b: Corviknight\n|-damage|p2b: Corviknight|61/100\n|\n|-heal|p2b: Corviknight|66/100|[from] item: Leftovers\n|-damage|p1b: Gardevoir|57/100 brn|[from] brn\n|upkeep\n|turn|7\n|inactive|omegajubs6986 has 30 seconds left.\n|inactive|omegajubs6986 has 20 seconds left.\n|inactive|omegajubs6986 has 15 seconds left.\n|\n|t:|1776736143\n|switch|p1b: Sneasler|Sneasler, L50, F, shiny|100/100\n|move|p2b: Corviknight|Brave Bird|p1a: Sinistcha\n|-supereffective|p1a: Sinistcha|1\n|-damage|p1a: Sinistcha|0 fnt\n|faint|p1a: Sinistcha\n|-damage|p2b: Corviknight|50/100|[from] Recoil\n|move|p2a: Scovillain|Leech Seed|p1b: Sneasler\n|-start|p1b: Sneasler|move: Leech Seed\n|\n|-heal|p2b: Corviknight|56/100|[from] item: Leftovers\n|-damage|p1b: Sneasler|88/100|[from] Leech Seed|[of] p2a: Scovillain\n|-heal|p2a: Scovillain|97/100|[silent]\n|upkeep\n|\n|t:|1776736148\n|switch|p1a: Gardevoir|Gardevoir-Mega, L50, F, shiny|57/100 brn\n|turn|8\n|inactive|ogrelord20 has 30 seconds left.\n|\n|t:|1776736176\n|move|p1b: Sneasler|Fake Out|p2b: Corviknight\n|-resisted|p2b: Corviknight|1\n|-damage|p2b: Corviknight|54/100\n|move|p1a: Gardevoir|Psychic|p2a: Scovillain\n|-damage|p2a: Scovillain|75/100\n|cant|p2b: Corviknight|flinch\n|move|p2a: Scovillain|Leech Seed|p1a: Gardevoir\n|-start|p1a: Gardevoir|move: Leech Seed\n|\n|-heal|p2b: Corviknight|59/100|[from] item: Leftovers\n|-damage|p1b: Sneasler|76/100|[from] Leech Seed|[of] p2a: Scovillain\n|-heal|p2a: Scovillain|86/100|[silent]\n|-damage|p1a: Gardevoir|45/100 brn|[from] Leech Seed|[of] p2a: Scovillain\n|-heal|p2a: Scovillain|98/100|[silent]\n|-damage|p1a: Gardevoir|39/100 brn|[from] brn\n|upkeep\n|turn|9\n|-message|omegajubs6986 forfeited.\n|\n|win|ogrelord20\n|raw|omegajubs6986's rating: 1173 &rarr; <strong>1148</strong><br />(-25 for losing)\n|raw|ogrelord20's rating: 1167 &rarr; <strong>1192</strong><br />(+25 for winning)\n",
  "uploadtime": 1776736189,
  "views": 0,
  "formatid": "gen9championsvgc2026regma",
  "rating": 1148,
  "private": 0,
  "password": null
}