{
  "id": "gen9championsvgc2026regma-2583850934",
  "format": "[Gen 9 Champions] VGC 2026 Reg M-A",
  "players": [
    "It'sJustKen VGC",
    "Tempest Flute"
  ],
  "log": "|j|\u2606It'sJustKen VGC\n|j|\u2606Tempest Flute\n|t:|1776202642\n|gametype|doubles\n|player|p1|It'sJustKen VGC|2|1401\n|player|p2|Tempest Flute|youngster-gen1rb|1408\n|gen|9\n|tier|[Gen 9 Champions] VGC 2026 Reg M-A\n|rated|\n|rule|Species Clause: Limit one of each Pok\u00e9mon\n|rule|Item Clause: Limit 1 of each item\n|clearpoke\n|poke|p1|Floette-Eternal, L50, F|\n|poke|p1|Espathra, L50, M|\n|poke|p1|Incineroar, L50, F|\n|poke|p1|Sneasler, L50, M|\n|poke|p1|Basculegion, L50, M|\n|poke|p1|Kingambit, L50, M|\n|poke|p2|Glimmora, L50, F|\n|poke|p2|Basculegion, L50, M|\n|poke|p2|Farigiraf, L50, M|\n|poke|p2|Talonflame, L50, M|\n|poke|p2|Garchomp, L50, F|\n|poke|p2|Meowscarada, L50, M|\n|teampreview|4\n|inactive|Battle timer is ON: inactive players will automatically lose when time's up. (requested by Tempest Flute)\n|inactive|It'sJustKen VGC also wants the timer to be on.\n|l|\u2606Tempest Flute\n|inactive|Tempest Flute disconnected and has a minute to reconnect!\n|player|p2|\n|j|\u2606Tempest Flute\n|inactive|Tempest Flute reconnected and has 50 seconds left.\n|player|p2|Tempest Flute|youngster-gen1rb|\n|inactive|Tempest Flute has 30 seconds left.\n|inactive|Tempest Flute has 20 seconds left.\n|\n|t:|1776202714\n|teamsize|p1|4\n|teamsize|p2|4\n|start\n|switch|p1a: Just Dance|Floette-Eternal, L50, F|100/100\n|switch|p1b: Bad Romance|Espathra, L50, M|100/100\n|switch|p2a: Gyro Zapelli|Talonflame, L50, M, shiny|100/100\n|switch|p2b: Garchomp|Garchomp, L50, F|100/100\n|turn|1\n|\n|t:|1776202721\n|detailschange|p1a: Just Dance|Floette-Mega, L50, F\n|-mega|p1a: Just Dance|Floette|Floettite\n|-ability|p1a: Just Dance|Fairy Aura\n|move|p2a: Gyro Zapelli|Tailwind|p2a: Gyro Zapelli\n|-sidestart|p2: Tempest Flute|move: Tailwind\n|move|p2b: Garchomp|Earthquake|p1a: Just Dance|[spread] p1a,p1b\n|-immune|p2a: Gyro Zapelli\n|-damage|p1a: Just Dance|57/100\n|-damage|p1b: Bad Romance|43/100\n|move|p1a: Just Dance|Dazzling Gleam|p2b: Garchomp|[spread] p2a,p2b\n|-resisted|p2a: Gyro Zapelli|1\n|-supereffective|p2b: Garchomp|1\n|-damage|p2a: Gyro Zapelli|70/100\n|-damage|p2b: Garchomp|15/100\n|move|p1b: Bad Romance|Trick Room|p1b: Bad Romance\n|-fieldstart|move: Trick Room|[of] p1b: Bad Romance\n|\n|-ability|p1b: Bad Romance|Speed Boost|boost\n|-boost|p1b: Bad Romance|spe|1\n|upkeep\n|turn|2\n|c|\u2606Tempest Flute|what\n|c|\u2606Tempest Flute|why\n|inactive|It'sJustKen VGC has 30 seconds left.\n|c|\u2606It'sJustKen VGC|Tailwind was somewhat obvious\n|c|\u2606It'sJustKen VGC|it was a read\n|\n|t:|1776202756\n|move|p2b: Garchomp|Protect|p2b: Garchomp\n|-singleturn|p2b: Garchomp|Protect\n|move|p1a: Just Dance|Dazzling Gleam|p2b: Garchomp|[spread] p2a\n|-activate|p2b: Garchomp|move: Protect\n|-resisted|p2a: Gyro Zapelli|1\n|-damage|p2a: Gyro Zapelli|39/100\n|move|p1b: Bad Romance|Lumina Crash|p2a: Gyro Zapelli\n|-damage|p2a: Gyro Zapelli|0 fnt\n|faint|p2a: Gyro Zapelli\n|\n|-ability|p1b: Bad Romance|Speed Boost|boost\n|-boost|p1b: Bad Romance|spe|1\n|upkeep\n|c|\u2606Tempest Flute|no ken you\u2019re just a closed team sheet chimp\n|\n|t:|1776202772\n|switch|p2a: Farigiraf|Farigiraf, L50, M|100/100\n|turn|3\n|inactive|It'sJustKen VGC has 30 seconds left.\n|inactive|It'sJustKen VGC has 20 seconds left.\n|inactive|It'sJustKen VGC has 15 seconds left.\n|inactive|It'sJustKen VGC has 10 seconds left.\n|inactive|It'sJustKen VGC has 5 seconds left.\n|\n|t:|1776202827\n|switch|p2b: Glimmora|Glimmora, L50, F|100/100\n|move|p1b: Bad Romance|Helping Hand|p1a: Just Dance\n|-singleturn|p1a: Just Dance|Helping Hand|[of] p1b: Bad Romance\n|move|p1a: Just Dance|Dazzling Gleam|p2b: Glimmora|[spread] p2a,p2b\n|-resisted|p2b: Glimmora|1\n|-damage|p2a: Farigiraf|40/100\n|-damage|p2b: Glimmora|59/100\n|-enditem|p2a: Farigiraf|Sitrus Berry|[eat]\n|-heal|p2a: Farigiraf|65/100|[from] item: Sitrus Berry\n|move|p2a: Farigiraf|Trick Room|p2a: Farigiraf\n|-fieldend|move: Trick Room\n|\n|-ability|p1b: Bad Romance|Speed Boost|boost\n|-boost|p1b: Bad Romance|spe|1\n|upkeep\n|turn|4\n|\n|t:|1776202850\n|move|p2b: Glimmora|Spiky Shield|p2b: Glimmora\n|-singleturn|p2b: Glimmora|move: Protect\n|move|p1b: Bad Romance|Lumina Crash|p2b: Glimmora\n|-activate|p2b: Glimmora|move: Protect\n|move|p1a: Just Dance|Moonblast|p2a: Farigiraf\n|-damage|p2a: Farigiraf|0 fnt\n|faint|p2a: Farigiraf\n|\n|-sideend|p2: Tempest Flute|move: Tailwind\n|-ability|p1b: Bad Romance|Speed Boost|boost\n|-boost|p1b: Bad Romance|spe|1\n|upkeep\n|\n|t:|1776202855\n|switch|p2a: Garchomp|Garchomp, L50, F|15/100\n|turn|5\n|-message|Tempest Flute forfeited.\n|\n|win|It'sJustKen VGC\n|raw|It&apos;sJustKen VGC's rating: 1401 &rarr; <strong>1421</strong><br />(+20 for winning)\n|raw|Tempest Flute's rating: 1408 &rarr; <strong>1388</strong><br />(-20 for losing)\n|l|\u2606Tempest Flute\n|player|p2|\n|j| Carrielis\n|j| THGMonkeMan\n|j| LamestAmos\n|j| felipesol2\n|l| felipesol2\n|l| LamestAmos\n|j| Lacksatives\n",
  "uploadtime": 1776202883,
  "views": 44,
  "formatid": "gen9championsvgc2026regma",
  "rating": 1388,
  "private": 0,
  "password": null
}