{
  "id": "gen9championsvgc2026regma-2585231882",
  "format": "[Gen 9 Champions] VGC 2026 Reg M-A",
  "players": [
    "hikasan",
    "TheWonderfulGirl"
  ],
  "log": "|j|\u2606hikasan\n|j|\u2606TheWonderfulGirl\n|t:|1776327890\n|gametype|doubles\n|player|p1|hikasan|lyra|1089\n|player|p2|TheWonderfulGirl|pokekid|1100\n|gen|9\n|tier|[Gen 9 Champions] VGC 2026 Reg M-A\n|rated|\n|rule|Species Clause: Limit one of each Pok\u00e9mon\n|rule|Item Clause: Limit 1 of each item\n|clearpoke\n|poke|p1|Froslass, L50, F|\n|poke|p1|Garchomp, L50, F|\n|poke|p1|Rotom-Frost, L50|\n|poke|p1|Empoleon, L50, F|\n|poke|p1|Incineroar, L50, F|\n|poke|p1|Kingambit, L50, F|\n|poke|p2|Froslass, L50, F|\n|poke|p2|Garchomp, L50, F|\n|poke|p2|Rotom-Frost, L50|\n|poke|p2|Empoleon, L50, M|\n|poke|p2|Incineroar, L50, F|\n|poke|p2|Kingambit, L50, F|\n|teampreview|4\n|inactive|Battle timer is ON: inactive players will automatically lose when time's up. (requested by TheWonderfulGirl)\n|inactive|hikasan has 60 seconds left.\n|inactive|TheWonderfulGirl has 60 seconds left.\n|\n|t:|1776327941\n|teamsize|p1|4\n|teamsize|p2|4\n|start\n|switch|p1a: Kingambit|Kingambit, L50, F|100/100\n|switch|p1b: Incineroar|Incineroar, L50, F|100/100\n|switch|p2a: Froslass|Froslass, L50, F|100/100\n|switch|p2b: Rotom|Rotom-Frost, L50|100/100\n|-ability|p1b: Incineroar|Intimidate|boost\n|-unboost|p2a: Froslass|atk|1\n|-unboost|p2b: Rotom|atk|1\n|turn|1\n|inactive|hikasan has 30 seconds left.\n|inactive|TheWonderfulGirl has 30 seconds left.\n|inactive|TheWonderfulGirl has 20 seconds left.\n|inactive|TheWonderfulGirl has 15 seconds left.\n|inactive|TheWonderfulGirl has 10 seconds left.\n|\n|t:|1776327990\n|switch|p2a: Garchomp|Garchomp, L50, F|100/100\n|move|p1b: Incineroar|Fake Out|p2b: Rotom\n|-crit|p2b: Rotom\n|-damage|p2b: Rotom|71/100\n|cant|p2b: Rotom|flinch\n|move|p1a: Kingambit|Iron Head|p2a: Garchomp\n|-damage|p2a: Garchomp|58/100\n|-damage|p1a: Kingambit|88/100|[from] ability: Rough Skin|[of] p2a: Garchomp\n|\n|upkeep\n|turn|2\n|inactive|TheWonderfulGirl has 30 seconds left.\n|\n|t:|1776328022\n|move|p1a: Kingambit|Protect|p1a: Kingambit\n|-singleturn|p1a: Kingambit|Protect\n|move|p2b: Rotom|Blizzard|p1a: Kingambit|[spread] p1b\n|-activate|p1a: Kingambit|move: Protect\n|-resisted|p1b: Incineroar|1\n|-damage|p1b: Incineroar|85/100\n|move|p2a: Garchomp|Earthquake|p1b: Incineroar|[spread] p1b\n|-activate|p1a: Kingambit|move: Protect\n|-immune|p2b: Rotom|[from] ability: Levitate\n|-supereffective|p1b: Incineroar|1\n|-damage|p1b: Incineroar|15/100\n|-enditem|p1b: Incineroar|Sitrus Berry|[eat]\n|-heal|p1b: Incineroar|40/100|[from] item: Sitrus Berry\n|move|p1b: Incineroar|Parting Shot|p2a: Garchomp\n|-unboost|p2a: Garchomp|atk|1\n|-unboost|p2a: Garchomp|spa|1\n|\n|t:|1776328039\n|switch|p1b: Froslass|Froslass, L50, F|100/100|[from] Parting Shot\n|-enditem|p2a: Garchomp|White Herb\n|-clearnegativeboost|p2a: Garchomp|[silent]\n|\n|upkeep\n|turn|3\n|\n|t:|1776328060\n|switch|p2a: Froslass|Froslass, L50, F|100/100\n|detailschange|p1b: Froslass|Froslass-Mega, L50, F\n|-mega|p1b: Froslass|Froslass|Froslassite\n|-weather|Snowscape|[from] ability: Snow Warning|[of] p1b: Froslass\n|move|p1a: Kingambit|Sucker Punch|p2b: Rotom\n|-damage|p2b: Rotom|35/100\n|move|p2b: Rotom|Blizzard|p1a: Kingambit|[spread] p1a,p1b\n|-resisted|p1a: Kingambit|1\n|-resisted|p1b: Froslass|1\n|-damage|p1a: Kingambit|68/100\n|-damage|p1b: Froslass|79/100\n|move|p1b: Froslass|Blizzard|p2b: Rotom|[spread] p2a,p2b\n|-resisted|p2a: Froslass|1\n|-resisted|p2b: Rotom|1\n|-damage|p2a: Froslass|64/100\n|-damage|p2b: Rotom|4/100\n|\n|-weather|Snowscape|[upkeep]\n|upkeep\n|turn|4\n|inactive|hikasan has 30 seconds left.\n|inactive|TheWonderfulGirl has 30 seconds left.\n|inactive|hikasan has 20 seconds left.\n|inactive|hikasan has 15 seconds left.\n|\n|t:|1776328103\n|detailschange|p2a: Froslass|Froslass-Mega, L50, F\n|-mega|p2a: Froslass|Froslass|Froslassite\n|move|p1a: Kingambit|Protect|p1a: Kingambit\n|-singleturn|p1a: Kingambit|Protect\n|move|p2b: Rotom|Blizzard|p1b: Froslass|[spread] p1b\n|-activate|p1a: Kingambit|move: Protect\n|-resisted|p1b: Froslass|1\n|-damage|p1b: Froslass|58/100\n|move|p2a: Froslass|Aurora Veil|p2a: Froslass\n|-sidestart|p2: TheWonderfulGirl|move: Aurora Veil\n|move|p1b: Froslass|Blizzard|p2a: Froslass|[spread] p2a,p2b\n|-resisted|p2a: Froslass|1\n|-resisted|p2b: Rotom|1\n|-damage|p2a: Froslass|42/100\n|-damage|p2b: Rotom|0 fnt\n|faint|p2b: Rotom\n|\n|-weather|Snowscape|[upkeep]\n|upkeep\n|inactive|TheWonderfulGirl has 30 seconds left.\n|\n|t:|1776328128\n|switch|p2b: Incineroar|Incineroar, L50, F|100/100\n|-ability|p2b: Incineroar|Intimidate|boost\n|-unboost|p1a: Kingambit|atk|1\n|-ability|p1a: Kingambit|Defiant|boost\n|-boost|p1a: Kingambit|atk|2\n|-unboost|p1b: Froslass|atk|1\n|turn|5\n|inactive|hikasan has 30 seconds left.\n|\n|t:|1776328154\n|move|p2a: Froslass|Protect|p2a: Froslass\n|-singleturn|p2a: Froslass|Protect\n|move|p1a: Kingambit|Protect||[still]\n|-fail|p1a: Kingambit\n|move|p1b: Froslass|Shadow Ball|p2a: Froslass\n|-activate|p2a: Froslass|move: Protect\n|move|p2b: Incineroar|Flare Blitz|p1a: Kingambit\n|-supereffective|p1a: Kingambit|1\n|-damage|p1a: Kingambit|0 fnt\n|faint|p1a: Kingambit\n|-damage|p2b: Incineroar|81/100|[from] Recoil\n|\n|-weather|Snowscape|[upkeep]\n|upkeep\n|\n|t:|1776328169\n|switch|p1a: Incineroar|Incineroar, L50, F|40/100\n|-ability|p1a: Incineroar|Intimidate|boost\n|-unboost|p2a: Froslass|atk|1\n|-unboost|p2b: Incineroar|atk|1\n|turn|6\n|inactive|TheWonderfulGirl has 30 seconds left.\n|\n|t:|1776328201\n|switch|p2a: Garchomp|Garchomp, L50, F|58/100\n|move|p1a: Incineroar|Fake Out|p2b: Incineroar\n|-damage|p2b: Incineroar|72/100\n|move|p1b: Froslass|Shadow Ball|p2a: Garchomp\n|-damage|p2a: Garchomp|23/100\n|cant|p2b: Incineroar|flinch\n|\n|-weather|Snowscape|[upkeep]\n|upkeep\n|turn|7\n|\n|t:|1776328225\n|switch|p2a: Froslass|Froslass-Mega, L50, F|42/100\n|move|p1b: Froslass|Blizzard|p2b: Incineroar|[spread] p2a,p2b\n|-resisted|p2a: Froslass|1\n|-resisted|p2b: Incineroar|1\n|-crit|p2b: Incineroar\n|-damage|p2a: Froslass|22/100\n|-damage|p2b: Incineroar|37/100\n|-enditem|p2b: Incineroar|Sitrus Berry|[eat]\n|-heal|p2b: Incineroar|61/100|[from] item: Sitrus Berry\n|move|p2b: Incineroar|Flare Blitz|p1b: Froslass\n|-supereffective|p1b: Froslass|1\n|-damage|p1b: Froslass|0 fnt\n|faint|p1b: Froslass\n|-damage|p2b: Incineroar|48/100|[from] Recoil\n|move|p1a: Incineroar|Parting Shot|p2a: Froslass\n|-unboost|p2a: Froslass|atk|1\n|-unboost|p2a: Froslass|spa|1\n|\n|t:|1776328241\n|switch|p1a: Empoleon|Empoleon, L50, F|100/100|[from] Parting Shot\n|\n|-weather|none\n|upkeep\n|\n|t:|1776328245\n|switch|p1b: Incineroar|Incineroar, L50, F|40/100\n|-ability|p1b: Incineroar|Intimidate|boost\n|-unboost|p2a: Froslass|atk|1\n|-unboost|p2b: Incineroar|atk|1\n|turn|8\n|inactive|TheWonderfulGirl has 30 seconds left.\n|\n|t:|1776328271\n|move|p1b: Incineroar|Fake Out|p2b: Incineroar\n|-damage|p2b: Incineroar|39/100\n|move|p2a: Froslass|Shadow Ball|p1a: Empoleon\n|-damage|p1a: Empoleon|72/100\n|-unboost|p1a: Empoleon|spd|1\n|-ability|p1a: Empoleon|Competitive|boost\n|-boost|p1a: Empoleon|spa|2\n|move|p1a: Empoleon|Flash Cannon|p2a: Froslass\n|-supereffective|p2a: Froslass|1\n|-damage|p2a: Froslass|0 fnt\n|faint|p2a: Froslass\n|cant|p2b: Incineroar|flinch\n|\n|-heal|p1a: Empoleon|77/100|[from] item: Leftovers\n|-sideend|p2: TheWonderfulGirl|move: Aurora Veil\n|upkeep\n|\n|t:|1776328287\n|switch|p2a: Garchomp|Garchomp, L50, F|23/100\n|turn|9\n|\n|t:|1776328305\n|move|p2a: Garchomp|Protect|p2a: Garchomp\n|-singleturn|p2a: Garchomp|Protect\n|move|p1a: Empoleon|Flash Cannon|p2a: Garchomp\n|-activate|p2a: Garchomp|move: Protect\n|move|p1b: Incineroar|Darkest Lariat|p2b: Incineroar\n|-resisted|p2b: Incineroar|1\n|-damage|p2b: Incineroar|16/100\n|move|p2b: Incineroar|Flare Blitz|p1a: Empoleon\n|-damage|p1a: Empoleon|44/100\n|-damage|p2b: Incineroar|6/100|[from] Recoil\n|\n|-heal|p1a: Empoleon|50/100|[from] item: Leftovers\n|upkeep\n|turn|10\n|\n|t:|1776328329\n|move|p1a: Empoleon|Protect|p1a: Empoleon\n|-singleturn|p1a: Empoleon|Protect\n|move|p2a: Garchomp|Earthquake|p1b: Incineroar|[spread] p2b,p1b\n|-activate|p1a: Empoleon|move: Protect\n|-supereffective|p2b: Incineroar|1\n|-supereffective|p1b: Incineroar|1\n|-damage|p2b: Incineroar|0 fnt\n|-damage|p1b: Incineroar|0 fnt\n|faint|p2b: Incineroar\n|faint|p1b: Incineroar\n|\n|-heal|p1a: Empoleon|56/100|[from] item: Leftovers\n|upkeep\n|turn|11\n|\n|t:|1776328343\n|move|p2a: Garchomp|Earthquake|p1a: Empoleon\n|-supereffective|p1a: Empoleon|1\n|-damage|p1a: Empoleon|0 fnt\n|faint|p1a: Empoleon\n|\n|win|TheWonderfulGirl\n|raw|hikasan's rating: 1089 &rarr; <strong>1066</strong><br />(-23 for losing)\n|raw|TheWonderfulGirl's rating: 1100 &rarr; <strong>1124</strong><br />(+24 for winning)\n",
  "uploadtime": 1776328346,
  "views": 17,
  "formatid": "gen9championsvgc2026regma",
  "rating": 1066,
  "private": 0,
  "password": null
}