{
  "id": "gen9championsvgc2026regma-2587860132",
  "format": "[Gen 9 Champions] VGC 2026 Reg M-A",
  "players": [
    "Vylerean",
    "FortuneMC"
  ],
  "log": "|j|\u2606Vylerean\n|j|\u2606FortuneMC\n|t:|1776571595\n|gametype|doubles\n|player|p1|Vylerean|acetrainersnow|1318\n|player|p2|FortuneMC|veteran|1356\n|gen|9\n|tier|[Gen 9 Champions] VGC 2026 Reg M-A\n|rated|\n|rule|Species Clause: Limit one of each Pok\u00e9mon\n|rule|Item Clause: Limit 1 of each item\n|clearpoke\n|poke|p1|Typhlosion, L50, M|\n|poke|p1|Garchomp, L50, F|\n|poke|p1|Aerodactyl, L50, M|\n|poke|p1|Milotic, L50, F|\n|poke|p1|Kangaskhan, L50, F|\n|poke|p1|Charizard, L50, M, shiny|\n|poke|p2|Serperior, L50, M|\n|poke|p2|Whimsicott, L50, M|\n|poke|p2|Garchomp, L50, F|\n|poke|p2|Gengar, L50, M|\n|poke|p2|Charizard, L50, M|\n|poke|p2|Farigiraf, L50, M|\n|teampreview|4\n|inactive|Battle timer is ON: inactive players will automatically lose when time's up. (requested by Vylerean)\n|c|\u2606FortuneMC|normal typhlosion my goat\n|c|\u2606Vylerean|ye sadly its really niche\n|inactive|Vylerean has 60 seconds left.\n|inactive|FortuneMC has 60 seconds left.\n|c|\u2606FortuneMC|fr\n|\n|t:|1776571641\n|teamsize|p1|4\n|teamsize|p2|4\n|start\n|switch|p1a: Aerodactyl|Aerodactyl, L50, M|100/100\n|switch|p1b: Garchomp|Garchomp, L50, F|100/100\n|switch|p2a: Garchomp|Garchomp, L50, F|100/100\n|switch|p2b: Whimsicott|Whimsicott, L50, M|100/100\n|-ability|p1a: Aerodactyl|Unnerve\n|turn|1\n|\n|t:|1776571656\n|switch|p2b: Gengar|Gengar, L50, M|100/100\n|move|p2a: Garchomp|Dragon Claw|p1b: Garchomp\n|-supereffective|p1b: Garchomp|1\n|-damage|p1b: Garchomp|22/100\n|-damage|p2a: Garchomp|88/100|[from] ability: Rough Skin|[of] p1b: Garchomp\n|move|p1a: Aerodactyl|Tailwind|p1a: Aerodactyl\n|-sidestart|p1: Vylerean|move: Tailwind\n|move|p1b: Garchomp|Dragon Claw|p2a: Garchomp\n|-supereffective|p2a: Garchomp|1\n|-damage|p2a: Garchomp|10/100\n|-damage|p1b: Garchomp|9/100|[from] ability: Rough Skin|[of] p2a: Garchomp\n|\n|upkeep\n|turn|2\n|\n|t:|1776571673\n|move|p2b: Gengar|Protect|p2b: Gengar\n|-singleturn|p2b: Gengar|Protect\n|move|p1a: Aerodactyl|Rock Slide|p2a: Garchomp|[spread] p2a\n|-activate|p2b: Gengar|move: Protect\n|-resisted|p2a: Garchomp|1\n|-damage|p2a: Garchomp|0 fnt\n|faint|p2a: Garchomp\n|move|p1b: Garchomp|Earthquake|p2b: Gengar|[spread] \n|-activate|p2b: Gengar|move: Protect\n|-immune|p1a: Aerodactyl\n|\n|upkeep\n|\n|t:|1776571679\n|switch|p2a: Whimsicott|Whimsicott, L50, M|100/100\n|turn|3\n|\n|t:|1776571692\n|detailschange|p2b: Gengar|Gengar-Mega, L50, M\n|-mega|p2b: Gengar|Gengar|Gengarite\n|move|p1b: Garchomp|Protect|p1b: Garchomp\n|-singleturn|p1b: Garchomp|Protect\n|move|p2a: Whimsicott|Tailwind|p2a: Whimsicott\n|-sidestart|p2: FortuneMC|move: Tailwind\n|move|p1a: Aerodactyl|Dual Wingbeat|p2a: Whimsicott|[miss]\n|-miss|p1a: Aerodactyl|p2a: Whimsicott\n|move|p2b: Gengar|Shadow Ball|p1b: Garchomp\n|-activate|p1b: Garchomp|move: Protect\n|\n|upkeep\n|turn|4\n|\n|t:|1776571699\n|move|p1a: Aerodactyl|Protect|p1a: Aerodactyl\n|-singleturn|p1a: Aerodactyl|Protect\n|move|p2a: Whimsicott|Encore|p1b: Garchomp\n|-start|p1b: Garchomp|Encore\n|move|p1b: Garchomp|Protect||[still]\n|-fail|p1b: Garchomp\n|move|p2b: Gengar|Shadow Ball|p1a: Aerodactyl\n|-activate|p1a: Aerodactyl|move: Protect\n|\n|-sideend|p1: Vylerean|move: Tailwind\n|upkeep\n|turn|5\n|\n|t:|1776571719\n|move|p1b: Garchomp|Protect|p1b: Garchomp\n|-singleturn|p1b: Garchomp|Protect\n|move|p2a: Whimsicott|Encore|p1a: Aerodactyl\n|-start|p1a: Aerodactyl|Encore\n|move|p1a: Aerodactyl|Protect|p1a: Aerodactyl\n|-singleturn|p1a: Aerodactyl|Protect\n|move|p2b: Gengar|Sludge Bomb|p1b: Garchomp\n|-activate|p1b: Garchomp|move: Protect\n|\n|upkeep\n|turn|6\n|\n|t:|1776571726\n|move|p1a: Aerodactyl|Protect|p1a: Aerodactyl\n|-singleturn|p1a: Aerodactyl|Protect\n|move|p1b: Garchomp|Protect|p1b: Garchomp\n|-singleturn|p1b: Garchomp|Protect\n|move|p2b: Gengar|Shadow Ball|p1a: Aerodactyl\n|-activate|p1a: Aerodactyl|move: Protect\n|move|p2a: Whimsicott|Moonblast|p1b: Garchomp\n|-activate|p1b: Garchomp|move: Protect\n|\n|-end|p1b: Garchomp|Encore\n|-sideend|p2: FortuneMC|move: Tailwind\n|upkeep\n|turn|7\n|\n|t:|1776571738\n|move|p1a: Aerodactyl|Protect||[still]\n|-fail|p1a: Aerodactyl\n|move|p2a: Whimsicott|Encore|p1b: Garchomp\n|-start|p1b: Garchomp|Encore\n|move|p1b: Garchomp|Protect||[still]\n|-fail|p1b: Garchomp\n|move|p2b: Gengar|Shadow Ball|p1a: Aerodactyl\n|-damage|p1a: Aerodactyl|22/100\n|\n|-end|p1a: Aerodactyl|Encore\n|upkeep\n|turn|8\n|\n|t:|1776571751\n|move|p1b: Garchomp|Protect|p1b: Garchomp\n|-singleturn|p1b: Garchomp|Protect\n|move|p2a: Whimsicott|Tailwind|p2a: Whimsicott\n|-sidestart|p2: FortuneMC|move: Tailwind\n|move|p2b: Gengar|Shadow Ball|p1a: Aerodactyl\n|-damage|p1a: Aerodactyl|0 fnt\n|faint|p1a: Aerodactyl\n|\n|upkeep\n|\n|t:|1776571757\n|switch|p1a: Charizard|Charizard, L50, M, shiny|100/100\n|turn|9\n|\n|t:|1776571764\n|detailschange|p1a: Charizard|Charizard-Mega-Y, L50, M, shiny\n|-mega|p1a: Charizard|Charizard|Charizardite Y\n|-weather|SunnyDay|[from] ability: Drought|[of] p1a: Charizard\n|move|p1b: Garchomp|Protect||[still]\n|-fail|p1b: Garchomp\n|move|p2b: Gengar|Sludge Bomb|p1a: Charizard\n|-damage|p1a: Charizard|40/100\n|move|p2a: Whimsicott|Moonblast|p1b: Garchomp\n|-supereffective|p1b: Garchomp|1\n|-damage|p1b: Garchomp|0 fnt\n|faint|p1b: Garchomp\n|move|p1a: Charizard|Heat Wave|p2a: Whimsicott|[spread] p2a,p2b\n|-supereffective|p2a: Whimsicott|1\n|-crit|p2a: Whimsicott\n|-enditem|p2a: Whimsicott|Focus Sash\n|-damage|p2a: Whimsicott|1/100\n|-damage|p2b: Gengar|39/100\n|\n|-weather|SunnyDay|[upkeep]\n|upkeep\n|\n|t:|1776571773\n|switch|p1b: Typhlosion|Typhlosion, L50, M|100/100\n|turn|10\n|\n|t:|1776571789\n|move|p2a: Whimsicott|Fake Tears|p1b: Typhlosion\n|-unboost|p1b: Typhlosion|spd|2\n|move|p2b: Gengar|Sludge Bomb|p1b: Typhlosion\n|-damage|p1b: Typhlosion|0 fnt\n|faint|p1b: Typhlosion\n|move|p1a: Charizard|Heat Wave|p2b: Gengar|[spread] p2a,p2b\n|-supereffective|p2a: Whimsicott|1\n|-damage|p2a: Whimsicott|0 fnt\n|-damage|p2b: Gengar|0 fnt\n|faint|p2a: Whimsicott\n|faint|p2b: Gengar\n|\n|-weather|SunnyDay|[upkeep]\n|upkeep\n|\n|t:|1776571794\n|switch|p2a: Charizard|Charizard, L50, M|100/100\n|turn|11\n|\n|t:|1776571797\n|move|p1a: Charizard|Protect|p1a: Charizard\n|-singleturn|p1a: Charizard|Protect\n|move|p2a: Charizard|Weather Ball|p1a: Charizard\n|-activate|p1a: Charizard|move: Protect\n|\n|-weather|SunnyDay|[upkeep]\n|-sideend|p2: FortuneMC|move: Tailwind\n|upkeep\n|turn|12\n|\n|t:|1776571810\n|move|p1a: Charizard|Weather Ball|p2a: Charizard\n|-resisted|p2a: Charizard|1\n|-damage|p2a: Charizard|45/100\n|move|p2a: Charizard|Weather Ball|p1a: Charizard\n|-resisted|p1a: Charizard|1\n|-damage|p1a: Charizard|0 fnt\n|faint|p1a: Charizard\n|\n|win|FortuneMC\n|raw|Vylerean's rating: 1318 &rarr; <strong>1300</strong><br />(-18 for losing)\n|raw|FortuneMC's rating: 1356 &rarr; <strong>1374</strong><br />(+18 for winning)\n|l|\u2606Vylerean\n|player|p1|\n|c|\u2606FortuneMC|gg\n",
  "uploadtime": 1776571819,
  "views": 14,
  "formatid": "gen9championsvgc2026regma",
  "rating": 1300,
  "private": 0,
  "password": null
}