{
  "id": "gen9championsvgc2026regma-2580487631",
  "format": "[Gen 9 Champions] VGC 2026 Reg M-A",
  "players": [
    "goku s0los",
    "FukZamazenta917813"
  ],
  "log": "|j|\u2606goku s0los\n|j|\u2606FukZamazenta917813\n|t:|1775903780\n|gametype|doubles\n|player|p1|goku s0los|102|1080\n|player|p2|FukZamazenta917813|lucas|1116\n|gen|9\n|tier|[Gen 9 Champions] VGC 2026 Reg M-A\n|rated|\n|rule|Species Clause: Limit one of each Pok\u00e9mon\n|rule|Item Clause: Limit 1 of each item\n|clearpoke\n|poke|p1|Charizard, L50, M|\n|poke|p1|Typhlosion-Hisui, L50, M|\n|poke|p1|Venusaur, L50, F|\n|poke|p1|Lucario, L50, M|\n|poke|p1|Farigiraf, L50, F|\n|poke|p1|Sneasler, L50, F|\n|poke|p2|Incineroar, L50, F|\n|poke|p2|Delphox, L50, F|\n|poke|p2|Whimsicott, L50, F|\n|poke|p2|Clefable, L50, F|\n|poke|p2|Garchomp, L50, F|\n|poke|p2|Sneasler, L50, F|\n|teampreview|4\n|inactive|Battle timer is ON: inactive players will automatically lose when time's up. (requested by FukZamazenta917813)\n|inactive|goku s0los has 60 seconds left.\n|inactive|FukZamazenta917813 has 60 seconds left.\n|\n|t:|1775903838\n|teamsize|p1|4\n|teamsize|p2|4\n|start\n|switch|p1a: Charizard|Charizard, L50, M, shiny|100/100\n|switch|p1b: Typhlosion|Typhlosion-Hisui, L50, M|100/100\n|switch|p2a: \u60f3\u51ff\u98ce\u5996\u7cbe|Whimsicott, L50, F|100/100\n|switch|p2b: delpha|Delphox, L50, F|100/100\n|turn|1\n|inactive|goku s0los has 30 seconds left.\n|\n|t:|1775903872\n|detailschange|p2b: delpha|Delphox-Mega, L50, F\n|-mega|p2b: delpha|Delphox|Delphoxite\n|detailschange|p1a: Charizard|Charizard-Mega-Y, L50, M, shiny\n|-mega|p1a: Charizard|Charizard|Charizardite Y\n|-weather|SunnyDay|[from] ability: Drought|[of] p1a: Charizard\n|move|p2a: \u60f3\u51ff\u98ce\u5996\u7cbe|Tailwind|p2a: \u60f3\u51ff\u98ce\u5996\u7cbe\n|-sidestart|p2: FukZamazenta917813|move: Tailwind\n|move|p2b: delpha|Calm Mind|p2b: delpha\n|-boost|p2b: delpha|spa|1\n|-boost|p2b: delpha|spd|1\n|move|p1b: Typhlosion|Shadow Ball|p2b: delpha\n|-supereffective|p2b: delpha|1\n|-damage|p2b: delpha|48/100\n|move|p1a: Charizard|Heat Wave|p2a: \u60f3\u51ff\u98ce\u5996\u7cbe|[spread] p2a,p2b\n|-supereffective|p2a: \u60f3\u51ff\u98ce\u5996\u7cbe|1\n|-resisted|p2b: delpha|1\n|-damage|p2a: \u60f3\u51ff\u98ce\u5996\u7cbe|0 fnt\n|-damage|p2b: delpha|27/100\n|faint|p2a: \u60f3\u51ff\u98ce\u5996\u7cbe\n|\n|-weather|SunnyDay|[upkeep]\n|upkeep\n|\n|t:|1775903881\n|switch|p2a: \u9017\u9017\u4f60\u7684\u5440~\u5f1f\u5f1f\ud83c\udfc6\ud83c\udfc6\ud83c\udfc6|Garchomp, L50, F|100/100\n|turn|2\n|inactive|goku s0los has 30 seconds left.\n|inactive|goku s0los has 20 seconds left.\n|inactive|goku s0los has 15 seconds left.\n|inactive|goku s0los has 10 seconds left.\n|\n|t:|1775903927\n|move|p1a: Charizard|Protect|p1a: Charizard\n|-singleturn|p1a: Charizard|Protect\n|move|p2a: \u9017\u9017\u4f60\u7684\u5440~\u5f1f\u5f1f\ud83c\udfc6\ud83c\udfc6\ud83c\udfc6|Earthquake|p1b: Typhlosion|[spread] p1b\n|-activate|p1a: Charizard|move: Protect\n|-immune|p2b: delpha|[from] ability: Levitate\n|-supereffective|p1b: Typhlosion|1\n|-damage|p1b: Typhlosion|0 fnt\n|faint|p1b: Typhlosion\n|move|p2b: delpha|Psyshock|p1a: Charizard\n|-activate|p1a: Charizard|move: Protect\n|\n|-weather|SunnyDay|[upkeep]\n|upkeep\n|\n|t:|1775903938\n|switch|p1b: Farigiraf|Farigiraf, L50, F|100/100\n|turn|3\n|inactive|goku s0los has 30 seconds left.\n|\n|t:|1775903972\n|move|p2a: \u9017\u9017\u4f60\u7684\u5440~\u5f1f\u5f1f\ud83c\udfc6\ud83c\udfc6\ud83c\udfc6|Earthquake|p1b: Farigiraf|[spread] p1b\n|-immune|p2b: delpha|[from] ability: Levitate\n|-immune|p1a: Charizard\n|-damage|p1b: Farigiraf|47/100\n|move|p2b: delpha|Psyshock|p1a: Charizard\n|-crit|p1a: Charizard\n|-damage|p1a: Charizard|0 fnt\n|faint|p1a: Charizard\n|move|p1b: Farigiraf|Trick Room|p1b: Farigiraf\n|-fieldstart|move: Trick Room|[of] p1b: Farigiraf\n|\n|-weather|SunnyDay|[upkeep]\n|upkeep\n|\n|t:|1775903987\n|switch|p1a: Sneasler|Sneasler, L50, F|100/100\n|turn|4\n|inactive|goku s0los has 30 seconds left.\n|\n|t:|1775904012\n|switch|p2a: \u795e\u7684\u4f1f\u5927\u65e0\u9700\u591a\u8a00|Incineroar, L50, F|100/100\n|-ability|p2a: \u795e\u7684\u4f1f\u5927\u65e0\u9700\u591a\u8a00|Intimidate|boost\n|-unboost|p1a: Sneasler|atk|1\n|-unboost|p1b: Farigiraf|atk|1\n|-enditem|p1a: Sneasler|White Herb\n|-clearnegativeboost|p1a: Sneasler|[silent]\n|move|p2b: delpha|Protect|p2b: delpha\n|-singleturn|p2b: delpha|Protect\n|move|p1b: Farigiraf|Psychic|p2a: \u795e\u7684\u4f1f\u5927\u65e0\u9700\u591a\u8a00\n|-immune|p2a: \u795e\u7684\u4f1f\u5927\u65e0\u9700\u591a\u8a00\n|move|p1a: Sneasler|Throat Chop|p2b: delpha\n|-activate|p2b: delpha|move: Protect\n|\n|-weather|SunnyDay|[upkeep]\n|-sideend|p2: FukZamazenta917813|move: Tailwind\n|upkeep\n|turn|5\n|inactive|goku s0los has 30 seconds left.\n|\n|t:|1775904041\n|move|p2a: \u795e\u7684\u4f1f\u5927\u65e0\u9700\u591a\u8a00|Flare Blitz|p1a: Sneasler\n|-damage|p1a: Sneasler|0 fnt\n|faint|p1a: Sneasler\n|-damage|p2a: \u795e\u7684\u4f1f\u5927\u65e0\u9700\u591a\u8a00|75/100|[from] Recoil\n|move|p1b: Farigiraf|Hyper Voice|p2b: delpha|[spread] p2a,p2b\n|-damage|p2a: \u795e\u7684\u4f1f\u5927\u65e0\u9700\u591a\u8a00|49/100\n|-damage|p2b: delpha|5/100\n|-enditem|p2a: \u795e\u7684\u4f1f\u5927\u65e0\u9700\u591a\u8a00|Sitrus Berry|[eat]\n|-heal|p2a: \u795e\u7684\u4f1f\u5927\u65e0\u9700\u591a\u8a00|74/100|[from] item: Sitrus Berry\n|move|p2b: delpha|Heat Wave|p1b: Farigiraf\n|-damage|p1b: Farigiraf|0 fnt\n|faint|p1b: Farigiraf\n|\n|win|FukZamazenta917813\n|raw|goku s0los's rating: 1080 &rarr; <strong>1060</strong><br />(-20 for losing)\n|raw|FukZamazenta917813's rating: 1116 &rarr; <strong>1138</strong><br />(+22 for winning)\n",
  "uploadtime": 1775904043,
  "views": 14,
  "formatid": "gen9championsvgc2026regma",
  "rating": 1060,
  "private": 0,
  "password": null
}