{
  "id": "gen9championsvgc2026regma-2585079800",
  "format": "[Gen 9 Champions] VGC 2026 Reg M-A",
  "players": [
    "qwqqaqwwww",
    "pitiman"
  ],
  "log": "|j|\u2606qwqqaqwwww\n|j|\u2606pitiman\n|t:|1776309629\n|gametype|doubles\n|player|p1|qwqqaqwwww|101|1255\n|player|p2|pitiman|steven|1197\n|gen|9\n|tier|[Gen 9 Champions] VGC 2026 Reg M-A\n|rated|\n|rule|Species Clause: Limit one of each Pok\u00e9mon\n|rule|Item Clause: Limit 1 of each item\n|clearpoke\n|poke|p1|Sinistcha, L50|\n|poke|p1|Slowbro, L50, F|\n|poke|p1|Sneasler, L50, M|\n|poke|p1|Tinkaton, L50, F|\n|poke|p1|Incineroar, L50, F|\n|poke|p1|Espathra, L50, M|\n|poke|p2|Dragonite, L50, F|\n|poke|p2|Milotic, L50, F|\n|poke|p2|Aegislash, L50, F|\n|poke|p2|Volcarona, L50, M|\n|poke|p2|Weavile, L50, M|\n|poke|p2|Clefable, L50, F|\n|teampreview|4\npitiman rejected open team sheets.\n|inactive|Battle timer is ON: inactive players will automatically lose when time's up. (requested by pitiman)\n|\n|t:|1776309659\n|teamsize|p1|4\n|teamsize|p2|4\n|start\n|switch|p1a: Espathra|Espathra, L50, M|100/100\n|switch|p1b: Tinkaton|Tinkaton, L50, F|100/100\n|switch|p2a: Dragonite|Dragonite, L50, F|100/100\n|switch|p2b: Milotic|Milotic, L50, F|100/100\n|-ability|p1b: Tinkaton|Mold Breaker\n|turn|1\n|\n|t:|1776309668\n|detailschange|p2a: Dragonite|Dragonite-Mega, L50, F\n|-mega|p2a: Dragonite|Dragonite|Dragoninite\n|move|p2a: Dragonite|Protect|p2a: Dragonite\n|-singleturn|p2a: Dragonite|Protect\n|move|p1b: Tinkaton|Fake Out|p2a: Dragonite\n|-activate|p2a: Dragonite|move: Protect\n|move|p1a: Espathra|Calm Mind|p1a: Espathra\n|-boost|p1a: Espathra|spa|1\n|-boost|p1a: Espathra|spd|1\n|move|p2b: Milotic|Dragon Cheer|p2a: Dragonite\n|-start|p2a: Dragonite|move: Dragon Cheer\n|\n|-ability|p1a: Espathra|Speed Boost|boost\n|-boost|p1a: Espathra|spe|1\n|upkeep\n|turn|2\n|inactive|pitiman has 30 seconds left.\n|\n|t:|1776309695\n|switch|p1b: Sinistcha|Sinistcha, L50|100/100\n|move|p1a: Espathra|Protect|p1a: Espathra\n|-singleturn|p1a: Espathra|Protect\n|move|p2a: Dragonite|Draco Meteor|p1a: Espathra\n|-activate|p1a: Espathra|move: Protect\n|move|p2b: Milotic|Icy Wind|p1a: Espathra|[spread] p1b\n|-activate|p1a: Espathra|move: Protect\n|-supereffective|p1b: Sinistcha|1\n|-damage|p1b: Sinistcha|80/100\n|-unboost|p1b: Sinistcha|spe|1\n|\n|-ability|p1a: Espathra|Speed Boost|boost\n|-boost|p1a: Espathra|spe|1\n|upkeep\n|turn|3\n|\n|t:|1776309716\n|move|p1b: Sinistcha|Rage Powder|p1b: Sinistcha\n|-singleturn|p1b: Sinistcha|move: Rage Powder\n|move|p1a: Espathra|Calm Mind|p1a: Espathra\n|-boost|p1a: Espathra|spa|1\n|-boost|p1a: Espathra|spd|1\n|move|p2a: Dragonite|Hurricane|p1b: Sinistcha|[miss]\n|-miss|p2a: Dragonite|p1b: Sinistcha\n|move|p2b: Milotic|Icy Wind|p1b: Sinistcha|[spread] p1a,p1b\n|-supereffective|p1b: Sinistcha|1\n|-damage|p1a: Espathra|94/100\n|-damage|p1b: Sinistcha|61/100\n|-unboost|p1a: Espathra|spe|1\n|-unboost|p1b: Sinistcha|spe|1\n|\n|-ability|p1a: Espathra|Speed Boost|boost\n|-boost|p1a: Espathra|spe|1\n|upkeep\n|turn|4\n|\n|t:|1776309732\n|move|p1a: Espathra|Protect|p1a: Espathra\n|-singleturn|p1a: Espathra|Protect\n|move|p2a: Dragonite|Hurricane|p1b: Sinistcha\n|-supereffective|p1b: Sinistcha|1\n|-damage|p1b: Sinistcha|0 fnt\n|faint|p1b: Sinistcha\n|move|p2b: Milotic|Icy Wind|p1a: Espathra\n|-activate|p1a: Espathra|move: Protect\n|\n|-ability|p1a: Espathra|Speed Boost|boost\n|-boost|p1a: Espathra|spe|1\n|upkeep\n|\n|t:|1776309736\n|switch|p1b: Tinkaton|Tinkaton, L50, F|100/100\n|-ability|p1b: Tinkaton|Mold Breaker\n|turn|5\n|\n|t:|1776309742\n|move|p2a: Dragonite|Protect|p2a: Dragonite\n|-singleturn|p2a: Dragonite|Protect\n|move|p1b: Tinkaton|Fake Out|p2a: Dragonite\n|-activate|p2a: Dragonite|move: Protect\n|move|p1a: Espathra|Calm Mind|p1a: Espathra\n|-boost|p1a: Espathra|spa|1\n|-boost|p1a: Espathra|spd|1\n|move|p2b: Milotic|Icy Wind|p1a: Espathra|[spread] p1a,p1b\n|-resisted|p1b: Tinkaton|1\n|-damage|p1a: Espathra|88/100\n|-damage|p1b: Tinkaton|96/100\n|-unboost|p1a: Espathra|spe|1\n|-unboost|p1b: Tinkaton|spe|1\n|\n|-heal|p1b: Tinkaton|100/100|[from] item: Leftovers\n|-ability|p1a: Espathra|Speed Boost|boost\n|-boost|p1a: Espathra|spe|1\n|upkeep\n|turn|6\n|\n|t:|1776309759\n|move|p1a: Espathra|Baton Pass|p1a: Espathra\n|\n|t:|1776309761\n|switch|p1a: Slowbro|Slowbro, L50, F|100/100|[from] Baton Pass\n|move|p2a: Dragonite|Draco Meteor|p1a: Slowbro\n|-crit|p1a: Slowbro\n|-damage|p1a: Slowbro|0 fnt\n|-unboost|p2a: Dragonite|spa|2\n|faint|p1a: Slowbro\n|move|p2b: Milotic|Icy Wind|p1b: Tinkaton\n|-resisted|p1b: Tinkaton|1\n|-damage|p1b: Tinkaton|95/100\n|-unboost|p1b: Tinkaton|spe|1\n|move|p1b: Tinkaton|Play Rough|p2a: Dragonite\n|-supereffective|p2a: Dragonite|1\n|-damage|p2a: Dragonite|34/100\n|\n|-heal|p1b: Tinkaton|100/100|[from] item: Leftovers\n|upkeep\n|-message|qwqqaqwwww forfeited.\n|\n|win|pitiman\n|raw|qwqqaqwwww's rating: 1255 &rarr; <strong>1226</strong><br />(-29 for losing)\n|raw|pitiman's rating: 1197 &rarr; <strong>1226</strong><br />(+29 for winning)\n|l|\u2606qwqqaqwwww\n|player|p1|\n",
  "uploadtime": 1776309777,
  "views": 38,
  "formatid": "gen9championsvgc2026regma",
  "rating": 1226,
  "private": 0,
  "password": null
}