{
  "id": "gen9championsvgc2026regma-2583983923",
  "format": "[Gen 9 Champions] VGC 2026 Reg M-A",
  "players": [
    "xlservice",
    "kuro_kumo0601"
  ],
  "log": "|j|\u2606xlservice\n|j|\u2606kuro_kumo0601\n|t:|1776214120\n|gametype|doubles\n|player|p1|xlservice|2|1130\n|player|p2|kuro_kumo0601|265|1102\n|gen|9\n|tier|[Gen 9 Champions] VGC 2026 Reg M-A\n|rated|\n|rule|Species Clause: Limit one of each Pok\u00e9mon\n|rule|Item Clause: Limit 1 of each item\n|clearpoke\n|poke|p1|Whimsicott, L50, F|\n|poke|p1|Milotic, L50, M|\n|poke|p1|Sneasler, L50, M|\n|poke|p1|Archaludon, L50, M|\n|poke|p1|Kangaskhan, L50, F|\n|poke|p1|Victreebel, L50, F|\n|poke|p2|Incineroar, L50, M|\n|poke|p2|Pelipper, L50, M|\n|poke|p2|Chesnaught, L50, M|\n|poke|p2|Garchomp, L50, F|\n|poke|p2|Archaludon, L50, F|\n|poke|p2|Basculegion, L50, M|\n|teampreview|4\n|inactive|Battle timer is ON: inactive players will automatically lose when time's up. (requested by xlservice)\n|\n|t:|1776214185\n|teamsize|p1|4\n|teamsize|p2|4\n|start\n|switch|p1a: Archaludon|Archaludon, L50, M|100/100\n|switch|p1b: Sneasler|Sneasler, L50, M|100/100\n|switch|p2a: Pelipper|Pelipper, L50, M|100/100\n|switch|p2b: Basculegion|Basculegion, L50, M|100/100\n|-weather|RainDance|[from] ability: Drizzle|[of] p2a: Pelipper\n|turn|1\n|\n|t:|1776214209\n|move|p1b: Sneasler|Fake Out|p2a: Pelipper\n|-damage|p2a: Pelipper|87/100\n|move|p1a: Archaludon|Thunderbolt|p2a: Pelipper\n|-supereffective|p2a: Pelipper|2\n|-damage|p2a: Pelipper|0 fnt\n|faint|p2a: Pelipper\n|move|p2b: Basculegion|Flip Turn|p1b: Sneasler\n|-damage|p1b: Sneasler|0 fnt\n|faint|p1b: Sneasler\n|\n|t:|1776214221\n|switch|p2b: Archaludon|Archaludon, L50, F|100/100|[from] Flip Turn\n|\n|-weather|RainDance|[upkeep]\n|upkeep\n|\n|t:|1776214231\n|switch|p1b: Milotic|Milotic, L50, M|100/100\n|switch|p2a: Basculegion|Basculegion, L50, M|100/100\n|turn|2\n|\n|t:|1776214251\n|move|p1b: Milotic|Protect|p1b: Milotic\n|-singleturn|p1b: Milotic|Protect\n|move|p1a: Archaludon|Thunderbolt|p2a: Basculegion\n|-supereffective|p2a: Basculegion|1\n|-damage|p2a: Basculegion|36/100\n|move|p2a: Basculegion|Last Respects|p1b: Milotic\n|-activate|p1b: Milotic|move: Protect\n|move|p2b: Archaludon|Draco Meteor|p1a: Archaludon|[miss]\n|-miss|p2b: Archaludon|p1a: Archaludon\n|\n|-weather|RainDance|[upkeep]\n|upkeep\n|turn|3\n|inactive|kuro_kumo0601 has 30 seconds left.\n|inactive|xlservice has 30 seconds left.\n|inactive|kuro_kumo0601 has 20 seconds left.\n|inactive|kuro_kumo0601 has 15 seconds left.\n|inactive|kuro_kumo0601 has 10 seconds left.\n|\n|t:|1776214300\n|switch|p2a: Garchomp|Garchomp, L50, F|100/100\n|move|p1a: Archaludon|Thunderbolt|p2a: Garchomp\n|-immune|p2a: Garchomp\n|move|p2b: Archaludon|Draco Meteor|p1a: Archaludon|[miss]\n|-miss|p2b: Archaludon|p1a: Archaludon\n|move|p1b: Milotic|Icy Wind|p2b: Archaludon|[spread] p2a,p2b\n|-supereffective|p2a: Garchomp|2\n|-damage|p2a: Garchomp|57/100\n|-damage|p2b: Archaludon|88/100\n|-unboost|p2a: Garchomp|spe|1\n|-unboost|p2b: Archaludon|spe|1\n|-ability|p2b: Archaludon|Stamina|boost\n|-boost|p2b: Archaludon|def|1\n|\n|-weather|RainDance|[upkeep]\n|-heal|p2b: Archaludon|94/100|[from] item: Leftovers\n|upkeep\n|turn|4\n|c|\u2606kuro_kumo0601|trash game\n|inactive|kuro_kumo0601 has 30 seconds left.\n|\n|t:|1776214332\n|switch|p1a: Kangaskhan|Kangaskhan, L50, F|100/100\n|move|p2a: Garchomp|Protect|p2a: Garchomp\n|-singleturn|p2a: Garchomp|Protect\n|move|p1b: Milotic|Icy Wind|p2a: Garchomp|[spread] p2b\n|-activate|p2a: Garchomp|move: Protect\n|-damage|p2b: Archaludon|81/100\n|-unboost|p2b: Archaludon|spe|1\n|-ability|p2b: Archaludon|Stamina|boost\n|-boost|p2b: Archaludon|def|1\n|move|p2b: Archaludon|Draco Meteor|p1a: Kangaskhan\n|-damage|p1a: Kangaskhan|14/100\n|-unboost|p2b: Archaludon|spa|2\n|\n|-weather|RainDance|[upkeep]\n|-heal|p2b: Archaludon|87/100|[from] item: Leftovers\n|upkeep\n|turn|5\n|inactive|kuro_kumo0601 has 30 seconds left.\n|\n|t:|1776214360\n|switch|p2a: Basculegion|Basculegion, L50, M|36/100\n|move|p1a: Kangaskhan|Fake Out|p2b: Archaludon\n|-resisted|p2b: Archaludon|1\n|-damage|p2b: Archaludon|82/100\n|-ability|p2b: Archaludon|Stamina|boost\n|-boost|p2b: Archaludon|def|1\n|move|p1b: Milotic|Icy Wind|p2b: Archaludon|[spread] p2a,p2b\n|-resisted|p2a: Basculegion|1\n|-damage|p2a: Basculegion|30/100\n|-damage|p2b: Archaludon|70/100\n|-unboost|p2a: Basculegion|spe|1\n|-unboost|p2b: Archaludon|spe|1\n|-ability|p2b: Archaludon|Stamina|boost\n|-boost|p2b: Archaludon|def|1\n|cant|p2b: Archaludon|flinch\n|\n|-weather|none\n|-heal|p2b: Archaludon|76/100|[from] item: Leftovers\n|upkeep\n|turn|6\n|inactive|xlservice has 30 seconds left.\n|\n|t:|1776214391\n|switch|p2b: Garchomp|Garchomp, L50, F|57/100\n|move|p1a: Kangaskhan|Last Resort|p2b: Garchomp\n|-damage|p2b: Garchomp|0 fnt\n|-damage|p1a: Kangaskhan|2/100|[from] ability: Rough Skin|[of] p2b: Garchomp\n|faint|p2b: Garchomp\n|move|p2a: Basculegion|Flip Turn|p1a: Kangaskhan\n|-damage|p1a: Kangaskhan|0 fnt\n|faint|p1a: Kangaskhan\n|\n|t:|1776214402\n|switch|p2a: Archaludon|Archaludon, L50, F|76/100|[from] Flip Turn\n|move|p1b: Milotic|Scald|p2a: Archaludon\n|-resisted|p2a: Archaludon|1\n|-damage|p2a: Archaludon|58/100\n|-status|p2a: Archaludon|brn\n|-ability|p2a: Archaludon|Stamina|boost\n|-boost|p2a: Archaludon|def|1\n|\n|-heal|p2a: Archaludon|64/100 brn|[from] item: Leftovers\n|-damage|p2a: Archaludon|58/100 brn|[from] brn\n|upkeep\n|\n|t:|1776214408\n|switch|p2b: Basculegion|Basculegion, L50, M|30/100\n|switch|p1a: Archaludon|Archaludon, L50, M|100/100\n|turn|7\n|\n|t:|1776214421\n|move|p1b: Milotic|Protect|p1b: Milotic\n|-singleturn|p1b: Milotic|Protect\n|move|p1a: Archaludon|Draco Meteor|p2a: Archaludon|[miss]\n|-miss|p1a: Archaludon|p2a: Archaludon\n|move|p2b: Basculegion|Last Respects|p1b: Milotic\n|-activate|p1b: Milotic|move: Protect\n|move|p2a: Archaludon|Draco Meteor|p1a: Archaludon\n|-ability|p1a: Archaludon|Sturdy\n|-damage|p1a: Archaludon|1/100\n|-unboost|p2a: Archaludon|spa|2\n|\n|-heal|p2a: Archaludon|64/100 brn|[from] item: Leftovers\n|-damage|p2a: Archaludon|58/100 brn|[from] brn\n|upkeep\n|turn|8\n|inactive|kuro_kumo0601 has 30 seconds left.\n|\n|t:|1776214446\n|move|p2a: Archaludon|Protect|p2a: Archaludon\n|-singleturn|p2a: Archaludon|Protect\n|move|p1a: Archaludon|Draco Meteor|p2a: Archaludon\n|-activate|p2a: Archaludon|move: Protect\n|move|p2b: Basculegion|Last Respects|p1b: Milotic\n|-damage|p1b: Milotic|0 fnt\n|faint|p1b: Milotic\n|\n|-heal|p2a: Archaludon|64/100 brn|[from] item: Leftovers\n|-damage|p2a: Archaludon|58/100 brn|[from] brn\n|upkeep\n|turn|9\n|\n|t:|1776214460\n|move|p1a: Archaludon|Draco Meteor|p2a: Archaludon\n|-damage|p2a: Archaludon|0 fnt\n|-unboost|p1a: Archaludon|spa|2\n|faint|p2a: Archaludon\n|move|p2b: Basculegion|Last Respects|p1a: Archaludon\n|-damage|p1a: Archaludon|0 fnt\n|faint|p1a: Archaludon\n|\n|win|kuro_kumo0601\n|raw|xlservice's rating: 1130 &rarr; <strong>1103</strong><br />(-27 for losing)\n|raw|kuro_kumo0601's rating: 1102 &rarr; <strong>1129</strong><br />(+27 for winning)\n|l|\u2606xlservice\n|player|p1|\n",
  "uploadtime": 1776214472,
  "views": 16,
  "formatid": "gen9championsvgc2026regma",
  "rating": 1103,
  "private": 0,
  "password": null
}