{
  "id": "gen9championsvgc2026regma-2586981431",
  "format": "[Gen 9 Champions] VGC 2026 Reg M-A",
  "players": [
    "blackskull345",
    "sharkboiiiii"
  ],
  "log": "|j|\u2606blackskull345\n|j|\u2606sharkboiiiii\n|t:|1776477968\n|gametype|doubles\n|player|p1|blackskull345|170|1052\n|player|p2|sharkboiiiii|burglar|1000\n|gen|9\n|tier|[Gen 9 Champions] VGC 2026 Reg M-A\n|rated|\n|rule|Species Clause: Limit one of each Pok\u00e9mon\n|rule|Item Clause: Limit 1 of each item\n|clearpoke\n|poke|p1|Volcarona, L50, M|\n|poke|p1|Chesnaught, L50, M|\n|poke|p1|Furfrou-Pharaoh, L50, F|\n|poke|p1|Goodra-Hisui, L50, F|\n|poke|p1|Starmie, L50|\n|poke|p1|Dragapult, L50, M|\n|poke|p2|Scovillain, L50, F|\n|poke|p2|Incineroar, L50, M|\n|poke|p2|Sneasler, L50, F|\n|poke|p2|Corviknight, L50, M|\n|poke|p2|Whimsicott, L50, F|\n|poke|p2|Dragapult, L50, M|\n|teampreview|4\n|\n|t:|1776477998\n|teamsize|p1|4\n|teamsize|p2|4\n|start\n|switch|p1a: Volcarona|Volcarona, L50, M|100/100\n|switch|p1b: Goodra|Goodra-Hisui, L50, F|100/100\n|switch|p2a: Sauron|Scovillain, L50, F|100/100\n|switch|p2b: Baal|Whimsicott, L50, F, shiny|100/100\n|turn|1\n|\n|t:|1776478022\n|detailschange|p2a: Sauron|Scovillain-Mega, L50, F\n|-mega|p2a: Sauron|Scovillain|Scovillainite\n|move|p2a: Sauron|Protect|p2a: Sauron\n|-singleturn|p2a: Sauron|Protect\n|move|p2b: Baal|Tailwind|p2b: Baal\n|-sidestart|p2: sharkboiiiii|move: Tailwind\n|move|p1a: Volcarona|Tailwind|p1a: Volcarona\n|-sidestart|p1: blackskull345|move: Tailwind\n|move|p1b: Goodra|Heavy Slam|p2b: Baal\n|-supereffective|p2b: Baal|1\n|-enditem|p2b: Baal|Focus Sash\n|-damage|p2b: Baal|1/100\n|\n|upkeep\n|turn|2\n|\n|t:|1776478038\n|switch|p1b: Furfrou|Furfrou-Pharaoh, L50, F, shiny|100/100\n|move|p2b: Baal|Sunny Day|p2b: Baal\n|-weather|SunnyDay\n|move|p2a: Sauron|Flamethrower|p1a: Volcarona\n|-damage|p1a: Volcarona|7/100\n|move|p1a: Volcarona|Heat Wave|p2b: Baal|[spread] p2a,p2b\n|-supereffective|p2b: Baal|1\n|-damage|p2a: Sauron|6/100\n|-damage|p2b: Baal|0 fnt\n|-immune|p1a: Volcarona\n|faint|p2b: Baal\n|\n|-weather|SunnyDay|[upkeep]\n|upkeep\n|\n|t:|1776478048\n|switch|p2b: Europe|Incineroar, L50, M, shiny|100/100\n|-ability|p2b: Europe|Intimidate|boost\n|-unboost|p1a: Volcarona|atk|1\n|-unboost|p1b: Furfrou|atk|1\n|turn|3\n|\n|t:|1776478064\n|switch|p1a: Goodra|Goodra-Hisui, L50, F|100/100\n|move|p2b: Europe|Fake Out|p1a: Goodra\n|-resisted|p1a: Goodra|1\n|-crit|p1a: Goodra\n|-damage|p1a: Goodra|91/100\n|-ability|p1a: Goodra|Gooey\n|-unboost|p2b: Europe|spe|1\n|move|p2a: Sauron|Flamethrower|p1b: Furfrou\n|-damage|p1b: Furfrou|40/100\n|move|p1b: Furfrou|Snarl|p2a: Sauron|[spread] p2a,p2b\n|-resisted|p2b: Europe|1\n|-damage|p2a: Sauron|0 fnt\n|-damage|p2b: Europe|97/100\n|-unboost|p2b: Europe|spa|1\n|-status|p1b: Furfrou|brn|[from] ability: Spicy Spray|[of] p2a: Sauron\n|faint|p2a: Sauron\n|\n|-weather|SunnyDay|[upkeep]\n|-heal|p1b: Furfrou|46/100 brn|[from] item: Leftovers\n|-damage|p1b: Furfrou|40/100 brn|[from] brn\n|upkeep\n|\n|t:|1776478077\n|switch|p2a: Dull|Sneasler, L50, F, shiny|100/100\n|turn|4\n|\n|t:|1776478097\n|move|p2a: Dull|Close Combat|p1a: Goodra\n|-supereffective|p1a: Goodra|1\n|-damage|p1a: Goodra|0 fnt\n|-unboost|p2a: Dull|def|1\n|-unboost|p2a: Dull|spd|1\n|-ability|p1a: Goodra|Gooey\n|-unboost|p2a: Dull|spe|1\n|faint|p1a: Goodra\n|-enditem|p2a: Dull|White Herb\n|-clearnegativeboost|p2a: Dull|[silent]\n|move|p1b: Furfrou|Charm|p2a: Dull\n|-unboost|p2a: Dull|atk|2\n|move|p2b: Europe|Darkest Lariat|p1b: Furfrou\n|-damage|p1b: Furfrou|4/100 brn\n|\n|-weather|SunnyDay|[upkeep]\n|-heal|p1b: Furfrou|10/100 brn|[from] item: Leftovers\n|-damage|p1b: Furfrou|4/100 brn|[from] brn\n|-sideend|p2: sharkboiiiii|move: Tailwind\n|-sideend|p1: blackskull345|move: Tailwind\n|upkeep\n|\n|t:|1776478126\n|switch|p1a: Volcarona|Volcarona, L50, M|7/100\n|turn|5\n|\n|t:|1776478138\n|move|p2a: Dull|Protect|p2a: Dull\n|-singleturn|p2a: Dull|Protect\n|move|p1b: Furfrou|Charm|p2a: Dull\n|-activate|p2a: Dull|move: Protect\n|move|p1a: Volcarona|Heat Wave|p2a: Dull|[spread] p2b\n|-activate|p2a: Dull|move: Protect\n|-resisted|p2b: Europe|1\n|-damage|p2b: Europe|62/100\n|move|p2b: Europe|Darkest Lariat|p1a: Volcarona\n|-damage|p1a: Volcarona|0 fnt\n|faint|p1a: Volcarona\n|\n|-weather|SunnyDay|[upkeep]\n|-heal|p1b: Furfrou|10/100 brn|[from] item: Leftovers\n|-damage|p1b: Furfrou|4/100 brn|[from] brn\n|upkeep\n|\n|t:|1776478156\n|switch|p1a: Starmie|Starmie, L50, shiny|100/100\n|turn|6\n|\n|t:|1776478181\n|detailschange|p1a: Starmie|Starmie-Mega, L50, shiny\n|-mega|p1a: Starmie|Starmie|Starminite\n|move|p2a: Dull|Throat Chop|p1a: Starmie\n|-supereffective|p1a: Starmie|1\n|-damage|p1a: Starmie|61/100\n|-start|p1a: Starmie|Throat Chop|[silent]\n|move|p1a: Starmie|Liquidation|p2b: Europe\n|-supereffective|p2b: Europe|1\n|-damage|p2b: Europe|0 fnt\n|faint|p2b: Europe\n|move|p1b: Furfrou|Charm|p2a: Dull\n|-unboost|p2a: Dull|atk|2\n|\n|-weather|none\n|-heal|p1b: Furfrou|10/100 brn|[from] item: Leftovers\n|-damage|p1b: Furfrou|4/100 brn|[from] brn\n|upkeep\n|turn|7\n|\n|t:|1776478215\n|move|p2a: Dull|Throat Chop|p1a: Starmie\n|-supereffective|p1a: Starmie|1\n|-damage|p1a: Starmie|36/100\n|move|p1a: Starmie|Psycho Cut|p2a: Dull\n|-supereffective|p2a: Dull|2\n|-damage|p2a: Dull|0 fnt\n|faint|p2a: Dull\n|\n|win|blackskull345\n|raw|blackskull345's rating: 1052 &rarr; <strong>1079</strong><br />(+27 for winning)\n|raw|sharkboiiiii's rating: 1000 &rarr; <strong>1000</strong><br />(+0 for losing)\n",
  "uploadtime": 1776478226,
  "views": 24,
  "formatid": "gen9championsvgc2026regma",
  "rating": 1000,
  "private": 0,
  "password": null
}