{
  "id": "gen9championsvgc2026regma-2587796196",
  "format": "[Gen 9 Champions] VGC 2026 Reg M-A",
  "players": [
    "apfr",
    "Twishts"
  ],
  "log": "|j|\u203dapfr\n|j|\u2606Twishts\n|t:|1776564871\n|gametype|doubles\n|player|p1|apfr|clown|1429\n|player|p2|Twishts|policeman-gen4|1455\n|gen|9\n|tier|[Gen 9 Champions] VGC 2026 Reg M-A\n|rated|\n|rule|Species Clause: Limit one of each Pok\u00e9mon\n|rule|Item Clause: Limit 1 of each item\n|clearpoke\n|poke|p1|Drampa, L50, M|\n|poke|p1|Klefki, L50, M|\n|poke|p1|Sinistcha, L50|\n|poke|p1|Farigiraf, L50, F|\n|poke|p1|Milotic, L50, F|\n|poke|p1|Kingambit, L50, M|\n|poke|p2|Aerodactyl, L50, M|\n|poke|p2|Garchomp, L50, M|\n|poke|p2|Milotic, L50, F|\n|poke|p2|Floette-Eternal, L50, F|\n|poke|p2|Incineroar, L50, F|\n|poke|p2|Scizor, L50, F|\n|teampreview|4\n|inactive|Battle timer is ON: inactive players will automatically lose when time's up. (requested by Twishts)\nTwishts rejected open team sheets.\n|\n|t:|1776564901\n|teamsize|p1|4\n|teamsize|p2|4\n|start\n|switch|p1a: Klefki|Klefki, L50, M|100/100\n|switch|p1b: Kingambit|Kingambit, L50, M|100/100\n|switch|p2a: Scizor|Scizor, L50, F|100/100\n|switch|p2b: Floette|Floette-Eternal, L50, F|100/100\n|turn|1\n|\n|t:|1776564916\n|detailschange|p2b: Floette|Floette-Mega, L50, F\n|-mega|p2b: Floette|Floette|Floettite\n|-ability|p2b: Floette|Fairy Aura\n|move|p2b: Floette|Protect|p2b: Floette\n|-singleturn|p2b: Floette|Protect\n|move|p2a: Scizor|Swords Dance|p2a: Scizor\n|-boost|p2a: Scizor|atk|2\n|move|p1b: Kingambit|Iron Head|p2b: Floette\n|-activate|p2b: Floette|move: Protect\n|move|p1a: Klefki|Trick Room|p1a: Klefki\n|-fieldstart|move: Trick Room|[of] p1a: Klefki\n|\n|upkeep\n|turn|2\n|\n|t:|1776564933\n|switch|p2b: Aerodactyl|Aerodactyl, L50, M|100/100\n|-ability|p2b: Aerodactyl|Unnerve\n|move|p1b: Kingambit|Iron Head|p2b: Aerodactyl\n|-supereffective|p2b: Aerodactyl|1\n|-enditem|p2b: Aerodactyl|Focus Sash\n|-damage|p2b: Aerodactyl|1/100\n|move|p1a: Klefki|Foul Play|p2a: Scizor\n|-damage|p2a: Scizor|31/100\n|move|p2a: Scizor|Bug Bite|p1b: Kingambit\n|-damage|p1b: Kingambit|23/100\n|\n|upkeep\n|turn|3\n|\n|t:|1776564952\n|move|p1b: Kingambit|Protect|p1b: Kingambit\n|-singleturn|p1b: Kingambit|Protect\n|move|p2a: Scizor|Protect|p2a: Scizor\n|-singleturn|p2a: Scizor|Protect\n|move|p2b: Aerodactyl|Protect|p2b: Aerodactyl\n|-singleturn|p2b: Aerodactyl|Protect\n|move|p1a: Klefki|Foul Play|p2a: Scizor\n|-activate|p2a: Scizor|move: Protect\n|\n|upkeep\n|turn|4\n|\n|t:|1776564968\n|move|p1b: Kingambit|Sucker Punch|p2a: Scizor\n|-damage|p2a: Scizor|0 fnt\n|faint|p2a: Scizor\n|move|p1a: Klefki|Foul Play|p2b: Aerodactyl\n|-crit|p2b: Aerodactyl\n|-damage|p2b: Aerodactyl|0 fnt\n|faint|p2b: Aerodactyl\n|\n|upkeep\n|\n|t:|1776564974\n|switch|p2a: Floette|Floette-Mega, L50, F|100/100\n|switch|p2b: Garchomp|Garchomp, L50, M|100/100\n|-ability|p2a: Floette|Fairy Aura\n|turn|5\n|inactive|Twishts has 30 seconds left.\n|\n|t:|1776565007\n|move|p2a: Floette|Protect|p2a: Floette\n|-singleturn|p2a: Floette|Protect\n|move|p2b: Garchomp|Protect|p2b: Garchomp\n|-singleturn|p2b: Garchomp|Protect\n|move|p1a: Klefki|Light Screen|p1a: Klefki\n|-sidestart|p1: apfr|move: Light Screen\n|move|p1b: Kingambit|Kowtow Cleave|p2b: Garchomp\n|-activate|p2b: Garchomp|move: Protect\n|\n|-fieldend|move: Trick Room\n|upkeep\n|turn|6\n|\n|t:|1776565028\n|move|p1b: Kingambit|Protect|p1b: Kingambit\n|-singleturn|p1b: Kingambit|Protect\n|move|p2b: Garchomp|Dragon Claw|p1b: Kingambit\n|-activate|p1b: Kingambit|move: Protect\n|move|p2a: Floette|Calm Mind|p2a: Floette\n|-boost|p2a: Floette|spa|1\n|-boost|p2a: Floette|spd|1\n|move|p1a: Klefki|Trick Room|p1a: Klefki\n|-fieldstart|move: Trick Room|[of] p1a: Klefki\n|\n|upkeep\n|turn|7\n|\n|t:|1776565040\n|move|p2a: Floette|Protect|p2a: Floette\n|-singleturn|p2a: Floette|Protect\n|move|p1b: Kingambit|Iron Head|p2a: Floette\n|-activate|p2a: Floette|move: Protect\n|move|p1a: Klefki|Foul Play|p2b: Garchomp\n|-damage|p2b: Garchomp|69/100\n|-damage|p1a: Klefki|88/100|[from] ability: Rough Skin|[of] p2b: Garchomp\n|move|p2b: Garchomp|Earthquake|p1b: Kingambit|[spread] p1a,p1b\n|-activate|p2a: Floette|move: Protect\n|-supereffective|p1a: Klefki|1\n|-supereffective|p1b: Kingambit|1\n|-damage|p1a: Klefki|22/100\n|-damage|p1b: Kingambit|0 fnt\n|faint|p1b: Kingambit\n|\n|upkeep\n|\n|t:|1776565046\n|switch|p1b: Drampa|Drampa, L50, M|100/100\n|-ability|p1b: Drampa|Cloud Nine\n|turn|8\n|\n|t:|1776565063\n|detailschange|p1b: Drampa|Drampa-Mega, L50, M\n|-mega|p1b: Drampa|Drampa|Drampanite\n|move|p2b: Garchomp|Protect|p2b: Garchomp\n|-singleturn|p2b: Garchomp|Protect\n|move|p1b: Drampa|Hyper Voice|p2a: Floette|[spread] p2a\n|-activate|p2b: Garchomp|move: Protect\n|-damage|p2a: Floette|80/100\n|move|p1a: Klefki|Foul Play|p2b: Garchomp\n|-activate|p2b: Garchomp|move: Protect\n|move|p2a: Floette|Dazzling Gleam|p1a: Klefki|[spread] p1a,p1b\n|-resisted|p1a: Klefki|1\n|-supereffective|p1b: Drampa|1\n|-damage|p1a: Klefki|0 fnt\n|-damage|p1b: Drampa|27/100\n|faint|p1a: Klefki\n|-ability|p1b: Drampa|Berserk|boost\n|-boost|p1b: Drampa|spa|1\n|\n|upkeep\n|\n|t:|1776565074\n|switch|p1a: Milotic|Milotic, L50, F|100/100\n|turn|9\n|\n|t:|1776565088\n|move|p1b: Drampa|Hyper Voice|p2b: Garchomp|[spread] p2a,p2b\n|-damage|p2a: Floette|49/100\n|-damage|p2b: Garchomp|0 fnt\n|faint|p2b: Garchomp\n|move|p1a: Milotic|Ice Beam|p2a: Floette\n|-damage|p2a: Floette|38/100\n|move|p2a: Floette|Dazzling Gleam|p1b: Drampa|[spread] p1a,p1b\n|-supereffective|p1b: Drampa|1\n|-damage|p1a: Milotic|63/100\n|-damage|p1b: Drampa|0 fnt\n|faint|p1b: Drampa\n|\n|-heal|p1a: Milotic|69/100|[from] item: Leftovers\n|-sideend|p1: apfr|move: Light Screen\n|upkeep\n|turn|10\n|\n|t:|1776565104\n|move|p1a: Milotic|Scald|p2a: Floette\n|-damage|p2a: Floette|21/100\n|move|p2a: Floette|Moonblast|p1a: Milotic\n|-damage|p1a: Milotic|0 fnt\n|faint|p1a: Milotic\n|\n|win|Twishts\n|raw|apfr's rating: 1429 &rarr; <strong>1410</strong><br />(-19 for losing)\n|raw|Twishts's rating: 1455 &rarr; <strong>1474</strong><br />(+19 for winning)\n|l|\u203dapfr\n|player|p1|\n|l|\u2606Twishts\n|player|p2|\n",
  "uploadtime": 1776565114,
  "views": 15,
  "formatid": "gen9championsvgc2026regma",
  "rating": 1410,
  "private": 0,
  "password": null
}