{
  "id": "gen9championsvgc2026regma-2586230316",
  "format": "[Gen 9 Champions] VGC 2026 Reg M-A",
  "players": [
    "kowi1608",
    "nd40"
  ],
  "log": "|j|\u2606kowi1608\n|j|\u2606nd40\n|t:|1776415096\n|gametype|doubles\n|player|p1|kowi1608|sabrina-lgpe|1090\n|player|p2|nd40|gentleman-gen4|1053\n|gen|9\n|tier|[Gen 9 Champions] VGC 2026 Reg M-A\n|rated|\n|rule|Species Clause: Limit one of each Pok\u00e9mon\n|rule|Item Clause: Limit 1 of each item\n|clearpoke\n|poke|p1|Meowstic, L50, M|\n|poke|p1|Hatterene, L50, F|\n|poke|p1|Farigiraf, L50, F|\n|poke|p1|Armarouge, L50, M|\n|poke|p1|Oranguru, L50, M|\n|poke|p1|Slowbro, L50, M|\n|poke|p2|Camerupt, L50, F|\n|poke|p2|Hatterene, L50, F|\n|poke|p2|Scizor, L50, M|\n|poke|p2|Venusaur, L50, F|\n|poke|p2|Avalugg, L50, M|\n|poke|p2|Clefable, L50, F|\n|teampreview|4\nkowi1608 rejected open team sheets.\n|j| cabsfranz\n|\n|t:|1776415123\n|teamsize|p1|4\n|teamsize|p2|4\n|start\n|switch|p1a: Meowstic|Meowstic, L50, M|100/100\n|switch|p1b: Farigiraf|Farigiraf, L50, F|100/100\n|switch|p2a: Hatterene|Hatterene, L50, F|100/100\n|switch|p2b: Clefable|Clefable, L50, F, shiny|100/100\n|turn|1\n|\n|t:|1776415142\n|move|p1a: Meowstic|Psychic Terrain|p1a: Meowstic\n|-fieldstart|move: Psychic Terrain\n|move|p2b: Clefable|Tri Attack|p1b: Farigiraf\n|-damage|p1b: Farigiraf|87/100\n|move|p1b: Farigiraf|Imprison|p1b: Farigiraf\n|-start|p1b: Farigiraf|move: Imprison\n|move|p2a: Hatterene|Dark Pulse|p1a: Meowstic\n|-supereffective|p1a: Meowstic|1\n|-damage|p1a: Meowstic|45/100\n|\n|upkeep\n|turn|2\n|\n|t:|1776415171\n|move|p1a: Meowstic|Expanding Force|p2b: Clefable|[spread] p2a,p2b\n|-resisted|p2a: Hatterene|1\n|-damage|p2a: Hatterene|80/100\n|-damage|p2b: Clefable|67/100\n|move|p2b: Clefable|Moonblast|p1b: Farigiraf\n|-damage|p1b: Farigiraf|67/100\n|move|p2a: Hatterene|Dark Pulse|p1b: Farigiraf\n|-supereffective|p1b: Farigiraf|1\n|-damage|p1b: Farigiraf|35/100\n|-enditem|p1b: Farigiraf|Sitrus Berry|[eat]\n|-heal|p1b: Farigiraf|60/100|[from] item: Sitrus Berry\n|move|p1b: Farigiraf|Trick Room|p1b: Farigiraf\n|-fieldstart|move: Trick Room|[of] p1b: Farigiraf\n|\n|upkeep\n|turn|3\n|\n|t:|1776415197\n|move|p2a: Hatterene|Dark Pulse|p1b: Farigiraf\n|-supereffective|p1b: Farigiraf|1\n|-damage|p1b: Farigiraf|26/100\n|move|p1b: Farigiraf|Expanding Force|p2b: Clefable|[spread] p2a,p2b\n|-resisted|p2a: Hatterene|1\n|-damage|p2a: Hatterene|60/100\n|-damage|p2b: Clefable|39/100\n|move|p2b: Clefable|Moonblast|p1b: Farigiraf\n|-crit|p1b: Farigiraf\n|-damage|p1b: Farigiraf|0 fnt\n|faint|p1b: Farigiraf\n|move|p1a: Meowstic|Expanding Force|p2a: Hatterene|[spread] p2a,p2b\n|-resisted|p2a: Hatterene|1\n|-damage|p2a: Hatterene|38/100\n|-damage|p2b: Clefable|10/100\n|\n|upkeep\n|l| cabsfranz\n|\n|t:|1776415223\n|switch|p1b: Armarouge|Armarouge, L50, M|100/100\n|turn|4\n|\n|t:|1776415238\n|move|p2a: Hatterene|Dark Pulse|p1b: Armarouge\n|-supereffective|p1b: Armarouge|1\n|-damage|p1b: Armarouge|49/100\n|move|p2b: Clefable|Tri Attack|p1b: Armarouge\n|-damage|p1b: Armarouge|31/100\n|move|p1b: Armarouge|Heat Wave|p2b: Clefable|[spread] p2a,p2b\n|-damage|p2a: Hatterene|2/100\n|-damage|p2b: Clefable|0 fnt\n|faint|p2b: Clefable\n|move|p1a: Meowstic|Expanding Force|p2a: Hatterene\n|-resisted|p2a: Hatterene|1\n|-damage|p2a: Hatterene|0 fnt\n|faint|p2a: Hatterene\n|\n|upkeep\n|\n|t:|1776415246\n|switch|p2a: Venusaur|Venusaur, L50, F|100/100\n|switch|p2b: Camerupt|Camerupt, L50, F|100/100\n|turn|5\n|\n|t:|1776415269\n|switch|p1a: Slowbro|Slowbro, L50, M|100/100\n|detailschange|p2b: Camerupt|Camerupt-Mega, L50, F\n|-mega|p2b: Camerupt|Camerupt|Cameruptite\n|move|p1b: Armarouge|Protect|p1b: Armarouge\n|-singleturn|p1b: Armarouge|Protect\n|move|p2b: Camerupt|Scorching Sands|p1b: Armarouge\n|-activate|p1b: Armarouge|move: Protect\n|move|p2a: Venusaur|Grass Knot|p1a: Slowbro\n|-supereffective|p1a: Slowbro|1\n|-damage|p1a: Slowbro|23/100\n|\n|-fieldend|move: Psychic Terrain\n|upkeep\n|turn|6\n|\n|t:|1776415299\n|detailschange|p1a: Slowbro|Slowbro-Mega, L50, M\n|-mega|p1a: Slowbro|Slowbro|Slowbronite\n|move|p1b: Armarouge|Protect||[still]\n|-fail|p1b: Armarouge\n|move|p2b: Camerupt|Scorching Sands|p1b: Armarouge\n|-supereffective|p1b: Armarouge|1\n|-damage|p1b: Armarouge|0 fnt\n|faint|p1b: Armarouge\n|move|p1a: Slowbro|Scald|p2b: Camerupt\n|-supereffective|p2b: Camerupt|2\n|-damage|p2b: Camerupt|0 fnt\n|faint|p2b: Camerupt\n|move|p2a: Venusaur|Grass Knot|p1a: Slowbro\n|-supereffective|p1a: Slowbro|1\n|-damage|p1a: Slowbro|0 fnt\n|faint|p1a: Slowbro\n|\n|-fieldend|move: Trick Room\n|upkeep\n|\n|t:|1776415314\n|switch|p1b: Meowstic|Meowstic, L50, M|45/100\n|turn|7\n|\n|t:|1776415321\n|move|p1b: Meowstic|Fake Out|p2a: Venusaur\n|-damage|p2a: Venusaur|95/100\n|cant|p2a: Venusaur|flinch\n|\n|-heal|p2a: Venusaur|100/100|[from] item: Leftovers\n|upkeep\n|turn|8\n|\n|t:|1776415331\n|move|p1b: Meowstic|Expanding Force|p2a: Venusaur\n|-supereffective|p2a: Venusaur|1\n|-damage|p2a: Venusaur|40/100\n|move|p2a: Venusaur|Sludge Wave|p1b: Meowstic\n|-damage|p1b: Meowstic|0 fnt\n|faint|p1b: Meowstic\n|\n|win|nd40\n|raw|kowi1608's rating: 1090 &rarr; <strong>1064</strong><br />(-26 for losing)\n|raw|nd40's rating: 1053 &rarr; <strong>1088</strong><br />(+35 for winning)\n|c|\u2606kowi1608|gg\n",
  "uploadtime": 1776415338,
  "views": 16,
  "formatid": "gen9championsvgc2026regma",
  "rating": 1064,
  "private": 0,
  "password": null
}