{
  "id": "gen9championsvgc2026regma-2586211521",
  "format": "[Gen 9 Champions] VGC 2026 Reg M-A",
  "players": [
    "Nael2009",
    "v1olet gu4rd"
  ],
  "log": "|j|\u2606Nael2009\n|j|\u2606v1olet gu4rd\n|t:|1776412930\n|gametype|doubles\n|player|p1|Nael2009|wallace|1185\n|player|p2|v1olet gu4rd|winona|1130\n|gen|9\n|tier|[Gen 9 Champions] VGC 2026 Reg M-A\n|rated|\n|rule|Species Clause: Limit one of each Pok\u00e9mon\n|rule|Item Clause: Limit 1 of each item\n|clearpoke\n|poke|p1|Floette-Eternal, L50, F|\n|poke|p1|Sneasler, L50, M|\n|poke|p1|Talonflame, L50, F|\n|poke|p1|Incineroar, L50, F|\n|poke|p1|Aegislash, L50, F|\n|poke|p1|Garchomp, L50, M|\n|poke|p2|Floette-Eternal, L50, F|\n|poke|p2|Delphox, L50, F|\n|poke|p2|Sneasler, L50, F|\n|poke|p2|Kingambit, L50, F|\n|poke|p2|Aerodactyl, L50, F|\n|poke|p2|Maushold-Four, L50|\n|teampreview|4\n|inactive|Battle timer is ON: inactive players will automatically lose when time's up. (requested by Nael2009)\n|inactive|v1olet gu4rd also wants the timer to be on.\n|inactive|v1olet gu4rd has 60 seconds left.\n|\n|t:|1776412965\n|teamsize|p1|4\n|teamsize|p2|4\n|start\n|switch|p1a: Talonflame|Talonflame, L50, F|100/100\n|switch|p1b: Sneasler|Sneasler, L50, M|100/100\n|switch|p2a: Aerodactyl|Aerodactyl, L50, F, shiny|100/100\n|switch|p2b: Delphox|Delphox, L50, F, shiny|100/100\n|-ability|p2a: Aerodactyl|Unnerve\n|turn|1\n|\n|t:|1776412984\n|detailschange|p2b: Delphox|Delphox-Mega, L50, F, shiny\n|-mega|p2b: Delphox|Delphox|Delphoxite\n|move|p2a: Aerodactyl|Protect|p2a: Aerodactyl\n|-singleturn|p2a: Aerodactyl|Protect\n|move|p1b: Sneasler|Fake Out|p2b: Delphox\n|-damage|p2b: Delphox|76/100\n|move|p1a: Talonflame|Tailwind|p1a: Talonflame\n|-sidestart|p1: Nael2009|move: Tailwind\n|cant|p2b: Delphox|flinch\n|\n|upkeep\n|turn|2\n|\n|t:|1776413004\n|move|p2b: Delphox|Protect|p2b: Delphox\n|-singleturn|p2b: Delphox|Protect\n|move|p1a: Talonflame|Acrobatics|p2b: Delphox\n|-activate|p2b: Delphox|move: Protect\n|move|p1b: Sneasler|Close Combat|p2a: Aerodactyl\n|-enditem|p2a: Aerodactyl|Focus Sash\n|-damage|p2a: Aerodactyl|1/100\n|-unboost|p1b: Sneasler|def|1\n|-unboost|p1b: Sneasler|spd|1\n|-enditem|p1b: Sneasler|White Herb\n|-clearnegativeboost|p1b: Sneasler|[silent]\n|move|p2a: Aerodactyl|Tailwind|p2a: Aerodactyl\n|-sidestart|p2: v1olet gu4rd|move: Tailwind\n|\n|upkeep\n|turn|3\n|inactive|v1olet gu4rd has 30 seconds left.\n|inactive|v1olet gu4rd has 20 seconds left.\n|\n|t:|1776413042\n|switch|p1b: Garchomp|Garchomp, L50, M|100/100\n|switch|p2b: Maushold|Maushold-Four, L50, shiny|100/100\n|move|p1a: Talonflame|Acrobatics|p2b: Maushold\n|-damage|p2b: Maushold|55/100\n|move|p2a: Aerodactyl|Rock Slide|p1a: Talonflame|[spread] p1a,p1b\n|-supereffective|p1a: Talonflame|2\n|-resisted|p1b: Garchomp|1\n|-damage|p1a: Talonflame|0 fnt\n|-damage|p1b: Garchomp|86/100\n|faint|p1a: Talonflame\n|\n|upkeep\n|\n|t:|1776413055\n|switch|p1a: Floette|Floette-Eternal, L50, F|100/100\n|turn|4\n|\n|t:|1776413073\n|detailschange|p1a: Floette|Floette-Mega, L50, F\n|-mega|p1a: Floette|Floette|Floettite\n|-ability|p1a: Floette|Fairy Aura\n|move|p2a: Aerodactyl|Rock Slide|p1b: Garchomp|[spread] p1a,p1b\n|-resisted|p1b: Garchomp|1\n|-damage|p1a: Floette|72/100\n|-damage|p1b: Garchomp|75/100\n|cant|p1b: Garchomp|flinch\n|move|p2b: Maushold|Super Fang|p1b: Garchomp\n|-damage|p1b: Garchomp|38/100\n|-damage|p2b: Maushold|43/100|[from] ability: Rough Skin|[of] p1b: Garchomp\n|move|p1a: Floette|Dazzling Gleam|p2a: Aerodactyl|[spread] p2a,p2b\n|-damage|p2a: Aerodactyl|0 fnt\n|-damage|p2b: Maushold|0 fnt\n|faint|p2a: Aerodactyl\n|faint|p2b: Maushold\n|\n|-sideend|p1: Nael2009|move: Tailwind\n|upkeep\n|\n|t:|1776413093\n|switch|p2a: Sneasler|Sneasler, L50, F, shiny|100/100\n|switch|p2b: Delphox|Delphox-Mega, L50, F, shiny|76/100\n|turn|5\n|inactive|Nael2009 has 30 seconds left.\n|\n|t:|1776413127\n|move|p1b: Garchomp|Protect|p1b: Garchomp\n|-singleturn|p1b: Garchomp|Protect\n|move|p1a: Floette|Protect|p1a: Floette\n|-singleturn|p1a: Floette|Protect\n|move|p2b: Delphox|Psychic|p1b: Garchomp\n|-activate|p1b: Garchomp|move: Protect\n|move|p2a: Sneasler|Dire Claw|p1a: Floette\n|-activate|p1a: Floette|move: Protect\n|\n|-sideend|p2: v1olet gu4rd|move: Tailwind\n|upkeep\n|turn|6\n|\n|t:|1776413143\n|switch|p1a: Sneasler|Sneasler, L50, M|100/100\n|move|p2b: Delphox|Encore|p1b: Garchomp\n|-start|p1b: Garchomp|Encore\n|move|p1b: Garchomp|Protect|p1b: Garchomp\n|-singleturn|p1b: Garchomp|Protect\n|move|p2a: Sneasler|Dire Claw|p1a: Sneasler\n|-resisted|p1a: Sneasler|1\n|-damage|p1a: Sneasler|68/100\n|\n|upkeep\n|turn|7\n|inactive|Nael2009 has 30 seconds left.\n|\n|t:|1776413176\n|switch|p1b: Floette|Floette-Mega, L50, F|72/100\n|-ability|p1b: Floette|Fairy Aura\n|move|p2b: Delphox|Psychic|p1a: Sneasler\n|-supereffective|p1a: Sneasler|2\n|-damage|p1a: Sneasler|0 fnt\n|faint|p1a: Sneasler\n|move|p2a: Sneasler|Dire Claw|p1b: Floette\n|-supereffective|p1b: Floette|1\n|-damage|p1b: Floette|0 fnt\n|faint|p1b: Floette\n|\n|upkeep\n|\n|t:|1776413182\n|switch|p1b: Garchomp|Garchomp, L50, M|38/100\n|turn|8\n|-message|Nael2009 forfeited.\n|\n|win|v1olet gu4rd\n|raw|Nael2009's rating: 1185 &rarr; <strong>1156</strong><br />(-29 for losing)\n|raw|v1olet gu4rd's rating: 1130 &rarr; <strong>1159</strong><br />(+29 for winning)\n|l|\u2606Nael2009\n|player|p1|\n",
  "uploadtime": 1776413193,
  "views": 24,
  "formatid": "gen9championsvgc2026regma",
  "rating": 1156,
  "private": 0,
  "password": null
}