{
  "id": "gen9championsvgc2026regma-2588532055",
  "format": "[Gen 9 Champions] VGC 2026 Reg M-A",
  "players": [
    "pipeei",
    "jamppa500"
  ],
  "log": "|j|\u2606pipeei\n|j|\u2606jamppa500\n|t:|1776642262\n|gametype|doubles\n|player|p1|pipeei|ingo|1295\n|player|p2|jamppa500|hiker|1322\n|gen|9\n|tier|[Gen 9 Champions] VGC 2026 Reg M-A\n|rated|\n|rule|Species Clause: Limit one of each Pok\u00e9mon\n|rule|Item Clause: Limit 1 of each item\n|clearpoke\n|poke|p1|Froslass, L50, F|\n|poke|p1|Ninetales-Alola, L50, F|\n|poke|p1|Garchomp, L50, M|\n|poke|p1|Corviknight, L50, F|\n|poke|p1|Basculegion, L50, M|\n|poke|p1|Pelipper, L50, F|\n|poke|p2|Scovillain, L50, F|\n|poke|p2|Palafin, L50, M|\n|poke|p2|Volcarona, L50, M|\n|poke|p2|Aegislash, L50, M|\n|poke|p2|Kommo-o, L50, M|\n|poke|p2|Sneasler, L50, M|\n|teampreview|4\n|\n|t:|1776642292\n|teamsize|p1|4\n|teamsize|p2|4\n|start\n|switch|p1a: Pelipper|Pelipper, L50, F|100/100\n|switch|p1b: Basculegion|Basculegion, L50, M|100/100\n|switch|p2a: Scovillain|Scovillain, L50, F|100/100\n|switch|p2b: Palafin|Palafin, L50, M|100/100\n|-weather|RainDance|[from] ability: Drizzle|[of] p1a: Pelipper\n|turn|1\n|\n|t:|1776642311\n|switch|p1b: Corviknight|Corviknight, L50, F|100/100\n|detailschange|p2a: Scovillain|Scovillain-Mega, L50, F\n|-mega|p2a: Scovillain|Scovillain|Scovillainite\n|move|p2a: Scovillain|Rage Powder|p2a: Scovillain\n|-singleturn|p2a: Scovillain|move: Rage Powder\n|move|p2b: Palafin|Flip Turn|p1a: Pelipper\n|-resisted|p1a: Pelipper|1\n|-damage|p1a: Pelipper|72/100\n|\n|t:|1776642316\n|detailschange|p2b: Palafin|Palafin-Hero, L50, M\n|switch|p2b: Kommo-o|Kommo-o, L50, M|100/100|[from] Flip Turn\n|move|p1a: Pelipper|Hurricane|p2a: Scovillain\n|-supereffective|p2a: Scovillain|1\n|-damage|p2a: Scovillain|0 fnt\n|-status|p1a: Pelipper|brn|[from] ability: Spicy Spray|[of] p2a: Scovillain\n|faint|p2a: Scovillain\n|\n|-weather|RainDance|[upkeep]\n|-damage|p1a: Pelipper|66/100 brn|[from] brn\n|upkeep\n|\n|t:|1776642323\n|switch|p2a: Palafin|Palafin-Hero, L50, M|100/100\n|-activate|p2a: Palafin|ability: Zero to Hero\n|turn|2\n|\n|t:|1776642328\n|move|p2a: Palafin|Wave Crash|p1b: Corviknight\n|-damage|p1b: Corviknight|11/100\n|-damage|p2a: Palafin|70/100|[from] Recoil\n|move|p1a: Pelipper|Hurricane|p2b: Kommo-o\n|-supereffective|p2b: Kommo-o|1\n|-damage|p2b: Kommo-o|5/100\n|-start|p2b: Kommo-o|confusion\n|-activate|p2b: Kommo-o|confusion\n|move|p2b: Kommo-o|Clangorous Soul||[still]\n|-fail|p2b: Kommo-o\n|move|p1b: Corviknight|Brave Bird|p2b: Kommo-o\n|-supereffective|p2b: Kommo-o|1\n|-damage|p2b: Kommo-o|0 fnt\n|faint|p2b: Kommo-o\n|-damage|p1b: Corviknight|10/100|[from] Recoil\n|\n|-weather|RainDance|[upkeep]\n|-heal|p1b: Corviknight|16/100|[from] item: Leftovers\n|-damage|p1a: Pelipper|60/100 brn|[from] brn\n|upkeep\n|\n|t:|1776642332\n|switch|p2b: Aegislash|Aegislash, L50, M|100/100\n|turn|3\n|\n|t:|1776642345\n|move|p2a: Palafin|Jet Punch|p1b: Corviknight\n|-damage|p1b: Corviknight|0 fnt\n|faint|p1b: Corviknight\n|move|p1a: Pelipper|Weather Ball|p2b: Aegislash\n|-damage|p2b: Aegislash|54/100\n|-formechange|p2b: Aegislash|Aegislash-Blade|\n|move|p2b: Aegislash|Poltergeist|p1a: Pelipper\n|-activate|p1a: Pelipper|move: Poltergeist|Sitrus Berry\n|-damage|p1a: Pelipper|0 fnt\n|faint|p1a: Pelipper\n|\n|-weather|RainDance|[upkeep]\n|upkeep\n|\n|t:|1776642349\n|switch|p1a: Garchomp|Garchomp, L50, M|100/100\n|switch|p1b: Basculegion|Basculegion, L50, M|100/100\n|turn|4\n|\n|t:|1776642356\n|-formechange|p2b: Aegislash|Aegislash|\n|move|p2b: Aegislash|King's Shield|p2b: Aegislash\n|-singleturn|p2b: Aegislash|Protect\n|move|p1b: Basculegion|Last Respects|p2a: Palafin\n|-damage|p2a: Palafin|8/100\n|move|p1a: Garchomp|Dragon Claw|p2a: Palafin\n|-damage|p2a: Palafin|0 fnt\n|faint|p2a: Palafin\n|\n|-weather|RainDance|[upkeep]\n|upkeep\n|turn|5\n|-message|jamppa500 forfeited.\n|\n|win|pipeei\n|raw|pipeei's rating: 1295 &rarr; <strong>1322</strong><br />(+27 for winning)\n|raw|jamppa500's rating: 1322 &rarr; <strong>1300</strong><br />(-22 for losing)\n|l|\u2606jamppa500\n|player|p2|\n",
  "uploadtime": 1776642372,
  "views": 17,
  "formatid": "gen9championsvgc2026regma",
  "rating": 1300,
  "private": 0,
  "password": null
}