{
  "id": "gen9championsvgc2026regma-2583904586",
  "format": "[Gen 9 Champions] VGC 2026 Reg M-A",
  "players": [
    "savemelivie",
    "SekianGg77"
  ],
  "log": "|j|\u2606savemelivie\n|j|\u2606SekianGg77\n|t:|1776207028\n|gametype|doubles\n|player|p1|savemelivie|swimmerf-gen4|1066\n|player|p2|SekianGg77|170|1023\n|gen|9\n|tier|[Gen 9 Champions] VGC 2026 Reg M-A\n|rated|\n|rule|Species Clause: Limit one of each Pok\u00e9mon\n|rule|Item Clause: Limit 1 of each item\n|clearpoke\n|poke|p1|Greninja-*, L50, F|\n|poke|p1|Araquanid, L50, M|\n|poke|p1|Pelipper, L50, F|\n|poke|p1|Raichu, L50, M|\n|poke|p2|Aerodactyl, L50, F|\n|poke|p2|Aegislash, L50, M|\n|poke|p2|Incineroar, L50, M|\n|poke|p2|Floette-Eternal, L50, F|\n|poke|p2|Rotom-Wash, L50|\n|poke|p2|Whimsicott, L50, M|\n|teampreview|4\n|\n|t:|1776207054\n|teamsize|p1|4\n|teamsize|p2|4\n|start\n|switch|p1a: Greninja|Greninja, L50, F|100/100\n|switch|p1b: Araquanid|Araquanid, L50, M|100/100\n|switch|p2a: Whimsicott|Whimsicott, L50, M|100/100\n|switch|p2b: Rotom|Rotom-Wash, L50|100/100\n|turn|1\n|\n|t:|1776207071\n|detailschange|p1a: Greninja|Greninja-Mega, L50, F\n|-mega|p1a: Greninja|Greninja|Greninjite\n|move|p2a: Whimsicott|Tailwind|p2a: Whimsicott\n|-sidestart|p2: SekianGg77|move: Tailwind\n|move|p2b: Rotom|Thunderbolt|p1b: Araquanid\n|-supereffective|p1b: Araquanid|1\n|-damage|p1b: Araquanid|46/100\n|move|p1a: Greninja|Role Play|p1b: Araquanid\n|-start|p1a: Greninja|typechange|Psychic|[from] ability: Protean\n|-ability|p1a: Greninja|Water Bubble|Protean|[from] move: Role Play|[of] p1b: Araquanid\n|move|p1b: Araquanid|Leech Life|p2a: Whimsicott\n|-damage|p2a: Whimsicott|80/100\n|-heal|p1b: Araquanid|55/100|[from] drain|[of] p2a: Whimsicott\n|\n|-heal|p1b: Araquanid|61/100|[from] item: Leftovers\n|upkeep\n|turn|2\n|\n|t:|1776207105\n|switch|p1b: Pelipper|Pelipper, L50, F|100/100\n|-weather|RainDance|[from] ability: Drizzle|[of] p1b: Pelipper\n|move|p2a: Whimsicott|Taunt|p1b: Pelipper\n|-start|p1b: Pelipper|move: Taunt\n|move|p2b: Rotom|Will-O-Wisp|p1a: Greninja|[miss]\n|-miss|p2b: Rotom|p1a: Greninja\n|move|p1a: Greninja|Surf|p2b: Rotom|[spread] p1b,p2a,p2b\n|-resisted|p1b: Pelipper|1\n|-resisted|p2a: Whimsicott|1\n|-resisted|p2b: Rotom|1\n|-damage|p1b: Pelipper|29/100\n|-damage|p2a: Whimsicott|27/100\n|-damage|p2b: Rotom|45/100\n|\n|-weather|RainDance|[upkeep]\n|upkeep\n|turn|3\n|\n|t:|1776207132\n|move|p2a: Whimsicott|Protect|p2a: Whimsicott\n|-singleturn|p2a: Whimsicott|Protect\n|move|p2b: Rotom|Will-O-Wisp|p1a: Greninja\n|-immune|p1a: Greninja|[from] ability: Water Bubble\n|move|p1a: Greninja|Surf|p2a: Whimsicott|[spread] p1b,p2b\n|-activate|p2a: Whimsicott|move: Protect\n|-resisted|p1b: Pelipper|1\n|-resisted|p2b: Rotom|1\n|-damage|p1b: Pelipper|0 fnt\n|-damage|p2b: Rotom|0 fnt\n|faint|p1b: Pelipper\n|faint|p2b: Rotom\n|\n|-weather|RainDance|[upkeep]\n|upkeep\n|\n|t:|1776207147\n|switch|p2b: Floette|Floette-Eternal, L50, F|100/100\n|switch|p1b: Araquanid|Araquanid, L50, M|61/100\n|turn|4\n|\n|t:|1776207159\n|detailschange|p2b: Floette|Floette-Mega, L50, F\n|-mega|p2b: Floette|Floette|Floettite\n|-ability|p2b: Floette|Fairy Aura\n|move|p1b: Araquanid|Wide Guard|p1b: Araquanid\n|-singleturn|p1b: Araquanid|Wide Guard\n|move|p2a: Whimsicott|Taunt|p1b: Araquanid\n|-start|p1b: Araquanid|move: Taunt\n|move|p2b: Floette|Dazzling Gleam|p1b: Araquanid|[spread] \n|-activate|p1a: Greninja|move: Wide Guard\n|-activate|p1b: Araquanid|move: Wide Guard\n|move|p1a: Greninja|Surf|p2b: Floette|[spread] p2a,p2b\n|-activate|p1b: Araquanid|move: Wide Guard\n|-resisted|p2a: Whimsicott|1\n|-damage|p2a: Whimsicott|0 fnt\n|-damage|p2b: Floette|36/100\n|faint|p2a: Whimsicott\n|\n|-weather|RainDance|[upkeep]\n|-heal|p1b: Araquanid|67/100|[from] item: Leftovers\n|-sideend|p2: SekianGg77|move: Tailwind\n|upkeep\n|\n|t:|1776207166\n|switch|p2a: Aerodactyl|Aerodactyl, L50, F|100/100\n|-ability|p2a: Aerodactyl|Unnerve\n|turn|5\n|\n|t:|1776207192\n|move|p1a: Greninja|Surf|p2a: Aerodactyl|[spread] p1b,p2a,p2b\n|-resisted|p1b: Araquanid|1\n|-supereffective|p2a: Aerodactyl|1\n|-damage|p1b: Araquanid|43/100\n|-damage|p2a: Aerodactyl|0 fnt\n|-damage|p2b: Floette|0 fnt\n|faint|p2a: Aerodactyl\n|faint|p2b: Floette\n|\n|win|savemelivie\n|raw|savemelivie's rating: 1066 &rarr; <strong>1092</strong><br />(+26 for winning)\n|raw|SekianGg77's rating: 1023 &rarr; <strong>1011</strong><br />(-12 for losing)\n",
  "uploadtime": 1776207199,
  "views": 24,
  "formatid": "gen9championsvgc2026regma",
  "rating": 1011,
  "private": 0,
  "password": null
}