{
  "id": "gen9championsvgc2026regma-2580689727",
  "format": "[Gen 9 Champions] VGC 2026 Reg M-A",
  "players": [
    "flyingtacodog",
    "sadmvldd"
  ],
  "log": "|j|\u203dflyingtacodog\n|j|\u2606sadmvldd\n|t:|1775924499\n|gametype|doubles\n|player|p1|flyingtacodog|169|1060\n|player|p2|sadmvldd|266|1119\n|gen|9\n|tier|[Gen 9 Champions] VGC 2026 Reg M-A\n|rated|\n|rule|Species Clause: Limit one of each Pok\u00e9mon\n|rule|Item Clause: Limit 1 of each item\n|clearpoke\n|poke|p1|Incineroar, L50, M|\n|poke|p1|Sneasler, L50, M|\n|poke|p1|Corviknight, L50, F|\n|poke|p1|Charizard, L50, M|\n|poke|p1|Venusaur, L50, F|\n|poke|p1|Aerodactyl, L50, M|\n|poke|p2|Scizor, L50, F|\n|poke|p2|Incineroar, L50, M|\n|poke|p2|Sinistcha-Masterpiece, L50|\n|poke|p2|Kommo-o, L50, M|\n|poke|p2|Politoed, L50, F|\n|poke|p2|Basculegion, L50, M|\n|teampreview|4\n|\n|t:|1775924541\n|teamsize|p1|4\n|teamsize|p2|4\n|start\n|switch|p1a: Charizard|Charizard, L50, M|100/100\n|switch|p1b: Venusaur|Venusaur, L50, F|100/100\n|switch|p2a: Kommo-o|Kommo-o, L50, M|100/100\n|switch|p2b: Basculegion|Basculegion, L50, M|100/100\n|turn|1\n|\n|t:|1775924564\n|switch|p2b: Sinistcha|Sinistcha-Masterpiece, L50|100/100\n|detailschange|p1a: Charizard|Charizard-Mega-Y, L50, M\n|-mega|p1a: Charizard|Charizard|Charizardite Y\n|-weather|SunnyDay|[from] ability: Drought|[of] p1a: Charizard\n|move|p1b: Venusaur|Giga Drain|p2b: Sinistcha\n|-resisted|p2b: Sinistcha|1\n|-damage|p2b: Sinistcha|88/100\n|move|p1a: Charizard|Air Slash|p2a: Kommo-o\n|-supereffective|p2a: Kommo-o|1\n|-damage|p2a: Kommo-o|0 fnt\n|faint|p2a: Kommo-o\n|\n|-weather|SunnyDay|[upkeep]\n|upkeep\n|\n|t:|1775924577\n|switch|p2a: Basculegion|Basculegion, L50, M|100/100\n|turn|2\n|\n|t:|1775924592\n|switch|p1a: Incineroar|Incineroar, L50, M|100/100\n|-ability|p1a: Incineroar|Intimidate|boost\n|-unboost|p2a: Basculegion|atk|1\n|-unboost|p2b: Sinistcha|atk|1\n|switch|p2b: Politoed|Politoed, L50, F|100/100\n|-weather|RainDance|[from] ability: Drizzle|[of] p2b: Politoed\n|move|p2a: Basculegion|Flip Turn|p1a: Incineroar\n|-supereffective|p1a: Incineroar|1\n|-enditem|p1a: Incineroar|Passho Berry|[eat]\n|-enditem|p1a: Incineroar|Passho Berry|[weaken]\n|-damage|p1a: Incineroar|65/100\n|\n|t:|1775924603\n|switch|p2a: Sinistcha|Sinistcha-Masterpiece, L50|88/100|[from] Flip Turn\n|move|p1b: Venusaur|Weather Ball|p2b: Politoed\n|-resisted|p2b: Politoed|1\n|-damage|p2b: Politoed|88/100\n|\n|-weather|RainDance|[upkeep]\n|-heal|p2b: Politoed|94/100|[from] item: Leftovers\n|upkeep\n|turn|3\n|\n|t:|1775924622\n|switch|p2a: Basculegion|Basculegion, L50, M|100/100\n|move|p1a: Incineroar|Fake Out|p2b: Politoed\n|-damage|p2b: Politoed|84/100\n|move|p1b: Venusaur|Giga Drain|p2b: Politoed\n|-supereffective|p2b: Politoed|1\n|-damage|p2b: Politoed|47/100\n|cant|p2b: Politoed|flinch\n|\n|-weather|RainDance|[upkeep]\n|-heal|p2b: Politoed|53/100|[from] item: Leftovers\n|upkeep\n|turn|4\n|\n|t:|1775924640\n|switch|p1a: Charizard|Charizard-Mega-Y, L50, M|100/100\n|-weather|SunnyDay|[from] ability: Drought|[of] p1a: Charizard\n|move|p2a: Basculegion|Wave Crash|p1a: Charizard\n|-supereffective|p1a: Charizard|1\n|-damage|p1a: Charizard|0 fnt\n|faint|p1a: Charizard\n|-damage|p2a: Basculegion|74/100|[from] Recoil\n|move|p1b: Venusaur|Sludge Bomb|p2b: Politoed\n|-damage|p2b: Politoed|31/100\n|move|p2b: Politoed|Weather Ball|p1b: Venusaur\n|-supereffective|p1b: Venusaur|1\n|-damage|p1b: Venusaur|43/100\n|-enditem|p1b: Venusaur|Sitrus Berry|[eat]\n|-heal|p1b: Venusaur|68/100|[from] item: Sitrus Berry\n|\n|-weather|SunnyDay|[upkeep]\n|-heal|p2b: Politoed|38/100|[from] item: Leftovers\n|upkeep\n|\n|t:|1775924663\n|switch|p1a: Incineroar|Incineroar, L50, M|65/100\n|-ability|p1a: Incineroar|Intimidate|boost\n|-unboost|p2a: Basculegion|atk|1\n|-unboost|p2b: Politoed|atk|1\n|turn|5\n|\n|t:|1775924673\n|switch|p2b: Sinistcha|Sinistcha-Masterpiece, L50|88/100\n|-heal|p2a: Basculegion|99/100|[from] ability: Hospitality|[of] p2b: Sinistcha\n|move|p2a: Basculegion|Wave Crash|p1a: Incineroar\n|-supereffective|p1a: Incineroar|1\n|-damage|p1a: Incineroar|23/100\n|-damage|p2a: Basculegion|87/100|[from] Recoil\n|move|p1b: Venusaur|Sludge Bomb|p2b: Sinistcha\n|-damage|p2b: Sinistcha|60/100\n|-status|p2b: Sinistcha|psn\n|move|p1a: Incineroar|Throat Chop|p2a: Basculegion\n|-supereffective|p2a: Basculegion|1\n|-damage|p2a: Basculegion|8/100\n|-start|p2a: Basculegion|Throat Chop|[silent]\n|\n|-weather|SunnyDay|[upkeep]\n|-damage|p2b: Sinistcha|48/100 psn|[from] psn\n|upkeep\n|turn|6\n|\n|t:|1775924700\n|switch|p2a: Politoed|Politoed, L50, F|38/100\n|-weather|RainDance|[from] ability: Drizzle|[of] p2a: Politoed\n|move|p1b: Venusaur|Sludge Bomb|p2b: Sinistcha\n|-damage|p2b: Sinistcha|17/100 psn\n|move|p2b: Sinistcha|Matcha Gotcha|p1a: Incineroar|[spread] p1a,p1b\n|-resisted|p1a: Incineroar|1\n|-resisted|p1b: Venusaur|2\n|-damage|p1a: Incineroar|13/100\n|-heal|p2b: Sinistcha|22/100 psn|[from] drain|[of] p1a: Incineroar\n|-damage|p1b: Venusaur|63/100\n|-heal|p2b: Sinistcha|24/100 psn|[from] drain|[of] p1b: Venusaur\n|move|p1a: Incineroar|Throat Chop|p2a: Politoed\n|-damage|p2a: Politoed|7/100\n|-start|p2a: Politoed|Throat Chop|[silent]\n|\n|-weather|RainDance|[upkeep]\n|-heal|p2a: Politoed|13/100|[from] item: Leftovers\n|-damage|p2b: Sinistcha|12/100 psn|[from] psn\n|upkeep\n|turn|7\n|\n|t:|1775924726\n|move|p2a: Politoed|Protect|p2a: Politoed\n|-singleturn|p2a: Politoed|Protect\n|move|p1b: Venusaur|Giga Drain|p2a: Politoed\n|-activate|p2a: Politoed|move: Protect\n|move|p2b: Sinistcha|Life Dew|p2b: Sinistcha|[spread] p2a,p2b\n|-heal|p2a: Politoed|38/100\n|-heal|p2b: Sinistcha|37/100 psn\n|move|p1a: Incineroar|Throat Chop|p2a: Politoed\n|-activate|p2a: Politoed|move: Protect\n|\n|-weather|RainDance|[upkeep]\n|-heal|p2a: Politoed|44/100|[from] item: Leftovers\n|-damage|p2b: Sinistcha|24/100 psn|[from] psn\n|-end|p2a: Politoed|Throat Chop|[silent]\n|upkeep\n|turn|8\n|\n|t:|1775924743\n|move|p1b: Venusaur|Giga Drain|p2a: Politoed\n|-supereffective|p2a: Politoed|1\n|-damage|p2a: Politoed|4/100\n|-heal|p1b: Venusaur|88/100|[from] drain|[of] p2a: Politoed\n|move|p2a: Politoed|Weather Ball|p1a: Incineroar\n|-supereffective|p1a: Incineroar|1\n|-damage|p1a: Incineroar|0 fnt\n|faint|p1a: Incineroar\n|move|p2b: Sinistcha|Matcha Gotcha|p1b: Venusaur\n|-resisted|p1b: Venusaur|2\n|-crit|p1b: Venusaur\n|-damage|p1b: Venusaur|77/100\n|-heal|p2b: Sinistcha|29/100 psn|[from] drain|[of] p1b: Venusaur\n|\n|-weather|RainDance|[upkeep]\n|-heal|p2a: Politoed|10/100|[from] item: Leftovers\n|-damage|p2b: Sinistcha|17/100 psn|[from] psn\n|upkeep\n|\n|t:|1775924758\n|switch|p1a: Sneasler|Sneasler, L50, M|100/100\n|turn|9\n|\n|t:|1775924767\n|move|p2a: Politoed|Protect|p2a: Politoed\n|-singleturn|p2a: Politoed|Protect\n|move|p1a: Sneasler|Fake Out|p2a: Politoed\n|-activate|p2a: Politoed|move: Protect\n|move|p1b: Venusaur|Sludge Bomb|p2b: Sinistcha\n|-damage|p2b: Sinistcha|0 fnt\n|faint|p2b: Sinistcha\n|\n|-weather|RainDance|[upkeep]\n|-heal|p2a: Politoed|16/100|[from] item: Leftovers\n|upkeep\n|\n|t:|1775924775\n|switch|p2b: Basculegion|Basculegion, L50, M|8/100\n|turn|10\n|\n|t:|1775924789\n|move|p1a: Sneasler|Protect|p1a: Sneasler\n|-singleturn|p1a: Sneasler|Protect\n|move|p2b: Basculegion|Last Respects|p1b: Venusaur\n|-damage|p1b: Venusaur|0 fnt\n|faint|p1b: Venusaur\n|move|p2a: Politoed|Weather Ball|p1a: Sneasler\n|-activate|p1a: Sneasler|move: Protect\n|\n|-weather|none\n|-heal|p2a: Politoed|22/100|[from] item: Leftovers\n|upkeep\n|turn|11\n|\n|t:|1775924800\n|move|p2a: Politoed|Helping Hand|p2b: Basculegion\n|-singleturn|p2b: Basculegion|Helping Hand|[of] p2a: Politoed\n|move|p2b: Basculegion|Last Respects|p1a: Sneasler\n|-damage|p1a: Sneasler|0 fnt\n|faint|p1a: Sneasler\n|\n|win|sadmvldd\n|raw|flyingtacodog's rating: 1060 &rarr; <strong>1044</strong><br />(-16 for losing)\n|raw|sadmvldd's rating: 1119 &rarr; <strong>1140</strong><br />(+21 for winning)\n",
  "uploadtime": 1775924805,
  "views": 36,
  "formatid": "gen9championsvgc2026regma",
  "rating": 1044,
  "private": 0,
  "password": null
}