{
  "id": "gen9championsvgc2026regma-2582796704",
  "format": "[Gen 9 Champions] VGC 2026 Reg M-A",
  "players": [
    "kulaan mey",
    "jiagah"
  ],
  "log": "|j|\u2606kulaan mey\n|j|\u2606jiagah\n|t:|1776114816\n|gametype|doubles\n|player|p1|kulaan mey|scientist-gen4|1000\n|player|p2|jiagah|blackbelt-gen4|1000\n|gen|9\n|tier|[Gen 9 Champions] VGC 2026 Reg M-A\n|rated|\n|rule|Species Clause: Limit one of each Pok\u00e9mon\n|rule|Item Clause: Limit 1 of each item\n|clearpoke\n|poke|p1|Lucario, L50, M|\n|poke|p1|Gliscor, L50, M|\n|poke|p1|Farigiraf, L50, F|\n|poke|p1|Hydrapple, L50, M|\n|poke|p1|Whimsicott, L50, F|\n|poke|p1|Tauros-Paldea-Aqua, L50, M|\n|poke|p2|Aggron, L50, M|\n|poke|p2|Sinistcha, L50|\n|poke|p2|Tyranitar, L50, M|\n|poke|p2|Excadrill, L50, F|\n|poke|p2|Farigiraf, L50, F|\n|poke|p2|Slowbro-Galar, L50, M|\n|teampreview|4\nkulaan mey rejected open team sheets.\n|\n|t:|1776114850\n|teamsize|p1|4\n|teamsize|p2|4\n|start\n|switch|p1a: Hydrapple|Hydrapple, L50, M, shiny|100/100\n|switch|p1b: Gliscor|Gliscor, L50, M|100/100\n|switch|p2a: Slowbro|Slowbro-Galar, L50, M|100/100\n|switch|p2b: Aggron|Aggron, L50, M|100/100\n|turn|1\n|-activate|p2a: Slowbro|ability: Quick Draw\n|\n|t:|1776114862\n|switch|p1a: Tauros|Tauros-Paldea-Aqua, L50, M, shiny|100/100\n|-ability|p1a: Tauros|Intimidate|boost\n|-unboost|p2a: Slowbro|atk|1\n|-unboost|p2b: Aggron|atk|1\n|detailschange|p2b: Aggron|Aggron-Mega, L50, M\n|-mega|p2b: Aggron|Aggron|Aggronite\n|move|p2a: Slowbro|Ice Punch|p1b: Gliscor\n|-supereffective|p1b: Gliscor|2\n|-enditem|p1b: Gliscor|Yache Berry|[eat]\n|-enditem|p1b: Gliscor|Yache Berry|[weaken]\n|-damage|p1b: Gliscor|80/100\n|move|p1b: Gliscor|Toxic Spikes|p2b: Aggron\n|-sidestart|p2: jiagah|move: Toxic Spikes\n|move|p2b: Aggron|Iron Defense|p2b: Aggron\n|-boost|p2b: Aggron|def|2\n|\n|upkeep\n|turn|2\n|-activate|p2a: Slowbro|ability: Quick Draw\n|\n|t:|1776114899\n|move|p2a: Slowbro|Shell Side Arm|p1a: Tauros|[anim] Shell Side Arm Special\n|-damage|p1a: Tauros|54/100\n|-hint|Special Shell Side Arm\n|-status|p1a: Tauros|psn\n|move|p1a: Tauros|Close Combat|p2b: Aggron\n|-supereffective|p2b: Aggron|1\n|-damage|p2b: Aggron|80/100\n|-unboost|p1a: Tauros|def|1\n|-unboost|p1a: Tauros|spd|1\n|move|p1b: Gliscor|High Horsepower|p2b: Aggron\n|-supereffective|p2b: Aggron|1\n|-damage|p2b: Aggron|69/100\n|move|p2b: Aggron|Body Press|p1a: Tauros\n|-crit|p1a: Tauros\n|-damage|p1a: Tauros|0 fnt\n|faint|p1a: Tauros\n|\n|upkeep\n|\n|t:|1776114918\n|switch|p1a: Hydrapple|Hydrapple, L50, M, shiny|100/100\n|turn|3\n|\n|t:|1776114942\n|switch|p2a: Sinistcha|Sinistcha, L50|100/100\n|-status|p2a: Sinistcha|psn\n|-heal|p2b: Aggron|94/100|[from] ability: Hospitality|[of] p2a: Sinistcha\n|move|p1b: Gliscor|High Horsepower|p2a: Sinistcha\n|-resisted|p2a: Sinistcha|1\n|-damage|p2a: Sinistcha|85/100 psn\n|move|p2b: Aggron|Heavy Slam|p1b: Gliscor\n|-damage|p1b: Gliscor|57/100\n|move|p1a: Hydrapple|Fickle Beam|p2a: Sinistcha\n|-damage|p2a: Sinistcha|32/100 psn\n|\n|-damage|p2a: Sinistcha|19/100 psn|[from] psn\n|upkeep\n|turn|4\n|\n|t:|1776114967\n|move|p1b: Gliscor|Knock Off|p2a: Sinistcha\n|-supereffective|p2a: Sinistcha|1\n|-damage|p2a: Sinistcha|0 fnt\n|-enditem|p2a: Sinistcha|Mental Herb|[from] move: Knock Off|[of] p1b: Gliscor\n|faint|p2a: Sinistcha\n|move|p2b: Aggron|Body Press|p1b: Gliscor\n|-resisted|p1b: Gliscor|1\n|-damage|p1b: Gliscor|33/100\n|move|p1a: Hydrapple|Nasty Plot|p1a: Hydrapple\n|-boost|p1a: Hydrapple|spa|2\n|\n|upkeep\n|\n|t:|1776114975\n|switch|p2a: Slowbro|Slowbro-Galar, L50, M|100/100\n|-sideend|p2: jiagah|move: Toxic Spikes|[of] p2a: Slowbro\n|turn|5\n|\n|t:|1776114986\n|move|p1b: Gliscor|High Horsepower|p2a: Slowbro\n|-supereffective|p2a: Slowbro|1\n|-damage|p2a: Slowbro|46/100\n|move|p2b: Aggron|Heavy Slam|p1b: Gliscor\n|-damage|p1b: Gliscor|7/100\n|move|p1a: Hydrapple|Fickle Beam|p2a: Slowbro\n|-damage|p2a: Slowbro|0 fnt\n|faint|p2a: Slowbro\n|\n|upkeep\n|\n|t:|1776114994\n|switch|p2a: Farigiraf|Farigiraf, L50, F|100/100\n|turn|6\n|\n|t:|1776115004\n|move|p1b: Gliscor|Knock Off|p2a: Farigiraf\n|-supereffective|p2a: Farigiraf|1\n|-damage|p2a: Farigiraf|60/100\n|-enditem|p2a: Farigiraf|Leftovers|[from] move: Knock Off|[of] p1b: Gliscor\n|move|p2a: Farigiraf|Hyper Voice|p1a: Hydrapple|[spread] p1a,p1b\n|-damage|p1a: Hydrapple|72/100\n|-damage|p1b: Gliscor|0 fnt\n|faint|p1b: Gliscor\n|move|p2b: Aggron|Body Press|p1a: Hydrapple\n|-damage|p1a: Hydrapple|26/100\n|move|p1a: Hydrapple|Fickle Beam|p2a: Farigiraf|[anim] Fickle Beam All Out\n|-activate|p1a: Hydrapple|move: Fickle Beam\n|-damage|p2a: Farigiraf|0 fnt\n|faint|p2a: Farigiraf\n|\n|upkeep\n|\n|t:|1776115011\n|switch|p1b: Whimsicott|Whimsicott, L50, F|100/100\n|turn|7\n|\n|t:|1776115024\n|move|p1b: Whimsicott|Leech Seed|p2b: Aggron|[miss]\n|-miss|p1b: Whimsicott|p2b: Aggron\n|move|p2b: Aggron|Body Press|p1a: Hydrapple\n|-damage|p1a: Hydrapple|0 fnt\n|faint|p1a: Hydrapple\n|\n|upkeep\n|turn|8\n|\n|t:|1776115032\n|move|p1b: Whimsicott|Cotton Guard|p1b: Whimsicott\n|-boost|p1b: Whimsicott|def|3\n|move|p2b: Aggron|Heavy Slam|p1b: Whimsicott\n|-supereffective|p1b: Whimsicott|1\n|-damage|p1b: Whimsicott|71/100\n|\n|-heal|p1b: Whimsicott|77/100|[from] item: Leftovers\n|upkeep\n|turn|9\n|\n|t:|1776115039\n|move|p1b: Whimsicott|Leech Seed|p2b: Aggron\n|-start|p2b: Aggron|move: Leech Seed\n|move|p2b: Aggron|Heavy Slam|p1b: Whimsicott\n|-supereffective|p1b: Whimsicott|1\n|-damage|p1b: Whimsicott|48/100\n|\n|-heal|p1b: Whimsicott|54/100|[from] item: Leftovers\n|-damage|p2b: Aggron|82/100|[from] Leech Seed|[of] p1b: Whimsicott\n|-heal|p1b: Whimsicott|67/100|[silent]\n|upkeep\n|turn|10\n|-message|jiagah forfeited.\n|\n|win|kulaan mey\n|raw|kulaan mey's rating: 1000 &rarr; <strong>1040</strong><br />(+40 for winning)\n|raw|jiagah's rating: 1000 &rarr; <strong>1000</strong><br />(+0 for losing)\n|l|\u2606jiagah\n|player|p2|\n",
  "uploadtime": 1776115048,
  "views": 14,
  "formatid": "gen9championsvgc2026regma",
  "rating": 1000,
  "private": 0,
  "password": null
}