{
  "id": "gen9championsvgc2026regma-2586500835",
  "format": "[Gen 9 Champions] VGC 2026 Reg M-A",
  "players": [
    "pawfreak",
    "nipter"
  ],
  "log": "|j|\u2606pawfreak\n|j|\u203dnipter\n|t:|1776439001\n|gametype|doubles\n|player|p1|pawfreak|n|1158\n|player|p2|nipter|az|1237\n|gen|9\n|tier|[Gen 9 Champions] VGC 2026 Reg M-A\n|rated|\n|rule|Species Clause: Limit one of each Pok\u00e9mon\n|rule|Item Clause: Limit 1 of each item\n|clearpoke\n|poke|p1|Farigiraf, L50, F|\n|poke|p1|Torkoal, L50, M|\n|poke|p1|Tyranitar, L50, F|\n|poke|p1|Clefable, L50, F|\n|poke|p1|Scizor, L50, M|\n|poke|p1|Klefki, L50, F|\n|poke|p2|Greninja-*, L50, F|\n|poke|p2|Politoed, L50, F|\n|poke|p2|Incineroar, L50, F|\n|poke|p2|Basculegion-F, L50, F|\n|poke|p2|Garchomp, L50, F|\n|poke|p2|Archaludon, L50, F|\n|teampreview|4\n|\n|t:|1776439037\n|teamsize|p1|4\n|teamsize|p2|4\n|start\n|switch|p1a: Farigiraf|Farigiraf, L50, F|100/100\n|switch|p1b: Clefable|Clefable, L50, F|100/100\n|switch|p2a: Greninja|Greninja, L50, F, shiny|100/100\n|switch|p2b: Politoed|Politoed, L50, F, shiny|100/100\n|-weather|RainDance|[from] ability: Drizzle|[of] p2b: Politoed\n|turn|1\n|\n|t:|1776439057\n|detailschange|p2a: Greninja|Greninja-Mega, L50, F, shiny\n|-mega|p2a: Greninja|Greninja|Greninjite\n|move|p1b: Clefable|Follow Me|p1b: Clefable\n|-singleturn|p1b: Clefable|move: Follow Me\n|move|p2a: Greninja|Dark Pulse|p1b: Clefable\n|-start|p2a: Greninja|typechange|Dark|[from] ability: Protean\n|-resisted|p1b: Clefable|1\n|-damage|p1b: Clefable|78/100\n|move|p2b: Politoed|Weather Ball|p1b: Clefable\n|-damage|p1b: Clefable|3/100\n|move|p1a: Farigiraf|Trick Room|p1a: Farigiraf\n|-fieldstart|move: Trick Room|[of] p1a: Farigiraf\n|\n|-weather|RainDance|[upkeep]\n|upkeep\n|turn|2\n|\n|t:|1776439075\n|switch|p2a: Archaludon|Archaludon, L50, F|100/100\n|move|p1a: Farigiraf|Protect|p1a: Farigiraf\n|-singleturn|p1a: Farigiraf|Protect\n|move|p1b: Clefable|Dazzling Gleam|p2a: Archaludon|[spread] p2a,p2b\n|-damage|p2a: Archaludon|65/100\n|-damage|p2b: Politoed|76/100\n|-ability|p2a: Archaludon|Stamina|boost\n|-boost|p2a: Archaludon|def|1\n|move|p2b: Politoed|Weather Ball|p1a: Farigiraf\n|-activate|p1a: Farigiraf|move: Protect\n|\n|-weather|RainDance|[upkeep]\n|-heal|p2a: Archaludon|72/100|[from] item: Leftovers\n|upkeep\n|turn|3\n|\n|t:|1776439100\n|move|p2b: Politoed|Protect|p2b: Politoed\n|-singleturn|p2b: Politoed|Protect\n|move|p1b: Clefable|Follow Me|p1b: Clefable\n|-singleturn|p1b: Clefable|move: Follow Me\n|move|p1a: Farigiraf|Hyper Voice|p2a: Archaludon|[spread] p2a\n|-activate|p2b: Politoed|move: Protect\n|-resisted|p2a: Archaludon|1\n|-damage|p2a: Archaludon|49/100\n|-ability|p2a: Archaludon|Stamina|boost\n|-boost|p2a: Archaludon|def|1\n|move|p2a: Archaludon|Electro Shot||[still]\n|-prepare|p2a: Archaludon|Electro Shot\n|-boost|p2a: Archaludon|spa|1\n|-anim|p2a: Archaludon|Electro Shot|p1b: Clefable\n|-damage|p1b: Clefable|0 fnt\n|faint|p1b: Clefable\n|\n|-weather|RainDance|[upkeep]\n|-heal|p2a: Archaludon|55/100|[from] item: Leftovers\n|upkeep\n|\n|t:|1776439120\n|switch|p1b: Torkoal|Torkoal, L50, M|100/100\n|-weather|SunnyDay|[from] ability: Drought|[of] p1b: Torkoal\n|turn|4\n|\n|t:|1776439154\n|switch|p1a: Klefki|Klefki, L50, F|100/100\n|switch|p2b: Garchomp|Garchomp, L50, F, shiny|100/100\n|move|p1b: Torkoal|Eruption|p2b: Garchomp|[spread] p2a,p2b\n|-resisted|p2b: Garchomp|1\n|-damage|p2a: Archaludon|0 fnt\n|-damage|p2b: Garchomp|53/100\n|faint|p2a: Archaludon\n|\n|-weather|SunnyDay|[upkeep]\n|upkeep\n|\n|t:|1776439164\n|switch|p2a: Politoed|Politoed, L50, F, shiny|76/100\n|-weather|RainDance|[from] ability: Drizzle|[of] p2a: Politoed\n|turn|5\n|\n|t:|1776439171\n|move|p2a: Politoed|Protect|p2a: Politoed\n|-singleturn|p2a: Politoed|Protect\n|move|p1a: Klefki|Sunny Day|p1a: Klefki\n|-weather|SunnyDay\n|move|p1b: Torkoal|Eruption|p2a: Politoed|[spread] p2b\n|-activate|p2a: Politoed|move: Protect\n|-resisted|p2b: Garchomp|1\n|-damage|p2b: Garchomp|7/100\n|-enditem|p2b: Garchomp|Sitrus Berry|[eat]\n|-heal|p2b: Garchomp|32/100|[from] item: Sitrus Berry\n|move|p2b: Garchomp|Earthquake|p1a: Klefki|[spread] p1a,p1b\n|-activate|p2a: Politoed|move: Protect\n|-supereffective|p1a: Klefki|1\n|-supereffective|p1b: Torkoal|1\n|-damage|p1a: Klefki|31/100\n|-damage|p1b: Torkoal|45/100\n|\n|-weather|SunnyDay|[upkeep]\n|-fieldend|move: Trick Room\n|upkeep\n|turn|6\n|\n|t:|1776439197\n|switch|p2a: Greninja|Greninja-Mega, L50, F, shiny|100/100\n|move|p2b: Garchomp|Earthquake|p1a: Klefki|[spread] p2a,p1a,p1b\n|-supereffective|p1a: Klefki|1\n|-supereffective|p1b: Torkoal|1\n|-damage|p2a: Greninja|46/100\n|-damage|p1a: Klefki|0 fnt\n|-damage|p1b: Torkoal|0 fnt\n|faint|p1a: Klefki\n|faint|p1b: Torkoal\n|\n|-weather|SunnyDay|[upkeep]\n|upkeep\n|\n|t:|1776439210\n|switch|p1a: Farigiraf|Farigiraf, L50, F|100/100\n|turn|7\n|\n|t:|1776439221\n|move|p2a: Greninja|Dark Pulse|p1a: Farigiraf\n|-start|p2a: Greninja|typechange|Dark|[from] ability: Protean\n|-supereffective|p1a: Farigiraf|1\n|-damage|p1a: Farigiraf|7/100\n|move|p2b: Garchomp|Dragon Claw|p1a: Farigiraf\n|-damage|p1a: Farigiraf|0 fnt\n|faint|p1a: Farigiraf\n|\n|win|nipter\n|raw|pawfreak's rating: 1158 &rarr; <strong>1139</strong><br />(-19 for losing)\n|raw|nipter's rating: 1237 &rarr; <strong>1256</strong><br />(+19 for winning)\n|l|\u2606pawfreak\n|player|p1|\n",
  "uploadtime": 1776439233,
  "views": 167,
  "formatid": "gen9championsvgc2026regma",
  "rating": 1139,
  "private": 0,
  "password": null
}