{
  "id": "gen9championsvgc2026regma-2583248746",
  "format": "[Gen 9 Champions] VGC 2026 Reg M-A",
  "players": [
    "shin-tv07",
    "cdyhj"
  ],
  "log": "|j|\u2606shin-tv07\n|j|\u2606cdyhj\n|t:|1776159346\n|gametype|doubles\n|player|p1|shin-tv07|twins-gen4dp|1086\n|player|p2|cdyhj|101|1127\n|gen|9\n|tier|[Gen 9 Champions] VGC 2026 Reg M-A\n|rated|\n|rule|Species Clause: Limit one of each Pok\u00e9mon\n|rule|Item Clause: Limit 1 of each item\n|clearpoke\n|poke|p1|Tauros-Paldea-Aqua, L50, M|\n|poke|p1|Froslass, L50, F|\n|poke|p1|Whimsicott, L50, F|\n|poke|p1|Farigiraf, L50, F|\n|poke|p1|Palafin, L50, F|\n|poke|p1|Floette-Eternal, L50, F|\n|poke|p2|Sinistcha, L50|\n|poke|p2|Drampa, L50, M|\n|poke|p2|Ninetales-Alola, L50, F|\n|poke|p2|Basculegion, L50, M|\n|poke|p2|Slowbro, L50, M|\n|poke|p2|Alakazam, L50, M|\n|teampreview|4\n|\n|t:|1776159400\n|teamsize|p1|4\n|teamsize|p2|4\n|start\n|switch|p1a: Tauros|Tauros-Paldea-Aqua, L50, M|100/100\n|switch|p1b: Froslass|Froslass, L50, F|100/100\n|switch|p2a: Slowbro|Slowbro, L50, M|100/100\n|switch|p2b: Alakazam|Alakazam, L50, M|100/100\n|turn|1\n|\n|t:|1776159412\n|detailschange|p2a: Slowbro|Slowbro-Mega, L50, M\n|-mega|p2a: Slowbro|Slowbro|Slowbronite\n|move|p2b: Alakazam|Light Screen|p2b: Alakazam\n|-sidestart|p2: cdyhj|move: Light Screen\n|move|p1b: Froslass|Frost Breath|p1a: Tauros\n|-resisted|p1a: Tauros|1\n|-crit|p1a: Tauros\n|-damage|p1a: Tauros|84/100\n|-setboost|p1a: Tauros|atk|6|[from] ability: Anger Point\n|move|p1a: Tauros|Rock Slide|p2a: Slowbro|[spread] p2a,p2b\n|-damage|p2a: Slowbro|69/100\n|-damage|p2b: Alakazam|7/100\n|move|p2a: Slowbro|Calm Mind|p2a: Slowbro\n|-boost|p2a: Slowbro|spa|1\n|-boost|p2a: Slowbro|spd|1\n|\n|upkeep\n|turn|2\n|\n|t:|1776159441\n|detailschange|p1b: Froslass|Froslass-Mega, L50, F\n|-mega|p1b: Froslass|Froslass|Froslassite\n|-weather|Snowscape|[from] ability: Snow Warning|[of] p1b: Froslass\n|move|p1a: Tauros|Protect|p1a: Tauros\n|-singleturn|p1a: Tauros|Protect\n|move|p2b: Alakazam|Speed Swap|p2a: Slowbro\n|-activate|p2b: Alakazam|move: Speed Swap|[of] p2a: Slowbro\n|move|p2a: Slowbro|Slack Off|p2a: Slowbro\n|-heal|p2a: Slowbro|100/100\n|move|p1b: Froslass|Blizzard|p2b: Alakazam|[spread] p2a,p2b\n|-resisted|p2a: Slowbro|1\n|-crit|p2b: Alakazam\n|-damage|p2a: Slowbro|92/100\n|-damage|p2b: Alakazam|0 fnt\n|faint|p2b: Alakazam\n|\n|-weather|Snowscape|[upkeep]\n|upkeep\n|\n|t:|1776159455\n|switch|p2b: Ninetales|Ninetales-Alola, L50, F|100/100\n|turn|3\n|\n|t:|1776159466\n|move|p1b: Froslass|Shadow Ball|p2a: Slowbro\n|-supereffective|p2a: Slowbro|1\n|-damage|p2a: Slowbro|63/100\n|move|p2a: Slowbro|Calm Mind|p2a: Slowbro\n|-boost|p2a: Slowbro|spa|1\n|-boost|p2a: Slowbro|spd|1\n|move|p2b: Ninetales|Aurora Veil|p2b: Ninetales\n|-sidestart|p2: cdyhj|move: Aurora Veil\n|move|p1a: Tauros|Rock Slide|p2b: Ninetales|[spread] p2a,p2b\n|-supereffective|p2b: Ninetales|1\n|-damage|p2a: Slowbro|42/100\n|-damage|p2b: Ninetales|23/100\n|\n|-weather|Snowscape|[upkeep]\n|upkeep\n|turn|4\n|\n|t:|1776159493\n|switch|p2b: Sinistcha|Sinistcha, L50|100/100\n|-heal|p2a: Slowbro|67/100|[from] ability: Hospitality|[of] p2b: Sinistcha\n|move|p2a: Slowbro|Surf|p1b: Froslass|[spread] p2b,p1a,p1b\n|-resisted|p2b: Sinistcha|1\n|-resisted|p1a: Tauros|1\n|-damage|p2b: Sinistcha|68/100\n|-damage|p1a: Tauros|39/100\n|-damage|p1b: Froslass|21/100\n|move|p1b: Froslass|Shadow Ball|p2a: Slowbro\n|-supereffective|p2a: Slowbro|1\n|-damage|p2a: Slowbro|41/100\n|move|p1a: Tauros|Rock Slide|p2a: Slowbro|[spread] p2a,p2b\n|-damage|p2a: Slowbro|17/100\n|-damage|p2b: Sinistcha|36/100\n|-enditem|p2b: Sinistcha|Sitrus Berry|[eat]\n|-heal|p2b: Sinistcha|61/100|[from] item: Sitrus Berry\n|\n|-weather|Snowscape|[upkeep]\n|upkeep\n|turn|5\n|c|\u2606shin-tv07|how are you faster?\n|\n|t:|1776159535\n|move|p1a: Tauros|Aqua Jet|p2a: Slowbro\n|-resisted|p2a: Slowbro|1\n|-damage|p2a: Slowbro|5/100\n|move|p1b: Froslass|Shadow Ball|p2a: Slowbro\n|-supereffective|p2a: Slowbro|1\n|-damage|p2a: Slowbro|0 fnt\n|faint|p2a: Slowbro\n|move|p2b: Sinistcha|Life Dew|p2b: Sinistcha\n|-heal|p2b: Sinistcha|86/100\n|\n|-weather|Snowscape|[upkeep]\n|-sideend|p2: cdyhj|move: Light Screen\n|upkeep\n|\n|t:|1776159546\n|switch|p2a: Ninetales|Ninetales-Alola, L50, F|23/100\n|turn|6\n|-message|cdyhj forfeited.\n|\n|win|shin-tv07\n|raw|shin-tv07's rating: 1086 &rarr; <strong>1116</strong><br />(+30 for winning)\n|raw|cdyhj's rating: 1127 &rarr; <strong>1099</strong><br />(-28 for losing)\n|l|\u2606cdyhj\n|player|p2|\n",
  "uploadtime": 1776159554,
  "views": 12,
  "formatid": "gen9championsvgc2026regma",
  "rating": 1099,
  "private": 0,
  "password": null
}