{
  "id": "gen9championsvgc2026regma-2587164730",
  "format": "[Gen 9 Champions] VGC 2026 Reg M-A",
  "players": [
    "BlackWu",
    "Ladrillo4"
  ],
  "log": "|j|\u2606BlackWu\n|j|\u2606Ladrillo4\n|t:|1776502925\n|gametype|doubles\n|player|p1|BlackWu|101|1274\n|player|p2|Ladrillo4|101|1327\n|gen|9\n|tier|[Gen 9 Champions] VGC 2026 Reg M-A\n|rated|\n|rule|Species Clause: Limit one of each Pok\u00e9mon\n|rule|Item Clause: Limit 1 of each item\n|clearpoke\n|poke|p1|Tyranitar, L50, M|\n|poke|p1|Sneasler, L50, M|\n|poke|p1|Gyarados, L50, M|\n|poke|p1|Goodra-Hisui, L50, M|\n|poke|p1|Sinistcha, L50|\n|poke|p1|Farigiraf, L50, M|\n|poke|p2|Farigiraf, L50, M|\n|poke|p2|Incineroar, L50, F|\n|poke|p2|Torkoal, L50, F|\n|poke|p2|Kingambit, L50, F|\n|poke|p2|Gardevoir, L50, F|\n|poke|p2|Aerodactyl, L50, M|\n|teampreview|4\n|inactive|Battle timer is ON: inactive players will automatically lose when time's up. (requested by Ladrillo4)\n|inactive|BlackWu has 60 seconds left.\n|inactive|Ladrillo4 has 60 seconds left.\n|\n|t:|1776502973\n|teamsize|p1|4\n|teamsize|p2|4\n|start\n|switch|p1a: Goodra|Goodra-Hisui, L50, M|100/100\n|switch|p1b: Farigiraf|Farigiraf, L50, M|100/100\n|switch|p2a: Farigiraf|Farigiraf, L50, M|100/100\n|switch|p2b: Torkoal|Torkoal, L50, F|100/100\n|-weather|SunnyDay|[from] ability: Drought|[of] p2b: Torkoal\n|turn|1\n|\n|t:|1776502987\n|move|p2a: Farigiraf|Hyper Voice|p1b: Farigiraf|[spread] p1a,p1b\n|-resisted|p1a: Goodra|1\n|-damage|p1a: Goodra|92/100\n|-damage|p1b: Farigiraf|76/100\n|move|p1a: Goodra|Shelter|p1a: Goodra\n|-boost|p1a: Goodra|def|2\n|move|p1b: Farigiraf|Twin Beam|p2b: Torkoal\n|-damage|p2b: Torkoal|81/100\n|-damage|p2b: Torkoal|63/100\n|-hitcount|p2b: Torkoal|2\n|move|p2b: Torkoal|Heat Wave|p1a: Goodra|[spread] p1a,p1b\n|-damage|p1a: Goodra|57/100\n|-damage|p1b: Farigiraf|27/100\n|\n|-weather|SunnyDay|[upkeep]\n|-heal|p1a: Goodra|63/100|[from] item: Leftovers\n|upkeep\n|turn|2\n|\n|t:|1776503004\n|switch|p1b: Tyranitar|Tyranitar, L50, M|100/100\n|-weather|Sandstorm|[from] ability: Sand Stream|[of] p1b: Tyranitar\n|move|p2b: Torkoal|Protect|p2b: Torkoal\n|-singleturn|p2b: Torkoal|Protect\n|move|p1a: Goodra|Body Press|p2b: Torkoal\n|-activate|p2b: Torkoal|move: Protect\n|move|p2a: Farigiraf|Trick Room|p2a: Farigiraf\n|-fieldstart|move: Trick Room|[of] p2a: Farigiraf\n|\n|-weather|Sandstorm|[upkeep]\n|-damage|p2b: Torkoal|56/100|[from] Sandstorm\n|-damage|p2a: Farigiraf|94/100|[from] Sandstorm\n|-heal|p1a: Goodra|69/100|[from] item: Leftovers\n|upkeep\n|turn|3\n|\n|t:|1776503028\n|switch|p2b: Gardevoir|Gardevoir, L50, F|100/100\n|-ability|p2b: Gardevoir|Sand Stream|Trace|[from] ability: Trace|[of] p1b: Tyranitar\n|switch|p2a: Kingambit|Kingambit, L50, F|100/100\n|detailschange|p1b: Tyranitar|Tyranitar-Mega, L50, M\n|-mega|p1b: Tyranitar|Tyranitar|Tyranitarite\n|move|p1a: Goodra|Body Press|p2b: Gardevoir\n|-resisted|p2b: Gardevoir|2\n|-damage|p2b: Gardevoir|87/100\n|move|p1b: Tyranitar|Knock Off|p2a: Kingambit\n|-resisted|p2a: Kingambit|1\n|-damage|p2a: Kingambit|76/100\n|-enditem|p2a: Kingambit|Chople Berry|[from] move: Knock Off|[of] p1b: Tyranitar\n|\n|-weather|Sandstorm|[upkeep]\n|-damage|p2b: Gardevoir|82/100|[from] Sandstorm\n|-heal|p1a: Goodra|75/100|[from] item: Leftovers\n|upkeep\n|turn|4\n|inactive|Ladrillo4 has 30 seconds left.\n|\n|t:|1776503061\n|detailschange|p2b: Gardevoir|Gardevoir-Mega, L50, F\n|-mega|p2b: Gardevoir|Gardevoir|Gardevoirite\n|move|p2a: Kingambit|Iron Head|p1b: Tyranitar\n|-supereffective|p1b: Tyranitar|1\n|-damage|p1b: Tyranitar|37/100\n|move|p1a: Goodra|Heavy Slam|p2b: Gardevoir\n|-supereffective|p2b: Gardevoir|1\n|-damage|p2b: Gardevoir|0 fnt\n|faint|p2b: Gardevoir\n|move|p1b: Tyranitar|Knock Off|p2a: Kingambit\n|-resisted|p2a: Kingambit|1\n|-damage|p2a: Kingambit|59/100\n|\n|-weather|Sandstorm|[upkeep]\n|-heal|p1a: Goodra|81/100|[from] item: Leftovers\n|upkeep\n|\n|t:|1776503069\n|switch|p2b: Torkoal|Torkoal, L50, F|56/100\n|-weather|SunnyDay|[from] ability: Drought|[of] p2b: Torkoal\n|turn|5\n|\n|t:|1776503080\n|switch|p1b: Farigiraf|Farigiraf, L50, M|27/100\n|move|p1a: Goodra|Protect|p1a: Goodra\n|-singleturn|p1a: Goodra|Protect\n|move|p2b: Torkoal|Heat Wave|p1a: Goodra|[spread] p1b\n|-activate|p1a: Goodra|move: Protect\n|-damage|p1b: Farigiraf|0 fnt\n|faint|p1b: Farigiraf\n|move|p2a: Kingambit|Swords Dance|p2a: Kingambit\n|-boost|p2a: Kingambit|atk|2\n|\n|-weather|SunnyDay|[upkeep]\n|-heal|p1a: Goodra|87/100|[from] item: Leftovers\n|upkeep\n|\n|t:|1776503083\n|switch|p1b: Tyranitar|Tyranitar-Mega, L50, M|37/100\n|-weather|Sandstorm|[from] ability: Sand Stream|[of] p1b: Tyranitar\n|turn|6\n|\n|t:|1776503096\n|switch|p2b: Farigiraf|Farigiraf, L50, M|94/100\n|move|p1b: Tyranitar|Protect|p1b: Tyranitar\n|-singleturn|p1b: Tyranitar|Protect\n|move|p2a: Kingambit|Iron Head|p1b: Tyranitar\n|-activate|p1b: Tyranitar|move: Protect\n|move|p1a: Goodra|Body Press|p2a: Kingambit\n|-supereffective|p2a: Kingambit|2\n|-damage|p2a: Kingambit|0 fnt\n|faint|p2a: Kingambit\n|\n|-weather|Sandstorm|[upkeep]\n|-damage|p2b: Farigiraf|88/100|[from] Sandstorm\n|-heal|p1a: Goodra|92/100|[from] item: Leftovers\n|-fieldend|move: Trick Room\n|upkeep\n|\n|t:|1776503106\n|switch|p2a: Torkoal|Torkoal, L50, F|56/100\n|-weather|SunnyDay|[from] ability: Drought|[of] p2a: Torkoal\n|turn|7\n|\n|t:|1776503112\n|switch|p1b: Gyarados|Gyarados, L50, M|100/100\n|-ability|p1b: Gyarados|Intimidate|boost\n|-unboost|p2a: Torkoal|atk|1\n|-unboost|p2b: Farigiraf|atk|1\n|move|p2a: Torkoal|Protect|p2a: Torkoal\n|-singleturn|p2a: Torkoal|Protect\n|move|p1a: Goodra|Body Press|p2a: Torkoal\n|-activate|p2a: Torkoal|move: Protect\n|move|p2b: Farigiraf|Trick Room|p2b: Farigiraf\n|-fieldstart|move: Trick Room|[of] p2b: Farigiraf\n|\n|-weather|SunnyDay|[upkeep]\n|-heal|p1a: Goodra|98/100|[from] item: Leftovers\n|upkeep\n|turn|8\n|\n|t:|1776503123\n|switch|p1a: Tyranitar|Tyranitar-Mega, L50, M|37/100\n|-weather|Sandstorm|[from] ability: Sand Stream|[of] p1a: Tyranitar\n|move|p2a: Torkoal|Heat Wave|p1a: Tyranitar|[spread] p1a,p1b\n|-resisted|p1a: Tyranitar|1\n|-resisted|p1b: Gyarados|1\n|-damage|p1a: Tyranitar|28/100\n|-damage|p1b: Gyarados|85/100\n|move|p2b: Farigiraf|Hyper Voice|p1b: Gyarados|[spread] p1a,p1b\n|-resisted|p1a: Tyranitar|1\n|-damage|p1a: Tyranitar|20/100\n|-damage|p1b: Gyarados|61/100\n|move|p1b: Gyarados|Waterfall|p2a: Torkoal\n|-supereffective|p2a: Torkoal|1\n|-damage|p2a: Torkoal|6/100\n|\n|-weather|Sandstorm|[upkeep]\n|-damage|p2a: Torkoal|0 fnt|[from] Sandstorm\n|-damage|p2b: Farigiraf|82/100|[from] Sandstorm\n|-damage|p1b: Gyarados|55/100|[from] Sandstorm\n|faint|p2a: Torkoal\n|upkeep\n|turn|9\n|\n|t:|1776503140\n|move|p2b: Farigiraf|Hyper Voice|p1a: Tyranitar|[spread] p1a,p1b\n|-resisted|p1a: Tyranitar|1\n|-damage|p1a: Tyranitar|12/100\n|-damage|p1b: Gyarados|30/100\n|-enditem|p1b: Gyarados|Sitrus Berry|[eat]\n|-heal|p1b: Gyarados|55/100|[from] item: Sitrus Berry\n|move|p1b: Gyarados|Waterfall|p2b: Farigiraf\n|-damage|p2b: Farigiraf|51/100\n|move|p1a: Tyranitar|Knock Off|p2b: Farigiraf\n|-supereffective|p2b: Farigiraf|1\n|-damage|p2b: Farigiraf|0 fnt\n|-enditem|p2b: Farigiraf|Mental Herb|[from] move: Knock Off|[of] p1a: Tyranitar\n|faint|p2b: Farigiraf\n|\n|win|BlackWu\n|raw|BlackWu's rating: 1274 &rarr; <strong>1303</strong><br />(+29 for winning)\n|raw|Ladrillo4's rating: 1327 &rarr; <strong>1304</strong><br />(-23 for losing)\n|l|\u2606Ladrillo4\n|player|p2|\n",
  "uploadtime": 1776503151,
  "views": 23,
  "formatid": "gen9championsvgc2026regma",
  "rating": 1303,
  "private": 0,
  "password": null
}