{
  "id": "gen9championsvgc2026regma-2581360592",
  "format": "[Gen 9 Champions] VGC 2026 Reg M-A",
  "players": [
    "soulo333",
    "Holibrand"
  ],
  "log": "|j|\u2606soulo333\n|j|\u2606Holibrand\n|t:|1775991592\n|gametype|doubles\n|player|p1|soulo333|2|1000\n|player|p2|Holibrand|pokemonbreeder-gen4|1020\n|gen|9\n|tier|[Gen 9 Champions] VGC 2026 Reg M-A\n|rated|\n|rule|Species Clause: Limit one of each Pok\u00e9mon\n|rule|Item Clause: Limit 1 of each item\n|clearpoke\n|poke|p1|Charizard, L50, F|\n|poke|p1|Kingambit, L50, M|\n|poke|p1|Rotom-Wash, L50|\n|poke|p1|Sinistcha, L50|\n|poke|p1|Ninetales-Alola, L50, F|\n|poke|p1|Sneasler, L50, F|\n|poke|p2|Camerupt, L50, M|\n|poke|p2|Incineroar, L50, F|\n|poke|p2|Sneasler, L50, F|\n|poke|p2|Gyarados, L50, M|\n|poke|p2|Sinistcha, L50|\n|poke|p2|Gardevoir, L50, F|\n|teampreview|4\n|inactive|Battle timer is ON: inactive players will automatically lose when time's up. (requested by Holibrand)\n|inactive|Holibrand has 60 seconds left.\n|l|\u2606Holibrand\n|inactive|Holibrand disconnected and has a minute to reconnect!\n|player|p2|\n|j|\u2606Holibrand\n|inactive|Holibrand reconnected and has 40 seconds left.\n|player|p2|Holibrand|pokemonbreeder-gen4|\n|inactive|Holibrand has 30 seconds left.\n|\n|t:|1775991659\n|teamsize|p1|4\n|teamsize|p2|4\n|start\n|switch|p1a: Kingambit|Kingambit, L50, M|100/100\n|switch|p1b: Sinistcha|Sinistcha, L50|100/100\n|switch|p2a: Sinistcha|Sinistcha, L50|100/100\n|switch|p2b: Camerupt|Camerupt, L50, M|100/100\n|turn|1\n|\n|t:|1775991673\n|detailschange|p2b: Camerupt|Camerupt-Mega, L50, M\n|-mega|p2b: Camerupt|Camerupt|Cameruptite\n|move|p1b: Sinistcha|Matcha Gotcha|p2a: Sinistcha|[spread] p2a,p2b\n|-resisted|p2a: Sinistcha|1\n|-damage|p2a: Sinistcha|87/100\n|-damage|p2b: Camerupt|77/100\n|-status|p2a: Sinistcha|brn\n|move|p2a: Sinistcha|Imprison|p2a: Sinistcha\n|-start|p2a: Sinistcha|move: Imprison\n|move|p1a: Kingambit|Kowtow Cleave|p2a: Sinistcha\n|-supereffective|p2a: Sinistcha|1\n|-damage|p2a: Sinistcha|0 fnt\n|faint|p2a: Sinistcha\n|move|p2b: Camerupt|Heat Wave|p1b: Sinistcha|[spread] p1a,p1b\n|-supereffective|p1a: Kingambit|1\n|-supereffective|p1b: Sinistcha|1\n|-damage|p1a: Kingambit|0 fnt\n|-damage|p1b: Sinistcha|0 fnt\n|faint|p1a: Kingambit\n|faint|p1b: Sinistcha\n|\n|upkeep\n|\n|t:|1775991695\n|switch|p1b: Charizard|Charizard, L50, F|100/100\n|switch|p2a: Incineroar|Incineroar, L50, F|100/100\n|switch|p1a: Rotom|Rotom-Wash, L50|100/100\n|-ability|p2a: Incineroar|Intimidate|boost\n|-unboost|p1a: Rotom|atk|1\n|-unboost|p1b: Charizard|atk|1\n|turn|2\n|\n|t:|1775991709\n|move|p2a: Incineroar|Fake Out|p1a: Rotom\n|-damage|p1a: Rotom|88/100\n|move|p1b: Charizard|Dragon Dance|p1b: Charizard\n|-boost|p1b: Charizard|atk|1\n|-boost|p1b: Charizard|spe|1\n|cant|p1a: Rotom|flinch\n|move|p2b: Camerupt|Heat Wave|p1a: Rotom|[spread] p1a,p1b\n|-resisted|p1a: Rotom|1\n|-resisted|p1b: Charizard|1\n|-damage|p1a: Rotom|66/100\n|-damage|p1b: Charizard|67/100\n|\n|upkeep\n|turn|3\n|\n|t:|1775991728\n|detailschange|p1b: Charizard|Charizard-Mega-X, L50, F\n|-mega|p1b: Charizard|Charizard|Charizardite X\n|move|p2b: Camerupt|Protect|p2b: Camerupt\n|-singleturn|p2b: Camerupt|Protect\n|move|p1b: Charizard|Dragon Dance|p1b: Charizard\n|-boost|p1b: Charizard|atk|1\n|-boost|p1b: Charizard|spe|1\n|move|p1a: Rotom|Thunderbolt|p2b: Camerupt\n|-activate|p2b: Camerupt|move: Protect\n|move|p2a: Incineroar|Parting Shot|p1b: Charizard\n|-unboost|p1b: Charizard|atk|1\n|-unboost|p1b: Charizard|spa|1\n|\n|t:|1775991741\n|switch|p2a: Sneasler|Sneasler, L50, F|100/100|[from] Parting Shot\n|\n|upkeep\n|turn|4\n|\n|t:|1775991754\n|move|p2a: Sneasler|Fake Out|p1a: Rotom\n|-damage|p1a: Rotom|51/100\n|move|p1b: Charizard|Dragon Claw|p2a: Sneasler\n|-damage|p2a: Sneasler|35/100\n|cant|p1a: Rotom|flinch\n|move|p2b: Camerupt|Earth Power|p1b: Charizard\n|-supereffective|p1b: Charizard|1\n|-damage|p1b: Charizard|0 fnt\n|faint|p1b: Charizard\n|\n|upkeep\n|turn|5\n|-message|soulo333 forfeited.\n|\n|win|Holibrand\n|raw|soulo333's rating: 1000 &rarr; <strong>1000</strong><br />(+0 for losing)\n|raw|Holibrand's rating: 1020 &rarr; <strong>1055</strong><br />(+35 for winning)\n",
  "uploadtime": 1775991760,
  "views": 20,
  "formatid": "gen9championsvgc2026regma",
  "rating": 1000,
  "private": 0,
  "password": null
}