{
  "id": "gen9championsvgc2026regma-2587020173",
  "format": "[Gen 9 Champions] VGC 2026 Reg M-A",
  "players": [
    "venusaurrr",
    "Scrambledegg62"
  ],
  "log": "|j|\u2606venusaurrr\n|j|\u2606Scrambledegg62\n|t:|1776481955\n|gametype|doubles\n|player|p1|venusaurrr|boarder|1376\n|player|p2|Scrambledegg62|lance|1316\n|gen|9\n|tier|[Gen 9 Champions] VGC 2026 Reg M-A\n|rated|\n|rule|Species Clause: Limit one of each Pok\u00e9mon\n|rule|Item Clause: Limit 1 of each item\n|clearpoke\n|poke|p1|Golurk, L50|\n|poke|p1|Farigiraf, L50, F|\n|poke|p1|Incineroar, L50, M|\n|poke|p1|Torkoal, L50, F|\n|poke|p1|Sneasler, L50, F|\n|poke|p1|Venusaur, L50, F|\n|poke|p2|Gardevoir, L50, M|\n|poke|p2|Maushold-Four, L50|\n|poke|p2|Basculegion, L50, M|\n|poke|p2|Talonflame, L50, F|\n|poke|p2|Kingambit, L50, M|\n|poke|p2|Garchomp, L50, F|\n|teampreview|4\n|inactive|Battle timer is ON: inactive players will automatically lose when time's up. (requested by Scrambledegg62)\n|inactive|Scrambledegg62 has 60 seconds left.\n|\n|t:|1776481990\n|teamsize|p1|4\n|teamsize|p2|4\n|start\n|switch|p1a: Sneasler|Sneasler, L50, F|100/100\n|switch|p1b: Farigiraf|Farigiraf, L50, F|100/100\n|switch|p2a: Basculegion|Basculegion, L50, M|100/100\n|switch|p2b: Kingambit|Kingambit, L50, M, shiny|100/100\n|turn|1\n|\n|t:|1776482011\n|move|p2b: Kingambit|Protect|p2b: Kingambit\n|-singleturn|p2b: Kingambit|Protect\n|move|p1a: Sneasler|Coaching|p1b: Farigiraf\n|-boost|p1b: Farigiraf|atk|1\n|-boost|p1b: Farigiraf|def|1\n|move|p2a: Basculegion|Wave Crash|p1b: Farigiraf\n|-damage|p1b: Farigiraf|65/100\n|-damage|p2a: Basculegion|87/100|[from] Recoil\n|move|p1b: Farigiraf|Trick Room|p1b: Farigiraf\n|-fieldstart|move: Trick Room|[of] p1b: Farigiraf\n|\n|upkeep\n|turn|2\n|inactive|Scrambledegg62 has 30 seconds left.\n|\n|t:|1776482036\n|switch|p1b: Torkoal|Torkoal, L50, F|100/100\n|-weather|SunnyDay|[from] ability: Drought|[of] p1b: Torkoal\n|move|p2b: Kingambit|Kowtow Cleave|p1b: Torkoal\n|-damage|p1b: Torkoal|64/100\n|move|p2a: Basculegion|Wave Crash|p1a: Sneasler\n|-damage|p1a: Sneasler|42/100\n|-damage|p2a: Basculegion|72/100|[from] Recoil\n|move|p1a: Sneasler|Close Combat|p2b: Kingambit\n|-supereffective|p2b: Kingambit|2\n|-enditem|p2b: Kingambit|Chople Berry|[eat]\n|-enditem|p2b: Kingambit|Chople Berry|[weaken]\n|-damage|p2b: Kingambit|10/100\n|-unboost|p1a: Sneasler|def|1\n|-unboost|p1a: Sneasler|spd|1\n|-enditem|p1a: Sneasler|White Herb\n|-clearnegativeboost|p1a: Sneasler|[silent]\n|\n|-weather|SunnyDay|[upkeep]\n|upkeep\n|turn|3\n|inactive|Scrambledegg62 has 30 seconds left.\n|\n|t:|1776482066\n|switch|p1a: Farigiraf|Farigiraf, L50, F|65/100\n|move|p2b: Kingambit|Sucker Punch||[still]\n|cant|p1a: Farigiraf|ability: Armor Tail|Sucker Punch|[of] p2b: Kingambit\n|move|p1b: Torkoal|Heat Wave|p2a: Basculegion|[spread] p2b\n|-miss|p1b: Torkoal|p2a: Basculegion\n|-supereffective|p2b: Kingambit|1\n|-damage|p2b: Kingambit|0 fnt\n|faint|p2b: Kingambit\n|move|p2a: Basculegion|Last Respects|p1a: Farigiraf\n|-immune|p1a: Farigiraf\n|\n|-weather|SunnyDay|[upkeep]\n|upkeep\n|\n|t:|1776482079\n|switch|p2b: Talonflame|Talonflame, L50, F, shiny|100/100\n|turn|4\n|\n|t:|1776482087\n|move|p2a: Basculegion|Protect|p2a: Basculegion\n|-singleturn|p2a: Basculegion|Protect\n|move|p2b: Talonflame|Protect|p2b: Talonflame\n|-singleturn|p2b: Talonflame|Protect\n|move|p1b: Torkoal|Heat Wave|p2a: Basculegion|[spread] \n|-activate|p2a: Basculegion|move: Protect\n|-activate|p2b: Talonflame|move: Protect\n|move|p1a: Farigiraf|Psychic|p2a: Basculegion\n|-activate|p2a: Basculegion|move: Protect\n|\n|-weather|SunnyDay|[upkeep]\n|upkeep\n|turn|5\n|inactive|venusaurrr has 30 seconds left.\n|inactive|Scrambledegg62 has 30 seconds left.\n|\n|t:|1776482120\n|move|p2b: Talonflame|Tailwind|p2b: Talonflame\n|-sidestart|p2: Scrambledegg62|move: Tailwind\n|move|p1b: Torkoal|Heat Wave|p2a: Basculegion|[spread] p2a,p2b\n|-resisted|p2a: Basculegion|1\n|-resisted|p2b: Talonflame|1\n|-damage|p2a: Basculegion|39/100\n|-damage|p2b: Talonflame|55/100\n|-enditem|p2a: Basculegion|Sitrus Berry|[eat]\n|-heal|p2a: Basculegion|64/100|[from] item: Sitrus Berry\n|move|p1a: Farigiraf|Psychic|p2a: Basculegion\n|-damage|p2a: Basculegion|20/100\n|move|p2a: Basculegion|Last Respects|p1b: Torkoal\n|-damage|p1b: Torkoal|17/100\n|\n|-weather|SunnyDay|[upkeep]\n|-fieldend|move: Trick Room\n|upkeep\n|turn|6\n|inactive|Scrambledegg62 has 30 seconds left.\n|\n|t:|1776482146\n|move|p2b: Talonflame|Acrobatics|p1a: Farigiraf\n|-crit|p1a: Farigiraf\n|-damage|p1a: Farigiraf|12/100\n|-enditem|p1a: Farigiraf|Sitrus Berry|[eat]\n|-heal|p1a: Farigiraf|37/100|[from] item: Sitrus Berry\n|move|p2a: Basculegion|Wave Crash|p1a: Farigiraf\n|-damage|p1a: Farigiraf|12/100\n|-damage|p2a: Basculegion|11/100|[from] Recoil\n|move|p1b: Torkoal|Heat Wave|p2a: Basculegion|[spread] p2a,p2b\n|-resisted|p2a: Basculegion|1\n|-resisted|p2b: Talonflame|1\n|-damage|p2a: Basculegion|0 fnt\n|-damage|p2b: Talonflame|11/100\n|faint|p2a: Basculegion\n|move|p1a: Farigiraf|Trick Room|p1a: Farigiraf\n|-fieldstart|move: Trick Room|[of] p1a: Farigiraf\n|\n|-weather|none\n|upkeep\n|\n|t:|1776482159\n|switch|p2a: Gardevoir|Gardevoir, L50, M|100/100\n|turn|7\n|\n|t:|1776482176\n|detailschange|p2a: Gardevoir|Gardevoir-Mega, L50, M\n|-mega|p2a: Gardevoir|Gardevoir|Gardevoirite\n|move|p2b: Talonflame|Protect|p2b: Talonflame\n|-singleturn|p2b: Talonflame|Protect\n|move|p1b: Torkoal|Heat Wave|p2a: Gardevoir|[spread] p2a\n|-activate|p2b: Talonflame|move: Protect\n|-damage|p2a: Gardevoir|66/100\n|move|p1a: Farigiraf|Hyper Voice|p2b: Talonflame|[spread] p2a\n|-activate|p2b: Talonflame|move: Protect\n|-damage|p2a: Gardevoir|40/100\n|move|p2a: Gardevoir|Hyper Voice|p1a: Farigiraf|[spread] p1a,p1b\n|-resisted|p1b: Torkoal|1\n|-damage|p1a: Farigiraf|0 fnt\n|-damage|p1b: Torkoal|0 fnt\n|faint|p1a: Farigiraf\n|faint|p1b: Torkoal\n|\n|upkeep\n|\n|t:|1776482192\n|switch|p1b: Sneasler|Sneasler, L50, F|42/100\n|switch|p1a: Golurk|Golurk, L50|100/100\n|turn|8\n|\n|t:|1776482203\n|detailschange|p1a: Golurk|Golurk-Mega, L50\n|-mega|p1a: Golurk|Golurk|Golurkite\n|move|p2a: Gardevoir|Protect|p2a: Gardevoir\n|-singleturn|p2a: Gardevoir|Protect\n|move|p2b: Talonflame|Protect||[still]\n|-fail|p2b: Talonflame\n|move|p1b: Sneasler|Fake Out|p2b: Talonflame\n|-damage|p2b: Talonflame|0 fnt\n|faint|p2b: Talonflame\n|move|p1a: Golurk|Headlong Rush|p2a: Gardevoir\n|-ability|p1a: Golurk|Unseen Fist\n|-zbroken|p2a: Gardevoir\n|-damage|p2a: Gardevoir|12/100\n|-unboost|p1a: Golurk|def|1\n|-unboost|p1a: Golurk|spd|1\n|\n|-sideend|p2: Scrambledegg62|move: Tailwind\n|upkeep\n|turn|9\n|-message|Scrambledegg62 forfeited.\n|\n|win|venusaurrr\n|raw|venusaurrr's rating: 1376 &rarr; <strong>1393</strong><br />(+17 for winning)\n|raw|Scrambledegg62's rating: 1316 &rarr; <strong>1299</strong><br />(-17 for losing)\n",
  "uploadtime": 1776482218,
  "views": 24,
  "formatid": "gen9championsvgc2026regma",
  "rating": 1299,
  "private": 0,
  "password": null
}