{
  "id": "gen9championsvgc2026regma-2583919426",
  "format": "[Gen 9 Champions] VGC 2026 Reg M-A",
  "players": [
    "ImInkkk",
    "jj_axiii101"
  ],
  "log": "|j|\u2606ImInkkk\n|j|\u2606jj_axiii101\n|t:|1776208320\n|gametype|doubles\n|player|p1|ImInkkk|hugh|1116\n|player|p2|jj_axiii101|aaron|1204\n|gen|9\n|tier|[Gen 9 Champions] VGC 2026 Reg M-A\n|rated|\n|rule|Species Clause: Limit one of each Pok\u00e9mon\n|rule|Item Clause: Limit 1 of each item\n|clearpoke\n|poke|p1|Typhlosion-Hisui, L50, F|\n|poke|p1|Whimsicott, L50, F|\n|poke|p1|Garchomp, L50, M|\n|poke|p1|Zoroark-Hisui, L50, F|\n|poke|p1|Floette-Eternal, L50, F|\n|poke|p1|Incineroar, L50, F|\n|poke|p2|Charizard, L50, M|\n|poke|p2|Venusaur, L50, M|\n|poke|p2|Garchomp, L50, F|\n|poke|p2|Rotom-Wash, L50|\n|poke|p2|Sneasler, L50, F|\n|poke|p2|Incineroar, L50, M|\n|teampreview|4\n|inactive|Battle timer is ON: inactive players will automatically lose when time's up. (requested by jj_axiii101)\n|inactive|jj_axiii101 has 60 seconds left.\n|\n|t:|1776208355\n|teamsize|p1|4\n|teamsize|p2|4\n|start\n|switch|p1a: Whimsicott|Whimsicott, L50, F, shiny|100/100\n|switch|p1b: Incineroar|Incineroar, L50, F, shiny|100/100\n|switch|p2a: Charizard|Charizard, L50, M|100/100\n|switch|p2b: Venusaur|Venusaur, L50, M|100/100\n|-ability|p1b: Incineroar|Intimidate|boost\n|-unboost|p2a: Charizard|atk|1\n|-unboost|p2b: Venusaur|atk|1\n|turn|1\n|\n|t:|1776208378\n|move|p1b: Incineroar|Fake Out|p2a: Charizard\n|-damage|p2a: Charizard|85/100\n|move|p1a: Whimsicott|Tailwind|p1a: Whimsicott\n|-sidestart|p1: ImInkkk|move: Tailwind\n|cant|p2a: Charizard|flinch\n|move|p2b: Venusaur|Sleep Powder|p1a: Whimsicott\n|-immune|p1a: Whimsicott\n|\n|upkeep\n|turn|2\n|c|\u2606jj_axiii101|oh yeah forgot\n|c|\u2606ImInkkk|???\n|inactive|ImInkkk has 30 seconds left.\n|c|\u2606ImInkkk|It happens to me too\n|inactive|ImInkkk has 20 seconds left.\n|inactive|jj_axiii101 has 30 seconds left.\n|inactive|ImInkkk has 15 seconds left.\n|\n|t:|1776208419\n|switch|p2b: Incineroar|Incineroar, L50, M|100/100\n|-ability|p2b: Incineroar|Intimidate|boost\n|-unboost|p1a: Whimsicott|atk|1\n|-unboost|p1b: Incineroar|atk|1\n|detailschange|p2a: Charizard|Charizard-Mega-Y, L50, M\n|-mega|p2a: Charizard|Charizard|Charizardite Y\n|-weather|SunnyDay|[from] ability: Drought|[of] p2a: Charizard\n|move|p1a: Whimsicott|Protect|p1a: Whimsicott\n|-singleturn|p1a: Whimsicott|Protect\n|move|p2a: Charizard|Weather Ball|p1a: Whimsicott\n|-activate|p1a: Whimsicott|move: Protect\n|move|p1b: Incineroar|Flare Blitz|p2b: Incineroar\n|-resisted|p2b: Incineroar|1\n|-damage|p2b: Incineroar|79/100\n|-damage|p1b: Incineroar|94/100|[from] Recoil\n|\n|-weather|SunnyDay|[upkeep]\n|upkeep\n|turn|3\n|inactive|ImInkkk has 30 seconds left.\n|\n|t:|1776208445\n|move|p2b: Incineroar|Fake Out|p1b: Incineroar\n|-damage|p1b: Incineroar|83/100\n|move|p1a: Whimsicott|Moonblast|p2b: Incineroar\n|-damage|p2b: Incineroar|45/100\n|-enditem|p2b: Incineroar|Sitrus Berry|[eat]\n|-heal|p2b: Incineroar|69/100|[from] item: Sitrus Berry\n|move|p2a: Charizard|Weather Ball|p1a: Whimsicott\n|-supereffective|p1a: Whimsicott|1\n|-enditem|p1a: Whimsicott|Focus Sash\n|-damage|p1a: Whimsicott|1/100\n|cant|p1b: Incineroar|flinch\n|\n|-weather|SunnyDay|[upkeep]\n|upkeep\n|turn|4\n|\n|t:|1776208461\n|move|p1a: Whimsicott|Moonblast|p2b: Incineroar\n|-damage|p2b: Incineroar|35/100\n|move|p2a: Charizard|Heat Wave|p1b: Incineroar|[spread] p1a,p1b\n|-supereffective|p1a: Whimsicott|1\n|-resisted|p1b: Incineroar|1\n|-damage|p1a: Whimsicott|0 fnt\n|-damage|p1b: Incineroar|55/100\n|faint|p1a: Whimsicott\n|move|p1b: Incineroar|Parting Shot|p2a: Charizard\n|-unboost|p2a: Charizard|atk|1\n|-unboost|p2a: Charizard|spa|1\n|\n|t:|1776208471\n|switch|p1b: Typhlosion|Typhlosion-Hisui, L50, F, shiny|100/100|[from] Parting Shot\n|move|p2b: Incineroar|Parting Shot|p1b: Typhlosion\n|-unboost|p1b: Typhlosion|atk|1\n|-unboost|p1b: Typhlosion|spa|1\n|\n|t:|1776208478\n|switch|p2b: Venusaur|Venusaur, L50, M|100/100|[from] Parting Shot\n|\n|-weather|SunnyDay|[upkeep]\n|-sideend|p1: ImInkkk|move: Tailwind\n|upkeep\n|\n|t:|1776208484\n|switch|p1a: Typhlosion|Typhlosion-Hisui, L50, F, shiny|100/100\n|turn|5\n|\n|t:|1776208498\n|move|p2b: Venusaur|Sleep Powder|p1a: Typhlosion\n|-status|p1a: Typhlosion|slp|[from] move: Sleep Powder\n|cant|p1a: Typhlosion|slp\n|move|p1b: Typhlosion|Hyper Beam|p2a: Charizard\n|-crit|p2a: Charizard\n|-damage|p2a: Charizard|0 fnt\n|-mustrecharge|p1b: Typhlosion\n|faint|p2a: Charizard\n|\n|-weather|SunnyDay|[upkeep]\n|upkeep\n|c|\u2606jj_axiii101|yessir\n|\n|t:|1776208509\n|switch|p2a: Garchomp|Garchomp, L50, F|100/100\n|turn|6\n|\n|t:|1776208519\n|move|p2b: Venusaur|Sludge Bomb|p1a: Typhlosion\n|-resisted|p1a: Typhlosion|1\n|-damage|p1a: Typhlosion|74/100 slp\n|move|p2a: Garchomp|Bulldoze|p1b: Typhlosion|[spread] p2b,p1a,p1b\n|-supereffective|p1a: Typhlosion|1\n|-damage|p2b: Venusaur|70/100\n|-damage|p1a: Typhlosion|10/100 slp\n|-damage|p1b: Typhlosion|52/100\n|-unboost|p2b: Venusaur|spe|1\n|-unboost|p1a: Typhlosion|spe|1\n|-unboost|p1b: Typhlosion|spe|1\n|replace|p1b: Zoroark|Zoroark-Hisui, L50, F, shiny\n|-end|p1b: Zoroark|Illusion\n|-curestatus|p1a: Typhlosion|slp|[msg]\n|move|p1a: Typhlosion|Eruption|p2a: Garchomp|[spread] p2a,p2b\n|-resisted|p2a: Garchomp|1\n|-supereffective|p2b: Venusaur|1\n|-damage|p2a: Garchomp|94/100\n|-damage|p2b: Venusaur|39/100\n|cant|p1b: Zoroark|recharge\n|\n|-weather|none\n|upkeep\n|turn|7\n|\n|t:|1776208540\n|switch|p1a: Incineroar|Incineroar, L50, F, shiny|55/100\n|-ability|p1a: Incineroar|Intimidate|boost\n|-unboost|p2a: Garchomp|atk|1\n|-unboost|p2b: Venusaur|atk|1\n|move|p2a: Garchomp|Bulldoze|p1a: Incineroar|[spread] p2b,p1a,p1b\n|-crit|p2b: Venusaur\n|-supereffective|p1a: Incineroar|1\n|-damage|p2b: Venusaur|0 fnt\n|-damage|p1a: Incineroar|31/100\n|-damage|p1b: Zoroark|17/100\n|-unboost|p1a: Incineroar|spe|1\n|-unboost|p1b: Zoroark|spe|1\n|-enditem|p1a: Incineroar|Sitrus Berry|[eat]\n|-heal|p1a: Incineroar|56/100|[from] item: Sitrus Berry\n|faint|p2b: Venusaur\n|move|p1b: Zoroark|Hyper Beam|p2a: Garchomp\n|-damage|p2a: Garchomp|34/100\n|-mustrecharge|p1b: Zoroark\n|\n|upkeep\n|\n|t:|1776208553\n|switch|p2b: Incineroar|Incineroar, L50, M|35/100\n|-ability|p2b: Incineroar|Intimidate|boost\n|-unboost|p1a: Incineroar|atk|1\n|-unboost|p1b: Zoroark|atk|1\n|turn|8\n|\n|t:|1776208559\n|move|p2b: Incineroar|Fake Out|p1a: Incineroar\n|-damage|p1a: Incineroar|45/100\n|cant|p1a: Incineroar|flinch\n|move|p2a: Garchomp|Bulldoze|p1b: Zoroark|[spread] p2b,p1a,p1b\n|-supereffective|p2b: Incineroar|1\n|-supereffective|p1a: Incineroar|1\n|-damage|p2b: Incineroar|5/100\n|-damage|p1a: Incineroar|23/100\n|-damage|p1b: Zoroark|0 fnt\n|-unboost|p2b: Incineroar|spe|1\n|-unboost|p1a: Incineroar|spe|1\n|faint|p1b: Zoroark\n|\n|upkeep\n|\n|t:|1776208566\n|switch|p1b: Typhlosion|Typhlosion-Hisui, L50, F, shiny|10/100\n|turn|9\n|\n|t:|1776208575\n|move|p2a: Garchomp|Bulldoze|p1a: Incineroar|[spread] p2b,p1a,p1b\n|-supereffective|p2b: Incineroar|1\n|-supereffective|p1a: Incineroar|1\n|-supereffective|p1b: Typhlosion|1\n|-damage|p2b: Incineroar|0 fnt\n|-damage|p1a: Incineroar|0 fnt\n|-damage|p1b: Typhlosion|0 fnt\n|faint|p2b: Incineroar\n|faint|p1a: Incineroar\n|faint|p1b: Typhlosion\n|\n|win|jj_axiii101\n|raw|ImInkkk's rating: 1116 &rarr; <strong>1097</strong><br />(-19 for losing)\n|raw|jj_axiii101's rating: 1204 &rarr; <strong>1223</strong><br />(+19 for winning)\n|c|\u2606jj_axiii101|gg\n|c|\u2606ImInkkk|ggs\n|c|\u2606jj_axiii101|speed control\n|c|\u2606jj_axiii101|:DDD\n",
  "uploadtime": 1776208588,
  "views": 23,
  "formatid": "gen9championsvgc2026regma",
  "rating": 1097,
  "private": 0,
  "password": null
}