{
  "id": "gen9championsvgc2026regma-2587828909",
  "format": "[Gen 9 Champions] VGC 2026 Reg M-A",
  "players": [
    "houses3\u80e1\u841d\u535c\u4fa0",
    "bassv991"
  ],
  "log": "|j|\u2606houses3\u80e1\u841d\u535c\u4fa0\n|j|\u2606bassv991\n|t:|1776568233\n|gametype|doubles\n|player|p1|houses3\u80e1\u841d\u535c\u4fa0|102|1501\n|player|p2|bassv991|266|1549\n|gen|9\n|tier|[Gen 9 Champions] VGC 2026 Reg M-A\n|rated|\n|rule|Species Clause: Limit one of each Pok\u00e9mon\n|rule|Item Clause: Limit 1 of each item\n|clearpoke\n|poke|p1|Kingambit, L50, F|\n|poke|p1|Delphox, L50, M|\n|poke|p1|Basculegion, L50, M|\n|poke|p1|Maushold-Four, L50|\n|poke|p1|Garchomp, L50, M|\n|poke|p1|Floette-Eternal, L50, F|\n|poke|p2|Gengar, L50, M|\n|poke|p2|Sneasler, L50, M|\n|poke|p2|Pelipper, L50, M|\n|poke|p2|Basculegion, L50, M|\n|poke|p2|Scovillain, L50, M|\n|poke|p2|Kingambit, L50, F|\n|teampreview|4\n|j| JoseeFito\n|inactive|Battle timer is ON: inactive players will automatically lose when time's up. (requested by houses3\u80e1\u841d\u535c\u4fa0)\n|inactive|houses3\u80e1\u841d\u535c\u4fa0 has 60 seconds left.\n|\n|t:|1776568330\n|teamsize|p1|4\n|teamsize|p2|4\n|start\n|switch|p1a: Delphox|Delphox, L50, M|100/100\n|switch|p1b: Garchomp|Garchomp, L50, M|100/100\n|switch|p2a: Pelipper|Pelipper, L50, M|100/100\n|switch|p2b: Basculegion|Basculegion, L50, M|100/100\n|-weather|RainDance|[from] ability: Drizzle|[of] p2a: Pelipper\n|turn|1\n|inactive|houses3\u80e1\u841d\u535c\u4fa0 has 30 seconds left.\n|\n|t:|1776568356\n|switch|p1a: Basculegion|Basculegion, L50, M|100/100\n|move|p2b: Basculegion|Wave Crash|p1b: Garchomp\n|-damage|p1b: Garchomp|8/100\n|-damage|p2b: Basculegion|88/100|[from] ability: Rough Skin|[of] p1b: Garchomp\n|-enditem|p1b: Garchomp|Sitrus Berry|[eat]\n|-heal|p1b: Garchomp|33/100|[from] item: Sitrus Berry\n|-damage|p2b: Basculegion|60/100|[from] Recoil\n|move|p1b: Garchomp|Rock Slide|p2a: Pelipper|[spread] p2a,p2b\n|-supereffective|p2a: Pelipper|1\n|-damage|p2a: Pelipper|62/100\n|-damage|p2b: Basculegion|38/100\n|move|p2a: Pelipper|Tailwind|p2a: Pelipper\n|-sidestart|p2: bassv991|move: Tailwind\n|\n|-weather|RainDance|[upkeep]\n|upkeep\n|turn|2\n|inactive|bassv991 has 30 seconds left.\n|j| sammap\n|inactive|bassv991 has 20 seconds left.\n|inactive|bassv991 has 15 seconds left.\n|inactive|bassv991 has 10 seconds left.\n|\n|t:|1776568404\n|move|p1a: Basculegion|Protect|p1a: Basculegion\n|-singleturn|p1a: Basculegion|Protect\n|move|p1b: Garchomp|Protect|p1b: Garchomp\n|-singleturn|p1b: Garchomp|Protect\n|move|p2b: Basculegion|Last Respects|p1a: Basculegion\n|-activate|p1a: Basculegion|move: Protect\n|move|p2a: Pelipper|Hurricane|p1a: Basculegion\n|-activate|p1a: Basculegion|move: Protect\n|\n|-weather|RainDance|[upkeep]\n|upkeep\n|turn|3\n|inactive|houses3\u80e1\u841d\u535c\u4fa0 has 30 seconds left.\n|\n|t:|1776568430\n|move|p2b: Basculegion|Wave Crash|p1b: Garchomp\n|-damage|p1b: Garchomp|0 fnt\n|-damage|p2b: Basculegion|26/100|[from] ability: Rough Skin|[of] p1b: Garchomp\n|faint|p1b: Garchomp\n|-damage|p2b: Basculegion|16/100|[from] Recoil\n|move|p2a: Pelipper|Hurricane|p1a: Basculegion\n|-damage|p1a: Basculegion|59/100\n|move|p1a: Basculegion|Last Respects|p2a: Pelipper\n|-damage|p2a: Pelipper|1/100\n|-enditem|p2a: Pelipper|Sitrus Berry|[eat]\n|-heal|p2a: Pelipper|26/100|[from] item: Sitrus Berry\n|\n|-weather|RainDance|[upkeep]\n|upkeep\n|\n|t:|1776568451\n|switch|p1b: Maushold|Maushold-Four, L50|100/100\n|turn|4\n|inactive|bassv991 has 30 seconds left.\n|\n|t:|1776568478\n|switch|p2a: Scovillain|Scovillain, L50, M|100/100\n|move|p2b: Basculegion|Protect|p2b: Basculegion\n|-singleturn|p2b: Basculegion|Protect\n|move|p1b: Maushold|Protect|p1b: Maushold\n|-singleturn|p1b: Maushold|Protect\n|move|p1a: Basculegion|Aqua Jet|p2b: Basculegion\n|-activate|p2b: Basculegion|move: Protect\n|\n|-weather|RainDance|[upkeep]\n|-sideend|p2: bassv991|move: Tailwind\n|-ability|p2a: Scovillain|Moody|boost\n|-boost|p2a: Scovillain|spd|2\n|-unboost|p2a: Scovillain|spa|1\n|upkeep\n|turn|5\n|inactive|houses3\u80e1\u841d\u535c\u4fa0 has 30 seconds left.\n|inactive|bassv991 has 30 seconds left.\n|inactive|houses3\u80e1\u841d\u535c\u4fa0 has 20 seconds left.\n|inactive|houses3\u80e1\u841d\u535c\u4fa0 has 15 seconds left.\n|inactive|houses3\u80e1\u841d\u535c\u4fa0 has 10 seconds left.\n|inactive|houses3\u80e1\u841d\u535c\u4fa0 has 5 seconds left.\n|\n|t:|1776568530\n|move|p2a: Scovillain|Protect|p2a: Scovillain\n|-singleturn|p2a: Scovillain|Protect\n|move|p1b: Maushold|Follow Me|p1b: Maushold\n|-singleturn|p1b: Maushold|move: Follow Me\n|move|p2b: Basculegion|Wave Crash|p1b: Maushold\n|-damage|p1b: Maushold|0 fnt\n|faint|p1b: Maushold\n|-damage|p2b: Basculegion|0 fnt|[from] Recoil\n|faint|p2b: Basculegion\n|move|p1a: Basculegion|Wave Crash|p2a: Scovillain\n|-activate|p2a: Scovillain|move: Protect\n|\n|-weather|none\n|-ability|p2a: Scovillain|Moody|boost\n|-boost|p2a: Scovillain|spd|2\n|-unboost|p2a: Scovillain|spa|1\n|upkeep\n|j| anubisjr\n|j| thruxytwo\n|inactive|bassv991 has 30 seconds left.\n|\n|t:|1776568557\n|switch|p1b: Delphox|Delphox, L50, M|100/100\n|switch|p2b: Kingambit|Kingambit, L50, F|100/100\n|turn|6\n|\n|t:|1776568571\n|detailschange|p1b: Delphox|Delphox-Mega, L50, M\n|-mega|p1b: Delphox|Delphox|Delphoxite\n|detailschange|p2a: Scovillain|Scovillain-Mega, L50, M\n|-mega|p2a: Scovillain|Scovillain|Scovillainite\n|move|p2b: Kingambit|Sucker Punch|p1b: Delphox\n|-supereffective|p1b: Delphox|1\n|-damage|p1b: Delphox|0 fnt\n|faint|p1b: Delphox\n|move|p1a: Basculegion|Wave Crash|p2b: Kingambit\n|-crit|p2b: Kingambit\n|-damage|p2b: Kingambit|1/100\n|-damage|p1a: Basculegion|24/100|[from] Recoil\n|move|p2a: Scovillain|Leaf Storm|p1a: Basculegion\n|-supereffective|p1a: Basculegion|1\n|-damage|p1a: Basculegion|0 fnt\n|-unboost|p2a: Scovillain|spa|2\n|faint|p1a: Basculegion\n|\n|win|bassv991\n|raw|houses3\u80e1\u841d\u535c\u4fa0's rating: 1501 &rarr; <strong>1484</strong><br />(-17 for losing)\n|raw|bassv991's rating: 1549 &rarr; <strong>1566</strong><br />(+17 for winning)\n",
  "uploadtime": 1776568574,
  "views": 19,
  "formatid": "gen9championsvgc2026regma",
  "rating": 1484,
  "private": 0,
  "password": null
}