{
  "id": "gen9championsvgc2026regma-2586026540",
  "format": "[Gen 9 Champions] VGC 2026 Reg M-A",
  "players": [
    "Dvdtml",
    "yyssummer"
  ],
  "log": "|j|\u2606Dvdtml\n|j|\u2606yyssummer\n|t:|1776391531\n|gametype|doubles\n|player|p1|Dvdtml|101|1146\n|player|p2|yyssummer|265|1048\n|gen|9\n|tier|[Gen 9 Champions] VGC 2026 Reg M-A\n|rated|\n|rule|Species Clause: Limit one of each Pok\u00e9mon\n|rule|Item Clause: Limit 1 of each item\n|clearpoke\n|poke|p1|Scizor, L50, F|\n|poke|p1|Basculegion, L50, M|\n|poke|p1|Pelipper, L50, M|\n|poke|p1|Sableye, L50, M|\n|poke|p1|Sneasler, L50, F|\n|poke|p1|Incineroar, L50, M|\n|poke|p2|Aerodactyl, L50, F|\n|poke|p2|Farigiraf, L50, M|\n|poke|p2|Venusaur, L50, M|\n|poke|p2|Charizard, L50, F|\n|poke|p2|Sneasler, L50, F|\n|poke|p2|Garchomp, L50, F|\n|teampreview|4\nyyssummer rejected open team sheets.\n|inactive|Battle timer is ON: inactive players will automatically lose when time's up. (requested by Dvdtml)\n|inactiveoff|Battle timer is now OFF.\n|\n|t:|1776391606\n|teamsize|p1|4\n|teamsize|p2|4\n|start\n|switch|p1a: Sableye|Sableye, L50, M|100/100\n|switch|p1b: Basculegion|Basculegion, L50, M|100/100\n|switch|p2a: Venusaur|Venusaur, L50, M, shiny|100/100\n|switch|p2b: Charizard|Charizard, L50, F, shiny|100/100\n|turn|1\n|\n|t:|1776391632\n|switch|p2b: Farigiraf|Farigiraf, L50, M, shiny|100/100\n|move|p1a: Sableye|Rain Dance|p1a: Sableye\n|-weather|RainDance\n|move|p1b: Basculegion|Flip Turn|p2b: Farigiraf\n|-damage|p2b: Farigiraf|61/100\n|\n|t:|1776391642\n|switch|p1b: Scizor|Scizor, L50, F|100/100|[from] Flip Turn\n|move|p2a: Venusaur|Grass Knot|p1b: Scizor\n|-resisted|p1b: Scizor|2\n|-damage|p1b: Scizor|85/100\n|\n|-weather|RainDance|[upkeep]\n|upkeep\n|turn|2\n|inactive|Battle timer is ON: inactive players will automatically lose when time's up. (requested by Dvdtml)\n|\n|t:|1776391672\n|switch|p2a: Charizard|Charizard, L50, F, shiny|100/100\n|detailschange|p1b: Scizor|Scizor-Mega, L50, F\n|-mega|p1b: Scizor|Scizor|Scizorite\n|move|p2b: Farigiraf|Protect|p2b: Farigiraf\n|-singleturn|p2b: Farigiraf|Protect\n|move|p1a: Sableye|Light Screen|p1a: Sableye\n|-sidestart|p1: Dvdtml|move: Light Screen\n|move|p1b: Scizor|Swords Dance|p1b: Scizor\n|-boost|p1b: Scizor|atk|2\n|\n|-weather|RainDance|[upkeep]\n|upkeep\n|turn|3\n|\n|t:|1776391693\n|detailschange|p2a: Charizard|Charizard-Mega-Y, L50, F, shiny\n|-mega|p2a: Charizard|Charizard|Charizardite Y\n|-weather|SunnyDay|[from] ability: Drought|[of] p2a: Charizard\n|move|p1b: Scizor|Protect|p1b: Scizor\n|-singleturn|p1b: Scizor|Protect\n|move|p1a: Sableye|Rain Dance|p1a: Sableye\n|-weather|RainDance\n|move|p2a: Charizard|Heat Wave|p1a: Sableye|[spread] p1a\n|-activate|p1b: Scizor|move: Protect\n|-damage|p1a: Sableye|86/100\n|move|p2b: Farigiraf|Psychic|p1b: Scizor\n|-activate|p1b: Scizor|move: Protect\n|\n|-weather|RainDance|[upkeep]\n|upkeep\n|turn|4\n|\n|t:|1776391715\n|switch|p1a: Basculegion|Basculegion, L50, M|100/100\n|move|p2b: Farigiraf|Protect|p2b: Farigiraf\n|-singleturn|p2b: Farigiraf|Protect\n|move|p2a: Charizard|Heat Wave|p1a: Basculegion|[spread] p1a,p1b\n|-resisted|p1a: Basculegion|1\n|-supereffective|p1b: Scizor|2\n|-damage|p1a: Basculegion|92/100\n|-damage|p1b: Scizor|26/100\n|-status|p1a: Basculegion|brn\n|move|p1b: Scizor|Bug Bite|p2b: Farigiraf\n|-activate|p2b: Farigiraf|move: Protect\n|\n|-weather|RainDance|[upkeep]\n|-damage|p1a: Basculegion|86/100 brn|[from] brn\n|upkeep\n|turn|5\n|\n|t:|1776391737\n|switch|p2b: Venusaur|Venusaur, L50, M, shiny|100/100\n|move|p2a: Charizard|Protect|p2a: Charizard\n|-singleturn|p2a: Charizard|Protect\n|move|p1a: Basculegion|Wave Crash|p2a: Charizard\n|-activate|p2a: Charizard|move: Protect\n|move|p1b: Scizor|Bug Bite|p2b: Venusaur\n|-enditem|p2b: Venusaur|Focus Sash\n|-damage|p2b: Venusaur|1/100\n|\n|-weather|RainDance|[upkeep]\n|-damage|p1a: Basculegion|80/100 brn|[from] brn\n|upkeep\n|turn|6\n|inactive|yyssummer has 30 seconds left.\n|\n|t:|1776391763\n|switch|p2a: Farigiraf|Farigiraf, L50, M, shiny|61/100\n|move|p2b: Venusaur|Protect|p2b: Venusaur\n|-singleturn|p2b: Venusaur|Protect\n|move|p1b: Scizor|Protect|p1b: Scizor\n|-singleturn|p1b: Scizor|Protect\n|move|p1a: Basculegion|Wave Crash|p2a: Farigiraf\n|-damage|p2a: Farigiraf|22/100\n|-enditem|p2a: Farigiraf|Sitrus Berry|[eat]\n|-heal|p2a: Farigiraf|46/100|[from] item: Sitrus Berry\n|-damage|p1a: Basculegion|65/100 brn|[from] Recoil\n|\n|-weather|RainDance|[upkeep]\n|-damage|p1a: Basculegion|59/100 brn|[from] brn\n|-sideend|p1: Dvdtml|move: Light Screen\n|upkeep\n|turn|7\n|inactive|Dvdtml has 30 seconds left.\n|inactive|yyssummer has 30 seconds left.\n|inactive|Dvdtml has 20 seconds left.\n|inactive|Dvdtml has 15 seconds left.\n|\n|t:|1776391804\n|switch|p2a: Charizard|Charizard-Mega-Y, L50, F, shiny|100/100\n|-weather|SunnyDay|[from] ability: Drought|[of] p2a: Charizard\n|move|p1b: Scizor|Bullet Punch|p2a: Charizard\n|-resisted|p2a: Charizard|1\n|-damage|p2a: Charizard|54/100\n|move|p2b: Venusaur|Grass Knot|p1a: Basculegion\n|-supereffective|p1a: Basculegion|1\n|-damage|p1a: Basculegion|0 fnt\n|faint|p1a: Basculegion\n|\n|-weather|SunnyDay|[upkeep]\n|upkeep\n|\n|t:|1776391819\n|switch|p1a: Pelipper|Pelipper, L50, M|100/100\n|-weather|RainDance|[from] ability: Drizzle|[of] p1a: Pelipper\n|turn|8\n|\n|t:|1776391842\n|switch|p2b: Farigiraf|Farigiraf, L50, M, shiny|46/100\n|move|p2a: Charizard|Heat Wave|p1b: Scizor|[spread] p1a,p1b\n|-resisted|p1a: Pelipper|1\n|-supereffective|p1b: Scizor|2\n|-damage|p1a: Pelipper|84/100\n|-damage|p1b: Scizor|0 fnt\n|faint|p1b: Scizor\n|move|p1a: Pelipper|Hurricane|p2a: Charizard\n|-damage|p2a: Charizard|5/100\n|\n|-weather|RainDance|[upkeep]\n|upkeep\n|\n|t:|1776391854\n|switch|p1b: Sableye|Sableye, L50, M|86/100\n|turn|9\n|inactive|yyssummer has 30 seconds left.\n|inactive|Dvdtml has 30 seconds left.\n|\n|t:|1776391885\n|switch|p2a: Garchomp|Garchomp, L50, F|100/100\n|move|p1b: Sableye|Light Screen|p1b: Sableye\n|-sidestart|p1: Dvdtml|move: Light Screen\n|move|p1a: Pelipper|Hurricane|p2a: Garchomp\n|-damage|p2a: Garchomp|42/100\n|move|p2b: Farigiraf|Psychic|p1a: Pelipper\n|-damage|p1a: Pelipper|46/100\n|\n|-weather|RainDance|[upkeep]\n|upkeep\n|turn|10\n|inactive|Dvdtml has 30 seconds left.\n|inactive|yyssummer has 30 seconds left.\n|\n|t:|1776391913\n|move|p2b: Farigiraf|Protect|p2b: Farigiraf\n|-singleturn|p2b: Farigiraf|Protect\n|move|p1b: Sableye|Rain Dance||[still]\n|-fail|p1b: Sableye\n|move|p2a: Garchomp|Rock Slide|p1b: Sableye|[spread] p1a,p1b\n|-supereffective|p1a: Pelipper|1\n|-damage|p1a: Pelipper|0 fnt\n|-damage|p1b: Sableye|58/100\n|faint|p1a: Pelipper\n|\n|-weather|RainDance|[upkeep]\n|upkeep\n|turn|11\n|\n|t:|1776391936\n|move|p2a: Garchomp|Stomping Tantrum|p1b: Sableye\n|-damage|p1b: Sableye|0 fnt\n|faint|p1b: Sableye\n|\n|win|yyssummer\n|raw|Dvdtml's rating: 1146 &rarr; <strong>1114</strong><br />(-32 for losing)\n|raw|yyssummer's rating: 1048 &rarr; <strong>1090</strong><br />(+42 for winning)\n|l|\u2606Dvdtml\n|player|p1|\n",
  "uploadtime": 1776391963,
  "views": 21,
  "formatid": "gen9championsvgc2026regma",
  "rating": 1090,
  "private": 0,
  "password": null
}