{
  "id": "gen9championsvgc2026regma-2586304683",
  "format": "[Gen 9 Champions] VGC 2026 Reg M-A",
  "players": [
    "EllAkuro",
    "KogaAF1219"
  ],
  "log": "|j|\u2606EllAkuro\n|j|\u2606KogaAF1219\n|t:|1776423367\n|gametype|doubles\n|player|p1|EllAkuro|265|1344\n|player|p2|KogaAF1219|koga|1332\n|gen|9\n|tier|[Gen 9 Champions] VGC 2026 Reg M-A\n|rated|\n|rule|Species Clause: Limit one of each Pok\u00e9mon\n|rule|Item Clause: Limit 1 of each item\n|clearpoke\n|poke|p1|Clefable, L50, M|\n|poke|p1|Slowbro, L50, M|\n|poke|p1|Kangaskhan, L50, F|\n|poke|p1|Torterra, L50, M|\n|poke|p1|Rotom-Heat, L50|\n|poke|p1|Sneasler, L50, M|\n|poke|p2|Torkoal, L50, F|\n|poke|p2|Venusaur, L50, M|\n|poke|p2|Incineroar, L50, F|\n|poke|p2|Farigiraf, L50, M|\n|poke|p2|Rotom-Fan, L50|\n|poke|p2|Excadrill, L50, M|\n|teampreview|4\n|\n|t:|1776423394\n|teamsize|p1|4\n|teamsize|p2|4\n|start\n|switch|p1a: Rotom|Rotom-Heat, L50|100/100\n|switch|p1b: Slowbro|Slowbro, L50, M|100/100\n|switch|p2a: Venusaur|Venusaur, L50, M|100/100\n|switch|p2b: Torkoal|Torkoal, L50, F|100/100\n|-weather|SunnyDay|[from] ability: Drought|[of] p2b: Torkoal\n|turn|1\n|\n|t:|1776423414\n|switch|p1b: Sneasler|Sneasler, L50, M|100/100\n|move|p2a: Venusaur|Sleep Powder|p1a: Rotom\n|-status|p1a: Rotom|slp|[from] move: Sleep Powder\n|cant|p1a: Rotom|slp\n|move|p2b: Torkoal|Solar Beam||[still]\n|-prepare|p2b: Torkoal|Solar Beam\n|-anim|p2b: Torkoal|Solar Beam|p1b: Sneasler\n|-resisted|p1b: Sneasler|1\n|-crit|p1b: Sneasler\n|-damage|p1b: Sneasler|63/100\n|\n|-weather|SunnyDay|[upkeep]\n|upkeep\n|turn|2\n|\n|t:|1776423428\n|switch|p2a: Farigiraf|Farigiraf, L50, M|100/100\n|move|p1b: Sneasler|Fake Out||[still]\n|cant|p2a: Farigiraf|ability: Armor Tail|Fake Out|[of] p1b: Sneasler\n|cant|p1a: Rotom|slp\n|move|p2b: Torkoal|Earth Power|p1b: Sneasler\n|-supereffective|p1b: Sneasler|1\n|-damage|p1b: Sneasler|0 fnt\n|faint|p1b: Sneasler\n|\n|-weather|SunnyDay|[upkeep]\n|upkeep\n|\n|t:|1776423441\n|switch|p1b: Slowbro|Slowbro, L50, M|100/100\n|turn|3\n|\n|t:|1776423450\n|detailschange|p1b: Slowbro|Slowbro-Mega, L50, M\n|-mega|p1b: Slowbro|Slowbro|Slowbronite\n|-curestatus|p1a: Rotom|slp|[msg]\n|move|p1a: Rotom|Volt Switch|p2b: Torkoal\n|-crit|p2b: Torkoal\n|-damage|p2b: Torkoal|34/100\n|\n|t:|1776423456\n|switch|p1a: Clefable|Clefable, L50, M|100/100|[from] Volt Switch\n|move|p2a: Farigiraf|Thunderbolt|p1b: Slowbro\n|-supereffective|p1b: Slowbro|1\n|-damage|p1b: Slowbro|46/100\n|move|p1b: Slowbro|Slack Off|p1b: Slowbro\n|-heal|p1b: Slowbro|96/100\n|move|p2b: Torkoal|Solar Beam||[still]\n|-prepare|p2b: Torkoal|Solar Beam\n|-anim|p2b: Torkoal|Solar Beam|p1b: Slowbro\n|-supereffective|p1b: Slowbro|1\n|-damage|p1b: Slowbro|32/100\n|\n|-weather|SunnyDay|[upkeep]\n|upkeep\n|turn|4\n|\n|t:|1776423472\n|switch|p2b: Venusaur|Venusaur, L50, M|100/100\n|move|p1a: Clefable|Follow Me|p1a: Clefable\n|-singleturn|p1a: Clefable|move: Follow Me\n|move|p2a: Farigiraf|Thunderbolt|p1a: Clefable\n|-crit|p1a: Clefable\n|-damage|p1a: Clefable|61/100\n|move|p1b: Slowbro|Slack Off|p1b: Slowbro\n|-heal|p1b: Slowbro|83/100\n|\n|-weather|SunnyDay|[upkeep]\n|upkeep\n|turn|5\n|inactive|Battle timer is ON: inactive players will automatically lose when time's up. (requested by EllAkuro)\n|\n|t:|1776423487\n|detailschange|p2b: Venusaur|Venusaur-Mega, L50, M\n|-mega|p2b: Venusaur|Venusaur|Venusaurite\n|move|p1a: Clefable|Follow Me|p1a: Clefable\n|-singleturn|p1a: Clefable|move: Follow Me\n|move|p2b: Venusaur|Sleep Powder|p1a: Clefable\n|-status|p1a: Clefable|slp|[from] move: Sleep Powder\n|move|p2a: Farigiraf|Thunderbolt|p1a: Clefable\n|-crit|p1a: Clefable\n|-damage|p1a: Clefable|21/100 slp\n|-enditem|p1a: Clefable|Sitrus Berry|[eat]\n|-heal|p1a: Clefable|46/100 slp|[from] item: Sitrus Berry\n|move|p1b: Slowbro|Calm Mind|p1b: Slowbro\n|-boost|p1b: Slowbro|spa|1\n|-boost|p1b: Slowbro|spd|1\n|\n|-weather|none\n|upkeep\n|turn|6\n|\n|t:|1776423501\n|move|p2b: Venusaur|Sludge Bomb|p1a: Clefable\n|-supereffective|p1a: Clefable|1\n|-crit|p1a: Clefable\n|-damage|p1a: Clefable|0 fnt\n|faint|p1a: Clefable\n|move|p2a: Farigiraf|Thunderbolt|p1b: Slowbro\n|-supereffective|p1b: Slowbro|1\n|-damage|p1b: Slowbro|42/100\n|move|p1b: Slowbro|Calm Mind|p1b: Slowbro\n|-boost|p1b: Slowbro|spa|1\n|-boost|p1b: Slowbro|spd|1\n|\n|upkeep\n|\n|t:|1776423503\n|switch|p1a: Rotom|Rotom-Heat, L50|100/100\n|turn|7\n|\n|t:|1776423513\n|move|p1a: Rotom|Overheat|p2b: Venusaur\n|-supereffective|p2b: Venusaur|1\n|-damage|p2b: Venusaur|49/100\n|-unboost|p1a: Rotom|spa|2\n|move|p2b: Venusaur|Sleep Powder|p1b: Slowbro\n|-status|p1b: Slowbro|slp|[from] move: Sleep Powder\n|move|p2a: Farigiraf|Twin Beam|p1a: Rotom\n|-damage|p1a: Rotom|71/100\n|-damage|p1a: Rotom|44/100\n|-hitcount|p1a: Rotom|2\n|cant|p1b: Slowbro|slp\n|\n|upkeep\n|turn|8\n|\n|t:|1776423521\n|move|p2a: Farigiraf|Helping Hand|p2b: Venusaur\n|-singleturn|p2b: Venusaur|Helping Hand|[of] p2a: Farigiraf\n|move|p1a: Rotom|Overheat|p2b: Venusaur\n|-supereffective|p2b: Venusaur|1\n|-damage|p2b: Venusaur|24/100\n|-unboost|p1a: Rotom|spa|2\n|move|p2b: Venusaur|Giga Drain|p1b: Slowbro\n|-supereffective|p1b: Slowbro|1\n|-damage|p1b: Slowbro|0 fnt\n|-heal|p2b: Venusaur|47/100|[from] drain|[of] p1b: Slowbro\n|faint|p1b: Slowbro\n|\n|upkeep\n|turn|9\n|-message|EllAkuro forfeited.\n|\n|win|KogaAF1219\n|raw|EllAkuro's rating: 1344 &rarr; <strong>1323</strong><br />(-21 for losing)\n|raw|KogaAF1219's rating: 1332 &rarr; <strong>1353</strong><br />(+21 for winning)\n|l|\u2606EllAkuro\n|player|p1|\n",
  "uploadtime": 1776423530,
  "views": 40,
  "formatid": "gen9championsvgc2026regma",
  "rating": 1323,
  "private": 0,
  "password": null
}