{
  "id": "gen9championsvgc2026regma-2582895063",
  "format": "[Gen 9 Champions] VGC 2026 Reg M-A",
  "players": [
    "Morrocan AXL BLAZE",
    "Ulqi07"
  ],
  "log": "|j|\u2606Morrocan AXL BLAZE\n|j|\u2606Ulqi07\n|t:|1776122834\n|gametype|doubles\n|player|p1|Morrocan AXL BLAZE|nate|1148\n|player|p2|Ulqi07|lucas|1212\n|gen|9\n|tier|[Gen 9 Champions] VGC 2026 Reg M-A\n|rated|\n|rule|Species Clause: Limit one of each Pok\u00e9mon\n|rule|Item Clause: Limit 1 of each item\n|clearpoke\n|poke|p1|Tyranitar, L50, F|\n|poke|p1|Excadrill, L50, F|\n|poke|p1|Corviknight, L50, M|\n|poke|p1|Gyarados, L50, F|\n|poke|p1|Rotom-Heat, L50|\n|poke|p1|Sinistcha, L50|\n|poke|p2|Delphox, L50, M|\n|poke|p2|Basculegion, L50, M|\n|poke|p2|Clefable, L50, F|\n|poke|p2|Kingambit, L50, F|\n|poke|p2|Maushold-Four, L50|\n|poke|p2|Sneasler, L50, F|\n|teampreview|4\n|j| DanceGod9000\n|inactive|Battle timer is ON: inactive players will automatically lose when time's up. (requested by Ulqi07)\nMorrocan AXL BLAZE has agreed to open team sheets.\n|\n|t:|1776122863\n|teamsize|p1|4\n|teamsize|p2|4\n|start\n|switch|p1a: Rotom|Rotom-Heat, L50, shiny|100/100\n|switch|p1b: Tyranitar|Tyranitar, L50, F, shiny|100/100\n|switch|p2a: Maushold|Maushold-Four, L50|100/100\n|switch|p2b: Kingambit|Kingambit, L50, F|100/100\n|-weather|Sandstorm|[from] ability: Sand Stream|[of] p1b: Tyranitar\n|turn|1\n|\n|t:|1776122884\n|move|p1b: Tyranitar|Protect|p1b: Tyranitar\n|-singleturn|p1b: Tyranitar|Protect\n|move|p2b: Kingambit|Protect|p2b: Kingambit\n|-singleturn|p2b: Kingambit|Protect\n|move|p2a: Maushold|Baby-Doll Eyes|p1b: Tyranitar\n|-activate|p1b: Tyranitar|move: Protect\n|move|p1a: Rotom|Volt Switch|p2a: Maushold\n|-damage|p2a: Maushold|65/100\n|\n|t:|1776122890\n|switch|p1a: Excadrill|Excadrill, L50, F|100/100|[from] Volt Switch\n|\n|-weather|Sandstorm|[upkeep]\n|-damage|p2a: Maushold|59/100|[from] Sandstorm\n|-heal|p2a: Maushold|65/100|[from] item: Leftovers\n|upkeep\n|turn|2\n|\n|t:|1776122907\n|switch|p1b: Rotom|Rotom-Heat, L50, shiny|100/100\n|move|p2a: Maushold|Baby-Doll Eyes|p1a: Excadrill\n|-unboost|p1a: Excadrill|atk|1\n|move|p1a: Excadrill|Earthquake|p2a: Maushold|[spread] p2a,p2b\n|-immune|p1b: Rotom|[from] ability: Levitate\n|-supereffective|p2b: Kingambit|1\n|-damage|p2a: Maushold|25/100\n|-damage|p2b: Kingambit|65/100\n|move|p2b: Kingambit|Swords Dance|p2b: Kingambit\n|-boost|p2b: Kingambit|atk|2\n|\n|-weather|Sandstorm|[upkeep]\n|-damage|p2a: Maushold|19/100|[from] Sandstorm\n|-damage|p1b: Rotom|94/100|[from] Sandstorm\n|-heal|p2a: Maushold|25/100|[from] item: Leftovers\n|upkeep\n|turn|3\n|inactive|Morrocan AXL BLAZE has 30 seconds left.\n|inactive|Ulqi07 has 30 seconds left.\n|\n|t:|1776122934\n|move|p2a: Maushold|Protect|p2a: Maushold\n|-singleturn|p2a: Maushold|Protect\n|move|p2b: Kingambit|Sucker Punch|p1b: Rotom\n|-damage|p1b: Rotom|0 fnt\n|faint|p1b: Rotom\n|move|p1a: Excadrill|Earthquake|p2b: Kingambit|[spread] p2b\n|-activate|p2a: Maushold|move: Protect\n|-supereffective|p2b: Kingambit|1\n|-damage|p2b: Kingambit|33/100\n|\n|-weather|Sandstorm|[upkeep]\n|-damage|p2a: Maushold|19/100|[from] Sandstorm\n|-heal|p2a: Maushold|25/100|[from] item: Leftovers\n|upkeep\n|\n|t:|1776122950\n|switch|p1b: subhuman|Sinistcha, L50|100/100\n|turn|4\n|\n|t:|1776122962\n|move|p2b: Kingambit|Protect|p2b: Kingambit\n|-singleturn|p2b: Kingambit|Protect\n|move|p1b: subhuman|Rage Powder|p1b: subhuman\n|-singleturn|p1b: subhuman|move: Rage Powder\n|move|p2a: Maushold|Baby-Doll Eyes|p1b: subhuman\n|-unboost|p1b: subhuman|atk|1\n|move|p1a: Excadrill|Earthquake|p2a: Maushold|[spread] p1b,p2a\n|-activate|p2b: Kingambit|move: Protect\n|-resisted|p1b: subhuman|1\n|-damage|p1b: subhuman|89/100\n|-damage|p2a: Maushold|0 fnt\n|faint|p2a: Maushold\n|\n|-weather|Sandstorm|[upkeep]\n|-damage|p1b: subhuman|83/100|[from] Sandstorm\n|upkeep\n|\n|t:|1776122978\n|switch|p2a: Delphox|Delphox, L50, M|100/100\n|turn|5\n|\n|t:|1776123002\n|detailschange|p2a: Delphox|Delphox-Mega, L50, M\n|-mega|p2a: Delphox|Delphox|Delphoxite\n|move|p1b: subhuman|Protect|p1b: subhuman\n|-singleturn|p1b: subhuman|Protect\n|move|p2b: Kingambit|Sucker Punch|p1a: Excadrill\n|-enditem|p1a: Excadrill|Focus Sash\n|-damage|p1a: Excadrill|1/100\n|move|p1a: Excadrill|Earthquake|p2b: Kingambit|[spread] p2b\n|-activate|p1b: subhuman|move: Protect\n|-immune|p2a: Delphox|[from] ability: Levitate\n|-supereffective|p2b: Kingambit|1\n|-damage|p2b: Kingambit|0 fnt\n|faint|p2b: Kingambit\n|move|p2a: Delphox|Heat Wave|p1a: Excadrill|[spread] p1a\n|-activate|p1b: subhuman|move: Protect\n|-supereffective|p1a: Excadrill|1\n|-damage|p1a: Excadrill|0 fnt\n|faint|p1a: Excadrill\n|\n|-weather|none\n|upkeep\n|\n|t:|1776123023\n|switch|p1a: Tyranitar|Tyranitar, L50, F, shiny|100/100\n|switch|p2b: Basculegion|Basculegion, L50, M|100/100\n|-weather|Sandstorm|[from] ability: Sand Stream|[of] p1a: Tyranitar\n|turn|6\n|\n|t:|1776123043\n|detailschange|p1a: Tyranitar|Tyranitar-Mega, L50, F, shiny\n|-mega|p1a: Tyranitar|Tyranitar|Tyranitarite\n|move|p1b: subhuman|Rage Powder|p1b: subhuman\n|-singleturn|p1b: subhuman|move: Rage Powder\n|move|p2a: Delphox|Heat Wave|p1b: subhuman|[spread] p1a,p1b\n|-resisted|p1a: Tyranitar|1\n|-supereffective|p1b: subhuman|1\n|-damage|p1a: Tyranitar|88/100\n|-damage|p1b: subhuman|0 fnt\n|faint|p1b: subhuman\n|move|p2b: Basculegion|Wave Crash|p1a: Tyranitar\n|-supereffective|p1a: Tyranitar|1\n|-damage|p1a: Tyranitar|0 fnt\n|faint|p1a: Tyranitar\n|-damage|p2b: Basculegion|74/100|[from] Recoil\n|\n|win|Ulqi07\n|raw|Morrocan AXL BLAZE's rating: 1148 &rarr; <strong>1128</strong><br />(-20 for losing)\n|raw|Ulqi07's rating: 1212 &rarr; <strong>1232</strong><br />(+20 for winning)\n",
  "uploadtime": 1776123043,
  "views": 12,
  "formatid": "gen9championsvgc2026regma",
  "rating": 1128,
  "private": 0,
  "password": null
}