{
  "id": "gen9championsvgc2026regma-2586471751",
  "format": "[Gen 9 Champions] VGC 2026 Reg M-A",
  "players": [
    "crazedjuggernaut",
    "starxxs"
  ],
  "log": "|j|\u2606crazedjuggernaut\n|j|\u2606starxxs\n|t:|1776437002\n|gametype|doubles\n|player|p1|crazedjuggernaut|marshal|1323\n|player|p2|starxxs|hilda|1294\n|gen|9\n|tier|[Gen 9 Champions] VGC 2026 Reg M-A\n|rated|\n|rule|Species Clause: Limit one of each Pok\u00e9mon\n|rule|Item Clause: Limit 1 of each item\n|clearpoke\n|poke|p1|Froslass, L50, F|\n|poke|p1|Rotom-Frost, L50|\n|poke|p1|Garchomp, L50, F|\n|poke|p1|Kingambit, L50, F|\n|poke|p1|Aerodactyl, L50, M|\n|poke|p1|Incineroar, L50, F|\n|poke|p2|Garchomp, L50, M|\n|poke|p2|Sinistcha, L50|\n|poke|p2|Incineroar, L50, M|\n|poke|p2|Floette-Eternal, L50, F|\n|poke|p2|Volcarona, L50, F|\n|poke|p2|Kingambit, L50, F|\n|teampreview|4\n|\n|t:|1776437054\n|teamsize|p1|4\n|teamsize|p2|4\n|start\n|switch|p1a: Froslass|Froslass, L50, F|100/100\n|switch|p1b: Rotom|Rotom-Frost, L50|100/100\n|switch|p2a: Kingambit|Kingambit, L50, F|100/100\n|switch|p2b: Volcarona|Volcarona, L50, F|100/100\n|turn|1\n|\n|t:|1776437096\n|detailschange|p1a: Froslass|Froslass-Mega, L50, F\n|-mega|p1a: Froslass|Froslass|Froslassite\n|-weather|Snowscape|[from] ability: Snow Warning|[of] p1a: Froslass\n|move|p1b: Rotom|Volt Switch|p2a: Kingambit\n|-damage|p2a: Kingambit|71/100\n|inactive|Battle timer is ON: inactive players will automatically lose when time's up. (requested by starxxs)\n|\n|t:|1776437102\n|switch|p1b: Garchomp|Garchomp, L50, F|100/100|[from] Volt Switch\n|move|p1a: Froslass|Aurora Veil|p1a: Froslass\n|-sidestart|p1: crazedjuggernaut|move: Aurora Veil\n|move|p2b: Volcarona|Heat Wave|p1a: Froslass|[spread] p1a,p1b\n|-supereffective|p1a: Froslass|1\n|-resisted|p1b: Garchomp|1\n|-crit|p1b: Garchomp\n|-damage|p1a: Froslass|47/100\n|-damage|p1b: Garchomp|75/100\n|move|p2a: Kingambit|Kowtow Cleave|p1a: Froslass\n|-supereffective|p1a: Froslass|1\n|-damage|p1a: Froslass|0 fnt\n|faint|p1a: Froslass\n|\n|-weather|Snowscape|[upkeep]\n|upkeep\n|\n|t:|1776437115\n|switch|p1a: Rotom|Rotom-Frost, L50|100/100\n|turn|2\n|\n|t:|1776437124\n|switch|p2b: Sinistcha|Sinistcha, L50|100/100\n|-heal|p2a: Kingambit|96/100|[from] ability: Hospitality|[of] p2b: Sinistcha\n|move|p2a: Kingambit|Sucker Punch|p1b: Garchomp\n|-damage|p1b: Garchomp|43/100\n|-damage|p2a: Kingambit|84/100|[from] ability: Rough Skin|[of] p1b: Garchomp\n|move|p1a: Rotom|Blizzard|p2b: Sinistcha|[spread] p2a,p2b\n|-resisted|p2a: Kingambit|1\n|-supereffective|p2b: Sinistcha|1\n|-damage|p2a: Kingambit|64/100\n|-damage|p2b: Sinistcha|35/100\n|-enditem|p2b: Sinistcha|Sitrus Berry|[eat]\n|-heal|p2b: Sinistcha|60/100|[from] item: Sitrus Berry\n|move|p1b: Garchomp|Earthquake|p2b: Sinistcha|[spread] p2a,p2b\n|-immune|p1a: Rotom|[from] ability: Levitate\n|-supereffective|p2a: Kingambit|1\n|-resisted|p2b: Sinistcha|1\n|-crit|p2b: Sinistcha\n|-damage|p2a: Kingambit|6/100\n|-damage|p2b: Sinistcha|31/100\n|\n|-weather|Snowscape|[upkeep]\n|upkeep\n|turn|3\n|inactive|starxxs has 30 seconds left.\n|inactive|starxxs has 20 seconds left.\n|inactive|starxxs has 15 seconds left.\n|\n|t:|1776437166\n|move|p1b: Garchomp|Protect|p1b: Garchomp\n|-singleturn|p1b: Garchomp|Protect\n|move|p2b: Sinistcha|Protect|p2b: Sinistcha\n|-singleturn|p2b: Sinistcha|Protect\n|move|p2a: Kingambit|Protect|p2a: Kingambit\n|-singleturn|p2a: Kingambit|Protect\n|move|p1a: Rotom|Blizzard|p2b: Sinistcha|[spread] \n|-activate|p2a: Kingambit|move: Protect\n|-activate|p2b: Sinistcha|move: Protect\n|\n|-weather|Snowscape|[upkeep]\n|upkeep\n|turn|4\n|inactive|starxxs has 30 seconds left.\n|\n|t:|1776437200\n|move|p1b: Garchomp|Protect||[still]\n|-fail|p1b: Garchomp\n|move|p2a: Kingambit|Sucker Punch||[still]\n|-fail|p2a: Kingambit\n|move|p1a: Rotom|Blizzard|p2b: Sinistcha|[spread] p2a,p2b\n|-resisted|p2a: Kingambit|1\n|-supereffective|p2b: Sinistcha|1\n|-damage|p2a: Kingambit|0 fnt\n|-damage|p2b: Sinistcha|0 fnt\n|faint|p2a: Kingambit\n|faint|p2b: Sinistcha\n|\n|-weather|Snowscape|[upkeep]\n|upkeep\n|\n|t:|1776437213\n|switch|p2b: Floette|Floette-Eternal, L50, F|100/100\n|switch|p2a: Volcarona|Volcarona, L50, F|100/100\n|turn|5\n|\n|t:|1776437224\n|detailschange|p2b: Floette|Floette-Mega, L50, F\n|-mega|p2b: Floette|Floette|Floettite\n|-ability|p2b: Floette|Fairy Aura\n|move|p1a: Rotom|Blizzard|p2b: Floette|[spread] p2a,p2b\n|-resisted|p2a: Volcarona|1\n|-damage|p2a: Volcarona|84/100\n|-damage|p2b: Floette|71/100\n|move|p1b: Garchomp|Rock Slide|p2b: Floette|[spread] p2a,p2b\n|-supereffective|p2a: Volcarona|2\n|-damage|p2a: Volcarona|9/100\n|-damage|p2b: Floette|51/100\n|move|p2b: Floette|Dazzling Gleam|p1a: Rotom|[spread] p1a,p1b\n|-supereffective|p1b: Garchomp|1\n|-damage|p1a: Rotom|57/100\n|-damage|p1b: Garchomp|0 fnt\n|faint|p1b: Garchomp\n|move|p2a: Volcarona|Tailwind|p2a: Volcarona\n|-sidestart|p2: starxxs|move: Tailwind\n|\n|-weather|none\n|-heal|p2a: Volcarona|15/100|[from] item: Leftovers\n|-sideend|p1: crazedjuggernaut|move: Aurora Veil\n|upkeep\n|\n|t:|1776437235\n|switch|p1b: Incineroar|Incineroar, L50, F|100/100\n|-ability|p1b: Incineroar|Intimidate|boost\n|-unboost|p2a: Volcarona|atk|1\n|-unboost|p2b: Floette|atk|1\n|turn|6\n|inactive|starxxs has 30 seconds left.\n|\n|t:|1776437264\n|move|p2b: Floette|Protect|p2b: Floette\n|-singleturn|p2b: Floette|Protect\n|move|p1b: Incineroar|Fake Out|p2a: Volcarona\n|-damage|p2a: Volcarona|4/100\n|cant|p2a: Volcarona|flinch\n|move|p1a: Rotom|Blizzard|p2a: Volcarona|[spread] p2a\n|-activate|p2b: Floette|move: Protect\n|-resisted|p2a: Volcarona|1\n|-damage|p2a: Volcarona|0 fnt\n|faint|p2a: Volcarona\n|\n|upkeep\n|turn|7\n|\n|t:|1776437279\n|move|p2b: Floette|Dazzling Gleam|p1b: Incineroar|[spread] p1a,p1b\n|-crit|p1b: Incineroar\n|-damage|p1a: Rotom|0 fnt\n|-damage|p1b: Incineroar|30/100\n|-enditem|p1b: Incineroar|Sitrus Berry|[eat]\n|-heal|p1b: Incineroar|55/100|[from] item: Sitrus Berry\n|faint|p1a: Rotom\n|move|p1b: Incineroar|Flare Blitz|p2b: Floette\n|-damage|p2b: Floette|0 fnt\n|faint|p2b: Floette\n|-damage|p1b: Incineroar|41/100|[from] Recoil\n|\n|win|crazedjuggernaut\n|raw|crazedjuggernaut's rating: 1323 &rarr; <strong>1341</strong><br />(+18 for winning)\n|raw|starxxs's rating: 1294 &rarr; <strong>1271</strong><br />(-23 for losing)\n",
  "uploadtime": 1776437296,
  "views": 33,
  "formatid": "gen9championsvgc2026regma",
  "rating": 1271,
  "private": 0,
  "password": null
}