{
  "id": "gen9championsvgc2026regma-2588471707",
  "format": "[Gen 9 Champions] VGC 2026 Reg M-A",
  "players": [
    "Yslade",
    "Israel Big"
  ],
  "log": "|j|\u2606Yslade\n|j|\u2606Israel Big\n|t:|1776636512\n|gametype|doubles\n|player|p1|Yslade|preschooler|1296\n|player|p2|Israel Big|102|1343\n|gen|9\n|tier|[Gen 9 Champions] VGC 2026 Reg M-A\n|rated|\n|rule|Species Clause: Limit one of each Pok\u00e9mon\n|rule|Item Clause: Limit 1 of each item\n|clearpoke\n|poke|p1|Torkoal, L50, F|\n|poke|p1|Oranguru, L50, F|\n|poke|p1|Sinistcha, L50|\n|poke|p1|Floette-Eternal, L50, F|\n|poke|p1|Sneasler, L50, F|\n|poke|p1|Kingambit, L50, M|\n|poke|p2|Dragapult, L50, F|\n|poke|p2|Kingambit, L50, M, shiny|\n|poke|p2|Charizard, L50, F, shiny|\n|poke|p2|Venusaur, L50, M|\n|poke|p2|Garchomp, L50, M|\n|poke|p2|Milotic, L50, F|\n|teampreview|4\n|inactive|Battle timer is ON: inactive players will automatically lose when time's up. (requested by Yslade)\nYslade rejected open team sheets.\n|inactive|Yslade has 60 seconds left.\n|\n|t:|1776636544\n|teamsize|p1|4\n|teamsize|p2|4\n|start\n|switch|p1a: Oranguru|Oranguru, L50, F|100/100\n|switch|p1b: Torkoal|Torkoal, L50, F|100/100\n|switch|p2a: Dragapult|Dragapult, L50, F|100/100\n|switch|p2b: Charizard|Charizard, L50, F, shiny|100/100\n|-weather|SunnyDay|[from] ability: Drought|[of] p1b: Torkoal\n|turn|1\n|\n|t:|1776636557\n|move|p1b: Torkoal|Protect|p1b: Torkoal\n|-singleturn|p1b: Torkoal|Protect\n|move|p2a: Dragapult|Draco Meteor|p1b: Torkoal\n|-activate|p1b: Torkoal|move: Protect\n|move|p2b: Charizard|Air Slash|p1b: Torkoal\n|-activate|p1b: Torkoal|move: Protect\n|move|p1a: Oranguru|Trick Room|p1a: Oranguru\n|-fieldstart|move: Trick Room|[of] p1a: Oranguru\n|\n|-weather|SunnyDay|[upkeep]\n|upkeep\n|turn|2\n|\n|t:|1776636567\n|detailschange|p2b: Charizard|Charizard-Mega-Y, L50, F, shiny\n|-mega|p2b: Charizard|Charizard|Charizardite Y\n|move|p1b: Torkoal|Eruption|p2b: Charizard|[spread] p2a,p2b\n|-resisted|p2a: Dragapult|1\n|-resisted|p2b: Charizard|1\n|-damage|p2a: Dragapult|45/100\n|-damage|p2b: Charizard|54/100\n|move|p1a: Oranguru|Instruct|p1b: Torkoal\n|-singleturn|p1b: Torkoal|move: Instruct|[of] p1a: Oranguru\n|move|p1b: Torkoal|Eruption|p2a: Dragapult|[spread] p2a,p2b\n|-resisted|p2a: Dragapult|1\n|-resisted|p2b: Charizard|1\n|-damage|p2a: Dragapult|0 fnt\n|-damage|p2b: Charizard|10/100\n|faint|p2a: Dragapult\n|move|p2b: Charizard|Heat Wave|p1a: Oranguru|[spread] p1a,p1b\n|-resisted|p1b: Torkoal|1\n|-damage|p1a: Oranguru|49/100\n|-damage|p1b: Torkoal|56/100\n|\n|-weather|SunnyDay|[upkeep]\n|upkeep\n|\n|t:|1776636582\n|switch|p2a: Kingambit|Kingambit, L50, M, shiny|100/100\n|turn|3\n|\n|t:|1776636588\n|move|p1a: Oranguru|Protect|p1a: Oranguru\n|-singleturn|p1a: Oranguru|Protect\n|move|p2b: Charizard|Protect|p2b: Charizard\n|-singleturn|p2b: Charizard|Protect\n|move|p2a: Kingambit|Sucker Punch|p1b: Torkoal\n|-damage|p1b: Torkoal|19/100\n|move|p1b: Torkoal|Eruption|p2a: Kingambit|[spread] p2a\n|-activate|p2b: Charizard|move: Protect\n|-supereffective|p2a: Kingambit|1\n|-damage|p2a: Kingambit|62/100\n|\n|-weather|SunnyDay|[upkeep]\n|upkeep\n|turn|4\n|\n|t:|1776636610\n|move|p1b: Torkoal|Protect|p1b: Torkoal\n|-singleturn|p1b: Torkoal|Protect\n|move|p2a: Kingambit|Sucker Punch||[still]\n|-fail|p2a: Kingambit\n|move|p1a: Oranguru|Psyshock|p2b: Charizard\n|-damage|p2b: Charizard|0 fnt\n|faint|p2b: Charizard\n|\n|-weather|SunnyDay|[upkeep]\n|upkeep\n|\n|t:|1776636615\n|switch|p2b: Venusaur|Venusaur, L50, M|100/100\n|turn|5\n|inactive|Yslade has 30 seconds left.\n|\n|t:|1776636645\n|move|p1b: Torkoal|Heat Wave|p2b: Venusaur|[spread] p2a,p2b\n|-supereffective|p2a: Kingambit|1\n|-supereffective|p2b: Venusaur|1\n|-damage|p2a: Kingambit|0 fnt\n|-enditem|p2b: Venusaur|Focus Sash\n|-damage|p2b: Venusaur|1/100\n|faint|p2a: Kingambit\n|move|p1a: Oranguru|Psyshock|p2b: Venusaur\n|-supereffective|p2b: Venusaur|1\n|-crit|p2b: Venusaur\n|-damage|p2b: Venusaur|0 fnt\n|faint|p2b: Venusaur\n|\n|win|Yslade\n|raw|Yslade's rating: 1296 &rarr; <strong>1324</strong><br />(+28 for winning)\n|raw|Israel Big's rating: 1343 &rarr; <strong>1320</strong><br />(-23 for losing)\n|l|\u2606Israel Big\n|player|p2|\n",
  "uploadtime": 1776636670,
  "views": 14,
  "formatid": "gen9championsvgc2026regma",
  "rating": 1320,
  "private": 0,
  "password": null
}