{
  "id": "gen9championsvgc2026regma-2584916687",
  "format": "[Gen 9 Champions] VGC 2026 Reg M-A",
  "players": [
    "Skoekelememe",
    "jack zelong"
  ],
  "log": "|j|\u2606Skoekelememe\n|j|\u2606jack zelong\n|t:|1776294276\n|gametype|doubles\n|player|p1|Skoekelememe|169|1115\n|player|p2|jack zelong|chili|1154\n|gen|9\n|tier|[Gen 9 Champions] VGC 2026 Reg M-A\n|rated|\n|rule|Species Clause: Limit one of each Pok\u00e9mon\n|rule|Item Clause: Limit 1 of each item\n|clearpoke\n|poke|p1|Conkeldurr, L50, M|\n|poke|p1|Froslass, L50, F|\n|poke|p1|Ninetales-Alola, L50, F|\n|poke|p1|Weavile, L50, M|\n|poke|p1|Alakazam, L50, M|\n|poke|p1|Snorlax, L50, F|\n|poke|p2|Crabominable, L50, F|\n|poke|p2|Aromatisse, L50, M|\n|poke|p2|Kingambit, L50, M|\n|poke|p2|Conkeldurr, L50, M|\n|poke|p2|Farigiraf, L50, M|\n|poke|p2|Aegislash, L50, M|\n|teampreview|4\n|\n|t:|1776294324\n|teamsize|p1|4\n|teamsize|p2|4\n|start\n|switch|p1a: Alakazam|Alakazam, L50, M|100/100\n|switch|p1b: Conkeldurr|Conkeldurr, L50, M|100/100\n|switch|p2a: Crabominable|Crabominable, L50, F|100/100\n|switch|p2b: Aegislash|Aegislash, L50, M|100/100\n|turn|1\n|\n|t:|1776294357\n|detailschange|p1a: Alakazam|Alakazam-Mega, L50, M\n|-mega|p1a: Alakazam|Alakazam|Alakazite\n|-ability|p1a: Alakazam|Hyper Cutter|Trace|[from] ability: Trace|[of] p2a: Crabominable\n|move|p2a: Crabominable|Protect|p2a: Crabominable\n|-singleturn|p2a: Crabominable|Protect\n|move|p1a: Alakazam|Shadow Ball|p2b: Aegislash\n|-supereffective|p2b: Aegislash|1\n|-damage|p2b: Aegislash|43/100\n|-unboost|p2b: Aegislash|spd|1\n|-formechange|p2b: Aegislash|Aegislash-Blade|\n|move|p2b: Aegislash|Shadow Ball|p1a: Alakazam\n|-supereffective|p1a: Alakazam|1\n|-damage|p1a: Alakazam|0 fnt\n|faint|p1a: Alakazam\n|move|p1b: Conkeldurr|Drain Punch|p2a: Crabominable\n|-activate|p2a: Crabominable|move: Protect\n|\n|upkeep\n|c|\u2606Skoekelememe|im a bot lowket\n|\n|t:|1776294381\n|switch|p1a: Weavile|Weavile, L50, M|100/100\n|-ability|p1a: Weavile|Pressure\n|turn|2\n|-activate|p1b: Conkeldurr|item: Quick Claw\n|\n|t:|1776294393\n|detailschange|p2a: Crabominable|Crabominable-Mega, L50, F\n|-mega|p2a: Crabominable|Crabominable|Crabominite\n|move|p1a: Weavile|Fake Out|p2a: Crabominable\n|-damage|p2a: Crabominable|91/100\n|move|p2b: Aegislash|Shadow Sneak|p1a: Weavile\n|-resisted|p1a: Weavile|1\n|-damage|p1a: Weavile|86/100\n|cant|p2a: Crabominable|flinch\n|move|p1b: Conkeldurr|Drain Punch|p2a: Crabominable\n|-supereffective|p2a: Crabominable|1\n|-damage|p2a: Crabominable|11/100\n|\n|upkeep\n|turn|3\n|-activate|p1b: Conkeldurr|item: Quick Claw\n|\n|t:|1776294414\n|move|p1b: Conkeldurr|Mach Punch|p2a: Crabominable\n|-supereffective|p2a: Crabominable|1\n|-damage|p2a: Crabominable|0 fnt\n|faint|p2a: Crabominable\n|move|p1a: Weavile|Knock Off|p2b: Aegislash\n|-supereffective|p2b: Aegislash|1\n|-damage|p2b: Aegislash|0 fnt\n|-enditem|p2b: Aegislash|Focus Sash|[from] move: Knock Off|[of] p1a: Weavile\n|faint|p2b: Aegislash\n|\n|upkeep\n|\n|t:|1776294423\n|switch|p2b: Kingambit|Kingambit, L50, M|100/100\n|switch|p2a: Aromatisse|Aromatisse, L50, M|100/100\n|turn|4\n|\n|t:|1776294436\n|switch|p1b: Ninetales|Ninetales-Alola, L50, F|100/100\n|-weather|Snowscape|[from] ability: Snow Warning|[of] p1b: Ninetales\n|move|p2b: Kingambit|Protect|p2b: Kingambit\n|-singleturn|p2b: Kingambit|Protect\n|move|p1a: Weavile|Ice Spinner|p2a: Aromatisse\n|-damage|p2a: Aromatisse|69/100\n|move|p2a: Aromatisse|Trick Room|p2a: Aromatisse\n|-fieldstart|move: Trick Room|[of] p2a: Aromatisse\n|\n|-weather|Snowscape|[upkeep]\n|upkeep\n|turn|5\n|\n|t:|1776294455\n|move|p2a: Aromatisse|Ally Switch|p2a: Aromatisse\n|swap|p2a: Aromatisse|1|[from] move: Ally Switch\n|move|p2a: Kingambit|Iron Head|p1b: Ninetales\n|-supereffective|p1b: Ninetales|2\n|-damage|p1b: Ninetales|0 fnt\n|faint|p1b: Ninetales\n|move|p1a: Weavile|Low Kick|p2b: Aromatisse\n|-resisted|p2b: Aromatisse|1\n|-damage|p2b: Aromatisse|63/100\n|\n|-weather|Snowscape|[upkeep]\n|upkeep\n|c|\u2606Skoekelememe|hahaha\n|c|\u2606Skoekelememe|tech\n|\n|t:|1776294465\n|switch|p1b: Conkeldurr|Conkeldurr, L50, M|100/100\n|turn|6\n|-activate|p1b: Conkeldurr|item: Quick Claw\n|\n|t:|1776294488\n|move|p2a: Kingambit|Protect|p2a: Kingambit\n|-singleturn|p2a: Kingambit|Protect\n|move|p1b: Conkeldurr|Drain Punch|p2a: Kingambit\n|-activate|p2a: Kingambit|move: Protect\n|move|p2b: Aromatisse|Encore|p1a: Weavile\n|-start|p1a: Weavile|Encore\n|move|p1a: Weavile|Low Kick|p2b: Aromatisse\n|-resisted|p2b: Aromatisse|1\n|-damage|p2b: Aromatisse|58/100\n|\n|-weather|Snowscape|[upkeep]\n|upkeep\n|turn|7\n|\n|t:|1776294508\n|move|p2b: Aromatisse|Heal Pulse|p1b: Conkeldurr\n|-fail|p1b: Conkeldurr|heal\n|move|p2a: Kingambit|Iron Head|p1a: Weavile\n|-supereffective|p1a: Weavile|1\n|-damage|p1a: Weavile|0 fnt\n|faint|p1a: Weavile\n|move|p1b: Conkeldurr|Drain Punch|p2b: Aromatisse\n|-resisted|p2b: Aromatisse|1\n|-damage|p2b: Aromatisse|33/100\n|\n|-weather|Snowscape|[upkeep]\n|upkeep\n|turn|8\n|\n|t:|1776294524\n|move|p2b: Aromatisse|Ally Switch|p2b: Aromatisse\n|swap|p2b: Aromatisse|0|[from] move: Ally Switch\n|move|p2b: Kingambit|Iron Head|p1b: Conkeldurr\n|-damage|p1b: Conkeldurr|59/100\n|cant|p1b: Conkeldurr|flinch\n|\n|-weather|none\n|-fieldend|move: Trick Room\n|upkeep\n|turn|9\n|c|\u2606Skoekelememe|naaaa\n|\n|t:|1776294539\n|move|p2b: Kingambit|Protect|p2b: Kingambit\n|-singleturn|p2b: Kingambit|Protect\n|move|p1b: Conkeldurr|Drain Punch|p2a: Aromatisse\n|-resisted|p2a: Aromatisse|1\n|-damage|p2a: Aromatisse|9/100\n|-heal|p1b: Conkeldurr|71/100|[from] drain|[of] p2a: Aromatisse\n|move|p2a: Aromatisse|Trick Room|p2a: Aromatisse\n|-fieldstart|move: Trick Room|[of] p2a: Aromatisse\n|\n|upkeep\n|turn|10\n|c|\u2606jack zelong|did youi predict it?\n|c|\u2606Skoekelememe|who knows\n|c|\u2606jack zelong|naaaa\n|c|\u2606jack zelong|you gotta tell me\n|c|\u2606Skoekelememe|idk\n|c|\u2606Skoekelememe|maybe\n|c|\u2606Skoekelememe|maybe not\n|\n|t:|1776294577\n|move|p2a: Aromatisse|Heal Pulse|p2b: Kingambit\n|-fail|p2b: Kingambit|heal\n|move|p2b: Kingambit|Iron Head|p1b: Conkeldurr\n|-damage|p1b: Conkeldurr|28/100\n|move|p1b: Conkeldurr|Drain Punch|p2a: Aromatisse\n|-resisted|p2a: Aromatisse|1\n|-damage|p2a: Aromatisse|0 fnt\n|-heal|p1b: Conkeldurr|33/100|[from] drain|[of] p2a: Aromatisse\n|faint|p2a: Aromatisse\n|\n|upkeep\n|turn|11\n|c|\u2606jack zelong|gg\n|\n|t:|1776294593\n|move|p1b: Conkeldurr|Mach Punch|p2b: Kingambit\n|-supereffective|p2b: Kingambit|2\n|-enditem|p2b: Kingambit|Chople Berry|[eat]\n|-enditem|p2b: Kingambit|Chople Berry|[weaken]\n|-damage|p2b: Kingambit|59/100\n|move|p2b: Kingambit|Iron Head|p1b: Conkeldurr\n|-damage|p1b: Conkeldurr|0 fnt\n|faint|p1b: Conkeldurr\n|\n|win|jack zelong\n|raw|Skoekelememe's rating: 1115 &rarr; <strong>1093</strong><br />(-22 for losing)\n|raw|jack zelong's rating: 1154 &rarr; <strong>1176</strong><br />(+22 for winning)\n|c|\u2606Skoekelememe|ieeeee\n|c|\u2606Skoekelememe|tehc\n|c|\u2606Skoekelememe|yeah i predicted rthat shit]\n|c|\u2606jack zelong|my friend put me on to it\n|c|\u2606Skoekelememe|i had it riguht\n|c|\u2606jack zelong|damn!\n|c|\u2606Skoekelememe|but i flinched\n|c|\u2606jack zelong|I got mad lucky then\n|c|\u2606Skoekelememe|well thats the game\n|c|\u2606jack zelong|gg\n|c|\u2606Skoekelememe|gg\n|l|\u2606Skoekelememe\n|player|p1|\n",
  "uploadtime": 1776294752,
  "views": 25,
  "formatid": "gen9championsvgc2026regma",
  "rating": 1093,
  "private": 0,
  "password": null
}