{
  "id": "gen9championsvgc2026regma-2584829004",
  "format": "[Gen 9 Champions] VGC 2026 Reg M-A",
  "players": [
    "Dyquev",
    "ohaimiles"
  ],
  "log": "|j|\u2606Dyquev\n|j|\u2606ohaimiles\n|t:|1776286832\n|gametype|doubles\n|player|p1|Dyquev|169|1218\n|player|p2|ohaimiles|266|1260\n|gen|9\n|tier|[Gen 9 Champions] VGC 2026 Reg M-A\n|rated|\n|rule|Species Clause: Limit one of each Pok\u00e9mon\n|rule|Item Clause: Limit 1 of each item\n|clearpoke\n|poke|p1|Charizard, L50, M|\n|poke|p1|Venusaur, L50, M|\n|poke|p1|Raichu, L50, F|\n|poke|p1|Pelipper, L50, M|\n|poke|p1|Basculegion, L50, M|\n|poke|p1|Archaludon, L50, F|\n|poke|p2|Froslass, L50, F|\n|poke|p2|Maushold-Four, L50|\n|poke|p2|Rotom-Wash, L50|\n|poke|p2|Garchomp, L50, M|\n|poke|p2|Incineroar, L50, M|\n|poke|p2|Kingambit, L50, F|\n|teampreview|4\nohaimiles has agreed to open team sheets.\n|inactive|Battle timer is ON: inactive players will automatically lose when time's up. (requested by Dyquev)\n|\n|t:|1776286888\n|teamsize|p1|4\n|teamsize|p2|4\n|start\n|switch|p1a: Pelipper|Pelipper, L50, M|100/100\n|switch|p1b: Archaludon|Archaludon, L50, F|100/100\n|switch|p2a: Rotom|Rotom-Wash, L50|100/100\n|switch|p2b: Froslass|Froslass, L50, F|100/100\n|-weather|RainDance|[from] ability: Drizzle|[of] p1a: Pelipper\n|turn|1\n|inactive|Dyquev has 30 seconds left.\n|inactive|ohaimiles has 30 seconds left.\n|inactive|Dyquev has 20 seconds left.\n|\n|t:|1776286928\n|switch|p1a: Venusaur|Venusaur, L50, M|100/100\n|detailschange|p2b: Froslass|Froslass-Mega, L50, F\n|-mega|p2b: Froslass|Froslass|Froslassite\n|-weather|Snowscape|[from] ability: Snow Warning|[of] p2b: Froslass\n|move|p2a: Rotom|Volt Switch|p1a: Venusaur\n|-resisted|p1a: Venusaur|1\n|-damage|p1a: Venusaur|83/100\n|\n|t:|1776286935\n|switch|p2a: Incineroar|Incineroar, L50, M|100/100|[from] Volt Switch\n|-ability|p2a: Incineroar|Intimidate|boost\n|-unboost|p1a: Venusaur|atk|1\n|-unboost|p1b: Archaludon|atk|1\n|move|p1b: Archaludon|Flash Cannon|p2b: Froslass\n|-supereffective|p2b: Froslass|1\n|-damage|p2b: Froslass|0 fnt\n|faint|p2b: Froslass\n|\n|-weather|Snowscape|[upkeep]\n|upkeep\n|\n|t:|1776286942\n|switch|p2b: Garchomp|Garchomp, L50, M|100/100\n|turn|2\n|\n|t:|1776286953\n|switch|p1b: Pelipper|Pelipper, L50, M|100/100\n|-weather|RainDance|[from] ability: Drizzle|[of] p1b: Pelipper\n|switch|p2a: Rotom|Rotom-Wash, L50|100/100\n|detailschange|p1a: Venusaur|Venusaur-Mega, L50, M\n|-mega|p1a: Venusaur|Venusaur|Venusaurite\n|move|p1a: Venusaur|Protect|p1a: Venusaur\n|-singleturn|p1a: Venusaur|Protect\n|move|p2b: Garchomp|Earthquake|p1a: Venusaur|[spread] \n|-activate|p1a: Venusaur|move: Protect\n|-immune|p2a: Rotom|[from] ability: Levitate\n|-immune|p1b: Pelipper\n|\n|-weather|RainDance|[upkeep]\n|upkeep\n|turn|3\n|inactive|ohaimiles has 30 seconds left.\n|inactive|ohaimiles has 20 seconds left.\n|inactive|ohaimiles has 15 seconds left.\n|inactive|ohaimiles has 10 seconds left.\n|inactive|ohaimiles has 5 seconds left.\n|\n|t:|1776287004\n|switch|p1b: Archaludon|Archaludon, L50, F|100/100\n|move|p2a: Rotom|Electroweb|p1a: Venusaur|[spread] p1a,p1b\n|-resisted|p1a: Venusaur|1\n|-resisted|p1b: Archaludon|1\n|-damage|p1a: Venusaur|75/100\n|-damage|p1b: Archaludon|86/100\n|-unboost|p1a: Venusaur|spe|1\n|-unboost|p1b: Archaludon|spe|1\n|-ability|p1b: Archaludon|Stamina|boost\n|-boost|p1b: Archaludon|def|1\n|move|p2b: Garchomp|Earthquake|p1a: Venusaur|[spread] p1a,p1b\n|-immune|p2a: Rotom|[from] ability: Levitate\n|-supereffective|p1b: Archaludon|1\n|-damage|p1a: Venusaur|42/100\n|-damage|p1b: Archaludon|34/100\n|-ability|p1b: Archaludon|Stamina|boost\n|-boost|p1b: Archaludon|def|1\n|move|p1a: Venusaur|Giga Drain|p2a: Rotom\n|-supereffective|p2a: Rotom|1\n|-damage|p2a: Rotom|11/100\n|-heal|p1a: Venusaur|73/100|[from] drain|[of] p2a: Rotom\n|\n|-weather|RainDance|[upkeep]\n|upkeep\n|turn|4\n|inactive|Dyquev has 30 seconds left.\n|\n|t:|1776287037\n|switch|p1b: Pelipper|Pelipper, L50, M|100/100\n|move|p2a: Rotom|Electroweb|p1b: Pelipper|[spread] p1a,p1b\n|-resisted|p1a: Venusaur|1\n|-supereffective|p1b: Pelipper|2\n|-damage|p1a: Venusaur|64/100\n|-damage|p1b: Pelipper|11/100\n|-unboost|p1a: Venusaur|spe|1\n|-unboost|p1b: Pelipper|spe|1\n|-enditem|p1b: Pelipper|Sitrus Berry|[eat]\n|-heal|p1b: Pelipper|36/100|[from] item: Sitrus Berry\n|move|p2b: Garchomp|Earthquake|p1a: Venusaur|[spread] p1a\n|-immune|p2a: Rotom|[from] ability: Levitate\n|-immune|p1b: Pelipper\n|-damage|p1a: Venusaur|29/100\n|move|p1a: Venusaur|Giga Drain|p2a: Rotom\n|-supereffective|p2a: Rotom|1\n|-damage|p2a: Rotom|0 fnt\n|-heal|p1a: Venusaur|33/100|[from] drain|[of] p2a: Rotom\n|faint|p2a: Rotom\n|\n|-weather|RainDance|[upkeep]\n|upkeep\n|\n|t:|1776287042\n|switch|p2a: Incineroar|Incineroar, L50, M|100/100\n|-ability|p2a: Incineroar|Intimidate|boost\n|-unboost|p1a: Venusaur|atk|1\n|-unboost|p1b: Pelipper|atk|1\n|turn|5\n|inactive|Dyquev has 30 seconds left.\n|\n|t:|1776287072\n|move|p1b: Pelipper|Helping Hand|p1a: Venusaur\n|-singleturn|p1a: Venusaur|Helping Hand|[of] p1b: Pelipper\n|move|p2a: Incineroar|Fake Out|p1a: Venusaur\n|-damage|p1a: Venusaur|22/100\n|move|p2b: Garchomp|Dragon Claw|p1b: Pelipper\n|-damage|p1b: Pelipper|0 fnt\n|faint|p1b: Pelipper\n|cant|p1a: Venusaur|flinch\n|\n|-weather|RainDance|[upkeep]\n|upkeep\n|\n|t:|1776287079\n|switch|p1b: Archaludon|Archaludon, L50, F|34/100\n|turn|6\n|\n|t:|1776287088\n|move|p1b: Archaludon|Dragon Pulse|p2b: Garchomp\n|-supereffective|p2b: Garchomp|1\n|-damage|p2b: Garchomp|0 fnt\n|faint|p2b: Garchomp\n|move|p2a: Incineroar|Flare Blitz|p1a: Venusaur\n|-supereffective|p1a: Venusaur|1\n|-damage|p1a: Venusaur|0 fnt\n|faint|p1a: Venusaur\n|-damage|p2a: Incineroar|94/100|[from] Recoil\n|\n|-weather|none\n|upkeep\n|\n|t:|1776287094\n|switch|p1a: Basculegion|Basculegion, L50, M|100/100\n|turn|7\n|\n|t:|1776287099\n|move|p1b: Archaludon|Dragon Pulse|p2a: Incineroar\n|-damage|p2a: Incineroar|52/100\n|move|p1a: Basculegion|Liquidation|p2a: Incineroar\n|-supereffective|p2a: Incineroar|1\n|-damage|p2a: Incineroar|0 fnt\n|faint|p2a: Incineroar\n|\n|win|Dyquev\n|raw|Dyquev's rating: 1218 &rarr; <strong>1246</strong><br />(+28 for winning)\n|raw|ohaimiles's rating: 1260 &rarr; <strong>1232</strong><br />(-28 for losing)\n",
  "uploadtime": 1776287103,
  "views": 29,
  "formatid": "gen9championsvgc2026regma",
  "rating": 1232,
  "private": 0,
  "password": null
}