{
  "id": "gen9championsvgc2026regma-2587367532",
  "format": "[Gen 9 Champions] VGC 2026 Reg M-A",
  "players": [
    "shangenb",
    "stinkymelons"
  ],
  "log": "|j|\u2606shangenb\n|j|\u2606stinkymelons\n|t:|1776525868\n|gametype|doubles\n|player|p1|shangenb|102|1217\n|player|p2|stinkymelons|102|1143\n|gen|9\n|tier|[Gen 9 Champions] VGC 2026 Reg M-A\n|rated|\n|rule|Species Clause: Limit one of each Pok\u00e9mon\n|rule|Item Clause: Limit 1 of each item\n|clearpoke\n|poke|p1|Floette-Eternal, L50, F|\n|poke|p1|Garchomp, L50, M|\n|poke|p1|Sneasler, L50, F|\n|poke|p1|Basculegion-F, L50, F|\n|poke|p1|Aerodactyl, L50, M|\n|poke|p1|Incineroar, L50, F|\n|poke|p2|Excadrill, L50, M, shiny|\n|poke|p2|Pelipper, L50, M|\n|poke|p2|Rotom-Wash, L50|\n|poke|p2|Incineroar, L50, M|\n|poke|p2|Sneasler, L50, F|\n|poke|p2|Archaludon, L50, F|\n|teampreview|4\n|inactive|Battle timer is ON: inactive players will automatically lose when time's up. (requested by shangenb)\nstinkymelons has agreed to open team sheets.\n|inactive|shangenb has 60 seconds left.\n|\n|t:|1776525928\n|teamsize|p1|4\n|teamsize|p2|4\n|start\n|switch|p1a: Basculegion|Basculegion-F, L50, F|100/100\n|switch|p1b: Aerodactyl|Aerodactyl, L50, M|100/100\n|switch|p2a: Incineroar|Incineroar, L50, M|100/100\n|switch|p2b: Sneasler|Sneasler, L50, F|100/100\n|-ability|p1b: Aerodactyl|Unnerve\n|-ability|p2a: Incineroar|Intimidate|boost\n|-unboost|p1a: Basculegion|atk|1\n|-unboost|p1b: Aerodactyl|atk|1\n|turn|1\n|\n|t:|1776525952\n|move|p1b: Aerodactyl|Protect|p1b: Aerodactyl\n|-singleturn|p1b: Aerodactyl|Protect\n|move|p2a: Incineroar|Fake Out|p1b: Aerodactyl\n|-activate|p1b: Aerodactyl|move: Protect\n|move|p1a: Basculegion|Muddy Water|p2b: Sneasler|[spread] p2a,p2b\n|-supereffective|p2a: Incineroar|1\n|-damage|p2a: Incineroar|45/100\n|-damage|p2b: Sneasler|42/100\n|move|p2b: Sneasler|Close Combat|p1b: Aerodactyl\n|-activate|p1b: Aerodactyl|move: Protect\n|\n|upkeep\n|turn|2\n|\n|t:|1776525970\n|move|p1a: Basculegion|Muddy Water|p2a: Incineroar|[spread] p2a,p2b\n|-supereffective|p2a: Incineroar|1\n|-damage|p2a: Incineroar|0 fnt\n|-damage|p2b: Sneasler|0 fnt\n|faint|p2a: Incineroar\n|faint|p2b: Sneasler\n|move|p1b: Aerodactyl|Rock Slide|p2: Incineroar|[notarget]\n|-fail|p1b: Aerodactyl\n|\n|upkeep\n|\n|t:|1776525974\n|switch|p2b: Rotom|Rotom-Wash, L50|100/100\n|switch|p2a: Excadrill|Excadrill, L50, M, shiny|100/100\n|-ability|p2a: Excadrill|Mold Breaker\n|turn|3\n|inactive|shangenb has 30 seconds left.\n|\n|t:|1776526003\n|switch|p1a: Garchomp|Garchomp, L50, M|100/100\n|detailschange|p2a: Excadrill|Excadrill-Mega, L50, M, shiny\n|-mega|p2a: Excadrill|Excadrill|Excadrite\n|move|p1b: Aerodactyl|Protect|p1b: Aerodactyl\n|-singleturn|p1b: Aerodactyl|Protect\n|move|p2a: Excadrill|Rock Slide|p1b: Aerodactyl|[spread] p1a\n|-activate|p1b: Aerodactyl|move: Protect\n|-resisted|p1a: Garchomp|1\n|-crit|p1a: Garchomp\n|-damage|p1a: Garchomp|83/100\n|move|p2b: Rotom|Discharge|p1a: Garchomp|[spread] \n|-activate|p1b: Aerodactyl|move: Protect\n|-immune|p2a: Excadrill\n|-immune|p1a: Garchomp\n|\n|upkeep\n|turn|4\n|inactive|shangenb has 30 seconds left.\n|\n|t:|1776526029\n|move|p1b: Aerodactyl|Tailwind|p1b: Aerodactyl\n|-sidestart|p1: shangenb|move: Tailwind\n|move|p1a: Garchomp|Earthquake|p2b: Rotom|[spread] p2a\n|-immune|p1b: Aerodactyl\n|-immune|p2b: Rotom|[from] ability: Levitate\n|-supereffective|p2a: Excadrill|1\n|-damage|p2a: Excadrill|11/100\n|move|p2a: Excadrill|Earthquake|p1b: Aerodactyl|[spread] p1a\n|-immune|p2b: Rotom|[from] ability: Levitate\n|-immune|p1b: Aerodactyl\n|-damage|p1a: Garchomp|38/100\n|move|p2b: Rotom|Hydro Pump|p1a: Garchomp\n|-damage|p1a: Garchomp|0 fnt\n|faint|p1a: Garchomp\n|\n|upkeep\n|\n|t:|1776526048\n|switch|p1a: Floette|Floette-Eternal, L50, F|100/100\n|turn|5\n|\n|t:|1776526063\n|detailschange|p1a: Floette|Floette-Mega, L50, F\n|-mega|p1a: Floette|Floette|Floettite\n|-ability|p1a: Floette|Fairy Aura\n|move|p1b: Aerodactyl|Rock Slide|p2b: Rotom|[spread] p2a,p2b\n|-resisted|p2a: Excadrill|2\n|-damage|p2a: Excadrill|7/100\n|-damage|p2b: Rotom|81/100\n|move|p1a: Floette|Dazzling Gleam|p2a: Excadrill|[spread] p2a,p2b\n|-resisted|p2a: Excadrill|1\n|-damage|p2a: Excadrill|0 fnt\n|-damage|p2b: Rotom|32/100\n|faint|p2a: Excadrill\n|move|p2b: Rotom|Hydro Pump|p1b: Aerodactyl\n|-supereffective|p1b: Aerodactyl|1\n|-enditem|p1b: Aerodactyl|Focus Sash\n|-damage|p1b: Aerodactyl|1/100\n|\n|upkeep\n|turn|6\n|\n|t:|1776526080\n|move|p1b: Aerodactyl|Rock Slide|p2b: Rotom\n|-damage|p2b: Rotom|9/100\n|move|p1a: Floette|Dazzling Gleam|p2b: Rotom\n|-damage|p2b: Rotom|0 fnt\n|faint|p2b: Rotom\n|\n|win|shangenb\n|raw|shangenb's rating: 1217 &rarr; <strong>1237</strong><br />(+20 for winning)\n|raw|stinkymelons's rating: 1143 &rarr; <strong>1123</strong><br />(-20 for losing)\n|l|\u2606stinkymelons\n|player|p2|\n",
  "uploadtime": 1776526089,
  "views": 20,
  "formatid": "gen9championsvgc2026regma",
  "rating": 1123,
  "private": 0,
  "password": null
}