{
  "id": "gen9championsvgc2026regma-2587747866",
  "format": "[Gen 9 Champions] VGC 2026 Reg M-A",
  "players": [
    "PigoPreacher",
    "chrismckenz"
  ],
  "log": "|j|\u2606PigoPreacher\n|j|\u2606chrismckenz\n|t:|1776559997\n|gametype|doubles\n|player|p1|PigoPreacher|1|1000\n|player|p2|chrismckenz|102|1040\n|gen|9\n|tier|[Gen 9 Champions] VGC 2026 Reg M-A\n|rated|\n|rule|Species Clause: Limit one of each Pok\u00e9mon\n|rule|Item Clause: Limit 1 of each item\n|clearpoke\n|poke|p1|Aerodactyl, L50, M|\n|poke|p1|Sylveon, L50, F|\n|poke|p1|Scovillain, L50, M|\n|poke|p1|Drampa, L50, F|\n|poke|p1|Salazzle, L50, F|\n|poke|p1|Farigiraf, L50, F|\n|poke|p2|Pelipper, L50, F|\n|poke|p2|Archaludon, L50, F|\n|poke|p2|Meganium, L50, M|\n|poke|p2|Incineroar, L50, M|\n|poke|p2|Sableye, L50, F|\n|poke|p2|Basculegion, L50, M|\n|teampreview|4\nchrismckenz has agreed to open team sheets.\nPigoPreacher has agreed to open team sheets.\n|showteam|p1|Aerodactyl||FocusSash|Unnerve|RockSlide,Protect,Round,DualWingbeat|||M|||50|]Sylveon||FairyFeather|Pixilate|HyperVoice,Round,Protect,Substitute|||F|||50|]Scovillain||Scovillainite|Moody|Flamethrower,LeechSeed,Protect,RagePowder|||M|||50|]Drampa||Drampanite|Berserk|Round,DragonPulse,HyperVoice,Protect|||F|||50|]Salazzle||ChoiceScarf|Corrosion|Round,Flamethrower,SludgeBomb,AcidSpray|||F|||50|]Farigiraf||Leftovers|ArmorTail|TrickRoom,Protect,Psychic,HyperVoice|||F|||50|\n|showteam|p2|Pelipper||FocusSash|Drizzle|Hurricane,WeatherBall,WideGuard,Tailwind|||F|||50|]Archaludon||Leftovers|Stamina|ElectroShot,FlashCannon,AuraSphere,DracoMeteor|||F|||50|]Meganium||Meganiumite|Overgrow|SolarBeam,WeatherBall,DazzlingGleam,Protect|||M|||50|]Incineroar|||Blaze|FakeOut,PartingShot,FlareBlitz,DarkestLariat|||M|||50|]Sableye||SpellTag|Prankster|ShadowBall,FakeOut,Encore,RainDance|||F|||50|]Basculegion||MysticWater|SwiftSwim|LastRespects,FlipTurn,PsychicFangs,Waterfall|||M|||50|\n|\n|t:|1776560048\n|teamsize|p1|4\n|teamsize|p2|4\n|start\n|switch|p1a: Aerodactyl|Aerodactyl, L50, M|100/100\n|switch|p1b: Sylveon|Sylveon, L50, F|100/100\n|switch|p2a: Pelipper|Pelipper, L50, F|100/100\n|switch|p2b: Archaludon|Archaludon, L50, F|100/100\n|-ability|p1a: Aerodactyl|Unnerve\n|-weather|RainDance|[from] ability: Drizzle|[of] p2a: Pelipper\n|turn|1\n|\n|t:|1776560073\n|move|p1a: Aerodactyl|Round|p2a: Pelipper\n|-damage|p2a: Pelipper|89/100\n|move|p1b: Sylveon|Round|p2a: Pelipper|[from] move: Round\n|-damage|p2a: Pelipper|0 fnt\n|faint|p2a: Pelipper\n|move|p2b: Archaludon|Flash Cannon|p1b: Sylveon\n|-supereffective|p1b: Sylveon|1\n|-damage|p1b: Sylveon|35/100\n|\n|-weather|RainDance|[upkeep]\n|upkeep\n|\n|t:|1776560085\n|switch|p2a: Sableye|Sableye, L50, F|100/100\n|turn|2\n|\n|t:|1776560122\n|switch|p1a: Farigiraf|Farigiraf, L50, F|100/100\n|move|p1b: Sylveon|Protect|p1b: Sylveon\n|-singleturn|p1b: Sylveon|Protect\n|move|p2a: Sableye|Encore||[still]\n|cant|p1a: Farigiraf|ability: Armor Tail|Encore|[of] p2a: Sableye\n|move|p2b: Archaludon|Flash Cannon|p1b: Sylveon\n|-activate|p1b: Sylveon|move: Protect\n|\n|-weather|RainDance|[upkeep]\n|upkeep\n|turn|3\n|\n|t:|1776560152\n|switch|p1b: Drampa|Drampa, L50, F|100/100\n|switch|p2a: Basculegion|Basculegion, L50, M|100/100\n|move|p2b: Archaludon|Flash Cannon|p1b: Drampa\n|-damage|p1b: Drampa|53/100\n|move|p1a: Farigiraf|Trick Room|p1a: Farigiraf\n|-fieldstart|move: Trick Room|[of] p1a: Farigiraf\n|\n|-weather|RainDance|[upkeep]\n|upkeep\n|turn|4\n|\n|t:|1776560174\n|detailschange|p1b: Drampa|Drampa-Mega, L50, F\n|-mega|p1b: Drampa|Drampa|Drampanite\n|move|p1b: Drampa|Dragon Pulse|p2b: Archaludon\n|-damage|p2b: Archaludon|32/100\n|-ability|p2b: Archaludon|Stamina|boost\n|-boost|p2b: Archaludon|def|1\n|move|p1a: Farigiraf|Hyper Voice|p2a: Basculegion|[spread] p2b\n|-immune|p2a: Basculegion\n|-resisted|p2b: Archaludon|1\n|-damage|p2b: Archaludon|11/100\n|-ability|p2b: Archaludon|Stamina|boost\n|-boost|p2b: Archaludon|def|1\n|move|p2b: Archaludon|Aura Sphere|p1b: Drampa\n|-supereffective|p1b: Drampa|1\n|-damage|p1b: Drampa|3/100\n|-ability|p1b: Drampa|Berserk|boost\n|-boost|p1b: Drampa|spa|1\n|move|p2a: Basculegion|Waterfall|p1a: Farigiraf\n|-damage|p1a: Farigiraf|34/100\n|\n|-weather|RainDance|[upkeep]\n|-heal|p1a: Farigiraf|40/100|[from] item: Leftovers\n|-heal|p2b: Archaludon|18/100|[from] item: Leftovers\n|upkeep\n|turn|5\n|\n|t:|1776560208\n|switch|p2b: Sableye|Sableye, L50, F|100/100\n|move|p1b: Drampa|Dragon Pulse|p2a: Basculegion\n|-damage|p2a: Basculegion|22/100\n|move|p1a: Farigiraf|Psychic|p2b: Sableye\n|-immune|p2b: Sableye\n|move|p2a: Basculegion|Waterfall|p1a: Farigiraf\n|-damage|p1a: Farigiraf|0 fnt\n|faint|p1a: Farigiraf\n|\n|-weather|none\n|upkeep\n|\n|t:|1776560215\n|switch|p1a: Sylveon|Sylveon, L50, F|35/100\n|turn|6\n|\n|t:|1776560236\n|move|p1b: Drampa|Protect|p1b: Drampa\n|-singleturn|p1b: Drampa|Protect\n|move|p2b: Sableye|Fake Out|p1a: Sylveon\n|-damage|p1a: Sylveon|27/100\n|cant|p1a: Sylveon|flinch\n|move|p2a: Basculegion|Flip Turn|p1b: Drampa\n|-activate|p1b: Drampa|move: Protect\n|\n|upkeep\n|turn|7\n|\n|t:|1776560276\n|move|p1b: Drampa|Dragon Pulse|p2b: Sableye\n|-damage|p2b: Sableye|0 fnt\n|faint|p2b: Sableye\n|move|p1a: Sylveon|Hyper Voice|p2a: Basculegion\n|-damage|p2a: Basculegion|0 fnt\n|faint|p2a: Basculegion\n|\n|-fieldend|move: Trick Room\n|upkeep\n|\n|t:|1776560288\n|switch|p2b: Archaludon|Archaludon, L50, F|18/100\n|turn|8\n|\n|t:|1776560296\n|move|p2b: Archaludon|Flash Cannon|p1a: Sylveon\n|-supereffective|p1a: Sylveon|1\n|-damage|p1a: Sylveon|0 fnt\n|faint|p1a: Sylveon\n|move|p1b: Drampa|Round|p2b: Archaludon\n|-resisted|p2b: Archaludon|1\n|-damage|p2b: Archaludon|0 fnt\n|faint|p2b: Archaludon\n|\n|win|PigoPreacher\n|raw|PigoPreacher's rating: 1000 &rarr; <strong>1045</strong><br />(+45 for winning)\n|raw|chrismckenz's rating: 1040 &rarr; <strong>1022</strong><br />(-18 for losing)\n|c|\u2606PigoPreacher|gg\n|l|\u2606chrismckenz\n|player|p2|\n",
  "uploadtime": 1776560312,
  "views": 29,
  "formatid": "gen9championsvgc2026regma",
  "rating": 1022,
  "private": 0,
  "password": null
}