{
  "id": "gen9championsvgc2026regma-2584518336",
  "format": "[Gen 9 Champions] VGC 2026 Reg M-A",
  "players": [
    "Giftedyew",
    "Astraision"
  ],
  "log": "|j|\u2606Giftedyew\n|j|\u2606Astraision\n|t:|1776266134\n|gametype|doubles\n|player|p1|Giftedyew|102|1385\n|player|p2|Astraision|iris-gen5bw2|1369\n|gen|9\n|tier|[Gen 9 Champions] VGC 2026 Reg M-A\n|rated|\n|rule|Species Clause: Limit one of each Pok\u00e9mon\n|rule|Item Clause: Limit 1 of each item\n|clearpoke\n|poke|p1|Floette-Eternal, L50, F|\n|poke|p1|Aerodactyl, L50, M|\n|poke|p1|Sneasler, L50, F|\n|poke|p1|Kingambit, L50, F|\n|poke|p1|Basculegion, L50, M|\n|poke|p1|Maushold-Four, L50|\n|poke|p2|Aggron, L50, M|\n|poke|p2|Incineroar, L50, F|\n|poke|p2|Sinistcha, L50|\n|poke|p2|Kangaskhan, L50, F|\n|poke|p2|Kommo-o, L50, M|\n|poke|p2|Milotic, L50, F|\n|teampreview|4\n|inactive|Battle timer is ON: inactive players will automatically lose when time's up. (requested by Astraision)\n|inactive|Giftedyew has 60 seconds left.\n|\n|t:|1776266185\n|teamsize|p1|4\n|teamsize|p2|4\n|start\n|switch|p1a: Maushold|Maushold-Four, L50|100/100\n|switch|p1b: Floette|Floette-Eternal, L50, F|100/100\n|switch|p2a: Aggron|Aggron, L50, M|100/100\n|switch|p2b: Milotic|Milotic, L50, F|100/100\n|turn|1\n|\n|t:|1776266209\n|detailschange|p1b: Floette|Floette-Mega, L50, F\n|-mega|p1b: Floette|Floette|Floettite\n|-ability|p1b: Floette|Fairy Aura\n|detailschange|p2a: Aggron|Aggron-Mega, L50, M\n|-mega|p2a: Aggron|Aggron|Aggronite\n|move|p1b: Floette|Protect|p1b: Floette\n|-singleturn|p1b: Floette|Protect\n|move|p1a: Maushold|Super Fang|p2a: Aggron\n|-damage|p2a: Aggron|51/100\n|move|p2b: Milotic|Scald|p1a: Maushold\n|-crit|p1a: Maushold\n|-damage|p1a: Maushold|54/100\n|-status|p1a: Maushold|brn\n|move|p2a: Aggron|Iron Defense|p2a: Aggron\n|-boost|p2a: Aggron|def|2\n|\n|-damage|p1a: Maushold|48/100 brn|[from] brn\n|upkeep\n|turn|2\n|\n|t:|1776266232\n|move|p1a: Maushold|Helping Hand|p1b: Floette\n|-singleturn|p1b: Floette|Helping Hand|[of] p1a: Maushold\n|move|p1b: Floette|Moonblast|p2a: Aggron\n|-resisted|p2a: Aggron|1\n|-damage|p2a: Aggron|7/100\n|move|p2b: Milotic|Life Dew||[still]|[spread] p2a,p2b\n|-heal|p2a: Aggron|32/100\n|-fail|p2b: Milotic|heal\n|move|p2a: Aggron|Heavy Slam|p1b: Floette\n|-supereffective|p1b: Floette|1\n|-damage|p1b: Floette|51/100\n|\n|-damage|p1a: Maushold|42/100 brn|[from] brn\n|upkeep\n|turn|3\n|\n|t:|1776266252\n|move|p1a: Maushold|Helping Hand|p1b: Floette\n|-singleturn|p1b: Floette|Helping Hand|[of] p1a: Maushold\n|move|p2a: Aggron|Protect|p2a: Aggron\n|-singleturn|p2a: Aggron|Protect\n|move|p1b: Floette|Dazzling Gleam|p2b: Milotic|[spread] p2b\n|-activate|p2a: Aggron|move: Protect\n|-damage|p2b: Milotic|50/100\n|move|p2b: Milotic|Life Dew|p2b: Milotic|[spread] p2a,p2b\n|-heal|p2a: Aggron|56/100\n|-heal|p2b: Milotic|75/100\n|\n|-damage|p1a: Maushold|35/100 brn|[from] brn\n|upkeep\n|turn|4\n|\n|t:|1776266268\n|switch|p2b: Sinistcha|Sinistcha, L50|100/100\n|-heal|p2a: Aggron|81/100|[from] ability: Hospitality|[of] p2b: Sinistcha\n|move|p1a: Maushold|Super Fang|p2a: Aggron\n|-damage|p2a: Aggron|41/100\n|move|p1b: Floette|Moonblast|p2a: Aggron\n|-resisted|p2a: Aggron|1\n|-damage|p2a: Aggron|10/100\n|move|p2a: Aggron|Heavy Slam|p1b: Floette\n|-supereffective|p1b: Floette|1\n|-damage|p1b: Floette|0 fnt\n|faint|p1b: Floette\n|\n|-damage|p1a: Maushold|29/100 brn|[from] brn\n|upkeep\n|\n|t:|1776266273\n|switch|p1b: Aerodactyl|Aerodactyl, L50, M|100/100\n|-ability|p1b: Aerodactyl|Unnerve\n|turn|5\n|-message|Giftedyew forfeited.\n|\n|win|Astraision\n|raw|Giftedyew's rating: 1385 &rarr; <strong>1364</strong><br />(-21 for losing)\n|raw|Astraision's rating: 1369 &rarr; <strong>1390</strong><br />(+21 for winning)\n|l|\u2606Giftedyew\n|player|p1|\n",
  "uploadtime": 1776266285,
  "views": 51,
  "formatid": "gen9championsvgc2026regma",
  "rating": 1364,
  "private": 0,
  "password": null
}