{
  "id": "gen9championsvgc2026regma-2583697724",
  "format": "[Gen 9 Champions] VGC 2026 Reg M-A",
  "players": [
    "Damir1345",
    "T'Bois"
  ],
  "log": "|j|\u2606Damir1345\n|j|\u2606T'Bois\n|t:|1776191702\n|gametype|doubles\n|player|p1|Damir1345|burgh|1080\n|player|p2|T'Bois|1|1080\n|gen|9\n|tier|[Gen 9 Champions] VGC 2026 Reg M-A\n|rated|\n|rule|Species Clause: Limit one of each Pok\u00e9mon\n|rule|Item Clause: Limit 1 of each item\n|clearpoke\n|poke|p1|Drampa, L50, F|\n|poke|p1|Reuniclus, L50, F|\n|poke|p1|Camerupt, L50, M|\n|poke|p1|Garganacl, L50, F|\n|poke|p1|Bellibolt, L50, M|\n|poke|p1|Araquanid, L50, M|\n|poke|p2|Drampa, L50, M|\n|poke|p2|Sinistcha-Masterpiece, L50|\n|poke|p2|Tinkaton, L50, F|\n|poke|p2|Milotic, L50, F|\n|teampreview|4\n|\n|t:|1776191735\n|teamsize|p1|4\n|teamsize|p2|4\n|start\n|switch|p1a: Drampa|Drampa, L50, F|100/100\n|switch|p1b: Reuniclus|Reuniclus, L50, F|100/100\n|switch|p2a: Milotic|Milotic, L50, F|100/100\n|switch|p2b: Tinkaton|Tinkaton, L50, F|100/100\n|turn|1\n|\n|t:|1776191766\n|detailschange|p1a: Drampa|Drampa-Mega, L50, F\n|-mega|p1a: Drampa|Drampa|Drampanite\n|move|p2b: Tinkaton|Fake Out|p1b: Reuniclus\n|-damage|p1b: Reuniclus|93/100\n|move|p2a: Milotic|Muddy Water|p1a: Drampa|[spread] p1a,p1b\n|-resisted|p1a: Drampa|1\n|-damage|p1a: Drampa|84/100\n|-damage|p1b: Reuniclus|57/100\n|move|p1a: Drampa|Flamethrower|p2b: Tinkaton\n|-supereffective|p2b: Tinkaton|1\n|-damage|p2b: Tinkaton|15/100\n|cant|p1b: Reuniclus|flinch\n|\n|upkeep\n|turn|2\n|\n|t:|1776191810\n|move|p2b: Tinkaton|Gigaton Hammer|p1b: Reuniclus\n|-crit|p1b: Reuniclus\n|-damage|p1b: Reuniclus|0 fnt\n|faint|p1b: Reuniclus\n|move|p2a: Milotic|Muddy Water|p1a: Drampa\n|-resisted|p1a: Drampa|1\n|-damage|p1a: Drampa|62/100\n|move|p1a: Drampa|Hyper Voice|p2b: Tinkaton|[spread] p2a,p2b\n|-resisted|p2b: Tinkaton|1\n|-damage|p2a: Milotic|66/100\n|-damage|p2b: Tinkaton|0 fnt\n|faint|p2b: Tinkaton\n|\n|upkeep\n|\n|t:|1776191825\n|switch|p2b: Sinistcha|Sinistcha-Masterpiece, L50|100/100\n|switch|p1b: Bellibolt|Bellibolt, L50, M|100/100\n|-heal|p2a: Milotic|91/100|[from] ability: Hospitality|[of] p2b: Sinistcha\n|turn|3\n|\n|t:|1776191847\n|switch|p2a: Drampa|Drampa, L50, M|100/100\n|-ability|p2a: Drampa|Cloud Nine\n|move|p2b: Sinistcha|Matcha Gotcha|p1a: Drampa|[spread] p1a\n|-miss|p2b: Sinistcha|p1b: Bellibolt\n|-resisted|p1a: Drampa|1\n|-damage|p1a: Drampa|52/100\n|move|p1b: Bellibolt|Soak|p2b: Sinistcha\n|-start|p2b: Sinistcha|typechange|Water\n|move|p1a: Drampa|Flamethrower|p2b: Sinistcha\n|-resisted|p2b: Sinistcha|1\n|-damage|p2b: Sinistcha|78/100\n|\n|upkeep\n|turn|4\n|\n|t:|1776191880\n|detailschange|p2a: Drampa|Drampa-Mega, L50, M\n|-mega|p2a: Drampa|Drampa|Drampanite\n|move|p2b: Sinistcha|Rage Powder|p2b: Sinistcha\n|-singleturn|p2b: Sinistcha|move: Rage Powder\n|move|p1b: Bellibolt|Discharge|p2b: Sinistcha|[spread] p1a,p2a,p2b\n|-resisted|p1a: Drampa|1\n|-resisted|p2a: Drampa|1\n|-supereffective|p2b: Sinistcha|1\n|-damage|p1a: Drampa|40/100\n|-damage|p2a: Drampa|89/100\n|-damage|p2b: Sinistcha|13/100\n|-ability|p1a: Drampa|Berserk|boost\n|-boost|p1a: Drampa|spa|1\n|move|p2a: Drampa|Hyper Voice|p1a: Drampa|[spread] p1a,p1b\n|-damage|p1a: Drampa|0 fnt\n|-damage|p1b: Bellibolt|66/100\n|-start|p1b: Bellibolt|Charge|Hyper Voice|[from] ability: Electromorphosis\n|faint|p1a: Drampa\n|\n|upkeep\n|\n|t:|1776191896\n|switch|p1a: Camerupt|Camerupt, L50, M|100/100\n|turn|5\n|\n|t:|1776191917\n|move|p1b: Bellibolt|Parabolic Charge|p2a: Drampa|[spread] p2a,p2b\n|-immune|p1a: Camerupt\n|-resisted|p2a: Drampa|1\n|-supereffective|p2b: Sinistcha|1\n|-damage|p2a: Drampa|68/100\n|-heal|p1b: Bellibolt|75/100|[from] drain|[of] p2a: Drampa\n|-damage|p2b: Sinistcha|0 fnt\n|-heal|p1b: Bellibolt|80/100|[from] drain|[of] p2b: Sinistcha\n|faint|p2b: Sinistcha\n|-end|p1b: Bellibolt|Charge|[silent]\n|move|p1a: Camerupt|Earth Power|p2a: Drampa\n|-damage|p2a: Drampa|28/100\n|-unboost|p2a: Drampa|spd|1\n|-ability|p2a: Drampa|Berserk|boost\n|-boost|p2a: Drampa|spa|1\n|move|p2a: Drampa|Hyper Voice|p1a: Camerupt|[spread] p1a,p1b\n|-damage|p1a: Camerupt|19/100\n|-damage|p1b: Bellibolt|31/100\n|-start|p1b: Bellibolt|Charge|Hyper Voice|[from] ability: Electromorphosis\n|\n|upkeep\n|\n|t:|1776191936\n|switch|p2b: Milotic|Milotic, L50, F|91/100\n|turn|6\n|\n|t:|1776191948\n|move|p2b: Milotic|Muddy Water|p1a: Camerupt|[spread] p1a\n|-miss|p2b: Milotic|p1b: Bellibolt\n|-supereffective|p1a: Camerupt|2\n|-damage|p1a: Camerupt|0 fnt\n|faint|p1a: Camerupt\n|move|p1b: Bellibolt|Discharge|p2a: Drampa|[spread] p2a,p2b\n|-resisted|p2a: Drampa|1\n|-crit|p2a: Drampa\n|-supereffective|p2b: Milotic|1\n|-damage|p2a: Drampa|0 fnt\n|-damage|p2b: Milotic|7/100\n|faint|p2a: Drampa\n|-end|p1b: Bellibolt|Charge|[silent]\n|\n|upkeep\n|turn|7\n|\n|t:|1776191961\n|move|p2b: Milotic|Ice Beam|p1b: Bellibolt\n|-damage|p1b: Bellibolt|9/100\n|-start|p1b: Bellibolt|Charge|Ice Beam|[from] ability: Electromorphosis\n|move|p1b: Bellibolt|Discharge|p2b: Milotic\n|-supereffective|p2b: Milotic|1\n|-damage|p2b: Milotic|0 fnt\n|faint|p2b: Milotic\n|-end|p1b: Bellibolt|Charge|[silent]\n|\n|win|Damir1345\n|raw|Damir1345's rating: 1080 &rarr; <strong>1108</strong><br />(+28 for winning)\n|raw|T&apos;Bois's rating: 1080 &rarr; <strong>1058</strong><br />(-22 for losing)\n|l|\u2606T'Bois\n|player|p2|\n",
  "uploadtime": 1776191974,
  "views": 14,
  "formatid": "gen9championsvgc2026regma",
  "rating": 1058,
  "private": 0,
  "password": null
}