{
  "id": "gen9championsvgc2026regma-2587053814",
  "format": "[Gen 9 Champions] VGC 2026 Reg M-A",
  "players": [
    "tsetse",
    "bert55"
  ],
  "log": "|j|\u2606tsetse\n|j|\u2606bert55\n|t:|1776487322\n|gametype|doubles\n|player|p1|tsetse|ethan|1354\n|player|p2|bert55|2|1378\n|gen|9\n|tier|[Gen 9 Champions] VGC 2026 Reg M-A\n|rated|\n|rule|Species Clause: Limit one of each Pok\u00e9mon\n|rule|Item Clause: Limit 1 of each item\n|clearpoke\n|poke|p1|Gengar, L50, M|\n|poke|p1|Incineroar, L50, M|\n|poke|p1|Blastoise, L50, M|\n|poke|p1|Kingambit, L50, M|\n|poke|p1|Tsareena, L50, F|\n|poke|p1|Politoed, L50, M|\n|poke|p2|Camerupt, L50, F|\n|poke|p2|Farigiraf, L50, F|\n|poke|p2|Mimikyu, L50, M|\n|poke|p2|Crabominable, L50, M|\n|poke|p2|Torkoal, L50, M|\n|poke|p2|Primarina, L50, M|\n|teampreview|4\n|\n|t:|1776487359\n|teamsize|p1|4\n|teamsize|p2|4\n|start\n|switch|p1a: Gengar|Gengar, L50, M|100/100\n|switch|p1b: Incineroar|Incineroar, L50, M|100/100\n|switch|p2a: Mimikyu|Mimikyu, L50, M|100/100\n|switch|p2b: Primarina|Primarina, L50, M|100/100\n|-ability|p1b: Incineroar|Intimidate|boost\n|-unboost|p2a: Mimikyu|atk|1\n|-unboost|p2b: Primarina|atk|1\n|turn|1\n|\n|t:|1776487387\n|detailschange|p1a: Gengar|Gengar-Mega, L50, M\n|-mega|p1a: Gengar|Gengar|Gengarite\n|move|p1b: Incineroar|Fake Out|p2b: Primarina\n|-damage|p2b: Primarina|88/100\n|move|p1a: Gengar|Perish Song|p1a: Gengar\n|-start|p1a: Gengar|perish3|[silent]\n|-start|p1b: Incineroar|perish3|[silent]\n|-start|p2a: Mimikyu|perish3|[silent]\n|-start|p2b: Primarina|perish3|[silent]\n|-fieldactivate|move: Perish Song\n|cant|p2b: Primarina|flinch\n|move|p2a: Mimikyu|Trick Room|p2a: Mimikyu\n|-fieldstart|move: Trick Room|[of] p2a: Mimikyu\n|\n|-start|p2b: Primarina|perish3\n|-start|p1b: Incineroar|perish3\n|-start|p2a: Mimikyu|perish3\n|-start|p1a: Gengar|perish3\n|upkeep\n|turn|2\n|\n|t:|1776487408\n|move|p1b: Incineroar|Protect|p1b: Incineroar\n|-singleturn|p1b: Incineroar|Protect\n|move|p1a: Gengar|Protect|p1a: Gengar\n|-singleturn|p1a: Gengar|Protect\n|move|p2b: Primarina|Hyper Voice|p1b: Incineroar|[spread] \n|-activate|p1a: Gengar|move: Protect\n|-activate|p1b: Incineroar|move: Protect\n|move|p2a: Mimikyu|Play Rough|p1b: Incineroar\n|-activate|p1b: Incineroar|move: Protect\n|\n|-start|p2b: Primarina|perish2\n|-start|p1b: Incineroar|perish2\n|-start|p2a: Mimikyu|perish2\n|-start|p1a: Gengar|perish2\n|upkeep\n|turn|3\n|\n|t:|1776487430\n|switch|p1a: Blastoise|Blastoise, L50, M|100/100\n|move|p2a: Mimikyu|Shadow Sneak|p1a: Blastoise\n|-damage|p1a: Blastoise|90/100\n|move|p2b: Primarina|Hyper Voice|p1b: Incineroar|[spread] p1a,p1b\n|-resisted|p1a: Blastoise|1\n|-supereffective|p1b: Incineroar|1\n|-damage|p1a: Blastoise|73/100\n|-damage|p1b: Incineroar|29/100\n|move|p1b: Incineroar|Parting Shot|p2b: Primarina\n|-unboost|p2b: Primarina|atk|1\n|-unboost|p2b: Primarina|spa|1\n|\n|t:|1776487441\n|switch|p1b: Gengar|Gengar-Mega, L50, M|100/100|[from] Parting Shot\n|\n|-heal|p1a: Blastoise|78/100|[from] item: Leftovers\n|-start|p2b: Primarina|perish1\n|-start|p2a: Mimikyu|perish1\n|upkeep\n|turn|4\n|\n|t:|1776487462\n|switch|p2a: Farigiraf|Farigiraf, L50, F|100/100\n|move|p1a: Blastoise|Fake Out||[still]\n|cant|p2a: Farigiraf|ability: Armor Tail|Fake Out|[of] p1a: Blastoise\n|move|p2b: Primarina|Moonblast|p1a: Blastoise\n|-damage|p1a: Blastoise|52/100\n|-unboost|p1a: Blastoise|spa|1\n|move|p1b: Gengar|Shadow Ball|p2a: Farigiraf\n|-immune|p2a: Farigiraf\n|\n|-heal|p1a: Blastoise|58/100|[from] item: Leftovers\n|-start|p2b: Primarina|perish0\n|faint|p2b: Primarina\n|upkeep\n|\n|t:|1776487497\n|switch|p2b: Mimikyu|Mimikyu, L50, M|100/100\n|turn|5\n|j| kanako-kun\n|\n|t:|1776487522\n|switch|p1a: Incineroar|Incineroar, L50, M|29/100\n|-ability|p1a: Incineroar|Intimidate|boost\n|-unboost|p2a: Farigiraf|atk|1\n|-unboost|p2b: Mimikyu|atk|1\n|move|p2b: Mimikyu|Shadow Sneak|p1b: Gengar\n|-supereffective|p1b: Gengar|1\n|-damage|p1b: Gengar|71/100\n|move|p2a: Farigiraf|Psychic|p1b: Gengar\n|-supereffective|p1b: Gengar|1\n|-damage|p1b: Gengar|0 fnt\n|faint|p1b: Gengar\n|\n|-fieldend|move: Trick Room\n|upkeep\n|\n|t:|1776487536\n|switch|p1b: Blastoise|Blastoise, L50, M|58/100\n|turn|6\n|\n|t:|1776487549\n|move|p1b: Blastoise|Muddy Water|p2b: Mimikyu|[spread] p2a,p2b\n|-damage|p2a: Farigiraf|81/100\n|-activate|p2b: Mimikyu|ability: Disguise\n|-damage|p2b: Mimikyu|100/100\n|detailschange|p2b: Mimikyu|Mimikyu-Busted, L50, M\n|-damage|p2b: Mimikyu|88/100|[from] pokemon: Mimikyu-Busted\n|move|p1a: Incineroar|Throat Chop|p2a: Farigiraf\n|-supereffective|p2a: Farigiraf|1\n|-damage|p2a: Farigiraf|27/100\n|-start|p2a: Farigiraf|Throat Chop|[silent]\n|-enditem|p2a: Farigiraf|Sitrus Berry|[eat]\n|-heal|p2a: Farigiraf|52/100|[from] item: Sitrus Berry\n|cant|p2a: Farigiraf|move: Throat Chop\n|move|p2b: Mimikyu|Trick Room|p2b: Mimikyu\n|-fieldstart|move: Trick Room|[of] p2b: Mimikyu\n|\n|-heal|p1b: Blastoise|64/100|[from] item: Leftovers\n|upkeep\n|turn|7\n|\n|t:|1776487568\n|move|p2a: Farigiraf|Psychic|p1b: Blastoise\n|-damage|p1b: Blastoise|38/100\n|move|p1a: Incineroar|Throat Chop|p2a: Farigiraf\n|-supereffective|p2a: Farigiraf|1\n|-damage|p2a: Farigiraf|0 fnt\n|faint|p2a: Farigiraf\n|move|p1b: Blastoise|Muddy Water|p2b: Mimikyu\n|-damage|p2b: Mimikyu|56/100\n|move|p2b: Mimikyu|Play Rough|p1a: Incineroar\n|-damage|p1a: Incineroar|6/100\n|\n|-heal|p1b: Blastoise|44/100|[from] item: Leftovers\n|upkeep\n|\n|t:|1776487571\n|switch|p2a: Crabominable|Crabominable, L50, M|100/100\n|turn|8\n|\n|t:|1776487592\n|switch|p1a: Politoed|Politoed, L50, M|100/100\n|-weather|RainDance|[from] ability: Drizzle|[of] p1a: Politoed\n|detailschange|p2a: Crabominable|Crabominable-Mega, L50, M\n|-mega|p2a: Crabominable|Crabominable|Crabominite\n|move|p2a: Crabominable|Close Combat|p1b: Blastoise\n|-damage|p1b: Blastoise|0 fnt\n|-unboost|p2a: Crabominable|def|1\n|-unboost|p2a: Crabominable|spd|1\n|faint|p1b: Blastoise\n|move|p2b: Mimikyu|Wood Hammer|p1a: Politoed\n|-supereffective|p1a: Politoed|1\n|-damage|p1a: Politoed|62/100\n|-damage|p2b: Mimikyu|41/100|[from] Recoil\n|\n|-weather|RainDance|[upkeep]\n|upkeep\n|\n|t:|1776487606\n|switch|p1b: Incineroar|Incineroar, L50, M|6/100\n|-ability|p1b: Incineroar|Intimidate|boost\n|-unboost|p2a: Crabominable|atk|1\n|-unboost|p2b: Mimikyu|atk|1\n|turn|9\n|\n|t:|1776487613\n|move|p1b: Incineroar|Fake Out|p2a: Crabominable\n|-damage|p2a: Crabominable|88/100\n|cant|p2a: Crabominable|flinch\n|move|p1a: Politoed|Muddy Water|p2b: Mimikyu|[spread] p2a,p2b\n|-damage|p2a: Crabominable|35/100\n|-damage|p2b: Mimikyu|0 fnt\n|faint|p2b: Mimikyu\n|\n|-weather|RainDance|[upkeep]\n|upkeep\n|turn|10\n|\n|t:|1776487630\n|move|p2a: Crabominable|Close Combat|p1a: Politoed\n|-damage|p1a: Politoed|18/100\n|-unboost|p2a: Crabominable|def|1\n|-unboost|p2a: Crabominable|spd|1\n|move|p1b: Incineroar|Parting Shot|p2a: Crabominable\n|-unboost|p2a: Crabominable|atk|1\n|-unboost|p2a: Crabominable|spa|1\n|move|p1a: Politoed|Muddy Water|p2a: Crabominable\n|-damage|p2a: Crabominable|0 fnt\n|faint|p2a: Crabominable\n|\n|win|tsetse\n|raw|tsetse's rating: 1354 &rarr; <strong>1375</strong><br />(+21 for winning)\n|raw|bert55's rating: 1378 &rarr; <strong>1357</strong><br />(-21 for losing)\n|l|\u2606bert55\n|player|p2|\n",
  "uploadtime": 1776487642,
  "views": 25,
  "formatid": "gen9championsvgc2026regma",
  "rating": 1357,
  "private": 0,
  "password": null
}