{
  "id": "gen9championsvgc2026regma-2582636649",
  "format": "[Gen 9 Champions] VGC 2026 Reg M-A",
  "players": [
    "bighamsterbaseball",
    "KrAzYest"
  ],
  "log": "|j|\u2606bighamsterbaseball\n|j|\u2606KrAzYest\n|t:|1776104110\n|gametype|doubles\n|player|p1|bighamsterbaseball|pokemaniac|1095\n|player|p2|KrAzYest|infielder|1178\n|gen|9\n|tier|[Gen 9 Champions] VGC 2026 Reg M-A\n|rated|\n|rule|Species Clause: Limit one of each Pok\u00e9mon\n|rule|Item Clause: Limit 1 of each item\n|clearpoke\n|poke|p1|Glimmora, L50, M|\n|poke|p1|Tinkaton, L50, F|\n|poke|p1|Hydreigon, L50, M|\n|poke|p1|Pelipper, L50, M|\n|poke|p1|Basculegion, L50, M|\n|poke|p1|Tauros-Paldea-Aqua, L50, M|\n|poke|p2|Milotic, L50, F|\n|poke|p2|Sneasler, L50, F|\n|poke|p2|Basculegion, L50, M|\n|poke|p2|Kingambit, L50, F|\n|poke|p2|Incineroar, L50, M|\n|poke|p2|Gengar, L50, F|\n|teampreview|4\n|inactive|Battle timer is ON: inactive players will automatically lose when time's up. (requested by KrAzYest)\n|inactive|bighamsterbaseball has 60 seconds left.\n|\n|t:|1776104162\n|teamsize|p1|4\n|teamsize|p2|4\n|start\n|switch|p1a: Hydreigon|Hydreigon, L50, M|100/100\n|switch|p1b: Tauros|Tauros-Paldea-Aqua, L50, M|100/100\n|switch|p2a: Basculegion|Basculegion, L50, M|100/100\n|switch|p2b: Sneasler|Sneasler, L50, F|100/100\n|-ability|p1b: Tauros|Intimidate|boost\n|-unboost|p2a: Basculegion|atk|1\n|-unboost|p2b: Sneasler|atk|1\n|turn|1\n|inactive|KrAzYest has 30 seconds left.\n|\n|t:|1776104188\n|move|p1a: Hydreigon|Protect|p1a: Hydreigon\n|-singleturn|p1a: Hydreigon|Protect\n|move|p2a: Basculegion|Flip Turn|p1a: Hydreigon\n|-activate|p1a: Hydreigon|move: Protect\n|move|p2b: Sneasler|Close Combat|p1a: Hydreigon\n|-activate|p1a: Hydreigon|move: Protect\n|move|p1b: Tauros|Raging Bull|p2b: Sneasler\n|-damage|p2b: Sneasler|20/100\n|\n|upkeep\n|turn|2\n|\n|t:|1776104201\n|switch|p2a: Kingambit|Kingambit, L50, F|100/100\n|move|p1b: Tauros|Aqua Jet|p2b: Sneasler\n|-damage|p2b: Sneasler|0 fnt\n|faint|p2b: Sneasler\n|move|p1a: Hydreigon|Tailwind|p1a: Hydreigon\n|-sidestart|p1: bighamsterbaseball|move: Tailwind\n|\n|upkeep\n|\n|t:|1776104209\n|switch|p2b: Incineroar|Incineroar, L50, M|100/100\n|-ability|p2b: Incineroar|Intimidate|boost\n|-unboost|p1a: Hydreigon|atk|1\n|-unboost|p1b: Tauros|atk|1\n|turn|3\n|inactive|bighamsterbaseball has 30 seconds left.\n|inactive|bighamsterbaseball has 20 seconds left.\n|inactive|bighamsterbaseball has 15 seconds left.\n|\n|t:|1776104250\n|move|p1b: Tauros|Protect|p1b: Tauros\n|-singleturn|p1b: Tauros|Protect\n|move|p2b: Incineroar|Fake Out|p1b: Tauros\n|-activate|p1b: Tauros|move: Protect\n|move|p1a: Hydreigon|Draco Meteor|p2b: Incineroar\n|-damage|p2b: Incineroar|39/100\n|-unboost|p1a: Hydreigon|spa|2\n|move|p2a: Kingambit|Swords Dance|p2a: Kingambit\n|-boost|p2a: Kingambit|atk|2\n|\n|upkeep\n|turn|4\n|inactive|bighamsterbaseball has 30 seconds left.\n|\n|t:|1776104283\n|switch|p1a: Glimmora|Glimmora, L50, M|100/100\n|switch|p2b: Basculegion|Basculegion, L50, M|100/100\n|move|p1b: Tauros|Close Combat|p2a: Kingambit\n|-supereffective|p2a: Kingambit|2\n|-damage|p2a: Kingambit|0 fnt\n|-unboost|p1b: Tauros|def|1\n|-unboost|p1b: Tauros|spd|1\n|faint|p2a: Kingambit\n|\n|upkeep\n|\n|t:|1776104300\n|switch|p2a: Incineroar|Incineroar, L50, M|39/100\n|-ability|p2a: Incineroar|Intimidate|boost\n|-unboost|p1a: Glimmora|atk|1\n|-unboost|p1b: Tauros|atk|1\n|turn|5\n|\n|t:|1776104315\n|switch|p1b: Pelipper|Pelipper, L50, M|100/100\n|-weather|RainDance|[from] ability: Drizzle|[of] p1b: Pelipper\n|detailschange|p1a: Glimmora|Glimmora-Mega, L50, M\n|-mega|p1a: Glimmora|Glimmora|Glimmoranite\n|move|p1a: Glimmora|Spiky Shield|p1a: Glimmora\n|-singleturn|p1a: Glimmora|move: Protect\n|move|p2a: Incineroar|Fake Out|p1b: Pelipper\n|-damage|p1b: Pelipper|83/100\n|move|p2b: Basculegion|Wave Crash|p1a: Glimmora\n|-activate|p1a: Glimmora|move: Protect\n|-damage|p2b: Basculegion|88/100|[from] Spiky Shield|[of] p1a: Glimmora\n|\n|-weather|RainDance|[upkeep]\n|-sideend|p1: bighamsterbaseball|move: Tailwind\n|upkeep\n|turn|6\n|\n|t:|1776104335\n|move|p2b: Basculegion|Wave Crash|p1a: Glimmora\n|-supereffective|p1a: Glimmora|1\n|-damage|p1a: Glimmora|0 fnt\n|faint|p1a: Glimmora\n|-damage|p2b: Basculegion|62/100|[from] Recoil\n|move|p1b: Pelipper|Weather Ball|p2a: Incineroar\n|-supereffective|p2a: Incineroar|1\n|-crit|p2a: Incineroar\n|-damage|p2a: Incineroar|0 fnt\n|faint|p2a: Incineroar\n|\n|-weather|RainDance|[upkeep]\n|upkeep\n|\n|t:|1776104338\n|switch|p1a: Hydreigon|Hydreigon, L50, M|100/100\n|turn|7\n|l|\u2606bighamsterbaseball\n|inactive|bighamsterbaseball disconnected and has a minute to reconnect!\n|player|p1|\n|j|\u2606bighamsterbaseball\n|inactive|bighamsterbaseball reconnected.\n|player|p1|bighamsterbaseball|pokemaniac|\n|inactive|KrAzYest has 30 seconds left.\n|\n|t:|1776104363\n|move|p2b: Basculegion|Wave Crash|p1b: Pelipper\n|-resisted|p1b: Pelipper|1\n|-damage|p1b: Pelipper|6/100\n|-damage|p2b: Basculegion|45/100|[from] Recoil\n|move|p1b: Pelipper|Hurricane|p2b: Basculegion\n|-damage|p2b: Basculegion|0 fnt\n|faint|p2b: Basculegion\n|\n|win|bighamsterbaseball\n|raw|bighamsterbaseball's rating: 1095 &rarr; <strong>1127</strong><br />(+32 for winning)\n|raw|KrAzYest's rating: 1178 &rarr; <strong>1147</strong><br />(-31 for losing)\n|l|\u2606KrAzYest\n|player|p2|\n",
  "uploadtime": 1776104377,
  "views": 22,
  "formatid": "gen9championsvgc2026regma",
  "rating": 1127,
  "private": 0,
  "password": null
}