{
  "id": "gen9championsvgc2026regma-2587810853",
  "format": "[Gen 9 Champions] VGC 2026 Reg M-A",
  "players": [
    "fish azu",
    "Amukhan"
  ],
  "log": "|j|\u2606fish azu\n|j|\u2606Amukhan\n|t:|1776566370\n|gametype|doubles\n|player|p1|fish azu|winona|1141\n|player|p2|Amukhan|ingo|1201\n|gen|9\n|tier|[Gen 9 Champions] VGC 2026 Reg M-A\n|rated|\n|rule|Species Clause: Limit one of each Pok\u00e9mon\n|rule|Item Clause: Limit 1 of each item\n|clearpoke\n|poke|p1|Archaludon, L50, M|\n|poke|p1|Azumarill, L50, F|\n|poke|p1|Pelipper, L50, F|\n|poke|p1|Farigiraf, L50, M|\n|poke|p1|Dragonite, L50, M|\n|poke|p1|Incineroar, L50, F|\n|poke|p2|Whimsicott, L50, F, shiny|\n|poke|p2|Tyranitar, L50, M|\n|poke|p2|Garchomp, L50, M|\n|poke|p2|Basculegion, L50, M|\n|poke|p2|Glimmora, L50, F, shiny|\n|poke|p2|Corviknight, L50, F, shiny|\n|teampreview|4\n|inactive|Battle timer is ON: inactive players will automatically lose when time's up. (requested by fish azu)\n|\n|t:|1776566427\n|teamsize|p1|4\n|teamsize|p2|4\n|start\n|switch|p1a: Incineroar|Incineroar, L50, F|100/100\n|switch|p1b: Dragonite|Dragonite, L50, M|100/100\n|switch|p2a: Whimsicott|Whimsicott, L50, F, shiny|100/100\n|switch|p2b: Glimmora|Glimmora, L50, F, shiny|100/100\n|-ability|p1a: Incineroar|Intimidate|boost\n|-unboost|p2a: Whimsicott|atk|1\n|-unboost|p2b: Glimmora|atk|1\n|turn|1\n|inactive|fish azu has 30 seconds left.\n|inactive|Amukhan has 30 seconds left.\n|\n|t:|1776566458\n|switch|p2a: Basculegion|Basculegion, L50, M|100/100\n|detailschange|p1b: Dragonite|Dragonite-Mega, L50, M\n|-mega|p1b: Dragonite|Dragonite|Dragoninite\n|move|p2b: Glimmora|Spiky Shield|p2b: Glimmora\n|-singleturn|p2b: Glimmora|move: Protect\n|move|p1a: Incineroar|Fake Out|p2b: Glimmora\n|-activate|p2b: Glimmora|move: Protect\n|-damage|p1a: Incineroar|88/100|[from] Spiky Shield|[of] p2b: Glimmora\n|move|p1b: Dragonite|Hurricane|p2a: Basculegion|[miss]\n|-miss|p1b: Dragonite|p2a: Basculegion\n|\n|upkeep\n|turn|2\n|\n|t:|1776566483\n|switch|p1a: Pelipper|Pelipper, L50, F|100/100\n|-weather|RainDance|[from] ability: Drizzle|[of] p1a: Pelipper\n|detailschange|p2b: Glimmora|Glimmora-Mega, L50, F, shiny\n|-mega|p2b: Glimmora|Glimmora|Glimmoranite\n|move|p2a: Basculegion|Icy Wind|p1a: Pelipper|[spread] p1b\n|-miss|p2a: Basculegion|p1a: Pelipper\n|-supereffective|p1b: Dragonite|2\n|-damage|p1b: Dragonite|87/100\n|-unboost|p1b: Dragonite|spe|1\n|move|p2b: Glimmora|Power Gem|p1a: Pelipper\n|-supereffective|p1a: Pelipper|1\n|-enditem|p1a: Pelipper|Focus Sash\n|-damage|p1a: Pelipper|1/100\n|move|p1b: Dragonite|Weather Ball|p2b: Glimmora\n|-supereffective|p2b: Glimmora|1\n|-damage|p2b: Glimmora|0 fnt\n|faint|p2b: Glimmora\n|\n|-weather|RainDance|[upkeep]\n|upkeep\n|\n|t:|1776566505\n|switch|p2b: Tyranitar|Tyranitar, L50, M|100/100\n|-weather|Sandstorm|[from] ability: Sand Stream|[of] p2b: Tyranitar\n|turn|3\n|\n|t:|1776566526\n|switch|p1a: Incineroar|Incineroar, L50, F|88/100\n|-ability|p1a: Incineroar|Intimidate|boost\n|-unboost|p2a: Basculegion|atk|1\n|-unboost|p2b: Tyranitar|atk|1\n|switch|p1b: Archaludon|Archaludon, L50, M|100/100\n|move|p2a: Basculegion|Icy Wind|p1b: Archaludon|[spread] p1a,p1b\n|-resisted|p1a: Incineroar|1\n|-damage|p1a: Incineroar|86/100\n|-damage|p1b: Archaludon|92/100\n|-unboost|p1a: Incineroar|spe|1\n|-unboost|p1b: Archaludon|spe|1\n|-ability|p1b: Archaludon|Stamina|boost\n|-boost|p1b: Archaludon|def|1\n|move|p2b: Tyranitar|Dragon Dance|p2b: Tyranitar\n|-boost|p2b: Tyranitar|atk|1\n|-boost|p2b: Tyranitar|spe|1\n|\n|-weather|Sandstorm|[upkeep]\n|-damage|p2a: Basculegion|94/100|[from] Sandstorm\n|-damage|p1a: Incineroar|80/100|[from] Sandstorm\n|upkeep\n|turn|4\n|inactive|fish azu has 30 seconds left.\n|inactive|fish azu has 20 seconds left.\n|\n|t:|1776566565\n|switch|p2a: Whimsicott|Whimsicott, L50, F, shiny|100/100\n|move|p2b: Tyranitar|Protect|p2b: Tyranitar\n|-singleturn|p2b: Tyranitar|Protect\n|move|p1b: Archaludon|Flash Cannon|p2b: Tyranitar\n|-activate|p2b: Tyranitar|move: Protect\n|move|p1a: Incineroar|Throat Chop|p2a: Whimsicott\n|-resisted|p2a: Whimsicott|1\n|-damage|p2a: Whimsicott|82/100\n|-start|p2a: Whimsicott|Throat Chop|[silent]\n|\n|-weather|Sandstorm|[upkeep]\n|-damage|p2a: Whimsicott|76/100|[from] Sandstorm\n|-damage|p1a: Incineroar|74/100|[from] Sandstorm\n|upkeep\n|turn|5\n|inactive|Amukhan has 30 seconds left.\n|inactive|Amukhan has 20 seconds left.\n|inactive|Amukhan has 15 seconds left.\n|inactive|Amukhan has 10 seconds left.\n|inactive|Amukhan has 5 seconds left.\n|\n|t:|1776566617\n|move|p2a: Whimsicott|Tickle|p1a: Incineroar\n|-hint|Since gen 7, Dark is immune to Prankster moves.\n|-immune|p1a: Incineroar\n|move|p2b: Tyranitar|Rock Slide|p1a: Incineroar|[spread] p1a,p1b\n|-supereffective|p1a: Incineroar|1\n|-resisted|p1b: Archaludon|1\n|-damage|p1a: Incineroar|22/100\n|-damage|p1b: Archaludon|84/100\n|-ability|p1b: Archaludon|Stamina|boost\n|-boost|p1b: Archaludon|def|1\n|cant|p1b: Archaludon|flinch\n|move|p1a: Incineroar|Parting Shot|p2b: Tyranitar\n|-unboost|p2b: Tyranitar|atk|1\n|-unboost|p2b: Tyranitar|spa|1\n|\n|t:|1776566629\n|switch|p1a: Pelipper|Pelipper, L50, F|1/100|[from] Parting Shot\n|-weather|RainDance|[from] ability: Drizzle|[of] p1a: Pelipper\n|\n|-weather|RainDance|[upkeep]\n|-end|p2a: Whimsicott|Throat Chop|[silent]\n|upkeep\n|turn|6\n|inactive|fish azu has 30 seconds left.\n|\n|t:|1776566659\n|switch|p2b: Basculegion|Basculegion, L50, M|94/100\n|switch|p1a: Dragonite|Dragonite-Mega, L50, M|87/100\n|move|p2a: Whimsicott|Tailwind|p2a: Whimsicott\n|-sidestart|p2: Amukhan|move: Tailwind\n|move|p1b: Archaludon|Flash Cannon|p2a: Whimsicott\n|-supereffective|p2a: Whimsicott|1\n|-damage|p2a: Whimsicott|0 fnt\n|faint|p2a: Whimsicott\n|\n|-weather|RainDance|[upkeep]\n|upkeep\n|\n|t:|1776566672\n|switch|p2a: Tyranitar|Tyranitar, L50, M|100/100\n|-weather|Sandstorm|[from] ability: Sand Stream|[of] p2a: Tyranitar\n|turn|7\n|inactive|fish azu has 30 seconds left.\n|inactive|Amukhan has 30 seconds left.\n|inactive|fish azu has 20 seconds left.\n|inactive|fish azu has 15 seconds left.\n|\n|t:|1776566715\n|switch|p1a: Pelipper|Pelipper, L50, F|1/100\n|-weather|RainDance|[from] ability: Drizzle|[of] p1a: Pelipper\n|move|p2b: Basculegion|Last Respects|p1a: Pelipper\n|-damage|p1a: Pelipper|0 fnt\n|faint|p1a: Pelipper\n|move|p2a: Tyranitar|Dragon Dance|p2a: Tyranitar\n|-boost|p2a: Tyranitar|atk|1\n|-boost|p2a: Tyranitar|spe|1\n|move|p1b: Archaludon|Electro Shot||[still]\n|-prepare|p1b: Archaludon|Electro Shot\n|-boost|p1b: Archaludon|spa|1\n|-anim|p1b: Archaludon|Electro Shot|p2b: Basculegion\n|-supereffective|p2b: Basculegion|1\n|-damage|p2b: Basculegion|0 fnt\n|faint|p2b: Basculegion\n|\n|-weather|RainDance|[upkeep]\n|upkeep\n|\n|t:|1776566723\n|switch|p1a: Dragonite|Dragonite-Mega, L50, M|87/100\n|turn|8\n|\n|t:|1776566734\n|move|p2a: Tyranitar|Rock Slide|p1a: Dragonite|[spread] p1a,p1b\n|-supereffective|p1a: Dragonite|1\n|-resisted|p1b: Archaludon|1\n|-damage|p1a: Dragonite|3/100\n|-damage|p1b: Archaludon|77/100\n|-ability|p1b: Archaludon|Stamina|boost\n|-boost|p1b: Archaludon|def|1\n|move|p1a: Dragonite|Weather Ball|p2a: Tyranitar\n|-supereffective|p2a: Tyranitar|1\n|-damage|p2a: Tyranitar|0 fnt\n|faint|p2a: Tyranitar\n|\n|win|fish azu\n|raw|fish azu's rating: 1141 &rarr; <strong>1170</strong><br />(+29 for winning)\n|raw|Amukhan's rating: 1201 &rarr; <strong>1172</strong><br />(-29 for losing)\n|c|\u2606Amukhan|Gh\n|l|\u2606Amukhan\n|player|p2|\n",
  "uploadtime": 1776566859,
  "views": 16,
  "formatid": "gen9championsvgc2026regma",
  "rating": 1170,
  "private": 0,
  "password": null
}