{
  "id": "gen9championsvgc2026regma-2582773748",
  "format": "[Gen 9 Champions] VGC 2026 Reg M-A",
  "players": [
    "Werzzu",
    "SirNeru"
  ],
  "log": "|j|\u2606Werzzu\n|j|\u2606SirNeru\n|t:|1776113131\n|gametype|doubles\n|player|p1|Werzzu|ghetsis-gen5bw|1126\n|player|p2|SirNeru|101|1162\n|gen|9\n|tier|[Gen 9 Champions] VGC 2026 Reg M-A\n|rated|\n|rule|Species Clause: Limit one of each Pok\u00e9mon\n|rule|Item Clause: Limit 1 of each item\n|clearpoke\n|poke|p1|Torkoal, L50, M|\n|poke|p1|Camerupt, L50, F|\n|poke|p1|Farigiraf, L50, M|\n|poke|p1|Sinistcha, L50|\n|poke|p1|Rotom-Heat, L50|\n|poke|p1|Milotic, L50, F|\n|poke|p2|Beedrill, L50, M|\n|poke|p2|Whimsicott, L50, M|\n|poke|p2|Weavile, L50, M|\n|poke|p2|Aerodactyl, L50, F|\n|poke|p2|Incineroar, L50, F|\n|poke|p2|Milotic, L50, M|\n|teampreview|4\n|inactive|Battle timer is ON: inactive players will automatically lose when time's up. (requested by Werzzu)\nWerzzu rejected open team sheets.\n|inactive|SirNeru has 60 seconds left.\n|\n|t:|1776113196\n|teamsize|p1|4\n|teamsize|p2|4\n|start\n|switch|p1a: Milotic|Milotic, L50, F|100/100\n|switch|p1b: Sinistcha|Sinistcha, L50|100/100\n|switch|p2a: Aerodactyl|Aerodactyl, L50, F|100/100\n|switch|p2b: Beedrill|Beedrill, L50, M|100/100\n|turn|1\n|\n|t:|1776113211\n|detailschange|p2a: Aerodactyl|Aerodactyl-Mega, L50, F\n|-mega|p2a: Aerodactyl|Aerodactyl|Aerodactylite\n|move|p2a: Aerodactyl|Dual Wingbeat|p1b: Sinistcha|[miss]\n|-miss|p2a: Aerodactyl|p1b: Sinistcha\n|move|p2b: Beedrill|U-turn|p1a: Milotic\n|-damage|p1a: Milotic|75/100\n|\n|t:|1776113216\n|switch|p2b: Milotic|Milotic, L50, M|100/100|[from] U-turn\n|move|p1a: Milotic|Ice Beam|p2b: Milotic\n|-resisted|p2b: Milotic|1\n|-damage|p2b: Milotic|93/100\n|move|p1b: Sinistcha|Trick Room|p1b: Sinistcha\n|-fieldstart|move: Trick Room|[of] p1b: Sinistcha\n|\n|-heal|p1a: Milotic|81/100|[from] item: Leftovers\n|-heal|p2b: Milotic|99/100|[from] item: Leftovers\n|upkeep\n|turn|2\n|\n|t:|1776113230\n|move|p2a: Aerodactyl|Protect|p2a: Aerodactyl\n|-singleturn|p2a: Aerodactyl|Protect\n|move|p1b: Sinistcha|Matcha Gotcha|p2b: Milotic|[spread] p2b\n|-activate|p2a: Aerodactyl|move: Protect\n|-supereffective|p2b: Milotic|1\n|-damage|p2b: Milotic|65/100\n|move|p1a: Milotic|Scald|p2a: Aerodactyl\n|-activate|p2a: Aerodactyl|move: Protect\n|move|p2b: Milotic|Ice Beam|p1b: Sinistcha\n|-supereffective|p1b: Sinistcha|1\n|-damage|p1b: Sinistcha|54/100\n|\n|-heal|p1a: Milotic|87/100|[from] item: Leftovers\n|-heal|p2b: Milotic|71/100|[from] item: Leftovers\n|upkeep\n|turn|3\n|\n|t:|1776113251\n|switch|p2a: Beedrill|Beedrill, L50, M|100/100\n|move|p1b: Sinistcha|Matcha Gotcha|p2a: Beedrill|[spread] p2b\n|-miss|p1b: Sinistcha|p2a: Beedrill\n|-supereffective|p2b: Milotic|1\n|-damage|p2b: Milotic|34/100\n|-heal|p1b: Sinistcha|75/100|[from] drain|[of] p2b: Milotic\n|move|p1a: Milotic|Scald|p2a: Beedrill\n|-damage|p2a: Beedrill|50/100\n|-status|p2a: Beedrill|brn\n|move|p2b: Milotic|Ice Beam|p1b: Sinistcha\n|-supereffective|p1b: Sinistcha|1\n|-damage|p1b: Sinistcha|33/100\n|-enditem|p1b: Sinistcha|Sitrus Berry|[eat]\n|-heal|p1b: Sinistcha|57/100|[from] item: Sitrus Berry\n|\n|-heal|p1a: Milotic|93/100|[from] item: Leftovers\n|-heal|p2b: Milotic|40/100|[from] item: Leftovers\n|-damage|p2a: Beedrill|45/100 brn|[from] brn\n|upkeep\n|turn|4\n|\n|t:|1776113271\n|move|p2a: Beedrill|Protect|p2a: Beedrill\n|-singleturn|p2a: Beedrill|Protect\n|move|p1b: Sinistcha|Life Dew|p1b: Sinistcha|[spread] p1a,p1b\n|-heal|p1a: Milotic|100/100\n|-heal|p1b: Sinistcha|83/100\n|move|p1a: Milotic|Scald|p2a: Beedrill\n|-activate|p2a: Beedrill|move: Protect\n|move|p2b: Milotic|Recover|p2b: Milotic\n|-heal|p2b: Milotic|90/100\n|\n|-heal|p2b: Milotic|96/100|[from] item: Leftovers\n|-damage|p2a: Beedrill|39/100 brn|[from] brn\n|upkeep\n|turn|5\n|\n|t:|1776113287\n|move|p1b: Sinistcha|Matcha Gotcha|p2a: Beedrill|[spread] p2a,p2b\n|-resisted|p2a: Beedrill|2\n|-supereffective|p2b: Milotic|1\n|-damage|p2a: Beedrill|30/100 brn\n|-heal|p1b: Sinistcha|86/100|[from] drain|[of] p2a: Beedrill\n|-damage|p2b: Milotic|63/100\n|-heal|p1b: Sinistcha|100/100|[from] drain|[of] p2b: Milotic\n|move|p1a: Milotic|Scald|p2a: Beedrill\n|-damage|p2a: Beedrill|0 fnt\n|faint|p2a: Beedrill\n|move|p2b: Milotic|Ice Beam|p1b: Sinistcha\n|-supereffective|p1b: Sinistcha|1\n|-damage|p1b: Sinistcha|56/100\n|\n|-heal|p2b: Milotic|69/100|[from] item: Leftovers\n|-fieldend|move: Trick Room\n|upkeep\n|\n|t:|1776113292\n|switch|p2a: Aerodactyl|Aerodactyl-Mega, L50, F|100/100\n|turn|6\n|\n|t:|1776113316\n|switch|p1b: Camerupt|Camerupt, L50, F|100/100\n|move|p2a: Aerodactyl|Dual Wingbeat|p1b: Camerupt\n|-damage|p1b: Camerupt|61/100\n|-damage|p1b: Camerupt|22/100\n|-hitcount|p1b: Camerupt|2\n|move|p2b: Milotic|Ice Beam|p1a: Milotic\n|-resisted|p1a: Milotic|1\n|-damage|p1a: Milotic|93/100\n|move|p1a: Milotic|Scald|p2a: Aerodactyl\n|-supereffective|p2a: Aerodactyl|1\n|-damage|p2a: Aerodactyl|27/100\n|-status|p2a: Aerodactyl|brn\n|\n|-heal|p2b: Milotic|75/100|[from] item: Leftovers\n|-heal|p1a: Milotic|99/100|[from] item: Leftovers\n|-damage|p2a: Aerodactyl|21/100 brn|[from] brn\n|upkeep\n|turn|7\n|inactive|Werzzu has 30 seconds left.\n|\n|t:|1776113341\n|move|p2a: Aerodactyl|Rock Slide|p1b: Camerupt|[spread] p1a,p1b\n|-damage|p1a: Milotic|85/100\n|-damage|p1b: Camerupt|1/100\n|move|p2b: Milotic|Ice Beam|p1b: Camerupt\n|-damage|p1b: Camerupt|0 fnt\n|faint|p1b: Camerupt\n|move|p1a: Milotic|Scald|p2b: Milotic\n|-resisted|p2b: Milotic|1\n|-damage|p2b: Milotic|63/100\n|\n|-heal|p2b: Milotic|69/100|[from] item: Leftovers\n|-heal|p1a: Milotic|91/100|[from] item: Leftovers\n|-damage|p2a: Aerodactyl|15/100 brn|[from] brn\n|upkeep\n|\n|t:|1776113352\n|switch|p1b: Sinistcha|Sinistcha, L50|56/100\n|-heal|p1a: Milotic|100/100|[from] ability: Hospitality|[of] p1b: Sinistcha\n|turn|8\n|\n|t:|1776113363\n|move|p2a: Aerodactyl|Dual Wingbeat|p1b: Sinistcha\n|-supereffective|p1b: Sinistcha|1\n|-damage|p1b: Sinistcha|30/100\n|-supereffective|p1b: Sinistcha|1\n|-damage|p1b: Sinistcha|7/100\n|-hitcount|p1b: Sinistcha|2\n|move|p2b: Milotic|Ice Beam|p1a: Milotic\n|-resisted|p1a: Milotic|1\n|-damage|p1a: Milotic|93/100\n|move|p1a: Milotic|Scald|p2a: Aerodactyl\n|-supereffective|p2a: Aerodactyl|1\n|-damage|p2a: Aerodactyl|0 fnt\n|faint|p2a: Aerodactyl\n|move|p1b: Sinistcha|Trick Room|p1b: Sinistcha\n|-fieldstart|move: Trick Room|[of] p1b: Sinistcha\n|\n|-heal|p1a: Milotic|99/100|[from] item: Leftovers\n|-heal|p2b: Milotic|75/100|[from] item: Leftovers\n|upkeep\n|\n|t:|1776113373\n|switch|p2a: Incineroar|Incineroar, L50, F|100/100\n|-ability|p2a: Incineroar|Intimidate|boost\n|-unboost|p1a: Milotic|atk|1\n|-ability|p1a: Milotic|Competitive|boost\n|-boost|p1a: Milotic|spa|2\n|-unboost|p1b: Sinistcha|atk|1\n|turn|9\n|\n|t:|1776113380\n|move|p2a: Incineroar|Fake Out|p1a: Milotic\n|-damage|p1a: Milotic|87/100\n|move|p1b: Sinistcha|Rage Powder|p1b: Sinistcha\n|-singleturn|p1b: Sinistcha|move: Rage Powder\n|cant|p1a: Milotic|flinch\n|move|p2b: Milotic|Ice Beam|p1b: Sinistcha\n|-supereffective|p1b: Sinistcha|1\n|-damage|p1b: Sinistcha|0 fnt\n|faint|p1b: Sinistcha\n|\n|-heal|p1a: Milotic|93/100|[from] item: Leftovers\n|-heal|p2b: Milotic|81/100|[from] item: Leftovers\n|upkeep\n|\n|t:|1776113386\n|switch|p1b: Torkoal|Torkoal, L50, M|100/100\n|-weather|SunnyDay|[from] ability: Drought|[of] p1b: Torkoal\n|turn|10\n|\n|t:|1776113399\n|move|p1b: Torkoal|Protect|p1b: Torkoal\n|-singleturn|p1b: Torkoal|Protect\n|move|p2a: Incineroar|Protect|p2a: Incineroar\n|-singleturn|p2a: Incineroar|Protect\n|move|p1a: Milotic|Scald|p2a: Incineroar\n|-activate|p2a: Incineroar|move: Protect\n|move|p2b: Milotic|Scald|p1b: Torkoal\n|-activate|p1b: Torkoal|move: Protect\n|\n|-weather|SunnyDay|[upkeep]\n|-heal|p1a: Milotic|99/100|[from] item: Leftovers\n|-heal|p2b: Milotic|87/100|[from] item: Leftovers\n|upkeep\n|turn|11\n|\n|t:|1776113414\n|move|p1b: Torkoal|Rock Slide|p2b: Milotic|[spread] p2a,p2b\n|-supereffective|p2a: Incineroar|1\n|-damage|p2a: Incineroar|77/100\n|-damage|p2b: Milotic|75/100\n|move|p2a: Incineroar|Parting Shot|p1b: Torkoal\n|-unboost|p1b: Torkoal|atk|1\n|-unboost|p1b: Torkoal|spa|1\n|move|p1a: Milotic|Scald|p2a: Incineroar\n|-supereffective|p2a: Incineroar|1\n|-damage|p2a: Incineroar|13/100\n|move|p2b: Milotic|Scald|p1b: Torkoal\n|-supereffective|p1b: Torkoal|1\n|-damage|p1b: Torkoal|60/100\n|\n|-weather|SunnyDay|[upkeep]\n|-heal|p1a: Milotic|100/100|[from] item: Leftovers\n|-heal|p2b: Milotic|81/100|[from] item: Leftovers\n|upkeep\n|turn|12\n|\n|t:|1776113432\n|move|p2a: Incineroar|Protect|p2a: Incineroar\n|-singleturn|p2a: Incineroar|Protect\n|move|p1b: Torkoal|Rock Slide|p2a: Incineroar|[spread] p2b\n|-activate|p2a: Incineroar|move: Protect\n|-damage|p2b: Milotic|73/100\n|move|p1a: Milotic|Scald|p2a: Incineroar\n|-activate|p2a: Incineroar|move: Protect\n|move|p2b: Milotic|Scald|p1a: Milotic\n|-resisted|p1a: Milotic|1\n|-damage|p1a: Milotic|96/100\n|\n|-weather|SunnyDay|[upkeep]\n|-heal|p1a: Milotic|100/100|[from] item: Leftovers\n|-heal|p2b: Milotic|79/100|[from] item: Leftovers\n|-fieldend|move: Trick Room\n|upkeep\n|turn|13\n|inactive|SirNeru has 30 seconds left.\n|\n|t:|1776113462\n|move|p2b: Milotic|Scald|p1a: Milotic\n|-resisted|p1a: Milotic|1\n|-damage|p1a: Milotic|96/100\n|move|p1a: Milotic|Scald|p2a: Incineroar\n|-supereffective|p2a: Incineroar|1\n|-damage|p2a: Incineroar|0 fnt\n|faint|p2a: Incineroar\n|move|p1b: Torkoal|Earth Power|p2b: Milotic\n|-damage|p2b: Milotic|65/100\n|\n|-weather|SunnyDay|[upkeep]\n|-heal|p2b: Milotic|71/100|[from] item: Leftovers\n|-heal|p1a: Milotic|100/100|[from] item: Leftovers\n|upkeep\n|turn|14\n|\n|t:|1776113478\n|move|p2b: Milotic|Scald|p1b: Torkoal\n|-supereffective|p1b: Torkoal|1\n|-damage|p1b: Torkoal|21/100\n|move|p1a: Milotic|Scald|p2b: Milotic\n|-resisted|p2b: Milotic|1\n|-damage|p2b: Milotic|61/100\n|-status|p2b: Milotic|brn\n|move|p1b: Torkoal|Rock Slide|p2b: Milotic\n|-damage|p2b: Milotic|50/100 brn\n|\n|-weather|none\n|-heal|p2b: Milotic|56/100 brn|[from] item: Leftovers\n|-damage|p2b: Milotic|50/100 brn|[from] brn\n|upkeep\n|turn|15\n|\n|t:|1776113489\n|move|p1b: Torkoal|Protect|p1b: Torkoal\n|-singleturn|p1b: Torkoal|Protect\n|move|p2b: Milotic|Recover|p2b: Milotic\n|-heal|p2b: Milotic|100/100 brn\n|move|p1a: Milotic|Scald|p2b: Milotic\n|-resisted|p2b: Milotic|1\n|-damage|p2b: Milotic|80/100 brn\n|\n|-heal|p2b: Milotic|86/100 brn|[from] item: Leftovers\n|-damage|p2b: Milotic|80/100 brn|[from] brn\n|upkeep\n|turn|16\n|\n|t:|1776113502\n|move|p1b: Torkoal|Protect|p1b: Torkoal\n|-singleturn|p1b: Torkoal|Protect\n|move|p2b: Milotic|Scald|p1b: Torkoal\n|-activate|p1b: Torkoal|move: Protect\n|move|p1a: Milotic|Scald|p2b: Milotic\n|-resisted|p2b: Milotic|1\n|-damage|p2b: Milotic|58/100 brn\n|\n|-heal|p2b: Milotic|64/100 brn|[from] item: Leftovers\n|-damage|p2b: Milotic|58/100 brn|[from] brn\n|upkeep\n|turn|17\n|\n|t:|1776113517\n|move|p1b: Torkoal|Protect||[still]\n|-fail|p1b: Torkoal\n|move|p2b: Milotic|Scald|p1b: Torkoal\n|-supereffective|p1b: Torkoal|1\n|-damage|p1b: Torkoal|0 fnt\n|faint|p1b: Torkoal\n|move|p1a: Milotic|Scald|p2b: Milotic\n|-resisted|p2b: Milotic|1\n|-damage|p2b: Milotic|36/100 brn\n|\n|-heal|p2b: Milotic|42/100 brn|[from] item: Leftovers\n|-damage|p2b: Milotic|36/100 brn|[from] brn\n|upkeep\n|turn|18\n|\n|t:|1776113529\n|move|p2b: Milotic|Scald|p1a: Milotic\n|-resisted|p1a: Milotic|1\n|-damage|p1a: Milotic|91/100\n|move|p1a: Milotic|Scald|p2b: Milotic\n|-resisted|p2b: Milotic|1\n|-damage|p2b: Milotic|15/100 brn\n|\n|-heal|p2b: Milotic|21/100 brn|[from] item: Leftovers\n|-heal|p1a: Milotic|97/100|[from] item: Leftovers\n|-damage|p2b: Milotic|15/100 brn|[from] brn\n|upkeep\n|turn|19\n|\n|t:|1776113544\n|move|p2b: Milotic|Recover|p2b: Milotic\n|-heal|p2b: Milotic|65/100 brn\n|move|p1a: Milotic|Weather Ball|p2b: Milotic\n|-damage|p2b: Milotic|44/100 brn\n|\n|-heal|p2b: Milotic|50/100 brn|[from] item: Leftovers\n|-heal|p1a: Milotic|100/100|[from] item: Leftovers\n|-damage|p2b: Milotic|44/100 brn|[from] brn\n|upkeep\n|turn|20\n|\n|t:|1776113551\n|move|p2b: Milotic|Scald|p1a: Milotic\n|-resisted|p1a: Milotic|1\n|-damage|p1a: Milotic|90/100\n|move|p1a: Milotic|Weather Ball|p2b: Milotic\n|-damage|p2b: Milotic|25/100 brn\n|\n|-heal|p2b: Milotic|31/100 brn|[from] item: Leftovers\n|-heal|p1a: Milotic|96/100|[from] item: Leftovers\n|-damage|p2b: Milotic|25/100 brn|[from] brn\n|upkeep\n|turn|21\n|\n|t:|1776113558\n|move|p2b: Milotic|Recover|p2b: Milotic\n|-heal|p2b: Milotic|75/100 brn\n|move|p1a: Milotic|Weather Ball|p2b: Milotic\n|-damage|p2b: Milotic|55/100 brn\n|\n|-heal|p2b: Milotic|61/100 brn|[from] item: Leftovers\n|-heal|p1a: Milotic|100/100|[from] item: Leftovers\n|-damage|p2b: Milotic|55/100 brn|[from] brn\n|upkeep\n|turn|22\n|\n|t:|1776113562\n|move|p2b: Milotic|Scald|p1a: Milotic\n|-resisted|p1a: Milotic|1\n|-damage|p1a: Milotic|90/100\n|-status|p1a: Milotic|brn\n|move|p1a: Milotic|Weather Ball|p2b: Milotic\n|-damage|p2b: Milotic|34/100 brn\n|\n|-heal|p2b: Milotic|40/100 brn|[from] item: Leftovers\n|-heal|p1a: Milotic|96/100 brn|[from] item: Leftovers\n|-damage|p2b: Milotic|34/100 brn|[from] brn\n|-damage|p1a: Milotic|90/100 brn|[from] brn\n|upkeep\n|turn|23\n|\n|t:|1776113570\n|move|p2b: Milotic|Protect|p2b: Milotic\n|-singleturn|p2b: Milotic|Protect\n|move|p1a: Milotic|Weather Ball|p2b: Milotic\n|-activate|p2b: Milotic|move: Protect\n|\n|-heal|p2b: Milotic|40/100 brn|[from] item: Leftovers\n|-heal|p1a: Milotic|96/100 brn|[from] item: Leftovers\n|-damage|p2b: Milotic|34/100 brn|[from] brn\n|-damage|p1a: Milotic|90/100 brn|[from] brn\n|upkeep\n|turn|24\n|\n|t:|1776113575\n|move|p2b: Milotic|Recover|p2b: Milotic\n|-heal|p2b: Milotic|84/100 brn\n|move|p1a: Milotic|Weather Ball|p2b: Milotic\n|-damage|p2b: Milotic|66/100 brn\n|\n|-heal|p2b: Milotic|72/100 brn|[from] item: Leftovers\n|-heal|p1a: Milotic|96/100 brn|[from] item: Leftovers\n|-damage|p2b: Milotic|66/100 brn|[from] brn\n|-damage|p1a: Milotic|90/100 brn|[from] brn\n|upkeep\n|turn|25\n|\n|t:|1776113592\n|move|p2b: Milotic|Scald|p1a: Milotic\n|-resisted|p1a: Milotic|1\n|-damage|p1a: Milotic|80/100 brn\n|move|p1a: Milotic|Weather Ball|p2b: Milotic\n|-damage|p2b: Milotic|48/100 brn\n|\n|-heal|p2b: Milotic|53/100 brn|[from] item: Leftovers\n|-heal|p1a: Milotic|86/100 brn|[from] item: Leftovers\n|-damage|p2b: Milotic|48/100 brn|[from] brn\n|-damage|p1a: Milotic|80/100 brn|[from] brn\n|upkeep\n|turn|26\n|\n|t:|1776113600\n|move|p2b: Milotic|Scald|p1a: Milotic\n|-resisted|p1a: Milotic|1\n|-damage|p1a: Milotic|69/100 brn\n|move|p1a: Milotic|Weather Ball|p2b: Milotic\n|-damage|p2b: Milotic|28/100 brn\n|\n|-heal|p2b: Milotic|34/100 brn|[from] item: Leftovers\n|-heal|p1a: Milotic|75/100 brn|[from] item: Leftovers\n|-damage|p2b: Milotic|28/100 brn|[from] brn\n|-damage|p1a: Milotic|69/100 brn|[from] brn\n|upkeep\n|turn|27\n|l|\u2606SirNeru\n|inactive|SirNeru disconnected and has a minute to reconnect!\n|player|p2|\n|inactive|SirNeru has 30 seconds left.\n|inactive|SirNeru has 20 seconds left.\n|inactive|SirNeru has 15 seconds left.\n|j|\u2606SirNeru\n|inactive|SirNeru reconnected and has 15 seconds left.\n|player|p2|SirNeru|101|\n|inactive|SirNeru has 10 seconds left.\n|\n|t:|1776113649\n|move|p2b: Milotic|Recover|p2b: Milotic\n|-heal|p2b: Milotic|78/100 brn\n|move|p1a: Milotic|Weather Ball|p2b: Milotic\n|-damage|p2b: Milotic|59/100 brn\n|\n|-heal|p2b: Milotic|65/100 brn|[from] item: Leftovers\n|-heal|p1a: Milotic|75/100 brn|[from] item: Leftovers\n|-damage|p2b: Milotic|59/100 brn|[from] brn\n|-damage|p1a: Milotic|69/100 brn|[from] brn\n|upkeep\n|turn|28\n|\n|t:|1776113660\n|move|p2b: Milotic|Scald|p1a: Milotic\n|-resisted|p1a: Milotic|1\n|-damage|p1a: Milotic|59/100 brn\n|move|p1a: Milotic|Ice Beam|p2b: Milotic\n|-resisted|p2b: Milotic|1\n|-damage|p2b: Milotic|42/100 brn\n|\n|-heal|p2b: Milotic|48/100 brn|[from] item: Leftovers\n|-heal|p1a: Milotic|65/100 brn|[from] item: Leftovers\n|-damage|p2b: Milotic|42/100 brn|[from] brn\n|-damage|p1a: Milotic|59/100 brn|[from] brn\n|upkeep\n|turn|29\n|\n|t:|1776113668\n|move|p1a: Milotic|Protect|p1a: Milotic\n|-singleturn|p1a: Milotic|Protect\n|move|p2b: Milotic|Scald|p1a: Milotic\n|-activate|p1a: Milotic|move: Protect\n|\n|-heal|p2b: Milotic|48/100 brn|[from] item: Leftovers\n|-heal|p1a: Milotic|65/100 brn|[from] item: Leftovers\n|-damage|p2b: Milotic|42/100 brn|[from] brn\n|-damage|p1a: Milotic|59/100 brn|[from] brn\n|upkeep\n|turn|30\n|\n|t:|1776113681\n|move|p2b: Milotic|Protect|p2b: Milotic\n|-singleturn|p2b: Milotic|Protect\n|move|p1a: Milotic|Ice Beam|p2b: Milotic\n|-activate|p2b: Milotic|move: Protect\n|\n|-heal|p2b: Milotic|48/100 brn|[from] item: Leftovers\n|-heal|p1a: Milotic|65/100 brn|[from] item: Leftovers\n|-damage|p2b: Milotic|42/100 brn|[from] brn\n|-damage|p1a: Milotic|59/100 brn|[from] brn\n|upkeep\n|turn|31\n|inactive|SirNeru has 30 seconds left.\n|\n|t:|1776113714\n|move|p1a: Milotic|Protect|p1a: Milotic\n|-singleturn|p1a: Milotic|Protect\n|move|p2b: Milotic|Scald|p1a: Milotic\n|-activate|p1a: Milotic|move: Protect\n|\n|-heal|p2b: Milotic|48/100 brn|[from] item: Leftovers\n|-heal|p1a: Milotic|65/100 brn|[from] item: Leftovers\n|-damage|p2b: Milotic|42/100 brn|[from] brn\n|-damage|p1a: Milotic|59/100 brn|[from] brn\n|upkeep\n|turn|32\n|\n|t:|1776113725\n|move|p2b: Milotic|Scald|p1a: Milotic\n|-resisted|p1a: Milotic|1\n|-damage|p1a: Milotic|49/100 brn\n|move|p1a: Milotic|Ice Beam|p2b: Milotic\n|-resisted|p2b: Milotic|1\n|-damage|p2b: Milotic|26/100 brn\n|\n|-heal|p2b: Milotic|32/100 brn|[from] item: Leftovers\n|-heal|p1a: Milotic|55/100 brn|[from] item: Leftovers\n|-damage|p2b: Milotic|26/100 brn|[from] brn\n|-damage|p1a: Milotic|49/100 brn|[from] brn\n|upkeep\n|turn|33\n|\n|t:|1776113734\n|move|p2b: Milotic|Recover|p2b: Milotic\n|-heal|p2b: Milotic|76/100 brn\n|move|p1a: Milotic|Weather Ball|p2b: Milotic\n|-damage|p2b: Milotic|57/100 brn\n|\n|-heal|p2b: Milotic|63/100 brn|[from] item: Leftovers\n|-heal|p1a: Milotic|55/100 brn|[from] item: Leftovers\n|-damage|p2b: Milotic|57/100 brn|[from] brn\n|-damage|p1a: Milotic|49/100 brn|[from] brn\n|upkeep\n|turn|34\n|l|\u2606SirNeru\n|inactive|SirNeru disconnected and has a minute to reconnect!\n|player|p2|\n|j|\u2606SirNeru\n|inactive|SirNeru reconnected and has 35 seconds left.\n|player|p2|SirNeru|101|\n|inactive|SirNeru has 30 seconds left.\n|\n|t:|1776113763\n|move|p1a: Milotic|Protect|p1a: Milotic\n|-singleturn|p1a: Milotic|Protect\n|move|p2b: Milotic|Ice Beam|p1a: Milotic\n|-activate|p1a: Milotic|move: Protect\n|\n|-heal|p2b: Milotic|63/100 brn|[from] item: Leftovers\n|-heal|p1a: Milotic|55/100 brn|[from] item: Leftovers\n|-damage|p2b: Milotic|57/100 brn|[from] brn\n|-damage|p1a: Milotic|49/100 brn|[from] brn\n|upkeep\n|turn|35\n|\n|t:|1776113778\n|move|p2b: Milotic|Ice Beam|p1a: Milotic\n|-resisted|p1a: Milotic|1\n|-damage|p1a: Milotic|41/100 brn\n|move|p1a: Milotic|Ice Beam|p2b: Milotic\n|-resisted|p2b: Milotic|1\n|-damage|p2b: Milotic|40/100 brn\n|\n|-heal|p2b: Milotic|46/100 brn|[from] item: Leftovers\n|-heal|p1a: Milotic|47/100 brn|[from] item: Leftovers\n|-damage|p2b: Milotic|40/100 brn|[from] brn\n|-damage|p1a: Milotic|41/100 brn|[from] brn\n|upkeep\n|turn|36\n|\n|t:|1776113791\n|move|p2b: Milotic|Protect|p2b: Milotic\n|-singleturn|p2b: Milotic|Protect\n|move|p1a: Milotic|Weather Ball|p2b: Milotic\n|-activate|p2b: Milotic|move: Protect\n|\n|-heal|p2b: Milotic|46/100 brn|[from] item: Leftovers\n|-heal|p1a: Milotic|47/100 brn|[from] item: Leftovers\n|-damage|p2b: Milotic|40/100 brn|[from] brn\n|-damage|p1a: Milotic|41/100 brn|[from] brn\n|upkeep\n|turn|37\n|inactive|SirNeru has 30 seconds left.\n|\n|t:|1776113820\n|move|p2b: Milotic|Ice Beam|p1a: Milotic\n|-resisted|p1a: Milotic|1\n|-damage|p1a: Milotic|34/100 brn\n|move|p1a: Milotic|Weather Ball|p2b: Milotic\n|-crit|p2b: Milotic\n|-damage|p2b: Milotic|11/100 brn\n|\n|-heal|p2b: Milotic|17/100 brn|[from] item: Leftovers\n|-heal|p1a: Milotic|40/100 brn|[from] item: Leftovers\n|-damage|p2b: Milotic|11/100 brn|[from] brn\n|-damage|p1a: Milotic|34/100 brn|[from] brn\n|upkeep\n|turn|38\n|\n|t:|1776113831\n|move|p2b: Milotic|Recover|p2b: Milotic\n|-heal|p2b: Milotic|61/100 brn\n|move|p1a: Milotic|Ice Beam|p2b: Milotic\n|-resisted|p2b: Milotic|1\n|-damage|p2b: Milotic|44/100 brn\n|\n|-heal|p2b: Milotic|50/100 brn|[from] item: Leftovers\n|-heal|p1a: Milotic|40/100 brn|[from] item: Leftovers\n|-damage|p2b: Milotic|44/100 brn|[from] brn\n|-damage|p1a: Milotic|34/100 brn|[from] brn\n|upkeep\n|turn|39\n|\n|t:|1776113842\n|move|p1a: Milotic|Protect|p1a: Milotic\n|-singleturn|p1a: Milotic|Protect\n|move|p2b: Milotic|Ice Beam|p1a: Milotic\n|-activate|p1a: Milotic|move: Protect\n|\n|-heal|p2b: Milotic|50/100 brn|[from] item: Leftovers\n|-heal|p1a: Milotic|40/100 brn|[from] item: Leftovers\n|-damage|p2b: Milotic|44/100 brn|[from] brn\n|-damage|p1a: Milotic|34/100 brn|[from] brn\n|upkeep\n|turn|40\n|inactive|Werzzu has 30 seconds left.\n|\n|t:|1776113861\n|move|p2b: Milotic|Protect|p2b: Milotic\n|-singleturn|p2b: Milotic|Protect\n|move|p1a: Milotic|Ice Beam|p2b: Milotic\n|-activate|p2b: Milotic|move: Protect\n|\n|-heal|p2b: Milotic|50/100 brn|[from] item: Leftovers\n|-heal|p1a: Milotic|40/100 brn|[from] item: Leftovers\n|-damage|p2b: Milotic|44/100 brn|[from] brn\n|-damage|p1a: Milotic|34/100 brn|[from] brn\n|upkeep\n|turn|41\n|inactive|Werzzu has 25 seconds left this turn.\n|\n|t:|1776113873\n|move|p2b: Milotic|Protect|p2b: Milotic\n|-singleturn|p2b: Milotic|Protect\n|move|p1a: Milotic|Ice Beam|p2b: Milotic\n|-activate|p2b: Milotic|move: Protect\n|\n|-heal|p2b: Milotic|50/100 brn|[from] item: Leftovers\n|-heal|p1a: Milotic|40/100 brn|[from] item: Leftovers\n|-damage|p2b: Milotic|44/100 brn|[from] brn\n|-damage|p1a: Milotic|34/100 brn|[from] brn\n|upkeep\n|turn|42\n|inactive|Werzzu has 25 seconds left this turn.\n|inactive|Werzzu has 20 seconds left.\n|\n|t:|1776113887\n|move|p2b: Milotic|Protect||[still]\n|-fail|p2b: Milotic\n|move|p1a: Milotic|Ice Beam|p2b: Milotic\n|-resisted|p2b: Milotic|1\n|-crit|p2b: Milotic\n|-damage|p2b: Milotic|18/100 brn\n|\n|-heal|p2b: Milotic|24/100 brn|[from] item: Leftovers\n|-heal|p1a: Milotic|40/100 brn|[from] item: Leftovers\n|-damage|p2b: Milotic|18/100 brn|[from] brn\n|-damage|p1a: Milotic|34/100 brn|[from] brn\n|upkeep\n|turn|43\n|inactive|Werzzu has 20 seconds left this turn.\n|inactive|Werzzu has 15 seconds left.\n|inactive|Werzzu has 10 seconds left.\n|\n|t:|1776113898\n|move|p1a: Milotic|Protect|p1a: Milotic\n|-singleturn|p1a: Milotic|Protect\n|move|p2b: Milotic|Ice Beam|p1a: Milotic\n|-activate|p1a: Milotic|move: Protect\n|\n|-heal|p2b: Milotic|24/100 brn|[from] item: Leftovers\n|-heal|p1a: Milotic|40/100 brn|[from] item: Leftovers\n|-damage|p2b: Milotic|18/100 brn|[from] brn\n|-damage|p1a: Milotic|34/100 brn|[from] brn\n|upkeep\n|turn|44\n|inactive|Werzzu has 10 seconds left this turn.\n|inactive|Werzzu has 5 seconds left.\n|inactive|SirNeru has 30 seconds left.\n|\n|t:|1776113926\n|move|p2b: Milotic|Protect|p2b: Milotic\n|-singleturn|p2b: Milotic|Protect\n|move|p1a: Milotic|Ice Beam|p2b: Milotic\n|-activate|p2b: Milotic|move: Protect\n|\n|-heal|p2b: Milotic|24/100 brn|[from] item: Leftovers\n|-heal|p1a: Milotic|40/100 brn|[from] item: Leftovers\n|-damage|p2b: Milotic|18/100 brn|[from] brn\n|-damage|p1a: Milotic|34/100 brn|[from] brn\n|upkeep\n|turn|45\n|inactive|Werzzu has 5 seconds left this turn.\n|\n|t:|1776113931\n|move|p2b: Milotic|Protect|p2b: Milotic\n|-singleturn|p2b: Milotic|Protect\n|move|p1a: Milotic|Ice Beam|p2b: Milotic\n|-activate|p2b: Milotic|move: Protect\n|\n|-heal|p2b: Milotic|24/100 brn|[from] item: Leftovers\n|-heal|p1a: Milotic|40/100 brn|[from] item: Leftovers\n|-damage|p2b: Milotic|18/100 brn|[from] brn\n|-damage|p1a: Milotic|34/100 brn|[from] brn\n|upkeep\n|turn|46\n|inactive|Werzzu has 5 seconds left this turn.\n|inactive|SirNeru has 30 seconds left.\n|-message|Werzzu lost due to inactivity.\n|\n|win|SirNeru\n|raw|Werzzu's rating: 1126 &rarr; <strong>1104</strong><br />(-22 for losing)\n|raw|SirNeru's rating: 1162 &rarr; <strong>1184</strong><br />(+22 for winning)\n|l|\u2606Werzzu\n|player|p1|\n",
  "uploadtime": 1776113960,
  "views": 18,
  "formatid": "gen9championsvgc2026regma",
  "rating": 1104,
  "private": 0,
  "password": null
}