{
  "id": "gen9championsvgc2026regma-2588315722",
  "format": "[Gen 9 Champions] VGC 2026 Reg M-A",
  "players": [
    "PyProd.",
    "silverhaffling01"
  ],
  "log": "|j|\u2606PyProd.\n|j|\u2606silverhaffling01\n|t:|1776623460\n|gametype|doubles\n|player|p1|PyProd.|#lcplxiskittycommittee|1305\n|player|p2|silverhaffling01|gambler|1243\n|gen|9\n|tier|[Gen 9 Champions] VGC 2026 Reg M-A\n|rated|\n|rule|Species Clause: Limit one of each Pok\u00e9mon\n|rule|Item Clause: Limit 1 of each item\n|clearpoke\n|poke|p1|Aerodactyl, L50, F|\n|poke|p1|Garchomp, L50, M|\n|poke|p1|Floette-Eternal, L50, F|\n|poke|p1|Arcanine-Hisui, L50, F|\n|poke|p1|Sneasler, L50, F|\n|poke|p1|Rotom-Wash, L50|\n|poke|p2|Charizard, L50, M, shiny|\n|poke|p2|Gardevoir, L50, F|\n|poke|p2|Incineroar, L50, M|\n|poke|p2|Garchomp, L50, F|\n|poke|p2|Whimsicott, L50, F|\n|poke|p2|Rotom-Wash, L50|\n|teampreview|4\n|\n|t:|1776623506\n|teamsize|p1|4\n|teamsize|p2|4\n|start\n|switch|p1a: Rotom|Rotom-Wash, L50|100/100\n|switch|p1b: Arcanine|Arcanine-Hisui, L50, F|100/100\n|switch|p2a: Whimsicott|Whimsicott, L50, F|100/100\n|switch|p2b: Rotom|Rotom-Wash, L50|100/100\n|-ability|p1b: Arcanine|Intimidate|boost\n|-unboost|p2a: Whimsicott|atk|1\n|-unboost|p2b: Rotom|atk|1\n|turn|1\n|inactive|Battle timer is ON: inactive players will automatically lose when time's up. (requested by PyProd.)\n|\n|t:|1776623590\n|move|p1b: Arcanine|Protect|p1b: Arcanine\n|-singleturn|p1b: Arcanine|Protect\n|move|p2a: Whimsicott|Tailwind|p2a: Whimsicott\n|-sidestart|p2: silverhaffling01|move: Tailwind\n|move|p1a: Rotom|Volt Switch|p2b: Rotom\n|-damage|p2b: Rotom|75/100\n|\n|t:|1776623598\n|switch|p1a: Floette|Floette-Eternal, L50, F|100/100|[from] Volt Switch\n|move|p2b: Rotom|Hydro Pump|p1b: Arcanine\n|-activate|p1b: Arcanine|move: Protect\n|\n|upkeep\n|turn|2\n|\n|t:|1776623608\n|switch|p1b: Rotom|Rotom-Wash, L50|100/100\n|detailschange|p1a: Floette|Floette-Mega, L50, F\n|-mega|p1a: Floette|Floette|Floettite\n|-ability|p1a: Floette|Fairy Aura\n|move|p2a: Whimsicott|Encore||[still]\n|-fail|p2a: Whimsicott\n|move|p2b: Rotom|Hydro Pump|p1b: Rotom\n|-resisted|p1b: Rotom|1\n|-damage|p1b: Rotom|74/100\n|move|p1a: Floette|Moonblast|p2b: Rotom\n|-damage|p2b: Rotom|0 fnt\n|faint|p2b: Rotom\n|\n|upkeep\n|\n|t:|1776623619\n|switch|p2b: Charizard|Charizard, L50, M, shiny|100/100\n|turn|3\n|\n|t:|1776623632\n|switch|p1b: Arcanine|Arcanine-Hisui, L50, F|100/100\n|-ability|p1b: Arcanine|Intimidate|boost\n|-unboost|p2a: Whimsicott|atk|1\n|-unboost|p2b: Charizard|atk|1\n|move|p2b: Charizard|Protect|p2b: Charizard\n|-singleturn|p2b: Charizard|Protect\n|move|p1a: Floette|Protect|p1a: Floette\n|-singleturn|p1a: Floette|Protect\n|move|p2a: Whimsicott|Moonblast|p1a: Floette\n|-activate|p1a: Floette|move: Protect\n|\n|upkeep\n|turn|4\n|\n|t:|1776623652\n|switch|p2b: Garchomp|Garchomp, L50, F|100/100\n|move|p2a: Whimsicott|Encore|p1a: Floette\n|-start|p1a: Floette|Encore\n|move|p1a: Floette|Protect|p1a: Floette\n|-singleturn|p1a: Floette|Protect\n|move|p1b: Arcanine|Rock Slide|p2a: Whimsicott|[spread] p2a,p2b\n|-resisted|p2b: Garchomp|1\n|-damage|p2a: Whimsicott|60/100\n|-damage|p2b: Garchomp|84/100\n|\n|-sideend|p2: silverhaffling01|move: Tailwind\n|upkeep\n|turn|5\n|\n|t:|1776623664\n|switch|p1b: Rotom|Rotom-Wash, L50|74/100\n|switch|p1a: Garchomp|Garchomp, L50, M|100/100\n|move|p2a: Whimsicott|Tailwind|p2a: Whimsicott\n|-sidestart|p2: silverhaffling01|move: Tailwind\n|move|p2b: Garchomp|Earthquake|p1a: Garchomp|[spread] p2a,p1a\n|-immune|p1b: Rotom|[from] ability: Levitate\n|-resisted|p2a: Whimsicott|1\n|-damage|p2a: Whimsicott|32/100\n|-damage|p1a: Garchomp|61/100\n|\n|upkeep\n|turn|6\n|\n|t:|1776623684\n|move|p1a: Garchomp|Protect|p1a: Garchomp\n|-singleturn|p1a: Garchomp|Protect\n|move|p2b: Garchomp|Earthquake|p1a: Garchomp|[spread] p2a\n|-activate|p1a: Garchomp|move: Protect\n|-immune|p1b: Rotom|[from] ability: Levitate\n|-resisted|p2a: Whimsicott|1\n|-damage|p2a: Whimsicott|3/100\n|move|p2a: Whimsicott|Moonblast|p1a: Garchomp\n|-activate|p1a: Garchomp|move: Protect\n|move|p1b: Rotom|Will-O-Wisp|p2b: Garchomp\n|-status|p2b: Garchomp|brn\n|\n|-damage|p2b: Garchomp|78/100 brn|[from] brn\n|upkeep\n|turn|7\n|\n|t:|1776623691\n|switch|p1a: Floette|Floette-Mega, L50, F|100/100\n|-ability|p1a: Floette|Fairy Aura\n|move|p2a: Whimsicott|Encore|p1b: Rotom\n|-start|p1b: Rotom|Encore\n|move|p2b: Garchomp|Earthquake|p1a: Floette|[spread] p2a,p1a\n|-immune|p1b: Rotom|[from] ability: Levitate\n|-resisted|p2a: Whimsicott|1\n|-damage|p2a: Whimsicott|0 fnt\n|-damage|p1a: Floette|82/100\n|faint|p2a: Whimsicott\n|move|p1b: Rotom|Will-O-Wisp|p2b: Garchomp|[miss]\n|-miss|p1b: Rotom|p2b: Garchomp\n|\n|-damage|p2b: Garchomp|72/100 brn|[from] brn\n|upkeep\n|\n|t:|1776623701\n|switch|p2a: Charizard|Charizard, L50, M, shiny|100/100\n|turn|8\n|\n|t:|1776623715\n|switch|p1b: Garchomp|Garchomp, L50, M|61/100\n|detailschange|p2a: Charizard|Charizard-Mega-Y, L50, M, shiny\n|-mega|p2a: Charizard|Charizard|Charizardite Y\n|-weather|SunnyDay|[from] ability: Drought|[of] p2a: Charizard\n|move|p1a: Floette|Protect|p1a: Floette\n|-singleturn|p1a: Floette|Protect\n|move|p2b: Garchomp|Earthquake|p1b: Garchomp|[spread] p1b\n|-activate|p1a: Floette|move: Protect\n|-immune|p2a: Charizard\n|-damage|p1b: Garchomp|40/100\n|move|p2a: Charizard|Solar Beam||[still]\n|-prepare|p2a: Charizard|Solar Beam\n|-anim|p2a: Charizard|Solar Beam|p1b: Garchomp\n|-damage|p1b: Garchomp|0 fnt\n|faint|p1b: Garchomp\n|\n|-weather|SunnyDay|[upkeep]\n|-damage|p2b: Garchomp|66/100 brn|[from] brn\n|-sideend|p2: silverhaffling01|move: Tailwind\n|upkeep\n|\n|t:|1776623722\n|switch|p1b: Rotom|Rotom-Wash, L50|74/100\n|turn|9\n|\n|t:|1776623745\n|move|p2b: Garchomp|Earthquake|p1a: Floette|[spread] p1a\n|-immune|p2a: Charizard\n|-immune|p1b: Rotom|[from] ability: Levitate\n|-damage|p1a: Floette|62/100\n|move|p1b: Rotom|Electroweb|p2b: Garchomp|[spread] p2a\n|-immune|p2b: Garchomp\n|-supereffective|p2a: Charizard|1\n|-damage|p2a: Charizard|70/100\n|-unboost|p2a: Charizard|spe|1\n|move|p1a: Floette|Dazzling Gleam|p2a: Charizard|[spread] p2a,p2b\n|-resisted|p2a: Charizard|1\n|-supereffective|p2b: Garchomp|1\n|-damage|p2a: Charizard|48/100\n|-damage|p2b: Garchomp|0 fnt\n|faint|p2b: Garchomp\n|move|p2a: Charizard|Solar Beam||[still]\n|-prepare|p2a: Charizard|Solar Beam\n|-anim|p2a: Charizard|Solar Beam|p1b: Rotom\n|-supereffective|p1b: Rotom|1\n|-damage|p1b: Rotom|0 fnt\n|faint|p1b: Rotom\n|\n|-weather|SunnyDay|[upkeep]\n|upkeep\n|\n|t:|1776623749\n|switch|p1b: Arcanine|Arcanine-Hisui, L50, F|100/100\n|-ability|p1b: Arcanine|Intimidate|boost\n|-unboost|p2a: Charizard|atk|1\n|turn|10\n|-message|silverhaffling01 forfeited.\n|\n|win|PyProd.\n|raw|PyProd.'s rating: 1305 &rarr; <strong>1321</strong><br />(+16 for winning)\n|raw|silverhaffling01's rating: 1243 &rarr; <strong>1222</strong><br />(-21 for losing)\n|l|\u2606silverhaffling01\n|player|p2|\n",
  "uploadtime": 1776623759,
  "views": 19,
  "formatid": "gen9championsvgc2026regma",
  "rating": 1222,
  "private": 0,
  "password": null
}