{
  "id": "gen9championsvgc2026regma-2584575875",
  "format": "[Gen 9 Champions] VGC 2026 Reg M-A",
  "players": [
    "Rousshoe",
    "MeansJeans"
  ],
  "log": "|j|\u2606Rousshoe\n|j|\u2606MeansJeans\n|t:|1776269792\n|gametype|doubles\n|player|p1|Rousshoe|169|1112\n|player|p2|MeansJeans|clerk|1117\n|gen|9\n|tier|[Gen 9 Champions] VGC 2026 Reg M-A\n|rated|\n|rule|Species Clause: Limit one of each Pok\u00e9mon\n|rule|Item Clause: Limit 1 of each item\n|clearpoke\n|poke|p1|Whimsicott, L50, F|\n|poke|p1|Archaludon, L50, M|\n|poke|p1|Pelipper, L50, F|\n|poke|p1|Meganium, L50, F|\n|poke|p1|Beartic, L50, F|\n|poke|p1|Sneasler, L50, M|\n|poke|p2|Meganium, L50, M|\n|poke|p2|Pelipper, L50, M|\n|poke|p2|Archaludon, L50, F|\n|poke|p2|Basculegion, L50, M|\n|poke|p2|Glimmora, L50, M|\n|poke|p2|Sneasler, L50, M|\n|teampreview|4\n|inactive|Battle timer is ON: inactive players will automatically lose when time's up. (requested by MeansJeans)\n|\n|t:|1776269812\n|teamsize|p1|4\n|teamsize|p2|4\n|start\n|switch|p1a: Juniper|Whimsicott, L50, F|100/100\n|switch|p1b: MORE RIGID|Archaludon, L50, M|100/100\n|switch|p2a: Pelipper|Pelipper, L50, M|100/100\n|switch|p2b: Archaludon|Archaludon, L50, F|100/100\n|-weather|RainDance|[from] ability: Drizzle|[of] p2a: Pelipper\n|turn|1\n|\n|t:|1776269836\n|move|p1a: Juniper|Tailwind|p1a: Juniper\n|-sidestart|p1: Rousshoe|move: Tailwind\n|move|p1b: MORE RIGID|Electro Shot||[still]\n|-prepare|p1b: MORE RIGID|Electro Shot\n|-boost|p1b: MORE RIGID|spa|1\n|-anim|p1b: MORE RIGID|Electro Shot|p2a: Pelipper\n|-supereffective|p2a: Pelipper|2\n|-damage|p2a: Pelipper|0 fnt\n|faint|p2a: Pelipper\n|move|p2b: Archaludon|Electro Shot||[still]\n|-prepare|p2b: Archaludon|Electro Shot\n|-boost|p2b: Archaludon|spa|1\n|-anim|p2b: Archaludon|Electro Shot|p1a: Juniper\n|-resisted|p1a: Juniper|1\n|-damage|p1a: Juniper|55/100\n|\n|-weather|RainDance|[upkeep]\n|upkeep\n|\n|t:|1776269845\n|switch|p2a: Sneasler|Sneasler, L50, M|100/100\n|-ability|p2a: Sneasler|Pressure\n|turn|2\n|-activate|p1b: MORE RIGID|item: Quick Claw\n|\n|t:|1776269865\n|move|p1a: Juniper|Protect|p1a: Juniper\n|-singleturn|p1a: Juniper|Protect\n|move|p2a: Sneasler|Fake Out|p1a: Juniper\n|-activate|p1a: Juniper|move: Protect\n|move|p1b: MORE RIGID|Electro Shot||[still]\n|-prepare|p1b: MORE RIGID|Electro Shot\n|-boost|p1b: MORE RIGID|spa|1\n|-anim|p1b: MORE RIGID|Electro Shot|p2a: Sneasler\n|-enditem|p2a: Sneasler|Focus Sash\n|-damage|p2a: Sneasler|1/100\n|move|p2b: Archaludon|Dragon Pulse|p1b: MORE RIGID\n|-damage|p1b: MORE RIGID|40/100\n|-ability|p1b: MORE RIGID|Stamina|boost\n|-boost|p1b: MORE RIGID|def|1\n|\n|-weather|RainDance|[upkeep]\n|upkeep\n|turn|3\n|\n|t:|1776269884\n|move|p2a: Sneasler|Protect|p2a: Sneasler\n|-singleturn|p2a: Sneasler|Protect\n|move|p1a: Juniper|Encore|p2a: Sneasler\n|-activate|p2a: Sneasler|move: Protect\n|move|p1b: MORE RIGID|Draco Meteor|p2b: Archaludon\n|-damage|p2b: Archaludon|7/100\n|-unboost|p1b: MORE RIGID|spa|2\n|-ability|p2b: Archaludon|Stamina|boost\n|-boost|p2b: Archaludon|def|1\n|move|p2b: Archaludon|Dragon Pulse|p1b: MORE RIGID\n|-damage|p1b: MORE RIGID|0 fnt\n|faint|p1b: MORE RIGID\n|\n|-weather|RainDance|[upkeep]\n|-heal|p2b: Archaludon|13/100|[from] item: Leftovers\n|upkeep\n|\n|t:|1776269894\n|switch|p1b: Diva Down|Sneasler, L50, M|100/100\n|turn|4\n|\n|t:|1776269913\n|move|p1b: Diva Down|Throat Chop|p2a: Sneasler\n|-resisted|p2a: Sneasler|1\n|-damage|p2a: Sneasler|0 fnt\n|faint|p2a: Sneasler\n|move|p1a: Juniper|Moonblast|p2b: Archaludon\n|-damage|p2b: Archaludon|0 fnt\n|faint|p2b: Archaludon\n|\n|-weather|RainDance|[upkeep]\n|-sideend|p1: Rousshoe|move: Tailwind\n|upkeep\n|\n|t:|1776269919\n|switch|p2b: Glimmora|Glimmora, L50, M|100/100\n|turn|5\n|\n|t:|1776269934\n|detailschange|p2b: Glimmora|Glimmora-Mega, L50, M\n|-mega|p2b: Glimmora|Glimmora|Glimmoranite\n|move|p1a: Juniper|Protect|p1a: Juniper\n|-singleturn|p1a: Juniper|Protect\n|move|p1b: Diva Down|Close Combat|p2b: Glimmora\n|-damage|p2b: Glimmora|26/100\n|-unboost|p1b: Diva Down|def|1\n|-unboost|p1b: Diva Down|spd|1\n|move|p2b: Glimmora|Earth Power|p1b: Diva Down\n|-supereffective|p1b: Diva Down|1\n|-damage|p1b: Diva Down|0 fnt\n|faint|p1b: Diva Down\n|\n|-weather|none\n|upkeep\n|\n|t:|1776269940\n|switch|p1b: Genesis 7:12|Pelipper, L50, F|100/100\n|-weather|RainDance|[from] ability: Drizzle|[of] p1b: Genesis 7:12\n|turn|6\n|\n|t:|1776269951\n|move|p1a: Juniper|Encore|p2b: Glimmora\n|-start|p2b: Glimmora|Encore\n|move|p2b: Glimmora|Earth Power|p1b: Genesis 7:12\n|-immune|p1b: Genesis 7:12\n|move|p1b: Genesis 7:12|Hydro Pump|p2b: Glimmora\n|-supereffective|p2b: Glimmora|1\n|-damage|p2b: Glimmora|0 fnt\n|faint|p2b: Glimmora\n|\n|win|Rousshoe\n|raw|Rousshoe's rating: 1112 &rarr; <strong>1137</strong><br />(+25 for winning)\n|raw|MeansJeans's rating: 1117 &rarr; <strong>1092</strong><br />(-25 for losing)\n|l|\u2606MeansJeans\n|player|p2|\n|c|\u2606Rousshoe|gg\n",
  "uploadtime": 1776269965,
  "views": 34,
  "formatid": "gen9championsvgc2026regma",
  "rating": 1092,
  "private": 0,
  "password": null
}