{
  "id": "gen9championsvgc2026regma-2583647454",
  "format": "[Gen 9 Champions] VGC 2026 Reg M-A",
  "players": [
    "themegaisiug",
    "uchell"
  ],
  "log": "|j|\u2606themegaisiug\n|j|\u2606uchell\n|t:|1776188600\n|gametype|doubles\n|player|p1|themegaisiug|boarder|1196\n|player|p2|uchell|2|1250\n|gen|9\n|tier|[Gen 9 Champions] VGC 2026 Reg M-A\n|rated|\n|rule|Species Clause: Limit one of each Pok\u00e9mon\n|rule|Item Clause: Limit 1 of each item\n|clearpoke\n|poke|p1|Aerodactyl, L50, M|\n|poke|p1|Floette-Eternal, L50, F|\n|poke|p1|Incineroar, L50, F|\n|poke|p1|Sinistcha, L50|\n|poke|p1|Sneasler, L50, F|\n|poke|p1|Kingambit, L50, M|\n|poke|p2|Golurk, L50|\n|poke|p2|Torkoal, L50, F|\n|poke|p2|Venusaur, L50, F|\n|poke|p2|Incineroar, L50, M|\n|poke|p2|Sneasler, L50, F|\n|poke|p2|Farigiraf, L50, M|\n|teampreview|4\n|inactive|Battle timer is ON: inactive players will automatically lose when time's up. (requested by uchell)\n|inactive|uchell has 60 seconds left.\n|\n|t:|1776188645\n|teamsize|p1|4\n|teamsize|p2|4\n|start\n|switch|p1a: Incineroar|Incineroar, L50, F|100/100\n|switch|p1b: Floette|Floette-Eternal, L50, F|100/100\n|switch|p2a: Sneasler|Sneasler, L50, F|100/100\n|switch|p2b: Golurk|Golurk, L50|100/100\n|-ability|p1a: Incineroar|Intimidate|boost\n|-unboost|p2a: Sneasler|atk|1\n|-unboost|p2b: Golurk|atk|1\n|-enditem|p2a: Sneasler|White Herb\n|-clearnegativeboost|p2a: Sneasler|[silent]\n|turn|1\n|inactive|uchell has 30 seconds left.\n|\n|t:|1776188671\n|switch|p1a: Aerodactyl|Aerodactyl, L50, M|100/100\n|-ability|p1a: Aerodactyl|Unnerve\n|detailschange|p2b: Golurk|Golurk-Mega, L50\n|-mega|p2b: Golurk|Golurk|Golurkite\n|move|p1b: Floette|Protect|p1b: Floette\n|-singleturn|p1b: Floette|Protect\n|move|p2a: Sneasler|Fake Out|p1a: Aerodactyl\n|-resisted|p1a: Aerodactyl|1\n|-crit|p1a: Aerodactyl\n|-damage|p1a: Aerodactyl|83/100\n|move|p2b: Golurk|Headlong Rush|p1b: Floette\n|-ability|p2b: Golurk|Unseen Fist\n|-zbroken|p1b: Floette\n|-damage|p1b: Floette|85/100\n|-unboost|p2b: Golurk|def|1\n|-unboost|p2b: Golurk|spd|1\n|\n|upkeep\n|turn|2\n|inactive|uchell has 30 seconds left.\n|\n|t:|1776188704\n|switch|p1b: Incineroar|Incineroar, L50, F|100/100\n|-ability|p1b: Incineroar|Intimidate|boost\n|-unboost|p2a: Sneasler|atk|1\n|-unboost|p2b: Golurk|atk|1\n|move|p2b: Golurk|Protect|p2b: Golurk\n|-singleturn|p2b: Golurk|Protect\n|move|p2a: Sneasler|Dire Claw|p1b: Incineroar\n|-damage|p1b: Incineroar|77/100\n|move|p1a: Aerodactyl|Tailwind|p1a: Aerodactyl\n|-sidestart|p1: themegaisiug|move: Tailwind\n|\n|upkeep\n|turn|3\n|inactive|uchell has 30 seconds left.\n|\n|t:|1776188732\n|switch|p2b: Venusaur|Venusaur, L50, F|100/100\n|move|p1a: Aerodactyl|Dual Wingbeat|p2a: Sneasler\n|-supereffective|p2a: Sneasler|1\n|-damage|p2a: Sneasler|42/100\n|-supereffective|p2a: Sneasler|1\n|-damage|p2a: Sneasler|0 fnt\n|faint|p2a: Sneasler\n|-hitcount|p2: Sneasler|2\n|move|p1b: Incineroar|Throat Chop|p2b: Venusaur\n|-damage|p2b: Venusaur|64/100\n|-start|p2b: Venusaur|Throat Chop|[silent]\n|\n|upkeep\n|\n|t:|1776188739\n|switch|p2a: Torkoal|Torkoal, L50, F|100/100\n|-weather|SunnyDay|[from] ability: Drought|[of] p2a: Torkoal\n|turn|4\n|\n|t:|1776188764\n|move|p1a: Aerodactyl|Rock Slide|p2b: Venusaur|[spread] p2a,p2b\n|-supereffective|p2a: Torkoal|1\n|-damage|p2a: Torkoal|59/100\n|-damage|p2b: Venusaur|35/100\n|move|p2b: Venusaur|Sleep Powder|p1b: Incineroar|[miss]\n|-miss|p2b: Venusaur|p1b: Incineroar\n|move|p1b: Incineroar|Flare Blitz|p2b: Venusaur\n|-supereffective|p2b: Venusaur|1\n|-damage|p2b: Venusaur|0 fnt\n|faint|p2b: Venusaur\n|-damage|p1b: Incineroar|66/100|[from] Recoil\n|move|p2a: Torkoal|Eruption|p1a: Aerodactyl|[spread] p1a,p1b\n|-resisted|p1a: Aerodactyl|1\n|-resisted|p1b: Incineroar|1\n|-damage|p1a: Aerodactyl|46/100\n|-damage|p1b: Incineroar|43/100\n|\n|-weather|SunnyDay|[upkeep]\n|upkeep\n|\n|t:|1776188779\n|switch|p2b: Golurk|Golurk-Mega, L50|100/100\n|turn|5\n|\n|t:|1776188790\n|move|p1a: Aerodactyl|Rock Slide|p2b: Golurk|[spread] p2b\n|-miss|p1a: Aerodactyl|p2a: Torkoal\n|-resisted|p2b: Golurk|1\n|-damage|p2b: Golurk|88/100\n|move|p1b: Incineroar|Throat Chop|p2b: Golurk\n|-supereffective|p2b: Golurk|1\n|-damage|p2b: Golurk|29/100\n|-start|p2b: Golurk|Throat Chop|[silent]\n|cant|p2b: Golurk|flinch\n|move|p2a: Torkoal|Eruption|p1b: Incineroar|[spread] p1a,p1b\n|-resisted|p1a: Aerodactyl|1\n|-resisted|p1b: Incineroar|1\n|-damage|p1a: Aerodactyl|12/100\n|-damage|p1b: Incineroar|19/100\n|\n|-weather|SunnyDay|[upkeep]\n|-sideend|p1: themegaisiug|move: Tailwind\n|upkeep\n|turn|6\n|-message|uchell forfeited.\n|\n|win|themegaisiug\n|raw|themegaisiug's rating: 1196 &rarr; <strong>1225</strong><br />(+29 for winning)\n|raw|uchell's rating: 1250 &rarr; <strong>1221</strong><br />(-29 for losing)\n|l|\u2606uchell\n|player|p2|\n",
  "uploadtime": 1776188805,
  "views": 33,
  "formatid": "gen9championsvgc2026regma",
  "rating": 1221,
  "private": 0,
  "password": null
}