{
  "id": "gen9championsvgc2026regma-2584393018",
  "format": "[Gen 9 Champions] VGC 2026 Reg M-A",
  "players": [
    "chmikha",
    "jainahilda"
  ],
  "log": "|j|\u2606chmikha\n|j|\u2606jainahilda\n|t:|1776257534\n|gametype|doubles\n|player|p1|chmikha|swimmerf|1000\n|player|p2|jainahilda|hilda-wonderlauncher|1017\n|gen|9\n|tier|[Gen 9 Champions] VGC 2026 Reg M-A\n|rated|\n|rule|Species Clause: Limit one of each Pok\u00e9mon\n|rule|Item Clause: Limit 1 of each item\n|clearpoke\n|poke|p1|Charizard, L50, F|\n|poke|p1|Gengar, L50, F|\n|poke|p1|Dragapult, L50, F|\n|poke|p1|Greninja-*, L50, F|\n|poke|p1|Garchomp, L50, M|\n|poke|p1|Kingambit, L50, M|\n|poke|p2|Sneasler, L50, M|\n|poke|p2|Froslass, L50, F|\n|poke|p2|Sylveon, L50, F|\n|poke|p2|Sinistcha-Masterpiece, L50|\n|poke|p2|Aerodactyl, L50, M|\n|poke|p2|Incineroar, L50, F|\n|teampreview|4\njainahilda rejected open team sheets.\n|inactive|Battle timer is ON: inactive players will automatically lose when time's up. (requested by jainahilda)\n|\n|t:|1776257573\n|teamsize|p1|4\n|teamsize|p2|4\n|start\n|switch|p1a: Dragapult|Dragapult, L50, F|100/100\n|switch|p1b: Garchomp|Garchomp, L50, M|100/100\n|switch|p2a: Naoya|Sneasler, L50, M|100/100\n|switch|p2b: Gakuganji|Aerodactyl, L50, M|100/100\n|-ability|p2b: Gakuganji|Unnerve\n|turn|1\n|inactive|chmikha has 30 seconds left.\n|\n|t:|1776257599\n|move|p2a: Naoya|Fake Out|p1b: Garchomp\n|-damage|p1b: Garchomp|85/100\n|-damage|p2a: Naoya|88/100|[from] ability: Rough Skin|[of] p1b: Garchomp\n|move|p2b: Gakuganji|Tailwind|p2b: Gakuganji\n|-sidestart|p2: jainahilda|move: Tailwind\n|move|p1a: Dragapult|Draco Meteor|p2b: Gakuganji\n|-damage|p2b: Gakuganji|41/100\n|-unboost|p1a: Dragapult|spa|2\n|cant|p1b: Garchomp|flinch\n|\n|upkeep\n|turn|2\n|\n|t:|1776257623\n|move|p2b: Gakuganji|Protect|p2b: Gakuganji\n|-singleturn|p2b: Gakuganji|Protect\n|move|p2a: Naoya|Dire Claw|p1b: Garchomp\n|-resisted|p1b: Garchomp|1\n|-damage|p1b: Garchomp|64/100\n|-status|p1b: Garchomp|slp\n|-damage|p2a: Naoya|76/100|[from] ability: Rough Skin|[of] p1b: Garchomp\n|move|p1a: Dragapult|Draco Meteor|p2a: Naoya\n|-damage|p2a: Naoya|46/100\n|-unboost|p1a: Dragapult|spa|2\n|cant|p1b: Garchomp|slp\n|\n|upkeep\n|turn|3\n|inactive|jainahilda has 30 seconds left.\n|\n|t:|1776257649\n|switch|p2b: Inumaki|Sylveon, L50, F|100/100\n|move|p2a: Naoya|Dire Claw|p1a: Dragapult\n|-resisted|p1a: Dragapult|1\n|-damage|p1a: Dragapult|77/100\n|move|p1a: Dragapult|Double-Edge|p2a: Naoya\n|-damage|p2a: Naoya|0 fnt\n|faint|p2a: Naoya\n|-damage|p1a: Dragapult|62/100|[from] Recoil\n|cant|p1b: Garchomp|slp\n|\n|upkeep\n|\n|t:|1776257662\n|switch|p2a: Tengen|Froslass, L50, F|100/100\n|turn|4\n|\n|t:|1776257680\n|switch|p1a: Kingambit|Kingambit, L50, M|100/100\n|detailschange|p2a: Tengen|Froslass-Mega, L50, F\n|-mega|p2a: Tengen|Froslass|Froslassite\n|-weather|Snowscape|[from] ability: Snow Warning|[of] p2a: Tengen\n|detailschange|p1b: Garchomp|Garchomp-Mega, L50, M\n|-mega|p1b: Garchomp|Garchomp|Garchompite\n|move|p2a: Tengen|Aurora Veil|p2a: Tengen\n|-sidestart|p2: jainahilda|move: Aurora Veil\n|move|p2b: Inumaki|Calm Mind|p2b: Inumaki\n|-boost|p2b: Inumaki|spa|1\n|-boost|p2b: Inumaki|spd|1\n|-curestatus|p1b: Garchomp|slp|[msg]\n|move|p1b: Garchomp|Fire Blast|p2a: Tengen|[miss]\n|-miss|p1b: Garchomp|p2a: Tengen\n|\n|-weather|Snowscape|[upkeep]\n|-sideend|p2: jainahilda|move: Tailwind\n|upkeep\n|turn|5\n|inactive|chmikha has 30 seconds left.\n|inactive|jainahilda has 30 seconds left.\n|inactive|jainahilda has 20 seconds left.\n|\n|t:|1776257718\n|move|p2b: Inumaki|Protect|p2b: Inumaki\n|-singleturn|p2b: Inumaki|Protect\n|move|p1a: Kingambit|Flash Cannon|p2a: Tengen\n|-supereffective|p2a: Tengen|1\n|-damage|p2a: Tengen|71/100\n|move|p2a: Tengen|Blizzard|p1a: Kingambit|[spread] p1a,p1b\n|-resisted|p1a: Kingambit|1\n|-supereffective|p1b: Garchomp|2\n|-damage|p1a: Kingambit|73/100\n|-damage|p1b: Garchomp|0 fnt\n|faint|p1b: Garchomp\n|\n|-weather|Snowscape|[upkeep]\n|upkeep\n|\n|t:|1776257733\n|switch|p1b: Dragapult|Dragapult, L50, F|62/100\n|turn|6\n|\n|t:|1776257743\n|move|p1b: Dragapult|Solar Beam||[still]\n|-prepare|p1b: Dragapult|Solar Beam\n|move|p1a: Kingambit|Flash Cannon|p2a: Tengen\n|-supereffective|p2a: Tengen|1\n|-damage|p2a: Tengen|41/100\n|move|p2a: Tengen|Blizzard|p1a: Kingambit|[spread] p1a,p1b\n|-resisted|p1a: Kingambit|1\n|-supereffective|p1b: Dragapult|1\n|-damage|p1a: Kingambit|47/100\n|-damage|p1b: Dragapult|0 fnt\n|faint|p1b: Dragapult\n|move|p2b: Inumaki|Hyper Voice|p1a: Kingambit\n|-damage|p1a: Kingambit|0 fnt\n|faint|p1a: Kingambit\n|-end|p1a: Kingambit|fallenundefined|[silent]\n|\n|-weather|Snowscape|[upkeep]\n|upkeep\n|\n|t:|1776257757\n|switch|p1b: Greninja|Greninja, L50, F|100/100\n|turn|7\n|\n|t:|1776257765\n|move|p2b: Inumaki|Protect|p2b: Inumaki\n|-singleturn|p2b: Inumaki|Protect\n|move|p1b: Greninja|Hydro Cannon|p2a: Tengen\n|-start|p1b: Greninja|typechange|Water|[from] ability: Protean\n|-damage|p2a: Tengen|7/100\n|-mustrecharge|p1b: Greninja\n|move|p2a: Tengen|Thunderbolt|p1b: Greninja\n|-supereffective|p1b: Greninja|1\n|-damage|p1b: Greninja|12/100\n|\n|-weather|Snowscape|[upkeep]\n|upkeep\n|turn|8\n|\n|t:|1776257781\n|cant|p1b: Greninja|recharge\n|move|p2a: Tengen|Blizzard|p1b: Greninja\n|-resisted|p1b: Greninja|1\n|-damage|p1b: Greninja|0 fnt\n|faint|p1b: Greninja\n|\n|win|jainahilda\n|raw|chmikha's rating: 1000 &rarr; <strong>1000</strong><br />(+0 for losing)\n|raw|jainahilda's rating: 1017 &rarr; <strong>1053</strong><br />(+36 for winning)\n",
  "uploadtime": 1776257790,
  "views": 26,
  "formatid": "gen9championsvgc2026regma",
  "rating": 1000,
  "private": 0,
  "password": null
}