{
  "id": "gen9championsvgc2026regma-2585792367",
  "format": "[Gen 9 Champions] VGC 2026 Reg M-A",
  "players": [
    "AioniosPar8enos",
    "Azreal29"
  ],
  "log": "|j|\u2606AioniosPar8enos\n|j|\u2606Azreal29\n|t:|1776370980\n|gametype|doubles\n|player|p1|AioniosPar8enos|101|1197\n|player|p2|Azreal29|unknown|1196\n|gen|9\n|tier|[Gen 9 Champions] VGC 2026 Reg M-A\n|rated|\n|rule|Species Clause: Limit one of each Pok\u00e9mon\n|rule|Item Clause: Limit 1 of each item\n|clearpoke\n|poke|p1|Sneasler, L50, F|\n|poke|p1|Incineroar, L50, F|\n|poke|p1|Dragonite, L50, M|\n|poke|p1|Gengar, L50, F|\n|poke|p1|Garchomp, L50, M|\n|poke|p1|Milotic, L50, M|\n|poke|p2|Scovillain, L50, F|\n|poke|p2|Garchomp, L50, M|\n|poke|p2|Sinistcha, L50|\n|poke|p2|Aerodactyl, L50, M|\n|poke|p2|Sneasler, L50, M|\n|poke|p2|Primarina, L50, F|\n|teampreview|4\n|inactive|Battle timer is ON: inactive players will automatically lose when time's up. (requested by Azreal29)\n|\n|t:|1776371008\n|teamsize|p1|4\n|teamsize|p2|4\n|start\n|switch|p1a: Sneasler|Sneasler, L50, F|100/100\n|switch|p1b: Dragonite|Dragonite, L50, M|100/100\n|switch|p2a: Scovillain|Scovillain, L50, F|100/100\n|switch|p2b: Primarina|Primarina, L50, F|100/100\n|turn|1\n|inactive|AioniosPar8enos has 30 seconds left.\n|\n|t:|1776371036\n|detailschange|p2a: Scovillain|Scovillain-Mega, L50, F\n|-mega|p2a: Scovillain|Scovillain|Scovillainite\n|move|p2b: Primarina|Protect|p2b: Primarina\n|-singleturn|p2b: Primarina|Protect\n|move|p2a: Scovillain|Protect|p2a: Scovillain\n|-singleturn|p2a: Scovillain|Protect\n|move|p1b: Dragonite|Extreme Speed|p2b: Primarina\n|-activate|p2b: Primarina|move: Protect\n|move|p1a: Sneasler|Dire Claw|p2b: Primarina\n|-activate|p2b: Primarina|move: Protect\n|\n|upkeep\n|turn|2\n|\n|t:|1776371053\n|move|p1b: Dragonite|Extreme Speed|p2b: Primarina\n|-damage|p2b: Primarina|59/100\n|move|p2a: Scovillain|Rage Powder|p2a: Scovillain\n|-singleturn|p2a: Scovillain|move: Rage Powder\n|move|p1a: Sneasler|Dire Claw|p2a: Scovillain\n|-supereffective|p2a: Scovillain|1\n|-damage|p2a: Scovillain|20/100\n|-status|p1a: Sneasler|brn|[from] ability: Spicy Spray|[of] p2a: Scovillain\n|move|p2b: Primarina|Calm Mind|p2b: Primarina\n|-boost|p2b: Primarina|spa|1\n|-boost|p2b: Primarina|spd|1\n|\n|-heal|p2b: Primarina|65/100|[from] item: Leftovers\n|-damage|p1a: Sneasler|95/100 brn|[from] brn\n|upkeep\n|turn|3\n|inactive|AioniosPar8enos has 30 seconds left.\n|inactive|Azreal29 has 30 seconds left.\n|inactive|AioniosPar8enos has 20 seconds left.\n|inactive|AioniosPar8enos has 15 seconds left.\n|\n|t:|1776371094\n|move|p2b: Primarina|Protect|p2b: Primarina\n|-singleturn|p2b: Primarina|Protect\n|move|p1b: Dragonite|Extreme Speed|p2a: Scovillain\n|-damage|p2a: Scovillain|0 fnt\n|-status|p1b: Dragonite|brn|[from] ability: Spicy Spray|[of] p2a: Scovillain\n|faint|p2a: Scovillain\n|move|p1a: Sneasler|Dire Claw|p2b: Primarina\n|-activate|p2b: Primarina|move: Protect\n|\n|-heal|p2b: Primarina|72/100|[from] item: Leftovers\n|-damage|p1a: Sneasler|89/100 brn|[from] brn\n|-damage|p1b: Dragonite|94/100 brn|[from] brn\n|upkeep\n|\n|t:|1776371105\n|switch|p2a: Aerodactyl|Aerodactyl, L50, M|100/100\n|-ability|p2a: Aerodactyl|Unnerve\n|turn|4\n|\n|t:|1776371122\n|move|p2a: Aerodactyl|Tailwind|p2a: Aerodactyl\n|-sidestart|p2: Azreal29|move: Tailwind\n|move|p2b: Primarina|Hyper Voice|p1a: Sneasler|[spread] p1a,p1b\n|-resisted|p1b: Dragonite|1\n|-damage|p1a: Sneasler|11/100 brn\n|-damage|p1b: Dragonite|72/100 brn\n|move|p1a: Sneasler|Dire Claw|p2b: Primarina\n|-supereffective|p2b: Primarina|1\n|-damage|p2b: Primarina|16/100\n|move|p1b: Dragonite|Tailwind|p1b: Dragonite\n|-sidestart|p1: AioniosPar8enos|move: Tailwind\n|\n|-heal|p1b: Dragonite|78/100 brn|[from] item: Leftovers\n|-heal|p2b: Primarina|23/100|[from] item: Leftovers\n|-damage|p1a: Sneasler|5/100 brn|[from] brn\n|-damage|p1b: Dragonite|72/100 brn|[from] brn\n|upkeep\n|turn|5\n|\n|t:|1776371145\n|move|p2b: Primarina|Protect|p2b: Primarina\n|-singleturn|p2b: Primarina|Protect\n|move|p1b: Dragonite|Extreme Speed|p2b: Primarina\n|-activate|p2b: Primarina|move: Protect\n|move|p2a: Aerodactyl|Rock Slide|p1b: Dragonite|[spread] p1a,p1b\n|-resisted|p1a: Sneasler|1\n|-supereffective|p1b: Dragonite|1\n|-damage|p1a: Sneasler|0 fnt\n|-damage|p1b: Dragonite|25/100 brn\n|faint|p1a: Sneasler\n|\n|-heal|p1b: Dragonite|31/100 brn|[from] item: Leftovers\n|-heal|p2b: Primarina|29/100|[from] item: Leftovers\n|-damage|p1b: Dragonite|25/100 brn|[from] brn\n|upkeep\n|\n|t:|1776371162\n|switch|p1a: Incineroar|Incineroar, L50, F|100/100\n|-ability|p1a: Incineroar|Intimidate|boost\n|-unboost|p2a: Aerodactyl|atk|1\n|-unboost|p2b: Primarina|atk|1\n|turn|6\n|\n|t:|1776371183\n|move|p1a: Incineroar|Fake Out|p2a: Aerodactyl\n|-resisted|p2a: Aerodactyl|1\n|-damage|p2a: Aerodactyl|89/100\n|move|p1b: Dragonite|Extreme Speed|p2b: Primarina\n|-crit|p2b: Primarina\n|-damage|p2b: Primarina|2/100\n|cant|p2a: Aerodactyl|flinch\n|move|p2b: Primarina|Hyper Voice|p1b: Dragonite|[spread] p1a,p1b\n|-supereffective|p1a: Incineroar|1\n|-resisted|p1b: Dragonite|1\n|-crit|p1b: Dragonite\n|-damage|p1a: Incineroar|0 fnt\n|-damage|p1b: Dragonite|0 fnt\n|faint|p1a: Incineroar\n|faint|p1b: Dragonite\n|\n|-heal|p2b: Primarina|8/100|[from] item: Leftovers\n|upkeep\n|\n|t:|1776371201\n|switch|p1b: Gengar|Gengar, L50, F|100/100\n|turn|7\n|\n|t:|1776371217\n|detailschange|p1b: Gengar|Gengar-Mega, L50, F\n|-mega|p1b: Gengar|Gengar|Gengarite\n|move|p2a: Aerodactyl|Rock Slide|p1b: Gengar\n|-damage|p1b: Gengar|61/100\n|cant|p1b: Gengar|flinch\n|move|p2b: Primarina|Hyper Voice|p1b: Gengar\n|-damage|p1b: Gengar|0 fnt\n|faint|p1b: Gengar\n|\n|win|Azreal29\n|raw|AioniosPar8enos's rating: 1197 &rarr; <strong>1172</strong><br />(-25 for losing)\n|raw|Azreal29's rating: 1196 &rarr; <strong>1221</strong><br />(+25 for winning)\n|l|\u2606AioniosPar8enos\n|player|p1|\n",
  "uploadtime": 1776371239,
  "views": 18,
  "formatid": "gen9championsvgc2026regma",
  "rating": 1172,
  "private": 0,
  "password": null
}