{
  "id": "gen9championsvgc2026regma-2585304440",
  "format": "[Gen 9 Champions] VGC 2026 Reg M-A",
  "players": [
    "Snicknsnoc",
    "Max dray"
  ],
  "log": "|j|\u2606Snicknsnoc\n|j|\u2606Max dray\n|t:|1776335839\n|gametype|doubles\n|player|p1|Snicknsnoc|hilbert|1016\n|player|p2|Max dray|102|1000\n|gen|9\n|tier|[Gen 9 Champions] VGC 2026 Reg M-A\n|rated|\n|rule|Species Clause: Limit one of each Pok\u00e9mon\n|rule|Item Clause: Limit 1 of each item\n|clearpoke\n|poke|p1|Dragonite, L50, M|\n|poke|p1|Pelipper, L50, M|\n|poke|p1|Sneasler, L50, M|\n|poke|p1|Milotic, L50, M|\n|poke|p1|Archaludon, L50, M|\n|poke|p1|Hawlucha, L50, M|\n|poke|p2|Froslass, L50, F|\n|poke|p2|Ninetales-Alola, L50, F|\n|poke|p2|Aegislash, L50, M|\n|poke|p2|Dragonite, L50, M|\n|poke|p2|Slowking-Galar, L50, M|\n|poke|p2|Sinistcha-Masterpiece, L50|\n|teampreview|4\n|inactive|Battle timer is ON: inactive players will automatically lose when time's up. (requested by Snicknsnoc)\n|inactive|Max dray also wants the timer to be on.\n|\n|t:|1776335870\n|teamsize|p1|4\n|teamsize|p2|4\n|start\n|switch|p1a: Hawlucha|Hawlucha, L50, M, shiny|100/100\n|switch|p1b: Lankyboy|Sneasler, L50, M, shiny|100/100\n|switch|p2a: Ninetales|Ninetales-Alola, L50, F|100/100\n|switch|p2b: Dragonite|Dragonite, L50, M|100/100\n|-weather|Snowscape|[from] ability: Snow Warning|[of] p2a: Ninetales\n|turn|1\n|inactive|Max dray has 30 seconds left.\n|\n|t:|1776335897\n|switch|p2b: Froslass|Froslass, L50, F|100/100\n|detailschange|p1a: Hawlucha|Hawlucha-Mega, L50, M, shiny\n|-mega|p1a: Hawlucha|Hawlucha|Hawluchanite\n|move|p1b: Lankyboy|Fake Out|p2b: Froslass\n|-immune|p2b: Froslass\n|move|p1a: Hawlucha|Rock Slide|p2b: Froslass|[spread] p2a,p2b\n|-supereffective|p2a: Ninetales|1\n|-supereffective|p2b: Froslass|1\n|-damage|p2a: Ninetales|63/100\n|-damage|p2b: Froslass|42/100\n|move|p2a: Ninetales|Icy Wind|p1b: Lankyboy|[spread] p1a,p1b\n|-supereffective|p1a: Hawlucha|1\n|-damage|p1a: Hawlucha|70/100\n|-damage|p1b: Lankyboy|85/100\n|-unboost|p1a: Hawlucha|spe|1\n|-unboost|p1b: Lankyboy|spe|1\n|\n|-weather|Snowscape|[upkeep]\n|-heal|p2a: Ninetales|69/100|[from] item: Leftovers\n|upkeep\n|turn|2\n|\n|t:|1776335919\n|detailschange|p2b: Froslass|Froslass-Mega, L50, F\n|-mega|p2b: Froslass|Froslass|Froslassite\n|move|p2b: Froslass|Blizzard|p1a: Hawlucha|[spread] p1a,p1b\n|-supereffective|p1a: Hawlucha|1\n|-damage|p1a: Hawlucha|0 fnt\n|-damage|p1b: Lankyboy|24/100\n|faint|p1a: Hawlucha\n|move|p2a: Ninetales|Icy Wind|p1b: Lankyboy\n|-damage|p1b: Lankyboy|0 fnt\n|faint|p1b: Lankyboy\n|\n|-weather|Snowscape|[upkeep]\n|-heal|p2a: Ninetales|75/100|[from] item: Leftovers\n|upkeep\n|\n|t:|1776335931\n|switch|p1b: Staple remover|Archaludon, L50, M, shiny|100/100\n|switch|p1a: Toilet seat|Pelipper, L50, M, shiny|100/100\n|-weather|RainDance|[from] ability: Drizzle|[of] p1a: Toilet seat\n|turn|3\n|\n|t:|1776335946\n|switch|p2a: Sinistcha|Sinistcha-Masterpiece, L50, shiny|100/100\n|-heal|p2b: Froslass|66/100|[from] ability: Hospitality|[of] p2a: Sinistcha\n|move|p2b: Froslass|Protect|p2b: Froslass\n|-singleturn|p2b: Froslass|Protect\n|move|p1b: Staple remover|Electro Shot||[still]\n|-prepare|p1b: Staple remover|Electro Shot\n|-boost|p1b: Staple remover|spa|1\n|-anim|p1b: Staple remover|Electro Shot|p2b: Froslass\n|-activate|p2b: Froslass|move: Protect\n|move|p1a: Toilet seat|Tailwind|p1a: Toilet seat\n|-sidestart|p1: Snicknsnoc|move: Tailwind\n|\n|-weather|RainDance|[upkeep]\n|upkeep\n|turn|4\n|\n|t:|1776335967\n|switch|p2b: Ninetales|Ninetales-Alola, L50, F|75/100\n|-weather|Snowscape|[from] ability: Snow Warning|[of] p2b: Ninetales\n|move|p2a: Sinistcha|Protect|p2a: Sinistcha\n|-singleturn|p2a: Sinistcha|Protect\n|move|p1b: Staple remover|Electro Shot||[still]\n|-prepare|p1b: Staple remover|Electro Shot\n|-boost|p1b: Staple remover|spa|1\n|move|p1a: Toilet seat|Hurricane|p2a: Sinistcha\n|-activate|p2a: Sinistcha|move: Protect\n|\n|-weather|Snowscape|[upkeep]\n|-heal|p2b: Ninetales|81/100|[from] item: Leftovers\n|upkeep\n|turn|5\n|inactive|Max dray has 30 seconds left.\n|inactive|Max dray has 20 seconds left.\n|\n|t:|1776336006\n|move|p1b: Staple remover|Electro Shot|p2b: Ninetales|[from] lockedmove\n|-damage|p2b: Ninetales|12/100\n|move|p1a: Toilet seat|Hurricane|p2a: Sinistcha\n|-supereffective|p2a: Sinistcha|1\n|-damage|p2a: Sinistcha|6/100\n|move|p2b: Ninetales|Icy Wind|p1b: Staple remover|[spread] p1a,p1b\n|-damage|p1a: Toilet seat|86/100\n|-damage|p1b: Staple remover|88/100\n|-unboost|p1a: Toilet seat|spe|1\n|-unboost|p1b: Staple remover|spe|1\n|-ability|p1b: Staple remover|Stamina|boost\n|-boost|p1b: Staple remover|def|1\n|move|p2a: Sinistcha|Life Dew|p2a: Sinistcha|[spread] p2a,p2b\n|-heal|p2a: Sinistcha|31/100\n|-heal|p2b: Ninetales|37/100\n|\n|-weather|Snowscape|[upkeep]\n|-heal|p1b: Staple remover|94/100|[from] item: Leftovers\n|-heal|p2b: Ninetales|43/100|[from] item: Leftovers\n|upkeep\n|turn|6\n|inactive|Snicknsnoc has 30 seconds left.\n|inactive|Max dray has 30 seconds left.\n|inactive|Max dray has 20 seconds left.\n|inactive|Max dray has 15 seconds left.\n|inactive|Max dray has 10 seconds left.\n|\n|t:|1776336054\n|switch|p2a: Dragonite|Dragonite, L50, M|100/100\n|move|p2b: Ninetales|Protect|p2b: Ninetales\n|-singleturn|p2b: Ninetales|Protect\n|move|p1b: Staple remover|Electro Shot||[still]\n|-prepare|p1b: Staple remover|Electro Shot\n|-boost|p1b: Staple remover|spa|1\n|move|p1a: Toilet seat|Hurricane|p2a: Dragonite\n|-damage|p2a: Dragonite|79/100\n|\n|-weather|Snowscape|[upkeep]\n|-heal|p1b: Staple remover|99/100|[from] item: Leftovers\n|-heal|p2b: Ninetales|49/100|[from] item: Leftovers\n|-sideend|p1: Snicknsnoc|move: Tailwind\n|upkeep\n|turn|7\n|inactive|Max dray has 30 seconds left.\n|\n|t:|1776336089\n|move|p2a: Dragonite|Protect|p2a: Dragonite\n|-singleturn|p2a: Dragonite|Protect\n|move|p2b: Ninetales|Icy Wind|p1a: Toilet seat|[spread] p1a,p1b\n|-damage|p1a: Toilet seat|71/100\n|-damage|p1b: Staple remover|87/100\n|-unboost|p1a: Toilet seat|spe|1\n|-unboost|p1b: Staple remover|spe|1\n|-ability|p1b: Staple remover|Stamina|boost\n|-boost|p1b: Staple remover|def|1\n|move|p1b: Staple remover|Electro Shot|p2b: Ninetales|[from] lockedmove\n|-damage|p2b: Ninetales|0 fnt\n|faint|p2b: Ninetales\n|move|p1a: Toilet seat|Chilling Water|p2a: Dragonite\n|-activate|p2a: Dragonite|move: Protect\n|\n|-weather|Snowscape|[upkeep]\n|-heal|p1b: Staple remover|93/100|[from] item: Leftovers\n|upkeep\n|inactive|Max dray has 30 seconds left.\n|\n|t:|1776336115\n|switch|p2b: Sinistcha|Sinistcha-Masterpiece, L50, shiny|31/100\n|-heal|p2a: Dragonite|100/100|[from] ability: Hospitality|[of] p2b: Sinistcha\n|turn|8\n|\n|t:|1776336134\n|move|p2b: Sinistcha|Protect|p2b: Sinistcha\n|-singleturn|p2b: Sinistcha|Protect\n|move|p2a: Dragonite|Earthquake|p1b: Staple remover|[spread] p1b\n|-activate|p2b: Sinistcha|move: Protect\n|-immune|p1a: Toilet seat\n|-supereffective|p1b: Staple remover|1\n|-damage|p1b: Staple remover|75/100\n|-ability|p1b: Staple remover|Stamina|boost\n|-boost|p1b: Staple remover|def|1\n|move|p1b: Staple remover|Thunder|p2a: Dragonite\n|-damage|p2a: Dragonite|40/100\n|move|p1a: Toilet seat|Hurricane|p2b: Sinistcha\n|-activate|p2b: Sinistcha|move: Protect\n|\n|-weather|none\n|-heal|p1b: Staple remover|81/100|[from] item: Leftovers\n|upkeep\n|turn|9\n|inactive|Max dray has 30 seconds left.\n|\n|t:|1776336165\n|move|p1a: Toilet seat|Protect|p1a: Toilet seat\n|-singleturn|p1a: Toilet seat|Protect\n|move|p2a: Dragonite|Draco Meteor|p1b: Staple remover\n|-damage|p1b: Staple remover|17/100\n|-unboost|p2a: Dragonite|spa|2\n|-ability|p1b: Staple remover|Stamina|boost\n|-boost|p1b: Staple remover|def|1\n|-enditem|p2a: Dragonite|White Herb\n|-clearnegativeboost|p2a: Dragonite|[silent]\n|move|p2b: Sinistcha|Life Dew|p2b: Sinistcha|[spread] p2a,p2b\n|-heal|p2a: Dragonite|65/100\n|-heal|p2b: Sinistcha|56/100\n|move|p1b: Staple remover|Dragon Pulse|p2a: Dragonite\n|-supereffective|p2a: Dragonite|1\n|-damage|p2a: Dragonite|0 fnt\n|faint|p2a: Dragonite\n|\n|-heal|p1b: Staple remover|23/100|[from] item: Leftovers\n|upkeep\n|\n|t:|1776336186\n|switch|p2a: Froslass|Froslass-Mega, L50, F|66/100\n|-weather|Snowscape|[from] ability: Snow Warning|[of] p2a: Froslass\n|turn|10\n|\n|t:|1776336199\n|move|p2b: Sinistcha|Rage Powder|p2b: Sinistcha\n|-singleturn|p2b: Sinistcha|move: Rage Powder\n|move|p2a: Froslass|Blizzard|p1a: Toilet seat|[spread] p1a,p1b\n|-damage|p1a: Toilet seat|15/100\n|-damage|p1b: Staple remover|0 fnt\n|faint|p1b: Staple remover\n|move|p1a: Toilet seat|Hurricane|p2b: Sinistcha\n|-supereffective|p2b: Sinistcha|1\n|-damage|p2b: Sinistcha|0 fnt\n|faint|p2b: Sinistcha\n|\n|-weather|Snowscape|[upkeep]\n|upkeep\n|turn|11\n|\n|t:|1776336220\n|move|p2a: Froslass|Blizzard|p1a: Toilet seat\n|-damage|p1a: Toilet seat|0 fnt\n|faint|p1a: Toilet seat\n|\n|win|Max dray\n|raw|Snicknsnoc's rating: 1016 &rarr; <strong>1003</strong><br />(-13 for losing)\n|raw|Max dray's rating: 1000 &rarr; <strong>1042</strong><br />(+42 for winning)\n|l|\u2606Snicknsnoc\n|player|p1|\n",
  "uploadtime": 1776336426,
  "views": 18,
  "formatid": "gen9championsvgc2026regma",
  "rating": 1003,
  "private": 0,
  "password": null
}