{
  "id": "gen9championsvgc2026regma-2580599256",
  "format": "[Gen 9 Champions] VGC 2026 Reg M-A",
  "players": [
    "Clayton Rasta",
    "meimiaomiao"
  ],
  "log": "|j|\u2606Clayton Rasta\n|j|\u2606meimiaomiao\n|t:|1775916824\n|gametype|doubles\n|player|p1|Clayton Rasta|1|1022\n|player|p2|meimiaomiao|266|1000\n|gen|9\n|tier|[Gen 9 Champions] VGC 2026 Reg M-A\n|rated|\n|rule|Species Clause: Limit one of each Pok\u00e9mon\n|rule|Item Clause: Limit 1 of each item\n|clearpoke\n|poke|p1|Scizor, L50, M|\n|poke|p1|Garchomp, L50, M|\n|poke|p1|Empoleon, L50, F|\n|poke|p1|Ampharos, L50, F|\n|poke|p1|Arcanine, L50, F|\n|poke|p1|Gengar, L50, F|\n|poke|p2|Arcanine-Hisui, L50, M|\n|poke|p2|Whimsicott, L50, F|\n|poke|p2|Sneasler, L50, F|\n|poke|p2|Kingambit, L50, M|\n|poke|p2|Gardevoir, L50, F|\n|poke|p2|Torkoal, L50, F|\n|teampreview|4\n|inactive|Battle timer is ON: inactive players will automatically lose when time's up. (requested by meimiaomiao)\n|inactive|Clayton Rasta has 60 seconds left.\n|\n|t:|1775916894\n|teamsize|p1|4\n|teamsize|p2|4\n|start\n|switch|p1a: Empoleon|Empoleon, L50, F|100/100\n|switch|p1b: Garchomp|Garchomp, L50, M|100/100\n|switch|p2a: Whimsicott|Whimsicott, L50, F|100/100\n|switch|p2b: Arcanine|Arcanine-Hisui, L50, M|100/100\n|-ability|p2b: Arcanine|Intimidate|boost\n|-unboost|p1a: Empoleon|atk|1\n|-ability|p1a: Empoleon|Competitive|boost\n|-boost|p1a: Empoleon|spa|2\n|-unboost|p1b: Garchomp|atk|1\n|turn|1\n|inactive|meimiaomiao has 30 seconds left.\n|inactive|meimiaomiao has 20 seconds left.\n|\n|t:|1775916933\n|switch|p1b: Arcanine|Arcanine, L50, F|100/100\n|-ability|p1b: Arcanine|Intimidate|boost\n|-unboost|p2a: Whimsicott|atk|1\n|-unboost|p2b: Arcanine|atk|1\n|move|p2a: Whimsicott|Tailwind|p2a: Whimsicott\n|-sidestart|p2: meimiaomiao|move: Tailwind\n|move|p2b: Arcanine|Rock Slide|p1a: Empoleon|[spread] p1a,p1b\n|-resisted|p1a: Empoleon|1\n|-supereffective|p1b: Arcanine|1\n|-damage|p1a: Empoleon|91/100\n|-damage|p1b: Arcanine|58/100\n|move|p1a: Empoleon|Chilling Water|p2b: Arcanine\n|-supereffective|p2b: Arcanine|2\n|-damage|p2b: Arcanine|0 fnt\n|faint|p2b: Arcanine\n|\n|-heal|p1b: Arcanine|64/100|[from] item: Leftovers\n|upkeep\n|\n|t:|1775916948\n|switch|p2b: Sneasler|Sneasler, L50, F|100/100\n|turn|2\n|inactive|Clayton Rasta has 30 seconds left.\n|inactive|Clayton Rasta has 20 seconds left.\n|inactive|Clayton Rasta has 15 seconds left.\n|inactive|Clayton Rasta has 10 seconds left.\n|\n|t:|1775916995\n|move|p2b: Sneasler|Close Combat|p1a: Empoleon\n|-supereffective|p1a: Empoleon|1\n|-damage|p1a: Empoleon|0 fnt\n|-unboost|p2b: Sneasler|def|1\n|-unboost|p2b: Sneasler|spd|1\n|faint|p1a: Empoleon\n|-enditem|p2b: Sneasler|White Herb\n|-clearnegativeboost|p2b: Sneasler|[silent]\n|move|p2a: Whimsicott|Moonblast|p1b: Arcanine\n|-resisted|p1b: Arcanine|1\n|-damage|p1b: Arcanine|46/100\n|move|p1b: Arcanine|Flare Blitz|p2a: Whimsicott\n|-supereffective|p2a: Whimsicott|1\n|-enditem|p2a: Whimsicott|Focus Sash\n|-damage|p2a: Whimsicott|1/100\n|-damage|p1b: Arcanine|23/100|[from] Recoil\n|\n|-heal|p1b: Arcanine|29/100|[from] item: Leftovers\n|upkeep\n|\n|t:|1775917010\n|switch|p1a: Garchomp|Garchomp, L50, M|100/100\n|turn|3\n|\n|t:|1775917027\n|move|p2a: Whimsicott|Protect|p2a: Whimsicott\n|-singleturn|p2a: Whimsicott|Protect\n|move|p1b: Arcanine|Protect|p1b: Arcanine\n|-singleturn|p1b: Arcanine|Protect\n|move|p2b: Sneasler|Dire Claw|p1b: Arcanine\n|-activate|p1b: Arcanine|move: Protect\n|move|p1a: Garchomp|Earthquake|p2b: Sneasler|[spread] p2b\n|-activate|p1b: Arcanine|move: Protect\n|-activate|p2a: Whimsicott|move: Protect\n|-supereffective|p2b: Sneasler|1\n|-damage|p2b: Sneasler|0 fnt\n|faint|p2b: Sneasler\n|\n|-heal|p1b: Arcanine|36/100|[from] item: Leftovers\n|upkeep\n|\n|t:|1775917035\n|switch|p2b: Gardevoir|Gardevoir, L50, F|100/100\n|-ability|p2b: Gardevoir|Rough Skin|Trace|[from] ability: Trace|[of] p1a: Garchomp\n|turn|4\n|\n|t:|1775917053\n|detailschange|p2b: Gardevoir|Gardevoir-Mega, L50, F\n|-mega|p2b: Gardevoir|Gardevoir|Gardevoirite\n|move|p2a: Whimsicott|Protect||[still]\n|-fail|p2a: Whimsicott\n|move|p2b: Gardevoir|Hyper Voice|p1a: Garchomp|[spread] p1a,p1b\n|-supereffective|p1a: Garchomp|1\n|-resisted|p1b: Arcanine|1\n|-damage|p1a: Garchomp|19/100\n|-damage|p1b: Arcanine|11/100\n|move|p1a: Garchomp|Earthquake|p2a: Whimsicott|[spread] p1b,p2a,p2b\n|-supereffective|p1b: Arcanine|1\n|-resisted|p2a: Whimsicott|1\n|-damage|p1b: Arcanine|0 fnt\n|-damage|p2a: Whimsicott|0 fnt\n|-damage|p2b: Gardevoir|47/100\n|faint|p1b: Arcanine\n|faint|p2a: Whimsicott\n|\n|-sideend|p2: meimiaomiao|move: Tailwind\n|upkeep\n|\n|t:|1775917065\n|switch|p1b: Gengar|Gengar, L50, F|100/100\n|turn|5\n|\n|t:|1775917083\n|detailschange|p1b: Gengar|Gengar-Mega, L50, F\n|-mega|p1b: Gengar|Gengar|Gengarite\n|move|p2b: Gardevoir|Protect|p2b: Gardevoir\n|-singleturn|p2b: Gardevoir|Protect\n|move|p1b: Gengar|Shadow Ball|p2b: Gardevoir\n|-activate|p2b: Gardevoir|move: Protect\n|move|p1a: Garchomp|Earthquake|p2b: Gardevoir|[spread] p1b\n|-activate|p2b: Gardevoir|move: Protect\n|-supereffective|p1b: Gengar|1\n|-crit|p1b: Gengar\n|-damage|p1b: Gengar|0 fnt\n|faint|p1b: Gengar\n|\n|upkeep\n|turn|6\n|\n|t:|1775917105\n|move|p2b: Gardevoir|Hyper Voice|p1a: Garchomp\n|-supereffective|p1a: Garchomp|1\n|-crit|p1a: Garchomp\n|-damage|p1a: Garchomp|0 fnt\n|faint|p1a: Garchomp\n|\n|win|meimiaomiao\n|raw|Clayton Rasta's rating: 1022 &rarr; <strong>1008</strong><br />(-14 for losing)\n|raw|meimiaomiao's rating: 1000 &rarr; <strong>1043</strong><br />(+43 for winning)\n",
  "uploadtime": 1775917115,
  "views": 16,
  "formatid": "gen9championsvgc2026regma",
  "rating": 1008,
  "private": 0,
  "password": null
}