{
  "id": "gen9championsvgc2026regma-2582761798",
  "format": "[Gen 9 Champions] VGC 2026 Reg M-A",
  "players": [
    "NoMercyPex",
    "Guiding Quem"
  ],
  "log": "|j|\u2606NoMercyPex\n|j|\u2606Guiding Quem\n|t:|1776112290\n|gametype|doubles\n|player|p1|NoMercyPex|silver-masters|1450\n|player|p2|Guiding Quem|cynthia-masters4|1387\n|gen|9\n|tier|[Gen 9 Champions] VGC 2026 Reg M-A\n|rated|\n|rule|Species Clause: Limit one of each Pok\u00e9mon\n|rule|Item Clause: Limit 1 of each item\n|clearpoke\n|poke|p1|Whimsicott, L50, F|\n|poke|p1|Gardevoir, L50, F|\n|poke|p1|Garchomp, L50, F|\n|poke|p1|Incineroar, L50, M|\n|poke|p1|Sneasler, L50, F|\n|poke|p1|Farigiraf, L50, F|\n|poke|p2|Floette-Eternal, L50, F|\n|poke|p2|Maushold, L50|\n|poke|p2|Garchomp, L50, F|\n|poke|p2|Talonflame, L50, F|\n|poke|p2|Rotom-Wash, L50|\n|poke|p2|Aegislash, L50, M|\n|teampreview|4\n|inactive|Battle timer is ON: inactive players will automatically lose when time's up. (requested by NoMercyPex)\n|\n|t:|1776112320\n|teamsize|p1|4\n|teamsize|p2|4\n|start\n|switch|p1a: Incineroar|Incineroar, L50, M|100/100\n|switch|p1b: Farigiraf|Farigiraf, L50, F|100/100\n|switch|p2a: Floette|Floette-Eternal, L50, F|100/100\n|switch|p2b: Maushold|Maushold, L50|100/100\n|-ability|p1a: Incineroar|Intimidate|boost\n|-unboost|p2a: Floette|atk|1\n|-unboost|p2b: Maushold|atk|1\n|turn|1\n|\n|t:|1776112334\n|detailschange|p2a: Floette|Floette-Mega, L50, F\n|-mega|p2a: Floette|Floette|Floettite\n|-ability|p2a: Floette|Fairy Aura\n|move|p2b: Maushold|Super Fang|p1a: Incineroar\n|-damage|p1a: Incineroar|50/100\n|move|p2a: Floette|Calm Mind|p2a: Floette\n|-boost|p2a: Floette|spa|1\n|-boost|p2a: Floette|spd|1\n|move|p1a: Incineroar|Parting Shot|p2a: Floette\n|-unboost|p2a: Floette|atk|1\n|-unboost|p2a: Floette|spa|1\n|\n|t:|1776112345\n|switch|p1a: Gardevoir|Gardevoir, L50, F|100/100|[from] Parting Shot\n|-ability|p1a: Gardevoir|Fairy Aura|Trace|[from] ability: Trace|[of] p2a: Floette\n|-ability|p1a: Gardevoir|Fairy Aura\n|move|p1b: Farigiraf|Trick Room|p1b: Farigiraf\n|-fieldstart|move: Trick Room|[of] p1b: Farigiraf\n|\n|upkeep\n|turn|2\n|\n|t:|1776112360\n|detailschange|p1a: Gardevoir|Gardevoir-Mega, L50, F\n|-mega|p1a: Gardevoir|Gardevoir|Gardevoirite\n|move|p1b: Farigiraf|Psychic Terrain|p1b: Farigiraf\n|-fieldstart|move: Psychic Terrain\n|move|p1a: Gardevoir|Expanding Force|p2a: Floette|[spread] p2a,p2b\n|-damage|p2a: Floette|73/100\n|-damage|p2b: Maushold|8/100\n|move|p2a: Floette|Dazzling Gleam|p1b: Farigiraf|[spread] p1a,p1b\n|-damage|p1a: Gardevoir|59/100\n|-damage|p1b: Farigiraf|55/100\n|move|p2b: Maushold|Super Fang|p1b: Farigiraf\n|-damage|p1b: Farigiraf|28/100\n|-enditem|p1b: Farigiraf|Sitrus Berry|[eat]\n|-heal|p1b: Farigiraf|52/100|[from] item: Sitrus Berry\n|\n|upkeep\n|turn|3\n|\n|t:|1776112376\n|move|p2a: Floette|Protect|p2a: Floette\n|-singleturn|p2a: Floette|Protect\n|move|p2b: Maushold|Protect|p2b: Maushold\n|-singleturn|p2b: Maushold|Protect\n|move|p1b: Farigiraf|Hyper Voice|p2a: Floette|[spread] \n|-activate|p2a: Floette|move: Protect\n|-activate|p2b: Maushold|move: Protect\n|move|p1a: Gardevoir|Expanding Force|p2b: Maushold|[spread] \n|-activate|p2a: Floette|move: Protect\n|-activate|p2b: Maushold|move: Protect\n|\n|upkeep\n|turn|4\n|\n|t:|1776112395\n|move|p1b: Farigiraf|Hyper Voice|p2a: Floette|[spread] p2a,p2b\n|-damage|p2a: Floette|65/100\n|-damage|p2b: Maushold|0 fnt\n|faint|p2b: Maushold\n|move|p1a: Gardevoir|Hyper Voice|p2a: Floette\n|-damage|p2a: Floette|18/100\n|move|p2a: Floette|Moonblast|p1a: Gardevoir\n|-damage|p1a: Gardevoir|0 fnt\n|faint|p1a: Gardevoir\n|\n|upkeep\n|\n|t:|1776112408\n|switch|p1a: Incineroar|Incineroar, L50, M|50/100\n|switch|p2b: Talonflame|Talonflame, L50, F|100/100\n|-ability|p1a: Incineroar|Intimidate|boost\n|-unboost|p2a: Floette|atk|1\n|-unboost|p2b: Talonflame|atk|1\n|turn|5\n|inactive|NoMercyPex has 30 seconds left.\n|\n|t:|1776112439\n|switch|p1b: Garchomp|Garchomp, L50, F|100/100\n|move|p2a: Floette|Protect|p2a: Floette\n|-singleturn|p2a: Floette|Protect\n|move|p2b: Talonflame|Protect|p2b: Talonflame\n|-singleturn|p2b: Talonflame|Protect\n|move|p1a: Incineroar|Parting Shot|p2b: Talonflame\n|-activate|p2b: Talonflame|move: Protect\n|\n|-heal|p1a: Incineroar|56/100|[from] item: Leftovers\n|-fieldend|move: Trick Room\n|upkeep\n|turn|6\n|\n|t:|1776112463\n|switch|p1b: Farigiraf|Farigiraf, L50, F|52/100\n|move|p2b: Talonflame|Tailwind|p2b: Talonflame\n|-sidestart|p2: Guiding Quem|move: Tailwind\n|move|p2a: Floette|Moonblast|p1b: Farigiraf\n|-damage|p1b: Farigiraf|0 fnt\n|faint|p1b: Farigiraf\n|move|p1a: Incineroar|Flare Blitz|p2a: Floette\n|-damage|p2a: Floette|0 fnt\n|faint|p2a: Floette\n|-damage|p1a: Incineroar|51/100|[from] Recoil\n|\n|-heal|p1a: Incineroar|57/100|[from] item: Leftovers\n|-fieldend|move: Psychic Terrain\n|upkeep\n|\n|t:|1776112477\n|switch|p2a: Garchomp|Garchomp, L50, F|100/100\n|switch|p1b: Garchomp|Garchomp, L50, F|100/100\n|turn|7\n|\n|t:|1776112492\n|move|p2b: Talonflame|Acrobatics|p1b: Garchomp\n|-damage|p1b: Garchomp|74/100\n|-damage|p2b: Talonflame|88/100|[from] ability: Rough Skin|[of] p1b: Garchomp\n|move|p2a: Garchomp|Earthquake|p1a: Incineroar|[spread] p1a,p1b\n|-immune|p2b: Talonflame\n|-supereffective|p1a: Incineroar|1\n|-damage|p1a: Incineroar|0 fnt\n|-damage|p1b: Garchomp|24/100\n|faint|p1a: Incineroar\n|move|p1b: Garchomp|Dragon Claw|p2a: Garchomp\n|-supereffective|p2a: Garchomp|1\n|-damage|p2a: Garchomp|16/100\n|-damage|p1b: Garchomp|12/100|[from] ability: Rough Skin|[of] p2a: Garchomp\n|\n|upkeep\n|turn|8\n|j| CARtu348rjf90\n|\n|t:|1776112506\n|move|p2b: Talonflame|Acrobatics|p1b: Garchomp\n|-damage|p1b: Garchomp|0 fnt\n|-damage|p2b: Talonflame|76/100|[from] ability: Rough Skin|[of] p1b: Garchomp\n|faint|p1b: Garchomp\n|\n|win|Guiding Quem\n|raw|NoMercyPex's rating: 1450 &rarr; <strong>1426</strong><br />(-24 for losing)\n|raw|Guiding Quem's rating: 1387 &rarr; <strong>1411</strong><br />(+24 for winning)\n|l|\u2606NoMercyPex\n|player|p1|\n|l|\u2606Guiding Quem\n|player|p2|\n",
  "uploadtime": 1776112514,
  "views": 53,
  "formatid": "gen9championsvgc2026regma",
  "rating": 1411,
  "private": 0,
  "password": null
}