{
  "id": "gen9championsvgc2026regma-2586595043",
  "format": "[Gen 9 Champions] VGC 2026 Reg M-A",
  "players": [
    "bob0976",
    "isabellissima"
  ],
  "log": "|j|\u2606bob0976\n|j|\u2606isabellissima\n|t:|1776445581\n|gametype|doubles\n|player|p1|bob0976|2|1248\n|player|p2|isabellissima|170|1280\n|gen|9\n|tier|[Gen 9 Champions] VGC 2026 Reg M-A\n|rated|\n|rule|Species Clause: Limit one of each Pok\u00e9mon\n|rule|Item Clause: Limit 1 of each item\n|clearpoke\n|poke|p1|Meganium, L50, F|\n|poke|p1|Greninja-*, L50, F|\n|poke|p1|Pelipper, L50, M|\n|poke|p1|Archaludon, L50, F|\n|poke|p1|Sneasler, L50, M|\n|poke|p1|Incineroar, L50, M|\n|poke|p2|Incineroar, L50, M|\n|poke|p2|Gengar, L50, F|\n|poke|p2|Sneasler, L50, M|\n|poke|p2|Maushold-Four, L50|\n|poke|p2|Kommo-o, L50, M|\n|poke|p2|Politoed, L50, F|\n|teampreview|4\n|inactive|Battle timer is ON: inactive players will automatically lose when time's up. (requested by isabellissima)\nisabellissima rejected open team sheets.\n|inactive|bob0976 has 60 seconds left.\n|\n|t:|1776445636\n|teamsize|p1|4\n|teamsize|p2|4\n|start\n|switch|p1a: Incineroar|Incineroar, L50, M|100/100\n|switch|p1b: Archaludon|Archaludon, L50, F|100/100\n|switch|p2a: Incineroar|Incineroar, L50, M, shiny|100/100\n|switch|p2b: Gengar|Gengar, L50, F, shiny|100/100\n|-ability|p1a: Incineroar|Intimidate|boost\n|-unboost|p2a: Incineroar|atk|1\n|-unboost|p2b: Gengar|atk|1\n|-ability|p2a: Incineroar|Intimidate|boost\n|-unboost|p1a: Incineroar|atk|1\n|-unboost|p1b: Archaludon|atk|1\n|turn|1\n|inactive|bob0976 has 30 seconds left.\n|inactive|bob0976 has 20 seconds left.\n|\n|t:|1776445673\n|detailschange|p2b: Gengar|Gengar-Mega, L50, F, shiny\n|-mega|p2b: Gengar|Gengar|Gengarite\n|move|p1a: Incineroar|Fake Out|p2a: Incineroar\n|-damage|p2a: Incineroar|95/100\n|move|p2b: Gengar|Perish Song|p2b: Gengar\n|-start|p1a: Incineroar|perish3|[silent]\n|-start|p1b: Archaludon|perish3|[silent]\n|-start|p2a: Incineroar|perish3|[silent]\n|-start|p2b: Gengar|perish3|[silent]\n|-fieldactivate|move: Perish Song\n|move|p1b: Archaludon|Electro Shot||[still]\n|-prepare|p1b: Archaludon|Electro Shot\n|-boost|p1b: Archaludon|spa|1\n|cant|p2a: Incineroar|flinch\n|\n|-start|p2b: Gengar|perish3\n|-start|p1b: Archaludon|perish3\n|-start|p1a: Incineroar|perish3\n|-start|p2a: Incineroar|perish3\n|upkeep\n|turn|2\n|\n|t:|1776445688\n|move|p2b: Gengar|Protect|p2b: Gengar\n|-singleturn|p2b: Gengar|Protect\n|move|p2a: Incineroar|Protect|p2a: Incineroar\n|-singleturn|p2a: Incineroar|Protect\n|move|p1b: Archaludon|Electro Shot|p2b: Gengar|[from] lockedmove\n|-activate|p2b: Gengar|move: Protect\n|move|p1a: Incineroar|Parting Shot|p2b: Gengar\n|-activate|p2b: Gengar|move: Protect\n|\n|-start|p2b: Gengar|perish2\n|-start|p1b: Archaludon|perish2\n|-start|p1a: Incineroar|perish2\n|-start|p2a: Incineroar|perish2\n|upkeep\n|turn|3\n|inactive|bob0976 has 30 seconds left.\n|\n|t:|1776445713\n|switch|p2b: Maushold|Maushold-Four, L50|100/100\n|move|p1b: Archaludon|Draco Meteor|p2b: Maushold\n|-damage|p2b: Maushold|0 fnt\n|-unboost|p1b: Archaludon|spa|2\n|faint|p2b: Maushold\n|move|p1a: Incineroar|Parting Shot|p2a: Incineroar\n|-unboost|p2a: Incineroar|atk|1\n|-unboost|p2a: Incineroar|spa|1\n|\n|t:|1776445727\n|switch|p1a: Greninja|Greninja, L50, F|100/100|[from] Parting Shot\n|move|p2a: Incineroar|Parting Shot|p1b: Archaludon\n|-unboost|p1b: Archaludon|atk|1\n|-unboost|p1b: Archaludon|spa|1\n|\n|t:|1776445735\n|switch|p2a: Gengar|Gengar-Mega, L50, F, shiny|100/100|[from] Parting Shot\n|\n|-start|p1b: Archaludon|perish1\n|upkeep\n|\n|t:|1776445745\n|switch|p2b: Incineroar|Incineroar, L50, M, shiny|95/100\n|-ability|p2b: Incineroar|Intimidate|boost\n|-unboost|p1a: Greninja|atk|1\n|-unboost|p1b: Archaludon|atk|1\n|turn|4\n|\n|t:|1776445770\n|move|p2a: Gengar|Protect|p2a: Gengar\n|-singleturn|p2a: Gengar|Protect\n|move|p2b: Incineroar|Protect|p2b: Incineroar\n|-singleturn|p2b: Incineroar|Protect\n|move|p1a: Greninja|Hydro Pump|p2b: Incineroar\n|-start|p1a: Greninja|typechange|Water|[from] ability: Protean\n|-activate|p2b: Incineroar|move: Protect\n|move|p1b: Archaludon|Flash Cannon|p2a: Gengar\n|-activate|p2a: Gengar|move: Protect\n|\n|-start|p1b: Archaludon|perish0\n|faint|p1b: Archaludon\n|upkeep\n|\n|t:|1776445779\n|switch|p1b: Incineroar|Incineroar, L50, M|100/100\n|-ability|p1b: Incineroar|Intimidate|boost\n|-unboost|p2a: Gengar|atk|1\n|-unboost|p2b: Incineroar|atk|1\n|turn|5\n|\n|t:|1776445796\n|detailschange|p1a: Greninja|Greninja-Mega, L50, F\n|-mega|p1a: Greninja|Greninja|Greninjite\n|move|p1b: Incineroar|Fake Out|p2b: Incineroar\n|-damage|p2b: Incineroar|87/100\n|move|p1a: Greninja|Dark Pulse|p2a: Gengar\n|-start|p1a: Greninja|typechange|Dark|[from] ability: Protean\n|-supereffective|p2a: Gengar|1\n|-damage|p2a: Gengar|7/100\n|move|p2a: Gengar|Perish Song|p2a: Gengar\n|-start|p1a: Greninja|perish3|[silent]\n|-start|p1b: Incineroar|perish3|[silent]\n|-start|p2a: Gengar|perish3|[silent]\n|-start|p2b: Incineroar|perish3|[silent]\n|-fieldactivate|move: Perish Song\n|cant|p2b: Incineroar|flinch\n|\n|-start|p1a: Greninja|perish3\n|-start|p2a: Gengar|perish3\n|-start|p1b: Incineroar|perish3\n|-start|p2b: Incineroar|perish3\n|upkeep\n|turn|6\n|inactive|bob0976 has 30 seconds left.\n|\n|t:|1776445829\n|move|p2a: Gengar|Protect|p2a: Gengar\n|-singleturn|p2a: Gengar|Protect\n|move|p2b: Incineroar|Protect|p2b: Incineroar\n|-singleturn|p2b: Incineroar|Protect\n|move|p1a: Greninja|Dark Pulse|p2a: Gengar\n|-activate|p2a: Gengar|move: Protect\n|move|p1b: Incineroar|Parting Shot|p2b: Incineroar\n|-activate|p2b: Incineroar|move: Protect\n|\n|-start|p1a: Greninja|perish2\n|-start|p2a: Gengar|perish2\n|-start|p1b: Incineroar|perish2\n|-start|p2b: Incineroar|perish2\n|upkeep\n|turn|7\n|inactive|isabellissima has 30 seconds left.\n|inactive|isabellissima has 20 seconds left.\n|\n|t:|1776445866\n|switch|p2a: Sneasler|Sneasler, L50, M|100/100\n|move|p1a: Greninja|Hydro Pump|p2b: Incineroar\n|-supereffective|p2b: Incineroar|1\n|-damage|p2b: Incineroar|18/100\n|-enditem|p2b: Incineroar|Sitrus Berry|[eat]\n|-heal|p2b: Incineroar|43/100|[from] item: Sitrus Berry\n|move|p1b: Incineroar|Parting Shot|p2a: Sneasler\n|-unboost|p2a: Sneasler|atk|1\n|-unboost|p2a: Sneasler|spa|1\n|\n|t:|1776445873\n|switch|p1b: Pelipper|Pelipper, L50, M|100/100|[from] Parting Shot\n|-enditem|p2a: Sneasler|White Herb\n|-clearnegativeboost|p2a: Sneasler|[silent]\n|-weather|RainDance|[from] ability: Drizzle|[of] p1b: Pelipper\n|move|p2b: Incineroar|Parting Shot|p1b: Pelipper\n|-unboost|p1b: Pelipper|atk|1\n|-unboost|p1b: Pelipper|spa|1\n|\n|t:|1776445878\n|switch|p2b: Gengar|Gengar-Mega, L50, F, shiny|7/100|[from] Parting Shot\n|\n|-weather|RainDance|[upkeep]\n|-start|p1a: Greninja|perish1\n|upkeep\n|turn|8\n|\n|t:|1776445894\n|move|p2b: Gengar|Protect|p2b: Gengar\n|-singleturn|p2b: Gengar|Protect\n|move|p2a: Sneasler|Fake Out|p1b: Pelipper\n|-damage|p1b: Pelipper|86/100\n|move|p1a: Greninja|Hydro Pump|p2a: Sneasler|[miss]\n|-miss|p1a: Greninja|p2a: Sneasler\n|cant|p1b: Pelipper|flinch\n|\n|-weather|RainDance|[upkeep]\n|-start|p1a: Greninja|perish0\n|faint|p1a: Greninja\n|upkeep\n|-message|bob0976 forfeited.\n|\n|win|isabellissima\n|raw|bob0976's rating: 1248 &rarr; <strong>1225</strong><br />(-23 for losing)\n|raw|isabellissima's rating: 1280 &rarr; <strong>1303</strong><br />(+23 for winning)\n|l|\u2606bob0976\n|player|p1|\n",
  "uploadtime": 1776445903,
  "views": 41,
  "formatid": "gen9championsvgc2026regma",
  "rating": 1225,
  "private": 0,
  "password": null
}