{
  "id": "gen9championsvgc2026regma-2585768765",
  "format": "[Gen 9 Champions] VGC 2026 Reg M-A",
  "players": [
    "thatsdvxvampire",
    "trexarmsgamer"
  ],
  "log": "|j|\u2606thatsdvxvampire\n|j|\u2606trexarmsgamer\n|t:|1776369288\n|gametype|doubles\n|player|p1|thatsdvxvampire|dawn|1286\n|player|p2|trexarmsgamer|preschooler|1217\n|gen|9\n|tier|[Gen 9 Champions] VGC 2026 Reg M-A\n|rated|\n|rule|Species Clause: Limit one of each Pok\u00e9mon\n|rule|Item Clause: Limit 1 of each item\n|clearpoke\n|poke|p1|Floette-Eternal, L50, F|\n|poke|p1|Kingambit, L50, M|\n|poke|p1|Torkoal, L50, F|\n|poke|p1|Incineroar, L50, F|\n|poke|p1|Lopunny, L50, M|\n|poke|p1|Sinistcha, L50|\n|poke|p2|Gengar, L50, F|\n|poke|p2|Incineroar, L50, M|\n|poke|p2|Tyranitar, L50, F|\n|poke|p2|Sinistcha, L50|\n|poke|p2|Kingambit, L50, M|\n|poke|p2|Kommo-o, L50, M|\n|teampreview|4\n|inactive|Battle timer is ON: inactive players will automatically lose when time's up. (requested by thatsdvxvampire)\n|inactive|thatsdvxvampire has 60 seconds left.\n|inactive|trexarmsgamer has 60 seconds left.\n|\n|t:|1776369334\n|teamsize|p1|4\n|teamsize|p2|4\n|start\n|switch|p1a: Kingambit|Kingambit, L50, M|100/100\n|switch|p1b: Incineroar|Incineroar, L50, F|100/100\n|switch|p2a: Gengar|Gengar, L50, F|100/100\n|switch|p2b: Tyranitar|Tyranitar, L50, F|100/100\n|-weather|Sandstorm|[from] ability: Sand Stream|[of] p2b: Tyranitar\n|-ability|p1b: Incineroar|Intimidate|boost\n|-unboost|p2a: Gengar|atk|1\n|-unboost|p2b: Tyranitar|atk|1\n|turn|1\n|inactive|trexarmsgamer has 30 seconds left.\n|\n|t:|1776369363\n|switch|p2b: Incineroar|Incineroar, L50, M|100/100\n|-ability|p2b: Incineroar|Intimidate|boost\n|-unboost|p1a: Kingambit|atk|1\n|-ability|p1a: Kingambit|Defiant|boost\n|-boost|p1a: Kingambit|atk|2\n|-unboost|p1b: Incineroar|atk|1\n|detailschange|p2a: Gengar|Gengar-Mega, L50, F\n|-mega|p2a: Gengar|Gengar|Gengarite\n|move|p1b: Incineroar|Fake Out|p2b: Incineroar\n|-damage|p2b: Incineroar|93/100\n|move|p2a: Gengar|Substitute|p2a: Gengar\n|-start|p2a: Gengar|Substitute\n|-damage|p2a: Gengar|76/100\n|move|p1a: Kingambit|Iron Head|p2b: Incineroar\n|-resisted|p2b: Incineroar|1\n|-damage|p2b: Incineroar|63/100\n|\n|-weather|Sandstorm|[upkeep]\n|-damage|p2a: Gengar|70/100|[from] Sandstorm\n|-damage|p2b: Incineroar|57/100|[from] Sandstorm\n|-damage|p1b: Incineroar|95/100|[from] Sandstorm\n|upkeep\n|turn|2\n|\n|t:|1776369383\n|move|p1a: Kingambit|Protect|p1a: Kingambit\n|-singleturn|p1a: Kingambit|Protect\n|move|p2b: Incineroar|Fake Out|p1b: Incineroar\n|-damage|p1b: Incineroar|84/100\n|move|p2a: Gengar|Perish Song|p2a: Gengar\n|-start|p1a: Kingambit|perish3|[silent]\n|-start|p1b: Incineroar|perish3|[silent]\n|-start|p2a: Gengar|perish3|[silent]\n|-start|p2b: Incineroar|perish3|[silent]\n|-fieldactivate|move: Perish Song\n|cant|p1b: Incineroar|flinch\n|\n|-weather|Sandstorm|[upkeep]\n|-damage|p2a: Gengar|64/100|[from] Sandstorm\n|-damage|p2b: Incineroar|51/100|[from] Sandstorm\n|-damage|p1b: Incineroar|78/100|[from] Sandstorm\n|-start|p2a: Gengar|perish3\n|-start|p2b: Incineroar|perish3\n|-start|p1b: Incineroar|perish3\n|-start|p1a: Kingambit|perish3\n|upkeep\n|turn|3\n|\n|t:|1776369399\n|move|p2a: Gengar|Substitute|p2a: Gengar\n|-fail|p2a: Gengar|move: Substitute\n|move|p2b: Incineroar|Throat Chop|p1b: Incineroar\n|-resisted|p1b: Incineroar|1\n|-damage|p1b: Incineroar|62/100\n|-start|p1b: Incineroar|Throat Chop|[silent]\n|cant|p1b: Incineroar|move: Throat Chop\n|move|p1a: Kingambit|Kowtow Cleave|p2a: Gengar\n|-supereffective|p2a: Gengar|1\n|-end|p2a: Gengar|Substitute\n|\n|-weather|Sandstorm|[upkeep]\n|-damage|p2a: Gengar|58/100|[from] Sandstorm\n|-damage|p2b: Incineroar|45/100|[from] Sandstorm\n|-damage|p1b: Incineroar|56/100|[from] Sandstorm\n|-start|p2a: Gengar|perish2\n|-start|p2b: Incineroar|perish2\n|-start|p1b: Incineroar|perish2\n|-start|p1a: Kingambit|perish2\n|upkeep\n|turn|4\n|inactive|trexarmsgamer has 30 seconds left.\n|\n|t:|1776369433\n|move|p2a: Gengar|Protect|p2a: Gengar\n|-singleturn|p2a: Gengar|Protect\n|move|p2b: Incineroar|Parting Shot|p1b: Incineroar\n|-unboost|p1b: Incineroar|atk|1\n|-unboost|p1b: Incineroar|spa|1\n|\n|t:|1776369445\n|switch|p2b: Tyranitar|Tyranitar, L50, F|100/100|[from] Parting Shot\n|move|p1b: Incineroar|Darkest Lariat|p2a: Gengar\n|-activate|p2a: Gengar|move: Protect\n|move|p1a: Kingambit|Kowtow Cleave|p2a: Gengar\n|-activate|p2a: Gengar|move: Protect\n|\n|-weather|Sandstorm|[upkeep]\n|-damage|p2a: Gengar|52/100|[from] Sandstorm\n|-damage|p1b: Incineroar|50/100|[from] Sandstorm\n|-end|p1b: Incineroar|Throat Chop|[silent]\n|-start|p2a: Gengar|perish1\n|-start|p1b: Incineroar|perish1\n|-start|p1a: Kingambit|perish1\n|upkeep\n|turn|5\n|\n|t:|1776369467\n|switch|p2a: Incineroar|Incineroar, L50, M|45/100\n|-ability|p2a: Incineroar|Intimidate|boost\n|-unboost|p1a: Kingambit|atk|1\n|-ability|p1a: Kingambit|Defiant|boost\n|-boost|p1a: Kingambit|atk|2\n|-unboost|p1b: Incineroar|atk|1\n|move|p2b: Tyranitar|Low Kick|p1b: Incineroar\n|-supereffective|p1b: Incineroar|1\n|-enditem|p1b: Incineroar|Chople Berry|[eat]\n|-enditem|p1b: Incineroar|Chople Berry|[weaken]\n|-damage|p1b: Incineroar|23/100\n|move|p1b: Incineroar|Parting Shot|p2a: Incineroar\n|-unboost|p2a: Incineroar|atk|1\n|-unboost|p2a: Incineroar|spa|1\n|\n|t:|1776369485\n|switch|p1b: Lopunny|Lopunny, L50, M|100/100|[from] Parting Shot\n|move|p1a: Kingambit|Kowtow Cleave|p2a: Incineroar\n|-resisted|p2a: Incineroar|1\n|-damage|p2a: Incineroar|0 fnt\n|faint|p2a: Incineroar\n|\n|-weather|none\n|-start|p1a: Kingambit|perish0\n|upkeep\n|faint|p1a: Kingambit\n|\n|t:|1776369496\n|switch|p2a: Gengar|Gengar-Mega, L50, F|52/100\n|switch|p1a: Torkoal|Torkoal, L50, F|100/100\n|-weather|SunnyDay|[from] ability: Drought|[of] p1a: Torkoal\n|turn|6\n|\n|t:|1776369512\n|switch|p2b: Kingambit|Kingambit, L50, M|100/100\n|detailschange|p1b: Lopunny|Lopunny-Mega, L50, M\n|-mega|p1b: Lopunny|Lopunny|Lopunnite\n|move|p1b: Lopunny|Fake Out|p2a: Gengar\n|-damage|p2a: Gengar|24/100\n|cant|p2a: Gengar|flinch\n|move|p1a: Torkoal|Solar Beam||[still]\n|-prepare|p1a: Torkoal|Solar Beam\n|-anim|p1a: Torkoal|Solar Beam|p2b: Kingambit\n|-resisted|p2b: Kingambit|1\n|-damage|p2b: Kingambit|83/100\n|\n|-weather|SunnyDay|[upkeep]\n|upkeep\n|turn|7\n|\n|t:|1776369525\n|move|p2b: Kingambit|Sucker Punch|p1a: Torkoal\n|-damage|p1a: Torkoal|71/100\n|move|p1b: Lopunny|After You|p1a: Torkoal\n|-activate|p1a: Torkoal|move: After You\n|move|p1a: Torkoal|Heat Wave|p2a: Gengar|[spread] p2a\n|-miss|p1a: Torkoal|p2b: Kingambit\n|-damage|p2a: Gengar|0 fnt\n|faint|p2a: Gengar\n|\n|-weather|SunnyDay|[upkeep]\n|upkeep\n|\n|t:|1776369532\n|switch|p2a: Tyranitar|Tyranitar, L50, F|100/100\n|-weather|Sandstorm|[from] ability: Sand Stream|[of] p2a: Tyranitar\n|turn|8\n|\n|t:|1776369539\n|switch|p1a: Incineroar|Incineroar, L50, F|23/100\n|-ability|p1a: Incineroar|Intimidate|boost\n|-unboost|p2a: Tyranitar|atk|1\n|-unboost|p2b: Kingambit|atk|1\n|-ability|p2b: Kingambit|Defiant|boost\n|-boost|p2b: Kingambit|atk|2\n|move|p1b: Lopunny|Protect|p1b: Lopunny\n|-singleturn|p1b: Lopunny|Protect\n|move|p2a: Tyranitar|Rock Slide|p1a: Incineroar|[spread] p1a\n|-activate|p1b: Lopunny|move: Protect\n|-supereffective|p1a: Incineroar|1\n|-damage|p1a: Incineroar|0 fnt\n|faint|p1a: Incineroar\n|move|p2b: Kingambit|Iron Head|p1b: Lopunny\n|-activate|p1b: Lopunny|move: Protect\n|\n|-weather|Sandstorm|[upkeep]\n|-damage|p1b: Lopunny|95/100|[from] Sandstorm\n|upkeep\n|\n|t:|1776369548\n|switch|p1a: Torkoal|Torkoal, L50, F|71/100\n|-weather|SunnyDay|[from] ability: Drought|[of] p1a: Torkoal\n|turn|9\n|\n|t:|1776369556\n|move|p2b: Kingambit|Protect|p2b: Kingambit\n|-singleturn|p2b: Kingambit|Protect\n|move|p1b: Lopunny|High Jump Kick|p2a: Tyranitar\n|-supereffective|p2a: Tyranitar|2\n|-damage|p2a: Tyranitar|0 fnt\n|faint|p2a: Tyranitar\n|move|p1a: Torkoal|Heat Wave|p2b: Kingambit\n|-activate|p2b: Kingambit|move: Protect\n|\n|-weather|SunnyDay|[upkeep]\n|upkeep\n|turn|10\n|\n|t:|1776369565\n|move|p2b: Kingambit|Protect|p2b: Kingambit\n|-singleturn|p2b: Kingambit|Protect\n|move|p1b: Lopunny|High Jump Kick|p2b: Kingambit\n|-activate|p2b: Kingambit|move: Protect\n|-damage|p1b: Lopunny|45/100|[from] highjumpkick\n|move|p1a: Torkoal|Heat Wave|p2b: Kingambit\n|-activate|p2b: Kingambit|move: Protect\n|\n|-weather|SunnyDay|[upkeep]\n|upkeep\n|turn|11\n|\n|t:|1776369573\n|move|p2b: Kingambit|Sucker Punch|p1b: Lopunny\n|-resisted|p1b: Lopunny|1\n|-damage|p1b: Lopunny|7/100\n|move|p1b: Lopunny|High Jump Kick|p2b: Kingambit\n|-supereffective|p2b: Kingambit|2\n|-enditem|p2b: Kingambit|Chople Berry|[eat]\n|-enditem|p2b: Kingambit|Chople Berry|[weaken]\n|-damage|p2b: Kingambit|0 fnt\n|faint|p2b: Kingambit\n|\n|win|thatsdvxvampire\n|raw|thatsdvxvampire's rating: 1286 &rarr; <strong>1306</strong><br />(+20 for winning)\n|raw|trexarmsgamer's rating: 1217 &rarr; <strong>1197</strong><br />(-20 for losing)\n|l|\u2606trexarmsgamer\n|player|p2|\n",
  "uploadtime": 1776369581,
  "views": 18,
  "formatid": "gen9championsvgc2026regma",
  "rating": 1197,
  "private": 0,
  "password": null
}