{
  "id": "gen9championsvgc2026regma-2585601431",
  "format": "[Gen 9 Champions] VGC 2026 Reg M-A",
  "players": [
    "TheKoopaBoy",
    "jorginocoke"
  ],
  "log": "|j|\u2606TheKoopaBoy\n|j|\u2606jorginocoke\n|t:|1776358166\n|gametype|doubles\n|player|p1|TheKoopaBoy|blue|1414\n|player|p2|jorginocoke|169|1330\n|gen|9\n|tier|[Gen 9 Champions] VGC 2026 Reg M-A\n|rated|\n|rule|Species Clause: Limit one of each Pok\u00e9mon\n|rule|Item Clause: Limit 1 of each item\n|clearpoke\n|poke|p1|Farigiraf, L50, F|\n|poke|p1|Kingambit, L50, F|\n|poke|p1|Scovillain, L50, F|\n|poke|p1|Sneasler, L50, M|\n|poke|p1|Torkoal, L50, F|\n|poke|p1|Araquanid, L50, F|\n|poke|p2|Crabominable, L50, M|\n|poke|p2|Kingambit, L50, F|\n|poke|p2|Mudsdale, L50, F|\n|poke|p2|Drampa, L50, M|\n|poke|p2|Maushold-Four, L50|\n|poke|p2|Hatterene, L50, F|\n|teampreview|4\n|\n|t:|1776358201\n|teamsize|p1|4\n|teamsize|p2|4\n|start\n|switch|p1a: Farigiraf|Farigiraf, L50, F|100/100\n|switch|p1b: Scovillain|Scovillain, L50, F|100/100\n|switch|p2a: Maushold|Maushold-Four, L50|100/100\n|switch|p2b: Hatterene|Hatterene, L50, F|100/100\n|turn|1\n|inactive|Battle timer is ON: inactive players will automatically lose when time's up. (requested by TheKoopaBoy)\n|\n|t:|1776358221\n|detailschange|p1b: Scovillain|Scovillain-Mega, L50, F\n|-mega|p1b: Scovillain|Scovillain|Scovillainite\n|move|p1b: Scovillain|Rage Powder|p1b: Scovillain\n|-singleturn|p1b: Scovillain|move: Rage Powder\n|move|p2a: Maushold|Taunt|p1b: Scovillain\n|-start|p1b: Scovillain|move: Taunt\n|move|p1a: Farigiraf|Hyper Voice|p2b: Hatterene|[spread] p2a,p2b\n|-damage|p2a: Maushold|64/100\n|-damage|p2b: Hatterene|76/100\n|move|p2b: Hatterene|Dazzling Gleam|p1a: Farigiraf|[spread] p1a,p1b\n|-resisted|p1b: Scovillain|1\n|-damage|p1a: Farigiraf|65/100\n|-damage|p1b: Scovillain|83/100\n|-status|p2b: Hatterene|brn|[from] ability: Spicy Spray|[of] p1b: Scovillain\n|\n|-damage|p2b: Hatterene|70/100 brn|[from] brn\n|upkeep\n|turn|2\n|j| Bluecz11\n|c| Bluecz11|ola\n|inactive|TheKoopaBoy has 30 seconds left.\n|inactive|jorginocoke has 30 seconds left.\n|\n|t:|1776358248\n|switch|p1a: Torkoal|Torkoal, L50, F|100/100\n|-weather|SunnyDay|[from] ability: Drought|[of] p1a: Torkoal\n|move|p2a: Maushold|Super Fang|p1b: Scovillain\n|-damage|p1b: Scovillain|42/100\n|-status|p2a: Maushold|brn|[from] ability: Spicy Spray|[of] p1b: Scovillain\n|move|p1b: Scovillain|Overheat|p2b: Hatterene\n|-damage|p2b: Hatterene|0 fnt\n|-unboost|p1b: Scovillain|spa|2\n|faint|p2b: Hatterene\n|\n|-weather|SunnyDay|[upkeep]\n|-damage|p2a: Maushold|58/100 brn|[from] brn\n|upkeep\n|\n|t:|1776358254\n|switch|p2b: Mudsdale|Mudsdale, L50, F|100/100\n|turn|3\n|\n|t:|1776358267\n|switch|p1a: Farigiraf|Farigiraf, L50, F|65/100\n|move|p2a: Maushold|Super Fang|p1a: Farigiraf\n|-damage|p1a: Farigiraf|33/100\n|-enditem|p1a: Farigiraf|Sitrus Berry|[eat]\n|-heal|p1a: Farigiraf|58/100|[from] item: Sitrus Berry\n|move|p1b: Scovillain|Leaf Storm|p2b: Mudsdale\n|-supereffective|p2b: Mudsdale|1\n|-damage|p2b: Mudsdale|62/100\n|-unboost|p1b: Scovillain|spa|2\n|move|p2b: Mudsdale|High Horsepower|p1a: Farigiraf\n|-damage|p1a: Farigiraf|7/100\n|\n|-weather|SunnyDay|[upkeep]\n|-heal|p2b: Mudsdale|69/100|[from] item: Leftovers\n|-damage|p2a: Maushold|52/100 brn|[from] brn\n|upkeep\n|turn|4\n|\n|t:|1776358291\n|move|p1a: Farigiraf|Helping Hand|p1b: Scovillain\n|-singleturn|p1b: Scovillain|Helping Hand|[of] p1a: Farigiraf\n|move|p2a: Maushold|Taunt|p1a: Farigiraf\n|-start|p1a: Farigiraf|move: Taunt\n|move|p1b: Scovillain|Leaf Storm|p2b: Mudsdale\n|-supereffective|p2b: Mudsdale|1\n|-damage|p2b: Mudsdale|27/100\n|-unboost|p1b: Scovillain|spa|2\n|move|p2b: Mudsdale|Rock Slide|p1a: Farigiraf|[spread] p1a,p1b\n|-supereffective|p1b: Scovillain|1\n|-damage|p1a: Farigiraf|0 fnt\n|-damage|p1b: Scovillain|2/100\n|-status|p2b: Mudsdale|brn|[from] ability: Spicy Spray|[of] p1b: Scovillain\n|faint|p1a: Farigiraf\n|\n|-weather|SunnyDay|[upkeep]\n|-heal|p2b: Mudsdale|33/100 brn|[from] item: Leftovers\n|-damage|p2a: Maushold|46/100 brn|[from] brn\n|-damage|p2b: Mudsdale|27/100 brn|[from] brn\n|-end|p1b: Scovillain|move: Taunt\n|upkeep\n|\n|t:|1776358301\n|switch|p1a: Araquanid|Araquanid, L50, F, shiny|100/100\n|turn|5\n|c| Bluecz11|Que chetada el pimiento de isla\n|\n|t:|1776358312\n|move|p1b: Scovillain|Rage Powder|p1b: Scovillain\n|-singleturn|p1b: Scovillain|move: Rage Powder\n|move|p2a: Maushold|Super Fang|p1b: Scovillain\n|-damage|p1b: Scovillain|2/100\n|move|p1a: Araquanid|Liquidation|p2b: Mudsdale\n|-supereffective|p2b: Mudsdale|1\n|-damage|p2b: Mudsdale|0 fnt\n|faint|p2b: Mudsdale\n|\n|-weather|SunnyDay|[upkeep]\n|-damage|p2a: Maushold|40/100 brn|[from] brn\n|upkeep\n|\n|t:|1776358318\n|switch|p2b: Drampa|Drampa, L50, M|100/100\n|-ability|p2b: Drampa|Cloud Nine\n|turn|6\n|c|\u2606jorginocoke|La verdad que s\u00ed\n|inactive|jorginocoke has 30 seconds left.\n|c|\u2606jorginocoke|Est\u00e1 roto el hijo puta\n|c|\u2606TheKoopaBoy|que barbaridad\n|\n|t:|1776358350\n|move|p2a: Maushold|Follow Me|p2a: Maushold\n|-singleturn|p2a: Maushold|move: Follow Me\n|move|p1b: Scovillain|Rage Powder|p1b: Scovillain\n|-singleturn|p1b: Scovillain|move: Rage Powder\n|move|p1a: Araquanid|Liquidation|p2a: Maushold\n|-damage|p2a: Maushold|0 fnt\n|faint|p2a: Maushold\n|move|p2b: Drampa|Hyper Voice|p1a: Araquanid|[spread] p1a,p1b\n|-damage|p1a: Araquanid|71/100\n|-damage|p1b: Scovillain|0 fnt\n|-status|p2b: Drampa|brn|[from] ability: Spicy Spray|[of] p1b: Scovillain\n|faint|p1b: Scovillain\n|\n|-weather|none\n|-damage|p2b: Drampa|95/100 brn|[from] brn\n|upkeep\n|c|\u2606TheKoopaBoy|con lo feo que es\n|\n|t:|1776358362\n|switch|p1b: Torkoal|Torkoal, L50, F|100/100\n|-weather|SunnyDay|[from] ability: Drought|[of] p1b: Torkoal\n|turn|7\n|c| Bluecz11|Ta para comer ya\n|\n|t:|1776358380\n|move|p1a: Araquanid|Leech Life|p2b: Drampa\n|-damage|p2b: Drampa|60/100 brn\n|-heal|p1a: Araquanid|90/100|[from] drain|[of] p2b: Drampa\n|move|p2b: Drampa|Hyper Voice|p1b: Torkoal|[spread] p1a,p1b\n|-damage|p1a: Araquanid|57/100\n|-damage|p1b: Torkoal|45/100\n|move|p1b: Torkoal|Eruption|p2b: Drampa\n|-resisted|p2b: Drampa|1\n|-crit|p2b: Drampa\n|-damage|p2b: Drampa|32/100 brn\n|-enditem|p2b: Drampa|Sitrus Berry|[eat]\n|-heal|p2b: Drampa|57/100 brn|[from] item: Sitrus Berry\n|\n|-weather|SunnyDay|[upkeep]\n|-damage|p2b: Drampa|51/100 brn|[from] brn\n|upkeep\n|turn|8\n|\n|t:|1776358404\n|move|p1a: Araquanid|Wide Guard|p1a: Araquanid\n|-singleturn|p1a: Araquanid|Wide Guard\n|move|p2b: Drampa|Hyper Voice|p1a: Araquanid|[spread] \n|-activate|p1a: Araquanid|move: Wide Guard\n|-activate|p1b: Torkoal|move: Wide Guard\n|move|p1b: Torkoal|Earth Power|p2b: Drampa\n|-damage|p2b: Drampa|23/100 brn\n|\n|-weather|SunnyDay|[upkeep]\n|-damage|p2b: Drampa|17/100 brn|[from] brn\n|upkeep\n|turn|9\n|c|\u2606jorginocoke|Vamos drampa\n|c|\u2606jorginocoke|Me cago en la puta\n|c| Bluecz11|Est\u00e1 ciego\n|\n|t:|1776358417\n|move|p1a: Araquanid|Leech Life|p2b: Drampa\n|-damage|p2b: Drampa|0 fnt\n|-heal|p1a: Araquanid|66/100|[from] drain|[of] p2b: Drampa\n|faint|p2b: Drampa\n|\n|win|TheKoopaBoy\n",
  "uploadtime": 1776358344,
  "views": 17,
  "formatid": "gen9championsvgc2026regma",
  "rating": null,
  "private": 0,
  "password": null
}