{
  "id": "gen9championsvgc2026regma-2581848875",
  "format": "[Gen 9 Champions] VGC 2026 Reg M-A",
  "players": [
    "gjnjjmkk",
    "gonegeb"
  ],
  "log": "|j|\u2606gjnjjmkk\n|j|\u2606gonegeb\n|t:|1776033465\n|gametype|doubles\n|player|p1|gjnjjmkk|169|1097\n|player|p2|gonegeb|corbeau|1120\n|gen|9\n|tier|[Gen 9 Champions] VGC 2026 Reg M-A\n|rated|\n|rule|Species Clause: Limit one of each Pok\u00e9mon\n|rule|Item Clause: Limit 1 of each item\n|clearpoke\n|poke|p1|Salazzle, L50, F|\n|poke|p1|Hydreigon, L50, F|\n|poke|p1|Corviknight, L50, F|\n|poke|p1|Rotom-Wash, L50|\n|poke|p1|Drampa, L50, F|\n|poke|p1|Slowking-Galar, L50, F|\n|poke|p2|Lucario, L50, M|\n|poke|p2|Umbreon, L50, M|\n|poke|p2|Arcanine, L50, F|\n|poke|p2|Ceruledge, L50, M|\n|poke|p2|Corviknight, L50, M|\n|poke|p2|Whimsicott, L50, F|\n|teampreview|4\n|\n|t:|1776033486\n|teamsize|p1|4\n|teamsize|p2|4\n|start\n|switch|p1a: Salazzle|Salazzle, L50, F|100/100\n|switch|p1b: Slowking|Slowking-Galar, L50, F|100/100\n|switch|p2a: Umbreon|Umbreon, L50, M, shiny|100/100\n|switch|p2b: Whimsicott|Whimsicott, L50, F, shiny|100/100\n|turn|1\n|\n|t:|1776033503\n|switch|p2b: Ceruledge|Ceruledge, L50, M|100/100\n|move|p1a: Salazzle|Fake Out|p2b: Ceruledge\n|-immune|p2b: Ceruledge\n|move|p2a: Umbreon|Yawn|p1a: Salazzle\n|-start|p1a: Salazzle|move: Yawn|[of] p2a: Umbreon\n|move|p1b: Slowking|Trick Room|p1b: Slowking\n|-fieldstart|move: Trick Room|[of] p1b: Slowking\n|\n|upkeep\n|turn|2\n|\n|t:|1776033519\n|switch|p1a: Rotom|Rotom-Wash, L50|100/100\n|move|p1b: Slowking|Sludge Bomb|p2a: Umbreon\n|-damage|p2a: Umbreon|72/100\n|move|p2a: Umbreon|Snarl|p1b: Slowking|[spread] p1a,p1b\n|-supereffective|p1b: Slowking|1\n|-damage|p1a: Rotom|91/100\n|-damage|p1b: Slowking|83/100\n|-unboost|p1a: Rotom|spa|1\n|-unboost|p1b: Slowking|spa|1\n|move|p2b: Ceruledge|Bulk Up|p2b: Ceruledge\n|-boost|p2b: Ceruledge|atk|1\n|-boost|p2b: Ceruledge|def|1\n|\n|-heal|p1b: Slowking|89/100|[from] item: Leftovers\n|-heal|p2a: Umbreon|78/100|[from] item: Leftovers\n|upkeep\n|turn|3\n|\n|t:|1776033537\n|move|p2b: Ceruledge|Protect|p2b: Ceruledge\n|-singleturn|p2b: Ceruledge|Protect\n|move|p1b: Slowking|Eerie Spell|p2b: Ceruledge\n|-activate|p2b: Ceruledge|move: Protect\n|move|p2a: Umbreon|Yawn|p1a: Rotom\n|-start|p1a: Rotom|move: Yawn|[of] p2a: Umbreon\n|move|p1a: Rotom|Hydro Pump|p2b: Ceruledge\n|-activate|p2b: Ceruledge|move: Protect\n|\n|-heal|p1b: Slowking|95/100|[from] item: Leftovers\n|-heal|p2a: Umbreon|84/100|[from] item: Leftovers\n|upkeep\n|turn|4\n|\n|t:|1776033564\n|move|p1b: Slowking|Eerie Spell|p2b: Ceruledge\n|-crit|p2b: Ceruledge\n|-damage|p2b: Ceruledge|62/100\n|-activate|p2b: Ceruledge|move: Eerie Spell|Protect|3\n|move|p2a: Umbreon|Snarl|p1a: Rotom|[spread] p1a,p1b\n|-supereffective|p1b: Slowking|1\n|-damage|p1a: Rotom|81/100\n|-damage|p1b: Slowking|78/100\n|-unboost|p1a: Rotom|spa|1\n|-unboost|p1b: Slowking|spa|1\n|move|p1a: Rotom|Hydro Pump|p2b: Ceruledge\n|-supereffective|p2b: Ceruledge|1\n|-damage|p2b: Ceruledge|26/100\n|move|p2b: Ceruledge|Bulk Up|p2b: Ceruledge\n|-boost|p2b: Ceruledge|atk|1\n|-boost|p2b: Ceruledge|def|1\n|\n|-heal|p1b: Slowking|83/100|[from] item: Leftovers\n|-heal|p2a: Umbreon|90/100|[from] item: Leftovers\n|-end|p1a: Rotom|move: Yawn|[silent]\n|-status|p1a: Rotom|slp\n|upkeep\n|turn|5\n|inactive|Battle timer is ON: inactive players will automatically lose when time's up. (requested by gjnjjmkk)\n|\n|t:|1776033674\n|switch|p1b: Salazzle|Salazzle, L50, F|100/100\n|cant|p1a: Rotom|slp\n|move|p2b: Ceruledge|Protect|p2b: Ceruledge\n|-singleturn|p2b: Ceruledge|Protect\n|move|p2a: Umbreon|Snarl|p1b: Salazzle|[spread] p1a,p1b\n|-damage|p1a: Rotom|72/100 slp\n|-damage|p1b: Salazzle|85/100\n|-unboost|p1a: Rotom|spa|1\n|-unboost|p1b: Salazzle|spa|1\n|\n|-heal|p2a: Umbreon|96/100|[from] item: Leftovers\n|-fieldend|move: Trick Room\n|upkeep\n|turn|6\n|\n|t:|1776033697\n|move|p1b: Salazzle|Sludge Bomb|p2b: Ceruledge\n|-resisted|p2b: Ceruledge|1\n|-damage|p2b: Ceruledge|16/100\n|move|p2b: Ceruledge|Bitter Blade|p1b: Salazzle\n|-resisted|p1b: Salazzle|1\n|-damage|p1b: Salazzle|25/100\n|-heal|p2b: Ceruledge|42/100|[from] drain|[of] p1b: Salazzle\n|-heal|p2b: Ceruledge|49/100|[from] item: Shell Bell|[of] p1b: Salazzle\n|cant|p1a: Rotom|slp\n|move|p2a: Umbreon|Snarl|p1b: Salazzle|[spread] p1a,p1b\n|-damage|p1a: Rotom|63/100 slp\n|-damage|p1b: Salazzle|9/100\n|-unboost|p1a: Rotom|spa|1\n|-unboost|p1b: Salazzle|spa|1\n|\n|-heal|p2a: Umbreon|100/100|[from] item: Leftovers\n|upkeep\n|turn|7\n|\n|t:|1776033714\n|move|p1b: Salazzle|Sludge Bomb|p2b: Ceruledge\n|-resisted|p2b: Ceruledge|1\n|-damage|p2b: Ceruledge|42/100\n|move|p2b: Ceruledge|Bitter Blade|p1a: Rotom\n|-resisted|p1a: Rotom|1\n|-damage|p1a: Rotom|22/100 slp\n|-heal|p2b: Ceruledge|58/100|[from] drain|[of] p1a: Rotom\n|-heal|p2b: Ceruledge|61/100|[from] item: Shell Bell|[of] p1a: Rotom\n|-curestatus|p1a: Rotom|slp|[msg]\n|move|p1a: Rotom|Hydro Pump|p2b: Ceruledge\n|-supereffective|p2b: Ceruledge|1\n|-damage|p2b: Ceruledge|37/100\n|move|p2a: Umbreon|Snarl|p1b: Salazzle|[spread] p1a,p1b\n|-damage|p1a: Rotom|13/100\n|-damage|p1b: Salazzle|0 fnt\n|-unboost|p1a: Rotom|spa|1\n|faint|p1b: Salazzle\n|\n|upkeep\n|-message|gjnjjmkk forfeited.\n|\n|win|gonegeb\n|raw|gjnjjmkk's rating: 1097 &rarr; <strong>1074</strong><br />(-23 for losing)\n|raw|gonegeb's rating: 1120 &rarr; <strong>1143</strong><br />(+23 for winning)\n|l|\u2606gjnjjmkk\n|player|p1|\n",
  "uploadtime": 1776033730,
  "views": 19,
  "formatid": "gen9championsvgc2026regma",
  "rating": 1074,
  "private": 0,
  "password": null
}