{
  "id": "gen9championsvgc2026regma-2582960449",
  "format": "[Gen 9 Champions] VGC 2026 Reg M-A",
  "players": [
    "SlyveonGxx",
    "Nixstar22"
  ],
  "log": "|j|\u2606SlyveonGxx\n|j|\u2606Nixstar22\n|t:|1776128650\n|gametype|doubles\n|player|p1|SlyveonGxx|lady-gen4|1098\n|player|p2|Nixstar22|265|1062\n|gen|9\n|tier|[Gen 9 Champions] VGC 2026 Reg M-A\n|rated|\n|rule|Species Clause: Limit one of each Pok\u00e9mon\n|rule|Item Clause: Limit 1 of each item\n|clearpoke\n|poke|p1|Charizard, L50, F|\n|poke|p1|Venusaur, L50, M|\n|poke|p1|Sylveon, L50, F|\n|poke|p1|Drampa, L50, F|\n|poke|p1|Skeledirge, L50, F|\n|poke|p1|Goodra-Hisui, L50, M|\n|poke|p2|Dragonite, L50, M|\n|poke|p2|Archaludon, L50, M|\n|poke|p2|Basculegion, L50, M|\n|poke|p2|Pelipper, L50, F|\n|poke|p2|Incineroar, L50, M|\n|poke|p2|Meganium, L50, M|\n|teampreview|4\n|\n|t:|1776128690\n|teamsize|p1|4\n|teamsize|p2|4\n|start\n|switch|p1a: Drampa|Drampa, L50, F|100/100\n|switch|p1b: Goodra|Goodra-Hisui, L50, M|100/100\n|switch|p2a: Basculegion|Basculegion, L50, M, shiny|100/100\n|switch|p2b: Incineroar|Incineroar, L50, M|100/100\n|-ability|p2b: Incineroar|Intimidate|boost\n|-unboost|p1a: Drampa|atk|1\n|-unboost|p1b: Goodra|atk|1\n|-ability|p1a: Drampa|Cloud Nine\n|turn|1\n|inactive|Battle timer is ON: inactive players will automatically lose when time's up. (requested by SlyveonGxx)\n|\n|t:|1776128707\n|move|p2b: Incineroar|Fake Out|p1a: Drampa\n|-damage|p1a: Drampa|85/100\n|move|p2a: Basculegion|Flip Turn|p1a: Drampa\n|-resisted|p1a: Drampa|1\n|-crit|p1a: Drampa\n|-damage|p1a: Drampa|53/100\n|\n|t:|1776128720\n|switch|p2a: Wissam|Dragonite, L50, M|100/100|[from] Flip Turn\n|move|p1b: Goodra|Breaking Swipe|p2a: Wissam|[spread] p2a,p2b\n|-supereffective|p2a: Wissam|1\n|-damage|p2a: Wissam|83/100\n|-damage|p2b: Incineroar|92/100\n|-unboost|p2a: Wissam|atk|1\n|-unboost|p2b: Incineroar|atk|1\n|cant|p1a: Drampa|flinch\n|\n|upkeep\n|turn|2\n|\n|t:|1776128740\n|detailschange|p2a: Wissam|Dragonite-Mega, L50, M\n|-mega|p2a: Wissam|Dragonite|Dragoninite\n|move|p1a: Drampa|Protect|p1a: Drampa\n|-singleturn|p1a: Drampa|Protect\n|move|p2a: Wissam|Dragon Claw|p1a: Drampa\n|-activate|p1a: Drampa|move: Protect\n|move|p2b: Incineroar|Parting Shot|p1b: Goodra\n|-unboost|p1b: Goodra|atk|1\n|-unboost|p1b: Goodra|spa|1\n|\n|t:|1776128757\n|switch|p2b: Basculegion|Basculegion, L50, M, shiny|100/100|[from] Parting Shot\n|move|p1b: Goodra|Ancient Power|p2a: Wissam\n|-supereffective|p2a: Wissam|1\n|-damage|p2a: Wissam|68/100\n|\n|upkeep\n|turn|3\n|\n|t:|1776128778\n|move|p2b: Basculegion|Flip Turn|p1a: Drampa\n|-resisted|p1a: Drampa|1\n|-crit|p1a: Drampa\n|-damage|p1a: Drampa|19/100\n|\n|t:|1776128783\n|switch|p2b: Pelipper|Pelipper, L50, F|100/100|[from] Flip Turn\n|-weather|RainDance|[from] ability: Drizzle|[of] p2b: Pelipper\n|move|p2a: Wissam|Dragon Claw|p1a: Drampa\n|-supereffective|p1a: Drampa|1\n|-damage|p1a: Drampa|0 fnt\n|faint|p1a: Drampa\n|move|p1b: Goodra|Breaking Swipe|p2b: Pelipper|[spread] p2a,p2b\n|-supereffective|p2a: Wissam|1\n|-damage|p2a: Wissam|55/100\n|-damage|p2b: Pelipper|92/100\n|-unboost|p2a: Wissam|atk|1\n|-unboost|p2b: Pelipper|atk|1\n|\n|-weather|RainDance|[upkeep]\n|upkeep\n|\n|t:|1776128787\n|switch|p1a: Charizard|Charizard, L50, F|100/100\n|turn|4\n|\n|t:|1776128808\n|detailschange|p1a: Charizard|Charizard-Mega-Y, L50, F\n|-mega|p1a: Charizard|Charizard|Charizardite Y\n|-weather|SunnyDay|[from] ability: Drought|[of] p1a: Charizard\n|move|p1a: Charizard|Protect|p1a: Charizard\n|-singleturn|p1a: Charizard|Protect\n|move|p2a: Wissam|Dragon Claw|p1b: Goodra|[miss]\n|-miss|p2a: Wissam|p1b: Goodra\n|move|p2b: Pelipper|Weather Ball|p1b: Goodra\n|-damage|p1b: Goodra|80/100\n|move|p1b: Goodra|Body Press|p2a: Wissam\n|-resisted|p2a: Wissam|1\n|-damage|p2a: Wissam|47/100\n|\n|-weather|SunnyDay|[upkeep]\n|upkeep\n|turn|5\n|\n|t:|1776128831\n|switch|p2a: Incineroar|Incineroar, L50, M|92/100\n|-ability|p2a: Incineroar|Intimidate|boost\n|-unboost|p1a: Charizard|atk|1\n|-unboost|p1b: Goodra|atk|1\n|move|p1a: Charizard|Heat Wave|p2a: Incineroar|[spread] p2a,p2b\n|-resisted|p2a: Incineroar|1\n|-resisted|p2b: Pelipper|1\n|-damage|p2a: Incineroar|59/100\n|-damage|p2b: Pelipper|50/100\n|-status|p2b: Pelipper|brn\n|move|p2b: Pelipper|Tailwind|p2b: Pelipper\n|-sidestart|p2: Nixstar22|move: Tailwind\n|move|p1b: Goodra|Breaking Swipe|p2b: Pelipper|[spread] p2a,p2b\n|-damage|p2a: Incineroar|53/100\n|-damage|p2b: Pelipper|44/100 brn\n|-unboost|p2a: Incineroar|atk|1\n|-unboost|p2b: Pelipper|atk|1\n|\n|-weather|SunnyDay|[upkeep]\n|-damage|p2b: Pelipper|38/100 brn|[from] brn\n|upkeep\n|turn|6\n|inactive|Nixstar22 has 30 seconds left.\n|\n|t:|1776128858\n|switch|p2b: Wissam|Dragonite-Mega, L50, M|47/100\n|switch|p1b: Venusaur|Venusaur, L50, M|100/100\n|move|p2a: Incineroar|Fake Out|p1a: Charizard\n|-damage|p1a: Charizard|87/100\n|cant|p1a: Charizard|flinch\n|\n|-weather|SunnyDay|[upkeep]\n|upkeep\n|turn|7\n|inactive|SlyveonGxx has 30 seconds left.\n|\n|t:|1776128892\n|switch|p1a: Goodra|Goodra-Hisui, L50, M|80/100\n|move|p1b: Venusaur|Growth|p1b: Venusaur\n|-boost|p1b: Venusaur|atk|2\n|-boost|p1b: Venusaur|spa|2\n|move|p2b: Wissam|Roost|p2b: Wissam\n|-heal|p2b: Wissam|97/100\n|-singleturn|p2b: Wissam|move: Roost\n|move|p2a: Incineroar|Parting Shot|p1b: Venusaur\n|-unboost|p1b: Venusaur|atk|1\n|-unboost|p1b: Venusaur|spa|1\n|\n|t:|1776128903\n|switch|p2a: Pelipper|Pelipper, L50, F|38/100 brn|[from] Parting Shot\n|-weather|RainDance|[from] ability: Drizzle|[of] p2a: Pelipper\n|\n|-weather|RainDance|[upkeep]\n|-damage|p2a: Pelipper|32/100 brn|[from] brn\n|upkeep\n|turn|8\n|\n|t:|1776128919\n|move|p2b: Wissam|Dragon Claw|p1a: Goodra\n|-damage|p1a: Goodra|44/100\n|-ability|p1a: Goodra|Gooey\n|-unboost|p2b: Wissam|spe|1\n|move|p2a: Pelipper|Hurricane|p1b: Venusaur\n|-supereffective|p1b: Venusaur|1\n|-damage|p1b: Venusaur|23/100\n|move|p1b: Venusaur|Giga Drain|p2a: Pelipper\n|-damage|p2a: Pelipper|0 fnt\n|-heal|p1b: Venusaur|39/100|[from] drain|[of] p2a: Pelipper\n|faint|p2a: Pelipper\n|move|p1a: Goodra|Ancient Power|p2b: Wissam\n|-supereffective|p2b: Wissam|1\n|-damage|p2b: Wissam|75/100\n|\n|-weather|RainDance|[upkeep]\n|-heal|p1b: Venusaur|44/100|[from] item: Leftovers\n|-sideend|p2: Nixstar22|move: Tailwind\n|upkeep\n|\n|t:|1776128929\n|switch|p2a: Basculegion|Basculegion, L50, M, shiny|100/100\n|turn|9\n|inactive|SlyveonGxx has 30 seconds left.\n|\n|t:|1776128956\n|switch|p1a: Charizard|Charizard-Mega-Y, L50, F|87/100\n|-weather|SunnyDay|[from] ability: Drought|[of] p1a: Charizard\n|move|p1b: Venusaur|Synthesis|p1b: Venusaur\n|-heal|p1b: Venusaur|100/100\n|move|p2a: Basculegion|Flip Turn|p1a: Charizard\n|-supereffective|p1a: Charizard|1\n|-damage|p1a: Charizard|38/100\n|\n|t:|1776128964\n|switch|p2a: Incineroar|Incineroar, L50, M|53/100|[from] Flip Turn\n|-ability|p2a: Incineroar|Intimidate|boost\n|-unboost|p1a: Charizard|atk|1\n|-unboost|p1b: Venusaur|atk|1\n|move|p2b: Wissam|Dragon Claw|p1b: Venusaur\n|-damage|p1b: Venusaur|51/100\n|\n|-weather|SunnyDay|[upkeep]\n|-heal|p1b: Venusaur|57/100|[from] item: Leftovers\n|upkeep\n|turn|10\n|inactive|SlyveonGxx has 30 seconds left.\n|\n|t:|1776128990\n|move|p1b: Venusaur|Giga Drain|p2b: Wissam\n|-resisted|p2b: Wissam|2\n|-damage|p2b: Wissam|68/100\n|-heal|p1b: Venusaur|61/100|[from] drain|[of] p2b: Wissam\n|move|p1a: Charizard|Scorching Sands|p2a: Incineroar\n|-supereffective|p2a: Incineroar|1\n|-damage|p2a: Incineroar|4/100\n|-enditem|p2a: Incineroar|Sitrus Berry|[eat]\n|-heal|p2a: Incineroar|28/100|[from] item: Sitrus Berry\n|move|p2b: Wissam|Dragon Claw|p1a: Charizard\n|-damage|p1a: Charizard|0 fnt\n|faint|p1a: Charizard\n|move|p2a: Incineroar|Flare Blitz|p1b: Venusaur\n|-supereffective|p1b: Venusaur|1\n|-damage|p1b: Venusaur|0 fnt\n|faint|p1b: Venusaur\n|-damage|p2a: Incineroar|12/100|[from] Recoil\n|\n|-weather|SunnyDay|[upkeep]\n|upkeep\n|\n|t:|1776129011\n|switch|p1b: Goodra|Goodra-Hisui, L50, M|44/100\n|turn|11\n|-message|SlyveonGxx forfeited.\n|\n|win|Nixstar22\n|raw|SlyveonGxx's rating: 1098 &rarr; <strong>1071</strong><br />(-27 for losing)\n|raw|Nixstar22's rating: 1062 &rarr; <strong>1096</strong><br />(+34 for winning)\n|l|\u2606SlyveonGxx\n|player|p1|\n",
  "uploadtime": 1776129256,
  "views": 17,
  "formatid": "gen9championsvgc2026regma",
  "rating": 1071,
  "private": 0,
  "password": null
}