{
  "id": "gen9championsvgc2026regma-2581064735",
  "format": "[Gen 9 Champions] VGC 2026 Reg M-A",
  "players": [
    "SleepyPumpk1n",
    "Cuervo297"
  ],
  "log": "|j|\u2606SleepyPumpk1n\n|j|\u2606Cuervo297\n|t:|1775956517\n|gametype|doubles\n|player|p1|SleepyPumpk1n|red-masters3|1067\n|player|p2|Cuervo297|102|1049\n|gen|9\n|tier|[Gen 9 Champions] VGC 2026 Reg M-A\n|rated|\n|rule|Species Clause: Limit one of each Pok\u00e9mon\n|rule|Item Clause: Limit 1 of each item\n|clearpoke\n|poke|p1|Meowstic, L50, M|\n|poke|p1|Hatterene, L50, F|\n|poke|p1|Gallade, L50, M|\n|poke|p1|Armarouge, L50, F|\n|poke|p1|Starmie, L50|\n|poke|p1|Chimecho, L50, F|\n|poke|p2|Greninja-*, L50, M|\n|poke|p2|Pelipper, L50, F|\n|poke|p2|Archaludon, L50, M|\n|poke|p2|Kingambit, L50, F|\n|poke|p2|Venusaur, L50, M|\n|poke|p2|Basculegion, L50, M|\n|teampreview|4\n|inactive|Battle timer is ON: inactive players will automatically lose when time's up. (requested by SleepyPumpk1n)\n|\n|t:|1775956540\n|teamsize|p1|4\n|teamsize|p2|4\n|start\n|switch|p1a: Meowstic|Meowstic, L50, M|100/100\n|switch|p1b: Starmie|Starmie, L50|100/100\n|switch|p2a: Greninja|Greninja, L50, M|100/100\n|switch|p2b: Archaludon|Archaludon, L50, M|100/100\n|turn|1\n|inactive|SleepyPumpk1n has 30 seconds left.\n|\n|t:|1775956567\n|detailschange|p2a: Greninja|Greninja-Mega, L50, M\n|-mega|p2a: Greninja|Greninja|Greninjite\n|detailschange|p1b: Starmie|Starmie-Mega, L50\n|-mega|p1b: Starmie|Starmie|Starminite\n|move|p1a: Meowstic|Fake Out|p2a: Greninja\n|-damage|p2a: Greninja|93/100\n|cant|p2a: Greninja|flinch\n|move|p1b: Starmie|Zen Headbutt|p2b: Archaludon\n|-resisted|p2b: Archaludon|1\n|-damage|p2b: Archaludon|68/100\n|-ability|p2b: Archaludon|Stamina|boost\n|-boost|p2b: Archaludon|def|1\n|cant|p2b: Archaludon|flinch\n|\n|upkeep\n|turn|2\n|inactive|SleepyPumpk1n has 30 seconds left.\n|inactive|Cuervo297 has 30 seconds left.\n|inactive|SleepyPumpk1n has 20 seconds left.\n|inactive|Cuervo297 has 20 seconds left.\n|inactive|SleepyPumpk1n has 15 seconds left.\n|\n|t:|1775956608\n|move|p1a: Meowstic|Psychic Terrain|p1a: Meowstic\n|-fieldstart|move: Psychic Terrain\n|move|p2a: Greninja|Dark Pulse|p1b: Starmie\n|-start|p2a: Greninja|typechange|Dark|[from] ability: Protean\n|-supereffective|p1b: Starmie|1\n|-damage|p1b: Starmie|3/100\n|cant|p1b: Starmie|flinch\n|move|p2b: Archaludon|Flash Cannon|p1a: Meowstic\n|-damage|p1a: Meowstic|54/100\n|-unboost|p1a: Meowstic|spd|1\n|\n|upkeep\n|turn|3\n|inactive|SleepyPumpk1n has 30 seconds left.\n|\n|t:|1775956640\n|move|p2a: Greninja|Sludge Wave|p1a: Meowstic|[spread] p1a,p1b\n|-immune|p2b: Archaludon\n|-damage|p1a: Meowstic|7/100\n|-damage|p1b: Starmie|0 fnt\n|faint|p1b: Starmie\n|move|p2b: Archaludon|Flash Cannon|p1a: Meowstic\n|-damage|p1a: Meowstic|0 fnt\n|faint|p1a: Meowstic\n|\n|upkeep\n|\n|t:|1775956647\n|switch|p1b: Hatterene|Hatterene, L50, F|100/100\n|switch|p1a: Gallade|Gallade, L50, M, shiny|100/100\n|turn|4\n|\n|t:|1775956663\n|switch|p2a: Pelipper|Pelipper, L50, F|100/100\n|-weather|RainDance|[from] ability: Drizzle|[of] p2a: Pelipper\n|move|p2b: Archaludon|Electro Shot||[still]\n|-prepare|p2b: Archaludon|Electro Shot\n|-boost|p2b: Archaludon|spa|1\n|-anim|p2b: Archaludon|Electro Shot|p1b: Hatterene\n|-damage|p1b: Hatterene|34/100\n|-enditem|p1b: Hatterene|Sitrus Berry|[eat]\n|-heal|p1b: Hatterene|59/100|[from] item: Sitrus Berry\n|move|p1a: Gallade|Sacred Sword|p2a: Pelipper\n|-resisted|p2a: Pelipper|1\n|-damage|p2a: Pelipper|72/100\n|move|p1b: Hatterene|Trick Room|p1b: Hatterene\n|-fieldstart|move: Trick Room|[of] p1b: Hatterene\n|\n|-weather|RainDance|[upkeep]\n|upkeep\n|turn|5\n|inactive|Cuervo297 has 30 seconds left.\n|inactive|Cuervo297 has 20 seconds left.\n|\n|t:|1775956703\n|move|p1b: Hatterene|Dazzling Gleam|p2b: Archaludon|[spread] p2a,p2b\n|-damage|p2a: Pelipper|24/100\n|-damage|p2b: Archaludon|20/100\n|-ability|p2b: Archaludon|Stamina|boost\n|-boost|p2b: Archaludon|def|1\n|-enditem|p2b: Archaludon|Sitrus Berry|[eat]\n|-heal|p2b: Archaludon|45/100|[from] item: Sitrus Berry\n|move|p2a: Pelipper|Hurricane|p1a: Gallade\n|-supereffective|p1a: Gallade|1\n|-damage|p1a: Gallade|20/100\n|move|p1a: Gallade|Sacred Sword|p2b: Archaludon\n|-supereffective|p2b: Archaludon|1\n|-damage|p2b: Archaludon|0 fnt\n|faint|p2b: Archaludon\n|\n|-weather|RainDance|[upkeep]\n|upkeep\n|\n|t:|1775956720\n|switch|p2b: Kingambit|Kingambit, L50, F|100/100\n|turn|6\n|\n|t:|1775956738\n|move|p2b: Kingambit|Sucker Punch|p1a: Gallade\n|-activate|p1a: Gallade|move: Psychic Terrain\n|move|p1b: Hatterene|Dazzling Gleam|p2a: Pelipper|[spread] p2a,p2b\n|-damage|p2a: Pelipper|0 fnt\n|-damage|p2b: Kingambit|62/100\n|faint|p2a: Pelipper\n|move|p1a: Gallade|Sacred Sword|p2b: Kingambit\n|-supereffective|p2b: Kingambit|2\n|-damage|p2b: Kingambit|0 fnt\n|faint|p2b: Kingambit\n|\n|-weather|RainDance|[upkeep]\n|-fieldend|move: Psychic Terrain\n|upkeep\n|\n|t:|1775956745\n|switch|p2b: Greninja|Greninja-Mega, L50, M|93/100\n|turn|7\n|\n|t:|1775956748\n|move|p2b: Greninja|Protect|p2b: Greninja\n|-start|p2b: Greninja|typechange|Normal|[from] ability: Protean\n|-singleturn|p2b: Greninja|Protect\n|move|p1b: Hatterene|Dazzling Gleam|p2b: Greninja\n|-activate|p2b: Greninja|move: Protect\n|move|p1a: Gallade|Sacred Sword|p2b: Greninja\n|-activate|p2b: Greninja|move: Protect\n|\n|-weather|RainDance|[upkeep]\n|upkeep\n|turn|8\n|\n|t:|1775956753\n|move|p2b: Greninja|Protect||[still]\n|-fail|p2b: Greninja\n|move|p1b: Hatterene|Dazzling Gleam|p2b: Greninja\n|-damage|p2b: Greninja|36/100\n|move|p1a: Gallade|Sacred Sword|p2b: Greninja\n|-supereffective|p2b: Greninja|1\n|-damage|p2b: Greninja|0 fnt\n|faint|p2b: Greninja\n|\n|win|SleepyPumpk1n\n|raw|SleepyPumpk1n's rating: 1067 &rarr; <strong>1095</strong><br />(+28 for winning)\n|raw|Cuervo297's rating: 1049 &rarr; <strong>1033</strong><br />(-16 for losing)\n|l|\u2606Cuervo297\n|player|p2|\n",
  "uploadtime": 1775956762,
  "views": 19,
  "formatid": "gen9championsvgc2026regma",
  "rating": 1033,
  "private": 0,
  "password": null
}