{
  "id": "gen9championsvgc2026regma-2582922155",
  "format": "[Gen 9 Champions] VGC 2026 Reg M-A",
  "players": [
    "Menrad",
    "chargem13"
  ],
  "log": "|j|\u2606Menrad\n|j|\u2606chargem13\n|html|<table width=\"100%\"><tr><td align=\"left\">Menrad</td><td align=\"right\">chargem13</tr><tr><td align=\"left\"><i class=\"fa fa-circle-o\"></i> <i class=\"fa fa-circle-o\"></i> </td><td align=\"right\"><i class=\"fa fa-circle-o\"></i> <i class=\"fa fa-circle-o\"></i> </tr></table>\n|uhtml|bestof|<h2><strong>Game 1</strong> of <a href=\"/game-bestof3-gen9championsvgc2026regma-2582922154\">a best-of-3</a></h2>\n|t:|1776125239\n|gametype|doubles\n|player|p1|Menrad|benga|\n|player|p2|chargem13|aaron|\n|gen|9\n|tier|[Gen 9 Champions] VGC 2026 Reg M-A\n|rule|Species Clause: Limit one of each Pok\u00e9mon\n|rule|Item Clause: Limit 1 of each item\n|raw|<div class=\"infobox\"><details class=\"readmore\" open><summary><strong>1 custom rule:</strong></summary> Best of = 3</details></div>\n|clearpoke\n|poke|p1|Altaria, L50, F|\n|poke|p1|Polteageist, L50|\n|poke|p1|Maushold, L50|\n|poke|p1|Sneasler, L50, F|\n|poke|p1|Talonflame, L50, F|\n|poke|p1|Excadrill, L50, M|\n|poke|p2|Arcanine, L50, M|\n|poke|p2|Rotom-Wash, L50|\n|poke|p2|Gardevoir, L50, F|\n|poke|p2|Garchomp, L50, F|\n|poke|p2|Sinistcha, L50|\n|poke|p2|Tyranitar, L50, M|\n|teampreview|4\n|inactive|Battle timer is ON: inactive players will automatically lose when time's up. (requested by Menrad)\n|inactive|Menrad has 60 seconds left.\n|\n|t:|1776125284\n|teamsize|p1|4\n|teamsize|p2|4\n|start\n|switch|p1a: Polteageist|Polteageist, L50|100/100\n|switch|p1b: Maushold|Maushold, L50|100/100\n|switch|p2a: Gardevoir|Gardevoir, L50, F|100/100\n|switch|p2b: Tyranitar|Tyranitar, L50, M|100/100\n|-weather|Sandstorm|[from] ability: Sand Stream|[of] p2b: Tyranitar\n|turn|1\n|inactive|chargem13 has 30 seconds left.\n|inactiveoff|Battle timer is now OFF.\n|\n|t:|1776125326\n|detailschange|p2a: Gardevoir|Gardevoir-Mega, L50, F\n|-mega|p2a: Gardevoir|Gardevoir|Gardevoirite\n|move|p1b: Maushold|Follow Me|p1b: Maushold\n|-singleturn|p1b: Maushold|move: Follow Me\n|move|p1a: Polteageist|Shell Smash|p1a: Polteageist\n|-unboost|p1a: Polteageist|def|1\n|-unboost|p1a: Polteageist|spd|1\n|-boost|p1a: Polteageist|atk|2\n|-boost|p1a: Polteageist|spa|2\n|-boost|p1a: Polteageist|spe|2\n|-enditem|p1a: Polteageist|White Herb\n|-clearnegativeboost|p1a: Polteageist|[silent]\n|move|p2b: Tyranitar|Knock Off|p1b: Maushold\n|-damage|p1b: Maushold|29/100\n|-enditem|p1b: Maushold|Mental Herb|[from] move: Knock Off|[of] p2b: Tyranitar\n|move|p2a: Gardevoir|Trick Room|p2a: Gardevoir\n|-fieldstart|move: Trick Room|[of] p2a: Gardevoir\n|\n|-weather|Sandstorm|[upkeep]\n|-damage|p2a: Gardevoir|95/100|[from] Sandstorm\n|-damage|p1b: Maushold|23/100|[from] Sandstorm\n|-damage|p1a: Polteageist|95/100|[from] Sandstorm\n|upkeep\n|turn|2\n|\n|t:|1776125385\n|move|p2b: Tyranitar|Rock Slide|p1b: Maushold|[spread] p1a\n|-miss|p2b: Tyranitar|p1b: Maushold\n|-damage|p1a: Polteageist|55/100\n|move|p2a: Gardevoir|Hyper Voice|p1b: Maushold|[spread] p1a,p1b\n|-damage|p1a: Polteageist|26/100\n|-damage|p1b: Maushold|0 fnt\n|faint|p1b: Maushold\n|move|p1a: Polteageist|Giga Drain|p2b: Tyranitar\n|-supereffective|p2b: Tyranitar|1\n|-damage|p2b: Tyranitar|54/100\n|-heal|p1a: Polteageist|54/100|[from] drain|[of] p2b: Tyranitar\n|\n|-weather|Sandstorm|[upkeep]\n|-damage|p2a: Gardevoir|89/100|[from] Sandstorm\n|-damage|p1a: Polteageist|48/100|[from] Sandstorm\n|upkeep\n|\n|t:|1776125423\n|switch|p1b: Excadrill|Excadrill, L50, M|100/100\n|turn|3\n|\n|t:|1776125458\n|move|p2a: Gardevoir|Protect|p2a: Gardevoir\n|-singleturn|p2a: Gardevoir|Protect\n|move|p2b: Tyranitar|Low Kick|p1b: Excadrill\n|-supereffective|p1b: Excadrill|1\n|-damage|p1b: Excadrill|29/100\n|move|p1a: Polteageist|Baton Pass|p1a: Polteageist\n|\n|t:|1776125466\n|switch|p1a: Altaria|Altaria, L50, F|100/100|[from] Baton Pass\n|-ability|p1a: Altaria|Cloud Nine\n|move|p1b: Excadrill|Iron Head|p2b: Tyranitar\n|-supereffective|p2b: Tyranitar|1\n|-damage|p2b: Tyranitar|0 fnt\n|faint|p2b: Tyranitar\n|\n|-weather|Sandstorm|[upkeep]\n|upkeep\n|\n|t:|1776125521\n|switch|p2b: Garchomp|Garchomp, L50, F|100/100\n|turn|4\n|\n|t:|1776125558\n|detailschange|p1a: Altaria|Altaria-Mega, L50, F\n|-mega|p1a: Altaria|Altaria|Altarianite\n|move|p2a: Gardevoir|Hyper Voice|p1a: Altaria|[spread] p1a,p1b\n|-supereffective|p1a: Altaria|1\n|-resisted|p1b: Excadrill|1\n|-damage|p1a: Altaria|0 fnt\n|-damage|p1b: Excadrill|0 fnt\n|faint|p1a: Altaria\n|faint|p1b: Excadrill\n|move|p2b: Garchomp|Dragon Claw|p1: Altaria|[notarget]\n|-fail|p2b: Garchomp\n|\n|-weather|Sandstorm|[upkeep]\n|-damage|p2a: Gardevoir|83/100|[from] Sandstorm\n|upkeep\n|\n|t:|1776125568\n|switch|p1b: Polteageist|Polteageist, L50|48/100\n|turn|5\n|\n|t:|1776125623\n|move|p1b: Polteageist|Shadow Ball|p2a: Gardevoir\n|-supereffective|p2a: Gardevoir|1\n|-damage|p2a: Gardevoir|32/100\n|move|p2a: Gardevoir|Psyshock|p1b: Polteageist\n|-damage|p1b: Polteageist|0 fnt\n|faint|p1b: Polteageist\n|\n|win|chargem13\n|inactive|Menrad has 30 seconds to confirm battle start!\n|inactive|chargem13 has 30 seconds to confirm battle start!\n||chargem13 is ready for game 2.\n",
  "uploadtime": 1776125631,
  "views": 10,
  "formatid": "gen9championsvgc2026regma",
  "rating": null,
  "private": 0,
  "password": null
}