{
  "id": "gen9championsvgc2026regma-2582655445",
  "format": "[Gen 9 Champions] VGC 2026 Reg M-A",
  "players": [
    "Zodiac11522",
    "djungelskog24"
  ],
  "log": "|j|\u2606Zodiac11522\n|j|\u2606djungelskog24\n|t:|1776105280\n|gametype|doubles\n|player|p1|Zodiac11522|266|1048\n|player|p2|djungelskog24|170|1122\n|gen|9\n|tier|[Gen 9 Champions] VGC 2026 Reg M-A\n|rated|\n|rule|Species Clause: Limit one of each Pok\u00e9mon\n|rule|Item Clause: Limit 1 of each item\n|clearpoke\n|poke|p1|Clefable, L50, F|\n|poke|p1|Garchomp, L50, F|\n|poke|p1|Incineroar, L50, M|\n|poke|p1|Empoleon, L50, F|\n|poke|p1|Froslass, L50, F|\n|poke|p1|Aerodactyl, L50, F|\n|poke|p2|Delphox, L50, F|\n|poke|p2|Floette-Eternal, L50, F|\n|poke|p2|Sneasler, L50, M|\n|poke|p2|Incineroar, L50, M|\n|poke|p2|Garchomp, L50, F|\n|poke|p2|Kingambit, L50, F|\n|teampreview|4\n|inactive|Battle timer is ON: inactive players will automatically lose when time's up. (requested by djungelskog24)\n|\n|t:|1776105310\n|teamsize|p1|4\n|teamsize|p2|4\n|start\n|switch|p1a: Aerodactyl|Aerodactyl, L50, F|100/100\n|switch|p1b: Garchomp|Garchomp, L50, F|100/100\n|switch|p2a: Sneasler|Sneasler, L50, M|100/100\n|switch|p2b: Kingambit|Kingambit, L50, F|100/100\n|-ability|p1a: Aerodactyl|Unnerve\n|turn|1\n|\n|t:|1776105334\n|move|p2b: Kingambit|Sucker Punch||[still]\n|-fail|p2b: Kingambit\n|move|p1a: Aerodactyl|Tailwind|p1a: Aerodactyl\n|-sidestart|p1: Zodiac11522|move: Tailwind\n|move|p1b: Garchomp|Earthquake|p2a: Sneasler|[spread] p2a,p2b\n|-immune|p1a: Aerodactyl\n|-supereffective|p2a: Sneasler|1\n|-supereffective|p2b: Kingambit|1\n|-enditem|p2a: Sneasler|Focus Sash\n|-damage|p2a: Sneasler|1/100\n|-damage|p2b: Kingambit|47/100\n|move|p2a: Sneasler|Close Combat|p1b: Garchomp\n|-damage|p1b: Garchomp|39/100\n|-unboost|p2a: Sneasler|def|1\n|-unboost|p2a: Sneasler|spd|1\n|\n|upkeep\n|turn|2\n|inactive|Zodiac11522 has 30 seconds left.\n|\n|t:|1776105368\n|move|p1a: Aerodactyl|Protect|p1a: Aerodactyl\n|-singleturn|p1a: Aerodactyl|Protect\n|move|p2a: Sneasler|Protect|p2a: Sneasler\n|-singleturn|p2a: Sneasler|Protect\n|move|p2b: Kingambit|Sucker Punch|p1b: Garchomp\n|-damage|p1b: Garchomp|1/100\n|move|p1b: Garchomp|Earthquake|p2a: Sneasler|[spread] p2b\n|-activate|p1a: Aerodactyl|move: Protect\n|-activate|p2a: Sneasler|move: Protect\n|-supereffective|p2b: Kingambit|1\n|-damage|p2b: Kingambit|0 fnt\n|faint|p2b: Kingambit\n|\n|upkeep\n|\n|t:|1776105387\n|switch|p2b: Floette|Floette-Eternal, L50, F|100/100\n|turn|3\n|\n|t:|1776105403\n|switch|p2a: Garchomp|Garchomp, L50, F|100/100\n|detailschange|p2b: Floette|Floette-Mega, L50, F\n|-mega|p2b: Floette|Floette|Floettite\n|-ability|p2b: Floette|Fairy Aura\n|move|p1a: Aerodactyl|Dual Wingbeat|p2a: Garchomp\n|-damage|p2a: Garchomp|85/100\n|-damage|p1a: Aerodactyl|88/100|[from] ability: Rough Skin|[of] p2a: Garchomp\n|-damage|p2a: Garchomp|68/100\n|-damage|p1a: Aerodactyl|76/100|[from] ability: Rough Skin|[of] p2a: Garchomp\n|-hitcount|p2a: Garchomp|2\n|move|p1b: Garchomp|Iron Head|p2b: Floette\n|-supereffective|p2b: Floette|1\n|-damage|p2b: Floette|41/100\n|cant|p2b: Floette|flinch\n|\n|-heal|p2a: Garchomp|74/100|[from] item: Leftovers\n|upkeep\n|turn|4\n|\n|t:|1776105424\n|move|p2b: Floette|Protect|p2b: Floette\n|-singleturn|p2b: Floette|Protect\n|move|p2a: Garchomp|Protect|p2a: Garchomp\n|-singleturn|p2a: Garchomp|Protect\n|move|p1a: Aerodactyl|Stone Edge|p2b: Floette\n|-activate|p2b: Floette|move: Protect\n|move|p1b: Garchomp|Iron Head|p2b: Floette\n|-activate|p2b: Floette|move: Protect\n|\n|-heal|p2a: Garchomp|80/100|[from] item: Leftovers\n|-sideend|p1: Zodiac11522|move: Tailwind\n|upkeep\n|turn|5\n|\n|t:|1776105439\n|move|p1a: Aerodactyl|Tailwind|p1a: Aerodactyl\n|-sidestart|p1: Zodiac11522|move: Tailwind\n|move|p1b: Garchomp|Earthquake|p2a: Garchomp|[spread] p2a,p2b\n|-immune|p1a: Aerodactyl\n|-damage|p2a: Garchomp|46/100\n|-damage|p2b: Floette|0 fnt\n|faint|p2b: Floette\n|move|p2a: Garchomp|Rock Slide|p1a: Aerodactyl|[spread] p1a\n|-miss|p2a: Garchomp|p1b: Garchomp\n|-supereffective|p1a: Aerodactyl|1\n|-damage|p1a: Aerodactyl|10/100\n|\n|-heal|p2a: Garchomp|52/100|[from] item: Leftovers\n|upkeep\n|-message|djungelskog24 forfeited.\n|\n|win|Zodiac11522\n|raw|Zodiac11522's rating: 1048 &rarr; <strong>1088</strong><br />(+40 for winning)\n|raw|djungelskog24's rating: 1122 &rarr; <strong>1092</strong><br />(-30 for losing)\n|l|\u2606djungelskog24\n|player|p2|\n",
  "uploadtime": 1776105463,
  "views": 31,
  "formatid": "gen9championsvgc2026regma",
  "rating": 1088,
  "private": 0,
  "password": null
}