{
  "id": "gen9championsvgc2026regma-2588890233",
  "format": "[Gen 9 Champions] VGC 2026 Reg M-A",
  "players": [
    "anez0410",
    "fineluhshyt"
  ],
  "log": "|j|\u2606anez0410\n|j|\u203dfineluhshyt\n|t:|1776682889\n|gametype|doubles\n|player|p1|anez0410|pokemaniac|1076\n|player|p2|fineluhshyt|plumeria|1151\n|gen|9\n|tier|[Gen 9 Champions] VGC 2026 Reg M-A\n|rated|\n|rule|Species Clause: Limit one of each Pok\u00e9mon\n|rule|Item Clause: Limit 1 of each item\n|clearpoke\n|poke|p1|Greninja, L50, F|\n|poke|p1|Salazzle, L50, F|\n|poke|p1|Garchomp, L50, F|\n|poke|p1|Incineroar, L50, F|\n|poke|p1|Tsareena, L50, F|\n|poke|p1|Clefable, L50, M|\n|poke|p2|Passimian, L50, M|\n|poke|p2|Luxray, L50, F|\n|poke|p2|Primarina, L50, M|\n|poke|p2|Victreebel, L50, F|\n|poke|p2|Dragapult, L50, F|\n|poke|p2|Volcarona, L50, M|\n|teampreview|4\n|\n|t:|1776682908\n|teamsize|p1|4\n|teamsize|p2|4\n|start\n|switch|p1a: Greninja|Greninja, L50, F|100/100\n|switch|p1b: Salazzle|Salazzle, L50, F|100/100\n|switch|p2a: Passimian|Passimian, L50, M|100/100\n|switch|p2b: Victreebel|Victreebel, L50, F|100/100\n|turn|1\n|\n|t:|1776682925\n|detailschange|p1a: Greninja|Greninja-Mega, L50, F\n|-mega|p1a: Greninja|Greninja|Greninjite\n|detailschange|p2b: Victreebel|Victreebel-Mega, L50, F\n|-mega|p2b: Victreebel|Victreebel|Victreebelite\n|move|p1a: Greninja|Sludge Wave|p2b: Victreebel|[spread] p1b,p2a,p2b\n|-start|p1a: Greninja|typechange|Poison|[from] ability: Protean\n|-resisted|p1b: Salazzle|1\n|-damage|p1b: Salazzle|67/100\n|-damage|p2a: Passimian|41/100\n|-damage|p2b: Victreebel|58/100\n|-enditem|p2a: Passimian|Sitrus Berry|[eat]\n|-heal|p2a: Passimian|65/100|[from] item: Sitrus Berry\n|move|p1b: Salazzle|Flamethrower|p2b: Victreebel\n|-supereffective|p2b: Victreebel|1\n|-damage|p2b: Victreebel|0 fnt\n|-damage|p1b: Salazzle|0 fnt|[from] ability: Innards Out|[of] p2b: Victreebel\n|faint|p2b: Victreebel\n|-ability|p2a: Passimian|Innards Out|Receiver|[from] ability: Receiver|[of] p2b: Victreebel\n|faint|p1b: Salazzle\n|move|p2a: Passimian|Close Combat|p2: Victreebel|[notarget]\n|-fail|p2a: Passimian\n|\n|upkeep\n|\n|t:|1776682966\n|switch|p1b: Incineroar|Incineroar, L50, F|100/100\n|switch|p2b: Volcarona|Volcarona, L50, M|100/100\n|-ability|p1b: Incineroar|Intimidate|boost\n|-unboost|p2a: Passimian|atk|1\n|-unboost|p2b: Volcarona|atk|1\n|turn|2\n|l|\u203dfineluhshyt\n|player|p2|\n|j|\u203dfineluhshyt\n|player|p2|fineluhshyt|plumeria|\n|n|\u203dfineluhshyt|fineluhshyt\n|\n|t:|1776682990\n|switch|p1a: Garchomp|Garchomp, L50, F|100/100\n|move|p2a: Passimian|Protect|p2a: Passimian\n|-singleturn|p2a: Passimian|Protect\n|move|p1b: Incineroar|Fake Out|p2a: Passimian\n|-activate|p2a: Passimian|move: Protect\n|move|p2b: Volcarona|Heat Wave|p1b: Incineroar|[spread] p1a\n|-miss|p2b: Volcarona|p1b: Incineroar\n|-resisted|p1a: Garchomp|1\n|-damage|p1a: Garchomp|84/100\n|\n|upkeep\n|turn|3\n|\n|t:|1776683009\n|move|p1a: Garchomp|Protect|p1a: Garchomp\n|-singleturn|p1a: Garchomp|Protect\n|move|p2b: Volcarona|Rage Powder|p2b: Volcarona\n|-singleturn|p2b: Volcarona|move: Rage Powder\n|move|p2a: Passimian|Close Combat|p1b: Incineroar\n|-supereffective|p1b: Incineroar|1\n|-damage|p1b: Incineroar|50/100\n|-unboost|p2a: Passimian|def|1\n|-unboost|p2a: Passimian|spd|1\n|-enditem|p1b: Incineroar|Sitrus Berry|[eat]\n|-heal|p1b: Incineroar|75/100|[from] item: Sitrus Berry\n|move|p1b: Incineroar|Darkest Lariat|p2b: Volcarona\n|-damage|p2b: Volcarona|69/100\n|\n|upkeep\n|turn|4\n|\n|t:|1776683026\n|move|p1a: Garchomp|Earthquake|p2b: Volcarona|[spread] p1b,p2a,p2b\n|-supereffective|p1b: Incineroar|1\n|-damage|p1b: Incineroar|6/100\n|-damage|p2a: Passimian|0 fnt\n|-damage|p2b: Volcarona|25/100\n|-damage|p1a: Garchomp|22/100|[from] ability: Innards Out|[of] p2a: Passimian\n|faint|p2a: Passimian\n|move|p2b: Volcarona|Struggle Bug|p1b: Incineroar|[spread] p1a,p1b\n|-damage|p1a: Garchomp|4/100\n|-damage|p1b: Incineroar|0 fnt\n|-unboost|p1a: Garchomp|spa|1\n|faint|p1b: Incineroar\n|\n|upkeep\n|\n|t:|1776683038\n|switch|p2a: Primarina|Primarina, L50, M|100/100\n|switch|p1b: Greninja|Greninja-Mega, L50, F|100/100\n|turn|5\n|\n|t:|1776683050\n|move|p1a: Garchomp|Protect|p1a: Garchomp\n|-singleturn|p1a: Garchomp|Protect\n|move|p2b: Volcarona|Protect|p2b: Volcarona\n|-singleturn|p2b: Volcarona|Protect\n|move|p1b: Greninja|Sludge Wave|p2b: Volcarona|[spread] p2a\n|-start|p1b: Greninja|typechange|Poison|[from] ability: Protean\n|-activate|p1a: Garchomp|move: Protect\n|-activate|p2b: Volcarona|move: Protect\n|-supereffective|p2a: Primarina|1\n|-damage|p2a: Primarina|42/100\n|-status|p2a: Primarina|psn\n|move|p2a: Primarina|Hyper Voice|p1b: Greninja|[spread] p1b\n|-activate|p1a: Garchomp|move: Protect\n|-damage|p1b: Greninja|39/100\n|\n|-damage|p2a: Primarina|29/100 psn|[from] psn\n|upkeep\n|turn|6\n|\n|t:|1776683077\n|move|p2b: Volcarona|Rage Powder|p2b: Volcarona\n|-singleturn|p2b: Volcarona|move: Rage Powder\n|move|p1b: Greninja|Sludge Wave|p2b: Volcarona|[spread] p1a,p2a,p2b\n|-resisted|p1a: Garchomp|1\n|-supereffective|p2a: Primarina|1\n|-damage|p1a: Garchomp|0 fnt\n|-damage|p2a: Primarina|0 fnt\n|-damage|p2b: Volcarona|0 fnt\n|faint|p1a: Garchomp\n|faint|p2a: Primarina\n|faint|p2b: Volcarona\n|\n|win|anez0410\n|raw|anez0410's rating: 1076 &rarr; <strong>1111</strong><br />(+35 for winning)\n|raw|fineluhshyt's rating: 1151 &rarr; <strong>1121</strong><br />(-30 for losing)\n|l|\u203dfineluhshyt\n|player|p2|\n",
  "uploadtime": 1776683086,
  "views": 26,
  "formatid": "gen9championsvgc2026regma",
  "rating": 1111,
  "private": 0,
  "password": null
}