{
  "id": "gen9championsvgc2026regma-2581162812",
  "format": "[Gen 9 Champions] VGC 2026 Reg M-A",
  "players": [
    "nobnob333",
    "oFlotz"
  ],
  "log": "|j|\u2606nobnob333\n|j|\u2606oFlotz\n|t:|1775965979\n|gametype|doubles\n|player|p1|nobnob333|fisherman-gen4|1000\n|player|p2|oFlotz|hiker-gen4|1000\n|gen|9\n|tier|[Gen 9 Champions] VGC 2026 Reg M-A\n|rated|\n|rule|Species Clause: Limit one of each Pok\u00e9mon\n|rule|Item Clause: Limit 1 of each item\n|clearpoke\n|poke|p1|Ninetales-Alola, L50, M|\n|poke|p1|Froslass, L50, F|\n|poke|p1|Raichu-Alola, L50, F|\n|poke|p1|Dragapult, L50, M|\n|poke|p1|Rotom-Frost, L50|\n|poke|p1|Kingambit, L50, F|\n|poke|p2|Golurk, L50|\n|poke|p2|Farigiraf, L50, M|\n|poke|p2|Klefki, L50, F|\n|poke|p2|Kingambit, L50, F|\n|teampreview|4\n|inactive|Battle timer is ON: inactive players will automatically lose when time's up. (requested by nobnob333)\n|inactive|nobnob333 has 60 seconds left.\n|\n|t:|1775966029\n|teamsize|p1|4\n|teamsize|p2|4\n|start\n|switch|p1a: Froslass|Froslass, L50, F|100/100\n|switch|p1b: Raichu|Raichu-Alola, L50, F|100/100\n|switch|p2a: Farigiraf|Farigiraf, L50, M|100/100\n|switch|p2b: Klefki|Klefki, L50, F|100/100\n|turn|1\n|inactive|nobnob333 has 30 seconds left.\n|\n|t:|1775966064\n|detailschange|p1a: Froslass|Froslass-Mega, L50, F\n|-mega|p1a: Froslass|Froslass|Froslassite\n|-weather|Snowscape|[from] ability: Snow Warning|[of] p1a: Froslass\n|move|p1a: Froslass|Blizzard|p2a: Farigiraf|[spread] p2a,p2b\n|-resisted|p2b: Klefki|1\n|-damage|p2a: Farigiraf|66/100\n|-damage|p2b: Klefki|72/100\n|move|p1b: Raichu|Thunderbolt|p2a: Farigiraf\n|-damage|p2a: Farigiraf|36/100\n|move|p2a: Farigiraf|Baton Pass|p2a: Farigiraf\n|\n|t:|1775966080\n|switch|p2a: Kingambit|Kingambit, L50, F|100/100|[from] Baton Pass\n|move|p2b: Klefki|Trick Room|p2b: Klefki\n|-fieldstart|move: Trick Room|[of] p2b: Klefki\n|\n|-weather|Snowscape|[upkeep]\n|upkeep\n|turn|2\n|\n|t:|1775966098\n|switch|p1b: Kingambit|Kingambit, L50, F|100/100\n|move|p1a: Froslass|Protect|p1a: Froslass\n|-singleturn|p1a: Froslass|Protect\n|move|p2b: Klefki|Light Screen|p2b: Klefki\n|-sidestart|p2: oFlotz|move: Light Screen\n|move|p2a: Kingambit|Kowtow Cleave|p1a: Froslass\n|-activate|p1a: Froslass|move: Protect\n|\n|-weather|Snowscape|[upkeep]\n|upkeep\n|turn|3\n|\n|t:|1775966116\n|switch|p1a: Rotom|Rotom-Frost, L50|100/100\n|move|p2b: Klefki|Reflect|p2b: Klefki\n|-sidestart|p2: oFlotz|Reflect\n|move|p1b: Kingambit|Iron Head|p2b: Klefki\n|-damage|p2b: Klefki|35/100\n|move|p2a: Kingambit|Kowtow Cleave|p1a: Rotom\n|-damage|p1a: Rotom|42/100\n|\n|-weather|Snowscape|[upkeep]\n|upkeep\n|turn|4\n|inactive|nobnob333 has 30 seconds left.\n|\n|t:|1775966148\n|move|p1b: Kingambit|Iron Head|p2b: Klefki\n|-damage|p2b: Klefki|0 fnt\n|faint|p2b: Klefki\n|move|p2a: Kingambit|Swords Dance|p2a: Kingambit\n|-boost|p2a: Kingambit|atk|2\n|move|p1a: Rotom|Discharge|p2a: Kingambit|[spread] p1b,p2a\n|-damage|p1b: Kingambit|72/100\n|-damage|p2a: Kingambit|83/100\n|-status|p2a: Kingambit|par\n|\n|-weather|Snowscape|[upkeep]\n|-heal|p1b: Kingambit|77/100|[from] item: Leftovers\n|upkeep\n|\n|t:|1775966159\n|switch|p2b: Golurk|Golurk, L50|100/100\n|turn|5\n|\n|t:|1775966177\n|switch|p1a: Froslass|Froslass-Mega, L50, F|100/100\n|detailschange|p2b: Golurk|Golurk-Mega, L50\n|-mega|p2b: Golurk|Golurk|Golurkite\n|move|p2a: Kingambit|Kowtow Cleave|p1a: Froslass\n|-supereffective|p1a: Froslass|1\n|-damage|p1a: Froslass|0 fnt\n|faint|p1a: Froslass\n|move|p2b: Golurk|Drain Punch|p1b: Kingambit\n|-supereffective|p1b: Kingambit|2\n|-damage|p1b: Kingambit|0 fnt\n|faint|p1b: Kingambit\n|\n|-weather|none\n|-fieldend|move: Trick Room\n|upkeep\n|\n|t:|1775966188\n|switch|p1a: Rotom|Rotom-Frost, L50|42/100\n|switch|p1b: Raichu|Raichu-Alola, L50, F|100/100\n|turn|6\n|\n|t:|1775966201\n|move|p1b: Raichu|Fake Out|p2a: Kingambit\n|-resisted|p2a: Kingambit|1\n|-damage|p2a: Kingambit|81/100 par\n|cant|p2a: Kingambit|flinch\n|move|p1a: Rotom|Blizzard|p2b: Golurk|[spread] p2a,p2b\n|-resisted|p2a: Kingambit|1\n|-supereffective|p2b: Golurk|1\n|-damage|p2a: Kingambit|68/100 par\n|-damage|p2b: Golurk|55/100\n|move|p2b: Golurk|Drain Punch|p1a: Rotom\n|-supereffective|p1a: Rotom|1\n|-damage|p1a: Rotom|0 fnt\n|-heal|p2b: Golurk|68/100|[from] drain|[of] p1a: Rotom\n|faint|p1a: Rotom\n|\n|-sideend|p2: oFlotz|move: Light Screen\n|upkeep\n|turn|7\n|\n|t:|1775966220\n|move|p2a: Kingambit|Sucker Punch|p1b: Raichu\n|-supereffective|p1b: Raichu|1\n|-damage|p1b: Raichu|0 fnt\n|faint|p1b: Raichu\n|\n|win|oFlotz\n|raw|nobnob333's rating: 1000 &rarr; <strong>1000</strong><br />(+0 for losing)\n|raw|oFlotz's rating: 1000 &rarr; <strong>1040</strong><br />(+40 for winning)\n|l|\u2606nobnob333\n|player|p1|\n",
  "uploadtime": 1775966243,
  "views": 23,
  "formatid": "gen9championsvgc2026regma",
  "rating": 1000,
  "private": 0,
  "password": null
}