{
  "id": "gen9championsvgc2026regma-2582462348",
  "format": "[Gen 9 Champions] VGC 2026 Reg M-A",
  "players": [
    "flyabout4040",
    "Whaaale Gorl"
  ],
  "log": "|j|\u2606flyabout4040\n|j|\u2606Whaaale Gorl\n|t:|1776093262\n|gametype|doubles\n|player|p1|flyabout4040|101|1144\n|player|p2|Whaaale Gorl|caitlin|1145\n|gen|9\n|tier|[Gen 9 Champions] VGC 2026 Reg M-A\n|rated|\n|rule|Species Clause: Limit one of each Pok\u00e9mon\n|rule|Item Clause: Limit 1 of each item\n|clearpoke\n|poke|p1|Garchomp, L50, F|\n|poke|p1|Aerodactyl, L50, M|\n|poke|p1|Delphox, L50, M|\n|poke|p1|Serperior, L50, M|\n|poke|p1|Milotic, L50, F|\n|poke|p1|Incineroar, L50, F|\n|poke|p2|Golurk, L50|\n|poke|p2|Sinistcha, L50|\n|poke|p2|Rotom-Heat, L50|\n|poke|p2|Gyarados, L50, F|\n|poke|p2|Sylveon, L50, M|\n|poke|p2|Sneasler, L50, M|\n|teampreview|4\n|inactive|Battle timer is ON: inactive players will automatically lose when time's up. (requested by flyabout4040)\n|inactive|flyabout4040 has 60 seconds left.\n|\n|t:|1776093304\n|teamsize|p1|4\n|teamsize|p2|4\n|start\n|switch|p1a: Milotic|Milotic, L50, F|100/100\n|switch|p1b: Aerodactyl|Aerodactyl, L50, M, shiny|100/100\n|switch|p2a: Blue Moon|Gyarados, L50, F|100/100\n|switch|p2b: Herbie|Rotom-Heat, L50|100/100\n|-ability|p2a: Blue Moon|Intimidate|boost\n|-unboost|p1a: Milotic|atk|1\n|-ability|p1a: Milotic|Competitive|boost\n|-boost|p1a: Milotic|spa|2\n|-unboost|p1b: Aerodactyl|atk|1\n|turn|1\n|\n|t:|1776093320\n|detailschange|p2a: Blue Moon|Gyarados-Mega, L50, F\n|-mega|p2a: Blue Moon|Gyarados|Gyaradosite\n|-ability|p2a: Blue Moon|Mold Breaker\n|move|p2b: Herbie|Electroweb|p1b: Aerodactyl|[spread] p1a,p1b\n|-supereffective|p1a: Milotic|1\n|-supereffective|p1b: Aerodactyl|1\n|-damage|p1a: Milotic|74/100\n|-damage|p1b: Aerodactyl|44/100\n|-unboost|p1a: Milotic|spe|1\n|-ability|p1a: Milotic|Competitive|boost\n|-boost|p1a: Milotic|spa|2\n|-unboost|p1b: Aerodactyl|spe|1\n|move|p2a: Blue Moon|Dragon Dance|p2a: Blue Moon\n|-boost|p2a: Blue Moon|atk|1\n|-boost|p2a: Blue Moon|spe|1\n|move|p1b: Aerodactyl|Tailwind|p1b: Aerodactyl\n|-sidestart|p1: flyabout4040|move: Tailwind\n|move|p1a: Milotic|Scald|p2b: Herbie\n|-supereffective|p2b: Herbie|1\n|-damage|p2b: Herbie|0 fnt\n|faint|p2b: Herbie\n|\n|-heal|p1a: Milotic|80/100|[from] item: Leftovers\n|upkeep\n|\n|t:|1776093330\n|switch|p2b: Black Sabbath|Sneasler, L50, M|100/100\n|turn|2\n|\n|t:|1776093347\n|move|p2b: Black Sabbath|Fake Out|p1a: Milotic\n|-damage|p1a: Milotic|68/100\n|move|p1b: Aerodactyl|Rock Slide|p2b: Black Sabbath|[spread] p2a,p2b\n|-resisted|p2b: Black Sabbath|1\n|-damage|p2a: Blue Moon|85/100\n|-damage|p2b: Black Sabbath|85/100\n|move|p2a: Blue Moon|Dragon Dance|p2a: Blue Moon\n|-boost|p2a: Blue Moon|atk|1\n|-boost|p2a: Blue Moon|spe|1\n|cant|p1a: Milotic|flinch\n|\n|-heal|p1a: Milotic|74/100|[from] item: Leftovers\n|upkeep\n|turn|3\n|\n|t:|1776093366\n|move|p2a: Blue Moon|Crunch|p1a: Milotic\n|-damage|p1a: Milotic|0 fnt\n|faint|p1a: Milotic\n|move|p1b: Aerodactyl|Dual Wingbeat|p2b: Black Sabbath\n|-supereffective|p2b: Black Sabbath|1\n|-damage|p2b: Black Sabbath|38/100\n|-supereffective|p2b: Black Sabbath|1\n|-damage|p2b: Black Sabbath|0 fnt\n|faint|p2b: Black Sabbath\n|-hitcount|p2: Black Sabbath|2\n|\n|upkeep\n|\n|t:|1776093375\n|switch|p2b: The Napkin|Sinistcha, L50|100/100\n|switch|p1a: Serperior|Serperior, L50, M|100/100\n|-heal|p2a: Blue Moon|100/100|[from] ability: Hospitality|[of] p2b: The Napkin\n|turn|4\n|\n|t:|1776093394\n|move|p2b: The Napkin|Rage Powder|p2b: The Napkin\n|-singleturn|p2b: The Napkin|move: Rage Powder\n|move|p1a: Serperior|Leaf Storm|p2a: Blue Moon\n|-supereffective|p2a: Blue Moon|1\n|-damage|p2a: Blue Moon|21/100\n|-boost|p1a: Serperior|spa|2\n|move|p2a: Blue Moon|Crunch|p1a: Serperior\n|-damage|p1a: Serperior|0 fnt\n|faint|p1a: Serperior\n|move|p1b: Aerodactyl|Rock Slide|p2b: The Napkin|[spread] p2a,p2b\n|-damage|p2a: Blue Moon|3/100\n|-damage|p2b: The Napkin|84/100\n|\n|-sideend|p1: flyabout4040|move: Tailwind\n|upkeep\n|\n|t:|1776093402\n|switch|p1a: Delphox|Delphox, L50, M, shiny|100/100\n|turn|5\n|\n|t:|1776093422\n|detailschange|p1a: Delphox|Delphox-Mega, L50, M, shiny\n|-mega|p1a: Delphox|Delphox|Delphoxite\n|move|p2a: Blue Moon|Protect|p2a: Blue Moon\n|-singleturn|p2a: Blue Moon|Protect\n|move|p1a: Delphox|Heat Wave|p2a: Blue Moon|[spread] p2b\n|-activate|p2a: Blue Moon|move: Protect\n|-supereffective|p2b: The Napkin|1\n|-enditem|p2b: The Napkin|Occa Berry|[eat]\n|-enditem|p2b: The Napkin|Occa Berry|[weaken]\n|-damage|p2b: The Napkin|45/100\n|-status|p2b: The Napkin|brn\n|move|p1b: Aerodactyl|Rock Slide|p2a: Blue Moon|[spread] p2b\n|-activate|p2a: Blue Moon|move: Protect\n|-damage|p2b: The Napkin|28/100 brn\n|move|p2b: The Napkin|Matcha Gotcha|p1b: Aerodactyl|[spread] p1a,p1b\n|-resisted|p1a: Delphox|1\n|-damage|p1a: Delphox|89/100\n|-heal|p2b: The Napkin|33/100 brn|[from] drain|[of] p1a: Delphox\n|-damage|p1b: Aerodactyl|10/100\n|-heal|p2b: The Napkin|49/100 brn|[from] drain|[of] p1b: Aerodactyl\n|-status|p1b: Aerodactyl|brn\n|\n|-damage|p1b: Aerodactyl|4/100 brn|[from] brn\n|-damage|p2b: The Napkin|43/100 brn|[from] brn\n|upkeep\n|turn|6\n|\n|t:|1776093446\n|move|p2a: Blue Moon|Crunch|p1a: Delphox\n|-supereffective|p1a: Delphox|1\n|-damage|p1a: Delphox|0 fnt\n|faint|p1a: Delphox\n|move|p1b: Aerodactyl|Rock Slide|p2a: Blue Moon|[spread] p2a,p2b\n|-damage|p2a: Blue Moon|0 fnt\n|-damage|p2b: The Napkin|35/100 brn\n|faint|p2a: Blue Moon\n|move|p2b: The Napkin|Matcha Gotcha|p1b: Aerodactyl\n|-damage|p1b: Aerodactyl|0 fnt\n|-heal|p2b: The Napkin|36/100 brn|[from] drain|[of] p1b: Aerodactyl\n|faint|p1b: Aerodactyl\n|\n|win|Whaaale Gorl\n|raw|flyabout4040's rating: 1144 &rarr; <strong>1119</strong><br />(-25 for losing)\n|raw|Whaaale Gorl's rating: 1145 &rarr; <strong>1170</strong><br />(+25 for winning)\n|l|\u2606flyabout4040\n|player|p1|\n",
  "uploadtime": 1776093459,
  "views": 25,
  "formatid": "gen9championsvgc2026regma",
  "rating": 1119,
  "private": 0,
  "password": null
}