{
  "id": "gen9championsvgc2026regma-2580930504",
  "format": "[Gen 9 Champions] VGC 2026 Reg M-A",
  "players": [
    "Oh-Look-A-Sailboat",
    "luteo"
  ],
  "log": "|j|\u2606Oh-Look-A-Sailboat\n|j|\u2606luteo\n|t:|1775944290\n|gametype|doubles\n|player|p1|Oh-Look-A-Sailboat|101|1046\n|player|p2|luteo|lucas|1120\n|gen|9\n|tier|[Gen 9 Champions] VGC 2026 Reg M-A\n|rated|\n|rule|Species Clause: Limit one of each Pok\u00e9mon\n|rule|Item Clause: Limit 1 of each item\n|clearpoke\n|poke|p1|Banette, L50, F|\n|poke|p1|Whimsicott, L50, M|\n|poke|p1|Sneasler, L50, F|\n|poke|p1|Primarina, L50, F|\n|poke|p1|Kingambit, L50, M|\n|poke|p1|Maushold, L50|\n|poke|p2|Charizard, L50, M|\n|poke|p2|Venusaur, L50, F|\n|poke|p2|Typhlosion-Hisui, L50, F|\n|poke|p2|Whimsicott, L50, F|\n|poke|p2|Aerodactyl, L50, F|\n|poke|p2|Sneasler, L50, M|\n|teampreview|4\n|inactive|Battle timer is ON: inactive players will automatically lose when time's up. (requested by Oh-Look-A-Sailboat)\n|inactive|Oh-Look-A-Sailboat has 60 seconds left.\n|inactive|luteo has 60 seconds left.\n|\n|t:|1775944332\n|teamsize|p1|4\n|teamsize|p2|4\n|start\n|switch|p1a: Banette|Banette, L50, F|100/100\n|switch|p1b: Sneasler|Sneasler, L50, F|100/100\n|switch|p2a: Sneasler|Sneasler, L50, M|100/100\n|switch|p2b: Charizard|Charizard, L50, M|100/100\n|-item|p2a: Sneasler|White Herb|[from] ability: Frisk|[of] p1a: Banette\n|-item|p2b: Charizard|Charizardite Y|[from] ability: Frisk|[of] p1a: Banette\n|turn|1\n|inactive|Oh-Look-A-Sailboat has 30 seconds left.\n|inactive|Oh-Look-A-Sailboat has 20 seconds left.\n|\n|t:|1775944371\n|detailschange|p2b: Charizard|Charizard-Mega-Y, L50, M\n|-mega|p2b: Charizard|Charizard|Charizardite Y\n|-weather|SunnyDay|[from] ability: Drought|[of] p2b: Charizard\n|move|p1a: Banette|Protect|p1a: Banette\n|-singleturn|p1a: Banette|Protect\n|move|p2a: Sneasler|Fake Out|p1b: Sneasler\n|-damage|p1b: Sneasler|81/100\n|cant|p1b: Sneasler|flinch\n|move|p2b: Charizard|Heat Wave|p1b: Sneasler|[spread] p1b\n|-activate|p1a: Banette|move: Protect\n|-damage|p1b: Sneasler|8/100\n|-status|p1b: Sneasler|brn\n|\n|-weather|SunnyDay|[upkeep]\n|-damage|p1b: Sneasler|3/100 brn|[from] brn\n|upkeep\n|turn|2\n|\n|t:|1775944392\n|detailschange|p1a: Banette|Banette-Mega, L50, F\n|-mega|p1a: Banette|Banette|Banettite\n|move|p2a: Sneasler|Protect|p2a: Sneasler\n|-singleturn|p2a: Sneasler|Protect\n|move|p2b: Charizard|Protect|p2b: Charizard\n|-singleturn|p2b: Charizard|Protect\n|move|p1b: Sneasler|Coaching|p1a: Banette\n|-boost|p1a: Banette|atk|1\n|-boost|p1a: Banette|def|1\n|move|p1a: Banette|Poltergeist|p2b: Charizard\n|-activate|p2b: Charizard|move: Protect\n|\n|-weather|SunnyDay|[upkeep]\n|-damage|p1b: Sneasler|0 fnt|[from] brn\n|faint|p1b: Sneasler\n|upkeep\n|\n|t:|1775944408\n|switch|p1b: Whimsicott|Whimsicott, L50, M|100/100\n|turn|3\n|\n|t:|1775944418\n|move|p1b: Whimsicott|Tailwind|p1b: Whimsicott\n|-sidestart|p1: Oh-Look-A-Sailboat|move: Tailwind\n|move|p1a: Banette|Poltergeist|p2b: Charizard\n|-activate|p2b: Charizard|move: Poltergeist|Charizardite Y\n|-damage|p2b: Charizard|0 fnt\n|faint|p2b: Charizard\n|move|p2a: Sneasler|Dire Claw|p1b: Whimsicott\n|-supereffective|p1b: Whimsicott|2\n|-damage|p1b: Whimsicott|0 fnt\n|faint|p1b: Whimsicott\n|\n|-weather|SunnyDay|[upkeep]\n|upkeep\n|\n|t:|1775944433\n|switch|p2b: Venusaur|Venusaur, L50, F|100/100\n|switch|p1b: Primarina|Primarina, L50, F|100/100\n|turn|4\n|\n|t:|1775944457\n|move|p1a: Banette|Protect|p1a: Banette\n|-singleturn|p1a: Banette|Protect\n|move|p1b: Primarina|Protect|p1b: Primarina\n|-singleturn|p1b: Primarina|Protect\n|move|p2b: Venusaur|Sleep Powder|p1a: Banette\n|-activate|p1a: Banette|move: Protect\n|move|p2a: Sneasler|Dire Claw|p1b: Primarina\n|-activate|p1b: Primarina|move: Protect\n|\n|-weather|SunnyDay|[upkeep]\n|upkeep\n|turn|5\n|\n|t:|1775944475\n|move|p1a: Banette|Disable|p2b: Venusaur\n|-start|p2b: Venusaur|Disable|Sleep Powder\n|cant|p2b: Venusaur|Disable|Sleep Powder\n|move|p2a: Sneasler|Dire Claw|p1b: Primarina\n|-supereffective|p1b: Primarina|1\n|-damage|p1b: Primarina|29/100\n|move|p1b: Primarina|Moonblast|p2a: Sneasler\n|-damage|p2a: Sneasler|38/100\n|\n|-weather|none\n|-heal|p1b: Primarina|35/100|[from] item: Leftovers\n|upkeep\n|turn|6\n|\n|t:|1775944496\n|move|p1a: Banette|Poltergeist|p2a: Sneasler\n|-activate|p2a: Sneasler|move: Poltergeist|White Herb\n|-damage|p2a: Sneasler|0 fnt\n|faint|p2a: Sneasler\n|move|p1b: Primarina|Calm Mind|p1b: Primarina\n|-boost|p1b: Primarina|spa|1\n|-boost|p1b: Primarina|spd|1\n|move|p2b: Venusaur|Earth Power|p1a: Banette\n|-damage|p1a: Banette|63/100\n|\n|-heal|p1b: Primarina|41/100|[from] item: Leftovers\n|-sideend|p1: Oh-Look-A-Sailboat|move: Tailwind\n|upkeep\n|\n|t:|1775944509\n|switch|p2a: Whimsicott|Whimsicott, L50, F|100/100\n|turn|7\n|\n|t:|1775944524\n|move|p1b: Primarina|Protect|p1b: Primarina\n|-singleturn|p1b: Primarina|Protect\n|move|p2a: Whimsicott|Tailwind|p2a: Whimsicott\n|-sidestart|p2: luteo|move: Tailwind\n|move|p2b: Venusaur|Sludge Bomb|p1b: Primarina\n|-activate|p1b: Primarina|move: Protect\n|move|p1a: Banette|Poltergeist|p2b: Venusaur\n|-activate|p2b: Venusaur|move: Poltergeist|Poison Barb\n|-damage|p2b: Venusaur|0 fnt\n|faint|p2b: Venusaur\n|\n|-heal|p1b: Primarina|46/100|[from] item: Leftovers\n|upkeep\n|turn|8\n|\n|t:|1775944540\n|move|p2a: Whimsicott|Moonblast|p1a: Banette\n|-damage|p1a: Banette|33/100\n|move|p1a: Banette|Poltergeist|p2a: Whimsicott\n|-activate|p2a: Whimsicott|move: Poltergeist|Mental Herb\n|-damage|p2a: Whimsicott|0 fnt\n|faint|p2a: Whimsicott\n|\n|win|Oh-Look-A-Sailboat\n|raw|Oh-Look-A-Sailboat's rating: 1046 &rarr; <strong>1086</strong><br />(+40 for winning)\n|raw|luteo's rating: 1120 &rarr; <strong>1090</strong><br />(-30 for losing)\n|l|\u2606luteo\n|player|p2|\n",
  "uploadtime": 1775944550,
  "views": 14,
  "formatid": "gen9championsvgc2026regma",
  "rating": 1086,
  "private": 0,
  "password": null
}