{
  "id": "gen9championsvgc2026regma-2581485156",
  "format": "[Gen 9 Champions] VGC 2026 Reg M-A",
  "players": [
    "arival101",
    "Pegassin"
  ],
  "log": "|j|\u2606arival101\n|j|\u2606Pegassin\n|t:|1776004831\n|gametype|doubles\n|player|p1|arival101|hugh|1117\n|player|p2|Pegassin|170|1113\n|gen|9\n|tier|[Gen 9 Champions] VGC 2026 Reg M-A\n|rated|\n|rule|Species Clause: Limit one of each Pok\u00e9mon\n|rule|Item Clause: Limit 1 of each item\n|clearpoke\n|poke|p1|Scizor, L50, M|\n|poke|p1|Talonflame, L50, M|\n|poke|p1|Gengar, L50, M|\n|poke|p1|Milotic, L50, F|\n|poke|p1|Gardevoir, L50, F|\n|poke|p1|Raichu, L50, M|\n|poke|p2|Floette-Eternal, L50, F|\n|poke|p2|Aerodactyl, L50, F|\n|poke|p2|Primarina, L50, F|\n|poke|p2|Maushold, L50|\n|poke|p2|Garchomp, L50, F|\n|poke|p2|Incineroar, L50, F|\n|teampreview|4\n|n|\u203dPegassin|pegassin\nPegassin rejected open team sheets.\n|inactive|Battle timer is ON: inactive players will automatically lose when time's up. (requested by Pegassin)\n|\n|t:|1776004868\n|teamsize|p1|4\n|teamsize|p2|4\n|start\n|switch|p1a: Milotic|Milotic, L50, F, shiny|100/100\n|switch|p1b: Talonflame|Talonflame, L50, M, shiny|100/100\n|switch|p2a: Aerodactyl|Aerodactyl, L50, F|100/100\n|switch|p2b: Maushold|Maushold, L50|100/100\n|-ability|p2a: Aerodactyl|Unnerve\n|turn|1\n|\n|t:|1776004878\n|move|p2b: Maushold|Follow Me|p2b: Maushold\n|-singleturn|p2b: Maushold|move: Follow Me\n|move|p1b: Talonflame|Tailwind|p1b: Talonflame\n|-sidestart|p1: arival101|move: Tailwind\n|move|p1a: Milotic|Scald|p2b: Maushold\n|-damage|p2b: Maushold|61/100\n|move|p2a: Aerodactyl|Tailwind|p2a: Aerodactyl\n|-sidestart|p2: Pegassin|move: Tailwind\n|\n|upkeep\n|turn|2\n|\n|t:|1776004900\n|move|p2b: Maushold|Helping Hand|p2a: Aerodactyl\n|-singleturn|p2a: Aerodactyl|Helping Hand|[of] p2b: Maushold\n|move|p1b: Talonflame|Brave Bird|p2b: Maushold\n|-damage|p2b: Maushold|3/100\n|-damage|p1b: Talonflame|78/100|[from] Recoil\n|move|p2a: Aerodactyl|Rock Slide|p1b: Talonflame|[spread] p1a,p1b\n|-supereffective|p1b: Talonflame|2\n|-damage|p1a: Milotic|66/100\n|-damage|p1b: Talonflame|0 fnt\n|faint|p1b: Talonflame\n|cant|p1a: Milotic|flinch\n|\n|upkeep\n|inactive|arival101 has 30 seconds left.\n|\n|t:|1776004930\n|switch|p1b: Raichu|Raichu, L50, M|100/100\n|turn|3\n|\n|t:|1776004940\n|move|p2a: Aerodactyl|Protect|p2a: Aerodactyl\n|-singleturn|p2a: Aerodactyl|Protect\n|move|p1b: Raichu|Fake Out|p2b: Maushold\n|-damage|p2b: Maushold|0 fnt\n|faint|p2b: Maushold\n|move|p1a: Milotic|Scald|p2a: Aerodactyl\n|-activate|p2a: Aerodactyl|move: Protect\n|\n|upkeep\n|\n|t:|1776004952\n|switch|p2b: Floette|Floette-Eternal, L50, F|100/100\n|turn|4\n|inactive|arival101 has 30 seconds left.\n|inactive|arival101 has 20 seconds left.\n|inactive|arival101 has 15 seconds left.\n|inactive|arival101 has 10 seconds left.\n|\n|t:|1776005001\n|detailschange|p2b: Floette|Floette-Mega, L50, F\n|-mega|p2b: Floette|Floette|Floettite\n|-ability|p2b: Floette|Fairy Aura\n|move|p2b: Floette|Protect|p2b: Floette\n|-singleturn|p2b: Floette|Protect\n|move|p2a: Aerodactyl|Rock Slide|p1b: Raichu|[spread] p1a,p1b\n|-damage|p1a: Milotic|41/100\n|-damage|p1b: Raichu|44/100\n|move|p1b: Raichu|Thunderbolt|p2a: Aerodactyl\n|-supereffective|p2a: Aerodactyl|1\n|-enditem|p2a: Aerodactyl|Focus Sash\n|-damage|p2a: Aerodactyl|1/100\n|move|p1a: Milotic|Scald|p2a: Aerodactyl\n|-supereffective|p2a: Aerodactyl|1\n|-damage|p2a: Aerodactyl|0 fnt\n|-enditem|p1a: Milotic|Sitrus Berry|[eat]\n|-heal|p1a: Milotic|66/100|[from] item: Sitrus Berry\n|faint|p2a: Aerodactyl\n|\n|-sideend|p2: Pegassin|move: Tailwind\n|-sideend|p1: arival101|move: Tailwind\n|upkeep\n|\n|t:|1776005014\n|switch|p2a: Incineroar|Incineroar, L50, F|100/100\n|-ability|p2a: Incineroar|Intimidate|boost\n|-unboost|p1a: Milotic|atk|1\n|-ability|p1a: Milotic|Competitive|boost\n|-boost|p1a: Milotic|spa|2\n|-unboost|p1b: Raichu|atk|1\n|turn|5\n|\n|t:|1776005032\n|move|p1a: Milotic|Protect|p1a: Milotic\n|-singleturn|p1a: Milotic|Protect\n|move|p2a: Incineroar|Fake Out|p1a: Milotic\n|-activate|p1a: Milotic|move: Protect\n|move|p2b: Floette|Dazzling Gleam|p1b: Raichu|[spread] p1b\n|-activate|p1a: Milotic|move: Protect\n|-damage|p1b: Raichu|0 fnt\n|faint|p1b: Raichu\n|\n|upkeep\n|\n|t:|1776005041\n|switch|p1b: Gengar|Gengar, L50, M|100/100\n|turn|6\n|inactive|arival101 has 30 seconds left.\n|inactive|arival101 has 20 seconds left.\n|inactive|Pegassin has 30 seconds left.\n|inactive|arival101 has 15 seconds left.\n|inactive|arival101 has 10 seconds left.\n|\n|t:|1776005088\n|move|p1b: Gengar|Protect|p1b: Gengar\n|-singleturn|p1b: Gengar|Protect\n|move|p2b: Floette|Moonblast|p1a: Milotic\n|-damage|p1a: Milotic|7/100\n|move|p1a: Milotic|Scald|p2a: Incineroar\n|-supereffective|p2a: Incineroar|1\n|-damage|p2a: Incineroar|0 fnt\n|faint|p2a: Incineroar\n|\n|upkeep\n|turn|7\n|inactive|arival101 has 30 seconds left.\n|\n|t:|1776005115\n|detailschange|p1b: Gengar|Gengar-Mega, L50, M\n|-mega|p1b: Gengar|Gengar|Gengarite\n|move|p1b: Gengar|Sludge Bomb|p2b: Floette\n|-supereffective|p2b: Floette|1\n|-damage|p2b: Floette|0 fnt\n|faint|p2b: Floette\n|\n|win|arival101\n|raw|arival101's rating: 1117 &rarr; <strong>1142</strong><br />(+25 for winning)\n|raw|Pegassin's rating: 1113 &rarr; <strong>1088</strong><br />(-25 for losing)\n",
  "uploadtime": 1776005115,
  "views": 19,
  "formatid": "gen9championsvgc2026regma",
  "rating": 1088,
  "private": 0,
  "password": null
}