{
  "id": "gen9championsvgc2026regma-2581289164",
  "format": "[Gen 9 Champions] VGC 2026 Reg M-A",
  "players": [
    "ConnerTEP",
    "airtest4"
  ],
  "log": "|j|\u2606ConnerTEP\n|j|\u2606airtest4\n|t:|1775981887\n|gametype|doubles\n|player|p1|ConnerTEP|acerola-masters2|1454\n|player|p2|airtest4|265|1360\n|gen|9\n|tier|[Gen 9 Champions] VGC 2026 Reg M-A\n|rated|\n|rule|Species Clause: Limit one of each Pok\u00e9mon\n|rule|Item Clause: Limit 1 of each item\n|clearpoke\n|poke|p1|Aerodactyl, L50, F|\n|poke|p1|Garchomp, L50, F|\n|poke|p1|Gardevoir, L50, M|\n|poke|p1|Kingambit, L50, F|\n|poke|p1|Kangaskhan, L50, F|\n|poke|p1|Sinistcha, L50|\n|poke|p2|Pelipper, L50, F|\n|poke|p2|Archaludon, L50, F|\n|poke|p2|Basculegion, L50, M|\n|poke|p2|Manectric, L50, F|\n|poke|p2|Sneasler, L50, F|\n|poke|p2|Incineroar, L50, F|\n|teampreview|4\n|inactive|Battle timer is ON: inactive players will automatically lose when time's up. (requested by ConnerTEP)\n|inactive|airtest4 has 60 seconds left.\n|\n|t:|1775981936\n|teamsize|p1|4\n|teamsize|p2|4\n|start\n|switch|p1a: Gardevoir|Gardevoir, L50, M|100/100\n|switch|p1b: Sinistcha|Sinistcha, L50|100/100\n|switch|p2a: Basculegion|Basculegion, L50, M|100/100\n|switch|p2b: Sneasler|Sneasler, L50, F|100/100\n|-ability|p1a: Gardevoir|Adaptability|Trace|[from] ability: Trace|[of] p2a: Basculegion\n|turn|1\n|j| gE1xjZRtuhW2DdT0AK\n|inactive|airtest4 has 30 seconds left.\n|inactive|airtest4 has 20 seconds left.\n|inactive|airtest4 has 15 seconds left.\n|inactive|airtest4 has 10 seconds left.\n|inactive|airtest4 has 5 seconds left.\n|\n|t:|1775981987\n|switch|p2b: Incineroar|Incineroar, L50, F|100/100\n|-ability|p2b: Incineroar|Intimidate|boost\n|-unboost|p1a: Gardevoir|atk|1\n|-unboost|p1b: Sinistcha|atk|1\n|move|p1a: Gardevoir|Protect|p1a: Gardevoir\n|-singleturn|p1a: Gardevoir|Protect\n|move|p2a: Basculegion|Flip Turn|p1a: Gardevoir\n|-activate|p1a: Gardevoir|move: Protect\n|move|p1b: Sinistcha|Matcha Gotcha|p2b: Incineroar|[spread] p2a,p2b\n|-supereffective|p2a: Basculegion|1\n|-resisted|p2b: Incineroar|1\n|-damage|p2a: Basculegion|40/100\n|-damage|p2b: Incineroar|91/100\n|-status|p2a: Basculegion|brn\n|\n|-damage|p2a: Basculegion|33/100 brn|[from] brn\n|upkeep\n|turn|2\n|j| Jackie67890\n|inactive|airtest4 has 30 seconds left.\n|\n|t:|1775982021\n|switch|p1a: Garchomp|Garchomp, L50, F|100/100\n|move|p2a: Basculegion|Flip Turn|p1b: Sinistcha\n|-resisted|p1b: Sinistcha|1\n|-damage|p1b: Sinistcha|91/100\n|\n|t:|1775982029\n|switch|p2a: Sneasler|Sneasler, L50, F|100/100|[from] Flip Turn\n|move|p1b: Sinistcha|Shadow Ball|p2a: Sneasler\n|-damage|p2a: Sneasler|43/100\n|move|p2b: Incineroar|Flare Blitz|p1b: Sinistcha\n|-supereffective|p1b: Sinistcha|1\n|-damage|p1b: Sinistcha|0 fnt\n|faint|p1b: Sinistcha\n|-damage|p2b: Incineroar|65/100|[from] Recoil\n|\n|upkeep\n|\n|t:|1775982042\n|switch|p1b: Aerodactyl|Aerodactyl, L50, F|100/100\n|-ability|p1b: Aerodactyl|Unnerve\n|turn|3\n|inactive|airtest4 has 30 seconds left.\n|inactive|airtest4 has 20 seconds left.\n|inactive|airtest4 has 15 seconds left.\n|\n|t:|1775982086\n|move|p2a: Sneasler|Fake Out|p1b: Aerodactyl\n|-resisted|p1b: Aerodactyl|1\n|-damage|p1b: Aerodactyl|90/100\n|cant|p1b: Aerodactyl|flinch\n|move|p1a: Garchomp|Earthquake|p2b: Incineroar|[spread] p2a,p2b\n|-immune|p1b: Aerodactyl\n|-supereffective|p2a: Sneasler|1\n|-supereffective|p2b: Incineroar|1\n|-damage|p2a: Sneasler|0 fnt\n|-damage|p2b: Incineroar|0 fnt\n|faint|p2a: Sneasler\n|faint|p2b: Incineroar\n|\n|upkeep\n|\n|t:|1775982096\n|switch|p2a: Basculegion|Basculegion, L50, M|33/100 brn\n|switch|p2b: Archaludon|Archaludon, L50, F|100/100\n|turn|4\n|inactive|airtest4 has 30 seconds left.\n|\n|t:|1775982122\n|move|p2a: Basculegion|Last Respects|p1a: Garchomp\n|-damage|p1a: Garchomp|49/100\n|move|p1b: Aerodactyl|Tailwind|p1b: Aerodactyl\n|-sidestart|p1: ConnerTEP|move: Tailwind\n|move|p1a: Garchomp|Earthquake|p2a: Basculegion|[spread] p2a,p2b\n|-immune|p1b: Aerodactyl\n|-supereffective|p2b: Archaludon|1\n|-damage|p2a: Basculegion|0 fnt\n|-damage|p2b: Archaludon|38/100\n|-ability|p2b: Archaludon|Stamina|boost\n|-boost|p2b: Archaludon|def|1\n|faint|p2a: Basculegion\n|move|p2b: Archaludon|Electro Shot||[still]\n|-prepare|p2b: Archaludon|Electro Shot\n|-boost|p2b: Archaludon|spa|1\n|\n|-heal|p2b: Archaludon|45/100|[from] item: Leftovers\n|upkeep\n|turn|5\n|-message|airtest4 forfeited.\n|\n|win|ConnerTEP\n|raw|ConnerTEP's rating: 1454 &rarr; <strong>1469</strong><br />(+15 for winning)\n|raw|airtest4's rating: 1360 &rarr; <strong>1345</strong><br />(-15 for losing)\n|l|\u2606airtest4\n|player|p2|\n|l|\u2606ConnerTEP\n|player|p1|\n",
  "uploadtime": 1775982136,
  "views": 49,
  "formatid": "gen9championsvgc2026regma",
  "rating": 1345,
  "private": 0,
  "password": null
}