{
  "id": "gen9championsvgc2026regma-2585226786",
  "format": "[Gen 9 Champions] VGC 2026 Reg M-A",
  "players": [
    "PokeHys3",
    "nikx17"
  ],
  "log": "|j|\u2606PokeHys3\n|j|\u2606nikx17\n|t:|1776327297\n|gametype|doubles\n|player|p1|PokeHys3|blackbelt-gen4dp|1187\n|player|p2|nikx17|pokemaniac|1097\n|gen|9\n|tier|[Gen 9 Champions] VGC 2026 Reg M-A\n|rated|\n|rule|Species Clause: Limit one of each Pok\u00e9mon\n|rule|Item Clause: Limit 1 of each item\n|clearpoke\n|poke|p1|Orthworm, L50, M|\n|poke|p1|Garchomp, L50, F|\n|poke|p1|Blastoise, L50, M|\n|poke|p1|Incineroar, L50, M|\n|poke|p1|Sinistcha-Masterpiece, L50|\n|poke|p1|Talonflame, L50, F|\n|poke|p2|Dragonite, L50, M|\n|poke|p2|Lucario, L50, M|\n|poke|p2|Whimsicott, L50, F|\n|poke|p2|Incineroar, L50, F|\n|poke|p2|Typhlosion-Hisui, L50, F|\n|poke|p2|Sneasler, L50, M|\n|teampreview|4\n|inactive|Battle timer is ON: inactive players will automatically lose when time's up. (requested by PokeHys3)\n|inactive|nikx17 also wants the timer to be on.\n|inactive|PokeHys3 has 60 seconds left.\n|inactive|nikx17 has 60 seconds left.\n|inactive|nikx17 has 30 seconds left.\n|\n|t:|1776327359\n|teamsize|p1|4\n|teamsize|p2|4\n|start\n|switch|p1a: Talonflame|Talonflame, L50, F|100/100\n|switch|p1b: Garchomp|Garchomp, L50, F|100/100\n|switch|p2a: Dragonite|Dragonite, L50, M|100/100\n|switch|p2b: Incineroar|Incineroar, L50, F|100/100\n|-ability|p2b: Incineroar|Intimidate|boost\n|-unboost|p1a: Talonflame|atk|1\n|-unboost|p1b: Garchomp|atk|1\n|turn|1\n|\n|t:|1776327376\n|switch|p1a: Orthworm|Orthworm, L50, M|100/100\n|detailschange|p2a: Dragonite|Dragonite-Mega, L50, M\n|-mega|p2a: Dragonite|Dragonite|Dragoninite\n|move|p1b: Garchomp|Protect|p1b: Garchomp\n|-singleturn|p1b: Garchomp|Protect\n|move|p2b: Incineroar|Fake Out|p1a: Orthworm\n|-resisted|p1a: Orthworm|1\n|-damage|p1a: Orthworm|97/100\n|move|p2a: Dragonite|Ice Beam|p1b: Garchomp\n|-activate|p1b: Garchomp|move: Protect\n|\n|upkeep\n|turn|2\n|\n|t:|1776327392\n|move|p1b: Garchomp|Rock Slide|p2b: Incineroar|[spread] p2a,p2b\n|-supereffective|p2a: Dragonite|1\n|-supereffective|p2b: Incineroar|1\n|-damage|p2a: Dragonite|88/100\n|-damage|p2b: Incineroar|76/100\n|move|p2a: Dragonite|Ice Beam|p1b: Garchomp\n|-supereffective|p1b: Garchomp|2\n|-enditem|p1b: Garchomp|Focus Sash\n|-damage|p1b: Garchomp|1/100\n|move|p1a: Orthworm|Shed Tail|p1a: Orthworm\n|-start|p1a: Orthworm|Substitute|[from] move: Shed Tail\n|-damage|p1a: Orthworm|46/100\n|-enditem|p1a: Orthworm|Sitrus Berry|[eat]\n|-heal|p1a: Orthworm|71/100|[from] item: Sitrus Berry\n|\n|t:|1776327408\n|switch|p1a: Blastoise|Blastoise, L50, M|100/100|[from] Shed Tail\n|move|p2b: Incineroar|Flare Blitz|p1a: Blastoise\n|-resisted|p1a: Blastoise|1\n|-end|p1a: Blastoise|Substitute\n|-damage|p2b: Incineroar|68/100|[from] Recoil|[of] p1a: Blastoise\n|\n|upkeep\n|turn|3\n|\n|t:|1776327424\n|detailschange|p1a: Blastoise|Blastoise-Mega, L50, M\n|-mega|p1a: Blastoise|Blastoise|Blastoisinite\n|move|p2a: Dragonite|Protect|p2a: Dragonite\n|-singleturn|p2a: Dragonite|Protect\n|move|p1b: Garchomp|Rock Slide|p2a: Dragonite|[spread] p2b\n|-activate|p2a: Dragonite|move: Protect\n|-supereffective|p2b: Incineroar|1\n|-damage|p2b: Incineroar|47/100\n|-enditem|p2b: Incineroar|Sitrus Berry|[eat]\n|-heal|p2b: Incineroar|71/100|[from] item: Sitrus Berry\n|move|p1a: Blastoise|Shell Smash|p1a: Blastoise\n|-unboost|p1a: Blastoise|def|1\n|-unboost|p1a: Blastoise|spd|1\n|-boost|p1a: Blastoise|atk|2\n|-boost|p1a: Blastoise|spa|2\n|-boost|p1a: Blastoise|spe|2\n|move|p2b: Incineroar|Throat Chop|p1b: Garchomp\n|-damage|p1b: Garchomp|0 fnt\n|faint|p1b: Garchomp\n|\n|upkeep\n|\n|t:|1776327438\n|switch|p1b: Talonflame|Talonflame, L50, F|100/100\n|turn|4\n|\n|t:|1776327461\n|move|p1a: Blastoise|Protect|p1a: Blastoise\n|-singleturn|p1a: Blastoise|Protect\n|move|p1b: Talonflame|Dual Wingbeat|p2a: Dragonite\n|-damage|p2a: Dragonite|70/100\n|-damage|p2a: Dragonite|50/100\n|-hitcount|p2a: Dragonite|2\n|move|p2a: Dragonite|Thunderbolt|p1a: Blastoise\n|-activate|p1a: Blastoise|move: Protect\n|move|p2b: Incineroar|Parting Shot|p1a: Blastoise\n|-activate|p1a: Blastoise|move: Protect\n|\n|upkeep\n|turn|5\n|inactive|nikx17 has 30 seconds left.\n|\n|t:|1776327488\n|move|p2a: Dragonite|Protect|p2a: Dragonite\n|-singleturn|p2a: Dragonite|Protect\n|move|p1a: Blastoise|Water Spout|p2a: Dragonite|[spread] p2b\n|-activate|p2a: Dragonite|move: Protect\n|-supereffective|p2b: Incineroar|1\n|-damage|p2b: Incineroar|0 fnt\n|faint|p2b: Incineroar\n|move|p1b: Talonflame|Rain Dance|p1b: Talonflame\n|-weather|RainDance\n|\n|-weather|RainDance|[upkeep]\n|upkeep\n|\n|t:|1776327501\n|switch|p2b: Lucario|Lucario, L50, M|100/100\n|turn|6\n|inactive|nikx17 has 30 seconds left.\n|\n|t:|1776327528\n|move|p1b: Talonflame|Dual Wingbeat|p2a: Dragonite\n|-damage|p2a: Dragonite|32/100\n|-damage|p2a: Dragonite|14/100\n|-hitcount|p2a: Dragonite|2\n|move|p1a: Blastoise|Water Spout|p2a: Dragonite|[spread] p2a,p2b\n|-resisted|p2a: Dragonite|1\n|-damage|p2a: Dragonite|0 fnt\n|-damage|p2b: Lucario|0 fnt\n|faint|p2a: Dragonite\n|faint|p2b: Lucario\n|\n|-weather|RainDance|[upkeep]\n|upkeep\n|\n|t:|1776327540\n|switch|p2a: Typhlosion|Typhlosion-Hisui, L50, F|100/100\n|-item|p1a: Blastoise|Blastoisinite|[from] ability: Frisk|[of] p2a: Typhlosion\n|-item|p1b: Talonflame|Sharp Beak|[from] ability: Frisk|[of] p2a: Typhlosion\n|turn|7\n|-message|nikx17 forfeited.\n|\n|win|PokeHys3\n|raw|PokeHys3's rating: 1187 &rarr; <strong>1206</strong><br />(+19 for winning)\n|raw|nikx17's rating: 1097 &rarr; <strong>1079</strong><br />(-18 for losing)\n|l|\u2606nikx17\n|player|p2|\n",
  "uploadtime": 1776327548,
  "views": 28,
  "formatid": "gen9championsvgc2026regma",
  "rating": 1079,
  "private": 0,
  "password": null
}