{
  "id": "gen9championsvgc2026regma-2581480762",
  "format": "[Gen 9 Champions] VGC 2026 Reg M-A",
  "players": [
    "augsaas",
    "RedPokemon0808"
  ],
  "log": "|j|\u2606augsaas\n|j|\u2606RedPokemon0808\n|t:|1776004446\n|gametype|doubles\n|player|p1|augsaas|cynthia-gen4|1000\n|player|p2|RedPokemon0808|red|1074\n|gen|9\n|tier|[Gen 9 Champions] VGC 2026 Reg M-A\n|rated|\n|rule|Species Clause: Limit one of each Pok\u00e9mon\n|rule|Item Clause: Limit 1 of each item\n|clearpoke\n|poke|p1|Aerodactyl, L50, F|\n|poke|p1|Floette-Eternal, L50, F|\n|poke|p1|Sinistcha, L50|\n|poke|p1|Garchomp, L50, M|\n|poke|p1|Tyranitar, L50, M|\n|poke|p1|Rotom-Wash, L50|\n|poke|p2|Charizard, L50, M|\n|poke|p2|Venusaur, L50, M|\n|poke|p2|Garchomp, L50, M|\n|poke|p2|Rotom-Wash, L50|\n|poke|p2|Sneasler, L50, F|\n|poke|p2|Incineroar, L50, M|\n|teampreview|4\n|inactive|Battle timer is ON: inactive players will automatically lose when time's up. (requested by RedPokemon0808)\n|\n|t:|1776004500\n|teamsize|p1|4\n|teamsize|p2|4\n|start\n|switch|p1a: Aerodactyl|Aerodactyl, L50, F|100/100\n|switch|p1b: Rotom|Rotom-Wash, L50|100/100\n|switch|p2a: Charizard|Charizard, L50, M, shiny|100/100\n|switch|p2b: Venusaur|Venusaur, L50, M|100/100\n|-ability|p1a: Aerodactyl|Unnerve\n|turn|1\n|inactive|augsaas has 30 seconds left.\n|inactive|RedPokemon0808 has 30 seconds left.\n|inactive|augsaas has 20 seconds left.\n|inactive|RedPokemon0808 has 20 seconds left.\n|inactive|augsaas has 15 seconds left.\n|inactive|augsaas has 10 seconds left.\n|inactive|augsaas has 5 seconds left.\n|\n|t:|1776004551\n|detailschange|p1a: Aerodactyl|Aerodactyl-Mega, L50, F\n|-mega|p1a: Aerodactyl|Aerodactyl|Aerodactylite\n|detailschange|p2a: Charizard|Charizard-Mega-Y, L50, M, shiny\n|-mega|p2a: Charizard|Charizard|Charizardite Y\n|-weather|SunnyDay|[from] ability: Drought|[of] p2a: Charizard\n|move|p2a: Charizard|Protect|p2a: Charizard\n|-singleturn|p2a: Charizard|Protect\n|move|p2b: Venusaur|Sleep Powder|p1a: Aerodactyl\n|-status|p1a: Aerodactyl|slp|[from] move: Sleep Powder\n|cant|p1a: Aerodactyl|slp\n|move|p1b: Rotom|Volt Switch|p2b: Venusaur\n|-resisted|p2b: Venusaur|1\n|-damage|p2b: Venusaur|81/100\n|\n|t:|1776004561\n|switch|p1b: Tyranitar|Tyranitar, L50, M|100/100|[from] Volt Switch\n|-weather|Sandstorm|[from] ability: Sand Stream|[of] p1b: Tyranitar\n|\n|-weather|Sandstorm|[upkeep]\n|-damage|p2a: Charizard|95/100|[from] Sandstorm\n|-damage|p2b: Venusaur|75/100|[from] Sandstorm\n|upkeep\n|turn|2\n|\n|t:|1776004575\n|switch|p2a: Garchomp|Garchomp, L50, M, shiny|100/100\n|cant|p1a: Aerodactyl|slp\n|move|p2b: Venusaur|Giga Drain|p1b: Tyranitar\n|-supereffective|p1b: Tyranitar|1\n|-damage|p1b: Tyranitar|57/100\n|-heal|p2b: Venusaur|100/100|[from] drain|[of] p1b: Tyranitar\n|move|p1b: Tyranitar|Rock Slide|p2a: Garchomp|[spread] p2a\n|-miss|p1b: Tyranitar|p2b: Venusaur\n|-resisted|p2a: Garchomp|1\n|-damage|p2a: Garchomp|84/100\n|\n|-weather|Sandstorm|[upkeep]\n|-damage|p2b: Venusaur|95/100|[from] Sandstorm\n|upkeep\n|turn|3\n|\n|t:|1776004583\n|switch|p1b: Garchomp|Garchomp, L50, M|100/100\n|move|p2a: Garchomp|Rock Slide|p1a: Aerodactyl|[spread] p1a,p1b\n|-supereffective|p1a: Aerodactyl|1\n|-resisted|p1b: Garchomp|1\n|-damage|p1a: Aerodactyl|42/100 slp\n|-damage|p1b: Garchomp|90/100\n|-curestatus|p1a: Aerodactyl|slp|[msg]\n|move|p1a: Aerodactyl|Dual Wingbeat|p2b: Venusaur\n|-supereffective|p2b: Venusaur|1\n|-damage|p2b: Venusaur|18/100\n|-supereffective|p2b: Venusaur|1\n|-damage|p2b: Venusaur|0 fnt\n|faint|p2b: Venusaur\n|-hitcount|p2: Venusaur|2\n|\n|-weather|Sandstorm|[upkeep]\n|upkeep\n|\n|t:|1776004593\n|switch|p2b: Charizard|Charizard-Mega-Y, L50, M, shiny|95/100\n|-weather|SunnyDay|[from] ability: Drought|[of] p2b: Charizard\n|turn|4\n|\n|t:|1776004608\n|switch|p1a: Tyranitar|Tyranitar, L50, M|57/100\n|-weather|Sandstorm|[from] ability: Sand Stream|[of] p1a: Tyranitar\n|move|p2b: Charizard|Protect|p2b: Charizard\n|-singleturn|p2b: Charizard|Protect\n|move|p1b: Garchomp|Dragon Claw|p2a: Garchomp\n|-supereffective|p2a: Garchomp|1\n|-damage|p2a: Garchomp|4/100\n|-damage|p1b: Garchomp|77/100|[from] ability: Rough Skin|[of] p2a: Garchomp\n|move|p2a: Garchomp|Rock Slide|p1b: Garchomp|[spread] p1a\n|-miss|p2a: Garchomp|p1b: Garchomp\n|-damage|p1a: Tyranitar|39/100\n|\n|-weather|Sandstorm|[upkeep]\n|-damage|p2b: Charizard|89/100|[from] Sandstorm\n|upkeep\n|turn|5\n|inactive|RedPokemon0808 has 30 seconds left.\n|\n|t:|1776004641\n|switch|p1a: Rotom|Rotom-Wash, L50|100/100\n|move|p1b: Garchomp|Dragon Claw|p2a: Garchomp\n|-supereffective|p2a: Garchomp|1\n|-damage|p2a: Garchomp|0 fnt\n|-damage|p1b: Garchomp|65/100|[from] ability: Rough Skin|[of] p2a: Garchomp\n|faint|p2a: Garchomp\n|move|p2b: Charizard|Solar Beam||[still]\n|-prepare|p2b: Charizard|Solar Beam\n|\n|-weather|Sandstorm|[upkeep]\n|-damage|p2b: Charizard|83/100|[from] Sandstorm\n|-damage|p1a: Rotom|95/100|[from] Sandstorm\n|upkeep\n|\n|t:|1776004646\n|switch|p2a: Incineroar|Incineroar, L50, M, shiny|100/100\n|-ability|p2a: Incineroar|Intimidate|boost\n|-unboost|p1a: Rotom|atk|1\n|-unboost|p1b: Garchomp|atk|1\n|turn|6\n|\n|t:|1776004669\n|switch|p1a: Tyranitar|Tyranitar, L50, M|39/100\n|move|p2a: Incineroar|Fake Out|p1a: Tyranitar\n|-resisted|p1a: Tyranitar|1\n|-damage|p1a: Tyranitar|33/100\n|move|p1b: Garchomp|Dragon Claw|p2b: Charizard\n|-damage|p2b: Charizard|40/100\n|move|p2b: Charizard|Solar Beam|p1b: Garchomp|[from] lockedmove\n|-damage|p1b: Garchomp|38/100\n|\n|-weather|Sandstorm|[upkeep]\n|-damage|p2b: Charizard|34/100|[from] Sandstorm\n|-damage|p2a: Incineroar|95/100|[from] Sandstorm\n|upkeep\n|turn|7\n|\n|t:|1776004689\n|move|p1b: Garchomp|Dragon Claw|p2b: Charizard\n|-damage|p2b: Charizard|0 fnt\n|faint|p2b: Charizard\n|move|p1a: Tyranitar|Low Kick|p2a: Incineroar\n|-supereffective|p2a: Incineroar|1\n|-damage|p2a: Incineroar|35/100\n|-enditem|p2a: Incineroar|Sitrus Berry|[eat]\n|-heal|p2a: Incineroar|60/100|[from] item: Sitrus Berry\n|move|p2a: Incineroar|Darkest Lariat|p1b: Garchomp\n|-damage|p1b: Garchomp|0 fnt\n|faint|p1b: Garchomp\n|\n|-weather|Sandstorm|[upkeep]\n|-damage|p2a: Incineroar|54/100|[from] Sandstorm\n|upkeep\n|\n|t:|1776004697\n|switch|p1b: Aerodactyl|Aerodactyl-Mega, L50, F|42/100\n|turn|8\n|l|\u2606RedPokemon0808\n|inactive|RedPokemon0808 disconnected and has a minute to reconnect!\n|player|p2|\n|inactive|RedPokemon0808 has 30 seconds left.\n|inactive|RedPokemon0808 has 20 seconds left.\n|inactive|RedPokemon0808 has 15 seconds left.\n|inactive|RedPokemon0808 has 10 seconds left.\n|inactive|RedPokemon0808 has 5 seconds left.\n|-message|RedPokemon0808 lost due to inactivity.\n|\n|win|augsaas\n|raw|augsaas's rating: 1000 &rarr; <strong>1048</strong><br />(+48 for winning)\n|raw|RedPokemon0808's rating: 1074 &rarr; <strong>1048</strong><br />(-26 for losing)\n",
  "uploadtime": 1776004756,
  "views": 18,
  "formatid": "gen9championsvgc2026regma",
  "rating": 1048,
  "private": 0,
  "password": null
}