{
  "id": "gen9championsvgc2026regma-2587060424",
  "format": "[Gen 9 Champions] VGC 2026 Reg M-A",
  "players": [
    "SharksWithArms",
    "fpahstkxkd"
  ],
  "log": "|j|\u2606SharksWithArms\n|j|\u2606fpahstkxkd\n|t:|1776488136\n|gametype|doubles\n|player|p1|SharksWithArms|galacticgrunt|1265\n|player|p2|fpahstkxkd|265|1358\n|gen|9\n|tier|[Gen 9 Champions] VGC 2026 Reg M-A\n|rated|\n|rule|Species Clause: Limit one of each Pok\u00e9mon\n|rule|Item Clause: Limit 1 of each item\n|clearpoke\n|poke|p1|Kingambit, L50, F|\n|poke|p1|Sneasler, L50, M|\n|poke|p1|Talonflame, L50, M|\n|poke|p1|Garchomp, L50, M|\n|poke|p1|Froslass, L50, F, shiny|\n|poke|p1|Milotic, L50, F, shiny|\n|poke|p2|Politoed, L50, F|\n|poke|p2|Gengar, L50, F, shiny|\n|poke|p2|Incineroar, L50, M|\n|poke|p2|Palafin, L50, M|\n|poke|p2|Whimsicott, L50, M, shiny|\n|poke|p2|Kommo-o, L50, F|\n|teampreview|4\n|inactive|Battle timer is ON: inactive players will automatically lose when time's up. (requested by SharksWithArms)\nSharksWithArms rejected open team sheets.\n|\n|t:|1776488164\n|teamsize|p1|4\n|teamsize|p2|4\n|start\n|switch|p1a: Talonflame|Talonflame, L50, M|100/100\n|switch|p1b: Milotic|Milotic, L50, F, shiny|100/100\n|switch|p2a: Gengar|Gengar, L50, F, shiny|100/100\n|switch|p2b: Palafin|Palafin, L50, M|100/100\n|turn|1\n|inactive|fpahstkxkd has 30 seconds left.\n|inactive|fpahstkxkd has 20 seconds left.\n|\n|t:|1776488203\n|detailschange|p2b: Palafin|Palafin-Hero, L50, M\n|switch|p2b: Whimsicott|Whimsicott, L50, M, shiny|100/100\n|detailschange|p2a: Gengar|Gengar-Mega, L50, F, shiny\n|-mega|p2a: Gengar|Gengar|Gengarite\n|move|p2a: Gengar|Protect|p2a: Gengar\n|-singleturn|p2a: Gengar|Protect\n|move|p1a: Talonflame|Tailwind|p1a: Talonflame\n|-sidestart|p1: SharksWithArms|move: Tailwind\n|move|p1b: Milotic|Icy Wind|p2a: Gengar|[spread] p2b\n|-activate|p2a: Gengar|move: Protect\n|-supereffective|p2b: Whimsicott|1\n|-damage|p2b: Whimsicott|56/100\n|-unboost|p2b: Whimsicott|spe|1\n|\n|upkeep\n|turn|2\n|inactive|fpahstkxkd has 30 seconds left.\n|inactive|SharksWithArms has 30 seconds left.\n|inactive|fpahstkxkd has 20 seconds left.\n|inactive|SharksWithArms has 20 seconds left.\n|\n|t:|1776488245\n|move|p2b: Whimsicott|Protect|p2b: Whimsicott\n|-singleturn|p2b: Whimsicott|Protect\n|move|p1a: Talonflame|Brave Bird|p2b: Whimsicott\n|-activate|p2b: Whimsicott|move: Protect\n|move|p1b: Milotic|Icy Wind|p2a: Gengar|[spread] p2a\n|-activate|p2b: Whimsicott|move: Protect\n|-damage|p2a: Gengar|83/100\n|-unboost|p2a: Gengar|spe|1\n|move|p2a: Gengar|Perish Song|p2a: Gengar\n|-start|p1a: Talonflame|perish3|[silent]\n|-start|p1b: Milotic|perish3|[silent]\n|-start|p2a: Gengar|perish3|[silent]\n|-start|p2b: Whimsicott|perish3|[silent]\n|-fieldactivate|move: Perish Song\n|\n|-start|p1a: Talonflame|perish3\n|-start|p1b: Milotic|perish3\n|-start|p2a: Gengar|perish3\n|-start|p2b: Whimsicott|perish3\n|upkeep\n|turn|3\n|inactive|fpahstkxkd has 30 seconds left.\n|inactive|SharksWithArms has 30 seconds left.\n|inactive|fpahstkxkd has 20 seconds left.\n|\n|t:|1776488282\n|switch|p2b: Politoed|Politoed, L50, F|100/100\n|-weather|RainDance|[from] ability: Drizzle|[of] p2b: Politoed\n|move|p2a: Gengar|Protect|p2a: Gengar\n|-singleturn|p2a: Gengar|Protect\n|move|p1a: Talonflame|Brave Bird|p2b: Politoed\n|-damage|p2b: Politoed|58/100\n|-damage|p1a: Talonflame|82/100|[from] Recoil\n|move|p1b: Milotic|Icy Wind|p2b: Politoed|[spread] p2b\n|-activate|p2a: Gengar|move: Protect\n|-resisted|p2b: Politoed|1\n|-damage|p2b: Politoed|53/100\n|-unboost|p2b: Politoed|spe|1\n|\n|-weather|RainDance|[upkeep]\n|-heal|p2b: Politoed|59/100|[from] item: Leftovers\n|-start|p1a: Talonflame|perish2\n|-start|p1b: Milotic|perish2\n|-start|p2a: Gengar|perish2\n|upkeep\n|turn|4\n|inactive|fpahstkxkd has 30 seconds left.\n|inactive|SharksWithArms has 30 seconds left.\n|inactive|fpahstkxkd has 20 seconds left.\n|\n|t:|1776488320\n|switch|p2a: Whimsicott|Whimsicott, L50, M, shiny|56/100\n|move|p1a: Talonflame|Brave Bird|p2a: Whimsicott\n|-supereffective|p2a: Whimsicott|1\n|-damage|p2a: Whimsicott|0 fnt\n|faint|p2a: Whimsicott\n|-damage|p1a: Talonflame|66/100|[from] Recoil\n|move|p1b: Milotic|Icy Wind|p2b: Politoed\n|-resisted|p2b: Politoed|1\n|-damage|p2b: Politoed|52/100\n|-unboost|p2b: Politoed|spe|1\n|move|p2b: Politoed|Weather Ball|p1a: Talonflame\n|-supereffective|p1a: Talonflame|1\n|-damage|p1a: Talonflame|0 fnt\n|faint|p1a: Talonflame\n|\n|-weather|RainDance|[upkeep]\n|-heal|p2b: Politoed|58/100|[from] item: Leftovers\n|-start|p1b: Milotic|perish1\n|-sideend|p1: SharksWithArms|move: Tailwind\n|upkeep\n|\n|t:|1776488331\n|switch|p1a: Kingambit|Kingambit, L50, F|100/100\n|switch|p2a: Gengar|Gengar-Mega, L50, F, shiny|83/100\n|turn|5\n|\n|t:|1776488351\n|move|p2a: Gengar|Protect|p2a: Gengar\n|-singleturn|p2a: Gengar|Protect\n|move|p1b: Milotic|Muddy Water|p2b: Politoed|[spread] \n|-activate|p2a: Gengar|move: Protect\n|-miss|p1b: Milotic|p2b: Politoed\n|move|p1a: Kingambit|Swords Dance|p1a: Kingambit\n|-boost|p1a: Kingambit|atk|2\n|move|p2b: Politoed|Encore|p1a: Kingambit\n|-start|p1a: Kingambit|Encore\n|\n|-weather|RainDance|[upkeep]\n|-heal|p2b: Politoed|64/100|[from] item: Leftovers\n|-start|p1b: Milotic|perish0\n|faint|p1b: Milotic\n|upkeep\n|\n|t:|1776488360\n|switch|p1b: Froslass|Froslass, L50, F, shiny|100/100\n|turn|6\n|\n|t:|1776488385\n|detailschange|p1b: Froslass|Froslass-Mega, L50, F, shiny\n|-mega|p1b: Froslass|Froslass|Froslassite\n|-weather|Snowscape|[from] ability: Snow Warning|[of] p1b: Froslass\n|move|p2a: Gengar|Shadow Ball|p1b: Froslass\n|-supereffective|p1b: Froslass|1\n|-damage|p1b: Froslass|0 fnt\n|faint|p1b: Froslass\n|move|p1a: Kingambit|Swords Dance|p1a: Kingambit\n|-boost|p1a: Kingambit|atk|2\n|move|p2b: Politoed|Weather Ball|p1a: Kingambit\n|-resisted|p1a: Kingambit|1\n|-damage|p1a: Kingambit|89/100\n|\n|-weather|Snowscape|[upkeep]\n|-heal|p2b: Politoed|70/100|[from] item: Leftovers\n|upkeep\n|turn|7\n|\n|t:|1776488392\n|switch|p2b: Palafin|Palafin-Hero, L50, M|100/100\n|-activate|p2b: Palafin|ability: Zero to Hero\n|move|p2a: Gengar|Disable|p1a: Kingambit\n|-start|p1a: Kingambit|Disable|Swords Dance\n|cant|p1a: Kingambit|Disable|Swords Dance\n|\n|-weather|Snowscape|[upkeep]\n|upkeep\n|turn|8\n|\n|t:|1776488397\n|switch|p2a: Politoed|Politoed, L50, F|70/100\n|-weather|RainDance|[from] ability: Drizzle|[of] p2a: Politoed\n|move|p2b: Palafin|Close Combat|p1a: Kingambit\n|-supereffective|p1a: Kingambit|2\n|-damage|p1a: Kingambit|0 fnt\n|-unboost|p2b: Palafin|def|1\n|-unboost|p2b: Palafin|spd|1\n|faint|p1a: Kingambit\n|\n|win|fpahstkxkd\n|raw|SharksWithArms's rating: 1265 &rarr; <strong>1247</strong><br />(-18 for losing)\n|raw|fpahstkxkd's rating: 1358 &rarr; <strong>1373</strong><br />(+15 for winning)\n|c|\u2606SharksWithArms|loser\n|l|\u2606SharksWithArms\n|player|p1|\n|c|\u2606fpahstkxkd|:(\n",
  "uploadtime": 1776488436,
  "views": 44,
  "formatid": "gen9championsvgc2026regma",
  "rating": 1247,
  "private": 0,
  "password": null
}