{
  "id": "gen9championsvgc2026regma-2581336371",
  "format": "[Gen 9 Champions] VGC 2026 Reg M-A",
  "players": [
    "willkeeper",
    "radoovak"
  ],
  "log": "|j|\u2606willkeeper\n|j|\u2606radoovak\n|t:|1775988388\n|gametype|doubles\n|player|p1|willkeeper|yellow|1408\n|player|p2|radoovak|steven|1492\n|gen|9\n|tier|[Gen 9 Champions] VGC 2026 Reg M-A\n|rated|\n|rule|Species Clause: Limit one of each Pok\u00e9mon\n|rule|Item Clause: Limit 1 of each item\n|clearpoke\n|poke|p1|Sneasler, L50, F|\n|poke|p1|Basculegion, L50, M|\n|poke|p1|Garchomp, L50, F|\n|poke|p1|Incineroar, L50, M|\n|poke|p1|Aerodactyl, L50, F|\n|poke|p1|Floette-Eternal, L50, F|\n|poke|p2|Gengar, L50, F|\n|poke|p2|Sneasler, L50, F|\n|poke|p2|Incineroar, L50, M|\n|poke|p2|Whimsicott, L50, M|\n|poke|p2|Hydreigon, L50, M|\n|poke|p2|Palafin, L50, M|\n|teampreview|4\n|inactive|Battle timer is ON: inactive players will automatically lose when time's up. (requested by willkeeper)\n|inactive|radoovak has 60 seconds left.\n|j| gE1xjZRtuhW2DdT0AK\n|inactive|radoovak has 30 seconds left.\n|inactive|radoovak has 20 seconds left.\n|\n|t:|1775988462\n|teamsize|p1|4\n|teamsize|p2|4\n|start\n|switch|p1a: Aerodactyl|Aerodactyl, L50, F|100/100\n|switch|p1b: Garchomp|Garchomp, L50, F|100/100\n|switch|p2a: Hydreigon|Hydreigon, L50, M|100/100\n|switch|p2b: Gengar|Gengar, L50, F|100/100\n|-ability|p1a: Aerodactyl|Unnerve\n|turn|1\n|\n|t:|1775988476\n|switch|p2b: Whimsicott|Whimsicott, L50, M|100/100\n|move|p1b: Garchomp|Protect|p1b: Garchomp\n|-singleturn|p1b: Garchomp|Protect\n|move|p2a: Hydreigon|Draco Meteor|p1b: Garchomp\n|-activate|p1b: Garchomp|move: Protect\n|move|p1a: Aerodactyl|Tailwind|p1a: Aerodactyl\n|-sidestart|p1: willkeeper|move: Tailwind\n|\n|upkeep\n|turn|2\n|inactive|radoovak has 30 seconds left.\n|\n|t:|1775988505\n|switch|p1b: Floette|Floette-Eternal, L50, F|100/100\n|switch|p2a: Gengar|Gengar, L50, F|100/100\n|move|p2b: Whimsicott|Encore|p1a: Aerodactyl\n|-start|p1a: Aerodactyl|Encore\n|move|p1a: Aerodactyl|Tailwind||[still]\n|-fail|p1a: Aerodactyl\n|\n|upkeep\n|turn|3\n|inactive|radoovak has 30 seconds left.\n|inactive|radoovak has 20 seconds left.\n|inactive|radoovak has 15 seconds left.\n|inactive|radoovak has 10 seconds left.\n|inactive|radoovak has 5 seconds left.\n|\n|t:|1775988556\n|switch|p1a: Garchomp|Garchomp, L50, F|100/100\n|switch|p1b: Basculegion|Basculegion, L50, M|100/100\n|detailschange|p2a: Gengar|Gengar-Mega, L50, F\n|-mega|p2a: Gengar|Gengar|Gengarite\n|move|p2b: Whimsicott|Fake Tears|p1b: Basculegion\n|-unboost|p1b: Basculegion|spd|2\n|move|p2a: Gengar|Sludge Bomb|p1a: Garchomp\n|-resisted|p1a: Garchomp|1\n|-crit|p1a: Garchomp\n|-damage|p1a: Garchomp|62/100\n|\n|upkeep\n|turn|4\n|inactive|radoovak has 30 seconds left.\n|inactive|radoovak has 20 seconds left.\n|\n|t:|1775988593\n|move|p2a: Gengar|Protect|p2a: Gengar\n|-singleturn|p2a: Gengar|Protect\n|move|p2b: Whimsicott|Tailwind|p2b: Whimsicott\n|-sidestart|p2: radoovak|move: Tailwind\n|move|p1b: Basculegion|Flip Turn|p2b: Whimsicott\n|-resisted|p2b: Whimsicott|1\n|-damage|p2b: Whimsicott|79/100\n|\n|t:|1775988601\n|switch|p1b: Aerodactyl|Aerodactyl, L50, F|100/100|[from] Flip Turn\n|-ability|p1b: Aerodactyl|Unnerve\n|move|p1a: Garchomp|Earthquake|p2b: Whimsicott|[spread] p2b\n|-activate|p2a: Gengar|move: Protect\n|-immune|p1b: Aerodactyl\n|-resisted|p2b: Whimsicott|1\n|-damage|p2b: Whimsicott|54/100\n|\n|-sideend|p1: willkeeper|move: Tailwind\n|upkeep\n|turn|5\n|\n|t:|1775988618\n|move|p2a: Gengar|Will-O-Wisp|p1b: Aerodactyl\n|-status|p1b: Aerodactyl|brn\n|move|p2b: Whimsicott|Moonblast|p1a: Garchomp\n|-supereffective|p1a: Garchomp|1\n|-damage|p1a: Garchomp|3/100\n|move|p1b: Aerodactyl|Dual Wingbeat|p2b: Whimsicott\n|-supereffective|p2b: Whimsicott|1\n|-damage|p2b: Whimsicott|33/100\n|-supereffective|p2b: Whimsicott|1\n|-damage|p2b: Whimsicott|9/100\n|-hitcount|p2b: Whimsicott|2\n|move|p1a: Garchomp|Earthquake|p2b: Whimsicott|[spread] p2a,p2b\n|-immune|p1b: Aerodactyl\n|-supereffective|p2a: Gengar|1\n|-resisted|p2b: Whimsicott|1\n|-damage|p2a: Gengar|5/100\n|-damage|p2b: Whimsicott|0 fnt\n|faint|p2b: Whimsicott\n|\n|-damage|p1b: Aerodactyl|95/100 brn|[from] brn\n|upkeep\n|\n|t:|1775988633\n|switch|p2b: Sneasler|Sneasler, L50, F|100/100\n|turn|6\n|\n|t:|1775988643\n|move|p2b: Sneasler|Fake Out|p1b: Aerodactyl\n|-resisted|p1b: Aerodactyl|1\n|-damage|p1b: Aerodactyl|83/100 brn\n|move|p2a: Gengar|Shadow Ball|p1a: Garchomp\n|-damage|p1a: Garchomp|0 fnt\n|faint|p1a: Garchomp\n|cant|p1b: Aerodactyl|flinch\n|\n|-damage|p1b: Aerodactyl|78/100 brn|[from] brn\n|upkeep\n|\n|t:|1775988647\n|switch|p1a: Basculegion|Basculegion, L50, M|100/100\n|turn|7\n|j| Reign1997\n|\n|t:|1775988662\n|switch|p2a: Hydreigon|Hydreigon, L50, M|100/100\n|move|p1a: Basculegion|Aqua Jet|p2a: Hydreigon\n|-resisted|p2a: Hydreigon|1\n|-damage|p2a: Hydreigon|87/100\n|move|p2b: Sneasler|Close Combat|p1b: Aerodactyl\n|-damage|p1b: Aerodactyl|0 fnt\n|-unboost|p2b: Sneasler|def|1\n|-unboost|p2b: Sneasler|spd|1\n|faint|p1b: Aerodactyl\n|-enditem|p2b: Sneasler|White Herb\n|-clearnegativeboost|p2b: Sneasler|[silent]\n|\n|-sideend|p2: radoovak|move: Tailwind\n|upkeep\n|\n|t:|1775988665\n|switch|p1b: Floette|Floette-Eternal, L50, F|100/100\n|turn|8\n|inactive|radoovak has 30 seconds left.\n|\n|t:|1775988691\n|detailschange|p1b: Floette|Floette-Mega, L50, F\n|-mega|p1b: Floette|Floette|Floettite\n|-ability|p1b: Floette|Fairy Aura\n|move|p2b: Sneasler|Protect|p2b: Sneasler\n|-singleturn|p2b: Sneasler|Protect\n|move|p1a: Basculegion|Aqua Jet|p2b: Sneasler\n|-activate|p2b: Sneasler|move: Protect\n|move|p2a: Hydreigon|Dark Pulse|p1a: Basculegion\n|-supereffective|p1a: Basculegion|1\n|-damage|p1a: Basculegion|5/100\n|move|p1b: Floette|Dazzling Gleam|p2b: Sneasler|[spread] p2a\n|-activate|p2b: Sneasler|move: Protect\n|-supereffective|p2a: Hydreigon|2\n|-damage|p2a: Hydreigon|0 fnt\n|faint|p2a: Hydreigon\n|\n|upkeep\n|\n|t:|1775988702\n|switch|p2a: Gengar|Gengar-Mega, L50, F|5/100\n|turn|9\n|\n|t:|1775988715\n|move|p2a: Gengar|Protect|p2a: Gengar\n|-singleturn|p2a: Gengar|Protect\n|move|p1a: Basculegion|Aqua Jet|p2b: Sneasler\n|-damage|p2b: Sneasler|54/100\n|move|p2b: Sneasler|Dire Claw|p1a: Basculegion\n|-resisted|p1a: Basculegion|1\n|-damage|p1a: Basculegion|0 fnt\n|faint|p1a: Basculegion\n|move|p1b: Floette|Moonblast|p2b: Sneasler\n|-damage|p2b: Sneasler|0 fnt\n|faint|p2b: Sneasler\n|\n|upkeep\n|turn|10\n|\n|t:|1775988723\n|move|p2a: Gengar|Sludge Bomb|p1b: Floette\n|-supereffective|p1b: Floette|1\n|-damage|p1b: Floette|7/100\n|move|p1b: Floette|Dazzling Gleam|p2a: Gengar\n|-resisted|p2a: Gengar|1\n|-damage|p2a: Gengar|0 fnt\n|faint|p2a: Gengar\n|\n|win|willkeeper\n|raw|willkeeper's rating: 1408 &rarr; <strong>1433</strong><br />(+25 for winning)\n|raw|radoovak's rating: 1492 &rarr; <strong>1467</strong><br />(-25 for losing)\n|c|\u2606radoovak|gg\n|c|\u2606willkeeper|gg\n|l|\u2606radoovak\n|player|p2|\n",
  "uploadtime": 1775988732,
  "views": 92,
  "formatid": "gen9championsvgc2026regma",
  "rating": 1433,
  "private": 0,
  "password": null
}