{
  "id": "gen9championsvgc2026regma-2588346897",
  "format": "[Gen 9 Champions] VGC 2026 Reg M-A",
  "players": [
    "BeckerVGC",
    "TyrantToast12"
  ],
  "log": "|j|\u2606BeckerVGC\n|j|\u2606TyrantToast12\n|t:|1776626002\n|gametype|doubles\n|player|p1|BeckerVGC|1|1033\n|player|p2|TyrantToast12|169|1000\n|gen|9\n|tier|[Gen 9 Champions] VGC 2026 Reg M-A\n|rated|\n|rule|Species Clause: Limit one of each Pok\u00e9mon\n|rule|Item Clause: Limit 1 of each item\n|clearpoke\n|poke|p1|Tyranitar, L50, M, shiny|\n|poke|p1|Incineroar, L50, M, shiny|\n|poke|p1|Kingambit, L50, M, shiny|\n|poke|p1|Gengar, L50, M, shiny|\n|poke|p1|Whimsicott, L50, F|\n|poke|p1|Rotom-Wash, L50|\n|poke|p2|Garchomp, L50, M|\n|poke|p2|Aerodactyl, L50, M|\n|poke|p2|Gyarados, L50, F|\n|poke|p2|Tyranitar, L50, M|\n|poke|p2|Aegislash, L50, F|\n|poke|p2|Gardevoir, L50, F|\n|teampreview|4\n|\n|t:|1776626044\n|teamsize|p1|4\n|teamsize|p2|4\n|start\n|switch|p1a: Whimsicott|Whimsicott, L50, F|100/100\n|switch|p1b: Tyranitar|Tyranitar, L50, M, shiny|100/100\n|switch|p2a: Tyranitar|Tyranitar, L50, M|100/100\n|switch|p2b: Aerodactyl|Aerodactyl, L50, M|100/100\n|-ability|p2b: Aerodactyl|Unnerve\n|-weather|Sandstorm|[from] ability: Sand Stream|[of] p2a: Tyranitar\n|turn|1\n|\n|t:|1776626078\n|detailschange|p1b: Tyranitar|Tyranitar-Mega, L50, M, shiny\n|-mega|p1b: Tyranitar|Tyranitar|Tyranitarite\n|move|p1a: Whimsicott|Tailwind|p1a: Whimsicott\n|-sidestart|p1: BeckerVGC|move: Tailwind\n|move|p2b: Aerodactyl|Taunt|p1a: Whimsicott\n|-start|p1a: Whimsicott|move: Taunt\n|move|p1b: Tyranitar|Rock Slide|p2b: Aerodactyl|[spread] p2a,p2b\n|-supereffective|p2b: Aerodactyl|1\n|-damage|p2a: Tyranitar|71/100\n|-enditem|p2b: Aerodactyl|Focus Sash\n|-damage|p2b: Aerodactyl|1/100\n|move|p2a: Tyranitar|Knock Off|p1a: Whimsicott\n|-resisted|p1a: Whimsicott|1\n|-damage|p1a: Whimsicott|68/100\n|-enditem|p1a: Whimsicott|Focus Sash|[from] move: Knock Off|[of] p2a: Tyranitar\n|\n|-weather|Sandstorm|[upkeep]\n|-damage|p1a: Whimsicott|62/100|[from] Sandstorm\n|upkeep\n|turn|2\n|\n|t:|1776626112\n|move|p2b: Aerodactyl|Wide Guard|p2b: Aerodactyl\n|-singleturn|p2b: Aerodactyl|Wide Guard\n|move|p1a: Whimsicott|Moonblast|p2a: Tyranitar\n|-supereffective|p2a: Tyranitar|1\n|-damage|p2a: Tyranitar|36/100\n|move|p1b: Tyranitar|Rock Slide|p2b: Aerodactyl|[spread] \n|-activate|p2a: Tyranitar|move: Wide Guard\n|-activate|p2b: Aerodactyl|move: Wide Guard\n|move|p2a: Tyranitar|Rock Slide|p1b: Tyranitar|[spread] p1a,p1b\n|-damage|p1a: Whimsicott|26/100\n|-damage|p1b: Tyranitar|82/100\n|\n|-weather|Sandstorm|[upkeep]\n|-damage|p1a: Whimsicott|20/100|[from] Sandstorm\n|upkeep\n|turn|3\n|\n|t:|1776626137\n|switch|p2b: Aegislash|Aegislash, L50, F|100/100\n|move|p2a: Tyranitar|Protect|p2a: Tyranitar\n|-singleturn|p2a: Tyranitar|Protect\n|move|p1a: Whimsicott|Moonblast|p2a: Tyranitar\n|-activate|p2a: Tyranitar|move: Protect\n|move|p1b: Tyranitar|Knock Off|p2b: Aegislash\n|-supereffective|p2b: Aegislash|1\n|-damage|p2b: Aegislash|2/100\n|-enditem|p2b: Aegislash|Leftovers|[from] move: Knock Off|[of] p1b: Tyranitar\n|\n|-weather|Sandstorm|[upkeep]\n|-damage|p1a: Whimsicott|14/100|[from] Sandstorm\n|upkeep\n|turn|4\n|\n|t:|1776626164\n|move|p1a: Whimsicott|Moonblast|p2a: Tyranitar\n|-supereffective|p2a: Tyranitar|1\n|-damage|p2a: Tyranitar|2/100\n|move|p1b: Tyranitar|Rock Slide|p2a: Tyranitar|[spread] p2a,p2b\n|-resisted|p2b: Aegislash|1\n|-damage|p2a: Tyranitar|0 fnt\n|-damage|p2b: Aegislash|0 fnt\n|faint|p2a: Tyranitar\n|faint|p2b: Aegislash\n|\n|-weather|Sandstorm|[upkeep]\n|-damage|p1a: Whimsicott|8/100|[from] Sandstorm\n|-end|p1a: Whimsicott|move: Taunt\n|-sideend|p1: BeckerVGC|move: Tailwind\n|upkeep\n|\n|t:|1776626176\n|switch|p2a: Garchomp|Garchomp, L50, M|100/100\n|switch|p2b: Aerodactyl|Aerodactyl, L50, M|1/100\n|-ability|p2b: Aerodactyl|Unnerve\n|turn|5\n|\n|t:|1776626195\n|detailschange|p2a: Garchomp|Garchomp-Mega, L50, M\n|-mega|p2a: Garchomp|Garchomp|Garchompite\n|move|p2b: Aerodactyl|Wide Guard|p2b: Aerodactyl\n|-singleturn|p2b: Aerodactyl|Wide Guard\n|move|p1a: Whimsicott|Tailwind|p1a: Whimsicott\n|-sidestart|p1: BeckerVGC|move: Tailwind\n|move|p1b: Tyranitar|Knock Off|p2b: Aerodactyl\n|-crit|p2b: Aerodactyl\n|-damage|p2b: Aerodactyl|0 fnt\n|faint|p2b: Aerodactyl\n|move|p2a: Garchomp|Earthquake|p1a: Whimsicott|[spread] p1a,p1b\n|-resisted|p1a: Whimsicott|1\n|-supereffective|p1b: Tyranitar|1\n|-damage|p1a: Whimsicott|0 fnt\n|-damage|p1b: Tyranitar|4/100\n|faint|p1a: Whimsicott\n|\n|-weather|none\n|upkeep\n|\n|t:|1776626212\n|switch|p1a: Gengar|Gengar, L50, M, shiny|100/100\n|turn|6\n|\n|t:|1776626229\n|move|p1a: Gengar|Shadow Ball|p2a: Garchomp\n|-damage|p2a: Garchomp|56/100\n|move|p1b: Tyranitar|Knock Off|p2a: Garchomp\n|-damage|p2a: Garchomp|18/100\n|move|p2a: Garchomp|Earthquake|p1a: Gengar|[spread] p1a,p1b\n|-supereffective|p1a: Gengar|1\n|-supereffective|p1b: Tyranitar|1\n|-damage|p1a: Gengar|0 fnt\n|-damage|p1b: Tyranitar|0 fnt\n|faint|p1a: Gengar\n|faint|p1b: Tyranitar\n|\n|upkeep\n|\n|t:|1776626244\n|switch|p1b: Incineroar|Incineroar, L50, M, shiny|100/100\n|-ability|p1b: Incineroar|Intimidate|boost\n|-unboost|p2a: Garchomp|atk|1\n|turn|7\n|\n|t:|1776626253\n|move|p1b: Incineroar|Flare Blitz|p2a: Garchomp\n|-resisted|p2a: Garchomp|1\n|-damage|p2a: Garchomp|0 fnt\n|faint|p2a: Garchomp\n|-damage|p1b: Incineroar|95/100|[from] Recoil\n|\n|win|BeckerVGC\n|raw|BeckerVGC's rating: 1033 &rarr; <strong>1065</strong><br />(+32 for winning)\n|raw|TyrantToast12's rating: 1000 &rarr; <strong>1000</strong><br />(+0 for losing)\n|c|\u2606TyrantToast12|gg\n|l|\u2606TyrantToast12\n|player|p2|\n",
  "uploadtime": 1776626264,
  "views": 12,
  "formatid": "gen9championsvgc2026regma",
  "rating": 1000,
  "private": 0,
  "password": null
}