{
  "id": "gen9championsvgc2026regma-2584892430",
  "format": "[Gen 9 Champions] VGC 2026 Reg M-A",
  "players": [
    "maksmax1234",
    "AkioKira"
  ],
  "log": "|j|\u2606maksmax1234\n|j|\u2606AkioKira\n|t:|1776292110\n|gametype|doubles\n|player|p1|maksmax1234|266|1050\n|player|p2|AkioKira|miku-ground|1086\n|gen|9\n|tier|[Gen 9 Champions] VGC 2026 Reg M-A\n|rated|\n|rule|Species Clause: Limit one of each Pok\u00e9mon\n|rule|Item Clause: Limit 1 of each item\n|clearpoke\n|poke|p1|Beedrill, L50, F|\n|poke|p1|Typhlosion, L50, F|\n|poke|p1|Delphox, L50, F|\n|poke|p1|Ninetales, L50, F|\n|poke|p1|Dragapult, L50, M|\n|poke|p1|Charizard, L50, M|\n|poke|p2|Beedrill, L50, M|\n|poke|p2|Rotom-Wash, L50|\n|poke|p2|Aegislash, L50, F|\n|poke|p2|Incineroar, L50, F|\n|poke|p2|Sinistcha, L50|\n|poke|p2|Aerodactyl, L50, M|\n|teampreview|4\n|\n|t:|1776292137\n|teamsize|p1|4\n|teamsize|p2|4\n|start\n|switch|p1a: Delphox|Delphox, L50, F|100/100\n|switch|p1b: Typhlosion|Typhlosion, L50, F|100/100\n|switch|p2a: POTENUINELY|Beedrill, L50, M|100/100\n|switch|p2b: SLASH|Aegislash, L50, F|100/100\n|turn|1\n|\n|t:|1776292153\n|detailschange|p1a: Delphox|Delphox-Mega, L50, F\n|-mega|p1a: Delphox|Delphox|Delphoxite\n|detailschange|p2a: POTENUINELY|Beedrill-Mega, L50, M\n|-mega|p2a: POTENUINELY|Beedrill|Beedrillite\n|move|p2b: SLASH|Wide Guard|p2b: SLASH\n|-singleturn|p2b: SLASH|Wide Guard\n|move|p2a: POTENUINELY|X-Scissor|p1a: Delphox\n|-damage|p1a: Delphox|12/100\n|move|p1a: Delphox|Flamethrower|p1b: Typhlosion\n|-start|p1b: Typhlosion|ability: Flash Fire\n|move|p1b: Typhlosion|Eruption|p2b: SLASH|[spread] \n|-activate|p2a: POTENUINELY|move: Wide Guard\n|-activate|p2b: SLASH|move: Wide Guard\n|\n|upkeep\n|turn|2\n|\n|t:|1776292188\n|move|p2b: SLASH|Wide Guard|p2b: SLASH\n|-singleturn|p2b: SLASH|Wide Guard\n|move|p2a: POTENUINELY|X-Scissor|p1a: Delphox\n|-damage|p1a: Delphox|0 fnt\n|faint|p1a: Delphox\n|move|p1b: Typhlosion|Eruption|p2a: POTENUINELY|[spread] \n|-activate|p2a: POTENUINELY|move: Wide Guard\n|-activate|p2b: SLASH|move: Wide Guard\n|\n|upkeep\n|\n|t:|1776292200\n|switch|p1a: Ninetales|Ninetales, L50, F|100/100\n|-weather|SunnyDay|[from] ability: Drought|[of] p1a: Ninetales\n|turn|3\n|\n|t:|1776292220\n|-end|p1b: Typhlosion|ability: Flash Fire|[silent]\n|switch|p1b: Dragapult|Dragapult, L50, M|100/100\n|move|p2b: SLASH|Wide Guard|p2b: SLASH\n|-singleturn|p2b: SLASH|Wide Guard\n|move|p2a: POTENUINELY|U-turn|p1b: Dragapult\n|-resisted|p1b: Dragapult|1\n|-damage|p1b: Dragapult|68/100\n|\n|t:|1776292227\n|switch|p2a: HIM|Incineroar, L50, F|100/100|[from] U-turn\n|-ability|p2a: HIM|Intimidate|boost\n|-unboost|p1a: Ninetales|atk|1\n|-fail|p1b: Dragapult|unboost|[from] ability: Clear Body|[of] p1b: Dragapult\n|move|p1a: Ninetales|Flamethrower|p2b: SLASH\n|-supereffective|p2b: SLASH|1\n|-damage|p2b: SLASH|2/100\n|\n|-weather|SunnyDay|[upkeep]\n|upkeep\n|turn|4\n|\n|t:|1776292246\n|move|p2b: SLASH|King's Shield||[still]\n|-fail|p2b: SLASH\n|move|p2a: HIM|Fake Out|p1a: Ninetales\n|-damage|p1a: Ninetales|84/100\n|move|p1b: Dragapult|Dragon Darts|p2a: HIM\n|-damage|p2a: HIM|76/100\n|-anim|p1b: Dragapult|Dragon Darts|p2b: SLASH\n|-resisted|p2b: SLASH|1\n|-damage|p2b: SLASH|0 fnt\n|faint|p2b: SLASH\n|cant|p1a: Ninetales|flinch\n|\n|-weather|SunnyDay|[upkeep]\n|upkeep\n|\n|t:|1776292264\n|switch|p2b: POTENUINELY|Beedrill-Mega, L50, M|100/100\n|turn|5\n|\n|t:|1776292273\n|move|p2b: POTENUINELY|Poison Jab|p1a: Ninetales\n|-damage|p1a: Ninetales|0 fnt\n|faint|p1a: Ninetales\n|move|p1b: Dragapult|Flamethrower|p2b: POTENUINELY\n|-supereffective|p2b: POTENUINELY|1\n|-crit|p2b: POTENUINELY\n|-damage|p2b: POTENUINELY|0 fnt\n|faint|p2b: POTENUINELY\n|move|p2a: HIM|Darkest Lariat|p1b: Dragapult\n|-supereffective|p1b: Dragapult|1\n|-damage|p1b: Dragapult|0 fnt\n|faint|p1b: Dragapult\n|\n|-weather|SunnyDay|[upkeep]\n|upkeep\n|\n|t:|1776292290\n|switch|p2b: SINI|Sinistcha, L50|100/100\n|switch|p1b: Typhlosion|Typhlosion, L50, F|100/100\n|-heal|p2a: HIM|100/100|[from] ability: Hospitality|[of] p2b: SINI\n|turn|6\n|\n|t:|1776292306\n|move|p1b: Typhlosion|Eruption|p2b: SINI|[spread] p2a,p2b\n|-resisted|p2a: HIM|1\n|-supereffective|p2b: SINI|1\n|-damage|p2a: HIM|62/100\n|-damage|p2b: SINI|0 fnt\n|faint|p2b: SINI\n|move|p2a: HIM|Darkest Lariat|p1b: Typhlosion\n|-damage|p1b: Typhlosion|58/100\n|\n|-weather|SunnyDay|[upkeep]\n|upkeep\n|turn|7\n|\n|t:|1776292316\n|move|p1b: Typhlosion|Eruption|p2a: HIM\n|-resisted|p2a: HIM|1\n|-damage|p2a: HIM|35/100\n|move|p2a: HIM|Darkest Lariat|p1b: Typhlosion\n|-damage|p1b: Typhlosion|13/100\n|\n|-weather|none\n|upkeep\n|turn|8\n|\n|t:|1776292324\n|move|p1b: Typhlosion|Eruption|p2a: HIM\n|-resisted|p2a: HIM|1\n|-damage|p2a: HIM|30/100\n|move|p2a: HIM|Darkest Lariat|p1b: Typhlosion\n|-damage|p1b: Typhlosion|0 fnt\n|faint|p1b: Typhlosion\n|\n|win|AkioKira\n|raw|maksmax1234's rating: 1050 &rarr; <strong>1034</strong><br />(-16 for losing)\n|raw|AkioKira's rating: 1086 &rarr; <strong>1110</strong><br />(+24 for winning)\n|l|\u2606maksmax1234\n|player|p1|\n",
  "uploadtime": 1776292332,
  "views": 19,
  "formatid": "gen9championsvgc2026regma",
  "rating": 1034,
  "private": 0,
  "password": null
}