{
  "id": "gen9championsvgc2026regma-2582487792",
  "format": "[Gen 9 Champions] VGC 2026 Reg M-A",
  "players": [
    "orionsayshi",
    "er98"
  ],
  "log": "|j|\u2606orionsayshi\n|j|\u2606er98\n|t:|1776094869\n|gametype|doubles\n|player|p1|orionsayshi|elesa|1000\n|player|p2|er98|1|1000\n|gen|9\n|tier|[Gen 9 Champions] VGC 2026 Reg M-A\n|rated|\n|rule|Species Clause: Limit one of each Pok\u00e9mon\n|rule|Item Clause: Limit 1 of each item\n|clearpoke\n|poke|p1|Gengar, L50, M|\n|poke|p1|Sinistcha, L50|\n|poke|p1|Heliolisk, L50, M|\n|poke|p1|Tyranitar, L50, F|\n|poke|p1|Kommo-o, L50, M|\n|poke|p1|Milotic, L50, F|\n|poke|p2|Starmie, L50|\n|poke|p2|Sinistcha, L50|\n|poke|p2|Pelipper, L50, M|\n|poke|p2|Incineroar, L50, F|\n|poke|p2|Archaludon, L50, F|\n|poke|p2|Kingambit, L50, M|\n|teampreview|4\n|\n|t:|1776094906\n|teamsize|p1|4\n|teamsize|p2|4\n|start\n|switch|p1a: Gengar|Gengar, L50, M|100/100\n|switch|p1b: Milotic|Milotic, L50, F|100/100\n|switch|p2a: Incineroar|Incineroar, L50, F|100/100\n|switch|p2b: Sinistcha|Sinistcha, L50|100/100\n|-ability|p2a: Incineroar|Intimidate|boost\n|-unboost|p1a: Gengar|atk|1\n|-unboost|p1b: Milotic|atk|1\n|-ability|p1b: Milotic|Competitive|boost\n|-boost|p1b: Milotic|spa|2\n|turn|1\n|\n|t:|1776094928\n|switch|p2b: Pelipper|Pelipper, L50, M|100/100\n|-weather|RainDance|[from] ability: Drizzle|[of] p2b: Pelipper\n|detailschange|p1a: Gengar|Gengar-Mega, L50, M\n|-mega|p1a: Gengar|Gengar|Gengarite\n|move|p1a: Gengar|Protect|p1a: Gengar\n|-singleturn|p1a: Gengar|Protect\n|move|p2a: Incineroar|Fake Out|p1b: Milotic\n|-damage|p1b: Milotic|85/100\n|cant|p1b: Milotic|flinch\n|\n|-weather|RainDance|[upkeep]\n|-heal|p1b: Milotic|91/100|[from] item: Leftovers\n|upkeep\n|turn|2\n|\n|t:|1776094948\n|move|p1a: Gengar|Perish Song|p1a: Gengar\n|-start|p1a: Gengar|perish3|[silent]\n|-start|p1b: Milotic|perish3|[silent]\n|-start|p2a: Incineroar|perish3|[silent]\n|-start|p2b: Pelipper|perish3|[silent]\n|-fieldactivate|move: Perish Song\n|move|p1b: Milotic|Hydro Pump|p2a: Incineroar\n|-supereffective|p2a: Incineroar|1\n|-damage|p2a: Incineroar|0 fnt\n|faint|p2a: Incineroar\n|move|p2b: Pelipper|Tailwind|p2b: Pelipper\n|-sidestart|p2: er98|move: Tailwind\n|\n|-weather|RainDance|[upkeep]\n|-heal|p1b: Milotic|97/100|[from] item: Leftovers\n|-start|p1a: Gengar|perish3\n|-start|p2b: Pelipper|perish3\n|-start|p1b: Milotic|perish3\n|upkeep\n|\n|t:|1776094953\n|switch|p2a: Starmie|Starmie, L50|100/100\n|turn|3\n|\n|t:|1776094972\n|detailschange|p2a: Starmie|Starmie-Mega, L50\n|-mega|p2a: Starmie|Starmie|Starminite\n|move|p1a: Gengar|Protect|p1a: Gengar\n|-singleturn|p1a: Gengar|Protect\n|move|p2a: Starmie|Liquidation|p1a: Gengar\n|-activate|p1a: Gengar|move: Protect\n|move|p2b: Pelipper|Hurricane|p1b: Milotic\n|-damage|p1b: Milotic|77/100\n|move|p1b: Milotic|Flip Turn|p2a: Starmie\n|-resisted|p2a: Starmie|1\n|-damage|p2a: Starmie|90/100\n|\n|t:|1776094986\n|switch|p1b: Tyranitar|Tyranitar, L50, F|100/100|[from] Flip Turn\n|-weather|Sandstorm|[from] ability: Sand Stream|[of] p1b: Tyranitar\n|\n|-weather|Sandstorm|[upkeep]\n|-damage|p2a: Starmie|84/100|[from] Sandstorm\n|-damage|p1a: Gengar|95/100|[from] Sandstorm\n|-damage|p2b: Pelipper|95/100|[from] Sandstorm\n|-start|p1a: Gengar|perish2\n|-start|p2b: Pelipper|perish2\n|upkeep\n|turn|4\n|\n|t:|1776095010\n|move|p2a: Starmie|Liquidation|p1a: Gengar\n|-damage|p1a: Gengar|0 fnt\n|faint|p1a: Gengar\n|move|p2b: Pelipper|Weather Ball|p1b: Tyranitar\n|-damage|p1b: Tyranitar|84/100\n|move|p1b: Tyranitar|Thunder Punch|p2b: Pelipper\n|-supereffective|p2b: Pelipper|2\n|-damage|p2b: Pelipper|13/100\n|\n|-weather|Sandstorm|[upkeep]\n|-damage|p2a: Starmie|79/100|[from] Sandstorm\n|-damage|p2b: Pelipper|7/100|[from] Sandstorm\n|-start|p2b: Pelipper|perish1\n|upkeep\n|\n|t:|1776095023\n|switch|p1a: Milotic|Milotic, L50, F|77/100\n|turn|5\n|\n|t:|1776095044\n|switch|p2b: Sinistcha|Sinistcha, L50|100/100\n|-heal|p2a: Starmie|100/100|[from] ability: Hospitality|[of] p2b: Sinistcha\n|move|p2a: Starmie|Protect|p2a: Starmie\n|-singleturn|p2a: Starmie|Protect\n|move|p1b: Tyranitar|Thunder Punch|p2a: Starmie\n|-activate|p2a: Starmie|move: Protect\n|move|p1a: Milotic|Flip Turn|p2b: Sinistcha\n|-resisted|p2b: Sinistcha|1\n|-damage|p2b: Sinistcha|95/100\n|\n|t:|1776095057\n|switch|p1a: Kommo-o|Kommo-o, L50, M|100/100|[from] Flip Turn\n|\n|-weather|Sandstorm|[upkeep]\n|-damage|p2a: Starmie|95/100|[from] Sandstorm\n|-damage|p2b: Sinistcha|89/100|[from] Sandstorm\n|-damage|p1a: Kommo-o|94/100|[from] Sandstorm\n|-sideend|p2: er98|move: Tailwind\n|upkeep\n|turn|6\n|\n|t:|1776095070\n|switch|p1b: Milotic|Milotic, L50, F|77/100\n|move|p2b: Sinistcha|Rage Powder|p2b: Sinistcha\n|-singleturn|p2b: Sinistcha|move: Rage Powder\n|move|p2a: Starmie|Zen Headbutt|p1a: Kommo-o|[miss]\n|-miss|p2a: Starmie|p1a: Kommo-o\n|move|p1a: Kommo-o|Noble Roar|p2b: Sinistcha\n|-unboost|p2b: Sinistcha|atk|1\n|-unboost|p2b: Sinistcha|spa|1\n|\n|-weather|Sandstorm|[upkeep]\n|-damage|p2a: Starmie|89/100|[from] Sandstorm\n|-damage|p1a: Kommo-o|88/100|[from] Sandstorm\n|-damage|p2b: Sinistcha|83/100|[from] Sandstorm\n|-damage|p1b: Milotic|71/100|[from] Sandstorm\n|-heal|p1b: Milotic|77/100|[from] item: Leftovers\n|upkeep\n|turn|7\n|\n|t:|1776095086\n|move|p1a: Kommo-o|Protect|p1a: Kommo-o\n|-singleturn|p1a: Kommo-o|Protect\n|move|p1b: Milotic|Protect|p1b: Milotic\n|-singleturn|p1b: Milotic|Protect\n|move|p2a: Starmie|Zen Headbutt|p1a: Kommo-o\n|-activate|p1a: Kommo-o|move: Protect\n|move|p2b: Sinistcha|Matcha Gotcha|p1b: Milotic|[spread] \n|-activate|p1a: Kommo-o|move: Protect\n|-activate|p1b: Milotic|move: Protect\n|\n|-weather|none\n|-heal|p1b: Milotic|83/100|[from] item: Leftovers\n|upkeep\n|turn|8\n|\n|t:|1776095123\n|move|p2a: Starmie|Liquidation|p1a: Kommo-o\n|-resisted|p1a: Kommo-o|1\n|-damage|p1a: Kommo-o|62/100\n|move|p1a: Kommo-o|Noble Roar|p2a: Starmie\n|-unboost|p2a: Starmie|atk|1\n|-unboost|p2a: Starmie|spa|1\n|move|p1b: Milotic|Recover|p1b: Milotic\n|-heal|p1b: Milotic|100/100\n|move|p2b: Sinistcha|Matcha Gotcha|p1b: Milotic|[spread] p1a,p1b\n|-resisted|p1a: Kommo-o|1\n|-supereffective|p1b: Milotic|1\n|-damage|p1a: Kommo-o|54/100\n|-heal|p2b: Sinistcha|87/100|[from] drain|[of] p1a: Kommo-o\n|-damage|p1b: Milotic|82/100\n|-heal|p2b: Sinistcha|99/100|[from] drain|[of] p1b: Milotic\n|\n|-heal|p1b: Milotic|88/100|[from] item: Leftovers\n|upkeep\n|turn|9\n|\n|t:|1776095139\n|switch|p2a: Pelipper|Pelipper, L50, M|7/100\n|-weather|RainDance|[from] ability: Drizzle|[of] p2a: Pelipper\n|move|p1a: Kommo-o|Noble Roar|p2a: Pelipper\n|-unboost|p2a: Pelipper|atk|1\n|-unboost|p2a: Pelipper|spa|1\n|move|p1b: Milotic|Hydro Pump|p2a: Pelipper\n|-resisted|p2a: Pelipper|1\n|-damage|p2a: Pelipper|0 fnt\n|faint|p2a: Pelipper\n|move|p2b: Sinistcha|Life Dew|p2b: Sinistcha\n|-heal|p2b: Sinistcha|100/100\n|\n|-weather|RainDance|[upkeep]\n|-heal|p1b: Milotic|94/100|[from] item: Leftovers\n|upkeep\n|\n|t:|1776095148\n|switch|p2a: Starmie|Starmie-Mega, L50|89/100\n|turn|10\n|\n|t:|1776095164\n|move|p2a: Starmie|Liquidation|p1b: Milotic\n|-resisted|p1b: Milotic|1\n|-crit|p1b: Milotic\n|-damage|p1b: Milotic|0 fnt\n|faint|p1b: Milotic\n|move|p1a: Kommo-o|Iron Defense|p1a: Kommo-o\n|-boost|p1a: Kommo-o|def|2\n|move|p2b: Sinistcha|Matcha Gotcha|p1a: Kommo-o\n|-resisted|p1a: Kommo-o|1\n|-crit|p1a: Kommo-o\n|-damage|p1a: Kommo-o|32/100\n|\n|-weather|RainDance|[upkeep]\n|upkeep\n|\n|t:|1776095170\n|switch|p1b: Tyranitar|Tyranitar, L50, F|84/100\n|-weather|Sandstorm|[from] ability: Sand Stream|[of] p1b: Tyranitar\n|turn|11\n|\n|t:|1776095192\n|move|p2b: Sinistcha|Rage Powder|p2b: Sinistcha\n|-singleturn|p2b: Sinistcha|move: Rage Powder\n|move|p2a: Starmie|Zen Headbutt|p1a: Kommo-o\n|-supereffective|p1a: Kommo-o|1\n|-damage|p1a: Kommo-o|0 fnt\n|faint|p1a: Kommo-o\n|move|p1b: Tyranitar|Rock Slide|p2b: Sinistcha|[spread] p2a,p2b\n|-crit|p2b: Sinistcha\n|-damage|p2a: Starmie|57/100\n|-damage|p2b: Sinistcha|71/100\n|\n|-weather|Sandstorm|[upkeep]\n|-damage|p2a: Starmie|52/100|[from] Sandstorm\n|-damage|p2b: Sinistcha|65/100|[from] Sandstorm\n|upkeep\n|turn|12\n|\n|t:|1776095200\n|move|p2a: Starmie|Liquidation|p1b: Tyranitar\n|-supereffective|p1b: Tyranitar|1\n|-damage|p1b: Tyranitar|0 fnt\n|faint|p1b: Tyranitar\n|\n|win|er98\n|raw|orionsayshi's rating: 1000 &rarr; <strong>1000</strong><br />(+0 for losing)\n|raw|er98's rating: 1000 &rarr; <strong>1040</strong><br />(+40 for winning)\n|l|\u2606orionsayshi\n|player|p1|\n",
  "uploadtime": 1776095283,
  "views": 15,
  "formatid": "gen9championsvgc2026regma",
  "rating": 1000,
  "private": 0,
  "password": null
}