{
  "id": "gen9championsvgc2026regma-2580463549",
  "format": "[Gen 9 Champions] VGC 2026 Reg M-A",
  "players": [
    "Noobilio",
    "ge0nyx"
  ],
  "log": "|j|\u2606Noobilio\n|j|\u2606ge0nyx\n|t:|1775900369\n|gametype|doubles\n|player|p1|Noobilio|nurse|1178\n|player|p2|ge0nyx|1|1113\n|gen|9\n|tier|[Gen 9 Champions] VGC 2026 Reg M-A\n|rated|\n|rule|Species Clause: Limit one of each Pok\u00e9mon\n|rule|Item Clause: Limit 1 of each item\n|clearpoke\n|poke|p1|Hawlucha, L50, F|\n|poke|p1|Floette-Eternal, L50, F|\n|poke|p1|Incineroar, L50, M|\n|poke|p1|Sinistcha, L50|\n|poke|p1|Snorlax, L50, M|\n|poke|p1|Rotom-Wash, L50|\n|poke|p2|Araquanid, L50, M|\n|poke|p2|Delphox, L50, M|\n|poke|p2|Klefki, L50, F|\n|poke|p2|Rotom-Wash, L50|\n|poke|p2|Kommo-o, L50, F|\n|poke|p2|Mamoswine, L50, F|\n|teampreview|4\n|\n|t:|1775900410\n|teamsize|p1|4\n|teamsize|p2|4\n|start\n|switch|p1a: Incineroar|Incineroar, L50, M|100/100\n|switch|p1b: Floette|Floette-Eternal, L50, F, shiny|100/100\n|switch|p2a: Araquanid|Araquanid, L50, M|100/100\n|switch|p2b: Klefki|Klefki, L50, F|100/100\n|-ability|p1a: Incineroar|Intimidate|boost\n|-unboost|p2a: Araquanid|atk|1\n|-unboost|p2b: Klefki|atk|1\n|turn|1\n|\n|t:|1775900438\n|detailschange|p1b: Floette|Floette-Mega, L50, F, shiny\n|-mega|p1b: Floette|Floette|Floettite\n|-ability|p1b: Floette|Fairy Aura\n|move|p2a: Araquanid|Protect|p2a: Araquanid\n|-singleturn|p2a: Araquanid|Protect\n|move|p2b: Klefki|Light Screen|p2b: Klefki\n|-sidestart|p2: ge0nyx|move: Light Screen\n|move|p1b: Floette|Calm Mind|p1b: Floette\n|-boost|p1b: Floette|spa|1\n|-boost|p1b: Floette|spd|1\n|move|p1a: Incineroar|Flare Blitz|p2b: Klefki\n|-supereffective|p2b: Klefki|1\n|-enditem|p2b: Klefki|Occa Berry|[eat]\n|-enditem|p2b: Klefki|Occa Berry|[weaken]\n|-damage|p2b: Klefki|49/100\n|-damage|p1a: Incineroar|86/100|[from] Recoil\n|\n|upkeep\n|turn|2\n|\n|t:|1775900461\n|move|p2b: Klefki|Rain Dance|p2b: Klefki\n|-weather|RainDance\n|move|p1b: Floette|Moonblast|p2a: Araquanid\n|-damage|p2a: Araquanid|38/100\n|move|p1a: Incineroar|Flare Blitz|p2b: Klefki\n|-supereffective|p2b: Klefki|1\n|-damage|p2b: Klefki|4/100\n|-damage|p1a: Incineroar|74/100|[from] Recoil\n|move|p2a: Araquanid|Liquidation|p1b: Floette\n|-damage|p1b: Floette|14/100\n|-unboost|p1b: Floette|def|1\n|\n|-weather|RainDance|[upkeep]\n|upkeep\n|turn|3\n|\n|t:|1775900513\n|move|p2a: Araquanid|Protect|p2a: Araquanid\n|-singleturn|p2a: Araquanid|Protect\n|move|p2b: Klefki|Reflect|p2b: Klefki\n|-sidestart|p2: ge0nyx|Reflect\n|move|p1b: Floette|Moonblast|p2b: Klefki\n|-resisted|p2b: Klefki|1\n|-damage|p2b: Klefki|0 fnt\n|faint|p2b: Klefki\n|move|p1a: Incineroar|Darkest Lariat|p2a: Araquanid\n|-activate|p2a: Araquanid|move: Protect\n|\n|-weather|RainDance|[upkeep]\n|upkeep\n|\n|t:|1775900534\n|switch|p2b: Kommo-o|Kommo-o, L50, F|100/100\n|turn|4\n|\n|t:|1775900549\n|switch|p1a: Sinistcha|Sinistcha, L50|100/100\n|-heal|p1b: Floette|39/100|[from] ability: Hospitality|[of] p1a: Sinistcha\n|move|p2b: Kommo-o|Aura Sphere|p1b: Floette\n|-resisted|p1b: Floette|1\n|-damage|p1b: Floette|31/100\n|move|p1b: Floette|Dazzling Gleam|p2a: Araquanid|[spread] p2a,p2b\n|-supereffective|p2b: Kommo-o|2\n|-damage|p2a: Araquanid|0 fnt\n|-damage|p2b: Kommo-o|0 fnt\n|faint|p2a: Araquanid\n|faint|p2b: Kommo-o\n|\n|-weather|RainDance|[upkeep]\n|upkeep\n|\n|t:|1775900560\n|switch|p2b: Delphox|Delphox, L50, M|100/100\n|turn|5\n|\n|t:|1775900572\n|detailschange|p2b: Delphox|Delphox-Mega, L50, M\n|-mega|p2b: Delphox|Delphox|Delphoxite\n|move|p2b: Delphox|Psychic|p1b: Floette\n|-damage|p1b: Floette|6/100\n|move|p1b: Floette|Moonblast|p2b: Delphox\n|-resisted|p2b: Delphox|1\n|-damage|p2b: Delphox|67/100\n|move|p1a: Sinistcha|Shadow Ball|p2b: Delphox\n|-supereffective|p2b: Delphox|1\n|-damage|p2b: Delphox|31/100\n|\n|-weather|RainDance|[upkeep]\n|-sideend|p2: ge0nyx|move: Light Screen\n|upkeep\n|turn|6\n|\n|t:|1775900582\n|move|p2b: Delphox|Psychic|p1b: Floette\n|-damage|p1b: Floette|0 fnt\n|faint|p1b: Floette\n|move|p1a: Sinistcha|Shadow Ball|p2b: Delphox\n|-supereffective|p2b: Delphox|1\n|-damage|p2b: Delphox|0 fnt\n|faint|p2b: Delphox\n|\n|win|Noobilio\n|raw|Noobilio's rating: 1178 &rarr; <strong>1198</strong><br />(+20 for winning)\n|raw|ge0nyx's rating: 1113 &rarr; <strong>1093</strong><br />(-20 for losing)\n",
  "uploadtime": 1775900584,
  "views": 26,
  "formatid": "gen9championsvgc2026regma",
  "rating": 1093,
  "private": 0,
  "password": null
}