{
  "id": "gen9championsvgc2026regma-2586485362",
  "format": "[Gen 9 Champions] VGC 2026 Reg M-A",
  "players": [
    "1#MiraidonHater",
    "yusakusaki"
  ],
  "log": "|j|\u26061#MiraidonHater\n|j|\u2606yusakusaki\n|t:|1776437913\n|gametype|doubles\n|player|p1|1#MiraidonHater|1|1281\n|player|p2|yusakusaki|marley|1181\n|gen|9\n|tier|[Gen 9 Champions] VGC 2026 Reg M-A\n|rated|\n|rule|Species Clause: Limit one of each Pok\u00e9mon\n|rule|Item Clause: Limit 1 of each item\n|clearpoke\n|poke|p1|Gardevoir, L50, M|\n|poke|p1|Basculegion, L50, M|\n|poke|p1|Tsareena, L50, F|\n|poke|p1|Incineroar, L50, M|\n|poke|p1|Pelipper, L50, F|\n|poke|p1|Archaludon, L50, M|\n|poke|p2|Floette-Eternal, L50, F|\n|poke|p2|Rotom-Wash, L50|\n|poke|p2|Aerodactyl, L50, M|\n|poke|p2|Incineroar, L50, M|\n|poke|p2|Sinistcha, L50|\n|poke|p2|Sneasler, L50, F|\n|teampreview|4\n|inactive|Battle timer is ON: inactive players will automatically lose when time's up. (requested by yusakusaki)\n|inactive|1#MiraidonHater has 60 seconds left.\n|\n|t:|1776437949\n|teamsize|p1|4\n|teamsize|p2|4\n|start\n|switch|p1a: Bishow|Gardevoir, L50, M|100/100\n|switch|p1b: Basculegion|Basculegion, L50, M|100/100\n|switch|p2a: Floette|Floette-Eternal, L50, F|100/100\n|switch|p2b: Aerodactyl|Aerodactyl, L50, M|100/100\n|-ability|p2b: Aerodactyl|Unnerve\n|turn|1\n|\n|t:|1776437963\n|detailschange|p2a: Floette|Floette-Mega, L50, F\n|-mega|p2a: Floette|Floette|Floettite\n|-ability|p2a: Floette|Fairy Aura\n|detailschange|p1a: Bishow|Gardevoir-Mega, L50, M\n|-mega|p1a: Bishow|Gardevoir|Gardevoirite\n|move|p1b: Basculegion|Flip Turn|p2b: Aerodactyl\n|-supereffective|p2b: Aerodactyl|1\n|-enditem|p2b: Aerodactyl|Focus Sash\n|-damage|p2b: Aerodactyl|1/100\n|\n|t:|1776437976\n|switch|p1b: Tsareena|Tsareena, L50, F|100/100|[from] Flip Turn\n|move|p2b: Aerodactyl|Tailwind|p2b: Aerodactyl\n|-sidestart|p2: yusakusaki|move: Tailwind\n|move|p2a: Floette|Calm Mind|p2a: Floette\n|-boost|p2a: Floette|spa|1\n|-boost|p2a: Floette|spd|1\n|move|p1a: Bishow|Hyper Voice|p2a: Floette|[spread] p2a,p2b\n|-damage|p2a: Floette|67/100\n|-damage|p2b: Aerodactyl|0 fnt\n|faint|p2b: Aerodactyl\n|\n|upkeep\n|\n|t:|1776437996\n|switch|p2b: Sinistcha|Sinistcha, L50|100/100\n|-heal|p2a: Floette|92/100|[from] ability: Hospitality|[of] p2b: Sinistcha\n|turn|2\n|\n|t:|1776438025\n|move|p2a: Floette|Dazzling Gleam|p1a: Bishow|[spread] p1a,p1b\n|-damage|p1a: Bishow|48/100\n|-damage|p1b: Tsareena|40/100\n|-enditem|p1b: Tsareena|Sitrus Berry|[eat]\n|-heal|p1b: Tsareena|64/100|[from] item: Sitrus Berry\n|move|p2b: Sinistcha|Life Dew||[still]|[spread] p2a,p2b\n|-heal|p2a: Floette|100/100\n|-fail|p2b: Sinistcha|heal\n|move|p1a: Bishow|Hyper Voice|p2a: Floette|[spread] p2a,p2b\n|-damage|p2a: Floette|67/100\n|-damage|p2b: Sinistcha|39/100\n|-enditem|p2b: Sinistcha|Sitrus Berry|[eat]\n|-heal|p2b: Sinistcha|64/100|[from] item: Sitrus Berry\n|move|p1b: Tsareena|Triple Axel|p2a: Floette\n|-damage|p2a: Floette|60/100\n|-damage|p2a: Floette|48/100\n|-damage|p2a: Floette|30/100\n|-hitcount|p2a: Floette|3\n|\n|upkeep\n|turn|3\n|inactive|1#MiraidonHater has 30 seconds left.\n|\n|t:|1776438051\n|move|p1a: Bishow|Protect|p1a: Bishow\n|-singleturn|p1a: Bishow|Protect\n|move|p2a: Floette|Dazzling Gleam|p1b: Tsareena|[spread] p1b\n|-activate|p1a: Bishow|move: Protect\n|-damage|p1b: Tsareena|8/100\n|move|p2b: Sinistcha|Life Dew|p2b: Sinistcha|[spread] p2a,p2b\n|-heal|p2a: Floette|55/100\n|-heal|p2b: Sinistcha|89/100\n|move|p1b: Tsareena|Trop Kick|p2a: Floette\n|-damage|p2a: Floette|12/100\n|-unboost|p2a: Floette|atk|1\n|\n|upkeep\n|turn|4\n|inactive|yusakusaki has 30 seconds left.\n|\n|t:|1776438077\n|switch|p1a: Basculegion|Basculegion, L50, M|100/100\n|move|p2a: Floette|Dazzling Gleam|p1a: Basculegion|[spread] p1a,p1b\n|-damage|p1a: Basculegion|25/100\n|-damage|p1b: Tsareena|0 fnt\n|faint|p1b: Tsareena\n|move|p2b: Sinistcha|Life Dew|p2b: Sinistcha|[spread] p2a,p2b\n|-heal|p2a: Floette|36/100\n|-heal|p2b: Sinistcha|100/100\n|\n|-sideend|p2: yusakusaki|move: Tailwind\n|upkeep\n|\n|t:|1776438091\n|switch|p1b: EVERY LAST DROP|Archaludon, L50, M|100/100\n|turn|5\n|\n|t:|1776438112\n|move|p2a: Floette|Protect|p2a: Floette\n|-singleturn|p2a: Floette|Protect\n|move|p1a: Basculegion|Last Respects|p2b: Sinistcha\n|-supereffective|p2b: Sinistcha|1\n|-damage|p2b: Sinistcha|0 fnt\n|faint|p2b: Sinistcha\n|move|p1b: EVERY LAST DROP|Flash Cannon|p2a: Floette\n|-activate|p2a: Floette|move: Protect\n|\n|upkeep\n|\n|t:|1776438123\n|switch|p2b: Incineroar|Incineroar, L50, M|100/100\n|-ability|p2b: Incineroar|Intimidate|boost\n|-unboost|p1a: Basculegion|atk|1\n|-unboost|p1b: EVERY LAST DROP|atk|1\n|turn|6\n|\n|t:|1776438143\n|move|p1a: Basculegion|Last Respects|p2a: Floette\n|-damage|p2a: Floette|0 fnt\n|faint|p2a: Floette\n|move|p1b: EVERY LAST DROP|Draco Meteor|p2b: Incineroar\n|-damage|p2b: Incineroar|32/100\n|-unboost|p1b: EVERY LAST DROP|spa|2\n|move|p2b: Incineroar|Will-O-Wisp|p1a: Basculegion\n|-status|p1a: Basculegion|brn\n|\n|-heal|p2b: Incineroar|38/100|[from] item: Leftovers\n|-damage|p1a: Basculegion|19/100 brn|[from] brn\n|upkeep\n|turn|7\n|\n|t:|1776438162\n|move|p1a: Basculegion|Last Respects|p2b: Incineroar\n|-resisted|p2b: Incineroar|1\n|-damage|p2b: Incineroar|30/100\n|move|p1b: EVERY LAST DROP|Draco Meteor|p2b: Incineroar\n|-damage|p2b: Incineroar|0 fnt\n|-unboost|p1b: EVERY LAST DROP|spa|2\n|faint|p2b: Incineroar\n|\n|win|1#MiraidonHater\n|raw|1#MiraidonHater's rating: 1281 &rarr; <strong>1299</strong><br />(+18 for winning)\n|raw|yusakusaki's rating: 1181 &rarr; <strong>1163</strong><br />(-18 for losing)\n|l|\u2606yusakusaki\n|player|p2|\n",
  "uploadtime": 1776437916,
  "views": 27,
  "formatid": "gen9championsvgc2026regma",
  "rating": 1163,
  "private": 0,
  "password": null
}