{
  "id": "gen9championsvgc2026regma-2583781501",
  "format": "[Gen 9 Champions] VGC 2026 Reg M-A",
  "players": [
    "Psicopatata",
    "HawaiiCookieCo"
  ],
  "log": "|j|\u2606Psicopatata\n|j|\u2606HawaiiCookieCo\n|t:|1776197275\n|gametype|doubles\n|player|p1|Psicopatata|266|1159\n|player|p2|HawaiiCookieCo|swimmer-gen4dp|1077\n|gen|9\n|tier|[Gen 9 Champions] VGC 2026 Reg M-A\n|rated|\n|rule|Species Clause: Limit one of each Pok\u00e9mon\n|rule|Item Clause: Limit 1 of each item\n|clearpoke\n|poke|p1|Farigiraf, L50, F|\n|poke|p1|Hydrapple, L50, F|\n|poke|p1|Kingambit, L50, F|\n|poke|p1|Ampharos, L50, M|\n|poke|p1|Camerupt, L50, F|\n|poke|p1|Gallade, L50, M|\n|poke|p2|Volcarona, L50, M|\n|poke|p2|Mamoswine, L50, F|\n|poke|p2|Tyranitar, L50, F|\n|poke|p2|Aegislash, L50, F|\n|poke|p2|Maushold, L50|\n|poke|p2|Incineroar, L50, M|\n|teampreview|4\n|inactive|Battle timer is ON: inactive players will automatically lose when time's up. (requested by HawaiiCookieCo)\n|inactive|Psicopatata has 60 seconds left.\n|inactive|HawaiiCookieCo has 60 seconds left.\n|\n|t:|1776197308\n|teamsize|p1|4\n|teamsize|p2|4\n|start\n|switch|p1a: Gallade|Gallade, L50, M|100/100\n|switch|p1b: Kingambit|Kingambit, L50, F|100/100\n|switch|p2a: Tyranitar|Tyranitar, L50, F|100/100\n|switch|p2b: Maushold|Maushold, L50|100/100\n|-weather|Sandstorm|[from] ability: Sand Stream|[of] p2a: Tyranitar\n|turn|1\n|\n|t:|1776197325\n|switch|p2a: Volcarona|Volcarona, L50, M|100/100\n|move|p2b: Maushold|Protect|p2b: Maushold\n|-singleturn|p2b: Maushold|Protect\n|move|p1b: Kingambit|Iron Head|p2a: Volcarona\n|-resisted|p2a: Volcarona|1\n|-damage|p2a: Volcarona|80/100\n|-status|p1b: Kingambit|brn|[from] ability: Flame Body|[of] p2a: Volcarona\n|move|p1a: Gallade|Trick Room|p1a: Gallade\n|-fieldstart|move: Trick Room|[of] p1a: Gallade\n|\n|-weather|Sandstorm|[upkeep]\n|-damage|p1a: Gallade|95/100|[from] Sandstorm\n|-damage|p2a: Volcarona|74/100|[from] Sandstorm\n|-damage|p2b: Maushold|94/100|[from] Sandstorm\n|-heal|p2a: Volcarona|80/100|[from] item: Leftovers\n|-damage|p1b: Kingambit|95/100 brn|[from] brn\n|upkeep\n|turn|2\n|inactive|Psicopatata has 30 seconds left.\n|\n|t:|1776197355\n|move|p2b: Maushold|Protect||[still]\n|-fail|p2b: Maushold\n|move|p1b: Kingambit|Kowtow Cleave|p2b: Maushold\n|-damage|p2b: Maushold|62/100\n|move|p1a: Gallade|Sacred Sword|p2b: Maushold\n|-supereffective|p2b: Maushold|1\n|-enditem|p2b: Maushold|Chople Berry|[eat]\n|-enditem|p2b: Maushold|Chople Berry|[weaken]\n|-damage|p2b: Maushold|9/100\n|move|p2a: Volcarona|Quiver Dance|p2a: Volcarona\n|-boost|p2a: Volcarona|spa|1\n|-boost|p2a: Volcarona|spd|1\n|-boost|p2a: Volcarona|spe|1\n|\n|-weather|Sandstorm|[upkeep]\n|-damage|p1a: Gallade|89/100|[from] Sandstorm\n|-damage|p2b: Maushold|3/100|[from] Sandstorm\n|-damage|p2a: Volcarona|74/100|[from] Sandstorm\n|-heal|p2a: Volcarona|80/100|[from] item: Leftovers\n|-damage|p1b: Kingambit|89/100 brn|[from] brn\n|upkeep\n|turn|3\n|\n|t:|1776197379\n|move|p2b: Maushold|Follow Me|p2b: Maushold\n|-singleturn|p2b: Maushold|move: Follow Me\n|move|p1b: Kingambit|Kowtow Cleave|p2b: Maushold\n|-damage|p2b: Maushold|0 fnt\n|faint|p2b: Maushold\n|move|p1a: Gallade|Knock Off|p2a: Volcarona\n|-damage|p2a: Volcarona|45/100\n|-enditem|p2a: Volcarona|Leftovers|[from] move: Knock Off|[of] p1a: Gallade\n|move|p2a: Volcarona|Heat Wave|p1a: Gallade|[spread] p1a,p1b\n|-supereffective|p1b: Kingambit|1\n|-damage|p1a: Gallade|38/100\n|-damage|p1b: Kingambit|0 fnt\n|-status|p1a: Gallade|brn\n|faint|p1b: Kingambit\n|\n|-weather|Sandstorm|[upkeep]\n|-damage|p1a: Gallade|32/100 brn|[from] Sandstorm\n|-damage|p2a: Volcarona|39/100|[from] Sandstorm\n|-damage|p1a: Gallade|26/100 brn|[from] brn\n|upkeep\n|\n|t:|1776197401\n|switch|p1b: Camerupt|Camerupt, L50, F|100/100\n|switch|p2b: Mamoswine|Mamoswine, L50, F|100/100\n|turn|4\n|\n|t:|1776197413\n|detailschange|p1b: Camerupt|Camerupt-Mega, L50, F\n|-mega|p1b: Camerupt|Camerupt|Cameruptite\n|move|p2a: Volcarona|Protect|p2a: Volcarona\n|-singleturn|p2a: Volcarona|Protect\n|move|p2b: Mamoswine|Ice Shard|p1a: Gallade\n|-damage|p1a: Gallade|0 fnt\n|faint|p1a: Gallade\n|move|p1b: Camerupt|Eruption|p2a: Volcarona|[spread] p2b\n|-activate|p2a: Volcarona|move: Protect\n|-supereffective|p2b: Mamoswine|1\n|-enditem|p2b: Mamoswine|Focus Sash\n|-damage|p2b: Mamoswine|1/100\n|\n|-weather|Sandstorm|[upkeep]\n|-damage|p2a: Volcarona|33/100|[from] Sandstorm\n|upkeep\n|\n|t:|1776197427\n|switch|p1a: Hydrapple|Hydrapple, L50, F|100/100\n|-ability|p1a: Hydrapple|Supersweet Syrup\n|-unboost|p2a: Volcarona|evasion|1\n|-unboost|p2b: Mamoswine|evasion|1\n|turn|5\n|\n|t:|1776197436\n|move|p1a: Hydrapple|Protect|p1a: Hydrapple\n|-singleturn|p1a: Hydrapple|Protect\n|move|p2b: Mamoswine|Protect|p2b: Mamoswine\n|-singleturn|p2b: Mamoswine|Protect\n|move|p1b: Camerupt|Eruption|p2a: Volcarona|[spread] p2a\n|-activate|p2b: Mamoswine|move: Protect\n|-damage|p2a: Volcarona|0 fnt\n|faint|p2a: Volcarona\n|\n|-weather|none\n|-fieldend|move: Trick Room\n|upkeep\n|\n|t:|1776197445\n|switch|p2a: Tyranitar|Tyranitar, L50, F|100/100\n|-weather|Sandstorm|[from] ability: Sand Stream|[of] p2a: Tyranitar\n|turn|6\n|\n|t:|1776197461\n|detailschange|p2a: Tyranitar|Tyranitar-Mega, L50, F\n|-mega|p2a: Tyranitar|Tyranitar|Tyranitarite\n|move|p2b: Mamoswine|Icicle Crash|p1a: Hydrapple|[miss]\n|-miss|p2b: Mamoswine|p1a: Hydrapple\n|move|p2a: Tyranitar|Knock Off|p1b: Camerupt\n|-damage|p1b: Camerupt|55/100\n|move|p1a: Hydrapple|Earth Power|p2a: Tyranitar\n|-supereffective|p2a: Tyranitar|1\n|-damage|p2a: Tyranitar|61/100\n|move|p1b: Camerupt|Earth Power|p2a: Tyranitar\n|-supereffective|p2a: Tyranitar|1\n|-damage|p2a: Tyranitar|0 fnt\n|faint|p2a: Tyranitar\n|\n|-weather|Sandstorm|[upkeep]\n|-damage|p1a: Hydrapple|95/100|[from] Sandstorm\n|-heal|p1a: Hydrapple|100/100|[from] item: Leftovers\n|upkeep\n|turn|7\n|\n|t:|1776197480\n|move|p2b: Mamoswine|Icicle Crash|p1a: Hydrapple|[miss]\n|-miss|p2b: Mamoswine|p1a: Hydrapple\n|move|p1a: Hydrapple|Energy Ball|p2b: Mamoswine\n|-supereffective|p2b: Mamoswine|1\n|-damage|p2b: Mamoswine|0 fnt\n|faint|p2b: Mamoswine\n|\n|win|Psicopatata\n|raw|Psicopatata's rating: 1159 &rarr; <strong>1178</strong><br />(+19 for winning)\n|raw|HawaiiCookieCo's rating: 1077 &rarr; <strong>1060</strong><br />(-17 for losing)\n",
  "uploadtime": 1776197484,
  "views": 31,
  "formatid": "gen9championsvgc2026regma",
  "rating": 1060,
  "private": 0,
  "password": null
}