{
  "id": "gen9championsvgc2026regma-2588372598",
  "format": "[Gen 9 Champions] VGC 2026 Reg M-A",
  "players": [
    "1#MiraidonHater",
    "silverland71429"
  ],
  "log": "|j|\u26061#MiraidonHater\n|j|\u2606silverland71429\n|t:|1776628059\n|gametype|doubles\n|player|p1|1#MiraidonHater|volkner|1479\n|player|p2|silverland71429|169|1451\n|gen|9\n|tier|[Gen 9 Champions] VGC 2026 Reg M-A\n|rated|\n|rule|Species Clause: Limit one of each Pok\u00e9mon\n|rule|Item Clause: Limit 1 of each item\n|clearpoke\n|poke|p1|Gardevoir, L50, M|\n|poke|p1|Basculegion, L50, M|\n|poke|p1|Tsareena, L50, F|\n|poke|p1|Incineroar, L50, F|\n|poke|p1|Pelipper, L50, F|\n|poke|p1|Archaludon, L50, F|\n|poke|p2|Snorlax, L50, M|\n|poke|p2|Oranguru, L50, M|\n|poke|p2|Sinistcha, L50|\n|poke|p2|Meganium, L50, F|\n|poke|p2|Hawlucha, L50, F|\n|poke|p2|Rhyperior, L50, F|\n|teampreview|4\n1#MiraidonHater has agreed to open team sheets.\n|\n|t:|1776628095\n|teamsize|p1|4\n|teamsize|p2|4\n|start\n|switch|p1a: Bishow|Gardevoir, L50, M|100/100\n|switch|p1b: Teaser|Incineroar, L50, F|100/100\n|switch|p2a: Snorlax|Snorlax, L50, M|100/100\n|switch|p2b: Hawlucha|Hawlucha, L50, F|100/100\n|-ability|p1a: Bishow|Limber|Trace|[from] ability: Trace|[of] p2b: Hawlucha\n|-ability|p1b: Teaser|Intimidate|boost\n|-unboost|p2a: Snorlax|atk|1\n|-unboost|p2b: Hawlucha|atk|1\n|turn|1\n|\n|t:|1776628117\n|detailschange|p1a: Bishow|Gardevoir-Mega, L50, M\n|-mega|p1a: Bishow|Gardevoir|Gardevoirite\n|move|p2b: Hawlucha|Protect|p2b: Hawlucha\n|-singleturn|p2b: Hawlucha|Protect\n|move|p1b: Teaser|Fake Out|p2b: Hawlucha\n|-activate|p2b: Hawlucha|move: Protect\n|move|p1a: Bishow|Hyper Voice|p2a: Snorlax|[spread] p2a\n|-activate|p2b: Hawlucha|move: Protect\n|-damage|p2a: Snorlax|72/100\n|move|p2a: Snorlax|Stockpile|p2a: Snorlax\n|-start|p2a: Snorlax|stockpile1\n|-boost|p2a: Snorlax|def|1\n|-boost|p2a: Snorlax|spd|1\n|\n|-heal|p2a: Snorlax|78/100|[from] item: Leftovers\n|upkeep\n|turn|2\n|\n|t:|1776628137\n|detailschange|p2b: Hawlucha|Hawlucha-Mega, L50, F\n|-mega|p2b: Hawlucha|Hawlucha|Hawluchanite\n|move|p1a: Bishow|Protect|p1a: Bishow\n|-singleturn|p1a: Bishow|Protect\n|move|p2b: Hawlucha|Entrainment|p2a: Snorlax\n|-ability|p2a: Snorlax|No Guard|Thick Fat|[from] move: Entrainment|[of] p2b: Hawlucha\n|move|p1b: Teaser|Parting Shot|p2b: Hawlucha\n|-unboost|p2b: Hawlucha|atk|1\n|-unboost|p2b: Hawlucha|spa|1\n|j| porygon-epilepz\n|\n|t:|1776628146\n|switch|p1b: Bohemian Rhapsody|Pelipper, L50, F|100/100|[from] Parting Shot\n|-weather|RainDance|[from] ability: Drizzle|[of] p1b: Bohemian Rhapsody\n|move|p2a: Snorlax|Fissure|p1a: Bishow\n|-activate|p1a: Bishow|move: Protect\n|\n|-weather|RainDance|[upkeep]\n|-heal|p2a: Snorlax|84/100|[from] item: Leftovers\n|upkeep\n|turn|3\n|\n|t:|1776628161\n|switch|p1a: Teaser|Incineroar, L50, F|100/100\n|-ability|p1a: Teaser|Intimidate|boost\n|-unboost|p2a: Snorlax|atk|1\n|-unboost|p2b: Hawlucha|atk|1\n|move|p2b: Hawlucha|U-turn|p1b: Bohemian Rhapsody\n|-resisted|p1b: Bohemian Rhapsody|1\n|-damage|p1b: Bohemian Rhapsody|95/100\n|\n|t:|1776628168\n|switch|p2b: Oranguru|Oranguru, L50, M|100/100|[from] U-turn\n|move|p1b: Bohemian Rhapsody|Tailwind|p1b: Bohemian Rhapsody\n|-sidestart|p1: 1#MiraidonHater|move: Tailwind\n|move|p2a: Snorlax|Fissure|p1a: Teaser\n|-damage|p1a: Teaser|0 fnt\n|faint|p1a: Teaser\n|-ohko\n|\n|-weather|RainDance|[upkeep]\n|-heal|p2a: Snorlax|90/100|[from] item: Leftovers\n|upkeep\n|\n|t:|1776628176\n|switch|p1a: EVERY LAST DROP|Archaludon, L50, F|100/100\n|turn|4\n|\n|t:|1776628183\n|move|p1a: EVERY LAST DROP|Electro Shot||[still]\n|-prepare|p1a: EVERY LAST DROP|Electro Shot\n|-boost|p1a: EVERY LAST DROP|spa|1\n|-anim|p1a: EVERY LAST DROP|Electro Shot|p2a: Snorlax\n|-damage|p2a: Snorlax|56/100\n|move|p1b: Bohemian Rhapsody|Weather Ball|p2a: Snorlax\n|-damage|p2a: Snorlax|32/100\n|move|p2b: Oranguru|Gravity|p2b: Oranguru\n|-fieldstart|move: Gravity\n|move|p2a: Snorlax|Fissure|p1a: EVERY LAST DROP\n|-immune|p1a: EVERY LAST DROP|[from] ability: Sturdy\n|\n|-weather|RainDance|[upkeep]\n|-heal|p2a: Snorlax|38/100|[from] item: Leftovers\n|upkeep\n|turn|5\n|\n|t:|1776628206\n|move|p1a: EVERY LAST DROP|Electro Shot||[still]\n|-prepare|p1a: EVERY LAST DROP|Electro Shot\n|-boost|p1a: EVERY LAST DROP|spa|1\n|-anim|p1a: EVERY LAST DROP|Electro Shot|p2a: Snorlax\n|-damage|p2a: Snorlax|0 fnt\n|faint|p2a: Snorlax\n|move|p1b: Bohemian Rhapsody|Weather Ball|p2b: Oranguru\n|-damage|p2b: Oranguru|44/100\n|move|p2b: Oranguru|Instruct|p2: Snorlax|[notarget]\n|-fail|p2b: Oranguru\n|\n|-weather|RainDance|[upkeep]\n|upkeep\n|-message|silverland71429 forfeited.\n|\n|win|1#MiraidonHater\n",
  "uploadtime": 1776628062,
  "views": 15,
  "formatid": "gen9championsvgc2026regma",
  "rating": null,
  "private": 0,
  "password": null
}