{
  "id": "gen9championsvgc2026regma-2585977626",
  "format": "[Gen 9 Champions] VGC 2026 Reg M-A",
  "players": [
    "michaelgscott",
    "Damien Leruss"
  ],
  "log": "|j|\u2606michaelgscott\n|j|\u2606Damien Leruss\n|t:|1776386906\n|gametype|doubles\n|player|p1|michaelgscott|veteran|1062\n|player|p2|Damien Leruss|shauntal|1103\n|gen|9\n|tier|[Gen 9 Champions] VGC 2026 Reg M-A\n|rated|\n|rule|Species Clause: Limit one of each Pok\u00e9mon\n|rule|Item Clause: Limit 1 of each item\n|clearpoke\n|poke|p1|Dragapult, L50, M|\n|poke|p1|Basculegion, L50, M|\n|poke|p1|Kingambit, L50, M|\n|poke|p1|Froslass, L50, F|\n|poke|p1|Rotom-Frost, L50|\n|poke|p1|Beedrill, L50, M|\n|poke|p2|Torkoal, L50, F|\n|poke|p2|Camerupt, L50, M|\n|poke|p2|Goodra-Hisui, L50, F|\n|poke|p2|Trevenant, L50, M|\n|poke|p2|Lycanroc-Dusk, L50, F|\n|poke|p2|Venusaur, L50, M|\n|teampreview|4\n|inactive|Battle timer is ON: inactive players will automatically lose when time's up. (requested by michaelgscott)\n|\n|t:|1776386918\n|teamsize|p1|4\n|teamsize|p2|4\n|start\n|switch|p1a: Dragapult|Dragapult, L50, M|100/100\n|switch|p1b: Beedrill|Beedrill, L50, M|100/100\n|switch|p2a: Torkoal|Torkoal, L50, F|100/100\n|switch|p2b: Trevenant|Trevenant, L50, M|100/100\n|-weather|SunnyDay|[from] ability: Drought|[of] p2a: Torkoal\n|turn|1\n|\n|t:|1776386932\n|detailschange|p1b: Beedrill|Beedrill-Mega, L50, M\n|-mega|p1b: Beedrill|Beedrill|Beedrillite\n|move|p1b: Beedrill|Protect|p1b: Beedrill\n|-singleturn|p1b: Beedrill|Protect\n|move|p1a: Dragapult|Phantom Force||[still]\n|-prepare|p1a: Dragapult|Phantom Force\n|move|p2a: Torkoal|Eruption|p1a: Dragapult|[spread] \n|-miss|p2a: Torkoal|p1a: Dragapult\n|-activate|p1b: Beedrill|move: Protect\n|move|p2b: Trevenant|Trick Room|p2b: Trevenant\n|-fieldstart|move: Trick Room|[of] p2b: Trevenant\n|\n|-weather|SunnyDay|[upkeep]\n|upkeep\n|turn|2\n|\n|t:|1776386947\n|switch|p2b: Goodra|Goodra-Hisui, L50, F|100/100\n|switch|p1b: Basculegion|Basculegion, L50, M|100/100\n|move|p2a: Torkoal|Eruption|p1b: Basculegion|[spread] p1b\n|-miss|p2a: Torkoal|p1a: Dragapult\n|-resisted|p1b: Basculegion|1\n|-damage|p1b: Basculegion|67/100\n|move|p1a: Dragapult|Phantom Force|p2b: Goodra|[from] lockedmove\n|-damage|p2b: Goodra|64/100\n|\n|-weather|SunnyDay|[upkeep]\n|-heal|p1b: Basculegion|73/100|[from] item: Leftovers\n|upkeep\n|turn|3\n|\n|t:|1776386966\n|move|p1a: Dragapult|Protect|p1a: Dragapult\n|-singleturn|p1a: Dragapult|Protect\n|move|p1b: Basculegion|Aqua Jet|p2a: Torkoal\n|-supereffective|p2a: Torkoal|1\n|-damage|p2a: Torkoal|80/100\n|move|p2a: Torkoal|Solar Beam||[still]\n|-prepare|p2a: Torkoal|Solar Beam\n|-anim|p2a: Torkoal|Solar Beam|p1b: Basculegion\n|-supereffective|p1b: Basculegion|1\n|-damage|p1b: Basculegion|4/100\n|move|p2b: Goodra|Draco Meteor|p1a: Dragapult\n|-activate|p1a: Dragapult|move: Protect\n|\n|-weather|SunnyDay|[upkeep]\n|-heal|p1b: Basculegion|11/100|[from] item: Leftovers\n|upkeep\n|turn|4\n|\n|t:|1776386986\n|switch|p1a: Kingambit|Kingambit, L50, M|100/100\n|move|p1b: Basculegion|Protect|p1b: Basculegion\n|-singleturn|p1b: Basculegion|Protect\n|move|p2a: Torkoal|Solar Beam||[still]\n|-prepare|p2a: Torkoal|Solar Beam\n|-anim|p2a: Torkoal|Solar Beam|p1b: Basculegion\n|-activate|p1b: Basculegion|move: Protect\n|move|p2b: Goodra|Shelter|p2b: Goodra\n|-boost|p2b: Goodra|def|2\n|\n|-weather|SunnyDay|[upkeep]\n|-heal|p1b: Basculegion|17/100|[from] item: Leftovers\n|upkeep\n|turn|5\n|\n|t:|1776387008\n|move|p1a: Kingambit|Sucker Punch|p2a: Torkoal\n|-damage|p2a: Torkoal|50/100\n|move|p1b: Basculegion|Aqua Jet|p2a: Torkoal\n|-supereffective|p2a: Torkoal|1\n|-damage|p2a: Torkoal|29/100\n|move|p2a: Torkoal|Eruption|p1a: Kingambit|[spread] p1a,p1b\n|-supereffective|p1a: Kingambit|1\n|-resisted|p1b: Basculegion|1\n|-damage|p1a: Kingambit|60/100\n|-damage|p1b: Basculegion|7/100\n|move|p2b: Goodra|Body Press|p1a: Kingambit\n|-supereffective|p1a: Kingambit|2\n|-damage|p1a: Kingambit|0 fnt\n|faint|p1a: Kingambit\n|-end|p1a: Kingambit|fallenundefined|[silent]\n|\n|-weather|none\n|-heal|p1b: Basculegion|13/100|[from] item: Leftovers\n|-fieldend|move: Trick Room\n|upkeep\n|\n|t:|1776387023\n|switch|p1a: Dragapult|Dragapult, L50, M|100/100\n|turn|6\n|\n|t:|1776387032\n|move|p1b: Basculegion|Aqua Jet|p2a: Torkoal\n|-supereffective|p2a: Torkoal|1\n|-crit|p2a: Torkoal\n|-damage|p2a: Torkoal|0 fnt\n|faint|p2a: Torkoal\n|move|p1a: Dragapult|Dragon Claw|p2b: Goodra\n|-damage|p2b: Goodra|50/100\n|move|p2b: Goodra|Shelter|p2b: Goodra\n|-boost|p2b: Goodra|def|2\n|\n|-heal|p1b: Basculegion|19/100|[from] item: Leftovers\n|upkeep\n|\n|t:|1776387046\n|switch|p2a: Trevenant|Trevenant, L50, M|100/100\n|turn|7\n|\n|t:|1776387056\n|move|p1a: Dragapult|Phantom Force||[still]\n|-prepare|p1a: Dragapult|Phantom Force\n|move|p1b: Basculegion|Phantom Force||[still]\n|-prepare|p1b: Basculegion|Phantom Force\n|move|p2a: Trevenant|Knock Off|p1b: Basculegion|[miss]\n|-miss|p2a: Trevenant|p1b: Basculegion\n|move|p2b: Goodra|Draco Meteor|p1a: Dragapult|[miss]\n|-miss|p2b: Goodra|p1a: Dragapult\n|\n|-heal|p1b: Basculegion|25/100|[from] item: Leftovers\n|upkeep\n|turn|8\n|\n|t:|1776387074\n|move|p1a: Dragapult|Phantom Force|p2a: Trevenant|[from] lockedmove\n|-supereffective|p2a: Trevenant|1\n|-damage|p2a: Trevenant|0 fnt\n|faint|p2a: Trevenant\n|move|p1b: Basculegion|Phantom Force|p2b: Goodra|[from] lockedmove\n|-damage|p2b: Goodra|34/100\n|move|p2b: Goodra|Draco Meteor|p1b: Basculegion|[miss]\n|-miss|p2b: Goodra|p1b: Basculegion\n|\n|-heal|p1b: Basculegion|31/100|[from] item: Leftovers\n|upkeep\n|\n|t:|1776387084\n|switch|p2a: Lycanroc|Lycanroc-Dusk, L50, F|100/100\n|turn|9\n|\n|t:|1776387095\n|move|p1b: Basculegion|Protect|p1b: Basculegion\n|-singleturn|p1b: Basculegion|Protect\n|move|p1a: Dragapult|Phantom Force||[still]\n|-prepare|p1a: Dragapult|Phantom Force\n|move|p2a: Lycanroc|Play Rough|p1a: Dragapult|[miss]\n|-miss|p2a: Lycanroc|p1a: Dragapult\n|move|p2b: Goodra|Draco Meteor|p1b: Basculegion\n|-activate|p1b: Basculegion|move: Protect\n|\n|-heal|p1b: Basculegion|38/100|[from] item: Leftovers\n|upkeep\n|turn|10\n|\n|t:|1776387109\n|move|p2a: Lycanroc|Accelerock|p1b: Basculegion\n|-damage|p1b: Basculegion|3/100\n|move|p1b: Basculegion|Aqua Jet|p2a: Lycanroc\n|-supereffective|p2a: Lycanroc|1\n|-damage|p2a: Lycanroc|3/100\n|move|p1a: Dragapult|Phantom Force|p2a: Lycanroc|[from] lockedmove\n|-damage|p2a: Lycanroc|0 fnt\n|faint|p2a: Lycanroc\n|move|p2b: Goodra|Draco Meteor|p1a: Dragapult\n|-supereffective|p1a: Dragapult|1\n|-damage|p1a: Dragapult|0 fnt\n|-unboost|p2b: Goodra|spa|2\n|faint|p1a: Dragapult\n|\n|-heal|p1b: Basculegion|9/100|[from] item: Leftovers\n|upkeep\n|\n|t:|1776387123\n|switch|p1a: Beedrill|Beedrill-Mega, L50, M|100/100\n|turn|11\n|\n|t:|1776387136\n|move|p1a: Beedrill|Lunge|p2b: Goodra\n|-resisted|p2b: Goodra|1\n|-damage|p2b: Goodra|27/100\n|-unboost|p2b: Goodra|atk|1\n|move|p1b: Basculegion|Phantom Force||[still]\n|-prepare|p1b: Basculegion|Phantom Force\n|move|p2b: Goodra|Gyro Ball|p1a: Beedrill\n|-damage|p1a: Beedrill|60/100\n|\n|-heal|p1b: Basculegion|15/100|[from] item: Leftovers\n|upkeep\n|turn|12\n|\n|t:|1776387149\n|move|p1a: Beedrill|Lunge|p2b: Goodra\n|-resisted|p2b: Goodra|1\n|-damage|p2b: Goodra|19/100\n|-unboost|p2b: Goodra|atk|1\n|move|p1b: Basculegion|Phantom Force|p2b: Goodra|[from] lockedmove\n|-damage|p2b: Goodra|4/100\n|move|p2b: Goodra|Body Press|p1a: Beedrill\n|-resisted|p1a: Beedrill|2\n|-damage|p1a: Beedrill|0 fnt\n|faint|p1a: Beedrill\n|\n|-heal|p1b: Basculegion|22/100|[from] item: Leftovers\n|upkeep\n|turn|13\n|\n|t:|1776387172\n|move|p1b: Basculegion|Phantom Force||[still]\n|-prepare|p1b: Basculegion|Phantom Force\n|move|p2b: Goodra|Draco Meteor|p1b: Basculegion|[miss]\n|-miss|p2b: Goodra|p1b: Basculegion\n|\n|-heal|p1b: Basculegion|28/100|[from] item: Leftovers\n|upkeep\n|turn|14\n|-message|Damien Leruss forfeited.\n|\n|win|michaelgscott\n|raw|michaelgscott's rating: 1062 &rarr; <strong>1096</strong><br />(+34 for winning)\n|raw|Damien Leruss's rating: 1103 &rarr; <strong>1075</strong><br />(-28 for losing)\n|l|\u2606Damien Leruss\n|player|p2|\n",
  "uploadtime": 1776387202,
  "views": 32,
  "formatid": "gen9championsvgc2026regma",
  "rating": 1075,
  "private": 0,
  "password": null
}