{
  "id": "gen9championsvgc2026regma-2587158652",
  "format": "[Gen 9 Champions] VGC 2026 Reg M-A",
  "players": [
    "kroomfy",
    "agentlilletyv"
  ],
  "log": "|j|\u2606kroomfy\n|j|\u2606agentlilletyv\n|t:|1776502027\n|gametype|doubles\n|player|p1|kroomfy|miku-ice|1108\n|player|p2|agentlilletyv|dawn|1107\n|gen|9\n|tier|[Gen 9 Champions] VGC 2026 Reg M-A\n|rated|\n|rule|Species Clause: Limit one of each Pok\u00e9mon\n|rule|Item Clause: Limit 1 of each item\n|clearpoke\n|poke|p1|Golurk, L50|\n|poke|p1|Liepard, L50, F|\n|poke|p1|Slowking-Galar, L50, M|\n|poke|p1|Milotic, L50, M|\n|poke|p1|Heliolisk, L50, F|\n|poke|p1|Torkoal, L50, F|\n|poke|p2|Froslass, L50, F|\n|poke|p2|Beartic, L50, M|\n|poke|p2|Glaceon, L50, F|\n|poke|p2|Avalugg-Hisui, L50, M|\n|poke|p2|Ninetales-Alola, L50, M|\n|poke|p2|Weavile, L50, F|\n|teampreview|4\n|inactive|Battle timer is ON: inactive players will automatically lose when time's up. (requested by agentlilletyv)\n|inactive|kroomfy also wants the timer to be on.\n|\n|t:|1776502050\n|teamsize|p1|4\n|teamsize|p2|4\n|start\n|switch|p1a: Liepard|Liepard, L50, F|100/100\n|switch|p1b: Slowking|Slowking-Galar, L50, M|100/100\n|switch|p2a: Setup Caster|Froslass, L50, F|100/100\n|switch|p2b: Tech Attacker|Beartic, L50, M|100/100\n|turn|1\n|inactive|agentlilletyv has 30 seconds left.\n|\n|t:|1776502077\n|detailschange|p2a: Setup Caster|Froslass-Mega, L50, F\n|-mega|p2a: Setup Caster|Froslass|Froslassite\n|-weather|Snowscape|[from] ability: Snow Warning|[of] p2a: Setup Caster\n|move|p1a: Liepard|Taunt|p2a: Setup Caster\n|-start|p2a: Setup Caster|move: Taunt\n|move|p2b: Tech Attacker|Rock Slide|p1a: Liepard|[spread] p1a,p1b\n|-damage|p1a: Liepard|56/100\n|-damage|p1b: Slowking|83/100\n|cant|p2a: Setup Caster|move: Taunt|Aurora Veil\n|move|p1b: Slowking|Trick Room|p1b: Slowking\n|-fieldstart|move: Trick Room|[of] p1b: Slowking\n|\n|-weather|Snowscape|[upkeep]\n|upkeep\n|turn|2\n|\n|t:|1776502095\n|switch|p1b: Torkoal|Torkoal, L50, F|100/100\n|-weather|SunnyDay|[from] ability: Drought|[of] p1b: Torkoal\n|move|p1a: Liepard|Sucker Punch|p2a: Setup Caster\n|-supereffective|p2a: Setup Caster|1\n|-damage|p2a: Setup Caster|4/100\n|move|p2b: Tech Attacker|Rock Slide|p1a: Liepard|[spread] p1a,p1b\n|-supereffective|p1b: Torkoal|1\n|-damage|p1a: Liepard|17/100\n|-damage|p1b: Torkoal|69/100\n|move|p2a: Setup Caster|Shadow Ball|p1b: Torkoal\n|-damage|p1b: Torkoal|6/100\n|-unboost|p1b: Torkoal|spd|1\n|\n|-weather|SunnyDay|[upkeep]\n|upkeep\n|turn|3\n|\n|t:|1776502115\n|switch|p2a: Back-up Setup|Ninetales-Alola, L50, M|100/100\n|-weather|Snowscape|[from] ability: Snow Warning|[of] p2a: Back-up Setup\n|move|p1a: Liepard|Sucker Punch|p2b: Tech Attacker\n|-damage|p2b: Tech Attacker|75/100\n|move|p1b: Torkoal|Heat Wave|p2b: Tech Attacker|[spread] p2a,p2b\n|-supereffective|p2a: Back-up Setup|1\n|-supereffective|p2b: Tech Attacker|1\n|-damage|p2a: Back-up Setup|8/100\n|-damage|p2b: Tech Attacker|0 fnt\n|-status|p2a: Back-up Setup|brn\n|faint|p2b: Tech Attacker\n|\n|-weather|Snowscape|[upkeep]\n|-damage|p2a: Back-up Setup|2/100 brn|[from] brn\n|upkeep\n|\n|t:|1776502128\n|switch|p2b: Caster|Glaceon, L50, F|100/100\n|turn|4\n|\n|t:|1776502143\n|move|p1a: Liepard|Sucker Punch|p2b: Caster|[miss]\n|-miss|p1a: Liepard|p2b: Caster\n|move|p1b: Torkoal|Heat Wave|p2b: Caster|[spread] p2a\n|-miss|p1b: Torkoal|p2b: Caster\n|-supereffective|p2a: Back-up Setup|1\n|-damage|p2a: Back-up Setup|0 fnt\n|faint|p2a: Back-up Setup\n|move|p2b: Caster|Blizzard|p1a: Liepard|[spread] p1a,p1b\n|-resisted|p1b: Torkoal|1\n|-damage|p1a: Liepard|0 fnt\n|-damage|p1b: Torkoal|0 fnt\n|faint|p1a: Liepard\n|faint|p1b: Torkoal\n|\n|-weather|Snowscape|[upkeep]\n|upkeep\n|c|\u2606kroomfy|are we fr\n|\n|t:|1776502156\n|switch|p1b: Slowking|Slowking-Galar, L50, M|100/100\n|switch|p1a: Golurk|Golurk, L50|100/100\n|switch|p2a: Setup Caster|Froslass-Mega, L50, F|4/100\n|turn|5\n|\n|t:|1776502176\n|move|p2a: Setup Caster|Protect|p2a: Setup Caster\n|-singleturn|p2a: Setup Caster|Protect\n|move|p1b: Slowking|Sludge Bomb|p2b: Caster\n|-crit|p2b: Caster\n|-damage|p2b: Caster|38/100\n|-status|p2b: Caster|psn\n|move|p1a: Golurk|High Horsepower|p2a: Setup Caster\n|-activate|p2a: Setup Caster|move: Protect\n|move|p2b: Caster|Blizzard|p1a: Golurk|[spread] p1a,p1b\n|-supereffective|p1a: Golurk|1\n|-damage|p1a: Golurk|19/100\n|-damage|p1b: Slowking|66/100\n|\n|-weather|Snowscape|[upkeep]\n|-damage|p2b: Caster|25/100 psn|[from] psn\n|-fieldend|move: Trick Room\n|upkeep\n|turn|6\n|inactive|agentlilletyv has 30 seconds left.\n|\n|t:|1776502205\n|move|p1a: Golurk|Protect|p1a: Golurk\n|-singleturn|p1a: Golurk|Protect\n|move|p2b: Caster|Blizzard|p1b: Slowking|[spread] p1b\n|-activate|p1a: Golurk|move: Protect\n|-damage|p1b: Slowking|32/100\n|-status|p1b: Slowking|frz\n|move|p2a: Setup Caster|Shadow Ball|p1b: Slowking\n|-supereffective|p1b: Slowking|1\n|-damage|p1b: Slowking|0 fnt\n|faint|p1b: Slowking\n|\n|-weather|Snowscape|[upkeep]\n|-damage|p2b: Caster|13/100 psn|[from] psn\n|upkeep\n|turn|7\n|inactive|kroomfy has 30 seconds left.\n|c|\u2606kroomfy|and a freeze\n|inactive|kroomfy has 20 seconds left.\n|\n|t:|1776502241\n|detailschange|p1a: Golurk|Golurk-Mega, L50\n|-mega|p1a: Golurk|Golurk|Golurkite\n|move|p1a: Golurk|Protect||[still]\n|-fail|p1a: Golurk\n|move|p2b: Caster|Blizzard|p1a: Golurk\n|-supereffective|p1a: Golurk|1\n|-damage|p1a: Golurk|0 fnt\n|faint|p1a: Golurk\n|\n|win|agentlilletyv\n|raw|kroomfy's rating: 1108 &rarr; <strong>1083</strong><br />(-25 for losing)\n|raw|agentlilletyv's rating: 1107 &rarr; <strong>1132</strong><br />(+25 for winning)\n|c|\u2606kroomfy|i guess bro\n|c|\u2606agentlilletyv|unlucky\n|c|\u2606kroomfy|i guess\n",
  "uploadtime": 1776502251,
  "views": 19,
  "formatid": "gen9championsvgc2026regma",
  "rating": 1083,
  "private": 0,
  "password": null
}