{
  "id": "gen9championsvgc2026regma-2583097729",
  "format": "[Gen 9 Champions] VGC 2026 Reg M-A",
  "players": [
    "ihatecalyrexes",
    "walternateaccount"
  ],
  "log": "|j|\u2606ihatecalyrexes\n|j|\u2606walternateaccount\n|t:|1776141701\n|gametype|doubles\n|player|p1|ihatecalyrexes|hilbert|1099\n|player|p2|walternateaccount|102|1046\n|gen|9\n|tier|[Gen 9 Champions] VGC 2026 Reg M-A\n|rated|\n|rule|Species Clause: Limit one of each Pok\u00e9mon\n|rule|Item Clause: Limit 1 of each item\n|clearpoke\n|poke|p1|Gengar, L50, F|\n|poke|p1|Sableye, L50, M|\n|poke|p1|Incineroar, L50, M|\n|poke|p1|Zoroark-Hisui, L50, M|\n|poke|p1|Kommo-o, L50, M|\n|poke|p2|Kingambit, L50, F|\n|poke|p2|Dragapult, L50, F|\n|poke|p2|Sneasler, L50, F|\n|poke|p2|Charizard, L50, M|\n|poke|p2|Whimsicott, L50, F|\n|poke|p2|Maushold-Four, L50|\n|teampreview|4\n|\n|t:|1776141728\n|teamsize|p1|4\n|teamsize|p2|4\n|start\n|switch|p1a: :)|Gengar, L50, F|100/100\n|switch|p1b: WOLFE GLICK|Incineroar, L50, M|100/100\n|switch|p2a: Whimsicott|Whimsicott, L50, F|100/100\n|switch|p2b: Dragapult|Dragapult, L50, F|100/100\n|-ability|p1b: WOLFE GLICK|Intimidate|boost\n|-unboost|p2a: Whimsicott|atk|1\n|-fail|p2b: Dragapult|unboost|[from] ability: Clear Body|[of] p2b: Dragapult\n|turn|1\n|\n|t:|1776141757\n|move|p1b: WOLFE GLICK|Fake Out|p2a: Whimsicott\n|-damage|p2a: Whimsicott|90/100\n|cant|p2a: Whimsicott|flinch\n|move|p2b: Dragapult|Phantom Force||[still]\n|-prepare|p2b: Dragapult|Phantom Force\n|move|p1a: :)|Bitter Malice|p2b: Dragapult|[miss]\n|-miss|p1a: :)|p2b: Dragapult\n|\n|upkeep\n|turn|2\n|\n|t:|1776141787\n|move|p2a: Whimsicott|Tailwind|p2a: Whimsicott\n|-sidestart|p2: walternateaccount|move: Tailwind\n|move|p2b: Dragapult|Phantom Force|p1a: :)|[from] lockedmove\n|-immune|p1a: :)\n|move|p1a: :)|Bitter Malice|p2b: Dragapult\n|-supereffective|p2b: Dragapult|1\n|-damage|p2b: Dragapult|0 fnt\n|faint|p2b: Dragapult\n|move|p1b: WOLFE GLICK|Parting Shot|p2a: Whimsicott\n|-unboost|p2a: Whimsicott|atk|1\n|-unboost|p2a: Whimsicott|spa|1\n|\n|t:|1776141800\n|switch|p1b: hello|Sableye, L50, M|100/100|[from] Parting Shot\n|\n|upkeep\n|\n|t:|1776141809\n|switch|p2b: Kingambit|Kingambit, L50, F|100/100\n|turn|3\n|\n|t:|1776141823\n|move|p2b: Kingambit|Protect|p2b: Kingambit\n|-singleturn|p2b: Kingambit|Protect\n|move|p2a: Whimsicott|Encore|p1a: :)\n|-start|p1a: :)|Encore\n|move|p1b: hello|Encore||[still]\n|-fail|p1b: hello\n|move|p1a: :)|Bitter Malice|p2b: Kingambit\n|-activate|p2b: Kingambit|move: Protect\n|\n|upkeep\n|turn|4\n|\n|t:|1776141839\n|switch|p1a: WOLFE GLICK|Incineroar, L50, M|100/100\n|-ability|p1a: WOLFE GLICK|Intimidate|boost\n|-unboost|p2a: Whimsicott|atk|1\n|-unboost|p2b: Kingambit|atk|1\n|-ability|p2b: Kingambit|Defiant|boost\n|-boost|p2b: Kingambit|atk|2\n|switch|p2b: Charizard|Charizard, L50, M|100/100\n|move|p1b: hello|Encore||[still]\n|-fail|p1b: hello\n|move|p2a: Whimsicott|Moonblast|p1b: hello\n|-supereffective|p1b: hello|1\n|-damage|p1b: hello|22/100\n|\n|upkeep\n|turn|5\n|\n|t:|1776141869\n|detailschange|p2b: Charizard|Charizard-Mega-X, L50, M\n|-mega|p2b: Charizard|Charizard|Charizardite X\n|move|p1a: WOLFE GLICK|Fake Out|p2b: Charizard\n|-damage|p2b: Charizard|91/100\n|move|p2a: Whimsicott|Tickle|p1b: hello\n|-hint|Since gen 7, Dark is immune to Prankster moves.\n|-immune|p1b: hello\n|move|p1b: hello|Taunt|p2a: Whimsicott\n|-start|p2a: Whimsicott|move: Taunt\n|cant|p2b: Charizard|flinch\n|\n|-sideend|p2: walternateaccount|move: Tailwind\n|upkeep\n|turn|6\n|\n|t:|1776141917\n|switch|p2b: Kingambit|Kingambit, L50, F|100/100\n|move|p1b: hello|Encore|p2a: Whimsicott\n|-start|p2a: Whimsicott|Encore\n|cant|p2a: Whimsicott|move: Taunt|Tickle\n|move|p1a: WOLFE GLICK|Parting Shot|p2b: Kingambit\n|-unboost|p2b: Kingambit|atk|1\n|-ability|p2b: Kingambit|Defiant|boost\n|-boost|p2b: Kingambit|atk|2\n|-unboost|p2b: Kingambit|spa|1\n|-ability|p2b: Kingambit|Defiant|boost\n|-boost|p2b: Kingambit|atk|2\n|\n|t:|1776141931\n|switch|p1a: :)|Gengar, L50, F|100/100|[from] Parting Shot\n|\n|upkeep\n|turn|7\n|\n|t:|1776141944\n|switch|p2a: Charizard|Charizard-Mega-X, L50, M|91/100\n|switch|p1b: WOLFE GLICK|Incineroar, L50, M|100/100\n|-ability|p1b: WOLFE GLICK|Intimidate|boost\n|-unboost|p2a: Charizard|atk|1\n|-unboost|p2b: Kingambit|atk|1\n|-ability|p2b: Kingambit|Defiant|boost\n|-boost|p2b: Kingambit|atk|2\n|move|p1a: :)|Will-O-Wisp|p2b: Kingambit\n|-status|p2b: Kingambit|brn\n|move|p2b: Kingambit|Kowtow Cleave|p1b: WOLFE GLICK\n|-resisted|p1b: WOLFE GLICK|1\n|-damage|p1b: WOLFE GLICK|71/100\n|\n|-damage|p2b: Kingambit|95/100 brn|[from] brn\n|upkeep\n|turn|8\n|\n|t:|1776141997\n|move|p1a: :)|Protect|p1a: :)\n|-singleturn|p1a: :)|Protect\n|move|p2a: Charizard|Dragon Claw|p1b: WOLFE GLICK\n|-damage|p1b: WOLFE GLICK|41/100\n|-enditem|p1b: WOLFE GLICK|Sitrus Berry|[eat]\n|-heal|p1b: WOLFE GLICK|65/100|[from] item: Sitrus Berry\n|move|p1b: WOLFE GLICK|Flare Blitz|p2b: Kingambit\n|-supereffective|p2b: Kingambit|1\n|-damage|p2b: Kingambit|36/100 brn\n|-damage|p1b: WOLFE GLICK|46/100|[from] Recoil\n|move|p2b: Kingambit|Kowtow Cleave|p1a: :)\n|-activate|p1a: :)|move: Protect\n|\n|-damage|p2b: Kingambit|30/100 brn|[from] brn\n|upkeep\n|turn|9\n|\n|t:|1776142044\n|move|p2b: Kingambit|Protect|p2b: Kingambit\n|-singleturn|p2b: Kingambit|Protect\n|move|p1a: :)|Bitter Malice|p2a: Charizard\n|-damage|p2a: Charizard|44/100\n|-unboost|p2a: Charizard|atk|1\n|move|p2a: Charizard|Flare Blitz|p1a: :)\n|-damage|p1a: :)|17/100\n|-status|p1a: :)|brn\n|replace|p1a: Zoroark|Zoroark-Hisui, L50, M\n|-end|p1a: Zoroark|Illusion\n|-damage|p2a: Charizard|25/100|[from] Recoil\n|move|p1b: WOLFE GLICK|Flare Blitz|p2b: Kingambit\n|-activate|p2b: Kingambit|move: Protect\n|\n|-damage|p1a: Zoroark|10/100 brn|[from] brn\n|-damage|p2b: Kingambit|24/100 brn|[from] brn\n|upkeep\n|turn|10\n|\n|t:|1776142073\n|move|p2b: Kingambit|Sucker Punch|p1a: Zoroark\n|-supereffective|p1a: Zoroark|1\n|-damage|p1a: Zoroark|0 fnt\n|faint|p1a: Zoroark\n|move|p2a: Charizard|Dragon Claw|p1b: WOLFE GLICK\n|-damage|p1b: WOLFE GLICK|21/100\n|move|p1b: WOLFE GLICK|Flare Blitz|p2b: Kingambit\n|-supereffective|p2b: Kingambit|1\n|-damage|p2b: Kingambit|0 fnt\n|faint|p2b: Kingambit\n|-damage|p1b: WOLFE GLICK|13/100|[from] Recoil\n|\n|upkeep\n|\n|t:|1776142082\n|switch|p1a: :)|Gengar, L50, F|100/100\n|switch|p2b: Whimsicott|Whimsicott, L50, F|90/100\n|turn|11\n|\n|t:|1776142094\n|switch|p1b: hello|Sableye, L50, M|22/100\n|detailschange|p1a: :)|Gengar-Mega, L50, F\n|-mega|p1a: :)|Gengar|Gengarite\n|move|p2a: Charizard|Protect|p2a: Charizard\n|-singleturn|p2a: Charizard|Protect\n|move|p2b: Whimsicott|Tailwind|p2b: Whimsicott\n|-sidestart|p2: walternateaccount|move: Tailwind\n|move|p1a: :)|Perish Song|p1a: :)\n|-start|p1a: :)|perish3|[silent]\n|-start|p1b: hello|perish3|[silent]\n|-start|p2a: Charizard|perish3|[silent]\n|-start|p2b: Whimsicott|perish3|[silent]\n|-fieldactivate|move: Perish Song\n|\n|-start|p2b: Whimsicott|perish3\n|-start|p2a: Charizard|perish3\n|-start|p1a: :)|perish3\n|-start|p1b: hello|perish3\n|upkeep\n|turn|12\n|\n|t:|1776142112\n|move|p2b: Whimsicott|Encore|p1a: :)\n|-start|p1a: :)|Encore\n|move|p1b: hello|Encore|p2a: Charizard\n|-start|p2a: Charizard|Encore\n|move|p2a: Charizard|Protect||[still]\n|-fail|p2a: Charizard\n|move|p1a: :)|Perish Song||[still]\n|-fail|p1a: :)\n|\n|-start|p2b: Whimsicott|perish2\n|-start|p2a: Charizard|perish2\n|-start|p1a: :)|perish2\n|-start|p1b: hello|perish2\n|upkeep\n|turn|13\n|\n|t:|1776142129\n|switch|p1a: WOLFE GLICK|Incineroar, L50, M|13/100\n|-ability|p1a: WOLFE GLICK|Intimidate|boost\n|-unboost|p2a: Charizard|atk|1\n|-unboost|p2b: Whimsicott|atk|1\n|move|p2a: Charizard|Protect|p2a: Charizard\n|-singleturn|p2a: Charizard|Protect\n|move|p1b: hello|Disable|p2a: Charizard\n|-activate|p2a: Charizard|move: Protect\n|move|p2b: Whimsicott|Moonblast|p1b: hello\n|-supereffective|p1b: hello|1\n|-damage|p1b: hello|0 fnt\n|faint|p1b: hello\n|\n|-start|p2b: Whimsicott|perish1\n|-start|p2a: Charizard|perish1\n|upkeep\n|\n|t:|1776142140\n|switch|p1b: :)|Gengar-Mega, L50, F|100/100\n|turn|14\n|\n|t:|1776142151\n|move|p2a: Charizard|Protect|p2a: Charizard\n|-singleturn|p2a: Charizard|Protect\n|move|p1b: :)|Protect|p1b: :)\n|-singleturn|p1b: :)|Protect\n|move|p1a: WOLFE GLICK|Fake Out|p2b: Whimsicott\n|-damage|p2b: Whimsicott|81/100\n|cant|p2b: Whimsicott|flinch\n|\n|-end|p2a: Charizard|Encore\n|-start|p2b: Whimsicott|perish0\n|-start|p2a: Charizard|perish0\n|-sideend|p2: walternateaccount|move: Tailwind\n|faint|p2b: Whimsicott\n|faint|p2a: Charizard\n|\n|win|ihatecalyrexes\n|raw|ihatecalyrexes's rating: 1099 &rarr; <strong>1120</strong><br />(+21 for winning)\n|raw|walternateaccount's rating: 1046 &rarr; <strong>1032</strong><br />(-14 for losing)\n|l|\u2606walternateaccount\n|player|p2|\n",
  "uploadtime": 1776142170,
  "views": 29,
  "formatid": "gen9championsvgc2026regma",
  "rating": 1032,
  "private": 0,
  "password": null
}