{
  "id": "gen9championsvgc2026regma-2580750928",
  "format": "[Gen 9 Champions] VGC 2026 Reg M-A",
  "players": [
    "bleebobloop",
    "mimrat6"
  ],
  "log": "|j|\u2606bleebobloop\n|j|\u2606mimrat6\n|t:|1775929484\n|gametype|doubles\n|player|p1|bleebobloop|clay|1000\n|player|p2|mimrat6|caitlin|1092\n|gen|9\n|tier|[Gen 9 Champions] VGC 2026 Reg M-A\n|rated|\n|rule|Species Clause: Limit one of each Pok\u00e9mon\n|rule|Item Clause: Limit 1 of each item\n|clearpoke\n|poke|p1|Vanilluxe, L50, M|\n|poke|p1|Crabominable, L50, F|\n|poke|p1|Araquanid, L50, F|\n|poke|p1|Slowking-Galar, L50, F|\n|poke|p1|Skarmory, L50, M|\n|poke|p1|Incineroar, L50, F|\n|poke|p2|Floette-Eternal, L50, F|\n|poke|p2|Sinistcha, L50|\n|poke|p2|Incineroar, L50, M|\n|poke|p2|Sneasler, L50, M|\n|poke|p2|Basculegion, L50, M|\n|poke|p2|Pelipper, L50, M|\n|teampreview|4\nbleebobloop has agreed to open team sheets.\n|inactive|Battle timer is ON: inactive players will automatically lose when time's up. (requested by mimrat6)\n|\n|t:|1775929512\n|teamsize|p1|4\n|teamsize|p2|4\n|start\n|switch|p1a: Incineroar|Incineroar, L50, F|100/100\n|switch|p1b: Slowking|Slowking-Galar, L50, F|100/100\n|switch|p2a: Floette|Floette-Eternal, L50, F|100/100\n|switch|p2b: Incineroar|Incineroar, L50, M, shiny|100/100\n|-ability|p2b: Incineroar|Intimidate|boost\n|-unboost|p1a: Incineroar|atk|1\n|-unboost|p1b: Slowking|atk|1\n|-ability|p1a: Incineroar|Intimidate|boost\n|-unboost|p2a: Floette|atk|1\n|-unboost|p2b: Incineroar|atk|1\n|turn|1\n|\n|t:|1775929527\n|detailschange|p2a: Floette|Floette-Mega, L50, F\n|-mega|p2a: Floette|Floette|Floettite\n|-ability|p2a: Floette|Fairy Aura\n|move|p2b: Incineroar|Fake Out|p1b: Slowking\n|-damage|p1b: Slowking|95/100\n|move|p1a: Incineroar|Fake Out|p2a: Floette\n|-damage|p2a: Floette|92/100\n|cant|p2a: Floette|flinch\n|cant|p1b: Slowking|flinch\n|\n|upkeep\n|turn|2\n|\n|t:|1775929540\n|switch|p2b: Sinistcha|Sinistcha, L50, shiny|100/100\n|-heal|p2a: Floette|100/100|[from] ability: Hospitality|[of] p2b: Sinistcha\n|move|p2a: Floette|Protect|p2a: Floette\n|-singleturn|p2a: Floette|Protect\n|move|p1a: Incineroar|Flare Blitz|p2a: Floette\n|-activate|p2a: Floette|move: Protect\n|move|p1b: Slowking|Sludge Bomb|p2a: Floette\n|-activate|p2a: Floette|move: Protect\n|\n|upkeep\n|turn|3\n|\n|t:|1775929553\n|move|p2b: Sinistcha|Rage Powder|p2b: Sinistcha\n|-singleturn|p2b: Sinistcha|move: Rage Powder\n|move|p2a: Floette|Calm Mind|p2a: Floette\n|-boost|p2a: Floette|spa|1\n|-boost|p2a: Floette|spd|1\n|move|p1a: Incineroar|Flare Blitz|p2b: Sinistcha\n|-supereffective|p2b: Sinistcha|1\n|-damage|p2b: Sinistcha|57/100\n|-status|p2b: Sinistcha|brn\n|-damage|p1a: Incineroar|88/100|[from] Recoil\n|move|p1b: Slowking|Trick Room|p1b: Slowking\n|-fieldstart|move: Trick Room|[of] p1b: Slowking\n|\n|-damage|p2b: Sinistcha|50/100 brn|[from] brn\n|upkeep\n|-enditem|p2b: Sinistcha|Sitrus Berry|[eat]\n|-heal|p2b: Sinistcha|75/100 brn|[from] item: Sitrus Berry\n|turn|4\n|\n|t:|1775929573\n|switch|p2b: Incineroar|Incineroar, L50, M, shiny|100/100\n|-ability|p2b: Incineroar|Intimidate|boost\n|-unboost|p1a: Incineroar|atk|1\n|-unboost|p1b: Slowking|atk|1\n|move|p2a: Floette|Protect|p2a: Floette\n|-singleturn|p2a: Floette|Protect\n|-prepare|p1b: Slowking|Chilly Reception|[premajor]\n|move|p1b: Slowking|Chilly Reception|p1b: Slowking\n|-weather|Snowscape\n|\n|t:|1775929582\n|switch|p1b: Crabominable|Crabominable, L50, F|100/100|[from] Chilly Reception\n|move|p1a: Incineroar|Parting Shot|p2a: Floette\n|-activate|p2a: Floette|move: Protect\n|\n|-weather|Snowscape|[upkeep]\n|upkeep\n|turn|5\n|\n|t:|1775929593\n|detailschange|p1b: Crabominable|Crabominable-Mega, L50, F\n|-mega|p1b: Crabominable|Crabominable|Crabominite\n|move|p1b: Crabominable|Protect|p1b: Crabominable\n|-singleturn|p1b: Crabominable|Protect\n|move|p2b: Incineroar|Fake Out|p1b: Crabominable\n|-activate|p1b: Crabominable|move: Protect\n|move|p1a: Incineroar|Parting Shot|p2b: Incineroar\n|-unboost|p2b: Incineroar|atk|1\n|-unboost|p2b: Incineroar|spa|1\n|\n|t:|1775929604\n|switch|p1a: Slowking|Slowking-Galar, L50, F|100/100|[from] Parting Shot\n|move|p2a: Floette|Moonblast|p1a: Slowking\n|-resisted|p1a: Slowking|1\n|-damage|p1a: Slowking|50/100\n|\n|-weather|Snowscape|[upkeep]\n|upkeep\n|turn|6\n|\n|t:|1775929626\n|switch|p2b: Sinistcha|Sinistcha, L50, shiny|75/100 brn\n|move|p2a: Floette|Protect|p2a: Floette\n|-singleturn|p2a: Floette|Protect\n|move|p1b: Crabominable|Gunk Shot|p2a: Floette\n|-activate|p2a: Floette|move: Protect\n|move|p1a: Slowking|Sludge Bomb|p2a: Floette\n|-activate|p2a: Floette|move: Protect\n|\n|-weather|Snowscape|[upkeep]\n|-damage|p2b: Sinistcha|69/100 brn|[from] brn\n|upkeep\n|turn|7\n|\n|t:|1775929642\n|switch|p2a: Incineroar|Incineroar, L50, M, shiny|100/100\n|-ability|p2a: Incineroar|Intimidate|boost\n|-unboost|p1a: Slowking|atk|1\n|-unboost|p1b: Crabominable|atk|1\n|move|p1b: Crabominable|Protect|p1b: Crabominable\n|-singleturn|p1b: Crabominable|Protect\n|move|p1a: Slowking|Sludge Bomb|p2b: Sinistcha\n|-damage|p2b: Sinistcha|29/100 brn\n|move|p2b: Sinistcha|Matcha Gotcha|p1a: Slowking|[spread] p1a\n|-activate|p1b: Crabominable|move: Protect\n|-resisted|p1a: Slowking|1\n|-damage|p1a: Slowking|40/100\n|-heal|p2b: Sinistcha|35/100 brn|[from] drain|[of] p1a: Slowking\n|\n|-weather|Snowscape|[upkeep]\n|-damage|p2b: Sinistcha|29/100 brn|[from] brn\n|-fieldend|move: Trick Room\n|upkeep\n|turn|8\n|inactive|mimrat6 has 30 seconds left.\n|inactive|mimrat6 has 20 seconds left.\n|\n|t:|1775929678\n|switch|p1b: Incineroar|Incineroar, L50, F|88/100\n|-ability|p1b: Incineroar|Intimidate|boost\n|-unboost|p2a: Incineroar|atk|1\n|-unboost|p2b: Sinistcha|atk|1\n|move|p2b: Sinistcha|Matcha Gotcha|p1a: Slowking|[spread] p1a\n|-miss|p2b: Sinistcha|p1b: Incineroar\n|-resisted|p1a: Slowking|1\n|-damage|p1a: Slowking|29/100\n|-heal|p2b: Sinistcha|35/100 brn|[from] drain|[of] p1a: Slowking\n|move|p2a: Incineroar|Flare Blitz|p1b: Incineroar\n|-resisted|p1b: Incineroar|1\n|-damage|p1b: Incineroar|73/100\n|-damage|p2a: Incineroar|96/100|[from] Recoil\n|move|p1a: Slowking|Trick Room|p1a: Slowking\n|-fieldstart|move: Trick Room|[of] p1a: Slowking\n|\n|-weather|none\n|-damage|p2b: Sinistcha|29/100 brn|[from] brn\n|upkeep\n|turn|9\n|\n|t:|1775929699\n|move|p2b: Sinistcha|Protect|p2b: Sinistcha\n|-singleturn|p2b: Sinistcha|Protect\n|move|p1b: Incineroar|Fake Out|p2a: Incineroar\n|-damage|p2a: Incineroar|87/100\n|-prepare|p1a: Slowking|Chilly Reception|[premajor]\n|move|p1a: Slowking|Chilly Reception|p1a: Slowking\n|-weather|Snowscape\n|\n|t:|1775929705\n|switch|p1a: Crabominable|Crabominable-Mega, L50, F|100/100|[from] Chilly Reception\n|cant|p2a: Incineroar|flinch\n|\n|-weather|Snowscape|[upkeep]\n|-damage|p2b: Sinistcha|22/100 brn|[from] brn\n|upkeep\n|turn|10\n|\n|t:|1775929718\n|move|p2b: Sinistcha|Rage Powder|p2b: Sinistcha\n|-singleturn|p2b: Sinistcha|move: Rage Powder\n|move|p1a: Crabominable|Drain Punch|p2b: Sinistcha\n|-immune|p2b: Sinistcha\n|move|p1b: Incineroar|Flare Blitz|p2b: Sinistcha\n|-supereffective|p2b: Sinistcha|1\n|-damage|p2b: Sinistcha|0 fnt\n|faint|p2b: Sinistcha\n|-damage|p1b: Incineroar|67/100|[from] Recoil\n|move|p2a: Incineroar|Parting Shot|p1a: Crabominable\n|-unboost|p1a: Crabominable|atk|1\n|-unboost|p1a: Crabominable|spa|1\n|\n|t:|1775929735\n|switch|p2a: Floette|Floette-Mega, L50, F|100/100|[from] Parting Shot\n|-ability|p2a: Floette|Fairy Aura\n|\n|-weather|Snowscape|[upkeep]\n|upkeep\n|\n|t:|1775929752\n|switch|p2b: Incineroar|Incineroar, L50, M, shiny|87/100\n|-ability|p2b: Incineroar|Intimidate|boost\n|-unboost|p1a: Crabominable|atk|1\n|-unboost|p1b: Incineroar|atk|1\n|turn|11\n|\n|t:|1775929761\n|move|p1a: Crabominable|Protect|p1a: Crabominable\n|-singleturn|p1a: Crabominable|Protect\n|move|p2b: Incineroar|Fake Out|p1b: Incineroar\n|-damage|p1b: Incineroar|56/100\n|cant|p1b: Incineroar|flinch\n|move|p2a: Floette|Dazzling Gleam|p1b: Incineroar|[spread] p1b\n|-activate|p1a: Crabominable|move: Protect\n|-damage|p1b: Incineroar|21/100\n|\n|-weather|Snowscape|[upkeep]\n|upkeep\n|turn|12\n|\n|t:|1775929777\n|switch|p2b: Sneasler|Sneasler, L50, M|100/100\n|move|p2a: Floette|Protect|p2a: Floette\n|-singleturn|p2a: Floette|Protect\n|move|p1a: Crabominable|Drain Punch|p2b: Sneasler\n|-resisted|p2b: Sneasler|1\n|-damage|p2b: Sneasler|73/100\n|move|p1b: Incineroar|Parting Shot|p2a: Floette\n|-activate|p2a: Floette|move: Protect\n|\n|-weather|Snowscape|[upkeep]\n|-fieldend|move: Trick Room\n|upkeep\n|turn|13\n|\n|t:|1775929795\n|switch|p1b: Slowking|Slowking-Galar, L50, F|62/100\n|move|p1a: Crabominable|Protect|p1a: Crabominable\n|-singleturn|p1a: Crabominable|Protect\n|move|p2b: Sneasler|Fake Out|p1b: Slowking\n|-damage|p1b: Slowking|51/100\n|move|p2a: Floette|Calm Mind|p2a: Floette\n|-boost|p2a: Floette|spa|1\n|-boost|p2a: Floette|spd|1\n|\n|-weather|none\n|upkeep\n|turn|14\n|\n|t:|1775929814\n|switch|p1a: Incineroar|Incineroar, L50, F|21/100\n|-ability|p1a: Incineroar|Intimidate|boost\n|-unboost|p2a: Floette|atk|1\n|-unboost|p2b: Sneasler|atk|1\n|-enditem|p2b: Sneasler|White Herb\n|-clearnegativeboost|p2b: Sneasler|[silent]\n|move|p2b: Sneasler|Close Combat|p1a: Incineroar\n|-supereffective|p1a: Incineroar|1\n|-damage|p1a: Incineroar|0 fnt\n|-unboost|p2b: Sneasler|def|1\n|-unboost|p2b: Sneasler|spd|1\n|faint|p1a: Incineroar\n|move|p2a: Floette|Moonblast|p1b: Slowking\n|-resisted|p1b: Slowking|1\n|-damage|p1b: Slowking|2/100\n|-unboost|p1b: Slowking|spa|1\n|move|p1b: Slowking|Trick Room|p1b: Slowking\n|-fieldstart|move: Trick Room|[of] p1b: Slowking\n|\n|upkeep\n|\n|t:|1775929826\n|switch|p1a: Crabominable|Crabominable-Mega, L50, F|100/100\n|turn|15\n|\n|t:|1775929837\n|switch|p2b: Incineroar|Incineroar, L50, M, shiny|87/100\n|-ability|p2b: Incineroar|Intimidate|boost\n|-unboost|p1a: Crabominable|atk|1\n|-unboost|p1b: Slowking|atk|1\n|move|p2a: Floette|Protect|p2a: Floette\n|-singleturn|p2a: Floette|Protect\n|move|p1a: Crabominable|Gunk Shot|p2a: Floette\n|-activate|p2a: Floette|move: Protect\n|-prepare|p1b: Slowking|Chilly Reception|[premajor]\n|move|p1b: Slowking|Chilly Reception|p1b: Slowking\n|-weather|Snowscape\n|\n|t:|1775929842\n|switch|p1b: Vanilluxe|Vanilluxe, L50, M|100/100|[from] Chilly Reception\n|\n|-weather|Snowscape|[upkeep]\n|upkeep\n|turn|16\n|c|\u2606bleebobloop|omfg\n|-message|bleebobloop forfeited.\n|\n|win|mimrat6\n|raw|bleebobloop's rating: 1000 &rarr; <strong>1000</strong><br />(+0 for losing)\n|raw|mimrat6's rating: 1092 &rarr; <strong>1111</strong><br />(+19 for winning)\n|l|\u2606bleebobloop\n|player|p1|\n",
  "uploadtime": 1775929863,
  "views": 20,
  "formatid": "gen9championsvgc2026regma",
  "rating": 1000,
  "private": 0,
  "password": null
}