{
  "id": "gen9championsvgc2026regma-2582634351",
  "format": "[Gen 9 Champions] VGC 2026 Reg M-A",
  "players": [
    "SoulHarts",
    "yamzinyobooty"
  ],
  "log": "|j|\u203dSoulHarts\n|j|\u2606yamzinyobooty\n|t:|1776103969\n|gametype|doubles\n|player|p1|SoulHarts|cynthia-gen4|1056\n|player|p2|yamzinyobooty|170|1064\n|gen|9\n|tier|[Gen 9 Champions] VGC 2026 Reg M-A\n|rated|\n|rule|Species Clause: Limit one of each Pok\u00e9mon\n|rule|Item Clause: Limit 1 of each item\n|clearpoke\n|poke|p1|Drampa, L50, M|\n|poke|p1|Farigiraf, L50, F|\n|poke|p1|Hatterene, L50, F|\n|poke|p1|Oranguru, L50, M|\n|poke|p1|Volcarona, L50, M|\n|poke|p1|Conkeldurr, L50, F|\n|poke|p2|Delphox, L50, M|\n|poke|p2|Basculegion, L50, M|\n|poke|p2|Clefable, L50, F|\n|poke|p2|Kingambit, L50, M|\n|poke|p2|Sneasler, L50, M|\n|poke|p2|Dragonite, L50, M|\n|teampreview|4\n|\n|t:|1776103989\n|teamsize|p1|4\n|teamsize|p2|4\n|start\n|switch|p1a: Drampa|Drampa, L50, M|100/100\n|switch|p1b: Farigiraf|Farigiraf, L50, F|100/100\n|switch|p2a: Sneasler|Sneasler, L50, M, shiny|100/100\n|switch|p2b: Basculegion|Basculegion, L50, M|100/100\n|turn|1\n|inactive|Battle timer is ON: inactive players will automatically lose when time's up. (requested by yamzinyobooty)\n|\n|t:|1776104010\n|detailschange|p1a: Drampa|Drampa-Mega, L50, M\n|-mega|p1a: Drampa|Drampa|Drampanite\n|move|p2b: Basculegion|Flip Turn|p1b: Farigiraf\n|-damage|p1b: Farigiraf|73/100\n|\n|t:|1776104020\n|switch|p2b: Clefable|Clefable, L50, F|100/100|[from] Flip Turn\n|move|p2a: Sneasler|Close Combat|p1a: Drampa\n|-supereffective|p1a: Drampa|1\n|-damage|p1a: Drampa|0 fnt\n|-unboost|p2a: Sneasler|def|1\n|-unboost|p2a: Sneasler|spd|1\n|faint|p1a: Drampa\n|move|p1b: Farigiraf|Trick Room|p1b: Farigiraf\n|-fieldstart|move: Trick Room|[of] p1b: Farigiraf\n|\n|upkeep\n|\n|t:|1776104029\n|switch|p1a: Hatterene|Hatterene, L50, F|100/100\n|turn|2\n|\n|t:|1776104041\n|switch|p1b: Oranguru|Oranguru, L50, M|100/100\n|move|p2b: Clefable|Follow Me|p2b: Clefable\n|-singleturn|p2b: Clefable|move: Follow Me\n|move|p1a: Hatterene|Psychic|p2b: Clefable\n|-damage|p2b: Clefable|47/100\n|-enditem|p2b: Clefable|Sitrus Berry|[eat]\n|-heal|p2b: Clefable|71/100|[from] item: Sitrus Berry\n|move|p2a: Sneasler|Dire Claw|p1a: Hatterene\n|-supereffective|p1a: Hatterene|1\n|-damage|p1a: Hatterene|9/100\n|-status|p1a: Hatterene|par\n|-enditem|p1a: Hatterene|Sitrus Berry|[eat]\n|-heal|p1a: Hatterene|34/100 par|[from] item: Sitrus Berry\n|\n|upkeep\n|turn|3\n|inactive|yamzinyobooty has 30 seconds left.\n|\n|t:|1776104067\n|switch|p2a: Kingambit|Kingambit, L50, M, shiny|100/100\n|move|p2b: Clefable|Protect|p2b: Clefable\n|-singleturn|p2b: Clefable|Protect\n|move|p1a: Hatterene|Psychic|p2a: Kingambit\n|-immune|p2a: Kingambit\n|move|p1b: Oranguru|Instruct|p1a: Hatterene\n|-singleturn|p1a: Hatterene|move: Instruct|[of] p1b: Oranguru\n|move|p1a: Hatterene|Psychic|p2a: Kingambit\n|-immune|p2a: Kingambit\n|\n|upkeep\n|turn|4\n|\n|t:|1776104085\n|move|p2b: Clefable|Follow Me|p2b: Clefable\n|-singleturn|p2b: Clefable|move: Follow Me\n|move|p1a: Hatterene|Mystical Fire|p2b: Clefable\n|-damage|p2b: Clefable|43/100\n|-unboost|p2b: Clefable|spa|1\n|move|p2a: Kingambit|Kowtow Cleave|p1b: Oranguru\n|-supereffective|p1b: Oranguru|1\n|-damage|p1b: Oranguru|9/100\n|move|p1b: Oranguru|Instruct|p2b: Clefable\n|-singleturn|p2b: Clefable|move: Instruct|[of] p1b: Oranguru\n|move|p2b: Clefable|Follow Me||[still]\n|-fail|p2b: Clefable\n|\n|upkeep\n|turn|5\n|\n|t:|1776104108\n|move|p2a: Kingambit|Protect|p2a: Kingambit\n|-singleturn|p2a: Kingambit|Protect\n|move|p2b: Clefable|Protect|p2b: Clefable\n|-singleturn|p2b: Clefable|Protect\n|move|p1a: Hatterene|Mystical Fire|p2a: Kingambit\n|-activate|p2a: Kingambit|move: Protect\n|move|p1b: Oranguru|Instruct|p1a: Hatterene\n|-singleturn|p1a: Hatterene|move: Instruct|[of] p1b: Oranguru\n|move|p1a: Hatterene|Mystical Fire|p2a: Kingambit\n|-activate|p2a: Kingambit|move: Protect\n|\n|-fieldend|move: Trick Room\n|upkeep\n|turn|6\n|-message|SoulHarts forfeited.\n|\n|win|yamzinyobooty\n|raw|SoulHarts's rating: 1056 &rarr; <strong>1038</strong><br />(-18 for losing)\n|raw|yamzinyobooty's rating: 1064 &rarr; <strong>1094</strong><br />(+30 for winning)\n",
  "uploadtime": 1776104121,
  "views": 13,
  "formatid": "gen9championsvgc2026regma",
  "rating": 1038,
  "private": 0,
  "password": null
}