{
  "id": "gen9championsvgc2026regma-2584601986",
  "format": "[Gen 9 Champions] VGC 2026 Reg M-A",
  "players": [
    "iLiseq",
    "KogaAF1219"
  ],
  "log": "|j|\u2606iLiseq\n|j|\u2606KogaAF1219\n|t:|1776271433\n|gametype|doubles\n|player|p1|iLiseq|guzma|1161\n|player|p2|KogaAF1219|koga|1236\n|gen|9\n|tier|[Gen 9 Champions] VGC 2026 Reg M-A\n|rated|\n|rule|Species Clause: Limit one of each Pok\u00e9mon\n|rule|Item Clause: Limit 1 of each item\n|clearpoke\n|poke|p1|Drampa, L50, M|\n|poke|p1|Alakazam, L50, F|\n|poke|p1|Sinistcha, L50|\n|poke|p1|Basculegion, L50, M|\n|poke|p1|Scizor, L50, M|\n|poke|p1|Pelipper, L50, M|\n|poke|p2|Torkoal, L50, F|\n|poke|p2|Venusaur, L50, F|\n|poke|p2|Incineroar, L50, M|\n|poke|p2|Farigiraf, L50, F|\n|poke|p2|Rotom-Fan, L50|\n|poke|p2|Excadrill, L50, F|\n|teampreview|4\n|\n|t:|1776271451\n|teamsize|p1|4\n|teamsize|p2|4\n|start\n|switch|p1a: Drampa|Drampa, L50, M|100/100\n|switch|p1b: Alakazam|Alakazam, L50, F|100/100\n|switch|p2a: Rotom|Rotom-Fan, L50|100/100\n|switch|p2b: Excadrill|Excadrill, L50, F|100/100\n|-ability|p2b: Excadrill|Mold Breaker\n|-ability|p1a: Drampa|Cloud Nine\n|turn|1\n|\n|t:|1776271465\n|detailschange|p1a: Drampa|Drampa-Mega, L50, M\n|-mega|p1a: Drampa|Drampa|Drampanite\n|move|p1a: Drampa|Protect|p1a: Drampa\n|-singleturn|p1a: Drampa|Protect\n|move|p2a: Rotom|Discharge|p1b: Alakazam|[spread] p1b\n|-activate|p1a: Drampa|move: Protect\n|-immune|p2b: Excadrill\n|-damage|p1b: Alakazam|76/100\n|move|p1b: Alakazam|Reflect|p1b: Alakazam\n|-sidestart|p1: iLiseq|Reflect\n|move|p2b: Excadrill|Earthquake|p1b: Alakazam|[spread] p1b\n|-activate|p1a: Drampa|move: Protect\n|-immune|p2a: Rotom\n|-damage|p1b: Alakazam|25/100\n|\n|upkeep\n|turn|2\n|\n|t:|1776271487\n|move|p2a: Rotom|Discharge|p1a: Drampa|[spread] p1a,p1b\n|-immune|p2b: Excadrill\n|-resisted|p1a: Drampa|1\n|-damage|p1a: Drampa|91/100\n|-damage|p1b: Alakazam|1/100\n|move|p1b: Alakazam|Speed Swap|p1a: Drampa\n|-activate|p1b: Alakazam|move: Speed Swap|[of] p1a: Drampa\n|move|p1a: Drampa|Earth Power|p2b: Excadrill\n|-supereffective|p2b: Excadrill|1\n|-enditem|p2b: Excadrill|Focus Sash\n|-damage|p2b: Excadrill|1/100\n|move|p2b: Excadrill|Rock Slide|p1b: Alakazam|[spread] p1b\n|-miss|p2b: Excadrill|p1a: Drampa\n|-crit|p1b: Alakazam\n|-damage|p1b: Alakazam|0 fnt\n|faint|p1b: Alakazam\n|\n|upkeep\n|\n|t:|1776271503\n|switch|p1b: Sinistcha|Sinistcha, L50|100/100\n|-heal|p1a: Drampa|100/100|[from] ability: Hospitality|[of] p1b: Sinistcha\n|turn|3\n|\n|t:|1776271510\n|move|p2b: Excadrill|Protect|p2b: Excadrill\n|-singleturn|p2b: Excadrill|Protect\n|move|p2a: Rotom|Discharge|p1a: Drampa|[spread] p1a,p1b\n|-activate|p2b: Excadrill|move: Protect\n|-resisted|p1a: Drampa|1\n|-resisted|p1b: Sinistcha|1\n|-damage|p1a: Drampa|92/100\n|-damage|p1b: Sinistcha|88/100\n|-status|p1b: Sinistcha|par\n|move|p1a: Drampa|Hyper Voice|p2a: Rotom|[spread] p2a\n|-activate|p2b: Excadrill|move: Protect\n|-damage|p2a: Rotom|48/100\n|move|p1b: Sinistcha|Matcha Gotcha|p2a: Rotom|[spread] p2a\n|-activate|p2b: Excadrill|move: Protect\n|-resisted|p2a: Rotom|1\n|-damage|p2a: Rotom|36/100\n|-heal|p1b: Sinistcha|94/100 par|[from] drain|[of] p2a: Rotom\n|\n|upkeep\n|turn|4\n|\n|t:|1776271531\n|switch|p1b: Pelipper|Pelipper, L50, M|100/100\n|-weather|RainDance|[from] ability: Drizzle|[of] p1b: Pelipper\n|move|p2a: Rotom|Discharge|p1b: Pelipper|[spread] p1a,p1b\n|-immune|p2b: Excadrill\n|-resisted|p1a: Drampa|1\n|-supereffective|p1b: Pelipper|2\n|-damage|p1a: Drampa|83/100\n|-enditem|p1b: Pelipper|Focus Sash\n|-damage|p1b: Pelipper|1/100\n|-status|p1b: Pelipper|par\n|move|p1a: Drampa|Hyper Voice|p2a: Rotom|[spread] p2a,p2b\n|-resisted|p2b: Excadrill|1\n|-damage|p2a: Rotom|0 fnt\n|-damage|p2b: Excadrill|0 fnt\n|faint|p2a: Rotom\n|faint|p2b: Excadrill\n|\n|-weather|RainDance|[upkeep]\n|upkeep\n|\n|t:|1776271545\n|switch|p2b: Venusaur|Venusaur, L50, F|100/100\n|switch|p2a: Torkoal|Torkoal, L50, F|100/100\n|-weather|SunnyDay|[from] ability: Drought|[of] p2a: Torkoal\n|turn|5\n|\n|t:|1776271558\n|switch|p1b: Sinistcha|Sinistcha, L50|94/100 par\n|-heal|p1a: Drampa|100/100|[from] ability: Hospitality|[of] p1b: Sinistcha\n|move|p1a: Drampa|Protect|p1a: Drampa\n|-singleturn|p1a: Drampa|Protect\n|move|p2b: Venusaur|Sleep Powder|p1a: Drampa\n|-activate|p1a: Drampa|move: Protect\n|move|p2a: Torkoal|Eruption|p1a: Drampa|[spread] p1b\n|-activate|p1a: Drampa|move: Protect\n|-supereffective|p1b: Sinistcha|1\n|-damage|p1b: Sinistcha|0 fnt\n|faint|p1b: Sinistcha\n|\n|-weather|SunnyDay|[upkeep]\n|-sideend|p1: iLiseq|Reflect\n|upkeep\n|\n|t:|1776271568\n|switch|p1b: Pelipper|Pelipper, L50, M|1/100 par\n|-weather|RainDance|[from] ability: Drizzle|[of] p1b: Pelipper\n|turn|6\n|\n|t:|1776271582\n|cant|p1b: Pelipper|par\n|move|p1a: Drampa|Hyper Voice|p2b: Venusaur|[spread] p2a,p2b\n|-damage|p2a: Torkoal|39/100\n|-damage|p2b: Venusaur|48/100\n|move|p2b: Venusaur|Giga Drain|p1b: Pelipper\n|-damage|p1b: Pelipper|0 fnt\n|-heal|p2b: Venusaur|48/100|[from] drain|[of] p1b: Pelipper\n|faint|p1b: Pelipper\n|move|p2a: Torkoal|Earth Power|p1a: Drampa\n|-damage|p1a: Drampa|77/100\n|\n|-weather|RainDance|[upkeep]\n|upkeep\n|turn|7\n|\n|t:|1776271593\n|detailschange|p2b: Venusaur|Venusaur-Mega, L50, F\n|-mega|p2b: Venusaur|Venusaur|Venusaurite\n|move|p1a: Drampa|Hyper Voice|p2a: Torkoal|[spread] p2a,p2b\n|-damage|p2a: Torkoal|0 fnt\n|-damage|p2b: Venusaur|3/100\n|faint|p2a: Torkoal\n|move|p2b: Venusaur|Sleep Powder|p1a: Drampa\n|-status|p1a: Drampa|slp|[from] move: Sleep Powder\n|\n|-weather|RainDance|[upkeep]\n|upkeep\n|turn|8\n|\n|t:|1776271600\n|cant|p1a: Drampa|slp\n|move|p2b: Venusaur|Sludge Bomb|p1a: Drampa\n|-damage|p1a: Drampa|36/100 slp\n|-ability|p1a: Drampa|Berserk|boost\n|-boost|p1a: Drampa|spa|1\n|\n|-weather|RainDance|[upkeep]\n|upkeep\n|turn|9\n|\n|t:|1776271607\n|cant|p1a: Drampa|slp\n|move|p2b: Venusaur|Sludge Bomb|p1a: Drampa\n|-damage|p1a: Drampa|0 fnt\n|faint|p1a: Drampa\n|\n|win|KogaAF1219\n|raw|iLiseq's rating: 1161 &rarr; <strong>1141</strong><br />(-20 for losing)\n|raw|KogaAF1219's rating: 1236 &rarr; <strong>1256</strong><br />(+20 for winning)\n",
  "uploadtime": 1776271610,
  "views": 18,
  "formatid": "gen9championsvgc2026regma",
  "rating": 1141,
  "private": 0,
  "password": null
}