{
  "id": "gen9championsvgc2026regma-2583063364",
  "format": "[Gen 9 Champions] VGC 2026 Reg M-A",
  "players": [
    "Zhm/r",
    "dogpirate"
  ],
  "log": "|j|\u2606Zhm/r\n|j|\u2606dogpirate\n|t:|1776138001\n|gametype|doubles\n|player|p1|Zhm/r|clown|1164\n|player|p2|dogpirate|101|1173\n|gen|9\n|tier|[Gen 9 Champions] VGC 2026 Reg M-A\n|rated|\n|rule|Species Clause: Limit one of each Pok\u00e9mon\n|rule|Item Clause: Limit 1 of each item\n|clearpoke\n|poke|p1|Aggron, L50, F|\n|poke|p1|Slowbro, L50, M|\n|poke|p1|Incineroar, L50, M|\n|poke|p1|Sinistcha, L50|\n|poke|p1|Garchomp, L50, F|\n|poke|p1|Tyranitar, L50, M|\n|poke|p2|Basculegion, L50, M|\n|poke|p2|Pelipper, L50, F|\n|poke|p2|Archaludon, L50, M|\n|poke|p2|Scizor, L50, M|\n|poke|p2|Gengar, L50, M|\n|poke|p2|Raichu, L50, M|\n|teampreview|4\n|\n|t:|1776138033\n|teamsize|p1|4\n|teamsize|p2|4\n|start\n|switch|p1a: Aggron|Aggron, L50, F|100/100\n|switch|p1b: Slowbro|Slowbro, L50, M|100/100\n|switch|p2a: Pelipper|Pelipper, L50, F|100/100\n|switch|p2b: Raichu|Raichu, L50, M|100/100\n|-weather|RainDance|[from] ability: Drizzle|[of] p2a: Pelipper\n|turn|1\n|\n|t:|1776138050\n|switch|p1b: Garchomp|Garchomp, L50, F|100/100\n|detailschange|p1a: Aggron|Aggron-Mega, L50, F\n|-mega|p1a: Aggron|Aggron|Aggronite\n|move|p2b: Raichu|Fake Out|p1b: Garchomp\n|-damage|p1b: Garchomp|93/100\n|move|p2a: Pelipper|Weather Ball|p1a: Aggron\n|-damage|p1a: Aggron|46/100\n|move|p1a: Aggron|Iron Defense|p1a: Aggron\n|-boost|p1a: Aggron|def|2\n|\n|-weather|RainDance|[upkeep]\n|upkeep\n|turn|2\n|\n|t:|1776138071\n|move|p2b: Raichu|Protect|p2b: Raichu\n|-singleturn|p2b: Raichu|Protect\n|move|p1a: Aggron|Protect|p1a: Aggron\n|-singleturn|p1a: Aggron|Protect\n|move|p1b: Garchomp|Rock Slide|p2b: Raichu|[spread] p2a\n|-activate|p2b: Raichu|move: Protect\n|-supereffective|p2a: Pelipper|1\n|-damage|p2a: Pelipper|46/100\n|cant|p2a: Pelipper|flinch\n|\n|-weather|RainDance|[upkeep]\n|upkeep\n|turn|3\n|\n|t:|1776138089\n|switch|p2b: Basculegion|Basculegion, L50, M|100/100\n|switch|p1a: Slowbro|Slowbro, L50, M|100/100\n|move|p2a: Pelipper|Protect|p2a: Pelipper\n|-singleturn|p2a: Pelipper|Protect\n|move|p1b: Garchomp|Rock Slide|p2b: Basculegion|[spread] p2b\n|-activate|p2a: Pelipper|move: Protect\n|-damage|p2b: Basculegion|74/100\n|\n|-weather|RainDance|[upkeep]\n|upkeep\n|turn|4\n|\n|t:|1776138107\n|move|p1a: Slowbro|Protect|p1a: Slowbro\n|-singleturn|p1a: Slowbro|Protect\n|move|p2b: Basculegion|Wave Crash|p1b: Garchomp\n|-damage|p1b: Garchomp|0 fnt\n|faint|p1b: Garchomp\n|-damage|p2b: Basculegion|46/100|[from] Recoil\n|move|p2a: Pelipper|Tailwind|p2a: Pelipper\n|-sidestart|p2: dogpirate|move: Tailwind\n|\n|-weather|RainDance|[upkeep]\n|upkeep\n|\n|t:|1776138117\n|switch|p1b: Incineroar|Incineroar, L50, M|100/100\n|-ability|p1b: Incineroar|Intimidate|boost\n|-unboost|p2a: Pelipper|atk|1\n|-unboost|p2b: Basculegion|atk|1\n|turn|5\n|\n|t:|1776138134\n|switch|p2b: Raichu|Raichu, L50, M|100/100\n|move|p2a: Pelipper|Protect|p2a: Pelipper\n|-singleturn|p2a: Pelipper|Protect\n|move|p1b: Incineroar|Lash Out|p2b: Raichu\n|-damage|p2b: Raichu|57/100\n|move|p1a: Slowbro|Trick Room|p1a: Slowbro\n|-fieldstart|move: Trick Room|[of] p1a: Slowbro\n|\n|-weather|none\n|-heal|p2b: Raichu|63/100|[from] item: Leftovers\n|upkeep\n|turn|6\n|inactive|Battle timer is ON: inactive players will automatically lose when time's up. (requested by dogpirate)\n|\n|t:|1776138195\n|switch|p1a: Aggron|Aggron-Mega, L50, F|46/100\n|switch|p2a: Basculegion|Basculegion, L50, M|46/100\n|move|p2b: Raichu|Fake Out|p1b: Incineroar\n|-damage|p1b: Incineroar|93/100\n|cant|p1b: Incineroar|flinch\n|\n|-heal|p2b: Raichu|69/100|[from] item: Leftovers\n|upkeep\n|turn|7\n|\n|t:|1776138216\n|move|p1a: Aggron|Protect|p1a: Aggron\n|-singleturn|p1a: Aggron|Protect\n|move|p2a: Basculegion|Protect|p2a: Basculegion\n|-singleturn|p2a: Basculegion|Protect\n|move|p1b: Incineroar|Lash Out|p2a: Basculegion\n|-activate|p2a: Basculegion|move: Protect\n|move|p2b: Raichu|Thunderbolt|p1a: Aggron\n|-activate|p1a: Aggron|move: Protect\n|\n|-heal|p2b: Raichu|76/100|[from] item: Leftovers\n|-sideend|p2: dogpirate|move: Tailwind\n|upkeep\n|turn|8\n|\n|t:|1776138232\n|switch|p2a: Pelipper|Pelipper, L50, F|46/100\n|-weather|RainDance|[from] ability: Drizzle|[of] p2a: Pelipper\n|move|p2b: Raichu|Protect|p2b: Raichu\n|-singleturn|p2b: Raichu|Protect\n|move|p1a: Aggron|Iron Defense|p1a: Aggron\n|-boost|p1a: Aggron|def|2\n|move|p1b: Incineroar|Lash Out|p2a: Pelipper\n|-damage|p2a: Pelipper|0 fnt\n|faint|p2a: Pelipper\n|\n|-weather|RainDance|[upkeep]\n|-heal|p2b: Raichu|82/100|[from] item: Leftovers\n|upkeep\n|\n|t:|1776138251\n|switch|p2a: Basculegion|Basculegion, L50, M|46/100\n|turn|9\n|\n|t:|1776138263\n|move|p2a: Basculegion|Protect|p2a: Basculegion\n|-singleturn|p2a: Basculegion|Protect\n|move|p1a: Aggron|Body Press|p2b: Raichu\n|-damage|p2b: Raichu|0 fnt\n|faint|p2b: Raichu\n|move|p1b: Incineroar|Lash Out|p2a: Basculegion\n|-activate|p2a: Basculegion|move: Protect\n|\n|-weather|RainDance|[upkeep]\n|-fieldend|move: Trick Room\n|upkeep\n|\n|t:|1776138275\n|switch|p2b: Scizor|Scizor, L50, M|100/100\n|turn|10\n|\n|t:|1776138297\n|switch|p1b: Slowbro|Slowbro, L50, M|100/100\n|detailschange|p2b: Scizor|Scizor-Mega, L50, M\n|-mega|p2b: Scizor|Scizor|Scizorite\n|move|p1a: Aggron|Protect|p1a: Aggron\n|-singleturn|p1a: Aggron|Protect\n|move|p2a: Basculegion|Wave Crash|p1a: Aggron\n|-activate|p1a: Aggron|move: Protect\n|move|p2b: Scizor|X-Scissor|p1b: Slowbro\n|-supereffective|p1b: Slowbro|1\n|-damage|p1b: Slowbro|13/100\n|\n|-weather|RainDance|[upkeep]\n|-heal|p1b: Slowbro|19/100|[from] item: Leftovers\n|upkeep\n|turn|11\n|\n|t:|1776138317\n|move|p1b: Slowbro|Protect|p1b: Slowbro\n|-singleturn|p1b: Slowbro|Protect\n|move|p2a: Basculegion|Wave Crash|p1a: Aggron\n|-damage|p1a: Aggron|17/100\n|-damage|p2a: Basculegion|37/100|[from] Recoil\n|move|p2b: Scizor|X-Scissor|p1a: Aggron\n|-resisted|p1a: Aggron|1\n|-damage|p1a: Aggron|11/100\n|move|p1a: Aggron|Body Press|p2b: Scizor\n|-damage|p2b: Scizor|35/100\n|\n|-weather|RainDance|[upkeep]\n|-heal|p1b: Slowbro|25/100|[from] item: Leftovers\n|upkeep\n|turn|12\n|\n|t:|1776138337\n|move|p1a: Aggron|Protect|p1a: Aggron\n|-singleturn|p1a: Aggron|Protect\n|move|p2a: Basculegion|Wave Crash|p1a: Aggron\n|-activate|p1a: Aggron|move: Protect\n|move|p2b: Scizor|X-Scissor|p1b: Slowbro\n|-supereffective|p1b: Slowbro|1\n|-damage|p1b: Slowbro|0 fnt\n|faint|p1b: Slowbro\n|\n|-weather|none\n|upkeep\n|\n|t:|1776138347\n|switch|p1b: Incineroar|Incineroar, L50, M|93/100\n|-ability|p1b: Incineroar|Intimidate|boost\n|-unboost|p2a: Basculegion|atk|1\n|-unboost|p2b: Scizor|atk|1\n|turn|13\n|\n|t:|1776138364\n|move|p2a: Basculegion|Protect|p2a: Basculegion\n|-singleturn|p2a: Basculegion|Protect\n|move|p2b: Scizor|Protect|p2b: Scizor\n|-singleturn|p2b: Scizor|Protect\n|move|p1b: Incineroar|Lash Out|p2a: Basculegion\n|-activate|p2a: Basculegion|move: Protect\n|move|p1a: Aggron|Body Press|p2b: Scizor\n|-activate|p2b: Scizor|move: Protect\n|\n|upkeep\n|turn|14\n|\n|t:|1776138381\n|move|p1a: Aggron|Protect|p1a: Aggron\n|-singleturn|p1a: Aggron|Protect\n|move|p2a: Basculegion|Wave Crash|p1a: Aggron\n|-activate|p1a: Aggron|move: Protect\n|move|p2b: Scizor|X-Scissor|p1b: Incineroar\n|-damage|p1b: Incineroar|63/100\n|move|p1b: Incineroar|Lash Out|p2a: Basculegion\n|-supereffective|p2a: Basculegion|1\n|-damage|p2a: Basculegion|0 fnt\n|faint|p2a: Basculegion\n|\n|upkeep\n|turn|15\n|\n|t:|1776138397\n|move|p2b: Scizor|X-Scissor|p1b: Incineroar\n|-damage|p1b: Incineroar|34/100\n|move|p1b: Incineroar|Flare Blitz|p2b: Scizor\n|-supereffective|p2b: Scizor|2\n|-damage|p2b: Scizor|0 fnt\n|faint|p2b: Scizor\n|-damage|p1b: Incineroar|24/100|[from] Recoil\n|\n|win|Zhm/r\n|raw|Zhm&#x2f;r's rating: 1164 &rarr; <strong>1190</strong><br />(+26 for winning)\n|raw|dogpirate's rating: 1173 &rarr; <strong>1147</strong><br />(-26 for losing)\n|l|\u2606dogpirate\n|player|p2|\n",
  "uploadtime": 1776138407,
  "views": 20,
  "formatid": "gen9championsvgc2026regma",
  "rating": 1147,
  "private": 0,
  "password": null
}