{
  "id": "gen9championsvgc2026regma-2582360782",
  "format": "[Gen 9 Champions] VGC 2026 Reg M-A",
  "players": [
    "i_hatr_peanuts",
    "Markiito18"
  ],
  "log": "|j|\u2606i_hatr_peanuts\n|j|\u2606Markiito18\n|t:|1776086356\n|gametype|doubles\n|player|p1|i_hatr_peanuts|266|1153\n|player|p2|Markiito18|rood|1185\n|gen|9\n|tier|[Gen 9 Champions] VGC 2026 Reg M-A\n|rated|\n|rule|Species Clause: Limit one of each Pok\u00e9mon\n|rule|Item Clause: Limit 1 of each item\n|clearpoke\n|poke|p1|Tyranitar, L50, F|\n|poke|p1|Excadrill, L50, F|\n|poke|p1|Incineroar, L50, M|\n|poke|p1|Sinistcha, L50|\n|poke|p1|Kingambit, L50, M|\n|poke|p1|Floette-Eternal, L50, F|\n|poke|p2|Sinistcha, L50|\n|poke|p2|Sneasler, L50, M|\n|poke|p2|Tyranitar, L50, M|\n|poke|p2|Tsareena, L50, F|\n|poke|p2|Incineroar, L50, M|\n|poke|p2|Excadrill, L50, M|\n|teampreview|4\n|inactive|Battle timer is ON: inactive players will automatically lose when time's up. (requested by i_hatr_peanuts)\n|\n|t:|1776086414\n|teamsize|p1|4\n|teamsize|p2|4\n|start\n|switch|p1a: Tyranitar|Tyranitar, L50, F|100/100\n|switch|p1b: Sinistcha|Sinistcha, L50|100/100\n|switch|p2a: Kingambit Killer|Incineroar, L50, M, shiny|100/100\n|switch|p2b: Tyranitar|Tyranitar, L50, M, shiny|100/100\n|-weather|Sandstorm|[from] ability: Sand Stream|[of] p2b: Tyranitar\n|-ability|p2a: Kingambit Killer|Intimidate|boost\n|-unboost|p1a: Tyranitar|atk|1\n|-unboost|p1b: Sinistcha|atk|1\n|turn|1\n|inactive|Markiito18 has 30 seconds left.\n|\n|t:|1776086448\n|detailschange|p2b: Tyranitar|Tyranitar-Mega, L50, M, shiny\n|-mega|p2b: Tyranitar|Tyranitar|Tyranitarite\n|move|p1a: Tyranitar|Protect|p1a: Tyranitar\n|-singleturn|p1a: Tyranitar|Protect\n|move|p2b: Tyranitar|Dragon Dance|p2b: Tyranitar\n|-boost|p2b: Tyranitar|atk|1\n|-boost|p2b: Tyranitar|spe|1\n|move|p2a: Kingambit Killer|Parting Shot|p1a: Tyranitar\n|-activate|p1a: Tyranitar|move: Protect\n|move|p1b: Sinistcha|Matcha Gotcha|p2b: Tyranitar|[spread] p2a,p2b\n|-resisted|p2a: Kingambit Killer|1\n|-supereffective|p2b: Tyranitar|1\n|-damage|p2a: Kingambit Killer|88/100\n|-damage|p2b: Tyranitar|76/100\n|\n|-weather|Sandstorm|[upkeep]\n|-damage|p2a: Kingambit Killer|82/100|[from] Sandstorm\n|-damage|p1b: Sinistcha|94/100|[from] Sandstorm\n|upkeep\n|turn|2\n|inactive|Markiito18 has 30 seconds left.\n|inactive|Markiito18 has 20 seconds left.\n|inactive|Markiito18 has 15 seconds left.\n|inactive|Markiito18 has 10 seconds left.\n|inactive|Markiito18 has 5 seconds left.\n|\n|t:|1776086501\n|move|p1b: Sinistcha|Rage Powder|p1b: Sinistcha\n|-singleturn|p1b: Sinistcha|move: Rage Powder\n|move|p2b: Tyranitar|Dragon Dance|p2b: Tyranitar\n|-boost|p2b: Tyranitar|atk|1\n|-boost|p2b: Tyranitar|spe|1\n|move|p1a: Tyranitar|Low Kick|p2b: Tyranitar\n|-supereffective|p2b: Tyranitar|2\n|-damage|p2b: Tyranitar|2/100\n|move|p2a: Kingambit Killer|Close Combat|p1b: Sinistcha\n|-immune|p1b: Sinistcha\n|\n|-weather|Sandstorm|[upkeep]\n|-damage|p2a: Kingambit Killer|76/100|[from] Sandstorm\n|-damage|p1b: Sinistcha|88/100|[from] Sandstorm\n|upkeep\n|turn|3\n|\n|t:|1776086521\n|move|p1b: Sinistcha|Rage Powder|p1b: Sinistcha\n|-singleturn|p1b: Sinistcha|move: Rage Powder\n|move|p2b: Tyranitar|Knock Off|p1b: Sinistcha\n|-supereffective|p1b: Sinistcha|1\n|-damage|p1b: Sinistcha|0 fnt\n|-enditem|p1b: Sinistcha|Sitrus Berry|[from] move: Knock Off|[of] p2b: Tyranitar\n|faint|p1b: Sinistcha\n|move|p1a: Tyranitar|Rock Slide|p2a: Kingambit Killer|[spread] p2a,p2b\n|-supereffective|p2a: Kingambit Killer|1\n|-damage|p2a: Kingambit Killer|40/100\n|-damage|p2b: Tyranitar|0 fnt\n|-enditem|p2a: Kingambit Killer|Sitrus Berry|[eat]\n|-heal|p2a: Kingambit Killer|65/100|[from] item: Sitrus Berry\n|faint|p2b: Tyranitar\n|move|p2a: Kingambit Killer|Close Combat|p1a: Tyranitar\n|-supereffective|p1a: Tyranitar|2\n|-enditem|p1a: Tyranitar|Chople Berry|[eat]\n|-enditem|p1a: Tyranitar|Chople Berry|[weaken]\n|-damage|p1a: Tyranitar|42/100\n|-unboost|p2a: Kingambit Killer|def|1\n|-unboost|p2a: Kingambit Killer|spd|1\n|\n|-weather|Sandstorm|[upkeep]\n|-damage|p2a: Kingambit Killer|59/100|[from] Sandstorm\n|upkeep\n|\n|t:|1776086534\n|switch|p2b: Sneasler|Sneasler, L50, M, shiny|100/100\n|switch|p1b: Excadrill|Excadrill, L50, F|100/100\n|turn|4\n|inactive|Markiito18 has 30 seconds left.\n|\n|t:|1776086566\n|move|p1b: Excadrill|Protect|p1b: Excadrill\n|-singleturn|p1b: Excadrill|Protect\n|move|p1a: Tyranitar|Protect|p1a: Tyranitar\n|-singleturn|p1a: Tyranitar|Protect\n|move|p2b: Sneasler|Fake Out|p1b: Excadrill\n|-activate|p1b: Excadrill|move: Protect\n|move|p2a: Kingambit Killer|Parting Shot|p1a: Tyranitar\n|-activate|p1a: Tyranitar|move: Protect\n|\n|-weather|Sandstorm|[upkeep]\n|-damage|p2b: Sneasler|95/100|[from] Sandstorm\n|-damage|p2a: Kingambit Killer|53/100|[from] Sandstorm\n|upkeep\n|turn|5\n|\n|t:|1776086588\n|switch|p1a: Incineroar|Incineroar, L50, M|100/100\n|-ability|p1a: Incineroar|Intimidate|boost\n|-unboost|p2a: Kingambit Killer|atk|1\n|-unboost|p2b: Sneasler|atk|1\n|-enditem|p2b: Sneasler|White Herb\n|-clearnegativeboost|p2b: Sneasler|[silent]\n|move|p2b: Sneasler|Close Combat|p1b: Excadrill\n|-supereffective|p1b: Excadrill|1\n|-enditem|p1b: Excadrill|Focus Sash\n|-damage|p1b: Excadrill|1/100\n|-unboost|p2b: Sneasler|def|1\n|-unboost|p2b: Sneasler|spd|1\n|move|p1b: Excadrill|High Horsepower|p2a: Kingambit Killer|[miss]\n|-miss|p1b: Excadrill|p2a: Kingambit Killer\n|move|p2a: Kingambit Killer|Close Combat|p1b: Excadrill\n|-supereffective|p1b: Excadrill|1\n|-damage|p1b: Excadrill|0 fnt\n|-unboost|p2a: Kingambit Killer|def|1\n|-unboost|p2a: Kingambit Killer|spd|1\n|faint|p1b: Excadrill\n|\n|-weather|none\n|upkeep\n|\n|t:|1776086604\n|switch|p1b: Tyranitar|Tyranitar, L50, F|42/100\n|-weather|Sandstorm|[from] ability: Sand Stream|[of] p1b: Tyranitar\n|turn|6\n|\n|t:|1776086619\n|move|p1a: Incineroar|Fake Out|p2b: Sneasler\n|-damage|p2b: Sneasler|68/100\n|cant|p2b: Sneasler|flinch\n|move|p1b: Tyranitar|Rock Slide|p2b: Sneasler|[spread] p2a,p2b\n|-supereffective|p2a: Kingambit Killer|1\n|-resisted|p2b: Sneasler|1\n|-damage|p2a: Kingambit Killer|0 fnt\n|-damage|p2b: Sneasler|32/100\n|faint|p2a: Kingambit Killer\n|\n|-weather|Sandstorm|[upkeep]\n|-damage|p2b: Sneasler|27/100|[from] Sandstorm\n|-damage|p1a: Incineroar|95/100|[from] Sandstorm\n|upkeep\n|\n|t:|1776086626\n|switch|p2a: Excadrill|Excadrill, L50, M, shiny|100/100\n|turn|7\n|inactive|Markiito18 has 30 seconds left.\n|\n|t:|1776086653\n|move|p1b: Tyranitar|Protect|p1b: Tyranitar\n|-singleturn|p1b: Tyranitar|Protect\n|move|p2b: Sneasler|Coaching|p2a: Excadrill\n|-boost|p2a: Excadrill|atk|1\n|-boost|p2a: Excadrill|def|1\n|move|p2a: Excadrill|Rock Slide|p1a: Incineroar|[spread] p1a\n|-activate|p1b: Tyranitar|move: Protect\n|-supereffective|p1a: Incineroar|1\n|-damage|p1a: Incineroar|44/100\n|move|p1a: Incineroar|Flare Blitz|p2a: Excadrill\n|-supereffective|p2a: Excadrill|1\n|-damage|p2a: Excadrill|11/100\n|-damage|p1a: Incineroar|16/100|[from] Recoil\n|\n|-weather|Sandstorm|[upkeep]\n|-damage|p2b: Sneasler|21/100|[from] Sandstorm\n|-damage|p1a: Incineroar|10/100|[from] Sandstorm\n|upkeep\n|turn|8\n|inactive|Markiito18 has 30 seconds left.\n|\n|t:|1776086679\n|move|p2b: Sneasler|Close Combat|p1b: Tyranitar\n|-supereffective|p1b: Tyranitar|2\n|-damage|p1b: Tyranitar|0 fnt\n|-unboost|p2b: Sneasler|def|1\n|-unboost|p2b: Sneasler|spd|1\n|faint|p1b: Tyranitar\n|move|p2a: Excadrill|Iron Head|p1a: Incineroar\n|-resisted|p1a: Incineroar|1\n|-damage|p1a: Incineroar|0 fnt\n|faint|p1a: Incineroar\n|\n|win|Markiito18\n|raw|i_hatr_peanuts's rating: 1153 &rarr; <strong>1130</strong><br />(-23 for losing)\n|raw|Markiito18's rating: 1185 &rarr; <strong>1208</strong><br />(+23 for winning)\n",
  "uploadtime": 1776086681,
  "views": 12,
  "formatid": "gen9championsvgc2026regma",
  "rating": 1130,
  "private": 0,
  "password": null
}