{
  "id": "gen9championsvgc2026regma-2587241240",
  "format": "[Gen 9 Champions] VGC 2026 Reg M-A",
  "players": [
    "ikerazio",
    "mr_amonguss"
  ],
  "log": "|j|\u2606ikerazio\n|j|\u2606mr_amonguss\n|t:|1776513323\n|gametype|doubles\n|player|p1|ikerazio|boarder|1168\n|player|p2|mr_amonguss|ghetsis|1269\n|gen|9\n|tier|[Gen 9 Champions] VGC 2026 Reg M-A\n|rated|\n|rule|Species Clause: Limit one of each Pok\u00e9mon\n|rule|Item Clause: Limit 1 of each item\n|clearpoke\n|poke|p1|Dragonite, L50, F, shiny|\n|poke|p1|Pelipper, L50, M|\n|poke|p1|Basculegion, L50, M, shiny|\n|poke|p1|Archaludon, L50, M|\n|poke|p1|Sinistcha, L50|\n|poke|p1|Sneasler, L50, M, shiny|\n|poke|p2|Froslass, L50, F|\n|poke|p2|Greninja, L50, F|\n|poke|p2|Sneasler, L50, M, shiny|\n|poke|p2|Pelipper, L50, M|\n|poke|p2|Basculegion, L50, M|\n|poke|p2|Rotom-Frost, L50|\n|teampreview|4\n|inactive|Battle timer is ON: inactive players will automatically lose when time's up. (requested by mr_amonguss)\n|\n|t:|1776513353\n|teamsize|p1|4\n|teamsize|p2|4\n|start\n|switch|p1a: Basculegion|Basculegion, L50, M, shiny|100/100\n|switch|p1b: Dragonite|Dragonite, L50, F, shiny|100/100\n|switch|p2a: Froslass|Froslass, L50, F|100/100\n|switch|p2b: Sneasler|Sneasler, L50, M, shiny|100/100\n|turn|1\n|\n|t:|1776513378\n|detailschange|p2a: Froslass|Froslass-Mega, L50, F\n|-mega|p2a: Froslass|Froslass|Froslassite\n|-weather|Snowscape|[from] ability: Snow Warning|[of] p2a: Froslass\n|detailschange|p1b: Dragonite|Dragonite-Mega, L50, F, shiny\n|-mega|p1b: Dragonite|Dragonite|Dragoninite\n|move|p1b: Dragonite|Protect|p1b: Dragonite\n|-singleturn|p1b: Dragonite|Protect\n|move|p2b: Sneasler|Fake Out|p1b: Dragonite\n|-activate|p1b: Dragonite|move: Protect\n|move|p2a: Froslass|Aurora Veil|p2a: Froslass\n|-sidestart|p2: mr_amonguss|move: Aurora Veil\n|move|p1a: Basculegion|Last Respects|p2a: Froslass\n|-supereffective|p2a: Froslass|1\n|-damage|p2a: Froslass|64/100\n|\n|-weather|Snowscape|[upkeep]\n|upkeep\n|turn|2\n|inactive|ikerazio has 30 seconds left.\n|inactive|mr_amonguss has 30 seconds left.\n|inactive|ikerazio has 20 seconds left.\n|inactive|ikerazio has 15 seconds left.\n|\n|t:|1776513421\n|move|p1a: Basculegion|Protect|p1a: Basculegion\n|-singleturn|p1a: Basculegion|Protect\n|move|p2b: Sneasler|Dire Claw|p1b: Dragonite\n|-damage|p1b: Dragonite|83/100\n|move|p2a: Froslass|Shadow Ball|p1a: Basculegion\n|-activate|p1a: Basculegion|move: Protect\n|move|p1b: Dragonite|Draco Meteor|p2a: Froslass\n|-damage|p2a: Froslass|0 fnt\n|-unboost|p1b: Dragonite|spa|2\n|faint|p2a: Froslass\n|\n|-weather|Snowscape|[upkeep]\n|upkeep\n|\n|t:|1776513433\n|switch|p2a: Greninja|Greninja, L50, F|100/100\n|turn|3\n|inactive|ikerazio has 30 seconds left.\n|\n|t:|1776513467\n|switch|p1a: Archaludon|Archaludon, L50, M|100/100\n|move|p1b: Dragonite|Protect|p1b: Dragonite\n|-singleturn|p1b: Dragonite|Protect\n|move|p2a: Greninja|Blizzard|p1b: Dragonite|[spread] p1a\n|-start|p2a: Greninja|typechange|Ice|[from] ability: Protean\n|-activate|p1b: Dragonite|move: Protect\n|-damage|p1a: Archaludon|65/100\n|-ability|p1a: Archaludon|Stamina|boost\n|-boost|p1a: Archaludon|def|1\n|move|p2b: Sneasler|Dire Claw|p1a: Archaludon\n|-immune|p1a: Archaludon\n|\n|-weather|Snowscape|[upkeep]\n|-heal|p1a: Archaludon|71/100|[from] item: Leftovers\n|upkeep\n|turn|4\n|inactive|ikerazio has 30 seconds left.\n|\n|t:|1776513496\n|switch|p1b: Sneasler|Sneasler, L50, M, shiny|100/100\n|move|p2a: Greninja|Blizzard|p1a: Archaludon|[spread] p1a,p1b\n|-damage|p1a: Archaludon|36/100\n|-damage|p1b: Sneasler|53/100\n|-ability|p1a: Archaludon|Stamina|boost\n|-boost|p1a: Archaludon|def|1\n|move|p2b: Sneasler|Close Combat|p1a: Archaludon\n|-supereffective|p1a: Archaludon|1\n|-damage|p1a: Archaludon|0 fnt\n|-unboost|p2b: Sneasler|def|1\n|-unboost|p2b: Sneasler|spd|1\n|faint|p1a: Archaludon\n|-enditem|p2b: Sneasler|White Herb\n|-clearnegativeboost|p2b: Sneasler|[silent]\n|\n|-weather|Snowscape|[upkeep]\n|upkeep\n|\n|t:|1776513517\n|switch|p1a: Basculegion|Basculegion, L50, M, shiny|100/100\n|turn|5\n|inactive|ikerazio has 30 seconds left.\n|inactive|mr_amonguss has 30 seconds left.\n|inactive|mr_amonguss has 20 seconds left.\n|\n|t:|1776513553\n|move|p1b: Sneasler|Fake Out|p2a: Greninja\n|-damage|p2a: Greninja|88/100\n|move|p2b: Sneasler|Close Combat|p1b: Sneasler\n|-resisted|p1b: Sneasler|1\n|-damage|p1b: Sneasler|2/100\n|-unboost|p2b: Sneasler|def|1\n|-unboost|p2b: Sneasler|spd|1\n|cant|p2a: Greninja|flinch\n|move|p1a: Basculegion|Wave Crash|p2b: Sneasler\n|-damage|p2b: Sneasler|0 fnt\n|faint|p2b: Sneasler\n|-damage|p1a: Basculegion|74/100|[from] Recoil\n|\n|-weather|none\n|-sideend|p2: mr_amonguss|move: Aurora Veil\n|upkeep\n|\n|t:|1776513564\n|switch|p2b: Rotom|Rotom-Frost, L50|100/100\n|turn|6\n|inactive|ikerazio has 30 seconds left.\n|inactive|ikerazio has 20 seconds left.\n|\n|t:|1776513601\n|move|p2b: Rotom|Thunderbolt|p1a: Basculegion\n|-supereffective|p1a: Basculegion|1\n|-damage|p1a: Basculegion|0 fnt\n|faint|p1a: Basculegion\n|move|p2a: Greninja|Icy Wind|p1b: Sneasler\n|-damage|p1b: Sneasler|0 fnt\n|faint|p1b: Sneasler\n|\n|upkeep\n|\n|t:|1776513615\n|switch|p1b: Dragonite|Dragonite-Mega, L50, F, shiny|83/100\n|turn|7\n|\n|t:|1776513624\n|move|p2b: Rotom|Thunderbolt|p1b: Dragonite\n|-damage|p1b: Dragonite|46/100\n|move|p2a: Greninja|Icy Wind|p1b: Dragonite|[miss]\n|-miss|p2a: Greninja|p1b: Dragonite\n|move|p1b: Dragonite|Draco Meteor|p2a: Greninja\n|-damage|p2a: Greninja|0 fnt\n|-unboost|p1b: Dragonite|spa|2\n|faint|p2a: Greninja\n|\n|upkeep\n|turn|8\n|\n|t:|1776513641\n|move|p2b: Rotom|Thunderbolt|p1b: Dragonite\n|-damage|p1b: Dragonite|10/100\n|move|p1b: Dragonite|Draco Meteor|p2b: Rotom\n|-damage|p2b: Rotom|46/100\n|-unboost|p1b: Dragonite|spa|2\n|\n|upkeep\n|turn|9\n|\n|t:|1776513650\n|move|p2b: Rotom|Thunderbolt|p1b: Dragonite\n|-damage|p1b: Dragonite|0 fnt\n|faint|p1b: Dragonite\n|\n|win|mr_amonguss\n|raw|ikerazio's rating: 1168 &rarr; <strong>1150</strong><br />(-18 for losing)\n|raw|mr_amonguss's rating: 1269 &rarr; <strong>1287</strong><br />(+18 for winning)\n",
  "uploadtime": 1776513652,
  "views": 22,
  "formatid": "gen9championsvgc2026regma",
  "rating": 1150,
  "private": 0,
  "password": null
}