{
  "id": "gen9championsvgc2026regma-2588054581",
  "format": "[Gen 9 Champions] VGC 2026 Reg M-A",
  "players": [
    "Eeeeeeeewe",
    "tobivntv"
  ],
  "log": "|j|\u203dEeeeeeeewe\n|j|\u2606tobivntv\n|t:|1776598712\n|gametype|doubles\n|player|p1|Eeeeeeeewe|265|1024\n|player|p2|tobivntv|1|1024\n|gen|9\n|tier|[Gen 9 Champions] VGC 2026 Reg M-A\n|rated|\n|rule|Species Clause: Limit one of each Pok\u00e9mon\n|rule|Item Clause: Limit 1 of each item\n|clearpoke\n|poke|p1|Cofagrigus, L50, F|\n|poke|p1|Kangaskhan, L50, F|\n|poke|p1|Tauros-Paldea-Aqua, L50, M|\n|poke|p1|Charizard, L50, M|\n|poke|p1|Orthworm, L50, M|\n|poke|p1|Garchomp, L50, F|\n|poke|p2|Floette-Eternal, L50, F, shiny|\n|poke|p2|Feraligatr, L50, M, shiny|\n|poke|p2|Pelipper, L50, F, shiny|\n|poke|p2|Alcremie, L50, F, shiny|\n|poke|p2|Archaludon, L50, F, shiny|\n|poke|p2|Meowstic, L50, M, shiny|\n|teampreview|4\n|\n|t:|1776598762\n|teamsize|p1|4\n|teamsize|p2|4\n|start\n|switch|p1a: Garchomp|Garchomp, L50, F|100/100\n|switch|p1b: Orthworm|Orthworm, L50, M|100/100\n|switch|p2a: Feraligatr|Feraligatr, L50, M, shiny|100/100\n|switch|p2b: Alcremie|Alcremie, L50, F, shiny|100/100\n|turn|1\n|\n|t:|1776598787\n|move|p1a: Garchomp|Protect|p1a: Garchomp\n|-singleturn|p1a: Garchomp|Protect\n|move|p2a: Feraligatr|Swords Dance|p2a: Feraligatr\n|-boost|p2a: Feraligatr|atk|2\n|move|p1b: Orthworm|Shed Tail|p1b: Orthworm\n|-start|p1b: Orthworm|Substitute|[from] move: Shed Tail\n|-damage|p1b: Orthworm|50/100\n|\n|t:|1776598796\n|switch|p1b: Kangaskhan|Kangaskhan, L50, F|100/100|[from] Shed Tail\n|move|p2b: Alcremie|Decorate|p2a: Feraligatr\n|-boost|p2a: Feraligatr|atk|2\n|-boost|p2a: Feraligatr|spa|2\n|\n|upkeep\n|turn|2\n|\n|t:|1776598820\n|switch|p1a: Orthworm|Orthworm, L50, M|50/100\n|switch|p2b: Pelipper|Pelipper, L50, F, shiny|100/100\n|-weather|RainDance|[from] ability: Drizzle|[of] p2b: Pelipper\n|detailschange|p1b: Kangaskhan|Kangaskhan-Mega, L50, F\n|-mega|p1b: Kangaskhan|Kangaskhan|Kangaskhanite\n|detailschange|p2a: Feraligatr|Feraligatr-Mega, L50, M, shiny\n|-mega|p2a: Feraligatr|Feraligatr|Feraligite\n|move|p1b: Kangaskhan|Double-Edge|p2a: Feraligatr\n|-damage|p2a: Feraligatr|44/100\n|-damage|p2a: Feraligatr|31/100\n|-hitcount|p2a: Feraligatr|2\n|-damage|p1b: Kangaskhan|80/100|[from] Recoil\n|move|p2a: Feraligatr|Ice Punch|p1a: Orthworm\n|-resisted|p1a: Orthworm|1\n|-damage|p1a: Orthworm|15/100\n|\n|-weather|RainDance|[upkeep]\n|-heal|p1a: Orthworm|22/100|[from] item: Leftovers\n|upkeep\n|turn|3\n|\n|t:|1776598846\n|move|p1b: Kangaskhan|Double-Edge|p2a: Feraligatr\n|-damage|p2a: Feraligatr|0 fnt\n|faint|p2a: Feraligatr\n|-hitcount|p2: Feraligatr|1\n|-damage|p1b: Kangaskhan|71/100|[from] Recoil\n|move|p1a: Orthworm|Body Press|p2b: Pelipper\n|-resisted|p2b: Pelipper|1\n|-damage|p2b: Pelipper|85/100\n|move|p2b: Pelipper|Tailwind|p2b: Pelipper\n|-sidestart|p2: tobivntv|move: Tailwind\n|\n|-weather|RainDance|[upkeep]\n|-heal|p1a: Orthworm|28/100|[from] item: Leftovers\n|upkeep\n|\n|t:|1776598853\n|switch|p2a: Archaludon|Archaludon, L50, F, shiny|100/100\n|turn|4\n|\n|t:|1776598884\n|move|p2a: Archaludon|Electro Shot||[still]\n|-prepare|p2a: Archaludon|Electro Shot\n|-boost|p2a: Archaludon|spa|1\n|-anim|p2a: Archaludon|Electro Shot|p1b: Kangaskhan\n|-end|p1b: Kangaskhan|Substitute\n|move|p1b: Kangaskhan|Double-Edge|p2b: Pelipper\n|-damage|p2b: Pelipper|23/100\n|-damage|p2b: Pelipper|8/100\n|-hitcount|p2b: Pelipper|2\n|-damage|p1b: Kangaskhan|51/100|[from] Recoil\n|move|p2b: Pelipper|Weather Ball|p1b: Kangaskhan\n|-damage|p1b: Kangaskhan|2/100\n|move|p1a: Orthworm|Body Press|p2a: Archaludon\n|-supereffective|p2a: Archaludon|1\n|-damage|p2a: Archaludon|41/100\n|\n|-weather|RainDance|[upkeep]\n|-heal|p1a: Orthworm|34/100|[from] item: Leftovers\n|upkeep\n|turn|5\n|\n|t:|1776598923\n|move|p1b: Kangaskhan|Protect|p1b: Kangaskhan\n|-singleturn|p1b: Kangaskhan|Protect\n|move|p2b: Pelipper|Protect|p2b: Pelipper\n|-singleturn|p2b: Pelipper|Protect\n|move|p2a: Archaludon|Electro Shot||[still]\n|-prepare|p2a: Archaludon|Electro Shot\n|-boost|p2a: Archaludon|spa|1\n|-anim|p2a: Archaludon|Electro Shot|p1b: Kangaskhan\n|-activate|p1b: Kangaskhan|move: Protect\n|move|p1a: Orthworm|Body Press|p2a: Archaludon\n|-supereffective|p2a: Archaludon|1\n|-damage|p2a: Archaludon|0 fnt\n|faint|p2a: Archaludon\n|\n|-weather|RainDance|[upkeep]\n|-heal|p1a: Orthworm|40/100|[from] item: Leftovers\n|upkeep\n|\n|t:|1776598927\n|switch|p2a: Alcremie|Alcremie, L50, F, shiny|100/100\n|turn|6\n|\n|t:|1776598954\n|switch|p1b: Tauros|Tauros-Paldea-Aqua, L50, M|100/100\n|-ability|p1b: Tauros|Intimidate|boost\n|-unboost|p2a: Alcremie|atk|1\n|-unboost|p2b: Pelipper|atk|1\n|move|p2b: Pelipper|Protect||[still]\n|-fail|p2b: Pelipper\n|move|p1a: Orthworm|Protect|p1a: Orthworm\n|-singleturn|p1a: Orthworm|Protect\n|move|p2a: Alcremie|Encore||[still]\n|-fail|p2a: Alcremie\n|\n|-weather|none\n|-heal|p1a: Orthworm|46/100|[from] item: Leftovers\n|-sideend|p2: tobivntv|move: Tailwind\n|upkeep\n|turn|7\n|-message|tobivntv forfeited.\n|\n|win|Eeeeeeeewe\n|raw|Eeeeeeeewe's rating: 1024 &rarr; <strong>1060</strong><br />(+36 for winning)\n|raw|tobivntv's rating: 1024 &rarr; <strong>1010</strong><br />(-14 for losing)\n|l|\u2606tobivntv\n|player|p2|\n",
  "uploadtime": 1776598981,
  "views": 9,
  "formatid": "gen9championsvgc2026regma",
  "rating": 1010,
  "private": 0,
  "password": null
}