{
  "id": "gen9championsvgc2026regma-2586601091",
  "format": "[Gen 9 Champions] VGC 2026 Reg M-A",
  "players": [
    "Mence",
    "LancelotFaberge"
  ],
  "log": "|j|\u2606Mence\n|j|\u2606LancelotFaberge\n|t:|1776445992\n|gametype|doubles\n|player|p1|Mence|169|\n|player|p2|LancelotFaberge|101|\n|gen|9\n|tier|[Gen 9 Champions] VGC 2026 Reg M-A\n|rule|Species Clause: Limit one of each Pok\u00e9mon\n|rule|Item Clause: Limit 1 of each item\n|clearpoke\n|poke|p1|Tyranitar, L50, F|\n|poke|p1|Meganium, L50, M|\n|poke|p1|Incineroar, L50, F|\n|poke|p1|Aerodactyl, L50, M|\n|poke|p1|Milotic, L50, M|\n|poke|p1|Aegislash, L50, F|\n|poke|p2|Tyranitar, L50, M|\n|poke|p2|Sneasler, L50, F|\n|poke|p2|Gyarados, L50, M|\n|poke|p2|Garchomp, L50, M|\n|poke|p2|Maushold-Four, L50|\n|poke|p2|Rotom-Heat, L50|\n|teampreview|4\n|inactive|Battle timer is ON: inactive players will automatically lose when time's up. (requested by Mence)\n|inactive|Mence has 60 seconds left.\n|inactive|Mence has 30 seconds left.\n|inactive|Mence has 20 seconds left.\n|\n|t:|1776446073\n|teamsize|p1|4\n|teamsize|p2|4\n|start\n|switch|p1a: Aerodactyl|Aerodactyl, L50, M|100/100\n|switch|p1b: Tyranitar|Tyranitar, L50, F|100/100\n|switch|p2a: Tyranitar|Tyranitar, L50, M|100/100\n|switch|p2b: Garchomp|Garchomp, L50, M|100/100\n|-ability|p1a: Aerodactyl|Unnerve\n|-weather|Sandstorm|[from] ability: Sand Stream|[of] p1b: Tyranitar\n|turn|1\n|inactive|LancelotFaberge has 30 seconds left.\n|\n|t:|1776446099\n|detailschange|p2b: Garchomp|Garchomp-Mega, L50, M\n|-mega|p2b: Garchomp|Garchomp|Garchompite\n|move|p1a: Aerodactyl|Tailwind|p1a: Aerodactyl\n|-sidestart|p1: Mence|move: Tailwind\n|move|p1b: Tyranitar|Ice Punch|p2b: Garchomp\n|-supereffective|p2b: Garchomp|2\n|-damage|p2b: Garchomp|10/100\n|move|p2b: Garchomp|Earthquake|p1a: Aerodactyl|[spread] p2a,p1b\n|-immune|p1a: Aerodactyl\n|-supereffective|p2a: Tyranitar|1\n|-supereffective|p1b: Tyranitar|1\n|-enditem|p2a: Tyranitar|Focus Sash\n|-damage|p2a: Tyranitar|1/100\n|-damage|p1b: Tyranitar|0 fnt\n|faint|p1b: Tyranitar\n|move|p2a: Tyranitar|Rock Slide|p1a: Aerodactyl\n|-supereffective|p1a: Aerodactyl|1\n|-enditem|p1a: Aerodactyl|Focus Sash\n|-damage|p1a: Aerodactyl|1/100\n|\n|-weather|Sandstorm|[upkeep]\n|upkeep\n|inactive|Mence has 30 seconds left.\n|inactive|Mence has 20 seconds left.\n|inactive|Mence has 15 seconds left.\n|\n|t:|1776446142\n|switch|p1b: Aegislash|Aegislash, L50, F|100/100\n|turn|2\n|inactive|Mence has 30 seconds left.\n|inactive|LancelotFaberge has 30 seconds left.\n|\n|t:|1776446173\n|move|p2b: Garchomp|Protect|p2b: Garchomp\n|-singleturn|p2b: Garchomp|Protect\n|move|p2a: Tyranitar|Protect|p2a: Tyranitar\n|-singleturn|p2a: Tyranitar|Protect\n|move|p1a: Aerodactyl|Rock Slide|p2a: Tyranitar|[spread] \n|-activate|p2a: Tyranitar|move: Protect\n|-activate|p2b: Garchomp|move: Protect\n|-formechange|p1b: Aegislash|Aegislash-Blade|\n|move|p1b: Aegislash|Sacred Sword|p2b: Garchomp\n|-activate|p2b: Garchomp|move: Protect\n|\n|-weather|Sandstorm|[upkeep]\n|upkeep\n|turn|3\n|\n|t:|1776446196\n|-formechange|p1b: Aegislash|Aegislash|\n|move|p1b: Aegislash|King's Shield|p1b: Aegislash\n|-singleturn|p1b: Aegislash|Protect\n|move|p1a: Aerodactyl|Rock Slide|p2a: Tyranitar|[spread] p2a,p2b\n|-resisted|p2b: Garchomp|1\n|-damage|p2a: Tyranitar|0 fnt\n|-damage|p2b: Garchomp|0 fnt\n|faint|p2a: Tyranitar\n|faint|p2b: Garchomp\n|\n|-weather|Sandstorm|[upkeep]\n|upkeep\n|\n|t:|1776446205\n|switch|p2b: Rotom|Rotom-Heat, L50|100/100\n|switch|p2a: Gyarados|Gyarados, L50, M|100/100\n|-ability|p2a: Gyarados|Intimidate|boost\n|-unboost|p1a: Aerodactyl|atk|1\n|-unboost|p1b: Aegislash|atk|1\n|turn|4\n|inactive|Mence has 30 seconds left.\n|inactive|Mence has 20 seconds left.\n|inactive|Mence has 15 seconds left.\n|\n|t:|1776446248\n|move|p1a: Aerodactyl|Rock Slide|p2a: Gyarados|[spread] p2a,p2b\n|-supereffective|p2a: Gyarados|1\n|-supereffective|p2b: Rotom|1\n|-damage|p2a: Gyarados|63/100\n|-damage|p2b: Rotom|57/100\n|-formechange|p1b: Aegislash|Aegislash-Blade|\n|move|p1b: Aegislash|Iron Head|p2a: Gyarados\n|-resisted|p2a: Gyarados|1\n|-crit|p2a: Gyarados\n|-damage|p2a: Gyarados|17/100\n|move|p2b: Rotom|Thunder|p1a: Aerodactyl\n|-supereffective|p1a: Aerodactyl|1\n|-damage|p1a: Aerodactyl|0 fnt\n|faint|p1a: Aerodactyl\n|move|p2a: Gyarados|Crunch|p1b: Aegislash\n|-supereffective|p1b: Aegislash|1\n|-damage|p1b: Aegislash|6/100\n|\n|-weather|Sandstorm|[upkeep]\n|-damage|p2b: Rotom|52/100|[from] Sandstorm\n|-damage|p2a: Gyarados|11/100|[from] Sandstorm\n|-sideend|p1: Mence|move: Tailwind\n|upkeep\n|\n|t:|1776446265\n|switch|p1a: Meganium|Meganium, L50, M|100/100\n|turn|5\n|inactive|Mence has 30 seconds left.\n|inactive|Mence has 20 seconds left.\n|\n|t:|1776446304\n|detailschange|p1a: Meganium|Meganium-Mega, L50, M\n|-mega|p1a: Meganium|Meganium|Meganiumite\n|move|p2a: Gyarados|Protect|p2a: Gyarados\n|-singleturn|p2a: Gyarados|Protect\n|-formechange|p1b: Aegislash|Aegislash|\n|move|p1b: Aegislash|King's Shield|p1b: Aegislash\n|-singleturn|p1b: Aegislash|Protect\n|move|p2b: Rotom|Overheat|p1b: Aegislash\n|-activate|p1b: Aegislash|move: Protect\n|move|p1a: Meganium|Weather Ball|p2a: Gyarados\n|-activate|p2a: Gyarados|move: Protect\n|\n|-weather|none\n|upkeep\n|turn|6\n|inactive|Mence has 30 seconds left.\n|inactive|Mence has 20 seconds left.\n|inactive|Mence has 15 seconds left.\n|\n|t:|1776446345\n|move|p2b: Rotom|Overheat|p1a: Meganium\n|-supereffective|p1a: Meganium|1\n|-damage|p1a: Meganium|0 fnt\n|-unboost|p2b: Rotom|spa|2\n|faint|p1a: Meganium\n|move|p2a: Gyarados|Crunch|p1b: Aegislash\n|-supereffective|p1b: Aegislash|1\n|-damage|p1b: Aegislash|0 fnt\n|faint|p1b: Aegislash\n|\n|win|LancelotFaberge\n",
  "uploadtime": 1776446354,
  "views": 17,
  "formatid": "gen9championsvgc2026regma",
  "rating": null,
  "private": 0,
  "password": null
}