{
  "id": "gen9championsvgc2026regma-2586175057",
  "format": "[Gen 9 Champions] VGC 2026 Reg M-A",
  "players": [
    "SaltnPepp",
    "Hanshappy"
  ],
  "log": "|j|\u2606SaltnPepp\n|j|\u2606Hanshappy\n|t:|1776408545\n|gametype|doubles\n|player|p1|SaltnPepp|lance|1153\n|player|p2|Hanshappy|169|1111\n|gen|9\n|tier|[Gen 9 Champions] VGC 2026 Reg M-A\n|rated|\n|rule|Species Clause: Limit one of each Pok\u00e9mon\n|rule|Item Clause: Limit 1 of each item\n|clearpoke\n|poke|p1|Aggron, L50, M|\n|poke|p1|Sinistcha, L50|\n|poke|p1|Incineroar, L50, F|\n|poke|p1|Tyranitar, L50, M|\n|poke|p1|Sneasler, L50, F|\n|poke|p1|Farigiraf, L50, M|\n|poke|p2|Incineroar, L50, M|\n|poke|p2|Sneasler, L50, M|\n|poke|p2|Rotom-Wash, L50|\n|poke|p2|Garchomp, L50, M|\n|poke|p2|Aerodactyl, L50, F|\n|poke|p2|Scizor, L50, F|\n|teampreview|4\n|\n|t:|1776408571\n|teamsize|p1|4\n|teamsize|p2|4\n|start\n|switch|p1a: Aggron|Aggron, L50, M, shiny|100/100\n|switch|p1b: Farigiraf|Farigiraf, L50, M|100/100\n|switch|p2a: Garchomp|Garchomp, L50, M|100/100\n|switch|p2b: Rotom|Rotom-Wash, L50|100/100\n|turn|1\n|\n|t:|1776408588\n|detailschange|p1a: Aggron|Aggron-Mega, L50, M, shiny\n|-mega|p1a: Aggron|Aggron|Aggronite\n|move|p1a: Aggron|Protect|p1a: Aggron\n|-singleturn|p1a: Aggron|Protect\n|move|p2b: Rotom|Will-O-Wisp|p1a: Aggron\n|-activate|p1a: Aggron|move: Protect\n|move|p2a: Garchomp|Earthquake|p1b: Farigiraf|[spread] p1b\n|-activate|p1a: Aggron|move: Protect\n|-immune|p2b: Rotom|[from] ability: Levitate\n|-damage|p1b: Farigiraf|74/100\n|move|p1b: Farigiraf|Trick Room|p1b: Farigiraf\n|-fieldstart|move: Trick Room|[of] p1b: Farigiraf\n|\n|upkeep\n|turn|2\n|inactive|Battle timer is ON: inactive players will automatically lose when time's up. (requested by Hanshappy)\n|\n|t:|1776408622\n|switch|p2a: Incineroar|Incineroar, L50, M|100/100\n|-ability|p2a: Incineroar|Intimidate|boost\n|-unboost|p1a: Aggron|atk|1\n|-unboost|p1b: Farigiraf|atk|1\n|move|p1a: Aggron|Body Press|p2b: Rotom\n|-damage|p2b: Rotom|58/100\n|move|p1b: Farigiraf|Psychic|p2b: Rotom\n|-damage|p2b: Rotom|23/100\n|move|p2b: Rotom|Will-O-Wisp|p1a: Aggron\n|-status|p1a: Aggron|brn\n|\n|-damage|p1a: Aggron|94/100 brn|[from] brn\n|upkeep\n|turn|3\n|\n|t:|1776408643\n|move|p1a: Aggron|Body Press|p2b: Rotom\n|-damage|p2b: Rotom|4/100\n|move|p1b: Farigiraf|Hyper Voice|p2b: Rotom|[spread] p2a,p2b\n|-damage|p2a: Incineroar|79/100\n|-damage|p2b: Rotom|0 fnt\n|faint|p2b: Rotom\n|move|p2a: Incineroar|Darkest Lariat|p1b: Farigiraf\n|-supereffective|p1b: Farigiraf|1\n|-enditem|p1b: Farigiraf|Colbur Berry|[eat]\n|-enditem|p1b: Farigiraf|Colbur Berry|[weaken]\n|-damage|p1b: Farigiraf|44/100\n|\n|-damage|p1a: Aggron|88/100 brn|[from] brn\n|upkeep\n|\n|t:|1776408654\n|switch|p2b: Garchomp|Garchomp, L50, M|100/100\n|turn|4\n|\n|t:|1776408673\n|switch|p2a: Aerodactyl|Aerodactyl, L50, F|100/100\n|-ability|p2a: Aerodactyl|Unnerve\n|move|p1a: Aggron|Body Press|p2a: Aerodactyl\n|-damage|p2a: Aerodactyl|69/100\n|move|p1b: Farigiraf|Hyper Voice|p2a: Aerodactyl|[spread] p2a,p2b\n|-resisted|p2a: Aerodactyl|1\n|-damage|p2a: Aerodactyl|50/100\n|-damage|p2b: Garchomp|78/100\n|move|p2b: Garchomp|Earthquake|p1a: Aggron|[spread] p1a,p1b\n|-immune|p2a: Aerodactyl\n|-supereffective|p1a: Aggron|1\n|-damage|p1a: Aggron|58/100 brn\n|-damage|p1b: Farigiraf|17/100\n|\n|-damage|p1a: Aggron|51/100 brn|[from] brn\n|upkeep\n|turn|5\n|\n|t:|1776408692\n|detailschange|p2a: Aerodactyl|Aerodactyl-Mega, L50, F\n|-mega|p2a: Aerodactyl|Aerodactyl|Aerodactylite\n|move|p1a: Aggron|Heavy Slam|p2a: Aerodactyl\n|-supereffective|p2a: Aerodactyl|1\n|-damage|p2a: Aerodactyl|3/100\n|move|p1b: Farigiraf|Psychic|p2b: Garchomp\n|-damage|p2b: Garchomp|46/100\n|-enditem|p2b: Garchomp|Sitrus Berry|[eat]\n|-heal|p2b: Garchomp|71/100|[from] item: Sitrus Berry\n|move|p2b: Garchomp|Earthquake|p1a: Aggron|[spread] p1a,p1b\n|-immune|p2a: Aerodactyl\n|-supereffective|p1a: Aggron|1\n|-damage|p1a: Aggron|25/100 brn\n|-damage|p1b: Farigiraf|0 fnt\n|faint|p1b: Farigiraf\n|move|p2a: Aerodactyl|Tailwind|p2a: Aerodactyl\n|-sidestart|p2: Hanshappy|move: Tailwind\n|\n|-damage|p1a: Aggron|19/100 brn|[from] brn\n|-fieldend|move: Trick Room\n|upkeep\n|\n|t:|1776408707\n|switch|p1b: Sinistcha|Sinistcha, L50, shiny|100/100\n|-heal|p1a: Aggron|44/100 brn|[from] ability: Hospitality|[of] p1b: Sinistcha\n|turn|6\n|\n|t:|1776408716\n|move|p1a: Aggron|Protect|p1a: Aggron\n|-singleturn|p1a: Aggron|Protect\n|move|p2a: Aerodactyl|Dual Wingbeat|p1b: Sinistcha\n|-supereffective|p1b: Sinistcha|1\n|-damage|p1b: Sinistcha|45/100\n|-enditem|p1b: Sinistcha|Sitrus Berry|[eat]\n|-heal|p1b: Sinistcha|70/100|[from] item: Sitrus Berry\n|-supereffective|p1b: Sinistcha|1\n|-damage|p1b: Sinistcha|16/100\n|-hitcount|p1b: Sinistcha|2\n|move|p2b: Garchomp|Earthquake|p1a: Aggron|[spread] p1b\n|-activate|p1a: Aggron|move: Protect\n|-immune|p2a: Aerodactyl\n|-resisted|p1b: Sinistcha|1\n|-damage|p1b: Sinistcha|0 fnt\n|faint|p1b: Sinistcha\n|\n|-damage|p1a: Aggron|38/100 brn|[from] brn\n|upkeep\n|\n|t:|1776408733\n|switch|p1b: Incineroar|Incineroar, L50, F, shiny|100/100\n|-ability|p1b: Incineroar|Intimidate|boost\n|-unboost|p2a: Aerodactyl|atk|1\n|-unboost|p2b: Garchomp|atk|1\n|turn|7\n|\n|t:|1776408744\n|move|p2a: Aerodactyl|Protect|p2a: Aerodactyl\n|-singleturn|p2a: Aerodactyl|Protect\n|move|p1b: Incineroar|Fake Out|p2a: Aerodactyl\n|-activate|p2a: Aerodactyl|move: Protect\n|move|p2b: Garchomp|Earthquake|p1a: Aggron|[spread] p1a,p1b\n|-activate|p2a: Aerodactyl|move: Protect\n|-supereffective|p1a: Aggron|1\n|-supereffective|p1b: Incineroar|1\n|-enditem|p1b: Incineroar|Shuca Berry|[eat]\n|-enditem|p1b: Incineroar|Shuca Berry|[weaken]\n|-damage|p1a: Aggron|20/100 brn\n|-damage|p1b: Incineroar|74/100\n|move|p1a: Aggron|Body Press|p2b: Garchomp\n|-damage|p2b: Garchomp|56/100\n|\n|-damage|p1a: Aggron|14/100 brn|[from] brn\n|upkeep\n|turn|8\n|inactive|SaltnPepp has 30 seconds left.\n|\n|t:|1776408769\n|move|p2a: Aerodactyl|Rock Slide|p1a: Aggron|[spread] p1a,p1b\n|-resisted|p1a: Aggron|1\n|-supereffective|p1b: Incineroar|1\n|-damage|p1a: Aggron|9/100 brn\n|-damage|p1b: Incineroar|34/100\n|move|p2b: Garchomp|Earthquake|p1b: Incineroar|[spread] p1a,p1b\n|-immune|p2a: Aerodactyl\n|-supereffective|p1a: Aggron|1\n|-supereffective|p1b: Incineroar|1\n|-damage|p1a: Aggron|0 fnt\n|-damage|p1b: Incineroar|0 fnt\n|faint|p1a: Aggron\n|faint|p1b: Incineroar\n|\n|win|Hanshappy\n|raw|SaltnPepp's rating: 1153 &rarr; <strong>1125</strong><br />(-28 for losing)\n|raw|Hanshappy's rating: 1111 &rarr; <strong>1139</strong><br />(+28 for winning)\n|l|\u2606SaltnPepp\n|player|p1|\n",
  "uploadtime": 1776408780,
  "views": 42,
  "formatid": "gen9championsvgc2026regma",
  "rating": 1125,
  "private": 0,
  "password": null
}