{
  "id": "gen9championsvgc2026regma-2586139147",
  "format": "[Gen 9 Champions] VGC 2026 Reg M-A",
  "players": [
    "gorpstink",
    "Dasux07"
  ],
  "log": "|j|\u2606gorpstink\n|j|\u2606Dasux07\n|t:|1776403887\n|gametype|doubles\n|player|p1|gorpstink|rika|1058\n|player|p2|Dasux07|102|1051\n|gen|9\n|tier|[Gen 9 Champions] VGC 2026 Reg M-A\n|rated|\n|rule|Species Clause: Limit one of each Pok\u00e9mon\n|rule|Item Clause: Limit 1 of each item\n|clearpoke\n|poke|p1|Kleavor, L50, F|\n|poke|p1|Abomasnow, L50, F|\n|poke|p1|Farigiraf, L50, M|\n|poke|p1|Incineroar, L50, F|\n|poke|p1|Kingambit, L50, M|\n|poke|p1|Primarina, L50, F|\n|poke|p2|Pelipper, L50, M|\n|poke|p2|Basculegion, L50, M|\n|poke|p2|Dragonite, L50, F|\n|poke|p2|Excadrill, L50, F|\n|poke|p2|Archaludon, L50, F|\n|poke|p2|Whimsicott, L50, F|\n|teampreview|4\n|\n|t:|1776403916\n|teamsize|p1|4\n|teamsize|p2|4\n|start\n|switch|p1a: Incineroar|Incineroar, L50, F|100/100\n|switch|p1b: Farigiraf|Farigiraf, L50, M|100/100\n|switch|p2a: Pelipper|Pelipper, L50, M|100/100\n|switch|p2b: Basculegion|Basculegion, L50, M|100/100\n|-ability|p1a: Incineroar|Intimidate|boost\n|-unboost|p2a: Pelipper|atk|1\n|-unboost|p2b: Basculegion|atk|1\n|-weather|RainDance|[from] ability: Drizzle|[of] p2a: Pelipper\n|turn|1\n|\n|t:|1776403943\n|switch|p2b: Excadrill|Excadrill, L50, F|100/100\n|-ability|p2b: Excadrill|Mold Breaker\n|move|p2a: Pelipper|Protect|p2a: Pelipper\n|-singleturn|p2a: Pelipper|Protect\n|move|p1a: Incineroar|Parting Shot|p2b: Excadrill\n|-unboost|p2b: Excadrill|atk|1\n|-unboost|p2b: Excadrill|spa|1\n|\n|t:|1776403954\n|switch|p1a: Abomasnow|Abomasnow, L50, F|100/100|[from] Parting Shot\n|-weather|Snowscape|[from] ability: Snow Warning|[of] p1a: Abomasnow\n|move|p1b: Farigiraf|Trick Room|p1b: Farigiraf\n|-fieldstart|move: Trick Room|[of] p1b: Farigiraf\n|\n|-weather|Snowscape|[upkeep]\n|upkeep\n|turn|2\n|\n|t:|1776404001\n|switch|p2a: Basculegion|Basculegion, L50, M|100/100\n|detailschange|p2b: Excadrill|Excadrill-Mega, L50, F\n|-mega|p2b: Excadrill|Excadrill|Excadrite\n|move|p1b: Farigiraf|Twin Beam|p2b: Excadrill\n|-resisted|p2b: Excadrill|1\n|-damage|p2b: Excadrill|88/100\n|-resisted|p2b: Excadrill|1\n|-damage|p2b: Excadrill|75/100\n|-hitcount|p2b: Excadrill|2\n|move|p1a: Abomasnow|Blizzard|p2b: Excadrill|[spread] p2a,p2b\n|-resisted|p2a: Basculegion|1\n|-damage|p2a: Basculegion|78/100\n|-damage|p2b: Excadrill|20/100\n|move|p2b: Excadrill|Earthquake|p1a: Abomasnow|[spread] p2a,p1a,p1b\n|-resisted|p1a: Abomasnow|1\n|-damage|p2a: Basculegion|38/100\n|-damage|p1a: Abomasnow|90/100\n|-damage|p1b: Farigiraf|67/100\n|\n|-weather|Snowscape|[upkeep]\n|upkeep\n|turn|3\n|\n|t:|1776404043\n|switch|p2b: Pelipper|Pelipper, L50, M|100/100\n|-weather|RainDance|[from] ability: Drizzle|[of] p2b: Pelipper\n|detailschange|p1a: Abomasnow|Abomasnow-Mega, L50, F\n|-mega|p1a: Abomasnow|Abomasnow|Abomasite\n|-weather|Snowscape|[from] ability: Snow Warning|[of] p1a: Abomasnow\n|move|p1a: Abomasnow|Blizzard|p2b: Pelipper|[spread] p2a,p2b\n|-resisted|p2a: Basculegion|1\n|-damage|p2a: Basculegion|10/100\n|-damage|p2b: Pelipper|31/100\n|move|p1b: Farigiraf|Twin Beam|p2a: Basculegion\n|-damage|p2a: Basculegion|0 fnt\n|faint|p2a: Basculegion\n|-hitcount|p2: Basculegion|1\n|\n|-weather|Snowscape|[upkeep]\n|-heal|p2b: Pelipper|37/100|[from] item: Leftovers\n|upkeep\n|\n|t:|1776404059\n|switch|p2a: Whimsicott|Whimsicott, L50, F|100/100\n|turn|4\n|\n|t:|1776404076\n|move|p2a: Whimsicott|Light Screen|p2a: Whimsicott\n|-sidestart|p2: Dasux07|move: Light Screen\n|move|p1a: Abomasnow|Blizzard|p2a: Whimsicott|[spread] p2a,p2b\n|-supereffective|p2a: Whimsicott|1\n|-damage|p2a: Whimsicott|15/100\n|-damage|p2b: Pelipper|0 fnt\n|faint|p2b: Pelipper\n|move|p1b: Farigiraf|Twin Beam|p2a: Whimsicott\n|-damage|p2a: Whimsicott|0 fnt\n|faint|p2a: Whimsicott\n|-hitcount|p2: Whimsicott|1\n|\n|-weather|Snowscape|[upkeep]\n|upkeep\n|\n|t:|1776404088\n|switch|p2b: Excadrill|Excadrill-Mega, L50, F|20/100\n|turn|5\n|\n|t:|1776404095\n|move|p1a: Abomasnow|Giga Drain|p2b: Excadrill\n|-damage|p2b: Excadrill|0 fnt\n|-heal|p1a: Abomasnow|99/100|[from] drain|[of] p2b: Excadrill\n|faint|p2b: Excadrill\n|\n|win|gorpstink\n|raw|gorpstink's rating: 1058 &rarr; <strong>1089</strong><br />(+31 for winning)\n|raw|Dasux07's rating: 1051 &rarr; <strong>1034</strong><br />(-17 for losing)\n",
  "uploadtime": 1776404099,
  "views": 20,
  "formatid": "gen9championsvgc2026regma",
  "rating": 1034,
  "private": 0,
  "password": null
}