{
  "id": "gen9championsvgc2026regma-2586590558",
  "format": "[Gen 9 Champions] VGC 2026 Reg M-A",
  "players": [
    "Phillip Blevin",
    "lenapaulvgc"
  ],
  "log": "|j|\u2606Phillip Blevin\n|j|\u2606lenapaulvgc\n|t:|1776445277\n|gametype|doubles\n|player|p1|Phillip Blevin|cynthia-masters4|1338\n|player|p2|lenapaulvgc|2|1266\n|gen|9\n|tier|[Gen 9 Champions] VGC 2026 Reg M-A\n|rated|\n|rule|Species Clause: Limit one of each Pok\u00e9mon\n|rule|Item Clause: Limit 1 of each item\n|clearpoke\n|poke|p1|Froslass, L50, F|\n|poke|p1|Corviknight, L50, M|\n|poke|p1|Gyarados, L50, M|\n|poke|p1|Rotom-Wash, L50|\n|poke|p1|Sneasler, L50, M|\n|poke|p1|Garchomp, L50, F|\n|poke|p2|Floette-Eternal, L50, F|\n|poke|p2|Sinistcha, L50|\n|poke|p2|Incineroar, L50, M|\n|poke|p2|Garchomp, L50, F|\n|poke|p2|Rotom-Wash, L50|\n|poke|p2|Aerodactyl, L50, M|\n|teampreview|4\n|inactive|Battle timer is ON: inactive players will automatically lose when time's up. (requested by Phillip Blevin)\nPhillip Blevin has agreed to open team sheets.\n|inactive|Phillip Blevin has 60 seconds left.\n|inactive|lenapaulvgc has 60 seconds left.\n|inactive|lenapaulvgc has 30 seconds left.\n|inactive|lenapaulvgc has 20 seconds left.\n|inactive|lenapaulvgc has 15 seconds left.\n|inactive|lenapaulvgc has 10 seconds left.\n|\n|t:|1776445358\n|teamsize|p1|4\n|teamsize|p2|4\n|start\n|switch|p1a: Rotom|Rotom-Wash, L50|100/100\n|switch|p1b: Sneasler|Sneasler, L50, M|100/100\n|switch|p2a: Garchomp|Garchomp, L50, F|100/100\n|switch|p2b: Rotom|Rotom-Wash, L50|100/100\n|turn|1\n|\n|t:|1776445371\n|move|p1b: Sneasler|Fake Out|p2a: Garchomp\n|-damage|p2a: Garchomp|85/100\n|-damage|p1b: Sneasler|88/100|[from] ability: Rough Skin|[of] p2a: Garchomp\n|move|p1a: Rotom|Volt Switch|p2b: Rotom\n|-damage|p2b: Rotom|69/100\n|\n|t:|1776445375\n|switch|p1a: Garchomp|Garchomp, L50, F|100/100|[from] Volt Switch\n|move|p2b: Rotom|Electroweb|p1b: Sneasler|[spread] p1b\n|-immune|p1a: Garchomp\n|-damage|p1b: Sneasler|62/100\n|-unboost|p1b: Sneasler|spe|1\n|cant|p2a: Garchomp|flinch\n|\n|upkeep\n|turn|2\n|\n|t:|1776445390\n|switch|p2b: Incineroar|Incineroar, L50, M|100/100\n|-ability|p2b: Incineroar|Intimidate|boost\n|-unboost|p1a: Garchomp|atk|1\n|-unboost|p1b: Sneasler|atk|1\n|switch|p1b: Rotom|Rotom-Wash, L50|100/100\n|move|p1a: Garchomp|Dragon Claw|p2a: Garchomp\n|-supereffective|p2a: Garchomp|1\n|-damage|p2a: Garchomp|29/100\n|-damage|p1a: Garchomp|88/100|[from] ability: Rough Skin|[of] p2a: Garchomp\n|move|p2a: Garchomp|Stomping Tantrum|p1b: Rotom\n|-immune|p1b: Rotom|[from] ability: Levitate\n|\n|upkeep\n|turn|3\n|inactive|lenapaulvgc has 30 seconds left.\n|inactive|lenapaulvgc has 20 seconds left.\n|\n|t:|1776445427\n|switch|p2b: Rotom|Rotom-Wash, L50|69/100\n|move|p1a: Garchomp|Protect|p1a: Garchomp\n|-singleturn|p1a: Garchomp|Protect\n|move|p1b: Rotom|Hydro Pump|p2a: Garchomp|[miss]\n|-miss|p1b: Rotom|p2a: Garchomp\n|move|p2a: Garchomp|Rock Slide|p1a: Garchomp|[spread] \n|-activate|p1a: Garchomp|move: Protect\n|-miss|p2a: Garchomp|p1b: Rotom\n|\n|upkeep\n|turn|4\n|\n|t:|1776445448\n|move|p2b: Rotom|Volt Switch|p1b: Rotom\n|-damage|p1b: Rotom|64/100\n|\n|t:|1776445451\n|switch|p2b: Incineroar|Incineroar, L50, M|100/100|[from] Volt Switch\n|-ability|p2b: Incineroar|Intimidate|boost\n|-unboost|p1a: Garchomp|atk|1\n|-unboost|p1b: Rotom|atk|1\n|move|p1b: Rotom|Hydro Pump|p2a: Garchomp\n|-damage|p2a: Garchomp|0 fnt\n|faint|p2a: Garchomp\n|move|p1a: Garchomp|Dragon Claw|p2b: Incineroar\n|-damage|p2b: Incineroar|78/100\n|\n|upkeep\n|\n|t:|1776445463\n|switch|p2a: Floette|Floette-Eternal, L50, F|100/100\n|turn|5\n|\n|t:|1776445478\n|switch|p1a: Corviknight|Corviknight, L50, M|100/100\n|detailschange|p2a: Floette|Floette-Mega, L50, F\n|-mega|p2a: Floette|Floette|Floettite\n|-ability|p2a: Floette|Fairy Aura\n|move|p1b: Rotom|Hydro Pump|p2b: Incineroar\n|-supereffective|p2b: Incineroar|1\n|-damage|p2b: Incineroar|22/100\n|-enditem|p2b: Incineroar|Sitrus Berry|[eat]\n|-heal|p2b: Incineroar|47/100|[from] item: Sitrus Berry\n|move|p2a: Floette|Calm Mind|p2a: Floette\n|-boost|p2a: Floette|spa|1\n|-boost|p2a: Floette|spd|1\n|move|p2b: Incineroar|Parting Shot|p1b: Rotom\n|-unboost|p1b: Rotom|atk|1\n|-unboost|p1b: Rotom|spa|1\n|\n|t:|1776445490\n|switch|p2b: Rotom|Rotom-Wash, L50|69/100|[from] Parting Shot\n|\n|upkeep\n|turn|6\n|\n|t:|1776445507\n|move|p1b: Rotom|Hydro Pump|p2a: Floette\n|-damage|p2a: Floette|88/100\n|move|p2b: Rotom|Volt Switch|p1a: Corviknight\n|-supereffective|p1a: Corviknight|1\n|-damage|p1a: Corviknight|32/100\n|\n|t:|1776445513\n|switch|p2b: Incineroar|Incineroar, L50, M|47/100|[from] Volt Switch\n|-ability|p2b: Incineroar|Intimidate|boost\n|-ability|p1a: Corviknight|Mirror Armor\n|-unboost|p2b: Incineroar|atk|1\n|-unboost|p1b: Rotom|atk|1\n|move|p2a: Floette|Calm Mind|p2a: Floette\n|-boost|p2a: Floette|spa|1\n|-boost|p2a: Floette|spd|1\n|move|p1a: Corviknight|Brave Bird|p2a: Floette\n|-damage|p2a: Floette|45/100\n|-damage|p1a: Corviknight|20/100|[from] Recoil\n|\n|-heal|p1a: Corviknight|25/100|[from] item: Leftovers\n|upkeep\n|turn|7\n|\n|t:|1776445532\n|move|p1b: Rotom|Hydro Pump|p2b: Incineroar\n|-supereffective|p2b: Incineroar|1\n|-damage|p2b: Incineroar|7/100\n|move|p2a: Floette|Draining Kiss|p1b: Rotom\n|-damage|p1b: Rotom|0 fnt\n|-heal|p2a: Floette|86/100|[from] drain|[of] p1b: Rotom\n|faint|p1b: Rotom\n|move|p1a: Corviknight|Brave Bird|p2a: Floette\n|-damage|p2a: Floette|42/100\n|-damage|p1a: Corviknight|13/100|[from] Recoil\n|move|p2b: Incineroar|Parting Shot|p1a: Corviknight\n|-ability|p1a: Corviknight|Mirror Armor\n|-unboost|p2b: Incineroar|atk|1\n|-ability|p1a: Corviknight|Mirror Armor\n|-unboost|p2b: Incineroar|spa|1\n|\n|t:|1776445549\n|switch|p2b: Rotom|Rotom-Wash, L50|69/100|[from] Parting Shot\n|\n|-heal|p1a: Corviknight|19/100|[from] item: Leftovers\n|upkeep\n|\n|t:|1776445555\n|switch|p1b: Garchomp|Garchomp, L50, F|88/100\n|turn|8\n|inactive|lenapaulvgc has 30 seconds left.\n|\n|t:|1776445581\n|switch|p2b: Incineroar|Incineroar, L50, M|7/100\n|-ability|p2b: Incineroar|Intimidate|boost\n|-ability|p1a: Corviknight|Mirror Armor\n|-unboost|p2b: Incineroar|atk|1\n|-unboost|p1b: Garchomp|atk|1\n|move|p1b: Garchomp|Earthquake|p2b: Incineroar|[spread] p2a,p2b\n|-immune|p1a: Corviknight\n|-supereffective|p2b: Incineroar|1\n|-damage|p2a: Floette|9/100\n|-damage|p2b: Incineroar|0 fnt\n|faint|p2b: Incineroar\n|move|p2a: Floette|Draining Kiss|p1b: Garchomp\n|-supereffective|p1b: Garchomp|1\n|-damage|p1b: Garchomp|0 fnt\n|-heal|p2a: Floette|76/100|[from] drain|[of] p1b: Garchomp\n|-damage|p2a: Floette|64/100|[from] ability: Rough Skin|[of] p1b: Garchomp\n|faint|p1b: Garchomp\n|move|p1a: Corviknight|Body Press|p2a: Floette\n|-resisted|p2a: Floette|1\n|-damage|p2a: Floette|50/100\n|\n|-heal|p1a: Corviknight|24/100|[from] item: Leftovers\n|upkeep\n|\n|t:|1776445596\n|switch|p1b: Sneasler|Sneasler, L50, M|62/100\n|switch|p2b: Rotom|Rotom-Wash, L50|69/100\n|turn|9\n|\n|t:|1776445608\n|move|p1b: Sneasler|Fake Out|p2a: Floette\n|-damage|p2a: Floette|35/100\n|-status|p2a: Floette|psn|[from] ability: Poison Touch|[of] p1b: Sneasler\n|move|p2b: Rotom|Electroweb|p1a: Corviknight|[spread] p1a,p1b\n|-supereffective|p1a: Corviknight|1\n|-damage|p1a: Corviknight|0 fnt\n|-damage|p1b: Sneasler|37/100\n|-unboost|p1b: Sneasler|spe|1\n|faint|p1a: Corviknight\n|cant|p2a: Floette|flinch\n|\n|-damage|p2a: Floette|23/100 psn|[from] psn\n|upkeep\n|turn|10\n|\n|t:|1776445622\n|move|p2b: Rotom|Electroweb|p1b: Sneasler\n|-damage|p1b: Sneasler|0 fnt\n|faint|p1b: Sneasler\n|\n|win|lenapaulvgc\n|raw|Phillip Blevin's rating: 1338 &rarr; <strong>1314</strong><br />(-24 for losing)\n|raw|lenapaulvgc's rating: 1266 &rarr; <strong>1296</strong><br />(+30 for winning)\n",
  "uploadtime": 1776445622,
  "views": 47,
  "formatid": "gen9championsvgc2026regma",
  "rating": 1296,
  "private": 0,
  "password": null
}