{
  "id": "gen9championsvgc2026regma-2584726872",
  "format": "[Gen 9 Champions] VGC 2026 Reg M-A",
  "players": [
    "Tinkadinka",
    "Dragon D Snutz"
  ],
  "log": "|j|\u2606Tinkadinka\n|j|\u2606Dragon D Snutz\n|t:|1776279385\n|gametype|doubles\n|player|p1|Tinkadinka|hilda-masters|1000\n|player|p2|Dragon D Snutz|swimmer-gen4dp|1077\n|gen|9\n|tier|[Gen 9 Champions] VGC 2026 Reg M-A\n|rated|\n|rule|Species Clause: Limit one of each Pok\u00e9mon\n|rule|Item Clause: Limit 1 of each item\n|clearpoke\n|poke|p1|Victreebel, L50, F|\n|poke|p1|Rotom-Wash, L50|\n|poke|p1|Incineroar, L50, F|\n|poke|p1|Tinkaton, L50, F|\n|poke|p1|Maushold-Four, L50|\n|poke|p1|Gengar, L50, F|\n|poke|p2|Farigiraf, L50, F|\n|poke|p2|Crabominable, L50, M|\n|poke|p2|Pelipper, L50, M|\n|poke|p2|Sinistcha, L50|\n|poke|p2|Drampa, L50, M|\n|poke|p2|Sableye, L50, F|\n|teampreview|4\nDragon D Snutz has agreed to open team sheets.\n|\n|t:|1776279427\n|teamsize|p1|4\n|teamsize|p2|4\n|start\n|switch|p1a: Gengar|Gengar, L50, F|100/100\n|switch|p1b: Rotom|Rotom-Wash, L50|100/100\n|switch|p2a: Drampa|Drampa, L50, M|100/100\n|switch|p2b: Farigiraf|Farigiraf, L50, F|100/100\n|turn|1\n|\n|t:|1776279472\n|switch|p2b: Pelipper|Pelipper, L50, M|100/100\n|-weather|RainDance|[from] ability: Drizzle|[of] p2b: Pelipper\n|detailschange|p1a: Gengar|Gengar-Mega, L50, F\n|-mega|p1a: Gengar|Gengar|Gengarite\n|detailschange|p2a: Drampa|Drampa-Mega, L50, M\n|-mega|p2a: Drampa|Drampa|Drampanite\n|move|p1a: Gengar|Protect|p1a: Gengar\n|-singleturn|p1a: Gengar|Protect\n|move|p1b: Rotom|Volt Switch|p2a: Drampa\n|-resisted|p2a: Drampa|1\n|-damage|p2a: Drampa|89/100\n|\n|t:|1776279491\n|switch|p1b: Maushold|Maushold-Four, L50|100/100|[from] Volt Switch\n|move|p2a: Drampa|Hurricane|p1a: Gengar\n|-activate|p1a: Gengar|move: Protect\n|\n|-weather|RainDance|[upkeep]\n|upkeep\n|turn|2\n|\n|t:|1776279509\n|move|p1b: Maushold|Follow Me|p1b: Maushold\n|-singleturn|p1b: Maushold|move: Follow Me\n|move|p1a: Gengar|Perish Song|p1a: Gengar\n|-start|p1a: Gengar|perish3|[silent]\n|-start|p1b: Maushold|perish3|[silent]\n|-start|p2a: Drampa|perish3|[silent]\n|-start|p2b: Pelipper|perish3|[silent]\n|-fieldactivate|move: Perish Song\n|move|p2b: Pelipper|Hurricane|p1b: Maushold\n|-damage|p1b: Maushold|39/100\n|-start|p1b: Maushold|confusion\n|move|p2a: Drampa|Hurricane|p1b: Maushold\n|-damage|p1b: Maushold|0 fnt\n|faint|p1b: Maushold\n|\n|-weather|RainDance|[upkeep]\n|-start|p1a: Gengar|perish3\n|-start|p2b: Pelipper|perish3\n|-start|p2a: Drampa|perish3\n|upkeep\n|\n|t:|1776279530\n|switch|p1b: Incineroar|Incineroar, L50, F|100/100\n|-ability|p1b: Incineroar|Intimidate|boost\n|-unboost|p2a: Drampa|atk|1\n|-unboost|p2b: Pelipper|atk|1\n|turn|3\n|\n|t:|1776279546\n|move|p1a: Gengar|Protect|p1a: Gengar\n|-singleturn|p1a: Gengar|Protect\n|move|p2b: Pelipper|Protect|p2b: Pelipper\n|-singleturn|p2b: Pelipper|Protect\n|move|p1b: Incineroar|Fake Out|p2a: Drampa\n|-damage|p2a: Drampa|77/100\n|cant|p2a: Drampa|flinch\n|\n|-weather|RainDance|[upkeep]\n|-start|p1a: Gengar|perish2\n|-start|p2b: Pelipper|perish2\n|-start|p2a: Drampa|perish2\n|upkeep\n|turn|4\n|\n|t:|1776279566\n|switch|p1a: Rotom|Rotom-Wash, L50|100/100\n|move|p2b: Pelipper|Hydro Pump|p1a: Rotom\n|-resisted|p1a: Rotom|1\n|-damage|p1a: Rotom|67/100\n|move|p1b: Incineroar|Parting Shot|p2b: Pelipper\n|-unboost|p2b: Pelipper|atk|1\n|-unboost|p2b: Pelipper|spa|1\n|\n|t:|1776279575\n|switch|p1b: Gengar|Gengar-Mega, L50, F|100/100|[from] Parting Shot\n|move|p2a: Drampa|Draco Meteor|p1a: Rotom\n|-damage|p1a: Rotom|0 fnt\n|-unboost|p2a: Drampa|spa|2\n|faint|p1a: Rotom\n|\n|-weather|RainDance|[upkeep]\n|-start|p2b: Pelipper|perish1\n|-start|p2a: Drampa|perish1\n|upkeep\n|\n|t:|1776279588\n|switch|p1a: Incineroar|Incineroar, L50, F|100/100\n|-ability|p1a: Incineroar|Intimidate|boost\n|-unboost|p2a: Drampa|atk|1\n|-unboost|p2b: Pelipper|atk|1\n|turn|5\n|\n|t:|1776279595\n|move|p1b: Gengar|Protect|p1b: Gengar\n|-singleturn|p1b: Gengar|Protect\n|move|p1a: Incineroar|Fake Out|p2a: Drampa\n|-damage|p2a: Drampa|64/100\n|move|p2b: Pelipper|Hydro Pump|p1a: Incineroar|[miss]\n|-miss|p2b: Pelipper|p1a: Incineroar\n|cant|p2a: Drampa|flinch\n|\n|-weather|none\n|-start|p2b: Pelipper|perish0\n|-start|p2a: Drampa|perish0\n|faint|p2b: Pelipper\n|faint|p2a: Drampa\n|upkeep\n|\n|t:|1776279606\n|switch|p2b: Farigiraf|Farigiraf, L50, F|100/100\n|switch|p2a: Sinistcha|Sinistcha, L50|100/100\n|turn|6\n|-message|Dragon D Snutz forfeited.\n|l|\u2606Dragon D Snutz\n|player|p2|\n|\n|win|Tinkadinka\n|raw|Tinkadinka's rating: 1000 &rarr; <strong>1049</strong><br />(+49 for winning)\n|raw|Dragon D Snutz's rating: 1077 &rarr; <strong>1051</strong><br />(-26 for losing)\n",
  "uploadtime": 1776279621,
  "views": 15,
  "formatid": "gen9championsvgc2026regma",
  "rating": 1049,
  "private": 0,
  "password": null
}