{
  "id": "gen9championsvgc2026regma-2586822492",
  "format": "[Gen 9 Champions] VGC 2026 Reg M-A",
  "players": [
    "NathanaelW19",
    "regufe"
  ],
  "log": "|j|\u2606NathanaelW19\n|j|\u2606regufe\n|t:|1776462788\n|gametype|doubles\n|player|p1|NathanaelW19|dragontamer|1165\n|player|p2|regufe|pokemonbreeder|1151\n|gen|9\n|tier|[Gen 9 Champions] VGC 2026 Reg M-A\n|rated|\n|rule|Species Clause: Limit one of each Pok\u00e9mon\n|rule|Item Clause: Limit 1 of each item\n|clearpoke\n|poke|p1|Medicham, L50, M|\n|poke|p1|Banette, L50, F|\n|poke|p1|Ninetales-Alola, L50, F|\n|poke|p1|Arcanine-Hisui, L50, F|\n|poke|p1|Kommo-o, L50, M|\n|poke|p1|Corviknight, L50, M|\n|poke|p2|Lopunny, L50, F|\n|poke|p2|Basculegion, L50, M|\n|poke|p2|Zoroark-Hisui, L50, F|\n|poke|p2|Gardevoir, L50, F|\n|poke|p2|Aerodactyl, L50, F|\n|poke|p2|Meowscarada, L50, F|\n|teampreview|4\n|inactive|Battle timer is ON: inactive players will automatically lose when time's up. (requested by NathanaelW19)\nregufe has agreed to open team sheets.\n|inactive|NathanaelW19 has 60 seconds left.\n|inactive|regufe has 60 seconds left.\n|\n|t:|1776462842\n|teamsize|p1|4\n|teamsize|p2|4\n|start\n|switch|p1a: Arcanine|Arcanine-Hisui, L50, F|100/100\n|switch|p1b: Kommo-o|Kommo-o, L50, M|100/100\n|switch|p2a: Lopunny|Lopunny, L50, F|100/100\n|switch|p2b: Basculegion|Basculegion, L50, M|100/100\n|-ability|p1a: Arcanine|Intimidate|boost\n|-unboost|p2a: Lopunny|atk|1\n|-unboost|p2b: Basculegion|atk|1\n|turn|1\n|inactive|regufe has 30 seconds left.\n|\n|t:|1776462871\n|move|p1a: Arcanine|Rock Slide|p2b: Basculegion|[spread] p2b\n|-miss|p1a: Arcanine|p2a: Lopunny\n|-damage|p2b: Basculegion|68/100\n|move|p2b: Basculegion|Flip Turn|p1a: Arcanine\n|-supereffective|p1a: Arcanine|2\n|-damage|p1a: Arcanine|0 fnt\n|faint|p1a: Arcanine\n|\n|t:|1776462881\n|switch|p2b: Meowscarada|Meowscarada, L50, F|100/100|[from] Flip Turn\n|move|p2a: Lopunny|Hyper Voice|p1b: Kommo-o\n|-immune|p1b: Kommo-o|[from] ability: Soundproof\n|move|p1b: Kommo-o|Clanging Scales|p2b: Meowscarada|[spread] p2a,p2b\n|-damage|p2a: Lopunny|16/100\n|-damage|p2b: Meowscarada|33/100\n|replace|p2a: Zoroark|Zoroark-Hisui, L50, F\n|-end|p2a: Zoroark|Illusion\n|-unboost|p1b: Kommo-o|def|1\n|\n|upkeep\n|\n|t:|1776462892\n|switch|p1a: Medicham|Medicham, L50, M, shiny|100/100\n|turn|2\n|\n|t:|1776462912\n|move|p2b: Meowscarada|Protect|p2b: Meowscarada\n|-start|p2b: Meowscarada|typechange|Normal|[from] ability: Protean\n|-singleturn|p2b: Meowscarada|Protect\n|move|p1a: Medicham|Fake Out|p2b: Meowscarada\n|-activate|p2b: Meowscarada|move: Protect\n|move|p2a: Zoroark|Hyper Beam|p1b: Kommo-o\n|-damage|p1b: Kommo-o|10/100\n|-mustrecharge|p2a: Zoroark\n|move|p1b: Kommo-o|Clanging Scales|p2a: Zoroark|[spread] p2a\n|-activate|p2b: Meowscarada|move: Protect\n|-damage|p2a: Zoroark|0 fnt\n|faint|p2a: Zoroark\n|-unboost|p1b: Kommo-o|def|1\n|\n|upkeep\n|\n|t:|1776462934\n|switch|p2a: Lopunny|Lopunny, L50, F|100/100\n|turn|3\n|\n|t:|1776462955\n|detailschange|p2a: Lopunny|Lopunny-Mega, L50, F\n|-mega|p2a: Lopunny|Lopunny|Lopunnite\n|move|p1a: Medicham|Detect|p1a: Medicham\n|-singleturn|p1a: Medicham|Protect\n|move|p1b: Kommo-o|Protect|p1b: Kommo-o\n|-singleturn|p1b: Kommo-o|Protect\n|move|p2a: Lopunny|Fake Out|p1b: Kommo-o\n|-activate|p1b: Kommo-o|move: Protect\n|move|p2b: Meowscarada|Giga Impact|p1a: Medicham\n|-activate|p1a: Medicham|move: Protect\n|\n|upkeep\n|turn|4\n|inactive|regufe has 30 seconds left.\n|\n|t:|1776462987\n|move|p1b: Kommo-o|Vacuum Wave|p2b: Meowscarada\n|-supereffective|p2b: Meowscarada|1\n|-damage|p2b: Meowscarada|0 fnt\n|faint|p2b: Meowscarada\n|move|p2a: Lopunny|Giga Impact|p1a: Medicham\n|-enditem|p1a: Medicham|Focus Sash\n|-damage|p1a: Medicham|1/100\n|-mustrecharge|p2a: Lopunny\n|move|p1a: Medicham|Close Combat|p2a: Lopunny\n|-supereffective|p2a: Lopunny|1\n|-damage|p2a: Lopunny|0 fnt\n|-unboost|p1a: Medicham|def|1\n|-unboost|p1a: Medicham|spd|1\n|faint|p2a: Lopunny\n|\n|upkeep\n|\n|t:|1776462999\n|switch|p2b: Basculegion|Basculegion, L50, M|68/100\n|turn|5\n|\n|t:|1776463020\n|move|p1a: Medicham|Detect|p1a: Medicham\n|-singleturn|p1a: Medicham|Protect\n|move|p2b: Basculegion|Last Respects|p1b: Kommo-o|[miss]\n|-miss|p2b: Basculegion|p1b: Kommo-o\n|move|p1b: Kommo-o|Clanging Scales|p2b: Basculegion\n|-damage|p2b: Basculegion|10/100\n|-unboost|p1b: Kommo-o|def|1\n|\n|upkeep\n|turn|6\n|\n|t:|1776463044\n|move|p2b: Basculegion|Last Respects|p1b: Kommo-o\n|-damage|p1b: Kommo-o|0 fnt\n|faint|p1b: Kommo-o\n|move|p1a: Medicham|Close Combat|p2b: Basculegion\n|-immune|p2b: Basculegion\n|\n|upkeep\n|\n|t:|1776463047\n|switch|p1b: Banette|Banette, L50, F, shiny|100/100\n|-item|p2b: Basculegion|Choice Scarf|[from] ability: Frisk|[of] p1b: Banette\n|turn|7\n|\n|t:|1776463054\n|detailschange|p1b: Banette|Banette-Mega, L50, F, shiny\n|-mega|p1b: Banette|Banette|Banettite\n|move|p1b: Banette|Shadow Sneak|p2b: Basculegion\n|-supereffective|p2b: Basculegion|1\n|-damage|p2b: Basculegion|0 fnt\n|faint|p2b: Basculegion\n|\n|win|NathanaelW19\n|raw|NathanaelW19's rating: 1165 &rarr; <strong>1189</strong><br />(+24 for winning)\n|raw|regufe's rating: 1151 &rarr; <strong>1127</strong><br />(-24 for losing)\n",
  "uploadtime": 1776463063,
  "views": 23,
  "formatid": "gen9championsvgc2026regma",
  "rating": 1127,
  "private": 0,
  "password": null
}