{
  "id": "gen9championsvgc2026regma-2588661292",
  "format": "[Gen 9 Champions] VGC 2026 Reg M-A",
  "players": [
    "otshibe",
    "archdemonjay"
  ],
  "log": "|j|\u2606otshibe\n|j|\u2606archdemonjay\n|t:|1776654950\n|gametype|doubles\n|player|p1|otshibe|1|1054\n|player|p2|archdemonjay|roughneck|1136\n|gen|9\n|tier|[Gen 9 Champions] VGC 2026 Reg M-A\n|rated|\n|rule|Species Clause: Limit one of each Pok\u00e9mon\n|rule|Item Clause: Limit 1 of each item\n|clearpoke\n|poke|p1|Pelipper, L50, M|\n|poke|p1|Gyarados, L50, M|\n|poke|p1|Hydrapple, L50, F|\n|poke|p1|Basculegion, L50, M|\n|poke|p1|Raichu, L50, M|\n|poke|p1|Primarina, L50, M|\n|poke|p2|Clefable, L50, F, shiny|\n|poke|p2|Whimsicott, L50, M, shiny|\n|poke|p2|Milotic, L50, F, shiny|\n|poke|p2|Greninja, L50, M, shiny|\n|poke|p2|Gallade, L50, M|\n|poke|p2|Lucario, L50, M|\n|teampreview|4\n|inactive|Battle timer is ON: inactive players will automatically lose when time's up. (requested by archdemonjay)\n|inactive|otshibe has 60 seconds left.\n|inactive|otshibe has 30 seconds left.\narchdemonjay rejected open team sheets.\n|inactive|otshibe has 20 seconds left.\n|inactive|otshibe has 15 seconds left.\n|\n|t:|1776655028\n|teamsize|p1|4\n|teamsize|p2|4\n|start\n|switch|p1a: Raichu|Raichu, L50, M|100/100\n|switch|p1b: Gyarados|Gyarados, L50, M|100/100\n|switch|p2a: Gallade|Gallade, L50, M|100/100\n|switch|p2b: Whimsicott|Whimsicott, L50, M, shiny|100/100\n|-ability|p1b: Gyarados|Intimidate|boost\n|-unboost|p2a: Gallade|atk|1\n|-unboost|p2b: Whimsicott|atk|1\n|turn|1\n|\n|t:|1776655050\n|move|p1a: Raichu|Fake Out|p2b: Whimsicott\n|-damage|p2b: Whimsicott|91/100\n|cant|p2b: Whimsicott|flinch\n|move|p2a: Gallade|Psycho Cut|p1a: Raichu\n|-damage|p1a: Raichu|33/100\n|move|p1b: Gyarados|Dragon Dance|p1b: Gyarados\n|-boost|p1b: Gyarados|atk|1\n|-boost|p1b: Gyarados|spe|1\n|\n|upkeep\n|turn|2\n|inactive|otshibe has 30 seconds left.\n|inactive|otshibe has 20 seconds left.\n|\n|t:|1776655089\n|switch|p1a: Pelipper|Pelipper, L50, M|100/100\n|-weather|RainDance|[from] ability: Drizzle|[of] p1a: Pelipper\n|move|p2b: Whimsicott|Stun Spore|p1b: Gyarados\n|-status|p1b: Gyarados|par\n|move|p2a: Gallade|Psycho Cut|p1a: Pelipper\n|-damage|p1a: Pelipper|61/100\n|cant|p1b: Gyarados|par\n|\n|-weather|RainDance|[upkeep]\n|upkeep\n|turn|3\n|\n|t:|1776655111\n|detailschange|p1b: Gyarados|Gyarados-Mega, L50, M\n|-mega|p1b: Gyarados|Gyarados|Gyaradosite\n|-ability|p1b: Gyarados|Mold Breaker\n|move|p2a: Gallade|Psycho Cut|p1a: Pelipper\n|-damage|p1a: Pelipper|21/100\n|-enditem|p1a: Pelipper|Sitrus Berry|[eat]\n|-heal|p1a: Pelipper|46/100|[from] item: Sitrus Berry\n|move|p2b: Whimsicott|Moonblast|p1a: Pelipper\n|-damage|p1a: Pelipper|0 fnt\n|faint|p1a: Pelipper\n|move|p1b: Gyarados|Waterfall|p2a: Gallade\n|-damage|p2a: Gallade|0 fnt\n|faint|p2a: Gallade\n|\n|-weather|RainDance|[upkeep]\n|upkeep\n|\n|t:|1776655127\n|switch|p2a: Clefable|Clefable, L50, F, shiny|100/100\n|switch|p1a: Basculegion|Basculegion, L50, M|100/100\n|turn|4\n|\n|t:|1776655149\n|move|p1b: Gyarados|Protect|p1b: Gyarados\n|-singleturn|p1b: Gyarados|Protect\n|move|p2a: Clefable|Protect|p2a: Clefable\n|-singleturn|p2a: Clefable|Protect\n|move|p2b: Whimsicott|Stun Spore|p1a: Basculegion\n|-status|p1a: Basculegion|par\n|move|p1a: Basculegion|Last Respects|p2b: Whimsicott\n|-damage|p2b: Whimsicott|14/100\n|\n|-weather|RainDance|[upkeep]\n|upkeep\n|turn|5\n|\n|t:|1776655166\n|switch|p1b: Raichu|Raichu, L50, M|33/100\n|move|p2b: Whimsicott|Tailwind|p2b: Whimsicott\n|-sidestart|p2: archdemonjay|move: Tailwind\n|move|p2a: Clefable|Moonblast|p1b: Raichu\n|-damage|p1b: Raichu|0 fnt\n|faint|p1b: Raichu\n|move|p1a: Basculegion|Last Respects|p2b: Whimsicott\n|-damage|p2b: Whimsicott|0 fnt\n|faint|p2b: Whimsicott\n|\n|-weather|RainDance|[upkeep]\n|upkeep\n|\n|t:|1776655177\n|switch|p1b: Gyarados|Gyarados-Mega, L50, M|100/100 par\n|switch|p2b: Lucario|Lucario, L50, M|100/100\n|-ability|p1b: Gyarados|Mold Breaker\n|turn|6\n|\n|t:|1776655197\n|detailschange|p2b: Lucario|Lucario-Mega, L50, M\n|-mega|p2b: Lucario|Lucario|Lucarionite\n|move|p1b: Gyarados|Protect|p1b: Gyarados\n|-singleturn|p1b: Gyarados|Protect\n|move|p2b: Lucario|Swords Dance|p2b: Lucario\n|-boost|p2b: Lucario|atk|2\n|move|p2a: Clefable|Moonblast|p1b: Gyarados\n|-activate|p1b: Gyarados|move: Protect\n|move|p1a: Basculegion|Last Respects|p2a: Clefable\n|-damage|p2a: Clefable|0 fnt\n|faint|p2a: Clefable\n|\n|-weather|none\n|upkeep\n|turn|7\n|\n|t:|1776655215\n|move|p2b: Lucario|Bullet Punch|p1a: Basculegion\n|-resisted|p1a: Basculegion|1\n|-damage|p1a: Basculegion|61/100 par\n|move|p1a: Basculegion|Last Respects|p2b: Lucario\n|-damage|p2b: Lucario|0 fnt\n|faint|p2b: Lucario\n|\n|win|otshibe\n|raw|otshibe's rating: 1054 &rarr; <strong>1093</strong><br />(+39 for winning)\n|raw|archdemonjay's rating: 1136 &rarr; <strong>1105</strong><br />(-31 for losing)\n|l|\u2606archdemonjay\n|player|p2|\n",
  "uploadtime": 1776655224,
  "views": 7,
  "formatid": "gen9championsvgc2026regma",
  "rating": 1093,
  "private": 0,
  "password": null
}