{
  "id": "gen9championsvgc2026regma-2584683888",
  "format": "[Gen 9 Champions] VGC 2026 Reg M-A",
  "players": [
    "banana superior",
    "TheEeveeAnimations"
  ],
  "log": "|j|\u2606banana superior\n|j|\u2606TheEeveeAnimations\n|t:|1776276597\n|gametype|doubles\n|player|p1|banana superior|smasher|\n|player|p2|TheEeveeAnimations|dahlia|\n|gen|9\n|tier|[Gen 9 Champions] VGC 2026 Reg M-A\n|rated|Tournament battle\n|rule|Species Clause: Limit one of each Pok\u00e9mon\n|rule|Item Clause: Limit 1 of each item\n|raw|<div class=\"infobox\"><details class=\"readmore\" open><summary><strong>1 custom rule:</strong></summary> Force Open Team Sheets</details></div>\n|clearpoke\n|poke|p1|Floette-Eternal, L50, F|\n|poke|p1|Mimikyu, L50, M|\n|poke|p1|Incineroar, L50, M|\n|poke|p1|Torkoal, L50, M|\n|poke|p1|Kingambit, L50, F|\n|poke|p1|Sinistcha-Masterpiece, L50|\n|poke|p2|Aegislash, L50, M|\n|poke|p2|Kangaskhan, L50, F|\n|poke|p2|Sinistcha, L50|\n|poke|p2|Volcarona, L50, F|\n|poke|p2|Aerodactyl, L50, F|\n|poke|p2|Rotom-Wash, L50|\n|teampreview|4\n|showteam|p1|Floette-Eternal||Floettite|FlowerVeil|DazzlingGleam,CalmMind,Moonblast,Protect|||F|||50|]Mimikyu||MentalHerb|Disguise|TrickRoom,PlayRough,ShadowSneak,LightScreen|||M|||50|]Incineroar||SitrusBerry|Intimidate|FakeOut,PartingShot,FlareBlitz,DarkestLariat|||M|||50|]Torkoal||Charcoal|Drought|Eruption,HeatWave,WeatherBall,Protect|||M|||50|]Kingambit||BlackGlasses|Defiant|IronHead,KowtowCleave,SuckerPunch,SwordsDance|||F|||50|]Sinistcha-Masterpiece||Leftovers|Hospitality|MatchaGotcha,TrickRoom||||||50|\n|showteam|p2|Aegislash||ColburBerry|StanceChange|ShadowBall,FlashCannon,KingsShield,CloseCombat|||M|||50|]Kangaskhan||Kangaskhanite|Scrappy|SuckerPunch,FakeOut,LowKick,DoubleEdge|||F|||50|]Sinistcha||SitrusBerry|Heatproof|MatchaGotcha,TrickRoom,RagePowder,StrengthSap||||||50|]Volcarona||Leftovers|FlameBody|Tailwind,WillOWisp,RagePowder,Flamethrower|||F|||50|]Aerodactyl||FocusSash|Unnerve|RockSlide,Protect,Tailwind,Taunt|||F|||50|]Rotom-Wash||ChoiceScarf|Levitate|Thunderbolt,HydroPump,VoltSwitch,Trick||||||50|\n|j| Lacksatives\n|c|\u2606TheEeveeAnimations|glhf\nTheEeveeAnimations rejected open team sheets.\n|c| Lacksatives|big kanga\n|c|\u2606banana superior|u2\n|inactive|Battle timer is ON: inactive players will automatically lose when time's up. (requested by banana superior)\n|\n|t:|1776276639\n|teamsize|p1|4\n|teamsize|p2|4\n|start\n|switch|p1a: Incineroar|Incineroar, L50, M, shiny|100/100\n|switch|p1b: Mimikyu|Mimikyu, L50, M, shiny|100/100\n|switch|p2a: Kangaskhan|Kangaskhan, L50, F|100/100\n|switch|p2b: Aerodactyl|Aerodactyl, L50, F|100/100\n|-ability|p2b: Aerodactyl|Unnerve\n|-ability|p1a: Incineroar|Intimidate|boost\n|-fail|p2a: Kangaskhan|unboost|Attack|[from] ability: Scrappy|[of] p2a: Kangaskhan\n|-unboost|p2b: Aerodactyl|atk|1\n|turn|1\n|j| Zhiend0313\n|j| hesolk\n|\n|t:|1776276654\n|move|p2a: Kangaskhan|Fake Out|p1b: Mimikyu\n|-activate|p1b: Mimikyu|ability: Disguise\n|-damage|p1b: Mimikyu|100/100\n|detailschange|p1b: Mimikyu|Mimikyu-Busted, L50, M, shiny\n|-damage|p1b: Mimikyu|88/100|[from] pokemon: Mimikyu-Busted\n|move|p1a: Incineroar|Fake Out|p2b: Aerodactyl\n|-resisted|p2b: Aerodactyl|1\n|-damage|p2b: Aerodactyl|92/100\n|cant|p2b: Aerodactyl|flinch\n|cant|p1b: Mimikyu|flinch\n|\n|upkeep\n|turn|2\n|inactive|banana superior has 30 seconds left.\n|inactive|TheEeveeAnimations has 30 seconds left.\n|inactive|banana superior has 20 seconds left.\n|inactive|TheEeveeAnimations has 20 seconds left.\n|inactive|banana superior has 15 seconds left.\n|inactive|banana superior has 10 seconds left.\n|inactive|banana superior has 5 seconds left.\n|\n|t:|1776276710\n|switch|p2b: Sinistcha|Sinistcha, L50|100/100\n|detailschange|p2a: Kangaskhan|Kangaskhan-Mega, L50, F\n|-mega|p2a: Kangaskhan|Kangaskhan|Kangaskhanite\n|move|p1a: Incineroar|Fake Out||[still]\n|-hint|Fake Out only works on your first turn out.\n|-fail|p1a: Incineroar\n|move|p2a: Kangaskhan|Low Kick|p1a: Incineroar\n|-supereffective|p1a: Incineroar|1\n|-damage|p1a: Incineroar|57/100\n|-supereffective|p1a: Incineroar|1\n|-damage|p1a: Incineroar|48/100\n|-enditem|p1a: Incineroar|Sitrus Berry|[eat]\n|-heal|p1a: Incineroar|73/100|[from] item: Sitrus Berry\n|-hitcount|p1a: Incineroar|2\n|move|p1b: Mimikyu|Trick Room|p1b: Mimikyu\n|-fieldstart|move: Trick Room|[of] p1b: Mimikyu\n|\n|upkeep\n|turn|3\n|l| Zhiend0313\n|inactive|banana superior has 30 seconds left.\n|inactive|TheEeveeAnimations has 30 seconds left.\n|\n|t:|1776276741\n|switch|p1b: Torkoal|Torkoal, L50, M|100/100\n|-weather|SunnyDay|[from] ability: Drought|[of] p1b: Torkoal\n|move|p1a: Incineroar|Flare Blitz|p2b: Sinistcha\n|-supereffective|p2b: Sinistcha|1\n|-damage|p2b: Sinistcha|39/100\n|-enditem|p2b: Sinistcha|Sitrus Berry|[eat]\n|-heal|p2b: Sinistcha|63/100|[from] item: Sitrus Berry\n|-damage|p1a: Incineroar|55/100|[from] Recoil\n|move|p2a: Kangaskhan|Double-Edge|p1a: Incineroar\n|-damage|p1a: Incineroar|9/100\n|-damage|p1a: Incineroar|0 fnt\n|faint|p1a: Incineroar\n|-hitcount|p1: Incineroar|2\n|-damage|p2a: Kangaskhan|83/100|[from] Recoil\n|move|p2b: Sinistcha|Trick Room|p2b: Sinistcha\n|-fieldend|move: Trick Room\n|\n|-weather|SunnyDay|[upkeep]\n|upkeep\n|\n|t:|1776276759\n|switch|p1a: Mimikyu|Mimikyu-Busted, L50, M, shiny|88/100\n|turn|4\n|inactive|TheEeveeAnimations has 30 seconds left.\n|\n|t:|1776276784\n|move|p2a: Kangaskhan|Double-Edge|p1b: Torkoal\n|-damage|p1b: Torkoal|54/100\n|-damage|p1b: Torkoal|42/100\n|-hitcount|p1b: Torkoal|2\n|-damage|p2a: Kangaskhan|66/100|[from] Recoil\n|move|p2b: Sinistcha|Matcha Gotcha|p1a: Mimikyu|[spread] p1a,p1b\n|-resisted|p1b: Torkoal|1\n|-damage|p1a: Mimikyu|63/100\n|-heal|p2b: Sinistcha|75/100|[from] drain|[of] p1a: Mimikyu\n|-damage|p1b: Torkoal|25/100\n|-heal|p2b: Sinistcha|83/100|[from] drain|[of] p1b: Torkoal\n|move|p1b: Torkoal|Weather Ball|p2b: Sinistcha\n|-supereffective|p2b: Sinistcha|1\n|-damage|p2b: Sinistcha|15/100\n|move|p1a: Mimikyu|Trick Room|p1a: Mimikyu\n|-fieldstart|move: Trick Room|[of] p1a: Mimikyu\n|\n|-weather|SunnyDay|[upkeep]\n|upkeep\n|turn|5\n|j| Ducktile\n|inactive|TheEeveeAnimations has 30 seconds left.\n|\n|t:|1776276809\n|move|p2a: Kangaskhan|Sucker Punch|p1b: Torkoal\n|-damage|p1b: Torkoal|6/100\n|-damage|p1b: Torkoal|2/100\n|-hitcount|p1b: Torkoal|2\n|move|p1b: Torkoal|Heat Wave|p2b: Sinistcha|[spread] p2a,p2b\n|-supereffective|p2b: Sinistcha|1\n|-damage|p2a: Kangaskhan|19/100\n|-damage|p2b: Sinistcha|0 fnt\n|faint|p2b: Sinistcha\n|move|p1a: Mimikyu|Play Rough|p2a: Kangaskhan\n|-damage|p2a: Kangaskhan|0 fnt\n|faint|p2a: Kangaskhan\n|\n|-weather|SunnyDay|[upkeep]\n|upkeep\n|\n|t:|1776276818\n|switch|p2b: Aerodactyl|Aerodactyl, L50, F|92/100\n|switch|p2a: Volcarona|Volcarona, L50, F|100/100\n|-ability|p2b: Aerodactyl|Unnerve\n|turn|6\n|j| pastycreepy\n|c|\u2606TheEeveeAnimations|kangaskhan\n|c|\u2606TheEeveeAnimations|cmon man\n|l| Lacksatives\n|l| pastycreepy\n|inactive|TheEeveeAnimations has 30 seconds left.\n|j|+holdingb\n|\n|t:|1776276850\n|move|p1b: Torkoal|Heat Wave|p2a: Volcarona|[spread] p2a,p2b\n|-resisted|p2b: Aerodactyl|1\n|-damage|p2a: Volcarona|50/100\n|-damage|p2b: Aerodactyl|48/100\n|move|p1a: Mimikyu|Play Rough|p2a: Volcarona\n|-resisted|p2a: Volcarona|1\n|-damage|p2a: Volcarona|32/100\n|-status|p1a: Mimikyu|brn|[from] ability: Flame Body|[of] p2a: Volcarona\n|move|p2a: Volcarona|Flamethrower|p1a: Mimikyu\n|-damage|p1a: Mimikyu|0 fnt\n|faint|p1a: Mimikyu\n|move|p2b: Aerodactyl|Rock Slide|p1b: Torkoal\n|-supereffective|p1b: Torkoal|1\n|-crit|p1b: Torkoal\n|-damage|p1b: Torkoal|0 fnt\n|faint|p1b: Torkoal\n|\n|-weather|SunnyDay|[upkeep]\n|-heal|p2a: Volcarona|38/100|[from] item: Leftovers\n|upkeep\n|\n|t:|1776276869\n|switch|p1a: Floette|Floette-Eternal, L50, F|100/100\n|turn|7\n|\n|t:|1776276880\n|detailschange|p1a: Floette|Floette-Mega, L50, F\n|-mega|p1a: Floette|Floette|Floettite\n|-ability|p1a: Floette|Fairy Aura\n|move|p2b: Aerodactyl|Protect|p2b: Aerodactyl\n|-singleturn|p2b: Aerodactyl|Protect\n|move|p1a: Floette|Dazzling Gleam|p2a: Volcarona|[spread] p2a\n|-activate|p2b: Aerodactyl|move: Protect\n|-resisted|p2a: Volcarona|1\n|-damage|p2a: Volcarona|16/100\n|move|p2a: Volcarona|Flamethrower|p1a: Floette\n|-damage|p1a: Floette|59/100\n|\n|-weather|none\n|-heal|p2a: Volcarona|22/100|[from] item: Leftovers\n|upkeep\n|turn|8\n|\n|t:|1776276904\n|move|p1a: Floette|Dazzling Gleam|p2b: Aerodactyl|[spread] p2a,p2b\n|-resisted|p2a: Volcarona|1\n|-damage|p2a: Volcarona|0 fnt\n|-damage|p2b: Aerodactyl|0 fnt\n|faint|p2a: Volcarona\n|faint|p2b: Aerodactyl\n|\n|win|banana superior\n|n|\u2606banana superior|bananasuperior\n|n|\u2606TheEeveeAnimations|theeeveeanimations\n|n| hesolk|hesolk\n|n| Ducktile|ducktile\n|n| holdingb|holdingb\n|c|\u2606TheEeveeAnimations|oops\n|l| Ducktile\n|c|\u2606TheEeveeAnimations|oh well\n|c|\u2606TheEeveeAnimations|gg\n|c|\u2606TheEeveeAnimations|wp\n",
  "uploadtime": 1776276919,
  "views": 13,
  "formatid": "gen9championsvgc2026regma",
  "rating": null,
  "private": 0,
  "password": null
}