{
  "id": "gen9championsvgc2026regma-2583427153",
  "format": "[Gen 9 Champions] VGC 2026 Reg M-A",
  "players": [
    "gio279",
    "II Armando II"
  ],
  "log": "|j|\u2606gio279\n|j|\u2606II Armando II\n|t:|1776174927\n|gametype|doubles\n|player|p1|gio279|266|1097\n|player|p2|II Armando II|hilbert|1183\n|gen|9\n|tier|[Gen 9 Champions] VGC 2026 Reg M-A\n|rated|\n|rule|Species Clause: Limit one of each Pok\u00e9mon\n|rule|Item Clause: Limit 1 of each item\n|clearpoke\n|poke|p1|Arcanine, L50, M|\n|poke|p1|Dragapult, L50, F|\n|poke|p1|Corviknight, L50, F|\n|poke|p1|Kangaskhan, L50, F|\n|poke|p1|Rotom-Mow, L50|\n|poke|p1|Araquanid, L50, F|\n|poke|p2|Charizard, L50, F|\n|poke|p2|Whimsicott, L50, F|\n|poke|p2|Typhlosion-Hisui, L50, M|\n|poke|p2|Venusaur, L50, F|\n|poke|p2|Arcanine-Hisui, L50, F|\n|poke|p2|Sneasler, L50, M|\n|teampreview|4\n|\n|t:|1776174966\n|teamsize|p1|4\n|teamsize|p2|4\n|start\n|switch|p1a: Kangaskhan|Kangaskhan, L50, F|100/100\n|switch|p1b: Dragapult|Dragapult, L50, F|100/100\n|switch|p2a: Sneasler|Sneasler, L50, M|100/100\n|switch|p2b: Whimsicott|Whimsicott, L50, F|100/100\n|turn|1\n|\n|t:|1776174988\n|move|p2a: Sneasler|Protect|p2a: Sneasler\n|-singleturn|p2a: Sneasler|Protect\n|move|p1a: Kangaskhan|Protect|p1a: Kangaskhan\n|-singleturn|p1a: Kangaskhan|Protect\n|move|p2b: Whimsicott|Tailwind|p2b: Whimsicott\n|-sidestart|p2: II Armando II|move: Tailwind\n|move|p1b: Dragapult|Draco Meteor|p2a: Sneasler\n|-activate|p2a: Sneasler|move: Protect\n|\n|upkeep\n|turn|2\n|\n|t:|1776175016\n|switch|p1a: Arcanine|Arcanine, L50, M|100/100\n|-ability|p1a: Arcanine|Intimidate|boost\n|-unboost|p2a: Sneasler|atk|1\n|-unboost|p2b: Whimsicott|atk|1\n|-enditem|p2a: Sneasler|White Herb\n|-clearnegativeboost|p2a: Sneasler|[silent]\n|move|p2a: Sneasler|Close Combat|p1a: Arcanine\n|-damage|p1a: Arcanine|33/100\n|-unboost|p2a: Sneasler|def|1\n|-unboost|p2a: Sneasler|spd|1\n|move|p2b: Whimsicott|Moonblast|p1b: Dragapult\n|-supereffective|p1b: Dragapult|1\n|-damage|p1b: Dragapult|31/100\n|move|p1b: Dragapult|Draco Meteor|p2a: Sneasler\n|-damage|p2a: Sneasler|0 fnt\n|-unboost|p1b: Dragapult|spa|2\n|faint|p2a: Sneasler\n|\n|upkeep\n|\n|t:|1776175049\n|switch|p2a: Charizard|Charizard, L50, F|100/100\n|turn|3\n|\n|t:|1776175064\n|detailschange|p2a: Charizard|Charizard-Mega-Y, L50, F\n|-mega|p2a: Charizard|Charizard|Charizardite Y\n|-weather|SunnyDay|[from] ability: Drought|[of] p2a: Charizard\n|move|p2b: Whimsicott|Moonblast|p1a: Arcanine\n|-resisted|p1a: Arcanine|1\n|-damage|p1a: Arcanine|22/100\n|move|p2a: Charizard|Heat Wave|p1a: Arcanine|[spread] p1a,p1b\n|-resisted|p1a: Arcanine|1\n|-resisted|p1b: Dragapult|1\n|-damage|p1a: Arcanine|0 fnt\n|-damage|p1b: Dragapult|0 fnt\n|faint|p1a: Arcanine\n|faint|p1b: Dragapult\n|\n|-weather|SunnyDay|[upkeep]\n|upkeep\n|\n|t:|1776175078\n|switch|p1b: Kangaskhan|Kangaskhan, L50, F|100/100\n|switch|p1a: Araquanid|Araquanid, L50, F|100/100\n|turn|4\n|\n|t:|1776175097\n|detailschange|p1b: Kangaskhan|Kangaskhan-Mega, L50, F\n|-mega|p1b: Kangaskhan|Kangaskhan|Kangaskhanite\n|move|p2b: Whimsicott|Protect|p2b: Whimsicott\n|-singleturn|p2b: Whimsicott|Protect\n|move|p2a: Charizard|Protect|p2a: Charizard\n|-singleturn|p2a: Charizard|Protect\n|move|p1b: Kangaskhan|Double-Edge|p2b: Whimsicott\n|-activate|p2b: Whimsicott|move: Protect\n|move|p1a: Araquanid|Leech Life|p2b: Whimsicott\n|-activate|p2b: Whimsicott|move: Protect\n|\n|-weather|SunnyDay|[upkeep]\n|-sideend|p2: II Armando II|move: Tailwind\n|upkeep\n|turn|5\n|\n|t:|1776175128\n|move|p1b: Kangaskhan|Protect|p1b: Kangaskhan\n|-singleturn|p1b: Kangaskhan|Protect\n|move|p2b: Whimsicott|Tailwind|p2b: Whimsicott\n|-sidestart|p2: II Armando II|move: Tailwind\n|move|p2a: Charizard|Weather Ball|p1b: Kangaskhan\n|-activate|p1b: Kangaskhan|move: Protect\n|move|p1a: Araquanid|Liquidation|p2a: Charizard\n|-supereffective|p2a: Charizard|1\n|-damage|p2a: Charizard|21/100\n|\n|-weather|SunnyDay|[upkeep]\n|upkeep\n|turn|6\n|\n|t:|1776175146\n|move|p2b: Whimsicott|Moonblast|p1a: Araquanid\n|-damage|p1a: Araquanid|78/100\n|move|p2a: Charizard|Weather Ball|p1b: Kangaskhan\n|-damage|p1b: Kangaskhan|3/100\n|move|p1b: Kangaskhan|Double-Edge|p2b: Whimsicott\n|-damage|p2b: Whimsicott|32/100\n|-damage|p2b: Whimsicott|14/100\n|-hitcount|p2b: Whimsicott|2\n|-damage|p1b: Kangaskhan|0 fnt|[from] Recoil\n|faint|p1b: Kangaskhan\n|move|p1a: Araquanid|Liquidation|p2a: Charizard\n|-supereffective|p2a: Charizard|1\n|-damage|p2a: Charizard|0 fnt\n|faint|p2a: Charizard\n|\n|-weather|SunnyDay|[upkeep]\n|upkeep\n|\n|t:|1776175149\n|switch|p2a: Arcanine|Arcanine-Hisui, L50, F|100/100\n|-ability|p2a: Arcanine|Intimidate|boost\n|-unboost|p1a: Araquanid|atk|1\n|turn|7\n|-activate|p1a: Araquanid|item: Quick Claw\n|\n|t:|1776175175\n|move|p1a: Araquanid|Liquidation|p2a: Arcanine\n|-supereffective|p2a: Arcanine|2\n|-damage|p2a: Arcanine|0 fnt\n|faint|p2a: Arcanine\n|move|p2b: Whimsicott|Moonblast|p1a: Araquanid\n|-damage|p1a: Araquanid|55/100\n|\n|-weather|none\n|upkeep\n|turn|8\n|\n|t:|1776175188\n|move|p2b: Whimsicott|Moonblast|p1a: Araquanid\n|-damage|p1a: Araquanid|31/100\n|move|p1a: Araquanid|Leech Life|p2b: Whimsicott\n|-damage|p2b: Whimsicott|0 fnt\n|-heal|p1a: Araquanid|38/100|[from] drain|[of] p2b: Whimsicott\n|faint|p2b: Whimsicott\n|\n|win|gio279\n|raw|gio279's rating: 1097 &rarr; <strong>1129</strong><br />(+32 for winning)\n|raw|II Armando II's rating: 1183 &rarr; <strong>1152</strong><br />(-31 for losing)\n|l|\u2606gio279\n|player|p1|\n",
  "uploadtime": 1776175215,
  "views": 21,
  "formatid": "gen9championsvgc2026regma",
  "rating": 1129,
  "private": 0,
  "password": null
}