{
  "id": "gen9championsvgc2026regma-2585189027",
  "format": "[Gen 9 Champions] VGC 2026 Reg M-A",
  "players": [
    "BHeast42",
    "caramelitokun"
  ],
  "log": "|j|\u2606BHeast42\n|j|\u2606caramelitokun\n|t:|1776322832\n|gametype|doubles\n|player|p1|BHeast42|101|1171\n|player|p2|caramelitokun|alder|1084\n|gen|9\n|tier|[Gen 9 Champions] VGC 2026 Reg M-A\n|rated|\n|rule|Species Clause: Limit one of each Pok\u00e9mon\n|rule|Item Clause: Limit 1 of each item\n|clearpoke\n|poke|p1|Kingambit, L50, F|\n|poke|p1|Serperior, L50, M|\n|poke|p1|Charizard, L50, M|\n|poke|p1|Whimsicott, L50, F|\n|poke|p1|Primarina, L50, M|\n|poke|p1|Ceruledge, L50, M|\n|poke|p2|Whimsicott, L50, M|\n|poke|p2|Incineroar, L50, M|\n|poke|p2|Politoed, L50, M|\n|poke|p2|Orthworm, L50, M|\n|poke|p2|Gengar, L50, M|\n|poke|p2|Palafin, L50, M|\n|teampreview|4\n|inactive|Battle timer is ON: inactive players will automatically lose when time's up. (requested by BHeast42)\n|inactive|BHeast42 has 60 seconds left.\n|\n|t:|1776322886\n|teamsize|p1|4\n|teamsize|p2|4\n|start\n|switch|p1a: Kingambit|Kingambit, L50, F|100/100\n|switch|p1b: Whimsicott|Whimsicott, L50, F|100/100\n|switch|p2a: Palafin|Palafin, L50, M, shiny|100/100\n|switch|p2b: Orthworm|Orthworm, L50, M, shiny|100/100\n|turn|1\n|inactive|BHeast42 has 30 seconds left.\n|\n|t:|1776322912\n|detailschange|p2a: Palafin|Palafin-Hero, L50, M, shiny\n|switch|p2a: Politoed|Politoed, L50, M, shiny|100/100\n|-weather|RainDance|[from] ability: Drizzle|[of] p2a: Politoed\n|move|p1b: Whimsicott|Protect|p1b: Whimsicott\n|-singleturn|p1b: Whimsicott|Protect\n|move|p2b: Orthworm|Shed Tail|p2b: Orthworm\n|-start|p2b: Orthworm|Substitute|[from] move: Shed Tail\n|-damage|p2b: Orthworm|50/100\n|-enditem|p2b: Orthworm|Sitrus Berry|[eat]\n|-heal|p2b: Orthworm|75/100|[from] item: Sitrus Berry\n|\n|t:|1776322923\n|switch|p2b: Gengar|Gengar, L50, M, shiny|100/100|[from] Shed Tail\n|move|p1a: Kingambit|Swords Dance|p1a: Kingambit\n|-boost|p1a: Kingambit|atk|2\n|\n|-weather|RainDance|[upkeep]\n|upkeep\n|turn|2\n|\n|t:|1776322937\n|detailschange|p2b: Gengar|Gengar-Mega, L50, M, shiny\n|-mega|p2b: Gengar|Gengar|Gengarite\n|move|p2b: Gengar|Protect|p2b: Gengar\n|-singleturn|p2b: Gengar|Protect\n|move|p1b: Whimsicott|Sunny Day|p1b: Whimsicott\n|-weather|SunnyDay\n|move|p2a: Politoed|Perish Song|p2a: Politoed\n|-start|p1a: Kingambit|perish3|[silent]\n|-start|p1b: Whimsicott|perish3|[silent]\n|-start|p2a: Politoed|perish3|[silent]\n|-start|p2b: Gengar|perish3|[silent]\n|-fieldactivate|move: Perish Song\n|move|p1a: Kingambit|Iron Head|p2b: Gengar\n|-activate|p2b: Gengar|move: Protect\n|\n|-weather|SunnyDay|[upkeep]\n|-start|p2b: Gengar|perish3\n|-start|p1b: Whimsicott|perish3\n|-start|p2a: Politoed|perish3\n|-start|p1a: Kingambit|perish3\n|upkeep\n|turn|3\n|\n|t:|1776322959\n|switch|p2a: Orthworm|Orthworm, L50, M, shiny|75/100\n|move|p1b: Whimsicott|Encore||[still]\n|-fail|p1b: Whimsicott\n|move|p2b: Gengar|Disable|p1a: Kingambit\n|-start|p1a: Kingambit|Disable|Iron Head\n|cant|p1a: Kingambit|Disable|Iron Head\n|\n|-weather|SunnyDay|[upkeep]\n|-start|p2b: Gengar|perish2\n|-start|p1b: Whimsicott|perish2\n|-start|p1a: Kingambit|perish2\n|upkeep\n|turn|4\n|\n|t:|1776322978\n|move|p1b: Whimsicott|Protect|p1b: Whimsicott\n|-singleturn|p1b: Whimsicott|Protect\n|move|p2b: Gengar|Protect|p2b: Gengar\n|-singleturn|p2b: Gengar|Protect\n|move|p1a: Kingambit|Sucker Punch||[still]\n|-fail|p1a: Kingambit\n|move|p2a: Orthworm|Shed Tail|p2a: Orthworm\n|-start|p2a: Orthworm|Substitute|[from] move: Shed Tail\n|-damage|p2a: Orthworm|25/100\n|\n|t:|1776322988\n|switch|p2a: Palafin|Palafin-Hero, L50, M, shiny|100/100|[from] Shed Tail\n|-activate|p2a: Palafin|ability: Zero to Hero\n|\n|-weather|SunnyDay|[upkeep]\n|-start|p2b: Gengar|perish1\n|-start|p1b: Whimsicott|perish1\n|-start|p1a: Kingambit|perish1\n|upkeep\n|turn|5\n|\n|t:|1776323000\n|switch|p2b: Politoed|Politoed, L50, M, shiny|100/100\n|-weather|RainDance|[from] ability: Drizzle|[of] p2b: Politoed\n|move|p1b: Whimsicott|Tailwind|p1b: Whimsicott\n|-sidestart|p1: BHeast42|move: Tailwind\n|move|p1a: Kingambit|Sucker Punch||[still]\n|-fail|p1a: Kingambit\n|move|p2a: Palafin|Focus Energy|p2a: Palafin\n|-start|p2a: Palafin|move: Focus Energy\n|\n|-weather|RainDance|[upkeep]\n|-start|p1b: Whimsicott|perish0\n|-start|p1a: Kingambit|perish0\n|faint|p1b: Whimsicott\n|faint|p1a: Kingambit\n|upkeep\n|\n|t:|1776323012\n|switch|p1b: Charizard|Charizard, L50, M|100/100\n|switch|p1a: Serperior|Serperior, L50, M|100/100\n|turn|6\n|\n|t:|1776323023\n|switch|p2b: Orthworm|Orthworm, L50, M, shiny|25/100\n|detailschange|p1b: Charizard|Charizard-Mega-Y, L50, M\n|-mega|p1b: Charizard|Charizard|Charizardite Y\n|-weather|SunnyDay|[from] ability: Drought|[of] p1b: Charizard\n|move|p2a: Palafin|Protect|p2a: Palafin\n|-singleturn|p2a: Palafin|Protect\n|move|p1a: Serperior|Leaf Storm|p2b: Orthworm\n|-resisted|p2b: Orthworm|1\n|-damage|p2b: Orthworm|0 fnt\n|-boost|p1a: Serperior|spa|2\n|faint|p2b: Orthworm\n|move|p1b: Charizard|Solar Beam||[still]\n|-prepare|p1b: Charizard|Solar Beam\n|-anim|p1b: Charizard|Solar Beam|p2a: Palafin\n|-activate|p2a: Palafin|move: Protect\n|\n|-weather|SunnyDay|[upkeep]\n|upkeep\n|\n|t:|1776323027\n|switch|p2b: Politoed|Politoed, L50, M, shiny|100/100\n|-weather|RainDance|[from] ability: Drizzle|[of] p2b: Politoed\n|turn|7\n|\n|t:|1776323047\n|switch|p2b: Gengar|Gengar-Mega, L50, M, shiny|100/100\n|move|p1a: Serperior|Leaf Storm|p2a: Palafin\n|-supereffective|p2a: Palafin|1\n|-end|p2a: Palafin|Substitute\n|-boost|p1a: Serperior|spa|2\n|move|p1b: Charizard|Weather Ball|p2a: Palafin\n|-resisted|p2a: Palafin|1\n|-damage|p2a: Palafin|70/100\n|move|p2a: Palafin|Wave Crash|p1a: Serperior\n|-resisted|p1a: Serperior|1\n|-crit|p1a: Serperior\n|-damage|p1a: Serperior|0 fnt\n|faint|p1a: Serperior\n|-damage|p2a: Palafin|46/100|[from] Recoil\n|\n|-weather|RainDance|[upkeep]\n|upkeep\n|turn|8\n|-message|BHeast42 forfeited.\n|\n|win|caramelitokun\n|raw|BHeast42's rating: 1171 &rarr; <strong>1140</strong><br />(-31 for losing)\n|raw|caramelitokun's rating: 1084 &rarr; <strong>1118</strong><br />(+34 for winning)\n|l|\u2606BHeast42\n|player|p1|\n",
  "uploadtime": 1776323068,
  "views": 19,
  "formatid": "gen9championsvgc2026regma",
  "rating": 1118,
  "private": 0,
  "password": null
}