{
  "id": "gen9championsvgc2026regma-2585285484",
  "format": "[Gen 9 Champions] VGC 2026 Reg M-A",
  "players": [
    "ericaikok",
    "Ironguy2100"
  ],
  "log": "|j|\u2606ericaikok\n|j|\u2606Ironguy2100\n|t:|1776333846\n|gametype|doubles\n|player|p1|ericaikok|#ptplvidazzlingdiancies|1173\n|player|p2|Ironguy2100|101|1135\n|gen|9\n|tier|[Gen 9 Champions] VGC 2026 Reg M-A\n|rated|\n|rule|Species Clause: Limit one of each Pok\u00e9mon\n|rule|Item Clause: Limit 1 of each item\n|clearpoke\n|poke|p1|Gengar, L50, M|\n|poke|p1|Whimsicott, L50, F|\n|poke|p1|Incineroar, L50, M|\n|poke|p1|Sneasler, L50, F|\n|poke|p1|Rotom-Wash, L50|\n|poke|p1|Arcanine-Hisui, L50, M|\n|poke|p2|Crabominable, L50, M|\n|poke|p2|Slowking-Galar, L50, M|\n|poke|p2|Kingambit, L50, M|\n|poke|p2|Primarina, L50, M|\n|poke|p2|Incineroar, L50, F|\n|poke|p2|Sinistcha, L50|\n|teampreview|4\n|inactive|Battle timer is ON: inactive players will automatically lose when time's up. (requested by ericaikok)\n|inactive|ericaikok has 60 seconds left.\n|\n|t:|1776333906\n|teamsize|p1|4\n|teamsize|p2|4\n|start\n|switch|p1a: Gengar|Gengar, L50, M|100/100\n|switch|p1b: Sneasler|Sneasler, L50, F|100/100\n|switch|p2a: Crabominable|Crabominable, L50, M, shiny|100/100\n|switch|p2b: Slowking|Slowking-Galar, L50, M|100/100\n|turn|1\n|\n|t:|1776333929\n|detailschange|p1a: Gengar|Gengar-Mega, L50, M\n|-mega|p1a: Gengar|Gengar|Gengarite\n|detailschange|p2a: Crabominable|Crabominable-Mega, L50, M, shiny\n|-mega|p2a: Crabominable|Crabominable|Crabominite\n|move|p1a: Gengar|Shadow Ball|p2b: Slowking\n|-supereffective|p2b: Slowking|1\n|-damage|p2b: Slowking|9/100\n|-unboost|p2b: Slowking|spd|1\n|move|p1b: Sneasler|Close Combat|p2a: Crabominable\n|-supereffective|p2a: Crabominable|1\n|-crit|p2a: Crabominable\n|-damage|p2a: Crabominable|0 fnt\n|-unboost|p1b: Sneasler|def|1\n|-unboost|p1b: Sneasler|spd|1\n|faint|p2a: Crabominable\n|-enditem|p1b: Sneasler|White Herb\n|-clearnegativeboost|p1b: Sneasler|[silent]\n|move|p2b: Slowking|Trick Room|p2b: Slowking\n|-fieldstart|move: Trick Room|[of] p2b: Slowking\n|\n|upkeep\n|\n|t:|1776333951\n|switch|p2a: Primarina|Primarina, L50, M|100/100\n|turn|2\n|\n|t:|1776333967\n|switch|p1b: Whimsicott|Whimsicott, L50, F|100/100\n|move|p2b: Slowking|Psychic Noise|p1b: Whimsicott\n|-damage|p1b: Whimsicott|45/100\n|-start|p1b: Whimsicott|move: Heal Block\n|move|p2a: Primarina|Calm Mind|p2a: Primarina\n|-boost|p2a: Primarina|spa|1\n|-boost|p2a: Primarina|spd|1\n|move|p1a: Gengar|Sludge Bomb|p2a: Primarina\n|-supereffective|p2a: Primarina|1\n|-damage|p2a: Primarina|40/100\n|-status|p2a: Primarina|psn\n|\n|-damage|p2a: Primarina|27/100 psn|[from] psn\n|upkeep\n|turn|3\n|inactive|ericaikok has 30 seconds left.\n|\n|t:|1776333995\n|move|p1a: Gengar|Protect|p1a: Gengar\n|-singleturn|p1a: Gengar|Protect\n|move|p1b: Whimsicott|Encore|p2a: Primarina\n|-start|p2a: Primarina|Encore\n|move|p2b: Slowking|Psychic Noise|p1a: Gengar\n|-activate|p1a: Gengar|move: Protect\n|move|p2a: Primarina|Calm Mind|p2a: Primarina\n|-boost|p2a: Primarina|spa|1\n|-boost|p2a: Primarina|spd|1\n|\n|-damage|p2a: Primarina|15/100 psn|[from] psn\n|-end|p1b: Whimsicott|move: Heal Block\n|upkeep\n|turn|4\n|\n|t:|1776334019\n|switch|p1a: Sneasler|Sneasler, L50, F|100/100\n|move|p1b: Whimsicott|Encore|p2b: Slowking\n|-start|p2b: Slowking|Encore\n|move|p2b: Slowking|Psychic Noise|p1a: Sneasler\n|-supereffective|p1a: Sneasler|2\n|-damage|p1a: Sneasler|0 fnt\n|faint|p1a: Sneasler\n|move|p2a: Primarina|Calm Mind|p2a: Primarina\n|-boost|p2a: Primarina|spa|1\n|-boost|p2a: Primarina|spd|1\n|\n|-damage|p2a: Primarina|3/100 psn|[from] psn\n|upkeep\n|\n|t:|1776334033\n|switch|p1a: Gengar|Gengar-Mega, L50, M|100/100\n|turn|5\n|\n|t:|1776334053\n|move|p1b: Whimsicott|Protect|p1b: Whimsicott\n|-singleturn|p1b: Whimsicott|Protect\n|move|p1a: Gengar|Protect|p1a: Gengar\n|-singleturn|p1a: Gengar|Protect\n|move|p2b: Slowking|Psychic Noise|p1a: Gengar\n|-activate|p1a: Gengar|move: Protect\n|move|p2a: Primarina|Calm Mind|p2a: Primarina\n|-boost|p2a: Primarina|spa|1\n|-boost|p2a: Primarina|spd|1\n|\n|-damage|p2a: Primarina|0 fnt|[from] psn\n|faint|p2a: Primarina\n|-fieldend|move: Trick Room\n|upkeep\n|\n|t:|1776334069\n|switch|p2a: Sinistcha|Sinistcha, L50|100/100\n|-heal|p2b: Slowking|34/100|[from] ability: Hospitality|[of] p2a: Sinistcha\n|turn|6\n|\n|t:|1776334080\n|move|p1a: Gengar|Shadow Ball|p2b: Slowking\n|-supereffective|p2b: Slowking|1\n|-damage|p2b: Slowking|0 fnt\n|faint|p2b: Slowking\n|move|p1b: Whimsicott|Moonblast|p2a: Sinistcha\n|-damage|p2a: Sinistcha|75/100\n|move|p2a: Sinistcha|Trick Room|p2a: Sinistcha\n|-fieldstart|move: Trick Room|[of] p2a: Sinistcha\n|\n|-heal|p2a: Sinistcha|81/100|[from] item: Leftovers\n|upkeep\n|turn|7\n|\n|t:|1776334095\n|move|p1a: Gengar|Protect|p1a: Gengar\n|-singleturn|p1a: Gengar|Protect\n|move|p1b: Whimsicott|Encore|p2a: Sinistcha\n|-start|p2a: Sinistcha|Encore\n|move|p2a: Sinistcha|Trick Room|p2a: Sinistcha\n|-fieldend|move: Trick Room\n|\n|-heal|p2a: Sinistcha|88/100|[from] item: Leftovers\n|upkeep\n|turn|8\n|-message|Ironguy2100 forfeited.\n|\n|win|ericaikok\n|raw|ericaikok's rating: 1173 &rarr; <strong>1195</strong><br />(+22 for winning)\n|raw|Ironguy2100's rating: 1135 &rarr; <strong>1113</strong><br />(-22 for losing)\n|l|\u2606Ironguy2100\n|player|p2|\n",
  "uploadtime": 1776334121,
  "views": 19,
  "formatid": "gen9championsvgc2026regma",
  "rating": 1113,
  "private": 0,
  "password": null
}