{
  "id": "gen9championsvgc2026regma-2582026114",
  "format": "[Gen 9 Champions] VGC 2026 Reg M-A",
  "players": [
    "superboy245",
    "AquaticPanic"
  ],
  "log": "|j|\u2606superboy245\n|j|\u2606AquaticPanic\n|t:|1776049572\n|gametype|doubles\n|player|p1|superboy245|buck|1258\n|player|p2|AquaticPanic|170|1263\n|gen|9\n|tier|[Gen 9 Champions] VGC 2026 Reg M-A\n|rated|\n|rule|Species Clause: Limit one of each Pok\u00e9mon\n|rule|Item Clause: Limit 1 of each item\n|clearpoke\n|poke|p1|Greninja-*, L50, M|\n|poke|p1|Politoed, L50, M|\n|poke|p1|Archaludon, L50, M|\n|poke|p1|Maushold, L50|\n|poke|p1|Dragonite, L50, M|\n|poke|p1|Basculegion, L50, M|\n|poke|p2|Gengar, L50, M|\n|poke|p2|Whimsicott, L50, F|\n|poke|p2|Incineroar, L50, M|\n|poke|p2|Sneasler, L50, M|\n|poke|p2|Rotom-Wash, L50|\n|poke|p2|Kingambit, L50, M|\n|teampreview|4\nsuperboy245 rejected open team sheets.\n|\n|t:|1776049607\n|teamsize|p1|4\n|teamsize|p2|4\n|start\n|switch|p1a: Greninja|Greninja, L50, M|100/100\n|switch|p1b: Basculegion|Basculegion, L50, M|100/100\n|switch|p2a: Rotom|Rotom-Wash, L50|100/100\n|switch|p2b: Sneasler|Sneasler, L50, M|100/100\n|turn|1\n|\n|t:|1776049627\n|switch|p1a: Politoed|Politoed, L50, M|100/100\n|-weather|RainDance|[from] ability: Drizzle|[of] p1a: Politoed\n|move|p2b: Sneasler|Fake Out|p1a: Politoed\n|-damage|p1a: Politoed|85/100\n|move|p1b: Basculegion|Flip Turn|p2b: Sneasler\n|-damage|p2b: Sneasler|14/100\n|\n|t:|1776049656\n|switch|p1b: Dragonite|Dragonite, L50, M|100/100|[from] Flip Turn\n|move|p2a: Rotom|Volt Switch|p1b: Dragonite\n|-damage|p1b: Dragonite|61/100\n|\n|t:|1776049664\n|switch|p2a: Kingambit|Kingambit, L50, M|100/100|[from] Volt Switch\n|\n|-weather|RainDance|[upkeep]\n|upkeep\n|turn|2\n|\n|t:|1776049693\n|move|p2a: Kingambit|Sucker Punch|p1b: Dragonite\n|-damage|p1b: Dragonite|11/100\n|move|p2b: Sneasler|Close Combat|p1a: Politoed\n|-damage|p1a: Politoed|7/100\n|-unboost|p2b: Sneasler|def|1\n|-unboost|p2b: Sneasler|spd|1\n|-enditem|p1a: Politoed|Sitrus Berry|[eat]\n|-heal|p1a: Politoed|31/100|[from] item: Sitrus Berry\n|-enditem|p2b: Sneasler|White Herb\n|-clearnegativeboost|p2b: Sneasler|[silent]\n|move|p1b: Dragonite|Hurricane|p2b: Sneasler\n|-supereffective|p2b: Sneasler|1\n|-damage|p2b: Sneasler|0 fnt\n|faint|p2b: Sneasler\n|move|p1a: Politoed|Weather Ball|p2a: Kingambit\n|-damage|p2a: Kingambit|50/100\n|\n|-weather|RainDance|[upkeep]\n|upkeep\n|\n|t:|1776049710\n|switch|p2b: Rotom|Rotom-Wash, L50|100/100\n|turn|3\n|\n|t:|1776049739\n|switch|p2a: Gengar|Gengar, L50, M|100/100\n|move|p2b: Rotom|Electroweb|p1b: Dragonite|[spread] p1a,p1b\n|-supereffective|p1a: Politoed|1\n|-damage|p1a: Politoed|4/100\n|-damage|p1b: Dragonite|0 fnt\n|-unboost|p1a: Politoed|spe|1\n|faint|p1b: Dragonite\n|move|p1a: Politoed|Weather Ball|p2a: Gengar\n|-damage|p2a: Gengar|35/100\n|-start|p1a: Politoed|Disable|Weather Ball|[from] ability: Cursed Body|[of] p2a: Gengar\n|\n|-weather|RainDance|[upkeep]\n|upkeep\n|c|\u2606superboy245|Really bulky >:)\n|\n|t:|1776049785\n|switch|p1b: Greninja|Greninja, L50, M|100/100\n|turn|4\n|\n|t:|1776049813\n|detailschange|p1b: Greninja|Greninja-Mega, L50, M\n|-mega|p1b: Greninja|Greninja|Greninjite\n|detailschange|p2a: Gengar|Gengar-Mega, L50, M\n|-mega|p2a: Gengar|Gengar|Gengarite\n|move|p2a: Gengar|Protect|p2a: Gengar\n|-singleturn|p2a: Gengar|Protect\n|move|p1b: Greninja|Dark Pulse|p2b: Rotom\n|-start|p1b: Greninja|typechange|Dark|[from] ability: Protean\n|-damage|p2b: Rotom|41/100\n|move|p2b: Rotom|Electroweb|p1b: Greninja|[spread] p1a,p1b\n|-supereffective|p1a: Politoed|1\n|-crit|p1b: Greninja\n|-damage|p1a: Politoed|0 fnt\n|-damage|p1b: Greninja|60/100\n|-unboost|p1b: Greninja|spe|1\n|faint|p1a: Politoed\n|\n|-weather|RainDance|[upkeep]\n|upkeep\n|\n|t:|1776049825\n|switch|p1a: Basculegion|Basculegion, L50, M|100/100\n|turn|5\n|\n|t:|1776049838\n|move|p1b: Greninja|Water Shuriken|p2a: Gengar\n|-damage|p2a: Gengar|26/100\n|-crit|p2a: Gengar\n|-damage|p2a: Gengar|11/100\n|-damage|p2a: Gengar|2/100\n|-damage|p2a: Gengar|0 fnt\n|faint|p2a: Gengar\n|-hitcount|p2: Gengar|4\n|move|p1a: Basculegion|Last Respects|p2b: Rotom\n|-damage|p2b: Rotom|0 fnt\n|faint|p2b: Rotom\n|\n|-weather|none\n|upkeep\n|c|\u2606superboy245|Gg\n|\n|t:|1776049853\n|switch|p2b: Kingambit|Kingambit, L50, M|50/100\n|turn|6\n|\n|t:|1776049868\n|move|p1b: Greninja|Water Shuriken|p2b: Kingambit\n|-damage|p2b: Kingambit|44/100\n|-damage|p2b: Kingambit|38/100\n|-damage|p2b: Kingambit|33/100\n|-hitcount|p2b: Kingambit|3\n|move|p1a: Basculegion|Aqua Jet|p2b: Kingambit\n|-damage|p2b: Kingambit|16/100\n|move|p2b: Kingambit|Sucker Punch||[still]\n|-fail|p2b: Kingambit\n|\n|upkeep\n|turn|7\n|\n|t:|1776049884\n|move|p1b: Greninja|Water Shuriken|p2b: Kingambit\n|-damage|p2b: Kingambit|11/100\n|-damage|p2b: Kingambit|5/100\n|-damage|p2b: Kingambit|0 fnt\n|faint|p2b: Kingambit\n|-hitcount|p2: Kingambit|3\n|\n|win|superboy245\n|raw|superboy245's rating: 1258 &rarr; <strong>1283</strong><br />(+25 for winning)\n|raw|AquaticPanic's rating: 1263 &rarr; <strong>1238</strong><br />(-25 for losing)\n",
  "uploadtime": 1776049890,
  "views": 20,
  "formatid": "gen9championsvgc2026regma",
  "rating": 1238,
  "private": 0,
  "password": null
}