{
  "id": "gen9championsvgc2026regma-2588106043",
  "format": "[Gen 9 Champions] VGC 2026 Reg M-A",
  "players": [
    "ZeroPops",
    "sandrorg"
  ],
  "log": "|j|\u2606ZeroPops\n|j|\u2606sandrorg\n|t:|1776604920\n|gametype|doubles\n|player|p1|ZeroPops|102|1298\n|player|p2|sandrorg|red|1342\n|gen|9\n|tier|[Gen 9 Champions] VGC 2026 Reg M-A\n|rated|\n|rule|Species Clause: Limit one of each Pok\u00e9mon\n|rule|Item Clause: Limit 1 of each item\n|clearpoke\n|poke|p1|Gengar, L50, M|\n|poke|p1|Incineroar, L50, M|\n|poke|p1|Basculegion, L50, M|\n|poke|p1|Whimsicott, L50, F|\n|poke|p1|Sneasler, L50, M|\n|poke|p1|Kommo-o, L50, M|\n|poke|p2|Charizard, L50, F|\n|poke|p2|Maushold-Four, L50|\n|poke|p2|Sneasler, L50, F|\n|poke|p2|Dragapult, L50, F|\n|poke|p2|Kingambit, L50, M|\n|poke|p2|Garchomp, L50, F|\n|teampreview|4\n|\n|t:|1776604957\n|teamsize|p1|4\n|teamsize|p2|4\n|start\n|switch|p1a: Whimsicott|Whimsicott, L50, F|100/100\n|switch|p1b: Gengar|Gengar, L50, M|100/100\n|switch|p2a: Kingambit|Kingambit, L50, M|100/100\n|switch|p2b: Sneasler|Sneasler, L50, F|100/100\n|turn|1\n|\n|t:|1776604985\n|switch|p1a: Kommo-o|Kommo-o, L50, M|100/100\n|detailschange|p1b: Gengar|Gengar-Mega, L50, M\n|-mega|p1b: Gengar|Gengar|Gengarite\n|move|p1b: Gengar|Protect|p1b: Gengar\n|-singleturn|p1b: Gengar|Protect\n|move|p2b: Sneasler|Fake Out|p1a: Kommo-o\n|-damage|p1a: Kommo-o|89/100\n|move|p2a: Kingambit|Iron Head|p1a: Kommo-o\n|-damage|p1a: Kommo-o|54/100\n|\n|-heal|p1a: Kommo-o|60/100|[from] item: Leftovers\n|upkeep\n|turn|2\n|\n|t:|1776605031\n|move|p1a: Kommo-o|Protect|p1a: Kommo-o\n|-singleturn|p1a: Kommo-o|Protect\n|move|p1b: Gengar|Shadow Ball|p2b: Sneasler\n|-damage|p2b: Sneasler|43/100\n|move|p2b: Sneasler|Dire Claw|p1a: Kommo-o\n|-activate|p1a: Kommo-o|move: Protect\n|move|p2a: Kingambit|Kowtow Cleave|p1b: Gengar\n|-supereffective|p1b: Gengar|1\n|-damage|p1b: Gengar|0 fnt\n|faint|p1b: Gengar\n|\n|-heal|p1a: Kommo-o|66/100|[from] item: Leftovers\n|upkeep\n|\n|t:|1776605041\n|switch|p1b: Whimsicott|Whimsicott, L50, F|100/100\n|turn|3\n|\n|t:|1776605057\n|move|p2b: Sneasler|Feint|p1b: Whimsicott\n|-damage|p1b: Whimsicott|84/100\n|move|p1b: Whimsicott|Tailwind|p1b: Whimsicott\n|-sidestart|p1: ZeroPops|move: Tailwind\n|move|p1a: Kommo-o|Aura Sphere|p2a: Kingambit\n|-supereffective|p2a: Kingambit|2\n|-damage|p2a: Kingambit|0 fnt\n|faint|p2a: Kingambit\n|\n|-heal|p1a: Kommo-o|72/100|[from] item: Leftovers\n|upkeep\n|\n|t:|1776605068\n|switch|p2a: Charizard|Charizard, L50, F|100/100\n|turn|4\n|\n|t:|1776605084\n|detailschange|p2a: Charizard|Charizard-Mega-Y, L50, F\n|-mega|p2a: Charizard|Charizard|Charizardite Y\n|-weather|SunnyDay|[from] ability: Drought|[of] p2a: Charizard\n|move|p1b: Whimsicott|Moonblast|p2b: Sneasler\n|-damage|p2b: Sneasler|0 fnt\n|faint|p2b: Sneasler\n|move|p1a: Kommo-o|Clanging Scales|p2a: Charizard\n|-damage|p2a: Charizard|54/100\n|-unboost|p1a: Kommo-o|def|1\n|move|p2a: Charizard|Heat Wave|p1b: Whimsicott|[spread] p1b\n|-miss|p2a: Charizard|p1a: Kommo-o\n|-supereffective|p1b: Whimsicott|1\n|-damage|p1b: Whimsicott|0 fnt\n|faint|p1b: Whimsicott\n|\n|-weather|SunnyDay|[upkeep]\n|-heal|p1a: Kommo-o|78/100|[from] item: Leftovers\n|upkeep\n|\n|t:|1776605101\n|switch|p2b: Garchomp|Garchomp, L50, F|100/100\n|switch|p1b: Incineroar|Incineroar, L50, M|100/100\n|-ability|p1b: Incineroar|Intimidate|boost\n|-unboost|p2a: Charizard|atk|1\n|-unboost|p2b: Garchomp|atk|1\n|turn|5\n|\n|t:|1776605122\n|move|p2a: Charizard|Protect|p2a: Charizard\n|-singleturn|p2a: Charizard|Protect\n|move|p1b: Incineroar|Fake Out|p2b: Garchomp\n|-damage|p2b: Garchomp|87/100\n|-damage|p1b: Incineroar|88/100|[from] ability: Rough Skin|[of] p2b: Garchomp\n|cant|p2b: Garchomp|flinch\n|move|p1a: Kommo-o|Clangorous Soul|p1a: Kommo-o\n|-boost|p1a: Kommo-o|atk|1\n|-boost|p1a: Kommo-o|def|1\n|-boost|p1a: Kommo-o|spa|1\n|-boost|p1a: Kommo-o|spd|1\n|-boost|p1a: Kommo-o|spe|1\n|-damage|p1a: Kommo-o|45/100\n|\n|-weather|SunnyDay|[upkeep]\n|-heal|p1a: Kommo-o|51/100|[from] item: Leftovers\n|upkeep\n|turn|6\n|\n|t:|1776605157\n|move|p1a: Kommo-o|Clanging Scales|p2b: Garchomp|[spread] p2a,p2b\n|-supereffective|p2b: Garchomp|1\n|-damage|p2a: Charizard|3/100\n|-damage|p2b: Garchomp|0 fnt\n|faint|p2b: Garchomp\n|-unboost|p1a: Kommo-o|def|1\n|move|p1b: Incineroar|Throat Chop|p2a: Charizard\n|-damage|p2a: Charizard|0 fnt\n|faint|p2a: Charizard\n|\n|win|ZeroPops\n|raw|ZeroPops's rating: 1298 &rarr; <strong>1326</strong><br />(+28 for winning)\n|raw|sandrorg's rating: 1342 &rarr; <strong>1319</strong><br />(-23 for losing)\n",
  "uploadtime": 1776605161,
  "views": 11,
  "formatid": "gen9championsvgc2026regma",
  "rating": 1319,
  "private": 0,
  "password": null
}