{
  "id": "gen9championsvgc2026regma-2586574772",
  "format": "[Gen 9 Champions] VGC 2026 Reg M-A",
  "players": [
    "Catapulta_1",
    "koplus"
  ],
  "log": "|j|\u2606Catapulta_1\n|j|\u2606koplus\n|t:|1776444161\n|gametype|doubles\n|player|p1|Catapulta_1|gentleman-gen1|1147\n|player|p2|koplus|102|1128\n|gen|9\n|tier|[Gen 9 Champions] VGC 2026 Reg M-A\n|rated|\n|rule|Species Clause: Limit one of each Pok\u00e9mon\n|rule|Item Clause: Limit 1 of each item\n|clearpoke\n|poke|p1|Milotic, L50, F|\n|poke|p1|Maushold, L50|\n|poke|p1|Basculegion, L50, M|\n|poke|p1|Pelipper, L50, F|\n|poke|p1|Archaludon, L50, M|\n|poke|p1|Gengar, L50, M|\n|poke|p2|Sneasler, L50, M|\n|poke|p2|Talonflame, L50, F|\n|poke|p2|Blastoise, L50, M|\n|poke|p2|Typhlosion-Hisui, L50, F|\n|poke|p2|Maushold, L50|\n|poke|p2|Meowstic, L50, M|\n|teampreview|4\n|\n|t:|1776444200\n|teamsize|p1|4\n|teamsize|p2|4\n|start\n|switch|p1a: Pelipper|Pelipper, L50, F|100/100\n|switch|p1b: Milotic|Milotic, L50, F|100/100\n|switch|p2a: Meowstic|Meowstic, L50, M|100/100\n|switch|p2b: Typhlosion|Typhlosion-Hisui, L50, F|100/100\n|-item|p1a: Pelipper|Sitrus Berry|[from] ability: Frisk|[of] p2b: Typhlosion\n|-item|p1b: Milotic|Mystic Water|[from] ability: Frisk|[of] p2b: Typhlosion\n|-weather|RainDance|[from] ability: Drizzle|[of] p1a: Pelipper\n|turn|1\n|\n|t:|1776444253\n|move|p2a: Meowstic|Sunny Day|p2a: Meowstic\n|-weather|SunnyDay\n|move|p2b: Typhlosion|Eruption|p1b: Milotic|[spread] p1a,p1b\n|-resisted|p1a: Pelipper|1\n|-resisted|p1b: Milotic|1\n|-damage|p1a: Pelipper|55/100\n|-damage|p1b: Milotic|66/100\n|move|p1b: Milotic|Scald|p2b: Typhlosion\n|-supereffective|p2b: Typhlosion|1\n|-damage|p2b: Typhlosion|47/100\n|move|p1a: Pelipper|Tailwind|p1a: Pelipper\n|-sidestart|p1: Catapulta_1|move: Tailwind\n|\n|-weather|SunnyDay|[upkeep]\n|upkeep\n|turn|2\n|\n|t:|1776444277\n|switch|p2b: Maushold|Maushold, L50|100/100\n|switch|p1a: Archaludon|Archaludon, L50, M|100/100\n|move|p1b: Milotic|Scald|p2b: Maushold\n|-damage|p2b: Maushold|81/100\n|-status|p2b: Maushold|brn\n|move|p2a: Meowstic|Expanding Force|p1b: Milotic\n|-damage|p1b: Milotic|40/100\n|\n|-weather|SunnyDay|[upkeep]\n|-damage|p2b: Maushold|75/100 brn|[from] brn\n|upkeep\n|turn|3\n|\n|t:|1776444317\n|switch|p1b: Pelipper|Pelipper, L50, F|55/100\n|-weather|RainDance|[from] ability: Drizzle|[of] p1b: Pelipper\n|move|p2b: Maushold|Follow Me|p2b: Maushold\n|-singleturn|p2b: Maushold|move: Follow Me\n|move|p1a: Archaludon|Electro Shot||[still]\n|-prepare|p1a: Archaludon|Electro Shot\n|-boost|p1a: Archaludon|spa|1\n|-anim|p1a: Archaludon|Electro Shot|p2b: Maushold\n|-damage|p2b: Maushold|13/100 brn\n|move|p2a: Meowstic|Expanding Force|p1b: Pelipper\n|-damage|p1b: Pelipper|15/100\n|-enditem|p1b: Pelipper|Sitrus Berry|[eat]\n|-heal|p1b: Pelipper|40/100|[from] item: Sitrus Berry\n|\n|-weather|RainDance|[upkeep]\n|-damage|p2b: Maushold|7/100 brn|[from] brn\n|upkeep\n|turn|4\n|\n|t:|1776444373\n|move|p1b: Pelipper|Protect|p1b: Pelipper\n|-singleturn|p1b: Pelipper|Protect\n|move|p2b: Maushold|Follow Me|p2b: Maushold\n|-singleturn|p2b: Maushold|move: Follow Me\n|move|p1a: Archaludon|Electro Shot||[still]\n|-prepare|p1a: Archaludon|Electro Shot\n|-boost|p1a: Archaludon|spa|1\n|-anim|p1a: Archaludon|Electro Shot|p2b: Maushold\n|-damage|p2b: Maushold|0 fnt\n|faint|p2b: Maushold\n|move|p2a: Meowstic|Expanding Force|p1b: Pelipper\n|-activate|p1b: Pelipper|move: Protect\n|\n|-weather|RainDance|[upkeep]\n|-sideend|p1: Catapulta_1|move: Tailwind\n|upkeep\n|\n|t:|1776444398\n|switch|p2b: Blastoise|Blastoise, L50, M|100/100\n|turn|5\n|\n|t:|1776444417\n|switch|p1b: Milotic|Milotic, L50, F|40/100\n|detailschange|p2b: Blastoise|Blastoise-Mega, L50, M\n|-mega|p2b: Blastoise|Blastoise|Blastoisinite\n|move|p2a: Meowstic|Sunny Day|p2a: Meowstic\n|-weather|SunnyDay\n|move|p2b: Blastoise|Shell Smash|p2b: Blastoise\n|-unboost|p2b: Blastoise|def|1\n|-unboost|p2b: Blastoise|spd|1\n|-boost|p2b: Blastoise|atk|2\n|-boost|p2b: Blastoise|spa|2\n|-boost|p2b: Blastoise|spe|2\n|move|p1a: Archaludon|Electro Shot||[still]\n|-prepare|p1a: Archaludon|Electro Shot\n|-boost|p1a: Archaludon|spa|1\n|\n|-weather|SunnyDay|[upkeep]\n|upkeep\n|turn|6\n|\n|t:|1776444451\n|move|p1b: Milotic|Protect|p1b: Milotic\n|-singleturn|p1b: Milotic|Protect\n|move|p2b: Blastoise|Aura Sphere|p1a: Archaludon\n|-supereffective|p1a: Archaludon|1\n|-damage|p1a: Archaludon|0 fnt\n|faint|p1a: Archaludon\n|move|p2a: Meowstic|Expanding Force|p1b: Milotic\n|-activate|p1b: Milotic|move: Protect\n|\n|-weather|SunnyDay|[upkeep]\n|upkeep\n|\n|t:|1776444460\n|switch|p1a: Pelipper|Pelipper, L50, F|40/100\n|-weather|RainDance|[from] ability: Drizzle|[of] p1a: Pelipper\n|turn|7\n|\n|t:|1776444473\n|move|p2b: Blastoise|Aura Sphere|p1b: Milotic\n|-damage|p1b: Milotic|0 fnt\n|faint|p1b: Milotic\n|move|p2a: Meowstic|Expanding Force|p1a: Pelipper\n|-damage|p1a: Pelipper|3/100\n|move|p1a: Pelipper|Tailwind|p1a: Pelipper\n|-sidestart|p1: Catapulta_1|move: Tailwind\n|\n|-weather|RainDance|[upkeep]\n|upkeep\n|\n|t:|1776444481\n|switch|p1b: Gengar|Gengar, L50, M|100/100\n|turn|8\n|\n|t:|1776444515\n|detailschange|p1b: Gengar|Gengar-Mega, L50, M\n|-mega|p1b: Gengar|Gengar|Gengarite\n|move|p1a: Pelipper|Protect|p1a: Pelipper\n|-singleturn|p1a: Pelipper|Protect\n|move|p1b: Gengar|Thunder|p2b: Blastoise\n|-supereffective|p2b: Blastoise|1\n|-damage|p2b: Blastoise|0 fnt\n|faint|p2b: Blastoise\n|move|p2a: Meowstic|Expanding Force|p1b: Gengar\n|-supereffective|p1b: Gengar|1\n|-damage|p1b: Gengar|7/100\n|\n|-weather|RainDance|[upkeep]\n|upkeep\n|\n|t:|1776444519\n|switch|p2b: Typhlosion|Typhlosion-Hisui, L50, F|47/100\n|-item|p1b: Gengar|Gengarite|[from] ability: Frisk|[of] p2b: Typhlosion\n|turn|9\n|\n|t:|1776444538\n|move|p1b: Gengar|Shadow Ball|p2a: Meowstic\n|-supereffective|p2a: Meowstic|1\n|-damage|p2a: Meowstic|0 fnt\n|faint|p2a: Meowstic\n|move|p2b: Typhlosion|Shadow Ball|p1a: Pelipper\n|-crit|p1a: Pelipper\n|-damage|p1a: Pelipper|0 fnt\n|faint|p1a: Pelipper\n|\n|-weather|RainDance|[upkeep]\n|upkeep\n|turn|10\n|-message|koplus forfeited.\n|\n|win|Catapulta_1\n|raw|Catapulta_1's rating: 1147 &rarr; <strong>1173</strong><br />(+26 for winning)\n|raw|koplus's rating: 1154 &rarr; <strong>1128</strong><br />(-26 for losing)\n|l|\u2606koplus\n|player|p2|\n",
  "uploadtime": 1776444709,
  "views": 28,
  "formatid": "gen9championsvgc2026regma",
  "rating": 1128,
  "private": 0,
  "password": null
}