{
  "id": "gen9championsvgc2026regma-2584239198",
  "format": "[Gen 9 Champions] VGC 2026 Reg M-A",
  "players": [
    "PlazaRayquaza",
    "xfggv5"
  ],
  "log": "|j|\u2606PlazaRayquaza\n|j|\u2606xfggv5\n|t:|1776241962\n|gametype|doubles\n|player|p1|PlazaRayquaza|calem-masters|1418\n|player|p2|xfggv5|266|1416\n|gen|9\n|tier|[Gen 9 Champions] VGC 2026 Reg M-A\n|rated|\n|rule|Species Clause: Limit one of each Pok\u00e9mon\n|rule|Item Clause: Limit 1 of each item\n|clearpoke\n|poke|p1|Delphox, L50, M|\n|poke|p1|Farigiraf, L50, F|\n|poke|p1|Mamoswine, L50, M|\n|poke|p1|Pangoro, L50, M|\n|poke|p1|Lycanroc-Dusk, L50, M|\n|poke|p1|Talonflame, L50, M|\n|poke|p2|Tyranitar, L50, F|\n|poke|p2|Incineroar, L50, M|\n|poke|p2|Gengar, L50, F|\n|poke|p2|Kingambit, L50, F|\n|poke|p2|Kommo-o, L50, F|\n|poke|p2|Sinistcha, L50|\n|teampreview|4\nxfggv5 rejected open team sheets.\n|\n|t:|1776241993\n|teamsize|p1|4\n|teamsize|p2|4\n|start\n|switch|p1a: WizardOfOz|Delphox, L50, M, shiny|100/100\n|switch|p1b: Mamon|Mamoswine, L50, M|100/100\n|switch|p2a: Gengar|Gengar, L50, F|100/100\n|switch|p2b: Incineroar|Incineroar, L50, M|100/100\n|-ability|p2b: Incineroar|Intimidate|boost\n|-unboost|p1a: WizardOfOz|atk|1\n|-fail|p1b: Mamon|unboost|Attack|[from] ability: Oblivious|[of] p1b: Mamon\n|turn|1\n|\n|t:|1776242003\n|switch|p1a: Escalator|Farigiraf, L50, F, shiny|100/100\n|detailschange|p2a: Gengar|Gengar-Mega, L50, F\n|-mega|p2a: Gengar|Gengar|Gengarite\n|move|p2b: Incineroar|Fake Out||[still]\n|cant|p1a: Escalator|ability: Armor Tail|Fake Out|[of] p2b: Incineroar\n|move|p1b: Mamon|Earthquake|p2a: Gengar|[spread] p1a,p2a,p2b\n|-supereffective|p2a: Gengar|1\n|-supereffective|p2b: Incineroar|1\n|-enditem|p2b: Incineroar|Shuca Berry|[eat]\n|-enditem|p2b: Incineroar|Shuca Berry|[weaken]\n|-damage|p1a: Escalator|67/100\n|-damage|p2a: Gengar|10/100\n|-damage|p2b: Incineroar|67/100\n|move|p2a: Gengar|Perish Song|p2a: Gengar\n|-start|p1a: Escalator|perish3|[silent]\n|-start|p1b: Mamon|perish3|[silent]\n|-start|p2a: Gengar|perish3|[silent]\n|-start|p2b: Incineroar|perish3|[silent]\n|-fieldactivate|move: Perish Song\n|\n|-start|p1b: Mamon|perish3\n|-start|p2a: Gengar|perish3\n|-start|p2b: Incineroar|perish3\n|-start|p1a: Escalator|perish3\n|upkeep\n|turn|2\n|\n|t:|1776242016\n|move|p2a: Gengar|Protect|p2a: Gengar\n|-singleturn|p2a: Gengar|Protect\n|move|p1a: Escalator|Protect|p1a: Escalator\n|-singleturn|p1a: Escalator|Protect\n|move|p2b: Incineroar|Protect|p2b: Incineroar\n|-singleturn|p2b: Incineroar|Protect\n|move|p1b: Mamon|Earthquake|p2a: Gengar|[spread] \n|-activate|p1a: Escalator|move: Protect\n|-activate|p2a: Gengar|move: Protect\n|-activate|p2b: Incineroar|move: Protect\n|\n|-start|p1b: Mamon|perish2\n|-start|p2a: Gengar|perish2\n|-start|p2b: Incineroar|perish2\n|-start|p1a: Escalator|perish2\n|upkeep\n|turn|3\n|\n|t:|1776242027\n|switch|p2a: Sinistcha|Sinistcha, L50|100/100\n|-heal|p2b: Incineroar|92/100|[from] ability: Hospitality|[of] p2a: Sinistcha\n|move|p1b: Mamon|Earthquake|p2a: Sinistcha|[spread] p1a,p2a,p2b\n|-resisted|p2a: Sinistcha|1\n|-supereffective|p2b: Incineroar|1\n|-damage|p1a: Escalator|35/100\n|-damage|p2a: Sinistcha|84/100\n|-damage|p2b: Incineroar|28/100\n|-enditem|p1a: Escalator|Sitrus Berry|[eat]\n|-heal|p1a: Escalator|60/100|[from] item: Sitrus Berry\n|move|p2b: Incineroar|Parting Shot|p1b: Mamon\n|-unboost|p1b: Mamon|atk|1\n|-unboost|p1b: Mamon|spa|1\n|\n|t:|1776242041\n|switch|p2b: Gengar|Gengar-Mega, L50, F|10/100|[from] Parting Shot\n|move|p1a: Escalator|Imprison|p1a: Escalator\n|-start|p1a: Escalator|move: Imprison\n|\n|-start|p1b: Mamon|perish1\n|-start|p1a: Escalator|perish1\n|upkeep\n|turn|4\n|\n|t:|1776242055\n|switch|p2b: Kingambit|Kingambit, L50, F|100/100\n|move|p1b: Mamon|Earthquake|p2a: Sinistcha|[spread] p1a,p2a,p2b\n|-resisted|p2a: Sinistcha|1\n|-supereffective|p2b: Kingambit|1\n|-damage|p1a: Escalator|37/100\n|-damage|p2a: Sinistcha|72/100\n|-damage|p2b: Kingambit|64/100\n|move|p2a: Sinistcha|Life Dew|p2a: Sinistcha|[spread] p2a,p2b\n|-heal|p2a: Sinistcha|97/100\n|-heal|p2b: Kingambit|89/100\n|move|p1a: Escalator|Psychic Noise|p2a: Sinistcha\n|-damage|p2a: Sinistcha|64/100\n|-start|p2a: Sinistcha|move: Heal Block\n|\n|-start|p1b: Mamon|perish0\n|-start|p1a: Escalator|perish0\n|upkeep\n|faint|p1b: Mamon\n|faint|p1a: Escalator\n|\n|t:|1776242059\n|switch|p1b: Po|Pangoro, L50, M, shiny|100/100\n|switch|p1a: WizardOfOz|Delphox, L50, M, shiny|100/100\n|turn|5\n|\n|t:|1776242094\n|switch|p2a: Incineroar|Incineroar, L50, M|28/100\n|-ability|p2a: Incineroar|Intimidate|boost\n|-unboost|p1a: WizardOfOz|atk|1\n|-fail|p1b: Po|unboost|Attack|[from] ability: Scrappy|[of] p1b: Po\n|detailschange|p1a: WizardOfOz|Delphox-Mega, L50, M, shiny\n|-mega|p1a: WizardOfOz|Delphox|Delphoxite\n|move|p1a: WizardOfOz|Protect|p1a: WizardOfOz\n|-singleturn|p1a: WizardOfOz|Protect\n|move|p2b: Kingambit|Protect|p2b: Kingambit\n|-singleturn|p2b: Kingambit|Protect\n|move|p1b: Po|Knock Off|p2a: Incineroar\n|-resisted|p2a: Incineroar|1\n|-damage|p2a: Incineroar|12/100\n|\n|upkeep\n|turn|6\n|\n|t:|1776242113\n|switch|p2b: Sinistcha|Sinistcha, L50|64/100\n|-heal|p2a: Incineroar|37/100|[from] ability: Hospitality|[of] p2b: Sinistcha\n|move|p1a: WizardOfOz|Protect||[still]\n|-fail|p1a: WizardOfOz\n|move|p1b: Po|Protect|p1b: Po\n|-singleturn|p1b: Po|Protect\n|move|p2a: Incineroar|Fake Out|p1a: WizardOfOz\n|-damage|p1a: WizardOfOz|84/100\n|\n|upkeep\n|turn|7\n|\n|t:|1776242157\n|move|p2b: Sinistcha|Rage Powder|p2b: Sinistcha\n|-singleturn|p2b: Sinistcha|move: Rage Powder\n|move|p1a: WizardOfOz|Heat Wave|p2b: Sinistcha|[spread] p2a,p2b\n|-resisted|p2a: Incineroar|1\n|-crit|p2a: Incineroar\n|-supereffective|p2b: Sinistcha|1\n|-damage|p2a: Incineroar|11/100\n|-damage|p2b: Sinistcha|0 fnt\n|faint|p2b: Sinistcha\n|move|p1b: Po|Close Combat|p2a: Incineroar\n|-supereffective|p2a: Incineroar|1\n|-damage|p2a: Incineroar|0 fnt\n|-unboost|p1b: Po|def|1\n|-unboost|p1b: Po|spd|1\n|faint|p2a: Incineroar\n|\n|upkeep\n|\n|t:|1776242165\n|switch|p2b: Gengar|Gengar-Mega, L50, F|10/100\n|switch|p2a: Kingambit|Kingambit, L50, F|89/100\n|turn|8\n|\n|t:|1776242175\n|move|p1a: WizardOfOz|Protect|p1a: WizardOfOz\n|-singleturn|p1a: WizardOfOz|Protect\n|move|p2a: Kingambit|Sucker Punch||[still]\n|-fail|p2a: Kingambit\n|move|p2b: Gengar|Shadow Ball|p1a: WizardOfOz\n|-activate|p1a: WizardOfOz|move: Protect\n|move|p1b: Po|Close Combat|p2a: Kingambit\n|-supereffective|p2a: Kingambit|2\n|-enditem|p2a: Kingambit|Chople Berry|[eat]\n|-enditem|p2a: Kingambit|Chople Berry|[weaken]\n|-damage|p2a: Kingambit|0 fnt\n|-unboost|p1b: Po|def|1\n|-unboost|p1b: Po|spd|1\n|faint|p2a: Kingambit\n|\n|upkeep\n|turn|9\n|-message|xfggv5 forfeited.\n|\n|win|PlazaRayquaza\n|raw|PlazaRayquaza's rating: 1418 &rarr; <strong>1438</strong><br />(+20 for winning)\n|raw|xfggv5's rating: 1416 &rarr; <strong>1396</strong><br />(-20 for losing)\n|l|\u2606xfggv5\n|player|p2|\n",
  "uploadtime": 1776242191,
  "views": 44,
  "formatid": "gen9championsvgc2026regma",
  "rating": 1396,
  "private": 0,
  "password": null
}