{
  "id": "gen9championsvgc2026regma-2581453741",
  "format": "[Gen 9 Champions] VGC 2026 Reg M-A",
  "players": [
    "Shulkmania",
    "vinvgc"
  ],
  "log": "|j|\u2606Shulkmania\n|j|\u2606vinvgc\n|t:|1776001952\n|gametype|doubles\n|player|p1|Shulkmania|gardenia-masters|\n|player|p2|vinvgc|hugh|\n|gen|9\n|tier|[Gen 9 Champions] VGC 2026 Reg M-A\n|rule|Species Clause: Limit one of each Pok\u00e9mon\n|rule|Item Clause: Limit 1 of each item\n|clearpoke\n|poke|p1|Incineroar, L50, M|\n|poke|p1|Trevenant, L50, F|\n|poke|p1|Rotom-Heat, L50|\n|poke|p1|Dragonite, L50, F|\n|poke|p1|Slowbro, L50, F|\n|poke|p1|Dragapult, L50, M|\n|poke|p2|Trevenant, L50, F|\n|poke|p2|Corviknight, L50, F|\n|poke|p2|Volcarona, L50, F|\n|poke|p2|Excadrill, L50, M|\n|poke|p2|Gardevoir, L50, F|\n|poke|p2|Slowbro, L50, M|\n|teampreview|4\n|inactive|Battle timer is ON: inactive players will automatically lose when time's up. (requested by Shulkmania)\n|inactive|vinvgc also wants the timer to be on.\n|inactive|Shulkmania no longer wants the timer on, but the timer is staying on because vinvgc still does.\nShulkmania has agreed to open team sheets.\nvinvgc has agreed to open team sheets.\n|showteam|p1|Incineroar||SitrusBerry|Blaze|DarkestLariat,Thief,Reversal,Bulldoze|||M|||50|]Trevenant||Leftovers|Harvest|HornLeech,LeechSeed,ShadowPunch,ShadowClaw|||F|||50|]Rotom-Heat||ChoiceScarf|Levitate|Overheat,Trick,PainSplit,LightScreen||||||50|]Dragonite||Dragoninite|InnerFocus|DragonClaw,ExtremeSpeed,Roost,DragonDance|||F|||50|]Slowbro||Slowbronite|Oblivious|Psychic,Scald,Yawn,TrickRoom|||F|||50|]Dragapult||FocusSash|Infiltrator|DragonDarts,PhantomForce,Bite,DoubleHit|||M|||50|\n|showteam|p2|Trevenant||SitrusBerry|Harvest|HornLeech,LeechSeed,ShadowClaw,ShadowPunch|||F|||50|]Corviknight||Leftovers|MirrorArmor|BodyPress,IronDefense,IronHead,Roost|||F|||50|]Volcarona||LumBerry|FlameBody|FieryDance,SunnyDay,FireSpin,WillOWisp|||F|||50|]Excadrill||FocusSash|SandRush|Earthquake,BrickBreak,Bulldoze,Substitute|||M|||50|]Gardevoir||Gardevoirite|Trace|Psyshock,DazzlingGleam,MysticalFire,Protect|||F|||50|]Slowbro||Slowbronite|Oblivious|Psychic,Scald,Yawn,TrickRoom|||M|||50|\n|inactive|vinvgc has 60 seconds left.\n|inactive|vinvgc has 30 seconds left.\n|\n|t:|1776002013\n|teamsize|p1|4\n|teamsize|p2|4\n|start\n|switch|p1a: Slowbro|Slowbro, L50, F|100/100\n|switch|p1b: Incineroar|Incineroar, L50, M|100/100\n|switch|p2a: Excadrill|Excadrill, L50, M|100/100\n|switch|p2b: Corviknight|Corviknight, L50, F|100/100\n|turn|1\n|inactive|vinvgc has 30 seconds left.\n|\n|t:|1776002042\n|detailschange|p1a: Slowbro|Slowbro-Mega, L50, F\n|-mega|p1a: Slowbro|Slowbro|Slowbronite\n|move|p2a: Excadrill|Bulldoze|p1a: Slowbro|[spread] p1a,p1b\n|-immune|p2b: Corviknight\n|-supereffective|p1b: Incineroar|1\n|-crit|p1b: Incineroar\n|-damage|p1a: Slowbro|87/100\n|-damage|p1b: Incineroar|26/100\n|-unboost|p1a: Slowbro|spe|1\n|-unboost|p1b: Incineroar|spe|1\n|-enditem|p1b: Incineroar|Sitrus Berry|[eat]\n|-heal|p1b: Incineroar|51/100|[from] item: Sitrus Berry\n|move|p2b: Corviknight|Iron Defense|p2b: Corviknight\n|-boost|p2b: Corviknight|def|2\n|move|p1b: Incineroar|Reversal|p2a: Excadrill\n|-supereffective|p2a: Excadrill|1\n|-damage|p2a: Excadrill|67/100\n|move|p1a: Slowbro|Trick Room|p1a: Slowbro\n|-fieldstart|move: Trick Room|[of] p1a: Slowbro\n|\n|upkeep\n|turn|2\n|inactive|vinvgc has 30 seconds left.\n|inactive|vinvgc has 20 seconds left.\n|inactive|vinvgc has 15 seconds left.\n|\n|t:|1776002082\n|move|p1a: Slowbro|Scald|p2a: Excadrill\n|-supereffective|p2a: Excadrill|1\n|-damage|p2a: Excadrill|0 fnt\n|faint|p2a: Excadrill\n|move|p1b: Incineroar|Darkest Lariat|p2b: Corviknight\n|-damage|p2b: Corviknight|74/100\n|move|p2b: Corviknight|Iron Defense|p2b: Corviknight\n|-boost|p2b: Corviknight|def|2\n|\n|-heal|p2b: Corviknight|80/100|[from] item: Leftovers\n|upkeep\n|\n|t:|1776002104\n|switch|p2a: Volcarona|Volcarona, L50, F|100/100\n|turn|3\n|\n|t:|1776002111\n|move|p1a: Slowbro|Scald|p2b: Corviknight\n|-damage|p2b: Corviknight|29/100\n|move|p1b: Incineroar|Darkest Lariat|p2b: Corviknight\n|-damage|p2b: Corviknight|3/100\n|move|p2b: Corviknight|Body Press|p1b: Incineroar\n|-supereffective|p1b: Incineroar|1\n|-damage|p1b: Incineroar|0 fnt\n|faint|p1b: Incineroar\n|move|p2a: Volcarona|Sunny Day|p2a: Volcarona\n|-weather|SunnyDay\n|\n|-weather|SunnyDay|[upkeep]\n|-heal|p2b: Corviknight|9/100|[from] item: Leftovers\n|upkeep\n|\n|t:|1776002132\n|switch|p1b: Dragonite|Dragonite, L50, F, shiny|100/100\n|turn|4\n|\n|t:|1776002151\n|move|p1a: Slowbro|Scald|p2b: Corviknight\n|-damage|p2b: Corviknight|0 fnt\n|faint|p2b: Corviknight\n|move|p2a: Volcarona|Will-O-Wisp|p1b: Dragonite\n|-status|p1b: Dragonite|brn\n|move|p1b: Dragonite|Dragon Dance|p1b: Dragonite\n|-boost|p1b: Dragonite|atk|1\n|-boost|p1b: Dragonite|spe|1\n|\n|-weather|SunnyDay|[upkeep]\n|-damage|p1b: Dragonite|95/100 brn|[from] brn\n|upkeep\n|\n|t:|1776002159\n|switch|p2b: Gardevoir|Gardevoir, L50, F|100/100\n|-ability|p2b: Gardevoir|Shell Armor|Trace|[from] ability: Trace|[of] p1a: Slowbro\n|turn|5\n|\n|t:|1776002184\n|move|p2b: Gardevoir|Protect|p2b: Gardevoir\n|-singleturn|p2b: Gardevoir|Protect\n|move|p1b: Dragonite|Extreme Speed|p2a: Volcarona\n|-damage|p2a: Volcarona|61/100\n|move|p1a: Slowbro|Yawn|p2b: Gardevoir\n|-activate|p2b: Gardevoir|move: Protect\n|move|p2a: Volcarona|Fire Spin|p1b: Dragonite\n|-resisted|p1b: Dragonite|1\n|-damage|p1b: Dragonite|78/100 brn\n|-activate|p1b: Dragonite|move: Fire Spin|[of] p2a: Volcarona\n|\n|-weather|SunnyDay|[upkeep]\n|-damage|p1b: Dragonite|72/100 brn|[from] brn\n|-damage|p1b: Dragonite|59/100 brn|[from] move: Fire Spin|[partiallytrapped]\n|-fieldend|move: Trick Room\n|upkeep\n|turn|6\n|\n|t:|1776002203\n|detailschange|p2b: Gardevoir|Gardevoir-Mega, L50, F\n|-mega|p2b: Gardevoir|Gardevoir|Gardevoirite\n|move|p1b: Dragonite|Extreme Speed|p2a: Volcarona\n|-damage|p2a: Volcarona|25/100\n|move|p2b: Gardevoir|Dazzling Gleam|p1b: Dragonite|[spread] p1a,p1b\n|-supereffective|p1b: Dragonite|1\n|-damage|p1a: Slowbro|41/100\n|-damage|p1b: Dragonite|0 fnt\n|faint|p1b: Dragonite\n|move|p2a: Volcarona|Fire Spin|p1a: Slowbro|[miss]\n|-miss|p2a: Volcarona|p1a: Slowbro\n|move|p1a: Slowbro|Trick Room|p1a: Slowbro\n|-fieldstart|move: Trick Room|[of] p1a: Slowbro\n|\n|-weather|SunnyDay|[upkeep]\n|upkeep\n|\n|t:|1776002214\n|switch|p1b: Dragapult|Dragapult, L50, M|100/100\n|turn|7\n|\n|t:|1776002231\n|move|p1a: Slowbro|Scald|p2a: Volcarona\n|-supereffective|p2a: Volcarona|1\n|-damage|p2a: Volcarona|0 fnt\n|faint|p2a: Volcarona\n|move|p1b: Dragapult|Phantom Force||[still]\n|-prepare|p1b: Dragapult|Phantom Force\n|move|p2b: Gardevoir|Dazzling Gleam|p1b: Dragapult|[spread] p1a\n|-miss|p2b: Gardevoir|p1b: Dragapult\n|-damage|p1a: Slowbro|0 fnt\n|faint|p1a: Slowbro\n|\n|-weather|none\n|upkeep\n|turn|8\n|\n|t:|1776002247\n|move|p1b: Dragapult|Phantom Force|p2b: Gardevoir|[from] lockedmove\n|-supereffective|p2b: Gardevoir|1\n|-crit|p2b: Gardevoir\n|-damage|p2b: Gardevoir|0 fnt\n|faint|p2b: Gardevoir\n|\n|win|Shulkmania\n|l|\u2606Shulkmania\n|player|p1|\n",
  "uploadtime": 1776002815,
  "views": 15,
  "formatid": "gen9championsvgc2026regma",
  "rating": null,
  "private": 0,
  "password": null
}