{
  "id": "gen9championsvgc2026regma-2586333002",
  "format": "[Gen 9 Champions] VGC 2026 Reg M-A",
  "players": [
    "25528989d",
    "sirglizzi"
  ],
  "log": "|j|\u260625528989d\n|j|\u2606sirglizzi\n|t:|1776426187\n|gametype|doubles\n|player|p1|25528989d|roxie-masters|1148\n|player|p2|sirglizzi|170|1101\n|gen|9\n|tier|[Gen 9 Champions] VGC 2026 Reg M-A\n|rated|\n|rule|Species Clause: Limit one of each Pok\u00e9mon\n|rule|Item Clause: Limit 1 of each item\n|clearpoke\n|poke|p1|Charizard, L50, F|\n|poke|p1|Tyranitar, L50, F|\n|poke|p1|Gyarados, L50, F|\n|poke|p1|Garchomp, L50, M|\n|poke|p1|Rotom-Mow, L50|\n|poke|p1|Lucario, L50, F|\n|poke|p2|Sneasler, L50, M|\n|poke|p2|Lucario, L50, M|\n|poke|p2|Garchomp, L50, M|\n|poke|p2|Umbreon, L50, M|\n|poke|p2|Whimsicott, L50, F|\n|poke|p2|Tyranitar, L50, M|\n|teampreview|4\n|inactive|Battle timer is ON: inactive players will automatically lose when time's up. (requested by sirglizzi)\n|inactive|25528989d has 60 seconds left.\n|inactive|sirglizzi has 60 seconds left.\n|\n|t:|1776426243\n|teamsize|p1|4\n|teamsize|p2|4\n|start\n|switch|p1a: Lucario|Lucario, L50, F|100/100\n|switch|p1b: Charizard|Charizard, L50, F|100/100\n|switch|p2a: Sneasler|Sneasler, L50, M|100/100\n|switch|p2b: Garchomp|Garchomp, L50, M|100/100\n|turn|1\n|\n|t:|1776426264\n|switch|p1a: Gyarados|Gyarados, L50, F|100/100\n|-ability|p1a: Gyarados|Intimidate|boost\n|-unboost|p2a: Sneasler|atk|1\n|-unboost|p2b: Garchomp|atk|1\n|-enditem|p2a: Sneasler|White Herb\n|-clearnegativeboost|p2a: Sneasler|[silent]\n|detailschange|p1b: Charizard|Charizard-Mega-Y, L50, F\n|-mega|p1b: Charizard|Charizard|Charizardite Y\n|-weather|SunnyDay|[from] ability: Drought|[of] p1b: Charizard\n|move|p2a: Sneasler|Close Combat|p1a: Gyarados\n|-resisted|p1a: Gyarados|1\n|-damage|p1a: Gyarados|68/100\n|-unboost|p2a: Sneasler|def|1\n|-unboost|p2a: Sneasler|spd|1\n|move|p2b: Garchomp|Rock Slide|p1b: Charizard|[spread] p1a,p1b\n|-supereffective|p1a: Gyarados|1\n|-supereffective|p1b: Charizard|2\n|-damage|p1a: Gyarados|45/100\n|-damage|p1b: Charizard|35/100\n|move|p1b: Charizard|Heat Wave|p2a: Sneasler|[spread] p2a,p2b\n|-resisted|p2b: Garchomp|1\n|-damage|p2a: Sneasler|0 fnt\n|-damage|p2b: Garchomp|63/100\n|faint|p2a: Sneasler\n|\n|-weather|SunnyDay|[upkeep]\n|upkeep\n|\n|t:|1776426283\n|switch|p2a: Lucario|Lucario, L50, M|100/100\n|turn|2\n|\n|t:|1776426304\n|switch|p1a: Lucario|Lucario, L50, F|100/100\n|detailschange|p2a: Lucario|Lucario-Mega, L50, M\n|-mega|p2a: Lucario|Lucario|Lucarionite\n|move|p1b: Charizard|Protect|p1b: Charizard\n|-singleturn|p1b: Charizard|Protect\n|move|p2b: Garchomp|Rock Slide|p1a: Lucario|[spread] \n|-activate|p1b: Charizard|move: Protect\n|-miss|p2b: Garchomp|p1a: Lucario\n|move|p2a: Lucario|Meteor Mash|p1b: Charizard\n|-activate|p1b: Charizard|move: Protect\n|\n|-weather|SunnyDay|[upkeep]\n|upkeep\n|turn|3\n|inactive|25528989d has 30 seconds left.\n|inactive|25528989d has 20 seconds left.\n|\n|t:|1776426343\n|move|p2b: Garchomp|Rock Slide|p1a: Lucario|[spread] p1a,p1b\n|-resisted|p1a: Lucario|2\n|-supereffective|p1b: Charizard|2\n|-damage|p1a: Lucario|94/100\n|-damage|p1b: Charizard|0 fnt\n|faint|p1b: Charizard\n|move|p2a: Lucario|Close Combat|p1a: Lucario\n|-supereffective|p1a: Lucario|1\n|-damage|p1a: Lucario|0 fnt\n|-unboost|p2a: Lucario|def|1\n|-unboost|p2a: Lucario|spd|1\n|faint|p1a: Lucario\n|\n|-weather|SunnyDay|[upkeep]\n|upkeep\n|\n|t:|1776426350\n|switch|p1a: Gyarados|Gyarados, L50, F|45/100\n|switch|p1b: Garchomp|Garchomp, L50, M|100/100\n|-ability|p1a: Gyarados|Intimidate|boost\n|-unboost|p2a: Lucario|atk|1\n|-unboost|p2b: Garchomp|atk|1\n|turn|4\n|\n|t:|1776426359\n|switch|p2b: Umbreon|Umbreon, L50, M|100/100\n|move|p1a: Gyarados|Helping Hand|p1b: Garchomp\n|-singleturn|p1b: Garchomp|Helping Hand|[of] p1a: Gyarados\n|move|p2a: Lucario|Protect|p2a: Lucario\n|-singleturn|p2a: Lucario|Protect\n|move|p1b: Garchomp|Earthquake|p2a: Lucario|[spread] p2b\n|-activate|p2a: Lucario|move: Protect\n|-immune|p1a: Gyarados\n|-damage|p2b: Umbreon|61/100\n|\n|-weather|SunnyDay|[upkeep]\n|-heal|p2b: Umbreon|67/100|[from] item: Leftovers\n|upkeep\n|turn|5\n|\n|t:|1776426374\n|switch|p2a: Garchomp|Garchomp, L50, M|63/100\n|move|p1a: Gyarados|Helping Hand|p1b: Garchomp\n|-singleturn|p1b: Garchomp|Helping Hand|[of] p1a: Gyarados\n|move|p1b: Garchomp|Earthquake|p2a: Garchomp|[spread] p2a,p2b\n|-immune|p1a: Gyarados\n|-damage|p2a: Garchomp|0 fnt\n|-damage|p2b: Umbreon|24/100\n|faint|p2a: Garchomp\n|move|p2b: Umbreon|Foul Play|p1b: Garchomp\n|-damage|p1b: Garchomp|45/100\n|\n|-weather|none\n|-heal|p2b: Umbreon|30/100|[from] item: Leftovers\n|upkeep\n|\n|t:|1776426386\n|switch|p2a: Lucario|Lucario-Mega, L50, M|100/100\n|turn|6\n|\n|t:|1776426396\n|move|p1a: Gyarados|Helping Hand|p1b: Garchomp\n|-singleturn|p1b: Garchomp|Helping Hand|[of] p1a: Gyarados\n|move|p1b: Garchomp|Earthquake|p2a: Lucario|[spread] p2a,p2b\n|-immune|p1a: Gyarados\n|-supereffective|p2a: Lucario|1\n|-crit|p2b: Umbreon\n|-damage|p2a: Lucario|0 fnt\n|-damage|p2b: Umbreon|0 fnt\n|faint|p2a: Lucario\n|faint|p2b: Umbreon\n|\n|win|25528989d\n|raw|25528989d's rating: 1148 &rarr; <strong>1170</strong><br />(+22 for winning)\n|raw|sirglizzi's rating: 1101 &rarr; <strong>1079</strong><br />(-22 for losing)\n",
  "uploadtime": 1776426396,
  "views": 26,
  "formatid": "gen9championsvgc2026regma",
  "rating": 1079,
  "private": 0,
  "password": null
}