{
  "id": "gen9championsvgc2026regma-2581064451",
  "format": "[Gen 9 Champions] VGC 2026 Reg M-A",
  "players": [
    "bigsjt",
    "CappyCappy"
  ],
  "log": "|j|\u2606bigsjt\n|j|\u2606CappyCappy\n|t:|1775956490\n|gametype|doubles\n|player|p1|bigsjt|2|1082\n|player|p2|CappyCappy|miku-fairy|1043\n|gen|9\n|tier|[Gen 9 Champions] VGC 2026 Reg M-A\n|rated|\n|rule|Species Clause: Limit one of each Pok\u00e9mon\n|rule|Item Clause: Limit 1 of each item\n|clearpoke\n|poke|p1|Archaludon, L50, M|\n|poke|p1|Pelipper, L50, M|\n|poke|p1|Basculegion, L50, M|\n|poke|p1|Incineroar, L50, F|\n|poke|p1|Meganium, L50, M|\n|poke|p1|Sneasler, L50, F|\n|poke|p2|Politoed, L50, M|\n|poke|p2|Gengar, L50, M|\n|poke|p2|Sinistcha, L50|\n|poke|p2|Tyranitar, L50, F|\n|poke|p2|Goodra-Hisui, L50, M|\n|poke|p2|Incineroar, L50, F|\n|teampreview|4\n|inactive|Battle timer is ON: inactive players will automatically lose when time's up. (requested by CappyCappy)\nCappyCappy rejected open team sheets.\n|\n|t:|1775956522\n|teamsize|p1|4\n|teamsize|p2|4\n|start\n|switch|p1a: Meganium|Meganium, L50, M|100/100\n|switch|p1b: Incineroar|Incineroar, L50, F|100/100\n|switch|p2a: Gengar|Gengar, L50, M, shiny|100/100\n|switch|p2b: Sinistcha|Sinistcha, L50|100/100\n|-ability|p1b: Incineroar|Intimidate|boost\n|-unboost|p2a: Gengar|atk|1\n|-unboost|p2b: Sinistcha|atk|1\n|turn|1\n|inactive|bigsjt has 30 seconds left.\n|inactive|bigsjt has 20 seconds left.\n|inactive|bigsjt has 15 seconds left.\n|inactive|bigsjt has 10 seconds left.\n|\n|t:|1775956570\n|detailschange|p2a: Gengar|Gengar-Mega, L50, M, shiny\n|-mega|p2a: Gengar|Gengar|Gengarite\n|detailschange|p1a: Meganium|Meganium-Mega, L50, M\n|-mega|p1a: Meganium|Meganium|Meganiumite\n|move|p1a: Meganium|Protect|p1a: Meganium\n|-singleturn|p1a: Meganium|Protect\n|move|p2b: Sinistcha|Rage Powder|p2b: Sinistcha\n|-singleturn|p2b: Sinistcha|move: Rage Powder\n|move|p2a: Gengar|Perish Song|p2a: Gengar\n|-start|p1a: Meganium|perish3|[silent]\n|-start|p1b: Incineroar|perish3|[silent]\n|-start|p2a: Gengar|perish3|[silent]\n|-start|p2b: Sinistcha|perish3|[silent]\n|-fieldactivate|move: Perish Song\n|move|p1b: Incineroar|Flare Blitz|p2b: Sinistcha\n|-supereffective|p2b: Sinistcha|1\n|-damage|p2b: Sinistcha|23/100\n|-damage|p1b: Incineroar|78/100|[from] Recoil\n|\n|-start|p2a: Gengar|perish3\n|-start|p1a: Meganium|perish3\n|-start|p2b: Sinistcha|perish3\n|-start|p1b: Incineroar|perish3\n|upkeep\n|turn|2\n|\n|t:|1775956588\n|move|p2a: Gengar|Protect|p2a: Gengar\n|-singleturn|p2a: Gengar|Protect\n|move|p2b: Sinistcha|Protect|p2b: Sinistcha\n|-singleturn|p2b: Sinistcha|Protect\n|move|p1a: Meganium|Dazzling Gleam|p2b: Sinistcha|[spread] \n|-activate|p2a: Gengar|move: Protect\n|-activate|p2b: Sinistcha|move: Protect\n|move|p1b: Incineroar|Parting Shot|p2a: Gengar\n|-activate|p2a: Gengar|move: Protect\n|\n|-start|p2a: Gengar|perish2\n|-start|p1a: Meganium|perish2\n|-start|p2b: Sinistcha|perish2\n|-start|p1b: Incineroar|perish2\n|upkeep\n|turn|3\n|inactive|bigsjt has 30 seconds left.\n|inactive|CappyCappy has 30 seconds left.\n|\n|t:|1775956616\n|switch|p2b: Politoed|Politoed, L50, M|100/100\n|-weather|RainDance|[from] ability: Drizzle|[of] p2b: Politoed\n|move|p2a: Gengar|Sludge Bomb|p1a: Meganium\n|-supereffective|p1a: Meganium|2\n|-damage|p1a: Meganium|0 fnt\n|faint|p1a: Meganium\n|move|p1b: Incineroar|Parting Shot|p2a: Gengar\n|-unboost|p2a: Gengar|atk|1\n|-unboost|p2a: Gengar|spa|1\n|\n|t:|1775956628\n|switch|p1b: Pelipper|Pelipper, L50, M|100/100|[from] Parting Shot\n|\n|-weather|RainDance|[upkeep]\n|-start|p2a: Gengar|perish1\n|upkeep\n|\n|t:|1775956631\n|switch|p1a: Archaludon|Archaludon, L50, M|100/100\n|turn|4\n|\n|t:|1775956644\n|switch|p2a: Tyranitar|Tyranitar, L50, F|100/100\n|-ability|p2a: Tyranitar|Unnerve\n|move|p1b: Pelipper|Tailwind|p1b: Pelipper\n|-sidestart|p1: bigsjt|move: Tailwind\n|move|p1a: Archaludon|Electro Shot||[still]\n|-prepare|p1a: Archaludon|Electro Shot\n|-boost|p1a: Archaludon|spa|1\n|-anim|p1a: Archaludon|Electro Shot|p2b: Politoed\n|-supereffective|p2b: Politoed|1\n|-damage|p2b: Politoed|12/100\n|move|p2b: Politoed|Perish Song|p2b: Politoed\n|-start|p1a: Archaludon|perish3|[silent]\n|-start|p1b: Pelipper|perish3|[silent]\n|-start|p2a: Tyranitar|perish3|[silent]\n|-start|p2b: Politoed|perish3|[silent]\n|-fieldactivate|move: Perish Song\n|\n|-weather|RainDance|[upkeep]\n|-start|p1b: Pelipper|perish3\n|-start|p1a: Archaludon|perish3\n|-start|p2a: Tyranitar|perish3\n|-start|p2b: Politoed|perish3\n|upkeep\n|turn|5\n|\n|t:|1775956667\n|switch|p2b: Gengar|Gengar-Mega, L50, M, shiny|100/100\n|move|p1a: Archaludon|Protect|p1a: Archaludon\n|-singleturn|p1a: Archaludon|Protect\n|move|p2a: Tyranitar|Protect|p2a: Tyranitar\n|-singleturn|p2a: Tyranitar|Protect\n|move|p1b: Pelipper|Weather Ball|p2a: Tyranitar\n|-activate|p2a: Tyranitar|move: Protect\n|\n|-weather|RainDance|[upkeep]\n|-start|p1b: Pelipper|perish2\n|-start|p1a: Archaludon|perish2\n|-start|p2a: Tyranitar|perish2\n|upkeep\n|turn|6\n|inactive|bigsjt has 30 seconds left.\n|inactive|bigsjt has 20 seconds left.\n|\n|t:|1775956704\n|move|p2b: Gengar|Protect|p2b: Gengar\n|-singleturn|p2b: Gengar|Protect\n|move|p1b: Pelipper|Weather Ball|p2a: Tyranitar\n|-supereffective|p2a: Tyranitar|1\n|-damage|p2a: Tyranitar|0 fnt\n|faint|p2a: Tyranitar\n|move|p1a: Archaludon|Flash Cannon|p2b: Gengar\n|-activate|p2b: Gengar|move: Protect\n|\n|-weather|RainDance|[upkeep]\n|-start|p1b: Pelipper|perish1\n|-start|p1a: Archaludon|perish1\n|upkeep\n|\n|t:|1775956722\n|switch|p2a: Sinistcha|Sinistcha, L50|23/100\n|turn|7\n|inactive|CappyCappy has 30 seconds left.\n|inactive|CappyCappy has 20 seconds left.\n|inactive|CappyCappy has 15 seconds left.\n|\n|t:|1775956764\n|move|p2b: Gengar|Protect|p2b: Gengar\n|-singleturn|p2b: Gengar|Protect\n|move|p2a: Sinistcha|Rage Powder|p2a: Sinistcha\n|-singleturn|p2a: Sinistcha|move: Rage Powder\n|move|p1b: Pelipper|Hurricane|p2a: Sinistcha\n|-supereffective|p2a: Sinistcha|1\n|-damage|p2a: Sinistcha|0 fnt\n|faint|p2a: Sinistcha\n|move|p1a: Archaludon|Electro Shot||[still]\n|-prepare|p1a: Archaludon|Electro Shot\n|-boost|p1a: Archaludon|spa|1\n|-anim|p1a: Archaludon|Electro Shot|p2b: Gengar\n|-activate|p2b: Gengar|move: Protect\n|\n|-weather|none\n|-start|p1b: Pelipper|perish0\n|-start|p1a: Archaludon|perish0\n|-sideend|p1: bigsjt|move: Tailwind\n|faint|p1b: Pelipper\n|faint|p1a: Archaludon\n|upkeep\n|\n|t:|1775956778\n|switch|p1b: Incineroar|Incineroar, L50, F|78/100\n|switch|p2a: Politoed|Politoed, L50, M|12/100\n|-weather|RainDance|[from] ability: Drizzle|[of] p2a: Politoed\n|-ability|p1b: Incineroar|Intimidate|boost\n|-unboost|p2a: Politoed|atk|1\n|-unboost|p2b: Gengar|atk|1\n|turn|8\n|\n|t:|1775956790\n|move|p1b: Incineroar|Fake Out|p2a: Politoed\n|-damage|p2a: Politoed|0 fnt\n|faint|p2a: Politoed\n|move|p2b: Gengar|Sludge Bomb|p1b: Incineroar\n|-crit|p1b: Incineroar\n|-damage|p1b: Incineroar|18/100\n|-enditem|p1b: Incineroar|Sitrus Berry|[eat]\n|-heal|p1b: Incineroar|43/100|[from] item: Sitrus Berry\n|\n|-weather|RainDance|[upkeep]\n|upkeep\n|turn|9\n|\n|t:|1775956799\n|move|p2b: Gengar|Sludge Bomb|p1b: Incineroar\n|-damage|p1b: Incineroar|6/100\n|move|p1b: Incineroar|Flare Blitz|p2b: Gengar\n|-damage|p2b: Gengar|77/100\n|-damage|p1b: Incineroar|0 fnt|[from] Recoil\n|faint|p1b: Incineroar\n|\n|win|CappyCappy\n|raw|bigsjt's rating: 1082 &rarr; <strong>1057</strong><br />(-25 for losing)\n|raw|CappyCappy's rating: 1043 &rarr; <strong>1080</strong><br />(+37 for winning)\n",
  "uploadtime": 1775956799,
  "views": 13,
  "formatid": "gen9championsvgc2026regma",
  "rating": 1057,
  "private": 0,
  "password": null
}