{
  "id": "gen9championsvgc2026regma-2589487105",
  "format": "[Gen 9 Champions] VGC 2026 Reg M-A",
  "players": [
    "Cat064",
    "MimikyuBot"
  ],
  "log": "|j|\u203dCat064\n|j|\u2606MimikyuBot\n|t:|1776727396\n|gametype|doubles\n|player|p1|Cat064|swimmer-gen4|1000\n|player|p2|MimikyuBot|266|1000\n|gen|9\n|tier|[Gen 9 Champions] VGC 2026 Reg M-A\n|rated|\n|rule|Species Clause: Limit one of each Pok\u00e9mon\n|rule|Item Clause: Limit 1 of each item\n|clearpoke\n|poke|p1|Klefki, L50, F|\n|poke|p1|Primarina, L50, F|\n|poke|p1|Garchomp, L50, M|\n|poke|p1|Froslass, L50, F|\n|poke|p1|Sneasler, L50, M|\n|poke|p1|Rotom-Wash, L50|\n|poke|p2|Aegislash, L50, F, shiny|\n|poke|p2|Whimsicott, L50, M, shiny|\n|poke|p2|Gallade, L50, M, shiny|\n|poke|p2|Incineroar, L50, F, shiny|\n|poke|p2|Clefable, L50, M, shiny|\n|poke|p2|Milotic, L50, F, shiny|\n|teampreview|4\nMimikyuBot has agreed to open team sheets.\n|inactive|Battle timer is ON: inactive players will automatically lose when time's up. (requested by Cat064)\nCat064 rejected open team sheets.\n|\n|t:|1776727430\n|teamsize|p1|4\n|teamsize|p2|4\n|start\n|switch|p1a: Klefki|Klefki, L50, F|100/100\n|switch|p1b: Rotom|Rotom-Wash, L50|100/100\n|switch|p2a: Whimsicott|Whimsicott, L50, M, shiny|100/100\n|switch|p2b: Gallade|Gallade, L50, M, shiny|100/100\n|turn|1\n|inactive|MimikyuBot also wants the timer to be on.\n|\n|t:|1776727449\n|detailschange|p2b: Gallade|Gallade-Mega, L50, M, shiny\n|-mega|p2b: Gallade|Gallade|Galladite\n|move|p2a: Whimsicott|Moonblast|p1b: Rotom\n|-damage|p1b: Rotom|69/100\n|move|p2b: Gallade|Sacred Sword|p1b: Rotom\n|-damage|p1b: Rotom|8/100\n|-enditem|p1b: Rotom|Sitrus Berry|[eat]\n|-heal|p1b: Rotom|33/100|[from] item: Sitrus Berry\n|move|p1b: Rotom|Will-O-Wisp|p2b: Gallade\n|-status|p2b: Gallade|brn\n|move|p1a: Klefki|Trick Room|p1a: Klefki\n|-fieldstart|move: Trick Room|[of] p1a: Klefki\n|\n|-damage|p2b: Gallade|94/100 brn|[from] brn\n|upkeep\n|turn|2\n|\n|t:|1776727470\n|move|p1b: Rotom|Protect|p1b: Rotom\n|-singleturn|p1b: Rotom|Protect\n|move|p1a: Klefki|Dazzling Gleam|p2a: Whimsicott|[spread] p2a,p2b\n|-supereffective|p2b: Gallade|1\n|-damage|p2a: Whimsicott|72/100\n|-damage|p2b: Gallade|53/100 brn\n|move|p2b: Gallade|Psycho Cut|p1b: Rotom\n|-activate|p1b: Rotom|move: Protect\n|move|p2a: Whimsicott|Moonblast|p1b: Rotom\n|-activate|p1b: Rotom|move: Protect\n|\n|-damage|p2b: Gallade|47/100 brn|[from] brn\n|upkeep\n|turn|3\n|\n|t:|1776727493\n|move|p1a: Klefki|Dazzling Gleam|p2a: Whimsicott|[spread] p2a,p2b\n|-supereffective|p2b: Gallade|1\n|-damage|p2a: Whimsicott|41/100\n|-damage|p2b: Gallade|8/100 brn\n|move|p1b: Rotom|Eerie Impulse|p2a: Whimsicott\n|-unboost|p2a: Whimsicott|spa|2\n|move|p2b: Gallade|Sacred Sword|p1b: Rotom\n|-damage|p1b: Rotom|4/100\n|move|p2a: Whimsicott|Moonblast|p1b: Rotom\n|-damage|p1b: Rotom|0 fnt\n|faint|p1b: Rotom\n|\n|-damage|p2b: Gallade|2/100 brn|[from] brn\n|upkeep\n|\n|t:|1776727511\n|switch|p1b: Primarina|Primarina, L50, F|100/100\n|turn|4\n|\n|t:|1776727517\n|switch|p2b: Aegislash|Aegislash, L50, F, shiny|100/100\n|switch|p2a: Incineroar|Incineroar, L50, F, shiny|100/100\n|-ability|p2a: Incineroar|Intimidate|boost\n|-unboost|p1a: Klefki|atk|1\n|-unboost|p1b: Primarina|atk|1\n|move|p1b: Primarina|Ice Beam|p2a: Incineroar\n|-resisted|p2a: Incineroar|1\n|-damage|p2a: Incineroar|88/100\n|move|p1a: Klefki|Dazzling Gleam|p2b: Aegislash|[spread] p2a,p2b\n|-resisted|p2b: Aegislash|1\n|-damage|p2a: Incineroar|76/100\n|-damage|p2b: Aegislash|95/100\n|\n|-heal|p2a: Incineroar|82/100|[from] item: Leftovers\n|upkeep\n|turn|5\n|\n|t:|1776727539\n|move|p1b: Primarina|Protect|p1b: Primarina\n|-singleturn|p1b: Primarina|Protect\n|move|p1a: Klefki|Thunder Wave|p2b: Aegislash\n|-status|p2b: Aegislash|par\n|cant|p2b: Aegislash|par\n|move|p2a: Incineroar|Flare Blitz|p1a: Klefki\n|-supereffective|p1a: Klefki|1\n|-damage|p1a: Klefki|15/100\n|-damage|p2a: Incineroar|59/100|[from] Recoil\n|\n|-heal|p2a: Incineroar|65/100|[from] item: Leftovers\n|-fieldend|move: Trick Room\n|upkeep\n|turn|6\n|\n|t:|1776727557\n|move|p2a: Incineroar|Fake Out||[still]\n|-hint|Fake Out only works on your first turn out.\n|-fail|p2a: Incineroar\n|move|p1a: Klefki|Light Screen|p1a: Klefki\n|-sidestart|p1: Cat064|move: Light Screen\n|move|p1b: Primarina|Hyper Voice|p2a: Incineroar|[spread] p2a,p2b\n|-supereffective|p2a: Incineroar|1\n|-damage|p2a: Incineroar|4/100\n|-damage|p2b: Aegislash|63/100 par\n|-formechange|p2b: Aegislash|Aegislash-Blade|\n|move|p2b: Aegislash|Iron Head|p1a: Klefki\n|-damage|p1a: Klefki|0 fnt\n|faint|p1a: Klefki\n|\n|-heal|p2a: Incineroar|10/100|[from] item: Leftovers\n|upkeep\n|\n|t:|1776727572\n|switch|p1a: Froslass|Froslass, L50, F|100/100\n|turn|7\n|\n|t:|1776727577\n|move|p1a: Froslass|Protect|p1a: Froslass\n|-singleturn|p1a: Froslass|Protect\n|move|p1b: Primarina|Hyper Voice|p2b: Aegislash|[spread] p2a,p2b\n|-supereffective|p2a: Incineroar|1\n|-damage|p2a: Incineroar|0 fnt\n|-damage|p2b: Aegislash|0 fnt\n|faint|p2a: Incineroar\n|faint|p2b: Aegislash\n|\n|upkeep\n|\n|t:|1776727577\n|switch|p2b: Whimsicott|Whimsicott, L50, M, shiny|41/100\n|switch|p2a: Gallade|Gallade-Mega, L50, M, shiny|2/100 brn\n|turn|8\n|\n|t:|1776727595\n|detailschange|p1a: Froslass|Froslass-Mega, L50, F\n|-mega|p1a: Froslass|Froslass|Froslassite\n|-weather|Snowscape|[from] ability: Snow Warning|[of] p1a: Froslass\n|move|p1a: Froslass|Blizzard|p2a: Gallade|[spread] p2a,p2b\n|-supereffective|p2b: Whimsicott|1\n|-damage|p2a: Gallade|0 fnt\n|-damage|p2b: Whimsicott|0 fnt\n|faint|p2a: Gallade\n|faint|p2b: Whimsicott\n|\n|win|Cat064\n",
  "uploadtime": 1776727431,
  "views": 3,
  "formatid": "gen9championsvgc2026regma",
  "rating": null,
  "private": 0,
  "password": null
}