{
  "id": "gen9championsvgc2026regma-2588114481",
  "format": "[Gen 9 Champions] VGC 2026 Reg M-A",
  "players": [
    "McCoop",
    "donusopp"
  ],
  "log": "|j|\u2606McCoop\n|j|\u2606donusopp\n|t:|1776605834\n|gametype|doubles\n|player|p1|McCoop|170|1008\n|player|p2|donusopp|dancer|1067\n|gen|9\n|tier|[Gen 9 Champions] VGC 2026 Reg M-A\n|rated|\n|rule|Species Clause: Limit one of each Pok\u00e9mon\n|rule|Item Clause: Limit 1 of each item\n|clearpoke\n|poke|p1|Oranguru, L50, M|\n|poke|p1|Garchomp, L50, M|\n|poke|p1|Lopunny, L50, F|\n|poke|p1|Maushold, L50|\n|poke|p1|Sableye, L50, M|\n|poke|p1|Slowbro-Galar, L50, F|\n|poke|p2|Pelipper, L50, F|\n|poke|p2|Serperior, L50, F, shiny|\n|poke|p2|Ampharos, L50, F|\n|poke|p2|Krookodile, L50, M|\n|poke|p2|Gengar, L50, F|\n|poke|p2|Basculegion, L50, M|\n|teampreview|4\n|inactive|Battle timer is ON: inactive players will automatically lose when time's up. (requested by donusopp)\n|inactive|donusopp has 60 seconds left.\n|\n|t:|1776605877\n|teamsize|p1|4\n|teamsize|p2|4\n|start\n|switch|p1a: Garchomp|Garchomp, L50, M|100/100\n|switch|p1b: Sableye|Sableye, L50, M|100/100\n|switch|p2a: Gengar|Gengar, L50, F|100/100\n|switch|p2b: Pelipper|Pelipper, L50, F|100/100\n|-weather|RainDance|[from] ability: Drizzle|[of] p2b: Pelipper\n|turn|1\n|inactive|donusopp has 30 seconds left.\n|\n|t:|1776605910\n|detailschange|p2a: Gengar|Gengar-Mega, L50, F\n|-mega|p2a: Gengar|Gengar|Gengarite\n|move|p1b: Sableye|Fake Out|p2b: Pelipper\n|-damage|p2b: Pelipper|93/100\n|move|p2a: Gengar|Taunt|p1b: Sableye\n|-start|p1b: Sableye|move: Taunt\n|move|p1a: Garchomp|Stealth Rock|p2a: Gengar\n|-sidestart|p2: donusopp|move: Stealth Rock\n|cant|p2b: Pelipper|flinch\n|\n|-weather|RainDance|[upkeep]\n|upkeep\n|turn|2\n|\n|t:|1776605932\n|switch|p1b: Oranguru|Oranguru, L50, M|100/100\n|move|p2a: Gengar|Energy Ball|p1a: Garchomp\n|-damage|p1a: Garchomp|61/100\n|move|p1a: Garchomp|Spikes|p2b: Pelipper\n|-sidestart|p2: donusopp|Spikes\n|move|p2b: Pelipper|Tailwind|p2b: Pelipper\n|-sidestart|p2: donusopp|move: Tailwind\n|\n|-weather|RainDance|[upkeep]\n|upkeep\n|turn|3\n|\n|t:|1776605954\n|move|p2a: Gengar|Taunt|p1b: Oranguru\n|-start|p1b: Oranguru|move: Taunt\n|-enditem|p1b: Oranguru|Mental Herb\n|-end|p1b: Oranguru|move: Taunt\n|move|p2b: Pelipper|Weather Ball|p1a: Garchomp\n|-damage|p1a: Garchomp|9/100\n|-enditem|p1a: Garchomp|Sitrus Berry|[eat]\n|-heal|p1a: Garchomp|34/100|[from] item: Sitrus Berry\n|move|p1a: Garchomp|Dragon Tail|p2a: Gengar\n|-damage|p2a: Gengar|63/100\n|drag|p2a: Basculegion|Basculegion, L50, M|100/100\n|-damage|p2a: Basculegion|88/100|[from] Stealth Rock\n|-damage|p2a: Basculegion|76/100|[from] Spikes\n|move|p1b: Oranguru|Trick Room|p1b: Oranguru\n|-fieldstart|move: Trick Room|[of] p1b: Oranguru\n|\n|-weather|RainDance|[upkeep]\n|upkeep\n|turn|4\n|inactive|McCoop has 30 seconds left.\n|inactive|donusopp has 30 seconds left.\n|\n|t:|1776605989\n|switch|p2b: Serperior|Serperior, L50, F, shiny|100/100\n|-damage|p2b: Serperior|88/100|[from] Stealth Rock\n|-damage|p2b: Serperior|76/100|[from] Spikes\n|move|p2a: Basculegion|Aqua Jet|p1a: Garchomp\n|-damage|p1a: Garchomp|18/100\n|-damage|p2a: Basculegion|63/100|[from] ability: Rough Skin|[of] p1a: Garchomp\n|move|p1b: Oranguru|Instruct|p1a: Garchomp\n|-singleturn|p1a: Garchomp|move: Instruct|[of] p1b: Oranguru\n|move|p1a: Garchomp|Dragon Tail|p2a: Basculegion\n|-damage|p2a: Basculegion|41/100\n|drag|p2a: Gengar|Gengar-Mega, L50, F|63/100\n|-damage|p2a: Gengar|50/100|[from] Stealth Rock\n|-damage|p2a: Gengar|38/100|[from] Spikes\n|move|p1a: Garchomp|Dragon Tail|p2b: Serperior\n|-damage|p2b: Serperior|49/100\n|drag|p2b: Basculegion|Basculegion, L50, M|41/100\n|-damage|p2b: Basculegion|29/100|[from] Stealth Rock\n|-damage|p2b: Basculegion|16/100|[from] Spikes\n|\n|-weather|RainDance|[upkeep]\n|upkeep\n|turn|5\n|inactive|McCoop has 30 seconds left.\n|\n|t:|1776606017\n|move|p2a: Gengar|Protect|p2a: Gengar\n|-singleturn|p2a: Gengar|Protect\n|move|p2b: Basculegion|Protect|p2b: Basculegion\n|-singleturn|p2b: Basculegion|Protect\n|move|p1b: Oranguru|Instruct|p1a: Garchomp\n|-singleturn|p1a: Garchomp|move: Instruct|[of] p1b: Oranguru\n|move|p1a: Garchomp|Dragon Tail|p2b: Basculegion\n|-activate|p2b: Basculegion|move: Protect\n|move|p1a: Garchomp|Dragon Tail|p2a: Gengar\n|-activate|p2a: Gengar|move: Protect\n|\n|-weather|none\n|-sideend|p2: donusopp|move: Tailwind\n|upkeep\n|turn|6\n|inactive|donusopp has 30 seconds left.\n|inactive|donusopp has 20 seconds left.\n|inactive|donusopp has 15 seconds left.\n|-activate|p2b: Basculegion|item: Quick Claw\n|\n|t:|1776606059\n|move|p2b: Basculegion|Flip Turn|p1a: Garchomp\n|-damage|p1a: Garchomp|4/100\n|-damage|p2b: Basculegion|4/100|[from] ability: Rough Skin|[of] p1a: Garchomp\n|\n|t:|1776606064\n|switch|p2b: Pelipper|Pelipper, L50, F|93/100|[from] Flip Turn\n|-damage|p2b: Pelipper|69/100|[from] Stealth Rock\n|-weather|RainDance|[from] ability: Drizzle|[of] p2b: Pelipper\n|move|p1b: Oranguru|Instruct|p1a: Garchomp\n|-singleturn|p1a: Garchomp|move: Instruct|[of] p1b: Oranguru\n|move|p1a: Garchomp|Dragon Tail|p2a: Gengar\n|-damage|p2a: Gengar|0 fnt\n|faint|p2a: Gengar\n|move|p1a: Garchomp|Dragon Tail|p2b: Pelipper\n|-damage|p2b: Pelipper|44/100\n|-enditem|p2b: Pelipper|Sitrus Berry|[eat]\n|-heal|p2b: Pelipper|68/100|[from] item: Sitrus Berry\n|drag|p2b: Serperior|Serperior, L50, F, shiny|49/100\n|-damage|p2b: Serperior|37/100|[from] Stealth Rock\n|-damage|p2b: Serperior|24/100|[from] Spikes\n|\n|-weather|RainDance|[upkeep]\n|upkeep\n|\n|t:|1776606082\n|switch|p2a: Pelipper|Pelipper, L50, F|68/100\n|-damage|p2a: Pelipper|44/100|[from] Stealth Rock\n|turn|7\n|\n|t:|1776606104\n|move|p1b: Oranguru|Instruct|p1a: Garchomp\n|-singleturn|p1a: Garchomp|move: Instruct|[of] p1b: Oranguru\n|move|p1a: Garchomp|Dragon Tail|p2a: Pelipper\n|-damage|p2a: Pelipper|20/100\n|drag|p2a: Basculegion|Basculegion, L50, M|4/100\n|-damage|p2a: Basculegion|0 fnt|[from] Stealth Rock\n|faint|p2a: Basculegion\n|move|p2b: Serperior|Leaf Storm|p1b: Oranguru\n|-damage|p1b: Oranguru|52/100\n|-boost|p2b: Serperior|spa|2\n|move|p1a: Garchomp|Dragon Tail|p2b: Serperior\n|-damage|p2b: Serperior|0 fnt\n|faint|p2b: Serperior\n|\n|-weather|RainDance|[upkeep]\n|-fieldend|move: Trick Room\n|upkeep\n|\n|t:|1776606114\n|switch|p2b: Pelipper|Pelipper, L50, F|20/100\n|-damage|p2b: Pelipper|0 fnt|[from] Stealth Rock\n|faint|p2b: Pelipper\n|\n|win|McCoop\n|raw|McCoop's rating: 1008 &rarr; <strong>1053</strong><br />(+45 for winning)\n|raw|donusopp's rating: 1067 &rarr; <strong>1044</strong><br />(-23 for losing)\n",
  "uploadtime": 1776606138,
  "views": 7,
  "formatid": "gen9championsvgc2026regma",
  "rating": 1044,
  "private": 0,
  "password": null
}