{
  "id": "gen9championsvgc2026regma-2588812017",
  "format": "[Gen 9 Champions] VGC 2026 Reg M-A",
  "players": [
    "turtle100000000",
    "vsi viens MTN"
  ],
  "log": "|j|\u2606turtle100000000\n|j|\u2606vsi viens MTN\n|html|<table width=\"100%\"><tr><td align=\"left\">turtle100000000</td><td align=\"right\">vsi viens MTN</tr><tr><td align=\"left\"><i class=\"fa fa-circle\"></i> <i class=\"fa fa-circle-o\"></i> </td><td align=\"right\"><i class=\"fa fa-circle-o\"></i> <i class=\"fa fa-circle\"></i> </tr></table>\n|uhtml|bestof|<h2><strong>Game 3</strong> of <a href=\"/game-bestof3-gen9championsvgc2026regma-2588807840\">a best-of-3</a></h2>\n|t:|1776673863\n|gametype|doubles\n|player|p1|turtle100000000|bellelba|\n|player|p2|vsi viens MTN|essentia|\n|gen|9\n|tier|[Gen 9 Champions] VGC 2026 Reg M-A\n|rated|Tournament battle\n|rule|Species Clause: Limit one of each Pok\u00e9mon\n|rule|Item Clause: Limit 1 of each item\n|raw|<div class=\"infobox\"><details class=\"readmore\" open><summary><strong>2 custom rules:</strong></summary> Force Open Team Sheets, Best of = 3</details></div>\n|clearpoke\n|poke|p1|Drampa, L50, F|\n|poke|p1|Audino, L50, M, shiny|\n|poke|p1|Sinistcha-Masterpiece, L50|\n|poke|p1|Talonflame, L50, M, shiny|\n|poke|p1|Rotom-Wash, L50|\n|poke|p1|Gengar, L50, F|\n|poke|p2|Scovillain, L50, M|\n|poke|p2|Sinistcha-Masterpiece, L50|\n|poke|p2|Corviknight, L50, M|\n|poke|p2|Tyranitar, L50, F|\n|poke|p2|Primarina, L50, M|\n|poke|p2|Rotom-Heat, L50|\n|teampreview|4\n|showteam|p1|Drampa||Drampanite|CloudNine|HyperVoice,DragonPulse,Protect,CalmMind|||F|||50|]Audino||SitrusBerry|Regenerator|TrickRoom,HealPulse,Protect,Yawn|||M|||50|]Sinistcha-Masterpiece||Leftovers|Hospitality|TrickRoom,ShadowBall,MatchaGotcha,RagePowder||||||50|]Talonflame||FocusSash|GaleWings|FlareBlitz,BraveBird,Tailwind,Protect|||M|||50|]Rotom-Wash||ChoiceScarf|Levitate|HydroPump,Thunderbolt,VoltSwitch,ShadowBall||||||50|]Gengar||Gengarite|CursedBody|ShadowBall,Protect,PerishSong,SludgeBomb|||F|||50|\n|showteam|p2|Scovillain||Scovillainite|Chlorophyll|RagePowder,LeechSeed,Protect,Flamethrower|||M|||50|]Sinistcha-Masterpiece||Leftovers|Hospitality|MatchaGotcha,LifeDew,Protect,TrickRoom||||||50|]Corviknight||QuickClaw|Pressure|Roost,BraveBird,IronDefense,BodyPress|||M|||50|]Tyranitar||ChopleBerry|SandStream|RockSlide,Protect,Flamethrower,IceBeam|||F|||50|]Primarina||SitrusBerry|LiquidVoice|CalmMind,LifeDew,Protect,HyperVoice|||M|||50|]Rotom-Heat||MentalHerb|Levitate|Overheat,VoltSwitch,PainSplit,Protect||||||50|\n|j| smitty56\n|\n|t:|1776673918\n|teamsize|p1|4\n|teamsize|p2|4\n|start\n|switch|p1a: Gengar|Gengar, L50, F|100/100\n|switch|p1b: Talonflame|Talonflame, L50, M, shiny|100/100\n|switch|p2a: Sinistcha|Sinistcha-Masterpiece, L50|100/100\n|switch|p2b: Primarina|Primarina, L50, M|100/100\n|turn|1\n|\n|t:|1776673938\n|switch|p2a: Tyranitar|Tyranitar, L50, F|100/100\n|-weather|Sandstorm|[from] ability: Sand Stream|[of] p2a: Tyranitar\n|switch|p2b: Corviknight|Corviknight, L50, M|100/100\n|-ability|p2b: Corviknight|Pressure\n|move|p1b: Talonflame|Protect|p1b: Talonflame\n|-singleturn|p1b: Talonflame|Protect\n|move|p1a: Gengar|Sludge Bomb|p2a: Tyranitar\n|-resisted|p2a: Tyranitar|1\n|-damage|p2a: Tyranitar|90/100\n|-status|p2a: Tyranitar|psn\n|\n|-weather|Sandstorm|[upkeep]\n|-damage|p1b: Talonflame|95/100|[from] Sandstorm\n|-damage|p1a: Gengar|94/100|[from] Sandstorm\n|-damage|p2a: Tyranitar|78/100 psn|[from] psn\n|upkeep\n|turn|2\n|\n|t:|1776673959\n|switch|p2b: Primarina|Primarina, L50, M|100/100\n|detailschange|p1a: Gengar|Gengar-Mega, L50, F\n|-mega|p1a: Gengar|Gengar|Gengarite\n|move|p1a: Gengar|Shadow Ball|p2b: Primarina\n|-damage|p2b: Primarina|64/100\n|move|p1b: Talonflame|Flare Blitz|p2b: Primarina\n|-resisted|p2b: Primarina|1\n|-damage|p2b: Primarina|44/100\n|-enditem|p2b: Primarina|Sitrus Berry|[eat]\n|-heal|p2b: Primarina|69/100|[from] item: Sitrus Berry\n|-damage|p1b: Talonflame|87/100|[from] Recoil\n|move|p2a: Tyranitar|Rock Slide|p1a: Gengar|[spread] p1b\n|-miss|p2a: Tyranitar|p1a: Gengar\n|-supereffective|p1b: Talonflame|2\n|-damage|p1b: Talonflame|0 fnt\n|faint|p1b: Talonflame\n|\n|-weather|Sandstorm|[upkeep]\n|-damage|p1a: Gengar|88/100|[from] Sandstorm\n|-damage|p2b: Primarina|63/100|[from] Sandstorm\n|-damage|p2a: Tyranitar|66/100 psn|[from] psn\n|upkeep\n|j| A!! M1GHT\n|\n|t:|1776673980\n|switch|p1b: Audino|Audino, L50, M, shiny|100/100\n|turn|3\n|\n|t:|1776673990\n|move|p1a: Gengar|Protect|p1a: Gengar\n|-singleturn|p1a: Gengar|Protect\n|move|p2b: Primarina|Hyper Voice|p1a: Gengar|[spread] p1b\n|-activate|p1a: Gengar|move: Protect\n|-damage|p1b: Audino|78/100\n|move|p2a: Tyranitar|Rock Slide|p1b: Audino|[spread] p1b\n|-activate|p1a: Gengar|move: Protect\n|-damage|p1b: Audino|58/100\n|move|p1b: Audino|Yawn|p2b: Primarina\n|-start|p2b: Primarina|move: Yawn|[of] p1b: Audino\n|\n|-weather|Sandstorm|[upkeep]\n|-damage|p1a: Gengar|82/100|[from] Sandstorm\n|-damage|p2b: Primarina|57/100|[from] Sandstorm\n|-damage|p1b: Audino|52/100|[from] Sandstorm\n|-damage|p2a: Tyranitar|54/100 psn|[from] psn\n|upkeep\n|turn|4\n|\n|t:|1776674010\n|move|p1a: Gengar|Sludge Bomb|p2a: Tyranitar\n|-resisted|p2a: Tyranitar|1\n|-damage|p2a: Tyranitar|42/100 psn\n|move|p2b: Primarina|Hyper Voice|p1a: Gengar|[spread] p1a,p1b\n|-damage|p1a: Gengar|47/100\n|-damage|p1b: Audino|30/100\n|-enditem|p1b: Audino|Sitrus Berry|[eat]\n|-heal|p1b: Audino|55/100|[from] item: Sitrus Berry\n|move|p2a: Tyranitar|Rock Slide|p1a: Gengar|[spread] p1a,p1b\n|-damage|p1a: Gengar|9/100\n|-damage|p1b: Audino|34/100\n|cant|p1b: Audino|flinch\n|\n|-weather|Sandstorm|[upkeep]\n|-damage|p1a: Gengar|3/100|[from] Sandstorm\n|-damage|p2b: Primarina|51/100|[from] Sandstorm\n|-damage|p1b: Audino|28/100|[from] Sandstorm\n|-damage|p2a: Tyranitar|30/100 psn|[from] psn\n|-end|p2b: Primarina|move: Yawn|[silent]\n|-status|p2b: Primarina|slp\n|upkeep\n|turn|5\n|\n|t:|1776674051\n|move|p1a: Gengar|Shadow Ball|p2a: Tyranitar\n|-resisted|p2a: Tyranitar|1\n|-damage|p2a: Tyranitar|17/100 psn\n|cant|p2b: Primarina|slp\n|move|p2a: Tyranitar|Rock Slide|p1a: Gengar|[spread] p1a,p1b\n|-damage|p1a: Gengar|0 fnt\n|-damage|p1b: Audino|8/100\n|faint|p1a: Gengar\n|move|p1b: Audino|Heal Pulse|p1: Gengar|[notarget]\n|-fail|p1b: Audino\n|\n|-weather|none\n|-damage|p2a: Tyranitar|5/100 psn|[from] psn\n|upkeep\n|\n|t:|1776674064\n|switch|p1a: Rotom|Rotom-Wash, L50|100/100\n|turn|6\n|\n|t:|1776674077\n|cant|p2b: Primarina|slp\n|move|p1b: Audino|Protect|p1b: Audino\n|-singleturn|p1b: Audino|Protect\n|move|p1a: Rotom|Thunderbolt|p2b: Primarina\n|-supereffective|p2b: Primarina|1\n|-damage|p2b: Primarina|0 fnt\n|faint|p2b: Primarina\n|move|p2a: Tyranitar|Rock Slide|p1b: Audino|[spread] \n|-activate|p1b: Audino|move: Protect\n|-miss|p2a: Tyranitar|p1a: Rotom\n|\n|-damage|p2a: Tyranitar|0 fnt|[from] psn\n|faint|p2a: Tyranitar\n|upkeep\n|\n|t:|1776674087\n|switch|p2b: Sinistcha|Sinistcha-Masterpiece, L50|100/100\n|switch|p2a: Corviknight|Corviknight, L50, M|100/100\n|-ability|p2a: Corviknight|Pressure\n|turn|7\n|\n|t:|1776674096\n|move|p1a: Rotom|Thunderbolt|p2a: Corviknight\n|-supereffective|p2a: Corviknight|1\n|-damage|p2a: Corviknight|33/100\n|move|p2b: Sinistcha|Matcha Gotcha|p1a: Rotom|[spread] p1a,p1b\n|-supereffective|p1a: Rotom|1\n|-damage|p1a: Rotom|34/100\n|-damage|p1b: Audino|0 fnt\n|faint|p1b: Audino\n|move|p2a: Corviknight|Roost|p2a: Corviknight\n|-heal|p2a: Corviknight|83/100\n|-singleturn|p2a: Corviknight|move: Roost\n|\n|upkeep\n|turn|8\n|\n|t:|1776674108\n|move|p1a: Rotom|Thunderbolt|p2a: Corviknight\n|-supereffective|p2a: Corviknight|1\n|-damage|p2a: Corviknight|19/100\n|move|p2b: Sinistcha|Matcha Gotcha|p1a: Rotom\n|-supereffective|p1a: Rotom|1\n|-damage|p1a: Rotom|0 fnt\n|faint|p1a: Rotom\n|\n|win|vsi viens MTN\n",
  "uploadtime": 1776674112,
  "views": 12,
  "formatid": "gen9championsvgc2026regma",
  "rating": null,
  "private": 0,
  "password": null
}