{
  "id": "gen9championsvgc2026regma-2585921453",
  "format": "[Gen 9 Champions] VGC 2026 Reg M-A",
  "players": [
    "dr.ultraball head",
    "vicswayze"
  ],
  "log": "|j|\u2606dr.ultraball head\n|j|\u2606vicswayze\n|t:|1776381658\n|gametype|doubles\n|player|p1|dr.ultraball head|gardenia-masters|1130\n|player|p2|vicswayze|burglar|1180\n|gen|9\n|tier|[Gen 9 Champions] VGC 2026 Reg M-A\n|rated|\n|rule|Species Clause: Limit one of each Pok\u00e9mon\n|rule|Item Clause: Limit 1 of each item\n|clearpoke\n|poke|p1|Sinistcha, L50|\n|poke|p1|Slowking, L50, M|\n|poke|p1|Incineroar, L50, M|\n|poke|p1|Crabominable, L50, M|\n|poke|p1|Farigiraf, L50, F|\n|poke|p1|Hatterene, L50, F|\n|poke|p2|Glimmora, L50, M|\n|poke|p2|Aerodactyl, L50, F|\n|poke|p2|Blastoise, L50, M|\n|poke|p2|Incineroar, L50, M|\n|poke|p2|Orthworm, L50, F|\n|poke|p2|Sinistcha, L50|\n|teampreview|4\n|\n|t:|1776381696\n|teamsize|p1|4\n|teamsize|p2|4\n|start\n|switch|p1a: Sinistcha|Sinistcha, L50|100/100\n|switch|p1b: Slowking|Slowking, L50, M|100/100\n|switch|p2a: Glimmora|Glimmora, L50, M|100/100\n|switch|p2b: Aerodactyl|Aerodactyl, L50, F|100/100\n|turn|1\n|\n|t:|1776381715\n|move|p2a: Glimmora|Spiky Shield|p2a: Glimmora\n|-singleturn|p2a: Glimmora|move: Protect\n|move|p2b: Aerodactyl|Tailwind|p2b: Aerodactyl\n|-sidestart|p2: vicswayze|move: Tailwind\n|-prepare|p1b: Slowking|Chilly Reception|[premajor]\n|move|p1b: Slowking|Chilly Reception|p1b: Slowking\n|-weather|Snowscape\n|\n|t:|1776381724\n|switch|p1b: Farigiraf|Farigiraf, L50, F|100/100|[from] Chilly Reception\n|move|p1a: Sinistcha|Trick Room|p1a: Sinistcha\n|-fieldstart|move: Trick Room|[of] p1a: Sinistcha\n|\n|-weather|Snowscape|[upkeep]\n|upkeep\n|turn|2\n|\n|t:|1776381735\n|switch|p2a: Incineroar|Incineroar, L50, M|100/100\n|-ability|p2a: Incineroar|Intimidate|boost\n|-unboost|p1a: Sinistcha|atk|1\n|-unboost|p1b: Farigiraf|atk|1\n|move|p1b: Farigiraf|Psychic Noise|p2a: Incineroar\n|-immune|p2a: Incineroar\n|move|p1a: Sinistcha|Matcha Gotcha|p2a: Incineroar|[spread] p2a,p2b\n|-resisted|p2a: Incineroar|1\n|-damage|p2a: Incineroar|89/100\n|-damage|p2b: Aerodactyl|62/100\n|-status|p2b: Aerodactyl|brn\n|move|p2b: Aerodactyl|Dual Wingbeat|p1a: Sinistcha\n|-supereffective|p1a: Sinistcha|1\n|-damage|p1a: Sinistcha|85/100\n|-supereffective|p1a: Sinistcha|1\n|-damage|p1a: Sinistcha|68/100\n|-hitcount|p1a: Sinistcha|2\n|\n|-weather|Snowscape|[upkeep]\n|-heal|p1a: Sinistcha|74/100|[from] item: Leftovers\n|-damage|p2b: Aerodactyl|56/100 brn|[from] brn\n|upkeep\n|turn|3\n|inactive|Battle timer is ON: inactive players will automatically lose when time's up. (requested by vicswayze)\n|\n|t:|1776381763\n|switch|p1a: Slowking|Slowking, L50, M|100/100\n|switch|p2b: Orthworm|Orthworm, L50, F|100/100\n|move|p1b: Farigiraf|Hyper Voice|p2a: Incineroar|[spread] p2a,p2b\n|-resisted|p2b: Orthworm|1\n|-damage|p2a: Incineroar|59/100\n|-damage|p2b: Orthworm|75/100\n|move|p2a: Incineroar|Darkest Lariat|p1b: Farigiraf\n|-supereffective|p1b: Farigiraf|1\n|-damage|p1b: Farigiraf|12/100\n|\n|-weather|Snowscape|[upkeep]\n|-heal|p2b: Orthworm|81/100|[from] item: Leftovers\n|upkeep\n|turn|4\n|\n|t:|1776381782\n|move|p1a: Slowking|Scald|p2b: Orthworm\n|-damage|p2b: Orthworm|32/100\n|move|p1b: Farigiraf|Hyper Voice|p2b: Orthworm|[spread] p2a,p2b\n|-resisted|p2b: Orthworm|1\n|-damage|p2a: Incineroar|28/100\n|-damage|p2b: Orthworm|4/100\n|-enditem|p2a: Incineroar|Sitrus Berry|[eat]\n|-heal|p2a: Incineroar|53/100|[from] item: Sitrus Berry\n|move|p2a: Incineroar|Darkest Lariat|p1a: Slowking\n|-supereffective|p1a: Slowking|1\n|-crit|p1a: Slowking\n|-enditem|p1a: Slowking|Colbur Berry|[eat]\n|-enditem|p1a: Slowking|Colbur Berry|[weaken]\n|-damage|p1a: Slowking|41/100\n|move|p2b: Orthworm|Heavy Slam|p1b: Farigiraf\n|-damage|p1b: Farigiraf|0 fnt\n|faint|p1b: Farigiraf\n|\n|-weather|Snowscape|[upkeep]\n|-heal|p2b: Orthworm|10/100|[from] item: Leftovers\n|-sideend|p2: vicswayze|move: Tailwind\n|upkeep\n|\n|t:|1776381803\n|switch|p1b: Crabominable|Crabominable, L50, M|100/100\n|turn|5\n|\n|t:|1776381818\n|switch|p2a: Aerodactyl|Aerodactyl, L50, F|56/100 brn\n|detailschange|p1b: Crabominable|Crabominable-Mega, L50, M\n|-mega|p1b: Crabominable|Crabominable|Crabominite\n|move|p1a: Slowking|Scald|p2b: Orthworm\n|-damage|p2b: Orthworm|0 fnt\n|faint|p2b: Orthworm\n|move|p1b: Crabominable|Drain Punch|p2a: Aerodactyl\n|-damage|p2a: Aerodactyl|0 fnt\n|faint|p2a: Aerodactyl\n|\n|-weather|none\n|-fieldend|move: Trick Room\n|upkeep\n|\n|t:|1776381822\n|switch|p2a: Incineroar|Incineroar, L50, M|53/100\n|switch|p2b: Glimmora|Glimmora, L50, M|100/100\n|-ability|p2a: Incineroar|Intimidate|boost\n|-unboost|p1a: Slowking|atk|1\n|-unboost|p1b: Crabominable|atk|1\n|turn|6\n|inactive|dr.ultraball head has 30 seconds left.\n|\n|t:|1776381853\n|detailschange|p2b: Glimmora|Glimmora-Mega, L50, M\n|-mega|p2b: Glimmora|Glimmora|Glimmoranite\n|move|p2a: Incineroar|Fake Out|p1a: Slowking\n|-damage|p1a: Slowking|29/100\n|move|p2b: Glimmora|Power Gem|p1b: Crabominable\n|-damage|p1b: Crabominable|46/100\n|move|p1b: Crabominable|Drain Punch|p2a: Incineroar\n|-supereffective|p2a: Incineroar|1\n|-damage|p2a: Incineroar|0 fnt\n|-heal|p1b: Crabominable|72/100|[from] drain|[of] p2a: Incineroar\n|faint|p2a: Incineroar\n|cant|p1a: Slowking|flinch\n|\n|upkeep\n|turn|7\n|\n|t:|1776381872\n|switch|p1a: Sinistcha|Sinistcha, L50|74/100\n|-heal|p1b: Crabominable|97/100|[from] ability: Hospitality|[of] p1a: Sinistcha\n|move|p1b: Crabominable|Protect|p1b: Crabominable\n|-singleturn|p1b: Crabominable|Protect\n|move|p2b: Glimmora|Sludge Wave|p1a: Sinistcha|[spread] p1a\n|-activate|p1b: Crabominable|move: Protect\n|-damage|p1a: Sinistcha|22/100\n|\n|-heal|p1a: Sinistcha|29/100|[from] item: Leftovers\n|upkeep\n|turn|8\n|\n|t:|1776381893\n|move|p2b: Glimmora|Sludge Wave|p1b: Crabominable|[spread] p1a,p1b\n|-damage|p1a: Sinistcha|0 fnt\n|-damage|p1b: Crabominable|48/100\n|faint|p1a: Sinistcha\n|move|p1b: Crabominable|Drain Punch|p2b: Glimmora\n|-damage|p2b: Glimmora|55/100\n|-heal|p1b: Crabominable|65/100|[from] drain|[of] p2b: Glimmora\n|\n|upkeep\n|\n|t:|1776381902\n|switch|p1a: Slowking|Slowking, L50, M|62/100\n|turn|9\n|\n|t:|1776381915\n|move|p2b: Glimmora|Sludge Wave|p1a: Slowking|[spread] p1a,p1b\n|-damage|p1a: Slowking|18/100\n|-damage|p1b: Crabominable|23/100\n|move|p1b: Crabominable|Close Combat|p2b: Glimmora\n|-damage|p2b: Glimmora|0 fnt\n|-unboost|p1b: Crabominable|def|1\n|-unboost|p1b: Crabominable|spd|1\n|faint|p2b: Glimmora\n|\n|win|dr.ultraball head\n|raw|dr.ultraball head's rating: 1130 &rarr; <strong>1159</strong><br />(+29 for winning)\n|raw|vicswayze's rating: 1180 &rarr; <strong>1151</strong><br />(-29 for losing)\n|l|\u2606vicswayze\n|player|p2|\n|c|\u2606dr.ultraball head|Ggs\n",
  "uploadtime": 1776381933,
  "views": 15,
  "formatid": "gen9championsvgc2026regma",
  "rating": 1151,
  "private": 0,
  "password": null
}