{
  "id": "gen9championsvgc2026regma-2586408729",
  "format": "[Gen 9 Champions] VGC 2026 Reg M-A",
  "players": [
    "Masterno25",
    "slowbroloveseating"
  ],
  "log": "|j|\u2606Masterno25\n|j|\u2606slowbroloveseating\n|t:|1776432595\n|gametype|doubles\n|player|p1|Masterno25|caitlin|1189\n|player|p2|slowbroloveseating|colress|1215\n|gen|9\n|tier|[Gen 9 Champions] VGC 2026 Reg M-A\n|rated|\n|rule|Species Clause: Limit one of each Pok\u00e9mon\n|rule|Item Clause: Limit 1 of each item\n|clearpoke\n|poke|p1|Tyranitar, L50, M|\n|poke|p1|Orthworm, L50, F|\n|poke|p1|Excadrill, L50, M|\n|poke|p1|Sinistcha, L50|\n|poke|p1|Starmie, L50|\n|poke|p1|Incineroar, L50, F|\n|poke|p2|Tyranitar, L50, F|\n|poke|p2|Meganium, L50, F|\n|poke|p2|Basculegion, L50, M|\n|poke|p2|Garchomp, L50, M|\n|poke|p2|Sneasler, L50, M|\n|poke|p2|Aerodactyl, L50, M|\n|teampreview|4\n|c|\u2606slowbroloveseating|gl and hf\n|c|\u2606Masterno25|gl!!\n|\n|t:|1776432648\n|teamsize|p1|4\n|teamsize|p2|4\n|start\n|switch|p1a: Tyranitar|Tyranitar, L50, M|100/100\n|switch|p1b: Orthworm|Orthworm, L50, F|100/100\n|switch|p2a: Sneasler|Sneasler, L50, M|100/100\n|switch|p2b: Aerodactyl|Aerodactyl, L50, M|100/100\n|-ability|p2b: Aerodactyl|Unnerve\n|-weather|Sandstorm|[from] ability: Sand Stream|[of] p1a: Tyranitar\n|turn|1\n|\n|t:|1776432678\n|switch|p1a: Sinistcha|Sinistcha, L50|100/100\n|move|p2a: Sneasler|Fake Out|p1b: Orthworm\n|-resisted|p1b: Orthworm|1\n|-damage|p1b: Orthworm|96/100\n|move|p2b: Aerodactyl|Tailwind|p2b: Aerodactyl\n|-sidestart|p2: slowbroloveseating|move: Tailwind\n|cant|p1b: Orthworm|flinch\n|\n|-weather|Sandstorm|[upkeep]\n|-damage|p2a: Sneasler|95/100|[from] Sandstorm\n|-damage|p1a: Sinistcha|94/100|[from] Sandstorm\n|-heal|p1b: Orthworm|100/100|[from] item: Leftovers\n|upkeep\n|turn|2\n|\n|t:|1776432709\n|switch|p1a: Tyranitar|Tyranitar, L50, M|100/100\n|move|p2b: Aerodactyl|Dual Wingbeat|p1a: Tyranitar\n|-resisted|p1a: Tyranitar|1\n|-damage|p1a: Tyranitar|93/100\n|-resisted|p1a: Tyranitar|1\n|-damage|p1a: Tyranitar|85/100\n|-hitcount|p1a: Tyranitar|2\n|move|p2a: Sneasler|Close Combat|p1b: Orthworm\n|-supereffective|p1b: Orthworm|1\n|-damage|p1b: Orthworm|18/100\n|-unboost|p2a: Sneasler|def|1\n|-unboost|p2a: Sneasler|spd|1\n|-enditem|p2a: Sneasler|White Herb\n|-clearnegativeboost|p2a: Sneasler|[silent]\n|move|p1b: Orthworm|Shed Tail|p1b: Orthworm\n|-fail|p1b: Orthworm|move: Shed Tail|[weak]\n|\n|-weather|Sandstorm|[upkeep]\n|-damage|p2a: Sneasler|89/100|[from] Sandstorm\n|-heal|p1b: Orthworm|24/100|[from] item: Leftovers\n|upkeep\n|turn|3\n|\n|t:|1776432741\n|detailschange|p1a: Tyranitar|Tyranitar-Mega, L50, M\n|-mega|p1a: Tyranitar|Tyranitar|Tyranitarite\n|move|p2a: Sneasler|Close Combat|p1b: Orthworm\n|-supereffective|p1b: Orthworm|1\n|-damage|p1b: Orthworm|0 fnt\n|-unboost|p2a: Sneasler|def|1\n|-unboost|p2a: Sneasler|spd|1\n|faint|p1b: Orthworm\n|move|p2b: Aerodactyl|Rock Slide|p1a: Tyranitar\n|-damage|p1a: Tyranitar|61/100\n|move|p1a: Tyranitar|Earthquake|p2b: Aerodactyl|[spread] p2a\n|-immune|p2b: Aerodactyl\n|-supereffective|p2a: Sneasler|1\n|-damage|p2a: Sneasler|0 fnt\n|faint|p2a: Sneasler\n|\n|-weather|Sandstorm|[upkeep]\n|upkeep\n|l|\u2606slowbroloveseating\n|player|p2|\n|j|\u2606slowbroloveseating\n|player|p2|slowbroloveseating|colress|\n|\n|t:|1776432803\n|switch|p2a: Meganium|Meganium, L50, F|100/100\n|switch|p1b: Excadrill|Excadrill, L50, M|100/100\n|turn|4\n|\n|t:|1776432824\n|detailschange|p2a: Meganium|Meganium-Mega, L50, F\n|-mega|p2a: Meganium|Meganium|Meganiumite\n|move|p2b: Aerodactyl|Protect|p2b: Aerodactyl\n|-singleturn|p2b: Aerodactyl|Protect\n|move|p1b: Excadrill|Iron Head|p2a: Meganium\n|-supereffective|p2a: Meganium|1\n|-damage|p2a: Meganium|19/100\n|move|p2a: Meganium|Weather Ball|p1b: Excadrill\n|-supereffective|p1b: Excadrill|1\n|-damage|p1b: Excadrill|0 fnt\n|faint|p1b: Excadrill\n|move|p1a: Tyranitar|Rock Slide|p2b: Aerodactyl|[spread] p2a\n|-activate|p2b: Aerodactyl|move: Protect\n|-damage|p2a: Meganium|0 fnt\n|faint|p2a: Meganium\n|\n|-weather|Sandstorm|[upkeep]\n|-sideend|p2: slowbroloveseating|move: Tailwind\n|upkeep\n|\n|t:|1776432840\n|switch|p1b: Sinistcha|Sinistcha, L50|94/100\n|switch|p2a: Basculegion|Basculegion, L50, M|100/100\n|-heal|p1a: Tyranitar|86/100|[from] ability: Hospitality|[of] p1b: Sinistcha\n|turn|5\n|\n|t:|1776432870\n|move|p1b: Sinistcha|Rage Powder|p1b: Sinistcha\n|-singleturn|p1b: Sinistcha|move: Rage Powder\n|move|p2a: Basculegion|Wave Crash|p1b: Sinistcha\n|-resisted|p1b: Sinistcha|1\n|-damage|p1b: Sinistcha|62/100\n|-damage|p2a: Basculegion|92/100|[from] Recoil\n|move|p2b: Aerodactyl|Dual Wingbeat|p1b: Sinistcha|[miss]\n|-miss|p2b: Aerodactyl|p1b: Sinistcha\n|move|p1a: Tyranitar|Knock Off|p2a: Basculegion\n|-supereffective|p2a: Basculegion|1\n|-damage|p2a: Basculegion|0 fnt\n|-enditem|p2a: Basculegion|Choice Scarf|[from] move: Knock Off|[of] p1a: Tyranitar\n|faint|p2a: Basculegion\n|\n|-weather|none\n|upkeep\n|turn|6\n|c|\u2606slowbroloveseating|shiz\n|c|\u2606slowbroloveseating|gg\n|c|\u2606Masterno25|ggs\n|\n|t:|1776432894\n|move|p2b: Aerodactyl|Dual Wingbeat|p1b: Sinistcha\n|-supereffective|p1b: Sinistcha|1\n|-damage|p1b: Sinistcha|32/100\n|-supereffective|p1b: Sinistcha|1\n|-damage|p1b: Sinistcha|3/100\n|-hitcount|p1b: Sinistcha|2\n|move|p1a: Tyranitar|Rock Slide|p2b: Aerodactyl\n|-supereffective|p2b: Aerodactyl|1\n|-crit|p2b: Aerodactyl\n|-enditem|p2b: Aerodactyl|Focus Sash\n|-damage|p2b: Aerodactyl|1/100\n|move|p1b: Sinistcha|Matcha Gotcha|p2b: Aerodactyl|[miss]\n|-miss|p1b: Sinistcha|p2b: Aerodactyl\n|\n|upkeep\n|turn|7\n|c|\u2606Masterno25|it missed??? lmao\n|c|\u2606slowbroloveseating|nice\n|\n|t:|1776432932\n|move|p2b: Aerodactyl|Rock Slide|p1a: Tyranitar|[spread] p1a,p1b\n|-damage|p1a: Tyranitar|68/100\n|-damage|p1b: Sinistcha|0 fnt\n|faint|p1b: Sinistcha\n|cant|p1a: Tyranitar|flinch\n|\n|upkeep\n|turn|8\n|c|\u2606slowbroloveseating|hah\n|c|\u2606Masterno25|ok this is getting ridiculous now\n|c|\u2606slowbroloveseating|can i make you flinch 5 times in a row\n|c|\u2606Masterno25|surely\n|\n|t:|1776432965\n|move|p2b: Aerodactyl|Rock Slide|p1a: Tyranitar\n|-damage|p1a: Tyranitar|43/100\n|cant|p1a: Tyranitar|flinch\n|\n|upkeep\n|turn|9\n|c|\u2606Masterno25|????\n|c|\u2606Masterno25|AHAHAAAHHAHA\n|c|\u2606slowbroloveseating|LMAO\n|\n|t:|1776432976\n|move|p2b: Aerodactyl|Rock Slide|p1a: Tyranitar\n|-damage|p1a: Tyranitar|22/100\n|move|p1a: Tyranitar|Ice Punch|p2b: Aerodactyl\n|-supereffective|p2b: Aerodactyl|1\n|-damage|p2b: Aerodactyl|0 fnt\n|faint|p2b: Aerodactyl\n|\n|win|Masterno25\n|raw|Masterno25's rating: 1189 &rarr; <strong>1216</strong><br />(+27 for winning)\n|raw|slowbroloveseating's rating: 1215 &rarr; <strong>1188</strong><br />(-27 for losing)\n|c|\u2606Masterno25|ok thank god\n|c|\u2606slowbroloveseating|gg\n|c|\u2606Masterno25|ggs\n|c|\u2606slowbroloveseating|almost\n|c|\u2606Masterno25|very close\n",
  "uploadtime": 1776432987,
  "views": 33,
  "formatid": "gen9championsvgc2026regma",
  "rating": 1188,
  "private": 0,
  "password": null
}