{
  "id": "gen9championsvgc2026regma-2586731051",
  "format": "[Gen 9 Champions] VGC 2026 Reg M-A",
  "players": [
    "RXUXBXEXN",
    "szaszasza"
  ],
  "log": "|j|\u2606RXUXBXEXN\n|j|\u2606szaszasza\n|t:|1776455497\n|gametype|doubles\n|player|p1|RXUXBXEXN|palmer|1076\n|player|p2|szaszasza|1|1114\n|gen|9\n|tier|[Gen 9 Champions] VGC 2026 Reg M-A\n|rated|\n|rule|Species Clause: Limit one of each Pok\u00e9mon\n|rule|Item Clause: Limit 1 of each item\n|clearpoke\n|poke|p1|Incineroar, L50, F|\n|poke|p1|Aegislash, L50, M|\n|poke|p1|Kingambit, L50, M|\n|poke|p1|Kommo-o, L50, F|\n|poke|p1|Floette-Eternal, L50, F|\n|poke|p1|Sneasler, L50, M|\n|poke|p2|Gengar, L50, M|\n|poke|p2|Milotic, L50, M|\n|poke|p2|Tyranitar, L50, F|\n|poke|p2|Incineroar, L50, M|\n|poke|p2|Kingambit, L50, M|\n|poke|p2|Sinistcha, L50|\n|teampreview|4\n|inactive|Battle timer is ON: inactive players will automatically lose when time's up. (requested by RXUXBXEXN)\n|\n|t:|1776455554\n|teamsize|p1|4\n|teamsize|p2|4\n|start\n|switch|p1a: Incineroar|Incineroar, L50, F, shiny|100/100\n|switch|p1b: Sneasler|Sneasler, L50, M, shiny|100/100\n|switch|p2a: Milotic|Milotic, L50, M|100/100\n|switch|p2b: Kingambit|Kingambit, L50, M|100/100\n|-ability|p1a: Incineroar|Intimidate|boost\n|-unboost|p2a: Milotic|atk|1\n|-ability|p2a: Milotic|Competitive|boost\n|-boost|p2a: Milotic|spa|2\n|-unboost|p2b: Kingambit|atk|1\n|-ability|p2b: Kingambit|Defiant|boost\n|-boost|p2b: Kingambit|atk|2\n|turn|1\n|\n|t:|1776455574\n|move|p2a: Milotic|Protect|p2a: Milotic\n|-singleturn|p2a: Milotic|Protect\n|move|p2b: Kingambit|Protect|p2b: Kingambit\n|-singleturn|p2b: Kingambit|Protect\n|move|p1a: Incineroar|Fake Out|p2a: Milotic\n|-activate|p2a: Milotic|move: Protect\n|move|p1b: Sneasler|Dire Claw|p2a: Milotic\n|-activate|p2a: Milotic|move: Protect\n|\n|upkeep\n|turn|2\n|\n|t:|1776455598\n|move|p2b: Kingambit|Sucker Punch|p1b: Sneasler\n|-resisted|p1b: Sneasler|1\n|-damage|p1b: Sneasler|50/100\n|move|p1b: Sneasler|Close Combat|p2b: Kingambit\n|-supereffective|p2b: Kingambit|2\n|-enditem|p2b: Kingambit|Chople Berry|[eat]\n|-enditem|p2b: Kingambit|Chople Berry|[weaken]\n|-damage|p2b: Kingambit|1/100\n|-unboost|p1b: Sneasler|def|1\n|-unboost|p1b: Sneasler|spd|1\n|-immune|p2b: Kingambit\n|move|p2a: Milotic|Icy Wind|p1b: Sneasler|[spread] p1a,p1b\n|-resisted|p1a: Incineroar|1\n|-damage|p1a: Incineroar|92/100\n|-damage|p1b: Sneasler|14/100\n|-unboost|p1a: Incineroar|spe|1\n|-unboost|p1b: Sneasler|spe|1\n|move|p1a: Incineroar|Darkest Lariat|p2a: Milotic\n|-damage|p2a: Milotic|72/100\n|\n|-heal|p2a: Milotic|78/100|[from] item: Leftovers\n|upkeep\n|turn|3\n|inactive|RXUXBXEXN has 30 seconds left.\n|inactive|szaszasza has 30 seconds left.\n|\n|t:|1776455627\n|switch|p1b: Floette|Floette-Eternal, L50, F|100/100\n|switch|p2b: Sinistcha|Sinistcha, L50|100/100\n|-heal|p2a: Milotic|100/100|[from] ability: Hospitality|[of] p2b: Sinistcha\n|move|p2a: Milotic|Icy Wind|p1a: Incineroar|[spread] p1a,p1b\n|-resisted|p1a: Incineroar|1\n|-crit|p1b: Floette\n|-damage|p1a: Incineroar|84/100\n|-damage|p1b: Floette|75/100\n|-unboost|p1a: Incineroar|spe|1\n|-unboost|p1b: Floette|spe|1\n|move|p1a: Incineroar|Flare Blitz|p2b: Sinistcha\n|-supereffective|p2b: Sinistcha|1\n|-damage|p2b: Sinistcha|20/100\n|-enditem|p2b: Sinistcha|Sitrus Berry|[eat]\n|-heal|p2b: Sinistcha|44/100|[from] item: Sitrus Berry\n|-damage|p1a: Incineroar|59/100|[from] Recoil\n|\n|upkeep\n|turn|4\n|inactive|RXUXBXEXN has 30 seconds left.\n|inactive|szaszasza has 30 seconds left.\n|inactive|RXUXBXEXN has 20 seconds left.\n|\n|t:|1776455664\n|detailschange|p1b: Floette|Floette-Mega, L50, F\n|-mega|p1b: Floette|Floette|Floettite\n|-ability|p1b: Floette|Fairy Aura\n|move|p2b: Sinistcha|Protect|p2b: Sinistcha\n|-singleturn|p2b: Sinistcha|Protect\n|move|p1b: Floette|Dazzling Gleam|p2b: Sinistcha|[spread] p2a\n|-activate|p2b: Sinistcha|move: Protect\n|-damage|p2a: Milotic|68/100\n|move|p2a: Milotic|Scald|p1a: Incineroar\n|-supereffective|p1a: Incineroar|1\n|-damage|p1a: Incineroar|0 fnt\n|faint|p1a: Incineroar\n|\n|-heal|p2a: Milotic|74/100|[from] item: Leftovers\n|upkeep\n|\n|t:|1776455683\n|switch|p1a: Kommo-o|Kommo-o, L50, F, shiny|100/100\n|turn|5\n|\n|t:|1776455695\n|move|p2b: Sinistcha|Rage Powder|p2b: Sinistcha\n|-singleturn|p2b: Sinistcha|move: Rage Powder\n|move|p1a: Kommo-o|Clanging Scales|p2a: Milotic|[spread] p2a,p2b\n|-damage|p2a: Milotic|49/100\n|-damage|p2b: Sinistcha|6/100\n|-unboost|p1a: Kommo-o|def|1\n|move|p1b: Floette|Dazzling Gleam|p2b: Sinistcha|[spread] p2a,p2b\n|-damage|p2a: Milotic|14/100\n|-damage|p2b: Sinistcha|0 fnt\n|faint|p2b: Sinistcha\n|move|p2a: Milotic|Icy Wind|p1a: Kommo-o|[spread] p1a,p1b\n|-supereffective|p1a: Kommo-o|1\n|-damage|p1a: Kommo-o|60/100\n|-damage|p1b: Floette|59/100\n|-unboost|p1a: Kommo-o|spe|1\n|-unboost|p1b: Floette|spe|1\n|\n|-heal|p2a: Milotic|20/100|[from] item: Leftovers\n|upkeep\n|\n|t:|1776455710\n|switch|p2b: Tyranitar|Tyranitar, L50, F|100/100\n|-weather|Sandstorm|[from] ability: Sand Stream|[of] p2b: Tyranitar\n|turn|6\n|\n|t:|1776455724\n|move|p2b: Tyranitar|Rock Slide|p1a: Kommo-o|[spread] p1b\n|-miss|p2b: Tyranitar|p1a: Kommo-o\n|-damage|p1b: Floette|18/100\n|move|p2a: Milotic|Icy Wind|p1a: Kommo-o|[spread] p1a\n|-miss|p2a: Milotic|p1b: Floette\n|-supereffective|p1a: Kommo-o|1\n|-damage|p1a: Kommo-o|26/100\n|-unboost|p1a: Kommo-o|spe|1\n|-enditem|p1a: Kommo-o|Sitrus Berry|[eat]\n|-heal|p1a: Kommo-o|50/100|[from] item: Sitrus Berry\n|cant|p1b: Floette|flinch\n|move|p1a: Kommo-o|Aura Sphere|p2b: Tyranitar\n|-supereffective|p2b: Tyranitar|2\n|-damage|p2b: Tyranitar|12/100\n|\n|-weather|Sandstorm|[upkeep]\n|-damage|p2a: Milotic|14/100|[from] Sandstorm\n|-damage|p1b: Floette|12/100|[from] Sandstorm\n|-damage|p1a: Kommo-o|44/100|[from] Sandstorm\n|-heal|p2a: Milotic|20/100|[from] item: Leftovers\n|upkeep\n|turn|7\n|\n|t:|1776455749\n|move|p1b: Floette|Protect|p1b: Floette\n|-singleturn|p1b: Floette|Protect\n|move|p1a: Kommo-o|Protect|p1a: Kommo-o\n|-singleturn|p1a: Kommo-o|Protect\n|move|p2b: Tyranitar|Rock Slide|p1b: Floette|[spread] \n|-activate|p1a: Kommo-o|move: Protect\n|-activate|p1b: Floette|move: Protect\n|move|p2a: Milotic|Icy Wind|p1a: Kommo-o|[spread] \n|-activate|p1a: Kommo-o|move: Protect\n|-activate|p1b: Floette|move: Protect\n|\n|-weather|Sandstorm|[upkeep]\n|-damage|p2a: Milotic|14/100|[from] Sandstorm\n|-damage|p1b: Floette|6/100|[from] Sandstorm\n|-damage|p1a: Kommo-o|38/100|[from] Sandstorm\n|-heal|p2a: Milotic|20/100|[from] item: Leftovers\n|upkeep\n|turn|8\n|\n|t:|1776455770\n|move|p2b: Tyranitar|Rock Slide|p1b: Floette|[spread] p1a,p1b\n|-resisted|p1a: Kommo-o|1\n|-damage|p1a: Kommo-o|14/100\n|-damage|p1b: Floette|0 fnt\n|faint|p1b: Floette\n|move|p2a: Milotic|Icy Wind|p1a: Kommo-o\n|-supereffective|p1a: Kommo-o|1\n|-damage|p1a: Kommo-o|0 fnt\n|faint|p1a: Kommo-o\n|\n|-weather|Sandstorm|[upkeep]\n|-damage|p2a: Milotic|14/100|[from] Sandstorm\n|-heal|p2a: Milotic|20/100|[from] item: Leftovers\n|upkeep\n|\n|t:|1776455775\n|switch|p1a: Sneasler|Sneasler, L50, M, shiny|14/100\n|turn|9\n|\n|t:|1776455794\n|move|p2a: Milotic|Protect|p2a: Milotic\n|-singleturn|p2a: Milotic|Protect\n|move|p1a: Sneasler|Dire Claw|p2b: Tyranitar\n|-resisted|p2b: Tyranitar|1\n|-damage|p2b: Tyranitar|0 fnt\n|faint|p2b: Tyranitar\n|\n|-weather|Sandstorm|[upkeep]\n|-damage|p1a: Sneasler|8/100|[from] Sandstorm\n|-damage|p2a: Milotic|14/100|[from] Sandstorm\n|-heal|p2a: Milotic|20/100|[from] item: Leftovers\n|upkeep\n|\n|t:|1776455803\n|switch|p2b: Kingambit|Kingambit, L50, M|1/100\n|turn|10\n|\n|t:|1776455816\n|move|p1a: Sneasler|Protect|p1a: Sneasler\n|-singleturn|p1a: Sneasler|Protect\n|move|p2b: Kingambit|Sucker Punch||[still]\n|-fail|p2b: Kingambit\n|move|p2a: Milotic|Icy Wind|p1a: Sneasler\n|-activate|p1a: Sneasler|move: Protect\n|\n|-weather|none\n|-heal|p2a: Milotic|26/100|[from] item: Leftovers\n|upkeep\n|turn|11\n|\n|t:|1776455828\n|move|p1a: Sneasler|Protect|p1a: Sneasler\n|-singleturn|p1a: Sneasler|Protect\n|move|p2b: Kingambit|Sucker Punch||[still]\n|-fail|p2b: Kingambit\n|move|p2a: Milotic|Icy Wind|p1a: Sneasler\n|-activate|p1a: Sneasler|move: Protect\n|\n|-heal|p2a: Milotic|32/100|[from] item: Leftovers\n|upkeep\n|turn|12\n|\n|t:|1776455842\n|move|p2b: Kingambit|Sucker Punch|p1a: Sneasler\n|-resisted|p1a: Sneasler|1\n|-damage|p1a: Sneasler|0 fnt\n|faint|p1a: Sneasler\n|\n|win|szaszasza\n|raw|RXUXBXEXN's rating: 1076 &rarr; <strong>1057</strong><br />(-19 for losing)\n|raw|szaszasza's rating: 1114 &rarr; <strong>1136</strong><br />(+22 for winning)\n|l|\u2606RXUXBXEXN\n|player|p1|\n",
  "uploadtime": 1776455850,
  "views": 32,
  "formatid": "gen9championsvgc2026regma",
  "rating": 1057,
  "private": 0,
  "password": null
}