{
  "id": "gen9championsvgc2026regma-2587754744",
  "format": "[Gen 9 Champions] VGC 2026 Reg M-A",
  "players": [
    "Reshinex",
    "Azuremoon7"
  ],
  "log": "|j|\u2606Reshinex\n|j|\u2606Azuremoon7\n|t:|1776560687\n|gametype|doubles\n|player|p1|Reshinex|n|1080\n|player|p2|Azuremoon7|blue|1076\n|gen|9\n|tier|[Gen 9 Champions] VGC 2026 Reg M-A\n|rated|\n|rule|Species Clause: Limit one of each Pok\u00e9mon\n|rule|Item Clause: Limit 1 of each item\n|clearpoke\n|poke|p1|Farigiraf, L50, F|\n|poke|p1|Arcanine-Hisui, L50, F|\n|poke|p1|Whimsicott, L50, M|\n|poke|p1|Floette-Eternal, L50, F|\n|poke|p1|Meowscarada, L50, F|\n|poke|p1|Sinistcha-Masterpiece, L50|\n|poke|p2|Crabominable, L50, M, shiny|\n|poke|p2|Aerodactyl, L50, M, shiny|\n|poke|p2|Sinistcha-Masterpiece, L50, shiny|\n|poke|p2|Incineroar, L50, M, shiny|\n|poke|p2|Slowking-Galar, L50, M, shiny|\n|poke|p2|Armarouge, L50, M, shiny|\n|teampreview|4\n|inactive|Battle timer is ON: inactive players will automatically lose when time's up. (requested by Reshinex)\n|\n|t:|1776560707\n|teamsize|p1|4\n|teamsize|p2|4\n|start\n|switch|p1a: Farigiraf|Farigiraf, L50, F|100/100\n|switch|p1b: Whimsicott|Whimsicott, L50, M|100/100\n|switch|p2a: Mr. Fist|Crabominable, L50, M, shiny|100/100\n|switch|p2b: Matchapop|Sinistcha-Masterpiece, L50, shiny|100/100\n|turn|1\n|inactive|Reshinex has 30 seconds left.\n|inactive|Reshinex has 20 seconds left.\n|\n|t:|1776560743\n|detailschange|p2a: Mr. Fist|Crabominable-Mega, L50, M, shiny\n|-mega|p2a: Mr. Fist|Crabominable|Crabominite\n|move|p2b: Matchapop|Rage Powder|p2b: Matchapop\n|-singleturn|p2b: Matchapop|move: Rage Powder\n|move|p1b: Whimsicott|Tailwind|p1b: Whimsicott\n|-sidestart|p1: Reshinex|move: Tailwind\n|move|p1a: Farigiraf|Psychic|p2b: Matchapop\n|-damage|p2b: Matchapop|49/100\n|move|p2a: Mr. Fist|Ice Hammer|p1a: Farigiraf\n|-damage|p1a: Farigiraf|18/100\n|-unboost|p2a: Mr. Fist|spe|1\n|\n|upkeep\n|turn|2\n|\n|t:|1776560762\n|move|p2a: Mr. Fist|Protect|p2a: Mr. Fist\n|-singleturn|p2a: Mr. Fist|Protect\n|move|p1b: Whimsicott|Moonblast|p2a: Mr. Fist\n|-activate|p2a: Mr. Fist|move: Protect\n|move|p1a: Farigiraf|Psychic|p2a: Mr. Fist\n|-activate|p2a: Mr. Fist|move: Protect\n|move|p2b: Matchapop|Trick Room|p2b: Matchapop\n|-fieldstart|move: Trick Room|[of] p2b: Matchapop\n|\n|upkeep\n|turn|3\n|\n|t:|1776560786\n|move|p1b: Whimsicott|Encore|p2a: Mr. Fist\n|-start|p2a: Mr. Fist|Encore\n|move|p2a: Mr. Fist|Protect||[still]\n|-fail|p2a: Mr. Fist\n|move|p2b: Matchapop|Matcha Gotcha|p1a: Farigiraf|[spread] \n|-miss|p2b: Matchapop|p1a: Farigiraf\n|-miss|p2b: Matchapop|p1b: Whimsicott\n|move|p1a: Farigiraf|Psychic|p2a: Mr. Fist\n|-supereffective|p2a: Mr. Fist|1\n|-damage|p2a: Mr. Fist|28/100\n|\n|upkeep\n|turn|4\n|\n|t:|1776560803\n|switch|p2a: Flex Seal|Incineroar, L50, M, shiny|100/100\n|-ability|p2a: Flex Seal|Intimidate|boost\n|-unboost|p1a: Farigiraf|atk|1\n|-unboost|p1b: Whimsicott|atk|1\n|move|p2b: Matchapop|Matcha Gotcha|p1a: Farigiraf|[spread] p1a,p1b\n|-resisted|p1b: Whimsicott|1\n|-damage|p1a: Farigiraf|0 fnt\n|-heal|p2b: Matchapop|61/100|[from] drain|[of] p1a: Farigiraf\n|-damage|p1b: Whimsicott|78/100\n|-heal|p2b: Matchapop|70/100|[from] drain|[of] p1b: Whimsicott\n|faint|p1a: Farigiraf\n|move|p1b: Whimsicott|Moonblast|p2a: Flex Seal\n|-crit|p2a: Flex Seal\n|-damage|p2a: Flex Seal|53/100\n|-unboost|p2a: Flex Seal|spa|1\n|\n|-sideend|p1: Reshinex|move: Tailwind\n|upkeep\n|\n|t:|1776560818\n|switch|p1a: Arcanine|Arcanine-Hisui, L50, F|100/100\n|turn|5\n|\n|t:|1776560835\n|move|p1b: Whimsicott|Protect|p1b: Whimsicott\n|-singleturn|p1b: Whimsicott|Protect\n|move|p2a: Flex Seal|Fake Out|p1a: Arcanine\n|-resisted|p1a: Arcanine|1\n|-damage|p1a: Arcanine|93/100\n|move|p2b: Matchapop|Matcha Gotcha|p1a: Arcanine|[spread] p1a\n|-activate|p1b: Whimsicott|move: Protect\n|-damage|p1a: Arcanine|55/100\n|-heal|p2b: Matchapop|88/100|[from] drain|[of] p1a: Arcanine\n|cant|p1a: Arcanine|flinch\n|\n|upkeep\n|turn|6\n|inactive|Reshinex has 30 seconds left.\n|\n|t:|1776560861\n|move|p2b: Matchapop|Protect|p2b: Matchapop\n|-singleturn|p2b: Matchapop|Protect\n|move|p2a: Flex Seal|Flare Blitz|p1b: Whimsicott\n|-supereffective|p1b: Whimsicott|1\n|-damage|p1b: Whimsicott|0 fnt\n|faint|p1b: Whimsicott\n|-damage|p2a: Flex Seal|36/100|[from] Recoil\n|-enditem|p2a: Flex Seal|Sitrus Berry|[eat]\n|-heal|p2a: Flex Seal|60/100|[from] item: Sitrus Berry\n|move|p1a: Arcanine|Head Smash|p2a: Flex Seal|[miss]\n|-miss|p1a: Arcanine|p2a: Flex Seal\n|\n|-fieldend|move: Trick Room\n|upkeep\n|\n|t:|1776560863\n|switch|p1b: Floette|Floette-Eternal, L50, F|100/100\n|turn|7\n|\n|t:|1776560880\n|detailschange|p1b: Floette|Floette-Mega, L50, F\n|-mega|p1b: Floette|Floette|Floettite\n|-ability|p1b: Floette|Fairy Aura\n|move|p1a: Arcanine|Head Smash|p2a: Flex Seal|[miss]\n|-miss|p1a: Arcanine|p2a: Flex Seal\n|move|p1b: Floette|Dazzling Gleam|p2a: Flex Seal|[spread] p2a,p2b\n|-damage|p2a: Flex Seal|18/100\n|-damage|p2b: Matchapop|31/100\n|move|p2a: Flex Seal|Parting Shot|p1b: Floette\n|-unboost|p1b: Floette|atk|1\n|-unboost|p1b: Floette|spa|1\n|\n|t:|1776560890\n|switch|p2a: Mr. Fist|Crabominable-Mega, L50, M, shiny|28/100|[from] Parting Shot\n|move|p2b: Matchapop|Trick Room|p2b: Matchapop\n|-fieldstart|move: Trick Room|[of] p2b: Matchapop\n|\n|upkeep\n|turn|8\n|\n|t:|1776560904\n|move|p2b: Matchapop|Rage Powder|p2b: Matchapop\n|-singleturn|p2b: Matchapop|move: Rage Powder\n|move|p2a: Mr. Fist|Ice Hammer|p1b: Floette|[miss]\n|-miss|p2a: Mr. Fist|p1b: Floette\n|move|p1b: Floette|Dazzling Gleam|p2b: Matchapop|[spread] p2a,p2b\n|-supereffective|p2a: Mr. Fist|1\n|-damage|p2a: Mr. Fist|0 fnt\n|-damage|p2b: Matchapop|0 fnt\n|faint|p2a: Mr. Fist\n|faint|p2b: Matchapop\n|move|p1a: Arcanine|Head Smash|p2: Mr. Fist|[notarget]\n|-fail|p1a: Arcanine\n|\n|upkeep\n|\n|t:|1776560912\n|switch|p2a: Brian|Slowking-Galar, L50, M, shiny|100/100\n|switch|p2b: Flex Seal|Incineroar, L50, M, shiny|18/100\n|-ability|p2b: Flex Seal|Intimidate|boost\n|-unboost|p1a: Arcanine|atk|1\n|-unboost|p1b: Floette|atk|1\n|turn|9\n|\n|t:|1776560917\n|move|p2b: Flex Seal|Fake Out|p1a: Arcanine\n|-resisted|p1a: Arcanine|1\n|-damage|p1a: Arcanine|48/100\n|move|p2a: Brian|Sludge Bomb|p1b: Floette\n|-supereffective|p1b: Floette|1\n|-damage|p1b: Floette|44/100\n|-status|p1b: Floette|psn\n|move|p1b: Floette|Dazzling Gleam|p2a: Brian|[spread] p2a,p2b\n|-resisted|p2a: Brian|1\n|-damage|p2a: Brian|88/100\n|-damage|p2b: Flex Seal|0 fnt\n|faint|p2b: Flex Seal\n|cant|p1a: Arcanine|flinch\n|\n|-heal|p2a: Brian|94/100|[from] item: Leftovers\n|-damage|p1b: Floette|32/100 psn|[from] psn\n|upkeep\n|turn|10\n|\n|t:|1776560924\n|move|p2a: Brian|Sludge Bomb|p1b: Floette\n|-supereffective|p1b: Floette|1\n|-damage|p1b: Floette|0 fnt\n|faint|p1b: Floette\n|move|p1a: Arcanine|Head Smash|p2a: Brian\n|-damage|p2a: Brian|53/100\n|\n|-heal|p2a: Brian|59/100|[from] item: Leftovers\n|upkeep\n|turn|11\n|\n|t:|1776560928\n|move|p2a: Brian|Sludge Bomb|p1a: Arcanine\n|-resisted|p1a: Arcanine|1\n|-damage|p1a: Arcanine|27/100\n|-status|p1a: Arcanine|psn\n|move|p1a: Arcanine|Head Smash|p2a: Brian\n|-damage|p2a: Brian|17/100\n|\n|-heal|p2a: Brian|23/100|[from] item: Leftovers\n|-damage|p1a: Arcanine|15/100 psn|[from] psn\n|-fieldend|move: Trick Room\n|upkeep\n|turn|12\n|\n|t:|1776560931\n|move|p2a: Brian|Protect|p2a: Brian\n|-singleturn|p2a: Brian|Protect\n|move|p1a: Arcanine|Head Smash|p2a: Brian\n|-activate|p2a: Brian|move: Protect\n|\n|-heal|p2a: Brian|29/100|[from] item: Leftovers\n|-damage|p1a: Arcanine|3/100 psn|[from] psn\n|upkeep\n|turn|13\n|\n|t:|1776560933\n|move|p2a: Brian|Protect|p2a: Brian\n|-singleturn|p2a: Brian|Protect\n|move|p1a: Arcanine|Head Smash|p2a: Brian\n|-activate|p2a: Brian|move: Protect\n|\n|-heal|p2a: Brian|35/100|[from] item: Leftovers\n|-damage|p1a: Arcanine|0 fnt|[from] psn\n|faint|p1a: Arcanine\n|\n|win|Azuremoon7\n|raw|Reshinex's rating: 1080 &rarr; <strong>1058</strong><br />(-22 for losing)\n|raw|Azuremoon7's rating: 1076 &rarr; <strong>1105</strong><br />(+29 for winning)\n|l|\u2606Reshinex\n|player|p1|\n",
  "uploadtime": 1776560937,
  "views": 32,
  "formatid": "gen9championsvgc2026regma",
  "rating": 1058,
  "private": 0,
  "password": null
}