{
  "id": "gen9championsvgc2026regma-2587470911",
  "format": "[Gen 9 Champions] VGC 2026 Reg M-A",
  "players": [
    "Nezk025",
    "Hatsune Goobiku"
  ],
  "log": "|j|\u2606Nezk025\n|j|\u2606Hatsune Goobiku\n|t:|1776534585\n|gametype|doubles\n|player|p1|Nezk025|nate|1322\n|player|p2|Hatsune Goobiku|miku-ground|1246\n|gen|9\n|tier|[Gen 9 Champions] VGC 2026 Reg M-A\n|rated|\n|rule|Species Clause: Limit one of each Pok\u00e9mon\n|rule|Item Clause: Limit 1 of each item\n|clearpoke\n|poke|p1|Feraligatr, L50, M|\n|poke|p1|Corviknight, L50, F|\n|poke|p1|Vivillon, L50, F|\n|poke|p1|Typhlosion-Hisui, L50, M|\n|poke|p1|Kingambit, L50, M|\n|poke|p1|Sneasler, L50, F|\n|poke|p2|Aggron, L50, F|\n|poke|p2|Incineroar, L50, M|\n|poke|p2|Basculegion, L50, M|\n|poke|p2|Sinistcha, L50|\n|poke|p2|Dragonite, L50, M, shiny|\n|poke|p2|Pelipper, L50, F|\n|teampreview|4\n|inactive|Battle timer is ON: inactive players will automatically lose when time's up. (requested by Hatsune Goobiku)\n|\n|t:|1776534608\n|teamsize|p1|4\n|teamsize|p2|4\n|start\n|switch|p1a: Feraligatr|Feraligatr, L50, M|100/100\n|switch|p1b: Vivillon|Vivillon, L50, F|100/100\n|switch|p2a: Peeko|Pelipper, L50, F|100/100\n|switch|p2b: Blub Blub|Basculegion, L50, M|100/100\n|-weather|RainDance|[from] ability: Drizzle|[of] p2a: Peeko\n|turn|1\n|inactive|Nezk025 has 30 seconds left.\n|inactive|Nezk025 has 20 seconds left.\n|inactive|Nezk025 has 15 seconds left.\n|\n|t:|1776534650\n|detailschange|p1a: Feraligatr|Feraligatr-Mega, L50, M\n|-mega|p1a: Feraligatr|Feraligatr|Feraligite\n|move|p2a: Peeko|Protect|p2a: Peeko\n|-singleturn|p2a: Peeko|Protect\n|move|p2b: Blub Blub|Flip Turn|p1b: Vivillon\n|-damage|p1b: Vivillon|12/100\n|\n|t:|1776534657\n|switch|p2b: Sinistcha|Sinistcha, L50|100/100|[from] Flip Turn\n|move|p1b: Vivillon|Sleep Powder|p2a: Peeko\n|-activate|p2a: Peeko|move: Protect\n|move|p1a: Feraligatr|Double-Edge|p2b: Sinistcha\n|-damage|p2b: Sinistcha|25/100\n|-damage|p1a: Feraligatr|77/100|[from] Recoil\n|\n|-weather|RainDance|[upkeep]\n|upkeep\n|turn|2\n|\n|t:|1776534679\n|move|p2b: Sinistcha|Rage Powder|p2b: Sinistcha\n|-singleturn|p2b: Sinistcha|move: Rage Powder\n|move|p1b: Vivillon|Sleep Powder|p2b: Sinistcha\n|-immune|p2b: Sinistcha\n|move|p2a: Peeko|Tailwind|p2a: Peeko\n|-sidestart|p2: Hatsune Goobiku|move: Tailwind\n|move|p1a: Feraligatr|Double-Edge|p2b: Sinistcha\n|-damage|p2b: Sinistcha|0 fnt\n|faint|p2b: Sinistcha\n|-damage|p1a: Feraligatr|69/100|[from] Recoil\n|\n|-weather|RainDance|[upkeep]\n|upkeep\n|\n|t:|1776534688\n|switch|p2b: Dragonite|Dragonite, L50, M, shiny|100/100\n|turn|3\n|\n|t:|1776534700\n|detailschange|p2b: Dragonite|Dragonite-Mega, L50, M, shiny\n|-mega|p2b: Dragonite|Dragonite|Dragoninite\n|move|p1b: Vivillon|Rage Powder|p1b: Vivillon\n|-singleturn|p1b: Vivillon|move: Rage Powder\n|move|p2b: Dragonite|Draco Meteor|p1b: Vivillon\n|-damage|p1b: Vivillon|0 fnt\n|-unboost|p2b: Dragonite|spa|2\n|faint|p1b: Vivillon\n|move|p2a: Peeko|Hurricane|p1a: Feraligatr\n|-damage|p1a: Feraligatr|23/100\n|move|p1a: Feraligatr|Double-Edge|p2b: Dragonite\n|-supereffective|p2b: Dragonite|1\n|-damage|p2b: Dragonite|22/100\n|-damage|p1a: Feraligatr|0 fnt|[from] Recoil\n|faint|p1a: Feraligatr\n|\n|-weather|RainDance|[upkeep]\n|upkeep\n|\n|t:|1776534720\n|switch|p1b: Kingambit|Kingambit, L50, M|100/100\n|switch|p1a: Sneasler|Sneasler, L50, F|100/100\n|turn|4\n|\n|t:|1776534736\n|move|p2b: Dragonite|Protect|p2b: Dragonite\n|-singleturn|p2b: Dragonite|Protect\n|move|p2a: Peeko|Protect|p2a: Peeko\n|-singleturn|p2a: Peeko|Protect\n|move|p1a: Sneasler|Coaching|p1b: Kingambit\n|-boost|p1b: Kingambit|atk|1\n|-boost|p1b: Kingambit|def|1\n|move|p1b: Kingambit|Kowtow Cleave|p2a: Peeko\n|-activate|p2a: Peeko|move: Protect\n|\n|-weather|RainDance|[upkeep]\n|upkeep\n|turn|5\n|inactive|Nezk025 has 30 seconds left.\n|\n|t:|1776534770\n|move|p2b: Dragonite|Hurricane|p1a: Sneasler\n|-supereffective|p1a: Sneasler|1\n|-damage|p1a: Sneasler|6/100\n|move|p2a: Peeko|Hurricane|p1a: Sneasler\n|-supereffective|p1a: Sneasler|1\n|-damage|p1a: Sneasler|0 fnt\n|faint|p1a: Sneasler\n|move|p1b: Kingambit|Kowtow Cleave|p2a: Peeko\n|-enditem|p2a: Peeko|Focus Sash\n|-damage|p2a: Peeko|1/100\n|\n|-weather|none\n|-sideend|p2: Hatsune Goobiku|move: Tailwind\n|upkeep\n|turn|6\n|inactive|Hatsune Goobiku has 30 seconds left.\n|inactive|Hatsune Goobiku has 20 seconds left.\n|\n|t:|1776534805\n|switch|p2b: Blub Blub|Basculegion, L50, M|100/100\n|move|p2a: Peeko|Protect|p2a: Peeko\n|-singleturn|p2a: Peeko|Protect\n|move|p1b: Kingambit|Kowtow Cleave|p2a: Peeko\n|-activate|p2a: Peeko|move: Protect\n|\n|upkeep\n|turn|7\n|\n|t:|1776534825\n|switch|p2a: Dragonite|Dragonite-Mega, L50, M, shiny|22/100\n|move|p1b: Kingambit|Protect|p1b: Kingambit\n|-singleturn|p1b: Kingambit|Protect\n|move|p2b: Blub Blub|Wave Crash|p1b: Kingambit\n|-activate|p1b: Kingambit|move: Protect\n|\n|upkeep\n|turn|8\n|\n|t:|1776534838\n|switch|p2b: Peeko|Pelipper, L50, F|1/100\n|-weather|RainDance|[from] ability: Drizzle|[of] p2b: Peeko\n|move|p1b: Kingambit|Sucker Punch||[still]\n|-fail|p1b: Kingambit\n|move|p2a: Dragonite|Hurricane|p1b: Kingambit\n|-resisted|p1b: Kingambit|1\n|-damage|p1b: Kingambit|66/100\n|\n|-weather|RainDance|[upkeep]\n|upkeep\n|turn|9\n|\n|t:|1776534851\n|move|p1b: Kingambit|Sucker Punch|p2a: Dragonite\n|-damage|p2a: Dragonite|0 fnt\n|faint|p2a: Dragonite\n|move|p2b: Peeko|Weather Ball|p1b: Kingambit\n|-damage|p1b: Kingambit|6/100\n|\n|-weather|RainDance|[upkeep]\n|upkeep\n|\n|t:|1776534858\n|switch|p2a: Blub Blub|Basculegion, L50, M|100/100\n|turn|10\n|\n|t:|1776534863\n|move|p2a: Blub Blub|Aqua Jet|p1b: Kingambit\n|-damage|p1b: Kingambit|0 fnt\n|faint|p1b: Kingambit\n|\n|win|Hatsune Goobiku\n|raw|Nezk025's rating: 1322 &rarr; <strong>1298</strong><br />(-24 for losing)\n|raw|Hatsune Goobiku's rating: 1246 &rarr; <strong>1276</strong><br />(+30 for winning)\n|l|\u2606Nezk025\n|player|p1|\n|c|\u2606Hatsune Goobiku|ggs\n",
  "uploadtime": 1776534893,
  "views": 22,
  "formatid": "gen9championsvgc2026regma",
  "rating": 1276,
  "private": 0,
  "password": null
}