{
  "id": "gen9championsvgc2026regma-2588187391",
  "format": "[Gen 9 Champions] VGC 2026 Reg M-A",
  "players": [
    "StrawberryBalloons",
    "zewih"
  ],
  "log": "|j|\u203dStrawberryBalloons\n|j|\u2606zewih\n|t:|1776612662\n|gametype|doubles\n|player|p1|StrawberryBalloons|fisherman-gen4|1239\n|player|p2|zewih|170|1210\n|gen|9\n|tier|[Gen 9 Champions] VGC 2026 Reg M-A\n|rated|\n|rule|Species Clause: Limit one of each Pok\u00e9mon\n|rule|Item Clause: Limit 1 of each item\n|clearpoke\n|poke|p1|Chimecho, L50, M|\n|poke|p1|Skeledirge, L50, M|\n|poke|p1|Milotic, L50, M|\n|poke|p1|Sinistcha, L50|\n|poke|p1|Floette-Eternal, L50, F|\n|poke|p1|Incineroar, L50, F|\n|poke|p2|Garchomp, L50, M|\n|poke|p2|Tyranitar, L50, M|\n|poke|p2|Corviknight, L50, M, shiny|\n|poke|p2|Rotom-Heat, L50, shiny|\n|poke|p2|Milotic, L50, F, shiny|\n|poke|p2|Sneasler, L50, M|\n|teampreview|4\n|inactive|Battle timer is ON: inactive players will automatically lose when time's up. (requested by StrawberryBalloons)\n|inactive|zewih has 60 seconds left.\n|inactive|StrawberryBalloons has 60 seconds left.\n|\n|t:|1776612721\n|teamsize|p1|4\n|teamsize|p2|4\n|start\n|switch|p1a: Chimecho|Chimecho, L50, M|100/100\n|switch|p1b: Milotic|Milotic, L50, M|100/100\n|switch|p2a: Corviknight|Corviknight, L50, M, shiny|100/100\n|switch|p2b: Milotic|Milotic, L50, F, shiny|100/100\n|turn|1\n|inactive|zewih has 30 seconds left.\n|\n|t:|1776612755\n|switch|p2a: Tyranitar|Tyranitar, L50, M|100/100\n|-weather|Sandstorm|[from] ability: Sand Stream|[of] p2a: Tyranitar\n|detailschange|p1a: Chimecho|Chimecho-Mega, L50, M\n|-mega|p1a: Chimecho|Chimecho|Chimechite\n|move|p2b: Milotic|Scald|p1a: Chimecho\n|-damage|p1a: Chimecho|75/100\n|move|p1b: Milotic|Coil|p1b: Milotic\n|-boost|p1b: Milotic|atk|1\n|-boost|p1b: Milotic|def|1\n|-boost|p1b: Milotic|accuracy|1\n|move|p1a: Chimecho|Cosmic Power|p1a: Chimecho\n|-boost|p1a: Chimecho|def|1\n|-boost|p1a: Chimecho|spd|1\n|\n|-weather|Sandstorm|[upkeep]\n|-damage|p2b: Milotic|95/100|[from] Sandstorm\n|-damage|p1b: Milotic|95/100|[from] Sandstorm\n|-heal|p2b: Milotic|100/100|[from] item: Leftovers\n|-heal|p1b: Milotic|100/100|[from] item: Leftovers\n|upkeep\n|turn|2\n|inactive|zewih has 30 seconds left.\n|\n|t:|1776612786\n|move|p2a: Tyranitar|Protect|p2a: Tyranitar\n|-singleturn|p2a: Tyranitar|Protect\n|move|p2b: Milotic|Icy Wind|p1a: Chimecho|[spread] p1a,p1b\n|-resisted|p1a: Chimecho|1\n|-resisted|p1b: Milotic|1\n|-damage|p1a: Chimecho|72/100\n|-damage|p1b: Milotic|98/100\n|-unboost|p1a: Chimecho|spe|1\n|-unboost|p1b: Milotic|spe|1\n|-ability|p1b: Milotic|Competitive|boost\n|-boost|p1b: Milotic|spa|2\n|move|p1b: Milotic|Hypnosis|p2a: Tyranitar\n|-activate|p2a: Tyranitar|move: Protect\n|move|p1a: Chimecho|Cosmic Power|p1a: Chimecho\n|-boost|p1a: Chimecho|def|1\n|-boost|p1a: Chimecho|spd|1\n|\n|-weather|Sandstorm|[upkeep]\n|-damage|p2b: Milotic|95/100|[from] Sandstorm\n|-damage|p1b: Milotic|92/100|[from] Sandstorm\n|-heal|p2b: Milotic|100/100|[from] item: Leftovers\n|-heal|p1b: Milotic|98/100|[from] item: Leftovers\n|upkeep\n|turn|3\n|inactive|zewih has 30 seconds left.\n|inactive|zewih has 20 seconds left.\n|inactive|zewih has 15 seconds left.\n|\n|t:|1776612830\n|move|p2b: Milotic|Scald|p1a: Chimecho\n|-damage|p1a: Chimecho|60/100\n|move|p2a: Tyranitar|Rock Slide|p1a: Chimecho|[spread] p1a,p1b\n|-resisted|p1a: Chimecho|1\n|-damage|p1a: Chimecho|55/100\n|-damage|p1b: Milotic|76/100\n|cant|p1b: Milotic|flinch\n|cant|p1a: Chimecho|flinch\n|\n|-weather|Sandstorm|[upkeep]\n|-damage|p2b: Milotic|95/100|[from] Sandstorm\n|-damage|p1b: Milotic|70/100|[from] Sandstorm\n|-heal|p2b: Milotic|100/100|[from] item: Leftovers\n|-heal|p1b: Milotic|76/100|[from] item: Leftovers\n|upkeep\n|turn|4\n|\n|t:|1776612852\n|move|p2b: Milotic|Scald|p1a: Chimecho\n|-damage|p1a: Chimecho|43/100\n|move|p2a: Tyranitar|Knock Off|p1b: Milotic\n|-damage|p1b: Milotic|40/100\n|-enditem|p1b: Milotic|Leftovers|[from] move: Knock Off|[of] p2a: Tyranitar\n|move|p1b: Milotic|Hypnosis|p2a: Tyranitar\n|-status|p2a: Tyranitar|slp|[from] move: Hypnosis\n|move|p1a: Chimecho|Recover|p1a: Chimecho\n|-heal|p1a: Chimecho|93/100\n|\n|-weather|Sandstorm|[upkeep]\n|-damage|p2b: Milotic|95/100|[from] Sandstorm\n|-damage|p1b: Milotic|34/100|[from] Sandstorm\n|-heal|p2b: Milotic|100/100|[from] item: Leftovers\n|upkeep\n|turn|5\n|inactive|zewih has 30 seconds left.\n|\n|t:|1776612883\n|cant|p2a: Tyranitar|slp\n|move|p2b: Milotic|Scald|p1a: Chimecho\n|-damage|p1a: Chimecho|81/100\n|move|p1b: Milotic|Draining Kiss|p2a: Tyranitar\n|-supereffective|p2a: Tyranitar|1\n|-damage|p2a: Tyranitar|77/100 slp\n|-heal|p1b: Milotic|51/100|[from] drain|[of] p2a: Tyranitar\n|move|p1a: Chimecho|Cosmic Power|p1a: Chimecho\n|-boost|p1a: Chimecho|def|1\n|-boost|p1a: Chimecho|spd|1\n|\n|-weather|none\n|upkeep\n|turn|6\n|inactive|zewih has 30 seconds left.\n|\n|t:|1776612909\n|switch|p2a: Corviknight|Corviknight, L50, M, shiny|100/100\n|move|p2b: Milotic|Scald|p1a: Chimecho\n|-crit|p1a: Chimecho\n|-damage|p1a: Chimecho|43/100\n|-status|p1a: Chimecho|brn\n|move|p1b: Milotic|Draining Kiss|p2a: Corviknight\n|-resisted|p2a: Corviknight|1\n|-damage|p2a: Corviknight|90/100\n|-heal|p1b: Milotic|59/100|[from] drain|[of] p2a: Corviknight\n|move|p1a: Chimecho|Cosmic Power|p1a: Chimecho\n|-boost|p1a: Chimecho|def|1\n|-boost|p1a: Chimecho|spd|1\n|\n|-damage|p1a: Chimecho|37/100 brn|[from] brn\n|upkeep\n|turn|7\n|\n|t:|1776612931\n|move|p2b: Milotic|Scald|p1a: Chimecho\n|-damage|p1a: Chimecho|28/100 brn\n|move|p2a: Corviknight|Iron Head|p1a: Chimecho\n|-resisted|p1a: Chimecho|1\n|-damage|p1a: Chimecho|24/100 brn\n|move|p1b: Milotic|Hypnosis|p2b: Milotic\n|-status|p2b: Milotic|slp|[from] move: Hypnosis\n|move|p1a: Chimecho|Recover|p1a: Chimecho\n|-heal|p1a: Chimecho|74/100 brn\n|\n|-damage|p1a: Chimecho|68/100 brn|[from] brn\n|upkeep\n|turn|8\n|inactive|zewih has 30 seconds left.\n|\n|t:|1776612961\n|cant|p2b: Milotic|slp\n|move|p2a: Corviknight|Brave Bird|p1b: Milotic\n|-damage|p1b: Milotic|31/100\n|-damage|p2a: Corviknight|81/100|[from] Recoil\n|move|p1b: Milotic|Scald|p2a: Corviknight\n|-damage|p2a: Corviknight|34/100\n|move|p1a: Chimecho|Cosmic Power|p1a: Chimecho\n|-boost|p1a: Chimecho|def|1\n|-boost|p1a: Chimecho|spd|1\n|\n|-damage|p1a: Chimecho|62/100 brn|[from] brn\n|upkeep\n|turn|9\n|\n|t:|1776612978\n|-curestatus|p2b: Milotic|slp|[msg]\n|move|p2b: Milotic|Scald|p1b: Milotic\n|-resisted|p1b: Milotic|1\n|-damage|p1b: Milotic|22/100\n|-status|p1b: Milotic|brn\n|move|p2a: Corviknight|Roost|p2a: Corviknight\n|-heal|p2a: Corviknight|84/100\n|-singleturn|p2a: Corviknight|move: Roost\n|move|p1b: Milotic|Scald|p2a: Corviknight\n|-damage|p2a: Corviknight|43/100\n|move|p1a: Chimecho|Baton Pass|p1a: Chimecho\n|\n|t:|1776612991\n|switch|p1a: Sinistcha|Sinistcha, L50|100/100|[from] Baton Pass\n|-heal|p1b: Milotic|47/100 brn|[from] ability: Hospitality|[of] p1a: Sinistcha\n|\n|-damage|p1b: Milotic|41/100 brn|[from] brn\n|upkeep\n|turn|10\n|\n|t:|1776613012\n|move|p2b: Milotic|Scald|p1a: Sinistcha\n|-resisted|p1a: Sinistcha|1\n|-damage|p1a: Sinistcha|95/100\n|-status|p1a: Sinistcha|brn\n|move|p2a: Corviknight|Roost|p2a: Corviknight\n|-heal|p2a: Corviknight|93/100\n|-singleturn|p2a: Corviknight|move: Roost\n|move|p1b: Milotic|Scald|p2a: Corviknight\n|-damage|p2a: Corviknight|45/100\n|move|p1a: Sinistcha|Trick Room|p1a: Sinistcha\n|-fieldstart|move: Trick Room|[of] p1a: Sinistcha\n|\n|-damage|p1a: Sinistcha|89/100 brn|[from] brn\n|-damage|p1b: Milotic|35/100 brn|[from] brn\n|upkeep\n|turn|11\n|\n|t:|1776613036\n|move|p1a: Sinistcha|Matcha Gotcha|p2b: Milotic|[spread] p2b\n|-miss|p1a: Sinistcha|p2a: Corviknight\n|-supereffective|p2b: Milotic|1\n|-damage|p2b: Milotic|52/100\n|-heal|p1a: Sinistcha|100/100 brn|[from] drain|[of] p2b: Milotic\n|move|p1b: Milotic|Scald|p2a: Corviknight\n|-damage|p2a: Corviknight|3/100\n|-status|p2a: Corviknight|brn\n|-enditem|p2a: Corviknight|Lum Berry|[eat]\n|-curestatus|p2a: Corviknight|brn|[msg]\n|move|p2a: Corviknight|Brave Bird|p1a: Sinistcha\n|-supereffective|p1a: Sinistcha|1\n|-damage|p1a: Sinistcha|77/100 brn\n|-damage|p2a: Corviknight|0 fnt|[from] Recoil\n|faint|p2a: Corviknight\n|move|p2b: Milotic|Scald|p1b: Milotic\n|-resisted|p1b: Milotic|1\n|-damage|p1b: Milotic|25/100 brn\n|\n|-heal|p2b: Milotic|58/100|[from] item: Leftovers\n|-damage|p1a: Sinistcha|71/100 brn|[from] brn\n|-damage|p1b: Milotic|19/100 brn|[from] brn\n|upkeep\n|inactive|zewih has 30 seconds left.\n|\n|t:|1776613066\n|switch|p2a: Tyranitar|Tyranitar, L50, M|77/100 slp\n|-weather|Sandstorm|[from] ability: Sand Stream|[of] p2a: Tyranitar\n|turn|12\n|\n|t:|1776613076\n|-curestatus|p2a: Tyranitar|slp|[msg]\n|move|p2a: Tyranitar|Protect|p2a: Tyranitar\n|-singleturn|p2a: Tyranitar|Protect\n|move|p1a: Sinistcha|Matcha Gotcha|p2b: Milotic|[spread] p2b\n|-activate|p2a: Tyranitar|move: Protect\n|-supereffective|p2b: Milotic|1\n|-damage|p2b: Milotic|6/100\n|-heal|p1a: Sinistcha|99/100 brn|[from] drain|[of] p2b: Milotic\n|move|p1b: Milotic|Draining Kiss|p2a: Tyranitar\n|-activate|p2a: Tyranitar|move: Protect\n|move|p2b: Milotic|Scald|p1b: Milotic\n|-resisted|p1b: Milotic|1\n|-crit|p1b: Milotic\n|-damage|p1b: Milotic|5/100 brn\n|\n|-weather|Sandstorm|[upkeep]\n|-damage|p1a: Sinistcha|94/100 brn|[from] Sandstorm\n|-damage|p1b: Milotic|0 fnt|[from] Sandstorm\n|-damage|p2b: Milotic|0 fnt|[from] Sandstorm\n|faint|p1b: Milotic\n|faint|p2b: Milotic\n|-damage|p1a: Sinistcha|88/100 brn|[from] brn\n|upkeep\n|\n|t:|1776613096\n|switch|p1b: Incineroar|Incineroar, L50, F|100/100\n|switch|p2b: Garchomp|Garchomp, L50, M|100/100\n|-ability|p1b: Incineroar|Intimidate|boost\n|-unboost|p2a: Tyranitar|atk|1\n|-unboost|p2b: Garchomp|atk|1\n|turn|13\n|inactive|zewih has 30 seconds left.\n|\n|t:|1776613122\n|detailschange|p2a: Tyranitar|Tyranitar-Mega, L50, M\n|-mega|p2a: Tyranitar|Tyranitar|Tyranitarite\n|move|p1a: Sinistcha|Matcha Gotcha|p2a: Tyranitar|[spread] p2a\n|-miss|p1a: Sinistcha|p2b: Garchomp\n|-supereffective|p2a: Tyranitar|1\n|-damage|p2a: Tyranitar|49/100\n|-heal|p1a: Sinistcha|100/100 brn|[from] drain|[of] p2a: Tyranitar\n|move|p1b: Incineroar|Close Combat|p2a: Tyranitar\n|-supereffective|p2a: Tyranitar|2\n|-damage|p2a: Tyranitar|0 fnt\n|-unboost|p1b: Incineroar|def|1\n|-unboost|p1b: Incineroar|spd|1\n|faint|p2a: Tyranitar\n|move|p2b: Garchomp|Stomping Tantrum|p1b: Incineroar\n|-supereffective|p1b: Incineroar|1\n|-damage|p1b: Incineroar|26/100\n|\n|-weather|Sandstorm|[upkeep]\n|-damage|p1a: Sinistcha|94/100 brn|[from] Sandstorm\n|-damage|p1b: Incineroar|20/100|[from] Sandstorm\n|-damage|p1a: Sinistcha|88/100 brn|[from] brn\n|upkeep\n|turn|14\n|\n|t:|1776613145\n|move|p2b: Garchomp|Protect|p2b: Garchomp\n|-singleturn|p2b: Garchomp|Protect\n|move|p1a: Sinistcha|Matcha Gotcha|p2b: Garchomp\n|-activate|p2b: Garchomp|move: Protect\n|move|p1b: Incineroar|Parting Shot|p2b: Garchomp\n|-activate|p2b: Garchomp|move: Protect\n|\n|-weather|Sandstorm|[upkeep]\n|-damage|p1a: Sinistcha|82/100 brn|[from] Sandstorm\n|-damage|p1b: Incineroar|14/100|[from] Sandstorm\n|-damage|p1a: Sinistcha|76/100 brn|[from] brn\n|-fieldend|move: Trick Room\n|upkeep\n|turn|15\n|\n|t:|1776613162\n|switch|p1b: Chimecho|Chimecho-Mega, L50, M|62/100 brn\n|move|p2b: Garchomp|Stomping Tantrum|p1b: Chimecho\n|-immune|p1b: Chimecho|[from] ability: Levitate\n|move|p1a: Sinistcha|Matcha Gotcha|p2b: Garchomp\n|-damage|p2b: Garchomp|56/100\n|-heal|p1a: Sinistcha|100/100 brn|[from] drain|[of] p2b: Garchomp\n|\n|-weather|Sandstorm|[upkeep]\n|-damage|p1a: Sinistcha|94/100 brn|[from] Sandstorm\n|-damage|p1b: Chimecho|56/100 brn|[from] brn\n|-damage|p1a: Sinistcha|88/100 brn|[from] brn\n|upkeep\n|turn|16\n|-message|zewih forfeited.\n|\n|win|StrawberryBalloons\n|raw|StrawberryBalloons's rating: 1239 &rarr; <strong>1262</strong><br />(+23 for winning)\n|raw|zewih's rating: 1210 &rarr; <strong>1187</strong><br />(-23 for losing)\n|l|\u2606zewih\n|player|p2|\n",
  "uploadtime": 1776613173,
  "views": 14,
  "formatid": "gen9championsvgc2026regma",
  "rating": 1187,
  "private": 0,
  "password": null
}