{
  "id": "gen9championsvgc2026regma-2583426385",
  "format": "[Gen 9 Champions] VGC 2026 Reg M-A",
  "players": [
    "ihav0imag1nation",
    "Jeremykhoo"
  ],
  "log": "|j|\u2606ihav0imag1nation\n|j|\u2606Jeremykhoo\n|t:|1776174875\n|gametype|doubles\n|player|p1|ihav0imag1nation|169|1173\n|player|p2|Jeremykhoo|hilbert-wonderlauncher|1140\n|gen|9\n|tier|[Gen 9 Champions] VGC 2026 Reg M-A\n|rated|\n|rule|Species Clause: Limit one of each Pok\u00e9mon\n|rule|Item Clause: Limit 1 of each item\n|clearpoke\n|poke|p1|Crabominable, L50, M|\n|poke|p1|Oranguru, L50, F|\n|poke|p1|Incineroar, L50, F|\n|poke|p1|Hatterene, L50, F|\n|poke|p1|Kingambit, L50, M|\n|poke|p1|Sinistcha, L50|\n|poke|p2|Tyranitar, L50, M|\n|poke|p2|Whimsicott, L50, M|\n|poke|p2|Aggron, L50, M|\n|poke|p2|Drampa, L50, F|\n|poke|p2|Sylveon, L50, F|\n|poke|p2|Arcanine, L50, M|\n|teampreview|4\n|inactive|Battle timer is ON: inactive players will automatically lose when time's up. (requested by ihav0imag1nation)\n|\n|t:|1776174937\n|teamsize|p1|4\n|teamsize|p2|4\n|start\n|switch|p1a: Oranguru|Oranguru, L50, F|100/100\n|switch|p1b: Crabominable|Crabominable, L50, M|100/100\n|switch|p2a: Whimsicott|Whimsicott, L50, M|100/100\n|switch|p2b: Aggron|Aggron, L50, M|100/100\n|turn|1\n|\n|t:|1776174955\n|detailschange|p2b: Aggron|Aggron-Mega, L50, M\n|-mega|p2b: Aggron|Aggron|Aggronite\n|detailschange|p1b: Crabominable|Crabominable-Mega, L50, M\n|-mega|p1b: Crabominable|Crabominable|Crabominite\n|move|p2a: Whimsicott|Moonblast|p1b: Crabominable\n|-supereffective|p1b: Crabominable|1\n|-crit|p1b: Crabominable\n|-damage|p1b: Crabominable|35/100\n|move|p2b: Aggron|Heavy Slam|p1b: Crabominable\n|-supereffective|p1b: Crabominable|1\n|-damage|p1b: Crabominable|8/100\n|move|p1b: Crabominable|Drain Punch|p2b: Aggron\n|-supereffective|p2b: Aggron|1\n|-damage|p2b: Aggron|55/100\n|-heal|p1b: Crabominable|28/100|[from] drain|[of] p2b: Aggron\n|move|p1a: Oranguru|Trick Room|p1a: Oranguru\n|-fieldstart|move: Trick Room|[of] p1a: Oranguru\n|\n|upkeep\n|turn|2\n|\n|t:|1776174975\n|move|p2b: Aggron|Protect|p2b: Aggron\n|-singleturn|p2b: Aggron|Protect\n|move|p2a: Whimsicott|Encore|p1a: Oranguru\n|-start|p1a: Oranguru|Encore\n|-enditem|p1a: Oranguru|Mental Herb\n|-end|p1a: Oranguru|Encore\n|move|p1b: Crabominable|Drain Punch|p2b: Aggron\n|-activate|p2b: Aggron|move: Protect\n|move|p1a: Oranguru|Instruct|p1b: Crabominable\n|-singleturn|p1b: Crabominable|move: Instruct|[of] p1a: Oranguru\n|move|p1b: Crabominable|Drain Punch|p2b: Aggron\n|-activate|p2b: Aggron|move: Protect\n|\n|upkeep\n|turn|3\n|inactive|Jeremykhoo has 30 seconds left.\n|\n|t:|1776175002\n|move|p1b: Crabominable|Ice Hammer|p2a: Whimsicott\n|-supereffective|p2a: Whimsicott|1\n|-damage|p2a: Whimsicott|0 fnt\n|-unboost|p1b: Crabominable|spe|1\n|faint|p2a: Whimsicott\n|move|p2b: Aggron|Heavy Slam|p1a: Oranguru\n|-damage|p1a: Oranguru|54/100\n|move|p1a: Oranguru|Instruct|p1b: Crabominable\n|-singleturn|p1b: Crabominable|move: Instruct|[of] p1a: Oranguru\n|move|p1b: Crabominable|Ice Hammer|p2b: Aggron|[miss]\n|-miss|p1b: Crabominable|p2b: Aggron\n|\n|upkeep\n|\n|t:|1776175017\n|switch|p2a: Drampa|Drampa, L50, F|100/100\n|turn|4\n|\n|t:|1776175036\n|move|p2b: Aggron|Protect|p2b: Aggron\n|-singleturn|p2b: Aggron|Protect\n|move|p1b: Crabominable|Drain Punch|p2a: Drampa\n|-supereffective|p2a: Drampa|1\n|-damage|p2a: Drampa|0 fnt\n|-heal|p1b: Crabominable|74/100|[from] drain|[of] p2a: Drampa\n|faint|p2a: Drampa\n|move|p1a: Oranguru|Instruct|p1b: Crabominable\n|-singleturn|p1b: Crabominable|move: Instruct|[of] p1a: Oranguru\n|move|p1b: Crabominable|Drain Punch|p2b: Aggron\n|-activate|p2b: Aggron|move: Protect\n|\n|upkeep\n|\n|t:|1776175048\n|switch|p2a: Tyranitar|Tyranitar, L50, M|100/100\n|-weather|Sandstorm|[from] ability: Sand Stream|[of] p2a: Tyranitar\n|turn|5\n|\n|t:|1776175067\n|move|p1b: Crabominable|Drain Punch|p2b: Aggron\n|-supereffective|p2b: Aggron|1\n|-damage|p2b: Aggron|11/100\n|-heal|p1b: Crabominable|93/100|[from] drain|[of] p2b: Aggron\n|move|p2b: Aggron|Body Press|p1b: Crabominable\n|-supereffective|p1b: Crabominable|1\n|-damage|p1b: Crabominable|37/100\n|move|p1a: Oranguru|Instruct|p1b: Crabominable\n|-singleturn|p1b: Crabominable|move: Instruct|[of] p1a: Oranguru\n|move|p1b: Crabominable|Drain Punch|p2b: Aggron\n|-supereffective|p2b: Aggron|1\n|-damage|p2b: Aggron|0 fnt\n|-heal|p1b: Crabominable|42/100|[from] drain|[of] p2b: Aggron\n|faint|p2b: Aggron\n|move|p2a: Tyranitar|Rock Slide|p1a: Oranguru|[spread] p1a,p1b\n|-damage|p1a: Oranguru|28/100\n|-damage|p1b: Crabominable|21/100\n|\n|-weather|Sandstorm|[upkeep]\n|-damage|p1b: Crabominable|15/100|[from] Sandstorm\n|-damage|p1a: Oranguru|22/100|[from] Sandstorm\n|-fieldend|move: Trick Room\n|upkeep\n|turn|6\n|inactive|ihav0imag1nation has 30 seconds left.\n|inactive|ihav0imag1nation has 20 seconds left.\n|inactive|ihav0imag1nation has 15 seconds left.\n|\n|t:|1776175111\n|switch|p1a: Kingambit|Kingambit, L50, M|100/100\n|move|p1b: Crabominable|Protect|p1b: Crabominable\n|-singleturn|p1b: Crabominable|Protect\n|move|p2a: Tyranitar|Rock Slide|p1b: Crabominable|[spread] p1a\n|-activate|p1b: Crabominable|move: Protect\n|-resisted|p1a: Kingambit|1\n|-damage|p1a: Kingambit|89/100\n|\n|-weather|Sandstorm|[upkeep]\n|-damage|p1b: Crabominable|9/100|[from] Sandstorm\n|upkeep\n|turn|7\n|inactive|ihav0imag1nation has 30 seconds left.\n|\n|t:|1776175138\n|move|p2a: Tyranitar|Rock Slide|p1a: Kingambit|[spread] p1a,p1b\n|-resisted|p1a: Kingambit|1\n|-damage|p1a: Kingambit|79/100\n|-damage|p1b: Crabominable|0 fnt\n|faint|p1b: Crabominable\n|move|p1a: Kingambit|Swords Dance|p1a: Kingambit\n|-boost|p1a: Kingambit|atk|2\n|\n|-weather|Sandstorm|[upkeep]\n|upkeep\n|\n|t:|1776175148\n|switch|p1b: Hatterene|Hatterene, L50, F|100/100\n|turn|8\n|\n|t:|1776175155\n|move|p1a: Kingambit|Sucker Punch|p2a: Tyranitar\n|-resisted|p2a: Tyranitar|1\n|-damage|p2a: Tyranitar|53/100\n|move|p2a: Tyranitar|Rock Slide|p1a: Kingambit|[spread] p1a,p1b\n|-resisted|p1a: Kingambit|1\n|-damage|p1a: Kingambit|68/100\n|-damage|p1b: Hatterene|68/100\n|cant|p1b: Hatterene|flinch\n|\n|-weather|Sandstorm|[upkeep]\n|-damage|p1b: Hatterene|61/100|[from] Sandstorm\n|upkeep\n|turn|9\n|\n|t:|1776175168\n|move|p1a: Kingambit|Sucker Punch|p2a: Tyranitar\n|-resisted|p2a: Tyranitar|1\n|-damage|p2a: Tyranitar|10/100\n|move|p2a: Tyranitar|Rock Slide|p1a: Kingambit|[spread] p1a,p1b\n|-resisted|p1a: Kingambit|1\n|-damage|p1a: Kingambit|57/100\n|-damage|p1b: Hatterene|30/100\n|move|p1b: Hatterene|Dazzling Gleam|p2a: Tyranitar\n|-supereffective|p2a: Tyranitar|1\n|-damage|p2a: Tyranitar|0 fnt\n|faint|p2a: Tyranitar\n|\n|win|ihav0imag1nation\n|raw|ihav0imag1nation's rating: 1173 &rarr; <strong>1196</strong><br />(+23 for winning)\n|raw|Jeremykhoo's rating: 1140 &rarr; <strong>1117</strong><br />(-23 for losing)\n",
  "uploadtime": 1776175180,
  "views": 21,
  "formatid": "gen9championsvgc2026regma",
  "rating": 1117,
  "private": 0,
  "password": null
}