{
  "id": "gen9championsvgc2026regma-2587685091",
  "format": "[Gen 9 Champions] VGC 2026 Reg M-A",
  "players": [
    "DAVID867",
    "capacete5"
  ],
  "log": "|j|\u2606DAVID867\n|j|\u2606capacete5\n|t:|1776553724\n|gametype|doubles\n|player|p1|DAVID867|102|\n|player|p2|capacete5|byron|\n|gen|9\n|tier|[Gen 9 Champions] VGC 2026 Reg M-A\n|rule|Species Clause: Limit one of each Pok\u00e9mon\n|rule|Item Clause: Limit 1 of each item\n|clearpoke\n|poke|p1|Charizard, L50, F|\n|poke|p1|Venusaur, L50, M|\n|poke|p1|Milotic, L50, M|\n|poke|p1|Garchomp, L50, M|\n|poke|p1|Kingambit, L50, F|\n|poke|p1|Sinistcha, L50|\n|poke|p2|Pelipper, L50, M|\n|poke|p2|Archaludon, L50, M|\n|poke|p2|Sneasler, L50, M|\n|poke|p2|Floette-Eternal, L50, F|\n|poke|p2|Sinistcha, L50|\n|poke|p2|Basculegion, L50, M|\n|teampreview|4\n|inactive|Battle timer is ON: inactive players will automatically lose when time's up. (requested by capacete5)\ncapacete5 has agreed to open team sheets.\n|inactiveoff|Battle timer is now OFF.\nDAVID867 has agreed to open team sheets.\n|showteam|p1|Charizard||CharizarditeY|Blaze|HeatWave,Overheat,Protect,SolarBeam|||F|||50|]Venusaur||FocusSash|Chlorophyll|EnergyBall,SleepPowder,SludgeBomb,Protect|||M|||50|]Milotic||Leftovers|Competitive|Protect,Scald,Recover,IcyWind|||M|||50|]Garchomp||ChoiceScarf|RoughSkin|Earthquake,RockSlide,DragonClaw,PoisonJab|||M|||50|]Kingambit||BlackGlasses|Defiant|IronHead,SuckerPunch,Protect,SwordsDance|||F|||50|]Sinistcha||SitrusBerry|Hospitality|MatchaGotcha,LifeDew,TrickRoom,RagePowder||||||50|\n|showteam|p2|Pelipper||QuickClaw|Drizzle|WeatherBall,Hurricane,Tailwind,Protect|||M|||50|]Archaludon||ChopleBerry|Stamina|ElectroShot,FlashCannon,DragonPulse,Protect|||M|||50|]Sneasler||FocusSash|Unburden|FakeOut,DireClaw,CloseCombat,Protect|||M|||50|]Floette-Eternal||Floettite|FlowerVeil|DazzlingGleam,LightofRuin,CalmMind,Protect|||F|||50|]Sinistcha||SitrusBerry|Hospitality|MatchaGotcha,TrickRoom,RagePowder,Protect||||||50|]Basculegion||MysticWater|SwiftSwim|WaveCrash,LastRespects,AquaJet,Protect|||M|||50|\n|inactive|Battle timer is ON: inactive players will automatically lose when time's up. (requested by DAVID867)\n|inactive|DAVID867 has 60 seconds left.\n|inactive|capacete5 has 60 seconds left.\n|inactive|capacete5 has 30 seconds left.\n|\n|t:|1776553956\n|teamsize|p1|4\n|teamsize|p2|4\n|start\n|switch|p1a: Kingambit|Kingambit, L50, F|100/100\n|switch|p1b: Charizard|Charizard, L50, F|100/100\n|switch|p2a: Sneasler|Sneasler, L50, M|100/100\n|switch|p2b: Floette|Floette-Eternal, L50, F|100/100\n|turn|1\n|\n|t:|1776553977\n|detailschange|p1b: Charizard|Charizard-Mega-Y, L50, F\n|-mega|p1b: Charizard|Charizard|Charizardite Y\n|-weather|SunnyDay|[from] ability: Drought|[of] p1b: Charizard\n|detailschange|p2b: Floette|Floette-Mega, L50, F\n|-mega|p2b: Floette|Floette|Floettite\n|-ability|p2b: Floette|Fairy Aura\n|move|p2a: Sneasler|Fake Out|p1b: Charizard\n|-damage|p1b: Charizard|79/100\n|cant|p1b: Charizard|flinch\n|move|p2b: Floette|Calm Mind|p2b: Floette\n|-boost|p2b: Floette|spa|1\n|-boost|p2b: Floette|spd|1\n|move|p1a: Kingambit|Iron Head|p2b: Floette\n|-supereffective|p2b: Floette|1\n|-damage|p2b: Floette|7/100\n|\n|-weather|SunnyDay|[upkeep]\n|upkeep\n|turn|2\n|inactive|capacete5 has 30 seconds left.\n|inactive|capacete5 has 20 seconds left.\n|\n|t:|1776554012\n|move|p2b: Floette|Protect|p2b: Floette\n|-singleturn|p2b: Floette|Protect\n|move|p2a: Sneasler|Close Combat|p1a: Kingambit\n|-supereffective|p1a: Kingambit|2\n|-crit|p1a: Kingambit\n|-damage|p1a: Kingambit|0 fnt\n|-unboost|p2a: Sneasler|def|1\n|-unboost|p2a: Sneasler|spd|1\n|faint|p1a: Kingambit\n|move|p1b: Charizard|Heat Wave|p2b: Floette|[spread] p2a\n|-activate|p2b: Floette|move: Protect\n|-enditem|p2a: Sneasler|Focus Sash\n|-damage|p2a: Sneasler|1/100\n|\n|-weather|SunnyDay|[upkeep]\n|upkeep\n|inactive|DAVID867 has 30 seconds left.\n|inactive|DAVID867 has 20 seconds left.\n|inactive|DAVID867 has 15 seconds left.\n|\n|t:|1776554054\n|switch|p1a: Milotic|Milotic, L50, M|100/100\n|turn|3\n|inactive|capacete5 has 30 seconds left.\n|\n|t:|1776554087\n|move|p1b: Charizard|Protect|p1b: Charizard\n|-singleturn|p1b: Charizard|Protect\n|move|p2a: Sneasler|Dire Claw|p1b: Charizard\n|-activate|p1b: Charizard|move: Protect\n|move|p2b: Floette|Light of Ruin|p1a: Milotic\n|-damage|p1a: Milotic|0 fnt\n|faint|p1a: Milotic\n|-damage|p2b: Floette|0 fnt|[from] Recoil\n|faint|p2b: Floette\n|\n|-weather|SunnyDay|[upkeep]\n|upkeep\n|\n|t:|1776554110\n|switch|p2b: Pelipper|Pelipper, L50, M|100/100\n|switch|p1a: Garchomp|Garchomp, L50, M|100/100\n|-weather|RainDance|[from] ability: Drizzle|[of] p2b: Pelipper\n|turn|4\n|inactive|DAVID867 has 30 seconds left.\n|-activate|p2b: Pelipper|item: Quick Claw\n|\n|t:|1776554139\n|move|p2b: Pelipper|Tailwind|p2b: Pelipper\n|-sidestart|p2: capacete5|move: Tailwind\n|move|p2a: Sneasler|Dire Claw|p1b: Charizard\n|-damage|p1b: Charizard|17/100\n|move|p1a: Garchomp|Earthquake|p2a: Sneasler|[spread] p2a\n|-immune|p1b: Charizard\n|-immune|p2b: Pelipper\n|-supereffective|p2a: Sneasler|1\n|-damage|p2a: Sneasler|0 fnt\n|faint|p2a: Sneasler\n|move|p1b: Charizard|Heat Wave|p2b: Pelipper\n|-resisted|p2b: Pelipper|1\n|-damage|p2b: Pelipper|81/100\n|-status|p2b: Pelipper|brn\n|\n|-weather|RainDance|[upkeep]\n|-damage|p2b: Pelipper|75/100 brn|[from] brn\n|upkeep\n|\n|t:|1776554158\n|switch|p2a: Sinistcha|Sinistcha, L50|100/100\n|-heal|p2b: Pelipper|99/100 brn|[from] ability: Hospitality|[of] p2a: Sinistcha\n|turn|5\n|\n|t:|1776554185\n|move|p1a: Garchomp|Earthquake|p2a: Sinistcha|[spread] p2a\n|-immune|p1b: Charizard\n|-immune|p2b: Pelipper\n|-resisted|p2a: Sinistcha|1\n|-damage|p2a: Sinistcha|82/100\n|move|p2b: Pelipper|Weather Ball|p1a: Garchomp\n|-damage|p1a: Garchomp|30/100\n|move|p2a: Sinistcha|Matcha Gotcha|p1a: Garchomp|[spread] p1a,p1b\n|-resisted|p1b: Charizard|2\n|-damage|p1a: Garchomp|3/100\n|-heal|p2a: Sinistcha|97/100|[from] drain|[of] p1a: Garchomp\n|-damage|p1b: Charizard|11/100\n|-heal|p2a: Sinistcha|99/100|[from] drain|[of] p1b: Charizard\n|move|p1b: Charizard|Heat Wave|p2a: Sinistcha|[spread] p2a,p2b\n|-supereffective|p2a: Sinistcha|1\n|-resisted|p2b: Pelipper|1\n|-damage|p2a: Sinistcha|52/100\n|-damage|p2b: Pelipper|86/100 brn\n|\n|-weather|RainDance|[upkeep]\n|-damage|p2b: Pelipper|80/100 brn|[from] brn\n|upkeep\n|turn|6\n|inactive|capacete5 has 30 seconds left.\n|-message|DAVID867 forfeited.\n|\n|win|capacete5\n",
  "uploadtime": 1776554211,
  "views": 10,
  "formatid": "gen9championsvgc2026regma",
  "rating": null,
  "private": 0,
  "password": null
}