{
  "id": "gen9championsvgc2026regma-2580566725",
  "format": "[Gen 9 Champions] VGC 2026 Reg M-A",
  "players": [
    "simplici",
    "lilyflows"
  ],
  "log": "|j|\u2606simplici\n|j|\u2606lilyflows\n|t:|1775913587\n|gametype|doubles\n|player|p1|simplici|swimmerf|1000\n|player|p2|lilyflows|n|1054\n|gen|9\n|tier|[Gen 9 Champions] VGC 2026 Reg M-A\n|rated|\n|rule|Species Clause: Limit one of each Pok\u00e9mon\n|rule|Item Clause: Limit 1 of each item\n|clearpoke\n|poke|p1|Incineroar, L50, M|\n|poke|p1|Greninja-*, L50, M|\n|poke|p1|Pelipper, L50, M|\n|poke|p1|Archaludon, L50, M|\n|poke|p1|Whimsicott, L50, M|\n|poke|p1|Mamoswine, L50, F|\n|poke|p2|Floette-Eternal, L50, F|\n|poke|p2|Garchomp, L50, F|\n|poke|p2|Whimsicott, L50, F|\n|poke|p2|Incineroar, L50, M|\n|poke|p2|Corviknight, L50, F|\n|poke|p2|Azumarill, L50, M|\n|teampreview|4\n|inactive|Battle timer is ON: inactive players will automatically lose when time's up. (requested by lilyflows)\n|l|\u2606simplici\n|inactive|simplici disconnected and has a minute to reconnect!\n|player|p1|\n|j|\u2606simplici\n|inactive|simplici reconnected and has 60 seconds left.\n|player|p1|simplici|swimmerf|\n|\n|t:|1775913625\n|teamsize|p1|4\n|teamsize|p2|4\n|start\n|switch|p1a: Incineroar|Incineroar, L50, M|100/100\n|switch|p1b: Pelipper|Pelipper, L50, M|100/100\n|switch|p2a: Whimsicott|Whimsicott, L50, F|100/100\n|switch|p2b: Incineroar|Incineroar, L50, M|100/100\n|-ability|p2b: Incineroar|Intimidate|boost\n|-unboost|p1a: Incineroar|atk|1\n|-unboost|p1b: Pelipper|atk|1\n|-weather|RainDance|[from] ability: Drizzle|[of] p1b: Pelipper\n|-ability|p1a: Incineroar|Intimidate|boost\n|-unboost|p2a: Whimsicott|atk|1\n|-unboost|p2b: Incineroar|atk|1\n|turn|1\n|inactive|simplici has 30 seconds left.\n|inactive|lilyflows has 30 seconds left.\n|inactive|simplici has 20 seconds left.\n|\n|t:|1775913665\n|move|p2b: Incineroar|Fake Out|p1b: Pelipper\n|-damage|p1b: Pelipper|93/100\n|move|p1a: Incineroar|Fake Out|p2a: Whimsicott\n|-damage|p2a: Whimsicott|92/100\n|cant|p2a: Whimsicott|flinch\n|cant|p1b: Pelipper|flinch\n|\n|-weather|RainDance|[upkeep]\n|upkeep\n|turn|2\n|\n|t:|1775913687\n|move|p2a: Whimsicott|Tailwind|p2a: Whimsicott\n|-sidestart|p2: lilyflows|move: Tailwind\n|move|p2b: Incineroar|Parting Shot|p1b: Pelipper\n|-unboost|p1b: Pelipper|atk|1\n|-unboost|p1b: Pelipper|spa|1\n|\n|t:|1775913695\n|switch|p2b: Floette|Floette-Eternal, L50, F|100/100|[from] Parting Shot\n|move|p1b: Pelipper|Hurricane|p2a: Whimsicott\n|-supereffective|p2a: Whimsicott|1\n|-damage|p2a: Whimsicott|15/100\n|-start|p2a: Whimsicott|confusion\n|move|p1a: Incineroar|Parting Shot|p2b: Floette\n|-unboost|p2b: Floette|atk|1\n|-unboost|p2b: Floette|spa|1\n|\n|t:|1775913707\n|switch|p1a: Greninja|Greninja, L50, M, shiny|100/100|[from] Parting Shot\n|\n|-weather|RainDance|[upkeep]\n|upkeep\n|turn|3\n|inactive|simplici has 30 seconds left.\n|\n|t:|1775913735\n|detailschange|p2b: Floette|Floette-Mega, L50, F\n|-mega|p2b: Floette|Floette|Floettite\n|-ability|p2b: Floette|Fairy Aura\n|detailschange|p1a: Greninja|Greninja-Mega, L50, M, shiny\n|-mega|p1a: Greninja|Greninja|Greninjite\n|move|p2b: Floette|Dazzling Gleam|p1b: Pelipper|[spread] p1a,p1b\n|-supereffective|p1a: Greninja|1\n|-damage|p1a: Greninja|4/100\n|-damage|p1b: Pelipper|51/100\n|-activate|p2a: Whimsicott|confusion\n|-damage|p2a: Whimsicott|11/100|[from] confusion\n|move|p1a: Greninja|Sludge Wave|p2b: Floette|[spread] p1b,p2a,p2b\n|-start|p1a: Greninja|typechange|Poison|[from] ability: Protean\n|-crit|p1b: Pelipper\n|-supereffective|p2a: Whimsicott|2\n|-supereffective|p2b: Floette|1\n|-damage|p1b: Pelipper|0 fnt\n|-damage|p2a: Whimsicott|0 fnt\n|-damage|p2b: Floette|36/100\n|faint|p1b: Pelipper\n|faint|p2a: Whimsicott\n|\n|-weather|RainDance|[upkeep]\n|upkeep\n|\n|t:|1775913758\n|switch|p2a: Incineroar|Incineroar, L50, M|100/100\n|switch|p1b: Incineroar|Incineroar, L50, M|100/100\n|-ability|p2a: Incineroar|Intimidate|boost\n|-unboost|p1a: Greninja|atk|1\n|-unboost|p1b: Incineroar|atk|1\n|-ability|p1b: Incineroar|Intimidate|boost\n|-unboost|p2a: Incineroar|atk|1\n|-unboost|p2b: Floette|atk|1\n|turn|4\n|\n|t:|1775913780\n|switch|p2b: Garchomp|Garchomp, L50, F|100/100\n|move|p2a: Incineroar|Fake Out|p1a: Greninja\n|-damage|p1a: Greninja|0 fnt\n|faint|p1a: Greninja\n|move|p1b: Incineroar|Fake Out|p2b: Garchomp\n|-damage|p2b: Garchomp|91/100\n|-damage|p1b: Incineroar|88/100|[from] ability: Rough Skin|[of] p2b: Garchomp\n|\n|-weather|RainDance|[upkeep]\n|upkeep\n|\n|t:|1775913793\n|switch|p1a: Archaludon|Archaludon, L50, M|100/100\n|turn|5\n|\n|t:|1775913814\n|move|p2b: Garchomp|Earthquake|p1a: Archaludon|[spread] p2a,p1a,p1b\n|-supereffective|p2a: Incineroar|1\n|-supereffective|p1a: Archaludon|1\n|-supereffective|p1b: Incineroar|1\n|-damage|p2a: Incineroar|12/100\n|-damage|p1a: Archaludon|42/100\n|-damage|p1b: Incineroar|24/100\n|-ability|p1a: Archaludon|Stamina|boost\n|-boost|p1a: Archaludon|def|1\n|move|p2a: Incineroar|Darkest Lariat|p1a: Archaludon\n|-damage|p1a: Archaludon|17/100\n|-ability|p1a: Archaludon|Stamina|boost\n|-boost|p1a: Archaludon|def|1\n|move|p1a: Archaludon|Iron Defense|p1a: Archaludon\n|-boost|p1a: Archaludon|def|2\n|move|p1b: Incineroar|Darkest Lariat|p2b: Garchomp\n|-damage|p2b: Garchomp|64/100\n|-damage|p1b: Incineroar|11/100|[from] ability: Rough Skin|[of] p2b: Garchomp\n|\n|-weather|none\n|-heal|p2a: Incineroar|18/100|[from] item: Leftovers\n|-sideend|p2: lilyflows|move: Tailwind\n|upkeep\n|turn|6\n|inactive|simplici has 30 seconds left.\n|inactive|lilyflows has 30 seconds left.\n|\n|t:|1775913846\n|move|p2b: Garchomp|Earthquake|p1a: Archaludon|[spread] p2a,p1a,p1b\n|-supereffective|p2a: Incineroar|1\n|-supereffective|p1a: Archaludon|1\n|-supereffective|p1b: Incineroar|1\n|-damage|p2a: Incineroar|0 fnt\n|-damage|p1a: Archaludon|0 fnt\n|-damage|p1b: Incineroar|0 fnt\n|faint|p2a: Incineroar\n|faint|p1a: Archaludon\n|faint|p1b: Incineroar\n|\n|win|lilyflows\n|raw|simplici's rating: 1000 &rarr; <strong>1000</strong><br />(+0 for losing)\n|raw|lilyflows's rating: 1054 &rarr; <strong>1081</strong><br />(+27 for winning)\n|c|\u2606lilyflows|gg\n|l|\u2606simplici\n|player|p1|\n",
  "uploadtime": 1775913864,
  "views": 21,
  "formatid": "gen9championsvgc2026regma",
  "rating": 1000,
  "private": 0,
  "password": null
}