{
  "id": "gen9championsvgc2026regma-2583889992",
  "format": "[Gen 9 Champions] VGC 2026 Reg M-A",
  "players": [
    "SchrobZen",
    "SkibidiStrikes"
  ],
  "log": "|j|\u2606SchrobZen\n|j|\u2606SkibidiStrikes\n|t:|1776205808\n|gametype|doubles\n|player|p1|SchrobZen|gambler|1084\n|player|p2|SkibidiStrikes|170|1120\n|gen|9\n|tier|[Gen 9 Champions] VGC 2026 Reg M-A\n|rated|\n|rule|Species Clause: Limit one of each Pok\u00e9mon\n|rule|Item Clause: Limit 1 of each item\n|clearpoke\n|poke|p1|Incineroar, L50, F|\n|poke|p1|Sinistcha, L50|\n|poke|p1|Sneasler, L50, F|\n|poke|p1|Zoroark, L50, M|\n|poke|p1|Starmie, L50|\n|poke|p1|Aerodactyl, L50, F|\n|poke|p2|Meganium, L50, F|\n|poke|p2|Incineroar, L50, F|\n|poke|p2|Farigiraf, L50, M|\n|poke|p2|Basculegion, L50, M|\n|poke|p2|Aerodactyl, L50, M|\n|poke|p2|Sneasler, L50, F|\n|teampreview|4\n|\n|t:|1776205845\n|teamsize|p1|4\n|teamsize|p2|4\n|start\n|switch|p1a: Starmie|Starmie, L50|100/100\n|switch|p1b: Sneasler|Sneasler, L50, F|100/100\n|switch|p2a: Aerodactyl|Aerodactyl, L50, M|100/100\n|switch|p2b: Basculegion|Basculegion, L50, M|100/100\n|-ability|p2a: Aerodactyl|Unnerve\n|turn|1\n|inactive|Battle timer is ON: inactive players will automatically lose when time's up. (requested by SchrobZen)\n|\n|t:|1776205864\n|move|p2a: Aerodactyl|Protect|p2a: Aerodactyl\n|-singleturn|p2a: Aerodactyl|Protect\n|move|p1a: Starmie|Protect|p1a: Starmie\n|-singleturn|p1a: Starmie|Protect\n|move|p2b: Basculegion|Flip Turn|p1b: Sneasler\n|-damage|p1b: Sneasler|28/100\n|replace|p1b: Zoroark|Zoroark, L50, M\n|-end|p1b: Zoroark|Illusion\n|\n|t:|1776205874\n|switch|p2b: Meganium|Meganium, L50, F|100/100|[from] Flip Turn\n|move|p1b: Zoroark|Dark Pulse|p2b: Meganium\n|-damage|p2b: Meganium|60/100\n|\n|upkeep\n|turn|2\n|\n|t:|1776205888\n|detailschange|p1a: Starmie|Starmie-Mega, L50\n|-mega|p1a: Starmie|Starmie|Starminite\n|detailschange|p2b: Meganium|Meganium-Mega, L50, F\n|-mega|p2b: Meganium|Meganium|Meganiumite\n|move|p2a: Aerodactyl|Tailwind|p2a: Aerodactyl\n|-sidestart|p2: SkibidiStrikes|move: Tailwind\n|move|p2b: Meganium|Solar Beam||[still]\n|-prepare|p2b: Meganium|Solar Beam\n|-activate|p2b: Meganium|ability: Mega Sol\n|-anim|p2b: Meganium|Solar Beam|p1a: Starmie\n|-supereffective|p1a: Starmie|1\n|-damage|p1a: Starmie|0 fnt\n|faint|p1a: Starmie\n|move|p1b: Zoroark|Sludge Bomb|p2b: Meganium\n|-supereffective|p2b: Meganium|2\n|-damage|p2b: Meganium|0 fnt\n|faint|p2b: Meganium\n|\n|upkeep\n|\n|t:|1776205912\n|switch|p1a: Sneasler|Sneasler, L50, F|100/100\n|switch|p2b: Basculegion|Basculegion, L50, M|100/100\n|turn|3\n|-activate|p1b: Zoroark|item: Quick Claw\n|\n|t:|1776205931\n|move|p2a: Aerodactyl|Protect|p2a: Aerodactyl\n|-singleturn|p2a: Aerodactyl|Protect\n|move|p1a: Sneasler|Fake Out|p2a: Aerodactyl\n|-activate|p2a: Aerodactyl|move: Protect\n|move|p2b: Basculegion|Aqua Jet|p1b: Zoroark\n|-damage|p1b: Zoroark|0 fnt\n|faint|p1b: Zoroark\n|\n|upkeep\n|\n|t:|1776205941\n|switch|p1b: Incineroar|Incineroar, L50, F|100/100\n|-ability|p1b: Incineroar|Intimidate|boost\n|-unboost|p2a: Aerodactyl|atk|1\n|-unboost|p2b: Basculegion|atk|1\n|turn|4\n|\n|t:|1776205956\n|switch|p2a: Sneasler|Sneasler, L50, F|100/100\n|move|p1b: Incineroar|Fake Out|p2a: Sneasler\n|-damage|p2a: Sneasler|78/100\n|move|p2b: Basculegion|Aqua Jet|p1b: Incineroar\n|-supereffective|p1b: Incineroar|1\n|-damage|p1b: Incineroar|65/100\n|move|p1a: Sneasler|Rock Slide|p2a: Sneasler|[spread] p2a\n|-miss|p1a: Sneasler|p2b: Basculegion\n|-resisted|p2a: Sneasler|1\n|-damage|p2a: Sneasler|61/100\n|\n|upkeep\n|turn|5\n|\n|t:|1776205972\n|switch|p2b: Aerodactyl|Aerodactyl, L50, M|100/100\n|-ability|p2b: Aerodactyl|Unnerve\n|move|p2a: Sneasler|Close Combat|p1b: Incineroar\n|-supereffective|p1b: Incineroar|1\n|-damage|p1b: Incineroar|0 fnt\n|-unboost|p2a: Sneasler|def|1\n|-unboost|p2a: Sneasler|spd|1\n|faint|p1b: Incineroar\n|-enditem|p2a: Sneasler|White Herb\n|-clearnegativeboost|p2a: Sneasler|[silent]\n|move|p1a: Sneasler|Rock Slide|p2b: Aerodactyl|[spread] p2a,p2b\n|-resisted|p2a: Sneasler|1\n|-supereffective|p2b: Aerodactyl|1\n|-damage|p2a: Sneasler|43/100\n|-damage|p2b: Aerodactyl|34/100\n|\n|-sideend|p2: SkibidiStrikes|move: Tailwind\n|upkeep\n|turn|6\n|c|\u2606SchrobZen|GG\n|\n|t:|1776205995\n|move|p2a: Sneasler|Close Combat|p1a: Sneasler\n|-resisted|p1a: Sneasler|1\n|-damage|p1a: Sneasler|41/100\n|-unboost|p2a: Sneasler|def|1\n|-unboost|p2a: Sneasler|spd|1\n|move|p2b: Aerodactyl|Dual Wingbeat|p1a: Sneasler\n|-supereffective|p1a: Sneasler|1\n|-damage|p1a: Sneasler|0 fnt\n|faint|p1a: Sneasler\n|-hitcount|p1: Sneasler|1\n|\n|win|SkibidiStrikes\n|raw|SchrobZen's rating: 1084 &rarr; <strong>1064</strong><br />(-20 for losing)\n|raw|SkibidiStrikes's rating: 1120 &rarr; <strong>1142</strong><br />(+22 for winning)\n|c|\u2606SchrobZen|couldn't stop tailwind\n|c|\u2606SkibidiStrikes|GG\n|c|\u2606SkibidiStrikes|WP\n",
  "uploadtime": 1776206046,
  "views": 24,
  "formatid": "gen9championsvgc2026regma",
  "rating": 1064,
  "private": 0,
  "password": null
}