{
  "id": "gen9championsvgc2026regma-2581133566",
  "format": "[Gen 9 Champions] VGC 2026 Reg M-A",
  "players": [
    "Nardyvig",
    "Egyptowl777"
  ],
  "log": "|j|\u2606Nardyvig\n|j|\u2606Egyptowl777\n|t:|1775963094\n|gametype|doubles\n|player|p1|Nardyvig|alder|1001\n|player|p2|Egyptowl777|brycenman|1000\n|gen|9\n|tier|[Gen 9 Champions] VGC 2026 Reg M-A\n|rated|\n|rule|Species Clause: Limit one of each Pok\u00e9mon\n|rule|Item Clause: Limit 1 of each item\n|clearpoke\n|poke|p1|Crabominable, L50, M|\n|poke|p1|Sinistcha, L50|\n|poke|p1|Ninetales-Alola, L50, M|\n|poke|p1|Gengar, L50, F|\n|poke|p1|Primarina, L50, F|\n|poke|p1|Arcanine-Hisui, L50, F|\n|poke|p2|Golurk, L50|\n|poke|p2|Whimsicott, L50, F|\n|poke|p2|Audino, L50, F|\n|poke|p2|Maushold, L50|\n|poke|p2|Ariados, L50, F|\n|poke|p2|Skarmory, L50, M|\n|teampreview|4\n|\n|t:|1775963138\n|teamsize|p1|4\n|teamsize|p2|4\n|start\n|switch|p1a: Sinistcha|Sinistcha, L50|100/100\n|switch|p1b: Ninetales|Ninetales-Alola, L50, M|100/100\n|switch|p2a: Ariados|Ariados, L50, F|100/100\n|switch|p2b: Skarmory|Skarmory, L50, M|100/100\n|-weather|Snowscape|[from] ability: Snow Warning|[of] p1b: Ninetales\n|turn|1\n|\n|t:|1775963173\n|detailschange|p2b: Skarmory|Skarmory-Mega, L50, M\n|-mega|p2b: Skarmory|Skarmory|Skarmorite\n|move|p1a: Sinistcha|Protect|p1a: Sinistcha\n|-singleturn|p1a: Sinistcha|Protect\n|move|p2a: Ariados|First Impression|p1a: Sinistcha\n|-activate|p1a: Sinistcha|move: Protect\n|move|p2b: Skarmory|Iron Head|p1b: Ninetales\n|-supereffective|p1b: Ninetales|2\n|-enditem|p1b: Ninetales|Focus Sash\n|-damage|p1b: Ninetales|1/100\n|move|p1b: Ninetales|Aurora Veil|p1b: Ninetales\n|-sidestart|p1: Nardyvig|move: Aurora Veil\n|\n|-weather|Snowscape|[upkeep]\n|upkeep\n|turn|2\n|\n|t:|1775963199\n|move|p1a: Sinistcha|Rage Powder|p1a: Sinistcha\n|-singleturn|p1a: Sinistcha|move: Rage Powder\n|move|p2a: Ariados|Rage Powder|p2a: Ariados\n|-singleturn|p2a: Ariados|move: Rage Powder\n|move|p2b: Skarmory|Iron Head|p1b: Ninetales\n|-supereffective|p1b: Ninetales|2\n|-damage|p1b: Ninetales|0 fnt\n|faint|p1b: Ninetales\n|\n|-weather|Snowscape|[upkeep]\n|upkeep\n|\n|t:|1775963209\n|switch|p1b: Crabominable|Crabominable, L50, M|100/100\n|turn|3\n|\n|t:|1775963232\n|detailschange|p1b: Crabominable|Crabominable-Mega, L50, M\n|-mega|p1b: Crabominable|Crabominable|Crabominite\n|move|p2b: Skarmory|Iron Head|p1b: Crabominable\n|-supereffective|p1b: Crabominable|1\n|-damage|p1b: Crabominable|69/100\n|move|p2a: Ariados|Toxic Thread|p1a: Sinistcha\n|-unboost|p1a: Sinistcha|spe|2\n|-status|p1a: Sinistcha|psn\n|move|p1b: Crabominable|Ice Hammer|p2a: Ariados\n|-damage|p2a: Ariados|5/100\n|-unboost|p1b: Crabominable|spe|1\n|move|p1a: Sinistcha|Trick Room|p1a: Sinistcha\n|-fieldstart|move: Trick Room|[of] p1a: Sinistcha\n|\n|-weather|Snowscape|[upkeep]\n|-damage|p1a: Sinistcha|88/100 psn|[from] psn\n|upkeep\n|turn|4\n|\n|t:|1775963257\n|move|p1b: Crabominable|Ice Hammer|p2b: Skarmory\n|-damage|p2b: Skarmory|10/100\n|-unboost|p1b: Crabominable|spe|1\n|move|p1a: Sinistcha|Matcha Gotcha|p2a: Ariados|[spread] p2a,p2b\n|-resisted|p2a: Ariados|2\n|-resisted|p2b: Skarmory|2\n|-damage|p2a: Ariados|0 fnt\n|-heal|p1a: Sinistcha|90/100 psn|[from] drain|[of] p2a: Ariados\n|-damage|p2b: Skarmory|2/100\n|-heal|p1a: Sinistcha|94/100 psn|[from] drain|[of] p2b: Skarmory\n|faint|p2a: Ariados\n|move|p2b: Skarmory|Iron Head|p1b: Crabominable\n|-supereffective|p1b: Crabominable|1\n|-damage|p1b: Crabominable|41/100\n|\n|-weather|Snowscape|[upkeep]\n|-damage|p1a: Sinistcha|81/100 psn|[from] psn\n|upkeep\n|\n|t:|1775963282\n|switch|p2a: Whimsicott|Whimsicott, L50, F|100/100\n|turn|5\n|\n|t:|1775963293\n|move|p2a: Whimsicott|Worry Seed|p1b: Crabominable\n|-ability|p1b: Crabominable|Insomnia|Iron Fist|[from] move: Worry Seed\n|move|p1b: Crabominable|Ice Hammer|p2a: Whimsicott\n|-supereffective|p2a: Whimsicott|1\n|-damage|p2a: Whimsicott|0 fnt\n|-unboost|p1b: Crabominable|spe|1\n|faint|p2a: Whimsicott\n|move|p1a: Sinistcha|Matcha Gotcha|p2b: Skarmory\n|-resisted|p2b: Skarmory|2\n|-damage|p2b: Skarmory|0 fnt\n|-heal|p1a: Sinistcha|82/100 psn|[from] drain|[of] p2b: Skarmory\n|faint|p2b: Skarmory\n|\n|-weather|none\n|-damage|p1a: Sinistcha|69/100 psn|[from] psn\n|-sideend|p1: Nardyvig|move: Aurora Veil\n|upkeep\n|\n|t:|1775963306\n|switch|p2b: Maushold|Maushold, L50|100/100\n|turn|6\n|\n|t:|1775963314\n|move|p1a: Sinistcha|Rage Powder|p1a: Sinistcha\n|-singleturn|p1a: Sinistcha|move: Rage Powder\n|move|p1b: Crabominable|Close Combat|p2b: Maushold\n|-supereffective|p2b: Maushold|1\n|-damage|p2b: Maushold|0 fnt\n|-unboost|p1b: Crabominable|def|1\n|-unboost|p1b: Crabominable|spd|1\n|faint|p2b: Maushold\n|\n|win|Nardyvig\n|raw|Nardyvig's rating: 1001 &rarr; <strong>1041</strong><br />(+40 for winning)\n|raw|Egyptowl777's rating: 1000 &rarr; <strong>1000</strong><br />(+0 for losing)\n|l|\u2606Egyptowl777\n|player|p2|\n",
  "uploadtime": 1775963326,
  "views": 14,
  "formatid": "gen9championsvgc2026regma",
  "rating": 1000,
  "private": 0,
  "password": null
}