{
  "id": "gen9championsvgc2026regma-2587576592",
  "format": "[Gen 9 Champions] VGC 2026 Reg M-A",
  "players": [
    "PYS_Max2",
    "rauliito_adh"
  ],
  "log": "|j|\u2606PYS_Max2\n|j|\u2606rauliito_adh\n|t:|1776543735\n|gametype|doubles\n|player|p1|PYS_Max2|clay|1361\n|player|p2|rauliito_adh|hilbert|1436\n|gen|9\n|tier|[Gen 9 Champions] VGC 2026 Reg M-A\n|rated|\n|rule|Species Clause: Limit one of each Pok\u00e9mon\n|rule|Item Clause: Limit 1 of each item\n|clearpoke\n|poke|p1|Charizard, L50, F|\n|poke|p1|Aegislash, L50, F|\n|poke|p1|Primarina, L50, M|\n|poke|p1|Incineroar, L50, F|\n|poke|p1|Sinistcha, L50|\n|poke|p1|Sneasler, L50, M|\n|poke|p2|Gardevoir, L50, F, shiny|\n|poke|p2|Basculegion, L50, M, shiny|\n|poke|p2|Maushold-Four, L50, shiny|\n|poke|p2|Talonflame, L50, F, shiny|\n|poke|p2|Garchomp, L50, M|\n|poke|p2|Kingambit, L50, M, shiny|\n|teampreview|4\n|inactive|Battle timer is ON: inactive players will automatically lose when time's up. (requested by rauliito_adh)\nPYS_Max2 has agreed to open team sheets.\n|inactive|rauliito_adh has 60 seconds left.\n|\n|t:|1776543832\n|teamsize|p1|4\n|teamsize|p2|4\n|start\n|switch|p1a: Charizard|Charizard, L50, F|100/100\n|switch|p1b: Aegislash|Aegislash, L50, F|100/100\n|switch|p2a: Garchomp|Garchomp, L50, M|100/100\n|switch|p2b: Kingambit|Kingambit, L50, M, shiny|100/100\n|turn|1\n|\n|t:|1776543846\n|detailschange|p1a: Charizard|Charizard-Mega-X, L50, F\n|-mega|p1a: Charizard|Charizard|Charizardite X\n|move|p1b: Aegislash|Wide Guard|p1b: Aegislash\n|-singleturn|p1b: Aegislash|Wide Guard\n|move|p2a: Garchomp|Rock Slide|p1a: Charizard|[spread] \n|-activate|p1a: Charizard|move: Wide Guard\n|-activate|p1b: Aegislash|move: Wide Guard\n|move|p1a: Charizard|Flare Blitz|p2b: Kingambit\n|-supereffective|p2b: Kingambit|1\n|-damage|p2b: Kingambit|0 fnt\n|faint|p2b: Kingambit\n|-damage|p1a: Charizard|64/100|[from] Recoil\n|\n|upkeep\n|\n|t:|1776543859\n|switch|p2b: Talonflame|Talonflame, L50, F, shiny|100/100\n|turn|2\n|\n|t:|1776543873\n|switch|p1a: Incineroar|Incineroar, L50, F|100/100\n|-ability|p1a: Incineroar|Intimidate|boost\n|-unboost|p2a: Garchomp|atk|1\n|-unboost|p2b: Talonflame|atk|1\n|-enditem|p2a: Garchomp|White Herb\n|-clearnegativeboost|p2a: Garchomp|[silent]\n|move|p2b: Talonflame|Will-O-Wisp|p1b: Aegislash\n|-status|p1b: Aegislash|brn\n|move|p2a: Garchomp|Dragon Claw|p1a: Incineroar\n|-damage|p1a: Incineroar|66/100\n|-formechange|p1b: Aegislash|Aegislash-Blade|\n|move|p1b: Aegislash|Poltergeist||[still]\n|-fail|p1b: Aegislash\n|\n|-damage|p1b: Aegislash|95/100 brn|[from] brn\n|upkeep\n|turn|3\n|inactive|PYS_Max2 has 30 seconds left.\n|inactive|rauliito_adh has 30 seconds left.\n|inactive|PYS_Max2 has 20 seconds left.\n|inactive|PYS_Max2 has 15 seconds left.\n|inactive|PYS_Max2 has 10 seconds left.\n|\n|t:|1776543922\n|switch|p2b: Gardevoir|Gardevoir, L50, F, shiny|100/100\n|switch|p1b: Charizard|Charizard-Mega-X, L50, F|64/100\n|move|p1a: Incineroar|Fake Out|p2a: Garchomp\n|-crit|p2a: Garchomp\n|-damage|p2a: Garchomp|86/100\n|-damage|p1a: Incineroar|54/100|[from] ability: Rough Skin|[of] p2a: Garchomp\n|cant|p2a: Garchomp|flinch\n|\n|upkeep\n|turn|4\n|inactive|rauliito_adh has 30 seconds left.\n|\n|t:|1776543950\n|switch|p1a: Aegislash|Aegislash, L50, F|95/100 brn\n|move|p1b: Charizard|Protect|p1b: Charizard\n|-singleturn|p1b: Charizard|Protect\n|move|p2a: Garchomp|Earthquake|p1b: Charizard|[spread] p1a\n|-activate|p1b: Charizard|move: Protect\n|-activate|p2b: Gardevoir|ability: Telepathy\n|-supereffective|p1a: Aegislash|1\n|-damage|p1a: Aegislash|25/100 brn\n|move|p2b: Gardevoir|Hyper Voice|p1b: Charizard|[spread] \n|-activate|p1b: Charizard|move: Protect\n|-immune|p1a: Aegislash\n|\n|-damage|p1a: Aegislash|19/100 brn|[from] brn\n|upkeep\n|turn|5\n|inactive|PYS_Max2 has 30 seconds left.\n|inactive|PYS_Max2 has 20 seconds left.\n|inactive|PYS_Max2 has 15 seconds left.\n|\n|t:|1776543993\n|switch|p1b: Incineroar|Incineroar, L50, F|54/100\n|-ability|p1b: Incineroar|Intimidate|boost\n|-unboost|p2a: Garchomp|atk|1\n|-unboost|p2b: Gardevoir|atk|1\n|detailschange|p2b: Gardevoir|Gardevoir-Mega, L50, F, shiny\n|-mega|p2b: Gardevoir|Gardevoir|Gardevoirite\n|move|p1a: Aegislash|Wide Guard|p1a: Aegislash\n|-singleturn|p1a: Aegislash|Wide Guard\n|move|p2a: Garchomp|Dragon Claw|p1b: Incineroar\n|-damage|p1b: Incineroar|32/100\n|-enditem|p1b: Incineroar|Sitrus Berry|[eat]\n|-heal|p1b: Incineroar|56/100|[from] item: Sitrus Berry\n|move|p2b: Gardevoir|Psyshock|p1a: Aegislash\n|-resisted|p1a: Aegislash|1\n|-damage|p1a: Aegislash|0 fnt\n|faint|p1a: Aegislash\n|\n|upkeep\n|inactive|PYS_Max2 has 30 seconds left.\n|\n|t:|1776544021\n|switch|p1a: Sneasler|Sneasler, L50, M|100/100\n|turn|6\n|\n|t:|1776544044\n|switch|p2b: Talonflame|Talonflame, L50, F, shiny|100/100\n|move|p1b: Incineroar|Fake Out|p2a: Garchomp\n|-damage|p2a: Garchomp|77/100\n|-damage|p1b: Incineroar|44/100|[from] ability: Rough Skin|[of] p2a: Garchomp\n|move|p1a: Sneasler|Poison Jab|p2b: Talonflame\n|-damage|p2b: Talonflame|34/100\n|cant|p2a: Garchomp|flinch\n|\n|upkeep\n|turn|7\n|\n|t:|1776544064\n|switch|p1a: Charizard|Charizard-Mega-X, L50, F|64/100\n|move|p2b: Talonflame|Tailwind|p2b: Talonflame\n|-sidestart|p2: rauliito_adh|move: Tailwind\n|move|p2a: Garchomp|Earthquake|p1a: Charizard|[spread] p1a,p1b\n|-immune|p2b: Talonflame\n|-supereffective|p1a: Charizard|1\n|-supereffective|p1b: Incineroar|1\n|-damage|p1a: Charizard|18/100\n|-damage|p1b: Incineroar|4/100\n|move|p1b: Incineroar|Parting Shot|p2a: Garchomp\n|-unboost|p2a: Garchomp|atk|1\n|-unboost|p2a: Garchomp|spa|1\n|\n|t:|1776544076\n|switch|p1b: Sneasler|Sneasler, L50, M|100/100|[from] Parting Shot\n|\n|upkeep\n|turn|8\n|\n|t:|1776544095\n|switch|p1a: Incineroar|Incineroar, L50, F|4/100\n|-ability|p1a: Incineroar|Intimidate|boost\n|-unboost|p2a: Garchomp|atk|1\n|-unboost|p2b: Talonflame|atk|1\n|move|p1b: Sneasler|Fake Out|p2a: Garchomp\n|-damage|p2a: Garchomp|63/100\n|-damage|p1b: Sneasler|88/100|[from] ability: Rough Skin|[of] p2a: Garchomp\n|move|p2b: Talonflame|Acrobatics|p1a: Incineroar\n|-damage|p1a: Incineroar|0 fnt\n|faint|p1a: Incineroar\n|cant|p2a: Garchomp|flinch\n|\n|upkeep\n|\n|t:|1776544106\n|switch|p1a: Charizard|Charizard-Mega-X, L50, F|18/100\n|turn|9\n|inactive|rauliito_adh has 30 seconds left.\n|\n|t:|1776544136\n|switch|p2a: Gardevoir|Gardevoir-Mega, L50, F, shiny|100/100\n|move|p1a: Charizard|Protect|p1a: Charizard\n|-singleturn|p1a: Charizard|Protect\n|move|p2b: Talonflame|Acrobatics|p1a: Charizard\n|-activate|p1a: Charizard|move: Protect\n|move|p1b: Sneasler|Close Combat|p2a: Gardevoir\n|-resisted|p2a: Gardevoir|2\n|-damage|p2a: Gardevoir|78/100\n|-unboost|p1b: Sneasler|def|1\n|-unboost|p1b: Sneasler|spd|1\n|-enditem|p1b: Sneasler|White Herb\n|-clearnegativeboost|p1b: Sneasler|[silent]\n|\n|upkeep\n|turn|10\n|inactive|PYS_Max2 has 30 seconds left.\n|\n|t:|1776544161\n|move|p2b: Talonflame|Acrobatics|p1a: Charizard\n|-crit|p1a: Charizard\n|-damage|p1a: Charizard|0 fnt\n|faint|p1a: Charizard\n|move|p1b: Sneasler|Poison Jab|p2a: Gardevoir\n|-supereffective|p2a: Gardevoir|1\n|-damage|p2a: Gardevoir|0 fnt\n|faint|p2a: Gardevoir\n|\n|-sideend|p2: rauliito_adh|move: Tailwind\n|upkeep\n|\n|t:|1776544167\n|switch|p2a: Garchomp|Garchomp, L50, M|63/100\n|turn|11\n|inactive|rauliito_adh has 30 seconds left.\n|\n|t:|1776544201\n|move|p1b: Sneasler|Close Combat|p2a: Garchomp\n|-damage|p2a: Garchomp|1/100\n|-unboost|p1b: Sneasler|def|1\n|-unboost|p1b: Sneasler|spd|1\n|-damage|p1b: Sneasler|76/100|[from] ability: Rough Skin|[of] p2a: Garchomp\n|move|p2b: Talonflame|Tailwind|p2b: Talonflame\n|-sidestart|p2: rauliito_adh|move: Tailwind\n|move|p2a: Garchomp|Earthquake|p1b: Sneasler|[spread] p1b\n|-immune|p2b: Talonflame\n|-supereffective|p1b: Sneasler|1\n|-damage|p1b: Sneasler|0 fnt\n|faint|p1b: Sneasler\n|\n|win|rauliito_adh\n|raw|PYS_Max2's rating: 1361 &rarr; <strong>1345</strong><br />(-16 for losing)\n|raw|rauliito_adh's rating: 1436 &rarr; <strong>1452</strong><br />(+16 for winning)\n",
  "uploadtime": 1776544201,
  "views": 20,
  "formatid": "gen9championsvgc2026regma",
  "rating": 1345,
  "private": 0,
  "password": null
}