{
  "id": "gen9championsvgc2026regma-2588871743",
  "format": "[Gen 9 Champions] VGC 2026 Reg M-A",
  "players": [
    "Isidino",
    "spamequake"
  ],
  "log": "|j|\u203dIsidino\n|j|\u2606spamequake\n|t:|1776680872\n|gametype|doubles\n|player|p1|Isidino|1|1190\n|player|p2|spamequake|roughneck|1228\n|gen|9\n|tier|[Gen 9 Champions] VGC 2026 Reg M-A\n|rated|\n|rule|Species Clause: Limit one of each Pok\u00e9mon\n|rule|Item Clause: Limit 1 of each item\n|clearpoke\n|poke|p1|Sinistcha-Masterpiece, L50|\n|poke|p1|Oranguru, L50, F|\n|poke|p1|Torkoal, L50, M|\n|poke|p1|Crabominable, L50, M, shiny|\n|poke|p1|Drampa, L50, M|\n|poke|p1|Kingambit, L50, M, shiny|\n|poke|p2|Froslass, L50, F|\n|poke|p2|Sneasler, L50, F|\n|poke|p2|Garchomp, L50, M|\n|poke|p2|Armarouge, L50, F|\n|poke|p2|Rotom-Wash, L50|\n|poke|p2|Tyranitar, L50, M|\n|teampreview|4\n|inactive|Battle timer is ON: inactive players will automatically lose when time's up. (requested by Isidino)\n|inactive|spamequake also wants the timer to be on.\n|inactive|spamequake has 60 seconds left.\n|\n|t:|1776680918\n|teamsize|p1|4\n|teamsize|p2|4\n|start\n|switch|p1a: Sinistcha|Sinistcha-Masterpiece, L50|100/100\n|switch|p1b: Oranguru|Oranguru, L50, F|100/100\n|switch|p2a: Sneasler|Sneasler, L50, F|100/100\n|switch|p2b: Froslass|Froslass, L50, F|100/100\n|turn|1\n|\n|t:|1776680933\n|detailschange|p2b: Froslass|Froslass-Mega, L50, F\n|-mega|p2b: Froslass|Froslass|Froslassite\n|-weather|Snowscape|[from] ability: Snow Warning|[of] p2b: Froslass\n|move|p1a: Sinistcha|Rage Powder|p1a: Sinistcha\n|-singleturn|p1a: Sinistcha|move: Rage Powder\n|move|p2a: Sneasler|Dire Claw|p1a: Sinistcha\n|-damage|p1a: Sinistcha|58/100\n|move|p2b: Froslass|Blizzard|p1a: Sinistcha|[spread] p1a,p1b\n|-supereffective|p1a: Sinistcha|1\n|-damage|p1a: Sinistcha|0 fnt\n|-damage|p1b: Oranguru|62/100\n|-status|p1b: Oranguru|frz\n|-enditem|p1b: Oranguru|Lum Berry|[eat]\n|-curestatus|p1b: Oranguru|frz|[msg]\n|faint|p1a: Sinistcha\n|move|p1b: Oranguru|Trick Room|p1b: Oranguru\n|-fieldstart|move: Trick Room|[of] p1b: Oranguru\n|\n|-weather|Snowscape|[upkeep]\n|upkeep\n|\n|t:|1776680950\n|switch|p1a: Kingambit|Kingambit, L50, M, shiny|100/100\n|turn|2\n|\n|t:|1776680973\n|move|p2b: Froslass|Protect|p2b: Froslass\n|-singleturn|p2b: Froslass|Protect\n|move|p1a: Kingambit|Kowtow Cleave|p2b: Froslass\n|-activate|p2b: Froslass|move: Protect\n|move|p1b: Oranguru|Instruct|p1a: Kingambit\n|-singleturn|p1a: Kingambit|move: Instruct|[of] p1b: Oranguru\n|move|p1a: Kingambit|Kowtow Cleave|p2b: Froslass\n|-activate|p2b: Froslass|move: Protect\n|move|p2a: Sneasler|Close Combat|p1a: Kingambit\n|-supereffective|p1a: Kingambit|2\n|-enditem|p1a: Kingambit|Chople Berry|[eat]\n|-enditem|p1a: Kingambit|Chople Berry|[weaken]\n|-damage|p1a: Kingambit|4/100\n|-unboost|p2a: Sneasler|def|1\n|-unboost|p2a: Sneasler|spd|1\n|-enditem|p2a: Sneasler|White Herb\n|-clearnegativeboost|p2a: Sneasler|[silent]\n|\n|-weather|Snowscape|[upkeep]\n|upkeep\n|turn|3\n|inactive|spamequake has 30 seconds left.\n|\n|t:|1776681002\n|switch|p2b: Garchomp|Garchomp, L50, M|100/100\n|move|p1a: Kingambit|Kowtow Cleave|p2b: Garchomp\n|-damage|p2b: Garchomp|53/100\n|-damage|p1a: Kingambit|0 fnt|[from] ability: Rough Skin|[of] p2b: Garchomp\n|faint|p1a: Kingambit\n|move|p1b: Oranguru|Hyper Voice|p2a: Sneasler|[spread] p2a,p2b\n|-damage|p2a: Sneasler|72/100\n|-damage|p2b: Garchomp|30/100\n|move|p2a: Sneasler|Dire Claw|p1b: Oranguru\n|-damage|p1b: Oranguru|27/100\n|\n|-weather|Snowscape|[upkeep]\n|upkeep\n|\n|t:|1776681008\n|switch|p1a: Crabominable|Crabominable, L50, M, shiny|100/100\n|turn|4\n|\n|t:|1776681027\n|detailschange|p1a: Crabominable|Crabominable-Mega, L50, M, shiny\n|-mega|p1a: Crabominable|Crabominable|Crabominite\n|move|p2b: Garchomp|Protect|p2b: Garchomp\n|-singleturn|p2b: Garchomp|Protect\n|move|p1a: Crabominable|Drain Punch|p2a: Sneasler\n|-resisted|p2a: Sneasler|1\n|-damage|p2a: Sneasler|21/100\n|move|p1b: Oranguru|Instruct|p1a: Crabominable\n|-singleturn|p1a: Crabominable|move: Instruct|[of] p1b: Oranguru\n|move|p1a: Crabominable|Drain Punch|p2a: Sneasler\n|-resisted|p2a: Sneasler|1\n|-damage|p2a: Sneasler|0 fnt\n|faint|p2a: Sneasler\n|\n|-weather|Snowscape|[upkeep]\n|upkeep\n|\n|t:|1776681047\n|switch|p2a: Froslass|Froslass-Mega, L50, F|100/100\n|turn|5\n|\n|t:|1776681071\n|move|p1a: Crabominable|Ice Punch|p2b: Garchomp\n|-supereffective|p2b: Garchomp|2\n|-damage|p2b: Garchomp|0 fnt\n|-damage|p1a: Crabominable|88/100|[from] ability: Rough Skin|[of] p2b: Garchomp\n|faint|p2b: Garchomp\n|move|p1b: Oranguru|Instruct|p1a: Crabominable\n|-singleturn|p1a: Crabominable|move: Instruct|[of] p1b: Oranguru\n|move|p1a: Crabominable|Ice Punch|p2a: Froslass\n|-resisted|p2a: Froslass|1\n|-damage|p2a: Froslass|70/100\n|move|p2a: Froslass|Aurora Veil|p2a: Froslass\n|-sidestart|p2: spamequake|move: Aurora Veil\n|\n|-weather|none\n|-fieldend|move: Trick Room\n|upkeep\n|\n|t:|1776681080\n|switch|p2b: Rotom|Rotom-Wash, L50|100/100\n|turn|6\n|\n|t:|1776681091\n|move|p2b: Rotom|Electroweb|p1a: Crabominable|[spread] p1a,p1b\n|-damage|p1a: Crabominable|74/100\n|-damage|p1b: Oranguru|10/100\n|-unboost|p1a: Crabominable|spe|1\n|-unboost|p1b: Oranguru|spe|1\n|move|p2a: Froslass|Shadow Ball|p1a: Crabominable\n|-damage|p1a: Crabominable|42/100\n|-unboost|p1a: Crabominable|spd|1\n|move|p1a: Crabominable|Drain Punch|p2b: Rotom\n|-crit|p2b: Rotom\n|-damage|p2b: Rotom|0 fnt\n|-heal|p1a: Crabominable|74/100|[from] drain|[of] p2b: Rotom\n|faint|p2b: Rotom\n|move|p1b: Oranguru|Trick Room|p1b: Oranguru\n|-fieldstart|move: Trick Room|[of] p1b: Oranguru\n|\n|upkeep\n|turn|7\n|-message|spamequake forfeited.\n|\n|win|Isidino\n|raw|Isidino's rating: 1190 &rarr; <strong>1218</strong><br />(+28 for winning)\n|raw|spamequake's rating: 1228 &rarr; <strong>1200</strong><br />(-28 for losing)\n|l|\u2606spamequake\n|player|p2|\n",
  "uploadtime": 1776681105,
  "views": 15,
  "formatid": "gen9championsvgc2026regma",
  "rating": 1200,
  "private": 0,
  "password": null
}