{
  "id": "gen9championsvgc2026regma-2588197779",
  "format": "[Gen 9 Champions] VGC 2026 Reg M-A",
  "players": [
    "ADegel",
    "underlinegui"
  ],
  "log": "|j|\u2606ADegel\n|j|\u2606underlinegui\n|t:|1776613595\n|gametype|doubles\n|player|p1|ADegel|benga|1207\n|player|p2|underlinegui|265|1214\n|gen|9\n|tier|[Gen 9 Champions] VGC 2026 Reg M-A\n|rated|\n|rule|Species Clause: Limit one of each Pok\u00e9mon\n|rule|Item Clause: Limit 1 of each item\n|clearpoke\n|poke|p1|Drampa, L50, M|\n|poke|p1|Sinistcha, L50|\n|poke|p1|Oranguru, L50, M|\n|poke|p1|Hatterene, L50, F|\n|poke|p1|Passimian, L50, M|\n|poke|p1|Scizor, L50, F|\n|poke|p2|Kingambit, L50, M|\n|poke|p2|Kangaskhan, L50, F|\n|poke|p2|Blastoise, L50, F|\n|poke|p2|Sinistcha, L50|\n|poke|p2|Aerodactyl, L50, M|\n|poke|p2|Farigiraf, L50, F|\n|teampreview|4\n|inactive|Battle timer is ON: inactive players will automatically lose when time's up. (requested by underlinegui)\n|inactive|underlinegui has 60 seconds left.\n|\n|t:|1776613629\n|teamsize|p1|4\n|teamsize|p2|4\n|start\n|switch|p1a: Oranguru|Oranguru, L50, M|100/100\n|switch|p1b: Passimian|Passimian, L50, M|100/100\n|switch|p2a: Kangaskhan|Kangaskhan, L50, F|100/100\n|switch|p2b: Farigiraf|Farigiraf, L50, F|100/100\n|turn|1\n|\n|t:|1776613646\n|move|p2a: Kangaskhan|Fake Out|p1b: Passimian\n|-damage|p1b: Passimian|80/100\n|cant|p1b: Passimian|flinch\n|move|p2b: Farigiraf|Trick Room|p2b: Farigiraf\n|-fieldstart|move: Trick Room|[of] p2b: Farigiraf\n|move|p1a: Oranguru|Trick Room|p1a: Oranguru\n|-fieldend|move: Trick Room\n|\n|upkeep\n|turn|2\n|\n|t:|1776613657\n|move|p2a: Kangaskhan|Last Resort|p1a: Oranguru\n|-damage|p1a: Oranguru|40/100\n|move|p1b: Passimian|Drain Punch|p2a: Kangaskhan\n|-supereffective|p2a: Kangaskhan|1\n|-damage|p2a: Kangaskhan|13/100\n|-heal|p1b: Passimian|100/100|[from] drain|[of] p2a: Kangaskhan\n|move|p2b: Farigiraf|Hyper Voice|p1a: Oranguru|[spread] p1a,p1b\n|-crit|p1a: Oranguru\n|-damage|p1a: Oranguru|10/100\n|-damage|p1b: Passimian|67/100\n|move|p1a: Oranguru|Foul Play|p2a: Kangaskhan\n|-damage|p2a: Kangaskhan|0 fnt\n|faint|p2a: Kangaskhan\n|\n|upkeep\n|\n|t:|1776613670\n|switch|p2a: Blastoise|Blastoise, L50, F|100/100\n|turn|3\n|\n|t:|1776613686\n|detailschange|p2a: Blastoise|Blastoise-Mega, L50, F\n|-mega|p2a: Blastoise|Blastoise|Blastoisinite\n|move|p2a: Blastoise|Water Spout|p1b: Passimian|[spread] p1a,p1b\n|-damage|p1a: Oranguru|0 fnt\n|-damage|p1b: Passimian|0 fnt\n|faint|p1a: Oranguru\n|faint|p1b: Passimian\n|move|p2b: Farigiraf|Rain Dance|p2b: Farigiraf\n|-weather|RainDance\n|\n|-weather|RainDance|[upkeep]\n|upkeep\n|\n|t:|1776613690\n|switch|p1b: Sinistcha|Sinistcha, L50|100/100\n|switch|p1a: Drampa|Drampa, L50, M|100/100\n|turn|4\n|\n|t:|1776613699\n|detailschange|p1a: Drampa|Drampa-Mega, L50, M\n|-mega|p1a: Drampa|Drampa|Drampanite\n|move|p2b: Farigiraf|Helping Hand|p2a: Blastoise\n|-singleturn|p2a: Blastoise|Helping Hand|[of] p2b: Farigiraf\n|move|p2a: Blastoise|Dark Pulse|p1b: Sinistcha\n|-supereffective|p1b: Sinistcha|1\n|-damage|p1b: Sinistcha|0 fnt\n|faint|p1b: Sinistcha\n|move|p1a: Drampa|Hyper Voice|p2a: Blastoise|[spread] p2a,p2b\n|-damage|p2a: Blastoise|59/100\n|-damage|p2b: Farigiraf|52/100\n|\n|-weather|RainDance|[upkeep]\n|upkeep\n|turn|5\n|\n|t:|1776613715\n|move|p2a: Blastoise|Dark Pulse|p1a: Drampa\n|-damage|p1a: Drampa|57/100\n|move|p2b: Farigiraf|Hyper Voice|p1a: Drampa\n|-damage|p1a: Drampa|28/100\n|-ability|p1a: Drampa|Berserk|boost\n|-boost|p1a: Drampa|spa|1\n|move|p1a: Drampa|Hyper Voice|p2b: Farigiraf|[spread] p2a,p2b\n|-damage|p2a: Blastoise|0 fnt\n|-damage|p2b: Farigiraf|0 fnt\n|faint|p2a: Blastoise\n|faint|p2b: Farigiraf\n|\n|-weather|RainDance|[upkeep]\n|upkeep\n|\n|t:|1776613720\n|switch|p2b: Kingambit|Kingambit, L50, M|100/100\n|turn|6\n|\n|t:|1776613724\n|move|p2b: Kingambit|Sucker Punch|p1a: Drampa\n|-damage|p1a: Drampa|0 fnt\n|faint|p1a: Drampa\n|\n|win|underlinegui\n|raw|ADegel's rating: 1207 &rarr; <strong>1183</strong><br />(-24 for losing)\n|raw|underlinegui's rating: 1214 &rarr; <strong>1238</strong><br />(+24 for winning)\n|l|\u2606ADegel\n|player|p1|\n",
  "uploadtime": 1776613731,
  "views": 7,
  "formatid": "gen9championsvgc2026regma",
  "rating": 1183,
  "private": 0,
  "password": null
}