{
  "id": "gen9championsvgc2026regma-2589593200",
  "format": "[Gen 9 Champions] VGC 2026 Reg M-A",
  "players": [
    "BigStamina",
    "rgeee"
  ],
  "log": "|init|battle\n|title|BigStamina vs. rgeee\n|j|\u2606BigStamina\n|j|\u2606rgeee\n|t:|1776737265\n|gametype|doubles\n|player|p1|BigStamina|2|1302\n|player|p2|rgeee|265|1203\n|gen|9\n|tier|[Gen 9 Champions] VGC 2026 Reg M-A\n|rated|\n|rule|Species Clause: Limit one of each Pok\u00e9mon\n|rule|Item Clause: Limit 1 of each item\n|clearpoke\n|poke|p1|Skarmory, L50, M|\n|poke|p1|Garchomp, L50, M|\n|poke|p1|Incineroar, L50, F|\n|poke|p1|Sneasler, L50, F|\n|poke|p1|Sinistcha, L50|\n|poke|p1|Milotic, L50, F|\n|poke|p2|Scovillain, L50, F|\n|poke|p2|Milotic, L50, F|\n|poke|p2|Sneasler, L50, F|\n|poke|p2|Zoroark-Hisui, L50, M|\n|poke|p2|Kingambit, L50, M|\n|poke|p2|Aerodactyl, L50, F|\n|teampreview|4\n|inactive|Battle timer is ON: inactive players will automatically lose when time's up. (requested by BigStamina)\n|inactive|rgeee has 60 seconds left.\n|\n|t:|1776737302\n|teamsize|p1|4\n|teamsize|p2|4\n|start\n|switch|p1a: Skarmory|Skarmory, L50, M|100/100\n|switch|p1b: Sneasler|Sneasler, L50, F|100/100\n|switch|p2a: Scovillain|Scovillain, L50, F|100/100\n|switch|p2b: Sneasler|Sneasler, L50, F|100/100\n|turn|1\n|\n|t:|1776737317\n|detailschange|p2a: Scovillain|Scovillain-Mega, L50, F\n|-mega|p2a: Scovillain|Scovillain|Scovillainite\n|move|p2b: Sneasler|Fake Out|p1a: Skarmory\n|-resisted|p1a: Skarmory|1\n|-damage|p1a: Skarmory|93/100\n|move|p2a: Scovillain|Rage Powder|p2a: Scovillain\n|-singleturn|p2a: Scovillain|move: Rage Powder\n|move|p1b: Sneasler|Coaching|p1a: Skarmory\n|-boost|p1a: Skarmory|atk|1\n|-boost|p1a: Skarmory|def|1\n|cant|p1a: Skarmory|flinch\n|\n|upkeep\n|turn|2\n|\n|t:|1776737345\n|move|p2b: Sneasler|Protect|p2b: Sneasler\n|-singleturn|p2b: Sneasler|Protect\n|move|p1b: Sneasler|Dire Claw|p2a: Scovillain\n|-supereffective|p2a: Scovillain|1\n|-damage|p2a: Scovillain|23/100\n|-status|p1b: Sneasler|brn|[from] ability: Spicy Spray|[of] p2a: Scovillain\n|move|p1a: Skarmory|Tailwind|p1a: Skarmory\n|-sidestart|p1: BigStamina|move: Tailwind\n|move|p2a: Scovillain|Leech Seed|p1a: Skarmory\n|-start|p1a: Skarmory|move: Leech Seed\n|\n|-damage|p1a: Skarmory|81/100|[from] Leech Seed|[of] p2a: Scovillain\n|-heal|p2a: Scovillain|32/100|[silent]\n|-damage|p1b: Sneasler|95/100 brn|[from] brn\n|upkeep\n|turn|3\n|\n|t:|1776737364\n|switch|p2b: Aerodactyl|Aerodactyl, L50, F|100/100\n|-ability|p2b: Aerodactyl|Unnerve\n|detailschange|p1a: Skarmory|Skarmory-Mega, L50, M\n|-mega|p1a: Skarmory|Skarmory|Skarmorite\n|move|p2a: Scovillain|Protect|p2a: Scovillain\n|-singleturn|p2a: Scovillain|Protect\n|move|p1b: Sneasler|Dire Claw|p2a: Scovillain\n|-activate|p2a: Scovillain|move: Protect\n|move|p1a: Skarmory|Brave Bird|p2b: Aerodactyl\n|-resisted|p2b: Aerodactyl|1\n|-damage|p2b: Aerodactyl|27/100\n|-damage|p1a: Skarmory|55/100|[from] Recoil\n|\n|-damage|p1a: Skarmory|43/100|[from] Leech Seed|[of] p2a: Scovillain\n|-heal|p2a: Scovillain|42/100|[silent]\n|-damage|p1b: Sneasler|89/100 brn|[from] brn\n|upkeep\n|turn|4\n|\n|t:|1776737383\n|switch|p2a: Sneasler|Sneasler, L50, F|100/100\n|move|p2b: Aerodactyl|Protect|p2b: Aerodactyl\n|-singleturn|p2b: Aerodactyl|Protect\n|move|p1b: Sneasler|Dire Claw|p2a: Sneasler\n|-resisted|p2a: Sneasler|1\n|-damage|p2a: Sneasler|82/100\n|move|p1a: Skarmory|Iron Head|p2b: Aerodactyl\n|-activate|p2b: Aerodactyl|move: Protect\n|\n|-damage|p1a: Skarmory|31/100|[from] Leech Seed|[of] p2a: Sneasler\n|-heal|p2a: Sneasler|93/100|[silent]\n|-damage|p1b: Sneasler|83/100 brn|[from] brn\n|upkeep\n|turn|5\n|\n|t:|1776737399\n|switch|p2b: Scovillain|Scovillain-Mega, L50, F|42/100\n|move|p2a: Sneasler|Protect|p2a: Sneasler\n|-singleturn|p2a: Sneasler|Protect\n|move|p1b: Sneasler|Close Combat|p2b: Scovillain\n|-damage|p2b: Scovillain|12/100\n|-unboost|p1b: Sneasler|def|1\n|-unboost|p1b: Sneasler|spd|1\n|move|p1a: Skarmory|Iron Head|p2b: Scovillain\n|-resisted|p2b: Scovillain|1\n|-damage|p2b: Scovillain|0 fnt\n|-status|p1a: Skarmory|brn|[from] ability: Spicy Spray|[of] p2b: Scovillain\n|faint|p2b: Scovillain\n|\n|-damage|p1a: Skarmory|19/100 brn|[from] Leech Seed|[of] p2a: Sneasler\n|-heal|p2a: Sneasler|100/100|[silent]\n|-damage|p1b: Sneasler|77/100 brn|[from] brn\n|-damage|p1a: Skarmory|13/100 brn|[from] brn\n|-sideend|p1: BigStamina|move: Tailwind\n|upkeep\n|\n|t:|1776737412\n|switch|p2b: Aerodactyl|Aerodactyl, L50, F|27/100\n|-ability|p2b: Aerodactyl|Unnerve\n|turn|6\n|\n|t:|1776737424\n|move|p2b: Aerodactyl|Rock Slide|p1a: Skarmory|[spread] p1a,p1b\n|-resisted|p1b: Sneasler|1\n|-damage|p1a: Skarmory|0 fnt\n|-damage|p1b: Sneasler|44/100 brn\n|faint|p1a: Skarmory\n|cant|p1b: Sneasler|flinch\n|move|p2a: Sneasler|Dire Claw|p1b: Sneasler\n|-resisted|p1b: Sneasler|1\n|-damage|p1b: Sneasler|0 fnt\n|faint|p1b: Sneasler\n|\n|upkeep\n|\n|t:|1776737426\n|switch|p1b: Garchomp|Garchomp, L50, M|100/100\n|switch|p1a: Sinistcha|Sinistcha, L50|100/100\n|turn|7\n|\n|t:|1776737435\n|move|p2b: Aerodactyl|Rock Slide|p1b: Garchomp|[spread] p1a,p1b\n|-resisted|p1b: Garchomp|1\n|-damage|p1a: Sinistcha|80/100\n|-damage|p1b: Garchomp|89/100\n|move|p2a: Sneasler|Dire Claw|p1a: Sinistcha\n|-damage|p1a: Sinistcha|38/100\n|move|p1b: Garchomp|Rock Slide|p2a: Sneasler|[spread] p2b\n|-miss|p1b: Garchomp|p2a: Sneasler\n|-supereffective|p2b: Aerodactyl|1\n|-damage|p2b: Aerodactyl|0 fnt\n|-enditem|p1a: Sinistcha|Sitrus Berry|[eat]\n|-heal|p1a: Sinistcha|63/100|[from] item: Sitrus Berry\n|faint|p2b: Aerodactyl\n|move|p1a: Sinistcha|Life Dew|p1a: Sinistcha|[spread] p1a,p1b\n|-heal|p1a: Sinistcha|88/100\n|-heal|p1b: Garchomp|100/100\n|\n|upkeep\n|\n|t:|1776737443\n|switch|p2b: Kingambit|Kingambit, L50, M|100/100\n|turn|8\n|\n|t:|1776737453\n|move|p2a: Sneasler|Protect|p2a: Sneasler\n|-singleturn|p2a: Sneasler|Protect\n|move|p2b: Kingambit|Protect|p2b: Kingambit\n|-singleturn|p2b: Kingambit|Protect\n|move|p1a: Sinistcha|Rage Powder|p1a: Sinistcha\n|-singleturn|p1a: Sinistcha|move: Rage Powder\n|move|p1b: Garchomp|Earthquake|p2b: Kingambit|[spread] p1a\n|-activate|p2a: Sneasler|move: Protect\n|-activate|p2b: Kingambit|move: Protect\n|-resisted|p1a: Sinistcha|1\n|-damage|p1a: Sinistcha|70/100\n|\n|upkeep\n|turn|9\n|\n|t:|1776737464\n|move|p1a: Sinistcha|Rage Powder|p1a: Sinistcha\n|-singleturn|p1a: Sinistcha|move: Rage Powder\n|move|p2a: Sneasler|Dire Claw|p1a: Sinistcha\n|-damage|p1a: Sinistcha|29/100\n|move|p1b: Garchomp|Earthquake|p2a: Sneasler|[spread] p1a,p2a,p2b\n|-resisted|p1a: Sinistcha|1\n|-supereffective|p2a: Sneasler|1\n|-supereffective|p2b: Kingambit|1\n|-damage|p1a: Sinistcha|10/100\n|-damage|p2a: Sneasler|0 fnt\n|-damage|p2b: Kingambit|40/100\n|faint|p2a: Sneasler\n|move|p2b: Kingambit|Kowtow Cleave|p1a: Sinistcha\n|-supereffective|p1a: Sinistcha|1\n|-damage|p1a: Sinistcha|0 fnt\n|faint|p1a: Sinistcha\n|\n|upkeep\n|turn|10\n|\n|t:|1776737469\n|move|p2b: Kingambit|Sucker Punch|p1b: Garchomp\n|-damage|p1b: Garchomp|57/100\n|-damage|p2b: Kingambit|28/100|[from] ability: Rough Skin|[of] p1b: Garchomp\n|move|p1b: Garchomp|Earthquake|p2b: Kingambit\n|-supereffective|p2b: Kingambit|1\n|-damage|p2b: Kingambit|0 fnt\n|faint|p2b: Kingambit\n|\n|win|BigStamina",
  "uploadtime": 1776737469,
  "rating": 1302,
  "source": "spectated"
}