{
  "id": "gen9championsvgc2026regma-2586663461",
  "format": "[Gen 9 Champions] VGC 2026 Reg M-A",
  "players": [
    "Kyooby",
    "Edgeworth87"
  ],
  "log": "|j|\u2606Kyooby\n|j|\u2606Edgeworth87\n|t:|1776450335\n|gametype|doubles\n|player|p1|Kyooby|volkner|1142\n|player|p2|Edgeworth87|1|1059\n|gen|9\n|tier|[Gen 9 Champions] VGC 2026 Reg M-A\n|rated|\n|rule|Species Clause: Limit one of each Pok\u00e9mon\n|rule|Item Clause: Limit 1 of each item\n|clearpoke\n|poke|p1|Maushold-Four, L50|\n|poke|p1|Floette-Eternal, L50, F|\n|poke|p1|Espathra, L50, M|\n|poke|p1|Kommo-o, L50, M|\n|poke|p1|Kingambit, L50, F|\n|poke|p1|Heliolisk, L50, M|\n|poke|p2|Palafin, L50, M|\n|poke|p2|Sneasler, L50, F|\n|poke|p2|Starmie, L50|\n|poke|p2|Gardevoir, L50, F|\n|poke|p2|Sinistcha-Masterpiece, L50|\n|poke|p2|Tauros-Paldea-Blaze, L50, M|\n|teampreview|4\n|inactive|Battle timer is ON: inactive players will automatically lose when time's up. (requested by Kyooby)\n|inactive|Kyooby has 60 seconds left.\n|inactive|Edgeworth87 has 60 seconds left.\n|\n|t:|1776450389\n|teamsize|p1|4\n|teamsize|p2|4\n|start\n|switch|p1a: Maushold|Maushold-Four, L50|100/100\n|switch|p1b: Floette|Floette-Eternal, L50, F|100/100\n|switch|p2a: Sneasler|Sneasler, L50, F|100/100\n|switch|p2b: Starmie|Starmie, L50|100/100\n|turn|1\n|inactive|Edgeworth87 has 30 seconds left.\n|inactive|Edgeworth87 has 20 seconds left.\n|inactive|Kyooby has 30 seconds left.\n|inactive|Edgeworth87 has 15 seconds left.\n|inactive|Edgeworth87 has 10 seconds left.\n|inactive|Edgeworth87 has 5 seconds left.\n|\n|t:|1776450439\n|switch|p1b: Kingambit|Kingambit, L50, F|100/100\n|detailschange|p2b: Starmie|Starmie-Mega, L50\n|-mega|p2b: Starmie|Starmie|Starminite\n|move|p1a: Maushold|Protect|p1a: Maushold\n|-singleturn|p1a: Maushold|Protect\n|move|p2a: Sneasler|Fake Out|p1a: Maushold\n|-activate|p1a: Maushold|move: Protect\n|move|p2b: Starmie|Liquidation|p1b: Kingambit\n|-damage|p1b: Kingambit|60/100\n|-unboost|p1b: Kingambit|def|1\n|-ability|p1b: Kingambit|Defiant|boost\n|-boost|p1b: Kingambit|atk|2\n|\n|upkeep\n|turn|2\n|inactive|Kyooby has 30 seconds left.\n|inactive|Kyooby has 20 seconds left.\n|\n|t:|1776450475\n|switch|p2b: Tauros|Tauros-Paldea-Blaze, L50, M|100/100\n|-ability|p2b: Tauros|Intimidate|boost\n|-unboost|p1a: Maushold|atk|1\n|-unboost|p1b: Kingambit|atk|1\n|-ability|p1b: Kingambit|Defiant|boost\n|-boost|p1b: Kingambit|atk|2\n|move|p1b: Kingambit|Protect|p1b: Kingambit\n|-singleturn|p1b: Kingambit|Protect\n|move|p1a: Maushold|Encore|p2a: Sneasler\n|-start|p2a: Sneasler|Encore\n|move|p2a: Sneasler|Fake Out||[still]\n|-hint|Fake Out only works on your first turn out.\n|-fail|p2a: Sneasler\n|\n|upkeep\n|turn|3\n|inactive|Kyooby has 30 seconds left.\n|\n|t:|1776450503\n|switch|p2a: Sinistcha|Sinistcha-Masterpiece, L50|100/100\n|move|p1a: Maushold|Follow Me|p1a: Maushold\n|-singleturn|p1a: Maushold|move: Follow Me\n|move|p2b: Tauros|Close Combat|p1a: Maushold\n|-supereffective|p1a: Maushold|1\n|-enditem|p1a: Maushold|Focus Sash\n|-damage|p1a: Maushold|1/100\n|-unboost|p2b: Tauros|def|1\n|-unboost|p2b: Tauros|spd|1\n|move|p1b: Kingambit|Kowtow Cleave|p2a: Sinistcha\n|-supereffective|p2a: Sinistcha|1\n|-crit|p2a: Sinistcha\n|-damage|p2a: Sinistcha|0 fnt\n|faint|p2a: Sinistcha\n|\n|upkeep\n|\n|t:|1776450519\n|switch|p2a: Sneasler|Sneasler, L50, F|100/100\n|turn|4\n|\n|t:|1776450538\n|move|p1a: Maushold|Protect|p1a: Maushold\n|-singleturn|p1a: Maushold|Protect\n|move|p1b: Kingambit|Protect|p1b: Kingambit\n|-singleturn|p1b: Kingambit|Protect\n|move|p2a: Sneasler|Close Combat|p1b: Kingambit\n|-activate|p1b: Kingambit|move: Protect\n|move|p2b: Tauros|Trailblaze|p1a: Maushold\n|-activate|p1a: Maushold|move: Protect\n|\n|upkeep\n|turn|5\n|inactive|Kyooby has 30 seconds left.\n|inactive|Edgeworth87 has 30 seconds left.\n|\n|t:|1776450573\n|move|p1a: Maushold|Follow Me|p1a: Maushold\n|-singleturn|p1a: Maushold|move: Follow Me\n|move|p1b: Kingambit|Sucker Punch|p2a: Sneasler\n|-resisted|p2a: Sneasler|1\n|-damage|p2a: Sneasler|0 fnt\n|faint|p2a: Sneasler\n|move|p2b: Tauros|Close Combat|p1a: Maushold\n|-supereffective|p1a: Maushold|1\n|-damage|p1a: Maushold|0 fnt\n|-unboost|p2b: Tauros|def|1\n|-unboost|p2b: Tauros|spd|1\n|faint|p1a: Maushold\n|\n|upkeep\n|\n|t:|1776450587\n|switch|p1a: Heliolisk|Heliolisk, L50, M, shiny|100/100\n|switch|p2a: Starmie|Starmie-Mega, L50|100/100\n|turn|6\n|\n|t:|1776450599\n|move|p1b: Kingambit|Protect|p1b: Kingambit\n|-singleturn|p1b: Kingambit|Protect\n|move|p2a: Starmie|Recover||[still]\n|-fail|p2a: Starmie|heal\n|move|p1a: Heliolisk|Volt Switch|p2b: Tauros\n|-enditem|p2b: Tauros|Focus Sash\n|-damage|p2b: Tauros|1/100\n|\n|t:|1776450607\n|switch|p1a: Floette|Floette-Eternal, L50, F|100/100|[from] Volt Switch\n|move|p2b: Tauros|Close Combat|p1a: Floette\n|-resisted|p1a: Floette|1\n|-damage|p1a: Floette|70/100\n|-unboost|p2b: Tauros|def|1\n|-unboost|p2b: Tauros|spd|1\n|\n|upkeep\n|turn|7\n|-message|Edgeworth87 forfeited.\n|\n|win|Kyooby\n|raw|Kyooby's rating: 1142 &rarr; <strong>1161</strong><br />(+19 for winning)\n|raw|Edgeworth87's rating: 1059 &rarr; <strong>1045</strong><br />(-14 for losing)\n",
  "uploadtime": 1776450611,
  "views": 26,
  "formatid": "gen9championsvgc2026regma",
  "rating": 1045,
  "private": 0,
  "password": null
}