{
  "id": "gen9championsvgc2026regma-2587542535",
  "format": "[Gen 9 Champions] VGC 2026 Reg M-A",
  "players": [
    "shadovar",
    "apfr"
  ],
  "log": "|j|\u2606shadovar\n|j|\u203dapfr\n|t:|1776540785\n|gametype|doubles\n|player|p1|shadovar|101|1358\n|player|p2|apfr|clown|1469\n|gen|9\n|tier|[Gen 9 Champions] VGC 2026 Reg M-A\n|rated|\n|rule|Species Clause: Limit one of each Pok\u00e9mon\n|rule|Item Clause: Limit 1 of each item\n|clearpoke\n|poke|p1|Incineroar, L50, M|\n|poke|p1|Gengar, L50, M|\n|poke|p1|Sinistcha, L50|\n|poke|p1|Kingambit, L50, F|\n|poke|p1|Kommo-o, L50, M|\n|poke|p1|Tyranitar, L50, F|\n|poke|p2|Drampa, L50, M|\n|poke|p2|Klefki, L50, M|\n|poke|p2|Sinistcha, L50|\n|poke|p2|Farigiraf, L50, M|\n|poke|p2|Milotic, L50, M|\n|poke|p2|Kingambit, L50, F|\n|teampreview|4\n|\n|t:|1776540816\n|teamsize|p1|4\n|teamsize|p2|4\n|start\n|switch|p1a: Gengar|Gengar, L50, M|100/100\n|switch|p1b: Tyranitar|Tyranitar, L50, F|100/100\n|switch|p2a: Kingambit|Kingambit, L50, F|100/100\n|switch|p2b: Milotic|Milotic, L50, M|100/100\n|-weather|Sandstorm|[from] ability: Sand Stream|[of] p1b: Tyranitar\n|turn|1\n|\n|t:|1776540832\n|detailschange|p1a: Gengar|Gengar-Mega, L50, M\n|-mega|p1a: Gengar|Gengar|Gengarite\n|move|p1a: Gengar|Substitute|p1a: Gengar\n|-start|p1a: Gengar|Substitute\n|-damage|p1a: Gengar|76/100\n|move|p1b: Tyranitar|Low Kick|p2a: Kingambit\n|-supereffective|p2a: Kingambit|2\n|-enditem|p2a: Kingambit|Focus Sash\n|-damage|p2a: Kingambit|1/100\n|move|p2b: Milotic|Scald|p1b: Tyranitar\n|-supereffective|p1b: Tyranitar|1\n|-damage|p1b: Tyranitar|59/100\n|move|p2a: Kingambit|Kowtow Cleave|p1a: Gengar\n|-supereffective|p1a: Gengar|1\n|-end|p1a: Gengar|Substitute\n|\n|-weather|Sandstorm|[upkeep]\n|-damage|p1a: Gengar|70/100|[from] Sandstorm\n|-damage|p2b: Milotic|95/100|[from] Sandstorm\n|-heal|p2b: Milotic|100/100|[from] item: Leftovers\n|upkeep\n|turn|2\n|\n|t:|1776540858\n|move|p1a: Gengar|Protect|p1a: Gengar\n|-singleturn|p1a: Gengar|Protect\n|move|p2a: Kingambit|Protect|p2a: Kingambit\n|-singleturn|p2a: Kingambit|Protect\n|move|p1b: Tyranitar|Low Kick|p2a: Kingambit\n|-activate|p2a: Kingambit|move: Protect\n|move|p2b: Milotic|Scald|p1b: Tyranitar\n|-supereffective|p1b: Tyranitar|1\n|-damage|p1b: Tyranitar|10/100\n|\n|-weather|Sandstorm|[upkeep]\n|-damage|p1a: Gengar|64/100|[from] Sandstorm\n|-damage|p2b: Milotic|95/100|[from] Sandstorm\n|-heal|p2b: Milotic|100/100|[from] item: Leftovers\n|upkeep\n|turn|3\n|\n|t:|1776540876\n|switch|p1b: Incineroar|Incineroar, L50, M|100/100\n|-ability|p1b: Incineroar|Intimidate|boost\n|-unboost|p2a: Kingambit|atk|1\n|-ability|p2a: Kingambit|Defiant|boost\n|-boost|p2a: Kingambit|atk|2\n|-unboost|p2b: Milotic|atk|1\n|-ability|p2b: Milotic|Competitive|boost\n|-boost|p2b: Milotic|spa|2\n|move|p2a: Kingambit|Sucker Punch||[still]\n|-fail|p2a: Kingambit\n|move|p1a: Gengar|Substitute|p1a: Gengar\n|-start|p1a: Gengar|Substitute\n|-damage|p1a: Gengar|39/100\n|move|p2b: Milotic|Scald|p1a: Gengar\n|-end|p1a: Gengar|Substitute\n|\n|-weather|Sandstorm|[upkeep]\n|-damage|p1a: Gengar|33/100|[from] Sandstorm\n|-damage|p2b: Milotic|95/100|[from] Sandstorm\n|-damage|p1b: Incineroar|95/100|[from] Sandstorm\n|-heal|p2b: Milotic|100/100|[from] item: Leftovers\n|upkeep\n|turn|4\n|\n|t:|1776540901\n|move|p1b: Incineroar|Fake Out|p2b: Milotic\n|-damage|p2b: Milotic|92/100\n|move|p1a: Gengar|Perish Song|p1a: Gengar\n|-start|p1a: Gengar|perish3|[silent]\n|-start|p1b: Incineroar|perish3|[silent]\n|-start|p2a: Kingambit|perish3|[silent]\n|-start|p2b: Milotic|perish3|[silent]\n|-fieldactivate|move: Perish Song\n|cant|p2b: Milotic|flinch\n|move|p2a: Kingambit|Kowtow Cleave|p1a: Gengar\n|-supereffective|p1a: Gengar|1\n|-damage|p1a: Gengar|0 fnt\n|faint|p1a: Gengar\n|\n|-weather|Sandstorm|[upkeep]\n|-damage|p2b: Milotic|86/100|[from] Sandstorm\n|-damage|p1b: Incineroar|89/100|[from] Sandstorm\n|-heal|p2b: Milotic|92/100|[from] item: Leftovers\n|-start|p2b: Milotic|perish3\n|-start|p1b: Incineroar|perish3\n|-start|p2a: Kingambit|perish3\n|upkeep\n|\n|t:|1776540921\n|switch|p1a: Kommo-o|Kommo-o, L50, M|100/100\n|turn|5\n|\n|t:|1776540932\n|switch|p2a: Sinistcha|Sinistcha, L50|100/100\n|-heal|p2b: Milotic|100/100|[from] ability: Hospitality|[of] p2a: Sinistcha\n|move|p1a: Kommo-o|Clangorous Soul|p1a: Kommo-o\n|-boost|p1a: Kommo-o|atk|1\n|-boost|p1a: Kommo-o|def|1\n|-boost|p1a: Kommo-o|spa|1\n|-boost|p1a: Kommo-o|spd|1\n|-boost|p1a: Kommo-o|spe|1\n|-damage|p1a: Kommo-o|68/100\n|move|p2b: Milotic|Ice Beam|p1a: Kommo-o\n|-supereffective|p1a: Kommo-o|1\n|-damage|p1a: Kommo-o|0 fnt\n|faint|p1a: Kommo-o\n|move|p1b: Incineroar|Throat Chop|p2a: Sinistcha\n|-supereffective|p2a: Sinistcha|1\n|-crit|p2a: Sinistcha\n|-damage|p2a: Sinistcha|13/100\n|-start|p2a: Sinistcha|Throat Chop|[silent]\n|\n|-weather|none\n|-start|p2b: Milotic|perish2\n|-start|p1b: Incineroar|perish2\n|upkeep\n|-message|shadovar forfeited.\n|\n|win|apfr\n|raw|shadovar's rating: 1358 &rarr; <strong>1344</strong><br />(-14 for losing)\n|raw|apfr's rating: 1469 &rarr; <strong>1483</strong><br />(+14 for winning)\n|l|\u2606shadovar\n|player|p1|\n",
  "uploadtime": 1776540953,
  "views": 30,
  "formatid": "gen9championsvgc2026regma",
  "rating": 1344,
  "private": 0,
  "password": null
}