{
  "id": "gen9championsvgc2026regma-2585346752",
  "format": "[Gen 9 Champions] VGC 2026 Reg M-A",
  "players": [
    "PepperKV",
    "Northx213"
  ],
  "log": "|j|\u2606PepperKV\n|j|\u2606Northx213\n|t:|1776340012\n|gametype|doubles\n|player|p1|PepperKV|hilbert|1107\n|player|p2|Northx213|266|1023\n|gen|9\n|tier|[Gen 9 Champions] VGC 2026 Reg M-A\n|rated|\n|rule|Species Clause: Limit one of each Pok\u00e9mon\n|rule|Item Clause: Limit 1 of each item\n|clearpoke\n|poke|p1|Delphox, L50, M|\n|poke|p1|Whimsicott, L50, M|\n|poke|p1|Basculegion, L50, M|\n|poke|p1|Garchomp, L50, F|\n|poke|p1|Archaludon, L50, F|\n|poke|p1|Milotic, L50, M|\n|poke|p2|Starmie, L50|\n|poke|p2|Meowstic, L50, M|\n|poke|p2|Sneasler, L50, M|\n|poke|p2|Incineroar, L50, M|\n|poke|p2|Clefable, L50, F|\n|poke|p2|Tauros-Paldea-Aqua, L50, M|\n|teampreview|4\n|\n|t:|1776340076\n|teamsize|p1|4\n|teamsize|p2|4\n|start\n|switch|p1a: Delphox|Delphox, L50, M|100/100\n|switch|p1b: Whimsicott|Whimsicott, L50, M|100/100\n|switch|p2a: Meowstic|Meowstic, L50, M|100/100\n|switch|p2b: Starmie|Starmie, L50|100/100\n|turn|1\n|\n|t:|1776340120\n|switch|p1a: Milotic|Milotic, L50, M|100/100\n|detailschange|p2b: Starmie|Starmie-Mega, L50\n|-mega|p2b: Starmie|Starmie|Starminite\n|move|p2a: Meowstic|Fake Out|p1a: Milotic\n|-damage|p1a: Milotic|95/100\n|move|p1b: Whimsicott|Tailwind|p1b: Whimsicott\n|-sidestart|p1: PepperKV|move: Tailwind\n|move|p2b: Starmie|Ice Spinner|p1b: Whimsicott\n|-supereffective|p1b: Whimsicott|1\n|-enditem|p1b: Whimsicott|Focus Sash\n|-damage|p1b: Whimsicott|1/100\n|\n|upkeep\n|turn|2\n|l|\u2606PepperKV\n|player|p1|\n|\n|t:|1776340171\n|move|p1b: Whimsicott|Sunny Day|p1b: Whimsicott\n|-weather|SunnyDay\n|move|p2b: Starmie|Aqua Jet|p1b: Whimsicott\n|-resisted|p1b: Whimsicott|1\n|-damage|p1b: Whimsicott|0 fnt\n|faint|p1b: Whimsicott\n|move|p2a: Meowstic|Thunder Wave|p1a: Milotic|[miss]\n|-miss|p2a: Meowstic|p1a: Milotic\n|move|p1a: Milotic|Ice Beam|p2b: Starmie\n|-resisted|p2b: Starmie|1\n|-damage|p2b: Starmie|86/100\n|\n|-weather|SunnyDay|[upkeep]\n|upkeep\n|j|\u2606PepperKV\n|player|p1|PepperKV|hilbert|\n|\n|t:|1776340202\n|switch|p1b: Garchomp|Garchomp, L50, F|100/100\n|turn|3\n|\n|t:|1776340219\n|move|p2a: Meowstic|Rain Dance|p2a: Meowstic\n|-weather|RainDance\n|move|p1b: Garchomp|Earthquake|p2b: Starmie|[spread] p1a,p2a,p2b\n|-damage|p1a: Milotic|54/100\n|-damage|p2a: Meowstic|34/100\n|-damage|p2b: Starmie|29/100\n|move|p1a: Milotic|Icy Wind|p2b: Starmie|[spread] p2a,p2b\n|-resisted|p2b: Starmie|1\n|-damage|p2a: Meowstic|22/100\n|-damage|p2b: Starmie|22/100\n|-unboost|p2a: Meowstic|spe|1\n|-unboost|p2b: Starmie|spe|1\n|move|p2b: Starmie|Ice Spinner|p1a: Milotic\n|-resisted|p1a: Milotic|1\n|-damage|p1a: Milotic|35/100\n|-enditem|p1a: Milotic|Sitrus Berry|[eat]\n|-heal|p1a: Milotic|59/100|[from] item: Sitrus Berry\n|\n|-weather|RainDance|[upkeep]\n|upkeep\n|turn|4\n|\n|t:|1776340262\n|move|p2a: Meowstic|Thunder Wave|p1a: Milotic\n|-status|p1a: Milotic|par\n|move|p1b: Garchomp|Earthquake|p2a: Meowstic|[spread] p1a,p2a,p2b\n|-crit|p2a: Meowstic\n|-damage|p1a: Milotic|25/100 par\n|-damage|p2a: Meowstic|0 fnt\n|-damage|p2b: Starmie|0 fnt\n|faint|p2a: Meowstic\n|faint|p2b: Starmie\n|move|p1a: Milotic|Life Dew||[still]|[spread] p1a,p1b\n|-heal|p1a: Milotic|50/100 par\n|-fail|p1b: Garchomp|heal\n|\n|-weather|RainDance|[upkeep]\n|-sideend|p1: PepperKV|move: Tailwind\n|upkeep\n|\n|t:|1776340276\n|switch|p2b: Tauros|Tauros-Paldea-Aqua, L50, M|100/100\n|switch|p2a: Incineroar|Incineroar, L50, M|100/100\n|-ability|p2a: Incineroar|Intimidate|boost\n|-unboost|p1a: Milotic|atk|1\n|-ability|p1a: Milotic|Competitive|boost\n|-boost|p1a: Milotic|spa|2\n|-unboost|p1b: Garchomp|atk|1\n|turn|5\n|\n|t:|1776340306\n|move|p2a: Incineroar|Fake Out|p1b: Garchomp\n|-damage|p1b: Garchomp|88/100\n|-damage|p2a: Incineroar|88/100|[from] ability: Rough Skin|[of] p1b: Garchomp\n|cant|p1b: Garchomp|flinch\n|move|p2b: Tauros|Close Combat|p1a: Milotic\n|-damage|p1a: Milotic|0 fnt\n|-unboost|p2b: Tauros|def|1\n|-unboost|p2b: Tauros|spd|1\n|faint|p1a: Milotic\n|\n|-weather|RainDance|[upkeep]\n|-heal|p2a: Incineroar|94/100|[from] item: Leftovers\n|upkeep\n|\n|t:|1776340319\n|switch|p1a: Delphox|Delphox, L50, M|100/100\n|turn|6\n|\n|t:|1776340330\n|detailschange|p1a: Delphox|Delphox-Mega, L50, M\n|-mega|p1a: Delphox|Delphox|Delphoxite\n|move|p1a: Delphox|Psychic|p2b: Tauros\n|-supereffective|p2b: Tauros|1\n|-damage|p2b: Tauros|0 fnt\n|faint|p2b: Tauros\n|move|p1b: Garchomp|Earthquake|p2a: Incineroar|[spread] p2a\n|-immune|p1a: Delphox|[from] ability: Levitate\n|-supereffective|p2a: Incineroar|1\n|-damage|p2a: Incineroar|48/100\n|move|p2a: Incineroar|Parting Shot|p1a: Delphox\n|-unboost|p1a: Delphox|atk|1\n|-unboost|p1a: Delphox|spa|1\n|\n|-weather|RainDance|[upkeep]\n|-heal|p2a: Incineroar|53/100|[from] item: Leftovers\n|upkeep\n|turn|7\n|-message|Northx213 forfeited.\n|\n|win|PepperKV\n|raw|PepperKV's rating: 1107 &rarr; <strong>1126</strong><br />(+19 for winning)\n|raw|Northx213's rating: 1023 &rarr; <strong>1013</strong><br />(-10 for losing)\n|l|\u2606Northx213\n|player|p2|\n|c|\u2606PepperKV|gg\n",
  "uploadtime": 1776340360,
  "views": 20,
  "formatid": "gen9championsvgc2026regma",
  "rating": 1013,
  "private": 0,
  "password": null
}