{
  "id": "gen9championsvgc2026regma-2581483767",
  "format": "[Gen 9 Champions] VGC 2026 Reg M-A",
  "players": [
    "yuriimon",
    "theBinnc"
  ],
  "log": "|j|\u2606yuriimon\n|j|\u2606theBinnc\n|t:|1776004708\n|gametype|doubles\n|player|p1|yuriimon|waitress-gen4|1065\n|player|p2|theBinnc|lady-gen4|1000\n|gen|9\n|tier|[Gen 9 Champions] VGC 2026 Reg M-A\n|rated|\n|rule|Species Clause: Limit one of each Pok\u00e9mon\n|rule|Item Clause: Limit 1 of each item\n|clearpoke\n|poke|p1|Feraligatr, L50, M|\n|poke|p1|Gallade, L50, M|\n|poke|p1|Pelipper, L50, F|\n|poke|p1|Delphox, L50, F|\n|poke|p1|Arcanine-Hisui, L50, M|\n|poke|p1|Raichu, L50, F|\n|poke|p2|Floette-Eternal, L50, F|\n|poke|p2|Snorlax, L50, M|\n|poke|p2|Hawlucha, L50, M|\n|poke|p2|Bastiodon, L50, F|\n|poke|p2|Audino, L50, M|\n|poke|p2|Conkeldurr, L50, M|\n|teampreview|4\n|inactive|Battle timer is ON: inactive players will automatically lose when time's up. (requested by yuriimon)\ntheBinnc rejected open team sheets.\n|c|\u2606theBinnc|Glhf\n|inactive|yuriimon has 60 seconds left.\n|c|\u2606yuriimon|u2\n|\n|t:|1776004752\n|teamsize|p1|4\n|teamsize|p2|4\n|start\n|switch|p1a: Raichu|Raichu, L50, F|100/100\n|switch|p1b: Delphox|Delphox, L50, F|100/100\n|switch|p2a: Hawlucha|Hawlucha, L50, M|100/100\n|switch|p2b: Bastiodon|Bastiodon, L50, F|100/100\n|-ability|p2a: Hawlucha|Mold Breaker\n|turn|1\n|\n|t:|1776004771\n|detailschange|p2a: Hawlucha|Hawlucha-Mega, L50, M\n|-mega|p2a: Hawlucha|Hawlucha|Hawluchanite\n|detailschange|p1b: Delphox|Delphox-Mega, L50, F\n|-mega|p1b: Delphox|Delphox|Delphoxite\n|move|p1a: Raichu|Fake Out|p2a: Hawlucha\n|-damage|p2a: Hawlucha|93/100\n|move|p1b: Delphox|Psychic|p2a: Hawlucha\n|-supereffective|p2a: Hawlucha|1\n|-damage|p2a: Hawlucha|0 fnt\n|faint|p2a: Hawlucha\n|move|p2b: Bastiodon|Fissure|p1a: Raichu|[miss]\n|-miss|p2b: Bastiodon|p1a: Raichu\n|\n|upkeep\n|\n|t:|1776004786\n|switch|p2a: Audino|Audino, L50, M|100/100\n|turn|2\n|\n|t:|1776004802\n|move|p1b: Delphox|Will-O-Wisp|p2b: Bastiodon\n|-status|p2b: Bastiodon|brn\n|move|p1a: Raichu|Volt Switch|p2a: Audino\n|-crit|p2a: Audino\n|-damage|p2a: Audino|73/100\n|\n|t:|1776004810\n|switch|p1a: Gallade|Gallade, L50, M|100/100|[from] Volt Switch\n|move|p2b: Bastiodon|Fissure|p1a: Gallade\n|-damage|p1a: Gallade|0 fnt\n|faint|p1a: Gallade\n|-ohko\n|move|p2a: Audino|Trick Room|p2a: Audino\n|-fieldstart|move: Trick Room|[of] p2a: Audino\n|\n|-damage|p2b: Bastiodon|95/100 brn|[from] brn\n|upkeep\n|\n|t:|1776004819\n|switch|p1a: Arcanine|Arcanine-Hisui, L50, M|100/100\n|turn|3\n|\n|t:|1776004842\n|move|p2b: Bastiodon|Earthquake|p1a: Arcanine|[spread] p2a,p1a\n|-immune|p1b: Delphox|[from] ability: Levitate\n|-supereffective|p1a: Arcanine|2\n|-damage|p2a: Audino|69/100\n|-damage|p1a: Arcanine|73/100\n|move|p2a: Audino|Chilling Water|p1a: Arcanine\n|-supereffective|p1a: Arcanine|2\n|-damage|p1a: Arcanine|36/100\n|-unboost|p1a: Arcanine|atk|1\n|-enditem|p1a: Arcanine|White Herb\n|-clearnegativeboost|p1a: Arcanine|[silent]\n|move|p1a: Arcanine|Flare Blitz|p2b: Bastiodon\n|-damage|p2b: Bastiodon|58/100 brn\n|move|p1b: Delphox|Psychic|p2a: Audino\n|-damage|p2a: Audino|30/100\n|\n|-heal|p2b: Bastiodon|64/100 brn|[from] item: Leftovers\n|-damage|p2b: Bastiodon|58/100 brn|[from] brn\n|upkeep\n|turn|4\n|inactive|yuriimon has 30 seconds left.\n|inactive|theBinnc has 30 seconds left.\n|\n|t:|1776004870\n|move|p2b: Bastiodon|Protect|p2b: Bastiodon\n|-singleturn|p2b: Bastiodon|Protect\n|move|p1a: Arcanine|Protect|p1a: Arcanine\n|-singleturn|p1a: Arcanine|Protect\n|move|p2a: Audino|Chilling Water|p1a: Arcanine\n|-activate|p1a: Arcanine|move: Protect\n|move|p1b: Delphox|Psychic|p2a: Audino\n|-damage|p2a: Audino|0 fnt\n|faint|p2a: Audino\n|\n|-heal|p2b: Bastiodon|64/100 brn|[from] item: Leftovers\n|-damage|p2b: Bastiodon|58/100 brn|[from] brn\n|upkeep\n|\n|t:|1776004885\n|switch|p2a: Conkeldurr|Conkeldurr, L50, M|100/100\n|turn|5\n|inactive|theBinnc has 30 seconds left.\n|inactive|theBinnc has 20 seconds left.\n|\n|t:|1776004924\n|switch|p1a: Raichu|Raichu, L50, F|100/100\n|move|p1b: Delphox|Protect|p1b: Delphox\n|-singleturn|p1b: Delphox|Protect\n|move|p2b: Bastiodon|Fissure|p1a: Raichu|[miss]\n|-miss|p2b: Bastiodon|p1a: Raichu\n|move|p2a: Conkeldurr|Hammer Arm|p1b: Delphox\n|-activate|p1b: Delphox|move: Protect\n|\n|-heal|p2b: Bastiodon|64/100 brn|[from] item: Leftovers\n|-damage|p2b: Bastiodon|58/100 brn|[from] brn\n|upkeep\n|turn|6\n|\n|t:|1776004947\n|move|p1a: Raichu|Fake Out|p2a: Conkeldurr\n|-damage|p2a: Conkeldurr|93/100\n|move|p2b: Bastiodon|Fissure|p1a: Raichu\n|-enditem|p1a: Raichu|Focus Sash\n|-damage|p1a: Raichu|1/100\n|cant|p2a: Conkeldurr|flinch\n|move|p1b: Delphox|Psychic|p2a: Conkeldurr\n|-supereffective|p2a: Conkeldurr|1\n|-damage|p2a: Conkeldurr|0 fnt\n|faint|p2a: Conkeldurr\n|\n|-heal|p2b: Bastiodon|64/100 brn|[from] item: Leftovers\n|-damage|p2b: Bastiodon|58/100 brn|[from] brn\n|-fieldend|move: Trick Room\n|upkeep\n|turn|7\n|inactive|theBinnc has 30 seconds left.\n|c|\u2606theBinnc|gg bastio has no way to hit Delphox lol\n|inactive|theBinnc has 20 seconds left.\n|c|\u2606theBinnc|Wp\n|\n|t:|1776004986\n|move|p1b: Delphox|Protect|p1b: Delphox\n|-singleturn|p1b: Delphox|Protect\n|move|p1a: Raichu|Endeavor|p2b: Bastiodon\n|-damage|p2b: Bastiodon|1/100 brn\n|move|p2b: Bastiodon|Earthquake|p1b: Delphox|[spread] p1a\n|-activate|p1b: Delphox|move: Protect\n|-supereffective|p1a: Raichu|1\n|-damage|p1a: Raichu|0 fnt\n|faint|p1a: Raichu\n|\n|-heal|p2b: Bastiodon|7/100 brn|[from] item: Leftovers\n|-damage|p2b: Bastiodon|1/100 brn|[from] brn\n|upkeep\n|c|\u2606yuriimon|ggwp\n|\n|t:|1776004999\n|switch|p1a: Arcanine|Arcanine-Hisui, L50, M|36/100\n|turn|8\n|\n|t:|1776005006\n|move|p1a: Arcanine|Extreme Speed|p2b: Bastiodon\n|-resisted|p2b: Bastiodon|2\n|-damage|p2b: Bastiodon|0 fnt\n|faint|p2b: Bastiodon\n|\n|win|yuriimon\n|raw|yuriimon's rating: 1065 &rarr; <strong>1090</strong><br />(+25 for winning)\n|raw|theBinnc's rating: 1000 &rarr; <strong>1000</strong><br />(+0 for losing)\n|l|\u2606theBinnc\n|player|p2|\n",
  "uploadtime": 1776005012,
  "views": 14,
  "formatid": "gen9championsvgc2026regma",
  "rating": 1000,
  "private": 0,
  "password": null
}