{
  "id": "gen9championsvgc2026regma-2587436698",
  "format": "[Gen 9 Champions] VGC 2026 Reg M-A",
  "players": [
    "Ratman937402",
    "wafflemetal"
  ],
  "log": "|j|\u2606Ratman937402\n|j|\u2606wafflemetal\n|t:|1776531687\n|gametype|doubles\n|player|p1|Ratman937402|wallace|1013\n|player|p2|wafflemetal|101|1000\n|gen|9\n|tier|[Gen 9 Champions] VGC 2026 Reg M-A\n|rated|\n|rule|Species Clause: Limit one of each Pok\u00e9mon\n|rule|Item Clause: Limit 1 of each item\n|clearpoke\n|poke|p1|Whimsicott, L50, M|\n|poke|p1|Garchomp, L50, M|\n|poke|p1|Gardevoir, L50, M|\n|poke|p1|Clefable, L50, F|\n|poke|p1|Samurott-Hisui, L50, F|\n|poke|p1|Scizor, L50, M, shiny|\n|poke|p2|Venusaur, L50, F|\n|poke|p2|Glimmora, L50, M|\n|poke|p2|Skarmory, L50, F|\n|poke|p2|Incineroar, L50, M|\n|poke|p2|Whimsicott, L50, M|\n|poke|p2|Kingambit, L50, F|\n|teampreview|4\n|\n|t:|1776531721\n|teamsize|p1|4\n|teamsize|p2|4\n|start\n|switch|p1a: Whimsicott|Whimsicott, L50, M|100/100\n|switch|p1b: Clefable|Clefable, L50, F|100/100\n|switch|p2a: Glimmora|Glimmora, L50, M|100/100\n|switch|p2b: Incineroar|Incineroar, L50, M|100/100\n|-ability|p2b: Incineroar|Intimidate|boost\n|-unboost|p1a: Whimsicott|atk|1\n|-unboost|p1b: Clefable|atk|1\n|turn|1\n|\n|t:|1776531740\n|switch|p1b: Samurott|Samurott-Hisui, L50, F|100/100\n|move|p1a: Whimsicott|Protect|p1a: Whimsicott\n|-singleturn|p1a: Whimsicott|Protect\n|move|p2b: Incineroar|Fake Out|p1a: Whimsicott\n|-activate|p1a: Whimsicott|move: Protect\n|move|p2a: Glimmora|Spikes|p1b: Samurott\n|-sidestart|p1: Ratman937402|Spikes\n|\n|upkeep\n|turn|2\n|inactive|Battle timer is ON: inactive players will automatically lose when time's up. (requested by wafflemetal)\n|\n|t:|1776531769\n|move|p1a: Whimsicott|Encore|p2b: Incineroar\n|-hint|Since gen 7, Dark is immune to Prankster moves.\n|-immune|p2b: Incineroar\n|move|p2a: Glimmora|Toxic Spikes|p1a: Whimsicott\n|-sidestart|p1: Ratman937402|move: Toxic Spikes\n|move|p1b: Samurott|Swords Dance|p1b: Samurott\n|-boost|p1b: Samurott|atk|2\n|move|p2b: Incineroar|Parting Shot|p1b: Samurott\n|-unboost|p1b: Samurott|atk|1\n|-unboost|p1b: Samurott|spa|1\n|\n|t:|1776531780\n|switch|p2b: Venusaur|Venusaur, L50, F|100/100|[from] Parting Shot\n|\n|upkeep\n|turn|3\n|\n|t:|1776531792\n|detailschange|p2b: Venusaur|Venusaur-Mega, L50, F\n|-mega|p2b: Venusaur|Venusaur|Venusaurite\n|move|p1a: Whimsicott|Tailwind|p1a: Whimsicott\n|-sidestart|p1: Ratman937402|move: Tailwind\n|move|p1b: Samurott|Aqua Cutter|p2a: Glimmora\n|-supereffective|p2a: Glimmora|1\n|-enditem|p2a: Glimmora|Focus Sash\n|-damage|p2a: Glimmora|1/100\n|-activate|p2a: Glimmora|ability: Toxic Debris\n|-sidestart|p1: Ratman937402|move: Toxic Spikes\n|move|p2a: Glimmora|Sludge Bomb|p1a: Whimsicott\n|-supereffective|p1a: Whimsicott|2\n|-enditem|p1a: Whimsicott|Focus Sash\n|-damage|p1a: Whimsicott|1/100\n|-status|p1a: Whimsicott|psn\n|move|p2b: Venusaur|Leech Seed|p1b: Samurott\n|-start|p1b: Samurott|move: Leech Seed\n|\n|-damage|p1b: Samurott|89/100|[from] Leech Seed|[of] p2b: Venusaur\n|-damage|p1a: Whimsicott|0 fnt|[from] psn\n|faint|p1a: Whimsicott\n|upkeep\n|\n|t:|1776531803\n|switch|p1a: Scizor|Scizor, L50, M, shiny|100/100\n|-damage|p1a: Scizor|88/100|[from] Spikes\n|turn|4\n|\n|t:|1776531827\n|detailschange|p1a: Scizor|Scizor-Mega, L50, M, shiny\n|-mega|p1a: Scizor|Scizor|Scizorite\n|move|p2a: Glimmora|Protect|p2a: Glimmora\n|-singleturn|p2a: Glimmora|Protect\n|move|p1a: Scizor|Bug Bite|p2b: Venusaur\n|-damage|p2b: Venusaur|67/100\n|move|p1b: Samurott|Aqua Cutter|p2a: Glimmora\n|-activate|p2a: Glimmora|move: Protect\n|move|p2b: Venusaur|Sleep Powder|p1a: Scizor\n|-status|p1a: Scizor|slp|[from] move: Sleep Powder\n|\n|-damage|p1b: Samurott|77/100|[from] Leech Seed|[of] p2b: Venusaur\n|-heal|p2b: Venusaur|78/100|[silent]\n|upkeep\n|turn|5\n|inactive|wafflemetal has 30 seconds left.\n|\n|t:|1776531854\n|switch|p2a: Kingambit|Kingambit, L50, F|100/100\n|cant|p1a: Scizor|slp\n|move|p1b: Samurott|Ceaseless Edge|p2b: Venusaur\n|-damage|p2b: Venusaur|16/100\n|-sidestart|p2: wafflemetal|Spikes\n|move|p2b: Venusaur|Sleep Powder|p1b: Samurott\n|-status|p1b: Samurott|slp|[from] move: Sleep Powder\n|\n|-damage|p1b: Samurott|65/100 slp|[from] Leech Seed|[of] p2b: Venusaur\n|-heal|p2b: Venusaur|27/100|[silent]\n|upkeep\n|turn|6\n|inactive|wafflemetal has 30 seconds left.\n|inactive|wafflemetal has 20 seconds left.\n|\n|t:|1776531891\n|cant|p1a: Scizor|slp\n|cant|p1b: Samurott|slp\n|move|p2b: Venusaur|Sludge Bomb|p1b: Samurott\n|-damage|p1b: Samurott|14/100 slp\n|move|p2a: Kingambit|Kowtow Cleave|p1a: Scizor\n|-damage|p1a: Scizor|37/100 slp\n|\n|-damage|p1b: Samurott|2/100 slp|[from] Leech Seed|[of] p2b: Venusaur\n|-heal|p2b: Venusaur|37/100|[silent]\n|-sideend|p1: Ratman937402|move: Tailwind\n|upkeep\n|turn|7\n|\n|t:|1776531914\n|-curestatus|p1a: Scizor|slp|[msg]\n|move|p1a: Scizor|Close Combat|p2a: Kingambit\n|-supereffective|p2a: Kingambit|2\n|-damage|p2a: Kingambit|0 fnt\n|-unboost|p1a: Scizor|def|1\n|-unboost|p1a: Scizor|spd|1\n|faint|p2a: Kingambit\n|-end|p2a: Kingambit|fallenundefined|[silent]\n|-curestatus|p1b: Samurott|slp|[msg]\n|move|p1b: Samurott|Ceaseless Edge|p2b: Venusaur\n|-damage|p2b: Venusaur|0 fnt\n|-sidestart|p2: wafflemetal|Spikes\n|faint|p2b: Venusaur\n|\n|upkeep\n|\n|t:|1776531929\n|switch|p2b: Glimmora|Glimmora, L50, M|1/100\n|switch|p2a: Incineroar|Incineroar, L50, M|100/100\n|-damage|p2b: Glimmora|0 fnt|[from] Spikes\n|faint|p2b: Glimmora\n|-damage|p2a: Incineroar|84/100|[from] Spikes\n|-ability|p2a: Incineroar|Intimidate|boost\n|-unboost|p1a: Scizor|atk|1\n|-unboost|p1b: Samurott|atk|1\n|turn|8\n|\n|t:|1776531946\n|move|p1a: Scizor|Protect|p1a: Scizor\n|-singleturn|p1a: Scizor|Protect\n|move|p1b: Samurott|Protect|p1b: Samurott\n|-singleturn|p1b: Samurott|Protect\n|move|p2a: Incineroar|Fake Out|p1a: Scizor\n|-activate|p1a: Scizor|move: Protect\n|\n|upkeep\n|turn|9\n|\n|t:|1776531962\n|move|p1a: Scizor|Close Combat|p2a: Incineroar\n|-supereffective|p2a: Incineroar|1\n|-damage|p2a: Incineroar|32/100\n|-unboost|p1a: Scizor|def|1\n|-unboost|p1a: Scizor|spd|1\n|-enditem|p2a: Incineroar|Sitrus Berry|[eat]\n|-heal|p2a: Incineroar|56/100|[from] item: Sitrus Berry\n|move|p1b: Samurott|Aqua Cutter|p2a: Incineroar\n|-supereffective|p2a: Incineroar|1\n|-damage|p2a: Incineroar|0 fnt\n|faint|p2a: Incineroar\n|\n|win|Ratman937402\n|raw|Ratman937402's rating: 1013 &rarr; <strong>1050</strong><br />(+37 for winning)\n|raw|wafflemetal's rating: 1000 &rarr; <strong>1000</strong><br />(+0 for losing)\n|l|\u2606wafflemetal\n|player|p2|\n|l|\u2606Ratman937402\n|player|p1|\n",
  "uploadtime": 1776532290,
  "views": 36,
  "formatid": "gen9championsvgc2026regma",
  "rating": 1000,
  "private": 0,
  "password": null
}