{
  "id": "gen9championsvgc2026regma-2585883464",
  "format": "[Gen 9 Champions] VGC 2026 Reg M-A",
  "players": [
    "Bumdumb",
    "Endergeimer"
  ],
  "log": "|j|\u2606Bumdumb\n|j|\u2606Endergeimer\n|t:|1776378208\n|gametype|doubles\n|player|p1|Bumdumb|fisherman-gen4|1000\n|player|p2|Endergeimer|170|1040\n|gen|9\n|tier|[Gen 9 Champions] VGC 2026 Reg M-A\n|rated|\n|rule|Species Clause: Limit one of each Pok\u00e9mon\n|rule|Item Clause: Limit 1 of each item\n|clearpoke\n|poke|p1|Meganium, L50, M|\n|poke|p1|Aerodactyl, L50, M|\n|poke|p1|Tyranitar, L50, M|\n|poke|p1|Milotic, L50, M|\n|poke|p1|Aegislash, L50, M|\n|poke|p1|Incineroar, L50, M|\n|poke|p2|Basculegion, L50, M|\n|poke|p2|Gengar, L50, M|\n|poke|p2|Runerigus, L50, M|\n|poke|p2|Chandelure, L50, M|\n|poke|p2|Trevenant, L50, M|\n|poke|p2|Zoroark-Hisui, L50, M|\n|teampreview|4\n|c|\u2606Endergeimer|GLHF...\n|\n|t:|1776378267\n|teamsize|p1|4\n|teamsize|p2|4\n|start\n|switch|p1a: Aegislash|Aegislash, L50, M, shiny|100/100\n|switch|p1b: Aerodactyl|Aerodactyl, L50, M, shiny|100/100\n|switch|p2a: Basculegion|Basculegion, L50, M|100/100\n|switch|p2b: Trevenant|Trevenant, L50, M|100/100\n|-ability|p1b: Aerodactyl|Unnerve\n|turn|1\n|\n|t:|1776378292\n|move|p1a: Aegislash|King's Shield|p1a: Aegislash\n|-singleturn|p1a: Aegislash|Protect\n|move|p1b: Aerodactyl|Tailwind|p1b: Aerodactyl\n|-sidestart|p1: Bumdumb|move: Tailwind\n|move|p2a: Basculegion|Flamethrower|p1a: Aegislash\n|-activate|p1a: Aegislash|move: Protect\n|move|p2b: Trevenant|Reflect|p2b: Trevenant\n|-sidestart|p2: Endergeimer|Reflect\n|\n|upkeep\n|turn|2\n|\n|t:|1776378305\n|move|p1b: Aerodactyl|Dual Wingbeat|p2b: Trevenant\n|-supereffective|p2b: Trevenant|1\n|-damage|p2b: Trevenant|74/100\n|-supereffective|p2b: Trevenant|1\n|-damage|p2b: Trevenant|47/100\n|-hitcount|p2b: Trevenant|2\n|-formechange|p1a: Aegislash|Aegislash-Blade|\n|move|p1a: Aegislash|Poltergeist|p2a: Basculegion\n|-immune|p2a: Basculegion\n|move|p2a: Basculegion|Flamethrower|p1a: Aegislash\n|-supereffective|p1a: Aegislash|1\n|-damage|p1a: Aegislash|0 fnt\n|faint|p1a: Aegislash\n|move|p2b: Trevenant|Wood Hammer|p1b: Aerodactyl\n|-damage|p1b: Aerodactyl|11/100\n|-damage|p2b: Trevenant|19/100|[from] Recoil\n|\n|upkeep\n|\n|t:|1776378321\n|switch|p1a: Meganium|Meganium, L50, M, shiny|100/100\n|turn|3\n|\n|t:|1776378347\n|detailschange|p1a: Meganium|Meganium-Mega, L50, M, shiny\n|-mega|p1a: Meganium|Meganium|Meganiumite\n|move|p1b: Aerodactyl|Rock Slide|p2a: Basculegion|[spread] p2a,p2b\n|-damage|p2a: Basculegion|66/100\n|-damage|p2b: Trevenant|0 fnt\n|replace|p2a: Zoroark|Zoroark-Hisui, L50, M\n|-end|p2a: Zoroark|Illusion\n|faint|p2b: Trevenant\n|move|p1a: Meganium|Dazzling Gleam|p2a: Zoroark\n|-damage|p2a: Zoroark|0 fnt\n|faint|p2a: Zoroark\n|\n|upkeep\n|\n|t:|1776378359\n|switch|p2a: Chandelure|Chandelure, L50, M|100/100\n|switch|p2b: Basculegion|Basculegion, L50, M|100/100\n|turn|4\n|\n|t:|1776378374\n|detailschange|p2a: Chandelure|Chandelure-Mega, L50, M\n|-mega|p2a: Chandelure|Chandelure|Chandelurite\n|move|p2b: Basculegion|Aqua Jet|p1b: Aerodactyl\n|-supereffective|p1b: Aerodactyl|1\n|-damage|p1b: Aerodactyl|0 fnt\n|faint|p1b: Aerodactyl\n|move|p1a: Meganium|Solar Beam||[still]\n|-prepare|p1a: Meganium|Solar Beam\n|-activate|p1a: Meganium|ability: Mega Sol\n|-anim|p1a: Meganium|Solar Beam|p2b: Basculegion\n|-supereffective|p2b: Basculegion|1\n|-damage|p2b: Basculegion|0 fnt\n|faint|p2b: Basculegion\n|move|p2a: Chandelure|Heat Wave|p1a: Meganium\n|-supereffective|p1a: Meganium|1\n|-damage|p1a: Meganium|0 fnt\n|faint|p1a: Meganium\n|\n|-sideend|p1: Bumdumb|move: Tailwind\n|upkeep\n|\n|t:|1776378391\n|switch|p1b: Tyranitar|Tyranitar, L50, M, shiny|100/100\n|-weather|Sandstorm|[from] ability: Sand Stream|[of] p1b: Tyranitar\n|turn|5\n|\n|t:|1776378402\n|move|p1b: Tyranitar|Rock Slide|p2a: Chandelure\n|-supereffective|p2a: Chandelure|1\n|-damage|p2a: Chandelure|39/100\n|cant|p2a: Chandelure|flinch\n|\n|-weather|Sandstorm|[upkeep]\n|-damage|p2a: Chandelure|33/100|[from] Sandstorm\n|-sideend|p2: Endergeimer|Reflect\n|upkeep\n|turn|6\n|\n|t:|1776378415\n|move|p2a: Chandelure|Protect|p2a: Chandelure\n|-singleturn|p2a: Chandelure|Protect\n|move|p1b: Tyranitar|Rock Slide|p2a: Chandelure\n|-activate|p2a: Chandelure|move: Protect\n|\n|-weather|Sandstorm|[upkeep]\n|-damage|p2a: Chandelure|28/100|[from] Sandstorm\n|upkeep\n|turn|7\n|\n|t:|1776378426\n|move|p1b: Tyranitar|Rock Slide|p2a: Chandelure\n|-supereffective|p2a: Chandelure|1\n|-damage|p2a: Chandelure|0 fnt\n|faint|p2a: Chandelure\n|\n|win|Bumdumb\n|raw|Bumdumb's rating: 1000 &rarr; <strong>1045</strong><br />(+45 for winning)\n|raw|Endergeimer's rating: 1040 &rarr; <strong>1022</strong><br />(-18 for losing)\n|c|\u2606Endergeimer|GG...\n",
  "uploadtime": 1776378440,
  "views": 14,
  "formatid": "gen9championsvgc2026regma",
  "rating": 1022,
  "private": 0,
  "password": null
}