{
  "id": "gen9championsvgc2026regma-2587915160",
  "format": "[Gen 9 Champions] VGC 2026 Reg M-A",
  "players": [
    "sinistachoss",
    "adityanair212"
  ],
  "log": "|j|\u2606sinistachoss\n|j|\u2606adityanair212\n|t:|1776578479\n|gametype|doubles\n|player|p1|sinistachoss|essentia|1026\n|player|p2|adityanair212|ghetsis-gen5bw|1123\n|gen|9\n|tier|[Gen 9 Champions] VGC 2026 Reg M-A\n|rated|\n|rule|Species Clause: Limit one of each Pok\u00e9mon\n|rule|Item Clause: Limit 1 of each item\n|clearpoke\n|poke|p1|Gengar, L50, M|\n|poke|p1|Archaludon, L50, F|\n|poke|p1|Pelipper, L50, M|\n|poke|p1|Maushold, L50|\n|poke|p1|Sinistcha, L50|\n|poke|p1|Incineroar, L50, M|\n|poke|p2|Golurk, L50|\n|poke|p2|Farigiraf, L50, F|\n|poke|p2|Incineroar, L50, F|\n|poke|p2|Torkoal, L50, M|\n|poke|p2|Sneasler, L50, F|\n|poke|p2|Venusaur, L50, F|\n|teampreview|4\n|inactive|Battle timer is ON: inactive players will automatically lose when time's up. (requested by adityanair212)\n|\n|t:|1776578512\n|teamsize|p1|4\n|teamsize|p2|4\n|start\n|switch|p1a: Maushold|Maushold, L50|100/100\n|switch|p1b: Gengar|Gengar, L50, M|100/100\n|switch|p2a: Farigiraf|Farigiraf, L50, F|100/100\n|switch|p2b: Incineroar|Incineroar, L50, F|100/100\n|-ability|p2b: Incineroar|Intimidate|boost\n|-unboost|p1a: Maushold|atk|1\n|-unboost|p1b: Gengar|atk|1\n|turn|1\n|inactive|adityanair212 has 30 seconds left.\n|\n|t:|1776578542\n|switch|p1b: Pelipper|Pelipper, L50, M|100/100\n|-weather|RainDance|[from] ability: Drizzle|[of] p1b: Pelipper\n|move|p2b: Incineroar|Fake Out|p1a: Maushold\n|-damage|p1a: Maushold|88/100\n|cant|p1a: Maushold|flinch\n|move|p2a: Farigiraf|Trick Room|p2a: Farigiraf\n|-fieldstart|move: Trick Room|[of] p2a: Farigiraf\n|\n|-weather|RainDance|[upkeep]\n|upkeep\n|turn|2\n|inactive|sinistachoss has 30 seconds left.\n|inactive|adityanair212 has 30 seconds left.\n|inactive|sinistachoss has 20 seconds left.\n|\n|t:|1776578580\n|move|p1a: Maushold|Helping Hand|p1b: Pelipper\n|-singleturn|p1b: Pelipper|Helping Hand|[of] p1a: Maushold\n|move|p2a: Farigiraf|Hyper Voice|p1a: Maushold|[spread] p1a,p1b\n|-damage|p1a: Maushold|56/100\n|-damage|p1b: Pelipper|72/100\n|move|p2b: Incineroar|Parting Shot|p1b: Pelipper\n|-unboost|p1b: Pelipper|atk|1\n|-unboost|p1b: Pelipper|spa|1\n|\n|t:|1776578589\n|switch|p2b: Torkoal|Torkoal, L50, M|100/100|[from] Parting Shot\n|-weather|SunnyDay|[from] ability: Drought|[of] p2b: Torkoal\n|move|p1b: Pelipper|Hurricane|p2a: Farigiraf\n|-damage|p2a: Farigiraf|63/100\n|\n|-weather|SunnyDay|[upkeep]\n|upkeep\n|turn|3\n|inactive|sinistachoss has 30 seconds left.\n|inactive|sinistachoss has 20 seconds left.\n|inactive|sinistachoss has 15 seconds left.\n|\n|t:|1776578633\n|move|p1b: Pelipper|Protect|p1b: Pelipper\n|-singleturn|p1b: Pelipper|Protect\n|move|p1a: Maushold|Protect|p1a: Maushold\n|-singleturn|p1a: Maushold|Protect\n|move|p2b: Torkoal|Eruption|p1a: Maushold|[spread] \n|-activate|p1a: Maushold|move: Protect\n|-activate|p1b: Pelipper|move: Protect\n|move|p2a: Farigiraf|Psychic|p1b: Pelipper\n|-activate|p1b: Pelipper|move: Protect\n|\n|-weather|SunnyDay|[upkeep]\n|upkeep\n|turn|4\n|\n|t:|1776578652\n|move|p1b: Pelipper|Wide Guard|p1b: Pelipper\n|-singleturn|p1b: Pelipper|Wide Guard\n|move|p2b: Torkoal|Eruption|p1a: Maushold|[spread] \n|-activate|p1a: Maushold|move: Wide Guard\n|-activate|p1b: Pelipper|move: Wide Guard\n|move|p2a: Farigiraf|Psychic|p1b: Pelipper\n|-damage|p1b: Pelipper|35/100\n|move|p1a: Maushold|Super Fang|p2b: Torkoal\n|-damage|p2b: Torkoal|51/100\n|\n|-weather|SunnyDay|[upkeep]\n|upkeep\n|turn|5\n|inactive|sinistachoss has 30 seconds left.\n|\n|t:|1776578687\n|switch|p1b: Archaludon|Archaludon, L50, F|100/100\n|move|p1a: Maushold|Protect|p1a: Maushold\n|-singleturn|p1a: Maushold|Protect\n|move|p2b: Torkoal|Weather Ball|p1a: Maushold\n|-activate|p1a: Maushold|move: Protect\n|move|p2a: Farigiraf|Psychic|p1b: Archaludon\n|-resisted|p1b: Archaludon|1\n|-damage|p1b: Archaludon|85/100\n|-ability|p1b: Archaludon|Stamina|boost\n|-boost|p1b: Archaludon|def|1\n|\n|-weather|SunnyDay|[upkeep]\n|-heal|p1b: Archaludon|91/100|[from] item: Leftovers\n|-fieldend|move: Trick Room\n|upkeep\n|turn|6\n|inactive|adityanair212 has 30 seconds left.\n|\n|t:|1776578715\n|switch|p1a: Pelipper|Pelipper, L50, M|35/100\n|-weather|RainDance|[from] ability: Drizzle|[of] p1a: Pelipper\n|switch|p2a: Incineroar|Incineroar, L50, F|100/100\n|-ability|p2a: Incineroar|Intimidate|boost\n|-unboost|p1a: Pelipper|atk|1\n|-unboost|p1b: Archaludon|atk|1\n|move|p1b: Archaludon|Electro Shot||[still]\n|-prepare|p1b: Archaludon|Electro Shot\n|-boost|p1b: Archaludon|spa|1\n|-anim|p1b: Archaludon|Electro Shot|p2a: Incineroar\n|-damage|p2a: Incineroar|48/100\n|move|p2b: Torkoal|Weather Ball|p1b: Archaludon\n|-resisted|p1b: Archaludon|1\n|-damage|p1b: Archaludon|66/100\n|-ability|p1b: Archaludon|Stamina|boost\n|-boost|p1b: Archaludon|def|1\n|\n|-weather|RainDance|[upkeep]\n|-heal|p1b: Archaludon|73/100|[from] item: Leftovers\n|upkeep\n|turn|7\n|inactive|sinistachoss has 30 seconds left.\n|inactive|adityanair212 has 30 seconds left.\n|inactive|sinistachoss has 20 seconds left.\n|inactive|adityanair212 has 20 seconds left.\n|inactive|sinistachoss has 15 seconds left.\n|inactive|adityanair212 has 15 seconds left.\n|inactive|sinistachoss has 10 seconds left.\n|\n|t:|1776578763\n|switch|p1a: Gengar|Gengar, L50, M|100/100\n|switch|p2b: Golurk|Golurk, L50|100/100\n|move|p2a: Incineroar|Fake Out|p1a: Gengar\n|-immune|p1a: Gengar\n|move|p1b: Archaludon|Dragon Pulse|p2a: Incineroar\n|-damage|p2a: Incineroar|2/100\n|\n|-weather|RainDance|[upkeep]\n|-heal|p1b: Archaludon|79/100|[from] item: Leftovers\n|upkeep\n|turn|8\n|inactive|adityanair212 has 30 seconds left.\n|inactive|sinistachoss has 30 seconds left.\n|inactive|adityanair212 has 20 seconds left.\n|\n|t:|1776578799\n|detailschange|p1a: Gengar|Gengar-Mega, L50, M\n|-mega|p1a: Gengar|Gengar|Gengarite\n|detailschange|p2b: Golurk|Golurk-Mega, L50\n|-mega|p2b: Golurk|Golurk|Golurkite\n|move|p2b: Golurk|Protect|p2b: Golurk\n|-singleturn|p2b: Golurk|Protect\n|move|p1a: Gengar|Icy Wind|p2a: Incineroar|[spread] \n|-activate|p2b: Golurk|move: Protect\n|-miss|p1a: Gengar|p2a: Incineroar\n|move|p1b: Archaludon|Dragon Pulse|p2b: Golurk\n|-activate|p2b: Golurk|move: Protect\n|move|p2a: Incineroar|Parting Shot|p1b: Archaludon\n|-unboost|p1b: Archaludon|atk|1\n|-unboost|p1b: Archaludon|spa|1\n|\n|t:|1776578820\n|switch|p2a: Farigiraf|Farigiraf, L50, F|63/100|[from] Parting Shot\n|\n|-weather|RainDance|[upkeep]\n|-heal|p1b: Archaludon|85/100|[from] item: Leftovers\n|upkeep\n|turn|9\n|\n|t:|1776578842\n|move|p1a: Gengar|Will-O-Wisp|p2b: Golurk\n|-status|p2b: Golurk|brn\n|move|p1b: Archaludon|Electro Shot||[still]\n|-prepare|p1b: Archaludon|Electro Shot\n|-boost|p1b: Archaludon|spa|1\n|-anim|p1b: Archaludon|Electro Shot|p2a: Farigiraf\n|-damage|p2a: Farigiraf|14/100\n|-enditem|p2a: Farigiraf|Sitrus Berry|[eat]\n|-heal|p2a: Farigiraf|39/100|[from] item: Sitrus Berry\n|move|p2b: Golurk|Poltergeist|p1a: Gengar\n|-activate|p1a: Gengar|move: Poltergeist|Gengarite\n|-supereffective|p1a: Gengar|1\n|-damage|p1a: Gengar|1/100\n|move|p2a: Farigiraf|Trick Room|p2a: Farigiraf\n|-fieldstart|move: Trick Room|[of] p2a: Farigiraf\n|\n|-weather|RainDance|[upkeep]\n|-heal|p1b: Archaludon|91/100|[from] item: Leftovers\n|-damage|p2b: Golurk|95/100 brn|[from] brn\n|upkeep\n|turn|10\n|inactive|adityanair212 has 30 seconds left.\n|inactive|sinistachoss has 30 seconds left.\n|inactive|adityanair212 has 20 seconds left.\n|inactive|sinistachoss has 20 seconds left.\n|inactive|adityanair212 has 15 seconds left.\n|\n|t:|1776578885\n|move|p1a: Gengar|Protect|p1a: Gengar\n|-singleturn|p1a: Gengar|Protect\n|move|p2b: Golurk|Headlong Rush|p1b: Archaludon\n|-supereffective|p1b: Archaludon|1\n|-damage|p1b: Archaludon|61/100\n|-unboost|p2b: Golurk|def|1\n|-unboost|p2b: Golurk|spd|1\n|-ability|p1b: Archaludon|Stamina|boost\n|-boost|p1b: Archaludon|def|1\n|move|p2a: Farigiraf|Psychic|p1a: Gengar\n|-activate|p1a: Gengar|move: Protect\n|move|p1b: Archaludon|Dragon Pulse|p2b: Golurk\n|-damage|p2b: Golurk|19/100 brn\n|\n|-weather|none\n|-heal|p1b: Archaludon|68/100|[from] item: Leftovers\n|-damage|p2b: Golurk|14/100 brn|[from] brn\n|upkeep\n|turn|11\n|\n|t:|1776578909\n|switch|p1a: Maushold|Maushold, L50|56/100\n|move|p2a: Farigiraf|Helping Hand|p2b: Golurk\n|-singleturn|p2b: Golurk|Helping Hand|[of] p2a: Farigiraf\n|move|p1b: Archaludon|Protect|p1b: Archaludon\n|-singleturn|p1b: Archaludon|Protect\n|move|p2b: Golurk|Headlong Rush|p1b: Archaludon\n|-supereffective|p1b: Archaludon|1\n|-ability|p2b: Golurk|Unseen Fist\n|-zbroken|p1b: Archaludon\n|-damage|p1b: Archaludon|61/100\n|-unboost|p2b: Golurk|def|1\n|-unboost|p2b: Golurk|spd|1\n|-ability|p1b: Archaludon|Stamina|boost\n|-boost|p1b: Archaludon|def|1\n|\n|-heal|p1b: Archaludon|67/100|[from] item: Leftovers\n|-damage|p2b: Golurk|8/100 brn|[from] brn\n|upkeep\n|turn|12\n|inactive|sinistachoss has 30 seconds left.\n|\n|t:|1776578935\n|move|p2a: Farigiraf|Helping Hand|p2b: Golurk\n|-singleturn|p2b: Golurk|Helping Hand|[of] p2a: Farigiraf\n|move|p1a: Maushold|Protect|p1a: Maushold\n|-singleturn|p1a: Maushold|Protect\n|move|p2b: Golurk|Headlong Rush|p1b: Archaludon\n|-supereffective|p1b: Archaludon|1\n|-damage|p1b: Archaludon|47/100\n|-unboost|p2b: Golurk|def|1\n|-unboost|p2b: Golurk|spd|1\n|-ability|p1b: Archaludon|Stamina|boost\n|-boost|p1b: Archaludon|def|1\n|move|p1b: Archaludon|Dragon Pulse|p2a: Farigiraf\n|-damage|p2a: Farigiraf|0 fnt\n|faint|p2a: Farigiraf\n|\n|-heal|p1b: Archaludon|53/100|[from] item: Leftovers\n|-damage|p2b: Golurk|2/100 brn|[from] brn\n|upkeep\n|\n|t:|1776578951\n|switch|p2a: Torkoal|Torkoal, L50, M|51/100\n|-weather|SunnyDay|[from] ability: Drought|[of] p2a: Torkoal\n|turn|13\n|\n|t:|1776578975\n|move|p2a: Torkoal|Protect|p2a: Torkoal\n|-singleturn|p2a: Torkoal|Protect\n|move|p1b: Archaludon|Protect|p1b: Archaludon\n|-singleturn|p1b: Archaludon|Protect\n|move|p1a: Maushold|Protect||[still]\n|-fail|p1a: Maushold\n|move|p2b: Golurk|Poltergeist|p1a: Maushold\n|-immune|p1a: Maushold\n|\n|-weather|SunnyDay|[upkeep]\n|-heal|p1b: Archaludon|59/100|[from] item: Leftovers\n|-damage|p2b: Golurk|0 fnt|[from] brn\n|faint|p2b: Golurk\n|-fieldend|move: Trick Room\n|upkeep\n|\n|t:|1776578984\n|switch|p2b: Incineroar|Incineroar, L50, F|2/100\n|-ability|p2b: Incineroar|Intimidate|boost\n|-unboost|p1a: Maushold|atk|1\n|-unboost|p1b: Archaludon|atk|1\n|turn|14\n|\n|t:|1776579006\n|switch|p1a: Pelipper|Pelipper, L50, M|35/100\n|-weather|RainDance|[from] ability: Drizzle|[of] p1a: Pelipper\n|move|p2b: Incineroar|Fake Out|p1b: Archaludon\n|-resisted|p1b: Archaludon|1\n|-damage|p1b: Archaludon|58/100\n|-ability|p1b: Archaludon|Stamina|boost\n|-boost|p1b: Archaludon|def|1\n|cant|p1b: Archaludon|flinch\n|move|p2a: Torkoal|Heat Wave|p1a: Pelipper|[spread] p1a,p1b\n|-resisted|p1a: Pelipper|1\n|-damage|p1a: Pelipper|23/100\n|-damage|p1b: Archaludon|39/100\n|-status|p1b: Archaludon|brn\n|\n|-weather|RainDance|[upkeep]\n|-heal|p1b: Archaludon|45/100 brn|[from] item: Leftovers\n|-damage|p1b: Archaludon|39/100 brn|[from] brn\n|upkeep\n|turn|15\n|\n|t:|1776579023\n|move|p1b: Archaludon|Protect|p1b: Archaludon\n|-singleturn|p1b: Archaludon|Protect\n|move|p1a: Pelipper|Tailwind|p1a: Pelipper\n|-sidestart|p1: sinistachoss|move: Tailwind\n|move|p2b: Incineroar|Throat Chop|p1b: Archaludon\n|-activate|p1b: Archaludon|move: Protect\n|move|p2a: Torkoal|Heat Wave|p1b: Archaludon|[spread] p1a\n|-activate|p1b: Archaludon|move: Protect\n|-resisted|p1a: Pelipper|1\n|-damage|p1a: Pelipper|10/100\n|\n|-weather|RainDance|[upkeep]\n|-heal|p1b: Archaludon|45/100 brn|[from] item: Leftovers\n|-damage|p1b: Archaludon|39/100 brn|[from] brn\n|upkeep\n|turn|16\n|\n|t:|1776579038\n|move|p1a: Pelipper|Wide Guard|p1a: Pelipper\n|-singleturn|p1a: Pelipper|Wide Guard\n|move|p1b: Archaludon|Dragon Pulse|p2a: Torkoal\n|-damage|p2a: Torkoal|0 fnt\n|faint|p2a: Torkoal\n|move|p2b: Incineroar|Flare Blitz|p1a: Pelipper\n|-resisted|p1a: Pelipper|1\n|-damage|p1a: Pelipper|0 fnt\n|faint|p1a: Pelipper\n|-damage|p2b: Incineroar|0 fnt|[from] Recoil\n|faint|p2b: Incineroar\n|\n|win|sinistachoss\n|raw|sinistachoss's rating: 1026 &rarr; <strong>1072</strong><br />(+46 for winning)\n|raw|adityanair212's rating: 1123 &rarr; <strong>1091</strong><br />(-32 for losing)\n|c|\u2606adityanair212|what's your main's rating\n|c|\u2606sinistachoss|nn cmp\n|c|\u2606sinistachoss|Champ\n|c|\u2606sinistachoss|Im champions\n|c|\u2606adityanair212|Damn\n|c|\u2606adityanair212|Good game\n|c|\u2606sinistachoss|Yh\n|c|\u2606sinistachoss|U2\n",
  "uploadtime": 1776579038,
  "views": 11,
  "formatid": "gen9championsvgc2026regma",
  "rating": 1072,
  "private": 0,
  "password": null
}