{
  "id": "gen9championsvgc2026regma-2587527811",
  "format": "[Gen 9 Champions] VGC 2026 Reg M-A",
  "players": [
    "ejdjdjs",
    "Mistah Boombastic"
  ],
  "log": "|j|\u2606ejdjdjs\n|j|\u2606Mistah Boombastic\n|t:|1776539505\n|gametype|doubles\n|player|p1|ejdjdjs|169|1000\n|player|p2|Mistah Boombastic|lusamine-nihilego|1098\n|gen|9\n|tier|[Gen 9 Champions] VGC 2026 Reg M-A\n|rated|\n|rule|Species Clause: Limit one of each Pok\u00e9mon\n|rule|Item Clause: Limit 1 of each item\n|clearpoke\n|poke|p1|Whimsicott, L50, F|\n|poke|p1|Incineroar, L50, F|\n|poke|p1|Garchomp, L50, F|\n|poke|p1|Corviknight, L50, M|\n|poke|p1|Meowscarada, L50, F|\n|poke|p1|Dragonite, L50, F, shiny|\n|poke|p2|Scovillain, L50, F|\n|poke|p2|Sinistcha-Masterpiece, L50|\n|poke|p2|Tauros-Paldea-Aqua, L50, M|\n|poke|p2|Kangaskhan, L50, F|\n|poke|p2|Incineroar, L50, M|\n|poke|p2|Typhlosion-Hisui, L50, F|\n|teampreview|4\n|inactive|Battle timer is ON: inactive players will automatically lose when time's up. (requested by Mistah Boombastic)\n|\n|t:|1776539535\n|teamsize|p1|4\n|teamsize|p2|4\n|start\n|switch|p1a: Whimsicott|Whimsicott, L50, F|100/100\n|switch|p1b: Incineroar|Incineroar, L50, F|100/100\n|switch|p2a: Scovillain|Scovillain, L50, F|100/100\n|switch|p2b: Typhlosion|Typhlosion-Hisui, L50, F|100/100\n|-item|p1a: Whimsicott|Focus Sash|[from] ability: Frisk|[of] p2b: Typhlosion\n|-item|p1b: Incineroar|Sitrus Berry|[from] ability: Frisk|[of] p2b: Typhlosion\n|-ability|p1b: Incineroar|Intimidate|boost\n|-unboost|p2a: Scovillain|atk|1\n|-unboost|p2b: Typhlosion|atk|1\n|turn|1\n|inactive|ejdjdjs has 30 seconds left.\n|\n|t:|1776539561\n|detailschange|p2a: Scovillain|Scovillain-Mega, L50, F\n|-mega|p2a: Scovillain|Scovillain|Scovillainite\n|move|p2a: Scovillain|Helping Hand|p2b: Typhlosion\n|-singleturn|p2b: Typhlosion|Helping Hand|[of] p2a: Scovillain\n|move|p1a: Whimsicott|Tailwind|p1a: Whimsicott\n|-sidestart|p1: ejdjdjs|move: Tailwind\n|move|p2b: Typhlosion|Eruption|p1b: Incineroar|[spread] p1a,p1b\n|-supereffective|p1a: Whimsicott|1\n|-resisted|p1b: Incineroar|1\n|-enditem|p1a: Whimsicott|Focus Sash\n|-damage|p1a: Whimsicott|1/100\n|-damage|p1b: Incineroar|56/100\n|move|p1b: Incineroar|Parting Shot|p2b: Typhlosion\n|-unboost|p2b: Typhlosion|atk|1\n|-unboost|p2b: Typhlosion|spa|1\n|\n|t:|1776539584\n|switch|p1b: Dragonite|Dragonite, L50, F, shiny|100/100|[from] Parting Shot\n|\n|upkeep\n|turn|2\n|\n|t:|1776539601\n|switch|p2b: Kangaskhan|Kangaskhan, L50, F|100/100\n|detailschange|p1b: Dragonite|Dragonite-Mega, L50, F, shiny\n|-mega|p1b: Dragonite|Dragonite|Dragoninite\n|move|p2a: Scovillain|Rage Powder|p2a: Scovillain\n|-singleturn|p2a: Scovillain|move: Rage Powder\n|move|p1a: Whimsicott|Encore||[still]\n|-fail|p1a: Whimsicott\n|move|p1b: Dragonite|Draco Meteor|p2a: Scovillain\n|-damage|p2a: Scovillain|7/100\n|-unboost|p1b: Dragonite|spa|2\n|-status|p1b: Dragonite|brn|[from] ability: Spicy Spray|[of] p2a: Scovillain\n|\n|-damage|p1b: Dragonite|94/100 brn|[from] brn\n|upkeep\n|turn|3\n|inactive|ejdjdjs has 30 seconds left.\n|\n|t:|1776539629\n|switch|p1a: Incineroar|Incineroar, L50, F|56/100\n|-ability|p1a: Incineroar|Intimidate|boost\n|-unboost|p2a: Scovillain|atk|1\n|-fail|p2b: Kangaskhan|unboost|Attack|[from] ability: Inner Focus|[of] p2b: Kangaskhan\n|move|p2a: Scovillain|Helping Hand|p2b: Kangaskhan\n|-singleturn|p2b: Kangaskhan|Helping Hand|[of] p2a: Scovillain\n|move|p1b: Dragonite|Protect|p1b: Dragonite\n|-singleturn|p1b: Dragonite|Protect\n|move|p2b: Kangaskhan|Fake Out|p1b: Dragonite\n|-activate|p1b: Dragonite|move: Protect\n|\n|-damage|p1b: Dragonite|88/100 brn|[from] brn\n|upkeep\n|turn|4\n|\n|t:|1776539652\n|move|p1a: Incineroar|Fake Out|p2a: Scovillain\n|-damage|p2a: Scovillain|0 fnt\n|-immune|p1a: Incineroar\n|faint|p2a: Scovillain\n|move|p1b: Dragonite|Draco Meteor|p2b: Kangaskhan|[miss]\n|-miss|p1b: Dragonite|p2b: Kangaskhan\n|move|p2b: Kangaskhan|Rock Slide|p1a: Incineroar|[spread] p1a,p1b\n|-supereffective|p1a: Incineroar|1\n|-crit|p1a: Incineroar\n|-supereffective|p1b: Dragonite|1\n|-damage|p1a: Incineroar|2/100\n|-damage|p1b: Dragonite|56/100 brn\n|-enditem|p1a: Incineroar|Sitrus Berry|[eat]\n|-heal|p1a: Incineroar|26/100|[from] item: Sitrus Berry\n|\n|-damage|p1b: Dragonite|50/100 brn|[from] brn\n|-sideend|p1: ejdjdjs|move: Tailwind\n|upkeep\n|\n|t:|1776539663\n|switch|p2a: Typhlosion|Typhlosion-Hisui, L50, F|100/100\n|-item|p1b: Dragonite|Dragoninite|[from] ability: Frisk|[of] p2a: Typhlosion\n|turn|5\n|inactive|ejdjdjs has 30 seconds left.\n|\n|t:|1776539690\n|switch|p1a: Garchomp|Garchomp, L50, F|100/100\n|move|p1b: Dragonite|Protect|p1b: Dragonite\n|-singleturn|p1b: Dragonite|Protect\n|move|p2a: Typhlosion|Eruption|p1a: Garchomp|[spread] p1a\n|-activate|p1b: Dragonite|move: Protect\n|-resisted|p1a: Garchomp|1\n|-damage|p1a: Garchomp|69/100\n|move|p2b: Kangaskhan|Rock Slide|p1b: Dragonite|[spread] p1a\n|-activate|p1b: Dragonite|move: Protect\n|-resisted|p1a: Garchomp|1\n|-damage|p1a: Garchomp|61/100\n|\n|-damage|p1b: Dragonite|44/100 brn|[from] brn\n|upkeep\n|turn|6\n|inactive|ejdjdjs has 30 seconds left.\n|\n|t:|1776539723\n|move|p2a: Typhlosion|Eruption|p1a: Garchomp|[spread] p1a,p1b\n|-resisted|p1a: Garchomp|1\n|-resisted|p1b: Dragonite|1\n|-damage|p1a: Garchomp|32/100\n|-damage|p1b: Dragonite|20/100 brn\n|move|p2b: Kangaskhan|Rock Slide|p1b: Dragonite|[spread] p1a,p1b\n|-resisted|p1a: Garchomp|1\n|-supereffective|p1b: Dragonite|1\n|-damage|p1a: Garchomp|23/100\n|-damage|p1b: Dragonite|0 fnt\n|faint|p1b: Dragonite\n|move|p1a: Garchomp|Earthquake|p2b: Kangaskhan|[spread] p2a,p2b\n|-supereffective|p2a: Typhlosion|1\n|-damage|p2a: Typhlosion|0 fnt\n|-damage|p2b: Kangaskhan|50/100\n|faint|p2a: Typhlosion\n|\n|upkeep\n|\n|t:|1776539739\n|switch|p2a: Sinistcha|Sinistcha-Masterpiece, L50|100/100\n|switch|p1b: Incineroar|Incineroar, L50, F|26/100\n|-ability|p1b: Incineroar|Intimidate|boost\n|-unboost|p2a: Sinistcha|atk|1\n|-fail|p2b: Kangaskhan|unboost|Attack|[from] ability: Inner Focus|[of] p2b: Kangaskhan\n|-heal|p2b: Kangaskhan|75/100|[from] ability: Hospitality|[of] p2a: Sinistcha\n|turn|7\n|\n|t:|1776539756\n|move|p1b: Incineroar|Fake Out|p2b: Kangaskhan\n|-damage|p2b: Kangaskhan|60/100\n|move|p2a: Sinistcha|Rage Powder|p2a: Sinistcha\n|-singleturn|p2a: Sinistcha|move: Rage Powder\n|move|p2b: Kangaskhan|Rock Slide|p1b: Incineroar|[spread] p1b\n|-miss|p2b: Kangaskhan|p1a: Garchomp\n|-supereffective|p1b: Incineroar|1\n|-damage|p1b: Incineroar|0 fnt\n|faint|p1b: Incineroar\n|move|p1a: Garchomp|Rock Slide|p2b: Kangaskhan|[spread] p2a,p2b\n|-damage|p2a: Sinistcha|84/100\n|-damage|p2b: Kangaskhan|33/100\n|\n|upkeep\n|\n|t:|1776539771\n|switch|p1b: Whimsicott|Whimsicott, L50, F|1/100\n|turn|8\n|\n|t:|1776539786\n|move|p1b: Whimsicott|Tailwind|p1b: Whimsicott\n|-sidestart|p1: ejdjdjs|move: Tailwind\n|move|p1a: Garchomp|Rock Slide|p2a: Sinistcha|[spread] p2a,p2b\n|-crit|p2a: Sinistcha\n|-damage|p2a: Sinistcha|59/100\n|-damage|p2b: Kangaskhan|5/100\n|move|p2b: Kangaskhan|Rock Slide|p1b: Whimsicott|[spread] p1a,p1b\n|-resisted|p1a: Garchomp|1\n|-damage|p1a: Garchomp|15/100\n|-damage|p1b: Whimsicott|0 fnt\n|faint|p1b: Whimsicott\n|move|p2a: Sinistcha|Life Dew|p2a: Sinistcha|[spread] p2a,p2b\n|-heal|p2a: Sinistcha|85/100\n|-heal|p2b: Kangaskhan|30/100\n|\n|upkeep\n|turn|9\n|\n|t:|1776539802\n|move|p2b: Kangaskhan|Sucker Punch|p1a: Garchomp\n|-damage|p1a: Garchomp|0 fnt\n|-damage|p2b: Kangaskhan|18/100|[from] ability: Rough Skin|[of] p1a: Garchomp\n|faint|p1a: Garchomp\n|\n|win|Mistah Boombastic\n|raw|ejdjdjs's rating: 1000 &rarr; <strong>1000</strong><br />(+0 for losing)\n|raw|Mistah Boombastic's rating: 1098 &rarr; <strong>1116</strong><br />(+18 for winning)\n",
  "uploadtime": 1776539805,
  "views": 17,
  "formatid": "gen9championsvgc2026regma",
  "rating": 1000,
  "private": 0,
  "password": null
}