{
  "id": "gen9championsvgc2026regma-2582743902",
  "format": "[Gen 9 Champions] VGC 2026 Reg M-A",
  "players": [
    "KogaAF1219",
    "ilovechikorita"
  ],
  "log": "|j|\u2606KogaAF1219\n|j|\u2606ilovechikorita\n|t:|1776111074\n|gametype|doubles\n|player|p1|KogaAF1219|koga|1153\n|player|p2|ilovechikorita|265|1148\n|gen|9\n|tier|[Gen 9 Champions] VGC 2026 Reg M-A\n|rated|\n|rule|Species Clause: Limit one of each Pok\u00e9mon\n|rule|Item Clause: Limit 1 of each item\n|clearpoke\n|poke|p1|Torkoal, L50, M|\n|poke|p1|Rotom-Fan, L50|\n|poke|p1|Excadrill, L50, M|\n|poke|p1|Venusaur, L50, M|\n|poke|p1|Dragapult, L50, M|\n|poke|p1|Incineroar, L50, F|\n|poke|p2|Froslass, L50, F|\n|poke|p2|Kingambit, L50, F|\n|poke|p2|Volcarona, L50, F|\n|poke|p2|Sneasler, L50, F|\n|poke|p2|Sinistcha, L50|\n|poke|p2|Ninetales-Alola, L50, F|\n|teampreview|4\n|\n|t:|1776111098\n|teamsize|p1|4\n|teamsize|p2|4\n|start\n|switch|p1a: Rotom|Rotom-Fan, L50|100/100\n|switch|p1b: Excadrill|Excadrill, L50, M|100/100\n|switch|p2a: Froslass|Froslass, L50, F|100/100\n|switch|p2b: Sneasler|Sneasler, L50, F|100/100\n|-ability|p1b: Excadrill|Mold Breaker\n|turn|1\n|\n|t:|1776111110\n|detailschange|p2a: Froslass|Froslass-Mega, L50, F\n|-mega|p2a: Froslass|Froslass|Froslassite\n|-weather|Snowscape|[from] ability: Snow Warning|[of] p2a: Froslass\n|move|p1b: Excadrill|Protect|p1b: Excadrill\n|-singleturn|p1b: Excadrill|Protect\n|move|p2b: Sneasler|Fake Out|p1b: Excadrill\n|-activate|p1b: Excadrill|move: Protect\n|move|p1a: Rotom|Discharge|p2a: Froslass|[spread] p2a,p2b\n|-activate|p1b: Excadrill|move: Protect\n|-damage|p2a: Froslass|73/100\n|-damage|p2b: Sneasler|73/100\n|-status|p2b: Sneasler|par\n|move|p2a: Froslass|Nasty Plot|p2a: Froslass\n|-boost|p2a: Froslass|spa|2\n|\n|-weather|Snowscape|[upkeep]\n|upkeep\n|turn|2\n|\n|t:|1776111136\n|switch|p2b: Ninetales|Ninetales-Alola, L50, F|100/100\n|move|p1a: Rotom|Discharge|p2b: Ninetales|[spread] p2a,p2b\n|-immune|p1b: Excadrill\n|-damage|p2a: Froslass|49/100\n|-damage|p2b: Ninetales|74/100\n|-status|p2b: Ninetales|par\n|move|p2a: Froslass|Blizzard|p1a: Rotom|[spread] p1a,p1b\n|-supereffective|p1a: Rotom|1\n|-damage|p1a: Rotom|0 fnt\n|-enditem|p1b: Excadrill|Focus Sash\n|-damage|p1b: Excadrill|1/100\n|faint|p1a: Rotom\n|move|p1b: Excadrill|Earthquake|p2a: Froslass|[spread] p2a,p2b\n|-damage|p2a: Froslass|3/100\n|-damage|p2b: Ninetales|33/100 par\n|\n|-weather|Snowscape|[upkeep]\n|upkeep\n|\n|t:|1776111155\n|switch|p1a: Venusaur|Venusaur, L50, M|100/100\n|turn|3\n|\n|t:|1776111164\n|switch|p1b: Torkoal|Torkoal, L50, M|100/100\n|-weather|SunnyDay|[from] ability: Drought|[of] p1b: Torkoal\n|switch|p2b: Sneasler|Sneasler, L50, F|73/100 par\n|move|p2a: Froslass|Protect|p2a: Froslass\n|-singleturn|p2a: Froslass|Protect\n|move|p1a: Venusaur|Sludge Bomb|p2a: Froslass\n|-activate|p2a: Froslass|move: Protect\n|\n|-weather|SunnyDay|[upkeep]\n|upkeep\n|turn|4\n|\n|t:|1776111179\n|switch|p2b: Ninetales|Ninetales-Alola, L50, F|33/100 par\n|-weather|Snowscape|[from] ability: Snow Warning|[of] p2b: Ninetales\n|move|p1a: Venusaur|Protect|p1a: Venusaur\n|-singleturn|p1a: Venusaur|Protect\n|move|p2a: Froslass|Blizzard|p1b: Torkoal|[spread] p1b\n|-activate|p1a: Venusaur|move: Protect\n|-resisted|p1b: Torkoal|1\n|-damage|p1b: Torkoal|50/100\n|-status|p1b: Torkoal|frz\n|cant|p1b: Torkoal|frz\n|\n|-weather|Snowscape|[upkeep]\n|upkeep\n|turn|5\n|c|\u2606KogaAF1219|Wow\n|\n|t:|1776111203\n|detailschange|p1a: Venusaur|Venusaur-Mega, L50, M\n|-mega|p1a: Venusaur|Venusaur|Venusaurite\n|move|p2a: Froslass|Blizzard|p1a: Venusaur|[spread] p1a,p1b\n|-supereffective|p1a: Venusaur|1\n|-resisted|p1b: Torkoal|1\n|-damage|p1a: Venusaur|14/100\n|-damage|p1b: Torkoal|0 fnt\n|faint|p1b: Torkoal\n|move|p1a: Venusaur|Sludge Bomb|p2a: Froslass\n|-resisted|p2a: Froslass|1\n|-damage|p2a: Froslass|0 fnt\n|faint|p2a: Froslass\n|move|p2b: Ninetales|Blizzard|p1a: Venusaur\n|-supereffective|p1a: Venusaur|1\n|-damage|p1a: Venusaur|0 fnt\n|faint|p1a: Venusaur\n|\n|-weather|Snowscape|[upkeep]\n|upkeep\n|\n|t:|1776111218\n|switch|p2a: Sneasler|Sneasler, L50, F|73/100 par\n|switch|p1b: Excadrill|Excadrill, L50, M|1/100\n|-ability|p1b: Excadrill|Mold Breaker\n|turn|6\n|\n|t:|1776111224\n|move|p1b: Excadrill|Protect|p1b: Excadrill\n|-singleturn|p1b: Excadrill|Protect\n|move|p2a: Sneasler|Fake Out|p1b: Excadrill\n|-activate|p1b: Excadrill|move: Protect\n|move|p2b: Ninetales|Blizzard|p1b: Excadrill\n|-activate|p1b: Excadrill|move: Protect\n|\n|-weather|Snowscape|[upkeep]\n|upkeep\n|turn|7\n|\n|t:|1776111235\n|move|p1b: Excadrill|Earthquake|p2a: Sneasler|[spread] p2a,p2b\n|-supereffective|p2a: Sneasler|1\n|-damage|p2a: Sneasler|0 fnt\n|-damage|p2b: Ninetales|0 fnt\n|faint|p2a: Sneasler\n|faint|p2b: Ninetales\n|\n|-weather|Snowscape|[upkeep]\n|upkeep\n|\n|t:|1776111242\n|switch|p2a: Volcarona|Volcarona, L50, F|100/100\n|turn|8\n|\n|t:|1776111245\n|move|p1b: Excadrill|Rock Slide|p2a: Volcarona\n|-supereffective|p2a: Volcarona|2\n|-damage|p2a: Volcarona|0 fnt\n|faint|p2a: Volcarona\n|\n|win|KogaAF1219\n|raw|KogaAF1219's rating: 1153 &rarr; <strong>1178</strong><br />(+25 for winning)\n|raw|ilovechikorita's rating: 1148 &rarr; <strong>1123</strong><br />(-25 for losing)\n",
  "uploadtime": 1776111249,
  "views": 16,
  "formatid": "gen9championsvgc2026regma",
  "rating": 1123,
  "private": 0,
  "password": null
}