{
  "id": "gen9championsvgc2026regma-2584016013",
  "format": "[Gen 9 Champions] VGC 2026 Reg M-A",
  "players": [
    "Chococroc",
    "ChampionsmatchVGC"
  ],
  "log": "|j|\u2606Chococroc\n|j|\u2606ChampionsmatchVGC\n|t:|1776217025\n|gametype|doubles\n|player|p1|Chococroc|pokemaniac|1536\n|player|p2|ChampionsmatchVGC|gardenia|1632\n|gen|9\n|tier|[Gen 9 Champions] VGC 2026 Reg M-A\n|rated|\n|rule|Species Clause: Limit one of each Pok\u00e9mon\n|rule|Item Clause: Limit 1 of each item\n|clearpoke\n|poke|p1|Gengar, L50, F|\n|poke|p1|Snorlax, L50, F|\n|poke|p1|Politoed, L50, M|\n|poke|p1|Archaludon, L50, M|\n|poke|p1|Whimsicott, L50, F|\n|poke|p1|Volcarona, L50, F|\n|poke|p2|Garchomp, L50, F|\n|poke|p2|Delphox, L50, M|\n|poke|p2|Floette-Eternal, L50, F|\n|poke|p2|Sneasler, L50, F|\n|poke|p2|Kingambit, L50, M|\n|poke|p2|Basculegion, L50, M|\n|teampreview|4\n|\n|t:|1776217057\n|teamsize|p1|4\n|teamsize|p2|4\n|start\n|switch|p1a: Gengar|Gengar, L50, F|100/100\n|switch|p1b: Whimsicott|Whimsicott, L50, F|100/100\n|switch|p2a: Delphox|Delphox, L50, M|100/100\n|switch|p2b: Garchomp|Garchomp, L50, F|100/100\n|turn|1\n|\n|t:|1776217066\n|detailschange|p1a: Gengar|Gengar-Mega, L50, F\n|-mega|p1a: Gengar|Gengar|Gengarite\n|detailschange|p2a: Delphox|Delphox-Mega, L50, M\n|-mega|p2a: Delphox|Delphox|Delphoxite\n|move|p1a: Gengar|Protect|p1a: Gengar\n|-singleturn|p1a: Gengar|Protect\n|move|p1b: Whimsicott|Tailwind|p1b: Whimsicott\n|-sidestart|p1: Chococroc|move: Tailwind\n|move|p2a: Delphox|Heat Wave|p1a: Gengar|[spread] \n|-activate|p1a: Gengar|move: Protect\n|-miss|p2a: Delphox|p1b: Whimsicott\n|move|p2b: Garchomp|Earthquake|p1a: Gengar|[spread] p1b\n|-activate|p1a: Gengar|move: Protect\n|-immune|p2a: Delphox|[from] ability: Levitate\n|-resisted|p1b: Whimsicott|1\n|-damage|p1b: Whimsicott|71/100\n|\n|upkeep\n|turn|2\n|j| Kuroitenshi17\n|\n|t:|1776217108\n|move|p1b: Whimsicott|Encore|p2a: Delphox\n|-start|p2a: Delphox|Encore\n|move|p1a: Gengar|Disable|p2b: Garchomp\n|-start|p2b: Garchomp|Disable|Earthquake\n|move|p2a: Delphox|Heat Wave|p1a: Gengar|[spread] p1b\n|-miss|p2a: Delphox|p1a: Gengar\n|-supereffective|p1b: Whimsicott|1\n|-damage|p1b: Whimsicott|0 fnt\n|faint|p1b: Whimsicott\n|cant|p2b: Garchomp|Disable|Earthquake\n|\n|upkeep\n|\n|t:|1776217123\n|switch|p1b: Archaludon|Archaludon, L50, M|100/100\n|turn|3\n|\n|t:|1776217151\n|move|p1a: Gengar|Shadow Ball|p2a: Delphox\n|-supereffective|p2a: Delphox|1\n|-crit|p2a: Delphox\n|-damage|p2a: Delphox|0 fnt\n|faint|p2a: Delphox\n|move|p1b: Archaludon|Draco Meteor|p2b: Garchomp\n|-supereffective|p2b: Garchomp|1\n|-damage|p2b: Garchomp|0 fnt\n|-unboost|p1b: Archaludon|spa|2\n|faint|p2b: Garchomp\n|\n|upkeep\n|\n|t:|1776217155\n|switch|p2a: Kingambit|Kingambit, L50, M|100/100\n|switch|p2b: Basculegion|Basculegion, L50, M|100/100\n|turn|4\n|\n|t:|1776217177\n|switch|p1a: Politoed|Politoed, L50, M|100/100\n|-weather|RainDance|[from] ability: Drizzle|[of] p1a: Politoed\n|move|p2a: Kingambit|Sucker Punch||[still]\n|-fail|p2a: Kingambit\n|move|p1b: Archaludon|Electro Shot||[still]\n|-prepare|p1b: Archaludon|Electro Shot\n|-boost|p1b: Archaludon|spa|1\n|-anim|p1b: Archaludon|Electro Shot|p2b: Basculegion\n|-supereffective|p2b: Basculegion|1\n|-damage|p2b: Basculegion|23/100\n|move|p2b: Basculegion|Liquidation|p1b: Archaludon\n|-resisted|p1b: Archaludon|1\n|-damage|p1b: Archaludon|69/100\n|-ability|p1b: Archaludon|Stamina|boost\n|-boost|p1b: Archaludon|def|1\n|\n|-weather|RainDance|[upkeep]\n|-sideend|p1: Chococroc|move: Tailwind\n|upkeep\n|turn|5\n|\n|t:|1776217198\n|move|p2b: Basculegion|Protect|p2b: Basculegion\n|-singleturn|p2b: Basculegion|Protect\n|move|p1b: Archaludon|Electro Shot||[still]\n|-prepare|p1b: Archaludon|Electro Shot\n|-boost|p1b: Archaludon|spa|1\n|-anim|p1b: Archaludon|Electro Shot|p2b: Basculegion\n|-activate|p2b: Basculegion|move: Protect\n|move|p1a: Politoed|Weather Ball|p2b: Basculegion\n|-activate|p2b: Basculegion|move: Protect\n|move|p2a: Kingambit|Low Kick|p1b: Archaludon\n|-supereffective|p1b: Archaludon|1\n|-enditem|p1b: Archaludon|Chople Berry|[eat]\n|-enditem|p1b: Archaludon|Chople Berry|[weaken]\n|-damage|p1b: Archaludon|55/100\n|-ability|p1b: Archaludon|Stamina|boost\n|-boost|p1b: Archaludon|def|1\n|\n|-weather|RainDance|[upkeep]\n|upkeep\n|turn|6\n|j| nezrann\n|l| nezrann\n|\n|t:|1776217216\n|move|p2a: Kingambit|Sucker Punch|p1b: Archaludon\n|-damage|p1b: Archaludon|42/100\n|-ability|p1b: Archaludon|Stamina|boost\n|-boost|p1b: Archaludon|def|1\n|move|p2b: Basculegion|Last Respects|p1b: Archaludon\n|-damage|p1b: Archaludon|16/100\n|-ability|p1b: Archaludon|Stamina|boost\n|-boost|p1b: Archaludon|def|1\n|move|p1b: Archaludon|Electro Shot||[still]\n|-prepare|p1b: Archaludon|Electro Shot\n|-boost|p1b: Archaludon|spa|1\n|-anim|p1b: Archaludon|Electro Shot|p2b: Basculegion\n|-supereffective|p2b: Basculegion|1\n|-damage|p2b: Basculegion|0 fnt\n|faint|p2b: Basculegion\n|move|p1a: Politoed|Weather Ball|p2a: Kingambit\n|-damage|p2a: Kingambit|46/100\n|\n|-weather|RainDance|[upkeep]\n|upkeep\n|turn|7\n|-message|ChampionsmatchVGC forfeited.\n|\n|win|Chococroc\n|raw|Chococroc's rating: 1536 &rarr; <strong>1561</strong><br />(+25 for winning)\n|raw|ChampionsmatchVGC's rating: 1632 &rarr; <strong>1607</strong><br />(-25 for losing)\n|l|\u2606ChampionsmatchVGC\n|player|p2|\n|l|\u2606Chococroc\n|player|p1|\n",
  "uploadtime": 1776217234,
  "views": 154,
  "formatid": "gen9championsvgc2026regma",
  "rating": 1561,
  "private": 0,
  "password": null
}