{
  "id": "gen9championsvgc2026regma-2580818695",
  "format": "[Gen 9 Champions] VGC 2026 Reg M-A",
  "players": [
    "brauasonofGod",
    "VariAble55"
  ],
  "log": "|j|\u2606brauasonofGod\n|j|\u2606VariAble55\n|t:|1775935002\n|gametype|doubles\n|player|p1|brauasonofGod|102|1055\n|player|p2|VariAble55|dana|1036\n|gen|9\n|tier|[Gen 9 Champions] VGC 2026 Reg M-A\n|rated|\n|rule|Species Clause: Limit one of each Pok\u00e9mon\n|rule|Item Clause: Limit 1 of each item\n|clearpoke\n|poke|p1|Alakazam, L50, F|\n|poke|p1|Meowstic, L50, M|\n|poke|p1|Arcanine-Hisui, L50, M|\n|poke|p1|Crabominable, L50, M|\n|poke|p1|Torkoal, L50, M|\n|poke|p1|Sneasler, L50, M|\n|poke|p2|Froslass, L50, F|\n|poke|p2|Incineroar, L50, M|\n|poke|p2|Sneasler, L50, F|\n|poke|p2|Empoleon, L50, M|\n|poke|p2|Chandelure, L50, F|\n|poke|p2|Ninetales-Alola, L50, F|\n|teampreview|4\n|inactive|Battle timer is ON: inactive players will automatically lose when time's up. (requested by VariAble55)\n|inactive|brauasonofGod has 60 seconds left.\n|\n|t:|1775935033\n|teamsize|p1|4\n|teamsize|p2|4\n|start\n|switch|p1a: Sneasler|Sneasler, L50, M|100/100\n|switch|p1b: Meowstic|Meowstic, L50, M|100/100\n|switch|p2a: Ninetales|Ninetales-Alola, L50, F|100/100\n|switch|p2b: Incineroar|Incineroar, L50, M|100/100\n|-weather|Snowscape|[from] ability: Snow Warning|[of] p2a: Ninetales\n|-ability|p2b: Incineroar|Intimidate|boost\n|-unboost|p1a: Sneasler|atk|1\n|-unboost|p1b: Meowstic|atk|1\n|turn|1\n|\n|t:|1775935046\n|move|p1a: Sneasler|Fake Out|p2a: Ninetales\n|-crit|p2a: Ninetales\n|-damage|p2a: Ninetales|78/100\n|move|p2b: Incineroar|Fake Out|p1b: Meowstic\n|-damage|p1b: Meowstic|87/100\n|cant|p1b: Meowstic|flinch\n|cant|p2a: Ninetales|flinch\n|\n|-weather|Snowscape|[upkeep]\n|upkeep\n|turn|2\n|\n|t:|1775935062\n|move|p1b: Meowstic|Psychic Terrain|p1b: Meowstic\n|-fieldstart|move: Psychic Terrain\n|move|p1a: Sneasler|Dire Claw|p2a: Ninetales\n|-supereffective|p2a: Ninetales|1\n|-damage|p2a: Ninetales|17/100\n|move|p2a: Ninetales|Aurora Veil|p2a: Ninetales\n|-sidestart|p2: VariAble55|move: Aurora Veil\n|move|p2b: Incineroar|Parting Shot|p1a: Sneasler\n|-unboost|p1a: Sneasler|atk|1\n|-unboost|p1a: Sneasler|spa|1\n|\n|t:|1775935073\n|switch|p2b: Froslass|Froslass, L50, F|100/100|[from] Parting Shot\n|\n|-weather|Snowscape|[upkeep]\n|upkeep\n|turn|3\n|\n|t:|1775935080\n|detailschange|p2b: Froslass|Froslass-Mega, L50, F\n|-mega|p2b: Froslass|Froslass|Froslassite\n|move|p1b: Meowstic|Thunder Wave|p2b: Froslass\n|-activate|p2b: Froslass|move: Psychic Terrain\n|move|p2b: Froslass|Blizzard|p1b: Meowstic|[spread] p1a,p1b\n|-damage|p1a: Sneasler|35/100\n|-damage|p1b: Meowstic|35/100\n|move|p1a: Sneasler|Dire Claw|p2b: Froslass\n|-resisted|p2b: Froslass|1\n|-damage|p2b: Froslass|93/100\n|move|p2a: Ninetales|Blizzard|p1b: Meowstic|[spread] p1a,p1b\n|-damage|p1a: Sneasler|0 fnt\n|-damage|p1b: Meowstic|0 fnt\n|faint|p1a: Sneasler\n|faint|p1b: Meowstic\n|\n|-weather|Snowscape|[upkeep]\n|upkeep\n|\n|t:|1775935086\n|switch|p1a: Alakazam|Alakazam, L50, F|100/100\n|switch|p1b: Arcanine|Arcanine-Hisui, L50, M, shiny|100/100\n|-ability|p1b: Arcanine|Intimidate|boost\n|-unboost|p2a: Ninetales|atk|1\n|-unboost|p2b: Froslass|atk|1\n|turn|4\n|\n|t:|1775935107\n|switch|p2b: Incineroar|Incineroar, L50, M|100/100\n|-ability|p2b: Incineroar|Intimidate|boost\n|-fail|p1a: Alakazam|unboost|Attack|[from] ability: Inner Focus|[of] p1a: Alakazam\n|-unboost|p1b: Arcanine|atk|1\n|-enditem|p1b: Arcanine|White Herb\n|-clearnegativeboost|p1b: Arcanine|[silent]\n|detailschange|p1a: Alakazam|Alakazam-Mega, L50, F\n|-mega|p1a: Alakazam|Alakazam|Alakazite\n|-ability|p1a: Alakazam|Intimidate|Trace|[from] ability: Trace|[of] p2b: Incineroar\n|-ability|p1a: Alakazam|Intimidate|boost\n|-unboost|p2a: Ninetales|atk|1\n|-unboost|p2b: Incineroar|atk|1\n|move|p1a: Alakazam|Expanding Force|p2b: Incineroar|[spread] p2a\n|-immune|p2b: Incineroar\n|-crit|p2a: Ninetales\n|-damage|p2a: Ninetales|0 fnt\n|faint|p2a: Ninetales\n|move|p1b: Arcanine|Rock Slide|p2b: Incineroar\n|-supereffective|p2b: Incineroar|1\n|-damage|p2b: Incineroar|47/100\n|\n|-weather|Snowscape|[upkeep]\n|upkeep\n|\n|t:|1775935126\n|switch|p2a: Empoleon|Empoleon, L50, M|100/100\n|turn|5\n|\n|t:|1775935148\n|move|p1a: Alakazam|Expanding Force|p2b: Incineroar|[spread] p2a\n|-immune|p2b: Incineroar\n|-resisted|p2a: Empoleon|1\n|-damage|p2a: Empoleon|78/100\n|move|p1b: Arcanine|Rock Slide|p2b: Incineroar|[spread] p2a,p2b\n|-resisted|p2a: Empoleon|1\n|-supereffective|p2b: Incineroar|1\n|-damage|p2a: Empoleon|66/100\n|-damage|p2b: Incineroar|9/100\n|move|p2b: Incineroar|Overheat|p1a: Alakazam\n|-damage|p1a: Alakazam|59/100\n|-unboost|p2b: Incineroar|spa|2\n|cant|p2a: Empoleon|flinch\n|\n|-weather|none\n|-heal|p2a: Empoleon|72/100|[from] item: Leftovers\n|upkeep\n|turn|6\n|inactive|VariAble55 has 30 seconds left.\n|l|\u2606VariAble55\n|inactive|VariAble55 disconnected and has a minute to reconnect!\n|player|p2|\n|inactive|VariAble55 has 20 seconds left.\n|inactive|VariAble55 has 15 seconds left.\n|inactive|VariAble55 has 10 seconds left.\n|j|\u2606VariAble55\n|inactive|VariAble55 reconnected and has 10 seconds left.\n|player|p2|VariAble55|dana|\n|inactive|VariAble55 has 5 seconds left.\n|\n|t:|1775935201\n|move|p1a: Alakazam|Psyshock|p2a: Empoleon\n|-resisted|p2a: Empoleon|1\n|-damage|p2a: Empoleon|41/100\n|move|p1b: Arcanine|Rock Slide|p2b: Incineroar|[spread] p2b\n|-miss|p1b: Arcanine|p2a: Empoleon\n|-supereffective|p2b: Incineroar|1\n|-damage|p2b: Incineroar|0 fnt\n|faint|p2b: Incineroar\n|move|p2a: Empoleon|Hydro Pump|p1b: Arcanine\n|-supereffective|p1b: Arcanine|2\n|-damage|p1b: Arcanine|0 fnt\n|faint|p1b: Arcanine\n|\n|-heal|p2a: Empoleon|46/100|[from] item: Leftovers\n|-sideend|p2: VariAble55|move: Aurora Veil\n|-fieldend|move: Psychic Terrain\n|upkeep\n|\n|t:|1775935212\n|switch|p2b: Froslass|Froslass-Mega, L50, F|93/100\n|-weather|Snowscape|[from] ability: Snow Warning|[of] p2b: Froslass\n|turn|7\n|\n|t:|1775935220\n|move|p1a: Alakazam|Expanding Force|p2b: Froslass\n|-damage|p2b: Froslass|18/100\n|move|p2b: Froslass|Shadow Ball|p1a: Alakazam\n|-supereffective|p1a: Alakazam|1\n|-damage|p1a: Alakazam|0 fnt\n|faint|p1a: Alakazam\n|\n|win|VariAble55\n|raw|brauasonofGod's rating: 1055 &rarr; <strong>1036</strong><br />(-19 for losing)\n|raw|VariAble55's rating: 1036 &rarr; <strong>1072</strong><br />(+36 for winning)\n|l|\u2606brauasonofGod\n|player|p1|\n",
  "uploadtime": 1775935228,
  "views": 17,
  "formatid": "gen9championsvgc2026regma",
  "rating": 1036,
  "private": 0,
  "password": null
}