{
  "id": "gen9championsvgc2026regma-2582089995",
  "format": "[Gen 9 Champions] VGC 2026 Reg M-A",
  "players": [
    "akeri",
    "Intrstlr"
  ],
  "log": "|j|\u2606akeri\n|j|\u2606Intrstlr\n|t:|1776056585\n|gametype|doubles\n|player|p1|akeri|170|1000\n|player|p2|Intrstlr|265|1054\n|gen|9\n|tier|[Gen 9 Champions] VGC 2026 Reg M-A\n|rated|\n|rule|Species Clause: Limit one of each Pok\u00e9mon\n|rule|Item Clause: Limit 1 of each item\n|clearpoke\n|poke|p1|Chesnaught, L50, M|\n|poke|p1|Armarouge, L50, F|\n|poke|p1|Araquanid, L50, F|\n|poke|p1|Torkoal, L50, M|\n|poke|p1|Farigiraf, L50, M|\n|poke|p1|Orthworm, L50, M|\n|poke|p2|Alcremie, L50, F|\n|poke|p2|Froslass, L50, F|\n|poke|p2|Talonflame, L50, F|\n|poke|p2|Sneasler, L50, M|\n|poke|p2|Garchomp, L50, F|\n|poke|p2|Kingambit, L50, M|\n|teampreview|4\n|\n|t:|1776056604\n|teamsize|p1|4\n|teamsize|p2|4\n|start\n|switch|p1a: Armarouge|Armarouge, L50, F|100/100\n|switch|p1b: Chesnaught|Chesnaught, L50, M, shiny|100/100\n|switch|p2a: Alcremie|Alcremie, L50, F|100/100\n|switch|p2b: Froslass|Froslass, L50, F|100/100\n|turn|1\n|\n|t:|1776056618\n|detailschange|p2b: Froslass|Froslass-Mega, L50, F\n|-mega|p2b: Froslass|Froslass|Froslassite\n|-weather|Snowscape|[from] ability: Snow Warning|[of] p2b: Froslass\n|detailschange|p1b: Chesnaught|Chesnaught-Mega, L50, M, shiny\n|-mega|p1b: Chesnaught|Chesnaught|Chesnaughtite\n|move|p1b: Chesnaught|Spiky Shield|p1b: Chesnaught\n|-singleturn|p1b: Chesnaught|move: Protect\n|move|p2a: Alcremie|Decorate|p2b: Froslass\n|-boost|p2b: Froslass|atk|2\n|-boost|p2b: Froslass|spa|2\n|move|p2b: Froslass|Blizzard|p1b: Chesnaught|[spread] p1a\n|-activate|p1b: Chesnaught|move: Protect\n|-resisted|p1a: Armarouge|1\n|-damage|p1a: Armarouge|50/100\n|move|p1a: Armarouge|Trick Room|p1a: Armarouge\n|-fieldstart|move: Trick Room|[of] p1a: Armarouge\n|\n|-weather|Snowscape|[upkeep]\n|upkeep\n|turn|2\n|\n|t:|1776056639\n|switch|p2a: Kingambit|Kingambit, L50, M|100/100\n|move|p1a: Armarouge|Wide Guard|p1a: Armarouge\n|-singleturn|p1a: Armarouge|Wide Guard\n|move|p1b: Chesnaught|Curse|p1b: Chesnaught\n|-unboost|p1b: Chesnaught|spe|1\n|-boost|p1b: Chesnaught|atk|1\n|-boost|p1b: Chesnaught|def|1\n|move|p2b: Froslass|Blizzard|p1b: Chesnaught|[spread] \n|-activate|p1a: Armarouge|move: Wide Guard\n|-activate|p1b: Chesnaught|move: Wide Guard\n|\n|-weather|Snowscape|[upkeep]\n|upkeep\n|turn|3\n|\n|t:|1776056658\n|switch|p1a: Torkoal|Torkoal, L50, M|100/100\n|-weather|SunnyDay|[from] ability: Drought|[of] p1a: Torkoal\n|move|p1b: Chesnaught|Spiky Shield|p1b: Chesnaught\n|-singleturn|p1b: Chesnaught|move: Protect\n|move|p2a: Kingambit|Kowtow Cleave|p1a: Torkoal\n|-damage|p1a: Torkoal|56/100\n|move|p2b: Froslass|Psychic|p1b: Chesnaught\n|-activate|p1b: Chesnaught|move: Protect\n|\n|-weather|SunnyDay|[upkeep]\n|upkeep\n|turn|4\n|\n|t:|1776056693\n|move|p2a: Kingambit|Protect|p2a: Kingambit\n|-singleturn|p2a: Kingambit|Protect\n|move|p2b: Froslass|Protect|p2b: Froslass\n|-singleturn|p2b: Froslass|Protect\n|move|p1a: Torkoal|Heat Wave|p2a: Kingambit|[spread] \n|-activate|p2a: Kingambit|move: Protect\n|-activate|p2b: Froslass|move: Protect\n|move|p1b: Chesnaught|Hammer Arm|p2a: Kingambit\n|-activate|p2a: Kingambit|move: Protect\n|\n|-weather|SunnyDay|[upkeep]\n|upkeep\n|turn|5\n|\n|t:|1776056719\n|switch|p1a: Farigiraf|Farigiraf, L50, M|100/100\n|switch|p2a: Talonflame|Talonflame, L50, F|100/100\n|switch|p2b: Alcremie|Alcremie, L50, F|100/100\n|move|p1b: Chesnaught|Gyro Ball|p2b: Alcremie\n|-supereffective|p2b: Alcremie|1\n|-damage|p2b: Alcremie|0 fnt\n|faint|p2b: Alcremie\n|\n|-weather|SunnyDay|[upkeep]\n|-fieldend|move: Trick Room\n|upkeep\n|\n|t:|1776056730\n|switch|p2b: Froslass|Froslass-Mega, L50, F|100/100\n|-weather|Snowscape|[from] ability: Snow Warning|[of] p2b: Froslass\n|turn|6\n|\n|t:|1776056746\n|move|p1b: Chesnaught|Spiky Shield|p1b: Chesnaught\n|-singleturn|p1b: Chesnaught|move: Protect\n|move|p2a: Talonflame|Flare Blitz|p1b: Chesnaught\n|-activate|p1b: Chesnaught|move: Protect\n|-damage|p2a: Talonflame|88/100|[from] Spiky Shield|[of] p1b: Chesnaught\n|move|p2b: Froslass|Blizzard|p1a: Farigiraf|[spread] p1a\n|-activate|p1b: Chesnaught|move: Protect\n|-damage|p1a: Farigiraf|54/100\n|move|p1a: Farigiraf|Trick Room|p1a: Farigiraf\n|-fieldstart|move: Trick Room|[of] p1a: Farigiraf\n|\n|-weather|Snowscape|[upkeep]\n|upkeep\n|turn|7\n|\n|t:|1776056772\n|switch|p1a: Torkoal|Torkoal, L50, M|56/100\n|-weather|SunnyDay|[from] ability: Drought|[of] p1a: Torkoal\n|move|p2b: Froslass|Protect|p2b: Froslass\n|-singleturn|p2b: Froslass|Protect\n|move|p2a: Talonflame|Protect|p2a: Talonflame\n|-singleturn|p2a: Talonflame|Protect\n|move|p1b: Chesnaught|Gyro Ball|p2b: Froslass\n|-activate|p2b: Froslass|move: Protect\n|\n|-weather|SunnyDay|[upkeep]\n|upkeep\n|turn|8\n|\n|t:|1776056793\n|switch|p2b: Kingambit|Kingambit, L50, M|100/100\n|move|p1a: Torkoal|Heat Wave|p2b: Kingambit|[spread] p2a\n|-miss|p1a: Torkoal|p2b: Kingambit\n|-resisted|p2a: Talonflame|1\n|-damage|p2a: Talonflame|44/100\n|move|p1b: Chesnaught|Hammer Arm|p2b: Kingambit\n|-supereffective|p2b: Kingambit|2\n|-damage|p2b: Kingambit|0 fnt\n|-unboost|p1b: Chesnaught|spe|1\n|faint|p2b: Kingambit\n|move|p2a: Talonflame|Brave Bird|p1b: Chesnaught\n|-supereffective|p1b: Chesnaught|2\n|-damage|p1b: Chesnaught|23/100\n|-damage|p2a: Talonflame|13/100|[from] Recoil\n|\n|-weather|SunnyDay|[upkeep]\n|upkeep\n|\n|t:|1776056798\n|switch|p2b: Froslass|Froslass-Mega, L50, F|100/100\n|-weather|Snowscape|[from] ability: Snow Warning|[of] p2b: Froslass\n|turn|9\n|\n|t:|1776056816\n|move|p1b: Chesnaught|Spiky Shield|p1b: Chesnaught\n|-singleturn|p1b: Chesnaught|move: Protect\n|move|p2b: Froslass|Protect|p2b: Froslass\n|-singleturn|p2b: Froslass|Protect\n|move|p2a: Talonflame|Protect|p2a: Talonflame\n|-singleturn|p2a: Talonflame|Protect\n|move|p1a: Torkoal|Heat Wave|p2a: Talonflame|[spread] \n|-activate|p2a: Talonflame|move: Protect\n|-activate|p2b: Froslass|move: Protect\n|\n|-weather|Snowscape|[upkeep]\n|upkeep\n|turn|10\n|\n|t:|1776056838\n|move|p2b: Froslass|Protect|p2b: Froslass\n|-singleturn|p2b: Froslass|Protect\n|move|p2a: Talonflame|Protect||[still]\n|-fail|p2a: Talonflame\n|move|p1b: Chesnaught|Gyro Ball|p2b: Froslass\n|-activate|p2b: Froslass|move: Protect\n|move|p1a: Torkoal|Heat Wave|p2a: Talonflame|[spread] p2a\n|-activate|p2b: Froslass|move: Protect\n|-resisted|p2a: Talonflame|1\n|-damage|p2a: Talonflame|0 fnt\n|faint|p2a: Talonflame\n|\n|-weather|Snowscape|[upkeep]\n|-fieldend|move: Trick Room\n|upkeep\n|turn|11\n|\n|t:|1776056858\n|switch|p1a: Armarouge|Armarouge, L50, F|50/100\n|move|p1b: Chesnaught|Spiky Shield|p1b: Chesnaught\n|-singleturn|p1b: Chesnaught|move: Protect\n|move|p2b: Froslass|Blizzard|p1a: Armarouge|[spread] p1a\n|-activate|p1b: Chesnaught|move: Protect\n|-resisted|p1a: Armarouge|1\n|-damage|p1a: Armarouge|26/100\n|\n|-weather|Snowscape|[upkeep]\n|upkeep\n|turn|12\n|\n|t:|1776056873\n|switch|p1b: Farigiraf|Farigiraf, L50, M|54/100\n|move|p2b: Froslass|Blizzard|p1b: Farigiraf|[spread] p1a,p1b\n|-resisted|p1a: Armarouge|1\n|-damage|p1a: Armarouge|0 fnt\n|-damage|p1b: Farigiraf|5/100\n|faint|p1a: Armarouge\n|\n|-weather|Snowscape|[upkeep]\n|upkeep\n|\n|t:|1776056883\n|switch|p1a: Torkoal|Torkoal, L50, M|56/100\n|-weather|SunnyDay|[from] ability: Drought|[of] p1a: Torkoal\n|turn|13\n|\n|t:|1776056896\n|move|p1b: Farigiraf|Helping Hand|p1a: Torkoal\n|-singleturn|p1a: Torkoal|Helping Hand|[of] p1b: Farigiraf\n|move|p2b: Froslass|Shadow Ball|p1a: Torkoal\n|-crit|p1a: Torkoal\n|-damage|p1a: Torkoal|0 fnt\n|faint|p1a: Torkoal\n|\n|-weather|SunnyDay|[upkeep]\n|upkeep\n|\n|t:|1776056902\n|switch|p1a: Chesnaught|Chesnaught-Mega, L50, M, shiny|23/100\n|turn|14\n|\n|t:|1776056926\n|move|p1b: Farigiraf|Helping Hand|p1a: Chesnaught\n|-singleturn|p1a: Chesnaught|Helping Hand|[of] p1b: Farigiraf\n|move|p2b: Froslass|Psychic|p1a: Chesnaught\n|-supereffective|p1a: Chesnaught|1\n|-damage|p1a: Chesnaught|0 fnt\n|faint|p1a: Chesnaught\n|\n|-weather|SunnyDay|[upkeep]\n|upkeep\n|turn|15\n|-message|akeri forfeited.\n|\n|win|Intrstlr\n|raw|akeri's rating: 1000 &rarr; <strong>1000</strong><br />(+0 for losing)\n|raw|Intrstlr's rating: 1054 &rarr; <strong>1081</strong><br />(+27 for winning)\n|l|\u2606akeri\n|player|p1|\n",
  "uploadtime": 1776056955,
  "views": 10,
  "formatid": "gen9championsvgc2026regma",
  "rating": 1000,
  "private": 0,
  "password": null
}