{
  "id": "gen9championsvgc2026regma-2583392760",
  "format": "[Gen 9 Champions] VGC 2026 Reg M-A",
  "players": [
    "PlatSceptile",
    "Bugfitz"
  ],
  "log": "|j|\u2606PlatSceptile\n|j|\u2606Bugfitz\n|t:|1776172536\n|gametype|doubles\n|player|p1|PlatSceptile|cynthia-gen4|1112\n|player|p2|Bugfitz|pokemaniac|1042\n|gen|9\n|tier|[Gen 9 Champions] VGC 2026 Reg M-A\n|rated|\n|rule|Species Clause: Limit one of each Pok\u00e9mon\n|rule|Item Clause: Limit 1 of each item\n|clearpoke\n|poke|p1|Farigiraf, L50, F|\n|poke|p1|Slowbro, L50, M|\n|poke|p1|Clawitzer, L50, M|\n|poke|p1|Pelipper, L50, F|\n|poke|p1|Basculegion, L50, M|\n|poke|p1|Meganium, L50, F|\n|poke|p2|Runerigus, L50, M|\n|poke|p2|Gengar, L50, M|\n|poke|p2|Appletun, L50, F|\n|poke|p2|Clawitzer, L50, M|\n|poke|p2|Glimmora, L50, M|\n|poke|p2|Slowbro-Galar, L50, F|\n|teampreview|4\n|inactive|Battle timer is ON: inactive players will automatically lose when time's up. (requested by Bugfitz)\nBugfitz rejected open team sheets.\n|inactive|PlatSceptile has 60 seconds left.\n|\n|t:|1776172588\n|teamsize|p1|4\n|teamsize|p2|4\n|start\n|switch|p1a: Basculegion|Basculegion, L50, M|100/100\n|switch|p1b: Meganium|Meganium, L50, F|100/100\n|switch|p2a: Runerigus|Runerigus, L50, M|100/100\n|switch|p2b: Gengar|Gengar, L50, M|100/100\n|turn|1\n|inactive|PlatSceptile has 30 seconds left.\n|\n|t:|1776172618\n|detailschange|p2b: Gengar|Gengar-Mega, L50, M\n|-mega|p2b: Gengar|Gengar|Gengarite\n|move|p1b: Meganium|Protect|p1b: Meganium\n|-singleturn|p1b: Meganium|Protect\n|move|p1a: Basculegion|Flip Turn|p2a: Runerigus\n|-supereffective|p2a: Runerigus|1\n|-crit|p2a: Runerigus\n|-damage|p2a: Runerigus|0 fnt\n|-activate|p1a: Basculegion|Skill Swap|Wandering Spirit|Adaptability|[of] p2a: Runerigus\n|faint|p2a: Runerigus\n|\n|t:|1776172629\n|switch|p1a: Clawitzer|Clawitzer, L50, M|100/100|[from] Flip Turn\n|move|p2b: Gengar|Trick Room|p2b: Gengar\n|-fieldstart|move: Trick Room|[of] p2b: Gengar\n|\n|upkeep\n|\n|t:|1776172634\n|switch|p2a: Slowbro|Slowbro-Galar, L50, F|100/100\n|turn|2\n|inactive|PlatSceptile has 30 seconds left.\n|inactive|PlatSceptile has 20 seconds left.\n|inactive|PlatSceptile has 15 seconds left.\n|inactive|PlatSceptile has 10 seconds left.\n|-activate|p2a: Slowbro|ability: Quick Draw\n|\n|t:|1776172684\n|move|p2b: Gengar|Protect|p2b: Gengar\n|-singleturn|p2b: Gengar|Protect\n|move|p2a: Slowbro|Shell Side Arm|p1b: Meganium|[anim] Shell Side Arm Physical\n|-supereffective|p1b: Meganium|1\n|-damage|p1b: Meganium|0 fnt\n|-hint|Physical Shell Side Arm\n|faint|p1b: Meganium\n|move|p1a: Clawitzer|Dark Pulse|p2b: Gengar\n|-activate|p2b: Gengar|move: Protect\n|\n|upkeep\n|\n|t:|1776172694\n|switch|p1b: Basculegion|Basculegion, L50, M|100/100\n|turn|3\n|\n|t:|1776172717\n|move|p2a: Slowbro|Belly Drum|p2a: Slowbro\n|-damage|p2a: Slowbro|50/100\n|-setboost|p2a: Slowbro|atk|6|[from] move: Belly Drum\n|move|p1a: Clawitzer|Heal Pulse|p2b: Gengar\n|-fail|p2b: Gengar|heal\n|move|p1b: Basculegion|Last Respects|p2a: Slowbro\n|-supereffective|p2a: Slowbro|1\n|-damage|p2a: Slowbro|0 fnt\n|faint|p2a: Slowbro\n|move|p2b: Gengar|Toxic|p1a: Clawitzer\n|-status|p1a: Clawitzer|tox\n|\n|-damage|p1a: Clawitzer|94/100 tox|[from] psn\n|upkeep\n|\n|t:|1776172725\n|switch|p2a: Clawitzer|Clawitzer, L50, M|100/100\n|turn|4\n|c|\u2606PlatSceptile|i hit the wrong one\n|\n|t:|1776172748\n|move|p2b: Gengar|Protect|p2b: Gengar\n|-singleturn|p2b: Gengar|Protect\n|move|p1a: Clawitzer|Dark Pulse|p2b: Gengar\n|-activate|p2b: Gengar|move: Protect\n|move|p2a: Clawitzer|Dark Pulse|p1b: Basculegion\n|-supereffective|p1b: Basculegion|1\n|-damage|p1b: Basculegion|8/100\n|move|p1b: Basculegion|Last Respects|p2a: Clawitzer\n|-damage|p2a: Clawitzer|16/100\n|\n|-damage|p1a: Clawitzer|82/100 tox|[from] psn\n|upkeep\n|turn|5\n|inactive|PlatSceptile has 30 seconds left.\n|\n|t:|1776172781\n|move|p1a: Clawitzer|Dark Pulse|p2a: Clawitzer\n|-damage|p2a: Clawitzer|0 fnt\n|faint|p2a: Clawitzer\n|move|p1b: Basculegion|Last Respects|p2b: Gengar\n|-supereffective|p2b: Gengar|1\n|-damage|p2b: Gengar|0 fnt\n|faint|p2b: Gengar\n|\n|win|PlatSceptile\n|raw|PlatSceptile's rating: 1112 &rarr; <strong>1132</strong><br />(+20 for winning)\n|raw|Bugfitz's rating: 1042 &rarr; <strong>1029</strong><br />(-13 for losing)\n|l|\u2606Bugfitz\n|player|p2|\n",
  "uploadtime": 1776172790,
  "views": 15,
  "formatid": "gen9championsvgc2026regma",
  "rating": 1029,
  "private": 0,
  "password": null
}