{
  "id": "gen9championsvgc2026regma-2585830773",
  "format": "[Gen 9 Champions] VGC 2026 Reg M-A",
  "players": [
    "yuriimon",
    "tera.normals."
  ],
  "log": "|j|\u2606yuriimon\n|j|\u2606tera.normals.\n|t:|1776373865\n|gametype|doubles\n|player|p1|yuriimon|waitress-gen4|1103\n|player|p2|tera.normals.|leon|1036\n|gen|9\n|tier|[Gen 9 Champions] VGC 2026 Reg M-A\n|rated|\n|rule|Species Clause: Limit one of each Pok\u00e9mon\n|rule|Item Clause: Limit 1 of each item\n|clearpoke\n|poke|p1|Glimmora, L50, F|\n|poke|p1|Incineroar, L50, M|\n|poke|p1|Politoed, L50, M|\n|poke|p1|Basculegion, L50, M|\n|poke|p1|Chesnaught, L50, F|\n|poke|p1|Dragapult, L50, F|\n|poke|p2|Gengar, L50, F|\n|poke|p2|Decidueye-Hisui, L50, F|\n|poke|p2|Samurott-Hisui, L50, F|\n|poke|p2|Typhlosion-Hisui, L50, F|\n|poke|p2|Aegislash, L50, F|\n|poke|p2|Aggron, L50, M|\n|teampreview|4\n|inactive|Battle timer is ON: inactive players will automatically lose when time's up. (requested by yuriimon)\n|inactive|tera.normals. also wants the timer to be on.\n|inactive|yuriimon has 60 seconds left.\n|\n|t:|1776373910\n|teamsize|p1|4\n|teamsize|p2|4\n|start\n|switch|p1a: Dragapult|Dragapult, L50, F|100/100\n|switch|p1b: Incineroar|Incineroar, L50, M|100/100\n|switch|p2a: Kewl|Gengar, L50, F, shiny|100/100\n|switch|p2b: Oshawott.|Samurott-Hisui, L50, F, shiny|100/100\n|-ability|p1b: Incineroar|Intimidate|boost\n|-unboost|p2a: Kewl|atk|1\n|-unboost|p2b: Oshawott.|atk|1\n|turn|1\n|inactive|yuriimon has 30 seconds left.\n|\n|t:|1776373939\n|detailschange|p2a: Kewl|Gengar-Mega, L50, F, shiny\n|-mega|p2a: Kewl|Gengar|Gengarite\n|move|p2a: Kewl|Perish Song|p2a: Kewl\n|-start|p1a: Dragapult|perish3|[silent]\n|-start|p1b: Incineroar|perish3|[silent]\n|-start|p2a: Kewl|perish3|[silent]\n|-start|p2b: Oshawott.|perish3|[silent]\n|-fieldactivate|move: Perish Song\n|move|p1a: Dragapult|Thunder|p2b: Oshawott.|[miss]\n|-miss|p1a: Dragapult|p2b: Oshawott.\n|move|p2b: Oshawott.|Swords Dance|p2b: Oshawott.\n|-boost|p2b: Oshawott.|atk|2\n|move|p1b: Incineroar|Darkest Lariat|p2a: Kewl\n|-supereffective|p2a: Kewl|1\n|-damage|p2a: Kewl|0 fnt\n|faint|p2a: Kewl\n|\n|-start|p1a: Dragapult|perish3\n|-start|p2b: Oshawott.|perish3\n|-start|p1b: Incineroar|perish3\n|upkeep\n|\n|t:|1776373960\n|switch|p2a: Birb is Da Word|Decidueye-Hisui, L50, F, shiny|100/100\n|turn|2\n|\n|t:|1776373976\n|switch|p1b: Politoed|Politoed, L50, M|100/100\n|-weather|RainDance|[from] ability: Drizzle|[of] p1b: Politoed\n|move|p2b: Oshawott.|Aqua Jet|p1a: Dragapult\n|-resisted|p1a: Dragapult|1\n|-damage|p1a: Dragapult|73/100\n|move|p1a: Dragapult|Thunder|p2b: Oshawott.\n|-supereffective|p2b: Oshawott.|1\n|-damage|p2b: Oshawott.|0 fnt\n|faint|p2b: Oshawott.\n|move|p2a: Birb is Da Word|Triple Arrows|p1b: Politoed\n|-damage|p1b: Politoed|60/100\n|\n|-weather|RainDance|[upkeep]\n|-start|p1a: Dragapult|perish2\n|upkeep\n|\n|t:|1776373993\n|switch|p2b: Aaron|Aggron, L50, M, shiny|100/100\n|turn|3\n|\n|t:|1776374010\n|move|p1a: Dragapult|Will-O-Wisp|p2a: Birb is Da Word\n|-status|p2a: Birb is Da Word|brn\n|move|p2b: Aaron|Head Smash|p1a: Dragapult\n|-damage|p1a: Dragapult|0 fnt\n|faint|p1a: Dragapult\n|move|p2a: Birb is Da Word|Triple Arrows|p1b: Politoed\n|-damage|p1b: Politoed|40/100\n|cant|p1b: Politoed|flinch\n|\n|-weather|RainDance|[upkeep]\n|-damage|p2a: Birb is Da Word|94/100 brn|[from] brn\n|upkeep\n|\n|t:|1776374022\n|switch|p1a: Incineroar|Incineroar, L50, M|100/100\n|-ability|p1a: Incineroar|Intimidate|boost\n|-fail|p2a: Birb is Da Word|unboost|Attack|[from] ability: Scrappy|[of] p2a: Birb is Da Word\n|-unboost|p2b: Aaron|atk|1\n|turn|4\n|\n|t:|1776374038\n|move|p1a: Incineroar|Fake Out|p2a: Birb is Da Word\n|-damage|p2a: Birb is Da Word|80/100 brn\n|move|p2b: Aaron|Head Smash|p1b: Politoed\n|-damage|p1b: Politoed|0 fnt\n|faint|p1b: Politoed\n|cant|p2a: Birb is Da Word|flinch\n|\n|-weather|RainDance|[upkeep]\n|-damage|p2a: Birb is Da Word|74/100 brn|[from] brn\n|upkeep\n|\n|t:|1776374043\n|switch|p1b: Chesnaught|Chesnaught, L50, F|100/100\n|turn|5\n|\n|t:|1776374059\n|detailschange|p1b: Chesnaught|Chesnaught-Mega, L50, F\n|-mega|p1b: Chesnaught|Chesnaught|Chesnaughtite\n|move|p2b: Aaron|Head Smash|p1a: Incineroar\n|-supereffective|p1a: Incineroar|1\n|-damage|p1a: Incineroar|24/100\n|-enditem|p1a: Incineroar|Sitrus Berry|[eat]\n|-heal|p1a: Incineroar|49/100|[from] item: Sitrus Berry\n|move|p2a: Birb is Da Word|U-turn|p1b: Chesnaught\n|-damage|p1b: Chesnaught|94/100\n|move|p1a: Incineroar|Flare Blitz|p2a: Birb is Da Word\n|-supereffective|p2a: Birb is Da Word|1\n|-damage|p2a: Birb is Da Word|10/100 brn\n|-enditem|p2a: Birb is Da Word|Sitrus Berry|[eat]\n|-heal|p2a: Birb is Da Word|34/100 brn|[from] item: Sitrus Berry\n|-damage|p1a: Incineroar|32/100|[from] Recoil\n|move|p1b: Chesnaught|Iron Defense|p1b: Chesnaught\n|-boost|p1b: Chesnaught|def|2\n|\n|-weather|RainDance|[upkeep]\n|-damage|p2a: Birb is Da Word|28/100 brn|[from] brn\n|upkeep\n|turn|6\n|inactive|tera.normals. has 30 seconds left.\n|\n|t:|1776374087\n|move|p2b: Aaron|Head Smash|p1a: Incineroar\n|-supereffective|p1a: Incineroar|1\n|-damage|p1a: Incineroar|0 fnt\n|faint|p1a: Incineroar\n|move|p2a: Birb is Da Word|Triple Arrows|p1b: Chesnaught\n|-crit|p1b: Chesnaught\n|-damage|p1b: Chesnaught|77/100\n|-unboost|p1b: Chesnaught|def|1\n|move|p1b: Chesnaught|Body Press|p2b: Aaron\n|-supereffective|p2b: Aaron|2\n|-damage|p2b: Aaron|0 fnt\n|faint|p2b: Aaron\n|\n|-weather|none\n|-damage|p2a: Birb is Da Word|22/100 brn|[from] brn\n|upkeep\n|turn|7\n|\n|t:|1776374106\n|move|p2a: Birb is Da Word|Triple Arrows|p1b: Chesnaught\n|-damage|p1b: Chesnaught|69/100\n|-unboost|p1b: Chesnaught|def|1\n|move|p1b: Chesnaught|Body Press|p2a: Birb is Da Word\n|-damage|p2a: Birb is Da Word|0 fnt\n|faint|p2a: Birb is Da Word\n|\n|win|yuriimon\n|raw|yuriimon's rating: 1103 &rarr; <strong>1123</strong><br />(+20 for winning)\n|raw|tera.normals.'s rating: 1036 &rarr; <strong>1024</strong><br />(-12 for losing)\n|c|\u2606yuriimon|gg\n|l|\u2606tera.normals.\n|player|p2|\n",
  "uploadtime": 1776374116,
  "views": 27,
  "formatid": "gen9championsvgc2026regma",
  "rating": 1024,
  "private": 0,
  "password": null
}