{
  "id": "gen9championsvgc2026regma-2581488649",
  "format": "[Gen 9 Champions] VGC 2026 Reg M-A",
  "players": [
    "xindef",
    "kjhzeiugigegj"
  ],
  "log": "|j|\u2606xindef\n|j|\u2606kjhzeiugigegj\n|t:|1776005127\n|gametype|doubles\n|player|p1|xindef|cheren-gen5bw2|1093\n|player|p2|kjhzeiugigegj|hilda|1091\n|gen|9\n|tier|[Gen 9 Champions] VGC 2026 Reg M-A\n|rated|\n|rule|Species Clause: Limit one of each Pok\u00e9mon\n|rule|Item Clause: Limit 1 of each item\n|clearpoke\n|poke|p1|Floette-Eternal, L50, F|\n|poke|p1|Incineroar, L50, M|\n|poke|p1|Basculegion, L50, M|\n|poke|p1|Pelipper, L50, M|\n|poke|p1|Sinistcha, L50|\n|poke|p1|Garchomp, L50, F|\n|poke|p2|Lopunny, L50, F|\n|poke|p2|Garchomp, L50, F|\n|poke|p2|Incineroar, L50, F|\n|poke|p2|Sinistcha, L50|\n|poke|p2|Corviknight, L50, F|\n|poke|p2|Politoed, L50, M|\n|teampreview|4\n|\n|t:|1776005150\n|teamsize|p1|4\n|teamsize|p2|4\n|start\n|switch|p1a: Floette|Floette-Eternal, L50, F|100/100\n|switch|p1b: Incineroar|Incineroar, L50, M|100/100\n|switch|p2a: Corviknight|Corviknight, L50, F|100/100\n|switch|p2b: Garchomp|Garchomp, L50, F|100/100\n|-ability|p1b: Incineroar|Intimidate|boost\n|-ability|p2a: Corviknight|Mirror Armor\n|-unboost|p1b: Incineroar|atk|1\n|-unboost|p2b: Garchomp|atk|1\n|turn|1\n|\n|t:|1776005173\n|detailschange|p1a: Floette|Floette-Mega, L50, F\n|-mega|p1a: Floette|Floette|Floettite\n|-ability|p1a: Floette|Fairy Aura\n|move|p1b: Incineroar|Fake Out|p2a: Corviknight\n|-resisted|p2a: Corviknight|1\n|-damage|p2a: Corviknight|97/100\n|move|p2b: Garchomp|Earthquake|p1a: Floette|[spread] p1a,p1b\n|-immune|p2a: Corviknight\n|-supereffective|p1b: Incineroar|1\n|-damage|p1a: Floette|67/100\n|-damage|p1b: Incineroar|64/100\n|move|p1a: Floette|Moonblast|p2b: Garchomp\n|-supereffective|p2b: Garchomp|1\n|-damage|p2b: Garchomp|0 fnt\n|faint|p2b: Garchomp\n|cant|p2a: Corviknight|flinch\n|\n|-heal|p2a: Corviknight|100/100|[from] item: Leftovers\n|upkeep\n|\n|t:|1776005186\n|switch|p2b: Sinistcha|Sinistcha, L50|100/100\n|turn|2\n|\n|t:|1776005200\n|switch|p1a: Sinistcha|Sinistcha, L50|100/100\n|-heal|p1b: Incineroar|89/100|[from] ability: Hospitality|[of] p1a: Sinistcha\n|move|p2a: Corviknight|Iron Head|p1a: Sinistcha\n|-crit|p1a: Sinistcha\n|-damage|p1a: Sinistcha|63/100\n|move|p1b: Incineroar|Flare Blitz|p2a: Corviknight\n|-supereffective|p2a: Corviknight|1\n|-damage|p2a: Corviknight|46/100\n|-status|p2a: Corviknight|brn\n|-damage|p1b: Incineroar|70/100|[from] Recoil\n|move|p2b: Sinistcha|Trick Room|p2b: Sinistcha\n|-fieldstart|move: Trick Room|[of] p2b: Sinistcha\n|\n|-heal|p1a: Sinistcha|69/100|[from] item: Leftovers\n|-heal|p2a: Corviknight|52/100 brn|[from] item: Leftovers\n|-damage|p2a: Corviknight|46/100 brn|[from] brn\n|upkeep\n|turn|3\n|\n|t:|1776005228\n|move|p1b: Incineroar|Protect|p1b: Incineroar\n|-singleturn|p1b: Incineroar|Protect\n|move|p1a: Sinistcha|Protect|p1a: Sinistcha\n|-singleturn|p1a: Sinistcha|Protect\n|move|p2a: Corviknight|Roost|p2a: Corviknight\n|-heal|p2a: Corviknight|96/100 brn\n|-singleturn|p2a: Corviknight|move: Roost\n|move|p2b: Sinistcha|Matcha Gotcha|p1b: Incineroar|[spread] \n|-activate|p1a: Sinistcha|move: Protect\n|-activate|p1b: Incineroar|move: Protect\n|\n|-heal|p1a: Sinistcha|75/100|[from] item: Leftovers\n|-heal|p2a: Corviknight|100/100 brn|[from] item: Leftovers\n|-damage|p2a: Corviknight|94/100 brn|[from] brn\n|upkeep\n|turn|4\n|\n|t:|1776005244\n|move|p2b: Sinistcha|Rage Powder|p2b: Sinistcha\n|-singleturn|p2b: Sinistcha|move: Rage Powder\n|move|p1b: Incineroar|Flare Blitz|p2b: Sinistcha\n|-supereffective|p2b: Sinistcha|1\n|-damage|p2b: Sinistcha|49/100\n|-enditem|p2b: Sinistcha|Sitrus Berry|[eat]\n|-heal|p2b: Sinistcha|74/100|[from] item: Sitrus Berry\n|-damage|p1b: Incineroar|54/100|[from] Recoil\n|move|p1a: Sinistcha|Shadow Ball|p2b: Sinistcha\n|-supereffective|p2b: Sinistcha|1\n|-damage|p2b: Sinistcha|0 fnt\n|faint|p2b: Sinistcha\n|move|p2a: Corviknight|Brave Bird|p1a: Sinistcha\n|-supereffective|p1a: Sinistcha|1\n|-damage|p1a: Sinistcha|39/100\n|-damage|p2a: Corviknight|84/100 brn|[from] Recoil\n|\n|-heal|p1a: Sinistcha|45/100|[from] item: Leftovers\n|-heal|p2a: Corviknight|90/100 brn|[from] item: Leftovers\n|-damage|p2a: Corviknight|84/100 brn|[from] brn\n|upkeep\n|\n|t:|1776005258\n|switch|p2b: Incineroar|Incineroar, L50, F|100/100\n|-ability|p2b: Incineroar|Intimidate|boost\n|-unboost|p1a: Sinistcha|atk|1\n|-unboost|p1b: Incineroar|atk|1\n|turn|5\n|\n|t:|1776005271\n|move|p1b: Incineroar|Protect|p1b: Incineroar\n|-singleturn|p1b: Incineroar|Protect\n|move|p1a: Sinistcha|Protect|p1a: Sinistcha\n|-singleturn|p1a: Sinistcha|Protect\n|move|p2b: Incineroar|Fake Out|p1b: Incineroar\n|-activate|p1b: Incineroar|move: Protect\n|move|p2a: Corviknight|Brave Bird|p1a: Sinistcha\n|-activate|p1a: Sinistcha|move: Protect\n|\n|-heal|p1a: Sinistcha|51/100|[from] item: Leftovers\n|-heal|p2a: Corviknight|90/100 brn|[from] item: Leftovers\n|-damage|p2a: Corviknight|84/100 brn|[from] brn\n|upkeep\n|turn|6\n|\n|t:|1776005293\n|move|p2b: Incineroar|Protect|p2b: Incineroar\n|-singleturn|p2b: Incineroar|Protect\n|move|p1b: Incineroar|Flare Blitz|p2a: Corviknight\n|-supereffective|p2a: Corviknight|1\n|-damage|p2a: Corviknight|41/100 brn\n|-damage|p1b: Incineroar|39/100|[from] Recoil\n|-enditem|p1b: Incineroar|Sitrus Berry|[eat]\n|-heal|p1b: Incineroar|64/100|[from] item: Sitrus Berry\n|move|p1a: Sinistcha|Shadow Ball|p2a: Corviknight\n|-damage|p2a: Corviknight|11/100 brn\n|move|p2a: Corviknight|Brave Bird|p1a: Sinistcha\n|-supereffective|p1a: Sinistcha|1\n|-damage|p1a: Sinistcha|14/100\n|-damage|p2a: Corviknight|1/100 brn|[from] Recoil\n|\n|-heal|p1a: Sinistcha|20/100|[from] item: Leftovers\n|-heal|p2a: Corviknight|7/100 brn|[from] item: Leftovers\n|-damage|p2a: Corviknight|1/100 brn|[from] brn\n|-fieldend|move: Trick Room\n|upkeep\n|turn|7\n|\n|t:|1776005331\n|move|p1a: Sinistcha|Protect|p1a: Sinistcha\n|-singleturn|p1a: Sinistcha|Protect\n|move|p2b: Incineroar|Throat Chop|p1a: Sinistcha\n|-activate|p1a: Sinistcha|move: Protect\n|move|p2a: Corviknight|Roost|p2a: Corviknight\n|-heal|p2a: Corviknight|51/100 brn\n|-singleturn|p2a: Corviknight|move: Roost\n|move|p1b: Incineroar|Parting Shot|p2b: Incineroar\n|-unboost|p2b: Incineroar|atk|1\n|-unboost|p2b: Incineroar|spa|1\n|\n|t:|1776005344\n|switch|p1b: Garchomp|Garchomp, L50, F|100/100|[from] Parting Shot\n|\n|-heal|p2a: Corviknight|57/100 brn|[from] item: Leftovers\n|-heal|p1a: Sinistcha|26/100|[from] item: Leftovers\n|-damage|p2a: Corviknight|51/100 brn|[from] brn\n|upkeep\n|turn|8\n|\n|t:|1776005358\n|switch|p1a: Incineroar|Incineroar, L50, M|64/100\n|-ability|p1a: Incineroar|Intimidate|boost\n|-ability|p2a: Corviknight|Mirror Armor\n|-unboost|p1a: Incineroar|atk|1\n|-unboost|p2b: Incineroar|atk|1\n|move|p2b: Incineroar|Protect|p2b: Incineroar\n|-singleturn|p2b: Incineroar|Protect\n|move|p1b: Garchomp|Swords Dance|p1b: Garchomp\n|-boost|p1b: Garchomp|atk|2\n|move|p2a: Corviknight|Brave Bird|p1a: Incineroar\n|-damage|p1a: Incineroar|47/100\n|-damage|p2a: Corviknight|45/100 brn|[from] Recoil\n|\n|-heal|p2a: Corviknight|51/100 brn|[from] item: Leftovers\n|-damage|p2a: Corviknight|45/100 brn|[from] brn\n|upkeep\n|turn|9\n|\n|t:|1776005376\n|move|p1a: Incineroar|Protect|p1a: Incineroar\n|-singleturn|p1a: Incineroar|Protect\n|move|p1b: Garchomp|Earthquake|p2a: Corviknight|[spread] p2b\n|-activate|p1a: Incineroar|move: Protect\n|-immune|p2a: Corviknight\n|-supereffective|p2b: Incineroar|1\n|-damage|p2b: Incineroar|0 fnt\n|faint|p2b: Incineroar\n|move|p2a: Corviknight|Roost|p2a: Corviknight\n|-heal|p2a: Corviknight|95/100 brn\n|-singleturn|p2a: Corviknight|move: Roost\n|\n|-heal|p2a: Corviknight|100/100 brn|[from] item: Leftovers\n|-damage|p2a: Corviknight|94/100 brn|[from] brn\n|upkeep\n|turn|10\n|-message|kjhzeiugigegj forfeited.\n|\n|win|xindef\n|raw|xindef's rating: 1093 &rarr; <strong>1119</strong><br />(+26 for winning)\n|raw|kjhzeiugigegj's rating: 1091 &rarr; <strong>1067</strong><br />(-24 for losing)\n|l|\u2606kjhzeiugigegj\n|player|p2|\n",
  "uploadtime": 1776005388,
  "views": 14,
  "formatid": "gen9championsvgc2026regma",
  "rating": 1067,
  "private": 0,
  "password": null
}