{
  "id": "gen9championsvgc2026regma-2587054510",
  "format": "[Gen 9 Champions] VGC 2026 Reg M-A",
  "players": [
    "hahaheheheheei",
    "Enekos"
  ],
  "log": "|j|\u2606hahaheheheheei\n|j|\u2606Enekos\n|t:|1776487410\n|gametype|doubles\n|player|p1|hahaheheheheei|169|1046\n|player|p2|Enekos|steven|1070\n|gen|9\n|tier|[Gen 9 Champions] VGC 2026 Reg M-A\n|rated|\n|rule|Species Clause: Limit one of each Pok\u00e9mon\n|rule|Item Clause: Limit 1 of each item\n|clearpoke\n|poke|p1|Floette-Eternal, L50, F|\n|poke|p1|Empoleon, L50, M|\n|poke|p1|Talonflame, L50, M|\n|poke|p1|Maushold-Four, L50|\n|poke|p1|Garchomp, L50, M|\n|poke|p1|Sneasler, L50, M|\n|poke|p2|Gengar, L50, M, shiny|\n|poke|p2|Politoed, L50, F|\n|poke|p2|Aerodactyl, L50, M|\n|poke|p2|Incineroar, L50, M|\n|poke|p2|Sneasler, L50, M|\n|poke|p2|Garchomp, L50, M|\n|teampreview|4\nEnekos rejected open team sheets.\n|\n|t:|1776487455\n|teamsize|p1|4\n|teamsize|p2|4\n|start\n|switch|p1a: Empoleon|Empoleon, L50, M|100/100\n|switch|p1b: Talonflame|Talonflame, L50, M|100/100\n|switch|p2a: Mosquitofosil|Aerodactyl, L50, M|100/100\n|switch|p2b: Gymbro|Incineroar, L50, M|100/100\n|-ability|p2a: Mosquitofosil|Unnerve\n|-ability|p2b: Gymbro|Intimidate|boost\n|-unboost|p1a: Empoleon|atk|1\n|-ability|p1a: Empoleon|Competitive|boost\n|-boost|p1a: Empoleon|spa|2\n|-unboost|p1b: Talonflame|atk|1\n|turn|1\n|\n|t:|1776487481\n|move|p1b: Talonflame|Quick Guard|p1b: Talonflame\n|-singleturn|p1b: Talonflame|Quick Guard\n|move|p2b: Gymbro|Fake Out|p1b: Talonflame\n|-activate|p1b: Talonflame|move: Quick Guard\n|move|p2a: Mosquitofosil|Tailwind|p2a: Mosquitofosil\n|-sidestart|p2: Enekos|move: Tailwind\n|move|p1a: Empoleon|Hydro Pump|p2b: Gymbro\n|-supereffective|p2b: Gymbro|1\n|-damage|p2b: Gymbro|0 fnt\n|faint|p2b: Gymbro\n|\n|upkeep\n|\n|t:|1776487498\n|switch|p2b: Chillbroh|Sneasler, L50, M|100/100\n|turn|2\n|\n|t:|1776487519\n|switch|p1b: Garchomp|Garchomp, L50, M|100/100\n|move|p2a: Mosquitofosil|Rock Slide|p1a: Empoleon|[spread] p1a\n|-miss|p2a: Mosquitofosil|p1b: Garchomp\n|-resisted|p1a: Empoleon|1\n|-damage|p1a: Empoleon|87/100\n|move|p2b: Chillbroh|Close Combat|p1a: Empoleon\n|-supereffective|p1a: Empoleon|1\n|-damage|p1a: Empoleon|0 fnt\n|-unboost|p2b: Chillbroh|def|1\n|-unboost|p2b: Chillbroh|spd|1\n|faint|p1a: Empoleon\n|\n|upkeep\n|\n|t:|1776487533\n|switch|p1a: Talonflame|Talonflame, L50, M|100/100\n|turn|3\n|\n|t:|1776487553\n|move|p1a: Talonflame|Tailwind|p1a: Talonflame\n|-sidestart|p1: hahaheheheheei|move: Tailwind\n|move|p2a: Mosquitofosil|Dual Wingbeat|p1b: Garchomp\n|-damage|p1b: Garchomp|81/100\n|-damage|p2a: Mosquitofosil|88/100|[from] ability: Rough Skin|[of] p1b: Garchomp\n|-damage|p1b: Garchomp|62/100\n|-damage|p2a: Mosquitofosil|76/100|[from] ability: Rough Skin|[of] p1b: Garchomp\n|-hitcount|p1b: Garchomp|2\n|move|p2b: Chillbroh|Close Combat|p1b: Garchomp\n|-damage|p1b: Garchomp|0 fnt\n|-unboost|p2b: Chillbroh|def|1\n|-unboost|p2b: Chillbroh|spd|1\n|-damage|p2b: Chillbroh|88/100|[from] ability: Rough Skin|[of] p1b: Garchomp\n|faint|p1b: Garchomp\n|\n|upkeep\n|\n|t:|1776487561\n|switch|p1b: Sneasler|Sneasler, L50, M|100/100\n|turn|4\n|\n|t:|1776487578\n|move|p2a: Mosquitofosil|Protect|p2a: Mosquitofosil\n|-singleturn|p2a: Mosquitofosil|Protect\n|move|p2b: Chillbroh|Protect|p2b: Chillbroh\n|-singleturn|p2b: Chillbroh|Protect\n|move|p1a: Talonflame|Brave Bird|p2b: Chillbroh\n|-activate|p2b: Chillbroh|move: Protect\n|move|p1b: Sneasler|Close Combat|p2a: Mosquitofosil\n|-activate|p2a: Mosquitofosil|move: Protect\n|\n|-sideend|p2: Enekos|move: Tailwind\n|upkeep\n|turn|5\n|\n|t:|1776487629\n|switch|p2a: Gengar|Gengar, L50, M, shiny|100/100\n|move|p1a: Talonflame|Brave Bird|p2b: Chillbroh\n|-supereffective|p2b: Chillbroh|1\n|-damage|p2b: Chillbroh|0 fnt\n|faint|p2b: Chillbroh\n|-damage|p1a: Talonflame|71/100|[from] Recoil\n|move|p1b: Sneasler|Close Combat|p2a: Gengar\n|-immune|p2a: Gengar\n|\n|upkeep\n|\n|t:|1776487641\n|switch|p2b: Mosquitofosil|Aerodactyl, L50, M|76/100\n|-ability|p2b: Mosquitofosil|Unnerve\n|turn|6\n|\n|t:|1776487658\n|detailschange|p2a: Gengar|Gengar-Mega, L50, M, shiny\n|-mega|p2a: Gengar|Gengar|Gengarite\n|move|p2a: Gengar|Protect|p2a: Gengar\n|-singleturn|p2a: Gengar|Protect\n|move|p2b: Mosquitofosil|Protect|p2b: Mosquitofosil\n|-singleturn|p2b: Mosquitofosil|Protect\n|move|p1a: Talonflame|Flare Blitz|p2a: Gengar\n|-activate|p2a: Gengar|move: Protect\n|move|p1b: Sneasler|Close Combat|p2b: Mosquitofosil\n|-activate|p2b: Mosquitofosil|move: Protect\n|\n|-sideend|p1: hahaheheheheei|move: Tailwind\n|upkeep\n|turn|7\n|\n|t:|1776487715\n|move|p2b: Mosquitofosil|Dual Wingbeat|p1b: Sneasler\n|-supereffective|p1b: Sneasler|1\n|-damage|p1b: Sneasler|36/100\n|-supereffective|p1b: Sneasler|1\n|-damage|p1b: Sneasler|0 fnt\n|faint|p1b: Sneasler\n|-hitcount|p1: Sneasler|2\n|move|p2a: Gengar|Shadow Ball|p1a: Talonflame\n|-damage|p1a: Talonflame|0 fnt\n|faint|p1a: Talonflame\n|\n|win|Enekos\n|raw|hahaheheheheei's rating: 1046 &rarr; <strong>1030</strong><br />(-16 for losing)\n|raw|Enekos's rating: 1070 &rarr; <strong>1097</strong><br />(+27 for winning)\n|l|\u2606hahaheheheheei\n|player|p1|\n",
  "uploadtime": 1776487738,
  "views": 15,
  "formatid": "gen9championsvgc2026regma",
  "rating": 1030,
  "private": 0,
  "password": null
}