{
  "id": "gen9championsvgc2026regma-2586707944",
  "format": "[Gen 9 Champions] VGC 2026 Reg M-A",
  "players": [
    "Starwarier",
    "iamsoselfconscius"
  ],
  "log": "|j|\u2606Starwarier\n|j|\u203diamsoselfconscius\n|t:|1776453773\n|gametype|doubles\n|player|p1|Starwarier|psychic|1051\n|player|p2|iamsoselfconscius|169|1062\n|gen|9\n|tier|[Gen 9 Champions] VGC 2026 Reg M-A\n|rated|\n|rule|Species Clause: Limit one of each Pok\u00e9mon\n|rule|Item Clause: Limit 1 of each item\n|clearpoke\n|poke|p1|Skarmory, L50, M|\n|poke|p1|Sneasler, L50, M|\n|poke|p1|Whimsicott, L50, M|\n|poke|p1|Incineroar, L50, F|\n|poke|p1|Milotic, L50, M|\n|poke|p1|Glimmora, L50, M|\n|poke|p2|Gengar, L50, M|\n|poke|p2|Ninetales-Alola, L50, M|\n|poke|p2|Sneasler, L50, M|\n|poke|p2|Aegislash, L50, M|\n|poke|p2|Milotic, L50, M|\n|poke|p2|Incineroar, L50, F|\n|teampreview|4\n|inactive|Battle timer is ON: inactive players will automatically lose when time's up. (requested by Starwarier)\n|\n|t:|1776453802\n|teamsize|p1|4\n|teamsize|p2|4\n|start\n|switch|p1a: Skarmory|Skarmory, L50, M|100/100\n|switch|p1b: Sneasler|Sneasler, L50, M|100/100\n|switch|p2a: Milotic|Milotic, L50, M|100/100\n|switch|p2b: Sneasler|Sneasler, L50, M|100/100\n|turn|1\n|\n|t:|1776453823\n|detailschange|p1a: Skarmory|Skarmory-Mega, L50, M\n|-mega|p1a: Skarmory|Skarmory|Skarmorite\n|move|p2b: Sneasler|Protect|p2b: Sneasler\n|-singleturn|p2b: Sneasler|Protect\n|move|p1b: Sneasler|Coaching|p1a: Skarmory\n|-boost|p1a: Skarmory|atk|1\n|-boost|p1a: Skarmory|def|1\n|move|p1a: Skarmory|Drill Run|p2b: Sneasler\n|-activate|p2b: Sneasler|move: Protect\n|move|p2a: Milotic|Blizzard|p1a: Skarmory|[spread] p1a,p1b\n|-damage|p1a: Skarmory|71/100\n|-damage|p1b: Sneasler|65/100\n|\n|upkeep\n|turn|2\n|inactive|iamsoselfconscius has 30 seconds left.\n|\n|t:|1776453851\n|move|p1b: Sneasler|Coaching|p1a: Skarmory\n|-boost|p1a: Skarmory|atk|1\n|-boost|p1a: Skarmory|def|1\n|move|p1a: Skarmory|Drill Run|p2b: Sneasler\n|-supereffective|p2b: Sneasler|1\n|-damage|p2b: Sneasler|0 fnt\n|faint|p2b: Sneasler\n|move|p2a: Milotic|Hydro Pump|p1b: Sneasler\n|-damage|p1b: Sneasler|3/100\n|\n|upkeep\n|\n|t:|1776453863\n|switch|p2b: Gengar|Gengar, L50, M|100/100\n|turn|3\n|\n|t:|1776453879\n|switch|p2a: Ninetales|Ninetales-Alola, L50, M|100/100\n|-weather|Snowscape|[from] ability: Snow Warning|[of] p2a: Ninetales\n|move|p2b: Gengar|Protect|p2b: Gengar\n|-singleturn|p2b: Gengar|Protect\n|move|p1b: Sneasler|Dire Claw|p2a: Ninetales\n|-supereffective|p2a: Ninetales|1\n|-damage|p2a: Ninetales|14/100\n|move|p1a: Skarmory|Drill Run|p2b: Gengar\n|-activate|p2b: Gengar|move: Protect\n|\n|-weather|Snowscape|[upkeep]\n|upkeep\n|turn|4\n|\n|t:|1776453898\n|detailschange|p2b: Gengar|Gengar-Mega, L50, M\n|-mega|p2b: Gengar|Gengar|Gengarite\n|move|p2a: Ninetales|Protect|p2a: Ninetales\n|-singleturn|p2a: Ninetales|Protect\n|move|p2b: Gengar|Shadow Ball|p1a: Skarmory\n|-damage|p1a: Skarmory|10/100\n|-unboost|p1a: Skarmory|spd|1\n|move|p1b: Sneasler|Dire Claw|p2a: Ninetales\n|-activate|p2a: Ninetales|move: Protect\n|move|p1a: Skarmory|Drill Run|p2b: Gengar\n|-supereffective|p2b: Gengar|1\n|-damage|p2b: Gengar|0 fnt\n|faint|p2b: Gengar\n|\n|-weather|Snowscape|[upkeep]\n|upkeep\n|\n|t:|1776453910\n|switch|p2b: Milotic|Milotic, L50, M|100/100\n|turn|5\n|\n|t:|1776453919\n|move|p1b: Sneasler|Dire Claw|p2a: Ninetales\n|-supereffective|p2a: Ninetales|1\n|-damage|p2a: Ninetales|0 fnt\n|faint|p2a: Ninetales\n|move|p1a: Skarmory|Brave Bird|p2b: Milotic\n|-damage|p2b: Milotic|0 fnt\n|faint|p2b: Milotic\n|-damage|p1a: Skarmory|0 fnt|[from] Recoil\n|faint|p1a: Skarmory\n|\n|win|Starwarier\n|raw|Starwarier's rating: 1051 &rarr; <strong>1084</strong><br />(+33 for winning)\n|raw|iamsoselfconscius's rating: 1062 &rarr; <strong>1042</strong><br />(-20 for losing)\n",
  "uploadtime": 1776453923,
  "views": 24,
  "formatid": "gen9championsvgc2026regma",
  "rating": 1042,
  "private": 0,
  "password": null
}