{
  "id": "gen9championsvgc2026regma-2583629072",
  "format": "[Gen 9 Champions] VGC 2026 Reg M-A",
  "players": [
    "Mavtato",
    "DryIceBros"
  ],
  "log": "|j|\u2606Mavtato\n|j|\u2606DryIceBros\n|t:|1776187507\n|gametype|doubles\n|player|p1|Mavtato|1|1059\n|player|p2|DryIceBros|mars|1151\n|gen|9\n|tier|[Gen 9 Champions] VGC 2026 Reg M-A\n|rated|\n|rule|Species Clause: Limit one of each Pok\u00e9mon\n|rule|Item Clause: Limit 1 of each item\n|clearpoke\n|poke|p1|Kangaskhan, L50, F|\n|poke|p1|Whimsicott, L50, F|\n|poke|p1|Sinistcha, L50|\n|poke|p1|Klefki, L50, M|\n|poke|p1|Garchomp, L50, M|\n|poke|p1|Volcarona, L50, M|\n|poke|p2|Crabominable, L50, M|\n|poke|p2|Farigiraf, L50, F|\n|poke|p2|Ninetales-Alola, L50, F|\n|poke|p2|Incineroar, L50, M|\n|poke|p2|Torkoal, L50, M|\n|poke|p2|Basculegion, L50, M|\n|teampreview|4\nDryIceBros has agreed to open team sheets.\n|inactive|Battle timer is ON: inactive players will automatically lose when time's up. (requested by Mavtato)\n|inactive|Mavtato has 60 seconds left.\n|\n|t:|1776187563\n|teamsize|p1|4\n|teamsize|p2|4\n|start\n|switch|p1a: Garchomp|Garchomp, L50, M|100/100\n|switch|p1b: Klefki|Klefki, L50, M|100/100\n|switch|p2a: Farigiraf|Farigiraf, L50, F|100/100\n|switch|p2b: Torkoal|Torkoal, L50, M|100/100\n|-weather|SunnyDay|[from] ability: Drought|[of] p2b: Torkoal\n|turn|1\n|\n|t:|1776187587\n|move|p2b: Torkoal|Protect|p2b: Torkoal\n|-singleturn|p2b: Torkoal|Protect\n|move|p1b: Klefki|Reflect|p1b: Klefki\n|-sidestart|p1: Mavtato|Reflect\n|move|p1a: Garchomp|Stomping Tantrum|p2a: Farigiraf\n|-damage|p2a: Farigiraf|63/100\n|move|p2a: Farigiraf|Trick Room|p2a: Farigiraf\n|-fieldstart|move: Trick Room|[of] p2a: Farigiraf\n|\n|-weather|SunnyDay|[upkeep]\n|upkeep\n|turn|2\n|\n|t:|1776187599\n|move|p2a: Farigiraf|Helping Hand|p2b: Torkoal\n|-singleturn|p2b: Torkoal|Helping Hand|[of] p2a: Farigiraf\n|move|p1b: Klefki|Light Screen|p1b: Klefki\n|-sidestart|p1: Mavtato|move: Light Screen\n|move|p2b: Torkoal|Eruption|p1b: Klefki|[spread] p1a,p1b\n|-resisted|p1a: Garchomp|1\n|-supereffective|p1b: Klefki|1\n|-damage|p1a: Garchomp|49/100\n|-damage|p1b: Klefki|0 fnt\n|faint|p1b: Klefki\n|move|p1a: Garchomp|Stomping Tantrum|p2b: Torkoal\n|-supereffective|p2b: Torkoal|1\n|-damage|p2b: Torkoal|35/100\n|\n|-weather|SunnyDay|[upkeep]\n|upkeep\n|\n|t:|1776187614\n|switch|p1b: Sinistcha|Sinistcha, L50|100/100\n|turn|3\n|\n|t:|1776187629\n|move|p2a: Farigiraf|Helping Hand|p2b: Torkoal\n|-singleturn|p2b: Torkoal|Helping Hand|[of] p2a: Farigiraf\n|move|p2b: Torkoal|Heat Wave|p1b: Sinistcha|[spread] p1a\n|-miss|p2b: Torkoal|p1b: Sinistcha\n|-resisted|p1a: Garchomp|1\n|-damage|p1a: Garchomp|18/100\n|move|p1a: Garchomp|Stomping Tantrum|p2a: Farigiraf\n|-damage|p2a: Farigiraf|21/100\n|-enditem|p2a: Farigiraf|Sitrus Berry|[eat]\n|-heal|p2a: Farigiraf|45/100|[from] item: Sitrus Berry\n|move|p1b: Sinistcha|Trick Room|p1b: Sinistcha\n|-fieldend|move: Trick Room\n|\n|-weather|SunnyDay|[upkeep]\n|upkeep\n|turn|4\n|inactive|Mavtato has 30 seconds left.\n|\n|t:|1776187656\n|move|p1a: Garchomp|Stomping Tantrum|p2a: Farigiraf\n|-damage|p2a: Farigiraf|4/100\n|move|p1b: Sinistcha|Life Dew||[still]|[spread] p1a,p1b\n|-heal|p1a: Garchomp|43/100\n|-fail|p1b: Sinistcha|heal\n|move|p2a: Farigiraf|Psychic|p1a: Garchomp\n|-damage|p1a: Garchomp|18/100\n|move|p2b: Torkoal|Weather Ball|p1b: Sinistcha\n|-supereffective|p1b: Sinistcha|1\n|-crit|p1b: Sinistcha\n|-damage|p1b: Sinistcha|0 fnt\n|faint|p1b: Sinistcha\n|\n|-weather|SunnyDay|[upkeep]\n|upkeep\n|\n|t:|1776187672\n|switch|p1b: Kangaskhan|Kangaskhan, L50, F|100/100\n|turn|5\n|\n|t:|1776187685\n|detailschange|p1b: Kangaskhan|Kangaskhan-Mega, L50, F\n|-mega|p1b: Kangaskhan|Kangaskhan|Kangaskhanite\n|move|p1a: Garchomp|Stomping Tantrum|p2b: Torkoal\n|-supereffective|p2b: Torkoal|1\n|-damage|p2b: Torkoal|0 fnt\n|faint|p2b: Torkoal\n|move|p1b: Kangaskhan|Body Slam|p2a: Farigiraf\n|-damage|p2a: Farigiraf|0 fnt\n|faint|p2a: Farigiraf\n|-hitcount|p2: Farigiraf|1\n|\n|-weather|none\n|-sideend|p1: Mavtato|Reflect\n|upkeep\n|\n|t:|1776187689\n|switch|p2a: Crabominable|Crabominable, L50, M|100/100\n|switch|p2b: Basculegion|Basculegion, L50, M|100/100\n|turn|6\n|\n|t:|1776187713\n|detailschange|p2a: Crabominable|Crabominable-Mega, L50, M\n|-mega|p2a: Crabominable|Crabominable|Crabominite\n|move|p1b: Kangaskhan|Sucker Punch|p2b: Basculegion\n|-supereffective|p2b: Basculegion|1\n|-damage|p2b: Basculegion|44/100\n|-supereffective|p2b: Basculegion|1\n|-crit|p2b: Basculegion\n|-damage|p2b: Basculegion|23/100\n|-hitcount|p2b: Basculegion|2\n|move|p2a: Crabominable|Mach Punch|p1b: Kangaskhan\n|-supereffective|p1b: Kangaskhan|1\n|-damage|p1b: Kangaskhan|33/100\n|move|p1a: Garchomp|Stomping Tantrum|p2b: Basculegion\n|-damage|p2b: Basculegion|0 fnt\n|faint|p2b: Basculegion\n|\n|-sideend|p1: Mavtato|move: Light Screen\n|upkeep\n|turn|7\n|inactive|Mavtato has 30 seconds left.\n|inactive|DryIceBros has 30 seconds left.\n|\n|t:|1776187746\n|move|p2a: Crabominable|Mach Punch|p1a: Garchomp\n|-damage|p1a: Garchomp|0 fnt\n|-damage|p2a: Crabominable|88/100|[from] ability: Rough Skin|[of] p1a: Garchomp\n|faint|p1a: Garchomp\n|move|p1b: Kangaskhan|Body Slam|p2a: Crabominable\n|-damage|p2a: Crabominable|61/100\n|-status|p2a: Crabominable|par\n|-damage|p2a: Crabominable|55/100 par\n|-hitcount|p2a: Crabominable|2\n|\n|upkeep\n|turn|8\n|\n|t:|1776187762\n|cant|p2a: Crabominable|par\n|move|p1b: Kangaskhan|Body Slam|p2a: Crabominable\n|-damage|p2a: Crabominable|26/100 par\n|-damage|p2a: Crabominable|19/100 par\n|-hitcount|p2a: Crabominable|2\n|\n|upkeep\n|turn|9\n|\n|t:|1776187772\n|move|p1b: Kangaskhan|Protect|p1b: Kangaskhan\n|-singleturn|p1b: Kangaskhan|Protect\n|move|p2a: Crabominable|Mach Punch|p1b: Kangaskhan\n|-activate|p1b: Kangaskhan|move: Protect\n|\n|upkeep\n|turn|10\n|\n|t:|1776187781\n|move|p2a: Crabominable|Mach Punch|p1b: Kangaskhan\n|-supereffective|p1b: Kangaskhan|1\n|-damage|p1b: Kangaskhan|0 fnt\n|faint|p1b: Kangaskhan\n|\n|win|DryIceBros\n|raw|Mavtato's rating: 1059 &rarr; <strong>1045</strong><br />(-14 for losing)\n|raw|DryIceBros's rating: 1151 &rarr; <strong>1170</strong><br />(+19 for winning)\n",
  "uploadtime": 1776187788,
  "views": 14,
  "formatid": "gen9championsvgc2026regma",
  "rating": 1045,
  "private": 0,
  "password": null
}