{
  "id": "gen9championsvgc2026regma-2587698218",
  "format": "[Gen 9 Champions] VGC 2026 Reg M-A",
  "players": [
    "CoffeeMoffee",
    "LUWITE"
  ],
  "log": "|j|\u2606CoffeeMoffee\n|j|\u2606LUWITE\n|t:|1776555020\n|gametype|doubles\n|player|p1|CoffeeMoffee|scientist|1175\n|player|p2|LUWITE|ghetsis|1266\n|gen|9\n|tier|[Gen 9 Champions] VGC 2026 Reg M-A\n|rated|\n|rule|Species Clause: Limit one of each Pok\u00e9mon\n|rule|Item Clause: Limit 1 of each item\n|clearpoke\n|poke|p1|Charizard, L50, M, shiny|\n|poke|p1|Aerodactyl, L50, M, shiny|\n|poke|p1|Basculegion, L50, M, shiny|\n|poke|p1|Sneasler, L50, F, shiny|\n|poke|p1|Garchomp, L50, M, shiny|\n|poke|p1|Venusaur, L50, M, shiny|\n|poke|p2|Starmie, L50|\n|poke|p2|Sneasler, L50, M|\n|poke|p2|Tsareena, L50, F|\n|poke|p2|Talonflame, L50, F|\n|poke|p2|Ninetales-Alola, L50, F|\n|poke|p2|Garchomp, L50, M|\n|teampreview|4\n|inactive|Battle timer is ON: inactive players will automatically lose when time's up. (requested by CoffeeMoffee)\nLUWITE rejected open team sheets.\n|inactive|CoffeeMoffee has 60 seconds left.\n|\n|t:|1776555068\n|teamsize|p1|4\n|teamsize|p2|4\n|start\n|switch|p1a: Aerodactyl|Aerodactyl, L50, M, shiny|100/100\n|switch|p1b: Basculegion|Basculegion, L50, M, shiny|100/100\n|switch|p2a: Sneasler|Sneasler, L50, M|100/100\n|switch|p2b: Starmie|Starmie, L50|100/100\n|-ability|p1a: Aerodactyl|Unnerve\n|turn|1\n|inactive|CoffeeMoffee has 30 seconds left.\n|\n|t:|1776555095\n|detailschange|p2b: Starmie|Starmie-Mega, L50\n|-mega|p2b: Starmie|Starmie|Starminite\n|move|p1a: Aerodactyl|Protect|p1a: Aerodactyl\n|-singleturn|p1a: Aerodactyl|Protect\n|move|p1b: Basculegion|Flip Turn|p2a: Sneasler\n|-damage|p2a: Sneasler|56/100\n|\n|t:|1776555103\n|switch|p1b: Garchomp|Garchomp, L50, M, shiny|100/100|[from] Flip Turn\n|move|p2a: Sneasler|Coaching|p2b: Starmie\n|-boost|p2b: Starmie|atk|1\n|-boost|p2b: Starmie|def|1\n|move|p2b: Starmie|Psycho Cut|p1b: Garchomp\n|-damage|p1b: Garchomp|6/100\n|\n|upkeep\n|turn|2\n|inactive|CoffeeMoffee has 30 seconds left.\n|inactive|LUWITE has 30 seconds left.\n|inactive|LUWITE has 20 seconds left.\n|\n|t:|1776555141\n|move|p1b: Garchomp|Protect|p1b: Garchomp\n|-singleturn|p1b: Garchomp|Protect\n|move|p2b: Starmie|Aqua Jet|p1b: Garchomp\n|-activate|p1b: Garchomp|move: Protect\n|move|p1a: Aerodactyl|Dual Wingbeat|p2a: Sneasler\n|-supereffective|p2a: Sneasler|1\n|-damage|p2a: Sneasler|10/100\n|-supereffective|p2a: Sneasler|1\n|-damage|p2a: Sneasler|0 fnt\n|faint|p2a: Sneasler\n|-hitcount|p2: Sneasler|2\n|\n|upkeep\n|\n|t:|1776555146\n|switch|p2a: Talonflame|Talonflame, L50, F|100/100\n|turn|3\n|\n|t:|1776555165\n|switch|p1b: Basculegion|Basculegion, L50, M, shiny|100/100\n|move|p2a: Talonflame|Tailwind|p2a: Talonflame\n|-sidestart|p2: LUWITE|move: Tailwind\n|move|p2b: Starmie|Psycho Cut|p1b: Basculegion\n|-crit|p1b: Basculegion\n|-damage|p1b: Basculegion|0 fnt\n|faint|p1b: Basculegion\n|move|p1a: Aerodactyl|Tailwind|p1a: Aerodactyl\n|-sidestart|p1: CoffeeMoffee|move: Tailwind\n|\n|upkeep\n|\n|t:|1776555175\n|switch|p1b: Garchomp|Garchomp, L50, M, shiny|6/100\n|turn|4\n|\n|t:|1776555208\n|move|p1b: Garchomp|Protect|p1b: Garchomp\n|-singleturn|p1b: Garchomp|Protect\n|move|p2a: Talonflame|Brave Bird|p1b: Garchomp\n|-activate|p1b: Garchomp|move: Protect\n|move|p1a: Aerodactyl|Rock Slide|p2b: Starmie|[spread] p2a,p2b\n|-supereffective|p2a: Talonflame|2\n|-enditem|p2a: Talonflame|Focus Sash\n|-damage|p2a: Talonflame|1/100\n|-damage|p2b: Starmie|78/100\n|move|p2b: Starmie|Liquidation|p1a: Aerodactyl\n|-supereffective|p1a: Aerodactyl|1\n|-enditem|p1a: Aerodactyl|Focus Sash\n|-damage|p1a: Aerodactyl|1/100\n|-unboost|p1a: Aerodactyl|def|1\n|\n|upkeep\n|turn|5\n|inactive|CoffeeMoffee has 30 seconds left.\n|inactive|CoffeeMoffee has 20 seconds left.\n|\n|t:|1776555245\n|move|p2b: Starmie|Aqua Jet|p1a: Aerodactyl\n|-supereffective|p1a: Aerodactyl|1\n|-damage|p1a: Aerodactyl|0 fnt\n|faint|p1a: Aerodactyl\n|move|p2a: Talonflame|Brave Bird|p1b: Garchomp\n|-damage|p1b: Garchomp|0 fnt\n|-damage|p2a: Talonflame|0 fnt|[from] ability: Rough Skin|[of] p1b: Garchomp\n|faint|p1b: Garchomp\n|faint|p2a: Talonflame\n|\n|upkeep\n|\n|t:|1776555250\n|switch|p2a: Tsareena|Tsareena, L50, F|100/100\n|switch|p1b: Charizard|Charizard, L50, M, shiny|100/100\n|turn|6\n|\n|t:|1776555268\n|detailschange|p1b: Charizard|Charizard-Mega-Y, L50, M, shiny\n|-mega|p1b: Charizard|Charizard|Charizardite Y\n|-weather|SunnyDay|[from] ability: Drought|[of] p1b: Charizard\n|move|p1b: Charizard|Protect|p1b: Charizard\n|-singleturn|p1b: Charizard|Protect\n|move|p2b: Starmie|Liquidation|p1b: Charizard\n|-activate|p1b: Charizard|move: Protect\n|move|p2a: Tsareena|Triple Axel|p1b: Charizard\n|-activate|p1b: Charizard|move: Protect\n|\n|-weather|SunnyDay|[upkeep]\n|-sideend|p2: LUWITE|move: Tailwind\n|-sideend|p1: CoffeeMoffee|move: Tailwind\n|upkeep\n|turn|7\n|\n|t:|1776555286\n|move|p2b: Starmie|Liquidation|p1b: Charizard\n|-supereffective|p1b: Charizard|1\n|-crit|p1b: Charizard\n|-damage|p1b: Charizard|0 fnt\n|faint|p1b: Charizard\n|\n|win|LUWITE\n|raw|CoffeeMoffee's rating: 1175 &rarr; <strong>1156</strong><br />(-19 for losing)\n|raw|LUWITE's rating: 1266 &rarr; <strong>1285</strong><br />(+19 for winning)\n|c|\u2606CoffeeMoffee|gg\n|c|\u2606LUWITE|gg\n|l|\u2606CoffeeMoffee\n|player|p1|\n",
  "uploadtime": 1776555312,
  "views": 12,
  "formatid": "gen9championsvgc2026regma",
  "rating": 1156,
  "private": 0,
  "password": null
}