{
  "id": "gen9championsvgc2026regma-2586599461",
  "format": "[Gen 9 Champions] VGC 2026 Reg M-A",
  "players": [
    "xRamii",
    "Daniarceus"
  ],
  "log": "|j|\u2606xRamii\n|j|\u2606Daniarceus\n|t:|1776445881\n|gametype|doubles\n|player|p1|xRamii|veteran|1477\n|player|p2|Daniarceus|1|1526\n|gen|9\n|tier|[Gen 9 Champions] VGC 2026 Reg M-A\n|rated|\n|rule|Species Clause: Limit one of each Pok\u00e9mon\n|rule|Item Clause: Limit 1 of each item\n|clearpoke\n|poke|p1|Gardevoir, L50, F|\n|poke|p1|Maushold-Four, L50|\n|poke|p1|Basculegion, L50, M|\n|poke|p1|Talonflame, L50, M|\n|poke|p1|Kingambit, L50, M|\n|poke|p1|Garchomp, L50, M|\n|poke|p2|Maushold, L50|\n|poke|p2|Talonflame, L50, F|\n|poke|p2|Gardevoir, L50, M|\n|poke|p2|Garchomp, L50, M|\n|poke|p2|Kingambit, L50, F|\n|poke|p2|Basculegion, L50, M|\n|teampreview|4\n|inactive|Battle timer is ON: inactive players will automatically lose when time's up. (requested by Daniarceus)\n|c|\u2606Daniarceus|nice team\n|inactive|Daniarceus has 60 seconds left.\n|\n|t:|1776445957\n|teamsize|p1|4\n|teamsize|p2|4\n|start\n|switch|p1a: Gardevoir|Gardevoir, L50, F|100/100\n|switch|p1b: Maushold|Maushold-Four, L50|100/100\n|switch|p2a: Maushold|Maushold, L50|100/100\n|switch|p2b: Gardevoir|Gardevoir, L50, M|100/100\n|turn|1\n|j| thatsaltyguy\n|l| thatsaltyguy\n|\n|t:|1776445970\n|detailschange|p1a: Gardevoir|Gardevoir-Mega, L50, F\n|-mega|p1a: Gardevoir|Gardevoir|Gardevoirite\n|detailschange|p2b: Gardevoir|Gardevoir-Mega, L50, M\n|-mega|p2b: Gardevoir|Gardevoir|Gardevoirite\n|move|p2a: Maushold|Super Fang|p1a: Gardevoir\n|-damage|p1a: Gardevoir|51/100\n|move|p1b: Maushold|Super Fang|p2b: Gardevoir\n|-damage|p2b: Gardevoir|51/100\n|move|p1a: Gardevoir|Hyper Voice|p2b: Gardevoir|[spread] p2a,p2b\n|-damage|p2a: Maushold|29/100\n|-damage|p2b: Gardevoir|18/100\n|move|p2b: Gardevoir|Hyper Voice|p1b: Maushold|[spread] p1a,p1b\n|-damage|p1a: Gardevoir|17/100\n|-damage|p1b: Maushold|29/100\n|\n|upkeep\n|turn|2\n|inactive|Daniarceus has 30 seconds left.\n|\n|t:|1776445996\n|move|p1b: Maushold|Protect|p1b: Maushold\n|-singleturn|p1b: Maushold|Protect\n|move|p2b: Gardevoir|Protect|p2b: Gardevoir\n|-singleturn|p2b: Gardevoir|Protect\n|move|p2a: Maushold|Follow Me|p2a: Maushold\n|-singleturn|p2a: Maushold|move: Follow Me\n|move|p1a: Gardevoir|Hyper Voice|p2a: Maushold|[spread] p2a\n|-activate|p2b: Gardevoir|move: Protect\n|-damage|p2a: Maushold|0 fnt\n|faint|p2a: Maushold\n|\n|upkeep\n|\n|t:|1776446001\n|switch|p2a: Basculegion|Basculegion, L50, M|100/100\n|turn|3\n|inactive|xRamii has 30 seconds left.\n|\n|t:|1776446035\n|switch|p1b: Kingambit|Kingambit, L50, M|100/100\n|switch|p2b: Kingambit|Kingambit, L50, F|100/100\n|move|p2a: Basculegion|Aqua Jet|p1a: Gardevoir\n|-damage|p1a: Gardevoir|0 fnt\n|faint|p1a: Gardevoir\n|\n|upkeep\n|\n|t:|1776446051\n|switch|p1a: Maushold|Maushold-Four, L50|29/100\n|turn|4\n|\n|t:|1776446068\n|move|p2a: Basculegion|Protect|p2a: Basculegion\n|-singleturn|p2a: Basculegion|Protect\n|move|p1a: Maushold|Super Fang|p2b: Kingambit\n|-damage|p2b: Kingambit|51/100\n|move|p1b: Kingambit|Kowtow Cleave|p2a: Basculegion\n|-activate|p2a: Basculegion|move: Protect\n|move|p2b: Kingambit|Kowtow Cleave|p1a: Maushold\n|-damage|p1a: Maushold|0 fnt\n|faint|p1a: Maushold\n|\n|upkeep\n|\n|t:|1776446077\n|switch|p1a: Basculegion|Basculegion, L50, M|100/100\n|turn|5\n|j| ratbite\n|inactive|xRamii has 30 seconds left.\n|inactive|Daniarceus has 30 seconds left.\n|inactive|Daniarceus has 20 seconds left.\n|inactive|Daniarceus has 15 seconds left.\n|\n|t:|1776446123\n|switch|p2a: Gardevoir|Gardevoir-Mega, L50, M|18/100\n|move|p2b: Kingambit|Protect|p2b: Kingambit\n|-singleturn|p2b: Kingambit|Protect\n|move|p1a: Basculegion|Wave Crash|p2b: Kingambit\n|-activate|p2b: Kingambit|move: Protect\n|move|p1b: Kingambit|Kowtow Cleave|p2a: Gardevoir\n|-damage|p2a: Gardevoir|0 fnt\n|faint|p2a: Gardevoir\n|\n|upkeep\n|l| ratbite\n|\n|t:|1776446133\n|switch|p2a: Basculegion|Basculegion, L50, M|100/100\n|turn|6\n|inactive|xRamii has 30 seconds left.\n|\n|t:|1776446159\n|move|p1a: Basculegion|Protect|p1a: Basculegion\n|-singleturn|p1a: Basculegion|Protect\n|move|p2a: Basculegion|Protect|p2a: Basculegion\n|-singleturn|p2a: Basculegion|Protect\n|move|p1b: Kingambit|Kowtow Cleave|p2a: Basculegion\n|-activate|p2a: Basculegion|move: Protect\n|move|p2b: Kingambit|Kowtow Cleave|p1b: Kingambit\n|-resisted|p1b: Kingambit|1\n|-damage|p1b: Kingambit|82/100\n|\n|upkeep\n|turn|7\n|inactive|xRamii has 30 seconds left.\n|inactive|Daniarceus has 30 seconds left.\n|inactive|xRamii has 20 seconds left.\n|inactive|Daniarceus has 20 seconds left.\n|inactive|xRamii has 15 seconds left.\n|inactive|Daniarceus has 15 seconds left.\n|inactive|Daniarceus has 10 seconds left.\n|inactive|Daniarceus has 5 seconds left.\n|\n|t:|1776446210\n|move|p2b: Kingambit|Protect|p2b: Kingambit\n|-singleturn|p2b: Kingambit|Protect\n|move|p2a: Basculegion|Last Respects|p1a: Basculegion\n|-supereffective|p1a: Basculegion|1\n|-damage|p1a: Basculegion|0 fnt\n|faint|p1a: Basculegion\n|move|p1b: Kingambit|Iron Head|p2b: Kingambit\n|-activate|p2b: Kingambit|move: Protect\n|\n|upkeep\n|turn|8\n|-message|xRamii forfeited.\n|l|\u2606xRamii\n|inactive|xRamii disconnected and has a minute to reconnect!\n|player|p1|\n|\n|win|Daniarceus\n|raw|xRamii's rating: 1477 &rarr; <strong>1460</strong><br />(-17 for losing)\n|raw|Daniarceus's rating: 1526 &rarr; <strong>1543</strong><br />(+17 for winning)\n",
  "uploadtime": 1776446230,
  "views": 61,
  "formatid": "gen9championsvgc2026regma",
  "rating": 1460,
  "private": 0,
  "password": null
}