{
  "id": "gen9championsvgc2026regma-2582327923",
  "format": "[Gen 9 Champions] VGC 2026 Reg M-A",
  "players": [
    "LycheeEXE",
    "lobotomiagames"
  ],
  "log": "|j|\u2606LycheeEXE\n|j|\u2606lobotomiagames\n|t:|1776083715\n|gametype|doubles\n|player|p1|LycheeEXE|170|1102\n|player|p2|lobotomiagames|harlequin|1156\n|gen|9\n|tier|[Gen 9 Champions] VGC 2026 Reg M-A\n|rated|\n|rule|Species Clause: Limit one of each Pok\u00e9mon\n|rule|Item Clause: Limit 1 of each item\n|clearpoke\n|poke|p1|Vivillon, L50, F|\n|poke|p1|Volcarona, L50, F|\n|poke|p1|Heracross, L50, F|\n|poke|p1|Scizor, L50, M|\n|poke|p1|Araquanid, L50, M|\n|poke|p1|Ariados, L50, M|\n|poke|p2|Froslass, L50, F|\n|poke|p2|Rotom-Frost, L50|\n|poke|p2|Incineroar, L50, F|\n|poke|p2|Garchomp, L50, M|\n|poke|p2|Milotic, L50, M|\n|poke|p2|Kingambit, L50, F|\n|teampreview|4\n|inactive|Battle timer is ON: inactive players will automatically lose when time's up. (requested by lobotomiagames)\n|\n|t:|1776083743\n|teamsize|p1|4\n|teamsize|p2|4\n|start\n|switch|p1a: Vivillon|Vivillon, L50, F|100/100\n|switch|p1b: Heracross|Heracross, L50, F|100/100\n|switch|p2a: Froslass|Froslass, L50, F|100/100\n|switch|p2b: Incineroar|Incineroar, L50, F|100/100\n|-ability|p2b: Incineroar|Intimidate|boost\n|-unboost|p1a: Vivillon|atk|1\n|-unboost|p1b: Heracross|atk|1\n|turn|1\n|\n|t:|1776083754\n|detailschange|p2a: Froslass|Froslass-Mega, L50, F\n|-mega|p2a: Froslass|Froslass|Froslassite\n|-weather|Snowscape|[from] ability: Snow Warning|[of] p2a: Froslass\n|move|p1b: Heracross|Upper Hand|p2b: Incineroar\n|-supereffective|p2b: Incineroar|1\n|-damage|p2b: Incineroar|56/100\n|cant|p2b: Incineroar|flinch\n|move|p1a: Vivillon|Sleep Powder|p2a: Froslass\n|-status|p2a: Froslass|slp|[from] move: Sleep Powder\n|cant|p2a: Froslass|slp\n|\n|-weather|Snowscape|[upkeep]\n|upkeep\n|turn|2\n|\n|t:|1776083776\n|detailschange|p1b: Heracross|Heracross-Mega, L50, F\n|-mega|p1b: Heracross|Heracross|Heracronite\n|move|p1a: Vivillon|Sleep Powder|p2b: Incineroar\n|-status|p2b: Incineroar|slp|[from] move: Sleep Powder\n|cant|p2a: Froslass|slp\n|move|p1b: Heracross|Rock Blast|p2a: Froslass\n|-supereffective|p2a: Froslass|1\n|-damage|p2a: Froslass|83/100 slp\n|-supereffective|p2a: Froslass|1\n|-damage|p2a: Froslass|66/100 slp\n|-supereffective|p2a: Froslass|1\n|-damage|p2a: Froslass|49/100 slp\n|-supereffective|p2a: Froslass|1\n|-damage|p2a: Froslass|30/100 slp\n|-supereffective|p2a: Froslass|1\n|-damage|p2a: Froslass|11/100 slp\n|-hitcount|p2a: Froslass|5\n|cant|p2b: Incineroar|slp\n|\n|-weather|Snowscape|[upkeep]\n|upkeep\n|turn|3\n|\n|t:|1776083795\n|switch|p1a: Scizor|Scizor, L50, M|100/100\n|switch|p1b: Volcarona|Volcarona, L50, F|100/100\n|-curestatus|p2a: Froslass|slp|[msg]\n|move|p2a: Froslass|Protect|p2a: Froslass\n|-singleturn|p2a: Froslass|Protect\n|cant|p2b: Incineroar|slp\n|\n|-weather|Snowscape|[upkeep]\n|upkeep\n|turn|4\n|\n|t:|1776083809\n|switch|p2a: Garchomp|Garchomp, L50, M, shiny|100/100\n|move|p1a: Scizor|Bullet Punch|p2a: Garchomp\n|-damage|p2a: Garchomp|69/100\n|-damage|p1a: Scizor|88/100|[from] ability: Rough Skin|[of] p2a: Garchomp\n|move|p1b: Volcarona|Quiver Dance|p1b: Volcarona\n|-boost|p1b: Volcarona|spa|1\n|-boost|p1b: Volcarona|spd|1\n|-boost|p1b: Volcarona|spe|1\n|-curestatus|p2b: Incineroar|slp|[msg]\n|move|p2b: Incineroar|Parting Shot|p1b: Volcarona\n|-unboost|p1b: Volcarona|atk|1\n|-unboost|p1b: Volcarona|spa|1\n|\n|t:|1776083819\n|switch|p2b: Milotic|Milotic, L50, M, shiny|100/100|[from] Parting Shot\n|\n|-weather|Snowscape|[upkeep]\n|upkeep\n|turn|5\n|inactive|LycheeEXE has 30 seconds left.\n|\n|t:|1776083849\n|move|p1b: Volcarona|Protect|p1b: Volcarona\n|-singleturn|p1b: Volcarona|Protect\n|move|p2a: Garchomp|Rock Slide|p1a: Scizor|[spread] p1a\n|-activate|p1b: Volcarona|move: Protect\n|-damage|p1a: Scizor|67/100\n|move|p2b: Milotic|Scald|p1a: Scizor\n|-damage|p1a: Scizor|20/100\n|move|p1a: Scizor|Superpower|p2a: Garchomp\n|-damage|p2a: Garchomp|22/100\n|-unboost|p1a: Scizor|atk|1\n|-unboost|p1a: Scizor|def|1\n|-damage|p1a: Scizor|8/100|[from] ability: Rough Skin|[of] p2a: Garchomp\n|-enditem|p1a: Scizor|White Herb\n|-clearnegativeboost|p1a: Scizor|[silent]\n|\n|-weather|none\n|upkeep\n|turn|6\n|\n|t:|1776083868\n|move|p2a: Garchomp|Protect|p2a: Garchomp\n|-singleturn|p2a: Garchomp|Protect\n|move|p1a: Scizor|Bullet Punch|p2a: Garchomp\n|-activate|p2a: Garchomp|move: Protect\n|move|p1b: Volcarona|Quiver Dance|p1b: Volcarona\n|-boost|p1b: Volcarona|spa|1\n|-boost|p1b: Volcarona|spd|1\n|-boost|p1b: Volcarona|spe|1\n|move|p2b: Milotic|Flip Turn|p1a: Scizor\n|-damage|p1a: Scizor|0 fnt\n|faint|p1a: Scizor\n|\n|t:|1776083873\n|switch|p2b: Incineroar|Incineroar, L50, F|56/100|[from] Flip Turn\n|-ability|p2b: Incineroar|Intimidate|boost\n|-unboost|p1b: Volcarona|atk|1\n|\n|upkeep\n|\n|t:|1776083879\n|switch|p1a: Vivillon|Vivillon, L50, F|100/100\n|turn|7\n|\n|t:|1776083892\n|move|p2b: Incineroar|Fake Out|p1a: Vivillon\n|-damage|p1a: Vivillon|77/100\n|move|p1b: Volcarona|Giga Drain|p2a: Garchomp\n|-damage|p2a: Garchomp|0 fnt\n|faint|p2a: Garchomp\n|cant|p1a: Vivillon|flinch\n|\n|upkeep\n|\n|t:|1776083898\n|switch|p2a: Froslass|Froslass-Mega, L50, F|11/100\n|-weather|Snowscape|[from] ability: Snow Warning|[of] p2a: Froslass\n|turn|8\n|\n|t:|1776083907\n|move|p2a: Froslass|Protect|p2a: Froslass\n|-singleturn|p2a: Froslass|Protect\n|move|p1b: Volcarona|Heat Wave|p2a: Froslass|[spread] p2b\n|-activate|p2a: Froslass|move: Protect\n|-resisted|p2b: Incineroar|1\n|-damage|p2b: Incineroar|28/100\n|-enditem|p2b: Incineroar|Sitrus Berry|[eat]\n|-heal|p2b: Incineroar|53/100|[from] item: Sitrus Berry\n|move|p1a: Vivillon|Sleep Powder|p2b: Incineroar\n|-status|p2b: Incineroar|slp|[from] move: Sleep Powder\n|cant|p2b: Incineroar|slp\n|\n|-weather|Snowscape|[upkeep]\n|upkeep\n|turn|9\n|\n|t:|1776083922\n|move|p1b: Volcarona|Heat Wave|p2b: Incineroar|[spread] p2a,p2b\n|-supereffective|p2a: Froslass|1\n|-resisted|p2b: Incineroar|1\n|-damage|p2a: Froslass|0 fnt\n|-damage|p2b: Incineroar|26/100 slp\n|faint|p2a: Froslass\n|move|p1a: Vivillon|Sleep Powder|p2b: Incineroar\n|-fail|p2b: Incineroar|slp\n|cant|p2b: Incineroar|slp\n|\n|-weather|Snowscape|[upkeep]\n|upkeep\n|-message|lobotomiagames forfeited.\n|\n|win|LycheeEXE\n|raw|LycheeEXE's rating: 1102 &rarr; <strong>1131</strong><br />(+29 for winning)\n|raw|lobotomiagames's rating: 1156 &rarr; <strong>1127</strong><br />(-29 for losing)\n|l|\u2606lobotomiagames\n|player|p2|\n",
  "uploadtime": 1776083929,
  "views": 29,
  "formatid": "gen9championsvgc2026regma",
  "rating": 1127,
  "private": 0,
  "password": null
}