{
  "id": "gen9championsvgc2026regma-2587940506",
  "format": "[Gen 9 Champions] VGC 2026 Reg M-A",
  "players": [
    "rikjee",
    "Danno15"
  ],
  "log": "|j|\u2606rikjee\n|j|\u2606Danno15\n|t:|1776582145\n|gametype|doubles\n|player|p1|rikjee|roxie|1413\n|player|p2|Danno15|169|1402\n|gen|9\n|tier|[Gen 9 Champions] VGC 2026 Reg M-A\n|rated|\n|rule|Species Clause: Limit one of each Pok\u00e9mon\n|rule|Item Clause: Limit 1 of each item\n|clearpoke\n|poke|p1|Glimmora, L50, M|\n|poke|p1|Orthworm, L50, M|\n|poke|p1|Gardevoir, L50, M|\n|poke|p1|Aerodactyl, L50, F|\n|poke|p1|Rotom-Wash, L50|\n|poke|p1|Umbreon, L50, M|\n|poke|p2|Primarina, L50, F|\n|poke|p2|Farigiraf, L50, M|\n|poke|p2|Kingambit, L50, F|\n|poke|p2|Sinistcha, L50|\n|poke|p2|Golurk, L50|\n|poke|p2|Gallade, L50, M|\n|teampreview|4\n|inactive|Battle timer is ON: inactive players will automatically lose when time's up. (requested by rikjee)\n|inactive|rikjee has 60 seconds left.\n|inactive|Danno15 has 60 seconds left.\n|\n|t:|1776582183\n|teamsize|p1|4\n|teamsize|p2|4\n|start\n|switch|p1a: Gardevoir|Gardevoir, L50, M|100/100\n|switch|p1b: Glimmora|Glimmora, L50, M|100/100\n|switch|p2a: Golurk|Golurk, L50|100/100\n|switch|p2b: Farigiraf|Farigiraf, L50, M|100/100\n|turn|1\n|\n|t:|1776582201\n|detailschange|p2a: Golurk|Golurk-Mega, L50\n|-mega|p2a: Golurk|Golurk|Golurkite\n|move|p1b: Glimmora|Power Gem|p2b: Farigiraf\n|-damage|p2b: Farigiraf|63/100\n|move|p1a: Gardevoir|Moonblast|p2b: Farigiraf\n|-damage|p2b: Farigiraf|14/100\n|-unboost|p2b: Farigiraf|spa|1\n|move|p2b: Farigiraf|Twin Beam|p1b: Glimmora\n|-supereffective|p1b: Glimmora|1\n|-damage|p1b: Glimmora|70/100\n|-supereffective|p1b: Glimmora|1\n|-crit|p1b: Glimmora\n|-damage|p1b: Glimmora|9/100\n|-hitcount|p1b: Glimmora|2\n|move|p2a: Golurk|Poltergeist|p1a: Gardevoir\n|-activate|p1a: Gardevoir|move: Poltergeist|Focus Sash\n|-supereffective|p1a: Gardevoir|1\n|-enditem|p1a: Gardevoir|Focus Sash\n|-damage|p1a: Gardevoir|1/100\n|\n|upkeep\n|turn|2\n|inactive|rikjee has 30 seconds left.\n|\n|t:|1776582232\n|detailschange|p1b: Glimmora|Glimmora-Mega, L50, M\n|-mega|p1b: Glimmora|Glimmora|Glimmoranite\n|move|p2a: Golurk|Protect|p2a: Golurk\n|-singleturn|p2a: Golurk|Protect\n|move|p1b: Glimmora|Sludge Wave|p2a: Golurk|[spread] p2b\n|-activate|p2a: Golurk|move: Protect\n|-activate|p1a: Gardevoir|ability: Telepathy\n|-damage|p2b: Farigiraf|0 fnt\n|faint|p2b: Farigiraf\n|move|p1a: Gardevoir|Moonblast|p2a: Golurk\n|-activate|p2a: Golurk|move: Protect\n|\n|upkeep\n|\n|t:|1776582242\n|switch|p2b: Gallade|Gallade, L50, M|100/100\n|turn|3\n|\n|t:|1776582256\n|move|p1b: Glimmora|Sludge Wave|p2a: Golurk|[spread] p2a,p2b\n|-activate|p1a: Gardevoir|ability: Telepathy\n|-resisted|p2a: Golurk|2\n|-damage|p2a: Golurk|88/100\n|-damage|p2b: Gallade|37/100\n|move|p1a: Gardevoir|Moonblast|p2b: Gallade\n|-supereffective|p2b: Gallade|1\n|-damage|p2b: Gallade|0 fnt\n|faint|p2b: Gallade\n|move|p2a: Golurk|Ice Punch|p1b: Glimmora\n|-damage|p1b: Glimmora|0 fnt\n|faint|p1b: Glimmora\n|\n|upkeep\n|\n|t:|1776582273\n|switch|p1b: Umbreon|Umbreon, L50, M|100/100\n|switch|p2b: Primarina|Primarina, L50, F|100/100\n|turn|4\n|\n|t:|1776582284\n|move|p1a: Gardevoir|Protect|p1a: Gardevoir\n|-singleturn|p1a: Gardevoir|Protect\n|move|p2a: Golurk|Protect|p2a: Golurk\n|-singleturn|p2a: Golurk|Protect\n|move|p1b: Umbreon|Foul Play|p2a: Golurk\n|-activate|p2a: Golurk|move: Protect\n|move|p2b: Primarina|Hyper Voice|p1b: Umbreon|[spread] p1b\n|-activate|p1a: Gardevoir|move: Protect\n|-damage|p1b: Umbreon|73/100\n|\n|upkeep\n|turn|5\n|\n|t:|1776582308\n|move|p1a: Gardevoir|Moonblast|p2b: Primarina\n|-damage|p2b: Primarina|57/100\n|move|p1b: Umbreon|Foul Play|p2a: Golurk\n|-supereffective|p2a: Golurk|1\n|-damage|p2a: Golurk|0 fnt\n|faint|p2a: Golurk\n|move|p2b: Primarina|Hyper Voice|p1a: Gardevoir|[spread] p1a,p1b\n|-damage|p1a: Gardevoir|0 fnt\n|-damage|p1b: Umbreon|50/100\n|faint|p1a: Gardevoir\n|\n|-heal|p2b: Primarina|63/100|[from] item: Leftovers\n|upkeep\n|-message|Danno15 forfeited.\n|\n|win|rikjee\n|raw|rikjee's rating: 1413 &rarr; <strong>1432</strong><br />(+19 for winning)\n|raw|Danno15's rating: 1402 &rarr; <strong>1383</strong><br />(-19 for losing)\n|l|\u2606Danno15\n|player|p2|\n|l|\u2606rikjee\n|player|p1|\n",
  "uploadtime": 1776582333,
  "views": 14,
  "formatid": "gen9championsvgc2026regma",
  "rating": 1383,
  "private": 0,
  "password": null
}