{
  "id": "gen9championsvgc2026regma-2584922196",
  "format": "[Gen 9 Champions] VGC 2026 Reg M-A",
  "players": [
    "Pevar_8",
    "chapstick eater"
  ],
  "log": "|j|\u2606Pevar_8\n|j|\u2606chapstick eater\n|t:|1776294793\n|gametype|doubles\n|player|p1|Pevar_8|266|1139\n|player|p2|chapstick eater|101|1176\n|gen|9\n|tier|[Gen 9 Champions] VGC 2026 Reg M-A\n|rated|\n|rule|Species Clause: Limit one of each Pok\u00e9mon\n|rule|Item Clause: Limit 1 of each item\n|clearpoke\n|poke|p1|Incineroar, L50, F|\n|poke|p1|Gengar, L50, M|\n|poke|p1|Kingambit, L50, M|\n|poke|p1|Corviknight, L50, F|\n|poke|p1|Maushold, L50|\n|poke|p1|Ninetales-Alola, L50, F|\n|poke|p2|Glimmora, L50, F|\n|poke|p2|Primarina, L50, F|\n|poke|p2|Corviknight, L50, F|\n|poke|p2|Ninetales-Alola, L50, F|\n|poke|p2|Whimsicott, L50, F|\n|poke|p2|Garchomp, L50, F|\n|teampreview|4\n|\n|t:|1776294843\n|teamsize|p1|4\n|teamsize|p2|4\n|start\n|switch|p1a: Gengar|Gengar, L50, M, shiny|100/100\n|switch|p1b: Maushold|Maushold, L50|100/100\n|switch|p2a: Glimmora|Glimmora, L50, F|100/100\n|switch|p2b: Whimsicott|Whimsicott, L50, F|100/100\n|turn|1\n|\n|t:|1776294855\n|detailschange|p1a: Gengar|Gengar-Mega, L50, M, shiny\n|-mega|p1a: Gengar|Gengar|Gengarite\n|detailschange|p2a: Glimmora|Glimmora-Mega, L50, F\n|-mega|p2a: Glimmora|Glimmora|Glimmoranite\n|move|p2b: Whimsicott|Protect|p2b: Whimsicott\n|-singleturn|p2b: Whimsicott|Protect\n|move|p2a: Glimmora|Spiky Shield|p2a: Glimmora\n|-singleturn|p2a: Glimmora|move: Protect\n|move|p1b: Maushold|Switcheroo|p2b: Whimsicott\n|-activate|p2b: Whimsicott|move: Protect\n|move|p1a: Gengar|Perish Song|p1a: Gengar\n|-start|p1a: Gengar|perish3|[silent]\n|-start|p1b: Maushold|perish3|[silent]\n|-start|p2a: Glimmora|perish3|[silent]\n|-start|p2b: Whimsicott|perish3|[silent]\n|-fieldactivate|move: Perish Song\n|\n|-start|p1b: Maushold|perish3\n|-start|p1a: Gengar|perish3\n|-start|p2b: Whimsicott|perish3\n|-start|p2a: Glimmora|perish3\n|upkeep\n|turn|2\n|\n|t:|1776294887\n|move|p2b: Whimsicott|Taunt|p1b: Maushold\n|-start|p1b: Maushold|move: Taunt\n|cant|p1b: Maushold|move: Taunt|Switcheroo\n|move|p1a: Gengar|Substitute|p1a: Gengar\n|-start|p1a: Gengar|Substitute\n|-damage|p1a: Gengar|76/100\n|move|p2a: Glimmora|Earth Power|p1a: Gengar\n|-supereffective|p1a: Gengar|1\n|-end|p1a: Gengar|Substitute\n|\n|-start|p1b: Maushold|perish2\n|-start|p1a: Gengar|perish2\n|-start|p2b: Whimsicott|perish2\n|-start|p2a: Glimmora|perish2\n|upkeep\n|turn|3\n|\n|t:|1776294911\n|switch|p1b: Corviknight|Corviknight, L50, F|100/100\n|-ability|p1b: Corviknight|Unnerve\n|move|p1a: Gengar|Protect|p1a: Gengar\n|-singleturn|p1a: Gengar|Protect\n|move|p2b: Whimsicott|Taunt|p1a: Gengar\n|-activate|p1a: Gengar|move: Protect\n|move|p2a: Glimmora|Earth Power|p1a: Gengar\n|-activate|p1a: Gengar|move: Protect\n|\n|-start|p1a: Gengar|perish1\n|-start|p2b: Whimsicott|perish1\n|-start|p2a: Glimmora|perish1\n|upkeep\n|turn|4\n|\n|t:|1776294936\n|switch|p1a: Incineroar|Incineroar, L50, F|100/100\n|-ability|p1a: Incineroar|Intimidate|boost\n|-unboost|p2a: Glimmora|atk|1\n|-unboost|p2b: Whimsicott|atk|1\n|move|p1b: Corviknight|Protect|p1b: Corviknight\n|-singleturn|p1b: Corviknight|Protect\n|move|p2b: Whimsicott|Tailwind|p2b: Whimsicott\n|-sidestart|p2: chapstick eater|move: Tailwind\n|move|p2a: Glimmora|Power Gem|p1a: Incineroar\n|-supereffective|p1a: Incineroar|1\n|-damage|p1a: Incineroar|13/100\n|\n|-start|p2b: Whimsicott|perish0\n|-start|p2a: Glimmora|perish0\n|faint|p2b: Whimsicott\n|faint|p2a: Glimmora\n|upkeep\n|\n|t:|1776294947\n|switch|p2b: Primarina|Primarina, L50, F, shiny|100/100\n|switch|p2a: Corviknight|Corviknight, L50, F|100/100\n|turn|5\n|\n|t:|1776294959\n|switch|p1b: Gengar|Gengar-Mega, L50, M, shiny|76/100\n|move|p1a: Incineroar|Fake Out|p2b: Primarina\n|-damage|p2b: Primarina|86/100\n|move|p2a: Corviknight|Iron Defense|p2a: Corviknight\n|-boost|p2a: Corviknight|def|2\n|cant|p2b: Primarina|flinch\n|\n|-heal|p2b: Primarina|92/100|[from] item: Leftovers\n|upkeep\n|turn|6\n|\n|t:|1776294975\n|switch|p1b: Maushold|Maushold, L50|100/100\n|move|p2a: Corviknight|Iron Head|p1b: Maushold\n|-damage|p1b: Maushold|71/100\n|move|p2b: Primarina|Shadow Ball|p1b: Maushold\n|-immune|p1b: Maushold\n|move|p1a: Incineroar|Parting Shot|p2b: Primarina\n|-unboost|p2b: Primarina|atk|1\n|-unboost|p2b: Primarina|spa|1\n|\n|t:|1776294985\n|switch|p1a: Gengar|Gengar-Mega, L50, M, shiny|76/100|[from] Parting Shot\n|\n|-heal|p2b: Primarina|98/100|[from] item: Leftovers\n|upkeep\n|turn|7\n|\n|t:|1776295013\n|move|p1b: Maushold|Switcheroo|p2b: Primarina\n|-activate|p1b: Maushold|move: Trick|[of] p2b: Primarina\n|-item|p2b: Primarina|Choice Scarf|[from] move: Switcheroo\n|-item|p1b: Maushold|Leftovers|[from] move: Switcheroo\n|move|p2b: Primarina|Shadow Ball|p1a: Gengar\n|-supereffective|p1a: Gengar|1\n|-damage|p1a: Gengar|42/100\n|move|p1a: Gengar|Disable|p2b: Primarina\n|-start|p2b: Primarina|Disable|Shadow Ball\n|move|p2a: Corviknight|Iron Head|p1a: Gengar\n|-damage|p1a: Gengar|17/100\n|\n|-heal|p1b: Maushold|76/100|[from] item: Leftovers\n|-sideend|p2: chapstick eater|move: Tailwind\n|upkeep\n|turn|8\n|\n|t:|1776295033\n|move|p1b: Maushold|Follow Me|p1b: Maushold\n|-singleturn|p1b: Maushold|move: Follow Me\n|move|p1a: Gengar|Perish Song|p1a: Gengar\n|-start|p1a: Gengar|perish3|[silent]\n|-start|p1b: Maushold|perish3|[silent]\n|-start|p2a: Corviknight|perish3|[silent]\n|-start|p2b: Primarina|perish3|[silent]\n|-fieldactivate|move: Perish Song\n|-activate|p2b: Primarina|move: Struggle\n|move|p2b: Primarina|Struggle|p1b: Maushold\n|-damage|p1b: Maushold|69/100\n|-damage|p2b: Primarina|73/100|[from] recoil\n|move|p2a: Corviknight|Iron Head|p1b: Maushold\n|-damage|p1b: Maushold|42/100\n|\n|-heal|p1b: Maushold|48/100|[from] item: Leftovers\n|-start|p1a: Gengar|perish3\n|-start|p1b: Maushold|perish3\n|-start|p2b: Primarina|perish3\n|-start|p2a: Corviknight|perish3\n|upkeep\n|turn|9\n|\n|t:|1776295054\n|move|p1a: Gengar|Disable|p2a: Corviknight\n|-start|p2a: Corviknight|Disable|Iron Head\n|move|p1b: Maushold|Encore|p2a: Corviknight\n|-start|p2a: Corviknight|Encore\n|-activate|p2b: Primarina|move: Struggle\n|move|p2b: Primarina|Struggle|p1a: Gengar\n|-damage|p1a: Gengar|11/100\n|-damage|p2b: Primarina|48/100|[from] recoil\n|cant|p2a: Corviknight|Disable|Iron Head\n|\n|-heal|p1b: Maushold|53/100|[from] item: Leftovers\n|-start|p1a: Gengar|perish2\n|-start|p1b: Maushold|perish2\n|-start|p2b: Primarina|perish2\n|-start|p2a: Corviknight|perish2\n|upkeep\n|turn|10\n|\n|t:|1776295069\n|move|p1a: Gengar|Protect|p1a: Gengar\n|-singleturn|p1a: Gengar|Protect\n|move|p1b: Maushold|Protect|p1b: Maushold\n|-singleturn|p1b: Maushold|Protect\n|-activate|p2b: Primarina|move: Struggle\n|move|p2b: Primarina|Struggle|p1a: Gengar\n|-activate|p1a: Gengar|move: Protect\n|-activate|p2a: Corviknight|move: Struggle\n|move|p2a: Corviknight|Struggle|p1b: Maushold\n|-activate|p1b: Maushold|move: Protect\n|\n|-heal|p1b: Maushold|59/100|[from] item: Leftovers\n|-start|p1a: Gengar|perish1\n|-start|p1b: Maushold|perish1\n|-start|p2b: Primarina|perish1\n|-start|p2a: Corviknight|perish1\n|upkeep\n|turn|11\n|inactive|Battle timer is ON: inactive players will automatically lose when time's up. (requested by Pevar_8)\n|\n|t:|1776295194\n|switch|p1a: Corviknight|Corviknight, L50, F|100/100\n|-ability|p1a: Corviknight|Unnerve\n|switch|p1b: Incineroar|Incineroar, L50, F|13/100\n|-ability|p1b: Incineroar|Intimidate|boost\n|-ability|p2a: Corviknight|Mirror Armor\n|-unboost|p1b: Incineroar|atk|1\n|-unboost|p2b: Primarina|atk|1\n|-activate|p2b: Primarina|move: Struggle\n|move|p2b: Primarina|Struggle|p1a: Corviknight\n|-damage|p1a: Corviknight|97/100\n|-damage|p2b: Primarina|22/100|[from] recoil\n|-activate|p2a: Corviknight|move: Struggle\n|move|p2a: Corviknight|Struggle|p1b: Incineroar\n|-damage|p1b: Incineroar|4/100\n|-damage|p2a: Corviknight|76/100|[from] recoil\n|\n|-heal|p1a: Corviknight|100/100|[from] item: Leftovers\n|-end|p2a: Corviknight|Encore\n|-end|p2b: Primarina|Disable\n|-start|p2b: Primarina|perish0\n|-start|p2a: Corviknight|perish0\n|upkeep\n|faint|p2b: Primarina\n|faint|p2a: Corviknight\n|\n|win|Pevar_8\n|raw|Pevar_8's rating: 1139 &rarr; <strong>1167</strong><br />(+28 for winning)\n|raw|chapstick eater's rating: 1176 &rarr; <strong>1148</strong><br />(-28 for losing)\n|l|\u2606chapstick eater\n|player|p2|\n",
  "uploadtime": 1776295216,
  "views": 24,
  "formatid": "gen9championsvgc2026regma",
  "rating": 1148,
  "private": 0,
  "password": null
}