{
  "id": "gen9championsvgc2026regma-2585971446",
  "format": "[Gen 9 Champions] VGC 2026 Reg M-A",
  "players": [
    "LeoFall2296",
    "zestyzext"
  ],
  "log": "|j|\u2606LeoFall2296\n|j|\u2606zestyzext\n|t:|1776386330\n|gametype|doubles\n|player|p1|LeoFall2296|169|1046\n|player|p2|zestyzext|101|1000\n|gen|9\n|tier|[Gen 9 Champions] VGC 2026 Reg M-A\n|rated|\n|rule|Species Clause: Limit one of each Pok\u00e9mon\n|rule|Item Clause: Limit 1 of each item\n|clearpoke\n|poke|p1|Charizard, L50, M|\n|poke|p1|Venusaur, L50, F|\n|poke|p1|Sneasler, L50, F|\n|poke|p1|Whimsicott, L50, F|\n|poke|p1|Archaludon, L50, M|\n|poke|p1|Milotic, L50, M|\n|poke|p2|Basculegion, L50, M|\n|poke|p2|Garchomp, L50, M|\n|poke|p2|Kingambit, L50, F|\n|poke|p2|Sneasler, L50, M|\n|poke|p2|Clefable, L50, F|\n|poke|p2|Delphox, L50, F|\n|teampreview|4\n|\n|t:|1776386361\n|teamsize|p1|4\n|teamsize|p2|4\n|start\n|switch|p1a: Whimsicott|Whimsicott, L50, F|100/100\n|switch|p1b: Milotic|Milotic, L50, M|100/100\n|switch|p2a: Basculegion|Basculegion, L50, M|100/100\n|switch|p2b: Garchomp|Garchomp, L50, M|100/100\n|turn|1\n|\n|t:|1776386375\n|detailschange|p2b: Garchomp|Garchomp-Mega, L50, M\n|-mega|p2b: Garchomp|Garchomp|Garchompite\n|move|p2a: Basculegion|Flip Turn|p1a: Whimsicott\n|-resisted|p1a: Whimsicott|1\n|-damage|p1a: Whimsicott|77/100\n|\n|t:|1776386381\n|switch|p2a: Clefable|Clefable, L50, F|100/100|[from] Flip Turn\n|move|p1a: Whimsicott|Moonblast|p2b: Garchomp\n|-supereffective|p2b: Garchomp|1\n|-damage|p2b: Garchomp|33/100\n|-unboost|p2b: Garchomp|spa|1\n|move|p2b: Garchomp|Rock Slide|p1a: Whimsicott|[spread] p1b\n|-miss|p2b: Garchomp|p1a: Whimsicott\n|-damage|p1b: Milotic|74/100\n|move|p1b: Milotic|Icy Wind|p2b: Garchomp|[spread] p2a,p2b\n|-supereffective|p2b: Garchomp|2\n|-damage|p2a: Clefable|91/100\n|-damage|p2b: Garchomp|0 fnt\n|-unboost|p2a: Clefable|spe|1\n|faint|p2b: Garchomp\n|\n|-heal|p1b: Milotic|80/100|[from] item: Leftovers\n|upkeep\n|\n|t:|1776386394\n|switch|p2b: Sneasler|Sneasler, L50, M|100/100\n|turn|2\n|\n|t:|1776386408\n|move|p2a: Clefable|Follow Me|p2a: Clefable\n|-singleturn|p2a: Clefable|move: Follow Me\n|move|p1a: Whimsicott|Tailwind|p1a: Whimsicott\n|-sidestart|p1: LeoFall2296|move: Tailwind\n|move|p1b: Milotic|Life Dew|p1b: Milotic|[spread] p1a,p1b\n|-heal|p1a: Whimsicott|100/100\n|-heal|p1b: Milotic|100/100\n|move|p2b: Sneasler|Dire Claw|p1a: Whimsicott\n|-supereffective|p1a: Whimsicott|2\n|-enditem|p1a: Whimsicott|Focus Sash\n|-damage|p1a: Whimsicott|1/100\n|\n|upkeep\n|turn|3\n|\n|t:|1776386428\n|move|p2a: Clefable|Follow Me|p2a: Clefable\n|-singleturn|p2a: Clefable|move: Follow Me\n|move|p1a: Whimsicott|Endeavor|p2a: Clefable\n|-damage|p2a: Clefable|1/100\n|-enditem|p2a: Clefable|Sitrus Berry|[eat]\n|-heal|p2a: Clefable|26/100|[from] item: Sitrus Berry\n|move|p1b: Milotic|Icy Wind|p2a: Clefable|[spread] p2a\n|-miss|p1b: Milotic|p2b: Sneasler\n|-damage|p2a: Clefable|16/100\n|-unboost|p2a: Clefable|spe|1\n|move|p2b: Sneasler|Close Combat|p1b: Milotic\n|-damage|p1b: Milotic|33/100\n|-unboost|p2b: Sneasler|def|1\n|-unboost|p2b: Sneasler|spd|1\n|-enditem|p2b: Sneasler|White Herb\n|-clearnegativeboost|p2b: Sneasler|[silent]\n|\n|-heal|p1b: Milotic|39/100|[from] item: Leftovers\n|upkeep\n|turn|4\n|\n|t:|1776386456\n|move|p1b: Milotic|Protect|p1b: Milotic\n|-singleturn|p1b: Milotic|Protect\n|move|p2a: Clefable|Follow Me|p2a: Clefable\n|-singleturn|p2a: Clefable|move: Follow Me\n|move|p1a: Whimsicott|Endeavor|p2a: Clefable\n|-damage|p2a: Clefable|1/100\n|move|p2b: Sneasler|Dire Claw|p1b: Milotic\n|-activate|p1b: Milotic|move: Protect\n|\n|-heal|p1b: Milotic|45/100|[from] item: Leftovers\n|upkeep\n|turn|5\n|\n|t:|1776386483\n|move|p2a: Clefable|Follow Me|p2a: Clefable\n|-singleturn|p2a: Clefable|move: Follow Me\n|move|p1a: Whimsicott|Endeavor|p2a: Clefable\n|-immune|p2a: Clefable\n|move|p2b: Sneasler|Dire Claw|p1a: Whimsicott\n|-supereffective|p1a: Whimsicott|2\n|-damage|p1a: Whimsicott|0 fnt\n|faint|p1a: Whimsicott\n|move|p1b: Milotic|Icy Wind|p2b: Sneasler|[spread] p2a,p2b\n|-damage|p2a: Clefable|0 fnt\n|-damage|p2b: Sneasler|88/100\n|-unboost|p2b: Sneasler|spe|1\n|faint|p2a: Clefable\n|\n|-heal|p1b: Milotic|51/100|[from] item: Leftovers\n|-sideend|p1: LeoFall2296|move: Tailwind\n|upkeep\n|\n|t:|1776386497\n|switch|p1a: Sneasler|Sneasler, L50, F|100/100\n|switch|p2a: Basculegion|Basculegion, L50, M|100/100\n|turn|6\n|\n|t:|1776386512\n|move|p2b: Sneasler|Protect|p2b: Sneasler\n|-singleturn|p2b: Sneasler|Protect\n|move|p1a: Sneasler|Fake Out|p2b: Sneasler\n|-activate|p2b: Sneasler|move: Protect\n|move|p2a: Basculegion|Last Respects|p1b: Milotic\n|-damage|p1b: Milotic|0 fnt\n|faint|p1b: Milotic\n|\n|upkeep\n|\n|t:|1776386522\n|switch|p1b: Charizard|Charizard, L50, M|100/100\n|turn|7\n|\n|t:|1776386546\n|detailschange|p1b: Charizard|Charizard-Mega-X, L50, M\n|-mega|p1b: Charizard|Charizard|Charizardite X\n|move|p2b: Sneasler|Dire Claw|p1b: Charizard\n|-damage|p1b: Charizard|55/100\n|move|p2a: Basculegion|Last Respects|p1a: Sneasler\n|-damage|p1a: Sneasler|0 fnt\n|faint|p1a: Sneasler\n|move|p1b: Charizard|Dragon Claw|p2b: Sneasler\n|-damage|p2b: Sneasler|0 fnt\n|faint|p2b: Sneasler\n|\n|upkeep\n|turn|8\n|\n|t:|1776386561\n|move|p2a: Basculegion|Last Respects|p1b: Charizard\n|-damage|p1b: Charizard|0 fnt\n|faint|p1b: Charizard\n|\n|win|zestyzext\n|raw|LeoFall2296's rating: 1046 &rarr; <strong>1027</strong><br />(-19 for losing)\n|raw|zestyzext's rating: 1000 &rarr; <strong>1045</strong><br />(+45 for winning)\n",
  "uploadtime": 1776386567,
  "views": 32,
  "formatid": "gen9championsvgc2026regma",
  "rating": 1027,
  "private": 0,
  "password": null
}