{
  "id": "gen9championsvgc2026regma-2584206435",
  "format": "[Gen 9 Champions] VGC 2026 Reg M-A",
  "players": [
    "RandomGuyInSchool",
    "apoted"
  ],
  "log": "|j|\u2606RandomGuyInSchool\n|j|\u2606apoted\n|t:|1776238145\n|gametype|doubles\n|player|p1|RandomGuyInSchool|schoolkid-gen4|1115\n|player|p2|apoted|266|1215\n|gen|9\n|tier|[Gen 9 Champions] VGC 2026 Reg M-A\n|rated|\n|rule|Species Clause: Limit one of each Pok\u00e9mon\n|rule|Item Clause: Limit 1 of each item\n|clearpoke\n|poke|p1|Incineroar, L50, M|\n|poke|p1|Farigiraf, L50, M|\n|poke|p1|Whimsicott, L50, M|\n|poke|p1|Gengar, L50, M|\n|poke|p1|Kingambit, L50, F|\n|poke|p1|Rotom-Wash, L50|\n|poke|p2|Tyranitar, L50, F|\n|poke|p2|Excadrill, L50, M|\n|poke|p2|Sinistcha, L50|\n|poke|p2|Corviknight, L50, F|\n|poke|p2|Garchomp, L50, M|\n|poke|p2|Sneasler, L50, M|\n|teampreview|4\n|inactive|Battle timer is ON: inactive players will automatically lose when time's up. (requested by apoted)\n|inactive|RandomGuyInSchool also wants the timer to be on.\napoted has agreed to open team sheets.\nRandomGuyInSchool rejected open team sheets.\n|inactive|RandomGuyInSchool has 60 seconds left.\n|inactive|RandomGuyInSchool has 30 seconds left.\n|inactive|RandomGuyInSchool has 20 seconds left.\n|\n|t:|1776238219\n|teamsize|p1|4\n|teamsize|p2|4\n|start\n|switch|p1a: Rotom|Rotom-Wash, L50|100/100\n|switch|p1b: Incineroar|Incineroar, L50, M|100/100\n|switch|p2a: Corviknight|Corviknight, L50, F|100/100\n|switch|p2b: Tyranitar|Tyranitar, L50, F|100/100\n|-weather|Sandstorm|[from] ability: Sand Stream|[of] p2b: Tyranitar\n|-ability|p1b: Incineroar|Intimidate|boost\n|-ability|p2a: Corviknight|Mirror Armor\n|-unboost|p1b: Incineroar|atk|1\n|-unboost|p2b: Tyranitar|atk|1\n|turn|1\n|\n|t:|1776238241\n|detailschange|p2b: Tyranitar|Tyranitar-Mega, L50, F\n|-mega|p2b: Tyranitar|Tyranitar|Tyranitarite\n|move|p1b: Incineroar|Fake Out|p2b: Tyranitar\n|-resisted|p2b: Tyranitar|1\n|-damage|p2b: Tyranitar|99/100\n|move|p1a: Rotom|Will-O-Wisp|p2a: Corviknight\n|-status|p2a: Corviknight|brn\n|move|p2a: Corviknight|Iron Defense|p2a: Corviknight\n|-boost|p2a: Corviknight|def|2\n|cant|p2b: Tyranitar|flinch\n|\n|-weather|Sandstorm|[upkeep]\n|-damage|p1a: Rotom|95/100|[from] Sandstorm\n|-damage|p1b: Incineroar|95/100|[from] Sandstorm\n|-damage|p2a: Corviknight|95/100 brn|[from] brn\n|upkeep\n|turn|2\n|\n|t:|1776238266\n|move|p2b: Tyranitar|Protect|p2b: Tyranitar\n|-singleturn|p2b: Tyranitar|Protect\n|move|p1a: Rotom|Will-O-Wisp|p2b: Tyranitar\n|-activate|p2b: Tyranitar|move: Protect\n|move|p2a: Corviknight|Tailwind|p2a: Corviknight\n|-sidestart|p2: apoted|move: Tailwind\n|move|p1b: Incineroar|Taunt|p2a: Corviknight\n|-start|p2a: Corviknight|move: Taunt\n|\n|-weather|Sandstorm|[upkeep]\n|-damage|p1a: Rotom|89/100|[from] Sandstorm\n|-damage|p1b: Incineroar|89/100|[from] Sandstorm\n|-damage|p2a: Corviknight|89/100 brn|[from] brn\n|upkeep\n|turn|3\n|\n|t:|1776238283\n|move|p1a: Rotom|Will-O-Wisp|p2b: Tyranitar\n|-status|p2b: Tyranitar|brn\n|move|p2a: Corviknight|Body Press|p1a: Rotom\n|-damage|p1a: Rotom|68/100\n|move|p2b: Tyranitar|Knock Off|p1a: Rotom\n|-damage|p1a: Rotom|45/100\n|-enditem|p1a: Rotom|Choice Scarf|[from] move: Knock Off|[of] p2b: Tyranitar\n|move|p1b: Incineroar|Parting Shot|p2b: Tyranitar\n|-unboost|p2b: Tyranitar|atk|1\n|-unboost|p2b: Tyranitar|spa|1\n|\n|t:|1776238298\n|switch|p1b: Gengar|Gengar, L50, M|100/100|[from] Parting Shot\n|\n|-weather|Sandstorm|[upkeep]\n|-damage|p1b: Gengar|95/100|[from] Sandstorm\n|-damage|p1a: Rotom|39/100|[from] Sandstorm\n|-damage|p2a: Corviknight|83/100 brn|[from] brn\n|-damage|p2b: Tyranitar|93/100 brn|[from] brn\n|upkeep\n|turn|4\n|\n|t:|1776238317\n|switch|p2b: Excadrill|Excadrill, L50, M|100/100\n|switch|p1b: Incineroar|Incineroar, L50, M|89/100\n|-ability|p1b: Incineroar|Intimidate|boost\n|-ability|p2a: Corviknight|Mirror Armor\n|-unboost|p1b: Incineroar|atk|1\n|-unboost|p2b: Excadrill|atk|1\n|move|p2a: Corviknight|Body Press|p1a: Rotom\n|-damage|p1a: Rotom|16/100\n|move|p1a: Rotom|Thunderbolt|p2a: Corviknight\n|-supereffective|p2a: Corviknight|1\n|-damage|p2a: Corviknight|26/100 brn\n|-enditem|p2a: Corviknight|Sitrus Berry|[eat]\n|-heal|p2a: Corviknight|51/100 brn|[from] item: Sitrus Berry\n|\n|-weather|Sandstorm|[upkeep]\n|-damage|p1a: Rotom|10/100|[from] Sandstorm\n|-damage|p1b: Incineroar|83/100|[from] Sandstorm\n|-damage|p2a: Corviknight|45/100 brn|[from] brn\n|upkeep\n|turn|5\n|inactive|RandomGuyInSchool has 30 seconds left.\n|\n|t:|1776238349\n|switch|p2b: Sinistcha|Sinistcha, L50|100/100\n|-heal|p2a: Corviknight|70/100 brn|[from] ability: Hospitality|[of] p2b: Sinistcha\n|move|p1b: Incineroar|Fake Out|p2a: Corviknight\n|-resisted|p2a: Corviknight|1\n|-damage|p2a: Corviknight|69/100 brn\n|cant|p2a: Corviknight|flinch\n|move|p1a: Rotom|Will-O-Wisp|p2b: Sinistcha\n|-status|p2b: Sinistcha|brn\n|\n|-weather|none\n|-damage|p2a: Corviknight|63/100 brn|[from] brn\n|-damage|p2b: Sinistcha|94/100 brn|[from] brn\n|-end|p2a: Corviknight|move: Taunt\n|-sideend|p2: apoted|move: Tailwind\n|upkeep\n|turn|6\n|\n|t:|1776238366\n|switch|p1a: Gengar|Gengar, L50, M|95/100\n|move|p2a: Corviknight|Tailwind|p2a: Corviknight\n|-sidestart|p2: apoted|move: Tailwind\n|move|p2b: Sinistcha|Matcha Gotcha|p1b: Incineroar|[spread] p1a,p1b\n|-resisted|p1a: Gengar|1\n|-resisted|p1b: Incineroar|1\n|-damage|p1a: Gengar|74/100\n|-heal|p2b: Sinistcha|100/100 brn|[from] drain|[of] p1a: Gengar\n|-damage|p1b: Incineroar|74/100\n|move|p1b: Incineroar|Taunt|p2a: Corviknight\n|-start|p2a: Corviknight|move: Taunt\n|\n|-damage|p2a: Corviknight|57/100 brn|[from] brn\n|-damage|p2b: Sinistcha|94/100 brn|[from] brn\n|upkeep\n|turn|7\n|\n|t:|1776238391\n|detailschange|p1a: Gengar|Gengar-Mega, L50, M\n|-mega|p1a: Gengar|Gengar|Gengarite\n|move|p1a: Gengar|Protect|p1a: Gengar\n|-singleturn|p1a: Gengar|Protect\n|move|p2b: Sinistcha|Protect|p2b: Sinistcha\n|-singleturn|p2b: Sinistcha|Protect\n|move|p2a: Corviknight|Body Press|p1b: Incineroar\n|-supereffective|p1b: Incineroar|1\n|-crit|p1b: Incineroar\n|-damage|p1b: Incineroar|16/100\n|-enditem|p1b: Incineroar|Sitrus Berry|[eat]\n|-heal|p1b: Incineroar|41/100|[from] item: Sitrus Berry\n|move|p1b: Incineroar|Parting Shot|p2b: Sinistcha\n|-activate|p2b: Sinistcha|move: Protect\n|\n|-damage|p2a: Corviknight|51/100 brn|[from] brn\n|-damage|p2b: Sinistcha|88/100 brn|[from] brn\n|upkeep\n|turn|8\n|\n|t:|1776238413\n|move|p1a: Gengar|Shadow Ball|p2b: Sinistcha\n|-supereffective|p2b: Sinistcha|1\n|-damage|p2b: Sinistcha|0 fnt\n|faint|p2b: Sinistcha\n|move|p2a: Corviknight|Body Press|p1b: Incineroar\n|-supereffective|p1b: Incineroar|1\n|-damage|p1b: Incineroar|0 fnt\n|faint|p1b: Incineroar\n|\n|-damage|p2a: Corviknight|45/100 brn|[from] brn\n|upkeep\n|\n|t:|1776238428\n|switch|p2b: Tyranitar|Tyranitar-Mega, L50, F|93/100 brn\n|switch|p1b: Whimsicott|Whimsicott, L50, M|100/100\n|-weather|Sandstorm|[from] ability: Sand Stream|[of] p2b: Tyranitar\n|turn|9\n|inactive|RandomGuyInSchool has 30 seconds left.\n|inactive|RandomGuyInSchool has 20 seconds left.\n|\n|t:|1776238469\n|move|p1a: Gengar|Protect|p1a: Gengar\n|-singleturn|p1a: Gengar|Protect\n|move|p2a: Corviknight|Body Press|p1b: Whimsicott\n|-resisted|p1b: Whimsicott|1\n|-damage|p1b: Whimsicott|84/100\n|move|p2b: Tyranitar|Knock Off|p1a: Gengar\n|-activate|p1a: Gengar|move: Protect\n|move|p1b: Whimsicott|Moonblast|p2b: Tyranitar\n|-supereffective|p2b: Tyranitar|1\n|-damage|p2b: Tyranitar|57/100 brn\n|\n|-weather|Sandstorm|[upkeep]\n|-damage|p1a: Gengar|68/100|[from] Sandstorm\n|-damage|p1b: Whimsicott|78/100|[from] Sandstorm\n|-damage|p2a: Corviknight|40/100 brn|[from] brn\n|-damage|p2b: Tyranitar|51/100 brn|[from] brn\n|-end|p2a: Corviknight|move: Taunt\n|-sideend|p2: apoted|move: Tailwind\n|upkeep\n|turn|10\n|inactive|apoted has 30 seconds left.\n|inactive|RandomGuyInSchool has 30 seconds left.\n|\n|t:|1776238511\n|switch|p1a: Rotom|Rotom-Wash, L50|10/100\n|move|p1b: Whimsicott|Moonblast|p2b: Tyranitar\n|-supereffective|p2b: Tyranitar|1\n|-damage|p2b: Tyranitar|16/100 brn\n|move|p2a: Corviknight|Tailwind|p2a: Corviknight\n|-sidestart|p2: apoted|move: Tailwind\n|move|p2b: Tyranitar|Knock Off|p1a: Rotom\n|-damage|p1a: Rotom|0 fnt\n|faint|p1a: Rotom\n|\n|-weather|Sandstorm|[upkeep]\n|-damage|p1b: Whimsicott|72/100|[from] Sandstorm\n|-damage|p2a: Corviknight|34/100 brn|[from] brn\n|-damage|p2b: Tyranitar|11/100 brn|[from] brn\n|upkeep\n|\n|t:|1776238521\n|switch|p1a: Gengar|Gengar-Mega, L50, M|68/100\n|turn|11\n|inactive|RandomGuyInSchool has 30 seconds left.\n|\n|t:|1776238554\n|move|p1a: Gengar|Protect|p1a: Gengar\n|-singleturn|p1a: Gengar|Protect\n|move|p1b: Whimsicott|Tailwind|p1b: Whimsicott\n|-sidestart|p1: RandomGuyInSchool|move: Tailwind\n|move|p2a: Corviknight|Roost|p2a: Corviknight\n|-heal|p2a: Corviknight|84/100 brn\n|-singleturn|p2a: Corviknight|move: Roost\n|move|p2b: Tyranitar|Rock Slide|p1a: Gengar|[spread] p1b\n|-activate|p1a: Gengar|move: Protect\n|-damage|p1b: Whimsicott|45/100\n|\n|-weather|Sandstorm|[upkeep]\n|-damage|p1a: Gengar|63/100|[from] Sandstorm\n|-damage|p1b: Whimsicott|39/100|[from] Sandstorm\n|-damage|p2a: Corviknight|78/100 brn|[from] brn\n|-damage|p2b: Tyranitar|5/100 brn|[from] brn\n|upkeep\n|turn|12\n|inactive|apoted has 30 seconds left.\n|inactive|RandomGuyInSchool has 30 seconds left.\n|inactive|RandomGuyInSchool has 20 seconds left.\n|inactive|RandomGuyInSchool has 15 seconds left.\n|\n|t:|1776238605\n|move|p1b: Whimsicott|Encore|p2a: Corviknight\n|-start|p2a: Corviknight|Encore\n|move|p1a: Gengar|Shadow Ball|p2b: Tyranitar\n|-resisted|p2b: Tyranitar|1\n|-damage|p2b: Tyranitar|0 fnt\n|faint|p2b: Tyranitar\n|move|p2a: Corviknight|Roost|p2a: Corviknight\n|-heal|p2a: Corviknight|100/100 brn\n|-singleturn|p2a: Corviknight|move: Roost\n|\n|-weather|Sandstorm|[upkeep]\n|-damage|p1a: Gengar|57/100|[from] Sandstorm\n|-damage|p1b: Whimsicott|33/100|[from] Sandstorm\n|-damage|p2a: Corviknight|95/100 brn|[from] brn\n|upkeep\n|\n|t:|1776238614\n|switch|p2b: Excadrill|Excadrill, L50, M|100/100\n|turn|13\n|\n|t:|1776238627\n|move|p1b: Whimsicott|Protect|p1b: Whimsicott\n|-singleturn|p1b: Whimsicott|Protect\n|move|p1a: Gengar|Protect|p1a: Gengar\n|-singleturn|p1a: Gengar|Protect\n|move|p2b: Excadrill|Iron Head|p1b: Whimsicott\n|-activate|p1b: Whimsicott|move: Protect\n|move|p2a: Corviknight|Roost|p2a: Corviknight\n|-heal|p2a: Corviknight|100/100 brn\n|-singleturn|p2a: Corviknight|move: Roost\n|\n|-weather|none\n|-damage|p2a: Corviknight|95/100 brn|[from] brn\n|-sideend|p2: apoted|move: Tailwind\n|upkeep\n|turn|14\n|inactive|RandomGuyInSchool has 30 seconds left.\n|l|\u2606RandomGuyInSchool\n|inactive|RandomGuyInSchool disconnected and has a minute to reconnect!\n|player|p1|\n|j|\u2606RandomGuyInSchool\n|inactive|RandomGuyInSchool reconnected and has 25 seconds left.\n|player|p1|RandomGuyInSchool|schoolkid-gen4|\n|inactive|RandomGuyInSchool has 20 seconds left.\n|inactive|RandomGuyInSchool has 15 seconds left.\n|\n|t:|1776238668\n|move|p1a: Gengar|Shadow Ball|p2b: Excadrill\n|-damage|p2b: Excadrill|37/100\n|move|p1b: Whimsicott|Moonblast|p2b: Excadrill\n|-resisted|p2b: Excadrill|1\n|-damage|p2b: Excadrill|11/100\n|move|p2b: Excadrill|Iron Head|p1b: Whimsicott\n|-supereffective|p1b: Whimsicott|1\n|-damage|p1b: Whimsicott|0 fnt\n|faint|p1b: Whimsicott\n|move|p2a: Corviknight|Roost|p2a: Corviknight\n|-heal|p2a: Corviknight|100/100 brn\n|-singleturn|p2a: Corviknight|move: Roost\n|\n|-damage|p2a: Corviknight|95/100 brn|[from] brn\n|-end|p2a: Corviknight|Encore\n|-sideend|p1: RandomGuyInSchool|move: Tailwind\n|upkeep\n|turn|15\n|\n|t:|1776238685\n|move|p2b: Excadrill|Protect|p2b: Excadrill\n|-singleturn|p2b: Excadrill|Protect\n|move|p1a: Gengar|Shadow Ball|p2b: Excadrill\n|-activate|p2b: Excadrill|move: Protect\n|move|p2a: Corviknight|Tailwind|p2a: Corviknight\n|-sidestart|p2: apoted|move: Tailwind\n|\n|-damage|p2a: Corviknight|89/100 brn|[from] brn\n|upkeep\n|turn|16\n|\n|t:|1776238698\n|move|p1a: Gengar|Protect|p1a: Gengar\n|-singleturn|p1a: Gengar|Protect\n|move|p2b: Excadrill|High Horsepower|p1a: Gengar\n|-activate|p1a: Gengar|move: Protect\n|move|p2a: Corviknight|Iron Defense|p2a: Corviknight\n|-boost|p2a: Corviknight|def|2\n|\n|-damage|p2a: Corviknight|83/100 brn|[from] brn\n|upkeep\n|turn|17\n|\n|t:|1776238710\n|move|p2b: Excadrill|High Horsepower|p1a: Gengar\n|-supereffective|p1a: Gengar|1\n|-damage|p1a: Gengar|0 fnt\n|faint|p1a: Gengar\n|\n|win|apoted\n|raw|RandomGuyInSchool's rating: 1115 &rarr; <strong>1097</strong><br />(-18 for losing)\n|raw|apoted's rating: 1215 &rarr; <strong>1233</strong><br />(+18 for winning)\n",
  "uploadtime": 1776238713,
  "views": 15,
  "formatid": "gen9championsvgc2026regma",
  "rating": 1097,
  "private": 0,
  "password": null
}