{
  "id": "gen9championsvgc2026regma-2588310352",
  "format": "[Gen 9 Champions] VGC 2026 Reg M-A",
  "players": [
    "jonathan53332",
    "linkmasterjr"
  ],
  "log": "|j|\u2606jonathan53332\n|j|\u2606linkmasterjr\n|html|<table width=\"100%\"><tr><td align=\"left\">jonathan53332</td><td align=\"right\">linkmasterjr</tr><tr><td align=\"left\"><i class=\"fa fa-circle-o\"></i> <i class=\"fa fa-circle-o\"></i> </td><td align=\"right\"><i class=\"fa fa-circle-o\"></i> <i class=\"fa fa-circle-o\"></i> </tr></table>\n|uhtml|bestof|<h2><strong>Game 1</strong> of <a href=\"/game-bestof3-gen9championsvgc2026regma-2588310351\">a best-of-3</a></h2>\n|t:|1776623019\n|gametype|doubles\n|player|p1|jonathan53332|2|\n|player|p2|linkmasterjr|102|\n|gen|9\n|tier|[Gen 9 Champions] VGC 2026 Reg M-A\n|rule|Species Clause: Limit one of each Pok\u00e9mon\n|rule|Item Clause: Limit 1 of each item\n|raw|<div class=\"infobox\"><details class=\"readmore\" open><summary><strong>1 custom rule:</strong></summary> Best of = 3</details></div>\n|clearpoke\n|poke|p1|Meganium, L50, M, shiny|\n|poke|p1|Pelipper, L50, F|\n|poke|p1|Primarina, L50, F|\n|poke|p1|Sinistcha-Masterpiece, L50, shiny|\n|poke|p1|Archaludon, L50, F, shiny|\n|poke|p1|Empoleon, L50, F|\n|poke|p2|Gengar, L50, F|\n|poke|p2|Primarina, L50, M|\n|poke|p2|Armarouge, L50, M|\n|poke|p2|Archaludon, L50, M|\n|poke|p2|Kingambit, L50, M|\n|poke|p2|Sylveon, L50, M|\n|teampreview|4\n|\n|t:|1776623068\n|teamsize|p1|4\n|teamsize|p2|4\n|start\n|switch|p1a: Meganium|Meganium, L50, M, shiny|100/100\n|switch|p1b: Pelipper|Pelipper, L50, F|100/100\n|switch|p2a: Archaludon|Archaludon, L50, M|100/100\n|switch|p2b: Gengar|Gengar, L50, F|100/100\n|-weather|RainDance|[from] ability: Drizzle|[of] p1b: Pelipper\n|turn|1\n|\n|t:|1776623091\n|detailschange|p2b: Gengar|Gengar-Mega, L50, F\n|-mega|p2b: Gengar|Gengar|Gengarite\n|detailschange|p1a: Meganium|Meganium-Mega, L50, M, shiny\n|-mega|p1a: Meganium|Meganium|Meganiumite\n|move|p1b: Pelipper|Wide Guard|p1b: Pelipper\n|-singleturn|p1b: Pelipper|Wide Guard\n|move|p2b: Gengar|Sludge Wave|p1a: Meganium|[spread] \n|-activate|p1a: Meganium|move: Wide Guard\n|-activate|p1b: Pelipper|move: Wide Guard\n|-immune|p2a: Archaludon\n|move|p1a: Meganium|Weather Ball|p2a: Archaludon\n|-damage|p2a: Archaludon|41/100\n|-ability|p2a: Archaludon|Stamina|boost\n|-boost|p2a: Archaludon|def|1\n|-enditem|p2a: Archaludon|Sitrus Berry|[eat]\n|-heal|p2a: Archaludon|65/100|[from] item: Sitrus Berry\n|move|p2a: Archaludon|Thunderbolt|p1b: Pelipper\n|-supereffective|p1b: Pelipper|2\n|-enditem|p1b: Pelipper|Focus Sash\n|-damage|p1b: Pelipper|1/100\n|\n|-weather|RainDance|[upkeep]\n|upkeep\n|turn|2\n|l|\u2606jonathan53332\n|player|p1|\n|j|\u2606jonathan53332\n|player|p1|jonathan53332|2|\n|\n|t:|1776623213\n|move|p2a: Archaludon|Protect|p2a: Archaludon\n|-singleturn|p2a: Archaludon|Protect\n|move|p1b: Pelipper|Wide Guard|p1b: Pelipper\n|-singleturn|p1b: Pelipper|Wide Guard\n|move|p2b: Gengar|Toxic|p1a: Meganium\n|-status|p1a: Meganium|tox\n|move|p1a: Meganium|Weather Ball|p2a: Archaludon\n|-activate|p2a: Archaludon|move: Protect\n|\n|-weather|RainDance|[upkeep]\n|-damage|p1a: Meganium|95/100 tox|[from] psn\n|upkeep\n|turn|3\n|\n|t:|1776623254\n|move|p1b: Pelipper|Wide Guard|p1b: Pelipper\n|-singleturn|p1b: Pelipper|Wide Guard\n|move|p2b: Gengar|Shadow Ball|p1a: Meganium\n|-damage|p1a: Meganium|39/100 tox\n|move|p1a: Meganium|Weather Ball|p2b: Gengar\n|-damage|p2b: Gengar|26/100\n|move|p2a: Archaludon|Thunderbolt|p1b: Pelipper\n|-supereffective|p1b: Pelipper|2\n|-damage|p1b: Pelipper|0 fnt\n|faint|p1b: Pelipper\n|\n|-weather|RainDance|[upkeep]\n|-damage|p1a: Meganium|27/100 tox|[from] psn\n|upkeep\n|\n|t:|1776623265\n|switch|p1b: Empoleon|Empoleon, L50, F|100/100\n|turn|4\n|\n|t:|1776623276\n|move|p1b: Empoleon|Vacuum Wave|p2a: Archaludon\n|-supereffective|p2a: Archaludon|1\n|-crit|p2a: Archaludon\n|-damage|p2a: Archaludon|16/100\n|-ability|p2a: Archaludon|Stamina|boost\n|-boost|p2a: Archaludon|def|1\n|move|p2b: Gengar|Thunderbolt|p1b: Empoleon\n|-supereffective|p1b: Empoleon|1\n|-damage|p1b: Empoleon|22/100\n|move|p1a: Meganium|Weather Ball|p2b: Gengar\n|-damage|p2b: Gengar|0 fnt\n|faint|p2b: Gengar\n|move|p2a: Archaludon|Aura Sphere|p1b: Empoleon\n|-supereffective|p1b: Empoleon|1\n|-damage|p1b: Empoleon|0 fnt\n|faint|p1b: Empoleon\n|\n|-weather|RainDance|[upkeep]\n|-damage|p1a: Meganium|10/100 tox|[from] psn\n|upkeep\n|\n|t:|1776623290\n|switch|p2b: Kingambit|Kingambit, L50, M|100/100\n|switch|p1b: Archaludon|Archaludon, L50, F, shiny|100/100\n|turn|5\n|\n|t:|1776623299\n|switch|p2b: Armarouge|Armarouge, L50, M|100/100\n|move|p1b: Archaludon|Aura Sphere|p2b: Armarouge\n|-resisted|p2b: Armarouge|1\n|-damage|p2b: Armarouge|86/100\n|move|p1a: Meganium|Weather Ball|p2b: Armarouge\n|-start|p2b: Armarouge|ability: Flash Fire\n|move|p2a: Archaludon|Aura Sphere|p1b: Archaludon\n|-supereffective|p1b: Archaludon|1\n|-damage|p1b: Archaludon|14/100\n|-ability|p1b: Archaludon|Stamina|boost\n|-boost|p1b: Archaludon|def|1\n|\n|-weather|none\n|-damage|p1a: Meganium|0 fnt|[from] psn\n|faint|p1a: Meganium\n|upkeep\n|turn|6\n|\n|t:|1776623313\n|move|p1b: Archaludon|Aura Sphere|p2a: Archaludon\n|-supereffective|p2a: Archaludon|1\n|-damage|p2a: Archaludon|0 fnt\n|faint|p2a: Archaludon\n|move|p2b: Armarouge|Scorching Sands|p1b: Archaludon\n|-supereffective|p1b: Archaludon|1\n|-damage|p1b: Archaludon|0 fnt\n|faint|p1b: Archaludon\n|\n|win|linkmasterjr\n",
  "uploadtime": 1776623319,
  "views": 7,
  "formatid": "gen9championsvgc2026regma",
  "rating": null,
  "private": 0,
  "password": null
}