{
  "id": "gen9championsvgc2026regma-2586903922",
  "format": "[Gen 9 Champions] VGC 2026 Reg M-A",
  "players": [
    "doublebitaxe",
    "graubio"
  ],
  "log": "|j|\u2606doublebitaxe\n|j|\u2606graubio\n|t:|1776470304\n|gametype|doubles\n|player|p1|doublebitaxe|265|1265\n|player|p2|graubio|blue|1348\n|gen|9\n|tier|[Gen 9 Champions] VGC 2026 Reg M-A\n|rated|\n|rule|Species Clause: Limit one of each Pok\u00e9mon\n|rule|Item Clause: Limit 1 of each item\n|clearpoke\n|poke|p1|Rotom-Heat, L50|\n|poke|p1|Milotic, L50, M|\n|poke|p1|Meganium, L50, M|\n|poke|p1|Aerodactyl, L50, F|\n|poke|p1|Garchomp, L50, M|\n|poke|p1|Kangaskhan, L50, F|\n|poke|p2|Lopunny, L50, F|\n|poke|p2|Basculegion, L50, M|\n|poke|p2|Pelipper, L50, F|\n|poke|p2|Archaludon, L50, F|\n|poke|p2|Sinistcha, L50|\n|poke|p2|Incineroar, L50, M|\n|teampreview|4\n|inactive|Battle timer is ON: inactive players will automatically lose when time's up. (requested by doublebitaxe)\n|inactive|doublebitaxe has 60 seconds left.\n|inactive|graubio has 60 seconds left.\n|\n|t:|1776470345\n|teamsize|p1|4\n|teamsize|p2|4\n|start\n|switch|p1a: Milotic|Milotic, L50, M|100/100\n|switch|p1b: Rotom|Rotom-Heat, L50|100/100\n|switch|p2a: Pombo|Pelipper, L50, F|100/100\n|switch|p2b: Labubu|Lopunny, L50, F|100/100\n|-weather|RainDance|[from] ability: Drizzle|[of] p2a: Pombo\n|turn|1\n|\n|t:|1776470359\n|detailschange|p2b: Labubu|Lopunny-Mega, L50, F\n|-mega|p2b: Labubu|Lopunny|Lopunnite\n|move|p2b: Labubu|Fake Out|p1b: Rotom\n|-damage|p1b: Rotom|76/100\n|cant|p1b: Rotom|flinch\n|move|p2a: Pombo|Tailwind|p2a: Pombo\n|-sidestart|p2: graubio|move: Tailwind\n|move|p1a: Milotic|Icy Wind|p2b: Labubu|[spread] p2a,p2b\n|-damage|p2a: Pombo|80/100\n|-damage|p2b: Labubu|84/100\n|-unboost|p2a: Pombo|spe|1\n|-unboost|p2b: Labubu|spe|1\n|\n|-weather|RainDance|[upkeep]\n|upkeep\n|turn|2\n|inactive|doublebitaxe has 30 seconds left.\n|inactive|graubio has 30 seconds left.\n|\n|t:|1776470387\n|switch|p2b: Peixe|Basculegion, L50, M|100/100\n|switch|p2a: Pr\u00e9dio Espelhado|Archaludon, L50, F|100/100\n|move|p1b: Rotom|Volt Switch|p2a: Pr\u00e9dio Espelhado\n|-resisted|p2a: Pr\u00e9dio Espelhado|1\n|-damage|p2a: Pr\u00e9dio Espelhado|78/100\n|\n|t:|1776470398\n|switch|p1b: Meganium|Meganium, L50, M|100/100|[from] Volt Switch\n|move|p1a: Milotic|Scald|p2b: Peixe\n|-resisted|p2b: Peixe|1\n|-damage|p2b: Peixe|67/100\n|\n|-weather|RainDance|[upkeep]\n|upkeep\n|turn|3\n|inactive|graubio has 30 seconds left.\n|inactive|graubio has 20 seconds left.\n|\n|t:|1776470434\n|switch|p2b: Pombo|Pelipper, L50, F|80/100\n|switch|p1a: Garchomp|Garchomp, L50, M|100/100\n|detailschange|p1b: Meganium|Meganium-Mega, L50, M\n|-mega|p1b: Meganium|Meganium|Meganiumite\n|move|p2a: Pr\u00e9dio Espelhado|Electro Shot||[still]\n|-prepare|p2a: Pr\u00e9dio Espelhado|Electro Shot\n|-boost|p2a: Pr\u00e9dio Espelhado|spa|1\n|-anim|p2a: Pr\u00e9dio Espelhado|Electro Shot|p1a: Garchomp\n|-immune|p1a: Garchomp\n|move|p1b: Meganium|Solar Beam||[still]\n|-prepare|p1b: Meganium|Solar Beam\n|-activate|p1b: Meganium|ability: Mega Sol\n|-anim|p1b: Meganium|Solar Beam|p2b: Pombo\n|-damage|p2b: Pombo|0 fnt\n|faint|p2b: Pombo\n|\n|-weather|RainDance|[upkeep]\n|upkeep\n|\n|t:|1776470445\n|switch|p2b: Peixe|Basculegion, L50, M|67/100\n|turn|4\n|\n|t:|1776470462\n|switch|p1a: Milotic|Milotic, L50, M|100/100\n|move|p1b: Meganium|Protect|p1b: Meganium\n|-singleturn|p1b: Meganium|Protect\n|move|p2b: Peixe|Wave Crash|p1a: Milotic\n|-resisted|p1a: Milotic|1\n|-damage|p1a: Milotic|40/100\n|-damage|p2b: Peixe|46/100|[from] Recoil\n|move|p2a: Pr\u00e9dio Espelhado|Electro Shot||[still]\n|-prepare|p2a: Pr\u00e9dio Espelhado|Electro Shot\n|-boost|p2a: Pr\u00e9dio Espelhado|spa|1\n|-anim|p2a: Pr\u00e9dio Espelhado|Electro Shot|p1b: Meganium\n|-activate|p1b: Meganium|move: Protect\n|\n|-weather|RainDance|[upkeep]\n|-heal|p1a: Milotic|46/100|[from] item: Leftovers\n|-sideend|p2: graubio|move: Tailwind\n|upkeep\n|turn|5\n|inactive|doublebitaxe has 30 seconds left.\n|inactive|doublebitaxe has 20 seconds left.\n|\n|t:|1776470501\n|move|p2b: Peixe|Wave Crash|p1a: Milotic\n|-resisted|p1a: Milotic|1\n|-damage|p1a: Milotic|0 fnt\n|faint|p1a: Milotic\n|-damage|p2b: Peixe|31/100|[from] Recoil\n|move|p2a: Pr\u00e9dio Espelhado|Flash Cannon|p1b: Meganium\n|-supereffective|p1b: Meganium|1\n|-damage|p1b: Meganium|0 fnt\n|faint|p1b: Meganium\n|\n|-weather|none\n|upkeep\n|\n|t:|1776470511\n|switch|p1b: Garchomp|Garchomp, L50, M|100/100\n|switch|p1a: Rotom|Rotom-Heat, L50|76/100\n|turn|6\n|inactive|doublebitaxe has 30 seconds left.\n|\n|t:|1776470538\n|move|p1b: Garchomp|Protect|p1b: Garchomp\n|-singleturn|p1b: Garchomp|Protect\n|move|p2a: Pr\u00e9dio Espelhado|Protect|p2a: Pr\u00e9dio Espelhado\n|-singleturn|p2a: Pr\u00e9dio Espelhado|Protect\n|move|p2b: Peixe|Aqua Jet|p1b: Garchomp\n|-activate|p1b: Garchomp|move: Protect\n|move|p1a: Rotom|Electroweb|p2a: Pr\u00e9dio Espelhado|[spread] p2b\n|-activate|p2a: Pr\u00e9dio Espelhado|move: Protect\n|-supereffective|p2b: Peixe|1\n|-damage|p2b: Peixe|0 fnt\n|faint|p2b: Peixe\n|\n|upkeep\n|\n|t:|1776470547\n|switch|p2b: Labubu|Lopunny-Mega, L50, F|84/100\n|turn|7\n|\n|t:|1776470568\n|move|p2b: Labubu|Fake Out|p1b: Garchomp\n|-damage|p1b: Garchomp|80/100\n|-damage|p2b: Labubu|72/100|[from] ability: Rough Skin|[of] p1b: Garchomp\n|move|p1a: Rotom|Electroweb|p2a: Pr\u00e9dio Espelhado|[spread] p2a,p2b\n|-resisted|p2a: Pr\u00e9dio Espelhado|1\n|-damage|p2a: Pr\u00e9dio Espelhado|65/100\n|-damage|p2b: Labubu|50/100\n|-unboost|p2a: Pr\u00e9dio Espelhado|spe|1\n|-unboost|p2b: Labubu|spe|1\n|cant|p1b: Garchomp|flinch\n|move|p2a: Pr\u00e9dio Espelhado|Draco Meteor|p1b: Garchomp|[miss]\n|-miss|p2a: Pr\u00e9dio Espelhado|p1b: Garchomp\n|\n|upkeep\n|turn|8\n|\n|t:|1776470586\n|move|p1a: Rotom|Electroweb|p2a: Pr\u00e9dio Espelhado|[spread] p2a,p2b\n|-resisted|p2a: Pr\u00e9dio Espelhado|1\n|-damage|p2a: Pr\u00e9dio Espelhado|52/100\n|-damage|p2b: Labubu|27/100\n|-unboost|p2a: Pr\u00e9dio Espelhado|spe|1\n|-unboost|p2b: Labubu|spe|1\n|move|p1b: Garchomp|Earthquake|p2a: Pr\u00e9dio Espelhado|[spread] p2a,p2b\n|-immune|p1a: Rotom|[from] ability: Levitate\n|-supereffective|p2a: Pr\u00e9dio Espelhado|1\n|-damage|p2a: Pr\u00e9dio Espelhado|0 fnt\n|-damage|p2b: Labubu|0 fnt\n|faint|p2a: Pr\u00e9dio Espelhado\n|faint|p2b: Labubu\n|\n|win|doublebitaxe\n|raw|doublebitaxe's rating: 1265 &rarr; <strong>1296</strong><br />(+31 for winning)\n|raw|graubio's rating: 1348 &rarr; <strong>1323</strong><br />(-25 for losing)\n|l|\u2606doublebitaxe\n|player|p1|\n",
  "uploadtime": 1776470635,
  "views": 43,
  "formatid": "gen9championsvgc2026regma",
  "rating": 1296,
  "private": 0,
  "password": null
}