{
  "id": "gen9championsvgc2026regma-2588080540",
  "format": "[Gen 9 Champions] VGC 2026 Reg M-A",
  "players": [
    "Pumpingpriest",
    "konvux84"
  ],
  "log": "|j|\u2606Pumpingpriest\n|j|\u2606konvux84\n|t:|1776601991\n|gametype|doubles\n|player|p1|Pumpingpriest|101|1225\n|player|p2|konvux84|lance|1174\n|gen|9\n|tier|[Gen 9 Champions] VGC 2026 Reg M-A\n|rated|\n|rule|Species Clause: Limit one of each Pok\u00e9mon\n|rule|Item Clause: Limit 1 of each item\n|clearpoke\n|poke|p1|Blastoise, L50, F|\n|poke|p1|Sinistcha, L50|\n|poke|p1|Pelipper, L50, M|\n|poke|p1|Kingambit, L50, M|\n|poke|p1|Incineroar, L50, F, shiny|\n|poke|p1|Sneasler, L50, F|\n|poke|p2|Charizard, L50, F|\n|poke|p2|Garchomp, L50, F|\n|poke|p2|Kingambit, L50, F|\n|poke|p2|Sneasler, L50, F|\n|poke|p2|Incineroar, L50, F|\n|poke|p2|Whimsicott, L50, M|\n|teampreview|4\n|inactive|Battle timer is ON: inactive players will automatically lose when time's up. (requested by Pumpingpriest)\n|\n|t:|1776602029\n|teamsize|p1|4\n|teamsize|p2|4\n|start\n|switch|p1a: Sneasler|Sneasler, L50, F|100/100\n|switch|p1b: Blastoise|Blastoise, L50, F|100/100\n|switch|p2a: Garchomp|Garchomp, L50, F|100/100\n|switch|p2b: Whimsicott|Whimsicott, L50, M|100/100\n|turn|1\n|inactive|konvux84 has 30 seconds left.\n|\n|t:|1776602067\n|detailschange|p1b: Blastoise|Blastoise-Mega, L50, F\n|-mega|p1b: Blastoise|Blastoise|Blastoisinite\n|move|p2b: Whimsicott|Tailwind|p2b: Whimsicott\n|-sidestart|p2: konvux84|move: Tailwind\n|move|p2a: Garchomp|Earthquake|p1b: Blastoise|[spread] p2b,p1a,p1b\n|-resisted|p2b: Whimsicott|1\n|-supereffective|p1a: Sneasler|1\n|-damage|p2b: Whimsicott|76/100\n|-enditem|p1a: Sneasler|Focus Sash\n|-damage|p1a: Sneasler|1/100\n|-damage|p1b: Blastoise|61/100\n|move|p1a: Sneasler|Dire Claw|p2b: Whimsicott\n|-supereffective|p2b: Whimsicott|2\n|-damage|p2b: Whimsicott|0 fnt\n|faint|p2b: Whimsicott\n|move|p1b: Blastoise|Shell Smash|p1b: Blastoise\n|-unboost|p1b: Blastoise|def|1\n|-unboost|p1b: Blastoise|spd|1\n|-boost|p1b: Blastoise|atk|2\n|-boost|p1b: Blastoise|spa|2\n|-boost|p1b: Blastoise|spe|2\n|\n|upkeep\n|\n|t:|1776602086\n|switch|p2b: Charizard|Charizard, L50, F|100/100\n|turn|2\n|c|\u2606konvux84|S u ck my di ck\n|inactive|Pumpingpriest has 30 seconds left.\n|inactive|Pumpingpriest has 20 seconds left.\n|\n|t:|1776602123\n|switch|p1a: Sinistcha|Sinistcha, L50|100/100\n|-heal|p1b: Blastoise|86/100|[from] ability: Hospitality|[of] p1a: Sinistcha\n|detailschange|p2b: Charizard|Charizard-Mega-Y, L50, F\n|-mega|p2b: Charizard|Charizard|Charizardite Y\n|-weather|SunnyDay|[from] ability: Drought|[of] p2b: Charizard\n|move|p1b: Blastoise|Protect|p1b: Blastoise\n|-singleturn|p1b: Blastoise|Protect\n|move|p2a: Garchomp|Earthquake|p1b: Blastoise|[spread] p1a\n|-activate|p1b: Blastoise|move: Protect\n|-immune|p2b: Charizard\n|-resisted|p1a: Sinistcha|1\n|-damage|p1a: Sinistcha|87/100\n|move|p2b: Charizard|Solar Beam||[still]\n|-prepare|p2b: Charizard|Solar Beam\n|-anim|p2b: Charizard|Solar Beam|p1b: Blastoise\n|-activate|p1b: Blastoise|move: Protect\n|\n|-weather|SunnyDay|[upkeep]\n|-heal|p1a: Sinistcha|93/100|[from] item: Leftovers\n|upkeep\n|turn|3\n|inactive|Pumpingpriest has 30 seconds left.\n|inactive|konvux84 has 30 seconds left.\n|inactive|Pumpingpriest has 20 seconds left.\n|inactive|konvux84 has 20 seconds left.\n|inactive|Pumpingpriest has 15 seconds left.\n|inactive|konvux84 has 15 seconds left.\n|\n|t:|1776602167\n|switch|p1a: Pelipper|Pelipper, L50, M|100/100\n|-weather|RainDance|[from] ability: Drizzle|[of] p1a: Pelipper\n|move|p2b: Charizard|Protect|p2b: Charizard\n|-singleturn|p2b: Charizard|Protect\n|move|p2a: Garchomp|Earthquake|p1b: Blastoise|[spread] p1b\n|-activate|p2b: Charizard|move: Protect\n|-immune|p1a: Pelipper\n|-damage|p1b: Blastoise|32/100\n|move|p1b: Blastoise|Shell Smash|p1b: Blastoise\n|-unboost|p1b: Blastoise|def|1\n|-unboost|p1b: Blastoise|spd|1\n|-boost|p1b: Blastoise|atk|2\n|-boost|p1b: Blastoise|spa|2\n|-boost|p1b: Blastoise|spe|2\n|\n|-weather|RainDance|[upkeep]\n|upkeep\n|turn|4\n|inactive|Pumpingpriest has 30 seconds left.\n|inactive|konvux84 has 30 seconds left.\n|inactive|Pumpingpriest has 20 seconds left.\n|\n|t:|1776602205\n|switch|p1a: Sinistcha|Sinistcha, L50|93/100\n|-heal|p1b: Blastoise|57/100|[from] ability: Hospitality|[of] p1a: Sinistcha\n|move|p2b: Charizard|Protect|p2b: Charizard\n|-singleturn|p2b: Charizard|Protect\n|move|p1b: Blastoise|Water Spout|p2a: Garchomp|[spread] p2a\n|-activate|p2b: Charizard|move: Protect\n|-damage|p2a: Garchomp|0 fnt\n|faint|p2a: Garchomp\n|\n|-weather|RainDance|[upkeep]\n|-heal|p1a: Sinistcha|99/100|[from] item: Leftovers\n|-sideend|p2: konvux84|move: Tailwind\n|upkeep\n|\n|t:|1776602216\n|switch|p2a: Incineroar|Incineroar, L50, F|100/100\n|-ability|p2a: Incineroar|Intimidate|boost\n|-unboost|p1a: Sinistcha|atk|1\n|-unboost|p1b: Blastoise|atk|1\n|turn|5\n|\n|t:|1776602231\n|switch|p1a: Sneasler|Sneasler, L50, F|1/100\n|move|p1b: Blastoise|Protect|p1b: Blastoise\n|-singleturn|p1b: Blastoise|Protect\n|move|p2a: Incineroar|Fake Out|p1b: Blastoise\n|-activate|p1b: Blastoise|move: Protect\n|move|p2b: Charizard|Heat Wave|p1a: Sneasler|[spread] p1a\n|-activate|p1b: Blastoise|move: Protect\n|-damage|p1a: Sneasler|0 fnt\n|faint|p1a: Sneasler\n|\n|-weather|RainDance|[upkeep]\n|upkeep\n|\n|t:|1776602242\n|switch|p1a: Sinistcha|Sinistcha, L50|99/100\n|-heal|p1b: Blastoise|82/100|[from] ability: Hospitality|[of] p1a: Sinistcha\n|turn|6\n|\n|t:|1776602254\n|move|p1a: Sinistcha|Rage Powder|p1a: Sinistcha\n|-singleturn|p1a: Sinistcha|move: Rage Powder\n|move|p1b: Blastoise|Water Spout|p2a: Incineroar|[spread] p2a,p2b\n|-supereffective|p2a: Incineroar|1\n|-supereffective|p2b: Charizard|1\n|-damage|p2a: Incineroar|0 fnt\n|-damage|p2b: Charizard|0 fnt\n|faint|p2a: Incineroar\n|faint|p2b: Charizard\n|\n|win|Pumpingpriest\n",
  "uploadtime": 1776602104,
  "views": 8,
  "formatid": "gen9championsvgc2026regma",
  "rating": null,
  "private": 0,
  "password": null
}