{
  "id": "gen9championsvgc2026regma-2583433792",
  "format": "[Gen 9 Champions] VGC 2026 Reg M-A",
  "players": [
    "apexdesu",
    "He sits 2 pee"
  ],
  "log": "|j|\u2606apexdesu\n|j|\u2606He sits 2 pee\n|t:|1776175371\n|gametype|doubles\n|player|p1|apexdesu|cowgirl|1082\n|player|p2|He sits 2 pee|265|1156\n|gen|9\n|tier|[Gen 9 Champions] VGC 2026 Reg M-A\n|rated|\n|rule|Species Clause: Limit one of each Pok\u00e9mon\n|rule|Item Clause: Limit 1 of each item\n|clearpoke\n|poke|p1|Incineroar, L50, F|\n|poke|p1|Farigiraf, L50, F|\n|poke|p1|Torkoal, L50, M|\n|poke|p1|Camerupt, L50, M|\n|poke|p1|Sinistcha, L50|\n|poke|p1|Crabominable, L50, M|\n|poke|p2|Incineroar, L50, M|\n|poke|p2|Kingambit, L50, F|\n|poke|p2|Ninetales-Alola, L50, M|\n|poke|p2|Glimmora, L50, F|\n|poke|p2|Sinistcha, L50|\n|poke|p2|Dragonite, L50, M|\n|teampreview|4\n|inactive|Battle timer is ON: inactive players will automatically lose when time's up. (requested by He sits 2 pee)\nHe sits 2 pee has agreed to open team sheets.\n|\n|t:|1776175401\n|teamsize|p1|4\n|teamsize|p2|4\n|start\n|switch|p1a: Incineroar|Incineroar, L50, F|100/100\n|switch|p1b: Farigiraf|Farigiraf, L50, F|100/100\n|switch|p2a: Ninetales|Ninetales-Alola, L50, M|100/100\n|switch|p2b: Glimmora|Glimmora, L50, F|100/100\n|-weather|Snowscape|[from] ability: Snow Warning|[of] p2a: Ninetales\n|-ability|p1a: Incineroar|Intimidate|boost\n|-unboost|p2a: Ninetales|atk|1\n|-unboost|p2b: Glimmora|atk|1\n|turn|1\n|inactive|apexdesu has 30 seconds left.\n|inactive|apexdesu has 20 seconds left.\n|inactive|apexdesu has 15 seconds left.\n|inactive|apexdesu has 10 seconds left.\n|\n|t:|1776175449\n|detailschange|p2b: Glimmora|Glimmora-Mega, L50, F\n|-mega|p2b: Glimmora|Glimmora|Glimmoranite\n|move|p1a: Incineroar|Fake Out|p2b: Glimmora\n|-resisted|p2b: Glimmora|1\n|-damage|p2b: Glimmora|93/100\n|move|p2a: Ninetales|Aurora Veil|p2a: Ninetales\n|-sidestart|p2: He sits 2 pee|move: Aurora Veil\n|cant|p2b: Glimmora|flinch\n|move|p1b: Farigiraf|Trick Room|p1b: Farigiraf\n|-fieldstart|move: Trick Room|[of] p1b: Farigiraf\n|\n|-weather|Snowscape|[upkeep]\n|upkeep\n|turn|2\n|inactive|apexdesu has 30 seconds left.\n|\n|t:|1776175484\n|move|p2b: Glimmora|Spiky Shield|p2b: Glimmora\n|-singleturn|p2b: Glimmora|move: Protect\n|move|p1a: Incineroar|Parting Shot|p2b: Glimmora\n|-activate|p2b: Glimmora|move: Protect\n|move|p1b: Farigiraf|Hyper Voice|p2b: Glimmora|[spread] p2a\n|-activate|p2b: Glimmora|move: Protect\n|-damage|p2a: Ninetales|78/100\n|move|p2a: Ninetales|Blizzard|p1b: Farigiraf|[spread] p1a,p1b\n|-resisted|p1a: Incineroar|1\n|-damage|p1a: Incineroar|85/100\n|-damage|p1b: Farigiraf|65/100\n|\n|-weather|Snowscape|[upkeep]\n|upkeep\n|turn|3\n|inactive|apexdesu has 30 seconds left.\n|\n|t:|1776175512\n|switch|p2b: Incineroar|Incineroar, L50, M|100/100\n|-ability|p2b: Incineroar|Intimidate|boost\n|-unboost|p1a: Incineroar|atk|1\n|-unboost|p1b: Farigiraf|atk|1\n|move|p1b: Farigiraf|Psychic|p2b: Incineroar\n|-immune|p2b: Incineroar\n|move|p1a: Incineroar|Parting Shot|p2b: Incineroar\n|-unboost|p2b: Incineroar|atk|1\n|-unboost|p2b: Incineroar|spa|1\n|\n|t:|1776175524\n|switch|p1a: Torkoal|Torkoal, L50, M|100/100|[from] Parting Shot\n|-weather|SunnyDay|[from] ability: Drought|[of] p1a: Torkoal\n|move|p2a: Ninetales|Moonblast|p1b: Farigiraf\n|-damage|p1b: Farigiraf|27/100\n|-enditem|p1b: Farigiraf|Sitrus Berry|[eat]\n|-heal|p1b: Farigiraf|52/100|[from] item: Sitrus Berry\n|\n|-weather|SunnyDay|[upkeep]\n|upkeep\n|turn|4\n|inactive|apexdesu has 30 seconds left.\n|\n|t:|1776175556\n|switch|p2a: Glimmora|Glimmora-Mega, L50, F|93/100\n|move|p1a: Torkoal|Protect|p1a: Torkoal\n|-singleturn|p1a: Torkoal|Protect\n|move|p1b: Farigiraf|Hyper Voice|p2b: Incineroar|[spread] p2a,p2b\n|-resisted|p2a: Glimmora|1\n|-crit|p2a: Glimmora\n|-damage|p2a: Glimmora|70/100\n|-damage|p2b: Incineroar|80/100\n|move|p2b: Incineroar|Parting Shot|p1a: Torkoal\n|-activate|p1a: Torkoal|move: Protect\n|\n|-weather|SunnyDay|[upkeep]\n|upkeep\n|turn|5\n|inactive|apexdesu has 30 seconds left.\n|\n|t:|1776175591\n|move|p2a: Glimmora|Spiky Shield|p2a: Glimmora\n|-singleturn|p2a: Glimmora|move: Protect\n|move|p1a: Torkoal|Earth Power|p2b: Incineroar\n|-supereffective|p2b: Incineroar|1\n|-damage|p2b: Incineroar|38/100\n|-enditem|p2b: Incineroar|Sitrus Berry|[eat]\n|-heal|p2b: Incineroar|63/100|[from] item: Sitrus Berry\n|move|p1b: Farigiraf|Psychic|p2a: Glimmora\n|-activate|p2a: Glimmora|move: Protect\n|move|p2b: Incineroar|Parting Shot|p1a: Torkoal\n|-unboost|p1a: Torkoal|atk|1\n|-unboost|p1a: Torkoal|spa|1\n|\n|t:|1776175605\n|switch|p2b: Ninetales|Ninetales-Alola, L50, M|78/100|[from] Parting Shot\n|-weather|Snowscape|[from] ability: Snow Warning|[of] p2b: Ninetales\n|\n|-weather|Snowscape|[upkeep]\n|-sideend|p2: He sits 2 pee|move: Aurora Veil\n|-fieldend|move: Trick Room\n|upkeep\n|turn|6\n|inactive|apexdesu has 30 seconds left.\n|inactive|apexdesu has 20 seconds left.\n|inactive|apexdesu has 15 seconds left.\n|\n|t:|1776175646\n|move|p1b: Farigiraf|Protect|p1b: Farigiraf\n|-singleturn|p1b: Farigiraf|Protect\n|move|p2b: Ninetales|Moonblast|p1b: Farigiraf\n|-activate|p1b: Farigiraf|move: Protect\n|move|p2a: Glimmora|Power Gem|p1b: Farigiraf\n|-activate|p1b: Farigiraf|move: Protect\n|move|p1a: Torkoal|Eruption|p2a: Glimmora|[spread] p2a,p2b\n|-resisted|p2a: Glimmora|1\n|-supereffective|p2b: Ninetales|1\n|-damage|p2a: Glimmora|49/100\n|-damage|p2b: Ninetales|0 fnt\n|faint|p2b: Ninetales\n|\n|-weather|Snowscape|[upkeep]\n|upkeep\n|\n|t:|1776175653\n|switch|p2b: Incineroar|Incineroar, L50, M|63/100\n|-ability|p2b: Incineroar|Intimidate|boost\n|-unboost|p1a: Torkoal|atk|1\n|-unboost|p1b: Farigiraf|atk|1\n|turn|7\n|\n|t:|1776175673\n|switch|p1b: Incineroar|Incineroar, L50, F|85/100\n|-ability|p1b: Incineroar|Intimidate|boost\n|-unboost|p2a: Glimmora|atk|1\n|-unboost|p2b: Incineroar|atk|1\n|move|p1a: Torkoal|Protect|p1a: Torkoal\n|-singleturn|p1a: Torkoal|Protect\n|move|p2a: Glimmora|Power Gem|p1a: Torkoal\n|-activate|p1a: Torkoal|move: Protect\n|move|p2b: Incineroar|Taunt|p1b: Incineroar\n|-start|p1b: Incineroar|move: Taunt\n|\n|-weather|Snowscape|[upkeep]\n|upkeep\n|turn|8\n|inactive|apexdesu has 30 seconds left.\n|inactive|He sits 2 pee has 30 seconds left.\n|inactive|apexdesu has 20 seconds left.\n|inactive|He sits 2 pee has 20 seconds left.\n|inactive|apexdesu has 15 seconds left.\n|inactive|apexdesu has 10 seconds left.\n|\n|t:|1776175723\n|move|p1b: Incineroar|Fake Out|p2a: Glimmora\n|-resisted|p2a: Glimmora|1\n|-damage|p2a: Glimmora|41/100\n|cant|p2a: Glimmora|flinch\n|move|p2b: Incineroar|Parting Shot|p1b: Incineroar\n|-unboost|p1b: Incineroar|atk|1\n|-unboost|p1b: Incineroar|spa|1\n|\n|t:|1776175727\n|switch|p2b: Sinistcha|Sinistcha, L50|100/100|[from] Parting Shot\n|-heal|p2a: Glimmora|66/100|[from] ability: Hospitality|[of] p2b: Sinistcha\n|move|p1a: Torkoal|Eruption|p2b: Sinistcha|[spread] p2a,p2b\n|-resisted|p2a: Glimmora|1\n|-supereffective|p2b: Sinistcha|1\n|-crit|p2b: Sinistcha\n|-damage|p2a: Glimmora|44/100\n|-damage|p2b: Sinistcha|0 fnt\n|faint|p2b: Sinistcha\n|\n|-weather|Snowscape|[upkeep]\n|upkeep\n|\n|t:|1776175728\n|switch|p2b: Incineroar|Incineroar, L50, M|63/100\n|-ability|p2b: Incineroar|Intimidate|boost\n|-unboost|p1a: Torkoal|atk|1\n|-unboost|p1b: Incineroar|atk|1\n|turn|9\n|inactive|apexdesu has 30 seconds left.\n|inactive|apexdesu has 20 seconds left.\n|inactive|apexdesu has 15 seconds left.\n|inactive|apexdesu has 10 seconds left.\n|\n|t:|1776175774\n|move|p2b: Incineroar|Fake Out|p1a: Torkoal\n|-damage|p1a: Torkoal|89/100\n|move|p2a: Glimmora|Power Gem|p1b: Incineroar\n|-supereffective|p1b: Incineroar|1\n|-damage|p1b: Incineroar|0 fnt\n|faint|p1b: Incineroar\n|cant|p1a: Torkoal|flinch\n|\n|-weather|none\n|upkeep\n|\n|t:|1776175788\n|switch|p1b: Farigiraf|Farigiraf, L50, F|52/100\n|turn|10\n|\n|t:|1776175797\n|move|p2a: Glimmora|Sludge Wave|p1a: Torkoal|[spread] p2b,p1a,p1b\n|-damage|p2b: Incineroar|0 fnt\n|-damage|p1a: Torkoal|12/100\n|-damage|p1b: Farigiraf|0 fnt\n|faint|p2b: Incineroar\n|faint|p1b: Farigiraf\n|move|p1a: Torkoal|Earth Power|p2a: Glimmora\n|-supereffective|p2a: Glimmora|2\n|-damage|p2a: Glimmora|0 fnt\n|faint|p2a: Glimmora\n|\n|win|apexdesu\n|raw|apexdesu's rating: 1082 &rarr; <strong>1116</strong><br />(+34 for winning)\n|raw|He sits 2 pee's rating: 1156 &rarr; <strong>1126</strong><br />(-30 for losing)\n|l|\u2606He sits 2 pee\n|player|p2|\n",
  "uploadtime": 1776175826,
  "views": 19,
  "formatid": "gen9championsvgc2026regma",
  "rating": 1116,
  "private": 0,
  "password": null
}