{
  "id": "gen9championsvgc2026regma-2584208850",
  "format": "[Gen 9 Champions] VGC 2026 Reg M-A",
  "players": [
    "antinn",
    "xBudgie_"
  ],
  "log": "|j|\u2606antinn\n|j|\u2606xBudgie_\n|t:|1776238428\n|gametype|doubles\n|player|p1|antinn|shadowtriad|\n|player|p2|xBudgie_|n|\n|gen|9\n|tier|[Gen 9 Champions] VGC 2026 Reg M-A\n|rule|Species Clause: Limit one of each Pok\u00e9mon\n|rule|Item Clause: Limit 1 of each item\n|clearpoke\n|poke|p1|Incineroar, L50, F|\n|poke|p1|Emolga, L50, F|\n|poke|p1|Sableye, L50, F|\n|poke|p1|Zoroark-Hisui, L50, M|\n|poke|p1|Altaria, L50, M|\n|poke|p1|Sneasler, L50, F|\n|poke|p2|Gengar, L50, F|\n|poke|p2|Sinistcha, L50|\n|poke|p2|Incineroar, L50, F|\n|poke|p2|Primarina, L50, F|\n|poke|p2|Farigiraf, L50, M|\n|poke|p2|Pangoro, L50, M|\n|teampreview|4\nantinn rejected open team sheets.\n|c|\u2606antinn|Sory for laying\n|c|\u2606xBudgie_|hm okay I\u2019m not falling for that a second time\n|\n|t:|1776238496\n|teamsize|p1|4\n|teamsize|p2|4\n|start\n|switch|p1a: Altaria|Altaria, L50, M|100/100\n|switch|p1b: Sableye|Sableye, L50, F|100/100\n|switch|p2a: Farigiraf|Farigiraf, L50, M|100/100\n|switch|p2b: Pangoro|Pangoro, L50, M|100/100\n|-ability|p1a: Altaria|Cloud Nine\n|turn|1\n|\n|t:|1776238513\n|detailschange|p1a: Altaria|Altaria-Mega, L50, M\n|-mega|p1a: Altaria|Altaria|Altarianite\n|move|p1a: Altaria|Hyper Voice|p2a: Farigiraf|[spread] p2a,p2b\n|-supereffective|p2b: Pangoro|2\n|-damage|p2a: Farigiraf|73/100\n|-enditem|p2b: Pangoro|Focus Sash\n|-damage|p2b: Pangoro|1/100\n|move|p1b: Sableye|Snarl|p2b: Pangoro|[spread] p2a,p2b\n|-supereffective|p2a: Farigiraf|1\n|-resisted|p2b: Pangoro|2\n|-damage|p2a: Farigiraf|56/100\n|-damage|p2b: Pangoro|0 fnt\n|-unboost|p2a: Farigiraf|spa|1\n|faint|p2b: Pangoro\n|move|p2a: Farigiraf|Trick Room|p2a: Farigiraf\n|-fieldstart|move: Trick Room|[of] p2a: Farigiraf\n|\n|upkeep\n|c|\u2606antinn|You ok?\n|\n|t:|1776238557\n|switch|p2b: Primarina|Primarina, L50, F|100/100\n|turn|2\n|\n|t:|1776238570\n|move|p2a: Farigiraf|Protect|p2a: Farigiraf\n|-singleturn|p2a: Farigiraf|Protect\n|move|p1b: Sableye|Snarl|p2b: Primarina|[spread] p2b\n|-activate|p2a: Farigiraf|move: Protect\n|-resisted|p2b: Primarina|1\n|-damage|p2b: Primarina|97/100\n|-unboost|p2b: Primarina|spa|1\n|move|p2b: Primarina|Perish Song|p2b: Primarina\n|-start|p1a: Altaria|perish3|[silent]\n|-start|p1b: Sableye|perish3|[silent]\n|-start|p2a: Farigiraf|perish3|[silent]\n|-start|p2b: Primarina|perish3|[silent]\n|-fieldactivate|move: Perish Song\n|move|p1a: Altaria|Hyper Voice|p2b: Primarina|[spread] p2b\n|-activate|p2a: Farigiraf|move: Protect\n|-damage|p2b: Primarina|69/100\n|\n|-start|p1b: Sableye|perish3\n|-start|p2a: Farigiraf|perish3\n|-start|p2b: Primarina|perish3\n|-start|p1a: Altaria|perish3\n|upkeep\n|turn|3\n|\n|t:|1776238614\n|switch|p1a: Incineroar|Incineroar, L50, F|100/100\n|-ability|p1a: Incineroar|Intimidate|boost\n|-unboost|p2a: Farigiraf|atk|1\n|-unboost|p2b: Primarina|atk|1\n|move|p2b: Primarina|Protect|p2b: Primarina\n|-singleturn|p2b: Primarina|Protect\n|move|p1b: Sableye|Snarl|p2a: Farigiraf|[spread] p2a\n|-activate|p2b: Primarina|move: Protect\n|-supereffective|p2a: Farigiraf|1\n|-damage|p2a: Farigiraf|41/100\n|-unboost|p2a: Farigiraf|spa|1\n|move|p2a: Farigiraf|Psychic|p1a: Incineroar\n|-immune|p1a: Incineroar\n|\n|-start|p1b: Sableye|perish2\n|-start|p2a: Farigiraf|perish2\n|-start|p2b: Primarina|perish2\n|upkeep\n|turn|4\n|\n|t:|1776238647\n|switch|p2a: Sinistcha|Sinistcha, L50|100/100\n|-heal|p2b: Primarina|94/100|[from] ability: Hospitality|[of] p2a: Sinistcha\n|move|p1b: Sableye|Mean Look|p2b: Primarina\n|-activate|p2b: Primarina|trapped\n|move|p2b: Primarina|Hyper Voice|p1b: Sableye|[spread] p1a,p1b\n|-supereffective|p1a: Incineroar|1\n|-damage|p1a: Incineroar|53/100\n|-damage|p1b: Sableye|66/100\n|move|p1a: Incineroar|Snarl|p2a: Sinistcha|[spread] p2a,p2b\n|-supereffective|p2a: Sinistcha|1\n|-resisted|p2b: Primarina|1\n|-damage|p2a: Sinistcha|77/100\n|-damage|p2b: Primarina|89/100\n|-unboost|p2a: Sinistcha|spa|1\n|-unboost|p2b: Primarina|spa|1\n|\n|-start|p1b: Sableye|perish1\n|-start|p2b: Primarina|perish1\n|upkeep\n|turn|5\n|\n|t:|1776238675\n|switch|p1b: Altaria|Altaria-Mega, L50, M|100/100\n|move|p2a: Sinistcha|Rage Powder|p2a: Sinistcha\n|-singleturn|p2a: Sinistcha|move: Rage Powder\n|move|p2b: Primarina|Perish Song|p2b: Primarina\n|-start|p1a: Incineroar|perish3|[silent]\n|-start|p1b: Altaria|perish3|[silent]\n|-start|p2a: Sinistcha|perish3|[silent]\n|-fieldactivate|move: Perish Song\n|move|p1a: Incineroar|Flare Blitz|p2a: Sinistcha\n|-supereffective|p2a: Sinistcha|1\n|-crit|p2a: Sinistcha\n|-damage|p2a: Sinistcha|0 fnt\n|faint|p2a: Sinistcha\n|-damage|p1a: Incineroar|33/100|[from] Recoil\n|-enditem|p1a: Incineroar|Sitrus Berry|[eat]\n|-heal|p1a: Incineroar|58/100|[from] item: Sitrus Berry\n|\n|-start|p2b: Primarina|perish0\n|-start|p1a: Incineroar|perish3\n|faint|p2b: Primarina\n|-start|p1b: Altaria|perish3\n|-fieldend|move: Trick Room\n|upkeep\n|\n|t:|1776238683\n|switch|p2b: Farigiraf|Farigiraf, L50, M|41/100\n|turn|6\n|c|\u2606antinn|I'm sorry I swear I had mean look before to\n|c|\u2606xBudgie_|it\u2019s fine\n|c|\u2606xBudgie_|I\u2019m lowkey distracted rn anyways\n|\n|t:|1776238705\n|move|p1b: Altaria|Hyper Voice|p2b: Farigiraf\n|-damage|p2b: Farigiraf|3/100\n|move|p1a: Incineroar|Snarl|p2b: Farigiraf\n|-supereffective|p2b: Farigiraf|1\n|-damage|p2b: Farigiraf|0 fnt\n|faint|p2b: Farigiraf\n|\n|win|antinn\n|c|\u2606antinn|Ok\n|c|\u2606antinn|Hope u had fun\n|l|\u2606xBudgie_\n|player|p2|\n|c|\u2606antinn|But if I didn't told you it was wrong incineroar would you still do the same\n",
  "uploadtime": 1776238752,
  "views": 14,
  "formatid": "gen9championsvgc2026regma",
  "rating": null,
  "private": 0,
  "password": null
}