{
  "id": "gen9championsvgc2026regma-2586802492",
  "format": "[Gen 9 Champions] VGC 2026 Reg M-A",
  "players": [
    "estsoukalas",
    "junejulyaugust"
  ],
  "log": "|j|\u2606estsoukalas\n|j|\u2606junejulyaugust\n|html|<table width=\"100%\"><tr><td align=\"left\">estsoukalas</td><td align=\"right\">junejulyaugust</tr><tr><td align=\"left\"><i class=\"fa fa-circle-o\"></i> <i class=\"fa fa-circle-o\"></i> </td><td align=\"right\"><i class=\"fa fa-circle-o\"></i> <i class=\"fa fa-circle-o\"></i> </tr></table>\n|uhtml|bestof|<h2><strong>Game 1</strong> of <a href=\"/game-bestof3-gen9championsvgc2026regma-2586802491\">a best-of-3</a></h2>\n|t:|1776461108\n|gametype|doubles\n|player|p1|estsoukalas|miku-ground|\n|player|p2|junejulyaugust|eusine|\n|gen|9\n|tier|[Gen 9 Champions] VGC 2026 Reg M-A\n|rule|Species Clause: Limit one of each Pok\u00e9mon\n|rule|Item Clause: Limit 1 of each item\n|raw|<div class=\"infobox\"><details class=\"readmore\" open><summary><strong>1 custom rule:</strong></summary> Best of = 3</details></div>\n|clearpoke\n|poke|p1|Archaludon, L50, M|\n|poke|p1|Pelipper, L50, F|\n|poke|p1|Lopunny, L50, M|\n|poke|p1|Sableye, L50, F|\n|poke|p1|Basculegion, L50, M|\n|poke|p1|Beartic, L50, M|\n|poke|p2|Froslass, L50, F|\n|poke|p2|Farigiraf, L50, M|\n|poke|p2|Garchomp, L50, F|\n|poke|p2|Rotom-Frost, L50|\n|poke|p2|Kingambit, L50, M|\n|poke|p2|Tauros-Paldea-Aqua, L50, M|\n|teampreview|4\n|inactive|Battle timer is ON: inactive players will automatically lose when time's up. (requested by estsoukalas)\n|c|\u2606junejulyaugust|glhf\n|c|\u2606estsoukalas|is it open sheets\n|inactiveoff|Battle timer is now OFF.\n|c|\u2606junejulyaugust|umm i dont think so\n|c|\u2606junejulyaugust|ill go check\n|c|\u2606junejulyaugust|i dont think it is its not on the doc anywhere i can find\njunejulyaugust rejected open team sheets.\n|c|\u2606estsoukalas|got it\n|\n|t:|1776461299\n|teamsize|p1|4\n|teamsize|p2|4\n|start\n|switch|p1a: imbiber lune|Pelipper, L50, F|100/100\n|switch|p1b: hysilens|Basculegion, L50, M|100/100\n|switch|p2a: Rare Mark|Rotom-Frost, L50, shiny|100/100\n|switch|p2b: Shiny?|Garchomp, L50, F, shiny|100/100\n|-weather|RainDance|[from] ability: Drizzle|[of] p1a: imbiber lune\n|turn|1\n|\n|t:|1776461388\n|switch|p1a: nanook|Archaludon, L50, M|100/100\n|move|p2b: Shiny?|Protect|p2b: Shiny?\n|-singleturn|p2b: Shiny?|Protect\n|move|p1b: hysilens|Ice Fang|p2b: Shiny?\n|-activate|p2b: Shiny?|move: Protect\n|move|p2a: Rare Mark|Volt Switch|p1b: hysilens\n|-supereffective|p1b: hysilens|1\n|-damage|p1b: hysilens|16/100\n|\n|t:|1776461421\n|switch|p2a: Make It Double|Froslass, L50, F, shiny|100/100|[from] Volt Switch\n|\n|-weather|RainDance|[upkeep]\n|upkeep\n|turn|2\n|c|\u2606estsoukalas|ngl i prolly shouldnt be on league rn\n|c|\u2606junejulyaugust|leauge of legaends?\n|c|\u2606estsoukalas|yerr\n|c|\u2606junejulyaugust|lmao\n|\n|t:|1776461493\n|switch|p1b: IX|Sableye, L50, F|100/100\n|detailschange|p2a: Make It Double|Froslass-Mega, L50, F, shiny\n|-mega|p2a: Make It Double|Froslass|Froslassite\n|-weather|Snowscape|[from] ability: Snow Warning|[of] p2a: Make It Double\n|move|p2a: Make It Double|Blizzard|p1a: nanook|[spread] p1a,p1b\n|-damage|p1a: nanook|38/100\n|-damage|p1b: IX|26/100\n|-ability|p1a: nanook|Stamina|boost\n|-boost|p1a: nanook|def|1\n|-enditem|p1b: IX|Sitrus Berry|[eat]\n|-heal|p1b: IX|51/100|[from] item: Sitrus Berry\n|move|p2b: Shiny?|Stomping Tantrum|p1a: nanook\n|-supereffective|p1a: nanook|1\n|-damage|p1a: nanook|0 fnt\n|faint|p1a: nanook\n|\n|-weather|Snowscape|[upkeep]\n|upkeep\n|c|\u2606junejulyaugust|oh i need to go post live on sec\n|\n|t:|1776461539\n|switch|p1a: imbiber lune|Pelipper, L50, F|100/100\n|-weather|RainDance|[from] ability: Drizzle|[of] p1a: imbiber lune\n|turn|3\n|\n|t:|1776461608\n|switch|p2a: Rare Mark|Rotom-Frost, L50, shiny|100/100\n|move|p2b: Shiny?|Protect|p2b: Shiny?\n|-singleturn|p2b: Shiny?|Protect\n|move|p1b: IX|Will-O-Wisp|p2b: Shiny?\n|-activate|p2b: Shiny?|move: Protect\n|move|p1a: imbiber lune|Hydro Pump|p2a: Rare Mark\n|-damage|p2a: Rare Mark|30/100\n|\n|-weather|RainDance|[upkeep]\n|upkeep\n|turn|4\n|\n|t:|1776461646\n|switch|p2b: Make It Double|Froslass-Mega, L50, F, shiny|100/100\n|-weather|Snowscape|[from] ability: Snow Warning|[of] p2b: Make It Double\n|move|p2a: Rare Mark|Blizzard|p1a: imbiber lune|[spread] p1a,p1b\n|-damage|p1a: imbiber lune|45/100\n|-damage|p1b: IX|0 fnt\n|faint|p1b: IX\n|move|p1a: imbiber lune|Tailwind|p1a: imbiber lune\n|-sidestart|p1: estsoukalas|move: Tailwind\n|\n|-weather|Snowscape|[upkeep]\n|upkeep\n|\n|t:|1776461654\n|switch|p1b: hysilens|Basculegion, L50, M|16/100\n|turn|5\n|\n|t:|1776461674\n|move|p1a: imbiber lune|Wide Guard|p1a: imbiber lune\n|-singleturn|p1a: imbiber lune|Wide Guard\n|move|p1b: hysilens|Last Respects|p2a: Rare Mark\n|-damage|p2a: Rare Mark|0 fnt\n|faint|p2a: Rare Mark\n|move|p2b: Make It Double|Blizzard|p1b: hysilens|[spread] \n|-activate|p1a: imbiber lune|move: Wide Guard\n|-activate|p1b: hysilens|move: Wide Guard\n|\n|-weather|Snowscape|[upkeep]\n|upkeep\n|\n|t:|1776461693\n|switch|p2a: Final Gambit|Kingambit, L50, M, shiny|100/100\n|-activate|p2a: Final Gambit|ability: Supreme Overlord\n|-start|p2a: Final Gambit|fallen1|[silent]\n|turn|6\n|\n|t:|1776461742\n|move|p1b: hysilens|Aqua Jet|p2b: Make It Double\n|-damage|p2b: Make It Double|74/100\n|move|p2a: Final Gambit|Sucker Punch||[still]\n|-fail|p2a: Final Gambit\n|move|p2b: Make It Double|Shadow Ball|p1a: imbiber lune\n|-damage|p1a: imbiber lune|0 fnt\n|faint|p1a: imbiber lune\n|\n|-weather|Snowscape|[upkeep]\n|upkeep\n|turn|7\n|\n|t:|1776461765\n|move|p2a: Final Gambit|Sucker Punch|p1b: hysilens\n|-supereffective|p1b: hysilens|1\n|-damage|p1b: hysilens|0 fnt\n|faint|p1b: hysilens\n|\n|win|junejulyaugust\n|l|\u2606estsoukalas\n|player|p1|\n||junejulyaugust is ready for game 2.\n||estsoukalas is ready for game 2.\n|uhtml|next|Next: <a href=\"/battle-gen9championsvgc2026regma-2586810435\"><strong>Game 2 of 3</strong></a>\n",
  "uploadtime": 1776462336,
  "views": 42,
  "formatid": "gen9championsvgc2026regma",
  "rating": null,
  "private": 0,
  "password": null
}