{
  "id": "gen9championsvgc2026regma-2581091995",
  "format": "[Gen 9 Champions] VGC 2026 Reg M-A",
  "players": [
    "csnono",
    "SpiderKash"
  ],
  "log": "|j|\u2606csnono\n|j|\u2606SpiderKash\n|t:|1775959070\n|gametype|doubles\n|player|p1|csnono|102|1238\n|player|p2|SpiderKash|2|1316\n|gen|9\n|tier|[Gen 9 Champions] VGC 2026 Reg M-A\n|rated|\n|rule|Species Clause: Limit one of each Pok\u00e9mon\n|rule|Item Clause: Limit 1 of each item\n|clearpoke\n|poke|p1|Charizard, L50, M|\n|poke|p1|Venusaur, L50, M|\n|poke|p1|Sneasler, L50, M|\n|poke|p1|Incineroar, L50, M|\n|poke|p1|Garchomp, L50, F|\n|poke|p1|Kingambit, L50, F|\n|poke|p2|Kangaskhan, L50, F|\n|poke|p2|Dragapult, L50, F|\n|poke|p2|Incineroar, L50, F|\n|poke|p2|Sneasler, L50, F|\n|poke|p2|Whimsicott, L50, M|\n|poke|p2|Floette-Eternal, L50, F|\n|teampreview|4\n|inactive|Battle timer is ON: inactive players will automatically lose when time's up. (requested by SpiderKash)\n|\n|t:|1775959108\n|teamsize|p1|4\n|teamsize|p2|4\n|start\n|switch|p1a: Spectrum|Incineroar, L50, M|100/100\n|switch|p1b: Agaki|Charizard, L50, M|100/100\n|switch|p2a: Dragapult|Dragapult, L50, F|100/100\n|switch|p2b: Sneasler|Sneasler, L50, F|100/100\n|-ability|p1a: Spectrum|Intimidate|boost\n|-fail|p2a: Dragapult|unboost|[from] ability: Clear Body|[of] p2a: Dragapult\n|-unboost|p2b: Sneasler|atk|1\n|-enditem|p2b: Sneasler|White Herb\n|-clearnegativeboost|p2b: Sneasler|[silent]\n|turn|1\n|\n|t:|1775959129\n|detailschange|p1b: Agaki|Charizard-Mega-Y, L50, M\n|-mega|p1b: Agaki|Charizard|Charizardite Y\n|-weather|SunnyDay|[from] ability: Drought|[of] p1b: Agaki\n|move|p2b: Sneasler|Fake Out|p1a: Spectrum\n|-damage|p1a: Spectrum|87/100\n|cant|p1a: Spectrum|flinch\n|move|p2a: Dragapult|Dragon Darts|p1b: Agaki\n|-damage|p1b: Agaki|65/100\n|-anim|p2a: Dragapult|Dragon Darts|p1a: Spectrum\n|-damage|p1a: Spectrum|57/100\n|move|p1b: Agaki|Heat Wave|p2b: Sneasler|[spread] p2a,p2b\n|-resisted|p2a: Dragapult|1\n|-damage|p2a: Dragapult|58/100\n|-damage|p2b: Sneasler|1/100\n|\n|-weather|SunnyDay|[upkeep]\n|upkeep\n|turn|2\n|inactive|csnono has 30 seconds left.\n|\n|t:|1775959160\n|switch|p1a: First Wave|Sneasler, L50, M|100/100\n|move|p2b: Sneasler|Close Combat|p1a: First Wave\n|-resisted|p1a: First Wave|1\n|-damage|p1a: First Wave|43/100\n|-unboost|p2b: Sneasler|def|1\n|-unboost|p2b: Sneasler|spd|1\n|move|p2a: Dragapult|Dragon Darts|p1b: Agaki\n|-damage|p1b: Agaki|28/100\n|-anim|p2a: Dragapult|Dragon Darts|p1a: First Wave\n|-damage|p1a: First Wave|0 fnt\n|faint|p1a: First Wave\n|move|p1b: Agaki|Heat Wave|p2a: Dragapult|[spread] p2a,p2b\n|-resisted|p2a: Dragapult|1\n|-damage|p2a: Dragapult|9/100\n|-damage|p2b: Sneasler|0 fnt\n|faint|p2b: Sneasler\n|\n|-weather|SunnyDay|[upkeep]\n|upkeep\n|\n|t:|1775959178\n|switch|p1a: Passing Dream|Garchomp, L50, F|100/100\n|switch|p2b: Whimsicott|Whimsicott, L50, M|100/100\n|turn|3\n|\n|t:|1775959192\n|move|p1b: Agaki|Protect|p1b: Agaki\n|-singleturn|p1b: Agaki|Protect\n|move|p2b: Whimsicott|Tailwind|p2b: Whimsicott\n|-sidestart|p2: SpiderKash|move: Tailwind\n|move|p2a: Dragapult|Dragon Darts|p1a: Passing Dream\n|-supereffective|p1a: Passing Dream|1\n|-damage|p1a: Passing Dream|44/100\n|-anim|p2a: Dragapult|Dragon Darts|p1a: Passing Dream\n|-supereffective|p1a: Passing Dream|1\n|-crit|p1a: Passing Dream\n|-damage|p1a: Passing Dream|0 fnt\n|faint|p1a: Passing Dream\n|\n|-weather|SunnyDay|[upkeep]\n|upkeep\n|\n|t:|1775959202\n|switch|p1a: Spectrum|Incineroar, L50, M|57/100\n|-ability|p1a: Spectrum|Intimidate|boost\n|-fail|p2a: Dragapult|unboost|[from] ability: Clear Body|[of] p2a: Dragapult\n|-unboost|p2b: Whimsicott|atk|1\n|turn|4\n|\n|t:|1775959211\n|move|p2b: Whimsicott|Protect|p2b: Whimsicott\n|-singleturn|p2b: Whimsicott|Protect\n|move|p1b: Agaki|Protect||[still]\n|-fail|p1b: Agaki\n|move|p2a: Dragapult|Dragon Darts|p1b: Agaki\n|-damage|p1b: Agaki|0 fnt\n|-anim|p2a: Dragapult|Dragon Darts|p1a: Spectrum\n|-damage|p1a: Spectrum|29/100\n|faint|p1b: Agaki\n|move|p1a: Spectrum|Darkest Lariat|p2a: Dragapult\n|-supereffective|p2a: Dragapult|1\n|-crit|p2a: Dragapult\n|-damage|p2a: Dragapult|0 fnt\n|faint|p2a: Dragapult\n|\n|-weather|SunnyDay|[upkeep]\n|upkeep\n|\n|t:|1775959218\n|switch|p2a: Floette|Floette-Eternal, L50, F|100/100\n|turn|5\n|-message|csnono forfeited.\n|\n|win|SpiderKash\n|raw|csnono's rating: 1238 &rarr; <strong>1219</strong><br />(-19 for losing)\n|raw|SpiderKash's rating: 1316 &rarr; <strong>1332</strong><br />(+16 for winning)\n|l|\u2606csnono\n|player|p1|\n",
  "uploadtime": 1775959225,
  "views": 61,
  "formatid": "gen9championsvgc2026regma",
  "rating": 1219,
  "private": 0,
  "password": null
}