{
  "id": "gen9championsvgc2026regma-2581324863",
  "format": "[Gen 9 Champions] VGC 2026 Reg M-A",
  "players": [
    "lakeandbake",
    "bruhgokusolo"
  ],
  "log": "|j|\u203dlakeandbake\n|j|\u2606bruhgokusolo\n|t:|1775986818\n|gametype|doubles\n|player|p1|lakeandbake|iono-masters|1037\n|player|p2|bruhgokusolo|101|1126\n|gen|9\n|tier|[Gen 9 Champions] VGC 2026 Reg M-A\n|rated|\n|rule|Species Clause: Limit one of each Pok\u00e9mon\n|rule|Item Clause: Limit 1 of each item\n|clearpoke\n|poke|p1|Garchomp, L50, M|\n|poke|p1|Aerodactyl, L50, F|\n|poke|p1|Rotom-Wash, L50|\n|poke|p1|Sneasler, L50, M|\n|poke|p1|Incineroar, L50, M|\n|poke|p1|Delphox, L50, F|\n|poke|p2|Tyranitar, L50, F|\n|poke|p2|Archaludon, L50, M|\n|poke|p2|Sylveon, L50, M|\n|poke|p2|Garchomp, L50, F|\n|poke|p2|Sneasler, L50, M|\n|poke|p2|Aerodactyl, L50, F|\n|teampreview|4\n|inactive|Battle timer is ON: inactive players will automatically lose when time's up. (requested by lakeandbake)\n|inactive|lakeandbake has 60 seconds left.\n|\n|t:|1775986861\n|teamsize|p1|4\n|teamsize|p2|4\n|start\n|switch|p1a: Rotom|Rotom-Wash, L50|100/100\n|switch|p1b: Garchomp|Garchomp, L50, M|100/100\n|switch|p2a: Garchomp|Garchomp, L50, F|100/100\n|switch|p2b: Tyranitar|Tyranitar, L50, F|100/100\n|-weather|Sandstorm|[from] ability: Sand Stream|[of] p2b: Tyranitar\n|turn|1\n|inactive|lakeandbake has 30 seconds left.\n|inactive|lakeandbake has 20 seconds left.\n|inactive|lakeandbake has 15 seconds left.\n|inactive|lakeandbake has 10 seconds left.\n|inactive|lakeandbake has 5 seconds left.\n|\n|t:|1775986912\n|detailschange|p2b: Tyranitar|Tyranitar-Mega, L50, F\n|-mega|p2b: Tyranitar|Tyranitar|Tyranitarite\n|move|p2a: Garchomp|Dragon Claw|p1b: Garchomp\n|-supereffective|p1b: Garchomp|1\n|-damage|p1b: Garchomp|8/100\n|-damage|p2a: Garchomp|88/100|[from] ability: Rough Skin|[of] p1b: Garchomp\n|move|p1b: Garchomp|Rock Slide|p2b: Tyranitar|[spread] p2b\n|-miss|p1b: Garchomp|p2a: Garchomp\n|-damage|p2b: Tyranitar|87/100\n|move|p1a: Rotom|Will-O-Wisp|p2a: Garchomp\n|-status|p2a: Garchomp|brn\n|move|p2b: Tyranitar|Knock Off|p1a: Rotom\n|-damage|p1a: Rotom|45/100\n|-enditem|p1a: Rotom|Leftovers|[from] move: Knock Off|[of] p2b: Tyranitar\n|\n|-weather|Sandstorm|[upkeep]\n|-damage|p1a: Rotom|39/100|[from] Sandstorm\n|-damage|p2a: Garchomp|82/100 brn|[from] brn\n|upkeep\n|turn|2\n|inactive|lakeandbake has 30 seconds left.\n|\n|t:|1775986939\n|move|p2b: Tyranitar|Protect|p2b: Tyranitar\n|-singleturn|p2b: Tyranitar|Protect\n|move|p2a: Garchomp|Dragon Claw|p1b: Garchomp\n|-supereffective|p1b: Garchomp|1\n|-damage|p1b: Garchomp|0 fnt\n|-damage|p2a: Garchomp|70/100 brn|[from] ability: Rough Skin|[of] p1b: Garchomp\n|faint|p1b: Garchomp\n|move|p1a: Rotom|Will-O-Wisp|p2b: Tyranitar\n|-activate|p2b: Tyranitar|move: Protect\n|\n|-weather|Sandstorm|[upkeep]\n|-damage|p1a: Rotom|34/100|[from] Sandstorm\n|-damage|p2a: Garchomp|64/100 brn|[from] brn\n|upkeep\n|inactive|lakeandbake has 30 seconds left.\n|\n|t:|1775986965\n|switch|p1b: Delphox|Delphox, L50, F|100/100\n|turn|3\n|\n|t:|1775986974\n|detailschange|p1b: Delphox|Delphox-Mega, L50, F\n|-mega|p1b: Delphox|Delphox|Delphoxite\n|move|p1b: Delphox|Protect|p1b: Delphox\n|-singleturn|p1b: Delphox|Protect\n|move|p2a: Garchomp|Dragon Claw|p1a: Rotom\n|-damage|p1a: Rotom|15/100\n|move|p1a: Rotom|Hydro Pump|p2b: Tyranitar|[miss]\n|-miss|p1a: Rotom|p2b: Tyranitar\n|move|p2b: Tyranitar|Knock Off|p1b: Delphox\n|-activate|p1b: Delphox|move: Protect\n|\n|-weather|Sandstorm|[upkeep]\n|-damage|p1b: Delphox|95/100|[from] Sandstorm\n|-damage|p1a: Rotom|9/100|[from] Sandstorm\n|-damage|p2a: Garchomp|58/100 brn|[from] brn\n|upkeep\n|turn|4\n|\n|t:|1775986996\n|move|p2a: Garchomp|Dragon Claw|p1a: Rotom\n|-damage|p1a: Rotom|0 fnt\n|faint|p1a: Rotom\n|move|p1b: Delphox|Substitute|p1b: Delphox\n|-start|p1b: Delphox|Substitute\n|-damage|p1b: Delphox|70/100\n|move|p2b: Tyranitar|Knock Off|p1b: Delphox\n|-supereffective|p1b: Delphox|1\n|-end|p1b: Delphox|Substitute\n|\n|-weather|Sandstorm|[upkeep]\n|-damage|p1b: Delphox|64/100|[from] Sandstorm\n|-damage|p2a: Garchomp|52/100 brn|[from] brn\n|upkeep\n|\n|t:|1775987008\n|switch|p1a: Sneasler|Sneasler, L50, M|100/100\n|turn|5\n|inactive|bruhgokusolo has 30 seconds left.\n|\n|t:|1775987039\n|move|p2a: Garchomp|Dragon Claw|p1a: Sneasler\n|-damage|p1a: Sneasler|65/100\n|move|p1b: Delphox|Psychic|p2a: Garchomp\n|-damage|p2a: Garchomp|0 fnt\n|faint|p2a: Garchomp\n|move|p1a: Sneasler|Close Combat|p2b: Tyranitar\n|-supereffective|p2b: Tyranitar|2\n|-damage|p2b: Tyranitar|0 fnt\n|-unboost|p1a: Sneasler|def|1\n|-unboost|p1a: Sneasler|spd|1\n|faint|p2b: Tyranitar\n|-enditem|p1a: Sneasler|White Herb\n|-clearnegativeboost|p1a: Sneasler|[silent]\n|\n|-weather|none\n|upkeep\n|\n|t:|1775987042\n|switch|p2a: Sneasler|Sneasler, L50, M|100/100\n|switch|p2b: Archaludon|Archaludon, L50, M|100/100\n|-ability|p2a: Sneasler|Pressure\n|turn|6\n|\n|t:|1775987058\n|move|p1a: Sneasler|Protect|p1a: Sneasler\n|-singleturn|p1a: Sneasler|Protect\n|move|p1b: Delphox|Protect|p1b: Delphox\n|-singleturn|p1b: Delphox|Protect\n|move|p2a: Sneasler|Fake Out|p1a: Sneasler\n|-activate|p1a: Sneasler|move: Protect\n|move|p2b: Archaludon|Draco Meteor|p1b: Delphox\n|-activate|p1b: Delphox|move: Protect\n|\n|upkeep\n|turn|7\n|inactive|lakeandbake has 30 seconds left.\n|\n|t:|1775987083\n|move|p2b: Archaludon|Protect|p2b: Archaludon\n|-singleturn|p2b: Archaludon|Protect\n|move|p1a: Sneasler|Close Combat|p2b: Archaludon\n|-activate|p2b: Archaludon|move: Protect\n|move|p1b: Delphox|Heat Wave|p2a: Sneasler|[spread] \n|-activate|p2b: Archaludon|move: Protect\n|-miss|p1b: Delphox|p2a: Sneasler\n|move|p2a: Sneasler|Dire Claw|p1b: Delphox\n|-damage|p1b: Delphox|6/100\n|\n|upkeep\n|turn|8\n|inactive|bruhgokusolo has 30 seconds left.\n|\n|t:|1775987112\n|move|p1b: Delphox|Protect|p1b: Delphox\n|-singleturn|p1b: Delphox|Protect\n|move|p1a: Sneasler|Close Combat|p2b: Archaludon\n|-supereffective|p2b: Archaludon|1\n|-damage|p2b: Archaludon|3/100\n|-unboost|p1a: Sneasler|def|1\n|-unboost|p1a: Sneasler|spd|1\n|-ability|p2b: Archaludon|Stamina|boost\n|-boost|p2b: Archaludon|def|1\n|move|p2a: Sneasler|Dire Claw|p1b: Delphox\n|-activate|p1b: Delphox|move: Protect\n|move|p2b: Archaludon|Draco Meteor|p1b: Delphox\n|-activate|p1b: Delphox|move: Protect\n|\n|upkeep\n|turn|9\n|\n|t:|1775987137\n|move|p1a: Sneasler|Close Combat|p2a: Sneasler\n|-resisted|p2a: Sneasler|1\n|-damage|p2a: Sneasler|50/100\n|-unboost|p1a: Sneasler|def|1\n|-unboost|p1a: Sneasler|spd|1\n|move|p1b: Delphox|Heat Wave|p2b: Archaludon|[spread] p2a\n|-miss|p1b: Delphox|p2b: Archaludon\n|-damage|p2a: Sneasler|0 fnt\n|faint|p2a: Sneasler\n|move|p2b: Archaludon|Draco Meteor|p1b: Delphox\n|-damage|p1b: Delphox|0 fnt\n|-unboost|p2b: Archaludon|spa|2\n|faint|p1b: Delphox\n|\n|upkeep\n|turn|10\n|-message|bruhgokusolo forfeited.\n|\n|win|lakeandbake\n|raw|lakeandbake's rating: 1037 &rarr; <strong>1081</strong><br />(+44 for winning)\n|raw|bruhgokusolo's rating: 1137 &rarr; <strong>1105</strong><br />(-32 for losing)\n",
  "uploadtime": 1775987144,
  "views": 13,
  "formatid": "gen9championsvgc2026regma",
  "rating": 1081,
  "private": 0,
  "password": null
}