{
  "id": "gen9championsvgc2026regma-2584424362",
  "format": "[Gen 9 Champions] VGC 2026 Reg M-A",
  "players": [
    "me llamo es brian",
    "Humanesss"
  ],
  "log": "|j|\u2606me llamo es brian\n|j|\u2606Humanesss\n|t:|1776259905\n|gametype|doubles\n|player|p1|me llamo es brian|1|1243\n|player|p2|Humanesss|wattson|1186\n|gen|9\n|tier|[Gen 9 Champions] VGC 2026 Reg M-A\n|rated|\n|rule|Species Clause: Limit one of each Pok\u00e9mon\n|rule|Item Clause: Limit 1 of each item\n|clearpoke\n|poke|p1|Dragapult, L50, F|\n|poke|p1|Sinistcha, L50|\n|poke|p1|Milotic, L50, F|\n|poke|p1|Aerodactyl, L50, F|\n|poke|p1|Floette-Eternal, L50, F|\n|poke|p1|Tyranitar, L50, M|\n|poke|p2|Charizard, L50, M|\n|poke|p2|Maushold-Four, L50|\n|poke|p2|Sneasler, L50, F|\n|poke|p2|Dragapult, L50, M|\n|poke|p2|Kingambit, L50, F|\n|poke|p2|Garchomp, L50, F|\n|teampreview|4\n|\n|t:|1776259944\n|teamsize|p1|4\n|teamsize|p2|4\n|start\n|switch|p1a: Aerodactyl|Aerodactyl, L50, F|100/100\n|switch|p1b: Tyranitar|Tyranitar, L50, M|100/100\n|switch|p2a: Charizard|Charizard, L50, M, shiny|100/100\n|switch|p2b: Maushold|Maushold-Four, L50|100/100\n|-ability|p1a: Aerodactyl|Unnerve\n|-weather|Sandstorm|[from] ability: Sand Stream|[of] p1b: Tyranitar\n|turn|1\n|\n|t:|1776259974\n|detailschange|p2a: Charizard|Charizard-Mega-Y, L50, M, shiny\n|-mega|p2a: Charizard|Charizard|Charizardite Y\n|-weather|SunnyDay|[from] ability: Drought|[of] p2a: Charizard\n|move|p2a: Charizard|Protect|p2a: Charizard\n|-singleturn|p2a: Charizard|Protect\n|move|p1a: Aerodactyl|Tailwind|p1a: Aerodactyl\n|-sidestart|p1: me llamo es brian|move: Tailwind\n|move|p1b: Tyranitar|Rock Slide|p2a: Charizard|[spread] p2b\n|-activate|p2a: Charizard|move: Protect\n|-damage|p2b: Maushold|56/100\n|move|p2b: Maushold|Super Fang|p1a: Aerodactyl\n|-damage|p1a: Aerodactyl|51/100\n|\n|-weather|SunnyDay|[upkeep]\n|upkeep\n|turn|2\n|\n|t:|1776259999\n|switch|p2a: Garchomp|Garchomp, L50, F, shiny|100/100\n|move|p2b: Maushold|Protect|p2b: Maushold\n|-singleturn|p2b: Maushold|Protect\n|move|p1a: Aerodactyl|Rock Slide|p2b: Maushold|[spread] \n|-activate|p2b: Maushold|move: Protect\n|-miss|p1a: Aerodactyl|p2a: Garchomp\n|move|p1b: Tyranitar|Rock Slide|p2a: Garchomp|[spread] p2a\n|-activate|p2b: Maushold|move: Protect\n|-resisted|p2a: Garchomp|1\n|-damage|p2a: Garchomp|89/100\n|\n|-weather|SunnyDay|[upkeep]\n|upkeep\n|turn|3\n|\n|t:|1776260023\n|move|p1a: Aerodactyl|Dual Wingbeat|p2b: Maushold\n|-damage|p2b: Maushold|34/100\n|-damage|p2b: Maushold|12/100\n|-hitcount|p2b: Maushold|2\n|move|p2a: Garchomp|Rock Slide|p1b: Tyranitar|[spread] p1a,p1b\n|-supereffective|p1a: Aerodactyl|1\n|-damage|p1a: Aerodactyl|0 fnt\n|-damage|p1b: Tyranitar|83/100\n|faint|p1a: Aerodactyl\n|move|p1b: Tyranitar|Ice Punch|p2a: Garchomp\n|-supereffective|p2a: Garchomp|2\n|-damage|p2a: Garchomp|9/100\n|-damage|p1b: Tyranitar|71/100|[from] ability: Rough Skin|[of] p2a: Garchomp\n|move|p2b: Maushold|Super Fang|p1b: Tyranitar\n|-damage|p1b: Tyranitar|36/100\n|\n|-weather|SunnyDay|[upkeep]\n|upkeep\n|\n|t:|1776260034\n|switch|p1a: Floette|Floette-Eternal, L50, F|100/100\n|turn|4\n|\n|t:|1776260047\n|switch|p1b: Milotic|Milotic, L50, F, shiny|100/100\n|move|p2b: Maushold|Protect|p2b: Maushold\n|-singleturn|p2b: Maushold|Protect\n|move|p2a: Garchomp|Rock Slide|p1a: Floette|[spread] p1a,p1b\n|-damage|p1a: Floette|73/100\n|-damage|p1b: Milotic|78/100\n|move|p1a: Floette|Dazzling Gleam|p2b: Maushold|[spread] p2a\n|-activate|p2b: Maushold|move: Protect\n|-supereffective|p2a: Garchomp|1\n|-damage|p2a: Garchomp|0 fnt\n|faint|p2a: Garchomp\n|\n|-weather|SunnyDay|[upkeep]\n|-heal|p1b: Milotic|84/100|[from] item: Leftovers\n|-sideend|p1: me llamo es brian|move: Tailwind\n|upkeep\n|\n|t:|1776260069\n|switch|p2a: Sneasler|Sneasler, L50, F, shiny|100/100\n|turn|5\n|\n|t:|1776260081\n|move|p1a: Floette|Protect|p1a: Floette\n|-singleturn|p1a: Floette|Protect\n|move|p1b: Milotic|Protect|p1b: Milotic\n|-singleturn|p1b: Milotic|Protect\n|move|p2b: Maushold|Follow Me|p2b: Maushold\n|-singleturn|p2b: Maushold|move: Follow Me\n|move|p2a: Sneasler|Dire Claw|p1a: Floette\n|-activate|p1a: Floette|move: Protect\n|\n|-weather|none\n|-heal|p1b: Milotic|90/100|[from] item: Leftovers\n|upkeep\n|turn|6\n|\n|t:|1776260102\n|switch|p1a: Tyranitar|Tyranitar, L50, M|36/100\n|-weather|Sandstorm|[from] ability: Sand Stream|[of] p1a: Tyranitar\n|move|p2b: Maushold|Protect|p2b: Maushold\n|-singleturn|p2b: Maushold|Protect\n|move|p2a: Sneasler|Dire Claw|p1a: Tyranitar\n|-resisted|p1a: Tyranitar|1\n|-damage|p1a: Tyranitar|19/100\n|move|p1b: Milotic|Scald|p2a: Sneasler\n|-damage|p2a: Sneasler|69/100\n|\n|-weather|Sandstorm|[upkeep]\n|-damage|p2a: Sneasler|63/100|[from] Sandstorm\n|-damage|p2b: Maushold|6/100|[from] Sandstorm\n|-damage|p1b: Milotic|84/100|[from] Sandstorm\n|-heal|p1b: Milotic|90/100|[from] item: Leftovers\n|upkeep\n|turn|7\n|\n|t:|1776260134\n|move|p1a: Tyranitar|Protect|p1a: Tyranitar\n|-singleturn|p1a: Tyranitar|Protect\n|move|p2b: Maushold|Follow Me|p2b: Maushold\n|-singleturn|p2b: Maushold|move: Follow Me\n|move|p2a: Sneasler|Close Combat|p1a: Tyranitar\n|-activate|p1a: Tyranitar|move: Protect\n|move|p1b: Milotic|Scald|p2b: Maushold\n|-damage|p2b: Maushold|0 fnt\n|faint|p2b: Maushold\n|\n|-weather|Sandstorm|[upkeep]\n|-damage|p2a: Sneasler|57/100|[from] Sandstorm\n|-damage|p1b: Milotic|84/100|[from] Sandstorm\n|-heal|p1b: Milotic|90/100|[from] item: Leftovers\n|upkeep\n|\n|t:|1776260139\n|switch|p2b: Charizard|Charizard-Mega-Y, L50, M, shiny|100/100\n|-weather|SunnyDay|[from] ability: Drought|[of] p2b: Charizard\n|turn|8\n|\n|t:|1776260151\n|move|p1b: Milotic|Protect|p1b: Milotic\n|-singleturn|p1b: Milotic|Protect\n|move|p2a: Sneasler|Dire Claw|p1a: Tyranitar\n|-resisted|p1a: Tyranitar|1\n|-damage|p1a: Tyranitar|3/100\n|-status|p1a: Tyranitar|par\n|move|p2b: Charizard|Solar Beam||[still]\n|-prepare|p2b: Charizard|Solar Beam\n|-anim|p2b: Charizard|Solar Beam|p1b: Milotic\n|-activate|p1b: Milotic|move: Protect\n|move|p1a: Tyranitar|Rock Slide|p2a: Sneasler|[spread] p2a\n|-miss|p1a: Tyranitar|p2b: Charizard\n|-resisted|p2a: Sneasler|1\n|-damage|p2a: Sneasler|29/100\n|\n|-weather|SunnyDay|[upkeep]\n|-heal|p1b: Milotic|96/100|[from] item: Leftovers\n|upkeep\n|turn|9\n|\n|t:|1776260179\n|switch|p1a: Floette|Floette-Eternal, L50, F|73/100\n|move|p1b: Milotic|Protect|p1b: Milotic\n|-singleturn|p1b: Milotic|Protect\n|move|p2a: Sneasler|Dire Claw|p1a: Floette\n|-supereffective|p1a: Floette|1\n|-damage|p1a: Floette|0 fnt\n|faint|p1a: Floette\n|move|p2b: Charizard|Solar Beam||[still]\n|-prepare|p2b: Charizard|Solar Beam\n|-anim|p2b: Charizard|Solar Beam|p1b: Milotic\n|-activate|p1b: Milotic|move: Protect\n|\n|-weather|SunnyDay|[upkeep]\n|-heal|p1b: Milotic|100/100|[from] item: Leftovers\n|upkeep\n|\n|t:|1776260185\n|switch|p1a: Tyranitar|Tyranitar, L50, M|3/100 par\n|-weather|Sandstorm|[from] ability: Sand Stream|[of] p1a: Tyranitar\n|turn|10\n|\n|t:|1776260195\n|move|p2a: Sneasler|Close Combat|p1a: Tyranitar\n|-supereffective|p1a: Tyranitar|2\n|-enditem|p1a: Tyranitar|Chople Berry|[eat]\n|-enditem|p1a: Tyranitar|Chople Berry|[weaken]\n|-damage|p1a: Tyranitar|0 fnt\n|-unboost|p2a: Sneasler|def|1\n|-unboost|p2a: Sneasler|spd|1\n|faint|p1a: Tyranitar\n|-enditem|p2a: Sneasler|White Herb\n|-clearnegativeboost|p2a: Sneasler|[silent]\n|move|p2b: Charizard|Solar Beam||[still]\n|-prepare|p2b: Charizard|Solar Beam\n|move|p1b: Milotic|Scald|p2b: Charizard\n|-supereffective|p2b: Charizard|1\n|-damage|p2b: Charizard|47/100\n|\n|-weather|Sandstorm|[upkeep]\n|-damage|p2a: Sneasler|23/100|[from] Sandstorm\n|-damage|p2b: Charizard|41/100|[from] Sandstorm\n|-damage|p1b: Milotic|95/100|[from] Sandstorm\n|-heal|p1b: Milotic|100/100|[from] item: Leftovers\n|upkeep\n|turn|11\n|\n|t:|1776260222\n|move|p1b: Milotic|Protect|p1b: Milotic\n|-singleturn|p1b: Milotic|Protect\n|move|p2a: Sneasler|Feint|p1b: Milotic\n|-activate|p1b: Milotic|move: Feint\n|-damage|p1b: Milotic|88/100\n|move|p2b: Charizard|Solar Beam|p1b: Milotic|[from] lockedmove\n|-supereffective|p1b: Milotic|1\n|-damage|p1b: Milotic|59/100\n|\n|-weather|Sandstorm|[upkeep]\n|-damage|p2a: Sneasler|17/100|[from] Sandstorm\n|-damage|p2b: Charizard|35/100|[from] Sandstorm\n|-damage|p1b: Milotic|53/100|[from] Sandstorm\n|-heal|p1b: Milotic|59/100|[from] item: Leftovers\n|upkeep\n|turn|12\n|\n|t:|1776260242\n|move|p2b: Charizard|Protect|p2b: Charizard\n|-singleturn|p2b: Charizard|Protect\n|move|p2a: Sneasler|Dire Claw|p1b: Milotic\n|-damage|p1b: Milotic|13/100\n|move|p1b: Milotic|Recover|p1b: Milotic\n|-heal|p1b: Milotic|63/100\n|\n|-weather|Sandstorm|[upkeep]\n|-damage|p2a: Sneasler|11/100|[from] Sandstorm\n|-damage|p2b: Charizard|29/100|[from] Sandstorm\n|-damage|p1b: Milotic|57/100|[from] Sandstorm\n|-heal|p1b: Milotic|63/100|[from] item: Leftovers\n|upkeep\n|turn|13\n|\n|t:|1776260260\n|move|p2a: Sneasler|Feint|p1b: Milotic\n|-damage|p1b: Milotic|51/100\n|move|p2b: Charizard|Solar Beam||[still]\n|-prepare|p2b: Charizard|Solar Beam\n|move|p1b: Milotic|Scald|p2b: Charizard\n|-supereffective|p2b: Charizard|1\n|-damage|p2b: Charizard|0 fnt\n|faint|p2b: Charizard\n|\n|-weather|Sandstorm|[upkeep]\n|-damage|p2a: Sneasler|6/100|[from] Sandstorm\n|-damage|p1b: Milotic|45/100|[from] Sandstorm\n|-heal|p1b: Milotic|51/100|[from] item: Leftovers\n|upkeep\n|turn|14\n|\n|t:|1776260273\n|move|p2a: Sneasler|Feint|p1b: Milotic\n|-damage|p1b: Milotic|39/100\n|move|p1b: Milotic|Recover|p1b: Milotic\n|-heal|p1b: Milotic|89/100\n|\n|-weather|none\n|-heal|p1b: Milotic|95/100|[from] item: Leftovers\n|upkeep\n|turn|15\n|\n|t:|1776260278\n|move|p1b: Milotic|Protect|p1b: Milotic\n|-singleturn|p1b: Milotic|Protect\n|move|p2a: Sneasler|Dire Claw|p1b: Milotic\n|-activate|p1b: Milotic|move: Protect\n|\n|-heal|p1b: Milotic|100/100|[from] item: Leftovers\n|upkeep\n|turn|16\n|\n|t:|1776260284\n|move|p2a: Sneasler|Dire Claw|p1b: Milotic\n|-damage|p1b: Milotic|59/100\n|move|p1b: Milotic|Scald|p2a: Sneasler\n|-damage|p2a: Sneasler|0 fnt\n|faint|p2a: Sneasler\n|\n|win|me llamo es brian\n|raw|me llamo es brian's rating: 1243 &rarr; <strong>1264</strong><br />(+21 for winning)\n|raw|Humanesss's rating: 1186 &rarr; <strong>1165</strong><br />(-21 for losing)\n|c|\u2606me llamo es brian|get\n|l|\u2606Humanesss\n|player|p2|\n",
  "uploadtime": 1776260295,
  "views": 19,
  "formatid": "gen9championsvgc2026regma",
  "rating": 1165,
  "private": 0,
  "password": null
}