{
  "id": "gen9championsvgc2026regma-2587774277",
  "format": "[Gen 9 Champions] VGC 2026 Reg M-A",
  "players": [
    "Wo0oorthy",
    "treeshhhh"
  ],
  "log": "|j|\u2606Wo0oorthy\n|j|\u2606treeshhhh\n|t:|1776562653\n|gametype|doubles\n|player|p1|Wo0oorthy|dawn-gen4pt|1325\n|player|p2|treeshhhh|169|1341\n|gen|9\n|tier|[Gen 9 Champions] VGC 2026 Reg M-A\n|rated|\n|rule|Species Clause: Limit one of each Pok\u00e9mon\n|rule|Item Clause: Limit 1 of each item\n|clearpoke\n|poke|p1|Tyranitar, L50, M|\n|poke|p1|Scovillain, L50, M|\n|poke|p1|Corviknight, L50, M|\n|poke|p1|Dragapult, L50, F|\n|poke|p1|Milotic, L50, F|\n|poke|p1|Farigiraf, L50, M|\n|poke|p2|Lucario, L50, F|\n|poke|p2|Dragonite, L50, M|\n|poke|p2|Archaludon, L50, M|\n|poke|p2|Kingambit, L50, M|\n|poke|p2|Basculegion, L50, M|\n|poke|p2|Pelipper, L50, F|\n|teampreview|4\n|inactive|Battle timer is ON: inactive players will automatically lose when time's up. (requested by Wo0oorthy)\n|\n|t:|1776562687\n|teamsize|p1|4\n|teamsize|p2|4\n|start\n|switch|p1a: Corviknight|Corviknight, L50, M|100/100\n|switch|p1b: Dragapult|Dragapult, L50, F|100/100\n|switch|p2a: Basculegion|Basculegion, L50, M|100/100\n|switch|p2b: Dragonite|Dragonite, L50, M|100/100\n|turn|1\n|\n|t:|1776562701\n|detailschange|p2b: Dragonite|Dragonite-Mega, L50, M\n|-mega|p2b: Dragonite|Dragonite|Dragoninite\n|move|p1b: Dragapult|Sucker Punch|p2a: Basculegion\n|-supereffective|p2a: Basculegion|1\n|-damage|p2a: Basculegion|50/100\n|move|p2a: Basculegion|Flip Turn|p1b: Dragapult\n|-resisted|p1b: Dragapult|1\n|-damage|p1b: Dragapult|76/100\n|\n|t:|1776562708\n|switch|p2a: Pelipper|Pelipper, L50, F|100/100|[from] Flip Turn\n|-weather|RainDance|[from] ability: Drizzle|[of] p2a: Pelipper\n|move|p2b: Dragonite|Tailwind|p2b: Dragonite\n|-sidestart|p2: treeshhhh|move: Tailwind\n|move|p1a: Corviknight|Tailwind|p1a: Corviknight\n|-sidestart|p1: Wo0oorthy|move: Tailwind\n|\n|-weather|RainDance|[upkeep]\n|upkeep\n|turn|2\n|\n|t:|1776562729\n|switch|p1b: Scovillain|Scovillain, L50, M|100/100\n|switch|p1a: Tyranitar|Tyranitar, L50, M|100/100\n|-weather|Sandstorm|[from] ability: Sand Stream|[of] p1a: Tyranitar\n|move|p2b: Dragonite|Draco Meteor|p1b: Scovillain\n|-damage|p1b: Scovillain|3/100\n|-unboost|p2b: Dragonite|spa|2\n|move|p2a: Pelipper|Weather Ball|p1a: Tyranitar\n|-damage|p1a: Tyranitar|84/100\n|\n|-weather|Sandstorm|[upkeep]\n|-damage|p2b: Dragonite|94/100|[from] Sandstorm\n|-damage|p2a: Pelipper|95/100|[from] Sandstorm\n|-damage|p1b: Scovillain|0 fnt|[from] Sandstorm\n|faint|p1b: Scovillain\n|upkeep\n|\n|t:|1776562749\n|switch|p1b: Corviknight|Corviknight, L50, M|100/100\n|turn|3\n|\n|t:|1776562766\n|switch|p2a: Archaludon|Archaludon, L50, M|100/100\n|move|p2b: Dragonite|Protect|p2b: Dragonite\n|-singleturn|p2b: Dragonite|Protect\n|move|p1b: Corviknight|Brave Bird|p2b: Dragonite\n|-activate|p2b: Dragonite|move: Protect\n|move|p1a: Tyranitar|Knock Off|p2a: Archaludon\n|-damage|p2a: Archaludon|67/100\n|-ability|p2a: Archaludon|Stamina|boost\n|-boost|p2a: Archaludon|def|1\n|-enditem|p2a: Archaludon|Leftovers|[from] move: Knock Off|[of] p1a: Tyranitar\n|\n|-weather|Sandstorm|[upkeep]\n|-damage|p2b: Dragonite|88/100|[from] Sandstorm\n|upkeep\n|turn|4\n|\n|t:|1776562789\n|switch|p2b: Pelipper|Pelipper, L50, F|95/100\n|-weather|RainDance|[from] ability: Drizzle|[of] p2b: Pelipper\n|move|p1b: Corviknight|Brave Bird|p2b: Pelipper\n|-damage|p2b: Pelipper|44/100\n|-damage|p1b: Corviknight|89/100|[from] Recoil\n|move|p2a: Archaludon|Electro Shot||[still]\n|-prepare|p2a: Archaludon|Electro Shot\n|-boost|p2a: Archaludon|spa|1\n|-anim|p2a: Archaludon|Electro Shot|p1b: Corviknight\n|-supereffective|p1b: Corviknight|1\n|-damage|p1b: Corviknight|0 fnt\n|faint|p1b: Corviknight\n|move|p1a: Tyranitar|Low Kick|p2a: Archaludon\n|-supereffective|p2a: Archaludon|1\n|-damage|p2a: Archaludon|44/100\n|-ability|p2a: Archaludon|Stamina|boost\n|-boost|p2a: Archaludon|def|1\n|\n|-weather|RainDance|[upkeep]\n|-sideend|p1: Wo0oorthy|move: Tailwind\n|-sideend|p2: treeshhhh|move: Tailwind\n|upkeep\n|\n|t:|1776562807\n|switch|p1b: Dragapult|Dragapult, L50, F|76/100\n|turn|5\n|\n|t:|1776562817\n|move|p1b: Dragapult|Phantom Force||[still]\n|-prepare|p1b: Dragapult|Phantom Force\n|move|p2b: Pelipper|Weather Ball|p1a: Tyranitar\n|-supereffective|p1a: Tyranitar|1\n|-damage|p1a: Tyranitar|0 fnt\n|faint|p1a: Tyranitar\n|move|p2a: Archaludon|Flash Cannon|p1b: Dragapult|[miss]\n|-miss|p2a: Archaludon|p1b: Dragapult\n|\n|-weather|RainDance|[upkeep]\n|upkeep\n|turn|6\n|\n|t:|1776562827\n|move|p1b: Dragapult|Phantom Force|p2a: Archaludon|[from] lockedmove\n|-damage|p2a: Archaludon|30/100\n|-ability|p2a: Archaludon|Stamina|boost\n|-boost|p2a: Archaludon|def|1\n|move|p2b: Pelipper|Hurricane|p1b: Dragapult\n|-damage|p1b: Dragapult|0 fnt\n|faint|p1b: Dragapult\n|\n|win|treeshhhh\n|raw|Wo0oorthy's rating: 1325 &rarr; <strong>1306</strong><br />(-19 for losing)\n|raw|treeshhhh's rating: 1341 &rarr; <strong>1360</strong><br />(+19 for winning)\n|l|\u2606Wo0oorthy\n|player|p1|\n",
  "uploadtime": 1776562834,
  "views": 16,
  "formatid": "gen9championsvgc2026regma",
  "rating": 1306,
  "private": 0,
  "password": null
}