{
  "id": "gen9championsvgc2026regma-2585751161",
  "format": "[Gen 9 Champions] VGC 2026 Reg M-A",
  "players": [
    "nngf\u9b3c\u8749\u4fa0",
    "SnowFly96"
  ],
  "log": "|j|\u2606nngf\u9b3c\u8749\u4fa0\n|j|\u2606SnowFly96\n|t:|1776368064\n|gametype|doubles\n|player|p1|nngf\u9b3c\u8749\u4fa0|bugsy|1223\n|player|p2|SnowFly96|skier|1276\n|gen|9\n|tier|[Gen 9 Champions] VGC 2026 Reg M-A\n|rated|\n|rule|Species Clause: Limit one of each Pok\u00e9mon\n|rule|Item Clause: Limit 1 of each item\n|clearpoke\n|poke|p1|Sinistcha, L50|\n|poke|p1|Ampharos, L50, M|\n|poke|p1|Kangaskhan, L50, F|\n|poke|p1|Basculegion, L50, M|\n|poke|p1|Politoed, L50, M|\n|poke|p1|Whimsicott, L50, M|\n|poke|p2|Crabominable, L50, F|\n|poke|p2|Farigiraf, L50, F|\n|poke|p2|Primarina, L50, F|\n|poke|p2|Sinistcha-Masterpiece, L50|\n|poke|p2|Rotom-Heat, L50|\n|poke|p2|Garchomp, L50, F|\n|teampreview|4\n|inactive|Battle timer is ON: inactive players will automatically lose when time's up. (requested by SnowFly96)\n|inactive|nngf\u9b3c\u8749\u4fa0 has 60 seconds left.\n|inactive|SnowFly96 has 60 seconds left.\n|\n|t:|1776368107\n|teamsize|p1|4\n|teamsize|p2|4\n|start\n|switch|p1a: Whimsicott|Whimsicott, L50, M|100/100\n|switch|p1b: Ampharos|Ampharos, L50, M|100/100\n|switch|p2a: Rotom|Rotom-Heat, L50|100/100\n|switch|p2b: Garchomp|Garchomp, L50, F|100/100\n|turn|1\n|\n|t:|1776368128\n|switch|p1a: Politoed|Politoed, L50, M|100/100\n|-weather|RainDance|[from] ability: Drizzle|[of] p1a: Politoed\n|detailschange|p1b: Ampharos|Ampharos-Mega, L50, M\n|-mega|p1b: Ampharos|Ampharos|Ampharosite\n|-ability|p1b: Ampharos|Mold Breaker\n|move|p2b: Garchomp|Earthquake|p1b: Ampharos|[spread] p1a,p1b\n|-immune|p2a: Rotom|[from] ability: Levitate\n|-supereffective|p1b: Ampharos|1\n|-damage|p1a: Politoed|56/100\n|-damage|p1b: Ampharos|23/100\n|move|p2a: Rotom|Discharge|p1a: Politoed|[spread] p1a,p1b\n|-immune|p2b: Garchomp\n|-supereffective|p1a: Politoed|1\n|-resisted|p1b: Ampharos|2\n|-crit|p1b: Ampharos\n|-damage|p1a: Politoed|16/100\n|-damage|p1b: Ampharos|14/100\n|-enditem|p1a: Politoed|Sitrus Berry|[eat]\n|-heal|p1a: Politoed|41/100|[from] item: Sitrus Berry\n|move|p1b: Ampharos|Dragon Pulse|p2b: Garchomp\n|-supereffective|p2b: Garchomp|1\n|-enditem|p2b: Garchomp|Focus Sash\n|-damage|p2b: Garchomp|1/100\n|\n|-weather|RainDance|[upkeep]\n|upkeep\n|turn|2\n|inactive|nngf\u9b3c\u8749\u4fa0 has 30 seconds left.\n|inactive|SnowFly96 has 30 seconds left.\n|inactive|SnowFly96 has 20 seconds left.\n|inactive|SnowFly96 has 15 seconds left.\n|inactive|SnowFly96 has 10 seconds left.\n|inactive|SnowFly96 has 5 seconds left.\n|\n|t:|1776368178\n|switch|p1b: Whimsicott|Whimsicott, L50, M|100/100\n|move|p1a: Politoed|Protect|p1a: Politoed\n|-singleturn|p1a: Politoed|Protect\n|move|p2b: Garchomp|Earthquake|p1b: Whimsicott|[spread] p1b\n|-activate|p1a: Politoed|move: Protect\n|-immune|p2a: Rotom|[from] ability: Levitate\n|-resisted|p1b: Whimsicott|1\n|-damage|p1b: Whimsicott|75/100\n|move|p2a: Rotom|Discharge|p1b: Whimsicott|[spread] p1b\n|-activate|p1a: Politoed|move: Protect\n|-immune|p2b: Garchomp\n|-resisted|p1b: Whimsicott|1\n|-damage|p1b: Whimsicott|59/100\n|-status|p1b: Whimsicott|par\n|\n|-weather|RainDance|[upkeep]\n|upkeep\n|turn|3\n|inactive|SnowFly96 has 30 seconds left.\n|inactive|SnowFly96 has 20 seconds left.\n|inactive|SnowFly96 has 15 seconds left.\n|\n|t:|1776368221\n|move|p1b: Whimsicott|Tailwind|p1b: Whimsicott\n|-sidestart|p1: nngf\u9b3c\u8749\u4fa0|move: Tailwind\n|move|p1a: Politoed|Weather Ball|p2a: Rotom\n|-supereffective|p2a: Rotom|1\n|-damage|p2a: Rotom|0 fnt\n|faint|p2a: Rotom\n|move|p2b: Garchomp|Earthquake|p1b: Whimsicott|[spread] p1a,p1b\n|-resisted|p1b: Whimsicott|1\n|-damage|p1a: Politoed|3/100\n|-damage|p1b: Whimsicott|36/100 par\n|\n|-weather|RainDance|[upkeep]\n|upkeep\n|\n|t:|1776368227\n|switch|p2a: Sinistcha|Sinistcha-Masterpiece, L50|100/100\n|-heal|p2b: Garchomp|26/100|[from] ability: Hospitality|[of] p2a: Sinistcha\n|turn|4\n|\n|t:|1776368250\n|move|p1a: Politoed|Weather Ball|p2b: Garchomp\n|-damage|p2b: Garchomp|0 fnt\n|faint|p2b: Garchomp\n|move|p1b: Whimsicott|Moonblast|p2a: Sinistcha\n|-damage|p2a: Sinistcha|67/100\n|move|p2a: Sinistcha|Trick Room|p2a: Sinistcha\n|-fieldstart|move: Trick Room|[of] p2a: Sinistcha\n|\n|-weather|RainDance|[upkeep]\n|-heal|p2a: Sinistcha|73/100|[from] item: Leftovers\n|upkeep\n|\n|t:|1776368275\n|switch|p2b: Crabominable|Crabominable, L50, F|100/100\n|turn|5\n|\n|t:|1776368284\n|detailschange|p2b: Crabominable|Crabominable-Mega, L50, F\n|-mega|p2b: Crabominable|Crabominable|Crabominite\n|move|p1a: Politoed|Protect|p1a: Politoed\n|-singleturn|p1a: Politoed|Protect\n|move|p2b: Crabominable|Ice Hammer|p1b: Whimsicott\n|-supereffective|p1b: Whimsicott|1\n|-damage|p1b: Whimsicott|0 fnt\n|-unboost|p2b: Crabominable|spe|1\n|faint|p1b: Whimsicott\n|move|p2a: Sinistcha|Matcha Gotcha|p1a: Politoed\n|-activate|p1a: Politoed|move: Protect\n|\n|-weather|none\n|-heal|p2a: Sinistcha|79/100|[from] item: Leftovers\n|upkeep\n|\n|t:|1776368297\n|switch|p1b: Basculegion|Basculegion, L50, M|100/100\n|turn|6\n|inactive|SnowFly96 has 30 seconds left.\n|inactive|SnowFly96 has 20 seconds left.\n|inactive|SnowFly96 has 15 seconds left.\n|\n|t:|1776368341\n|move|p1a: Politoed|Helping Hand|p1b: Basculegion\n|-singleturn|p1b: Basculegion|Helping Hand|[of] p1a: Politoed\n|move|p2b: Crabominable|Ice Hammer|p1b: Basculegion\n|-resisted|p1b: Basculegion|1\n|-damage|p1b: Basculegion|58/100\n|-unboost|p2b: Crabominable|spe|1\n|move|p2a: Sinistcha|Matcha Gotcha|p1a: Politoed|[spread] p1a,p1b\n|-supereffective|p1a: Politoed|1\n|-supereffective|p1b: Basculegion|1\n|-damage|p1a: Politoed|0 fnt\n|-heal|p2a: Sinistcha|80/100|[from] drain|[of] p1a: Politoed\n|-damage|p1b: Basculegion|4/100\n|-heal|p2a: Sinistcha|100/100|[from] drain|[of] p1b: Basculegion\n|faint|p1a: Politoed\n|move|p1b: Basculegion|Last Respects|p2a: Sinistcha\n|-supereffective|p2a: Sinistcha|1\n|-damage|p2a: Sinistcha|0 fnt\n|faint|p2a: Sinistcha\n|\n|-sideend|p1: nngf\u9b3c\u8749\u4fa0|move: Tailwind\n|upkeep\n|\n|t:|1776368359\n|switch|p1a: Ampharos|Ampharos-Mega, L50, M|14/100\n|-ability|p1a: Ampharos|Mold Breaker\n|turn|7\n|\n|t:|1776368389\n|move|p2b: Crabominable|Ice Hammer|p1b: Basculegion\n|-resisted|p1b: Basculegion|1\n|-damage|p1b: Basculegion|0 fnt\n|-unboost|p2b: Crabominable|spe|1\n|faint|p1b: Basculegion\n|move|p1a: Ampharos|Dragon Pulse|p2b: Crabominable\n|-damage|p2b: Crabominable|55/100\n|\n|upkeep\n|turn|8\n|inactive|SnowFly96 has 30 seconds left.\n|inactive|SnowFly96 has 20 seconds left.\n|inactive|SnowFly96 has 15 seconds left.\n|inactive|SnowFly96 has 10 seconds left.\n|inactive|SnowFly96 has 5 seconds left.\n|\n|t:|1776368441\n|move|p1a: Ampharos|Protect|p1a: Ampharos\n|-singleturn|p1a: Ampharos|Protect\n|move|p2b: Crabominable|Ice Hammer|p1a: Ampharos\n|-activate|p1a: Ampharos|move: Protect\n|\n|-fieldend|move: Trick Room\n|upkeep\n|turn|9\n|\n|t:|1776368448\n|move|p2b: Crabominable|Mach Punch|p1a: Ampharos\n|-damage|p1a: Ampharos|0 fnt\n|faint|p1a: Ampharos\n|\n|win|SnowFly96\n|raw|nngf\u9b3c\u8749\u4fa0's rating: 1223 &rarr; <strong>1202</strong><br />(-21 for losing)\n|raw|SnowFly96's rating: 1276 &rarr; <strong>1297</strong><br />(+21 for winning)\n",
  "uploadtime": 1776368454,
  "views": 28,
  "formatid": "gen9championsvgc2026regma",
  "rating": 1202,
  "private": 0,
  "password": null
}