{
  "id": "gen9championsvgc2026regma-2583284690",
  "format": "[Gen 9 Champions] VGC 2026 Reg M-A",
  "players": [
    "nani0337",
    "titichampions"
  ],
  "log": "|j|\u2606nani0337\n|j|\u2606titichampions\n|t:|1776163114\n|gametype|doubles\n|player|p1|nani0337|101|1143\n|player|p2|titichampions|170|1125\n|gen|9\n|tier|[Gen 9 Champions] VGC 2026 Reg M-A\n|rated|\n|rule|Species Clause: Limit one of each Pok\u00e9mon\n|rule|Item Clause: Limit 1 of each item\n|clearpoke\n|poke|p1|Froslass, L50, F|\n|poke|p1|Orthworm, L50, M|\n|poke|p1|Incineroar, L50, M|\n|poke|p1|Basculegion, L50, M|\n|poke|p1|Rotom-Frost, L50|\n|poke|p1|Garchomp, L50, F|\n|poke|p2|Tyranitar, L50, F|\n|poke|p2|Corviknight, L50, M|\n|poke|p2|Primarina, L50, M|\n|poke|p2|Excadrill, L50, M|\n|poke|p2|Incineroar, L50, M|\n|poke|p2|Sinistcha, L50|\n|teampreview|4\n|\n|t:|1776163161\n|teamsize|p1|4\n|teamsize|p2|4\n|start\n|switch|p1a: Basculegion|Basculegion, L50, M|100/100\n|switch|p1b: Incineroar|Incineroar, L50, M|100/100\n|switch|p2a: Incineroar|Incineroar, L50, M|100/100\n|switch|p2b: Primarina|Primarina, L50, M, shiny|100/100\n|-ability|p2a: Incineroar|Intimidate|boost\n|-unboost|p1a: Basculegion|atk|1\n|-unboost|p1b: Incineroar|atk|1\n|-ability|p1b: Incineroar|Intimidate|boost\n|-unboost|p2a: Incineroar|atk|1\n|-unboost|p2b: Primarina|atk|1\n|turn|1\n|\n|t:|1776163197\n|move|p2a: Incineroar|Fake Out|p1b: Incineroar\n|-damage|p1b: Incineroar|94/100\n|cant|p1b: Incineroar|flinch\n|move|p1a: Basculegion|Flip Turn|p2a: Incineroar\n|-supereffective|p2a: Incineroar|1\n|-damage|p2a: Incineroar|43/100\n|\n|t:|1776163213\n|switch|p1a: Froslass|Froslass, L50, F|100/100|[from] Flip Turn\n|move|p2b: Primarina|Moonblast|p1a: Froslass\n|-damage|p1a: Froslass|24/100\n|\n|upkeep\n|turn|2\n|\n|t:|1776163241\n|move|p1a: Froslass|Protect|p1a: Froslass\n|-singleturn|p1a: Froslass|Protect\n|move|p2a: Incineroar|Flare Blitz|p1a: Froslass\n|-activate|p1a: Froslass|move: Protect\n|move|p2b: Primarina|Moonblast|p1b: Incineroar\n|-damage|p1b: Incineroar|43/100\n|move|p1b: Incineroar|Parting Shot|p2b: Primarina\n|-unboost|p2b: Primarina|atk|1\n|-unboost|p2b: Primarina|spa|1\n|\n|t:|1776163253\n|switch|p1b: Basculegion|Basculegion, L50, M|100/100|[from] Parting Shot\n|\n|upkeep\n|turn|3\n|\n|t:|1776163279\n|switch|p1a: Incineroar|Incineroar, L50, M|43/100\n|-ability|p1a: Incineroar|Intimidate|boost\n|-unboost|p2a: Incineroar|atk|1\n|-unboost|p2b: Primarina|atk|1\n|move|p1b: Basculegion|Flip Turn|p2a: Incineroar\n|-supereffective|p2a: Incineroar|1\n|-damage|p2a: Incineroar|0 fnt\n|faint|p2a: Incineroar\n|\n|t:|1776163289\n|switch|p1b: Orthworm|Orthworm, L50, M|100/100|[from] Flip Turn\n|move|p2b: Primarina|Haze|p2b: Primarina\n|-clearallboost\n|\n|upkeep\n|\n|t:|1776163300\n|switch|p2a: Tyranitar|Tyranitar, L50, F|100/100\n|-weather|Sandstorm|[from] ability: Sand Stream|[of] p2a: Tyranitar\n|turn|4\n|\n|t:|1776163323\n|move|p2a: Tyranitar|Protect|p2a: Tyranitar\n|-singleturn|p2a: Tyranitar|Protect\n|move|p1a: Incineroar|Fake Out|p2b: Primarina\n|-damage|p2b: Primarina|85/100\n|cant|p2b: Primarina|flinch\n|move|p1b: Orthworm|Shed Tail|p1b: Orthworm\n|-start|p1b: Orthworm|Substitute|[from] move: Shed Tail\n|-damage|p1b: Orthworm|50/100\n|-enditem|p1b: Orthworm|Sitrus Berry|[eat]\n|-heal|p1b: Orthworm|75/100|[from] item: Sitrus Berry\n|\n|t:|1776163334\n|switch|p1b: Froslass|Froslass, L50, F|24/100|[from] Shed Tail\n|\n|-weather|Sandstorm|[upkeep]\n|-damage|p1b: Froslass|18/100|[from] Sandstorm\n|-damage|p2b: Primarina|80/100|[from] Sandstorm\n|-damage|p1a: Incineroar|37/100|[from] Sandstorm\n|upkeep\n|turn|5\n|\n|t:|1776163368\n|detailschange|p1b: Froslass|Froslass-Mega, L50, F\n|-mega|p1b: Froslass|Froslass|Froslassite\n|-weather|Snowscape|[from] ability: Snow Warning|[of] p1b: Froslass\n|detailschange|p2a: Tyranitar|Tyranitar-Mega, L50, F\n|-mega|p2a: Tyranitar|Tyranitar|Tyranitarite\n|-weather|Sandstorm|[from] ability: Sand Stream|[of] p2a: Tyranitar\n|move|p1b: Froslass|Shadow Ball|p2b: Primarina\n|-damage|p2b: Primarina|39/100\n|move|p2a: Tyranitar|Rock Slide|p1a: Incineroar|[spread] p1a,p1b\n|-supereffective|p1b: Froslass|1\n|-end|p1b: Froslass|Substitute\n|-supereffective|p1a: Incineroar|1\n|-crit|p1a: Incineroar\n|-damage|p1a: Incineroar|0 fnt\n|faint|p1a: Incineroar\n|move|p2b: Primarina|Hyper Voice|p1b: Froslass\n|-damage|p1b: Froslass|0 fnt\n|faint|p1b: Froslass\n|\n|-weather|Sandstorm|[upkeep]\n|-damage|p2b: Primarina|33/100|[from] Sandstorm\n|upkeep\n|\n|t:|1776163388\n|switch|p1b: Orthworm|Orthworm, L50, M|75/100\n|switch|p1a: Basculegion|Basculegion, L50, M|100/100\n|turn|6\n|\n|t:|1776163407\n|move|p2b: Primarina|Protect|p2b: Primarina\n|-singleturn|p2b: Primarina|Protect\n|move|p1a: Basculegion|Last Respects|p2b: Primarina\n|-activate|p2b: Primarina|move: Protect\n|move|p2a: Tyranitar|Crunch|p1a: Basculegion\n|-supereffective|p1a: Basculegion|1\n|-damage|p1a: Basculegion|0 fnt\n|faint|p1a: Basculegion\n|move|p1b: Orthworm|Body Press|p2a: Tyranitar\n|-supereffective|p2a: Tyranitar|2\n|-crit|p2a: Tyranitar\n|-damage|p2a: Tyranitar|0 fnt\n|faint|p2a: Tyranitar\n|\n|-weather|Sandstorm|[upkeep]\n|-damage|p2b: Primarina|27/100|[from] Sandstorm\n|upkeep\n|\n|t:|1776163429\n|switch|p2a: Excadrill|Excadrill, L50, M|100/100\n|turn|7\n|\n|t:|1776163443\n|move|p2a: Excadrill|Iron Head|p1b: Orthworm\n|-resisted|p1b: Orthworm|1\n|-crit|p1b: Orthworm\n|-damage|p1b: Orthworm|53/100\n|move|p2b: Primarina|Hyper Voice|p1b: Orthworm\n|-damage|p1b: Orthworm|0 fnt\n|faint|p1b: Orthworm\n|\n|win|titichampions\n|raw|nani0337's rating: 1143 &rarr; <strong>1117</strong><br />(-26 for losing)\n|raw|titichampions's rating: 1125 &rarr; <strong>1151</strong><br />(+26 for winning)\n|l|\u2606nani0337\n|player|p1|\n",
  "uploadtime": 1776163467,
  "views": 23,
  "formatid": "gen9championsvgc2026regma",
  "rating": 1117,
  "private": 0,
  "password": null
}