{
  "id": "gen9championsvgc2026regma-2581256909",
  "format": "[Gen 9 Champions] VGC 2026 Reg M-A",
  "players": [
    "uzumakithomas",
    "TheParasectKing"
  ],
  "log": "|j|\u2606uzumakithomas\n|j|\u2606TheParasectKing\n|t:|1775977230\n|gametype|doubles\n|player|p1|uzumakithomas|volkner|\n|player|p2|TheParasectKing|acetrainer-gen4dp|\n|gen|9\n|tier|[Gen 9 Champions] VGC 2026 Reg M-A\n|rated|Tournament battle\n|rule|Species Clause: Limit one of each Pok\u00e9mon\n|rule|Item Clause: Limit 1 of each item\n|clearpoke\n|poke|p1|Delphox, L50, M|\n|poke|p1|Venusaur, L50, F|\n|poke|p1|Rotom-Wash, L50|\n|poke|p1|Ninetales-Alola, L50, M|\n|poke|p1|Sneasler, L50, M|\n|poke|p1|Garchomp, L50, M|\n|poke|p2|Victreebel, L50, M|\n|poke|p2|Pelipper, L50, M|\n|poke|p2|Basculegion, L50, M|\n|poke|p2|Raichu, L50, M|\n|poke|p2|Krookodile, L50, F|\n|poke|p2|Corviknight, L50, M|\n|teampreview|4\n|inactive|Battle timer is ON: inactive players will automatically lose when time's up. (requested by TheParasectKing)\n|c|\u2606TheParasectKing|glhf!\nuzumakithomas has agreed to open team sheets.\n|inactive|uzumakithomas has 60 seconds left.\n|j| pengu\n|l| pengu\n|inactive|uzumakithomas has 30 seconds left.\n|\n|t:|1775977300\n|teamsize|p1|4\n|teamsize|p2|4\n|start\n|switch|p1a: Venusaur|Venusaur, L50, F|100/100\n|switch|p1b: Sneasler|Sneasler, L50, M|100/100\n|switch|p2a: Corviknight|Corviknight, L50, M|100/100\n|switch|p2b: Raichu|Raichu, L50, M|100/100\n|turn|1\n|inactive|uzumakithomas has 30 seconds left.\n|inactive|uzumakithomas has 20 seconds left.\n|inactive|TheParasectKing has 30 seconds left.\n|inactive|uzumakithomas has 15 seconds left.\n|inactive|uzumakithomas has 10 seconds left.\n|\n|t:|1775977350\n|move|p2b: Raichu|Fake Out|p1b: Sneasler\n|-damage|p1b: Sneasler|86/100\n|cant|p1b: Sneasler|flinch\n|move|p1a: Venusaur|Leech Seed|p2b: Raichu\n|-start|p2b: Raichu|move: Leech Seed\n|move|p2a: Corviknight|Iron Defense|p2a: Corviknight\n|-boost|p2a: Corviknight|def|2\n|\n|-damage|p2b: Raichu|88/100|[from] Leech Seed|[of] p1a: Venusaur\n|upkeep\n|turn|2\n|inactive|uzumakithomas has 30 seconds left.\n|inactive|uzumakithomas has 20 seconds left.\n|inactive|uzumakithomas has 15 seconds left.\n|\n|t:|1775977393\n|move|p2b: Raichu|Electroweb|p1b: Sneasler|[spread] p1a,p1b\n|-resisted|p1a: Venusaur|1\n|-damage|p1a: Venusaur|95/100\n|-damage|p1b: Sneasler|67/100\n|-unboost|p1a: Venusaur|spe|1\n|-unboost|p1b: Sneasler|spe|1\n|move|p1b: Sneasler|Coaching|p1a: Venusaur\n|-boost|p1a: Venusaur|atk|1\n|-boost|p1a: Venusaur|def|1\n|move|p2a: Corviknight|Body Press|p1b: Sneasler\n|-resisted|p1b: Sneasler|1\n|-damage|p1b: Sneasler|25/100\n|move|p1a: Venusaur|Leech Seed|p2a: Corviknight\n|-start|p2a: Corviknight|move: Leech Seed\n|\n|-damage|p2b: Raichu|75/100|[from] Leech Seed|[of] p1a: Venusaur\n|-heal|p1a: Venusaur|100/100|[silent]\n|-damage|p2a: Corviknight|88/100|[from] Leech Seed|[of] p1a: Venusaur\n|upkeep\n|turn|3\n|inactive|uzumakithomas has 30 seconds left.\n|inactive|uzumakithomas has 20 seconds left.\n|inactive|uzumakithomas has 15 seconds left.\n|inactive|uzumakithomas has 10 seconds left.\n|\n|t:|1775977439\n|switch|p1b: Ninetales|Ninetales-Alola, L50, M|100/100\n|-weather|Snowscape|[from] ability: Snow Warning|[of] p1b: Ninetales\n|move|p2b: Raichu|Encore|p1a: Venusaur\n|-start|p1a: Venusaur|Encore\n|move|p2a: Corviknight|Body Press|p1b: Ninetales\n|-damage|p1b: Ninetales|51/100\n|move|p1a: Venusaur|Leech Seed||[still]\n|-fail|p1a: Venusaur\n|\n|-weather|Snowscape|[upkeep]\n|-heal|p2a: Corviknight|94/100|[from] item: Leftovers\n|-damage|p2b: Raichu|63/100|[from] Leech Seed|[of] p1a: Venusaur\n|-damage|p2a: Corviknight|82/100|[from] Leech Seed|[of] p1a: Venusaur\n|upkeep\n|turn|4\n|inactive|uzumakithomas has 30 seconds left.\n|inactive|uzumakithomas has 20 seconds left.\n|inactive|uzumakithomas has 15 seconds left.\n|inactive|uzumakithomas has 10 seconds left.\n|\n|t:|1775977489\n|switch|p1a: Delphox|Delphox, L50, M|100/100\n|move|p2b: Raichu|Feint|p1b: Ninetales\n|-damage|p1b: Ninetales|45/100\n|move|p1b: Ninetales|Aurora Veil|p1b: Ninetales\n|-sidestart|p1: uzumakithomas|move: Aurora Veil\n|move|p2a: Corviknight|Body Press|p1b: Ninetales\n|-damage|p1b: Ninetales|11/100\n|\n|-weather|Snowscape|[upkeep]\n|-heal|p2a: Corviknight|88/100|[from] item: Leftovers\n|-damage|p2b: Raichu|50/100|[from] Leech Seed|[of] p1a: Delphox\n|-damage|p2a: Corviknight|76/100|[from] Leech Seed|[of] p1a: Delphox\n|upkeep\n|turn|5\n|inactive|uzumakithomas has 30 seconds left.\n|inactive|TheParasectKing has 30 seconds left.\n|\n|t:|1775977527\n|switch|p1b: Venusaur|Venusaur, L50, F|100/100\n|detailschange|p1a: Delphox|Delphox-Mega, L50, M\n|-mega|p1a: Delphox|Delphox|Delphoxite\n|move|p1a: Delphox|Heat Wave|p2a: Corviknight|[spread] p2a,p2b\n|-supereffective|p2a: Corviknight|1\n|-damage|p2a: Corviknight|0 fnt\n|-damage|p2b: Raichu|0 fnt\n|faint|p2a: Corviknight\n|faint|p2b: Raichu\n|\n|-weather|Snowscape|[upkeep]\n|upkeep\n|\n|t:|1775977530\n|switch|p2b: Basculegion|Basculegion, L50, M|100/100\n|switch|p2a: Pelipper|Pelipper, L50, M|100/100\n|-weather|RainDance|[from] ability: Drizzle|[of] p2a: Pelipper\n|turn|6\n|inactive|uzumakithomas has 30 seconds left.\n|inactive|uzumakithomas has 20 seconds left.\n|\n|t:|1775977568\n|switch|p1b: Ninetales|Ninetales-Alola, L50, M|11/100\n|-weather|Snowscape|[from] ability: Snow Warning|[of] p1b: Ninetales\n|move|p1a: Delphox|Substitute|p1a: Delphox\n|-start|p1a: Delphox|Substitute\n|-damage|p1a: Delphox|76/100\n|move|p2a: Pelipper|Muddy Water|p1b: Ninetales|[spread] p1a,p1b\n|-supereffective|p1a: Delphox|1\n|-end|p1a: Delphox|Substitute\n|-damage|p1b: Ninetales|0 fnt\n|faint|p1b: Ninetales\n|move|p2b: Basculegion|Last Respects|p1a: Delphox\n|-supereffective|p1a: Delphox|1\n|-damage|p1a: Delphox|0 fnt\n|faint|p1a: Delphox\n|\n|-weather|Snowscape|[upkeep]\n|upkeep\n|\n|t:|1775977589\n|switch|p1a: Sneasler|Sneasler, L50, M|25/100\n|switch|p1b: Venusaur|Venusaur, L50, F|100/100\n|turn|7\n|inactive|uzumakithomas has 30 seconds left.\n|\n|t:|1775977615\n|move|p1a: Sneasler|Fake Out|p2a: Pelipper\n|-damage|p2a: Pelipper|82/100\n|cant|p2a: Pelipper|flinch\n|move|p2b: Basculegion|Last Respects|p1b: Venusaur\n|-damage|p1b: Venusaur|45/100\n|move|p1b: Venusaur|Giga Drain|p2b: Basculegion\n|-supereffective|p2b: Basculegion|1\n|-damage|p2b: Basculegion|42/100\n|-heal|p1b: Venusaur|78/100|[from] drain|[of] p2b: Basculegion\n|\n|-weather|Snowscape|[upkeep]\n|upkeep\n|turn|8\n|inactive|uzumakithomas has 30 seconds left.\n|inactive|uzumakithomas has 20 seconds left.\n|\n|t:|1775977654\n|move|p2b: Basculegion|Protect|p2b: Basculegion\n|-singleturn|p2b: Basculegion|Protect\n|move|p1b: Venusaur|Protect|p1b: Venusaur\n|-singleturn|p1b: Venusaur|Protect\n|move|p2a: Pelipper|Muddy Water|p1b: Venusaur|[spread] p1a\n|-activate|p1b: Venusaur|move: Protect\n|-damage|p1a: Sneasler|0 fnt\n|faint|p1a: Sneasler\n|\n|-weather|Snowscape|[upkeep]\n|-sideend|p1: uzumakithomas|move: Aurora Veil\n|upkeep\n|turn|9\n|inactive|uzumakithomas has 30 seconds left.\n|\n|t:|1775977684\n|move|p2a: Pelipper|Muddy Water|p1b: Venusaur\n|-resisted|p1b: Venusaur|1\n|-damage|p1b: Venusaur|62/100\n|move|p2b: Basculegion|Last Respects|p1b: Venusaur\n|-damage|p1b: Venusaur|0 fnt\n|faint|p1b: Venusaur\n|\n|win|TheParasectKing\n|n|\u2606uzumakithomas|uzumakithomas\n|n|\u2606TheParasectKing|theparasectking\n|c|\u2606TheParasectKing|ggwp\n|l|\u2606TheParasectKing\n|player|p2|\n|j| aurora ltd\n",
  "uploadtime": 1775977742,
  "views": 12,
  "formatid": "gen9championsvgc2026regma",
  "rating": null,
  "private": 0,
  "password": null
}