{
  "id": "gen9championsvgc2026regma-2583206359",
  "format": "[Gen 9 Champions] VGC 2026 Reg M-A",
  "players": [
    "ficcanaso",
    "Pepsiman Original"
  ],
  "log": "|j|\u2606ficcanaso\n|j|\u2606Pepsiman Original\n|t:|1776154674\n|gametype|doubles\n|player|p1|ficcanaso|swimmer|1101\n|player|p2|Pepsiman Original|backersf|1047\n|gen|9\n|tier|[Gen 9 Champions] VGC 2026 Reg M-A\n|rated|\n|rule|Species Clause: Limit one of each Pok\u00e9mon\n|rule|Item Clause: Limit 1 of each item\n|clearpoke\n|poke|p1|Tyranitar, L50, M|\n|poke|p1|Garchomp, L50, F|\n|poke|p1|Lucario, L50, F|\n|poke|p1|Sinistcha, L50|\n|poke|p1|Aerodactyl, L50, M|\n|poke|p1|Incineroar, L50, F|\n|poke|p2|Aerodactyl, L50, M|\n|poke|p2|Tyranitar, L50, M|\n|poke|p2|Arcanine-Hisui, L50, M|\n|poke|p2|Garganacl, L50, M|\n|poke|p2|Glimmora, L50, F|\n|poke|p2|Lycanroc, L50, M|\n|teampreview|4\n|\n|t:|1776154726\n|teamsize|p1|4\n|teamsize|p2|4\n|start\n|switch|p1a: Aerodactyl|Aerodactyl, L50, M|100/100\n|switch|p1b: Tyranitar|Tyranitar, L50, M|100/100\n|switch|p2a: Aerodactyl|Aerodactyl, L50, M|100/100\n|switch|p2b: Lycanroc|Lycanroc, L50, M|100/100\n|-ability|p2a: Aerodactyl|Unnerve\n|-ability|p1a: Aerodactyl|Unnerve\n|-weather|Sandstorm|[from] ability: Sand Stream|[of] p1b: Tyranitar\n|turn|1\n|\n|t:|1776154755\n|detailschange|p1b: Tyranitar|Tyranitar-Mega, L50, M\n|-mega|p1b: Tyranitar|Tyranitar|Tyranitarite\n|move|p2b: Lycanroc|Rock Slide|p1a: Aerodactyl|[spread] p1a,p1b\n|-supereffective|p1a: Aerodactyl|1\n|-enditem|p1a: Aerodactyl|Focus Sash\n|-damage|p1a: Aerodactyl|1/100\n|-damage|p1b: Tyranitar|78/100\n|move|p2a: Aerodactyl|Tailwind|p2a: Aerodactyl\n|-sidestart|p2: Pepsiman Original|move: Tailwind\n|cant|p1a: Aerodactyl|flinch\n|move|p1b: Tyranitar|Dragon Dance|p1b: Tyranitar\n|-boost|p1b: Tyranitar|atk|1\n|-boost|p1b: Tyranitar|spe|1\n|\n|-weather|Sandstorm|[upkeep]\n|upkeep\n|turn|2\n|\n|t:|1776154793\n|switch|p2a: Arcanine|Arcanine-Hisui, L50, M|100/100\n|-ability|p2a: Arcanine|Intimidate|boost\n|-unboost|p1a: Aerodactyl|atk|1\n|-unboost|p1b: Tyranitar|atk|1\n|move|p1a: Aerodactyl|Protect|p1a: Aerodactyl\n|-singleturn|p1a: Aerodactyl|Protect\n|move|p2b: Lycanroc|Rock Slide|p1b: Tyranitar|[spread] p1b\n|-activate|p1a: Aerodactyl|move: Protect\n|-damage|p1b: Tyranitar|58/100\n|move|p1b: Tyranitar|Rock Slide|p2a: Arcanine|[spread] p2a,p2b\n|-supereffective|p2a: Arcanine|1\n|-damage|p2a: Arcanine|8/100\n|-damage|p2b: Lycanroc|39/100\n|\n|-weather|Sandstorm|[upkeep]\n|upkeep\n|turn|3\n|\n|t:|1776154829\n|switch|p1a: Sinistcha|Sinistcha, L50|100/100\n|-heal|p1b: Tyranitar|82/100|[from] ability: Hospitality|[of] p1a: Sinistcha\n|move|p1b: Tyranitar|Protect|p1b: Tyranitar\n|-singleturn|p1b: Tyranitar|Protect\n|move|p2b: Lycanroc|Rock Slide|p1b: Tyranitar|[spread] p1a\n|-activate|p1b: Tyranitar|move: Protect\n|-damage|p1a: Sinistcha|70/100\n|move|p2a: Arcanine|Close Combat|p1b: Tyranitar\n|-activate|p1b: Tyranitar|move: Protect\n|\n|-weather|Sandstorm|[upkeep]\n|-damage|p1a: Sinistcha|63/100|[from] Sandstorm\n|-heal|p1a: Sinistcha|70/100|[from] item: Leftovers\n|upkeep\n|turn|4\n|\n|t:|1776154854\n|switch|p2a: Aerodactyl|Aerodactyl, L50, M|100/100\n|-ability|p2a: Aerodactyl|Unnerve\n|move|p1a: Sinistcha|Rage Powder|p1a: Sinistcha\n|-singleturn|p1a: Sinistcha|move: Rage Powder\n|move|p2b: Lycanroc|Rock Slide|p1b: Tyranitar|[spread] p1a,p1b\n|-crit|p1a: Sinistcha\n|-damage|p1a: Sinistcha|24/100\n|-damage|p1b: Tyranitar|60/100\n|cant|p1b: Tyranitar|flinch\n|\n|-weather|Sandstorm|[upkeep]\n|-damage|p1a: Sinistcha|17/100|[from] Sandstorm\n|-heal|p1a: Sinistcha|24/100|[from] item: Leftovers\n|-sideend|p2: Pepsiman Original|move: Tailwind\n|upkeep\n|turn|5\n|\n|t:|1776154877\n|move|p1a: Sinistcha|Rage Powder|p1a: Sinistcha\n|-singleturn|p1a: Sinistcha|move: Rage Powder\n|move|p2b: Lycanroc|Rock Slide|p1b: Tyranitar|[spread] p1a,p1b\n|-crit|p1a: Sinistcha\n|-damage|p1a: Sinistcha|0 fnt\n|-damage|p1b: Tyranitar|40/100\n|faint|p1a: Sinistcha\n|move|p2a: Aerodactyl|Rock Slide|p1b: Tyranitar\n|-damage|p1b: Tyranitar|19/100\n|cant|p1b: Tyranitar|flinch\n|\n|-weather|none\n|upkeep\n|\n|t:|1776154891\n|switch|p1a: Lucario|Lucario, L50, F|100/100\n|turn|6\n|\n|t:|1776154932\n|move|p2b: Lycanroc|Protect|p2b: Lycanroc\n|-singleturn|p2b: Lycanroc|Protect\n|move|p1b: Tyranitar|Protect|p1b: Tyranitar\n|-singleturn|p1b: Tyranitar|Protect\n|move|p1a: Lucario|Vacuum Wave|p2b: Lycanroc\n|-activate|p2b: Lycanroc|move: Protect\n|move|p2a: Aerodactyl|Tailwind|p2a: Aerodactyl\n|-sidestart|p2: Pepsiman Original|move: Tailwind\n|\n|upkeep\n|turn|7\n|\n|t:|1776154963\n|switch|p1b: Aerodactyl|Aerodactyl, L50, M|1/100\n|-ability|p1b: Aerodactyl|Unnerve\n|move|p1a: Lucario|Vacuum Wave|p2b: Lycanroc\n|-supereffective|p2b: Lycanroc|1\n|-damage|p2b: Lycanroc|0 fnt\n|faint|p2b: Lycanroc\n|move|p2a: Aerodactyl|Rock Slide|p1a: Lucario|[spread] p1a,p1b\n|-resisted|p1a: Lucario|2\n|-supereffective|p1b: Aerodactyl|1\n|-damage|p1a: Lucario|91/100\n|-damage|p1b: Aerodactyl|0 fnt\n|faint|p1b: Aerodactyl\n|\n|upkeep\n|\n|t:|1776154981\n|switch|p2b: Glimmora|Glimmora, L50, F|100/100\n|switch|p1b: Tyranitar|Tyranitar-Mega, L50, M|19/100\n|-weather|Sandstorm|[from] ability: Sand Stream|[of] p1b: Tyranitar\n|turn|8\n|\n|t:|1776155009\n|detailschange|p2b: Glimmora|Glimmora-Mega, L50, F\n|-mega|p2b: Glimmora|Glimmora|Glimmoranite\n|move|p2a: Aerodactyl|Rock Slide|p1a: Lucario|[spread] p1a,p1b\n|-resisted|p1a: Lucario|2\n|-damage|p1a: Lucario|81/100\n|-damage|p1b: Tyranitar|5/100\n|move|p2b: Glimmora|Earth Power|p1a: Lucario\n|-supereffective|p1a: Lucario|1\n|-damage|p1a: Lucario|0 fnt\n|faint|p1a: Lucario\n|move|p1b: Tyranitar|Rock Slide|p2b: Glimmora|[spread] p2a,p2b\n|-supereffective|p2a: Aerodactyl|1\n|-crit|p2b: Glimmora\n|-enditem|p2a: Aerodactyl|Focus Sash\n|-damage|p2a: Aerodactyl|1/100\n|-damage|p2b: Glimmora|48/100\n|\n|-weather|Sandstorm|[upkeep]\n|upkeep\n|turn|9\n|\n|t:|1776155030\n|move|p2a: Aerodactyl|Dual Wingbeat|p1b: Tyranitar\n|-resisted|p1b: Tyranitar|1\n|-damage|p1b: Tyranitar|0 fnt\n|faint|p1b: Tyranitar\n|-hitcount|p1: Tyranitar|1\n|\n|win|Pepsiman Original\n|raw|ficcanaso's rating: 1101 &rarr; <strong>1072</strong><br />(-29 for losing)\n|raw|Pepsiman Original's rating: 1047 &rarr; <strong>1085</strong><br />(+38 for winning)\n",
  "uploadtime": 1776155040,
  "views": 34,
  "formatid": "gen9championsvgc2026regma",
  "rating": 1072,
  "private": 0,
  "password": null
}