{
  "id": "gen9championsvgc2026regma-2587585702",
  "format": "[Gen 9 Champions] VGC 2026 Reg M-A",
  "players": [
    "Chef204",
    "aolani"
  ],
  "log": "|j|\u2606Chef204\n|j|\u2606aolani\n|t:|1776544547\n|gametype|doubles\n|player|p1|Chef204|cynthia-gen4|1204\n|player|p2|aolani|psychic-gen3|1201\n|gen|9\n|tier|[Gen 9 Champions] VGC 2026 Reg M-A\n|rated|\n|rule|Species Clause: Limit one of each Pok\u00e9mon\n|rule|Item Clause: Limit 1 of each item\n|clearpoke\n|poke|p1|Milotic, L50, F|\n|poke|p1|Archaludon, L50, M|\n|poke|p1|Talonflame, L50, F|\n|poke|p1|Delphox, L50, F|\n|poke|p1|Sinistcha-Masterpiece, L50, shiny|\n|poke|p1|Gardevoir, L50, F|\n|poke|p2|Goodra-Hisui, L50, F|\n|poke|p2|Mimikyu, L50, M|\n|poke|p2|Slowbro, L50, F|\n|poke|p2|Aurorus, L50, M, shiny|\n|poke|p2|Sinistcha, L50|\n|poke|p2|Conkeldurr, L50, F|\n|teampreview|4\n|inactive|Battle timer is ON: inactive players will automatically lose when time's up. (requested by Chef204)\n|\n|t:|1776544577\n|teamsize|p1|4\n|teamsize|p2|4\n|start\n|switch|p1a: Delphox|Delphox, L50, F|100/100\n|switch|p1b: Milotic|Milotic, L50, F|100/100\n|switch|p2a: Mimikyu|Mimikyu, L50, M|100/100\n|switch|p2b: Aurorus|Aurorus, L50, M, shiny|100/100\n|-weather|Snowscape|[from] ability: Snow Warning|[of] p2b: Aurorus\n|turn|1\n|\n|t:|1776544593\n|detailschange|p1a: Delphox|Delphox-Mega, L50, F\n|-mega|p1a: Delphox|Delphox|Delphoxite\n|move|p1a: Delphox|Heat Wave|p2b: Aurorus|[spread] p2a,p2b\n|-activate|p2a: Mimikyu|ability: Disguise\n|-damage|p2a: Mimikyu|100/100\n|-damage|p2b: Aurorus|56/100\n|detailschange|p2a: Mimikyu|Mimikyu-Busted, L50, M\n|-damage|p2a: Mimikyu|88/100|[from] pokemon: Mimikyu-Busted\n|move|p1b: Milotic|Muddy Water|p2a: Mimikyu|[spread] p2a,p2b\n|-supereffective|p2b: Aurorus|1\n|-damage|p2a: Mimikyu|57/100\n|-damage|p2b: Aurorus|0 fnt\n|-unboost|p2a: Mimikyu|accuracy|1\n|faint|p2b: Aurorus\n|move|p2a: Mimikyu|Trick Room|p2a: Mimikyu\n|-fieldstart|move: Trick Room|[of] p2a: Mimikyu\n|\n|-weather|Snowscape|[upkeep]\n|-heal|p2a: Mimikyu|63/100|[from] item: Leftovers\n|upkeep\n|\n|t:|1776544615\n|switch|p2b: Slowbro|Slowbro, L50, F|100/100\n|turn|2\n|\n|t:|1776544628\n|detailschange|p2b: Slowbro|Slowbro-Mega, L50, F\n|-mega|p2b: Slowbro|Slowbro|Slowbronite\n|move|p2a: Mimikyu|Protect|p2a: Mimikyu\n|-singleturn|p2a: Mimikyu|Protect\n|move|p2b: Slowbro|Calm Mind|p2b: Slowbro\n|-boost|p2b: Slowbro|spa|1\n|-boost|p2b: Slowbro|spd|1\n|move|p1b: Milotic|Muddy Water|p2a: Mimikyu|[spread] \n|-activate|p2a: Mimikyu|move: Protect\n|-miss|p1b: Milotic|p2b: Slowbro\n|move|p1a: Delphox|Role Play|p1b: Milotic\n|-ability|p1a: Delphox|Competitive|Levitate|[from] move: Role Play|[of] p1b: Milotic\n|\n|-weather|Snowscape|[upkeep]\n|-heal|p2a: Mimikyu|69/100|[from] item: Leftovers\n|upkeep\n|turn|3\n|\n|t:|1776544652\n|move|p2b: Slowbro|Calm Mind|p2b: Slowbro\n|-boost|p2b: Slowbro|spa|1\n|-boost|p2b: Slowbro|spd|1\n|move|p1b: Milotic|Muddy Water|p2a: Mimikyu|[spread] p2a,p2b\n|-resisted|p2b: Slowbro|1\n|-damage|p2a: Mimikyu|39/100\n|-damage|p2b: Slowbro|93/100\n|-unboost|p2a: Mimikyu|accuracy|1\n|-unboost|p2b: Slowbro|accuracy|1\n|move|p2a: Mimikyu|Play Rough|p1b: Milotic|[miss]\n|-miss|p2a: Mimikyu|p1b: Milotic\n|move|p1a: Delphox|Dazzling Gleam|p2a: Mimikyu|[spread] p2a,p2b\n|-damage|p2a: Mimikyu|8/100\n|-damage|p2b: Slowbro|78/100\n|\n|-weather|Snowscape|[upkeep]\n|-heal|p2a: Mimikyu|14/100|[from] item: Leftovers\n|upkeep\n|turn|4\n|\n|t:|1776544677\n|move|p2a: Mimikyu|Protect|p2a: Mimikyu\n|-singleturn|p2a: Mimikyu|Protect\n|move|p1a: Delphox|Protect|p1a: Delphox\n|-singleturn|p1a: Delphox|Protect\n|move|p2b: Slowbro|Muddy Water|p1b: Milotic|[spread] p1b\n|-activate|p1a: Delphox|move: Protect\n|-resisted|p1b: Milotic|1\n|-damage|p1b: Milotic|79/100\n|move|p1b: Milotic|Muddy Water|p2b: Slowbro|[spread] p2b\n|-activate|p2a: Mimikyu|move: Protect\n|-resisted|p2b: Slowbro|1\n|-damage|p2b: Slowbro|71/100\n|\n|-weather|Snowscape|[upkeep]\n|-heal|p1b: Milotic|85/100|[from] item: Leftovers\n|-heal|p2a: Mimikyu|20/100|[from] item: Leftovers\n|upkeep\n|turn|5\n|\n|t:|1776544697\n|move|p2a: Mimikyu|Protect||[still]\n|-fail|p2a: Mimikyu\n|move|p2b: Slowbro|Muddy Water|p1b: Milotic|[spread] p1a\n|-miss|p2b: Slowbro|p1b: Milotic\n|-supereffective|p1a: Delphox|1\n|-damage|p1a: Delphox|0 fnt\n|faint|p1a: Delphox\n|move|p1b: Milotic|Muddy Water|p2b: Slowbro|[spread] p2a,p2b\n|-resisted|p2b: Slowbro|1\n|-damage|p2a: Mimikyu|0 fnt\n|-damage|p2b: Slowbro|63/100\n|faint|p2a: Mimikyu\n|\n|-weather|none\n|-heal|p1b: Milotic|91/100|[from] item: Leftovers\n|-fieldend|move: Trick Room\n|upkeep\n|\n|t:|1776544710\n|switch|p1a: Sinistcha|Sinistcha-Masterpiece, L50, shiny|100/100\n|switch|p2a: Sinistcha|Sinistcha, L50|100/100\n|-heal|p2b: Slowbro|88/100|[from] ability: Hospitality|[of] p2a: Sinistcha\n|-heal|p1b: Milotic|100/100|[from] ability: Hospitality|[of] p1a: Sinistcha\n|turn|6\n|inactive|aolani has 30 seconds left.\n|\n|t:|1776544736\n|move|p1b: Milotic|Ice Beam|p2a: Sinistcha\n|-supereffective|p2a: Sinistcha|1\n|-damage|p2a: Sinistcha|54/100\n|move|p2a: Sinistcha|Curse|p1b: Milotic\n|-start|p1b: Milotic|Curse|[of] p2a: Sinistcha\n|-damage|p2a: Sinistcha|4/100\n|move|p1a: Sinistcha|Matcha Gotcha|p2b: Slowbro|[spread] p2a,p2b\n|-resisted|p2a: Sinistcha|1\n|-supereffective|p2b: Slowbro|1\n|-damage|p2a: Sinistcha|0 fnt\n|-damage|p2b: Slowbro|58/100\n|faint|p2a: Sinistcha\n|move|p2b: Slowbro|Calm Mind|p2b: Slowbro\n|-boost|p2b: Slowbro|spa|1\n|-boost|p2b: Slowbro|spd|1\n|\n|-damage|p1b: Milotic|75/100|[from] Curse\n|upkeep\n|turn|7\n|\n|t:|1776544758\n|switch|p1b: Archaludon|Archaludon, L50, M|100/100\n|move|p2b: Slowbro|Protect|p2b: Slowbro\n|-singleturn|p2b: Slowbro|Protect\n|move|p1a: Sinistcha|Matcha Gotcha|p2b: Slowbro\n|-activate|p2b: Slowbro|move: Protect\n|\n|upkeep\n|turn|8\n|\n|t:|1776544771\n|move|p1b: Archaludon|Thunderbolt|p2b: Slowbro\n|-supereffective|p2b: Slowbro|1\n|-damage|p2b: Slowbro|30/100\n|move|p1a: Sinistcha|Matcha Gotcha|p2b: Slowbro\n|-supereffective|p2b: Slowbro|1\n|-damage|p2b: Slowbro|0 fnt\n|faint|p2b: Slowbro\n|\n|win|Chef204\n|raw|Chef204's rating: 1204 &rarr; <strong>1229</strong><br />(+25 for winning)\n|raw|aolani's rating: 1201 &rarr; <strong>1176</strong><br />(-25 for losing)\n|l|\u2606aolani\n|player|p2|\n|l|\u2606Chef204\n|player|p1|\n|j|\u2606Chef204\n|player|p1|Chef204|cynthia-gen4|\n",
  "uploadtime": 1776544780,
  "views": 36,
  "formatid": "gen9championsvgc2026regma",
  "rating": 1176,
  "private": 0,
  "password": null
}