{
  "id": "gen9championsvgc2026regma-2584567034",
  "format": "[Gen 9 Champions] VGC 2026 Reg M-A",
  "players": [
    "ishan07",
    "drewisaboss44"
  ],
  "log": "|j|\u2606ishan07\n|j|\u2606drewisaboss44\n|t:|1776269226\n|gametype|doubles\n|player|p1|ishan07|101|1027\n|player|p2|drewisaboss44|102|1000\n|gen|9\n|tier|[Gen 9 Champions] VGC 2026 Reg M-A\n|rated|\n|rule|Species Clause: Limit one of each Pok\u00e9mon\n|rule|Item Clause: Limit 1 of each item\n|clearpoke\n|poke|p1|Starmie, L50|\n|poke|p1|Goodra-Hisui, L50, F|\n|poke|p1|Golurk, L50|\n|poke|p1|Sneasler, L50, M|\n|poke|p1|Whimsicott, L50, M|\n|poke|p1|Incineroar, L50, M|\n|poke|p2|Crabominable, L50, F|\n|poke|p2|Oranguru, L50, M|\n|poke|p2|Farigiraf, L50, M|\n|poke|p2|Incineroar, L50, M|\n|poke|p2|Tyranitar, L50, F|\n|poke|p2|Sylveon, L50, M|\n|teampreview|4\n|inactive|Battle timer is ON: inactive players will automatically lose when time's up. (requested by ishan07)\n|\n|t:|1776269282\n|teamsize|p1|4\n|teamsize|p2|4\n|start\n|switch|p1a: Incineroar|Incineroar, L50, M, shiny|100/100\n|switch|p1b: Goodra|Goodra-Hisui, L50, F, shiny|100/100\n|switch|p2a: Oranguru|Oranguru, L50, M|100/100\n|switch|p2b: Crabominable|Crabominable, L50, F|100/100\n|-ability|p1a: Incineroar|Intimidate|boost\n|-fail|p2a: Oranguru|unboost|Attack|[from] ability: Inner Focus|[of] p2a: Oranguru\n|-fail|p2b: Crabominable|unboost|Attack|[from] ability: Hyper Cutter|[of] p2b: Crabominable\n|turn|1\n|inactive|ishan07 has 30 seconds left.\n|inactive|drewisaboss44 has 30 seconds left.\n|\n|t:|1776269316\n|move|p2b: Crabominable|Protect|p2b: Crabominable\n|-singleturn|p2b: Crabominable|Protect\n|move|p1a: Incineroar|Fake Out|p2b: Crabominable\n|-activate|p2b: Crabominable|move: Protect\n|move|p1b: Goodra|Knock Off|p2a: Oranguru\n|-supereffective|p2a: Oranguru|1\n|-damage|p2a: Oranguru|64/100\n|-enditem|p2a: Oranguru|Mental Herb|[from] move: Knock Off|[of] p1b: Goodra\n|move|p2a: Oranguru|Trick Room|p2a: Oranguru\n|-fieldstart|move: Trick Room|[of] p2a: Oranguru\n|\n|upkeep\n|turn|2\n|inactive|ishan07 has 30 seconds left.\n|inactive|drewisaboss44 has 30 seconds left.\n|inactive|ishan07 has 20 seconds left.\n|inactive|drewisaboss44 has 20 seconds left.\n|inactive|ishan07 has 15 seconds left.\n|inactive|drewisaboss44 has 15 seconds left.\n|inactive|drewisaboss44 has 10 seconds left.\n|inactive|drewisaboss44 has 5 seconds left.\n|\n|t:|1776269368\n|detailschange|p2b: Crabominable|Crabominable-Mega, L50, F\n|-mega|p2b: Crabominable|Crabominable|Crabominite\n|move|p1b: Goodra|Protect|p1b: Goodra\n|-singleturn|p1b: Goodra|Protect\n|move|p2b: Crabominable|Drain Punch|p1a: Incineroar\n|-supereffective|p1a: Incineroar|1\n|-damage|p1a: Incineroar|0 fnt\n|faint|p1a: Incineroar\n|move|p2a: Oranguru|Foul Play|p1b: Goodra\n|-activate|p1b: Goodra|move: Protect\n|\n|upkeep\n|\n|t:|1776269380\n|switch|p1a: Whimsicott|Whimsicott, L50, M, shiny|100/100\n|turn|3\n|inactive|drewisaboss44 has 30 seconds left.\n|\n|t:|1776269406\n|move|p2b: Crabominable|Drain Punch|p1b: Goodra\n|-supereffective|p1b: Goodra|1\n|-damage|p1b: Goodra|0 fnt\n|faint|p1b: Goodra\n|move|p2a: Oranguru|Taunt|p1a: Whimsicott\n|-start|p1a: Whimsicott|move: Taunt\n|cant|p1a: Whimsicott|move: Taunt|Trick Room\n|\n|upkeep\n|inactive|ishan07 has 30 seconds left.\n|inactive|ishan07 has 20 seconds left.\n|inactive|ishan07 has 15 seconds left.\n|inactive|ishan07 has 10 seconds left.\n|inactive|ishan07 has 5 seconds left.\n|\n|t:|1776269462\n|switch|p1b: Starmie|Starmie, L50, shiny|100/100\n|turn|4\n|inactive|ishan07 has 30 seconds left.\n|inactive|ishan07 has 20 seconds left.\n|inactive|ishan07 has 15 seconds left.\n|inactive|ishan07 has 10 seconds left.\n|inactive|ishan07 has 5 seconds left.\n|\n|t:|1776269517\n|move|p2b: Crabominable|Ice Hammer|p1a: Whimsicott|[miss]\n|-miss|p2b: Crabominable|p1a: Whimsicott\n|move|p2a: Oranguru|Instruct|p2b: Crabominable\n|-singleturn|p2b: Crabominable|move: Instruct|[of] p2a: Oranguru\n|move|p2b: Crabominable|Ice Hammer|p1a: Whimsicott\n|-supereffective|p1a: Whimsicott|1\n|-enditem|p1a: Whimsicott|Focus Sash\n|-damage|p1a: Whimsicott|1/100\n|-unboost|p2b: Crabominable|spe|1\n|move|p1a: Whimsicott|Moonblast|p2a: Oranguru\n|-damage|p2a: Oranguru|38/100\n|move|p1b: Starmie|Skill Swap|p2a: Oranguru\n|-activate|p1b: Starmie|Skill Swap|Inner Focus|Illuminate|[of] p2a: Oranguru\n|\n|upkeep\n|turn|5\n|inactive|ishan07 has 30 seconds left.\n|inactive|drewisaboss44 has 30 seconds left.\n|inactive|ishan07 has 20 seconds left.\n|inactive|ishan07 has 15 seconds left.\n|inactive|ishan07 has 10 seconds left.\n|inactive|ishan07 has 5 seconds left.\n|\n|t:|1776269572\n|move|p2b: Crabominable|Ice Hammer|p1a: Whimsicott\n|-supereffective|p1a: Whimsicott|1\n|-damage|p1a: Whimsicott|0 fnt\n|-unboost|p2b: Crabominable|spe|1\n|faint|p1a: Whimsicott\n|move|p2a: Oranguru|Instruct|p2b: Crabominable\n|-singleturn|p2b: Crabominable|move: Instruct|[of] p2a: Oranguru\n|move|p2b: Crabominable|Ice Hammer|p1b: Starmie\n|-resisted|p1b: Starmie|1\n|-damage|p1b: Starmie|52/100\n|-unboost|p2b: Crabominable|spe|1\n|move|p1b: Starmie|Skill Swap|p2b: Crabominable\n|-activate|p1b: Starmie|Skill Swap|Iron Fist|Inner Focus|[of] p2b: Crabominable\n|\n|-fieldend|move: Trick Room\n|upkeep\n|turn|6\n|inactive|ishan07 has 30 seconds left.\n|inactive|drewisaboss44 has 30 seconds left.\n|inactive|ishan07 has 20 seconds left.\n|inactive|drewisaboss44 has 20 seconds left.\n|inactive|ishan07 has 15 seconds left.\n|inactive|drewisaboss44 has 15 seconds left.\n|inactive|ishan07 has 10 seconds left.\n|inactive|drewisaboss44 has 10 seconds left.\n|inactive|ishan07 has 5 seconds left.\n|\n|t:|1776269627\n|move|p2b: Crabominable|Mach Punch|p1b: Starmie\n|-resisted|p1b: Starmie|1\n|-damage|p1b: Starmie|38/100\n|move|p1b: Starmie|Skill Swap|p2b: Crabominable\n|-activate|p1b: Starmie|Skill Swap|Inner Focus|Iron Fist|[of] p2b: Crabominable\n|move|p2a: Oranguru|Foul Play|p1b: Starmie\n|-supereffective|p1b: Starmie|1\n|-damage|p1b: Starmie|0 fnt\n|faint|p1b: Starmie\n|\n|win|drewisaboss44\n|raw|ishan07's rating: 1027 &rarr; <strong>1012</strong><br />(-15 for losing)\n|raw|drewisaboss44's rating: 1000 &rarr; <strong>1043</strong><br />(+43 for winning)\n",
  "uploadtime": 1776269647,
  "views": 19,
  "formatid": "gen9championsvgc2026regma",
  "rating": 1012,
  "private": 0,
  "password": null
}