{
  "id": "gen9championsvgc2026regma-2587951291",
  "format": "[Gen 9 Champions] VGC 2026 Reg M-A",
  "players": [
    "curryismygoat",
    "klipce"
  ],
  "log": "|j|\u2606curryismygoat\n|j|\u2606klipce\n|t:|1776583759\n|gametype|doubles\n|player|p1|curryismygoat|266|1142\n|player|p2|klipce|169|1131\n|gen|9\n|tier|[Gen 9 Champions] VGC 2026 Reg M-A\n|rated|\n|rule|Species Clause: Limit one of each Pok\u00e9mon\n|rule|Item Clause: Limit 1 of each item\n|clearpoke\n|poke|p1|Meganium, L50, M|\n|poke|p1|Dragonite, L50, M|\n|poke|p1|Pelipper, L50, F|\n|poke|p1|Basculegion, L50, M|\n|poke|p1|Kingambit, L50, F|\n|poke|p1|Sneasler, L50, M|\n|poke|p2|Basculegion, L50, M|\n|poke|p2|Sinistcha, L50|\n|poke|p2|Kommo-o, L50, F|\n|poke|p2|Clefable, L50, M|\n|poke|p2|Talonflame, L50, M|\n|poke|p2|Scizor, L50, M|\n|teampreview|4\n|inactive|Battle timer is ON: inactive players will automatically lose when time's up. (requested by curryismygoat)\n|\n|t:|1776583814\n|teamsize|p1|4\n|teamsize|p2|4\n|start\n|switch|p1a: Pelipper|Pelipper, L50, F|100/100\n|switch|p1b: Basculegion|Basculegion, L50, M|100/100\n|switch|p2a: Scizor|Scizor, L50, M|100/100\n|switch|p2b: Talonflame|Talonflame, L50, M|100/100\n|-weather|RainDance|[from] ability: Drizzle|[of] p1a: Pelipper\n|turn|1\n|inactive|curryismygoat has 30 seconds left.\n|inactive|klipce has 30 seconds left.\n|\n|t:|1776583847\n|switch|p2b: Kommo-o|Kommo-o, L50, F|100/100\n|detailschange|p2a: Scizor|Scizor-Mega, L50, M\n|-mega|p2a: Scizor|Scizor|Scizorite\n|move|p1b: Basculegion|Wave Crash|p2b: Kommo-o\n|-resisted|p2b: Kommo-o|1\n|-damage|p2b: Kommo-o|47/100\n|-damage|p1b: Basculegion|85/100|[from] Recoil\n|move|p1a: Pelipper|Tailwind|p1a: Pelipper\n|-sidestart|p1: curryismygoat|move: Tailwind\n|move|p2a: Scizor|Dual Wingbeat|p1b: Basculegion\n|-damage|p1b: Basculegion|54/100\n|-damage|p1b: Basculegion|24/100\n|-hitcount|p1b: Basculegion|2\n|\n|-weather|RainDance|[upkeep]\n|-heal|p2b: Kommo-o|53/100|[from] item: Leftovers\n|upkeep\n|turn|2\n|inactive|klipce has 30 seconds left.\n|j| noahtdiditfirst\n|inactive|klipce has 20 seconds left.\n|inactive|klipce has 15 seconds left.\n|inactive|klipce has 10 seconds left.\n|\n|t:|1776583895\n|move|p2a: Scizor|Bullet Punch|p1b: Basculegion\n|-resisted|p1b: Basculegion|1\n|-crit|p1b: Basculegion\n|-damage|p1b: Basculegion|0 fnt\n|faint|p1b: Basculegion\n|move|p1a: Pelipper|Hurricane|p2a: Scizor\n|-damage|p2a: Scizor|59/100\n|move|p2b: Kommo-o|Clangorous Soul|p2b: Kommo-o\n|-boost|p2b: Kommo-o|atk|1\n|-boost|p2b: Kommo-o|def|1\n|-boost|p2b: Kommo-o|spa|1\n|-boost|p2b: Kommo-o|spd|1\n|-boost|p2b: Kommo-o|spe|1\n|-damage|p2b: Kommo-o|20/100\n|\n|-weather|RainDance|[upkeep]\n|-heal|p2b: Kommo-o|27/100|[from] item: Leftovers\n|upkeep\n|\n|t:|1776583911\n|switch|p1b: Dragonite|Dragonite, L50, M|100/100\n|turn|3\n|inactive|klipce has 30 seconds left.\n|\n|t:|1776583943\n|switch|p2a: Sinistcha|Sinistcha, L50|100/100\n|-heal|p2b: Kommo-o|52/100|[from] ability: Hospitality|[of] p2a: Sinistcha\n|move|p1b: Dragonite|Protect|p1b: Dragonite\n|-singleturn|p1b: Dragonite|Protect\n|move|p2b: Kommo-o|Protect|p2b: Kommo-o\n|-singleturn|p2b: Kommo-o|Protect\n|move|p1a: Pelipper|Hurricane|p2b: Kommo-o\n|-activate|p2b: Kommo-o|move: Protect\n|\n|-weather|RainDance|[upkeep]\n|-heal|p2b: Kommo-o|58/100|[from] item: Leftovers\n|upkeep\n|turn|4\n|inactive|klipce has 30 seconds left.\n|inactive|klipce has 20 seconds left.\n|\n|t:|1776583979\n|detailschange|p1b: Dragonite|Dragonite-Mega, L50, M\n|-mega|p1b: Dragonite|Dragonite|Dragoninite\n|move|p1b: Dragonite|Hurricane|p2a: Sinistcha\n|-supereffective|p2a: Sinistcha|1\n|-enditem|p2a: Sinistcha|Focus Sash\n|-damage|p2a: Sinistcha|1/100\n|move|p1a: Pelipper|Hurricane|p2b: Kommo-o\n|-supereffective|p2b: Kommo-o|1\n|-damage|p2b: Kommo-o|10/100\n|move|p2b: Kommo-o|Clanging Scales|p1b: Dragonite|[spread] p1a,p1b\n|-supereffective|p1b: Dragonite|1\n|-damage|p1a: Pelipper|11/100\n|-damage|p1b: Dragonite|53/100\n|-unboost|p2b: Kommo-o|def|1\n|move|p2a: Sinistcha|Life Dew|p2a: Sinistcha|[spread] p2a,p2b\n|-heal|p2a: Sinistcha|26/100\n|-heal|p2b: Kommo-o|35/100\n|\n|-weather|RainDance|[upkeep]\n|-heal|p2b: Kommo-o|41/100|[from] item: Leftovers\n|-sideend|p1: curryismygoat|move: Tailwind\n|upkeep\n|turn|5\n|inactive|curryismygoat has 30 seconds left.\n|\n|t:|1776584014\n|move|p2b: Kommo-o|Protect|p2b: Kommo-o\n|-singleturn|p2b: Kommo-o|Protect\n|move|p1b: Dragonite|Hurricane|p2a: Sinistcha\n|-supereffective|p2a: Sinistcha|1\n|-damage|p2a: Sinistcha|0 fnt\n|faint|p2a: Sinistcha\n|move|p1a: Pelipper|Hurricane|p2b: Kommo-o\n|-activate|p2b: Kommo-o|move: Protect\n|\n|-weather|none\n|-heal|p2b: Kommo-o|48/100|[from] item: Leftovers\n|upkeep\n|\n|t:|1776584026\n|switch|p2a: Talonflame|Talonflame, L50, M|100/100\n|turn|6\n|\n|t:|1776584037\n|move|p2a: Talonflame|Tailwind|p2a: Talonflame\n|-sidestart|p2: klipce|move: Tailwind\n|move|p2b: Kommo-o|Clanging Scales|p1a: Pelipper|[spread] p1a,p1b\n|-supereffective|p1b: Dragonite|1\n|-damage|p1a: Pelipper|0 fnt\n|-damage|p1b: Dragonite|0 fnt\n|faint|p1a: Pelipper\n|faint|p1b: Dragonite\n|-unboost|p2b: Kommo-o|def|1\n|\n|-heal|p2b: Kommo-o|54/100|[from] item: Leftovers\n|upkeep\n|\n|t:|1776584048\n|switch|p1b: Meganium|Meganium, L50, M|100/100\n|turn|7\n|\n|t:|1776584059\n|move|p1b: Meganium|Protect|p1b: Meganium\n|-singleturn|p1b: Meganium|Protect\n|move|p2a: Talonflame|Brave Bird|p1b: Meganium\n|-activate|p1b: Meganium|move: Protect\n|move|p2b: Kommo-o|Aura Sphere|p1b: Meganium\n|-activate|p1b: Meganium|move: Protect\n|\n|-heal|p2b: Kommo-o|60/100|[from] item: Leftovers\n|upkeep\n|turn|8\n|\n|t:|1776584079\n|move|p2b: Kommo-o|Protect|p2b: Kommo-o\n|-singleturn|p2b: Kommo-o|Protect\n|move|p2a: Talonflame|Brave Bird|p1b: Meganium\n|-supereffective|p1b: Meganium|1\n|-crit|p1b: Meganium\n|-damage|p1b: Meganium|0 fnt\n|faint|p1b: Meganium\n|-damage|p2a: Talonflame|67/100|[from] Recoil\n|\n|win|klipce\n|raw|curryismygoat's rating: 1142 &rarr; <strong>1116</strong><br />(-26 for losing)\n|raw|klipce's rating: 1131 &rarr; <strong>1157</strong><br />(+26 for winning)\n|l|\u2606curryismygoat\n|player|p1|\n",
  "uploadtime": 1776584138,
  "views": 12,
  "formatid": "gen9championsvgc2026regma",
  "rating": 1116,
  "private": 0,
  "password": null
}