{
  "id": "gen9championsvgc2026regma-2580743502",
  "format": "[Gen 9 Champions] VGC 2026 Reg M-A",
  "players": [
    "t0mato sooop",
    "worenpeace"
  ],
  "log": "|j|\u2606t0mato sooop\n|j|\u2606worenpeace\n|t:|1775928867\n|gametype|doubles\n|player|p1|t0mato sooop|steven|1000\n|player|p2|worenpeace|101|1009\n|gen|9\n|tier|[Gen 9 Champions] VGC 2026 Reg M-A\n|rated|\n|rule|Species Clause: Limit one of each Pok\u00e9mon\n|rule|Item Clause: Limit 1 of each item\n|clearpoke\n|poke|p1|Beedrill, L50, M|\n|poke|p1|Ceruledge, L50, M|\n|poke|p1|Palafin, L50, F|\n|poke|p1|Sinistcha, L50|\n|poke|p1|Incineroar, L50, F|\n|poke|p1|Hydreigon, L50, M|\n|poke|p2|Sinistcha, L50|\n|poke|p2|Incineroar, L50, F|\n|poke|p2|Gengar, L50, M|\n|poke|p2|Clefable, L50, F|\n|poke|p2|Palafin, L50, M|\n|poke|p2|Manectric, L50, M|\n|teampreview|4\n|inactive|Battle timer is ON: inactive players will automatically lose when time's up. (requested by worenpeace)\nt0mato sooop has agreed to open team sheets.\n|\n|t:|1775928896\n|teamsize|p1|4\n|teamsize|p2|4\n|start\n|switch|p1a: Beedrill|Beedrill, L50, M, shiny|100/100\n|switch|p1b: Palafin|Palafin, L50, F, shiny|100/100\n|switch|p2a: Gengar|Gengar, L50, M, shiny|100/100\n|switch|p2b: Clefable|Clefable, L50, F, shiny|100/100\n|turn|1\n|\n|t:|1775928911\n|switch|p1a: Ceruledge|Ceruledge, L50, M|100/100\n|detailschange|p2a: Gengar|Gengar-Mega, L50, M, shiny\n|-mega|p2a: Gengar|Gengar|Gengarite\n|move|p2b: Clefable|Follow Me|p2b: Clefable\n|-singleturn|p2b: Clefable|move: Follow Me\n|move|p2a: Gengar|Perish Song|p2a: Gengar\n|-start|p1a: Ceruledge|perish3|[silent]\n|-start|p1b: Palafin|perish3|[silent]\n|-start|p2a: Gengar|perish3|[silent]\n|-start|p2b: Clefable|perish3|[silent]\n|-fieldactivate|move: Perish Song\n|move|p1b: Palafin|Flip Turn|p2b: Clefable\n|-damage|p2b: Clefable|87/100\n|\n|t:|1775928929\n|detailschange|p1b: Palafin|Palafin-Hero, L50, F, shiny\n|switch|p1b: Beedrill|Beedrill, L50, M, shiny|100/100|[from] Flip Turn\n|\n|-heal|p2b: Clefable|93/100|[from] item: Leftovers\n|-start|p2a: Gengar|perish3\n|-start|p1a: Ceruledge|perish3\n|-start|p2b: Clefable|perish3\n|upkeep\n|turn|2\n|\n|t:|1775928948\n|switch|p2b: Incineroar|Incineroar, L50, F, shiny|100/100\n|-ability|p2b: Incineroar|Intimidate|boost\n|-unboost|p1a: Ceruledge|atk|1\n|-unboost|p1b: Beedrill|atk|1\n|detailschange|p1b: Beedrill|Beedrill-Mega, L50, M, shiny\n|-mega|p1b: Beedrill|Beedrill|Beedrillite\n|move|p1b: Beedrill|Poison Jab|p2b: Incineroar\n|-damage|p2b: Incineroar|62/100\n|move|p2a: Gengar|Substitute|p2a: Gengar\n|-start|p2a: Gengar|Substitute\n|-damage|p2a: Gengar|76/100\n|move|p1a: Ceruledge|Poltergeist|p2a: Gengar\n|-activate|p2a: Gengar|move: Poltergeist|Gengarite\n|-supereffective|p2a: Gengar|1\n|-end|p2a: Gengar|Substitute\n|\n|-start|p2a: Gengar|perish2\n|-start|p1a: Ceruledge|perish2\n|upkeep\n|turn|3\n|inactive|t0mato sooop has 30 seconds left.\n|inactive|worenpeace has 30 seconds left.\n|inactive|t0mato sooop has 20 seconds left.\n|\n|t:|1775928986\n|switch|p2a: Clefable|Clefable, L50, F, shiny|93/100\n|move|p1b: Beedrill|Drill Run|p2b: Incineroar\n|-supereffective|p2b: Incineroar|1\n|-damage|p2b: Incineroar|22/100\n|-enditem|p2b: Incineroar|Sitrus Berry|[eat]\n|-heal|p2b: Incineroar|47/100|[from] item: Sitrus Berry\n|move|p1a: Ceruledge|Poltergeist|p2a: Clefable\n|-activate|p2a: Clefable|move: Poltergeist|Leftovers\n|-damage|p2a: Clefable|58/100\n|move|p2b: Incineroar|Parting Shot|p1b: Beedrill\n|-unboost|p1b: Beedrill|atk|1\n|-unboost|p1b: Beedrill|spa|1\n|\n|t:|1775929001\n|switch|p2b: Gengar|Gengar-Mega, L50, M, shiny|76/100|[from] Parting Shot\n|\n|-heal|p2a: Clefable|64/100|[from] item: Leftovers\n|-start|p1a: Ceruledge|perish1\n|upkeep\n|turn|4\n|\n|t:|1775929013\n|move|p1b: Beedrill|Protect|p1b: Beedrill\n|-singleturn|p1b: Beedrill|Protect\n|move|p2b: Gengar|Protect|p2b: Gengar\n|-singleturn|p2b: Gengar|Protect\n|move|p2a: Clefable|Protect|p2a: Clefable\n|-singleturn|p2a: Clefable|Protect\n|move|p1a: Ceruledge|Poltergeist|p2b: Gengar\n|-activate|p2b: Gengar|move: Protect\n|\n|-heal|p2a: Clefable|70/100|[from] item: Leftovers\n|-start|p1a: Ceruledge|perish0\n|faint|p1a: Ceruledge\n|upkeep\n|\n|t:|1775929025\n|switch|p1a: Palafin|Palafin-Hero, L50, F, shiny|100/100\n|-activate|p1a: Palafin|ability: Zero to Hero\n|turn|5\n|inactive|t0mato sooop has 30 seconds left.\n|\n|t:|1775929051\n|move|p2a: Clefable|Follow Me|p2a: Clefable\n|-singleturn|p2a: Clefable|move: Follow Me\n|move|p1b: Beedrill|Drill Run|p2a: Clefable\n|-damage|p2a: Clefable|58/100\n|move|p2b: Gengar|Perish Song|p2b: Gengar\n|-start|p1a: Palafin|perish3|[silent]\n|-start|p1b: Beedrill|perish3|[silent]\n|-start|p2a: Clefable|perish3|[silent]\n|-start|p2b: Gengar|perish3|[silent]\n|-fieldactivate|move: Perish Song\n|move|p1a: Palafin|Taunt|p2a: Clefable\n|-start|p2a: Clefable|move: Taunt\n|\n|-heal|p2a: Clefable|64/100|[from] item: Leftovers\n|-start|p1b: Beedrill|perish3\n|-start|p2b: Gengar|perish3\n|-start|p1a: Palafin|perish3\n|-start|p2a: Clefable|perish3\n|upkeep\n|turn|6\n|\n|t:|1775929075\n|switch|p2a: Incineroar|Incineroar, L50, F, shiny|47/100\n|-ability|p2a: Incineroar|Intimidate|boost\n|-unboost|p1a: Palafin|atk|1\n|-unboost|p1b: Beedrill|atk|1\n|move|p2b: Gengar|Protect|p2b: Gengar\n|-singleturn|p2b: Gengar|Protect\n|move|p1b: Beedrill|Drill Run|p2b: Gengar\n|-activate|p2b: Gengar|move: Protect\n|move|p1a: Palafin|Flip Turn|p2b: Gengar\n|-activate|p2b: Gengar|move: Protect\n|\n|-start|p1b: Beedrill|perish2\n|-start|p2b: Gengar|perish2\n|-start|p1a: Palafin|perish2\n|upkeep\n|turn|7\n|inactive|t0mato sooop has 30 seconds left.\n|\n|t:|1775929105\n|move|p2a: Incineroar|Fake Out|p1a: Palafin\n|-damage|p1a: Palafin|88/100\n|move|p1b: Beedrill|Drill Run|p2b: Gengar\n|-supereffective|p2b: Gengar|1\n|-damage|p2b: Gengar|40/100\n|move|p2b: Gengar|Substitute|p2b: Gengar\n|-start|p2b: Gengar|Substitute\n|-damage|p2b: Gengar|15/100\n|cant|p1a: Palafin|flinch\n|\n|-start|p1b: Beedrill|perish1\n|-start|p2b: Gengar|perish1\n|-start|p1a: Palafin|perish1\n|upkeep\n|turn|8\n|inactive|worenpeace has 30 seconds left.\n|\n|t:|1775929133\n|switch|p2b: Clefable|Clefable, L50, F, shiny|64/100\n|switch|p2a: Sinistcha|Sinistcha, L50, shiny|100/100\n|-heal|p2b: Clefable|89/100|[from] ability: Hospitality|[of] p2a: Sinistcha\n|move|p1b: Beedrill|Drill Run|p2b: Clefable\n|-damage|p2b: Clefable|79/100\n|move|p1a: Palafin|Flip Turn|p2a: Sinistcha\n|-resisted|p2a: Sinistcha|1\n|-damage|p2a: Sinistcha|92/100\n|\n|t:|1775929139\n|switch|p1a: Sinistcha|Sinistcha, L50|100/100|[from] Flip Turn\n|\n|-heal|p2b: Clefable|85/100|[from] item: Leftovers\n|-start|p1b: Beedrill|perish0\n|upkeep\n|faint|p1b: Beedrill\n|\n|t:|1775929145\n|switch|p1b: Palafin|Palafin-Hero, L50, F, shiny|88/100\n|turn|9\n|c|\u2606t0mato sooop|wow this is so lame\n|inactive|t0mato sooop has 30 seconds left.\n|\n|t:|1775929172\n|switch|p2b: Incineroar|Incineroar, L50, F, shiny|47/100\n|-ability|p2b: Incineroar|Intimidate|boost\n|-unboost|p1a: Sinistcha|atk|1\n|-unboost|p1b: Palafin|atk|1\n|move|p1b: Palafin|Wave Crash|p2a: Sinistcha\n|-resisted|p2a: Sinistcha|1\n|-damage|p2a: Sinistcha|73/100\n|-damage|p1b: Palafin|83/100|[from] Recoil\n|move|p1a: Sinistcha|Matcha Gotcha|p2b: Incineroar|[spread] p2a,p2b\n|-resisted|p2a: Sinistcha|1\n|-resisted|p2b: Incineroar|1\n|-damage|p2a: Sinistcha|59/100\n|-damage|p2b: Incineroar|34/100\n|-status|p2a: Sinistcha|brn\n|move|p2a: Sinistcha|Matcha Gotcha|p1a: Sinistcha|[spread] p1a,p1b\n|-resisted|p1a: Sinistcha|1\n|-supereffective|p1b: Palafin|1\n|-damage|p1a: Sinistcha|89/100\n|-heal|p2a: Sinistcha|66/100 brn|[from] drain|[of] p1a: Sinistcha\n|-damage|p1b: Palafin|34/100\n|-heal|p2a: Sinistcha|94/100 brn|[from] drain|[of] p1b: Palafin\n|\n|-damage|p2a: Sinistcha|88/100 brn|[from] brn\n|upkeep\n|turn|10\n|inactive|worenpeace has 30 seconds left.\n|\n|t:|1775929205\n|move|p2a: Sinistcha|Rage Powder|p2a: Sinistcha\n|-singleturn|p2a: Sinistcha|move: Rage Powder\n|move|p1b: Palafin|Flip Turn|p2a: Sinistcha\n|-resisted|p2a: Sinistcha|1\n|-damage|p2a: Sinistcha|80/100 brn\n|move|p1a: Sinistcha|Life Dew|p1a: Sinistcha|[spread] p1a,p1b\n|-heal|p1a: Sinistcha|100/100\n|-heal|p1b: Palafin|59/100\n|move|p2b: Incineroar|Parting Shot|p1b: Palafin\n|-unboost|p1b: Palafin|atk|1\n|-unboost|p1b: Palafin|spa|1\n|\n|t:|1775929216\n|switch|p2b: Gengar|Gengar-Mega, L50, M, shiny|15/100|[from] Parting Shot\n|\n|-damage|p2a: Sinistcha|74/100 brn|[from] brn\n|upkeep\n|turn|11\n|\n|t:|1775929226\n|move|p2a: Sinistcha|Rage Powder|p2a: Sinistcha\n|-singleturn|p2a: Sinistcha|move: Rage Powder\n|move|p1b: Palafin|Aqua Jet|p2a: Sinistcha\n|-resisted|p2a: Sinistcha|1\n|-damage|p2a: Sinistcha|69/100 brn\n|move|p2b: Gengar|Perish Song|p2b: Gengar\n|-start|p1a: Sinistcha|perish3|[silent]\n|-start|p1b: Palafin|perish3|[silent]\n|-start|p2a: Sinistcha|perish3|[silent]\n|-start|p2b: Gengar|perish3|[silent]\n|-fieldactivate|move: Perish Song\n|move|p1a: Sinistcha|Life Dew||[still]|[spread] p1a,p1b\n|-fail|p1a: Sinistcha|heal\n|-heal|p1b: Palafin|84/100\n|\n|-damage|p2a: Sinistcha|63/100 brn|[from] brn\n|-start|p2b: Gengar|perish3\n|-start|p1b: Palafin|perish3\n|-start|p1a: Sinistcha|perish3\n|-start|p2a: Sinistcha|perish3\n|upkeep\n|turn|12\n|-message|t0mato sooop forfeited.\n|\n|win|worenpeace\n|raw|t0mato sooop's rating: 1000 &rarr; <strong>1000</strong><br />(+0 for losing)\n|raw|worenpeace's rating: 1009 &rarr; <strong>1047</strong><br />(+38 for winning)\n|l|\u2606t0mato sooop\n|player|p1|\n",
  "uploadtime": 1775929246,
  "views": 26,
  "formatid": "gen9championsvgc2026regma",
  "rating": 1000,
  "private": 0,
  "password": null
}