{
  "id": "gen9championsvgc2026regma-2588417713",
  "format": "[Gen 9 Champions] VGC 2026 Reg M-A",
  "players": [
    "svenblack",
    "3ibkbl4"
  ],
  "log": "|j|\u2606svenblack\n|j|\u26063ibkbl4\n|t:|1776631791\n|gametype|doubles\n|player|p1|svenblack|wattson|1073\n|player|p2|3ibkbl4|unknown|1000\n|gen|9\n|tier|[Gen 9 Champions] VGC 2026 Reg M-A\n|rated|\n|rule|Species Clause: Limit one of each Pok\u00e9mon\n|rule|Item Clause: Limit 1 of each item\n|clearpoke\n|poke|p1|Greninja, L50, F|\n|poke|p1|Noivern, L50, F|\n|poke|p1|Sneasler, L50, F|\n|poke|p1|Meowscarada, L50, F|\n|poke|p1|Alcremie, L50, F|\n|poke|p1|Aegislash, L50, M|\n|poke|p2|Archaludon, L50, F|\n|poke|p2|Pelipper, L50, F|\n|poke|p2|Scizor, L50, F|\n|poke|p2|Gallade, L50, M|\n|poke|p2|Scovillain, L50, M|\n|poke|p2|Aerodactyl, L50, F|\n|teampreview|4\n|inactive|Battle timer is ON: inactive players will automatically lose when time's up. (requested by svenblack)\n|inactive|svenblack has 60 seconds left.\n|\n|t:|1776631825\n|teamsize|p1|4\n|teamsize|p2|4\n|start\n|switch|p1a: Greninja|Greninja, L50, F|100/100\n|switch|p1b: Noivern|Noivern, L50, F|100/100\n|switch|p2a: Aerodactyl|Aerodactyl, L50, F|100/100\n|switch|p2b: Scovillain|Scovillain, L50, M|100/100\n|-ability|p2a: Aerodactyl|Unnerve\n|turn|1\n|\n|t:|1776631840\n|detailschange|p1a: Greninja|Greninja-Mega, L50, F\n|-mega|p1a: Greninja|Greninja|Greninjite\n|move|p2b: Scovillain|Protect|p2b: Scovillain\n|-singleturn|p2b: Scovillain|Protect\n|move|p2a: Aerodactyl|Stone Edge|p1b: Noivern\n|-supereffective|p1b: Noivern|1\n|-damage|p1b: Noivern|0 fnt\n|faint|p1b: Noivern\n|move|p1a: Greninja|Sludge Wave|p2a: Aerodactyl|[spread] p2a\n|-start|p1a: Greninja|typechange|Poison|[from] ability: Protean\n|-activate|p2b: Scovillain|move: Protect\n|-resisted|p2a: Aerodactyl|1\n|-damage|p2a: Aerodactyl|71/100\n|\n|-ability|p2b: Scovillain|Moody|boost\n|-boost|p2b: Scovillain|def|2\n|-unboost|p2b: Scovillain|spe|1\n|upkeep\n|\n|t:|1776631848\n|switch|p1b: Meowscarada|Meowscarada, L50, F|100/100\n|turn|2\n|\n|t:|1776631866\n|detailschange|p2b: Scovillain|Scovillain-Mega, L50, M\n|-mega|p2b: Scovillain|Scovillain|Scovillainite\n|move|p2b: Scovillain|Rage Powder|p2b: Scovillain\n|-singleturn|p2b: Scovillain|move: Rage Powder\n|move|p2a: Aerodactyl|Stone Edge|p1a: Greninja\n|-damage|p1a: Greninja|32/100\n|move|p1b: Meowscarada|Flower Trick|p2a: Aerodactyl\n|-start|p1b: Meowscarada|typechange|Grass|[from] ability: Protean\n|-crit|p2a: Aerodactyl\n|-damage|p2a: Aerodactyl|0 fnt\n|faint|p2a: Aerodactyl\n|move|p1a: Greninja|Hydro Pump|p2b: Scovillain\n|-damage|p2b: Scovillain|52/100\n|-status|p1a: Greninja|brn|[from] ability: Spicy Spray|[of] p2b: Scovillain\n|\n|-damage|p1a: Greninja|26/100 brn|[from] brn\n|upkeep\n|\n|t:|1776631883\n|switch|p2a: Pelipper|Pelipper, L50, F|100/100\n|-weather|RainDance|[from] ability: Drizzle|[of] p2a: Pelipper\n|turn|3\n|\n|t:|1776631900\n|switch|p1b: Sneasler|Sneasler, L50, F|100/100\n|switch|p2a: Archaludon|Archaludon, L50, F|100/100\n|move|p2b: Scovillain|Rage Powder|p2b: Scovillain\n|-singleturn|p2b: Scovillain|move: Rage Powder\n|move|p1a: Greninja|Sludge Wave|p2b: Scovillain|[spread] p1b,p2b\n|-immune|p2a: Archaludon\n|-resisted|p1b: Sneasler|1\n|-supereffective|p2b: Scovillain|1\n|-damage|p1b: Sneasler|74/100\n|-damage|p2b: Scovillain|0 fnt\n|faint|p2b: Scovillain\n|\n|-weather|RainDance|[upkeep]\n|-damage|p1a: Greninja|20/100 brn|[from] brn\n|upkeep\n|\n|t:|1776631905\n|switch|p2b: Pelipper|Pelipper, L50, F|100/100\n|turn|4\n|inactive|svenblack has 30 seconds left.\n|\n|t:|1776631932\n|move|p1b: Sneasler|Fake Out|p2b: Pelipper\n|-damage|p2b: Pelipper|80/100\n|move|p1a: Greninja|Ice Beam|p2b: Pelipper\n|-damage|p2b: Pelipper|22/100\n|cant|p2b: Pelipper|flinch\n|move|p2a: Archaludon|Electro Shot||[still]\n|-prepare|p2a: Archaludon|Electro Shot\n|-boost|p2a: Archaludon|spa|1\n|-anim|p2a: Archaludon|Electro Shot|p1b: Sneasler\n|-damage|p1b: Sneasler|0 fnt\n|faint|p1b: Sneasler\n|\n|-weather|RainDance|[upkeep]\n|-damage|p1a: Greninja|14/100 brn|[from] brn\n|upkeep\n|\n|t:|1776631934\n|switch|p1b: Meowscarada|Meowscarada, L50, F|100/100\n|turn|5\n|\n|t:|1776631958\n|move|p2b: Pelipper|Protect|p2b: Pelipper\n|-singleturn|p2b: Pelipper|Protect\n|move|p1b: Meowscarada|Low Kick|p2a: Archaludon\n|-start|p1b: Meowscarada|typechange|Fighting|[from] ability: Protean\n|-supereffective|p2a: Archaludon|1\n|-damage|p2a: Archaludon|39/100\n|-ability|p2a: Archaludon|Stamina|boost\n|-boost|p2a: Archaludon|def|1\n|move|p1a: Greninja|Ice Beam|p2b: Pelipper\n|-activate|p2b: Pelipper|move: Protect\n|move|p2a: Archaludon|Electro Shot||[still]\n|-prepare|p2a: Archaludon|Electro Shot\n|-boost|p2a: Archaludon|spa|1\n|-anim|p2a: Archaludon|Electro Shot|p1a: Greninja\n|-damage|p1a: Greninja|0 fnt\n|faint|p1a: Greninja\n|\n|-weather|RainDance|[upkeep]\n|-heal|p2a: Archaludon|45/100|[from] item: Leftovers\n|upkeep\n|turn|6\n|\n|t:|1776631968\n|move|p2a: Archaludon|Protect|p2a: Archaludon\n|-singleturn|p2a: Archaludon|Protect\n|move|p1b: Meowscarada|Low Kick|p2a: Archaludon\n|-activate|p2a: Archaludon|move: Protect\n|move|p2b: Pelipper|Hurricane|p1b: Meowscarada\n|-supereffective|p1b: Meowscarada|1\n|-damage|p1b: Meowscarada|0 fnt\n|faint|p1b: Meowscarada\n|\n|win|3ibkbl4\n|raw|svenblack's rating: 1073 &rarr; <strong>1048</strong><br />(-25 for losing)\n|raw|3ibkbl4's rating: 1000 &rarr; <strong>1048</strong><br />(+48 for winning)\n|l|\u2606svenblack\n|player|p1|\n",
  "uploadtime": 1776631972,
  "views": 10,
  "formatid": "gen9championsvgc2026regma",
  "rating": 1048,
  "private": 0,
  "password": null
}