{
  "id": "gen9championsvgc2026regma-2580311420",
  "format": "[Gen 9 Champions] VGC 2026 Reg M-A",
  "players": [
    "slurpysigma",
    "estockelly"
  ],
  "log": "|j|\u2606slurpysigma\n|j|\u2606estockelly\n|t:|1775879011\n|gametype|doubles\n|player|p1|slurpysigma|2|1047\n|player|p2|estockelly|dawn|1040\n|gen|9\n|tier|[Gen 9 Champions] VGC 2026 Reg M-A\n|rated|\n|rule|Species Clause: Limit one of each Pok\u00e9mon\n|rule|Item Clause: Limit 1 of each item\n|clearpoke\n|poke|p1|Tyranitar, L50, M|\n|poke|p1|Sneasler, L50, M|\n|poke|p1|Excadrill, L50, F|\n|poke|p1|Primarina, L50, F|\n|poke|p1|Arcanine-Hisui, L50, F|\n|poke|p1|Sinistcha, L50|\n|poke|p2|Kangaskhan, L50, F|\n|poke|p2|Palafin, L50, F|\n|poke|p2|Rotom-Wash, L50|\n|poke|p2|Hydreigon, L50, F|\n|poke|p2|Garchomp, L50, F|\n|poke|p2|Talonflame, L50, M|\n|teampreview|4\n|inactive|Battle timer is ON: inactive players will automatically lose when time's up. (requested by slurpysigma)\n|\n|t:|1775879025\n|teamsize|p1|4\n|teamsize|p2|4\n|start\n|switch|p1a: Tyranitar|Tyranitar, L50, M|100/100\n|switch|p1b: Sneasler|Sneasler, L50, M|100/100\n|switch|p2a: Kangaskhan|Kangaskhan, L50, F|100/100\n|switch|p2b: Palafin|Palafin, L50, F|100/100\n|-weather|Sandstorm|[from] ability: Sand Stream|[of] p1a: Tyranitar\n|turn|1\n|inactive|estockelly has 30 seconds left.\n|\n|t:|1775879061\n|detailschange|p2b: Palafin|Palafin-Hero, L50, F\n|switch|p2b: Garchomp|Garchomp, L50, F|100/100\n|detailschange|p1a: Tyranitar|Tyranitar-Mega, L50, M\n|-mega|p1a: Tyranitar|Tyranitar|Tyranitarite\n|detailschange|p2a: Kangaskhan|Kangaskhan-Mega, L50, F\n|-mega|p2a: Kangaskhan|Kangaskhan|Kangaskhanite\n|move|p1a: Tyranitar|Protect|p1a: Tyranitar\n|-singleturn|p1a: Tyranitar|Protect\n|move|p2a: Kangaskhan|Fake Out|p1b: Sneasler\n|-damage|p1b: Sneasler|59/100\n|-damage|p1b: Sneasler|50/100\n|-hitcount|p1b: Sneasler|2\n|cant|p1b: Sneasler|flinch\n|\n|-weather|Sandstorm|[upkeep]\n|-damage|p1b: Sneasler|44/100|[from] Sandstorm\n|-damage|p2a: Kangaskhan|94/100|[from] Sandstorm\n|upkeep\n|turn|2\n|\n|t:|1775879085\n|switch|p1a: Sinistcha|Sinistcha, L50|100/100\n|-heal|p1b: Sneasler|68/100|[from] ability: Hospitality|[of] p1a: Sinistcha\n|switch|p2a: Talonflame|Talonflame, L50, M|100/100\n|move|p1b: Sneasler|Close Combat|p2a: Talonflame\n|-resisted|p2a: Talonflame|1\n|-damage|p2a: Talonflame|50/100\n|-unboost|p1b: Sneasler|def|1\n|-unboost|p1b: Sneasler|spd|1\n|move|p2b: Garchomp|Earthquake|p1a: Sinistcha|[spread] p1a,p1b\n|-immune|p2a: Talonflame\n|-resisted|p1a: Sinistcha|1\n|-supereffective|p1b: Sneasler|1\n|-damage|p1a: Sinistcha|83/100\n|-damage|p1b: Sneasler|0 fnt\n|faint|p1b: Sneasler\n|\n|-weather|Sandstorm|[upkeep]\n|-damage|p2a: Talonflame|44/100|[from] Sandstorm\n|-damage|p1a: Sinistcha|76/100|[from] Sandstorm\n|upkeep\n|\n|t:|1775879100\n|switch|p1b: Excadrill|Excadrill, L50, F|100/100\n|turn|3\n|\n|t:|1775879121\n|move|p1b: Excadrill|Protect|p1b: Excadrill\n|-singleturn|p1b: Excadrill|Protect\n|move|p2a: Talonflame|Tailwind|p2a: Talonflame\n|-sidestart|p2: estockelly|move: Tailwind\n|move|p2b: Garchomp|Earthquake|p1a: Sinistcha|[spread] p1a\n|-activate|p1b: Excadrill|move: Protect\n|-immune|p2a: Talonflame\n|-resisted|p1a: Sinistcha|1\n|-damage|p1a: Sinistcha|59/100\n|move|p1a: Sinistcha|Shadow Ball|p2a: Talonflame\n|-damage|p2a: Talonflame|0 fnt\n|faint|p2a: Talonflame\n|\n|-weather|Sandstorm|[upkeep]\n|-damage|p1a: Sinistcha|53/100|[from] Sandstorm\n|upkeep\n|\n|t:|1775879144\n|switch|p2a: Kangaskhan|Kangaskhan-Mega, L50, F|94/100\n|turn|4\n|\n|t:|1775879154\n|switch|p1b: Tyranitar|Tyranitar-Mega, L50, M|100/100\n|move|p2a: Kangaskhan|Fake Out|p1b: Tyranitar\n|-resisted|p1b: Tyranitar|1\n|-damage|p1b: Tyranitar|92/100\n|-resisted|p1b: Tyranitar|1\n|-damage|p1b: Tyranitar|90/100\n|-hitcount|p1b: Tyranitar|2\n|move|p2b: Garchomp|Rock Slide|p1b: Tyranitar|[spread] p1a,p1b\n|-damage|p1a: Sinistcha|34/100\n|-damage|p1b: Tyranitar|77/100\n|-enditem|p1a: Sinistcha|Sitrus Berry|[eat]\n|-heal|p1a: Sinistcha|58/100|[from] item: Sitrus Berry\n|cant|p1a: Sinistcha|flinch\n|\n|-weather|Sandstorm|[upkeep]\n|-damage|p2a: Kangaskhan|88/100|[from] Sandstorm\n|-damage|p1a: Sinistcha|52/100|[from] Sandstorm\n|upkeep\n|turn|5\n|\n|t:|1775879174\n|switch|p2b: Palafin|Palafin-Hero, L50, F|100/100\n|-activate|p2b: Palafin|ability: Zero to Hero\n|move|p2a: Kangaskhan|Sucker Punch||[still]\n|-fail|p2a: Kangaskhan\n|move|p1b: Tyranitar|Low Kick|p2a: Kangaskhan\n|-supereffective|p2a: Kangaskhan|1\n|-damage|p2a: Kangaskhan|8/100\n|move|p1a: Sinistcha|Strength Sap|p2b: Palafin\n|-unboost|p2b: Palafin|atk|1\n|-heal|p1a: Sinistcha|100/100\n|\n|-weather|none\n|upkeep\n|turn|6\n|\n|t:|1775879198\n|switch|p2a: Garchomp|Garchomp, L50, F|100/100\n|switch|p1b: Excadrill|Excadrill, L50, F|100/100\n|move|p2b: Palafin|Wave Crash|p1b: Excadrill\n|-supereffective|p1b: Excadrill|1\n|-enditem|p1b: Excadrill|Focus Sash\n|-damage|p1b: Excadrill|1/100\n|-damage|p2b: Palafin|67/100|[from] Recoil\n|move|p1a: Sinistcha|Matcha Gotcha|p2a: Garchomp|[spread] p2a,p2b\n|-supereffective|p2b: Palafin|1\n|-damage|p2a: Garchomp|70/100\n|-damage|p2b: Palafin|0 fnt\n|faint|p2b: Palafin\n|\n|-sideend|p2: estockelly|move: Tailwind\n|upkeep\n|-message|estockelly forfeited.\n|\n|win|slurpysigma\n|raw|slurpysigma's rating: 1047 &rarr; <strong>1079</strong><br />(+32 for winning)\n|raw|estockelly's rating: 1040 &rarr; <strong>1024</strong><br />(-16 for losing)\n",
  "uploadtime": 1775879212,
  "views": 11,
  "formatid": "gen9championsvgc2026regma",
  "rating": 1024,
  "private": 0,
  "password": null
}