{
  "id": "gen9championsvgc2026regma-2581775859",
  "format": "[Gen 9 Champions] VGC 2026 Reg M-A",
  "players": [
    "Duck-Monke",
    "TheGuyWithACloak"
  ],
  "log": "|j|\u2606Duck-Monke\n|j|\u2606TheGuyWithACloak\n|t:|1776027480\n|gametype|doubles\n|player|p1|Duck-Monke|170|\n|player|p2|TheGuyWithACloak|101|\n|gen|9\n|tier|[Gen 9 Champions] VGC 2026 Reg M-A\n|rated|Tournament battle\n|rule|Species Clause: Limit one of each Pok\u00e9mon\n|rule|Item Clause: Limit 1 of each item\n|raw|<div class=\"infobox\"><details class=\"readmore\" open><summary><strong>1 custom rule:</strong></summary> Force Open Team Sheets</details></div>\n|clearpoke\n|poke|p1|Scizor, L50, F|\n|poke|p1|Milotic, L50, F|\n|poke|p1|Incineroar, L50, F|\n|poke|p1|Floette-Eternal, L50, F|\n|poke|p1|Aerodactyl, L50, F|\n|poke|p1|Garchomp, L50, F|\n|poke|p2|Charizard, L50, M|\n|poke|p2|Garchomp, L50, F|\n|poke|p2|Sneasler, L50, M|\n|poke|p2|Venusaur, L50, F|\n|poke|p2|Rotom-Wash, L50|\n|poke|p2|Arcanine-Hisui, L50, F|\n|teampreview|4\n|showteam|p1|Scizor||MetalCoat|Technician|Protect,BulletPunch,SwordsDance,BugBite|||F|||50|]Milotic||Leftovers|Competitive|IcyWind,Scald,Protect,LifeDew|||F|||50|]Incineroar||SitrusBerry|Intimidate|FakeOut,Snarl,FlareBlitz,PartingShot|||F|||50|]Floette-Eternal||Floettite|FlowerVeil|CalmMind,DazzlingGleam,DrainingKiss,Protect|||F|||50|]Aerodactyl||FocusSash|Unnerve|RockSlide,Tailwind,DualWingbeat,Protect|||F|||50|]Garchomp||LumBerry|RoughSkin|Protect,SwordsDance,Earthquake,RockSlide|||F|||50|\n|showteam|p2|Charizard||CharizarditeY|Blaze|HeatWave,WeatherBall,SolarBeam,Protect|||M|||50|]Garchomp||ChoiceScarf|RoughSkin|RockSlide,Earthquake,DragonClaw,IronHead|||F|||50|]Sneasler||FocusSash|Unburden|DireClaw,CloseCombat,FakeOut,Uturn|||M|||50|]Venusaur||Leftovers|Chlorophyll|Protect,SleepPowder,SludgeBomb,LeafStorm|||F|||50|]Rotom-Wash||Magnet|Levitate|WillOWisp,Discharge,HydroPump,Protect||||||50|]Arcanine-Hisui||LumBerry|Intimidate|RockSlide,ExtremeSpeed,FlareBlitz,Protect|||F|||50|\n|inactive|Battle timer is ON: inactive players will automatically lose when time's up. (requested by TheGuyWithACloak)\n|c|\u2606Duck-Monke|glhf\nTheGuyWithACloak rejected open team sheets.\n|c|\u2606TheGuyWithACloak|glh\n|\n|t:|1776027529\n|teamsize|p1|4\n|teamsize|p2|4\n|start\n|switch|p1a: Incineroar|Incineroar, L50, F|100/100\n|switch|p1b: Floette|Floette-Eternal, L50, F|100/100\n|switch|p2a: Sneasler|Sneasler, L50, M|100/100\n|switch|p2b: Rotom|Rotom-Wash, L50|100/100\n|-ability|p1a: Incineroar|Intimidate|boost\n|-unboost|p2a: Sneasler|atk|1\n|-unboost|p2b: Rotom|atk|1\n|turn|1\n|\n|t:|1776027549\n|detailschange|p1b: Floette|Floette-Mega, L50, F\n|-mega|p1b: Floette|Floette|Floettite\n|-ability|p1b: Floette|Fairy Aura\n|move|p2a: Sneasler|Fake Out|p1b: Floette\n|-crit|p1b: Floette\n|-damage|p1b: Floette|73/100\n|move|p1a: Incineroar|Fake Out|p2a: Sneasler\n|-damage|p2a: Sneasler|82/100\n|cant|p1b: Floette|flinch\n|move|p2b: Rotom|Hydro Pump|p1a: Incineroar\n|-supereffective|p1a: Incineroar|1\n|-damage|p1a: Incineroar|20/100\n|-enditem|p1a: Incineroar|Sitrus Berry|[eat]\n|-heal|p1a: Incineroar|45/100|[from] item: Sitrus Berry\n|\n|upkeep\n|turn|2\n|inactive|Duck-Monke has 30 seconds left.\n|inactive|Duck-Monke has 20 seconds left.\n|inactive|Duck-Monke has 15 seconds left.\n|inactive|Duck-Monke has 10 seconds left.\n|inactive|Duck-Monke has 5 seconds left.\n|\n|t:|1776027600\n|switch|p1a: Garchomp|Garchomp, L50, F|100/100\n|move|p1b: Floette|Protect|p1b: Floette\n|-singleturn|p1b: Floette|Protect\n|move|p2a: Sneasler|Dire Claw|p1b: Floette\n|-activate|p1b: Floette|move: Protect\n|move|p2b: Rotom|Hydro Pump|p1a: Garchomp\n|-damage|p1a: Garchomp|56/100\n|\n|upkeep\n|turn|3\n|\n|t:|1776027621\n|switch|p1b: Aerodactyl|Aerodactyl, L50, F|100/100\n|-ability|p1b: Aerodactyl|Unnerve\n|move|p2a: Sneasler|Dire Claw|p1b: Aerodactyl\n|-resisted|p1b: Aerodactyl|1\n|-damage|p1b: Aerodactyl|80/100\n|move|p1a: Garchomp|Earthquake|p2a: Sneasler|[spread] p2a\n|-immune|p1b: Aerodactyl\n|-immune|p2b: Rotom|[from] ability: Levitate\n|-supereffective|p2a: Sneasler|1\n|-damage|p2a: Sneasler|0 fnt\n|faint|p2a: Sneasler\n|move|p2b: Rotom|Will-O-Wisp|p1a: Garchomp\n|-status|p1a: Garchomp|brn\n|-enditem|p1a: Garchomp|Lum Berry|[eat]\n|-curestatus|p1a: Garchomp|brn|[msg]\n|\n|upkeep\n|\n|t:|1776027627\n|switch|p2a: Arcanine|Arcanine-Hisui, L50, F|100/100\n|-ability|p2a: Arcanine|Intimidate|boost\n|-unboost|p1a: Garchomp|atk|1\n|-unboost|p1b: Aerodactyl|atk|1\n|turn|4\n|\n|t:|1776027645\n|switch|p2a: Charizard|Charizard, L50, M|100/100\n|move|p1b: Aerodactyl|Rock Slide|p2b: Rotom|[spread] p2a,p2b\n|-supereffective|p2a: Charizard|2\n|-damage|p2a: Charizard|7/100\n|-damage|p2b: Rotom|86/100\n|move|p1a: Garchomp|Rock Slide|p2a: Charizard|[spread] p2a,p2b\n|-supereffective|p2a: Charizard|2\n|-damage|p2a: Charizard|0 fnt\n|-damage|p2b: Rotom|74/100\n|faint|p2a: Charizard\n|move|p2b: Rotom|Will-O-Wisp|p1b: Aerodactyl\n|-status|p1b: Aerodactyl|brn\n|\n|-damage|p1b: Aerodactyl|74/100 brn|[from] brn\n|upkeep\n|\n|t:|1776027648\n|switch|p2a: Arcanine|Arcanine-Hisui, L50, F|100/100\n|-ability|p2a: Arcanine|Intimidate|boost\n|-unboost|p1a: Garchomp|atk|1\n|-unboost|p1b: Aerodactyl|atk|1\n|turn|5\n|\n|t:|1776027671\n|switch|p1a: Incineroar|Incineroar, L50, F|45/100\n|-ability|p1a: Incineroar|Intimidate|boost\n|-unboost|p2a: Arcanine|atk|1\n|-unboost|p2b: Rotom|atk|1\n|move|p2a: Arcanine|Protect|p2a: Arcanine\n|-singleturn|p2a: Arcanine|Protect\n|move|p1b: Aerodactyl|Tailwind|p1b: Aerodactyl\n|-sidestart|p1: Duck-Monke|move: Tailwind\n|move|p2b: Rotom|Will-O-Wisp|p1a: Incineroar|[miss]\n|-miss|p2b: Rotom|p1a: Incineroar\n|\n|-damage|p1b: Aerodactyl|68/100 brn|[from] brn\n|upkeep\n|turn|6\n|\n|t:|1776027682\n|move|p1b: Aerodactyl|Rock Slide|p2a: Arcanine|[spread] p2a\n|-miss|p1b: Aerodactyl|p2b: Rotom\n|-supereffective|p2a: Arcanine|1\n|-damage|p2a: Arcanine|85/100\n|move|p1a: Incineroar|Snarl|p2b: Rotom|[spread] p2a,p2b\n|-damage|p2a: Arcanine|73/100\n|-damage|p2b: Rotom|62/100\n|-unboost|p2a: Arcanine|spa|1\n|-unboost|p2b: Rotom|spa|1\n|move|p2a: Arcanine|Rock Slide|p1a: Incineroar|[spread] p1a,p1b\n|-supereffective|p1a: Incineroar|1\n|-supereffective|p1b: Aerodactyl|1\n|-damage|p1a: Incineroar|18/100\n|-damage|p1b: Aerodactyl|6/100 brn\n|move|p2b: Rotom|Hydro Pump|p1b: Aerodactyl\n|-supereffective|p1b: Aerodactyl|1\n|-damage|p1b: Aerodactyl|0 fnt\n|faint|p1b: Aerodactyl\n|\n|upkeep\n|\n|t:|1776027692\n|switch|p1b: Floette|Floette-Mega, L50, F|73/100\n|-ability|p1b: Floette|Fairy Aura\n|turn|7\n|\n|t:|1776027713\n|move|p2a: Arcanine|Protect|p2a: Arcanine\n|-singleturn|p2a: Arcanine|Protect\n|move|p1b: Floette|Draining Kiss|p2b: Rotom\n|-damage|p2b: Rotom|12/100\n|-heal|p1b: Floette|100/100|[from] drain|[of] p2b: Rotom\n|move|p1a: Incineroar|Parting Shot|p2a: Arcanine\n|-activate|p2a: Arcanine|move: Protect\n|move|p2b: Rotom|Discharge|p1a: Incineroar|[spread] p1a,p1b\n|-activate|p2a: Arcanine|move: Protect\n|-damage|p1a: Incineroar|1/100\n|-damage|p1b: Floette|85/100\n|\n|upkeep\n|turn|8\n|\n|t:|1776027733\n|move|p2b: Rotom|Protect|p2b: Rotom\n|-singleturn|p2b: Rotom|Protect\n|move|p2a: Arcanine|Extreme Speed|p1a: Incineroar\n|-damage|p1a: Incineroar|0 fnt\n|faint|p1a: Incineroar\n|move|p1b: Floette|Dazzling Gleam|p2b: Rotom|[spread] p2a\n|-activate|p2b: Rotom|move: Protect\n|-resisted|p2a: Arcanine|1\n|-damage|p2a: Arcanine|39/100\n|\n|-sideend|p1: Duck-Monke|move: Tailwind\n|upkeep\n|\n|t:|1776027738\n|switch|p1a: Garchomp|Garchomp, L50, F|56/100\n|turn|9\n|c|\u2606Duck-Monke|gg\n|\n|t:|1776027750\n|move|p2a: Arcanine|Protect|p2a: Arcanine\n|-singleturn|p2a: Arcanine|Protect\n|move|p1b: Floette|Dazzling Gleam|p2b: Rotom|[spread] p2b\n|-activate|p2a: Arcanine|move: Protect\n|-damage|p2b: Rotom|0 fnt\n|faint|p2b: Rotom\n|move|p1a: Garchomp|Rock Slide|p2a: Arcanine\n|-activate|p2a: Arcanine|move: Protect\n|\n|upkeep\n|turn|10\n|-message|TheGuyWithACloak forfeited.\n|\n|win|Duck-Monke\n|n|\u2606Duck-Monke|duckmonke\n|n|\u2606TheGuyWithACloak|theguywithacloak\n",
  "uploadtime": 1776027756,
  "views": 12,
  "formatid": "gen9championsvgc2026regma",
  "rating": null,
  "private": 0,
  "password": null
}