{
  "id": "gen9championsvgc2026regma-2586674877",
  "format": "[Gen 9 Champions] VGC 2026 Reg M-A",
  "players": [
    "biyang2003",
    "SorcererBadgerTG"
  ],
  "log": "|j|\u2606biyang2003\n|j|\u2606SorcererBadgerTG\n|t:|1776451130\n|gametype|doubles\n|player|p1|biyang2003|102|1234\n|player|p2|SorcererBadgerTG|169|1169\n|gen|9\n|tier|[Gen 9 Champions] VGC 2026 Reg M-A\n|rated|\n|rule|Species Clause: Limit one of each Pok\u00e9mon\n|rule|Item Clause: Limit 1 of each item\n|clearpoke\n|poke|p1|Aegislash, L50, F|\n|poke|p1|Aerodactyl, L50, F|\n|poke|p1|Kingambit, L50, F|\n|poke|p1|Blastoise, L50, F|\n|poke|p1|Pelipper, L50, F|\n|poke|p1|Appletun, L50, F|\n|poke|p2|Tyranitar, L50, F|\n|poke|p2|Glimmora, L50, M|\n|poke|p2|Runerigus, L50, M|\n|poke|p2|Sinistcha-Masterpiece, L50|\n|poke|p2|Charizard, L50, M|\n|poke|p2|Archaludon, L50, M|\n|teampreview|4\nSorcererBadgerTG rejected open team sheets.\n|inactive|Battle timer is ON: inactive players will automatically lose when time's up. (requested by SorcererBadgerTG)\n|\n|t:|1776451158\n|teamsize|p1|4\n|teamsize|p2|4\n|start\n|switch|p1a: Kingambit|Kingambit, L50, F|100/100\n|switch|p1b: Aerodactyl|Aerodactyl, L50, F|100/100\n|switch|p2a: Sinistcha|Sinistcha-Masterpiece, L50|100/100\n|switch|p2b: Charizard|Charizard, L50, M|100/100\n|-ability|p1b: Aerodactyl|Unnerve\n|turn|1\n|\n|t:|1776451182\n|switch|p2b: Archaludon|Archaludon, L50, M|100/100\n|move|p1a: Kingambit|Protect|p1a: Kingambit\n|-singleturn|p1a: Kingambit|Protect\n|move|p1b: Aerodactyl|Tailwind|p1b: Aerodactyl\n|-sidestart|p1: biyang2003|move: Tailwind\n|move|p2a: Sinistcha|Trick Room|p2a: Sinistcha\n|-fieldstart|move: Trick Room|[of] p2a: Sinistcha\n|\n|upkeep\n|turn|2\n|inactive|SorcererBadgerTG has 30 seconds left.\n|inactive|SorcererBadgerTG has 20 seconds left.\n|inactive|SorcererBadgerTG has 15 seconds left.\n|inactive|SorcererBadgerTG has 10 seconds left.\n|\n|t:|1776451227\n|switch|p2a: Runerigus|Runerigus, L50, M|100/100\n|move|p2b: Archaludon|Dragon Pulse|p1b: Aerodactyl\n|-damage|p1b: Aerodactyl|34/100\n|move|p1a: Kingambit|Low Kick|p2b: Archaludon\n|-supereffective|p2b: Archaludon|1\n|-damage|p2b: Archaludon|40/100\n|-ability|p2b: Archaludon|Stamina|boost\n|-boost|p2b: Archaludon|def|1\n|move|p1b: Aerodactyl|Dual Wingbeat|p2a: Runerigus\n|-damage|p2a: Runerigus|86/100\n|-activate|p1b: Aerodactyl|Skill Swap|Wandering Spirit|Unnerve|[of] p2a: Runerigus\n|-ability|p2a: Runerigus|Unnerve\n|-damage|p2a: Runerigus|73/100\n|-hitcount|p2a: Runerigus|2\n|\n|-heal|p2a: Runerigus|79/100|[from] item: Leftovers\n|upkeep\n|turn|3\n|inactive|biyang2003 has 30 seconds left.\n|\n|t:|1776451299\n|switch|p1b: Blastoise|Blastoise, L50, F|100/100\n|move|p1a: Kingambit|Protect|p1a: Kingambit\n|-singleturn|p1a: Kingambit|Protect\n|move|p2a: Runerigus|Body Press|p1a: Kingambit\n|-activate|p1a: Kingambit|move: Protect\n|move|p2b: Archaludon|Dragon Cheer|p2a: Runerigus\n|-start|p2a: Runerigus|move: Dragon Cheer\n|\n|-heal|p2a: Runerigus|85/100|[from] item: Leftovers\n|upkeep\n|turn|4\n|inactive|biyang2003 has 30 seconds left.\n|inactive|SorcererBadgerTG has 30 seconds left.\n|inactive|biyang2003 has 20 seconds left.\n|inactive|SorcererBadgerTG has 20 seconds left.\n|inactive|biyang2003 has 15 seconds left.\n|inactive|SorcererBadgerTG has 15 seconds left.\n|inactive|SorcererBadgerTG has 10 seconds left.\n|inactive|SorcererBadgerTG has 5 seconds left.\n|\n|t:|1776451369\n|detailschange|p1b: Blastoise|Blastoise-Mega, L50, F\n|-mega|p1b: Blastoise|Blastoise|Blastoisinite\n|move|p1a: Kingambit|Sucker Punch|p2a: Runerigus\n|-supereffective|p2a: Runerigus|1\n|-damage|p2a: Runerigus|23/100\n|move|p2a: Runerigus|Body Press|p1a: Kingambit\n|-supereffective|p1a: Kingambit|2\n|-damage|p1a: Kingambit|33/100\n|move|p2b: Archaludon|Electro Shot||[still]\n|-prepare|p2b: Archaludon|Electro Shot\n|-boost|p2b: Archaludon|spa|1\n|move|p1b: Blastoise|Aura Sphere|p2b: Archaludon\n|-supereffective|p2b: Archaludon|1\n|-damage|p2b: Archaludon|0 fnt\n|faint|p2b: Archaludon\n|\n|-heal|p2a: Runerigus|29/100|[from] item: Leftovers\n|-sideend|p1: biyang2003|move: Tailwind\n|upkeep\n|inactive|SorcererBadgerTG has 30 seconds left.\n|inactive|SorcererBadgerTG has 20 seconds left.\n|inactive|SorcererBadgerTG has 15 seconds left.\n|inactive|SorcererBadgerTG has 10 seconds left.\n|inactive|SorcererBadgerTG has 5 seconds left.\n|\n|t:|1776451426\n|switch|p2b: Sinistcha|Sinistcha-Masterpiece, L50|100/100\n|-heal|p2a: Runerigus|54/100|[from] ability: Hospitality|[of] p2b: Sinistcha\n|turn|5\n|inactive|biyang2003 has 30 seconds left.\n|inactive|SorcererBadgerTG has 30 seconds left.\n|\n|t:|1776451461\n|move|p1b: Blastoise|Protect|p1b: Blastoise\n|-singleturn|p1b: Blastoise|Protect\n|move|p1a: Kingambit|Sucker Punch||[still]\n|-fail|p1a: Kingambit\n|move|p2a: Runerigus|Will-O-Wisp|p1a: Kingambit\n|-status|p1a: Kingambit|brn\n|move|p2b: Sinistcha|Matcha Gotcha|p1b: Blastoise|[spread] \n|-activate|p1b: Blastoise|move: Protect\n|-miss|p2b: Sinistcha|p1a: Kingambit\n|\n|-heal|p2a: Runerigus|60/100|[from] item: Leftovers\n|-damage|p1a: Kingambit|27/100 brn|[from] brn\n|-fieldend|move: Trick Room\n|upkeep\n|turn|6\n|inactive|biyang2003 has 30 seconds left.\n|inactive|SorcererBadgerTG has 30 seconds left.\n|\n|t:|1776451495\n|switch|p2b: Charizard|Charizard, L50, M|100/100\n|switch|p1a: Pelipper|Pelipper, L50, F|100/100\n|-weather|RainDance|[from] ability: Drizzle|[of] p1a: Pelipper\n|move|p1b: Blastoise|Water Pulse|p2a: Runerigus\n|-supereffective|p2a: Runerigus|1\n|-damage|p2a: Runerigus|0 fnt\n|faint|p2a: Runerigus\n|\n|-weather|RainDance|[upkeep]\n|upkeep\n|\n|t:|1776451503\n|switch|p2a: Sinistcha|Sinistcha-Masterpiece, L50|100/100\n|turn|7\n|\n|t:|1776451516\n|switch|p1a: Kingambit|Kingambit, L50, F|27/100 brn\n|move|p1b: Blastoise|Protect|p1b: Blastoise\n|-singleturn|p1b: Blastoise|Protect\n|move|p2a: Sinistcha|Rage Powder|p2a: Sinistcha\n|-singleturn|p2a: Sinistcha|move: Rage Powder\n|move|p2b: Charizard|Hurricane|p1a: Kingambit\n|-resisted|p1a: Kingambit|1\n|-damage|p1a: Kingambit|2/100 brn\n|\n|-weather|RainDance|[upkeep]\n|-damage|p1a: Kingambit|0 fnt|[from] brn\n|faint|p1a: Kingambit\n|upkeep\n|\n|t:|1776451527\n|switch|p1a: Aerodactyl|Aerodactyl, L50, F|34/100\n|-ability|p1a: Aerodactyl|Unnerve\n|turn|8\n|\n|t:|1776451539\n|move|p2b: Charizard|Protect|p2b: Charizard\n|-singleturn|p2b: Charizard|Protect\n|move|p1a: Aerodactyl|Tailwind|p1a: Aerodactyl\n|-sidestart|p1: biyang2003|move: Tailwind\n|move|p1b: Blastoise|Water Spout|p2b: Charizard|[spread] p2a\n|-activate|p2b: Charizard|move: Protect\n|-resisted|p2a: Sinistcha|1\n|-damage|p2a: Sinistcha|45/100\n|move|p2a: Sinistcha|Matcha Gotcha|p1b: Blastoise|[spread] p1a,p1b\n|-supereffective|p1b: Blastoise|1\n|-damage|p1a: Aerodactyl|0 fnt\n|-heal|p2a: Sinistcha|62/100|[from] drain|[of] p1a: Aerodactyl\n|-damage|p1b: Blastoise|45/100\n|-heal|p2a: Sinistcha|94/100|[from] drain|[of] p1b: Blastoise\n|faint|p1a: Aerodactyl\n|\n|-weather|RainDance|[upkeep]\n|upkeep\n|\n|t:|1776451556\n|switch|p1a: Pelipper|Pelipper, L50, F|100/100\n|turn|9\n|\n|t:|1776451573\n|detailschange|p2b: Charizard|Charizard-Mega-Y, L50, M\n|-mega|p2b: Charizard|Charizard|Charizardite Y\n|-weather|SunnyDay|[from] ability: Drought|[of] p2b: Charizard\n|move|p1b: Blastoise|Water Pulse|p2b: Charizard\n|-supereffective|p2b: Charizard|1\n|-damage|p2b: Charizard|45/100\n|move|p1a: Pelipper|Hurricane|p2a: Sinistcha|[miss]\n|-miss|p1a: Pelipper|p2a: Sinistcha\n|move|p2b: Charizard|Heat Wave|p1a: Pelipper|[spread] p1a,p1b\n|-resisted|p1a: Pelipper|1\n|-resisted|p1b: Blastoise|1\n|-damage|p1a: Pelipper|70/100\n|-damage|p1b: Blastoise|19/100\n|move|p2a: Sinistcha|Trick Room|p2a: Sinistcha\n|-fieldstart|move: Trick Room|[of] p2a: Sinistcha\n|\n|-weather|SunnyDay|[upkeep]\n|upkeep\n|turn|10\n|\n|t:|1776451592\n|move|p1b: Blastoise|Protect|p1b: Blastoise\n|-singleturn|p1b: Blastoise|Protect\n|move|p2a: Sinistcha|Matcha Gotcha|p1a: Pelipper|[spread] p1a\n|-activate|p1b: Blastoise|move: Protect\n|-damage|p1a: Pelipper|34/100\n|-heal|p2a: Sinistcha|100/100|[from] drain|[of] p1a: Pelipper\n|-enditem|p1a: Pelipper|Sitrus Berry|[eat]\n|-heal|p1a: Pelipper|59/100|[from] item: Sitrus Berry\n|move|p2b: Charizard|Heat Wave|p1a: Pelipper|[spread] p1a\n|-activate|p1b: Blastoise|move: Protect\n|-resisted|p1a: Pelipper|1\n|-damage|p1a: Pelipper|26/100\n|move|p1a: Pelipper|Ice Beam|p2a: Sinistcha\n|-supereffective|p2a: Sinistcha|1\n|-damage|p2a: Sinistcha|54/100\n|\n|-weather|SunnyDay|[upkeep]\n|upkeep\n|turn|11\n|-message|biyang2003 forfeited.\n|\n|win|SorcererBadgerTG\n|raw|biyang2003's rating: 1234 &rarr; <strong>1206</strong><br />(-28 for losing)\n|raw|SorcererBadgerTG's rating: 1188 &rarr; <strong>1216</strong><br />(+28 for winning)\n|l|\u2606biyang2003\n|player|p1|\n",
  "uploadtime": 1776451617,
  "views": 39,
  "formatid": "gen9championsvgc2026regma",
  "rating": 1206,
  "private": 0,
  "password": null
}