{
  "id": "gen9championsvgc2026regma-2586640084",
  "format": "[Gen 9 Champions] VGC 2026 Reg M-A",
  "players": [
    "Avatar Kony",
    "SPQR2D2"
  ],
  "log": "|j|\u2606Avatar Kony\n|j|\u2606SPQR2D2\n|t:|1776448733\n|gametype|doubles\n|player|p1|Avatar Kony|sabrina-frlg|1089\n|player|p2|SPQR2D2|palmer|1131\n|gen|9\n|tier|[Gen 9 Champions] VGC 2026 Reg M-A\n|rated|\n|rule|Species Clause: Limit one of each Pok\u00e9mon\n|rule|Item Clause: Limit 1 of each item\n|clearpoke\n|poke|p1|Aerodactyl, L50, F|\n|poke|p1|Floette-Eternal, L50, F|\n|poke|p1|Incineroar, L50, F|\n|poke|p1|Sneasler, L50, M|\n|poke|p1|Basculegion, L50, M|\n|poke|p1|Garchomp, L50, M|\n|poke|p2|Medicham, L50, F|\n|poke|p2|Ampharos, L50, M|\n|poke|p2|Incineroar, L50, M|\n|poke|p2|Pelipper, L50, M|\n|poke|p2|Garchomp, L50, F|\n|poke|p2|Victreebel, L50, F|\n|teampreview|4\n|inactive|Battle timer is ON: inactive players will automatically lose when time's up. (requested by SPQR2D2)\n|inactive|Avatar Kony has 60 seconds left.\n|inactive|SPQR2D2 has 60 seconds left.\n|\n|t:|1776448780\n|teamsize|p1|4\n|teamsize|p2|4\n|start\n|switch|p1a: Aerodactyl|Aerodactyl, L50, F|100/100\n|switch|p1b: Floette|Floette-Eternal, L50, F|100/100\n|switch|p2a: Langdon|Ampharos, L50, M|100/100\n|switch|p2b: Santos|Incineroar, L50, M|100/100\n|-ability|p1a: Aerodactyl|Unnerve\n|-ability|p2b: Santos|Intimidate|boost\n|-unboost|p1a: Aerodactyl|atk|1\n|-unboost|p1b: Floette|atk|1\n|turn|1\n|inactive|SPQR2D2 has 30 seconds left.\n|inactive|SPQR2D2 has 20 seconds left.\n|inactive|SPQR2D2 has 15 seconds left.\n|inactive|SPQR2D2 has 10 seconds left.\n|inactive|SPQR2D2 has 5 seconds left.\n|\n|t:|1776448830\n|switch|p1b: Garchomp|Garchomp, L50, M|100/100\n|move|p1a: Aerodactyl|Protect|p1a: Aerodactyl\n|-singleturn|p1a: Aerodactyl|Protect\n|move|p2b: Santos|Fake Out|p1b: Garchomp\n|-damage|p1b: Garchomp|88/100\n|-damage|p2b: Santos|88/100|[from] ability: Rough Skin|[of] p1b: Garchomp\n|move|p2a: Langdon|Dazzling Gleam|p1b: Garchomp|[spread] p1b\n|-activate|p1a: Aerodactyl|move: Protect\n|-supereffective|p1b: Garchomp|1\n|-damage|p1b: Garchomp|40/100\n|\n|upkeep\n|turn|2\n|inactive|Avatar Kony has 30 seconds left.\n|inactive|SPQR2D2 has 30 seconds left.\n|\n|t:|1776448858\n|switch|p2a: Mohan|Pelipper, L50, M|100/100\n|-weather|RainDance|[from] ability: Drizzle|[of] p2a: Mohan\n|move|p1a: Aerodactyl|Tailwind|p1a: Aerodactyl\n|-sidestart|p1: Avatar Kony|move: Tailwind\n|move|p1b: Garchomp|Earthquake|p2a: Mohan|[spread] p2b\n|-immune|p1a: Aerodactyl\n|-immune|p2a: Mohan\n|-supereffective|p2b: Santos|1\n|-damage|p2b: Santos|25/100\n|move|p2b: Santos|Parting Shot|p1b: Garchomp\n|-unboost|p1b: Garchomp|atk|1\n|-unboost|p1b: Garchomp|spa|1\n|inactive|SPQR2D2 has 30 seconds left.\n|\n|t:|1776448885\n|switch|p2b: McKay|Garchomp, L50, F|100/100|[from] Parting Shot\n|\n|-weather|RainDance|[upkeep]\n|upkeep\n|turn|3\n|\n|t:|1776448907\n|move|p2b: McKay|Protect|p2b: McKay\n|-singleturn|p2b: McKay|Protect\n|move|p1a: Aerodactyl|Rock Slide|p2b: McKay|[spread] p2a\n|-activate|p2b: McKay|move: Protect\n|-supereffective|p2a: Mohan|1\n|-damage|p2a: Mohan|65/100\n|move|p1b: Garchomp|Dragon Claw|p2b: McKay\n|-activate|p2b: McKay|move: Protect\n|move|p2a: Mohan|Weather Ball|p1b: Garchomp\n|-damage|p1b: Garchomp|0 fnt\n|faint|p1b: Garchomp\n|\n|-weather|RainDance|[upkeep]\n|upkeep\n|\n|t:|1776448916\n|switch|p1b: Floette|Floette-Eternal, L50, F|100/100\n|turn|4\n|inactive|Avatar Kony has 30 seconds left.\n|inactive|Avatar Kony has 20 seconds left.\n|inactive|Avatar Kony has 15 seconds left.\n|\n|t:|1776448959\n|switch|p2b: Santos|Incineroar, L50, M|25/100\n|-ability|p2b: Santos|Intimidate|boost\n|-unboost|p1a: Aerodactyl|atk|1\n|-unboost|p1b: Floette|atk|1\n|detailschange|p1b: Floette|Floette-Mega, L50, F\n|-mega|p1b: Floette|Floette|Floettite\n|-ability|p1b: Floette|Fairy Aura\n|move|p1a: Aerodactyl|Rock Slide|p2b: Santos|[spread] p2a,p2b\n|-supereffective|p2a: Mohan|1\n|-supereffective|p2b: Santos|1\n|-damage|p2a: Mohan|37/100\n|-damage|p2b: Santos|3/100\n|move|p1b: Floette|Dazzling Gleam|p2b: Santos|[spread] p2a,p2b\n|-damage|p2a: Mohan|0 fnt\n|-damage|p2b: Santos|0 fnt\n|faint|p2a: Mohan\n|faint|p2b: Santos\n|\n|-weather|RainDance|[upkeep]\n|upkeep\n|\n|t:|1776448977\n|switch|p2a: Langdon|Ampharos, L50, M|100/100\n|switch|p2b: McKay|Garchomp, L50, F|100/100\n|turn|5\n|\n|t:|1776448995\n|move|p1a: Aerodactyl|Protect|p1a: Aerodactyl\n|-singleturn|p1a: Aerodactyl|Protect\n|move|p2a: Langdon|Protect|p2a: Langdon\n|-singleturn|p2a: Langdon|Protect\n|move|p1b: Floette|Light of Ruin|p2a: Langdon\n|-activate|p2a: Langdon|move: Protect\n|move|p2b: McKay|Rock Slide|p1a: Aerodactyl|[spread] p1b\n|-activate|p1a: Aerodactyl|move: Protect\n|-damage|p1b: Floette|74/100\n|\n|-weather|RainDance|[upkeep]\n|-sideend|p1: Avatar Kony|move: Tailwind\n|upkeep\n|turn|6\n|\n|t:|1776449019\n|move|p1a: Aerodactyl|Tailwind|p1a: Aerodactyl\n|-sidestart|p1: Avatar Kony|move: Tailwind\n|move|p1b: Floette|Dazzling Gleam|p2b: McKay|[spread] p2a,p2b\n|-supereffective|p2b: McKay|1\n|-damage|p2a: Langdon|45/100\n|-damage|p2b: McKay|6/100\n|move|p2b: McKay|Rock Slide|p1b: Floette|[spread] p1a,p1b\n|-supereffective|p1a: Aerodactyl|1\n|-damage|p1a: Aerodactyl|33/100\n|-damage|p1b: Floette|49/100\n|move|p2a: Langdon|Thunder|p1a: Aerodactyl\n|-supereffective|p1a: Aerodactyl|1\n|-damage|p1a: Aerodactyl|0 fnt\n|faint|p1a: Aerodactyl\n|\n|-weather|none\n|upkeep\n|\n|t:|1776449029\n|switch|p1a: Basculegion|Basculegion, L50, M|100/100\n|turn|7\n|c|\u2606SPQR2D2|That's game, ggs\n|c|\u2606Avatar Kony|gg\n|\n|t:|1776449052\n|detailschange|p2a: Langdon|Ampharos-Mega, L50, M\n|-mega|p2a: Langdon|Ampharos|Ampharosite\n|-ability|p2a: Langdon|Mold Breaker\n|move|p1a: Basculegion|Last Respects|p2a: Langdon\n|-damage|p2a: Langdon|0 fnt\n|faint|p2a: Langdon\n|move|p1b: Floette|Dazzling Gleam|p2b: McKay\n|-supereffective|p2b: McKay|1\n|-damage|p2b: McKay|0 fnt\n|faint|p2b: McKay\n|\n|win|Avatar Kony\n|raw|Avatar Kony's rating: 1089 &rarr; <strong>1119</strong><br />(+30 for winning)\n|raw|SPQR2D2's rating: 1131 &rarr; <strong>1103</strong><br />(-28 for losing)\n",
  "uploadtime": 1776449063,
  "views": 34,
  "formatid": "gen9championsvgc2026regma",
  "rating": 1103,
  "private": 0,
  "password": null
}