{
  "id": "gen9championsvgc2026regma-2581299356",
  "format": "[Gen 9 Champions] VGC 2026 Reg M-A",
  "players": [
    "bfhjhhy",
    "josta joseph"
  ],
  "log": "|j|\u2606bfhjhhy\n|j|\u2606josta joseph\n|t:|1775983303\n|gametype|doubles\n|player|p1|bfhjhhy|170|1000\n|player|p2|josta joseph|170|1076\n|gen|9\n|tier|[Gen 9 Champions] VGC 2026 Reg M-A\n|rated|\n|rule|Species Clause: Limit one of each Pok\u00e9mon\n|rule|Item Clause: Limit 1 of each item\n|clearpoke\n|poke|p1|Medicham, L50, M|\n|poke|p1|Chesnaught, L50, M|\n|poke|p1|Clefable, L50, F|\n|poke|p1|Sinistcha-Masterpiece, L50|\n|poke|p1|Orthworm, L50, F|\n|poke|p1|Incineroar, L50, F|\n|poke|p2|Garchomp, L50, F|\n|poke|p2|Whimsicott, L50, M|\n|poke|p2|Hawlucha, L50, F|\n|poke|p2|Rotom-Wash, L50|\n|poke|p2|Dragonite, L50, F|\n|poke|p2|Gyarados, L50, F|\n|teampreview|4\n|inactive|Battle timer is ON: inactive players will automatically lose when time's up. (requested by bfhjhhy)\n|inactive|josta joseph has 60 seconds left.\n|\n|t:|1775983357\n|teamsize|p1|4\n|teamsize|p2|4\n|start\n|switch|p1a: Medicham|Medicham, L50, M|100/100\n|switch|p1b: Chesnaught|Chesnaught, L50, M|100/100\n|switch|p2a: Whimsicott|Whimsicott, L50, M|100/100\n|switch|p2b: Dragonite|Dragonite, L50, F|100/100\n|turn|1\n|\n|t:|1775983370\n|detailschange|p1b: Chesnaught|Chesnaught-Mega, L50, M\n|-mega|p1b: Chesnaught|Chesnaught|Chesnaughtite\n|move|p2a: Whimsicott|Protect|p2a: Whimsicott\n|-singleturn|p2a: Whimsicott|Protect\n|move|p1b: Chesnaught|Protect|p1b: Chesnaught\n|-singleturn|p1b: Chesnaught|Protect\n|move|p2b: Dragonite|Dragon Dance|p2b: Dragonite\n|-boost|p2b: Dragonite|atk|1\n|-boost|p2b: Dragonite|spe|1\n|move|p1a: Medicham|Trick Room|p1a: Medicham\n|-fieldstart|move: Trick Room|[of] p1a: Medicham\n|\n|upkeep\n|turn|2\n|\n|t:|1775983386\n|move|p2b: Dragonite|Protect|p2b: Dragonite\n|-singleturn|p2b: Dragonite|Protect\n|move|p2a: Whimsicott|Encore|p1a: Medicham\n|-start|p1a: Medicham|Encore\n|move|p1b: Chesnaught|Bulk Up|p1b: Chesnaught\n|-boost|p1b: Chesnaught|atk|1\n|-boost|p1b: Chesnaught|def|1\n|move|p1a: Medicham|Trick Room|p1a: Medicham\n|-fieldend|move: Trick Room\n|\n|upkeep\n|turn|3\n|\n|t:|1775983407\n|switch|p2b: Hawlucha|Hawlucha, L50, F|100/100\n|move|p2a: Whimsicott|Encore|p1b: Chesnaught\n|-start|p1b: Chesnaught|Encore\n|move|p1b: Chesnaught|Bulk Up|p1b: Chesnaught\n|-boost|p1b: Chesnaught|atk|1\n|-boost|p1b: Chesnaught|def|1\n|move|p1a: Medicham|Trick Room|p1a: Medicham\n|-fieldstart|move: Trick Room|[of] p1a: Medicham\n|\n|upkeep\n|turn|4\n|\n|t:|1775983422\n|switch|p1b: Sinistcha|Sinistcha-Masterpiece, L50|100/100\n|switch|p1a: Incineroar|Incineroar, L50, F|100/100\n|-ability|p1a: Incineroar|Intimidate|boost\n|-unboost|p2a: Whimsicott|atk|1\n|-unboost|p2b: Hawlucha|atk|1\n|-enditem|p2b: Hawlucha|White Herb\n|-clearnegativeboost|p2b: Hawlucha|[silent]\n|move|p2a: Whimsicott|Moonblast|p1b: Sinistcha\n|-damage|p1b: Sinistcha|66/100\n|move|p2b: Hawlucha|Close Combat|p1a: Incineroar\n|-supereffective|p1a: Incineroar|1\n|-damage|p1a: Incineroar|7/100\n|-unboost|p2b: Hawlucha|def|1\n|-unboost|p2b: Hawlucha|spd|1\n|\n|upkeep\n|turn|5\n|\n|t:|1775983442\n|move|p2a: Whimsicott|Protect|p2a: Whimsicott\n|-singleturn|p2a: Whimsicott|Protect\n|move|p2b: Hawlucha|Detect|p2b: Hawlucha\n|-singleturn|p2b: Hawlucha|Protect\n|move|p1a: Incineroar|Fake Out|p2b: Hawlucha\n|-activate|p2b: Hawlucha|move: Protect\n|move|p1b: Sinistcha|Matcha Gotcha|p2a: Whimsicott|[spread] \n|-activate|p2a: Whimsicott|move: Protect\n|-activate|p2b: Hawlucha|move: Protect\n|\n|upkeep\n|turn|6\n|\n|t:|1775983460\n|switch|p2b: Dragonite|Dragonite, L50, F|100/100\n|move|p1a: Incineroar|Parting Shot|p2b: Dragonite\n|-unboost|p2b: Dragonite|atk|1\n|-unboost|p2b: Dragonite|spa|1\n|\n|t:|1775983468\n|switch|p1a: Medicham|Medicham, L50, M|100/100|[from] Parting Shot\n|move|p1b: Sinistcha|Matcha Gotcha|p2a: Whimsicott|[spread] p2a,p2b\n|-resisted|p2a: Whimsicott|1\n|-resisted|p2b: Dragonite|2\n|-damage|p2a: Whimsicott|75/100\n|-heal|p1b: Sinistcha|76/100|[from] drain|[of] p2a: Whimsicott\n|-damage|p2b: Dragonite|93/100\n|-heal|p1b: Sinistcha|80/100|[from] drain|[of] p2b: Dragonite\n|move|p2a: Whimsicott|Moonblast|p1a: Medicham\n|-supereffective|p1a: Medicham|1\n|-enditem|p1a: Medicham|Focus Sash\n|-damage|p1a: Medicham|1/100\n|\n|upkeep\n|turn|7\n|\n|t:|1775983489\n|switch|p1b: Chesnaught|Chesnaught-Mega, L50, M|100/100\n|move|p2a: Whimsicott|Protect|p2a: Whimsicott\n|-singleturn|p2a: Whimsicott|Protect\n|move|p2b: Dragonite|Extreme Speed|p1a: Medicham\n|-damage|p1a: Medicham|0 fnt\n|faint|p1a: Medicham\n|\n|-fieldend|move: Trick Room\n|upkeep\n|\n|t:|1775983502\n|switch|p1a: Sinistcha|Sinistcha-Masterpiece, L50|80/100\n|turn|8\n|\n|t:|1775983523\n|move|p2a: Whimsicott|Moonblast|p1a: Sinistcha\n|-damage|p1a: Sinistcha|45/100\n|move|p2b: Dragonite|Dragon Claw|p1a: Sinistcha\n|-damage|p1a: Sinistcha|17/100\n|move|p1a: Sinistcha|Matcha Gotcha|p2a: Whimsicott|[spread] p2a,p2b\n|-resisted|p2a: Whimsicott|1\n|-crit|p2a: Whimsicott\n|-resisted|p2b: Dragonite|2\n|-damage|p2a: Whimsicott|39/100\n|-heal|p1a: Sinistcha|31/100|[from] drain|[of] p2a: Whimsicott\n|-damage|p2b: Dragonite|85/100\n|-heal|p1a: Sinistcha|35/100|[from] drain|[of] p2b: Dragonite\n|move|p1b: Chesnaught|Body Press|p2a: Whimsicott\n|-resisted|p2a: Whimsicott|1\n|-damage|p2a: Whimsicott|1/100\n|\n|upkeep\n|turn|9\n|inactive|josta joseph has 30 seconds left.\n|\n|t:|1775983553\n|switch|p2a: Hawlucha|Hawlucha, L50, F|100/100\n|move|p1a: Sinistcha|Protect|p1a: Sinistcha\n|-singleturn|p1a: Sinistcha|Protect\n|move|p2b: Dragonite|Dragon Claw|p1a: Sinistcha\n|-activate|p1a: Sinistcha|move: Protect\n|move|p1b: Chesnaught|Bulk Up|p1b: Chesnaught\n|-boost|p1b: Chesnaught|atk|1\n|-boost|p1b: Chesnaught|def|1\n|\n|upkeep\n|turn|10\n|\n|t:|1775983573\n|switch|p1a: Incineroar|Incineroar, L50, F|7/100\n|-ability|p1a: Incineroar|Intimidate|boost\n|-unboost|p2a: Hawlucha|atk|1\n|-fail|p2b: Dragonite|unboost|Attack|[from] ability: Inner Focus|[of] p2b: Dragonite\n|move|p2a: Hawlucha|Brave Bird|p1b: Chesnaught\n|-supereffective|p1b: Chesnaught|2\n|-damage|p1b: Chesnaught|45/100\n|-damage|p2a: Hawlucha|77/100|[from] Recoil\n|move|p2b: Dragonite|Dragon Dance|p2b: Dragonite\n|-boost|p2b: Dragonite|atk|1\n|-boost|p2b: Dragonite|spe|1\n|move|p1b: Chesnaught|Body Press|p2a: Hawlucha\n|-resisted|p2a: Hawlucha|1\n|-damage|p2a: Hawlucha|23/100\n|\n|upkeep\n|turn|11\n|\n|t:|1775983597\n|move|p2a: Hawlucha|Detect|p2a: Hawlucha\n|-singleturn|p2a: Hawlucha|Protect\n|move|p1a: Incineroar|Fake Out|p2a: Hawlucha\n|-activate|p2a: Hawlucha|move: Protect\n|move|p2b: Dragonite|Extreme Speed|p1a: Incineroar\n|-damage|p1a: Incineroar|0 fnt\n|faint|p1a: Incineroar\n|move|p1b: Chesnaught|Body Press|p2b: Dragonite\n|-resisted|p2b: Dragonite|1\n|-damage|p2b: Dragonite|44/100\n|\n|upkeep\n|\n|t:|1775983605\n|switch|p1a: Sinistcha|Sinistcha-Masterpiece, L50|35/100\n|-heal|p1b: Chesnaught|70/100|[from] ability: Hospitality|[of] p1a: Sinistcha\n|turn|12\n|\n|t:|1775983624\n|move|p2b: Dragonite|Dragon Claw|p1a: Sinistcha\n|-damage|p1a: Sinistcha|0 fnt\n|faint|p1a: Sinistcha\n|move|p2a: Hawlucha|Brave Bird|p1b: Chesnaught\n|-supereffective|p1b: Chesnaught|2\n|-damage|p1b: Chesnaught|20/100\n|-damage|p2a: Hawlucha|2/100|[from] Recoil\n|move|p1b: Chesnaught|Body Press|p2a: Hawlucha\n|-resisted|p2a: Hawlucha|1\n|-damage|p2a: Hawlucha|0 fnt\n|faint|p2a: Hawlucha\n|\n|upkeep\n|\n|t:|1775983632\n|switch|p2a: Whimsicott|Whimsicott, L50, M|1/100\n|turn|13\n|\n|t:|1775983635\n|move|p1b: Chesnaught|Protect|p1b: Chesnaught\n|-singleturn|p1b: Chesnaught|Protect\n|move|p2b: Dragonite|Dragon Claw|p1b: Chesnaught\n|-activate|p1b: Chesnaught|move: Protect\n|move|p2a: Whimsicott|Moonblast|p1b: Chesnaught\n|-activate|p1b: Chesnaught|move: Protect\n|\n|upkeep\n|turn|14\n|\n|t:|1775983647\n|move|p2b: Dragonite|Dragon Claw|p1b: Chesnaught\n|-damage|p1b: Chesnaught|5/100\n|move|p2a: Whimsicott|Moonblast|p1b: Chesnaught\n|-supereffective|p1b: Chesnaught|1\n|-damage|p1b: Chesnaught|0 fnt\n|faint|p1b: Chesnaught\n|\n|win|josta joseph\n|raw|bfhjhhy's rating: 1000 &rarr; <strong>1000</strong><br />(+0 for losing)\n|raw|josta joseph's rating: 1076 &rarr; <strong>1098</strong><br />(+22 for winning)\n",
  "uploadtime": 1775983667,
  "views": 15,
  "formatid": "gen9championsvgc2026regma",
  "rating": 1000,
  "private": 0,
  "password": null
}