{
  "id": "gen9championsvgc2026regma-2585761410",
  "format": "[Gen 9 Champions] VGC 2026 Reg M-A",
  "players": [
    "dracovishban5209",
    "Phillip Blevin"
  ],
  "log": "|j|\u2606dracovishban5209\n|j|\u2606Phillip Blevin\n|t:|1776368773\n|gametype|doubles\n|player|p1|dracovishban5209|101|1246\n|player|p2|Phillip Blevin|cynthia-masters4|1316\n|gen|9\n|tier|[Gen 9 Champions] VGC 2026 Reg M-A\n|rated|\n|rule|Species Clause: Limit one of each Pok\u00e9mon\n|rule|Item Clause: Limit 1 of each item\n|clearpoke\n|poke|p1|Charizard, L50, F|\n|poke|p1|Whimsicott, L50, M|\n|poke|p1|Aerodactyl, L50, M|\n|poke|p1|Tyranitar, L50, F|\n|poke|p1|Chandelure, L50, F|\n|poke|p1|Sneasler, L50, F|\n|poke|p2|Whimsicott, L50, M|\n|poke|p2|Corviknight, L50, M|\n|poke|p2|Garchomp, L50, M|\n|poke|p2|Arcanine-Hisui, L50, F|\n|poke|p2|Froslass, L50, F|\n|poke|p2|Rotom-Wash, L50|\n|teampreview|4\n|inactive|Battle timer is ON: inactive players will automatically lose when time's up. (requested by Phillip Blevin)\nPhillip Blevin has agreed to open team sheets.\n|\n|t:|1776368791\n|teamsize|p1|4\n|teamsize|p2|4\n|start\n|switch|p1a: Tyranitar|Tyranitar, L50, F|100/100\n|switch|p1b: Aerodactyl|Aerodactyl, L50, M|100/100\n|switch|p2a: Rotom|Rotom-Wash, L50|100/100\n|switch|p2b: Garchomp|Garchomp, L50, M|100/100\n|-ability|p1b: Aerodactyl|Unnerve\n|-weather|Sandstorm|[from] ability: Sand Stream|[of] p1a: Tyranitar\n|turn|1\n|\n|t:|1776368809\n|move|p2a: Rotom|Electroweb|p1b: Aerodactyl|[spread] p1a,p1b\n|-supereffective|p1b: Aerodactyl|1\n|-damage|p1a: Tyranitar|90/100\n|-damage|p1b: Aerodactyl|70/100\n|-unboost|p1a: Tyranitar|spe|1\n|-unboost|p1b: Aerodactyl|spe|1\n|move|p2b: Garchomp|Rock Slide|p1b: Aerodactyl|[spread] p1a\n|-miss|p2b: Garchomp|p1b: Aerodactyl\n|-damage|p1a: Tyranitar|70/100\n|move|p1b: Aerodactyl|Taunt|p2a: Rotom\n|-start|p2a: Rotom|move: Taunt\n|move|p1a: Tyranitar|Dragon Dance|p1a: Tyranitar\n|-boost|p1a: Tyranitar|atk|1\n|-boost|p1a: Tyranitar|spe|1\n|\n|-weather|Sandstorm|[upkeep]\n|-damage|p2a: Rotom|95/100|[from] Sandstorm\n|upkeep\n|turn|2\n|\n|t:|1776368829\n|move|p2a: Rotom|Electroweb|p1a: Tyranitar|[spread] p1a,p1b\n|-supereffective|p1b: Aerodactyl|1\n|-crit|p1b: Aerodactyl\n|-damage|p1a: Tyranitar|60/100\n|-damage|p1b: Aerodactyl|26/100\n|-unboost|p1a: Tyranitar|spe|1\n|-unboost|p1b: Aerodactyl|spe|1\n|move|p2b: Garchomp|Rock Slide|p1b: Aerodactyl|[spread] p1a,p1b\n|-crit|p1a: Tyranitar\n|-supereffective|p1b: Aerodactyl|1\n|-damage|p1a: Tyranitar|30/100\n|-damage|p1b: Aerodactyl|0 fnt\n|faint|p1b: Aerodactyl\n|move|p1a: Tyranitar|Knock Off|p2a: Rotom\n|-damage|p2a: Rotom|9/100\n|-enditem|p2a: Rotom|Choice Scarf|[from] move: Knock Off|[of] p1a: Tyranitar\n|\n|-weather|Sandstorm|[upkeep]\n|-damage|p2a: Rotom|3/100|[from] Sandstorm\n|upkeep\n|\n|t:|1776368843\n|switch|p1b: Sneasler|Sneasler, L50, F|100/100\n|turn|3\n|\n|t:|1776368858\n|move|p1b: Sneasler|Fake Out|p2b: Garchomp\n|-damage|p2b: Garchomp|84/100\n|-damage|p1b: Sneasler|88/100|[from] ability: Rough Skin|[of] p2b: Garchomp\n|cant|p2b: Garchomp|flinch\n|move|p2a: Rotom|Volt Switch|p1a: Tyranitar\n|-damage|p1a: Tyranitar|11/100\n|\n|t:|1776368861\n|switch|p2a: Corviknight|Corviknight, L50, M|100/100|[from] Volt Switch\n|move|p1a: Tyranitar|Knock Off|p2b: Garchomp\n|-damage|p2b: Garchomp|30/100\n|-damage|p1a: Tyranitar|0 fnt|[from] ability: Rough Skin|[of] p2b: Garchomp\n|faint|p1a: Tyranitar\n|\n|-weather|Sandstorm|[upkeep]\n|-damage|p1b: Sneasler|82/100|[from] Sandstorm\n|upkeep\n|\n|t:|1776368875\n|switch|p1a: Charizard|Charizard, L50, F|100/100\n|turn|4\n|\n|t:|1776368896\n|switch|p2a: Arcanine|Arcanine-Hisui, L50, F|100/100\n|-ability|p2a: Arcanine|Intimidate|boost\n|-unboost|p1a: Charizard|atk|1\n|-unboost|p1b: Sneasler|atk|1\n|-enditem|p1b: Sneasler|White Herb\n|-clearnegativeboost|p1b: Sneasler|[silent]\n|detailschange|p1a: Charizard|Charizard-Mega-Y, L50, F\n|-mega|p1a: Charizard|Charizard|Charizardite Y\n|-weather|SunnyDay|[from] ability: Drought|[of] p1a: Charizard\n|move|p1b: Sneasler|Close Combat|p2b: Garchomp\n|-damage|p2b: Garchomp|0 fnt\n|-unboost|p1b: Sneasler|def|1\n|-unboost|p1b: Sneasler|spd|1\n|-damage|p1b: Sneasler|70/100|[from] ability: Rough Skin|[of] p2b: Garchomp\n|faint|p2b: Garchomp\n|move|p1a: Charizard|Heat Wave|p2a: Arcanine\n|-resisted|p2a: Arcanine|2\n|-damage|p2a: Arcanine|76/100\n|\n|-weather|SunnyDay|[upkeep]\n|upkeep\n|\n|t:|1776368900\n|switch|p2b: Rotom|Rotom-Wash, L50|3/100\n|turn|5\n|\n|t:|1776368917\n|switch|p2a: Corviknight|Corviknight, L50, M|100/100\n|move|p1a: Charizard|Protect|p1a: Charizard\n|-singleturn|p1a: Charizard|Protect\n|move|p1b: Sneasler|Close Combat|p2a: Corviknight\n|-damage|p2a: Corviknight|56/100\n|-unboost|p1b: Sneasler|def|1\n|-unboost|p1b: Sneasler|spd|1\n|move|p2b: Rotom|Electroweb|p1b: Sneasler|[spread] p1b\n|-activate|p1a: Charizard|move: Protect\n|-damage|p1b: Sneasler|31/100\n|-unboost|p1b: Sneasler|spe|1\n|\n|-weather|SunnyDay|[upkeep]\n|-heal|p2a: Corviknight|62/100|[from] item: Leftovers\n|upkeep\n|turn|6\n|\n|t:|1776368937\n|move|p1b: Sneasler|Dire Claw|p2b: Rotom\n|-damage|p2b: Rotom|0 fnt\n|faint|p2b: Rotom\n|move|p1a: Charizard|Heat Wave|p2a: Corviknight\n|-supereffective|p2a: Corviknight|1\n|-damage|p2a: Corviknight|0 fnt\n|faint|p2a: Corviknight\n|\n|-weather|SunnyDay|[upkeep]\n|upkeep\n|\n|t:|1776368946\n|switch|p2b: Arcanine|Arcanine-Hisui, L50, F|76/100\n|-ability|p2b: Arcanine|Intimidate|boost\n|-unboost|p1a: Charizard|atk|1\n|-unboost|p1b: Sneasler|atk|1\n|turn|7\n|\n|t:|1776368953\n|move|p2b: Arcanine|Protect|p2b: Arcanine\n|-singleturn|p2b: Arcanine|Protect\n|move|p1b: Sneasler|Close Combat|p2b: Arcanine\n|-activate|p2b: Arcanine|move: Protect\n|move|p1a: Charizard|Solar Beam||[still]\n|-prepare|p1a: Charizard|Solar Beam\n|-anim|p1a: Charizard|Solar Beam|p2b: Arcanine\n|-activate|p2b: Arcanine|move: Protect\n|\n|-weather|SunnyDay|[upkeep]\n|upkeep\n|turn|8\n|\n|t:|1776368966\n|move|p2b: Arcanine|Extreme Speed|p1b: Sneasler\n|-damage|p1b: Sneasler|0 fnt\n|faint|p1b: Sneasler\n|move|p1a: Charizard|Solar Beam||[still]\n|-prepare|p1a: Charizard|Solar Beam\n|-anim|p1a: Charizard|Solar Beam|p2b: Arcanine\n|-damage|p2b: Arcanine|13/100\n|\n|-weather|none\n|upkeep\n|turn|9\n|\n|t:|1776368977\n|move|p2b: Arcanine|Protect|p2b: Arcanine\n|-singleturn|p2b: Arcanine|Protect\n|move|p1a: Charizard|Ancient Power|p2b: Arcanine\n|-activate|p2b: Arcanine|move: Protect\n|\n|upkeep\n|turn|10\n|\n|t:|1776368983\n|move|p1a: Charizard|Ancient Power|p2b: Arcanine\n|-supereffective|p2b: Arcanine|1\n|-damage|p2b: Arcanine|0 fnt\n|faint|p2b: Arcanine\n|\n|win|dracovishban5209\n|raw|dracovishban5209's rating: 1246 &rarr; <strong>1276</strong><br />(+30 for winning)\n|raw|Phillip Blevin's rating: 1316 &rarr; <strong>1292</strong><br />(-24 for losing)\n",
  "uploadtime": 1776368983,
  "views": 37,
  "formatid": "gen9championsvgc2026regma",
  "rating": 1276,
  "private": 0,
  "password": null
}