{
  "id": "gen9championsvgc2026regma-2586468728",
  "format": "[Gen 9 Champions] VGC 2026 Reg M-A",
  "players": [
    "iccr",
    "albertpedra45"
  ],
  "log": "|j|\u2606iccr\n|j|\u2606albertpedra45\n|t:|1776436808\n|gametype|doubles\n|player|p1|iccr|170|1147\n|player|p2|albertpedra45|102|1078\n|gen|9\n|tier|[Gen 9 Champions] VGC 2026 Reg M-A\n|rated|\n|rule|Species Clause: Limit one of each Pok\u00e9mon\n|rule|Item Clause: Limit 1 of each item\n|clearpoke\n|poke|p1|Pelipper, L50, F|\n|poke|p1|Basculegion-F, L50, F|\n|poke|p1|Starmie, L50|\n|poke|p1|Sneasler, L50, M|\n|poke|p1|Sableye, L50, M|\n|poke|p1|Dragapult, L50, M|\n|poke|p2|Ariados, L50, M|\n|poke|p2|Azumarill, L50, M|\n|poke|p2|Pelipper, L50, M|\n|poke|p2|Archaludon, L50, F|\n|poke|p2|Pikachu, L50, F|\n|poke|p2|Aerodactyl, L50, F|\n|teampreview|4\n|inactive|Battle timer is ON: inactive players will automatically lose when time's up. (requested by iccr)\n|\n|t:|1776436833\n|teamsize|p1|4\n|teamsize|p2|4\n|start\n|switch|p1a: Sneasler|Sneasler, L50, M|100/100\n|switch|p1b: Basculegion|Basculegion-F, L50, F, shiny|100/100\n|switch|p2a: Aerodactyl|Aerodactyl, L50, F|100/100\n|switch|p2b: Pikachu|Pikachu, L50, F|100/100\n|-ability|p2a: Aerodactyl|Unnerve\n|turn|1\n|\n|t:|1776436852\n|detailschange|p2a: Aerodactyl|Aerodactyl-Mega, L50, F\n|-mega|p2a: Aerodactyl|Aerodactyl|Aerodactylite\n|move|p1a: Sneasler|Fake Out|p2b: Pikachu\n|-damage|p2b: Pikachu|46/100\n|cant|p2b: Pikachu|flinch\n|move|p2a: Aerodactyl|Dual Wingbeat|p1a: Sneasler|[miss]\n|-miss|p2a: Aerodactyl|p1a: Sneasler\n|move|p1b: Basculegion|Muddy Water|p2b: Pikachu|[spread] p2a,p2b\n|-supereffective|p2a: Aerodactyl|1\n|-damage|p2a: Aerodactyl|9/100\n|-damage|p2b: Pikachu|0 fnt\n|faint|p2b: Pikachu\n|\n|upkeep\n|\n|t:|1776436867\n|switch|p2b: Archaludon|Archaludon, L50, F|100/100\n|turn|2\n|\n|t:|1776436876\n|switch|p1a: Pelipper|Pelipper, L50, F|100/100\n|-weather|RainDance|[from] ability: Drizzle|[of] p1a: Pelipper\n|move|p1b: Basculegion|Muddy Water|p2a: Aerodactyl|[spread] p2a,p2b\n|-supereffective|p2a: Aerodactyl|1\n|-resisted|p2b: Archaludon|1\n|-damage|p2a: Aerodactyl|0 fnt\n|-damage|p2b: Archaludon|56/100\n|-ability|p2b: Archaludon|Stamina|boost\n|-boost|p2b: Archaludon|def|1\n|faint|p2a: Aerodactyl\n|move|p2b: Archaludon|Snarl|p1b: Basculegion|[spread] p1a,p1b\n|-supereffective|p1b: Basculegion|1\n|-damage|p1a: Pelipper|72/100\n|-damage|p1b: Basculegion|65/100\n|-unboost|p1a: Pelipper|spa|1\n|-unboost|p1b: Basculegion|spa|1\n|\n|-weather|RainDance|[upkeep]\n|-heal|p2b: Archaludon|62/100|[from] item: Leftovers\n|upkeep\n|\n|t:|1776436890\n|switch|p2a: Ariados|Ariados, L50, M|100/100\n|turn|3\n|\n|t:|1776436893\n|move|p1b: Basculegion|Protect|p1b: Basculegion\n|-singleturn|p1b: Basculegion|Protect\n|move|p2a: Ariados|Rage Powder|p2a: Ariados\n|-singleturn|p2a: Ariados|move: Rage Powder\n|move|p2b: Archaludon|Electro Shot||[still]\n|-prepare|p2b: Archaludon|Electro Shot\n|-boost|p2b: Archaludon|spa|1\n|-anim|p2b: Archaludon|Electro Shot|p1b: Basculegion\n|-activate|p1b: Basculegion|move: Protect\n|move|p1a: Pelipper|Tailwind|p1a: Pelipper\n|-sidestart|p1: iccr|move: Tailwind\n|\n|-weather|RainDance|[upkeep]\n|-heal|p2b: Archaludon|68/100|[from] item: Leftovers\n|upkeep\n|turn|4\n|\n|t:|1776436906\n|move|p1b: Basculegion|Muddy Water|p2a: Ariados|[spread] p2a,p2b\n|-resisted|p2b: Archaludon|1\n|-damage|p2a: Ariados|48/100\n|-damage|p2b: Archaludon|38/100\n|-ability|p2b: Archaludon|Stamina|boost\n|-boost|p2b: Archaludon|def|1\n|move|p1a: Pelipper|Hurricane|p2a: Ariados\n|-supereffective|p2a: Ariados|1\n|-damage|p2a: Ariados|0 fnt\n|faint|p2a: Ariados\n|move|p2b: Archaludon|Electro Shot||[still]\n|-prepare|p2b: Archaludon|Electro Shot\n|-boost|p2b: Archaludon|spa|1\n|-anim|p2b: Archaludon|Electro Shot|p1a: Pelipper\n|-supereffective|p1a: Pelipper|2\n|-damage|p1a: Pelipper|0 fnt\n|faint|p1a: Pelipper\n|\n|-weather|RainDance|[upkeep]\n|-heal|p2b: Archaludon|44/100|[from] item: Leftovers\n|upkeep\n|\n|t:|1776436915\n|switch|p1a: Sneasler|Sneasler, L50, M|100/100\n|turn|5\n|\n|t:|1776436922\n|move|p1a: Sneasler|Fake Out|p2b: Archaludon\n|-resisted|p2b: Archaludon|1\n|-damage|p2b: Archaludon|41/100\n|-ability|p2b: Archaludon|Stamina|boost\n|-boost|p2b: Archaludon|def|1\n|move|p1b: Basculegion|Shadow Ball|p2b: Archaludon\n|-damage|p2b: Archaludon|0 fnt\n|faint|p2b: Archaludon\n|\n|win|iccr\n|raw|iccr's rating: 1147 &rarr; <strong>1167</strong><br />(+20 for winning)\n|raw|albertpedra45's rating: 1078 &rarr; <strong>1061</strong><br />(-17 for losing)\n|l|\u2606albertpedra45\n|player|p2|\n",
  "uploadtime": 1776436933,
  "views": 21,
  "formatid": "gen9championsvgc2026regma",
  "rating": 1061,
  "private": 0,
  "password": null
}