{
  "id": "gen9championsvgc2026regma-2584926132",
  "format": "[Gen 9 Champions] VGC 2026 Reg M-A",
  "players": [
    "kevintoodlepoot",
    "bandidolazaro"
  ],
  "log": "|j|\u2606kevintoodlepoot\n|j|\u2606bandidolazaro\n|t:|1776295161\n|gametype|doubles\n|player|p1|kevintoodlepoot|1|1245\n|player|p2|bandidolazaro|1|1239\n|gen|9\n|tier|[Gen 9 Champions] VGC 2026 Reg M-A\n|rated|\n|rule|Species Clause: Limit one of each Pok\u00e9mon\n|rule|Item Clause: Limit 1 of each item\n|clearpoke\n|poke|p1|Charizard, L50, M|\n|poke|p1|Sinistcha, L50|\n|poke|p1|Kingambit, L50, F|\n|poke|p1|Sneasler, L50, M|\n|poke|p1|Ninetales-Alola, L50, M|\n|poke|p1|Basculegion, L50, M|\n|poke|p2|Delphox, L50, F|\n|poke|p2|Garchomp, L50, M|\n|poke|p2|Sneasler, L50, F|\n|poke|p2|Kingambit, L50, M|\n|poke|p2|Sinistcha, L50|\n|poke|p2|Rotom-Wash, L50|\n|teampreview|4\n|inactive|Battle timer is ON: inactive players will automatically lose when time's up. (requested by bandidolazaro)\n|inactive|kevintoodlepoot has 60 seconds left.\n|\n|t:|1776295206\n|teamsize|p1|4\n|teamsize|p2|4\n|start\n|switch|p1a: Charizard|Charizard, L50, M|100/100\n|switch|p1b: Ninetales|Ninetales-Alola, L50, M|100/100\n|switch|p2a: Delphox|Delphox, L50, F|100/100\n|switch|p2b: Garchomp|Garchomp, L50, M|100/100\n|-weather|Snowscape|[from] ability: Snow Warning|[of] p1b: Ninetales\n|turn|1\n|\n|t:|1776295231\n|detailschange|p2a: Delphox|Delphox-Mega, L50, F\n|-mega|p2a: Delphox|Delphox|Delphoxite\n|detailschange|p1a: Charizard|Charizard-Mega-X, L50, M\n|-mega|p1a: Charizard|Charizard|Charizardite X\n|move|p2a: Delphox|Heat Wave|p1a: Charizard|[spread] p1a,p1b\n|-resisted|p1a: Charizard|2\n|-supereffective|p1b: Ninetales|1\n|-damage|p1a: Charizard|88/100\n|-damage|p1b: Ninetales|6/100\n|move|p1b: Ninetales|Blizzard|p2a: Delphox|[spread] p2a,p2b\n|-resisted|p2a: Delphox|1\n|-supereffective|p2b: Garchomp|2\n|-damage|p2a: Delphox|82/100\n|-damage|p2b: Garchomp|0 fnt\n|faint|p2b: Garchomp\n|move|p1a: Charizard|Dragon Dance|p1a: Charizard\n|-boost|p1a: Charizard|atk|1\n|-boost|p1a: Charizard|spe|1\n|\n|-weather|Snowscape|[upkeep]\n|upkeep\n|\n|t:|1776295247\n|switch|p2b: Sneasler|Sneasler, L50, F|100/100\n|turn|2\n|\n|t:|1776295264\n|move|p1a: Charizard|Protect|p1a: Charizard\n|-singleturn|p1a: Charizard|Protect\n|move|p1b: Ninetales|Protect|p1b: Ninetales\n|-singleturn|p1b: Ninetales|Protect\n|move|p2b: Sneasler|Fake Out|p1a: Charizard\n|-activate|p1a: Charizard|move: Protect\n|move|p2a: Delphox|Heat Wave|p1b: Ninetales|[spread] \n|-activate|p1a: Charizard|move: Protect\n|-activate|p1b: Ninetales|move: Protect\n|\n|-weather|Snowscape|[upkeep]\n|upkeep\n|turn|3\n|\n|t:|1776295279\n|move|p1a: Charizard|Breaking Swipe|p2a: Delphox|[spread] p2a,p2b\n|-damage|p2a: Delphox|8/100\n|-damage|p2b: Sneasler|16/100\n|-unboost|p2a: Delphox|atk|1\n|-unboost|p2b: Sneasler|atk|1\n|move|p2a: Delphox|Heat Wave|p1b: Ninetales|[spread] p1a,p1b\n|-resisted|p1a: Charizard|2\n|-supereffective|p1b: Ninetales|1\n|-damage|p1a: Charizard|75/100\n|-damage|p1b: Ninetales|0 fnt\n|faint|p1b: Ninetales\n|move|p2b: Sneasler|Dire Claw|p1a: Charizard\n|-crit|p1a: Charizard\n|-damage|p1a: Charizard|10/100\n|\n|-weather|Snowscape|[upkeep]\n|upkeep\n|\n|t:|1776295298\n|switch|p1b: Basculegion|Basculegion, L50, M|100/100\n|turn|4\n|\n|t:|1776295320\n|move|p2a: Delphox|Protect|p2a: Delphox\n|-singleturn|p2a: Delphox|Protect\n|move|p2b: Sneasler|Protect|p2b: Sneasler\n|-singleturn|p2b: Sneasler|Protect\n|move|p1b: Basculegion|Aqua Jet|p2b: Sneasler\n|-activate|p2b: Sneasler|move: Protect\n|move|p1a: Charizard|Breaking Swipe|p2b: Sneasler|[spread] \n|-activate|p2a: Delphox|move: Protect\n|-activate|p2b: Sneasler|move: Protect\n|\n|-weather|Snowscape|[upkeep]\n|upkeep\n|turn|5\n|inactive|bandidolazaro has 30 seconds left.\n|\n|t:|1776295349\n|move|p1a: Charizard|Breaking Swipe|p2a: Delphox|[spread] p2a,p2b\n|-damage|p2a: Delphox|0 fnt\n|-damage|p2b: Sneasler|0 fnt\n|faint|p2a: Delphox\n|faint|p2b: Sneasler\n|move|p1b: Basculegion|Liquidation|p2: Delphox|[notarget]\n|-fail|p1b: Basculegion\n|\n|-weather|none\n|upkeep\n|-message|bandidolazaro forfeited.\n|\n|win|kevintoodlepoot\n|raw|kevintoodlepoot's rating: 1245 &rarr; <strong>1270</strong><br />(+25 for winning)\n|raw|bandidolazaro's rating: 1239 &rarr; <strong>1214</strong><br />(-25 for losing)\n|l|\u2606bandidolazaro\n|player|p2|\n",
  "uploadtime": 1776295357,
  "views": 25,
  "formatid": "gen9championsvgc2026regma",
  "rating": 1214,
  "private": 0,
  "password": null
}