{
  "id": "gen9championsvgc2026regma-2582953693",
  "format": "[Gen 9 Champions] VGC 2026 Reg M-A",
  "players": [
    "roval2",
    "Ohfreckhe"
  ],
  "log": "|j|\u2606roval2\n|j|\u2606Ohfreckhe\n|t:|1776128048\n|gametype|doubles\n|player|p1|roval2|hiker-gen4|1126\n|player|p2|Ohfreckhe|265|1190\n|gen|9\n|tier|[Gen 9 Champions] VGC 2026 Reg M-A\n|rated|\n|rule|Species Clause: Limit one of each Pok\u00e9mon\n|rule|Item Clause: Limit 1 of each item\n|clearpoke\n|poke|p1|Venusaur, L50, M|\n|poke|p1|Talonflame, L50, M|\n|poke|p1|Aerodactyl, L50, F|\n|poke|p1|Milotic, L50, M|\n|poke|p1|Raichu, L50, F|\n|poke|p1|Maushold, L50|\n|poke|p2|Araquanid, L50, F|\n|poke|p2|Armarouge, L50, M|\n|poke|p2|Froslass, L50, F|\n|poke|p2|Beartic, L50, M|\n|poke|p2|Kingambit, L50, M|\n|poke|p2|Mamoswine, L50, M|\n|teampreview|4\n|\n|t:|1776128101\n|teamsize|p1|4\n|teamsize|p2|4\n|start\n|switch|p1a: Aerodactyl|Aerodactyl, L50, F|100/100\n|switch|p1b: Talonflame|Talonflame, L50, M|100/100\n|switch|p2a: Froslass|Froslass, L50, F|100/100\n|switch|p2b: Beartic|Beartic, L50, M|100/100\n|-ability|p1a: Aerodactyl|Unnerve\n|turn|1\n|inactive|Battle timer is ON: inactive players will automatically lose when time's up. (requested by roval2)\n|inactive|Ohfreckhe has 60 seconds left.\n|\n|t:|1776128138\n|detailschange|p1a: Aerodactyl|Aerodactyl-Mega, L50, F\n|-mega|p1a: Aerodactyl|Aerodactyl|Aerodactylite\n|detailschange|p2a: Froslass|Froslass-Mega, L50, F\n|-mega|p2a: Froslass|Froslass|Froslassite\n|-weather|Snowscape|[from] ability: Snow Warning|[of] p2a: Froslass\n|move|p2a: Froslass|Protect|p2a: Froslass\n|-singleturn|p2a: Froslass|Protect\n|move|p1b: Talonflame|Tailwind|p1b: Talonflame\n|-sidestart|p1: roval2|move: Tailwind\n|move|p1a: Aerodactyl|Rock Slide|p2b: Beartic|[spread] p2b\n|-activate|p2a: Froslass|move: Protect\n|-supereffective|p2b: Beartic|1\n|-damage|p2b: Beartic|47/100\n|move|p2b: Beartic|Liquidation|p1b: Talonflame\n|-supereffective|p1b: Talonflame|1\n|-damage|p1b: Talonflame|11/100\n|\n|-weather|Snowscape|[upkeep]\n|upkeep\n|turn|2\n|\n|t:|1776128162\n|switch|p2a: Kingambit|Kingambit, L50, M|100/100\n|move|p2b: Beartic|Protect|p2b: Beartic\n|-singleturn|p2b: Beartic|Protect\n|move|p1a: Aerodactyl|Rock Slide|p2a: Kingambit|[spread] p2a\n|-activate|p2b: Beartic|move: Protect\n|-resisted|p2a: Kingambit|1\n|-damage|p2a: Kingambit|88/100\n|move|p1b: Talonflame|Flare Blitz|p2a: Kingambit\n|-supereffective|p2a: Kingambit|1\n|-damage|p2a: Kingambit|27/100\n|-damage|p1b: Talonflame|0 fnt|[from] Recoil\n|faint|p1b: Talonflame\n|\n|-weather|Snowscape|[upkeep]\n|upkeep\n|\n|t:|1776128180\n|switch|p1b: Raichu|Raichu, L50, F|100/100\n|turn|3\n|inactive|Ohfreckhe has 30 seconds left.\n|\n|t:|1776128211\n|move|p2a: Kingambit|Protect|p2a: Kingambit\n|-singleturn|p2a: Kingambit|Protect\n|move|p1b: Raichu|Fake Out|p2a: Kingambit\n|-activate|p2a: Kingambit|move: Protect\n|move|p1a: Aerodactyl|Rock Slide|p2a: Kingambit|[spread] p2b\n|-activate|p2a: Kingambit|move: Protect\n|-supereffective|p2b: Beartic|1\n|-damage|p2b: Beartic|0 fnt\n|faint|p2b: Beartic\n|\n|-weather|Snowscape|[upkeep]\n|upkeep\n|\n|t:|1776128221\n|switch|p2b: Froslass|Froslass-Mega, L50, F|100/100\n|turn|4\n|\n|t:|1776128236\n|move|p2b: Froslass|Protect|p2b: Froslass\n|-singleturn|p2b: Froslass|Protect\n|move|p2a: Kingambit|Sucker Punch|p1a: Aerodactyl\n|-damage|p1a: Aerodactyl|44/100\n|move|p1a: Aerodactyl|Rock Slide|p2b: Froslass|[spread] p2a\n|-activate|p2b: Froslass|move: Protect\n|-resisted|p2a: Kingambit|1\n|-damage|p2a: Kingambit|15/100\n|move|p1b: Raichu|Thunderbolt|p2a: Kingambit\n|-damage|p2a: Kingambit|0 fnt\n|faint|p2a: Kingambit\n|\n|-weather|Snowscape|[upkeep]\n|-sideend|p1: roval2|move: Tailwind\n|upkeep\n|\n|t:|1776128246\n|switch|p2a: Mamoswine|Mamoswine, L50, M|100/100\n|turn|5\n|\n|t:|1776128261\n|move|p1a: Aerodactyl|Protect|p1a: Aerodactyl\n|-singleturn|p1a: Aerodactyl|Protect\n|move|p2a: Mamoswine|High Horsepower|p1b: Raichu|[miss]\n|-miss|p2a: Mamoswine|p1b: Raichu\n|move|p1b: Raichu|Volt Switch|p2b: Froslass\n|-crit|p2b: Froslass\n|-damage|p2b: Froslass|47/100\n|\n|t:|1776128270\n|switch|p1b: Maushold|Maushold, L50|100/100|[from] Volt Switch\n|move|p2b: Froslass|Blizzard|p1a: Aerodactyl|[spread] p1b\n|-activate|p1a: Aerodactyl|move: Protect\n|-damage|p1b: Maushold|40/100\n|\n|-weather|none\n|upkeep\n|turn|6\n|\n|t:|1776128292\n|move|p1a: Aerodactyl|Rock Slide|p2b: Froslass|[spread] p2a,p2b\n|-supereffective|p2b: Froslass|1\n|-damage|p2a: Mamoswine|65/100\n|-damage|p2b: Froslass|0 fnt\n|faint|p2b: Froslass\n|move|p2a: Mamoswine|High Horsepower|p1b: Maushold\n|-damage|p1b: Maushold|0 fnt\n|faint|p1b: Maushold\n|\n|upkeep\n|-message|Ohfreckhe forfeited.\n|\n|win|roval2\n|raw|roval2's rating: 1126 &rarr; <strong>1156</strong><br />(+30 for winning)\n|raw|Ohfreckhe's rating: 1190 &rarr; <strong>1160</strong><br />(-30 for losing)\n|l|\u2606Ohfreckhe\n|player|p2|\n",
  "uploadtime": 1776128308,
  "views": 12,
  "formatid": "gen9championsvgc2026regma",
  "rating": 1156,
  "private": 0,
  "password": null
}