{
  "id": "gen9championsvgc2026regma-2585223814",
  "format": "[Gen 9 Champions] VGC 2026 Reg M-A",
  "players": [
    "banbandeco9000",
    "4bied"
  ],
  "log": "|j|\u2606banbandeco9000\n|j|\u26064bied\n|t:|1776326951\n|gametype|doubles\n|player|p1|banbandeco9000|roxie|1051\n|player|p2|4bied|giovanni|1105\n|gen|9\n|tier|[Gen 9 Champions] VGC 2026 Reg M-A\n|rated|\n|rule|Species Clause: Limit one of each Pok\u00e9mon\n|rule|Item Clause: Limit 1 of each item\n|clearpoke\n|poke|p1|Sneasler, L50, F|\n|poke|p1|Beedrill, L50, M|\n|poke|p1|Pelipper, L50, F|\n|poke|p1|Basculegion, L50, M|\n|poke|p1|Archaludon, L50, F|\n|poke|p1|Farigiraf, L50, F|\n|poke|p2|Gengar, L50, M|\n|poke|p2|Incineroar, L50, M|\n|poke|p2|Kingambit, L50, M|\n|poke|p2|Sinistcha, L50|\n|poke|p2|Kommo-o, L50, F|\n|poke|p2|Tyranitar, L50, F|\n|teampreview|4\n|inactive|Battle timer is ON: inactive players will automatically lose when time's up. (requested by 4bied)\n|\n|t:|1776326986\n|teamsize|p1|4\n|teamsize|p2|4\n|start\n|switch|p1a: Ugly aah bird|Pelipper, L50, F, shiny|100/100\n|switch|p1b: The man himself|Beedrill, L50, M|100/100\n|switch|p2a: Gengar|Gengar, L50, M|100/100\n|switch|p2b: Incineroar|Incineroar, L50, M|100/100\n|-weather|RainDance|[from] ability: Drizzle|[of] p1a: Ugly aah bird\n|-ability|p2b: Incineroar|Intimidate|boost\n|-unboost|p1a: Ugly aah bird|atk|1\n|-unboost|p1b: The man himself|atk|1\n|turn|1\n|inactive|banbandeco9000 has 30 seconds left.\n|\n|t:|1776327014\n|detailschange|p2a: Gengar|Gengar-Mega, L50, M\n|-mega|p2a: Gengar|Gengar|Gengarite\n|detailschange|p1b: The man himself|Beedrill-Mega, L50, M\n|-mega|p1b: The man himself|Beedrill|Beedrillite\n|move|p2b: Incineroar|Fake Out|p1a: Ugly aah bird\n|-damage|p1a: Ugly aah bird|87/100\n|move|p1b: The man himself|U-turn|p2b: Incineroar\n|-damage|p2b: Incineroar|68/100\n|\n|t:|1776327029\n|switch|p1b: bass of the damned|Basculegion, L50, M|100/100|[from] U-turn\n|move|p2a: Gengar|Perish Song|p2a: Gengar\n|-start|p1a: Ugly aah bird|perish3|[silent]\n|-start|p1b: bass of the damned|perish3|[silent]\n|-start|p2a: Gengar|perish3|[silent]\n|-start|p2b: Incineroar|perish3|[silent]\n|-fieldactivate|move: Perish Song\n|cant|p1a: Ugly aah bird|flinch\n|\n|-weather|RainDance|[upkeep]\n|-start|p1b: bass of the damned|perish3\n|-start|p2a: Gengar|perish3\n|-start|p1a: Ugly aah bird|perish3\n|-start|p2b: Incineroar|perish3\n|upkeep\n|turn|2\n|inactive|banbandeco9000 has 30 seconds left.\n|\n|t:|1776327059\n|switch|p2a: Sinistcha|Sinistcha, L50|100/100\n|-heal|p2b: Incineroar|93/100|[from] ability: Hospitality|[of] p2a: Sinistcha\n|move|p1b: bass of the damned|Flip Turn|p2b: Incineroar\n|-supereffective|p2b: Incineroar|1\n|-damage|p2b: Incineroar|0 fnt\n|faint|p2b: Incineroar\n|\n|t:|1776327069\n|switch|p1b: The man himself|Beedrill-Mega, L50, M|100/100|[from] Flip Turn\n|move|p1a: Ugly aah bird|U-turn|p2a: Sinistcha\n|-damage|p2a: Sinistcha|95/100\n|\n|t:|1776327074\n|switch|p1a: space cowboy|Farigiraf, L50, F|100/100|[from] U-turn\n|\n|-weather|RainDance|[upkeep]\n|upkeep\n|\n|t:|1776327081\n|switch|p2b: Tyranitar|Tyranitar, L50, F|100/100\n|-weather|Sandstorm|[from] ability: Sand Stream|[of] p2b: Tyranitar\n|turn|3\n|\n|t:|1776327098\n|move|p1b: The man himself|Drill Run|p2b: Tyranitar|[miss]\n|-miss|p1b: The man himself|p2b: Tyranitar\n|move|p2b: Tyranitar|Rock Slide|p1a: space cowboy|[spread] p1a,p1b\n|-supereffective|p1b: The man himself|1\n|-damage|p1a: space cowboy|68/100\n|-damage|p1b: The man himself|0 fnt\n|faint|p1b: The man himself\n|move|p2a: Sinistcha|Matcha Gotcha|p1a: space cowboy\n|-damage|p1a: space cowboy|42/100\n|-heal|p2a: Sinistcha|100/100|[from] drain|[of] p1a: space cowboy\n|-status|p1a: space cowboy|brn\n|-enditem|p1a: space cowboy|Sitrus Berry|[eat]\n|-heal|p1a: space cowboy|67/100 brn|[from] item: Sitrus Berry\n|move|p1a: space cowboy|Trick Room|p1a: space cowboy\n|-fieldstart|move: Trick Room|[of] p1a: space cowboy\n|\n|-weather|Sandstorm|[upkeep]\n|-damage|p1a: space cowboy|60/100 brn|[from] Sandstorm\n|-damage|p2a: Sinistcha|94/100|[from] Sandstorm\n|-damage|p1a: space cowboy|54/100 brn|[from] brn\n|upkeep\n|\n|t:|1776327118\n|switch|p1b: Ugly aah bird|Pelipper, L50, F, shiny|87/100\n|-weather|RainDance|[from] ability: Drizzle|[of] p1b: Ugly aah bird\n|turn|4\n|inactive|4bied has 30 seconds left.\n|inactive|4bied has 20 seconds left.\n|\n|t:|1776327154\n|switch|p2b: Gengar|Gengar-Mega, L50, M|100/100\n|move|p1a: space cowboy|Protect|p1a: space cowboy\n|-singleturn|p1a: space cowboy|Protect\n|move|p2a: Sinistcha|Protect|p2a: Sinistcha\n|-singleturn|p2a: Sinistcha|Protect\n|move|p1b: Ugly aah bird|U-turn|p2b: Gengar\n|-resisted|p2b: Gengar|2\n|-damage|p2b: Gengar|98/100\n|\n|t:|1776327165\n|switch|p1b: bass of the damned|Basculegion, L50, M|100/100|[from] U-turn\n|\n|-weather|RainDance|[upkeep]\n|-damage|p1a: space cowboy|48/100 brn|[from] brn\n|upkeep\n|turn|5\n|\n|t:|1776327183\n|move|p2a: Sinistcha|Rage Powder|p2a: Sinistcha\n|-singleturn|p2a: Sinistcha|move: Rage Powder\n|move|p2b: Gengar|Shadow Ball|p1b: bass of the damned\n|-supereffective|p1b: bass of the damned|1\n|-crit|p1b: bass of the damned\n|-damage|p1b: bass of the damned|0 fnt\n|faint|p1b: bass of the damned\n|move|p1a: space cowboy|Trick Room|p1a: space cowboy\n|-fieldend|move: Trick Room\n|\n|-weather|RainDance|[upkeep]\n|-damage|p1a: space cowboy|42/100 brn|[from] brn\n|upkeep\n|\n|t:|1776327191\n|switch|p1b: Ugly aah bird|Pelipper, L50, F, shiny|87/100\n|turn|6\n|\n|t:|1776327203\n|switch|p2a: Tyranitar|Tyranitar, L50, F|100/100\n|-weather|Sandstorm|[from] ability: Sand Stream|[of] p2a: Tyranitar\n|move|p1a: space cowboy|Ally Switch|p1a: space cowboy\n|swap|p1a: space cowboy|1|[from] move: Ally Switch\n|move|p2b: Gengar|Shadow Ball|p1a: Ugly aah bird\n|-damage|p1a: Ugly aah bird|15/100\n|-unboost|p1a: Ugly aah bird|spd|1\n|move|p1a: Ugly aah bird|Hurricane|p2a: Tyranitar|[miss]\n|-miss|p1a: Ugly aah bird|p2a: Tyranitar\n|\n|-weather|Sandstorm|[upkeep]\n|-damage|p2b: Gengar|92/100|[from] Sandstorm\n|-damage|p1a: Ugly aah bird|9/100|[from] Sandstorm\n|-damage|p1b: space cowboy|36/100 brn|[from] Sandstorm\n|-damage|p1b: space cowboy|30/100 brn|[from] brn\n|upkeep\n|turn|7\n|\n|t:|1776327223\n|move|p1a: Ugly aah bird|Wide Guard|p1a: Ugly aah bird\n|-singleturn|p1a: Ugly aah bird|Wide Guard\n|move|p2b: Gengar|Shadow Ball|p1a: Ugly aah bird\n|-damage|p1a: Ugly aah bird|0 fnt\n|faint|p1a: Ugly aah bird\n|move|p2a: Tyranitar|Rock Slide|p1b: space cowboy\n|-activate|p1b: space cowboy|move: Wide Guard\n|move|p1b: space cowboy|Hyper Voice|p2b: Gengar|[spread] p2a\n|-immune|p2b: Gengar\n|-resisted|p2a: Tyranitar|1\n|-damage|p2a: Tyranitar|91/100\n|\n|-weather|Sandstorm|[upkeep]\n|-damage|p2b: Gengar|86/100|[from] Sandstorm\n|-damage|p1b: space cowboy|23/100 brn|[from] Sandstorm\n|-damage|p1b: space cowboy|17/100 brn|[from] brn\n|upkeep\n|turn|8\n|\n|t:|1776327243\n|switch|p2a: Sinistcha|Sinistcha, L50|94/100\n|-heal|p2b: Gengar|100/100|[from] ability: Hospitality|[of] p2a: Sinistcha\n|move|p2b: Gengar|Shadow Ball|p1b: space cowboy\n|-immune|p1b: space cowboy\n|move|p1b: space cowboy|Trick Room|p1b: space cowboy\n|-fieldstart|move: Trick Room|[of] p1b: space cowboy\n|\n|-weather|Sandstorm|[upkeep]\n|-damage|p1b: space cowboy|11/100 brn|[from] Sandstorm\n|-damage|p2a: Sinistcha|88/100|[from] Sandstorm\n|-damage|p2b: Gengar|95/100|[from] Sandstorm\n|-damage|p1b: space cowboy|5/100 brn|[from] brn\n|upkeep\n|turn|9\n|\n|t:|1776327258\n|move|p2a: Sinistcha|Protect|p2a: Sinistcha\n|-singleturn|p2a: Sinistcha|Protect\n|move|p2b: Gengar|Protect|p2b: Gengar\n|-singleturn|p2b: Gengar|Protect\n|move|p1b: space cowboy|Trick Room|p1b: space cowboy\n|-fieldend|move: Trick Room\n|\n|-weather|Sandstorm|[upkeep]\n|-damage|p2b: Gengar|89/100|[from] Sandstorm\n|-damage|p2a: Sinistcha|82/100|[from] Sandstorm\n|-damage|p1b: space cowboy|0 fnt|[from] Sandstorm\n|faint|p1b: space cowboy\n|\n|win|4bied\n|raw|banbandeco9000's rating: 1051 &rarr; <strong>1036</strong><br />(-15 for losing)\n|raw|4bied's rating: 1105 &rarr; <strong>1126</strong><br />(+21 for winning)\n",
  "uploadtime": 1776327273,
  "views": 17,
  "formatid": "gen9championsvgc2026regma",
  "rating": 1036,
  "private": 0,
  "password": null
}