{
  "id": "gen9championsvgc2026regma-2585814593",
  "format": "[Gen 9 Champions] VGC 2026 Reg M-A",
  "players": [
    "anubis jr.",
    "toxmyself"
  ],
  "log": "|j|\u2606anubis jr.\n|j|\u2606toxmyself\n|t:|1776372611\n|gametype|doubles\n|player|p1|anubis jr.|1|1214\n|player|p2|toxmyself|norman|1297\n|gen|9\n|tier|[Gen 9 Champions] VGC 2026 Reg M-A\n|rated|\n|rule|Species Clause: Limit one of each Pok\u00e9mon\n|rule|Item Clause: Limit 1 of each item\n|clearpoke\n|poke|p1|Floette-Eternal, L50, F|\n|poke|p1|Incineroar, L50, F|\n|poke|p1|Sneasler, L50, M|\n|poke|p1|Aerodactyl, L50, F|\n|poke|p1|Basculegion, L50, M|\n|poke|p1|Garchomp, L50, F|\n|poke|p2|Charizard, L50, M|\n|poke|p2|Milotic, L50, M|\n|poke|p2|Aegislash, L50, M|\n|poke|p2|Sneasler, L50, M|\n|poke|p2|Aerodactyl, L50, F|\n|poke|p2|Sylveon, L50, M|\n|teampreview|4\n|inactive|Battle timer is ON: inactive players will automatically lose when time's up. (requested by toxmyself)\n|inactive|toxmyself has 60 seconds left.\n|\n|t:|1776372650\n|teamsize|p1|4\n|teamsize|p2|4\n|start\n|switch|p1a: Basculegion|Basculegion, L50, M|100/100\n|switch|p1b: Aerodactyl|Aerodactyl, L50, F|100/100\n|switch|p2a: Sneasler|Sneasler, L50, M|100/100\n|switch|p2b: Aerodactyl|Aerodactyl, L50, F|100/100\n|-ability|p1b: Aerodactyl|Unnerve\n|turn|1\n|\n|t:|1776372671\n|switch|p1b: Sneasler|Sneasler, L50, M|100/100\n|move|p2a: Sneasler|Fake Out|p1b: Sneasler\n|-damage|p1b: Sneasler|74/100\n|move|p2b: Aerodactyl|Tailwind|p2b: Aerodactyl\n|-sidestart|p2: toxmyself|move: Tailwind\n|move|p1a: Basculegion|Wave Crash|p2a: Sneasler\n|-damage|p2a: Sneasler|0 fnt\n|faint|p2a: Sneasler\n|-damage|p1a: Basculegion|74/100|[from] Recoil\n|\n|upkeep\n|\n|t:|1776372683\n|switch|p2a: Aegislash|Aegislash, L50, M|100/100\n|turn|2\n|inactive|anubis jr. has 30 seconds left.\n|inactive|toxmyself has 30 seconds left.\n|inactive|anubis jr. has 20 seconds left.\n|inactive|anubis jr. has 15 seconds left.\n|\n|t:|1776372727\n|switch|p1b: Aerodactyl|Aerodactyl, L50, F|100/100\n|-ability|p1b: Aerodactyl|Unnerve\n|move|p2b: Aerodactyl|Protect|p2b: Aerodactyl\n|-singleturn|p2b: Aerodactyl|Protect\n|-formechange|p2a: Aegislash|Aegislash-Blade|\n|move|p2a: Aegislash|Shadow Sneak|p1a: Basculegion\n|-supereffective|p1a: Basculegion|1\n|-damage|p1a: Basculegion|4/100\n|move|p1a: Basculegion|Wave Crash|p2b: Aerodactyl\n|-activate|p2b: Aerodactyl|move: Protect\n|\n|upkeep\n|turn|3\n|\n|t:|1776372751\n|switch|p1a: Sneasler|Sneasler, L50, M|74/100\n|move|p2a: Aegislash|Shadow Sneak|p1a: Sneasler\n|-damage|p1a: Sneasler|25/100\n|move|p2b: Aerodactyl|Rock Slide|p1b: Aerodactyl|[spread] p1a,p1b\n|-resisted|p1a: Sneasler|1\n|-supereffective|p1b: Aerodactyl|1\n|-damage|p1a: Sneasler|3/100\n|-damage|p1b: Aerodactyl|19/100\n|move|p1b: Aerodactyl|Tailwind|p1b: Aerodactyl\n|-sidestart|p1: anubis jr.|move: Tailwind\n|\n|upkeep\n|turn|4\n|\n|t:|1776372770\n|move|p2b: Aerodactyl|Protect|p2b: Aerodactyl\n|-singleturn|p2b: Aerodactyl|Protect\n|move|p1a: Sneasler|Fake Out|p2b: Aerodactyl\n|-activate|p2b: Aerodactyl|move: Protect\n|move|p2a: Aegislash|Shadow Sneak|p1a: Sneasler\n|-damage|p1a: Sneasler|0 fnt\n|faint|p1a: Sneasler\n|move|p1b: Aerodactyl|Rock Slide|p2a: Aegislash|[spread] \n|-activate|p2b: Aerodactyl|move: Protect\n|-miss|p1b: Aerodactyl|p2a: Aegislash\n|\n|-sideend|p2: toxmyself|move: Tailwind\n|upkeep\n|\n|t:|1776372773\n|switch|p1a: Floette|Floette-Eternal, L50, F|100/100\n|turn|5\n|inactive|toxmyself has 30 seconds left.\n|\n|t:|1776372800\n|switch|p2b: Milotic|Milotic, L50, M|100/100\n|detailschange|p1a: Floette|Floette-Mega, L50, F\n|-mega|p1a: Floette|Floette|Floettite\n|-ability|p1a: Floette|Fairy Aura\n|-formechange|p2a: Aegislash|Aegislash|\n|move|p2a: Aegislash|King's Shield|p2a: Aegislash\n|-singleturn|p2a: Aegislash|Protect\n|move|p1b: Aerodactyl|Rock Slide|p2a: Aegislash|[spread] p2b\n|-activate|p2a: Aegislash|move: Protect\n|-damage|p2b: Milotic|79/100\n|move|p1a: Floette|Dazzling Gleam|p2b: Milotic|[spread] p2b\n|-activate|p2a: Aegislash|move: Protect\n|-crit|p2b: Milotic\n|-damage|p2b: Milotic|25/100\n|\n|-heal|p2b: Milotic|32/100|[from] item: Leftovers\n|upkeep\n|turn|6\n|inactive|anubis jr. has 30 seconds left.\n|inactive|toxmyself has 30 seconds left.\n|\n|t:|1776372833\n|move|p2b: Milotic|Protect|p2b: Milotic\n|-singleturn|p2b: Milotic|Protect\n|move|p1b: Aerodactyl|Rock Slide|p2b: Milotic|[spread] \n|-activate|p2b: Milotic|move: Protect\n|-miss|p1b: Aerodactyl|p2a: Aegislash\n|move|p1a: Floette|Dazzling Gleam|p2a: Aegislash|[spread] p2a\n|-activate|p2b: Milotic|move: Protect\n|-resisted|p2a: Aegislash|1\n|-damage|p2a: Aegislash|80/100\n|-formechange|p2a: Aegislash|Aegislash-Blade|\n|move|p2a: Aegislash|Iron Head|p1b: Aerodactyl\n|-supereffective|p1b: Aerodactyl|1\n|-damage|p1b: Aerodactyl|0 fnt\n|faint|p1b: Aerodactyl\n|\n|-heal|p2b: Milotic|38/100|[from] item: Leftovers\n|-sideend|p1: anubis jr.|move: Tailwind\n|upkeep\n|\n|t:|1776372836\n|switch|p1b: Basculegion|Basculegion, L50, M|4/100\n|turn|7\n|\n|t:|1776372855\n|move|p1b: Basculegion|Aqua Jet|p2a: Aegislash\n|-damage|p2a: Aegislash|30/100\n|move|p2a: Aegislash|Shadow Sneak|p1b: Basculegion\n|-supereffective|p1b: Basculegion|1\n|-damage|p1b: Basculegion|0 fnt\n|faint|p1b: Basculegion\n|move|p1a: Floette|Calm Mind|p1a: Floette\n|-boost|p1a: Floette|spa|1\n|-boost|p1a: Floette|spd|1\n|move|p2b: Milotic|Recover|p2b: Milotic\n|-heal|p2b: Milotic|88/100\n|\n|-heal|p2b: Milotic|94/100|[from] item: Leftovers\n|upkeep\n|turn|8\n|\n|t:|1776372868\n|-formechange|p2a: Aegislash|Aegislash|\n|move|p2a: Aegislash|King's Shield|p2a: Aegislash\n|-singleturn|p2a: Aegislash|Protect\n|move|p1a: Floette|Dazzling Gleam|p2b: Milotic|[spread] p2b\n|-activate|p2a: Aegislash|move: Protect\n|-damage|p2b: Milotic|43/100\n|move|p2b: Milotic|Icy Wind|p1a: Floette\n|-damage|p1a: Floette|92/100\n|-unboost|p1a: Floette|spe|1\n|\n|-heal|p2b: Milotic|49/100|[from] item: Leftovers\n|upkeep\n|turn|9\n|\n|t:|1776372884\n|switch|p2a: Aerodactyl|Aerodactyl, L50, F|100/100\n|move|p2b: Milotic|Icy Wind|p1a: Floette\n|-damage|p1a: Floette|84/100\n|-unboost|p1a: Floette|spe|1\n|move|p1a: Floette|Dazzling Gleam|p2b: Milotic|[spread] p2a,p2b\n|-enditem|p2a: Aerodactyl|Focus Sash\n|-damage|p2a: Aerodactyl|1/100\n|-damage|p2b: Milotic|0 fnt\n|faint|p2b: Milotic\n|\n|upkeep\n|\n|t:|1776372893\n|switch|p2b: Aegislash|Aegislash, L50, M|30/100\n|turn|10\n|\n|t:|1776372904\n|move|p1a: Floette|Protect|p1a: Floette\n|-singleturn|p1a: Floette|Protect\n|move|p2a: Aerodactyl|Dual Wingbeat|p1a: Floette\n|-activate|p1a: Floette|move: Protect\n|-formechange|p2b: Aegislash|Aegislash-Blade|\n|move|p2b: Aegislash|Iron Head|p1a: Floette\n|-activate|p1a: Floette|move: Protect\n|\n|upkeep\n|turn|11\n|\n|t:|1776372907\n|move|p2a: Aerodactyl|Dual Wingbeat|p1a: Floette\n|-damage|p1a: Floette|63/100\n|-damage|p1a: Floette|44/100\n|-hitcount|p1a: Floette|2\n|move|p2b: Aegislash|Iron Head|p1a: Floette\n|-supereffective|p1a: Floette|1\n|-damage|p1a: Floette|0 fnt\n|faint|p1a: Floette\n|\n|win|toxmyself\n|raw|anubis jr.'s rating: 1214 &rarr; <strong>1195</strong><br />(-19 for losing)\n|raw|toxmyself's rating: 1297 &rarr; <strong>1316</strong><br />(+19 for winning)\n",
  "uploadtime": 1776372908,
  "views": 16,
  "formatid": "gen9championsvgc2026regma",
  "rating": 1195,
  "private": 0,
  "password": null
}