{
  "id": "gen9championsvgc2026regma-2588472987",
  "format": "[Gen 9 Champions] VGC 2026 Reg M-A",
  "players": [
    "narrow guard",
    "bigpedro"
  ],
  "log": "|j|\u2606narrow guard\n|j|\u2606bigpedro\n|t:|1776636630\n|gametype|doubles\n|player|p1|narrow guard|cheryl|1336\n|player|p2|bigpedro|wallace|1308\n|gen|9\n|tier|[Gen 9 Champions] VGC 2026 Reg M-A\n|rated|\n|rule|Species Clause: Limit one of each Pok\u00e9mon\n|rule|Item Clause: Limit 1 of each item\n|clearpoke\n|poke|p1|Jolteon, L50, M|\n|poke|p1|Charizard, L50, M|\n|poke|p1|Garchomp, L50, F|\n|poke|p1|Aegislash, L50, F|\n|poke|p1|Milotic, L50, M|\n|poke|p1|Tauros-Paldea-Blaze, L50, M|\n|poke|p2|Floette-Eternal, L50, F|\n|poke|p2|Delphox, L50, M|\n|poke|p2|Aerodactyl, L50, F|\n|poke|p2|Garchomp, L50, F|\n|poke|p2|Basculegion, L50, M|\n|poke|p2|Sinistcha, L50|\n|teampreview|4\n|inactive|Battle timer is ON: inactive players will automatically lose when time's up. (requested by bigpedro)\n|inactive|narrow guard has 60 seconds left.\n|inactive|bigpedro has 60 seconds left.\n|inactive|bigpedro has 30 seconds left.\n|\n|t:|1776636692\n|teamsize|p1|4\n|teamsize|p2|4\n|start\n|switch|p1a: Milotic|Milotic, L50, M|100/100\n|switch|p1b: Tauros|Tauros-Paldea-Blaze, L50, M|100/100\n|switch|p2a: Aerodactyl|Aerodactyl, L50, F|100/100\n|switch|p2b: Garchomp|Garchomp, L50, F|100/100\n|-ability|p2a: Aerodactyl|Unnerve\n|-ability|p1b: Tauros|Intimidate|boost\n|-unboost|p2a: Aerodactyl|atk|1\n|-unboost|p2b: Garchomp|atk|1\n|turn|1\n|\n|t:|1776636702\n|move|p1b: Tauros|Protect|p1b: Tauros\n|-singleturn|p1b: Tauros|Protect\n|move|p2a: Aerodactyl|Tailwind|p2a: Aerodactyl\n|-sidestart|p2: bigpedro|move: Tailwind\n|move|p2b: Garchomp|Earthquake|p1a: Milotic|[spread] p1a\n|-activate|p1b: Tauros|move: Protect\n|-immune|p2a: Aerodactyl\n|-damage|p1a: Milotic|64/100\n|move|p1a: Milotic|Icy Wind|p2a: Aerodactyl|[spread] p2a,p2b\n|-supereffective|p2a: Aerodactyl|1\n|-supereffective|p2b: Garchomp|2\n|-damage|p2a: Aerodactyl|72/100\n|-damage|p2b: Garchomp|66/100\n|-unboost|p2a: Aerodactyl|spe|1\n|-unboost|p2b: Garchomp|spe|1\n|\n|upkeep\n|turn|2\n|\n|t:|1776636722\n|switch|p1b: Charizard|Charizard, L50, M|100/100\n|move|p2a: Aerodactyl|Rock Slide|p1a: Milotic|[spread] p1a\n|-miss|p2a: Aerodactyl|p1b: Charizard\n|-damage|p1a: Milotic|47/100\n|move|p2b: Garchomp|Earthquake|p1a: Milotic|[spread] p1a\n|-immune|p2a: Aerodactyl\n|-immune|p1b: Charizard\n|-damage|p1a: Milotic|12/100\n|move|p1a: Milotic|Icy Wind|p2b: Garchomp|[spread] p2a,p2b\n|-supereffective|p2a: Aerodactyl|1\n|-supereffective|p2b: Garchomp|2\n|-damage|p2a: Aerodactyl|46/100\n|-damage|p2b: Garchomp|31/100\n|-unboost|p2a: Aerodactyl|spe|1\n|-unboost|p2b: Garchomp|spe|1\n|\n|upkeep\n|turn|3\n|inactive|narrow guard has 30 seconds left.\n|\n|t:|1776636756\n|switch|p1a: Tauros|Tauros-Paldea-Blaze, L50, M|100/100\n|-ability|p1a: Tauros|Intimidate|boost\n|-unboost|p2a: Aerodactyl|atk|1\n|-unboost|p2b: Garchomp|atk|1\n|move|p1b: Charizard|Protect|p1b: Charizard\n|-singleturn|p1b: Charizard|Protect\n|move|p2a: Aerodactyl|Rock Slide|p1a: Tauros|[spread] p1a\n|-activate|p1b: Charizard|move: Protect\n|-damage|p1a: Tauros|86/100\n|move|p2b: Garchomp|Dragon Claw|p1b: Charizard\n|-activate|p1b: Charizard|move: Protect\n|\n|upkeep\n|turn|4\n|inactive|narrow guard has 30 seconds left.\n|\n|t:|1776636784\n|switch|p2b: Basculegion|Basculegion, L50, M|100/100\n|switch|p1b: Milotic|Milotic, L50, M|12/100\n|move|p1a: Tauros|Protect|p1a: Tauros\n|-singleturn|p1a: Tauros|Protect\n|move|p2a: Aerodactyl|Rock Slide|p1b: Milotic|[spread] p1b\n|-activate|p1a: Tauros|move: Protect\n|-damage|p1b: Milotic|0 fnt\n|faint|p1b: Milotic\n|\n|-sideend|p2: bigpedro|move: Tailwind\n|upkeep\n|\n|t:|1776636793\n|switch|p1b: Aegislash|Aegislash, L50, F|100/100\n|turn|5\n|\n|t:|1776636812\n|-formechange|p1b: Aegislash|Aegislash-Blade|\n|move|p1b: Aegislash|Shadow Sneak|p2b: Basculegion\n|-supereffective|p2b: Basculegion|1\n|-damage|p2b: Basculegion|43/100\n|move|p2b: Basculegion|Flip Turn|p1a: Tauros\n|-supereffective|p1a: Tauros|1\n|-damage|p1a: Tauros|0 fnt\n|faint|p1a: Tauros\n|\n|t:|1776636821\n|switch|p2b: Delphox|Delphox, L50, M|100/100|[from] Flip Turn\n|move|p2a: Aerodactyl|Tailwind|p2a: Aerodactyl\n|-sidestart|p2: bigpedro|move: Tailwind\n|\n|upkeep\n|\n|t:|1776636826\n|switch|p1a: Charizard|Charizard, L50, M|100/100\n|turn|6\n|\n|t:|1776636842\n|detailschange|p2b: Delphox|Delphox-Mega, L50, M\n|-mega|p2b: Delphox|Delphox|Delphoxite\n|detailschange|p1a: Charizard|Charizard-Mega-Y, L50, M\n|-mega|p1a: Charizard|Charizard|Charizardite Y\n|-weather|SunnyDay|[from] ability: Drought|[of] p1a: Charizard\n|move|p2b: Delphox|Protect|p2b: Delphox\n|-singleturn|p2b: Delphox|Protect\n|move|p1b: Aegislash|Shadow Sneak|p2a: Aerodactyl\n|-damage|p2a: Aerodactyl|13/100\n|move|p2a: Aerodactyl|Rock Slide|p1b: Aegislash|[spread] p1a,p1b\n|-supereffective|p1a: Charizard|2\n|-resisted|p1b: Aegislash|1\n|-damage|p1a: Charizard|36/100\n|-damage|p1b: Aegislash|90/100\n|move|p1a: Charizard|Heat Wave|p2a: Aerodactyl|[spread] p2a\n|-activate|p2b: Delphox|move: Protect\n|-resisted|p2a: Aerodactyl|1\n|-damage|p2a: Aerodactyl|0 fnt\n|faint|p2a: Aerodactyl\n|\n|-weather|SunnyDay|[upkeep]\n|upkeep\n|\n|t:|1776636859\n|switch|p2a: Basculegion|Basculegion, L50, M|43/100\n|turn|7\n|\n|t:|1776636878\n|move|p1a: Charizard|Protect|p1a: Charizard\n|-singleturn|p1a: Charizard|Protect\n|move|p1b: Aegislash|Shadow Sneak|p2b: Delphox\n|-supereffective|p2b: Delphox|1\n|-damage|p2b: Delphox|25/100\n|move|p2a: Basculegion|Last Respects|p1a: Charizard\n|-activate|p1a: Charizard|move: Protect\n|move|p2b: Delphox|Heat Wave|p1a: Charizard|[spread] p1b\n|-activate|p1a: Charizard|move: Protect\n|-supereffective|p1b: Aegislash|1\n|-damage|p1b: Aegislash|0 fnt\n|faint|p1b: Aegislash\n|\n|-weather|SunnyDay|[upkeep]\n|upkeep\n|turn|8\n|-message|narrow guard forfeited.\n|\n|win|bigpedro\n|raw|narrow guard's rating: 1336 &rarr; <strong>1314</strong><br />(-22 for losing)\n|raw|bigpedro's rating: 1308 &rarr; <strong>1330</strong><br />(+22 for winning)\n|l|\u2606narrow guard\n|player|p1|\n",
  "uploadtime": 1776636890,
  "views": 11,
  "formatid": "gen9championsvgc2026regma",
  "rating": 1314,
  "private": 0,
  "password": null
}