{
  "id": "gen9championsvgc2026regma-2589432897",
  "format": "[Gen 9 Champions] VGC 2026 Reg M-A",
  "players": [
    "Nfishman",
    "Juanjesus_79"
  ],
  "log": "|j|\u2606Nfishman\n|j|\u2606Juanjesus_79\n|t:|1776722512\n|gametype|doubles\n|player|p1|Nfishman|265|1051\n|player|p2|Juanjesus_79|102|1026\n|gen|9\n|tier|[Gen 9 Champions] VGC 2026 Reg M-A\n|rated|\n|rule|Species Clause: Limit one of each Pok\u00e9mon\n|rule|Item Clause: Limit 1 of each item\n|clearpoke\n|poke|p1|Klefki, L50, M|\n|poke|p1|Palafin, L50, M, shiny|\n|poke|p1|Pelipper, L50, M|\n|poke|p1|Incineroar, L50, F|\n|poke|p1|Dragonite, L50, F|\n|poke|p1|Sinistcha-Masterpiece, L50|\n|poke|p2|Tyranitar, L50, F|\n|poke|p2|Gengar, L50, F|\n|poke|p2|Tinkaton, L50, F|\n|poke|p2|Rotom-Wash, L50, shiny|\n|poke|p2|Kommo-o, L50, F|\n|poke|p2|Garchomp, L50, M|\n|teampreview|4\nNfishman rejected open team sheets.\n|\n|t:|1776722534\n|teamsize|p1|4\n|teamsize|p2|4\n|start\n|switch|p1a: Palafin|Palafin, L50, M, shiny|100/100\n|switch|p1b: Incineroar|Incineroar, L50, F|100/100\n|switch|p2a: Rotom|Rotom-Wash, L50, shiny|100/100\n|switch|p2b: Tinkaton|Tinkaton, L50, F|100/100\n|-ability|p2b: Tinkaton|Mold Breaker\n|-ability|p1b: Incineroar|Intimidate|boost\n|-unboost|p2a: Rotom|atk|1\n|-unboost|p2b: Tinkaton|atk|1\n|turn|1\n|inactive|Battle timer is ON: inactive players will automatically lose when time's up. (requested by Juanjesus_79)\n|inactive|Nfishman has 60 seconds left.\n|\n|t:|1776722574\n|move|p1a: Palafin|Protect|p1a: Palafin\n|-singleturn|p1a: Palafin|Protect\n|move|p2b: Tinkaton|Fake Out|p1b: Incineroar\n|-damage|p1b: Incineroar|95/100\n|cant|p1b: Incineroar|flinch\n|move|p2a: Rotom|Will-O-Wisp|p1a: Palafin\n|-activate|p1a: Palafin|move: Protect\n|\n|upkeep\n|turn|2\n|inactive|Nfishman has 30 seconds left.\n|inactive|Nfishman has 20 seconds left.\n|inactive|Nfishman has 15 seconds left.\n|inactive|Nfishman has 10 seconds left.\n|inactive|Nfishman has 5 seconds left.\n|\n|t:|1776722625\n|detailschange|p1a: Palafin|Palafin-Hero, L50, M, shiny\n|switch|p1a: Dragonite|Dragonite, L50, F|100/100\n|move|p2b: Tinkaton|Protect|p2b: Tinkaton\n|-singleturn|p2b: Tinkaton|Protect\n|move|p2a: Rotom|Will-O-Wisp|p1a: Dragonite\n|-status|p1a: Dragonite|brn\n|move|p1b: Incineroar|Parting Shot|p2b: Tinkaton\n|-activate|p2b: Tinkaton|move: Protect\n|\n|-damage|p1a: Dragonite|95/100 brn|[from] brn\n|upkeep\n|turn|3\n|inactive|Nfishman has 30 seconds left.\n|inactive|Nfishman has 20 seconds left.\n|inactive|Nfishman has 15 seconds left.\n|\n|t:|1776722667\n|switch|p2b: Tyranitar|Tyranitar, L50, F|100/100\n|-weather|Sandstorm|[from] ability: Sand Stream|[of] p2b: Tyranitar\n|move|p1a: Dragonite|Protect|p1a: Dragonite\n|-singleturn|p1a: Dragonite|Protect\n|move|p2a: Rotom|Hydro Pump|p1b: Incineroar\n|-supereffective|p1b: Incineroar|1\n|-damage|p1b: Incineroar|0 fnt\n|faint|p1b: Incineroar\n|\n|-weather|Sandstorm|[upkeep]\n|-damage|p1a: Dragonite|89/100 brn|[from] Sandstorm\n|-damage|p2a: Rotom|95/100|[from] Sandstorm\n|-damage|p1a: Dragonite|83/100 brn|[from] brn\n|upkeep\n|\n|t:|1776722681\n|switch|p1b: Pelipper|Pelipper, L50, M|100/100\n|-weather|RainDance|[from] ability: Drizzle|[of] p1b: Pelipper\n|turn|4\n|inactive|Juanjesus_79 has 30 seconds left.\n|\n|t:|1776722713\n|detailschange|p1a: Dragonite|Dragonite-Mega, L50, F\n|-mega|p1a: Dragonite|Dragonite|Dragoninite\n|detailschange|p2b: Tyranitar|Tyranitar-Mega, L50, F\n|-mega|p2b: Tyranitar|Tyranitar|Tyranitarite\n|-weather|Sandstorm|[from] ability: Sand Stream|[of] p2b: Tyranitar\n|move|p1a: Dragonite|Draco Meteor|p2a: Rotom\n|-damage|p2a: Rotom|8/100\n|-unboost|p1a: Dragonite|spa|2\n|-enditem|p2a: Rotom|Sitrus Berry|[eat]\n|-heal|p2a: Rotom|32/100|[from] item: Sitrus Berry\n|move|p1b: Pelipper|Tailwind|p1b: Pelipper\n|-sidestart|p1: Nfishman|move: Tailwind\n|move|p2a: Rotom|Volt Switch|p1b: Pelipper\n|-supereffective|p1b: Pelipper|2\n|-enditem|p1b: Pelipper|Focus Sash\n|-damage|p1b: Pelipper|1/100\n|\n|t:|1776722730\n|switch|p2a: Tinkaton|Tinkaton, L50, F|100/100|[from] Volt Switch\n|-ability|p2a: Tinkaton|Mold Breaker\n|move|p2b: Tyranitar|Rock Tomb|p1a: Dragonite\n|-supereffective|p1a: Dragonite|1\n|-damage|p1a: Dragonite|11/100 brn\n|-unboost|p1a: Dragonite|spe|1\n|\n|-weather|Sandstorm|[upkeep]\n|-damage|p1b: Pelipper|0 fnt|[from] Sandstorm\n|-damage|p1a: Dragonite|5/100 brn|[from] Sandstorm\n|faint|p1b: Pelipper\n|-damage|p1a: Dragonite|0 fnt|[from] brn\n|faint|p1a: Dragonite\n|upkeep\n|\n|t:|1776722752\n|switch|p1b: Palafin|Palafin-Hero, L50, M, shiny|100/100\n|-activate|p1b: Palafin|ability: Zero to Hero\n|turn|5\n|-message|Nfishman forfeited.\n|\n|win|Juanjesus_79\n|raw|Nfishman's rating: 1051 &rarr; <strong>1032</strong><br />(-19 for losing)\n|raw|Juanjesus_79's rating: 1026 &rarr; <strong>1065</strong><br />(+39 for winning)\n|l|\u2606Nfishman\n|player|p1|\n",
  "uploadtime": 1776722773,
  "views": 3,
  "formatid": "gen9championsvgc2026regma",
  "rating": 1032,
  "private": 0,
  "password": null
}