{
  "id": "gen9championsvgc2026regma-2581335048",
  "format": "[Gen 9 Champions] VGC 2026 Reg M-A",
  "players": [
    "syshj",
    "debouls"
  ],
  "log": "|j|\u2606syshj\n|j|\u2606debouls\n|t:|1775988206\n|gametype|doubles\n|player|p1|syshj|dawn|1202\n|player|p2|debouls|2|1168\n|gen|9\n|tier|[Gen 9 Champions] VGC 2026 Reg M-A\n|rated|\n|rule|Species Clause: Limit one of each Pok\u00e9mon\n|rule|Item Clause: Limit 1 of each item\n|clearpoke\n|poke|p1|Delphox, L50, F|\n|poke|p1|Whimsicott, L50, M|\n|poke|p1|Basculegion-F, L50, F|\n|poke|p1|Kingambit, L50, F|\n|poke|p1|Rotom-Wash, L50|\n|poke|p1|Garchomp, L50, M|\n|poke|p2|Starmie, L50|\n|poke|p2|Sneasler, L50, F|\n|poke|p2|Sinistcha, L50|\n|poke|p2|Kingambit, L50, F|\n|poke|p2|Dragonite, L50, M|\n|poke|p2|Pelipper, L50, M|\n|teampreview|4\n|\n|t:|1775988246\n|teamsize|p1|4\n|teamsize|p2|4\n|start\n|switch|p1a: Whimsicott|Whimsicott, L50, M|100/100\n|switch|p1b: Basculegion|Basculegion-F, L50, F|100/100\n|switch|p2a: Sneasler|Sneasler, L50, F|100/100\n|switch|p2b: Dragonite|Dragonite, L50, M|100/100\n|turn|1\n|\n|t:|1775988273\n|switch|p1a: Garchomp|Garchomp, L50, M|100/100\n|detailschange|p2b: Dragonite|Dragonite-Mega, L50, M\n|-mega|p2b: Dragonite|Dragonite|Dragoninite\n|move|p2a: Sneasler|Fake Out|p1a: Garchomp\n|-damage|p1a: Garchomp|86/100\n|-damage|p2a: Sneasler|88/100|[from] ability: Rough Skin|[of] p1a: Garchomp\n|move|p1b: Basculegion|Ice Beam|p2b: Dragonite\n|-supereffective|p2b: Dragonite|2\n|-damage|p2b: Dragonite|60/100\n|move|p2b: Dragonite|Tailwind|p2b: Dragonite\n|-sidestart|p2: debouls|move: Tailwind\n|\n|upkeep\n|turn|2\n|\n|t:|1775988315\n|move|p2a: Sneasler|Dire Claw|p1a: Garchomp\n|-resisted|p1a: Garchomp|1\n|-damage|p1a: Garchomp|67/100\n|-damage|p2a: Sneasler|76/100|[from] ability: Rough Skin|[of] p1a: Garchomp\n|move|p2b: Dragonite|Dragon Pulse|p1a: Garchomp\n|-supereffective|p1a: Garchomp|1\n|-damage|p1a: Garchomp|0 fnt\n|faint|p1a: Garchomp\n|move|p1b: Basculegion|Ice Beam|p2b: Dragonite\n|-supereffective|p2b: Dragonite|2\n|-damage|p2b: Dragonite|0 fnt\n|faint|p2b: Dragonite\n|\n|upkeep\n|\n|t:|1775988338\n|switch|p2b: Pelipper|Pelipper, L50, M|100/100\n|switch|p1a: Whimsicott|Whimsicott, L50, M|100/100\n|-weather|RainDance|[from] ability: Drizzle|[of] p2b: Pelipper\n|turn|3\n|\n|t:|1775988352\n|switch|p1b: Delphox|Delphox, L50, F|100/100\n|move|p1a: Whimsicott|Tailwind|p1a: Whimsicott\n|-sidestart|p1: syshj|move: Tailwind\n|move|p2b: Pelipper|Icy Wind|p1a: Whimsicott|[spread] p1b\n|-miss|p2b: Pelipper|p1a: Whimsicott\n|-resisted|p1b: Delphox|1\n|-damage|p1b: Delphox|94/100\n|-unboost|p1b: Delphox|spe|1\n|move|p2a: Sneasler|Dire Claw|p1a: Whimsicott\n|-supereffective|p1a: Whimsicott|2\n|-damage|p1a: Whimsicott|0 fnt\n|faint|p1a: Whimsicott\n|\n|-weather|RainDance|[upkeep]\n|upkeep\n|\n|t:|1775988360\n|switch|p1a: Basculegion|Basculegion-F, L50, F|100/100\n|turn|4\n|\n|t:|1775988393\n|detailschange|p1b: Delphox|Delphox-Mega, L50, F\n|-mega|p1b: Delphox|Delphox|Delphoxite\n|move|p1a: Basculegion|Muddy Water|p2a: Sneasler|[spread] p2a\n|-miss|p1a: Basculegion|p2b: Pelipper\n|-damage|p2a: Sneasler|0 fnt\n|faint|p2a: Sneasler\n|move|p2b: Pelipper|Icy Wind|p1b: Delphox|[spread] p1a,p1b\n|-resisted|p1a: Basculegion|1\n|-resisted|p1b: Delphox|1\n|-damage|p1a: Basculegion|94/100\n|-damage|p1b: Delphox|89/100\n|-unboost|p1a: Basculegion|spe|1\n|-unboost|p1b: Delphox|spe|1\n|move|p1b: Delphox|Psychic|p2b: Pelipper\n|-damage|p2b: Pelipper|20/100\n|\n|-weather|RainDance|[upkeep]\n|-sideend|p2: debouls|move: Tailwind\n|upkeep\n|\n|t:|1775988406\n|switch|p2a: Starmie|Starmie, L50|100/100\n|turn|5\n|\n|t:|1775988446\n|move|p1a: Basculegion|Muddy Water|p2a: Starmie|[spread] p2a,p2b\n|-resisted|p2a: Starmie|1\n|-resisted|p2b: Pelipper|1\n|-damage|p2a: Starmie|59/100\n|-damage|p2b: Pelipper|0 fnt\n|faint|p2b: Pelipper\n|move|p1b: Delphox|Psychic|p2a: Starmie\n|-resisted|p2a: Starmie|1\n|-damage|p2a: Starmie|25/100\n|move|p2a: Starmie|Liquidation|p1b: Delphox\n|-supereffective|p1b: Delphox|1\n|-damage|p1b: Delphox|0 fnt\n|faint|p1b: Delphox\n|\n|-weather|RainDance|[upkeep]\n|upkeep\n|turn|6\n|\n|t:|1775988459\n|move|p1a: Basculegion|Muddy Water|p2a: Starmie\n|-resisted|p2a: Starmie|1\n|-damage|p2a: Starmie|0 fnt\n|faint|p2a: Starmie\n|\n|win|syshj\n|raw|syshj's rating: 1202 &rarr; <strong>1225</strong><br />(+23 for winning)\n|raw|debouls's rating: 1168 &rarr; <strong>1145</strong><br />(-23 for losing)\n",
  "uploadtime": 1775988464,
  "views": 17,
  "formatid": "gen9championsvgc2026regma",
  "rating": 1145,
  "private": 0,
  "password": null
}