{
  "id": "gen9championsvgc2026regma-2588036558",
  "format": "[Gen 9 Champions] VGC 2026 Reg M-A",
  "players": [
    "lizardon0516",
    "confipotemyrtille"
  ],
  "log": "|j|\u2606lizardon0516\n|j|\u2606confipotemyrtille\n|t:|1776596235\n|gametype|doubles\n|player|p1|lizardon0516|169|1182\n|player|p2|confipotemyrtille|rosa|1189\n|gen|9\n|tier|[Gen 9 Champions] VGC 2026 Reg M-A\n|rated|\n|rule|Species Clause: Limit one of each Pok\u00e9mon\n|rule|Item Clause: Limit 1 of each item\n|clearpoke\n|poke|p1|Charizard, L50, M, shiny|\n|poke|p1|Milotic, L50, F, shiny|\n|poke|p1|Sinistcha, L50|\n|poke|p1|Incineroar, L50, M, shiny|\n|poke|p1|Sneasler, L50, M|\n|poke|p1|Tyranitar, L50, F|\n|poke|p2|Lopunny, L50, M|\n|poke|p2|Slowking, L50, M|\n|poke|p2|Roserade, L50, F|\n|poke|p2|Torkoal, L50, F|\n|poke|p2|Typhlosion-Hisui, L50, M|\n|poke|p2|Jolteon, L50, F|\n|teampreview|4\n|inactive|Battle timer is ON: inactive players will automatically lose when time's up. (requested by lizardon0516)\n|inactive|confipotemyrtille has 60 seconds left.\n|\n|t:|1776596313\n|teamsize|p1|4\n|teamsize|p2|4\n|start\n|switch|p1a: Incineroar|Incineroar, L50, M, shiny|100/100\n|switch|p1b: Milotic|Milotic, L50, F, shiny|100/100\n|switch|p2a: Lopunny|Lopunny, L50, M|100/100\n|switch|p2b: Jolteon|Jolteon, L50, F|100/100\n|-ability|p1a: Incineroar|Intimidate|boost\n|-unboost|p2a: Lopunny|atk|1\n|-unboost|p2b: Jolteon|atk|1\n|turn|1\n|\n|t:|1776596328\n|detailschange|p2a: Lopunny|Lopunny-Mega, L50, M\n|-mega|p2a: Lopunny|Lopunny|Lopunnite\n|move|p1a: Incineroar|Fake Out|p2b: Jolteon\n|-damage|p2b: Jolteon|80/100\n|move|p2a: Lopunny|Close Combat|p1a: Incineroar\n|-supereffective|p1a: Incineroar|1\n|-crit|p1a: Incineroar\n|-damage|p1a: Incineroar|0 fnt\n|-unboost|p2a: Lopunny|def|1\n|-unboost|p2a: Lopunny|spd|1\n|faint|p1a: Incineroar\n|cant|p2b: Jolteon|flinch\n|move|p1b: Milotic|Icy Wind|p2b: Jolteon|[spread] p2a,p2b\n|-damage|p2a: Lopunny|80/100\n|-damage|p2b: Jolteon|67/100\n|-unboost|p2a: Lopunny|spe|1\n|-unboost|p2b: Jolteon|spe|1\n|\n|upkeep\n|\n|t:|1776596346\n|switch|p1a: Sneasler|Sneasler, L50, M|100/100\n|turn|2\n|\n|t:|1776596361\n|move|p2a: Lopunny|Protect|p2a: Lopunny\n|-singleturn|p2a: Lopunny|Protect\n|move|p1a: Sneasler|Dire Claw|p2b: Jolteon\n|-damage|p2b: Jolteon|0 fnt\n|faint|p2b: Jolteon\n|move|p1b: Milotic|Scald|p2a: Lopunny\n|-activate|p2a: Lopunny|move: Protect\n|\n|upkeep\n|\n|t:|1776596371\n|switch|p2b: Typhlosion|Typhlosion-Hisui, L50, M|100/100\n|turn|3\n|\n|t:|1776596379\n|move|p1a: Sneasler|Protect|p1a: Sneasler\n|-singleturn|p1a: Sneasler|Protect\n|move|p2b: Typhlosion|Eruption|p1a: Sneasler|[spread] p1b\n|-activate|p1a: Sneasler|move: Protect\n|-resisted|p1b: Milotic|1\n|-damage|p1b: Milotic|80/100\n|move|p2a: Lopunny|Close Combat|p1b: Milotic\n|-damage|p1b: Milotic|44/100\n|-unboost|p2a: Lopunny|def|1\n|-unboost|p2a: Lopunny|spd|1\n|move|p1b: Milotic|Scald|p2b: Typhlosion\n|-supereffective|p2b: Typhlosion|1\n|-damage|p2b: Typhlosion|23/100\n|\n|-heal|p1b: Milotic|50/100|[from] item: Leftovers\n|upkeep\n|turn|4\n|\n|t:|1776596399\n|switch|p2b: Roserade|Roserade, L50, F|100/100\n|move|p1a: Sneasler|Close Combat|p2a: Lopunny\n|-supereffective|p2a: Lopunny|1\n|-damage|p2a: Lopunny|0 fnt\n|-unboost|p1a: Sneasler|def|1\n|-unboost|p1a: Sneasler|spd|1\n|faint|p2a: Lopunny\n|-enditem|p1a: Sneasler|White Herb\n|-clearnegativeboost|p1a: Sneasler|[silent]\n|move|p1b: Milotic|Scald|p2b: Roserade\n|-resisted|p2b: Roserade|1\n|-damage|p2b: Roserade|83/100\n|\n|-heal|p1b: Milotic|56/100|[from] item: Leftovers\n|upkeep\n|\n|t:|1776596402\n|switch|p2a: Typhlosion|Typhlosion-Hisui, L50, M|23/100\n|turn|5\n|\n|t:|1776596420\n|move|p1a: Sneasler|Dire Claw|p2a: Typhlosion\n|-resisted|p2a: Typhlosion|1\n|-damage|p2a: Typhlosion|0 fnt\n|faint|p2a: Typhlosion\n|move|p2b: Roserade|Leaf Storm|p1b: Milotic\n|-supereffective|p1b: Milotic|1\n|-damage|p1b: Milotic|0 fnt\n|-unboost|p2b: Roserade|spa|2\n|faint|p1b: Milotic\n|-enditem|p2b: Roserade|White Herb\n|-clearnegativeboost|p2b: Roserade|[silent]\n|\n|upkeep\n|\n|t:|1776596427\n|switch|p1b: Tyranitar|Tyranitar, L50, F|100/100\n|-weather|Sandstorm|[from] ability: Sand Stream|[of] p1b: Tyranitar\n|turn|6\n|\n|t:|1776596441\n|detailschange|p1b: Tyranitar|Tyranitar-Mega, L50, F\n|-mega|p1b: Tyranitar|Tyranitar|Tyranitarite\n|move|p1a: Sneasler|Coaching|p1b: Tyranitar\n|-boost|p1b: Tyranitar|atk|1\n|-boost|p1b: Tyranitar|def|1\n|move|p2b: Roserade|Leaf Storm|p1b: Tyranitar\n|-supereffective|p1b: Tyranitar|1\n|-damage|p1b: Tyranitar|42/100\n|-unboost|p2b: Roserade|spa|2\n|move|p1b: Tyranitar|Knock Off|p2b: Roserade\n|-damage|p2b: Roserade|0 fnt\n|faint|p2b: Roserade\n|\n|win|lizardon0516\n|raw|lizardon0516's rating: 1182 &rarr; <strong>1208</strong><br />(+26 for winning)\n|raw|confipotemyrtille's rating: 1189 &rarr; <strong>1163</strong><br />(-26 for losing)\n|l|\u2606confipotemyrtille\n|player|p2|\n",
  "uploadtime": 1776596455,
  "views": 14,
  "formatid": "gen9championsvgc2026regma",
  "rating": 1163,
  "private": 0,
  "password": null
}