{
  "id": "gen9championsvgc2026regma-2588081013",
  "format": "[Gen 9 Champions] VGC 2026 Reg M-A",
  "players": [
    "Sttuarrt",
    "hollow 497"
  ],
  "log": "|j|\u2606Sttuarrt\n|j|\u2606hollow 497\n|t:|1776602048\n|gametype|doubles\n|player|p1|Sttuarrt|skier|1318\n|player|p2|hollow 497|alder|1278\n|gen|9\n|tier|[Gen 9 Champions] VGC 2026 Reg M-A\n|rated|\n|rule|Species Clause: Limit one of each Pok\u00e9mon\n|rule|Item Clause: Limit 1 of each item\n|clearpoke\n|poke|p1|Blastoise, L50, M|\n|poke|p1|Sinistcha, L50|\n|poke|p1|Farigiraf, L50, M|\n|poke|p1|Basculegion, L50, M|\n|poke|p1|Pelipper, L50, F|\n|poke|p1|Sneasler, L50, M|\n|poke|p2|Scovillain, L50, M|\n|poke|p2|Kommo-o, L50, F|\n|poke|p2|Scizor, L50, M|\n|poke|p2|Cofagrigus, L50, M, shiny|\n|poke|p2|Sneasler, L50, F|\n|poke|p2|Ninetales-Alola, L50, F|\n|teampreview|4\n|inactive|Battle timer is ON: inactive players will automatically lose when time's up. (requested by Sttuarrt)\n|\n|t:|1776602095\n|teamsize|p1|4\n|teamsize|p2|4\n|start\n|switch|p1a: Blastoise|Blastoise, L50, M|100/100\n|switch|p1b: Pelipper|Pelipper, L50, F|100/100\n|switch|p2a: Cofagrigus|Cofagrigus, L50, M, shiny|100/100\n|switch|p2b: Kommo-o|Kommo-o, L50, F|100/100\n|-weather|RainDance|[from] ability: Drizzle|[of] p1b: Pelipper\n|turn|1\n|\n|t:|1776602110\n|switch|p2b: Ninetales|Ninetales-Alola, L50, F|100/100\n|-weather|Snowscape|[from] ability: Snow Warning|[of] p2b: Ninetales\n|detailschange|p1a: Blastoise|Blastoise-Mega, L50, M\n|-mega|p1a: Blastoise|Blastoise|Blastoisinite\n|move|p1b: Pelipper|Hurricane|p2b: Ninetales\n|-damage|p2b: Ninetales|41/100\n|-start|p2b: Ninetales|confusion\n|move|p1a: Blastoise|Shell Smash|p1a: Blastoise\n|-unboost|p1a: Blastoise|def|1\n|-unboost|p1a: Blastoise|spd|1\n|-boost|p1a: Blastoise|atk|2\n|-boost|p1a: Blastoise|spa|2\n|-boost|p1a: Blastoise|spe|2\n|move|p2a: Cofagrigus|Shadow Ball|p1a: Blastoise\n|-damage|p1a: Blastoise|64/100\n|-unboost|p1a: Blastoise|spd|1\n|\n|-weather|Snowscape|[upkeep]\n|upkeep\n|turn|2\n|inactive|hollow 497 has 30 seconds left.\n|\n|t:|1776602136\n|switch|p1b: Sinistcha|Sinistcha, L50|100/100\n|-heal|p1a: Blastoise|89/100|[from] ability: Hospitality|[of] p1b: Sinistcha\n|move|p1a: Blastoise|Water Spout|p2b: Ninetales|[spread] p2a,p2b\n|-damage|p2a: Cofagrigus|11/100\n|-damage|p2b: Ninetales|0 fnt\n|faint|p2b: Ninetales\n|move|p2a: Cofagrigus|Destiny Bond|p2a: Cofagrigus\n|-singlemove|p2a: Cofagrigus|Destiny Bond\n|\n|-weather|Snowscape|[upkeep]\n|upkeep\n|\n|t:|1776602150\n|switch|p2b: Kommo-o|Kommo-o, L50, F|100/100\n|turn|3\n|\n|t:|1776602172\n|switch|p1b: Pelipper|Pelipper, L50, F|100/100\n|-weather|RainDance|[from] ability: Drizzle|[of] p1b: Pelipper\n|move|p1a: Blastoise|Dark Pulse|p2b: Kommo-o\n|-resisted|p2b: Kommo-o|1\n|-damage|p2b: Kommo-o|47/100\n|-enditem|p2b: Kommo-o|Sitrus Berry|[eat]\n|-heal|p2b: Kommo-o|72/100|[from] item: Sitrus Berry\n|move|p2b: Kommo-o|Clanging Scales|p1b: Pelipper|[spread] p1a,p1b\n|-damage|p1a: Blastoise|22/100\n|-damage|p1b: Pelipper|38/100\n|-unboost|p2b: Kommo-o|def|1\n|move|p2a: Cofagrigus|Shadow Ball|p1b: Pelipper\n|-damage|p1b: Pelipper|0 fnt\n|faint|p1b: Pelipper\n|\n|-weather|RainDance|[upkeep]\n|upkeep\n|\n|t:|1776602194\n|switch|p1b: Basculegion|Basculegion, L50, M|100/100\n|turn|4\n|\n|t:|1776602214\n|move|p2b: Kommo-o|Protect|p2b: Kommo-o\n|-singleturn|p2b: Kommo-o|Protect\n|move|p1b: Basculegion|Wave Crash|p2b: Kommo-o\n|-activate|p2b: Kommo-o|move: Protect\n|move|p1a: Blastoise|Water Spout|p2b: Kommo-o|[spread] p2a\n|-activate|p2b: Kommo-o|move: Protect\n|-damage|p2a: Cofagrigus|0 fnt\n|faint|p2a: Cofagrigus\n|\n|-weather|RainDance|[upkeep]\n|upkeep\n|\n|t:|1776602219\n|switch|p2a: Scovillain|Scovillain, L50, M|100/100\n|turn|5\n|\n|t:|1776602244\n|switch|p1b: Sinistcha|Sinistcha, L50|100/100\n|-heal|p1a: Blastoise|46/100|[from] ability: Hospitality|[of] p1b: Sinistcha\n|detailschange|p2a: Scovillain|Scovillain-Mega, L50, M\n|-mega|p2a: Scovillain|Scovillain|Scovillainite\n|move|p1a: Blastoise|Protect|p1a: Blastoise\n|-singleturn|p1a: Blastoise|Protect\n|move|p2a: Scovillain|Rage Powder|p2a: Scovillain\n|-singleturn|p2a: Scovillain|move: Rage Powder\n|move|p2b: Kommo-o|Clanging Scales|p1b: Sinistcha|[spread] p1b\n|-activate|p1a: Blastoise|move: Protect\n|-damage|p1b: Sinistcha|63/100\n|-unboost|p2b: Kommo-o|def|1\n|\n|-weather|RainDance|[upkeep]\n|upkeep\n|turn|6\n|inactive|Sttuarrt has 30 seconds left.\n|\n|t:|1776602269\n|switch|p1b: Basculegion|Basculegion, L50, M|100/100\n|move|p1a: Blastoise|Water Spout|p2b: Kommo-o|[spread] p2a,p2b\n|-resisted|p2b: Kommo-o|1\n|-damage|p2a: Scovillain|3/100\n|-damage|p2b: Kommo-o|25/100\n|-status|p1a: Blastoise|brn|[from] ability: Spicy Spray|[of] p2a: Scovillain\n|move|p2b: Kommo-o|Clanging Scales|p1a: Blastoise|[spread] p1a,p1b\n|-damage|p1a: Blastoise|0 fnt\n|-damage|p1b: Basculegion|63/100\n|faint|p1a: Blastoise\n|-unboost|p2b: Kommo-o|def|1\n|move|p2a: Scovillain|Overheat|p1b: Basculegion\n|-resisted|p1b: Basculegion|1\n|-damage|p1b: Basculegion|47/100\n|-unboost|p2a: Scovillain|spa|2\n|\n|-weather|RainDance|[upkeep]\n|upkeep\n|\n|t:|1776602280\n|switch|p1a: Sinistcha|Sinistcha, L50|63/100\n|-heal|p1b: Basculegion|71/100|[from] ability: Hospitality|[of] p1a: Sinistcha\n|turn|7\n|\n|t:|1776602292\n|move|p2a: Scovillain|Rage Powder|p2a: Scovillain\n|-singleturn|p2a: Scovillain|move: Rage Powder\n|move|p1b: Basculegion|Wave Crash|p2a: Scovillain\n|-damage|p2a: Scovillain|0 fnt\n|-status|p1b: Basculegion|brn|[from] ability: Spicy Spray|[of] p2a: Scovillain\n|faint|p2a: Scovillain\n|-damage|p1b: Basculegion|71/100 brn|[from] Recoil\n|move|p2b: Kommo-o|Clanging Scales|p1b: Basculegion|[spread] p1a,p1b\n|-damage|p1a: Sinistcha|24/100\n|-damage|p1b: Basculegion|32/100 brn\n|-enditem|p1a: Sinistcha|Sitrus Berry|[eat]\n|-heal|p1a: Sinistcha|49/100|[from] item: Sitrus Berry\n|-unboost|p2b: Kommo-o|def|1\n|move|p1a: Sinistcha|Matcha Gotcha|p2b: Kommo-o\n|-resisted|p2b: Kommo-o|1\n|-damage|p2b: Kommo-o|5/100\n|-heal|p1a: Sinistcha|58/100|[from] drain|[of] p2b: Kommo-o\n|\n|-weather|none\n|-damage|p1b: Basculegion|26/100 brn|[from] brn\n|upkeep\n|turn|8\n|\n|t:|1776602308\n|move|p2b: Kommo-o|Clanging Scales|p1a: Sinistcha|[spread] p1a,p1b\n|-damage|p1a: Sinistcha|20/100\n|-damage|p1b: Basculegion|0 fnt\n|faint|p1b: Basculegion\n|-unboost|p2b: Kommo-o|def|1\n|move|p1a: Sinistcha|Matcha Gotcha|p2b: Kommo-o\n|-resisted|p2b: Kommo-o|1\n|-damage|p2b: Kommo-o|0 fnt\n|-heal|p1a: Sinistcha|23/100|[from] drain|[of] p2b: Kommo-o\n|faint|p2b: Kommo-o\n|\n|win|Sttuarrt\n|raw|Sttuarrt's rating: 1318 &rarr; <strong>1336</strong><br />(+18 for winning)\n|raw|hollow 497's rating: 1278 &rarr; <strong>1256</strong><br />(-22 for losing)\n|l|\u2606hollow 497\n|player|p2|\n",
  "uploadtime": 1776602322,
  "views": 13,
  "formatid": "gen9championsvgc2026regma",
  "rating": 1256,
  "private": 0,
  "password": null
}