{
  "id": "gen9championsvgc2026regma-2584835623",
  "format": "[Gen 9 Champions] VGC 2026 Reg M-A",
  "players": [
    "alvarriderr",
    "Shshdjfjj"
  ],
  "log": "|j|\u2606alvarriderr\n|j|\u2606Shshdjfjj\n|t:|1776287373\n|gametype|doubles\n|player|p1|alvarriderr|hilbert-wonderlauncher|1124\n|player|p2|Shshdjfjj|depotagent|1108\n|gen|9\n|tier|[Gen 9 Champions] VGC 2026 Reg M-A\n|rated|\n|rule|Species Clause: Limit one of each Pok\u00e9mon\n|rule|Item Clause: Limit 1 of each item\n|clearpoke\n|poke|p1|Hawlucha, L50, F|\n|poke|p1|Excadrill, L50, M|\n|poke|p1|Tyranitar, L50, M|\n|poke|p1|Sinistcha, L50|\n|poke|p1|Rotom-Wash, L50|\n|poke|p1|Volcarona, L50, F|\n|poke|p2|Hippowdon, L50, F|\n|poke|p2|Floette-Eternal, L50, F|\n|poke|p2|Garchomp, L50, M|\n|poke|p2|Sinistcha, L50|\n|poke|p2|Incineroar, L50, M|\n|poke|p2|Aerodactyl, L50, F|\n|teampreview|4\n|\n|t:|1776287411\n|teamsize|p1|4\n|teamsize|p2|4\n|start\n|switch|p1a: Rotom|Rotom-Wash, L50|100/100\n|switch|p1b: Excadrill|Excadrill, L50, M|100/100\n|switch|p2a: Sinistcha|Sinistcha, L50|100/100\n|switch|p2b: Incineroar|Incineroar, L50, M|100/100\n|-ability|p2b: Incineroar|Intimidate|boost\n|-unboost|p1a: Rotom|atk|1\n|-unboost|p1b: Excadrill|atk|1\n|turn|1\n|\n|t:|1776287436\n|move|p2b: Incineroar|Fake Out|p1b: Excadrill\n|-resisted|p1b: Excadrill|1\n|-damage|p1b: Excadrill|93/100\n|cant|p1b: Excadrill|flinch\n|move|p1a: Rotom|Hydro Pump|p2b: Incineroar\n|-supereffective|p2b: Incineroar|1\n|-enditem|p2b: Incineroar|Passho Berry|[eat]\n|-enditem|p2b: Incineroar|Passho Berry|[weaken]\n|-damage|p2b: Incineroar|74/100\n|move|p2a: Sinistcha|Trick Room|p2a: Sinistcha\n|-fieldstart|move: Trick Room|[of] p2a: Sinistcha\n|\n|upkeep\n|turn|2\n|\n|t:|1776287479\n|move|p1a: Rotom|Protect|p1a: Rotom\n|-singleturn|p1a: Rotom|Protect\n|move|p2b: Incineroar|Darkest Lariat|p1a: Rotom\n|-activate|p1a: Rotom|move: Protect\n|move|p2a: Sinistcha|Matcha Gotcha|p1a: Rotom|[spread] p1b\n|-activate|p1a: Rotom|move: Protect\n|-damage|p1b: Excadrill|52/100\n|-status|p1b: Excadrill|brn\n|move|p1b: Excadrill|Fissure|p2a: Sinistcha|[miss]\n|-miss|p1b: Excadrill|p2a: Sinistcha\n|\n|-damage|p1b: Excadrill|46/100 brn|[from] brn\n|upkeep\n|turn|3\n|\n|t:|1776287498\n|switch|p1a: Hawlucha|Hawlucha, L50, F|100/100\n|move|p1b: Excadrill|Protect|p1b: Excadrill\n|-singleturn|p1b: Excadrill|Protect\n|move|p2b: Incineroar|Darkest Lariat|p1b: Excadrill\n|-activate|p1b: Excadrill|move: Protect\n|move|p2a: Sinistcha|Matcha Gotcha|p1b: Excadrill|[spread] p1a\n|-activate|p1b: Excadrill|move: Protect\n|-resisted|p1a: Hawlucha|1\n|-damage|p1a: Hawlucha|77/100\n|\n|-damage|p1b: Excadrill|40/100 brn|[from] brn\n|upkeep\n|turn|4\n|\n|t:|1776287521\n|switch|p1b: Tyranitar|Tyranitar, L50, M|100/100\n|-weather|Sandstorm|[from] ability: Sand Stream|[of] p1b: Tyranitar\n|detailschange|p1a: Hawlucha|Hawlucha-Mega, L50, F\n|-mega|p1a: Hawlucha|Hawlucha|Hawluchanite\n|move|p2b: Incineroar|Flare Blitz|p1a: Hawlucha\n|-damage|p1a: Hawlucha|32/100\n|-damage|p2b: Incineroar|60/100|[from] Recoil\n|move|p2a: Sinistcha|Matcha Gotcha|p1b: Tyranitar|[spread] p1a,p1b\n|-resisted|p1a: Hawlucha|1\n|-supereffective|p1b: Tyranitar|1\n|-damage|p1a: Hawlucha|16/100\n|-damage|p1b: Tyranitar|69/100\n|move|p1a: Hawlucha|Flying Press|p2b: Incineroar\n|-supereffective|p2b: Incineroar|1\n|-damage|p2b: Incineroar|0 fnt\n|faint|p2b: Incineroar\n|\n|-weather|Sandstorm|[upkeep]\n|-damage|p2a: Sinistcha|95/100|[from] Sandstorm\n|-damage|p1a: Hawlucha|10/100|[from] Sandstorm\n|upkeep\n|\n|t:|1776287530\n|switch|p2b: Floette|Floette-Eternal, L50, F|100/100\n|turn|5\n|\n|t:|1776287553\n|detailschange|p2b: Floette|Floette-Mega, L50, F\n|-mega|p2b: Floette|Floette|Floettite\n|-ability|p2b: Floette|Fairy Aura\n|move|p1b: Tyranitar|Knock Off|p2a: Sinistcha\n|-supereffective|p2a: Sinistcha|1\n|-damage|p2a: Sinistcha|0 fnt\n|-enditem|p2a: Sinistcha|Sitrus Berry|[from] move: Knock Off|[of] p1b: Tyranitar\n|faint|p2a: Sinistcha\n|move|p2b: Floette|Substitute|p2b: Floette\n|-start|p2b: Floette|Substitute\n|-damage|p2b: Floette|76/100\n|move|p1a: Hawlucha|Rock Tomb|p2b: Floette\n|-activate|p2b: Floette|move: Substitute|[damage]\n|\n|-weather|Sandstorm|[upkeep]\n|-damage|p2b: Floette|70/100|[from] Sandstorm\n|-damage|p1a: Hawlucha|4/100|[from] Sandstorm\n|-fieldend|move: Trick Room\n|upkeep\n|\n|t:|1776287558\n|switch|p2a: Garchomp|Garchomp, L50, M|100/100\n|turn|6\n|\n|t:|1776287599\n|move|p2b: Floette|Protect|p2b: Floette\n|-singleturn|p2b: Floette|Protect\n|move|p2a: Garchomp|Protect|p2a: Garchomp\n|-singleturn|p2a: Garchomp|Protect\n|move|p1a: Hawlucha|Flying Press|p2b: Floette\n|-activate|p2b: Floette|move: Protect\n|move|p1b: Tyranitar|Knock Off|p2a: Garchomp\n|-activate|p2a: Garchomp|move: Protect\n|\n|-weather|Sandstorm|[upkeep]\n|-damage|p1a: Hawlucha|0 fnt|[from] Sandstorm\n|-damage|p2b: Floette|64/100|[from] Sandstorm\n|faint|p1a: Hawlucha\n|upkeep\n|\n|t:|1776287613\n|switch|p1a: Rotom|Rotom-Wash, L50|100/100\n|turn|7\n|\n|t:|1776287622\n|move|p1b: Tyranitar|Protect|p1b: Tyranitar\n|-singleturn|p1b: Tyranitar|Protect\n|move|p1a: Rotom|Discharge|p2a: Garchomp|[spread] p2b\n|-activate|p1b: Tyranitar|move: Protect\n|-immune|p2a: Garchomp\n|-end|p2b: Floette|Substitute\n|move|p2b: Floette|Dazzling Gleam|p1a: Rotom|[spread] p1a\n|-activate|p1b: Tyranitar|move: Protect\n|-damage|p1a: Rotom|43/100\n|move|p2a: Garchomp|Dragon Claw|p1b: Tyranitar\n|-activate|p1b: Tyranitar|move: Protect\n|\n|-weather|Sandstorm|[upkeep]\n|-damage|p1a: Rotom|37/100|[from] Sandstorm\n|-damage|p2b: Floette|58/100|[from] Sandstorm\n|-heal|p1a: Rotom|43/100|[from] item: Leftovers\n|upkeep\n|turn|8\n|\n|t:|1776287660\n|move|p1a: Rotom|Hydro Pump|p2a: Garchomp\n|-damage|p2a: Garchomp|64/100\n|move|p2b: Floette|Dazzling Gleam|p1a: Rotom|[spread] p1a,p1b\n|-supereffective|p1b: Tyranitar|1\n|-damage|p1a: Rotom|0 fnt\n|-damage|p1b: Tyranitar|14/100\n|faint|p1a: Rotom\n|move|p2a: Garchomp|Dragon Claw|p1b: Tyranitar\n|-damage|p1b: Tyranitar|0 fnt\n|faint|p1b: Tyranitar\n|\n|-weather|none\n|upkeep\n|\n|t:|1776287680\n|switch|p1b: Excadrill|Excadrill, L50, M|40/100 brn\n|turn|9\n|\n|t:|1776287694\n|move|p1b: Excadrill|Protect|p1b: Excadrill\n|-singleturn|p1b: Excadrill|Protect\n|move|p2b: Floette|Light of Ruin|p1b: Excadrill\n|-activate|p1b: Excadrill|move: Protect\n|move|p2a: Garchomp|Stomping Tantrum|p1b: Excadrill\n|-activate|p1b: Excadrill|move: Protect\n|\n|-damage|p1b: Excadrill|35/100 brn|[from] brn\n|upkeep\n|turn|10\n|\n|t:|1776287707\n|move|p1b: Excadrill|Fissure|p2a: Garchomp|[miss]\n|-miss|p1b: Excadrill|p2a: Garchomp\n|move|p2b: Floette|Dazzling Gleam|p1b: Excadrill\n|-resisted|p1b: Excadrill|1\n|-damage|p1b: Excadrill|0 fnt\n|faint|p1b: Excadrill\n|\n|win|Shshdjfjj\n|raw|alvarriderr's rating: 1124 &rarr; <strong>1098</strong><br />(-26 for losing)\n|raw|Shshdjfjj's rating: 1108 &rarr; <strong>1134</strong><br />(+26 for winning)\n|c|\u2606alvarriderr|gg\n",
  "uploadtime": 1776287719,
  "views": 30,
  "formatid": "gen9championsvgc2026regma",
  "rating": 1098,
  "private": 0,
  "password": null
}