{
  "id": "gen9championsvgc2026regma-2585093289",
  "format": "[Gen 9 Champions] VGC 2026 Reg M-A",
  "players": [
    "oassiswhale",
    "XxSlayer717xX"
  ],
  "log": "|j|\u2606oassiswhale\n|j|\u203dXxSlayer717xX\n|t:|1776311017\n|gametype|doubles\n|player|p1|oassiswhale|170|1000\n|player|p2|XxSlayer717xX|169|1000\n|gen|9\n|tier|[Gen 9 Champions] VGC 2026 Reg M-A\n|rated|\n|rule|Species Clause: Limit one of each Pok\u00e9mon\n|rule|Item Clause: Limit 1 of each item\n|clearpoke\n|poke|p1|Floette-Eternal, L50, F|\n|poke|p1|Talonflame, L50, M|\n|poke|p1|Farigiraf, L50, F|\n|poke|p1|Sneasler, L50, F|\n|poke|p1|Kingambit, L50, M|\n|poke|p1|Maushold-Four, L50|\n|poke|p2|Starmie, L50|\n|poke|p2|Incineroar, L50, F|\n|poke|p2|Tyranitar, L50, F|\n|poke|p2|Farigiraf, L50, F|\n|poke|p2|Cofagrigus, L50, F|\n|poke|p2|Talonflame, L50, M|\n|teampreview|4\n|\n|t:|1776311053\n|teamsize|p1|4\n|teamsize|p2|4\n|start\n|switch|p1a: Sneasler|Sneasler, L50, F|100/100\n|switch|p1b: Farigiraf|Farigiraf, L50, F|100/100\n|switch|p2a: Starmie|Starmie, L50|100/100\n|switch|p2b: Cofagrigus|Cofagrigus, L50, F|100/100\n|turn|1\n|\n|t:|1776311071\n|switch|p1b: Kingambit|Kingambit, L50, M|100/100\n|detailschange|p2a: Starmie|Starmie-Mega, L50\n|-mega|p2a: Starmie|Starmie|Starminite\n|move|p2a: Starmie|Protect|p2a: Starmie\n|-singleturn|p2a: Starmie|Protect\n|move|p1a: Sneasler|Fake Out|p2a: Starmie\n|-activate|p2a: Starmie|move: Protect\n|move|p2b: Cofagrigus|Will-O-Wisp|p1b: Kingambit\n|-status|p1b: Kingambit|brn\n|\n|-damage|p1b: Kingambit|95/100 brn|[from] brn\n|upkeep\n|turn|2\n|\n|t:|1776311096\n|move|p1a: Sneasler|Protect|p1a: Sneasler\n|-singleturn|p1a: Sneasler|Protect\n|move|p1b: Kingambit|Sucker Punch|p2a: Starmie\n|-supereffective|p2a: Starmie|1\n|-damage|p2a: Starmie|38/100\n|move|p2a: Starmie|Self-Destruct|p1b: Kingambit|[spread] p1b\n|-activate|p1a: Sneasler|move: Protect\n|-immune|p2b: Cofagrigus\n|-resisted|p1b: Kingambit|1\n|-damage|p1b: Kingambit|58/100 brn\n|faint|p2a: Starmie\n|move|p2b: Cofagrigus|Trick Room|p2b: Cofagrigus\n|-fieldstart|move: Trick Room|[of] p2b: Cofagrigus\n|\n|-damage|p1b: Kingambit|52/100 brn|[from] brn\n|upkeep\n|\n|t:|1776311112\n|switch|p2a: Tyranitar|Tyranitar, L50, F|100/100\n|-weather|Sandstorm|[from] ability: Sand Stream|[of] p2a: Tyranitar\n|turn|3\n|\n|t:|1776311126\n|switch|p1a: Farigiraf|Farigiraf, L50, F|100/100\n|move|p2b: Cofagrigus|Protect|p2b: Cofagrigus\n|-singleturn|p2b: Cofagrigus|Protect\n|move|p2a: Tyranitar|Earthquake|p1b: Kingambit|[spread] p1a,p1b\n|-activate|p2b: Cofagrigus|move: Protect\n|-supereffective|p1b: Kingambit|1\n|-damage|p1a: Farigiraf|81/100\n|-damage|p1b: Kingambit|20/100 brn\n|move|p1b: Kingambit|Low Kick|p2a: Tyranitar\n|-supereffective|p2a: Tyranitar|2\n|-enditem|p2a: Tyranitar|Chople Berry|[eat]\n|-enditem|p2a: Tyranitar|Chople Berry|[weaken]\n|-damage|p2a: Tyranitar|67/100\n|\n|-weather|Sandstorm|[upkeep]\n|-damage|p2b: Cofagrigus|94/100|[from] Sandstorm\n|-damage|p1a: Farigiraf|75/100|[from] Sandstorm\n|-heal|p1a: Farigiraf|81/100|[from] item: Leftovers\n|-damage|p1b: Kingambit|15/100 brn|[from] brn\n|upkeep\n|turn|4\n|\n|t:|1776311155\n|switch|p2b: Incineroar|Incineroar, L50, F|100/100\n|-ability|p2b: Incineroar|Intimidate|boost\n|-unboost|p1a: Farigiraf|atk|1\n|-unboost|p1b: Kingambit|atk|1\n|-ability|p1b: Kingambit|Defiant|boost\n|-boost|p1b: Kingambit|atk|2\n|move|p1b: Kingambit|Protect|p1b: Kingambit\n|-singleturn|p1b: Kingambit|Protect\n|move|p2a: Tyranitar|Knock Off|p1a: Farigiraf\n|-supereffective|p1a: Farigiraf|1\n|-damage|p1a: Farigiraf|3/100\n|-enditem|p1a: Farigiraf|Leftovers|[from] move: Knock Off|[of] p2a: Tyranitar\n|move|p1a: Farigiraf|Trick Room|p1a: Farigiraf\n|-fieldend|move: Trick Room\n|\n|-weather|Sandstorm|[upkeep]\n|-damage|p1a: Farigiraf|0 fnt|[from] Sandstorm\n|-damage|p2b: Incineroar|95/100|[from] Sandstorm\n|faint|p1a: Farigiraf\n|-damage|p1b: Kingambit|9/100 brn|[from] brn\n|upkeep\n|\n|t:|1776311174\n|switch|p1a: Floette|Floette-Eternal, L50, F|100/100\n|turn|5\n|\n|t:|1776311183\n|detailschange|p1a: Floette|Floette-Mega, L50, F\n|-mega|p1a: Floette|Floette|Floettite\n|-ability|p1a: Floette|Fairy Aura\n|move|p2b: Incineroar|Fake Out|p1a: Floette\n|-damage|p1a: Floette|86/100\n|cant|p1a: Floette|flinch\n|move|p1b: Kingambit|Low Kick|p2a: Tyranitar\n|-supereffective|p2a: Tyranitar|2\n|-damage|p2a: Tyranitar|0 fnt\n|faint|p2a: Tyranitar\n|\n|-weather|Sandstorm|[upkeep]\n|-damage|p1a: Floette|80/100|[from] Sandstorm\n|-damage|p2b: Incineroar|89/100|[from] Sandstorm\n|-damage|p1b: Kingambit|3/100 brn|[from] brn\n|upkeep\n|\n|t:|1776311195\n|switch|p2a: Cofagrigus|Cofagrigus, L50, F|94/100\n|turn|6\n|\n|t:|1776311203\n|move|p2b: Incineroar|Protect|p2b: Incineroar\n|-singleturn|p2b: Incineroar|Protect\n|move|p1b: Kingambit|Sucker Punch||[still]\n|-fail|p1b: Kingambit\n|move|p1a: Floette|Dazzling Gleam|p2b: Incineroar|[spread] p2a\n|-activate|p2b: Incineroar|move: Protect\n|-damage|p2a: Cofagrigus|49/100\n|move|p2a: Cofagrigus|Will-O-Wisp|p1a: Floette\n|-status|p1a: Floette|brn\n|\n|-weather|Sandstorm|[upkeep]\n|-damage|p1a: Floette|74/100 brn|[from] Sandstorm\n|-damage|p2b: Incineroar|83/100|[from] Sandstorm\n|-damage|p2a: Cofagrigus|43/100|[from] Sandstorm\n|-damage|p1a: Floette|68/100 brn|[from] brn\n|-damage|p1b: Kingambit|0 fnt|[from] brn\n|faint|p1b: Kingambit\n|upkeep\n|\n|t:|1776311220\n|switch|p1b: Sneasler|Sneasler, L50, F|100/100\n|turn|7\n|\n|t:|1776311230\n|move|p2b: Incineroar|Protect||[still]\n|-fail|p2b: Incineroar\n|move|p1b: Sneasler|Fake Out|p2b: Incineroar\n|-damage|p2b: Incineroar|71/100\n|move|p1a: Floette|Dazzling Gleam|p2a: Cofagrigus|[spread] p2a,p2b\n|-damage|p2a: Cofagrigus|0 fnt\n|-damage|p2b: Incineroar|30/100\n|-enditem|p2b: Incineroar|Sitrus Berry|[eat]\n|-heal|p2b: Incineroar|55/100|[from] item: Sitrus Berry\n|faint|p2a: Cofagrigus\n|\n|-weather|none\n|-damage|p1a: Floette|62/100 brn|[from] brn\n|upkeep\n|turn|8\n|\n|t:|1776311246\n|move|p1b: Sneasler|Dire Claw|p2b: Incineroar\n|-damage|p2b: Incineroar|17/100\n|move|p1a: Floette|Dazzling Gleam|p2b: Incineroar\n|-damage|p2b: Incineroar|0 fnt\n|faint|p2b: Incineroar\n|\n|win|oassiswhale\n|raw|oassiswhale's rating: 1000 &rarr; <strong>1040</strong><br />(+40 for winning)\n|raw|XxSlayer717xX's rating: 1000 &rarr; <strong>1000</strong><br />(+0 for losing)\n|l|\u2606oassiswhale\n|player|p1|\n",
  "uploadtime": 1776311255,
  "views": 17,
  "formatid": "gen9championsvgc2026regma",
  "rating": 1000,
  "private": 0,
  "password": null
}