{
  "id": "gen9championsvgc2026regma-2580472399",
  "format": "[Gen 9 Champions] VGC 2026 Reg M-A",
  "players": [
    "Braute",
    "0522kk"
  ],
  "log": "|j|\u2606Braute\n|j|\u26060522kk\n|t:|1775901656\n|gametype|doubles\n|player|p1|Braute|miku-fire|1077\n|player|p2|0522kk|169|1116\n|gen|9\n|tier|[Gen 9 Champions] VGC 2026 Reg M-A\n|rated|\n|rule|Species Clause: Limit one of each Pok\u00e9mon\n|rule|Item Clause: Limit 1 of each item\n|clearpoke\n|poke|p1|Beedrill, L50, M|\n|poke|p1|Dragapult, L50, M|\n|poke|p1|Arcanine-Hisui, L50, F|\n|poke|p1|Sinistcha, L50|\n|poke|p1|Talonflame, L50, M|\n|poke|p1|Basculegion, L50, M|\n|poke|p2|Camerupt, L50, F|\n|poke|p2|Cofagrigus, L50, M|\n|poke|p2|Incineroar, L50, M|\n|poke|p2|Farigiraf, L50, F|\n|poke|p2|Hatterene, L50, F|\n|poke|p2|Snorlax, L50, M|\n|teampreview|4\n|inactive|Battle timer is ON: inactive players will automatically lose when time's up. (requested by Braute)\n|inactive|0522kk also wants the timer to be on.\n|inactive|Braute has 60 seconds left.\n|\n|t:|1775901707\n|teamsize|p1|4\n|teamsize|p2|4\n|start\n|switch|p1a: Basculegion|Basculegion, L50, M|100/100\n|switch|p1b: Arcanine|Arcanine-Hisui, L50, F|100/100\n|switch|p2a: Cofagrigus|Cofagrigus, L50, M|100/100\n|switch|p2b: Incineroar|Incineroar, L50, M|100/100\n|-ability|p1b: Arcanine|Intimidate|boost\n|-unboost|p2a: Cofagrigus|atk|1\n|-unboost|p2b: Incineroar|atk|1\n|-ability|p2b: Incineroar|Intimidate|boost\n|-unboost|p1a: Basculegion|atk|1\n|-unboost|p1b: Arcanine|atk|1\n|-enditem|p1b: Arcanine|White Herb\n|-clearnegativeboost|p1b: Arcanine|[silent]\n|turn|1\n|inactive|Braute has 30 seconds left.\n|inactive|Braute has 20 seconds left.\n|\n|t:|1775901745\n|move|p1b: Arcanine|Protect|p1b: Arcanine\n|-singleturn|p1b: Arcanine|Protect\n|move|p2b: Incineroar|Fake Out|p1b: Arcanine\n|-activate|p1b: Arcanine|move: Protect\n|move|p1a: Basculegion|Flip Turn|p2b: Incineroar\n|-supereffective|p2b: Incineroar|1\n|-damage|p2b: Incineroar|50/100\n|-enditem|p2b: Incineroar|Sitrus Berry|[eat]\n|-heal|p2b: Incineroar|75/100|[from] item: Sitrus Berry\n|\n|t:|1775901752\n|switch|p1a: Sinistcha|Sinistcha, L50|100/100|[from] Flip Turn\n|move|p2a: Cofagrigus|Trick Room|p2a: Cofagrigus\n|-fieldstart|move: Trick Room|[of] p2a: Cofagrigus\n|\n|upkeep\n|turn|2\n|\n|t:|1775901759\n|move|p2a: Cofagrigus|Shadow Ball|p1a: Sinistcha\n|-supereffective|p1a: Sinistcha|1\n|-damage|p1a: Sinistcha|47/100\n|-enditem|p1a: Sinistcha|Sitrus Berry|[eat]\n|-heal|p1a: Sinistcha|71/100|[from] item: Sitrus Berry\n|move|p2b: Incineroar|Flare Blitz|p1a: Sinistcha\n|-supereffective|p1a: Sinistcha|1\n|-damage|p1a: Sinistcha|13/100\n|-damage|p2b: Incineroar|58/100|[from] Recoil\n|move|p1b: Arcanine|Head Smash|p2b: Incineroar\n|-supereffective|p2b: Incineroar|1\n|-damage|p2b: Incineroar|0 fnt\n|faint|p2b: Incineroar\n|-damage|p1b: Arcanine|66/100|[from] Recoil\n|move|p1a: Sinistcha|Trick Room|p1a: Sinistcha\n|-fieldend|move: Trick Room\n|\n|upkeep\n|\n|t:|1775901774\n|switch|p2b: Camerupt|Camerupt, L50, F|100/100\n|turn|3\n|\n|t:|1775901789\n|detailschange|p2b: Camerupt|Camerupt-Mega, L50, F\n|-mega|p2b: Camerupt|Camerupt|Cameruptite\n|move|p2b: Camerupt|Protect|p2b: Camerupt\n|-singleturn|p2b: Camerupt|Protect\n|move|p1b: Arcanine|Head Smash|p2a: Cofagrigus|[miss]\n|-miss|p1b: Arcanine|p2a: Cofagrigus\n|move|p1a: Sinistcha|Matcha Gotcha|p2b: Camerupt|[spread] p2a\n|-activate|p2b: Camerupt|move: Protect\n|-damage|p2a: Cofagrigus|76/100\n|-heal|p1a: Sinistcha|24/100|[from] drain|[of] p2a: Cofagrigus\n|move|p2a: Cofagrigus|Shadow Ball|p1a: Sinistcha\n|-supereffective|p1a: Sinistcha|1\n|-damage|p1a: Sinistcha|0 fnt\n|faint|p1a: Sinistcha\n|\n|upkeep\n|\n|t:|1775901805\n|switch|p1a: Basculegion|Basculegion, L50, M|100/100\n|turn|4\n|\n|t:|1775901813\n|switch|p2b: Farigiraf|Farigiraf, L50, F|100/100\n|move|p1a: Basculegion|Wave Crash|p2b: Farigiraf\n|-damage|p2b: Farigiraf|19/100\n|-damage|p1a: Basculegion|69/100|[from] Recoil\n|move|p1b: Arcanine|Flare Blitz|p2a: Cofagrigus\n|-damage|p2a: Cofagrigus|36/100\n|-activate|p2a: Cofagrigus|ability: Mummy|p1b: Arcanine|[ability] Intimidate\n|-damage|p1b: Arcanine|53/100|[from] Recoil\n|move|p2a: Cofagrigus|Trick Room|p2a: Cofagrigus\n|-fieldstart|move: Trick Room|[of] p2a: Cofagrigus\n|\n|upkeep\n|turn|5\n|\n|t:|1775901830\n|move|p2a: Cofagrigus|Shadow Ball|p1b: Arcanine\n|-damage|p1b: Arcanine|14/100\n|-unboost|p1b: Arcanine|spd|1\n|move|p2b: Farigiraf|Foul Play|p1a: Basculegion\n|-supereffective|p1a: Basculegion|1\n|-damage|p1a: Basculegion|0 fnt\n|faint|p1a: Basculegion\n|move|p1b: Arcanine|Flare Blitz|p2b: Farigiraf\n|-damage|p2b: Farigiraf|0 fnt\n|faint|p2b: Farigiraf\n|-damage|p1b: Arcanine|6/100|[from] Recoil\n|\n|upkeep\n|\n|t:|1775901838\n|switch|p2b: Camerupt|Camerupt-Mega, L50, F|100/100\n|switch|p1a: Beedrill|Beedrill, L50, M, shiny|100/100\n|turn|6\n|\n|t:|1775901846\n|detailschange|p1a: Beedrill|Beedrill-Mega, L50, M, shiny\n|-mega|p1a: Beedrill|Beedrill|Beedrillite\n|move|p1b: Arcanine|Extreme Speed|p2b: Camerupt\n|-damage|p2b: Camerupt|71/100\n|move|p2b: Camerupt|Eruption|p1a: Beedrill|[spread] p1a,p1b\n|-supereffective|p1a: Beedrill|1\n|-crit|p1a: Beedrill\n|-resisted|p1b: Arcanine|2\n|-crit|p1b: Arcanine\n|-damage|p1a: Beedrill|0 fnt\n|-damage|p1b: Arcanine|0 fnt\n|faint|p1a: Beedrill\n|faint|p1b: Arcanine\n|\n|win|0522kk\n|raw|Braute's rating: 1077 &rarr; <strong>1058</strong><br />(-19 for losing)\n|raw|0522kk's rating: 1116 &rarr; <strong>1138</strong><br />(+22 for winning)\n",
  "uploadtime": 1775901847,
  "views": 14,
  "formatid": "gen9championsvgc2026regma",
  "rating": 1058,
  "private": 0,
  "password": null
}