{
  "id": "gen9championsvgc2026regma-2581194370",
  "format": "[Gen 9 Champions] VGC 2026 Reg M-A",
  "players": [
    "ChickenZx",
    "Phatedfool"
  ],
  "log": "|j|\u2606ChickenZx\n|j|\u2606Phatedfool\n|t:|1775969350\n|gametype|doubles\n|player|p1|ChickenZx|265|\n|player|p2|Phatedfool|265|\n|gen|9\n|tier|[Gen 9 Champions] VGC 2026 Reg M-A\n|rated|Tournament battle\n|rule|Species Clause: Limit one of each Pok\u00e9mon\n|rule|Item Clause: Limit 1 of each item\n|clearpoke\n|poke|p1|Lopunny, L50, F|\n|poke|p1|Farigiraf, L50, M|\n|poke|p1|Aegislash, L50, F|\n|poke|p1|Torkoal, L50, F|\n|poke|p1|Typhlosion-Hisui, L50, M|\n|poke|p1|Hatterene, L50, F|\n|poke|p2|Whimsicott, L50, M|\n|poke|p2|Venusaur, L50, M|\n|poke|p2|Charizard, L50, M|\n|poke|p2|Typhlosion-Hisui, L50, F|\n|poke|p2|Rotom-Wash, L50|\n|poke|p2|Garchomp, L50, M|\n|teampreview|4\n|c|\u2606Phatedfool|gl :D\n|c|\u2606ChickenZx|glhf\n|\n|t:|1775969387\n|teamsize|p1|4\n|teamsize|p2|4\n|start\n|switch|p1a: Lopunny|Lopunny, L50, F, shiny|100/100\n|switch|p1b: Farigiraf|Farigiraf, L50, M, shiny|100/100\n|switch|p2a: Charizard|Charizard, L50, M|100/100\n|switch|p2b: Venusaur|Venusaur, L50, M|100/100\n|turn|1\n|\n|t:|1775969416\n|detailschange|p2a: Charizard|Charizard-Mega-Y, L50, M\n|-mega|p2a: Charizard|Charizard|Charizardite Y\n|-weather|SunnyDay|[from] ability: Drought|[of] p2a: Charizard\n|detailschange|p1a: Lopunny|Lopunny-Mega, L50, F, shiny\n|-mega|p1a: Lopunny|Lopunny|Lopunnite\n|move|p1a: Lopunny|Fake Out|p2a: Charizard\n|-crit|p2a: Charizard\n|-damage|p2a: Charizard|53/100\n|move|p2b: Venusaur|Sleep Powder|p1b: Farigiraf\n|-status|p1b: Farigiraf|slp|[from] move: Sleep Powder\n|cant|p2a: Charizard|flinch\n|cant|p1b: Farigiraf|slp\n|\n|-weather|SunnyDay|[upkeep]\n|upkeep\n|turn|2\n|c|\u2606Phatedfool|god that thing smacks lmao\n|\n|t:|1775969436\n|move|p2b: Venusaur|Solar Beam||[still]\n|-prepare|p2b: Venusaur|Solar Beam\n|-anim|p2b: Venusaur|Solar Beam|p1a: Lopunny\n|-damage|p1a: Lopunny|26/100\n|move|p1a: Lopunny|Triple Axel|p2a: Charizard\n|-damage|p2a: Charizard|41/100\n|-damage|p2a: Charizard|17/100\n|-damage|p2a: Charizard|0 fnt\n|faint|p2a: Charizard\n|-hitcount|p2: Charizard|3\n|-curestatus|p1b: Farigiraf|slp|[msg]\n|move|p1b: Farigiraf|Psychic|p2b: Venusaur\n|-supereffective|p2b: Venusaur|1\n|-damage|p2b: Venusaur|0 fnt\n|faint|p2b: Venusaur\n|\n|-weather|SunnyDay|[upkeep]\n|upkeep\n|\n|t:|1775969451\n|switch|p2a: Garchomp|Garchomp, L50, M|100/100\n|switch|p2b: Rotom|Rotom-Wash, L50|100/100\n|turn|3\n|\n|t:|1775969461\n|move|p1a: Lopunny|Close Combat|p2b: Rotom\n|-damage|p2b: Rotom|41/100\n|-unboost|p1a: Lopunny|def|1\n|-unboost|p1a: Lopunny|spd|1\n|-enditem|p2b: Rotom|Sitrus Berry|[eat]\n|-heal|p2b: Rotom|65/100|[from] item: Sitrus Berry\n|move|p2a: Garchomp|Earthquake|p1a: Lopunny|[spread] p1a,p1b\n|-immune|p2b: Rotom|[from] ability: Levitate\n|-damage|p1a: Lopunny|0 fnt\n|-damage|p1b: Farigiraf|63/100\n|faint|p1a: Lopunny\n|move|p2b: Rotom|Hydro Pump|p1b: Farigiraf\n|-damage|p1b: Farigiraf|43/100\n|-enditem|p1b: Farigiraf|Sitrus Berry|[eat]\n|-heal|p1b: Farigiraf|68/100|[from] item: Sitrus Berry\n|move|p1b: Farigiraf|Trick Room|p1b: Farigiraf\n|-fieldstart|move: Trick Room|[of] p1b: Farigiraf\n|\n|-weather|SunnyDay|[upkeep]\n|upkeep\n|\n|t:|1775969478\n|switch|p1a: Hatterene|Hatterene, L50, F|100/100\n|turn|4\n|j| Teeam Rocket\n|\n|t:|1775969487\n|move|p2b: Rotom|Protect|p2b: Rotom\n|-singleturn|p2b: Rotom|Protect\n|move|p2a: Garchomp|Protect|p2a: Garchomp\n|-singleturn|p2a: Garchomp|Protect\n|move|p1a: Hatterene|Dazzling Gleam|p2a: Garchomp|[spread] \n|-activate|p2a: Garchomp|move: Protect\n|-activate|p2b: Rotom|move: Protect\n|move|p1b: Farigiraf|Hyper Voice|p2b: Rotom|[spread] \n|-activate|p2a: Garchomp|move: Protect\n|-activate|p2b: Rotom|move: Protect\n|\n|-weather|SunnyDay|[upkeep]\n|upkeep\n|turn|5\n|\n|t:|1775969520\n|move|p1a: Hatterene|Dazzling Gleam|p2a: Garchomp|[spread] p2a,p2b\n|-supereffective|p2a: Garchomp|1\n|-damage|p2a: Garchomp|9/100\n|-damage|p2b: Rotom|23/100\n|move|p1b: Farigiraf|Hyper Voice|p2a: Garchomp|[spread] p2a,p2b\n|-damage|p2a: Garchomp|0 fnt\n|-damage|p2b: Rotom|0 fnt\n|faint|p2a: Garchomp\n|faint|p2b: Rotom\n|\n|win|ChickenZx\n|n|\u2606ChickenZx|chickenzx\n|n|\u2606Phatedfool|phatedfool\n|n| Teeam Rocket|teeamrocket\n|l|\u2606Phatedfool\n|player|p2|\n|c|\u2606ChickenZx|gg\n",
  "uploadtime": 1775969543,
  "views": 13,
  "formatid": "gen9championsvgc2026regma",
  "rating": null,
  "private": 0,
  "password": null
}