{
  "id": "gen9championsvgc2026regma-2583715557",
  "format": "[Gen 9 Champions] VGC 2026 Reg M-A",
  "players": [
    "Mask4M",
    "crackedcroc"
  ],
  "log": "|j|\u2606Mask4M\n|j|\u2606crackedcroc\n|t:|1776192820\n|gametype|doubles\n|player|p1|Mask4M|101|1079\n|player|p2|crackedcroc|hiker|1075\n|gen|9\n|tier|[Gen 9 Champions] VGC 2026 Reg M-A\n|rated|\n|rule|Species Clause: Limit one of each Pok\u00e9mon\n|rule|Item Clause: Limit 1 of each item\n|clearpoke\n|poke|p1|Glimmora, L50, F|\n|poke|p1|Dragonite, L50, F|\n|poke|p1|Sneasler, L50, M|\n|poke|p1|Incineroar, L50, F|\n|poke|p1|Whimsicott, L50, M|\n|poke|p1|Rotom-Wash, L50|\n|poke|p2|Tyranitar, L50, M|\n|poke|p2|Meowscarada, L50, M|\n|poke|p2|Rotom-Wash, L50|\n|poke|p2|Talonflame, L50, M|\n|poke|p2|Excadrill, L50, F|\n|poke|p2|Slowking-Galar, L50, F|\n|teampreview|4\n|inactive|Battle timer is ON: inactive players will automatically lose when time's up. (requested by Mask4M)\nMask4M has agreed to open team sheets.\n|inactive|Mask4M has 60 seconds left.\n|\n|t:|1776192865\n|teamsize|p1|4\n|teamsize|p2|4\n|start\n|switch|p1a: Sneasler|Sneasler, L50, M|100/100\n|switch|p1b: Whimsicott|Whimsicott, L50, M|100/100\n|switch|p2a: Talonflame|Talonflame, L50, M|100/100\n|switch|p2b: Slowking|Slowking-Galar, L50, F|100/100\n|turn|1\n|\n|t:|1776192890\n|move|p1a: Sneasler|Fake Out|p2a: Talonflame\n|-damage|p2a: Talonflame|77/100\n|move|p1b: Whimsicott|Tailwind|p1b: Whimsicott\n|-sidestart|p1: Mask4M|move: Tailwind\n|cant|p2a: Talonflame|flinch\n|move|p2b: Slowking|Psychic|p1a: Sneasler\n|-supereffective|p1a: Sneasler|2\n|-damage|p1a: Sneasler|0 fnt\n|faint|p1a: Sneasler\n|\n|upkeep\n|\n|t:|1776192904\n|switch|p1a: Glimmora|Glimmora, L50, F|100/100\n|turn|2\n|inactive|Mask4M has 30 seconds left.\n|\n|t:|1776192931\n|switch|p2a: Tyranitar|Tyranitar, L50, M, shiny|100/100\n|-weather|Sandstorm|[from] ability: Sand Stream|[of] p2a: Tyranitar\n|move|p1a: Glimmora|Spiky Shield|p1a: Glimmora\n|-singleturn|p1a: Glimmora|move: Protect\n|move|p1b: Whimsicott|Moonblast|p2b: Slowking\n|-resisted|p2b: Slowking|1\n|-damage|p2b: Slowking|85/100\n|move|p2b: Slowking|Trick Room|p2b: Slowking\n|-fieldstart|move: Trick Room|[of] p2b: Slowking\n|\n|-weather|Sandstorm|[upkeep]\n|-damage|p2b: Slowking|79/100|[from] Sandstorm\n|-damage|p1b: Whimsicott|95/100|[from] Sandstorm\n|upkeep\n|turn|3\n|inactive|Mask4M has 30 seconds left.\n|inactive|crackedcroc has 30 seconds left.\n|\n|t:|1776192963\n|switch|p1a: Rotom|Rotom-Wash, L50|100/100\n|move|p2a: Tyranitar|Protect|p2a: Tyranitar\n|-singleturn|p2a: Tyranitar|Protect\n|move|p1b: Whimsicott|Encore|p2b: Slowking\n|-start|p2b: Slowking|Encore\n|move|p2b: Slowking|Trick Room|p2b: Slowking\n|-fieldend|move: Trick Room\n|\n|-weather|Sandstorm|[upkeep]\n|-damage|p1a: Rotom|95/100|[from] Sandstorm\n|-damage|p1b: Whimsicott|89/100|[from] Sandstorm\n|-damage|p2b: Slowking|73/100|[from] Sandstorm\n|upkeep\n|turn|4\n|inactive|Mask4M has 30 seconds left.\n|inactive|crackedcroc has 30 seconds left.\n|inactive|crackedcroc has 20 seconds left.\n|inactive|crackedcroc has 15 seconds left.\n|inactive|crackedcroc has 10 seconds left.\n|\n|t:|1776193010\n|switch|p2a: Talonflame|Talonflame, L50, M|77/100\n|move|p1a: Rotom|Volt Switch|p2b: Slowking\n|-crit|p2b: Slowking\n|-damage|p2b: Slowking|37/100\n|-enditem|p2b: Slowking|Sitrus Berry|[eat]\n|-heal|p2b: Slowking|61/100|[from] item: Sitrus Berry\n|\n|t:|1776193019\n|switch|p1a: Glimmora|Glimmora, L50, F|100/100|[from] Volt Switch\n|move|p1b: Whimsicott|Moonblast|p2a: Talonflame\n|-resisted|p2a: Talonflame|1\n|-damage|p2a: Talonflame|46/100\n|move|p2b: Slowking|Trick Room|p2b: Slowking\n|-fieldstart|move: Trick Room|[of] p2b: Slowking\n|\n|-weather|Sandstorm|[upkeep]\n|-damage|p2b: Slowking|55/100|[from] Sandstorm\n|-damage|p2a: Talonflame|40/100|[from] Sandstorm\n|-damage|p1b: Whimsicott|83/100|[from] Sandstorm\n|-sideend|p1: Mask4M|move: Tailwind\n|upkeep\n|turn|5\n|inactive|Mask4M has 30 seconds left.\n|inactive|crackedcroc has 30 seconds left.\n|inactive|crackedcroc has 20 seconds left.\n|\n|t:|1776193055\n|switch|p2b: Tyranitar|Tyranitar, L50, M, shiny|100/100\n|switch|p1b: Rotom|Rotom-Wash, L50|95/100\n|detailschange|p1a: Glimmora|Glimmora-Mega, L50, F\n|-mega|p1a: Glimmora|Glimmora|Glimmoranite\n|move|p1a: Glimmora|Earth Power|p2b: Tyranitar\n|-supereffective|p2b: Tyranitar|1\n|-damage|p2b: Tyranitar|61/100\n|move|p2a: Talonflame|Flare Blitz|p1b: Rotom\n|-resisted|p1b: Rotom|1\n|-damage|p1b: Rotom|64/100\n|-damage|p2a: Talonflame|31/100|[from] Recoil\n|\n|-weather|Sandstorm|[upkeep]\n|-damage|p2a: Talonflame|25/100|[from] Sandstorm\n|-damage|p1b: Rotom|59/100|[from] Sandstorm\n|upkeep\n|turn|6\n|inactive|Mask4M has 30 seconds left.\n|inactive|crackedcroc has 30 seconds left.\n|inactive|Mask4M has 20 seconds left.\n|inactive|crackedcroc has 20 seconds left.\n|inactive|Mask4M has 15 seconds left.\n|inactive|crackedcroc has 15 seconds left.\n|inactive|Mask4M has 10 seconds left.\n|inactive|Mask4M has 5 seconds left.\n|\n|t:|1776193107\n|switch|p2a: Slowking|Slowking-Galar, L50, F|89/100\n|detailschange|p2b: Tyranitar|Tyranitar-Mega, L50, M, shiny\n|-mega|p2b: Tyranitar|Tyranitar|Tyranitarite\n|move|p2b: Tyranitar|Knock Off|p1b: Rotom\n|-damage|p1b: Rotom|0 fnt\n|-enditem|p1b: Rotom|Choice Scarf|[from] move: Knock Off|[of] p2b: Tyranitar\n|faint|p1b: Rotom\n|move|p1a: Glimmora|Earth Power|p2b: Tyranitar\n|-supereffective|p2b: Tyranitar|1\n|-damage|p2b: Tyranitar|25/100\n|\n|-weather|none\n|upkeep\n|\n|t:|1776193118\n|switch|p1b: Whimsicott|Whimsicott, L50, M|83/100\n|turn|7\n|\n|t:|1776193138\n|switch|p2b: Excadrill|Excadrill, L50, F|100/100\n|move|p2a: Slowking|Psychic|p1a: Glimmora\n|-supereffective|p1a: Glimmora|1\n|-damage|p1a: Glimmora|0 fnt\n|faint|p1a: Glimmora\n|move|p1b: Whimsicott|Moonblast|p2b: Excadrill\n|-resisted|p2b: Excadrill|1\n|-damage|p2b: Excadrill|75/100\n|\n|upkeep\n|turn|8\n|-message|Mask4M forfeited.\n|\n|win|crackedcroc\n|raw|Mask4M's rating: 1079 &rarr; <strong>1057</strong><br />(-22 for losing)\n|raw|crackedcroc's rating: 1075 &rarr; <strong>1104</strong><br />(+29 for winning)\n|l|\u2606crackedcroc\n|player|p2|\n",
  "uploadtime": 1776193152,
  "views": 27,
  "formatid": "gen9championsvgc2026regma",
  "rating": 1057,
  "private": 0,
  "password": null
}