{
  "id": "gen9championsvgc2026regma-2587929317",
  "format": "[Gen 9 Champions] VGC 2026 Reg M-A",
  "players": [
    "aggsapphire",
    "mqmqmqmqmqmqmqmq"
  ],
  "log": "|j|\u2606aggsapphire\n|j|\u2606mqmqmqmqmqmqmqmq\n|t:|1776580488\n|gametype|doubles\n|player|p1|aggsapphire|265|1309\n|player|p2|mqmqmqmqmqmqmqmq|265|1227\n|gen|9\n|tier|[Gen 9 Champions] VGC 2026 Reg M-A\n|rated|\n|rule|Species Clause: Limit one of each Pok\u00e9mon\n|rule|Item Clause: Limit 1 of each item\n|clearpoke\n|poke|p1|Floette-Eternal, L50, F|\n|poke|p1|Corviknight, L50, M|\n|poke|p1|Sinistcha, L50|\n|poke|p1|Politoed, L50, M|\n|poke|p1|Tyranitar, L50, F|\n|poke|p1|Incineroar, L50, M|\n|poke|p2|Floette-Eternal, L50, F|\n|poke|p2|Incineroar, L50, F, shiny|\n|poke|p2|Garchomp, L50, F, shiny|\n|poke|p2|Aerodactyl, L50, F, shiny|\n|poke|p2|Sinistcha-Masterpiece, L50, shiny|\n|poke|p2|Rotom-Wash, L50|\n|teampreview|4\n|\n|t:|1776580514\n|teamsize|p1|4\n|teamsize|p2|4\n|start\n|switch|p1a: Corviknight|Corviknight, L50, M|100/100\n|switch|p1b: Incineroar|Incineroar, L50, M|100/100\n|switch|p2a: Rotom|Rotom-Wash, L50|100/100\n|switch|p2b: Incineroar|Incineroar, L50, F, shiny|100/100\n|-ability|p2b: Incineroar|Intimidate|boost\n|-ability|p1a: Corviknight|Mirror Armor\n|-unboost|p2b: Incineroar|atk|1\n|-unboost|p1b: Incineroar|atk|1\n|-ability|p1b: Incineroar|Intimidate|boost\n|-unboost|p2a: Rotom|atk|1\n|-unboost|p2b: Incineroar|atk|1\n|turn|1\n|\n|t:|1776580532\n|move|p2b: Incineroar|Fake Out|p1a: Corviknight\n|-resisted|p1a: Corviknight|1\n|-damage|p1a: Corviknight|99/100\n|move|p1b: Incineroar|Fake Out|p2a: Rotom\n|-damage|p2a: Rotom|89/100\n|cant|p2a: Rotom|flinch\n|cant|p1a: Corviknight|flinch\n|\n|upkeep\n|turn|2\n|\n|t:|1776580548\n|move|p2a: Rotom|Trick|p1a: Corviknight\n|-activate|p2a: Rotom|move: Trick|[of] p1a: Corviknight\n|-item|p1a: Corviknight|Choice Scarf|[from] move: Trick\n|-item|p2a: Rotom|Bright Powder|[from] move: Trick\n|move|p1a: Corviknight|Bulk Up|p1a: Corviknight\n|-boost|p1a: Corviknight|atk|1\n|-boost|p1a: Corviknight|def|1\n|move|p2b: Incineroar|Parting Shot|p1b: Incineroar\n|-unboost|p1b: Incineroar|atk|1\n|-unboost|p1b: Incineroar|spa|1\n|\n|t:|1776580557\n|switch|p2b: Sinistcha|Sinistcha-Masterpiece, L50, shiny|100/100|[from] Parting Shot\n|-heal|p2a: Rotom|100/100|[from] ability: Hospitality|[of] p2b: Sinistcha\n|move|p1b: Incineroar|Parting Shot|p2a: Rotom\n|-unboost|p2a: Rotom|atk|1\n|-unboost|p2a: Rotom|spa|1\n|\n|t:|1776580566\n|switch|p1b: Sinistcha|Sinistcha, L50|100/100|[from] Parting Shot\n|-heal|p1a: Corviknight|100/100|[from] ability: Hospitality|[of] p1b: Sinistcha\n|\n|upkeep\n|turn|3\n|\n|t:|1776580592\n|switch|p1a: Floette|Floette-Eternal, L50, F|100/100\n|move|p2a: Rotom|Volt Switch|p1a: Floette\n|-damage|p1a: Floette|82/100\n|\n|t:|1776580600\n|switch|p2a: Incineroar|Incineroar, L50, F, shiny|100/100|[from] Volt Switch\n|-ability|p2a: Incineroar|Intimidate|boost\n|-unboost|p1a: Floette|atk|1\n|-block|p1b: Sinistcha|ability: Flower Veil|[of] p1a: Floette\n|move|p2b: Sinistcha|Matcha Gotcha|p1b: Sinistcha|[spread] p1a,p1b\n|-crit|p1a: Floette\n|-resisted|p1b: Sinistcha|1\n|-damage|p1a: Floette|55/100\n|-damage|p1b: Sinistcha|90/100\n|move|p1b: Sinistcha|Matcha Gotcha|p2b: Sinistcha|[spread] p2a\n|-miss|p1b: Sinistcha|p2b: Sinistcha\n|-resisted|p2a: Incineroar|1\n|-damage|p2a: Incineroar|92/100\n|-heal|p1b: Sinistcha|95/100|[from] drain|[of] p2a: Incineroar\n|\n|upkeep\n|turn|4\n|\n|t:|1776580639\n|switch|p2b: Floette|Floette-Eternal, L50, F|100/100\n|switch|p1b: Incineroar|Incineroar, L50, M|100/100\n|-ability|p1b: Incineroar|Intimidate|boost\n|-unboost|p2a: Incineroar|atk|1\n|-unboost|p2b: Floette|atk|1\n|detailschange|p1a: Floette|Floette-Mega, L50, F\n|-mega|p1a: Floette|Floette|Floettite\n|-ability|p1a: Floette|Fairy Aura\n|move|p2a: Incineroar|Fake Out|p1a: Floette\n|-damage|p1a: Floette|47/100\n|cant|p1a: Floette|flinch\n|\n|upkeep\n|turn|5\n|\n|t:|1776580687\n|detailschange|p2b: Floette|Floette-Mega, L50, F\n|-mega|p2b: Floette|Floette|Floettite\n|-ability|p2b: Floette|Fairy Aura\n|move|p2b: Floette|Protect|p2b: Floette\n|-singleturn|p2b: Floette|Protect\n|move|p1b: Incineroar|Fake Out|p2b: Floette\n|-activate|p2b: Floette|move: Protect\n|move|p1a: Floette|Calm Mind|p1a: Floette\n|-boost|p1a: Floette|spa|1\n|-boost|p1a: Floette|spd|1\n|move|p2a: Incineroar|Flare Blitz|p1a: Floette\n|-damage|p1a: Floette|17/100\n|-damage|p2a: Incineroar|83/100|[from] Recoil\n|\n|upkeep\n|turn|6\n|\n|t:|1776580710\n|move|p1a: Floette|Protect|p1a: Floette\n|-singleturn|p1a: Floette|Protect\n|move|p2b: Floette|Dazzling Gleam|p1a: Floette|[spread] p1b\n|-activate|p1a: Floette|move: Protect\n|-damage|p1b: Incineroar|61/100\n|move|p2a: Incineroar|Parting Shot|p1a: Floette\n|-activate|p1a: Floette|move: Protect\n|move|p1b: Incineroar|Parting Shot|p2b: Floette\n|-unboost|p2b: Floette|atk|1\n|-unboost|p2b: Floette|spa|1\n|\n|t:|1776580723\n|switch|p1b: Sinistcha|Sinistcha, L50|95/100|[from] Parting Shot\n|-heal|p1a: Floette|42/100|[from] ability: Hospitality|[of] p1b: Sinistcha\n|\n|upkeep\n|turn|7\n|\n|t:|1776580756\n|switch|p2a: Rotom|Rotom-Wash, L50|100/100\n|move|p2b: Floette|Protect|p2b: Floette\n|-singleturn|p2b: Floette|Protect\n|move|p1a: Floette|Dazzling Gleam|p2b: Floette|[spread] p2a\n|-activate|p2b: Floette|move: Protect\n|-damage|p2a: Rotom|8/100\n|move|p1b: Sinistcha|Life Dew|p1b: Sinistcha|[spread] p1a,p1b\n|-heal|p1a: Floette|67/100\n|-heal|p1b: Sinistcha|100/100\n|\n|upkeep\n|turn|8\n|\n|t:|1776580782\n|switch|p2b: Sinistcha|Sinistcha-Masterpiece, L50, shiny|100/100\n|-heal|p2a: Rotom|33/100|[from] ability: Hospitality|[of] p2b: Sinistcha\n|move|p2a: Rotom|Trick|p1b: Sinistcha\n|-activate|p2a: Rotom|move: Trick|[of] p1b: Sinistcha\n|-item|p1b: Sinistcha|Bright Powder|[from] move: Trick\n|-item|p2a: Rotom|Sitrus Berry|[from] move: Trick\n|-enditem|p2a: Rotom|Sitrus Berry|[eat]\n|-heal|p2a: Rotom|58/100|[from] item: Sitrus Berry\n|move|p1a: Floette|Dazzling Gleam|p2a: Rotom|[spread] p2a,p2b\n|-damage|p2a: Rotom|0 fnt\n|-damage|p2b: Sinistcha|48/100\n|-enditem|p2b: Sinistcha|Sitrus Berry|[eat]\n|-heal|p2b: Sinistcha|73/100|[from] item: Sitrus Berry\n|faint|p2a: Rotom\n|move|p1b: Sinistcha|Life Dew||[still]|[spread] p1a,p1b\n|-heal|p1a: Floette|92/100\n|-fail|p1b: Sinistcha|heal\n|\n|upkeep\n|\n|t:|1776580796\n|switch|p2a: Incineroar|Incineroar, L50, F, shiny|83/100\n|-ability|p2a: Incineroar|Intimidate|boost\n|-unboost|p1a: Floette|atk|1\n|-unboost|p1b: Sinistcha|atk|1\n|turn|9\n|\n|t:|1776580815\n|switch|p2b: Floette|Floette-Mega, L50, F|100/100\n|-ability|p2b: Floette|Fairy Aura\n|switch|p1b: Incineroar|Incineroar, L50, M|61/100\n|-ability|p1b: Incineroar|Intimidate|boost\n|-unboost|p2a: Incineroar|atk|1\n|-unboost|p2b: Floette|atk|1\n|move|p2a: Incineroar|Fake Out|p1a: Floette\n|-damage|p1a: Floette|84/100\n|cant|p1a: Floette|flinch\n|\n|upkeep\n|turn|10\n|\n|t:|1776580840\n|move|p2b: Floette|Protect|p2b: Floette\n|-singleturn|p2b: Floette|Protect\n|move|p1b: Incineroar|Fake Out|p2a: Incineroar\n|-damage|p2a: Incineroar|74/100\n|move|p1a: Floette|Calm Mind|p1a: Floette\n|-boost|p1a: Floette|spa|1\n|-boost|p1a: Floette|spd|1\n|cant|p2a: Incineroar|flinch\n|\n|upkeep\n|turn|11\n|\n|t:|1776580860\n|switch|p2b: Sinistcha|Sinistcha-Masterpiece, L50, shiny|73/100\n|-heal|p2a: Incineroar|99/100|[from] ability: Hospitality|[of] p2b: Sinistcha\n|move|p1a: Floette|Moonblast|p2a: Incineroar\n|-damage|p2a: Incineroar|3/100\n|move|p2a: Incineroar|Flare Blitz|p1a: Floette\n|-damage|p1a: Floette|57/100\n|-damage|p2a: Incineroar|0 fnt|[from] Recoil\n|faint|p2a: Incineroar\n|move|p1b: Incineroar|Parting Shot|p2b: Sinistcha\n|-unboost|p2b: Sinistcha|atk|1\n|-unboost|p2b: Sinistcha|spa|1\n|-message|mqmqmqmqmqmqmqmq forfeited.\n|\n|win|aggsapphire\n|raw|aggsapphire's rating: 1309 &rarr; <strong>1324</strong><br />(+15 for winning)\n|raw|mqmqmqmqmqmqmqmq's rating: 1227 &rarr; <strong>1208</strong><br />(-19 for losing)\n|l|\u2606mqmqmqmqmqmqmqmq\n|player|p2|\n",
  "uploadtime": 1776580883,
  "views": 11,
  "formatid": "gen9championsvgc2026regma",
  "rating": 1208,
  "private": 0,
  "password": null
}