{
  "id": "gen9championsvgc2026regma-2585711156",
  "format": "[Gen 9 Champions] VGC 2026 Reg M-A",
  "players": [
    "Dogetrooper",
    "TroyaZ"
  ],
  "log": "|j|\u2606Dogetrooper\n|j|\u2606TroyaZ\n|t:|1776365337\n|gametype|doubles\n|player|p1|Dogetrooper|169|1176\n|player|p2|TroyaZ|2|1276\n|gen|9\n|tier|[Gen 9 Champions] VGC 2026 Reg M-A\n|rated|\n|rule|Species Clause: Limit one of each Pok\u00e9mon\n|rule|Item Clause: Limit 1 of each item\n|clearpoke\n|poke|p1|Gengar, L50, F|\n|poke|p1|Incineroar, L50, M|\n|poke|p1|Tinkaton, L50, F|\n|poke|p1|Hydrapple, L50, F|\n|poke|p1|Palafin, L50, M|\n|poke|p1|Sinistcha-Masterpiece, L50|\n|poke|p2|Pelipper, L50, F|\n|poke|p2|Sneasler, L50, F|\n|poke|p2|Dragonite, L50, F|\n|poke|p2|Sinistcha, L50|\n|poke|p2|Kingambit, L50, F|\n|poke|p2|Garchomp, L50, M|\n|teampreview|4\n|inactive|Battle timer is ON: inactive players will automatically lose when time's up. (requested by Dogetrooper)\n|inactive|Dogetrooper has 60 seconds left.\n|inactive|TroyaZ has 60 seconds left.\n|inactive|TroyaZ has 30 seconds left.\n|inactive|TroyaZ has 20 seconds left.\n|inactive|TroyaZ has 15 seconds left.\n|inactive|TroyaZ has 10 seconds left.\n|inactive|TroyaZ has 5 seconds left.\n|\n|t:|1776365428\n|teamsize|p1|4\n|teamsize|p2|4\n|start\n|switch|p1a: Palafin|Palafin, L50, M|100/100\n|switch|p1b: Gengar|Gengar, L50, F|100/100\n|switch|p2a: Sneasler|Sneasler, L50, F|100/100\n|switch|p2b: Kingambit|Kingambit, L50, F|100/100\n|turn|1\n|\n|t:|1776365448\n|detailschange|p1a: Palafin|Palafin-Hero, L50, M\n|switch|p1a: Hydrapple|Hydrapple, L50, F|100/100\n|detailschange|p1b: Gengar|Gengar-Mega, L50, F\n|-mega|p1b: Gengar|Gengar|Gengarite\n|move|p2a: Sneasler|Fake Out|p1a: Hydrapple\n|-damage|p1a: Hydrapple|93/100\n|move|p1b: Gengar|Substitute|p1b: Gengar\n|-start|p1b: Gengar|Substitute\n|-damage|p1b: Gengar|76/100\n|move|p2b: Kingambit|Kowtow Cleave|p1b: Gengar\n|-supereffective|p1b: Gengar|1\n|-end|p1b: Gengar|Substitute\n|\n|-heal|p1a: Hydrapple|99/100|[from] item: Leftovers\n|upkeep\n|turn|2\n|inactive|TroyaZ has 30 seconds left.\n|inactive|TroyaZ has 20 seconds left.\n|inactive|Dogetrooper has 30 seconds left.\n|inactive|TroyaZ has 15 seconds left.\n|inactive|Dogetrooper has 20 seconds left.\n|\n|t:|1776365499\n|move|p1b: Gengar|Substitute|p1b: Gengar\n|-start|p1b: Gengar|Substitute\n|-damage|p1b: Gengar|51/100\n|move|p2a: Sneasler|Close Combat|p1a: Hydrapple\n|-damage|p1a: Hydrapple|65/100\n|-unboost|p2a: Sneasler|def|1\n|-unboost|p2a: Sneasler|spd|1\n|-enditem|p2a: Sneasler|White Herb\n|-clearnegativeboost|p2a: Sneasler|[silent]\n|move|p2b: Kingambit|Kowtow Cleave|p1b: Gengar\n|-supereffective|p1b: Gengar|1\n|-end|p1b: Gengar|Substitute\n|move|p1a: Hydrapple|Yawn|p2b: Kingambit\n|-start|p2b: Kingambit|move: Yawn|[of] p1a: Hydrapple\n|\n|-heal|p1a: Hydrapple|71/100|[from] item: Leftovers\n|upkeep\n|turn|3\n|inactive|TroyaZ has 30 seconds left.\n|\n|t:|1776365527\n|move|p1b: Gengar|Protect|p1b: Gengar\n|-singleturn|p1b: Gengar|Protect\n|move|p1a: Hydrapple|Protect|p1a: Hydrapple\n|-singleturn|p1a: Hydrapple|Protect\n|move|p2a: Sneasler|Dire Claw|p1a: Hydrapple\n|-activate|p1a: Hydrapple|move: Protect\n|move|p2b: Kingambit|Kowtow Cleave|p1b: Gengar\n|-activate|p1b: Gengar|move: Protect\n|\n|-heal|p1a: Hydrapple|77/100|[from] item: Leftovers\n|-end|p2b: Kingambit|move: Yawn|[silent]\n|-status|p2b: Kingambit|slp\n|upkeep\n|turn|4\n|\n|t:|1776365551\n|switch|p1a: Sinistcha|Sinistcha-Masterpiece, L50|100/100\n|-heal|p1b: Gengar|76/100|[from] ability: Hospitality|[of] p1a: Sinistcha\n|move|p2a: Sneasler|Taunt|p1b: Gengar\n|-start|p1b: Gengar|move: Taunt\n|cant|p1b: Gengar|move: Taunt|Perish Song\n|cant|p2b: Kingambit|slp\n|\n|upkeep\n|turn|5\n|\n|t:|1776365571\n|switch|p1b: Palafin|Palafin-Hero, L50, M|100/100\n|-activate|p1b: Palafin|ability: Zero to Hero\n|move|p2a: Sneasler|Dire Claw|p1a: Sinistcha\n|-damage|p1a: Sinistcha|72/100\n|move|p1a: Sinistcha|Matcha Gotcha|p2b: Kingambit|[spread] p2a,p2b\n|-resisted|p2a: Sneasler|1\n|-resisted|p2b: Kingambit|1\n|-damage|p2a: Sneasler|86/100\n|-heal|p1a: Sinistcha|79/100|[from] drain|[of] p2a: Sneasler\n|-damage|p2b: Kingambit|89/100 slp\n|-heal|p1a: Sinistcha|85/100|[from] drain|[of] p2b: Kingambit\n|-status|p2a: Sneasler|brn\n|cant|p2b: Kingambit|slp\n|\n|-damage|p2a: Sneasler|80/100 brn|[from] brn\n|upkeep\n|turn|6\n|inactive|Dogetrooper has 30 seconds left.\n|inactive|Dogetrooper has 20 seconds left.\n|\n|t:|1776365609\n|switch|p1a: Hydrapple|Hydrapple, L50, F|100/100\n|move|p2a: Sneasler|Close Combat|p1b: Palafin\n|-damage|p1b: Palafin|74/100\n|-unboost|p2a: Sneasler|def|1\n|-unboost|p2a: Sneasler|spd|1\n|move|p1b: Palafin|Wave Crash|p2b: Kingambit\n|-damage|p2b: Kingambit|20/100 slp\n|-damage|p1b: Palafin|52/100|[from] Recoil\n|-curestatus|p2b: Kingambit|slp|[msg]\n|move|p2b: Kingambit|Kowtow Cleave|p1a: Hydrapple\n|-damage|p1a: Hydrapple|69/100\n|\n|-heal|p1a: Hydrapple|75/100|[from] item: Leftovers\n|-damage|p2a: Sneasler|74/100 brn|[from] brn\n|upkeep\n|turn|7\n|\n|t:|1776365634\n|switch|p2b: Sinistcha|Sinistcha, L50|100/100\n|-heal|p2a: Sneasler|99/100 brn|[from] ability: Hospitality|[of] p2b: Sinistcha\n|move|p1b: Palafin|Jet Punch|p2b: Sinistcha\n|-resisted|p2b: Sinistcha|1\n|-damage|p2b: Sinistcha|79/100\n|move|p2a: Sneasler|Dire Claw|p1a: Hydrapple\n|-supereffective|p1a: Hydrapple|1\n|-damage|p1a: Hydrapple|49/100\n|move|p1a: Hydrapple|Pollen Puff|p1b: Palafin\n|-heal|p1b: Palafin|100/100\n|\n|-heal|p1a: Hydrapple|55/100|[from] item: Leftovers\n|-damage|p2a: Sneasler|93/100 brn|[from] brn\n|upkeep\n|turn|8\n|inactive|Dogetrooper has 30 seconds left.\n|\n|t:|1776365664\n|move|p2a: Sneasler|Dire Claw|p1a: Hydrapple\n|-supereffective|p1a: Hydrapple|1\n|-damage|p1a: Hydrapple|34/100\n|-status|p1a: Hydrapple|slp\n|move|p1b: Palafin|Flip Turn|p2a: Sneasler\n|-damage|p2a: Sneasler|0 fnt\n|faint|p2a: Sneasler\n|\n|t:|1776365672\n|switch|p1b: Sinistcha|Sinistcha-Masterpiece, L50|85/100|[from] Flip Turn\n|-heal|p1a: Hydrapple|59/100 slp|[from] ability: Hospitality|[of] p1b: Sinistcha\n|move|p2b: Sinistcha|Matcha Gotcha|p1b: Sinistcha|[spread] p1a,p1b\n|-resisted|p1a: Hydrapple|2\n|-resisted|p1b: Sinistcha|1\n|-damage|p1a: Hydrapple|52/100 slp\n|-heal|p2b: Sinistcha|83/100|[from] drain|[of] p1a: Hydrapple\n|-damage|p1b: Sinistcha|68/100\n|-heal|p2b: Sinistcha|92/100|[from] drain|[of] p1b: Sinistcha\n|-status|p1b: Sinistcha|brn\n|cant|p1a: Hydrapple|slp\n|\n|-heal|p1a: Hydrapple|58/100 slp|[from] item: Leftovers\n|-damage|p1b: Sinistcha|62/100 brn|[from] brn\n|upkeep\n|\n|t:|1776365679\n|switch|p2a: Kingambit|Kingambit, L50, F|20/100\n|turn|9\n|\n|t:|1776365701\n|move|p1b: Sinistcha|Protect|p1b: Sinistcha\n|-singleturn|p1b: Sinistcha|Protect\n|move|p2a: Kingambit|Sucker Punch||[still]\n|-fail|p2a: Kingambit\n|move|p2b: Sinistcha|Shadow Ball|p1a: Hydrapple\n|-damage|p1a: Hydrapple|19/100 slp\n|cant|p1a: Hydrapple|slp\n|\n|-heal|p1a: Hydrapple|25/100 slp|[from] item: Leftovers\n|-damage|p1b: Sinistcha|56/100 brn|[from] brn\n|upkeep\n|turn|10\n|\n|t:|1776365722\n|switch|p1a: Palafin|Palafin-Hero, L50, M|100/100\n|move|p2b: Sinistcha|Shadow Ball|p1a: Palafin\n|-damage|p1a: Palafin|60/100\n|move|p1b: Sinistcha|Life Dew|p1b: Sinistcha|[spread] p1a,p1b\n|-heal|p1a: Palafin|85/100\n|-heal|p1b: Sinistcha|81/100 brn\n|move|p2a: Kingambit|Swords Dance|p2a: Kingambit\n|-boost|p2a: Kingambit|atk|2\n|\n|-damage|p1b: Sinistcha|75/100 brn|[from] brn\n|upkeep\n|turn|11\n|\n|t:|1776365739\n|move|p1a: Palafin|Jet Punch|p2a: Kingambit\n|-damage|p2a: Kingambit|0 fnt\n|faint|p2a: Kingambit\n|move|p2b: Sinistcha|Matcha Gotcha|p1b: Sinistcha|[spread] p1a,p1b\n|-supereffective|p1a: Palafin|1\n|-resisted|p1b: Sinistcha|1\n|-damage|p1a: Palafin|30/100\n|-heal|p2b: Sinistcha|100/100|[from] drain|[of] p1a: Palafin\n|-damage|p1b: Sinistcha|58/100 brn\n|-status|p1a: Palafin|brn\n|move|p1b: Sinistcha|Life Dew|p1b: Sinistcha|[spread] p1a,p1b\n|-heal|p1a: Palafin|55/100 brn\n|-heal|p1b: Sinistcha|84/100 brn\n|\n|-damage|p1a: Palafin|49/100 brn|[from] brn\n|-damage|p1b: Sinistcha|77/100 brn|[from] brn\n|upkeep\n|\n|t:|1776365743\n|switch|p2a: Pelipper|Pelipper, L50, F|100/100\n|-weather|RainDance|[from] ability: Drizzle|[of] p2a: Pelipper\n|turn|12\n|\n|t:|1776365767\n|move|p1b: Sinistcha|Protect|p1b: Sinistcha\n|-singleturn|p1b: Sinistcha|Protect\n|move|p1a: Palafin|Wave Crash|p2a: Pelipper\n|-resisted|p2a: Pelipper|1\n|-damage|p2a: Pelipper|63/100\n|-damage|p1a: Palafin|39/100 brn|[from] Recoil\n|move|p2a: Pelipper|Tailwind|p2a: Pelipper\n|-sidestart|p2: TroyaZ|move: Tailwind\n|move|p2b: Sinistcha|Matcha Gotcha|p1b: Sinistcha|[spread] p1a\n|-activate|p1b: Sinistcha|move: Protect\n|-supereffective|p1a: Palafin|1\n|-damage|p1a: Palafin|0 fnt\n|faint|p1a: Palafin\n|\n|-weather|RainDance|[upkeep]\n|-damage|p1b: Sinistcha|71/100 brn|[from] brn\n|upkeep\n|\n|t:|1776365780\n|switch|p1a: Gengar|Gengar-Mega, L50, F|76/100\n|turn|13\n|\n|t:|1776365789\n|move|p1b: Sinistcha|Rage Powder|p1b: Sinistcha\n|-singleturn|p1b: Sinistcha|move: Rage Powder\n|move|p2a: Pelipper|Hurricane|p1b: Sinistcha\n|-supereffective|p1b: Sinistcha|1\n|-damage|p1b: Sinistcha|0 fnt\n|faint|p1b: Sinistcha\n|move|p1a: Gengar|Perish Song|p1a: Gengar\n|-start|p1a: Gengar|perish3|[silent]\n|-start|p2a: Pelipper|perish3|[silent]\n|-start|p2b: Sinistcha|perish3|[silent]\n|-fieldactivate|move: Perish Song\n|move|p2b: Sinistcha|Shadow Ball|p1a: Gengar\n|-supereffective|p1a: Gengar|1\n|-damage|p1a: Gengar|0 fnt\n|faint|p1a: Gengar\n|\n|-weather|RainDance|[upkeep]\n|-start|p2a: Pelipper|perish3\n|-start|p2b: Sinistcha|perish3\n|upkeep\n|\n|t:|1776365795\n|switch|p1b: Hydrapple|Hydrapple, L50, F|59/100 slp\n|turn|14\n|\n|t:|1776365801\n|-curestatus|p1b: Hydrapple|slp|[msg]\n|move|p1b: Hydrapple|Protect|p1b: Hydrapple\n|-singleturn|p1b: Hydrapple|Protect\n|move|p2a: Pelipper|Hurricane|p1b: Hydrapple\n|-activate|p1b: Hydrapple|move: Protect\n|move|p2b: Sinistcha|Shadow Ball|p1b: Hydrapple\n|-activate|p1b: Hydrapple|move: Protect\n|\n|-weather|RainDance|[upkeep]\n|-heal|p1b: Hydrapple|65/100|[from] item: Leftovers\n|-start|p2a: Pelipper|perish2\n|-start|p2b: Sinistcha|perish2\n|upkeep\n|turn|15\n|\n|t:|1776365810\n|move|p2a: Pelipper|Hurricane|p1b: Hydrapple\n|-supereffective|p1b: Hydrapple|1\n|-damage|p1b: Hydrapple|0 fnt\n|faint|p1b: Hydrapple\n|\n|win|TroyaZ\n|raw|Dogetrooper's rating: 1176 &rarr; <strong>1158</strong><br />(-18 for losing)\n|raw|TroyaZ's rating: 1276 &rarr; <strong>1294</strong><br />(+18 for winning)\n|l|\u2606Dogetrooper\n|player|p1|\n",
  "uploadtime": 1776365819,
  "views": 25,
  "formatid": "gen9championsvgc2026regma",
  "rating": 1158,
  "private": 0,
  "password": null
}