{
  "id": "gen9championsvgc2026regma-2585513763",
  "format": "[Gen 9 Champions] VGC 2026 Reg M-A",
  "players": [
    "guibiruei",
    "mazztermaz"
  ],
  "log": "|j|\u2606guibiruei\n|j|\u2606mazztermaz\n|t:|1776352604\n|gametype|doubles\n|player|p1|guibiruei|102|1000\n|player|p2|mazztermaz|170|1039\n|gen|9\n|tier|[Gen 9 Champions] VGC 2026 Reg M-A\n|rated|\n|rule|Species Clause: Limit one of each Pok\u00e9mon\n|rule|Item Clause: Limit 1 of each item\n|clearpoke\n|poke|p1|Gardevoir, L50, F|\n|poke|p1|Whimsicott, L50, M|\n|poke|p1|Torkoal, L50, F|\n|poke|p1|Venusaur, L50, F|\n|poke|p1|Milotic, L50, F|\n|poke|p1|Gliscor, L50, F|\n|poke|p2|Snorlax, L50, M|\n|poke|p2|Chesnaught, L50, F|\n|poke|p2|Dragapult, L50, M|\n|poke|p2|Lopunny, L50, F|\n|poke|p2|Sableye, L50, F|\n|poke|p2|Sinistcha, L50|\n|teampreview|4\n|inactive|Battle timer is ON: inactive players will automatically lose when time's up. (requested by guibiruei)\n|\n|t:|1776352640\n|teamsize|p1|4\n|teamsize|p2|4\n|start\n|switch|p1a: Gliscor|Gliscor, L50, F|100/100\n|switch|p1b: Whimsicott|Whimsicott, L50, M|100/100\n|switch|p2a: Snorlax|Snorlax, L50, M|100/100\n|switch|p2b: Chesnaught|Chesnaught, L50, F|100/100\n|turn|1\n|inactive|guibiruei has 30 seconds left.\n|\n|t:|1776352672\n|switch|p1b: Torkoal|Torkoal, L50, F|100/100\n|-weather|SunnyDay|[from] ability: Drought|[of] p1b: Torkoal\n|detailschange|p2b: Chesnaught|Chesnaught-Mega, L50, F\n|-mega|p2b: Chesnaught|Chesnaught|Chesnaughtite\n|move|p1a: Gliscor|U-turn|p2b: Chesnaught\n|-damage|p2b: Chesnaught|88/100\n|\n|t:|1776352689\n|switch|p1a: Whimsicott|Whimsicott, L50, M|100/100|[from] U-turn\n|move|p2b: Chesnaught|Coaching|p2a: Snorlax\n|-boost|p2a: Snorlax|atk|1\n|-boost|p2a: Snorlax|def|1\n|move|p2a: Snorlax|Curse|p2a: Snorlax\n|-unboost|p2a: Snorlax|spe|1\n|-boost|p2a: Snorlax|atk|1\n|-boost|p2a: Snorlax|def|1\n|\n|-weather|SunnyDay|[upkeep]\n|upkeep\n|turn|2\n|inactive|guibiruei has 30 seconds left.\n|inactive|mazztermaz has 30 seconds left.\n|\n|t:|1776352719\n|move|p2a: Snorlax|Protect|p2a: Snorlax\n|-singleturn|p2a: Snorlax|Protect\n|move|p1a: Whimsicott|Taunt|p2a: Snorlax\n|-activate|p2a: Snorlax|move: Protect\n|move|p2b: Chesnaught|Body Press|p1b: Torkoal\n|-damage|p1b: Torkoal|69/100\n|move|p1b: Torkoal|Eruption|p2a: Snorlax|[spread] p2b\n|-activate|p2a: Snorlax|move: Protect\n|-supereffective|p2b: Chesnaught|1\n|-damage|p2b: Chesnaught|41/100\n|\n|-weather|SunnyDay|[upkeep]\n|upkeep\n|turn|3\n|inactive|guibiruei has 30 seconds left.\n|\n|t:|1776352745\n|move|p2b: Chesnaught|Spiky Shield|p2b: Chesnaught\n|-singleturn|p2b: Chesnaught|move: Protect\n|move|p1a: Whimsicott|Taunt|p2a: Snorlax\n|-start|p2a: Snorlax|move: Taunt\n|move|p1b: Torkoal|Weather Ball|p2b: Chesnaught\n|-activate|p2b: Chesnaught|move: Protect\n|move|p2a: Snorlax|Earthquake|p1a: Whimsicott|[spread] p1a,p1b\n|-activate|p2b: Chesnaught|move: Protect\n|-resisted|p1a: Whimsicott|1\n|-supereffective|p1b: Torkoal|1\n|-damage|p1a: Whimsicott|73/100\n|-damage|p1b: Torkoal|0 fnt\n|faint|p1b: Torkoal\n|\n|-weather|SunnyDay|[upkeep]\n|upkeep\n|\n|t:|1776352758\n|switch|p1b: Gardevoir|Gardevoir, L50, F|100/100\n|-ability|p1b: Gardevoir|Bulletproof|Trace|[from] ability: Trace|[of] p2b: Chesnaught\n|turn|4\n|\n|t:|1776352771\n|switch|p2b: Sableye|Sableye, L50, F|100/100\n|detailschange|p1b: Gardevoir|Gardevoir-Mega, L50, F\n|-mega|p1b: Gardevoir|Gardevoir|Gardevoirite\n|move|p1a: Whimsicott|Tailwind|p1a: Whimsicott\n|-sidestart|p1: guibiruei|move: Tailwind\n|move|p1b: Gardevoir|Hyper Voice|p2a: Snorlax|[spread] p2a,p2b\n|-supereffective|p2b: Sableye|1\n|-enditem|p2b: Sableye|Roseli Berry|[eat]\n|-enditem|p2b: Sableye|Roseli Berry|[weaken]\n|-damage|p2a: Snorlax|67/100\n|-damage|p2b: Sableye|41/100\n|move|p2a: Snorlax|Self-Destruct|p1a: Whimsicott|[spread] p1a,p1b\n|-immune|p2b: Sableye\n|-damage|p1a: Whimsicott|0 fnt\n|-damage|p1b: Gardevoir|0 fnt\n|faint|p2a: Snorlax\n|faint|p1a: Whimsicott\n|faint|p1b: Gardevoir\n|\n|-weather|SunnyDay|[upkeep]\n|upkeep\n|\n|t:|1776352788\n|switch|p1b: Gliscor|Gliscor, L50, F|100/100\n|switch|p2a: Sinistcha|Sinistcha, L50|100/100\n|-heal|p2b: Sableye|65/100|[from] ability: Hospitality|[of] p2a: Sinistcha\n|turn|5\n|\n|t:|1776352801\n|move|p2b: Sableye|Fake Out|p1b: Gliscor\n|-damage|p1b: Gliscor|92/100\n|cant|p1b: Gliscor|flinch\n|move|p2a: Sinistcha|Foul Play|p1b: Gliscor\n|-damage|p1b: Gliscor|65/100\n|\n|-weather|none\n|upkeep\n|turn|6\n|\n|t:|1776352811\n|move|p2a: Sinistcha|Rage Powder|p2a: Sinistcha\n|-singleturn|p2a: Sinistcha|move: Rage Powder\n|move|p1b: Gliscor|Earthquake|p2b: Sableye|[spread] p2a,p2b\n|-resisted|p2a: Sinistcha|1\n|-damage|p2a: Sinistcha|82/100\n|-damage|p2b: Sableye|14/100\n|move|p2b: Sableye|Foul Play|p1b: Gliscor\n|-damage|p1b: Gliscor|23/100\n|\n|upkeep\n|turn|7\n|\n|t:|1776352825\n|move|p2b: Sableye|Will-O-Wisp|p1b: Gliscor\n|-status|p1b: Gliscor|brn\n|move|p1b: Gliscor|Earthquake|p2a: Sinistcha|[spread] p2a,p2b\n|-resisted|p2a: Sinistcha|1\n|-damage|p2a: Sinistcha|72/100\n|-damage|p2b: Sableye|0 fnt\n|faint|p2b: Sableye\n|move|p2a: Sinistcha|Foul Play|p1b: Gliscor\n|-damage|p1b: Gliscor|0 fnt\n|faint|p1b: Gliscor\n|\n|win|mazztermaz\n|raw|guibiruei's rating: 1000 &rarr; <strong>1000</strong><br />(+0 for losing)\n|raw|mazztermaz's rating: 1039 &rarr; <strong>1069</strong><br />(+30 for winning)\n",
  "uploadtime": 1776352835,
  "views": 41,
  "formatid": "gen9championsvgc2026regma",
  "rating": 1000,
  "private": 0,
  "password": null
}