{
  "id": "gen9championsvgc2026regma-2583098872",
  "format": "[Gen 9 Champions] VGC 2026 Reg M-A",
  "players": [
    "crispychriscream",
    "toririn8000"
  ],
  "log": "|j|\u2606crispychriscream\n|j|\u2606toririn8000\n|t:|1776141833\n|gametype|doubles\n|player|p1|crispychriscream|169|1111\n|player|p2|toririn8000|169|1145\n|gen|9\n|tier|[Gen 9 Champions] VGC 2026 Reg M-A\n|rated|\n|rule|Species Clause: Limit one of each Pok\u00e9mon\n|rule|Item Clause: Limit 1 of each item\n|clearpoke\n|poke|p1|Hawlucha, L50, M|\n|poke|p1|Pidgeot, L50, F|\n|poke|p1|Mr. Rime, L50, M|\n|poke|p1|Rhyperior, L50, F|\n|poke|p1|Orthworm, L50, M|\n|poke|p1|Clefable, L50, F|\n|poke|p2|Rotom-Wash, L50|\n|poke|p2|Volcarona, L50, M|\n|poke|p2|Kommo-o, L50, F|\n|poke|p2|Aegislash, L50, M|\n|poke|p2|Sinistcha, L50|\n|poke|p2|Aggron, L50, F|\n|teampreview|4\n|inactive|Battle timer is ON: inactive players will automatically lose when time's up. (requested by toririn8000)\ncrispychriscream rejected open team sheets.\n|inactive|crispychriscream has 60 seconds left.\n|\n|t:|1776141879\n|teamsize|p1|4\n|teamsize|p2|4\n|start\n|switch|p1a: Hawlucha|Hawlucha, L50, M|100/100\n|switch|p1b: Mr. Rime|Mr. Rime, L50, M|100/100\n|switch|p2a: Volcarona|Volcarona, L50, M|100/100\n|switch|p2b: Aggron|Aggron, L50, F|100/100\n|turn|1\n|\n|t:|1776141901\n|detailschange|p1a: Hawlucha|Hawlucha-Mega, L50, M\n|-mega|p1a: Hawlucha|Hawlucha|Hawluchanite\n|detailschange|p2b: Aggron|Aggron-Mega, L50, F\n|-mega|p2b: Aggron|Aggron|Aggronite\n|move|p2a: Volcarona|Rage Powder|p2a: Volcarona\n|-singleturn|p2a: Volcarona|move: Rage Powder\n|move|p1a: Hawlucha|Entrainment|p2a: Volcarona\n|-ability|p2a: Volcarona|No Guard|Flame Body|[from] move: Entrainment|[of] p1a: Hawlucha\n|move|p1b: Mr. Rime|Sheer Cold|p2a: Volcarona\n|-damage|p2a: Volcarona|0 fnt\n|faint|p2a: Volcarona\n|-ohko\n|move|p2b: Aggron|Iron Defense|p2b: Aggron\n|-boost|p2b: Aggron|def|2\n|\n|upkeep\n|\n|t:|1776141920\n|switch|p2a: Sinistcha|Sinistcha, L50|100/100\n|turn|2\n|\n|t:|1776141940\n|move|p2b: Aggron|Protect|p2b: Aggron\n|-singleturn|p2b: Aggron|Protect\n|move|p1a: Hawlucha|Entrainment|p1b: Mr. Rime\n|-ability|p1b: Mr. Rime|No Guard|Screen Cleaner|[from] move: Entrainment|[of] p1a: Hawlucha\n|move|p1b: Mr. Rime|Sheer Cold|p2b: Aggron\n|-activate|p2b: Aggron|move: Protect\n|move|p2a: Sinistcha|Trick Room|p2a: Sinistcha\n|-fieldstart|move: Trick Room|[of] p2a: Sinistcha\n|\n|upkeep\n|turn|3\n|\n|t:|1776141962\n|move|p2b: Aggron|Body Press|p1b: Mr. Rime\n|-damage|p1b: Mr. Rime|3/100\n|move|p2a: Sinistcha|Matcha Gotcha|p1b: Mr. Rime|[spread] p1a,p1b\n|-resisted|p1a: Hawlucha|1\n|-damage|p1a: Hawlucha|86/100\n|-damage|p1b: Mr. Rime|0 fnt\n|faint|p1b: Mr. Rime\n|move|p1a: Hawlucha|U-turn|p2b: Aggron\n|-resisted|p2b: Aggron|1\n|-damage|p2b: Aggron|98/100\n|\n|t:|1776141974\n|switch|p1a: Rhyperior|Rhyperior, L50, F|100/100|[from] U-turn\n|\n|upkeep\n|\n|t:|1776141978\n|switch|p1b: Hawlucha|Hawlucha-Mega, L50, M|86/100\n|turn|4\n|inactive|toririn8000 has 30 seconds left.\n|\n|t:|1776142005\n|move|p2a: Sinistcha|Rage Powder|p2a: Sinistcha\n|-singleturn|p2a: Sinistcha|move: Rage Powder\n|move|p1a: Rhyperior|Horn Drill|p2a: Sinistcha\n|-immune|p2a: Sinistcha\n|move|p2b: Aggron|Body Press|p1a: Rhyperior\n|-supereffective|p1a: Rhyperior|1\n|-damage|p1a: Rhyperior|37/100\n|move|p1b: Hawlucha|Entrainment|p2a: Sinistcha\n|-ability|p2a: Sinistcha|No Guard|Hospitality|[from] move: Entrainment|[of] p1b: Hawlucha\n|\n|upkeep\n|turn|5\n|\n|t:|1776142019\n|move|p2a: Sinistcha|Rage Powder|p2a: Sinistcha\n|-singleturn|p2a: Sinistcha|move: Rage Powder\n|move|p1a: Rhyperior|Earthquake|p2a: Sinistcha|[spread] p2a,p2b\n|-immune|p1b: Hawlucha\n|-resisted|p2a: Sinistcha|1\n|-crit|p2a: Sinistcha\n|-supereffective|p2b: Aggron|1\n|-damage|p2a: Sinistcha|77/100\n|-damage|p2b: Aggron|84/100\n|move|p2b: Aggron|Body Press|p1a: Rhyperior\n|-supereffective|p1a: Rhyperior|1\n|-damage|p1a: Rhyperior|0 fnt\n|faint|p1a: Rhyperior\n|move|p1b: Hawlucha|Flying Press|p2a: Sinistcha\n|-immune|p2a: Sinistcha\n|\n|upkeep\n|\n|t:|1776142032\n|switch|p1a: Clefable|Clefable, L50, F|100/100\n|turn|6\n|\n|t:|1776142051\n|move|p2b: Aggron|Heavy Slam|p1a: Clefable\n|-supereffective|p1a: Clefable|1\n|-damage|p1a: Clefable|0 fnt\n|faint|p1a: Clefable\n|move|p2a: Sinistcha|Matcha Gotcha|p1b: Hawlucha\n|-resisted|p1b: Hawlucha|1\n|-damage|p1b: Hawlucha|64/100\n|-heal|p2a: Sinistcha|86/100|[from] drain|[of] p1b: Hawlucha\n|move|p1b: Hawlucha|Entrainment|p2b: Aggron\n|-ability|p2b: Aggron|No Guard|Filter|[from] move: Entrainment|[of] p1b: Hawlucha\n|\n|-fieldend|move: Trick Room\n|upkeep\n|turn|7\n|\n|t:|1776142070\n|move|p1b: Hawlucha|Flying Press|p2b: Aggron\n|-damage|p2b: Aggron|72/100\n|move|p2b: Aggron|Body Press|p1b: Hawlucha\n|-resisted|p1b: Hawlucha|1\n|-damage|p1b: Hawlucha|22/100\n|move|p2a: Sinistcha|Trick Room|p2a: Sinistcha\n|-fieldstart|move: Trick Room|[of] p2a: Sinistcha\n|\n|upkeep\n|turn|8\n|-message|crispychriscream forfeited.\n|\n|win|toririn8000\n|raw|crispychriscream's rating: 1111 &rarr; <strong>1088</strong><br />(-23 for losing)\n|raw|toririn8000's rating: 1145 &rarr; <strong>1168</strong><br />(+23 for winning)\n|l|\u2606crispychriscream\n|player|p1|\n",
  "uploadtime": 1776142093,
  "views": 14,
  "formatid": "gen9championsvgc2026regma",
  "rating": 1088,
  "private": 0,
  "password": null
}