{
  "id": "gen9championsvgc2026regma-2581992710",
  "format": "[Gen 9 Champions] VGC 2026 Reg M-A",
  "players": [
    "VenVGC",
    "erasure44"
  ],
  "log": "|j|\u2606VenVGC\n|j|\u2606erasure44\n|t:|1776046389\n|gametype|doubles\n|player|p1|VenVGC|266|1072\n|player|p2|erasure44|psychic-gen4|1055\n|gen|9\n|tier|[Gen 9 Champions] VGC 2026 Reg M-A\n|rated|\n|rule|Species Clause: Limit one of each Pok\u00e9mon\n|rule|Item Clause: Limit 1 of each item\n|clearpoke\n|poke|p1|Gengar, L50, F|\n|poke|p1|Meganium, L50, M|\n|poke|p1|Politoed, L50, F|\n|poke|p1|Sinistcha, L50|\n|poke|p1|Incineroar, L50, F|\n|poke|p1|Sableye, L50, M|\n|poke|p2|Lucario, L50, M|\n|poke|p2|Ceruledge, L50, M|\n|poke|p2|Sneasler, L50, F|\n|poke|p2|Pelipper, L50, M|\n|poke|p2|Basculegion, L50, M|\n|poke|p2|Rotom-Wash, L50|\n|teampreview|4\n|\n|t:|1776046448\n|teamsize|p1|4\n|teamsize|p2|4\n|start\n|switch|p1a: Sableye|Sableye, L50, M|100/100\n|switch|p1b: Meganium|Meganium, L50, M|100/100\n|switch|p2a: aura farmer|Lucario, L50, M|100/100\n|switch|p2b: Sneasler|Sneasler, L50, F|100/100\n|turn|1\n|\n|t:|1776046478\n|switch|p2a: Pelipper|Pelipper, L50, M|100/100\n|-weather|RainDance|[from] ability: Drizzle|[of] p2a: Pelipper\n|switch|p1b: Politoed|Politoed, L50, F|100/100\n|move|p1a: Sableye|Reflect|p1a: Sableye\n|-sidestart|p1: VenVGC|Reflect\n|move|p2b: Sneasler|Dire Claw|p1b: Politoed\n|-damage|p1b: Politoed|74/100\n|-status|p1b: Politoed|par\n|\n|-weather|RainDance|[upkeep]\n|upkeep\n|turn|2\n|\n|t:|1776046511\n|switch|p2a: Basculegion|Basculegion, L50, M|100/100\n|move|p1a: Sableye|Light Screen|p1a: Sableye\n|-sidestart|p1: VenVGC|move: Light Screen\n|move|p2b: Sneasler|Dire Claw|p1a: Sableye\n|-resisted|p1a: Sableye|1\n|-damage|p1a: Sableye|81/100\n|-status|p1a: Sableye|par\n|cant|p1b: Politoed|par\n|\n|-weather|RainDance|[upkeep]\n|upkeep\n|turn|3\n|\n|t:|1776046529\n|move|p2a: Basculegion|Wave Crash|p1a: Sableye\n|-damage|p1a: Sableye|0 fnt\n|faint|p1a: Sableye\n|-damage|p2a: Basculegion|81/100|[from] Recoil\n|move|p2b: Sneasler|Throat Chop|p1b: Politoed\n|-damage|p1b: Politoed|55/100 par\n|-start|p1b: Politoed|Throat Chop|[silent]\n|move|p1b: Politoed|Icy Wind|p2a: Basculegion|[spread] p2b\n|-miss|p1b: Politoed|p2a: Basculegion\n|-damage|p2b: Sneasler|88/100\n|-unboost|p2b: Sneasler|spe|1\n|\n|-weather|RainDance|[upkeep]\n|upkeep\n|\n|t:|1776046560\n|switch|p1a: Sinistcha|Sinistcha, L50|100/100\n|-heal|p1b: Politoed|80/100 par|[from] ability: Hospitality|[of] p1a: Sinistcha\n|turn|4\n|\n|t:|1776046590\n|switch|p2a: aura farmer|Lucario, L50, M|100/100\n|move|p2b: Sneasler|Dire Claw|p1a: Sinistcha\n|-damage|p1a: Sinistcha|72/100\n|move|p1a: Sinistcha|Iron Defense|p1a: Sinistcha\n|-boost|p1a: Sinistcha|def|2\n|cant|p1b: Politoed|par\n|\n|-weather|RainDance|[upkeep]\n|-heal|p1a: Sinistcha|77/100|[from] item: Leftovers\n|-end|p1b: Politoed|Throat Chop|[silent]\n|upkeep\n|turn|5\n|\n|t:|1776046607\n|detailschange|p2a: aura farmer|Lucario-Mega, L50, M\n|-mega|p2a: aura farmer|Lucario|Lucarionite\n|move|p2a: aura farmer|Nasty Plot|p2a: aura farmer\n|-boost|p2a: aura farmer|spa|2\n|move|p2b: Sneasler|Throat Chop|p1b: Politoed\n|-damage|p1b: Politoed|62/100 par\n|-start|p1b: Politoed|Throat Chop|[silent]\n|move|p1a: Sinistcha|Life Dew|p1a: Sinistcha|[spread] p1a,p1b\n|-heal|p1a: Sinistcha|100/100\n|-heal|p1b: Politoed|87/100 par\n|move|p1b: Politoed|Muddy Water|p2a: aura farmer|[spread] p2a\n|-miss|p1b: Politoed|p2b: Sneasler\n|-damage|p2a: aura farmer|47/100\n|\n|-weather|none\n|-sideend|p1: VenVGC|Reflect\n|upkeep\n|turn|6\n|\n|t:|1776046633\n|move|p2a: aura farmer|Aura Sphere|p1b: Politoed\n|-damage|p1b: Politoed|21/100 par\n|move|p2b: Sneasler|Dire Claw|p1a: Sinistcha\n|-damage|p1a: Sinistcha|81/100\n|move|p1a: Sinistcha|Calm Mind|p1a: Sinistcha\n|-boost|p1a: Sinistcha|spa|1\n|-boost|p1a: Sinistcha|spd|1\n|move|p1b: Politoed|Icy Wind|p2b: Sneasler|[spread] p2a,p2b\n|-resisted|p2a: aura farmer|1\n|-damage|p2a: aura farmer|40/100\n|-damage|p2b: Sneasler|76/100\n|-unboost|p2a: aura farmer|spe|1\n|-unboost|p2b: Sneasler|spe|1\n|\n|-heal|p1a: Sinistcha|87/100|[from] item: Leftovers\n|-end|p1b: Politoed|Throat Chop|[silent]\n|-sideend|p1: VenVGC|move: Light Screen\n|upkeep\n|turn|7\n|\n|t:|1776046655\n|move|p1b: Politoed|Helping Hand|p1a: Sinistcha\n|-singleturn|p1a: Sinistcha|Helping Hand|[of] p1b: Politoed\n|move|p2a: aura farmer|Vacuum Wave|p1b: Politoed\n|-damage|p1b: Politoed|0 fnt\n|faint|p1b: Politoed\n|move|p2b: Sneasler|Dire Claw|p1a: Sinistcha\n|-damage|p1a: Sinistcha|68/100\n|move|p1a: Sinistcha|Matcha Gotcha|p2b: Sneasler|[spread] p2a\n|-miss|p1a: Sinistcha|p2b: Sneasler\n|-resisted|p2a: aura farmer|1\n|-damage|p2a: aura farmer|0 fnt\n|-heal|p1a: Sinistcha|86/100|[from] drain|[of] p2a: aura farmer\n|faint|p2a: aura farmer\n|\n|-heal|p1a: Sinistcha|92/100|[from] item: Leftovers\n|upkeep\n|\n|t:|1776046670\n|switch|p2a: Basculegion|Basculegion, L50, M|81/100\n|switch|p1b: Meganium|Meganium, L50, M|100/100\n|turn|8\n|\n|t:|1776046685\n|switch|p2b: Pelipper|Pelipper, L50, M|100/100\n|-weather|RainDance|[from] ability: Drizzle|[of] p2b: Pelipper\n|detailschange|p1b: Meganium|Meganium-Mega, L50, M\n|-mega|p1b: Meganium|Meganium|Meganiumite\n|move|p2a: Basculegion|Last Respects|p1a: Sinistcha\n|-supereffective|p1a: Sinistcha|1\n|-damage|p1a: Sinistcha|45/100\n|move|p1b: Meganium|Weather Ball|p2b: Pelipper\n|-resisted|p2b: Pelipper|1\n|-damage|p2b: Pelipper|69/100\n|move|p1a: Sinistcha|Matcha Gotcha|p2b: Pelipper|[spread] p2a,p2b\n|-supereffective|p2a: Basculegion|1\n|-crit|p2a: Basculegion\n|-damage|p2a: Basculegion|0 fnt\n|-heal|p1a: Sinistcha|95/100|[from] drain|[of] p2a: Basculegion\n|-damage|p2b: Pelipper|22/100\n|-heal|p1a: Sinistcha|100/100|[from] drain|[of] p2b: Pelipper\n|faint|p2a: Basculegion\n|\n|-weather|RainDance|[upkeep]\n|upkeep\n|\n|t:|1776046700\n|switch|p2a: Sneasler|Sneasler, L50, F|76/100\n|turn|9\n|\n|t:|1776046717\n|move|p2b: Pelipper|Wide Guard|p2b: Pelipper\n|-singleturn|p2b: Pelipper|Wide Guard\n|move|p2a: Sneasler|Dire Claw|p1b: Meganium\n|-supereffective|p1b: Meganium|2\n|-damage|p1b: Meganium|0 fnt\n|faint|p1b: Meganium\n|move|p1a: Sinistcha|Matcha Gotcha|p2b: Pelipper|[spread] \n|-activate|p2a: Sneasler|move: Wide Guard\n|-activate|p2b: Pelipper|move: Wide Guard\n|\n|-weather|RainDance|[upkeep]\n|upkeep\n|turn|10\n|inactive|Battle timer is ON: inactive players will automatically lose when time's up. (requested by VenVGC)\n|\n|t:|1776046744\n|move|p2b: Pelipper|Wide Guard|p2b: Pelipper\n|-singleturn|p2b: Pelipper|Wide Guard\n|move|p2a: Sneasler|Dire Claw|p1a: Sinistcha\n|-damage|p1a: Sinistcha|79/100\n|move|p1a: Sinistcha|Iron Defense|p1a: Sinistcha\n|-boost|p1a: Sinistcha|def|2\n|\n|-weather|RainDance|[upkeep]\n|-heal|p1a: Sinistcha|85/100|[from] item: Leftovers\n|upkeep\n|turn|11\n|\n|t:|1776046759\n|move|p2b: Pelipper|Wide Guard|p2b: Pelipper\n|-singleturn|p2b: Pelipper|Wide Guard\n|move|p2a: Sneasler|Dire Claw|p1a: Sinistcha\n|-damage|p1a: Sinistcha|72/100\n|move|p1a: Sinistcha|Calm Mind|p1a: Sinistcha\n|-boost|p1a: Sinistcha|spa|1\n|-boost|p1a: Sinistcha|spd|1\n|\n|-weather|RainDance|[upkeep]\n|-heal|p1a: Sinistcha|77/100|[from] item: Leftovers\n|upkeep\n|turn|12\n|\n|t:|1776046769\n|move|p2a: Sneasler|Dire Claw|p1a: Sinistcha\n|-damage|p1a: Sinistcha|64/100\n|move|p1a: Sinistcha|Matcha Gotcha|p2b: Pelipper|[spread] p2a,p2b\n|-resisted|p2a: Sneasler|1\n|-damage|p2a: Sneasler|42/100\n|-heal|p1a: Sinistcha|81/100|[from] drain|[of] p2a: Sneasler\n|-damage|p2b: Pelipper|0 fnt\n|-heal|p1a: Sinistcha|91/100|[from] drain|[of] p2b: Pelipper\n|faint|p2b: Pelipper\n|\n|-weather|none\n|-heal|p1a: Sinistcha|97/100|[from] item: Leftovers\n|upkeep\n|turn|13\n|-message|erasure44 forfeited.\n|\n|win|VenVGC\n|raw|VenVGC's rating: 1072 &rarr; <strong>1100</strong><br />(+28 for winning)\n|raw|erasure44's rating: 1055 &rarr; <strong>1038</strong><br />(-17 for losing)\n",
  "uploadtime": 1776046784,
  "views": 23,
  "formatid": "gen9championsvgc2026regma",
  "rating": 1038,
  "private": 0,
  "password": null
}