{
  "id": "gen9championsvgc2026regma-2587323283",
  "format": "[Gen 9 Champions] VGC 2026 Reg M-A",
  "players": [
    "MegaFlygonDX",
    "Nemeia982"
  ],
  "log": "|j|\u2606MegaFlygonDX\n|j|\u2606Nemeia982\n|t:|1776521976\n|gametype|doubles\n|player|p1|MegaFlygonDX|pryce|1137\n|player|p2|Nemeia982|waitress|1084\n|gen|9\n|tier|[Gen 9 Champions] VGC 2026 Reg M-A\n|rated|\n|rule|Species Clause: Limit one of each Pok\u00e9mon\n|rule|Item Clause: Limit 1 of each item\n|clearpoke\n|poke|p1|Froslass, L50, F|\n|poke|p1|Aerodactyl, L50, M|\n|poke|p1|Incineroar, L50, F|\n|poke|p1|Basculegion, L50, M|\n|poke|p1|Kingambit, L50, F|\n|poke|p1|Floette-Eternal, L50, F|\n|poke|p2|Scizor, L50, M|\n|poke|p2|Kleavor, L50, M|\n|poke|p2|Araquanid, L50, F, shiny|\n|poke|p2|Vivillon-Fancy, L50, F|\n|poke|p2|Volcarona, L50, M|\n|poke|p2|Heracross, L50, F|\n|teampreview|4\n|\n|t:|1776522004\n|teamsize|p1|4\n|teamsize|p2|4\n|start\n|switch|p1a: Froslass|Froslass, L50, F|100/100\n|switch|p1b: Incineroar|Incineroar, L50, F|100/100\n|switch|p2a: Genos|Scizor, L50, M|100/100\n|switch|p2b: Col. Mustang|Volcarona, L50, M|100/100\n|-ability|p1b: Incineroar|Intimidate|boost\n|-unboost|p2a: Genos|atk|1\n|-unboost|p2b: Col. Mustang|atk|1\n|turn|1\n|\n|t:|1776522025\n|detailschange|p1a: Froslass|Froslass-Mega, L50, F\n|-mega|p1a: Froslass|Froslass|Froslassite\n|-weather|Snowscape|[from] ability: Snow Warning|[of] p1a: Froslass\n|move|p1a: Froslass|Protect|p1a: Froslass\n|-singleturn|p1a: Froslass|Protect\n|move|p2b: Col. Mustang|Fiery Dance|p1a: Froslass\n|-activate|p1a: Froslass|move: Protect\n|move|p2a: Genos|Swords Dance|p2a: Genos\n|-boost|p2a: Genos|atk|2\n|move|p1b: Incineroar|Flare Blitz|p2a: Genos\n|-supereffective|p2a: Genos|2\n|-damage|p2a: Genos|0 fnt\n|faint|p2a: Genos\n|-damage|p1b: Incineroar|77/100|[from] Recoil\n|\n|-weather|Snowscape|[upkeep]\n|upkeep\n|\n|t:|1776522041\n|switch|p2a: Rem|Araquanid, L50, F, shiny|100/100\n|turn|2\n|\n|t:|1776522059\n|switch|p1a: Aerodactyl|Aerodactyl, L50, M|100/100\n|-ability|p1a: Aerodactyl|Unnerve\n|move|p2b: Col. Mustang|Fiery Dance|p1a: Aerodactyl\n|-resisted|p1a: Aerodactyl|1\n|-damage|p1a: Aerodactyl|74/100\n|-boost|p2b: Col. Mustang|spa|1\n|move|p1b: Incineroar|Parting Shot|p2b: Col. Mustang\n|-unboost|p2b: Col. Mustang|atk|1\n|-unboost|p2b: Col. Mustang|spa|1\n|\n|t:|1776522070\n|switch|p1b: Basculegion|Basculegion, L50, M|100/100|[from] Parting Shot\n|move|p2a: Rem|Liquidation|p1b: Basculegion\n|-resisted|p1b: Basculegion|1\n|-damage|p1b: Basculegion|50/100\n|-unboost|p1b: Basculegion|def|1\n|\n|-weather|Snowscape|[upkeep]\n|upkeep\n|turn|3\n|\n|t:|1776522087\n|move|p2b: Col. Mustang|Protect|p2b: Col. Mustang\n|-singleturn|p2b: Col. Mustang|Protect\n|move|p1b: Basculegion|Wave Crash|p1a: Aerodactyl\n|-supereffective|p1a: Aerodactyl|1\n|-damage|p1a: Aerodactyl|0 fnt\n|faint|p1a: Aerodactyl\n|-damage|p1b: Basculegion|30/100|[from] Recoil\n|move|p2a: Rem|Liquidation|p1b: Basculegion\n|-resisted|p1b: Basculegion|1\n|-damage|p1b: Basculegion|0 fnt\n|faint|p1b: Basculegion\n|\n|-weather|Snowscape|[upkeep]\n|upkeep\n|\n|t:|1776522100\n|switch|p1a: Froslass|Froslass-Mega, L50, F|100/100\n|switch|p1b: Incineroar|Incineroar, L50, F|77/100\n|-ability|p1b: Incineroar|Intimidate|boost\n|-unboost|p2a: Rem|atk|1\n|-unboost|p2b: Col. Mustang|atk|1\n|turn|4\n|l|\u2606Nemeia982\n|player|p2|\n|j|\u2606Nemeia982\n|player|p2|Nemeia982|waitress|\n|\n|t:|1776522116\n|move|p1b: Incineroar|Fake Out|p2b: Col. Mustang\n|-damage|p2b: Col. Mustang|87/100\n|move|p1a: Froslass|Shadow Ball|p2b: Col. Mustang\n|-damage|p2b: Col. Mustang|40/100\n|cant|p2b: Col. Mustang|flinch\n|move|p2a: Rem|Liquidation|p1b: Incineroar\n|-supereffective|p1b: Incineroar|1\n|-damage|p1b: Incineroar|0 fnt\n|faint|p1b: Incineroar\n|\n|-weather|Snowscape|[upkeep]\n|upkeep\n|turn|5\n|\n|t:|1776522131\n|move|p1a: Froslass|Blizzard|p2a: Rem|[spread] p2a,p2b\n|-resisted|p2a: Rem|1\n|-resisted|p2b: Col. Mustang|1\n|-damage|p2a: Rem|82/100\n|-damage|p2b: Col. Mustang|17/100\n|-status|p2b: Col. Mustang|frz\n|cant|p2b: Col. Mustang|frz\n|move|p2a: Rem|Rain Dance|p2a: Rem\n|-weather|RainDance\n|\n|-weather|RainDance|[upkeep]\n|upkeep\n|turn|6\n|c|\u2606Nemeia982|DEAR LORD\n|\n|t:|1776522146\n|move|p1a: Froslass|Shadow Ball|p2a: Rem\n|-damage|p2a: Rem|47/100\n|-curestatus|p2b: Col. Mustang|frz|[msg]\n|move|p2b: Col. Mustang|Fiery Dance|p1a: Froslass\n|-supereffective|p1a: Froslass|1\n|-damage|p1a: Froslass|56/100\n|-boost|p2b: Col. Mustang|spa|1\n|move|p2a: Rem|Liquidation|p1a: Froslass\n|-damage|p1a: Froslass|0 fnt\n|faint|p1a: Froslass\n|\n|win|Nemeia982\n|raw|MegaFlygonDX's rating: 1137 &rarr; <strong>1108</strong><br />(-29 for losing)\n|raw|Nemeia982's rating: 1084 &rarr; <strong>1116</strong><br />(+32 for winning)\n|c|\u2606Nemeia982|GG\n|l|\u2606MegaFlygonDX\n|player|p1|\n",
  "uploadtime": 1776522172,
  "views": 25,
  "formatid": "gen9championsvgc2026regma",
  "rating": 1108,
  "private": 0,
  "password": null
}