{
  "id": "gen9championsvgc2026regma-2582348691",
  "format": "[Gen 9 Champions] VGC 2026 Reg M-A",
  "players": [
    "LeoMessi26",
    "audinosfannypack"
  ],
  "log": "|j|\u2606LeoMessi26\n|j|\u203daudinosfannypack\n|t:|1776085421\n|gametype|doubles\n|player|p1|LeoMessi26|101|1084\n|player|p2|audinosfannypack|265|1000\n|gen|9\n|tier|[Gen 9 Champions] VGC 2026 Reg M-A\n|rated|\n|rule|Species Clause: Limit one of each Pok\u00e9mon\n|rule|Item Clause: Limit 1 of each item\n|clearpoke\n|poke|p1|Charizard, L50, M|\n|poke|p1|Kingambit, L50, M|\n|poke|p1|Sneasler, L50, F|\n|poke|p1|Dragapult, L50, F|\n|poke|p1|Maushold, L50|\n|poke|p1|Garchomp, L50, M|\n|poke|p2|Blastoise, L50, M|\n|poke|p2|Kommo-o, L50, F|\n|poke|p2|Audino, L50, F|\n|poke|p2|Rotom-Mow, L50|\n|poke|p2|Incineroar, L50, F|\n|poke|p2|Aegislash, L50, F|\n|teampreview|4\naudinosfannypack rejected open team sheets.\n|\n|t:|1776085471\n|teamsize|p1|4\n|teamsize|p2|4\n|start\n|switch|p1a: Dragapult|Dragapult, L50, F|100/100\n|switch|p1b: Sneasler|Sneasler, L50, F, shiny|100/100\n|switch|p2a: Blastoise|Blastoise, L50, M|100/100\n|switch|p2b: Rotom|Rotom-Mow, L50|100/100\n|turn|1\n|\n|t:|1776085521\n|detailschange|p2a: Blastoise|Blastoise-Mega, L50, M\n|-mega|p2a: Blastoise|Blastoise|Blastoisinite\n|move|p2b: Rotom|Protect|p2b: Rotom\n|-singleturn|p2b: Rotom|Protect\n|move|p1a: Dragapult|Draco Meteor|p2b: Rotom\n|-activate|p2b: Rotom|move: Protect\n|move|p1b: Sneasler|Dire Claw|p2b: Rotom\n|-activate|p2b: Rotom|move: Protect\n|move|p2a: Blastoise|Dark Pulse|p1a: Dragapult\n|-supereffective|p1a: Dragapult|1\n|-damage|p1a: Dragapult|0 fnt\n|faint|p1a: Dragapult\n|\n|upkeep\n|\n|t:|1776085536\n|switch|p1a: Maushold|Maushold, L50|100/100\n|turn|2\n|\n|t:|1776085561\n|move|p1b: Sneasler|Dire Claw|p2b: Rotom\n|-supereffective|p2b: Rotom|1\n|-damage|p2b: Rotom|0 fnt\n|faint|p2b: Rotom\n|move|p1a: Maushold|Super Fang|p2a: Blastoise\n|-damage|p2a: Blastoise|51/100\n|move|p2a: Blastoise|Shell Smash|p2a: Blastoise\n|-unboost|p2a: Blastoise|def|1\n|-unboost|p2a: Blastoise|spd|1\n|-boost|p2a: Blastoise|atk|2\n|-boost|p2a: Blastoise|spa|2\n|-boost|p2a: Blastoise|spe|2\n|\n|upkeep\n|\n|t:|1776085574\n|switch|p2b: Incineroar|Incineroar, L50, F|100/100\n|-ability|p2b: Incineroar|Intimidate|boost\n|-unboost|p1a: Maushold|atk|1\n|-unboost|p1b: Sneasler|atk|1\n|turn|3\n|\n|t:|1776085587\n|switch|p1b: Garchomp|Garchomp, L50, M|100/100\n|move|p2b: Incineroar|Fake Out|p1b: Garchomp\n|-damage|p1b: Garchomp|93/100\n|-damage|p2b: Incineroar|88/100|[from] ability: Rough Skin|[of] p1b: Garchomp\n|move|p1a: Maushold|Follow Me|p1a: Maushold\n|-singleturn|p1a: Maushold|move: Follow Me\n|move|p2a: Blastoise|Ice Beam|p1a: Maushold\n|-damage|p1a: Maushold|17/100\n|\n|upkeep\n|turn|4\n|\n|t:|1776085609\n|move|p1a: Maushold|Protect|p1a: Maushold\n|-singleturn|p1a: Maushold|Protect\n|move|p2a: Blastoise|Ice Beam|p1b: Garchomp\n|-supereffective|p1b: Garchomp|2\n|-damage|p1b: Garchomp|0 fnt\n|faint|p1b: Garchomp\n|move|p2b: Incineroar|Darkest Lariat|p1a: Maushold\n|-activate|p1a: Maushold|move: Protect\n|\n|upkeep\n|\n|t:|1776085618\n|switch|p1b: Sneasler|Sneasler, L50, F, shiny|100/100\n|turn|5\n|\n|t:|1776085647\n|move|p2a: Blastoise|Ice Beam|p1b: Sneasler\n|-damage|p1b: Sneasler|31/100\n|move|p1b: Sneasler|Close Combat|p2b: Incineroar\n|-supereffective|p2b: Incineroar|1\n|-damage|p2b: Incineroar|0 fnt\n|-unboost|p1b: Sneasler|def|1\n|-unboost|p1b: Sneasler|spd|1\n|faint|p2b: Incineroar\n|move|p1a: Maushold|Super Fang|p2a: Blastoise\n|-damage|p2a: Blastoise|26/100\n|\n|upkeep\n|\n|t:|1776085657\n|switch|p2b: Kommo-o|Kommo-o, L50, F|100/100\n|turn|6\n|\n|t:|1776085668\n|move|p1a: Maushold|Follow Me|p1a: Maushold\n|-singleturn|p1a: Maushold|move: Follow Me\n|move|p2a: Blastoise|Ice Beam|p1a: Maushold\n|-damage|p1a: Maushold|0 fnt\n|faint|p1a: Maushold\n|move|p1b: Sneasler|Close Combat|p2a: Blastoise\n|-damage|p2a: Blastoise|0 fnt\n|-unboost|p1b: Sneasler|def|1\n|-unboost|p1b: Sneasler|spd|1\n|faint|p2a: Blastoise\n|move|p2b: Kommo-o|Boomburst|p1b: Sneasler\n|-damage|p1b: Sneasler|0 fnt\n|faint|p1b: Sneasler\n|\n|win|audinosfannypack\n|raw|LeoMessi26's rating: 1084 &rarr; <strong>1056</strong><br />(-28 for losing)\n|raw|audinosfannypack's rating: 1000 &rarr; <strong>1049</strong><br />(+49 for winning)\n|l|\u2606LeoMessi26\n|player|p1|\n",
  "uploadtime": 1776085742,
  "views": 9,
  "formatid": "gen9championsvgc2026regma",
  "rating": 1049,
  "private": 0,
  "password": null
}