{
  "id": "gen9championsvgc2026regma-2580643610",
  "format": "[Gen 9 Champions] VGC 2026 Reg M-A",
  "players": [
    "Tamejo",
    "demakker"
  ],
  "log": "|j|\u2606Tamejo\n|j|\u2606demakker\n|t:|1775920767\n|gametype|doubles\n|player|p1|Tamejo|caitlin|1123\n|player|p2|demakker|266|1106\n|gen|9\n|tier|[Gen 9 Champions] VGC 2026 Reg M-A\n|rated|\n|rule|Species Clause: Limit one of each Pok\u00e9mon\n|rule|Item Clause: Limit 1 of each item\n|clearpoke\n|poke|p1|Meganium, L50, F|\n|poke|p1|Garchomp, L50, F|\n|poke|p1|Sneasler, L50, M|\n|poke|p1|Basculegion, L50, M|\n|poke|p1|Pelipper, L50, M|\n|poke|p1|Incineroar, L50, F|\n|poke|p2|Incineroar, L50, F|\n|poke|p2|Reuniclus, L50, F|\n|poke|p2|Camerupt, L50, F|\n|poke|p2|Whimsicott, L50, F|\n|poke|p2|Charizard, L50, F|\n|poke|p2|Venusaur, L50, M|\n|teampreview|4\n|inactive|Battle timer is ON: inactive players will automatically lose when time's up. (requested by demakker)\n|inactive|Tamejo has 60 seconds left.\n|\n|t:|1775920797\n|teamsize|p1|4\n|teamsize|p2|4\n|start\n|switch|p1a: Incineroar|Incineroar, L50, F|100/100\n|switch|p1b: Basculegion|Basculegion, L50, M|100/100\n|switch|p2a: Incineroar|Incineroar, L50, F|100/100\n|switch|p2b: Reuniclus|Reuniclus, L50, F|100/100\n|-ability|p1a: Incineroar|Intimidate|boost\n|-unboost|p2a: Incineroar|atk|1\n|-unboost|p2b: Reuniclus|atk|1\n|-ability|p2a: Incineroar|Intimidate|boost\n|-unboost|p1a: Incineroar|atk|1\n|-unboost|p1b: Basculegion|atk|1\n|turn|1\n|\n|t:|1775920807\n|move|p2a: Incineroar|Fake Out|p1a: Incineroar\n|-damage|p1a: Incineroar|94/100\n|move|p1b: Basculegion|Wave Crash|p2a: Incineroar\n|-supereffective|p2a: Incineroar|1\n|-damage|p2a: Incineroar|0 fnt\n|faint|p2a: Incineroar\n|-damage|p1b: Basculegion|66/100|[from] Recoil\n|cant|p1a: Incineroar|flinch\n|move|p2b: Reuniclus|Trick Room|p2b: Reuniclus\n|-fieldstart|move: Trick Room|[of] p2b: Reuniclus\n|\n|upkeep\n|\n|t:|1775920814\n|switch|p2a: Camerupt|Camerupt, L50, F|100/100\n|turn|2\n|\n|t:|1775920822\n|switch|p2b: Whimsicott|Whimsicott, L50, F|100/100\n|switch|p1b: Pelipper|Pelipper, L50, M|100/100\n|-weather|RainDance|[from] ability: Drizzle|[of] p1b: Pelipper\n|move|p2a: Camerupt|Protect|p2a: Camerupt\n|-singleturn|p2a: Camerupt|Protect\n|move|p1a: Incineroar|Parting Shot|p2a: Camerupt\n|-activate|p2a: Camerupt|move: Protect\n|\n|-weather|RainDance|[upkeep]\n|upkeep\n|turn|3\n|\n|t:|1775920847\n|switch|p1b: Garchomp|Garchomp, L50, F|100/100\n|detailschange|p2a: Camerupt|Camerupt-Mega, L50, F\n|-mega|p2a: Camerupt|Camerupt|Cameruptite\n|move|p2b: Whimsicott|Sunny Day|p2b: Whimsicott\n|-weather|SunnyDay\n|move|p2a: Camerupt|Eruption|p1b: Garchomp|[spread] p1a,p1b\n|-resisted|p1a: Incineroar|1\n|-resisted|p1b: Garchomp|1\n|-damage|p1a: Incineroar|45/100\n|-damage|p1b: Garchomp|45/100\n|move|p1a: Incineroar|Parting Shot|p2a: Camerupt\n|-unboost|p2a: Camerupt|atk|1\n|-unboost|p2a: Camerupt|spa|1\n|\n|t:|1775920863\n|switch|p1a: Pelipper|Pelipper, L50, M|100/100|[from] Parting Shot\n|-weather|RainDance|[from] ability: Drizzle|[of] p1a: Pelipper\n|\n|-weather|RainDance|[upkeep]\n|upkeep\n|turn|4\n|\n|t:|1775920887\n|move|p1a: Pelipper|Protect|p1a: Pelipper\n|-singleturn|p1a: Pelipper|Protect\n|move|p1b: Garchomp|Protect|p1b: Garchomp\n|-singleturn|p1b: Garchomp|Protect\n|move|p2b: Whimsicott|Sunny Day|p2b: Whimsicott\n|-weather|SunnyDay\n|move|p2a: Camerupt|Earth Power|p1b: Garchomp\n|-activate|p1b: Garchomp|move: Protect\n|\n|-weather|SunnyDay|[upkeep]\n|upkeep\n|turn|5\n|\n|t:|1775920900\n|switch|p2a: Reuniclus|Reuniclus, L50, F|100/100\n|switch|p1a: Incineroar|Incineroar, L50, F|45/100\n|-ability|p1a: Incineroar|Intimidate|boost\n|-unboost|p2a: Reuniclus|atk|1\n|-unboost|p2b: Whimsicott|atk|1\n|move|p2b: Whimsicott|Moonblast|p1b: Garchomp\n|-supereffective|p1b: Garchomp|1\n|-damage|p1b: Garchomp|0 fnt\n|faint|p1b: Garchomp\n|\n|-weather|SunnyDay|[upkeep]\n|-fieldend|move: Trick Room\n|upkeep\n|\n|t:|1775920914\n|switch|p1b: Basculegion|Basculegion, L50, M|66/100\n|turn|6\n|\n|t:|1775920930\n|move|p1a: Incineroar|Fake Out|p2a: Reuniclus\n|-damage|p2a: Reuniclus|91/100\n|move|p2b: Whimsicott|Sunny Day||[still]\n|-fail|p2b: Whimsicott\n|move|p1b: Basculegion|Last Respects|p2a: Reuniclus\n|-supereffective|p2a: Reuniclus|1\n|-damage|p2a: Reuniclus|0 fnt\n|faint|p2a: Reuniclus\n|\n|-weather|SunnyDay|[upkeep]\n|upkeep\n|\n|t:|1775920934\n|switch|p2a: Camerupt|Camerupt-Mega, L50, F|100/100\n|turn|7\n|\n|t:|1775920947\n|move|p1b: Basculegion|Last Respects|p2b: Whimsicott\n|-damage|p2b: Whimsicott|11/100\n|move|p2b: Whimsicott|Moonblast|p1b: Basculegion\n|-damage|p1b: Basculegion|20/100\n|move|p1a: Incineroar|Parting Shot|p2a: Camerupt\n|-unboost|p2a: Camerupt|atk|1\n|-unboost|p2a: Camerupt|spa|1\n|\n|t:|1775920953\n|switch|p1a: Pelipper|Pelipper, L50, M|100/100|[from] Parting Shot\n|-weather|RainDance|[from] ability: Drizzle|[of] p1a: Pelipper\n|move|p2a: Camerupt|Earth Power|p1b: Basculegion\n|-damage|p1b: Basculegion|0 fnt\n|faint|p1b: Basculegion\n|\n|-weather|RainDance|[upkeep]\n|upkeep\n|\n|t:|1775920954\n|switch|p1b: Incineroar|Incineroar, L50, F|45/100\n|-ability|p1b: Incineroar|Intimidate|boost\n|-unboost|p2a: Camerupt|atk|1\n|-unboost|p2b: Whimsicott|atk|1\n|turn|8\n|\n|t:|1775920964\n|move|p2a: Camerupt|Protect|p2a: Camerupt\n|-singleturn|p2a: Camerupt|Protect\n|move|p1b: Incineroar|Fake Out|p2b: Whimsicott\n|-damage|p2b: Whimsicott|0 fnt\n|faint|p2b: Whimsicott\n|move|p1a: Pelipper|Weather Ball|p2a: Camerupt\n|-activate|p2a: Camerupt|move: Protect\n|\n|-weather|RainDance|[upkeep]\n|upkeep\n|turn|9\n|\n|t:|1775920976\n|move|p1b: Incineroar|Darkest Lariat|p2a: Camerupt\n|-damage|p2a: Camerupt|67/100\n|move|p1a: Pelipper|Weather Ball|p2a: Camerupt\n|-supereffective|p2a: Camerupt|2\n|-damage|p2a: Camerupt|0 fnt\n|faint|p2a: Camerupt\n|\n|win|Tamejo\n|raw|Tamejo's rating: 1123 &rarr; <strong>1147</strong><br />(+24 for winning)\n|raw|demakker's rating: 1106 &rarr; <strong>1082</strong><br />(-24 for losing)\n|l|\u2606demakker\n|player|p2|\n",
  "uploadtime": 1775920980,
  "views": 17,
  "formatid": "gen9championsvgc2026regma",
  "rating": 1082,
  "private": 0,
  "password": null
}