{
  "id": "gen9championsvgc2026regma-2586862746",
  "format": "[Gen 9 Champions] VGC 2026 Reg M-A",
  "players": [
    "Isidino",
    "Sfayne"
  ],
  "log": "|j|\u2606Isidino\n|j|\u2606Sfayne\n|t:|1776466342\n|gametype|doubles\n|player|p1|Isidino|169|1364\n|player|p2|Sfayne|2|1404\n|gen|9\n|tier|[Gen 9 Champions] VGC 2026 Reg M-A\n|rated|\n|rule|Species Clause: Limit one of each Pok\u00e9mon\n|rule|Item Clause: Limit 1 of each item\n|clearpoke\n|poke|p1|Pelipper, L50, M|\n|poke|p1|Basculegion-F, L50, F|\n|poke|p1|Starmie, L50|\n|poke|p1|Sneasler, L50, M|\n|poke|p1|Sableye, L50, M|\n|poke|p1|Kingambit, L50, M|\n|poke|p2|Kingambit, L50, F|\n|poke|p2|Basculegion, L50, M|\n|poke|p2|Floette-Eternal, L50, F|\n|poke|p2|Arcanine-Hisui, L50, M|\n|poke|p2|Aerodactyl, L50, F|\n|poke|p2|Rotom-Wash, L50|\n|teampreview|4\n|inactive|Battle timer is ON: inactive players will automatically lose when time's up. (requested by Sfayne)\n|inactive|Isidino also wants the timer to be on.\n|\n|t:|1776466371\n|teamsize|p1|4\n|teamsize|p2|4\n|start\n|switch|p1a: Basculegion|Basculegion-F, L50, F, shiny|100/100\n|switch|p1b: Sneasler|Sneasler, L50, M|100/100\n|switch|p2a: Aerodactyl|Aerodactyl, L50, F|100/100\n|switch|p2b: Rotom|Rotom-Wash, L50|100/100\n|-ability|p2a: Aerodactyl|Unnerve\n|turn|1\n|\n|t:|1776466381\n|move|p2a: Aerodactyl|Protect|p2a: Aerodactyl\n|-singleturn|p2a: Aerodactyl|Protect\n|move|p2b: Rotom|Protect|p2b: Rotom\n|-singleturn|p2b: Rotom|Protect\n|move|p1b: Sneasler|Fake Out|p2a: Aerodactyl\n|-activate|p2a: Aerodactyl|move: Protect\n|move|p1a: Basculegion|Muddy Water|p2b: Rotom|[spread] \n|-activate|p2a: Aerodactyl|move: Protect\n|-activate|p2b: Rotom|move: Protect\n|\n|upkeep\n|turn|2\n|\n|t:|1776466396\n|move|p2a: Aerodactyl|Tailwind|p2a: Aerodactyl\n|-sidestart|p2: Sfayne|move: Tailwind\n|move|p2b: Rotom|Thunderbolt|p1a: Basculegion\n|-supereffective|p1a: Basculegion|1\n|-damage|p1a: Basculegion|4/100\n|move|p1b: Sneasler|Close Combat|p2b: Rotom\n|-damage|p2b: Rotom|31/100\n|-unboost|p1b: Sneasler|def|1\n|-unboost|p1b: Sneasler|spd|1\n|-enditem|p2b: Rotom|Sitrus Berry|[eat]\n|-heal|p2b: Rotom|56/100|[from] item: Sitrus Berry\n|-enditem|p1b: Sneasler|White Herb\n|-clearnegativeboost|p1b: Sneasler|[silent]\n|move|p1a: Basculegion|Muddy Water|p2b: Rotom|[spread] p2a,p2b\n|-supereffective|p2a: Aerodactyl|1\n|-resisted|p2b: Rotom|1\n|-crit|p2b: Rotom\n|-enditem|p2a: Aerodactyl|Focus Sash\n|-damage|p2a: Aerodactyl|1/100\n|-damage|p2b: Rotom|23/100\n|-unboost|p2a: Aerodactyl|accuracy|1\n|\n|upkeep\n|turn|3\n|inactive|Isidino has 30 seconds left.\n|inactive|Sfayne has 30 seconds left.\n|\n|t:|1776466422\n|move|p1a: Basculegion|Protect|p1a: Basculegion\n|-singleturn|p1a: Basculegion|Protect\n|move|p2a: Aerodactyl|Dual Wingbeat|p1b: Sneasler\n|-supereffective|p1b: Sneasler|1\n|-damage|p1b: Sneasler|42/100\n|-supereffective|p1b: Sneasler|1\n|-damage|p1b: Sneasler|0 fnt\n|faint|p1b: Sneasler\n|-hitcount|p1: Sneasler|2\n|move|p2b: Rotom|Thunderbolt|p1a: Basculegion\n|-activate|p1a: Basculegion|move: Protect\n|\n|upkeep\n|\n|t:|1776466427\n|switch|p1b: Sableye|Sableye, L50, M, shiny|100/100\n|turn|4\n|\n|t:|1776466443\n|move|p1b: Sableye|Rain Dance|p1b: Sableye\n|-weather|RainDance\n|move|p2a: Aerodactyl|Rock Slide|p1b: Sableye|[spread] \n|-miss|p2a: Aerodactyl|p1a: Basculegion\n|-miss|p2a: Aerodactyl|p1b: Sableye\n|move|p1a: Basculegion|Muddy Water|p2a: Aerodactyl|[spread] p2a,p2b\n|-supereffective|p2a: Aerodactyl|1\n|-resisted|p2b: Rotom|1\n|-damage|p2a: Aerodactyl|0 fnt\n|-damage|p2b: Rotom|0 fnt\n|faint|p2a: Aerodactyl\n|faint|p2b: Rotom\n|\n|-weather|RainDance|[upkeep]\n|upkeep\n|\n|t:|1776466458\n|switch|p2a: Floette|Floette-Eternal, L50, F|100/100\n|switch|p2b: Basculegion|Basculegion, L50, M|100/100\n|turn|5\n|inactive|Sfayne has 30 seconds left.\n|\n|t:|1776466486\n|detailschange|p2a: Floette|Floette-Mega, L50, F\n|-mega|p2a: Floette|Floette|Floettite\n|-ability|p2a: Floette|Fairy Aura\n|move|p1a: Basculegion|Protect|p1a: Basculegion\n|-singleturn|p1a: Basculegion|Protect\n|move|p2b: Basculegion|Aqua Jet|p1a: Basculegion\n|-activate|p1a: Basculegion|move: Protect\n|move|p1b: Sableye|Quash||[still]\n|-fail|p1b: Sableye\n|move|p2a: Floette|Dazzling Gleam|p1b: Sableye|[spread] p1b\n|-activate|p1a: Basculegion|move: Protect\n|-supereffective|p1b: Sableye|1\n|-damage|p1b: Sableye|0 fnt\n|faint|p1b: Sableye\n|\n|-weather|RainDance|[upkeep]\n|-sideend|p2: Sfayne|move: Tailwind\n|upkeep\n|\n|t:|1776466491\n|switch|p1b: Starmie|Starmie, L50, shiny|100/100\n|turn|6\n|inactive|Sfayne has 30 seconds left.\n|\n|t:|1776466524\n|detailschange|p1b: Starmie|Starmie-Mega, L50, shiny\n|-mega|p1b: Starmie|Starmie|Starminite\n|move|p2b: Basculegion|Aqua Jet|p1a: Basculegion\n|-resisted|p1a: Basculegion|1\n|-damage|p1a: Basculegion|0 fnt\n|faint|p1a: Basculegion\n|move|p1b: Starmie|Aqua Jet|p2a: Floette\n|-damage|p2a: Floette|44/100\n|move|p2a: Floette|Draining Kiss|p1b: Starmie\n|-damage|p1b: Starmie|59/100\n|-heal|p2a: Floette|73/100|[from] drain|[of] p1b: Starmie\n|\n|-weather|RainDance|[upkeep]\n|upkeep\n|turn|7\n|\n|t:|1776466539\n|move|p2a: Floette|Protect|p2a: Floette\n|-singleturn|p2a: Floette|Protect\n|move|p2b: Basculegion|Aqua Jet|p1b: Starmie\n|-resisted|p1b: Starmie|1\n|-damage|p1b: Starmie|39/100\n|move|p1b: Starmie|Aqua Jet|p2a: Floette\n|-activate|p2a: Floette|move: Protect\n|\n|-weather|RainDance|[upkeep]\n|upkeep\n|turn|8\n|\n|t:|1776466551\n|move|p2b: Basculegion|Aqua Jet|p1b: Starmie\n|-resisted|p1b: Starmie|1\n|-damage|p1b: Starmie|21/100\n|move|p1b: Starmie|Aqua Jet|p2a: Floette\n|-damage|p2a: Floette|25/100\n|move|p2a: Floette|Draining Kiss|p1b: Starmie\n|-damage|p1b: Starmie|0 fnt\n|-heal|p2a: Floette|40/100|[from] drain|[of] p1b: Starmie\n|faint|p1b: Starmie\n|\n|win|Sfayne\n|raw|Isidino's rating: 1364 &rarr; <strong>1346</strong><br />(-18 for losing)\n|raw|Sfayne's rating: 1404 &rarr; <strong>1422</strong><br />(+18 for winning)\n",
  "uploadtime": 1776466553,
  "views": 37,
  "formatid": "gen9championsvgc2026regma",
  "rating": 1346,
  "private": 0,
  "password": null
}