{
  "id": "gen9championsvgc2026regma-2588576888",
  "format": "[Gen 9 Champions] VGC 2026 Reg M-A",
  "players": [
    "lun4rspace",
    "Lenghong"
  ],
  "log": "|j|\u2606lun4rspace\n|j|\u2606Lenghong\n|t:|1776646648\n|gametype|doubles\n|player|p1|lun4rspace|266|1151\n|player|p2|Lenghong|hilda|1254\n|gen|9\n|tier|[Gen 9 Champions] VGC 2026 Reg M-A\n|rated|\n|rule|Species Clause: Limit one of each Pok\u00e9mon\n|rule|Item Clause: Limit 1 of each item\n|clearpoke\n|poke|p1|Aerodactyl, L50, M|\n|poke|p1|Basculegion, L50, M|\n|poke|p1|Kommo-o, L50, F|\n|poke|p1|Scizor, L50, M|\n|poke|p1|Scovillain, L50, M|\n|poke|p1|Sneasler, L50, M|\n|poke|p2|Glimmora, L50, F|\n|poke|p2|Kommo-o, L50, M|\n|poke|p2|Sableye, L50, M|\n|poke|p2|Heliolisk, L50, M|\n|poke|p2|Incineroar, L50, M|\n|poke|p2|Excadrill, L50, F|\n|teampreview|4\n|\n|t:|1776646671\n|teamsize|p1|4\n|teamsize|p2|4\n|start\n|switch|p1a: Scovillain|Scovillain, L50, M|100/100\n|switch|p1b: Sneasler|Sneasler, L50, M|100/100\n|switch|p2a: Incineroar|Incineroar, L50, M|100/100\n|switch|p2b: Sableye|Sableye, L50, M|100/100\n|-ability|p2a: Incineroar|Intimidate|boost\n|-unboost|p1a: Scovillain|atk|1\n|-unboost|p1b: Sneasler|atk|1\n|-enditem|p1b: Sneasler|White Herb\n|-clearnegativeboost|p1b: Sneasler|[silent]\n|turn|1\n|\n|t:|1776646707\n|detailschange|p1a: Scovillain|Scovillain-Mega, L50, M\n|-mega|p1a: Scovillain|Scovillain|Scovillainite\n|move|p2a: Incineroar|Fake Out|p1a: Scovillain\n|-damage|p1a: Scovillain|91/100\n|-immune|p2a: Incineroar\n|cant|p1a: Scovillain|flinch\n|move|p2b: Sableye|Will-O-Wisp|p1b: Sneasler|[miss]\n|-miss|p2b: Sableye|p1b: Sneasler\n|move|p1b: Sneasler|Close Combat|p2a: Incineroar\n|-supereffective|p2a: Incineroar|1\n|-damage|p2a: Incineroar|1/100\n|-unboost|p1b: Sneasler|def|1\n|-unboost|p1b: Sneasler|spd|1\n|-enditem|p2a: Incineroar|Sitrus Berry|[eat]\n|-heal|p2a: Incineroar|26/100|[from] item: Sitrus Berry\n|\n|upkeep\n|turn|2\n|\n|t:|1776646731\n|move|p1a: Scovillain|Rage Powder|p1a: Scovillain\n|-singleturn|p1a: Scovillain|move: Rage Powder\n|move|p2b: Sableye|Taunt|p1a: Scovillain\n|-start|p1a: Scovillain|move: Taunt\n|move|p1b: Sneasler|Dire Claw|p2b: Sableye\n|-resisted|p2b: Sableye|1\n|-damage|p2b: Sableye|76/100\n|move|p2a: Incineroar|Parting Shot|p1a: Scovillain\n|-unboost|p1a: Scovillain|atk|1\n|-unboost|p1a: Scovillain|spa|1\n|\n|t:|1776646737\n|switch|p2a: Glimmora|Glimmora, L50, F|100/100|[from] Parting Shot\n|\n|upkeep\n|turn|3\n|\n|t:|1776646759\n|move|p2a: Glimmora|Spiky Shield|p2a: Glimmora\n|-singleturn|p2a: Glimmora|move: Protect\n|move|p2b: Sableye|Will-O-Wisp|p1b: Sneasler\n|-status|p1b: Sneasler|brn\n|move|p1b: Sneasler|Close Combat|p2a: Glimmora\n|-activate|p2a: Glimmora|move: Protect\n|-damage|p1b: Sneasler|88/100 brn|[from] Spiky Shield|[of] p2a: Glimmora\n|move|p1a: Scovillain|Flamethrower|p2b: Sableye\n|-damage|p2b: Sableye|41/100\n|\n|-damage|p1b: Sneasler|83/100 brn|[from] brn\n|upkeep\n|turn|4\n|\n|t:|1776646776\n|switch|p2b: Incineroar|Incineroar, L50, M|26/100\n|-ability|p2b: Incineroar|Intimidate|boost\n|-unboost|p1a: Scovillain|atk|1\n|-unboost|p1b: Sneasler|atk|1\n|detailschange|p2a: Glimmora|Glimmora-Mega, L50, F\n|-mega|p2a: Glimmora|Glimmora|Glimmoranite\n|move|p1b: Sneasler|Dire Claw|p2a: Glimmora\n|-resisted|p2a: Glimmora|2\n|-damage|p2a: Glimmora|97/100\n|move|p2a: Glimmora|Power Gem|p1a: Scovillain\n|-supereffective|p1a: Scovillain|1\n|-damage|p1a: Scovillain|0 fnt\n|-status|p2a: Glimmora|brn|[from] ability: Spicy Spray|[of] p1a: Scovillain\n|faint|p1a: Scovillain\n|\n|-damage|p1b: Sneasler|77/100 brn|[from] brn\n|-damage|p2a: Glimmora|90/100 brn|[from] brn\n|upkeep\n|\n|t:|1776646791\n|switch|p1a: Aerodactyl|Aerodactyl, L50, M|100/100\n|-ability|p1a: Aerodactyl|Unnerve\n|turn|5\n|\n|t:|1776646807\n|move|p2b: Incineroar|Fake Out|p1a: Aerodactyl\n|-resisted|p1a: Aerodactyl|1\n|-damage|p1a: Aerodactyl|92/100\n|move|p1b: Sneasler|Close Combat|p2a: Glimmora\n|-damage|p2a: Glimmora|68/100 brn\n|-unboost|p1b: Sneasler|def|1\n|-unboost|p1b: Sneasler|spd|1\n|cant|p1a: Aerodactyl|flinch\n|move|p2a: Glimmora|Power Gem|p1a: Aerodactyl\n|-supereffective|p1a: Aerodactyl|1\n|-damage|p1a: Aerodactyl|0 fnt\n|faint|p1a: Aerodactyl\n|\n|-damage|p1b: Sneasler|71/100 brn|[from] brn\n|-damage|p2a: Glimmora|62/100 brn|[from] brn\n|upkeep\n|\n|t:|1776646823\n|switch|p1a: Kommo-o|Kommo-o, L50, F|100/100\n|turn|6\n|\n|t:|1776646834\n|move|p1b: Sneasler|Close Combat|p2a: Glimmora\n|-damage|p2a: Glimmora|41/100 brn\n|-unboost|p1b: Sneasler|def|1\n|-unboost|p1b: Sneasler|spd|1\n|move|p2a: Glimmora|Sludge Bomb|p1a: Kommo-o\n|-damage|p1a: Kommo-o|25/100\n|move|p1a: Kommo-o|Clanging Scales|p2b: Incineroar|[spread] p2a,p2b\n|-damage|p2a: Glimmora|0 fnt\n|-damage|p2b: Incineroar|0 fnt\n|faint|p2a: Glimmora\n|faint|p2b: Incineroar\n|-unboost|p1a: Kommo-o|def|1\n|\n|-heal|p1a: Kommo-o|31/100|[from] item: Leftovers\n|-damage|p1b: Sneasler|65/100 brn|[from] brn\n|upkeep\n|\n|t:|1776646839\n|switch|p2a: Kommo-o|Kommo-o, L50, M|100/100\n|switch|p2b: Sableye|Sableye, L50, M|41/100\n|turn|7\n|\n|t:|1776646856\n|move|p2b: Sableye|Disable|p1a: Kommo-o\n|-start|p1a: Kommo-o|Disable|Clanging Scales\n|move|p1b: Sneasler|Close Combat|p2a: Kommo-o\n|-damage|p2a: Kommo-o|88/100\n|-unboost|p1b: Sneasler|def|1\n|-unboost|p1b: Sneasler|spd|1\n|cant|p1a: Kommo-o|Disable|Clanging Scales\n|move|p2a: Kommo-o|Body Press|p1a: Kommo-o\n|-damage|p1a: Kommo-o|0 fnt\n|faint|p1a: Kommo-o\n|\n|-heal|p2a: Kommo-o|94/100|[from] item: Leftovers\n|-damage|p1b: Sneasler|60/100 brn|[from] brn\n|upkeep\n|turn|8\n|\n|t:|1776646871\n|move|p2b: Sableye|Disable|p1b: Sneasler\n|-start|p1b: Sneasler|Disable|Close Combat\n|move|p1b: Sneasler|Dire Claw|p2a: Kommo-o\n|-damage|p2a: Kommo-o|86/100\n|move|p2a: Kommo-o|Iron Defense|p2a: Kommo-o\n|-boost|p2a: Kommo-o|def|2\n|\n|-heal|p2a: Kommo-o|92/100|[from] item: Leftovers\n|-damage|p1b: Sneasler|54/100 brn|[from] brn\n|upkeep\n|turn|9\n|-message|lun4rspace forfeited.\n|\n|win|Lenghong\n|raw|lun4rspace's rating: 1151 &rarr; <strong>1131</strong><br />(-20 for losing)\n|raw|Lenghong's rating: 1223 &rarr; <strong>1243</strong><br />(+20 for winning)\n",
  "uploadtime": 1776646877,
  "views": 12,
  "formatid": "gen9championsvgc2026regma",
  "rating": 1131,
  "private": 0,
  "password": null
}