{
  "id": "gen9championsvgc2026regma-2582473204",
  "format": "[Gen 9 Champions] VGC 2026 Reg M-A",
  "players": [
    "Psicopatic",
    "thealex610"
  ],
  "log": "|j|\u2606Psicopatic\n|j|\u2606thealex610\n|t:|1776093956\n|gametype|doubles\n|player|p1|Psicopatic|169|1189\n|player|p2|thealex610|265|1149\n|gen|9\n|tier|[Gen 9 Champions] VGC 2026 Reg M-A\n|rated|\n|rule|Species Clause: Limit one of each Pok\u00e9mon\n|rule|Item Clause: Limit 1 of each item\n|clearpoke\n|poke|p1|Aerodactyl, L50, M|\n|poke|p1|Sinistcha, L50|\n|poke|p1|Incineroar, L50, F|\n|poke|p1|Zoroark-Hisui, L50, F|\n|poke|p1|Floette-Eternal, L50, F|\n|poke|p1|Sneasler, L50, M|\n|poke|p2|Sneasler, L50, M|\n|poke|p2|Talonflame, L50, F|\n|poke|p2|Milotic, L50, F|\n|poke|p2|Aegislash, L50, F|\n|poke|p2|Scizor, L50, F|\n|poke|p2|Tyranitar, L50, F|\n|teampreview|4\n|\n|t:|1776093981\n|teamsize|p1|4\n|teamsize|p2|4\n|start\n|switch|p1a: Floette|Floette-Eternal, L50, F|100/100\n|switch|p1b: Sneasler|Sneasler, L50, M|100/100\n|switch|p2a: Sneasler|Sneasler, L50, M|100/100\n|switch|p2b: Milotic|Milotic, L50, F|100/100\n|turn|1\n|\n|t:|1776094008\n|detailschange|p1a: Floette|Floette-Mega, L50, F\n|-mega|p1a: Floette|Floette|Floettite\n|-ability|p1a: Floette|Fairy Aura\n|move|p2a: Sneasler|Fake Out|p1b: Sneasler\n|-immune|p1b: Sneasler\n|move|p1b: Sneasler|Icy Wind|p2b: Milotic|[spread] p2a,p2b\n|-crit|p2a: Sneasler\n|-resisted|p2b: Milotic|1\n|-damage|p2a: Sneasler|73/100\n|-damage|p2b: Milotic|94/100\n|-unboost|p2a: Sneasler|spe|1\n|-unboost|p2b: Milotic|spe|1\n|-ability|p2b: Milotic|Competitive|boost\n|-boost|p2b: Milotic|spa|2\n|-enditem|p2a: Sneasler|White Herb\n|-clearnegativeboost|p2a: Sneasler|[silent]\n|move|p1a: Floette|Light of Ruin|p2a: Sneasler\n|-damage|p2a: Sneasler|0 fnt\n|faint|p2a: Sneasler\n|-damage|p1a: Floette|63/100|[from] Recoil\n|move|p2b: Milotic|Icy Wind|p1b: Sneasler|[spread] p1a,p1b\n|-damage|p1a: Floette|44/100\n|-damage|p1b: Sneasler|53/100\n|-unboost|p1a: Floette|spe|1\n|-unboost|p1b: Sneasler|spe|1\n|replace|p1b: Zoroark|Zoroark-Hisui, L50, F\n|-end|p1b: Zoroark|Illusion\n|\n|upkeep\n|\n|t:|1776094031\n|switch|p2a: Scizor|Scizor, L50, F, shiny|100/100\n|turn|2\n|\n|t:|1776094048\n|switch|p1b: Sneasler|Sneasler, L50, M|100/100\n|switch|p1a: Incineroar|Incineroar, L50, F|100/100\n|-ability|p1a: Incineroar|Intimidate|boost\n|-unboost|p2a: Scizor|atk|1\n|-unboost|p2b: Milotic|atk|1\n|-ability|p2b: Milotic|Competitive|boost\n|-boost|p2b: Milotic|spa|2\n|detailschange|p2a: Scizor|Scizor-Mega, L50, F, shiny\n|-mega|p2a: Scizor|Scizor|Scizorite\n|move|p2a: Scizor|Bullet Punch|p1a: Incineroar\n|-resisted|p1a: Incineroar|1\n|-damage|p1a: Incineroar|90/100\n|move|p2b: Milotic|Scald|p1b: Sneasler\n|-damage|p1b: Sneasler|0 fnt\n|faint|p1b: Sneasler\n|\n|upkeep\n|\n|t:|1776094062\n|switch|p1b: Floette|Floette-Mega, L50, F|53/100\n|turn|3\n|\n|t:|1776094094\n|switch|p2a: Aegislash|Aegislash, L50, F|100/100\n|move|p1a: Incineroar|Fake Out|p2b: Milotic\n|-damage|p2b: Milotic|81/100\n|move|p1b: Floette|Flamethrower|p2a: Aegislash\n|-supereffective|p2a: Aegislash|1\n|-damage|p2a: Aegislash|46/100\n|cant|p2b: Milotic|flinch\n|\n|-heal|p2a: Aegislash|52/100|[from] item: Leftovers\n|upkeep\n|turn|4\n|\n|t:|1776094114\n|-formechange|p2a: Aegislash|Aegislash-Blade|\n|move|p2a: Aegislash|Shadow Sneak|p1b: Floette\n|-immune|p1b: Floette\n|move|p1b: Floette|Flamethrower|p2a: Aegislash\n|-supereffective|p2a: Aegislash|1\n|-damage|p2a: Aegislash|0 fnt\n|faint|p2a: Aegislash\n|move|p2b: Milotic|Scald|p1a: Incineroar\n|-supereffective|p1a: Incineroar|1\n|-damage|p1a: Incineroar|0 fnt\n|faint|p1a: Incineroar\n|\n|upkeep\n|\n|t:|1776094127\n|switch|p1a: Floette|Floette-Mega, L50, F|44/100\n|switch|p2a: Scizor|Scizor-Mega, L50, F, shiny|100/100\n|-ability|p1a: Floette|Fairy Aura\n|turn|5\n|\n|t:|1776094140\n|move|p1a: Floette|Protect|p1a: Floette\n|-singleturn|p1a: Floette|Protect\n|move|p2a: Scizor|Bullet Punch|p1a: Floette\n|-activate|p1a: Floette|move: Protect\n|move|p1b: Floette|Flamethrower|p2a: Scizor\n|-supereffective|p2a: Scizor|2\n|-damage|p2a: Scizor|0 fnt\n|faint|p2a: Scizor\n|move|p2b: Milotic|Scald|p1b: Floette\n|-damage|p1b: Floette|0 fnt\n|replace|p1b: Zoroark|Zoroark-Hisui, L50, F\n|-end|p1b: Zoroark|Illusion\n|faint|p1b: Zoroark\n|\n|upkeep\n|turn|6\n|\n|t:|1776094164\n|move|p1a: Floette|Light of Ruin|p2b: Milotic\n|-damage|p2b: Milotic|0 fnt\n|faint|p2b: Milotic\n|-damage|p1a: Floette|0 fnt|[from] Recoil\n|faint|p1a: Floette\n|\n|win|Psicopatic\n|raw|Psicopatic's rating: 1189 &rarr; <strong>1211</strong><br />(+22 for winning)\n|raw|thealex610's rating: 1149 &rarr; <strong>1127</strong><br />(-22 for losing)\n|c|\u2606Psicopatic|GG\n|c|\u2606thealex610|gg\n|l|\u2606Psicopatic\n|player|p1|\n",
  "uploadtime": 1776094189,
  "views": 16,
  "formatid": "gen9championsvgc2026regma",
  "rating": 1127,
  "private": 0,
  "password": null
}