{
  "id": "gen9championsvgc2026regma-2587125418",
  "format": "[Gen 9 Champions] VGC 2026 Reg M-A",
  "players": [
    "HuntressRubyRose",
    "Inspector Spam"
  ],
  "log": "|j|\u2606HuntressRubyRose\n|j|\u2606Inspector Spam\n|t:|1776497029\n|gametype|doubles\n|player|p1|HuntressRubyRose|miku-ghost|1141\n|player|p2|Inspector Spam|shauntal|1119\n|gen|9\n|tier|[Gen 9 Champions] VGC 2026 Reg M-A\n|rated|\n|rule|Species Clause: Limit one of each Pok\u00e9mon\n|rule|Item Clause: Limit 1 of each item\n|clearpoke\n|poke|p1|Politoed, L50, F|\n|poke|p1|Dragonite, L50, F|\n|poke|p1|Basculegion, L50, M|\n|poke|p1|Aegislash, L50, F|\n|poke|p1|Farigiraf, L50, M|\n|poke|p1|Kangaskhan, L50, F|\n|poke|p2|Charizard, L50, M, shiny|\n|poke|p2|Venusaur, L50, F|\n|poke|p2|Garchomp, L50, M, shiny|\n|poke|p2|Rotom-Wash, L50, shiny|\n|poke|p2|Sneasler, L50, M|\n|poke|p2|Whimsicott, L50, F|\n|teampreview|4\n|inactive|Battle timer is ON: inactive players will automatically lose when time's up. (requested by Inspector Spam)\n|inactive|Inspector Spam has 60 seconds left.\n|inactive|Inspector Spam has 30 seconds left.\n|\n|t:|1776497095\n|teamsize|p1|4\n|teamsize|p2|4\n|start\n|switch|p1a: Farigiraf|Farigiraf, L50, M|100/100\n|switch|p1b: Basculegion|Basculegion, L50, M|100/100\n|switch|p2a: Whimsicott|Whimsicott, L50, F|100/100\n|switch|p2b: Sneasler|Sneasler, L50, M|100/100\n|turn|1\n|inactive|HuntressRubyRose has 30 seconds left.\n|\n|t:|1776497133\n|move|p1b: Basculegion|Flip Turn|p2a: Whimsicott\n|-resisted|p2a: Whimsicott|1\n|-damage|p2a: Whimsicott|68/100\n|\n|t:|1776497138\n|switch|p1b: Politoed|Politoed, L50, F|100/100|[from] Flip Turn\n|-weather|RainDance|[from] ability: Drizzle|[of] p1b: Politoed\n|move|p2b: Sneasler|Close Combat|p1a: Farigiraf\n|-damage|p1a: Farigiraf|46/100\n|-unboost|p2b: Sneasler|def|1\n|-unboost|p2b: Sneasler|spd|1\n|move|p2a: Whimsicott|Moonblast|p1a: Farigiraf\n|-damage|p1a: Farigiraf|7/100\n|move|p1a: Farigiraf|Psychic|p2b: Sneasler\n|-supereffective|p2b: Sneasler|2\n|-damage|p2b: Sneasler|0 fnt\n|faint|p2b: Sneasler\n|\n|-weather|RainDance|[upkeep]\n|upkeep\n|\n|t:|1776497153\n|switch|p2b: Charizard|Charizard, L50, M, shiny|100/100\n|turn|2\n|inactive|HuntressRubyRose has 30 seconds left.\n|\n|t:|1776497180\n|switch|p1b: Basculegion|Basculegion, L50, M|100/100\n|detailschange|p2b: Charizard|Charizard-Mega-Y, L50, M, shiny\n|-mega|p2b: Charizard|Charizard|Charizardite Y\n|-weather|SunnyDay|[from] ability: Drought|[of] p2b: Charizard\n|move|p2a: Whimsicott|Tailwind|p2a: Whimsicott\n|-sidestart|p2: Inspector Spam|move: Tailwind\n|move|p2b: Charizard|Heat Wave|p1b: Basculegion|[spread] p1a,p1b\n|-resisted|p1b: Basculegion|1\n|-damage|p1a: Farigiraf|0 fnt\n|-damage|p1b: Basculegion|57/100\n|faint|p1a: Farigiraf\n|\n|-weather|SunnyDay|[upkeep]\n|upkeep\n|\n|t:|1776497191\n|switch|p1a: Politoed|Politoed, L50, F|100/100\n|-weather|RainDance|[from] ability: Drizzle|[of] p1a: Politoed\n|turn|3\n|\n|t:|1776497216\n|switch|p2b: Venusaur|Venusaur, L50, F|100/100\n|move|p2a: Whimsicott|Taunt|p1a: Politoed\n|-start|p1a: Politoed|move: Taunt\n|move|p1b: Basculegion|Flip Turn|p2b: Venusaur\n|-resisted|p2b: Venusaur|1\n|-damage|p2b: Venusaur|68/100\n|\n|t:|1776497224\n|switch|p1b: Dragonite|Dragonite, L50, F|100/100|[from] Flip Turn\n|move|p1a: Politoed|Ice Beam|p2a: Whimsicott\n|-supereffective|p2a: Whimsicott|1\n|-damage|p2a: Whimsicott|6/100\n|\n|-weather|RainDance|[upkeep]\n|-heal|p2b: Venusaur|73/100|[from] item: Leftovers\n|upkeep\n|turn|4\n|inactive|HuntressRubyRose has 30 seconds left.\n|inactive|HuntressRubyRose has 20 seconds left.\n|inactive|HuntressRubyRose has 15 seconds left.\n|\n|t:|1776497265\n|detailschange|p1b: Dragonite|Dragonite-Mega, L50, F\n|-mega|p1b: Dragonite|Dragonite|Dragoninite\n|move|p2a: Whimsicott|Taunt|p1b: Dragonite\n|-start|p1b: Dragonite|move: Taunt\n|move|p2b: Venusaur|Energy Ball|p1a: Politoed\n|-supereffective|p1a: Politoed|1\n|-damage|p1a: Politoed|37/100\n|-unboost|p1a: Politoed|spd|1\n|-enditem|p1a: Politoed|Sitrus Berry|[eat]\n|-heal|p1a: Politoed|61/100|[from] item: Sitrus Berry\n|cant|p1b: Dragonite|move: Taunt|Tailwind\n|move|p1a: Politoed|Ice Beam|p2a: Whimsicott\n|-supereffective|p2a: Whimsicott|1\n|-damage|p2a: Whimsicott|0 fnt\n|faint|p2a: Whimsicott\n|\n|-weather|RainDance|[upkeep]\n|-heal|p2b: Venusaur|79/100|[from] item: Leftovers\n|upkeep\n|\n|t:|1776497280\n|switch|p2a: Charizard|Charizard-Mega-Y, L50, M, shiny|100/100\n|-weather|SunnyDay|[from] ability: Drought|[of] p2a: Charizard\n|turn|5\n|\n|t:|1776497294\n|move|p2b: Venusaur|Sleep Powder|p1a: Politoed\n|-status|p1a: Politoed|slp|[from] move: Sleep Powder\n|move|p2a: Charizard|Heat Wave|p1a: Politoed|[spread] p1a,p1b\n|-resisted|p1a: Politoed|1\n|-resisted|p1b: Dragonite|1\n|-damage|p1a: Politoed|16/100 slp\n|-damage|p1b: Dragonite|86/100\n|move|p1b: Dragonite|Draco Meteor|p2a: Charizard\n|-damage|p2a: Charizard|24/100\n|-unboost|p1b: Dragonite|spa|2\n|cant|p1a: Politoed|slp\n|\n|-weather|SunnyDay|[upkeep]\n|-heal|p2b: Venusaur|85/100|[from] item: Leftovers\n|-end|p1a: Politoed|move: Taunt\n|-sideend|p2: Inspector Spam|move: Tailwind\n|upkeep\n|turn|6\n|inactive|HuntressRubyRose has 30 seconds left.\n|\n|t:|1776497324\n|switch|p1a: Basculegion|Basculegion, L50, M|57/100\n|move|p2b: Venusaur|Sleep Powder|p1b: Dragonite\n|-status|p1b: Dragonite|slp|[from] move: Sleep Powder\n|cant|p1b: Dragonite|slp\n|move|p2a: Charizard|Heat Wave|p1b: Dragonite|[spread] p1a,p1b\n|-resisted|p1a: Basculegion|1\n|-resisted|p1b: Dragonite|1\n|-damage|p1a: Basculegion|19/100\n|-damage|p1b: Dragonite|52/100 slp\n|\n|-weather|SunnyDay|[upkeep]\n|-heal|p2b: Venusaur|91/100|[from] item: Leftovers\n|-end|p1b: Dragonite|move: Taunt\n|upkeep\n|turn|7\n|\n|t:|1776497340\n|switch|p1b: Politoed|Politoed, L50, F|16/100 slp\n|-weather|RainDance|[from] ability: Drizzle|[of] p1b: Politoed\n|move|p2a: Charizard|Protect|p2a: Charizard\n|-singleturn|p2a: Charizard|Protect\n|move|p1a: Basculegion|Flip Turn|p2b: Venusaur\n|-resisted|p2b: Venusaur|1\n|-crit|p2b: Venusaur\n|-damage|p2b: Venusaur|32/100\n|\n|t:|1776497349\n|switch|p1a: Dragonite|Dragonite-Mega, L50, F|52/100 slp|[from] Flip Turn\n|move|p2b: Venusaur|Energy Ball|p1a: Dragonite\n|-resisted|p1a: Dragonite|2\n|-damage|p1a: Dragonite|43/100 slp\n|\n|-weather|RainDance|[upkeep]\n|-heal|p2b: Venusaur|38/100|[from] item: Leftovers\n|upkeep\n|turn|8\n|\n|t:|1776497365\n|cant|p1a: Dragonite|slp\n|move|p2a: Charizard|Heat Wave|p1a: Dragonite|[spread] p1a\n|-miss|p2a: Charizard|p1b: Politoed\n|-resisted|p1a: Dragonite|1\n|-damage|p1a: Dragonite|34/100 slp\n|move|p2b: Venusaur|Sludge Bomb|p1a: Dragonite\n|-damage|p1a: Dragonite|0 fnt\n|faint|p1a: Dragonite\n|-curestatus|p1b: Politoed|slp|[msg]\n|move|p1b: Politoed|Ice Beam|p2b: Venusaur\n|-supereffective|p2b: Venusaur|1\n|-damage|p2b: Venusaur|0 fnt\n|faint|p2b: Venusaur\n|\n|-weather|RainDance|[upkeep]\n|upkeep\n|-message|Inspector Spam forfeited.\n|\n|win|HuntressRubyRose\n|raw|HuntressRubyRose's rating: 1141 &rarr; <strong>1164</strong><br />(+23 for winning)\n|raw|Inspector Spam's rating: 1119 &rarr; <strong>1096</strong><br />(-23 for losing)\n|l|\u2606Inspector Spam\n|player|p2|\n",
  "uploadtime": 1776497386,
  "views": 17,
  "formatid": "gen9championsvgc2026regma",
  "rating": 1096,
  "private": 0,
  "password": null
}