{
  "id": "gen9championsvgc2026regma-2580989310",
  "format": "[Gen 9 Champions] VGC 2026 Reg M-A",
  "players": [
    "pipppo",
    "la javineta"
  ],
  "log": "|j|\u2606pipppo\n|j|\u2606la javineta\n|t:|1775949480\n|gametype|doubles\n|player|p1|pipppo|leaf-gen3|1371\n|player|p2|la javineta|265|1329\n|gen|9\n|tier|[Gen 9 Champions] VGC 2026 Reg M-A\n|rated|\n|rule|Species Clause: Limit one of each Pok\u00e9mon\n|rule|Item Clause: Limit 1 of each item\n|clearpoke\n|poke|p1|Talonflame, L50, M|\n|poke|p1|Garchomp, L50, M|\n|poke|p1|Blastoise, L50, F|\n|poke|p1|Kingambit, L50, F|\n|poke|p1|Sylveon, L50, M|\n|poke|p1|Sinistcha, L50|\n|poke|p2|Heliolisk, L50, F|\n|poke|p2|Excadrill, L50, M|\n|poke|p2|Tyranitar, L50, M|\n|poke|p2|Aerodactyl, L50, M|\n|poke|p2|Milotic, L50, M|\n|poke|p2|Incineroar, L50, M|\n|teampreview|4\n|j| gE1xjZRtuhW2DdT0AK\n|\n|t:|1775949518\n|teamsize|p1|4\n|teamsize|p2|4\n|start\n|switch|p1a: Talonflame|Talonflame, L50, M|100/100\n|switch|p1b: Blastoise|Blastoise, L50, F|100/100\n|switch|p2a: Tyranitar|Tyranitar, L50, M|100/100\n|switch|p2b: Excadrill|Excadrill, L50, M|100/100\n|-weather|Sandstorm|[from] ability: Sand Stream|[of] p2a: Tyranitar\n|turn|1\n|\n|t:|1775949536\n|detailschange|p1b: Blastoise|Blastoise-Mega, L50, F\n|-mega|p1b: Blastoise|Blastoise|Blastoisinite\n|move|p1a: Talonflame|Tailwind|p1a: Talonflame\n|-sidestart|p1: pipppo|move: Tailwind\n|move|p2b: Excadrill|Rock Slide|p1b: Blastoise|[spread] p1a,p1b\n|-supereffective|p1a: Talonflame|2\n|-damage|p1a: Talonflame|0 fnt\n|-damage|p1b: Blastoise|77/100\n|faint|p1a: Talonflame\n|cant|p1b: Blastoise|flinch\n|move|p2a: Tyranitar|Rock Slide|p1b: Blastoise\n|-damage|p1b: Blastoise|40/100\n|\n|-weather|Sandstorm|[upkeep]\n|-damage|p1b: Blastoise|35/100|[from] Sandstorm\n|upkeep\n|\n|t:|1775949547\n|switch|p1a: Sinistcha|Sinistcha, L50|100/100\n|-heal|p1b: Blastoise|59/100|[from] ability: Hospitality|[of] p1a: Sinistcha\n|turn|2\n|\n|t:|1775949552\n|move|p2b: Excadrill|Rock Slide|p1a: Sinistcha|[spread] p1a,p1b\n|-damage|p1a: Sinistcha|78/100\n|-damage|p1b: Blastoise|36/100\n|move|p1b: Blastoise|Water Spout|p2a: Tyranitar|[spread] p2a,p2b\n|-supereffective|p2a: Tyranitar|1\n|-supereffective|p2b: Excadrill|1\n|-damage|p2a: Tyranitar|73/100\n|-damage|p2b: Excadrill|32/100\n|move|p1a: Sinistcha|Matcha Gotcha|p2a: Tyranitar|[spread] p2a,p2b\n|-supereffective|p2a: Tyranitar|1\n|-damage|p2a: Tyranitar|46/100\n|-heal|p1a: Sinistcha|94/100|[from] drain|[of] p2a: Tyranitar\n|-damage|p2b: Excadrill|0 fnt\n|-heal|p1a: Sinistcha|100/100|[from] drain|[of] p2b: Excadrill\n|faint|p2b: Excadrill\n|move|p2a: Tyranitar|Assurance|p1b: Blastoise\n|-damage|p1b: Blastoise|0 fnt\n|faint|p1b: Blastoise\n|\n|-weather|Sandstorm|[upkeep]\n|-damage|p1a: Sinistcha|94/100|[from] Sandstorm\n|upkeep\n|\n|t:|1775949563\n|switch|p2b: Aerodactyl|Aerodactyl, L50, M|100/100\n|switch|p1b: Sylveon|Sylveon, L50, M|100/100\n|-ability|p2b: Aerodactyl|Unnerve\n|turn|3\n|\n|t:|1775949590\n|detailschange|p2b: Aerodactyl|Aerodactyl-Mega, L50, M\n|-mega|p2b: Aerodactyl|Aerodactyl|Aerodactylite\n|move|p2b: Aerodactyl|Dual Wingbeat|p1a: Sinistcha\n|-supereffective|p1a: Sinistcha|1\n|-damage|p1a: Sinistcha|39/100\n|-enditem|p1a: Sinistcha|Sitrus Berry|[eat]\n|-heal|p1a: Sinistcha|64/100|[from] item: Sitrus Berry\n|-supereffective|p1a: Sinistcha|1\n|-damage|p1a: Sinistcha|6/100\n|-hitcount|p1a: Sinistcha|2\n|move|p1b: Sylveon|Hyper Voice|p2a: Tyranitar|[spread] p2a,p2b\n|-supereffective|p2a: Tyranitar|1\n|-damage|p2a: Tyranitar|0 fnt\n|-damage|p2b: Aerodactyl|66/100\n|faint|p2a: Tyranitar\n|move|p1a: Sinistcha|Trick Room|p1a: Sinistcha\n|-fieldstart|move: Trick Room|[of] p1a: Sinistcha\n|\n|-weather|Sandstorm|[upkeep]\n|-damage|p1b: Sylveon|94/100|[from] Sandstorm\n|-damage|p1a: Sinistcha|0 fnt|[from] Sandstorm\n|faint|p1a: Sinistcha\n|upkeep\n|j| grapplebeam\n|\n|t:|1775949601\n|switch|p2a: Milotic|Milotic, L50, M|100/100\n|turn|4\n|l| grapplebeam\n|\n|t:|1775949616\n|move|p1b: Sylveon|Protect|p1b: Sylveon\n|-singleturn|p1b: Sylveon|Protect\n|move|p2b: Aerodactyl|Protect|p2b: Aerodactyl\n|-singleturn|p2b: Aerodactyl|Protect\n|move|p2a: Milotic|Hypnosis|p1b: Sylveon\n|-activate|p1b: Sylveon|move: Protect\n|\n|-weather|Sandstorm|[upkeep]\n|-damage|p2a: Milotic|94/100|[from] Sandstorm\n|-damage|p1b: Sylveon|88/100|[from] Sandstorm\n|-heal|p2a: Milotic|100/100|[from] item: Leftovers\n|-sideend|p1: pipppo|move: Tailwind\n|upkeep\n|turn|5\n|\n|t:|1775949624\n|move|p1b: Sylveon|Hyper Voice|p2a: Milotic|[spread] p2a,p2b\n|-crit|p2b: Aerodactyl\n|-damage|p2a: Milotic|74/100\n|-damage|p2b: Aerodactyl|10/100\n|move|p2a: Milotic|Coil|p2a: Milotic\n|-boost|p2a: Milotic|atk|1\n|-boost|p2a: Milotic|def|1\n|-boost|p2a: Milotic|accuracy|1\n|move|p2b: Aerodactyl|Rock Slide|p1b: Sylveon\n|-damage|p1b: Sylveon|41/100\n|\n|-weather|none\n|-heal|p2a: Milotic|80/100|[from] item: Leftovers\n|upkeep\n|turn|6\n|\n|t:|1775949636\n|move|p2b: Aerodactyl|Protect|p2b: Aerodactyl\n|-singleturn|p2b: Aerodactyl|Protect\n|move|p1b: Sylveon|Hyper Voice|p2a: Milotic|[spread] p2a\n|-activate|p2b: Aerodactyl|move: Protect\n|-damage|p2a: Milotic|52/100\n|move|p2a: Milotic|Hypnosis|p1b: Sylveon\n|-status|p1b: Sylveon|slp|[from] move: Hypnosis\n|\n|-heal|p2a: Milotic|58/100|[from] item: Leftovers\n|upkeep\n|turn|7\n|inactive|Battle timer is ON: inactive players will automatically lose when time's up. (requested by la javineta)\n|\n|t:|1775949663\n|cant|p1b: Sylveon|slp\n|move|p2a: Milotic|Scald|p1b: Sylveon\n|-damage|p1b: Sylveon|20/100 slp\n|move|p2b: Aerodactyl|Dual Wingbeat|p1b: Sylveon\n|-damage|p1b: Sylveon|0 fnt\n|faint|p1b: Sylveon\n|-hitcount|p1: Sylveon|1\n|\n|win|la javineta\n|raw|pipppo's rating: 1384 &rarr; <strong>1361</strong><br />(-23 for losing)\n|raw|la javineta's rating: 1329 &rarr; <strong>1352</strong><br />(+23 for winning)\n|l|\u2606la javineta\n|player|p2|\n",
  "uploadtime": 1775949679,
  "views": 31,
  "formatid": "gen9championsvgc2026regma",
  "rating": 1352,
  "private": 0,
  "password": null
}