{
  "id": "gen9championsvgc2026regma-2581619900",
  "format": "[Gen 9 Champions] VGC 2026 Reg M-A",
  "players": [
    "fiddleshorts",
    "DavidTIS"
  ],
  "log": "|j|\u2606fiddleshorts\n|j|\u2606DavidTIS\n|t:|1776015665\n|gametype|doubles\n|player|p1|fiddleshorts|alder|1104\n|player|p2|DavidTIS|volkner|1116\n|gen|9\n|tier|[Gen 9 Champions] VGC 2026 Reg M-A\n|rated|\n|rule|Species Clause: Limit one of each Pok\u00e9mon\n|rule|Item Clause: Limit 1 of each item\n|clearpoke\n|poke|p1|Archaludon, L50, F|\n|poke|p1|Pelipper, L50, F|\n|poke|p1|Garchomp, L50, M|\n|poke|p1|Basculegion, L50, M|\n|poke|p1|Sneasler, L50, F|\n|poke|p1|Sinistcha-Masterpiece, L50|\n|poke|p2|Garganacl, L50, M|\n|poke|p2|Mimikyu, L50, M|\n|poke|p2|Chimecho, L50, F|\n|poke|p2|Slowbro, L50, M|\n|poke|p2|Lucario, L50, F|\n|poke|p2|Drampa, L50, M|\n|teampreview|4\n|inactive|Battle timer is ON: inactive players will automatically lose when time's up. (requested by DavidTIS)\nfiddleshorts has agreed to open team sheets.\n|inactive|DavidTIS has 60 seconds left.\n|\n|t:|1776015702\n|teamsize|p1|4\n|teamsize|p2|4\n|start\n|switch|p1a: Garchomp|Garchomp, L50, M, shiny|100/100\n|switch|p1b: Sneasler|Sneasler, L50, F|100/100\n|switch|p2a: Mimikyu|Mimikyu, L50, M|100/100\n|switch|p2b: Lucario|Lucario, L50, F|100/100\n|turn|1\n|inactive|DavidTIS has 30 seconds left.\n|\n|t:|1776015729\n|move|p1b: Sneasler|Close Combat|p2b: Lucario\n|-supereffective|p2b: Lucario|1\n|-enditem|p2b: Lucario|Focus Sash\n|-damage|p2b: Lucario|1/100\n|-unboost|p1b: Sneasler|def|1\n|-unboost|p1b: Sneasler|spd|1\n|-enditem|p1b: Sneasler|White Herb\n|-clearnegativeboost|p1b: Sneasler|[silent]\n|move|p1a: Garchomp|Sandstorm|p1a: Garchomp\n|-weather|Sandstorm\n|move|p2b: Lucario|Dragon Pulse|p1a: Garchomp\n|-supereffective|p1a: Garchomp|1\n|-damage|p1a: Garchomp|40/100\n|move|p2a: Mimikyu|Play Rough|p1a: Garchomp|[miss]\n|-miss|p2a: Mimikyu|p1a: Garchomp\n|\n|-weather|Sandstorm|[upkeep]\n|-damage|p1b: Sneasler|95/100|[from] Sandstorm\n|-damage|p2a: Mimikyu|94/100|[from] Sandstorm\n|upkeep\n|turn|2\n|inactive|DavidTIS has 30 seconds left.\n|inactive|fiddleshorts has 30 seconds left.\n|\n|t:|1776015761\n|switch|p2b: Chimecho|Chimecho, L50, F|100/100\n|move|p1a: Garchomp|Protect|p1a: Garchomp\n|-singleturn|p1a: Garchomp|Protect\n|move|p1b: Sneasler|Dire Claw|p2a: Mimikyu\n|-activate|p2a: Mimikyu|ability: Disguise\n|-damage|p2a: Mimikyu|94/100\n|detailschange|p2a: Mimikyu|Mimikyu-Busted, L50, M\n|-damage|p2a: Mimikyu|82/100|[from] pokemon: Mimikyu-Busted\n|move|p2a: Mimikyu|Trick Room|p2a: Mimikyu\n|-fieldstart|move: Trick Room|[of] p2a: Mimikyu\n|\n|-weather|Sandstorm|[upkeep]\n|-damage|p2b: Chimecho|94/100|[from] Sandstorm\n|-damage|p2a: Mimikyu|76/100|[from] Sandstorm\n|-damage|p1b: Sneasler|89/100|[from] Sandstorm\n|upkeep\n|turn|3\n|\n|t:|1776015783\n|switch|p1b: Sinistcha|Sinistcha-Masterpiece, L50|100/100\n|-heal|p1a: Garchomp|65/100|[from] ability: Hospitality|[of] p1b: Sinistcha\n|detailschange|p2b: Chimecho|Chimecho-Mega, L50, F\n|-mega|p2b: Chimecho|Chimecho|Chimechite\n|move|p2b: Chimecho|Psychic|p1b: Sinistcha\n|-damage|p1b: Sinistcha|47/100\n|move|p2a: Mimikyu|Play Rough|p1a: Garchomp|[miss]\n|-miss|p2a: Mimikyu|p1a: Garchomp\n|move|p1a: Garchomp|Stealth Rock|p2b: Chimecho\n|-sidestart|p2: DavidTIS|move: Stealth Rock\n|\n|-weather|Sandstorm|[upkeep]\n|-damage|p1b: Sinistcha|41/100|[from] Sandstorm\n|-damage|p2a: Mimikyu|70/100|[from] Sandstorm\n|-heal|p1b: Sinistcha|47/100|[from] item: Leftovers\n|upkeep\n|turn|4\n|\n|t:|1776015802\n|move|p1a: Garchomp|Protect|p1a: Garchomp\n|-singleturn|p1a: Garchomp|Protect\n|move|p2b: Chimecho|Psychic|p1a: Garchomp\n|-activate|p1a: Garchomp|move: Protect\n|move|p1b: Sinistcha|Shadow Ball|p2b: Chimecho\n|-supereffective|p2b: Chimecho|1\n|-damage|p2b: Chimecho|25/100\n|move|p2a: Mimikyu|Shadow Claw|p1b: Sinistcha\n|-supereffective|p1b: Sinistcha|1\n|-damage|p1b: Sinistcha|0 fnt\n|faint|p1b: Sinistcha\n|\n|-weather|Sandstorm|[upkeep]\n|-damage|p2a: Mimikyu|64/100|[from] Sandstorm\n|upkeep\n|\n|t:|1776015806\n|switch|p1b: Sneasler|Sneasler, L50, F|89/100\n|turn|5\n|\n|t:|1776015819\n|move|p2b: Chimecho|Psychic|p1b: Sneasler\n|-supereffective|p1b: Sneasler|2\n|-damage|p1b: Sneasler|0 fnt\n|faint|p1b: Sneasler\n|move|p2a: Mimikyu|Play Rough|p1a: Garchomp\n|-supereffective|p1a: Garchomp|1\n|-damage|p1a: Garchomp|0 fnt\n|faint|p1a: Garchomp\n|\n|-weather|none\n|upkeep\n|\n|t:|1776015823\n|switch|p1b: Archaludon|Archaludon, L50, F|100/100\n|turn|6\n|inactive|DavidTIS has 30 seconds left.\n|\n|t:|1776015852\n|move|p2b: Chimecho|Psychic|p1b: Archaludon\n|-resisted|p1b: Archaludon|1\n|-damage|p1b: Archaludon|63/100\n|-ability|p1b: Archaludon|Stamina|boost\n|-boost|p1b: Archaludon|def|1\n|move|p2a: Mimikyu|Play Rough|p1b: Archaludon\n|-damage|p1b: Archaludon|44/100\n|-ability|p1b: Archaludon|Stamina|boost\n|-boost|p1b: Archaludon|def|1\n|move|p1b: Archaludon|Flash Cannon|p2a: Mimikyu\n|-supereffective|p2a: Mimikyu|1\n|-damage|p2a: Mimikyu|0 fnt\n|faint|p2a: Mimikyu\n|\n|-fieldend|move: Trick Room\n|upkeep\n|\n|t:|1776015865\n|switch|p2a: Drampa|Drampa, L50, M|100/100\n|-damage|p2a: Drampa|88/100|[from] Stealth Rock\n|-ability|p2a: Drampa|Cloud Nine\n|turn|7\n|\n|t:|1776015879\n|move|p1b: Archaludon|Draco Meteor|p2a: Drampa\n|-supereffective|p2a: Drampa|1\n|-damage|p2a: Drampa|0 fnt\n|-unboost|p1b: Archaludon|spa|2\n|faint|p2a: Drampa\n|move|p2b: Chimecho|Recover|p2b: Chimecho\n|-heal|p2b: Chimecho|75/100\n|\n|upkeep\n|\n|t:|1776015882\n|switch|p2a: Lucario|Lucario, L50, F|1/100\n|-damage|p2a: Lucario|0 fnt|[from] Stealth Rock\n|faint|p2a: Lucario\n|turn|8\n|-activate|p1b: Archaludon|item: Quick Claw\n|\n|t:|1776015892\n|move|p1b: Archaludon|Electro Shot||[still]\n|-prepare|p1b: Archaludon|Electro Shot\n|-boost|p1b: Archaludon|spa|1\n|move|p2b: Chimecho|Psychic|p1b: Archaludon\n|-resisted|p1b: Archaludon|1\n|-crit|p1b: Archaludon\n|-damage|p1b: Archaludon|0 fnt\n|faint|p1b: Archaludon\n|\n|win|DavidTIS\n|raw|fiddleshorts's rating: 1104 &rarr; <strong>1080</strong><br />(-24 for losing)\n|raw|DavidTIS's rating: 1116 &rarr; <strong>1140</strong><br />(+24 for winning)\n|l|\u2606fiddleshorts\n|player|p1|\n",
  "uploadtime": 1776015900,
  "views": 18,
  "formatid": "gen9championsvgc2026regma",
  "rating": 1080,
  "private": 0,
  "password": null
}