{
  "id": "gen9championsvgc2026regma-2583370743",
  "format": "[Gen 9 Champions] VGC 2026 Reg M-A",
  "players": [
    "benjiapollo",
    "derivedbow"
  ],
  "log": "|j|\u2606benjiapollo\n|j|\u2606derivedbow\n|t:|1776170871\n|gametype|doubles\n|player|p1|benjiapollo|giovanni|1033\n|player|p2|derivedbow|266|1000\n|gen|9\n|tier|[Gen 9 Champions] VGC 2026 Reg M-A\n|rated|\n|rule|Species Clause: Limit one of each Pok\u00e9mon\n|rule|Item Clause: Limit 1 of each item\n|clearpoke\n|poke|p1|Charizard, L50, F|\n|poke|p1|Venusaur, L50, F|\n|poke|p1|Garchomp, L50, F|\n|poke|p1|Whimsicott, L50, M|\n|poke|p1|Rotom-Wash, L50|\n|poke|p1|Aerodactyl, L50, M|\n|poke|p2|Basculegion, L50, M|\n|poke|p2|Sneasler, L50, M|\n|poke|p2|Garchomp, L50, F|\n|poke|p2|Aerodactyl, L50, F|\n|poke|p2|Tyranitar, L50, M|\n|poke|p2|Meganium, L50, F|\n|teampreview|4\nderivedbow has agreed to open team sheets.\n|inactive|Battle timer is ON: inactive players will automatically lose when time's up. (requested by benjiapollo)\n|inactive|derivedbow has 60 seconds left.\n|\n|t:|1776170936\n|teamsize|p1|4\n|teamsize|p2|4\n|start\n|switch|p1a: Whimsicott|Whimsicott, L50, M|100/100\n|switch|p1b: Rotom|Rotom-Wash, L50|100/100\n|switch|p2a: Aerodactyl|Aerodactyl, L50, F|100/100\n|switch|p2b: Garchomp|Garchomp, L50, F|100/100\n|-ability|p2a: Aerodactyl|Unnerve\n|turn|1\n|inactive|benjiapollo has 30 seconds left.\n|inactive|derivedbow has 30 seconds left.\n|inactive|derivedbow has 20 seconds left.\n|\n|t:|1776170973\n|move|p1a: Whimsicott|Tailwind|p1a: Whimsicott\n|-sidestart|p1: benjiapollo|move: Tailwind\n|move|p1b: Rotom|Thunderbolt|p2a: Aerodactyl\n|-supereffective|p2a: Aerodactyl|1\n|-enditem|p2a: Aerodactyl|Focus Sash\n|-damage|p2a: Aerodactyl|1/100\n|move|p2a: Aerodactyl|Tailwind|p2a: Aerodactyl\n|-sidestart|p2: derivedbow|move: Tailwind\n|move|p2b: Garchomp|Rock Slide|p1b: Rotom|[spread] p1a\n|-miss|p2b: Garchomp|p1b: Rotom\n|-damage|p1a: Whimsicott|69/100\n|\n|upkeep\n|turn|2\n|\n|t:|1776170992\n|move|p2a: Aerodactyl|Dual Wingbeat|p1a: Whimsicott\n|-supereffective|p1a: Whimsicott|1\n|-damage|p1a: Whimsicott|11/100\n|-supereffective|p1a: Whimsicott|1\n|-damage|p1a: Whimsicott|0 fnt\n|faint|p1a: Whimsicott\n|-hitcount|p1: Whimsicott|2\n|move|p2b: Garchomp|Scale Shot|p1b: Rotom\n|-damage|p1b: Rotom|87/100\n|-damage|p1b: Rotom|74/100\n|-hitcount|p1b: Rotom|2\n|-unboost|p2b: Garchomp|def|1\n|-boost|p2b: Garchomp|spe|1\n|move|p1b: Rotom|Thunderbolt|p2a: Aerodactyl\n|-supereffective|p2a: Aerodactyl|1\n|-damage|p2a: Aerodactyl|0 fnt\n|faint|p2a: Aerodactyl\n|\n|upkeep\n|\n|t:|1776171011\n|switch|p2a: Tyranitar|Tyranitar, L50, M|100/100\n|switch|p1a: Garchomp|Garchomp, L50, F|100/100\n|-weather|Sandstorm|[from] ability: Sand Stream|[of] p2a: Tyranitar\n|turn|3\n|\n|t:|1776171023\n|move|p1a: Garchomp|Protect|p1a: Garchomp\n|-singleturn|p1a: Garchomp|Protect\n|move|p2a: Tyranitar|Protect|p2a: Tyranitar\n|-singleturn|p2a: Tyranitar|Protect\n|move|p2b: Garchomp|Scale Shot|p1a: Garchomp\n|-activate|p1a: Garchomp|move: Protect\n|move|p1b: Rotom|Hydro Pump|p2a: Tyranitar\n|-activate|p2a: Tyranitar|move: Protect\n|\n|-weather|Sandstorm|[upkeep]\n|-damage|p1b: Rotom|68/100|[from] Sandstorm\n|upkeep\n|turn|4\n|\n|t:|1776171042\n|switch|p2a: Basculegion|Basculegion, L50, M|100/100\n|move|p2b: Garchomp|Scale Shot|p1a: Garchomp\n|-supereffective|p1a: Garchomp|1\n|-damage|p1a: Garchomp|71/100\n|-supereffective|p1a: Garchomp|1\n|-damage|p1a: Garchomp|41/100\n|-hitcount|p1a: Garchomp|2\n|-unboost|p2b: Garchomp|def|1\n|-boost|p2b: Garchomp|spe|1\n|move|p1a: Garchomp|Dragon Claw|p2b: Garchomp|[miss]\n|-miss|p1a: Garchomp|p2b: Garchomp\n|move|p1b: Rotom|Hydro Pump|p2a: Basculegion\n|-resisted|p2a: Basculegion|1\n|-damage|p2a: Basculegion|74/100\n|\n|-weather|Sandstorm|[upkeep]\n|-damage|p2a: Basculegion|68/100|[from] Sandstorm\n|-damage|p1b: Rotom|62/100|[from] Sandstorm\n|-sideend|p1: benjiapollo|move: Tailwind\n|-sideend|p2: derivedbow|move: Tailwind\n|upkeep\n|turn|5\n|c|\u2606benjiapollo|what\n|c|\u2606benjiapollo|sand veil?\n|inactive|benjiapollo has 30 seconds left.\n|inactive|derivedbow has 30 seconds left.\n|inactive|derivedbow has 20 seconds left.\n|inactive|derivedbow has 15 seconds left.\n|\n|t:|1776171087\n|move|p1a: Garchomp|Protect|p1a: Garchomp\n|-singleturn|p1a: Garchomp|Protect\n|move|p2b: Garchomp|Stomping Tantrum|p1a: Garchomp\n|-activate|p1a: Garchomp|move: Protect\n|move|p2a: Basculegion|Last Respects|p1b: Rotom\n|-damage|p1b: Rotom|0 fnt\n|faint|p1b: Rotom\n|\n|-weather|Sandstorm|[upkeep]\n|-damage|p2a: Basculegion|62/100|[from] Sandstorm\n|upkeep\n|\n|t:|1776171097\n|switch|p1b: Charizard|Charizard, L50, F|100/100\n|turn|6\n|\n|t:|1776171103\n|move|p1b: Charizard|Protect|p1b: Charizard\n|-singleturn|p1b: Charizard|Protect\n|move|p2b: Garchomp|Rock Slide|p1a: Garchomp|[spread] p1a\n|-activate|p1b: Charizard|move: Protect\n|-resisted|p1a: Garchomp|1\n|-damage|p1a: Garchomp|32/100\n|move|p2a: Basculegion|Last Respects|p1a: Garchomp\n|-damage|p1a: Garchomp|0 fnt\n|faint|p1a: Garchomp\n|\n|-weather|Sandstorm|[upkeep]\n|-damage|p2a: Basculegion|56/100|[from] Sandstorm\n|-damage|p1b: Charizard|95/100|[from] Sandstorm\n|upkeep\n|turn|7\n|-message|benjiapollo forfeited.\n|\n|win|derivedbow\n|raw|benjiapollo's rating: 1033 &rarr; <strong>1017</strong><br />(-16 for losing)\n|raw|derivedbow's rating: 1000 &rarr; <strong>1044</strong><br />(+44 for winning)\n",
  "uploadtime": 1776171116,
  "views": 18,
  "formatid": "gen9championsvgc2026regma",
  "rating": 1017,
  "private": 0,
  "password": null
}