{
  "id": "gen9championsvgc2026regma-2585714439",
  "format": "[Gen 9 Champions] VGC 2026 Reg M-A",
  "players": [
    "babadaboobadi",
    "RamiCane"
  ],
  "log": "|j|\u2606babadaboobadi\n|j|\u2606RamiCane\n|t:|1776365558\n|gametype|doubles\n|player|p1|babadaboobadi|grimsley|1000\n|player|p2|RamiCane|veteran|1083\n|gen|9\n|tier|[Gen 9 Champions] VGC 2026 Reg M-A\n|rated|\n|rule|Species Clause: Limit one of each Pok\u00e9mon\n|rule|Item Clause: Limit 1 of each item\n|clearpoke\n|poke|p1|Starmie, L50|\n|poke|p1|Pelipper, L50, F|\n|poke|p1|Archaludon, L50, F|\n|poke|p1|Sneasler, L50, M|\n|poke|p1|Whimsicott, L50, M|\n|poke|p1|Drampa, L50, M|\n|poke|p2|Umbreon, L50, F|\n|poke|p2|Skarmory, L50, F|\n|poke|p2|Ninetales, L50, M|\n|poke|p2|Venusaur, L50, F|\n|poke|p2|Vaporeon, L50, F|\n|poke|p2|Garchomp, L50, F|\n|teampreview|4\n|\n|t:|1776365596\n|teamsize|p1|4\n|teamsize|p2|4\n|start\n|switch|p1a: Pelipper|Pelipper, L50, F, shiny|100/100\n|switch|p1b: Archaludon|Archaludon, L50, F|100/100\n|switch|p2a: Skarmory|Skarmory, L50, F|100/100\n|switch|p2b: Ninetales|Ninetales, L50, M|100/100\n|-weather|SunnyDay|[from] ability: Drought|[of] p2b: Ninetales\n|-weather|RainDance|[from] ability: Drizzle|[of] p1a: Pelipper\n|turn|1\n|\n|t:|1776365620\n|switch|p2b: Umbreon|Umbreon, L50, F|100/100\n|move|p2a: Skarmory|Swords Dance|p2a: Skarmory\n|-boost|p2a: Skarmory|atk|2\n|move|p1b: Archaludon|Electro Shot||[still]\n|-prepare|p1b: Archaludon|Electro Shot\n|-boost|p1b: Archaludon|spa|1\n|-anim|p1b: Archaludon|Electro Shot|p2a: Skarmory\n|-supereffective|p2a: Skarmory|1\n|-ability|p2a: Skarmory|Sturdy\n|-damage|p2a: Skarmory|1/100\n|move|p1a: Pelipper|Tailwind|p1a: Pelipper\n|-sidestart|p1: babadaboobadi|move: Tailwind\n|\n|-weather|RainDance|[upkeep]\n|upkeep\n|turn|2\n|\n|t:|1776365649\n|switch|p2a: Ninetales|Ninetales, L50, M|100/100\n|-weather|SunnyDay|[from] ability: Drought|[of] p2a: Ninetales\n|move|p1b: Archaludon|Electro Shot||[still]\n|-prepare|p1b: Archaludon|Electro Shot\n|-boost|p1b: Archaludon|spa|1\n|move|p1a: Pelipper|Weather Ball|p2a: Ninetales\n|-resisted|p2a: Ninetales|1\n|-damage|p2a: Ninetales|77/100\n|move|p2b: Umbreon|Yawn|p1b: Archaludon\n|-start|p1b: Archaludon|move: Yawn|[of] p2b: Umbreon\n|\n|-weather|SunnyDay|[upkeep]\n|upkeep\n|turn|3\n|\n|t:|1776365692\n|move|p2a: Ninetales|Protect|p2a: Ninetales\n|-singleturn|p2a: Ninetales|Protect\n|move|p1a: Pelipper|Protect|p1a: Pelipper\n|-singleturn|p1a: Pelipper|Protect\n|move|p1b: Archaludon|Electro Shot|p2b: Umbreon|[from] lockedmove\n|-damage|p2b: Umbreon|44/100\n|move|p2b: Umbreon|Snarl|p1a: Pelipper|[spread] p1b\n|-activate|p1a: Pelipper|move: Protect\n|-damage|p1b: Archaludon|87/100\n|-unboost|p1b: Archaludon|spa|1\n|-ability|p1b: Archaludon|Stamina|boost\n|-boost|p1b: Archaludon|def|1\n|\n|-weather|SunnyDay|[upkeep]\n|-heal|p1b: Archaludon|93/100|[from] item: Leftovers\n|-heal|p2b: Umbreon|49/100|[from] item: Leftovers\n|-end|p1b: Archaludon|move: Yawn|[silent]\n|-status|p1b: Archaludon|slp\n|upkeep\n|turn|4\n|\n|t:|1776365721\n|switch|p2a: Venusaur|Venusaur, L50, F|100/100\n|switch|p1a: Sneasler|Sneasler, L50, M|100/100\n|cant|p1b: Archaludon|slp\n|move|p2b: Umbreon|Moonlight|p2b: Umbreon\n|-heal|p2b: Umbreon|100/100\n|\n|-weather|SunnyDay|[upkeep]\n|-heal|p1b: Archaludon|99/100 slp|[from] item: Leftovers\n|-sideend|p1: babadaboobadi|move: Tailwind\n|upkeep\n|turn|5\n|\n|t:|1776365743\n|move|p2a: Venusaur|Protect|p2a: Venusaur\n|-singleturn|p2a: Venusaur|Protect\n|move|p1a: Sneasler|Fake Out|p2a: Venusaur\n|-activate|p2a: Venusaur|move: Protect\n|cant|p1b: Archaludon|slp\n|move|p2b: Umbreon|Foul Play|p1a: Sneasler\n|-resisted|p1a: Sneasler|1\n|-damage|p1a: Sneasler|60/100\n|\n|-weather|SunnyDay|[upkeep]\n|-heal|p1b: Archaludon|100/100 slp|[from] item: Leftovers\n|upkeep\n|turn|6\n|\n|t:|1776365763\n|switch|p1a: Pelipper|Pelipper, L50, F, shiny|100/100\n|-weather|RainDance|[from] ability: Drizzle|[of] p1a: Pelipper\n|move|p2a: Venusaur|Solar Beam||[still]\n|-prepare|p2a: Venusaur|Solar Beam\n|-curestatus|p1b: Archaludon|slp|[msg]\n|move|p1b: Archaludon|Electro Shot||[still]\n|-prepare|p1b: Archaludon|Electro Shot\n|-boost|p1b: Archaludon|spa|1\n|-anim|p1b: Archaludon|Electro Shot|p2b: Umbreon\n|-damage|p2b: Umbreon|45/100\n|move|p2b: Umbreon|Foul Play|p1a: Pelipper\n|-damage|p1a: Pelipper|77/100\n|\n|-weather|RainDance|[upkeep]\n|-heal|p2b: Umbreon|50/100|[from] item: Leftovers\n|upkeep\n|turn|7\n|\n|t:|1776365793\n|switch|p2b: Ninetales|Ninetales, L50, M|77/100\n|-weather|SunnyDay|[from] ability: Drought|[of] p2b: Ninetales\n|move|p2a: Venusaur|Solar Beam|p1a: Pelipper|[from] lockedmove\n|-damage|p1a: Pelipper|7/100\n|move|p1b: Archaludon|Electro Shot||[still]\n|-prepare|p1b: Archaludon|Electro Shot\n|-boost|p1b: Archaludon|spa|1\n|move|p1a: Pelipper|Hurricane|p2a: Venusaur|[miss]\n|-miss|p1a: Pelipper|p2a: Venusaur\n|\n|-weather|SunnyDay|[upkeep]\n|upkeep\n|turn|8\n|\n|t:|1776365821\n|switch|p1a: Sneasler|Sneasler, L50, M|60/100\n|move|p2a: Venusaur|Solar Beam||[still]\n|-prepare|p2a: Venusaur|Solar Beam\n|-anim|p2a: Venusaur|Solar Beam|p1a: Sneasler\n|-resisted|p1a: Sneasler|1\n|-damage|p1a: Sneasler|22/100\n|move|p2b: Ninetales|Fire Blast|p1b: Archaludon\n|-damage|p1b: Archaludon|25/100\n|-ability|p1b: Archaludon|Stamina|boost\n|-boost|p1b: Archaludon|def|1\n|move|p1b: Archaludon|Electro Shot|p2b: Ninetales|[from] lockedmove\n|-damage|p2b: Ninetales|0 fnt\n|faint|p2b: Ninetales\n|\n|-weather|SunnyDay|[upkeep]\n|-heal|p1b: Archaludon|31/100|[from] item: Leftovers\n|upkeep\n|\n|t:|1776365838\n|switch|p2b: Umbreon|Umbreon, L50, F|50/100\n|turn|9\n|\n|t:|1776365858\n|move|p2a: Venusaur|Energy Ball|p1b: Archaludon\n|-resisted|p1b: Archaludon|2\n|-damage|p1b: Archaludon|18/100\n|-ability|p1b: Archaludon|Stamina|boost\n|-boost|p1b: Archaludon|def|1\n|move|p1a: Sneasler|Dire Claw|p2a: Venusaur\n|-damage|p2a: Venusaur|48/100\n|-enditem|p2a: Venusaur|Sitrus Berry|[eat]\n|-heal|p2a: Venusaur|73/100|[from] item: Sitrus Berry\n|move|p1b: Archaludon|Iron Head|p2b: Umbreon\n|-damage|p2b: Umbreon|29/100\n|move|p2b: Umbreon|Foul Play|p1b: Archaludon\n|-damage|p1b: Archaludon|5/100\n|-ability|p1b: Archaludon|Stamina|boost\n|-boost|p1b: Archaludon|def|1\n|\n|-weather|SunnyDay|[upkeep]\n|-heal|p1b: Archaludon|11/100|[from] item: Leftovers\n|-heal|p2b: Umbreon|35/100|[from] item: Leftovers\n|upkeep\n|turn|10\n|\n|t:|1776365895\n|move|p2a: Venusaur|Energy Ball|p1b: Archaludon\n|-resisted|p1b: Archaludon|2\n|-damage|p1b: Archaludon|0 fnt\n|faint|p1b: Archaludon\n|move|p1a: Sneasler|Dire Claw|p2a: Venusaur\n|-damage|p2a: Venusaur|18/100\n|move|p2b: Umbreon|Moonlight|p2b: Umbreon\n|-heal|p2b: Umbreon|100/100\n|\n|-weather|SunnyDay|[upkeep]\n|upkeep\n|\n|t:|1776365909\n|switch|p1b: Pelipper|Pelipper, L50, F, shiny|7/100\n|-weather|RainDance|[from] ability: Drizzle|[of] p1b: Pelipper\n|turn|11\n|\n|t:|1776365922\n|move|p2a: Venusaur|Protect|p2a: Venusaur\n|-singleturn|p2a: Venusaur|Protect\n|move|p1a: Sneasler|Dire Claw|p2a: Venusaur\n|-activate|p2a: Venusaur|move: Protect\n|move|p2b: Umbreon|Snarl|p1b: Pelipper|[spread] p1a,p1b\n|-resisted|p1a: Sneasler|1\n|-damage|p1a: Sneasler|16/100\n|-damage|p1b: Pelipper|0 fnt\n|-unboost|p1a: Sneasler|spa|1\n|faint|p1b: Pelipper\n|-enditem|p1a: Sneasler|White Herb\n|-clearnegativeboost|p1a: Sneasler|[silent]\n|\n|-weather|RainDance|[upkeep]\n|upkeep\n|\n|t:|1776365934\n|switch|p1b: Starmie|Starmie, L50, shiny|100/100\n|turn|12\n|\n|t:|1776365966\n|detailschange|p1b: Starmie|Starmie-Mega, L50, shiny\n|-mega|p1b: Starmie|Starmie|Starminite\n|move|p1a: Sneasler|Close Combat|p2a: Venusaur\n|-resisted|p2a: Venusaur|1\n|-damage|p2a: Venusaur|0 fnt\n|-unboost|p1a: Sneasler|def|1\n|-unboost|p1a: Sneasler|spd|1\n|faint|p2a: Venusaur\n|move|p1b: Starmie|Liquidation|p2b: Umbreon\n|-damage|p2b: Umbreon|6/100\n|move|p2b: Umbreon|Foul Play|p1a: Sneasler\n|-resisted|p1a: Sneasler|1\n|-damage|p1a: Sneasler|0 fnt\n|faint|p1a: Sneasler\n|\n|-weather|RainDance|[upkeep]\n|-heal|p2b: Umbreon|12/100|[from] item: Leftovers\n|upkeep\n|\n|t:|1776365982\n|switch|p2a: Skarmory|Skarmory, L50, F|1/100\n|turn|13\n|\n|t:|1776365994\n|detailschange|p2a: Skarmory|Skarmory-Mega, L50, F\n|-mega|p2a: Skarmory|Skarmory|Skarmorite\n|move|p1b: Starmie|Aqua Jet|p2a: Skarmory\n|-damage|p2a: Skarmory|0 fnt\n|faint|p2a: Skarmory\n|move|p2b: Umbreon|Foul Play|p1b: Starmie\n|-supereffective|p1b: Starmie|1\n|-damage|p1b: Starmie|0 fnt\n|faint|p1b: Starmie\n|\n|win|RamiCane\n|raw|babadaboobadi's rating: 1000 &rarr; <strong>1000</strong><br />(+0 for losing)\n|raw|RamiCane's rating: 1083 &rarr; <strong>1104</strong><br />(+21 for winning)\n|c|\u2606RamiCane|gg\n|l|\u2606babadaboobadi\n|player|p1|\n",
  "uploadtime": 1776366025,
  "views": 17,
  "formatid": "gen9championsvgc2026regma",
  "rating": 1000,
  "private": 0,
  "password": null
}