{
  "id": "gen9championsvgc2026regma-2586607896",
  "format": "[Gen 9 Champions] VGC 2026 Reg M-A",
  "players": [
    "HighasaMantyke",
    "Yoshixmegan"
  ],
  "log": "|j|\u2606HighasaMantyke\n|j|\u2606Yoshixmegan\n|t:|1776446447\n|gametype|doubles\n|player|p1|HighasaMantyke|drayton|1133\n|player|p2|Yoshixmegan|101|1050\n|gen|9\n|tier|[Gen 9 Champions] VGC 2026 Reg M-A\n|rated|\n|rule|Species Clause: Limit one of each Pok\u00e9mon\n|rule|Item Clause: Limit 1 of each item\n|clearpoke\n|poke|p1|Steelix, L50, M|\n|poke|p1|Clefable, L50, F|\n|poke|p1|Sinistcha, L50|\n|poke|p1|Armarouge, L50, M|\n|poke|p1|Meowstic, L50, M|\n|poke|p1|Sneasler, L50, F|\n|poke|p2|Golurk, L50|\n|poke|p2|Farigiraf, L50, M|\n|poke|p2|Incineroar, L50, M|\n|poke|p2|Torkoal, L50, M|\n|poke|p2|Venusaur, L50, M|\n|poke|p2|Sneasler, L50, F|\n|teampreview|4\n|inactive|Battle timer is ON: inactive players will automatically lose when time's up. (requested by HighasaMantyke)\n|\n|t:|1776446472\n|teamsize|p1|4\n|teamsize|p2|4\n|start\n|switch|p1a: Meowstic|Meowstic, L50, M|100/100\n|switch|p1b: Armarouge|Armarouge, L50, M|100/100\n|switch|p2a: Golurk|Golurk, L50, shiny|100/100\n|switch|p2b: Farigiraf|Farigiraf, L50, M, shiny|100/100\n|turn|1\n|\n|t:|1776446496\n|move|p2a: Golurk|Protect|p2a: Golurk\n|-singleturn|p2a: Golurk|Protect\n|move|p1a: Meowstic|Psychic Terrain|p1a: Meowstic\n|-fieldstart|move: Psychic Terrain\n|move|p1b: Armarouge|Expanding Force|p2a: Golurk|[spread] p2b\n|-activate|p2a: Golurk|move: Protect\n|-resisted|p2b: Farigiraf|1\n|-damage|p2b: Farigiraf|66/100\n|move|p2b: Farigiraf|Trick Room|p2b: Farigiraf\n|-fieldstart|move: Trick Room|[of] p2b: Farigiraf\n|\n|upkeep\n|turn|2\n|inactive|Yoshixmegan has 30 seconds left.\n|\n|t:|1776446523\n|detailschange|p2a: Golurk|Golurk-Mega, L50, shiny\n|-mega|p2a: Golurk|Golurk|Golurkite\n|move|p1b: Armarouge|Protect|p1b: Armarouge\n|-singleturn|p1b: Armarouge|Protect\n|move|p2b: Farigiraf|Hyper Voice|p1a: Meowstic|[spread] p1a\n|-activate|p1b: Armarouge|move: Protect\n|-damage|p1a: Meowstic|63/100\n|move|p2a: Golurk|Poltergeist|p1b: Armarouge\n|-activate|p1b: Armarouge|move: Protect\n|move|p1a: Meowstic|Trick Room|p1a: Meowstic\n|-fieldend|move: Trick Room\n|\n|upkeep\n|turn|3\n|\n|t:|1776446542\n|move|p2a: Golurk|Protect|p2a: Golurk\n|-singleturn|p2a: Golurk|Protect\n|move|p1a: Meowstic|Expanding Force|p2a: Golurk|[spread] p2b\n|-activate|p2a: Golurk|move: Protect\n|-resisted|p2b: Farigiraf|1\n|-damage|p2b: Farigiraf|44/100\n|-enditem|p2b: Farigiraf|Sitrus Berry|[eat]\n|-heal|p2b: Farigiraf|69/100|[from] item: Sitrus Berry\n|move|p1b: Armarouge|Expanding Force|p2a: Golurk|[spread] p2b\n|-activate|p2a: Golurk|move: Protect\n|-resisted|p2b: Farigiraf|1\n|-damage|p2b: Farigiraf|31/100\n|move|p2b: Farigiraf|Trick Room|p2b: Farigiraf\n|-fieldstart|move: Trick Room|[of] p2b: Farigiraf\n|\n|upkeep\n|turn|4\n|inactive|HighasaMantyke has 30 seconds left.\n|\n|t:|1776446569\n|switch|p1a: Steelix|Steelix, L50, M|100/100\n|move|p2b: Farigiraf|Hyper Voice|p1a: Steelix|[spread] p1a,p1b\n|-resisted|p1a: Steelix|1\n|-damage|p1a: Steelix|82/100\n|-damage|p1b: Armarouge|68/100\n|move|p2a: Golurk|Poltergeist|p1a: Steelix\n|-activate|p1a: Steelix|move: Poltergeist|Quick Claw\n|-damage|p1a: Steelix|42/100\n|move|p1b: Armarouge|Expanding Force|p2a: Golurk|[spread] p2a,p2b\n|-resisted|p2b: Farigiraf|1\n|-damage|p2a: Golurk|32/100\n|-damage|p2b: Farigiraf|0 fnt\n|faint|p2b: Farigiraf\n|\n|upkeep\n|\n|t:|1776446583\n|switch|p2b: Torkoal|Torkoal, L50, M|100/100\n|-weather|SunnyDay|[from] ability: Drought|[of] p2b: Torkoal\n|turn|5\n|\n|t:|1776446597\n|move|p1b: Armarouge|Protect|p1b: Armarouge\n|-singleturn|p1b: Armarouge|Protect\n|move|p2b: Torkoal|Eruption|p1a: Steelix|[spread] p1a\n|-activate|p1b: Armarouge|move: Protect\n|-supereffective|p1a: Steelix|1\n|-damage|p1a: Steelix|0 fnt\n|faint|p1a: Steelix\n|move|p2a: Golurk|Headlong Rush|p1b: Armarouge\n|-supereffective|p1b: Armarouge|1\n|-ability|p2a: Golurk|Unseen Fist\n|-zbroken|p1b: Armarouge\n|-damage|p1b: Armarouge|34/100\n|-unboost|p2a: Golurk|def|1\n|-unboost|p2a: Golurk|spd|1\n|\n|-weather|SunnyDay|[upkeep]\n|-fieldend|move: Psychic Terrain\n|upkeep\n|\n|t:|1776446611\n|switch|p1a: Clefable|Clefable, L50, F|100/100\n|turn|6\n|\n|t:|1776446636\n|detailschange|p1a: Clefable|Clefable-Mega, L50, F\n|-mega|p1a: Clefable|Clefable|Clefablite\n|move|p2b: Torkoal|Eruption|p1b: Armarouge|[spread] p1a\n|-start|p1b: Armarouge|ability: Flash Fire\n|-damage|p1a: Clefable|31/100\n|move|p2a: Golurk|Headlong Rush|p1b: Armarouge\n|-supereffective|p1b: Armarouge|1\n|-damage|p1b: Armarouge|0 fnt\n|-unboost|p2a: Golurk|def|1\n|-unboost|p2a: Golurk|spd|1\n|faint|p1b: Armarouge\n|move|p1a: Clefable|Air Slash|p2b: Torkoal\n|-damage|p2b: Torkoal|40/100\n|\n|-weather|SunnyDay|[upkeep]\n|upkeep\n|\n|t:|1776446650\n|switch|p1b: Meowstic|Meowstic, L50, M|63/100\n|turn|7\n|\n|t:|1776446659\n|move|p1b: Meowstic|Protect|p1b: Meowstic\n|-singleturn|p1b: Meowstic|Protect\n|move|p1a: Clefable|Protect|p1a: Clefable\n|-singleturn|p1a: Clefable|Protect\n|move|p2b: Torkoal|Eruption|p1b: Meowstic|[spread] \n|-activate|p1a: Clefable|move: Protect\n|-activate|p1b: Meowstic|move: Protect\n|move|p2a: Golurk|Poltergeist|p1a: Clefable\n|-activate|p1a: Clefable|move: Protect\n|\n|-weather|SunnyDay|[upkeep]\n|-fieldend|move: Trick Room\n|upkeep\n|turn|8\n|c|\u2606Yoshixmegan|stall\n|c|\u2606Yoshixmegan|RAHH\n|inactive|HighasaMantyke has 30 seconds left.\n|\n|t:|1776446688\n|move|p2b: Torkoal|Protect|p2b: Torkoal\n|-singleturn|p2b: Torkoal|Protect\n|move|p1b: Meowstic|Psychic Terrain|p1b: Meowstic\n|-fieldstart|move: Psychic Terrain\n|move|p1a: Clefable|Moonblast|p2a: Golurk\n|-damage|p2a: Golurk|0 fnt\n|faint|p2a: Golurk\n|\n|-weather|SunnyDay|[upkeep]\n|upkeep\n|\n|t:|1776446695\n|switch|p2a: Venusaur|Venusaur, L50, M, shiny|100/100\n|turn|9\n|\n|t:|1776446706\n|move|p1b: Meowstic|Protect|p1b: Meowstic\n|-singleturn|p1b: Meowstic|Protect\n|move|p1a: Clefable|Protect|p1a: Clefable\n|-singleturn|p1a: Clefable|Protect\n|move|p2a: Venusaur|Leaf Storm|p1b: Meowstic\n|-activate|p1b: Meowstic|move: Protect\n|move|p2b: Torkoal|Eruption|p1b: Meowstic|[spread] \n|-activate|p1a: Clefable|move: Protect\n|-activate|p1b: Meowstic|move: Protect\n|\n|-weather|none\n|upkeep\n|turn|10\n|\n|t:|1776446724\n|move|p1b: Meowstic|Expanding Force|p2a: Venusaur|[spread] p2a,p2b\n|-supereffective|p2a: Venusaur|1\n|-enditem|p2a: Venusaur|Focus Sash\n|-damage|p2a: Venusaur|1/100\n|-damage|p2b: Torkoal|0 fnt\n|faint|p2b: Torkoal\n|move|p2a: Venusaur|Sludge Bomb|p1a: Clefable\n|-supereffective|p1a: Clefable|1\n|-damage|p1a: Clefable|0 fnt\n|faint|p1a: Clefable\n|\n|upkeep\n|turn|11\n|c|\u2606Yoshixmegan|luckiest sun drop omg\n|inactive|Yoshixmegan has 30 seconds left.\n|\n|t:|1776446749\n|move|p1b: Meowstic|Expanding Force|p2a: Venusaur\n|-supereffective|p2a: Venusaur|1\n|-damage|p2a: Venusaur|0 fnt\n|faint|p2a: Venusaur\n|\n|win|HighasaMantyke\n|raw|HighasaMantyke's rating: 1133 &rarr; <strong>1152</strong><br />(+19 for winning)\n|raw|Yoshixmegan's rating: 1050 &rarr; <strong>1037</strong><br />(-13 for losing)\n",
  "uploadtime": 1776446752,
  "views": 21,
  "formatid": "gen9championsvgc2026regma",
  "rating": 1037,
  "private": 0,
  "password": null
}