{
  "id": "gen9championsvgc2026regma-2587293170",
  "format": "[Gen 9 Champions] VGC 2026 Reg M-A",
  "players": [
    "jhon12981",
    "KogaAF1219"
  ],
  "log": "|j|\u2606jhon12981\n|j|\u2606KogaAF1219\n|t:|1776519095\n|gametype|doubles\n|player|p1|jhon12981|hugh|1287\n|player|p2|KogaAF1219|koga|1372\n|gen|9\n|tier|[Gen 9 Champions] VGC 2026 Reg M-A\n|rated|\n|rule|Species Clause: Limit one of each Pok\u00e9mon\n|rule|Item Clause: Limit 1 of each item\n|clearpoke\n|poke|p1|Basculegion-F, L50, F, shiny|\n|poke|p1|Sinistcha, L50, shiny|\n|poke|p1|Pelipper, L50, F|\n|poke|p1|Archaludon, L50, F|\n|poke|p1|Sneasler, L50, F|\n|poke|p1|Dragonite, L50, F, shiny|\n|poke|p2|Torkoal, L50, F|\n|poke|p2|Venusaur, L50, F|\n|poke|p2|Incineroar, L50, F|\n|poke|p2|Farigiraf, L50, F|\n|poke|p2|Rotom-Fan, L50|\n|poke|p2|Excadrill, L50, M|\n|teampreview|4\n|\n|t:|1776519119\n|teamsize|p1|4\n|teamsize|p2|4\n|start\n|switch|p1a: Miranda|Sneasler, L50, F|100/100\n|switch|p1b: cayo sombrero|Pelipper, L50, F|100/100\n|switch|p2a: Rotom|Rotom-Fan, L50|100/100\n|switch|p2b: Excadrill|Excadrill, L50, M|100/100\n|-ability|p2b: Excadrill|Mold Breaker\n|-weather|RainDance|[from] ability: Drizzle|[of] p1b: cayo sombrero\n|turn|1\n|\n|t:|1776519134\n|move|p2b: Excadrill|Protect|p2b: Excadrill\n|-singleturn|p2b: Excadrill|Protect\n|move|p1b: cayo sombrero|Protect|p1b: cayo sombrero\n|-singleturn|p1b: cayo sombrero|Protect\n|move|p2a: Rotom|Discharge|p1a: Miranda|[spread] p1a\n|-activate|p2b: Excadrill|move: Protect\n|-activate|p1b: cayo sombrero|move: Protect\n|-damage|p1a: Miranda|71/100\n|move|p1a: Miranda|Close Combat|p2b: Excadrill\n|-activate|p2b: Excadrill|move: Protect\n|\n|-weather|RainDance|[upkeep]\n|upkeep\n|turn|2\n|\n|t:|1776519152\n|move|p1b: cayo sombrero|Wide Guard|p1b: cayo sombrero\n|-singleturn|p1b: cayo sombrero|Wide Guard\n|move|p2a: Rotom|Discharge|p1b: cayo sombrero|[spread] \n|-activate|p1a: Miranda|move: Wide Guard\n|-activate|p1b: cayo sombrero|move: Wide Guard\n|-immune|p2b: Excadrill\n|move|p1a: Miranda|Close Combat|p2b: Excadrill\n|-supereffective|p2b: Excadrill|1\n|-enditem|p2b: Excadrill|Focus Sash\n|-damage|p2b: Excadrill|1/100\n|-unboost|p1a: Miranda|def|1\n|-unboost|p1a: Miranda|spd|1\n|-enditem|p1a: Miranda|White Herb\n|-clearnegativeboost|p1a: Miranda|[silent]\n|move|p2b: Excadrill|High Horsepower|p1a: Miranda\n|-supereffective|p1a: Miranda|1\n|-damage|p1a: Miranda|0 fnt\n|faint|p1a: Miranda\n|\n|-weather|RainDance|[upkeep]\n|upkeep\n|\n|t:|1776519170\n|switch|p1a: maracaibo|Archaludon, L50, F|100/100\n|turn|3\n|l|\u2606jhon12981\n|player|p1|\n|inactive|Battle timer is ON: inactive players will automatically lose when time's up. (requested by KogaAF1219)\n|j|\u2606jhon12981\n|inactive|jhon12981 reconnected and has 90 seconds left.\n|player|p1|jhon12981|hugh|\n|\n|t:|1776519220\n|switch|p1b: mil en rama|Sinistcha, L50, shiny|100/100\n|move|p2a: Rotom|Discharge|p1b: mil en rama|[spread] p1a,p1b\n|-immune|p2b: Excadrill\n|-resisted|p1a: maracaibo|1\n|-resisted|p1b: mil en rama|1\n|-crit|p1b: mil en rama\n|-damage|p1a: maracaibo|90/100\n|-damage|p1b: mil en rama|85/100\n|-status|p1b: mil en rama|par\n|-ability|p1a: maracaibo|Stamina|boost\n|-boost|p1a: maracaibo|def|1\n|move|p2b: Excadrill|High Horsepower|p1a: maracaibo\n|-supereffective|p1a: maracaibo|1\n|-damage|p1a: maracaibo|37/100\n|-ability|p1a: maracaibo|Stamina|boost\n|-boost|p1a: maracaibo|def|1\n|move|p1a: maracaibo|Electro Shot||[still]\n|-prepare|p1a: maracaibo|Electro Shot\n|-boost|p1a: maracaibo|spa|1\n|-anim|p1a: maracaibo|Electro Shot|p2a: Rotom\n|-damage|p2a: Rotom|34/100\n|\n|-weather|RainDance|[upkeep]\n|-heal|p1a: maracaibo|43/100|[from] item: Leftovers\n|upkeep\n|turn|4\n|\n|t:|1776519242\n|move|p1a: maracaibo|Protect|p1a: maracaibo\n|-singleturn|p1a: maracaibo|Protect\n|move|p2a: Rotom|Discharge|p1b: mil en rama|[spread] p1b\n|-activate|p1a: maracaibo|move: Protect\n|-immune|p2b: Excadrill\n|-resisted|p1b: mil en rama|1\n|-damage|p1b: mil en rama|75/100 par\n|move|p2b: Excadrill|Rock Slide|p1b: mil en rama|[spread] p1b\n|-activate|p1a: maracaibo|move: Protect\n|-damage|p1b: mil en rama|57/100 par\n|cant|p1b: mil en rama|flinch\n|\n|-weather|RainDance|[upkeep]\n|-heal|p1a: maracaibo|49/100|[from] item: Leftovers\n|upkeep\n|turn|5\n|\n|t:|1776519265\n|move|p1a: maracaibo|Protect||[still]\n|-fail|p1a: maracaibo\n|move|p2a: Rotom|Discharge|p1b: mil en rama|[spread] p1a,p1b\n|-immune|p2b: Excadrill\n|-resisted|p1a: maracaibo|1\n|-resisted|p1b: mil en rama|1\n|-damage|p1a: maracaibo|38/100\n|-damage|p1b: mil en rama|47/100 par\n|-ability|p1a: maracaibo|Stamina|boost\n|-boost|p1a: maracaibo|def|1\n|-enditem|p1b: mil en rama|Sitrus Berry|[eat]\n|-heal|p1b: mil en rama|71/100 par|[from] item: Sitrus Berry\n|move|p2b: Excadrill|High Horsepower|p1a: maracaibo\n|-supereffective|p1a: maracaibo|1\n|-damage|p1a: maracaibo|7/100\n|-ability|p1a: maracaibo|Stamina|boost\n|-boost|p1a: maracaibo|def|1\n|move|p1b: mil en rama|Matcha Gotcha|p2b: Excadrill|[spread] p2a\n|-miss|p1b: mil en rama|p2b: Excadrill\n|-resisted|p2a: Rotom|1\n|-damage|p2a: Rotom|21/100\n|-heal|p1b: mil en rama|77/100 par|[from] drain|[of] p2a: Rotom\n|\n|-weather|none\n|-heal|p1a: maracaibo|13/100|[from] item: Leftovers\n|upkeep\n|turn|6\n|\n|t:|1776519290\n|move|p1a: maracaibo|Protect|p1a: maracaibo\n|-singleturn|p1a: maracaibo|Protect\n|move|p2a: Rotom|Discharge|p1a: maracaibo|[spread] p1b\n|-activate|p1a: maracaibo|move: Protect\n|-immune|p2b: Excadrill\n|-resisted|p1b: mil en rama|1\n|-damage|p1b: mil en rama|68/100 par\n|move|p2b: Excadrill|Rock Slide|p1a: maracaibo|[spread] p1b\n|-activate|p1a: maracaibo|move: Protect\n|-damage|p1b: mil en rama|50/100 par\n|move|p1b: mil en rama|Life Dew|p1b: mil en rama|[spread] p1a,p1b\n|-heal|p1a: maracaibo|38/100\n|-heal|p1b: mil en rama|75/100 par\n|\n|-heal|p1a: maracaibo|44/100|[from] item: Leftovers\n|upkeep\n|turn|7\n|inactive|jhon12981 has 30 seconds left.\n|\n|t:|1776519319\n|move|p2a: Rotom|Discharge|p1a: maracaibo|[spread] p1a,p1b\n|-immune|p2b: Excadrill\n|-resisted|p1a: maracaibo|1\n|-resisted|p1b: mil en rama|1\n|-damage|p1a: maracaibo|33/100\n|-damage|p1b: mil en rama|65/100 par\n|-ability|p1a: maracaibo|Stamina|boost\n|-boost|p1a: maracaibo|def|1\n|move|p2b: Excadrill|High Horsepower|p1a: maracaibo\n|-supereffective|p1a: maracaibo|1\n|-damage|p1a: maracaibo|14/100\n|-ability|p1a: maracaibo|Stamina|boost\n|-boost|p1a: maracaibo|def|1\n|move|p1a: maracaibo|Flash Cannon|p2b: Excadrill\n|-resisted|p2b: Excadrill|1\n|-damage|p2b: Excadrill|0 fnt\n|faint|p2b: Excadrill\n|move|p1b: mil en rama|Life Dew|p1b: mil en rama|[spread] p1a,p1b\n|-heal|p1a: maracaibo|39/100\n|-heal|p1b: mil en rama|90/100 par\n|\n|-heal|p1a: maracaibo|45/100|[from] item: Leftovers\n|upkeep\n|\n|t:|1776519330\n|switch|p2b: Venusaur|Venusaur, L50, F|100/100\n|turn|8\n|\n|t:|1776519351\n|switch|p2a: Torkoal|Torkoal, L50, F|100/100\n|-weather|SunnyDay|[from] ability: Drought|[of] p2a: Torkoal\n|move|p1a: maracaibo|Protect|p1a: maracaibo\n|-singleturn|p1a: maracaibo|Protect\n|move|p2b: Venusaur|Earth Power|p1a: maracaibo\n|-activate|p1a: maracaibo|move: Protect\n|cant|p1b: mil en rama|par\n|\n|-weather|SunnyDay|[upkeep]\n|-heal|p1a: maracaibo|51/100|[from] item: Leftovers\n|upkeep\n|turn|9\n|inactive|jhon12981 has 30 seconds left.\n|\n|t:|1776519381\n|switch|p1b: cayo sombrero|Pelipper, L50, F|100/100\n|-weather|RainDance|[from] ability: Drizzle|[of] p1b: cayo sombrero\n|move|p2b: Venusaur|Earth Power|p1a: maracaibo\n|-supereffective|p1a: maracaibo|1\n|-damage|p1a: maracaibo|0 fnt\n|faint|p1a: maracaibo\n|move|p2a: Torkoal|Heat Wave|p1b: cayo sombrero\n|-resisted|p1b: cayo sombrero|1\n|-damage|p1b: cayo sombrero|80/100\n|\n|-weather|RainDance|[upkeep]\n|upkeep\n|\n|t:|1776519392\n|switch|p1a: mil en rama|Sinistcha, L50, shiny|90/100 par\n|-heal|p1b: cayo sombrero|100/100|[from] ability: Hospitality|[of] p1a: mil en rama\n|turn|10\n|\n|t:|1776519398\n|switch|p2a: Rotom|Rotom-Fan, L50|21/100\n|move|p2b: Venusaur|Protect|p2b: Venusaur\n|-singleturn|p2b: Venusaur|Protect\n|move|p1a: mil en rama|Rage Powder|p1a: mil en rama\n|-singleturn|p1a: mil en rama|move: Rage Powder\n|move|p1b: cayo sombrero|Hurricane|p2b: Venusaur\n|-activate|p2b: Venusaur|move: Protect\n|\n|-weather|RainDance|[upkeep]\n|upkeep\n|turn|11\n|\n|t:|1776519413\n|switch|p2b: Torkoal|Torkoal, L50, F|100/100\n|-weather|SunnyDay|[from] ability: Drought|[of] p2b: Torkoal\n|move|p1b: cayo sombrero|Wide Guard|p1b: cayo sombrero\n|-singleturn|p1b: cayo sombrero|Wide Guard\n|move|p2a: Rotom|Volt Switch|p1b: cayo sombrero\n|-supereffective|p1b: cayo sombrero|2\n|-enditem|p1b: cayo sombrero|Focus Sash\n|-damage|p1b: cayo sombrero|1/100\n|\n|t:|1776519423\n|switch|p2a: Venusaur|Venusaur, L50, F|100/100|[from] Volt Switch\n|cant|p1a: mil en rama|par\n|\n|-weather|SunnyDay|[upkeep]\n|upkeep\n|turn|12\n|l|\u2606jhon12981\n|inactive|jhon12981 disconnected and has a minute to reconnect!\n|player|p1|\n|inactive|jhon12981 has 30 seconds left.\n|inactive|jhon12981 has 20 seconds left.\n|inactive|jhon12981 has 15 seconds left.\n|inactive|jhon12981 has 10 seconds left.\n|inactive|jhon12981 has 5 seconds left.\n|-message|jhon12981 lost due to inactivity.\n|\n|win|KogaAF1219\n|raw|jhon12981's rating: 1287 &rarr; <strong>1268</strong><br />(-19 for losing)\n|raw|KogaAF1219's rating: 1372 &rarr; <strong>1387</strong><br />(+15 for winning)\n",
  "uploadtime": 1776519483,
  "views": 40,
  "formatid": "gen9championsvgc2026regma",
  "rating": 1268,
  "private": 0,
  "password": null
}