{
  "id": "gen9championsvgc2026regma-2585289052",
  "format": "[Gen 9 Champions] VGC 2026 Reg M-A",
  "players": [
    "RealKungullu",
    "bod4"
  ],
  "log": "|j|\u2606RealKungullu\n|j|\u2606bod4\n|t:|1776334231\n|gametype|doubles\n|player|p1|RealKungullu|harlequin|1045\n|player|p2|bod4|170|1106\n|gen|9\n|tier|[Gen 9 Champions] VGC 2026 Reg M-A\n|rated|\n|rule|Species Clause: Limit one of each Pok\u00e9mon\n|rule|Item Clause: Limit 1 of each item\n|clearpoke\n|poke|p1|Lopunny, L50, F|\n|poke|p1|Kommo-o, L50, M|\n|poke|p1|Whimsicott, L50, M|\n|poke|p1|Zoroark-Hisui, L50, F|\n|poke|p1|Sableye, L50, F|\n|poke|p1|Weavile, L50, M|\n|poke|p2|Froslass, L50, F|\n|poke|p2|Ninetales-Alola, L50, M|\n|poke|p2|Incineroar, L50, M|\n|poke|p2|Garchomp, L50, M|\n|poke|p2|Basculegion, L50, M|\n|poke|p2|Aerodactyl, L50, M|\n|teampreview|4\n|inactive|Battle timer is ON: inactive players will automatically lose when time's up. (requested by RealKungullu)\n|\n|t:|1776334260\n|teamsize|p1|4\n|teamsize|p2|4\n|start\n|switch|p1a: Sableye|Sableye, L50, F|100/100\n|switch|p1b: Kommo-o|Kommo-o, L50, M|100/100\n|switch|p2a: Froslass|Froslass, L50, F|100/100\n|switch|p2b: Ninetales|Ninetales-Alola, L50, M|100/100\n|turn|1\n|\n|t:|1776334277\n|detailschange|p2a: Froslass|Froslass-Mega, L50, F\n|-mega|p2a: Froslass|Froslass|Froslassite\n|-weather|Snowscape|[from] ability: Snow Warning|[of] p2a: Froslass\n|move|p1a: Sableye|Fake Out|p2b: Ninetales\n|-damage|p2b: Ninetales|93/100\n|move|p2a: Froslass|Nasty Plot|p2a: Froslass\n|-boost|p2a: Froslass|spa|2\n|cant|p2b: Ninetales|flinch\n|move|p1b: Kommo-o|Clangorous Soul|p1b: Kommo-o\n|-boost|p1b: Kommo-o|atk|1\n|-boost|p1b: Kommo-o|def|1\n|-boost|p1b: Kommo-o|spa|1\n|-boost|p1b: Kommo-o|spd|1\n|-boost|p1b: Kommo-o|spe|1\n|-damage|p1b: Kommo-o|68/100\n|\n|-weather|Snowscape|[upkeep]\n|-heal|p2b: Ninetales|99/100|[from] item: Leftovers\n|upkeep\n|turn|2\n|\n|t:|1776334300\n|move|p1a: Sableye|Encore|p2a: Froslass\n|-start|p2a: Froslass|Encore\n|move|p1b: Kommo-o|Flash Cannon|p2b: Ninetales|[miss]\n|-miss|p1b: Kommo-o|p2b: Ninetales\n|move|p2a: Froslass|Nasty Plot|p2a: Froslass\n|-boost|p2a: Froslass|spa|2\n|move|p2b: Ninetales|Aurora Veil|p2b: Ninetales\n|-sidestart|p2: bod4|move: Aurora Veil\n|\n|-weather|Snowscape|[upkeep]\n|-heal|p2b: Ninetales|100/100|[from] item: Leftovers\n|upkeep\n|turn|3\n|\n|t:|1776334324\n|switch|p2a: Incineroar|Incineroar, L50, M|100/100\n|-ability|p2a: Incineroar|Intimidate|boost\n|-unboost|p1a: Sableye|atk|1\n|-unboost|p1b: Kommo-o|atk|1\n|move|p1a: Sableye|Encore|p2b: Ninetales\n|-start|p2b: Ninetales|Encore\n|move|p1b: Kommo-o|Flash Cannon|p2b: Ninetales\n|-supereffective|p2b: Ninetales|2\n|-damage|p2b: Ninetales|0 fnt\n|faint|p2b: Ninetales\n|\n|-weather|Snowscape|[upkeep]\n|upkeep\n|\n|t:|1776334336\n|switch|p2b: Froslass|Froslass-Mega, L50, F|100/100\n|turn|4\n|\n|t:|1776334356\n|move|p1a: Sableye|Helping Hand|p1b: Kommo-o\n|-singleturn|p1b: Kommo-o|Helping Hand|[of] p1a: Sableye\n|move|p1b: Kommo-o|Protect|p1b: Kommo-o\n|-singleturn|p1b: Kommo-o|Protect\n|move|p2b: Froslass|Blizzard|p1a: Sableye|[spread] p1a\n|-activate|p1b: Kommo-o|move: Protect\n|-damage|p1a: Sableye|52/100\n|move|p2a: Incineroar|Parting Shot|p1b: Kommo-o\n|-activate|p1b: Kommo-o|move: Protect\n|\n|-weather|Snowscape|[upkeep]\n|upkeep\n|turn|5\n|\n|t:|1776334379\n|switch|p2a: Basculegion|Basculegion, L50, M|100/100\n|move|p1a: Sableye|Disable|p2b: Froslass\n|-start|p2b: Froslass|Disable|Blizzard\n|move|p1b: Kommo-o|Flash Cannon|p2b: Froslass\n|-supereffective|p2b: Froslass|1\n|-damage|p2b: Froslass|37/100\n|cant|p2b: Froslass|Disable|Blizzard\n|\n|-weather|none\n|upkeep\n|turn|6\n|\n|t:|1776334402\n|move|p1a: Sableye|Encore|p2b: Froslass\n|-start|p2b: Froslass|Encore\n|move|p2a: Basculegion|Last Respects|p1b: Kommo-o\n|-damage|p1b: Kommo-o|37/100\n|move|p1b: Kommo-o|Clanging Scales|p2a: Basculegion|[spread] p2a,p2b\n|-damage|p2a: Basculegion|46/100\n|-damage|p2b: Froslass|0 fnt\n|faint|p2b: Froslass\n|-unboost|p1b: Kommo-o|def|1\n|\n|-sideend|p2: bod4|move: Aurora Veil\n|upkeep\n|\n|t:|1776334407\n|switch|p2b: Incineroar|Incineroar, L50, M|100/100\n|-ability|p2b: Incineroar|Intimidate|boost\n|-unboost|p1a: Sableye|atk|1\n|-unboost|p1b: Kommo-o|atk|1\n|turn|7\n|\n|t:|1776334419\n|move|p1b: Kommo-o|Protect|p1b: Kommo-o\n|-singleturn|p1b: Kommo-o|Protect\n|move|p2b: Incineroar|Fake Out|p1b: Kommo-o\n|-activate|p1b: Kommo-o|move: Protect\n|move|p1a: Sableye|Disable|p2a: Basculegion\n|-start|p2a: Basculegion|Disable|Last Respects\n|cant|p2a: Basculegion|Disable|Last Respects\n|\n|upkeep\n|turn|8\n|inactive|bod4 has 30 seconds left.\n|c|\u2606RealKungullu|Sorry\n|inactive|bod4 has 20 seconds left.\n|inactive|bod4 has 15 seconds left.\n|inactive|bod4 has 10 seconds left.\n|inactive|bod4 has 5 seconds left.\n|\n|t:|1776334474\n|move|p1a: Sableye|Helping Hand|p1b: Kommo-o\n|-singleturn|p1b: Kommo-o|Helping Hand|[of] p1a: Sableye\n|move|p2b: Incineroar|Fake Out||[still]\n|-hint|Fake Out only works on your first turn out.\n|-fail|p2b: Incineroar\n|-activate|p2a: Basculegion|move: Struggle\n|move|p2a: Basculegion|Struggle|p1b: Kommo-o\n|-damage|p1b: Kommo-o|21/100\n|-damage|p2a: Basculegion|20/100|[from] recoil\n|move|p1b: Kommo-o|Clanging Scales|p2b: Incineroar|[spread] p2a,p2b\n|-damage|p2a: Basculegion|0 fnt\n|-damage|p2b: Incineroar|20/100\n|faint|p2a: Basculegion\n|-unboost|p1b: Kommo-o|def|1\n|\n|upkeep\n|turn|9\n|inactive|bod4 has 30 seconds left.\n|inactive|bod4 has 20 seconds left.\n|inactive|bod4 has 15 seconds left.\n|inactive|bod4 has 10 seconds left.\n|inactive|bod4 has 5 seconds left.\n|\n|t:|1776334529\n|move|p1a: Sableye|Helping Hand|p1b: Kommo-o\n|-singleturn|p1b: Kommo-o|Helping Hand|[of] p1a: Sableye\n|move|p1b: Kommo-o|Clanging Scales|p2b: Incineroar\n|-damage|p2b: Incineroar|0 fnt\n|faint|p2b: Incineroar\n|\n|win|RealKungullu\n|raw|RealKungullu's rating: 1045 &rarr; <strong>1084</strong><br />(+39 for winning)\n|raw|bod4's rating: 1106 &rarr; <strong>1077</strong><br />(-29 for losing)\n",
  "uploadtime": 1776334539,
  "views": 27,
  "formatid": "gen9championsvgc2026regma",
  "rating": 1077,
  "private": 0,
  "password": null
}