{
  "id": "gen9championsvgc2026regma-2585894971",
  "format": "[Gen 9 Champions] VGC 2026 Reg M-A",
  "players": [
    "Kyooby",
    "69ingIncineroar"
  ],
  "log": "|j|\u2606Kyooby\n|j|\u260669ingIncineroar\n|t:|1776379227\n|gametype|doubles\n|player|p1|Kyooby|volkner|1142\n|player|p2|69ingIncineroar|flannery|1215\n|gen|9\n|tier|[Gen 9 Champions] VGC 2026 Reg M-A\n|rated|\n|rule|Species Clause: Limit one of each Pok\u00e9mon\n|rule|Item Clause: Limit 1 of each item\n|clearpoke\n|poke|p1|Maushold-Four, L50|\n|poke|p1|Gardevoir, L50, M|\n|poke|p1|Espathra, L50, M|\n|poke|p1|Kommo-o, L50, M|\n|poke|p1|Gyarados, L50, M|\n|poke|p1|Heliolisk, L50, M|\n|poke|p2|Blastoise, L50, F|\n|poke|p2|Farigiraf, L50, F|\n|poke|p2|Kingambit, L50, F|\n|poke|p2|Kangaskhan, L50, F|\n|poke|p2|Aerodactyl, L50, M|\n|poke|p2|Sinistcha, L50|\n|teampreview|4\n|inactive|Battle timer is ON: inactive players will automatically lose when time's up. (requested by Kyooby)\n|inactive|69ingIncineroar also wants the timer to be on.\n|inactive|Kyooby has 60 seconds left.\n|\n|t:|1776379272\n|teamsize|p1|4\n|teamsize|p2|4\n|start\n|switch|p1a: Espathra|Espathra, L50, M|100/100\n|switch|p1b: Gardevoir|Gardevoir, L50, M, shiny|100/100\n|switch|p2a: Farigiraf|Farigiraf, L50, F|100/100\n|switch|p2b: Kangaskhan|Kangaskhan, L50, F|100/100\n|-ability|p1b: Gardevoir|Armor Tail|Trace|[from] ability: Trace|[of] p2a: Farigiraf\n|turn|1\n|\n|t:|1776379294\n|detailschange|p1b: Gardevoir|Gardevoir-Mega, L50, M, shiny\n|-mega|p1b: Gardevoir|Gardevoir|Gardevoirite\n|move|p2b: Kangaskhan|Fake Out|p1b: Gardevoir\n|-damage|p1b: Gardevoir|72/100\n|move|p1a: Espathra|Lumina Crash|p2b: Kangaskhan\n|-damage|p2b: Kangaskhan|72/100\n|-unboost|p2b: Kangaskhan|spd|2\n|cant|p1b: Gardevoir|flinch\n|move|p2a: Farigiraf|Trick Room|p2a: Farigiraf\n|-fieldstart|move: Trick Room|[of] p2a: Farigiraf\n|\n|-ability|p1a: Espathra|Speed Boost|boost\n|-boost|p1a: Espathra|spe|1\n|upkeep\n|turn|2\n|\n|t:|1776379318\n|move|p1b: Gardevoir|Protect|p1b: Gardevoir\n|-singleturn|p1b: Gardevoir|Protect\n|move|p2a: Farigiraf|Psychic Noise|p1b: Gardevoir\n|-activate|p1b: Gardevoir|move: Protect\n|move|p2b: Kangaskhan|Last Resort|p1a: Espathra\n|-damage|p1a: Espathra|6/100\n|move|p1a: Espathra|Lumina Crash|p2a: Farigiraf\n|-resisted|p2a: Farigiraf|1\n|-damage|p2a: Farigiraf|86/100\n|-unboost|p2a: Farigiraf|spd|2\n|\n|-ability|p1a: Espathra|Speed Boost|boost\n|-boost|p1a: Espathra|spe|1\n|upkeep\n|turn|3\n|\n|t:|1776379334\n|switch|p1a: Maushold|Maushold-Four, L50|100/100\n|move|p2a: Farigiraf|Psychic Noise|p1a: Maushold\n|-damage|p1a: Maushold|66/100\n|-start|p1a: Maushold|move: Heal Block\n|move|p2b: Kangaskhan|Last Resort|p1b: Gardevoir\n|-damage|p1b: Gardevoir|0 fnt\n|faint|p1b: Gardevoir\n|\n|upkeep\n|\n|t:|1776379346\n|switch|p1b: Kommo-o|Kommo-o, L50, M|100/100\n|turn|4\n|\n|t:|1776379355\n|move|p1a: Maushold|Follow Me|p1a: Maushold\n|-singleturn|p1a: Maushold|move: Follow Me\n|move|p2a: Farigiraf|Psychic Noise|p1a: Maushold\n|-damage|p1a: Maushold|29/100\n|move|p2b: Kangaskhan|Last Resort|p1a: Maushold\n|-damage|p1a: Maushold|0 fnt\n|faint|p1a: Maushold\n|move|p1b: Kommo-o|Clangorous Soul|p1b: Kommo-o\n|-boost|p1b: Kommo-o|atk|1\n|-boost|p1b: Kommo-o|def|1\n|-boost|p1b: Kommo-o|spa|1\n|-boost|p1b: Kommo-o|spd|1\n|-boost|p1b: Kommo-o|spe|1\n|-damage|p1b: Kommo-o|68/100\n|\n|-heal|p1b: Kommo-o|73/100|[from] item: Leftovers\n|upkeep\n|\n|t:|1776379367\n|switch|p1a: Espathra|Espathra, L50, M|6/100\n|turn|5\n|inactive|69ingIncineroar has 30 seconds left.\n|\n|t:|1776379399\n|move|p1a: Espathra|Protect|p1a: Espathra\n|-singleturn|p1a: Espathra|Protect\n|move|p1b: Kommo-o|Protect|p1b: Kommo-o\n|-singleturn|p1b: Kommo-o|Protect\n|move|p2a: Farigiraf|Rain Dance|p2a: Farigiraf\n|-weather|RainDance\n|move|p2b: Kangaskhan|Last Resort|p1a: Espathra\n|-activate|p1a: Espathra|move: Protect\n|\n|-weather|RainDance|[upkeep]\n|-heal|p1b: Kommo-o|79/100|[from] item: Leftovers\n|-fieldend|move: Trick Room\n|-ability|p1a: Espathra|Speed Boost|boost\n|-boost|p1a: Espathra|spe|1\n|upkeep\n|turn|6\n|inactive|69ingIncineroar has 30 seconds left.\n|\n|t:|1776379426\n|move|p1a: Espathra|Lumina Crash|p2a: Farigiraf\n|-resisted|p2a: Farigiraf|1\n|-damage|p2a: Farigiraf|59/100\n|-unboost|p2a: Farigiraf|spd|2\n|move|p1b: Kommo-o|Clanging Scales|p2b: Kangaskhan|[spread] p2a,p2b\n|-damage|p2a: Farigiraf|0 fnt\n|-damage|p2b: Kangaskhan|0 fnt\n|faint|p2a: Farigiraf\n|faint|p2b: Kangaskhan\n|-unboost|p1b: Kommo-o|def|1\n|\n|-weather|RainDance|[upkeep]\n|-heal|p1b: Kommo-o|85/100|[from] item: Leftovers\n|-ability|p1a: Espathra|Speed Boost|boost\n|-boost|p1a: Espathra|spe|1\n|upkeep\n|\n|t:|1776379447\n|switch|p2b: Blastoise|Blastoise, L50, F|100/100\n|switch|p2a: Aerodactyl|Aerodactyl, L50, M|100/100\n|-ability|p2a: Aerodactyl|Unnerve\n|turn|7\n|\n|t:|1776379456\n|detailschange|p2b: Blastoise|Blastoise-Mega, L50, F\n|-mega|p2b: Blastoise|Blastoise|Blastoisinite\n|move|p1a: Espathra|Lumina Crash|p2a: Aerodactyl\n|-crit|p2a: Aerodactyl\n|-damage|p2a: Aerodactyl|36/100\n|-unboost|p2a: Aerodactyl|spd|2\n|move|p1b: Kommo-o|Clanging Scales|p2b: Blastoise|[spread] p2a,p2b\n|-damage|p2a: Aerodactyl|0 fnt\n|-damage|p2b: Blastoise|49/100\n|faint|p2a: Aerodactyl\n|-unboost|p1b: Kommo-o|def|1\n|move|p2b: Blastoise|Water Spout|p1b: Kommo-o|[spread] p1a,p1b\n|-resisted|p1b: Kommo-o|1\n|-damage|p1a: Espathra|0 fnt\n|-damage|p1b: Kommo-o|67/100\n|faint|p1a: Espathra\n|\n|-weather|RainDance|[upkeep]\n|-heal|p1b: Kommo-o|73/100|[from] item: Leftovers\n|upkeep\n|turn|8\n|c|\u260669ingIncineroar|thats crazy\n|c|\u260669ingIncineroar|gg\n|c|\u260669ingIncineroar|kommo is dope af\n|-message|69ingIncineroar forfeited.\n|\n|win|Kyooby\n|raw|Kyooby's rating: 1142 &rarr; <strong>1172</strong><br />(+30 for winning)\n|raw|69ingIncineroar's rating: 1215 &rarr; <strong>1185</strong><br />(-30 for losing)\n",
  "uploadtime": 1776379475,
  "views": 15,
  "formatid": "gen9championsvgc2026regma",
  "rating": 1172,
  "private": 0,
  "password": null
}