{
  "id": "gen9championsvgc2026regma-2586014033",
  "format": "[Gen 9 Champions] VGC 2026 Reg M-A",
  "players": [
    "Mazuki0929",
    "bahlah"
  ],
  "log": "|j|\u2606Mazuki0929\n|j|\u2606bahlah\n|t:|1776390323\n|gametype|doubles\n|player|p1|Mazuki0929|265|1110\n|player|p2|bahlah|bruno|1210\n|gen|9\n|tier|[Gen 9 Champions] VGC 2026 Reg M-A\n|rated|\n|rule|Species Clause: Limit one of each Pok\u00e9mon\n|rule|Item Clause: Limit 1 of each item\n|clearpoke\n|poke|p1|Blastoise, L50, F|\n|poke|p1|Talonflame, L50, F|\n|poke|p1|Pelipper, L50, F|\n|poke|p1|Garchomp, L50, M|\n|poke|p1|Basculegion, L50, M|\n|poke|p1|Venusaur, L50, F|\n|poke|p2|Politoed, L50, M|\n|poke|p2|Primarina, L50, F|\n|poke|p2|Archaludon, L50, F|\n|poke|p2|Beedrill, L50, M|\n|poke|p2|Goodra-Hisui, L50, M|\n|poke|p2|Manectric, L50, M|\n|teampreview|4\nMazuki0929 rejected open team sheets.\n|inactive|Battle timer is ON: inactive players will automatically lose when time's up. (requested by Mazuki0929)\n|\n|t:|1776390363\n|teamsize|p1|4\n|teamsize|p2|4\n|start\n|switch|p1a: Blastoise|Blastoise, L50, F|100/100\n|switch|p1b: Talonflame|Talonflame, L50, F|100/100\n|switch|p2a: Manectric|Manectric, L50, M|100/100\n|switch|p2b: Archaludon|Archaludon, L50, F|100/100\n|turn|1\n|\n|t:|1776390383\n|switch|p1a: Garchomp|Garchomp, L50, M|100/100\n|detailschange|p2a: Manectric|Manectric-Mega, L50, M\n|-mega|p2a: Manectric|Manectric|Manectite\n|-ability|p2a: Manectric|Intimidate|boost\n|-unboost|p1a: Garchomp|atk|1\n|-unboost|p1b: Talonflame|atk|1\n|move|p1b: Talonflame|Tailwind|p1b: Talonflame\n|-sidestart|p1: Mazuki0929|move: Tailwind\n|move|p2a: Manectric|Volt Switch|p1a: Garchomp\n|-immune|p1a: Garchomp\n|move|p2b: Archaludon|Electro Shot||[still]\n|-prepare|p2b: Archaludon|Electro Shot\n|-boost|p2b: Archaludon|spa|1\n|\n|upkeep\n|turn|2\n|inactive|Mazuki0929 has 30 seconds left.\n|\n|t:|1776390412\n|move|p1b: Talonflame|Protect|p1b: Talonflame\n|-singleturn|p1b: Talonflame|Protect\n|move|p1a: Garchomp|Earthquake|p2b: Archaludon|[spread] p2a,p2b\n|-activate|p1b: Talonflame|move: Protect\n|-supereffective|p2a: Manectric|1\n|-supereffective|p2b: Archaludon|1\n|-damage|p2a: Manectric|14/100\n|-damage|p2b: Archaludon|52/100\n|-ability|p2b: Archaludon|Stamina|boost\n|-boost|p2b: Archaludon|def|1\n|move|p2a: Manectric|Volt Switch|p1b: Talonflame\n|-activate|p1b: Talonflame|move: Protect\n|move|p2b: Archaludon|Electro Shot|p1a: Garchomp|[from] lockedmove\n|-immune|p1a: Garchomp\n|\n|-heal|p2b: Archaludon|58/100|[from] item: Leftovers\n|upkeep\n|turn|3\n|\n|t:|1776390434\n|move|p1b: Talonflame|Dual Wingbeat|p2a: Manectric\n|-resisted|p2a: Manectric|1\n|-crit|p2a: Manectric\n|-damage|p2a: Manectric|0 fnt\n|faint|p2a: Manectric\n|-hitcount|p2: Manectric|1\n|move|p1a: Garchomp|Earthquake|p2b: Archaludon|[spread] p2b\n|-immune|p1b: Talonflame\n|-supereffective|p2b: Archaludon|1\n|-damage|p2b: Archaludon|28/100\n|-ability|p2b: Archaludon|Stamina|boost\n|-boost|p2b: Archaludon|def|1\n|move|p2b: Archaludon|Draco Meteor|p1a: Garchomp|[miss]\n|-miss|p2b: Archaludon|p1a: Garchomp\n|\n|-heal|p2b: Archaludon|34/100|[from] item: Leftovers\n|upkeep\n|\n|t:|1776390450\n|switch|p2a: Politoed|Politoed, L50, M|100/100\n|-weather|RainDance|[from] ability: Drizzle|[of] p2a: Politoed\n|turn|4\n|\n|t:|1776390463\n|switch|p1b: Basculegion|Basculegion, L50, M|100/100\n|move|p1a: Garchomp|Earthquake|p2b: Archaludon|[spread] p1b,p2a,p2b\n|-supereffective|p2b: Archaludon|1\n|-damage|p1b: Basculegion|65/100\n|-damage|p2a: Politoed|71/100\n|-damage|p2b: Archaludon|11/100\n|-ability|p2b: Archaludon|Stamina|boost\n|-boost|p2b: Archaludon|def|1\n|move|p2b: Archaludon|Draco Meteor|p1a: Garchomp\n|-supereffective|p1a: Garchomp|1\n|-damage|p1a: Garchomp|0 fnt\n|-unboost|p2b: Archaludon|spa|2\n|faint|p1a: Garchomp\n|move|p2a: Politoed|Blizzard|p1b: Basculegion\n|-resisted|p1b: Basculegion|1\n|-damage|p1b: Basculegion|47/100\n|\n|-weather|RainDance|[upkeep]\n|-heal|p2b: Archaludon|17/100|[from] item: Leftovers\n|-sideend|p1: Mazuki0929|move: Tailwind\n|upkeep\n|\n|t:|1776390480\n|switch|p1a: Blastoise|Blastoise, L50, F|100/100\n|turn|5\n|inactive|bahlah has 30 seconds left.\n|\n|t:|1776390509\n|switch|p2b: Primarina|Primarina, L50, F|100/100\n|detailschange|p1a: Blastoise|Blastoise-Mega, L50, F\n|-mega|p1a: Blastoise|Blastoise|Blastoisinite\n|move|p1b: Basculegion|Last Respects|p2b: Primarina\n|-damage|p2b: Primarina|27/100\n|move|p1a: Blastoise|Shell Smash|p1a: Blastoise\n|-unboost|p1a: Blastoise|def|1\n|-unboost|p1a: Blastoise|spd|1\n|-boost|p1a: Blastoise|atk|2\n|-boost|p1a: Blastoise|spa|2\n|-boost|p1a: Blastoise|spe|2\n|move|p2a: Politoed|Earth Power|p1b: Basculegion\n|-damage|p1b: Basculegion|17/100\n|\n|-weather|RainDance|[upkeep]\n|upkeep\n|turn|6\n|\n|t:|1776390527\n|move|p2b: Primarina|Protect|p2b: Primarina\n|-singleturn|p2b: Primarina|Protect\n|move|p1a: Blastoise|Water Spout|p2b: Primarina|[spread] p2a\n|-activate|p2b: Primarina|move: Protect\n|-resisted|p2a: Politoed|1\n|-damage|p2a: Politoed|0 fnt\n|faint|p2a: Politoed\n|move|p1b: Basculegion|Last Respects|p2b: Primarina\n|-activate|p2b: Primarina|move: Protect\n|\n|-weather|RainDance|[upkeep]\n|upkeep\n|\n|t:|1776390537\n|switch|p2a: Archaludon|Archaludon, L50, F|17/100\n|turn|7\n|\n|t:|1776390546\n|move|p1a: Blastoise|Water Spout|p2a: Archaludon|[spread] p2a,p2b\n|-resisted|p2a: Archaludon|1\n|-resisted|p2b: Primarina|1\n|-damage|p2a: Archaludon|0 fnt\n|-damage|p2b: Primarina|0 fnt\n|faint|p2a: Archaludon\n|faint|p2b: Primarina\n|\n|win|Mazuki0929\n|raw|Mazuki0929's rating: 1110 &rarr; <strong>1142</strong><br />(+32 for winning)\n|raw|bahlah's rating: 1210 &rarr; <strong>1178</strong><br />(-32 for losing)\n|l|\u2606bahlah\n|player|p2|\n",
  "uploadtime": 1776390577,
  "views": 32,
  "formatid": "gen9championsvgc2026regma",
  "rating": 1142,
  "private": 0,
  "password": null
}