{
  "id": "gen9championsvgc2026regma-2585499979",
  "format": "[Gen 9 Champions] VGC 2026 Reg M-A",
  "players": [
    "pinkylee",
    "jackon17"
  ],
  "log": "|j|\u2606pinkylee\n|j|\u2606jackon17\n|t:|1776351700\n|gametype|doubles\n|player|p1|pinkylee|lucas|1438\n|player|p2|jackon17|170|1448\n|gen|9\n|tier|[Gen 9 Champions] VGC 2026 Reg M-A\n|rated|\n|rule|Species Clause: Limit one of each Pok\u00e9mon\n|rule|Item Clause: Limit 1 of each item\n|clearpoke\n|poke|p1|Charizard, L50, M|\n|poke|p1|Milotic, L50, F|\n|poke|p1|Aegislash, L50, F|\n|poke|p1|Garchomp, L50, M|\n|poke|p1|Kingambit, L50, M|\n|poke|p1|Basculegion, L50, M|\n|poke|p2|Pelipper, L50, M|\n|poke|p2|Scizor, L50, M|\n|poke|p2|Basculegion, L50, M|\n|poke|p2|Archaludon, L50, M|\n|poke|p2|Maushold-Four, L50|\n|poke|p2|Sneasler, L50, F|\n|teampreview|4\n|inactive|Battle timer is ON: inactive players will automatically lose when time's up. (requested by jackon17)\n|j| GentleH\n|inactive|jackon17 has 60 seconds left.\n|\n|t:|1776351731\n|teamsize|p1|4\n|teamsize|p2|4\n|start\n|switch|p1a: Garchomp|Garchomp, L50, M|100/100\n|switch|p1b: Milotic|Milotic, L50, F|100/100\n|switch|p2a: Basculegion|Basculegion, L50, M|100/100\n|switch|p2b: Sneasler|Sneasler, L50, F|100/100\n|turn|1\n|\n|t:|1776351745\n|switch|p2b: Pelipper|Pelipper, L50, M|100/100\n|-weather|RainDance|[from] ability: Drizzle|[of] p2b: Pelipper\n|move|p1a: Garchomp|Protect|p1a: Garchomp\n|-singleturn|p1a: Garchomp|Protect\n|move|p1b: Milotic|Protect|p1b: Milotic\n|-singleturn|p1b: Milotic|Protect\n|move|p2a: Basculegion|Wave Crash|p1a: Garchomp\n|-activate|p1a: Garchomp|move: Protect\n|\n|-weather|RainDance|[upkeep]\n|upkeep\n|turn|2\n|inactive|pinkylee has 30 seconds left.\n|\n|t:|1776351771\n|switch|p1a: Aegislash|Aegislash, L50, F|100/100\n|switch|p2b: Maushold|Maushold-Four, L50|100/100\n|move|p2a: Basculegion|Wave Crash|p1a: Aegislash\n|-damage|p1a: Aegislash|6/100\n|-damage|p2a: Basculegion|74/100|[from] Recoil\n|move|p1b: Milotic|Icy Wind|p2b: Maushold|[spread] p2a,p2b\n|-resisted|p2a: Basculegion|1\n|-damage|p2a: Basculegion|71/100\n|-damage|p2b: Maushold|88/100\n|-unboost|p2a: Basculegion|spe|1\n|-unboost|p2b: Maushold|spe|1\n|\n|-weather|RainDance|[upkeep]\n|upkeep\n|turn|3\n|\n|t:|1776351785\n|switch|p2a: Sneasler|Sneasler, L50, F|100/100\n|move|p1a: Aegislash|King's Shield|p1a: Aegislash\n|-singleturn|p1a: Aegislash|Protect\n|move|p2b: Maushold|Super Fang|p1b: Milotic|[miss]\n|-miss|p2b: Maushold|p1b: Milotic\n|move|p1b: Milotic|Icy Wind|p2a: Sneasler|[spread] p2a,p2b\n|-damage|p2a: Sneasler|90/100\n|-damage|p2b: Maushold|75/100\n|-unboost|p2a: Sneasler|spe|1\n|-unboost|p2b: Maushold|spe|1\n|-enditem|p2a: Sneasler|White Herb\n|-clearnegativeboost|p2a: Sneasler|[silent]\n|\n|-weather|RainDance|[upkeep]\n|upkeep\n|turn|4\n|\n|t:|1776351804\n|move|p2b: Maushold|Follow Me|p2b: Maushold\n|-singleturn|p2b: Maushold|move: Follow Me\n|move|p2a: Sneasler|Dire Claw|p1b: Milotic\n|-damage|p1b: Milotic|66/100\n|move|p1b: Milotic|Icy Wind|p2b: Maushold|[spread] p2a,p2b\n|-damage|p2a: Sneasler|81/100\n|-damage|p2b: Maushold|62/100\n|-unboost|p2a: Sneasler|spe|1\n|-unboost|p2b: Maushold|spe|1\n|-formechange|p1a: Aegislash|Aegislash-Blade|\n|move|p1a: Aegislash|Close Combat|p2b: Maushold\n|-supereffective|p2b: Maushold|1\n|-enditem|p2b: Maushold|Chople Berry|[eat]\n|-enditem|p2b: Maushold|Chople Berry|[weaken]\n|-damage|p2b: Maushold|2/100\n|-unboost|p1a: Aegislash|def|1\n|-unboost|p1a: Aegislash|spd|1\n|\n|-weather|RainDance|[upkeep]\n|-heal|p1b: Milotic|72/100|[from] item: Leftovers\n|upkeep\n|turn|5\n|inactive|jackon17 has 30 seconds left.\n|\n|t:|1776351830\n|move|p2b: Maushold|Protect|p2b: Maushold\n|-singleturn|p2b: Maushold|Protect\n|move|p2a: Sneasler|Dire Claw|p1b: Milotic\n|-damage|p1b: Milotic|38/100\n|-status|p1b: Milotic|slp\n|cant|p1b: Milotic|slp\n|move|p1a: Aegislash|Close Combat|p2a: Sneasler\n|-resisted|p2a: Sneasler|1\n|-damage|p2a: Sneasler|51/100\n|-unboost|p1a: Aegislash|def|1\n|-unboost|p1a: Aegislash|spd|1\n|\n|-weather|none\n|-heal|p1b: Milotic|44/100 slp|[from] item: Leftovers\n|upkeep\n|turn|6\n|\n|t:|1776351850\n|switch|p2b: Basculegion|Basculegion, L50, M|71/100\n|-formechange|p1a: Aegislash|Aegislash|\n|move|p1a: Aegislash|King's Shield|p1a: Aegislash\n|-singleturn|p1a: Aegislash|Protect\n|move|p2a: Sneasler|Dire Claw|p1b: Milotic\n|-damage|p1b: Milotic|11/100 slp\n|-curestatus|p1b: Milotic|slp|[msg]\n|move|p1b: Milotic|Icy Wind|p2b: Basculegion|[spread] p2a\n|-miss|p1b: Milotic|p2b: Basculegion\n|-damage|p2a: Sneasler|39/100\n|-unboost|p2a: Sneasler|spe|1\n|\n|-heal|p1b: Milotic|17/100|[from] item: Leftovers\n|upkeep\n|turn|7\n|\n|t:|1776351867\n|move|p2b: Basculegion|Aqua Jet|p1a: Aegislash\n|-damage|p1a: Aegislash|0 fnt\n|faint|p1a: Aegislash\n|move|p2a: Sneasler|Dire Claw|p1b: Milotic\n|-damage|p1b: Milotic|0 fnt\n|faint|p1b: Milotic\n|\n|upkeep\n|\n|t:|1776351875\n|switch|p1b: Garchomp|Garchomp, L50, M|100/100\n|switch|p1a: Charizard|Charizard, L50, M|100/100\n|turn|8\n|inactive|jackon17 has 30 seconds left.\n|inactive|jackon17 has 20 seconds left.\n|inactive|jackon17 has 15 seconds left.\n|inactive|jackon17 has 10 seconds left.\n|\n|t:|1776351921\n|switch|p2b: Pelipper|Pelipper, L50, M|100/100\n|-weather|RainDance|[from] ability: Drizzle|[of] p2b: Pelipper\n|switch|p2a: Maushold|Maushold-Four, L50|2/100\n|detailschange|p1a: Charizard|Charizard-Mega-Y, L50, M\n|-mega|p1a: Charizard|Charizard|Charizardite Y\n|-weather|SunnyDay|[from] ability: Drought|[of] p1a: Charizard\n|move|p1b: Garchomp|Rock Slide|p2b: Pelipper|[spread] p2a\n|-miss|p1b: Garchomp|p2b: Pelipper\n|-damage|p2a: Maushold|0 fnt\n|faint|p2a: Maushold\n|move|p1a: Charizard|Heat Wave|p2b: Pelipper\n|-resisted|p2b: Pelipper|1\n|-damage|p2b: Pelipper|29/100\n|-status|p2b: Pelipper|brn\n|\n|-weather|SunnyDay|[upkeep]\n|-damage|p2b: Pelipper|23/100 brn|[from] brn\n|upkeep\n|\n|t:|1776351927\n|switch|p2a: Sneasler|Sneasler, L50, F|39/100\n|turn|9\n|\n|t:|1776351944\n|switch|p2b: Basculegion|Basculegion, L50, M|71/100\n|move|p1b: Garchomp|Protect|p1b: Garchomp\n|-singleturn|p1b: Garchomp|Protect\n|move|p1a: Charizard|Protect|p1a: Charizard\n|-singleturn|p1a: Charizard|Protect\n|move|p2a: Sneasler|Fake Out|p1a: Charizard\n|-activate|p1a: Charizard|move: Protect\n|\n|-weather|SunnyDay|[upkeep]\n|upkeep\n|turn|10\n|inactive|jackon17 has 30 seconds left.\n|\n|t:|1776351970\n|switch|p2a: Pelipper|Pelipper, L50, M|23/100 brn\n|-weather|RainDance|[from] ability: Drizzle|[of] p2a: Pelipper\n|move|p2b: Basculegion|Flip Turn|p1a: Charizard\n|-supereffective|p1a: Charizard|1\n|-damage|p1a: Charizard|0 fnt\n|faint|p1a: Charizard\n|\n|t:|1776351975\n|switch|p2b: Sneasler|Sneasler, L50, F|39/100|[from] Flip Turn\n|move|p1b: Garchomp|Dragon Claw|p2b: Sneasler\n|-damage|p2b: Sneasler|0 fnt\n|faint|p2b: Sneasler\n|\n|-weather|RainDance|[upkeep]\n|-damage|p2a: Pelipper|18/100 brn|[from] brn\n|upkeep\n|\n|t:|1776351979\n|switch|p2b: Basculegion|Basculegion, L50, M|71/100\n|turn|11\n|\n|t:|1776351989\n|move|p2b: Basculegion|Wave Crash|p1b: Garchomp\n|-damage|p1b: Garchomp|4/100\n|-damage|p2b: Basculegion|58/100|[from] ability: Rough Skin|[of] p1b: Garchomp\n|-enditem|p1b: Garchomp|Sitrus Berry|[eat]\n|-heal|p1b: Garchomp|29/100|[from] item: Sitrus Berry\n|-damage|p2b: Basculegion|24/100|[from] Recoil\n|move|p1b: Garchomp|Rock Slide|p2a: Pelipper|[spread] p2a,p2b\n|-supereffective|p2a: Pelipper|1\n|-damage|p2a: Pelipper|0 fnt\n|-damage|p2b: Basculegion|0 fnt\n|faint|p2a: Pelipper\n|faint|p2b: Basculegion\n|\n|win|pinkylee\n|raw|pinkylee's rating: 1438 &rarr; <strong>1459</strong><br />(+21 for winning)\n|raw|jackon17's rating: 1448 &rarr; <strong>1427</strong><br />(-21 for losing)\n|l|\u2606jackon17\n|player|p2|\n|l|\u2606pinkylee\n|player|p1|\n|l| GentleH\n",
  "uploadtime": 1776352169,
  "views": 46,
  "formatid": "gen9championsvgc2026regma",
  "rating": 1427,
  "private": 0,
  "password": null
}