{
  "id": "gen9championsvgc2026regma-2583374264",
  "format": "[Gen 9 Champions] VGC 2026 Reg M-A",
  "players": [
    "lnm923",
    "duxmealux45"
  ],
  "log": "|j|\u2606lnm923\n|j|\u2606duxmealux45\n|t:|1776171141\n|gametype|doubles\n|player|p1|lnm923|102|1285\n|player|p2|duxmealux45|169|1292\n|gen|9\n|tier|[Gen 9 Champions] VGC 2026 Reg M-A\n|rated|\n|rule|Species Clause: Limit one of each Pok\u00e9mon\n|rule|Item Clause: Limit 1 of each item\n|clearpoke\n|poke|p1|Venusaur, L50, F|\n|poke|p1|Vaporeon, L50, M|\n|poke|p1|Volcarona, L50, M|\n|poke|p1|Sinistcha, L50|\n|poke|p1|Incineroar, L50, M|\n|poke|p1|Dragonite, L50, M|\n|poke|p2|Raichu, L50, F|\n|poke|p2|Venusaur, L50, M|\n|poke|p2|Garchomp, L50, F|\n|poke|p2|Corviknight, L50, M|\n|poke|p2|Milotic, L50, F|\n|poke|p2|Incineroar, L50, F|\n|teampreview|4\n|inactive|Battle timer is ON: inactive players will automatically lose when time's up. (requested by lnm923)\n|inactive|duxmealux45 has 60 seconds left.\n|\n|t:|1776171194\n|teamsize|p1|4\n|teamsize|p2|4\n|start\n|switch|p1a: Incineroar|Incineroar, L50, M|100/100\n|switch|p1b: Venusaur|Venusaur, L50, F|100/100\n|switch|p2a: Milotic|Milotic, L50, F|100/100\n|switch|p2b: Corviknight|Corviknight, L50, M|100/100\n|-ability|p1a: Incineroar|Intimidate|boost\n|-unboost|p2a: Milotic|atk|1\n|-ability|p2a: Milotic|Competitive|boost\n|-boost|p2a: Milotic|spa|2\n|-ability|p2b: Corviknight|Mirror Armor\n|-unboost|p1a: Incineroar|atk|1\n|turn|1\n|inactive|lnm923 has 30 seconds left.\n|inactive|lnm923 has 20 seconds left.\n|inactive|lnm923 has 15 seconds left.\n|inactive|lnm923 has 10 seconds left.\n|\n|t:|1776171240\n|detailschange|p1b: Venusaur|Venusaur-Mega, L50, F\n|-mega|p1b: Venusaur|Venusaur|Venusaurite\n|move|p1a: Incineroar|Fake Out|p2b: Corviknight\n|-resisted|p2b: Corviknight|1\n|-damage|p2b: Corviknight|97/100\n|move|p2a: Milotic|Icy Wind|p1b: Venusaur|[spread] p1a,p1b\n|-resisted|p1a: Incineroar|1\n|-supereffective|p1b: Venusaur|1\n|-damage|p1a: Incineroar|91/100\n|-damage|p1b: Venusaur|83/100\n|-unboost|p1a: Incineroar|spe|1\n|-unboost|p1b: Venusaur|spe|1\n|cant|p2b: Corviknight|flinch\n|move|p1b: Venusaur|Giga Drain|p2a: Milotic\n|-supereffective|p2a: Milotic|1\n|-damage|p2a: Milotic|65/100\n|-heal|p1b: Venusaur|100/100|[from] drain|[of] p2a: Milotic\n|\n|-heal|p2a: Milotic|71/100|[from] item: Leftovers\n|upkeep\n|turn|2\n|\n|t:|1776171262\n|move|p2a: Milotic|Muddy Water|p1b: Venusaur|[spread] p1b\n|-miss|p2a: Milotic|p1a: Incineroar\n|-resisted|p1b: Venusaur|1\n|-damage|p1b: Venusaur|80/100\n|move|p2b: Corviknight|Brave Bird|p1b: Venusaur\n|-supereffective|p1b: Venusaur|1\n|-damage|p1b: Venusaur|38/100\n|-damage|p2b: Corviknight|84/100|[from] Recoil\n|move|p1b: Venusaur|Leech Seed|p2b: Corviknight\n|-start|p2b: Corviknight|move: Leech Seed\n|move|p1a: Incineroar|Parting Shot|p2b: Corviknight\n|-ability|p2b: Corviknight|Mirror Armor\n|-unboost|p1a: Incineroar|atk|1\n|-ability|p2b: Corviknight|Mirror Armor\n|-unboost|p1a: Incineroar|spa|1\n|\n|t:|1776171279\n|switch|p1a: Sinistcha|Sinistcha, L50|100/100|[from] Parting Shot\n|-heal|p1b: Venusaur|63/100|[from] ability: Hospitality|[of] p1a: Sinistcha\n|\n|-heal|p2a: Milotic|77/100|[from] item: Leftovers\n|-damage|p2b: Corviknight|72/100|[from] Leech Seed|[of] p1b: Venusaur\n|-heal|p1b: Venusaur|76/100|[silent]\n|upkeep\n|turn|3\n|\n|t:|1776171293\n|switch|p2b: Incineroar|Incineroar, L50, F|100/100\n|-ability|p2b: Incineroar|Intimidate|boost\n|-unboost|p1a: Sinistcha|atk|1\n|-unboost|p1b: Venusaur|atk|1\n|move|p2a: Milotic|Protect|p2a: Milotic\n|-singleturn|p2a: Milotic|Protect\n|move|p1b: Venusaur|Protect|p1b: Venusaur\n|-singleturn|p1b: Venusaur|Protect\n|move|p1a: Sinistcha|Matcha Gotcha|p2b: Incineroar|[spread] p2b\n|-activate|p2a: Milotic|move: Protect\n|-resisted|p2b: Incineroar|1\n|-damage|p2b: Incineroar|93/100\n|\n|-heal|p2a: Milotic|83/100|[from] item: Leftovers\n|upkeep\n|turn|4\n|inactive|lnm923 has 30 seconds left.\n|\n|t:|1776171323\n|switch|p1a: Vaporeon|Vaporeon, L50, M|100/100\n|move|p2a: Milotic|Icy Wind|p1a: Vaporeon|[spread] p1a,p1b\n|-resisted|p1a: Vaporeon|1\n|-supereffective|p1b: Venusaur|1\n|-damage|p1a: Vaporeon|95/100\n|-damage|p1b: Venusaur|58/100\n|-unboost|p1a: Vaporeon|spe|1\n|-unboost|p1b: Venusaur|spe|1\n|move|p2b: Incineroar|Parting Shot|p1b: Venusaur\n|-unboost|p1b: Venusaur|atk|1\n|-unboost|p1b: Venusaur|spa|1\n|\n|t:|1776171343\n|switch|p2b: Corviknight|Corviknight, L50, M|72/100|[from] Parting Shot\n|move|p1b: Venusaur|Leech Seed|p2a: Milotic\n|-start|p2a: Milotic|move: Leech Seed\n|\n|-heal|p2a: Milotic|89/100|[from] item: Leftovers\n|-heal|p1a: Vaporeon|100/100|[from] item: Leftovers\n|-damage|p2a: Milotic|76/100|[from] Leech Seed|[of] p1b: Venusaur\n|-heal|p1b: Venusaur|71/100|[silent]\n|upkeep\n|turn|5\n|\n|t:|1776171368\n|switch|p2a: Incineroar|Incineroar, L50, F|93/100\n|-ability|p2a: Incineroar|Intimidate|boost\n|-unboost|p1a: Vaporeon|atk|1\n|-unboost|p1b: Venusaur|atk|1\n|switch|p1a: Sinistcha|Sinistcha, L50|100/100\n|-heal|p1b: Venusaur|96/100|[from] ability: Hospitality|[of] p1a: Sinistcha\n|move|p1b: Venusaur|Protect|p1b: Venusaur\n|-singleturn|p1b: Venusaur|Protect\n|move|p2b: Corviknight|Brave Bird|p1b: Venusaur\n|-activate|p1b: Venusaur|move: Protect\n|\n|upkeep\n|turn|6\n|\n|t:|1776171384\n|switch|p1a: Vaporeon|Vaporeon, L50, M|100/100\n|move|p2a: Incineroar|Fake Out|p1b: Venusaur\n|-damage|p1b: Venusaur|89/100\n|move|p2b: Corviknight|Brave Bird|p1b: Venusaur\n|-supereffective|p1b: Venusaur|1\n|-damage|p1b: Venusaur|43/100\n|-damage|p2b: Corviknight|58/100|[from] Recoil\n|cant|p1b: Venusaur|flinch\n|\n|upkeep\n|turn|7\n|\n|t:|1776171406\n|switch|p1a: Sinistcha|Sinistcha, L50|100/100\n|-heal|p1b: Venusaur|68/100|[from] ability: Hospitality|[of] p1a: Sinistcha\n|move|p1b: Venusaur|Protect|p1b: Venusaur\n|-singleturn|p1b: Venusaur|Protect\n|move|p2b: Corviknight|Brave Bird|p1b: Venusaur\n|-activate|p1b: Venusaur|move: Protect\n|move|p2a: Incineroar|Flare Blitz|p1b: Venusaur\n|-activate|p1b: Venusaur|move: Protect\n|\n|upkeep\n|turn|8\n|\n|t:|1776171422\n|switch|p1a: Incineroar|Incineroar, L50, M|91/100\n|-ability|p1a: Incineroar|Intimidate|boost\n|-unboost|p2a: Incineroar|atk|1\n|-ability|p2b: Corviknight|Mirror Armor\n|-unboost|p1a: Incineroar|atk|1\n|move|p2b: Corviknight|Brave Bird|p1b: Venusaur\n|-supereffective|p1b: Venusaur|1\n|-damage|p1b: Venusaur|25/100\n|-damage|p2b: Corviknight|45/100|[from] Recoil\n|move|p2a: Incineroar|Flare Blitz|p1b: Venusaur\n|-supereffective|p1b: Venusaur|1\n|-damage|p1b: Venusaur|5/100\n|-damage|p2a: Incineroar|87/100|[from] Recoil\n|move|p1b: Venusaur|Leech Seed|p2b: Corviknight\n|-start|p2b: Corviknight|move: Leech Seed\n|\n|-damage|p2b: Corviknight|33/100|[from] Leech Seed|[of] p1b: Venusaur\n|-heal|p1b: Venusaur|18/100|[silent]\n|upkeep\n|turn|9\n|inactive|duxmealux45 has 30 seconds left.\n|\n|t:|1776171452\n|switch|p2b: Milotic|Milotic, L50, F|76/100\n|switch|p2a: Garchomp|Garchomp, L50, F|100/100\n|switch|p1a: Sinistcha|Sinistcha, L50|100/100\n|-heal|p1b: Venusaur|43/100|[from] ability: Hospitality|[of] p1a: Sinistcha\n|move|p1b: Venusaur|Protect||[still]\n|-fail|p1b: Venusaur\n|\n|-heal|p2b: Milotic|82/100|[from] item: Leftovers\n|upkeep\n|turn|10\n|inactive|duxmealux45 has 30 seconds left.\n|\n|t:|1776171484\n|move|p2a: Garchomp|Dragon Claw|p1b: Venusaur\n|-damage|p1b: Venusaur|18/100\n|move|p2b: Milotic|Icy Wind|p1a: Sinistcha|[spread] p1a,p1b\n|-supereffective|p1a: Sinistcha|1\n|-supereffective|p1b: Venusaur|1\n|-damage|p1a: Sinistcha|77/100\n|-damage|p1b: Venusaur|10/100\n|-unboost|p1a: Sinistcha|spe|1\n|-unboost|p1b: Venusaur|spe|1\n|move|p1a: Sinistcha|Calm Mind|p1a: Sinistcha\n|-boost|p1a: Sinistcha|spa|1\n|-boost|p1a: Sinistcha|spd|1\n|move|p1b: Venusaur|Leech Seed|p2a: Garchomp|[miss]\n|-miss|p1b: Venusaur|p2a: Garchomp\n|\n|-heal|p2b: Milotic|88/100|[from] item: Leftovers\n|upkeep\n|turn|11\n|\n|t:|1776171500\n|switch|p2b: Corviknight|Corviknight, L50, M|33/100\n|switch|p1b: Incineroar|Incineroar, L50, M|91/100\n|-ability|p1b: Incineroar|Intimidate|boost\n|-unboost|p2a: Garchomp|atk|1\n|-ability|p2b: Corviknight|Mirror Armor\n|-unboost|p1b: Incineroar|atk|1\n|-enditem|p2a: Garchomp|White Herb\n|-clearnegativeboost|p2a: Garchomp|[silent]\n|move|p2a: Garchomp|Earthquake|p1a: Sinistcha|[spread] p1a,p1b\n|-immune|p2b: Corviknight\n|-resisted|p1a: Sinistcha|1\n|-supereffective|p1b: Incineroar|1\n|-damage|p1a: Sinistcha|65/100\n|-damage|p1b: Incineroar|11/100\n|-enditem|p1b: Incineroar|Sitrus Berry|[eat]\n|-heal|p1b: Incineroar|36/100|[from] item: Sitrus Berry\n|move|p1a: Sinistcha|Matcha Gotcha|p2a: Garchomp|[spread] p2a,p2b\n|-resisted|p2b: Corviknight|2\n|-damage|p2a: Garchomp|64/100\n|-heal|p1a: Sinistcha|84/100|[from] drain|[of] p2a: Garchomp\n|-damage|p2b: Corviknight|27/100\n|-heal|p1a: Sinistcha|87/100|[from] drain|[of] p2b: Corviknight\n|\n|upkeep\n|turn|12\n|inactive|lnm923 has 30 seconds left.\n|inactive|lnm923 has 20 seconds left.\n|inactive|lnm923 has 15 seconds left.\n|inactive|lnm923 has 10 seconds left.\n|\n|t:|1776171549\n|switch|p1a: Vaporeon|Vaporeon, L50, M|100/100\n|move|p1b: Incineroar|Fake Out|p2a: Garchomp\n|-damage|p2a: Garchomp|54/100\n|-damage|p1b: Incineroar|23/100|[from] ability: Rough Skin|[of] p2a: Garchomp\n|cant|p2a: Garchomp|flinch\n|move|p2b: Corviknight|Roost|p2b: Corviknight\n|-heal|p2b: Corviknight|78/100\n|-singleturn|p2b: Corviknight|move: Roost\n|\n|upkeep\n|turn|13\n|inactive|duxmealux45 has 30 seconds left.\n|\n|t:|1776171581\n|move|p2a: Garchomp|Earthquake|p1a: Vaporeon|[spread] p1a,p1b\n|-immune|p2b: Corviknight\n|-supereffective|p1b: Incineroar|1\n|-damage|p1a: Vaporeon|61/100\n|-damage|p1b: Incineroar|0 fnt\n|faint|p1b: Incineroar\n|move|p2b: Corviknight|Tailwind|p2b: Corviknight\n|-sidestart|p2: duxmealux45|move: Tailwind\n|move|p1a: Vaporeon|Wish|p1a: Vaporeon\n|\n|-heal|p1a: Vaporeon|67/100|[from] item: Leftovers\n|upkeep\n|inactive|lnm923 has 30 seconds left.\n|\n|t:|1776171614\n|switch|p1b: Venusaur|Venusaur-Mega, L50, F|10/100\n|turn|14\n|\n|t:|1776171626\n|switch|p1a: Sinistcha|Sinistcha, L50|87/100\n|-heal|p1b: Venusaur|34/100|[from] ability: Hospitality|[of] p1a: Sinistcha\n|move|p1b: Venusaur|Protect|p1b: Venusaur\n|-singleturn|p1b: Venusaur|Protect\n|move|p2a: Garchomp|Dragon Claw|p1a: Sinistcha\n|-damage|p1a: Sinistcha|57/100\n|move|p2b: Corviknight|Brave Bird|p1a: Sinistcha\n|-supereffective|p1a: Sinistcha|1\n|-damage|p1a: Sinistcha|2/100\n|-damage|p2b: Corviknight|62/100|[from] Recoil\n|\n|-heal|p1a: Sinistcha|68/100|[from] move: Wish|[wisher] Vaporeon\n|upkeep\n|turn|15\n|\n|t:|1776171649\n|move|p2a: Garchomp|Earthquake|p1a: Sinistcha|[spread] p1a,p1b\n|-immune|p2b: Corviknight\n|-resisted|p1a: Sinistcha|1\n|-damage|p1a: Sinistcha|53/100\n|-damage|p1b: Venusaur|11/100\n|move|p2b: Corviknight|Brave Bird|p1a: Sinistcha\n|-supereffective|p1a: Sinistcha|1\n|-damage|p1a: Sinistcha|0 fnt\n|faint|p1a: Sinistcha\n|-damage|p2b: Corviknight|47/100|[from] Recoil\n|move|p1b: Venusaur|Leech Seed|p2b: Corviknight|[miss]\n|-miss|p1b: Venusaur|p2b: Corviknight\n|\n|upkeep\n|-message|lnm923 forfeited.\n|\n|win|duxmealux45\n|raw|lnm923's rating: 1285 &rarr; <strong>1261</strong><br />(-24 for losing)\n|raw|duxmealux45's rating: 1292 &rarr; <strong>1316</strong><br />(+24 for winning)\n|l|\u2606lnm923\n|player|p1|\n",
  "uploadtime": 1776171664,
  "views": 53,
  "formatid": "gen9championsvgc2026regma",
  "rating": 1261,
  "private": 0,
  "password": null
}