{
  "id": "gen9championsvgc2026regma-2587286298",
  "format": "[Gen 9 Champions] VGC 2026 Reg M-A",
  "players": [
    "DieLitFan3000",
    "hide on whimscott"
  ],
  "log": "|j|\u2606DieLitFan3000\n|j|\u2606hide on whimscott\n|t:|1776518407\n|gametype|doubles\n|player|p1|DieLitFan3000|roughneck|1322\n|player|p2|hide on whimscott|artist-gen4|1355\n|gen|9\n|tier|[Gen 9 Champions] VGC 2026 Reg M-A\n|rated|\n|rule|Species Clause: Limit one of each Pok\u00e9mon\n|rule|Item Clause: Limit 1 of each item\n|clearpoke\n|poke|p1|Kommo-o, L50, F|\n|poke|p1|Gengar, L50, M|\n|poke|p1|Milotic, L50, M|\n|poke|p1|Aerodactyl, L50, M|\n|poke|p1|Incineroar, L50, F|\n|poke|p1|Corviknight, L50, M|\n|poke|p2|Venusaur, L50, F|\n|poke|p2|Sneasler, L50, F|\n|poke|p2|Kingambit, L50, M|\n|poke|p2|Incineroar, L50, M|\n|poke|p2|Basculegion, L50, M|\n|poke|p2|Dragonite, L50, M|\n|teampreview|4\n|inactive|Battle timer is ON: inactive players will automatically lose when time's up. (requested by hide on whimscott)\n|inactive|DieLitFan3000 has 60 seconds left.\nhide on whimscott rejected open team sheets.\n|inactive|DieLitFan3000 has 30 seconds left.\n|inactive|DieLitFan3000 has 20 seconds left.\n|\n|t:|1776518541\n|teamsize|p1|4\n|teamsize|p2|4\n|start\n|switch|p1a: Corviknight|Corviknight, L50, M|100/100\n|switch|p1b: Milotic|Milotic, L50, M|100/100\n|switch|p2a: Dragonite|Dragonite, L50, M|100/100\n|switch|p2b: Kingambit|Kingambit, L50, M|100/100\n|turn|1\n|\n|t:|1776518552\n|detailschange|p2a: Dragonite|Dragonite-Mega, L50, M\n|-mega|p2a: Dragonite|Dragonite|Dragoninite\n|move|p1b: Milotic|Ice Beam|p2a: Dragonite\n|-supereffective|p2a: Dragonite|2\n|-damage|p2a: Dragonite|66/100\n|move|p2a: Dragonite|Flamethrower|p1a: Corviknight\n|-supereffective|p1a: Corviknight|1\n|-damage|p1a: Corviknight|45/100\n|move|p1a: Corviknight|Iron Defense|p1a: Corviknight\n|-boost|p1a: Corviknight|def|2\n|move|p2b: Kingambit|Swords Dance|p2b: Kingambit\n|-boost|p2b: Kingambit|atk|2\n|\n|-heal|p1a: Corviknight|52/100|[from] item: Leftovers\n|upkeep\n|turn|2\n|inactive|hide on whimscott has 30 seconds left.\n|\n|t:|1776518585\n|switch|p2a: Basculegion|Basculegion, L50, M|100/100\n|move|p1b: Milotic|Ice Beam|p2a: Basculegion\n|-resisted|p2a: Basculegion|1\n|-damage|p2a: Basculegion|86/100\n|-status|p2a: Basculegion|frz\n|move|p1a: Corviknight|Body Press|p2b: Kingambit\n|-supereffective|p2b: Kingambit|2\n|-enditem|p2b: Kingambit|Chople Berry|[eat]\n|-enditem|p2b: Kingambit|Chople Berry|[weaken]\n|-damage|p2b: Kingambit|20/100\n|move|p2b: Kingambit|Kowtow Cleave|p1b: Milotic\n|-damage|p1b: Milotic|0 fnt\n|faint|p1b: Milotic\n|\n|-heal|p1a: Corviknight|58/100|[from] item: Leftovers\n|upkeep\n|\n|t:|1776518598\n|switch|p1b: Gengar|Gengar, L50, M|100/100\n|turn|3\n|inactive|hide on whimscott has 30 seconds left.\n|\n|t:|1776518632\n|detailschange|p1b: Gengar|Gengar-Mega, L50, M\n|-mega|p1b: Gengar|Gengar|Gengarite\n|move|p1b: Gengar|Protect|p1b: Gengar\n|-singleturn|p1b: Gengar|Protect\n|move|p2b: Kingambit|Sucker Punch|p1a: Corviknight\n|-damage|p1a: Corviknight|29/100\n|cant|p2a: Basculegion|frz\n|move|p1a: Corviknight|Body Press|p2b: Kingambit\n|-supereffective|p2b: Kingambit|2\n|-damage|p2b: Kingambit|0 fnt\n|faint|p2b: Kingambit\n|\n|-heal|p1a: Corviknight|35/100|[from] item: Leftovers\n|upkeep\n|\n|t:|1776518642\n|switch|p2b: Dragonite|Dragonite-Mega, L50, M|66/100\n|turn|4\n|\n|t:|1776518654\n|switch|p2a: Incineroar|Incineroar, L50, M|100/100\n|-ability|p2a: Incineroar|Intimidate|boost\n|-ability|p1a: Corviknight|Mirror Armor\n|-unboost|p2a: Incineroar|atk|1\n|-unboost|p1b: Gengar|atk|1\n|move|p1b: Gengar|Shadow Ball|p2a: Incineroar\n|-resisted|p2a: Incineroar|1\n|-damage|p2a: Incineroar|80/100\n|move|p2b: Dragonite|Flamethrower|p1a: Corviknight\n|-supereffective|p1a: Corviknight|1\n|-damage|p1a: Corviknight|0 fnt\n|faint|p1a: Corviknight\n|\n|upkeep\n|\n|t:|1776518659\n|switch|p1a: Incineroar|Incineroar, L50, F|100/100\n|-ability|p1a: Incineroar|Intimidate|boost\n|-unboost|p2a: Incineroar|atk|1\n|-unboost|p2b: Dragonite|atk|1\n|turn|5\n|\n|t:|1776518681\n|move|p1a: Incineroar|Fake Out|p2a: Incineroar\n|-damage|p2a: Incineroar|70/100\n|move|p1b: Gengar|Icy Wind|p2a: Incineroar|[spread] p2a,p2b\n|-resisted|p2a: Incineroar|1\n|-supereffective|p2b: Dragonite|2\n|-damage|p2a: Incineroar|62/100\n|-damage|p2b: Dragonite|10/100\n|-unboost|p2a: Incineroar|spe|1\n|-unboost|p2b: Dragonite|spe|1\n|move|p2b: Dragonite|Roost|p2b: Dragonite\n|-heal|p2b: Dragonite|60/100\n|-singleturn|p2b: Dragonite|move: Roost\n|cant|p2a: Incineroar|flinch\n|\n|upkeep\n|turn|6\n|inactive|hide on whimscott has 30 seconds left.\n|\n|t:|1776518711\n|move|p1b: Gengar|Sludge Bomb|p2a: Incineroar\n|-damage|p2a: Incineroar|10/100\n|-enditem|p2a: Incineroar|Sitrus Berry|[eat]\n|-heal|p2a: Incineroar|35/100|[from] item: Sitrus Berry\n|move|p2b: Dragonite|Chilling Water|p1a: Incineroar\n|-supereffective|p1a: Incineroar|1\n|-damage|p1a: Incineroar|68/100\n|-unboost|p1a: Incineroar|atk|1\n|move|p1a: Incineroar|Close Combat|p2a: Incineroar\n|-supereffective|p2a: Incineroar|1\n|-damage|p2a: Incineroar|0 fnt\n|-unboost|p1a: Incineroar|def|1\n|-unboost|p1a: Incineroar|spd|1\n|faint|p2a: Incineroar\n|\n|upkeep\n|\n|t:|1776518724\n|switch|p2a: Basculegion|Basculegion, L50, M|86/100 frz\n|turn|7\n|\n|t:|1776518731\n|cant|p2a: Basculegion|frz\n|move|p1b: Gengar|Icy Wind|p2a: Basculegion|[spread] p2a,p2b\n|-resisted|p2a: Basculegion|1\n|-supereffective|p2b: Dragonite|2\n|-damage|p2a: Basculegion|75/100 frz\n|-damage|p2b: Dragonite|0 fnt\n|-unboost|p2a: Basculegion|spe|1\n|faint|p2b: Dragonite\n|move|p1a: Incineroar|Throat Chop|p2a: Basculegion\n|-supereffective|p2a: Basculegion|1\n|-damage|p2a: Basculegion|13/100 frz\n|-start|p2a: Basculegion|Throat Chop|[silent]\n|\n|upkeep\n|turn|8\n|-message|hide on whimscott forfeited.\n|\n|win|DieLitFan3000\n|raw|DieLitFan3000's rating: 1322 &rarr; <strong>1344</strong><br />(+22 for winning)\n|raw|hide on whimscott's rating: 1355 &rarr; <strong>1333</strong><br />(-22 for losing)\n",
  "uploadtime": 1776518738,
  "views": 24,
  "formatid": "gen9championsvgc2026regma",
  "rating": 1333,
  "private": 0,
  "password": null
}