{
  "id": "gen9championsvgc2026regma-2581512335",
  "format": "[Gen 9 Champions] VGC 2026 Reg M-A",
  "players": [
    "Ascalon017",
    "gonegeb"
  ],
  "log": "|j|\u2606Ascalon017\n|j|\u2606gonegeb\n|t:|1776007130\n|gametype|doubles\n|player|p1|Ascalon017|benga|1043\n|player|p2|gonegeb|corbeau|1051\n|gen|9\n|tier|[Gen 9 Champions] VGC 2026 Reg M-A\n|rated|\n|rule|Species Clause: Limit one of each Pok\u00e9mon\n|rule|Item Clause: Limit 1 of each item\n|clearpoke\n|poke|p1|Dragonite, L50, M|\n|poke|p1|Pelipper, L50, F|\n|poke|p1|Raichu, L50, M|\n|poke|p1|Incineroar, L50, M|\n|poke|p1|Kingambit, L50, M|\n|poke|p1|Sinistcha, L50|\n|poke|p2|Lucario, L50, M|\n|poke|p2|Umbreon, L50, M|\n|poke|p2|Arcanine, L50, F|\n|poke|p2|Ceruledge, L50, M|\n|poke|p2|Corviknight, L50, M|\n|poke|p2|Whimsicott, L50, F|\n|teampreview|4\n|inactive|Battle timer is ON: inactive players will automatically lose when time's up. (requested by Ascalon017)\n|inactive|Ascalon017 has 60 seconds left.\n|\n|t:|1776007162\n|teamsize|p1|4\n|teamsize|p2|4\n|start\n|switch|p1a: Peeko|Pelipper, L50, F|100/100\n|switch|p1b: Tigre To\u00f1o|Incineroar, L50, M|100/100\n|switch|p2a: Corviknight|Corviknight, L50, M|100/100\n|switch|p2b: Whimsicott|Whimsicott, L50, F, shiny|100/100\n|-ability|p2a: Corviknight|Pressure\n|-weather|RainDance|[from] ability: Drizzle|[of] p1a: Peeko\n|-ability|p1b: Tigre To\u00f1o|Intimidate|boost\n|-unboost|p2a: Corviknight|atk|1\n|-unboost|p2b: Whimsicott|atk|1\n|turn|1\n|\n|t:|1776007183\n|move|p1b: Tigre To\u00f1o|Fake Out|p2b: Whimsicott\n|-damage|p2b: Whimsicott|89/100\n|cant|p2b: Whimsicott|flinch\n|move|p2a: Corviknight|Bulk Up|p2a: Corviknight\n|-boost|p2a: Corviknight|atk|1\n|-boost|p2a: Corviknight|def|1\n|move|p1a: Peeko|Tailwind|p1a: Peeko\n|-sidestart|p1: Ascalon017|move: Tailwind\n|\n|-weather|RainDance|[upkeep]\n|upkeep\n|turn|2\n|\n|t:|1776007206\n|move|p2b: Whimsicott|Encore|p1a: Peeko\n|-start|p1a: Peeko|Encore\n|move|p1a: Peeko|Tailwind||[still]\n|-fail|p1a: Peeko\n|move|p1b: Tigre To\u00f1o|Parting Shot|p2a: Corviknight\n|-unboost|p2a: Corviknight|atk|1\n|-unboost|p2a: Corviknight|spa|1\n|\n|t:|1776007216\n|switch|p1b: DraKantos|Dragonite, L50, M|100/100|[from] Parting Shot\n|move|p2a: Corviknight|Bulk Up|p2a: Corviknight\n|-boost|p2a: Corviknight|atk|1\n|-boost|p2a: Corviknight|def|1\n|\n|-weather|RainDance|[upkeep]\n|upkeep\n|turn|3\n|inactive|gonegeb has 30 seconds left.\n|\n|t:|1776007245\n|switch|p1a: Comandante|Kingambit, L50, M|100/100\n|detailschange|p1b: DraKantos|Dragonite-Mega, L50, M\n|-mega|p1b: DraKantos|Dragonite|Dragoninite\n|move|p1b: DraKantos|Ice Beam|p2b: Whimsicott\n|-supereffective|p2b: Whimsicott|1\n|-damage|p2b: Whimsicott|0 fnt\n|faint|p2b: Whimsicott\n|move|p2a: Corviknight|Bulk Up|p2a: Corviknight\n|-boost|p2a: Corviknight|atk|1\n|-boost|p2a: Corviknight|def|1\n|\n|-weather|RainDance|[upkeep]\n|upkeep\n|\n|t:|1776007252\n|switch|p2b: Umbreon|Umbreon, L50, M, shiny|100/100\n|turn|4\n|\n|t:|1776007272\n|move|p1b: DraKantos|Draco Meteor|p2a: Corviknight\n|-resisted|p2a: Corviknight|1\n|-damage|p2a: Corviknight|69/100\n|-unboost|p1b: DraKantos|spa|2\n|move|p1a: Comandante|Iron Head|p2b: Umbreon\n|-damage|p2b: Umbreon|68/100\n|move|p2a: Corviknight|Body Press|p1a: Comandante\n|-supereffective|p1a: Comandante|2\n|-damage|p1a: Comandante|0 fnt\n|faint|p1a: Comandante\n|move|p2b: Umbreon|Snarl|p1b: DraKantos\n|-damage|p1b: DraKantos|95/100\n|-unboost|p1b: DraKantos|spa|1\n|\n|-weather|RainDance|[upkeep]\n|-heal|p2b: Umbreon|74/100|[from] item: Leftovers\n|-sideend|p1: Ascalon017|move: Tailwind\n|upkeep\n|\n|t:|1776007291\n|switch|p1a: Tigre To\u00f1o|Incineroar, L50, M|100/100\n|-ability|p1a: Tigre To\u00f1o|Intimidate|boost\n|-unboost|p2a: Corviknight|atk|1\n|-fail|p2b: Umbreon|unboost|Attack|[from] ability: Inner Focus|[of] p2b: Umbreon\n|turn|5\n|inactive|Ascalon017 has 30 seconds left.\n|\n|t:|1776007325\n|move|p1a: Tigre To\u00f1o|Fake Out|p2a: Corviknight\n|-resisted|p2a: Corviknight|1\n|-damage|p2a: Corviknight|68/100\n|move|p1b: DraKantos|Hurricane|p2b: Umbreon\n|-damage|p2b: Umbreon|57/100\n|cant|p2a: Corviknight|flinch\n|move|p2b: Umbreon|Snarl|p1b: DraKantos|[spread] p1a,p1b\n|-resisted|p1a: Tigre To\u00f1o|1\n|-damage|p1a: Tigre To\u00f1o|98/100\n|-damage|p1b: DraKantos|86/100\n|-unboost|p1a: Tigre To\u00f1o|spa|1\n|-unboost|p1b: DraKantos|spa|1\n|\n|-weather|none\n|-heal|p2b: Umbreon|63/100|[from] item: Leftovers\n|upkeep\n|turn|6\n|\n|t:|1776007349\n|move|p1b: DraKantos|Protect|p1b: DraKantos\n|-singleturn|p1b: DraKantos|Protect\n|move|p2a: Corviknight|Body Press|p1a: Tigre To\u00f1o\n|-supereffective|p1a: Tigre To\u00f1o|1\n|-damage|p1a: Tigre To\u00f1o|0 fnt\n|faint|p1a: Tigre To\u00f1o\n|move|p2b: Umbreon|Snarl|p1b: DraKantos\n|-activate|p1b: DraKantos|move: Protect\n|\n|-heal|p2b: Umbreon|69/100|[from] item: Leftovers\n|upkeep\n|\n|t:|1776007361\n|switch|p1a: Peeko|Pelipper, L50, F|100/100\n|-weather|RainDance|[from] ability: Drizzle|[of] p1a: Peeko\n|turn|7\n|\n|t:|1776007383\n|move|p1b: DraKantos|Draco Meteor|p2b: Umbreon\n|-damage|p2b: Umbreon|50/100\n|-unboost|p1b: DraKantos|spa|2\n|move|p2a: Corviknight|Roost|p2a: Corviknight\n|-heal|p2a: Corviknight|100/100\n|-singleturn|p2a: Corviknight|move: Roost\n|move|p1a: Peeko|Weather Ball|p2a: Corviknight\n|-crit|p2a: Corviknight\n|-damage|p2a: Corviknight|37/100\n|move|p2b: Umbreon|Snarl|p1a: Peeko|[spread] p1a,p1b\n|-damage|p1a: Peeko|88/100\n|-damage|p1b: DraKantos|78/100\n|-unboost|p1a: Peeko|spa|1\n|\n|-weather|RainDance|[upkeep]\n|-heal|p1a: Peeko|94/100|[from] item: Leftovers\n|-heal|p2b: Umbreon|55/100|[from] item: Leftovers\n|upkeep\n|turn|8\n|\n|t:|1776007407\n|move|p1b: DraKantos|Draco Meteor|p2a: Corviknight\n|-resisted|p2a: Corviknight|1\n|-damage|p2a: Corviknight|28/100\n|move|p2a: Corviknight|Roost|p2a: Corviknight\n|-heal|p2a: Corviknight|79/100\n|-singleturn|p2a: Corviknight|move: Roost\n|move|p2b: Umbreon|Snarl|p1b: DraKantos|[spread] p1a,p1b\n|-damage|p1a: Peeko|80/100\n|-damage|p1b: DraKantos|70/100\n|-unboost|p1a: Peeko|spa|1\n|move|p1a: Peeko|Weather Ball|p2a: Corviknight\n|-damage|p2a: Corviknight|58/100\n|\n|-weather|RainDance|[upkeep]\n|-heal|p2b: Umbreon|61/100|[from] item: Leftovers\n|-heal|p1a: Peeko|87/100|[from] item: Leftovers\n|upkeep\n|turn|9\n|-message|Ascalon017 forfeited.\n|\n|win|gonegeb\n|raw|Ascalon017's rating: 1043 &rarr; <strong>1027</strong><br />(-16 for losing)\n|raw|gonegeb's rating: 1051 &rarr; <strong>1083</strong><br />(+32 for winning)\n|l|\u2606Ascalon017\n|player|p1|\n",
  "uploadtime": 1776007422,
  "views": 20,
  "formatid": "gen9championsvgc2026regma",
  "rating": 1027,
  "private": 0,
  "password": null
}