{
  "id": "gen9championsvgc2026regma-2582797438",
  "format": "[Gen 9 Champions] VGC 2026 Reg M-A",
  "players": [
    "YURIARTILLERY",
    "Enbot"
  ],
  "log": "|j|\u2606YURIARTILLERY\n|j|\u2606Enbot\n|t:|1776114872\n|gametype|doubles\n|player|p1|YURIARTILLERY|parasollady-gen4|1147\n|player|p2|Enbot|steven|1111\n|gen|9\n|tier|[Gen 9 Champions] VGC 2026 Reg M-A\n|rated|\n|rule|Species Clause: Limit one of each Pok\u00e9mon\n|rule|Item Clause: Limit 1 of each item\n|clearpoke\n|poke|p1|Scizor, L50, F|\n|poke|p1|Pelipper, L50, M|\n|poke|p1|Dragonite, L50, M|\n|poke|p1|Liepard, L50, F|\n|poke|p1|Archaludon, L50, M|\n|poke|p1|Arcanine-Hisui, L50, F|\n|poke|p2|Glimmora, L50, F|\n|poke|p2|Tyranitar, L50, M|\n|poke|p2|Garchomp, L50, F|\n|poke|p2|Sinistcha, L50|\n|poke|p2|Aerodactyl, L50, F|\n|poke|p2|Arcanine-Hisui, L50, M|\n|teampreview|4\nYURIARTILLERY has agreed to open team sheets.\nEnbot has agreed to open team sheets.\n|showteam|p1|Scizor||FocusSash|Technician|BugBite,BulletPunch,SwordsDance,CloseCombat|||F|||50|]Pelipper||MentalHerb|Drizzle|Uturn,Hurricane,Tailwind,Protect|||M|||50|]Dragonite||Dragoninite|InnerFocus|DracoMeteor,Hurricane,Surf,Protect|||M|||50|]Liepard||SitrusBerry|Prankster|Copycat,FakeOut,KnockOff,Encore|||F|||50|]Archaludon||Leftovers|Stamina|ElectroShot,DracoMeteor,FlashCannon,Protect|||M|||50|]Arcanine-Hisui||ShucaBerry|Intimidate|ExtremeSpeed,FlareBlitz,RockSlide,Protect|||F|||50|\n|showteam|p2|Glimmora||Glimmoranite|ToxicDebris|SludgeBomb,PowerGem,SpikyShield,EarthPower|||F|||50|]Tyranitar||WhiteHerb|SandStream|KnockOff,RockSlide,Protect,ThunderPunch|||M|||50|]Garchomp||YacheBerry|SandVeil|RockSlide,PoisonJab,Earthquake,Outrage|||F|||50|]Sinistcha||Leftovers|Hospitality|MatchaGotcha,ShadowBall,StrengthSap,Scald||||||50|]Aerodactyl||MentalHerb|Unnerve|Tailwind,Taunt,Roost,RockSlide|||F|||50|]Arcanine-Hisui||FocusSash|Intimidate|HeatCrash,ExtremeSpeed,HeadSmash,StealthRock|||M|||50|\n|c|\u2606YURIARTILLERY|this team is cool\n|c|\u2606YURIARTILLERY|i really like tw aero\n|c|\u2606Enbot|tenk\n|c|\u2606Enbot|but Garchomp isn't doing much tho\n|\n|t:|1776114993\n|teamsize|p1|4\n|teamsize|p2|4\n|start\n|switch|p1a: Scizor|Scizor, L50, F|100/100\n|switch|p1b: Arcanine|Arcanine-Hisui, L50, F|100/100\n|switch|p2a: Glimmora|Glimmora, L50, F|100/100\n|switch|p2b: Aerodactyl|Aerodactyl, L50, F, shiny|100/100\n|-ability|p2b: Aerodactyl|Unnerve\n|-ability|p1b: Arcanine|Intimidate|boost\n|-unboost|p2a: Glimmora|atk|1\n|-unboost|p2b: Aerodactyl|atk|1\n|turn|1\n|c|\u2606YURIARTILLERY|gl\n|c|\u2606Enbot|gl\n|\n|t:|1776115018\n|move|p2a: Glimmora|Spiky Shield|p2a: Glimmora\n|-singleturn|p2a: Glimmora|move: Protect\n|move|p2b: Aerodactyl|Tailwind|p2b: Aerodactyl\n|-sidestart|p2: Enbot|move: Tailwind\n|move|p1b: Arcanine|Rock Slide|p2b: Aerodactyl|[spread] p2b\n|-activate|p2a: Glimmora|move: Protect\n|-supereffective|p2b: Aerodactyl|1\n|-damage|p2b: Aerodactyl|31/100\n|move|p1a: Scizor|Swords Dance|p1a: Scizor\n|-boost|p1a: Scizor|atk|2\n|\n|upkeep\n|turn|2\n|\n|t:|1776115041\n|switch|p2b: Garchomp|Garchomp, L50, F|100/100\n|switch|p2a: Tyranitar|Tyranitar, L50, M|100/100\n|-weather|Sandstorm|[from] ability: Sand Stream|[of] p2a: Tyranitar\n|move|p1a: Scizor|Bullet Punch|p2a: Tyranitar\n|-supereffective|p2a: Tyranitar|1\n|-damage|p2a: Tyranitar|0 fnt\n|faint|p2a: Tyranitar\n|move|p1b: Arcanine|Rock Slide|p2b: Garchomp|[miss]\n|-miss|p1b: Arcanine|p2b: Garchomp\n|\n|-weather|Sandstorm|[upkeep]\n|upkeep\n|\n|t:|1776115058\n|switch|p2a: Glimmora|Glimmora, L50, F|100/100\n|turn|3\n|\n|t:|1776115085\n|detailschange|p2a: Glimmora|Glimmora-Mega, L50, F\n|-mega|p2a: Glimmora|Glimmora|Glimmoranite\n|move|p1b: Arcanine|Protect|p1b: Arcanine\n|-singleturn|p1b: Arcanine|Protect\n|move|p2b: Garchomp|Rock Slide|p1b: Arcanine|[spread] p1a\n|-activate|p1b: Arcanine|move: Protect\n|-damage|p1a: Scizor|80/100\n|move|p2a: Glimmora|Power Gem|p1a: Scizor\n|-damage|p1a: Scizor|0 fnt\n|faint|p1a: Scizor\n|\n|-weather|Sandstorm|[upkeep]\n|upkeep\n|\n|t:|1776115098\n|switch|p1a: Pelipper|Pelipper, L50, M|100/100\n|-weather|RainDance|[from] ability: Drizzle|[of] p1a: Pelipper\n|turn|4\n|\n|t:|1776115120\n|move|p2b: Garchomp|Rock Slide|p1b: Arcanine|[spread] p1a,p1b\n|-supereffective|p1a: Pelipper|1\n|-supereffective|p1b: Arcanine|1\n|-crit|p1b: Arcanine\n|-damage|p1a: Pelipper|62/100\n|-damage|p1b: Arcanine|43/100\n|move|p2a: Glimmora|Earth Power|p1b: Arcanine\n|-supereffective|p1b: Arcanine|2\n|-enditem|p1b: Arcanine|Shuca Berry|[eat]\n|-enditem|p1b: Arcanine|Shuca Berry|[weaken]\n|-damage|p1b: Arcanine|0 fnt\n|faint|p1b: Arcanine\n|cant|p1a: Pelipper|flinch\n|\n|-weather|RainDance|[upkeep]\n|-sideend|p2: Enbot|move: Tailwind\n|upkeep\n|\n|t:|1776115132\n|switch|p1b: Dragonite|Dragonite, L50, M|100/100\n|turn|5\n|\n|t:|1776115140\n|detailschange|p1b: Dragonite|Dragonite-Mega, L50, M\n|-mega|p1b: Dragonite|Dragonite|Dragoninite\n|move|p1a: Pelipper|Protect|p1a: Pelipper\n|-singleturn|p1a: Pelipper|Protect\n|move|p1b: Dragonite|Surf|p2b: Garchomp|[spread] p2a,p2b\n|-activate|p1a: Pelipper|move: Protect\n|-supereffective|p2a: Glimmora|1\n|-damage|p2a: Glimmora|4/100\n|-damage|p2b: Garchomp|59/100\n|move|p2b: Garchomp|Outrage|p1b: Dragonite\n|-supereffective|p1b: Dragonite|1\n|-damage|p1b: Dragonite|36/100\n|move|p2a: Glimmora|Power Gem|p1a: Pelipper\n|-activate|p1a: Pelipper|move: Protect\n|\n|-weather|RainDance|[upkeep]\n|upkeep\n|turn|6\n|\n|t:|1776115164\n|move|p2a: Glimmora|Spiky Shield|p2a: Glimmora\n|-singleturn|p2a: Glimmora|move: Protect\n|move|p1b: Dragonite|Surf|p2b: Garchomp|[spread] p1a,p2b\n|-activate|p2a: Glimmora|move: Protect\n|-resisted|p1a: Pelipper|1\n|-damage|p1a: Pelipper|38/100\n|-damage|p2b: Garchomp|14/100\n|move|p2b: Garchomp|Outrage|p1b: Dragonite|[from] lockedmove\n|-supereffective|p1b: Dragonite|1\n|-damage|p1b: Dragonite|0 fnt\n|faint|p1b: Dragonite\n|-start|p2b: Garchomp|confusion|[fatigue]\n|move|p1a: Pelipper|Hurricane|p2b: Garchomp\n|-damage|p2b: Garchomp|0 fnt\n|faint|p2b: Garchomp\n|\n|-weather|RainDance|[upkeep]\n|upkeep\n|c|\u2606YURIARTILLERY|ggs\n|\n|t:|1776115178\n|switch|p2b: Aerodactyl|Aerodactyl, L50, F, shiny|31/100\n|-ability|p2b: Aerodactyl|Unnerve\n|turn|7\n|\n|t:|1776115187\n|move|p2b: Aerodactyl|Rock Slide|p1a: Pelipper\n|-supereffective|p1a: Pelipper|1\n|-damage|p1a: Pelipper|0 fnt\n|faint|p1a: Pelipper\n|\n|win|Enbot\n|raw|YURIARTILLERY's rating: 1147 &rarr; <strong>1119</strong><br />(-28 for losing)\n|raw|Enbot's rating: 1111 &rarr; <strong>1139</strong><br />(+28 for winning)\n|c|\u2606Enbot|gg\n",
  "uploadtime": 1776115193,
  "views": 20,
  "formatid": "gen9championsvgc2026regma",
  "rating": 1119,
  "private": 0,
  "password": null
}