{
  "id": "gen9championsvgc2026regma-2582498614",
  "format": "[Gen 9 Champions] VGC 2026 Reg M-A",
  "players": [
    "miniat",
    "Chiggyz"
  ],
  "log": "|j|\u2606miniat\n|j|\u2606Chiggyz\n|t:|1776095549\n|gametype|doubles\n|player|p1|miniat|cress|1088\n|player|p2|Chiggyz|zinnia-masters|1089\n|gen|9\n|tier|[Gen 9 Champions] VGC 2026 Reg M-A\n|rated|\n|rule|Species Clause: Limit one of each Pok\u00e9mon\n|rule|Item Clause: Limit 1 of each item\n|clearpoke\n|poke|p1|Sinistcha, L50|\n|poke|p1|Araquanid, L50, F|\n|poke|p1|Meganium, L50, M|\n|poke|p1|Pelipper, L50, F|\n|poke|p1|Rotom-Wash, L50|\n|poke|p1|Dragapult, L50, M|\n|poke|p2|Pelipper, L50, M|\n|poke|p2|Sinistcha, L50|\n|poke|p2|Incineroar, L50, F|\n|poke|p2|Excadrill, L50, F|\n|poke|p2|Archaludon, L50, F|\n|poke|p2|Basculegion, L50, M|\n|teampreview|4\n|inactive|Battle timer is ON: inactive players will automatically lose when time's up. (requested by Chiggyz)\n|inactive|Chiggyz has 60 seconds left.\n|\n|t:|1776095590\n|teamsize|p1|4\n|teamsize|p2|4\n|start\n|switch|p1a: Meganium|Meganium, L50, M|100/100\n|switch|p1b: Dragapult|Dragapult, L50, M|100/100\n|switch|p2a: Saint Merc|Pelipper, L50, M|100/100\n|switch|p2b: Ugly|Incineroar, L50, F|100/100\n|-weather|RainDance|[from] ability: Drizzle|[of] p2a: Saint Merc\n|-ability|p2b: Ugly|Intimidate|boost\n|-unboost|p1a: Meganium|atk|1\n|-unboost|p1b: Dragapult|atk|1\n|turn|1\n|\n|t:|1776095601\n|move|p1a: Meganium|Protect|p1a: Meganium\n|-singleturn|p1a: Meganium|Protect\n|move|p2b: Ugly|Fake Out|p1a: Meganium\n|-activate|p1a: Meganium|move: Protect\n|move|p1b: Dragapult|Light Screen|p1b: Dragapult\n|-sidestart|p1: miniat|move: Light Screen\n|move|p2a: Saint Merc|Tailwind|p2a: Saint Merc\n|-sidestart|p2: Chiggyz|move: Tailwind\n|\n|-weather|RainDance|[upkeep]\n|upkeep\n|turn|2\n|inactive|miniat has 30 seconds left.\n|\n|t:|1776095636\n|detailschange|p1a: Meganium|Meganium-Mega, L50, M\n|-mega|p1a: Meganium|Meganium|Meganiumite\n|move|p2a: Saint Merc|Hurricane|p1a: Meganium\n|-supereffective|p1a: Meganium|1\n|-damage|p1a: Meganium|40/100\n|move|p1b: Dragapult|Reflect|p1b: Dragapult\n|-sidestart|p1: miniat|Reflect\n|move|p2b: Ugly|Parting Shot|p1b: Dragapult\n|-unboost|p1b: Dragapult|atk|1\n|-unboost|p1b: Dragapult|spa|1\n|\n|t:|1776095647\n|switch|p2b: SalmonBro|Basculegion, L50, M|100/100|[from] Parting Shot\n|move|p1a: Meganium|Solar Beam||[still]\n|-prepare|p1a: Meganium|Solar Beam\n|-activate|p1a: Meganium|ability: Mega Sol\n|-anim|p1a: Meganium|Solar Beam|p2a: Saint Merc\n|-enditem|p2a: Saint Merc|Focus Sash\n|-damage|p2a: Saint Merc|1/100\n|\n|-weather|RainDance|[upkeep]\n|upkeep\n|turn|3\n|\n|t:|1776095671\n|move|p1a: Meganium|Protect|p1a: Meganium\n|-singleturn|p1a: Meganium|Protect\n|move|p2b: SalmonBro|Last Respects|p1b: Dragapult\n|-supereffective|p1b: Dragapult|1\n|-damage|p1b: Dragapult|63/100\n|move|p2a: Saint Merc|Hurricane|p1a: Meganium\n|-activate|p1a: Meganium|move: Protect\n|move|p1b: Dragapult|U-turn|p2b: SalmonBro\n|-resisted|p2b: SalmonBro|1\n|-damage|p2b: SalmonBro|95/100\n|inactive|miniat has 30 seconds left.\n|\n|t:|1776095703\n|switch|p1b: Sinistcha|Sinistcha, L50|100/100|[from] U-turn\n|\n|-weather|RainDance|[upkeep]\n|upkeep\n|turn|4\n|\n|t:|1776095722\n|move|p2b: SalmonBro|Flip Turn|p1b: Sinistcha\n|-resisted|p1b: Sinistcha|1\n|-damage|p1b: Sinistcha|83/100\n|\n|t:|1776095726\n|switch|p2b: Ugly|Incineroar, L50, F|100/100|[from] Flip Turn\n|-ability|p2b: Ugly|Intimidate|boost\n|-unboost|p1a: Meganium|atk|1\n|-unboost|p1b: Sinistcha|atk|1\n|move|p2a: Saint Merc|Hurricane|p1a: Meganium\n|-supereffective|p1a: Meganium|1\n|-damage|p1a: Meganium|0 fnt\n|faint|p1a: Meganium\n|move|p1b: Sinistcha|Trick Room|p1b: Sinistcha\n|-fieldstart|move: Trick Room|[of] p1b: Sinistcha\n|\n|-weather|RainDance|[upkeep]\n|-sideend|p2: Chiggyz|move: Tailwind\n|upkeep\n|\n|t:|1776095730\n|switch|p1a: Araquanid|Araquanid, L50, F|100/100\n|turn|5\n|\n|t:|1776095755\n|move|p1a: Araquanid|Liquidation|p2b: Ugly\n|-supereffective|p2b: Ugly|1\n|-damage|p2b: Ugly|0 fnt\n|faint|p2b: Ugly\n|move|p1b: Sinistcha|Calm Mind|p1b: Sinistcha\n|-boost|p1b: Sinistcha|spa|1\n|-boost|p1b: Sinistcha|spd|1\n|move|p2a: Saint Merc|Hurricane|p1a: Araquanid\n|-supereffective|p1a: Araquanid|1\n|-damage|p1a: Araquanid|47/100\n|\n|-weather|none\n|-sideend|p1: miniat|move: Light Screen\n|upkeep\n|\n|t:|1776095761\n|switch|p2b: OGwhaTClabp|Archaludon, L50, F|100/100\n|turn|6\n|\n|t:|1776095775\n|switch|p2a: SalmonBro|Basculegion, L50, M|95/100\n|move|p1a: Araquanid|Soak|p2b: OGwhaTClabp\n|-start|p2b: OGwhaTClabp|typechange|Water\n|move|p1b: Sinistcha|Matcha Gotcha|p2b: OGwhaTClabp|[spread] p2a,p2b\n|-supereffective|p2a: SalmonBro|1\n|-supereffective|p2b: OGwhaTClabp|1\n|-damage|p2a: SalmonBro|0 fnt\n|-heal|p1b: Sinistcha|100/100|[from] drain|[of] p2a: SalmonBro\n|-damage|p2b: OGwhaTClabp|0 fnt\n|faint|p2a: SalmonBro\n|faint|p2b: OGwhaTClabp\n|\n|-sideend|p1: miniat|Reflect\n|upkeep\n|\n|t:|1776095798\n|switch|p2b: Saint Merc|Pelipper, L50, M|1/100\n|-weather|RainDance|[from] ability: Drizzle|[of] p2b: Saint Merc\n|turn|7\n|c|\u2606Chiggyz|damn bro\n|\n|t:|1776095811\n|move|p1a: Araquanid|Liquidation|p2b: Saint Merc\n|-resisted|p2b: Saint Merc|1\n|-damage|p2b: Saint Merc|0 fnt\n|faint|p2b: Saint Merc\n|\n|win|miniat\n|raw|miniat's rating: 1088 &rarr; <strong>1115</strong><br />(+27 for winning)\n|raw|Chiggyz's rating: 1089 &rarr; <strong>1066</strong><br />(-23 for losing)\n|c|\u2606miniat|Lmao\n|c|\u2606miniat|Ggs\n",
  "uploadtime": 1776095828,
  "views": 10,
  "formatid": "gen9championsvgc2026regma",
  "rating": 1066,
  "private": 0,
  "password": null
}