{
  "id": "gen9championsvgc2026regma-2581580523",
  "format": "[Gen 9 Champions] VGC 2026 Reg M-A",
  "players": [
    "Tailwind Lobbyist",
    "yann3779"
  ],
  "log": "|j|\u2606Tailwind Lobbyist\n|j|\u2606yann3779\n|t:|1776012593\n|gametype|doubles\n|player|p1|Tailwind Lobbyist|clerkf|1055\n|player|p2|yann3779|265|1031\n|gen|9\n|tier|[Gen 9 Champions] VGC 2026 Reg M-A\n|rated|\n|rule|Species Clause: Limit one of each Pok\u00e9mon\n|rule|Item Clause: Limit 1 of each item\n|clearpoke\n|poke|p1|Lucario, L50, F|\n|poke|p1|Incineroar, L50, M|\n|poke|p1|Aerodactyl, L50, F|\n|poke|p1|Garchomp, L50, F|\n|poke|p1|Farigiraf, L50, M|\n|poke|p1|Sylveon, L50, F|\n|poke|p2|Excadrill, L50, F|\n|poke|p2|Tyranitar, L50, F|\n|poke|p2|Garchomp, L50, M|\n|poke|p2|Corviknight, L50, F|\n|poke|p2|Gyarados, L50, F|\n|poke|p2|Sinistcha, L50|\n|teampreview|4\n|inactive|Battle timer is ON: inactive players will automatically lose when time's up. (requested by yann3779)\n|\n|t:|1776012624\n|teamsize|p1|4\n|teamsize|p2|4\n|start\n|switch|p1a: Farigiraf|Farigiraf, L50, M|100/100\n|switch|p1b: Incineroar|Incineroar, L50, M|100/100\n|switch|p2a: Excadrill|Excadrill, L50, F|100/100\n|switch|p2b: Tyranitar|Tyranitar, L50, F|100/100\n|-weather|Sandstorm|[from] ability: Sand Stream|[of] p2b: Tyranitar\n|-ability|p1b: Incineroar|Intimidate|boost\n|-unboost|p2a: Excadrill|atk|1\n|-unboost|p2b: Tyranitar|atk|1\n|turn|1\n|\n|t:|1776012640\n|move|p2b: Tyranitar|Protect|p2b: Tyranitar\n|-singleturn|p2b: Tyranitar|Protect\n|move|p1b: Incineroar|Fake Out|p2a: Excadrill\n|-resisted|p2a: Excadrill|1\n|-damage|p2a: Excadrill|93/100\n|cant|p2a: Excadrill|flinch\n|move|p1a: Farigiraf|Trick Room|p1a: Farigiraf\n|-fieldstart|move: Trick Room|[of] p1a: Farigiraf\n|\n|-weather|Sandstorm|[upkeep]\n|-damage|p1a: Farigiraf|94/100|[from] Sandstorm\n|-damage|p1b: Incineroar|95/100|[from] Sandstorm\n|-heal|p1a: Farigiraf|100/100|[from] item: Leftovers\n|upkeep\n|turn|2\n|\n|t:|1776012653\n|switch|p2a: Gyarados|Gyarados, L50, F|100/100\n|-ability|p2a: Gyarados|Intimidate|boost\n|-unboost|p1a: Farigiraf|atk|1\n|-unboost|p1b: Incineroar|atk|1\n|detailschange|p2b: Tyranitar|Tyranitar-Mega, L50, F\n|-mega|p2b: Tyranitar|Tyranitar|Tyranitarite\n|move|p1a: Farigiraf|Skill Swap|p1b: Incineroar\n|-activate|p1a: Farigiraf|Skill Swap|||[of] p1b: Incineroar\n|-ability|p1a: Farigiraf|Intimidate|boost\n|-unboost|p2a: Gyarados|atk|1\n|-unboost|p2b: Tyranitar|atk|1\n|move|p1b: Incineroar|Flare Blitz|p2a: Gyarados\n|-resisted|p2a: Gyarados|1\n|-damage|p2a: Gyarados|81/100\n|-damage|p1b: Incineroar|89/100|[from] Recoil\n|move|p2b: Tyranitar|Knock Off|p1a: Farigiraf\n|-supereffective|p1a: Farigiraf|1\n|-damage|p1a: Farigiraf|53/100\n|-enditem|p1a: Farigiraf|Leftovers|[from] move: Knock Off|[of] p2b: Tyranitar\n|\n|-weather|Sandstorm|[upkeep]\n|-damage|p1a: Farigiraf|47/100|[from] Sandstorm\n|-damage|p1b: Incineroar|83/100|[from] Sandstorm\n|-damage|p2a: Gyarados|75/100|[from] Sandstorm\n|upkeep\n|turn|3\n|\n|t:|1776012670\n|move|p1a: Farigiraf|Skill Swap|p2a: Gyarados\n|-activate|p1a: Farigiraf|Skill Swap|Intimidate|Intimidate|[of] p2a: Gyarados\n|-ability|p2a: Gyarados|Intimidate|boost\n|-unboost|p1a: Farigiraf|atk|1\n|-unboost|p1b: Incineroar|atk|1\n|-ability|p1a: Farigiraf|Intimidate|boost\n|-unboost|p2a: Gyarados|atk|1\n|-unboost|p2b: Tyranitar|atk|1\n|move|p1b: Incineroar|Taunt|p2a: Gyarados\n|-start|p2a: Gyarados|move: Taunt\n|move|p2b: Tyranitar|Knock Off|p1a: Farigiraf\n|-supereffective|p1a: Farigiraf|1\n|-damage|p1a: Farigiraf|17/100\n|move|p2a: Gyarados|Waterfall|p1b: Incineroar\n|-supereffective|p1b: Incineroar|1\n|-damage|p1b: Incineroar|49/100\n|-enditem|p1b: Incineroar|Sitrus Berry|[eat]\n|-heal|p1b: Incineroar|74/100|[from] item: Sitrus Berry\n|\n|-weather|Sandstorm|[upkeep]\n|-damage|p1a: Farigiraf|11/100|[from] Sandstorm\n|-damage|p1b: Incineroar|68/100|[from] Sandstorm\n|-damage|p2a: Gyarados|69/100|[from] Sandstorm\n|upkeep\n|turn|4\n|\n|t:|1776012686\n|switch|p2b: Sinistcha|Sinistcha, L50|100/100\n|-heal|p2a: Gyarados|94/100|[from] ability: Hospitality|[of] p2b: Sinistcha\n|move|p1a: Farigiraf|Skill Swap|p1b: Incineroar\n|-activate|p1a: Farigiraf|Skill Swap|||[of] p1b: Incineroar\n|-ability|p1b: Incineroar|Intimidate|boost\n|-unboost|p2a: Gyarados|atk|1\n|-unboost|p2b: Sinistcha|atk|1\n|move|p1b: Incineroar|Taunt|p2b: Sinistcha\n|-start|p2b: Sinistcha|move: Taunt\n|move|p2a: Gyarados|Waterfall|p1b: Incineroar\n|-supereffective|p1b: Incineroar|1\n|-damage|p1b: Incineroar|43/100\n|\n|-weather|Sandstorm|[upkeep]\n|-damage|p1a: Farigiraf|4/100|[from] Sandstorm\n|-damage|p1b: Incineroar|37/100|[from] Sandstorm\n|-damage|p2b: Sinistcha|94/100|[from] Sandstorm\n|-damage|p2a: Gyarados|88/100|[from] Sandstorm\n|upkeep\n|turn|5\n|-activate|p2a: Gyarados|item: Quick Claw\n|\n|t:|1776012693\n|switch|p2b: Excadrill|Excadrill, L50, F|93/100\n|move|p1a: Farigiraf|Helping Hand|p1b: Incineroar\n|-singleturn|p1b: Incineroar|Helping Hand|[of] p1a: Farigiraf\n|move|p2a: Gyarados|Waterfall|p1a: Farigiraf\n|-damage|p1a: Farigiraf|0 fnt\n|faint|p1a: Farigiraf\n|move|p1b: Incineroar|Flare Blitz|p2b: Excadrill\n|-supereffective|p2b: Excadrill|1\n|-damage|p2b: Excadrill|0 fnt\n|faint|p2b: Excadrill\n|-damage|p1b: Incineroar|9/100|[from] Recoil\n|\n|-weather|none\n|-end|p2a: Gyarados|move: Taunt\n|-fieldend|move: Trick Room\n|upkeep\n|\n|t:|1776012701\n|switch|p2b: Tyranitar|Tyranitar-Mega, L50, F|100/100\n|switch|p1a: Sylveon|Sylveon, L50, F, shiny|100/100\n|-weather|Sandstorm|[from] ability: Sand Stream|[of] p2b: Tyranitar\n|turn|6\n|\n|t:|1776012707\n|move|p2a: Gyarados|Waterfall|p1b: Incineroar\n|-supereffective|p1b: Incineroar|1\n|-damage|p1b: Incineroar|0 fnt\n|faint|p1b: Incineroar\n|move|p2b: Tyranitar|Dragon Dance|p2b: Tyranitar\n|-boost|p2b: Tyranitar|atk|1\n|-boost|p2b: Tyranitar|spe|1\n|move|p1a: Sylveon|Hyper Voice|p2a: Gyarados|[spread] p2a,p2b\n|-crit|p2a: Gyarados\n|-supereffective|p2b: Tyranitar|1\n|-damage|p2a: Gyarados|15/100\n|-damage|p2b: Tyranitar|51/100\n|\n|-weather|Sandstorm|[upkeep]\n|-damage|p2a: Gyarados|9/100|[from] Sandstorm\n|-damage|p1a: Sylveon|95/100|[from] Sandstorm\n|upkeep\n|\n|t:|1776012709\n|switch|p1b: Lucario|Lucario, L50, F, shiny|100/100\n|turn|7\n|\n|t:|1776012717\n|detailschange|p1b: Lucario|Lucario-Mega, L50, F, shiny\n|-mega|p1b: Lucario|Lucario|Lucarionite\n|move|p1b: Lucario|Bullet Punch|p2a: Gyarados\n|-resisted|p2a: Gyarados|1\n|-damage|p2a: Gyarados|0 fnt\n|faint|p2a: Gyarados\n|move|p2b: Tyranitar|Rock Slide|p1a: Sylveon|[spread] p1a,p1b\n|-resisted|p1b: Lucario|2\n|-damage|p1a: Sylveon|29/100\n|-damage|p1b: Lucario|81/100\n|move|p1a: Sylveon|Hyper Voice|p2b: Tyranitar\n|-supereffective|p2b: Tyranitar|1\n|-damage|p2b: Tyranitar|0 fnt\n|faint|p2b: Tyranitar\n|\n|-weather|Sandstorm|[upkeep]\n|-damage|p1a: Sylveon|23/100|[from] Sandstorm\n|upkeep\n|\n|t:|1776012719\n|switch|p2b: Sinistcha|Sinistcha, L50|94/100\n|turn|8\n|\n|t:|1776012726\n|move|p1b: Lucario|Meteor Mash|p2b: Sinistcha\n|-damage|p2b: Sinistcha|34/100\n|-enditem|p2b: Sinistcha|Sitrus Berry|[eat]\n|-heal|p2b: Sinistcha|59/100|[from] item: Sitrus Berry\n|move|p2b: Sinistcha|Matcha Gotcha|p1b: Lucario|[spread] p1a,p1b\n|-resisted|p1b: Lucario|1\n|-damage|p1a: Sylveon|6/100\n|-heal|p2b: Sinistcha|69/100|[from] drain|[of] p1a: Sylveon\n|-damage|p1b: Lucario|61/100\n|-heal|p2b: Sinistcha|77/100|[from] drain|[of] p1b: Lucario\n|move|p1a: Sylveon|Hyper Voice|p2b: Sinistcha\n|-damage|p2b: Sinistcha|16/100\n|\n|-weather|Sandstorm|[upkeep]\n|-damage|p2b: Sinistcha|10/100|[from] Sandstorm\n|-damage|p1a: Sylveon|0 fnt|[from] Sandstorm\n|faint|p1a: Sylveon\n|upkeep\n|turn|9\n|l|\u2606yann3779\n|inactive|yann3779 disconnected and has a minute to reconnect!\n|player|p2|\n|inactive|yann3779 has 30 seconds left.\n|inactive|yann3779 has 20 seconds left.\n|inactive|yann3779 has 15 seconds left.\n|inactive|yann3779 has 10 seconds left.\n|inactive|yann3779 has 5 seconds left.\n|-message|yann3779 lost due to inactivity.\n|\n|win|Tailwind Lobbyist\n|raw|Tailwind Lobbyist's rating: 1055 &rarr; <strong>1085</strong><br />(+30 for winning)\n|raw|yann3779's rating: 1031 &rarr; <strong>1017</strong><br />(-14 for losing)\n|c|\u2606Tailwind Lobbyist|Ahhh you were SO MAD\n",
  "uploadtime": 1776012797,
  "views": 42,
  "formatid": "gen9championsvgc2026regma",
  "rating": 1017,
  "private": 0,
  "password": null
}