{
  "id": "gen9championsvgc2026regma-2586309169",
  "format": "[Gen 9 Champions] VGC 2026 Reg M-A",
  "players": [
    "bunearyboicherry",
    "storm93ita"
  ],
  "log": "|j|\u2606bunearyboicherry\n|j|\u2606storm93ita\n|t:|1776423836\n|gametype|doubles\n|player|p1|bunearyboicherry|preschoolerf-gen6|1109\n|player|p2|storm93ita|volkner|1128\n|gen|9\n|tier|[Gen 9 Champions] VGC 2026 Reg M-A\n|rated|\n|rule|Species Clause: Limit one of each Pok\u00e9mon\n|rule|Item Clause: Limit 1 of each item\n|clearpoke\n|poke|p1|Steelix, L50, M|\n|poke|p1|Vivillon, L50, F|\n|poke|p1|Garchomp, L50, M|\n|poke|p1|Tyranitar, L50, M|\n|poke|p1|Aerodactyl, L50, M|\n|poke|p1|Farigiraf, L50, F|\n|poke|p2|Dragonite, L50, M|\n|poke|p2|Basculegion, L50, M|\n|poke|p2|Archaludon, L50, M|\n|poke|p2|Meganium, L50, M|\n|poke|p2|Sneasler, L50, F|\n|poke|p2|Pelipper, L50, F|\n|teampreview|4\n|inactive|Battle timer is ON: inactive players will automatically lose when time's up. (requested by storm93ita)\n|inactive|bunearyboicherry has 60 seconds left.\n|inactive|storm93ita has 60 seconds left.\n|\n|t:|1776423881\n|teamsize|p1|4\n|teamsize|p2|4\n|start\n|switch|p1a: Aerodactyl|Aerodactyl, L50, M, shiny|100/100\n|switch|p1b: Garchomp|Garchomp, L50, M, shiny|100/100\n|switch|p2a: Basculegion|Basculegion, L50, M|100/100\n|switch|p2b: Dragonite|Dragonite, L50, M|100/100\n|turn|1\n|\n|t:|1776423905\n|switch|p2b: Pelipper|Pelipper, L50, F|100/100\n|-weather|RainDance|[from] ability: Drizzle|[of] p2b: Pelipper\n|move|p2a: Basculegion|Wave Crash|p1a: Aerodactyl\n|-supereffective|p1a: Aerodactyl|1\n|-damage|p1a: Aerodactyl|0 fnt\n|faint|p1a: Aerodactyl\n|-damage|p2a: Basculegion|74/100|[from] Recoil\n|move|p1b: Garchomp|Rock Slide|p2a: Basculegion|[spread] p2a,p2b\n|-supereffective|p2b: Pelipper|1\n|-damage|p2a: Basculegion|44/100\n|-damage|p2b: Pelipper|55/100\n|\n|-weather|RainDance|[upkeep]\n|upkeep\n|\n|t:|1776423912\n|switch|p1a: Tyranitar|Tyranitar, L50, M|100/100\n|-weather|Sandstorm|[from] ability: Sand Stream|[of] p1a: Tyranitar\n|turn|2\n|\n|t:|1776423935\n|switch|p2a: Archaludon|Archaludon, L50, M|100/100\n|switch|p2b: Dragonite|Dragonite, L50, M|100/100\n|move|p1b: Garchomp|Rock Slide|p2b: Dragonite|[spread] p2a,p2b\n|-resisted|p2a: Archaludon|1\n|-supereffective|p2b: Dragonite|1\n|-damage|p2a: Archaludon|92/100\n|-damage|p2b: Dragonite|75/100\n|-ability|p2a: Archaludon|Stamina|boost\n|-boost|p2a: Archaludon|def|1\n|move|p1a: Tyranitar|Rock Slide|p2a: Archaludon|[spread] p2a,p2b\n|-resisted|p2a: Archaludon|1\n|-supereffective|p2b: Dragonite|1\n|-damage|p2a: Archaludon|83/100\n|-damage|p2b: Dragonite|7/100\n|-ability|p2a: Archaludon|Stamina|boost\n|-boost|p2a: Archaludon|def|1\n|\n|-weather|Sandstorm|[upkeep]\n|-damage|p2b: Dragonite|1/100|[from] Sandstorm\n|-heal|p2a: Archaludon|89/100|[from] item: Leftovers\n|upkeep\n|turn|3\n|inactive|storm93ita has 30 seconds left.\n|inactive|bunearyboicherry has 30 seconds left.\n|inactive|storm93ita has 20 seconds left.\n|inactive|storm93ita has 15 seconds left.\n|\n|t:|1776423977\n|switch|p1a: Steelix|Steelix, L50, M, shiny|100/100\n|detailschange|p2b: Dragonite|Dragonite-Mega, L50, M\n|-mega|p2b: Dragonite|Dragonite|Dragoninite\n|move|p2b: Dragonite|Protect|p2b: Dragonite\n|-singleturn|p2b: Dragonite|Protect\n|move|p2a: Archaludon|Protect|p2a: Archaludon\n|-singleturn|p2a: Archaludon|Protect\n|move|p1b: Garchomp|Dragon Claw|p2b: Dragonite\n|-activate|p2b: Dragonite|move: Protect\n|\n|-weather|Sandstorm|[upkeep]\n|-damage|p2b: Dragonite|0 fnt|[from] Sandstorm\n|faint|p2b: Dragonite\n|-heal|p2a: Archaludon|95/100|[from] item: Leftovers\n|upkeep\n|\n|t:|1776423995\n|switch|p2b: Basculegion|Basculegion, L50, M|44/100\n|turn|4\n|\n|t:|1776424015\n|detailschange|p1a: Steelix|Steelix-Mega, L50, M, shiny\n|-mega|p1a: Steelix|Steelix|Steelixite\n|move|p2a: Archaludon|Protect|p2a: Archaludon\n|-singleturn|p2a: Archaludon|Protect\n|move|p2b: Basculegion|Wave Crash|p1b: Garchomp|[miss]\n|-miss|p2b: Basculegion|p1b: Garchomp\n|move|p1b: Garchomp|Dragon Claw|p2b: Basculegion\n|-damage|p2b: Basculegion|0 fnt\n|faint|p2b: Basculegion\n|move|p1a: Steelix|Body Press|p2a: Archaludon\n|-activate|p2a: Archaludon|move: Protect\n|\n|-weather|Sandstorm|[upkeep]\n|-heal|p2a: Archaludon|100/100|[from] item: Leftovers\n|upkeep\n|\n|t:|1776424028\n|switch|p2b: Pelipper|Pelipper, L50, F|55/100\n|-weather|RainDance|[from] ability: Drizzle|[of] p2b: Pelipper\n|turn|5\n|\n|t:|1776424048\n|switch|p1a: Tyranitar|Tyranitar, L50, M|100/100\n|-weather|Sandstorm|[from] ability: Sand Stream|[of] p1a: Tyranitar\n|move|p2a: Archaludon|Draco Meteor|p1b: Garchomp|[miss]\n|-miss|p2a: Archaludon|p1b: Garchomp\n|move|p1b: Garchomp|Dragon Claw|p2b: Pelipper\n|-damage|p2b: Pelipper|10/100\n|move|p2b: Pelipper|Weather Ball|p1a: Tyranitar\n|-damage|p1a: Tyranitar|84/100\n|\n|-weather|Sandstorm|[upkeep]\n|-damage|p2b: Pelipper|4/100|[from] Sandstorm\n|upkeep\n|turn|6\n|\n|t:|1776424062\n|move|p2a: Archaludon|Draco Meteor|p1b: Garchomp\n|-supereffective|p1b: Garchomp|1\n|-damage|p1b: Garchomp|0 fnt\n|-unboost|p2a: Archaludon|spa|2\n|faint|p1b: Garchomp\n|move|p1a: Tyranitar|Crunch|p2b: Pelipper\n|-damage|p2b: Pelipper|0 fnt\n|faint|p2b: Pelipper\n|\n|-weather|Sandstorm|[upkeep]\n|upkeep\n|\n|t:|1776424065\n|switch|p1b: Steelix|Steelix-Mega, L50, M, shiny|100/100\n|turn|7\n|\n|t:|1776424078\n|move|p2a: Archaludon|Flash Cannon|p1a: Tyranitar\n|-supereffective|p1a: Tyranitar|1\n|-damage|p1a: Tyranitar|56/100\n|move|p1a: Tyranitar|Breaking Swipe|p2a: Archaludon\n|-damage|p2a: Archaludon|90/100\n|-unboost|p2a: Archaludon|atk|1\n|-ability|p2a: Archaludon|Stamina|boost\n|-boost|p2a: Archaludon|def|1\n|move|p1b: Steelix|Body Press|p2a: Archaludon\n|-supereffective|p2a: Archaludon|1\n|-crit|p2a: Archaludon\n|-damage|p2a: Archaludon|0 fnt\n|faint|p2a: Archaludon\n|\n|win|bunearyboicherry\n|raw|bunearyboicherry's rating: 1109 &rarr; <strong>1135</strong><br />(+26 for winning)\n|raw|storm93ita's rating: 1128 &rarr; <strong>1102</strong><br />(-26 for losing)\n",
  "uploadtime": 1776424081,
  "views": 27,
  "formatid": "gen9championsvgc2026regma",
  "rating": 1102,
  "private": 0,
  "password": null
}