{
  "id": "gen9championsvgc2026regma-2588239365",
  "format": "[Gen 9 Champions] VGC 2026 Reg M-A",
  "players": [
    "tailamatong",
    "Pipopopo"
  ],
  "log": "|j|\u2606tailamatong\n|j|\u2606Pipopopo\n|t:|1776617153\n|gametype|doubles\n|player|p1|tailamatong|iris|1112\n|player|p2|Pipopopo|roxie|1120\n|gen|9\n|tier|[Gen 9 Champions] VGC 2026 Reg M-A\n|rated|\n|rule|Species Clause: Limit one of each Pok\u00e9mon\n|rule|Item Clause: Limit 1 of each item\n|clearpoke\n|poke|p1|Starmie, L50|\n|poke|p1|Pelipper, L50, M|\n|poke|p1|Meowstic, L50, M|\n|poke|p1|Incineroar, L50, F|\n|poke|p1|Archaludon, L50, F|\n|poke|p1|Sinistcha-Masterpiece, L50|\n|poke|p2|Heliolisk, L50, F|\n|poke|p2|Tyranitar, L50, M|\n|poke|p2|Chimecho, L50, M|\n|poke|p2|Kleavor, L50, M|\n|poke|p2|Araquanid, L50, F|\n|poke|p2|Sneasler, L50, F|\n|teampreview|4\n|inactive|Battle timer is ON: inactive players will automatically lose when time's up. (requested by Pipopopo)\n|inactiveoff|Battle timer is now OFF.\nPipopopo rejected open team sheets.\n|\n|t:|1776617196\n|teamsize|p1|4\n|teamsize|p2|4\n|start\n|switch|p1a: Starmie|Starmie, L50|100/100\n|switch|p1b: Incineroar|Incineroar, L50, F|100/100\n|switch|p2a: Sneasler|Sneasler, L50, F|100/100\n|switch|p2b: Heliolisk|Heliolisk, L50, F|100/100\n|-ability|p1b: Incineroar|Intimidate|boost\n|-unboost|p2a: Sneasler|atk|1\n|-unboost|p2b: Heliolisk|atk|1\n|-enditem|p2a: Sneasler|White Herb\n|-clearnegativeboost|p2a: Sneasler|[silent]\n|turn|1\n|\n|t:|1776617234\n|switch|p1b: Pelipper|Pelipper, L50, M|100/100\n|-weather|RainDance|[from] ability: Drizzle|[of] p1b: Pelipper\n|detailschange|p1a: Starmie|Starmie-Mega, L50\n|-mega|p1a: Starmie|Starmie|Starminite\n|move|p2a: Sneasler|Fake Out|p1a: Starmie\n|-damage|p1a: Starmie|87/100\n|cant|p1a: Starmie|flinch\n|move|p2b: Heliolisk|Shed Tail|p2b: Heliolisk\n|-start|p2b: Heliolisk|Substitute|[from] move: Shed Tail\n|-damage|p2b: Heliolisk|50/100\n|-enditem|p2b: Heliolisk|Sitrus Berry|[eat]\n|-heal|p2b: Heliolisk|75/100|[from] item: Sitrus Berry\n|\n|t:|1776617247\n|switch|p2b: Tyranitar|Tyranitar, L50, M|100/100|[from] Shed Tail\n|-weather|Sandstorm|[from] ability: Sand Stream|[of] p2b: Tyranitar\n|\n|-weather|Sandstorm|[upkeep]\n|-damage|p2a: Sneasler|94/100|[from] Sandstorm\n|-damage|p1a: Starmie|81/100|[from] Sandstorm\n|-damage|p1b: Pelipper|95/100|[from] Sandstorm\n|upkeep\n|turn|2\n|\n|t:|1776617266\n|switch|p2a: Heliolisk|Heliolisk, L50, F|75/100\n|move|p1a: Starmie|Flip Turn|p2a: Heliolisk\n|-heal|p2a: Heliolisk|99/100|[from] ability: Dry Skin|[of] p1a: Starmie\n|move|p1b: Pelipper|U-turn|p2b: Tyranitar\n|-supereffective|p2b: Tyranitar|1\n|-activate|p2b: Tyranitar|move: Substitute|[damage]\n|\n|t:|1776617275\n|switch|p1b: Incineroar|Incineroar, L50, F|100/100|[from] U-turn\n|-ability|p1b: Incineroar|Intimidate|boost\n|-unboost|p2a: Heliolisk|atk|1\n|-immune|p2b: Tyranitar\n|move|p2b: Tyranitar|Rock Slide|p1b: Incineroar|[spread] p1a,p1b\n|-supereffective|p1b: Incineroar|1\n|-damage|p1a: Starmie|43/100\n|-damage|p1b: Incineroar|55/100\n|\n|-weather|Sandstorm|[upkeep]\n|-damage|p1a: Starmie|37/100|[from] Sandstorm\n|-damage|p2a: Heliolisk|94/100|[from] Sandstorm\n|-damage|p1b: Incineroar|49/100|[from] Sandstorm\n|-enditem|p1b: Incineroar|Sitrus Berry|[eat]\n|-heal|p1b: Incineroar|74/100|[from] item: Sitrus Berry\n|upkeep\n|turn|3\n|\n|t:|1776617301\n|switch|p1b: Sinistcha|Sinistcha-Masterpiece, L50|100/100\n|-heal|p1a: Starmie|62/100|[from] ability: Hospitality|[of] p1b: Sinistcha\n|move|p1a: Starmie|Protect|p1a: Starmie\n|-singleturn|p1a: Starmie|Protect\n|move|p2a: Heliolisk|Sandstorm||[still]\n|-fail|p2a: Heliolisk\n|move|p2b: Tyranitar|Rock Slide|p1a: Starmie|[spread] \n|-activate|p1a: Starmie|move: Protect\n|-miss|p2b: Tyranitar|p1b: Sinistcha\n|\n|-weather|Sandstorm|[upkeep]\n|-damage|p1a: Starmie|56/100|[from] Sandstorm\n|-damage|p2a: Heliolisk|88/100|[from] Sandstorm\n|-damage|p1b: Sinistcha|94/100|[from] Sandstorm\n|upkeep\n|turn|4\n|\n|t:|1776617328\n|move|p1a: Starmie|Flip Turn|p2b: Tyranitar\n|-supereffective|p2b: Tyranitar|1\n|-end|p2b: Tyranitar|Substitute\n|\n|t:|1776617334\n|switch|p1a: Incineroar|Incineroar, L50, F|74/100|[from] Flip Turn\n|-ability|p1a: Incineroar|Intimidate|boost\n|-unboost|p2a: Heliolisk|atk|1\n|-unboost|p2b: Tyranitar|atk|1\n|move|p2a: Heliolisk|Thunderbolt|p1a: Incineroar\n|-damage|p1a: Incineroar|40/100\n|move|p1b: Sinistcha|Matcha Gotcha|p2a: Heliolisk|[spread] p2a,p2b\n|-supereffective|p2b: Tyranitar|1\n|-damage|p2a: Heliolisk|58/100\n|-heal|p1b: Sinistcha|100/100|[from] drain|[of] p2a: Heliolisk\n|-damage|p2b: Tyranitar|70/100\n|move|p2b: Tyranitar|Crunch|p1a: Incineroar\n|-resisted|p1a: Incineroar|1\n|-damage|p1a: Incineroar|29/100\n|\n|-weather|Sandstorm|[upkeep]\n|-damage|p2a: Heliolisk|52/100|[from] Sandstorm\n|-damage|p1b: Sinistcha|94/100|[from] Sandstorm\n|-damage|p1a: Incineroar|23/100|[from] Sandstorm\n|upkeep\n|turn|5\n|\n|t:|1776617393\n|switch|p1a: Pelipper|Pelipper, L50, M|95/100\n|-weather|RainDance|[from] ability: Drizzle|[of] p1a: Pelipper\n|move|p2b: Tyranitar|Protect|p2b: Tyranitar\n|-singleturn|p2b: Tyranitar|Protect\n|move|p2a: Heliolisk|Shed Tail|p2a: Heliolisk\n|-start|p2a: Heliolisk|Substitute|[from] move: Shed Tail\n|-damage|p2a: Heliolisk|2/100\n|\n|t:|1776617402\n|switch|p2a: Sneasler|Sneasler, L50, F|94/100|[from] Shed Tail\n|move|p1b: Sinistcha|Scald|p2b: Tyranitar\n|-activate|p2b: Tyranitar|move: Protect\n|\n|-weather|RainDance|[upkeep]\n|upkeep\n|turn|6\n|\n|t:|1776617427\n|move|p2a: Sneasler|Fake Out|p1a: Pelipper\n|-damage|p1a: Pelipper|76/100\n|cant|p1a: Pelipper|flinch\n|move|p1b: Sinistcha|Matcha Gotcha|p2a: Sneasler|[spread] p2a,p2b\n|-resisted|p2a: Sneasler|1\n|-activate|p2a: Sneasler|move: Substitute|[damage]\n|-heal|p1b: Sinistcha|100/100|[from] drain|[of] p2a: Sneasler\n|-supereffective|p2b: Tyranitar|1\n|-damage|p2b: Tyranitar|23/100\n|move|p2b: Tyranitar|Rock Slide|p1a: Pelipper|[spread] p1a,p1b\n|-supereffective|p1a: Pelipper|1\n|-damage|p1a: Pelipper|18/100\n|-damage|p1b: Sinistcha|84/100\n|\n|-weather|RainDance|[upkeep]\n|upkeep\n|turn|7\n|\n|t:|1776617451\n|switch|p2b: Heliolisk|Heliolisk, L50, F|2/100\n|move|p2a: Sneasler|Dire Claw|p1b: Sinistcha\n|-damage|p1b: Sinistcha|51/100\n|move|p1a: Pelipper|U-turn|p2b: Heliolisk\n|-damage|p2b: Heliolisk|0 fnt\n|faint|p2b: Heliolisk\n|\n|t:|1776617462\n|switch|p1a: Starmie|Starmie-Mega, L50|56/100|[from] U-turn\n|move|p1b: Sinistcha|Scald|p2a: Sneasler\n|-end|p2a: Sneasler|Substitute\n|\n|-weather|RainDance|[upkeep]\n|upkeep\n|\n|t:|1776617471\n|switch|p2b: Chimecho|Chimecho, L50, M|100/100\n|turn|8\n|\n|t:|1776617504\n|switch|p2a: Tyranitar|Tyranitar, L50, M|23/100\n|-weather|Sandstorm|[from] ability: Sand Stream|[of] p2a: Tyranitar\n|detailschange|p2b: Chimecho|Chimecho-Mega, L50, M\n|-mega|p2b: Chimecho|Chimecho|Chimechite\n|move|p1b: Sinistcha|Rage Powder|p1b: Sinistcha\n|-singleturn|p1b: Sinistcha|move: Rage Powder\n|move|p1a: Starmie|Liquidation|p2b: Chimecho\n|-crit|p2b: Chimecho\n|-damage|p2b: Chimecho|2/100\n|move|p2b: Chimecho|Trick Room|p2b: Chimecho\n|-fieldstart|move: Trick Room|[of] p2b: Chimecho\n|\n|-weather|Sandstorm|[upkeep]\n|-damage|p1b: Sinistcha|45/100|[from] Sandstorm\n|-damage|p1a: Starmie|50/100|[from] Sandstorm\n|upkeep\n|turn|9\n|\n|t:|1776617529\n|switch|p1b: Incineroar|Incineroar, L50, F|23/100\n|-ability|p1b: Incineroar|Intimidate|boost\n|-unboost|p2a: Tyranitar|atk|1\n|-unboost|p2b: Chimecho|atk|1\n|move|p1a: Starmie|Protect|p1a: Starmie\n|-singleturn|p1a: Starmie|Protect\n|move|p2a: Tyranitar|Crunch|p1a: Starmie\n|-activate|p1a: Starmie|move: Protect\n|move|p2b: Chimecho|Psychic|p1b: Incineroar\n|-immune|p1b: Incineroar\n|\n|-weather|Sandstorm|[upkeep]\n|-damage|p1b: Incineroar|17/100|[from] Sandstorm\n|-damage|p1a: Starmie|43/100|[from] Sandstorm\n|upkeep\n|turn|10\n|\n|t:|1776617557\n|switch|p1a: Sinistcha|Sinistcha-Masterpiece, L50|45/100\n|-heal|p1b: Incineroar|42/100|[from] ability: Hospitality|[of] p1a: Sinistcha\n|move|p2a: Tyranitar|Protect|p2a: Tyranitar\n|-singleturn|p2a: Tyranitar|Protect\n|move|p2b: Chimecho|Protect|p2b: Chimecho\n|-singleturn|p2b: Chimecho|Protect\n|move|p1b: Incineroar|Throat Chop|p2b: Chimecho\n|-activate|p2b: Chimecho|move: Protect\n|\n|-weather|Sandstorm|[upkeep]\n|-damage|p1b: Incineroar|36/100|[from] Sandstorm\n|-damage|p1a: Sinistcha|39/100|[from] Sandstorm\n|upkeep\n|turn|11\n|\n|t:|1776617589\n|move|p2a: Tyranitar|Earthquake|p1a: Sinistcha|[spread] p1a,p1b\n|-immune|p2b: Chimecho|[from] ability: Levitate\n|-resisted|p1a: Sinistcha|1\n|-supereffective|p1b: Incineroar|1\n|-damage|p1a: Sinistcha|31/100\n|-damage|p1b: Incineroar|6/100\n|move|p2b: Chimecho|Flash Cannon|p1a: Sinistcha\n|-damage|p1a: Sinistcha|0 fnt\n|faint|p1a: Sinistcha\n|move|p1b: Incineroar|Throat Chop|p2b: Chimecho\n|-supereffective|p2b: Chimecho|1\n|-damage|p2b: Chimecho|0 fnt\n|faint|p2b: Chimecho\n|\n|-weather|Sandstorm|[upkeep]\n|-damage|p1b: Incineroar|0 fnt|[from] Sandstorm\n|faint|p1b: Incineroar\n|upkeep\n|\n|t:|1776617606\n|switch|p2b: Sneasler|Sneasler, L50, F|94/100\n|switch|p1b: Starmie|Starmie-Mega, L50|43/100\n|switch|p1a: Pelipper|Pelipper, L50, M|18/100\n|-weather|RainDance|[from] ability: Drizzle|[of] p1a: Pelipper\n|turn|12\n|\n|t:|1776617621\n|move|p1a: Pelipper|Protect|p1a: Pelipper\n|-singleturn|p1a: Pelipper|Protect\n|move|p1b: Starmie|Protect|p1b: Starmie\n|-singleturn|p1b: Starmie|Protect\n|move|p2b: Sneasler|Fake Out|p1a: Pelipper\n|-activate|p1a: Pelipper|move: Protect\n|move|p2a: Tyranitar|Rock Slide|p1a: Pelipper|[spread] \n|-activate|p1a: Pelipper|move: Protect\n|-activate|p1b: Starmie|move: Protect\n|\n|-weather|RainDance|[upkeep]\n|-fieldend|move: Trick Room\n|upkeep\n|turn|13\n|\n|t:|1776617656\n|move|p1b: Starmie|Minimize|p1b: Starmie\n|-boost|p1b: Starmie|evasion|2\n|move|p2b: Sneasler|Dire Claw|p1b: Starmie\n|-damage|p1b: Starmie|2/100\n|move|p1a: Pelipper|Weather Ball|p2a: Tyranitar\n|-supereffective|p2a: Tyranitar|1\n|-damage|p2a: Tyranitar|0 fnt\n|faint|p2a: Tyranitar\n|\n|-weather|RainDance|[upkeep]\n|upkeep\n|turn|14\n|\n|t:|1776617678\n|move|p1b: Starmie|Liquidation|p2b: Sneasler\n|-damage|p2b: Sneasler|0 fnt\n|faint|p2b: Sneasler\n|\n|win|tailamatong\n|raw|tailamatong's rating: 1112 &rarr; <strong>1138</strong><br />(+26 for winning)\n|raw|Pipopopo's rating: 1120 &rarr; <strong>1094</strong><br />(-26 for losing)\n|l|\u2606Pipopopo\n|player|p2|\n",
  "uploadtime": 1776617695,
  "views": 9,
  "formatid": "gen9championsvgc2026regma",
  "rating": 1094,
  "private": 0,
  "password": null
}