{
  "id": "gen9championsvgc2026regma-2584497917",
  "format": "[Gen 9 Champions] VGC 2026 Reg M-A",
  "players": [
    "RegiSweeper12",
    "Arachnocomm"
  ],
  "log": "|j|\u203dRegiSweeper12\n|j|\u2606Arachnocomm\n|t:|1776264802\n|gametype|doubles\n|player|p1|RegiSweeper12|169|1020\n|player|p2|Arachnocomm|gambler|1021\n|gen|9\n|tier|[Gen 9 Champions] VGC 2026 Reg M-A\n|rated|\n|rule|Species Clause: Limit one of each Pok\u00e9mon\n|rule|Item Clause: Limit 1 of each item\n|clearpoke\n|poke|p1|Floette-Eternal, L50, F|\n|poke|p1|Whimsicott, L50, F|\n|poke|p1|Incineroar, L50, F|\n|poke|p1|Palafin, L50, F|\n|poke|p1|Sneasler, L50, F|\n|poke|p1|Dragonite, L50, M|\n|poke|p2|Aggron, L50, F|\n|poke|p2|Clefable, L50, M|\n|poke|p2|Farigiraf, L50, M|\n|poke|p2|Drampa, L50, F|\n|poke|p2|Rotom-Wash, L50|\n|poke|p2|Incineroar, L50, F|\n|teampreview|4\nRegiSweeper12 has agreed to open team sheets.\n|\n|t:|1776264823\n|teamsize|p1|4\n|teamsize|p2|4\n|start\n|switch|p1a: Palafin|Palafin, L50, F|100/100\n|switch|p1b: Whimsicott|Whimsicott, L50, F|100/100\n|switch|p2a: Clefable|Clefable, L50, M, shiny|100/100\n|switch|p2b: Farigiraf|Farigiraf, L50, M, shiny|100/100\n|turn|1\n|l|\u203dRegiSweeper12\n|player|p1|\n|inactive|Battle timer is ON: inactive players will automatically lose when time's up. (requested by Arachnocomm)\n|j|\u203dRegiSweeper12\n|inactive|RegiSweeper12 reconnected and has 70 seconds left.\n|player|p1|RegiSweeper12|169|\n|\n|t:|1776264903\n|move|p2a: Clefable|Follow Me|p2a: Clefable\n|-singleturn|p2a: Clefable|move: Follow Me\n|move|p1b: Whimsicott|Tailwind|p1b: Whimsicott\n|-sidestart|p1: RegiSweeper12|move: Tailwind\n|move|p1a: Palafin|Flip Turn|p2a: Clefable\n|-damage|p2a: Clefable|69/100\n|\n|t:|1776264910\n|detailschange|p1a: Palafin|Palafin-Hero, L50, F\n|switch|p1a: Floette|Floette-Eternal, L50, F|100/100|[from] Flip Turn\n|move|p2b: Farigiraf|Trick Room|p2b: Farigiraf\n|-fieldstart|move: Trick Room|[of] p2b: Farigiraf\n|\n|upkeep\n|turn|2\n|inactive|Arachnocomm has 30 seconds left.\n|\n|t:|1776264945\n|switch|p2b: Aggron|Aggron, L50, F, shiny|100/100\n|detailschange|p1a: Floette|Floette-Mega, L50, F\n|-mega|p1a: Floette|Floette|Floettite\n|-ability|p1a: Floette|Fairy Aura\n|move|p1b: Whimsicott|Taunt|p2a: Clefable\n|-start|p2a: Clefable|move: Taunt\n|cant|p2a: Clefable|move: Taunt|Encore\n|move|p1a: Floette|Calm Mind|p1a: Floette\n|-boost|p1a: Floette|spa|1\n|-boost|p1a: Floette|spd|1\n|\n|upkeep\n|turn|3\n|inactive|Arachnocomm has 30 seconds left.\n|\n|t:|1776264970\n|switch|p2a: Farigiraf|Farigiraf, L50, M, shiny|100/100\n|detailschange|p2b: Aggron|Aggron-Mega, L50, F, shiny\n|-mega|p2b: Aggron|Aggron|Aggronite\n|move|p1b: Whimsicott|Taunt||[still]\n|cant|p2a: Farigiraf|ability: Armor Tail|Taunt|[of] p1b: Whimsicott\n|move|p2b: Aggron|Heavy Slam|p1a: Floette\n|-supereffective|p1a: Floette|1\n|-damage|p1a: Floette|26/100\n|move|p1a: Floette|Dazzling Gleam|p2a: Farigiraf|[spread] p2a,p2b\n|-resisted|p2b: Aggron|1\n|-damage|p2a: Farigiraf|26/100\n|-damage|p2b: Aggron|62/100\n|-enditem|p2a: Farigiraf|Sitrus Berry|[eat]\n|-heal|p2a: Farigiraf|51/100|[from] item: Sitrus Berry\n|\n|upkeep\n|turn|4\n|\n|t:|1776264995\n|switch|p1a: Palafin|Palafin-Hero, L50, F|100/100\n|-activate|p1a: Palafin|ability: Zero to Hero\n|move|p2b: Aggron|Heavy Slam|p1b: Whimsicott\n|-supereffective|p1b: Whimsicott|1\n|-crit|p1b: Whimsicott\n|-enditem|p1b: Whimsicott|Focus Sash\n|-damage|p1b: Whimsicott|1/100\n|move|p2a: Farigiraf|Hyper Voice|p1a: Palafin|[spread] p1a,p1b\n|-damage|p1a: Palafin|63/100\n|-damage|p1b: Whimsicott|0 fnt\n|faint|p1b: Whimsicott\n|\n|-sideend|p1: RegiSweeper12|move: Tailwind\n|upkeep\n|\n|t:|1776265007\n|switch|p1b: Dragonite|Dragonite, L50, M, shiny|100/100\n|turn|5\n|inactive|Arachnocomm has 30 seconds left.\n|inactive|Arachnocomm has 20 seconds left.\n|inactive|Arachnocomm has 15 seconds left.\n|\n|t:|1776265051\n|move|p2b: Aggron|Body Press|p1a: Palafin\n|-damage|p1a: Palafin|24/100\n|move|p2a: Farigiraf|Psychic|p1b: Dragonite\n|-damage|p1b: Dragonite|63/100\n|move|p1b: Dragonite|Dragon Dance|p1b: Dragonite\n|-boost|p1b: Dragonite|atk|1\n|-boost|p1b: Dragonite|spe|1\n|move|p1a: Palafin|Liquidation|p2a: Farigiraf\n|-damage|p2a: Farigiraf|0 fnt\n|faint|p2a: Farigiraf\n|\n|-heal|p1b: Dragonite|69/100|[from] item: Leftovers\n|-fieldend|move: Trick Room\n|upkeep\n|\n|t:|1776265066\n|switch|p2a: Incineroar|Incineroar, L50, F, shiny|100/100\n|-ability|p2a: Incineroar|Intimidate|boost\n|-unboost|p1a: Palafin|atk|1\n|-fail|p1b: Dragonite|unboost|Attack|[from] ability: Inner Focus|[of] p1b: Dragonite\n|turn|6\n|inactive|Arachnocomm has 30 seconds left.\n|inactive|Arachnocomm has 20 seconds left.\n|inactive|Arachnocomm has 15 seconds left.\n|\n|t:|1776265110\n|move|p2a: Incineroar|Fake Out|p1a: Palafin\n|-damage|p1a: Palafin|13/100\n|move|p1b: Dragonite|Aqua Jet|p2b: Aggron\n|-damage|p2b: Aggron|53/100\n|cant|p1a: Palafin|flinch\n|move|p2b: Aggron|Body Press|p1a: Palafin\n|-damage|p1a: Palafin|0 fnt\n|faint|p1a: Palafin\n|\n|-heal|p1b: Dragonite|75/100|[from] item: Leftovers\n|upkeep\n|\n|t:|1776265117\n|switch|p1a: Floette|Floette-Mega, L50, F|26/100\n|-ability|p1a: Floette|Fairy Aura\n|turn|7\n|inactive|Arachnocomm has 30 seconds left.\n|\n|t:|1776265145\n|switch|p2a: Clefable|Clefable, L50, M, shiny|69/100\n|move|p1b: Dragonite|Dragon Claw|p2b: Aggron\n|-resisted|p2b: Aggron|1\n|-damage|p2b: Aggron|39/100\n|move|p1a: Floette|Moonblast|p2a: Clefable\n|-damage|p2a: Clefable|17/100\n|move|p2b: Aggron|Heavy Slam|p1a: Floette\n|-supereffective|p1a: Floette|1\n|-damage|p1a: Floette|0 fnt\n|faint|p1a: Floette\n|\n|-heal|p1b: Dragonite|81/100|[from] item: Leftovers\n|upkeep\n|turn|8\n|-activate|p2a: Clefable|item: Quick Claw\n|\n|t:|1776265170\n|move|p1b: Dragonite|Extreme Speed|p2a: Clefable\n|-damage|p2a: Clefable|0 fnt\n|faint|p2a: Clefable\n|move|p2b: Aggron|Heavy Slam|p1b: Dragonite\n|-damage|p1b: Dragonite|62/100\n|\n|-heal|p1b: Dragonite|68/100|[from] item: Leftovers\n|upkeep\n|\n|t:|1776265181\n|switch|p2a: Incineroar|Incineroar, L50, F, shiny|100/100\n|-ability|p2a: Incineroar|Intimidate|boost\n|-fail|p1b: Dragonite|unboost|Attack|[from] ability: Inner Focus|[of] p1b: Dragonite\n|turn|9\n|inactive|Arachnocomm has 30 seconds left.\n|\n|t:|1776265214\n|move|p2a: Incineroar|Fake Out|p1b: Dragonite\n|-damage|p1b: Dragonite|57/100\n|move|p1b: Dragonite|Aqua Jet|p2a: Incineroar\n|-supereffective|p2a: Incineroar|1\n|-damage|p2a: Incineroar|62/100\n|move|p2b: Aggron|Heavy Slam|p1b: Dragonite\n|-damage|p1b: Dragonite|38/100\n|\n|-heal|p1b: Dragonite|44/100|[from] item: Leftovers\n|upkeep\n|turn|10\n|\n|t:|1776265231\n|move|p1b: Dragonite|Dragon Claw|p2a: Incineroar\n|-damage|p2a: Incineroar|0 fnt\n|faint|p2a: Incineroar\n|move|p2b: Aggron|Body Press|p1b: Dragonite\n|-resisted|p1b: Dragonite|1\n|-damage|p1b: Dragonite|20/100\n|\n|-heal|p1b: Dragonite|26/100|[from] item: Leftovers\n|upkeep\n|turn|11\n|\n|t:|1776265247\n|move|p1b: Dragonite|Dragon Claw|p2b: Aggron\n|-resisted|p2b: Aggron|1\n|-damage|p2b: Aggron|25/100\n|move|p2b: Aggron|Body Press|p1b: Dragonite\n|-resisted|p1b: Dragonite|1\n|-damage|p1b: Dragonite|2/100\n|\n|-heal|p1b: Dragonite|8/100|[from] item: Leftovers\n|upkeep\n|turn|12\n|\n|t:|1776265261\n|move|p1b: Dragonite|Dragon Claw|p2b: Aggron\n|-resisted|p2b: Aggron|1\n|-damage|p2b: Aggron|12/100\n|move|p2b: Aggron|Body Press|p1b: Dragonite\n|-resisted|p1b: Dragonite|1\n|-damage|p1b: Dragonite|0 fnt\n|faint|p1b: Dragonite\n|\n|win|Arachnocomm\n|raw|RegiSweeper12's rating: 1020 &rarr; <strong>1007</strong><br />(-13 for losing)\n|raw|Arachnocomm's rating: 1021 &rarr; <strong>1058</strong><br />(+37 for winning)\n|l|\u203dRegiSweeper12\n|player|p1|\n",
  "uploadtime": 1776265277,
  "views": 27,
  "formatid": "gen9championsvgc2026regma",
  "rating": 1007,
  "private": 0,
  "password": null
}