{
  "id": "gen9championsvgc2026regma-2585208681",
  "format": "[Gen 9 Champions] VGC 2026 Reg M-A",
  "players": [
    "wrjisami",
    "yaoyaoi"
  ],
  "log": "|j|\u2606wrjisami\n|j|\u2606yaoyaoi\n|t:|1776325185\n|gametype|doubles\n|player|p1|wrjisami|1|1068\n|player|p2|yaoyaoi|2|1060\n|gen|9\n|tier|[Gen 9 Champions] VGC 2026 Reg M-A\n|rated|\n|rule|Species Clause: Limit one of each Pok\u00e9mon\n|rule|Item Clause: Limit 1 of each item\n|clearpoke\n|poke|p1|Gengar, L50, F|\n|poke|p1|Incineroar, L50, F|\n|poke|p1|Sableye, L50, M|\n|poke|p1|Blastoise, L50, F|\n|poke|p1|Altaria, L50, F|\n|poke|p1|Kommo-o, L50, F|\n|poke|p2|Archaludon, L50, M|\n|poke|p2|Incineroar, L50, M|\n|poke|p2|Gengar, L50, M|\n|poke|p2|Politoed, L50, F|\n|poke|p2|Garchomp, L50, F|\n|poke|p2|Sinistcha-Masterpiece, L50|\n|teampreview|4\n|inactive|Battle timer is ON: inactive players will automatically lose when time's up. (requested by wrjisami)\n|inactive|yaoyaoi also wants the timer to be on.\n|\n|t:|1776325210\n|teamsize|p1|4\n|teamsize|p2|4\n|start\n|switch|p1a: Gengar|Gengar, L50, F|100/100\n|switch|p1b: Sableye|Sableye, L50, M|100/100\n|switch|p2a: Archaludon|Archaludon, L50, M|100/100\n|switch|p2b: Politoed|Politoed, L50, F|100/100\n|-weather|RainDance|[from] ability: Drizzle|[of] p2b: Politoed\n|turn|1\n|\n|t:|1776325230\n|switch|p1b: Altaria|Altaria, L50, F|100/100\n|-ability|p1b: Altaria|Cloud Nine\n|detailschange|p1a: Gengar|Gengar-Mega, L50, F\n|-mega|p1a: Gengar|Gengar|Gengarite\n|move|p1a: Gengar|Substitute|p1a: Gengar\n|-start|p1a: Gengar|Substitute\n|-damage|p1a: Gengar|76/100\n|move|p2b: Politoed|Encore|p1a: Gengar\n|-start|p1a: Gengar|Encore\n|move|p2a: Archaludon|Electro Shot||[still]\n|-prepare|p2a: Archaludon|Electro Shot\n|-boost|p2a: Archaludon|spa|1\n|\n|-weather|RainDance|[upkeep]\n|upkeep\n|turn|2\n|inactive|wrjisami has 30 seconds left.\n|\n|t:|1776325257\n|move|p1a: Gengar|Substitute|p1a: Gengar\n|-fail|p1a: Gengar|move: Substitute\n|move|p2b: Politoed|Perish Song|p2b: Politoed\n|-start|p1a: Gengar|perish3|[silent]\n|-start|p1b: Altaria|perish3|[silent]\n|-start|p2a: Archaludon|perish3|[silent]\n|-start|p2b: Politoed|perish3|[silent]\n|-fieldactivate|move: Perish Song\n|move|p2a: Archaludon|Electro Shot|p1a: Gengar|[from] lockedmove\n|-end|p1a: Gengar|Substitute\n|move|p1b: Altaria|Perish Song||[still]\n|-fail|p1b: Altaria\n|\n|-weather|RainDance|[upkeep]\n|-start|p1a: Gengar|perish3\n|-start|p2b: Politoed|perish3\n|-start|p2a: Archaludon|perish3\n|-start|p1b: Altaria|perish3\n|upkeep\n|turn|3\n|inactive|yaoyaoi has 30 seconds left.\n|\n|t:|1776325282\n|switch|p1b: Blastoise|Blastoise, L50, F|100/100\n|move|p2b: Politoed|Protect|p2b: Politoed\n|-singleturn|p2b: Politoed|Protect\n|move|p2a: Archaludon|Protect|p2a: Archaludon\n|-singleturn|p2a: Archaludon|Protect\n|move|p1a: Gengar|Substitute|p1a: Gengar\n|-start|p1a: Gengar|Substitute\n|-damage|p1a: Gengar|51/100\n|\n|-weather|RainDance|[upkeep]\n|-start|p1a: Gengar|perish2\n|-start|p2b: Politoed|perish2\n|-start|p2a: Archaludon|perish2\n|upkeep\n|turn|4\n|\n|t:|1776325306\n|switch|p1a: Altaria|Altaria, L50, F|100/100\n|-ability|p1a: Altaria|Cloud Nine\n|move|p2b: Politoed|Encore||[still]\n|-fail|p2b: Politoed\n|move|p2a: Archaludon|Electro Shot||[still]\n|-prepare|p2a: Archaludon|Electro Shot\n|-boost|p2a: Archaludon|spa|1\n|move|p1b: Blastoise|Flip Turn|p2a: Archaludon\n|-resisted|p2a: Archaludon|1\n|-damage|p2a: Archaludon|93/100\n|-ability|p2a: Archaludon|Stamina|boost\n|-boost|p2a: Archaludon|def|1\n|\n|t:|1776325318\n|switch|p1b: Gengar|Gengar-Mega, L50, F|51/100|[from] Flip Turn\n|\n|-weather|RainDance|[upkeep]\n|-heal|p2a: Archaludon|99/100|[from] item: Leftovers\n|-start|p2b: Politoed|perish1\n|-start|p2a: Archaludon|perish1\n|upkeep\n|turn|5\n|-message|yaoyaoi forfeited.\n|\n|win|wrjisami\n|raw|wrjisami's rating: 1068 &rarr; <strong>1097</strong><br />(+29 for winning)\n|raw|yaoyaoi's rating: 1060 &rarr; <strong>1041</strong><br />(-19 for losing)\n|l|\u2606yaoyaoi\n|player|p2|\n",
  "uploadtime": 1776325443,
  "views": 25,
  "formatid": "gen9championsvgc2026regma",
  "rating": 1041,
  "private": 0,
  "password": null
}