{
  "id": "gen9championsvgc2026regma-2585008155",
  "format": "[Gen 9 Champions] VGC 2026 Reg M-A",
  "players": [
    "yoyotheyogurt",
    "acrophobicavian"
  ],
  "log": "|j|\u2606yoyotheyogurt\n|j|\u2606acrophobicavian\n|t:|1776302849\n|gametype|doubles\n|player|p1|yoyotheyogurt|101|1153\n|player|p2|acrophobicavian|colress-gen7|1194\n|gen|9\n|tier|[Gen 9 Champions] VGC 2026 Reg M-A\n|rated|\n|rule|Species Clause: Limit one of each Pok\u00e9mon\n|rule|Item Clause: Limit 1 of each item\n|clearpoke\n|poke|p1|Dragonite, L50, M|\n|poke|p1|Snorlax, L50, M|\n|poke|p1|Sableye, L50, M|\n|poke|p1|Kingambit, L50, M|\n|poke|p1|Palafin, L50, F|\n|poke|p1|Froslass, L50, F|\n|poke|p2|Sableye, L50, F|\n|poke|p2|Gardevoir, L50, M|\n|poke|p2|Milotic, L50, M|\n|poke|p2|Sinistcha, L50|\n|poke|p2|Lucario, L50, M|\n|poke|p2|Rotom-Heat, L50|\n|teampreview|4\n|inactive|Battle timer is ON: inactive players will automatically lose when time's up. (requested by yoyotheyogurt)\n|inactive|yoyotheyogurt has 60 seconds left.\n|inactive|acrophobicavian has 60 seconds left.\n|\n|t:|1776302905\n|teamsize|p1|4\n|teamsize|p2|4\n|start\n|switch|p1a: Froslass|Froslass, L50, F, shiny|100/100\n|switch|p1b: Palafin|Palafin, L50, F, shiny|100/100\n|switch|p2a: Shimmer|Sableye, L50, F|100/100\n|switch|p2b: Manic|Gardevoir, L50, M|100/100\n|-ability|p2b: Manic|Cursed Body|Trace|[from] ability: Trace|[of] p1a: Froslass\n|turn|1\n|inactive|yoyotheyogurt has 30 seconds left.\n|inactive|acrophobicavian has 30 seconds left.\n|\n|t:|1776302939\n|detailschange|p1a: Froslass|Froslass-Mega, L50, F, shiny\n|-mega|p1a: Froslass|Froslass|Froslassite\n|-weather|Snowscape|[from] ability: Snow Warning|[of] p1a: Froslass\n|detailschange|p2b: Manic|Gardevoir-Mega, L50, M\n|-mega|p2b: Manic|Gardevoir|Gardevoirite\n|move|p2a: Shimmer|Thunder Wave|p1a: Froslass\n|-status|p1a: Froslass|par\n|move|p1b: Palafin|Flip Turn|p2b: Manic\n|-damage|p2b: Manic|68/100\n|\n|t:|1776302955\n|detailschange|p1b: Palafin|Palafin-Hero, L50, F, shiny\n|switch|p1b: Kingambit|Kingambit, L50, M|100/100|[from] Flip Turn\n|move|p2b: Manic|Calm Mind|p2b: Manic\n|-boost|p2b: Manic|spa|1\n|-boost|p2b: Manic|spd|1\n|move|p1a: Froslass|Aurora Veil|p1a: Froslass\n|-sidestart|p1: yoyotheyogurt|move: Aurora Veil\n|\n|-weather|Snowscape|[upkeep]\n|upkeep\n|turn|2\n|\n|t:|1776302978\n|switch|p1a: Sableye|Sableye, L50, M|100/100\n|move|p2b: Manic|Protect|p2b: Manic\n|-singleturn|p2b: Manic|Protect\n|move|p2a: Shimmer|Encore|p1a: Sableye\n|-hint|Since gen 7, Dark is immune to Prankster moves.\n|-immune|p1a: Sableye\n|move|p1b: Kingambit|Swords Dance|p1b: Kingambit\n|-boost|p1b: Kingambit|atk|2\n|\n|-weather|Snowscape|[upkeep]\n|upkeep\n|turn|3\n|inactive|acrophobicavian has 30 seconds left.\n|\n|t:|1776303008\n|switch|p2b: MMMMM. BEEP.|Rotom-Heat, L50|100/100\n|move|p1a: Sableye|Encore||[still]\n|-fail|p1a: Sableye\n|move|p2a: Shimmer|Foul Play|p1b: Kingambit\n|-resisted|p1b: Kingambit|1\n|-damage|p1b: Kingambit|74/100\n|move|p1b: Kingambit|Iron Head|p2a: Shimmer\n|-damage|p2a: Shimmer|12/100\n|\n|-weather|Snowscape|[upkeep]\n|upkeep\n|turn|4\n|\n|t:|1776303032\n|move|p1b: Kingambit|Protect|p1b: Kingambit\n|-singleturn|p1b: Kingambit|Protect\n|move|p1a: Sableye|Light Screen|p1a: Sableye\n|-sidestart|p1: yoyotheyogurt|move: Light Screen\n|move|p2b: MMMMM. BEEP.|Will-O-Wisp|p1b: Kingambit\n|-activate|p1b: Kingambit|move: Protect\n|move|p2a: Shimmer|Foul Play|p1b: Kingambit\n|-activate|p1b: Kingambit|move: Protect\n|\n|-weather|Snowscape|[upkeep]\n|upkeep\n|turn|5\n|inactive|yoyotheyogurt has 30 seconds left.\n|inactive|acrophobicavian has 30 seconds left.\n|inactive|yoyotheyogurt has 20 seconds left.\n|inactive|yoyotheyogurt has 15 seconds left.\n|\n|t:|1776303077\n|move|p1a: Sableye|Disable|p2b: MMMMM. BEEP.\n|-start|p2b: MMMMM. BEEP.|Disable|Will-O-Wisp\n|cant|p2b: MMMMM. BEEP.|Disable|Will-O-Wisp\n|move|p2a: Shimmer|Foul Play|p1b: Kingambit\n|-resisted|p1b: Kingambit|1\n|-damage|p1b: Kingambit|47/100\n|move|p1b: Kingambit|Iron Head|p2a: Shimmer\n|-damage|p2a: Shimmer|0 fnt\n|faint|p2a: Shimmer\n|\n|-weather|none\n|-sideend|p1: yoyotheyogurt|move: Aurora Veil\n|upkeep\n|\n|t:|1776303092\n|switch|p2a: Manic|Gardevoir-Mega, L50, M|68/100\n|turn|6\n|inactive|yoyotheyogurt has 30 seconds left.\n|\n|t:|1776303119\n|switch|p1a: Froslass|Froslass-Mega, L50, F, shiny|100/100 par\n|-weather|Snowscape|[from] ability: Snow Warning|[of] p1a: Froslass\n|move|p1b: Kingambit|Sucker Punch|p2b: MMMMM. BEEP.\n|-damage|p2b: MMMMM. BEEP.|12/100\n|-enditem|p2b: MMMMM. BEEP.|Sitrus Berry|[eat]\n|-heal|p2b: MMMMM. BEEP.|37/100|[from] item: Sitrus Berry\n|move|p2b: MMMMM. BEEP.|Overheat|p1b: Kingambit\n|-supereffective|p1b: Kingambit|1\n|-damage|p1b: Kingambit|0 fnt\n|-unboost|p2b: MMMMM. BEEP.|spa|2\n|faint|p1b: Kingambit\n|move|p2a: Manic|Hyper Voice|p1a: Froslass\n|-damage|p1a: Froslass|40/100 par\n|\n|-weather|Snowscape|[upkeep]\n|upkeep\n|\n|t:|1776303140\n|switch|p1b: Palafin|Palafin-Hero, L50, F, shiny|100/100\n|-activate|p1b: Palafin|ability: Zero to Hero\n|turn|7\n|inactive|acrophobicavian has 30 seconds left.\n|inactive|acrophobicavian has 20 seconds left.\n|inactive|acrophobicavian has 15 seconds left.\n|\n|t:|1776303183\n|move|p2a: Manic|Protect|p2a: Manic\n|-singleturn|p2a: Manic|Protect\n|move|p1b: Palafin|Flip Turn|p2b: MMMMM. BEEP.\n|-supereffective|p2b: MMMMM. BEEP.|1\n|-damage|p2b: MMMMM. BEEP.|0 fnt\n|faint|p2b: MMMMM. BEEP.\n|\n|t:|1776303191\n|switch|p1b: Sableye|Sableye, L50, M|100/100|[from] Flip Turn\n|move|p1a: Froslass|Aurora Veil|p1a: Froslass\n|-sidestart|p1: yoyotheyogurt|move: Aurora Veil\n|\n|-weather|Snowscape|[upkeep]\n|upkeep\n|\n|t:|1776303196\n|switch|p2b: President|Sinistcha, L50|100/100\n|-heal|p2a: Manic|93/100|[from] ability: Hospitality|[of] p2b: President\n|turn|8\n|inactive|yoyotheyogurt has 30 seconds left.\n|inactive|acrophobicavian has 30 seconds left.\n|inactive|acrophobicavian has 20 seconds left.\n|inactive|acrophobicavian has 15 seconds left.\n|\n|t:|1776303240\n|move|p2b: President|Rage Powder|p2b: President\n|-singleturn|p2b: President|move: Rage Powder\n|move|p1b: Sableye|Encore|p2b: President\n|-start|p2b: President|Encore\n|move|p2a: Manic|Hyper Voice|p1b: Sableye|[spread] p1a,p1b\n|-supereffective|p1b: Sableye|1\n|-damage|p1a: Froslass|0 fnt\n|-damage|p1b: Sableye|9/100\n|-enditem|p1b: Sableye|Sitrus Berry|[eat]\n|-heal|p1b: Sableye|34/100|[from] item: Sitrus Berry\n|faint|p1a: Froslass\n|\n|-weather|Snowscape|[upkeep]\n|-sideend|p1: yoyotheyogurt|move: Light Screen\n|upkeep\n|\n|t:|1776303250\n|switch|p1a: Palafin|Palafin-Hero, L50, F, shiny|100/100\n|turn|9\n|inactive|yoyotheyogurt has 30 seconds left.\n|inactive|yoyotheyogurt has 20 seconds left.\n|inactive|yoyotheyogurt has 15 seconds left.\n|inactive|yoyotheyogurt has 10 seconds left.\n|\n|t:|1776303296\n|move|p2b: President|Rage Powder|p2b: President\n|-singleturn|p2b: President|move: Rage Powder\n|move|p1b: Sableye|Disable|p2b: President\n|-start|p2b: President|Disable|Rage Powder\n|move|p1a: Palafin|Liquidation|p2b: President\n|-resisted|p2b: President|1\n|-damage|p2b: President|82/100\n|move|p2a: Manic|Hyper Voice|p1b: Sableye|[spread] p1a,p1b\n|-supereffective|p1b: Sableye|1\n|-damage|p1a: Palafin|64/100\n|-damage|p1b: Sableye|0 fnt\n|faint|p1b: Sableye\n|\n|-weather|Snowscape|[upkeep]\n|upkeep\n|turn|10\n|\n|t:|1776303314\n|move|p2a: Manic|Protect|p2a: Manic\n|-singleturn|p2a: Manic|Protect\n|move|p1a: Palafin|Liquidation|p2a: Manic\n|-activate|p2a: Manic|move: Protect\n|-activate|p2b: President|move: Struggle\n|move|p2b: President|Struggle|p1a: Palafin\n|-damage|p1a: Palafin|59/100\n|-damage|p2b: President|57/100|[from] recoil\n|\n|-weather|none\n|upkeep\n|turn|11\n|\n|t:|1776303326\n|move|p1a: Palafin|Liquidation|p2a: Manic\n|-damage|p2a: Manic|12/100\n|move|p2a: Manic|Hyper Voice|p1a: Palafin\n|-damage|p1a: Palafin|4/100\n|-activate|p2b: President|move: Struggle\n|move|p2b: President|Struggle|p1a: Palafin\n|-damage|p1a: Palafin|0 fnt\n|faint|p1a: Palafin\n|-damage|p2b: President|32/100|[from] recoil\n|\n|win|acrophobicavian\n|raw|yoyotheyogurt's rating: 1153 &rarr; <strong>1131</strong><br />(-22 for losing)\n|raw|acrophobicavian's rating: 1194 &rarr; <strong>1216</strong><br />(+22 for winning)\n|l|\u2606yoyotheyogurt\n|player|p1|\n",
  "uploadtime": 1776303339,
  "views": 22,
  "formatid": "gen9championsvgc2026regma",
  "rating": 1131,
  "private": 0,
  "password": null
}