{
  "id": "gen9championsvgc2026regma-2586969485",
  "format": "[Gen 9 Champions] VGC 2026 Reg M-A",
  "players": [
    "Senpai_1987",
    "Jimmy_flcone"
  ],
  "log": "|j|\u2606Senpai_1987\n|j|\u2606Jimmy_flcone\n|t:|1776476752\n|gametype|doubles\n|player|p1|Senpai_1987|aromalady|1351\n|player|p2|Jimmy_flcone|ethan|1299\n|gen|9\n|tier|[Gen 9 Champions] VGC 2026 Reg M-A\n|rated|\n|rule|Species Clause: Limit one of each Pok\u00e9mon\n|rule|Item Clause: Limit 1 of each item\n|clearpoke\n|poke|p1|Floette-Eternal, L50, F|\n|poke|p1|Incineroar, L50, M|\n|poke|p1|Pelipper, L50, M|\n|poke|p1|Sneasler, L50, F|\n|poke|p1|Sinistcha, L50|\n|poke|p1|Chesnaught, L50, F|\n|poke|p2|Froslass, L50, F|\n|poke|p2|Garchomp, L50, F|\n|poke|p2|Sneasler, L50, M|\n|poke|p2|Incineroar, L50, F|\n|poke|p2|Orthworm, L50, M|\n|poke|p2|Aerodactyl, L50, M|\n|teampreview|4\n|inactive|Battle timer is ON: inactive players will automatically lose when time's up. (requested by Jimmy_flcone)\n|\n|t:|1776476779\n|teamsize|p1|4\n|teamsize|p2|4\n|start\n|switch|p1a: The Story Is True|Chesnaught, L50, F, shiny|100/100\n|switch|p1b: Moonchild|Floette-Eternal, L50, F, shiny|100/100\n|switch|p2a: Sneasler|Sneasler, L50, M|100/100\n|switch|p2b: Froslass|Froslass, L50, F|100/100\n|turn|1\n|l|\u2606Senpai_1987\n|inactive|Senpai_1987 disconnected and has a minute to reconnect!\n|player|p1|\n|j|\u2606Senpai_1987\n|inactive|Senpai_1987 reconnected and has 45 seconds left.\n|player|p1|Senpai_1987|aromalady|\n|inactive|Senpai_1987 has 30 seconds left.\n|inactive|Senpai_1987 has 20 seconds left.\n|\n|t:|1776476814\n|detailschange|p1a: The Story Is True|Chesnaught-Mega, L50, F, shiny\n|-mega|p1a: The Story Is True|Chesnaught|Chesnaughtite\n|move|p2a: Sneasler|Fake Out|p1b: Moonchild\n|-damage|p1b: Moonchild|82/100\n|move|p1a: The Story Is True|Wide Guard|p1a: The Story Is True\n|-singleturn|p1a: The Story Is True|Wide Guard\n|move|p2b: Froslass|Nasty Plot|p2b: Froslass\n|-boost|p2b: Froslass|spa|2\n|cant|p1b: Moonchild|flinch\n|\n|upkeep\n|turn|2\n|inactive|Jimmy_flcone has 30 seconds left.\n|inactive|Jimmy_flcone has 20 seconds left.\n|\n|t:|1776476853\n|move|p2a: Sneasler|Dire Claw|p1a: The Story Is True\n|-supereffective|p1a: The Story Is True|1\n|-damage|p1a: The Story Is True|54/100\n|move|p2b: Froslass|Shadow Ball|p1a: The Story Is True\n|-immune|p1a: The Story Is True|[from] ability: Bulletproof\n|move|p1b: Moonchild|Moonblast|p2b: Froslass\n|-damage|p2b: Froslass|18/100\n|-unboost|p2b: Froslass|spa|1\n|move|p1a: The Story Is True|Iron Defense|p1a: The Story Is True\n|-boost|p1a: The Story Is True|def|2\n|\n|upkeep\n|turn|3\n|\n|t:|1776476874\n|detailschange|p2b: Froslass|Froslass-Mega, L50, F\n|-mega|p2b: Froslass|Froslass|Froslassite\n|-weather|Snowscape|[from] ability: Snow Warning|[of] p2b: Froslass\n|move|p2a: Sneasler|Dire Claw|p1a: The Story Is True\n|-supereffective|p1a: The Story Is True|1\n|-damage|p1a: The Story Is True|30/100\n|move|p2b: Froslass|Blizzard|p1a: The Story Is True|[spread] p1a,p1b\n|-supereffective|p1a: The Story Is True|1\n|-damage|p1a: The Story Is True|0 fnt\n|-damage|p1b: Moonchild|18/100\n|faint|p1a: The Story Is True\n|move|p1b: Moonchild|Dazzling Gleam|p2b: Froslass|[spread] p2a,p2b\n|-damage|p2a: Sneasler|52/100\n|-damage|p2b: Froslass|0 fnt\n|faint|p2b: Froslass\n|\n|-weather|Snowscape|[upkeep]\n|upkeep\n|\n|t:|1776476896\n|switch|p2b: Garchomp|Garchomp, L50, F|100/100\n|switch|p1a: Number 10|Sinistcha, L50, shiny|100/100\n|-heal|p1b: Moonchild|43/100|[from] ability: Hospitality|[of] p1a: Number 10\n|turn|4\n|\n|t:|1776476911\n|move|p2b: Garchomp|Protect|p2b: Garchomp\n|-singleturn|p2b: Garchomp|Protect\n|move|p1b: Moonchild|Protect|p1b: Moonchild\n|-singleturn|p1b: Moonchild|Protect\n|move|p2a: Sneasler|Dire Claw|p1b: Moonchild\n|-activate|p1b: Moonchild|move: Protect\n|move|p1a: Number 10|Matcha Gotcha|p2b: Garchomp|[spread] p2a\n|-activate|p2b: Garchomp|move: Protect\n|-resisted|p2a: Sneasler|1\n|-damage|p2a: Sneasler|36/100\n|\n|-weather|Snowscape|[upkeep]\n|upkeep\n|turn|5\n|\n|t:|1776476932\n|move|p1a: Number 10|Rage Powder|p1a: Number 10\n|-singleturn|p1a: Number 10|move: Rage Powder\n|move|p2a: Sneasler|Dire Claw|p1a: Number 10\n|-damage|p1a: Number 10|68/100\n|move|p2b: Garchomp|Dragon Claw|p1a: Number 10\n|-damage|p1a: Number 10|21/100\n|move|p1b: Moonchild|Dazzling Gleam|p2a: Sneasler|[spread] p2a,p2b\n|-supereffective|p2b: Garchomp|1\n|-damage|p2a: Sneasler|0 fnt\n|-damage|p2b: Garchomp|32/100\n|faint|p2a: Sneasler\n|\n|-weather|Snowscape|[upkeep]\n|upkeep\n|\n|t:|1776476947\n|switch|p2a: Incineroar|Incineroar, L50, F|100/100\n|-ability|p2a: Incineroar|Intimidate|boost\n|-block|p1a: Number 10|ability: Flower Veil|[of] p1b: Moonchild\n|-unboost|p1b: Moonchild|atk|1\n|turn|6\n|inactive|Jimmy_flcone has 30 seconds left.\n|inactive|Jimmy_flcone has 20 seconds left.\n|inactive|Jimmy_flcone has 15 seconds left.\n|inactive|Jimmy_flcone has 10 seconds left.\n|inactive|Jimmy_flcone has 5 seconds left.\n|\n|t:|1776477002\n|switch|p1a: To Be His Friend|Sneasler, L50, F|100/100\n|move|p1b: Moonchild|Protect|p1b: Moonchild\n|-singleturn|p1b: Moonchild|Protect\n|move|p2a: Incineroar|Fake Out|p1b: Moonchild\n|-activate|p1b: Moonchild|move: Protect\n|move|p2b: Garchomp|Earthquake|p1a: To Be His Friend|[spread] p2a,p1a\n|-activate|p1b: Moonchild|move: Protect\n|-supereffective|p2a: Incineroar|1\n|-supereffective|p1a: To Be His Friend|1\n|-damage|p2a: Incineroar|14/100\n|-damage|p1a: To Be His Friend|0 fnt\n|faint|p1a: To Be His Friend\n|\n|-weather|Snowscape|[upkeep]\n|upkeep\n|\n|t:|1776477013\n|switch|p1a: Number 10|Sinistcha, L50, shiny|21/100\n|-heal|p1b: Moonchild|68/100|[from] ability: Hospitality|[of] p1a: Number 10\n|turn|7\n|inactive|Jimmy_flcone has 30 seconds left.\n|inactive|Jimmy_flcone has 20 seconds left.\n|inactive|Jimmy_flcone has 15 seconds left.\n|inactive|Jimmy_flcone has 10 seconds left.\n|inactive|Jimmy_flcone has 5 seconds left.\n|\n|t:|1776477068\n|move|p2a: Incineroar|Fake Out||[still]\n|-hint|Fake Out only works on your first turn out.\n|-fail|p2a: Incineroar\n|move|p1a: Number 10|Rage Powder|p1a: Number 10\n|-singleturn|p1a: Number 10|move: Rage Powder\n|move|p2b: Garchomp|Earthquake|p1b: Moonchild|[spread] p2a,p1a,p1b\n|-supereffective|p2a: Incineroar|1\n|-resisted|p1a: Number 10|1\n|-damage|p2a: Incineroar|0 fnt\n|-damage|p1a: Number 10|2/100\n|-damage|p1b: Moonchild|16/100\n|faint|p2a: Incineroar\n|move|p1b: Moonchild|Dazzling Gleam|p2b: Garchomp\n|-supereffective|p2b: Garchomp|1\n|-damage|p2b: Garchomp|0 fnt\n|faint|p2b: Garchomp\n|\n|win|Senpai_1987\n|raw|Senpai_1987's rating: 1351 &rarr; <strong>1368</strong><br />(+17 for winning)\n|raw|Jimmy_flcone's rating: 1299 &rarr; <strong>1278</strong><br />(-21 for losing)\n",
  "uploadtime": 1776477085,
  "views": 29,
  "formatid": "gen9championsvgc2026regma",
  "rating": 1278,
  "private": 0,
  "password": null
}