{
  "id": "gen9championsvgc2026regma-2588670122",
  "format": "[Gen 9 Champions] VGC 2026 Reg M-A",
  "players": [
    "keiwvyz",
    "ilabchknnuggets"
  ],
  "log": "|j|\u2606keiwvyz\n|j|\u2606ilabchknnuggets\n|t:|1776655889\n|gametype|doubles\n|player|p1|keiwvyz|170|1163\n|player|p2|ilabchknnuggets|hooligans|1148\n|gen|9\n|tier|[Gen 9 Champions] VGC 2026 Reg M-A\n|rated|\n|rule|Species Clause: Limit one of each Pok\u00e9mon\n|rule|Item Clause: Limit 1 of each item\n|clearpoke\n|poke|p1|Sinistcha-Masterpiece, L50|\n|poke|p1|Conkeldurr, L50, F|\n|poke|p1|Gardevoir, L50, M|\n|poke|p1|Rotom-Wash, L50|\n|poke|p1|Talonflame, L50, M|\n|poke|p1|Mimikyu, L50, F|\n|poke|p2|Charizard, L50, M|\n|poke|p2|Venusaur, L50, M|\n|poke|p2|Garchomp, L50, M|\n|poke|p2|Rotom-Wash, L50|\n|poke|p2|Sneasler, L50, F|\n|poke|p2|Incineroar, L50, F|\n|teampreview|4\n|inactive|Battle timer is ON: inactive players will automatically lose when time's up. (requested by ilabchknnuggets)\n|inactive|keiwvyz has 60 seconds left.\n|\n|t:|1776655927\n|teamsize|p1|4\n|teamsize|p2|4\n|start\n|switch|p1a: Gardevoir|Gardevoir, L50, M|100/100\n|switch|p1b: Talonflame|Talonflame, L50, M|100/100\n|switch|p2a: Charizard|Charizard, L50, M|100/100\n|switch|p2b: Garchomp|Garchomp, L50, M|100/100\n|turn|1\n|\n|t:|1776655944\n|detailschange|p2a: Charizard|Charizard-Mega-Y, L50, M\n|-mega|p2a: Charizard|Charizard|Charizardite Y\n|-weather|SunnyDay|[from] ability: Drought|[of] p2a: Charizard\n|detailschange|p1a: Gardevoir|Gardevoir-Mega, L50, M\n|-mega|p1a: Gardevoir|Gardevoir|Gardevoirite\n|move|p1b: Talonflame|Dual Wingbeat|p2a: Charizard\n|-damage|p2a: Charizard|71/100\n|-damage|p2a: Charizard|43/100\n|-hitcount|p2a: Charizard|2\n|move|p2b: Garchomp|Rock Slide|p1b: Talonflame|[spread] p1a,p1b\n|-supereffective|p1b: Talonflame|2\n|-damage|p1a: Gardevoir|60/100\n|-damage|p1b: Talonflame|0 fnt\n|faint|p1b: Talonflame\n|move|p1a: Gardevoir|Thunderbolt|p2a: Charizard\n|-supereffective|p2a: Charizard|1\n|-damage|p2a: Charizard|0 fnt\n|faint|p2a: Charizard\n|\n|-weather|SunnyDay|[upkeep]\n|upkeep\n|\n|t:|1776655962\n|switch|p1b: Sinistcha|Sinistcha-Masterpiece, L50|100/100\n|switch|p2a: Venusaur|Venusaur, L50, M|100/100\n|-heal|p1a: Gardevoir|85/100|[from] ability: Hospitality|[of] p1b: Sinistcha\n|turn|2\n|\n|t:|1776655972\n|switch|p2b: Incineroar|Incineroar, L50, F|100/100\n|-ability|p2b: Incineroar|Intimidate|boost\n|-unboost|p1a: Gardevoir|atk|1\n|-unboost|p1b: Sinistcha|atk|1\n|move|p1a: Gardevoir|Protect|p1a: Gardevoir\n|-singleturn|p1a: Gardevoir|Protect\n|move|p2a: Venusaur|Sludge Bomb|p1b: Sinistcha\n|-damage|p1b: Sinistcha|58/100\n|move|p1b: Sinistcha|Matcha Gotcha|p2b: Incineroar|[spread] p2a,p2b\n|-resisted|p2a: Venusaur|2\n|-resisted|p2b: Incineroar|1\n|-damage|p2a: Venusaur|93/100\n|-heal|p1b: Sinistcha|62/100|[from] drain|[of] p2a: Venusaur\n|-damage|p2b: Incineroar|88/100\n|-heal|p1b: Sinistcha|69/100|[from] drain|[of] p2b: Incineroar\n|\n|-weather|SunnyDay|[upkeep]\n|-heal|p1b: Sinistcha|75/100|[from] item: Leftovers\n|upkeep\n|turn|3\n|\n|t:|1776655994\n|switch|p1a: Conkeldurr|Conkeldurr, L50, F|100/100\n|move|p1b: Sinistcha|Protect|p1b: Sinistcha\n|-singleturn|p1b: Sinistcha|Protect\n|move|p2b: Incineroar|Fake Out|p1a: Conkeldurr\n|-damage|p1a: Conkeldurr|88/100\n|move|p2a: Venusaur|Sludge Bomb|p1b: Sinistcha\n|-activate|p1b: Sinistcha|move: Protect\n|\n|-weather|SunnyDay|[upkeep]\n|-heal|p1b: Sinistcha|81/100|[from] item: Leftovers\n|upkeep\n|turn|4\n|\n|t:|1776656012\n|move|p2a: Venusaur|Sleep Powder|p1a: Conkeldurr\n|-status|p1a: Conkeldurr|slp|[from] move: Sleep Powder\n|-enditem|p1a: Conkeldurr|Lum Berry|[eat]\n|-curestatus|p1a: Conkeldurr|slp|[msg]\n|move|p1b: Sinistcha|Shadow Ball|p2a: Venusaur\n|-damage|p2a: Venusaur|52/100\n|move|p2b: Incineroar|Flare Blitz|p1b: Sinistcha\n|-supereffective|p1b: Sinistcha|1\n|-damage|p1b: Sinistcha|0 fnt\n|faint|p1b: Sinistcha\n|-damage|p2b: Incineroar|64/100|[from] Recoil\n|move|p1a: Conkeldurr|Ice Punch|p2a: Venusaur\n|-supereffective|p2a: Venusaur|1\n|-damage|p2a: Venusaur|0 fnt\n|faint|p2a: Venusaur\n|\n|-weather|SunnyDay|[upkeep]\n|upkeep\n|\n|t:|1776656027\n|switch|p2a: Garchomp|Garchomp, L50, M|100/100\n|switch|p1b: Gardevoir|Gardevoir-Mega, L50, M|85/100\n|turn|5\n|\n|t:|1776656042\n|move|p1b: Gardevoir|Protect|p1b: Gardevoir\n|-singleturn|p1b: Gardevoir|Protect\n|move|p2a: Garchomp|Rock Slide|p1b: Gardevoir|[spread] p1a\n|-activate|p1b: Gardevoir|move: Protect\n|-resisted|p1a: Conkeldurr|1\n|-damage|p1a: Conkeldurr|79/100\n|move|p2b: Incineroar|Flare Blitz|p1a: Conkeldurr\n|-crit|p1a: Conkeldurr\n|-damage|p1a: Conkeldurr|0 fnt\n|faint|p1a: Conkeldurr\n|-damage|p2b: Incineroar|40/100|[from] Recoil\n|-enditem|p2b: Incineroar|Sitrus Berry|[eat]\n|-heal|p2b: Incineroar|64/100|[from] item: Sitrus Berry\n|\n|-weather|none\n|upkeep\n|turn|6\n|\n|t:|1776656057\n|move|p2a: Garchomp|Rock Slide|p1b: Gardevoir\n|-damage|p1b: Gardevoir|38/100\n|move|p1b: Gardevoir|Hyper Voice|p2a: Garchomp|[spread] p2a,p2b\n|-supereffective|p2a: Garchomp|1\n|-damage|p2a: Garchomp|0 fnt\n|-damage|p2b: Incineroar|18/100\n|faint|p2a: Garchomp\n|move|p2b: Incineroar|Flare Blitz|p1b: Gardevoir\n|-damage|p1b: Gardevoir|0 fnt\n|faint|p1b: Gardevoir\n|-damage|p2b: Incineroar|9/100|[from] Recoil\n|\n|win|ilabchknnuggets\n|raw|keiwvyz's rating: 1163 &rarr; <strong>1137</strong><br />(-26 for losing)\n|raw|ilabchknnuggets's rating: 1148 &rarr; <strong>1174</strong><br />(+26 for winning)\n|l|\u2606keiwvyz\n|player|p1|\n",
  "uploadtime": 1776656073,
  "views": 5,
  "formatid": "gen9championsvgc2026regma",
  "rating": 1137,
  "private": 0,
  "password": null
}