{
  "id": "gen9championsvgc2026regma-2585131467",
  "format": "[Gen 9 Champions] VGC 2026 Reg M-A",
  "players": [
    "caster_miaoha",
    "Kala0816"
  ],
  "log": "|j|\u2606caster_miaoha\n|j|\u2606Kala0816\n|t:|1776315514\n|gametype|doubles\n|player|p1|caster_miaoha|2|1174\n|player|p2|Kala0816|burgh|1251\n|gen|9\n|tier|[Gen 9 Champions] VGC 2026 Reg M-A\n|rated|\n|rule|Species Clause: Limit one of each Pok\u00e9mon\n|rule|Item Clause: Limit 1 of each item\n|clearpoke\n|poke|p1|Charizard, L50, M|\n|poke|p1|Incineroar, L50, M|\n|poke|p1|Whimsicott, L50, F|\n|poke|p1|Garchomp, L50, M|\n|poke|p1|Rotom-Wash, L50|\n|poke|p1|Sneasler, L50, F|\n|poke|p2|Aerodactyl, L50, M|\n|poke|p2|Basculegion, L50, M|\n|poke|p2|Sneasler, L50, M|\n|poke|p2|Floette-Eternal, L50, F|\n|poke|p2|Maushold, L50|\n|poke|p2|Kingambit, L50, M|\n|teampreview|4\nKala0816 has agreed to open team sheets.\n|inactive|Battle timer is ON: inactive players will automatically lose when time's up. (requested by Kala0816)\n|inactive|Kala0816 has 60 seconds left.\n|\n|t:|1776315586\n|teamsize|p1|4\n|teamsize|p2|4\n|start\n|switch|p1a: Rotom|Rotom-Wash, L50|100/100\n|switch|p1b: Whimsicott|Whimsicott, L50, F|100/100\n|switch|p2a: Aerodactyl|Aerodactyl, L50, M|100/100\n|switch|p2b: Basculegion|Basculegion, L50, M|100/100\n|-ability|p2a: Aerodactyl|Unnerve\n|turn|1\n|inactive|caster_miaoha has 30 seconds left.\n|inactive|Kala0816 has 30 seconds left.\n|inactive|Kala0816 has 20 seconds left.\n|inactive|Kala0816 has 15 seconds left.\n|inactive|Kala0816 has 10 seconds left.\n|\n|t:|1776315631\n|switch|p2a: Maushold|Maushold, L50|100/100\n|switch|p2b: Floette|Floette-Eternal, L50, F|100/100\n|move|p1b: Whimsicott|Tailwind|p1b: Whimsicott\n|-sidestart|p1: caster_miaoha|move: Tailwind\n|move|p1a: Rotom|Thunderbolt|p2b: Floette\n|-damage|p2b: Floette|75/100\n|\n|upkeep\n|turn|2\n|inactive|caster_miaoha has 30 seconds left.\n|\n|t:|1776315659\n|detailschange|p2b: Floette|Floette-Mega, L50, F\n|-mega|p2b: Floette|Floette|Floettite\n|-ability|p2b: Floette|Fairy Aura\n|move|p2a: Maushold|Follow Me|p2a: Maushold\n|-singleturn|p2a: Maushold|move: Follow Me\n|move|p1b: Whimsicott|Fake Tears|p2a: Maushold\n|-unboost|p2a: Maushold|spd|2\n|move|p1a: Rotom|Thunderbolt|p2a: Maushold\n|-damage|p2a: Maushold|0 fnt\n|faint|p2a: Maushold\n|move|p2b: Floette|Calm Mind|p2b: Floette\n|-boost|p2b: Floette|spa|1\n|-boost|p2b: Floette|spd|1\n|\n|upkeep\n|\n|t:|1776315676\n|switch|p2a: Aerodactyl|Aerodactyl, L50, M|100/100\n|-ability|p2a: Aerodactyl|Unnerve\n|turn|3\n|\n|t:|1776315700\n|move|p2a: Aerodactyl|Protect|p2a: Aerodactyl\n|-singleturn|p2a: Aerodactyl|Protect\n|move|p1b: Whimsicott|Fake Tears|p2b: Floette\n|-unboost|p2b: Floette|spd|2\n|move|p1a: Rotom|Thunderbolt|p2a: Aerodactyl\n|-activate|p2a: Aerodactyl|move: Protect\n|move|p2b: Floette|Dazzling Gleam|p1b: Whimsicott|[spread] p1a,p1b\n|-damage|p1a: Rotom|13/100\n|-enditem|p1b: Whimsicott|Focus Sash\n|-damage|p1b: Whimsicott|1/100\n|\n|-heal|p1a: Rotom|18/100|[from] item: Leftovers\n|upkeep\n|turn|4\n|inactive|caster_miaoha has 30 seconds left.\n|inactive|Kala0816 has 30 seconds left.\n|inactive|caster_miaoha has 20 seconds left.\n|\n|t:|1776315736\n|move|p2b: Floette|Protect|p2b: Floette\n|-singleturn|p2b: Floette|Protect\n|move|p1b: Whimsicott|Encore|p2a: Aerodactyl\n|-start|p2a: Aerodactyl|Encore\n|move|p2a: Aerodactyl|Protect||[still]\n|-fail|p2a: Aerodactyl\n|move|p1a: Rotom|Thunderbolt|p2b: Floette\n|-activate|p2b: Floette|move: Protect\n|\n|-heal|p1a: Rotom|24/100|[from] item: Leftovers\n|-sideend|p1: caster_miaoha|move: Tailwind\n|upkeep\n|turn|5\n|\n|t:|1776315756\n|move|p2a: Aerodactyl|Protect|p2a: Aerodactyl\n|-singleturn|p2a: Aerodactyl|Protect\n|move|p1b: Whimsicott|Encore|p2b: Floette\n|-start|p2b: Floette|Encore\n|move|p2b: Floette|Protect||[still]\n|-fail|p2b: Floette\n|move|p1a: Rotom|Thunderbolt|p2b: Floette\n|-damage|p2b: Floette|25/100\n|-status|p2b: Floette|par\n|\n|-heal|p1a: Rotom|30/100|[from] item: Leftovers\n|upkeep\n|turn|6\n|\n|t:|1776315781\n|move|p2a: Aerodactyl|Protect||[still]\n|-fail|p2a: Aerodactyl\n|cant|p2b: Floette|par\n|move|p1b: Whimsicott|Tailwind|p1b: Whimsicott\n|-sidestart|p1: caster_miaoha|move: Tailwind\n|move|p1a: Rotom|Thunderbolt|p2b: Floette\n|-damage|p2b: Floette|0 fnt\n|faint|p2b: Floette\n|\n|-heal|p1a: Rotom|36/100|[from] item: Leftovers\n|-end|p2a: Aerodactyl|Encore\n|upkeep\n|\n|t:|1776315787\n|switch|p2b: Basculegion|Basculegion, L50, M|100/100\n|turn|7\n|\n|t:|1776315802\n|move|p1b: Whimsicott|Encore|p2a: Aerodactyl\n|-start|p2a: Aerodactyl|Encore\n|move|p2a: Aerodactyl|Protect|p2a: Aerodactyl\n|-singleturn|p2a: Aerodactyl|Protect\n|move|p1a: Rotom|Thunderbolt|p2b: Basculegion\n|-supereffective|p2b: Basculegion|1\n|-damage|p2b: Basculegion|5/100\n|move|p2b: Basculegion|Last Respects|p1b: Whimsicott\n|-damage|p1b: Whimsicott|0 fnt\n|faint|p1b: Whimsicott\n|\n|-heal|p1a: Rotom|41/100|[from] item: Leftovers\n|upkeep\n|\n|t:|1776315822\n|switch|p1b: Garchomp|Garchomp, L50, M, shiny|100/100\n|turn|8\n|inactive|Kala0816 has 30 seconds left.\n|-message|Kala0816 forfeited.\n|\n|win|caster_miaoha\n|raw|caster_miaoha's rating: 1174 &rarr; <strong>1204</strong><br />(+30 for winning)\n|raw|Kala0816's rating: 1251 &rarr; <strong>1221</strong><br />(-30 for losing)\n|l|\u2606Kala0816\n|player|p2|\n",
  "uploadtime": 1776315860,
  "views": 34,
  "formatid": "gen9championsvgc2026regma",
  "rating": 1204,
  "private": 0,
  "password": null
}