{
  "id": "gen9championsvgc2026regma-2581328379",
  "format": "[Gen 9 Champions] VGC 2026 Reg M-A",
  "players": [
    "petero006",
    "Nueel"
  ],
  "log": "|j|\u2606petero006\n|j|\u2606Nueel\n|t:|1775987296\n|gametype|doubles\n|player|p1|petero006|benga|1067\n|player|p2|Nueel|volkner|1000\n|gen|9\n|tier|[Gen 9 Champions] VGC 2026 Reg M-A\n|rated|\n|rule|Species Clause: Limit one of each Pok\u00e9mon\n|rule|Item Clause: Limit 1 of each item\n|clearpoke\n|poke|p1|Charizard, L50, M|\n|poke|p1|Venusaur, L50, F|\n|poke|p1|Garchomp, L50, M|\n|poke|p1|Rotom-Wash, L50|\n|poke|p1|Sneasler, L50, M|\n|poke|p1|Incineroar, L50, F|\n|poke|p2|Gengar, L50, M|\n|poke|p2|Kingambit, L50, M|\n|poke|p2|Incineroar, L50, M|\n|poke|p2|Whimsicott, L50, F|\n|poke|p2|Sinistcha, L50|\n|poke|p2|Garchomp, L50, M|\n|teampreview|4\n|inactive|Battle timer is ON: inactive players will automatically lose when time's up. (requested by Nueel)\n|inactive|petero006 has 60 seconds left.\n|\n|t:|1775987351\n|teamsize|p1|4\n|teamsize|p2|4\n|start\n|switch|p1a: Garchomp|Garchomp, L50, M|100/100\n|switch|p1b: Sneasler|Sneasler, L50, M|100/100\n|switch|p2a: Incineroar|Incineroar, L50, M, shiny|100/100\n|switch|p2b: Whimsicott|Whimsicott, L50, F|100/100\n|-ability|p2a: Incineroar|Intimidate|boost\n|-unboost|p1a: Garchomp|atk|1\n|-unboost|p1b: Sneasler|atk|1\n|-enditem|p1b: Sneasler|White Herb\n|-clearnegativeboost|p1b: Sneasler|[silent]\n|turn|1\n|\n|t:|1775987371\n|switch|p1a: Incineroar|Incineroar, L50, F|100/100\n|-ability|p1a: Incineroar|Intimidate|boost\n|-unboost|p2a: Incineroar|atk|1\n|-unboost|p2b: Whimsicott|atk|1\n|move|p1b: Sneasler|Fake Out|p2b: Whimsicott\n|-damage|p2b: Whimsicott|79/100\n|move|p2a: Incineroar|Fake Out|p1b: Sneasler\n|-damage|p1b: Sneasler|89/100\n|cant|p2b: Whimsicott|flinch\n|\n|upkeep\n|turn|2\n|\n|t:|1775987388\n|move|p1a: Incineroar|Fake Out|p2b: Whimsicott\n|-damage|p2b: Whimsicott|57/100\n|cant|p2b: Whimsicott|flinch\n|move|p1b: Sneasler|Dire Claw|p2b: Whimsicott\n|-supereffective|p2b: Whimsicott|2\n|-damage|p2b: Whimsicott|0 fnt\n|faint|p2b: Whimsicott\n|move|p2a: Incineroar|Parting Shot|p1b: Sneasler\n|-unboost|p1b: Sneasler|atk|1\n|-unboost|p1b: Sneasler|spa|1\n|\n|t:|1775987398\n|switch|p2a: Gengar|Gengar, L50, M, shiny|100/100|[from] Parting Shot\n|\n|upkeep\n|\n|t:|1775987403\n|switch|p2b: Incineroar|Incineroar, L50, M, shiny|100/100\n|-ability|p2b: Incineroar|Intimidate|boost\n|-unboost|p1a: Incineroar|atk|1\n|-unboost|p1b: Sneasler|atk|1\n|turn|3\n|\n|t:|1775987421\n|switch|p1b: Garchomp|Garchomp, L50, M|100/100\n|detailschange|p2a: Gengar|Gengar-Mega, L50, M, shiny\n|-mega|p2a: Gengar|Gengar|Gengarite\n|move|p2b: Incineroar|Fake Out|p1a: Incineroar\n|-damage|p1a: Incineroar|90/100\n|move|p2a: Gengar|Perish Song|p2a: Gengar\n|-start|p1a: Incineroar|perish3|[silent]\n|-start|p1b: Garchomp|perish3|[silent]\n|-start|p2a: Gengar|perish3|[silent]\n|-start|p2b: Incineroar|perish3|[silent]\n|-fieldactivate|move: Perish Song\n|cant|p1a: Incineroar|flinch\n|\n|-start|p1b: Garchomp|perish3\n|-start|p2a: Gengar|perish3\n|-start|p1a: Incineroar|perish3\n|-start|p2b: Incineroar|perish3\n|upkeep\n|turn|4\n|\n|t:|1775987443\n|move|p2a: Gengar|Protect|p2a: Gengar\n|-singleturn|p2a: Gengar|Protect\n|move|p1b: Garchomp|Bulldoze|p2b: Incineroar|[spread] p1a,p2b\n|-activate|p2a: Gengar|move: Protect\n|-supereffective|p1a: Incineroar|1\n|-supereffective|p2b: Incineroar|1\n|-damage|p1a: Incineroar|41/100\n|-damage|p2b: Incineroar|64/100\n|-unboost|p1a: Incineroar|spe|1\n|-unboost|p2b: Incineroar|spe|1\n|-enditem|p1a: Incineroar|Sitrus Berry|[eat]\n|-heal|p1a: Incineroar|66/100|[from] item: Sitrus Berry\n|move|p1a: Incineroar|Parting Shot|p2a: Gengar\n|-activate|p2a: Gengar|move: Protect\n|move|p2b: Incineroar|Parting Shot|p1b: Garchomp\n|-unboost|p1b: Garchomp|atk|1\n|-unboost|p1b: Garchomp|spa|1\n|\n|t:|1775987467\n|switch|p2b: Kingambit|Kingambit, L50, M|100/100|[from] Parting Shot\n|\n|-start|p1b: Garchomp|perish2\n|-start|p2a: Gengar|perish2\n|-start|p1a: Incineroar|perish2\n|upkeep\n|turn|5\n|inactive|Nueel has 30 seconds left.\n|\n|t:|1775987492\n|move|p2b: Kingambit|Protect|p2b: Kingambit\n|-singleturn|p2b: Kingambit|Protect\n|move|p1b: Garchomp|Bulldoze|p2a: Gengar|[spread] p1a,p2a\n|-activate|p2b: Kingambit|move: Protect\n|-supereffective|p1a: Incineroar|1\n|-supereffective|p2a: Gengar|1\n|-damage|p1a: Incineroar|29/100\n|-damage|p2a: Gengar|48/100\n|-unboost|p1a: Incineroar|spe|1\n|-unboost|p2a: Gengar|spe|1\n|move|p2a: Gengar|Destiny Bond|p2a: Gengar\n|-singlemove|p2a: Gengar|Destiny Bond\n|move|p1a: Incineroar|Parting Shot|p2b: Kingambit\n|-activate|p2b: Kingambit|move: Protect\n|\n|-start|p1b: Garchomp|perish1\n|-start|p2a: Gengar|perish1\n|-start|p1a: Incineroar|perish1\n|upkeep\n|turn|6\n|inactive|Nueel has 30 seconds left.\n|inactive|Nueel has 20 seconds left.\n|\n|t:|1775987528\n|switch|p2a: Incineroar|Incineroar, L50, M, shiny|64/100\n|-ability|p2a: Incineroar|Intimidate|boost\n|-unboost|p1a: Incineroar|atk|1\n|-unboost|p1b: Garchomp|atk|1\n|move|p1b: Garchomp|Bulldoze|p2a: Incineroar|[spread] p1a,p2a,p2b\n|-supereffective|p1a: Incineroar|1\n|-supereffective|p2a: Incineroar|1\n|-supereffective|p2b: Kingambit|1\n|-damage|p1a: Incineroar|5/100\n|-damage|p2a: Incineroar|45/100\n|-damage|p2b: Kingambit|80/100\n|-unboost|p1a: Incineroar|spe|1\n|-unboost|p2a: Incineroar|spe|1\n|-unboost|p2b: Kingambit|spe|1\n|-ability|p2b: Kingambit|Defiant|boost\n|-boost|p2b: Kingambit|atk|2\n|-enditem|p2a: Incineroar|Sitrus Berry|[eat]\n|-heal|p2a: Incineroar|70/100|[from] item: Sitrus Berry\n|move|p2b: Kingambit|Iron Head|p1b: Garchomp\n|-damage|p1b: Garchomp|1/100\n|-damage|p2b: Kingambit|68/100|[from] ability: Rough Skin|[of] p1b: Garchomp\n|move|p1a: Incineroar|Flare Blitz|p2b: Kingambit\n|-supereffective|p2b: Kingambit|1\n|-damage|p2b: Kingambit|24/100\n|-damage|p1a: Incineroar|0 fnt|[from] Recoil\n|faint|p1a: Incineroar\n|\n|-start|p1b: Garchomp|perish0\n|upkeep\n|faint|p1b: Garchomp\n|\n|t:|1775987540\n|switch|p1b: Sneasler|Sneasler, L50, M|89/100\n|switch|p1a: Charizard|Charizard, L50, M|100/100\n|turn|7\n|inactive|Nueel has 30 seconds left.\n|\n|t:|1775987569\n|detailschange|p1a: Charizard|Charizard-Mega-Y, L50, M\n|-mega|p1a: Charizard|Charizard|Charizardite Y\n|-weather|SunnyDay|[from] ability: Drought|[of] p1a: Charizard\n|move|p1b: Sneasler|Fake Out|p2a: Incineroar\n|-damage|p2a: Incineroar|58/100\n|cant|p2a: Incineroar|flinch\n|move|p2b: Kingambit|Sucker Punch|p1a: Charizard\n|-damage|p1a: Charizard|0 fnt\n|faint|p1a: Charizard\n|\n|-weather|SunnyDay|[upkeep]\n|upkeep\n|turn|8\n|\n|t:|1775987590\n|move|p2b: Kingambit|Protect|p2b: Kingambit\n|-singleturn|p2b: Kingambit|Protect\n|move|p1b: Sneasler|Close Combat|p2a: Incineroar\n|-supereffective|p2a: Incineroar|1\n|-damage|p2a: Incineroar|0 fnt\n|-unboost|p1b: Sneasler|def|1\n|-unboost|p1b: Sneasler|spd|1\n|faint|p2a: Incineroar\n|\n|-weather|SunnyDay|[upkeep]\n|upkeep\n|\n|t:|1775987596\n|switch|p2a: Gengar|Gengar-Mega, L50, M, shiny|48/100\n|turn|9\n|\n|t:|1775987615\n|move|p2a: Gengar|Destiny Bond|p2a: Gengar\n|-singlemove|p2a: Gengar|Destiny Bond\n|move|p1b: Sneasler|Rock Tomb|p2b: Kingambit\n|-resisted|p2b: Kingambit|1\n|-damage|p2b: Kingambit|16/100\n|-unboost|p2b: Kingambit|spe|1\n|-ability|p2b: Kingambit|Defiant|boost\n|-boost|p2b: Kingambit|atk|2\n|move|p2b: Kingambit|Iron Head|p1b: Sneasler\n|-damage|p1b: Sneasler|0 fnt\n|faint|p1b: Sneasler\n|\n|win|Nueel\n|raw|petero006's rating: 1067 &rarr; <strong>1043</strong><br />(-24 for losing)\n|raw|Nueel's rating: 1000 &rarr; <strong>1048</strong><br />(+48 for winning)\n|l|\u2606petero006\n|player|p1|\n",
  "uploadtime": 1775987628,
  "views": 22,
  "formatid": "gen9championsvgc2026regma",
  "rating": 1043,
  "private": 0,
  "password": null
}