{
  "id": "gen9championsvgc2026regma-2587420762",
  "format": "[Gen 9 Champions] VGC 2026 Reg M-A",
  "players": [
    "vnunesp12",
    "quolius"
  ],
  "log": "|j|\u2606vnunesp12\n|j|\u2606quolius\n|t:|1776530350\n|gametype|doubles\n|player|p1|vnunesp12|red|1123\n|player|p2|quolius|265|1102\n|gen|9\n|tier|[Gen 9 Champions] VGC 2026 Reg M-A\n|rated|\n|rule|Species Clause: Limit one of each Pok\u00e9mon\n|rule|Item Clause: Limit 1 of each item\n|clearpoke\n|poke|p1|Manectric, L50, M|\n|poke|p1|Pelipper, L50, M|\n|poke|p1|Basculegion, L50, M|\n|poke|p1|Sneasler, L50, M|\n|poke|p1|Kingambit, L50, M|\n|poke|p1|Archaludon, L50, F|\n|poke|p2|Steelix, L50, F|\n|poke|p2|Tyranitar, L50, M|\n|poke|p2|Sinistcha, L50|\n|poke|p2|Alakazam, L50, M|\n|poke|p2|Snorlax, L50, M|\n|poke|p2|Avalugg-Hisui, L50, M|\n|teampreview|4\nquolius has agreed to open team sheets.\n|inactive|Battle timer is ON: inactive players will automatically lose when time's up. (requested by quolius)\n|inactive|vnunesp12 has 60 seconds left.\n|\n|t:|1776530404\n|teamsize|p1|4\n|teamsize|p2|4\n|start\n|switch|p1a: Erick|Kingambit, L50, M|100/100\n|switch|p1b: Ronaldo|Archaludon, L50, F|100/100\n|switch|p2a: Tyranitar|Tyranitar, L50, M|100/100\n|switch|p2b: Sinistcha|Sinistcha, L50|100/100\n|-weather|Sandstorm|[from] ability: Sand Stream|[of] p2a: Tyranitar\n|turn|1\n|inactive|vnunesp12 has 30 seconds left.\n|inactive|vnunesp12 has 20 seconds left.\n|\n|t:|1776530439\n|switch|p2b: Steelix|Steelix, L50, F|100/100\n|move|p1b: Ronaldo|Electro Shot||[still]\n|-prepare|p1b: Ronaldo|Electro Shot\n|-boost|p1b: Ronaldo|spa|1\n|move|p2a: Tyranitar|Sandstorm||[still]\n|-fail|p2a: Tyranitar\n|move|p1a: Erick|Kowtow Cleave|p2b: Steelix\n|-damage|p2b: Steelix|69/100\n|\n|-weather|Sandstorm|[upkeep]\n|upkeep\n|turn|2\n|inactive|vnunesp12 has 30 seconds left.\n|inactive|vnunesp12 has 20 seconds left.\n|\n|t:|1776530476\n|detailschange|p2b: Steelix|Steelix-Mega, L50, F\n|-mega|p2b: Steelix|Steelix|Steelixite\n|move|p2a: Tyranitar|Protect|p2a: Tyranitar\n|-singleturn|p2a: Tyranitar|Protect\n|move|p1b: Ronaldo|Electro Shot|p2a: Tyranitar|[from] lockedmove\n|-activate|p2a: Tyranitar|move: Protect\n|move|p1a: Erick|Iron Head|p2a: Tyranitar\n|-activate|p2a: Tyranitar|move: Protect\n|move|p2b: Steelix|Body Press|p1a: Erick\n|-supereffective|p1a: Erick|2\n|-damage|p1a: Erick|0 fnt\n|faint|p1a: Erick\n|\n|-weather|Sandstorm|[upkeep]\n|upkeep\n|\n|t:|1776530494\n|switch|p1a: Jean Lucas|Basculegion, L50, M|100/100\n|turn|3\n|inactive|quolius has 30 seconds left.\n|\n|t:|1776530522\n|switch|p2a: Sinistcha|Sinistcha, L50|100/100\n|-heal|p2b: Steelix|94/100|[from] ability: Hospitality|[of] p2a: Sinistcha\n|move|p1a: Jean Lucas|Flip Turn|p2b: Steelix\n|-supereffective|p2b: Steelix|1\n|-damage|p2b: Steelix|68/100\n|\n|t:|1776530530\n|switch|p1a: Luciano Juba|Manectric, L50, M|100/100|[from] Flip Turn\n|move|p1b: Ronaldo|Draco Meteor|p2b: Steelix\n|-resisted|p2b: Steelix|1\n|-damage|p2b: Steelix|20/100\n|-unboost|p1b: Ronaldo|spa|2\n|move|p2b: Steelix|High Horsepower|p1b: Ronaldo\n|-supereffective|p1b: Ronaldo|1\n|-damage|p1b: Ronaldo|15/100\n|-ability|p1b: Ronaldo|Stamina|boost\n|-boost|p1b: Ronaldo|def|1\n|\n|-weather|Sandstorm|[upkeep]\n|-damage|p1a: Luciano Juba|94/100|[from] Sandstorm\n|-damage|p2a: Sinistcha|94/100|[from] Sandstorm\n|-heal|p1b: Ronaldo|21/100|[from] item: Leftovers\n|upkeep\n|turn|4\n|inactive|vnunesp12 has 30 seconds left.\n|\n|t:|1776530560\n|detailschange|p1a: Luciano Juba|Manectric-Mega, L50, M\n|-mega|p1a: Luciano Juba|Manectric|Manectite\n|-ability|p1a: Luciano Juba|Intimidate|boost\n|-unboost|p2a: Sinistcha|atk|1\n|-unboost|p2b: Steelix|atk|1\n|move|p2a: Sinistcha|Rage Powder|p2a: Sinistcha\n|-singleturn|p2a: Sinistcha|move: Rage Powder\n|move|p1a: Luciano Juba|Flamethrower|p2a: Sinistcha\n|-supereffective|p2a: Sinistcha|1\n|-crit|p2a: Sinistcha\n|-damage|p2a: Sinistcha|0 fnt\n|faint|p2a: Sinistcha\n|move|p1b: Ronaldo|Draco Meteor|p2b: Steelix\n|-resisted|p2b: Steelix|1\n|-damage|p2b: Steelix|0 fnt\n|-unboost|p1b: Ronaldo|spa|2\n|faint|p2b: Steelix\n|\n|-weather|Sandstorm|[upkeep]\n|-damage|p1a: Luciano Juba|88/100|[from] Sandstorm\n|-heal|p1b: Ronaldo|27/100|[from] item: Leftovers\n|upkeep\n|\n|t:|1776530573\n|switch|p2a: Alakazam|Alakazam, L50, M|100/100\n|switch|p2b: Tyranitar|Tyranitar, L50, M|100/100\n|turn|5\n|inactive|vnunesp12 has 30 seconds left.\n|inactive|quolius has 30 seconds left.\n|inactive|quolius has 20 seconds left.\n|\n|t:|1776530611\n|move|p2a: Alakazam|Psychic|p1a: Luciano Juba\n|-damage|p1a: Luciano Juba|16/100\n|move|p1a: Luciano Juba|Volt Switch|p2a: Alakazam\n|-damage|p2a: Alakazam|40/100\n|\n|t:|1776530617\n|switch|p1a: Jean Lucas|Basculegion, L50, M|100/100|[from] Volt Switch\n|move|p1b: Ronaldo|Electro Shot||[still]\n|-prepare|p1b: Ronaldo|Electro Shot\n|-boost|p1b: Ronaldo|spa|1\n|move|p2b: Tyranitar|Rock Slide|p1a: Jean Lucas|[spread] p1a,p1b\n|-resisted|p1b: Ronaldo|1\n|-damage|p1a: Jean Lucas|57/100\n|-damage|p1b: Ronaldo|20/100\n|-ability|p1b: Ronaldo|Stamina|boost\n|-boost|p1b: Ronaldo|def|1\n|\n|-weather|none\n|-heal|p1b: Ronaldo|26/100|[from] item: Leftovers\n|upkeep\n|turn|6\n|inactive|vnunesp12 has 30 seconds left.\n|\n|t:|1776530649\n|move|p1a: Jean Lucas|Flip Turn|p2b: Tyranitar\n|-supereffective|p2b: Tyranitar|1\n|-enditem|p2b: Tyranitar|Passho Berry|[eat]\n|-enditem|p2b: Tyranitar|Passho Berry|[weaken]\n|-damage|p2b: Tyranitar|77/100\n|\n|t:|1776530654\n|switch|p1a: Luciano Juba|Manectric-Mega, L50, M|16/100|[from] Flip Turn\n|-ability|p1a: Luciano Juba|Intimidate|boost\n|-fail|p2a: Alakazam|unboost|Attack|[from] ability: Inner Focus|[of] p2a: Alakazam\n|-unboost|p2b: Tyranitar|atk|1\n|move|p2a: Alakazam|Psychic|p1a: Luciano Juba\n|-damage|p1a: Luciano Juba|0 fnt\n|faint|p1a: Luciano Juba\n|move|p1b: Ronaldo|Electro Shot|p2b: Tyranitar|[from] lockedmove\n|-damage|p2b: Tyranitar|58/100\n|move|p2b: Tyranitar|Sandstorm|p2b: Tyranitar\n|-weather|Sandstorm\n|\n|-weather|Sandstorm|[upkeep]\n|-damage|p2a: Alakazam|34/100|[from] Sandstorm\n|-heal|p1b: Ronaldo|32/100|[from] item: Leftovers\n|upkeep\n|\n|t:|1776530671\n|switch|p1a: Jean Lucas|Basculegion, L50, M|57/100\n|turn|7\n|inactive|vnunesp12 has 30 seconds left.\n|inactive|quolius has 30 seconds left.\n|\n|t:|1776530701\n|move|p1a: Jean Lucas|Last Respects|p2a: Alakazam\n|-supereffective|p2a: Alakazam|1\n|-damage|p2a: Alakazam|0 fnt\n|faint|p2a: Alakazam\n|move|p1b: Ronaldo|Electro Shot||[still]\n|-prepare|p1b: Ronaldo|Electro Shot\n|-boost|p1b: Ronaldo|spa|1\n|move|p2b: Tyranitar|Rock Slide|p1a: Jean Lucas|[spread] p1b\n|-miss|p2b: Tyranitar|p1a: Jean Lucas\n|-resisted|p1b: Ronaldo|1\n|-damage|p1b: Ronaldo|29/100\n|-ability|p1b: Ronaldo|Stamina|boost\n|-boost|p1b: Ronaldo|def|1\n|\n|-weather|Sandstorm|[upkeep]\n|-damage|p1a: Jean Lucas|51/100|[from] Sandstorm\n|-heal|p1b: Ronaldo|35/100|[from] item: Leftovers\n|upkeep\n|turn|8\n|\n|t:|1776530719\n|move|p1a: Jean Lucas|Last Respects|p2b: Tyranitar\n|-resisted|p2b: Tyranitar|1\n|-damage|p2b: Tyranitar|29/100\n|move|p1b: Ronaldo|Electro Shot|p2b: Tyranitar|[from] lockedmove\n|-damage|p2b: Tyranitar|12/100\n|move|p2b: Tyranitar|Rock Slide|p1b: Ronaldo|[spread] p1a,p1b\n|-resisted|p1b: Ronaldo|1\n|-damage|p1a: Jean Lucas|23/100\n|-damage|p1b: Ronaldo|32/100\n|-ability|p1b: Ronaldo|Stamina|boost\n|-boost|p1b: Ronaldo|def|1\n|\n|-weather|Sandstorm|[upkeep]\n|-damage|p1a: Jean Lucas|17/100|[from] Sandstorm\n|-heal|p1b: Ronaldo|38/100|[from] item: Leftovers\n|upkeep\n|turn|9\n|\n|t:|1776530742\n|move|p1a: Jean Lucas|Last Respects|p2b: Tyranitar\n|-resisted|p2b: Tyranitar|1\n|-damage|p2b: Tyranitar|0 fnt\n|faint|p2b: Tyranitar\n|\n|win|vnunesp12\n|raw|vnunesp12's rating: 1123 &rarr; <strong>1146</strong><br />(+23 for winning)\n|raw|quolius's rating: 1102 &rarr; <strong>1079</strong><br />(-23 for losing)\n|l|\u2606quolius\n|player|p2|\n",
  "uploadtime": 1776530819,
  "views": 20,
  "formatid": "gen9championsvgc2026regma",
  "rating": 1079,
  "private": 0,
  "password": null
}