{
  "id": "gen9championsvgc2026regma-2587886672",
  "format": "[Gen 9 Champions] VGC 2026 Reg M-A",
  "players": [
    "fangyusuhe",
    "jaesun0810"
  ],
  "log": "|j|\u2606fangyusuhe\n|j|\u2606jaesun0810\n|t:|1776574732\n|gametype|doubles\n|player|p1|fangyusuhe|dawn|1416\n|player|p2|jaesun0810|102|1534\n|gen|9\n|tier|[Gen 9 Champions] VGC 2026 Reg M-A\n|rated|\n|rule|Species Clause: Limit one of each Pok\u00e9mon\n|rule|Item Clause: Limit 1 of each item\n|clearpoke\n|poke|p1|Floette-Eternal, L50, F|\n|poke|p1|Garchomp, L50, M|\n|poke|p1|Sinistcha, L50|\n|poke|p1|Kingambit, L50, F|\n|poke|p1|Aerodactyl, L50, F|\n|poke|p1|Sneasler, L50, F|\n|poke|p2|Basculegion, L50, M|\n|poke|p2|Sableye, L50, M|\n|poke|p2|Archaludon, L50, M|\n|poke|p2|Meganium, L50, M|\n|poke|p2|Pelipper, L50, F|\n|poke|p2|Garchomp, L50, M|\n|teampreview|4\n|inactive|Battle timer is ON: inactive players will automatically lose when time's up. (requested by fangyusuhe)\n|\n|t:|1776574760\n|teamsize|p1|4\n|teamsize|p2|4\n|start\n|switch|p1a: Floette|Floette-Eternal, L50, F|100/100\n|switch|p1b: Kingambit|Kingambit, L50, F|100/100\n|switch|p2a: Sableye|Sableye, L50, M|100/100\n|switch|p2b: Basculegion|Basculegion, L50, M|100/100\n|turn|1\n|\n|t:|1776574781\n|detailschange|p1a: Floette|Floette-Mega, L50, F\n|-mega|p1a: Floette|Floette|Floettite\n|-ability|p1a: Floette|Fairy Aura\n|move|p2a: Sableye|Fake Out|p1b: Kingambit\n|-resisted|p1b: Kingambit|1\n|-damage|p1b: Kingambit|96/100\n|move|p1a: Floette|Dazzling Gleam|p2b: Basculegion|[spread] p2a,p2b\n|-supereffective|p2a: Sableye|1\n|-enditem|p2a: Sableye|Roseli Berry|[eat]\n|-enditem|p2a: Sableye|Roseli Berry|[weaken]\n|-damage|p2a: Sableye|19/100\n|-damage|p2b: Basculegion|42/100\n|move|p2b: Basculegion|Wave Crash|p1a: Floette\n|-damage|p1a: Floette|14/100\n|-damage|p2b: Basculegion|20/100|[from] Recoil\n|cant|p1b: Kingambit|flinch\n|\n|upkeep\n|turn|2\n|\n|t:|1776574797\n|switch|p2b: Archaludon|Archaludon, L50, M|100/100\n|move|p2a: Sableye|Rain Dance|p2a: Sableye\n|-weather|RainDance\n|move|p1a: Floette|Dazzling Gleam|p2b: Archaludon|[spread] p2a,p2b\n|-supereffective|p2a: Sableye|1\n|-crit|p2a: Sableye\n|-damage|p2a: Sableye|0 fnt\n|-damage|p2b: Archaludon|55/100\n|-ability|p2b: Archaludon|Stamina|boost\n|-boost|p2b: Archaludon|def|1\n|faint|p2a: Sableye\n|move|p1b: Kingambit|Kowtow Cleave|p2b: Archaludon\n|-damage|p2b: Archaludon|30/100\n|-ability|p2b: Archaludon|Stamina|boost\n|-boost|p2b: Archaludon|def|1\n|\n|-weather|RainDance|[upkeep]\n|-heal|p2b: Archaludon|36/100|[from] item: Leftovers\n|upkeep\n|\n|t:|1776574812\n|switch|p2a: Garchomp|Garchomp, L50, M|100/100\n|turn|3\n|\n|t:|1776574829\n|move|p1b: Kingambit|Sucker Punch|p2a: Garchomp\n|-damage|p2a: Garchomp|60/100\n|-damage|p1b: Kingambit|84/100|[from] ability: Rough Skin|[of] p2a: Garchomp\n|move|p2a: Garchomp|Rock Slide|p1a: Floette|[spread] p1a,p1b\n|-crit|p1a: Floette\n|-resisted|p1b: Kingambit|1\n|-damage|p1a: Floette|0 fnt\n|-damage|p1b: Kingambit|75/100\n|faint|p1a: Floette\n|move|p2b: Archaludon|Electro Shot||[still]\n|-prepare|p2b: Archaludon|Electro Shot\n|-boost|p2b: Archaludon|spa|1\n|-anim|p2b: Archaludon|Electro Shot|p1b: Kingambit\n|-damage|p1b: Kingambit|25/100\n|\n|-weather|RainDance|[upkeep]\n|-heal|p2b: Archaludon|42/100|[from] item: Leftovers\n|upkeep\n|\n|t:|1776574839\n|switch|p1a: Garchomp|Garchomp, L50, M|100/100\n|turn|4\n|\n|t:|1776574850\n|move|p2b: Archaludon|Protect|p2b: Archaludon\n|-singleturn|p2b: Archaludon|Protect\n|move|p1b: Kingambit|Sucker Punch|p2a: Garchomp\n|-damage|p2a: Garchomp|21/100\n|-damage|p1b: Kingambit|12/100|[from] ability: Rough Skin|[of] p2a: Garchomp\n|move|p2a: Garchomp|Rock Slide|p1a: Garchomp|[spread] p1a,p1b\n|-resisted|p1a: Garchomp|1\n|-resisted|p1b: Kingambit|1\n|-damage|p1a: Garchomp|91/100\n|-damage|p1b: Kingambit|4/100\n|cant|p1a: Garchomp|flinch\n|\n|-weather|RainDance|[upkeep]\n|-heal|p2b: Archaludon|48/100|[from] item: Leftovers\n|upkeep\n|turn|5\n|\n|t:|1776574873\n|move|p2a: Garchomp|Rock Slide|p1b: Kingambit|[spread] p1a,p1b\n|-resisted|p1a: Garchomp|1\n|-resisted|p1b: Kingambit|1\n|-damage|p1a: Garchomp|82/100\n|-damage|p1b: Kingambit|0 fnt\n|faint|p1b: Kingambit\n|move|p1a: Garchomp|Stomping Tantrum|p2b: Archaludon\n|-supereffective|p2b: Archaludon|1\n|-damage|p2b: Archaludon|0 fnt\n|faint|p2b: Archaludon\n|\n|-weather|RainDance|[upkeep]\n|upkeep\n|\n|t:|1776574882\n|switch|p2b: Basculegion|Basculegion, L50, M|20/100\n|switch|p1b: Sneasler|Sneasler, L50, F|100/100\n|turn|6\n|inactive|fangyusuhe has 30 seconds left.\n|\n|t:|1776574916\n|move|p2b: Basculegion|Wave Crash|p1b: Sneasler\n|-damage|p1b: Sneasler|0 fnt\n|faint|p1b: Sneasler\n|-damage|p2b: Basculegion|0 fnt|[from] Recoil\n|faint|p2b: Basculegion\n|move|p2a: Garchomp|Rock Slide|p1a: Garchomp\n|-resisted|p1a: Garchomp|1\n|-damage|p1a: Garchomp|70/100\n|move|p1a: Garchomp|Earthquake|p2a: Garchomp\n|-damage|p2a: Garchomp|0 fnt\n|faint|p2a: Garchomp\n|\n|win|fangyusuhe\n|raw|fangyusuhe's rating: 1397 &rarr; <strong>1425</strong><br />(+28 for winning)\n|raw|jaesun0810's rating: 1534 &rarr; <strong>1506</strong><br />(-28 for losing)\n|l|\u2606jaesun0810\n|player|p2|\n|l|\u2606fangyusuhe\n|player|p1|\n",
  "uploadtime": 1776574991,
  "views": 20,
  "formatid": "gen9championsvgc2026regma",
  "rating": 1425,
  "private": 0,
  "password": null
}