{
  "id": "gen9championsvgc2026regma-2580340959",
  "format": "[Gen 9 Champions] VGC 2026 Reg M-A",
  "players": [
    "nizyra",
    "vousetesmesfils"
  ],
  "log": "|j|\u2606nizyra\n|j|\u2606vousetesmesfils\n|t:|1775882620\n|gametype|doubles\n|player|p1|nizyra|266|1074\n|player|p2|vousetesmesfils|n|1125\n|gen|9\n|tier|[Gen 9 Champions] VGC 2026 Reg M-A\n|rated|\n|rule|Species Clause: Limit one of each Pok\u00e9mon\n|rule|Item Clause: Limit 1 of each item\n|clearpoke\n|poke|p1|Rotom-Wash, L50|\n|poke|p1|Sableye, L50, M|\n|poke|p1|Delphox, L50, M|\n|poke|p1|Tyranitar, L50, F|\n|poke|p1|Corviknight, L50, M|\n|poke|p1|Palafin, L50, F|\n|poke|p2|Politoed, L50, F|\n|poke|p2|Floette-Eternal, L50, F|\n|poke|p2|Basculegion, L50, M|\n|poke|p2|Incineroar, L50, F|\n|poke|p2|Meowscarada, L50, M|\n|poke|p2|Archaludon, L50, F|\n|teampreview|4\n|inactive|Battle timer is ON: inactive players will automatically lose when time's up. (requested by vousetesmesfils)\n|inactive|nizyra has 60 seconds left.\n|\n|t:|1775882660\n|teamsize|p1|4\n|teamsize|p2|4\n|start\n|switch|p1a: Palafin|Palafin, L50, F|100/100\n|switch|p1b: Sableye|Sableye, L50, M|100/100\n|switch|p2a: Floette|Floette-Eternal, L50, F|100/100\n|switch|p2b: Incineroar|Incineroar, L50, F|100/100\n|-ability|p2b: Incineroar|Intimidate|boost\n|-unboost|p1a: Palafin|atk|1\n|-unboost|p1b: Sableye|atk|1\n|turn|1\n|inactive|vousetesmesfils has 30 seconds left.\n|\n|t:|1775882685\n|detailschange|p1a: Palafin|Palafin-Hero, L50, F\n|switch|p1a: Rotom|Rotom-Wash, L50|100/100\n|detailschange|p2a: Floette|Floette-Mega, L50, F\n|-mega|p2a: Floette|Floette|Floettite\n|-ability|p2a: Floette|Fairy Aura\n|move|p2b: Incineroar|Fake Out|p1a: Rotom\n|-damage|p1a: Rotom|91/100\n|move|p1b: Sableye|Fake Out|p2a: Floette\n|-damage|p2a: Floette|95/100\n|cant|p2a: Floette|flinch\n|\n|-heal|p1a: Rotom|97/100|[from] item: Leftovers\n|upkeep\n|turn|2\n|\n|t:|1775882702\n|move|p1b: Sableye|Light Screen|p1b: Sableye\n|-sidestart|p1: nizyra|move: Light Screen\n|move|p1a: Rotom|Will-O-Wisp|p2a: Floette\n|-status|p2a: Floette|brn\n|move|p2a: Floette|Dazzling Gleam|p1a: Rotom|[spread] p1a,p1b\n|-supereffective|p1b: Sableye|1\n|-damage|p1a: Rotom|57/100\n|-enditem|p1b: Sableye|Focus Sash\n|-damage|p1b: Sableye|1/100\n|move|p2b: Incineroar|Taunt|p1b: Sableye\n|-start|p1b: Sableye|move: Taunt\n|\n|-heal|p1a: Rotom|63/100|[from] item: Leftovers\n|-damage|p2a: Floette|89/100 brn|[from] brn\n|upkeep\n|turn|3\n|inactive|nizyra has 30 seconds left.\n|inactive|vousetesmesfils has 30 seconds left.\n|inactive|nizyra has 20 seconds left.\n|inactive|vousetesmesfils has 20 seconds left.\n|\n|t:|1775882740\n|switch|p1b: Palafin|Palafin-Hero, L50, F|100/100\n|-activate|p1b: Palafin|ability: Zero to Hero\n|move|p1a: Rotom|Volt Switch|p2a: Floette\n|-damage|p2a: Floette|69/100 brn\n|\n|t:|1775882746\n|switch|p1a: Delphox|Delphox, L50, M|100/100|[from] Volt Switch\n|move|p2a: Floette|Dazzling Gleam|p1b: Palafin|[spread] p1a,p1b\n|-resisted|p1a: Delphox|1\n|-damage|p1a: Delphox|81/100\n|-damage|p1b: Palafin|64/100\n|move|p2b: Incineroar|Parting Shot|p1a: Delphox\n|-unboost|p1a: Delphox|atk|1\n|-unboost|p1a: Delphox|spa|1\n|\n|t:|1775882752\n|switch|p2b: Basculegion|Basculegion, L50, M|100/100|[from] Parting Shot\n|\n|-damage|p2a: Floette|63/100 brn|[from] brn\n|upkeep\n|turn|4\n|\n|t:|1775882769\n|detailschange|p1a: Delphox|Delphox-Mega, L50, M\n|-mega|p1a: Delphox|Delphox|Delphoxite\n|move|p2b: Basculegion|Wave Crash|p1a: Delphox\n|-supereffective|p1a: Delphox|1\n|-damage|p1a: Delphox|0 fnt\n|faint|p1a: Delphox\n|-damage|p2b: Basculegion|80/100|[from] Recoil\n|move|p1b: Palafin|Bulk Up|p1b: Palafin\n|-boost|p1b: Palafin|atk|1\n|-boost|p1b: Palafin|def|1\n|move|p2a: Floette|Moonblast|p1b: Palafin\n|-damage|p1b: Palafin|0 fnt\n|faint|p1b: Palafin\n|\n|-damage|p2a: Floette|57/100 brn|[from] brn\n|upkeep\n|\n|t:|1775882780\n|switch|p1a: Rotom|Rotom-Wash, L50|63/100\n|switch|p1b: Sableye|Sableye, L50, M|1/100\n|turn|5\n|-message|nizyra forfeited.\n|\n|win|vousetesmesfils\n|raw|nizyra's rating: 1074 &rarr; <strong>1056</strong><br />(-18 for losing)\n|raw|vousetesmesfils's rating: 1125 &rarr; <strong>1146</strong><br />(+21 for winning)\n|l|\u2606nizyra\n|player|p1|\n",
  "uploadtime": 1775882791,
  "views": 13,
  "formatid": "gen9championsvgc2026regma",
  "rating": 1056,
  "private": 0,
  "password": null
}