{
  "id": "gen9championsvgc2026regma-2587006994",
  "format": "[Gen 9 Champions] VGC 2026 Reg M-A",
  "players": [
    "aukrizm",
    "Wulfo"
  ],
  "log": "|j|\u2606aukrizm\n|j|\u2606Wulfo\n|t:|1776480569\n|gametype|doubles\n|player|p1|aukrizm|bugcatcher-gen4dp|1062\n|player|p2|Wulfo|pokemaniac|1080\n|gen|9\n|tier|[Gen 9 Champions] VGC 2026 Reg M-A\n|rated|\n|rule|Species Clause: Limit one of each Pok\u00e9mon\n|rule|Item Clause: Limit 1 of each item\n|clearpoke\n|poke|p1|Golurk, L50|\n|poke|p1|Incineroar, L50, M|\n|poke|p1|Torkoal, L50, M|\n|poke|p1|Venusaur, L50, M|\n|poke|p1|Sneasler, L50, M|\n|poke|p1|Farigiraf, L50, M|\n|poke|p2|Pelipper, L50, M|\n|poke|p2|Meganium, L50, M|\n|poke|p2|Tyranitar, L50, F|\n|poke|p2|Excadrill, L50, F|\n|poke|p2|Incineroar, L50, M|\n|poke|p2|Archaludon, L50, F|\n|teampreview|4\n|j| k1mins\n|\n|t:|1776480625\n|teamsize|p1|4\n|teamsize|p2|4\n|start\n|switch|p1a: Farigiraf|Farigiraf, L50, M|100/100\n|switch|p1b: Sneasler|Sneasler, L50, M|100/100\n|switch|p2a: Incineroar|Incineroar, L50, M|100/100\n|switch|p2b: Archaludon|Archaludon, L50, F|100/100\n|-ability|p2a: Incineroar|Intimidate|boost\n|-unboost|p1a: Farigiraf|atk|1\n|-unboost|p1b: Sneasler|atk|1\n|-enditem|p1b: Sneasler|White Herb\n|-clearnegativeboost|p1b: Sneasler|[silent]\n|turn|1\n|\n|t:|1776480675\n|move|p2b: Archaludon|Protect|p2b: Archaludon\n|-singleturn|p2b: Archaludon|Protect\n|move|p1b: Sneasler|Fake Out|p2b: Archaludon\n|-activate|p2b: Archaludon|move: Protect\n|move|p2a: Incineroar|Fake Out||[still]\n|cant|p1a: Farigiraf|ability: Armor Tail|Fake Out|[of] p2a: Incineroar\n|move|p1a: Farigiraf|Trick Room|p1a: Farigiraf\n|-fieldstart|move: Trick Room|[of] p1a: Farigiraf\n|\n|upkeep\n|turn|2\n|\n|t:|1776480695\n|switch|p1a: Golurk|Golurk, L50|100/100\n|switch|p2a: Pelipper|Pelipper, L50, M|100/100\n|-weather|RainDance|[from] ability: Drizzle|[of] p2a: Pelipper\n|move|p2b: Archaludon|Electro Shot||[still]\n|-prepare|p2b: Archaludon|Electro Shot\n|-boost|p2b: Archaludon|spa|1\n|-anim|p2b: Archaludon|Electro Shot|p1b: Sneasler\n|-damage|p1b: Sneasler|0 fnt\n|faint|p1b: Sneasler\n|\n|-weather|RainDance|[upkeep]\n|upkeep\n|\n|t:|1776480707\n|switch|p1b: Torkoal|Torkoal, L50, M|100/100\n|-weather|SunnyDay|[from] ability: Drought|[of] p1b: Torkoal\n|turn|3\n|\n|t:|1776480723\n|detailschange|p1a: Golurk|Golurk-Mega, L50\n|-mega|p1a: Golurk|Golurk|Golurkite\n|move|p1b: Torkoal|Eruption|p2b: Archaludon|[spread] p2a,p2b\n|-resisted|p2a: Pelipper|1\n|-damage|p2a: Pelipper|42/100\n|-damage|p2b: Archaludon|0 fnt\n|faint|p2b: Archaludon\n|move|p1a: Golurk|Poltergeist|p2a: Pelipper\n|-activate|p2a: Pelipper|move: Poltergeist|Focus Sash\n|-damage|p2a: Pelipper|0 fnt\n|faint|p2a: Pelipper\n|\n|-weather|SunnyDay|[upkeep]\n|upkeep\n|\n|t:|1776480734\n|switch|p2a: Meganium|Meganium, L50, M|100/100\n|switch|p2b: Incineroar|Incineroar, L50, M|100/100\n|-ability|p2b: Incineroar|Intimidate|boost\n|-unboost|p1a: Golurk|atk|1\n|-unboost|p1b: Torkoal|atk|1\n|turn|4\n|\n|t:|1776480754\n|detailschange|p2a: Meganium|Meganium-Mega, L50, M\n|-mega|p2a: Meganium|Meganium|Meganiumite\n|move|p1b: Torkoal|Protect|p1b: Torkoal\n|-singleturn|p1b: Torkoal|Protect\n|move|p2b: Incineroar|Fake Out|p1b: Torkoal\n|-activate|p1b: Torkoal|move: Protect\n|move|p1a: Golurk|Ice Punch|p2a: Meganium\n|-supereffective|p2a: Meganium|1\n|-damage|p2a: Meganium|71/100\n|move|p2a: Meganium|Solar Beam||[still]\n|-prepare|p2a: Meganium|Solar Beam\n|-anim|p2a: Meganium|Solar Beam|p1a: Golurk\n|-supereffective|p1a: Golurk|1\n|-damage|p1a: Golurk|0 fnt\n|faint|p1a: Golurk\n|\n|-weather|SunnyDay|[upkeep]\n|upkeep\n|\n|t:|1776480765\n|switch|p1a: Farigiraf|Farigiraf, L50, M|100/100\n|turn|5\n|\n|t:|1776480788\n|move|p1a: Farigiraf|Helping Hand|p1b: Torkoal\n|-singleturn|p1b: Torkoal|Helping Hand|[of] p1a: Farigiraf\n|move|p1b: Torkoal|Eruption|p2b: Incineroar|[spread] p2a,p2b\n|-supereffective|p2a: Meganium|1\n|-resisted|p2b: Incineroar|1\n|-damage|p2a: Meganium|0 fnt\n|-damage|p2b: Incineroar|54/100\n|faint|p2a: Meganium\n|move|p2b: Incineroar|Snarl|p1a: Farigiraf|[spread] p1a,p1b\n|-supereffective|p1a: Farigiraf|1\n|-damage|p1a: Farigiraf|81/100\n|-damage|p1b: Torkoal|85/100\n|-unboost|p1a: Farigiraf|spa|1\n|-unboost|p1b: Torkoal|spa|1\n|\n|-weather|SunnyDay|[upkeep]\n|-fieldend|move: Trick Room\n|upkeep\n|turn|6\n|\n|t:|1776480806\n|move|p2b: Incineroar|Snarl|p1b: Torkoal|[spread] p1a,p1b\n|-supereffective|p1a: Farigiraf|1\n|-damage|p1a: Farigiraf|63/100\n|-damage|p1b: Torkoal|71/100\n|-unboost|p1a: Farigiraf|spa|1\n|-unboost|p1b: Torkoal|spa|1\n|move|p1a: Farigiraf|Hyper Voice|p2b: Incineroar\n|-damage|p2b: Incineroar|42/100\n|-enditem|p2b: Incineroar|Sitrus Berry|[eat]\n|-heal|p2b: Incineroar|66/100|[from] item: Sitrus Berry\n|move|p1b: Torkoal|Weather Ball|p2b: Incineroar\n|-resisted|p2b: Incineroar|1\n|-damage|p2b: Incineroar|51/100\n|\n|-weather|SunnyDay|[upkeep]\n|upkeep\n|turn|7\n|\n|t:|1776480827\n|move|p1b: Torkoal|Protect|p1b: Torkoal\n|-singleturn|p1b: Torkoal|Protect\n|move|p2b: Incineroar|Snarl|p1b: Torkoal|[spread] p1a\n|-activate|p1b: Torkoal|move: Protect\n|-supereffective|p1a: Farigiraf|1\n|-damage|p1a: Farigiraf|44/100\n|-unboost|p1a: Farigiraf|spa|1\n|-enditem|p1a: Farigiraf|Sitrus Berry|[eat]\n|-heal|p1a: Farigiraf|69/100|[from] item: Sitrus Berry\n|move|p1a: Farigiraf|Hyper Voice|p2b: Incineroar\n|-damage|p2b: Incineroar|40/100\n|\n|-weather|none\n|upkeep\n|turn|8\n|\n|t:|1776480846\n|move|p1a: Farigiraf|Helping Hand|p1b: Torkoal\n|-singleturn|p1b: Torkoal|Helping Hand|[of] p1a: Farigiraf\n|move|p2b: Incineroar|Snarl|p1b: Torkoal|[spread] p1a,p1b\n|-supereffective|p1a: Farigiraf|1\n|-damage|p1a: Farigiraf|49/100\n|-damage|p1b: Torkoal|58/100\n|-unboost|p1a: Farigiraf|spa|1\n|-unboost|p1b: Torkoal|spa|1\n|move|p1b: Torkoal|Heat Wave|p2b: Incineroar\n|-resisted|p2b: Incineroar|1\n|-damage|p2b: Incineroar|29/100\n|\n|upkeep\n|turn|9\n|\n|t:|1776480858\n|move|p1a: Farigiraf|Helping Hand|p1b: Torkoal\n|-singleturn|p1b: Torkoal|Helping Hand|[of] p1a: Farigiraf\n|move|p2b: Incineroar|Snarl|p1a: Farigiraf|[spread] p1a,p1b\n|-supereffective|p1a: Farigiraf|1\n|-damage|p1a: Farigiraf|30/100\n|-damage|p1b: Torkoal|44/100\n|-unboost|p1a: Farigiraf|spa|1\n|-unboost|p1b: Torkoal|spa|1\n|move|p1b: Torkoal|Heat Wave|p2b: Incineroar\n|-resisted|p2b: Incineroar|1\n|-damage|p2b: Incineroar|19/100\n|\n|upkeep\n|turn|10\n|\n|t:|1776480871\n|move|p1a: Farigiraf|Helping Hand|p1b: Torkoal\n|-singleturn|p1b: Torkoal|Helping Hand|[of] p1a: Farigiraf\n|move|p2b: Incineroar|Snarl|p1b: Torkoal|[spread] p1a,p1b\n|-supereffective|p1a: Farigiraf|1\n|-damage|p1a: Farigiraf|12/100\n|-damage|p1b: Torkoal|28/100\n|-unboost|p1a: Farigiraf|spa|1\n|-unboost|p1b: Torkoal|spa|1\n|move|p1b: Torkoal|Eruption|p2b: Incineroar\n|-resisted|p2b: Incineroar|1\n|-damage|p2b: Incineroar|16/100\n|\n|upkeep\n|turn|11\n|\n|t:|1776480888\n|move|p1a: Farigiraf|Helping Hand|p1b: Torkoal\n|-singleturn|p1b: Torkoal|Helping Hand|[of] p1a: Farigiraf\n|move|p2b: Incineroar|Snarl|p1a: Farigiraf|[spread] p1a,p1b\n|-supereffective|p1a: Farigiraf|1\n|-damage|p1a: Farigiraf|0 fnt\n|-damage|p1b: Torkoal|13/100\n|-unboost|p1b: Torkoal|spa|1\n|faint|p1a: Farigiraf\n|move|p1b: Torkoal|Heat Wave|p2b: Incineroar\n|-resisted|p2b: Incineroar|1\n|-damage|p2b: Incineroar|9/100\n|\n|upkeep\n|turn|12\n|\n|t:|1776480900\n|move|p1b: Torkoal|Protect|p1b: Torkoal\n|-singleturn|p1b: Torkoal|Protect\n|move|p2b: Incineroar|Snarl|p1b: Torkoal\n|-activate|p1b: Torkoal|move: Protect\n|\n|upkeep\n|turn|13\n|\n|t:|1776480907\n|move|p2b: Incineroar|Snarl|p1b: Torkoal\n|-damage|p1b: Torkoal|0 fnt\n|faint|p1b: Torkoal\n|\n|win|Wulfo\n|raw|aukrizm's rating: 1062 &rarr; <strong>1044</strong><br />(-18 for losing)\n|raw|Wulfo's rating: 1080 &rarr; <strong>1107</strong><br />(+27 for winning)\n|c|\u2606Wulfo|damn\n|l| k1mins\n",
  "uploadtime": 1776480922,
  "views": 21,
  "formatid": "gen9championsvgc2026regma",
  "rating": 1044,
  "private": 0,
  "password": null
}