{
  "id": "gen9championsvgc2026regma-2583715363",
  "format": "[Gen 9 Champions] VGC 2026 Reg M-A",
  "players": [
    "chrispygreens",
    "rugzv"
  ],
  "log": "|j|\u2606chrispygreens\n|j|\u203drugzv\n|t:|1776192807\n|gametype|doubles\n|player|p1|chrispygreens|palmer|1096\n|player|p2|rugzv|gentleman-gen4|1000\n|gen|9\n|tier|[Gen 9 Champions] VGC 2026 Reg M-A\n|rated|\n|rule|Species Clause: Limit one of each Pok\u00e9mon\n|rule|Item Clause: Limit 1 of each item\n|clearpoke\n|poke|p1|Tyranitar, L50, F|\n|poke|p1|Garchomp, L50, M|\n|poke|p1|Arcanine-Hisui, L50, F|\n|poke|p1|Charizard, L50, M|\n|poke|p1|Scizor, L50, M|\n|poke|p1|Sinistcha, L50|\n|poke|p2|Altaria, L50, M|\n|poke|p2|Meowscarada, L50, M|\n|poke|p2|Abomasnow, L50, F|\n|poke|p2|Aegislash, L50, M|\n|poke|p2|Aerodactyl, L50, M|\n|poke|p2|Ampharos, L50, F|\n|teampreview|4\n|inactive|Battle timer is ON: inactive players will automatically lose when time's up. (requested by rugzv)\n|\n|t:|1776192823\n|teamsize|p1|4\n|teamsize|p2|4\n|start\n|switch|p1a: Tyranitar|Tyranitar, L50, F|100/100\n|switch|p1b: Garchomp|Garchomp, L50, M|100/100\n|switch|p2a: Altaria|Altaria, L50, M|100/100\n|switch|p2b: Meowscarada|Meowscarada, L50, M|100/100\n|-ability|p2a: Altaria|Cloud Nine\n|-weather|Sandstorm|[from] ability: Sand Stream|[of] p1a: Tyranitar\n|turn|1\n|\n|t:|1776192844\n|switch|p1b: Arcanine|Arcanine-Hisui, L50, F|100/100\n|-ability|p1b: Arcanine|Intimidate|boost\n|-unboost|p2a: Altaria|atk|1\n|-unboost|p2b: Meowscarada|atk|1\n|-enditem|p2a: Altaria|White Herb\n|-clearnegativeboost|p2a: Altaria|[silent]\n|move|p1a: Tyranitar|Protect|p1a: Tyranitar\n|-singleturn|p1a: Tyranitar|Protect\n|move|p2b: Meowscarada|Trick||[still]\n|-start|p2b: Meowscarada|typechange|Psychic|[from] ability: Protean\n|-fail|p2b: Meowscarada\n|move|p2a: Altaria|Cotton Guard|p2a: Altaria\n|-boost|p2a: Altaria|def|3\n|\n|-weather|Sandstorm|[upkeep]\n|upkeep\n|turn|2\n|inactive|rugzv has 30 seconds left.\n|inactive|rugzv has 20 seconds left.\n|\n|t:|1776192883\n|move|p2b: Meowscarada|Knock Off|p1b: Arcanine\n|-damage|p1b: Arcanine|81/100\n|-enditem|p1b: Arcanine|Lum Berry|[from] move: Knock Off|[of] p2b: Meowscarada\n|move|p1b: Arcanine|Smack Down|p2a: Altaria\n|-supereffective|p2a: Altaria|1\n|-damage|p2a: Altaria|81/100\n|-start|p2a: Altaria|Smack Down\n|move|p2a: Altaria|Dragon Pulse|p1a: Tyranitar\n|-damage|p1a: Tyranitar|84/100\n|move|p1a: Tyranitar|Knock Off|p2b: Meowscarada\n|-supereffective|p2b: Meowscarada|1\n|-damage|p2b: Meowscarada|0 fnt\n|-enditem|p2b: Meowscarada|Altarianite|[from] move: Knock Off|[of] p1a: Tyranitar\n|faint|p2b: Meowscarada\n|\n|-weather|Sandstorm|[upkeep]\n|-heal|p1a: Tyranitar|90/100|[from] item: Leftovers\n|upkeep\n|\n|t:|1776192902\n|switch|p2b: Abomasnow|Abomasnow, L50, F|100/100\n|-weather|Snowscape|[from] ability: Snow Warning|[of] p2b: Abomasnow\n|turn|3\n|\n|t:|1776192917\n|move|p2b: Abomasnow|Earth Power|p1a: Tyranitar\n|-supereffective|p1a: Tyranitar|1\n|-damage|p1a: Tyranitar|54/100\n|move|p1b: Arcanine|Raging Fury|p2b: Abomasnow\n|-supereffective|p2b: Abomasnow|2\n|-damage|p2b: Abomasnow|0 fnt\n|faint|p2b: Abomasnow\n|move|p2a: Altaria|Cotton Guard|p2a: Altaria\n|-boost|p2a: Altaria|def|3\n|move|p1a: Tyranitar|Rock Slide|p2a: Altaria\n|-supereffective|p2a: Altaria|1\n|-damage|p2a: Altaria|63/100\n|\n|-weather|Snowscape|[upkeep]\n|-heal|p1a: Tyranitar|60/100|[from] item: Leftovers\n|upkeep\n|\n|t:|1776192934\n|switch|p2b: Aerodactyl|Aerodactyl, L50, M|100/100\n|turn|4\n|\n|t:|1776192957\n|move|p2b: Aerodactyl|Agility|p2b: Aerodactyl\n|-boost|p2b: Aerodactyl|spe|2\n|move|p1b: Arcanine|Raging Fury|p2a: Altaria|[from] lockedmove\n|-resisted|p2a: Altaria|1\n|-damage|p2a: Altaria|55/100\n|move|p2a: Altaria|Dragon Pulse|p2b: Aerodactyl\n|-damage|p2b: Aerodactyl|67/100\n|move|p1a: Tyranitar|Rock Slide|p2a: Altaria|[spread] p2a,p2b\n|-supereffective|p2a: Altaria|1\n|-supereffective|p2b: Aerodactyl|1\n|-crit|p2b: Aerodactyl\n|-damage|p2a: Altaria|41/100\n|-damage|p2b: Aerodactyl|0 fnt\n|faint|p2b: Aerodactyl\n|\n|-weather|Snowscape|[upkeep]\n|-heal|p1a: Tyranitar|66/100|[from] item: Leftovers\n|upkeep\n|turn|5\n|\n|t:|1776192978\n|move|p1b: Arcanine|Raging Fury|p2a: Altaria|[from] lockedmove\n|-resisted|p2a: Altaria|1\n|-damage|p2a: Altaria|35/100\n|-start|p1b: Arcanine|confusion|[fatigue]\n|move|p2a: Altaria|Dragon Pulse|p1a: Tyranitar\n|-damage|p1a: Tyranitar|50/100\n|move|p1a: Tyranitar|Substitute|p1a: Tyranitar\n|-start|p1a: Tyranitar|Substitute\n|-damage|p1a: Tyranitar|25/100\n|\n|-weather|Snowscape|[upkeep]\n|-heal|p1a: Tyranitar|31/100|[from] item: Leftovers\n|upkeep\n|turn|6\n|\n|t:|1776192993\n|switch|p1b: Garchomp|Garchomp, L50, M|100/100\n|move|p1a: Tyranitar|Protect|p1a: Tyranitar\n|-singleturn|p1a: Tyranitar|Protect\n|move|p2a: Altaria|Hyper Voice|p1b: Garchomp|[spread] p1b\n|-activate|p1a: Tyranitar|move: Protect\n|-damage|p1b: Garchomp|87/100\n|\n|-weather|Snowscape|[upkeep]\n|-heal|p1a: Tyranitar|37/100|[from] item: Leftovers\n|upkeep\n|turn|7\n|\n|t:|1776193007\n|move|p1b: Garchomp|Dragon Claw|p2a: Altaria\n|-supereffective|p2a: Altaria|1\n|-damage|p2a: Altaria|11/100\n|move|p2a: Altaria|Dragon Pulse|p1b: Garchomp\n|-supereffective|p1b: Garchomp|1\n|-damage|p1b: Garchomp|34/100\n|move|p1a: Tyranitar|Rock Slide|p2a: Altaria\n|-supereffective|p2a: Altaria|1\n|-damage|p2a: Altaria|0 fnt\n|faint|p2a: Altaria\n|\n|win|chrispygreens\n|raw|chrispygreens's rating: 1096 &rarr; <strong>1115</strong><br />(+19 for winning)\n|raw|rugzv's rating: 1000 &rarr; <strong>1000</strong><br />(+0 for losing)\n|l|\u203drugzv\n|player|p2|\n",
  "uploadtime": 1776193020,
  "views": 15,
  "formatid": "gen9championsvgc2026regma",
  "rating": 1000,
  "private": 0,
  "password": null
}