{
  "id": "gen9championsvgc2026regma-2586917166",
  "format": "[Gen 9 Champions] VGC 2026 Reg M-A",
  "players": [
    "Slayer_Trainer",
    "Wo-Chien<3"
  ],
  "log": "|j|\u2606Slayer_Trainer\n|j|\u2606Wo-Chien<3\n|t:|1776471596\n|gametype|doubles\n|player|p1|Slayer_Trainer|1|1068\n|player|p2|Wo-Chien<3|miku-ground|1135\n|gen|9\n|tier|[Gen 9 Champions] VGC 2026 Reg M-A\n|rated|\n|rule|Species Clause: Limit one of each Pok\u00e9mon\n|rule|Item Clause: Limit 1 of each item\n|clearpoke\n|poke|p1|Jolteon, L50, F|\n|poke|p1|Manectric, L50, F|\n|poke|p1|Aegislash, L50, F|\n|poke|p1|Sinistcha, L50|\n|poke|p1|Alcremie, L50, F|\n|poke|p1|Emboar, L50, F|\n|poke|p2|Froslass, L50, F|\n|poke|p2|Rotom-Frost, L50|\n|poke|p2|Sneasler, L50, M|\n|poke|p2|Kingambit, L50, M|\n|poke|p2|Garchomp, L50, M|\n|poke|p2|Aerodactyl, L50, M|\n|teampreview|4\n|\n|t:|1776471626\n|teamsize|p1|4\n|teamsize|p2|4\n|start\n|switch|p1a: Aegislash|Aegislash, L50, F|100/100\n|switch|p1b: Jolteon|Jolteon, L50, F|100/100\n|switch|p2a: Rotom|Rotom-Frost, L50|100/100\n|switch|p2b: Froslass|Froslass, L50, F|100/100\n|turn|1\n|\n|t:|1776471652\n|detailschange|p2b: Froslass|Froslass-Mega, L50, F\n|-mega|p2b: Froslass|Froslass|Froslassite\n|-weather|Snowscape|[from] ability: Snow Warning|[of] p2b: Froslass\n|move|p2b: Froslass|Protect|p2b: Froslass\n|-singleturn|p2b: Froslass|Protect\n|move|p1a: Aegislash|King's Shield|p1a: Aegislash\n|-singleturn|p1a: Aegislash|Protect\n|move|p2a: Rotom|Blizzard|p1b: Jolteon|[spread] p1b\n|-activate|p1a: Aegislash|move: Protect\n|-damage|p1b: Jolteon|54/100\n|move|p1b: Jolteon|Discharge|p2a: Rotom|[spread] p2a\n|-activate|p1a: Aegislash|move: Protect\n|-activate|p2b: Froslass|move: Protect\n|-resisted|p2a: Rotom|1\n|-damage|p2a: Rotom|79/100\n|\n|-weather|Snowscape|[upkeep]\n|upkeep\n|turn|2\n|\n|t:|1776471686\n|switch|p2b: Garchomp|Garchomp, L50, M|100/100\n|move|p2a: Rotom|Blizzard|p1a: Aegislash|[spread] p1a,p1b\n|-resisted|p1a: Aegislash|1\n|-damage|p1a: Aegislash|83/100\n|-damage|p1b: Jolteon|5/100\n|move|p1b: Jolteon|Alluring Voice|p2b: Garchomp\n|-supereffective|p2b: Garchomp|1\n|-damage|p2b: Garchomp|47/100\n|move|p1a: Aegislash|Swords Dance|p1a: Aegislash\n|-boost|p1a: Aegislash|atk|2\n|\n|-weather|Snowscape|[upkeep]\n|upkeep\n|turn|3\n|\n|t:|1776471713\n|move|p1a: Aegislash|King's Shield|p1a: Aegislash\n|-singleturn|p1a: Aegislash|Protect\n|move|p2a: Rotom|Blizzard|p1a: Aegislash|[spread] p1b\n|-activate|p1a: Aegislash|move: Protect\n|-damage|p1b: Jolteon|0 fnt\n|faint|p1b: Jolteon\n|move|p2b: Garchomp|Earthquake|p1a: Aegislash|[spread] \n|-activate|p1a: Aegislash|move: Protect\n|-immune|p2a: Rotom|[from] ability: Levitate\n|\n|-weather|Snowscape|[upkeep]\n|upkeep\n|\n|t:|1776471734\n|switch|p1b: Emboar|Emboar, L50, F|100/100\n|turn|4\n|\n|t:|1776471755\n|detailschange|p1b: Emboar|Emboar-Mega, L50, F\n|-mega|p1b: Emboar|Emboar|Emboarite\n|-ability|p1b: Emboar|Mold Breaker\n|move|p1b: Emboar|Sucker Punch|p2b: Garchomp\n|-damage|p2b: Garchomp|26/100\n|-damage|p1b: Emboar|88/100|[from] ability: Rough Skin|[of] p2b: Garchomp\n|-formechange|p1a: Aegislash|Aegislash-Blade|\n|move|p1a: Aegislash|Shadow Sneak|p2b: Garchomp\n|-damage|p2b: Garchomp|0 fnt\n|-damage|p1a: Aegislash|72/100|[from] ability: Rough Skin|[of] p2b: Garchomp\n|faint|p2b: Garchomp\n|move|p2a: Rotom|Blizzard|p1b: Emboar|[spread] p1a,p1b\n|-resisted|p1a: Aegislash|1\n|-resisted|p1b: Emboar|1\n|-damage|p1a: Aegislash|43/100\n|-damage|p1b: Emboar|76/100\n|\n|-weather|Snowscape|[upkeep]\n|upkeep\n|\n|t:|1776471772\n|switch|p2b: Aerodactyl|Aerodactyl, L50, M|100/100\n|-ability|p2b: Aerodactyl|Unnerve\n|turn|5\n|l|\u2606Slayer_Trainer\n|player|p1|\n|j|\u2606Slayer_Trainer\n|player|p1|Slayer_Trainer|1|\n|\n|t:|1776471811\n|-formechange|p1a: Aegislash|Aegislash|\n|move|p1a: Aegislash|King's Shield|p1a: Aegislash\n|-singleturn|p1a: Aegislash|Protect\n|move|p2a: Rotom|Blizzard|p1a: Aegislash|[spread] p1b\n|-activate|p1a: Aegislash|move: Protect\n|-resisted|p1b: Emboar|1\n|-crit|p1b: Emboar\n|-damage|p1b: Emboar|57/100\n|move|p2b: Aerodactyl|Dual Wingbeat|p1b: Emboar\n|-supereffective|p1b: Emboar|1\n|-damage|p1b: Emboar|28/100\n|-supereffective|p1b: Emboar|1\n|-damage|p1b: Emboar|0 fnt\n|faint|p1b: Emboar\n|-hitcount|p1: Emboar|2\n|\n|-weather|none\n|upkeep\n|\n|t:|1776471835\n|switch|p1b: Alcremie|Alcremie, L50, F|100/100\n|turn|6\n|\n|t:|1776471858\n|switch|p2a: Froslass|Froslass-Mega, L50, F|100/100\n|-weather|Snowscape|[from] ability: Snow Warning|[of] p2a: Froslass\n|move|p2b: Aerodactyl|Dual Wingbeat|p1b: Alcremie\n|-damage|p1b: Alcremie|77/100\n|-damage|p1b: Alcremie|55/100\n|-hitcount|p1b: Alcremie|2\n|move|p1b: Alcremie|Tri Attack|p2a: Froslass\n|-immune|p2a: Froslass\n|-formechange|p1a: Aegislash|Aegislash-Blade|\n|move|p1a: Aegislash|Sacred Sword|p2a: Froslass\n|-immune|p2a: Froslass\n|\n|-weather|Snowscape|[upkeep]\n|upkeep\n|turn|7\n|\n|t:|1776471884\n|move|p2a: Froslass|Protect|p2a: Froslass\n|-singleturn|p2a: Froslass|Protect\n|move|p1a: Aegislash|Shadow Sneak|p2a: Froslass\n|-activate|p2a: Froslass|move: Protect\n|move|p2b: Aerodactyl|Dual Wingbeat|p1b: Alcremie\n|-damage|p1b: Alcremie|33/100\n|-damage|p1b: Alcremie|12/100\n|-hitcount|p1b: Alcremie|2\n|move|p1b: Alcremie|Tri Attack|p2b: Aerodactyl\n|-resisted|p2b: Aerodactyl|1\n|-damage|p2b: Aerodactyl|85/100\n|\n|-weather|Snowscape|[upkeep]\n|upkeep\n|turn|8\n|\n|t:|1776471904\n|move|p1a: Aegislash|Shadow Sneak|p2a: Froslass\n|-supereffective|p2a: Froslass|1\n|-damage|p2a: Froslass|0 fnt\n|faint|p2a: Froslass\n|move|p2b: Aerodactyl|Rock Slide|p1a: Aegislash|[spread] p1a,p1b\n|-resisted|p1a: Aegislash|1\n|-damage|p1a: Aegislash|12/100\n|-damage|p1b: Alcremie|0 fnt\n|faint|p1b: Alcremie\n|\n|-weather|Snowscape|[upkeep]\n|upkeep\n|\n|t:|1776471910\n|switch|p2a: Rotom|Rotom-Frost, L50|79/100\n|turn|9\n|\n|t:|1776471919\n|move|p2a: Rotom|Thunderbolt|p1a: Aegislash\n|-damage|p1a: Aegislash|0 fnt\n|faint|p1a: Aegislash\n|\n|win|Wo-Chien<3\n|raw|Slayer_Trainer's rating: 1068 &rarr; <strong>1052</strong><br />(-16 for losing)\n|raw|Wo-Chien&lt;3's rating: 1135 &rarr; <strong>1155</strong><br />(+20 for winning)\n",
  "uploadtime": 1776471921,
  "views": 18,
  "formatid": "gen9championsvgc2026regma",
  "rating": 1052,
  "private": 0,
  "password": null
}