{
  "id": "gen9championsvgc2026regma-2583979382",
  "format": "[Gen 9 Champions] VGC 2026 Reg M-A",
  "players": [
    "lakeandbake",
    "michzy49"
  ],
  "log": "|j|\u203dlakeandbake\n|j|\u2606michzy49\n|t:|1776213720\n|gametype|doubles\n|player|p1|lakeandbake|iono-masters|1126\n|player|p2|michzy49|169|1200\n|gen|9\n|tier|[Gen 9 Champions] VGC 2026 Reg M-A\n|rated|\n|rule|Species Clause: Limit one of each Pok\u00e9mon\n|rule|Item Clause: Limit 1 of each item\n|clearpoke\n|poke|p1|Sneasler, L50, F|\n|poke|p1|Meganium, L50, F|\n|poke|p1|Excadrill, L50, F|\n|poke|p1|Tyranitar, L50, F|\n|poke|p1|Dragapult, L50, M|\n|poke|p1|Rotom-Wash, L50|\n|poke|p2|Delphox, L50, F|\n|poke|p2|Tauros-Paldea-Aqua, L50, M|\n|poke|p2|Clefable, L50, M|\n|poke|p2|Garchomp, L50, F|\n|poke|p2|Hydreigon, L50, F|\n|poke|p2|Aegislash, L50, M|\n|teampreview|4\n|inactive|Battle timer is ON: inactive players will automatically lose when time's up. (requested by lakeandbake)\n|\n|t:|1776213746\n|teamsize|p1|4\n|teamsize|p2|4\n|start\n|switch|p1a: Tyranitar|Tyranitar, L50, F|100/100\n|switch|p1b: Excadrill|Excadrill, L50, F|100/100\n|switch|p2a: Garchomp|Garchomp, L50, F|100/100\n|switch|p2b: Tauros|Tauros-Paldea-Aqua, L50, M|100/100\n|-ability|p2b: Tauros|Intimidate|boost\n|-unboost|p1a: Tyranitar|atk|1\n|-unboost|p1b: Excadrill|atk|1\n|-weather|Sandstorm|[from] ability: Sand Stream|[of] p1a: Tyranitar\n|turn|1\n|inactive|lakeandbake has 30 seconds left.\n|inactive|lakeandbake has 20 seconds left.\n|inactive|lakeandbake has 15 seconds left.\n|inactive|lakeandbake has 10 seconds left.\n|inactive|lakeandbake has 5 seconds left.\n|\n|t:|1776213799\n|move|p1b: Excadrill|Protect|p1b: Excadrill\n|-singleturn|p1b: Excadrill|Protect\n|move|p2b: Tauros|Aqua Jet|p1b: Excadrill\n|-activate|p1b: Excadrill|move: Protect\n|move|p2a: Garchomp|Swords Dance|p2a: Garchomp\n|-boost|p2a: Garchomp|atk|2\n|move|p1a: Tyranitar|Ice Punch|p2a: Garchomp\n|-supereffective|p2a: Garchomp|2\n|-damage|p2a: Garchomp|12/100\n|-damage|p1a: Tyranitar|88/100|[from] ability: Rough Skin|[of] p2a: Garchomp\n|\n|-weather|Sandstorm|[upkeep]\n|-damage|p2b: Tauros|95/100|[from] Sandstorm\n|upkeep\n|turn|2\n|inactive|lakeandbake has 30 seconds left.\n|\n|t:|1776213832\n|move|p1a: Tyranitar|Protect|p1a: Tyranitar\n|-singleturn|p1a: Tyranitar|Protect\n|move|p2b: Tauros|Aqua Jet|p1b: Excadrill\n|-supereffective|p1b: Excadrill|1\n|-damage|p1b: Excadrill|45/100\n|move|p1b: Excadrill|Earthquake|p2a: Garchomp|[spread] p2a,p2b\n|-activate|p1a: Tyranitar|move: Protect\n|-damage|p2a: Garchomp|0 fnt\n|-damage|p2b: Tauros|65/100\n|faint|p2a: Garchomp\n|\n|-weather|Sandstorm|[upkeep]\n|-damage|p2b: Tauros|59/100|[from] Sandstorm\n|upkeep\n|\n|t:|1776213845\n|switch|p2a: Aegislash|Aegislash, L50, M|100/100\n|turn|3\n|\n|t:|1776213855\n|switch|p1b: Meganium|Meganium, L50, F|100/100\n|move|p2a: Aegislash|King's Shield|p2a: Aegislash\n|-singleturn|p2a: Aegislash|Protect\n|move|p2b: Tauros|Aqua Jet|p1b: Meganium\n|-resisted|p1b: Meganium|1\n|-damage|p1b: Meganium|92/100\n|move|p1a: Tyranitar|Knock Off|p2a: Aegislash\n|-activate|p2a: Aegislash|move: Protect\n|-unboost|p1a: Tyranitar|atk|1\n|\n|-weather|Sandstorm|[upkeep]\n|-damage|p2b: Tauros|53/100|[from] Sandstorm\n|-damage|p1b: Meganium|86/100|[from] Sandstorm\n|upkeep\n|turn|4\n|\n|t:|1776213875\n|switch|p1a: Excadrill|Excadrill, L50, F|45/100\n|detailschange|p1b: Meganium|Meganium-Mega, L50, F\n|-mega|p1b: Meganium|Meganium|Meganiumite\n|move|p2b: Tauros|Aqua Jet|p1a: Excadrill\n|-supereffective|p1a: Excadrill|1\n|-damage|p1a: Excadrill|0 fnt\n|faint|p1a: Excadrill\n|move|p1b: Meganium|Weather Ball|p2a: Aegislash\n|-supereffective|p2a: Aegislash|1\n|-damage|p2a: Aegislash|0 fnt\n|faint|p2a: Aegislash\n|\n|-weather|Sandstorm|[upkeep]\n|-damage|p2b: Tauros|47/100|[from] Sandstorm\n|-damage|p1b: Meganium|80/100|[from] Sandstorm\n|upkeep\n|\n|t:|1776213888\n|switch|p1a: Sneasler|Sneasler, L50, F|100/100\n|switch|p2a: Delphox|Delphox, L50, F|100/100\n|turn|5\n|\n|t:|1776213913\n|detailschange|p2a: Delphox|Delphox-Mega, L50, F\n|-mega|p2a: Delphox|Delphox|Delphoxite\n|move|p1a: Sneasler|Fake Out|p2a: Delphox\n|-damage|p2a: Delphox|81/100\n|move|p2b: Tauros|Aqua Jet|p1a: Sneasler\n|-damage|p1a: Sneasler|75/100\n|cant|p2a: Delphox|flinch\n|move|p1b: Meganium|Dazzling Gleam|p2b: Tauros|[spread] p2a,p2b\n|-resisted|p2a: Delphox|1\n|-supereffective|p2b: Tauros|1\n|-damage|p2a: Delphox|62/100\n|-damage|p2b: Tauros|0 fnt\n|faint|p2b: Tauros\n|\n|-weather|none\n|upkeep\n|turn|6\n|\n|t:|1776213929\n|move|p2a: Delphox|Heat Wave|p1a: Sneasler|[spread] p1a,p1b\n|-supereffective|p1b: Meganium|1\n|-damage|p1a: Sneasler|25/100\n|-damage|p1b: Meganium|6/100\n|move|p1a: Sneasler|Dire Claw|p2a: Delphox\n|-damage|p2a: Delphox|4/100\n|-status|p2a: Delphox|psn\n|move|p1b: Meganium|Weather Ball|p2a: Delphox\n|-resisted|p2a: Delphox|1\n|-damage|p2a: Delphox|0 fnt\n|faint|p2a: Delphox\n|\n|win|lakeandbake\n|raw|lakeandbake's rating: 1126 &rarr; <strong>1156</strong><br />(+30 for winning)\n|raw|michzy49's rating: 1200 &rarr; <strong>1170</strong><br />(-30 for losing)\n",
  "uploadtime": 1776213930,
  "views": 15,
  "formatid": "gen9championsvgc2026regma",
  "rating": 1156,
  "private": 0,
  "password": null
}