{
  "id": "gen9championsvgc2026regma-2584030792",
  "format": "[Gen 9 Champions] VGC 2026 Reg M-A",
  "players": [
    "hyunbelievable",
    "riku797vgc5"
  ],
  "log": "|j|\u2606hyunbelievable\n|j|\u2606riku797vgc5\n|t:|1776218375\n|gametype|doubles\n|player|p1|hyunbelievable|guzma|1136\n|player|p2|riku797vgc5|169|1102\n|gen|9\n|tier|[Gen 9 Champions] VGC 2026 Reg M-A\n|rated|\n|rule|Species Clause: Limit one of each Pok\u00e9mon\n|rule|Item Clause: Limit 1 of each item\n|clearpoke\n|poke|p1|Blastoise, L50, F|\n|poke|p1|Sinistcha, L50|\n|poke|p1|Liepard, L50, F|\n|poke|p1|Aerodactyl, L50, M|\n|poke|p1|Sneasler, L50, F|\n|poke|p1|Farigiraf, L50, M|\n|poke|p2|Meganium, L50, M|\n|poke|p2|Tyranitar, L50, F|\n|poke|p2|Excadrill, L50, F|\n|poke|p2|Incineroar, L50, F|\n|poke|p2|Basculegion, L50, M|\n|poke|p2|Pelipper, L50, F|\n|teampreview|4\n|\n|t:|1776218411\n|teamsize|p1|4\n|teamsize|p2|4\n|start\n|switch|p1a: WATERFALL GIANT|Blastoise, L50, F|100/100\n|switch|p1b: KNOWLEDGE DEMON|Sneasler, L50, F|100/100\n|switch|p2a: Incineroar|Incineroar, L50, F|100/100\n|switch|p2b: Tyranitar|Tyranitar, L50, F|100/100\n|-weather|Sandstorm|[from] ability: Sand Stream|[of] p2b: Tyranitar\n|-ability|p2a: Incineroar|Intimidate|boost\n|-unboost|p1a: WATERFALL GIANT|atk|1\n|-unboost|p1b: KNOWLEDGE DEMON|atk|1\n|turn|1\n|\n|t:|1776218431\n|detailschange|p1a: WATERFALL GIANT|Blastoise-Mega, L50, F\n|-mega|p1a: WATERFALL GIANT|Blastoise|Blastoisinite\n|move|p2b: Tyranitar|Protect|p2b: Tyranitar\n|-singleturn|p2b: Tyranitar|Protect\n|move|p1b: KNOWLEDGE DEMON|Fake Out|p2a: Incineroar\n|-damage|p2a: Incineroar|93/100\n|move|p1a: WATERFALL GIANT|Water Spout|p2a: Incineroar|[spread] p2a\n|-activate|p2b: Tyranitar|move: Protect\n|-supereffective|p2a: Incineroar|1\n|-damage|p2a: Incineroar|0 fnt\n|faint|p2a: Incineroar\n|\n|-weather|Sandstorm|[upkeep]\n|-damage|p1b: KNOWLEDGE DEMON|95/100|[from] Sandstorm\n|-damage|p1a: WATERFALL GIANT|95/100|[from] Sandstorm\n|upkeep\n|\n|t:|1776218441\n|switch|p2a: Excadrill|Excadrill, L50, F|100/100\n|turn|2\n|\n|t:|1776218458\n|switch|p1b: VANTOM|Liepard, L50, F|100/100\n|move|p2a: Excadrill|High Horsepower|p1a: WATERFALL GIANT\n|-damage|p1a: WATERFALL GIANT|48/100\n|move|p2b: Tyranitar|Rock Slide|p1b: VANTOM|[spread] p1a,p1b\n|-damage|p1a: WATERFALL GIANT|23/100\n|-damage|p1b: VANTOM|58/100\n|move|p1a: WATERFALL GIANT|Aura Sphere|p2a: Excadrill\n|-supereffective|p2a: Excadrill|1\n|-enditem|p2a: Excadrill|Focus Sash\n|-damage|p2a: Excadrill|1/100\n|\n|-weather|Sandstorm|[upkeep]\n|-damage|p1b: VANTOM|53/100|[from] Sandstorm\n|-damage|p1a: WATERFALL GIANT|18/100|[from] Sandstorm\n|upkeep\n|turn|3\n|\n|t:|1776218472\n|move|p2a: Excadrill|Protect|p2a: Excadrill\n|-singleturn|p2a: Excadrill|Protect\n|move|p2b: Tyranitar|Protect|p2b: Tyranitar\n|-singleturn|p2b: Tyranitar|Protect\n|move|p1b: VANTOM|Fake Out|p2a: Excadrill\n|-activate|p2a: Excadrill|move: Protect\n|move|p1a: WATERFALL GIANT|Aura Sphere|p2b: Tyranitar\n|-activate|p2b: Tyranitar|move: Protect\n|\n|-weather|Sandstorm|[upkeep]\n|-damage|p1b: VANTOM|47/100|[from] Sandstorm\n|-damage|p1a: WATERFALL GIANT|12/100|[from] Sandstorm\n|upkeep\n|turn|4\n|\n|t:|1776218492\n|switch|p1a: THE KIN|Sinistcha, L50|100/100\n|-heal|p1b: VANTOM|71/100|[from] ability: Hospitality|[of] p1a: THE KIN\n|move|p1b: VANTOM|Rain Dance|p1b: VANTOM\n|-weather|RainDance\n|move|p2a: Excadrill|Rock Slide|p1a: THE KIN|[spread] p1a,p1b\n|-damage|p1a: THE KIN|78/100\n|-damage|p1b: VANTOM|40/100\n|move|p2b: Tyranitar|Rock Slide|p1b: VANTOM|[spread] p1a,p1b\n|-damage|p1a: THE KIN|49/100\n|-damage|p1b: VANTOM|2/100\n|\n|-weather|RainDance|[upkeep]\n|upkeep\n|turn|5\n|\n|t:|1776218507\n|switch|p2b: Meganium|Meganium, L50, M|100/100\n|move|p2a: Excadrill|Protect|p2a: Excadrill\n|-singleturn|p2a: Excadrill|Protect\n|move|p1b: VANTOM|Snarl|p2a: Excadrill|[spread] p2b\n|-activate|p2a: Excadrill|move: Protect\n|-damage|p2b: Meganium|89/100\n|-unboost|p2b: Meganium|spa|1\n|move|p1a: THE KIN|Matcha Gotcha|p2a: Excadrill|[spread] p2b\n|-activate|p2a: Excadrill|move: Protect\n|-resisted|p2b: Meganium|1\n|-damage|p2b: Meganium|78/100\n|-heal|p1a: THE KIN|55/100|[from] drain|[of] p2b: Meganium\n|-status|p2b: Meganium|brn\n|\n|-weather|RainDance|[upkeep]\n|-damage|p2b: Meganium|73/100 brn|[from] brn\n|upkeep\n|turn|6\n|\n|t:|1776218523\n|switch|p2a: Tyranitar|Tyranitar, L50, F|100/100\n|-weather|Sandstorm|[from] ability: Sand Stream|[of] p2a: Tyranitar\n|detailschange|p2b: Meganium|Meganium-Mega, L50, M\n|-mega|p2b: Meganium|Meganium|Meganiumite\n|move|p1b: VANTOM|Snarl|p2a: Tyranitar|[spread] p2a,p2b\n|-resisted|p2a: Tyranitar|1\n|-resisted|p2b: Meganium|1\n|-damage|p2a: Tyranitar|96/100\n|-damage|p2b: Meganium|67/100 brn\n|-unboost|p2a: Tyranitar|spa|1\n|-unboost|p2b: Meganium|spa|1\n|move|p2b: Meganium|Weather Ball|p1b: VANTOM\n|-damage|p1b: VANTOM|0 fnt\n|faint|p1b: VANTOM\n|move|p1a: THE KIN|Matcha Gotcha|p2b: Meganium|[spread] p2a,p2b\n|-supereffective|p2a: Tyranitar|1\n|-resisted|p2b: Meganium|1\n|-damage|p2a: Tyranitar|61/100\n|-heal|p1a: THE KIN|72/100|[from] drain|[of] p2a: Tyranitar\n|-damage|p2b: Meganium|56/100 brn\n|-heal|p1a: THE KIN|78/100|[from] drain|[of] p2b: Meganium\n|-status|p2a: Tyranitar|brn\n|\n|-weather|Sandstorm|[upkeep]\n|-damage|p2b: Meganium|50/100 brn|[from] Sandstorm\n|-damage|p1a: THE KIN|72/100|[from] Sandstorm\n|-damage|p2a: Tyranitar|55/100 brn|[from] brn\n|-damage|p2b: Meganium|45/100 brn|[from] brn\n|upkeep\n|\n|t:|1776218534\n|switch|p1b: KNOWLEDGE DEMON|Sneasler, L50, F|95/100\n|turn|7\n|\n|t:|1776218556\n|switch|p2b: Excadrill|Excadrill, L50, F|1/100\n|move|p1b: KNOWLEDGE DEMON|Fake Out|p2a: Tyranitar\n|-resisted|p2a: Tyranitar|1\n|-damage|p2a: Tyranitar|48/100 brn\n|cant|p2a: Tyranitar|flinch\n|move|p1a: THE KIN|Matcha Gotcha|p2b: Excadrill|[spread] p2b\n|-miss|p1a: THE KIN|p2a: Tyranitar\n|-damage|p2b: Excadrill|0 fnt\n|-heal|p1a: THE KIN|72/100|[from] drain|[of] p2b: Excadrill\n|faint|p2b: Excadrill\n|\n|-weather|Sandstorm|[upkeep]\n|-damage|p1b: KNOWLEDGE DEMON|89/100|[from] Sandstorm\n|-damage|p1a: THE KIN|66/100|[from] Sandstorm\n|-damage|p2a: Tyranitar|42/100 brn|[from] brn\n|upkeep\n|\n|t:|1776218560\n|switch|p2b: Meganium|Meganium-Mega, L50, M|45/100 brn\n|turn|8\n|-message|riku797vgc5 forfeited.\n|\n|win|hyunbelievable\n|raw|hyunbelievable's rating: 1136 &rarr; <strong>1159</strong><br />(+23 for winning)\n|raw|riku797vgc5's rating: 1102 &rarr; <strong>1079</strong><br />(-23 for losing)\n|l|\u2606riku797vgc5\n|player|p2|\n",
  "uploadtime": 1776218569,
  "views": 21,
  "formatid": "gen9championsvgc2026regma",
  "rating": 1079,
  "private": 0,
  "password": null
}