{
  "id": "gen9championsvgc2026regma-2586010872",
  "format": "[Gen 9 Champions] VGC 2026 Reg M-A",
  "players": [
    "thunderchloeds",
    "Phillip Blevin"
  ],
  "log": "|j|\u2606thunderchloeds\n|j|\u2606Phillip Blevin\n|t:|1776390025\n|gametype|doubles\n|player|p1|thunderchloeds|dawn|1256\n|player|p2|Phillip Blevin|cynthia-masters4|1294\n|gen|9\n|tier|[Gen 9 Champions] VGC 2026 Reg M-A\n|rated|\n|rule|Species Clause: Limit one of each Pok\u00e9mon\n|rule|Item Clause: Limit 1 of each item\n|clearpoke\n|poke|p1|Pelipper, L50, F|\n|poke|p1|Archaludon, L50, F|\n|poke|p1|Basculegion, L50, M|\n|poke|p1|Blastoise, L50, M|\n|poke|p1|Farigiraf, L50, F|\n|poke|p1|Sneasler, L50, F|\n|poke|p2|Froslass, L50, F|\n|poke|p2|Corviknight, L50, M|\n|poke|p2|Sneasler, L50, M|\n|poke|p2|Rotom-Mow, L50|\n|poke|p2|Incineroar, L50, F|\n|poke|p2|Gyarados, L50, F|\n|teampreview|4\n|inactive|Battle timer is ON: inactive players will automatically lose when time's up. (requested by Phillip Blevin)\n|inactive|thunderchloeds also wants the timer to be on.\nPhillip Blevin has agreed to open team sheets.\n|inactive|Phillip Blevin has 60 seconds left.\n|\n|t:|1776390056\n|teamsize|p1|4\n|teamsize|p2|4\n|start\n|switch|p1a: Farigiraf|Farigiraf, L50, F|100/100\n|switch|p1b: Blastoise|Blastoise, L50, M|100/100\n|switch|p2a: Rotom|Rotom-Mow, L50|100/100\n|switch|p2b: Sneasler|Sneasler, L50, M|100/100\n|-ability|p2b: Sneasler|Pressure\n|turn|1\n|\n|t:|1776390068\n|move|p1b: Blastoise|Protect|p1b: Blastoise\n|-singleturn|p1b: Blastoise|Protect\n|move|p2a: Rotom|Trick|p1a: Farigiraf\n|-activate|p2a: Rotom|move: Trick|[of] p1a: Farigiraf\n|-item|p1a: Farigiraf|Choice Scarf|[from] move: Trick\n|-item|p2a: Rotom|Colbur Berry|[from] move: Trick\n|move|p2b: Sneasler|Dire Claw|p1a: Farigiraf\n|-damage|p1a: Farigiraf|60/100\n|move|p1a: Farigiraf|Trick Room|p1a: Farigiraf\n|-fieldstart|move: Trick Room|[of] p1a: Farigiraf\n|\n|upkeep\n|turn|2\n|inactive|thunderchloeds has 30 seconds left.\n|\n|t:|1776390094\n|switch|p1a: Pelipper|Pelipper, L50, F|100/100\n|-weather|RainDance|[from] ability: Drizzle|[of] p1a: Pelipper\n|detailschange|p1b: Blastoise|Blastoise-Mega, L50, M\n|-mega|p1b: Blastoise|Blastoise|Blastoisinite\n|move|p2b: Sneasler|Protect|p2b: Sneasler\n|-singleturn|p2b: Sneasler|Protect\n|move|p1b: Blastoise|Water Spout|p2a: Rotom|[spread] p2a\n|-activate|p2b: Sneasler|move: Protect\n|-resisted|p2a: Rotom|1\n|-damage|p2a: Rotom|30/100\n|move|p2a: Rotom|Leaf Storm|p1b: Blastoise\n|-supereffective|p1b: Blastoise|1\n|-damage|p1b: Blastoise|0 fnt\n|-unboost|p2a: Rotom|spa|2\n|faint|p1b: Blastoise\n|\n|-weather|RainDance|[upkeep]\n|upkeep\n|\n|t:|1776390114\n|switch|p1b: Archaludon|Archaludon, L50, F|100/100\n|turn|3\n|\n|t:|1776390123\n|move|p1b: Archaludon|Electro Shot||[still]\n|-prepare|p1b: Archaludon|Electro Shot\n|-boost|p1b: Archaludon|spa|1\n|-anim|p1b: Archaludon|Electro Shot|p2a: Rotom\n|-resisted|p2a: Rotom|2\n|-damage|p2a: Rotom|11/100\n|move|p1a: Pelipper|Hurricane|p2b: Sneasler\n|-supereffective|p2b: Sneasler|1\n|-damage|p2b: Sneasler|0 fnt\n|faint|p2b: Sneasler\n|move|p2a: Rotom|Volt Switch|p1a: Pelipper\n|-supereffective|p1a: Pelipper|2\n|-enditem|p1a: Pelipper|Focus Sash\n|-damage|p1a: Pelipper|1/100\n|\n|t:|1776390133\n|switch|p2a: Froslass|Froslass, L50, F|100/100|[from] Volt Switch\n|\n|-weather|RainDance|[upkeep]\n|upkeep\n|\n|t:|1776390146\n|switch|p2b: Rotom|Rotom-Mow, L50|11/100\n|turn|4\n|\n|t:|1776390161\n|detailschange|p2a: Froslass|Froslass-Mega, L50, F\n|-mega|p2a: Froslass|Froslass|Froslassite\n|-weather|Snowscape|[from] ability: Snow Warning|[of] p2a: Froslass\n|move|p2a: Froslass|Protect|p2a: Froslass\n|-singleturn|p2a: Froslass|Protect\n|move|p1a: Pelipper|Wide Guard|p1a: Pelipper\n|-singleturn|p1a: Pelipper|Wide Guard\n|move|p1b: Archaludon|Flash Cannon|p2a: Froslass\n|-activate|p2a: Froslass|move: Protect\n|move|p2b: Rotom|Volt Switch|p1a: Pelipper\n|-supereffective|p1a: Pelipper|2\n|-damage|p1a: Pelipper|0 fnt\n|faint|p1a: Pelipper\n|\n|t:|1776390170\n|switch|p2b: Gyarados|Gyarados, L50, F|100/100|[from] Volt Switch\n|-ability|p2b: Gyarados|Intimidate|boost\n|-unboost|p1b: Archaludon|atk|1\n|\n|-weather|Snowscape|[upkeep]\n|upkeep\n|\n|t:|1776390182\n|switch|p1a: Farigiraf|Farigiraf, L50, F|60/100\n|turn|5\n|\n|t:|1776390193\n|switch|p2a: Rotom|Rotom-Mow, L50|11/100\n|move|p1b: Archaludon|Flash Cannon|p2a: Rotom\n|-resisted|p2a: Rotom|1\n|-damage|p2a: Rotom|0 fnt\n|faint|p2a: Rotom\n|move|p2b: Gyarados|Dragon Dance|p2b: Gyarados\n|-boost|p2b: Gyarados|atk|1\n|-boost|p2b: Gyarados|spe|1\n|move|p1a: Farigiraf|Hyper Voice|p2b: Gyarados\n|-damage|p2b: Gyarados|63/100\n|\n|-weather|Snowscape|[upkeep]\n|-fieldend|move: Trick Room\n|upkeep\n|\n|t:|1776390200\n|switch|p2a: Froslass|Froslass-Mega, L50, F|100/100\n|turn|6\n|\n|t:|1776390212\n|move|p2a: Froslass|Blizzard|p1b: Archaludon|[spread] p1a,p1b\n|-damage|p1a: Farigiraf|23/100\n|-damage|p1b: Archaludon|60/100\n|-ability|p1b: Archaludon|Stamina|boost\n|-boost|p1b: Archaludon|def|1\n|move|p2b: Gyarados|Ice Fang|p1b: Archaludon\n|-damage|p1b: Archaludon|42/100\n|-ability|p1b: Archaludon|Stamina|boost\n|-boost|p1b: Archaludon|def|1\n|move|p1a: Farigiraf|Hyper Voice|p2b: Gyarados|[spread] p2b\n|-immune|p2a: Froslass\n|-damage|p2b: Gyarados|38/100\n|-enditem|p2b: Gyarados|Sitrus Berry|[eat]\n|-heal|p2b: Gyarados|63/100|[from] item: Sitrus Berry\n|move|p1b: Archaludon|Flash Cannon|p2a: Froslass\n|-supereffective|p2a: Froslass|1\n|-damage|p2a: Froslass|0 fnt\n|faint|p2a: Froslass\n|\n|-weather|Snowscape|[upkeep]\n|-heal|p1b: Archaludon|48/100|[from] item: Leftovers\n|upkeep\n|turn|7\n|\n|t:|1776390235\n|move|p1b: Archaludon|Protect|p1b: Archaludon\n|-singleturn|p1b: Archaludon|Protect\n|move|p2b: Gyarados|Waterfall|p1b: Archaludon\n|-activate|p1b: Archaludon|move: Protect\n|move|p1a: Farigiraf|Hyper Voice|p2b: Gyarados\n|-damage|p2b: Gyarados|27/100\n|\n|-weather|Snowscape|[upkeep]\n|-heal|p1b: Archaludon|55/100|[from] item: Leftovers\n|upkeep\n|turn|8\n|\n|t:|1776390250\n|move|p2b: Gyarados|Protect|p2b: Gyarados\n|-singleturn|p2b: Gyarados|Protect\n|move|p1a: Farigiraf|Hyper Voice|p2b: Gyarados\n|-activate|p2b: Gyarados|move: Protect\n|move|p1b: Archaludon|Draco Meteor|p2b: Gyarados\n|-activate|p2b: Gyarados|move: Protect\n|\n|-weather|none\n|-heal|p1b: Archaludon|61/100|[from] item: Leftovers\n|upkeep\n|turn|9\n|\n|t:|1776390264\n|move|p1b: Archaludon|Protect|p1b: Archaludon\n|-singleturn|p1b: Archaludon|Protect\n|move|p2b: Gyarados|Waterfall|p1a: Farigiraf\n|-damage|p1a: Farigiraf|0 fnt\n|faint|p1a: Farigiraf\n|\n|-heal|p1b: Archaludon|67/100|[from] item: Leftovers\n|upkeep\n|turn|10\n|\n|t:|1776390275\n|move|p2b: Gyarados|Waterfall|p1b: Archaludon\n|-resisted|p1b: Archaludon|1\n|-damage|p1b: Archaludon|55/100\n|-ability|p1b: Archaludon|Stamina|boost\n|-boost|p1b: Archaludon|def|1\n|move|p1b: Archaludon|Flash Cannon|p2b: Gyarados\n|-resisted|p2b: Gyarados|1\n|-damage|p2b: Gyarados|4/100\n|\n|-heal|p1b: Archaludon|61/100|[from] item: Leftovers\n|upkeep\n|turn|11\n|\n|t:|1776390286\n|move|p2b: Gyarados|Waterfall|p1b: Archaludon\n|-resisted|p1b: Archaludon|1\n|-damage|p1b: Archaludon|52/100\n|-ability|p1b: Archaludon|Stamina|boost\n|-boost|p1b: Archaludon|def|1\n|cant|p1b: Archaludon|flinch\n|\n|-heal|p1b: Archaludon|58/100|[from] item: Leftovers\n|upkeep\n|turn|12\n|\n|t:|1776390296\n|move|p2b: Gyarados|Waterfall|p1b: Archaludon\n|-resisted|p1b: Archaludon|1\n|-damage|p1b: Archaludon|50/100\n|-ability|p1b: Archaludon|Stamina|boost\n|-boost|p1b: Archaludon|def|1\n|cant|p1b: Archaludon|flinch\n|\n|-heal|p1b: Archaludon|56/100|[from] item: Leftovers\n|upkeep\n|turn|13\n|\n|t:|1776390306\n|move|p2b: Gyarados|Waterfall|p1b: Archaludon\n|-resisted|p1b: Archaludon|1\n|-damage|p1b: Archaludon|48/100\n|-ability|p1b: Archaludon|Stamina|boost\n|-boost|p1b: Archaludon|def|1\n|move|p1b: Archaludon|Flash Cannon|p2b: Gyarados\n|-resisted|p2b: Gyarados|1\n|-damage|p2b: Gyarados|0 fnt\n|faint|p2b: Gyarados\n|\n|win|thunderchloeds\n|raw|thunderchloeds's rating: 1256 &rarr; <strong>1284</strong><br />(+28 for winning)\n|raw|Phillip Blevin's rating: 1294 &rarr; <strong>1266</strong><br />(-28 for losing)\n",
  "uploadtime": 1776390306,
  "views": 22,
  "formatid": "gen9championsvgc2026regma",
  "rating": 1266,
  "private": 0,
  "password": null
}