{
  "id": "gen9championsvgc2026regma-2582582683",
  "format": "[Gen 9 Champions] VGC 2026 Reg M-A",
  "players": [
    "kolanion",
    "Mentalsyndrome"
  ],
  "log": "|j|\u2606kolanion\n|j|\u2606Mentalsyndrome\n|t:|1776100791\n|gametype|doubles\n|player|p1|kolanion|swimmer|1062\n|player|p2|Mentalsyndrome|2|1137\n|gen|9\n|tier|[Gen 9 Champions] VGC 2026 Reg M-A\n|rated|\n|rule|Species Clause: Limit one of each Pok\u00e9mon\n|rule|Item Clause: Limit 1 of each item\n|clearpoke\n|poke|p1|Garchomp, L50, M|\n|poke|p1|Charizard, L50, F|\n|poke|p1|Chesnaught, L50, M|\n|poke|p1|Orthworm, L50, F|\n|poke|p1|Whimsicott, L50, M|\n|poke|p1|Ditto, L50|\n|poke|p2|Bastiodon, L50, F|\n|poke|p2|Hawlucha, L50, F|\n|poke|p2|Milotic, L50, F|\n|poke|p2|Excadrill, L50, M|\n|poke|p2|Farigiraf, L50, F|\n|poke|p2|Tyranitar, L50, F|\n|teampreview|4\n|inactive|Battle timer is ON: inactive players will automatically lose when time's up. (requested by Mentalsyndrome)\n|inactive|kolanion also wants the timer to be on.\n|inactive|kolanion has 60 seconds left.\n|inactive|Mentalsyndrome has 60 seconds left.\n|inactive|kolanion has 30 seconds left.\n|inactive|kolanion has 20 seconds left.\n|inactive|kolanion has 15 seconds left.\n|\n|t:|1776100869\n|teamsize|p1|4\n|teamsize|p2|4\n|start\n|switch|p1a: Garchomp|Garchomp, L50, M|100/100\n|switch|p1b: Charizard|Charizard, L50, F, shiny|100/100\n|switch|p2a: Hawlucha|Hawlucha, L50, F|100/100\n|switch|p2b: Milotic|Milotic, L50, F|100/100\n|turn|1\n|\n|t:|1776100882\n|detailschange|p2a: Hawlucha|Hawlucha-Mega, L50, F\n|-mega|p2a: Hawlucha|Hawlucha|Hawluchanite\n|detailschange|p1b: Charizard|Charizard-Mega-Y, L50, F, shiny\n|-mega|p1b: Charizard|Charizard|Charizardite Y\n|-weather|SunnyDay|[from] ability: Drought|[of] p1b: Charizard\n|move|p1a: Garchomp|Earthquake|p2a: Hawlucha|[spread] p2b\n|-immune|p1b: Charizard\n|-immune|p2a: Hawlucha\n|-damage|p2b: Milotic|64/100\n|move|p2a: Hawlucha|Stone Edge|p1b: Charizard\n|-supereffective|p1b: Charizard|2\n|-damage|p1b: Charizard|0 fnt\n|faint|p1b: Charizard\n|move|p2b: Milotic|Coil|p2b: Milotic\n|-boost|p2b: Milotic|atk|1\n|-boost|p2b: Milotic|def|1\n|-boost|p2b: Milotic|accuracy|1\n|\n|-weather|SunnyDay|[upkeep]\n|-heal|p2b: Milotic|70/100|[from] item: Leftovers\n|upkeep\n|\n|t:|1776100895\n|switch|p1b: Whimsicott|Whimsicott, L50, M|100/100\n|turn|2\n|\n|t:|1776100904\n|switch|p1a: Orthworm|Orthworm, L50, F|100/100\n|move|p2a: Hawlucha|Protect|p2a: Hawlucha\n|-singleturn|p2a: Hawlucha|Protect\n|move|p1b: Whimsicott|Encore|p2b: Milotic\n|-start|p2b: Milotic|Encore\n|move|p2b: Milotic|Coil|p2b: Milotic\n|-boost|p2b: Milotic|atk|1\n|-boost|p2b: Milotic|def|1\n|-boost|p2b: Milotic|accuracy|1\n|\n|-weather|SunnyDay|[upkeep]\n|-heal|p2b: Milotic|76/100|[from] item: Leftovers\n|upkeep\n|turn|3\n|\n|t:|1776100910\n|switch|p2b: Farigiraf|Farigiraf, L50, F|100/100\n|move|p1b: Whimsicott|Encore||[still]\n|cant|p2b: Farigiraf|ability: Armor Tail|Encore|[of] p1b: Whimsicott\n|move|p2a: Hawlucha|Dual Wingbeat|p1b: Whimsicott\n|-supereffective|p1b: Whimsicott|1\n|-damage|p1b: Whimsicott|38/100\n|-supereffective|p1b: Whimsicott|1\n|-damage|p1b: Whimsicott|0 fnt\n|faint|p1b: Whimsicott\n|-hitcount|p1: Whimsicott|2\n|move|p1a: Orthworm|Shed Tail|p1a: Orthworm\n|-start|p1a: Orthworm|Substitute|[from] move: Shed Tail\n|-damage|p1a: Orthworm|50/100\n|-enditem|p1a: Orthworm|Sitrus Berry|[eat]\n|-heal|p1a: Orthworm|75/100|[from] item: Sitrus Berry\n|\n|t:|1776100913\n|switch|p1a: Garchomp|Garchomp, L50, M|100/100|[from] Shed Tail\n|\n|-weather|SunnyDay|[upkeep]\n|upkeep\n|\n|t:|1776100915\n|switch|p1b: Orthworm|Orthworm, L50, F|75/100\n|turn|4\n|inactive|kolanion has 30 seconds left.\n|\n|t:|1776100941\n|move|p1b: Orthworm|Helping Hand|p1a: Garchomp\n|-singleturn|p1a: Garchomp|Helping Hand|[of] p1b: Orthworm\n|move|p2b: Farigiraf|Helping Hand|p2a: Hawlucha\n|-singleturn|p2a: Hawlucha|Helping Hand|[of] p2b: Farigiraf\n|move|p1a: Garchomp|Outrage|p2b: Farigiraf\n|-damage|p2b: Farigiraf|3/100\n|move|p2a: Hawlucha|Close Combat|p1b: Orthworm\n|-supereffective|p1b: Orthworm|1\n|-damage|p1b: Orthworm|0 fnt\n|-unboost|p2a: Hawlucha|def|1\n|-unboost|p2a: Hawlucha|spd|1\n|faint|p1b: Orthworm\n|\n|-weather|SunnyDay|[upkeep]\n|upkeep\n|turn|5\n|\n|t:|1776100955\n|move|p1a: Garchomp|Outrage|p2a: Hawlucha|[from] lockedmove\n|-damage|p2a: Hawlucha|2/100\n|-start|p1a: Garchomp|confusion|[fatigue]\n|move|p2a: Hawlucha|Close Combat|p1a: Garchomp\n|-end|p1a: Garchomp|Substitute\n|-unboost|p2a: Hawlucha|def|1\n|-unboost|p2a: Hawlucha|spd|1\n|move|p2b: Farigiraf|Twin Beam|p1a: Garchomp\n|-damage|p1a: Garchomp|85/100\n|-damage|p1a: Garchomp|68/100\n|-hitcount|p1a: Garchomp|2\n|\n|-weather|none\n|upkeep\n|turn|6\n|\n|t:|1776100966\n|-activate|p1a: Garchomp|confusion\n|move|p1a: Garchomp|Outrage|p2b: Farigiraf\n|-damage|p2b: Farigiraf|0 fnt\n|faint|p2b: Farigiraf\n|move|p2a: Hawlucha|Close Combat|p1a: Garchomp\n|-damage|p1a: Garchomp|12/100\n|-unboost|p2a: Hawlucha|def|1\n|-unboost|p2a: Hawlucha|spd|1\n|-damage|p2a: Hawlucha|0 fnt|[from] ability: Rough Skin|[of] p1a: Garchomp\n|faint|p2a: Hawlucha\n|\n|upkeep\n|\n|t:|1776100968\n|switch|p2a: Milotic|Milotic, L50, F|76/100\n|switch|p2b: Tyranitar|Tyranitar, L50, F|100/100\n|-weather|Sandstorm|[from] ability: Sand Stream|[of] p2b: Tyranitar\n|turn|7\n|-message|kolanion forfeited.\n|\n|win|Mentalsyndrome\n|raw|kolanion's rating: 1062 &rarr; <strong>1047</strong><br />(-15 for losing)\n|raw|Mentalsyndrome's rating: 1137 &rarr; <strong>1157</strong><br />(+20 for winning)\n|l|\u2606kolanion\n|player|p1|\n",
  "uploadtime": 1776100975,
  "views": 9,
  "formatid": "gen9championsvgc2026regma",
  "rating": 1047,
  "private": 0,
  "password": null
}