{
  "id": "gen9championsvgc2026regma-2586466756",
  "format": "[Gen 9 Champions] VGC 2026 Reg M-A",
  "players": [
    "xmen2104",
    "NicholasDousa"
  ],
  "log": "|j|\u2606xmen2104\n|j|\u2606NicholasDousa\n|t:|1776436676\n|gametype|doubles\n|player|p1|xmen2104|lucas-gen4pt|1192\n|player|p2|NicholasDousa|brock|1193\n|gen|9\n|tier|[Gen 9 Champions] VGC 2026 Reg M-A\n|rated|\n|rule|Species Clause: Limit one of each Pok\u00e9mon\n|rule|Item Clause: Limit 1 of each item\n|clearpoke\n|poke|p1|Floette-Eternal, L50, F|\n|poke|p1|Incineroar, L50, M|\n|poke|p1|Palafin, L50, M|\n|poke|p1|Sinistcha-Masterpiece, L50|\n|poke|p1|Garchomp, L50, M|\n|poke|p1|Corviknight, L50, M|\n|poke|p2|Aggron, L50, F|\n|poke|p2|Sinistcha, L50|\n|poke|p2|Incineroar, L50, M|\n|poke|p2|Dragonite, L50, F|\n|poke|p2|Basculegion, L50, M|\n|poke|p2|Pelipper, L50, F|\n|teampreview|4\n|inactive|Battle timer is ON: inactive players will automatically lose when time's up. (requested by xmen2104)\n|\n|t:|1776436697\n|teamsize|p1|4\n|teamsize|p2|4\n|start\n|switch|p1a: Garchomp|Garchomp, L50, M|100/100\n|switch|p1b: Palafin|Palafin, L50, M|100/100\n|switch|p2a: Basculegion|Basculegion, L50, M|100/100\n|switch|p2b: Incineroar|Incineroar, L50, M|100/100\n|-ability|p2b: Incineroar|Intimidate|boost\n|-unboost|p1a: Garchomp|atk|1\n|-unboost|p1b: Palafin|atk|1\n|-enditem|p1a: Garchomp|White Herb\n|-clearnegativeboost|p1a: Garchomp|[silent]\n|turn|1\n|inactive|NicholasDousa has 30 seconds left.\n|\n|t:|1776436724\n|detailschange|p1b: Palafin|Palafin-Hero, L50, M\n|switch|p1b: Incineroar|Incineroar, L50, M|100/100\n|-ability|p1b: Incineroar|Intimidate|boost\n|-unboost|p2a: Basculegion|atk|1\n|-unboost|p2b: Incineroar|atk|1\n|move|p1a: Garchomp|Protect|p1a: Garchomp\n|-singleturn|p1a: Garchomp|Protect\n|move|p2b: Incineroar|Fake Out|p1a: Garchomp\n|-activate|p1a: Garchomp|move: Protect\n|move|p2a: Basculegion|Wave Crash|p1a: Garchomp\n|-activate|p1a: Garchomp|move: Protect\n|\n|upkeep\n|turn|2\n|inactive|xmen2104 has 30 seconds left.\n|\n|t:|1776436755\n|switch|p2b: Sinistcha|Sinistcha, L50|100/100\n|move|p2a: Basculegion|Wave Crash|p1b: Incineroar\n|-supereffective|p1b: Incineroar|1\n|-damage|p1b: Incineroar|21/100\n|-enditem|p1b: Incineroar|Sitrus Berry|[eat]\n|-heal|p1b: Incineroar|46/100|[from] item: Sitrus Berry\n|-damage|p2a: Basculegion|73/100|[from] Recoil\n|move|p1a: Garchomp|Dragon Claw|p2a: Basculegion\n|-damage|p2a: Basculegion|20/100\n|move|p1b: Incineroar|Parting Shot|p2b: Sinistcha\n|-unboost|p2b: Sinistcha|atk|1\n|-unboost|p2b: Sinistcha|spa|1\n|\n|t:|1776436767\n|switch|p1b: Palafin|Palafin-Hero, L50, M|100/100|[from] Parting Shot\n|-activate|p1b: Palafin|ability: Zero to Hero\n|\n|upkeep\n|turn|3\n|\n|t:|1776436785\n|switch|p2a: Incineroar|Incineroar, L50, M|100/100\n|-ability|p2a: Incineroar|Intimidate|boost\n|-unboost|p1a: Garchomp|atk|1\n|-unboost|p1b: Palafin|atk|1\n|move|p1b: Palafin|Jet Punch|p2a: Incineroar\n|-supereffective|p2a: Incineroar|1\n|-damage|p2a: Incineroar|41/100\n|-enditem|p2a: Incineroar|Sitrus Berry|[eat]\n|-heal|p2a: Incineroar|66/100|[from] item: Sitrus Berry\n|move|p1a: Garchomp|Dragon Claw|p2b: Sinistcha\n|-damage|p2b: Sinistcha|75/100\n|move|p2b: Sinistcha|Matcha Gotcha|p1b: Palafin|[spread] p1b\n|-miss|p2b: Sinistcha|p1a: Garchomp\n|-supereffective|p1b: Palafin|1\n|-damage|p1b: Palafin|68/100\n|-heal|p2b: Sinistcha|91/100|[from] drain|[of] p1b: Palafin\n|-status|p1b: Palafin|brn\n|\n|-damage|p1b: Palafin|61/100 brn|[from] brn\n|upkeep\n|turn|4\n|inactive|NicholasDousa has 30 seconds left.\n|inactive|NicholasDousa has 20 seconds left.\n|\n|t:|1776436822\n|switch|p1b: Incineroar|Incineroar, L50, M|46/100\n|-ability|p1b: Incineroar|Intimidate|boost\n|-unboost|p2a: Incineroar|atk|1\n|-unboost|p2b: Sinistcha|atk|1\n|move|p1a: Garchomp|Stomping Tantrum|p2a: Incineroar\n|-supereffective|p2a: Incineroar|1\n|-damage|p2a: Incineroar|15/100\n|move|p2a: Incineroar|Parting Shot|p1b: Incineroar\n|-unboost|p1b: Incineroar|atk|1\n|-unboost|p1b: Incineroar|spa|1\n|\n|t:|1776436833\n|switch|p2a: Aggron|Aggron, L50, F|100/100|[from] Parting Shot\n|move|p2b: Sinistcha|Trick Room|p2b: Sinistcha\n|-fieldstart|move: Trick Room|[of] p2b: Sinistcha\n|\n|upkeep\n|turn|5\n|\n|t:|1776436847\n|switch|p1a: Sinistcha|Sinistcha-Masterpiece, L50|100/100\n|-heal|p1b: Incineroar|71/100|[from] ability: Hospitality|[of] p1a: Sinistcha\n|detailschange|p2a: Aggron|Aggron-Mega, L50, F\n|-mega|p2a: Aggron|Aggron|Aggronite\n|move|p2b: Sinistcha|Rage Powder|p2b: Sinistcha\n|-singleturn|p2b: Sinistcha|move: Rage Powder\n|move|p2a: Aggron|Iron Defense|p2a: Aggron\n|-boost|p2a: Aggron|def|2\n|move|p1b: Incineroar|Parting Shot|p2b: Sinistcha\n|-unboost|p2b: Sinistcha|atk|1\n|-unboost|p2b: Sinistcha|spa|1\n|\n|t:|1776436852\n|switch|p1b: Palafin|Palafin-Hero, L50, M|61/100 brn|[from] Parting Shot\n|\n|-damage|p1b: Palafin|55/100 brn|[from] brn\n|upkeep\n|turn|6\n|\n|t:|1776436872\n|move|p1a: Sinistcha|Rage Powder|p1a: Sinistcha\n|-singleturn|p1a: Sinistcha|move: Rage Powder\n|move|p2a: Aggron|Heavy Slam|p1a: Sinistcha\n|-damage|p1a: Sinistcha|54/100\n|move|p2b: Sinistcha|Matcha Gotcha|p1a: Sinistcha|[spread] p1a,p1b\n|-resisted|p1a: Sinistcha|1\n|-supereffective|p1b: Palafin|1\n|-damage|p1a: Sinistcha|48/100\n|-heal|p2b: Sinistcha|95/100|[from] drain|[of] p1a: Sinistcha\n|-damage|p1b: Palafin|29/100 brn\n|-heal|p2b: Sinistcha|100/100|[from] drain|[of] p1b: Palafin\n|move|p1b: Palafin|Haze|p1b: Palafin\n|-clearallboost\n|\n|-damage|p1b: Palafin|23/100 brn|[from] brn\n|upkeep\n|turn|7\n|inactive|NicholasDousa has 30 seconds left.\n|\n|t:|1776436900\n|switch|p1b: Incineroar|Incineroar, L50, M|71/100\n|-ability|p1b: Incineroar|Intimidate|boost\n|-unboost|p2a: Aggron|atk|1\n|-unboost|p2b: Sinistcha|atk|1\n|move|p2a: Aggron|Iron Defense|p2a: Aggron\n|-boost|p2a: Aggron|def|2\n|move|p2b: Sinistcha|Matcha Gotcha|p1a: Sinistcha|[spread] p1a,p1b\n|-resisted|p1a: Sinistcha|1\n|-resisted|p1b: Incineroar|1\n|-damage|p1a: Sinistcha|36/100\n|-damage|p1b: Incineroar|61/100\n|move|p1a: Sinistcha|Life Dew|p1a: Sinistcha|[spread] p1a,p1b\n|-heal|p1a: Sinistcha|62/100\n|-heal|p1b: Incineroar|86/100\n|\n|upkeep\n|turn|8\n|\n|t:|1776436913\n|move|p1b: Incineroar|Fake Out|p2a: Aggron\n|-resisted|p2a: Aggron|1\n|-crit|p2a: Aggron\n|-damage|p2a: Aggron|97/100\n|move|p2b: Sinistcha|Rage Powder|p2b: Sinistcha\n|-singleturn|p2b: Sinistcha|move: Rage Powder\n|cant|p2a: Aggron|flinch\n|move|p1a: Sinistcha|Matcha Gotcha|p2a: Aggron|[spread] p2b\n|-miss|p1a: Sinistcha|p2a: Aggron\n|-resisted|p2b: Sinistcha|1\n|-crit|p2b: Sinistcha\n|-damage|p2b: Sinistcha|85/100\n|-heal|p1a: Sinistcha|70/100|[from] drain|[of] p2b: Sinistcha\n|-status|p2b: Sinistcha|brn\n|\n|-damage|p2b: Sinistcha|79/100 brn|[from] brn\n|-fieldend|move: Trick Room\n|upkeep\n|turn|9\n|\n|t:|1776436929\n|switch|p2b: Incineroar|Incineroar, L50, M|15/100\n|-ability|p2b: Incineroar|Intimidate|boost\n|-unboost|p1a: Sinistcha|atk|1\n|-unboost|p1b: Incineroar|atk|1\n|move|p1a: Sinistcha|Matcha Gotcha|p2a: Aggron|[spread] p2a,p2b\n|-resisted|p2a: Aggron|1\n|-resisted|p2b: Incineroar|1\n|-damage|p2a: Aggron|88/100\n|-heal|p1a: Sinistcha|75/100|[from] drain|[of] p2a: Aggron\n|-damage|p2b: Incineroar|6/100\n|-heal|p1a: Sinistcha|80/100|[from] drain|[of] p2b: Incineroar\n|move|p1b: Incineroar|Parting Shot|p2a: Aggron\n|-unboost|p2a: Aggron|atk|1\n|-unboost|p2a: Aggron|spa|1\n|\n|t:|1776436941\n|switch|p1b: Palafin|Palafin-Hero, L50, M|23/100 brn|[from] Parting Shot\n|move|p2a: Aggron|Body Press|p1b: Palafin\n|-damage|p1b: Palafin|0 fnt\n|faint|p1b: Palafin\n|\n|upkeep\n|\n|t:|1776436944\n|switch|p1b: Garchomp|Garchomp, L50, M|100/100\n|turn|10\n|inactive|NicholasDousa has 30 seconds left.\n|inactive|NicholasDousa has 20 seconds left.\n|\n|t:|1776436980\n|switch|p2b: Sinistcha|Sinistcha, L50|79/100 brn\n|-heal|p2a: Aggron|100/100|[from] ability: Hospitality|[of] p2b: Sinistcha\n|move|p1b: Garchomp|Protect|p1b: Garchomp\n|-singleturn|p1b: Garchomp|Protect\n|move|p1a: Sinistcha|Matcha Gotcha|p2a: Aggron|[spread] p2a,p2b\n|-resisted|p2a: Aggron|1\n|-resisted|p2b: Sinistcha|1\n|-damage|p2a: Aggron|90/100\n|-heal|p1a: Sinistcha|85/100|[from] drain|[of] p2a: Aggron\n|-damage|p2b: Sinistcha|67/100 brn\n|-heal|p1a: Sinistcha|91/100|[from] drain|[of] p2b: Sinistcha\n|move|p2a: Aggron|Body Press|p1b: Garchomp\n|-activate|p1b: Garchomp|move: Protect\n|\n|-damage|p2b: Sinistcha|61/100 brn|[from] brn\n|upkeep\n|turn|11\n|inactive|NicholasDousa has 30 seconds left.\n|\n|t:|1776437012\n|move|p1b: Garchomp|Stomping Tantrum|p2a: Aggron\n|-supereffective|p2a: Aggron|1\n|-damage|p2a: Aggron|77/100\n|move|p1a: Sinistcha|Matcha Gotcha|p2a: Aggron|[spread] p2a,p2b\n|-resisted|p2a: Aggron|1\n|-resisted|p2b: Sinistcha|1\n|-damage|p2a: Aggron|67/100\n|-heal|p1a: Sinistcha|96/100|[from] drain|[of] p2a: Aggron\n|-damage|p2b: Sinistcha|51/100 brn\n|-heal|p1a: Sinistcha|100/100|[from] drain|[of] p2b: Sinistcha\n|-status|p2a: Aggron|brn\n|move|p2a: Aggron|Body Press|p1b: Garchomp\n|-damage|p1b: Garchomp|61/100\n|-damage|p2a: Aggron|54/100 brn|[from] ability: Rough Skin|[of] p1b: Garchomp\n|move|p2b: Sinistcha|Trick Room|p2b: Sinistcha\n|-fieldstart|move: Trick Room|[of] p2b: Sinistcha\n|\n|-damage|p2a: Aggron|48/100 brn|[from] brn\n|-damage|p2b: Sinistcha|45/100 brn|[from] brn\n|upkeep\n|turn|12\n|\n|t:|1776437034\n|move|p1b: Garchomp|Protect|p1b: Garchomp\n|-singleturn|p1b: Garchomp|Protect\n|move|p2a: Aggron|Iron Defense|p2a: Aggron\n|-boost|p2a: Aggron|def|2\n|move|p2b: Sinistcha|Life Dew|p2b: Sinistcha|[spread] p2a,p2b\n|-heal|p2a: Aggron|73/100 brn\n|-heal|p2b: Sinistcha|69/100 brn\n|move|p1a: Sinistcha|Matcha Gotcha|p2b: Sinistcha|[spread] p2a,p2b\n|-resisted|p2a: Aggron|1\n|-resisted|p2b: Sinistcha|1\n|-damage|p2a: Aggron|63/100 brn\n|-damage|p2b: Sinistcha|58/100 brn\n|\n|-damage|p2a: Aggron|56/100 brn|[from] brn\n|-damage|p2b: Sinistcha|52/100 brn|[from] brn\n|upkeep\n|turn|13\n|inactive|NicholasDousa has 30 seconds left.\n|\n|t:|1776437062\n|move|p2a: Aggron|Body Press|p1b: Garchomp\n|-damage|p1b: Garchomp|0 fnt\n|-damage|p2a: Aggron|44/100 brn|[from] ability: Rough Skin|[of] p1b: Garchomp\n|faint|p1b: Garchomp\n|move|p2b: Sinistcha|Matcha Gotcha|p1a: Sinistcha\n|-resisted|p1a: Sinistcha|1\n|-damage|p1a: Sinistcha|86/100\n|-heal|p2b: Sinistcha|59/100 brn|[from] drain|[of] p1a: Sinistcha\n|move|p1a: Sinistcha|Life Dew|p1a: Sinistcha\n|-heal|p1a: Sinistcha|100/100\n|\n|-damage|p2a: Aggron|38/100 brn|[from] brn\n|-damage|p2b: Sinistcha|53/100 brn|[from] brn\n|upkeep\n|\n|t:|1776437066\n|switch|p1b: Incineroar|Incineroar, L50, M|86/100\n|-ability|p1b: Incineroar|Intimidate|boost\n|-unboost|p2a: Aggron|atk|1\n|-unboost|p2b: Sinistcha|atk|1\n|turn|14\n|inactive|NicholasDousa has 30 seconds left.\n|\n|t:|1776437096\n|switch|p2b: Incineroar|Incineroar, L50, M|6/100\n|-ability|p2b: Incineroar|Intimidate|boost\n|-unboost|p1a: Sinistcha|atk|1\n|-unboost|p1b: Incineroar|atk|1\n|move|p2a: Aggron|Protect|p2a: Aggron\n|-singleturn|p2a: Aggron|Protect\n|move|p1a: Sinistcha|Rage Powder|p1a: Sinistcha\n|-singleturn|p1a: Sinistcha|move: Rage Powder\n|move|p1b: Incineroar|Flare Blitz|p2a: Aggron\n|-activate|p2a: Aggron|move: Protect\n|\n|-damage|p2a: Aggron|32/100 brn|[from] brn\n|upkeep\n|turn|15\n|\n|t:|1776437113\n|move|p2b: Incineroar|Fake Out|p1b: Incineroar\n|-damage|p1b: Incineroar|77/100\n|move|p1a: Sinistcha|Rage Powder|p1a: Sinistcha\n|-singleturn|p1a: Sinistcha|move: Rage Powder\n|move|p2a: Aggron|Body Press|p1a: Sinistcha\n|-immune|p1a: Sinistcha\n|cant|p1b: Incineroar|flinch\n|\n|-damage|p2a: Aggron|25/100 brn|[from] brn\n|-fieldend|move: Trick Room\n|upkeep\n|turn|16\n|\n|t:|1776437138\n|move|p1a: Sinistcha|Rage Powder|p1a: Sinistcha\n|-singleturn|p1a: Sinistcha|move: Rage Powder\n|move|p2b: Incineroar|Taunt|p1a: Sinistcha\n|-start|p1a: Sinistcha|move: Taunt\n|move|p1b: Incineroar|Throat Chop|p2b: Incineroar\n|-resisted|p2b: Incineroar|1\n|-damage|p2b: Incineroar|0 fnt\n|faint|p2b: Incineroar\n|move|p2a: Aggron|Body Press|p1a: Sinistcha\n|-immune|p1a: Sinistcha\n|\n|-damage|p2a: Aggron|19/100 brn|[from] brn\n|upkeep\n|\n|t:|1776437152\n|switch|p2b: Basculegion|Basculegion, L50, M|20/100\n|turn|17\n|\n|t:|1776437167\n|move|p2b: Basculegion|Flip Turn|p1b: Incineroar\n|-supereffective|p1b: Incineroar|1\n|-damage|p1b: Incineroar|13/100\n|\n|t:|1776437170\n|switch|p2b: Sinistcha|Sinistcha, L50|53/100 brn|[from] Flip Turn\n|-heal|p2a: Aggron|44/100 brn|[from] ability: Hospitality|[of] p2b: Sinistcha\n|move|p1a: Sinistcha|Matcha Gotcha|p2a: Aggron|[spread] p2a,p2b\n|-resisted|p2a: Aggron|1\n|-resisted|p2b: Sinistcha|1\n|-damage|p2a: Aggron|33/100 brn\n|-damage|p2b: Sinistcha|41/100 brn\n|move|p1b: Incineroar|Flare Blitz|p2a: Aggron\n|-supereffective|p2a: Aggron|1\n|-damage|p2a: Aggron|25/100 brn\n|-damage|p1b: Incineroar|11/100|[from] Recoil\n|move|p2a: Aggron|Body Press|p1b: Incineroar\n|-supereffective|p1b: Incineroar|1\n|-damage|p1b: Incineroar|0 fnt\n|faint|p1b: Incineroar\n|\n|-damage|p2b: Sinistcha|35/100 brn|[from] brn\n|-damage|p2a: Aggron|19/100 brn|[from] brn\n|upkeep\n|turn|18\n|inactive|NicholasDousa has 30 seconds left.\n|\n|t:|1776437193\n|move|p1a: Sinistcha|Matcha Gotcha|p2b: Sinistcha|[spread] p2a\n|-miss|p1a: Sinistcha|p2b: Sinistcha\n|-resisted|p2a: Aggron|1\n|-damage|p2a: Aggron|8/100 brn\n|move|p2b: Sinistcha|Matcha Gotcha|p1a: Sinistcha\n|-resisted|p1a: Sinistcha|1\n|-damage|p1a: Sinistcha|85/100\n|-heal|p2b: Sinistcha|43/100 brn|[from] drain|[of] p1a: Sinistcha\n|move|p2a: Aggron|Heavy Slam|p1a: Sinistcha\n|-damage|p1a: Sinistcha|75/100\n|\n|-damage|p2b: Sinistcha|37/100 brn|[from] brn\n|-damage|p2a: Aggron|2/100 brn|[from] brn\n|upkeep\n|turn|19\n|inactive|NicholasDousa has 25 seconds left this turn.\n|inactive|NicholasDousa has 20 seconds left.\n|inactive|NicholasDousa has 15 seconds left.\n|\n|t:|1776437207\n|move|p2b: Sinistcha|Matcha Gotcha|p1a: Sinistcha\n|-resisted|p1a: Sinistcha|1\n|-damage|p1a: Sinistcha|61/100\n|-heal|p2b: Sinistcha|44/100 brn|[from] drain|[of] p1a: Sinistcha\n|move|p1a: Sinistcha|Matcha Gotcha|p2a: Aggron|[spread] p2b\n|-miss|p1a: Sinistcha|p2a: Aggron\n|-resisted|p2b: Sinistcha|1\n|-damage|p2b: Sinistcha|33/100 brn\n|-heal|p1a: Sinistcha|66/100|[from] drain|[of] p2b: Sinistcha\n|move|p2a: Aggron|Heavy Slam|p1a: Sinistcha\n|-damage|p1a: Sinistcha|56/100\n|\n|-damage|p2b: Sinistcha|27/100 brn|[from] brn\n|-damage|p2a: Aggron|0 fnt|[from] brn\n|faint|p2a: Aggron\n|-end|p1a: Sinistcha|move: Taunt\n|upkeep\n|inactive|NicholasDousa has 15 seconds left this turn.\n|\n|t:|1776437209\n|switch|p2a: Basculegion|Basculegion, L50, M|20/100\n|turn|20\n|inactive|NicholasDousa has 15 seconds left this turn.\n|c|\u2606NicholasDousa|Gg\n|\n|t:|1776437217\n|move|p2a: Basculegion|Last Respects|p1a: Sinistcha\n|-supereffective|p1a: Sinistcha|1\n|-crit|p1a: Sinistcha\n|-damage|p1a: Sinistcha|0 fnt\n|faint|p1a: Sinistcha\n|\n|win|NicholasDousa\n|raw|xmen2104's rating: 1192 &rarr; <strong>1167</strong><br />(-25 for losing)\n|raw|NicholasDousa's rating: 1193 &rarr; <strong>1218</strong><br />(+25 for winning)\n|l|\u2606xmen2104\n|player|p1|\n|j|\u2606xmen2104\n|player|p1|xmen2104|lucas-gen4pt|\n",
  "uploadtime": 1776437225,
  "views": 26,
  "formatid": "gen9championsvgc2026regma",
  "rating": 1167,
  "private": 0,
  "password": null
}