{
  "id": "gen9championsvgc2026regma-2584431841",
  "format": "[Gen 9 Champions] VGC 2026 Reg M-A",
  "players": [
    "Zap_2545",
    "thatoneguywithapen"
  ],
  "log": "|j|\u203dZap_2545\n|j|\u2606thatoneguywithapen\n|t:|1776260433\n|gametype|doubles\n|player|p1|Zap_2545|266|1109\n|player|p2|thatoneguywithapen|101|1194\n|gen|9\n|tier|[Gen 9 Champions] VGC 2026 Reg M-A\n|rated|\n|rule|Species Clause: Limit one of each Pok\u00e9mon\n|rule|Item Clause: Limit 1 of each item\n|clearpoke\n|poke|p1|Pelipper, L50, M|\n|poke|p1|Basculegion, L50, M|\n|poke|p1|Gengar, L50, M|\n|poke|p1|Sneasler, L50, M|\n|poke|p1|Incineroar, L50, M|\n|poke|p1|Greninja-*, L50, F|\n|poke|p2|Kangaskhan, L50, F|\n|poke|p2|Aerodactyl, L50, M|\n|poke|p2|Garchomp, L50, F|\n|poke|p2|Basculegion, L50, M|\n|poke|p2|Sylveon, L50, F|\n|poke|p2|Incineroar, L50, F|\n|teampreview|4\n|\n|t:|1776260460\n|teamsize|p1|4\n|teamsize|p2|4\n|start\n|switch|p1a: Pelipper|Pelipper, L50, M|100/100\n|switch|p1b: Greninja|Greninja, L50, F|100/100\n|switch|p2a: Kangaskhan|Kangaskhan, L50, F|100/100\n|switch|p2b: Aerodactyl|Aerodactyl, L50, M|100/100\n|-ability|p2b: Aerodactyl|Unnerve\n|-weather|RainDance|[from] ability: Drizzle|[of] p1a: Pelipper\n|turn|1\n|inactive|Battle timer is ON: inactive players will automatically lose when time's up. (requested by Zap_2545)\n|\n|t:|1776260484\n|detailschange|p2a: Kangaskhan|Kangaskhan-Mega, L50, F\n|-mega|p2a: Kangaskhan|Kangaskhan|Kangaskhanite\n|move|p1b: Greninja|Protect|p1b: Greninja\n|-start|p1b: Greninja|typechange|Normal|[from] ability: Protean\n|-singleturn|p1b: Greninja|Protect\n|move|p2a: Kangaskhan|Fake Out|p1b: Greninja\n|-activate|p1b: Greninja|move: Protect\n|move|p2b: Aerodactyl|Tailwind|p2b: Aerodactyl\n|-sidestart|p2: thatoneguywithapen|move: Tailwind\n|move|p1a: Pelipper|Tailwind|p1a: Pelipper\n|-sidestart|p1: Zap_2545|move: Tailwind\n|\n|-weather|RainDance|[upkeep]\n|upkeep\n|turn|2\n|\n|t:|1776260499\n|detailschange|p1b: Greninja|Greninja-Mega, L50, F\n|-mega|p1b: Greninja|Greninja|Greninjite\n|move|p1b: Greninja|Water Shuriken|p2b: Aerodactyl\n|-start|p1b: Greninja|typechange|Water|[from] ability: Protean\n|-supereffective|p2b: Aerodactyl|1\n|-crit|p2b: Aerodactyl\n|-damage|p2b: Aerodactyl|51/100\n|-supereffective|p2b: Aerodactyl|1\n|-damage|p2b: Aerodactyl|16/100\n|-supereffective|p2b: Aerodactyl|1\n|-crit|p2b: Aerodactyl\n|-damage|p2b: Aerodactyl|0 fnt\n|faint|p2b: Aerodactyl\n|-hitcount|p2: Aerodactyl|3\n|move|p1a: Pelipper|Hurricane|p2a: Kangaskhan\n|-damage|p2a: Kangaskhan|62/100\n|-start|p2a: Kangaskhan|confusion\n|-activate|p2a: Kangaskhan|confusion\n|move|p2a: Kangaskhan|Low Kick|p1b: Greninja\n|-damage|p1b: Greninja|74/100\n|-damage|p1b: Greninja|69/100\n|-hitcount|p1b: Greninja|2\n|\n|-weather|RainDance|[upkeep]\n|upkeep\n|c|\u2606thatoneguywithapen|wait when gren megas protean resets?\n|inactive|thatoneguywithapen has 30 seconds left.\n|\n|t:|1776260531\n|switch|p2b: Basculegion|Basculegion, L50, M|100/100\n|turn|3\n|\n|t:|1776260545\n|-activate|p2a: Kangaskhan|confusion\n|move|p2a: Kangaskhan|Sucker Punch|p1b: Greninja\n|-damage|p1b: Greninja|41/100\n|-damage|p1b: Greninja|34/100\n|-hitcount|p1b: Greninja|2\n|move|p2b: Basculegion|Wave Crash|p1b: Greninja\n|-resisted|p1b: Greninja|1\n|-damage|p1b: Greninja|0 fnt\n|faint|p1b: Greninja\n|-damage|p2b: Basculegion|92/100|[from] Recoil\n|move|p1a: Pelipper|Hurricane|p2a: Kangaskhan\n|-crit|p2a: Kangaskhan\n|-damage|p2a: Kangaskhan|6/100\n|\n|-weather|RainDance|[upkeep]\n|upkeep\n|\n|t:|1776260558\n|switch|p1b: Basculegion|Basculegion, L50, M|100/100\n|turn|4\n|\n|t:|1776260575\n|switch|p2b: Garchomp|Garchomp, L50, F|100/100\n|move|p1b: Basculegion|Protect|p1b: Basculegion\n|-singleturn|p1b: Basculegion|Protect\n|-end|p2a: Kangaskhan|confusion\n|move|p2a: Kangaskhan|Sucker Punch||[still]\n|-fail|p2a: Kangaskhan\n|move|p1a: Pelipper|Hurricane|p2b: Garchomp\n|-damage|p2b: Garchomp|52/100\n|-start|p2b: Garchomp|confusion\n|\n|-weather|RainDance|[upkeep]\n|-sideend|p1: Zap_2545|move: Tailwind\n|-sideend|p2: thatoneguywithapen|move: Tailwind\n|upkeep\n|turn|5\n|\n|t:|1776260597\n|move|p1a: Pelipper|Wide Guard|p1a: Pelipper\n|-singleturn|p1a: Pelipper|Wide Guard\n|move|p1b: Basculegion|Aqua Jet|p2a: Kangaskhan\n|-damage|p2a: Kangaskhan|0 fnt\n|faint|p2a: Kangaskhan\n|-activate|p2b: Garchomp|confusion\n|-damage|p2b: Garchomp|39/100|[from] confusion\n|\n|-weather|none\n|upkeep\n|\n|t:|1776260605\n|switch|p2a: Basculegion|Basculegion, L50, M|92/100\n|turn|6\n|\n|t:|1776260631\n|move|p1b: Basculegion|Protect|p1b: Basculegion\n|-singleturn|p1b: Basculegion|Protect\n|move|p2a: Basculegion|Last Respects|p1a: Pelipper\n|-crit|p1a: Pelipper\n|-enditem|p1a: Pelipper|Focus Sash\n|-damage|p1a: Pelipper|1/100\n|-activate|p2b: Garchomp|confusion\n|move|p2b: Garchomp|Dragon Claw|p1a: Pelipper\n|-damage|p1a: Pelipper|0 fnt\n|faint|p1a: Pelipper\n|\n|upkeep\n|\n|t:|1776260641\n|switch|p1a: Incineroar|Incineroar, L50, M|100/100\n|-ability|p1a: Incineroar|Intimidate|boost\n|-unboost|p2a: Basculegion|atk|1\n|-unboost|p2b: Garchomp|atk|1\n|-enditem|p2b: Garchomp|White Herb\n|-clearnegativeboost|p2b: Garchomp|[silent]\n|turn|7\n|\n|t:|1776260656\n|move|p1a: Incineroar|Fake Out|p2b: Garchomp\n|-damage|p2b: Garchomp|27/100\n|-damage|p1a: Incineroar|88/100|[from] ability: Rough Skin|[of] p2b: Garchomp\n|move|p2a: Basculegion|Last Respects|p1b: Basculegion\n|-supereffective|p1b: Basculegion|1\n|-damage|p1b: Basculegion|0 fnt\n|faint|p1b: Basculegion\n|cant|p2b: Garchomp|flinch\n|\n|upkeep\n|turn|8\n|-message|Zap_2545 forfeited.\n|\n|win|thatoneguywithapen\n|raw|Zap_2545's rating: 1109 &rarr; <strong>1090</strong><br />(-19 for losing)\n|raw|thatoneguywithapen's rating: 1194 &rarr; <strong>1213</strong><br />(+19 for winning)\n|l|\u203dZap_2545\n|player|p1|\n",
  "uploadtime": 1776260691,
  "views": 65,
  "formatid": "gen9championsvgc2026regma",
  "rating": 1090,
  "private": 0,
  "password": null
}