{
  "id": "gen9championsvgc2026regma-2585888953",
  "format": "[Gen 9 Champions] VGC 2026 Reg M-A",
  "players": [
    "WS Hawk",
    "ernozo"
  ],
  "log": "|j|\u2606WS Hawk\n|j|\u2606ernozo\n|t:|1776378691\n|gametype|doubles\n|player|p1|WS Hawk|1|1160\n|player|p2|ernozo|169|1213\n|gen|9\n|tier|[Gen 9 Champions] VGC 2026 Reg M-A\n|rated|\n|rule|Species Clause: Limit one of each Pok\u00e9mon\n|rule|Item Clause: Limit 1 of each item\n|clearpoke\n|poke|p1|Froslass, L50, F|\n|poke|p1|Garchomp, L50, M|\n|poke|p1|Talonflame, L50, F|\n|poke|p1|Rotom-Wash, L50|\n|poke|p1|Sneasler, L50, M|\n|poke|p1|Kingambit, L50, F|\n|poke|p2|Crabominable, L50, M|\n|poke|p2|Toucannon, L50, F|\n|poke|p2|Slowking, L50, F|\n|poke|p2|Aurorus, L50, M|\n|poke|p2|Tsareena, L50, F|\n|poke|p2|Incineroar, L50, M|\n|teampreview|4\n|inactive|Battle timer is ON: inactive players will automatically lose when time's up. (requested by WS Hawk)\n|\n|t:|1776378715\n|teamsize|p1|4\n|teamsize|p2|4\n|start\n|switch|p1a: Sneasler|Sneasler, L50, M|100/100\n|switch|p1b: Kingambit|Kingambit, L50, F|100/100\n|switch|p2a: Slowking|Slowking, L50, F|100/100\n|switch|p2b: Toucannon|Toucannon, L50, F|100/100\n|turn|1\n|\n|t:|1776378738\n|-singleturn|p2b: Toucannon|move: Beak Blast\n|move|p1a: Sneasler|Fake Out|p2b: Toucannon\n|-damage|p2b: Toucannon|85/100\n|-status|p1a: Sneasler|brn\n|move|p1b: Kingambit|Kowtow Cleave|p2a: Slowking\n|-supereffective|p2a: Slowking|1\n|-enditem|p2a: Slowking|Colbur Berry|[eat]\n|-enditem|p2a: Slowking|Colbur Berry|[weaken]\n|-damage|p2a: Slowking|61/100\n|cant|p2b: Toucannon|flinch\n|move|p2a: Slowking|Trick Room|p2a: Slowking\n|-fieldstart|move: Trick Room|[of] p2a: Slowking\n|\n|-damage|p1a: Sneasler|95/100 brn|[from] brn\n|upkeep\n|turn|2\n|inactive|ernozo has 30 seconds left.\n|\n|t:|1776378764\n|move|p2b: Toucannon|Protect|p2b: Toucannon\n|-singleturn|p2b: Toucannon|Protect\n|move|p1a: Sneasler|Protect|p1a: Sneasler\n|-singleturn|p1a: Sneasler|Protect\n|-prepare|p2a: Slowking|Chilly Reception|[premajor]\n|move|p2a: Slowking|Chilly Reception|p2a: Slowking\n|-weather|Snowscape\n|\n|t:|1776378772\n|switch|p2a: Crabominable|Crabominable, L50, M|100/100|[from] Chilly Reception\n|move|p1b: Kingambit|Kowtow Cleave|p2a: Crabominable\n|-resisted|p2a: Crabominable|1\n|-damage|p2a: Crabominable|84/100\n|\n|-weather|Snowscape|[upkeep]\n|-damage|p1a: Sneasler|89/100 brn|[from] brn\n|upkeep\n|turn|3\n|\n|t:|1776378781\n|detailschange|p2a: Crabominable|Crabominable-Mega, L50, M\n|-mega|p2a: Crabominable|Crabominable|Crabominite\n|move|p2a: Crabominable|Drain Punch|p1b: Kingambit\n|-supereffective|p1b: Kingambit|2\n|-crit|p1b: Kingambit\n|-enditem|p1b: Kingambit|Chople Berry|[eat]\n|-enditem|p1b: Kingambit|Chople Berry|[weaken]\n|-damage|p1b: Kingambit|0 fnt\n|-heal|p2a: Crabominable|100/100|[from] drain|[of] p1b: Kingambit\n|faint|p1b: Kingambit\n|move|p2b: Toucannon|Dual Wingbeat|p1a: Sneasler\n|-supereffective|p1a: Sneasler|1\n|-crit|p1a: Sneasler\n|-damage|p1a: Sneasler|0 fnt\n|faint|p1a: Sneasler\n|-hitcount|p1: Sneasler|1\n|\n|-weather|Snowscape|[upkeep]\n|upkeep\n|\n|t:|1776378787\n|switch|p1b: Froslass|Froslass, L50, F|100/100\n|switch|p1a: Talonflame|Talonflame, L50, F|100/100\n|turn|4\n|\n|t:|1776378809\n|detailschange|p1b: Froslass|Froslass-Mega, L50, F\n|-mega|p1b: Froslass|Froslass|Froslassite\n|move|p1a: Talonflame|Dual Wingbeat|p2a: Crabominable\n|-supereffective|p2a: Crabominable|1\n|-damage|p2a: Crabominable|83/100\n|-supereffective|p2a: Crabominable|1\n|-damage|p2a: Crabominable|65/100\n|-hitcount|p2a: Crabominable|2\n|move|p2a: Crabominable|Ice Punch|p1a: Talonflame\n|-damage|p1a: Talonflame|17/100\n|move|p2b: Toucannon|Rock Blast|p1b: Froslass\n|-supereffective|p1b: Froslass|1\n|-damage|p1b: Froslass|79/100\n|-supereffective|p1b: Froslass|1\n|-damage|p1b: Froslass|60/100\n|-supereffective|p1b: Froslass|1\n|-damage|p1b: Froslass|39/100\n|-supereffective|p1b: Froslass|1\n|-damage|p1b: Froslass|18/100\n|-supereffective|p1b: Froslass|1\n|-damage|p1b: Froslass|0 fnt\n|faint|p1b: Froslass\n|-hitcount|p1: Froslass|5\n|\n|-weather|Snowscape|[upkeep]\n|upkeep\n|turn|5\n|-message|WS Hawk forfeited.\n|\n|win|ernozo\n|raw|WS Hawk's rating: 1160 &rarr; <strong>1139</strong><br />(-21 for losing)\n|raw|ernozo's rating: 1213 &rarr; <strong>1234</strong><br />(+21 for winning)\n|l|\u2606WS Hawk\n|player|p1|\n",
  "uploadtime": 1776378834,
  "views": 16,
  "formatid": "gen9championsvgc2026regma",
  "rating": 1139,
  "private": 0,
  "password": null
}