{
  "id": "gen9championsvgc2026regma-2586609844",
  "format": "[Gen 9 Champions] VGC 2026 Reg M-A",
  "players": [
    "Ranok",
    "flaemm"
  ],
  "log": "|j|\u2606Ranok\n|j|\u2606flaemm\n|t:|1776446575\n|gametype|doubles\n|player|p1|Ranok|n|1248\n|player|p2|flaemm|lusamine-nihilego|1264\n|gen|9\n|tier|[Gen 9 Champions] VGC 2026 Reg M-A\n|rated|\n|rule|Species Clause: Limit one of each Pok\u00e9mon\n|rule|Item Clause: Limit 1 of each item\n|clearpoke\n|poke|p1|Froslass, L50, F|\n|poke|p1|Floette-Eternal, L50, F|\n|poke|p1|Garchomp, L50, M|\n|poke|p1|Sneasler, L50, M|\n|poke|p1|Milotic, L50, F|\n|poke|p1|Kingambit, L50, M|\n|poke|p2|Incineroar, L50, F|\n|poke|p2|Torkoal, L50, M|\n|poke|p2|Appletun, L50, F|\n|poke|p2|Sneasler, L50, F|\n|poke|p2|Farigiraf, L50, M|\n|poke|p2|Crabominable, L50, F|\n|teampreview|4\n|inactive|Battle timer is ON: inactive players will automatically lose when time's up. (requested by Ranok)\nflaemm rejected open team sheets.\n|inactive|flaemm has 60 seconds left.\n|\n|t:|1776446614\n|teamsize|p1|4\n|teamsize|p2|4\n|start\n|switch|p1a: OverlorD|Kingambit, L50, M, shiny|100/100\n|switch|p1b: Drogeta|Sneasler, L50, M, shiny|100/100\n|switch|p2a: Torkoal|Torkoal, L50, M|100/100\n|switch|p2b: Sneasler|Sneasler, L50, F|100/100\n|-weather|SunnyDay|[from] ability: Drought|[of] p2a: Torkoal\n|turn|1\n|inactive|flaemm has 30 seconds left.\n|\n|t:|1776446641\n|move|p1b: Drogeta|Protect|p1b: Drogeta\n|-singleturn|p1b: Drogeta|Protect\n|move|p1a: OverlorD|Protect|p1a: OverlorD\n|-singleturn|p1a: OverlorD|Protect\n|move|p2b: Sneasler|Coaching|p2a: Torkoal\n|-boost|p2a: Torkoal|atk|1\n|-boost|p2a: Torkoal|def|1\n|move|p2a: Torkoal|Eruption|p1b: Drogeta|[spread] \n|-activate|p1a: OverlorD|move: Protect\n|-activate|p1b: Drogeta|move: Protect\n|\n|-weather|SunnyDay|[upkeep]\n|upkeep\n|turn|2\n|\n|t:|1776446662\n|move|p1a: OverlorD|Sucker Punch|p2a: Torkoal\n|-damage|p2a: Torkoal|78/100\n|move|p1b: Drogeta|Dire Claw|p2a: Torkoal\n|-damage|p2a: Torkoal|55/100\n|-status|p2a: Torkoal|psn\n|move|p2b: Sneasler|Close Combat|p1a: OverlorD\n|-supereffective|p1a: OverlorD|2\n|-damage|p1a: OverlorD|0 fnt\n|-unboost|p2b: Sneasler|def|1\n|-unboost|p2b: Sneasler|spd|1\n|faint|p1a: OverlorD\n|-enditem|p2b: Sneasler|White Herb\n|-clearnegativeboost|p2b: Sneasler|[silent]\n|move|p2a: Torkoal|Heat Wave|p1b: Drogeta\n|-damage|p1b: Drogeta|5/100\n|\n|-weather|SunnyDay|[upkeep]\n|-damage|p2a: Torkoal|42/100 psn|[from] psn\n|upkeep\n|\n|t:|1776446681\n|switch|p1a: Yisus|Garchomp, L50, M, shiny|100/100\n|turn|3\n|inactive|flaemm has 30 seconds left.\n|inactive|flaemm has 20 seconds left.\n|inactive|flaemm has 15 seconds left.\n|inactive|flaemm has 10 seconds left.\n|\n|t:|1776446726\n|move|p2b: Sneasler|Dire Claw|p1b: Drogeta\n|-resisted|p1b: Drogeta|1\n|-damage|p1b: Drogeta|0 fnt\n|faint|p1b: Drogeta\n|move|p1a: Yisus|Earthquake|p2b: Sneasler|[spread] p2a,p2b\n|-supereffective|p2a: Torkoal|1\n|-supereffective|p2b: Sneasler|1\n|-damage|p2a: Torkoal|0 fnt\n|-damage|p2b: Sneasler|0 fnt\n|faint|p2a: Torkoal\n|faint|p2b: Sneasler\n|\n|-weather|SunnyDay|[upkeep]\n|upkeep\n|\n|t:|1776446734\n|switch|p2b: Crabominable|Crabominable, L50, F|100/100\n|switch|p1b: Afroslass|Froslass, L50, F|100/100\n|switch|p2a: Farigiraf|Farigiraf, L50, M|100/100\n|turn|4\n|inactive|flaemm has 30 seconds left.\n|\n|t:|1776446769\n|detailschange|p1b: Afroslass|Froslass-Mega, L50, F\n|-mega|p1b: Afroslass|Froslass|Froslassite\n|-weather|Snowscape|[from] ability: Snow Warning|[of] p1b: Afroslass\n|detailschange|p2b: Crabominable|Crabominable-Mega, L50, F\n|-mega|p2b: Crabominable|Crabominable|Crabominite\n|move|p1b: Afroslass|Blizzard|p2a: Farigiraf|[spread] p2a,p2b\n|-resisted|p2b: Crabominable|1\n|-damage|p2a: Farigiraf|59/100\n|-damage|p2b: Crabominable|81/100\n|move|p1a: Yisus|Dragon Claw|p2a: Farigiraf\n|-damage|p2a: Farigiraf|29/100\n|move|p2b: Crabominable|Ice Hammer|p1a: Yisus\n|-supereffective|p1a: Yisus|2\n|-damage|p1a: Yisus|0 fnt\n|-unboost|p2b: Crabominable|spe|1\n|-damage|p2b: Crabominable|69/100|[from] ability: Rough Skin|[of] p1a: Yisus\n|faint|p1a: Yisus\n|move|p2a: Farigiraf|Trick Room|p2a: Farigiraf\n|-fieldstart|move: Trick Room|[of] p2a: Farigiraf\n|\n|-weather|Snowscape|[upkeep]\n|upkeep\n|turn|5\n|inactive|flaemm has 30 seconds left.\n|\n|t:|1776446796\n|move|p2b: Crabominable|Ice Hammer|p1b: Afroslass\n|-resisted|p1b: Afroslass|1\n|-damage|p1b: Afroslass|60/100\n|-unboost|p2b: Crabominable|spe|1\n|move|p2a: Farigiraf|Twin Beam|p1b: Afroslass\n|-damage|p1b: Afroslass|39/100\n|-damage|p1b: Afroslass|19/100\n|-hitcount|p1b: Afroslass|2\n|move|p1b: Afroslass|Blizzard|p2b: Crabominable|[spread] p2a,p2b\n|-resisted|p2b: Crabominable|1\n|-damage|p2a: Farigiraf|0 fnt\n|-damage|p2b: Crabominable|50/100\n|faint|p2a: Farigiraf\n|\n|-weather|Snowscape|[upkeep]\n|upkeep\n|turn|6\n|-message|Ranok forfeited.\n|\n|win|flaemm\n|raw|Ranok's rating: 1248 &rarr; <strong>1224</strong><br />(-24 for losing)\n|raw|flaemm's rating: 1264 &rarr; <strong>1288</strong><br />(+24 for winning)\n|l|\u2606Ranok\n|player|p1|\n",
  "uploadtime": 1776446816,
  "views": 36,
  "formatid": "gen9championsvgc2026regma",
  "rating": 1224,
  "private": 0,
  "password": null
}