{
  "id": "gen9championsvgc2026regma-2588907806",
  "format": "[Gen 9 Champions] VGC 2026 Reg M-A",
  "players": [
    "arrascaxeira",
    "Beestingaa"
  ],
  "log": "|j|\u2606arrascaxeira\n|j|\u2606Beestingaa\n|t:|1776684732\n|gametype|doubles\n|player|p1|arrascaxeira|1|1267\n|player|p2|Beestingaa|2|1305\n|gen|9\n|tier|[Gen 9 Champions] VGC 2026 Reg M-A\n|rated|\n|rule|Species Clause: Limit one of each Pok\u00e9mon\n|rule|Item Clause: Limit 1 of each item\n|clearpoke\n|poke|p1|Kommo-o, L50, F|\n|poke|p1|Basculegion, L50, M|\n|poke|p1|Chandelure, L50, M|\n|poke|p1|Whimsicott, L50, F|\n|poke|p1|Sneasler, L50, M|\n|poke|p1|Aerodactyl, L50, M|\n|poke|p2|Meganium, L50, F|\n|poke|p2|Aerodactyl, L50, M, shiny|\n|poke|p2|Typhlosion-Hisui, L50, M|\n|poke|p2|Kangaskhan, L50, F|\n|poke|p2|Rotom-Wash, L50|\n|poke|p2|Sneasler, L50, F|\n|teampreview|4\n|inactive|Battle timer is ON: inactive players will automatically lose when time's up. (requested by arrascaxeira)\n|\n|t:|1776684761\n|teamsize|p1|4\n|teamsize|p2|4\n|start\n|switch|p1a: Whimsicott|Whimsicott, L50, F|100/100\n|switch|p1b: Aerodactyl|Aerodactyl, L50, M|100/100\n|switch|p2a: Typhlosion|Typhlosion-Hisui, L50, M|100/100\n|switch|p2b: Kangaskhan|Kangaskhan, L50, F|100/100\n|-ability|p1b: Aerodactyl|Unnerve\n|turn|1\n|inactive|Beestingaa has 30 seconds left.\n|inactive|Beestingaa has 20 seconds left.\n|inactive|Beestingaa has 15 seconds left.\n|inactive|Beestingaa has 10 seconds left.\n|inactive|Beestingaa has 5 seconds left.\n|\n|t:|1776684811\n|detailschange|p1b: Aerodactyl|Aerodactyl-Mega, L50, M\n|-mega|p1b: Aerodactyl|Aerodactyl|Aerodactylite\n|move|p2b: Kangaskhan|Fake Out|p1a: Whimsicott\n|-damage|p1a: Whimsicott|77/100\n|cant|p1a: Whimsicott|flinch\n|move|p2a: Typhlosion|Eruption|p1a: Whimsicott|[spread] p1a,p1b\n|-supereffective|p1a: Whimsicott|1\n|-resisted|p1b: Aerodactyl|1\n|-crit|p1b: Aerodactyl\n|-damage|p1a: Whimsicott|0 fnt\n|-damage|p1b: Aerodactyl|60/100\n|faint|p1a: Whimsicott\n|move|p1b: Aerodactyl|Rock Slide|p2a: Typhlosion|[spread] p2a,p2b\n|-supereffective|p2a: Typhlosion|1\n|-damage|p2a: Typhlosion|19/100\n|-damage|p2b: Kangaskhan|73/100\n|\n|upkeep\n|\n|t:|1776684830\n|switch|p1a: Sneasler|Sneasler, L50, M|100/100\n|turn|2\n|\n|t:|1776684846\n|switch|p2a: Rotom|Rotom-Wash, L50|100/100\n|switch|p2b: Aerodactyl|Aerodactyl, L50, M, shiny|100/100\n|-ability|p2b: Aerodactyl|Unnerve\n|move|p1b: Aerodactyl|Rock Slide|p2b: Aerodactyl|[spread] p2a\n|-miss|p1b: Aerodactyl|p2b: Aerodactyl\n|-damage|p2a: Rotom|71/100\n|move|p1a: Sneasler|Close Combat|p2b: Aerodactyl\n|-enditem|p2b: Aerodactyl|Focus Sash\n|-damage|p2b: Aerodactyl|1/100\n|-unboost|p1a: Sneasler|def|1\n|-unboost|p1a: Sneasler|spd|1\n|-enditem|p1a: Sneasler|White Herb\n|-clearnegativeboost|p1a: Sneasler|[silent]\n|\n|-heal|p2a: Rotom|77/100|[from] item: Leftovers\n|upkeep\n|turn|3\n|inactive|Beestingaa has 30 seconds left.\n|\n|t:|1776684876\n|move|p2b: Aerodactyl|Protect|p2b: Aerodactyl\n|-singleturn|p2b: Aerodactyl|Protect\n|move|p1a: Sneasler|Close Combat|p2a: Rotom\n|-damage|p2a: Rotom|7/100\n|-unboost|p1a: Sneasler|def|1\n|-unboost|p1a: Sneasler|spd|1\n|move|p1b: Aerodactyl|Rock Slide|p2b: Aerodactyl|[spread] p2a\n|-activate|p2b: Aerodactyl|move: Protect\n|-damage|p2a: Rotom|0 fnt\n|faint|p2a: Rotom\n|\n|upkeep\n|\n|t:|1776684893\n|switch|p2a: Kangaskhan|Kangaskhan, L50, F|73/100\n|turn|4\n|\n|t:|1776684913\n|detailschange|p2a: Kangaskhan|Kangaskhan-Mega, L50, F\n|-mega|p2a: Kangaskhan|Kangaskhan|Kangaskhanite\n|move|p2a: Kangaskhan|Sucker Punch|p1a: Sneasler\n|-resisted|p1a: Sneasler|1\n|-damage|p1a: Sneasler|67/100\n|-resisted|p1a: Sneasler|1\n|-damage|p1a: Sneasler|59/100\n|-hitcount|p1a: Sneasler|2\n|move|p1a: Sneasler|Close Combat|p2a: Kangaskhan\n|-supereffective|p2a: Kangaskhan|1\n|-damage|p2a: Kangaskhan|0 fnt\n|-unboost|p1a: Sneasler|def|1\n|-unboost|p1a: Sneasler|spd|1\n|faint|p2a: Kangaskhan\n|move|p1b: Aerodactyl|Rock Slide|p2b: Aerodactyl|[miss]\n|-miss|p1b: Aerodactyl|p2b: Aerodactyl\n|move|p2b: Aerodactyl|Rock Slide|p1a: Sneasler|[spread] p1a,p1b\n|-resisted|p1a: Sneasler|1\n|-supereffective|p1b: Aerodactyl|1\n|-damage|p1a: Sneasler|15/100\n|-damage|p1b: Aerodactyl|9/100\n|\n|upkeep\n|\n|t:|1776684922\n|switch|p2a: Typhlosion|Typhlosion-Hisui, L50, M|19/100\n|turn|5\n|inactive|Beestingaa has 30 seconds left.\n|inactive|arrascaxeira has 30 seconds left.\n|\n|t:|1776684958\n|move|p2b: Aerodactyl|Protect|p2b: Aerodactyl\n|-singleturn|p2b: Aerodactyl|Protect\n|move|p1a: Sneasler|Dire Claw|p2a: Typhlosion\n|-resisted|p2a: Typhlosion|1\n|-damage|p2a: Typhlosion|0 fnt\n|faint|p2a: Typhlosion\n|move|p1b: Aerodactyl|Rock Slide|p2b: Aerodactyl\n|-activate|p2b: Aerodactyl|move: Protect\n|\n|upkeep\n|turn|6\n|\n|t:|1776684978\n|move|p1a: Sneasler|Dire Claw|p2b: Aerodactyl\n|-resisted|p2b: Aerodactyl|1\n|-damage|p2b: Aerodactyl|0 fnt\n|faint|p2b: Aerodactyl\n|\n|win|arrascaxeira\n|raw|arrascaxeira's rating: 1267 &rarr; <strong>1295</strong><br />(+28 for winning)\n|raw|Beestingaa's rating: 1305 &rarr; <strong>1283</strong><br />(-22 for losing)\n",
  "uploadtime": 1776684988,
  "views": 16,
  "formatid": "gen9championsvgc2026regma",
  "rating": 1283,
  "private": 0,
  "password": null
}