{
  "id": "gen9championsvgc2026regma-2584550462",
  "format": "[Gen 9 Champions] VGC 2026 Reg M-A",
  "players": [
    "Yunobo7",
    "bateristaemo"
  ],
  "log": "|j|\u2606Yunobo7\n|j|\u2606bateristaemo\n|t:|1776268160\n|gametype|doubles\n|player|p1|Yunobo7|miku-ghost|1286\n|player|p2|bateristaemo|clair|1236\n|gen|9\n|tier|[Gen 9 Champions] VGC 2026 Reg M-A\n|rated|\n|rule|Species Clause: Limit one of each Pok\u00e9mon\n|rule|Item Clause: Limit 1 of each item\n|clearpoke\n|poke|p1|Delphox, L50, F|\n|poke|p1|Garchomp, L50, M|\n|poke|p1|Rotom-Wash, L50|\n|poke|p1|Kingambit, L50, M|\n|poke|p1|Sneasler, L50, M|\n|poke|p1|Sinistcha, L50|\n|poke|p2|Floette-Eternal, L50, F|\n|poke|p2|Aerodactyl, L50, M|\n|poke|p2|Incineroar, L50, F|\n|poke|p2|Garchomp, L50, F|\n|poke|p2|Charizard, L50, F|\n|poke|p2|Venusaur, L50, M|\n|teampreview|4\n|inactive|Battle timer is ON: inactive players will automatically lose when time's up. (requested by Yunobo7)\n|inactive|bateristaemo also wants the timer to be on.\n|inactive|Yunobo7 has 60 seconds left.\n|\n|t:|1776268200\n|teamsize|p1|4\n|teamsize|p2|4\n|start\n|switch|p1a: Delphox|Delphox, L50, F|100/100\n|switch|p1b: Sneasler|Sneasler, L50, M|100/100\n|switch|p2a: Aerodactyl|Aerodactyl, L50, M|100/100\n|switch|p2b: Incineroar|Incineroar, L50, F|100/100\n|-ability|p2a: Aerodactyl|Unnerve\n|-ability|p2b: Incineroar|Intimidate|boost\n|-unboost|p1a: Delphox|atk|1\n|-unboost|p1b: Sneasler|atk|1\n|-enditem|p1b: Sneasler|White Herb\n|-clearnegativeboost|p1b: Sneasler|[silent]\n|turn|1\n|\n|t:|1776268216\n|switch|p1a: Rotom|Rotom-Wash, L50|100/100\n|move|p1b: Sneasler|Fake Out|p2a: Aerodactyl\n|-resisted|p2a: Aerodactyl|1\n|-damage|p2a: Aerodactyl|91/100\n|move|p2b: Incineroar|Fake Out|p1b: Sneasler\n|-damage|p1b: Sneasler|78/100\n|cant|p2a: Aerodactyl|flinch\n|\n|upkeep\n|turn|2\n|\n|t:|1776268227\n|switch|p1b: Garchomp|Garchomp, L50, M|100/100\n|move|p1a: Rotom|Discharge|p2a: Aerodactyl|[spread] p2a,p2b\n|-immune|p1b: Garchomp\n|-supereffective|p2a: Aerodactyl|1\n|-damage|p2a: Aerodactyl|17/100\n|-damage|p2b: Incineroar|77/100\n|-status|p2a: Aerodactyl|par\n|-enditem|p2a: Aerodactyl|Lum Berry|[eat]\n|-curestatus|p2a: Aerodactyl|par|[msg]\n|move|p2a: Aerodactyl|Tailwind|p2a: Aerodactyl\n|-sidestart|p2: bateristaemo|move: Tailwind\n|move|p2b: Incineroar|Parting Shot|p1a: Rotom\n|-unboost|p1a: Rotom|atk|1\n|-unboost|p1a: Rotom|spa|1\n|\n|t:|1776268234\n|switch|p2b: Venusaur|Venusaur, L50, M|100/100|[from] Parting Shot\n|\n|upkeep\n|turn|3\n|\n|t:|1776268246\n|switch|p2b: Incineroar|Incineroar, L50, F|77/100\n|-ability|p2b: Incineroar|Intimidate|boost\n|-unboost|p1a: Rotom|atk|1\n|-unboost|p1b: Garchomp|atk|1\n|move|p2a: Aerodactyl|Rock Slide|p1a: Rotom|[spread] p1b\n|-miss|p2a: Aerodactyl|p1a: Rotom\n|-resisted|p1b: Garchomp|1\n|-damage|p1b: Garchomp|88/100\n|move|p1a: Rotom|Discharge|p2a: Aerodactyl|[spread] p2a,p2b\n|-immune|p1b: Garchomp\n|-supereffective|p2a: Aerodactyl|1\n|-damage|p2a: Aerodactyl|0 fnt\n|-damage|p2b: Incineroar|59/100\n|faint|p2a: Aerodactyl\n|move|p1b: Garchomp|Earthquake|p2b: Incineroar|[spread] p2b\n|-immune|p1a: Rotom|[from] ability: Levitate\n|-supereffective|p2b: Incineroar|1\n|-damage|p2b: Incineroar|13/100\n|-enditem|p2b: Incineroar|Sitrus Berry|[eat]\n|-heal|p2b: Incineroar|38/100|[from] item: Sitrus Berry\n|\n|upkeep\n|\n|t:|1776268257\n|switch|p2a: Charizard|Charizard, L50, F|100/100\n|turn|4\n|\n|t:|1776268276\n|switch|p1b: Sneasler|Sneasler, L50, M|78/100\n|detailschange|p2a: Charizard|Charizard-Mega-Y, L50, F\n|-mega|p2a: Charizard|Charizard|Charizardite Y\n|-weather|SunnyDay|[from] ability: Drought|[of] p2a: Charizard\n|move|p2b: Incineroar|Fake Out|p1a: Rotom\n|-damage|p1a: Rotom|86/100\n|move|p2a: Charizard|Air Slash|p1b: Sneasler\n|-supereffective|p1b: Sneasler|1\n|-damage|p1b: Sneasler|0 fnt\n|faint|p1b: Sneasler\n|cant|p1a: Rotom|flinch\n|\n|-weather|SunnyDay|[upkeep]\n|upkeep\n|\n|t:|1776268282\n|switch|p1b: Garchomp|Garchomp, L50, M|88/100\n|turn|5\n|\n|t:|1776268293\n|move|p2a: Charizard|Air Slash|p1b: Garchomp\n|-damage|p1b: Garchomp|37/100\n|move|p1a: Rotom|Discharge|p2a: Charizard|[spread] p2a,p2b\n|-immune|p1b: Garchomp\n|-supereffective|p2a: Charizard|1\n|-damage|p2a: Charizard|67/100\n|-damage|p2b: Incineroar|22/100\n|-status|p2b: Incineroar|par\n|cant|p1b: Garchomp|flinch\n|move|p2b: Incineroar|Throat Chop|p1a: Rotom\n|-damage|p1a: Rotom|43/100\n|-start|p1a: Rotom|Throat Chop|[silent]\n|\n|-weather|SunnyDay|[upkeep]\n|-sideend|p2: bateristaemo|move: Tailwind\n|upkeep\n|turn|6\n|\n|t:|1776268311\n|move|p1b: Garchomp|Protect|p1b: Garchomp\n|-singleturn|p1b: Garchomp|Protect\n|move|p1a: Rotom|Discharge|p2b: Incineroar|[spread] p2a,p2b\n|-activate|p1b: Garchomp|move: Protect\n|-supereffective|p2a: Charizard|1\n|-damage|p2a: Charizard|31/100\n|-damage|p2b: Incineroar|4/100 par\n|-status|p2a: Charizard|par\n|move|p2a: Charizard|Air Slash|p1b: Garchomp\n|-activate|p1b: Garchomp|move: Protect\n|move|p2b: Incineroar|Throat Chop|p1a: Rotom\n|-damage|p1a: Rotom|0 fnt\n|faint|p1a: Rotom\n|\n|-weather|SunnyDay|[upkeep]\n|upkeep\n|\n|t:|1776268324\n|switch|p1a: Delphox|Delphox, L50, F|100/100\n|turn|7\n|\n|t:|1776268332\n|detailschange|p1a: Delphox|Delphox-Mega, L50, F\n|-mega|p1a: Delphox|Delphox|Delphoxite\n|move|p1a: Delphox|Psychic|p2a: Charizard\n|-damage|p2a: Charizard|0 fnt\n|faint|p2a: Charizard\n|move|p1b: Garchomp|Stomping Tantrum|p2b: Incineroar\n|-supereffective|p2b: Incineroar|1\n|-damage|p2b: Incineroar|0 fnt\n|faint|p2b: Incineroar\n|\n|-weather|SunnyDay|[upkeep]\n|upkeep\n|\n|t:|1776268336\n|switch|p2b: Venusaur|Venusaur, L50, M|100/100\n|turn|8\n|\n|t:|1776268341\n|move|p1a: Delphox|Protect|p1a: Delphox\n|-singleturn|p1a: Delphox|Protect\n|move|p1b: Garchomp|Protect|p1b: Garchomp\n|-singleturn|p1b: Garchomp|Protect\n|move|p2b: Venusaur|Sleep Powder|p1a: Delphox\n|-activate|p1a: Delphox|move: Protect\n|\n|-weather|none\n|upkeep\n|turn|9\n|-message|bateristaemo forfeited.\n|\n|win|Yunobo7\n|raw|Yunobo7's rating: 1286 &rarr; <strong>1307</strong><br />(+21 for winning)\n|raw|bateristaemo's rating: 1236 &rarr; <strong>1215</strong><br />(-21 for losing)\n|l|\u2606bateristaemo\n|player|p2|\n",
  "uploadtime": 1776268354,
  "views": 37,
  "formatid": "gen9championsvgc2026regma",
  "rating": 1215,
  "private": 0,
  "password": null
}