{
  "id": "gen9championsvgc2026regma-2581399393",
  "format": "[Gen 9 Champions] VGC 2026 Reg M-A",
  "players": [
    "rio melaceto",
    "Bimboddue"
  ],
  "log": "|j|\u2606rio melaceto\n|j|\u2606Bimboddue\n|t:|1775996345\n|gametype|doubles\n|player|p1|rio melaceto|101|1186\n|player|p2|Bimboddue|101|1213\n|gen|9\n|tier|[Gen 9 Champions] VGC 2026 Reg M-A\n|rated|\n|rule|Species Clause: Limit one of each Pok\u00e9mon\n|rule|Item Clause: Limit 1 of each item\n|clearpoke\n|poke|p1|Torkoal, L50, F|\n|poke|p1|Hatterene, L50, F|\n|poke|p1|Drampa, L50, F|\n|poke|p1|Golurk, L50|\n|poke|p1|Farigiraf, L50, M|\n|poke|p1|Mimikyu, L50, M|\n|poke|p2|Emboar, L50, M|\n|poke|p2|Primarina, L50, M|\n|poke|p2|Farigiraf, L50, F|\n|poke|p2|Tyranitar, L50, M|\n|poke|p2|Scizor, L50, F|\n|poke|p2|Klefki, L50, M|\n|teampreview|4\nBimboddue has agreed to open team sheets.\nrio melaceto has agreed to open team sheets.\n|showteam|p1|Torkoal||Charcoal|Drought|Eruption,WeatherBall,Protect,EarthPower|||F|||50|]Hatterene||FairyFeather|MagicBounce|DazzlingGleam,Psychic,TrickRoom,Protect|||F|||50|]Drampa||Drampanite|Berserk|HyperVoice,DragonPulse,Protect,Roost|||F|||50|]Golurk||Golurkite|NoGuard|Poltergeist,HeadlongRush,RockSlide,Protect||||||50|]Farigiraf||SitrusBerry|ArmorTail|HyperVoice,Psychic,TrickRoom,FoulPlay|||M|||50|]Mimikyu||MentalHerb|Disguise|TrickRoom,Curse,PlayRough,ShadowClaw|||M|||50|\n|showteam|p2|Emboar||Emboarite|Blaze|Protect,HammerArm,FlareBlitz,HeavySlam|||M|||50|]Primarina||Leftovers|LiquidVoice|HyperVoice,CalmMind,Protect,Moonblast|||M|||50|]Farigiraf||SitrusBerry|ArmorTail|TrickRoom,Psychic,HelpingHand,CalmMind|||F|||50|]Tyranitar||ChopleBerry|Unnerve|RockSlide,BrickBreak,KnockOff,Curse|||M|||50|]Scizor||MetalCoat|Technician|BulletPunch,DualWingbeat,Uturn,SwordsDance|||F|||50|]Klefki||MentalHerb|Prankster|DrainingKiss,TrickRoom,Reflect,LightScreen|||M|||50|\n|\n|t:|1775996402\n|teamsize|p1|4\n|teamsize|p2|4\n|start\n|switch|p1a: Mimikyu|Mimikyu, L50, M|100/100\n|switch|p1b: Hatterene|Hatterene, L50, F|100/100\n|switch|p2a: Primarina|Primarina, L50, M|100/100\n|switch|p2b: Scizor|Scizor, L50, F|100/100\n|turn|1\n|\n|t:|1775996430\n|move|p1b: Hatterene|Protect|p1b: Hatterene\n|-singleturn|p1b: Hatterene|Protect\n|move|p2b: Scizor|Swords Dance|p2b: Scizor\n|-boost|p2b: Scizor|atk|2\n|move|p2a: Primarina|Hyper Voice|p1a: Mimikyu|[spread] p1a\n|-activate|p1b: Hatterene|move: Protect\n|-activate|p1a: Mimikyu|ability: Disguise\n|-damage|p1a: Mimikyu|100/100\n|detailschange|p1a: Mimikyu|Mimikyu-Busted, L50, M\n|-damage|p1a: Mimikyu|88/100|[from] pokemon: Mimikyu-Busted\n|move|p1a: Mimikyu|Trick Room|p1a: Mimikyu\n|-fieldstart|move: Trick Room|[of] p1a: Mimikyu\n|\n|upkeep\n|turn|2\n|\n|t:|1775996459\n|move|p2b: Scizor|Bullet Punch|p1b: Hatterene\n|-supereffective|p1b: Hatterene|1\n|-damage|p1b: Hatterene|0 fnt\n|faint|p1b: Hatterene\n|move|p2a: Primarina|Hyper Voice|p1a: Mimikyu\n|-damage|p1a: Mimikyu|38/100\n|move|p1a: Mimikyu|Play Rough|p2a: Primarina\n|-damage|p2a: Primarina|59/100\n|-unboost|p2a: Primarina|atk|1\n|\n|-heal|p2a: Primarina|65/100|[from] item: Leftovers\n|upkeep\n|\n|t:|1775996470\n|switch|p1b: Torkoal|Torkoal, L50, F|100/100\n|-weather|SunnyDay|[from] ability: Drought|[of] p1b: Torkoal\n|turn|3\n|\n|t:|1775996506\n|switch|p1a: Golurk|Golurk, L50|100/100\n|move|p2b: Scizor|Bullet Punch|p1a: Golurk\n|-damage|p1a: Golurk|13/100\n|move|p1b: Torkoal|Eruption|p2b: Scizor|[spread] p2a,p2b\n|-resisted|p2a: Primarina|1\n|-supereffective|p2b: Scizor|2\n|-damage|p2a: Primarina|27/100\n|-damage|p2b: Scizor|0 fnt\n|faint|p2b: Scizor\n|move|p2a: Primarina|Hyper Voice|p1b: Torkoal|[spread] p1a,p1b\n|-supereffective|p1a: Golurk|1\n|-supereffective|p1b: Torkoal|1\n|-damage|p1a: Golurk|0 fnt\n|-damage|p1b: Torkoal|52/100\n|faint|p1a: Golurk\n|\n|-weather|SunnyDay|[upkeep]\n|-heal|p2a: Primarina|33/100|[from] item: Leftovers\n|upkeep\n|\n|t:|1775996545\n|switch|p1a: Mimikyu|Mimikyu-Busted, L50, M|38/100\n|switch|p2b: Emboar|Emboar, L50, M|100/100\n|turn|4\n|\n|t:|1775996556\n|move|p2a: Primarina|Protect|p2a: Primarina\n|-singleturn|p2a: Primarina|Protect\n|move|p2b: Emboar|Protect|p2b: Emboar\n|-singleturn|p2b: Emboar|Protect\n|move|p1b: Torkoal|Earth Power|p2b: Emboar\n|-activate|p2b: Emboar|move: Protect\n|move|p1a: Mimikyu|Play Rough|p2b: Emboar\n|-activate|p2b: Emboar|move: Protect\n|\n|-weather|SunnyDay|[upkeep]\n|-heal|p2a: Primarina|39/100|[from] item: Leftovers\n|upkeep\n|turn|5\n|\n|t:|1775996584\n|detailschange|p2b: Emboar|Emboar-Mega, L50, M\n|-mega|p2b: Emboar|Emboar|Emboarite\n|-ability|p2b: Emboar|Mold Breaker\n|move|p1b: Torkoal|Earth Power|p2b: Emboar\n|-supereffective|p2b: Emboar|1\n|-damage|p2b: Emboar|56/100\n|move|p2a: Primarina|Hyper Voice|p1a: Mimikyu|[spread] p1a,p1b\n|-supereffective|p1b: Torkoal|1\n|-damage|p1a: Mimikyu|20/100\n|-damage|p1b: Torkoal|7/100\n|move|p2b: Emboar|Hammer Arm|p1b: Torkoal\n|-damage|p1b: Torkoal|0 fnt\n|-unboost|p2b: Emboar|spe|1\n|faint|p1b: Torkoal\n|move|p1a: Mimikyu|Play Rough|p2b: Emboar\n|-damage|p2b: Emboar|17/100\n|\n|-weather|SunnyDay|[upkeep]\n|-heal|p2a: Primarina|45/100|[from] item: Leftovers\n|-fieldend|move: Trick Room\n|upkeep\n|turn|6\n|\n|t:|1775996606\n|move|p1a: Mimikyu|Play Rough|p2a: Primarina|[miss]\n|-miss|p1a: Mimikyu|p2a: Primarina\n|move|p2a: Primarina|Hyper Voice|p1a: Mimikyu\n|-damage|p1a: Mimikyu|0 fnt\n|faint|p1a: Mimikyu\n|\n|win|Bimboddue\n|raw|rio melaceto's rating: 1186 &rarr; <strong>1163</strong><br />(-23 for losing)\n|raw|Bimboddue's rating: 1213 &rarr; <strong>1236</strong><br />(+23 for winning)\n|l|\u2606rio melaceto\n|player|p1|\n",
  "uploadtime": 1775996619,
  "views": 20,
  "formatid": "gen9championsvgc2026regma",
  "rating": 1163,
  "private": 0,
  "password": null
}