{
  "id": "gen9championsvgc2026regma-2587797265",
  "format": "[Gen 9 Champions] VGC 2026 Reg M-A",
  "players": [
    "ShinyLucari00",
    "Scrubby009"
  ],
  "log": "|j|\u2606ShinyLucari00\n|j|\u2606Scrubby009\n|t:|1776564977\n|gametype|doubles\n|player|p1|ShinyLucari00|169|1338\n|player|p2|Scrubby009|skyla|1368\n|gen|9\n|tier|[Gen 9 Champions] VGC 2026 Reg M-A\n|rated|\n|rule|Species Clause: Limit one of each Pok\u00e9mon\n|rule|Item Clause: Limit 1 of each item\n|clearpoke\n|poke|p1|Aerodactyl, L50, M|\n|poke|p1|Floette-Eternal, L50, F|\n|poke|p1|Incineroar, L50, F, shiny|\n|poke|p1|Kingambit, L50, F, shiny|\n|poke|p1|Basculegion, L50, M|\n|poke|p1|Garchomp, L50, F|\n|poke|p2|Lopunny, L50, F, shiny|\n|poke|p2|Scizor, L50, M|\n|poke|p2|Rotom-Heat, L50|\n|poke|p2|Sinistcha, L50|\n|poke|p2|Dragapult, L50, M|\n|poke|p2|Primarina, L50, F|\n|teampreview|4\n|c|\u2606Scrubby009|glhf\n|inactive|Battle timer is ON: inactive players will automatically lose when time's up. (requested by ShinyLucari00)\n|\n|t:|1776565018\n|teamsize|p1|4\n|teamsize|p2|4\n|start\n|switch|p1a: Aerodactyl|Aerodactyl, L50, M|100/100\n|switch|p1b: Incineroar|Incineroar, L50, F, shiny|100/100\n|switch|p2a: B-Girl Kelly|Lopunny, L50, F, shiny|100/100\n|switch|p2b: Prime Time|Primarina, L50, F|100/100\n|-ability|p1a: Aerodactyl|Unnerve\n|-ability|p1b: Incineroar|Intimidate|boost\n|-unboost|p2a: B-Girl Kelly|atk|1\n|-unboost|p2b: Prime Time|atk|1\n|turn|1\n|inactive|ShinyLucari00 has 30 seconds left.\n|inactive|ShinyLucari00 has 20 seconds left.\n|\n|t:|1776565055\n|detailschange|p2a: B-Girl Kelly|Lopunny-Mega, L50, F, shiny\n|-mega|p2a: B-Girl Kelly|Lopunny|Lopunnite\n|move|p2a: B-Girl Kelly|Fake Out|p1a: Aerodactyl\n|-resisted|p1a: Aerodactyl|1\n|-damage|p1a: Aerodactyl|90/100\n|move|p1b: Incineroar|Fake Out|p2b: Prime Time\n|-crit|p2b: Prime Time\n|-damage|p2b: Prime Time|86/100\n|cant|p1a: Aerodactyl|flinch\n|cant|p2b: Prime Time|flinch\n|\n|-heal|p2b: Prime Time|92/100|[from] item: Leftovers\n|upkeep\n|turn|2\n|\n|t:|1776565072\n|move|p2a: B-Girl Kelly|Triple Axel|p1a: Aerodactyl\n|-supereffective|p1a: Aerodactyl|1\n|-damage|p1a: Aerodactyl|73/100\n|-supereffective|p1a: Aerodactyl|1\n|-damage|p1a: Aerodactyl|41/100\n|-hitcount|p1a: Aerodactyl|2\n|move|p1a: Aerodactyl|Tailwind|p1a: Aerodactyl\n|-sidestart|p1: ShinyLucari00|move: Tailwind\n|move|p1b: Incineroar|Parting Shot|p2b: Prime Time\n|-unboost|p2b: Prime Time|atk|1\n|-unboost|p2b: Prime Time|spa|1\n|\n|t:|1776565083\n|switch|p1b: Basculegion|Basculegion, L50, M|100/100|[from] Parting Shot\n|move|p2b: Prime Time|Calm Mind|p2b: Prime Time\n|-boost|p2b: Prime Time|spa|1\n|-boost|p2b: Prime Time|spd|1\n|\n|-heal|p2b: Prime Time|98/100|[from] item: Leftovers\n|upkeep\n|turn|3\n|\n|t:|1776565096\n|switch|p2a: Tea Time|Sinistcha, L50|100/100\n|-heal|p2b: Prime Time|100/100|[from] ability: Hospitality|[of] p2a: Tea Time\n|move|p1a: Aerodactyl|Rock Slide|p2a: Tea Time|[spread] p2a,p2b\n|-crit|p2b: Prime Time\n|-damage|p2a: Tea Time|75/100\n|-damage|p2b: Prime Time|62/100\n|move|p1b: Basculegion|Last Respects|p2b: Prime Time\n|-damage|p2b: Prime Time|26/100\n|move|p2b: Prime Time|Calm Mind|p2b: Prime Time\n|-boost|p2b: Prime Time|spa|1\n|-boost|p2b: Prime Time|spd|1\n|\n|-heal|p2b: Prime Time|32/100|[from] item: Leftovers\n|upkeep\n|turn|4\n|inactive|Scrubby009 has 30 seconds left.\n|\n|t:|1776565122\n|move|p2b: Prime Time|Protect|p2b: Prime Time\n|-singleturn|p2b: Prime Time|Protect\n|move|p1a: Aerodactyl|Dual Wingbeat|p2a: Tea Time\n|-supereffective|p2a: Tea Time|1\n|-damage|p2a: Tea Time|41/100\n|-supereffective|p2a: Tea Time|1\n|-damage|p2a: Tea Time|6/100\n|-hitcount|p2a: Tea Time|2\n|move|p1b: Basculegion|Last Respects|p2b: Prime Time\n|-activate|p2b: Prime Time|move: Protect\n|move|p2a: Tea Time|Life Dew|p2a: Tea Time|[spread] p2a,p2b\n|-heal|p2a: Tea Time|31/100\n|-heal|p2b: Prime Time|57/100\n|\n|-heal|p2b: Prime Time|64/100|[from] item: Leftovers\n|upkeep\n|turn|5\n|\n|t:|1776565142\n|move|p2a: Tea Time|Rage Powder|p2a: Tea Time\n|-singleturn|p2a: Tea Time|move: Rage Powder\n|move|p1a: Aerodactyl|Dual Wingbeat|p2a: Tea Time\n|-supereffective|p2a: Tea Time|1\n|-damage|p2a: Tea Time|0 fnt\n|faint|p2a: Tea Time\n|-hitcount|p2: Tea Time|1\n|move|p1b: Basculegion|Last Respects|p2b: Prime Time\n|-damage|p2b: Prime Time|27/100\n|move|p2b: Prime Time|Moonblast|p1b: Basculegion\n|-damage|p1b: Basculegion|25/100\n|\n|-heal|p2b: Prime Time|33/100|[from] item: Leftovers\n|-sideend|p1: ShinyLucari00|move: Tailwind\n|upkeep\n|inactive|Scrubby009 has 30 seconds left.\n|\n|t:|1776565170\n|switch|p2a: B-Girl Kelly|Lopunny-Mega, L50, F, shiny|100/100\n|turn|6\n|\n|t:|1776565179\n|move|p1a: Aerodactyl|Protect|p1a: Aerodactyl\n|-singleturn|p1a: Aerodactyl|Protect\n|move|p2b: Prime Time|Protect|p2b: Prime Time\n|-singleturn|p2b: Prime Time|Protect\n|move|p2a: B-Girl Kelly|Close Combat|p1a: Aerodactyl\n|-activate|p1a: Aerodactyl|move: Protect\n|move|p1b: Basculegion|Last Respects|p2b: Prime Time\n|-activate|p2b: Prime Time|move: Protect\n|\n|-heal|p2b: Prime Time|40/100|[from] item: Leftovers\n|upkeep\n|turn|7\n|\n|t:|1776565194\n|move|p2a: B-Girl Kelly|Close Combat|p1a: Aerodactyl\n|-damage|p1a: Aerodactyl|0 fnt\n|-unboost|p2a: B-Girl Kelly|def|1\n|-unboost|p2a: B-Girl Kelly|spd|1\n|faint|p1a: Aerodactyl\n|move|p1b: Basculegion|Last Respects|p2b: Prime Time\n|-damage|p2b: Prime Time|0 fnt\n|faint|p2b: Prime Time\n|\n|upkeep\n|\n|t:|1776565203\n|switch|p1a: Kingambit|Kingambit, L50, F, shiny|100/100\n|switch|p2b: Hot Pocket|Rotom-Heat, L50|100/100\n|turn|8\n|\n|t:|1776565210\n|switch|p1b: Incineroar|Incineroar, L50, F, shiny|100/100\n|-ability|p1b: Incineroar|Intimidate|boost\n|-fail|p2a: B-Girl Kelly|unboost|Attack|[from] ability: Scrappy|[of] p2a: B-Girl Kelly\n|-unboost|p2b: Hot Pocket|atk|1\n|move|p1a: Kingambit|Protect|p1a: Kingambit\n|-singleturn|p1a: Kingambit|Protect\n|move|p2a: B-Girl Kelly|Close Combat|p1b: Incineroar\n|-supereffective|p1b: Incineroar|1\n|-damage|p1b: Incineroar|5/100\n|-unboost|p2a: B-Girl Kelly|def|1\n|-unboost|p2a: B-Girl Kelly|spd|1\n|move|p2b: Hot Pocket|Overheat|p1a: Kingambit\n|-activate|p1a: Kingambit|move: Protect\n|\n|upkeep\n|turn|9\n|inactive|ShinyLucari00 has 30 seconds left.\n|\n|t:|1776565243\n|move|p1b: Incineroar|Fake Out|p2b: Hot Pocket\n|-damage|p2b: Hot Pocket|90/100\n|move|p1a: Kingambit|Sucker Punch|p2a: B-Girl Kelly\n|-resisted|p2a: B-Girl Kelly|1\n|-damage|p2a: B-Girl Kelly|36/100\n|move|p2a: B-Girl Kelly|Close Combat|p1a: Kingambit\n|-supereffective|p1a: Kingambit|2\n|-damage|p1a: Kingambit|0 fnt\n|-unboost|p2a: B-Girl Kelly|def|1\n|-unboost|p2a: B-Girl Kelly|spd|1\n|faint|p1a: Kingambit\n|cant|p2b: Hot Pocket|flinch\n|\n|upkeep\n|\n|t:|1776565255\n|switch|p1a: Basculegion|Basculegion, L50, M|25/100\n|turn|10\n|\n|t:|1776565273\n|move|p1a: Basculegion|Aqua Jet|p2b: Hot Pocket\n|-supereffective|p2b: Hot Pocket|1\n|-damage|p2b: Hot Pocket|37/100\n|move|p2a: B-Girl Kelly|Close Combat|p1a: Basculegion\n|-damage|p1a: Basculegion|0 fnt\n|-unboost|p2a: B-Girl Kelly|def|1\n|-unboost|p2a: B-Girl Kelly|spd|1\n|faint|p1a: Basculegion\n|move|p2b: Hot Pocket|Thunderbolt|p1b: Incineroar\n|-crit|p1b: Incineroar\n|-damage|p1b: Incineroar|0 fnt\n|faint|p1b: Incineroar\n|\n|win|Scrubby009\n|raw|ShinyLucari00's rating: 1338 &rarr; <strong>1320</strong><br />(-18 for losing)\n|raw|Scrubby009's rating: 1368 &rarr; <strong>1386</strong><br />(+18 for winning)\n|c|\u2606ShinyLucari00|ggs\n|c|\u2606Scrubby009|gg\n|l|\u2606ShinyLucari00\n|player|p1|\n",
  "uploadtime": 1776565424,
  "views": 27,
  "formatid": "gen9championsvgc2026regma",
  "rating": 1320,
  "private": 0,
  "password": null
}