{
  "id": "gen9championsvgc2026regma-2586236343",
  "format": "[Gen 9 Champions] VGC 2026 Reg M-A",
  "players": [
    "jokadkira",
    "WojtusG"
  ],
  "log": "|j|\u2606jokadkira\n|j|\u2606WojtusG\n|t:|1776415764\n|gametype|doubles\n|player|p1|jokadkira|169|1077\n|player|p2|WojtusG|1|1156\n|gen|9\n|tier|[Gen 9 Champions] VGC 2026 Reg M-A\n|rated|\n|rule|Species Clause: Limit one of each Pok\u00e9mon\n|rule|Item Clause: Limit 1 of each item\n|clearpoke\n|poke|p1|Gengar, L50, F|\n|poke|p1|Whimsicott, L50, M|\n|poke|p1|Dragapult, L50, F|\n|poke|p1|Sneasler, L50, M|\n|poke|p1|Garchomp, L50, M|\n|poke|p1|Incineroar, L50, F|\n|poke|p2|Zoroark-Hisui, L50, M|\n|poke|p2|Meganium, L50, M|\n|poke|p2|Pelipper, L50, F|\n|poke|p2|Archaludon, L50, M|\n|poke|p2|Sneasler, L50, F|\n|poke|p2|Incineroar, L50, M|\n|teampreview|4\n|\n|t:|1776415789\n|teamsize|p1|4\n|teamsize|p2|4\n|start\n|switch|p1a: Sneasler|Sneasler, L50, M, shiny|100/100\n|switch|p1b: Incineroar|Incineroar, L50, F, shiny|100/100\n|switch|p2a: 1000-THR|Archaludon, L50, M|100/100\n|switch|p2b: Rain set mon|Pelipper, L50, F|100/100\n|-weather|RainDance|[from] ability: Drizzle|[of] p2b: Rain set mon\n|-ability|p1b: Incineroar|Intimidate|boost\n|-unboost|p2a: 1000-THR|atk|1\n|-unboost|p2b: Rain set mon|atk|1\n|turn|1\n|\n|t:|1776415812\n|move|p1a: Sneasler|Fake Out|p2b: Rain set mon\n|-crit|p2b: Rain set mon\n|-damage|p2b: Rain set mon|77/100\n|move|p2a: 1000-THR|Nasty Plot|p2a: 1000-THR\n|-boost|p2a: 1000-THR|spa|2\n|cant|p2b: Rain set mon|flinch\n|move|p1b: Incineroar|Parting Shot|p2a: 1000-THR\n|-unboost|p2a: 1000-THR|atk|1\n|-unboost|p2a: 1000-THR|spa|1\n|\n|t:|1776415825\n|switch|p1b: Whimsicott|Whimsicott, L50, M, shiny|100/100|[from] Parting Shot\n|\n|-weather|RainDance|[upkeep]\n|upkeep\n|turn|2\n|\n|t:|1776415843\n|move|p2a: 1000-THR|Protect|p2a: 1000-THR\n|-singleturn|p2a: 1000-THR|Protect\n|move|p1b: Whimsicott|Taunt|p2b: Rain set mon\n|-start|p2b: Rain set mon|move: Taunt\n|move|p1a: Sneasler|Close Combat|p2a: 1000-THR\n|-activate|p2a: 1000-THR|move: Protect\n|cant|p2b: Rain set mon|move: Taunt|Tailwind\n|\n|-weather|RainDance|[upkeep]\n|upkeep\n|turn|3\n|\n|t:|1776415868\n|move|p1a: Sneasler|Close Combat|p2a: 1000-THR\n|-immune|p2a: 1000-THR\n|move|p1b: Whimsicott|Moonblast|p2a: 1000-THR\n|-damage|p2a: 1000-THR|32/100\n|replace|p2a: Hi!|Zoroark-Hisui, L50, M\n|-end|p2a: Hi!|Illusion\n|move|p2a: Hi!|Nasty Plot|p2a: Hi!\n|-boost|p2a: Hi!|spa|2\n|move|p2b: Rain set mon|Hurricane|p1a: Sneasler\n|-supereffective|p1a: Sneasler|1\n|-damage|p1a: Sneasler|0 fnt\n|faint|p1a: Sneasler\n|\n|-weather|RainDance|[upkeep]\n|upkeep\n|\n|t:|1776415892\n|switch|p1a: Incineroar|Incineroar, L50, F, shiny|100/100\n|-ability|p1a: Incineroar|Intimidate|boost\n|-unboost|p2a: Hi!|atk|1\n|-unboost|p2b: Rain set mon|atk|1\n|turn|4\n|\n|t:|1776415901\n|move|p1a: Incineroar|Fake Out|p2b: Rain set mon\n|-damage|p2b: Rain set mon|66/100\n|move|p1b: Whimsicott|Moonblast|p2a: Hi!\n|-damage|p2a: Hi!|0 fnt\n|faint|p2a: Hi!\n|cant|p2b: Rain set mon|flinch\n|\n|-weather|RainDance|[upkeep]\n|-end|p2b: Rain set mon|move: Taunt\n|upkeep\n|\n|t:|1776415909\n|switch|p2a: Sneasler|Sneasler, L50, F|100/100\n|turn|5\n|\n|t:|1776415954\n|switch|p1b: Gengar|Gengar, L50, F, shiny|100/100\n|switch|p2b: 1000-THR|Archaludon, L50, M|100/100\n|move|p2a: Sneasler|Dire Claw|p1b: Gengar\n|-resisted|p1b: Gengar|2\n|-damage|p1b: Gengar|78/100\n|-status|p1b: Gengar|par\n|move|p1a: Incineroar|Parting Shot|p2a: Sneasler\n|-unboost|p2a: Sneasler|atk|1\n|-unboost|p2a: Sneasler|spa|1\n|\n|t:|1776415966\n|switch|p1a: Whimsicott|Whimsicott, L50, M, shiny|100/100|[from] Parting Shot\n|-enditem|p2a: Sneasler|White Herb\n|-clearnegativeboost|p2a: Sneasler|[silent]\n|\n|-weather|none\n|upkeep\n|turn|6\n|\n|t:|1776415997\n|detailschange|p1b: Gengar|Gengar-Mega, L50, F, shiny\n|-mega|p1b: Gengar|Gengar|Gengarite\n|move|p2b: 1000-THR|Protect|p2b: 1000-THR\n|-singleturn|p2b: 1000-THR|Protect\n|move|p2a: Sneasler|Dire Claw|p1a: Whimsicott\n|-supereffective|p1a: Whimsicott|2\n|-enditem|p1a: Whimsicott|Focus Sash\n|-damage|p1a: Whimsicott|1/100\n|move|p1a: Whimsicott|Moonblast|p2a: Sneasler\n|-damage|p2a: Sneasler|56/100\n|move|p1b: Gengar|Shadow Ball|p2a: Sneasler\n|-damage|p2a: Sneasler|0 fnt\n|faint|p2a: Sneasler\n|\n|upkeep\n|\n|t:|1776416011\n|switch|p2a: Rain set mon|Pelipper, L50, F|66/100\n|-weather|RainDance|[from] ability: Drizzle|[of] p2a: Rain set mon\n|turn|7\n|\n|t:|1776416026\n|move|p2a: Rain set mon|Protect|p2a: Rain set mon\n|-singleturn|p2a: Rain set mon|Protect\n|move|p1a: Whimsicott|Endeavor|p2b: 1000-THR\n|-damage|p2b: 1000-THR|1/100\n|-ability|p2b: 1000-THR|Stamina|boost\n|-boost|p2b: 1000-THR|def|1\n|move|p2b: 1000-THR|Electro Shot||[still]\n|-prepare|p2b: 1000-THR|Electro Shot\n|-boost|p2b: 1000-THR|spa|1\n|-anim|p2b: 1000-THR|Electro Shot|p1b: Gengar\n|-damage|p1b: Gengar|0 fnt\n|faint|p1b: Gengar\n|\n|-weather|RainDance|[upkeep]\n|-heal|p2b: 1000-THR|7/100|[from] item: Leftovers\n|upkeep\n|\n|t:|1776416042\n|switch|p1b: Incineroar|Incineroar, L50, F, shiny|100/100\n|-ability|p1b: Incineroar|Intimidate|boost\n|-unboost|p2a: Rain set mon|atk|1\n|-unboost|p2b: 1000-THR|atk|1\n|turn|8\n|inactive|Battle timer is ON: inactive players will automatically lose when time's up. (requested by WojtusG)\n|\n|t:|1776416089\n|move|p2b: 1000-THR|Protect|p2b: 1000-THR\n|-singleturn|p2b: 1000-THR|Protect\n|move|p1b: Incineroar|Fake Out|p2a: Rain set mon\n|-damage|p2a: Rain set mon|54/100\n|move|p1a: Whimsicott|Moonblast|p2b: 1000-THR\n|-activate|p2b: 1000-THR|move: Protect\n|cant|p2a: Rain set mon|flinch\n|\n|-weather|RainDance|[upkeep]\n|-heal|p2b: 1000-THR|13/100|[from] item: Leftovers\n|upkeep\n|turn|9\n|inactive|jokadkira has 30 seconds left.\n|inactive|WojtusG has 30 seconds left.\n|inactive|jokadkira has 20 seconds left.\n|inactive|jokadkira has 15 seconds left.\n|\n|t:|1776416129\n|move|p1a: Whimsicott|Moonblast|p2a: Rain set mon\n|-damage|p2a: Rain set mon|6/100\n|-enditem|p2a: Rain set mon|Sitrus Berry|[eat]\n|-heal|p2a: Rain set mon|31/100|[from] item: Sitrus Berry\n|move|p2b: 1000-THR|Electro Shot||[still]\n|-prepare|p2b: 1000-THR|Electro Shot\n|-boost|p2b: 1000-THR|spa|1\n|-anim|p2b: 1000-THR|Electro Shot|p1a: Whimsicott\n|-resisted|p1a: Whimsicott|1\n|-damage|p1a: Whimsicott|0 fnt\n|faint|p1a: Whimsicott\n|move|p2a: Rain set mon|Hydro Pump|p1b: Incineroar\n|-supereffective|p1b: Incineroar|1\n|-damage|p1b: Incineroar|2/100\n|-enditem|p1b: Incineroar|Sitrus Berry|[eat]\n|-heal|p1b: Incineroar|27/100|[from] item: Sitrus Berry\n|move|p1b: Incineroar|Darkest Lariat|p2a: Rain set mon\n|-damage|p2a: Rain set mon|0 fnt\n|faint|p2a: Rain set mon\n|\n|-weather|RainDance|[upkeep]\n|-heal|p2b: 1000-THR|19/100|[from] item: Leftovers\n|upkeep\n|turn|10\n|\n|t:|1776416153\n|move|p2b: 1000-THR|Aura Sphere|p1b: Incineroar\n|-supereffective|p1b: Incineroar|1\n|-damage|p1b: Incineroar|0 fnt\n|faint|p1b: Incineroar\n|\n|win|WojtusG\n|raw|jokadkira's rating: 1077 &rarr; <strong>1060</strong><br />(-17 for losing)\n|raw|WojtusG's rating: 1156 &rarr; <strong>1175</strong><br />(+19 for winning)\n|l|\u2606jokadkira\n|player|p1|\n",
  "uploadtime": 1776416217,
  "views": 27,
  "formatid": "gen9championsvgc2026regma",
  "rating": 1060,
  "private": 0,
  "password": null
}