{
  "id": "gen9championsvgc2026regma-2587382221",
  "format": "[Gen 9 Champions] VGC 2026 Reg M-A",
  "players": [
    "thegotrux",
    "themegaisiug"
  ],
  "log": "|j|\u2606thegotrux\n|j|\u2606themegaisiug\n|t:|1776527139\n|gametype|doubles\n|player|p1|thegotrux|101|1196\n|player|p2|themegaisiug|boarder|1111\n|gen|9\n|tier|[Gen 9 Champions] VGC 2026 Reg M-A\n|rated|\n|rule|Species Clause: Limit one of each Pok\u00e9mon\n|rule|Item Clause: Limit 1 of each item\n|clearpoke\n|poke|p1|Scovillain, L50, F|\n|poke|p1|Aerodactyl, L50, F|\n|poke|p1|Sableye, L50, F|\n|poke|p1|Rotom-Wash, L50|\n|poke|p1|Milotic, L50, F|\n|poke|p1|Corviknight, L50, M|\n|poke|p2|Floette-Eternal, L50, F|\n|poke|p2|Garchomp, L50, M|\n|poke|p2|Sneasler, L50, M|\n|poke|p2|Rotom-Wash, L50|\n|poke|p2|Aerodactyl, L50, M|\n|poke|p2|Incineroar, L50, F|\n|teampreview|4\n|\n|t:|1776527204\n|teamsize|p1|4\n|teamsize|p2|4\n|start\n|switch|p1a: Corviknight|Corviknight, L50, M|100/100\n|switch|p1b: Rotom|Rotom-Wash, L50|100/100\n|switch|p2a: Rotom|Rotom-Wash, L50|100/100\n|switch|p2b: Floette|Floette-Eternal, L50, F|100/100\n|turn|1\n|\n|t:|1776527236\n|detailschange|p2b: Floette|Floette-Mega, L50, F\n|-mega|p2b: Floette|Floette|Floettite\n|-ability|p2b: Floette|Fairy Aura\n|move|p1b: Rotom|Protect|p1b: Rotom\n|-singleturn|p1b: Rotom|Protect\n|move|p2a: Rotom|Will-O-Wisp|p1a: Corviknight|[miss]\n|-miss|p2a: Rotom|p1a: Corviknight\n|move|p2b: Floette|Calm Mind|p2b: Floette\n|-boost|p2b: Floette|spa|1\n|-boost|p2b: Floette|spd|1\n|move|p1a: Corviknight|Iron Head|p2b: Floette\n|-supereffective|p2b: Floette|1\n|-damage|p2b: Floette|47/100\n|\n|upkeep\n|turn|2\n|\n|t:|1776527273\n|move|p2b: Floette|Protect|p2b: Floette\n|-singleturn|p2b: Floette|Protect\n|move|p2a: Rotom|Will-O-Wisp|p1a: Corviknight\n|-status|p1a: Corviknight|brn\n|move|p1b: Rotom|Thunderbolt|p2a: Rotom\n|-damage|p2a: Rotom|48/100\n|move|p1a: Corviknight|Iron Head|p2b: Floette\n|-activate|p2b: Floette|move: Protect\n|\n|-damage|p1a: Corviknight|95/100 brn|[from] brn\n|upkeep\n|turn|3\n|\n|t:|1776527299\n|switch|p2a: Incineroar|Incineroar, L50, F|100/100\n|-ability|p2a: Incineroar|Intimidate|boost\n|-ability|p1a: Corviknight|Mirror Armor\n|-unboost|p2a: Incineroar|atk|1\n|-unboost|p1b: Rotom|atk|1\n|move|p1b: Rotom|Thunderbolt|p2a: Incineroar\n|-damage|p2a: Incineroar|51/100\n|move|p2b: Floette|Moonblast|p1b: Rotom\n|-damage|p1b: Rotom|0 fnt\n|faint|p1b: Rotom\n|move|p1a: Corviknight|Iron Head|p2b: Floette\n|-supereffective|p2b: Floette|1\n|-damage|p2b: Floette|24/100\n|\n|-heal|p1a: Corviknight|100/100 brn|[from] item: Leftovers\n|-damage|p1a: Corviknight|95/100 brn|[from] brn\n|upkeep\n|\n|t:|1776527318\n|switch|p1b: Milotic|Milotic, L50, F|100/100\n|turn|4\n|\n|t:|1776527334\n|move|p1a: Corviknight|Protect|p1a: Corviknight\n|-singleturn|p1a: Corviknight|Protect\n|move|p2a: Incineroar|Fake Out|p1a: Corviknight\n|-activate|p1a: Corviknight|move: Protect\n|move|p2b: Floette|Moonblast|p1b: Milotic\n|-damage|p1b: Milotic|21/100\n|-enditem|p1b: Milotic|Sitrus Berry|[eat]\n|-heal|p1b: Milotic|46/100|[from] item: Sitrus Berry\n|move|p1b: Milotic|Icy Wind|p2b: Floette|[spread] p2a,p2b\n|-resisted|p2a: Incineroar|1\n|-damage|p2a: Incineroar|47/100\n|-damage|p2b: Floette|18/100\n|-unboost|p2a: Incineroar|spe|1\n|-unboost|p2b: Floette|spe|1\n|-enditem|p2a: Incineroar|Sitrus Berry|[eat]\n|-heal|p2a: Incineroar|72/100|[from] item: Sitrus Berry\n|\n|-heal|p1a: Corviknight|100/100 brn|[from] item: Leftovers\n|-damage|p1a: Corviknight|95/100 brn|[from] brn\n|upkeep\n|turn|5\n|\n|t:|1776527360\n|move|p1b: Milotic|Protect|p1b: Milotic\n|-singleturn|p1b: Milotic|Protect\n|move|p2b: Floette|Protect|p2b: Floette\n|-singleturn|p2b: Floette|Protect\n|move|p1a: Corviknight|Iron Head|p2b: Floette\n|-activate|p2b: Floette|move: Protect\n|move|p2a: Incineroar|Parting Shot|p1a: Corviknight\n|-ability|p1a: Corviknight|Mirror Armor\n|-unboost|p2a: Incineroar|atk|1\n|-ability|p1a: Corviknight|Mirror Armor\n|-unboost|p2a: Incineroar|spa|1\n|\n|t:|1776527373\n|switch|p2a: Aerodactyl|Aerodactyl, L50, M|100/100|[from] Parting Shot\n|-ability|p2a: Aerodactyl|Unnerve\n|\n|-heal|p1a: Corviknight|100/100 brn|[from] item: Leftovers\n|-damage|p1a: Corviknight|95/100 brn|[from] brn\n|upkeep\n|turn|6\n|inactive|Battle timer is ON: inactive players will automatically lose when time's up. (requested by themegaisiug)\n|\n|t:|1776527414\n|move|p2a: Aerodactyl|Tailwind|p2a: Aerodactyl\n|-sidestart|p2: themegaisiug|move: Tailwind\n|move|p2b: Floette|Moonblast|p1b: Milotic\n|-damage|p1b: Milotic|0 fnt\n|faint|p1b: Milotic\n|move|p1a: Corviknight|Iron Head|p2b: Floette\n|-supereffective|p2b: Floette|1\n|-damage|p2b: Floette|0 fnt\n|faint|p2b: Floette\n|\n|-heal|p1a: Corviknight|100/100 brn|[from] item: Leftovers\n|-damage|p1a: Corviknight|95/100 brn|[from] brn\n|upkeep\n|\n|t:|1776527427\n|switch|p2b: Incineroar|Incineroar, L50, F|72/100\n|switch|p1b: Scovillain|Scovillain, L50, F|100/100\n|-ability|p2b: Incineroar|Intimidate|boost\n|-ability|p1a: Corviknight|Mirror Armor\n|-unboost|p2b: Incineroar|atk|1\n|-unboost|p1b: Scovillain|atk|1\n|turn|7\n|\n|t:|1776527448\n|move|p1b: Scovillain|Rage Powder|p1b: Scovillain\n|-singleturn|p1b: Scovillain|move: Rage Powder\n|move|p2a: Aerodactyl|Dual Wingbeat|p1b: Scovillain\n|-supereffective|p1b: Scovillain|1\n|-crit|p1b: Scovillain\n|-damage|p1b: Scovillain|40/100\n|-supereffective|p1b: Scovillain|1\n|-damage|p1b: Scovillain|0 fnt\n|faint|p1b: Scovillain\n|-hitcount|p1: Scovillain|2\n|move|p2b: Incineroar|Flare Blitz|p1a: Corviknight\n|-supereffective|p1a: Corviknight|1\n|-damage|p1a: Corviknight|44/100 brn\n|-damage|p2b: Incineroar|55/100|[from] Recoil\n|move|p1a: Corviknight|Iron Defense|p1a: Corviknight\n|-boost|p1a: Corviknight|def|2\n|\n|-heal|p1a: Corviknight|50/100 brn|[from] item: Leftovers\n|-damage|p1a: Corviknight|44/100 brn|[from] brn\n|upkeep\n|turn|8\n|-message|thegotrux forfeited.\n|\n|win|themegaisiug\n|raw|thegotrux's rating: 1196 &rarr; <strong>1165</strong><br />(-31 for losing)\n|raw|themegaisiug's rating: 1111 &rarr; <strong>1142</strong><br />(+31 for winning)\n|l|\u2606thegotrux\n|player|p1|\n",
  "uploadtime": 1776527465,
  "views": 16,
  "formatid": "gen9championsvgc2026regma",
  "rating": 1142,
  "private": 0,
  "password": null
}