{
  "id": "gen9championsvgc2026regma-2584823506",
  "format": "[Gen 9 Champions] VGC 2026 Reg M-A",
  "players": [
    "joselfo",
    "catpotatt"
  ],
  "log": "|j|\u2606joselfo\n|j|\u2606catpotatt\n|t:|1776286382\n|gametype|doubles\n|player|p1|joselfo|hoopster|1293\n|player|p2|catpotatt|roxie|1375\n|gen|9\n|tier|[Gen 9 Champions] VGC 2026 Reg M-A\n|rated|\n|rule|Species Clause: Limit one of each Pok\u00e9mon\n|rule|Item Clause: Limit 1 of each item\n|clearpoke\n|poke|p1|Politoed, L50, F|\n|poke|p1|Sinistcha, L50|\n|poke|p1|Meganium, L50, M|\n|poke|p1|Sableye, L50, F|\n|poke|p1|Archaludon, L50, M|\n|poke|p1|Basculegion, L50, M|\n|poke|p2|Basculegion, L50, M|\n|poke|p2|Floette-Eternal, L50, F|\n|poke|p2|Talonflame, L50, F|\n|poke|p2|Garchomp, L50, M|\n|poke|p2|Gardevoir, L50, M|\n|poke|p2|Rotom-Heat, L50|\n|teampreview|4\n|inactive|Battle timer is ON: inactive players will automatically lose when time's up. (requested by joselfo)\n|\n|t:|1776286405\n|teamsize|p1|4\n|teamsize|p2|4\n|start\n|switch|p1a: Politoed|Politoed, L50, F|100/100\n|switch|p1b: Meganium|Meganium, L50, M|100/100\n|switch|p2a: Talonflame|Talonflame, L50, F|100/100\n|switch|p2b: Floette|Floette-Eternal, L50, F|100/100\n|-weather|RainDance|[from] ability: Drizzle|[of] p1a: Politoed\n|turn|1\n|\n|t:|1776286423\n|detailschange|p2b: Floette|Floette-Mega, L50, F\n|-mega|p2b: Floette|Floette|Floettite\n|-ability|p2b: Floette|Fairy Aura\n|detailschange|p1b: Meganium|Meganium-Mega, L50, M\n|-mega|p1b: Meganium|Meganium|Meganiumite\n|move|p2a: Talonflame|Tailwind|p2a: Talonflame\n|-sidestart|p2: catpotatt|move: Tailwind\n|move|p2b: Floette|Dazzling Gleam|p1a: Politoed|[spread] p1a,p1b\n|-damage|p1a: Politoed|54/100\n|-damage|p1b: Meganium|54/100\n|move|p1b: Meganium|Dazzling Gleam|p2b: Floette|[spread] p2a,p2b\n|-resisted|p2a: Talonflame|1\n|-damage|p2a: Talonflame|63/100\n|-damage|p2b: Floette|55/100\n|move|p1a: Politoed|Weather Ball|p2a: Talonflame\n|-supereffective|p2a: Talonflame|1\n|-damage|p2a: Talonflame|0 fnt\n|faint|p2a: Talonflame\n|\n|-weather|RainDance|[upkeep]\n|upkeep\n|\n|t:|1776286441\n|switch|p2a: Gardevoir|Gardevoir, L50, M|100/100\n|turn|2\n|\n|t:|1776286463\n|move|p1b: Meganium|Protect|p1b: Meganium\n|-singleturn|p1b: Meganium|Protect\n|move|p1a: Politoed|Protect|p1a: Politoed\n|-singleturn|p1a: Politoed|Protect\n|move|p2b: Floette|Moonblast|p1b: Meganium\n|-activate|p1b: Meganium|move: Protect\n|move|p2a: Gardevoir|Moonblast|p1a: Politoed\n|-activate|p1a: Politoed|move: Protect\n|\n|-weather|RainDance|[upkeep]\n|upkeep\n|turn|3\n|inactive|joselfo has 30 seconds left.\n|\n|t:|1776286490\n|move|p2b: Floette|Moonblast|p1b: Meganium\n|-damage|p1b: Meganium|0 fnt\n|faint|p1b: Meganium\n|move|p2a: Gardevoir|Moonblast|p1a: Politoed\n|-damage|p1a: Politoed|0 fnt\n|faint|p1a: Politoed\n|\n|-weather|RainDance|[upkeep]\n|upkeep\n|\n|t:|1776286496\n|switch|p1b: Basculegion|Basculegion, L50, M|100/100\n|switch|p1a: Archaludon|Archaludon, L50, M|100/100\n|turn|4\n|inactive|joselfo has 30 seconds left.\n|inactive|catpotatt has 30 seconds left.\n|\n|t:|1776286531\n|move|p1b: Basculegion|Aqua Jet|p2b: Floette\n|-damage|p2b: Floette|1/100\n|move|p2b: Floette|Moonblast|p1b: Basculegion\n|-damage|p1b: Basculegion|10/100\n|move|p2a: Gardevoir|Moonblast|p1b: Basculegion\n|-damage|p1b: Basculegion|0 fnt\n|faint|p1b: Basculegion\n|move|p1a: Archaludon|Flash Cannon|p2a: Gardevoir\n|-supereffective|p2a: Gardevoir|1\n|-damage|p2a: Gardevoir|35/100\n|\n|-weather|RainDance|[upkeep]\n|-sideend|p2: catpotatt|move: Tailwind\n|upkeep\n|turn|5\n|\n|t:|1776286544\n|move|p2b: Floette|Moonblast|p1a: Archaludon\n|-damage|p1a: Archaludon|21/100\n|-ability|p1a: Archaludon|Stamina|boost\n|-boost|p1a: Archaludon|def|1\n|move|p2a: Gardevoir|Moonblast|p1a: Archaludon\n|-damage|p1a: Archaludon|0 fnt\n|faint|p1a: Archaludon\n|\n|win|catpotatt\n|raw|joselfo's rating: 1293 &rarr; <strong>1274</strong><br />(-19 for losing)\n|raw|catpotatt's rating: 1375 &rarr; <strong>1390</strong><br />(+15 for winning)\n|l|\u2606joselfo\n|player|p1|\n",
  "uploadtime": 1776286551,
  "views": 29,
  "formatid": "gen9championsvgc2026regma",
  "rating": 1274,
  "private": 0,
  "password": null
}