{
  "id": "gen9championsvgc2026regma-2586063457",
  "format": "[Gen 9 Champions] VGC 2026 Reg M-A",
  "players": [
    "zdekurom",
    "AceTrainernaruto88"
  ],
  "log": "|j|\u2606zdekurom\n|j|\u2606AceTrainernaruto88\n|t:|1776395118\n|gametype|doubles\n|player|p1|zdekurom|unknown|1243\n|player|p2|AceTrainernaruto88|dragontamer|1289\n|gen|9\n|tier|[Gen 9 Champions] VGC 2026 Reg M-A\n|rated|\n|rule|Species Clause: Limit one of each Pok\u00e9mon\n|rule|Item Clause: Limit 1 of each item\n|clearpoke\n|poke|p1|Froslass, L50, F|\n|poke|p1|Empoleon, L50, M|\n|poke|p1|Aerodactyl, L50, M|\n|poke|p1|Incineroar, L50, M|\n|poke|p1|Sneasler, L50, M|\n|poke|p1|Farigiraf, L50, M|\n|poke|p2|Lucario, L50, F|\n|poke|p2|Sableye, L50, M|\n|poke|p2|Araquanid, L50, F|\n|poke|p2|Hatterene, L50, F|\n|poke|p2|Dragonite, L50, F|\n|poke|p2|Sinistcha-Masterpiece, L50|\n|teampreview|4\n|inactive|Battle timer is ON: inactive players will automatically lose when time's up. (requested by AceTrainernaruto88)\n|inactive|zdekurom has 60 seconds left.\n|inactive|AceTrainernaruto88 has 60 seconds left.\n|\n|t:|1776395154\n|teamsize|p1|4\n|teamsize|p2|4\n|start\n|switch|p1a: Aerodactyl|Aerodactyl, L50, M|100/100\n|switch|p1b: Froslass|Froslass, L50, F|100/100\n|switch|p2a: Sableye|Sableye, L50, M, shiny|100/100\n|switch|p2b: Lucario|Lucario, L50, F, shiny|100/100\n|-ability|p1a: Aerodactyl|Unnerve\n|turn|1\n|\n|t:|1776395175\n|detailschange|p1b: Froslass|Froslass-Mega, L50, F\n|-mega|p1b: Froslass|Froslass|Froslassite\n|-weather|Snowscape|[from] ability: Snow Warning|[of] p1b: Froslass\n|move|p2a: Sableye|Quash|p1a: Aerodactyl\n|-activate|p1a: Aerodactyl|move: Quash\n|move|p1b: Froslass|Blizzard|p2b: Lucario|[spread] p2a,p2b\n|-resisted|p2b: Lucario|1\n|-damage|p2a: Sableye|48/100\n|-damage|p2b: Lucario|65/100\n|-status|p2a: Sableye|frz\n|move|p2b: Lucario|Flash Cannon|p1a: Aerodactyl\n|-supereffective|p1a: Aerodactyl|1\n|-enditem|p1a: Aerodactyl|Focus Sash\n|-damage|p1a: Aerodactyl|1/100\n|-unboost|p1a: Aerodactyl|spd|1\n|move|p1a: Aerodactyl|Rock Slide|p2b: Lucario|[spread] p2a,p2b\n|-resisted|p2b: Lucario|2\n|-crit|p2b: Lucario\n|-damage|p2a: Sableye|17/100 frz\n|-damage|p2b: Lucario|48/100\n|\n|-weather|Snowscape|[upkeep]\n|-heal|p2a: Sableye|23/100 frz|[from] item: Leftovers\n|upkeep\n|turn|2\n|inactive|AceTrainernaruto88 has 30 seconds left.\n|inactive|AceTrainernaruto88 has 20 seconds left.\n|\n|t:|1776395213\n|cant|p2a: Sableye|frz\n|move|p1a: Aerodactyl|Rock Slide|p2b: Lucario|[spread] p2a,p2b\n|-resisted|p2b: Lucario|2\n|-damage|p2a: Sableye|0 fnt\n|-damage|p2b: Lucario|37/100\n|faint|p2a: Sableye\n|move|p1b: Froslass|Blizzard|p2b: Lucario\n|-resisted|p2b: Lucario|1\n|-damage|p2b: Lucario|0 fnt\n|faint|p2b: Lucario\n|\n|-weather|Snowscape|[upkeep]\n|upkeep\n|\n|t:|1776395226\n|switch|p2b: Sinistcha|Sinistcha-Masterpiece, L50, shiny|100/100\n|switch|p2a: Araquanid|Araquanid, L50, F, shiny|100/100\n|turn|3\n|\n|t:|1776395236\n|move|p2a: Araquanid|Protect|p2a: Araquanid\n|-singleturn|p2a: Araquanid|Protect\n|move|p1a: Aerodactyl|Rock Slide|p2a: Araquanid|[spread] \n|-activate|p2a: Araquanid|move: Protect\n|-miss|p1a: Aerodactyl|p2b: Sinistcha\n|move|p1b: Froslass|Blizzard|p2b: Sinistcha|[spread] p2b\n|-activate|p2a: Araquanid|move: Protect\n|-supereffective|p2b: Sinistcha|1\n|-damage|p2b: Sinistcha|6/100\n|move|p2b: Sinistcha|Trick Room|p2b: Sinistcha\n|-fieldstart|move: Trick Room|[of] p2b: Sinistcha\n|\n|-weather|Snowscape|[upkeep]\n|upkeep\n|turn|4\n|\n|t:|1776395257\n|move|p2a: Araquanid|Liquidation|p1b: Froslass\n|-damage|p1b: Froslass|19/100\n|move|p2b: Sinistcha|Matcha Gotcha|p1a: Aerodactyl|[spread] p1a,p1b\n|-damage|p1a: Aerodactyl|0 fnt\n|-heal|p2b: Sinistcha|7/100|[from] drain|[of] p1a: Aerodactyl\n|-damage|p1b: Froslass|0 fnt\n|-heal|p2b: Sinistcha|15/100|[from] drain|[of] p1b: Froslass\n|-enditem|p2b: Sinistcha|Sitrus Berry|[eat]\n|-heal|p2b: Sinistcha|39/100|[from] item: Sitrus Berry\n|faint|p1a: Aerodactyl\n|faint|p1b: Froslass\n|\n|-weather|Snowscape|[upkeep]\n|upkeep\n|\n|t:|1776395266\n|switch|p1b: Sneasler|Sneasler, L50, M|100/100\n|switch|p1a: Incineroar|Incineroar, L50, M|100/100\n|-ability|p1a: Incineroar|Intimidate|boost\n|-unboost|p2a: Araquanid|atk|1\n|-unboost|p2b: Sinistcha|atk|1\n|turn|5\n|inactive|AceTrainernaruto88 has 30 seconds left.\n|inactive|AceTrainernaruto88 has 20 seconds left.\n|\n|t:|1776395302\n|move|p2a: Araquanid|Protect|p2a: Araquanid\n|-singleturn|p2a: Araquanid|Protect\n|move|p1a: Incineroar|Fake Out|p2a: Araquanid\n|-activate|p2a: Araquanid|move: Protect\n|move|p2b: Sinistcha|Strength Sap|p1b: Sneasler\n|-unboost|p1b: Sneasler|atk|1\n|-heal|p2b: Sinistcha|100/100\n|-enditem|p1b: Sneasler|White Herb\n|-clearnegativeboost|p1b: Sneasler|[silent]\n|move|p1b: Sneasler|Dire Claw|p2b: Sinistcha\n|-crit|p2b: Sinistcha\n|-damage|p2b: Sinistcha|42/100\n|-status|p2b: Sinistcha|par\n|\n|-weather|none\n|upkeep\n|turn|6\n|inactive|zdekurom has 30 seconds left.\n|\n|t:|1776395332\n|move|p1b: Sneasler|Protect|p1b: Sneasler\n|-singleturn|p1b: Sneasler|Protect\n|move|p2b: Sinistcha|Strength Sap|p1b: Sneasler\n|-activate|p1b: Sneasler|move: Protect\n|move|p2a: Araquanid|Liquidation|p1a: Incineroar\n|-supereffective|p1a: Incineroar|1\n|-crit|p1a: Incineroar\n|-damage|p1a: Incineroar|0 fnt\n|faint|p1a: Incineroar\n|\n|upkeep\n|turn|7\n|-message|zdekurom forfeited.\n|\n|win|AceTrainernaruto88\n|raw|zdekurom's rating: 1243 &rarr; <strong>1221</strong><br />(-22 for losing)\n|raw|AceTrainernaruto88's rating: 1289 &rarr; <strong>1311</strong><br />(+22 for winning)\n|l|\u2606zdekurom\n|player|p1|\n",
  "uploadtime": 1776395359,
  "views": 51,
  "formatid": "gen9championsvgc2026regma",
  "rating": 1221,
  "private": 0,
  "password": null
}