{
  "id": "gen9championsvgc2026regma-2587029899",
  "format": "[Gen 9 Champions] VGC 2026 Reg M-A",
  "players": [
    "w4toto",
    "sword1211"
  ],
  "log": "|j|\u2606w4toto\n|j|\u2606sword1211\n|t:|1776483011\n|gametype|doubles\n|player|p1|w4toto|volkner|1149\n|player|p2|sword1211|265|1241\n|gen|9\n|tier|[Gen 9 Champions] VGC 2026 Reg M-A\n|rated|\n|rule|Species Clause: Limit one of each Pok\u00e9mon\n|rule|Item Clause: Limit 1 of each item\n|clearpoke\n|poke|p1|Delphox, L50, M|\n|poke|p1|Floette-Eternal, L50, F|\n|poke|p1|Garchomp, L50, M|\n|poke|p1|Kingambit, L50, M|\n|poke|p1|Sneasler, L50, F|\n|poke|p1|Incineroar, L50, F|\n|poke|p2|Basculegion, L50, M|\n|poke|p2|Garchomp, L50, F|\n|poke|p2|Pelipper, L50, M|\n|poke|p2|Archaludon, L50, M|\n|poke|p2|Feraligatr, L50, F|\n|poke|p2|Sneasler, L50, M|\n|teampreview|4\n|inactive|Battle timer is ON: inactive players will automatically lose when time's up. (requested by w4toto)\n|inactive|sword1211 has 60 seconds left.\n|inactive|w4toto has 60 seconds left.\n|inactive|sword1211 has 30 seconds left.\n|inactive|w4toto has 30 seconds left.\n|inactive|sword1211 has 20 seconds left.\n|inactive|sword1211 has 15 seconds left.\n|\n|t:|1776483101\n|teamsize|p1|4\n|teamsize|p2|4\n|start\n|switch|p1a: Rocky Helmet|Garchomp, L50, M|100/100\n|switch|p1b: Life Orb|Kingambit, L50, M|100/100\n|switch|p2a: Garchomp|Garchomp, L50, F|100/100\n|switch|p2b: Sneasler|Sneasler, L50, M|100/100\n|turn|1\n|inactive|sword1211 has 30 seconds left.\n|\n|t:|1776483128\n|move|p1b: Life Orb|Protect|p1b: Life Orb\n|-singleturn|p1b: Life Orb|Protect\n|move|p2b: Sneasler|Fake Out|p1b: Life Orb\n|-activate|p1b: Life Orb|move: Protect\n|move|p2a: Garchomp|Dragon Claw|p1a: Rocky Helmet\n|-supereffective|p1a: Rocky Helmet|1\n|-damage|p1a: Rocky Helmet|15/100\n|-damage|p2a: Garchomp|88/100|[from] ability: Rough Skin|[of] p1a: Rocky Helmet\n|move|p1a: Rocky Helmet|Dragon Claw|p2a: Garchomp\n|-supereffective|p2a: Garchomp|1\n|-damage|p2a: Garchomp|0 fnt\n|-damage|p1a: Rocky Helmet|3/100|[from] ability: Rough Skin|[of] p2a: Garchomp\n|faint|p2a: Garchomp\n|\n|upkeep\n|\n|t:|1776483136\n|switch|p2a: Pelipper|Pelipper, L50, M|100/100\n|-weather|RainDance|[from] ability: Drizzle|[of] p2a: Pelipper\n|turn|2\n|\n|t:|1776483160\n|switch|p1a: Lana the Nail Tech|Sneasler, L50, F|100/100\n|switch|p1b: Rihanna|Floette-Eternal, L50, F|100/100\n|move|p2b: Sneasler|Close Combat|p1b: Rihanna\n|-resisted|p1b: Rihanna|1\n|-damage|p1b: Rihanna|61/100\n|-unboost|p2b: Sneasler|def|1\n|-unboost|p2b: Sneasler|spd|1\n|move|p2a: Pelipper|Muddy Water|p1a: Lana the Nail Tech|[spread] p1a,p1b\n|-damage|p1a: Lana the Nail Tech|37/100\n|-damage|p1b: Rihanna|29/100\n|\n|-weather|RainDance|[upkeep]\n|upkeep\n|turn|3\n|inactive|w4toto has 30 seconds left.\n|inactive|sword1211 has 30 seconds left.\n|inactive|w4toto has 20 seconds left.\n|inactive|sword1211 has 20 seconds left.\n|inactive|sword1211 has 15 seconds left.\n|inactive|sword1211 has 10 seconds left.\n|inactive|sword1211 has 5 seconds left.\n|\n|t:|1776483212\n|detailschange|p1b: Rihanna|Floette-Mega, L50, F\n|-mega|p1b: Rihanna|Floette|Floettite\n|-ability|p1b: Rihanna|Fairy Aura\n|move|p1b: Rihanna|Protect|p1b: Rihanna\n|-singleturn|p1b: Rihanna|Protect\n|move|p1a: Lana the Nail Tech|Fake Out|p2a: Pelipper\n|-damage|p2a: Pelipper|81/100\n|move|p2b: Sneasler|Dire Claw|p1b: Rihanna\n|-activate|p1b: Rihanna|move: Protect\n|cant|p2a: Pelipper|flinch\n|\n|-weather|RainDance|[upkeep]\n|upkeep\n|turn|4\n|inactive|w4toto has 30 seconds left.\n|inactive|sword1211 has 30 seconds left.\n|\n|t:|1776483240\n|switch|p1b: Life Orb|Kingambit, L50, M|100/100\n|move|p2b: Sneasler|Dire Claw|p1b: Life Orb\n|-immune|p1b: Life Orb\n|move|p1a: Lana the Nail Tech|Close Combat|p2a: Pelipper\n|-resisted|p2a: Pelipper|1\n|-damage|p2a: Pelipper|41/100\n|-unboost|p1a: Lana the Nail Tech|def|1\n|-unboost|p1a: Lana the Nail Tech|spd|1\n|-enditem|p1a: Lana the Nail Tech|White Herb\n|-clearnegativeboost|p1a: Lana the Nail Tech|[silent]\n|move|p2a: Pelipper|Tailwind|p2a: Pelipper\n|-sidestart|p2: sword1211|move: Tailwind\n|\n|-weather|RainDance|[upkeep]\n|upkeep\n|turn|5\n|inactive|w4toto has 30 seconds left.\n|inactive|sword1211 has 30 seconds left.\n|\n|t:|1776483269\n|move|p1b: Life Orb|Protect|p1b: Life Orb\n|-singleturn|p1b: Life Orb|Protect\n|move|p1a: Lana the Nail Tech|Dire Claw|p2a: Pelipper\n|-damage|p2a: Pelipper|0 fnt\n|faint|p2a: Pelipper\n|move|p2b: Sneasler|Close Combat|p1b: Life Orb\n|-activate|p1b: Life Orb|move: Protect\n|\n|-weather|RainDance|[upkeep]\n|upkeep\n|\n|t:|1776483273\n|switch|p2a: Feraligatr|Feraligatr, L50, F|100/100\n|turn|6\n|inactive|sword1211 has 30 seconds left.\n|\n|t:|1776483302\n|detailschange|p2a: Feraligatr|Feraligatr-Mega, L50, F\n|-mega|p2a: Feraligatr|Feraligatr|Feraligite\n|move|p1b: Life Orb|Sucker Punch||[still]\n|-fail|p1b: Life Orb\n|move|p1a: Lana the Nail Tech|Close Combat|p2b: Sneasler\n|-resisted|p2b: Sneasler|1\n|-damage|p2b: Sneasler|27/100\n|-unboost|p1a: Lana the Nail Tech|def|1\n|-unboost|p1a: Lana the Nail Tech|spd|1\n|move|p2b: Sneasler|Coaching|p2a: Feraligatr\n|-boost|p2a: Feraligatr|atk|1\n|-boost|p2a: Feraligatr|def|1\n|move|p2a: Feraligatr|Dragon Dance|p2a: Feraligatr\n|-boost|p2a: Feraligatr|atk|1\n|-boost|p2a: Feraligatr|spe|1\n|\n|-weather|none\n|upkeep\n|turn|7\n|inactive|sword1211 has 30 seconds left.\n|inactive|sword1211 has 20 seconds left.\n|inactive|sword1211 has 15 seconds left.\n|inactive|w4toto has 30 seconds left.\n|inactive|w4toto has 20 seconds left.\n|\n|t:|1776483359\n|move|p1b: Life Orb|Sucker Punch||[still]\n|-fail|p1b: Life Orb\n|move|p1a: Lana the Nail Tech|Dire Claw|p2a: Feraligatr\n|-damage|p2a: Feraligatr|78/100\n|move|p2b: Sneasler|Coaching|p2a: Feraligatr\n|-boost|p2a: Feraligatr|atk|1\n|-boost|p2a: Feraligatr|def|1\n|move|p2a: Feraligatr|Dragon Dance|p2a: Feraligatr\n|-boost|p2a: Feraligatr|atk|1\n|-boost|p2a: Feraligatr|spe|1\n|\n|-sideend|p2: sword1211|move: Tailwind\n|upkeep\n|turn|8\n|\n|t:|1776483384\n|move|p1a: Lana the Nail Tech|Dire Claw|p2a: Feraligatr\n|-damage|p2a: Feraligatr|60/100\n|move|p2a: Feraligatr|Liquidation|p1a: Lana the Nail Tech\n|-damage|p1a: Lana the Nail Tech|0 fnt\n|faint|p1a: Lana the Nail Tech\n|move|p2b: Sneasler|Close Combat|p1b: Life Orb\n|-supereffective|p1b: Life Orb|2\n|-enditem|p1b: Life Orb|Chople Berry|[eat]\n|-enditem|p1b: Life Orb|Chople Berry|[weaken]\n|-damage|p1b: Life Orb|11/100\n|-unboost|p2b: Sneasler|def|1\n|-unboost|p2b: Sneasler|spd|1\n|move|p1b: Life Orb|Low Kick|p2a: Feraligatr\n|-damage|p2a: Feraligatr|45/100\n|\n|upkeep\n|\n|t:|1776483407\n|switch|p1a: Rocky Helmet|Garchomp, L50, M|3/100\n|turn|9\n|\n|t:|1776483431\n|move|p1b: Life Orb|Sucker Punch|p2b: Sneasler\n|-resisted|p2b: Sneasler|1\n|-damage|p2b: Sneasler|0 fnt\n|faint|p2b: Sneasler\n|move|p1a: Rocky Helmet|Dragon Claw|p2a: Feraligatr\n|-supereffective|p2a: Feraligatr|1\n|-damage|p2a: Feraligatr|7/100\n|move|p2a: Feraligatr|Liquidation|p1b: Life Orb\n|-damage|p1b: Life Orb|0 fnt\n|faint|p1b: Life Orb\n|\n|upkeep\n|\n|t:|1776483441\n|switch|p1b: Rihanna|Floette-Mega, L50, F|29/100\n|-ability|p1b: Rihanna|Fairy Aura\n|turn|10\n|\n|t:|1776483463\n|move|p1a: Rocky Helmet|Dragon Claw|p2a: Feraligatr\n|-supereffective|p2a: Feraligatr|1\n|-crit|p2a: Feraligatr\n|-damage|p2a: Feraligatr|0 fnt\n|faint|p2a: Feraligatr\n|\n|win|w4toto\n|raw|w4toto's rating: 1149 &rarr; <strong>1180</strong><br />(+31 for winning)\n|raw|sword1211's rating: 1241 &rarr; <strong>1210</strong><br />(-31 for losing)\n|l|\u2606sword1211\n|player|p2|\n",
  "uploadtime": 1776483471,
  "views": 19,
  "formatid": "gen9championsvgc2026regma",
  "rating": 1180,
  "private": 0,
  "password": null
}