{
  "id": "gen9championsvgc2026regma-2584566864",
  "format": "[Gen 9 Champions] VGC 2026 Reg M-A",
  "players": [
    "ChronicNikos",
    "eppad"
  ],
  "log": "|j|\u2606ChronicNikos\n|j|\u2606eppad\n|t:|1776269215\n|gametype|doubles\n|player|p1|ChronicNikos|cynthia-gen4|1254\n|player|p2|eppad|101|1263\n|gen|9\n|tier|[Gen 9 Champions] VGC 2026 Reg M-A\n|rated|\n|rule|Species Clause: Limit one of each Pok\u00e9mon\n|rule|Item Clause: Limit 1 of each item\n|clearpoke\n|poke|p1|Gengar, L50, F|\n|poke|p1|Incineroar, L50, M|\n|poke|p1|Tsareena, L50, F|\n|poke|p1|Politoed, L50, M|\n|poke|p1|Archaludon, L50, F|\n|poke|p1|Basculegion, L50, M|\n|poke|p2|Charizard, L50, F|\n|poke|p2|Whimsicott, L50, F|\n|poke|p2|Rotom-Wash, L50|\n|poke|p2|Garchomp, L50, F|\n|poke|p2|Sneasler, L50, M|\n|poke|p2|Incineroar, L50, F|\n|teampreview|4\nChronicNikos has agreed to open team sheets.\n|inactive|Battle timer is ON: inactive players will automatically lose when time's up. (requested by eppad)\n|\n|t:|1776269274\n|teamsize|p1|4\n|teamsize|p2|4\n|start\n|switch|p1a: AllThingsMustDie|Gengar, L50, F, shiny|100/100\n|switch|p1b: GambolShroud|Tsareena, L50, F|100/100\n|switch|p2a: Garchomp|Garchomp, L50, F|100/100\n|switch|p2b: Rotom|Rotom-Wash, L50|100/100\n|turn|1\n|inactive|ChronicNikos has 30 seconds left.\n|\n|t:|1776269304\n|detailschange|p1a: AllThingsMustDie|Gengar-Mega, L50, F, shiny\n|-mega|p1a: AllThingsMustDie|Gengar|Gengarite\n|move|p1a: AllThingsMustDie|Protect|p1a: AllThingsMustDie\n|-singleturn|p1a: AllThingsMustDie|Protect\n|move|p2a: Garchomp|Earthquake|p1b: GambolShroud|[spread] p1b\n|-activate|p1a: AllThingsMustDie|move: Protect\n|-immune|p2b: Rotom|[from] ability: Levitate\n|-resisted|p1b: GambolShroud|1\n|-damage|p1b: GambolShroud|74/100\n|move|p1b: GambolShroud|Power Whip|p2b: Rotom\n|-supereffective|p2b: Rotom|1\n|-damage|p2b: Rotom|0 fnt\n|faint|p2b: Rotom\n|\n|upkeep\n|\n|t:|1776269317\n|switch|p2b: Whimsicott|Whimsicott, L50, F|100/100\n|turn|2\n|\n|t:|1776269332\n|switch|p1a: Time2SayGB|Politoed, L50, M|100/100\n|-weather|RainDance|[from] ability: Drizzle|[of] p1a: Time2SayGB\n|move|p2b: Whimsicott|Encore||[still]\n|cant|p1b: GambolShroud|ability: Queenly Majesty|Encore|[of] p2b: Whimsicott\n|move|p2a: Garchomp|Earthquake|p1a: Time2SayGB|[spread] p2b,p1a,p1b\n|-resisted|p2b: Whimsicott|1\n|-resisted|p1b: GambolShroud|1\n|-damage|p2b: Whimsicott|79/100\n|-damage|p1a: Time2SayGB|55/100\n|-damage|p1b: GambolShroud|49/100\n|move|p1b: GambolShroud|Triple Axel|p2a: Garchomp\n|-supereffective|p2a: Garchomp|2\n|-damage|p2a: Garchomp|73/100\n|-damage|p1b: GambolShroud|37/100|[from] ability: Rough Skin|[of] p2a: Garchomp\n|-hitcount|p2a: Garchomp|1\n|\n|-weather|RainDance|[upkeep]\n|-heal|p1a: Time2SayGB|61/100|[from] item: Leftovers\n|upkeep\n|turn|3\n|inactive|ChronicNikos has 30 seconds left.\n|\n|t:|1776269362\n|move|p2b: Whimsicott|Sunny Day|p2b: Whimsicott\n|-weather|SunnyDay\n|move|p2a: Garchomp|Earthquake|p1a: Time2SayGB|[spread] p2b,p1a,p1b\n|-resisted|p2b: Whimsicott|1\n|-resisted|p1b: GambolShroud|1\n|-damage|p2b: Whimsicott|57/100\n|-damage|p1a: Time2SayGB|13/100\n|-damage|p1b: GambolShroud|9/100\n|move|p1b: GambolShroud|Triple Axel|p2b: Whimsicott\n|-supereffective|p2b: Whimsicott|1\n|-damage|p2b: Whimsicott|42/100\n|-supereffective|p2b: Whimsicott|1\n|-damage|p2b: Whimsicott|12/100\n|-supereffective|p2b: Whimsicott|1\n|-damage|p2b: Whimsicott|0 fnt\n|faint|p2b: Whimsicott\n|-hitcount|p2: Whimsicott|3\n|move|p1a: Time2SayGB|Perish Song|p1a: Time2SayGB\n|-start|p1a: Time2SayGB|perish3|[silent]\n|-start|p1b: GambolShroud|perish3|[silent]\n|-start|p2a: Garchomp|perish3|[silent]\n|-fieldactivate|move: Perish Song\n|\n|-weather|SunnyDay|[upkeep]\n|-heal|p1a: Time2SayGB|19/100|[from] item: Leftovers\n|-start|p2a: Garchomp|perish3\n|-start|p1b: GambolShroud|perish3\n|-start|p1a: Time2SayGB|perish3\n|upkeep\n|\n|t:|1776269380\n|switch|p2b: Charizard|Charizard, L50, F|100/100\n|turn|4\n|\n|t:|1776269393\n|move|p1b: GambolShroud|Protect|p1b: GambolShroud\n|-singleturn|p1b: GambolShroud|Protect\n|move|p1a: Time2SayGB|Protect|p1a: Time2SayGB\n|-singleturn|p1a: Time2SayGB|Protect\n|move|p2a: Garchomp|Earthquake|p1a: Time2SayGB|[spread] \n|-activate|p1a: Time2SayGB|move: Protect\n|-activate|p1b: GambolShroud|move: Protect\n|-immune|p2b: Charizard\n|move|p2b: Charizard|Heat Wave|p1b: GambolShroud|[spread] \n|-activate|p1a: Time2SayGB|move: Protect\n|-activate|p1b: GambolShroud|move: Protect\n|\n|-weather|SunnyDay|[upkeep]\n|-heal|p1a: Time2SayGB|25/100|[from] item: Leftovers\n|-start|p2a: Garchomp|perish2\n|-start|p1b: GambolShroud|perish2\n|-start|p1a: Time2SayGB|perish2\n|upkeep\n|turn|5\n|inactive|ChronicNikos has 30 seconds left.\n|inactive|ChronicNikos has 20 seconds left.\n|\n|t:|1776269430\n|switch|p1a: Tri-Hard|Basculegion, L50, M|100/100\n|move|p2a: Garchomp|Earthquake|p1b: GambolShroud|[spread] p1a,p1b\n|-immune|p2b: Charizard\n|-resisted|p1b: GambolShroud|1\n|-damage|p1a: Tri-Hard|43/100\n|-damage|p1b: GambolShroud|0 fnt\n|faint|p1b: GambolShroud\n|move|p2b: Charizard|Heat Wave|p1a: Tri-Hard|[miss]\n|-miss|p2b: Charizard|p1a: Tri-Hard\n|\n|-weather|SunnyDay|[upkeep]\n|-start|p2a: Garchomp|perish1\n|upkeep\n|-message|eppad forfeited.\n|\n|win|ChronicNikos\n|raw|ChronicNikos's rating: 1254 &rarr; <strong>1280</strong><br />(+26 for winning)\n|raw|eppad's rating: 1263 &rarr; <strong>1237</strong><br />(-26 for losing)\n|l|\u2606eppad\n|player|p2|\n",
  "uploadtime": 1776269449,
  "views": 49,
  "formatid": "gen9championsvgc2026regma",
  "rating": 1237,
  "private": 0,
  "password": null
}