{
  "id": "gen9championsvgc2026regma-2583724305",
  "format": "[Gen 9 Champions] VGC 2026 Reg M-A",
  "players": [
    "nsbnsb",
    "Bman311"
  ],
  "log": "|j|\u2606nsbnsb\n|j|\u2606Bman311\n|t:|1776193385\n|gametype|doubles\n|player|p1|nsbnsb|ghetsis|1377\n|player|p2|Bman311|1|1368\n|gen|9\n|tier|[Gen 9 Champions] VGC 2026 Reg M-A\n|rated|\n|rule|Species Clause: Limit one of each Pok\u00e9mon\n|rule|Item Clause: Limit 1 of each item\n|clearpoke\n|poke|p1|Crabominable, L50, M|\n|poke|p1|Farigiraf, L50, M|\n|poke|p1|Kingambit, L50, M|\n|poke|p1|Sinistcha, L50|\n|poke|p1|Camerupt, L50, M|\n|poke|p1|Sneasler, L50, F|\n|poke|p2|Aegislash, L50, M|\n|poke|p2|Garchomp, L50, M|\n|poke|p2|Delphox, L50, M|\n|poke|p2|Floette-Eternal, L50, F|\n|poke|p2|Maushold-Four, L50|\n|poke|p2|Talonflame, L50, F|\n|teampreview|4\n|inactive|Battle timer is ON: inactive players will automatically lose when time's up. (requested by Bman311)\n|inactive|nsbnsb also wants the timer to be on.\n|j| azurejay\n|l| azurejay\n|\n|t:|1776193414\n|teamsize|p1|4\n|teamsize|p2|4\n|start\n|switch|p1a: Sinistcha|Sinistcha, L50|100/100\n|switch|p1b: Sneasler|Sneasler, L50, F|100/100\n|switch|p2a: Garchomp|Garchomp, L50, M|100/100\n|switch|p2b: Aegislash|Aegislash, L50, M|100/100\n|turn|1\n|\n|t:|1776193426\n|switch|p2a: Maushold|Maushold-Four, L50|100/100\n|move|p1b: Sneasler|Fake Out|p2a: Maushold\n|-damage|p2a: Maushold|81/100\n|-formechange|p2b: Aegislash|Aegislash-Blade|\n|move|p2b: Aegislash|Shadow Ball|p1a: Sinistcha\n|-supereffective|p1a: Sinistcha|1\n|-enditem|p1a: Sinistcha|Focus Sash\n|-damage|p1a: Sinistcha|1/100\n|move|p1a: Sinistcha|Trick Room|p1a: Sinistcha\n|-fieldstart|move: Trick Room|[of] p1a: Sinistcha\n|\n|upkeep\n|turn|2\n|\n|t:|1776193444\n|switch|p1b: Kingambit|Kingambit, L50, M, shiny|100/100\n|move|p1a: Sinistcha|Shadow Ball|p2b: Aegislash\n|-supereffective|p2b: Aegislash|1\n|-crit|p2b: Aegislash\n|-damage|p2b: Aegislash|0 fnt\n|faint|p2b: Aegislash\n|move|p2a: Maushold|Super Fang|p1b: Kingambit\n|-damage|p1b: Kingambit|51/100\n|\n|upkeep\n|\n|t:|1776193452\n|switch|p2b: Garchomp|Garchomp, L50, M|100/100\n|turn|3\n|\n|t:|1776193464\n|move|p1b: Kingambit|Protect|p1b: Kingambit\n|-singleturn|p1b: Kingambit|Protect\n|move|p2a: Maushold|Protect|p2a: Maushold\n|-singleturn|p2a: Maushold|Protect\n|move|p1a: Sinistcha|Matcha Gotcha|p2b: Garchomp|[spread] \n|-activate|p2a: Maushold|move: Protect\n|-miss|p1a: Sinistcha|p2b: Garchomp\n|move|p2b: Garchomp|Earthquake|p1a: Sinistcha|[spread] p1a\n|-activate|p2a: Maushold|move: Protect\n|-activate|p1b: Kingambit|move: Protect\n|-resisted|p1a: Sinistcha|1\n|-damage|p1a: Sinistcha|0 fnt\n|faint|p1a: Sinistcha\n|\n|upkeep\n|\n|t:|1776193473\n|switch|p1a: Camerupt|Camerupt, L50, M|100/100\n|turn|4\n|\n|t:|1776193485\n|detailschange|p1a: Camerupt|Camerupt-Mega, L50, M\n|-mega|p1a: Camerupt|Camerupt|Cameruptite\n|move|p2a: Maushold|Follow Me|p2a: Maushold\n|-singleturn|p2a: Maushold|move: Follow Me\n|move|p1a: Camerupt|Eruption|p2a: Maushold|[spread] p2a,p2b\n|-resisted|p2b: Garchomp|1\n|-damage|p2a: Maushold|0 fnt\n|-damage|p2b: Garchomp|78/100\n|faint|p2a: Maushold\n|move|p1b: Kingambit|Kowtow Cleave|p2b: Garchomp\n|-damage|p2b: Garchomp|29/100\n|-damage|p1b: Kingambit|39/100|[from] ability: Rough Skin|[of] p2b: Garchomp\n|-enditem|p2b: Garchomp|Sitrus Berry|[eat]\n|-heal|p2b: Garchomp|53/100|[from] item: Sitrus Berry\n|move|p2b: Garchomp|Earthquake|p1a: Camerupt|[spread] p1a,p1b\n|-supereffective|p1a: Camerupt|1\n|-supereffective|p1b: Kingambit|1\n|-damage|p1a: Camerupt|21/100\n|-damage|p1b: Kingambit|0 fnt\n|faint|p1b: Kingambit\n|\n|upkeep\n|\n|t:|1776193493\n|switch|p1b: Sneasler|Sneasler, L50, F|100/100\n|switch|p2a: Delphox|Delphox, L50, M|100/100\n|turn|5\n|\n|t:|1776193500\n|detailschange|p2a: Delphox|Delphox-Mega, L50, M\n|-mega|p2a: Delphox|Delphox|Delphoxite\n|move|p2b: Garchomp|Protect|p2b: Garchomp\n|-singleturn|p2b: Garchomp|Protect\n|move|p2a: Delphox|Protect|p2a: Delphox\n|-singleturn|p2a: Delphox|Protect\n|move|p1b: Sneasler|Fake Out|p2a: Delphox\n|-activate|p2a: Delphox|move: Protect\n|move|p1a: Camerupt|Earth Power|p2b: Garchomp\n|-activate|p2b: Garchomp|move: Protect\n|\n|-fieldend|move: Trick Room\n|upkeep\n|turn|6\n|\n|t:|1776193515\n|move|p1a: Camerupt|Protect|p1a: Camerupt\n|-singleturn|p1a: Camerupt|Protect\n|move|p2a: Delphox|Psychic|p1b: Sneasler\n|-supereffective|p1b: Sneasler|2\n|-damage|p1b: Sneasler|0 fnt\n|faint|p1b: Sneasler\n|move|p2b: Garchomp|Earthquake|p1a: Camerupt|[spread] \n|-activate|p1a: Camerupt|move: Protect\n|-immune|p2a: Delphox|[from] ability: Levitate\n|\n|upkeep\n|turn|7\n|-message|nsbnsb forfeited.\n|\n|win|Bman311\n|raw|nsbnsb's rating: 1377 &rarr; <strong>1356</strong><br />(-21 for losing)\n|raw|Bman311's rating: 1368 &rarr; <strong>1389</strong><br />(+21 for winning)\n|l|\u2606nsbnsb\n|player|p1|\n|l|\u2606Bman311\n|player|p2|\n|j|\u2606Bman311\n|player|p2|Bman311|1|\n|l|\u2606Bman311\n|player|p2|\n|j|\u2606Bman311\n|player|p2|Bman311|1|\n",
  "uploadtime": 1776193816,
  "views": 28,
  "formatid": "gen9championsvgc2026regma",
  "rating": 1356,
  "private": 0,
  "password": null
}