{
  "id": "gen9championsvgc2026regma-2581323714",
  "format": "[Gen 9 Champions] VGC 2026 Reg M-A",
  "players": [
    "Flipsicle",
    "albertito2005"
  ],
  "log": "|j|\u2606Flipsicle\n|j|\u2606albertito2005\n|t:|1775986668\n|gametype|doubles\n|player|p1|Flipsicle|elesa-masters|1409\n|player|p2|albertito2005|veteran|1351\n|gen|9\n|tier|[Gen 9 Champions] VGC 2026 Reg M-A\n|rated|\n|rule|Species Clause: Limit one of each Pok\u00e9mon\n|rule|Item Clause: Limit 1 of each item\n|clearpoke\n|poke|p1|Garchomp, L50, M|\n|poke|p1|Kingambit, L50, M|\n|poke|p1|Primarina, L50, M|\n|poke|p1|Sneasler, L50, F|\n|poke|p1|Dragonite, L50, M|\n|poke|p1|Scovillain, L50, M|\n|poke|p2|Delphox, L50, M|\n|poke|p2|Gyarados, L50, F|\n|poke|p2|Sneasler, L50, F|\n|poke|p2|Excadrill, L50, M|\n|poke|p2|Sinistcha, L50|\n|poke|p2|Tyranitar, L50, F|\n|teampreview|4\nFlipsicle rejected open team sheets.\n|c|\u2606Flipsicle|glhf\n|inactive|Battle timer is ON: inactive players will automatically lose when time's up. (requested by Flipsicle)\n|j| whitetimeshadow\n|l| whitetimeshadow\n|c|\u2606albertito2005|gl\n|\n|t:|1775986707\n|teamsize|p1|4\n|teamsize|p2|4\n|start\n|switch|p1a: Kingambit|Kingambit, L50, M|100/100\n|switch|p1b: Sneasler|Sneasler, L50, F|100/100\n|switch|p2a: Sneasler|Sneasler, L50, F|100/100\n|switch|p2b: Delphox|Delphox, L50, M|100/100\n|turn|1\n|j| gE1xjZRtuhW2DdT0AK\n|inactive|Flipsicle has 30 seconds left.\n|\n|t:|1775986733\n|detailschange|p2b: Delphox|Delphox-Mega, L50, M\n|-mega|p2b: Delphox|Delphox|Delphoxite\n|move|p2a: Sneasler|Fake Out|p1a: Kingambit\n|-resisted|p1a: Kingambit|1\n|-damage|p1a: Kingambit|96/100\n|move|p1b: Sneasler|Fake Out|p2a: Sneasler\n|-damage|p2a: Sneasler|76/100\n|cant|p1a: Kingambit|flinch\n|move|p2b: Delphox|Substitute|p2b: Delphox\n|-start|p2b: Delphox|Substitute\n|-damage|p2b: Delphox|76/100\n|\n|upkeep\n|turn|2\n|\n|t:|1775986748\n|move|p1a: Kingambit|Protect|p1a: Kingambit\n|-singleturn|p1a: Kingambit|Protect\n|move|p2b: Delphox|Heat Wave|p1b: Sneasler|[spread] p1b\n|-activate|p1a: Kingambit|move: Protect\n|-damage|p1b: Sneasler|37/100\n|move|p2a: Sneasler|Close Combat|p1b: Sneasler\n|-resisted|p1b: Sneasler|1\n|-damage|p1b: Sneasler|0 fnt\n|-unboost|p2a: Sneasler|def|1\n|-unboost|p2a: Sneasler|spd|1\n|faint|p1b: Sneasler\n|-enditem|p2a: Sneasler|White Herb\n|-clearnegativeboost|p2a: Sneasler|[silent]\n|\n|upkeep\n|\n|t:|1775986758\n|switch|p1b: Dragonite|Dragonite, L50, M|100/100\n|turn|3\n|\n|t:|1775986766\n|move|p1b: Dragonite|Extreme Speed|p2b: Delphox\n|-end|p2b: Delphox|Substitute\n|move|p1a: Kingambit|Sucker Punch|p2b: Delphox\n|-supereffective|p2b: Delphox|1\n|-damage|p2b: Delphox|0 fnt\n|faint|p2b: Delphox\n|move|p2a: Sneasler|Dire Claw|p1b: Dragonite\n|-damage|p1b: Dragonite|78/100\n|\n|upkeep\n|\n|t:|1775986776\n|switch|p2b: Tyranitar|Tyranitar, L50, F|100/100\n|-weather|Sandstorm|[from] ability: Sand Stream|[of] p2b: Tyranitar\n|turn|4\n|\n|t:|1775986793\n|move|p2a: Sneasler|Close Combat|p1a: Kingambit\n|-supereffective|p1a: Kingambit|2\n|-damage|p1a: Kingambit|0 fnt\n|-unboost|p2a: Sneasler|def|1\n|-unboost|p2a: Sneasler|spd|1\n|faint|p1a: Kingambit\n|move|p1b: Dragonite|Stomping Tantrum|p2a: Sneasler\n|-supereffective|p2a: Sneasler|1\n|-damage|p2a: Sneasler|0 fnt\n|faint|p2a: Sneasler\n|move|p2b: Tyranitar|Ice Punch|p1b: Dragonite\n|-supereffective|p1b: Dragonite|2\n|-damage|p1b: Dragonite|0 fnt\n|faint|p1b: Dragonite\n|\n|-weather|Sandstorm|[upkeep]\n|upkeep\n|\n|t:|1775986806\n|switch|p2a: Excadrill|Excadrill, L50, M|100/100\n|switch|p1b: Scovillain|Scovillain, L50, M|100/100\n|turn|5\n|\n|t:|1775986812\n|move|p1b: Scovillain|Protect|p1b: Scovillain\n|-singleturn|p1b: Scovillain|Protect\n|move|p2a: Excadrill|High Horsepower|p1b: Scovillain\n|-activate|p1b: Scovillain|move: Protect\n|move|p2b: Tyranitar|Ice Punch|p1b: Scovillain\n|-activate|p1b: Scovillain|move: Protect\n|\n|-weather|Sandstorm|[upkeep]\n|-damage|p1b: Scovillain|95/100|[from] Sandstorm\n|-ability|p1b: Scovillain|Moody|boost\n|-boost|p1b: Scovillain|spd|2\n|-unboost|p1b: Scovillain|spa|1\n|upkeep\n|turn|6\n|\n|t:|1775986823\n|move|p1b: Scovillain|Protect||[still]\n|-fail|p1b: Scovillain\n|move|p2a: Excadrill|High Horsepower|p1b: Scovillain\n|-damage|p1b: Scovillain|30/100\n|move|p2b: Tyranitar|Ice Punch|p1b: Scovillain\n|-damage|p1b: Scovillain|0 fnt\n|faint|p1b: Scovillain\n|\n|win|albertito2005\n|raw|Flipsicle's rating: 1409 &rarr; <strong>1386</strong><br />(-23 for losing)\n|raw|albertito2005's rating: 1351 &rarr; <strong>1374</strong><br />(+23 for winning)\n|c|\u2606albertito2005|gg\n|l|\u2606Flipsicle\n|player|p1|\n",
  "uploadtime": 1775986834,
  "views": 52,
  "formatid": "gen9championsvgc2026regma",
  "rating": 1374,
  "private": 0,
  "password": null
}