{
  "id": "gen9championsvgc2026regma-2585130361",
  "format": "[Gen 9 Champions] VGC 2026 Reg M-A",
  "players": [
    "arthur.ayms",
    "microwaved fajita"
  ],
  "log": "|j|\u2606arthur.ayms\n|j|\u2606microwaved fajita\n|t:|1776315377\n|gametype|doubles\n|player|p1|arthur.ayms|265|1156\n|player|p2|microwaved fajita|flaregrunt|1066\n|gen|9\n|tier|[Gen 9 Champions] VGC 2026 Reg M-A\n|rated|\n|rule|Species Clause: Limit one of each Pok\u00e9mon\n|rule|Item Clause: Limit 1 of each item\n|clearpoke\n|poke|p1|Farigiraf, L50, F|\n|poke|p1|Incineroar, L50, M|\n|poke|p1|Machamp, L50, F|\n|poke|p1|Torkoal, L50, F|\n|poke|p1|Sinistcha-Masterpiece, L50|\n|poke|p1|Gengar, L50, M|\n|poke|p2|Glalie, L50, F|\n|poke|p2|Gardevoir, L50, F|\n|poke|p2|Conkeldurr, L50, F|\n|poke|p2|Trevenant, L50, F|\n|poke|p2|Camerupt, L50, F|\n|poke|p2|Noivern, L50, M|\n|teampreview|4\n|inactive|Battle timer is ON: inactive players will automatically lose when time's up. (requested by microwaved fajita)\n|inactive|arthur.ayms has 60 seconds left.\n|\n|t:|1776315418\n|teamsize|p1|4\n|teamsize|p2|4\n|start\n|switch|p1a: Incineroar|Incineroar, L50, M|100/100\n|switch|p1b: Gengar|Gengar, L50, M, shiny|100/100\n|switch|p2a: Glalie|Glalie, L50, F|100/100\n|switch|p2b: Gardevoir|Gardevoir, L50, F|100/100\n|-ability|p1a: Incineroar|Intimidate|boost\n|-fail|p2a: Glalie|unboost|Attack|[from] ability: Inner Focus|[of] p2a: Glalie\n|-unboost|p2b: Gardevoir|atk|1\n|turn|1\n|inactive|arthur.ayms has 30 seconds left.\n|\n|t:|1776315445\n|detailschange|p1b: Gengar|Gengar-Mega, L50, M, shiny\n|-mega|p1b: Gengar|Gengar|Gengarite\n|detailschange|p2a: Glalie|Glalie-Mega, L50, F\n|-mega|p2a: Glalie|Glalie|Glalitite\n|move|p1a: Incineroar|Fake Out|p2b: Gardevoir\n|-damage|p2b: Gardevoir|72/100\n|move|p1b: Gengar|Sludge Bomb|p2a: Glalie\n|-damage|p2a: Glalie|20/100\n|cant|p2b: Gardevoir|flinch\n|move|p2a: Glalie|Earthquake|p1b: Gengar|[spread] p1a,p1b\n|-activate|p2b: Gardevoir|ability: Telepathy\n|-supereffective|p1a: Incineroar|1\n|-crit|p1a: Incineroar\n|-supereffective|p1b: Gengar|1\n|-damage|p1a: Incineroar|19/100\n|-damage|p1b: Gengar|9/100\n|-enditem|p1a: Incineroar|Sitrus Berry|[eat]\n|-heal|p1a: Incineroar|44/100|[from] item: Sitrus Berry\n|\n|upkeep\n|turn|2\n|inactive|arthur.ayms has 30 seconds left.\n|inactive|arthur.ayms has 20 seconds left.\n|\n|t:|1776315480\n|switch|p1a: Sinistcha|Sinistcha-Masterpiece, L50|100/100\n|-heal|p1b: Gengar|33/100|[from] ability: Hospitality|[of] p1a: Sinistcha\n|move|p2a: Glalie|Ice Shard|p1b: Gengar\n|-damage|p1b: Gengar|0 fnt\n|faint|p1b: Gengar\n|move|p2b: Gardevoir|Moonblast|p1a: Sinistcha\n|-damage|p1a: Sinistcha|54/100\n|\n|upkeep\n|\n|t:|1776315491\n|switch|p1b: Incineroar|Incineroar, L50, M|44/100\n|-ability|p1b: Incineroar|Intimidate|boost\n|-unboost|p2a: Glalie|atk|1\n|-unboost|p2b: Gardevoir|atk|1\n|turn|3\n|\n|t:|1776315516\n|switch|p2a: Trevenant|Trevenant, L50, F|100/100\n|move|p1b: Incineroar|Fake Out|p2b: Gardevoir\n|-damage|p2b: Gardevoir|48/100\n|cant|p2b: Gardevoir|flinch\n|move|p1a: Sinistcha|Trick Room|p1a: Sinistcha\n|-fieldstart|move: Trick Room|[of] p1a: Sinistcha\n|\n|upkeep\n|turn|4\n|\n|t:|1776315532\n|move|p2a: Trevenant|Poltergeist|p1a: Sinistcha\n|-activate|p1a: Sinistcha|move: Poltergeist|Occa Berry\n|-supereffective|p1a: Sinistcha|1\n|-damage|p1a: Sinistcha|0 fnt\n|faint|p1a: Sinistcha\n|move|p1b: Incineroar|Throat Chop|p2a: Trevenant\n|-supereffective|p2a: Trevenant|1\n|-damage|p2a: Trevenant|6/100\n|-start|p2a: Trevenant|Throat Chop|[silent]\n|-enditem|p2a: Trevenant|Sitrus Berry|[eat]\n|-heal|p2a: Trevenant|31/100|[from] item: Sitrus Berry\n|move|p2b: Gardevoir|Moonblast|p1b: Incineroar\n|-damage|p1b: Incineroar|0 fnt\n|faint|p1b: Incineroar\n|\n|upkeep\n|\n|t:|1776315545\n|switch|p1a: Torkoal|Torkoal, L50, F|100/100\n|-weather|SunnyDay|[from] ability: Drought|[of] p1a: Torkoal\n|turn|5\n|\n|t:|1776315555\n|move|p1a: Torkoal|Eruption|p2b: Gardevoir|[spread] p2a,p2b\n|-supereffective|p2a: Trevenant|1\n|-damage|p2a: Trevenant|0 fnt\n|-damage|p2b: Gardevoir|0 fnt\n|faint|p2a: Trevenant\n|faint|p2b: Gardevoir\n|\n|-weather|SunnyDay|[upkeep]\n|upkeep\n|\n|t:|1776315558\n|switch|p2a: Conkeldurr|Conkeldurr, L50, F|100/100\n|switch|p2b: Glalie|Glalie-Mega, L50, F|20/100\n|turn|6\n|\n|t:|1776315569\n|move|p2a: Conkeldurr|Mach Punch|p1a: Torkoal\n|-damage|p1a: Torkoal|77/100\n|move|p2b: Glalie|Ice Shard|p1a: Torkoal\n|-resisted|p1a: Torkoal|1\n|-damage|p1a: Torkoal|69/100\n|move|p1a: Torkoal|Eruption|p2b: Glalie|[spread] p2a,p2b\n|-supereffective|p2b: Glalie|1\n|-damage|p2a: Conkeldurr|25/100\n|-damage|p2b: Glalie|0 fnt\n|faint|p2b: Glalie\n|\n|-weather|SunnyDay|[upkeep]\n|-heal|p2a: Conkeldurr|31/100|[from] item: Leftovers\n|upkeep\n|turn|7\n|\n|t:|1776315580\n|move|p2a: Conkeldurr|Mach Punch|p1a: Torkoal\n|-damage|p1a: Torkoal|45/100\n|move|p1a: Torkoal|Eruption|p2a: Conkeldurr\n|-damage|p2a: Conkeldurr|0 fnt\n|faint|p2a: Conkeldurr\n|\n|win|arthur.ayms\n|raw|arthur.ayms's rating: 1156 &rarr; <strong>1175</strong><br />(+19 for winning)\n|raw|microwaved fajita's rating: 1066 &rarr; <strong>1051</strong><br />(-15 for losing)\n|l|\u2606microwaved fajita\n|player|p2|\n",
  "uploadtime": 1776315584,
  "views": 24,
  "formatid": "gen9championsvgc2026regma",
  "rating": 1051,
  "private": 0,
  "password": null
}