{
  "id": "gen9championsvgc2026regma-2587825586",
  "format": "[Gen 9 Champions] VGC 2026 Reg M-A",
  "players": [
    "alvinj29",
    "emochi"
  ],
  "log": "|j|\u2606alvinj29\n|j|\u2606emochi\n|t:|1776567889\n|gametype|doubles\n|player|p1|alvinj29|266|1104\n|player|p2|emochi|266|1104\n|gen|9\n|tier|[Gen 9 Champions] VGC 2026 Reg M-A\n|rated|\n|rule|Species Clause: Limit one of each Pok\u00e9mon\n|rule|Item Clause: Limit 1 of each item\n|clearpoke\n|poke|p1|Manectric, L50, M|\n|poke|p1|Garchomp, L50, F|\n|poke|p1|Blastoise, L50, M|\n|poke|p1|Pelipper, L50, F|\n|poke|p1|Raichu, L50, F|\n|poke|p1|Mamoswine, L50, M|\n|poke|p2|Incineroar, L50, F|\n|poke|p2|Farigiraf, L50, M|\n|poke|p2|Golurk, L50|\n|poke|p2|Sneasler, L50, F|\n|poke|p2|Torkoal, L50, F|\n|poke|p2|Venusaur, L50, M|\n|teampreview|4\n|inactive|Battle timer is ON: inactive players will automatically lose when time's up. (requested by emochi)\n|\n|t:|1776567920\n|teamsize|p1|4\n|teamsize|p2|4\n|start\n|switch|p1a: Garchomp|Garchomp, L50, F|100/100\n|switch|p1b: Manectric|Manectric, L50, M|100/100\n|switch|p2a: Torkoal|Torkoal, L50, F|100/100\n|switch|p2b: Venusaur|Venusaur, L50, M|100/100\n|-weather|SunnyDay|[from] ability: Drought|[of] p2a: Torkoal\n|turn|1\n|\n|t:|1776567937\n|switch|p1a: Pelipper|Pelipper, L50, F|100/100\n|-weather|RainDance|[from] ability: Drizzle|[of] p1a: Pelipper\n|detailschange|p1b: Manectric|Manectric-Mega, L50, M\n|-mega|p1b: Manectric|Manectric|Manectite\n|-ability|p1b: Manectric|Intimidate|boost\n|-unboost|p2a: Torkoal|atk|1\n|-unboost|p2b: Venusaur|atk|1\n|move|p1b: Manectric|Thunder|p2a: Torkoal\n|-damage|p2a: Torkoal|20/100\n|move|p2b: Venusaur|Sleep Powder|p1a: Pelipper\n|-status|p1a: Pelipper|slp|[from] move: Sleep Powder\n|move|p2a: Torkoal|Heat Wave|p1a: Pelipper|[spread] p1a,p1b\n|-resisted|p1a: Pelipper|1\n|-damage|p1a: Pelipper|87/100 slp\n|-damage|p1b: Manectric|73/100\n|\n|-weather|RainDance|[upkeep]\n|upkeep\n|turn|2\n|inactive|alvinj29 has 30 seconds left.\n|\n|t:|1776567962\n|switch|p1a: Raichu|Raichu, L50, F|100/100\n|switch|p2a: Farigiraf|Farigiraf, L50, M|100/100\n|move|p1b: Manectric|Discharge|p2a: Farigiraf|[spread] p2a,p2b\n|-ability|p1a: Raichu|Lightning Rod|boost\n|-boost|p1a: Raichu|spa|1\n|-resisted|p2b: Venusaur|1\n|-damage|p2a: Farigiraf|68/100\n|-damage|p2b: Venusaur|79/100\n|move|p2b: Venusaur|Sludge Bomb|p1a: Raichu\n|-damage|p1a: Raichu|30/100\n|\n|-weather|RainDance|[upkeep]\n|upkeep\n|turn|3\n|\n|t:|1776567983\n|move|p1b: Manectric|Discharge|p2a: Farigiraf|[spread] p2a,p2b\n|-ability|p1a: Raichu|Lightning Rod|boost\n|-boost|p1a: Raichu|spa|1\n|-resisted|p2b: Venusaur|1\n|-damage|p2a: Farigiraf|35/100\n|-damage|p2b: Venusaur|59/100\n|-status|p2a: Farigiraf|par\n|-status|p2b: Venusaur|par\n|-enditem|p2a: Farigiraf|Sitrus Berry|[eat]\n|-heal|p2a: Farigiraf|60/100 par|[from] item: Sitrus Berry\n|move|p1a: Raichu|Thunder|p2a: Farigiraf\n|-damage|p2a: Farigiraf|0 fnt\n|faint|p2a: Farigiraf\n|move|p2b: Venusaur|Sleep Powder|p1b: Manectric\n|-status|p1b: Manectric|slp|[from] move: Sleep Powder\n|\n|-weather|RainDance|[upkeep]\n|upkeep\n|\n|t:|1776567997\n|switch|p2a: Golurk|Golurk, L50|100/100\n|turn|4\n|\n|t:|1776568014\n|switch|p1b: Pelipper|Pelipper, L50, F|87/100 slp\n|detailschange|p2a: Golurk|Golurk-Mega, L50\n|-mega|p2a: Golurk|Golurk|Golurkite\n|move|p1a: Raichu|Dazzling Gleam|p2a: Golurk|[spread] p2a,p2b\n|-resisted|p2b: Venusaur|1\n|-damage|p2a: Golurk|73/100\n|-damage|p2b: Venusaur|42/100 par\n|move|p2a: Golurk|Poltergeist|p1a: Raichu\n|-activate|p1a: Raichu|move: Poltergeist|Magnet\n|-damage|p1a: Raichu|0 fnt\n|faint|p1a: Raichu\n|move|p2b: Venusaur|Sludge Bomb|p1b: Pelipper\n|-damage|p1b: Pelipper|24/100 slp\n|\n|-weather|RainDance|[upkeep]\n|upkeep\n|\n|t:|1776568028\n|switch|p1a: Garchomp|Garchomp, L50, F|100/100\n|turn|5\n|\n|t:|1776568036\n|switch|p2a: Torkoal|Torkoal, L50, F|20/100\n|-weather|SunnyDay|[from] ability: Drought|[of] p2a: Torkoal\n|move|p1a: Garchomp|Liquidation|p2a: Torkoal\n|-supereffective|p2a: Torkoal|1\n|-damage|p2a: Torkoal|0 fnt\n|faint|p2a: Torkoal\n|move|p2b: Venusaur|Sleep Powder|p1a: Garchomp\n|-status|p1a: Garchomp|slp|[from] move: Sleep Powder\n|cant|p1b: Pelipper|slp\n|\n|-weather|SunnyDay|[upkeep]\n|upkeep\n|\n|t:|1776568043\n|switch|p2a: Golurk|Golurk-Mega, L50|73/100\n|turn|6\n|\n|t:|1776568052\n|cant|p1a: Garchomp|slp\n|move|p2b: Venusaur|Sludge Bomb|p1b: Pelipper\n|-damage|p1b: Pelipper|0 fnt\n|faint|p1b: Pelipper\n|move|p2a: Golurk|Ice Punch|p1a: Garchomp\n|-supereffective|p1a: Garchomp|2\n|-damage|p1a: Garchomp|0 fnt\n|-damage|p2a: Golurk|61/100|[from] ability: Rough Skin|[of] p1a: Garchomp\n|faint|p1a: Garchomp\n|\n|-weather|SunnyDay|[upkeep]\n|upkeep\n|\n|t:|1776568064\n|switch|p1a: Manectric|Manectric-Mega, L50, M|73/100 slp\n|-ability|p1a: Manectric|Intimidate|boost\n|-unboost|p2a: Golurk|atk|1\n|-unboost|p2b: Venusaur|atk|1\n|turn|7\n|\n|t:|1776568072\n|cant|p1a: Manectric|slp\n|move|p2b: Venusaur|Sludge Bomb|p1a: Manectric\n|-damage|p1a: Manectric|9/100 slp\n|move|p2a: Golurk|Headlong Rush|p1a: Manectric\n|-supereffective|p1a: Manectric|1\n|-damage|p1a: Manectric|0 fnt\n|-unboost|p2a: Golurk|def|1\n|-unboost|p2a: Golurk|spd|1\n|faint|p1a: Manectric\n|\n|win|emochi\n|raw|alvinj29's rating: 1104 &rarr; <strong>1079</strong><br />(-25 for losing)\n|raw|emochi's rating: 1104 &rarr; <strong>1129</strong><br />(+25 for winning)\n|c|\u2606emochi|ggwp\n|l|\u2606alvinj29\n|player|p1|\n",
  "uploadtime": 1776568239,
  "views": 10,
  "formatid": "gen9championsvgc2026regma",
  "rating": 1079,
  "private": 0,
  "password": null
}