{
  "id": "gen9championsvgc2026regma-2583632513",
  "format": "[Gen 9 Champions] VGC 2026 Reg M-A",
  "players": [
    "castroyz",
    "o1am1de"
  ],
  "log": "|j|\u2606castroyz\n|j|\u2606o1am1de\n|t:|1776187709\n|gametype|doubles\n|player|p1|castroyz|dahlia|1132\n|player|p2|o1am1de|169|1148\n|gen|9\n|tier|[Gen 9 Champions] VGC 2026 Reg M-A\n|rated|\n|rule|Species Clause: Limit one of each Pok\u00e9mon\n|rule|Item Clause: Limit 1 of each item\n|clearpoke\n|poke|p1|Crabominable, L50, F|\n|poke|p1|Sinistcha, L50|\n|poke|p1|Farigiraf, L50, M|\n|poke|p1|Zoroark-Hisui, L50, M|\n|poke|p1|Incineroar, L50, F|\n|poke|p1|Kingambit, L50, M|\n|poke|p2|Venusaur, L50, F|\n|poke|p2|Incineroar, L50, F|\n|poke|p2|Basculegion, L50, M|\n|poke|p2|Excadrill, L50, M|\n|poke|p2|Garchomp, L50, M|\n|poke|p2|Sneasler, L50, F|\n|teampreview|4\no1am1de rejected open team sheets.\n|inactive|Battle timer is ON: inactive players will automatically lose when time's up. (requested by castroyz)\n|c|\u2606o1am1de|have a good game\n|\n|t:|1776187741\n|teamsize|p1|4\n|teamsize|p2|4\n|start\n|switch|p1a: Farigiraf|Farigiraf, L50, M|100/100\n|switch|p1b: Incineroar|Incineroar, L50, F|100/100\n|switch|p2a: Incineroar|Incineroar, L50, F|100/100\n|switch|p2b: Sneasler|Sneasler, L50, F|100/100\n|-ability|p2a: Incineroar|Intimidate|boost\n|-unboost|p1a: Farigiraf|atk|1\n|-unboost|p1b: Incineroar|atk|1\n|-ability|p1b: Incineroar|Intimidate|boost\n|-unboost|p2a: Incineroar|atk|1\n|-unboost|p2b: Sneasler|atk|1\n|-enditem|p2b: Sneasler|White Herb\n|-clearnegativeboost|p2b: Sneasler|[silent]\n|turn|1\n|inactive|o1am1de has 30 seconds left.\n|\n|t:|1776187768\n|move|p2b: Sneasler|Fake Out|p1b: Incineroar\n|-damage|p1b: Incineroar|89/100\n|cant|p1b: Incineroar|flinch\n|move|p1a: Farigiraf|Nasty Plot|p1a: Farigiraf\n|-boost|p1a: Farigiraf|spa|2\n|move|p2a: Incineroar|Darkest Lariat|p1a: Farigiraf\n|-supereffective|p1a: Farigiraf|1\n|-enditem|p1a: Farigiraf|Focus Sash\n|-damage|p1a: Farigiraf|1/100\n|replace|p1a: Zoroark|Zoroark-Hisui, L50, M, shiny\n|-end|p1a: Zoroark|Illusion\n|\n|upkeep\n|turn|2\n|inactive|castroyz has 30 seconds left.\n|\n|t:|1776187795\n|move|p2b: Sneasler|Close Combat|p1b: Incineroar\n|-supereffective|p1b: Incineroar|1\n|-crit|p1b: Incineroar\n|-enditem|p1b: Incineroar|Chople Berry|[eat]\n|-enditem|p1b: Incineroar|Chople Berry|[weaken]\n|-damage|p1b: Incineroar|9/100\n|-unboost|p2b: Sneasler|def|1\n|-unboost|p2b: Sneasler|spd|1\n|move|p1a: Zoroark|Hyper Voice|p2b: Sneasler|[spread] p2a,p2b\n|-damage|p2a: Incineroar|28/100\n|-damage|p2b: Sneasler|0 fnt\n|faint|p2b: Sneasler\n|move|p1b: Incineroar|Darkest Lariat|p2a: Incineroar\n|-resisted|p2a: Incineroar|1\n|-damage|p2a: Incineroar|16/100\n|move|p2a: Incineroar|Darkest Lariat|p1a: Zoroark\n|-supereffective|p1a: Zoroark|1\n|-damage|p1a: Zoroark|0 fnt\n|faint|p1a: Zoroark\n|\n|upkeep\n|c|\u2606o1am1de|Well played\n|\n|t:|1776187817\n|switch|p1a: Farigiraf|Farigiraf, L50, M|100/100\n|switch|p2b: Garchomp|Garchomp, L50, M|100/100\n|turn|3\n|\n|t:|1776187826\n|move|p2b: Garchomp|Rock Slide|p1a: Farigiraf|[spread] p1a,p1b\n|-supereffective|p1b: Incineroar|1\n|-damage|p1a: Farigiraf|81/100\n|-damage|p1b: Incineroar|0 fnt\n|faint|p1b: Incineroar\n|move|p2a: Incineroar|Darkest Lariat|p1a: Farigiraf\n|-supereffective|p1a: Farigiraf|1\n|-enditem|p1a: Farigiraf|Colbur Berry|[eat]\n|-enditem|p1a: Farigiraf|Colbur Berry|[weaken]\n|-damage|p1a: Farigiraf|48/100\n|move|p1a: Farigiraf|Trick Room|p1a: Farigiraf\n|-fieldstart|move: Trick Room|[of] p1a: Farigiraf\n|\n|upkeep\n|\n|t:|1776187836\n|switch|p1b: Crabominable|Crabominable, L50, F|100/100\n|turn|4\n|inactive|castroyz has 30 seconds left.\n|\n|t:|1776187863\n|detailschange|p1b: Crabominable|Crabominable-Mega, L50, F\n|-mega|p1b: Crabominable|Crabominable|Crabominite\n|move|p1a: Farigiraf|Protect|p1a: Farigiraf\n|-singleturn|p1a: Farigiraf|Protect\n|move|p1b: Crabominable|Ice Hammer|p2b: Garchomp\n|-supereffective|p2b: Garchomp|2\n|-enditem|p2b: Garchomp|Focus Sash\n|-damage|p2b: Garchomp|1/100\n|-unboost|p1b: Crabominable|spe|1\n|move|p2a: Incineroar|Parting Shot|p1b: Crabominable\n|-unboost|p1b: Crabominable|atk|1\n|-unboost|p1b: Crabominable|spa|1\n|\n|t:|1776187874\n|switch|p2a: Basculegion|Basculegion, L50, M|100/100|[from] Parting Shot\n|move|p2b: Garchomp|Rock Slide|p1a: Farigiraf|[spread] p1b\n|-activate|p1a: Farigiraf|move: Protect\n|-damage|p1b: Crabominable|86/100\n|\n|upkeep\n|turn|5\n|\n|t:|1776187895\n|move|p1b: Crabominable|Drain Punch|p2b: Garchomp\n|-damage|p2b: Garchomp|0 fnt\n|-heal|p1b: Crabominable|87/100|[from] drain|[of] p2b: Garchomp\n|faint|p2b: Garchomp\n|move|p1a: Farigiraf|Psychic|p2a: Basculegion\n|-damage|p2a: Basculegion|50/100\n|move|p2a: Basculegion|Flip Turn|p1a: Farigiraf\n|-damage|p1a: Farigiraf|0 fnt\n|faint|p1a: Farigiraf\n|\n|t:|1776187905\n|switch|p2a: Incineroar|Incineroar, L50, F|16/100|[from] Flip Turn\n|-ability|p2a: Incineroar|Intimidate|boost\n|-unboost|p1b: Crabominable|atk|1\n|\n|upkeep\n|\n|t:|1776187907\n|switch|p2b: Basculegion|Basculegion, L50, M|50/100\n|turn|6\n|c|\u2606o1am1de|GG\n|\n|t:|1776187916\n|move|p2a: Incineroar|Fake Out|p1b: Crabominable\n|-damage|p1b: Crabominable|76/100\n|cant|p1b: Crabominable|flinch\n|move|p2b: Basculegion|Last Respects|p1b: Crabominable\n|-damage|p1b: Crabominable|1/100\n|\n|upkeep\n|turn|7\n|\n|t:|1776187926\n|move|p2b: Basculegion|Aqua Jet|p1b: Crabominable\n|-damage|p1b: Crabominable|0 fnt\n|faint|p1b: Crabominable\n|\n|win|o1am1de\n|raw|castroyz's rating: 1132 &rarr; <strong>1108</strong><br />(-24 for losing)\n|raw|o1am1de's rating: 1148 &rarr; <strong>1172</strong><br />(+24 for winning)\n|l|\u2606castroyz\n|player|p1|\n|c|\u2606o1am1de|GG\n",
  "uploadtime": 1776187932,
  "views": 16,
  "formatid": "gen9championsvgc2026regma",
  "rating": 1108,
  "private": 0,
  "password": null
}