{
  "id": "gen9championsvgc2026regma-2586898039",
  "format": "[Gen 9 Champions] VGC 2026 Reg M-A",
  "players": [
    "Poliwhirle1232",
    "fkalsdkas"
  ],
  "log": "|j|\u2606Poliwhirle1232\n|j|\u2606fkalsdkas\n|t:|1776469723\n|gametype|doubles\n|player|p1|Poliwhirle1232|rocketgrunt|1000\n|player|p2|fkalsdkas|102|1000\n|gen|9\n|tier|[Gen 9 Champions] VGC 2026 Reg M-A\n|rated|\n|rule|Species Clause: Limit one of each Pok\u00e9mon\n|rule|Item Clause: Limit 1 of each item\n|clearpoke\n|poke|p1|Conkeldurr, L50, M|\n|poke|p1|Incineroar, L50, F|\n|poke|p1|Hydreigon, L50, M|\n|poke|p1|Emboar, L50, F|\n|poke|p1|Reuniclus, L50, M|\n|poke|p1|Cofagrigus, L50, M|\n|poke|p2|Delphox, L50, F|\n|poke|p2|Floette-Eternal, L50, F|\n|poke|p2|Sneasler, L50, F|\n|poke|p2|Kingambit, L50, F|\n|poke|p2|Incineroar, L50, M|\n|poke|p2|Garchomp, L50, M|\n|teampreview|4\n|\n|t:|1776469744\n|teamsize|p1|4\n|teamsize|p2|4\n|start\n|switch|p1a: Reuniclus|Reuniclus, L50, M|100/100\n|switch|p1b: Incineroar|Incineroar, L50, F|100/100\n|switch|p2a: Delphox|Delphox, L50, F|100/100\n|switch|p2b: Garchomp|Garchomp, L50, M|100/100\n|-ability|p1b: Incineroar|Intimidate|boost\n|-unboost|p2a: Delphox|atk|1\n|-unboost|p2b: Garchomp|atk|1\n|turn|1\n|\n|t:|1776469771\n|switch|p2a: Incineroar|Incineroar, L50, M|100/100\n|-ability|p2a: Incineroar|Intimidate|boost\n|-unboost|p1a: Reuniclus|atk|1\n|-unboost|p1b: Incineroar|atk|1\n|move|p2b: Garchomp|Rock Slide|p1a: Reuniclus|[spread] p1a,p1b\n|-supereffective|p1b: Incineroar|1\n|-damage|p1a: Reuniclus|87/100\n|-damage|p1b: Incineroar|69/100\n|move|p1b: Incineroar|Throat Chop|p2a: Incineroar\n|-resisted|p2a: Incineroar|1\n|-damage|p2a: Incineroar|91/100\n|-start|p2a: Incineroar|Throat Chop|[silent]\n|move|p1a: Reuniclus|Energy Ball|p2b: Garchomp\n|-damage|p2b: Garchomp|69/100\n|\n|-heal|p2a: Incineroar|97/100|[from] item: Leftovers\n|upkeep\n|turn|2\n|\n|t:|1776469794\n|move|p2a: Incineroar|Fake Out|p1b: Incineroar\n|-damage|p1b: Incineroar|57/100\n|move|p2b: Garchomp|Rock Slide|p1b: Incineroar|[spread] p1a\n|-miss|p2b: Garchomp|p1b: Incineroar\n|-damage|p1a: Reuniclus|74/100\n|cant|p1b: Incineroar|flinch\n|cant|p1a: Reuniclus|flinch\n|\n|-heal|p2a: Incineroar|100/100|[from] item: Leftovers\n|-end|p2a: Incineroar|Throat Chop|[silent]\n|upkeep\n|turn|3\n|\n|t:|1776469813\n|move|p2b: Garchomp|Rock Slide|p1b: Incineroar|[spread] p1a,p1b\n|-supereffective|p1b: Incineroar|1\n|-damage|p1a: Reuniclus|60/100\n|-damage|p1b: Incineroar|26/100\n|move|p1b: Incineroar|Parting Shot|p2b: Garchomp\n|-unboost|p2b: Garchomp|atk|1\n|-unboost|p2b: Garchomp|spa|1\n|\n|t:|1776469820\n|switch|p1b: Emboar|Emboar, L50, F|100/100|[from] Parting Shot\n|move|p2a: Incineroar|Parting Shot|p1b: Emboar\n|-unboost|p1b: Emboar|atk|1\n|-unboost|p1b: Emboar|spa|1\n|\n|t:|1776469824\n|switch|p2a: Delphox|Delphox, L50, F|100/100|[from] Parting Shot\n|move|p1a: Reuniclus|Trick Room|p1a: Reuniclus\n|-fieldstart|move: Trick Room|[of] p1a: Reuniclus\n|\n|upkeep\n|turn|4\n|\n|t:|1776469839\n|switch|p2a: Incineroar|Incineroar, L50, M|100/100\n|-ability|p2a: Incineroar|Intimidate|boost\n|-unboost|p1a: Reuniclus|atk|1\n|-unboost|p1b: Emboar|atk|1\n|detailschange|p1b: Emboar|Emboar-Mega, L50, F\n|-mega|p1b: Emboar|Emboar|Emboarite\n|-ability|p1b: Emboar|Mold Breaker\n|move|p1b: Emboar|Sucker Punch||[still]\n|-fail|p1b: Emboar\n|move|p1a: Reuniclus|Energy Ball|p2b: Garchomp\n|-damage|p2b: Garchomp|39/100\n|-enditem|p2b: Garchomp|Sitrus Berry|[eat]\n|-heal|p2b: Garchomp|63/100|[from] item: Sitrus Berry\n|move|p2b: Garchomp|Rock Slide|p1b: Emboar|[spread] p1a,p1b\n|-damage|p1a: Reuniclus|49/100\n|-damage|p1b: Emboar|90/100\n|-enditem|p1a: Reuniclus|Sitrus Berry|[eat]\n|-heal|p1a: Reuniclus|74/100|[from] item: Sitrus Berry\n|\n|upkeep\n|turn|5\n|\n|t:|1776469862\n|switch|p2b: Kingambit|Kingambit, L50, F|100/100\n|move|p1a: Reuniclus|Energy Ball|p2b: Kingambit\n|-resisted|p2b: Kingambit|1\n|-damage|p2b: Kingambit|84/100\n|move|p2a: Incineroar|Parting Shot|p1b: Emboar\n|-unboost|p1b: Emboar|atk|1\n|-unboost|p1b: Emboar|spa|1\n|\n|t:|1776469868\n|switch|p2a: Garchomp|Garchomp, L50, M|63/100|[from] Parting Shot\n|move|p1b: Emboar|Close Combat|p2a: Garchomp\n|-damage|p2a: Garchomp|35/100\n|-unboost|p1b: Emboar|def|1\n|-unboost|p1b: Emboar|spd|1\n|-damage|p1b: Emboar|77/100|[from] ability: Rough Skin|[of] p2a: Garchomp\n|\n|upkeep\n|turn|6\n|\n|t:|1776469891\n|switch|p2a: Incineroar|Incineroar, L50, M|100/100\n|-ability|p2a: Incineroar|Intimidate|boost\n|-unboost|p1a: Reuniclus|atk|1\n|-unboost|p1b: Emboar|atk|1\n|move|p2b: Kingambit|Protect|p2b: Kingambit\n|-singleturn|p2b: Kingambit|Protect\n|move|p1a: Reuniclus|Energy Ball|p2a: Incineroar\n|-resisted|p2a: Incineroar|1\n|-damage|p2a: Incineroar|85/100\n|move|p1b: Emboar|Close Combat|p2b: Kingambit\n|-activate|p2b: Kingambit|move: Protect\n|\n|-heal|p2a: Incineroar|91/100|[from] item: Leftovers\n|upkeep\n|turn|7\n|\n|t:|1776469915\n|switch|p1a: Conkeldurr|Conkeldurr, L50, M|100/100\n|move|p2a: Incineroar|Fake Out|p1b: Emboar\n|-damage|p1b: Emboar|60/100\n|move|p2b: Kingambit|Sucker Punch||[still]\n|-fail|p2b: Kingambit\n|cant|p1b: Emboar|flinch\n|\n|-heal|p2a: Incineroar|97/100|[from] item: Leftovers\n|-fieldend|move: Trick Room\n|upkeep\n|turn|8\n|\n|t:|1776469931\n|move|p1a: Conkeldurr|Mach Punch|p2a: Incineroar\n|-supereffective|p2a: Incineroar|1\n|-damage|p2a: Incineroar|58/100\n|move|p1b: Emboar|Close Combat|p2a: Incineroar\n|-supereffective|p2a: Incineroar|1\n|-damage|p2a: Incineroar|22/100\n|-unboost|p1b: Emboar|def|1\n|-unboost|p1b: Emboar|spd|1\n|move|p2a: Incineroar|Parting Shot|p1b: Emboar\n|-unboost|p1b: Emboar|atk|1\n|-unboost|p1b: Emboar|spa|1\n|\n|t:|1776469939\n|switch|p2a: Delphox|Delphox, L50, F|100/100|[from] Parting Shot\n|move|p2b: Kingambit|Iron Head|p1a: Conkeldurr\n|-damage|p1a: Conkeldurr|59/100\n|\n|-heal|p1a: Conkeldurr|65/100|[from] item: Leftovers\n|upkeep\n|turn|9\n|\n|t:|1776469956\n|switch|p2b: Garchomp|Garchomp, L50, M|35/100\n|detailschange|p2a: Delphox|Delphox-Mega, L50, F\n|-mega|p2a: Delphox|Delphox|Delphoxite\n|move|p1b: Emboar|Sucker Punch||[still]\n|-fail|p1b: Emboar\n|move|p2a: Delphox|Encore|p1a: Conkeldurr\n|-start|p1a: Conkeldurr|Encore\n|move|p1a: Conkeldurr|Mach Punch|p2a: Delphox\n|-resisted|p2a: Delphox|1\n|-damage|p2a: Delphox|87/100\n|\n|-heal|p1a: Conkeldurr|71/100|[from] item: Leftovers\n|upkeep\n|turn|10\n|\n|t:|1776469973\n|move|p1b: Emboar|Sucker Punch||[still]\n|-fail|p1b: Emboar\n|move|p1a: Conkeldurr|Mach Punch|p2b: Garchomp\n|-damage|p2b: Garchomp|13/100\n|-damage|p1a: Conkeldurr|59/100|[from] ability: Rough Skin|[of] p2b: Garchomp\n|move|p2a: Delphox|Encore|p1b: Emboar\n|-start|p1b: Emboar|Encore\n|move|p2b: Garchomp|Earthquake|p1b: Emboar|[spread] p1a,p1b\n|-immune|p2a: Delphox|[from] ability: Levitate\n|-supereffective|p1b: Emboar|1\n|-damage|p1a: Conkeldurr|26/100\n|-damage|p1b: Emboar|0 fnt\n|faint|p1b: Emboar\n|\n|-heal|p1a: Conkeldurr|33/100|[from] item: Leftovers\n|upkeep\n|inactive|Battle timer is ON: inactive players will automatically lose when time's up. (requested by fkalsdkas)\n|inactive|Poliwhirle1232 has 60 seconds left.\n|inactive|Poliwhirle1232 has 30 seconds left.\n|inactive|Poliwhirle1232 has 20 seconds left.\n|inactive|Poliwhirle1232 has 15 seconds left.\n|inactive|Poliwhirle1232 has 10 seconds left.\n|inactive|Poliwhirle1232 has 5 seconds left.\n|\n|t:|1776470137\n|switch|p1b: Incineroar|Incineroar, L50, F|26/100\n|-ability|p1b: Incineroar|Intimidate|boost\n|-unboost|p2a: Delphox|atk|1\n|-unboost|p2b: Garchomp|atk|1\n|turn|11\n|inactive|Poliwhirle1232 has 30 seconds left.\n|inactive|Poliwhirle1232 has 20 seconds left.\n|inactive|fkalsdkas has 30 seconds left.\n|inactive|Poliwhirle1232 has 15 seconds left.\n|inactive|Poliwhirle1232 has 10 seconds left.\n|inactive|Poliwhirle1232 has 5 seconds left.\n|\n|t:|1776470192\n|switch|p2b: Kingambit|Kingambit, L50, F|84/100\n|move|p2a: Delphox|Protect|p2a: Delphox\n|-singleturn|p2a: Delphox|Protect\n|move|p1a: Conkeldurr|Mach Punch|p2a: Delphox\n|-activate|p2a: Delphox|move: Protect\n|move|p1b: Incineroar|Parting Shot|p2b: Kingambit\n|-unboost|p2b: Kingambit|atk|1\n|-ability|p2b: Kingambit|Defiant|boost\n|-boost|p2b: Kingambit|atk|2\n|-unboost|p2b: Kingambit|spa|1\n|-ability|p2b: Kingambit|Defiant|boost\n|-boost|p2b: Kingambit|atk|2\n|inactive|Poliwhirle1232 has 30 seconds left.\n|inactive|Poliwhirle1232 has 20 seconds left.\n|inactive|Poliwhirle1232 has 15 seconds left.\n|inactive|Poliwhirle1232 has 10 seconds left.\n|inactive|Poliwhirle1232 has 5 seconds left.\n|\n|t:|1776470247\n|switch|p1b: Reuniclus|Reuniclus, L50, M|74/100|[from] Parting Shot\n|\n|-heal|p1a: Conkeldurr|39/100|[from] item: Leftovers\n|-end|p1a: Conkeldurr|Encore\n|upkeep\n|turn|12\n|inactive|Poliwhirle1232 has 30 seconds left.\n|inactive|Poliwhirle1232 has 20 seconds left.\n|inactive|Poliwhirle1232 has 15 seconds left.\n|inactive|Poliwhirle1232 has 10 seconds left.\n|inactive|Poliwhirle1232 has 5 seconds left.\n|\n|t:|1776470302\n|move|p2a: Delphox|Psychic|p1a: Conkeldurr\n|-supereffective|p1a: Conkeldurr|1\n|-damage|p1a: Conkeldurr|0 fnt\n|faint|p1a: Conkeldurr\n|move|p2b: Kingambit|Iron Head|p1b: Reuniclus\n|-damage|p1b: Reuniclus|0 fnt\n|faint|p1b: Reuniclus\n|\n|upkeep\n|-message|Poliwhirle1232 forfeited.\n|\n|win|fkalsdkas\n|raw|Poliwhirle1232's rating: 1000 &rarr; <strong>1000</strong><br />(+0 for losing)\n|raw|fkalsdkas's rating: 1000 &rarr; <strong>1040</strong><br />(+40 for winning)\n|l|\u2606Poliwhirle1232\n|player|p1|\n",
  "uploadtime": 1776470329,
  "views": 21,
  "formatid": "gen9championsvgc2026regma",
  "rating": 1000,
  "private": 0,
  "password": null
}