{
  "id": "gen9championsvgc2026regma-2582106183",
  "format": "[Gen 9 Champions] VGC 2026 Reg M-A",
  "players": [
    "Sprite T",
    "WessellRustbrook"
  ],
  "log": "|j|\u2606Sprite T\n|j|\u2606WessellRustbrook\n|t:|1776058642\n|gametype|doubles\n|player|p1|Sprite T|2|1328\n|player|p2|WessellRustbrook|hoopster|1338\n|gen|9\n|tier|[Gen 9 Champions] VGC 2026 Reg M-A\n|rated|\n|rule|Species Clause: Limit one of each Pok\u00e9mon\n|rule|Item Clause: Limit 1 of each item\n|clearpoke\n|poke|p1|Gengar, L50, M|\n|poke|p1|Incineroar, L50, F|\n|poke|p1|Blastoise, L50, M|\n|poke|p1|Sinistcha, L50|\n|poke|p1|Drampa, L50, M|\n|poke|p1|Kommo-o, L50, F|\n|poke|p2|Audino, L50, M|\n|poke|p2|Avalugg-Hisui, L50, F|\n|poke|p2|Armarouge, L50, M|\n|poke|p2|Palafin, L50, M|\n|poke|p2|Sneasler, L50, F|\n|poke|p2|Ninetales-Alola, L50, M|\n|teampreview|4\n|inactive|Battle timer is ON: inactive players will automatically lose when time's up. (requested by Sprite T)\n|\n|t:|1776058669\n|teamsize|p1|4\n|teamsize|p2|4\n|start\n|switch|p1a: Gengar|Gengar, L50, M, shiny|100/100\n|switch|p1b: Blastoise|Blastoise, L50, M|100/100\n|switch|p2a: Audino|Audino, L50, M, shiny|100/100\n|switch|p2b: Sneasler|Sneasler, L50, F|100/100\n|turn|1\n|\n|t:|1776058689\n|detailschange|p1a: Gengar|Gengar-Mega, L50, M, shiny\n|-mega|p1a: Gengar|Gengar|Gengarite\n|move|p1b: Blastoise|Fake Out|p2b: Sneasler\n|-damage|p2b: Sneasler|87/100\n|move|p1a: Gengar|Perish Song|p1a: Gengar\n|-start|p1a: Gengar|perish3|[silent]\n|-start|p1b: Blastoise|perish3|[silent]\n|-start|p2a: Audino|perish3|[silent]\n|-start|p2b: Sneasler|perish3|[silent]\n|-fieldactivate|move: Perish Song\n|cant|p2b: Sneasler|flinch\n|move|p2a: Audino|Trick Room|p2a: Audino\n|-fieldstart|move: Trick Room|[of] p2a: Audino\n|\n|-start|p2a: Audino|perish3\n|-start|p1b: Blastoise|perish3\n|-start|p2b: Sneasler|perish3\n|-start|p1a: Gengar|perish3\n|upkeep\n|turn|2\n|inactive|Sprite T has 30 seconds left.\n|inactive|WessellRustbrook has 30 seconds left.\n|\n|t:|1776058715\n|detailschange|p2a: Audino|Audino-Mega, L50, M, shiny\n|-mega|p2a: Audino|Audino|Audinite\n|move|p1b: Blastoise|Protect|p1b: Blastoise\n|-singleturn|p1b: Blastoise|Protect\n|move|p1a: Gengar|Protect|p1a: Gengar\n|-singleturn|p1a: Gengar|Protect\n|move|p2a: Audino|Dazzling Gleam|p1b: Blastoise|[spread] \n|-activate|p1a: Gengar|move: Protect\n|-activate|p1b: Blastoise|move: Protect\n|move|p2b: Sneasler|Throat Chop|p1a: Gengar\n|-activate|p1a: Gengar|move: Protect\n|\n|-start|p2a: Audino|perish2\n|-start|p1b: Blastoise|perish2\n|-start|p2b: Sneasler|perish2\n|-start|p1a: Gengar|perish2\n|upkeep\n|turn|3\n|\n|t:|1776058726\n|switch|p1a: Incineroar|Incineroar, L50, F|100/100\n|-ability|p1a: Incineroar|Intimidate|boost\n|-unboost|p2a: Audino|atk|1\n|-unboost|p2b: Sneasler|atk|1\n|-enditem|p2b: Sneasler|White Herb\n|-clearnegativeboost|p2b: Sneasler|[silent]\n|move|p2a: Audino|Dazzling Gleam|p1a: Incineroar|[spread] p1a,p1b\n|-crit|p1a: Incineroar\n|-damage|p1a: Incineroar|73/100\n|-damage|p1b: Blastoise|79/100\n|move|p1b: Blastoise|Flip Turn|p2b: Sneasler\n|-damage|p2b: Sneasler|50/100\n|\n|t:|1776058728\n|switch|p1b: Gengar|Gengar-Mega, L50, M, shiny|100/100|[from] Flip Turn\n|move|p2b: Sneasler|Throat Chop|p1a: Incineroar\n|-resisted|p1a: Incineroar|1\n|-damage|p1a: Incineroar|60/100\n|-start|p1a: Incineroar|Throat Chop|[silent]\n|\n|-start|p2a: Audino|perish1\n|-start|p2b: Sneasler|perish1\n|upkeep\n|turn|4\n|inactive|Sprite T has 30 seconds left.\n|inactive|WessellRustbrook has 30 seconds left.\n|\n|t:|1776058759\n|switch|p1b: Blastoise|Blastoise, L50, M|79/100\n|move|p1a: Incineroar|Fake Out|p2b: Sneasler\n|-damage|p2b: Sneasler|31/100\n|move|p2a: Audino|Dazzling Gleam|p1b: Blastoise|[spread] p1a,p1b\n|-damage|p1a: Incineroar|42/100\n|-damage|p1b: Blastoise|56/100\n|-enditem|p1a: Incineroar|Sitrus Berry|[eat]\n|-heal|p1a: Incineroar|67/100|[from] item: Sitrus Berry\n|cant|p2b: Sneasler|flinch\n|\n|-end|p1a: Incineroar|Throat Chop|[silent]\n|-start|p2a: Audino|perish0\n|-start|p2b: Sneasler|perish0\n|faint|p2a: Audino\n|faint|p2b: Sneasler\n|upkeep\n|\n|t:|1776058761\n|switch|p2a: Avalugg|Avalugg-Hisui, L50, F, shiny|100/100\n|switch|p2b: Ninetales|Ninetales-Alola, L50, M, shiny|100/100\n|-weather|Snowscape|[from] ability: Snow Warning|[of] p2b: Ninetales\n|turn|5\n|j| CARtu348rjf90\n|\n|t:|1776058775\n|switch|p1a: Gengar|Gengar-Mega, L50, M, shiny|100/100\n|move|p1b: Blastoise|Fake Out|p2a: Avalugg\n|-resisted|p2a: Avalugg|1\n|-damage|p2a: Avalugg|99/100\n|cant|p2a: Avalugg|flinch\n|move|p2b: Ninetales|Aurora Veil|p2b: Ninetales\n|-sidestart|p2: WessellRustbrook|move: Aurora Veil\n|\n|-weather|Snowscape|[upkeep]\n|-fieldend|move: Trick Room\n|upkeep\n|turn|6\n|j| tsuruya0097\n|inactive|WessellRustbrook has 30 seconds left.\n|\n|t:|1776058806\n|switch|p1b: Incineroar|Incineroar, L50, F|67/100\n|-ability|p1b: Incineroar|Intimidate|boost\n|-unboost|p2a: Avalugg|atk|1\n|-unboost|p2b: Ninetales|atk|1\n|move|p1a: Gengar|Perish Song|p1a: Gengar\n|-start|p1a: Gengar|perish3|[silent]\n|-start|p1b: Incineroar|perish3|[silent]\n|-start|p2a: Avalugg|perish3|[silent]\n|-start|p2b: Ninetales|perish3|[silent]\n|-fieldactivate|move: Perish Song\n|move|p2b: Ninetales|Blizzard|p1b: Incineroar|[spread] p1a,p1b\n|-resisted|p1b: Incineroar|1\n|-damage|p1a: Gengar|68/100\n|-damage|p1b: Incineroar|56/100\n|-status|p1a: Gengar|frz\n|move|p2a: Avalugg|Rock Slide|p1a: Gengar|[spread] p1b\n|-miss|p2a: Avalugg|p1a: Gengar\n|-supereffective|p1b: Incineroar|1\n|-damage|p1b: Incineroar|23/100\n|\n|-weather|Snowscape|[upkeep]\n|-start|p1a: Gengar|perish3\n|-start|p2b: Ninetales|perish3\n|-start|p1b: Incineroar|perish3\n|-start|p2a: Avalugg|perish3\n|upkeep\n|turn|7\n|\n|t:|1776058826\n|switch|p1a: Blastoise|Blastoise, L50, M|56/100\n|move|p1b: Incineroar|Fake Out|p2a: Avalugg\n|-resisted|p2a: Avalugg|1\n|-damage|p2a: Avalugg|99/100\n|move|p2b: Ninetales|Blizzard|p1b: Incineroar|[spread] p1a,p1b\n|-resisted|p1a: Blastoise|1\n|-resisted|p1b: Incineroar|1\n|-damage|p1a: Blastoise|43/100\n|-damage|p1b: Incineroar|11/100\n|cant|p2a: Avalugg|flinch\n|\n|-weather|Snowscape|[upkeep]\n|-start|p2b: Ninetales|perish2\n|-start|p1b: Incineroar|perish2\n|-start|p2a: Avalugg|perish2\n|upkeep\n|turn|8\n|l| tsuruya0097\n|\n|t:|1776058836\n|move|p1a: Blastoise|Protect|p1a: Blastoise\n|-singleturn|p1a: Blastoise|Protect\n|move|p1b: Incineroar|Protect|p1b: Incineroar\n|-singleturn|p1b: Incineroar|Protect\n|move|p2b: Ninetales|Freeze-Dry|p1a: Blastoise\n|-activate|p1a: Blastoise|move: Protect\n|move|p2a: Avalugg|Body Press|p1a: Blastoise\n|-activate|p1a: Blastoise|move: Protect\n|\n|-weather|Snowscape|[upkeep]\n|-start|p2b: Ninetales|perish1\n|-start|p1b: Incineroar|perish1\n|-start|p2a: Avalugg|perish1\n|upkeep\n|turn|9\n|-message|WessellRustbrook forfeited.\n|\n|win|Sprite T\n|raw|Sprite T's rating: 1328 &rarr; <strong>1349</strong><br />(+21 for winning)\n|raw|WessellRustbrook's rating: 1338 &rarr; <strong>1317</strong><br />(-21 for losing)\n|l|\u2606WessellRustbrook\n|player|p2|\n|l|\u2606Sprite T\n|player|p1|\n",
  "uploadtime": 1776058863,
  "views": 40,
  "formatid": "gen9championsvgc2026regma",
  "rating": 1317,
  "private": 0,
  "password": null
}