{
  "id": "gen9championsvgc2026regma-2587263479",
  "format": "[Gen 9 Champions] VGC 2026 Reg M-A",
  "players": [
    "BaboonX",
    "dragonmaster441"
  ],
  "log": "|j|\u2606BaboonX\n|j|\u2606dragonmaster441\n|t:|1776515939\n|gametype|doubles\n|player|p1|BaboonX|swimmer|1062\n|player|p2|dragonmaster441|acetrainerf-gen4|1000\n|gen|9\n|tier|[Gen 9 Champions] VGC 2026 Reg M-A\n|rated|\n|rule|Species Clause: Limit one of each Pok\u00e9mon\n|rule|Item Clause: Limit 1 of each item\n|clearpoke\n|poke|p1|Tyranitar, L50, M|\n|poke|p1|Whimsicott, L50, M|\n|poke|p1|Empoleon, L50, M|\n|poke|p1|Runerigus, L50, M|\n|poke|p1|Heliolisk, L50, M|\n|poke|p1|Glimmora, L50, F|\n|poke|p2|Starmie, L50|\n|poke|p2|Dragonite, L50, M|\n|poke|p2|Sneasler, L50, F|\n|poke|p2|Dragapult, L50, F|\n|poke|p2|Whimsicott, L50, F|\n|poke|p2|Rampardos, L50, M|\n|teampreview|4\n|inactive|Battle timer is ON: inactive players will automatically lose when time's up. (requested by dragonmaster441)\n|c|\u2606dragonmaster441|hf\ndragonmaster441 has agreed to open team sheets.\n|c|\u2606dragonmaster441|hmm well that's not what i meant to click\n|inactive|BaboonX has 60 seconds left.\n|inactive|dragonmaster441 has 60 seconds left.\n|inactive|dragonmaster441 has 30 seconds left.\n|inactive|dragonmaster441 has 20 seconds left.\n|inactive|dragonmaster441 has 15 seconds left.\n|\n|t:|1776516019\n|teamsize|p1|4\n|teamsize|p2|4\n|start\n|switch|p1a: Tyranitar|Tyranitar, L50, M|100/100\n|switch|p1b: Heliolisk|Heliolisk, L50, M|100/100\n|switch|p2a: Sneasler|Sneasler, L50, F|100/100\n|switch|p2b: Starmie|Starmie, L50|100/100\n|-weather|Sandstorm|[from] ability: Sand Stream|[of] p1a: Tyranitar\n|turn|1\n|inactive|BaboonX has 30 seconds left.\n|\n|t:|1776516054\n|switch|p1b: Glimmora|Glimmora, L50, F|100/100\n|detailschange|p2b: Starmie|Starmie-Mega, L50\n|-mega|p2b: Starmie|Starmie|Starminite\n|move|p1a: Tyranitar|Protect|p1a: Tyranitar\n|-singleturn|p1a: Tyranitar|Protect\n|move|p2a: Sneasler|Close Combat|p1a: Tyranitar\n|-activate|p1a: Tyranitar|move: Protect\n|move|p2b: Starmie|Skill Swap|p2a: Sneasler\n|-activate|p2b: Starmie|Skill Swap|||[of] p2a: Sneasler\n|\n|-weather|Sandstorm|[upkeep]\n|-damage|p2a: Sneasler|95/100|[from] Sandstorm\n|-damage|p2b: Starmie|95/100|[from] Sandstorm\n|upkeep\n|turn|2\n|l|\u2606dragonmaster441\n|inactive|dragonmaster441 disconnected and has a minute to reconnect!\n|player|p2|\n|inactive|BaboonX has 30 seconds left.\n|inactive|dragonmaster441 has 30 seconds left.\n|j|\u2606dragonmaster441\n|inactive|dragonmaster441 reconnected and has 25 seconds left.\n|player|p2|dragonmaster441|acetrainerf-gen4|\n|inactive|dragonmaster441 has 20 seconds left.\n|inactive|dragonmaster441 has 15 seconds left.\n|\n|t:|1776516098\n|switch|p1a: Runerigus|Runerigus, L50, M|100/100\n|move|p1b: Glimmora|Dazzling Gleam|p2b: Starmie|[spread] p2a,p2b\n|-damage|p2a: Sneasler|62/100\n|-damage|p2b: Starmie|70/100\n|move|p2b: Starmie|Liquidation|p1b: Glimmora\n|-supereffective|p1b: Glimmora|1\n|-damage|p1b: Glimmora|37/100\n|-unboost|p1b: Glimmora|def|1\n|-activate|p1b: Glimmora|ability: Toxic Debris\n|-sidestart|p2: dragonmaster441|move: Toxic Spikes\n|move|p2a: Sneasler|Close Combat|p1a: Runerigus\n|-immune|p1a: Runerigus\n|\n|-weather|Sandstorm|[upkeep]\n|-damage|p2b: Starmie|64/100|[from] Sandstorm\n|-damage|p2a: Sneasler|57/100|[from] Sandstorm\n|upkeep\n|turn|3\n|l|\u2606dragonmaster441\n|inactive|dragonmaster441 disconnected and has a minute to reconnect!\n|player|p2|\n|inactive|BaboonX has 30 seconds left.\n|inactive|dragonmaster441 has 30 seconds left.\n|j|\u2606dragonmaster441\n|inactive|dragonmaster441 reconnected and has 25 seconds left.\n|player|p2|dragonmaster441|acetrainerf-gen4|\n|inactive|BaboonX has 20 seconds left.\n|inactive|dragonmaster441 has 20 seconds left.\n|inactive|BaboonX has 15 seconds left.\n|inactive|dragonmaster441 has 15 seconds left.\n|inactive|dragonmaster441 has 10 seconds left.\n|inactive|dragonmaster441 has 5 seconds left.\n|\n|t:|1776516152\n|move|p1b: Glimmora|Dazzling Gleam|p2b: Starmie|[spread] p2a,p2b\n|-damage|p2a: Sneasler|27/100\n|-damage|p2b: Starmie|41/100\n|move|p2b: Starmie|Ice Beam|p1a: Runerigus\n|-supereffective|p1a: Runerigus|1\n|-damage|p1a: Runerigus|56/100\n|move|p2a: Sneasler|Dire Claw|p1a: Runerigus\n|-resisted|p1a: Runerigus|2\n|-damage|p1a: Runerigus|41/100\n|-activate|p2a: Sneasler|Skill Swap|Wandering Spirit|Huge Power|[of] p1a: Runerigus\n|move|p1a: Runerigus|Trick Room|p1a: Runerigus\n|-fieldstart|move: Trick Room|[of] p1a: Runerigus\n|\n|-weather|Sandstorm|[upkeep]\n|-damage|p2a: Sneasler|22/100|[from] Sandstorm\n|-damage|p2b: Starmie|35/100|[from] Sandstorm\n|upkeep\n|turn|4\n|inactive|BaboonX has 30 seconds left.\n|inactive|dragonmaster441 has 30 seconds left.\n|inactive|BaboonX has 20 seconds left.\n|inactive|dragonmaster441 has 20 seconds left.\n|\n|t:|1776516189\n|move|p1a: Runerigus|Poltergeist|p2a: Sneasler\n|-activate|p2a: Sneasler|move: Poltergeist|Focus Sash\n|-damage|p2a: Sneasler|0 fnt\n|faint|p2a: Sneasler\n|move|p2b: Starmie|Liquidation|p1b: Glimmora\n|-supereffective|p1b: Glimmora|1\n|-damage|p1b: Glimmora|0 fnt\n|-activate|p1b: Glimmora|ability: Toxic Debris\n|-sidestart|p2: dragonmaster441|move: Toxic Spikes\n|faint|p1b: Glimmora\n|\n|-weather|Sandstorm|[upkeep]\n|-damage|p2b: Starmie|29/100|[from] Sandstorm\n|upkeep\n|\n|t:|1776516205\n|switch|p1b: Tyranitar|Tyranitar, L50, M|100/100\n|switch|p2a: Dragonite|Dragonite, L50, M|100/100\n|turn|5\n|\n|t:|1776516222\n|detailschange|p1b: Tyranitar|Tyranitar-Mega, L50, M\n|-mega|p1b: Tyranitar|Tyranitar|Tyranitarite\n|move|p2b: Starmie|Protect|p2b: Starmie\n|-singleturn|p2b: Starmie|Protect\n|move|p1a: Runerigus|Poltergeist|p2a: Dragonite\n|-activate|p2a: Dragonite|move: Poltergeist|White Herb\n|-damage|p2a: Dragonite|25/100\n|move|p1b: Tyranitar|Rock Slide|p2a: Dragonite|[spread] p2a\n|-activate|p2b: Starmie|move: Protect\n|-supereffective|p2a: Dragonite|1\n|-damage|p2a: Dragonite|0 fnt\n|faint|p2a: Dragonite\n|\n|-weather|none\n|upkeep\n|\n|t:|1776516234\n|switch|p2a: Dragapult|Dragapult, L50, F|100/100\n|-status|p2a: Dragapult|tox\n|-enditem|p2a: Dragapult|Lum Berry|[eat]\n|-curestatus|p2a: Dragapult|tox|[msg]\n|turn|6\n|\n|t:|1776516252\n|move|p1a: Runerigus|Poltergeist||[still]\n|-fail|p1a: Runerigus\n|move|p1b: Tyranitar|Rock Slide|p2a: Dragapult|[spread] p2a,p2b\n|-damage|p2a: Dragapult|53/100\n|-damage|p2b: Starmie|0 fnt\n|faint|p2b: Starmie\n|move|p2a: Dragapult|Dragon Darts|p1a: Runerigus\n|-damage|p1a: Runerigus|23/100\n|-anim|p2a: Dragapult|Dragon Darts|p1b: Tyranitar\n|-damage|p1b: Tyranitar|84/100\n|\n|upkeep\n|turn|7\n|\n|t:|1776516270\n|move|p1a: Runerigus|Curse|p2a: Dragapult\n|-start|p2a: Dragapult|Curse|[of] p1a: Runerigus\n|-damage|p1a: Runerigus|0 fnt\n|faint|p1a: Runerigus\n|move|p1b: Tyranitar|Lash Out|p2a: Dragapult\n|-supereffective|p2a: Dragapult|1\n|-crit|p2a: Dragapult\n|-damage|p2a: Dragapult|0 fnt\n|faint|p2a: Dragapult\n|\n|win|BaboonX\n|raw|BaboonX's rating: 1062 &rarr; <strong>1087</strong><br />(+25 for winning)\n|raw|dragonmaster441's rating: 1000 &rarr; <strong>1000</strong><br />(+0 for losing)\n",
  "uploadtime": 1776516276,
  "views": 13,
  "formatid": "gen9championsvgc2026regma",
  "rating": 1000,
  "private": 0,
  "password": null
}