{
  "id": "gen9championsvgc2026regma-2587640344",
  "format": "[Gen 9 Champions] VGC 2026 Reg M-A",
  "players": [
    "138mysx",
    "thacrow"
  ],
  "log": "|j|\u2606138mysx\n|j|\u2606thacrow\n|html|<table width=\"100%\"><tr><td align=\"left\">138mysx</td><td align=\"right\">thacrow</tr><tr><td align=\"left\"><i class=\"fa fa-circle-o\"></i> <i class=\"fa fa-circle-o\"></i> </td><td align=\"right\"><i class=\"fa fa-circle-o\"></i> <i class=\"fa fa-circle-o\"></i> </tr></table>\n|uhtml|bestof|<h2><strong>Game 1</strong> of <a href=\"/game-bestof3-gen9championsvgc2026regma-2587640343\">a best-of-3</a></h2>\n|t:|1776549482\n|gametype|doubles\n|player|p1|138mysx|170|\n|player|p2|thacrow|#thacrow|\n|gen|9\n|tier|[Gen 9 Champions] VGC 2026 Reg M-A\n|rated|Tournament battle\n|rule|Species Clause: Limit one of each Pok\u00e9mon\n|rule|Item Clause: Limit 1 of each item\n|raw|<div class=\"infobox\"><details class=\"readmore\" open><summary><strong>2 custom rules:</strong></summary> Force Open Team Sheets, Best of = 3</details></div>\n|clearpoke\n|poke|p1|Garchomp, L50, F, shiny|\n|poke|p1|Gardevoir, L50, F, shiny|\n|poke|p1|Charizard, L50, M, shiny|\n|poke|p1|Milotic, L50, M|\n|poke|p1|Corviknight, L50, F|\n|poke|p1|Meowscarada, L50, M|\n|poke|p2|Garchomp, L50, M, shiny|\n|poke|p2|Milotic, L50, M|\n|poke|p2|Scovillain, L50, F|\n|poke|p2|Aegislash, L50, F|\n|poke|p2|Floette-Eternal, L50, F|\n|poke|p2|Sneasler, L50, M|\n|teampreview|4\n|showteam|p1|Garchomp||LumBerry|RoughSkin|RockSlide,Earthquake,DragonClaw,Protect|||F|||50|]Gardevoir||ChoiceScarf|Telepathy|Psyshock,Moonblast,DazzlingGleam,IcyWind|||F|||50|]Charizard||CharizarditeY|Blaze|WeatherBall,HeatWave,SolarBeam,Protect|||M|||50|]Milotic||SitrusBerry|Competitive|Scald,IceBeam,Recover,Protect|||M|||50|]Corviknight||SharpBeak|MirrorArmor|IronHead,DualWingbeat,Tailwind,Protect|||F|||50|]Meowscarada||FocusSash|Protean|KnockOff,TripleAxel,FlowerTrick,Protect|||M|||50|\n|showteam|p2|Garchomp||SitrusBerry|RoughSkin|StompingTantrum,RockSlide,SwordsDance,Protect|||M|||50|]Milotic||Leftovers|Competitive|Scald,IcyWind,LifeDew,Protect|||M|||50|]Scovillain||Scovillainite|Insomnia|RagePowder,Flamethrower,LeechSeed,Protect|||F|||50|]Aegislash||SpellTag|StanceChange|Poltergeist,SacredSword,ShadowSneak,KingsShield|||F|||50|]Floette-Eternal||Floettite|FlowerVeil|Moonblast,DazzlingGleam,LightofRuin,Protect|||F|||50|]Sneasler||WhiteHerb|Unburden|FakeOut,CloseCombat,GunkShot,Coaching|||M|||50|\n|j|+holdingb\n|\n|t:|1776549532\n|teamsize|p1|4\n|teamsize|p2|4\n|start\n|switch|p1a: Milotic|Milotic, L50, M|100/100\n|switch|p1b: Gardevoir|Gardevoir, L50, F, shiny|100/100\n|switch|p2a: Garchomp|Garchomp, L50, M, shiny|100/100\n|switch|p2b: Scovillain|Scovillain, L50, F|100/100\n|turn|1\n|\n|t:|1776549546\n|switch|p2a: Milotic|Milotic, L50, M|100/100\n|detailschange|p2b: Scovillain|Scovillain-Mega, L50, F\n|-mega|p2b: Scovillain|Scovillain|Scovillainite\n|move|p1b: Gardevoir|Icy Wind|p2a: Milotic|[spread] p2a,p2b\n|-resisted|p2a: Milotic|1\n|-damage|p2a: Milotic|95/100\n|-damage|p2b: Scovillain|85/100\n|-unboost|p2a: Milotic|spe|1\n|-ability|p2a: Milotic|Competitive|boost\n|-boost|p2a: Milotic|spa|2\n|-unboost|p2b: Scovillain|spe|1\n|-status|p1b: Gardevoir|brn|[from] ability: Spicy Spray|[of] p2b: Scovillain\n|move|p1a: Milotic|Scald|p2b: Scovillain\n|-damage|p2b: Scovillain|47/100\n|-status|p1a: Milotic|brn|[from] ability: Spicy Spray|[of] p2b: Scovillain\n|move|p2b: Scovillain|Leech Seed|p1b: Gardevoir\n|-start|p1b: Gardevoir|move: Leech Seed\n|\n|-heal|p2a: Milotic|100/100|[from] item: Leftovers\n|-damage|p1b: Gardevoir|89/100 brn|[from] Leech Seed|[of] p2b: Scovillain\n|-heal|p2b: Scovillain|57/100|[silent]\n|-damage|p1b: Gardevoir|83/100 brn|[from] brn\n|-damage|p1a: Milotic|94/100 brn|[from] brn\n|upkeep\n|turn|2\n|\n|t:|1776549577\n|switch|p1b: Charizard|Charizard, L50, M, shiny|100/100\n|move|p1a: Milotic|Scald|p2a: Milotic\n|-resisted|p2a: Milotic|1\n|-damage|p2a: Milotic|90/100\n|-status|p2a: Milotic|brn\n|move|p2a: Milotic|Scald|p1b: Charizard\n|-supereffective|p1b: Charizard|1\n|-damage|p1b: Charizard|0 fnt\n|faint|p1b: Charizard\n|move|p2b: Scovillain|Flamethrower|p1a: Milotic\n|-resisted|p1a: Milotic|1\n|-damage|p1a: Milotic|79/100 brn\n|\n|-heal|p2a: Milotic|96/100 brn|[from] item: Leftovers\n|-damage|p1a: Milotic|73/100 brn|[from] brn\n|-damage|p2a: Milotic|90/100 brn|[from] brn\n|upkeep\n|\n|t:|1776549583\n|switch|p1b: Gardevoir|Gardevoir, L50, F, shiny|83/100 brn\n|turn|3\n|\n|t:|1776549597\n|move|p2b: Scovillain|Protect|p2b: Scovillain\n|-singleturn|p2b: Scovillain|Protect\n|move|p1b: Gardevoir|Moonblast|p2a: Milotic\n|-damage|p2a: Milotic|52/100 brn\n|move|p1a: Milotic|Scald|p2a: Milotic\n|-resisted|p2a: Milotic|1\n|-damage|p2a: Milotic|41/100 brn\n|move|p2a: Milotic|Life Dew|p2a: Milotic|[spread] p2a,p2b\n|-heal|p2a: Milotic|66/100 brn\n|-heal|p2b: Scovillain|82/100\n|\n|-heal|p2a: Milotic|72/100 brn|[from] item: Leftovers\n|-damage|p1b: Gardevoir|77/100 brn|[from] brn\n|-damage|p1a: Milotic|66/100 brn|[from] brn\n|-damage|p2a: Milotic|66/100 brn|[from] brn\n|upkeep\n|turn|4\n|j| keahi\n|\n|t:|1776549610\n|move|p1b: Gardevoir|Moonblast|p2b: Scovillain\n|-resisted|p2b: Scovillain|1\n|-damage|p2b: Scovillain|56/100\n|move|p1a: Milotic|Scald|p2b: Scovillain\n|-damage|p2b: Scovillain|23/100\n|move|p2a: Milotic|Scald|p1b: Gardevoir\n|-damage|p1b: Gardevoir|0 fnt\n|faint|p1b: Gardevoir\n|move|p2b: Scovillain|Leech Seed|p1a: Milotic\n|-start|p1a: Milotic|move: Leech Seed\n|\n|-heal|p2a: Milotic|72/100 brn|[from] item: Leftovers\n|-damage|p1a: Milotic|54/100 brn|[from] Leech Seed|[of] p2b: Scovillain\n|-heal|p2b: Scovillain|37/100|[silent]\n|-damage|p1a: Milotic|48/100 brn|[from] brn\n|-damage|p2a: Milotic|66/100 brn|[from] brn\n|upkeep\n|-enditem|p1a: Milotic|Sitrus Berry|[eat]\n|-heal|p1a: Milotic|73/100 brn|[from] item: Sitrus Berry\n|\n|t:|1776549615\n|switch|p1b: Corviknight|Corviknight, L50, F|100/100\n|turn|5\n|j| christianfinity\n|\n|t:|1776549660\n|move|p2a: Milotic|Protect|p2a: Milotic\n|-singleturn|p2a: Milotic|Protect\n|move|p2b: Scovillain|Protect|p2b: Scovillain\n|-singleturn|p2b: Scovillain|Protect\n|move|p1a: Milotic|Scald|p2a: Milotic\n|-activate|p2a: Milotic|move: Protect\n|move|p1b: Corviknight|Dual Wingbeat|p2a: Milotic\n|-activate|p2a: Milotic|move: Protect\n|\n|-heal|p2a: Milotic|72/100 brn|[from] item: Leftovers\n|-damage|p1a: Milotic|60/100 brn|[from] Leech Seed|[of] p2b: Scovillain\n|-heal|p2b: Scovillain|50/100|[silent]\n|-damage|p1a: Milotic|54/100 brn|[from] brn\n|-damage|p2a: Milotic|66/100 brn|[from] brn\n|upkeep\n|turn|6\n|\n|t:|1776549668\n|move|p1a: Milotic|Recover|p1a: Milotic\n|-heal|p1a: Milotic|100/100 brn\n|move|p1b: Corviknight|Tailwind|p1b: Corviknight\n|-sidestart|p1: 138mysx|move: Tailwind\n|move|p2a: Milotic|Life Dew|p2a: Milotic|[spread] p2a,p2b\n|-heal|p2a: Milotic|91/100 brn\n|-heal|p2b: Scovillain|75/100\n|move|p2b: Scovillain|Leech Seed|p1b: Corviknight\n|-start|p1b: Corviknight|move: Leech Seed\n|\n|-heal|p2a: Milotic|97/100 brn|[from] item: Leftovers\n|-damage|p1a: Milotic|88/100 brn|[from] Leech Seed|[of] p2b: Scovillain\n|-heal|p2b: Scovillain|89/100|[silent]\n|-damage|p1b: Corviknight|88/100|[from] Leech Seed|[of] p2b: Scovillain\n|-heal|p2b: Scovillain|100/100|[silent]\n|-damage|p1a: Milotic|82/100 brn|[from] brn\n|-damage|p2a: Milotic|91/100 brn|[from] brn\n|upkeep\n|turn|7\n|\n|t:|1776549690\n|move|p2a: Milotic|Protect|p2a: Milotic\n|-singleturn|p2a: Milotic|Protect\n|move|p2b: Scovillain|Protect|p2b: Scovillain\n|-singleturn|p2b: Scovillain|Protect\n|move|p1a: Milotic|Scald|p2a: Milotic\n|-activate|p2a: Milotic|move: Protect\n|move|p1b: Corviknight|Dual Wingbeat|p2b: Scovillain\n|-activate|p2b: Scovillain|move: Protect\n|\n|-heal|p2a: Milotic|97/100 brn|[from] item: Leftovers\n|-damage|p1a: Milotic|70/100 brn|[from] Leech Seed|[of] p2b: Scovillain\n|-damage|p1b: Corviknight|76/100|[from] Leech Seed|[of] p2b: Scovillain\n|-damage|p1a: Milotic|63/100 brn|[from] brn\n|-damage|p2a: Milotic|91/100 brn|[from] brn\n|upkeep\n|turn|8\n|\n|t:|1776549697\n|move|p1a: Milotic|Scald|p2b: Scovillain\n|-damage|p2b: Scovillain|67/100\n|move|p1b: Corviknight|Dual Wingbeat|p2b: Scovillain|[miss]\n|-miss|p1b: Corviknight|p2b: Scovillain\n|move|p2a: Milotic|Scald|p1a: Milotic\n|-resisted|p1a: Milotic|1\n|-damage|p1a: Milotic|39/100 brn\n|move|p2b: Scovillain|Flamethrower|p1b: Corviknight\n|-supereffective|p1b: Corviknight|1\n|-damage|p1b: Corviknight|3/100\n|\n|-heal|p2a: Milotic|97/100 brn|[from] item: Leftovers\n|-damage|p1a: Milotic|27/100 brn|[from] Leech Seed|[of] p2b: Scovillain\n|-heal|p2b: Scovillain|81/100|[silent]\n|-damage|p1b: Corviknight|0 fnt|[from] Leech Seed|[of] p2b: Scovillain\n|-heal|p2b: Scovillain|84/100|[silent]\n|faint|p1b: Corviknight\n|-damage|p1a: Milotic|21/100 brn|[from] brn\n|-damage|p2a: Milotic|91/100 brn|[from] brn\n|upkeep\n|turn|9\n|-message|138mysx forfeited.\n|\n|win|thacrow\n||138mysx is ready for game 2.\n||thacrow is ready for game 2.\n|uhtml|next|Next: <a href=\"/battle-gen9championsvgc2026regma-2587642757\"><strong>Game 2 of 3</strong></a>\n|l| keahi\n|l|+holdingb\n|l|\u2606thacrow\n|player|p2|\n|l| christianfinity\n|j|\u2606thacrow\n|player|p2|thacrow|#thacrow|\n",
  "uploadtime": 1776550120,
  "views": 10,
  "formatid": "gen9championsvgc2026regma",
  "rating": null,
  "private": 0,
  "password": null
}