{
  "id": "gen9championsvgc2026regma-2587879955",
  "format": "[Gen 9 Champions] VGC 2026 Reg M-A",
  "players": [
    "yamede\u86c7\u5982",
    "DracoShower94"
  ],
  "log": "|j|\u2606yamede\u86c7\u5982\n|j|\u2606DracoShower94\n|t:|1776573915\n|gametype|doubles\n|player|p1|yamede\u86c7\u5982|2|1595\n|player|p2|DracoShower94|iris-gen5bw2|1566\n|gen|9\n|tier|[Gen 9 Champions] VGC 2026 Reg M-A\n|rated|\n|rule|Species Clause: Limit one of each Pok\u00e9mon\n|rule|Item Clause: Limit 1 of each item\n|clearpoke\n|poke|p1|Tyranitar, L50, F|\n|poke|p1|Milotic, L50, F, shiny|\n|poke|p1|Excadrill, L50, M|\n|poke|p1|Meganium, L50, F, shiny|\n|poke|p1|Incineroar, L50, F|\n|poke|p1|Sinistcha, L50|\n|poke|p2|Tyranitar, L50, M|\n|poke|p2|Excadrill, L50, F|\n|poke|p2|Gallade, L50, M|\n|poke|p2|Volcarona, L50, M|\n|poke|p2|Milotic, L50, M|\n|poke|p2|Weavile, L50, M|\n|teampreview|4\n|inactive|Battle timer is ON: inactive players will automatically lose when time's up. (requested by DracoShower94)\n|inactive|yamede\u86c7\u5982 has 60 seconds left.\n|inactive|DracoShower94 has 60 seconds left.\n|inactive|yamede\u86c7\u5982 has 30 seconds left.\n|inactive|yamede\u86c7\u5982 has 20 seconds left.\n|inactive|yamede\u86c7\u5982 has 15 seconds left.\n|inactive|yamede\u86c7\u5982 has 10 seconds left.\n|inactive|yamede\u86c7\u5982 has 5 seconds left.\n|\n|t:|1776574002\n|teamsize|p1|4\n|teamsize|p2|4\n|start\n|switch|p1a: Meganium|Meganium, L50, F, shiny|100/100\n|switch|p1b: Incineroar|Incineroar, L50, F|100/100\n|switch|p2a: Milotic|Milotic, L50, M|100/100\n|switch|p2b: Weavile|Weavile, L50, M|100/100\n|-ability|p2b: Weavile|Pressure\n|-ability|p1b: Incineroar|Intimidate|boost\n|-unboost|p2a: Milotic|atk|1\n|-ability|p2a: Milotic|Competitive|boost\n|-boost|p2a: Milotic|spa|2\n|-unboost|p2b: Weavile|atk|1\n|turn|1\n|inactive|yamede\u86c7\u5982 has 30 seconds left.\n|\n|t:|1776574033\n|detailschange|p1a: Meganium|Meganium-Mega, L50, F, shiny\n|-mega|p1a: Meganium|Meganium|Meganiumite\n|move|p2b: Weavile|Fake Out|p1a: Meganium\n|-damage|p1a: Meganium|93/100\n|move|p1b: Incineroar|Fake Out|p2a: Milotic\n|-damage|p2a: Milotic|92/100\n|cant|p1a: Meganium|flinch\n|cant|p2a: Milotic|flinch\n|\n|-heal|p2a: Milotic|98/100|[from] item: Leftovers\n|upkeep\n|turn|2\n|inactive|yamede\u86c7\u5982 has 30 seconds left.\n|inactive|yamede\u86c7\u5982 has 20 seconds left.\n|inactive|yamede\u86c7\u5982 has 15 seconds left.\n|inactive|yamede\u86c7\u5982 has 10 seconds left.\n|inactive|yamede\u86c7\u5982 has 5 seconds left.\n|\n|t:|1776574084\n|switch|p1b: Milotic|Milotic, L50, F, shiny|100/100\n|move|p2b: Weavile|Triple Axel|p1a: Meganium\n|-supereffective|p1a: Meganium|1\n|-damage|p1a: Meganium|78/100\n|-supereffective|p1a: Meganium|1\n|-damage|p1a: Meganium|50/100\n|-supereffective|p1a: Meganium|1\n|-damage|p1a: Meganium|8/100\n|-hitcount|p1a: Meganium|3\n|move|p1a: Meganium|Dazzling Gleam|p2a: Milotic|[spread] p2a,p2b\n|-supereffective|p2b: Weavile|1\n|-damage|p2a: Milotic|74/100\n|-damage|p2b: Weavile|8/100\n|move|p2a: Milotic|Scald|p1b: Milotic\n|-resisted|p1b: Milotic|1\n|-damage|p1b: Milotic|78/100\n|-status|p1b: Milotic|brn\n|\n|-heal|p2a: Milotic|80/100|[from] item: Leftovers\n|-heal|p1b: Milotic|84/100 brn|[from] item: Leftovers\n|-damage|p1b: Milotic|78/100 brn|[from] brn\n|upkeep\n|turn|3\n|inactive|yamede\u86c7\u5982 has 30 seconds left.\n|inactive|yamede\u86c7\u5982 has 20 seconds left.\n|inactive|yamede\u86c7\u5982 has 15 seconds left.\n|inactive|DracoShower94 has 30 seconds left.\n|inactive|yamede\u86c7\u5982 has 10 seconds left.\n|\n|t:|1776574131\n|move|p1a: Meganium|Protect|p1a: Meganium\n|-singleturn|p1a: Meganium|Protect\n|move|p2b: Weavile|Ice Shard|p1a: Meganium\n|-activate|p1a: Meganium|move: Protect\n|move|p2a: Milotic|Muddy Water|p1a: Meganium|[spread] p1b\n|-activate|p1a: Meganium|move: Protect\n|-resisted|p1b: Milotic|1\n|-damage|p1b: Milotic|60/100 brn\n|move|p1b: Milotic|Muddy Water|p2b: Weavile|[spread] p2a,p2b\n|-resisted|p2a: Milotic|1\n|-damage|p2a: Milotic|72/100\n|-damage|p2b: Weavile|0 fnt\n|faint|p2b: Weavile\n|\n|-heal|p1b: Milotic|66/100 brn|[from] item: Leftovers\n|-heal|p2a: Milotic|78/100|[from] item: Leftovers\n|-damage|p1b: Milotic|60/100 brn|[from] brn\n|upkeep\n|\n|t:|1776574135\n|switch|p2b: Volcarona|Volcarona, L50, M|100/100\n|turn|4\n|inactive|yamede\u86c7\u5982 has 30 seconds left.\n|inactive|yamede\u86c7\u5982 has 20 seconds left.\n|inactive|yamede\u86c7\u5982 has 15 seconds left.\n|inactive|yamede\u86c7\u5982 has 10 seconds left.\n|inactive|yamede\u86c7\u5982 has 5 seconds left.\n|\n|t:|1776574185\n|switch|p1a: Sinistcha|Sinistcha, L50|100/100\n|-heal|p1b: Milotic|85/100 brn|[from] ability: Hospitality|[of] p1a: Sinistcha\n|move|p2b: Volcarona|Heat Wave|p1a: Sinistcha|[spread] p1b\n|-miss|p2b: Volcarona|p1a: Sinistcha\n|-resisted|p1b: Milotic|1\n|-damage|p1b: Milotic|74/100 brn\n|move|p1b: Milotic|Coil|p1b: Milotic\n|-boost|p1b: Milotic|atk|1\n|-boost|p1b: Milotic|def|1\n|-boost|p1b: Milotic|accuracy|1\n|move|p2a: Milotic|Scald|p1b: Milotic\n|-resisted|p1b: Milotic|1\n|-damage|p1b: Milotic|53/100 brn\n|\n|-heal|p2a: Milotic|84/100|[from] item: Leftovers\n|-heal|p1b: Milotic|59/100 brn|[from] item: Leftovers\n|-damage|p1b: Milotic|53/100 brn|[from] brn\n|upkeep\n|turn|5\n|inactive|yamede\u86c7\u5982 has 30 seconds left.\n|inactive|DracoShower94 has 30 seconds left.\n|inactive|yamede\u86c7\u5982 has 20 seconds left.\n|inactive|yamede\u86c7\u5982 has 15 seconds left.\n|inactive|yamede\u86c7\u5982 has 10 seconds left.\n|inactive|yamede\u86c7\u5982 has 5 seconds left.\n|\n|t:|1776574238\n|move|p2b: Volcarona|Heat Wave|p1b: Milotic|[spread] p1a,p1b\n|-supereffective|p1a: Sinistcha|1\n|-crit|p1a: Sinistcha\n|-resisted|p1b: Milotic|1\n|-damage|p1a: Sinistcha|18/100\n|-damage|p1b: Milotic|42/100 brn\n|-enditem|p1a: Sinistcha|Sitrus Berry|[eat]\n|-heal|p1a: Sinistcha|43/100|[from] item: Sitrus Berry\n|move|p1b: Milotic|Hypnosis|p2b: Volcarona\n|-status|p2b: Volcarona|slp|[from] move: Hypnosis\n|move|p2a: Milotic|Icy Wind|p1a: Sinistcha|[spread] p1a,p1b\n|-supereffective|p1a: Sinistcha|1\n|-resisted|p1b: Milotic|1\n|-damage|p1a: Sinistcha|7/100\n|-damage|p1b: Milotic|34/100 brn\n|-unboost|p1a: Sinistcha|spe|1\n|-unboost|p1b: Milotic|spe|1\n|-ability|p1b: Milotic|Competitive|boost\n|-boost|p1b: Milotic|spa|2\n|move|p1a: Sinistcha|Trick Room|p1a: Sinistcha\n|-fieldstart|move: Trick Room|[of] p1a: Sinistcha\n|\n|-heal|p1b: Milotic|40/100 brn|[from] item: Leftovers\n|-heal|p2a: Milotic|90/100|[from] item: Leftovers\n|-damage|p1b: Milotic|34/100 brn|[from] brn\n|upkeep\n|turn|6\n|\n|t:|1776574260\n|move|p1a: Sinistcha|Matcha Gotcha|p2b: Volcarona|[spread] p2a,p2b\n|-supereffective|p2a: Milotic|1\n|-resisted|p2b: Volcarona|2\n|-damage|p2a: Milotic|53/100\n|-heal|p1a: Sinistcha|28/100|[from] drain|[of] p2a: Milotic\n|-damage|p2b: Volcarona|94/100 slp\n|-heal|p1a: Sinistcha|31/100|[from] drain|[of] p2b: Volcarona\n|move|p1b: Milotic|Recover|p1b: Milotic\n|-heal|p1b: Milotic|84/100 brn\n|move|p2a: Milotic|Muddy Water|p1a: Sinistcha|[spread] p1b\n|-miss|p2a: Milotic|p1a: Sinistcha\n|-resisted|p1b: Milotic|1\n|-damage|p1b: Milotic|66/100 brn\n|cant|p2b: Volcarona|slp\n|\n|-heal|p1b: Milotic|72/100 brn|[from] item: Leftovers\n|-heal|p2a: Milotic|59/100|[from] item: Leftovers\n|-damage|p1b: Milotic|66/100 brn|[from] brn\n|upkeep\n|turn|7\n|\n|t:|1776574283\n|move|p2a: Milotic|Protect|p2a: Milotic\n|-singleturn|p2a: Milotic|Protect\n|move|p1a: Sinistcha|Matcha Gotcha|p2b: Volcarona|[spread] p2b\n|-activate|p2a: Milotic|move: Protect\n|-resisted|p2b: Volcarona|2\n|-damage|p2b: Volcarona|89/100 slp\n|-heal|p1a: Sinistcha|34/100|[from] drain|[of] p2b: Volcarona\n|move|p1b: Milotic|Muddy Water|p2b: Volcarona|[spread] p2b\n|-activate|p2a: Milotic|move: Protect\n|-supereffective|p2b: Volcarona|1\n|-damage|p2b: Volcarona|1/100 slp\n|-enditem|p2b: Volcarona|Sitrus Berry|[eat]\n|-heal|p2b: Volcarona|26/100 slp|[from] item: Sitrus Berry\n|cant|p2b: Volcarona|slp\n|\n|-heal|p1b: Milotic|72/100 brn|[from] item: Leftovers\n|-heal|p2a: Milotic|65/100|[from] item: Leftovers\n|-damage|p1b: Milotic|66/100 brn|[from] brn\n|upkeep\n|turn|8\n|\n|t:|1776574292\n|move|p1a: Sinistcha|Matcha Gotcha|p2a: Milotic|[spread] p2a,p2b\n|-supereffective|p2a: Milotic|1\n|-resisted|p2b: Volcarona|2\n|-damage|p2a: Milotic|29/100\n|-heal|p1a: Sinistcha|54/100|[from] drain|[of] p2a: Milotic\n|-damage|p2b: Volcarona|20/100 slp\n|-heal|p1a: Sinistcha|57/100|[from] drain|[of] p2b: Volcarona\n|-status|p2a: Milotic|brn\n|move|p1b: Milotic|Muddy Water|p2b: Volcarona|[spread] p2a,p2b\n|-resisted|p2a: Milotic|1\n|-supereffective|p2b: Volcarona|1\n|-damage|p2a: Milotic|12/100 brn\n|-damage|p2b: Volcarona|0 fnt\n|faint|p2b: Volcarona\n|move|p2a: Milotic|Muddy Water|p1b: Milotic|[spread] p1b\n|-miss|p2a: Milotic|p1a: Sinistcha\n|-resisted|p1b: Milotic|1\n|-damage|p1b: Milotic|49/100 brn\n|\n|-heal|p1b: Milotic|55/100 brn|[from] item: Leftovers\n|-heal|p2a: Milotic|18/100 brn|[from] item: Leftovers\n|-damage|p1b: Milotic|49/100 brn|[from] brn\n|-damage|p2a: Milotic|12/100 brn|[from] brn\n|upkeep\n|\n|t:|1776574296\n|switch|p2b: Gallade|Gallade, L50, M|100/100\n|turn|9\n|inactive|yamede\u86c7\u5982 has 30 seconds left.\n|inactive|yamede\u86c7\u5982 has 20 seconds left.\n|inactive|yamede\u86c7\u5982 has 15 seconds left.\n|\n|t:|1776574341\n|switch|p1a: Incineroar|Incineroar, L50, F|100/100\n|-ability|p1a: Incineroar|Intimidate|boost\n|-unboost|p2a: Milotic|atk|1\n|-ability|p2a: Milotic|Competitive|boost\n|-boost|p2a: Milotic|spa|2\n|-unboost|p2b: Gallade|atk|1\n|move|p2a: Milotic|Protect|p2a: Milotic\n|-singleturn|p2a: Milotic|Protect\n|move|p1b: Milotic|Recover|p1b: Milotic\n|-heal|p1b: Milotic|99/100 brn\n|move|p2b: Gallade|Sacred Sword|p1b: Milotic\n|-damage|p1b: Milotic|66/100 brn\n|\n|-heal|p1b: Milotic|72/100 brn|[from] item: Leftovers\n|-heal|p2a: Milotic|18/100 brn|[from] item: Leftovers\n|-damage|p1b: Milotic|66/100 brn|[from] brn\n|-damage|p2a: Milotic|12/100 brn|[from] brn\n|-fieldend|move: Trick Room\n|upkeep\n|turn|10\n|-message|DracoShower94 forfeited.\n|\n|win|yamede\u86c7\u5982\n|raw|yamede\u86c7\u5982's rating: 1595 &rarr; <strong>1613</strong><br />(+18 for winning)\n|raw|DracoShower94's rating: 1566 &rarr; <strong>1548</strong><br />(-18 for losing)\n|l|\u2606DracoShower94\n|player|p2|\n",
  "uploadtime": 1776574367,
  "views": 17,
  "formatid": "gen9championsvgc2026regma",
  "rating": 1548,
  "private": 0,
  "password": null
}