{
  "id": "gen9championsvgc2026regma-2580974206",
  "format": "[Gen 9 Champions] VGC 2026 Reg M-A",
  "players": [
    "BailoteoQueTeVeo",
    "R3d_VGC"
  ],
  "log": "|j|\u2606BailoteoQueTeVeo\n|j|\u2606R3d_VGC\n|t:|1775948105\n|gametype|doubles\n|player|p1|BailoteoQueTeVeo|ninjaboy|1096\n|player|p2|R3d_VGC|lance|1184\n|gen|9\n|tier|[Gen 9 Champions] VGC 2026 Reg M-A\n|rated|\n|rule|Species Clause: Limit one of each Pok\u00e9mon\n|rule|Item Clause: Limit 1 of each item\n|clearpoke\n|poke|p1|Archaludon, L50, M|\n|poke|p1|Pelipper, L50, M|\n|poke|p1|Basculegion-F, L50, F|\n|poke|p1|Sinistcha, L50|\n|poke|p1|Dragonite, L50, F|\n|poke|p1|Sneasler, L50, F|\n|poke|p2|Froslass, L50, F|\n|poke|p2|Sneasler, L50, M|\n|poke|p2|Incineroar, L50, F|\n|poke|p2|Garchomp, L50, F|\n|poke|p2|Rotom-Wash, L50|\n|poke|p2|Meowscarada, L50, M|\n|teampreview|4\n|\n|t:|1775948198\n|teamsize|p1|4\n|teamsize|p2|4\n|start\n|switch|p1a: Sneasler|Sneasler, L50, F|100/100\n|switch|p1b: ESPA\u00d1OL|Dragonite, L50, F, shiny|100/100\n|switch|p2a: Froslass|Froslass, L50, F|100/100\n|switch|p2b: Sneasler|Sneasler, L50, M|100/100\n|turn|1\n|inactive|Battle timer is ON: inactive players will automatically lose when time's up. (requested by R3d_VGC)\n|inactive|BailoteoQueTeVeo has 60 seconds left.\n|\n|t:|1775948236\n|detailschange|p2a: Froslass|Froslass-Mega, L50, F\n|-mega|p2a: Froslass|Froslass|Froslassite\n|-weather|Snowscape|[from] ability: Snow Warning|[of] p2a: Froslass\n|detailschange|p1b: ESPA\u00d1OL|Dragonite-Mega, L50, F, shiny\n|-mega|p1b: ESPA\u00d1OL|Dragonite|Dragoninite\n|move|p1b: ESPA\u00d1OL|Protect|p1b: ESPA\u00d1OL\n|-singleturn|p1b: ESPA\u00d1OL|Protect\n|move|p2b: Sneasler|Fake Out|p1b: ESPA\u00d1OL\n|-activate|p1b: ESPA\u00d1OL|move: Protect\n|move|p1a: Sneasler|Fake Out|p2b: Sneasler\n|-damage|p2b: Sneasler|77/100\n|move|p2a: Froslass|Blizzard|p1b: ESPA\u00d1OL|[spread] p1a\n|-activate|p1b: ESPA\u00d1OL|move: Protect\n|-damage|p1a: Sneasler|47/100\n|\n|-weather|Snowscape|[upkeep]\n|upkeep\n|turn|2\n|inactive|BailoteoQueTeVeo has 30 seconds left.\n|inactive|BailoteoQueTeVeo has 20 seconds left.\n|inactive|BailoteoQueTeVeo has 15 seconds left.\n|\n|t:|1775948285\n|switch|p1a: Pelipper|Pelipper, L50, M|100/100\n|-weather|RainDance|[from] ability: Drizzle|[of] p1a: Pelipper\n|move|p2a: Froslass|Blizzard|p1b: ESPA\u00d1OL|[spread] p1a,p1b\n|-supereffective|p1b: ESPA\u00d1OL|2\n|-damage|p1a: Pelipper|33/100\n|-damage|p1b: ESPA\u00d1OL|29/100\n|move|p2b: Sneasler|Dire Claw|p1b: ESPA\u00d1OL\n|-damage|p1b: ESPA\u00d1OL|0 fnt\n|faint|p1b: ESPA\u00d1OL\n|\n|-weather|RainDance|[upkeep]\n|upkeep\n|inactive|BailoteoQueTeVeo has 30 seconds left.\n|inactive|BailoteoQueTeVeo has 20 seconds left.\n|\n|t:|1775948320\n|switch|p1b: Sneasler|Sneasler, L50, F|47/100\n|turn|3\n|\n|t:|1775948339\n|switch|p2a: Garchomp|Garchomp, L50, F|100/100\n|switch|p2b: Rotom|Rotom-Wash, L50|100/100\n|move|p1b: Sneasler|Fake Out|p2b: Rotom\n|-damage|p2b: Rotom|83/100\n|move|p1a: Pelipper|Weather Ball|p2a: Garchomp\n|-damage|p2a: Garchomp|30/100\n|\n|-weather|RainDance|[upkeep]\n|-heal|p2b: Rotom|89/100|[from] item: Leftovers\n|upkeep\n|turn|4\n|\n|t:|1775948360\n|switch|p1a: Archaludon|Archaludon, L50, M, shiny|100/100\n|move|p2a: Garchomp|Stomping Tantrum|p1b: Sneasler\n|-supereffective|p1b: Sneasler|1\n|-damage|p1b: Sneasler|0 fnt\n|faint|p1b: Sneasler\n|move|p2b: Rotom|Discharge|p1a: Archaludon|[spread] p1a\n|-immune|p2a: Garchomp\n|-resisted|p1a: Archaludon|1\n|-damage|p1a: Archaludon|87/100\n|-ability|p1a: Archaludon|Stamina|boost\n|-boost|p1a: Archaludon|def|1\n|\n|-weather|RainDance|[upkeep]\n|-heal|p2b: Rotom|96/100|[from] item: Leftovers\n|-heal|p1a: Archaludon|93/100|[from] item: Leftovers\n|upkeep\n|\n|t:|1775948367\n|switch|p1b: Pelipper|Pelipper, L50, M|33/100\n|turn|5\n|\n|t:|1775948384\n|move|p1b: Pelipper|Protect|p1b: Pelipper\n|-singleturn|p1b: Pelipper|Protect\n|move|p2a: Garchomp|Stomping Tantrum|p1a: Archaludon\n|-supereffective|p1a: Archaludon|1\n|-damage|p1a: Archaludon|50/100\n|-ability|p1a: Archaludon|Stamina|boost\n|-boost|p1a: Archaludon|def|1\n|move|p2b: Rotom|Discharge|p1b: Pelipper|[spread] p1a\n|-activate|p1b: Pelipper|move: Protect\n|-immune|p2a: Garchomp\n|-resisted|p1a: Archaludon|1\n|-damage|p1a: Archaludon|38/100\n|-status|p1a: Archaludon|par\n|-ability|p1a: Archaludon|Stamina|boost\n|-boost|p1a: Archaludon|def|1\n|move|p1a: Archaludon|Flash Cannon|p2a: Garchomp\n|-damage|p2a: Garchomp|0 fnt\n|faint|p2a: Garchomp\n|\n|-weather|RainDance|[upkeep]\n|-heal|p2b: Rotom|100/100|[from] item: Leftovers\n|-heal|p1a: Archaludon|44/100 par|[from] item: Leftovers\n|upkeep\n|\n|t:|1775948390\n|switch|p2a: Froslass|Froslass-Mega, L50, F|100/100\n|-weather|Snowscape|[from] ability: Snow Warning|[of] p2a: Froslass\n|turn|6\n|\n|t:|1775948403\n|move|p2a: Froslass|Protect|p2a: Froslass\n|-singleturn|p2a: Froslass|Protect\n|move|p1b: Pelipper|Wide Guard|p1b: Pelipper\n|-singleturn|p1b: Pelipper|Wide Guard\n|move|p2b: Rotom|Volt Switch|p1b: Pelipper\n|-supereffective|p1b: Pelipper|2\n|-damage|p1b: Pelipper|0 fnt\n|faint|p1b: Pelipper\n|\n|t:|1775948409\n|switch|p2b: Sneasler|Sneasler, L50, M|77/100|[from] Volt Switch\n|move|p1a: Archaludon|Flash Cannon|p2a: Froslass\n|-activate|p2a: Froslass|move: Protect\n|\n|-weather|Snowscape|[upkeep]\n|-heal|p1a: Archaludon|50/100 par|[from] item: Leftovers\n|upkeep\n|turn|7\n|-message|BailoteoQueTeVeo forfeited.\n|\n|win|R3d_VGC\n|raw|BailoteoQueTeVeo's rating: 1096 &rarr; <strong>1078</strong><br />(-18 for losing)\n|raw|R3d_VGC's rating: 1184 &rarr; <strong>1203</strong><br />(+19 for winning)\n|l|\u2606BailoteoQueTeVeo\n|player|p1|\n",
  "uploadtime": 1775948430,
  "views": 15,
  "formatid": "gen9championsvgc2026regma",
  "rating": 1078,
  "private": 0,
  "password": null
}