{
  "id": "gen9championsvgc2026regma-2581993045",
  "format": "[Gen 9 Champions] VGC 2026 Reg M-A",
  "players": [
    "a slippin jimmy",
    "FlowerGirl2"
  ],
  "log": "|j|\u2606a slippin jimmy\n|j|\u2606FlowerGirl2\n|t:|1776046421\n|gametype|doubles\n|player|p1|a slippin jimmy|miku-ghost|1194\n|player|p2|FlowerGirl2|schoolkidf|1221\n|gen|9\n|tier|[Gen 9 Champions] VGC 2026 Reg M-A\n|rated|\n|rule|Species Clause: Limit one of each Pok\u00e9mon\n|rule|Item Clause: Limit 1 of each item\n|clearpoke\n|poke|p1|Gengar, L50, M|\n|poke|p1|Palafin, L50, M|\n|poke|p1|Incineroar, L50, M|\n|poke|p1|Pelipper, L50, F|\n|poke|p1|Whimsicott, L50, M|\n|poke|p1|Kingambit, L50, M|\n|poke|p2|Delphox, L50, F|\n|poke|p2|Garchomp, L50, F|\n|poke|p2|Tyranitar, L50, F|\n|poke|p2|Orthworm, L50, M|\n|poke|p2|Incineroar, L50, F|\n|poke|p2|Rotom-Wash, L50|\n|teampreview|4\n|inactive|Battle timer is ON: inactive players will automatically lose when time's up. (requested by FlowerGirl2)\n|\n|t:|1776046450\n|teamsize|p1|4\n|teamsize|p2|4\n|start\n|switch|p1a: Gengar|Gengar, L50, M, shiny|100/100\n|switch|p1b: Palafin|Palafin, L50, M, shiny|100/100\n|switch|p2a: Tyranitar|Tyranitar, L50, F|100/100\n|switch|p2b: Orthworm|Orthworm, L50, M|100/100\n|-weather|Sandstorm|[from] ability: Sand Stream|[of] p2a: Tyranitar\n|turn|1\n|\n|t:|1776046474\n|detailschange|p1a: Gengar|Gengar-Mega, L50, M, shiny\n|-mega|p1a: Gengar|Gengar|Gengarite\n|move|p1a: Gengar|Shadow Ball|p2b: Orthworm\n|-damage|p2b: Orthworm|51/100\n|-unboost|p2b: Orthworm|spd|1\n|move|p1b: Palafin|Close Combat|p2a: Tyranitar\n|-supereffective|p2a: Tyranitar|2\n|-enditem|p2a: Tyranitar|Focus Sash\n|-damage|p2a: Tyranitar|1/100\n|-unboost|p1b: Palafin|def|1\n|-unboost|p1b: Palafin|spd|1\n|move|p2b: Orthworm|Shed Tail|p2b: Orthworm\n|-start|p2b: Orthworm|Substitute|[from] move: Shed Tail\n|-damage|p2b: Orthworm|1/100\n|-enditem|p2b: Orthworm|Sitrus Berry|[eat]\n|-heal|p2b: Orthworm|26/100|[from] item: Sitrus Berry\n|\n|t:|1776046489\n|switch|p2b: Garchomp|Garchomp, L50, F|100/100|[from] Shed Tail\n|move|p2a: Tyranitar|Earthquake|p1b: Palafin|[spread] p2b,p1a,p1b\n|-end|p2b: Garchomp|Substitute\n|-supereffective|p1a: Gengar|1\n|-damage|p1a: Gengar|17/100\n|-damage|p1b: Palafin|56/100\n|\n|-weather|Sandstorm|[upkeep]\n|-damage|p1a: Gengar|12/100|[from] Sandstorm\n|-damage|p1b: Palafin|50/100|[from] Sandstorm\n|upkeep\n|turn|2\n|inactive|a slippin jimmy has 30 seconds left.\n|inactive|a slippin jimmy has 20 seconds left.\n|inactive|a slippin jimmy has 15 seconds left.\n|inactive|a slippin jimmy has 10 seconds left.\n|\n|t:|1776046538\n|detailschange|p1b: Palafin|Palafin-Hero, L50, M, shiny\n|switch|p1b: Pelipper|Pelipper, L50, F|100/100\n|-weather|RainDance|[from] ability: Drizzle|[of] p1b: Pelipper\n|move|p1a: Gengar|Protect|p1a: Gengar\n|-singleturn|p1a: Gengar|Protect\n|move|p2a: Tyranitar|Protect|p2a: Tyranitar\n|-singleturn|p2a: Tyranitar|Protect\n|move|p2b: Garchomp|Earthquake|p1b: Pelipper|[spread] \n|-activate|p2a: Tyranitar|move: Protect\n|-activate|p1a: Gengar|move: Protect\n|-immune|p1b: Pelipper\n|\n|-weather|RainDance|[upkeep]\n|upkeep\n|turn|3\n|\n|t:|1776046559\n|move|p1b: Pelipper|Wide Guard|p1b: Pelipper\n|-singleturn|p1b: Pelipper|Wide Guard\n|move|p1a: Gengar|Shadow Ball|p2a: Tyranitar\n|-resisted|p2a: Tyranitar|1\n|-damage|p2a: Tyranitar|0 fnt\n|faint|p2a: Tyranitar\n|move|p2b: Garchomp|Swords Dance|p2b: Garchomp\n|-boost|p2b: Garchomp|atk|2\n|\n|-weather|RainDance|[upkeep]\n|upkeep\n|\n|t:|1776046568\n|switch|p2a: Rotom|Rotom-Wash, L50|100/100\n|turn|4\n|inactive|a slippin jimmy has 30 seconds left.\n|inactive|a slippin jimmy has 20 seconds left.\n|\n|t:|1776046604\n|switch|p1b: Whimsicott|Whimsicott, L50, M|100/100\n|move|p2b: Garchomp|Protect|p2b: Garchomp\n|-singleturn|p2b: Garchomp|Protect\n|move|p2a: Rotom|Thunderbolt|p1b: Whimsicott\n|-resisted|p1b: Whimsicott|1\n|-damage|p1b: Whimsicott|69/100\n|move|p1a: Gengar|Shadow Ball|p2a: Rotom\n|-damage|p2a: Rotom|37/100\n|\n|-weather|RainDance|[upkeep]\n|upkeep\n|turn|5\n|\n|t:|1776046631\n|detailschange|p2b: Garchomp|Garchomp-Mega, L50, F\n|-mega|p2b: Garchomp|Garchomp|Garchompite\n|move|p1b: Whimsicott|Encore|p2b: Garchomp\n|-start|p2b: Garchomp|Encore\n|move|p2b: Garchomp|Protect|p2b: Garchomp\n|-singleturn|p2b: Garchomp|Protect\n|move|p2a: Rotom|Thunderbolt|p1b: Whimsicott\n|-resisted|p1b: Whimsicott|1\n|-damage|p1b: Whimsicott|36/100\n|move|p1a: Gengar|Shadow Ball|p2a: Rotom\n|-damage|p2a: Rotom|0 fnt\n|faint|p2a: Rotom\n|\n|-weather|RainDance|[upkeep]\n|upkeep\n|\n|t:|1776046644\n|switch|p2a: Orthworm|Orthworm, L50, M|26/100\n|turn|6\n|-message|FlowerGirl2 forfeited.\n|\n|win|a slippin jimmy\n|raw|a slippin jimmy's rating: 1194 &rarr; <strong>1221</strong><br />(+27 for winning)\n|raw|FlowerGirl2's rating: 1221 &rarr; <strong>1194</strong><br />(-27 for losing)\n|l|\u2606FlowerGirl2\n|player|p2|\n",
  "uploadtime": 1776046651,
  "views": 30,
  "formatid": "gen9championsvgc2026regma",
  "rating": 1194,
  "private": 0,
  "password": null
}