{
  "id": "gen9championsvgc2026regma-2584669132",
  "format": "[Gen 9 Champions] VGC 2026 Reg M-A",
  "players": [
    "cruelectrek",
    "SixSevenHeatran"
  ],
  "log": "|j|\u2606cruelectrek\n|j|\u2606SixSevenHeatran\n|t:|1776275645\n|gametype|doubles\n|player|p1|cruelectrek|101|1046\n|player|p2|SixSevenHeatran|170|1125\n|gen|9\n|tier|[Gen 9 Champions] VGC 2026 Reg M-A\n|rated|\n|rule|Species Clause: Limit one of each Pok\u00e9mon\n|rule|Item Clause: Limit 1 of each item\n|clearpoke\n|poke|p1|Froslass, L50, F|\n|poke|p1|Rotom-Heat, L50|\n|poke|p1|Whimsicott, L50, F|\n|poke|p1|Garchomp, L50, M|\n|poke|p1|Sneasler, L50, M|\n|poke|p1|Incineroar, L50, F|\n|poke|p2|Incineroar, L50, M|\n|poke|p2|Drampa, L50, M|\n|poke|p2|Sinistcha, L50|\n|poke|p2|Farigiraf, L50, F|\n|poke|p2|Hatterene, L50, F|\n|poke|p2|Crabominable, L50, M|\n|teampreview|4\n|inactive|Battle timer is ON: inactive players will automatically lose when time's up. (requested by SixSevenHeatran)\n|inactive|SixSevenHeatran has 60 seconds left.\n|\n|t:|1776275685\n|teamsize|p1|4\n|teamsize|p2|4\n|start\n|switch|p1a: Froslass|Froslass, L50, F, shiny|100/100\n|switch|p1b: Rotom|Rotom-Heat, L50, shiny|100/100\n|switch|p2a: Incineroar|Incineroar, L50, M, shiny|100/100\n|switch|p2b: Farigiraf|Farigiraf, L50, F|100/100\n|-ability|p2a: Incineroar|Intimidate|boost\n|-unboost|p1a: Froslass|atk|1\n|-unboost|p1b: Rotom|atk|1\n|turn|1\n|\n|t:|1776275702\n|switch|p2a: Drampa|Drampa, L50, M, shiny|100/100\n|-ability|p2a: Drampa|Cloud Nine\n|detailschange|p1a: Froslass|Froslass-Mega, L50, F, shiny\n|-mega|p1a: Froslass|Froslass|Froslassite\n|-weather|Snowscape|[from] ability: Snow Warning|[of] p1a: Froslass\n|move|p1a: Froslass|Protect|p1a: Froslass\n|-singleturn|p1a: Froslass|Protect\n|move|p1b: Rotom|Volt Switch|p2a: Drampa\n|-resisted|p2a: Drampa|1\n|-damage|p2a: Drampa|89/100\n|\n|t:|1776275717\n|switch|p1b: Whimsicott|Whimsicott, L50, F, shiny|100/100|[from] Volt Switch\n|move|p2b: Farigiraf|Trick Room|p2b: Farigiraf\n|-fieldstart|move: Trick Room|[of] p2b: Farigiraf\n|\n|-weather|Snowscape|[upkeep]\n|upkeep\n|turn|2\n|inactive|SixSevenHeatran has 30 seconds left.\n|\n|t:|1776275748\n|switch|p2b: Incineroar|Incineroar, L50, M, shiny|100/100\n|-ability|p2b: Incineroar|Intimidate|boost\n|-unboost|p1a: Froslass|atk|1\n|-unboost|p1b: Whimsicott|atk|1\n|move|p2a: Drampa|Protect|p2a: Drampa\n|-singleturn|p2a: Drampa|Protect\n|move|p1b: Whimsicott|Moonblast|p2a: Drampa\n|-activate|p2a: Drampa|move: Protect\n|move|p1a: Froslass|Blizzard|p2a: Drampa|[spread] p2b\n|-activate|p2a: Drampa|move: Protect\n|-resisted|p2b: Incineroar|1\n|-damage|p2b: Incineroar|78/100\n|\n|-weather|Snowscape|[upkeep]\n|upkeep\n|turn|3\n|inactive|SixSevenHeatran has 30 seconds left.\n|inactive|SixSevenHeatran has 20 seconds left.\n|inactive|SixSevenHeatran has 15 seconds left.\n|\n|t:|1776275789\n|detailschange|p2a: Drampa|Drampa-Mega, L50, M, shiny\n|-mega|p2a: Drampa|Drampa|Drampanite\n|move|p1b: Whimsicott|Protect|p1b: Whimsicott\n|-singleturn|p1b: Whimsicott|Protect\n|move|p1a: Froslass|Protect|p1a: Froslass\n|-singleturn|p1a: Froslass|Protect\n|move|p2a: Drampa|Calm Mind|p2a: Drampa\n|-boost|p2a: Drampa|spa|1\n|-boost|p2a: Drampa|spd|1\n|move|p2b: Incineroar|Flare Blitz|p1a: Froslass\n|-activate|p1a: Froslass|move: Protect\n|\n|-weather|Snowscape|[upkeep]\n|upkeep\n|turn|4\n|inactive|SixSevenHeatran has 30 seconds left.\n|\n|t:|1776275820\n|switch|p1a: Rotom|Rotom-Heat, L50, shiny|100/100\n|move|p2a: Drampa|Protect|p2a: Drampa\n|-singleturn|p2a: Drampa|Protect\n|move|p1b: Whimsicott|Encore|p2a: Drampa\n|-activate|p2a: Drampa|move: Protect\n|move|p2b: Incineroar|Throat Chop|p1a: Rotom\n|-damage|p1a: Rotom|65/100\n|-start|p1a: Rotom|Throat Chop|[silent]\n|\n|-weather|Snowscape|[upkeep]\n|-heal|p1a: Rotom|71/100|[from] item: Leftovers\n|upkeep\n|turn|5\n|\n|t:|1776275843\n|move|p2a: Drampa|Calm Mind|p2a: Drampa\n|-boost|p2a: Drampa|spa|1\n|-boost|p2a: Drampa|spd|1\n|move|p2b: Incineroar|Flare Blitz|p1b: Whimsicott\n|-supereffective|p1b: Whimsicott|1\n|-enditem|p1b: Whimsicott|Focus Sash\n|-damage|p1b: Whimsicott|1/100\n|-damage|p2b: Incineroar|55/100|[from] Recoil\n|move|p1a: Rotom|Overheat|p2b: Incineroar\n|-resisted|p2b: Incineroar|1\n|-damage|p2b: Incineroar|33/100\n|-unboost|p1a: Rotom|spa|2\n|-enditem|p2b: Incineroar|Sitrus Berry|[eat]\n|-heal|p2b: Incineroar|57/100|[from] item: Sitrus Berry\n|move|p1b: Whimsicott|Moonblast|p2b: Incineroar\n|-damage|p2b: Incineroar|23/100\n|\n|-weather|none\n|-heal|p1a: Rotom|77/100|[from] item: Leftovers\n|-end|p1a: Rotom|Throat Chop|[silent]\n|-fieldend|move: Trick Room\n|upkeep\n|turn|6\n|inactive|cruelectrek has 30 seconds left.\n|\n|t:|1776275871\n|move|p1b: Whimsicott|Encore|p2a: Drampa\n|-start|p2a: Drampa|Encore\n|move|p1a: Rotom|Volt Switch|p2b: Incineroar\n|-damage|p2b: Incineroar|10/100\n|\n|t:|1776275877\n|switch|p1a: Garchomp|Garchomp, L50, M, shiny|100/100|[from] Volt Switch\n|move|p2b: Incineroar|Parting Shot|p1a: Garchomp\n|-unboost|p1a: Garchomp|atk|1\n|-unboost|p1a: Garchomp|spa|1\n|\n|t:|1776275885\n|switch|p2b: Hatterene|Hatterene, L50, F, shiny|100/100|[from] Parting Shot\n|move|p2a: Drampa|Calm Mind|p2a: Drampa\n|-boost|p2a: Drampa|spa|1\n|-boost|p2a: Drampa|spd|1\n|\n|upkeep\n|turn|7\n|\n|t:|1776275913\n|move|p1a: Garchomp|Rock Slide|p2b: Hatterene|[spread] p2a,p2b\n|-damage|p2a: Drampa|77/100\n|-damage|p2b: Hatterene|86/100\n|move|p1b: Whimsicott|Moonblast|p2b: Hatterene\n|-damage|p2b: Hatterene|44/100\n|move|p2a: Drampa|Calm Mind|p2a: Drampa\n|-boost|p2a: Drampa|spa|1\n|-boost|p2a: Drampa|spd|1\n|cant|p2b: Hatterene|flinch\n|\n|upkeep\n|turn|8\n|\n|t:|1776275927\n|move|p1a: Garchomp|Dragon Claw|p2a: Drampa\n|-supereffective|p2a: Drampa|1\n|-damage|p2a: Drampa|31/100\n|-ability|p2a: Drampa|Berserk|boost\n|-boost|p2a: Drampa|spa|1\n|move|p1b: Whimsicott|Moonblast|p2b: Hatterene\n|-damage|p2b: Hatterene|2/100\n|move|p2a: Drampa|Calm Mind|p2a: Drampa\n|-boost|p2a: Drampa|spa|1\n|-boost|p2a: Drampa|spd|1\n|move|p2b: Hatterene|Trick Room|p2b: Hatterene\n|-fieldstart|move: Trick Room|[of] p2b: Hatterene\n|\n|-end|p2a: Drampa|Encore\n|upkeep\n|turn|9\n|inactive|cruelectrek has 30 seconds left.\n|\n|t:|1776275953\n|switch|p2b: Farigiraf|Farigiraf, L50, F|100/100\n|move|p1b: Whimsicott|Encore||[still]\n|cant|p2b: Farigiraf|ability: Armor Tail|Encore|[of] p1b: Whimsicott\n|move|p2a: Drampa|Hyper Voice|p1a: Garchomp|[spread] p1a,p1b\n|-damage|p1a: Garchomp|0 fnt\n|-damage|p1b: Whimsicott|0 fnt\n|faint|p1a: Garchomp\n|faint|p1b: Whimsicott\n|\n|upkeep\n|inactive|cruelectrek has 30 seconds left.\n|inactive|cruelectrek has 20 seconds left.\n|\n|t:|1776275990\n|switch|p1b: Froslass|Froslass-Mega, L50, F, shiny|100/100\n|switch|p1a: Rotom|Rotom-Heat, L50, shiny|77/100\n|-weather|Snowscape|[from] ability: Snow Warning|[of] p1b: Froslass\n|turn|10\n|\n|t:|1776276007\n|move|p2b: Farigiraf|Helping Hand|p2a: Drampa\n|-singleturn|p2a: Drampa|Helping Hand|[of] p2b: Farigiraf\n|move|p1a: Rotom|Protect|p1a: Rotom\n|-singleturn|p1a: Rotom|Protect\n|move|p2a: Drampa|Earth Power|p1b: Froslass\n|-damage|p1b: Froslass|0 fnt\n|faint|p1b: Froslass\n|\n|-weather|Snowscape|[upkeep]\n|-heal|p1a: Rotom|83/100|[from] item: Leftovers\n|upkeep\n|turn|11\n|-message|cruelectrek forfeited.\n|\n|win|SixSevenHeatran\n|raw|cruelectrek's rating: 1046 &rarr; <strong>1033</strong><br />(-13 for losing)\n|raw|SixSevenHeatran's rating: 1125 &rarr; <strong>1144</strong><br />(+19 for winning)\n|l|\u2606cruelectrek\n|player|p1|\n",
  "uploadtime": 1776276021,
  "views": 35,
  "formatid": "gen9championsvgc2026regma",
  "rating": 1033,
  "private": 0,
  "password": null
}