{
  "id": "gen9championsvgc2026regma-2584464770",
  "format": "[Gen 9 Champions] VGC 2026 Reg M-A",
  "players": [
    "Disfrazdetigre",
    "alfonsoliver"
  ],
  "log": "|j|\u2606Disfrazdetigre\n|j|\u2606alfonsoliver\n|t:|1776262674\n|gametype|doubles\n|player|p1|Disfrazdetigre|102|1319\n|player|p2|alfonsoliver|hilbert-wonderlauncher|1369\n|gen|9\n|tier|[Gen 9 Champions] VGC 2026 Reg M-A\n|rated|\n|rule|Species Clause: Limit one of each Pok\u00e9mon\n|rule|Item Clause: Limit 1 of each item\n|clearpoke\n|poke|p1|Sableye, L50, M|\n|poke|p1|Sinistcha, L50|\n|poke|p1|Medicham, L50, F|\n|poke|p1|Alakazam, L50, M|\n|poke|p1|Blastoise, L50, M|\n|poke|p1|Kingambit, L50, M|\n|poke|p2|Dragonite, L50, M|\n|poke|p2|Venusaur, L50, F|\n|poke|p2|Incineroar, L50, F|\n|poke|p2|Aegislash, L50, M|\n|poke|p2|Basculegion, L50, M|\n|poke|p2|Sneasler, L50, F|\n|teampreview|4\n|inactive|Battle timer is ON: inactive players will automatically lose when time's up. (requested by alfonsoliver)\n|\n|t:|1776262720\n|teamsize|p1|4\n|teamsize|p2|4\n|start\n|switch|p1a: Kingambit|Kingambit, L50, M|100/100\n|switch|p1b: Blastoise|Blastoise, L50, M|100/100\n|switch|p2a: Venusaur|Venusaur, L50, F, shiny|100/100\n|switch|p2b: Sneasler|Sneasler, L50, F|100/100\n|turn|1\n|\n|t:|1776262743\n|switch|p1a: Sableye|Sableye, L50, M|100/100\n|detailschange|p2a: Venusaur|Venusaur-Mega, L50, F, shiny\n|-mega|p2a: Venusaur|Venusaur|Venusaurite\n|move|p1b: Blastoise|Fake Out|p2a: Venusaur\n|-damage|p2a: Venusaur|95/100\n|move|p2b: Sneasler|Close Combat|p1a: Sableye\n|-immune|p1a: Sableye\n|cant|p2a: Venusaur|flinch\n|\n|upkeep\n|turn|2\n|inactive|Disfrazdetigre has 30 seconds left.\n|inactive|alfonsoliver has 30 seconds left.\n|\n|t:|1776262776\n|switch|p2b: Incineroar|Incineroar, L50, F|100/100\n|-ability|p2b: Incineroar|Intimidate|boost\n|-unboost|p1a: Sableye|atk|1\n|-unboost|p1b: Blastoise|atk|1\n|-enditem|p1b: Blastoise|White Herb\n|-clearnegativeboost|p1b: Blastoise|[silent]\n|switch|p1b: Kingambit|Kingambit, L50, M|100/100\n|move|p1a: Sableye|Encore|p2b: Incineroar\n|-hint|Since gen 7, Dark is immune to Prankster moves.\n|-immune|p2b: Incineroar\n|move|p2a: Venusaur|Leech Seed|p1b: Kingambit\n|-start|p1b: Kingambit|move: Leech Seed\n|\n|-damage|p1b: Kingambit|88/100|[from] Leech Seed|[of] p2a: Venusaur\n|-heal|p2a: Venusaur|100/100|[silent]\n|upkeep\n|turn|3\n|\n|t:|1776262796\n|switch|p1b: Blastoise|Blastoise, L50, M|100/100\n|move|p2b: Incineroar|Fake Out|p1b: Blastoise\n|-damage|p1b: Blastoise|88/100\n|move|p1a: Sableye|Encore|p2a: Venusaur\n|-start|p2a: Venusaur|Encore\n|move|p2a: Venusaur|Leech Seed|p1a: Sableye\n|-start|p1a: Sableye|move: Leech Seed\n|\n|-damage|p1a: Sableye|88/100|[from] Leech Seed|[of] p2a: Venusaur\n|upkeep\n|turn|4\n|\n|t:|1776262818\n|switch|p1a: Alakazam|Alakazam, L50, M|100/100\n|move|p1b: Blastoise|Water Spout|p2a: Venusaur|[spread] p2a,p2b\n|-resisted|p2a: Venusaur|1\n|-supereffective|p2b: Incineroar|1\n|-damage|p2a: Venusaur|84/100\n|-damage|p2b: Incineroar|25/100\n|move|p2a: Venusaur|Leech Seed|p1b: Blastoise\n|-start|p1b: Blastoise|move: Leech Seed\n|move|p2b: Incineroar|Parting Shot|p1b: Blastoise\n|-unboost|p1b: Blastoise|atk|1\n|-unboost|p1b: Blastoise|spa|1\n|\n|t:|1776262833\n|switch|p2b: Basculegion|Basculegion, L50, M|100/100|[from] Parting Shot\n|\n|-damage|p1b: Blastoise|75/100|[from] Leech Seed|[of] p2a: Venusaur\n|-heal|p2a: Venusaur|94/100|[silent]\n|upkeep\n|turn|5\n|\n|t:|1776262847\n|switch|p1b: Sableye|Sableye, L50, M|88/100\n|move|p1a: Alakazam|Protect|p1a: Alakazam\n|-singleturn|p1a: Alakazam|Protect\n|move|p2b: Basculegion|Last Respects|p1a: Alakazam\n|-activate|p1a: Alakazam|move: Protect\n|move|p2a: Venusaur|Leech Seed|p1a: Alakazam\n|-activate|p1a: Alakazam|move: Protect\n|\n|-end|p2a: Venusaur|Encore\n|upkeep\n|turn|6\n|\n|t:|1776262877\n|switch|p1a: Kingambit|Kingambit, L50, M|88/100\n|move|p1b: Sableye|Encore|p2a: Venusaur\n|-start|p2a: Venusaur|Encore\n|move|p2b: Basculegion|Last Respects|p1a: Kingambit\n|-resisted|p1a: Kingambit|1\n|-damage|p1a: Kingambit|77/100\n|move|p2a: Venusaur|Leech Seed|p1a: Kingambit\n|-start|p1a: Kingambit|move: Leech Seed\n|\n|-damage|p1a: Kingambit|65/100|[from] Leech Seed|[of] p2a: Venusaur\n|-heal|p2a: Venusaur|100/100|[silent]\n|upkeep\n|turn|7\n|inactive|Disfrazdetigre has 30 seconds left.\n|\n|t:|1776262903\n|switch|p2b: Incineroar|Incineroar, L50, F|25/100\n|-ability|p2b: Incineroar|Intimidate|boost\n|-unboost|p1a: Kingambit|atk|1\n|-ability|p1a: Kingambit|Defiant|boost\n|-boost|p1a: Kingambit|atk|2\n|-unboost|p1b: Sableye|atk|1\n|move|p2a: Venusaur|Leech Seed|p1b: Sableye\n|-start|p1b: Sableye|move: Leech Seed\n|move|p1a: Kingambit|Kowtow Cleave|p2b: Incineroar\n|-resisted|p2b: Incineroar|1\n|-crit|p2b: Incineroar\n|-damage|p2b: Incineroar|0 fnt\n|faint|p2b: Incineroar\n|move|p1b: Sableye|Knock Off|p2a: Venusaur\n|-damage|p2a: Venusaur|92/100\n|\n|-damage|p1b: Sableye|76/100|[from] Leech Seed|[of] p2a: Venusaur\n|-heal|p2a: Venusaur|100/100|[silent]\n|-damage|p1a: Kingambit|53/100|[from] Leech Seed|[of] p2a: Venusaur\n|upkeep\n|\n|t:|1776262923\n|switch|p2b: Sneasler|Sneasler, L50, F|100/100\n|turn|8\n|\n|t:|1776262933\n|move|p1a: Kingambit|Protect|p1a: Kingambit\n|-singleturn|p1a: Kingambit|Protect\n|move|p2b: Sneasler|Close Combat|p1a: Kingambit\n|-activate|p1a: Kingambit|move: Protect\n|move|p2a: Venusaur|Leech Seed||[still]\n|-fail|p2a: Venusaur\n|move|p1b: Sableye|Knock Off|p2b: Sneasler\n|-resisted|p2b: Sneasler|1\n|-damage|p2b: Sneasler|85/100\n|-enditem|p2b: Sneasler|Focus Sash|[from] move: Knock Off|[of] p1b: Sableye\n|\n|-damage|p1b: Sableye|64/100|[from] Leech Seed|[of] p2a: Venusaur\n|-damage|p1a: Kingambit|41/100|[from] Leech Seed|[of] p2a: Venusaur\n|-end|p2a: Venusaur|Encore\n|upkeep\n|turn|9\n|\n|t:|1776262948\n|move|p1b: Sableye|Quash|p2b: Sneasler\n|-activate|p2b: Sneasler|move: Quash\n|move|p2a: Venusaur|Earth Power|p1b: Sableye\n|-damage|p1b: Sableye|32/100\n|-enditem|p1b: Sableye|Sitrus Berry|[eat]\n|-heal|p1b: Sableye|57/100|[from] item: Sitrus Berry\n|move|p1a: Kingambit|Iron Head|p2b: Sneasler\n|-damage|p2b: Sneasler|0 fnt\n|faint|p2b: Sneasler\n|\n|-damage|p1a: Kingambit|29/100|[from] Leech Seed|[of] p2a: Venusaur\n|-damage|p1b: Sableye|44/100|[from] Leech Seed|[of] p2a: Venusaur\n|upkeep\n|\n|t:|1776262962\n|switch|p2b: Basculegion|Basculegion, L50, M|100/100\n|turn|10\n|\n|t:|1776262975\n|switch|p1b: Alakazam|Alakazam, L50, M|100/100\n|move|p2b: Basculegion|Aqua Jet|p1b: Alakazam\n|-damage|p1b: Alakazam|36/100\n|move|p1a: Kingambit|Sucker Punch||[still]\n|-fail|p1a: Kingambit\n|move|p2a: Venusaur|Earth Power|p1a: Kingambit\n|-supereffective|p1a: Kingambit|1\n|-crit|p1a: Kingambit\n|-damage|p1a: Kingambit|0 fnt\n|faint|p1a: Kingambit\n|\n|upkeep\n|\n|t:|1776262985\n|switch|p1a: Sableye|Sableye, L50, M|44/100\n|turn|11\n|\n|t:|1776262995\n|move|p1b: Alakazam|Protect|p1b: Alakazam\n|-singleturn|p1b: Alakazam|Protect\n|move|p2b: Basculegion|Aqua Jet|p1a: Sableye\n|-damage|p1a: Sableye|8/100\n|move|p2a: Venusaur|Earth Power|p1b: Alakazam\n|-activate|p1b: Alakazam|move: Protect\n|move|p1a: Sableye|Knock Off|p2b: Basculegion\n|-supereffective|p2b: Basculegion|1\n|-crit|p2b: Basculegion\n|-damage|p2b: Basculegion|0 fnt\n|-enditem|p2b: Basculegion|Choice Scarf|[from] move: Knock Off|[of] p1a: Sableye\n|faint|p2b: Basculegion\n|\n|upkeep\n|turn|12\n|inactive|Disfrazdetigre has 30 seconds left.\n|\n|t:|1776263027\n|switch|p1a: Blastoise|Blastoise, L50, M|75/100\n|move|p1b: Alakazam|Substitute|p1b: Alakazam\n|-start|p1b: Alakazam|Substitute\n|-damage|p1b: Alakazam|11/100\n|move|p2a: Venusaur|Leech Seed||[still]\n|-fail|p2a: Venusaur\n|\n|upkeep\n|turn|13\n|\n|t:|1776263039\n|move|p1a: Blastoise|Fake Out|p2a: Venusaur\n|-damage|p2a: Venusaur|95/100\n|move|p1b: Alakazam|Psyshock|p2a: Venusaur\n|-supereffective|p2a: Venusaur|1\n|-damage|p2a: Venusaur|27/100\n|cant|p2a: Venusaur|flinch\n|\n|upkeep\n|turn|14\n|\n|t:|1776263047\n|move|p1b: Alakazam|Psyshock|p2a: Venusaur\n|-supereffective|p2a: Venusaur|1\n|-damage|p2a: Venusaur|0 fnt\n|faint|p2a: Venusaur\n|\n|win|Disfrazdetigre\n|raw|Disfrazdetigre's rating: 1319 &rarr; <strong>1342</strong><br />(+23 for winning)\n|raw|alfonsoliver's rating: 1369 &rarr; <strong>1346</strong><br />(-23 for losing)\n",
  "uploadtime": 1776263055,
  "views": 46,
  "formatid": "gen9championsvgc2026regma",
  "rating": 1342,
  "private": 0,
  "password": null
}