{
  "id": "gen9championsvgc2026regma-2583098150",
  "format": "[Gen 9 Champions] VGC 2026 Reg M-A",
  "players": [
    "jetrinchamp",
    "ruddyreboot"
  ],
  "log": "|j|\u2606jetrinchamp\n|j|\u2606ruddyreboot\n|t:|1776141748\n|gametype|doubles\n|player|p1|jetrinchamp|pilot|1161\n|player|p2|ruddyreboot|169|1227\n|gen|9\n|tier|[Gen 9 Champions] VGC 2026 Reg M-A\n|rated|\n|rule|Species Clause: Limit one of each Pok\u00e9mon\n|rule|Item Clause: Limit 1 of each item\n|clearpoke\n|poke|p1|Incineroar, L50, F|\n|poke|p1|Sinistcha, L50|\n|poke|p1|Lopunny, L50, F|\n|poke|p1|Kingambit, L50, F|\n|poke|p1|Clefable, L50, F|\n|poke|p1|Kommo-o, L50, F|\n|poke|p2|Kangaskhan, L50, F|\n|poke|p2|Torkoal, L50, M|\n|poke|p2|Farigiraf, L50, F|\n|poke|p2|Hatterene, L50, F|\n|poke|p2|Kingambit, L50, M|\n|poke|p2|Scovillain, L50, M|\n|teampreview|4\n|inactive|Battle timer is ON: inactive players will automatically lose when time's up. (requested by ruddyreboot)\n|\n|t:|1776141775\n|teamsize|p1|4\n|teamsize|p2|4\n|start\n|switch|p1a: Lopunny|Lopunny, L50, F|100/100\n|switch|p1b: Kommo-o|Kommo-o, L50, F|100/100\n|switch|p2a: Scovillain|Scovillain, L50, M|100/100\n|switch|p2b: Farigiraf|Farigiraf, L50, F|100/100\n|turn|1\n|\n|t:|1776141792\n|detailschange|p1a: Lopunny|Lopunny-Mega, L50, F\n|-mega|p1a: Lopunny|Lopunny|Lopunnite\n|detailschange|p2a: Scovillain|Scovillain-Mega, L50, M\n|-mega|p2a: Scovillain|Scovillain|Scovillainite\n|move|p2a: Scovillain|Rage Powder|p2a: Scovillain\n|-singleturn|p2a: Scovillain|move: Rage Powder\n|move|p1a: Lopunny|Close Combat|p2a: Scovillain\n|-damage|p2a: Scovillain|39/100\n|-unboost|p1a: Lopunny|def|1\n|-unboost|p1a: Lopunny|spd|1\n|-status|p1a: Lopunny|brn|[from] ability: Spicy Spray|[of] p2a: Scovillain\n|move|p1b: Kommo-o|Aura Sphere|p2a: Scovillain\n|-damage|p2a: Scovillain|0 fnt\n|-status|p1b: Kommo-o|brn|[from] ability: Spicy Spray|[of] p2a: Scovillain\n|faint|p2a: Scovillain\n|move|p2b: Farigiraf|Trick Room|p2b: Farigiraf\n|-fieldstart|move: Trick Room|[of] p2b: Farigiraf\n|\n|-damage|p1b: Kommo-o|95/100 brn|[from] brn\n|-damage|p1a: Lopunny|95/100 brn|[from] brn\n|upkeep\n|\n|t:|1776141812\n|switch|p2a: Hatterene|Hatterene, L50, F|100/100\n|turn|2\n|\n|t:|1776141828\n|switch|p2b: Torkoal|Torkoal, L50, M|100/100\n|-weather|SunnyDay|[from] ability: Drought|[of] p2b: Torkoal\n|switch|p1b: Incineroar|Incineroar, L50, F|100/100\n|-ability|p1b: Incineroar|Intimidate|boost\n|-unboost|p2a: Hatterene|atk|1\n|-unboost|p2b: Torkoal|atk|1\n|move|p1a: Lopunny|Protect|p1a: Lopunny\n|-singleturn|p1a: Lopunny|Protect\n|move|p2a: Hatterene|Dazzling Gleam|p1b: Incineroar|[spread] p1b\n|-activate|p1a: Lopunny|move: Protect\n|-damage|p1b: Incineroar|68/100\n|\n|-weather|SunnyDay|[upkeep]\n|-damage|p1a: Lopunny|89/100 brn|[from] brn\n|upkeep\n|turn|3\n|inactive|jetrinchamp has 30 seconds left.\n|\n|t:|1776141854\n|switch|p2b: Farigiraf|Farigiraf, L50, F|100/100\n|switch|p1a: Kommo-o|Kommo-o, L50, F|95/100 brn\n|move|p1b: Incineroar|Fake Out||[still]\n|cant|p2b: Farigiraf|ability: Armor Tail|Fake Out|[of] p1b: Incineroar\n|move|p2a: Hatterene|Dazzling Gleam|p1b: Incineroar|[spread] p1a,p1b\n|-supereffective|p1a: Kommo-o|2\n|-damage|p1a: Kommo-o|0 fnt\n|-damage|p1b: Incineroar|36/100\n|faint|p1a: Kommo-o\n|\n|-weather|SunnyDay|[upkeep]\n|upkeep\n|\n|t:|1776141868\n|switch|p1a: Sinistcha|Sinistcha, L50|100/100\n|-heal|p1b: Incineroar|61/100|[from] ability: Hospitality|[of] p1a: Sinistcha\n|turn|4\n|inactive|jetrinchamp has 30 seconds left.\n|inactive|jetrinchamp has 20 seconds left.\n|\n|t:|1776141905\n|move|p2a: Hatterene|Dazzling Gleam|p1b: Incineroar|[spread] p1a,p1b\n|-damage|p1a: Sinistcha|61/100\n|-damage|p1b: Incineroar|27/100\n|move|p2b: Farigiraf|Hyper Voice|p1a: Sinistcha|[spread] p1b\n|-immune|p1a: Sinistcha\n|-damage|p1b: Incineroar|0 fnt\n|faint|p1b: Incineroar\n|move|p1a: Sinistcha|Matcha Gotcha|p2b: Farigiraf|[spread] p2a,p2b\n|-crit|p2b: Farigiraf\n|-damage|p2a: Hatterene|74/100\n|-heal|p1a: Sinistcha|74/100|[from] drain|[of] p2a: Hatterene\n|-damage|p2b: Farigiraf|63/100\n|-heal|p1a: Sinistcha|95/100|[from] drain|[of] p2b: Farigiraf\n|\n|-weather|SunnyDay|[upkeep]\n|upkeep\n|\n|t:|1776141920\n|switch|p1b: Lopunny|Lopunny-Mega, L50, F|89/100 brn\n|turn|5\n|\n|t:|1776141931\n|move|p1b: Lopunny|Protect|p1b: Lopunny\n|-singleturn|p1b: Lopunny|Protect\n|move|p1a: Sinistcha|Matcha Gotcha|p2a: Hatterene|[spread] p2b\n|-miss|p1a: Sinistcha|p2a: Hatterene\n|-damage|p2b: Farigiraf|38/100\n|-heal|p1a: Sinistcha|100/100|[from] drain|[of] p2b: Farigiraf\n|-status|p2b: Farigiraf|brn\n|-enditem|p2b: Farigiraf|Sitrus Berry|[eat]\n|-heal|p2b: Farigiraf|63/100 brn|[from] item: Sitrus Berry\n|move|p2a: Hatterene|Trick Room|p2a: Hatterene\n|-fieldend|move: Trick Room\n|move|p2b: Farigiraf|Trick Room|p2b: Farigiraf\n|-fieldstart|move: Trick Room|[of] p2b: Farigiraf\n|\n|-weather|SunnyDay|[upkeep]\n|-damage|p2b: Farigiraf|57/100 brn|[from] brn\n|-damage|p1b: Lopunny|84/100 brn|[from] brn\n|upkeep\n|turn|6\n|\n|t:|1776141955\n|move|p2a: Hatterene|Dazzling Gleam|p1b: Lopunny|[spread] p1a,p1b\n|-supereffective|p1b: Lopunny|1\n|-damage|p1a: Sinistcha|61/100\n|-damage|p1b: Lopunny|0 fnt\n|faint|p1b: Lopunny\n|move|p2b: Farigiraf|Psychic|p1a: Sinistcha\n|-damage|p1a: Sinistcha|15/100\n|-enditem|p1a: Sinistcha|Sitrus Berry|[eat]\n|-heal|p1a: Sinistcha|40/100|[from] item: Sitrus Berry\n|move|p1a: Sinistcha|Matcha Gotcha|p2a: Hatterene|[spread] p2a\n|-miss|p1a: Sinistcha|p2b: Farigiraf\n|-damage|p2a: Hatterene|47/100\n|-heal|p1a: Sinistcha|53/100|[from] drain|[of] p2a: Hatterene\n|\n|-weather|none\n|-damage|p2b: Farigiraf|51/100 brn|[from] brn\n|upkeep\n|turn|7\n|c|\u2606jetrinchamp|ggg\n|c|\u2606ruddyreboot|gg\n|-message|jetrinchamp forfeited.\n|\n|win|ruddyreboot\n|raw|jetrinchamp's rating: 1161 &rarr; <strong>1141</strong><br />(-20 for losing)\n|raw|ruddyreboot's rating: 1227 &rarr; <strong>1247</strong><br />(+20 for winning)\n|l|\u2606jetrinchamp\n|player|p1|\n",
  "uploadtime": 1776141976,
  "views": 28,
  "formatid": "gen9championsvgc2026regma",
  "rating": 1141,
  "private": 0,
  "password": null
}