{
  "id": "gen9championsvgc2026regma-2587696191",
  "format": "[Gen 9 Champions] VGC 2026 Reg M-A",
  "players": [
    "Luca_piloswine",
    "Fancy Pants007"
  ],
  "log": "|j|\u2606Luca_piloswine\n|j|\u2606Fancy Pants007\n|t:|1776554828\n|gametype|doubles\n|player|p1|Luca_piloswine|blackbelt|\n|player|p2|Fancy Pants007|steven|\n|gen|9\n|tier|[Gen 9 Champions] VGC 2026 Reg M-A\n|rule|Species Clause: Limit one of each Pok\u00e9mon\n|rule|Item Clause: Limit 1 of each item\n|clearpoke\n|poke|p1|Charizard, L50, M, shiny|\n|poke|p1|Venusaur, L50, M|\n|poke|p1|Garchomp, L50, F|\n|poke|p1|Gardevoir, L50, F|\n|poke|p1|Incineroar, L50, M|\n|poke|p1|Rotom-Wash, L50|\n|poke|p2|Starmie, L50|\n|poke|p2|Incineroar, L50, M|\n|poke|p2|Basculegion, L50, M|\n|poke|p2|Sneasler, L50, M|\n|poke|p2|Whimsicott, L50, M|\n|poke|p2|Alcremie-Caramel-Swirl, L50, F|\n|teampreview|4\n|inactive|Battle timer is ON: inactive players will automatically lose when time's up. (requested by Luca_piloswine)\n|c|\u2606Fancy Pants007|glhf\n|c|\u2606Luca_piloswine|Oh no\nFancy Pants007 rejected open team sheets.\n|inactive|Luca_piloswine has 60 seconds left.\n|\n|t:|1776554860\n|teamsize|p1|4\n|teamsize|p2|4\n|start\n|switch|p1a: To\u00f1o|Incineroar, L50, M|100/100\n|switch|p1b: Gardevoir|Gardevoir, L50, F|100/100\n|switch|p2a: Starman|Starmie, L50|100/100\n|switch|p2b: Alcremie|Alcremie-Caramel-Swirl, L50, F|100/100\n|-ability|p1a: To\u00f1o|Intimidate|boost\n|-unboost|p2a: Starman|atk|1\n|-unboost|p2b: Alcremie|atk|1\n|turn|1\n|inactive|Fancy Pants007 has 30 seconds left.\n|inactive|Fancy Pants007 has 20 seconds left.\n|\n|t:|1776554897\n|detailschange|p2a: Starman|Starmie-Mega, L50\n|-mega|p2a: Starman|Starmie|Starminite\n|move|p2a: Starman|Protect|p2a: Starman\n|-singleturn|p2a: Starman|Protect\n|move|p1a: To\u00f1o|Fake Out|p2a: Starman\n|-activate|p2a: Starman|move: Protect\n|move|p1b: Gardevoir|Moonblast|p2a: Starman\n|-activate|p2a: Starman|move: Protect\n|move|p2b: Alcremie|Decorate|p2a: Starman\n|-boost|p2a: Starman|atk|2\n|-boost|p2a: Starman|spa|2\n|\n|upkeep\n|turn|2\n|c|\u2606Luca_piloswine|Let me knoooow\n|inactive|Fancy Pants007 has 30 seconds left.\n|\n|t:|1776554928\n|move|p2b: Alcremie|Helping Hand|p2a: Starman\n|-singleturn|p2a: Starman|Helping Hand|[of] p2b: Alcremie\n|move|p2a: Starman|Liquidation|p1a: To\u00f1o\n|-supereffective|p1a: To\u00f1o|1\n|-damage|p1a: To\u00f1o|0 fnt\n|faint|p1a: To\u00f1o\n|move|p1b: Gardevoir|Moonblast|p2a: Starman\n|-damage|p2a: Starman|34/100\n|\n|upkeep\n|\n|t:|1776554935\n|switch|p1a: Chorizard|Charizard, L50, M, shiny|100/100\n|turn|3\n|\n|t:|1776554952\n|detailschange|p1a: Chorizard|Charizard-Mega-Y, L50, M, shiny\n|-mega|p1a: Chorizard|Charizard|Charizardite Y\n|-weather|SunnyDay|[from] ability: Drought|[of] p1a: Chorizard\n|move|p2a: Starman|Protect|p2a: Starman\n|-singleturn|p2a: Starman|Protect\n|move|p1a: Chorizard|Solar Beam||[still]\n|-prepare|p1a: Chorizard|Solar Beam\n|-anim|p1a: Chorizard|Solar Beam|p2a: Starman\n|-activate|p2a: Starman|move: Protect\n|move|p1b: Gardevoir|Moonblast|p2b: Alcremie\n|-damage|p2b: Alcremie|59/100\n|move|p2b: Alcremie|Decorate|p2a: Starman\n|-boost|p2a: Starman|atk|2\n|-boost|p2a: Starman|spa|2\n|\n|-weather|SunnyDay|[upkeep]\n|upkeep\n|turn|4\n|\n|t:|1776554973\n|move|p2b: Alcremie|Helping Hand|p2a: Starman\n|-singleturn|p2a: Starman|Helping Hand|[of] p2b: Alcremie\n|move|p2a: Starman|Liquidation|p1a: Chorizard\n|-supereffective|p1a: Chorizard|1\n|-damage|p1a: Chorizard|0 fnt\n|faint|p1a: Chorizard\n|move|p1b: Gardevoir|Moonblast|p2b: Alcremie\n|-crit|p2b: Alcremie\n|-damage|p2b: Alcremie|0 fnt\n|faint|p2b: Alcremie\n|\n|-weather|SunnyDay|[upkeep]\n|upkeep\n|\n|t:|1776554990\n|switch|p1a: Froggo|Venusaur, L50, M|100/100\n|switch|p2b: Chat|Sneasler, L50, M|100/100\n|turn|5\n|\n|t:|1776555010\n|move|p2b: Chat|Fake Out|p1b: Gardevoir\n|-damage|p1b: Gardevoir|76/100\n|move|p1a: Froggo|Solar Beam||[still]\n|-prepare|p1a: Froggo|Solar Beam\n|-anim|p1a: Froggo|Solar Beam|p2a: Starman\n|-supereffective|p2a: Starman|1\n|-damage|p2a: Starman|0 fnt\n|faint|p2a: Starman\n|cant|p1b: Gardevoir|flinch\n|\n|-weather|SunnyDay|[upkeep]\n|upkeep\n|\n|t:|1776555017\n|switch|p2a: Basculegion|Basculegion, L50, M|100/100\n|turn|6\n|\n|t:|1776555037\n|move|p1a: Froggo|Solar Beam||[still]\n|-prepare|p1a: Froggo|Solar Beam\n|-anim|p1a: Froggo|Solar Beam|p2a: Basculegion\n|-supereffective|p2a: Basculegion|1\n|-damage|p2a: Basculegion|2/100\n|move|p2b: Chat|Coaching|p2a: Basculegion\n|-boost|p2a: Basculegion|atk|1\n|-boost|p2a: Basculegion|def|1\n|move|p2a: Basculegion|Last Respects|p1b: Gardevoir\n|-supereffective|p1b: Gardevoir|1\n|-damage|p1b: Gardevoir|0 fnt\n|faint|p1b: Gardevoir\n|\n|-weather|SunnyDay|[upkeep]\n|upkeep\n|turn|7\n|c|\u2606Luca_piloswine|bro...\n|\n|t:|1776555060\n|move|p1a: Froggo|Solar Beam||[still]\n|-prepare|p1a: Froggo|Solar Beam\n|-anim|p1a: Froggo|Solar Beam|p2a: Basculegion\n|-supereffective|p2a: Basculegion|1\n|-damage|p2a: Basculegion|0 fnt\n|faint|p2a: Basculegion\n|move|p2b: Chat|Close Combat|p1a: Froggo\n|-resisted|p1a: Froggo|1\n|-damage|p1a: Froggo|58/100\n|-unboost|p2b: Chat|def|1\n|-unboost|p2b: Chat|spd|1\n|-enditem|p2b: Chat|White Herb\n|-clearnegativeboost|p2b: Chat|[silent]\n|\n|-weather|none\n|upkeep\n|turn|8\n|c|\u2606Fancy Pants007|VERGA NO TIENE ACROBATICS XDXDXDDD\n|inactive|Fancy Pants007 has 30 seconds left.\n|\n|t:|1776555087\n|move|p2b: Chat|Close Combat|p1a: Froggo\n|-resisted|p1a: Froggo|1\n|-damage|p1a: Froggo|16/100\n|-unboost|p2b: Chat|def|1\n|-unboost|p2b: Chat|spd|1\n|move|p1a: Froggo|Sludge Bomb|p2b: Chat\n|-resisted|p2b: Chat|1\n|-damage|p2b: Chat|59/100\n|\n|upkeep\n|turn|9\n|\n|t:|1776555097\n|move|p2b: Chat|Close Combat|p1a: Froggo\n|-resisted|p1a: Froggo|1\n|-damage|p1a: Froggo|0 fnt\n|-unboost|p2b: Chat|def|1\n|-unboost|p2b: Chat|spd|1\n|faint|p1a: Froggo\n|\n|win|Fancy Pants007\n|l|\u2606Luca_piloswine\n|player|p1|\n|c|\u2606Fancy Pants007|gg\n",
  "uploadtime": 1776555111,
  "views": 16,
  "formatid": "gen9championsvgc2026regma",
  "rating": null,
  "private": 0,
  "password": null
}