{
  "id": "gen9championsvgc2026regma-2587660935",
  "format": "[Gen 9 Champions] VGC 2026 Reg M-A",
  "players": [
    "imjustoneguy",
    "defnotice"
  ],
  "log": "|j|\u2606imjustoneguy\n|j|\u2606defnotice\n|t:|1776551387\n|gametype|doubles\n|player|p1|imjustoneguy|265|1110\n|player|p2|defnotice|lass-gen4|1064\n|gen|9\n|tier|[Gen 9 Champions] VGC 2026 Reg M-A\n|rated|\n|rule|Species Clause: Limit one of each Pok\u00e9mon\n|rule|Item Clause: Limit 1 of each item\n|clearpoke\n|poke|p1|Aggron, L50, F|\n|poke|p1|Sinistcha, L50|\n|poke|p1|Tyranitar, L50, M|\n|poke|p1|Aerodactyl, L50, F|\n|poke|p1|Garchomp, L50, M|\n|poke|p1|Milotic, L50, F|\n|poke|p2|Gengar, L50, F, shiny|\n|poke|p2|Sneasler, L50, F|\n|poke|p2|Floette-Eternal, L50, F|\n|poke|p2|Meowscarada, L50, M|\n|poke|p2|Dragapult, L50, F, shiny|\n|poke|p2|Samurott-Hisui, L50, F, shiny|\n|teampreview|4\n|\n|t:|1776551451\n|teamsize|p1|4\n|teamsize|p2|4\n|start\n|switch|p1a: Tyranitar|Tyranitar, L50, M|100/100\n|switch|p1b: Aerodactyl|Aerodactyl, L50, F|100/100\n|switch|p2a: Sneasler|Sneasler, L50, F|100/100\n|switch|p2b: Dragapult|Dragapult, L50, F, shiny|100/100\n|-ability|p1b: Aerodactyl|Pressure\n|-weather|Sandstorm|[from] ability: Sand Stream|[of] p1a: Tyranitar\n|turn|1\n|\n|t:|1776551485\n|switch|p1a: Garchomp|Garchomp, L50, M|100/100\n|move|p2b: Dragapult|Dragon Dance|p2b: Dragapult\n|-boost|p2b: Dragapult|atk|1\n|-boost|p2b: Dragapult|spe|1\n|move|p1b: Aerodactyl|Tailwind|p1b: Aerodactyl\n|-sidestart|p1: imjustoneguy|move: Tailwind\n|move|p2a: Sneasler|Close Combat|p1a: Garchomp|[miss]\n|-miss|p2a: Sneasler|p1a: Garchomp\n|\n|-weather|Sandstorm|[upkeep]\n|-damage|p2b: Dragapult|94/100|[from] Sandstorm\n|-damage|p2a: Sneasler|95/100|[from] Sandstorm\n|upkeep\n|turn|2\n|\n|t:|1776551520\n|move|p1b: Aerodactyl|Rock Slide|p2a: Sneasler|[spread] p2a\n|-miss|p1b: Aerodactyl|p2b: Dragapult\n|-resisted|p2a: Sneasler|1\n|-damage|p2a: Sneasler|73/100\n|move|p1a: Garchomp|Earthquake|p2a: Sneasler|[spread] p2a,p2b\n|-immune|p1b: Aerodactyl\n|-supereffective|p2a: Sneasler|1\n|-damage|p2a: Sneasler|0 fnt\n|-damage|p2b: Dragapult|39/100\n|-enditem|p2b: Dragapult|Sitrus Berry|[eat]\n|-heal|p2b: Dragapult|64/100|[from] item: Sitrus Berry\n|faint|p2a: Sneasler\n|move|p2b: Dragapult|Dragon Darts|p1b: Aerodactyl\n|-damage|p1b: Aerodactyl|44/100\n|-anim|p2b: Dragapult|Dragon Darts|p1b: Aerodactyl\n|-damage|p1b: Aerodactyl|0 fnt\n|faint|p1b: Aerodactyl\n|\n|-weather|Sandstorm|[upkeep]\n|-damage|p2b: Dragapult|58/100|[from] Sandstorm\n|upkeep\n|\n|t:|1776551539\n|switch|p1b: Tyranitar|Tyranitar, L50, M|100/100\n|switch|p2a: Samurott|Samurott-Hisui, L50, F, shiny|100/100\n|turn|3\n|\n|t:|1776551559\n|switch|p1b: Aggron|Aggron, L50, F|100/100\n|move|p1a: Garchomp|Dragon Claw|p2b: Dragapult\n|-supereffective|p2b: Dragapult|1\n|-damage|p2b: Dragapult|0 fnt\n|faint|p2b: Dragapult\n|move|p2a: Samurott|Ceaseless Edge|p1b: Aggron\n|-damage|p1b: Aggron|75/100\n|-sidestart|p1: imjustoneguy|Spikes\n|\n|-weather|Sandstorm|[upkeep]\n|-damage|p2a: Samurott|94/100|[from] Sandstorm\n|upkeep\n|\n|t:|1776551570\n|switch|p2b: Meowscarada|Meowscarada, L50, M|100/100\n|turn|4\n|\n|t:|1776551580\n|detailschange|p1b: Aggron|Aggron-Mega, L50, F\n|-mega|p1b: Aggron|Aggron|Aggronite\n|move|p1a: Garchomp|Rock Slide|p2b: Meowscarada|[spread] p2a,p2b\n|-damage|p2a: Samurott|71/100\n|-damage|p2b: Meowscarada|68/100\n|move|p2a: Samurott|Ceaseless Edge|p1a: Garchomp\n|-damage|p1a: Garchomp|53/100\n|-sidestart|p1: imjustoneguy|Spikes\n|move|p2b: Meowscarada|Brick Break|p1b: Aggron\n|-start|p2b: Meowscarada|typechange|Fighting|[from] ability: Protean\n|-supereffective|p1b: Aggron|1\n|-damage|p1b: Aggron|49/100\n|move|p1b: Aggron|Iron Defense|p1b: Aggron\n|-boost|p1b: Aggron|def|2\n|\n|-weather|Sandstorm|[upkeep]\n|-damage|p2a: Samurott|65/100|[from] Sandstorm\n|-damage|p2b: Meowscarada|62/100|[from] Sandstorm\n|-sideend|p1: imjustoneguy|move: Tailwind\n|upkeep\n|turn|5\n|\n|t:|1776551619\n|move|p2a: Samurott|Ceaseless Edge|p1a: Garchomp\n|-damage|p1a: Garchomp|5/100\n|-sidestart|p1: imjustoneguy|Spikes\n|move|p2b: Meowscarada|Brick Break|p1b: Aggron\n|-supereffective|p1b: Aggron|1\n|-damage|p1b: Aggron|36/100\n|move|p1a: Garchomp|Dragon Claw|p2a: Samurott\n|-damage|p2a: Samurott|5/100\n|move|p1b: Aggron|Body Press|p2b: Meowscarada\n|-damage|p2b: Meowscarada|0 fnt\n|faint|p2b: Meowscarada\n|\n|-weather|none\n|upkeep\n|turn|6\n|\n|t:|1776551637\n|move|p2a: Samurott|Ceaseless Edge|p1a: Garchomp|[miss]\n|-miss|p2a: Samurott|p1a: Garchomp\n|move|p1a: Garchomp|Rock Slide|p2a: Samurott\n|-damage|p2a: Samurott|0 fnt\n|faint|p2a: Samurott\n|\n|win|imjustoneguy\n|raw|imjustoneguy's rating: 1110 &rarr; <strong>1132</strong><br />(+22 for winning)\n|raw|defnotice's rating: 1064 &rarr; <strong>1047</strong><br />(-17 for losing)\n|l|\u2606imjustoneguy\n|player|p1|\n|j| TheNewBrends11@!\n|j| AWOOGA STEEL\n",
  "uploadtime": 1776551653,
  "views": 10,
  "formatid": "gen9championsvgc2026regma",
  "rating": 1047,
  "private": 0,
  "password": null
}