{
  "id": "gen9championsvgc2026regma-2582574194",
  "format": "[Gen 9 Champions] VGC 2026 Reg M-A",
  "players": [
    "autiorez",
    "HighasaMantyke"
  ],
  "log": "|j|\u2606autiorez\n|j|\u2606HighasaMantyke\n|t:|1776100270\n|gametype|doubles\n|player|p1|autiorez|youngn|1092\n|player|p2|HighasaMantyke|drayton|1118\n|gen|9\n|tier|[Gen 9 Champions] VGC 2026 Reg M-A\n|rated|\n|rule|Species Clause: Limit one of each Pok\u00e9mon\n|rule|Item Clause: Limit 1 of each item\n|clearpoke\n|poke|p1|Clefable, L50, F|\n|poke|p1|Incineroar, L50, M|\n|poke|p1|Whimsicott, L50, F|\n|poke|p1|Rotom-Wash, L50|\n|poke|p1|Arcanine-Hisui, L50, F|\n|poke|p1|Lucario, L50, F|\n|poke|p2|Chandelure, L50, M|\n|poke|p2|Garchomp, L50, F|\n|poke|p2|Rotom-Wash, L50|\n|poke|p2|Incineroar, L50, F|\n|poke|p2|Sneasler, L50, F|\n|poke|p2|Whimsicott, L50, M|\n|teampreview|4\n|inactive|Battle timer is ON: inactive players will automatically lose when time's up. (requested by HighasaMantyke)\n|inactive|autiorez also wants the timer to be on.\n|\n|t:|1776100285\n|teamsize|p1|4\n|teamsize|p2|4\n|start\n|switch|p1a: Incineroar|Incineroar, L50, M|100/100\n|switch|p1b: Whimsicott|Whimsicott, L50, F|100/100\n|switch|p2a: Whimsicott|Whimsicott, L50, M|100/100\n|switch|p2b: Incineroar|Incineroar, L50, F|100/100\n|-ability|p2b: Incineroar|Intimidate|boost\n|-unboost|p1a: Incineroar|atk|1\n|-unboost|p1b: Whimsicott|atk|1\n|-ability|p1a: Incineroar|Intimidate|boost\n|-unboost|p2a: Whimsicott|atk|1\n|-unboost|p2b: Incineroar|atk|1\n|turn|1\n|\n|t:|1776100303\n|move|p2b: Incineroar|Fake Out|p1b: Whimsicott\n|-damage|p1b: Whimsicott|92/100\n|move|p1a: Incineroar|Fake Out|p2b: Incineroar\n|-damage|p2b: Incineroar|93/100\n|move|p2a: Whimsicott|Tailwind|p2a: Whimsicott\n|-sidestart|p2: HighasaMantyke|move: Tailwind\n|cant|p1b: Whimsicott|flinch\n|\n|upkeep\n|turn|2\n|\n|t:|1776100317\n|move|p2a: Whimsicott|Sunny Day|p2a: Whimsicott\n|-weather|SunnyDay\n|move|p1b: Whimsicott|Encore|p2a: Whimsicott\n|-start|p2a: Whimsicott|Encore\n|move|p2b: Incineroar|Flare Blitz|p1b: Whimsicott\n|-supereffective|p1b: Whimsicott|1\n|-damage|p1b: Whimsicott|0 fnt\n|faint|p1b: Whimsicott\n|-damage|p2b: Incineroar|68/100|[from] Recoil\n|move|p1a: Incineroar|Parting Shot|p2b: Incineroar\n|-unboost|p2b: Incineroar|atk|1\n|-unboost|p2b: Incineroar|spa|1\n|\n|t:|1776100322\n|switch|p1a: Lucario|Lucario, L50, F|100/100|[from] Parting Shot\n|\n|-weather|SunnyDay|[upkeep]\n|upkeep\n|\n|t:|1776100325\n|switch|p1b: Incineroar|Incineroar, L50, M|100/100\n|-ability|p1b: Incineroar|Intimidate|boost\n|-unboost|p2a: Whimsicott|atk|1\n|-unboost|p2b: Incineroar|atk|1\n|turn|3\n|\n|t:|1776100341\n|switch|p2b: Chandelure|Chandelure, L50, M|100/100\n|detailschange|p1a: Lucario|Lucario-Mega, L50, F\n|-mega|p1a: Lucario|Lucario|Lucarionite\n|move|p1b: Incineroar|Fake Out|p2b: Chandelure\n|-immune|p2b: Chandelure\n|move|p2a: Whimsicott|Sunny Day||[still]\n|-fail|p2a: Whimsicott\n|move|p1a: Lucario|Swords Dance|p1a: Lucario\n|-boost|p1a: Lucario|atk|2\n|\n|-weather|SunnyDay|[upkeep]\n|upkeep\n|turn|4\n|\n|t:|1776100353\n|switch|p2a: Incineroar|Incineroar, L50, F|68/100\n|-ability|p2a: Incineroar|Intimidate|boost\n|-unboost|p1a: Lucario|atk|1\n|-unboost|p1b: Incineroar|atk|1\n|switch|p1a: Clefable|Clefable, L50, F|100/100\n|detailschange|p2b: Chandelure|Chandelure-Mega, L50, M\n|-mega|p2b: Chandelure|Chandelure|Chandelurite\n|move|p2b: Chandelure|Heat Wave|p1a: Clefable|[spread] p1b\n|-miss|p2b: Chandelure|p1a: Clefable\n|-resisted|p1b: Incineroar|1\n|-damage|p1b: Incineroar|70/100\n|move|p1b: Incineroar|Snarl|p2a: Incineroar|[spread] p2a,p2b\n|-resisted|p2a: Incineroar|1\n|-supereffective|p2b: Chandelure|1\n|-damage|p2a: Incineroar|63/100\n|-damage|p2b: Chandelure|71/100\n|-unboost|p2a: Incineroar|spa|1\n|-unboost|p2b: Chandelure|spa|1\n|\n|-weather|SunnyDay|[upkeep]\n|-sideend|p2: HighasaMantyke|move: Tailwind\n|upkeep\n|turn|5\n|\n|t:|1776100374\n|move|p2b: Chandelure|Calm Mind|p2b: Chandelure\n|-boost|p2b: Chandelure|spa|1\n|-boost|p2b: Chandelure|spd|1\n|move|p2a: Incineroar|Throat Chop|p1b: Incineroar\n|-resisted|p1b: Incineroar|1\n|-damage|p1b: Incineroar|53/100\n|-start|p1b: Incineroar|Throat Chop|[silent]\n|move|p1a: Clefable|Heal Pulse|p1b: Incineroar\n|-heal|p1b: Incineroar|100/100\n|cant|p1b: Incineroar|move: Throat Chop\n|\n|-weather|SunnyDay|[upkeep]\n|upkeep\n|turn|6\n|\n|t:|1776100393\n|switch|p2a: Sneasler|Sneasler, L50, F|100/100\n|move|p2b: Chandelure|Calm Mind|p2b: Chandelure\n|-boost|p2b: Chandelure|spa|1\n|-boost|p2b: Chandelure|spd|1\n|move|p1a: Clefable|Moonblast|p2b: Chandelure\n|-resisted|p2b: Chandelure|1\n|-damage|p2b: Chandelure|54/100\n|move|p1b: Incineroar|Flare Blitz|p2b: Chandelure\n|-resisted|p2b: Chandelure|1\n|-damage|p2b: Chandelure|28/100\n|-damage|p1b: Incineroar|93/100|[from] Recoil\n|\n|-weather|none\n|-end|p1b: Incineroar|Throat Chop|[silent]\n|upkeep\n|turn|7\n|\n|t:|1776100417\n|move|p2b: Chandelure|Protect|p2b: Chandelure\n|-singleturn|p2b: Chandelure|Protect\n|move|p2a: Sneasler|Dire Claw|p1a: Clefable\n|-supereffective|p1a: Clefable|1\n|-damage|p1a: Clefable|13/100\n|-status|p1a: Clefable|psn\n|move|p1a: Clefable|Moonblast|p2a: Sneasler\n|-damage|p2a: Sneasler|60/100\n|move|p1b: Incineroar|Snarl|p2b: Chandelure|[spread] p2a\n|-activate|p2b: Chandelure|move: Protect\n|-resisted|p2a: Sneasler|1\n|-damage|p2a: Sneasler|53/100\n|-unboost|p2a: Sneasler|spa|1\n|-enditem|p2a: Sneasler|White Herb\n|-clearnegativeboost|p2a: Sneasler|[silent]\n|\n|-damage|p1a: Clefable|1/100 psn|[from] psn\n|upkeep\n|turn|8\n|\n|t:|1776100440\n|switch|p2b: Incineroar|Incineroar, L50, F|63/100\n|-ability|p2b: Incineroar|Intimidate|boost\n|-unboost|p1a: Clefable|atk|1\n|-unboost|p1b: Incineroar|atk|1\n|move|p1a: Clefable|Follow Me|p1a: Clefable\n|-singleturn|p1a: Clefable|move: Follow Me\n|move|p2a: Sneasler|Close Combat|p1a: Clefable\n|-resisted|p1a: Clefable|1\n|-damage|p1a: Clefable|0 fnt\n|-unboost|p2a: Sneasler|def|1\n|-unboost|p2a: Sneasler|spd|1\n|faint|p1a: Clefable\n|move|p1b: Incineroar|Parting Shot|p2b: Incineroar\n|-unboost|p2b: Incineroar|atk|1\n|-unboost|p2b: Incineroar|spa|1\n|\n|t:|1776100443\n|switch|p1b: Lucario|Lucario-Mega, L50, F|100/100|[from] Parting Shot\n|\n|upkeep\n|\n|t:|1776100445\n|switch|p1a: Incineroar|Incineroar, L50, M|93/100\n|-ability|p1a: Incineroar|Intimidate|boost\n|-unboost|p2a: Sneasler|atk|1\n|-unboost|p2b: Incineroar|atk|1\n|turn|9\n|inactive|HighasaMantyke has 30 seconds left.\n|\n|t:|1776100470\n|move|p2a: Sneasler|Protect|p2a: Sneasler\n|-singleturn|p2a: Sneasler|Protect\n|move|p2b: Incineroar|Fake Out|p1b: Lucario\n|-resisted|p1b: Lucario|1\n|-crit|p1b: Lucario\n|-damage|p1b: Lucario|89/100\n|move|p1a: Incineroar|Fake Out|p2a: Sneasler\n|-activate|p2a: Sneasler|move: Protect\n|cant|p1b: Lucario|flinch\n|\n|upkeep\n|turn|10\n|\n|t:|1776100487\n|move|p1b: Lucario|Bullet Punch|p2a: Sneasler\n|-damage|p2a: Sneasler|0 fnt\n|faint|p2a: Sneasler\n|move|p2b: Incineroar|Parting Shot|p1a: Incineroar\n|-unboost|p1a: Incineroar|atk|1\n|-unboost|p1a: Incineroar|spa|1\n|\n|t:|1776100499\n|switch|p2b: Whimsicott|Whimsicott, L50, M|100/100|[from] Parting Shot\n|move|p1a: Incineroar|Flare Blitz|p2b: Whimsicott\n|-supereffective|p2b: Whimsicott|1\n|-damage|p2b: Whimsicott|13/100\n|-damage|p1a: Incineroar|65/100|[from] Recoil\n|\n|upkeep\n|\n|t:|1776100506\n|switch|p2a: Incineroar|Incineroar, L50, F|63/100\n|-ability|p2a: Incineroar|Intimidate|boost\n|-unboost|p1a: Incineroar|atk|1\n|-unboost|p1b: Lucario|atk|1\n|turn|11\n|inactive|HighasaMantyke has 30 seconds left.\n|\n|t:|1776100532\n|move|p2a: Incineroar|Fake Out|p1b: Lucario\n|-resisted|p1b: Lucario|1\n|-damage|p1b: Lucario|81/100\n|move|p2b: Whimsicott|Tailwind|p2b: Whimsicott\n|-sidestart|p2: HighasaMantyke|move: Tailwind\n|cant|p1b: Lucario|flinch\n|move|p1a: Incineroar|Parting Shot|p2a: Incineroar\n|-unboost|p2a: Incineroar|atk|1\n|-unboost|p2a: Incineroar|spa|1\n|\n|upkeep\n|turn|12\n|inactive|autiorez has 30 seconds left.\n|\n|t:|1776100566\n|move|p2b: Whimsicott|Sunny Day|p2b: Whimsicott\n|-weather|SunnyDay\n|move|p1b: Lucario|Bullet Punch|p2b: Whimsicott\n|-supereffective|p2b: Whimsicott|1\n|-damage|p2b: Whimsicott|0 fnt\n|faint|p2b: Whimsicott\n|move|p2a: Incineroar|Flare Blitz|p1b: Lucario\n|-supereffective|p1b: Lucario|1\n|-damage|p1b: Lucario|0 fnt\n|faint|p1b: Lucario\n|-damage|p2a: Incineroar|44/100|[from] Recoil\n|-enditem|p2a: Incineroar|Sitrus Berry|[eat]\n|-heal|p2a: Incineroar|69/100|[from] item: Sitrus Berry\n|move|p1a: Incineroar|Parting Shot|p2a: Incineroar\n|-unboost|p2a: Incineroar|atk|1\n|-unboost|p2a: Incineroar|spa|1\n|\n|-weather|SunnyDay|[upkeep]\n|upkeep\n|\n|t:|1776100578\n|switch|p2b: Chandelure|Chandelure-Mega, L50, M|28/100\n|turn|13\n|\n|t:|1776100584\n|move|p2b: Chandelure|Protect|p2b: Chandelure\n|-singleturn|p2b: Chandelure|Protect\n|move|p2a: Incineroar|Throat Chop|p1a: Incineroar\n|-resisted|p1a: Incineroar|1\n|-damage|p1a: Incineroar|57/100\n|-start|p1a: Incineroar|Throat Chop|[silent]\n|cant|p1a: Incineroar|move: Throat Chop\n|\n|-weather|SunnyDay|[upkeep]\n|upkeep\n|turn|14\n|\n|t:|1776100595\n|move|p2b: Chandelure|Heat Wave|p1a: Incineroar\n|-resisted|p1a: Incineroar|1\n|-damage|p1a: Incineroar|19/100\n|-enditem|p1a: Incineroar|Sitrus Berry|[eat]\n|-heal|p1a: Incineroar|43/100|[from] item: Sitrus Berry\n|move|p2a: Incineroar|Parting Shot|p1a: Incineroar\n|-unboost|p1a: Incineroar|atk|1\n|-unboost|p1a: Incineroar|spa|1\n|move|p1a: Incineroar|Flare Blitz|p2b: Chandelure\n|-resisted|p2b: Chandelure|1\n|-damage|p2b: Chandelure|10/100\n|-damage|p1a: Incineroar|38/100|[from] Recoil\n|\n|-weather|SunnyDay|[upkeep]\n|-end|p1a: Incineroar|Throat Chop|[silent]\n|-sideend|p2: HighasaMantyke|move: Tailwind\n|upkeep\n|turn|15\n|c|\u2606autiorez|team so insistent on setting up for a shit mega\n|-message|autiorez forfeited.\n|\n|win|HighasaMantyke\n|raw|autiorez's rating: 1092 &rarr; <strong>1070</strong><br />(-22 for losing)\n|raw|HighasaMantyke's rating: 1118 &rarr; <strong>1141</strong><br />(+23 for winning)\n|l|\u2606autiorez\n|player|p1|\n",
  "uploadtime": 1776100650,
  "views": 19,
  "formatid": "gen9championsvgc2026regma",
  "rating": 1070,
  "private": 0,
  "password": null
}