{
  "id": "gen9championsvgc2026regma-2580473968",
  "format": "[Gen 9 Champions] VGC 2026 Reg M-A",
  "players": [
    "Burgp",
    "crazymark"
  ],
  "log": "|j|\u2606Burgp\n|j|\u2606crazymark\n|t:|1775901878\n|gametype|doubles\n|player|p1|Burgp|101|1000\n|player|p2|crazymark|102|1000\n|gen|9\n|tier|[Gen 9 Champions] VGC 2026 Reg M-A\n|rated|\n|rule|Species Clause: Limit one of each Pok\u00e9mon\n|rule|Item Clause: Limit 1 of each item\n|clearpoke\n|poke|p1|Dragonite, L50, F|\n|poke|p1|Whimsicott, L50, F|\n|poke|p1|Incineroar, L50, F|\n|poke|p1|Kingambit, L50, M|\n|poke|p1|Raichu, L50, F|\n|poke|p1|Gengar, L50, F|\n|poke|p2|Pelipper, L50, M|\n|poke|p2|Basculegion, L50, M|\n|poke|p2|Jolteon, L50, M|\n|poke|p2|Lucario, L50, M|\n|poke|p2|Incineroar, L50, M|\n|poke|p2|Farigiraf, L50, F|\n|teampreview|4\n|\n|t:|1775901926\n|teamsize|p1|4\n|teamsize|p2|4\n|start\n|switch|p1a: Whimsicott|Whimsicott, L50, F|100/100\n|switch|p1b: Dragonite|Dragonite, L50, F|100/100\n|switch|p2a: Basculegion|Basculegion, L50, M|100/100\n|switch|p2b: Jolteon|Jolteon, L50, M|100/100\n|turn|1\n|\n|t:|1775901959\n|move|p2b: Jolteon|Electroweb|p1b: Dragonite|[spread] p1a,p1b\n|-resisted|p1a: Whimsicott|1\n|-damage|p1a: Whimsicott|87/100\n|-damage|p1b: Dragonite|91/100\n|-unboost|p1a: Whimsicott|spe|1\n|-unboost|p1b: Dragonite|spe|1\n|move|p2a: Basculegion|Wave Crash|p1a: Whimsicott\n|-resisted|p1a: Whimsicott|1\n|-damage|p1a: Whimsicott|51/100\n|-damage|p2a: Basculegion|91/100|[from] Recoil\n|move|p1a: Whimsicott|Moonblast|p2b: Jolteon\n|-damage|p2b: Jolteon|67/100\n|move|p1b: Dragonite|Dragon Pulse|p2b: Jolteon\n|-damage|p2b: Jolteon|9/100\n|\n|upkeep\n|turn|2\n|\n|t:|1775901976\n|move|p1b: Dragonite|Protect|p1b: Dragonite\n|-singleturn|p1b: Dragonite|Protect\n|move|p1a: Whimsicott|Tailwind|p1a: Whimsicott\n|-sidestart|p1: Burgp|move: Tailwind\n|move|p2b: Jolteon|Electroweb|p1a: Whimsicott|[spread] p1a\n|-activate|p1b: Dragonite|move: Protect\n|-resisted|p1a: Whimsicott|1\n|-damage|p1a: Whimsicott|38/100\n|-unboost|p1a: Whimsicott|spe|1\n|move|p2a: Basculegion|Last Respects|p1a: Whimsicott\n|-damage|p1a: Whimsicott|14/100\n|\n|upkeep\n|turn|3\n|\n|t:|1775901999\n|move|p1a: Whimsicott|Protect|p1a: Whimsicott\n|-singleturn|p1a: Whimsicott|Protect\n|move|p2a: Basculegion|Protect|p2a: Basculegion\n|-singleturn|p2a: Basculegion|Protect\n|move|p2b: Jolteon|Electroweb|p1b: Dragonite|[spread] \n|-activate|p1a: Whimsicott|move: Protect\n|-miss|p2b: Jolteon|p1b: Dragonite\n|move|p1b: Dragonite|Dragon Pulse|p2b: Jolteon\n|-damage|p2b: Jolteon|0 fnt\n|faint|p2b: Jolteon\n|\n|upkeep\n|\n|t:|1775902010\n|switch|p2b: Lucario|Lucario, L50, M|100/100\n|turn|4\n|\n|t:|1775902027\n|switch|p2a: Pelipper|Pelipper, L50, M|100/100\n|-weather|RainDance|[from] ability: Drizzle|[of] p2a: Pelipper\n|move|p2b: Lucario|Protect|p2b: Lucario\n|-singleturn|p2b: Lucario|Protect\n|move|p1b: Dragonite|Draco Meteor|p2a: Pelipper\n|-enditem|p2a: Pelipper|Focus Sash\n|-damage|p2a: Pelipper|1/100\n|-unboost|p1b: Dragonite|spa|2\n|move|p1a: Whimsicott|Moonblast|p2b: Lucario\n|-activate|p2b: Lucario|move: Protect\n|\n|-weather|RainDance|[upkeep]\n|upkeep\n|turn|5\n|\n|t:|1775902049\n|detailschange|p2b: Lucario|Lucario-Mega, L50, M\n|-mega|p2b: Lucario|Lucario|Lucarionite\n|move|p1a: Whimsicott|Encore|p2b: Lucario\n|-start|p2b: Lucario|Encore\n|move|p2b: Lucario|Protect||[still]\n|-fail|p2b: Lucario\n|move|p1b: Dragonite|Ice Beam|p2a: Pelipper\n|-damage|p2a: Pelipper|0 fnt\n|faint|p2a: Pelipper\n|\n|-weather|RainDance|[upkeep]\n|-sideend|p1: Burgp|move: Tailwind\n|upkeep\n|-message|crazymark forfeited.\n|\n|win|Burgp\n|raw|Burgp's rating: 1000 &rarr; <strong>1040</strong><br />(+40 for winning)\n|raw|crazymark's rating: 1000 &rarr; <strong>1000</strong><br />(+0 for losing)\n|l|\u2606crazymark\n|player|p2|\n|l|\u2606Burgp\n|player|p1|\n",
  "uploadtime": 1775902885,
  "views": 24,
  "formatid": "gen9championsvgc2026regma",
  "rating": 1000,
  "private": 0,
  "password": null
}