{
  "id": "gen9championsvgc2026regma-2581292382",
  "format": "[Gen 9 Champions] VGC 2026 Reg M-A",
  "players": [
    "Chuggdot",
    "scottnitar"
  ],
  "log": "|j|\u2606Chuggdot\n|j|\u2606scottnitar\n|t:|1775982325\n|gametype|doubles\n|player|p1|Chuggdot|102|1267\n|player|p2|scottnitar|101|1252\n|gen|9\n|tier|[Gen 9 Champions] VGC 2026 Reg M-A\n|rated|\n|rule|Species Clause: Limit one of each Pok\u00e9mon\n|rule|Item Clause: Limit 1 of each item\n|clearpoke\n|poke|p1|Empoleon, L50, M|\n|poke|p1|Sinistcha, L50|\n|poke|p1|Incineroar, L50, F|\n|poke|p1|Floette-Eternal, L50, F|\n|poke|p1|Aerodactyl, L50, M|\n|poke|p1|Mamoswine, L50, F|\n|poke|p2|Charizard, L50, F|\n|poke|p2|Venusaur, L50, M|\n|poke|p2|Garchomp, L50, M|\n|poke|p2|Milotic, L50, M|\n|poke|p2|Incineroar, L50, M|\n|poke|p2|Sneasler, L50, F|\n|teampreview|4\n|inactive|Battle timer is ON: inactive players will automatically lose when time's up. (requested by Chuggdot)\n|j| gE1xjZRtuhW2DdT0AK\n|inactive|Chuggdot has 60 seconds left.\n|inactive|scottnitar has 60 seconds left.\n|inactive|scottnitar has 30 seconds left.\n|inactive|scottnitar has 20 seconds left.\n|inactive|scottnitar has 15 seconds left.\n|inactive|scottnitar has 10 seconds left.\n|inactive|scottnitar has 5 seconds left.\n|\n|t:|1775982415\n|teamsize|p1|4\n|teamsize|p2|4\n|start\n|switch|p1a: Incineroar|Incineroar, L50, F|100/100\n|switch|p1b: Aerodactyl|Aerodactyl, L50, M|100/100\n|switch|p2a: Charizard|Charizard, L50, F, shiny|100/100\n|switch|p2b: Venusaur|Venusaur, L50, M, shiny|100/100\n|-ability|p1b: Aerodactyl|Unnerve\n|-ability|p1a: Incineroar|Intimidate|boost\n|-unboost|p2a: Charizard|atk|1\n|-unboost|p2b: Venusaur|atk|1\n|turn|1\n|inactive|scottnitar has 30 seconds left.\n|inactive|scottnitar has 20 seconds left.\n|inactive|scottnitar has 15 seconds left.\n|inactive|scottnitar has 10 seconds left.\n|inactive|scottnitar has 5 seconds left.\n|\n|t:|1775982466\n|move|p2a: Charizard|Protect|p2a: Charizard\n|-singleturn|p2a: Charizard|Protect\n|move|p2b: Venusaur|Protect|p2b: Venusaur\n|-singleturn|p2b: Venusaur|Protect\n|move|p1a: Incineroar|Fake Out|p2b: Venusaur\n|-activate|p2b: Venusaur|move: Protect\n|move|p1b: Aerodactyl|Tailwind|p1b: Aerodactyl\n|-sidestart|p1: Chuggdot|move: Tailwind\n|\n|upkeep\n|turn|2\n|inactive|scottnitar has 30 seconds left.\n|\n|t:|1775982495\n|switch|p2a: Sneasler|Sneasler, L50, F|100/100\n|switch|p2b: Milotic|Milotic, L50, M, shiny|100/100\n|move|p1b: Aerodactyl|Rock Slide|p2a: Sneasler|[spread] p2a,p2b\n|-resisted|p2a: Sneasler|1\n|-damage|p2a: Sneasler|80/100\n|-damage|p2b: Milotic|78/100\n|move|p1a: Incineroar|Flare Blitz|p2b: Milotic\n|-resisted|p2b: Milotic|1\n|-damage|p2b: Milotic|58/100\n|-status|p2b: Milotic|brn\n|-damage|p1a: Incineroar|93/100|[from] Recoil\n|\n|-heal|p2b: Milotic|64/100 brn|[from] item: Leftovers\n|-damage|p2b: Milotic|58/100 brn|[from] brn\n|upkeep\n|turn|3\n|inactive|scottnitar has 30 seconds left.\n|\n|t:|1775982527\n|switch|p1a: Sinistcha|Sinistcha, L50|100/100\n|move|p1b: Aerodactyl|Protect|p1b: Aerodactyl\n|-singleturn|p1b: Aerodactyl|Protect\n|move|p2a: Sneasler|Fake Out|p1b: Aerodactyl\n|-activate|p1b: Aerodactyl|move: Protect\n|move|p2b: Milotic|Scald|p1b: Aerodactyl\n|-activate|p1b: Aerodactyl|move: Protect\n|\n|-heal|p2b: Milotic|64/100 brn|[from] item: Leftovers\n|-damage|p2b: Milotic|58/100 brn|[from] brn\n|upkeep\n|turn|4\n|inactive|scottnitar has 30 seconds left.\n|inactive|scottnitar has 20 seconds left.\n|inactive|scottnitar has 15 seconds left.\n|inactive|scottnitar has 10 seconds left.\n|\n|t:|1775982576\n|move|p2a: Sneasler|Protect|p2a: Sneasler\n|-singleturn|p2a: Sneasler|Protect\n|move|p1a: Sinistcha|Rage Powder|p1a: Sinistcha\n|-singleturn|p1a: Sinistcha|move: Rage Powder\n|move|p1b: Aerodactyl|Dual Wingbeat|p2a: Sneasler\n|-activate|p2a: Sneasler|move: Protect\n|move|p2b: Milotic|Scald|p1a: Sinistcha\n|-resisted|p1a: Sinistcha|1\n|-damage|p1a: Sinistcha|84/100\n|\n|-heal|p2b: Milotic|64/100 brn|[from] item: Leftovers\n|-damage|p2b: Milotic|58/100 brn|[from] brn\n|-sideend|p1: Chuggdot|move: Tailwind\n|upkeep\n|turn|5\n|inactive|scottnitar has 30 seconds left.\n|inactive|scottnitar has 20 seconds left.\n|inactive|scottnitar has 15 seconds left.\n|inactive|scottnitar has 10 seconds left.\n|\n|t:|1775982624\n|move|p1a: Sinistcha|Rage Powder|p1a: Sinistcha\n|-singleturn|p1a: Sinistcha|move: Rage Powder\n|move|p1b: Aerodactyl|Dual Wingbeat|p2a: Sneasler\n|-supereffective|p2a: Sneasler|1\n|-damage|p2a: Sneasler|13/100\n|-supereffective|p2a: Sneasler|1\n|-damage|p2a: Sneasler|0 fnt\n|faint|p2a: Sneasler\n|-hitcount|p2: Sneasler|2\n|move|p2b: Milotic|Scald|p1a: Sinistcha\n|-resisted|p1a: Sinistcha|1\n|-damage|p1a: Sinistcha|69/100\n|-status|p1a: Sinistcha|brn\n|\n|-heal|p2b: Milotic|64/100 brn|[from] item: Leftovers\n|-damage|p2b: Milotic|58/100 brn|[from] brn\n|-damage|p1a: Sinistcha|63/100 brn|[from] brn\n|upkeep\n|inactive|scottnitar has 30 seconds left.\n|\n|t:|1775982657\n|switch|p2a: Venusaur|Venusaur, L50, M, shiny|100/100\n|turn|6\n|\n|t:|1775982664\n|move|p1a: Sinistcha|Rage Powder|p1a: Sinistcha\n|-singleturn|p1a: Sinistcha|move: Rage Powder\n|move|p1b: Aerodactyl|Tailwind|p1b: Aerodactyl\n|-sidestart|p1: Chuggdot|move: Tailwind\n|move|p2a: Venusaur|Sludge Bomb|p1a: Sinistcha\n|-damage|p1a: Sinistcha|20/100 brn\n|-enditem|p1a: Sinistcha|Sitrus Berry|[eat]\n|-heal|p1a: Sinistcha|45/100 brn|[from] item: Sitrus Berry\n|move|p2b: Milotic|Ice Beam|p1a: Sinistcha\n|-supereffective|p1a: Sinistcha|1\n|-damage|p1a: Sinistcha|0 fnt\n|faint|p1a: Sinistcha\n|\n|-heal|p2b: Milotic|64/100 brn|[from] item: Leftovers\n|-damage|p2b: Milotic|58/100 brn|[from] brn\n|upkeep\n|\n|t:|1775982674\n|switch|p1a: Incineroar|Incineroar, L50, F|93/100\n|-ability|p1a: Incineroar|Intimidate|boost\n|-unboost|p2a: Venusaur|atk|1\n|-unboost|p2b: Milotic|atk|1\n|-ability|p2b: Milotic|Competitive|boost\n|-boost|p2b: Milotic|spa|2\n|turn|7\n|\n|t:|1775982693\n|move|p2a: Venusaur|Protect|p2a: Venusaur\n|-singleturn|p2a: Venusaur|Protect\n|move|p2b: Milotic|Protect|p2b: Milotic\n|-singleturn|p2b: Milotic|Protect\n|move|p1b: Aerodactyl|Dual Wingbeat|p2b: Milotic\n|-activate|p2b: Milotic|move: Protect\n|move|p1a: Incineroar|Darkest Lariat|p2b: Milotic\n|-activate|p2b: Milotic|move: Protect\n|\n|-heal|p2b: Milotic|64/100 brn|[from] item: Leftovers\n|-damage|p2b: Milotic|58/100 brn|[from] brn\n|upkeep\n|turn|8\n|\n|t:|1775982711\n|switch|p2a: Charizard|Charizard, L50, F, shiny|100/100\n|move|p1b: Aerodactyl|Dual Wingbeat|p2a: Charizard\n|-damage|p2a: Charizard|77/100\n|-damage|p2a: Charizard|51/100\n|-hitcount|p2a: Charizard|2\n|move|p1a: Incineroar|Darkest Lariat|p2b: Milotic\n|-damage|p2b: Milotic|28/100 brn\n|move|p2b: Milotic|Scald|p1b: Aerodactyl\n|-supereffective|p1b: Aerodactyl|1\n|-enditem|p1b: Aerodactyl|Focus Sash\n|-damage|p1b: Aerodactyl|1/100\n|\n|-heal|p2b: Milotic|34/100 brn|[from] item: Leftovers\n|-damage|p2b: Milotic|28/100 brn|[from] brn\n|upkeep\n|turn|9\n|inactive|scottnitar has 30 seconds left.\n|inactive|scottnitar has 20 seconds left.\n|inactive|scottnitar has 15 seconds left.\n|inactive|scottnitar has 10 seconds left.\n|\n|t:|1775982758\n|switch|p2b: Venusaur|Venusaur, L50, M, shiny|100/100\n|move|p2a: Charizard|Protect|p2a: Charizard\n|-singleturn|p2a: Charizard|Protect\n|move|p1b: Aerodactyl|Rock Slide|p2b: Venusaur|[spread] p2b\n|-activate|p2a: Charizard|move: Protect\n|-crit|p2b: Venusaur\n|-damage|p2b: Venusaur|56/100\n|move|p1a: Incineroar|Darkest Lariat|p2b: Venusaur\n|-damage|p2b: Venusaur|9/100\n|\n|-sideend|p1: Chuggdot|move: Tailwind\n|upkeep\n|turn|10\n|inactive|scottnitar has 30 seconds left.\n|inactive|Chuggdot has 30 seconds left.\n|inactive|Chuggdot has 20 seconds left.\n|inactive|scottnitar has 20 seconds left.\n|inactive|Chuggdot has 15 seconds left.\n|inactive|scottnitar has 15 seconds left.\n|inactive|scottnitar has 10 seconds left.\n|inactive|scottnitar has 5 seconds left.\n|\n|t:|1775982822\n|detailschange|p2a: Charizard|Charizard-Mega-Y, L50, F, shiny\n|-mega|p2a: Charizard|Charizard|Charizardite Y\n|-weather|SunnyDay|[from] ability: Drought|[of] p2a: Charizard\n|move|p2b: Venusaur|Protect|p2b: Venusaur\n|-singleturn|p2b: Venusaur|Protect\n|move|p1b: Aerodactyl|Rock Slide|p2b: Venusaur|[spread] p2a\n|-activate|p2b: Venusaur|move: Protect\n|-supereffective|p2a: Charizard|2\n|-damage|p2a: Charizard|0 fnt\n|faint|p2a: Charizard\n|move|p1a: Incineroar|Darkest Lariat|p2b: Venusaur\n|-activate|p2b: Venusaur|move: Protect\n|\n|-weather|SunnyDay|[upkeep]\n|upkeep\n|\n|t:|1775982835\n|switch|p2a: Milotic|Milotic, L50, M, shiny|28/100 brn\n|turn|11\n|\n|t:|1775982860\n|move|p2b: Venusaur|Sludge Bomb|p1b: Aerodactyl\n|-resisted|p1b: Aerodactyl|1\n|-damage|p1b: Aerodactyl|0 fnt\n|faint|p1b: Aerodactyl\n|move|p2a: Milotic|Recover|p2a: Milotic\n|-heal|p2a: Milotic|78/100 brn\n|move|p1a: Incineroar|Darkest Lariat|p2b: Venusaur\n|-damage|p2b: Venusaur|0 fnt\n|faint|p2b: Venusaur\n|\n|-weather|SunnyDay|[upkeep]\n|-heal|p2a: Milotic|84/100 brn|[from] item: Leftovers\n|-damage|p2a: Milotic|78/100 brn|[from] brn\n|upkeep\n|\n|t:|1775982871\n|switch|p1b: Floette|Floette-Eternal, L50, F|100/100\n|turn|12\n|inactive|scottnitar has 30 seconds left.\n|inactive|scottnitar has 20 seconds left.\n|inactive|scottnitar has 15 seconds left.\n|inactive|scottnitar has 10 seconds left.\n|\n|t:|1775982901\n|detailschange|p1b: Floette|Floette-Mega, L50, F\n|-mega|p1b: Floette|Floette|Floettite\n|-ability|p1b: Floette|Fairy Aura\n|move|p2a: Milotic|Protect|p2a: Milotic\n|-singleturn|p2a: Milotic|Protect\n|move|p1b: Floette|Calm Mind|p1b: Floette\n|-boost|p1b: Floette|spa|1\n|-boost|p1b: Floette|spd|1\n|move|p1a: Incineroar|Darkest Lariat|p2a: Milotic\n|-activate|p2a: Milotic|move: Protect\n|\n|-weather|SunnyDay|[upkeep]\n|-heal|p2a: Milotic|84/100 brn|[from] item: Leftovers\n|-damage|p2a: Milotic|78/100 brn|[from] brn\n|upkeep\n|turn|13\n|inactive|scottnitar has 10 seconds left this turn.\n|inactive|scottnitar has 5 seconds left.\n|-message|scottnitar lost due to inactivity.\n|\n|win|Chuggdot\n|raw|Chuggdot's rating: 1267 &rarr; <strong>1291</strong><br />(+24 for winning)\n|raw|scottnitar's rating: 1252 &rarr; <strong>1228</strong><br />(-24 for losing)\n",
  "uploadtime": 1775982915,
  "views": 30,
  "formatid": "gen9championsvgc2026regma",
  "rating": 1228,
  "private": 0,
  "password": null
}