{
  "id": "gen9championsvgc2026regma-2585817636",
  "format": "[Gen 9 Champions] VGC 2026 Reg M-A",
  "players": [
    "MegaPoblano",
    "Lord Lorcrux"
  ],
  "log": "|j|\u2606MegaPoblano\n|j|\u2606Lord Lorcrux\n|t:|1776372849\n|gametype|doubles\n|player|p1|MegaPoblano|red|1318\n|player|p2|Lord Lorcrux|roughneck|1289\n|gen|9\n|tier|[Gen 9 Champions] VGC 2026 Reg M-A\n|rated|\n|rule|Species Clause: Limit one of each Pok\u00e9mon\n|rule|Item Clause: Limit 1 of each item\n|clearpoke\n|poke|p1|Scovillain, L50, M|\n|poke|p1|Aerodactyl, L50, F|\n|poke|p1|Garchomp, L50, F|\n|poke|p1|Sneasler, L50, M|\n|poke|p1|Sinistcha, L50|\n|poke|p1|Primarina, L50, M|\n|poke|p2|Charizard, L50, M|\n|poke|p2|Whimsicott, L50, M|\n|poke|p2|Sneasler, L50, M|\n|poke|p2|Rotom-Wash, L50|\n|poke|p2|Garchomp, L50, F|\n|poke|p2|Incineroar, L50, F|\n|teampreview|4\n|\n|t:|1776372907\n|teamsize|p1|4\n|teamsize|p2|4\n|start\n|switch|p1a: Sneasler|Sneasler, L50, M|100/100\n|switch|p1b: Aerodactyl|Aerodactyl, L50, F|100/100\n|switch|p2a: Charizard|Charizard, L50, M|100/100\n|switch|p2b: Whimsicott|Whimsicott, L50, M|100/100\n|-ability|p1b: Aerodactyl|Unnerve\n|turn|1\n|l|\u2606MegaPoblano\n|player|p1|\n|j|\u2606MegaPoblano\n|player|p1|MegaPoblano|red|\n|\n|t:|1776372939\n|switch|p2b: Garchomp|Garchomp, L50, F|100/100\n|detailschange|p2a: Charizard|Charizard-Mega-Y, L50, M\n|-mega|p2a: Charizard|Charizard|Charizardite Y\n|-weather|SunnyDay|[from] ability: Drought|[of] p2a: Charizard\n|move|p1b: Aerodactyl|Tailwind|p1b: Aerodactyl\n|-sidestart|p1: MegaPoblano|move: Tailwind\n|move|p1a: Sneasler|Close Combat|p2b: Garchomp\n|-damage|p2b: Garchomp|34/100\n|-unboost|p1a: Sneasler|def|1\n|-unboost|p1a: Sneasler|spd|1\n|-damage|p1a: Sneasler|88/100|[from] ability: Rough Skin|[of] p2b: Garchomp\n|-enditem|p1a: Sneasler|White Herb\n|-clearnegativeboost|p1a: Sneasler|[silent]\n|move|p2a: Charizard|Heat Wave|p1b: Aerodactyl|[spread] p1a,p1b\n|-resisted|p1b: Aerodactyl|1\n|-damage|p1a: Sneasler|0 fnt\n|-damage|p1b: Aerodactyl|54/100\n|faint|p1a: Sneasler\n|\n|-weather|SunnyDay|[upkeep]\n|upkeep\n|\n|t:|1776372946\n|switch|p1a: Primarina|Primarina, L50, M|100/100\n|turn|2\n|\n|t:|1776372965\n|move|p2a: Charizard|Protect|p2a: Charizard\n|-singleturn|p2a: Charizard|Protect\n|move|p1b: Aerodactyl|Rock Slide|p2b: Garchomp|[spread] p2b\n|-activate|p2a: Charizard|move: Protect\n|-resisted|p2b: Garchomp|1\n|-damage|p2b: Garchomp|22/100\n|cant|p2b: Garchomp|flinch\n|move|p1a: Primarina|Calm Mind|p1a: Primarina\n|-boost|p1a: Primarina|spa|1\n|-boost|p1a: Primarina|spd|1\n|\n|-weather|SunnyDay|[upkeep]\n|upkeep\n|turn|3\n|\n|t:|1776372986\n|switch|p2a: Rotom|Rotom-Wash, L50|100/100\n|move|p1b: Aerodactyl|Rock Slide|p2b: Garchomp|[spread] p2a,p2b\n|-resisted|p2b: Garchomp|1\n|-damage|p2a: Rotom|75/100\n|-damage|p2b: Garchomp|10/100\n|move|p2b: Garchomp|Rock Slide|p1a: Primarina|[spread] p1a,p1b\n|-supereffective|p1b: Aerodactyl|1\n|-damage|p1a: Primarina|75/100\n|-damage|p1b: Aerodactyl|0 fnt\n|faint|p1b: Aerodactyl\n|cant|p1a: Primarina|flinch\n|\n|-weather|SunnyDay|[upkeep]\n|-heal|p1a: Primarina|81/100|[from] item: Leftovers\n|upkeep\n|\n|t:|1776372998\n|switch|p1b: Garchomp|Garchomp, L50, F|100/100\n|turn|4\n|\n|t:|1776373019\n|move|p2a: Rotom|Protect|p2a: Rotom\n|-singleturn|p2a: Rotom|Protect\n|move|p1b: Garchomp|Dragon Claw|p2b: Garchomp\n|-supereffective|p2b: Garchomp|1\n|-damage|p2b: Garchomp|0 fnt\n|-damage|p1b: Garchomp|88/100|[from] ability: Rough Skin|[of] p2b: Garchomp\n|faint|p2b: Garchomp\n|move|p1a: Primarina|Moonblast|p2a: Rotom\n|-activate|p2a: Rotom|move: Protect\n|\n|-weather|SunnyDay|[upkeep]\n|-heal|p1a: Primarina|87/100|[from] item: Leftovers\n|-sideend|p1: MegaPoblano|move: Tailwind\n|upkeep\n|\n|t:|1776373031\n|switch|p2b: Whimsicott|Whimsicott, L50, M|100/100\n|turn|5\n|\n|t:|1776373042\n|move|p2b: Whimsicott|Tailwind|p2b: Whimsicott\n|-sidestart|p2: Lord Lorcrux|move: Tailwind\n|move|p2a: Rotom|Volt Switch|p1a: Primarina\n|-supereffective|p1a: Primarina|1\n|-damage|p1a: Primarina|42/100\n|\n|t:|1776373048\n|switch|p2a: Charizard|Charizard-Mega-Y, L50, M|100/100|[from] Volt Switch\n|move|p1b: Garchomp|Rock Slide|p2b: Whimsicott|[spread] p2a,p2b\n|-supereffective|p2a: Charizard|2\n|-damage|p2a: Charizard|9/100\n|-damage|p2b: Whimsicott|71/100\n|move|p1a: Primarina|Moonblast|p2b: Whimsicott\n|-damage|p2b: Whimsicott|0 fnt\n|faint|p2b: Whimsicott\n|\n|-weather|none\n|-heal|p1a: Primarina|48/100|[from] item: Leftovers\n|upkeep\n|\n|t:|1776373057\n|switch|p2b: Rotom|Rotom-Wash, L50|75/100\n|turn|6\n|\n|t:|1776373078\n|move|p1b: Garchomp|Protect|p1b: Garchomp\n|-singleturn|p1b: Garchomp|Protect\n|move|p1a: Primarina|Protect|p1a: Primarina\n|-singleturn|p1a: Primarina|Protect\n|move|p2a: Charizard|Heat Wave|p1b: Garchomp|[spread] \n|-activate|p1a: Primarina|move: Protect\n|-activate|p1b: Garchomp|move: Protect\n|move|p2b: Rotom|Hydro Pump|p1b: Garchomp\n|-activate|p1b: Garchomp|move: Protect\n|\n|-heal|p1a: Primarina|54/100|[from] item: Leftovers\n|upkeep\n|turn|7\n|\n|t:|1776373108\n|move|p2a: Charizard|Weather Ball|p1a: Primarina\n|-damage|p1a: Primarina|41/100\n|move|p2b: Rotom|Volt Switch|p1a: Primarina\n|-supereffective|p1a: Primarina|1\n|-damage|p1a: Primarina|2/100\n|move|p1b: Garchomp|Dragon Claw|p2b: Rotom\n|-damage|p2b: Rotom|33/100\n|-enditem|p2b: Rotom|Sitrus Berry|[eat]\n|-heal|p2b: Rotom|58/100|[from] item: Sitrus Berry\n|move|p1a: Primarina|Hyper Voice|p2b: Rotom|[spread] p2a,p2b\n|-supereffective|p2a: Charizard|1\n|-resisted|p2b: Rotom|1\n|-crit|p2b: Rotom\n|-damage|p2a: Charizard|0 fnt\n|-damage|p2b: Rotom|16/100\n|faint|p2a: Charizard\n|\n|-heal|p1a: Primarina|8/100|[from] item: Leftovers\n|upkeep\n|turn|8\n|-message|Lord Lorcrux forfeited.\n|\n|win|MegaPoblano\n|raw|MegaPoblano's rating: 1318 &rarr; <strong>1336</strong><br />(+18 for winning)\n|raw|Lord Lorcrux's rating: 1289 &rarr; <strong>1266</strong><br />(-23 for losing)\n",
  "uploadtime": 1776373126,
  "views": 43,
  "formatid": "gen9championsvgc2026regma",
  "rating": 1266,
  "private": 0,
  "password": null
}