{
  "id": "gen9championsvgc2026regma-2586594380",
  "format": "[Gen 9 Champions] VGC 2026 Reg M-A",
  "players": [
    "PyProd.",
    "sdfpiuou"
  ],
  "log": "|j|\u2606PyProd.\n|j|\u2606sdfpiuou\n|t:|1776445538\n|gametype|doubles\n|player|p1|PyProd.|#lcplxiskittycommittee|1149\n|player|p2|sdfpiuou|1|1221\n|gen|9\n|tier|[Gen 9 Champions] VGC 2026 Reg M-A\n|rated|\n|rule|Species Clause: Limit one of each Pok\u00e9mon\n|rule|Item Clause: Limit 1 of each item\n|clearpoke\n|poke|p1|Basculegion, L50, M|\n|poke|p1|Kingambit, L50, M|\n|poke|p1|Maushold, L50|\n|poke|p1|Sneasler, L50, F|\n|poke|p1|Floette-Eternal, L50, F|\n|poke|p1|Pelipper, L50, F|\n|poke|p2|Whimsicott, L50, F|\n|poke|p2|Rotom-Wash, L50|\n|poke|p2|Typhlosion, L50, M|\n|poke|p2|Farigiraf, L50, F|\n|poke|p2|Floette-Eternal, L50, F|\n|poke|p2|Excadrill, L50, F|\n|teampreview|4\n|inactive|Battle timer is ON: inactive players will automatically lose when time's up. (requested by sdfpiuou)\n|inactive|PyProd. has 60 seconds left.\n|\n|t:|1776445583\n|teamsize|p1|4\n|teamsize|p2|4\n|start\n|switch|p1a: Pelipper|Pelipper, L50, F|100/100\n|switch|p1b: Basculegion|Basculegion, L50, M|100/100\n|switch|p2a: Rotom|Rotom-Wash, L50|100/100\n|switch|p2b: Typhlosion|Typhlosion, L50, M|100/100\n|-weather|RainDance|[from] ability: Drizzle|[of] p1a: Pelipper\n|turn|1\n|\n|t:|1776445603\n|switch|p2b: Whimsicott|Whimsicott, L50, F|100/100\n|move|p1b: Basculegion|Flip Turn|p2a: Rotom\n|-resisted|p2a: Rotom|1\n|-damage|p2a: Rotom|74/100\n|\n|t:|1776445608\n|switch|p1b: Floette|Floette-Eternal, L50, F|100/100|[from] Flip Turn\n|move|p1a: Pelipper|Tailwind|p1a: Pelipper\n|-sidestart|p1: PyProd.|move: Tailwind\n|move|p2a: Rotom|Electroweb|p1b: Floette|[spread] p1b\n|-miss|p2a: Rotom|p1a: Pelipper\n|-damage|p1b: Floette|83/100\n|-unboost|p1b: Floette|spe|1\n|\n|-weather|RainDance|[upkeep]\n|upkeep\n|turn|2\n|\n|t:|1776445630\n|detailschange|p1b: Floette|Floette-Mega, L50, F\n|-mega|p1b: Floette|Floette|Floettite\n|-ability|p1b: Floette|Fairy Aura\n|move|p1a: Pelipper|Hurricane|p2b: Whimsicott\n|-supereffective|p2b: Whimsicott|1\n|-enditem|p2b: Whimsicott|Focus Sash\n|-damage|p2b: Whimsicott|1/100\n|-start|p2b: Whimsicott|confusion\n|move|p1b: Floette|Calm Mind|p1b: Floette\n|-boost|p1b: Floette|spa|1\n|-boost|p1b: Floette|spd|1\n|-activate|p2b: Whimsicott|confusion\n|move|p2b: Whimsicott|Moonblast|p1b: Floette\n|-damage|p1b: Floette|54/100\n|move|p2a: Rotom|Electroweb|p1a: Pelipper|[spread] p1a,p1b\n|-supereffective|p1a: Pelipper|2\n|-enditem|p1a: Pelipper|Focus Sash\n|-damage|p1a: Pelipper|1/100\n|-damage|p1b: Floette|44/100\n|-unboost|p1a: Pelipper|spe|1\n|-unboost|p1b: Floette|spe|1\n|\n|-weather|RainDance|[upkeep]\n|upkeep\n|turn|3\n|\n|t:|1776445651\n|switch|p1a: Sneasler|Sneasler, L50, F|100/100\n|-activate|p2b: Whimsicott|confusion\n|move|p2b: Whimsicott|Protect|p2b: Whimsicott\n|-singleturn|p2b: Whimsicott|Protect\n|move|p1b: Floette|Protect|p1b: Floette\n|-singleturn|p1b: Floette|Protect\n|move|p2a: Rotom|Electroweb|p1a: Sneasler|[spread] p1a\n|-activate|p1b: Floette|move: Protect\n|-damage|p1a: Sneasler|76/100\n|-unboost|p1a: Sneasler|spe|1\n|-enditem|p1a: Sneasler|White Herb\n|-clearnegativeboost|p1a: Sneasler|[silent]\n|\n|-weather|RainDance|[upkeep]\n|upkeep\n|turn|4\n|\n|t:|1776445672\n|switch|p2b: Typhlosion|Typhlosion, L50, M|100/100\n|move|p1a: Sneasler|Fake Out|p2a: Rotom\n|-damage|p2a: Rotom|58/100\n|move|p1b: Floette|Dazzling Gleam|p2a: Rotom|[spread] p2a,p2b\n|-resisted|p2b: Typhlosion|1\n|-damage|p2a: Rotom|0 fnt\n|-damage|p2b: Typhlosion|57/100\n|faint|p2a: Rotom\n|\n|-weather|RainDance|[upkeep]\n|-sideend|p1: PyProd.|move: Tailwind\n|upkeep\n|\n|t:|1776445683\n|switch|p2a: Whimsicott|Whimsicott, L50, F|1/100\n|turn|5\n|\n|t:|1776445693\n|move|p2a: Whimsicott|Tailwind|p2a: Whimsicott\n|-sidestart|p2: sdfpiuou|move: Tailwind\n|move|p2b: Typhlosion|Extrasensory|p1a: Sneasler\n|-supereffective|p1a: Sneasler|2\n|-damage|p1a: Sneasler|0 fnt\n|faint|p1a: Sneasler\n|move|p1b: Floette|Dazzling Gleam|p2a: Whimsicott|[spread] p2a,p2b\n|-resisted|p2b: Typhlosion|1\n|-damage|p2a: Whimsicott|0 fnt\n|-damage|p2b: Typhlosion|10/100\n|faint|p2a: Whimsicott\n|\n|-weather|none\n|upkeep\n|\n|t:|1776445708\n|switch|p1a: Basculegion|Basculegion, L50, M|100/100\n|switch|p2a: Excadrill|Excadrill, L50, F|100/100\n|-ability|p2a: Excadrill|Mold Breaker\n|turn|6\n|\n|t:|1776445719\n|switch|p1b: Pelipper|Pelipper, L50, F|1/100\n|-weather|RainDance|[from] ability: Drizzle|[of] p1b: Pelipper\n|detailschange|p2a: Excadrill|Excadrill-Mega, L50, F\n|-mega|p2a: Excadrill|Excadrill|Excadrite\n|move|p1a: Basculegion|Aqua Jet|p2b: Typhlosion\n|-supereffective|p2b: Typhlosion|1\n|-damage|p2b: Typhlosion|0 fnt\n|faint|p2b: Typhlosion\n|move|p2a: Excadrill|Iron Head|p1b: Pelipper\n|-resisted|p1b: Pelipper|1\n|-damage|p1b: Pelipper|0 fnt\n|faint|p1b: Pelipper\n|\n|-weather|RainDance|[upkeep]\n|upkeep\n|\n|t:|1776445726\n|switch|p1b: Floette|Floette-Mega, L50, F|44/100\n|-ability|p1b: Floette|Fairy Aura\n|turn|7\n|\n|t:|1776445738\n|move|p1a: Basculegion|Aqua Jet|p2a: Excadrill\n|-supereffective|p2a: Excadrill|1\n|-damage|p2a: Excadrill|47/100\n|move|p2a: Excadrill|High Horsepower|p1a: Basculegion\n|-damage|p1a: Basculegion|24/100\n|move|p1b: Floette|Moonblast|p2a: Excadrill\n|-resisted|p2a: Excadrill|1\n|-damage|p2a: Excadrill|0 fnt\n|faint|p2a: Excadrill\n|\n|win|PyProd.\n|raw|PyProd.'s rating: 1149 &rarr; <strong>1179</strong><br />(+30 for winning)\n|raw|sdfpiuou's rating: 1221 &rarr; <strong>1191</strong><br />(-30 for losing)\n|l|\u2606sdfpiuou\n|player|p2|\n|l|\u2606PyProd.\n|player|p1|\n|j|\u2606PyProd.\n|player|p1|PyProd.|#lcplxiskittycommittee|\n",
  "uploadtime": 1776445761,
  "views": 23,
  "formatid": "gen9championsvgc2026regma",
  "rating": 1179,
  "private": 0,
  "password": null
}