{
  "id": "gen9championsvgc2026regma-2584496639",
  "format": "[Gen 9 Champions] VGC 2026 Reg M-A",
  "players": [
    "gildren",
    "lfdgm"
  ],
  "log": "|j|\u2606gildren\n|j|\u2606lfdgm\n|t:|1776264721\n|gametype|doubles\n|player|p1|gildren|riley|1152\n|player|p2|lfdgm|skyla|1119\n|gen|9\n|tier|[Gen 9 Champions] VGC 2026 Reg M-A\n|rated|\n|rule|Species Clause: Limit one of each Pok\u00e9mon\n|rule|Item Clause: Limit 1 of each item\n|clearpoke\n|poke|p1|Gardevoir, L50, M|\n|poke|p1|Incineroar, L50, M|\n|poke|p1|Garchomp, L50, M|\n|poke|p1|Gyarados, L50, F|\n|poke|p1|Sneasler, L50, M|\n|poke|p1|Raichu, L50, F|\n|poke|p2|Drampa, L50, M|\n|poke|p2|Audino, L50, F|\n|poke|p2|Sinistcha, L50|\n|poke|p2|Torkoal, L50, F|\n|poke|p2|Scizor, L50, F|\n|poke|p2|Basculegion, L50, M|\n|teampreview|4\n|\n|t:|1776264759\n|teamsize|p1|4\n|teamsize|p2|4\n|start\n|switch|p1a: Gardevoir|Gardevoir, L50, M|100/100\n|switch|p1b: Raichu|Raichu, L50, F|100/100\n|switch|p2a: Sinistcha|Sinistcha, L50|100/100\n|switch|p2b: Basculegion|Basculegion, L50, M|100/100\n|turn|1\n|\n|t:|1776264783\n|switch|p1b: Incineroar|Incineroar, L50, M|100/100\n|-ability|p1b: Incineroar|Intimidate|boost\n|-unboost|p2a: Sinistcha|atk|1\n|-unboost|p2b: Basculegion|atk|1\n|detailschange|p1a: Gardevoir|Gardevoir-Mega, L50, M\n|-mega|p1a: Gardevoir|Gardevoir|Gardevoirite\n|move|p1a: Gardevoir|Hyper Voice|p2a: Sinistcha|[spread] p2a,p2b\n|-damage|p2a: Sinistcha|57/100\n|-damage|p2b: Basculegion|45/100\n|move|p2b: Basculegion|Last Respects|p1a: Gardevoir\n|-supereffective|p1a: Gardevoir|1\n|-damage|p1a: Gardevoir|28/100\n|move|p2a: Sinistcha|Trick Room|p2a: Sinistcha\n|-fieldstart|move: Trick Room|[of] p2a: Sinistcha\n|\n|upkeep\n|turn|2\n|\n|t:|1776264810\n|move|p2a: Sinistcha|Life Dew|p2a: Sinistcha|[spread] p2a,p2b\n|-heal|p2a: Sinistcha|82/100\n|-heal|p2b: Basculegion|70/100\n|move|p1b: Incineroar|Flare Blitz|p2a: Sinistcha\n|-supereffective|p2a: Sinistcha|1\n|-damage|p2a: Sinistcha|0 fnt\n|faint|p2a: Sinistcha\n|-damage|p1b: Incineroar|77/100|[from] Recoil\n|move|p2b: Basculegion|Flip Turn|p1a: Gardevoir\n|-damage|p1a: Gardevoir|0 fnt\n|faint|p1a: Gardevoir\n|\n|t:|1776264816\n|switch|p2b: Drampa|Drampa, L50, M|100/100|[from] Flip Turn\n|-ability|p2b: Drampa|Cloud Nine\n|\n|upkeep\n|\n|t:|1776264824\n|switch|p2a: Audino|Audino, L50, F|100/100\n|switch|p1a: Raichu|Raichu, L50, F|100/100\n|turn|3\n|inactive|Battle timer is ON: inactive players will automatically lose when time's up. (requested by gildren)\n|\n|t:|1776264863\n|move|p2b: Drampa|Protect|p2b: Drampa\n|-singleturn|p2b: Drampa|Protect\n|move|p1b: Incineroar|Fake Out||[still]\n|-hint|Fake Out only works on your first turn out.\n|-fail|p1b: Incineroar\n|move|p1a: Raichu|Fake Out|p2b: Drampa\n|-activate|p2b: Drampa|move: Protect\n|move|p2a: Audino|Encore|p1b: Incineroar\n|-start|p1b: Incineroar|Encore\n|\n|upkeep\n|turn|4\n|inactive|gildren has 30 seconds left.\n|inactive|lfdgm has 30 seconds left.\n|inactive|gildren has 20 seconds left.\n|\n|t:|1776264903\n|switch|p1b: Sneasler|Sneasler, L50, M|100/100\n|detailschange|p2b: Drampa|Drampa-Mega, L50, M\n|-mega|p2b: Drampa|Drampa|Drampanite\n|move|p2b: Drampa|Hyper Voice|p1b: Sneasler|[spread] p1a,p1b\n|-damage|p1a: Raichu|34/100\n|-damage|p1b: Sneasler|44/100\n|move|p2a: Audino|Encore|p1a: Raichu\n|-start|p1a: Raichu|Encore\n|move|p1a: Raichu|Fake Out||[still]\n|-hint|Fake Out only works on your first turn out.\n|-fail|p1a: Raichu\n|\n|upkeep\n|turn|5\n|\n|t:|1776264919\n|switch|p1a: Incineroar|Incineroar, L50, M|77/100\n|-ability|p1a: Incineroar|Intimidate|boost\n|-unboost|p2a: Audino|atk|1\n|-unboost|p2b: Drampa|atk|1\n|move|p1b: Sneasler|Fake Out|p2b: Drampa\n|-damage|p2b: Drampa|85/100\n|move|p2a: Audino|Ally Switch|p2a: Audino\n|swap|p2a: Audino|1|[from] move: Ally Switch\n|cant|p2a: Drampa|flinch\n|\n|-fieldend|move: Trick Room\n|upkeep\n|turn|6\n|\n|t:|1776264943\n|switch|p2a: Basculegion|Basculegion, L50, M|70/100\n|move|p1a: Incineroar|Fake Out|p2a: Basculegion\n|-immune|p2a: Basculegion\n|move|p1b: Sneasler|Close Combat|p2b: Audino\n|-supereffective|p2b: Audino|1\n|-damage|p2b: Audino|0 fnt\n|-unboost|p1b: Sneasler|def|1\n|-unboost|p1b: Sneasler|spd|1\n|faint|p2b: Audino\n|-enditem|p1b: Sneasler|White Herb\n|-clearnegativeboost|p1b: Sneasler|[silent]\n|\n|upkeep\n|\n|t:|1776264950\n|switch|p2b: Drampa|Drampa-Mega, L50, M|85/100\n|turn|7\n|\n|t:|1776264965\n|move|p2b: Drampa|Protect|p2b: Drampa\n|-singleturn|p2b: Drampa|Protect\n|move|p2a: Basculegion|Aqua Jet|p1b: Sneasler\n|-damage|p1b: Sneasler|0 fnt\n|faint|p1b: Sneasler\n|move|p1a: Incineroar|Throat Chop|p2a: Basculegion\n|-supereffective|p2a: Basculegion|1\n|-damage|p2a: Basculegion|0 fnt\n|faint|p2a: Basculegion\n|\n|upkeep\n|\n|t:|1776264973\n|switch|p1b: Raichu|Raichu, L50, F|34/100\n|turn|8\n|\n|t:|1776264997\n|move|p1b: Raichu|Encore|p2b: Drampa\n|-start|p2b: Drampa|Encore\n|move|p2b: Drampa|Protect||[still]\n|-fail|p2b: Drampa\n|move|p1a: Incineroar|Throat Chop|p2b: Drampa\n|-damage|p2b: Drampa|50/100\n|-start|p2b: Drampa|Throat Chop|[silent]\n|-ability|p2b: Drampa|Berserk|boost\n|-boost|p2b: Drampa|spa|1\n|\n|upkeep\n|turn|9\n|\n|t:|1776265011\n|move|p2b: Drampa|Protect|p2b: Drampa\n|-singleturn|p2b: Drampa|Protect\n|move|p1b: Raichu|Nuzzle|p2b: Drampa\n|-activate|p2b: Drampa|move: Protect\n|move|p1a: Incineroar|Throat Chop|p2b: Drampa\n|-activate|p2b: Drampa|move: Protect\n|\n|-end|p2b: Drampa|Throat Chop|[silent]\n|upkeep\n|turn|10\n|inactive|lfdgm has 30 seconds left.\n|\n|t:|1776265046\n|move|p2b: Drampa|Protect|p2b: Drampa\n|-singleturn|p2b: Drampa|Protect\n|move|p1b: Raichu|Nuzzle|p2b: Drampa\n|-activate|p2b: Drampa|move: Protect\n|move|p1a: Incineroar|Throat Chop|p2b: Drampa\n|-activate|p2b: Drampa|move: Protect\n|\n|-end|p2b: Drampa|Encore\n|upkeep\n|turn|11\n|\n|t:|1776265067\n|move|p1b: Raichu|Encore|p2b: Drampa\n|-start|p2b: Drampa|Encore\n|move|p2b: Drampa|Protect||[still]\n|-fail|p2b: Drampa\n|move|p1a: Incineroar|Throat Chop|p2b: Drampa\n|-damage|p2b: Drampa|11/100\n|-start|p2b: Drampa|Throat Chop|[silent]\n|\n|upkeep\n|turn|12\n|-message|lfdgm forfeited.\n|\n|win|gildren\n|raw|gildren's rating: 1152 &rarr; <strong>1175</strong><br />(+23 for winning)\n|raw|lfdgm's rating: 1119 &rarr; <strong>1096</strong><br />(-23 for losing)\n|l|\u2606lfdgm\n|player|p2|\n",
  "uploadtime": 1776265080,
  "views": 30,
  "formatid": "gen9championsvgc2026regma",
  "rating": 1096,
  "private": 0,
  "password": null
}