{
  "id": "gen9championsvgc2026regma-2582492712",
  "format": "[Gen 9 Champions] VGC 2026 Reg M-A",
  "players": [
    "SalvoConducto",
    "Isidino"
  ],
  "log": "|j|\u2606SalvoConducto\n|j|\u2606Isidino\n|t:|1776095176\n|gametype|doubles\n|player|p1|SalvoConducto|101|1051\n|player|p2|Isidino|102|1149\n|gen|9\n|tier|[Gen 9 Champions] VGC 2026 Reg M-A\n|rated|\n|rule|Species Clause: Limit one of each Pok\u00e9mon\n|rule|Item Clause: Limit 1 of each item\n|clearpoke\n|poke|p1|Aerodactyl, L50, M|\n|poke|p1|Garchomp, L50, M|\n|poke|p1|Floette-Eternal, L50, F|\n|poke|p1|Charizard, L50, M|\n|poke|p1|Sneasler, L50, M|\n|poke|p1|Rotom-Wash, L50|\n|poke|p2|Charizard, L50, M|\n|poke|p2|Whimsicott, L50, F|\n|poke|p2|Venusaur, L50, F|\n|poke|p2|Dragonite, L50, M|\n|poke|p2|Sneasler, L50, M|\n|poke|p2|Torkoal, L50, F|\n|teampreview|4\n|inactive|Battle timer is ON: inactive players will automatically lose when time's up. (requested by Isidino)\n|inactive|Isidino has 60 seconds left.\n|\n|t:|1776095233\n|teamsize|p1|4\n|teamsize|p2|4\n|start\n|switch|p1a: Aerodactyl|Aerodactyl, L50, M|100/100\n|switch|p1b: Sneasler|Sneasler, L50, M|100/100\n|switch|p2a: Whimsicott|Whimsicott, L50, F, shiny|100/100\n|switch|p2b: Charizard|Charizard, L50, M, shiny|100/100\n|-ability|p1a: Aerodactyl|Unnerve\n|turn|1\n|\n|t:|1776095257\n|move|p2b: Charizard|Protect|p2b: Charizard\n|-singleturn|p2b: Charizard|Protect\n|move|p2a: Whimsicott|Tailwind|p2a: Whimsicott\n|-sidestart|p2: Isidino|move: Tailwind\n|move|p1a: Aerodactyl|Tailwind|p1a: Aerodactyl\n|-sidestart|p1: SalvoConducto|move: Tailwind\n|move|p1b: Sneasler|Dire Claw|p2a: Whimsicott\n|-supereffective|p2a: Whimsicott|2\n|-enditem|p2a: Whimsicott|Focus Sash\n|-damage|p2a: Whimsicott|1/100\n|-status|p2a: Whimsicott|slp\n|\n|upkeep\n|turn|2\n|inactive|Isidino has 30 seconds left.\n|\n|t:|1776095282\n|switch|p2b: Venusaur|Venusaur, L50, F|100/100\n|move|p1b: Sneasler|Protect|p1b: Sneasler\n|-singleturn|p1b: Sneasler|Protect\n|move|p1a: Aerodactyl|Rock Slide|p2a: Whimsicott|[spread] p2a,p2b\n|-damage|p2a: Whimsicott|0 fnt\n|-damage|p2b: Venusaur|67/100\n|faint|p2a: Whimsicott\n|\n|upkeep\n|\n|t:|1776095285\n|switch|p2a: Charizard|Charizard, L50, M, shiny|100/100\n|turn|3\n|\n|t:|1776095296\n|detailschange|p2a: Charizard|Charizard-Mega-Y, L50, M, shiny\n|-mega|p2a: Charizard|Charizard|Charizardite Y\n|-weather|SunnyDay|[from] ability: Drought|[of] p2a: Charizard\n|move|p2a: Charizard|Protect|p2a: Charizard\n|-singleturn|p2a: Charizard|Protect\n|move|p2b: Venusaur|Leaf Storm|p1a: Aerodactyl\n|-damage|p1a: Aerodactyl|13/100\n|-unboost|p2b: Venusaur|spa|2\n|move|p1a: Aerodactyl|Rock Slide|p2a: Charizard|[spread] p2b\n|-activate|p2a: Charizard|move: Protect\n|-damage|p2b: Venusaur|34/100\n|move|p1b: Sneasler|Dire Claw|p2b: Venusaur\n|-damage|p2b: Venusaur|0 fnt\n|faint|p2b: Venusaur\n|\n|-weather|SunnyDay|[upkeep]\n|upkeep\n|\n|t:|1776095308\n|switch|p2b: Sneasler|Sneasler, L50, M|100/100\n|turn|4\n|\n|t:|1776095324\n|move|p1a: Aerodactyl|Protect|p1a: Aerodactyl\n|-singleturn|p1a: Aerodactyl|Protect\n|move|p2b: Sneasler|Fake Out|p1a: Aerodactyl\n|-activate|p1a: Aerodactyl|move: Protect\n|move|p1b: Sneasler|Dire Claw|p2b: Sneasler\n|-resisted|p2b: Sneasler|1\n|-damage|p2b: Sneasler|66/100\n|move|p2a: Charizard|Heat Wave|p1b: Sneasler|[spread] p1b\n|-activate|p1a: Aerodactyl|move: Protect\n|-damage|p1b: Sneasler|18/100\n|\n|-weather|SunnyDay|[upkeep]\n|-sideend|p1: SalvoConducto|move: Tailwind\n|-sideend|p2: Isidino|move: Tailwind\n|upkeep\n|turn|5\n|\n|t:|1776095342\n|move|p2a: Charizard|Protect|p2a: Charizard\n|-singleturn|p2a: Charizard|Protect\n|move|p1a: Aerodactyl|Rock Slide|p2a: Charizard|[spread] p2b\n|-activate|p2a: Charizard|move: Protect\n|-resisted|p2b: Sneasler|1\n|-damage|p2b: Sneasler|44/100\n|move|p2b: Sneasler|Close Combat|p1a: Aerodactyl\n|-damage|p1a: Aerodactyl|0 fnt\n|-unboost|p2b: Sneasler|def|1\n|-unboost|p2b: Sneasler|spd|1\n|faint|p1a: Aerodactyl\n|-enditem|p2b: Sneasler|White Herb\n|-clearnegativeboost|p2b: Sneasler|[silent]\n|move|p1b: Sneasler|Close Combat|p2b: Sneasler\n|-resisted|p2b: Sneasler|1\n|-damage|p2b: Sneasler|0 fnt\n|-unboost|p1b: Sneasler|def|1\n|-unboost|p1b: Sneasler|spd|1\n|faint|p2b: Sneasler\n|-enditem|p1b: Sneasler|White Herb\n|-clearnegativeboost|p1b: Sneasler|[silent]\n|\n|-weather|SunnyDay|[upkeep]\n|upkeep\n|inactive|SalvoConducto has 30 seconds left.\n|-message|Isidino forfeited.\n|\n|win|SalvoConducto\n|raw|SalvoConducto's rating: 1051 &rarr; <strong>1092</strong><br />(+41 for winning)\n|raw|Isidino's rating: 1149 &rarr; <strong>1117</strong><br />(-32 for losing)\n",
  "uploadtime": 1776095370,
  "views": 15,
  "formatid": "gen9championsvgc2026regma",
  "rating": 1092,
  "private": 0,
  "password": null
}