{
  "id": "gen9championsvgc2026regma-2587379734",
  "format": "[Gen 9 Champions] VGC 2026 Reg M-A",
  "players": [
    "brojonski",
    "Ziocinghia98"
  ],
  "log": "|j|\u2606brojonski\n|j|\u2606Ziocinghia98\n|t:|1776526926\n|gametype|doubles\n|player|p1|brojonski|brock|1384\n|player|p2|Ziocinghia98|lucas|1337\n|gen|9\n|tier|[Gen 9 Champions] VGC 2026 Reg M-A\n|rated|\n|rule|Species Clause: Limit one of each Pok\u00e9mon\n|rule|Item Clause: Limit 1 of each item\n|clearpoke\n|poke|p1|Tyranitar, L50, F|\n|poke|p1|Zoroark-Hisui, L50, M|\n|poke|p1|Primarina, L50, M|\n|poke|p1|Garchomp, L50, F|\n|poke|p1|Hawlucha, L50, M|\n|poke|p1|Excadrill, L50, F|\n|poke|p2|Scizor, L50, M|\n|poke|p2|Meganium, L50, F|\n|poke|p2|Basculegion, L50, M|\n|poke|p2|Archaludon, L50, M|\n|poke|p2|Incineroar, L50, F|\n|poke|p2|Pelipper, L50, M|\n|teampreview|4\n|inactive|Battle timer is ON: inactive players will automatically lose when time's up. (requested by brojonski)\nZiocinghia98 rejected open team sheets.\n|inactive|brojonski has 60 seconds left.\n|inactive|Ziocinghia98 has 60 seconds left.\n|inactive|brojonski has 30 seconds left.\n|inactive|brojonski has 20 seconds left.\n|inactive|brojonski has 15 seconds left.\n|inactive|brojonski has 10 seconds left.\n|\n|t:|1776527006\n|teamsize|p1|4\n|teamsize|p2|4\n|start\n|switch|p1a: Excadrill|Excadrill, L50, F|100/100\n|switch|p1b: Tyranitar|Tyranitar, L50, F|100/100\n|switch|p2a: Meganium|Meganium, L50, F|100/100\n|switch|p2b: Basculegion|Basculegion, L50, M|100/100\n|-weather|Sandstorm|[from] ability: Sand Stream|[of] p1b: Tyranitar\n|turn|1\n|inactive|brojonski has 30 seconds left.\n|inactive|Ziocinghia98 has 30 seconds left.\n|inactive|Ziocinghia98 has 20 seconds left.\n|inactive|Ziocinghia98 has 15 seconds left.\n|inactive|Ziocinghia98 has 10 seconds left.\n|inactive|Ziocinghia98 has 5 seconds left.\n|\n|t:|1776527059\n|detailschange|p2a: Meganium|Meganium-Mega, L50, F\n|-mega|p2a: Meganium|Meganium|Meganiumite\n|move|p2a: Meganium|Protect|p2a: Meganium\n|-singleturn|p2a: Meganium|Protect\n|move|p1b: Tyranitar|Protect|p1b: Tyranitar\n|-singleturn|p1b: Tyranitar|Protect\n|move|p1a: Excadrill|Shadow Ball|p2b: Basculegion\n|-supereffective|p2b: Basculegion|1\n|-damage|p2b: Basculegion|0 fnt\n|faint|p2b: Basculegion\n|\n|-weather|Sandstorm|[upkeep]\n|-damage|p1a: Excadrill|94/100|[from] Sandstorm\n|-damage|p2a: Meganium|95/100|[from] Sandstorm\n|upkeep\n|\n|t:|1776527072\n|switch|p2b: Pelipper|Pelipper, L50, M|100/100\n|-weather|RainDance|[from] ability: Drizzle|[of] p2b: Pelipper\n|turn|2\n|\n|t:|1776527083\n|detailschange|p1b: Tyranitar|Tyranitar-Mega, L50, F\n|-mega|p1b: Tyranitar|Tyranitar|Tyranitarite\n|-weather|Sandstorm|[from] ability: Sand Stream|[of] p1b: Tyranitar\n|move|p1a: Excadrill|Shadow Ball|p2b: Pelipper\n|-damage|p2b: Pelipper|26/100\n|move|p2b: Pelipper|Weather Ball|p1b: Tyranitar\n|-damage|p1b: Tyranitar|85/100\n|move|p2a: Meganium|Dazzling Gleam|p1b: Tyranitar|[spread] p1a,p1b\n|-supereffective|p1b: Tyranitar|1\n|-damage|p1a: Excadrill|23/100\n|-damage|p1b: Tyranitar|33/100\n|replace|p1a: Zoroark|Zoroark-Hisui, L50, M\n|-end|p1a: Zoroark|Illusion\n|move|p1b: Tyranitar|Rock Slide|p2a: Meganium|[spread] p2a,p2b\n|-supereffective|p2b: Pelipper|1\n|-crit|p2b: Pelipper\n|-damage|p2a: Meganium|63/100\n|-damage|p2b: Pelipper|0 fnt\n|faint|p2b: Pelipper\n|\n|-weather|Sandstorm|[upkeep]\n|-damage|p1a: Zoroark|17/100|[from] Sandstorm\n|-damage|p2a: Meganium|57/100|[from] Sandstorm\n|upkeep\n|\n|t:|1776527102\n|switch|p2b: Scizor|Scizor, L50, M|100/100\n|turn|3\n|inactive|brojonski has 30 seconds left.\n|inactive|brojonski has 20 seconds left.\n|inactive|brojonski has 15 seconds left.\n|inactive|brojonski has 10 seconds left.\n|\n|t:|1776527151\n|move|p2a: Meganium|Protect|p2a: Meganium\n|-singleturn|p2a: Meganium|Protect\n|move|p1b: Tyranitar|Protect|p1b: Tyranitar\n|-singleturn|p1b: Tyranitar|Protect\n|move|p2b: Scizor|Bullet Punch|p1a: Zoroark\n|-damage|p1a: Zoroark|0 fnt\n|faint|p1a: Zoroark\n|\n|-weather|Sandstorm|[upkeep]\n|-damage|p2a: Meganium|51/100|[from] Sandstorm\n|upkeep\n|\n|t:|1776527163\n|switch|p1a: Excadrill|Excadrill, L50, F|100/100\n|turn|4\n|\n|t:|1776527178\n|switch|p1b: Garchomp|Garchomp, L50, F|100/100\n|move|p2b: Scizor|Bullet Punch|p1b: Garchomp\n|-damage|p1b: Garchomp|56/100\n|move|p1a: Excadrill|Iron Head|p2a: Meganium\n|-supereffective|p2a: Meganium|1\n|-damage|p2a: Meganium|0 fnt\n|faint|p2a: Meganium\n|\n|-weather|Sandstorm|[upkeep]\n|upkeep\n|turn|5\n|\n|t:|1776527199\n|move|p1b: Garchomp|Protect|p1b: Garchomp\n|-singleturn|p1b: Garchomp|Protect\n|move|p2b: Scizor|Bullet Punch|p1b: Garchomp\n|-activate|p1b: Garchomp|move: Protect\n|move|p1a: Excadrill|Earthquake|p2b: Scizor|[spread] p2b\n|-activate|p1b: Garchomp|move: Protect\n|-crit|p2b: Scizor\n|-damage|p2b: Scizor|32/100\n|\n|-weather|Sandstorm|[upkeep]\n|upkeep\n|turn|6\n|-message|Ziocinghia98 forfeited.\n|\n|win|brojonski\n|raw|brojonski's rating: 1384 &rarr; <strong>1401</strong><br />(+17 for winning)\n|raw|Ziocinghia98's rating: 1337 &rarr; <strong>1320</strong><br />(-17 for losing)\n|l|\u2606Ziocinghia98\n|player|p2|\n",
  "uploadtime": 1776527208,
  "views": 29,
  "formatid": "gen9championsvgc2026regma",
  "rating": 1320,
  "private": 0,
  "password": null
}