{
  "id": "gen9championsvgc2026regma-2587806833",
  "format": "[Gen 9 Champions] VGC 2026 Reg M-A",
  "players": [
    "yaracoris",
    "apfr"
  ],
  "log": "|j|\u2606yaracoris\n|j|\u203dapfr\n|t:|1776565955\n|gametype|doubles\n|player|p1|yaracoris|265|1409\n|player|p2|apfr|clown|1463\n|gen|9\n|tier|[Gen 9 Champions] VGC 2026 Reg M-A\n|rated|\n|rule|Species Clause: Limit one of each Pok\u00e9mon\n|rule|Item Clause: Limit 1 of each item\n|clearpoke\n|poke|p1|Aerodactyl, L50, M|\n|poke|p1|Basculegion, L50, M|\n|poke|p1|Kommo-o, L50, F|\n|poke|p1|Scizor, L50, M|\n|poke|p1|Scovillain, L50, M|\n|poke|p1|Sneasler, L50, F|\n|poke|p2|Drampa, L50, M|\n|poke|p2|Klefki, L50, M|\n|poke|p2|Sinistcha, L50|\n|poke|p2|Farigiraf, L50, F|\n|poke|p2|Milotic, L50, M|\n|poke|p2|Kingambit, L50, F|\n|teampreview|4\n|\n|t:|1776565997\n|teamsize|p1|4\n|teamsize|p2|4\n|start\n|switch|p1a: Sneasler|Sneasler, L50, F|100/100\n|switch|p1b: Basculegion|Basculegion, L50, M|100/100\n|switch|p2a: Farigiraf|Farigiraf, L50, F|100/100\n|switch|p2b: Drampa|Drampa, L50, M|100/100\n|-ability|p2b: Drampa|Cloud Nine\n|turn|1\n|\n|t:|1776566011\n|switch|p2b: Sinistcha|Sinistcha, L50|100/100\n|move|p1a: Sneasler|Close Combat|p2a: Farigiraf\n|-damage|p2a: Farigiraf|40/100\n|-unboost|p1a: Sneasler|def|1\n|-unboost|p1a: Sneasler|spd|1\n|-enditem|p1a: Sneasler|White Herb\n|-clearnegativeboost|p1a: Sneasler|[silent]\n|move|p1b: Basculegion|Wave Crash|p2a: Farigiraf\n|-damage|p2a: Farigiraf|0 fnt\n|faint|p2a: Farigiraf\n|-damage|p1b: Basculegion|87/100|[from] Recoil\n|\n|upkeep\n|\n|t:|1776566023\n|switch|p2a: Kingambit|Kingambit, L50, F|100/100\n|turn|2\n|j| visael mk. II\n|\n|t:|1776566055\n|switch|p1b: Kommo-o|Kommo-o, L50, F|100/100\n|move|p1a: Sneasler|Dire Claw|p2b: Sinistcha\n|-damage|p2b: Sinistcha|65/100\n|move|p2a: Kingambit|Kowtow Cleave|p1b: Kommo-o\n|-resisted|p1b: Kommo-o|1\n|-damage|p1b: Kommo-o|74/100\n|move|p2b: Sinistcha|Trick Room|p2b: Sinistcha\n|-fieldstart|move: Trick Room|[of] p2b: Sinistcha\n|\n|-heal|p1b: Kommo-o|80/100|[from] item: Leftovers\n|upkeep\n|turn|3\n|\n|t:|1776566077\n|move|p2a: Kingambit|Iron Head|p1b: Kommo-o\n|-damage|p1b: Kommo-o|30/100\n|move|p2b: Sinistcha|Shadow Ball|p1a: Sneasler\n|-damage|p1a: Sneasler|56/100\n|move|p1b: Kommo-o|Clangorous Soul||[still]\n|-fail|p1b: Kommo-o\n|move|p1a: Sneasler|Close Combat|p2a: Kingambit\n|-supereffective|p2a: Kingambit|2\n|-enditem|p2a: Kingambit|Focus Sash\n|-damage|p2a: Kingambit|1/100\n|-unboost|p1a: Sneasler|def|1\n|-unboost|p1a: Sneasler|spd|1\n|\n|-heal|p1b: Kommo-o|36/100|[from] item: Leftovers\n|upkeep\n|turn|4\n|\n|t:|1776566101\n|move|p1b: Kommo-o|Protect|p1b: Kommo-o\n|-singleturn|p1b: Kommo-o|Protect\n|move|p1a: Sneasler|Protect|p1a: Sneasler\n|-singleturn|p1a: Sneasler|Protect\n|move|p2a: Kingambit|Iron Head|p1b: Kommo-o\n|-activate|p1b: Kommo-o|move: Protect\n|move|p2b: Sinistcha|Shadow Ball|p1a: Sneasler\n|-activate|p1a: Sneasler|move: Protect\n|\n|-heal|p1b: Kommo-o|42/100|[from] item: Leftovers\n|upkeep\n|turn|5\n|\n|t:|1776566127\n|switch|p1a: Scizor|Scizor, L50, M|100/100\n|move|p2a: Kingambit|Iron Head|p1b: Kommo-o\n|-damage|p1b: Kommo-o|0 fnt\n|faint|p1b: Kommo-o\n|move|p2b: Sinistcha|Shadow Ball|p1a: Scizor\n|-damage|p1a: Scizor|58/100\n|\n|upkeep\n|j| Choklit Milk\n|l| Choklit Milk\n|\n|t:|1776566147\n|switch|p1b: Basculegion|Basculegion, L50, M|87/100\n|turn|6\n|\n|t:|1776566162\n|move|p1b: Basculegion|Protect|p1b: Basculegion\n|-singleturn|p1b: Basculegion|Protect\n|move|p2a: Kingambit|Sucker Punch||[still]\n|-fail|p2a: Kingambit\n|move|p1a: Scizor|Swords Dance|p1a: Scizor\n|-boost|p1a: Scizor|atk|2\n|move|p2b: Sinistcha|Shadow Ball|p1a: Scizor\n|-damage|p1a: Scizor|16/100\n|\n|-fieldend|move: Trick Room\n|upkeep\n|turn|7\n|\n|t:|1776566180\n|move|p2b: Sinistcha|Rage Powder|p2b: Sinistcha\n|-singleturn|p2b: Sinistcha|move: Rage Powder\n|move|p1b: Basculegion|Aqua Jet|p2b: Sinistcha\n|-resisted|p2b: Sinistcha|1\n|-damage|p2b: Sinistcha|53/100\n|move|p2a: Kingambit|Sucker Punch||[still]\n|-fail|p2a: Kingambit\n|move|p1a: Scizor|Bug Bite|p2b: Sinistcha\n|-damage|p2b: Sinistcha|0 fnt\n|-enditem|p2b: Sinistcha|Occa Berry|[from] stealeat|[move] Bug Bite|[of] p1a: Scizor\n|faint|p2b: Sinistcha\n|\n|upkeep\n|\n|t:|1776566187\n|switch|p2b: Drampa|Drampa, L50, M|100/100\n|-ability|p2b: Drampa|Cloud Nine\n|turn|8\n|\n|t:|1776566204\n|detailschange|p2b: Drampa|Drampa-Mega, L50, M\n|-mega|p2b: Drampa|Drampa|Drampanite\n|move|p1b: Basculegion|Aqua Jet|p2a: Kingambit\n|-damage|p2a: Kingambit|0 fnt\n|faint|p2a: Kingambit\n|move|p1a: Scizor|Bullet Punch|p2b: Drampa\n|-damage|p2b: Drampa|21/100\n|-ability|p2b: Drampa|Berserk|boost\n|-boost|p2b: Drampa|spa|1\n|move|p2b: Drampa|Heat Wave|p1b: Basculegion|[spread] p1a,p1b\n|-supereffective|p1a: Scizor|2\n|-resisted|p1b: Basculegion|1\n|-damage|p1a: Scizor|0 fnt\n|-damage|p1b: Basculegion|61/100\n|faint|p1a: Scizor\n|\n|upkeep\n|\n|t:|1776566216\n|switch|p1a: Sneasler|Sneasler, L50, F|56/100\n|turn|9\n|\n|t:|1776566224\n|move|p1b: Basculegion|Aqua Jet|p2b: Drampa\n|-resisted|p2b: Drampa|1\n|-damage|p2b: Drampa|9/100\n|move|p1a: Sneasler|Close Combat|p2b: Drampa\n|-supereffective|p2b: Drampa|1\n|-damage|p2b: Drampa|0 fnt\n|-unboost|p1a: Sneasler|def|1\n|-unboost|p1a: Sneasler|spd|1\n|faint|p2b: Drampa\n|\n|win|yaracoris\n|raw|yaracoris's rating: 1409 &rarr; <strong>1432</strong><br />(+23 for winning)\n|raw|apfr's rating: 1463 &rarr; <strong>1440</strong><br />(-23 for losing)\n|l|\u203dapfr\n|player|p2|\n|l|\u2606yaracoris\n|player|p1|\n",
  "uploadtime": 1776566261,
  "views": 15,
  "formatid": "gen9championsvgc2026regma",
  "rating": 1432,
  "private": 0,
  "password": null
}