{
  "id": "gen9championsvgc2026regma-2586319948",
  "format": "[Gen 9 Champions] VGC 2026 Reg M-A",
  "players": [
    "mrdrunkoon",
    "Esperziti"
  ],
  "log": "|j|\u2606mrdrunkoon\n|j|\u2606Esperziti\n|t:|1776424927\n|gametype|doubles\n|player|p1|mrdrunkoon|blue|1113\n|player|p2|Esperziti|psychic-gen4|1037\n|gen|9\n|tier|[Gen 9 Champions] VGC 2026 Reg M-A\n|rated|\n|rule|Species Clause: Limit one of each Pok\u00e9mon\n|rule|Item Clause: Limit 1 of each item\n|clearpoke\n|poke|p1|Froslass, L50, F|\n|poke|p1|Sneasler, L50, M|\n|poke|p1|Whimsicott, L50, F|\n|poke|p1|Incineroar, L50, F|\n|poke|p1|Rotom-Frost, L50|\n|poke|p1|Garchomp, L50, M|\n|poke|p2|Sinistcha, L50|\n|poke|p2|Scovillain, L50, F|\n|poke|p2|Sableye, L50, F|\n|poke|p2|Glimmora, L50, F|\n|poke|p2|Typhlosion-Hisui, L50, M|\n|poke|p2|Sneasler, L50, M|\n|teampreview|4\n|inactive|Battle timer is ON: inactive players will automatically lose when time's up. (requested by mrdrunkoon)\n|\n|t:|1776424957\n|teamsize|p1|4\n|teamsize|p2|4\n|start\n|switch|p1a: Garchomp|Garchomp, L50, M|100/100\n|switch|p1b: Whimsicott|Whimsicott, L50, F|100/100\n|switch|p2a: Sinistcha|Sinistcha, L50|100/100\n|switch|p2b: Sableye|Sableye, L50, F|100/100\n|turn|1\n|\n|t:|1776424975\n|switch|p1a: Incineroar|Incineroar, L50, F|100/100\n|-ability|p1a: Incineroar|Intimidate|boost\n|-unboost|p2a: Sinistcha|atk|1\n|-unboost|p2b: Sableye|atk|1\n|move|p1b: Whimsicott|Taunt|p2a: Sinistcha\n|-start|p2a: Sinistcha|move: Taunt\n|move|p2b: Sableye|Will-O-Wisp|p1a: Incineroar\n|-immune|p1a: Incineroar\n|move|p2a: Sinistcha|Matcha Gotcha|p1a: Incineroar|[spread] p1a,p1b\n|-resisted|p1a: Incineroar|1\n|-resisted|p1b: Whimsicott|1\n|-damage|p1a: Incineroar|85/100\n|-damage|p1b: Whimsicott|77/100\n|\n|upkeep\n|turn|2\n|inactive|Esperziti has 30 seconds left.\n|\n|t:|1776425010\n|switch|p2a: Typhlosion|Typhlosion-Hisui, L50, M|100/100\n|-item|p1a: Incineroar|Quick Claw|[from] ability: Frisk|[of] p2a: Typhlosion\n|-item|p1b: Whimsicott|Sitrus Berry|[from] ability: Frisk|[of] p2a: Typhlosion\n|move|p1b: Whimsicott|Helping Hand|p1a: Incineroar\n|-singleturn|p1a: Incineroar|Helping Hand|[of] p1b: Whimsicott\n|move|p2b: Sableye|Encore|p1b: Whimsicott\n|-start|p1b: Whimsicott|Encore\n|move|p1a: Incineroar|Snarl|p2b: Sableye|[spread] p2a,p2b\n|-supereffective|p2a: Typhlosion|1\n|-damage|p2a: Typhlosion|44/100\n|-damage|p2b: Sableye|73/100\n|-unboost|p2a: Typhlosion|spa|1\n|-unboost|p2b: Sableye|spa|1\n|\n|upkeep\n|turn|3\n|inactive|Esperziti has 30 seconds left.\n|-activate|p1a: Incineroar|item: Quick Claw\n|\n|t:|1776425041\n|move|p1b: Whimsicott|Helping Hand|p1a: Incineroar\n|-singleturn|p1a: Incineroar|Helping Hand|[of] p1b: Whimsicott\n|move|p2b: Sableye|Quash|p1a: Incineroar\n|-hint|Since gen 7, Dark is immune to Prankster moves.\n|-immune|p1a: Incineroar\n|move|p1a: Incineroar|Snarl|p2b: Sableye|[spread] p2a,p2b\n|-supereffective|p2a: Typhlosion|1\n|-damage|p2a: Typhlosion|0 fnt\n|-damage|p2b: Sableye|42/100\n|-unboost|p2b: Sableye|spa|1\n|faint|p2a: Typhlosion\n|\n|upkeep\n|\n|t:|1776425054\n|switch|p2a: Sneasler|Sneasler, L50, M|100/100\n|turn|4\n|inactive|mrdrunkoon has 30 seconds left.\n|\n|t:|1776425088\n|switch|p1b: Garchomp|Garchomp, L50, M|100/100\n|switch|p1a: Froslass|Froslass, L50, F|100/100\n|move|p2a: Sneasler|Close Combat|p1a: Froslass\n|-immune|p1a: Froslass\n|move|p2b: Sableye|Hex|p1a: Froslass\n|-supereffective|p1a: Froslass|1\n|-damage|p1a: Froslass|72/100\n|-start|p2b: Sableye|Disable|Hex|[from] ability: Cursed Body|[of] p1a: Froslass\n|-enditem|p2b: Sableye|Mental Herb\n|-end|p2b: Sableye|Disable\n|\n|upkeep\n|turn|5\n|inactive|mrdrunkoon has 30 seconds left.\n|inactive|mrdrunkoon has 20 seconds left.\n|\n|t:|1776425124\n|switch|p2a: Sinistcha|Sinistcha, L50|100/100\n|-heal|p2b: Sableye|67/100|[from] ability: Hospitality|[of] p2a: Sinistcha\n|detailschange|p1a: Froslass|Froslass-Mega, L50, F\n|-mega|p1a: Froslass|Froslass|Froslassite\n|-weather|Snowscape|[from] ability: Snow Warning|[of] p1a: Froslass\n|move|p1a: Froslass|Protect|p1a: Froslass\n|-singleturn|p1a: Froslass|Protect\n|move|p2b: Sableye|Will-O-Wisp|p1b: Garchomp\n|-status|p1b: Garchomp|brn\n|move|p1b: Garchomp|Earthquake|p2b: Sableye|[spread] p2a,p2b\n|-activate|p1a: Froslass|move: Protect\n|-resisted|p2a: Sinistcha|1\n|-damage|p2a: Sinistcha|92/100\n|-damage|p2b: Sableye|39/100\n|\n|-weather|Snowscape|[upkeep]\n|-heal|p2a: Sinistcha|98/100|[from] item: Leftovers\n|-damage|p1b: Garchomp|95/100 brn|[from] brn\n|upkeep\n|turn|6\n|inactive|mrdrunkoon has 30 seconds left.\n|inactive|Esperziti has 30 seconds left.\n|inactive|Esperziti has 20 seconds left.\n|\n|t:|1776425161\n|switch|p1a: Incineroar|Incineroar, L50, F|85/100\n|-ability|p1a: Incineroar|Intimidate|boost\n|-unboost|p2a: Sinistcha|atk|1\n|-unboost|p2b: Sableye|atk|1\n|switch|p1b: Whimsicott|Whimsicott, L50, F|77/100\n|move|p2b: Sableye|Encore|p1a: Incineroar\n|-hint|Since gen 7, Dark is immune to Prankster moves.\n|-immune|p1a: Incineroar\n|move|p2a: Sinistcha|Matcha Gotcha|p1a: Incineroar|[spread] p1a,p1b\n|-resisted|p1a: Incineroar|1\n|-resisted|p1b: Whimsicott|1\n|-damage|p1a: Incineroar|68/100\n|-heal|p2a: Sinistcha|100/100|[from] drain|[of] p1a: Incineroar\n|-damage|p1b: Whimsicott|54/100\n|\n|-weather|Snowscape|[upkeep]\n|upkeep\n|turn|7\n|inactive|mrdrunkoon has 30 seconds left.\n|inactive|Esperziti has 30 seconds left.\n|-activate|p1a: Incineroar|item: Quick Claw\n|\n|t:|1776425191\n|switch|p2b: Sneasler|Sneasler, L50, M|100/100\n|move|p1b: Whimsicott|Taunt|p2a: Sinistcha\n|-start|p2a: Sinistcha|move: Taunt\n|move|p1a: Incineroar|Snarl|p2b: Sneasler|[spread] p2a,p2b\n|-supereffective|p2a: Sinistcha|1\n|-resisted|p2b: Sneasler|1\n|-damage|p2a: Sinistcha|56/100\n|-damage|p2b: Sneasler|89/100\n|-unboost|p2a: Sinistcha|spa|1\n|-unboost|p2b: Sneasler|spa|1\n|cant|p2a: Sinistcha|move: Taunt|Strength Sap\n|\n|-weather|Snowscape|[upkeep]\n|-heal|p2a: Sinistcha|62/100|[from] item: Leftovers\n|upkeep\n|turn|8\n|inactive|mrdrunkoon has 30 seconds left.\n|\n|t:|1776425222\n|switch|p2a: Sableye|Sableye, L50, F|39/100\n|switch|p1a: Garchomp|Garchomp, L50, M|95/100 brn\n|move|p1b: Whimsicott|Tailwind|p1b: Whimsicott\n|-sidestart|p1: mrdrunkoon|move: Tailwind\n|move|p2b: Sneasler|Close Combat|p1a: Garchomp\n|-damage|p1a: Garchomp|28/100 brn\n|-unboost|p2b: Sneasler|def|1\n|-unboost|p2b: Sneasler|spd|1\n|-damage|p2b: Sneasler|77/100|[from] ability: Rough Skin|[of] p1a: Garchomp\n|\n|-weather|Snowscape|[upkeep]\n|-damage|p1a: Garchomp|22/100 brn|[from] brn\n|upkeep\n|turn|9\n|\n|t:|1776425245\n|switch|p1b: Incineroar|Incineroar, L50, F|68/100\n|-ability|p1b: Incineroar|Intimidate|boost\n|-unboost|p2a: Sableye|atk|1\n|-unboost|p2b: Sneasler|atk|1\n|switch|p2b: Sinistcha|Sinistcha, L50|62/100\n|-heal|p2a: Sableye|64/100|[from] ability: Hospitality|[of] p2b: Sinistcha\n|move|p2a: Sableye|Encore|p1b: Incineroar\n|-hint|Since gen 7, Dark is immune to Prankster moves.\n|-immune|p1b: Incineroar\n|move|p1a: Garchomp|Rock Slide|p2a: Sableye|[spread] p2a,p2b\n|-damage|p2a: Sableye|52/100\n|-damage|p2b: Sinistcha|52/100\n|\n|-weather|none\n|-heal|p2b: Sinistcha|58/100|[from] item: Leftovers\n|-damage|p1a: Garchomp|16/100 brn|[from] brn\n|upkeep\n|turn|10\n|inactive|mrdrunkoon has 30 seconds left.\n|inactive|Esperziti has 30 seconds left.\n|inactive|mrdrunkoon has 20 seconds left.\n|inactive|mrdrunkoon has 15 seconds left.\n|\n|t:|1776425288\n|switch|p1a: Whimsicott|Whimsicott, L50, F|54/100\n|move|p1b: Incineroar|Overheat|p2b: Sinistcha\n|-supereffective|p2b: Sinistcha|1\n|-damage|p2b: Sinistcha|0 fnt\n|-unboost|p1b: Incineroar|spa|2\n|faint|p2b: Sinistcha\n|move|p2a: Sableye|Hex|p1b: Incineroar\n|-resisted|p1b: Incineroar|1\n|-damage|p1b: Incineroar|59/100\n|\n|upkeep\n|\n|t:|1776425299\n|switch|p2b: Sneasler|Sneasler, L50, M|77/100\n|turn|11\n|\n|t:|1776425322\n|switch|p1a: Garchomp|Garchomp, L50, M|16/100 brn\n|move|p2a: Sableye|Quash||[still]\n|-fail|p2a: Sableye\n|move|p2b: Sneasler|Dire Claw|p1a: Garchomp\n|-resisted|p1a: Garchomp|1\n|-crit|p1a: Garchomp\n|-damage|p1a: Garchomp|0 fnt\n|-damage|p2b: Sneasler|65/100|[from] ability: Rough Skin|[of] p1a: Garchomp\n|faint|p1a: Garchomp\n|move|p1b: Incineroar|Overheat|p2a: Sableye\n|-damage|p2a: Sableye|19/100\n|-unboost|p1b: Incineroar|spa|2\n|\n|-sideend|p1: mrdrunkoon|move: Tailwind\n|upkeep\n|\n|t:|1776425339\n|switch|p1a: Froslass|Froslass-Mega, L50, F|72/100\n|-weather|Snowscape|[from] ability: Snow Warning|[of] p1a: Froslass\n|turn|12\n|inactive|Esperziti has 30 seconds left.\n|\n|t:|1776425366\n|switch|p1b: Whimsicott|Whimsicott, L50, F|54/100\n|move|p1a: Froslass|Protect|p1a: Froslass\n|-singleturn|p1a: Froslass|Protect\n|move|p2b: Sneasler|Close Combat|p1b: Whimsicott\n|-resisted|p1b: Whimsicott|1\n|-damage|p1b: Whimsicott|22/100\n|-unboost|p2b: Sneasler|def|1\n|-unboost|p2b: Sneasler|spd|1\n|-enditem|p1b: Whimsicott|Sitrus Berry|[eat]\n|-heal|p1b: Whimsicott|47/100|[from] item: Sitrus Berry\n|move|p2a: Sableye|Hex|p1a: Froslass\n|-activate|p1a: Froslass|move: Protect\n|\n|-weather|Snowscape|[upkeep]\n|upkeep\n|turn|13\n|c|\u2606mrdrunkoon|Gg\n|\n|t:|1776425389\n|move|p1b: Whimsicott|Tailwind|p1b: Whimsicott\n|-sidestart|p1: mrdrunkoon|move: Tailwind\n|move|p1a: Froslass|Blizzard|p2b: Sneasler|[spread] p2a,p2b\n|-damage|p2a: Sableye|0 fnt\n|-damage|p2b: Sneasler|0 fnt\n|faint|p2a: Sableye\n|faint|p2b: Sneasler\n|\n|win|mrdrunkoon\n|raw|mrdrunkoon's rating: 1113 &rarr; <strong>1133</strong><br />(+20 for winning)\n|raw|Esperziti's rating: 1037 &rarr; <strong>1025</strong><br />(-12 for losing)\n",
  "uploadtime": 1776425396,
  "views": 23,
  "formatid": "gen9championsvgc2026regma",
  "rating": 1025,
  "private": 0,
  "password": null
}