{
  "id": "gen9championsvgc2026regma-2586861754",
  "format": "[Gen 9 Champions] VGC 2026 Reg M-A",
  "players": [
    "LeoOmg",
    "Loglord142"
  ],
  "log": "|j|\u2606LeoOmg\n|j|\u2606Loglord142\n|t:|1776466252\n|gametype|doubles\n|player|p1|LeoOmg|steven|1093\n|player|p2|Loglord142|pokemonbreeder-gen4|1160\n|gen|9\n|tier|[Gen 9 Champions] VGC 2026 Reg M-A\n|rated|\n|rule|Species Clause: Limit one of each Pok\u00e9mon\n|rule|Item Clause: Limit 1 of each item\n|clearpoke\n|poke|p1|Glimmora, L50, F|\n|poke|p1|Corviknight, L50, F|\n|poke|p1|Volcarona, L50, M|\n|poke|p1|Garchomp, L50, M|\n|poke|p1|Gyarados, L50, M|\n|poke|p1|Ninetales-Alola, L50, F|\n|poke|p2|Incineroar, L50, M|\n|poke|p2|Charizard, L50, F|\n|poke|p2|Venusaur, L50, M|\n|poke|p2|Aerodactyl, L50, M|\n|poke|p2|Garchomp, L50, M|\n|poke|p2|Trevenant, L50, M|\n|teampreview|4\n|inactive|Battle timer is ON: inactive players will automatically lose when time's up. (requested by LeoOmg)\nLeoOmg rejected open team sheets.\n|\n|t:|1776466310\n|teamsize|p1|4\n|teamsize|p2|4\n|start\n|switch|p1a: Glimmora|Glimmora, L50, F|100/100\n|switch|p1b: Garchomp|Garchomp, L50, M|100/100\n|switch|p2a: Wolfey|Incineroar, L50, M|100/100\n|switch|p2b: Wasteland Mother|Charizard, L50, F|100/100\n|-ability|p2a: Wolfey|Intimidate|boost\n|-unboost|p1a: Glimmora|atk|1\n|-unboost|p1b: Garchomp|atk|1\n|turn|1\n|inactive|LeoOmg has 30 seconds left.\n|inactive|Loglord142 has 30 seconds left.\n|\n|t:|1776466339\n|detailschange|p2b: Wasteland Mother|Charizard-Mega-Y, L50, F\n|-mega|p2b: Wasteland Mother|Charizard|Charizardite Y\n|-weather|SunnyDay|[from] ability: Drought|[of] p2b: Wasteland Mother\n|move|p2a: Wolfey|Fake Out|p1b: Garchomp\n|-damage|p1b: Garchomp|86/100\n|-damage|p2a: Wolfey|88/100|[from] ability: Rough Skin|[of] p1b: Garchomp\n|cant|p1b: Garchomp|flinch\n|move|p2b: Wasteland Mother|Heat Wave|p1a: Glimmora|[spread] p1a,p1b\n|-resisted|p1a: Glimmora|1\n|-resisted|p1b: Garchomp|1\n|-damage|p1a: Glimmora|53/100\n|-damage|p1b: Garchomp|44/100\n|move|p1a: Glimmora|Substitute|p1a: Glimmora\n|-start|p1a: Glimmora|Substitute\n|-damage|p1a: Glimmora|28/100\n|\n|-weather|SunnyDay|[upkeep]\n|upkeep\n|turn|2\n|inactive|Loglord142 has 30 seconds left.\n|\n|t:|1776466368\n|move|p2b: Wasteland Mother|Protect|p2b: Wasteland Mother\n|-singleturn|p2b: Wasteland Mother|Protect\n|move|p1b: Garchomp|Rock Slide|p2b: Wasteland Mother|[spread] p2a\n|-activate|p2b: Wasteland Mother|move: Protect\n|-supereffective|p2a: Wolfey|1\n|-damage|p2a: Wolfey|62/100\n|move|p1a: Glimmora|Power Gem|p2a: Wolfey\n|-supereffective|p2a: Wolfey|1\n|-damage|p2a: Wolfey|0 fnt\n|faint|p2a: Wolfey\n|\n|-weather|SunnyDay|[upkeep]\n|upkeep\n|\n|t:|1776466382\n|switch|p2a: bite :3|Garchomp, L50, M|100/100\n|turn|3\n|\n|t:|1776466393\n|move|p1b: Garchomp|Rock Slide|p2a: bite :3|[spread] p2a,p2b\n|-resisted|p2a: bite :3|1\n|-supereffective|p2b: Wasteland Mother|2\n|-damage|p2a: bite :3|94/100\n|-damage|p2b: Wasteland Mother|25/100\n|cant|p2a: bite :3|flinch\n|move|p2b: Wasteland Mother|Heat Wave|p1a: Glimmora|[spread] p1a,p1b\n|-resisted|p1a: Glimmora|1\n|-end|p1a: Glimmora|Substitute\n|-resisted|p1b: Garchomp|1\n|-damage|p1b: Garchomp|7/100\n|move|p1a: Glimmora|Sludge Bomb|p2a: bite :3\n|-resisted|p2a: bite :3|1\n|-damage|p2a: bite :3|68/100\n|\n|-weather|SunnyDay|[upkeep]\n|upkeep\n|turn|4\n|\n|t:|1776466416\n|move|p2b: Wasteland Mother|Protect|p2b: Wasteland Mother\n|-singleturn|p2b: Wasteland Mother|Protect\n|move|p1a: Glimmora|Spiky Shield|p1a: Glimmora\n|-singleturn|p1a: Glimmora|move: Protect\n|move|p1b: Garchomp|Rock Slide|p2a: bite :3|[spread] \n|-activate|p2b: Wasteland Mother|move: Protect\n|-miss|p1b: Garchomp|p2a: bite :3\n|move|p2a: bite :3|Rock Slide|p1a: Glimmora|[spread] p1b\n|-activate|p1a: Glimmora|move: Protect\n|-resisted|p1b: Garchomp|1\n|-damage|p1b: Garchomp|0 fnt\n|faint|p1b: Garchomp\n|\n|-weather|SunnyDay|[upkeep]\n|upkeep\n|\n|t:|1776466427\n|switch|p1b: Ninetales|Ninetales-Alola, L50, F|100/100\n|-weather|Snowscape|[from] ability: Snow Warning|[of] p1b: Ninetales\n|turn|5\n|inactive|Loglord142 has 30 seconds left.\n|\n|t:|1776466456\n|switch|p2b: Not a Cactus|Venusaur, L50, M|100/100\n|switch|p1a: Gyarados|Gyarados, L50, M|100/100\n|-ability|p1a: Gyarados|Intimidate|boost\n|-unboost|p2a: bite :3|atk|1\n|-unboost|p2b: Not a Cactus|atk|1\n|move|p2a: bite :3|Protect|p2a: bite :3\n|-singleturn|p2a: bite :3|Protect\n|move|p1b: Ninetales|Blizzard|p2a: bite :3|[spread] p2b\n|-activate|p2a: bite :3|move: Protect\n|-supereffective|p2b: Not a Cactus|1\n|-damage|p2b: Not a Cactus|37/100\n|\n|-weather|Snowscape|[upkeep]\n|-heal|p2b: Not a Cactus|43/100|[from] item: Leftovers\n|upkeep\n|turn|6\n|\n|t:|1776466479\n|switch|p2b: Wasteland Mother|Charizard-Mega-Y, L50, F|25/100\n|-weather|SunnyDay|[from] ability: Drought|[of] p2b: Wasteland Mother\n|move|p2a: bite :3|Rock Slide|p1b: Ninetales|[spread] p1a,p1b\n|-supereffective|p1a: Gyarados|1\n|-supereffective|p1b: Ninetales|1\n|-damage|p1a: Gyarados|69/100\n|-damage|p1b: Ninetales|59/100\n|cant|p1b: Ninetales|flinch\n|move|p1a: Gyarados|Dragon Dance|p1a: Gyarados\n|-boost|p1a: Gyarados|atk|1\n|-boost|p1a: Gyarados|spe|1\n|\n|-weather|SunnyDay|[upkeep]\n|upkeep\n|turn|7\n|inactive|LeoOmg has 30 seconds left.\n|\n|t:|1776466507\n|switch|p1b: Glimmora|Glimmora, L50, F|28/100\n|move|p1a: Gyarados|Crunch|p2a: bite :3\n|-damage|p2a: bite :3|32/100\n|-damage|p1a: Gyarados|57/100|[from] ability: Rough Skin|[of] p2a: bite :3\n|move|p2a: bite :3|Rock Slide|p1b: Glimmora|[spread] p1a\n|-miss|p2a: bite :3|p1b: Glimmora\n|-supereffective|p1a: Gyarados|1\n|-damage|p1a: Gyarados|25/100\n|move|p2b: Wasteland Mother|Heat Wave|p1a: Gyarados|[spread] p1b\n|-miss|p2b: Wasteland Mother|p1a: Gyarados\n|-resisted|p1b: Glimmora|1\n|-damage|p1b: Glimmora|0 fnt\n|faint|p1b: Glimmora\n|\n|-weather|SunnyDay|[upkeep]\n|upkeep\n|\n|t:|1776466518\n|switch|p1b: Ninetales|Ninetales-Alola, L50, F|59/100\n|-weather|Snowscape|[from] ability: Snow Warning|[of] p1b: Ninetales\n|turn|8\n|\n|t:|1776466541\n|switch|p2b: Not a Cactus|Venusaur, L50, M|43/100\n|move|p1a: Gyarados|Dragon Dance|p1a: Gyarados\n|-boost|p1a: Gyarados|atk|1\n|-boost|p1a: Gyarados|spe|1\n|move|p2a: bite :3|Rock Slide|p1b: Ninetales|[spread] p1a,p1b\n|-supereffective|p1a: Gyarados|1\n|-supereffective|p1b: Ninetales|1\n|-damage|p1a: Gyarados|0 fnt\n|-damage|p1b: Ninetales|33/100\n|faint|p1a: Gyarados\n|move|p1b: Ninetales|Aurora Veil|p1b: Ninetales\n|-sidestart|p1: LeoOmg|move: Aurora Veil\n|\n|-weather|Snowscape|[upkeep]\n|-heal|p2b: Not a Cactus|49/100|[from] item: Leftovers\n|upkeep\n|turn|9\n|inactive|Loglord142 has 30 seconds left.\n|inactive|Loglord142 has 20 seconds left.\n|\n|t:|1776466579\n|move|p2a: bite :3|Rock Slide|p1b: Ninetales\n|-supereffective|p1b: Ninetales|1\n|-crit|p1b: Ninetales\n|-damage|p1b: Ninetales|0 fnt\n|faint|p1b: Ninetales\n|\n|win|Loglord142\n|raw|LeoOmg's rating: 1093 &rarr; <strong>1074</strong><br />(-19 for losing)\n|raw|Loglord142's rating: 1160 &rarr; <strong>1180</strong><br />(+20 for winning)\n|l|\u2606LeoOmg\n|player|p1|\n",
  "uploadtime": 1776466612,
  "views": 23,
  "formatid": "gen9championsvgc2026regma",
  "rating": 1074,
  "private": 0,
  "password": null
}