{
  "id": "gen9championsvgc2026regma-2581398454",
  "format": "[Gen 9 Champions] VGC 2026 Reg M-A",
  "players": [
    "alexgohan",
    "DesgraciadoCS"
  ],
  "log": "|j|\u2606alexgohan\n|j|\u2606DesgraciadoCS\n|t:|1775996235\n|gametype|doubles\n|player|p1|alexgohan|1|1006\n|player|p2|DesgraciadoCS|lance|1000\n|gen|9\n|tier|[Gen 9 Champions] VGC 2026 Reg M-A\n|rated|\n|rule|Species Clause: Limit one of each Pok\u00e9mon\n|rule|Item Clause: Limit 1 of each item\n|clearpoke\n|poke|p1|Empoleon, L50, M|\n|poke|p1|Whimsicott, L50, F|\n|poke|p1|Garchomp, L50, M|\n|poke|p1|Typhlosion-Hisui, L50, F|\n|poke|p1|Incineroar, L50, F|\n|poke|p1|Sneasler, L50, F|\n|poke|p2|Delphox, L50, M|\n|poke|p2|Whimsicott, L50, F|\n|poke|p2|Garchomp, L50, M|\n|poke|p2|Incineroar, L50, F|\n|poke|p2|Sinistcha, L50|\n|poke|p2|Rotom-Wash, L50|\n|teampreview|4\n|inactive|Battle timer is ON: inactive players will automatically lose when time's up. (requested by alexgohan)\n|\n|t:|1775996262\n|teamsize|p1|4\n|teamsize|p2|4\n|start\n|switch|p1a: Empoleon|Empoleon, L50, M|100/100\n|switch|p1b: Typhlosion|Typhlosion-Hisui, L50, F|100/100\n|switch|p2a: Delphox|Delphox, L50, M|100/100\n|switch|p2b: Whimsicott|Whimsicott, L50, F|100/100\n|-item|p2a: Delphox|Delphoxite|[from] ability: Frisk|[of] p1b: Typhlosion\n|-item|p2b: Whimsicott|Focus Sash|[from] ability: Frisk|[of] p1b: Typhlosion\n|turn|1\n|\n|t:|1775996280\n|switch|p1b: Whimsicott|Whimsicott, L50, F|100/100\n|move|p2a: Delphox|Protect|p2a: Delphox\n|-singleturn|p2a: Delphox|Protect\n|move|p2b: Whimsicott|Tailwind|p2b: Whimsicott\n|-sidestart|p2: DesgraciadoCS|move: Tailwind\n|move|p1a: Empoleon|Ice Beam|p2b: Whimsicott\n|-supereffective|p2b: Whimsicott|1\n|-damage|p2b: Whimsicott|22/100\n|\n|upkeep\n|turn|2\n|\n|t:|1775996299\n|detailschange|p2a: Delphox|Delphox-Mega, L50, M\n|-mega|p2a: Delphox|Delphox|Delphoxite\n|move|p2b: Whimsicott|Sunny Day|p2b: Whimsicott\n|-weather|SunnyDay\n|move|p1b: Whimsicott|Encore|p2a: Delphox\n|-start|p2a: Delphox|Encore\n|move|p2a: Delphox|Protect||[still]\n|-fail|p2a: Delphox\n|move|p1a: Empoleon|Ice Beam|p2b: Whimsicott\n|-supereffective|p2b: Whimsicott|1\n|-damage|p2b: Whimsicott|0 fnt\n|faint|p2b: Whimsicott\n|\n|-weather|SunnyDay|[upkeep]\n|upkeep\n|\n|t:|1775996316\n|switch|p2b: Incineroar|Incineroar, L50, F|100/100\n|-ability|p2b: Incineroar|Intimidate|boost\n|-unboost|p1a: Empoleon|atk|1\n|-ability|p1a: Empoleon|Competitive|boost\n|-boost|p1a: Empoleon|spa|2\n|-unboost|p1b: Whimsicott|atk|1\n|turn|3\n|\n|t:|1775996327\n|move|p2a: Delphox|Protect|p2a: Delphox\n|-singleturn|p2a: Delphox|Protect\n|move|p2b: Incineroar|Fake Out|p1b: Whimsicott\n|-damage|p1b: Whimsicott|86/100\n|cant|p1b: Whimsicott|flinch\n|move|p1a: Empoleon|Vacuum Wave|p2b: Incineroar\n|-supereffective|p2b: Incineroar|1\n|-damage|p2b: Incineroar|69/100\n|\n|-weather|SunnyDay|[upkeep]\n|upkeep\n|turn|4\n|\n|t:|1775996348\n|switch|p1b: Garchomp|Garchomp, L50, M|100/100\n|move|p2a: Delphox|Protect||[still]\n|-fail|p2a: Delphox\n|move|p1a: Empoleon|Vacuum Wave|p2b: Incineroar\n|-supereffective|p2b: Incineroar|1\n|-damage|p2b: Incineroar|37/100\n|-enditem|p2b: Incineroar|Sitrus Berry|[eat]\n|-heal|p2b: Incineroar|62/100|[from] item: Sitrus Berry\n|move|p2b: Incineroar|Flare Blitz|p1b: Garchomp\n|-resisted|p1b: Garchomp|1\n|-damage|p1b: Garchomp|63/100\n|-damage|p2b: Incineroar|50/100|[from] ability: Rough Skin|[of] p1b: Garchomp\n|-damage|p2b: Incineroar|38/100|[from] Recoil\n|\n|-weather|SunnyDay|[upkeep]\n|-end|p2a: Delphox|Encore\n|-sideend|p2: DesgraciadoCS|move: Tailwind\n|upkeep\n|turn|5\n|\n|t:|1775996367\n|detailschange|p1b: Garchomp|Garchomp-Mega, L50, M\n|-mega|p1b: Garchomp|Garchomp|Garchompite\n|move|p2a: Delphox|Dazzling Gleam|p1a: Empoleon|[spread] p1a,p1b\n|-resisted|p1a: Empoleon|1\n|-supereffective|p1b: Garchomp|1\n|-damage|p1a: Empoleon|93/100\n|-damage|p1b: Garchomp|11/100\n|move|p1b: Garchomp|Rock Slide|p2a: Delphox|[spread] p2a,p2b\n|-supereffective|p2a: Delphox|1\n|-supereffective|p2b: Incineroar|1\n|-damage|p2a: Delphox|26/100\n|-damage|p2b: Incineroar|0 fnt\n|faint|p2b: Incineroar\n|move|p1a: Empoleon|Flash Cannon|p2a: Delphox\n|-resisted|p2a: Delphox|1\n|-damage|p2a: Delphox|0 fnt\n|faint|p2a: Delphox\n|\n|-weather|SunnyDay|[upkeep]\n|-heal|p1a: Empoleon|98/100|[from] item: Leftovers\n|upkeep\n|\n|t:|1775996379\n|switch|p2a: Garchomp|Garchomp, L50, M|100/100\n|turn|6\n|-message|DesgraciadoCS forfeited.\n|\n|win|alexgohan\n|raw|alexgohan's rating: 1006 &rarr; <strong>1044</strong><br />(+38 for winning)\n|raw|DesgraciadoCS's rating: 1000 &rarr; <strong>1000</strong><br />(+0 for losing)\n|l|\u2606DesgraciadoCS\n|player|p2|\n",
  "uploadtime": 1775996385,
  "views": 18,
  "formatid": "gen9championsvgc2026regma",
  "rating": 1000,
  "private": 0,
  "password": null
}