{
  "id": "gen9championsvgc2026regma-2586167782",
  "format": "[Gen 9 Champions] VGC 2026 Reg M-A",
  "players": [
    "holdingb",
    "pipievgc103"
  ],
  "log": "|j|\u2606holdingb\n|j|\u2606pipievgc103\n|html|<table width=\"100%\"><tr><td align=\"left\">holdingb</td><td align=\"right\">pipievgc103</tr><tr><td align=\"left\"><i class=\"fa fa-circle\"></i> <i class=\"fa fa-circle-o\"></i> </td><td align=\"right\"><i class=\"fa fa-circle-o\"></i> <i class=\"fa fa-circle-o\"></i> </tr></table>\n|uhtml|bestof|<h2><strong>Game 2</strong> of <a href=\"/game-bestof3-gen9championsvgc2026regma-2586164141\">a best-of-3</a></h2>\n|t:|1776407638\n|gametype|doubles\n|player|p1|holdingb|266|\n|player|p2|pipievgc103|doctor-gen8|\n|gen|9\n|tier|[Gen 9 Champions] VGC 2026 Reg M-A\n|rated|Tournament battle\n|rule|Species Clause: Limit one of each Pok\u00e9mon\n|rule|Item Clause: Limit 1 of each item\n|raw|<div class=\"infobox\"><details class=\"readmore\" open><summary><strong>2 custom rules:</strong></summary> Force Open Team Sheets, Best of = 3</details></div>\n|clearpoke\n|poke|p1|Meowscarada, L50, M|\n|poke|p1|Dragapult, L50, M|\n|poke|p1|Rotom-Wash, L50|\n|poke|p1|Corviknight, L50, F|\n|poke|p1|Charizard, L50, F|\n|poke|p1|Sneasler, L50, F|\n|poke|p2|Gengar, L50, M|\n|poke|p2|Sneasler, L50, M|\n|poke|p2|Kingambit, L50, M|\n|poke|p2|Sinistcha, L50|\n|poke|p2|Basculegion, L50, M|\n|poke|p2|Politoed, L50, M|\n|teampreview|4\n|showteam|p1|Meowscarada||ChoiceScarf|Protean|FlowerTrick,ThroatChop,TripleAxel,ThunderPunch|||M|||50|]Dragapult||FocusSash|ClearBody|PhantomForce,DragonDarts,PsychicFangs,Protect|||M|||50|]Rotom-Wash||SitrusBerry|Levitate|HydroPump,VoltSwitch,Protect,WillOWisp||||||50|]Corviknight||Leftovers|Unnerve|BodyPress,IronHead,IronDefense,Roost|||F|||50|]Charizard||CharizarditeY|SolarPower|HeatWave,WeatherBall,SolarBeam,Protect|||F|||50|]Sneasler||WhiteHerb|Unburden|FakeOut,CloseCombat,DireClaw,RockTomb|||F|||50|\n|showteam|p2|Gengar||Gengarite|CursedBody|Protect,IcyWind,SludgeBomb,ShadowBall|||M|||50|]Sneasler||WhiteHerb|Unburden|Protect,FakeOut,CloseCombat,DireClaw|||M|||50|]Kingambit||BlackGlasses|Defiant|SuckerPunch,KowtowCleave,Protect,LowKick|||M|||50|]Sinistcha||Leftovers|Hospitality|MatchaGotcha,RagePowder,LifeDew,Protect||||||50|]Basculegion||ChoiceScarf|SwiftSwim|WaveCrash,LastRespects,FlipTurn,AquaJet|||M|||50|]Politoed||SitrusBerry|Drizzle|MuddyWater,IcyWind,PerishSong,Protect|||M|||50|\n|inactive|Battle timer is ON: inactive players will automatically lose when time's up. (requested by holdingb)\n|j| OnToTheOther\n|j| Alejop88\n|inactive|holdingb has 60 seconds left.\n|inactive|pipievgc103 has 60 seconds left.\n|inactive|holdingb has 30 seconds left.\n|\n|t:|1776407705\n|teamsize|p1|4\n|teamsize|p2|4\n|start\n|switch|p1a: Sneasler|Sneasler, L50, F|100/100\n|switch|p1b: Dragapult|Dragapult, L50, M|100/100\n|switch|p2a: Sneasler|Sneasler, L50, M, shiny|100/100\n|switch|p2b: Kingambit|Kingambit, L50, M, shiny|100/100\n|turn|1\n|\n|t:|1776407720\n|move|p2a: Sneasler|Fake Out|p1a: Sneasler\n|-damage|p1a: Sneasler|84/100\n|move|p1b: Dragapult|Psychic Fangs|p2a: Sneasler\n|-supereffective|p2a: Sneasler|2\n|-damage|p2a: Sneasler|0 fnt\n|faint|p2a: Sneasler\n|cant|p1a: Sneasler|flinch\n|move|p2b: Kingambit|Kowtow Cleave|p1b: Dragapult\n|-supereffective|p1b: Dragapult|1\n|-enditem|p1b: Dragapult|Focus Sash\n|-damage|p1b: Dragapult|1/100\n|\n|upkeep\n|\n|t:|1776407738\n|switch|p2a: Gengar|Gengar, L50, M, shiny|100/100\n|turn|2\n|inactive|pipievgc103 has 30 seconds left.\n|inactive|pipievgc103 has 20 seconds left.\n|inactive|pipievgc103 has 15 seconds left.\n|inactive|pipievgc103 has 10 seconds left.\n|\n|t:|1776407787\n|detailschange|p2a: Gengar|Gengar-Mega, L50, M, shiny\n|-mega|p2a: Gengar|Gengar|Gengarite\n|move|p1b: Dragapult|Protect|p1b: Dragapult\n|-singleturn|p1b: Dragapult|Protect\n|move|p2b: Kingambit|Protect|p2b: Kingambit\n|-singleturn|p2b: Kingambit|Protect\n|move|p2a: Gengar|Shadow Ball|p1a: Sneasler\n|-damage|p1a: Sneasler|27/100\n|move|p1a: Sneasler|Close Combat|p2b: Kingambit\n|-activate|p2b: Kingambit|move: Protect\n|\n|upkeep\n|turn|3\n|j| venson04\n|inactive|holdingb has 30 seconds left.\n|inactive|pipievgc103 has 30 seconds left.\n|\n|t:|1776407816\n|switch|p1b: Charizard|Charizard, L50, F|100/100\n|move|p2b: Kingambit|Sucker Punch|p1a: Sneasler\n|-resisted|p1a: Sneasler|1\n|-damage|p1a: Sneasler|1/100\n|move|p2a: Gengar|Shadow Ball|p1a: Sneasler\n|-damage|p1a: Sneasler|0 fnt\n|faint|p1a: Sneasler\n|\n|upkeep\n|\n|t:|1776407830\n|switch|p1a: Dragapult|Dragapult, L50, M|1/100\n|turn|4\n|inactive|pipievgc103 has 30 seconds left.\n|inactive|pipievgc103 has 20 seconds left.\n|\n|t:|1776407868\n|detailschange|p1b: Charizard|Charizard-Mega-Y, L50, F\n|-mega|p1b: Charizard|Charizard|Charizardite Y\n|-weather|SunnyDay|[from] ability: Drought|[of] p1b: Charizard\n|move|p2b: Kingambit|Sucker Punch|p1b: Charizard\n|-damage|p1b: Charizard|36/100\n|move|p1a: Dragapult|Phantom Force||[still]\n|-prepare|p1a: Dragapult|Phantom Force\n|move|p2a: Gengar|Shadow Ball|p1b: Charizard\n|-damage|p1b: Charizard|0 fnt\n|faint|p1b: Charizard\n|\n|-weather|SunnyDay|[upkeep]\n|upkeep\n|\n|t:|1776407879\n|switch|p1b: Corviknight|Corviknight, L50, F|100/100\n|-ability|p1b: Corviknight|Unnerve\n|turn|5\n|\n|t:|1776407891\n|move|p2a: Gengar|Protect|p2a: Gengar\n|-singleturn|p2a: Gengar|Protect\n|move|p1a: Dragapult|Phantom Force|p2a: Gengar|[from] lockedmove\n|-activate|p2a: Gengar|move: Phantom Force|[broken]\n|-supereffective|p2a: Gengar|1\n|-damage|p2a: Gengar|0 fnt\n|faint|p2a: Gengar\n|move|p1b: Corviknight|Iron Defense|p1b: Corviknight\n|-boost|p1b: Corviknight|def|2\n|move|p2b: Kingambit|Kowtow Cleave|p1a: Dragapult\n|-supereffective|p1a: Dragapult|1\n|-damage|p1a: Dragapult|0 fnt\n|faint|p1a: Dragapult\n|\n|-weather|SunnyDay|[upkeep]\n|upkeep\n|\n|t:|1776407905\n|switch|p2a: Sinistcha|Sinistcha, L50, shiny|100/100\n|turn|6\n|\n|t:|1776407923\n|move|p2a: Sinistcha|Rage Powder|p2a: Sinistcha\n|-singleturn|p2a: Sinistcha|move: Rage Powder\n|move|p1b: Corviknight|Iron Defense|p1b: Corviknight\n|-boost|p1b: Corviknight|def|2\n|move|p2b: Kingambit|Kowtow Cleave|p1b: Corviknight\n|-damage|p1b: Corviknight|88/100\n|\n|-weather|SunnyDay|[upkeep]\n|-heal|p1b: Corviknight|94/100|[from] item: Leftovers\n|upkeep\n|turn|7\n|\n|t:|1776407935\n|move|p2a: Sinistcha|Rage Powder|p2a: Sinistcha\n|-singleturn|p2a: Sinistcha|move: Rage Powder\n|move|p1b: Corviknight|Iron Head|p2a: Sinistcha\n|-damage|p2a: Sinistcha|80/100\n|move|p2b: Kingambit|Kowtow Cleave|p1b: Corviknight\n|-damage|p1b: Corviknight|81/100\n|\n|-weather|SunnyDay|[upkeep]\n|-heal|p2a: Sinistcha|86/100|[from] item: Leftovers\n|-heal|p1b: Corviknight|87/100|[from] item: Leftovers\n|upkeep\n|turn|8\n|\n|t:|1776407954\n|move|p2a: Sinistcha|Rage Powder|p2a: Sinistcha\n|-singleturn|p2a: Sinistcha|move: Rage Powder\n|move|p1b: Corviknight|Iron Defense|p1b: Corviknight\n|-boost|p1b: Corviknight|def|2\n|move|p2b: Kingambit|Kowtow Cleave|p1b: Corviknight\n|-damage|p1b: Corviknight|76/100\n|\n|-weather|none\n|-heal|p2a: Sinistcha|93/100|[from] item: Leftovers\n|-heal|p1b: Corviknight|83/100|[from] item: Leftovers\n|upkeep\n|turn|9\n|\n|t:|1776407966\n|move|p2a: Sinistcha|Rage Powder|p2a: Sinistcha\n|-singleturn|p2a: Sinistcha|move: Rage Powder\n|move|p1b: Corviknight|Iron Head|p2a: Sinistcha\n|-damage|p2a: Sinistcha|74/100\n|move|p2b: Kingambit|Kowtow Cleave|p1b: Corviknight\n|-damage|p1b: Corviknight|73/100\n|\n|-heal|p2a: Sinistcha|80/100|[from] item: Leftovers\n|-heal|p1b: Corviknight|79/100|[from] item: Leftovers\n|upkeep\n|turn|10\n|\n|t:|1776407980\n|move|p2a: Sinistcha|Rage Powder|p2a: Sinistcha\n|-singleturn|p2a: Sinistcha|move: Rage Powder\n|move|p1b: Corviknight|Body Press|p2a: Sinistcha\n|-immune|p2a: Sinistcha\n|move|p2b: Kingambit|Kowtow Cleave|p1b: Corviknight\n|-damage|p1b: Corviknight|70/100\n|\n|-heal|p2a: Sinistcha|86/100|[from] item: Leftovers\n|-heal|p1b: Corviknight|76/100|[from] item: Leftovers\n|upkeep\n|turn|11\n|\n|t:|1776407991\n|move|p2a: Sinistcha|Rage Powder|p2a: Sinistcha\n|-singleturn|p2a: Sinistcha|move: Rage Powder\n|move|p1b: Corviknight|Iron Defense|p1b: Corviknight\n|-boost|p1b: Corviknight|def|0\n|move|p2b: Kingambit|Kowtow Cleave|p1b: Corviknight\n|-damage|p1b: Corviknight|66/100\n|\n|-heal|p2a: Sinistcha|92/100|[from] item: Leftovers\n|-heal|p1b: Corviknight|72/100|[from] item: Leftovers\n|upkeep\n|turn|12\n|j|%Tb0lt\n|\n|t:|1776408008\n|move|p2a: Sinistcha|Rage Powder|p2a: Sinistcha\n|-singleturn|p2a: Sinistcha|move: Rage Powder\n|move|p1b: Corviknight|Iron Defense|p1b: Corviknight\n|-boost|p1b: Corviknight|def|0\n|move|p2b: Kingambit|Kowtow Cleave|p1b: Corviknight\n|-damage|p1b: Corviknight|63/100\n|\n|-heal|p2a: Sinistcha|98/100|[from] item: Leftovers\n|-heal|p1b: Corviknight|69/100|[from] item: Leftovers\n|upkeep\n|turn|13\n|\n|t:|1776408021\n|move|p2a: Sinistcha|Rage Powder|p2a: Sinistcha\n|-singleturn|p2a: Sinistcha|move: Rage Powder\n|move|p1b: Corviknight|Roost|p1b: Corviknight\n|-heal|p1b: Corviknight|100/100\n|-singleturn|p1b: Corviknight|move: Roost\n|move|p2b: Kingambit|Kowtow Cleave|p1b: Corviknight\n|-damage|p1b: Corviknight|91/100\n|\n|-heal|p2a: Sinistcha|100/100|[from] item: Leftovers\n|-heal|p1b: Corviknight|97/100|[from] item: Leftovers\n|upkeep\n|turn|14\n|\n|t:|1776408038\n|move|p2b: Kingambit|Protect|p2b: Kingambit\n|-singleturn|p2b: Kingambit|Protect\n|move|p2a: Sinistcha|Matcha Gotcha|p1b: Corviknight|[miss]\n|-miss|p2a: Sinistcha|p1b: Corviknight\n|move|p1b: Corviknight|Iron Defense|p1b: Corviknight\n|-boost|p1b: Corviknight|def|0\n|\n|-heal|p1b: Corviknight|100/100|[from] item: Leftovers\n|upkeep\n|turn|15\n|j| mysticmarshtomp\n|\n|t:|1776408052\n|move|p2a: Sinistcha|Rage Powder|p2a: Sinistcha\n|-singleturn|p2a: Sinistcha|move: Rage Powder\n|move|p1b: Corviknight|Iron Head|p2a: Sinistcha\n|-damage|p2a: Sinistcha|83/100\n|move|p2b: Kingambit|Kowtow Cleave|p1b: Corviknight\n|-damage|p1b: Corviknight|91/100\n|\n|-heal|p2a: Sinistcha|89/100|[from] item: Leftovers\n|-heal|p1b: Corviknight|97/100|[from] item: Leftovers\n|upkeep\n|turn|16\n|\n|t:|1776408062\n|move|p2b: Kingambit|Protect|p2b: Kingambit\n|-singleturn|p2b: Kingambit|Protect\n|move|p2a: Sinistcha|Matcha Gotcha|p1b: Corviknight\n|-resisted|p1b: Corviknight|2\n|-damage|p1b: Corviknight|91/100\n|-heal|p2a: Sinistcha|93/100|[from] drain|[of] p1b: Corviknight\n|move|p1b: Corviknight|Body Press|p2b: Kingambit\n|-activate|p2b: Kingambit|move: Protect\n|\n|-heal|p2a: Sinistcha|99/100|[from] item: Leftovers\n|-heal|p1b: Corviknight|97/100|[from] item: Leftovers\n|upkeep\n|turn|17\n|l|%Tb0lt\n|\n|t:|1776408083\n|move|p2a: Sinistcha|Rage Powder|p2a: Sinistcha\n|-singleturn|p2a: Sinistcha|move: Rage Powder\n|move|p1b: Corviknight|Iron Head|p2a: Sinistcha\n|-damage|p2a: Sinistcha|80/100\n|move|p2b: Kingambit|Low Kick|p1b: Corviknight\n|-damage|p1b: Corviknight|92/100\n|\n|-heal|p2a: Sinistcha|86/100|[from] item: Leftovers\n|-heal|p1b: Corviknight|98/100|[from] item: Leftovers\n|upkeep\n|turn|18\n|\n|t:|1776408096\n|move|p2b: Kingambit|Protect|p2b: Kingambit\n|-singleturn|p2b: Kingambit|Protect\n|move|p2a: Sinistcha|Matcha Gotcha|p1b: Corviknight\n|-resisted|p1b: Corviknight|2\n|-damage|p1b: Corviknight|91/100\n|-heal|p2a: Sinistcha|90/100|[from] drain|[of] p1b: Corviknight\n|move|p1b: Corviknight|Iron Head|p2a: Sinistcha\n|-damage|p2a: Sinistcha|74/100\n|\n|-heal|p2a: Sinistcha|80/100|[from] item: Leftovers\n|-heal|p1b: Corviknight|97/100|[from] item: Leftovers\n|upkeep\n|turn|19\n|j|%Tb0lt\n|l|%Tb0lt\n|\n|t:|1776408119\n|move|p2a: Sinistcha|Rage Powder|p2a: Sinistcha\n|-singleturn|p2a: Sinistcha|move: Rage Powder\n|move|p1b: Corviknight|Iron Head|p2a: Sinistcha\n|-damage|p2a: Sinistcha|61/100\n|move|p2b: Kingambit|Low Kick|p1b: Corviknight\n|-damage|p1b: Corviknight|92/100\n|\n|-heal|p2a: Sinistcha|67/100|[from] item: Leftovers\n|-heal|p1b: Corviknight|98/100|[from] item: Leftovers\n|upkeep\n|turn|20\n|l| OnToTheOther\n|\n|t:|1776408139\n|move|p2b: Kingambit|Protect|p2b: Kingambit\n|-singleturn|p2b: Kingambit|Protect\n|move|p2a: Sinistcha|Life Dew||[still]|[spread] p2a,p2b\n|-heal|p2a: Sinistcha|93/100\n|-fail|p2b: Kingambit|heal\n|move|p1b: Corviknight|Iron Head|p2a: Sinistcha\n|-damage|p2a: Sinistcha|74/100\n|\n|-heal|p2a: Sinistcha|80/100|[from] item: Leftovers\n|-heal|p1b: Corviknight|100/100|[from] item: Leftovers\n|upkeep\n|turn|21\n|\n|t:|1776408161\n|move|p2a: Sinistcha|Rage Powder|p2a: Sinistcha\n|-singleturn|p2a: Sinistcha|move: Rage Powder\n|move|p1b: Corviknight|Iron Head|p2a: Sinistcha\n|-damage|p2a: Sinistcha|62/100\n|move|p2b: Kingambit|Kowtow Cleave|p1b: Corviknight\n|-damage|p1b: Corviknight|91/100\n|\n|-heal|p2a: Sinistcha|68/100|[from] item: Leftovers\n|-heal|p1b: Corviknight|97/100|[from] item: Leftovers\n|upkeep\n|turn|22\n|\n|t:|1776408174\n|move|p2b: Kingambit|Protect|p2b: Kingambit\n|-singleturn|p2b: Kingambit|Protect\n|move|p2a: Sinistcha|Matcha Gotcha|p1b: Corviknight|[miss]\n|-miss|p2a: Sinistcha|p1b: Corviknight\n|move|p1b: Corviknight|Iron Head|p2a: Sinistcha\n|-damage|p2a: Sinistcha|51/100\n|\n|-heal|p2a: Sinistcha|57/100|[from] item: Leftovers\n|-heal|p1b: Corviknight|100/100|[from] item: Leftovers\n|upkeep\n|turn|23\n|j| OnToTheOther\n|inactive|pipievgc103 has 30 seconds left.\n|inactive|pipievgc103 has 20 seconds left.\n|inactive|pipievgc103 has 15 seconds left.\n|inactive|pipievgc103 has 10 seconds left.\n|inactive|pipievgc103 has 5 seconds left.\n|\n|t:|1776408212\n|move|p2a: Sinistcha|Rage Powder|p2a: Sinistcha\n|-singleturn|p2a: Sinistcha|move: Rage Powder\n|move|p1b: Corviknight|Body Press|p2a: Sinistcha\n|-immune|p2a: Sinistcha\n|move|p2b: Kingambit|Low Kick|p1b: Corviknight\n|-damage|p1b: Corviknight|95/100\n|\n|-heal|p2a: Sinistcha|63/100|[from] item: Leftovers\n|-heal|p1b: Corviknight|100/100|[from] item: Leftovers\n|upkeep\n|turn|24\n|inactive|pipievgc103 has 5 seconds left this turn.\n|-message|pipievgc103 lost due to inactivity.\n|\n|win|holdingb\n|l| mysticmarshtomp\n",
  "uploadtime": 1776408222,
  "views": 17,
  "formatid": "gen9championsvgc2026regma",
  "rating": null,
  "private": 0,
  "password": null
}