{
  "id": "gen9championsvgc2026regma-2581297030",
  "format": "[Gen 9 Champions] VGC 2026 Reg M-A",
  "players": [
    "lemond",
    "Zappyzap01"
  ],
  "log": "|j|\u2606lemond\n|j|\u2606Zappyzap01\n|t:|1775982972\n|gametype|doubles\n|player|p1|lemond|102|1313\n|player|p2|Zappyzap01|benga|1315\n|gen|9\n|tier|[Gen 9 Champions] VGC 2026 Reg M-A\n|rated|\n|rule|Species Clause: Limit one of each Pok\u00e9mon\n|rule|Item Clause: Limit 1 of each item\n|clearpoke\n|poke|p1|Tyranitar, L50, F|\n|poke|p1|Excadrill, L50, F|\n|poke|p1|Gyarados, L50, F|\n|poke|p1|Gardevoir, L50, M|\n|poke|p1|Sinistcha, L50|\n|poke|p1|Rotom-Heat, L50|\n|poke|p2|Sylveon, L50, F|\n|poke|p2|Camerupt, L50, M|\n|poke|p2|Sableye, L50, M|\n|poke|p2|Oranguru, L50, M|\n|poke|p2|Torkoal, L50, M|\n|poke|p2|Meganium, L50, F|\n|teampreview|4\n|inactive|Battle timer is ON: inactive players will automatically lose when time's up. (requested by lemond)\n|j| gE1xjZRtuhW2DdT0AK\n|inactive|lemond has 60 seconds left.\n|inactive|Zappyzap01 has 60 seconds left.\n|\n|t:|1775983017\n|teamsize|p1|4\n|teamsize|p2|4\n|start\n|switch|p1a: Excadrill|Excadrill, L50, F|100/100\n|switch|p1b: Rotom|Rotom-Heat, L50|100/100\n|switch|p2a: Oranguru|Oranguru, L50, M, shiny|100/100\n|switch|p2b: Sylveon|Sylveon, L50, F, shiny|100/100\n|turn|1\n|inactive|lemond has 30 seconds left.\n|\n|t:|1775983044\n|move|p1b: Rotom|Discharge|p2a: Oranguru|[spread] p2a,p2b\n|-immune|p1a: Excadrill\n|-damage|p2a: Oranguru|81/100\n|-damage|p2b: Sylveon|80/100\n|move|p1a: Excadrill|Earthquake|p2b: Sylveon|[spread] p2a,p2b\n|-immune|p1b: Rotom|[from] ability: Levitate\n|-damage|p2a: Oranguru|48/100\n|-damage|p2b: Sylveon|32/100\n|move|p2b: Sylveon|Hyper Voice|p1b: Rotom|[spread] p1a,p1b\n|-resisted|p1a: Excadrill|1\n|-resisted|p1b: Rotom|1\n|-damage|p1a: Excadrill|64/100\n|-damage|p1b: Rotom|67/100\n|move|p2a: Oranguru|Trick Room|p2a: Oranguru\n|-fieldstart|move: Trick Room|[of] p2a: Oranguru\n|\n|upkeep\n|turn|2\n|j| HappyLiga\n|\n|t:|1775983061\n|move|p2b: Sylveon|Hyper Voice|p1b: Rotom|[spread] p1a,p1b\n|-resisted|p1a: Excadrill|1\n|-resisted|p1b: Rotom|1\n|-damage|p1a: Excadrill|30/100\n|-damage|p1b: Rotom|38/100\n|move|p2a: Oranguru|Instruct|p2b: Sylveon\n|-singleturn|p2b: Sylveon|move: Instruct|[of] p2a: Oranguru\n|move|p2b: Sylveon|Hyper Voice|p1b: Rotom|[spread] p1a,p1b\n|-resisted|p1a: Excadrill|1\n|-crit|p1a: Excadrill\n|-resisted|p1b: Rotom|1\n|-damage|p1a: Excadrill|0 fnt\n|-damage|p1b: Rotom|7/100\n|faint|p1a: Excadrill\n|move|p1b: Rotom|Discharge|p2a: Oranguru|[spread] p2a,p2b\n|-damage|p2a: Oranguru|28/100\n|-damage|p2b: Sylveon|12/100\n|\n|upkeep\n|\n|t:|1775983082\n|switch|p1a: Gyarados|Gyarados, L50, F|100/100\n|-ability|p1a: Gyarados|Intimidate|boost\n|-fail|p2a: Oranguru|unboost|Attack|[from] ability: Inner Focus|[of] p2a: Oranguru\n|-unboost|p2b: Sylveon|atk|1\n|turn|3\n|\n|t:|1775983089\n|move|p1a: Gyarados|Protect|p1a: Gyarados\n|-singleturn|p1a: Gyarados|Protect\n|move|p2b: Sylveon|Hyper Voice|p1a: Gyarados|[spread] p1b\n|-activate|p1a: Gyarados|move: Protect\n|-resisted|p1b: Rotom|1\n|-damage|p1b: Rotom|0 fnt\n|faint|p1b: Rotom\n|move|p2a: Oranguru|Instruct|p2b: Sylveon\n|-singleturn|p2b: Sylveon|move: Instruct|[of] p2a: Oranguru\n|move|p2b: Sylveon|Hyper Voice|p1a: Gyarados\n|-activate|p1a: Gyarados|move: Protect\n|\n|upkeep\n|\n|t:|1775983100\n|switch|p1b: Tyranitar|Tyranitar, L50, F|100/100\n|-weather|Sandstorm|[from] ability: Sand Stream|[of] p1b: Tyranitar\n|turn|4\n|\n|t:|1775983107\n|move|p1b: Tyranitar|Protect|p1b: Tyranitar\n|-singleturn|p1b: Tyranitar|Protect\n|move|p2b: Sylveon|Hyper Voice|p1b: Tyranitar|[spread] p1a\n|-activate|p1b: Tyranitar|move: Protect\n|-damage|p1a: Gyarados|63/100\n|move|p2a: Oranguru|Instruct|p2b: Sylveon\n|-singleturn|p2b: Sylveon|move: Instruct|[of] p2a: Oranguru\n|move|p2b: Sylveon|Hyper Voice|p1b: Tyranitar|[spread] p1a\n|-activate|p1b: Tyranitar|move: Protect\n|-damage|p1a: Gyarados|27/100\n|move|p1a: Gyarados|Waterfall|p2b: Sylveon\n|-damage|p2b: Sylveon|0 fnt\n|faint|p2b: Sylveon\n|\n|-weather|Sandstorm|[upkeep]\n|-damage|p2a: Oranguru|22/100|[from] Sandstorm\n|-damage|p1a: Gyarados|21/100|[from] Sandstorm\n|-heal|p1a: Gyarados|27/100|[from] item: Leftovers\n|upkeep\n|\n|t:|1775983125\n|switch|p2b: Camerupt|Camerupt, L50, M, shiny|100/100\n|turn|5\n|\n|t:|1775983139\n|detailschange|p2b: Camerupt|Camerupt-Mega, L50, M, shiny\n|-mega|p2b: Camerupt|Camerupt|Cameruptite\n|move|p1a: Gyarados|Protect|p1a: Gyarados\n|-singleturn|p1a: Gyarados|Protect\n|move|p2b: Camerupt|Earth Power|p1b: Tyranitar\n|-supereffective|p1b: Tyranitar|1\n|-damage|p1b: Tyranitar|0 fnt\n|faint|p1b: Tyranitar\n|move|p2a: Oranguru|Instruct|p2b: Camerupt\n|-singleturn|p2b: Camerupt|move: Instruct|[of] p2a: Oranguru\n|move|p2b: Camerupt|Earth Power|p1a: Gyarados\n|-activate|p1a: Gyarados|move: Protect\n|\n|-weather|Sandstorm|[upkeep]\n|-damage|p2a: Oranguru|16/100|[from] Sandstorm\n|-damage|p1a: Gyarados|21/100|[from] Sandstorm\n|-heal|p1a: Gyarados|27/100|[from] item: Leftovers\n|-fieldend|move: Trick Room\n|upkeep\n|turn|6\n|\n|t:|1775983159\n|move|p1a: Gyarados|Waterfall|p2b: Camerupt\n|-supereffective|p2b: Camerupt|2\n|-damage|p2b: Camerupt|0 fnt\n|faint|p2b: Camerupt\n|move|p2a: Oranguru|Trick Room|p2a: Oranguru\n|-fieldstart|move: Trick Room|[of] p2a: Oranguru\n|\n|-weather|Sandstorm|[upkeep]\n|-damage|p2a: Oranguru|10/100|[from] Sandstorm\n|-damage|p1a: Gyarados|21/100|[from] Sandstorm\n|-heal|p1a: Gyarados|27/100|[from] item: Leftovers\n|upkeep\n|\n|t:|1775983167\n|switch|p2b: Torkoal|Torkoal, L50, M, shiny|100/100\n|-weather|SunnyDay|[from] ability: Drought|[of] p2b: Torkoal\n|turn|7\n|\n|t:|1775983172\n|move|p2b: Torkoal|Eruption|p1a: Gyarados\n|-resisted|p1a: Gyarados|1\n|-damage|p1a: Gyarados|0 fnt\n|faint|p1a: Gyarados\n|\n|win|Zappyzap01\n|raw|lemond's rating: 1313 &rarr; <strong>1293</strong><br />(-20 for losing)\n|raw|Zappyzap01's rating: 1315 &rarr; <strong>1335</strong><br />(+20 for winning)\n|l|\u2606lemond\n|player|p1|\n|l|\u2606Zappyzap01\n|player|p2|\n|l| HappyLiga\n",
  "uploadtime": 1775983220,
  "views": 40,
  "formatid": "gen9championsvgc2026regma",
  "rating": 1293,
  "private": 0,
  "password": null
}