{
  "id": "gen9championsvgc2026regma-2583132711",
  "format": "[Gen 9 Champions] VGC 2026 Reg M-A",
  "players": [
    "opkil",
    "alibaba999"
  ],
  "log": "|j|\u2606opkil\n|j|\u2606alibaba999\n|t:|1776145952\n|gametype|doubles\n|player|p1|opkil|266|1241\n|player|p2|alibaba999|giovanni|1190\n|gen|9\n|tier|[Gen 9 Champions] VGC 2026 Reg M-A\n|rated|\n|rule|Species Clause: Limit one of each Pok\u00e9mon\n|rule|Item Clause: Limit 1 of each item\n|clearpoke\n|poke|p1|Floette-Eternal, L50, F|\n|poke|p1|Garchomp, L50, F|\n|poke|p1|Aerodactyl, L50, M|\n|poke|p1|Sneasler, L50, F|\n|poke|p1|Incineroar, L50, M|\n|poke|p1|Sinistcha, L50|\n|poke|p2|Froslass, L50, F|\n|poke|p2|Ninetales-Alola, L50, M|\n|poke|p2|Vanilluxe, L50, M|\n|poke|p2|Hawlucha, L50, M|\n|poke|p2|Greninja-*, L50, M|\n|poke|p2|Incineroar, L50, M|\n|teampreview|4\n|inactive|Battle timer is ON: inactive players will automatically lose when time's up. (requested by opkil)\n|inactive|opkil has 60 seconds left.\n|\n|t:|1776145994\n|teamsize|p1|4\n|teamsize|p2|4\n|start\n|switch|p1a: Floette|Floette-Eternal, L50, F|100/100\n|switch|p1b: Sneasler|Sneasler, L50, F|100/100\n|switch|p2a: Froslass|Froslass, L50, F, shiny|100/100\n|switch|p2b: Greninja|Greninja, L50, M, shiny|100/100\n|turn|1\n|\n|t:|1776146005\n|detailschange|p2a: Froslass|Froslass-Mega, L50, F, shiny\n|-mega|p2a: Froslass|Froslass|Froslassite\n|-weather|Snowscape|[from] ability: Snow Warning|[of] p2a: Froslass\n|detailschange|p1a: Floette|Floette-Mega, L50, F\n|-mega|p1a: Floette|Floette|Floettite\n|-ability|p1a: Floette|Fairy Aura\n|move|p1b: Sneasler|Fake Out|p2b: Greninja\n|-damage|p2b: Greninja|76/100\n|cant|p2b: Greninja|flinch\n|move|p2a: Froslass|Aurora Veil|p2a: Froslass\n|-sidestart|p2: alibaba999|move: Aurora Veil\n|move|p1a: Floette|Moonblast|p2a: Froslass\n|-damage|p2a: Froslass|30/100\n|\n|-weather|Snowscape|[upkeep]\n|upkeep\n|turn|2\n|\n|t:|1776146024\n|move|p2a: Froslass|Protect|p2a: Froslass\n|-singleturn|p2a: Froslass|Protect\n|move|p2b: Greninja|Blizzard|p1b: Sneasler|[spread] p1a,p1b\n|-start|p2b: Greninja|typechange|Ice|[from] ability: Protean\n|-crit|p1b: Sneasler\n|-damage|p1a: Floette|71/100\n|-damage|p1b: Sneasler|11/100\n|move|p1b: Sneasler|Coaching|p1a: Floette\n|-boost|p1a: Floette|atk|1\n|-boost|p1a: Floette|def|1\n|move|p1a: Floette|Dazzling Gleam|p2b: Greninja|[spread] p2b\n|-activate|p2a: Froslass|move: Protect\n|-damage|p2b: Greninja|24/100\n|\n|-weather|Snowscape|[upkeep]\n|upkeep\n|turn|3\n|\n|t:|1776146047\n|switch|p2a: Incineroar|Incineroar, L50, M, shiny|100/100\n|-ability|p2a: Incineroar|Intimidate|boost\n|-unboost|p1a: Floette|atk|1\n|-unboost|p1b: Sneasler|atk|1\n|-enditem|p1b: Sneasler|White Herb\n|-clearnegativeboost|p1b: Sneasler|[silent]\n|move|p1b: Sneasler|Dire Claw|p2a: Incineroar\n|-damage|p2a: Incineroar|76/100\n|move|p2b: Greninja|Blizzard|p1a: Floette|[spread] p1a,p1b\n|-damage|p1a: Floette|41/100\n|-damage|p1b: Sneasler|0 fnt\n|faint|p1b: Sneasler\n|move|p1a: Floette|Dazzling Gleam|p2a: Incineroar|[spread] p2a,p2b\n|-damage|p2a: Incineroar|47/100\n|-damage|p2b: Greninja|0 fnt\n|-enditem|p2a: Incineroar|Sitrus Berry|[eat]\n|-heal|p2a: Incineroar|72/100|[from] item: Sitrus Berry\n|faint|p2b: Greninja\n|\n|-weather|Snowscape|[upkeep]\n|upkeep\n|\n|t:|1776146066\n|switch|p2b: Froslass|Froslass-Mega, L50, F, shiny|30/100\n|switch|p1b: Incineroar|Incineroar, L50, M|100/100\n|-ability|p1b: Incineroar|Intimidate|boost\n|-unboost|p2a: Incineroar|atk|1\n|-unboost|p2b: Froslass|atk|1\n|turn|4\n|\n|t:|1776146081\n|move|p1a: Floette|Protect|p1a: Floette\n|-singleturn|p1a: Floette|Protect\n|move|p2a: Incineroar|Fake Out|p1a: Floette\n|-activate|p1a: Floette|move: Protect\n|move|p2b: Froslass|Blizzard|p1b: Incineroar|[spread] p1b\n|-activate|p1a: Floette|move: Protect\n|-resisted|p1b: Incineroar|1\n|-damage|p1b: Incineroar|80/100\n|move|p1b: Incineroar|Throat Chop|p2b: Froslass\n|-supereffective|p2b: Froslass|1\n|-damage|p2b: Froslass|0 fnt\n|faint|p2b: Froslass\n|\n|-weather|Snowscape|[upkeep]\n|upkeep\n|\n|t:|1776146084\n|switch|p2b: Ninetales|Ninetales-Alola, L50, M, shiny|100/100\n|turn|5\n|\n|t:|1776146102\n|move|p2b: Ninetales|Blizzard|p1a: Floette|[spread] p1a,p1b\n|-resisted|p1b: Incineroar|1\n|-damage|p1a: Floette|15/100\n|-damage|p1b: Incineroar|64/100\n|move|p1a: Floette|Dazzling Gleam|p2b: Ninetales|[spread] p2a,p2b\n|-damage|p2a: Incineroar|44/100\n|-damage|p2b: Ninetales|58/100\n|move|p2a: Incineroar|Parting Shot|p1a: Floette\n|-unboost|p1a: Floette|atk|1\n|-unboost|p1a: Floette|spa|1\n|move|p1b: Incineroar|Flare Blitz|p2b: Ninetales\n|-supereffective|p2b: Ninetales|1\n|-damage|p2b: Ninetales|0 fnt\n|faint|p2b: Ninetales\n|-damage|p1b: Incineroar|50/100|[from] Recoil\n|\n|-weather|none\n|-sideend|p2: alibaba999|move: Aurora Veil\n|upkeep\n|turn|6\n|c|\u2606opkil|gg\n|-message|alibaba999 forfeited.\n|\n|win|opkil\n|raw|opkil's rating: 1241 &rarr; <strong>1262</strong><br />(+21 for winning)\n|raw|alibaba999's rating: 1190 &rarr; <strong>1169</strong><br />(-21 for losing)\n|l|\u2606alibaba999\n|player|p2|\n",
  "uploadtime": 1776146134,
  "views": 29,
  "formatid": "gen9championsvgc2026regma",
  "rating": 1169,
  "private": 0,
  "password": null
}