{
  "id": "gen9championsvgc2026regma-2584857241",
  "format": "[Gen 9 Champions] VGC 2026 Reg M-A",
  "players": [
    "0TX - Zenith",
    "ohaimiles"
  ],
  "log": "|j|\u26060TX - Zenith\n|j|\u2606ohaimiles\n|t:|1776289128\n|gametype|doubles\n|player|p1|0TX - Zenith|gambler|1174\n|player|p2|ohaimiles|266|1185\n|gen|9\n|tier|[Gen 9 Champions] VGC 2026 Reg M-A\n|rated|\n|rule|Species Clause: Limit one of each Pok\u00e9mon\n|rule|Item Clause: Limit 1 of each item\n|clearpoke\n|poke|p1|Aerodactyl, L50, F|\n|poke|p1|Primarina, L50, M|\n|poke|p1|Volcarona, L50, F|\n|poke|p1|Kangaskhan, L50, F|\n|poke|p1|Garchomp, L50, M|\n|poke|p1|Aegislash, L50, M|\n|poke|p2|Froslass, L50, F|\n|poke|p2|Maushold-Four, L50|\n|poke|p2|Rotom-Wash, L50|\n|poke|p2|Garchomp, L50, F|\n|poke|p2|Incineroar, L50, F|\n|poke|p2|Aerodactyl, L50, F|\n|teampreview|4\n0TX - Zenith rejected open team sheets.\n|inactive|Battle timer is ON: inactive players will automatically lose when time's up. (requested by ohaimiles)\n|\n|t:|1776289161\n|teamsize|p1|4\n|teamsize|p2|4\n|start\n|switch|p1a: Aerodactyl|Aerodactyl, L50, F|100/100\n|switch|p1b: Kangaskhan|Kangaskhan, L50, F|100/100\n|switch|p2a: Froslass|Froslass, L50, F|100/100\n|switch|p2b: Rotom|Rotom-Wash, L50|100/100\n|-ability|p1a: Aerodactyl|Unnerve\n|turn|1\n|\n|t:|1776289174\n|detailschange|p2a: Froslass|Froslass-Mega, L50, F\n|-mega|p2a: Froslass|Froslass|Froslassite\n|-weather|Snowscape|[from] ability: Snow Warning|[of] p2a: Froslass\n|move|p1b: Kangaskhan|Fake Out|p2a: Froslass\n|-damage|p2a: Froslass|80/100\n|move|p2b: Rotom|Electroweb|p1b: Kangaskhan|[spread] p1a,p1b\n|-supereffective|p1a: Aerodactyl|1\n|-damage|p1a: Aerodactyl|46/100\n|-damage|p1b: Kangaskhan|76/100\n|-unboost|p1a: Aerodactyl|spe|1\n|-unboost|p1b: Kangaskhan|spe|1\n|cant|p2a: Froslass|flinch\n|move|p1a: Aerodactyl|Tailwind|p1a: Aerodactyl\n|-sidestart|p1: 0TX - Zenith|move: Tailwind\n|\n|-weather|Snowscape|[upkeep]\n|upkeep\n|turn|2\n|inactive|0TX - Zenith has 30 seconds left.\n|\n|t:|1776289203\n|detailschange|p1b: Kangaskhan|Kangaskhan-Mega, L50, F\n|-mega|p1b: Kangaskhan|Kangaskhan|Kangaskhanite\n|move|p2a: Froslass|Protect|p2a: Froslass\n|-singleturn|p2a: Froslass|Protect\n|move|p1b: Kangaskhan|Sucker Punch||[still]\n|-fail|p1b: Kangaskhan\n|move|p1a: Aerodactyl|Rock Slide|p2a: Froslass|[spread] p2b\n|-activate|p2a: Froslass|move: Protect\n|-damage|p2b: Rotom|67/100\n|move|p2b: Rotom|Electroweb|p1a: Aerodactyl|[spread] p1a,p1b\n|-supereffective|p1a: Aerodactyl|1\n|-damage|p1a: Aerodactyl|0 fnt\n|-damage|p1b: Kangaskhan|54/100\n|-unboost|p1b: Kangaskhan|spe|1\n|faint|p1a: Aerodactyl\n|\n|-weather|Snowscape|[upkeep]\n|upkeep\n|\n|t:|1776289219\n|switch|p1a: Volcarona|Volcarona, L50, F|100/100\n|turn|3\n|\n|t:|1776289233\n|switch|p2a: Incineroar|Incineroar, L50, F|100/100\n|-ability|p2a: Incineroar|Intimidate|boost\n|-unboost|p1a: Volcarona|atk|1\n|-unboost|p1b: Kangaskhan|atk|1\n|move|p1a: Volcarona|Heat Wave|p2a: Incineroar|[spread] p2a,p2b\n|-resisted|p2a: Incineroar|1\n|-resisted|p2b: Rotom|1\n|-damage|p2a: Incineroar|86/100\n|-damage|p2b: Rotom|46/100\n|move|p2b: Rotom|Electroweb|p1a: Volcarona|[spread] p1a,p1b\n|-damage|p1a: Volcarona|83/100\n|-damage|p1b: Kangaskhan|34/100\n|-unboost|p1a: Volcarona|spe|1\n|-unboost|p1b: Kangaskhan|spe|1\n|move|p1b: Kangaskhan|Double-Edge|p2b: Rotom\n|-damage|p2b: Rotom|0 fnt\n|faint|p2b: Rotom\n|-hitcount|p2: Rotom|1\n|-damage|p1b: Kangaskhan|23/100|[from] Recoil\n|\n|-weather|Snowscape|[upkeep]\n|upkeep\n|inactive|ohaimiles has 30 seconds left.\n|inactive|ohaimiles has 20 seconds left.\n|\n|t:|1776289268\n|switch|p2b: Garchomp|Garchomp, L50, F|100/100\n|turn|4\n|\n|t:|1776289288\n|switch|p1a: Primarina|Primarina, L50, M|100/100\n|move|p2b: Garchomp|Rock Slide|p1b: Kangaskhan|[spread] p1a,p1b\n|-damage|p1a: Primarina|75/100\n|-damage|p1b: Kangaskhan|3/100\n|move|p1b: Kangaskhan|Drain Punch|p2a: Incineroar\n|-supereffective|p2a: Incineroar|1\n|-damage|p2a: Incineroar|50/100\n|-heal|p1b: Kangaskhan|24/100|[from] drain|[of] p2a: Incineroar\n|-enditem|p2a: Incineroar|Sitrus Berry|[eat]\n|-heal|p2a: Incineroar|74/100|[from] item: Sitrus Berry\n|-supereffective|p2a: Incineroar|1\n|-damage|p2a: Incineroar|65/100\n|-heal|p1b: Kangaskhan|29/100|[from] drain|[of] p2a: Incineroar\n|-hitcount|p2a: Incineroar|2\n|move|p2a: Incineroar|Parting Shot|p1b: Kangaskhan\n|-unboost|p1b: Kangaskhan|atk|1\n|-unboost|p1b: Kangaskhan|spa|1\n|\n|t:|1776289293\n|switch|p2a: Froslass|Froslass-Mega, L50, F|80/100|[from] Parting Shot\n|\n|-weather|Snowscape|[upkeep]\n|-sideend|p1: 0TX - Zenith|move: Tailwind\n|upkeep\n|turn|5\n|inactive|0TX - Zenith has 30 seconds left.\n|\n|t:|1776289321\n|move|p2a: Froslass|Protect|p2a: Froslass\n|-singleturn|p2a: Froslass|Protect\n|move|p1b: Kangaskhan|Sucker Punch||[still]\n|-fail|p1b: Kangaskhan\n|move|p2b: Garchomp|Earthquake|p1b: Kangaskhan|[spread] p1a,p1b\n|-activate|p2a: Froslass|move: Protect\n|-damage|p1a: Primarina|28/100\n|-damage|p1b: Kangaskhan|0 fnt\n|faint|p1b: Kangaskhan\n|move|p1a: Primarina|Moonblast|p2b: Garchomp\n|-supereffective|p2b: Garchomp|1\n|-damage|p2b: Garchomp|0 fnt\n|faint|p2b: Garchomp\n|\n|-weather|none\n|upkeep\n|\n|t:|1776289332\n|switch|p2b: Incineroar|Incineroar, L50, F|65/100\n|switch|p1b: Volcarona|Volcarona, L50, F|83/100\n|-ability|p2b: Incineroar|Intimidate|boost\n|-unboost|p1a: Primarina|atk|1\n|-unboost|p1b: Volcarona|atk|1\n|turn|6\n|\n|t:|1776289349\n|move|p1b: Volcarona|Protect|p1b: Volcarona\n|-singleturn|p1b: Volcarona|Protect\n|move|p1a: Primarina|Protect|p1a: Primarina\n|-singleturn|p1a: Primarina|Protect\n|move|p2b: Incineroar|Fake Out|p1b: Volcarona\n|-activate|p1b: Volcarona|move: Protect\n|move|p2a: Froslass|Shadow Ball|p1a: Primarina\n|-activate|p1a: Primarina|move: Protect\n|\n|upkeep\n|turn|7\n|\n|t:|1776289363\n|move|p2a: Froslass|Shadow Ball|p1a: Primarina\n|-damage|p1a: Primarina|0 fnt\n|faint|p1a: Primarina\n|move|p1b: Volcarona|Heat Wave|p2b: Incineroar|[spread] p2a,p2b\n|-supereffective|p2a: Froslass|1\n|-resisted|p2b: Incineroar|1\n|-damage|p2a: Froslass|5/100\n|-damage|p2b: Incineroar|53/100\n|move|p2b: Incineroar|Flare Blitz|p1b: Volcarona\n|-damage|p1b: Volcarona|27/100\n|-enditem|p1b: Volcarona|Sitrus Berry|[eat]\n|-heal|p1b: Volcarona|52/100|[from] item: Sitrus Berry\n|-damage|p2b: Incineroar|36/100|[from] Recoil\n|\n|upkeep\n|turn|8\n|\n|t:|1776289378\n|move|p2a: Froslass|Shadow Ball|p1b: Volcarona\n|-damage|p1b: Volcarona|6/100\n|move|p1b: Volcarona|Heat Wave|p2a: Froslass|[spread] p2a,p2b\n|-supereffective|p2a: Froslass|1\n|-resisted|p2b: Incineroar|1\n|-crit|p2b: Incineroar\n|-damage|p2a: Froslass|0 fnt\n|-damage|p2b: Incineroar|15/100\n|faint|p2a: Froslass\n|move|p2b: Incineroar|Flare Blitz|p1b: Volcarona\n|-damage|p1b: Volcarona|0 fnt\n|-immune|p2b: Incineroar\n|faint|p1b: Volcarona\n|-damage|p2b: Incineroar|13/100|[from] Recoil\n|\n|win|ohaimiles\n|raw|0TX - Zenith's rating: 1174 &rarr; <strong>1150</strong><br />(-24 for losing)\n|raw|ohaimiles's rating: 1185 &rarr; <strong>1209</strong><br />(+24 for winning)\n|l|\u2606ohaimiles\n|player|p2|\n|j|\u2606ohaimiles\n|player|p2|ohaimiles|266|\n",
  "uploadtime": 1776289393,
  "views": 21,
  "formatid": "gen9championsvgc2026regma",
  "rating": 1150,
  "private": 0,
  "password": null
}