{
  "id": "gen9championsvgc2026regma-2581275512",
  "format": "[Gen 9 Champions] VGC 2026 Reg M-A",
  "players": [
    "Niko highway",
    "lemond"
  ],
  "log": "|j|\u2606Niko highway\n|j|\u2606lemond\n|t:|1775979940\n|gametype|doubles\n|player|p1|Niko highway|101|1266\n|player|p2|lemond|102|1345\n|gen|9\n|tier|[Gen 9 Champions] VGC 2026 Reg M-A\n|rated|\n|rule|Species Clause: Limit one of each Pok\u00e9mon\n|rule|Item Clause: Limit 1 of each item\n|clearpoke\n|poke|p1|Incineroar, L50, F|\n|poke|p1|Conkeldurr, L50, F|\n|poke|p1|Sinistcha, L50|\n|poke|p1|Cofagrigus, L50, F|\n|poke|p1|Drampa, L50, F|\n|poke|p1|Scizor, L50, M|\n|poke|p2|Tyranitar, L50, F|\n|poke|p2|Excadrill, L50, F|\n|poke|p2|Gyarados, L50, F|\n|poke|p2|Gardevoir, L50, F|\n|poke|p2|Sinistcha, L50|\n|poke|p2|Rotom-Heat, L50|\n|teampreview|4\n|inactive|Battle timer is ON: inactive players will automatically lose when time's up. (requested by lemond)\n|j| majayong03\n|j| gE1xjZRtuhW2DdT0AK\n|inactive|Niko highway has 60 seconds left.\n|inactive|lemond has 60 seconds left.\n|\n|t:|1775979994\n|teamsize|p1|4\n|teamsize|p2|4\n|start\n|switch|p1a: Cofagrigus|Cofagrigus, L50, F|100/100\n|switch|p1b: Incineroar|Incineroar, L50, F|100/100\n|switch|p2a: Gardevoir|Gardevoir, L50, F|100/100\n|switch|p2b: Rotom|Rotom-Heat, L50|100/100\n|-ability|p1b: Incineroar|Intimidate|boost\n|-unboost|p2a: Gardevoir|atk|1\n|-unboost|p2b: Rotom|atk|1\n|turn|1\n|inactive|lemond has 30 seconds left.\n|\n|t:|1775980023\n|switch|p2b: Gyarados|Gyarados, L50, F|100/100\n|-ability|p2b: Gyarados|Intimidate|boost\n|-unboost|p1a: Cofagrigus|atk|1\n|-unboost|p1b: Incineroar|atk|1\n|detailschange|p2a: Gardevoir|Gardevoir-Mega, L50, F\n|-mega|p2a: Gardevoir|Gardevoir|Gardevoirite\n|move|p1b: Incineroar|Fake Out|p2a: Gardevoir\n|-damage|p2a: Gardevoir|91/100\n|cant|p2a: Gardevoir|flinch\n|move|p1a: Cofagrigus|Trick Room|p1a: Cofagrigus\n|-fieldstart|move: Trick Room|[of] p1a: Cofagrigus\n|\n|upkeep\n|turn|2\n|\n|t:|1775980045\n|move|p1a: Cofagrigus|Will-O-Wisp|p2b: Gyarados\n|-status|p2b: Gyarados|brn\n|move|p1b: Incineroar|Throat Chop|p2a: Gardevoir\n|-damage|p2a: Gardevoir|63/100\n|-start|p2a: Gardevoir|Throat Chop|[silent]\n|move|p2b: Gyarados|Waterfall|p1b: Incineroar\n|-supereffective|p1b: Incineroar|1\n|-damage|p1b: Incineroar|70/100\n|move|p2a: Gardevoir|Calm Mind|p2a: Gardevoir\n|-boost|p2a: Gardevoir|spa|1\n|-boost|p2a: Gardevoir|spd|1\n|\n|-damage|p2b: Gyarados|95/100 brn|[from] brn\n|upkeep\n|turn|3\n|inactive|lemond has 30 seconds left.\n|\n|t:|1775980077\n|switch|p2b: Sinistcha|Sinistcha, L50|100/100\n|-heal|p2a: Gardevoir|88/100|[from] ability: Hospitality|[of] p2b: Sinistcha\n|move|p1a: Cofagrigus|Shadow Ball|p2a: Gardevoir\n|-supereffective|p2a: Gardevoir|1\n|-damage|p2a: Gardevoir|59/100\n|-unboost|p2a: Gardevoir|spd|1\n|move|p1b: Incineroar|Parting Shot|p2b: Sinistcha\n|-unboost|p2b: Sinistcha|atk|1\n|-unboost|p2b: Sinistcha|spa|1\n|\n|t:|1775980087\n|switch|p1b: Scizor|Scizor, L50, M|100/100|[from] Parting Shot\n|move|p2a: Gardevoir|Calm Mind|p2a: Gardevoir\n|-boost|p2a: Gardevoir|spa|1\n|-boost|p2a: Gardevoir|spd|1\n|\n|-end|p2a: Gardevoir|Throat Chop|[silent]\n|upkeep\n|turn|4\n|\n|t:|1775980107\n|detailschange|p1b: Scizor|Scizor-Mega, L50, M\n|-mega|p1b: Scizor|Scizor|Scizorite\n|move|p2b: Sinistcha|Rage Powder|p2b: Sinistcha\n|-singleturn|p2b: Sinistcha|move: Rage Powder\n|move|p1b: Scizor|Bullet Punch|p2b: Sinistcha\n|-damage|p2b: Sinistcha|68/100\n|move|p1a: Cofagrigus|Shadow Ball|p2b: Sinistcha\n|-supereffective|p2b: Sinistcha|1\n|-damage|p2b: Sinistcha|10/100\n|-unboost|p2b: Sinistcha|spd|1\n|-enditem|p2b: Sinistcha|Sitrus Berry|[eat]\n|-heal|p2b: Sinistcha|35/100|[from] item: Sitrus Berry\n|move|p2a: Gardevoir|Hyper Voice|p1b: Scizor|[spread] p1a,p1b\n|-resisted|p1b: Scizor|1\n|-damage|p1a: Cofagrigus|15/100\n|-damage|p1b: Scizor|55/100\n|\n|-heal|p1a: Cofagrigus|22/100|[from] item: Leftovers\n|upkeep\n|turn|5\n|inactive|Niko highway has 30 seconds left.\n|\n|t:|1775980136\n|move|p2b: Sinistcha|Rage Powder|p2b: Sinistcha\n|-singleturn|p2b: Sinistcha|move: Rage Powder\n|move|p1a: Cofagrigus|Shadow Ball|p2b: Sinistcha\n|-supereffective|p2b: Sinistcha|1\n|-damage|p2b: Sinistcha|0 fnt\n|faint|p2b: Sinistcha\n|move|p1b: Scizor|Swords Dance|p1b: Scizor\n|-boost|p1b: Scizor|atk|2\n|move|p2a: Gardevoir|Hyper Voice|p1a: Cofagrigus|[spread] p1a,p1b\n|-resisted|p1b: Scizor|1\n|-damage|p1a: Cofagrigus|0 fnt\n|-damage|p1b: Scizor|8/100\n|faint|p1a: Cofagrigus\n|\n|-fieldend|move: Trick Room\n|upkeep\n|\n|t:|1775980152\n|switch|p2b: Gyarados|Gyarados, L50, F|95/100 brn\n|switch|p1a: Incineroar|Incineroar, L50, F|70/100\n|-ability|p2b: Gyarados|Intimidate|boost\n|-unboost|p1a: Incineroar|atk|1\n|-unboost|p1b: Scizor|atk|1\n|-ability|p1a: Incineroar|Intimidate|boost\n|-unboost|p2a: Gardevoir|atk|1\n|-unboost|p2b: Gyarados|atk|1\n|turn|6\n|\n|t:|1775980169\n|move|p2a: Gardevoir|Protect|p2a: Gardevoir\n|-singleturn|p2a: Gardevoir|Protect\n|move|p2b: Gyarados|Protect|p2b: Gyarados\n|-singleturn|p2b: Gyarados|Protect\n|move|p1a: Incineroar|Fake Out|p2b: Gyarados\n|-activate|p2b: Gyarados|move: Protect\n|move|p1b: Scizor|Swords Dance|p1b: Scizor\n|-boost|p1b: Scizor|atk|2\n|\n|-heal|p2b: Gyarados|100/100 brn|[from] item: Leftovers\n|-damage|p2b: Gyarados|95/100 brn|[from] brn\n|upkeep\n|turn|7\n|inactive|lemond has 30 seconds left.\n|\n|t:|1775980195\n|switch|p2a: Rotom|Rotom-Heat, L50|100/100\n|move|p1b: Scizor|Bullet Punch|p2a: Rotom\n|-resisted|p2a: Rotom|2\n|-damage|p2a: Rotom|71/100\n|move|p2b: Gyarados|Waterfall|p1b: Scizor\n|-damage|p1b: Scizor|0 fnt\n|faint|p1b: Scizor\n|move|p1a: Incineroar|Parting Shot|p2b: Gyarados\n|-unboost|p2b: Gyarados|atk|1\n|-unboost|p2b: Gyarados|spa|1\n|\n|t:|1775980201\n|switch|p1a: Conkeldurr|Conkeldurr, L50, F|100/100|[from] Parting Shot\n|\n|-heal|p2b: Gyarados|100/100 brn|[from] item: Leftovers\n|-damage|p2b: Gyarados|95/100 brn|[from] brn\n|upkeep\n|\n|t:|1775980203\n|switch|p1b: Incineroar|Incineroar, L50, F|70/100\n|-ability|p1b: Incineroar|Intimidate|boost\n|-unboost|p2a: Rotom|atk|1\n|-unboost|p2b: Gyarados|atk|1\n|turn|8\n|\n|t:|1775980223\n|move|p2a: Rotom|Overheat|p1a: Conkeldurr\n|-damage|p1a: Conkeldurr|33/100\n|-unboost|p2a: Rotom|spa|2\n|move|p2b: Gyarados|Thunder Wave|p1a: Conkeldurr\n|-status|p1a: Conkeldurr|par\n|move|p1b: Incineroar|Throat Chop|p2b: Gyarados\n|-damage|p2b: Gyarados|57/100 brn\n|-start|p2b: Gyarados|Throat Chop|[silent]\n|move|p1a: Conkeldurr|Drain Punch|p2a: Rotom\n|-damage|p2a: Rotom|0 fnt\n|-heal|p1a: Conkeldurr|55/100 par|[from] drain|[of] p2a: Rotom\n|faint|p2a: Rotom\n|\n|-heal|p2b: Gyarados|63/100 brn|[from] item: Leftovers\n|-damage|p2b: Gyarados|57/100 brn|[from] brn\n|upkeep\n|\n|t:|1775980238\n|switch|p2a: Gardevoir|Gardevoir-Mega, L50, F|59/100\n|turn|9\n|\n|t:|1775980244\n|move|p1a: Conkeldurr|Wide Guard|p1a: Conkeldurr\n|-singleturn|p1a: Conkeldurr|Wide Guard\n|move|p2a: Gardevoir|Hyper Voice|p1b: Incineroar|[spread] \n|-activate|p1a: Conkeldurr|move: Wide Guard\n|-activate|p1b: Incineroar|move: Wide Guard\n|move|p2b: Gyarados|Thunder Wave|p1b: Incineroar\n|-status|p1b: Incineroar|par\n|move|p1b: Incineroar|Flare Blitz|p2a: Gardevoir\n|-damage|p2a: Gardevoir|0 fnt\n|faint|p2a: Gardevoir\n|-damage|p1b: Incineroar|53/100 par|[from] Recoil\n|\n|-heal|p2b: Gyarados|63/100 brn|[from] item: Leftovers\n|-damage|p2b: Gyarados|57/100 brn|[from] brn\n|-end|p2b: Gyarados|Throat Chop|[silent]\n|upkeep\n|turn|10\n|\n|t:|1775980260\n|move|p2b: Gyarados|Waterfall|p1b: Incineroar\n|-supereffective|p1b: Incineroar|1\n|-damage|p1b: Incineroar|41/100 par\n|-enditem|p1b: Incineroar|Sitrus Berry|[eat]\n|-heal|p1b: Incineroar|66/100 par|[from] item: Sitrus Berry\n|move|p1b: Incineroar|Throat Chop|p2b: Gyarados\n|-damage|p2b: Gyarados|20/100 brn\n|-start|p2b: Gyarados|Throat Chop|[silent]\n|cant|p1a: Conkeldurr|par\n|\n|-heal|p2b: Gyarados|26/100 brn|[from] item: Leftovers\n|-damage|p2b: Gyarados|20/100 brn|[from] brn\n|upkeep\n|turn|11\n|c|\u2606Niko highway|gg\n|\n|t:|1775980274\n|move|p2b: Gyarados|Waterfall|p1b: Incineroar\n|-supereffective|p1b: Incineroar|1\n|-damage|p1b: Incineroar|52/100 par\n|cant|p1b: Incineroar|flinch\n|move|p1a: Conkeldurr|Knock Off|p2b: Gyarados\n|-damage|p2b: Gyarados|0 fnt\n|-enditem|p2b: Gyarados|Leftovers|[from] move: Knock Off|[of] p1a: Conkeldurr\n|faint|p2b: Gyarados\n|\n|win|Niko highway\n|raw|Niko highway's rating: 1266 &rarr; <strong>1297</strong><br />(+31 for winning)\n|raw|lemond's rating: 1345 &rarr; <strong>1321</strong><br />(-24 for losing)\n|l|\u2606lemond\n|player|p2|\n",
  "uploadtime": 1775980286,
  "views": 22,
  "formatid": "gen9championsvgc2026regma",
  "rating": 1297,
  "private": 0,
  "password": null
}