{
  "id": "gen9championsvgc2026regma-2581558131",
  "format": "[Gen 9 Champions] VGC 2026 Reg M-A",
  "players": [
    "darksol1111",
    "gohivo"
  ],
  "log": "|j|\u2606darksol1111\n|j|\u2606gohivo\n|t:|1776010843\n|gametype|doubles\n|player|p1|darksol1111|veteran|1096\n|player|p2|gohivo|101|1000\n|gen|9\n|tier|[Gen 9 Champions] VGC 2026 Reg M-A\n|rated|\n|rule|Species Clause: Limit one of each Pok\u00e9mon\n|rule|Item Clause: Limit 1 of each item\n|clearpoke\n|poke|p1|Starmie, L50|\n|poke|p1|Klefki, L50, M|\n|poke|p1|Pelipper, L50, M|\n|poke|p1|Archaludon, L50, F|\n|poke|p1|Kingambit, L50, M|\n|poke|p1|Rotom-Heat, L50|\n|poke|p2|Charizard, L50, M|\n|poke|p2|Incineroar, L50, M|\n|poke|p2|Whimsicott, L50, F|\n|poke|p2|Rotom-Wash, L50|\n|poke|p2|Ninetales-Alola, L50, F|\n|poke|p2|Sneasler, L50, F|\n|teampreview|4\ngohivo rejected open team sheets.\n|inactive|Battle timer is ON: inactive players will automatically lose when time's up. (requested by darksol1111)\n|inactive|gohivo has 60 seconds left.\n|\n|t:|1776010905\n|teamsize|p1|4\n|teamsize|p2|4\n|start\n|switch|p1a: Klefki|Klefki, L50, M|100/100\n|switch|p1b: Archaludon|Archaludon, L50, F|100/100\n|switch|p2a: Whimsicott|Whimsicott, L50, F|100/100\n|switch|p2b: Rotom|Rotom-Wash, L50|100/100\n|turn|1\n|inactive|gohivo has 30 seconds left.\n|\n|t:|1776010937\n|move|p2a: Whimsicott|Tailwind|p2a: Whimsicott\n|-sidestart|p2: gohivo|move: Tailwind\n|move|p1a: Klefki|Rain Dance|p1a: Klefki\n|-weather|RainDance\n|move|p2b: Rotom|Will-O-Wisp|p1b: Archaludon\n|-status|p1b: Archaludon|brn\n|move|p1b: Archaludon|Electro Shot||[still]\n|-prepare|p1b: Archaludon|Electro Shot\n|-boost|p1b: Archaludon|spa|1\n|-anim|p1b: Archaludon|Electro Shot|p2b: Rotom\n|-damage|p2b: Rotom|39/100\n|-enditem|p2b: Rotom|Sitrus Berry|[eat]\n|-heal|p2b: Rotom|64/100|[from] item: Sitrus Berry\n|\n|-weather|RainDance|[upkeep]\n|-damage|p1b: Archaludon|94/100 brn|[from] brn\n|upkeep\n|turn|2\n|inactive|gohivo has 30 seconds left.\n|\n|t:|1776010965\n|move|p2a: Whimsicott|Sunny Day|p2a: Whimsicott\n|-weather|SunnyDay\n|move|p1a: Klefki|Thunder Wave|p2a: Whimsicott\n|-status|p2a: Whimsicott|par\n|move|p2b: Rotom|Volt Switch|p1a: Klefki\n|-damage|p1a: Klefki|72/100\n|\n|t:|1776010981\n|switch|p2b: Sneasler|Sneasler, L50, F|100/100|[from] Volt Switch\n|move|p1b: Archaludon|Flash Cannon|p2a: Whimsicott\n|-supereffective|p2a: Whimsicott|1\n|-enditem|p2a: Whimsicott|Focus Sash\n|-damage|p2a: Whimsicott|1/100 par\n|\n|-weather|SunnyDay|[upkeep]\n|-damage|p1b: Archaludon|88/100 brn|[from] brn\n|upkeep\n|turn|3\n|inactive|gohivo has 30 seconds left.\n|inactive|gohivo has 20 seconds left.\n|inactive|gohivo has 15 seconds left.\n|\n|t:|1776011024\n|move|p1b: Archaludon|Protect|p1b: Archaludon\n|-singleturn|p1b: Archaludon|Protect\n|move|p2a: Whimsicott|Encore|p1a: Klefki\n|-start|p1a: Klefki|Encore\n|-enditem|p1a: Klefki|Mental Herb\n|-end|p1a: Klefki|Encore\n|move|p2b: Sneasler|Close Combat|p1b: Archaludon\n|-activate|p1b: Archaludon|move: Protect\n|move|p1a: Klefki|Foul Play|p2b: Sneasler\n|-resisted|p2b: Sneasler|1\n|-damage|p2b: Sneasler|71/100\n|\n|-weather|SunnyDay|[upkeep]\n|-damage|p1b: Archaludon|82/100 brn|[from] brn\n|upkeep\n|turn|4\n|inactive|gohivo has 30 seconds left.\n|\n|t:|1776011057\n|switch|p1b: Pelipper|Pelipper, L50, M|100/100\n|-weather|RainDance|[from] ability: Drizzle|[of] p1b: Pelipper\n|move|p2a: Whimsicott|Encore||[still]\n|-fail|p2a: Whimsicott\n|move|p2b: Sneasler|Close Combat|p1b: Pelipper\n|-resisted|p1b: Pelipper|1\n|-damage|p1b: Pelipper|57/100\n|-unboost|p2b: Sneasler|def|1\n|-unboost|p2b: Sneasler|spd|1\n|-enditem|p2b: Sneasler|White Herb\n|-clearnegativeboost|p2b: Sneasler|[silent]\n|move|p1a: Klefki|Dazzling Gleam|p2b: Sneasler|[spread] p2a,p2b\n|-damage|p2a: Whimsicott|0 fnt\n|-damage|p2b: Sneasler|45/100\n|faint|p2a: Whimsicott\n|\n|-weather|RainDance|[upkeep]\n|-sideend|p2: gohivo|move: Tailwind\n|upkeep\n|\n|t:|1776011074\n|switch|p2a: Rotom|Rotom-Wash, L50|64/100\n|turn|5\n|inactive|gohivo has 30 seconds left.\n|\n|t:|1776011104\n|move|p1a: Klefki|Thunder Wave|p2b: Sneasler\n|-status|p2b: Sneasler|par\n|cant|p2b: Sneasler|par\n|move|p2a: Rotom|Will-O-Wisp|p1b: Pelipper\n|-status|p1b: Pelipper|brn\n|move|p1b: Pelipper|Tailwind|p1b: Pelipper\n|-sidestart|p1: darksol1111|move: Tailwind\n|\n|-weather|RainDance|[upkeep]\n|-damage|p1b: Pelipper|51/100 brn|[from] brn\n|upkeep\n|turn|6\n|inactive|gohivo has 30 seconds left.\n|\n|t:|1776011134\n|move|p1b: Pelipper|Hurricane|p2b: Sneasler\n|-supereffective|p2b: Sneasler|1\n|-damage|p2b: Sneasler|0 fnt\n|faint|p2b: Sneasler\n|move|p1a: Klefki|Dazzling Gleam|p2a: Rotom\n|-damage|p2a: Rotom|41/100\n|move|p2a: Rotom|Volt Switch|p1b: Pelipper\n|-supereffective|p1b: Pelipper|2\n|-damage|p1b: Pelipper|0 fnt\n|faint|p1b: Pelipper\n|\n|t:|1776011138\n|switch|p2a: Charizard|Charizard, L50, M|100/100|[from] Volt Switch\n|\n|-weather|RainDance|[upkeep]\n|upkeep\n|\n|t:|1776011147\n|switch|p2b: Rotom|Rotom-Wash, L50|41/100\n|switch|p1b: Starmie|Starmie, L50|100/100\n|turn|7\n|inactive|gohivo has 30 seconds left.\n|inactive|gohivo has 20 seconds left.\n|inactive|darksol1111 has 30 seconds left.\n|inactive|gohivo has 15 seconds left.\n|inactive|gohivo has 10 seconds left.\n|\n|t:|1776011194\n|detailschange|p1b: Starmie|Starmie-Mega, L50\n|-mega|p1b: Starmie|Starmie|Starminite\n|move|p2a: Charizard|Protect|p2a: Charizard\n|-singleturn|p2a: Charizard|Protect\n|move|p1a: Klefki|Thunder Wave|p2a: Charizard\n|-activate|p2a: Charizard|move: Protect\n|move|p1b: Starmie|Psycho Cut|p2a: Charizard\n|-activate|p2a: Charizard|move: Protect\n|move|p2b: Rotom|Will-O-Wisp|p1b: Starmie\n|-status|p1b: Starmie|brn\n|\n|-weather|RainDance|[upkeep]\n|-damage|p1b: Starmie|95/100 brn|[from] brn\n|upkeep\n|turn|8\n|inactive|gohivo has 30 seconds left.\n|inactive|gohivo has 20 seconds left.\n|inactive|gohivo has 15 seconds left.\n|\n|t:|1776011235\n|detailschange|p2a: Charizard|Charizard-Mega-X, L50, M\n|-mega|p2a: Charizard|Charizard|Charizardite X\n|move|p1a: Klefki|Thunder Wave|p2a: Charizard\n|-status|p2a: Charizard|par\n|move|p1b: Starmie|Liquidation|p2b: Rotom\n|-resisted|p2b: Rotom|1\n|-damage|p2b: Rotom|11/100\n|move|p2b: Rotom|Hydro Pump|p1a: Klefki\n|-damage|p1a: Klefki|4/100\n|move|p2a: Charizard|Dragon Dance|p2a: Charizard\n|-boost|p2a: Charizard|atk|1\n|-boost|p2a: Charizard|spe|1\n|\n|-weather|none\n|-damage|p1b: Starmie|89/100 brn|[from] brn\n|-sideend|p1: darksol1111|move: Tailwind\n|upkeep\n|turn|9\n|inactive|gohivo has 30 seconds left.\n|\n|t:|1776011261\n|move|p2b: Rotom|Protect|p2b: Rotom\n|-singleturn|p2b: Rotom|Protect\n|move|p1a: Klefki|Rain Dance|p1a: Klefki\n|-weather|RainDance\n|move|p1b: Starmie|Psycho Cut|p2b: Rotom\n|-activate|p2b: Rotom|move: Protect\n|move|p2a: Charizard|Dragon Dance|p2a: Charizard\n|-boost|p2a: Charizard|atk|1\n|-boost|p2a: Charizard|spe|1\n|\n|-weather|RainDance|[upkeep]\n|-damage|p1b: Starmie|83/100 brn|[from] brn\n|upkeep\n|turn|10\n|inactive|gohivo has 30 seconds left.\n|c|\u2606darksol1111|just lost\n|\n|t:|1776011294\n|move|p1b: Starmie|Psycho Cut|p2b: Rotom\n|-damage|p2b: Rotom|0 fnt\n|faint|p2b: Rotom\n|move|p2a: Charizard|Dragon Dance|p2a: Charizard\n|-boost|p2a: Charizard|atk|1\n|-boost|p2a: Charizard|spe|1\n|move|p1a: Klefki|Foul Play|p2a: Charizard\n|-damage|p2a: Charizard|12/100 par\n|\n|-weather|RainDance|[upkeep]\n|-damage|p1b: Starmie|77/100 brn|[from] brn\n|upkeep\n|turn|11\n|c|\u2606darksol1111|you doom\n|inactive|gohivo has 30 seconds left.\n|c|\u2606gohivo|never played pkm\n|inactive|gohivo has 20 seconds left.\n|c|\u2606gohivo|first time men\n|inactive|gohivo has 15 seconds left.\n|inactive|gohivo has 10 seconds left.\n|c|\u2606darksol1111|okay\n|\n|t:|1776011343\n|move|p2a: Charizard|Flare Blitz|p1b: Starmie\n|-resisted|p1b: Starmie|1\n|-damage|p1b: Starmie|14/100 brn\n|-damage|p2a: Charizard|0 fnt|[from] Recoil\n|faint|p2a: Charizard\n|\n|win|darksol1111\n|raw|darksol1111's rating: 1096 &rarr; <strong>1115</strong><br />(+19 for winning)\n|raw|gohivo's rating: 1000 &rarr; <strong>1000</strong><br />(+0 for losing)\n|c|\u2606darksol1111|oh\n|c|\u2606darksol1111|gg\n|l|\u2606gohivo\n|player|p2|\n",
  "uploadtime": 1776011359,
  "views": 23,
  "formatid": "gen9championsvgc2026regma",
  "rating": 1000,
  "private": 0,
  "password": null
}