{
  "id": "gen9championsvgc2026regma-2581010332",
  "format": "[Gen 9 Champions] VGC 2026 Reg M-A",
  "players": [
    "abkwreu",
    "Xavior_L"
  ],
  "log": "|j|\u2606abkwreu\n|j|\u2606Xavior_L\n|t:|1775951426\n|gametype|doubles\n|player|p1|abkwreu|dawn|1088\n|player|p2|Xavior_L|266|1084\n|gen|9\n|tier|[Gen 9 Champions] VGC 2026 Reg M-A\n|rated|\n|rule|Species Clause: Limit one of each Pok\u00e9mon\n|rule|Item Clause: Limit 1 of each item\n|clearpoke\n|poke|p1|Venusaur, L50, M|\n|poke|p1|Maushold-Four, L50|\n|poke|p1|Glimmora, L50, F|\n|poke|p1|Corviknight, L50, M|\n|poke|p1|Slowking-Galar, L50, M|\n|poke|p1|Milotic, L50, F|\n|poke|p2|Tyranitar, L50, M|\n|poke|p2|Excadrill, L50, M|\n|poke|p2|Corviknight, L50, M|\n|poke|p2|Incineroar, L50, F|\n|poke|p2|Primarina, L50, F|\n|poke|p2|Sinistcha, L50|\n|teampreview|4\n|inactive|Battle timer is ON: inactive players will automatically lose when time's up. (requested by abkwreu)\n|inactive|abkwreu has 60 seconds left.\n|inactive|Xavior_L has 60 seconds left.\n|\n|t:|1775951489\n|teamsize|p1|4\n|teamsize|p2|4\n|start\n|switch|p1a: Venusaur|Venusaur, L50, M|100/100\n|switch|p1b: Glimmora|Glimmora, L50, F|100/100\n|switch|p2a: Tyranitar|Tyranitar, L50, M|100/100\n|switch|p2b: Incineroar|Incineroar, L50, F|100/100\n|-ability|p2b: Incineroar|Intimidate|boost\n|-unboost|p1a: Venusaur|atk|1\n|-unboost|p1b: Glimmora|atk|1\n|-weather|Sandstorm|[from] ability: Sand Stream|[of] p2a: Tyranitar\n|turn|1\n|\n|t:|1775951514\n|detailschange|p1a: Venusaur|Venusaur-Mega, L50, M\n|-mega|p1a: Venusaur|Venusaur|Venusaurite\n|detailschange|p2a: Tyranitar|Tyranitar-Mega, L50, M\n|-mega|p2a: Tyranitar|Tyranitar|Tyranitarite\n|move|p2b: Incineroar|Parting Shot|p1a: Venusaur\n|-unboost|p1a: Venusaur|atk|1\n|-unboost|p1a: Venusaur|spa|1\n|\n|t:|1775951527\n|switch|p2b: Corviknight|Corviknight, L50, M|100/100|[from] Parting Shot\n|move|p1b: Glimmora|Stealth Rock|p2b: Corviknight\n|-sidestart|p2: Xavior_L|move: Stealth Rock\n|move|p1a: Venusaur|Toxic|p2a: Tyranitar\n|-status|p2a: Tyranitar|tox\n|move|p2a: Tyranitar|Earthquake|p1a: Venusaur|[spread] p1a,p1b\n|-immune|p2b: Corviknight\n|-supereffective|p1b: Glimmora|2\n|-enditem|p1b: Glimmora|Shuca Berry|[eat]\n|-enditem|p1b: Glimmora|Shuca Berry|[weaken]\n|-damage|p1a: Venusaur|74/100\n|-damage|p1b: Glimmora|35/100\n|-activate|p1b: Glimmora|ability: Toxic Debris\n|-sidestart|p2: Xavior_L|move: Toxic Spikes\n|\n|-weather|Sandstorm|[upkeep]\n|-damage|p1a: Venusaur|68/100|[from] Sandstorm\n|-damage|p2a: Tyranitar|95/100 tox|[from] psn\n|upkeep\n|turn|2\n|inactive|abkwreu has 30 seconds left.\n|inactive|abkwreu has 20 seconds left.\n|inactive|abkwreu has 15 seconds left.\n|\n|t:|1775951569\n|move|p1a: Venusaur|Protect|p1a: Venusaur\n|-singleturn|p1a: Venusaur|Protect\n|move|p1b: Glimmora|Power Gem|p2b: Corviknight\n|-damage|p2b: Corviknight|65/100\n|move|p2a: Tyranitar|Earthquake|p1a: Venusaur|[spread] p1b\n|-activate|p1a: Venusaur|move: Protect\n|-immune|p2b: Corviknight\n|-supereffective|p1b: Glimmora|2\n|-damage|p1b: Glimmora|0 fnt\n|-activate|p1b: Glimmora|ability: Toxic Debris\n|-sidestart|p2: Xavior_L|move: Toxic Spikes\n|faint|p1b: Glimmora\n|move|p2b: Corviknight|Brave Bird|p1a: Venusaur\n|-activate|p1a: Venusaur|move: Protect\n|\n|-weather|Sandstorm|[upkeep]\n|-damage|p1a: Venusaur|63/100|[from] Sandstorm\n|-heal|p2b: Corviknight|71/100|[from] item: Leftovers\n|-damage|p2a: Tyranitar|83/100 tox|[from] psn\n|upkeep\n|\n|t:|1775951587\n|switch|p1b: Milotic|Milotic, L50, F|100/100\n|turn|3\n|\n|t:|1775951599\n|switch|p1a: Corviknight|Corviknight, L50, M|100/100\n|-ability|p1a: Corviknight|Unnerve\n|move|p1b: Milotic|Coil|p1b: Milotic\n|-boost|p1b: Milotic|atk|1\n|-boost|p1b: Milotic|def|1\n|-boost|p1b: Milotic|accuracy|1\n|move|p2a: Tyranitar|Knock Off|p1a: Corviknight\n|-damage|p1a: Corviknight|52/100\n|-enditem|p1a: Corviknight|Occa Berry|[from] move: Knock Off|[of] p2a: Tyranitar\n|move|p2b: Corviknight|Brave Bird|p1b: Milotic\n|-damage|p1b: Milotic|68/100\n|-damage|p2b: Corviknight|60/100|[from] Recoil\n|\n|-weather|Sandstorm|[upkeep]\n|-damage|p1b: Milotic|62/100|[from] Sandstorm\n|-heal|p1b: Milotic|68/100|[from] item: Leftovers\n|-heal|p2b: Corviknight|66/100|[from] item: Leftovers\n|-damage|p2a: Tyranitar|66/100 tox|[from] psn\n|upkeep\n|turn|4\n|inactive|abkwreu has 30 seconds left.\n|inactive|Xavior_L has 30 seconds left.\n|\n|t:|1775951634\n|switch|p2b: Incineroar|Incineroar, L50, F|100/100\n|-damage|p2b: Incineroar|76/100|[from] Stealth Rock\n|-status|p2b: Incineroar|tox\n|-ability|p2b: Incineroar|Intimidate|boost\n|-unboost|p1a: Corviknight|atk|1\n|-unboost|p1b: Milotic|atk|1\n|move|p2a: Tyranitar|Knock Off|p1b: Milotic\n|-damage|p1b: Milotic|26/100\n|-enditem|p1b: Milotic|Leftovers|[from] move: Knock Off|[of] p2a: Tyranitar\n|move|p1a: Corviknight|Roost|p1a: Corviknight\n|-heal|p1a: Corviknight|100/100\n|-singleturn|p1a: Corviknight|move: Roost\n|move|p1b: Milotic|Dragon Tail|p2b: Incineroar\n|-damage|p2b: Incineroar|66/100 tox\n|drag|p2b: Corviknight|Corviknight, L50, M|66/100\n|-damage|p2b: Corviknight|54/100|[from] Stealth Rock\n|\n|-weather|Sandstorm|[upkeep]\n|-damage|p1b: Milotic|20/100|[from] Sandstorm\n|-heal|p2b: Corviknight|60/100|[from] item: Leftovers\n|-damage|p2a: Tyranitar|43/100 tox|[from] psn\n|upkeep\n|turn|5\n|inactive|abkwreu has 30 seconds left.\n|inactive|Xavior_L has 30 seconds left.\n|inactive|Xavior_L has 20 seconds left.\n|\n|t:|1775951673\n|switch|p1b: Venusaur|Venusaur-Mega, L50, M|63/100\n|move|p2a: Tyranitar|Knock Off|p1a: Corviknight\n|-damage|p1a: Corviknight|72/100\n|move|p1a: Corviknight|Iron Defense|p1a: Corviknight\n|-boost|p1a: Corviknight|def|2\n|move|p2b: Corviknight|Brave Bird|p1b: Venusaur\n|-supereffective|p1b: Venusaur|1\n|-damage|p1b: Venusaur|0 fnt\n|faint|p1b: Venusaur\n|-damage|p2b: Corviknight|41/100|[from] Recoil\n|\n|-weather|none\n|-heal|p2b: Corviknight|47/100|[from] item: Leftovers\n|-damage|p2a: Tyranitar|14/100 tox|[from] psn\n|upkeep\n|\n|t:|1775951687\n|switch|p1b: Milotic|Milotic, L50, F|20/100\n|turn|6\n|\n|t:|1775951696\n|move|p1b: Milotic|Protect|p1b: Milotic\n|-singleturn|p1b: Milotic|Protect\n|move|p2a: Tyranitar|Knock Off|p1b: Milotic\n|-activate|p1b: Milotic|move: Protect\n|move|p1a: Corviknight|Body Press|p2b: Corviknight\n|-damage|p2b: Corviknight|5/100\n|move|p2b: Corviknight|Tailwind|p2b: Corviknight\n|-sidestart|p2: Xavior_L|move: Tailwind\n|\n|-heal|p2b: Corviknight|11/100|[from] item: Leftovers\n|-damage|p2a: Tyranitar|0 fnt|[from] psn\n|faint|p2a: Tyranitar\n|upkeep\n|\n|t:|1775951710\n|switch|p2a: Incineroar|Incineroar, L50, F|66/100 tox\n|-damage|p2a: Incineroar|41/100 tox|[from] Stealth Rock\n|-ability|p2a: Incineroar|Intimidate|boost\n|-unboost|p1a: Corviknight|atk|1\n|-unboost|p1b: Milotic|atk|1\n|turn|7\n|\n|t:|1775951726\n|move|p2a: Incineroar|Flare Blitz|p1a: Corviknight\n|-supereffective|p1a: Corviknight|1\n|-damage|p1a: Corviknight|43/100\n|-damage|p2a: Incineroar|31/100 tox|[from] Recoil\n|move|p2b: Corviknight|Brave Bird|p1b: Milotic\n|-crit|p1b: Milotic\n|-damage|p1b: Milotic|0 fnt\n|-start|p2b: Corviknight|Attract|[from] ability: Cute Charm|[of] p1b: Milotic\n|faint|p1b: Milotic\n|-damage|p2b: Corviknight|4/100|[from] Recoil\n|-end|p2b: Corviknight|Attract|[silent]\n|move|p1a: Corviknight|Iron Defense|p1a: Corviknight\n|-boost|p1a: Corviknight|def|2\n|\n|-heal|p2b: Corviknight|10/100|[from] item: Leftovers\n|-damage|p2a: Incineroar|25/100 tox|[from] psn\n|upkeep\n|turn|8\n|\n|t:|1775951746\n|move|p2a: Incineroar|Flare Blitz|p1a: Corviknight\n|-supereffective|p1a: Corviknight|1\n|-damage|p1a: Corviknight|24/100\n|-damage|p2a: Incineroar|19/100 tox|[from] Recoil\n|move|p2b: Corviknight|Brave Bird|p1a: Corviknight\n|-resisted|p1a: Corviknight|1\n|-damage|p1a: Corviknight|18/100\n|-damage|p2b: Corviknight|8/100|[from] Recoil\n|move|p1a: Corviknight|Roost|p1a: Corviknight\n|-heal|p1a: Corviknight|68/100\n|-singleturn|p1a: Corviknight|move: Roost\n|\n|-heal|p2b: Corviknight|14/100|[from] item: Leftovers\n|-damage|p2a: Incineroar|7/100 tox|[from] psn\n|upkeep\n|turn|9\n|\n|t:|1775951765\n|move|p2a: Incineroar|Flare Blitz|p1a: Corviknight\n|-supereffective|p1a: Corviknight|1\n|-damage|p1a: Corviknight|47/100\n|-damage|p2a: Incineroar|0 fnt|[from] Recoil\n|faint|p2a: Incineroar\n|move|p2b: Corviknight|Roost|p2b: Corviknight\n|-heal|p2b: Corviknight|64/100\n|-singleturn|p2b: Corviknight|move: Roost\n|move|p1a: Corviknight|Iron Defense|p1a: Corviknight\n|-boost|p1a: Corviknight|def|2\n|\n|-heal|p2b: Corviknight|70/100|[from] item: Leftovers\n|-sideend|p2: Xavior_L|move: Tailwind\n|upkeep\n|\n|t:|1775951776\n|switch|p2a: Sinistcha|Sinistcha, L50|100/100\n|-damage|p2a: Sinistcha|88/100|[from] Stealth Rock\n|-status|p2a: Sinistcha|tox\n|-heal|p2b: Corviknight|95/100|[from] ability: Hospitality|[of] p2a: Sinistcha\n|turn|10\n|\n|t:|1775951790\n|move|p2a: Sinistcha|Strength Sap|p1a: Corviknight\n|-unboost|p1a: Corviknight|atk|1\n|-heal|p2a: Sinistcha|100/100 tox\n|move|p2b: Corviknight|Bulk Up|p2b: Corviknight\n|-boost|p2b: Corviknight|atk|1\n|-boost|p2b: Corviknight|def|1\n|move|p1a: Corviknight|Roost|p1a: Corviknight\n|-heal|p1a: Corviknight|98/100\n|-singleturn|p1a: Corviknight|move: Roost\n|\n|-heal|p2b: Corviknight|100/100|[from] item: Leftovers\n|-damage|p2a: Sinistcha|94/100 tox|[from] psn\n|upkeep\n|turn|11\n|\n|t:|1775951806\n|move|p2a: Sinistcha|Rage Powder|p2a: Sinistcha\n|-singleturn|p2a: Sinistcha|move: Rage Powder\n|move|p1a: Corviknight|Body Press|p2a: Sinistcha\n|-immune|p2a: Sinistcha\n|move|p2b: Corviknight|Bulk Up|p2b: Corviknight\n|-boost|p2b: Corviknight|atk|1\n|-boost|p2b: Corviknight|def|1\n|\n|-damage|p2a: Sinistcha|82/100 tox|[from] psn\n|upkeep\n|turn|12\n|\n|t:|1775951817\n|move|p2a: Sinistcha|Rage Powder|p2a: Sinistcha\n|-singleturn|p2a: Sinistcha|move: Rage Powder\n|move|p2b: Corviknight|Bulk Up|p2b: Corviknight\n|-boost|p2b: Corviknight|atk|1\n|-boost|p2b: Corviknight|def|1\n|move|p1a: Corviknight|Body Press|p2a: Sinistcha\n|-immune|p2a: Sinistcha\n|\n|-damage|p2a: Sinistcha|63/100 tox|[from] psn\n|upkeep\n|turn|13\n|\n|t:|1775951833\n|move|p1a: Corviknight|Protect|p1a: Corviknight\n|-singleturn|p1a: Corviknight|Protect\n|move|p2a: Sinistcha|Rage Powder|p2a: Sinistcha\n|-singleturn|p2a: Sinistcha|move: Rage Powder\n|move|p2b: Corviknight|Brave Bird|p1a: Corviknight\n|-activate|p1a: Corviknight|move: Protect\n|\n|-damage|p2a: Sinistcha|39/100 tox|[from] psn\n|upkeep\n|turn|14\n|\n|t:|1775951843\n|move|p2a: Sinistcha|Rage Powder|p2a: Sinistcha\n|-singleturn|p2a: Sinistcha|move: Rage Powder\n|move|p1a: Corviknight|Roost|p1a: Corviknight\n|-heal|p1a: Corviknight|100/100\n|-singleturn|p1a: Corviknight|move: Roost\n|move|p2b: Corviknight|Brave Bird|p1a: Corviknight\n|-resisted|p1a: Corviknight|1\n|-damage|p1a: Corviknight|89/100\n|-damage|p2b: Corviknight|97/100|[from] Recoil\n|\n|-heal|p2b: Corviknight|100/100|[from] item: Leftovers\n|-damage|p2a: Sinistcha|8/100 tox|[from] psn\n|upkeep\n|turn|15\n|\n|t:|1775951860\n|move|p1a: Corviknight|Protect|p1a: Corviknight\n|-singleturn|p1a: Corviknight|Protect\n|move|p2a: Sinistcha|Rage Powder|p2a: Sinistcha\n|-singleturn|p2a: Sinistcha|move: Rage Powder\n|move|p2b: Corviknight|Bulk Up|p2b: Corviknight\n|-boost|p2b: Corviknight|atk|1\n|-boost|p2b: Corviknight|def|1\n|\n|-damage|p2a: Sinistcha|0 fnt|[from] psn\n|faint|p2a: Sinistcha\n|upkeep\n|turn|16\n|\n|t:|1775951870\n|move|p1a: Corviknight|Body Press|p2b: Corviknight\n|-damage|p2b: Corviknight|76/100\n|move|p2b: Corviknight|Brave Bird|p1a: Corviknight\n|-resisted|p1a: Corviknight|1\n|-damage|p1a: Corviknight|74/100\n|-damage|p2b: Corviknight|71/100|[from] Recoil\n|\n|-heal|p2b: Corviknight|77/100|[from] item: Leftovers\n|upkeep\n|turn|17\n|\n|t:|1775951883\n|move|p2b: Corviknight|Bulk Up|p2b: Corviknight\n|-boost|p2b: Corviknight|atk|1\n|-boost|p2b: Corviknight|def|1\n|move|p1a: Corviknight|Body Press|p2b: Corviknight\n|-damage|p2b: Corviknight|53/100\n|\n|-heal|p2b: Corviknight|59/100|[from] item: Leftovers\n|upkeep\n|turn|18\n|\n|t:|1775951892\n|move|p1a: Corviknight|Body Press|p2b: Corviknight\n|-damage|p2b: Corviknight|36/100\n|move|p2b: Corviknight|Bulk Up|p2b: Corviknight\n|-boost|p2b: Corviknight|atk|1\n|-boost|p2b: Corviknight|def|1\n|\n|-heal|p2b: Corviknight|41/100|[from] item: Leftovers\n|upkeep\n|turn|19\n|\n|t:|1775951904\n|move|p1a: Corviknight|Body Press|p2b: Corviknight\n|-damage|p2b: Corviknight|22/100\n|move|p2b: Corviknight|Roost|p2b: Corviknight\n|-heal|p2b: Corviknight|72/100\n|-singleturn|p2b: Corviknight|move: Roost\n|\n|-heal|p2b: Corviknight|78/100|[from] item: Leftovers\n|upkeep\n|turn|20\n|\n|t:|1775951913\n|move|p1a: Corviknight|Body Press|p2b: Corviknight\n|-damage|p2b: Corviknight|57/100\n|move|p2b: Corviknight|Brave Bird|p1a: Corviknight\n|-resisted|p1a: Corviknight|1\n|-damage|p1a: Corviknight|55/100\n|-damage|p2b: Corviknight|50/100|[from] Recoil\n|\n|-heal|p2b: Corviknight|56/100|[from] item: Leftovers\n|upkeep\n|turn|21\n|\n|t:|1775951927\n|move|p2b: Corviknight|Brave Bird|p1a: Corviknight\n|-resisted|p1a: Corviknight|1\n|-damage|p1a: Corviknight|37/100\n|-damage|p2b: Corviknight|50/100|[from] Recoil\n|move|p1a: Corviknight|Roost|p1a: Corviknight\n|-heal|p1a: Corviknight|87/100\n|-singleturn|p1a: Corviknight|move: Roost\n|\n|-heal|p2b: Corviknight|56/100|[from] item: Leftovers\n|upkeep\n|turn|22\n|\n|t:|1775951943\n|move|p1a: Corviknight|Body Press|p2b: Corviknight\n|-damage|p2b: Corviknight|35/100\n|move|p2b: Corviknight|Roost|p2b: Corviknight\n|-heal|p2b: Corviknight|85/100\n|-singleturn|p2b: Corviknight|move: Roost\n|\n|-heal|p2b: Corviknight|91/100|[from] item: Leftovers\n|upkeep\n|turn|23\n|\n|t:|1775951955\n|move|p2b: Corviknight|Brave Bird|p1a: Corviknight\n|-resisted|p1a: Corviknight|1\n|-damage|p1a: Corviknight|69/100\n|-damage|p2b: Corviknight|84/100|[from] Recoil\n|move|p1a: Corviknight|Body Press|p2b: Corviknight\n|-damage|p2b: Corviknight|65/100\n|\n|-heal|p2b: Corviknight|71/100|[from] item: Leftovers\n|upkeep\n|turn|24\n|\n|t:|1775951967\n|move|p2b: Corviknight|Brave Bird|p1a: Corviknight\n|-resisted|p1a: Corviknight|1\n|-damage|p1a: Corviknight|52/100\n|-damage|p2b: Corviknight|65/100|[from] Recoil\n|move|p1a: Corviknight|Body Press|p2b: Corviknight\n|-damage|p2b: Corviknight|44/100\n|\n|-heal|p2b: Corviknight|50/100|[from] item: Leftovers\n|upkeep\n|turn|25\n|\n|t:|1775951985\n|move|p2b: Corviknight|Roost|p2b: Corviknight\n|-heal|p2b: Corviknight|100/100\n|-singleturn|p2b: Corviknight|move: Roost\n|move|p1a: Corviknight|Roost|p1a: Corviknight\n|-heal|p1a: Corviknight|100/100\n|-singleturn|p1a: Corviknight|move: Roost\n|\n|upkeep\n|turn|26\n|\n|t:|1775951994\n|move|p1a: Corviknight|Body Press|p2b: Corviknight\n|-damage|p2b: Corviknight|80/100\n|move|p2b: Corviknight|Brave Bird|p1a: Corviknight\n|-resisted|p1a: Corviknight|1\n|-damage|p1a: Corviknight|81/100\n|-damage|p2b: Corviknight|73/100|[from] Recoil\n|\n|-heal|p2b: Corviknight|79/100|[from] item: Leftovers\n|upkeep\n|turn|27\n|c|\u2606abkwreu|I'm out of pp gg\n|-message|abkwreu forfeited.\n|\n|win|Xavior_L\n|raw|abkwreu's rating: 1088 &rarr; <strong>1065</strong><br />(-23 for losing)\n|raw|Xavior_L's rating: 1084 &rarr; <strong>1112</strong><br />(+28 for winning)\n|c|\u2606Xavior_L|singles ahh game\n|c|\u2606Xavior_L|ggs\n|l|\u2606Xavior_L\n|player|p2|\n",
  "uploadtime": 1775952090,
  "views": 25,
  "formatid": "gen9championsvgc2026regma",
  "rating": 1065,
  "private": 0,
  "password": null
}