{
  "id": "gen9championsvgc2026regma-2586810435",
  "format": "[Gen 9 Champions] VGC 2026 Reg M-A",
  "players": [
    "estsoukalas",
    "junejulyaugust"
  ],
  "log": "|j|\u2606estsoukalas\n|j|\u2606junejulyaugust\n|html|<table width=\"100%\"><tr><td align=\"left\">estsoukalas</td><td align=\"right\">junejulyaugust</tr><tr><td align=\"left\"><i class=\"fa fa-circle-o\"></i> <i class=\"fa fa-circle-o\"></i> </td><td align=\"right\"><i class=\"fa fa-circle-o\"></i> <i class=\"fa fa-circle\"></i> </tr></table>\n|uhtml|bestof|<h2><strong>Game 2</strong> of <a href=\"/game-bestof3-gen9championsvgc2026regma-2586802491\">a best-of-3</a></h2>\n|t:|1776461770\n|gametype|doubles\n|player|p1|estsoukalas|miku-ground|\n|player|p2|junejulyaugust|eusine|\n|gen|9\n|tier|[Gen 9 Champions] VGC 2026 Reg M-A\n|rule|Species Clause: Limit one of each Pok\u00e9mon\n|rule|Item Clause: Limit 1 of each item\n|raw|<div class=\"infobox\"><details class=\"readmore\" open><summary><strong>1 custom rule:</strong></summary> Best of = 3</details></div>\n|clearpoke\n|poke|p1|Archaludon, L50, M|\n|poke|p1|Pelipper, L50, M|\n|poke|p1|Lopunny, L50, F|\n|poke|p1|Sableye, L50, F|\n|poke|p1|Basculegion, L50, M|\n|poke|p1|Beartic, L50, F|\n|poke|p2|Froslass, L50, F|\n|poke|p2|Farigiraf, L50, M|\n|poke|p2|Garchomp, L50, F|\n|poke|p2|Rotom-Frost, L50|\n|poke|p2|Kingambit, L50, F|\n|poke|p2|Tauros-Paldea-Aqua, L50, M|\n|teampreview|4\n|inactive|Battle timer is ON: inactive players will automatically lose when time's up. (requested by estsoukalas)\njunejulyaugust rejected open team sheets.\n|inactive|estsoukalas has 60 seconds left.\n|inactive|junejulyaugust has 60 seconds left.\n|inactiveoff|Battle timer is now OFF.\n|\n|t:|1776461816\n|teamsize|p1|4\n|teamsize|p2|4\n|start\n|switch|p1a: the herta|Lopunny, L50, F|100/100\n|switch|p1b: IX|Sableye, L50, F|100/100\n|switch|p2a: Rare Mark|Rotom-Frost, L50, shiny|100/100\n|switch|p2b: Shiny?|Garchomp, L50, F, shiny|100/100\n|turn|1\n|\n|t:|1776461858\n|detailschange|p1a: the herta|Lopunny-Mega, L50, F\n|-mega|p1a: the herta|Lopunny|Lopunnite\n|move|p2b: Shiny?|Protect|p2b: Shiny?\n|-singleturn|p2b: Shiny?|Protect\n|move|p1b: IX|Fake Out|p2a: Rare Mark\n|-damage|p2a: Rare Mark|90/100\n|cant|p2a: Rare Mark|flinch\n|move|p1a: the herta|Triple Axel|p2b: Shiny?\n|-activate|p2b: Shiny?|move: Protect\n|\n|upkeep\n|turn|2\n|c|\u2606junejulyaugust|sabley gets fake out?\n|c|\u2606junejulyaugust|never sean that\n|\n|t:|1776461951\n|move|p2a: Rare Mark|Electroweb|p1a: the herta|[spread] p1a,p1b\n|-crit|p1b: IX\n|-damage|p1a: the herta|77/100\n|-damage|p1b: IX|55/100\n|-unboost|p1a: the herta|spe|1\n|-unboost|p1b: IX|spe|1\n|move|p2b: Shiny?|Brick Break|p1a: the herta\n|-supereffective|p1a: the herta|1\n|-damage|p1a: the herta|8/100\n|move|p1a: the herta|Triple Axel|p2b: Shiny?\n|-supereffective|p2b: Shiny?|2\n|-damage|p2b: Shiny?|74/100\n|-damage|p1a: the herta|0 fnt|[from] ability: Rough Skin|[of] p2b: Shiny?\n|faint|p1a: the herta\n|-hitcount|p2b: Shiny?|1\n|move|p1b: IX|Brick Break|p2a: Rare Mark\n|-supereffective|p2a: Rare Mark|1\n|-damage|p2a: Rare Mark|52/100\n|\n|upkeep\n|\n|t:|1776462010\n|switch|p1a: imbiber lune|Pelipper, L50, M|100/100\n|-weather|RainDance|[from] ability: Drizzle|[of] p1a: imbiber lune\n|turn|3\n|\n|t:|1776462066\n|switch|p2a: Make It Double|Froslass, L50, F, shiny|100/100\n|move|p2b: Shiny?|Protect|p2b: Shiny?\n|-singleturn|p2b: Shiny?|Protect\n|move|p1b: IX|Disable||[still]\n|-fail|p1b: IX\n|move|p1a: imbiber lune|Tailwind|p1a: imbiber lune\n|-sidestart|p1: estsoukalas|move: Tailwind\n|\n|-weather|RainDance|[upkeep]\n|upkeep\n|turn|4\n|\n|t:|1776462124\n|switch|p1a: nanook|Archaludon, L50, M|100/100\n|detailschange|p2a: Make It Double|Froslass-Mega, L50, F, shiny\n|-mega|p2a: Make It Double|Froslass|Froslassite\n|-weather|Snowscape|[from] ability: Snow Warning|[of] p2a: Make It Double\n|move|p1b: IX|Will-O-Wisp|p2b: Shiny?\n|-status|p2b: Shiny?|brn\n|move|p2a: Make It Double|Shadow Ball|p1b: IX\n|-damage|p1b: IX|0 fnt\n|faint|p1b: IX\n|move|p2b: Shiny?|Stomping Tantrum|p1a: nanook\n|-supereffective|p1a: nanook|1\n|-damage|p1a: nanook|67/100\n|-ability|p1a: nanook|Stamina|boost\n|-boost|p1a: nanook|def|1\n|\n|-weather|Snowscape|[upkeep]\n|-heal|p1a: nanook|73/100|[from] item: Leftovers\n|-damage|p2b: Shiny?|68/100 brn|[from] brn\n|upkeep\n|\n|t:|1776462136\n|switch|p1b: imbiber lune|Pelipper, L50, M|100/100\n|-weather|RainDance|[from] ability: Drizzle|[of] p1b: imbiber lune\n|turn|5\n|\n|t:|1776462170\n|switch|p2a: Rare Mark|Rotom-Frost, L50, shiny|52/100\n|move|p1a: nanook|Electro Shot||[still]\n|-prepare|p1a: nanook|Electro Shot\n|-boost|p1a: nanook|spa|1\n|-anim|p1a: nanook|Electro Shot|p2a: Rare Mark\n|-resisted|p2a: Rare Mark|1\n|-damage|p2a: Rare Mark|8/100\n|move|p1b: imbiber lune|Hydro Pump|p2b: Shiny?\n|-damage|p2b: Shiny?|9/100 brn\n|move|p2b: Shiny?|Stomping Tantrum|p1a: nanook\n|-supereffective|p1a: nanook|1\n|-damage|p1a: nanook|50/100\n|-ability|p1a: nanook|Stamina|boost\n|-boost|p1a: nanook|def|1\n|\n|-weather|RainDance|[upkeep]\n|-heal|p1a: nanook|57/100|[from] item: Leftovers\n|-damage|p2b: Shiny?|3/100 brn|[from] brn\n|upkeep\n|turn|6\n|\n|t:|1776462243\n|move|p1a: nanook|Flash Cannon|p2a: Rare Mark\n|-damage|p2a: Rare Mark|0 fnt\n|faint|p2a: Rare Mark\n|move|p1b: imbiber lune|Hurricane|p2b: Shiny?\n|-crit|p2b: Shiny?\n|-damage|p2b: Shiny?|0 fnt\n|faint|p2b: Shiny?\n|\n|-weather|RainDance|[upkeep]\n|-heal|p1a: nanook|63/100|[from] item: Leftovers\n|-sideend|p1: estsoukalas|move: Tailwind\n|upkeep\n|\n|t:|1776462252\n|switch|p2a: Final Gambit|Kingambit, L50, F, shiny|100/100\n|switch|p2b: Make It Double|Froslass-Mega, L50, F, shiny|100/100\n|-weather|Snowscape|[from] ability: Snow Warning|[of] p2b: Make It Double\n|-activate|p2a: Final Gambit|ability: Supreme Overlord\n|-start|p2a: Final Gambit|fallen2|[silent]\n|turn|7\n|\n|t:|1776462268\n|move|p2b: Make It Double|Shadow Ball|p1a: nanook\n|-damage|p1a: nanook|2/100\n|-ability|p1a: nanook|Stamina|boost\n|-boost|p1a: nanook|def|1\n|move|p1a: nanook|Aura Sphere|p2a: Final Gambit\n|-supereffective|p2a: Final Gambit|2\n|-enditem|p2a: Final Gambit|Focus Sash\n|-damage|p2a: Final Gambit|1/100\n|move|p1b: imbiber lune|Tailwind|p1b: imbiber lune\n|-sidestart|p1: estsoukalas|move: Tailwind\n|move|p2a: Final Gambit|Kowtow Cleave|p1a: nanook\n|-damage|p1a: nanook|0 fnt\n|faint|p1a: nanook\n|\n|-weather|Snowscape|[upkeep]\n|upkeep\n|turn|8\n|\n|t:|1776462292\n|move|p2b: Make It Double|Shadow Ball|p1b: imbiber lune\n|-damage|p1b: imbiber lune|41/100\n|move|p1b: imbiber lune|Hydro Pump|p2a: Final Gambit|[miss]\n|-miss|p1b: imbiber lune|p2a: Final Gambit\n|move|p2a: Final Gambit|Kowtow Cleave|p1b: imbiber lune\n|-damage|p1b: imbiber lune|0 fnt\n|faint|p1b: imbiber lune\n|\n|win|junejulyaugust\n|c|\u2606junejulyaugust|gg\n|c|\u2606estsoukalas|gg\n|l|\u2606estsoukalas\n|player|p1|\n|c|\u2606junejulyaugust|mega lop was so tough to prep for spend 2 hours on it\n",
  "uploadtime": 1776462302,
  "views": 56,
  "formatid": "gen9championsvgc2026regma",
  "rating": null,
  "private": 0,
  "password": null
}