{
  "id": "gen9championsvgc2026regma-2581110251",
  "format": "[Gen 9 Champions] VGC 2026 Reg M-A",
  "players": [
    "Boni_guider",
    "Reefeerrrrrg"
  ],
  "log": "|j|\u2606Boni_guider\n|j|\u2606Reefeerrrrrg\n|t:|1775960817\n|gametype|doubles\n|player|p1|Boni_guider|2|1056\n|player|p2|Reefeerrrrrg|2|1000\n|gen|9\n|tier|[Gen 9 Champions] VGC 2026 Reg M-A\n|rated|\n|rule|Species Clause: Limit one of each Pok\u00e9mon\n|rule|Item Clause: Limit 1 of each item\n|clearpoke\n|poke|p1|Charizard, L50, F|\n|poke|p1|Incineroar, L50, M|\n|poke|p1|Hydreigon, L50, M|\n|poke|p1|Sneasler, L50, F|\n|poke|p1|Milotic, L50, M|\n|poke|p1|Sinistcha, L50|\n|poke|p2|Scizor, L50, M|\n|poke|p2|Gengar, L50, M|\n|poke|p2|Aerodactyl, L50, M|\n|poke|p2|Incineroar, L50, M|\n|poke|p2|Primarina, L50, F|\n|poke|p2|Maushold, L50|\n|teampreview|4\n|\n|t:|1775960839\n|teamsize|p1|4\n|teamsize|p2|4\n|start\n|switch|p1a: Milotic|Milotic, L50, M|100/100\n|switch|p1b: Hydreigon|Hydreigon, L50, M|100/100\n|switch|p2a: Gengar|Gengar, L50, M|100/100\n|switch|p2b: Incineroar|Incineroar, L50, M|100/100\n|-ability|p2b: Incineroar|Intimidate|boost\n|-unboost|p1a: Milotic|atk|1\n|-ability|p1a: Milotic|Competitive|boost\n|-boost|p1a: Milotic|spa|2\n|-unboost|p1b: Hydreigon|atk|1\n|turn|1\n|\n|t:|1775960853\n|detailschange|p2a: Gengar|Gengar-Mega, L50, M\n|-mega|p2a: Gengar|Gengar|Gengarite\n|move|p2b: Incineroar|Fake Out|p1b: Hydreigon\n|-damage|p1b: Hydreigon|86/100\n|move|p2a: Gengar|Perish Song|p2a: Gengar\n|-start|p1a: Milotic|perish3|[silent]\n|-start|p1b: Hydreigon|perish3|[silent]\n|-start|p2a: Gengar|perish3|[silent]\n|-start|p2b: Incineroar|perish3|[silent]\n|-fieldactivate|move: Perish Song\n|cant|p1b: Hydreigon|flinch\n|move|p1a: Milotic|Icy Wind|p2a: Gengar|[spread] p2a,p2b\n|-resisted|p2b: Incineroar|1\n|-damage|p2a: Gengar|75/100\n|-damage|p2b: Incineroar|93/100\n|-unboost|p2a: Gengar|spe|1\n|-unboost|p2b: Incineroar|spe|1\n|\n|-start|p1b: Hydreigon|perish3\n|-start|p2a: Gengar|perish3\n|-start|p1a: Milotic|perish3\n|-start|p2b: Incineroar|perish3\n|upkeep\n|turn|2\n|\n|t:|1775960884\n|switch|p2b: Primarina|Primarina, L50, F|100/100\n|move|p2a: Gengar|Protect|p2a: Gengar\n|-singleturn|p2a: Gengar|Protect\n|move|p1b: Hydreigon|Dark Pulse|p2a: Gengar\n|-activate|p2a: Gengar|move: Protect\n|move|p1a: Milotic|Scald|p2b: Primarina\n|-resisted|p2b: Primarina|1\n|-crit|p2b: Primarina\n|-damage|p2b: Primarina|63/100\n|\n|-heal|p2b: Primarina|68/100|[from] item: Leftovers\n|-start|p1b: Hydreigon|perish2\n|-start|p2a: Gengar|perish2\n|-start|p1a: Milotic|perish2\n|upkeep\n|turn|3\n|\n|t:|1775960916\n|move|p1b: Hydreigon|Dark Pulse|p2a: Gengar\n|-supereffective|p2a: Gengar|1\n|-damage|p2a: Gengar|0 fnt\n|faint|p2a: Gengar\n|move|p1a: Milotic|Scald|p2b: Primarina\n|-resisted|p2b: Primarina|1\n|-damage|p2b: Primarina|43/100\n|-status|p2b: Primarina|brn\n|move|p2b: Primarina|Draining Kiss|p1b: Hydreigon\n|-supereffective|p1b: Hydreigon|2\n|-damage|p1b: Hydreigon|0 fnt\n|-heal|p2b: Primarina|100/100 brn|[from] drain|[of] p1b: Hydreigon\n|faint|p1b: Hydreigon\n|\n|-damage|p2b: Primarina|95/100 brn|[from] brn\n|-start|p1a: Milotic|perish1\n|upkeep\n|\n|t:|1775960938\n|switch|p2a: Incineroar|Incineroar, L50, M|93/100\n|switch|p1b: Charizard|Charizard, L50, F|100/100\n|-ability|p2a: Incineroar|Intimidate|boost\n|-unboost|p1a: Milotic|atk|1\n|-ability|p1a: Milotic|Competitive|boost\n|-boost|p1a: Milotic|spa|2\n|-unboost|p1b: Charizard|atk|1\n|turn|4\n|\n|t:|1775960954\n|move|p1b: Charizard|Protect|p1b: Charizard\n|-singleturn|p1b: Charizard|Protect\n|move|p2a: Incineroar|Fake Out|p1a: Milotic\n|-damage|p1a: Milotic|91/100\n|cant|p1a: Milotic|flinch\n|move|p2b: Primarina|Hyper Voice|p1b: Charizard|[spread] p1a\n|-activate|p1b: Charizard|move: Protect\n|-resisted|p1a: Milotic|1\n|-damage|p1a: Milotic|79/100\n|\n|-heal|p1a: Milotic|85/100|[from] item: Leftovers\n|-heal|p2b: Primarina|100/100 brn|[from] item: Leftovers\n|-damage|p2b: Primarina|95/100 brn|[from] brn\n|-start|p1a: Milotic|perish0\n|faint|p1a: Milotic\n|upkeep\n|\n|t:|1775960968\n|switch|p1a: Incineroar|Incineroar, L50, M|100/100\n|-ability|p1a: Incineroar|Intimidate|boost\n|-unboost|p2a: Incineroar|atk|1\n|-unboost|p2b: Primarina|atk|1\n|turn|5\n|\n|t:|1775960978\n|detailschange|p1b: Charizard|Charizard-Mega-X, L50, F\n|-mega|p1b: Charizard|Charizard|Charizardite X\n|move|p2a: Incineroar|Protect|p2a: Incineroar\n|-singleturn|p2a: Incineroar|Protect\n|move|p1a: Incineroar|Fake Out|p2b: Primarina\n|-damage|p2b: Primarina|83/100 brn\n|move|p1b: Charizard|Dragon Dance|p1b: Charizard\n|-boost|p1b: Charizard|atk|1\n|-boost|p1b: Charizard|spe|1\n|cant|p2b: Primarina|flinch\n|\n|-heal|p2b: Primarina|88/100 brn|[from] item: Leftovers\n|-damage|p2b: Primarina|83/100 brn|[from] brn\n|upkeep\n|turn|6\n|\n|t:|1775960998\n|move|p1b: Charizard|Flare Blitz|p2b: Primarina\n|-resisted|p2b: Primarina|1\n|-damage|p2b: Primarina|35/100 brn\n|-damage|p1b: Charizard|82/100|[from] Recoil\n|move|p1a: Incineroar|Flare Blitz|p2b: Primarina\n|-resisted|p2b: Primarina|1\n|-damage|p2b: Primarina|7/100 brn\n|-damage|p1a: Incineroar|93/100|[from] Recoil\n|move|p2a: Incineroar|Parting Shot|p1b: Charizard\n|-unboost|p1b: Charizard|atk|1\n|-unboost|p1b: Charizard|spa|1\n|\n|t:|1775961009\n|switch|p2a: Aerodactyl|Aerodactyl, L50, M|100/100|[from] Parting Shot\n|-ability|p2a: Aerodactyl|Unnerve\n|move|p2b: Primarina|Perish Song|p2b: Primarina\n|-start|p1a: Incineroar|perish3|[silent]\n|-start|p1b: Charizard|perish3|[silent]\n|-start|p2a: Aerodactyl|perish3|[silent]\n|-start|p2b: Primarina|perish3|[silent]\n|-fieldactivate|move: Perish Song\n|\n|-heal|p2b: Primarina|13/100 brn|[from] item: Leftovers\n|-damage|p2b: Primarina|7/100 brn|[from] brn\n|-start|p1b: Charizard|perish3\n|-start|p2a: Aerodactyl|perish3\n|-start|p1a: Incineroar|perish3\n|-start|p2b: Primarina|perish3\n|upkeep\n|turn|7\n|\n|t:|1775961031\n|move|p2a: Aerodactyl|Protect|p2a: Aerodactyl\n|-singleturn|p2a: Aerodactyl|Protect\n|move|p2b: Primarina|Protect|p2b: Primarina\n|-singleturn|p2b: Primarina|Protect\n|move|p1b: Charizard|Dragon Claw|p2a: Aerodactyl\n|-activate|p2a: Aerodactyl|move: Protect\n|move|p1a: Incineroar|Flare Blitz|p2b: Primarina\n|-activate|p2b: Primarina|move: Protect\n|\n|-heal|p2b: Primarina|13/100 brn|[from] item: Leftovers\n|-damage|p2b: Primarina|7/100 brn|[from] brn\n|-start|p1b: Charizard|perish2\n|-start|p2a: Aerodactyl|perish2\n|-start|p2b: Primarina|perish2\n|-start|p1a: Incineroar|perish2\n|upkeep\n|turn|8\n|\n|t:|1775961053\n|move|p2b: Primarina|Protect|p2b: Primarina\n|-singleturn|p2b: Primarina|Protect\n|move|p1b: Charizard|Flare Blitz|p2a: Aerodactyl\n|-resisted|p2a: Aerodactyl|1\n|-damage|p2a: Aerodactyl|57/100\n|-damage|p1b: Charizard|67/100|[from] Recoil\n|move|p2a: Aerodactyl|Rock Slide|p1a: Incineroar|[spread] p1a,p1b\n|-supereffective|p1a: Incineroar|1\n|-supereffective|p1b: Charizard|1\n|-damage|p1a: Incineroar|50/100\n|-damage|p1b: Charizard|16/100\n|cant|p1a: Incineroar|flinch\n|\n|-heal|p2b: Primarina|13/100 brn|[from] item: Leftovers\n|-damage|p2b: Primarina|7/100 brn|[from] brn\n|-start|p1b: Charizard|perish1\n|-start|p2a: Aerodactyl|perish1\n|-start|p1a: Incineroar|perish1\n|-start|p2b: Primarina|perish1\n|upkeep\n|turn|9\n|l|\u2606Boni_guider\n|player|p1|\n|inactive|Battle timer is ON: inactive players will automatically lose when time's up. (requested by Reefeerrrrrg)\n|inactive|Boni_guider has 30 seconds to reconnect!\n|inactive|Boni_guider has 20 seconds to reconnect!\n|inactive|Boni_guider has 15 seconds to reconnect!\n|inactive|Boni_guider has 10 seconds to reconnect!\n|inactive|Boni_guider has 5 seconds to reconnect!\n|-message|Boni_guider lost due to inactivity.\n|\n|win|Reefeerrrrrg\n|raw|Boni_guider's rating: 1056 &rarr; <strong>1035</strong><br />(-21 for losing)\n|raw|Reefeerrrrrg's rating: 1000 &rarr; <strong>1046</strong><br />(+46 for winning)\n",
  "uploadtime": 1775961235,
  "views": 34,
  "formatid": "gen9championsvgc2026regma",
  "rating": 1035,
  "private": 0,
  "password": null
}