{
  "id": "gen9championsvgc2026regma-2585982005",
  "format": "[Gen 9 Champions] VGC 2026 Reg M-A",
  "players": [
    "lobbychatlagsmypc",
    "restingiko"
  ],
  "log": "|j|\u2606lobbychatlagsmypc\n|j|\u2606restingiko\n|t:|1776387313\n|gametype|doubles\n|player|p1|lobbychatlagsmypc|170|1166\n|player|p2|restingiko|265|1115\n|gen|9\n|tier|[Gen 9 Champions] VGC 2026 Reg M-A\n|rated|\n|rule|Species Clause: Limit one of each Pok\u00e9mon\n|rule|Item Clause: Limit 1 of each item\n|clearpoke\n|poke|p1|Manectric, L50, F|\n|poke|p1|Blastoise, L50, F|\n|poke|p1|Vivillon-Pokeball, L50, F|\n|poke|p1|Chandelure, L50, M|\n|poke|p1|Kingambit, L50, F|\n|poke|p1|Garchomp, L50, M|\n|poke|p2|Dragonite, L50, F|\n|poke|p2|Pelipper, L50, F|\n|poke|p2|Archaludon, L50, M|\n|poke|p2|Sinistcha, L50|\n|poke|p2|Sneasler, L50, F|\n|poke|p2|Basculegion, L50, M|\n|teampreview|4\n|inactive|Battle timer is ON: inactive players will automatically lose when time's up. (requested by lobbychatlagsmypc)\n|inactive|lobbychatlagsmypc has 60 seconds left.\n|inactive|restingiko has 60 seconds left.\n|inactive|lobbychatlagsmypc has 30 seconds left.\n|inactive|lobbychatlagsmypc has 20 seconds left.\n|inactive|lobbychatlagsmypc has 15 seconds left.\n|inactive|lobbychatlagsmypc has 10 seconds left.\n|inactive|lobbychatlagsmypc has 5 seconds left.\n|\n|t:|1776387405\n|teamsize|p1|4\n|teamsize|p2|4\n|start\n|switch|p1a: Blastoise|Blastoise, L50, F|100/100\n|switch|p1b: Kingambit|Kingambit, L50, F|100/100\n|switch|p2a: Sinistcha|Sinistcha, L50|100/100\n|switch|p2b: Archaludon|Archaludon, L50, M|100/100\n|turn|1\n|inactive|restingiko has 30 seconds left.\n|\n|t:|1776387439\n|switch|p2a: Pelipper|Pelipper, L50, F|100/100\n|-weather|RainDance|[from] ability: Drizzle|[of] p2a: Pelipper\n|move|p1a: Blastoise|Fake Out|p2b: Archaludon\n|-resisted|p2b: Archaludon|1\n|-damage|p2b: Archaludon|98/100\n|-ability|p2b: Archaludon|Stamina|boost\n|-boost|p2b: Archaludon|def|1\n|cant|p2b: Archaludon|flinch\n|move|p1b: Kingambit|Swords Dance|p1b: Kingambit\n|-boost|p1b: Kingambit|atk|2\n|\n|-weather|RainDance|[upkeep]\n|-heal|p2b: Archaludon|100/100|[from] item: Leftovers\n|upkeep\n|turn|2\n|inactive|lobbychatlagsmypc has 30 seconds left.\n|inactive|restingiko has 30 seconds left.\n|inactive|lobbychatlagsmypc has 20 seconds left.\n|\n|t:|1776387475\n|detailschange|p1a: Blastoise|Blastoise-Mega, L50, F\n|-mega|p1a: Blastoise|Blastoise|Blastoisinite\n|move|p2b: Archaludon|Protect|p2b: Archaludon\n|-singleturn|p2b: Archaludon|Protect\n|move|p1b: Kingambit|Sucker Punch||[still]\n|-fail|p1b: Kingambit\n|move|p2a: Pelipper|Tailwind|p2a: Pelipper\n|-sidestart|p2: restingiko|move: Tailwind\n|move|p1a: Blastoise|Aura Sphere|p2b: Archaludon\n|-activate|p2b: Archaludon|move: Protect\n|\n|-weather|RainDance|[upkeep]\n|upkeep\n|turn|3\n|inactive|restingiko has 30 seconds left.\n|inactive|restingiko has 20 seconds left.\n|inactive|restingiko has 15 seconds left.\n|inactive|restingiko has 10 seconds left.\n|\n|t:|1776387521\n|switch|p1a: Manectric|Manectric, L50, F|100/100\n|move|p2a: Pelipper|Weather Ball|p1b: Kingambit\n|-damage|p1b: Kingambit|31/100\n|move|p2b: Archaludon|Electro Shot||[still]\n|-prepare|p2b: Archaludon|Electro Shot\n|-boost|p2b: Archaludon|spa|1\n|-anim|p2b: Archaludon|Electro Shot|p1a: Manectric\n|-ability|p1a: Manectric|Lightning Rod|boost\n|-boost|p1a: Manectric|spa|1\n|move|p1b: Kingambit|Kowtow Cleave|p2b: Archaludon\n|-damage|p2b: Archaludon|52/100\n|-ability|p2b: Archaludon|Stamina|boost\n|-boost|p2b: Archaludon|def|1\n|\n|-weather|RainDance|[upkeep]\n|-heal|p2b: Archaludon|58/100|[from] item: Leftovers\n|upkeep\n|turn|4\n|inactive|lobbychatlagsmypc has 30 seconds left.\n|inactive|restingiko has 30 seconds left.\n|inactive|lobbychatlagsmypc has 20 seconds left.\n|inactive|restingiko has 20 seconds left.\n|inactive|lobbychatlagsmypc has 15 seconds left.\n|inactive|restingiko has 15 seconds left.\n|inactive|lobbychatlagsmypc has 10 seconds left.\n|inactive|restingiko has 10 seconds left.\n|\n|t:|1776387569\n|switch|p2a: Sinistcha|Sinistcha, L50|100/100\n|-heal|p2b: Archaludon|83/100|[from] ability: Hospitality|[of] p2a: Sinistcha\n|move|p2b: Archaludon|Protect|p2b: Archaludon\n|-singleturn|p2b: Archaludon|Protect\n|move|p1b: Kingambit|Protect|p1b: Kingambit\n|-singleturn|p1b: Kingambit|Protect\n|move|p1a: Manectric|Thunderbolt|p2a: Sinistcha\n|-resisted|p2a: Sinistcha|1\n|-damage|p2a: Sinistcha|63/100\n|\n|-weather|RainDance|[upkeep]\n|-heal|p2b: Archaludon|89/100|[from] item: Leftovers\n|upkeep\n|turn|5\n|inactive|lobbychatlagsmypc has 30 seconds left.\n|inactive|restingiko has 30 seconds left.\n|inactive|lobbychatlagsmypc has 20 seconds left.\n|inactive|restingiko has 20 seconds left.\n|inactive|lobbychatlagsmypc has 15 seconds left.\n|inactive|restingiko has 15 seconds left.\n|inactive|lobbychatlagsmypc has 10 seconds left.\n|inactive|restingiko has 10 seconds left.\n|\n|t:|1776387618\n|switch|p2a: Dragonite|Dragonite, L50, F|100/100\n|switch|p1b: Vivillon|Vivillon-Pokeball, L50, F|100/100\n|move|p2b: Archaludon|Dragon Pulse|p1b: Vivillon\n|-enditem|p1b: Vivillon|Focus Sash\n|-damage|p1b: Vivillon|1/100\n|move|p1a: Manectric|Thunderbolt|p2a: Dragonite\n|-damage|p2a: Dragonite|41/100\n|\n|-weather|none\n|-heal|p2b: Archaludon|95/100|[from] item: Leftovers\n|-sideend|p2: restingiko|move: Tailwind\n|upkeep\n|turn|6\n|inactive|restingiko has 30 seconds left.\n|inactive|restingiko has 20 seconds left.\n|inactive|restingiko has 15 seconds left.\n|inactive|restingiko has 10 seconds left.\n|inactive|restingiko has 5 seconds left.\n|\n|t:|1776387669\n|detailschange|p2a: Dragonite|Dragonite-Mega, L50, F\n|-mega|p2a: Dragonite|Dragonite|Dragoninite\n|move|p2a: Dragonite|Protect|p2a: Dragonite\n|-singleturn|p2a: Dragonite|Protect\n|move|p1a: Manectric|Thunderbolt|p2a: Dragonite\n|-activate|p2a: Dragonite|move: Protect\n|move|p1b: Vivillon|Tailwind|p1b: Vivillon\n|-sidestart|p1: lobbychatlagsmypc|move: Tailwind\n|move|p2b: Archaludon|Dragon Pulse|p1a: Manectric\n|-damage|p1a: Manectric|3/100\n|\n|-heal|p2b: Archaludon|100/100|[from] item: Leftovers\n|upkeep\n|turn|7\n|inactive|restingiko has 30 seconds left.\n|inactive|restingiko has 20 seconds left.\n|inactive|restingiko has 15 seconds left.\n|inactive|restingiko has 10 seconds left.\n|\n|t:|1776387719\n|switch|p2a: Pelipper|Pelipper, L50, F|100/100\n|-weather|RainDance|[from] ability: Drizzle|[of] p2a: Pelipper\n|move|p1a: Manectric|Eerie Impulse|p2b: Archaludon\n|-unboost|p2b: Archaludon|spa|2\n|move|p1b: Vivillon|Pollen Puff|p1a: Manectric\n|-heal|p1a: Manectric|52/100\n|move|p2b: Archaludon|Dragon Pulse|p1a: Manectric\n|-damage|p1a: Manectric|9/100\n|\n|-weather|RainDance|[upkeep]\n|upkeep\n|turn|8\n|inactive|restingiko has 30 seconds left.\n|inactive|restingiko has 20 seconds left.\n|\n|t:|1776387756\n|move|p1a: Manectric|Thunderbolt|p2a: Pelipper\n|-supereffective|p2a: Pelipper|2\n|-enditem|p2a: Pelipper|Focus Sash\n|-damage|p2a: Pelipper|1/100\n|move|p1b: Vivillon|Pollen Puff|p1a: Manectric\n|-heal|p1a: Manectric|59/100\n|move|p2a: Pelipper|Tailwind|p2a: Pelipper\n|-sidestart|p2: restingiko|move: Tailwind\n|move|p2b: Archaludon|Dragon Pulse|p1a: Manectric\n|-damage|p1a: Manectric|18/100\n|\n|-weather|RainDance|[upkeep]\n|upkeep\n|turn|9\n|inactive|restingiko has 30 seconds left.\n|\n|t:|1776387784\n|move|p1a: Manectric|Volt Switch|p2a: Pelipper\n|-supereffective|p2a: Pelipper|2\n|-damage|p2a: Pelipper|0 fnt\n|faint|p2a: Pelipper\n|\n|t:|1776387787\n|switch|p1a: Kingambit|Kingambit, L50, F|31/100|[from] Volt Switch\n|move|p1b: Vivillon|Pollen Puff|p1a: Kingambit\n|-heal|p1a: Kingambit|81/100\n|move|p2b: Archaludon|Electro Shot||[still]\n|-prepare|p2b: Archaludon|Electro Shot\n|-boost|p2b: Archaludon|spa|1\n|-anim|p2b: Archaludon|Electro Shot|p1b: Vivillon\n|-supereffective|p1b: Vivillon|1\n|-damage|p1b: Vivillon|0 fnt\n|faint|p1b: Vivillon\n|\n|-weather|RainDance|[upkeep]\n|-sideend|p1: lobbychatlagsmypc|move: Tailwind\n|upkeep\n|inactive|restingiko has 30 seconds left.\n|inactive|restingiko has 20 seconds left.\n|\n|t:|1776387822\n|switch|p1b: Blastoise|Blastoise-Mega, L50, F|100/100\n|switch|p2a: Sinistcha|Sinistcha, L50|63/100\n|turn|10\n|inactive|restingiko has 30 seconds left.\n|inactive|restingiko has 20 seconds left.\n|\n|t:|1776387838\n|move|p1b: Blastoise|Fake Out|p2b: Archaludon\n|-resisted|p2b: Archaludon|1\n|-damage|p2b: Archaludon|99/100\n|-ability|p2b: Archaludon|Stamina|boost\n|-boost|p2b: Archaludon|def|1\n|move|p2a: Sinistcha|Rage Powder|p2a: Sinistcha\n|-singleturn|p2a: Sinistcha|move: Rage Powder\n|cant|p2b: Archaludon|flinch\n|move|p1a: Kingambit|Kowtow Cleave|p2a: Sinistcha\n|-supereffective|p2a: Sinistcha|1\n|-damage|p2a: Sinistcha|0 fnt\n|faint|p2a: Sinistcha\n|\n|-weather|RainDance|[upkeep]\n|-heal|p2b: Archaludon|100/100|[from] item: Leftovers\n|upkeep\n|inactive|restingiko has 20 seconds left this turn.\n|inactive|restingiko has 15 seconds left.\n|inactive|restingiko has 10 seconds left.\n|\n|t:|1776387851\n|switch|p2a: Dragonite|Dragonite-Mega, L50, F|41/100\n|turn|11\n|inactive|restingiko has 10 seconds left this turn.\n|inactive|restingiko has 5 seconds left.\n|-message|restingiko lost due to inactivity.\n|\n|win|lobbychatlagsmypc\n|raw|lobbychatlagsmypc's rating: 1166 &rarr; <strong>1187</strong><br />(+21 for winning)\n|raw|restingiko's rating: 1115 &rarr; <strong>1094</strong><br />(-21 for losing)\n",
  "uploadtime": 1776387864,
  "views": 39,
  "formatid": "gen9championsvgc2026regma",
  "rating": 1094,
  "private": 0,
  "password": null
}