{
  "id": "gen9championsvgc2026regma-2585025896",
  "format": "[Gen 9 Champions] VGC 2026 Reg M-A",
  "players": [
    "syshj",
    "hjx"
  ],
  "log": "|j|\u2606syshj\n|j|\u2606hjx\n|t:|1776304493\n|gametype|doubles\n|player|p1|syshj|dawn|1490\n|player|p2|hjx|265|1408\n|gen|9\n|tier|[Gen 9 Champions] VGC 2026 Reg M-A\n|rated|\n|rule|Species Clause: Limit one of each Pok\u00e9mon\n|rule|Item Clause: Limit 1 of each item\n|clearpoke\n|poke|p1|Basculegion, L50, M|\n|poke|p1|Pelipper, L50, M|\n|poke|p1|Floette-Eternal, L50, F|\n|poke|p1|Incineroar, L50, F|\n|poke|p1|Sinistcha-Masterpiece, L50|\n|poke|p1|Kingambit, L50, M|\n|poke|p2|Incineroar, L50, M|\n|poke|p2|Manectric, L50, F|\n|poke|p2|Venusaur, L50, M|\n|poke|p2|Pelipper, L50, M|\n|poke|p2|Slowbro, L50, F|\n|poke|p2|Kangaskhan, L50, F|\n|teampreview|4\n|inactive|Battle timer is ON: inactive players will automatically lose when time's up. (requested by hjx)\n|\n|t:|1776304538\n|teamsize|p1|4\n|teamsize|p2|4\n|start\n|switch|p1a: Basculegion|Basculegion, L50, M|100/100\n|switch|p1b: Kingambit|Kingambit, L50, M|100/100\n|switch|p2a: Kangaskhan|Kangaskhan, L50, F|100/100\n|switch|p2b: Venusaur|Venusaur, L50, M|100/100\n|turn|1\n|\n|t:|1776304559\n|detailschange|p2b: Venusaur|Venusaur-Mega, L50, M\n|-mega|p2b: Venusaur|Venusaur|Venusaurite\n|move|p2a: Kangaskhan|Fake Out|p1b: Kingambit\n|-resisted|p1b: Kingambit|1\n|-damage|p1b: Kingambit|94/100\n|move|p1a: Basculegion|Flip Turn|p2a: Kangaskhan\n|-damage|p2a: Kangaskhan|59/100\n|\n|t:|1776304563\n|switch|p1a: Pelipper|Pelipper, L50, M|100/100|[from] Flip Turn\n|-weather|RainDance|[from] ability: Drizzle|[of] p1a: Pelipper\n|move|p2b: Venusaur|Leech Seed|p1b: Kingambit\n|-start|p1b: Kingambit|move: Leech Seed\n|cant|p1b: Kingambit|flinch\n|\n|-weather|RainDance|[upkeep]\n|-damage|p1b: Kingambit|81/100|[from] Leech Seed|[of] p2b: Venusaur\n|upkeep\n|turn|2\n|\n|t:|1776304587\n|move|p1a: Pelipper|Tailwind|p1a: Pelipper\n|-sidestart|p1: syshj|move: Tailwind\n|move|p1b: Kingambit|Low Kick|p2a: Kangaskhan\n|-supereffective|p2a: Kangaskhan|1\n|-damage|p2a: Kangaskhan|0 fnt\n|faint|p2a: Kangaskhan\n|move|p2b: Venusaur|Giga Drain|p1a: Pelipper\n|-damage|p1a: Pelipper|44/100\n|\n|-weather|RainDance|[upkeep]\n|-damage|p1b: Kingambit|69/100|[from] Leech Seed|[of] p2b: Venusaur\n|upkeep\n|\n|t:|1776304594\n|switch|p2a: Pelipper|Pelipper, L50, M|100/100\n|turn|3\n|j| njxfnewnfw2\n|\n|t:|1776304604\n|move|p1a: Pelipper|Hurricane|p2b: Venusaur\n|-supereffective|p2b: Venusaur|1\n|-damage|p2b: Venusaur|16/100\n|-start|p2b: Venusaur|confusion\n|move|p1b: Kingambit|Kowtow Cleave|p2a: Pelipper\n|-damage|p2a: Pelipper|48/100\n|-activate|p2b: Venusaur|confusion\n|move|p2b: Venusaur|Giga Drain|p1a: Pelipper\n|-damage|p1a: Pelipper|0 fnt\n|-heal|p2b: Venusaur|32/100|[from] drain|[of] p1a: Pelipper\n|faint|p1a: Pelipper\n|move|p2a: Pelipper|Weather Ball|p1b: Kingambit\n|-damage|p1b: Kingambit|12/100\n|\n|-weather|RainDance|[upkeep]\n|-damage|p1b: Kingambit|0 fnt|[from] Leech Seed|[of] p2b: Venusaur\n|-heal|p2b: Venusaur|44/100|[silent]\n|faint|p1b: Kingambit\n|upkeep\n|\n|t:|1776304607\n|switch|p1a: Floette|Floette-Eternal, L50, F|100/100\n|switch|p1b: Basculegion|Basculegion, L50, M|100/100\n|turn|4\n|inactive|hjx has 30 seconds left.\n|\n|t:|1776304638\n|detailschange|p1a: Floette|Floette-Mega, L50, F\n|-mega|p1a: Floette|Floette|Floettite\n|-ability|p1a: Floette|Fairy Aura\n|-activate|p2b: Venusaur|confusion\n|move|p2b: Venusaur|Protect|p2b: Venusaur\n|-singleturn|p2b: Venusaur|Protect\n|move|p2a: Pelipper|Wide Guard|p2a: Pelipper\n|-singleturn|p2a: Pelipper|Wide Guard\n|move|p1b: Basculegion|Last Respects|p2b: Venusaur\n|-activate|p2b: Venusaur|move: Protect\n|move|p1a: Floette|Dazzling Gleam|p2a: Pelipper|[spread] \n|-activate|p2a: Pelipper|move: Wide Guard\n|-activate|p2b: Venusaur|move: Wide Guard\n|\n|-weather|RainDance|[upkeep]\n|upkeep\n|turn|5\n|\n|t:|1776304661\n|switch|p2b: Incineroar|Incineroar, L50, M|100/100\n|-ability|p2b: Incineroar|Intimidate|boost\n|-unboost|p1a: Floette|atk|1\n|-unboost|p1b: Basculegion|atk|1\n|move|p2a: Pelipper|Wide Guard|p2a: Pelipper\n|-singleturn|p2a: Pelipper|Wide Guard\n|move|p1b: Basculegion|Last Respects|p2b: Incineroar\n|-resisted|p2b: Incineroar|1\n|-damage|p2b: Incineroar|78/100\n|move|p1a: Floette|Dazzling Gleam|p2a: Pelipper|[spread] \n|-activate|p2a: Pelipper|move: Wide Guard\n|-activate|p2b: Incineroar|move: Wide Guard\n|\n|-weather|none\n|-sideend|p1: syshj|move: Tailwind\n|upkeep\n|turn|6\n|\n|t:|1776304679\n|move|p2a: Pelipper|Wide Guard|p2a: Pelipper\n|-singleturn|p2a: Pelipper|Wide Guard\n|move|p1b: Basculegion|Last Respects|p2a: Pelipper\n|-crit|p2a: Pelipper\n|-damage|p2a: Pelipper|0 fnt\n|faint|p2a: Pelipper\n|move|p1a: Floette|Moonblast|p2b: Incineroar\n|-damage|p2b: Incineroar|7/100\n|-enditem|p2b: Incineroar|Sitrus Berry|[eat]\n|-heal|p2b: Incineroar|32/100|[from] item: Sitrus Berry\n|move|p2b: Incineroar|Flare Blitz|p1a: Floette\n|-damage|p1a: Floette|53/100\n|-status|p1a: Floette|brn\n|-damage|p2b: Incineroar|18/100|[from] Recoil\n|\n|-damage|p1a: Floette|47/100 brn|[from] brn\n|upkeep\n|\n|t:|1776304685\n|switch|p2a: Venusaur|Venusaur-Mega, L50, M|44/100\n|turn|7\n|\n|t:|1776304701\n|move|p1b: Basculegion|Last Respects|p2a: Venusaur\n|-crit|p2a: Venusaur\n|-damage|p2a: Venusaur|0 fnt\n|faint|p2a: Venusaur\n|move|p1a: Floette|Moonblast|p2b: Incineroar\n|-damage|p2b: Incineroar|0 fnt\n|faint|p2b: Incineroar\n|\n|win|syshj\n|raw|syshj's rating: 1490 &rarr; <strong>1505</strong><br />(+15 for winning)\n|raw|hjx's rating: 1408 &rarr; <strong>1393</strong><br />(-15 for losing)\n|l|\u2606hjx\n|player|p2|\n",
  "uploadtime": 1776304709,
  "views": 36,
  "formatid": "gen9championsvgc2026regma",
  "rating": 1393,
  "private": 0,
  "password": null
}