{
  "id": "gen9championsvgc2026regma-2585876698",
  "format": "[Gen 9 Champions] VGC 2026 Reg M-A",
  "players": [
    "CosmicMD",
    "fmichilotfkms"
  ],
  "log": "|j|\u2606CosmicMD\n|j|\u2606fmichilotfkms\n|t:|1776377627\n|gametype|doubles\n|player|p1|CosmicMD|colress|1188\n|player|p2|fmichilotfkms|1|1126\n|gen|9\n|tier|[Gen 9 Champions] VGC 2026 Reg M-A\n|rated|\n|rule|Species Clause: Limit one of each Pok\u00e9mon\n|rule|Item Clause: Limit 1 of each item\n|clearpoke\n|poke|p1|Farigiraf, L50, F|\n|poke|p1|Crabominable, L50, M|\n|poke|p1|Aegislash, L50, M|\n|poke|p1|Glimmora, L50, F|\n|poke|p1|Sneasler, L50, M|\n|poke|p1|Aerodactyl, L50, M|\n|poke|p2|Incineroar, L50, M|\n|poke|p2|Corviknight, L50, M|\n|poke|p2|Milotic, L50, F|\n|poke|p2|Tyranitar, L50, F|\n|poke|p2|Archaludon, L50, F|\n|poke|p2|Rotom-Frost, L50|\n|teampreview|4\n|c|\u2606CosmicMD|glhf\n|inactive|Battle timer is ON: inactive players will automatically lose when time's up. (requested by CosmicMD)\n|\n|t:|1776377645\n|teamsize|p1|4\n|teamsize|p2|4\n|start\n|switch|p1a: Farigiraf|Farigiraf, L50, F|100/100\n|switch|p1b: Crabominable|Crabominable, L50, M|100/100\n|switch|p2a: Incineroar|Incineroar, L50, M, shiny|100/100\n|switch|p2b: Milotic|Milotic, L50, F|100/100\n|-ability|p2a: Incineroar|Intimidate|boost\n|-unboost|p1a: Farigiraf|atk|1\n|-fail|p1b: Crabominable|unboost|Attack|[from] ability: Hyper Cutter|[of] p1b: Crabominable\n|turn|1\n|\n|t:|1776377655\n|move|p1b: Crabominable|Protect|p1b: Crabominable\n|-singleturn|p1b: Crabominable|Protect\n|move|p2a: Incineroar|Fake Out||[still]\n|cant|p1a: Farigiraf|ability: Armor Tail|Fake Out|[of] p2a: Incineroar\n|move|p2b: Milotic|Scald|p1b: Crabominable\n|-activate|p1b: Crabominable|move: Protect\n|move|p1a: Farigiraf|Trick Room|p1a: Farigiraf\n|-fieldstart|move: Trick Room|[of] p1a: Farigiraf\n|\n|upkeep\n|turn|2\n|\n|t:|1776377666\n|detailschange|p1b: Crabominable|Crabominable-Mega, L50, M\n|-mega|p1b: Crabominable|Crabominable|Crabominite\n|move|p1a: Farigiraf|Ally Switch|p1a: Farigiraf\n|swap|p1a: Farigiraf|1|[from] move: Ally Switch\n|move|p1a: Crabominable|Close Combat|p2a: Incineroar\n|-supereffective|p2a: Incineroar|1\n|-enditem|p2a: Incineroar|Chople Berry|[eat]\n|-enditem|p2a: Incineroar|Chople Berry|[weaken]\n|-damage|p2a: Incineroar|10/100\n|-unboost|p1a: Crabominable|def|1\n|-unboost|p1a: Crabominable|spd|1\n|move|p2b: Milotic|Scald|p1b: Farigiraf\n|-damage|p1b: Farigiraf|76/100\n|move|p2a: Incineroar|Darkest Lariat|p1b: Farigiraf\n|-supereffective|p1b: Farigiraf|1\n|-damage|p1b: Farigiraf|8/100\n|\n|upkeep\n|turn|3\n|\n|t:|1776377687\n|move|p2a: Incineroar|Protect|p2a: Incineroar\n|-singleturn|p2a: Incineroar|Protect\n|move|p1a: Crabominable|Thunder Punch|p2b: Milotic\n|-supereffective|p2b: Milotic|1\n|-damage|p2b: Milotic|38/100\n|move|p1b: Farigiraf|Hyper Voice|p2a: Incineroar|[spread] p2b\n|-activate|p2a: Incineroar|move: Protect\n|-damage|p2b: Milotic|21/100\n|move|p2b: Milotic|Scald|p1a: Crabominable\n|-damage|p1a: Crabominable|67/100\n|\n|upkeep\n|turn|4\n|\n|t:|1776377709\n|switch|p2b: Tyranitar|Tyranitar, L50, F|100/100\n|-weather|Sandstorm|[from] ability: Sand Stream|[of] p2b: Tyranitar\n|switch|p2a: Corviknight|Corviknight, L50, M|100/100\n|move|p1a: Crabominable|Thunder Punch|p2b: Tyranitar\n|-damage|p2b: Tyranitar|64/100\n|move|p1b: Farigiraf|Hyper Voice|p2b: Tyranitar|[spread] p2a,p2b\n|-resisted|p2a: Corviknight|1\n|-resisted|p2b: Tyranitar|1\n|-damage|p2a: Corviknight|90/100\n|-damage|p2b: Tyranitar|58/100\n|\n|-weather|Sandstorm|[upkeep]\n|-damage|p1a: Crabominable|61/100|[from] Sandstorm\n|-damage|p1b: Farigiraf|1/100|[from] Sandstorm\n|-heal|p2a: Corviknight|96/100|[from] item: Leftovers\n|upkeep\n|turn|5\n|inactive|CosmicMD has 30 seconds left.\n|\n|t:|1776377743\n|switch|p2b: Incineroar|Incineroar, L50, M, shiny|10/100\n|-ability|p2b: Incineroar|Intimidate|boost\n|-unboost|p1a: Crabominable|atk|1\n|-unboost|p1b: Farigiraf|atk|1\n|move|p1a: Crabominable|Close Combat|p2b: Incineroar\n|-supereffective|p2b: Incineroar|1\n|-damage|p2b: Incineroar|0 fnt\n|-unboost|p1a: Crabominable|def|1\n|-unboost|p1a: Crabominable|spd|1\n|faint|p2b: Incineroar\n|move|p1b: Farigiraf|Hyper Voice|p2a: Corviknight\n|-resisted|p2a: Corviknight|1\n|-damage|p2a: Corviknight|82/100\n|move|p2a: Corviknight|Iron Defense|p2a: Corviknight\n|-boost|p2a: Corviknight|def|2\n|\n|-weather|Sandstorm|[upkeep]\n|-damage|p1a: Crabominable|55/100|[from] Sandstorm\n|-damage|p1b: Farigiraf|0 fnt|[from] Sandstorm\n|faint|p1b: Farigiraf\n|-heal|p2a: Corviknight|88/100|[from] item: Leftovers\n|-fieldend|move: Trick Room\n|upkeep\n|\n|t:|1776377767\n|switch|p2b: Milotic|Milotic, L50, F|21/100\n|switch|p1b: Sneasler|Sneasler, L50, M|100/100\n|turn|6\n|\n|t:|1776377778\n|move|p1b: Sneasler|Fake Out|p2b: Milotic\n|-damage|p2b: Milotic|10/100\n|cant|p2b: Milotic|flinch\n|move|p2a: Corviknight|Body Press|p1a: Crabominable\n|-supereffective|p1a: Crabominable|1\n|-damage|p1a: Crabominable|0 fnt\n|faint|p1a: Crabominable\n|\n|-weather|Sandstorm|[upkeep]\n|-damage|p1b: Sneasler|95/100|[from] Sandstorm\n|-damage|p2b: Milotic|4/100|[from] Sandstorm\n|-heal|p2a: Corviknight|94/100|[from] item: Leftovers\n|upkeep\n|\n|t:|1776377784\n|switch|p1a: Aegislash|Aegislash, L50, M|100/100\n|turn|7\n|\n|t:|1776377794\n|move|p1b: Sneasler|Protect|p1b: Sneasler\n|-singleturn|p1b: Sneasler|Protect\n|move|p2b: Milotic|Recover|p2b: Milotic\n|-heal|p2b: Milotic|54/100\n|move|p2a: Corviknight|Brave Bird|p1b: Sneasler\n|-activate|p1b: Sneasler|move: Protect\n|-formechange|p1a: Aegislash|Aegislash-Blade|\n|move|p1a: Aegislash|Iron Head|p2b: Milotic\n|-resisted|p2b: Milotic|1\n|-damage|p2b: Milotic|34/100\n|\n|-weather|Sandstorm|[upkeep]\n|-damage|p1b: Sneasler|89/100|[from] Sandstorm\n|-damage|p2b: Milotic|28/100|[from] Sandstorm\n|-heal|p2a: Corviknight|99/100|[from] item: Leftovers\n|upkeep\n|turn|8\n|\n|t:|1776377809\n|move|p1b: Sneasler|Protect||[still]\n|-fail|p1b: Sneasler\n|move|p2b: Milotic|Scald|p1a: Aegislash\n|-damage|p1a: Aegislash|51/100\n|-status|p1a: Aegislash|brn\n|move|p2a: Corviknight|Brave Bird|p1b: Sneasler\n|-supereffective|p1b: Sneasler|1\n|-damage|p1b: Sneasler|0 fnt\n|faint|p1b: Sneasler\n|-damage|p2a: Corviknight|77/100|[from] Recoil\n|move|p1a: Aegislash|Poltergeist|p2b: Milotic\n|-activate|p2b: Milotic|move: Poltergeist|Lum Berry\n|-damage|p2b: Milotic|1/100\n|\n|-weather|none\n|-heal|p2a: Corviknight|83/100|[from] item: Leftovers\n|-heal|p1a: Aegislash|57/100 brn|[from] item: Leftovers\n|-damage|p1a: Aegislash|51/100 brn|[from] brn\n|upkeep\n|turn|9\n|-message|CosmicMD forfeited.\n|\n|win|fmichilotfkms\n|raw|CosmicMD's rating: 1188 &rarr; <strong>1159</strong><br />(-29 for losing)\n|raw|fmichilotfkms's rating: 1126 &rarr; <strong>1155</strong><br />(+29 for winning)\n|l|\u2606CosmicMD\n|player|p1|\n|l|\u2606fmichilotfkms\n|player|p2|\n|j|\u2606fmichilotfkms\n|player|p2|fmichilotfkms|1|\n",
  "uploadtime": 1776378085,
  "views": 14,
  "formatid": "gen9championsvgc2026regma",
  "rating": 1155,
  "private": 0,
  "password": null
}