{
  "id": "gen9championsvgc2026regma-2586414282",
  "format": "[Gen 9 Champions] VGC 2026 Reg M-A",
  "players": [
    "hcxtfghvzgv",
    "campeondelfitness"
  ],
  "log": "|j|\u2606hcxtfghvzgv\n|j|\u2606campeondelfitness\n|t:|1776433003\n|gametype|doubles\n|player|p1|hcxtfghvzgv|102|1205\n|player|p2|campeondelfitness|swimmer|1255\n|gen|9\n|tier|[Gen 9 Champions] VGC 2026 Reg M-A\n|rated|\n|rule|Species Clause: Limit one of each Pok\u00e9mon\n|rule|Item Clause: Limit 1 of each item\n|clearpoke\n|poke|p1|Alakazam, L50, M|\n|poke|p1|Meowstic, L50, M|\n|poke|p1|Dragapult, L50, F|\n|poke|p1|Garchomp, L50, F|\n|poke|p1|Rotom-Wash, L50|\n|poke|p1|Farigiraf, L50, M|\n|poke|p2|Tyranitar, L50, F|\n|poke|p2|Garchomp, L50, F|\n|poke|p2|Heliolisk, L50, M|\n|poke|p2|Rotom-Heat, L50|\n|poke|p2|Orthworm, L50, F|\n|poke|p2|Aerodactyl, L50, F|\n|teampreview|4\n|inactive|Battle timer is ON: inactive players will automatically lose when time's up. (requested by campeondelfitness)\n|inactive|hcxtfghvzgv also wants the timer to be on.\n|inactive|campeondelfitness has 60 seconds left.\n|inactive|campeondelfitness has 30 seconds left.\n|\n|t:|1776433068\n|teamsize|p1|4\n|teamsize|p2|4\n|start\n|switch|p1a: Garchomp|Garchomp, L50, F|100/100\n|switch|p1b: Rotom|Rotom-Wash, L50|100/100\n|switch|p2a: Aerodactyl|Aerodactyl, L50, F|100/100\n|switch|p2b: Garchomp|Garchomp, L50, F|100/100\n|-ability|p2a: Aerodactyl|Unnerve\n|turn|1\n|inactive|hcxtfghvzgv has 30 seconds left.\n|inactive|campeondelfitness has 30 seconds left.\n|inactive|campeondelfitness has 20 seconds left.\n|inactive|campeondelfitness has 15 seconds left.\n|\n|t:|1776433115\n|switch|p2a: Tyranitar|Tyranitar, L50, F|100/100\n|-weather|Sandstorm|[from] ability: Sand Stream|[of] p2a: Tyranitar\n|detailschange|p2b: Garchomp|Garchomp-Mega, L50, F\n|-mega|p2b: Garchomp|Garchomp|Garchompite\n|move|p1a: Garchomp|Dragon Claw|p2b: Garchomp\n|-supereffective|p2b: Garchomp|1\n|-damage|p2b: Garchomp|32/100\n|move|p2b: Garchomp|Dragon Claw|p1a: Garchomp\n|-supereffective|p1a: Garchomp|1\n|-crit|p1a: Garchomp\n|-damage|p1a: Garchomp|0 fnt\n|-damage|p2b: Garchomp|20/100|[from] ability: Rough Skin|[of] p1a: Garchomp\n|faint|p1a: Garchomp\n|move|p1b: Rotom|Hydro Pump|p2b: Garchomp\n|-damage|p2b: Garchomp|0 fnt\n|faint|p2b: Garchomp\n|\n|-weather|Sandstorm|[upkeep]\n|-damage|p1b: Rotom|95/100|[from] Sandstorm\n|upkeep\n|\n|t:|1776433139\n|switch|p1a: Meowstic|Meowstic, L50, M|100/100\n|switch|p2b: Orthworm|Orthworm, L50, F|100/100\n|turn|2\n|\n|t:|1776433162\n|move|p1a: Meowstic|Fake Out|p2a: Tyranitar\n|-resisted|p2a: Tyranitar|1\n|-damage|p2a: Tyranitar|99/100\n|move|p1b: Rotom|Hydro Pump|p2a: Tyranitar\n|-supereffective|p2a: Tyranitar|1\n|-damage|p2a: Tyranitar|45/100\n|move|p2b: Orthworm|Iron Head|p1b: Rotom\n|-resisted|p1b: Rotom|2\n|-damage|p1b: Rotom|88/100\n|cant|p2a: Tyranitar|flinch\n|\n|-weather|Sandstorm|[upkeep]\n|-damage|p1a: Meowstic|94/100|[from] Sandstorm\n|-damage|p1b: Rotom|83/100|[from] Sandstorm\n|upkeep\n|turn|3\n|inactive|hcxtfghvzgv has 30 seconds left.\n|\n|t:|1776433192\n|switch|p2a: Aerodactyl|Aerodactyl, L50, F|100/100\n|-ability|p2a: Aerodactyl|Unnerve\n|move|p1a: Meowstic|Psychic Terrain|p1a: Meowstic\n|-fieldstart|move: Psychic Terrain\n|move|p1b: Rotom|Hydro Pump|p2a: Aerodactyl|[miss]\n|-miss|p1b: Rotom|p2a: Aerodactyl\n|move|p2b: Orthworm|Shed Tail|p2b: Orthworm\n|-start|p2b: Orthworm|Substitute|[from] move: Shed Tail\n|-damage|p2b: Orthworm|50/100\n|\n|t:|1776433202\n|switch|p2b: Tyranitar|Tyranitar, L50, F|45/100|[from] Shed Tail\n|\n|-weather|Sandstorm|[upkeep]\n|-damage|p1a: Meowstic|88/100|[from] Sandstorm\n|-damage|p1b: Rotom|77/100|[from] Sandstorm\n|upkeep\n|turn|4\n|\n|t:|1776433221\n|move|p2a: Aerodactyl|Rock Slide|p1a: Meowstic|[spread] p1a,p1b\n|-crit|p1a: Meowstic\n|-damage|p1a: Meowstic|55/100\n|-damage|p1b: Rotom|50/100\n|cant|p1a: Meowstic|flinch\n|cant|p1b: Rotom|flinch\n|move|p2b: Tyranitar|Knock Off|p1b: Rotom\n|-damage|p1b: Rotom|5/100\n|-enditem|p1b: Rotom|Sitrus Berry|[from] move: Knock Off|[of] p2b: Tyranitar\n|\n|-weather|Sandstorm|[upkeep]\n|-damage|p1a: Meowstic|49/100|[from] Sandstorm\n|-damage|p1b: Rotom|0 fnt|[from] Sandstorm\n|faint|p1b: Rotom\n|upkeep\n|\n|t:|1776433236\n|switch|p1b: Alakazam|Alakazam, L50, M|100/100\n|turn|5\n|\n|t:|1776433257\n|detailschange|p1b: Alakazam|Alakazam-Mega, L50, M\n|-mega|p1b: Alakazam|Alakazam|Alakazite\n|-ability|p1b: Alakazam|Unnerve|Trace|[from] ability: Trace|[of] p2a: Aerodactyl\n|-ability|p1b: Alakazam|Unnerve\n|move|p1b: Alakazam|Focus Blast|p2b: Tyranitar\n|-supereffective|p2b: Tyranitar|2\n|-end|p2b: Tyranitar|Substitute\n|move|p2a: Aerodactyl|Rock Slide|p1a: Meowstic|[spread] p1a,p1b\n|-damage|p1a: Meowstic|27/100\n|-damage|p1b: Alakazam|52/100\n|move|p1a: Meowstic|Expanding Force|p2b: Tyranitar|[spread] p2a\n|-immune|p2b: Tyranitar\n|-damage|p2a: Aerodactyl|67/100\n|move|p2b: Tyranitar|Knock Off|p1b: Alakazam\n|-supereffective|p1b: Alakazam|1\n|-damage|p1b: Alakazam|0 fnt\n|faint|p1b: Alakazam\n|\n|-weather|none\n|upkeep\n|turn|6\n|-message|hcxtfghvzgv forfeited.\n|\n|win|campeondelfitness\n|raw|hcxtfghvzgv's rating: 1205 &rarr; <strong>1184</strong><br />(-21 for losing)\n|raw|campeondelfitness's rating: 1255 &rarr; <strong>1276</strong><br />(+21 for winning)\n|l|\u2606hcxtfghvzgv\n|player|p1|\n",
  "uploadtime": 1776433277,
  "views": 59,
  "formatid": "gen9championsvgc2026regma",
  "rating": 1184,
  "private": 0,
  "password": null
}