{
  "id": "gen9championsvgc2026regma-2584643089",
  "format": "[Gen 9 Champions] VGC 2026 Reg M-A",
  "players": [
    "pokecircuitcom",
    "5wamp"
  ],
  "log": "|j|\u2606pokecircuitcom\n|j|\u26065wamp\n|t:|1776274017\n|gametype|doubles\n|player|p1|pokecircuitcom|1|\n|player|p2|5wamp|iono-masters|\n|gen|9\n|tier|[Gen 9 Champions] VGC 2026 Reg M-A\n|rated|Tournament battle\n|rule|Species Clause: Limit one of each Pok\u00e9mon\n|rule|Item Clause: Limit 1 of each item\n|raw|<div class=\"infobox\"><details class=\"readmore\" open><summary><strong>1 custom rule:</strong></summary> -urshifu</details></div>\n|clearpoke\n|poke|p1|Corviknight, L50, M|\n|poke|p1|Basculegion-F, L50, F|\n|poke|p1|Weavile, L50, F|\n|poke|p1|Manectric, L50, M|\n|poke|p1|Lopunny, L50, M|\n|poke|p1|Volcarona, L50, M|\n|poke|p2|Floette-Eternal, L50, F|\n|poke|p2|Sneasler, L50, M|\n|poke|p2|Aerodactyl, L50, F|\n|poke|p2|Delphox, L50, F|\n|poke|p2|Garchomp, L50, M|\n|poke|p2|Kingambit, L50, F|\n|teampreview|4\n|inactive|Battle timer is ON: inactive players will automatically lose when time's up. (requested by 5wamp)\n|j| OnToTheOther\n|inactive|5wamp has 60 seconds left.\n|j| drewisaboss44\n|\n|t:|1776274054\n|teamsize|p1|4\n|teamsize|p2|4\n|start\n|switch|p1a: Lopunny|Lopunny, L50, M|100/100\n|switch|p1b: Corviknight|Corviknight, L50, M, shiny|100/100\n|switch|p2a: Delphox|Delphox, L50, F|100/100\n|switch|p2b: Kingambit|Kingambit, L50, F|100/100\n|turn|1\n|j| Plopy14\n|j| Electroely\n|inactive|pokecircuitcom has 30 seconds left.\n|\n|t:|1776274082\n|switch|p2b: Sneasler|Sneasler, L50, M|100/100\n|detailschange|p1a: Lopunny|Lopunny-Mega, L50, M\n|-mega|p1a: Lopunny|Lopunny|Lopunnite\n|detailschange|p2a: Delphox|Delphox-Mega, L50, F\n|-mega|p2a: Delphox|Delphox|Delphoxite\n|move|p1a: Lopunny|Close Combat|p2b: Sneasler\n|-resisted|p2b: Sneasler|1\n|-damage|p2b: Sneasler|41/100\n|-unboost|p1a: Lopunny|def|1\n|-unboost|p1a: Lopunny|spd|1\n|move|p2a: Delphox|Heat Wave|p1b: Corviknight|[spread] p1a,p1b\n|-supereffective|p1b: Corviknight|1\n|-damage|p1a: Lopunny|11/100\n|-damage|p1b: Corviknight|12/100\n|move|p1b: Corviknight|Tailwind|p1b: Corviknight\n|-sidestart|p1: pokecircuitcom|move: Tailwind\n|\n|-heal|p1b: Corviknight|18/100|[from] item: Leftovers\n|upkeep\n|turn|2\n|inactive|5wamp has 30 seconds left.\n|\n|t:|1776274111\n|switch|p1a: Basculegion|Basculegion-F, L50, F|100/100\n|move|p2b: Sneasler|Fake Out|p1a: Basculegion\n|-immune|p1a: Basculegion\n|move|p1b: Corviknight|Brave Bird|p2b: Sneasler\n|-supereffective|p2b: Sneasler|1\n|-damage|p2b: Sneasler|0 fnt\n|faint|p2b: Sneasler\n|-damage|p1b: Corviknight|8/100|[from] Recoil\n|move|p2a: Delphox|Substitute|p2a: Delphox\n|-start|p2a: Delphox|Substitute\n|-damage|p2a: Delphox|75/100\n|\n|-heal|p1b: Corviknight|14/100|[from] item: Leftovers\n|upkeep\n|\n|t:|1776274117\n|switch|p2b: Kingambit|Kingambit, L50, F|100/100\n|turn|3\n|\n|t:|1776274125\n|move|p2b: Kingambit|Sucker Punch|p1a: Basculegion\n|-supereffective|p1a: Basculegion|1\n|-damage|p1a: Basculegion|0 fnt\n|faint|p1a: Basculegion\n|move|p1b: Corviknight|Brave Bird|p2a: Delphox\n|-crit|p2a: Delphox\n|-end|p2a: Delphox|Substitute\n|-damage|p1b: Corviknight|7/100|[from] Recoil|[of] p2a: Delphox\n|move|p2a: Delphox|Heat Wave|p1b: Corviknight\n|-supereffective|p1b: Corviknight|1\n|-damage|p1b: Corviknight|0 fnt\n|faint|p1b: Corviknight\n|\n|upkeep\n|\n|t:|1776274132\n|switch|p1a: Lopunny|Lopunny-Mega, L50, M|11/100\n|switch|p1b: Volcarona|Volcarona, L50, M|100/100\n|turn|4\n|j| AB6889\n|\n|t:|1776274140\n|move|p1a: Lopunny|Fake Out|p2b: Kingambit\n|-resisted|p2b: Kingambit|1\n|-damage|p2b: Kingambit|93/100\n|cant|p2b: Kingambit|flinch\n|move|p1b: Volcarona|Heat Wave|p2b: Kingambit|[spread] p2a,p2b\n|-resisted|p2a: Delphox|1\n|-supereffective|p2b: Kingambit|1\n|-damage|p2a: Delphox|57/100\n|-damage|p2b: Kingambit|20/100\n|move|p2a: Delphox|Heat Wave|p1b: Volcarona|[spread] p1a,p1b\n|-damage|p1a: Lopunny|0 fnt\n|-damage|p1b: Volcarona|62/100\n|faint|p1a: Lopunny\n|\n|-sideend|p1: pokecircuitcom|move: Tailwind\n|upkeep\n|turn|5\n|l| AB6889\n|\n|t:|1776274152\n|move|p2b: Kingambit|Sucker Punch||[still]\n|-fail|p2b: Kingambit\n|move|p2a: Delphox|Psychic|p1b: Volcarona\n|-damage|p1b: Volcarona|9/100\n|move|p1b: Volcarona|Quiver Dance|p1b: Volcarona\n|-boost|p1b: Volcarona|spa|1\n|-boost|p1b: Volcarona|spd|1\n|-boost|p1b: Volcarona|spe|1\n|\n|upkeep\n|turn|6\n|\n|t:|1776274165\n|move|p2b: Kingambit|Sucker Punch|p1b: Volcarona\n|-damage|p1b: Volcarona|0 fnt\n|faint|p1b: Volcarona\n|\n|win|5wamp\n|n|\u2606pokecircuitcom|pokecircuitcom\n|n|\u26065wamp|5wamp\n|n| OnToTheOther|ontotheother\n|n| drewisaboss44|drewisaboss44\n|n| Plopy14|plopy14\n|n| Electroely|electroely\n",
  "uploadtime": 1776274165,
  "views": 15,
  "formatid": "gen9championsvgc2026regma",
  "rating": null,
  "private": 0,
  "password": null
}