{
  "id": "gen9championsvgc2026regma-2584762789",
  "format": "[Gen 9 Champions] VGC 2026 Reg M-A",
  "players": [
    "flipi1234",
    "yuriimon"
  ],
  "log": "|j|\u2606flipi1234\n|j|\u2606yuriimon\n|t:|1776281900\n|gametype|doubles\n|player|p1|flipi1234|170|1094\n|player|p2|yuriimon|waitress-gen4|1108\n|gen|9\n|tier|[Gen 9 Champions] VGC 2026 Reg M-A\n|rated|\n|rule|Species Clause: Limit one of each Pok\u00e9mon\n|rule|Item Clause: Limit 1 of each item\n|clearpoke\n|poke|p1|Goodra-Hisui, L50, M|\n|poke|p1|Espathra, L50, F|\n|poke|p1|Incineroar, L50, M|\n|poke|p1|Venusaur, L50, F|\n|poke|p1|Milotic, L50, M|\n|poke|p1|Glimmora, L50, M|\n|poke|p2|Glimmora, L50, F|\n|poke|p2|Incineroar, L50, M|\n|poke|p2|Archaludon, L50, F|\n|poke|p2|Politoed, L50, M|\n|poke|p2|Basculegion, L50, M|\n|poke|p2|Chesnaught, L50, F|\n|teampreview|4\n|inactive|Battle timer is ON: inactive players will automatically lose when time's up. (requested by yuriimon)\n|inactive|yuriimon has 60 seconds left.\n|\n|t:|1776281933\n|teamsize|p1|4\n|teamsize|p2|4\n|start\n|switch|p1a: Venusaur|Venusaur, L50, F|100/100\n|switch|p1b: Espathra|Espathra, L50, F|100/100\n|switch|p2a: Basculegion|Basculegion, L50, M|100/100\n|switch|p2b: Politoed|Politoed, L50, M|100/100\n|-weather|RainDance|[from] ability: Drizzle|[of] p2b: Politoed\n|turn|1\n|\n|t:|1776281956\n|move|p2b: Politoed|Helping Hand|p2a: Basculegion\n|-singleturn|p2a: Basculegion|Helping Hand|[of] p2b: Politoed\n|move|p2a: Basculegion|Wave Crash|p1b: Espathra\n|-enditem|p1b: Espathra|Focus Sash\n|-damage|p1b: Espathra|1/100\n|-damage|p2a: Basculegion|67/100|[from] Recoil\n|move|p1b: Espathra|Calm Mind|p1b: Espathra\n|-boost|p1b: Espathra|spa|1\n|-boost|p1b: Espathra|spd|1\n|move|p1a: Venusaur|Giga Drain|p2b: Politoed\n|-supereffective|p2b: Politoed|1\n|-damage|p2b: Politoed|56/100\n|\n|-weather|RainDance|[upkeep]\n|-ability|p1b: Espathra|Speed Boost|boost\n|-boost|p1b: Espathra|spe|1\n|upkeep\n|turn|2\n|\n|t:|1776281981\n|switch|p2b: Chesnaught|Chesnaught, L50, F|100/100\n|move|p1b: Espathra|Protect|p1b: Espathra\n|-singleturn|p1b: Espathra|Protect\n|move|p2a: Basculegion|Aqua Jet|p1b: Espathra\n|-activate|p1b: Espathra|move: Protect\n|move|p1a: Venusaur|Giga Drain|p2b: Chesnaught\n|-resisted|p2b: Chesnaught|1\n|-crit|p2b: Chesnaught\n|-damage|p2b: Chesnaught|77/100\n|\n|-weather|RainDance|[upkeep]\n|-ability|p1b: Espathra|Speed Boost|boost\n|-boost|p1b: Espathra|spe|1\n|upkeep\n|turn|3\n|\n|t:|1776281999\n|detailschange|p2b: Chesnaught|Chesnaught-Mega, L50, F\n|-mega|p2b: Chesnaught|Chesnaught|Chesnaughtite\n|move|p2a: Basculegion|Aqua Jet|p1b: Espathra\n|-damage|p1b: Espathra|0 fnt\n|faint|p1b: Espathra\n|move|p1a: Venusaur|Sludge Bomb|p2b: Chesnaught\n|-immune|p2b: Chesnaught|[from] ability: Bulletproof\n|move|p2b: Chesnaught|Iron Defense|p2b: Chesnaught\n|-boost|p2b: Chesnaught|def|2\n|\n|-weather|RainDance|[upkeep]\n|upkeep\n|\n|t:|1776282013\n|switch|p1b: Goodra|Goodra-Hisui, L50, M|100/100\n|turn|4\n|\n|t:|1776282023\n|move|p2a: Basculegion|Psychic Fangs|p1a: Venusaur\n|-supereffective|p1a: Venusaur|1\n|-damage|p1a: Venusaur|38/100\n|move|p1a: Venusaur|Giga Drain|p2a: Basculegion\n|-supereffective|p2a: Basculegion|1\n|-damage|p2a: Basculegion|0 fnt\n|-heal|p1a: Venusaur|73/100|[from] drain|[of] p2a: Basculegion\n|faint|p2a: Basculegion\n|move|p1b: Goodra|Body Press|p2b: Chesnaught\n|-damage|p2b: Chesnaught|70/100\n|move|p2b: Chesnaught|Body Press|p1b: Goodra\n|-supereffective|p1b: Goodra|1\n|-damage|p1b: Goodra|0 fnt\n|faint|p1b: Goodra\n|\n|-weather|RainDance|[upkeep]\n|upkeep\n|\n|t:|1776282038\n|switch|p2a: Incineroar|Incineroar, L50, M|100/100\n|switch|p1b: Incineroar|Incineroar, L50, M|100/100\n|-ability|p1b: Incineroar|Intimidate|boost\n|-unboost|p2a: Incineroar|atk|1\n|-unboost|p2b: Chesnaught|atk|1\n|-ability|p2a: Incineroar|Intimidate|boost\n|-unboost|p1a: Venusaur|atk|1\n|-unboost|p1b: Incineroar|atk|1\n|turn|5\n|\n|t:|1776282052\n|move|p2a: Incineroar|Fake Out|p1a: Venusaur\n|-damage|p1a: Venusaur|66/100\n|cant|p1a: Venusaur|flinch\n|move|p1b: Incineroar|Flare Blitz|p2b: Chesnaught\n|-supereffective|p2b: Chesnaught|1\n|-damage|p2b: Chesnaught|61/100\n|-damage|p1b: Incineroar|98/100|[from] Recoil\n|move|p2b: Chesnaught|Body Press|p1b: Incineroar\n|-supereffective|p1b: Incineroar|1\n|-damage|p1b: Incineroar|0 fnt\n|faint|p1b: Incineroar\n|\n|-weather|none\n|upkeep\n|turn|6\n|-message|flipi1234 forfeited.\n|\n|win|yuriimon\n|raw|flipi1234's rating: 1094 &rarr; <strong>1071</strong><br />(-23 for losing)\n|raw|yuriimon's rating: 1108 &rarr; <strong>1132</strong><br />(+24 for winning)\n|l|\u2606flipi1234\n|player|p1|\n",
  "uploadtime": 1776282068,
  "views": 15,
  "formatid": "gen9championsvgc2026regma",
  "rating": 1071,
  "private": 0,
  "password": null
}