{
  "id": "gen9championsvgc2026regma-2586816879",
  "format": "[Gen 9 Champions] VGC 2026 Reg M-A",
  "players": [
    "DragonairJordan23",
    "Destrock"
  ],
  "log": "|j|\u2606DragonairJordan23\n|j|\u2606Destrock\n|t:|1776462311\n|gametype|doubles\n|player|p1|DragonairJordan23|dancer|1209\n|player|p2|Destrock|gentleman-gen4|1159\n|gen|9\n|tier|[Gen 9 Champions] VGC 2026 Reg M-A\n|rated|\n|rule|Species Clause: Limit one of each Pok\u00e9mon\n|rule|Item Clause: Limit 1 of each item\n|clearpoke\n|poke|p1|Greninja-*, L50, M|\n|poke|p1|Pelipper, L50, M|\n|poke|p1|Tsareena, L50, F|\n|poke|p1|Mamoswine, L50, M|\n|poke|p1|Archaludon, L50, M|\n|poke|p1|Sneasler, L50, F|\n|poke|p2|Farigiraf, L50, M|\n|poke|p2|Incineroar, L50, F|\n|poke|p2|Kingambit, L50, F|\n|poke|p2|Hatterene, L50, F|\n|poke|p2|Torkoal, L50, F|\n|poke|p2|Charizard, L50, M|\n|teampreview|4\n|inactive|Battle timer is ON: inactive players will automatically lose when time's up. (requested by Destrock)\n|\n|t:|1776462339\n|teamsize|p1|4\n|teamsize|p2|4\n|start\n|switch|p1a: Tsareena|Tsareena, L50, F|100/100\n|switch|p1b: Sneasler|Sneasler, L50, F|100/100\n|switch|p2a: Farigiraf|Farigiraf, L50, M|100/100\n|switch|p2b: Incineroar|Incineroar, L50, F|100/100\n|-ability|p2b: Incineroar|Intimidate|boost\n|-unboost|p1a: Tsareena|atk|1\n|-unboost|p1b: Sneasler|atk|1\n|-enditem|p1b: Sneasler|White Herb\n|-clearnegativeboost|p1b: Sneasler|[silent]\n|turn|1\n|\n|t:|1776462355\n|move|p2b: Incineroar|Fake Out||[still]\n|cant|p1a: Tsareena|ability: Queenly Majesty|Fake Out|[of] p2b: Incineroar\n|move|p1b: Sneasler|Close Combat|p2b: Incineroar\n|-supereffective|p2b: Incineroar|1\n|-damage|p2b: Incineroar|0 fnt\n|-unboost|p1b: Sneasler|def|1\n|-unboost|p1b: Sneasler|spd|1\n|faint|p2b: Incineroar\n|move|p1a: Tsareena|Low Kick|p2a: Farigiraf\n|-damage|p2a: Farigiraf|79/100\n|move|p2a: Farigiraf|Trick Room|p2a: Farigiraf\n|-fieldstart|move: Trick Room|[of] p2a: Farigiraf\n|\n|upkeep\n|\n|t:|1776462369\n|switch|p2b: Hatterene|Hatterene, L50, F|100/100\n|turn|2\n|\n|t:|1776462380\n|switch|p2a: Torkoal|Torkoal, L50, F|100/100\n|-weather|SunnyDay|[from] ability: Drought|[of] p2a: Torkoal\n|switch|p1a: Archaludon|Archaludon, L50, M|100/100\n|move|p1b: Sneasler|Protect|p1b: Sneasler\n|-singleturn|p1b: Sneasler|Protect\n|move|p2b: Hatterene|Psychic|p1b: Sneasler\n|-activate|p1b: Sneasler|move: Protect\n|\n|-weather|SunnyDay|[upkeep]\n|upkeep\n|turn|3\n|\n|t:|1776462393\n|switch|p1b: Pelipper|Pelipper, L50, M|100/100\n|-weather|RainDance|[from] ability: Drizzle|[of] p1b: Pelipper\n|move|p2a: Torkoal|Eruption|p1a: Archaludon|[spread] p1a,p1b\n|-crit|p1a: Archaludon\n|-resisted|p1b: Pelipper|1\n|-damage|p1a: Archaludon|62/100\n|-damage|p1b: Pelipper|76/100\n|-ability|p1a: Archaludon|Stamina|boost\n|-boost|p1a: Archaludon|def|1\n|move|p2b: Hatterene|Dazzling Gleam|p1a: Archaludon|[spread] p1a,p1b\n|-damage|p1a: Archaludon|25/100\n|-damage|p1b: Pelipper|3/100\n|-ability|p1a: Archaludon|Stamina|boost\n|-boost|p1a: Archaludon|def|1\n|move|p1a: Archaludon|Electro Shot||[still]\n|-prepare|p1a: Archaludon|Electro Shot\n|-boost|p1a: Archaludon|spa|1\n|-anim|p1a: Archaludon|Electro Shot|p2a: Torkoal\n|-damage|p2a: Torkoal|30/100\n|\n|-weather|RainDance|[upkeep]\n|-heal|p1a: Archaludon|31/100|[from] item: Leftovers\n|upkeep\n|turn|4\n|j| PolpAce\n|inactive|DragonairJordan23 has 30 seconds left.\n|inactive|Destrock has 30 seconds left.\n|\n|t:|1776462426\n|move|p1a: Archaludon|Protect|p1a: Archaludon\n|-singleturn|p1a: Archaludon|Protect\n|move|p2a: Torkoal|Earth Power|p1a: Archaludon\n|-activate|p1a: Archaludon|move: Protect\n|move|p2b: Hatterene|Dazzling Gleam|p1a: Archaludon|[spread] p1b\n|-activate|p1a: Archaludon|move: Protect\n|-damage|p1b: Pelipper|0 fnt\n|faint|p1b: Pelipper\n|\n|-weather|RainDance|[upkeep]\n|-heal|p1a: Archaludon|37/100|[from] item: Leftovers\n|upkeep\n|\n|t:|1776462445\n|switch|p1b: Tsareena|Tsareena, L50, F|100/100\n|turn|5\n|\n|t:|1776462454\n|move|p2a: Torkoal|Earth Power|p1a: Archaludon\n|-supereffective|p1a: Archaludon|1\n|-damage|p1a: Archaludon|0 fnt\n|faint|p1a: Archaludon\n|move|p2b: Hatterene|Dazzling Gleam|p1b: Tsareena\n|-damage|p1b: Tsareena|40/100\n|move|p1b: Tsareena|Power Whip|p2b: Hatterene\n|-damage|p2b: Hatterene|29/100\n|\n|-weather|RainDance|[upkeep]\n|-fieldend|move: Trick Room\n|upkeep\n|\n|t:|1776462460\n|switch|p1a: Sneasler|Sneasler, L50, F|100/100\n|turn|6\n|\n|t:|1776462483\n|move|p2a: Torkoal|Protect|p2a: Torkoal\n|-singleturn|p2a: Torkoal|Protect\n|move|p1a: Sneasler|Close Combat|p2a: Torkoal\n|-activate|p2a: Torkoal|move: Protect\n|move|p1b: Tsareena|Power Whip|p2b: Hatterene\n|-damage|p2b: Hatterene|0 fnt\n|faint|p2b: Hatterene\n|\n|-weather|RainDance|[upkeep]\n|upkeep\n|\n|t:|1776462493\n|switch|p2b: Farigiraf|Farigiraf, L50, M|79/100\n|turn|7\n|inactive|DragonairJordan23 has 30 seconds left.\n|\n|t:|1776462528\n|move|p2a: Torkoal|Protect||[still]\n|-fail|p2a: Torkoal\n|move|p1a: Sneasler|Close Combat|p2b: Farigiraf\n|-damage|p2b: Farigiraf|13/100\n|-unboost|p1a: Sneasler|def|1\n|-unboost|p1a: Sneasler|spd|1\n|-enditem|p2b: Farigiraf|Sitrus Berry|[eat]\n|-heal|p2b: Farigiraf|38/100|[from] item: Sitrus Berry\n|move|p1b: Tsareena|Power Whip|p2b: Farigiraf|[miss]\n|-miss|p1b: Tsareena|p2b: Farigiraf\n|move|p2b: Farigiraf|Trick Room|p2b: Farigiraf\n|-fieldstart|move: Trick Room|[of] p2b: Farigiraf\n|\n|-weather|none\n|upkeep\n|turn|8\n|\n|t:|1776462553\n|move|p2a: Torkoal|Earth Power|p1a: Sneasler\n|-supereffective|p1a: Sneasler|1\n|-damage|p1a: Sneasler|0 fnt\n|faint|p1a: Sneasler\n|move|p2b: Farigiraf|Hyper Voice|p1b: Tsareena\n|-damage|p1b: Tsareena|0 fnt\n|faint|p1b: Tsareena\n|\n|win|Destrock\n|raw|DragonairJordan23's rating: 1209 &rarr; <strong>1180</strong><br />(-29 for losing)\n|raw|Destrock's rating: 1159 &rarr; <strong>1188</strong><br />(+29 for winning)\n",
  "uploadtime": 1776462553,
  "views": 22,
  "formatid": "gen9championsvgc2026regma",
  "rating": 1180,
  "private": 0,
  "password": null
}