{
  "id": "gen9championsvgc2026regma-2583668201",
  "format": "[Gen 9 Champions] VGC 2026 Reg M-A",
  "players": [
    "ProfessorKnightVGC",
    "me llamo es brian"
  ],
  "log": "|j|\u203dProfessorKnightVGC\n|j|\u2606me llamo es brian\n|t:|1776189882\n|gametype|doubles\n|player|p1|ProfessorKnightVGC|102|1195\n|player|p2|me llamo es brian|2|1111\n|gen|9\n|tier|[Gen 9 Champions] VGC 2026 Reg M-A\n|rated|\n|rule|Species Clause: Limit one of each Pok\u00e9mon\n|rule|Item Clause: Limit 1 of each item\n|clearpoke\n|poke|p1|Pelipper, L50, M|\n|poke|p1|Excadrill, L50, M|\n|poke|p1|Sinistcha, L50|\n|poke|p1|Sneasler, L50, M|\n|poke|p1|Rotom-Wash, L50|\n|poke|p1|Incineroar, L50, M|\n|poke|p2|Dragapult, L50, F|\n|poke|p2|Sinistcha, L50|\n|poke|p2|Milotic, L50, F|\n|poke|p2|Pelipper, L50, F|\n|poke|p2|Aerodactyl, L50, M|\n|poke|p2|Floette-Eternal, L50, F|\n|teampreview|4\n|inactive|Battle timer is ON: inactive players will automatically lose when time's up. (requested by ProfessorKnightVGC)\n|\n|t:|1776189908\n|teamsize|p1|4\n|teamsize|p2|4\n|start\n|switch|p1a: Pelipper|Pelipper, L50, M|100/100\n|switch|p1b: Incineroar|Incineroar, L50, M|100/100\n|switch|p2a: Milotic|Milotic, L50, F|100/100\n|switch|p2b: Dragapult|Dragapult, L50, F|100/100\n|-weather|RainDance|[from] ability: Drizzle|[of] p1a: Pelipper\n|-ability|p1b: Incineroar|Intimidate|boost\n|-unboost|p2a: Milotic|atk|1\n|-ability|p2a: Milotic|Competitive|boost\n|-boost|p2a: Milotic|spa|2\n|-fail|p2b: Dragapult|unboost|[from] ability: Clear Body|[of] p2b: Dragapult\n|turn|1\n|\n|t:|1776189927\n|move|p2a: Milotic|Protect|p2a: Milotic\n|-singleturn|p2a: Milotic|Protect\n|move|p1b: Incineroar|Fake Out|p2a: Milotic\n|-activate|p2a: Milotic|move: Protect\n|move|p2b: Dragapult|U-turn|p1a: Pelipper\n|-resisted|p1a: Pelipper|1\n|-damage|p1a: Pelipper|89/100\n|\n|t:|1776189935\n|switch|p2b: Aerodactyl|Aerodactyl, L50, M|100/100|[from] U-turn\n|-ability|p2b: Aerodactyl|Unnerve\n|move|p1a: Pelipper|Tailwind|p1a: Pelipper\n|-sidestart|p1: ProfessorKnightVGC|move: Tailwind\n|\n|-weather|RainDance|[upkeep]\n|upkeep\n|turn|2\n|\n|t:|1776189956\n|switch|p1b: Rotom|Rotom-Wash, L50|100/100\n|move|p1a: Pelipper|Weather Ball|p2b: Aerodactyl\n|-supereffective|p2b: Aerodactyl|1\n|-enditem|p2b: Aerodactyl|Focus Sash\n|-damage|p2b: Aerodactyl|1/100\n|move|p2b: Aerodactyl|Tailwind|p2b: Aerodactyl\n|-sidestart|p2: me llamo es brian|move: Tailwind\n|move|p2a: Milotic|Scald|p1b: Rotom\n|-resisted|p1b: Rotom|1\n|-damage|p1b: Rotom|51/100\n|-status|p1b: Rotom|brn\n|\n|-weather|RainDance|[upkeep]\n|-damage|p1b: Rotom|45/100 brn|[from] brn\n|upkeep\n|turn|3\n|\n|t:|1776189979\n|move|p1a: Pelipper|Wide Guard|p1a: Pelipper\n|-singleturn|p1a: Pelipper|Wide Guard\n|move|p2b: Aerodactyl|Rock Slide|p1a: Pelipper|[spread] \n|-activate|p1a: Pelipper|move: Wide Guard\n|-activate|p1b: Rotom|move: Wide Guard\n|move|p1b: Rotom|Discharge|p2a: Milotic|[spread] p2a,p2b\n|-activate|p1a: Pelipper|move: Wide Guard\n|-supereffective|p2a: Milotic|1\n|-supereffective|p2b: Aerodactyl|1\n|-damage|p2a: Milotic|65/100\n|-damage|p2b: Aerodactyl|0 fnt\n|-enditem|p1b: Rotom|Sitrus Berry|[eat]\n|-heal|p1b: Rotom|70/100 brn|[from] item: Sitrus Berry\n|faint|p2b: Aerodactyl\n|move|p2a: Milotic|Scald|p1b: Rotom\n|-resisted|p1b: Rotom|1\n|-damage|p1b: Rotom|18/100 brn\n|\n|-weather|RainDance|[upkeep]\n|-heal|p2a: Milotic|71/100|[from] item: Leftovers\n|-damage|p1b: Rotom|12/100 brn|[from] brn\n|upkeep\n|\n|t:|1776189983\n|switch|p2b: Dragapult|Dragapult, L50, F|100/100\n|turn|4\n|inactive|ProfessorKnightVGC has 30 seconds left.\n|inactive|ProfessorKnightVGC has 20 seconds left.\n|\n|t:|1776190018\n|move|p2b: Dragapult|Dragon Darts|p1b: Rotom\n|-damage|p1b: Rotom|0 fnt\n|-anim|p2b: Dragapult|Dragon Darts|p1a: Pelipper\n|-damage|p1a: Pelipper|64/100\n|faint|p1b: Rotom\n|move|p1a: Pelipper|Hurricane|p2a: Milotic\n|-damage|p2a: Milotic|43/100\n|move|p2a: Milotic|Ice Beam|p1a: Pelipper\n|-damage|p1a: Pelipper|0 fnt\n|faint|p1a: Pelipper\n|\n|-weather|RainDance|[upkeep]\n|-heal|p2a: Milotic|49/100|[from] item: Leftovers\n|-sideend|p1: ProfessorKnightVGC|move: Tailwind\n|upkeep\n|\n|t:|1776190028\n|switch|p1a: Excadrill|Excadrill, L50, M|100/100\n|switch|p1b: Incineroar|Incineroar, L50, M|100/100\n|-ability|p1a: Excadrill|Mold Breaker\n|-ability|p1b: Incineroar|Intimidate|boost\n|-unboost|p2a: Milotic|atk|1\n|-ability|p2a: Milotic|Competitive|boost\n|-boost|p2a: Milotic|spa|2\n|-fail|p2b: Dragapult|unboost|[from] ability: Clear Body|[of] p2b: Dragapult\n|turn|5\n|\n|t:|1776190052\n|detailschange|p1a: Excadrill|Excadrill-Mega, L50, M\n|-mega|p1a: Excadrill|Excadrill|Excadrite\n|move|p2a: Milotic|Protect|p2a: Milotic\n|-singleturn|p2a: Milotic|Protect\n|move|p2b: Dragapult|Dragon Darts|p1a: Excadrill\n|-resisted|p1a: Excadrill|1\n|-damage|p1a: Excadrill|91/100\n|-anim|p2b: Dragapult|Dragon Darts|p1b: Incineroar\n|-damage|p1b: Incineroar|85/100\n|move|p1a: Excadrill|Swords Dance|p1a: Excadrill\n|-boost|p1a: Excadrill|atk|2\n|move|p1b: Incineroar|Throat Chop|p2b: Dragapult\n|-supereffective|p2b: Dragapult|1\n|-damage|p2b: Dragapult|5/100\n|-start|p2b: Dragapult|Throat Chop|[silent]\n|\n|-weather|none\n|-heal|p2a: Milotic|54/100|[from] item: Leftovers\n|-sideend|p2: me llamo es brian|move: Tailwind\n|upkeep\n|turn|6\n|inactive|ProfessorKnightVGC has 30 seconds left.\n|inactive|me llamo es brian has 30 seconds left.\n|\n|t:|1776190084\n|move|p2b: Dragapult|Dragon Darts|p1b: Incineroar\n|-damage|p1b: Incineroar|71/100\n|-anim|p2b: Dragapult|Dragon Darts|p1a: Excadrill\n|-resisted|p1a: Excadrill|1\n|-damage|p1a: Excadrill|83/100\n|move|p1a: Excadrill|Earthquake|p2a: Milotic|[spread] p1b,p2a,p2b\n|-supereffective|p1b: Incineroar|1\n|-damage|p1b: Incineroar|0 fnt\n|-damage|p2a: Milotic|0 fnt\n|-damage|p2b: Dragapult|0 fnt\n|faint|p1b: Incineroar\n|faint|p2a: Milotic\n|faint|p2b: Dragapult\n|\n|upkeep\n|-message|me llamo es brian forfeited.\n|\n|win|ProfessorKnightVGC\n|raw|ProfessorKnightVGC's rating: 1195 &rarr; <strong>1214</strong><br />(+19 for winning)\n|raw|me llamo es brian's rating: 1111 &rarr; <strong>1092</strong><br />(-19 for losing)\n|l|\u203dme llamo es brian\n|player|p2|\n",
  "uploadtime": 1776190121,
  "views": 17,
  "formatid": "gen9championsvgc2026regma",
  "rating": 1092,
  "private": 0,
  "password": null
}