{
  "id": "gen9championsvgc2026regma-2587276331",
  "format": "[Gen 9 Champions] VGC 2026 Reg M-A",
  "players": [
    "luxiaofeifeifei",
    "Uges"
  ],
  "log": "|j|\u2606luxiaofeifeifei\n|j|\u2606Uges\n|t:|1776517385\n|gametype|doubles\n|player|p1|luxiaofeifeifei|miku-water|1046\n|player|p2|Uges|shadowtriad|1118\n|gen|9\n|tier|[Gen 9 Champions] VGC 2026 Reg M-A\n|rated|\n|rule|Species Clause: Limit one of each Pok\u00e9mon\n|rule|Item Clause: Limit 1 of each item\n|clearpoke\n|poke|p1|Pelipper, L50, M|\n|poke|p1|Tyranitar, L50, M|\n|poke|p1|Meganium, L50, M|\n|poke|p1|Excadrill, L50, M|\n|poke|p1|Incineroar, L50, F|\n|poke|p1|Archaludon, L50, F|\n|poke|p2|Tyranitar, L50, F|\n|poke|p2|Excadrill, L50, F|\n|poke|p2|Gyarados, L50, M, shiny|\n|poke|p2|Sinistcha, L50|\n|poke|p2|Gardevoir, L50, F|\n|poke|p2|Rotom-Heat, L50|\n|teampreview|4\n|inactive|Battle timer is ON: inactive players will automatically lose when time's up. (requested by luxiaofeifeifei)\n|\n|t:|1776517434\n|teamsize|p1|4\n|teamsize|p2|4\n|start\n|switch|p1a: Incineroar|Incineroar, L50, F|100/100\n|switch|p1b: Tyranitar|Tyranitar, L50, M|100/100\n|switch|p2a: Rotom|Rotom-Heat, L50|100/100\n|switch|p2b: Excadrill|Excadrill, L50, F|100/100\n|-weather|Sandstorm|[from] ability: Sand Stream|[of] p1b: Tyranitar\n|-ability|p1a: Incineroar|Intimidate|boost\n|-unboost|p2a: Rotom|atk|1\n|-unboost|p2b: Excadrill|atk|1\n|turn|1\n|\n|t:|1776517458\n|move|p2b: Excadrill|Protect|p2b: Excadrill\n|-singleturn|p2b: Excadrill|Protect\n|move|p1a: Incineroar|Fake Out|p2b: Excadrill\n|-activate|p2b: Excadrill|move: Protect\n|move|p2a: Rotom|Discharge|p1a: Incineroar|[spread] p1a,p1b\n|-activate|p2b: Excadrill|move: Protect\n|-damage|p1a: Incineroar|76/100\n|-damage|p1b: Tyranitar|83/100\n|move|p1b: Tyranitar|Rock Slide|p2b: Excadrill|[spread] p2a\n|-activate|p2b: Excadrill|move: Protect\n|-supereffective|p2a: Rotom|1\n|-damage|p2a: Rotom|38/100\n|\n|-weather|Sandstorm|[upkeep]\n|-damage|p2a: Rotom|32/100|[from] Sandstorm\n|-damage|p1a: Incineroar|70/100|[from] Sandstorm\n|upkeep\n|turn|2\n|inactive|luxiaofeifeifei has 30 seconds left.\n|\n|t:|1776517492\n|switch|p2a: Gyarados|Gyarados, L50, M, shiny|100/100\n|-ability|p2a: Gyarados|Intimidate|boost\n|-unboost|p1a: Incineroar|atk|1\n|-unboost|p1b: Tyranitar|atk|1\n|switch|p1a: Meganium|Meganium, L50, M|100/100\n|move|p2b: Excadrill|Earthquake|p1b: Tyranitar|[spread] p1a,p1b\n|-immune|p2a: Gyarados\n|-resisted|p1a: Meganium|1\n|-supereffective|p1b: Tyranitar|1\n|-damage|p1a: Meganium|88/100\n|-damage|p1b: Tyranitar|40/100\n|move|p1b: Tyranitar|Rock Slide|p2b: Excadrill|[spread] p2a,p2b\n|-supereffective|p2a: Gyarados|1\n|-resisted|p2b: Excadrill|2\n|-damage|p2a: Gyarados|70/100\n|-damage|p2b: Excadrill|95/100\n|\n|-weather|Sandstorm|[upkeep]\n|-damage|p2a: Gyarados|64/100|[from] Sandstorm\n|-damage|p1a: Meganium|82/100|[from] Sandstorm\n|-heal|p2a: Gyarados|70/100|[from] item: Leftovers\n|upkeep\n|turn|3\n|inactive|luxiaofeifeifei has 30 seconds left.\n|inactive|luxiaofeifeifei has 20 seconds left.\n|inactive|luxiaofeifeifei has 15 seconds left.\n|\n|t:|1776517536\n|switch|p1b: Incineroar|Incineroar, L50, F|70/100\n|-ability|p1b: Incineroar|Intimidate|boost\n|-unboost|p2a: Gyarados|atk|1\n|-unboost|p2b: Excadrill|atk|1\n|detailschange|p1a: Meganium|Meganium-Mega, L50, M\n|-mega|p1a: Meganium|Meganium|Meganiumite\n|move|p2b: Excadrill|Earthquake|p1b: Incineroar|[spread] p1a,p1b\n|-immune|p2a: Gyarados\n|-resisted|p1a: Meganium|1\n|-supereffective|p1b: Incineroar|1\n|-damage|p1a: Meganium|73/100\n|-damage|p1b: Incineroar|43/100\n|move|p2a: Gyarados|Thunder Wave|p1a: Meganium\n|-status|p1a: Meganium|par\n|move|p1a: Meganium|Weather Ball|p2b: Excadrill\n|-supereffective|p2b: Excadrill|1\n|-damage|p2b: Excadrill|0 fnt\n|faint|p2b: Excadrill\n|\n|-weather|Sandstorm|[upkeep]\n|-damage|p2a: Gyarados|64/100|[from] Sandstorm\n|-damage|p1b: Incineroar|37/100|[from] Sandstorm\n|-damage|p1a: Meganium|67/100 par|[from] Sandstorm\n|-heal|p2a: Gyarados|70/100|[from] item: Leftovers\n|upkeep\n|\n|t:|1776517555\n|switch|p2b: Rotom|Rotom-Heat, L50|32/100\n|turn|4\n|l|\u2606luxiaofeifeifei\n|inactive|luxiaofeifeifei disconnected and has a minute to reconnect!\n|player|p1|\n|j|\u2606luxiaofeifeifei\n|inactive|luxiaofeifeifei reconnected and has 35 seconds left.\n|player|p1|luxiaofeifeifei|miku-water|\n|inactive|luxiaofeifeifei has 30 seconds left.\n|\n|t:|1776517583\n|switch|p2a: Tyranitar|Tyranitar, L50, F|100/100\n|move|p1b: Incineroar|Fake Out|p2b: Rotom\n|-damage|p2b: Rotom|18/100\n|cant|p2b: Rotom|flinch\n|move|p1a: Meganium|Solar Beam||[still]\n|-prepare|p1a: Meganium|Solar Beam\n|-activate|p1a: Meganium|ability: Mega Sol\n|-anim|p1a: Meganium|Solar Beam|p2b: Rotom\n|-resisted|p2b: Rotom|1\n|-damage|p2b: Rotom|0 fnt\n|faint|p2b: Rotom\n|\n|-weather|Sandstorm|[upkeep]\n|-damage|p1b: Incineroar|31/100|[from] Sandstorm\n|-damage|p1a: Meganium|61/100 par|[from] Sandstorm\n|upkeep\n|\n|t:|1776517597\n|switch|p2b: Gyarados|Gyarados, L50, M, shiny|70/100\n|-ability|p2b: Gyarados|Intimidate|boost\n|-unboost|p1a: Meganium|atk|1\n|-unboost|p1b: Incineroar|atk|1\n|turn|5\n|\n|t:|1776517611\n|switch|p1b: Excadrill|Excadrill, L50, M|100/100\n|move|p2a: Tyranitar|Rock Slide|p1b: Excadrill|[spread] p1a,p1b\n|-resisted|p1b: Excadrill|2\n|-crit|p1b: Excadrill\n|-damage|p1a: Meganium|38/100 par\n|-damage|p1b: Excadrill|86/100\n|move|p2b: Gyarados|Waterfall|p1a: Meganium\n|-resisted|p1a: Meganium|1\n|-crit|p1a: Meganium\n|-damage|p1a: Meganium|19/100 par\n|move|p1a: Meganium|Solar Beam||[still]\n|-prepare|p1a: Meganium|Solar Beam\n|-activate|p1a: Meganium|ability: Mega Sol\n|-anim|p1a: Meganium|Solar Beam|p2a: Tyranitar\n|-supereffective|p2a: Tyranitar|1\n|-damage|p2a: Tyranitar|0 fnt\n|faint|p2a: Tyranitar\n|\n|-weather|none\n|-heal|p2b: Gyarados|76/100|[from] item: Leftovers\n|upkeep\n|turn|6\n|\n|t:|1776517634\n|switch|p1b: Incineroar|Incineroar, L50, F|31/100\n|-ability|p1b: Incineroar|Intimidate|boost\n|-unboost|p2b: Gyarados|atk|1\n|move|p2b: Gyarados|Waterfall|p1b: Incineroar\n|-supereffective|p1b: Incineroar|1\n|-enditem|p1b: Incineroar|Passho Berry|[eat]\n|-enditem|p1b: Incineroar|Passho Berry|[weaken]\n|-damage|p1b: Incineroar|16/100\n|move|p1a: Meganium|Solar Beam||[still]\n|-prepare|p1a: Meganium|Solar Beam\n|-activate|p1a: Meganium|ability: Mega Sol\n|-anim|p1a: Meganium|Solar Beam|p2b: Gyarados\n|-damage|p2b: Gyarados|22/100\n|\n|-heal|p2b: Gyarados|28/100|[from] item: Leftovers\n|upkeep\n|turn|7\n|\n|t:|1776517654\n|move|p1b: Incineroar|Fake Out|p2b: Gyarados\n|-damage|p2b: Gyarados|19/100\n|cant|p2b: Gyarados|flinch\n|cant|p1a: Meganium|par\n|\n|-heal|p2b: Gyarados|25/100|[from] item: Leftovers\n|upkeep\n|turn|8\n|\n|t:|1776517670\n|switch|p1b: Tyranitar|Tyranitar, L50, M|40/100\n|-weather|Sandstorm|[from] ability: Sand Stream|[of] p1b: Tyranitar\n|move|p2b: Gyarados|Waterfall|p1b: Tyranitar\n|-supereffective|p1b: Tyranitar|1\n|-damage|p1b: Tyranitar|7/100\n|move|p1a: Meganium|Solar Beam||[still]\n|-prepare|p1a: Meganium|Solar Beam\n|-activate|p1a: Meganium|ability: Mega Sol\n|-anim|p1a: Meganium|Solar Beam|p2b: Gyarados\n|-damage|p2b: Gyarados|0 fnt\n|faint|p2b: Gyarados\n|\n|win|luxiaofeifeifei\n|raw|luxiaofeifeifei's rating: 1046 &rarr; <strong>1086</strong><br />(+40 for winning)\n|raw|Uges's rating: 1118 &rarr; <strong>1088</strong><br />(-30 for losing)\n|l|\u2606Uges\n|player|p2|\n",
  "uploadtime": 1776517688,
  "views": 15,
  "formatid": "gen9championsvgc2026regma",
  "rating": 1086,
  "private": 0,
  "password": null
}