{
  "id": "gen9championsvgc2026regma-2580561139",
  "format": "[Gen 9 Champions] VGC 2026 Reg M-A",
  "players": [
    "kaiSSTX",
    "Cool boyo"
  ],
  "log": "|j|\u2606kaiSSTX\n|j|\u2606Cool boyo\n|t:|1775912999\n|gametype|doubles\n|player|p1|kaiSSTX|hilbert|1106\n|player|p2|Cool boyo|266|1209\n|gen|9\n|tier|[Gen 9 Champions] VGC 2026 Reg M-A\n|rated|\n|rule|Species Clause: Limit one of each Pok\u00e9mon\n|rule|Item Clause: Limit 1 of each item\n|clearpoke\n|poke|p1|Meganium, L50, F|\n|poke|p1|Garchomp, L50, M|\n|poke|p1|Noivern, L50, F|\n|poke|p1|Rotom-Wash, L50|\n|poke|p1|Glimmora, L50, F|\n|poke|p1|Incineroar, L50, F|\n|poke|p2|Incineroar, L50, M|\n|poke|p2|Victreebel, L50, M|\n|poke|p2|Ninetales-Alola, L50, M|\n|poke|p2|Aerodactyl, L50, F|\n|poke|p2|Volcarona, L50, F|\n|poke|p2|Rotom-Wash, L50|\n|teampreview|4\n|\n|t:|1775913069\n|teamsize|p1|4\n|teamsize|p2|4\n|start\n|switch|p1a: Incineroar|Incineroar, L50, F|100/100\n|switch|p1b: Garchomp|Garchomp, L50, M|100/100\n|switch|p2a: Ninetales|Ninetales-Alola, L50, M, shiny|100/100\n|switch|p2b: Incineroar|Incineroar, L50, M, shiny|100/100\n|-weather|Snowscape|[from] ability: Snow Warning|[of] p2a: Ninetales\n|-ability|p2b: Incineroar|Intimidate|boost\n|-unboost|p1a: Incineroar|atk|1\n|-unboost|p1b: Garchomp|atk|1\n|-ability|p1a: Incineroar|Intimidate|boost\n|-unboost|p2a: Ninetales|atk|1\n|-unboost|p2b: Incineroar|atk|1\n|turn|1\n|\n|t:|1775913088\n|move|p2b: Incineroar|Fake Out|p1a: Incineroar\n|-damage|p1a: Incineroar|93/100\n|cant|p1a: Incineroar|flinch\n|move|p1b: Garchomp|Iron Head|p2a: Ninetales\n|-supereffective|p2a: Ninetales|2\n|-damage|p2a: Ninetales|26/100\n|move|p2a: Ninetales|Aurora Veil|p2a: Ninetales\n|-sidestart|p2: Cool boyo|move: Aurora Veil\n|\n|-weather|Snowscape|[upkeep]\n|upkeep\n|turn|2\n|\n|t:|1775913110\n|switch|p2a: Rotom|Rotom-Wash, L50|100/100\n|move|p1b: Garchomp|Iron Head|p2a: Rotom\n|-resisted|p2a: Rotom|2\n|-damage|p2a: Rotom|97/100\n|move|p2b: Incineroar|Will-O-Wisp|p1b: Garchomp\n|-status|p1b: Garchomp|brn\n|move|p1a: Incineroar|Parting Shot|p2b: Incineroar\n|-unboost|p2b: Incineroar|atk|1\n|-unboost|p2b: Incineroar|spa|1\n|\n|t:|1775913122\n|switch|p1a: Meganium|Meganium, L50, F|100/100|[from] Parting Shot\n|\n|-weather|Snowscape|[upkeep]\n|-heal|p2a: Rotom|100/100|[from] item: Leftovers\n|-damage|p1b: Garchomp|95/100 brn|[from] brn\n|upkeep\n|turn|3\n|j| obsidiangames\n|\n|t:|1775913147\n|switch|p1b: Incineroar|Incineroar, L50, F|93/100\n|-ability|p1b: Incineroar|Intimidate|boost\n|-unboost|p2a: Rotom|atk|1\n|-unboost|p2b: Incineroar|atk|1\n|detailschange|p1a: Meganium|Meganium-Mega, L50, F\n|-mega|p1a: Meganium|Meganium|Meganiumite\n|move|p2a: Rotom|Volt Switch|p1a: Meganium\n|-resisted|p1a: Meganium|1\n|-damage|p1a: Meganium|89/100\n|\n|t:|1775913166\n|switch|p2a: Victreebel|Victreebel, L50, M, shiny|100/100|[from] Volt Switch\n|move|p1a: Meganium|Solar Beam||[still]\n|-prepare|p1a: Meganium|Solar Beam\n|-activate|p1a: Meganium|ability: Mega Sol\n|-anim|p1a: Meganium|Solar Beam|p2a: Victreebel\n|-resisted|p2a: Victreebel|2\n|-damage|p2a: Victreebel|84/100\n|move|p2b: Incineroar|Parting Shot|p1a: Meganium\n|-unboost|p1a: Meganium|atk|1\n|-unboost|p1a: Meganium|spa|1\n|\n|t:|1775913182\n|switch|p2b: Ninetales|Ninetales-Alola, L50, M, shiny|26/100|[from] Parting Shot\n|\n|-weather|Snowscape|[upkeep]\n|upkeep\n|turn|4\n|\n|t:|1775913194\n|switch|p1a: Garchomp|Garchomp, L50, M|95/100 brn\n|detailschange|p2a: Victreebel|Victreebel-Mega, L50, M, shiny\n|-mega|p2a: Victreebel|Victreebel|Victreebelite\n|move|p2b: Ninetales|Blizzard|p1b: Incineroar|[spread] p1a,p1b\n|-supereffective|p1a: Garchomp|2\n|-resisted|p1b: Incineroar|1\n|-damage|p1a: Garchomp|0 fnt\n|-damage|p1b: Incineroar|81/100\n|-status|p1b: Incineroar|frz\n|faint|p1a: Garchomp\n|move|p2a: Victreebel|Sludge Bomb|p1b: Incineroar\n|-damage|p1b: Incineroar|43/100 frz\n|-enditem|p1b: Incineroar|Sitrus Berry|[eat]\n|-heal|p1b: Incineroar|68/100 frz|[from] item: Sitrus Berry\n|-curestatus|p1b: Incineroar|frz|[from] move: Flare Blitz\n|move|p1b: Incineroar|Flare Blitz|p2a: Victreebel\n|-supereffective|p2a: Victreebel|1\n|-damage|p2a: Victreebel|5/100\n|-damage|p1b: Incineroar|45/100|[from] Recoil\n|\n|-weather|Snowscape|[upkeep]\n|upkeep\n|\n|t:|1775913214\n|switch|p1a: Noivern|Noivern, L50, F|100/100\n|-item|p2a: Victreebel|Victreebelite|[from] ability: Frisk|[of] p1a: Noivern\n|-item|p2b: Ninetales|Focus Sash|[from] ability: Frisk|[of] p1a: Noivern\n|turn|5\n|\n|t:|1775913249\n|move|p1a: Noivern|Tailwind|p1a: Noivern\n|-sidestart|p1: kaiSSTX|move: Tailwind\n|move|p2b: Ninetales|Blizzard|p1a: Noivern|[spread] p1a,p1b\n|-supereffective|p1a: Noivern|2\n|-resisted|p1b: Incineroar|1\n|-enditem|p1a: Noivern|Focus Sash\n|-damage|p1a: Noivern|1/100\n|-damage|p1b: Incineroar|33/100\n|-status|p1a: Noivern|frz\n|move|p1b: Incineroar|Darkest Lariat|p2a: Victreebel\n|-damage|p2a: Victreebel|0 fnt\n|-damage|p1b: Incineroar|30/100|[from] ability: Innards Out|[of] p2a: Victreebel\n|faint|p2a: Victreebel\n|\n|-weather|none\n|-sideend|p2: Cool boyo|move: Aurora Veil\n|upkeep\n|\n|t:|1775913270\n|switch|p2a: Rotom|Rotom-Wash, L50|100/100\n|turn|6\n|\n|t:|1775913282\n|switch|p2b: Incineroar|Incineroar, L50, M, shiny|100/100\n|-ability|p2b: Incineroar|Intimidate|boost\n|-unboost|p1a: Noivern|atk|1\n|-unboost|p1b: Incineroar|atk|1\n|cant|p1a: Noivern|frz\n|move|p1b: Incineroar|Parting Shot|p2b: Incineroar\n|-unboost|p2b: Incineroar|atk|1\n|-unboost|p2b: Incineroar|spa|1\n|\n|t:|1775913290\n|switch|p1b: Meganium|Meganium-Mega, L50, F|89/100|[from] Parting Shot\n|move|p2a: Rotom|Volt Switch|p1b: Meganium\n|-resisted|p1b: Meganium|1\n|-damage|p1b: Meganium|78/100\n|\n|t:|1775913297\n|switch|p2a: Ninetales|Ninetales-Alola, L50, M, shiny|26/100|[from] Volt Switch\n|-weather|Snowscape|[from] ability: Snow Warning|[of] p2a: Ninetales\n|\n|-weather|Snowscape|[upkeep]\n|upkeep\n|turn|7\n|\n|t:|1775913312\n|switch|p1b: Incineroar|Incineroar, L50, F|30/100\n|-ability|p1b: Incineroar|Intimidate|boost\n|-unboost|p2a: Ninetales|atk|1\n|-unboost|p2b: Incineroar|atk|1\n|move|p2b: Incineroar|Fake Out|p1b: Incineroar\n|-damage|p1b: Incineroar|24/100\n|-curestatus|p1a: Noivern|frz|[msg]\n|move|p1a: Noivern|Super Fang|p2b: Incineroar\n|-damage|p2b: Incineroar|50/100\n|move|p2a: Ninetales|Aurora Veil|p2a: Ninetales\n|-sidestart|p2: Cool boyo|move: Aurora Veil\n|\n|-weather|Snowscape|[upkeep]\n|upkeep\n|turn|8\n|\n|t:|1775913344\n|switch|p2b: Rotom|Rotom-Wash, L50|100/100\n|move|p1a: Noivern|Protect|p1a: Noivern\n|-singleturn|p1a: Noivern|Protect\n|move|p2a: Ninetales|Blizzard|p1b: Incineroar|[spread] p1b\n|-activate|p1a: Noivern|move: Protect\n|-resisted|p1b: Incineroar|1\n|-damage|p1b: Incineroar|13/100\n|move|p1b: Incineroar|Flare Blitz|p2a: Ninetales\n|-supereffective|p2a: Ninetales|1\n|-damage|p2a: Ninetales|0 fnt\n|faint|p2a: Ninetales\n|-damage|p1b: Incineroar|6/100|[from] Recoil\n|\n|-weather|Snowscape|[upkeep]\n|-sideend|p1: kaiSSTX|move: Tailwind\n|upkeep\n|\n|t:|1775913356\n|switch|p2a: Incineroar|Incineroar, L50, M, shiny|50/100\n|-ability|p2a: Incineroar|Intimidate|boost\n|-unboost|p1a: Noivern|atk|1\n|-unboost|p1b: Incineroar|atk|1\n|turn|9\n|\n|t:|1775913373\n|move|p2a: Incineroar|Fake Out|p1a: Noivern\n|-damage|p1a: Noivern|0 fnt\n|faint|p1a: Noivern\n|move|p2b: Rotom|Thunderbolt|p1b: Incineroar\n|-damage|p1b: Incineroar|0 fnt\n|faint|p1b: Incineroar\n|\n|-weather|Snowscape|[upkeep]\n|upkeep\n|\n|t:|1775913379\n|switch|p1a: Meganium|Meganium-Mega, L50, F|78/100\n|turn|10\n|\n|t:|1775913403\n|move|p2b: Rotom|Thunder Wave|p1a: Meganium\n|-status|p1a: Meganium|par\n|move|p2a: Incineroar|Parting Shot|p1a: Meganium\n|-unboost|p1a: Meganium|atk|1\n|-unboost|p1a: Meganium|spa|1\n|move|p1a: Meganium|Dazzling Gleam|p2a: Incineroar|[spread] p2a,p2b\n|-damage|p2a: Incineroar|39/100\n|-damage|p2b: Rotom|85/100\n|\n|-weather|none\n|-heal|p2b: Rotom|90/100|[from] item: Leftovers\n|upkeep\n|turn|11\n|\n|t:|1775913421\n|move|p2b: Rotom|Thunderbolt|p1a: Meganium\n|-resisted|p1a: Meganium|1\n|-damage|p1a: Meganium|62/100 par\n|move|p2a: Incineroar|Parting Shot|p1a: Meganium\n|-unboost|p1a: Meganium|atk|1\n|-unboost|p1a: Meganium|spa|1\n|move|p1a: Meganium|Solar Beam||[still]\n|-prepare|p1a: Meganium|Solar Beam\n|-activate|p1a: Meganium|ability: Mega Sol\n|-anim|p1a: Meganium|Solar Beam|p2b: Rotom\n|-supereffective|p2b: Rotom|1\n|-damage|p2b: Rotom|39/100\n|\n|-heal|p2b: Rotom|45/100|[from] item: Leftovers\n|-sideend|p2: Cool boyo|move: Aurora Veil\n|upkeep\n|turn|12\n|\n|t:|1775913438\n|move|p2b: Rotom|Thunderbolt|p1a: Meganium\n|-resisted|p1a: Meganium|1\n|-damage|p1a: Meganium|48/100 par\n|move|p2a: Incineroar|Parting Shot|p1a: Meganium\n|-unboost|p1a: Meganium|atk|1\n|-unboost|p1a: Meganium|spa|1\n|move|p1a: Meganium|Solar Beam||[still]\n|-prepare|p1a: Meganium|Solar Beam\n|-activate|p1a: Meganium|ability: Mega Sol\n|-anim|p1a: Meganium|Solar Beam|p2b: Rotom\n|-supereffective|p2b: Rotom|1\n|-damage|p2b: Rotom|0 fnt\n|faint|p2b: Rotom\n|\n|upkeep\n|turn|13\n|\n|t:|1775913453\n|move|p2a: Incineroar|Darkest Lariat|p1a: Meganium\n|-resisted|p1a: Meganium|1\n|-damage|p1a: Meganium|34/100 par\n|move|p1a: Meganium|Synthesis|p1a: Meganium\n|-heal|p1a: Meganium|100/100 par\n|\n|upkeep\n|turn|14\n|\n|t:|1775913461\n|move|p2a: Incineroar|Darkest Lariat|p1a: Meganium\n|-resisted|p1a: Meganium|1\n|-damage|p1a: Meganium|85/100 par\n|move|p1a: Meganium|Dazzling Gleam|p2a: Incineroar\n|-damage|p2a: Incineroar|24/100\n|\n|upkeep\n|turn|15\n|\n|t:|1775913468\n|move|p2a: Incineroar|Darkest Lariat|p1a: Meganium\n|-resisted|p1a: Meganium|1\n|-damage|p1a: Meganium|71/100 par\n|cant|p1a: Meganium|par\n|\n|upkeep\n|turn|16\n|\n|t:|1775913472\n|move|p2a: Incineroar|Darkest Lariat|p1a: Meganium\n|-resisted|p1a: Meganium|1\n|-damage|p1a: Meganium|56/100 par\n|move|p1a: Meganium|Dazzling Gleam|p2a: Incineroar\n|-crit|p2a: Incineroar\n|-damage|p2a: Incineroar|0 fnt\n|faint|p2a: Incineroar\n|\n|win|kaiSSTX\n|raw|kaiSSTX's rating: 1106 &rarr; <strong>1138</strong><br />(+32 for winning)\n|raw|Cool boyo's rating: 1209 &rarr; <strong>1177</strong><br />(-32 for losing)\n|l|\u2606Cool boyo\n|player|p2|\n",
  "uploadtime": 1775913496,
  "views": 14,
  "formatid": "gen9championsvgc2026regma",
  "rating": 1138,
  "private": 0,
  "password": null
}