{
  "id": "gen9championsvgc2026regma-2586725811",
  "format": "[Gen 9 Champions] VGC 2026 Reg M-A",
  "players": [
    "Tarakona",
    "Jamie4563"
  ],
  "log": "|j|\u2606Tarakona\n|j|\u2606Jamie4563\n|t:|1776455101\n|gametype|doubles\n|player|p1|Tarakona|265|1217\n|player|p2|Jamie4563|supernerd|1311\n|gen|9\n|tier|[Gen 9 Champions] VGC 2026 Reg M-A\n|rated|\n|rule|Species Clause: Limit one of each Pok\u00e9mon\n|rule|Item Clause: Limit 1 of each item\n|clearpoke\n|poke|p1|Delphox, L50, M|\n|poke|p1|Garchomp, L50, F|\n|poke|p1|Rotom-Wash, L50|\n|poke|p1|Tyranitar, L50, F|\n|poke|p1|Kingambit, L50, M|\n|poke|p1|Sneasler, L50, F|\n|poke|p2|Incineroar, L50, M|\n|poke|p2|Sinistcha-Masterpiece, L50|\n|poke|p2|Pelipper, L50, M|\n|poke|p2|Starmie, L50|\n|poke|p2|Sneasler, L50, F|\n|poke|p2|Aggron, L50, M|\n|teampreview|4\nTarakona has agreed to open team sheets.\n|inactive|Battle timer is ON: inactive players will automatically lose when time's up. (requested by Jamie4563)\n|\n|t:|1776455172\n|teamsize|p1|4\n|teamsize|p2|4\n|start\n|switch|p1a: Regina|Sneasler, L50, F|100/100\n|switch|p1b: Washed|Rotom-Wash, L50|100/100\n|switch|p2a: Incineroar|Incineroar, L50, M|100/100\n|switch|p2b: Sinistcha|Sinistcha-Masterpiece, L50|100/100\n|-ability|p2a: Incineroar|Intimidate|boost\n|-unboost|p1a: Regina|atk|1\n|-unboost|p1b: Washed|atk|1\n|-enditem|p1a: Regina|White Herb\n|-clearnegativeboost|p1a: Regina|[silent]\n|turn|1\n|inactive|Tarakona has 30 seconds left.\n|inactive|Jamie4563 has 30 seconds left.\n|inactive|Jamie4563 has 20 seconds left.\n|\n|t:|1776455212\n|move|p1b: Washed|Protect|p1b: Washed\n|-singleturn|p1b: Washed|Protect\n|move|p2b: Sinistcha|Rage Powder|p2b: Sinistcha\n|-singleturn|p2b: Sinistcha|move: Rage Powder\n|move|p1a: Regina|Taunt|p2b: Sinistcha\n|-start|p2b: Sinistcha|move: Taunt\n|move|p2a: Incineroar|Parting Shot|p1b: Washed\n|-activate|p1b: Washed|move: Protect\n|\n|upkeep\n|turn|2\n|inactive|Tarakona has 30 seconds left.\n|inactive|Jamie4563 has 30 seconds left.\n|\n|t:|1776455242\n|move|p1a: Regina|Dire Claw|p2b: Sinistcha\n|-damage|p2b: Sinistcha|59/100\n|-status|p2b: Sinistcha|psn\n|move|p1b: Washed|Hydro Pump|p2a: Incineroar|[miss]\n|-miss|p1b: Washed|p2a: Incineroar\n|move|p2b: Sinistcha|Matcha Gotcha|p1b: Washed|[spread] p1a,p1b\n|-resisted|p1a: Regina|1\n|-supereffective|p1b: Washed|1\n|-damage|p1a: Regina|79/100\n|-heal|p2b: Sinistcha|68/100 psn|[from] drain|[of] p1a: Regina\n|-damage|p1b: Washed|20/100\n|-heal|p2b: Sinistcha|98/100 psn|[from] drain|[of] p1b: Washed\n|-enditem|p1b: Washed|Sitrus Berry|[eat]\n|-heal|p1b: Washed|45/100|[from] item: Sitrus Berry\n|move|p2a: Incineroar|Snarl|p1b: Washed|[spread] p1a,p1b\n|-resisted|p1a: Regina|1\n|-damage|p1a: Regina|72/100\n|-damage|p1b: Washed|28/100\n|-unboost|p1a: Regina|spa|1\n|-unboost|p1b: Washed|spa|1\n|\n|-damage|p2b: Sinistcha|86/100 psn|[from] psn\n|upkeep\n|turn|3\n|inactive|Tarakona has 30 seconds left.\n|inactive|Jamie4563 has 30 seconds left.\n|inactive|Tarakona has 20 seconds left.\n|inactive|Tarakona has 15 seconds left.\n|inactive|Jamie4563 has 20 seconds left.\n|\n|t:|1776455284\n|move|p1b: Washed|Protect|p1b: Washed\n|-singleturn|p1b: Washed|Protect\n|move|p1a: Regina|Close Combat|p2a: Incineroar\n|-supereffective|p2a: Incineroar|1\n|-damage|p2a: Incineroar|0 fnt\n|-unboost|p1a: Regina|def|1\n|-unboost|p1a: Regina|spd|1\n|faint|p2a: Incineroar\n|move|p2b: Sinistcha|Shadow Ball|p1a: Regina\n|-damage|p1a: Regina|0 fnt\n|faint|p1a: Regina\n|\n|-damage|p2b: Sinistcha|74/100 psn|[from] psn\n|upkeep\n|\n|t:|1776455300\n|switch|p1a: Gameshark|Garchomp, L50, F|100/100\n|switch|p2a: Aggron|Aggron, L50, M|100/100\n|turn|4\n|inactive|Tarakona has 30 seconds left.\n|inactive|Tarakona has 20 seconds left.\n|\n|t:|1776455343\n|detailschange|p2a: Aggron|Aggron-Mega, L50, M\n|-mega|p2a: Aggron|Aggron|Aggronite\n|move|p1a: Gameshark|Earthquake|p2a: Aggron|[spread] p2a,p2b\n|-immune|p1b: Washed|[from] ability: Levitate\n|-supereffective|p2a: Aggron|1\n|-resisted|p2b: Sinistcha|1\n|-damage|p2a: Aggron|73/100\n|-damage|p2b: Sinistcha|54/100 psn\n|move|p1b: Washed|Hydro Pump|p2b: Sinistcha|[miss]\n|-miss|p1b: Washed|p2b: Sinistcha\n|move|p2b: Sinistcha|Matcha Gotcha|p1a: Gameshark|[spread] p1a,p1b\n|-supereffective|p1b: Washed|1\n|-damage|p1a: Gameshark|69/100\n|-heal|p2b: Sinistcha|70/100 psn|[from] drain|[of] p1a: Gameshark\n|-damage|p1b: Washed|0 fnt\n|-heal|p2b: Sinistcha|80/100 psn|[from] drain|[of] p1b: Washed\n|-status|p1a: Gameshark|brn\n|-enditem|p1a: Gameshark|Lum Berry|[eat]\n|-curestatus|p1a: Gameshark|brn|[msg]\n|faint|p1b: Washed\n|move|p2a: Aggron|Iron Defense|p2a: Aggron\n|-boost|p2a: Aggron|def|2\n|\n|-damage|p2b: Sinistcha|68/100 psn|[from] psn\n|-end|p2b: Sinistcha|move: Taunt\n|upkeep\n|\n|t:|1776455366\n|switch|p1b: \u30b4\u30b8\u30e9|Tyranitar, L50, F|100/100\n|-weather|Sandstorm|[from] ability: Sand Stream|[of] p1b: \u30b4\u30b8\u30e9\n|turn|5\n|inactive|Tarakona has 30 seconds left.\n|inactive|Tarakona has 20 seconds left.\n|inactive|Tarakona has 15 seconds left.\n|\n|t:|1776455410\n|switch|p2b: Pelipper|Pelipper, L50, M|100/100\n|-weather|RainDance|[from] ability: Drizzle|[of] p2b: Pelipper\n|move|p1a: Gameshark|Protect|p1a: Gameshark\n|-singleturn|p1a: Gameshark|Protect\n|move|p1b: \u30b4\u30b8\u30e9|Lash Out|p2b: Pelipper\n|-damage|p2b: Pelipper|38/100\n|move|p2a: Aggron|Body Press|p1a: Gameshark\n|-activate|p1a: Gameshark|move: Protect\n|\n|-weather|RainDance|[upkeep]\n|upkeep\n|turn|6\n|inactive|Tarakona has 30 seconds left.\n|inactive|Tarakona has 20 seconds left.\n|inactive|Tarakona has 15 seconds left.\n|\n|t:|1776455451\n|move|p2b: Pelipper|Wide Guard|p2b: Pelipper\n|-singleturn|p2b: Pelipper|Wide Guard\n|move|p1a: Gameshark|Dragon Claw|p2b: Pelipper\n|-damage|p2b: Pelipper|0 fnt\n|faint|p2b: Pelipper\n|move|p1b: \u30b4\u30b8\u30e9|Lash Out|p2a: Aggron\n|-damage|p2a: Aggron|61/100\n|move|p2a: Aggron|Body Press|p1b: \u30b4\u30b8\u30e9\n|-supereffective|p1b: \u30b4\u30b8\u30e9|2\n|-crit|p1b: \u30b4\u30b8\u30e9\n|-enditem|p1b: \u30b4\u30b8\u30e9|Chople Berry|[eat]\n|-enditem|p1b: \u30b4\u30b8\u30e9|Chople Berry|[weaken]\n|-damage|p1b: \u30b4\u30b8\u30e9|0 fnt\n|faint|p1b: \u30b4\u30b8\u30e9\n|\n|-weather|RainDance|[upkeep]\n|upkeep\n|\n|t:|1776455454\n|switch|p2b: Sinistcha|Sinistcha-Masterpiece, L50|68/100 psn\n|-heal|p2a: Aggron|86/100|[from] ability: Hospitality|[of] p2b: Sinistcha\n|turn|7\n|\n|t:|1776455472\n|move|p1a: Gameshark|Dragon Claw|p2b: Sinistcha\n|-damage|p2b: Sinistcha|32/100 psn\n|move|p2a: Aggron|Body Press|p1a: Gameshark\n|-damage|p1a: Gameshark|0 fnt\n|faint|p1a: Gameshark\n|\n|win|Jamie4563\n|raw|Tarakona's rating: 1217 &rarr; <strong>1199</strong><br />(-18 for losing)\n|raw|Jamie4563's rating: 1311 &rarr; <strong>1326</strong><br />(+15 for winning)\n|l|\u2606Tarakona\n|player|p1|\n",
  "uploadtime": 1776455483,
  "views": 28,
  "formatid": "gen9championsvgc2026regma",
  "rating": 1199,
  "private": 0,
  "password": null
}