{
  "id": "gen9championsvgc2026regma-2586206104",
  "format": "[Gen 9 Champions] VGC 2026 Reg M-A",
  "players": [
    "dozer67",
    "boostedelo"
  ],
  "log": "|j|\u2606dozer67\n|j|\u2606boostedelo\n|t:|1776412287\n|gametype|doubles\n|player|p1|dozer67|steven|1201\n|player|p2|boostedelo|elesa-gen5bw2|1244\n|gen|9\n|tier|[Gen 9 Champions] VGC 2026 Reg M-A\n|rated|\n|rule|Species Clause: Limit one of each Pok\u00e9mon\n|rule|Item Clause: Limit 1 of each item\n|clearpoke\n|poke|p1|Tyranitar, L50, M|\n|poke|p1|Excadrill, L50, F|\n|poke|p1|Rotom-Wash, L50|\n|poke|p1|Sinistcha, L50|\n|poke|p1|Sneasler, L50, F|\n|poke|p1|Corviknight, L50, F|\n|poke|p2|Gallade, L50, M|\n|poke|p2|Incineroar, L50, F|\n|poke|p2|Floette-Eternal, L50, F|\n|poke|p2|Garchomp, L50, F|\n|poke|p2|Corviknight, L50, F|\n|poke|p2|Sinistcha, L50|\n|teampreview|4\n|inactive|Battle timer is ON: inactive players will automatically lose when time's up. (requested by boostedelo)\ndozer67 rejected open team sheets.\n|inactive|boostedelo has 60 seconds left.\n|inactive|dozer67 has 60 seconds left.\n|\n|t:|1776412347\n|teamsize|p1|4\n|teamsize|p2|4\n|start\n|switch|p1a: Tyranitar|Tyranitar, L50, M|100/100\n|switch|p1b: Sneasler|Sneasler, L50, F|100/100\n|switch|p2a: Incineroar|Incineroar, L50, F|100/100\n|switch|p2b: Garchomp|Garchomp, L50, F|100/100\n|-weather|Sandstorm|[from] ability: Sand Stream|[of] p1a: Tyranitar\n|-ability|p2a: Incineroar|Intimidate|boost\n|-unboost|p1a: Tyranitar|atk|1\n|-unboost|p1b: Sneasler|atk|1\n|-enditem|p1b: Sneasler|White Herb\n|-clearnegativeboost|p1b: Sneasler|[silent]\n|turn|1\n|inactive|dozer67 has 30 seconds left.\n|inactive|boostedelo has 30 seconds left.\n|inactive|boostedelo has 20 seconds left.\n|inactive|boostedelo has 15 seconds left.\n|inactive|boostedelo has 10 seconds left.\n|\n|t:|1776412394\n|move|p1b: Sneasler|Fake Out|p2a: Incineroar\n|-damage|p2a: Incineroar|87/100\n|move|p2b: Garchomp|Stomping Tantrum|p1a: Tyranitar\n|-supereffective|p1a: Tyranitar|1\n|-damage|p1a: Tyranitar|23/100\n|move|p1a: Tyranitar|Rock Slide|p2b: Garchomp|[spread] p2a,p2b\n|-supereffective|p2a: Incineroar|1\n|-resisted|p2b: Garchomp|1\n|-damage|p2a: Incineroar|43/100\n|-damage|p2b: Garchomp|89/100\n|cant|p2a: Incineroar|flinch\n|\n|-weather|Sandstorm|[upkeep]\n|-damage|p1b: Sneasler|95/100|[from] Sandstorm\n|-damage|p2a: Incineroar|37/100|[from] Sandstorm\n|upkeep\n|turn|2\n|inactive|dozer67 has 30 seconds left.\n|inactive|boostedelo has 30 seconds left.\n|\n|t:|1776412429\n|switch|p2a: Corviknight|Corviknight, L50, F|100/100\n|-ability|p2a: Corviknight|Pressure\n|move|p1a: Tyranitar|Protect|p1a: Tyranitar\n|-singleturn|p1a: Tyranitar|Protect\n|move|p1b: Sneasler|Close Combat|p2b: Garchomp\n|-damage|p2b: Garchomp|33/100\n|-unboost|p1b: Sneasler|def|1\n|-unboost|p1b: Sneasler|spd|1\n|-damage|p1b: Sneasler|82/100|[from] ability: Rough Skin|[of] p2b: Garchomp\n|move|p2b: Garchomp|Stomping Tantrum|p1b: Sneasler\n|-supereffective|p1b: Sneasler|1\n|-damage|p1b: Sneasler|0 fnt\n|faint|p1b: Sneasler\n|\n|-weather|Sandstorm|[upkeep]\n|upkeep\n|\n|t:|1776412453\n|switch|p1b: Excadrill|Excadrill, L50, F|100/100\n|turn|3\n|\n|t:|1776412467\n|switch|p2b: Incineroar|Incineroar, L50, F|37/100\n|-ability|p2b: Incineroar|Intimidate|boost\n|-unboost|p1a: Tyranitar|atk|1\n|-unboost|p1b: Excadrill|atk|1\n|switch|p1a: Rotom|Rotom-Wash, L50|100/100\n|move|p1b: Excadrill|Earthquake|p2a: Corviknight|[spread] p2b\n|-immune|p1a: Rotom|[from] ability: Levitate\n|-immune|p2a: Corviknight\n|-supereffective|p2b: Incineroar|1\n|-damage|p2b: Incineroar|0 fnt\n|faint|p2b: Incineroar\n|move|p2a: Corviknight|Tailwind|p2a: Corviknight\n|-sidestart|p2: boostedelo|move: Tailwind\n|\n|-weather|Sandstorm|[upkeep]\n|-damage|p1a: Rotom|95/100|[from] Sandstorm\n|upkeep\n|\n|t:|1776412485\n|switch|p2b: Gallade|Gallade, L50, M|100/100\n|turn|4\n|inactive|dozer67 has 30 seconds left.\n|\n|t:|1776412513\n|move|p1b: Excadrill|Iron Head|p2b: Gallade\n|-damage|p2b: Gallade|55/100\n|cant|p2b: Gallade|flinch\n|move|p2a: Corviknight|Body Press|p1b: Excadrill\n|-supereffective|p1b: Excadrill|1\n|-damage|p1b: Excadrill|46/100\n|move|p1a: Rotom|Volt Switch|p2a: Corviknight\n|-supereffective|p2a: Corviknight|1\n|-damage|p2a: Corviknight|62/100\n|\n|t:|1776412523\n|switch|p1a: Tyranitar|Tyranitar, L50, M|23/100|[from] Volt Switch\n|\n|-weather|Sandstorm|[upkeep]\n|-damage|p2b: Gallade|50/100|[from] Sandstorm\n|-heal|p2a: Corviknight|68/100|[from] item: Leftovers\n|upkeep\n|turn|5\n|\n|t:|1776412545\n|detailschange|p1a: Tyranitar|Tyranitar-Mega, L50, M\n|-mega|p1a: Tyranitar|Tyranitar|Tyranitarite\n|move|p1b: Excadrill|Protect|p1b: Excadrill\n|-singleturn|p1b: Excadrill|Protect\n|move|p2b: Gallade|Sacred Sword|p1b: Excadrill\n|-activate|p1b: Excadrill|move: Protect\n|move|p2a: Corviknight|Body Press|p1a: Tyranitar\n|-supereffective|p1a: Tyranitar|2\n|-damage|p1a: Tyranitar|0 fnt\n|faint|p1a: Tyranitar\n|\n|-weather|none\n|-heal|p2a: Corviknight|74/100|[from] item: Leftovers\n|upkeep\n|\n|t:|1776412557\n|switch|p1a: Rotom|Rotom-Wash, L50|95/100\n|turn|6\n|\n|t:|1776412566\n|move|p2b: Gallade|Sacred Sword|p1a: Rotom\n|-damage|p1a: Rotom|3/100\n|-enditem|p1a: Rotom|Sitrus Berry|[eat]\n|-heal|p1a: Rotom|28/100|[from] item: Sitrus Berry\n|move|p2a: Corviknight|Body Press|p1b: Excadrill\n|-supereffective|p1b: Excadrill|1\n|-damage|p1b: Excadrill|0 fnt\n|faint|p1b: Excadrill\n|move|p1a: Rotom|Volt Switch|p2a: Corviknight\n|-supereffective|p2a: Corviknight|1\n|-damage|p2a: Corviknight|35/100\n|\n|-heal|p2a: Corviknight|41/100|[from] item: Leftovers\n|-sideend|p2: boostedelo|move: Tailwind\n|upkeep\n|turn|7\n|\n|t:|1776412583\n|move|p1a: Rotom|Volt Switch|p2a: Corviknight\n|-supereffective|p2a: Corviknight|1\n|-damage|p2a: Corviknight|5/100\n|move|p2b: Gallade|Sacred Sword|p1a: Rotom\n|-crit|p1a: Rotom\n|-damage|p1a: Rotom|0 fnt\n|faint|p1a: Rotom\n|\n|win|boostedelo\n|raw|dozer67's rating: 1201 &rarr; <strong>1179</strong><br />(-22 for losing)\n|raw|boostedelo's rating: 1244 &rarr; <strong>1266</strong><br />(+22 for winning)\n|l|\u2606dozer67\n|player|p1|\n",
  "uploadtime": 1776412602,
  "views": 18,
  "formatid": "gen9championsvgc2026regma",
  "rating": 1179,
  "private": 0,
  "password": null
}