{
  "id": "gen9championsvgc2026regma-2582918732",
  "format": "[Gen 9 Champions] VGC 2026 Reg M-A",
  "players": [
    "Bonaban",
    "soulzx"
  ],
  "log": "|j|\u2606Bonaban\n|j|\u2606soulzx\n|t:|1776124930\n|gametype|doubles\n|player|p1|Bonaban|266|1163\n|player|p2|soulzx|170|1135\n|gen|9\n|tier|[Gen 9 Champions] VGC 2026 Reg M-A\n|rated|\n|rule|Species Clause: Limit one of each Pok\u00e9mon\n|rule|Item Clause: Limit 1 of each item\n|clearpoke\n|poke|p1|Clefable, L50, M|\n|poke|p1|Kingambit, L50, F|\n|poke|p1|Basculegion, L50, M|\n|poke|p1|Garchomp, L50, M|\n|poke|p1|Sinistcha, L50|\n|poke|p1|Incineroar, L50, M|\n|poke|p2|Sneasler, L50, F|\n|poke|p2|Incineroar, L50, M|\n|poke|p2|Charizard, L50, F|\n|poke|p2|Garchomp, L50, F|\n|poke|p2|Whimsicott, L50, F|\n|poke|p2|Farigiraf, L50, M|\n|teampreview|4\n|inactive|Battle timer is ON: inactive players will automatically lose when time's up. (requested by soulzx)\n|inactive|Bonaban has 60 seconds left.\n|\n|t:|1776125022\n|teamsize|p1|4\n|teamsize|p2|4\n|start\n|switch|p1a: Garchomp|Garchomp, L50, M|100/100\n|switch|p1b: Incineroar|Incineroar, L50, M|100/100\n|switch|p2a: Charizard|Charizard, L50, F|100/100\n|switch|p2b: Incineroar|Incineroar, L50, M|100/100\n|-ability|p2b: Incineroar|Intimidate|boost\n|-unboost|p1a: Garchomp|atk|1\n|-unboost|p1b: Incineroar|atk|1\n|-ability|p1b: Incineroar|Intimidate|boost\n|-unboost|p2a: Charizard|atk|1\n|-unboost|p2b: Incineroar|atk|1\n|turn|1\n|inactive|soulzx has 30 seconds left.\n|\n|t:|1776125050\n|detailschange|p1a: Garchomp|Garchomp-Mega, L50, M\n|-mega|p1a: Garchomp|Garchomp|Garchompite\n|move|p2a: Charizard|Protect|p2a: Charizard\n|-singleturn|p2a: Charizard|Protect\n|move|p1b: Incineroar|Fake Out|p2b: Incineroar\n|-damage|p2b: Incineroar|92/100\n|move|p1a: Garchomp|Rock Slide|p2b: Incineroar|[spread] p2b\n|-activate|p2a: Charizard|move: Protect\n|-supereffective|p2b: Incineroar|1\n|-damage|p2b: Incineroar|65/100\n|cant|p2b: Incineroar|flinch\n|\n|upkeep\n|turn|2\n|\n|t:|1776125072\n|switch|p2a: Garchomp|Garchomp, L50, F|100/100\n|move|p1a: Garchomp|Rock Slide|p2b: Incineroar|[spread] p2a\n|-miss|p1a: Garchomp|p2b: Incineroar\n|-resisted|p2a: Garchomp|1\n|-damage|p2a: Garchomp|93/100\n|move|p2b: Incineroar|Parting Shot|p1a: Garchomp\n|-unboost|p1a: Garchomp|atk|1\n|-unboost|p1a: Garchomp|spa|1\n|\n|t:|1776125096\n|switch|p2b: Sneasler|Sneasler, L50, F|100/100|[from] Parting Shot\n|move|p1b: Incineroar|Parting Shot|p2a: Garchomp\n|-unboost|p2a: Garchomp|atk|1\n|-unboost|p2a: Garchomp|spa|1\n|\n|t:|1776125099\n|switch|p1b: Clefable|Clefable, L50, M|100/100|[from] Parting Shot\n|\n|upkeep\n|turn|3\n|inactive|Bonaban has 30 seconds left.\n|inactive|soulzx has 30 seconds left.\n|inactive|soulzx has 20 seconds left.\n|\n|t:|1776125138\n|switch|p1a: Incineroar|Incineroar, L50, M|100/100\n|-ability|p1a: Incineroar|Intimidate|boost\n|-unboost|p2a: Garchomp|atk|1\n|-unboost|p2b: Sneasler|atk|1\n|-enditem|p2b: Sneasler|White Herb\n|-clearnegativeboost|p2b: Sneasler|[silent]\n|move|p2b: Sneasler|Fake Out|p1a: Incineroar\n|-damage|p1a: Incineroar|87/100\n|move|p2a: Garchomp|Dragon Claw|p1a: Incineroar\n|-damage|p1a: Incineroar|65/100\n|move|p1b: Clefable|Dazzling Gleam|p2b: Sneasler|[spread] p2a,p2b\n|-supereffective|p2a: Garchomp|1\n|-damage|p2a: Garchomp|32/100\n|-damage|p2b: Sneasler|63/100\n|\n|upkeep\n|turn|4\n|inactive|Bonaban has 30 seconds left.\n|\n|t:|1776125165\n|switch|p2b: Charizard|Charizard, L50, F|100/100\n|move|p1a: Incineroar|Fake Out|p2b: Charizard\n|-damage|p2b: Charizard|79/100\n|move|p2a: Garchomp|Earthquake|p1a: Incineroar|[spread] p1a,p1b\n|-immune|p2b: Charizard\n|-supereffective|p1a: Incineroar|1\n|-damage|p1a: Incineroar|18/100\n|-damage|p1b: Clefable|38/100\n|-enditem|p1a: Incineroar|Sitrus Berry|[eat]\n|-heal|p1a: Incineroar|43/100|[from] item: Sitrus Berry\n|move|p1b: Clefable|Dazzling Gleam|p2a: Garchomp|[spread] p2a,p2b\n|-supereffective|p2a: Garchomp|1\n|-resisted|p2b: Charizard|1\n|-damage|p2a: Garchomp|0 fnt\n|-damage|p2b: Charizard|61/100\n|faint|p2a: Garchomp\n|\n|upkeep\n|\n|t:|1776125183\n|switch|p2a: Sneasler|Sneasler, L50, F|63/100\n|turn|5\n|inactive|Bonaban has 30 seconds left.\n|inactive|soulzx has 30 seconds left.\n|\n|t:|1776125212\n|switch|p1a: Garchomp|Garchomp-Mega, L50, M|100/100\n|detailschange|p2b: Charizard|Charizard-Mega-Y, L50, F\n|-mega|p2b: Charizard|Charizard|Charizardite Y\n|-weather|SunnyDay|[from] ability: Drought|[of] p2b: Charizard\n|move|p1b: Clefable|Protect|p1b: Clefable\n|-singleturn|p1b: Clefable|Protect\n|move|p2a: Sneasler|Close Combat|p1a: Garchomp\n|-damage|p1a: Garchomp|47/100\n|-unboost|p2a: Sneasler|def|1\n|-unboost|p2a: Sneasler|spd|1\n|move|p2b: Charizard|Heat Wave|p1a: Garchomp|[spread] \n|-activate|p1b: Clefable|move: Protect\n|-miss|p2b: Charizard|p1a: Garchomp\n|\n|-weather|SunnyDay|[upkeep]\n|upkeep\n|turn|6\n|inactive|soulzx has 30 seconds left.\n|\n|t:|1776125237\n|switch|p1b: Incineroar|Incineroar, L50, M|43/100\n|-ability|p1b: Incineroar|Intimidate|boost\n|-unboost|p2a: Sneasler|atk|1\n|-unboost|p2b: Charizard|atk|1\n|move|p2a: Sneasler|Close Combat|p1a: Garchomp\n|-damage|p1a: Garchomp|8/100\n|-unboost|p2a: Sneasler|def|1\n|-unboost|p2a: Sneasler|spd|1\n|move|p1a: Garchomp|Rock Slide|p2b: Charizard|[spread] p2a,p2b\n|-resisted|p2a: Sneasler|1\n|-supereffective|p2b: Charizard|2\n|-damage|p2a: Sneasler|19/100\n|-damage|p2b: Charizard|0 fnt\n|faint|p2b: Charizard\n|\n|-weather|SunnyDay|[upkeep]\n|upkeep\n|\n|t:|1776125248\n|switch|p2b: Incineroar|Incineroar, L50, M|65/100\n|-ability|p2b: Incineroar|Intimidate|boost\n|-unboost|p1a: Garchomp|atk|1\n|-unboost|p1b: Incineroar|atk|1\n|turn|7\n|inactive|soulzx has 30 seconds left.\n|\n|t:|1776125279\n|move|p2b: Incineroar|Fake Out|p1b: Incineroar\n|-damage|p1b: Incineroar|32/100\n|cant|p1b: Incineroar|flinch\n|move|p2a: Sneasler|Dire Claw|p1a: Garchomp\n|-resisted|p1a: Garchomp|1\n|-damage|p1a: Garchomp|0 fnt\n|faint|p1a: Garchomp\n|\n|-weather|SunnyDay|[upkeep]\n|upkeep\n|\n|t:|1776125294\n|switch|p1a: Basculegion|Basculegion, L50, M|100/100\n|turn|8\n|\n|t:|1776125308\n|switch|p1b: Clefable|Clefable, L50, M|38/100\n|move|p1a: Basculegion|Wave Crash|p2b: Incineroar\n|-supereffective|p2b: Incineroar|1\n|-damage|p2b: Incineroar|2/100\n|-enditem|p2b: Incineroar|Sitrus Berry|[eat]\n|-heal|p2b: Incineroar|27/100|[from] item: Sitrus Berry\n|-damage|p1a: Basculegion|79/100|[from] Recoil\n|move|p2a: Sneasler|Dire Claw|p1b: Clefable\n|-supereffective|p1b: Clefable|1\n|-damage|p1b: Clefable|0 fnt\n|faint|p1b: Clefable\n|move|p2b: Incineroar|Darkest Lariat|p1a: Basculegion\n|-supereffective|p1a: Basculegion|1\n|-damage|p1a: Basculegion|0 fnt\n|faint|p1a: Basculegion\n|\n|-weather|SunnyDay|[upkeep]\n|upkeep\n|\n|t:|1776125319\n|switch|p1b: Incineroar|Incineroar, L50, M|32/100\n|-ability|p1b: Incineroar|Intimidate|boost\n|-unboost|p2a: Sneasler|atk|1\n|-unboost|p2b: Incineroar|atk|1\n|turn|9\n|\n|t:|1776125335\n|move|p2a: Sneasler|Dire Claw|p1b: Incineroar\n|-damage|p1b: Incineroar|12/100\n|move|p2b: Incineroar|Flare Blitz|p1b: Incineroar\n|-resisted|p1b: Incineroar|1\n|-damage|p1b: Incineroar|0 fnt\n|faint|p1b: Incineroar\n|-damage|p2b: Incineroar|23/100|[from] Recoil\n|\n|win|soulzx\n|raw|Bonaban's rating: 1163 &rarr; <strong>1136</strong><br />(-27 for losing)\n|raw|soulzx's rating: 1135 &rarr; <strong>1162</strong><br />(+27 for winning)\n|l|\u2606Bonaban\n|player|p1|\n|c|\u2606soulzx|gg\n",
  "uploadtime": 1776125392,
  "views": 18,
  "formatid": "gen9championsvgc2026regma",
  "rating": 1136,
  "private": 0,
  "password": null
}