{
  "id": "gen9championsvgc2026regma-2587624929",
  "format": "[Gen 9 Champions] VGC 2026 Reg M-A",
  "players": [
    "Kaazarav",
    "andi7746"
  ],
  "log": "|j|\u2606Kaazarav\n|j|\u2606andi7746\n|t:|1776548047\n|gametype|doubles\n|player|p1|Kaazarav|veteran|1076\n|player|p2|andi7746|1|1031\n|gen|9\n|tier|[Gen 9 Champions] VGC 2026 Reg M-A\n|rated|\n|rule|Species Clause: Limit one of each Pok\u00e9mon\n|rule|Item Clause: Limit 1 of each item\n|clearpoke\n|poke|p1|Floette-Eternal, L50, F|\n|poke|p1|Milotic, L50, M|\n|poke|p1|Garchomp, L50, F|\n|poke|p1|Corviknight, L50, M|\n|poke|p1|Tyranitar, L50, F|\n|poke|p1|Sneasler, L50, M|\n|poke|p2|Meganium, L50, F|\n|poke|p2|Basculegion, L50, M|\n|poke|p2|Pelipper, L50, M|\n|poke|p2|Scizor, L50, F|\n|poke|p2|Sinistcha, L50|\n|poke|p2|Garchomp, L50, F|\n|teampreview|4\n|inactive|Battle timer is ON: inactive players will automatically lose when time's up. (requested by Kaazarav)\n|\n|t:|1776548074\n|teamsize|p1|4\n|teamsize|p2|4\n|start\n|switch|p1a: Floette|Floette-Eternal, L50, F|100/100\n|switch|p1b: Milotic|Milotic, L50, M|100/100\n|switch|p2a: Scizor|Scizor, L50, F|100/100\n|switch|p2b: Pelipper|Pelipper, L50, M|100/100\n|-weather|RainDance|[from] ability: Drizzle|[of] p2b: Pelipper\n|turn|1\n|\n|t:|1776548090\n|switch|p1a: Corviknight|Corviknight, L50, M|100/100\n|detailschange|p2a: Scizor|Scizor-Mega, L50, F\n|-mega|p2a: Scizor|Scizor|Scizorite\n|move|p2a: Scizor|Bullet Punch|p1a: Corviknight\n|-resisted|p1a: Corviknight|1\n|-damage|p1a: Corviknight|83/100\n|move|p1b: Milotic|Scald|p2a: Scizor\n|-damage|p2a: Scizor|61/100\n|-status|p2a: Scizor|brn\n|move|p2b: Pelipper|Tailwind|p2b: Pelipper\n|-sidestart|p2: andi7746|move: Tailwind\n|\n|-weather|RainDance|[upkeep]\n|-damage|p2a: Scizor|55/100 brn|[from] brn\n|upkeep\n|turn|2\n|\n|t:|1776548108\n|switch|p2b: Sinistcha|Sinistcha, L50|100/100\n|move|p2a: Scizor|Protect|p2a: Scizor\n|-singleturn|p2a: Scizor|Protect\n|move|p1a: Corviknight|Iron Defense|p1a: Corviknight\n|-boost|p1a: Corviknight|def|2\n|move|p1b: Milotic|Icy Wind|p2a: Scizor|[spread] p2b\n|-activate|p2a: Scizor|move: Protect\n|-supereffective|p2b: Sinistcha|1\n|-damage|p2b: Sinistcha|70/100\n|-unboost|p2b: Sinistcha|spe|1\n|\n|-weather|RainDance|[upkeep]\n|-heal|p2b: Sinistcha|77/100|[from] item: Leftovers\n|-damage|p2a: Scizor|49/100 brn|[from] brn\n|upkeep\n|turn|3\n|\n|t:|1776548130\n|switch|p2a: Garchomp|Garchomp, L50, F|100/100\n|move|p1b: Milotic|Protect|p1b: Milotic\n|-singleturn|p1b: Milotic|Protect\n|move|p2b: Sinistcha|Matcha Gotcha|p1a: Corviknight|[spread] p1a\n|-activate|p1b: Milotic|move: Protect\n|-resisted|p1a: Corviknight|2\n|-damage|p1a: Corviknight|77/100\n|-heal|p2b: Sinistcha|81/100|[from] drain|[of] p1a: Corviknight\n|-status|p1a: Corviknight|brn\n|move|p1a: Corviknight|Brave Bird|p2b: Sinistcha\n|-supereffective|p2b: Sinistcha|1\n|-damage|p2b: Sinistcha|37/100\n|-damage|p1a: Corviknight|67/100 brn|[from] Recoil\n|\n|-weather|RainDance|[upkeep]\n|-heal|p2b: Sinistcha|43/100|[from] item: Leftovers\n|-damage|p1a: Corviknight|61/100 brn|[from] brn\n|upkeep\n|turn|4\n|inactive|andi7746 has 30 seconds left.\n|\n|t:|1776548159\n|move|p2a: Garchomp|Rock Slide|p1a: Corviknight|[spread] p1a,p1b\n|-crit|p1a: Corviknight\n|-damage|p1a: Corviknight|33/100 brn\n|-damage|p1b: Milotic|83/100\n|-enditem|p1a: Corviknight|Sitrus Berry|[eat]\n|-heal|p1a: Corviknight|58/100 brn|[from] item: Sitrus Berry\n|move|p2b: Sinistcha|Matcha Gotcha|p1b: Milotic|[spread] p1a,p1b\n|-resisted|p1a: Corviknight|2\n|-supereffective|p1b: Milotic|1\n|-damage|p1a: Corviknight|52/100 brn\n|-heal|p2b: Sinistcha|48/100|[from] drain|[of] p1a: Corviknight\n|-damage|p1b: Milotic|41/100\n|-heal|p2b: Sinistcha|75/100|[from] drain|[of] p1b: Milotic\n|-status|p1b: Milotic|brn\n|move|p1a: Corviknight|Brave Bird|p2b: Sinistcha\n|-supereffective|p2b: Sinistcha|1\n|-damage|p2b: Sinistcha|32/100\n|-damage|p1a: Corviknight|41/100 brn|[from] Recoil\n|cant|p1b: Milotic|flinch\n|\n|-weather|RainDance|[upkeep]\n|-heal|p2b: Sinistcha|38/100|[from] item: Leftovers\n|-heal|p1b: Milotic|47/100 brn|[from] item: Leftovers\n|-damage|p1a: Corviknight|35/100 brn|[from] brn\n|-damage|p1b: Milotic|41/100 brn|[from] brn\n|-sideend|p2: andi7746|move: Tailwind\n|upkeep\n|turn|5\n|inactive|andi7746 has 30 seconds left.\n|\n|t:|1776548185\n|move|p2a: Garchomp|Rock Slide|p1b: Milotic|[spread] p1a,p1b\n|-damage|p1a: Corviknight|26/100 brn\n|-damage|p1b: Milotic|22/100 brn\n|move|p1a: Corviknight|Tailwind|p1a: Corviknight\n|-sidestart|p1: Kaazarav|move: Tailwind\n|move|p1b: Milotic|Icy Wind|p2b: Sinistcha|[spread] p2a,p2b\n|-supereffective|p2a: Garchomp|2\n|-supereffective|p2b: Sinistcha|1\n|-damage|p2a: Garchomp|59/100\n|-damage|p2b: Sinistcha|11/100\n|-unboost|p2a: Garchomp|spe|1\n|-unboost|p2b: Sinistcha|spe|1\n|move|p2b: Sinistcha|Matcha Gotcha|p1a: Corviknight|[spread] p1a,p1b\n|-resisted|p1a: Corviknight|2\n|-supereffective|p1b: Milotic|1\n|-damage|p1a: Corviknight|20/100 brn\n|-heal|p2b: Sinistcha|15/100|[from] drain|[of] p1a: Corviknight\n|-damage|p1b: Milotic|0 fnt\n|-heal|p2b: Sinistcha|29/100|[from] drain|[of] p1b: Milotic\n|faint|p1b: Milotic\n|\n|-weather|none\n|-heal|p2b: Sinistcha|35/100|[from] item: Leftovers\n|-damage|p1a: Corviknight|14/100 brn|[from] brn\n|upkeep\n|\n|t:|1776548192\n|switch|p1b: Floette|Floette-Eternal, L50, F|100/100\n|turn|6\n|inactive|andi7746 has 30 seconds left.\n|inactive|andi7746 has 20 seconds left.\n|\n|t:|1776548230\n|detailschange|p1b: Floette|Floette-Mega, L50, F\n|-mega|p1b: Floette|Floette|Floettite\n|-ability|p1b: Floette|Fairy Aura\n|move|p2a: Garchomp|Protect|p2a: Garchomp\n|-singleturn|p2a: Garchomp|Protect\n|move|p2b: Sinistcha|Protect|p2b: Sinistcha\n|-singleturn|p2b: Sinistcha|Protect\n|move|p1b: Floette|Dazzling Gleam|p2b: Sinistcha|[spread] \n|-activate|p2a: Garchomp|move: Protect\n|-activate|p2b: Sinistcha|move: Protect\n|move|p1a: Corviknight|Body Press|p2a: Garchomp\n|-activate|p2a: Garchomp|move: Protect\n|\n|-heal|p2b: Sinistcha|42/100|[from] item: Leftovers\n|-damage|p1a: Corviknight|8/100 brn|[from] brn\n|upkeep\n|turn|7\n|\n|t:|1776548254\n|switch|p2a: Scizor|Scizor-Mega, L50, F|49/100 brn\n|switch|p2b: Pelipper|Pelipper, L50, M|100/100\n|-weather|RainDance|[from] ability: Drizzle|[of] p2b: Pelipper\n|move|p1b: Floette|Dazzling Gleam|p2b: Pelipper|[spread] p2a,p2b\n|-resisted|p2a: Scizor|1\n|-crit|p2a: Scizor\n|-damage|p2a: Scizor|16/100 brn\n|-damage|p2b: Pelipper|44/100\n|move|p1a: Corviknight|Brave Bird|p2b: Pelipper\n|-damage|p2b: Pelipper|18/100\n|-damage|p1a: Corviknight|2/100 brn|[from] Recoil\n|\n|-weather|RainDance|[upkeep]\n|-damage|p1a: Corviknight|0 fnt|[from] brn\n|faint|p1a: Corviknight\n|-damage|p2a: Scizor|10/100 brn|[from] brn\n|upkeep\n|\n|t:|1776548267\n|switch|p1a: Sneasler|Sneasler, L50, M|100/100\n|turn|8\n|\n|t:|1776548290\n|move|p1a: Sneasler|Fake Out|p2a: Scizor\n|-resisted|p2a: Scizor|1\n|-damage|p2a: Scizor|3/100 brn\n|cant|p2a: Scizor|flinch\n|move|p1b: Floette|Dazzling Gleam|p2a: Scizor|[spread] p2a,p2b\n|-resisted|p2a: Scizor|1\n|-damage|p2a: Scizor|0 fnt\n|-damage|p2b: Pelipper|0 fnt\n|faint|p2a: Scizor\n|faint|p2b: Pelipper\n|\n|-weather|RainDance|[upkeep]\n|-sideend|p1: Kaazarav|move: Tailwind\n|upkeep\n|\n|t:|1776548302\n|switch|p2a: Garchomp|Garchomp, L50, F|59/100\n|switch|p2b: Sinistcha|Sinistcha, L50|42/100\n|turn|9\n|\n|t:|1776548310\n|move|p1a: Sneasler|Dire Claw|p2b: Sinistcha\n|-damage|p2b: Sinistcha|0 fnt\n|faint|p2b: Sinistcha\n|move|p2a: Garchomp|Earthquake|p1b: Floette|[spread] p1a,p1b\n|-supereffective|p1a: Sneasler|1\n|-enditem|p1a: Sneasler|Focus Sash\n|-damage|p1a: Sneasler|1/100\n|-damage|p1b: Floette|53/100\n|move|p1b: Floette|Dazzling Gleam|p2a: Garchomp\n|-supereffective|p2a: Garchomp|1\n|-damage|p2a: Garchomp|0 fnt\n|faint|p2a: Garchomp\n|\n|win|Kaazarav\n|raw|Kaazarav's rating: 1076 &rarr; <strong>1101</strong><br />(+25 for winning)\n|raw|andi7746's rating: 1031 &rarr; <strong>1018</strong><br />(-13 for losing)\n",
  "uploadtime": 1776548321,
  "views": 11,
  "formatid": "gen9championsvgc2026regma",
  "rating": 1018,
  "private": 0,
  "password": null
}