{
  "id": "gen9championsvgc2026regma-2588308440",
  "format": "[Gen 9 Champions] VGC 2026 Reg M-A",
  "players": [
    "Pubert6767",
    "chuckie2274"
  ],
  "log": "|j|\u2606Pubert6767\n|j|\u2606chuckie2274\n|t:|1776622866\n|gametype|doubles\n|player|p1|Pubert6767|1|1046\n|player|p2|chuckie2274|102|1076\n|gen|9\n|tier|[Gen 9 Champions] VGC 2026 Reg M-A\n|rated|\n|rule|Species Clause: Limit one of each Pok\u00e9mon\n|rule|Item Clause: Limit 1 of each item\n|clearpoke\n|poke|p1|Conkeldurr, L50, M|\n|poke|p1|Scovillain, L50, F|\n|poke|p1|Sinistcha, L50|\n|poke|p1|Crabominable, L50, F|\n|poke|p1|Aegislash, L50, M|\n|poke|p1|Dragapult, L50, F|\n|poke|p2|Archaludon, L50, M|\n|poke|p2|Pelipper, L50, M|\n|poke|p2|Vivillon, L50, F|\n|poke|p2|Primarina, L50, F|\n|poke|p2|Heracross, L50, F|\n|poke|p2|Hydreigon, L50, F|\n|teampreview|4\n|inactive|Battle timer is ON: inactive players will automatically lose when time's up. (requested by Pubert6767)\n|inactive|chuckie2274 has 60 seconds left.\n|\n|t:|1776622947\n|teamsize|p1|4\n|teamsize|p2|4\n|start\n|switch|p1a: Dragapult|Dragapult, L50, F|100/100\n|switch|p1b: Scovillain|Scovillain, L50, F|100/100\n|switch|p2a: Primarina|Primarina, L50, F|100/100\n|switch|p2b: Hydreigon|Hydreigon, L50, F|100/100\n|turn|1\n|\n|t:|1776622962\n|detailschange|p1b: Scovillain|Scovillain-Mega, L50, F\n|-mega|p1b: Scovillain|Scovillain|Scovillainite\n|move|p1a: Dragapult|Light Screen|p1a: Dragapult\n|-sidestart|p1: Pubert6767|move: Light Screen\n|move|p2b: Hydreigon|Dragon Pulse|p1b: Scovillain\n|-damage|p1b: Scovillain|64/100\n|-status|p2b: Hydreigon|brn|[from] ability: Spicy Spray|[of] p1b: Scovillain\n|move|p1b: Scovillain|Leech Seed|p2a: Primarina\n|-start|p2a: Primarina|move: Leech Seed\n|move|p2a: Primarina|Moonblast|p1a: Dragapult\n|-supereffective|p1a: Dragapult|1\n|-enditem|p1a: Dragapult|Focus Sash\n|-damage|p1a: Dragapult|1/100\n|\n|-damage|p2a: Primarina|88/100|[from] Leech Seed|[of] p1b: Scovillain\n|-heal|p1b: Scovillain|78/100|[silent]\n|-damage|p2b: Hydreigon|95/100 brn|[from] brn\n|upkeep\n|turn|2\n|inactive|Pubert6767 has 30 seconds left.\n|inactive|chuckie2274 has 30 seconds left.\n|inactive|Pubert6767 has 20 seconds left.\n|inactive|chuckie2274 has 20 seconds left.\n|inactive|chuckie2274 has 15 seconds left.\n|inactive|chuckie2274 has 10 seconds left.\n|inactive|chuckie2274 has 5 seconds left.\n|\n|t:|1776623017\n|move|p1a: Dragapult|Reflect|p1a: Dragapult\n|-sidestart|p1: Pubert6767|Reflect\n|move|p2b: Hydreigon|Flamethrower|p1a: Dragapult\n|-resisted|p1a: Dragapult|1\n|-damage|p1a: Dragapult|0 fnt\n|faint|p1a: Dragapult\n|move|p1b: Scovillain|Leech Seed|p2b: Hydreigon|[miss]\n|-miss|p1b: Scovillain|p2b: Hydreigon\n|move|p2a: Primarina|Hyper Voice|p1b: Scovillain\n|-damage|p1b: Scovillain|39/100\n|-status|p2a: Primarina|brn|[from] ability: Spicy Spray|[of] p1b: Scovillain\n|\n|-damage|p2a: Primarina|76/100 brn|[from] Leech Seed|[of] p1b: Scovillain\n|-heal|p1b: Scovillain|53/100|[silent]\n|-damage|p2b: Hydreigon|89/100 brn|[from] brn\n|-damage|p2a: Primarina|70/100 brn|[from] brn\n|upkeep\n|\n|t:|1776623039\n|switch|p1a: Sinistcha|Sinistcha, L50|100/100\n|-heal|p1b: Scovillain|78/100|[from] ability: Hospitality|[of] p1a: Sinistcha\n|turn|3\n|\n|t:|1776623055\n|switch|p2a: Archaludon|Archaludon, L50, M|100/100\n|move|p2b: Hydreigon|Flamethrower|p1a: Sinistcha\n|-supereffective|p1a: Sinistcha|1\n|-damage|p1a: Sinistcha|46/100\n|-status|p1a: Sinistcha|brn\n|move|p1b: Scovillain|Leech Seed|p2b: Hydreigon\n|-start|p2b: Hydreigon|move: Leech Seed\n|move|p1a: Sinistcha|Matcha Gotcha|p2b: Hydreigon|[spread] p2a,p2b\n|-resisted|p2a: Archaludon|2\n|-resisted|p2b: Hydreigon|1\n|-damage|p2a: Archaludon|95/100\n|-heal|p1a: Sinistcha|49/100 brn|[from] drain|[of] p2a: Archaludon\n|-damage|p2b: Hydreigon|73/100 brn\n|-heal|p1a: Sinistcha|56/100 brn|[from] drain|[of] p2b: Hydreigon\n|-status|p2a: Archaludon|brn\n|-ability|p2a: Archaludon|Stamina|boost\n|-boost|p2a: Archaludon|def|1\n|\n|-heal|p2a: Archaludon|100/100 brn|[from] item: Leftovers\n|-damage|p2b: Hydreigon|61/100 brn|[from] Leech Seed|[of] p1b: Scovillain\n|-heal|p1b: Scovillain|89/100|[silent]\n|-damage|p2b: Hydreigon|55/100 brn|[from] brn\n|-damage|p2a: Archaludon|94/100 brn|[from] brn\n|-damage|p1a: Sinistcha|50/100 brn|[from] brn\n|upkeep\n|turn|4\n|inactive|Pubert6767 has 30 seconds left.\n|inactive|chuckie2274 has 30 seconds left.\n|inactive|Pubert6767 has 20 seconds left.\n|inactive|chuckie2274 has 20 seconds left.\n|inactive|chuckie2274 has 15 seconds left.\n|\n|t:|1776623097\n|move|p2b: Hydreigon|Flamethrower|p1a: Sinistcha\n|-supereffective|p1a: Sinistcha|1\n|-damage|p1a: Sinistcha|0 fnt\n|faint|p1a: Sinistcha\n|move|p2a: Archaludon|Electro Shot||[still]\n|-prepare|p2a: Archaludon|Electro Shot\n|-boost|p2a: Archaludon|spa|1\n|move|p1b: Scovillain|Flamethrower|p2a: Archaludon\n|-damage|p2a: Archaludon|50/100 brn\n|-ability|p2a: Archaludon|Stamina|boost\n|-boost|p2a: Archaludon|def|1\n|\n|-heal|p2a: Archaludon|56/100 brn|[from] item: Leftovers\n|-damage|p2b: Hydreigon|43/100 brn|[from] Leech Seed|[of] p1b: Scovillain\n|-heal|p1b: Scovillain|100/100|[silent]\n|-damage|p2b: Hydreigon|37/100 brn|[from] brn\n|-damage|p2a: Archaludon|50/100 brn|[from] brn\n|upkeep\n|\n|t:|1776623114\n|switch|p1a: Aegislash|Aegislash, L50, M|100/100\n|turn|5\n|inactive|chuckie2274 has 30 seconds left.\n|\n|t:|1776623146\n|move|p2b: Hydreigon|Flamethrower|p1a: Aegislash\n|-supereffective|p1a: Aegislash|1\n|-damage|p1a: Aegislash|57/100\n|move|p2a: Archaludon|Electro Shot|p1b: Scovillain|[from] lockedmove\n|-resisted|p1b: Scovillain|1\n|-damage|p1b: Scovillain|79/100\n|move|p1b: Scovillain|Flamethrower|p2a: Archaludon\n|-damage|p2a: Archaludon|8/100 brn\n|-ability|p2a: Archaludon|Stamina|boost\n|-boost|p2a: Archaludon|def|1\n|-formechange|p1a: Aegislash|Aegislash-Blade|\n|move|p1a: Aegislash|Gyro Ball|p2b: Hydreigon\n|-damage|p2b: Hydreigon|0 fnt\n|faint|p2b: Hydreigon\n|\n|-heal|p2a: Archaludon|14/100 brn|[from] item: Leftovers\n|-heal|p1a: Aegislash|63/100|[from] item: Leftovers\n|-damage|p2a: Archaludon|8/100 brn|[from] brn\n|-sideend|p1: Pubert6767|move: Light Screen\n|upkeep\n|\n|t:|1776623165\n|switch|p2b: Primarina|Primarina, L50, F|70/100 brn\n|turn|6\n|\n|t:|1776623183\n|move|p1a: Aegislash|Wide Guard|p1a: Aegislash\n|-singleturn|p1a: Aegislash|Wide Guard\n|move|p2a: Archaludon|Flash Cannon|p1a: Aegislash\n|-resisted|p1a: Aegislash|1\n|-damage|p1a: Aegislash|18/100\n|move|p1b: Scovillain|Flamethrower|p2a: Archaludon\n|-damage|p2a: Archaludon|0 fnt\n|faint|p2a: Archaludon\n|move|p2b: Primarina|Hyper Voice|p1a: Aegislash|[spread] \n|-activate|p1a: Aegislash|move: Wide Guard\n|-activate|p1b: Scovillain|move: Wide Guard\n|\n|-heal|p1a: Aegislash|24/100|[from] item: Leftovers\n|-damage|p2b: Primarina|64/100 brn|[from] brn\n|-sideend|p1: Pubert6767|Reflect\n|upkeep\n|inactive|chuckie2274 has 30 seconds left.\n|\n|t:|1776623210\n|switch|p2a: Heracross|Heracross, L50, F|100/100\n|turn|7\n|\n|t:|1776623226\n|detailschange|p2a: Heracross|Heracross-Mega, L50, F\n|-mega|p2a: Heracross|Heracross|Heracronite\n|move|p1a: Aegislash|Wide Guard|p1a: Aegislash\n|-singleturn|p1a: Aegislash|Wide Guard\n|move|p2a: Heracross|Pin Missile|p1b: Scovillain\n|-damage|p1b: Scovillain|57/100\n|-status|p2a: Heracross|brn|[from] ability: Spicy Spray|[of] p1b: Scovillain\n|-damage|p1b: Scovillain|47/100\n|-damage|p1b: Scovillain|37/100\n|-damage|p1b: Scovillain|27/100\n|-damage|p1b: Scovillain|15/100\n|-hitcount|p1b: Scovillain|5\n|move|p1b: Scovillain|Flamethrower|p2a: Heracross\n|-supereffective|p2a: Heracross|1\n|-damage|p2a: Heracross|13/100 brn\n|move|p2b: Primarina|Hyper Voice|p1a: Aegislash|[spread] \n|-activate|p1a: Aegislash|move: Wide Guard\n|-activate|p1b: Scovillain|move: Wide Guard\n|\n|-heal|p1a: Aegislash|30/100|[from] item: Leftovers\n|-damage|p2a: Heracross|7/100 brn|[from] brn\n|-damage|p2b: Primarina|58/100 brn|[from] brn\n|upkeep\n|turn|8\n|inactive|Pubert6767 has 30 seconds left.\n|\n|t:|1776623261\n|move|p1b: Scovillain|Protect|p1b: Scovillain\n|-singleturn|p1b: Scovillain|Protect\n|-formechange|p1a: Aegislash|Aegislash|\n|move|p1a: Aegislash|King's Shield||[still]\n|-fail|p1a: Aegislash\n|move|p2a: Heracross|Pin Missile|p1b: Scovillain\n|-activate|p1b: Scovillain|move: Protect\n|move|p2b: Primarina|Moonblast|p1a: Aegislash\n|-resisted|p1a: Aegislash|1\n|-damage|p1a: Aegislash|7/100\n|\n|-heal|p1a: Aegislash|13/100|[from] item: Leftovers\n|-damage|p2a: Heracross|1/100 brn|[from] brn\n|-damage|p2b: Primarina|52/100 brn|[from] brn\n|upkeep\n|turn|9\n|\n|t:|1776623283\n|-formechange|p1a: Aegislash|Aegislash-Blade|\n|move|p1a: Aegislash|Shadow Sneak|p2a: Heracross\n|-damage|p2a: Heracross|0 fnt\n|faint|p2a: Heracross\n|move|p1b: Scovillain|Leech Seed|p2b: Primarina\n|-start|p2b: Primarina|move: Leech Seed\n|move|p2b: Primarina|Moonblast|p1a: Aegislash\n|-resisted|p1a: Aegislash|1\n|-damage|p1a: Aegislash|0 fnt\n|faint|p1a: Aegislash\n|\n|-damage|p2b: Primarina|39/100 brn|[from] Leech Seed|[of] p1b: Scovillain\n|-heal|p1b: Scovillain|28/100|[silent]\n|-damage|p2b: Primarina|33/100 brn|[from] brn\n|upkeep\n|turn|10\n|\n|t:|1776623298\n|move|p1b: Scovillain|Protect|p1b: Scovillain\n|-singleturn|p1b: Scovillain|Protect\n|move|p2b: Primarina|Ice Beam|p1b: Scovillain\n|-activate|p1b: Scovillain|move: Protect\n|\n|-damage|p2b: Primarina|21/100 brn|[from] Leech Seed|[of] p1b: Scovillain\n|-heal|p1b: Scovillain|42/100|[silent]\n|-damage|p2b: Primarina|15/100 brn|[from] brn\n|upkeep\n|turn|11\n|\n|t:|1776623311\n|move|p1b: Scovillain|Flamethrower|p2b: Primarina\n|-resisted|p2b: Primarina|1\n|-damage|p2b: Primarina|0 fnt\n|faint|p2b: Primarina\n|\n|win|Pubert6767\n|raw|Pubert6767's rating: 1046 &rarr; <strong>1082</strong><br />(+36 for winning)\n|raw|chuckie2274's rating: 1076 &rarr; <strong>1053</strong><br />(-23 for losing)\n",
  "uploadtime": 1776623317,
  "views": 12,
  "formatid": "gen9championsvgc2026regma",
  "rating": 1053,
  "private": 0,
  "password": null
}