{
  "id": "gen9championsvgc2026regma-2580912947",
  "format": "[Gen 9 Champions] VGC 2026 Reg M-A",
  "players": [
    "maimon32",
    "E2 Magical girl"
  ],
  "log": "|j|\u2606maimon32\n|j|\u2606E2 Magical girl\n|t:|1775942793\n|gametype|doubles\n|player|p1|maimon32|266|1072\n|player|p2|E2 Magical girl|lady|1000\n|gen|9\n|tier|[Gen 9 Champions] VGC 2026 Reg M-A\n|rated|\n|rule|Species Clause: Limit one of each Pok\u00e9mon\n|rule|Item Clause: Limit 1 of each item\n|clearpoke\n|poke|p1|Arcanine, L50, F|\n|poke|p1|Rotom-Wash, L50|\n|poke|p1|Garchomp, L50, M|\n|poke|p1|Gardevoir, L50, F|\n|poke|p1|Sinistcha, L50|\n|poke|p1|Tyranitar, L50, M|\n|poke|p2|Azumarill, L50, F|\n|poke|p2|Farigiraf, L50, M|\n|poke|p2|Maushold-Four, L50|\n|poke|p2|Sinistcha-Masterpiece, L50|\n|poke|p2|Hawlucha, L50, M|\n|poke|p2|Vanilluxe, L50, F|\n|teampreview|4\n|\n|t:|1775942824\n|teamsize|p1|4\n|teamsize|p2|4\n|start\n|switch|p1a: Arcanine|Arcanine, L50, F|100/100\n|switch|p1b: Rotom|Rotom-Wash, L50|100/100\n|switch|p2a: Hawlucha|Hawlucha, L50, M|100/100\n|switch|p2b: Vanilluxe|Vanilluxe, L50, F|100/100\n|-weather|Snowscape|[from] ability: Snow Warning|[of] p2b: Vanilluxe\n|-ability|p1a: Arcanine|Intimidate|boost\n|-unboost|p2a: Hawlucha|atk|1\n|-unboost|p2b: Vanilluxe|atk|1\n|turn|1\n|inactive|Battle timer is ON: inactive players will automatically lose when time's up. (requested by maimon32)\n|\n|t:|1775942837\n|detailschange|p2a: Hawlucha|Hawlucha-Mega, L50, M\n|-mega|p2a: Hawlucha|Hawlucha|Hawluchanite\n|move|p1b: Rotom|Thunderbolt|p2b: Vanilluxe\n|-damage|p2b: Vanilluxe|51/100\n|move|p2a: Hawlucha|Entrainment|p2b: Vanilluxe\n|-ability|p2b: Vanilluxe|No Guard|Snow Warning|[from] move: Entrainment|[of] p2a: Hawlucha\n|move|p2b: Vanilluxe|Sheer Cold|p1a: Arcanine\n|-damage|p1a: Arcanine|0 fnt\n|faint|p1a: Arcanine\n|-ohko\n|\n|-weather|Snowscape|[upkeep]\n|upkeep\n|\n|t:|1775942850\n|switch|p1a: Garchomp|Garchomp, L50, M|100/100\n|turn|2\n|\n|t:|1775942864\n|switch|p2a: Maushold|Maushold-Four, L50|100/100\n|move|p1b: Rotom|Thunderbolt|p2b: Vanilluxe\n|-damage|p2b: Vanilluxe|9/100\n|move|p2b: Vanilluxe|Sheer Cold|p1b: Rotom\n|-damage|p1b: Rotom|0 fnt\n|faint|p1b: Rotom\n|-ohko\n|move|p1a: Garchomp|Stone Edge|p2b: Vanilluxe\n|-supereffective|p2b: Vanilluxe|1\n|-damage|p2b: Vanilluxe|0 fnt\n|faint|p2b: Vanilluxe\n|\n|-weather|Snowscape|[upkeep]\n|upkeep\n|\n|t:|1775942873\n|switch|p1b: Gardevoir|Gardevoir, L50, F|100/100\n|switch|p2b: Azumarill|Azumarill, L50, F|100/100\n|turn|3\n|\n|t:|1775942896\n|detailschange|p1b: Gardevoir|Gardevoir-Mega, L50, F\n|-mega|p1b: Gardevoir|Gardevoir|Gardevoirite\n|move|p1a: Garchomp|Protect|p1a: Garchomp\n|-singleturn|p1a: Garchomp|Protect\n|move|p2a: Maushold|Follow Me|p2a: Maushold\n|-singleturn|p2a: Maushold|move: Follow Me\n|move|p1b: Gardevoir|Hyper Voice|p2b: Azumarill|[spread] p2a,p2b\n|-damage|p2a: Maushold|42/100\n|-damage|p2b: Azumarill|61/100\n|move|p2b: Azumarill|Belly Drum|p2b: Azumarill\n|-damage|p2b: Azumarill|11/100\n|-setboost|p2b: Azumarill|atk|6|[from] move: Belly Drum\n|-enditem|p2b: Azumarill|Sitrus Berry|[eat]\n|-heal|p2b: Azumarill|36/100|[from] item: Sitrus Berry\n|\n|-weather|Snowscape|[upkeep]\n|upkeep\n|turn|4\n|\n|t:|1775942915\n|move|p2a: Maushold|Protect|p2a: Maushold\n|-singleturn|p2a: Maushold|Protect\n|move|p2b: Azumarill|Protect|p2b: Azumarill\n|-singleturn|p2b: Azumarill|Protect\n|move|p1a: Garchomp|Earthquake|p2a: Maushold|[spread] p1b\n|-activate|p2a: Maushold|move: Protect\n|-activate|p2b: Azumarill|move: Protect\n|-damage|p1b: Gardevoir|51/100\n|move|p1b: Gardevoir|Hyper Voice|p2b: Azumarill|[spread] \n|-activate|p2a: Maushold|move: Protect\n|-activate|p2b: Azumarill|move: Protect\n|\n|-weather|Snowscape|[upkeep]\n|upkeep\n|turn|5\n|\n|t:|1775942937\n|move|p2b: Azumarill|Aqua Jet|p1b: Gardevoir\n|-damage|p1b: Gardevoir|0 fnt\n|faint|p1b: Gardevoir\n|move|p2a: Maushold|Super Fang|p1a: Garchomp\n|-damage|p1a: Garchomp|50/100\n|-damage|p2a: Maushold|30/100|[from] ability: Rough Skin|[of] p1a: Garchomp\n|move|p1a: Garchomp|Earthquake|p2a: Maushold|[spread] p2a,p2b\n|-damage|p2a: Maushold|0 fnt\n|-damage|p2b: Azumarill|8/100\n|faint|p2a: Maushold\n|\n|-weather|none\n|upkeep\n|\n|t:|1775942946\n|switch|p2a: Hawlucha|Hawlucha-Mega, L50, M|100/100\n|turn|6\n|\n|t:|1775942960\n|move|p2b: Azumarill|Aqua Jet|p1a: Garchomp\n|-damage|p1a: Garchomp|0 fnt\n|-damage|p2b: Azumarill|0 fnt|[from] ability: Rough Skin|[of] p1a: Garchomp\n|faint|p1a: Garchomp\n|faint|p2b: Azumarill\n|\n|win|E2 Magical girl\n|raw|maimon32's rating: 1072 &rarr; <strong>1047</strong><br />(-25 for losing)\n|raw|E2 Magical girl's rating: 1000 &rarr; <strong>1048</strong><br />(+48 for winning)\n|l|\u2606maimon32\n|player|p1|\n",
  "uploadtime": 1775942980,
  "views": 10,
  "formatid": "gen9championsvgc2026regma",
  "rating": 1047,
  "private": 0,
  "password": null
}