{
  "id": "gen9championsvgc2026regma-2588135088",
  "format": "[Gen 9 Champions] VGC 2026 Reg M-A",
  "players": [
    "Mango404",
    "zpookydumb"
  ],
  "log": "|j|\u2606Mango404\n|j|\u2606zpookydumb\n|t:|1776607922\n|gametype|doubles\n|player|p1|Mango404|harlequin|1110\n|player|p2|zpookydumb|bianca|1088\n|gen|9\n|tier|[Gen 9 Champions] VGC 2026 Reg M-A\n|rated|\n|rule|Species Clause: Limit one of each Pok\u00e9mon\n|rule|Item Clause: Limit 1 of each item\n|clearpoke\n|poke|p1|Gardevoir, L50, M|\n|poke|p1|Incineroar, L50, M|\n|poke|p1|Slowking, L50, M|\n|poke|p1|Chandelure, L50, M|\n|poke|p1|Sinistcha, L50|\n|poke|p1|Sableye, L50, F|\n|poke|p2|Heracross, L50, F|\n|poke|p2|Whimsicott, L50, F|\n|poke|p2|Rotom-Heat, L50|\n|poke|p2|Garchomp, L50, F|\n|poke|p2|Incineroar, L50, M|\n|poke|p2|Sneasler, L50, M|\n|teampreview|4\n|\n|t:|1776607948\n|teamsize|p1|4\n|teamsize|p2|4\n|start\n|switch|p1a: Gardevoir|Gardevoir, L50, M|100/100\n|switch|p1b: Sableye|Sableye, L50, F|100/100\n|switch|p2a: Rotom|Rotom-Heat, L50|100/100\n|switch|p2b: Whimsicott|Whimsicott, L50, F|100/100\n|-ability|p1a: Gardevoir|Levitate|Trace|[from] ability: Trace|[of] p2a: Rotom\n|turn|1\n|\n|t:|1776607966\n|detailschange|p1a: Gardevoir|Gardevoir-Mega, L50, M\n|-mega|p1a: Gardevoir|Gardevoir|Gardevoirite\n|move|p1b: Sableye|Fake Out|p2a: Rotom\n|-damage|p2a: Rotom|90/100\n|move|p2b: Whimsicott|Tailwind|p2b: Whimsicott\n|-sidestart|p2: zpookydumb|move: Tailwind\n|cant|p2a: Rotom|flinch\n|move|p1a: Gardevoir|Calm Mind|p1a: Gardevoir\n|-boost|p1a: Gardevoir|spa|1\n|-boost|p1a: Gardevoir|spd|1\n|\n|upkeep\n|turn|2\n|\n|t:|1776607984\n|move|p2b: Whimsicott|Encore|p1a: Gardevoir\n|-start|p1a: Gardevoir|Encore\n|move|p1b: Sableye|Quash|p2a: Rotom\n|-activate|p2a: Rotom|move: Quash\n|move|p1a: Gardevoir|Calm Mind|p1a: Gardevoir\n|-boost|p1a: Gardevoir|spa|1\n|-boost|p1a: Gardevoir|spd|1\n|move|p2a: Rotom|Discharge|p1b: Sableye|[spread] p2b,p1a,p1b\n|-resisted|p2b: Whimsicott|1\n|-crit|p2b: Whimsicott\n|-damage|p2b: Whimsicott|72/100\n|-damage|p1a: Gardevoir|87/100\n|-damage|p1b: Sableye|64/100\n|-status|p1b: Sableye|par\n|\n|upkeep\n|turn|3\n|\n|t:|1776608002\n|switch|p2b: Garchomp|Garchomp, L50, F|100/100\n|switch|p1b: Incineroar|Incineroar, L50, M|100/100\n|-ability|p1b: Incineroar|Intimidate|boost\n|-unboost|p2a: Rotom|atk|1\n|-unboost|p2b: Garchomp|atk|1\n|move|p2a: Rotom|Discharge|p1b: Incineroar|[spread] p1a,p1b\n|-immune|p2b: Garchomp\n|-damage|p1a: Gardevoir|74/100\n|-damage|p1b: Incineroar|72/100\n|-status|p1a: Gardevoir|par\n|move|p1a: Gardevoir|Calm Mind|p1a: Gardevoir\n|-boost|p1a: Gardevoir|spa|1\n|-boost|p1a: Gardevoir|spd|1\n|\n|upkeep\n|turn|4\n|\n|t:|1776608023\n|move|p1b: Incineroar|Fake Out|p2b: Garchomp\n|-damage|p2b: Garchomp|86/100\n|-damage|p1b: Incineroar|59/100|[from] ability: Rough Skin|[of] p2b: Garchomp\n|cant|p2b: Garchomp|flinch\n|move|p2a: Rotom|Discharge|p1a: Gardevoir|[spread] p1a,p1b\n|-immune|p2b: Garchomp\n|-damage|p1a: Gardevoir|62/100 par\n|-damage|p1b: Incineroar|31/100\n|move|p1a: Gardevoir|Calm Mind|p1a: Gardevoir\n|-boost|p1a: Gardevoir|spa|1\n|-boost|p1a: Gardevoir|spd|1\n|\n|-end|p1a: Gardevoir|Encore\n|-sideend|p2: zpookydumb|move: Tailwind\n|upkeep\n|turn|5\n|\n|t:|1776608055\n|move|p2b: Garchomp|Protect|p2b: Garchomp\n|-singleturn|p2b: Garchomp|Protect\n|move|p2a: Rotom|Discharge|p1b: Incineroar|[spread] p1a,p1b\n|-activate|p2b: Garchomp|move: Protect\n|-crit|p1b: Incineroar\n|-damage|p1a: Gardevoir|54/100 par\n|-damage|p1b: Incineroar|0 fnt\n|faint|p1b: Incineroar\n|move|p1a: Gardevoir|Hyper Voice|p2a: Rotom|[spread] p2a\n|-activate|p2b: Garchomp|move: Protect\n|-resisted|p2a: Rotom|1\n|-damage|p2a: Rotom|0 fnt\n|faint|p2a: Rotom\n|\n|upkeep\n|\n|t:|1776608069\n|switch|p2a: Sneasler|Sneasler, L50, M|100/100\n|switch|p1b: Sableye|Sableye, L50, F|64/100 par\n|turn|6\n|\n|t:|1776608088\n|move|p2a: Sneasler|Protect|p2a: Sneasler\n|-singleturn|p2a: Sneasler|Protect\n|move|p1b: Sableye|Fake Out|p2a: Sneasler\n|-activate|p2a: Sneasler|move: Protect\n|move|p2b: Garchomp|Earthquake|p1a: Gardevoir|[spread] p1a,p1b\n|-activate|p2a: Sneasler|move: Protect\n|-damage|p1a: Gardevoir|7/100 par\n|-damage|p1b: Sableye|23/100 par\n|move|p1a: Gardevoir|Hyper Voice|p2b: Garchomp|[spread] p2b\n|-activate|p2a: Sneasler|move: Protect\n|-supereffective|p2b: Garchomp|1\n|-damage|p2b: Garchomp|0 fnt\n|faint|p2b: Garchomp\n|\n|upkeep\n|\n|t:|1776608099\n|switch|p2b: Whimsicott|Whimsicott, L50, F|72/100\n|turn|7\n|\n|t:|1776608116\n|move|p2b: Whimsicott|Encore|p1b: Sableye\n|-hint|Since gen 7, Dark is immune to Prankster moves.\n|-immune|p1b: Sableye\n|move|p1b: Sableye|Quash|p2a: Sneasler\n|-activate|p2a: Sneasler|move: Quash\n|move|p1a: Gardevoir|Expanding Force|p2a: Sneasler\n|-supereffective|p2a: Sneasler|2\n|-damage|p2a: Sneasler|0 fnt\n|faint|p2a: Sneasler\n|\n|upkeep\n|turn|8\n|\n|t:|1776608127\n|move|p1b: Sableye|Quash|p2b: Whimsicott\n|-activate|p2b: Whimsicott|move: Quash\n|cant|p1a: Gardevoir|par\n|move|p2b: Whimsicott|Moonblast|p1a: Gardevoir\n|-damage|p1a: Gardevoir|0 fnt\n|faint|p1a: Gardevoir\n|\n|upkeep\n|\n|t:|1776608129\n|switch|p1a: Slowking|Slowking, L50, M|100/100\n|turn|9\n|\n|t:|1776608136\n|move|p1b: Sableye|Encore|p2b: Whimsicott\n|-start|p2b: Whimsicott|Encore\n|move|p2b: Whimsicott|Moonblast|p1b: Sableye\n|-supereffective|p1b: Sableye|1\n|-damage|p1b: Sableye|0 fnt\n|faint|p1b: Sableye\n|move|p1a: Slowking|Hydro Pump|p2b: Whimsicott|[miss]\n|-miss|p1a: Slowking|p2b: Whimsicott\n|\n|upkeep\n|turn|10\n|\n|t:|1776608142\n|move|p2b: Whimsicott|Moonblast|p1a: Slowking\n|-damage|p1a: Slowking|81/100\n|move|p1a: Slowking|Hydro Pump|p2b: Whimsicott\n|-resisted|p2b: Whimsicott|1\n|-crit|p2b: Whimsicott\n|-damage|p2b: Whimsicott|32/100\n|\n|upkeep\n|turn|11\n|\n|t:|1776608147\n|move|p2b: Whimsicott|Moonblast|p1a: Slowking\n|-damage|p1a: Slowking|61/100\n|move|p1a: Slowking|Hydro Pump|p2b: Whimsicott\n|-resisted|p2b: Whimsicott|1\n|-damage|p2b: Whimsicott|5/100\n|\n|-end|p2b: Whimsicott|Encore\n|upkeep\n|turn|12\n|\n|t:|1776608153\n|move|p2b: Whimsicott|Moonblast|p1a: Slowking\n|-damage|p1a: Slowking|42/100\n|move|p1a: Slowking|Hydro Pump|p2b: Whimsicott\n|-resisted|p2b: Whimsicott|1\n|-damage|p2b: Whimsicott|0 fnt\n|faint|p2b: Whimsicott\n|\n|win|Mango404\n|raw|Mango404's rating: 1110 &rarr; <strong>1133</strong><br />(+23 for winning)\n|raw|zpookydumb's rating: 1088 &rarr; <strong>1066</strong><br />(-22 for losing)\n",
  "uploadtime": 1776608158,
  "views": 24,
  "formatid": "gen9championsvgc2026regma",
  "rating": 1066,
  "private": 0,
  "password": null
}