{
  "id": "gen9championsvgc2026regma-2588120110",
  "format": "[Gen 9 Champions] VGC 2026 Reg M-A",
  "players": [
    "Chef204",
    "Bearyl"
  ],
  "log": "|j|\u2606Chef204\n|j|\u2606Bearyl\n|t:|1776606438\n|gametype|doubles\n|player|p1|Chef204|cynthia-gen4|1226\n|player|p2|Bearyl|266|1312\n|gen|9\n|tier|[Gen 9 Champions] VGC 2026 Reg M-A\n|rated|\n|rule|Species Clause: Limit one of each Pok\u00e9mon\n|rule|Item Clause: Limit 1 of each item\n|clearpoke\n|poke|p1|Milotic, L50, F|\n|poke|p1|Whimsicott, L50, F|\n|poke|p1|Garchomp, L50, M|\n|poke|p1|Glimmora, L50, F, shiny|\n|poke|p1|Tyranitar, L50, F|\n|poke|p1|Meganium, L50, M|\n|poke|p2|Avalugg-Hisui, L50, M|\n|poke|p2|Abomasnow, L50, F|\n|poke|p2|Slowking-Galar, L50, F|\n|poke|p2|Oranguru, L50, M|\n|poke|p2|Tauros-Paldea-Aqua, L50, M|\n|poke|p2|Manectric, L50, F|\n|teampreview|4\n|inactive|Battle timer is ON: inactive players will automatically lose when time's up. (requested by Chef204)\n|\n|t:|1776606467\n|teamsize|p1|4\n|teamsize|p2|4\n|start\n|switch|p1a: Glimmora|Glimmora, L50, F, shiny|100/100\n|switch|p1b: Whimsicott|Whimsicott, L50, F|100/100\n|switch|p2a: Tauros|Tauros-Paldea-Aqua, L50, M|100/100\n|switch|p2b: Slowking|Slowking-Galar, L50, F|100/100\n|-ability|p2a: Tauros|Intimidate|boost\n|-unboost|p1a: Glimmora|atk|1\n|-unboost|p1b: Whimsicott|atk|1\n|-clearboost|p2a: Tauros|[from] ability: Curious Medicine|[of] p2b: Slowking\n|turn|1\n|\n|t:|1776606485\n|move|p1a: Glimmora|Spiky Shield|p1a: Glimmora\n|-singleturn|p1a: Glimmora|move: Protect\n|move|p1b: Whimsicott|Dazzling Gleam|p2b: Slowking|[spread] p2a,p2b\n|-supereffective|p2a: Tauros|1\n|-resisted|p2b: Slowking|1\n|-damage|p2a: Tauros|58/100\n|-damage|p2b: Slowking|94/100\n|move|p2a: Tauros|Raging Bull|p1a: Glimmora\n|-activate|p1a: Glimmora|move: Protect\n|-damage|p2a: Tauros|46/100|[from] Spiky Shield|[of] p1a: Glimmora\n|move|p2b: Slowking|Trick Room|p2b: Slowking\n|-fieldstart|move: Trick Room|[of] p2b: Slowking\n|\n|-heal|p2b: Slowking|99/100|[from] item: Leftovers\n|upkeep\n|turn|2\n|\n|t:|1776606503\n|switch|p1a: Meganium|Meganium, L50, M|100/100\n|switch|p2a: Abomasnow|Abomasnow, L50, F|100/100\n|-weather|Snowscape|[from] ability: Snow Warning|[of] p2a: Abomasnow\n|move|p1b: Whimsicott|Encore|p2b: Slowking\n|-start|p2b: Slowking|Encore\n|move|p2b: Slowking|Trick Room|p2b: Slowking\n|-fieldend|move: Trick Room\n|\n|-weather|Snowscape|[upkeep]\n|-heal|p2b: Slowking|100/100|[from] item: Leftovers\n|upkeep\n|turn|3\n|\n|t:|1776606522\n|switch|p2a: Tauros|Tauros-Paldea-Aqua, L50, M|46/100\n|-ability|p2a: Tauros|Intimidate|boost\n|-unboost|p1a: Meganium|atk|1\n|-unboost|p1b: Whimsicott|atk|1\n|switch|p2b: Avalugg|Avalugg-Hisui, L50, M|100/100\n|detailschange|p1a: Meganium|Meganium-Mega, L50, M\n|-mega|p1a: Meganium|Meganium|Meganiumite\n|move|p1b: Whimsicott|Sunny Day|p1b: Whimsicott\n|-weather|SunnyDay\n|move|p1a: Meganium|Weather Ball|p2a: Tauros\n|-resisted|p2a: Tauros|1\n|-damage|p2a: Tauros|13/100\n|\n|-weather|SunnyDay|[upkeep]\n|upkeep\n|turn|4\n|inactive|Chef204 has 30 seconds left.\n|\n|t:|1776606547\n|switch|p2a: Slowking|Slowking-Galar, L50, F|100/100\n|-clearboost|p2b: Avalugg|[from] ability: Curious Medicine|[of] p2a: Slowking\n|move|p1b: Whimsicott|Dazzling Gleam|p2a: Slowking|[spread] p2a,p2b\n|-resisted|p2a: Slowking|1\n|-damage|p2a: Slowking|94/100\n|-damage|p2b: Avalugg|63/100\n|move|p1a: Meganium|Solar Beam||[still]\n|-prepare|p1a: Meganium|Solar Beam\n|-anim|p1a: Meganium|Solar Beam|p2b: Avalugg\n|-supereffective|p2b: Avalugg|1\n|-damage|p2b: Avalugg|0 fnt\n|faint|p2b: Avalugg\n|\n|-weather|SunnyDay|[upkeep]\n|-heal|p2a: Slowking|99/100|[from] item: Leftovers\n|upkeep\n|\n|t:|1776606558\n|switch|p2b: Abomasnow|Abomasnow, L50, F|100/100\n|-weather|Snowscape|[from] ability: Snow Warning|[of] p2b: Abomasnow\n|turn|5\n|\n|t:|1776606569\n|move|p2b: Abomasnow|Protect|p2b: Abomasnow\n|-singleturn|p2b: Abomasnow|Protect\n|move|p1b: Whimsicott|Sunny Day|p1b: Whimsicott\n|-weather|SunnyDay\n|move|p1a: Meganium|Weather Ball|p2b: Abomasnow\n|-activate|p2b: Abomasnow|move: Protect\n|move|p2a: Slowking|Sludge Bomb|p1a: Meganium\n|-supereffective|p1a: Meganium|2\n|-damage|p1a: Meganium|0 fnt\n|faint|p1a: Meganium\n|\n|-weather|SunnyDay|[upkeep]\n|-heal|p2a: Slowking|100/100|[from] item: Leftovers\n|upkeep\n|\n|t:|1776606583\n|switch|p1a: Glimmora|Glimmora, L50, F, shiny|100/100\n|turn|6\n|\n|t:|1776606599\n|switch|p2b: Tauros|Tauros-Paldea-Aqua, L50, M|13/100\n|-ability|p2b: Tauros|Intimidate|boost\n|-unboost|p1a: Glimmora|atk|1\n|-unboost|p1b: Whimsicott|atk|1\n|move|p1b: Whimsicott|Encore||[still]\n|-fail|p1b: Whimsicott\n|move|p1a: Glimmora|Sludge Bomb|p2b: Tauros\n|-damage|p2b: Tauros|0 fnt\n|faint|p2b: Tauros\n|move|p2a: Slowking|Sludge Bomb|p1b: Whimsicott\n|-supereffective|p1b: Whimsicott|2\n|-enditem|p1b: Whimsicott|Focus Sash\n|-damage|p1b: Whimsicott|1/100\n|\n|-weather|SunnyDay|[upkeep]\n|upkeep\n|\n|t:|1776606613\n|switch|p2b: Abomasnow|Abomasnow, L50, F|100/100\n|-weather|Snowscape|[from] ability: Snow Warning|[of] p2b: Abomasnow\n|turn|7\n|\n|t:|1776606627\n|switch|p1b: Not Da Mama|Tyranitar, L50, F|100/100\n|-weather|Sandstorm|[from] ability: Sand Stream|[of] p1b: Not Da Mama\n|detailschange|p2b: Abomasnow|Abomasnow-Mega, L50, F\n|-mega|p2b: Abomasnow|Abomasnow|Abomasite\n|-weather|Snowscape|[from] ability: Snow Warning|[of] p2b: Abomasnow\n|move|p1a: Glimmora|Sludge Bomb|p2b: Abomasnow\n|-supereffective|p2b: Abomasnow|1\n|-damage|p2b: Abomasnow|18/100\n|move|p2a: Slowking|Eerie Spell|p1a: Glimmora\n|-supereffective|p1a: Glimmora|1\n|-damage|p1a: Glimmora|24/100\n|-activate|p1a: Glimmora|move: Eerie Spell|Sludge Bomb|3\n|move|p2b: Abomasnow|Blizzard|p1a: Glimmora|[spread] p1a,p1b\n|-damage|p1a: Glimmora|0 fnt\n|-damage|p1b: Not Da Mama|61/100\n|faint|p1a: Glimmora\n|\n|-weather|Snowscape|[upkeep]\n|upkeep\n|\n|t:|1776606635\n|switch|p1a: Whimsicott|Whimsicott, L50, F|1/100\n|turn|8\n|\n|t:|1776606652\n|move|p2b: Abomasnow|Protect|p2b: Abomasnow\n|-singleturn|p2b: Abomasnow|Protect\n|move|p1a: Whimsicott|Sunny Day|p1a: Whimsicott\n|-weather|SunnyDay\n|move|p1b: Not Da Mama|Knock Off|p2a: Slowking\n|-supereffective|p2a: Slowking|1\n|-damage|p2a: Slowking|0 fnt\n|-enditem|p2a: Slowking|Leftovers|[from] move: Knock Off|[of] p1b: Not Da Mama\n|faint|p2a: Slowking\n|\n|-weather|SunnyDay|[upkeep]\n|upkeep\n|turn|9\n|\n|t:|1776606668\n|move|p1a: Whimsicott|Encore|p2b: Abomasnow\n|-start|p2b: Abomasnow|Encore\n|move|p2b: Abomasnow|Protect|p2b: Abomasnow\n|-singleturn|p2b: Abomasnow|Protect\n|move|p1b: Not Da Mama|Knock Off|p2b: Abomasnow\n|-activate|p2b: Abomasnow|move: Protect\n|\n|-weather|SunnyDay|[upkeep]\n|upkeep\n|turn|10\n|-message|Bearyl forfeited.\n|\n|win|Chef204\n|raw|Chef204's rating: 1226 &rarr; <strong>1257</strong><br />(+31 for winning)\n|raw|Bearyl's rating: 1312 &rarr; <strong>1287</strong><br />(-25 for losing)\n|l|\u2606Bearyl\n|player|p2|\n",
  "uploadtime": 1776606676,
  "views": 16,
  "formatid": "gen9championsvgc2026regma",
  "rating": 1257,
  "private": 0,
  "password": null
}