{
  "id": "gen9championsvgc2026regma-2585160290",
  "format": "[Gen 9 Champions] VGC 2026 Reg M-A",
  "players": [
    "tikotron3826",
    "loklastaji"
  ],
  "log": "|j|\u2606tikotron3826\n|j|\u2606loklastaji\n|t:|1776319254\n|gametype|doubles\n|player|p1|tikotron3826|266|1311\n|player|p2|loklastaji|102|1402\n|gen|9\n|tier|[Gen 9 Champions] VGC 2026 Reg M-A\n|rated|\n|rule|Species Clause: Limit one of each Pok\u00e9mon\n|rule|Item Clause: Limit 1 of each item\n|clearpoke\n|poke|p1|Milotic, L50, M|\n|poke|p1|Incineroar, L50, F|\n|poke|p1|Meganium, L50, F|\n|poke|p1|Gengar, L50, M|\n|poke|p1|Gallade, L50, M|\n|poke|p1|Aerodactyl, L50, F|\n|poke|p2|Samurott-Hisui, L50, M|\n|poke|p2|Delphox, L50, F|\n|poke|p2|Tinkaton, L50, F|\n|poke|p2|Decidueye-Hisui, L50, M|\n|poke|p2|Dragonite, L50, F|\n|poke|p2|Maushold-Four, L50|\n|teampreview|4\n|\n|t:|1776319305\n|teamsize|p1|4\n|teamsize|p2|4\n|start\n|switch|p1a: Milotic|Milotic, L50, M|100/100\n|switch|p1b: Aerodactyl|Aerodactyl, L50, F|100/100\n|switch|p2a: Tinkaton|Tinkaton, L50, F|100/100\n|switch|p2b: Dragonite|Dragonite, L50, F|100/100\n|-ability|p1b: Aerodactyl|Unnerve\n|-ability|p2a: Tinkaton|Mold Breaker\n|turn|1\n|\n|t:|1776319329\n|move|p1b: Aerodactyl|Protect|p1b: Aerodactyl\n|-singleturn|p1b: Aerodactyl|Protect\n|move|p2a: Tinkaton|Fake Out|p1b: Aerodactyl\n|-activate|p1b: Aerodactyl|move: Protect\n|move|p2b: Dragonite|Tailwind|p2b: Dragonite\n|-sidestart|p2: loklastaji|move: Tailwind\n|move|p1a: Milotic|Icy Wind|p2b: Dragonite|[spread] p2a,p2b\n|-resisted|p2a: Tinkaton|1\n|-supereffective|p2b: Dragonite|2\n|-damage|p2a: Tinkaton|94/100\n|-damage|p2b: Dragonite|48/100\n|-unboost|p2a: Tinkaton|spe|1\n|-unboost|p2b: Dragonite|spe|1\n|\n|upkeep\n|turn|2\n|\n|t:|1776319387\n|switch|p2b: Samurott|Samurott-Hisui, L50, M|100/100\n|move|p2a: Tinkaton|Gigaton Hammer|p1b: Aerodactyl\n|-supereffective|p1b: Aerodactyl|1\n|-enditem|p1b: Aerodactyl|Focus Sash\n|-damage|p1b: Aerodactyl|1/100\n|move|p1b: Aerodactyl|Rock Slide|p2b: Samurott|[spread] p2a,p2b\n|-resisted|p2a: Tinkaton|1\n|-damage|p2a: Tinkaton|77/100\n|-damage|p2b: Samurott|67/100\n|move|p1a: Milotic|Icy Wind|p2a: Tinkaton|[spread] p2a,p2b\n|-resisted|p2a: Tinkaton|1\n|-resisted|p2b: Samurott|1\n|-damage|p2a: Tinkaton|70/100\n|-damage|p2b: Samurott|58/100\n|-unboost|p2a: Tinkaton|spe|1\n|-unboost|p2b: Samurott|spe|1\n|-enditem|p2b: Samurott|White Herb\n|-clearnegativeboost|p2b: Samurott|[silent]\n|\n|upkeep\n|turn|3\n|\n|t:|1776319443\n|move|p2a: Tinkaton|Protect|p2a: Tinkaton\n|-singleturn|p2a: Tinkaton|Protect\n|move|p2b: Samurott|Ceaseless Edge|p1b: Aerodactyl|[miss]\n|-miss|p2b: Samurott|p1b: Aerodactyl\n|move|p1b: Aerodactyl|Tailwind|p1b: Aerodactyl\n|-sidestart|p1: tikotron3826|move: Tailwind\n|move|p1a: Milotic|Icy Wind|p2b: Samurott|[spread] p2b\n|-activate|p2a: Tinkaton|move: Protect\n|-resisted|p2b: Samurott|1\n|-damage|p2b: Samurott|48/100\n|-unboost|p2b: Samurott|spe|1\n|\n|upkeep\n|turn|4\n|\n|t:|1776319459\n|switch|p2a: Decidueye|Decidueye-Hisui, L50, M|100/100\n|move|p2b: Samurott|Sucker Punch|p1b: Aerodactyl\n|-damage|p1b: Aerodactyl|0 fnt\n|faint|p1b: Aerodactyl\n|move|p1a: Milotic|Muddy Water|p2a: Decidueye|[spread] p2a\n|-miss|p1a: Milotic|p2b: Samurott\n|-resisted|p2a: Decidueye|1\n|-damage|p2a: Decidueye|82/100\n|\n|-sideend|p2: loklastaji|move: Tailwind\n|upkeep\n|\n|t:|1776319468\n|switch|p1b: Meganium|Meganium, L50, F|100/100\n|turn|5\n|\n|t:|1776319481\n|switch|p2b: Tinkaton|Tinkaton, L50, F|70/100\n|-ability|p2b: Tinkaton|Mold Breaker\n|detailschange|p1b: Meganium|Meganium-Mega, L50, F\n|-mega|p1b: Meganium|Meganium|Meganiumite\n|move|p1b: Meganium|Dazzling Gleam|p2b: Tinkaton|[spread] p2a,p2b\n|-supereffective|p2a: Decidueye|1\n|-resisted|p2b: Tinkaton|1\n|-damage|p2a: Decidueye|4/100\n|-damage|p2b: Tinkaton|52/100\n|move|p1a: Milotic|Ice Beam|p2a: Decidueye\n|-supereffective|p2a: Decidueye|1\n|-damage|p2a: Decidueye|0 fnt\n|faint|p2a: Decidueye\n|\n|upkeep\n|\n|t:|1776319504\n|switch|p2a: Dragonite|Dragonite, L50, F|48/100\n|turn|6\n|\n|t:|1776319511\n|move|p1a: Milotic|Protect|p1a: Milotic\n|-singleturn|p1a: Milotic|Protect\n|move|p2b: Tinkaton|Protect|p2b: Tinkaton\n|-singleturn|p2b: Tinkaton|Protect\n|move|p2a: Dragonite|Protect|p2a: Dragonite\n|-singleturn|p2a: Dragonite|Protect\n|move|p1b: Meganium|Weather Ball|p2b: Tinkaton\n|-activate|p2b: Tinkaton|move: Protect\n|\n|-sideend|p1: tikotron3826|move: Tailwind\n|upkeep\n|turn|7\n|\n|t:|1776319547\n|switch|p1b: Gallade|Gallade, L50, M|100/100\n|detailschange|p2a: Dragonite|Dragonite-Mega, L50, F\n|-mega|p2a: Dragonite|Dragonite|Dragoninite\n|move|p2a: Dragonite|Draco Meteor|p1a: Milotic\n|-damage|p1a: Milotic|50/100\n|-unboost|p2a: Dragonite|spa|2\n|move|p2b: Tinkaton|Gigaton Hammer|p1b: Gallade\n|-damage|p1b: Gallade|14/100\n|move|p1a: Milotic|Icy Wind|p2a: Dragonite|[spread] p2a,p2b\n|-supereffective|p2a: Dragonite|2\n|-resisted|p2b: Tinkaton|1\n|-damage|p2a: Dragonite|3/100\n|-damage|p2b: Tinkaton|44/100\n|-unboost|p2a: Dragonite|spe|1\n|-unboost|p2b: Tinkaton|spe|1\n|-enditem|p2b: Tinkaton|Sitrus Berry|[eat]\n|-heal|p2b: Tinkaton|69/100|[from] item: Sitrus Berry\n|\n|-heal|p1a: Milotic|56/100|[from] item: Leftovers\n|upkeep\n|turn|8\n|\n|t:|1776319590\n|switch|p2a: Samurott|Samurott-Hisui, L50, M|48/100\n|move|p1a: Milotic|Protect|p1a: Milotic\n|-singleturn|p1a: Milotic|Protect\n|move|p1b: Gallade|Sacred Sword|p2b: Tinkaton\n|-damage|p2b: Tinkaton|0 fnt\n|faint|p2b: Tinkaton\n|\n|-heal|p1a: Milotic|62/100|[from] item: Leftovers\n|upkeep\n|\n|t:|1776319602\n|switch|p2b: Dragonite|Dragonite-Mega, L50, F|3/100\n|turn|9\n|\n|t:|1776319625\n|move|p2b: Dragonite|Protect|p2b: Dragonite\n|-singleturn|p2b: Dragonite|Protect\n|move|p2a: Samurott|Sucker Punch|p1b: Gallade\n|-damage|p1b: Gallade|0 fnt\n|faint|p1b: Gallade\n|move|p1a: Milotic|Icy Wind|p2b: Dragonite|[spread] p2a\n|-activate|p2b: Dragonite|move: Protect\n|-resisted|p2a: Samurott|1\n|-damage|p2a: Samurott|38/100\n|-unboost|p2a: Samurott|spe|1\n|\n|-heal|p1a: Milotic|69/100|[from] item: Leftovers\n|upkeep\n|\n|t:|1776319629\n|switch|p1b: Meganium|Meganium-Mega, L50, F|100/100\n|turn|10\n|\n|t:|1776319646\n|move|p2a: Samurott|Sucker Punch|p1b: Meganium\n|-resisted|p1b: Meganium|1\n|-crit|p1b: Meganium\n|-damage|p1b: Meganium|79/100\n|move|p2b: Dragonite|Air Slash|p1b: Meganium\n|-supereffective|p1b: Meganium|1\n|-damage|p1b: Meganium|1/100\n|cant|p1b: Meganium|flinch\n|move|p1a: Milotic|Icy Wind|p2b: Dragonite|[spread] p2a,p2b\n|-resisted|p2a: Samurott|1\n|-supereffective|p2b: Dragonite|2\n|-damage|p2a: Samurott|28/100\n|-damage|p2b: Dragonite|0 fnt\n|-unboost|p2a: Samurott|spe|1\n|faint|p2b: Dragonite\n|\n|-heal|p1a: Milotic|75/100|[from] item: Leftovers\n|upkeep\n|turn|11\n|\n|t:|1776319664\n|move|p2a: Samurott|Sucker Punch|p1b: Meganium\n|-resisted|p1b: Meganium|1\n|-damage|p1b: Meganium|0 fnt\n|faint|p1b: Meganium\n|move|p1a: Milotic|Muddy Water|p2a: Samurott\n|-resisted|p2a: Samurott|1\n|-damage|p2a: Samurott|0 fnt\n|faint|p2a: Samurott\n|\n|win|tikotron3826\n|raw|tikotron3826's rating: 1311 &rarr; <strong>1336</strong><br />(+25 for winning)\n|raw|loklastaji's rating: 1402 &rarr; <strong>1377</strong><br />(-25 for losing)\n",
  "uploadtime": 1776319672,
  "views": 30,
  "formatid": "gen9championsvgc2026regma",
  "rating": 1336,
  "private": 0,
  "password": null
}