{
  "id": "gen9championsvgc2026regma-2587161345",
  "format": "[Gen 9 Champions] VGC 2026 Reg M-A",
  "players": [
    "Anicredible",
    "cranidostm"
  ],
  "log": "|j|\u2606Anicredible\n|j|\u2606cranidostm\n|t:|1776502421\n|gametype|doubles\n|player|p1|Anicredible|schoolkid-gen4|1050\n|player|p2|cranidostm|allister-masters|1120\n|gen|9\n|tier|[Gen 9 Champions] VGC 2026 Reg M-A\n|rated|\n|rule|Species Clause: Limit one of each Pok\u00e9mon\n|rule|Item Clause: Limit 1 of each item\n|clearpoke\n|poke|p1|Kangaskhan, L50, F|\n|poke|p1|Sinistcha, L50|\n|poke|p1|Sneasler, L50, F|\n|poke|p1|Whimsicott, L50, F|\n|poke|p1|Corviknight, L50, M|\n|poke|p1|Primarina, L50, F|\n|poke|p2|Sableye, L50, M, shiny|\n|poke|p2|Dragapult, L50, F, shiny|\n|poke|p2|Azumarill, L50, M, shiny|\n|poke|p2|Volcarona, L50, M, shiny|\n|poke|p2|Glimmora, L50, M|\n|poke|p2|Aggron, L50, F|\n|teampreview|4\n|inactive|Battle timer is ON: inactive players will automatically lose when time's up. (requested by Anicredible)\nAnicredible rejected open team sheets.\n|inactive|Anicredible has 60 seconds left.\n|\n|t:|1776502478\n|teamsize|p1|4\n|teamsize|p2|4\n|start\n|switch|p1a: Primarina|Primarina, L50, F|100/100\n|switch|p1b: Sinistcha|Sinistcha, L50|100/100\n|switch|p2a: Sableye|Sableye, L50, M, shiny|100/100\n|switch|p2b: Glimmora|Glimmora, L50, M|100/100\n|turn|1\n|\n|t:|1776502497\n|move|p1a: Primarina|Protect|p1a: Primarina\n|-singleturn|p1a: Primarina|Protect\n|move|p2a: Sableye|Fake Out|p1a: Primarina\n|-activate|p1a: Primarina|move: Protect\n|move|p2b: Glimmora|Mortal Spin|p1b: Sinistcha|[spread] p1b\n|-activate|p1a: Primarina|move: Protect\n|-damage|p1b: Sinistcha|97/100\n|-status|p1b: Sinistcha|psn\n|move|p1b: Sinistcha|Trick Room|p1b: Sinistcha\n|-fieldstart|move: Trick Room|[of] p1b: Sinistcha\n|\n|-damage|p1b: Sinistcha|84/100 psn|[from] psn\n|upkeep\n|turn|2\n|inactive|Anicredible has 30 seconds left.\n|\n|t:|1776502526\n|move|p1b: Sinistcha|Rage Powder|p1b: Sinistcha\n|-singleturn|p1b: Sinistcha|move: Rage Powder\n|move|p2a: Sableye|Encore|p1b: Sinistcha\n|-start|p1b: Sinistcha|Encore\n|move|p1a: Primarina|Hyper Voice|p2b: Glimmora|[spread] p2a,p2b\n|-supereffective|p2b: Glimmora|1\n|-damage|p2a: Sableye|49/100\n|-damage|p2b: Glimmora|9/100\n|move|p2b: Glimmora|Sludge Bomb|p1b: Sinistcha\n|-damage|p1b: Sinistcha|39/100 psn\n|\n|-damage|p1b: Sinistcha|26/100 psn|[from] psn\n|upkeep\n|turn|3\n|\n|t:|1776502542\n|move|p2b: Glimmora|Protect|p2b: Glimmora\n|-singleturn|p2b: Glimmora|Protect\n|move|p1b: Sinistcha|Rage Powder|p1b: Sinistcha\n|-singleturn|p1b: Sinistcha|move: Rage Powder\n|move|p2a: Sableye|Taunt|p1b: Sinistcha\n|-start|p1b: Sinistcha|move: Taunt\n|move|p1a: Primarina|Hyper Voice|p2a: Sableye|[spread] p2a\n|-activate|p2b: Glimmora|move: Protect\n|-damage|p2a: Sableye|0 fnt\n|faint|p2a: Sableye\n|\n|-damage|p1b: Sinistcha|14/100 psn|[from] psn\n|upkeep\n|\n|t:|1776502549\n|switch|p2a: Aggron|Aggron, L50, F|100/100\n|turn|4\n|\n|t:|1776502568\n|switch|p1b: Kangaskhan|Kangaskhan, L50, F|100/100\n|detailschange|p2a: Aggron|Aggron-Mega, L50, F\n|-mega|p2a: Aggron|Aggron|Aggronite\n|move|p2a: Aggron|Heavy Slam|p1a: Primarina\n|-damage|p1a: Primarina|38/100\n|move|p1a: Primarina|Hyper Voice|p2b: Glimmora|[spread] p2a,p2b\n|-supereffective|p2b: Glimmora|1\n|-damage|p2a: Aggron|58/100\n|-damage|p2b: Glimmora|0 fnt\n|faint|p2b: Glimmora\n|\n|upkeep\n|\n|t:|1776502576\n|switch|p2b: Azumarill|Azumarill, L50, M, shiny|100/100\n|turn|5\n|\n|t:|1776502596\n|detailschange|p1b: Kangaskhan|Kangaskhan-Mega, L50, F\n|-mega|p1b: Kangaskhan|Kangaskhan|Kangaskhanite\n|move|p1b: Kangaskhan|Fake Out|p2a: Aggron\n|-resisted|p2a: Aggron|1\n|-damage|p2a: Aggron|54/100\n|-resisted|p2a: Aggron|1\n|-damage|p2a: Aggron|53/100\n|-hitcount|p2a: Aggron|2\n|cant|p2a: Aggron|flinch\n|move|p2b: Azumarill|Play Rough|p1a: Primarina\n|-damage|p1a: Primarina|0 fnt\n|faint|p1a: Primarina\n|\n|-fieldend|move: Trick Room\n|upkeep\n|\n|t:|1776502613\n|switch|p1a: Sneasler|Sneasler, L50, F|100/100\n|turn|6\n|\n|t:|1776502622\n|move|p1a: Sneasler|Close Combat|p2a: Aggron\n|-supereffective|p2a: Aggron|1\n|-damage|p2a: Aggron|18/100\n|-unboost|p1a: Sneasler|def|1\n|-unboost|p1a: Sneasler|spd|1\n|-enditem|p1a: Sneasler|White Herb\n|-clearnegativeboost|p1a: Sneasler|[silent]\n|move|p1b: Kangaskhan|Double-Edge|p2b: Azumarill\n|-damage|p2b: Azumarill|44/100\n|-damage|p2b: Azumarill|29/100\n|-hitcount|p2b: Azumarill|2\n|-damage|p1b: Kangaskhan|80/100|[from] Recoil\n|move|p2b: Azumarill|Play Rough|p1a: Sneasler|[miss]\n|-miss|p2b: Azumarill|p1a: Sneasler\n|move|p2a: Aggron|Body Press|p1b: Kangaskhan\n|-supereffective|p1b: Kangaskhan|1\n|-damage|p1b: Kangaskhan|6/100\n|\n|upkeep\n|turn|7\n|\n|t:|1776502646\n|move|p1b: Kangaskhan|Protect|p1b: Kangaskhan\n|-singleturn|p1b: Kangaskhan|Protect\n|move|p2a: Aggron|Protect|p2a: Aggron\n|-singleturn|p2a: Aggron|Protect\n|move|p2b: Azumarill|Aqua Jet|p1b: Kangaskhan\n|-activate|p1b: Kangaskhan|move: Protect\n|move|p1a: Sneasler|Close Combat|p2a: Aggron\n|-activate|p2a: Aggron|move: Protect\n|\n|upkeep\n|turn|8\n|\n|t:|1776502666\n|move|p2a: Aggron|Protect|p2a: Aggron\n|-singleturn|p2a: Aggron|Protect\n|move|p1b: Kangaskhan|Sucker Punch|p2b: Azumarill\n|-resisted|p2b: Azumarill|1\n|-damage|p2b: Azumarill|18/100\n|-resisted|p2b: Azumarill|1\n|-damage|p2b: Azumarill|15/100\n|-hitcount|p2b: Azumarill|2\n|move|p2b: Azumarill|Aqua Jet|p1b: Kangaskhan\n|-damage|p1b: Kangaskhan|0 fnt\n|faint|p1b: Kangaskhan\n|move|p1a: Sneasler|Close Combat|p2a: Aggron\n|-activate|p2a: Aggron|move: Protect\n|\n|upkeep\n|\n|t:|1776502679\n|switch|p1b: Sinistcha|Sinistcha, L50|14/100 psn\n|turn|9\n|c|\u2606Anicredible|ggwp\n|\n|t:|1776502699\n|move|p1b: Sinistcha|Rage Powder|p1b: Sinistcha\n|-singleturn|p1b: Sinistcha|move: Rage Powder\n|move|p1a: Sneasler|Dire Claw|p2b: Azumarill\n|-supereffective|p2b: Azumarill|1\n|-damage|p2b: Azumarill|0 fnt\n|faint|p2b: Azumarill\n|move|p2a: Aggron|Heavy Slam|p1b: Sinistcha\n|-damage|p1b: Sinistcha|0 fnt\n|faint|p1b: Sinistcha\n|\n|upkeep\n|turn|10\n|\n|t:|1776502712\n|move|p1a: Sneasler|Close Combat|p2a: Aggron\n|-supereffective|p2a: Aggron|1\n|-damage|p2a: Aggron|0 fnt\n|-unboost|p1a: Sneasler|def|1\n|-unboost|p1a: Sneasler|spd|1\n|faint|p2a: Aggron\n|\n|win|Anicredible\n|raw|Anicredible's rating: 1032 &rarr; <strong>1076</strong><br />(+44 for winning)\n|raw|cranidostm's rating: 1120 &rarr; <strong>1089</strong><br />(-31 for losing)\n|l|\u2606cranidostm\n|player|p2|\n",
  "uploadtime": 1776502721,
  "views": 12,
  "formatid": "gen9championsvgc2026regma",
  "rating": 1076,
  "private": 0,
  "password": null
}