{
  "id": "gen9championsvgc2026regma-2584442439",
  "format": "[Gen 9 Champions] VGC 2026 Reg M-A",
  "players": [
    "crazyshit14",
    "JRB-Harrington"
  ],
  "log": "|j|\u2606crazyshit14\n|j|\u2606JRB-Harrington\n|t:|1776261171\n|gametype|doubles\n|player|p1|crazyshit14|1|1093\n|player|p2|JRB-Harrington|cynthia|1057\n|gen|9\n|tier|[Gen 9 Champions] VGC 2026 Reg M-A\n|rated|\n|rule|Species Clause: Limit one of each Pok\u00e9mon\n|rule|Item Clause: Limit 1 of each item\n|clearpoke\n|poke|p1|Alakazam, L50, M|\n|poke|p1|Mimikyu, L50, M|\n|poke|p1|Snorlax, L50, F|\n|poke|p1|Talonflame, L50, F|\n|poke|p1|Kingambit, L50, M|\n|poke|p1|Scizor, L50, M|\n|poke|p2|Glimmora, L50, M|\n|poke|p2|Gardevoir, L50, F|\n|poke|p2|Incineroar, L50, F|\n|poke|p2|Talonflame, L50, F|\n|poke|p2|Corviknight, L50, F|\n|poke|p2|Tyranitar, L50, F|\n|teampreview|4\n|inactive|Battle timer is ON: inactive players will automatically lose when time's up. (requested by crazyshit14)\n|inactive|JRB-Harrington has 60 seconds left.\n|\n|t:|1776261235\n|teamsize|p1|4\n|teamsize|p2|4\n|start\n|switch|p1a: Alakazam|Alakazam, L50, M|100/100\n|switch|p1b: Snorlax|Snorlax, L50, F|100/100\n|switch|p2a: Talonflame|Talonflame, L50, F|100/100\n|switch|p2b: Incineroar|Incineroar, L50, F|100/100\n|-ability|p2b: Incineroar|Intimidate|boost\n|-fail|p1a: Alakazam|unboost|Attack|[from] ability: Inner Focus|[of] p1a: Alakazam\n|-unboost|p1b: Snorlax|atk|1\n|turn|1\n|\n|t:|1776261246\n|move|p2b: Incineroar|Fake Out|p1a: Alakazam\n|-crit|p1a: Alakazam\n|-damage|p1a: Alakazam|57/100\n|move|p2a: Talonflame|Tailwind|p2a: Talonflame\n|-sidestart|p2: JRB-Harrington|move: Tailwind\n|move|p1a: Alakazam|Speed Swap|p1b: Snorlax\n|-activate|p1a: Alakazam|move: Speed Swap|[of] p1b: Snorlax\n|move|p1b: Snorlax|Belly Drum|p1b: Snorlax\n|-damage|p1b: Snorlax|50/100\n|-setboost|p1b: Snorlax|atk|6|[from] move: Belly Drum\n|-enditem|p1b: Snorlax|Sitrus Berry|[eat]\n|-heal|p1b: Snorlax|75/100|[from] item: Sitrus Berry\n|\n|upkeep\n|turn|2\n|\n|t:|1776261270\n|detailschange|p1a: Alakazam|Alakazam-Mega, L50, M\n|-mega|p1a: Alakazam|Alakazam|Alakazite\n|-ability|p1a: Alakazam|Intimidate|Trace|[from] ability: Trace|[of] p2b: Incineroar\n|-ability|p1a: Alakazam|Intimidate|boost\n|-unboost|p2a: Talonflame|atk|1\n|-unboost|p2b: Incineroar|atk|1\n|move|p1b: Snorlax|Protect|p1b: Snorlax\n|-singleturn|p1b: Snorlax|Protect\n|move|p2a: Talonflame|Flare Blitz|p1b: Snorlax\n|-activate|p1b: Snorlax|move: Protect\n|move|p1a: Alakazam|Psychic|p2a: Talonflame\n|-damage|p2a: Talonflame|13/100\n|move|p2b: Incineroar|Flare Blitz|p1b: Snorlax\n|-activate|p1b: Snorlax|move: Protect\n|\n|upkeep\n|turn|3\n|inactive|crazyshit14 has 30 seconds left.\n|inactive|crazyshit14 has 20 seconds left.\n|\n|t:|1776261310\n|move|p2a: Talonflame|Flare Blitz|p1b: Snorlax\n|-damage|p1b: Snorlax|64/100\n|-damage|p2a: Talonflame|7/100|[from] Recoil\n|move|p1a: Alakazam|Psychic|p2a: Talonflame\n|-damage|p2a: Talonflame|0 fnt\n|faint|p2a: Talonflame\n|move|p1b: Snorlax|Body Slam|p2b: Incineroar\n|-damage|p2b: Incineroar|0 fnt\n|faint|p2b: Incineroar\n|\n|upkeep\n|\n|t:|1776261320\n|switch|p2a: Corviknight|Corviknight, L50, F|100/100\n|switch|p2b: Glimmora|Glimmora, L50, M|100/100\n|turn|4\n|\n|t:|1776261329\n|detailschange|p2b: Glimmora|Glimmora-Mega, L50, M\n|-mega|p2b: Glimmora|Glimmora|Glimmoranite\n|move|p1b: Snorlax|Protect|p1b: Snorlax\n|-singleturn|p1b: Snorlax|Protect\n|move|p2b: Glimmora|Sludge Wave|p1a: Alakazam|[spread] p1a\n|-activate|p1b: Snorlax|move: Protect\n|-immune|p2a: Corviknight\n|-damage|p1a: Alakazam|0 fnt\n|faint|p1a: Alakazam\n|move|p2a: Corviknight|Body Press|p1b: Snorlax\n|-activate|p1b: Snorlax|move: Protect\n|\n|-sideend|p2: JRB-Harrington|move: Tailwind\n|upkeep\n|\n|t:|1776261344\n|switch|p1a: Talonflame|Talonflame, L50, F|100/100\n|turn|5\n|\n|t:|1776261354\n|move|p1a: Talonflame|Tailwind|p1a: Talonflame\n|-sidestart|p1: crazyshit14|move: Tailwind\n|move|p1b: Snorlax|Earthquake|p2b: Glimmora|[spread] p2b\n|-immune|p1a: Talonflame\n|-immune|p2a: Corviknight\n|-supereffective|p2b: Glimmora|2\n|-damage|p2b: Glimmora|0 fnt\n|faint|p2b: Glimmora\n|move|p2a: Corviknight|Iron Defense|p2a: Corviknight\n|-boost|p2a: Corviknight|def|2\n|\n|upkeep\n|turn|6\n|\n|t:|1776261367\n|move|p1a: Talonflame|Flare Blitz|p2a: Corviknight\n|-supereffective|p2a: Corviknight|1\n|-damage|p2a: Corviknight|65/100\n|-damage|p1a: Talonflame|88/100|[from] Recoil\n|move|p1b: Snorlax|Body Slam|p2a: Corviknight\n|-resisted|p2a: Corviknight|1\n|-damage|p2a: Corviknight|39/100\n|-status|p2a: Corviknight|par\n|move|p2a: Corviknight|Iron Defense|p2a: Corviknight\n|-boost|p2a: Corviknight|def|2\n|\n|upkeep\n|turn|7\n|-activate|p2a: Corviknight|item: Quick Claw\n|\n|t:|1776261380\n|move|p2a: Corviknight|Roost|p2a: Corviknight\n|-heal|p2a: Corviknight|90/100 par\n|-singleturn|p2a: Corviknight|move: Roost\n|move|p1a: Talonflame|Flare Blitz|p2a: Corviknight\n|-supereffective|p2a: Corviknight|1\n|-damage|p2a: Corviknight|64/100 par\n|-damage|p1a: Talonflame|78/100|[from] Recoil\n|move|p1b: Snorlax|Body Slam|p2a: Corviknight\n|-resisted|p2a: Corviknight|1\n|-damage|p2a: Corviknight|47/100 par\n|\n|upkeep\n|turn|8\n|-activate|p2a: Corviknight|item: Quick Claw\n|\n|t:|1776261398\n|move|p2a: Corviknight|Roost|p2a: Corviknight\n|-heal|p2a: Corviknight|97/100 par\n|-singleturn|p2a: Corviknight|move: Roost\n|move|p1a: Talonflame|Flare Blitz|p2a: Corviknight\n|-supereffective|p2a: Corviknight|1\n|-damage|p2a: Corviknight|72/100 par\n|-damage|p1a: Talonflame|68/100|[from] Recoil\n|move|p1b: Snorlax|Body Slam|p2a: Corviknight\n|-resisted|p2a: Corviknight|1\n|-damage|p2a: Corviknight|51/100 par\n|\n|-sideend|p1: crazyshit14|move: Tailwind\n|upkeep\n|turn|9\n|\n|t:|1776261416\n|move|p1a: Talonflame|Flare Blitz|p2a: Corviknight\n|-supereffective|p2a: Corviknight|1\n|-damage|p2a: Corviknight|27/100 par\n|-damage|p1a: Talonflame|59/100|[from] Recoil\n|move|p1b: Snorlax|Body Slam|p2a: Corviknight\n|-resisted|p2a: Corviknight|1\n|-damage|p2a: Corviknight|9/100 par\n|move|p2a: Corviknight|Iron Defense|p2a: Corviknight\n|-boost|p2a: Corviknight|def|2\n|\n|upkeep\n|turn|10\n|\n|t:|1776261429\n|move|p1a: Talonflame|Flare Blitz|p2a: Corviknight\n|-supereffective|p2a: Corviknight|1\n|-damage|p2a: Corviknight|0 fnt\n|faint|p2a: Corviknight\n|-damage|p1a: Talonflame|56/100|[from] Recoil\n|\n|win|crazyshit14\n|raw|crazyshit14's rating: 1093 &rarr; <strong>1116</strong><br />(+23 for winning)\n|raw|JRB-Harrington's rating: 1057 &rarr; <strong>1040</strong><br />(-17 for losing)\n|l|\u2606JRB-Harrington\n|player|p2|\n",
  "uploadtime": 1776261437,
  "views": 28,
  "formatid": "gen9championsvgc2026regma",
  "rating": 1040,
  "private": 0,
  "password": null
}