{
  "id": "gen9championsvgc2026regma-2583370082",
  "format": "[Gen 9 Champions] VGC 2026 Reg M-A",
  "players": [
    "campeondelfitness",
    "pavloox"
  ],
  "log": "|j|\u2606campeondelfitness\n|j|\u2606pavloox\n|t:|1776170817\n|gametype|doubles\n|player|p1|campeondelfitness|swimmer|1194\n|player|p2|pavloox|cynthia|1159\n|gen|9\n|tier|[Gen 9 Champions] VGC 2026 Reg M-A\n|rated|\n|rule|Species Clause: Limit one of each Pok\u00e9mon\n|rule|Item Clause: Limit 1 of each item\n|clearpoke\n|poke|p1|Greninja-*, L50, M|\n|poke|p1|Aerodactyl, L50, M|\n|poke|p1|Tyranitar, L50, M|\n|poke|p1|Sneasler, L50, F|\n|poke|p1|Excadrill, L50, F|\n|poke|p1|Rotom-Mow, L50|\n|poke|p2|Charizard, L50, M|\n|poke|p2|Maushold-Four, L50|\n|poke|p2|Garchomp, L50, F|\n|poke|p2|Sneasler, L50, F|\n|poke|p2|Kingambit, L50, M|\n|poke|p2|Dragapult, L50, M|\n|teampreview|4\n|inactive|Battle timer is ON: inactive players will automatically lose when time's up. (requested by pavloox)\n|inactive|campeondelfitness also wants the timer to be on.\ncampeondelfitness rejected open team sheets.\n|inactive|campeondelfitness has 60 seconds left.\n|\n|t:|1776170849\n|teamsize|p1|4\n|teamsize|p2|4\n|start\n|switch|p1a: Rotom|Rotom-Mow, L50|100/100\n|switch|p1b: Excadrill|Excadrill, L50, F|100/100\n|switch|p2a: Sneasler|Sneasler, L50, F|100/100\n|switch|p2b: Garchomp|Garchomp, L50, F|100/100\n|turn|1\n|inactive|campeondelfitness has 30 seconds left.\n|inactive|pavloox has 30 seconds left.\n|\n|t:|1776170881\n|move|p2a: Sneasler|Fake Out|p1b: Excadrill\n|-resisted|p1b: Excadrill|1\n|-damage|p1b: Excadrill|90/100\n|move|p2b: Garchomp|Stomping Tantrum|p1b: Excadrill\n|-supereffective|p1b: Excadrill|1\n|-damage|p1b: Excadrill|0 fnt\n|faint|p1b: Excadrill\n|move|p1a: Rotom|Leaf Storm|p2b: Garchomp\n|-damage|p2b: Garchomp|38/100\n|-unboost|p1a: Rotom|spa|2\n|\n|upkeep\n|\n|t:|1776170893\n|switch|p1b: Aerodactyl|Aerodactyl, L50, M|100/100\n|turn|2\n|\n|t:|1776170909\n|switch|p2b: Kingambit|Kingambit, L50, M|100/100\n|detailschange|p1b: Aerodactyl|Aerodactyl-Mega, L50, M\n|-mega|p1b: Aerodactyl|Aerodactyl|Aerodactylite\n|move|p1a: Rotom|Leaf Storm|p2b: Kingambit\n|-resisted|p2b: Kingambit|1\n|-damage|p2b: Kingambit|87/100\n|-unboost|p1a: Rotom|spa|2\n|move|p1b: Aerodactyl|Dual Wingbeat|p2a: Sneasler\n|-supereffective|p2a: Sneasler|1\n|-damage|p2a: Sneasler|24/100\n|-supereffective|p2a: Sneasler|1\n|-damage|p2a: Sneasler|0 fnt\n|faint|p2a: Sneasler\n|-hitcount|p2: Sneasler|2\n|\n|upkeep\n|\n|t:|1776170922\n|switch|p2a: Garchomp|Garchomp, L50, F|38/100\n|turn|3\n|\n|t:|1776170941\n|switch|p1a: Tyranitar|Tyranitar, L50, M|100/100\n|-weather|Sandstorm|[from] ability: Sand Stream|[of] p1a: Tyranitar\n|move|p1b: Aerodactyl|Protect|p1b: Aerodactyl\n|-singleturn|p1b: Aerodactyl|Protect\n|move|p2a: Garchomp|Stone Edge|p1b: Aerodactyl\n|-activate|p1b: Aerodactyl|move: Protect\n|move|p2b: Kingambit|Iron Head|p1b: Aerodactyl\n|-activate|p1b: Aerodactyl|move: Protect\n|\n|-weather|Sandstorm|[upkeep]\n|upkeep\n|turn|4\n|inactive|campeondelfitness has 30 seconds left.\n|inactive|campeondelfitness has 20 seconds left.\n|\n|t:|1776170979\n|switch|p2a: Charizard|Charizard, L50, M, shiny|100/100\n|move|p1b: Aerodactyl|Dual Wingbeat|p2a: Charizard\n|-damage|p2a: Charizard|74/100\n|-crit|p2a: Charizard\n|-damage|p2a: Charizard|29/100\n|-hitcount|p2a: Charizard|2\n|move|p1a: Tyranitar|Thunder Wave|p2b: Kingambit\n|-status|p2b: Kingambit|par\n|move|p2b: Kingambit|Iron Head|p1b: Aerodactyl\n|-supereffective|p1b: Aerodactyl|1\n|-damage|p1b: Aerodactyl|18/100\n|\n|-weather|Sandstorm|[upkeep]\n|-damage|p2a: Charizard|23/100|[from] Sandstorm\n|upkeep\n|turn|5\n|\n|t:|1776171004\n|detailschange|p2a: Charizard|Charizard-Mega-Y, L50, M, shiny\n|-mega|p2a: Charizard|Charizard|Charizardite Y\n|-weather|SunnyDay|[from] ability: Drought|[of] p2a: Charizard\n|move|p1b: Aerodactyl|Protect|p1b: Aerodactyl\n|-singleturn|p1b: Aerodactyl|Protect\n|move|p2a: Charizard|Protect|p2a: Charizard\n|-singleturn|p2a: Charizard|Protect\n|move|p1a: Tyranitar|Knock Off|p2a: Charizard\n|-activate|p2a: Charizard|move: Protect\n|move|p2b: Kingambit|Iron Head|p1b: Aerodactyl\n|-activate|p1b: Aerodactyl|move: Protect\n|\n|-weather|SunnyDay|[upkeep]\n|upkeep\n|turn|6\n|\n|t:|1776171020\n|cant|p2b: Kingambit|par\n|move|p1b: Aerodactyl|Rock Slide|p2b: Kingambit|[spread] p2b\n|-miss|p1b: Aerodactyl|p2a: Charizard\n|-resisted|p2b: Kingambit|1\n|-damage|p2b: Kingambit|78/100 par\n|move|p2a: Charizard|Heat Wave|p1b: Aerodactyl|[spread] p1a,p1b\n|-resisted|p1a: Tyranitar|1\n|-resisted|p1b: Aerodactyl|1\n|-damage|p1a: Tyranitar|68/100\n|-damage|p1b: Aerodactyl|0 fnt\n|faint|p1b: Aerodactyl\n|move|p1a: Tyranitar|Knock Off|p2b: Kingambit\n|-resisted|p2b: Kingambit|1\n|-damage|p2b: Kingambit|58/100 par\n|-enditem|p2b: Kingambit|Black Glasses|[from] move: Knock Off|[of] p1a: Tyranitar\n|\n|-weather|SunnyDay|[upkeep]\n|upkeep\n|\n|t:|1776171034\n|switch|p1b: Rotom|Rotom-Mow, L50|100/100\n|turn|7\n|\n|t:|1776171056\n|move|p2a: Charizard|Protect|p2a: Charizard\n|-singleturn|p2a: Charizard|Protect\n|move|p1b: Rotom|Thunderbolt|p2a: Charizard\n|-activate|p2a: Charizard|move: Protect\n|move|p1a: Tyranitar|Knock Off|p2b: Kingambit\n|-resisted|p2b: Kingambit|1\n|-damage|p2b: Kingambit|43/100 par\n|move|p2b: Kingambit|Iron Head|p1a: Tyranitar\n|-supereffective|p1a: Tyranitar|1\n|-damage|p1a: Tyranitar|3/100\n|\n|-weather|SunnyDay|[upkeep]\n|upkeep\n|turn|8\n|\n|t:|1776171073\n|move|p2b: Kingambit|Sucker Punch|p1b: Rotom\n|-damage|p1b: Rotom|48/100\n|move|p1b: Rotom|Thunderbolt|p2a: Charizard\n|-supereffective|p2a: Charizard|1\n|-damage|p2a: Charizard|0 fnt\n|faint|p2a: Charizard\n|move|p1a: Tyranitar|Knock Off|p2b: Kingambit\n|-resisted|p2b: Kingambit|1\n|-damage|p2b: Kingambit|29/100 par\n|\n|-weather|SunnyDay|[upkeep]\n|upkeep\n|\n|t:|1776171081\n|switch|p2a: Garchomp|Garchomp, L50, F|38/100\n|turn|9\n|\n|t:|1776171092\n|move|p2a: Garchomp|Dragon Claw|p1b: Rotom\n|-damage|p1b: Rotom|0 fnt\n|faint|p1b: Rotom\n|move|p1a: Tyranitar|Knock Off|p2a: Garchomp\n|-damage|p2a: Garchomp|0 fnt\n|-damage|p1a: Tyranitar|0 fnt|[from] ability: Rough Skin|[of] p2a: Garchomp\n|-enditem|p2a: Garchomp|Choice Scarf|[from] move: Knock Off|[of] p1a: Tyranitar\n|faint|p2a: Garchomp\n|faint|p1a: Tyranitar\n|\n|win|pavloox\n|raw|campeondelfitness's rating: 1194 &rarr; <strong>1166</strong><br />(-28 for losing)\n|raw|pavloox's rating: 1159 &rarr; <strong>1187</strong><br />(+28 for winning)\n",
  "uploadtime": 1776171101,
  "views": 20,
  "formatid": "gen9championsvgc2026regma",
  "rating": 1166,
  "private": 0,
  "password": null
}