{
  "id": "gen9championsvgc2026regma-2584678360",
  "format": "[Gen 9 Champions] VGC 2026 Reg M-A",
  "players": [
    "hfuuy",
    "maskedwolf56"
  ],
  "log": "|j|\u2606hfuuy\n|j|\u2606maskedwolf56\n|t:|1776276242\n|gametype|doubles\n|player|p1|hfuuy|102|1226\n|player|p2|maskedwolf56|giovanni|1229\n|gen|9\n|tier|[Gen 9 Champions] VGC 2026 Reg M-A\n|rated|\n|rule|Species Clause: Limit one of each Pok\u00e9mon\n|rule|Item Clause: Limit 1 of each item\n|clearpoke\n|poke|p1|Bellibolt, L50, F|\n|poke|p1|Froslass, L50, F|\n|poke|p1|Kingambit, L50, M|\n|poke|p1|Ninetales-Alola, L50, F|\n|poke|p1|Arcanine-Hisui, L50, F|\n|poke|p1|Kommo-o, L50, M|\n|poke|p2|Sneasler, L50, M|\n|poke|p2|Tyranitar, L50, M|\n|poke|p2|Rotom-Wash, L50|\n|poke|p2|Aerodactyl, L50, M|\n|poke|p2|Garchomp, L50, F|\n|poke|p2|Sinistcha-Masterpiece, L50|\n|teampreview|4\n|inactive|Battle timer is ON: inactive players will automatically lose when time's up. (requested by maskedwolf56)\nmaskedwolf56 rejected open team sheets.\n|\n|t:|1776276268\n|teamsize|p1|4\n|teamsize|p2|4\n|start\n|switch|p1a: Froslass|Froslass, L50, F|100/100\n|switch|p1b: Ninetales|Ninetales-Alola, L50, F|100/100\n|switch|p2a: Tyranitar|Tyranitar, L50, M|100/100\n|switch|p2b: Rotom|Rotom-Wash, L50|100/100\n|-ability|p2a: Tyranitar|Unnerve\n|-weather|Snowscape|[from] ability: Snow Warning|[of] p1b: Ninetales\n|turn|1\n|inactive|maskedwolf56 has 30 seconds left.\n|inactive|maskedwolf56 has 20 seconds left.\n|\n|t:|1776276304\n|switch|p1b: Bellibolt|Bellibolt, L50, F|100/100\n|detailschange|p1a: Froslass|Froslass-Mega, L50, F\n|-mega|p1a: Froslass|Froslass|Froslassite\n|move|p2a: Tyranitar|Protect|p2a: Tyranitar\n|-singleturn|p2a: Tyranitar|Protect\n|move|p1a: Froslass|Aurora Veil|p1a: Froslass\n|-sidestart|p1: hfuuy|move: Aurora Veil\n|move|p2b: Rotom|Electroweb|p1a: Froslass|[spread] p1a,p1b\n|-resisted|p1b: Bellibolt|1\n|-damage|p1a: Froslass|84/100\n|-damage|p1b: Bellibolt|94/100\n|-unboost|p1a: Froslass|spe|1\n|-unboost|p1b: Bellibolt|spe|1\n|-start|p1b: Bellibolt|Charge|Electroweb|[from] ability: Electromorphosis\n|\n|-weather|Snowscape|[upkeep]\n|upkeep\n|turn|2\n|inactive|maskedwolf56 has 30 seconds left.\n|\n|t:|1776276334\n|detailschange|p2a: Tyranitar|Tyranitar-Mega, L50, M\n|-mega|p2a: Tyranitar|Tyranitar|Tyranitarite\n|-weather|Sandstorm|[from] ability: Sand Stream|[of] p2a: Tyranitar\n|move|p2b: Rotom|Electroweb|p1a: Froslass|[spread] p1a,p1b\n|-resisted|p1b: Bellibolt|1\n|-damage|p1a: Froslass|67/100\n|-damage|p1b: Bellibolt|86/100\n|-unboost|p1a: Froslass|spe|1\n|-unboost|p1b: Bellibolt|spe|1\n|-start|p1b: Bellibolt|Charge|Electroweb|[from] ability: Electromorphosis\n|move|p1a: Froslass|Blizzard|p2b: Rotom|[spread] p2b\n|-miss|p1a: Froslass|p2a: Tyranitar\n|-resisted|p2b: Rotom|1\n|-damage|p2b: Rotom|71/100\n|move|p2a: Tyranitar|High Horsepower|p1b: Bellibolt\n|-supereffective|p1b: Bellibolt|1\n|-damage|p1b: Bellibolt|38/100\n|-start|p1b: Bellibolt|Charge|High Horsepower|[from] ability: Electromorphosis\n|-enditem|p1b: Bellibolt|Sitrus Berry|[eat]\n|-heal|p1b: Bellibolt|63/100|[from] item: Sitrus Berry\n|move|p1b: Bellibolt|Thunderbolt|p2a: Tyranitar\n|-damage|p2a: Tyranitar|62/100\n|-status|p2a: Tyranitar|par\n|-end|p1b: Bellibolt|Charge|[silent]\n|\n|-weather|Sandstorm|[upkeep]\n|-damage|p2b: Rotom|65/100|[from] Sandstorm\n|-damage|p1a: Froslass|61/100|[from] Sandstorm\n|-damage|p1b: Bellibolt|57/100|[from] Sandstorm\n|upkeep\n|turn|3\n|inactive|hfuuy has 30 seconds left.\n|inactive|maskedwolf56 has 30 seconds left.\n|\n|t:|1776276364\n|switch|p1a: Ninetales|Ninetales-Alola, L50, F|100/100\n|-weather|Snowscape|[from] ability: Snow Warning|[of] p1a: Ninetales\n|move|p2b: Rotom|Electroweb|p1b: Bellibolt|[spread] p1a,p1b\n|-resisted|p1b: Bellibolt|1\n|-crit|p1b: Bellibolt\n|-damage|p1a: Ninetales|82/100\n|-damage|p1b: Bellibolt|40/100\n|-unboost|p1a: Ninetales|spe|1\n|-unboost|p1b: Bellibolt|spe|1\n|-start|p1b: Bellibolt|Charge|Electroweb|[from] ability: Electromorphosis\n|move|p2a: Tyranitar|Knock Off|p1a: Ninetales\n|-resisted|p1a: Ninetales|1\n|-damage|p1a: Ninetales|62/100\n|-enditem|p1a: Ninetales|Focus Sash|[from] move: Knock Off|[of] p2a: Tyranitar\n|move|p1b: Bellibolt|Muddy Water|p2a: Tyranitar|[spread] p2a\n|-miss|p1b: Bellibolt|p2b: Rotom\n|-supereffective|p2a: Tyranitar|1\n|-damage|p2a: Tyranitar|32/100 par\n|\n|-weather|Snowscape|[upkeep]\n|upkeep\n|turn|4\n|inactive|maskedwolf56 has 30 seconds left.\n|\n|t:|1776276390\n|switch|p2a: Garchomp|Garchomp, L50, F|100/100\n|move|p2b: Rotom|Discharge|p1a: Ninetales|[spread] p1a,p1b\n|-immune|p2a: Garchomp\n|-resisted|p1b: Bellibolt|1\n|-damage|p1a: Ninetales|36/100\n|-damage|p1b: Bellibolt|31/100\n|-start|p1b: Bellibolt|Charge|Discharge|[from] ability: Electromorphosis\n|move|p1a: Ninetales|Blizzard|p2a: Garchomp|[spread] p2a,p2b\n|-supereffective|p2a: Garchomp|2\n|-resisted|p2b: Rotom|1\n|-damage|p2a: Garchomp|0 fnt\n|-damage|p2b: Rotom|44/100\n|faint|p2a: Garchomp\n|move|p1b: Bellibolt|Slack Off|p1b: Bellibolt\n|-heal|p1b: Bellibolt|81/100\n|\n|-weather|Snowscape|[upkeep]\n|upkeep\n|\n|t:|1776276404\n|switch|p2a: Sneasler|Sneasler, L50, M|100/100\n|turn|5\n|\n|t:|1776276424\n|switch|p1a: Arcanine|Arcanine-Hisui, L50, F|100/100\n|-ability|p1a: Arcanine|Intimidate|boost\n|-unboost|p2a: Sneasler|atk|1\n|-unboost|p2b: Rotom|atk|1\n|-enditem|p2a: Sneasler|White Herb\n|-clearnegativeboost|p2a: Sneasler|[silent]\n|move|p2a: Sneasler|Fake Out|p1b: Bellibolt\n|-damage|p1b: Bellibolt|70/100\n|-start|p1b: Bellibolt|Charge|Fake Out|[from] ability: Electromorphosis\n|move|p2b: Rotom|Electroweb|p1a: Arcanine|[spread] p1a\n|-miss|p2b: Rotom|p1b: Bellibolt\n|-damage|p1a: Arcanine|82/100\n|-unboost|p1a: Arcanine|spe|1\n|cant|p1b: Bellibolt|flinch\n|-end|p1b: Bellibolt|Charge|[silent]\n|\n|-weather|Snowscape|[upkeep]\n|-sideend|p1: hfuuy|move: Aurora Veil\n|upkeep\n|turn|6\n|inactive|maskedwolf56 has 30 seconds left.\n|\n|t:|1776276455\n|move|p1a: Arcanine|Protect|p1a: Arcanine\n|-singleturn|p1a: Arcanine|Protect\n|move|p2a: Sneasler|Rock Slide|p1a: Arcanine|[spread] p1b\n|-activate|p1a: Arcanine|move: Protect\n|-damage|p1b: Bellibolt|52/100\n|-start|p1b: Bellibolt|Charge|Rock Slide|[from] ability: Electromorphosis\n|move|p2b: Rotom|Electroweb|p1b: Bellibolt|[spread] p1b\n|-activate|p1a: Arcanine|move: Protect\n|-resisted|p1b: Bellibolt|1\n|-damage|p1b: Bellibolt|43/100\n|-unboost|p1b: Bellibolt|spe|1\n|-start|p1b: Bellibolt|Charge|Electroweb|[from] ability: Electromorphosis\n|cant|p1b: Bellibolt|flinch\n|-end|p1b: Bellibolt|Charge|[silent]\n|\n|-weather|Snowscape|[upkeep]\n|upkeep\n|turn|7\n|inactive|hfuuy has 30 seconds left.\n|inactive|hfuuy has 20 seconds left.\n|\n|t:|1776276492\n|move|p1b: Bellibolt|Protect|p1b: Bellibolt\n|-singleturn|p1b: Bellibolt|Protect\n|move|p1a: Arcanine|Extreme Speed|p2a: Sneasler\n|-damage|p2a: Sneasler|58/100\n|move|p2a: Sneasler|Rock Slide|p1b: Bellibolt|[spread] p1a\n|-activate|p1b: Bellibolt|move: Protect\n|-supereffective|p1a: Arcanine|1\n|-damage|p1a: Arcanine|23/100\n|move|p2b: Rotom|Electroweb|p1a: Arcanine|[spread] p1a\n|-activate|p1b: Bellibolt|move: Protect\n|-damage|p1a: Arcanine|0 fnt\n|faint|p1a: Arcanine\n|\n|-weather|none\n|upkeep\n|\n|t:|1776276512\n|switch|p1a: Froslass|Froslass-Mega, L50, F|61/100\n|-weather|Snowscape|[from] ability: Snow Warning|[of] p1a: Froslass\n|turn|8\n|\n|t:|1776276518\n|move|p2a: Sneasler|Rock Slide|p1a: Froslass|[spread] p1a,p1b\n|-supereffective|p1a: Froslass|1\n|-damage|p1a: Froslass|15/100\n|-damage|p1b: Bellibolt|24/100\n|-start|p1b: Bellibolt|Charge|Rock Slide|[from] ability: Electromorphosis\n|move|p1a: Froslass|Aurora Veil|p1a: Froslass\n|-sidestart|p1: hfuuy|move: Aurora Veil\n|move|p2b: Rotom|Electroweb|p1b: Bellibolt|[spread] p1a,p1b\n|-resisted|p1b: Bellibolt|1\n|-damage|p1a: Froslass|0 fnt\n|-damage|p1b: Bellibolt|16/100\n|-unboost|p1b: Bellibolt|spe|1\n|-start|p1b: Bellibolt|Charge|Electroweb|[from] ability: Electromorphosis\n|faint|p1a: Froslass\n|move|p1b: Bellibolt|Slack Off|p1b: Bellibolt\n|-heal|p1b: Bellibolt|66/100\n|\n|-weather|Snowscape|[upkeep]\n|upkeep\n|\n|t:|1776276533\n|switch|p1a: Ninetales|Ninetales-Alola, L50, F|36/100\n|turn|9\n|\n|t:|1776276545\n|move|p1a: Ninetales|Protect|p1a: Ninetales\n|-singleturn|p1a: Ninetales|Protect\n|move|p2a: Sneasler|Rock Slide|p1b: Bellibolt|[spread] p1b\n|-activate|p1a: Ninetales|move: Protect\n|-damage|p1b: Bellibolt|54/100\n|-start|p1b: Bellibolt|Charge|Rock Slide|[from] ability: Electromorphosis\n|move|p2b: Rotom|Electroweb|p1a: Ninetales|[spread] p1b\n|-activate|p1a: Ninetales|move: Protect\n|-resisted|p1b: Bellibolt|1\n|-crit|p1b: Bellibolt\n|-damage|p1b: Bellibolt|38/100\n|-unboost|p1b: Bellibolt|spe|1\n|-start|p1b: Bellibolt|Charge|Electroweb|[from] ability: Electromorphosis\n|move|p1b: Bellibolt|Thunderbolt|p2a: Sneasler\n|-damage|p2a: Sneasler|0 fnt\n|faint|p2a: Sneasler\n|-end|p1b: Bellibolt|Charge|[silent]\n|\n|-weather|Snowscape|[upkeep]\n|upkeep\n|\n|t:|1776276555\n|switch|p2a: Tyranitar|Tyranitar-Mega, L50, M|32/100 par\n|-weather|Sandstorm|[from] ability: Sand Stream|[of] p2a: Tyranitar\n|turn|10\n|\n|t:|1776276569\n|move|p1a: Ninetales|Disable|p2b: Rotom\n|-start|p2b: Rotom|Disable|Electroweb\n|cant|p2b: Rotom|Disable|Electroweb\n|move|p2a: Tyranitar|High Horsepower|p1b: Bellibolt\n|-supereffective|p1b: Bellibolt|1\n|-damage|p1b: Bellibolt|0 fnt\n|faint|p1b: Bellibolt\n|\n|-weather|Sandstorm|[upkeep]\n|-damage|p1a: Ninetales|30/100|[from] Sandstorm\n|-damage|p2b: Rotom|38/100|[from] Sandstorm\n|upkeep\n|turn|11\n|\n|t:|1776276586\n|move|p1a: Ninetales|Disable|p2a: Tyranitar\n|-start|p2a: Tyranitar|Disable|High Horsepower\n|move|p2b: Rotom|Hydro Pump|p1a: Ninetales|[miss]\n|-miss|p2b: Rotom|p1a: Ninetales\n|move|p2a: Tyranitar|Rock Slide|p1a: Ninetales\n|-supereffective|p1a: Ninetales|1\n|-damage|p1a: Ninetales|0 fnt\n|faint|p1a: Ninetales\n|\n|win|maskedwolf56\n|raw|hfuuy's rating: 1226 &rarr; <strong>1201</strong><br />(-25 for losing)\n|raw|maskedwolf56's rating: 1229 &rarr; <strong>1254</strong><br />(+25 for winning)\n|l|\u2606hfuuy\n|player|p1|\n",
  "uploadtime": 1776276602,
  "views": 21,
  "formatid": "gen9championsvgc2026regma",
  "rating": 1201,
  "private": 0,
  "password": null
}