{
  "id": "gen9championsvgc2026regma-2586117458",
  "format": "[Gen 9 Champions] VGC 2026 Reg M-A",
  "players": [
    "chrisp428",
    "gouhaos"
  ],
  "log": "|j|\u2606chrisp428\n|j|\u2606gouhaos\n|t:|1776401070\n|gametype|doubles\n|player|p1|chrisp428|yellow|1036\n|player|p2|gouhaos|wallace|1000\n|gen|9\n|tier|[Gen 9 Champions] VGC 2026 Reg M-A\n|rated|\n|rule|Species Clause: Limit one of each Pok\u00e9mon\n|rule|Item Clause: Limit 1 of each item\n|clearpoke\n|poke|p1|Glimmora, L50, F|\n|poke|p1|Kingambit, L50, M|\n|poke|p1|Ninetales-Alola, L50, F|\n|poke|p1|Farigiraf, L50, F|\n|poke|p1|Crabominable, L50, M|\n|poke|p1|Whimsicott, L50, F|\n|poke|p2|Aerodactyl, L50, M|\n|poke|p2|Floette-Eternal, L50, F|\n|poke|p2|Incineroar, L50, M|\n|poke|p2|Maushold, L50|\n|poke|p2|Whimsicott, L50, F|\n|poke|p2|Kingambit, L50, M|\n|teampreview|4\n|inactive|Battle timer is ON: inactive players will automatically lose when time's up. (requested by gouhaos)\n|inactive|chrisp428 has 60 seconds left.\n|\n|t:|1776401126\n|teamsize|p1|4\n|teamsize|p2|4\n|start\n|switch|p1a: Farigiraf|Farigiraf, L50, F|100/100\n|switch|p1b: Ninetales|Ninetales-Alola, L50, F|100/100\n|switch|p2a: Floette|Floette-Eternal, L50, F|100/100\n|switch|p2b: Maushold|Maushold, L50, shiny|100/100\n|-weather|Snowscape|[from] ability: Snow Warning|[of] p1b: Ninetales\n|turn|1\n|\n|t:|1776401149\n|detailschange|p2a: Floette|Floette-Mega, L50, F\n|-mega|p2a: Floette|Floette|Floettite\n|-ability|p2a: Floette|Fairy Aura\n|move|p1b: Ninetales|Aurora Veil|p1b: Ninetales\n|-sidestart|p1: chrisp428|move: Aurora Veil\n|move|p2a: Floette|Calm Mind|p2a: Floette\n|-boost|p2a: Floette|spa|1\n|-boost|p2a: Floette|spd|1\n|move|p2b: Maushold|Taunt|p1a: Farigiraf\n|-start|p1a: Farigiraf|move: Taunt\n|cant|p1a: Farigiraf|move: Taunt|Trick Room\n|\n|-weather|Snowscape|[upkeep]\n|upkeep\n|turn|2\n|inactive|chrisp428 has 30 seconds left.\n|inactive|chrisp428 has 20 seconds left.\n|inactive|chrisp428 has 15 seconds left.\n|\n|t:|1776401191\n|move|p1b: Ninetales|Encore|p2a: Floette\n|-start|p2a: Floette|Encore\n|move|p2a: Floette|Calm Mind|p2a: Floette\n|-boost|p2a: Floette|spa|1\n|-boost|p2a: Floette|spd|1\n|move|p2b: Maushold|Super Fang|p1a: Farigiraf\n|-damage|p1a: Farigiraf|51/100\n|move|p1a: Farigiraf|Psychic|p2b: Maushold\n|-damage|p2b: Maushold|64/100\n|\n|-weather|Snowscape|[upkeep]\n|upkeep\n|turn|3\n|\n|t:|1776401215\n|switch|p2b: Kingambit|Kingambit, L50, M, shiny|100/100\n|switch|p1a: Crabominable|Crabominable, L50, M|100/100\n|move|p1b: Ninetales|Blizzard|p2a: Floette|[spread] p2a,p2b\n|-resisted|p2b: Kingambit|1\n|-damage|p2a: Floette|89/100\n|-damage|p2b: Kingambit|86/100\n|move|p2a: Floette|Calm Mind|p2a: Floette\n|-boost|p2a: Floette|spa|1\n|-boost|p2a: Floette|spd|1\n|\n|-weather|Snowscape|[upkeep]\n|upkeep\n|turn|4\n|\n|t:|1776401237\n|detailschange|p1a: Crabominable|Crabominable-Mega, L50, M\n|-mega|p1a: Crabominable|Crabominable|Crabominite\n|move|p1a: Crabominable|Mach Punch|p2b: Kingambit\n|-supereffective|p2b: Kingambit|2\n|-damage|p2b: Kingambit|0 fnt\n|faint|p2b: Kingambit\n|move|p1b: Ninetales|Blizzard|p2a: Floette\n|-damage|p2a: Floette|77/100\n|move|p2a: Floette|Calm Mind|p2a: Floette\n|-boost|p2a: Floette|spa|1\n|-boost|p2a: Floette|spd|1\n|\n|-weather|Snowscape|[upkeep]\n|-end|p2a: Floette|Encore\n|upkeep\n|\n|t:|1776401251\n|switch|p2b: Maushold|Maushold, L50, shiny|64/100\n|turn|5\n|\n|t:|1776401258\n|move|p2b: Maushold|Follow Me|p2b: Maushold\n|-singleturn|p2b: Maushold|move: Follow Me\n|move|p1a: Crabominable|Mach Punch|p2b: Maushold\n|-supereffective|p2b: Maushold|1\n|-damage|p2b: Maushold|0 fnt\n|faint|p2b: Maushold\n|move|p1b: Ninetales|Encore|p2a: Floette\n|-start|p2a: Floette|Encore\n|move|p2a: Floette|Calm Mind|p2a: Floette\n|-boost|p2a: Floette|spa|1\n|-boost|p2a: Floette|spd|1\n|\n|-weather|none\n|-sideend|p1: chrisp428|move: Aurora Veil\n|upkeep\n|\n|t:|1776401270\n|switch|p2b: Incineroar|Incineroar, L50, M, shiny|100/100\n|-ability|p2b: Incineroar|Intimidate|boost\n|-unboost|p1a: Crabominable|atk|1\n|-unboost|p1b: Ninetales|atk|1\n|turn|6\n|\n|t:|1776401290\n|move|p2b: Incineroar|Fake Out|p1a: Crabominable\n|-damage|p1a: Crabominable|93/100\n|move|p1b: Ninetales|Moonblast|p2b: Incineroar\n|-damage|p2b: Incineroar|61/100\n|move|p2a: Floette|Calm Mind|p2a: Floette\n|-boost|p2a: Floette|spa|1\n|-boost|p2a: Floette|spd|1\n|cant|p1a: Crabominable|flinch\n|\n|-heal|p2b: Incineroar|67/100|[from] item: Leftovers\n|upkeep\n|turn|7\n|\n|t:|1776401305\n|move|p1b: Ninetales|Moonblast|p2b: Incineroar\n|-damage|p2b: Incineroar|29/100\n|move|p2a: Floette|Calm Mind|p2a: Floette\n|-boost|p2a: Floette|spa|0\n|-boost|p2a: Floette|spd|0\n|move|p2b: Incineroar|Flare Blitz|p1b: Ninetales\n|-supereffective|p1b: Ninetales|1\n|-enditem|p1b: Ninetales|Focus Sash\n|-damage|p1b: Ninetales|1/100\n|-status|p1b: Ninetales|brn\n|-damage|p2b: Incineroar|4/100|[from] Recoil\n|move|p1a: Crabominable|Drain Punch|p2b: Incineroar\n|-supereffective|p2b: Incineroar|1\n|-damage|p2b: Incineroar|0 fnt\n|-heal|p1a: Crabominable|95/100|[from] drain|[of] p2b: Incineroar\n|faint|p2b: Incineroar\n|\n|-damage|p1b: Ninetales|0 fnt|[from] brn\n|faint|p1b: Ninetales\n|-end|p2a: Floette|Encore\n|upkeep\n|inactive|chrisp428 has 30 seconds left.\n|inactive|chrisp428 has 20 seconds left.\n|\n|t:|1776401343\n|switch|p1b: Farigiraf|Farigiraf, L50, F|51/100\n|turn|8\n|\n|t:|1776401350\n|move|p1a: Crabominable|Protect|p1a: Crabominable\n|-singleturn|p1a: Crabominable|Protect\n|move|p2a: Floette|Dazzling Gleam|p1b: Farigiraf|[spread] p1b\n|-activate|p1a: Crabominable|move: Protect\n|-damage|p1b: Farigiraf|0 fnt\n|faint|p1b: Farigiraf\n|\n|upkeep\n|\n|t:|1776401355\n|switch|p1b: Kingambit|Kingambit, L50, M|100/100\n|turn|9\n|\n|t:|1776401367\n|move|p2a: Floette|Dazzling Gleam|p1a: Crabominable|[spread] p1a,p1b\n|-supereffective|p1a: Crabominable|1\n|-damage|p1a: Crabominable|0 fnt\n|-damage|p1b: Kingambit|0 fnt\n|faint|p1a: Crabominable\n|faint|p1b: Kingambit\n|\n|win|gouhaos\n|raw|chrisp428's rating: 1036 &rarr; <strong>1019</strong><br />(-17 for losing)\n|raw|gouhaos's rating: 1000 &rarr; <strong>1044</strong><br />(+44 for winning)\n",
  "uploadtime": 1776401370,
  "views": 31,
  "formatid": "gen9championsvgc2026regma",
  "rating": 1019,
  "private": 0,
  "password": null
}