{
  "id": "gen9championsvgc2026regma-2585837413",
  "format": "[Gen 9 Champions] VGC 2026 Reg M-A",
  "players": [
    "hue1hue2hue3",
    "yuriimon"
  ],
  "log": "|j|\u2606hue1hue2hue3\n|j|\u2606yuriimon\n|t:|1776374395\n|gametype|doubles\n|player|p1|hue1hue2hue3|169|1183\n|player|p2|yuriimon|waitress-gen4|1145\n|gen|9\n|tier|[Gen 9 Champions] VGC 2026 Reg M-A\n|rated|\n|rule|Species Clause: Limit one of each Pok\u00e9mon\n|rule|Item Clause: Limit 1 of each item\n|clearpoke\n|poke|p1|Charizard, L50, F|\n|poke|p1|Venusaur, L50, F|\n|poke|p1|Garchomp, L50, M|\n|poke|p1|Incineroar, L50, M|\n|poke|p1|Gardevoir, L50, F|\n|poke|p1|Milotic, L50, F|\n|poke|p2|Glimmora, L50, F|\n|poke|p2|Incineroar, L50, M|\n|poke|p2|Politoed, L50, M|\n|poke|p2|Basculegion, L50, M|\n|poke|p2|Chesnaught, L50, F|\n|poke|p2|Dragapult, L50, F|\n|teampreview|4\n|inactive|Battle timer is ON: inactive players will automatically lose when time's up. (requested by yuriimon)\n|inactive|hue1hue2hue3 has 60 seconds left.\n|inactive|yuriimon has 60 seconds left.\n|\n|t:|1776374450\n|teamsize|p1|4\n|teamsize|p2|4\n|start\n|switch|p1a: Milotic|Milotic, L50, F|100/100\n|switch|p1b: Incineroar|Incineroar, L50, M|100/100\n|switch|p2a: Dragapult|Dragapult, L50, F|100/100\n|switch|p2b: Politoed|Politoed, L50, M|100/100\n|-weather|RainDance|[from] ability: Drizzle|[of] p2b: Politoed\n|-ability|p1b: Incineroar|Intimidate|boost\n|-fail|p2a: Dragapult|unboost|[from] ability: Clear Body|[of] p2a: Dragapult\n|-unboost|p2b: Politoed|atk|1\n|turn|1\n|inactive|hue1hue2hue3 has 30 seconds left.\n|\n|t:|1776374480\n|move|p2b: Politoed|Helping Hand|p2a: Dragapult\n|-singleturn|p2a: Dragapult|Helping Hand|[of] p2b: Politoed\n|move|p1b: Incineroar|Fake Out|p2b: Politoed\n|-damage|p2b: Politoed|87/100\n|move|p2a: Dragapult|Thunder|p1a: Milotic\n|-supereffective|p1a: Milotic|1\n|-damage|p1a: Milotic|3/100\n|move|p1a: Milotic|Ice Beam|p2a: Dragapult\n|-supereffective|p2a: Dragapult|1\n|-damage|p2a: Dragapult|21/100\n|-status|p2a: Dragapult|frz\n|\n|-weather|RainDance|[upkeep]\n|-heal|p1a: Milotic|9/100|[from] item: Leftovers\n|upkeep\n|turn|2\n|inactive|hue1hue2hue3 has 30 seconds left.\n|\n|t:|1776374510\n|move|p1b: Incineroar|Helping Hand|p1a: Milotic\n|-singleturn|p1a: Milotic|Helping Hand|[of] p1b: Incineroar\n|cant|p2a: Dragapult|frz\n|move|p1a: Milotic|Life Dew||[still]|[spread] p1a,p1b\n|-heal|p1a: Milotic|34/100\n|-fail|p1b: Incineroar|heal\n|move|p2b: Politoed|Weather Ball|p1b: Incineroar\n|-supereffective|p1b: Incineroar|1\n|-damage|p1b: Incineroar|2/100\n|-enditem|p1b: Incineroar|Sitrus Berry|[eat]\n|-heal|p1b: Incineroar|27/100|[from] item: Sitrus Berry\n|\n|-weather|RainDance|[upkeep]\n|-heal|p1a: Milotic|40/100|[from] item: Leftovers\n|upkeep\n|turn|3\n|inactive|hue1hue2hue3 has 30 seconds left.\n|\n|t:|1776374545\n|cant|p2a: Dragapult|frz\n|move|p1a: Milotic|Ice Beam|p2a: Dragapult\n|-supereffective|p2a: Dragapult|1\n|-damage|p2a: Dragapult|0 fnt\n|faint|p2a: Dragapult\n|move|p2b: Politoed|Weather Ball|p1b: Incineroar\n|-supereffective|p1b: Incineroar|1\n|-damage|p1b: Incineroar|0 fnt\n|faint|p1b: Incineroar\n|\n|-weather|RainDance|[upkeep]\n|-heal|p1a: Milotic|46/100|[from] item: Leftovers\n|upkeep\n|\n|t:|1776374561\n|switch|p2a: Glimmora|Glimmora, L50, F|100/100\n|switch|p1b: Charizard|Charizard, L50, F|100/100\n|turn|4\n|inactive|hue1hue2hue3 has 30 seconds left.\n|inactive|hue1hue2hue3 has 20 seconds left.\n|\n|t:|1776374599\n|detailschange|p2a: Glimmora|Glimmora-Mega, L50, F\n|-mega|p2a: Glimmora|Glimmora|Glimmoranite\n|move|p2b: Politoed|Helping Hand|p2a: Glimmora\n|-singleturn|p2a: Glimmora|Helping Hand|[of] p2b: Politoed\n|move|p1b: Charizard|Protect|p1b: Charizard\n|-singleturn|p1b: Charizard|Protect\n|move|p2a: Glimmora|Power Gem|p1a: Milotic\n|-damage|p1a: Milotic|0 fnt\n|faint|p1a: Milotic\n|\n|-weather|RainDance|[upkeep]\n|upkeep\n|\n|t:|1776374609\n|switch|p1a: Gardevoir|Gardevoir, L50, F|100/100\n|turn|5\n|\n|t:|1776374627\n|switch|p2a: Incineroar|Incineroar, L50, M|100/100\n|-ability|p2a: Incineroar|Intimidate|boost\n|-unboost|p1a: Gardevoir|atk|1\n|-unboost|p1b: Charizard|atk|1\n|detailschange|p1b: Charizard|Charizard-Mega-Y, L50, F\n|-mega|p1b: Charizard|Charizard|Charizardite Y\n|-weather|SunnyDay|[from] ability: Drought|[of] p1b: Charizard\n|move|p2b: Politoed|Protect|p2b: Politoed\n|-singleturn|p2b: Politoed|Protect\n|move|p1a: Gardevoir|Psychic|p2a: Incineroar\n|-immune|p2a: Incineroar\n|move|p1b: Charizard|Solar Beam||[still]\n|-prepare|p1b: Charizard|Solar Beam\n|-anim|p1b: Charizard|Solar Beam|p2b: Politoed\n|-activate|p2b: Politoed|move: Protect\n|\n|-weather|SunnyDay|[upkeep]\n|upkeep\n|turn|6\n|inactive|hue1hue2hue3 has 30 seconds left.\n|inactive|yuriimon has 30 seconds left.\n|inactive|hue1hue2hue3 has 20 seconds left.\n|inactive|yuriimon has 20 seconds left.\n|inactive|yuriimon has 15 seconds left.\n|inactive|hue1hue2hue3 has 15 seconds left.\n|inactive|yuriimon has 10 seconds left.\n|inactive|hue1hue2hue3 has 10 seconds left.\n|\n|t:|1776374680\n|switch|p2b: Glimmora|Glimmora-Mega, L50, F|100/100\n|move|p1a: Gardevoir|Psychic|p2b: Glimmora\n|-supereffective|p2b: Glimmora|1\n|-damage|p2b: Glimmora|0 fnt\n|faint|p2b: Glimmora\n|move|p1b: Charizard|Solar Beam||[still]\n|-prepare|p1b: Charizard|Solar Beam\n|-anim|p1b: Charizard|Solar Beam|p2a: Incineroar\n|-resisted|p2a: Incineroar|1\n|-damage|p2a: Incineroar|77/100\n|move|p2a: Incineroar|Flare Blitz|p1a: Gardevoir\n|-damage|p1a: Gardevoir|0 fnt\n|faint|p1a: Gardevoir\n|-damage|p2a: Incineroar|53/100|[from] Recoil\n|\n|-weather|SunnyDay|[upkeep]\n|upkeep\n|\n|t:|1776374694\n|switch|p2b: Politoed|Politoed, L50, M|87/100\n|-weather|RainDance|[from] ability: Drizzle|[of] p2b: Politoed\n|turn|7\n|-message|hue1hue2hue3 forfeited.\n|\n|win|yuriimon\n|raw|hue1hue2hue3's rating: 1183 &rarr; <strong>1155</strong><br />(-28 for losing)\n|raw|yuriimon's rating: 1145 &rarr; <strong>1173</strong><br />(+28 for winning)\n|l|\u2606hue1hue2hue3\n|player|p1|\n",
  "uploadtime": 1776374705,
  "views": 24,
  "formatid": "gen9championsvgc2026regma",
  "rating": 1155,
  "private": 0,
  "password": null
}