{
  "id": "gen9championsvgc2026regma-2584858988",
  "format": "[Gen 9 Champions] VGC 2026 Reg M-A",
  "players": [
    "Erre_CAst",
    "darthbear1976"
  ],
  "log": "|j|\u2606Erre_CAst\n|j|\u2606darthbear1976\n|t:|1776289274\n|gametype|doubles\n|player|p1|Erre_CAst|proton|1251\n|player|p2|darthbear1976|pokemonranger-gen4|1220\n|gen|9\n|tier|[Gen 9 Champions] VGC 2026 Reg M-A\n|rated|\n|rule|Species Clause: Limit one of each Pok\u00e9mon\n|rule|Item Clause: Limit 1 of each item\n|clearpoke\n|poke|p1|Farigiraf, L50, M|\n|poke|p1|Torkoal, L50, F|\n|poke|p1|Crabominable, L50, M|\n|poke|p1|Sinistcha, L50|\n|poke|p1|Sneasler, L50, M|\n|poke|p1|Camerupt, L50, F|\n|poke|p2|Heracross, L50, F|\n|poke|p2|Sableye, L50, F|\n|poke|p2|Palafin, L50, M|\n|poke|p2|Incineroar, L50, M|\n|poke|p2|Roserade, L50, M|\n|poke|p2|Gliscor, L50, F|\n|teampreview|4\n|inactive|Battle timer is ON: inactive players will automatically lose when time's up. (requested by darthbear1976)\n|inactive|darthbear1976 has 60 seconds left.\n|\n|t:|1776289318\n|teamsize|p1|4\n|teamsize|p2|4\n|start\n|switch|p1a: Farigiraf|Farigiraf, L50, M|100/100\n|switch|p1b: Crabominable|Crabominable, L50, M|100/100\n|switch|p2a: Sableye|Sableye, L50, F, shiny|100/100\n|switch|p2b: Incineroar|Incineroar, L50, M|100/100\n|-ability|p2b: Incineroar|Intimidate|boost\n|-unboost|p1a: Farigiraf|atk|1\n|-fail|p1b: Crabominable|unboost|Attack|[from] ability: Hyper Cutter|[of] p1b: Crabominable\n|turn|1\n|\n|t:|1776289339\n|move|p1b: Crabominable|Protect|p1b: Crabominable\n|-singleturn|p1b: Crabominable|Protect\n|move|p2b: Incineroar|Throat Chop|p1a: Farigiraf\n|-supereffective|p1a: Farigiraf|1\n|-damage|p1a: Farigiraf|34/100\n|-start|p1a: Farigiraf|Throat Chop|[silent]\n|move|p2a: Sableye|Foul Play|p1a: Farigiraf\n|-supereffective|p1a: Farigiraf|1\n|-damage|p1a: Farigiraf|0 fnt\n|faint|p1a: Farigiraf\n|\n|upkeep\n|\n|t:|1776289347\n|switch|p1a: Sneasler|Sneasler, L50, M|100/100\n|turn|2\n|\n|t:|1776289369\n|detailschange|p1b: Crabominable|Crabominable-Mega, L50, M\n|-mega|p1b: Crabominable|Crabominable|Crabominite\n|move|p1a: Sneasler|Fake Out|p2b: Incineroar\n|-damage|p2b: Incineroar|89/100\n|move|p2a: Sableye|Thunder Wave|p1a: Sneasler\n|-status|p1a: Sneasler|par\n|cant|p2b: Incineroar|flinch\n|move|p1b: Crabominable|Ice Hammer|p2a: Sableye\n|-damage|p2a: Sableye|0 fnt\n|-unboost|p1b: Crabominable|spe|1\n|faint|p2a: Sableye\n|\n|upkeep\n|\n|t:|1776289382\n|switch|p2a: Palafin|Palafin, L50, M|100/100\n|turn|3\n|\n|t:|1776289398\n|move|p2a: Palafin|Flip Turn|p1a: Sneasler\n|-damage|p1a: Sneasler|54/100 par\n|\n|t:|1776289401\n|detailschange|p2a: Palafin|Palafin-Hero, L50, M\n|switch|p2a: Heracross|Heracross, L50, F|100/100|[from] Flip Turn\n|move|p1a: Sneasler|Dire Claw|p2a: Heracross\n|-damage|p2a: Heracross|42/100\n|move|p2b: Incineroar|Parting Shot|p1b: Crabominable\n|-unboost|p1b: Crabominable|atk|1\n|-unboost|p1b: Crabominable|spa|1\n|\n|t:|1776289409\n|switch|p2b: Palafin|Palafin-Hero, L50, M|100/100|[from] Parting Shot\n|-activate|p2b: Palafin|ability: Zero to Hero\n|move|p1b: Crabominable|Drain Punch|p2b: Palafin\n|-damage|p2b: Palafin|67/100\n|\n|upkeep\n|turn|4\n|\n|t:|1776289429\n|switch|p1b: Torkoal|Torkoal, L50, F|100/100\n|-weather|SunnyDay|[from] ability: Drought|[of] p1b: Torkoal\n|detailschange|p2a: Heracross|Heracross-Mega, L50, F\n|-mega|p2a: Heracross|Heracross|Heracronite\n|move|p1a: Sneasler|Protect|p1a: Sneasler\n|-singleturn|p1a: Sneasler|Protect\n|move|p2b: Palafin|Jet Punch|p1a: Sneasler\n|-activate|p1a: Sneasler|move: Protect\n|move|p2a: Heracross|Close Combat|p1b: Torkoal\n|-damage|p1b: Torkoal|30/100\n|-unboost|p2a: Heracross|def|1\n|-unboost|p2a: Heracross|spd|1\n|\n|-weather|SunnyDay|[upkeep]\n|upkeep\n|turn|5\n|inactive|darthbear1976 has 30 seconds left.\n|\n|t:|1776289459\n|switch|p2a: Incineroar|Incineroar, L50, M|89/100\n|-ability|p2a: Incineroar|Intimidate|boost\n|-unboost|p1a: Sneasler|atk|1\n|-unboost|p1b: Torkoal|atk|1\n|move|p2b: Palafin|Wave Crash|p1a: Sneasler\n|-damage|p1a: Sneasler|0 fnt\n|faint|p1a: Sneasler\n|-damage|p2b: Palafin|54/100|[from] Recoil\n|move|p1b: Torkoal|Heat Wave|p2b: Palafin|[spread] p2a\n|-miss|p1b: Torkoal|p2b: Palafin\n|-resisted|p2a: Incineroar|1\n|-damage|p2a: Incineroar|62/100\n|\n|-weather|SunnyDay|[upkeep]\n|upkeep\n|\n|t:|1776289465\n|switch|p1a: Crabominable|Crabominable-Mega, L50, M|100/100\n|turn|6\n|inactive|Erre_CAst has 30 seconds left.\n|\n|t:|1776289490\n|move|p2b: Palafin|Jet Punch|p1b: Torkoal\n|-supereffective|p1b: Torkoal|1\n|-damage|p1b: Torkoal|0 fnt\n|faint|p1b: Torkoal\n|move|p2a: Incineroar|Flare Blitz|p1a: Crabominable\n|-supereffective|p1a: Crabominable|1\n|-damage|p1a: Crabominable|0 fnt\n|faint|p1a: Crabominable\n|-damage|p2a: Incineroar|29/100|[from] Recoil\n|-enditem|p2a: Incineroar|Sitrus Berry|[eat]\n|-heal|p2a: Incineroar|54/100|[from] item: Sitrus Berry\n|\n|win|darthbear1976\n|raw|Erre_CAst's rating: 1251 &rarr; <strong>1224</strong><br />(-27 for losing)\n|raw|darthbear1976's rating: 1220 &rarr; <strong>1247</strong><br />(+27 for winning)\n|l|\u2606Erre_CAst\n|player|p1|\n",
  "uploadtime": 1776289503,
  "views": 29,
  "formatid": "gen9championsvgc2026regma",
  "rating": 1224,
  "private": 0,
  "password": null
}