{
  "id": "gen9championsvgc2026regma-2588960817",
  "format": "[Gen 9 Champions] VGC 2026 Reg M-A",
  "players": [
    "soaringpegasus",
    "THEEDudee"
  ],
  "log": "|j|\u2606soaringpegasus\n|j|\u2606THEEDudee\n|t:|1776689694\n|gametype|doubles\n|player|p1|soaringpegasus|backpacker|1096\n|player|p2|THEEDudee|preschooler|1157\n|gen|9\n|tier|[Gen 9 Champions] VGC 2026 Reg M-A\n|rated|\n|rule|Species Clause: Limit one of each Pok\u00e9mon\n|rule|Item Clause: Limit 1 of each item\n|clearpoke\n|poke|p1|Tyranitar, L50, F|\n|poke|p1|Excadrill, L50, M|\n|poke|p1|Sinistcha-Masterpiece, L50|\n|poke|p1|Hatterene, L50, F|\n|poke|p1|Chesnaught, L50, M|\n|poke|p1|Incineroar, L50, M|\n|poke|p2|Aggron, L50, M, shiny|\n|poke|p2|Sinistcha, L50|\n|poke|p2|Whimsicott, L50, F, shiny|\n|poke|p2|Basculegion, L50, M|\n|poke|p2|Incineroar, L50, F|\n|poke|p2|Drampa, L50, M|\n|teampreview|4\n|inactive|Battle timer is ON: inactive players will automatically lose when time's up. (requested by soaringpegasus)\n|inactive|THEEDudee has 60 seconds left.\n|\n|t:|1776689728\n|teamsize|p1|4\n|teamsize|p2|4\n|start\n|switch|p1a: Sinistcha|Sinistcha-Masterpiece, L50|100/100\n|switch|p1b: Hatterene|Hatterene, L50, F|100/100\n|switch|p2a: HOENN REPRESENT|Aggron, L50, M, shiny|100/100\n|switch|p2b: Incineroar|Incineroar, L50, F|100/100\n|-ability|p2b: Incineroar|Intimidate|boost\n|-unboost|p1a: Sinistcha|atk|1\n|-unboost|p1b: Hatterene|atk|1\n|turn|1\n|\n|t:|1776689752\n|switch|p1b: Chesnaught|Chesnaught, L50, M|100/100\n|detailschange|p2a: HOENN REPRESENT|Aggron-Mega, L50, M, shiny\n|-mega|p2a: HOENN REPRESENT|Aggron|Aggronite\n|move|p2b: Incineroar|Darkest Lariat|p1a: Sinistcha\n|-supereffective|p1a: Sinistcha|1\n|-damage|p1a: Sinistcha|35/100\n|-enditem|p1a: Sinistcha|Sitrus Berry|[eat]\n|-heal|p1a: Sinistcha|60/100|[from] item: Sitrus Berry\n|move|p2a: HOENN REPRESENT|Iron Defense|p2a: HOENN REPRESENT\n|-boost|p2a: HOENN REPRESENT|def|2\n|move|p1a: Sinistcha|Trick Room|p1a: Sinistcha\n|-fieldstart|move: Trick Room|[of] p1a: Sinistcha\n|\n|upkeep\n|turn|2\n|inactive|THEEDudee has 30 seconds left.\n|\n|t:|1776689777\n|detailschange|p1b: Chesnaught|Chesnaught-Mega, L50, M\n|-mega|p1b: Chesnaught|Chesnaught|Chesnaughtite\n|move|p2a: HOENN REPRESENT|Protect|p2a: HOENN REPRESENT\n|-singleturn|p2a: HOENN REPRESENT|Protect\n|move|p1a: Sinistcha|Rage Powder|p1a: Sinistcha\n|-singleturn|p1a: Sinistcha|move: Rage Powder\n|move|p1b: Chesnaught|Iron Defense|p1b: Chesnaught\n|-boost|p1b: Chesnaught|def|2\n|move|p2b: Incineroar|Flare Blitz|p1a: Sinistcha\n|-supereffective|p1a: Sinistcha|1\n|-damage|p1a: Sinistcha|0 fnt\n|faint|p1a: Sinistcha\n|-damage|p2b: Incineroar|83/100|[from] Recoil\n|\n|upkeep\n|\n|t:|1776689798\n|switch|p1a: Hatterene|Hatterene, L50, F|100/100\n|turn|3\n|\n|t:|1776689814\n|move|p1a: Hatterene|Dazzling Gleam|p2b: Incineroar|[spread] p2a,p2b\n|-resisted|p2a: HOENN REPRESENT|1\n|-crit|p2b: Incineroar\n|-damage|p2a: HOENN REPRESENT|88/100\n|-damage|p2b: Incineroar|45/100\n|-enditem|p2b: Incineroar|Sitrus Berry|[eat]\n|-heal|p2b: Incineroar|69/100|[from] item: Sitrus Berry\n|move|p1b: Chesnaught|Body Press|p2b: Incineroar\n|-supereffective|p2b: Incineroar|1\n|-damage|p2b: Incineroar|0 fnt\n|faint|p2b: Incineroar\n|move|p2a: HOENN REPRESENT|Heavy Slam|p1a: Hatterene\n|-supereffective|p1a: Hatterene|1\n|-damage|p1a: Hatterene|0 fnt\n|faint|p1a: Hatterene\n|\n|upkeep\n|\n|t:|1776689837\n|switch|p1a: Tyranitar|Tyranitar, L50, F|100/100\n|switch|p2b: Sinistcha|Sinistcha, L50|100/100\n|-weather|Sandstorm|[from] ability: Sand Stream|[of] p1a: Tyranitar\n|-heal|p2a: HOENN REPRESENT|100/100|[from] ability: Hospitality|[of] p2b: Sinistcha\n|turn|4\n|\n|t:|1776689852\n|move|p2b: Sinistcha|Rage Powder|p2b: Sinistcha\n|-singleturn|p2b: Sinistcha|move: Rage Powder\n|move|p1b: Chesnaught|Coaching|p1a: Tyranitar\n|-boost|p1a: Tyranitar|atk|1\n|-boost|p1a: Tyranitar|def|1\n|move|p2a: HOENN REPRESENT|Body Press|p1a: Tyranitar\n|-supereffective|p1a: Tyranitar|2\n|-damage|p1a: Tyranitar|0 fnt\n|faint|p1a: Tyranitar\n|\n|-weather|Sandstorm|[upkeep]\n|-damage|p1b: Chesnaught|94/100|[from] Sandstorm\n|-damage|p2b: Sinistcha|94/100|[from] Sandstorm\n|upkeep\n|turn|5\n|-message|soaringpegasus forfeited.\n|\n|win|THEEDudee\n|raw|soaringpegasus's rating: 1096 &rarr; <strong>1076</strong><br />(-20 for losing)\n|raw|THEEDudee's rating: 1157 &rarr; <strong>1178</strong><br />(+21 for winning)\n|l|\u2606soaringpegasus\n|player|p1|\n",
  "uploadtime": 1776689868,
  "views": 16,
  "formatid": "gen9championsvgc2026regma",
  "rating": 1076,
  "private": 0,
  "password": null
}