{
  "id": "gen9championsvgc2026regma-2589392531",
  "format": "[Gen 9 Champions] VGC 2026 Reg M-A",
  "players": [
    "NeedMegaMawile",
    "Yunobo7"
  ],
  "log": "|j|\u2606NeedMegaMawile\n|j|\u2606Yunobo7\n|t:|1776719292\n|gametype|doubles\n|player|p1|NeedMegaMawile|brawly-gen6|1460\n|player|p2|Yunobo7|miku-ghost|1570\n|gen|9\n|tier|[Gen 9 Champions] VGC 2026 Reg M-A\n|rated|\n|rule|Species Clause: Limit one of each Pok\u00e9mon\n|rule|Item Clause: Limit 1 of each item\n|clearpoke\n|poke|p1|Meganium, L50, F|\n|poke|p1|Incineroar, L50, M|\n|poke|p1|Aerodactyl, L50, M|\n|poke|p1|Milotic, L50, F|\n|poke|p1|Farigiraf, L50, M|\n|poke|p1|Sneasler, L50, F|\n|poke|p2|Venusaur, L50, M|\n|poke|p2|Milotic, L50, F|\n|poke|p2|Incineroar, L50, F|\n|poke|p2|Aegislash, L50, M|\n|poke|p2|Delphox, L50, M|\n|poke|p2|Sneasler, L50, F|\n|teampreview|4\n|inactive|Battle timer is ON: inactive players will automatically lose when time's up. (requested by Yunobo7)\n|inactive|NeedMegaMawile also wants the timer to be on.\n|inactive|NeedMegaMawile has 60 seconds left.\n|\n|t:|1776719350\n|teamsize|p1|4\n|teamsize|p2|4\n|start\n|switch|p1a: Farigiraf|Farigiraf, L50, M|100/100\n|switch|p1b: Incineroar|Incineroar, L50, M|100/100\n|switch|p2a: Milotic|Milotic, L50, F|100/100\n|switch|p2b: Venusaur|Venusaur, L50, M|100/100\n|-ability|p1b: Incineroar|Intimidate|boost\n|-unboost|p2a: Milotic|atk|1\n|-ability|p2a: Milotic|Competitive|boost\n|-boost|p2a: Milotic|spa|2\n|-unboost|p2b: Venusaur|atk|1\n|turn|1\n|c|\u2606NeedMegaMawile|woops, missclicked my lead\n|c|\u2606NeedMegaMawile|lmao\n|\n|t:|1776719372\n|detailschange|p2b: Venusaur|Venusaur-Mega, L50, M\n|-mega|p2b: Venusaur|Venusaur|Venusaurite\n|move|p1b: Incineroar|Fake Out|p2b: Venusaur\n|-damage|p2b: Venusaur|91/100\n|cant|p2b: Venusaur|flinch\n|move|p2a: Milotic|Scald|p1b: Incineroar\n|-supereffective|p1b: Incineroar|1\n|-damage|p1b: Incineroar|10/100\n|-enditem|p1b: Incineroar|Sitrus Berry|[eat]\n|-heal|p1b: Incineroar|35/100|[from] item: Sitrus Berry\n|move|p1a: Farigiraf|Psychic|p2b: Venusaur\n|-supereffective|p2b: Venusaur|1\n|-damage|p2b: Venusaur|33/100\n|-unboost|p2b: Venusaur|spd|1\n|\n|upkeep\n|turn|2\n|inactive|NeedMegaMawile has 30 seconds left.\n|\n|t:|1776719401\n|switch|p1b: Milotic|Milotic, L50, F|100/100\n|move|p2b: Venusaur|Sleep Powder|p1a: Farigiraf|[miss]\n|-miss|p2b: Venusaur|p1a: Farigiraf\n|move|p2a: Milotic|Scald|p1b: Milotic\n|-resisted|p1b: Milotic|1\n|-damage|p1b: Milotic|78/100\n|move|p1a: Farigiraf|Psychic|p2b: Venusaur\n|-supereffective|p2b: Venusaur|1\n|-damage|p2b: Venusaur|0 fnt\n|faint|p2b: Venusaur\n|\n|-heal|p1b: Milotic|84/100|[from] item: Leftovers\n|upkeep\n|\n|t:|1776719406\n|switch|p2b: Aegislash|Aegislash, L50, M|100/100\n|turn|3\n|inactive|NeedMegaMawile has 30 seconds left.\n|\n|t:|1776719439\n|move|p1a: Farigiraf|Helping Hand|p1b: Milotic\n|-singleturn|p1b: Milotic|Helping Hand|[of] p1a: Farigiraf\n|move|p2a: Milotic|Scald|p1a: Farigiraf\n|-damage|p1a: Farigiraf|60/100\n|move|p1b: Milotic|Scald|p2b: Aegislash\n|-damage|p2b: Aegislash|66/100\n|-formechange|p2b: Aegislash|Aegislash-Blade|\n|move|p2b: Aegislash|Poltergeist|p1b: Milotic\n|-activate|p1b: Milotic|move: Poltergeist|Leftovers\n|-damage|p1b: Milotic|20/100\n|\n|-heal|p1b: Milotic|26/100|[from] item: Leftovers\n|upkeep\n|turn|4\n|\n|t:|1776719461\n|move|p2a: Milotic|Scald|p1b: Milotic\n|-resisted|p1b: Milotic|1\n|-damage|p1b: Milotic|5/100\n|move|p1b: Milotic|Recover|p1b: Milotic\n|-heal|p1b: Milotic|55/100\n|move|p1a: Farigiraf|Hyper Voice|p2a: Milotic|[spread] p2a\n|-immune|p2b: Aegislash\n|-damage|p2a: Milotic|80/100\n|move|p2b: Aegislash|Iron Head|p1a: Farigiraf\n|-damage|p1a: Farigiraf|5/100\n|\n|-heal|p2a: Milotic|86/100|[from] item: Leftovers\n|-heal|p1b: Milotic|61/100|[from] item: Leftovers\n|upkeep\n|turn|5\n|\n|t:|1776719479\n|move|p1a: Farigiraf|Helping Hand|p1b: Milotic\n|-singleturn|p1b: Milotic|Helping Hand|[of] p1a: Farigiraf\n|move|p2a: Milotic|Icy Wind|p1b: Milotic|[spread] p1a,p1b\n|-resisted|p1b: Milotic|1\n|-damage|p1a: Farigiraf|0 fnt\n|-damage|p1b: Milotic|55/100\n|-unboost|p1b: Milotic|spe|1\n|-ability|p1b: Milotic|Competitive|boost\n|-boost|p1b: Milotic|spa|2\n|faint|p1a: Farigiraf\n|move|p2b: Aegislash|Poltergeist|p1b: Milotic\n|-activate|p1b: Milotic|move: Poltergeist|Leftovers\n|-damage|p1b: Milotic|0 fnt\n|faint|p1b: Milotic\n|\n|-heal|p2a: Milotic|92/100|[from] item: Leftovers\n|upkeep\n|\n|t:|1776719485\n|switch|p1b: Incineroar|Incineroar, L50, M|35/100\n|switch|p1a: Meganium|Meganium, L50, F|100/100\n|-ability|p1b: Incineroar|Intimidate|boost\n|-unboost|p2a: Milotic|atk|1\n|-ability|p2a: Milotic|Competitive|boost\n|-boost|p2a: Milotic|spa|2\n|-unboost|p2b: Aegislash|atk|1\n|turn|6\n|\n|t:|1776719495\n|switch|p2b: Incineroar|Incineroar, L50, F|100/100\n|-ability|p2b: Incineroar|Intimidate|boost\n|-unboost|p1a: Meganium|atk|1\n|-unboost|p1b: Incineroar|atk|1\n|detailschange|p1a: Meganium|Meganium-Mega, L50, F\n|-mega|p1a: Meganium|Meganium|Meganiumite\n|move|p2a: Milotic|Protect|p2a: Milotic\n|-singleturn|p2a: Milotic|Protect\n|move|p1b: Incineroar|Fake Out|p2a: Milotic\n|-activate|p2a: Milotic|move: Protect\n|move|p1a: Meganium|Weather Ball|p2b: Incineroar\n|-resisted|p2b: Incineroar|1\n|-damage|p2b: Incineroar|76/100\n|\n|-heal|p2a: Milotic|98/100|[from] item: Leftovers\n|upkeep\n|turn|7\n|\n|t:|1776719513\n|move|p1a: Meganium|Protect|p1a: Meganium\n|-singleturn|p1a: Meganium|Protect\n|move|p2b: Incineroar|Fake Out|p1a: Meganium\n|-activate|p1a: Meganium|move: Protect\n|move|p2a: Milotic|Scald|p1b: Incineroar\n|-supereffective|p1b: Incineroar|1\n|-damage|p1b: Incineroar|0 fnt\n|faint|p1b: Incineroar\n|\n|-heal|p2a: Milotic|100/100|[from] item: Leftovers\n|upkeep\n|turn|8\n|\n|t:|1776719522\n|move|p2a: Milotic|Protect|p2a: Milotic\n|-singleturn|p2a: Milotic|Protect\n|move|p1a: Meganium|Solar Beam||[still]\n|-prepare|p1a: Meganium|Solar Beam\n|-activate|p1a: Meganium|ability: Mega Sol\n|-anim|p1a: Meganium|Solar Beam|p2a: Milotic\n|-activate|p2a: Milotic|move: Protect\n|move|p2b: Incineroar|Parting Shot|p1a: Meganium\n|-unboost|p1a: Meganium|atk|1\n|-unboost|p1a: Meganium|spa|1\n|-message|NeedMegaMawile forfeited.\n|\n|win|Yunobo7\n|raw|NeedMegaMawile's rating: 1460 &rarr; <strong>1446</strong><br />(-14 for losing)\n|raw|Yunobo7's rating: 1570 &rarr; <strong>1584</strong><br />(+14 for winning)\n|l|\u2606NeedMegaMawile\n|player|p1|\n",
  "uploadtime": 1776719555,
  "views": 27,
  "formatid": "gen9championsvgc2026regma",
  "rating": 1446,
  "private": 0,
  "password": null
}