{
  "id": "gen9championsvgc2026regma-2587770034",
  "format": "[Gen 9 Champions] VGC 2026 Reg M-A",
  "players": [
    "fabinanddje",
    "HHRplaysVGC"
  ],
  "log": "|j|\u2606fabinanddje\n|j|\u2606HHRplaysVGC\n|t:|1776562222\n|gametype|doubles\n|player|p1|fabinanddje|102|1033\n|player|p2|HHRplaysVGC|miku-ghost|1084\n|gen|9\n|tier|[Gen 9 Champions] VGC 2026 Reg M-A\n|rated|\n|rule|Species Clause: Limit one of each Pok\u00e9mon\n|rule|Item Clause: Limit 1 of each item\n|clearpoke\n|poke|p1|Incineroar, L50, M|\n|poke|p1|Archaludon, L50, M|\n|poke|p1|Tyranitar, L50, F|\n|poke|p1|Milotic, L50, M|\n|poke|p1|Whimsicott, L50, M|\n|poke|p1|Excadrill, L50, M|\n|poke|p2|Garchomp, L50, F|\n|poke|p2|Delphox, L50, M|\n|poke|p2|Sinistcha, L50|\n|poke|p2|Torkoal, L50, M|\n|poke|p2|Gyarados, L50, M|\n|poke|p2|Aerodactyl, L50, M|\n|teampreview|4\n|\n|t:|1776562240\n|teamsize|p1|4\n|teamsize|p2|4\n|start\n|switch|p1a: Tyranitar|Tyranitar, L50, F|100/100\n|switch|p1b: Whimsicott|Whimsicott, L50, M|100/100\n|switch|p2a: Garchomp|Garchomp, L50, F|100/100\n|switch|p2b: Gyarados|Gyarados, L50, M|100/100\n|-ability|p2b: Gyarados|Intimidate|boost\n|-unboost|p1a: Tyranitar|atk|1\n|-unboost|p1b: Whimsicott|atk|1\n|-weather|Sandstorm|[from] ability: Sand Stream|[of] p1a: Tyranitar\n|turn|1\n|\n|t:|1776562266\n|switch|p2a: Torkoal|Torkoal, L50, M|100/100\n|-weather|SunnyDay|[from] ability: Drought|[of] p2a: Torkoal\n|move|p1a: Tyranitar|Protect|p1a: Tyranitar\n|-singleturn|p1a: Tyranitar|Protect\n|move|p1b: Whimsicott|Tailwind|p1b: Whimsicott\n|-sidestart|p1: fabinanddje|move: Tailwind\n|move|p2b: Gyarados|Waterfall|p1a: Tyranitar\n|-activate|p1a: Tyranitar|move: Protect\n|\n|-weather|SunnyDay|[upkeep]\n|upkeep\n|turn|2\n|\n|t:|1776562325\n|switch|p1b: Milotic|Milotic, L50, M|100/100\n|move|p2a: Torkoal|Protect|p2a: Torkoal\n|-singleturn|p2a: Torkoal|Protect\n|move|p1a: Tyranitar|Earthquake|p2b: Gyarados|[spread] p1b\n|-activate|p2a: Torkoal|move: Protect\n|-immune|p2b: Gyarados\n|-damage|p1b: Milotic|77/100\n|move|p2b: Gyarados|Waterfall|p1a: Tyranitar\n|-supereffective|p1a: Tyranitar|1\n|-damage|p1a: Tyranitar|63/100\n|\n|-weather|SunnyDay|[upkeep]\n|upkeep\n|turn|3\n|\n|t:|1776562358\n|switch|p1a: Whimsicott|Whimsicott, L50, M|100/100\n|switch|p2a: Sinistcha|Sinistcha, L50|100/100\n|move|p1b: Milotic|Recover|p1b: Milotic\n|-heal|p1b: Milotic|100/100\n|move|p2b: Gyarados|Dragon Dance|p2b: Gyarados\n|-boost|p2b: Gyarados|atk|1\n|-boost|p2b: Gyarados|spe|1\n|\n|-weather|SunnyDay|[upkeep]\n|upkeep\n|turn|4\n|\n|t:|1776562389\n|switch|p1a: Tyranitar|Tyranitar, L50, F|63/100\n|-weather|Sandstorm|[from] ability: Sand Stream|[of] p1a: Tyranitar\n|switch|p2b: Torkoal|Torkoal, L50, M|100/100\n|-weather|SunnyDay|[from] ability: Drought|[of] p2b: Torkoal\n|move|p1b: Milotic|Scald|p2b: Torkoal\n|-supereffective|p2b: Torkoal|1\n|-damage|p2b: Torkoal|55/100\n|move|p2a: Sinistcha|Matcha Gotcha|p1a: Tyranitar|[spread] p1a,p1b\n|-supereffective|p1a: Tyranitar|1\n|-supereffective|p1b: Milotic|1\n|-damage|p1a: Tyranitar|22/100\n|-damage|p1b: Milotic|65/100\n|\n|-weather|SunnyDay|[upkeep]\n|-sideend|p1: fabinanddje|move: Tailwind\n|upkeep\n|turn|5\n|\n|t:|1776562419\n|switch|p2b: Garchomp|Garchomp, L50, F|100/100\n|move|p1a: Tyranitar|Protect|p1a: Tyranitar\n|-singleturn|p1a: Tyranitar|Protect\n|move|p1b: Milotic|Recover|p1b: Milotic\n|-heal|p1b: Milotic|100/100\n|move|p2a: Sinistcha|Matcha Gotcha|p1a: Tyranitar|[spread] p1b\n|-activate|p1a: Tyranitar|move: Protect\n|-supereffective|p1b: Milotic|1\n|-damage|p1b: Milotic|68/100\n|\n|-weather|SunnyDay|[upkeep]\n|upkeep\n|turn|6\n|\n|t:|1776562453\n|switch|p1a: Whimsicott|Whimsicott, L50, M|100/100\n|move|p2b: Garchomp|Earthquake|p1b: Milotic|[spread] p2a,p1a,p1b\n|-resisted|p2a: Sinistcha|1\n|-resisted|p1a: Whimsicott|1\n|-damage|p2a: Sinistcha|85/100\n|-damage|p1a: Whimsicott|74/100\n|-damage|p1b: Milotic|16/100\n|move|p1b: Milotic|Ice Beam|p2b: Garchomp\n|-supereffective|p2b: Garchomp|2\n|-damage|p2b: Garchomp|0 fnt\n|faint|p2b: Garchomp\n|move|p2a: Sinistcha|Trick Room|p2a: Sinistcha\n|-fieldstart|move: Trick Room|[of] p2a: Sinistcha\n|\n|-weather|SunnyDay|[upkeep]\n|upkeep\n|\n|t:|1776562464\n|switch|p2b: Torkoal|Torkoal, L50, M|55/100\n|turn|7\n|\n|t:|1776562487\n|switch|p1b: Tyranitar|Tyranitar, L50, F|22/100\n|-weather|Sandstorm|[from] ability: Sand Stream|[of] p1b: Tyranitar\n|move|p1a: Whimsicott|Encore|p2a: Sinistcha\n|-start|p2a: Sinistcha|Encore\n|move|p2b: Torkoal|Eruption|p1a: Whimsicott|[spread] p1a,p1b\n|-supereffective|p1a: Whimsicott|1\n|-resisted|p1b: Tyranitar|1\n|-damage|p1a: Whimsicott|0 fnt\n|-damage|p1b: Tyranitar|14/100\n|faint|p1a: Whimsicott\n|move|p2a: Sinistcha|Trick Room|p2a: Sinistcha\n|-fieldend|move: Trick Room\n|\n|-weather|Sandstorm|[upkeep]\n|-damage|p2a: Sinistcha|79/100|[from] Sandstorm\n|-damage|p2b: Torkoal|49/100|[from] Sandstorm\n|upkeep\n|\n|t:|1776562500\n|switch|p1a: Excadrill|Excadrill, L50, M|100/100\n|turn|8\n|\n|t:|1776562508\n|switch|p2b: Gyarados|Gyarados, L50, M|100/100\n|-ability|p2b: Gyarados|Intimidate|boost\n|-unboost|p1a: Excadrill|atk|1\n|-unboost|p1b: Tyranitar|atk|1\n|detailschange|p1a: Excadrill|Excadrill-Mega, L50, M\n|-mega|p1a: Excadrill|Excadrill|Excadrite\n|move|p1a: Excadrill|Drill Run|p2b: Gyarados\n|-immune|p2b: Gyarados\n|move|p1b: Tyranitar|Crunch|p2a: Sinistcha\n|-supereffective|p2a: Sinistcha|1\n|-damage|p2a: Sinistcha|24/100\n|-unboost|p2a: Sinistcha|def|1\n|-enditem|p2a: Sinistcha|Sitrus Berry|[eat]\n|-heal|p2a: Sinistcha|48/100|[from] item: Sitrus Berry\n|move|p2a: Sinistcha|Trick Room|p2a: Sinistcha\n|-fieldstart|move: Trick Room|[of] p2a: Sinistcha\n|\n|-weather|Sandstorm|[upkeep]\n|-damage|p2a: Sinistcha|42/100|[from] Sandstorm\n|-damage|p2b: Gyarados|95/100|[from] Sandstorm\n|upkeep\n|turn|9\n|\n|t:|1776562534\n|switch|p2a: Torkoal|Torkoal, L50, M|49/100\n|-weather|SunnyDay|[from] ability: Drought|[of] p2a: Torkoal\n|move|p1b: Tyranitar|Crunch|p2a: Torkoal\n|-damage|p2a: Torkoal|25/100\n|move|p2b: Gyarados|Waterfall|p1b: Tyranitar\n|-supereffective|p1b: Tyranitar|1\n|-damage|p1b: Tyranitar|0 fnt\n|faint|p1b: Tyranitar\n|move|p1a: Excadrill|Iron Head|p2b: Gyarados\n|-resisted|p2b: Gyarados|1\n|-damage|p2b: Gyarados|73/100\n|\n|-weather|SunnyDay|[upkeep]\n|upkeep\n|\n|t:|1776562541\n|switch|p1b: Milotic|Milotic, L50, M|16/100\n|turn|10\n|\n|t:|1776562552\n|move|p2a: Torkoal|Overheat|p1a: Excadrill\n|-supereffective|p1a: Excadrill|1\n|-damage|p1a: Excadrill|0 fnt\n|-unboost|p2a: Torkoal|spa|2\n|faint|p1a: Excadrill\n|move|p1b: Milotic|Recover|p1b: Milotic\n|-heal|p1b: Milotic|66/100\n|move|p2b: Gyarados|Dragon Dance|p2b: Gyarados\n|-boost|p2b: Gyarados|atk|1\n|-boost|p2b: Gyarados|spe|1\n|\n|-weather|SunnyDay|[upkeep]\n|upkeep\n|turn|11\n|-message|fabinanddje forfeited.\n|\n|win|HHRplaysVGC\n|raw|fabinanddje's rating: 1033 &rarr; <strong>1020</strong><br />(-13 for losing)\n|raw|HHRplaysVGC's rating: 1084 &rarr; <strong>1107</strong><br />(+23 for winning)\n|l|\u2606fabinanddje\n|player|p1|\n",
  "uploadtime": 1776562628,
  "views": 22,
  "formatid": "gen9championsvgc2026regma",
  "rating": 1020,
  "private": 0,
  "password": null
}