{
  "id": "gen9championsvgc2026regma-2582256017",
  "format": "[Gen 9 Champions] VGC 2026 Reg M-A",
  "players": [
    "tetevo085",
    "lolgz"
  ],
  "log": "|j|\u2606tetevo085\n|j|\u2606lolgz\n|t:|1776076757\n|gametype|doubles\n|player|p1|tetevo085|169|1280\n|player|p2|lolgz|266|1382\n|gen|9\n|tier|[Gen 9 Champions] VGC 2026 Reg M-A\n|rated|\n|rule|Species Clause: Limit one of each Pok\u00e9mon\n|rule|Item Clause: Limit 1 of each item\n|clearpoke\n|poke|p1|Kingambit, L50, F|\n|poke|p1|Whimsicott, L50, M|\n|poke|p1|Froslass, L50, F|\n|poke|p1|Greninja-*, L50, F|\n|poke|p1|Dragonite, L50, F|\n|poke|p1|Sneasler, L50, F|\n|poke|p2|Charizard, L50, M|\n|poke|p2|Whimsicott, L50, F|\n|poke|p2|Garchomp, L50, M|\n|poke|p2|Farigiraf, L50, M|\n|poke|p2|Sneasler, L50, F|\n|poke|p2|Floette-Eternal, L50, F|\n|teampreview|4\n|\n|t:|1776076817\n|teamsize|p1|4\n|teamsize|p2|4\n|start\n|switch|p1a: Froslass|Froslass, L50, F|100/100\n|switch|p1b: Dragonite|Dragonite, L50, F|100/100\n|switch|p2a: Whimsicott|Whimsicott, L50, F|100/100\n|switch|p2b: Floette|Floette-Eternal, L50, F|100/100\n|turn|1\n|\n|t:|1776076917\n|detailschange|p1a: Froslass|Froslass-Mega, L50, F\n|-mega|p1a: Froslass|Froslass|Froslassite\n|-weather|Snowscape|[from] ability: Snow Warning|[of] p1a: Froslass\n|detailschange|p2b: Floette|Floette-Mega, L50, F\n|-mega|p2b: Floette|Floette|Floettite\n|-ability|p2b: Floette|Fairy Aura\n|move|p2a: Whimsicott|Tailwind|p2a: Whimsicott\n|-sidestart|p2: lolgz|move: Tailwind\n|move|p2b: Floette|Dazzling Gleam|p1a: Froslass|[spread] p1a,p1b\n|-supereffective|p1b: Dragonite|1\n|-damage|p1a: Froslass|38/100\n|-damage|p1b: Dragonite|42/100\n|move|p1a: Froslass|Blizzard|p2a: Whimsicott|[spread] p2a,p2b\n|-supereffective|p2a: Whimsicott|1\n|-enditem|p2a: Whimsicott|Focus Sash\n|-damage|p2a: Whimsicott|1/100\n|-damage|p2b: Floette|62/100\n|-status|p2a: Whimsicott|frz\n|move|p1b: Dragonite|Rock Slide|p2b: Floette|[spread] p2a,p2b\n|-damage|p2a: Whimsicott|0 fnt\n|-damage|p2b: Floette|35/100\n|faint|p2a: Whimsicott\n|\n|-weather|Snowscape|[upkeep]\n|-heal|p1b: Dragonite|48/100|[from] item: Leftovers\n|upkeep\n|\n|t:|1776076929\n|switch|p2a: Charizard|Charizard, L50, M|100/100\n|turn|2\n|\n|t:|1776076948\n|move|p1a: Froslass|Protect|p1a: Froslass\n|-singleturn|p1a: Froslass|Protect\n|move|p1b: Dragonite|Extreme Speed|p2b: Floette\n|-damage|p2b: Floette|0 fnt\n|faint|p2b: Floette\n|move|p2a: Charizard|Heat Wave|p1a: Froslass|[spread] p1b\n|-activate|p1a: Froslass|move: Protect\n|-resisted|p1b: Dragonite|1\n|-crit|p1b: Dragonite\n|-damage|p1b: Dragonite|21/100\n|\n|-weather|Snowscape|[upkeep]\n|-heal|p1b: Dragonite|27/100|[from] item: Leftovers\n|upkeep\n|\n|t:|1776077000\n|switch|p2b: Sneasler|Sneasler, L50, F|100/100\n|turn|3\n|\n|t:|1776077027\n|switch|p1a: Sneasler|Sneasler, L50, F|100/100\n|move|p1b: Dragonite|Protect|p1b: Dragonite\n|-singleturn|p1b: Dragonite|Protect\n|move|p2b: Sneasler|Fake Out|p1b: Dragonite\n|-activate|p1b: Dragonite|move: Protect\n|move|p2a: Charizard|Heat Wave|p1b: Dragonite|[spread] p1a\n|-activate|p1b: Dragonite|move: Protect\n|-damage|p1a: Sneasler|58/100\n|\n|-weather|Snowscape|[upkeep]\n|-heal|p1b: Dragonite|33/100|[from] item: Leftovers\n|upkeep\n|turn|4\n|\n|t:|1776077055\n|move|p2a: Charizard|Protect|p2a: Charizard\n|-singleturn|p2a: Charizard|Protect\n|move|p1a: Sneasler|Fake Out|p2b: Sneasler\n|-damage|p2b: Sneasler|74/100\n|move|p1b: Dragonite|Extreme Speed|p2b: Sneasler\n|-damage|p2b: Sneasler|25/100\n|cant|p2b: Sneasler|flinch\n|\n|-weather|Snowscape|[upkeep]\n|-heal|p1b: Dragonite|39/100|[from] item: Leftovers\n|-sideend|p2: lolgz|move: Tailwind\n|upkeep\n|turn|5\n|\n|t:|1776077069\n|move|p1b: Dragonite|Extreme Speed|p2b: Sneasler\n|-damage|p2b: Sneasler|0 fnt\n|faint|p2b: Sneasler\n|move|p1a: Sneasler|Dire Claw|p2a: Charizard\n|-damage|p2a: Charizard|31/100\n|move|p2a: Charizard|Heat Wave|p1b: Dragonite|[spread] p1a,p1b\n|-resisted|p1b: Dragonite|1\n|-damage|p1a: Sneasler|13/100\n|-damage|p1b: Dragonite|21/100\n|\n|-weather|none\n|-heal|p1b: Dragonite|27/100|[from] item: Leftovers\n|upkeep\n|turn|6\n|-message|lolgz forfeited.\n|\n|win|tetevo085\n|raw|tetevo085's rating: 1280 &rarr; <strong>1313</strong><br />(+33 for winning)\n|raw|lolgz's rating: 1397 &rarr; <strong>1371</strong><br />(-26 for losing)\n",
  "uploadtime": 1776077076,
  "views": 21,
  "formatid": "gen9championsvgc2026regma",
  "rating": 1313,
  "private": 0,
  "password": null
}