{
  "id": "gen9championsvgc2026regma-2586293244",
  "format": "[Gen 9 Champions] VGC 2026 Reg M-A",
  "players": [
    "faugno",
    "benjiapollo"
  ],
  "log": "|j|\u2606faugno\n|j|\u2606benjiapollo\n|t:|1776422159\n|gametype|doubles\n|player|p1|faugno|ninjaboy|1118\n|player|p2|benjiapollo|giovanni|1175\n|gen|9\n|tier|[Gen 9 Champions] VGC 2026 Reg M-A\n|rated|\n|rule|Species Clause: Limit one of each Pok\u00e9mon\n|rule|Item Clause: Limit 1 of each item\n|clearpoke\n|poke|p1|Conkeldurr, L50, M|\n|poke|p1|Cofagrigus, L50, M|\n|poke|p1|Meganium, L50, M|\n|poke|p1|Incineroar, L50, M|\n|poke|p1|Milotic, L50, M|\n|poke|p1|Skarmory, L50, M|\n|poke|p2|Basculegion, L50, M|\n|poke|p2|Charizard, L50, F|\n|poke|p2|Kingambit, L50, M|\n|poke|p2|Sneasler, L50, M|\n|poke|p2|Venusaur, L50, F|\n|poke|p2|Talonflame, L50, F|\n|teampreview|4\n|inactive|Battle timer is ON: inactive players will automatically lose when time's up. (requested by benjiapollo)\n|inactive|faugno has 60 seconds left.\n|\n|t:|1776422230\n|teamsize|p1|4\n|teamsize|p2|4\n|start\n|switch|p1a: Incineroar|Incineroar, L50, M|100/100\n|switch|p1b: Skarmory|Skarmory, L50, M|100/100\n|switch|p2a: Talonflame|Talonflame, L50, F|100/100\n|switch|p2b: Kingambit|Kingambit, L50, M|100/100\n|-ability|p1a: Incineroar|Intimidate|boost\n|-unboost|p2a: Talonflame|atk|1\n|-unboost|p2b: Kingambit|atk|1\n|-ability|p2b: Kingambit|Defiant|boost\n|-boost|p2b: Kingambit|atk|2\n|turn|1\n|inactive|faugno has 30 seconds left.\n|\n|t:|1776422256\n|move|p2a: Talonflame|Quick Guard|p2a: Talonflame\n|-singleturn|p2a: Talonflame|Quick Guard\n|move|p1a: Incineroar|Fake Out|p2a: Talonflame\n|-activate|p2a: Talonflame|move: Quick Guard\n|move|p1b: Skarmory|Tailwind|p1b: Skarmory\n|-sidestart|p1: faugno|move: Tailwind\n|move|p2b: Kingambit|Kowtow Cleave|p1b: Skarmory\n|-damage|p1b: Skarmory|14/100\n|\n|upkeep\n|turn|2\n|\n|t:|1776422268\n|move|p2a: Talonflame|Tailwind|p2a: Talonflame\n|-sidestart|p2: benjiapollo|move: Tailwind\n|move|p2b: Kingambit|Sucker Punch|p1b: Skarmory\n|-damage|p1b: Skarmory|0 fnt\n|faint|p1b: Skarmory\n|move|p1a: Incineroar|Flare Blitz|p2b: Kingambit\n|-supereffective|p2b: Kingambit|1\n|-damage|p2b: Kingambit|34/100\n|-damage|p1a: Incineroar|78/100|[from] Recoil\n|\n|upkeep\n|\n|t:|1776422274\n|switch|p1b: Meganium|Meganium, L50, M|100/100\n|turn|3\n|\n|t:|1776422298\n|detailschange|p1b: Meganium|Meganium-Mega, L50, M\n|-mega|p1b: Meganium|Meganium|Meganiumite\n|move|p2a: Talonflame|Brave Bird|p1b: Meganium\n|-supereffective|p1b: Meganium|1\n|-damage|p1b: Meganium|50/100\n|-damage|p2a: Talonflame|84/100|[from] Recoil\n|move|p1b: Meganium|Dazzling Gleam|p2b: Kingambit|[spread] p2a,p2b\n|-resisted|p2a: Talonflame|1\n|-damage|p2a: Talonflame|60/100\n|-damage|p2b: Kingambit|2/100\n|move|p1a: Incineroar|Darkest Lariat|p2a: Talonflame\n|-damage|p2a: Talonflame|11/100\n|move|p2b: Kingambit|Iron Head|p1b: Meganium\n|-supereffective|p1b: Meganium|1\n|-damage|p1b: Meganium|0 fnt\n|faint|p1b: Meganium\n|\n|upkeep\n|\n|t:|1776422300\n|switch|p1b: Cofagrigus|Cofagrigus, L50, M|100/100\n|turn|4\n|\n|t:|1776422323\n|move|p2a: Talonflame|Quick Guard|p2a: Talonflame\n|-singleturn|p2a: Talonflame|Quick Guard\n|move|p2b: Kingambit|Sucker Punch||[still]\n|-fail|p2b: Kingambit\n|move|p1a: Incineroar|Darkest Lariat|p2b: Kingambit\n|-resisted|p2b: Kingambit|1\n|-damage|p2b: Kingambit|0 fnt\n|faint|p2b: Kingambit\n|move|p1b: Cofagrigus|Destiny Bond|p1b: Cofagrigus\n|-singlemove|p1b: Cofagrigus|Destiny Bond\n|\n|-sideend|p1: faugno|move: Tailwind\n|upkeep\n|\n|t:|1776422334\n|switch|p2b: Sneasler|Sneasler, L50, M|100/100\n|turn|5\n|\n|t:|1776422352\n|move|p2a: Talonflame|Quick Guard|p2a: Talonflame\n|-singleturn|p2a: Talonflame|Quick Guard\n|move|p2b: Sneasler|Close Combat|p1a: Incineroar\n|-supereffective|p1a: Incineroar|1\n|-damage|p1a: Incineroar|0 fnt\n|-unboost|p2b: Sneasler|def|1\n|-unboost|p2b: Sneasler|spd|1\n|faint|p1a: Incineroar\n|-enditem|p2b: Sneasler|White Herb\n|-clearnegativeboost|p2b: Sneasler|[silent]\n|move|p1b: Cofagrigus|Will-O-Wisp|p2b: Sneasler\n|-status|p2b: Sneasler|brn\n|\n|-damage|p2b: Sneasler|95/100 brn|[from] brn\n|-sideend|p2: benjiapollo|move: Tailwind\n|upkeep\n|turn|6\n|\n|t:|1776422368\n|move|p2b: Sneasler|Dire Claw|p1b: Cofagrigus\n|-resisted|p1b: Cofagrigus|1\n|-damage|p1b: Cofagrigus|93/100\n|-activate|p1b: Cofagrigus|ability: Mummy|p2b: Sneasler|[ability] Unburden\n|move|p2a: Talonflame|Tailwind|p2a: Talonflame\n|-sidestart|p2: benjiapollo|move: Tailwind\n|move|p1b: Cofagrigus|Shadow Ball|p2a: Talonflame\n|-damage|p2a: Talonflame|0 fnt\n|faint|p2a: Talonflame\n|\n|-heal|p1b: Cofagrigus|99/100|[from] item: Leftovers\n|-damage|p2b: Sneasler|89/100 brn|[from] brn\n|upkeep\n|\n|t:|1776422381\n|switch|p2a: Charizard|Charizard, L50, F|100/100\n|turn|7\n|\n|t:|1776422387\n|detailschange|p2a: Charizard|Charizard-Mega-X, L50, F\n|-mega|p2a: Charizard|Charizard|Charizardite X\n|move|p2b: Sneasler|Dire Claw|p1b: Cofagrigus\n|-resisted|p1b: Cofagrigus|1\n|-damage|p1b: Cofagrigus|92/100\n|-status|p1b: Cofagrigus|par\n|move|p2a: Charizard|Flare Blitz|p1b: Cofagrigus\n|-damage|p1b: Cofagrigus|28/100 par\n|-activate|p1b: Cofagrigus|ability: Mummy|p2a: Charizard|[ability] Tough Claws\n|-damage|p2a: Charizard|78/100|[from] Recoil\n|move|p1b: Cofagrigus|Shadow Ball|p2a: Charizard\n|-damage|p2a: Charizard|42/100\n|-unboost|p2a: Charizard|spd|1\n|\n|-heal|p1b: Cofagrigus|34/100 par|[from] item: Leftovers\n|-damage|p2b: Sneasler|83/100 brn|[from] brn\n|upkeep\n|turn|8\n|\n|t:|1776422411\n|move|p2b: Sneasler|Dire Claw|p1b: Cofagrigus\n|-resisted|p1b: Cofagrigus|1\n|-damage|p1b: Cofagrigus|26/100 par\n|move|p2a: Charizard|Flare Blitz|p1b: Cofagrigus\n|-damage|p1b: Cofagrigus|0 fnt\n|faint|p1b: Cofagrigus\n|-damage|p2a: Charizard|33/100|[from] Recoil\n|\n|win|benjiapollo\n|raw|faugno's rating: 1118 &rarr; <strong>1097</strong><br />(-21 for losing)\n|raw|benjiapollo's rating: 1175 &rarr; <strong>1196</strong><br />(+21 for winning)\n|l|\u2606faugno\n|player|p1|\n",
  "uploadtime": 1776422438,
  "views": 25,
  "formatid": "gen9championsvgc2026regma",
  "rating": 1097,
  "private": 0,
  "password": null
}