{
  "id": "gen9championsvgc2026regma-2583915269",
  "format": "[Gen 9 Champions] VGC 2026 Reg M-A",
  "players": [
    "heracles1126",
    "nguyenchi"
  ],
  "log": "|j|\u2606heracles1126\n|j|\u2606nguyenchi\n|t:|1776207944\n|gametype|doubles\n|player|p1|heracles1126|byron|1071\n|player|p2|nguyenchi|rosa|1074\n|gen|9\n|tier|[Gen 9 Champions] VGC 2026 Reg M-A\n|rated|\n|rule|Species Clause: Limit one of each Pok\u00e9mon\n|rule|Item Clause: Limit 1 of each item\n|clearpoke\n|poke|p1|Pelipper, L50, M|\n|poke|p1|Dragonite, L50, F|\n|poke|p1|Basculegion, L50, M|\n|poke|p1|Archaludon, L50, M|\n|poke|p1|Rotom-Wash, L50|\n|poke|p1|Meganium, L50, M|\n|poke|p2|Charizard, L50, F|\n|poke|p2|Whimsicott, L50, F|\n|poke|p2|Garchomp, L50, F|\n|poke|p2|Incineroar, L50, F|\n|poke|p2|Sneasler, L50, M|\n|poke|p2|Farigiraf, L50, F|\n|teampreview|4\n|inactive|Battle timer is ON: inactive players will automatically lose when time's up. (requested by heracles1126)\n|\n|t:|1776207963\n|teamsize|p1|4\n|teamsize|p2|4\n|start\n|switch|p1a: Archaludon|Archaludon, L50, M|100/100\n|switch|p1b: Rotom|Rotom-Wash, L50|100/100\n|switch|p2a: Incineroar|Incineroar, L50, F, shiny|100/100\n|switch|p2b: Sneasler|Sneasler, L50, M|100/100\n|-ability|p2a: Incineroar|Intimidate|boost\n|-unboost|p1a: Archaludon|atk|1\n|-unboost|p1b: Rotom|atk|1\n|-enditem|p1a: Archaludon|White Herb\n|-clearnegativeboost|p1a: Archaludon|[silent]\n|turn|1\n|inactive|heracles1126 has 30 seconds left.\n|\n|t:|1776207988\n|move|p2a: Incineroar|Fake Out|p1b: Rotom\n|-damage|p1b: Rotom|86/100\n|move|p2b: Sneasler|Close Combat|p1b: Rotom\n|-damage|p1b: Rotom|23/100\n|-unboost|p2b: Sneasler|def|1\n|-unboost|p2b: Sneasler|spd|1\n|-enditem|p2b: Sneasler|White Herb\n|-clearnegativeboost|p2b: Sneasler|[silent]\n|cant|p1b: Rotom|flinch\n|move|p1a: Archaludon|Draco Meteor|p2b: Sneasler\n|-damage|p2b: Sneasler|1/100\n|-unboost|p1a: Archaludon|spa|2\n|\n|upkeep\n|turn|2\n|inactive|nguyenchi has 30 seconds left.\n|\n|t:|1776208017\n|move|p1a: Archaludon|Protect|p1a: Archaludon\n|-singleturn|p1a: Archaludon|Protect\n|move|p2b: Sneasler|Dire Claw|p1b: Rotom\n|-damage|p1b: Rotom|0 fnt\n|faint|p1b: Rotom\n|move|p2a: Incineroar|Parting Shot|p1a: Archaludon\n|-activate|p1a: Archaludon|move: Protect\n|\n|upkeep\n|\n|t:|1776208026\n|switch|p1b: Basculegion|Basculegion, L50, M|100/100\n|turn|3\n|\n|t:|1776208049\n|switch|p2b: Whimsicott|Whimsicott, L50, F, shiny|100/100\n|switch|p1a: Pelipper|Pelipper, L50, M|100/100\n|move|p1b: Basculegion|Wave Crash|p2a: Incineroar\n|-supereffective|p2a: Incineroar|1\n|-damage|p2a: Incineroar|0 fnt\n|faint|p2a: Incineroar\n|-damage|p1b: Basculegion|66/100|[from] Recoil\n|\n|upkeep\n|c|\u2606heracles1126|lol\n|\n|t:|1776208062\n|switch|p2a: Sneasler|Sneasler, L50, M|1/100\n|turn|4\n|c|\u2606heracles1126|forgot drizzle hahaha\n|\n|t:|1776208075\n|switch|p1a: Archaludon|Archaludon, L50, M|100/100\n|move|p2a: Sneasler|Fake Out|p1a: Archaludon\n|-resisted|p1a: Archaludon|1\n|-damage|p1a: Archaludon|95/100\n|-ability|p1a: Archaludon|Stamina|boost\n|-boost|p1a: Archaludon|def|1\n|move|p2b: Whimsicott|Tailwind|p2b: Whimsicott\n|-sidestart|p2: nguyenchi|move: Tailwind\n|move|p1b: Basculegion|Aqua Jet|p2a: Sneasler\n|-damage|p2a: Sneasler|0 fnt\n|faint|p2a: Sneasler\n|\n|upkeep\n|\n|t:|1776208086\n|switch|p2a: Charizard|Charizard, L50, F, shiny|100/100\n|turn|5\n|\n|t:|1776208099\n|switch|p1b: Pelipper|Pelipper, L50, M|100/100\n|detailschange|p2a: Charizard|Charizard-Mega-Y, L50, F, shiny\n|-mega|p2a: Charizard|Charizard|Charizardite Y\n|-weather|SunnyDay|[from] ability: Drought|[of] p2a: Charizard\n|move|p2b: Whimsicott|Moonblast|p1b: Pelipper\n|-damage|p1b: Pelipper|34/100\n|move|p2a: Charizard|Heat Wave|p1b: Pelipper|[spread] p1a,p1b\n|-resisted|p1b: Pelipper|1\n|-damage|p1a: Archaludon|3/100\n|-damage|p1b: Pelipper|0 fnt\n|-ability|p1a: Archaludon|Stamina|boost\n|-boost|p1a: Archaludon|def|1\n|faint|p1b: Pelipper\n|move|p1a: Archaludon|Electro Shot||[still]\n|-prepare|p1a: Archaludon|Electro Shot\n|-boost|p1a: Archaludon|spa|1\n|\n|-weather|SunnyDay|[upkeep]\n|upkeep\n|\n|t:|1776208110\n|switch|p1b: Basculegion|Basculegion, L50, M|66/100\n|turn|6\n|\n|t:|1776208117\n|move|p1b: Basculegion|Protect|p1b: Basculegion\n|-singleturn|p1b: Basculegion|Protect\n|move|p2b: Whimsicott|Moonblast|p1b: Basculegion\n|-activate|p1b: Basculegion|move: Protect\n|move|p2a: Charizard|Heat Wave|p1a: Archaludon|[spread] p1a\n|-activate|p1b: Basculegion|move: Protect\n|-damage|p1a: Archaludon|0 fnt\n|faint|p1a: Archaludon\n|\n|-weather|SunnyDay|[upkeep]\n|upkeep\n|turn|7\n|\n|t:|1776208133\n|move|p2b: Whimsicott|Moonblast|p1b: Basculegion\n|-crit|p1b: Basculegion\n|-damage|p1b: Basculegion|3/100\n|move|p2a: Charizard|Solar Beam||[still]\n|-prepare|p2a: Charizard|Solar Beam\n|-anim|p2a: Charizard|Solar Beam|p1b: Basculegion\n|-supereffective|p1b: Basculegion|1\n|-damage|p1b: Basculegion|0 fnt\n|faint|p1b: Basculegion\n|\n|win|nguyenchi\n|raw|heracles1126's rating: 1071 &rarr; <strong>1051</strong><br />(-20 for losing)\n|raw|nguyenchi's rating: 1074 &rarr; <strong>1103</strong><br />(+29 for winning)\n|l|\u2606heracles1126\n|player|p1|\n",
  "uploadtime": 1776208146,
  "views": 12,
  "formatid": "gen9championsvgc2026regma",
  "rating": 1051,
  "private": 0,
  "password": null
}