{
  "id": "gen9championsvgc2026regma-2583469303",
  "format": "[Gen 9 Champions] VGC 2026 Reg M-A",
  "players": [
    "Maphru",
    "braychapp"
  ],
  "log": "|j|\u2606Maphru\n|j|\u2606braychapp\n|t:|1776177650\n|gametype|doubles\n|player|p1|Maphru|1|1000\n|player|p2|braychapp|2|1083\n|gen|9\n|tier|[Gen 9 Champions] VGC 2026 Reg M-A\n|rated|\n|rule|Species Clause: Limit one of each Pok\u00e9mon\n|rule|Item Clause: Limit 1 of each item\n|clearpoke\n|poke|p1|Politoed, L50, M|\n|poke|p1|Archaludon, L50, M|\n|poke|p1|Gengar, L50, F|\n|poke|p1|Snorlax, L50, M|\n|poke|p1|Sinistcha, L50|\n|poke|p1|Incineroar, L50, M|\n|poke|p2|Rotom-Wash, L50|\n|poke|p2|Garchomp, L50, M|\n|poke|p2|Gyarados, L50, M|\n|poke|p2|Gliscor, L50, F|\n|poke|p2|Mamoswine, L50, F|\n|poke|p2|Chandelure, L50, M|\n|teampreview|4\n|inactive|Battle timer is ON: inactive players will automatically lose when time's up. (requested by braychapp)\n|inactive|Maphru has 60 seconds left.\n|\n|t:|1776177725\n|teamsize|p1|4\n|teamsize|p2|4\n|start\n|switch|p1a: Politoed|Politoed, L50, M|100/100\n|switch|p1b: Incineroar|Incineroar, L50, M|100/100\n|switch|p2a: Rotom|Rotom-Wash, L50|100/100\n|switch|p2b: Garchomp|Garchomp, L50, M|100/100\n|-weather|RainDance|[from] ability: Drizzle|[of] p1a: Politoed\n|-ability|p1b: Incineroar|Intimidate|boost\n|-unboost|p2a: Rotom|atk|1\n|-unboost|p2b: Garchomp|atk|1\n|turn|1\n|inactive|Maphru has 30 seconds left.\n|\n|t:|1776177759\n|move|p2b: Garchomp|Protect|p2b: Garchomp\n|-singleturn|p2b: Garchomp|Protect\n|move|p1b: Incineroar|Fake Out|p2a: Rotom\n|-damage|p2a: Rotom|86/100\n|move|p1a: Politoed|Weather Ball|p2b: Garchomp\n|-activate|p2b: Garchomp|move: Protect\n|cant|p2a: Rotom|flinch\n|\n|-weather|RainDance|[upkeep]\n|upkeep\n|turn|2\n|\n|t:|1776177783\n|move|p1a: Politoed|Protect|p1a: Politoed\n|-singleturn|p1a: Politoed|Protect\n|move|p2b: Garchomp|Earthquake|p1b: Incineroar|[spread] p1b\n|-activate|p1a: Politoed|move: Protect\n|-immune|p2a: Rotom|[from] ability: Levitate\n|-supereffective|p1b: Incineroar|1\n|-damage|p1b: Incineroar|56/100\n|move|p2a: Rotom|Discharge|p1b: Incineroar|[spread] p1b\n|-activate|p1a: Politoed|move: Protect\n|-immune|p2b: Garchomp\n|-damage|p1b: Incineroar|29/100\n|move|p1b: Incineroar|Parting Shot|p2b: Garchomp\n|-unboost|p2b: Garchomp|atk|1\n|-unboost|p2b: Garchomp|spa|1\n|\n|t:|1776177802\n|switch|p1b: Gengar|Gengar, L50, F|100/100|[from] Parting Shot\n|\n|-weather|RainDance|[upkeep]\n|upkeep\n|turn|3\n|\n|t:|1776177820\n|move|p1b: Gengar|Protect|p1b: Gengar\n|-singleturn|p1b: Gengar|Protect\n|move|p2b: Garchomp|Earthquake|p1b: Gengar|[spread] p1a\n|-activate|p1b: Gengar|move: Protect\n|-immune|p2a: Rotom|[from] ability: Levitate\n|-damage|p1a: Politoed|73/100\n|move|p1a: Politoed|Weather Ball|p2b: Garchomp\n|-damage|p2b: Garchomp|37/100\n|move|p2a: Rotom|Discharge|p1b: Gengar|[spread] p1a\n|-activate|p1b: Gengar|move: Protect\n|-immune|p2b: Garchomp\n|-supereffective|p1a: Politoed|1\n|-damage|p1a: Politoed|11/100\n|\n|-weather|RainDance|[upkeep]\n|upkeep\n|turn|4\n|inactive|Maphru has 30 seconds left.\n|\n|t:|1776177849\n|move|p1a: Politoed|Protect|p1a: Politoed\n|-singleturn|p1a: Politoed|Protect\n|move|p1b: Gengar|Shadow Ball|p2b: Garchomp\n|-damage|p2b: Garchomp|0 fnt\n|faint|p2b: Garchomp\n|move|p2a: Rotom|Discharge|p1a: Politoed|[spread] p1b\n|-activate|p1a: Politoed|move: Protect\n|-damage|p1b: Gengar|58/100\n|-start|p2a: Rotom|Disable|Discharge|[from] ability: Cursed Body|[of] p1b: Gengar\n|\n|-weather|RainDance|[upkeep]\n|upkeep\n|\n|t:|1776177856\n|switch|p2b: Mamoswine|Mamoswine, L50, F|100/100\n|turn|5\n|\n|t:|1776177879\n|switch|p2a: Gyarados|Gyarados, L50, M|100/100\n|-ability|p2a: Gyarados|Intimidate|boost\n|-unboost|p1a: Politoed|atk|1\n|-unboost|p1b: Gengar|atk|1\n|move|p2b: Mamoswine|Ice Shard|p1a: Politoed\n|-resisted|p1a: Politoed|1\n|-damage|p1a: Politoed|0 fnt\n|faint|p1a: Politoed\n|move|p1b: Gengar|Sludge Bomb|p2b: Mamoswine\n|-resisted|p2b: Mamoswine|1\n|-damage|p2b: Mamoswine|70/100\n|-status|p2b: Mamoswine|psn\n|\n|-weather|none\n|-damage|p2b: Mamoswine|57/100 psn|[from] psn\n|upkeep\n|\n|t:|1776177898\n|switch|p1a: Incineroar|Incineroar, L50, M|29/100\n|-ability|p1a: Incineroar|Intimidate|boost\n|-unboost|p2a: Gyarados|atk|1\n|-unboost|p2b: Mamoswine|atk|1\n|turn|6\n|\n|t:|1776177919\n|detailschange|p1b: Gengar|Gengar-Mega, L50, F\n|-mega|p1b: Gengar|Gengar|Gengarite\n|move|p2b: Mamoswine|Protect|p2b: Mamoswine\n|-singleturn|p2b: Mamoswine|Protect\n|move|p1a: Incineroar|Fake Out|p2a: Gyarados\n|-damage|p2a: Gyarados|87/100\n|move|p1b: Gengar|Perish Song|p1b: Gengar\n|-start|p1a: Incineroar|perish3|[silent]\n|-start|p1b: Gengar|perish3|[silent]\n|-start|p2a: Gyarados|perish3|[silent]\n|-start|p2b: Mamoswine|perish3|[silent]\n|-fieldactivate|move: Perish Song\n|cant|p2a: Gyarados|flinch\n|\n|-damage|p2b: Mamoswine|45/100 psn|[from] psn\n|-start|p1b: Gengar|perish3\n|-start|p2b: Mamoswine|perish3\n|-start|p2a: Gyarados|perish3\n|-start|p1a: Incineroar|perish3\n|upkeep\n|turn|7\n|inactive|Maphru has 30 seconds left.\n|\n|t:|1776177949\n|move|p1b: Gengar|Protect|p1b: Gengar\n|-singleturn|p1b: Gengar|Protect\n|move|p2b: Mamoswine|Earthquake|p1a: Incineroar|[spread] p1a\n|-activate|p1b: Gengar|move: Protect\n|-immune|p2a: Gyarados\n|-supereffective|p1a: Incineroar|1\n|-damage|p1a: Incineroar|0 fnt\n|faint|p1a: Incineroar\n|move|p2a: Gyarados|Waterfall|p1b: Gengar\n|-activate|p1b: Gengar|move: Protect\n|\n|-damage|p2b: Mamoswine|33/100 psn|[from] psn\n|-start|p1b: Gengar|perish2\n|-start|p2b: Mamoswine|perish2\n|-start|p2a: Gyarados|perish2\n|upkeep\n|\n|t:|1776177967\n|switch|p1a: Sinistcha|Sinistcha, L50|100/100\n|-heal|p1b: Gengar|82/100|[from] ability: Hospitality|[of] p1a: Sinistcha\n|turn|8\n|\n|t:|1776177988\n|move|p1a: Sinistcha|Rage Powder|p1a: Sinistcha\n|-singleturn|p1a: Sinistcha|move: Rage Powder\n|move|p1b: Gengar|Shadow Ball|p2b: Mamoswine\n|-damage|p2b: Mamoswine|0 fnt\n|faint|p2b: Mamoswine\n|move|p2a: Gyarados|Taunt|p1a: Sinistcha\n|-start|p1a: Sinistcha|move: Taunt\n|\n|-start|p1b: Gengar|perish1\n|-start|p2a: Gyarados|perish1\n|upkeep\n|\n|t:|1776177993\n|switch|p2b: Rotom|Rotom-Wash, L50|86/100\n|turn|9\n|inactive|Maphru has 30 seconds left.\n|\n|t:|1776178023\n|detailschange|p2a: Gyarados|Gyarados-Mega, L50, M\n|-mega|p2a: Gyarados|Gyarados|Gyaradosite\n|-ability|p2a: Gyarados|Mold Breaker\n|move|p1b: Gengar|Shadow Ball|p2b: Rotom\n|-damage|p2b: Rotom|34/100\n|-enditem|p2b: Rotom|Sitrus Berry|[eat]\n|-heal|p2b: Rotom|58/100|[from] item: Sitrus Berry\n|move|p2b: Rotom|Thunder Wave|p1a: Sinistcha\n|-status|p1a: Sinistcha|par\n|move|p2a: Gyarados|Waterfall|p1a: Sinistcha\n|-resisted|p1a: Sinistcha|1\n|-damage|p1a: Sinistcha|85/100 par\n|move|p1a: Sinistcha|Matcha Gotcha|p2a: Gyarados|[spread] p2b\n|-miss|p1a: Sinistcha|p2a: Gyarados\n|-supereffective|p2b: Rotom|1\n|-damage|p2b: Rotom|1/100\n|-heal|p1a: Sinistcha|100/100 par|[from] drain|[of] p2b: Rotom\n|\n|-start|p1b: Gengar|perish0\n|-start|p2a: Gyarados|perish0\n|upkeep\n|faint|p1b: Gengar\n|faint|p2a: Gyarados\n|turn|10\n|inactive|Maphru has 30 seconds left.\n|inactive|braychapp has 30 seconds left.\n|inactive|braychapp has 20 seconds left.\n|inactive|braychapp has 15 seconds left.\n|inactive|braychapp has 10 seconds left.\n|inactive|braychapp has 5 seconds left.\n|\n|t:|1776178078\n|move|p2b: Rotom|Discharge|p1a: Sinistcha\n|-resisted|p1a: Sinistcha|1\n|-damage|p1a: Sinistcha|84/100 par\n|move|p1a: Sinistcha|Matcha Gotcha|p2b: Rotom\n|-supereffective|p2b: Rotom|1\n|-damage|p2b: Rotom|0 fnt\n|-heal|p1a: Sinistcha|84/100 par|[from] drain|[of] p2b: Rotom\n|faint|p2b: Rotom\n|\n|win|Maphru\n|raw|Maphru's rating: 1000 &rarr; <strong>1049</strong><br />(+49 for winning)\n|raw|braychapp's rating: 1083 &rarr; <strong>1055</strong><br />(-28 for losing)\n|l|\u2606braychapp\n|player|p2|\n",
  "uploadtime": 1776178091,
  "views": 27,
  "formatid": "gen9championsvgc2026regma",
  "rating": 1049,
  "private": 0,
  "password": null
}