{
  "id": "gen9championsvgc2026regma-2582395072",
  "format": "[Gen 9 Champions] VGC 2026 Reg M-A",
  "players": [
    "Icarus#UPAD",
    "Niko highway"
  ],
  "log": "|j|\u2606Icarus#UPAD\n|j|\u2606Niko highway\n|t:|1776088829\n|gametype|doubles\n|player|p1|Icarus#UPAD|1|1389\n|player|p2|Niko highway|169|1387\n|gen|9\n|tier|[Gen 9 Champions] VGC 2026 Reg M-A\n|rated|\n|rule|Species Clause: Limit one of each Pok\u00e9mon\n|rule|Item Clause: Limit 1 of each item\n|clearpoke\n|poke|p1|Floette-Eternal, L50, F|\n|poke|p1|Maushold, L50|\n|poke|p1|Garchomp, L50, M|\n|poke|p1|Talonflame, L50, F|\n|poke|p1|Rotom-Wash, L50|\n|poke|p1|Kingambit, L50, M|\n|poke|p2|Incineroar, L50, F|\n|poke|p2|Conkeldurr, L50, M|\n|poke|p2|Sinistcha, L50|\n|poke|p2|Cofagrigus, L50, M|\n|poke|p2|Drampa, L50, M|\n|poke|p2|Aggron, L50, F|\n|teampreview|4\n|inactive|Battle timer is ON: inactive players will automatically lose when time's up. (requested by Icarus#UPAD)\n|\n|t:|1776088866\n|teamsize|p1|4\n|teamsize|p2|4\n|start\n|switch|p1a: Garchomp|Garchomp, L50, M|100/100\n|switch|p1b: Talonflame|Talonflame, L50, F|100/100\n|switch|p2a: Conkeldurr|Conkeldurr, L50, M|100/100\n|switch|p2b: Cofagrigus|Cofagrigus, L50, M|100/100\n|turn|1\n|inactive|Niko highway has 30 seconds left.\n|inactive|Niko highway has 20 seconds left.\n|inactive|Niko highway has 15 seconds left.\n|\n|t:|1776088909\n|move|p2a: Conkeldurr|Wide Guard|p2a: Conkeldurr\n|-singleturn|p2a: Conkeldurr|Wide Guard\n|move|p1b: Talonflame|Acrobatics|p2a: Conkeldurr\n|-supereffective|p2a: Conkeldurr|1\n|-damage|p2a: Conkeldurr|30/100\n|move|p1a: Garchomp|Earthquake|p2b: Cofagrigus|[spread] \n|-activate|p2a: Conkeldurr|move: Wide Guard\n|-activate|p2b: Cofagrigus|move: Wide Guard\n|-immune|p1b: Talonflame\n|move|p2b: Cofagrigus|Shadow Ball|p1b: Talonflame\n|-crit|p1b: Talonflame\n|-damage|p1b: Talonflame|38/100\n|\n|upkeep\n|turn|2\n|\n|t:|1776088928\n|switch|p2a: Incineroar|Incineroar, L50, F|100/100\n|-ability|p2a: Incineroar|Intimidate|boost\n|-unboost|p1a: Garchomp|atk|1\n|-unboost|p1b: Talonflame|atk|1\n|move|p1b: Talonflame|Acrobatics|p2a: Incineroar\n|-damage|p2a: Incineroar|76/100\n|move|p1a: Garchomp|Stomping Tantrum|p2b: Cofagrigus\n|-crit|p2b: Cofagrigus\n|-damage|p2b: Cofagrigus|5/100\n|-activate|p2b: Cofagrigus|ability: Mummy|p1a: Garchomp|[ability] Rough Skin\n|move|p2b: Cofagrigus|Trick Room|p2b: Cofagrigus\n|-fieldstart|move: Trick Room|[of] p2b: Cofagrigus\n|\n|-heal|p2b: Cofagrigus|11/100|[from] item: Leftovers\n|upkeep\n|turn|3\n|\n|t:|1776088954\n|move|p1a: Garchomp|Protect|p1a: Garchomp\n|-singleturn|p1a: Garchomp|Protect\n|move|p1b: Talonflame|Protect|p1b: Talonflame\n|-singleturn|p1b: Talonflame|Protect\n|move|p2b: Cofagrigus|Will-O-Wisp|p1a: Garchomp\n|-activate|p1a: Garchomp|move: Protect\n|move|p2a: Incineroar|Throat Chop|p1b: Talonflame\n|-activate|p1b: Talonflame|move: Protect\n|\n|-heal|p2b: Cofagrigus|17/100|[from] item: Leftovers\n|upkeep\n|turn|4\n|inactive|Icarus#UPAD has 30 seconds left.\n|\n|t:|1776088981\n|switch|p1b: Floette|Floette-Eternal, L50, F|100/100\n|move|p2b: Cofagrigus|Will-O-Wisp|p1a: Garchomp\n|-status|p1a: Garchomp|brn\n|move|p2a: Incineroar|Throat Chop|p1b: Floette\n|-resisted|p1b: Floette|1\n|-damage|p1b: Floette|74/100\n|-start|p1b: Floette|Throat Chop|[silent]\n|move|p1a: Garchomp|Stomping Tantrum|p2a: Incineroar\n|-supereffective|p2a: Incineroar|1\n|-damage|p2a: Incineroar|49/100\n|-enditem|p2a: Incineroar|Sitrus Berry|[eat]\n|-heal|p2a: Incineroar|74/100|[from] item: Sitrus Berry\n|\n|-heal|p2b: Cofagrigus|24/100|[from] item: Leftovers\n|-damage|p1a: Garchomp|95/100 brn|[from] brn\n|upkeep\n|turn|5\n|inactive|Icarus#UPAD has 30 seconds left.\n|inactive|Niko highway has 30 seconds left.\n|\n|t:|1776089008\n|move|p1b: Floette|Protect|p1b: Floette\n|-singleturn|p1b: Floette|Protect\n|move|p2b: Cofagrigus|Shadow Ball|p1b: Floette\n|-activate|p1b: Floette|move: Protect\n|move|p2a: Incineroar|Flare Blitz|p1b: Floette\n|-activate|p1b: Floette|move: Protect\n|move|p1a: Garchomp|Earthquake|p2a: Incineroar|[spread] p2a,p2b\n|-activate|p1b: Floette|move: Protect\n|-supereffective|p2a: Incineroar|1\n|-damage|p2a: Incineroar|45/100\n|-damage|p2b: Cofagrigus|12/100\n|\n|-heal|p2b: Cofagrigus|19/100|[from] item: Leftovers\n|-damage|p1a: Garchomp|89/100 brn|[from] brn\n|-end|p1b: Floette|Throat Chop|[silent]\n|upkeep\n|turn|6\n|\n|t:|1776089028\n|switch|p1b: Talonflame|Talonflame, L50, F|38/100\n|move|p2b: Cofagrigus|Shadow Ball|p1b: Talonflame\n|-damage|p1b: Talonflame|0 fnt\n|faint|p1b: Talonflame\n|move|p2a: Incineroar|Parting Shot|p1a: Garchomp\n|-unboost|p1a: Garchomp|atk|1\n|-unboost|p1a: Garchomp|spa|1\n|\n|t:|1776089039\n|switch|p2a: Conkeldurr|Conkeldurr, L50, M|30/100|[from] Parting Shot\n|move|p1a: Garchomp|Earthquake|p2b: Cofagrigus|[spread] p2a,p2b\n|-damage|p2a: Conkeldurr|19/100\n|-damage|p2b: Cofagrigus|10/100\n|\n|-heal|p2b: Cofagrigus|17/100|[from] item: Leftovers\n|-damage|p1a: Garchomp|83/100 brn|[from] brn\n|-fieldend|move: Trick Room\n|upkeep\n|\n|t:|1776089052\n|switch|p1b: Floette|Floette-Eternal, L50, F|74/100\n|turn|7\n|j| davidauscc\n|inactive|Niko highway has 30 seconds left.\n|inactive|Niko highway has 20 seconds left.\n|inactive|Niko highway has 15 seconds left.\n|inactive|Niko highway has 10 seconds left.\n|\n|t:|1776089101\n|switch|p2b: Incineroar|Incineroar, L50, F|45/100\n|-ability|p2b: Incineroar|Intimidate|boost\n|-unboost|p1a: Garchomp|atk|1\n|-unboost|p1b: Floette|atk|1\n|detailschange|p1b: Floette|Floette-Mega, L50, F\n|-mega|p1b: Floette|Floette|Floettite\n|-ability|p1b: Floette|Fairy Aura\n|move|p2a: Conkeldurr|Mach Punch|p1a: Garchomp\n|-damage|p1a: Garchomp|46/100 brn\n|-activate|p1a: Garchomp|ability: Mummy|p2a: Conkeldurr|[ability] Iron Fist\n|move|p1a: Garchomp|Stomping Tantrum|p2a: Conkeldurr\n|-damage|p2a: Conkeldurr|11/100\n|move|p1b: Floette|Moonblast|p2b: Incineroar\n|-damage|p2b: Incineroar|0 fnt\n|faint|p2b: Incineroar\n|\n|-damage|p1a: Garchomp|40/100 brn|[from] brn\n|upkeep\n|\n|t:|1776089119\n|switch|p2b: Aggron|Aggron, L50, F|100/100\n|turn|8\n|inactive|Icarus#UPAD has 30 seconds left.\n|\n|t:|1776089145\n|switch|p1a: Maushold|Maushold, L50|100/100\n|detailschange|p2b: Aggron|Aggron-Mega, L50, F\n|-mega|p2b: Aggron|Aggron|Aggronite\n|move|p1b: Floette|Protect|p1b: Floette\n|-singleturn|p1b: Floette|Protect\n|move|p2b: Aggron|Protect|p2b: Aggron\n|-singleturn|p2b: Aggron|Protect\n|move|p2a: Conkeldurr|Mach Punch|p1a: Maushold\n|-supereffective|p1a: Maushold|1\n|-damage|p1a: Maushold|31/100\n|\n|upkeep\n|turn|9\n|inactive|Icarus#UPAD has 30 seconds left.\n|\n|t:|1776089171\n|move|p1a: Maushold|Protect|p1a: Maushold\n|-singleturn|p1a: Maushold|Protect\n|move|p2a: Conkeldurr|Mach Punch|p1a: Maushold\n|-activate|p1a: Maushold|move: Protect\n|move|p1b: Floette|Dazzling Gleam|p2b: Aggron|[spread] p2a,p2b\n|-supereffective|p2a: Conkeldurr|1\n|-resisted|p2b: Aggron|1\n|-damage|p2a: Conkeldurr|0 fnt\n|-damage|p2b: Aggron|76/100\n|faint|p2a: Conkeldurr\n|move|p2b: Aggron|Heavy Slam|p1b: Floette\n|-supereffective|p1b: Floette|1\n|-damage|p1b: Floette|9/100\n|\n|upkeep\n|\n|t:|1776089182\n|switch|p2a: Cofagrigus|Cofagrigus, L50, M|17/100\n|turn|10\n|\n|t:|1776089187\n|move|p1a: Maushold|Super Fang|p2b: Aggron\n|-damage|p2b: Aggron|38/100\n|move|p1b: Floette|Moonblast|p2a: Cofagrigus\n|-damage|p2a: Cofagrigus|0 fnt\n|faint|p2a: Cofagrigus\n|move|p2b: Aggron|Heavy Slam|p1b: Floette\n|-supereffective|p1b: Floette|1\n|-crit|p1b: Floette\n|-damage|p1b: Floette|0 fnt\n|faint|p1b: Floette\n|\n|upkeep\n|\n|t:|1776089192\n|switch|p1b: Garchomp|Garchomp, L50, M|40/100 brn\n|turn|11\n|\n|t:|1776089215\n|move|p1a: Maushold|Super Fang|p2b: Aggron|[miss]\n|-miss|p1a: Maushold|p2b: Aggron\n|move|p1b: Garchomp|Stomping Tantrum|p2b: Aggron\n|-supereffective|p2b: Aggron|1\n|-damage|p2b: Aggron|21/100\n|move|p2b: Aggron|Heavy Slam|p1b: Garchomp\n|-damage|p1b: Garchomp|5/100 brn\n|-damage|p2b: Aggron|8/100|[from] ability: Rough Skin|[of] p1b: Garchomp\n|\n|-damage|p1b: Garchomp|0 fnt|[from] brn\n|faint|p1b: Garchomp\n|upkeep\n|turn|12\n|c|\u2606Icarus#UPAD|gg\n|c|\u2606Niko highway|gg\n|\n|t:|1776089226\n|move|p1a: Maushold|Super Fang|p2b: Aggron\n|-damage|p2b: Aggron|4/100\n|move|p2b: Aggron|Body Press|p1a: Maushold\n|-supereffective|p1a: Maushold|1\n|-damage|p1a: Maushold|0 fnt\n|faint|p1a: Maushold\n|\n|win|Niko highway\n|raw|Icarus#UPAD's rating: 1389 &rarr; <strong>1369</strong><br />(-20 for losing)\n|raw|Niko highway's rating: 1387 &rarr; <strong>1407</strong><br />(+20 for winning)\n|l|\u2606Icarus#UPAD\n|player|p1|\n",
  "uploadtime": 1776089255,
  "views": 53,
  "formatid": "gen9championsvgc2026regma",
  "rating": 1369,
  "private": 0,
  "password": null
}