{
  "id": "gen9championsvgc2026regma-2584470120",
  "format": "[Gen 9 Champions] VGC 2026 Reg M-A",
  "players": [
    "steelman9",
    "g7ez"
  ],
  "log": "|j|\u203dsteelman9\n|j|\u2606g7ez\n|t:|1776263021\n|gametype|doubles\n|player|p1|steelman9|veteran|1029\n|player|p2|g7ez|bugcatcher-gen4dp|1097\n|gen|9\n|tier|[Gen 9 Champions] VGC 2026 Reg M-A\n|rated|\n|rule|Species Clause: Limit one of each Pok\u00e9mon\n|rule|Item Clause: Limit 1 of each item\n|clearpoke\n|poke|p1|Meganium, L50, F|\n|poke|p1|Whimsicott, L50, M|\n|poke|p1|Pelipper, L50, M|\n|poke|p1|Archaludon, L50, F|\n|poke|p1|Blastoise, L50, M|\n|poke|p1|Kleavor, L50, M|\n|poke|p2|Kangaskhan, L50, F|\n|poke|p2|Aerodactyl, L50, M|\n|poke|p2|Milotic, L50, F|\n|poke|p2|Sableye, L50, F|\n|poke|p2|Sinistcha-Masterpiece, L50|\n|poke|p2|Orthworm, L50, F|\n|teampreview|4\n|inactive|Battle timer is ON: inactive players will automatically lose when time's up. (requested by g7ez)\n|inactive|g7ez has 60 seconds left.\n|\n|t:|1776263077\n|teamsize|p1|4\n|teamsize|p2|4\n|start\n|switch|p1a: Meganium|Meganium, L50, F|100/100\n|switch|p1b: Whimsicott|Whimsicott, L50, M, shiny|100/100\n|switch|p2a: Kangaskhan|Kangaskhan, L50, F|100/100\n|switch|p2b: Orthworm|Orthworm, L50, F|100/100\n|turn|1\n|\n|t:|1776263091\n|detailschange|p2a: Kangaskhan|Kangaskhan-Mega, L50, F\n|-mega|p2a: Kangaskhan|Kangaskhan|Kangaskhanite\n|detailschange|p1a: Meganium|Meganium-Mega, L50, F\n|-mega|p1a: Meganium|Meganium|Meganiumite\n|move|p2a: Kangaskhan|Fake Out|p1a: Meganium\n|-damage|p1a: Meganium|79/100\n|-damage|p1a: Meganium|74/100\n|-hitcount|p1a: Meganium|2\n|move|p1b: Whimsicott|Tailwind|p1b: Whimsicott\n|-sidestart|p1: steelman9|move: Tailwind\n|cant|p1a: Meganium|flinch\n|move|p2b: Orthworm|Shed Tail|p2b: Orthworm\n|-start|p2b: Orthworm|Substitute|[from] move: Shed Tail\n|-damage|p2b: Orthworm|50/100\n|-enditem|p2b: Orthworm|Sitrus Berry|[eat]\n|-heal|p2b: Orthworm|75/100|[from] item: Sitrus Berry\n|\n|t:|1776263113\n|switch|p2b: Aerodactyl|Aerodactyl, L50, M|100/100|[from] Shed Tail\n|-ability|p2b: Aerodactyl|Unnerve\n|\n|upkeep\n|turn|2\n|\n|t:|1776263129\n|move|p2a: Kangaskhan|Protect|p2a: Kangaskhan\n|-singleturn|p2a: Kangaskhan|Protect\n|move|p1b: Whimsicott|Moonblast|p2a: Kangaskhan\n|-activate|p2a: Kangaskhan|move: Protect\n|move|p1a: Meganium|Dazzling Gleam|p2b: Aerodactyl|[spread] p2b\n|-activate|p2a: Kangaskhan|move: Protect\n|-end|p2b: Aerodactyl|Substitute\n|move|p2b: Aerodactyl|Tailwind|p2b: Aerodactyl\n|-sidestart|p2: g7ez|move: Tailwind\n|\n|upkeep\n|turn|3\n|inactive|steelman9 has 30 seconds left.\n|inactive|g7ez has 30 seconds left.\n|\n|t:|1776263155\n|switch|p2b: Orthworm|Orthworm, L50, F|75/100\n|move|p1b: Whimsicott|Moonblast|p2a: Kangaskhan\n|-damage|p2a: Kangaskhan|65/100\n|move|p2a: Kangaskhan|Double-Edge|p1a: Meganium\n|-damage|p1a: Meganium|16/100\n|-damage|p1a: Meganium|0 fnt\n|faint|p1a: Meganium\n|-hitcount|p1: Meganium|2\n|-damage|p2a: Kangaskhan|44/100|[from] Recoil\n|\n|upkeep\n|\n|t:|1776263172\n|switch|p1a: Kleavor|Kleavor, L50, M|100/100\n|turn|4\n|inactive|steelman9 has 30 seconds left.\n|inactive|g7ez has 30 seconds left.\n|inactive|g7ez has 20 seconds left.\n|inactive|g7ez has 15 seconds left.\n|inactive|g7ez has 10 seconds left.\n|\n|t:|1776263217\n|move|p2a: Kangaskhan|Protect|p2a: Kangaskhan\n|-singleturn|p2a: Kangaskhan|Protect\n|move|p1b: Whimsicott|Taunt|p2b: Orthworm\n|-start|p2b: Orthworm|move: Taunt\n|move|p1a: Kleavor|Stone Axe|p2a: Kangaskhan\n|-activate|p2a: Kangaskhan|move: Protect\n|move|p2b: Orthworm|Heavy Slam|p1a: Kleavor\n|-supereffective|p1a: Kleavor|1\n|-damage|p1a: Kleavor|35/100\n|\n|-sideend|p1: steelman9|move: Tailwind\n|upkeep\n|turn|5\n|\n|t:|1776263236\n|move|p1b: Whimsicott|Tailwind|p1b: Whimsicott\n|-sidestart|p1: steelman9|move: Tailwind\n|move|p1a: Kleavor|Stone Axe|p2a: Kangaskhan\n|-damage|p2a: Kangaskhan|0 fnt\n|-sidestart|p2: g7ez|move: Stealth Rock\n|faint|p2a: Kangaskhan\n|move|p2b: Orthworm|Heavy Slam|p1b: Whimsicott\n|-supereffective|p1b: Whimsicott|1\n|-enditem|p1b: Whimsicott|Focus Sash\n|-damage|p1b: Whimsicott|1/100\n|\n|-sideend|p2: g7ez|move: Tailwind\n|upkeep\n|\n|t:|1776263252\n|switch|p2a: Sinistcha|Sinistcha-Masterpiece, L50|100/100\n|-damage|p2a: Sinistcha|88/100|[from] Stealth Rock\n|-heal|p2b: Orthworm|99/100|[from] ability: Hospitality|[of] p2a: Sinistcha\n|turn|6\n|\n|t:|1776263271\n|switch|p2b: Aerodactyl|Aerodactyl, L50, M|100/100\n|-ability|p2b: Aerodactyl|Unnerve\n|-damage|p2b: Aerodactyl|76/100|[from] Stealth Rock\n|move|p1a: Kleavor|Stone Axe|p2a: Sinistcha\n|-damage|p2a: Sinistcha|51/100\n|move|p1b: Whimsicott|Moonblast|p2a: Sinistcha\n|-damage|p2a: Sinistcha|7/100\n|move|p2a: Sinistcha|Matcha Gotcha|p1b: Whimsicott|[spread] p1a,p1b\n|-resisted|p1b: Whimsicott|1\n|-damage|p1a: Kleavor|0 fnt\n|-heal|p2a: Sinistcha|21/100|[from] drain|[of] p1a: Kleavor\n|-damage|p1b: Whimsicott|0 fnt\n|-heal|p2a: Sinistcha|22/100|[from] drain|[of] p1b: Whimsicott\n|faint|p1a: Kleavor\n|faint|p1b: Whimsicott\n|\n|-heal|p2a: Sinistcha|28/100|[from] item: Leftovers\n|upkeep\n|\n|t:|1776263293\n|switch|p1b: Blastoise|Blastoise, L50, M, shiny|100/100\n|turn|7\n|\n|t:|1776263317\n|move|p2a: Sinistcha|Protect|p2a: Sinistcha\n|-singleturn|p2a: Sinistcha|Protect\n|move|p1b: Blastoise|Dark Pulse|p2a: Sinistcha\n|-activate|p2a: Sinistcha|move: Protect\n|move|p2b: Aerodactyl|Tailwind|p2b: Aerodactyl\n|-sidestart|p2: g7ez|move: Tailwind\n|\n|-heal|p2a: Sinistcha|34/100|[from] item: Leftovers\n|upkeep\n|turn|8\n|\n|t:|1776263330\n|move|p2b: Aerodactyl|Rock Slide|p1b: Blastoise\n|-damage|p1b: Blastoise|60/100\n|move|p1b: Blastoise|Dark Pulse|p2a: Sinistcha\n|-supereffective|p2a: Sinistcha|1\n|-damage|p2a: Sinistcha|0 fnt\n|faint|p2a: Sinistcha\n|\n|-sideend|p1: steelman9|move: Tailwind\n|upkeep\n|\n|t:|1776263340\n|switch|p2a: Orthworm|Orthworm, L50, F|99/100\n|-damage|p2a: Orthworm|94/100|[from] Stealth Rock\n|turn|9\n|\n|t:|1776263349\n|move|p2b: Aerodactyl|Earthquake|p1b: Blastoise|[spread] p1b\n|-heal|p2a: Orthworm|100/100|[from] ability: Earth Eater|[of] p2b: Aerodactyl\n|-crit|p1b: Blastoise\n|-damage|p1b: Blastoise|27/100\n|move|p2a: Orthworm|Body Press|p1b: Blastoise\n|-damage|p1b: Blastoise|0 fnt\n|faint|p1b: Blastoise\n|\n|win|g7ez\n|raw|steelman9's rating: 1029 &rarr; <strong>1017</strong><br />(-12 for losing)\n|raw|g7ez's rating: 1097 &rarr; <strong>1118</strong><br />(+21 for winning)\n|l|\u203dsteelman9\n|player|p1|\n",
  "uploadtime": 1776263360,
  "views": 18,
  "formatid": "gen9championsvgc2026regma",
  "rating": 1017,
  "private": 0,
  "password": null
}