{
  "id": "gen9championsvgc2026regma-2584986638",
  "format": "[Gen 9 Champions] VGC 2026 Reg M-A",
  "players": [
    "RainIsForPussies23",
    "Evilbobdylan"
  ],
  "log": "|j|\u2606RainIsForPussies23\n|j|\u2606Evilbobdylan\n|t:|1776300822\n|gametype|doubles\n|player|p1|RainIsForPussies23|hilbert-wonderlauncher|1066\n|player|p2|Evilbobdylan|2|1088\n|gen|9\n|tier|[Gen 9 Champions] VGC 2026 Reg M-A\n|rated|\n|rule|Species Clause: Limit one of each Pok\u00e9mon\n|rule|Item Clause: Limit 1 of each item\n|clearpoke\n|poke|p1|Garchomp, L50, F|\n|poke|p1|Gengar, L50, F|\n|poke|p1|Incineroar, L50, M|\n|poke|p1|Sneasler, L50, F|\n|poke|p1|Froslass, L50, F|\n|poke|p1|Whimsicott, L50, F|\n|poke|p2|Charizard, L50, F|\n|poke|p2|Whimsicott, L50, M|\n|poke|p2|Dragapult, L50, M|\n|poke|p2|Mamoswine, L50, F|\n|poke|p2|Incineroar, L50, M|\n|poke|p2|Archaludon, L50, F|\n|teampreview|4\nRainIsForPussies23 has agreed to open team sheets.\nEvilbobdylan rejected open team sheets.\n|\n|t:|1776300859\n|teamsize|p1|4\n|teamsize|p2|4\n|start\n|switch|p1a: Incineroar|Incineroar, L50, M|100/100\n|switch|p1b: Whimsicott|Whimsicott, L50, F|100/100\n|switch|p2a: Whimsicott|Whimsicott, L50, M|100/100\n|switch|p2b: Archaludon|Archaludon, L50, F|100/100\n|-ability|p1a: Incineroar|Intimidate|boost\n|-unboost|p2a: Whimsicott|atk|1\n|-unboost|p2b: Archaludon|atk|1\n|turn|1\n|\n|t:|1776300886\n|move|p1a: Incineroar|Fake Out|p2b: Archaludon\n|-resisted|p2b: Archaludon|1\n|-damage|p2b: Archaludon|96/100\n|-ability|p2b: Archaludon|Stamina|boost\n|-boost|p2b: Archaludon|def|1\n|move|p2a: Whimsicott|Tailwind|p2a: Whimsicott\n|-sidestart|p2: Evilbobdylan|move: Tailwind\n|move|p1b: Whimsicott|Tailwind|p1b: Whimsicott\n|-sidestart|p1: RainIsForPussies23|move: Tailwind\n|cant|p2b: Archaludon|flinch\n|\n|-heal|p2b: Archaludon|100/100|[from] item: Leftovers\n|upkeep\n|turn|2\n|\n|t:|1776300903\n|move|p2a: Whimsicott|Encore|p1a: Incineroar\n|-hint|Since gen 7, Dark is immune to Prankster moves.\n|-immune|p1a: Incineroar\n|move|p1b: Whimsicott|Encore||[still]\n|-fail|p1b: Whimsicott\n|move|p2b: Archaludon|Snarl|p1a: Incineroar|[spread] p1a,p1b\n|-resisted|p1a: Incineroar|1\n|-resisted|p1b: Whimsicott|1\n|-crit|p1b: Whimsicott\n|-damage|p1a: Incineroar|95/100\n|-damage|p1b: Whimsicott|90/100\n|-unboost|p1a: Incineroar|spa|1\n|-unboost|p1b: Whimsicott|spa|1\n|move|p1a: Incineroar|Parting Shot|p2b: Archaludon\n|-unboost|p2b: Archaludon|atk|1\n|-unboost|p2b: Archaludon|spa|1\n|c|\u2606Evilbobdylan|MY B\n|\n|t:|1776300918\n|switch|p1a: Gengar|Gengar, L50, F|100/100|[from] Parting Shot\n|\n|upkeep\n|turn|3\n|\n|t:|1776300931\n|detailschange|p1a: Gengar|Gengar-Mega, L50, F\n|-mega|p1a: Gengar|Gengar|Gengarite\n|move|p1b: Whimsicott|Encore|p2b: Archaludon\n|-start|p2b: Archaludon|Encore\n|move|p1a: Gengar|Nasty Plot|p1a: Gengar\n|-boost|p1a: Gengar|spa|2\n|move|p2a: Whimsicott|Moonblast|p1a: Gengar\n|-resisted|p1a: Gengar|1\n|-damage|p1a: Gengar|78/100\n|-unboost|p1a: Gengar|spa|1\n|move|p2b: Archaludon|Snarl|p1b: Whimsicott|[spread] p1a,p1b\n|-supereffective|p1a: Gengar|1\n|-resisted|p1b: Whimsicott|1\n|-damage|p1a: Gengar|56/100\n|-damage|p1b: Whimsicott|86/100\n|-unboost|p1a: Gengar|spa|1\n|-unboost|p1b: Whimsicott|spa|1\n|\n|upkeep\n|turn|4\n|c|\u2606RainIsForPussies23|same xd\n|\n|t:|1776300964\n|move|p2a: Whimsicott|Encore||[still]\n|-fail|p2a: Whimsicott\n|move|p1a: Gengar|Shadow Ball|p2b: Archaludon\n|-damage|p2b: Archaludon|51/100\n|-ability|p2b: Archaludon|Stamina|boost\n|-boost|p2b: Archaludon|def|1\n|move|p1b: Whimsicott|Dazzling Gleam|p2b: Archaludon|[spread] p2a,p2b\n|-crit|p2b: Archaludon\n|-damage|p2a: Whimsicott|87/100\n|-damage|p2b: Archaludon|27/100\n|-ability|p2b: Archaludon|Stamina|boost\n|-boost|p2b: Archaludon|def|1\n|move|p2b: Archaludon|Snarl|p1b: Whimsicott|[spread] p1a,p1b\n|-supereffective|p1a: Gengar|1\n|-resisted|p1b: Whimsicott|1\n|-damage|p1a: Gengar|35/100\n|-damage|p1b: Whimsicott|82/100\n|-unboost|p1a: Gengar|spa|1\n|-unboost|p1b: Whimsicott|spa|1\n|\n|-heal|p2b: Archaludon|33/100|[from] item: Leftovers\n|-sideend|p2: Evilbobdylan|move: Tailwind\n|-sideend|p1: RainIsForPussies23|move: Tailwind\n|upkeep\n|turn|5\n|\n|t:|1776300983\n|move|p1b: Whimsicott|Tailwind|p1b: Whimsicott\n|-sidestart|p1: RainIsForPussies23|move: Tailwind\n|move|p1a: Gengar|Shadow Ball|p2b: Archaludon\n|-damage|p2b: Archaludon|0 fnt\n|faint|p2b: Archaludon\n|move|p2a: Whimsicott|Moonblast|p1a: Gengar\n|-resisted|p1a: Gengar|1\n|-damage|p1a: Gengar|11/100\n|\n|upkeep\n|\n|t:|1776300992\n|switch|p2b: Charizard|Charizard, L50, F|100/100\n|turn|6\n|\n|t:|1776301001\n|switch|p1a: Incineroar|Incineroar, L50, M|95/100\n|-ability|p1a: Incineroar|Intimidate|boost\n|-unboost|p2a: Whimsicott|atk|1\n|-unboost|p2b: Charizard|atk|1\n|detailschange|p2b: Charizard|Charizard-Mega-Y, L50, F\n|-mega|p2b: Charizard|Charizard|Charizardite Y\n|-weather|SunnyDay|[from] ability: Drought|[of] p2b: Charizard\n|move|p1b: Whimsicott|Protect|p1b: Whimsicott\n|-singleturn|p1b: Whimsicott|Protect\n|move|p2a: Whimsicott|Tailwind|p2a: Whimsicott\n|-sidestart|p2: Evilbobdylan|move: Tailwind\n|move|p2b: Charizard|Heat Wave|p1a: Incineroar|[spread] p1a\n|-activate|p1b: Whimsicott|move: Protect\n|-resisted|p1a: Incineroar|1\n|-damage|p1a: Incineroar|66/100\n|\n|-weather|SunnyDay|[upkeep]\n|upkeep\n|turn|7\n|\n|t:|1776301020\n|switch|p2b: Dragapult|Dragapult, L50, M|100/100\n|move|p1a: Incineroar|Fake Out|p2b: Dragapult\n|-immune|p2b: Dragapult\n|move|p2a: Whimsicott|Moonblast|p1a: Incineroar\n|-damage|p1a: Incineroar|30/100\n|-enditem|p1a: Incineroar|Sitrus Berry|[eat]\n|-heal|p1a: Incineroar|55/100|[from] item: Sitrus Berry\n|move|p1b: Whimsicott|Dazzling Gleam|p2a: Whimsicott|[spread] p2a,p2b\n|-supereffective|p2b: Dragapult|1\n|-damage|p2a: Whimsicott|75/100\n|-damage|p2b: Dragapult|81/100\n|\n|-weather|SunnyDay|[upkeep]\n|upkeep\n|turn|8\n|\n|t:|1776301041\n|move|p1b: Whimsicott|Protect|p1b: Whimsicott\n|-singleturn|p1b: Whimsicott|Protect\n|move|p2a: Whimsicott|Encore|p1b: Whimsicott\n|-activate|p1b: Whimsicott|move: Protect\n|move|p2b: Dragapult|Dragon Pulse|p1a: Incineroar\n|-damage|p1a: Incineroar|10/100\n|move|p1a: Incineroar|Darkest Lariat|p2b: Dragapult\n|-supereffective|p2b: Dragapult|1\n|-damage|p2b: Dragapult|0 fnt\n|faint|p2b: Dragapult\n|\n|-weather|SunnyDay|[upkeep]\n|-sideend|p1: RainIsForPussies23|move: Tailwind\n|upkeep\n|\n|t:|1776301050\n|switch|p2b: Charizard|Charizard-Mega-Y, L50, F|100/100\n|turn|9\n|\n|t:|1776301061\n|move|p1b: Whimsicott|Tailwind|p1b: Whimsicott\n|-sidestart|p1: RainIsForPussies23|move: Tailwind\n|move|p2a: Whimsicott|Moonblast|p1a: Incineroar\n|-damage|p1a: Incineroar|0 fnt\n|faint|p1a: Incineroar\n|move|p2b: Charizard|Heat Wave|p1b: Whimsicott\n|-supereffective|p1b: Whimsicott|1\n|-damage|p1b: Whimsicott|0 fnt\n|faint|p1b: Whimsicott\n|\n|-weather|SunnyDay|[upkeep]\n|-sideend|p2: Evilbobdylan|move: Tailwind\n|upkeep\n|\n|t:|1776301067\n|switch|p1b: Sneasler|Sneasler, L50, F|100/100\n|switch|p1a: Gengar|Gengar-Mega, L50, F|11/100\n|turn|10\n|\n|t:|1776301085\n|move|p2a: Whimsicott|Tailwind|p2a: Whimsicott\n|-sidestart|p2: Evilbobdylan|move: Tailwind\n|move|p1a: Gengar|Sludge Wave|p2a: Whimsicott|[spread] p1b,p2a,p2b\n|-resisted|p1b: Sneasler|1\n|-supereffective|p2a: Whimsicott|2\n|-damage|p1b: Sneasler|70/100\n|-damage|p2a: Whimsicott|0 fnt\n|-damage|p2b: Charizard|63/100\n|faint|p2a: Whimsicott\n|move|p1b: Sneasler|Dire Claw|p2b: Charizard\n|-damage|p2b: Charizard|24/100\n|move|p2b: Charizard|Weather Ball|p1b: Sneasler\n|-damage|p1b: Sneasler|0 fnt\n|faint|p1b: Sneasler\n|\n|-weather|none\n|upkeep\n|turn|11\n|\n|t:|1776301100\n|move|p1a: Gengar|Shadow Ball|p2b: Charizard\n|-damage|p2b: Charizard|0 fnt\n|faint|p2b: Charizard\n|\n|win|RainIsForPussies23\n|raw|RainIsForPussies23's rating: 1066 &rarr; <strong>1098</strong><br />(+32 for winning)\n|raw|Evilbobdylan's rating: 1088 &rarr; <strong>1063</strong><br />(-25 for losing)\n|c|\u2606RainIsForPussies23|gg\n",
  "uploadtime": 1776301104,
  "views": 26,
  "formatid": "gen9championsvgc2026regma",
  "rating": 1063,
  "private": 0,
  "password": null
}