{
  "id": "gen9championsvgc2026regma-2586703697",
  "format": "[Gen 9 Champions] VGC 2026 Reg M-A",
  "players": [
    "elyse33",
    "jack zelong"
  ],
  "log": "|j|\u2606elyse33\n|j|\u2606jack zelong\n|t:|1776453453\n|gametype|doubles\n|player|p1|elyse33|lass-gen4dp|1138\n|player|p2|jack zelong|chili|1219\n|gen|9\n|tier|[Gen 9 Champions] VGC 2026 Reg M-A\n|rated|\n|rule|Species Clause: Limit one of each Pok\u00e9mon\n|rule|Item Clause: Limit 1 of each item\n|clearpoke\n|poke|p1|Jolteon, L50, M|\n|poke|p1|Arcanine-Hisui, L50, F|\n|poke|p1|Froslass, L50, F|\n|poke|p1|Garchomp, L50, F|\n|poke|p1|Hydreigon, L50, M|\n|poke|p1|Sneasler, L50, M|\n|poke|p2|Scovillain, L50, F|\n|poke|p2|Primarina, L50, M|\n|poke|p2|Dragonite, L50, F|\n|poke|p2|Gengar, L50, M|\n|poke|p2|Arcanine, L50, F|\n|poke|p2|Maushold, L50|\n|teampreview|4\n|\n|t:|1776453504\n|teamsize|p1|4\n|teamsize|p2|4\n|start\n|switch|p1a: Hydreigon|Hydreigon, L50, M|100/100\n|switch|p1b: Garchomp|Garchomp, L50, F|100/100\n|switch|p2a: Arcanine|Arcanine, L50, F|100/100\n|switch|p2b: Gengar|Gengar, L50, M|100/100\n|-ability|p2a: Arcanine|Intimidate|boost\n|-unboost|p1a: Hydreigon|atk|1\n|-unboost|p1b: Garchomp|atk|1\n|turn|1\n|\n|t:|1776453540\n|move|p1b: Garchomp|Earthquake|p2b: Gengar|[spread] p2a,p2b\n|-immune|p1a: Hydreigon|[from] ability: Levitate\n|-supereffective|p2a: Arcanine|1\n|-enditem|p2a: Arcanine|Shuca Berry|[eat]\n|-enditem|p2a: Arcanine|Shuca Berry|[weaken]\n|-supereffective|p2b: Gengar|1\n|-damage|p2a: Arcanine|68/100\n|-enditem|p2b: Gengar|Focus Sash\n|-damage|p2b: Gengar|1/100\n|-start|p1b: Garchomp|Disable|Earthquake|[from] ability: Cursed Body|[of] p2b: Gengar\n|move|p2b: Gengar|Will-O-Wisp|p1b: Garchomp\n|-status|p1b: Garchomp|brn\n|move|p1a: Hydreigon|Snarl|p2b: Gengar|[spread] p2a,p2b\n|-supereffective|p2b: Gengar|1\n|-damage|p2a: Arcanine|43/100\n|-damage|p2b: Gengar|0 fnt\n|-unboost|p2a: Arcanine|spa|1\n|-start|p1a: Hydreigon|Disable|Snarl|[from] ability: Cursed Body|[of] p2b: Gengar\n|faint|p2b: Gengar\n|move|p2a: Arcanine|Snarl|p1b: Garchomp|[spread] p1a,p1b\n|-resisted|p1a: Hydreigon|1\n|-damage|p1a: Hydreigon|98/100\n|-damage|p1b: Garchomp|95/100 brn\n|-unboost|p1a: Hydreigon|spa|1\n|-unboost|p1b: Garchomp|spa|1\n|\n|-damage|p1b: Garchomp|89/100 brn|[from] brn\n|upkeep\n|\n|t:|1776453557\n|switch|p2b: Primarina|Primarina, L50, M|100/100\n|turn|2\n|\n|t:|1776453589\n|switch|p1a: Jolteon|Jolteon, L50, M|100/100\n|-activate|p1b: Garchomp|move: Struggle\n|move|p1b: Garchomp|Struggle|p2b: Primarina\n|-damage|p2b: Primarina|94/100\n|-damage|p1b: Garchomp|64/100 brn|[from] recoil\n|move|p2a: Arcanine|Flare Blitz|p1a: Jolteon\n|-enditem|p1a: Jolteon|Focus Sash\n|-damage|p1a: Jolteon|1/100\n|-damage|p2a: Arcanine|18/100|[from] Recoil\n|move|p2b: Primarina|Calm Mind|p2b: Primarina\n|-boost|p2b: Primarina|spa|1\n|-boost|p2b: Primarina|spd|1\n|\n|-heal|p2b: Primarina|99/100|[from] item: Leftovers\n|-damage|p1b: Garchomp|58/100 brn|[from] brn\n|upkeep\n|turn|3\n|\n|t:|1776453619\n|move|p1a: Jolteon|Protect|p1a: Jolteon\n|-singleturn|p1a: Jolteon|Protect\n|move|p2a: Arcanine|Extreme Speed|p1a: Jolteon\n|-activate|p1a: Jolteon|move: Protect\n|-activate|p1b: Garchomp|move: Struggle\n|move|p1b: Garchomp|Struggle|p2a: Arcanine\n|-damage|p2a: Arcanine|11/100\n|-damage|p1b: Garchomp|33/100 brn|[from] recoil\n|move|p2b: Primarina|Calm Mind|p2b: Primarina\n|-boost|p2b: Primarina|spa|1\n|-boost|p2b: Primarina|spd|1\n|\n|-heal|p2b: Primarina|100/100|[from] item: Leftovers\n|-damage|p1b: Garchomp|27/100 brn|[from] brn\n|upkeep\n|turn|4\n|\n|t:|1776453653\n|switch|p1a: Froslass|Froslass, L50, F|100/100\n|move|p2a: Arcanine|Extreme Speed|p1a: Froslass\n|-immune|p1a: Froslass\n|-activate|p1b: Garchomp|move: Struggle\n|move|p1b: Garchomp|Struggle|p2b: Primarina\n|-damage|p2b: Primarina|93/100\n|-damage|p1b: Garchomp|3/100 brn|[from] recoil\n|move|p2b: Primarina|Hyper Voice|p1b: Garchomp|[spread] p1a,p1b\n|-damage|p1a: Froslass|0 fnt\n|-damage|p1b: Garchomp|0 fnt\n|-start|p2b: Primarina|Disable|Hyper Voice|[from] ability: Cursed Body|[of] p1a: Froslass\n|faint|p1a: Froslass\n|faint|p1b: Garchomp\n|\n|-heal|p2b: Primarina|99/100|[from] item: Leftovers\n|upkeep\n|\n|t:|1776453672\n|switch|p1a: Jolteon|Jolteon, L50, M|1/100\n|switch|p1b: Hydreigon|Hydreigon, L50, M|98/100\n|turn|5\n|\n|t:|1776453683\n|move|p1a: Jolteon|Protect|p1a: Jolteon\n|-singleturn|p1a: Jolteon|Protect\n|move|p2a: Arcanine|Protect|p2a: Arcanine\n|-singleturn|p2a: Arcanine|Protect\n|move|p1b: Hydreigon|Snarl|p2b: Primarina|[spread] p2b\n|-activate|p2a: Arcanine|move: Protect\n|-resisted|p2b: Primarina|1\n|-damage|p2b: Primarina|94/100\n|-unboost|p2b: Primarina|spa|1\n|move|p2b: Primarina|Moonblast|p1b: Hydreigon\n|-supereffective|p1b: Hydreigon|2\n|-damage|p1b: Hydreigon|0 fnt\n|faint|p1b: Hydreigon\n|\n|-heal|p2b: Primarina|99/100|[from] item: Leftovers\n|upkeep\n|turn|6\n|\n|t:|1776453701\n|move|p2a: Arcanine|Extreme Speed|p1a: Jolteon\n|-damage|p1a: Jolteon|0 fnt\n|faint|p1a: Jolteon\n|\n|win|jack zelong\n|raw|elyse33's rating: 1138 &rarr; <strong>1119</strong><br />(-19 for losing)\n|raw|jack zelong's rating: 1219 &rarr; <strong>1238</strong><br />(+19 for winning)\n|l|\u2606elyse33\n|player|p1|\n",
  "uploadtime": 1776453710,
  "views": 42,
  "formatid": "gen9championsvgc2026regma",
  "rating": 1119,
  "private": 0,
  "password": null
}