{
  "id": "gen9championsvgc2026regma-2583854830",
  "format": "[Gen 9 Champions] VGC 2026 Reg M-A",
  "players": [
    "dodoce12345",
    "Pandyc"
  ],
  "log": "|j|\u2606dodoce12345\n|j|\u2606Pandyc\n|t:|1776202949\n|gametype|doubles\n|player|p1|dodoce12345|170|1177\n|player|p2|Pandyc|caitlin|1229\n|gen|9\n|tier|[Gen 9 Champions] VGC 2026 Reg M-A\n|rated|\n|rule|Species Clause: Limit one of each Pok\u00e9mon\n|rule|Item Clause: Limit 1 of each item\n|clearpoke\n|poke|p1|Incineroar, L50, F|\n|poke|p1|Dragonite, L50, F|\n|poke|p1|Archaludon, L50, M|\n|poke|p1|Glimmora, L50, M|\n|poke|p1|Whimsicott, L50, F|\n|poke|p1|Politoed, L50, M|\n|poke|p2|Gardevoir, L50, F|\n|poke|p2|Incineroar, L50, M|\n|poke|p2|Sinistcha, L50|\n|poke|p2|Garchomp, L50, F|\n|poke|p2|Rotom-Wash, L50|\n|poke|p2|Aerodactyl, L50, M|\n|teampreview|4\n|\n|t:|1776203068\n|teamsize|p1|4\n|teamsize|p2|4\n|start\n|switch|p1a: Dragonite|Dragonite, L50, F, shiny|100/100\n|switch|p1b: Whimsicott|Whimsicott, L50, F|100/100\n|switch|p2a: Garchomp|Garchomp, L50, F|100/100\n|switch|p2b: Aerodactyl|Aerodactyl, L50, M|100/100\n|-ability|p2b: Aerodactyl|Unnerve\n|turn|1\n|\n|t:|1776203113\n|switch|p2a: Gardevoir|Gardevoir, L50, F|100/100\n|detailschange|p1a: Dragonite|Dragonite-Mega, L50, F, shiny\n|-mega|p1a: Dragonite|Dragonite|Dragoninite\n|move|p1b: Whimsicott|Tailwind|p1b: Whimsicott\n|-sidestart|p1: dodoce12345|move: Tailwind\n|move|p1a: Dragonite|Draco Meteor|p2a: Gardevoir\n|-immune|p2a: Gardevoir\n|move|p2b: Aerodactyl|Tailwind|p2b: Aerodactyl\n|-sidestart|p2: Pandyc|move: Tailwind\n|\n|upkeep\n|turn|2\n|\n|t:|1776203153\n|switch|p1b: Politoed|Politoed, L50, M|100/100\n|-weather|RainDance|[from] ability: Drizzle|[of] p1b: Politoed\n|detailschange|p2a: Gardevoir|Gardevoir-Mega, L50, F\n|-mega|p2a: Gardevoir|Gardevoir|Gardevoirite\n|move|p2b: Aerodactyl|Protect|p2b: Aerodactyl\n|-singleturn|p2b: Aerodactyl|Protect\n|move|p1a: Dragonite|Hurricane|p2a: Gardevoir\n|-damage|p2a: Gardevoir|54/100\n|-start|p2a: Gardevoir|confusion\n|-activate|p2a: Gardevoir|confusion\n|-damage|p2a: Gardevoir|44/100|[from] confusion\n|\n|-weather|RainDance|[upkeep]\n|upkeep\n|turn|3\n|\n|t:|1776203175\n|switch|p2a: Rotom|Rotom-Wash, L50|100/100\n|move|p2b: Aerodactyl|Rock Slide|p1a: Dragonite|[spread] p1a\n|-miss|p2b: Aerodactyl|p1b: Politoed\n|-supereffective|p1a: Dragonite|1\n|-damage|p1a: Dragonite|77/100\n|cant|p1a: Dragonite|flinch\n|move|p1b: Politoed|Weather Ball|p2b: Aerodactyl\n|-supereffective|p2b: Aerodactyl|1\n|-enditem|p2b: Aerodactyl|Focus Sash\n|-damage|p2b: Aerodactyl|1/100\n|\n|-weather|RainDance|[upkeep]\n|upkeep\n|turn|4\n|\n|t:|1776203214\n|switch|p1a: Archaludon|Archaludon, L50, M|100/100\n|move|p1b: Politoed|Protect|p1b: Politoed\n|-singleturn|p1b: Politoed|Protect\n|move|p2b: Aerodactyl|Rock Slide|p1b: Politoed|[spread] p1a\n|-activate|p1b: Politoed|move: Protect\n|-resisted|p1a: Archaludon|1\n|-damage|p1a: Archaludon|91/100\n|-ability|p1a: Archaludon|Stamina|boost\n|-boost|p1a: Archaludon|def|1\n|move|p2a: Rotom|Thunderbolt|p1b: Politoed\n|-activate|p1b: Politoed|move: Protect\n|\n|-weather|RainDance|[upkeep]\n|-heal|p1a: Archaludon|97/100|[from] item: Leftovers\n|-sideend|p1: dodoce12345|move: Tailwind\n|-sideend|p2: Pandyc|move: Tailwind\n|upkeep\n|turn|5\n|\n|t:|1776203242\n|move|p2b: Aerodactyl|Dual Wingbeat|p1b: Politoed\n|-damage|p1b: Politoed|79/100\n|-damage|p1b: Politoed|59/100\n|-hitcount|p1b: Politoed|2\n|move|p2a: Rotom|Thunderbolt|p1b: Politoed\n|-supereffective|p1b: Politoed|1\n|-damage|p1b: Politoed|0 fnt\n|faint|p1b: Politoed\n|move|p1a: Archaludon|Electro Shot||[still]\n|-prepare|p1a: Archaludon|Electro Shot\n|-boost|p1a: Archaludon|spa|1\n|-anim|p1a: Archaludon|Electro Shot|p2a: Rotom\n|-damage|p2a: Rotom|23/100\n|-enditem|p2a: Rotom|Sitrus Berry|[eat]\n|-heal|p2a: Rotom|48/100|[from] item: Sitrus Berry\n|\n|-weather|RainDance|[upkeep]\n|-heal|p1a: Archaludon|100/100|[from] item: Leftovers\n|upkeep\n|\n|t:|1776203262\n|switch|p1b: Whimsicott|Whimsicott, L50, F|100/100\n|turn|6\n|\n|t:|1776203298\n|move|p1b: Whimsicott|Tailwind|p1b: Whimsicott\n|-sidestart|p1: dodoce12345|move: Tailwind\n|move|p1a: Archaludon|Electro Shot||[still]\n|-prepare|p1a: Archaludon|Electro Shot\n|-boost|p1a: Archaludon|spa|1\n|-anim|p1a: Archaludon|Electro Shot|p2a: Rotom\n|-damage|p2a: Rotom|0 fnt\n|faint|p2a: Rotom\n|move|p2b: Aerodactyl|Dual Wingbeat|p1b: Whimsicott\n|-supereffective|p1b: Whimsicott|1\n|-damage|p1b: Whimsicott|51/100\n|-supereffective|p1b: Whimsicott|1\n|-damage|p1b: Whimsicott|1/100\n|-hitcount|p1b: Whimsicott|2\n|\n|-weather|none\n|upkeep\n|\n|t:|1776203319\n|switch|p2a: Garchomp|Garchomp, L50, F|100/100\n|turn|7\n|\n|t:|1776203342\n|move|p2b: Aerodactyl|Protect|p2b: Aerodactyl\n|-singleturn|p2b: Aerodactyl|Protect\n|move|p1b: Whimsicott|Moonblast|p2a: Garchomp\n|-supereffective|p2a: Garchomp|1\n|-damage|p2a: Garchomp|21/100\n|move|p1a: Archaludon|Flash Cannon|p2b: Aerodactyl\n|-activate|p2b: Aerodactyl|move: Protect\n|move|p2a: Garchomp|Earthquake|p1b: Whimsicott|[spread] p1a,p1b\n|-activate|p2b: Aerodactyl|move: Protect\n|-supereffective|p1a: Archaludon|1\n|-resisted|p1b: Whimsicott|1\n|-damage|p1a: Archaludon|55/100\n|-damage|p1b: Whimsicott|0 fnt\n|-ability|p1a: Archaludon|Stamina|boost\n|-boost|p1a: Archaludon|def|1\n|faint|p1b: Whimsicott\n|\n|-heal|p1a: Archaludon|61/100|[from] item: Leftovers\n|upkeep\n|\n|t:|1776203346\n|switch|p1b: Dragonite|Dragonite-Mega, L50, F, shiny|77/100\n|turn|8\n|\n|t:|1776203374\n|switch|p2a: Gardevoir|Gardevoir-Mega, L50, F|44/100\n|move|p1b: Dragonite|Draco Meteor|p2a: Gardevoir\n|-immune|p2a: Gardevoir\n|move|p1a: Archaludon|Flash Cannon|p2b: Aerodactyl\n|-supereffective|p2b: Aerodactyl|1\n|-crit|p2b: Aerodactyl\n|-damage|p2b: Aerodactyl|0 fnt\n|faint|p2b: Aerodactyl\n|\n|-heal|p1a: Archaludon|67/100|[from] item: Leftovers\n|upkeep\n|\n|t:|1776203384\n|switch|p2b: Garchomp|Garchomp, L50, F|21/100\n|turn|9\n|\n|t:|1776203395\n|move|p2b: Garchomp|Protect|p2b: Garchomp\n|-singleturn|p2b: Garchomp|Protect\n|move|p2a: Gardevoir|Protect|p2a: Gardevoir\n|-singleturn|p2a: Gardevoir|Protect\n|move|p1b: Dragonite|Draco Meteor|p2b: Garchomp\n|-activate|p2b: Garchomp|move: Protect\n|move|p1a: Archaludon|Flash Cannon|p2a: Gardevoir\n|-activate|p2a: Gardevoir|move: Protect\n|\n|-heal|p1a: Archaludon|73/100|[from] item: Leftovers\n|-sideend|p1: dodoce12345|move: Tailwind\n|upkeep\n|turn|10\n|\n|t:|1776203418\n|move|p2b: Garchomp|Dragon Claw|p1b: Dragonite\n|-supereffective|p1b: Dragonite|1\n|-damage|p1b: Dragonite|0 fnt\n|faint|p1b: Dragonite\n|move|p2a: Gardevoir|Hyper Voice|p1a: Archaludon\n|-damage|p1a: Archaludon|0 fnt\n|faint|p1a: Archaludon\n|\n|win|Pandyc\n|raw|dodoce12345's rating: 1177 &rarr; <strong>1156</strong><br />(-21 for losing)\n|raw|Pandyc's rating: 1229 &rarr; <strong>1250</strong><br />(+21 for winning)\n|l|\u2606dodoce12345\n|player|p1|\n",
  "uploadtime": 1776203427,
  "views": 21,
  "formatid": "gen9championsvgc2026regma",
  "rating": 1156,
  "private": 0,
  "password": null
}