{
  "id": "gen9championsvgc2026regma-2584275108",
  "format": "[Gen 9 Champions] VGC 2026 Reg M-A",
  "players": [
    "Xboxthepokemonguy",
    "GEMANON"
  ],
  "log": "|j|\u2606Xboxthepokemonguy\n|j|\u2606GEMANON\n|t:|1776246020\n|gametype|doubles\n|player|p1|Xboxthepokemonguy|101|1050\n|player|p2|GEMANON|265|1030\n|gen|9\n|tier|[Gen 9 Champions] VGC 2026 Reg M-A\n|rated|\n|rule|Species Clause: Limit one of each Pok\u00e9mon\n|rule|Item Clause: Limit 1 of each item\n|clearpoke\n|poke|p1|Aegislash, L50, M|\n|poke|p1|Hydreigon, L50, M|\n|poke|p1|Kangaskhan, L50, F|\n|poke|p1|Whimsicott, L50, M|\n|poke|p1|Volcarona, L50, F|\n|poke|p1|Greninja-*, L50, M|\n|poke|p2|Lucario, L50, M|\n|poke|p2|Armarouge, L50, M|\n|poke|p2|Whimsicott, L50, F|\n|poke|p2|Milotic, L50, F|\n|poke|p2|Ninetales-Alola, L50, F|\n|poke|p2|Gardevoir, L50, F|\n|teampreview|4\n|inactive|Battle timer is ON: inactive players will automatically lose when time's up. (requested by GEMANON)\n|\n|t:|1776246049\n|teamsize|p1|4\n|teamsize|p2|4\n|start\n|switch|p1a: Kangaskhan|Kangaskhan, L50, F|100/100\n|switch|p1b: Aegislash|Aegislash, L50, M|100/100\n|switch|p2a: Lucario|Lucario, L50, M|100/100\n|switch|p2b: Whimsicott|Whimsicott, L50, F|100/100\n|turn|1\n|\n|t:|1776246071\n|detailschange|p2a: Lucario|Lucario-Mega, L50, M\n|-mega|p2a: Lucario|Lucario|Lucarionite\n|detailschange|p1a: Kangaskhan|Kangaskhan-Mega, L50, F\n|-mega|p1a: Kangaskhan|Kangaskhan|Kangaskhanite\n|move|p1a: Kangaskhan|Protect|p1a: Kangaskhan\n|-singleturn|p1a: Kangaskhan|Protect\n|move|p2a: Lucario|Upper Hand||[still]\n|-fail|p2a: Lucario\n|move|p2b: Whimsicott|Moonblast|p1a: Kangaskhan\n|-activate|p1a: Kangaskhan|move: Protect\n|-formechange|p1b: Aegislash|Aegislash-Blade|\n|move|p1b: Aegislash|Poltergeist|p2a: Lucario\n|-activate|p2a: Lucario|move: Poltergeist|Lucarionite\n|-damage|p2a: Lucario|24/100\n|\n|upkeep\n|turn|2\n|inactive|Xboxthepokemonguy has 30 seconds left.\n|\n|t:|1776246097\n|switch|p1a: Volcarona|Volcarona, L50, F|100/100\n|move|p2b: Whimsicott|Tailwind|p2b: Whimsicott\n|-sidestart|p2: GEMANON|move: Tailwind\n|move|p2a: Lucario|Close Combat|p1a: Volcarona\n|-resisted|p1a: Volcarona|1\n|-damage|p1a: Volcarona|53/100\n|-unboost|p2a: Lucario|def|1\n|-unboost|p2a: Lucario|spd|1\n|move|p1b: Aegislash|Poltergeist|p2a: Lucario|[miss]\n|-miss|p1b: Aegislash|p2a: Lucario\n|\n|upkeep\n|turn|3\n|inactive|GEMANON has 30 seconds left.\n|inactive|GEMANON has 20 seconds left.\n|\n|t:|1776246133\n|move|p2b: Whimsicott|Encore|p1b: Aegislash\n|-start|p1b: Aegislash|Encore\n|move|p2a: Lucario|Close Combat|p1a: Volcarona\n|-resisted|p1a: Volcarona|1\n|-damage|p1a: Volcarona|8/100\n|-unboost|p2a: Lucario|def|1\n|-unboost|p2a: Lucario|spd|1\n|move|p1a: Volcarona|Morning Sun|p1a: Volcarona\n|-heal|p1a: Volcarona|58/100\n|move|p1b: Aegislash|Poltergeist|p2a: Lucario\n|-activate|p2a: Lucario|move: Poltergeist|Lucarionite\n|-damage|p2a: Lucario|0 fnt\n|faint|p2a: Lucario\n|\n|upkeep\n|\n|t:|1776246146\n|switch|p2a: Armarouge|Armarouge, L50, M, shiny|100/100\n|turn|4\n|\n|t:|1776246161\n|move|p2b: Whimsicott|Moonblast|p1a: Volcarona\n|-resisted|p1a: Volcarona|1\n|-damage|p1a: Volcarona|42/100\n|move|p2a: Armarouge|Dark Pulse|p1b: Aegislash\n|-supereffective|p1b: Aegislash|1\n|-enditem|p1b: Aegislash|Colbur Berry|[eat]\n|-enditem|p1b: Aegislash|Colbur Berry|[weaken]\n|-damage|p1b: Aegislash|53/100\n|move|p1a: Volcarona|Quiver Dance|p1a: Volcarona\n|-boost|p1a: Volcarona|spa|1\n|-boost|p1a: Volcarona|spd|1\n|-boost|p1a: Volcarona|spe|1\n|move|p1b: Aegislash|Poltergeist|p2a: Armarouge\n|-activate|p2a: Armarouge|move: Poltergeist|Charcoal\n|-supereffective|p2a: Armarouge|1\n|-damage|p2a: Armarouge|0 fnt\n|faint|p2a: Armarouge\n|\n|upkeep\n|\n|t:|1776246172\n|switch|p2a: Ninetales|Ninetales-Alola, L50, F|100/100\n|-weather|Snowscape|[from] ability: Snow Warning|[of] p2a: Ninetales\n|turn|5\n|\n|t:|1776246185\n|move|p2b: Whimsicott|Encore|p1a: Volcarona\n|-start|p1a: Volcarona|Encore\n|-enditem|p1a: Volcarona|Mental Herb\n|-end|p1a: Volcarona|Encore\n|move|p2a: Ninetales|Aurora Veil|p2a: Ninetales\n|-sidestart|p2: GEMANON|move: Aurora Veil\n|move|p1a: Volcarona|Fiery Dance|p2a: Ninetales\n|-supereffective|p2a: Ninetales|1\n|-damage|p2a: Ninetales|6/100\n|-boost|p1a: Volcarona|spa|1\n|move|p1b: Aegislash|Poltergeist|p2b: Whimsicott\n|-activate|p2b: Whimsicott|move: Poltergeist|Focus Sash\n|-damage|p2b: Whimsicott|49/100\n|\n|-weather|Snowscape|[upkeep]\n|-end|p1b: Aegislash|Encore\n|-sideend|p2: GEMANON|move: Tailwind\n|upkeep\n|turn|6\n|inactive|GEMANON has 30 seconds left.\n|\n|t:|1776246212\n|move|p1b: Aegislash|Wide Guard|p1b: Aegislash\n|-singleturn|p1b: Aegislash|Wide Guard\n|move|p2b: Whimsicott|Tailwind|p2b: Whimsicott\n|-sidestart|p2: GEMANON|move: Tailwind\n|move|p2a: Ninetales|Blizzard|p1b: Aegislash|[spread] \n|-activate|p1a: Volcarona|move: Wide Guard\n|-activate|p1b: Aegislash|move: Wide Guard\n|move|p1a: Volcarona|Fiery Dance|p2b: Whimsicott\n|-supereffective|p2b: Whimsicott|1\n|-crit|p2b: Whimsicott\n|-damage|p2b: Whimsicott|0 fnt\n|faint|p2b: Whimsicott\n|\n|-weather|Snowscape|[upkeep]\n|upkeep\n|turn|7\n|\n|t:|1776246226\n|move|p1b: Aegislash|Wide Guard|p1b: Aegislash\n|-singleturn|p1b: Aegislash|Wide Guard\n|move|p2a: Ninetales|Blizzard|p1b: Aegislash|[spread] \n|-activate|p1a: Volcarona|move: Wide Guard\n|-activate|p1b: Aegislash|move: Wide Guard\n|move|p1a: Volcarona|Struggle Bug|p2a: Ninetales\n|-resisted|p2a: Ninetales|1\n|-damage|p2a: Ninetales|0 fnt\n|faint|p2a: Ninetales\n|\n|win|Xboxthepokemonguy\n|raw|Xboxthepokemonguy's rating: 1050 &rarr; <strong>1081</strong><br />(+31 for winning)\n|raw|GEMANON's rating: 1030 &rarr; <strong>1016</strong><br />(-14 for losing)\n|l|\u2606GEMANON\n|player|p2|\n",
  "uploadtime": 1776246237,
  "views": 26,
  "formatid": "gen9championsvgc2026regma",
  "rating": 1016,
  "private": 0,
  "password": null
}