{
  "id": "gen9championsvgc2026regma-2582378261",
  "format": "[Gen 9 Champions] VGC 2026 Reg M-A",
  "players": [
    "jibaobao",
    "juansimon383"
  ],
  "log": "|j|\u2606jibaobao\n|j|\u2606juansimon383\n|t:|1776087650\n|gametype|doubles\n|player|p1|jibaobao|101|1321\n|player|p2|juansimon383|swimmerf|1409\n|gen|9\n|tier|[Gen 9 Champions] VGC 2026 Reg M-A\n|rated|\n|rule|Species Clause: Limit one of each Pok\u00e9mon\n|rule|Item Clause: Limit 1 of each item\n|clearpoke\n|poke|p1|Whimsicott, L50, F|\n|poke|p1|Gengar, L50, M|\n|poke|p1|Charizard, L50, F|\n|poke|p1|Kommo-o, L50, M|\n|poke|p1|Incineroar, L50, M|\n|poke|p1|Chandelure, L50, F|\n|poke|p2|Milotic, L50, M|\n|poke|p2|Gengar, L50, F|\n|poke|p2|Incineroar, L50, F|\n|poke|p2|Garchomp, L50, M|\n|poke|p2|Rotom-Mow, L50|\n|poke|p2|Aerodactyl, L50, F|\n|teampreview|4\n|\n|t:|1776087669\n|teamsize|p1|4\n|teamsize|p2|4\n|start\n|switch|p1a: Gengar|Gengar, L50, M|100/100\n|switch|p1b: Kommo-o|Kommo-o, L50, M|100/100\n|switch|p2a: Aerodactyl|Aerodactyl, L50, F, shiny|100/100\n|switch|p2b: Milotic|Milotic, L50, M, shiny|100/100\n|-ability|p2a: Aerodactyl|Unnerve\n|turn|1\n|inactive|Battle timer is ON: inactive players will automatically lose when time's up. (requested by juansimon383)\n|\n|t:|1776087687\n|detailschange|p1a: Gengar|Gengar-Mega, L50, M\n|-mega|p1a: Gengar|Gengar|Gengarite\n|move|p1b: Kommo-o|Protect|p1b: Kommo-o\n|-singleturn|p1b: Kommo-o|Protect\n|move|p2a: Aerodactyl|Dual Wingbeat|p1b: Kommo-o\n|-activate|p1b: Kommo-o|move: Protect\n|move|p1a: Gengar|Shadow Ball|p2a: Aerodactyl\n|-damage|p2a: Aerodactyl|27/100\n|move|p2b: Milotic|Icy Wind|p1b: Kommo-o|[spread] p1a\n|-activate|p1b: Kommo-o|move: Protect\n|-damage|p1a: Gengar|87/100\n|-unboost|p1a: Gengar|spe|1\n|\n|upkeep\n|turn|2\n|\n|t:|1776087708\n|switch|p1b: Whimsicott|Whimsicott, L50, F|100/100\n|move|p2a: Aerodactyl|Protect|p2a: Aerodactyl\n|-singleturn|p2a: Aerodactyl|Protect\n|move|p1a: Gengar|Disable|p2b: Milotic\n|-start|p2b: Milotic|Disable|Icy Wind\n|cant|p2b: Milotic|Disable|Icy Wind\n|\n|upkeep\n|turn|3\n|inactive|jibaobao has 30 seconds left.\n|\n|t:|1776087738\n|move|p1b: Whimsicott|Encore|p2a: Aerodactyl\n|-start|p2a: Aerodactyl|Encore\n|move|p2a: Aerodactyl|Protect|p2a: Aerodactyl\n|-singleturn|p2a: Aerodactyl|Protect\n|move|p1a: Gengar|Sludge Bomb|p2b: Milotic\n|-damage|p2b: Milotic|61/100\n|move|p2b: Milotic|Scald|p1a: Gengar\n|-damage|p1a: Gengar|47/100\n|-status|p1a: Gengar|brn\n|\n|-heal|p2b: Milotic|67/100|[from] item: Leftovers\n|-damage|p1a: Gengar|41/100 brn|[from] brn\n|upkeep\n|turn|4\n|\n|t:|1776087758\n|move|p2a: Aerodactyl|Protect||[still]\n|-fail|p2a: Aerodactyl\n|move|p1b: Whimsicott|Encore|p2b: Milotic\n|-start|p2b: Milotic|Encore\n|move|p1a: Gengar|Shadow Ball|p2a: Aerodactyl\n|-damage|p2a: Aerodactyl|0 fnt\n|faint|p2a: Aerodactyl\n|move|p2b: Milotic|Scald|p1a: Gengar\n|-damage|p1a: Gengar|1/100 brn\n|\n|-heal|p2b: Milotic|73/100|[from] item: Leftovers\n|-damage|p1a: Gengar|0 fnt|[from] brn\n|faint|p1a: Gengar\n|upkeep\n|\n|t:|1776087774\n|switch|p2a: Gengar|Gengar, L50, F, shiny|100/100\n|switch|p1a: Kommo-o|Kommo-o, L50, M|100/100\n|turn|5\n|inactive|juansimon383 has 30 seconds left.\n|\n|t:|1776087801\n|switch|p2b: Garchomp|Garchomp, L50, M|100/100\n|detailschange|p2a: Gengar|Gengar-Mega, L50, F, shiny\n|-mega|p2a: Gengar|Gengar|Gengarite\n|move|p1b: Whimsicott|Tailwind|p1b: Whimsicott\n|-sidestart|p1: jibaobao|move: Tailwind\n|move|p1a: Kommo-o|Clangorous Soul|p1a: Kommo-o\n|-boost|p1a: Kommo-o|atk|1\n|-boost|p1a: Kommo-o|def|1\n|-boost|p1a: Kommo-o|spa|1\n|-boost|p1a: Kommo-o|spd|1\n|-boost|p1a: Kommo-o|spe|1\n|-damage|p1a: Kommo-o|68/100\n|move|p2a: Gengar|Shadow Ball|p1a: Kommo-o\n|-damage|p1a: Kommo-o|30/100\n|\n|-heal|p1a: Kommo-o|36/100|[from] item: Leftovers\n|upkeep\n|turn|6\n|\n|t:|1776087821\n|move|p1b: Whimsicott|Fake Tears|p2a: Gengar\n|-unboost|p2a: Gengar|spd|2\n|move|p1a: Kommo-o|Clanging Scales|p2b: Garchomp|[spread] p2a,p2b\n|-supereffective|p2b: Garchomp|1\n|-damage|p2a: Gengar|0 fnt\n|-damage|p2b: Garchomp|0 fnt\n|faint|p2a: Gengar\n|faint|p2b: Garchomp\n|-unboost|p1a: Kommo-o|def|1\n|\n|-heal|p1a: Kommo-o|42/100|[from] item: Leftovers\n|upkeep\n|-message|juansimon383 forfeited.\n|\n|win|jibaobao\n|raw|jibaobao's rating: 1321 &rarr; <strong>1346</strong><br />(+25 for winning)\n|raw|juansimon383's rating: 1409 &rarr; <strong>1384</strong><br />(-25 for losing)\n|l|\u2606juansimon383\n|player|p2|\n",
  "uploadtime": 1776087841,
  "views": 20,
  "formatid": "gen9championsvgc2026regma",
  "rating": 1346,
  "private": 0,
  "password": null
}