{
  "id": "gen9championsvgc2026regma-2583318984",
  "format": "[Gen 9 Champions] VGC 2026 Reg M-A",
  "players": [
    "forker1112",
    "tomasopires"
  ],
  "log": "|j|\u2606forker1112\n|j|\u2606tomasopires\n|t:|1776166474\n|gametype|doubles\n|player|p1|forker1112|1|1117\n|player|p2|tomasopires|nate|1187\n|gen|9\n|tier|[Gen 9 Champions] VGC 2026 Reg M-A\n|rated|\n|rule|Species Clause: Limit one of each Pok\u00e9mon\n|rule|Item Clause: Limit 1 of each item\n|clearpoke\n|poke|p1|Crabominable, L50, F|\n|poke|p1|Incineroar, L50, F|\n|poke|p1|Farigiraf, L50, F|\n|poke|p1|Kingambit, L50, M|\n|poke|p1|Hatterene, L50, F|\n|poke|p1|Torkoal, L50, M|\n|poke|p2|Tyranitar, L50, M|\n|poke|p2|Excadrill, L50, F|\n|poke|p2|Incineroar, L50, M|\n|poke|p2|Primarina, L50, M|\n|poke|p2|Sinistcha, L50|\n|poke|p2|Corviknight, L50, M|\n|teampreview|4\n|\n|t:|1776166516\n|teamsize|p1|4\n|teamsize|p2|4\n|start\n|switch|p1a: Farigiraf|Farigiraf, L50, F|100/100\n|switch|p1b: Incineroar|Incineroar, L50, F|100/100\n|switch|p2a: Primarina|Primarina, L50, M|100/100\n|switch|p2b: Incineroar|Incineroar, L50, M|100/100\n|-ability|p2b: Incineroar|Intimidate|boost\n|-unboost|p1a: Farigiraf|atk|1\n|-unboost|p1b: Incineroar|atk|1\n|-ability|p1b: Incineroar|Intimidate|boost\n|-unboost|p2a: Primarina|atk|1\n|-unboost|p2b: Incineroar|atk|1\n|turn|1\n|\n|t:|1776166526\n|move|p1b: Incineroar|Fake Out|p2a: Primarina\n|-damage|p2a: Primarina|91/100\n|move|p2b: Incineroar|Darkest Lariat|p1a: Farigiraf\n|-supereffective|p1a: Farigiraf|1\n|-damage|p1a: Farigiraf|42/100\n|cant|p2a: Primarina|flinch\n|move|p1a: Farigiraf|Trick Room|p1a: Farigiraf\n|-fieldstart|move: Trick Room|[of] p1a: Farigiraf\n|\n|upkeep\n|turn|2\n|\n|t:|1776166550\n|move|p1a: Farigiraf|Psychic Noise|p2a: Primarina\n|-damage|p2a: Primarina|68/100\n|-start|p2a: Primarina|move: Heal Block\n|move|p1b: Incineroar|Parting Shot|p2b: Incineroar\n|-unboost|p2b: Incineroar|atk|1\n|-unboost|p2b: Incineroar|spa|1\n|\n|t:|1776166558\n|switch|p1b: Kingambit|Kingambit, L50, M|100/100|[from] Parting Shot\n|move|p2a: Primarina|Hyper Voice|p1a: Farigiraf|[spread] p1a,p1b\n|-crit|p1b: Kingambit\n|-damage|p1a: Farigiraf|17/100\n|-damage|p1b: Kingambit|47/100\n|move|p2b: Incineroar|Darkest Lariat|p1b: Kingambit\n|-resisted|p1b: Kingambit|1\n|-damage|p1b: Kingambit|40/100\n|\n|upkeep\n|turn|3\n|\n|t:|1776166578\n|move|p1a: Farigiraf|Helping Hand|p1b: Kingambit\n|-singleturn|p1b: Kingambit|Helping Hand|[of] p1a: Farigiraf\n|move|p1b: Kingambit|Iron Head|p2a: Primarina\n|-damage|p2a: Primarina|0 fnt\n|faint|p2a: Primarina\n|move|p2b: Incineroar|Parting Shot|p1b: Kingambit\n|-unboost|p1b: Kingambit|atk|1\n|-ability|p1b: Kingambit|Defiant|boost\n|-boost|p1b: Kingambit|atk|2\n|-unboost|p1b: Kingambit|spa|1\n|-ability|p1b: Kingambit|Defiant|boost\n|-boost|p1b: Kingambit|atk|2\n|inactive|Battle timer is ON: inactive players will automatically lose when time's up. (requested by forker1112)\n|\n|t:|1776166592\n|switch|p2b: Excadrill|Excadrill, L50, F|100/100|[from] Parting Shot\n|\n|upkeep\n|\n|t:|1776166597\n|switch|p2a: Tyranitar|Tyranitar, L50, M|100/100\n|-weather|Sandstorm|[from] ability: Sand Stream|[of] p2a: Tyranitar\n|turn|4\n|\n|t:|1776166611\n|move|p2a: Tyranitar|Protect|p2a: Tyranitar\n|-singleturn|p2a: Tyranitar|Protect\n|move|p1b: Kingambit|Kowtow Cleave|p2b: Excadrill\n|-enditem|p2b: Excadrill|Focus Sash\n|-damage|p2b: Excadrill|1/100\n|move|p1a: Farigiraf|Psychic Noise|p2b: Excadrill\n|-resisted|p2b: Excadrill|1\n|-damage|p2b: Excadrill|0 fnt\n|faint|p2b: Excadrill\n|\n|-weather|Sandstorm|[upkeep]\n|-damage|p1a: Farigiraf|11/100|[from] Sandstorm\n|upkeep\n|\n|t:|1776166622\n|switch|p2b: Incineroar|Incineroar, L50, M|100/100\n|-ability|p2b: Incineroar|Intimidate|boost\n|-unboost|p1a: Farigiraf|atk|1\n|-unboost|p1b: Kingambit|atk|1\n|-ability|p1b: Kingambit|Defiant|boost\n|-boost|p1b: Kingambit|atk|2\n|turn|5\n|\n|t:|1776166647\n|move|p1a: Farigiraf|Helping Hand|p1b: Kingambit\n|-singleturn|p1b: Kingambit|Helping Hand|[of] p1a: Farigiraf\n|move|p1b: Kingambit|Kowtow Cleave|p2b: Incineroar\n|-resisted|p2b: Incineroar|1\n|-damage|p2b: Incineroar|0 fnt\n|faint|p2b: Incineroar\n|move|p2a: Tyranitar|Rock Slide|p1a: Farigiraf|[spread] p1a\n|-miss|p2a: Tyranitar|p1b: Kingambit\n|-damage|p1a: Farigiraf|0 fnt\n|faint|p1a: Farigiraf\n|\n|-weather|Sandstorm|[upkeep]\n|-fieldend|move: Trick Room\n|upkeep\n|\n|t:|1776166654\n|switch|p1a: Crabominable|Crabominable, L50, F|100/100\n|turn|6\n|\n|t:|1776166665\n|detailschange|p2a: Tyranitar|Tyranitar-Mega, L50, M\n|-mega|p2a: Tyranitar|Tyranitar|Tyranitarite\n|detailschange|p1a: Crabominable|Crabominable-Mega, L50, F\n|-mega|p1a: Crabominable|Crabominable|Crabominite\n|move|p2a: Tyranitar|Rock Slide|p1a: Crabominable|[spread] p1a,p1b\n|-resisted|p1b: Kingambit|1\n|-damage|p1a: Crabominable|74/100\n|-damage|p1b: Kingambit|26/100\n|cant|p1b: Kingambit|flinch\n|cant|p1a: Crabominable|flinch\n|\n|-weather|Sandstorm|[upkeep]\n|-damage|p1a: Crabominable|68/100|[from] Sandstorm\n|upkeep\n|turn|7\n|\n|t:|1776166680\n|move|p2a: Tyranitar|Rock Slide|p1a: Crabominable|[spread] p1a,p1b\n|-resisted|p1b: Kingambit|1\n|-damage|p1a: Crabominable|40/100\n|-damage|p1b: Kingambit|12/100\n|move|p1b: Kingambit|Iron Head|p2a: Tyranitar\n|-supereffective|p2a: Tyranitar|1\n|-damage|p2a: Tyranitar|0 fnt\n|faint|p2a: Tyranitar\n|\n|win|forker1112\n|raw|forker1112's rating: 1117 &rarr; <strong>1147</strong><br />(+30 for winning)\n|raw|tomasopires's rating: 1187 &rarr; <strong>1157</strong><br />(-30 for losing)\n",
  "uploadtime": 1776166689,
  "views": 16,
  "formatid": "gen9championsvgc2026regma",
  "rating": 1147,
  "private": 0,
  "password": null
}