{
  "id": "gen9championsvgc2026regma-2583727657",
  "format": "[Gen 9 Champions] VGC 2026 Reg M-A",
  "players": [
    "ArcDaBoss",
    "porpal_goji"
  ],
  "log": "|j|\u2606ArcDaBoss\n|j|\u2606porpal_goji\n|t:|1776193609\n|gametype|doubles\n|player|p1|ArcDaBoss|2|1067\n|player|p2|porpal_goji|clair|1021\n|gen|9\n|tier|[Gen 9 Champions] VGC 2026 Reg M-A\n|rated|\n|rule|Species Clause: Limit one of each Pok\u00e9mon\n|rule|Item Clause: Limit 1 of each item\n|clearpoke\n|poke|p1|Meowstic, L50, M|\n|poke|p1|Alakazam, L50, F|\n|poke|p1|Aerodactyl, L50, M|\n|poke|p1|Sneasler, L50, M|\n|poke|p1|Gardevoir, L50, M|\n|poke|p1|Araquanid, L50, M|\n|poke|p2|Alcremie-Mint-Cream, L50, F|\n|poke|p2|Glimmora, L50, M|\n|poke|p2|Gyarados, L50, F|\n|poke|p2|Whimsicott, L50, M|\n|poke|p2|Orthworm, L50, M|\n|poke|p2|Dragonite, L50, F|\n|teampreview|4\n|inactive|Battle timer is ON: inactive players will automatically lose when time's up. (requested by ArcDaBoss)\n|inactive|porpal_goji has 60 seconds left.\n|\n|t:|1776193641\n|teamsize|p1|4\n|teamsize|p2|4\n|start\n|switch|p1a: Brohemian Rhapsody|Meowstic, L50, M|100/100\n|switch|p1b: Broseph Stalin|Aerodactyl, L50, M|100/100\n|switch|p2a: Whimsicott|Whimsicott, L50, M|100/100\n|switch|p2b: Orthworm|Orthworm, L50, M|100/100\n|turn|1\n|\n|t:|1776193659\n|move|p1a: Brohemian Rhapsody|Psychic Terrain|p1a: Brohemian Rhapsody\n|-fieldstart|move: Psychic Terrain\n|move|p2a: Whimsicott|Tailwind|p2a: Whimsicott\n|-sidestart|p2: porpal_goji|move: Tailwind\n|move|p1b: Broseph Stalin|Taunt|p2a: Whimsicott\n|-start|p2a: Whimsicott|move: Taunt\n|move|p2b: Orthworm|Shed Tail|p2b: Orthworm\n|-start|p2b: Orthworm|Substitute|[from] move: Shed Tail\n|-damage|p2b: Orthworm|50/100\n|-enditem|p2b: Orthworm|Sitrus Berry|[eat]\n|-heal|p2b: Orthworm|75/100|[from] item: Sitrus Berry\n|\n|t:|1776193671\n|switch|p2b: Gyarados|Gyarados, L50, F, shiny|100/100|[from] Shed Tail\n|-ability|p2b: Gyarados|Intimidate|boost\n|-unboost|p1a: Brohemian Rhapsody|atk|1\n|-unboost|p1b: Broseph Stalin|atk|1\n|\n|upkeep\n|turn|2\n|inactive|ArcDaBoss has 30 seconds left.\n|\n|t:|1776193697\n|detailschange|p2b: Gyarados|Gyarados-Mega, L50, F, shiny\n|-mega|p2b: Gyarados|Gyarados|Gyaradosite\n|-ability|p2b: Gyarados|Mold Breaker\n|move|p1a: Brohemian Rhapsody|Reflect|p1a: Brohemian Rhapsody\n|-sidestart|p1: ArcDaBoss|Reflect\n|move|p2a: Whimsicott|Moonblast|p1b: Broseph Stalin\n|-damage|p1b: Broseph Stalin|62/100\n|move|p2b: Gyarados|Dragon Dance|p2b: Gyarados\n|-boost|p2b: Gyarados|atk|1\n|-boost|p2b: Gyarados|spe|1\n|move|p1b: Broseph Stalin|Rock Slide|p2a: Whimsicott|[spread] p2a,p2b\n|-activate|p2b: Gyarados|move: Substitute|[damage]\n|-damage|p2a: Whimsicott|78/100\n|\n|upkeep\n|turn|3\n|inactive|ArcDaBoss has 30 seconds left.\n|inactive|porpal_goji has 30 seconds left.\n|\n|t:|1776193728\n|move|p1a: Brohemian Rhapsody|Light Screen|p1a: Brohemian Rhapsody\n|-sidestart|p1: ArcDaBoss|move: Light Screen\n|move|p2b: Gyarados|Dragon Dance|p2b: Gyarados\n|-boost|p2b: Gyarados|atk|1\n|-boost|p2b: Gyarados|spe|1\n|move|p2a: Whimsicott|Moonblast|p1b: Broseph Stalin\n|-damage|p1b: Broseph Stalin|37/100\n|move|p1b: Broseph Stalin|Rock Slide|p2a: Whimsicott|[spread] p2a,p2b\n|-end|p2b: Gyarados|Substitute\n|-damage|p2a: Whimsicott|58/100\n|\n|upkeep\n|turn|4\n|\n|t:|1776193748\n|switch|p2a: Orthworm|Orthworm, L50, M|75/100\n|move|p2b: Gyarados|Waterfall|p1b: Broseph Stalin\n|-supereffective|p1b: Broseph Stalin|1\n|-damage|p1b: Broseph Stalin|0 fnt\n|faint|p1b: Broseph Stalin\n|move|p1a: Brohemian Rhapsody|Expanding Force|p2b: Gyarados|[spread] p2a\n|-immune|p2b: Gyarados\n|-resisted|p2a: Orthworm|1\n|-damage|p2a: Orthworm|46/100\n|\n|-sideend|p2: porpal_goji|move: Tailwind\n|upkeep\n|\n|t:|1776193762\n|switch|p1b: Brometry Dash|Sneasler, L50, M|100/100\n|turn|5\n|\n|t:|1776193781\n|move|p2b: Gyarados|Waterfall|p1b: Brometry Dash\n|-enditem|p1b: Brometry Dash|Focus Sash\n|-damage|p1b: Brometry Dash|1/100\n|cant|p1b: Brometry Dash|flinch\n|move|p1a: Brohemian Rhapsody|Expanding Force|p2a: Orthworm|[spread] p2a\n|-immune|p2b: Gyarados\n|-resisted|p2a: Orthworm|1\n|-damage|p2a: Orthworm|19/100\n|move|p2a: Orthworm|Iron Head|p1b: Brometry Dash\n|-damage|p1b: Brometry Dash|0 fnt\n|faint|p1b: Brometry Dash\n|\n|-fieldend|move: Psychic Terrain\n|upkeep\n|c|\u2606ArcDaBoss|you can't make ts up\n|\n|t:|1776193798\n|switch|p1b: Brofessor X|Alakazam, L50, F|100/100\n|turn|6\n|\n|t:|1776193814\n|detailschange|p1b: Brofessor X|Alakazam-Mega, L50, F\n|-mega|p1b: Brofessor X|Alakazam|Alakazite\n|-ability|p1b: Brofessor X|Earth Eater|Trace|[from] ability: Trace|[of] p2a: Orthworm\n|move|p1b: Brofessor X|Protect|p1b: Brofessor X\n|-singleturn|p1b: Brofessor X|Protect\n|move|p1a: Brohemian Rhapsody|Psychic Terrain|p1a: Brohemian Rhapsody\n|-fieldstart|move: Psychic Terrain\n|move|p2b: Gyarados|Crunch|p1b: Brofessor X\n|-activate|p1b: Brofessor X|move: Protect\n|move|p2a: Orthworm|Iron Head|p1a: Brohemian Rhapsody\n|-damage|p1a: Brohemian Rhapsody|80/100\n|\n|-heal|p1a: Brohemian Rhapsody|86/100|[from] item: Leftovers\n|-sideend|p1: ArcDaBoss|Reflect\n|upkeep\n|turn|7\n|\n|t:|1776193833\n|move|p1a: Brohemian Rhapsody|Reflect|p1a: Brohemian Rhapsody\n|-sidestart|p1: ArcDaBoss|Reflect\n|move|p2b: Gyarados|Crunch|p1b: Brofessor X\n|-supereffective|p1b: Brofessor X|1\n|-damage|p1b: Brofessor X|0 fnt\n|faint|p1b: Brofessor X\n|move|p2a: Orthworm|Iron Head|p1a: Brohemian Rhapsody\n|-crit|p1a: Brohemian Rhapsody\n|-damage|p1a: Brohemian Rhapsody|46/100\n|\n|-heal|p1a: Brohemian Rhapsody|52/100|[from] item: Leftovers\n|-sideend|p1: ArcDaBoss|move: Light Screen\n|upkeep\n|turn|8\n|-message|ArcDaBoss forfeited.\n|\n|win|porpal_goji\n|raw|ArcDaBoss's rating: 1067 &rarr; <strong>1044</strong><br />(-23 for losing)\n|raw|porpal_goji's rating: 1021 &rarr; <strong>1063</strong><br />(+42 for winning)\n|l|\u2606ArcDaBoss\n|player|p1|\n",
  "uploadtime": 1776193850,
  "views": 21,
  "formatid": "gen9championsvgc2026regma",
  "rating": 1044,
  "private": 0,
  "password": null
}