{
  "id": "gen9championsvgc2026regma-2584045998",
  "format": "[Gen 9 Champions] VGC 2026 Reg M-A",
  "players": [
    "Joe Sheboygan",
    "lukeislit"
  ],
  "log": "|j|\u2606Joe Sheboygan\n|j|\u2606lukeislit\n|t:|1776219796\n|gametype|doubles\n|player|p1|Joe Sheboygan|steven|1352\n|player|p2|lukeislit|169|1283\n|gen|9\n|tier|[Gen 9 Champions] VGC 2026 Reg M-A\n|rated|\n|rule|Species Clause: Limit one of each Pok\u00e9mon\n|rule|Item Clause: Limit 1 of each item\n|clearpoke\n|poke|p1|Gardevoir, L50, M|\n|poke|p1|Primarina, L50, F|\n|poke|p1|Zoroark-Hisui, L50, F|\n|poke|p1|Farigiraf, L50, M|\n|poke|p1|Torkoal, L50, F|\n|poke|p1|Incineroar, L50, M|\n|poke|p2|Floette-Eternal, L50, F|\n|poke|p2|Incineroar, L50, F|\n|poke|p2|Whimsicott, L50, M|\n|poke|p2|Sinistcha, L50|\n|poke|p2|Charizard, L50, F|\n|poke|p2|Garchomp, L50, M|\n|teampreview|4\n|\n|t:|1776219856\n|teamsize|p1|4\n|teamsize|p2|4\n|start\n|switch|p1a: Farigiraf|Farigiraf, L50, M|100/100\n|switch|p1b: Incineroar|Incineroar, L50, M|100/100\n|switch|p2a: Charizard|Charizard, L50, F, shiny|100/100\n|switch|p2b: Garchomp|Garchomp, L50, M|100/100\n|-ability|p1b: Incineroar|Intimidate|boost\n|-unboost|p2a: Charizard|atk|1\n|-unboost|p2b: Garchomp|atk|1\n|turn|1\n|\n|t:|1776219881\n|detailschange|p2a: Charizard|Charizard-Mega-Y, L50, F, shiny\n|-mega|p2a: Charizard|Charizard|Charizardite Y\n|-weather|SunnyDay|[from] ability: Drought|[of] p2a: Charizard\n|move|p1b: Incineroar|Fake Out|p2a: Charizard\n|-crit|p2a: Charizard\n|-damage|p2a: Charizard|71/100\n|move|p2b: Garchomp|Stomping Tantrum|p1a: Farigiraf\n|-damage|p1a: Farigiraf|64/100\n|cant|p2a: Charizard|flinch\n|move|p1a: Farigiraf|Trick Room|p1a: Farigiraf\n|-fieldstart|move: Trick Room|[of] p1a: Farigiraf\n|\n|-weather|SunnyDay|[upkeep]\n|upkeep\n|turn|2\n|\n|t:|1776219902\n|switch|p2a: Whimsicott|Whimsicott, L50, M, shiny|100/100\n|move|p1a: Farigiraf|Thunderbolt|p2a: Whimsicott\n|-resisted|p2a: Whimsicott|1\n|-damage|p2a: Whimsicott|87/100\n|move|p1b: Incineroar|Parting Shot|p2b: Garchomp\n|-unboost|p2b: Garchomp|atk|1\n|-unboost|p2b: Garchomp|spa|1\n|\n|t:|1776219909\n|switch|p1b: Gardevoir|Gardevoir, L50, M|100/100|[from] Parting Shot\n|-ability|p1b: Gardevoir|Prankster|Trace|[from] ability: Trace|[of] p2a: Whimsicott\n|move|p2b: Garchomp|Rock Slide|p1b: Gardevoir|[spread] p1a,p1b\n|-damage|p1a: Farigiraf|53/100\n|-damage|p1b: Gardevoir|85/100\n|\n|-weather|SunnyDay|[upkeep]\n|upkeep\n|turn|3\n|\n|t:|1776219944\n|switch|p2b: Charizard|Charizard-Mega-Y, L50, F, shiny|71/100\n|detailschange|p1b: Gardevoir|Gardevoir-Mega, L50, M\n|-mega|p1b: Gardevoir|Gardevoir|Gardevoirite\n|move|p1a: Farigiraf|Helping Hand|p1b: Gardevoir\n|-singleturn|p1b: Gardevoir|Helping Hand|[of] p1a: Farigiraf\n|move|p1b: Gardevoir|Hyper Voice|p2b: Charizard|[spread] p2a,p2b\n|-resisted|p2b: Charizard|1\n|-damage|p2a: Whimsicott|6/100\n|-damage|p2b: Charizard|33/100\n|move|p2a: Whimsicott|Dazzling Gleam|p1a: Farigiraf|[spread] p1a,p1b\n|-damage|p1a: Farigiraf|38/100\n|-damage|p1b: Gardevoir|71/100\n|\n|-weather|SunnyDay|[upkeep]\n|upkeep\n|turn|4\n|\n|t:|1776219979\n|switch|p2a: Sinistcha|Sinistcha, L50|100/100\n|-heal|p2b: Charizard|57/100|[from] ability: Hospitality|[of] p2a: Sinistcha\n|move|p1a: Farigiraf|Twin Beam|p2b: Charizard\n|-damage|p2b: Charizard|37/100\n|-damage|p2b: Charizard|17/100\n|-hitcount|p2b: Charizard|2\n|move|p1b: Gardevoir|Hyper Voice|p2b: Charizard|[spread] p2a,p2b\n|-resisted|p2b: Charizard|1\n|-damage|p2a: Sinistcha|58/100\n|-damage|p2b: Charizard|0 fnt\n|faint|p2b: Charizard\n|\n|-weather|SunnyDay|[upkeep]\n|-heal|p2a: Sinistcha|65/100|[from] item: Leftovers\n|upkeep\n|\n|t:|1776219993\n|switch|p2b: Garchomp|Garchomp, L50, M|100/100\n|turn|5\n|\n|t:|1776220007\n|switch|p1a: Incineroar|Incineroar, L50, M|100/100\n|-ability|p1a: Incineroar|Intimidate|boost\n|-unboost|p2a: Sinistcha|atk|1\n|-unboost|p2b: Garchomp|atk|1\n|move|p2b: Garchomp|Protect|p2b: Garchomp\n|-singleturn|p2b: Garchomp|Protect\n|move|p2a: Sinistcha|Shadow Ball|p1b: Gardevoir\n|-supereffective|p1b: Gardevoir|1\n|-damage|p1b: Gardevoir|18/100\n|move|p1b: Gardevoir|Hyper Voice|p2a: Sinistcha|[spread] p2a\n|-activate|p2b: Garchomp|move: Protect\n|-damage|p2a: Sinistcha|15/100\n|\n|-weather|none\n|-heal|p2a: Sinistcha|21/100|[from] item: Leftovers\n|-fieldend|move: Trick Room\n|upkeep\n|turn|6\n|\n|t:|1776220025\n|move|p2a: Sinistcha|Protect|p2a: Sinistcha\n|-singleturn|p2a: Sinistcha|Protect\n|move|p1a: Incineroar|Fake Out|p2b: Garchomp\n|-damage|p2b: Garchomp|87/100\n|-damage|p1a: Incineroar|88/100|[from] ability: Rough Skin|[of] p2b: Garchomp\n|cant|p2b: Garchomp|flinch\n|move|p1b: Gardevoir|Hyper Voice|p2a: Sinistcha|[spread] p2b\n|-activate|p2a: Sinistcha|move: Protect\n|-supereffective|p2b: Garchomp|1\n|-damage|p2b: Garchomp|0 fnt\n|faint|p2b: Garchomp\n|\n|-heal|p2a: Sinistcha|27/100|[from] item: Leftovers\n|upkeep\n|-message|lukeislit forfeited.\n|\n|win|Joe Sheboygan\n|raw|Joe Sheboygan's rating: 1352 &rarr; <strong>1368</strong><br />(+16 for winning)\n|raw|lukeislit's rating: 1283 &rarr; <strong>1263</strong><br />(-20 for losing)\n|l|\u2606lukeislit\n|player|p2|\n",
  "uploadtime": 1776220041,
  "views": 25,
  "formatid": "gen9championsvgc2026regma",
  "rating": 1263,
  "private": 0,
  "password": null
}