{
  "id": "gen9championsvgc2026regma-2588594300",
  "format": "[Gen 9 Champions] VGC 2026 Reg M-A",
  "players": [
    "dkapflzksh",
    "gwonyul"
  ],
  "log": "|j|\u2606dkapflzksh\n|j|\u2606gwonyul\n|t:|1776648344\n|gametype|doubles\n|player|p1|dkapflzksh|scientist-gen4dp|\n|player|p2|gwonyul|1|\n|gen|9\n|tier|[Gen 9 Champions] VGC 2026 Reg M-A\n|rule|Species Clause: Limit one of each Pok\u00e9mon\n|rule|Item Clause: Limit 1 of each item\n|clearpoke\n|poke|p1|Slowbro, L50, F, shiny|\n|poke|p1|Raichu, L50, F, shiny|\n|poke|p1|Clefable, L50, F|\n|poke|p1|Sneasler, L50, F, shiny|\n|poke|p1|Alcremie-Salted-Cream, L50, F|\n|poke|p1|Floette-Eternal, L50, F|\n|poke|p2|Clawitzer, L50, M|\n|poke|p2|Ariados, L50, F|\n|poke|p2|Wyrdeer, L50, F|\n|poke|p2|Aromatisse, L50, F|\n|poke|p2|Gourgeist-Super, L50, M|\n|poke|p2|Bastiodon, L50, M|\n|teampreview|4\n|\n|t:|1776648390\n|teamsize|p1|4\n|teamsize|p2|4\n|start\n|switch|p1a: Slowbro|Slowbro, L50, F, shiny|100/100\n|switch|p1b: Sneasler|Sneasler, L50, F, shiny|100/100\n|switch|p2a: Wyrdeer|Wyrdeer, L50, F|100/100\n|switch|p2b: Clawitzer|Clawitzer, L50, M|100/100\n|-ability|p2a: Wyrdeer|Intimidate|boost\n|-fail|p1a: Slowbro|unboost|Attack|[from] ability: Oblivious|[of] p1a: Slowbro\n|-unboost|p1b: Sneasler|atk|1\n|-enditem|p1b: Sneasler|White Herb\n|-clearnegativeboost|p1b: Sneasler|[silent]\n|turn|1\n|\n|t:|1776648410\n|detailschange|p1a: Slowbro|Slowbro-Mega, L50, F, shiny\n|-mega|p1a: Slowbro|Slowbro|Slowbronite\n|move|p1b: Sneasler|Close Combat|p2a: Wyrdeer\n|-damage|p2a: Wyrdeer|41/100\n|-unboost|p1b: Sneasler|def|1\n|-unboost|p1b: Sneasler|spd|1\n|move|p2a: Wyrdeer|Psyshield Bash|p1b: Sneasler\n|-supereffective|p1b: Sneasler|2\n|-damage|p1b: Sneasler|0 fnt\n|-boost|p2a: Wyrdeer|def|1\n|faint|p1b: Sneasler\n|move|p2b: Clawitzer|Dark Pulse|p1a: Slowbro\n|-supereffective|p1a: Slowbro|1\n|-damage|p1a: Slowbro|38/100\n|move|p1a: Slowbro|Amnesia|p1a: Slowbro\n|-boost|p1a: Slowbro|spd|2\n|\n|upkeep\n|\n|t:|1776648429\n|switch|p1b: Floette|Floette-Eternal, L50, F|100/100\n|turn|2\n|\n|t:|1776648449\n|move|p1b: Floette|Light of Ruin|p2b: Clawitzer\n|-damage|p2b: Clawitzer|14/100\n|-enditem|p2b: Clawitzer|Sitrus Berry|[eat]\n|-heal|p2b: Clawitzer|38/100|[from] item: Sitrus Berry\n|-damage|p1b: Floette|51/100|[from] Recoil\n|move|p2b: Clawitzer|Dark Pulse|p1a: Slowbro\n|-supereffective|p1a: Slowbro|1\n|-damage|p1a: Slowbro|10/100\n|move|p1a: Slowbro|Slack Off|p1a: Slowbro\n|-heal|p1a: Slowbro|60/100\n|move|p2a: Wyrdeer|Trick Room|p2a: Wyrdeer\n|-fieldstart|move: Trick Room|[of] p2a: Wyrdeer\n|\n|upkeep\n|turn|3\n|\n|t:|1776648475\n|switch|p1b: Clefable|Clefable, L50, F|100/100\n|move|p1a: Slowbro|Stored Power|p2b: Clawitzer\n|-damage|p2b: Clawitzer|10/100\n|move|p2b: Clawitzer|Heal Pulse|p2a: Wyrdeer\n|-heal|p2a: Wyrdeer|100/100\n|move|p2a: Wyrdeer|Hypnosis|p1a: Slowbro|[miss]\n|-miss|p2a: Wyrdeer|p1a: Slowbro\n|\n|upkeep\n|turn|4\n|\n|t:|1776648506\n|move|p1b: Clefable|Follow Me|p1b: Clefable\n|-singleturn|p1b: Clefable|move: Follow Me\n|move|p1a: Slowbro|Amnesia|p1a: Slowbro\n|-boost|p1a: Slowbro|spd|2\n|move|p2b: Clawitzer|Dark Pulse|p1b: Clefable\n|-resisted|p1b: Clefable|1\n|-damage|p1b: Clefable|83/100\n|move|p2a: Wyrdeer|Hypnosis|p1b: Clefable\n|-status|p1b: Clefable|slp|[from] move: Hypnosis\n|\n|-heal|p1b: Clefable|89/100 slp|[from] item: Leftovers\n|upkeep\n|turn|5\n|\n|t:|1776648525\n|move|p1a: Slowbro|Stored Power|p2b: Clawitzer\n|-damage|p2b: Clawitzer|0 fnt\n|faint|p2b: Clawitzer\n|move|p2a: Wyrdeer|Hypnosis|p1a: Slowbro\n|-status|p1a: Slowbro|slp|[from] move: Hypnosis\n|cant|p1b: Clefable|slp\n|\n|-heal|p1b: Clefable|95/100 slp|[from] item: Leftovers\n|upkeep\n|\n|t:|1776648532\n|switch|p2b: Ariados|Ariados, L50, F|100/100\n|turn|6\n|\n|t:|1776648547\n|cant|p1a: Slowbro|slp\n|move|p2b: Ariados|Megahorn|p1a: Slowbro|[miss]\n|-miss|p2b: Ariados|p1a: Slowbro\n|move|p2a: Wyrdeer|Psyshield Bash|p1a: Slowbro\n|-resisted|p1a: Slowbro|1\n|-damage|p1a: Slowbro|51/100 slp\n|-boost|p2a: Wyrdeer|def|1\n|cant|p1b: Clefable|slp\n|\n|-heal|p1b: Clefable|100/100 slp|[from] item: Leftovers\n|-fieldend|move: Trick Room\n|upkeep\n|turn|7\n|\n|t:|1776648564\n|-curestatus|p1b: Clefable|slp|[msg]\n|move|p1b: Clefable|Psych Up|p1a: Slowbro\n|-copyboost|p1b: Clefable|p1a: Slowbro|[from] move: Psych Up\n|move|p2b: Ariados|Cross Poison|p1b: Clefable\n|-supereffective|p1b: Clefable|1\n|-damage|p1b: Clefable|47/100\n|-curestatus|p1a: Slowbro|slp|[msg]\n|move|p1a: Slowbro|Slack Off|p1a: Slowbro\n|-heal|p1a: Slowbro|100/100\n|move|p2a: Wyrdeer|Trick Room|p2a: Wyrdeer\n|-fieldstart|move: Trick Room|[of] p2a: Wyrdeer\n|\n|-heal|p1b: Clefable|53/100|[from] item: Leftovers\n|upkeep\n|turn|8\n|\n|t:|1776648586\n|move|p1a: Slowbro|Stored Power|p2b: Ariados\n|-supereffective|p2b: Ariados|1\n|-damage|p2b: Ariados|0 fnt\n|faint|p2b: Ariados\n|move|p2a: Wyrdeer|Psyshield Bash|p1b: Clefable\n|-damage|p1b: Clefable|21/100\n|-boost|p2a: Wyrdeer|def|1\n|move|p1b: Clefable|Moonlight|p1b: Clefable\n|-heal|p1b: Clefable|71/100\n|\n|-heal|p1b: Clefable|77/100|[from] item: Leftovers\n|upkeep\n|\n|t:|1776648592\n|switch|p2b: Bastiodon|Bastiodon, L50, M|100/100\n|turn|9\n|\n|t:|1776648608\n|move|p2b: Bastiodon|Protect|p2b: Bastiodon\n|-singleturn|p2b: Bastiodon|Protect\n|move|p1b: Clefable|Follow Me|p1b: Clefable\n|-singleturn|p1b: Clefable|move: Follow Me\n|move|p1a: Slowbro|Iron Defense|p1a: Slowbro\n|-boost|p1a: Slowbro|def|2\n|move|p2a: Wyrdeer|Hypnosis|p1b: Clefable|[miss]\n|-miss|p2a: Wyrdeer|p1b: Clefable\n|\n|-heal|p1b: Clefable|83/100|[from] item: Leftovers\n|upkeep\n|turn|10\n|\n|t:|1776648621\n|move|p2b: Bastiodon|Iron Defense|p2b: Bastiodon\n|-boost|p2b: Bastiodon|def|2\n|move|p1a: Slowbro|Iron Defense|p1a: Slowbro\n|-boost|p1a: Slowbro|def|2\n|move|p2a: Wyrdeer|Hypnosis|p1a: Slowbro\n|-status|p1a: Slowbro|slp|[from] move: Hypnosis\n|move|p1b: Clefable|Psych Up|p1a: Slowbro\n|-copyboost|p1b: Clefable|p1a: Slowbro|[from] move: Psych Up\n|\n|-heal|p1b: Clefable|89/100|[from] item: Leftovers\n|upkeep\n|turn|11\n|\n|t:|1776648647\n|move|p2b: Bastiodon|Iron Head|p1b: Clefable\n|-supereffective|p1b: Clefable|1\n|-damage|p1b: Clefable|79/100\n|cant|p1a: Slowbro|slp\n|move|p2a: Wyrdeer|Psyshield Bash|p1b: Clefable\n|-damage|p1b: Clefable|68/100\n|-boost|p2a: Wyrdeer|def|1\n|cant|p1b: Clefable|flinch\n|\n|-heal|p1b: Clefable|74/100|[from] item: Leftovers\n|-fieldend|move: Trick Room\n|upkeep\n|turn|12\n|\n|t:|1776648663\n|move|p1b: Clefable|Moonlight|p1b: Clefable\n|-heal|p1b: Clefable|100/100\n|cant|p1a: Slowbro|slp\n|move|p2b: Bastiodon|Iron Defense|p2b: Bastiodon\n|-boost|p2b: Bastiodon|def|2\n|move|p2a: Wyrdeer|Trick Room|p2a: Wyrdeer\n|-fieldstart|move: Trick Room|[of] p2a: Wyrdeer\n|\n|upkeep\n|turn|13\n|\n|t:|1776648673\n|move|p2b: Bastiodon|Iron Defense|p2b: Bastiodon\n|-boost|p2b: Bastiodon|def|2\n|-curestatus|p1a: Slowbro|slp|[msg]\n|move|p1a: Slowbro|Stored Power|p2b: Bastiodon\n|-resisted|p2b: Bastiodon|1\n|-damage|p2b: Bastiodon|76/100\n|move|p2a: Wyrdeer|Hypnosis|p1b: Clefable|[miss]\n|-miss|p2a: Wyrdeer|p1b: Clefable\n|move|p1b: Clefable|Moonblast|p2a: Wyrdeer\n|-damage|p2a: Wyrdeer|71/100\n|\n|upkeep\n|turn|14\n|\n|t:|1776648692\n|move|p2b: Bastiodon|Body Press|p1a: Slowbro\n|-resisted|p1a: Slowbro|1\n|-damage|p1a: Slowbro|86/100\n|move|p1a: Slowbro|Stored Power|p2a: Wyrdeer\n|-resisted|p2a: Wyrdeer|1\n|-damage|p2a: Wyrdeer|37/100\n|move|p2a: Wyrdeer|Hypnosis|p1a: Slowbro|[miss]\n|-miss|p2a: Wyrdeer|p1a: Slowbro\n|move|p1b: Clefable|Moonblast|p2a: Wyrdeer\n|-damage|p2a: Wyrdeer|10/100\n|-unboost|p2a: Wyrdeer|spa|1\n|\n|upkeep\n|turn|15\n|\n|t:|1776648707\n|move|p1b: Clefable|Follow Me|p1b: Clefable\n|-singleturn|p1b: Clefable|move: Follow Me\n|move|p2b: Bastiodon|Body Press|p1b: Clefable\n|-resisted|p1b: Clefable|1\n|-damage|p1b: Clefable|95/100\n|move|p1a: Slowbro|Stored Power|p2a: Wyrdeer\n|-resisted|p2a: Wyrdeer|1\n|-damage|p2a: Wyrdeer|0 fnt\n|faint|p2a: Wyrdeer\n|\n|-heal|p1b: Clefable|100/100|[from] item: Leftovers\n|upkeep\n|turn|16\n|\n|t:|1776648730\n|move|p2b: Bastiodon|Iron Defense|p2b: Bastiodon\n|-boost|p2b: Bastiodon|def|0\n|move|p1a: Slowbro|Iron Defense|p1a: Slowbro\n|-boost|p1a: Slowbro|def|2\n|move|p1b: Clefable|Moonblast|p2b: Bastiodon\n|-resisted|p2b: Bastiodon|1\n|-damage|p2b: Bastiodon|65/100\n|\n|-fieldend|move: Trick Room\n|upkeep\n|turn|17\n|\n|t:|1776648747\n|move|p1b: Clefable|Moonblast|p2b: Bastiodon\n|-resisted|p2b: Bastiodon|1\n|-damage|p2b: Bastiodon|54/100\n|move|p1a: Slowbro|Amnesia|p1a: Slowbro\n|-boost|p1a: Slowbro|spd|2\n|move|p2b: Bastiodon|Iron Head|p1b: Clefable\n|-supereffective|p1b: Clefable|1\n|-damage|p1b: Clefable|91/100\n|\n|-heal|p1b: Clefable|97/100|[from] item: Leftovers\n|upkeep\n|turn|18\n|\n|t:|1776648760\n|move|p1b: Clefable|Psych Up|p1a: Slowbro\n|-copyboost|p1b: Clefable|p1a: Slowbro|[from] move: Psych Up\n|move|p1a: Slowbro|Stored Power|p2b: Bastiodon\n|-resisted|p2b: Bastiodon|1\n|-damage|p2b: Bastiodon|18/100\n|move|p2b: Bastiodon|Iron Head|p1b: Clefable\n|-supereffective|p1b: Clefable|1\n|-damage|p1b: Clefable|88/100\n|\n|-heal|p1b: Clefable|94/100|[from] item: Leftovers\n|upkeep\n|turn|19\n|\n|t:|1776648777\n|move|p1b: Clefable|Moonblast|p2b: Bastiodon\n|-resisted|p2b: Bastiodon|1\n|-damage|p2b: Bastiodon|7/100\n|-unboost|p2b: Bastiodon|spa|1\n|move|p1a: Slowbro|Stored Power|p2b: Bastiodon\n|-resisted|p2b: Bastiodon|1\n|-damage|p2b: Bastiodon|0 fnt\n|faint|p2b: Bastiodon\n|\n|win|dkapflzksh\n",
  "uploadtime": 1776648778,
  "views": 4,
  "formatid": "gen9championsvgc2026regma",
  "rating": null,
  "private": 0,
  "password": null
}