{
  "id": "gen9championsvgc2026regma-2581480935",
  "format": "[Gen 9 Champions] VGC 2026 Reg M-A",
  "players": [
    "dotlele",
    "soten soten"
  ],
  "log": "|j|\u2606dotlele\n|j|\u2606soten soten\n|t:|1776004461\n|gametype|doubles\n|player|p1|dotlele|1|1040\n|player|p2|soten soten|hilbert|1107\n|gen|9\n|tier|[Gen 9 Champions] VGC 2026 Reg M-A\n|rated|\n|rule|Species Clause: Limit one of each Pok\u00e9mon\n|rule|Item Clause: Limit 1 of each item\n|clearpoke\n|poke|p1|Incineroar, L50, F|\n|poke|p1|Whimsicott, L50, M|\n|poke|p1|Gengar, L50, M|\n|poke|p1|Politoed, L50, M|\n|poke|p1|Floette-Eternal, L50, F|\n|poke|p1|Kommo-o, L50, M|\n|poke|p2|Gallade, L50, M|\n|poke|p2|Floette-Eternal, L50, F|\n|poke|p2|Garchomp, L50, M|\n|poke|p2|Incineroar, L50, M|\n|poke|p2|Rotom-Wash, L50|\n|poke|p2|Sinistcha, L50|\n|teampreview|4\n|inactive|Battle timer is ON: inactive players will automatically lose when time's up. (requested by soten soten)\n|inactive|dotlele has 60 seconds left.\n|inactive|soten soten has 60 seconds left.\n|\n|t:|1776004499\n|teamsize|p1|4\n|teamsize|p2|4\n|start\n|switch|p1a: Whimsicott|Whimsicott, L50, M, shiny|100/100\n|switch|p1b: Gengar|Gengar, L50, M, shiny|100/100\n|switch|p2a: Incineroar|Incineroar, L50, M|100/100\n|switch|p2b: Rotom|Rotom-Wash, L50|100/100\n|-ability|p2a: Incineroar|Intimidate|boost\n|-unboost|p1a: Whimsicott|atk|1\n|-unboost|p1b: Gengar|atk|1\n|turn|1\n|inactive|dotlele has 30 seconds left.\n|inactive|dotlele has 20 seconds left.\n|\n|t:|1776004536\n|switch|p1a: Incineroar|Incineroar, L50, F, shiny|100/100\n|-ability|p1a: Incineroar|Intimidate|boost\n|-unboost|p2a: Incineroar|atk|1\n|-unboost|p2b: Rotom|atk|1\n|detailschange|p1b: Gengar|Gengar-Mega, L50, M, shiny\n|-mega|p1b: Gengar|Gengar|Gengarite\n|move|p1b: Gengar|Protect|p1b: Gengar\n|-singleturn|p1b: Gengar|Protect\n|move|p2a: Incineroar|Fake Out|p1a: Incineroar\n|-damage|p1a: Incineroar|94/100\n|move|p2b: Rotom|Thunder Wave|p1b: Gengar\n|-activate|p1b: Gengar|move: Protect\n|\n|upkeep\n|turn|2\n|\n|t:|1776004553\n|move|p1a: Incineroar|Fake Out|p2b: Rotom\n|-damage|p2b: Rotom|90/100\n|move|p1b: Gengar|Perish Song|p1b: Gengar\n|-start|p1a: Incineroar|perish3|[silent]\n|-start|p1b: Gengar|perish3|[silent]\n|-start|p2a: Incineroar|perish3|[silent]\n|-start|p2b: Rotom|perish3|[silent]\n|-fieldactivate|move: Perish Song\n|cant|p2b: Rotom|flinch\n|move|p2a: Incineroar|Parting Shot|p1b: Gengar\n|-unboost|p1b: Gengar|atk|1\n|-unboost|p1b: Gengar|spa|1\n|\n|t:|1776004558\n|switch|p2a: Garchomp|Garchomp, L50, M|100/100|[from] Parting Shot\n|\n|-heal|p2b: Rotom|95/100|[from] item: Leftovers\n|-start|p1b: Gengar|perish3\n|-start|p2b: Rotom|perish3\n|-start|p1a: Incineroar|perish3\n|upkeep\n|turn|3\n|inactive|dotlele has 30 seconds left.\n|inactive|dotlele has 20 seconds left.\n|\n|t:|1776004594\n|move|p1b: Gengar|Protect|p1b: Gengar\n|-singleturn|p1b: Gengar|Protect\n|move|p1a: Incineroar|Protect|p1a: Incineroar\n|-singleturn|p1a: Incineroar|Protect\n|move|p2a: Garchomp|Earthquake|p1b: Gengar|[spread] \n|-activate|p1a: Incineroar|move: Protect\n|-activate|p1b: Gengar|move: Protect\n|-immune|p2b: Rotom|[from] ability: Levitate\n|move|p2b: Rotom|Volt Switch|p1a: Incineroar\n|-activate|p1a: Incineroar|move: Protect\n|\n|-heal|p2b: Rotom|100/100|[from] item: Leftovers\n|-start|p1b: Gengar|perish2\n|-start|p2b: Rotom|perish2\n|-start|p1a: Incineroar|perish2\n|upkeep\n|turn|4\n|inactive|dotlele has 30 seconds left.\n|\n|t:|1776004626\n|move|p1b: Gengar|Disable|p2a: Garchomp\n|-start|p2a: Garchomp|Disable|Earthquake\n|cant|p2a: Garchomp|Disable|Earthquake\n|move|p2b: Rotom|Thunder Wave|p1b: Gengar\n|-status|p1b: Gengar|par\n|move|p1a: Incineroar|Throat Chop|p2b: Rotom\n|-damage|p2b: Rotom|64/100\n|-start|p2b: Rotom|Throat Chop|[silent]\n|\n|-heal|p2b: Rotom|70/100|[from] item: Leftovers\n|-start|p2b: Rotom|perish1\n|-start|p1b: Gengar|perish1\n|-start|p1a: Incineroar|perish1\n|upkeep\n|turn|5\n|inactive|dotlele has 30 seconds left.\n|\n|t:|1776004652\n|switch|p1b: Whimsicott|Whimsicott, L50, M, shiny|100/100\n|move|p2a: Garchomp|Rock Slide|p1b: Whimsicott|[spread] p1a,p1b\n|-supereffective|p1a: Incineroar|1\n|-damage|p1a: Incineroar|56/100\n|-damage|p1b: Whimsicott|84/100\n|move|p2b: Rotom|Volt Switch|p1a: Incineroar\n|-damage|p1a: Incineroar|37/100\n|-enditem|p1a: Incineroar|Sitrus Berry|[eat]\n|-heal|p1a: Incineroar|62/100|[from] item: Sitrus Berry\n|\n|t:|1776004655\n|switch|p2b: Incineroar|Incineroar, L50, M|100/100|[from] Volt Switch\n|-ability|p2b: Incineroar|Intimidate|boost\n|-unboost|p1a: Incineroar|atk|1\n|-unboost|p1b: Whimsicott|atk|1\n|move|p1a: Incineroar|Parting Shot|p2a: Garchomp\n|-unboost|p2a: Garchomp|atk|1\n|-unboost|p2a: Garchomp|spa|1\n|\n|t:|1776004671\n|switch|p1a: Politoed|Politoed, L50, M, shiny|100/100|[from] Parting Shot\n|-enditem|p2a: Garchomp|White Herb\n|-clearnegativeboost|p2a: Garchomp|[silent]\n|-weather|RainDance|[from] ability: Drizzle|[of] p1a: Politoed\n|\n|-weather|RainDance|[upkeep]\n|upkeep\n|turn|6\n|\n|t:|1776004687\n|switch|p2b: Rotom|Rotom-Wash, L50|70/100\n|move|p2a: Garchomp|Protect|p2a: Garchomp\n|-singleturn|p2a: Garchomp|Protect\n|move|p1b: Whimsicott|Tailwind|p1b: Whimsicott\n|-sidestart|p1: dotlele|move: Tailwind\n|move|p1a: Politoed|Weather Ball|p2b: Rotom\n|-resisted|p2b: Rotom|1\n|-damage|p2b: Rotom|51/100\n|\n|-weather|RainDance|[upkeep]\n|-heal|p2b: Rotom|57/100|[from] item: Leftovers\n|upkeep\n|turn|7\n|\n|t:|1776004704\n|switch|p2a: Incineroar|Incineroar, L50, M|100/100\n|-ability|p2a: Incineroar|Intimidate|boost\n|-unboost|p1a: Politoed|atk|1\n|-unboost|p1b: Whimsicott|atk|1\n|move|p1a: Politoed|Helping Hand|p1b: Whimsicott\n|-singleturn|p1b: Whimsicott|Helping Hand|[of] p1a: Politoed\n|move|p1b: Whimsicott|Moonblast|p2a: Incineroar\n|-damage|p2a: Incineroar|67/100\n|move|p2b: Rotom|Hydro Pump|p1b: Whimsicott\n|-resisted|p1b: Whimsicott|1\n|-damage|p1b: Whimsicott|47/100\n|\n|-weather|RainDance|[upkeep]\n|-heal|p2b: Rotom|62/100|[from] item: Leftovers\n|upkeep\n|turn|8\n|\n|t:|1776004720\n|switch|p1b: Gengar|Gengar-Mega, L50, M, shiny|100/100 par\n|move|p2a: Incineroar|Fake Out|p1a: Politoed\n|-damage|p1a: Politoed|87/100\n|cant|p1a: Politoed|flinch\n|move|p2b: Rotom|Hydro Pump|p1b: Gengar\n|-damage|p1b: Gengar|33/100 par\n|\n|-weather|RainDance|[upkeep]\n|-heal|p1a: Politoed|93/100|[from] item: Leftovers\n|-heal|p2b: Rotom|68/100|[from] item: Leftovers\n|upkeep\n|turn|9\n|\n|t:|1776004747\n|move|p1a: Politoed|Weather Ball|p2a: Incineroar\n|-supereffective|p2a: Incineroar|1\n|-damage|p2a: Incineroar|0 fnt\n|faint|p2a: Incineroar\n|move|p1b: Gengar|Sludge Bomb|p2b: Rotom\n|-damage|p2b: Rotom|30/100\n|-status|p2b: Rotom|psn\n|move|p2b: Rotom|Thunder Wave|p1a: Politoed\n|-status|p1a: Politoed|par\n|\n|-weather|none\n|-heal|p2b: Rotom|36/100 psn|[from] item: Leftovers\n|-heal|p1a: Politoed|99/100 par|[from] item: Leftovers\n|-damage|p2b: Rotom|23/100 psn|[from] psn\n|-sideend|p1: dotlele|move: Tailwind\n|upkeep\n|\n|t:|1776004750\n|switch|p2a: Gallade|Gallade, L50, M|100/100\n|turn|10\n|\n|t:|1776004769\n|detailschange|p2a: Gallade|Gallade-Mega, L50, M\n|-mega|p2a: Gallade|Gallade|Galladite\n|move|p1b: Gengar|Protect|p1b: Gengar\n|-singleturn|p1b: Gengar|Protect\n|move|p2a: Gallade|Zen Headbutt|p1a: Politoed\n|-damage|p1a: Politoed|46/100 par\n|move|p2b: Rotom|Volt Switch|p1b: Gengar\n|-activate|p1b: Gengar|move: Protect\n|move|p1a: Politoed|Perish Song|p1a: Politoed\n|-start|p1a: Politoed|perish3|[silent]\n|-start|p1b: Gengar|perish3|[silent]\n|-start|p2a: Gallade|perish3|[silent]\n|-start|p2b: Rotom|perish3|[silent]\n|-fieldactivate|move: Perish Song\n|\n|-heal|p2b: Rotom|29/100 psn|[from] item: Leftovers\n|-heal|p1a: Politoed|52/100 par|[from] item: Leftovers\n|-damage|p2b: Rotom|17/100 psn|[from] psn\n|-start|p2a: Gallade|perish3\n|-start|p2b: Rotom|perish3\n|-start|p1b: Gengar|perish3\n|-start|p1a: Politoed|perish3\n|upkeep\n|turn|11\n|\n|t:|1776004786\n|switch|p1b: Incineroar|Incineroar, L50, F, shiny|62/100\n|-ability|p1b: Incineroar|Intimidate|boost\n|-fail|p2a: Gallade|unboost|Attack|[from] ability: Inner Focus|[of] p2a: Gallade\n|-unboost|p2b: Rotom|atk|1\n|move|p1a: Politoed|Protect|p1a: Politoed\n|-singleturn|p1a: Politoed|Protect\n|move|p2a: Gallade|Zen Headbutt|p1a: Politoed\n|-activate|p1a: Politoed|move: Protect\n|move|p2b: Rotom|Volt Switch|p1b: Incineroar\n|-damage|p1b: Incineroar|42/100\n|\n|t:|1776004788\n|switch|p2b: Garchomp|Garchomp, L50, M|100/100|[from] Volt Switch\n|\n|-heal|p1a: Politoed|58/100 par|[from] item: Leftovers\n|-start|p2a: Gallade|perish2\n|-start|p1a: Politoed|perish2\n|upkeep\n|turn|12\n|\n|t:|1776004808\n|switch|p2a: Rotom|Rotom-Wash, L50|17/100 psn\n|switch|p1a: Whimsicott|Whimsicott, L50, M, shiny|47/100\n|move|p1b: Incineroar|Fake Out|p2b: Garchomp\n|-damage|p2b: Garchomp|91/100\n|-damage|p1b: Incineroar|30/100|[from] ability: Rough Skin|[of] p2b: Garchomp\n|cant|p2b: Garchomp|flinch\n|\n|-heal|p2a: Rotom|23/100 psn|[from] item: Leftovers\n|-damage|p2a: Rotom|11/100 psn|[from] psn\n|upkeep\n|turn|13\n|inactive|dotlele has 30 seconds left.\n|inactive|dotlele has 20 seconds left.\n|inactive|dotlele has 15 seconds left.\n|\n|t:|1776004851\n|move|p1b: Incineroar|Protect|p1b: Incineroar\n|-singleturn|p1b: Incineroar|Protect\n|move|p1a: Whimsicott|Tailwind|p1a: Whimsicott\n|-sidestart|p1: dotlele|move: Tailwind\n|move|p2b: Garchomp|Earthquake|p1b: Incineroar|[spread] p1a\n|-activate|p1b: Incineroar|move: Protect\n|-immune|p2a: Rotom|[from] ability: Levitate\n|-resisted|p1a: Whimsicott|1\n|-damage|p1a: Whimsicott|29/100\n|move|p2a: Rotom|Volt Switch|p1a: Whimsicott\n|-resisted|p1a: Whimsicott|1\n|-damage|p1a: Whimsicott|12/100\n|\n|t:|1776004854\n|switch|p2a: Gallade|Gallade-Mega, L50, M|100/100|[from] Volt Switch\n|\n|upkeep\n|turn|14\n|\n|t:|1776004876\n|switch|p2a: Rotom|Rotom-Wash, L50|11/100 psn\n|switch|p1b: Politoed|Politoed, L50, M, shiny|58/100 par\n|-weather|RainDance|[from] ability: Drizzle|[of] p1b: Politoed\n|move|p1a: Whimsicott|Moonblast|p2b: Garchomp\n|-supereffective|p2b: Garchomp|1\n|-damage|p2b: Garchomp|41/100\n|move|p2b: Garchomp|Earthquake|p1b: Politoed|[spread] p1a,p1b\n|-immune|p2a: Rotom|[from] ability: Levitate\n|-resisted|p1a: Whimsicott|1\n|-damage|p1a: Whimsicott|0 fnt\n|-damage|p1b: Politoed|11/100 par\n|faint|p1a: Whimsicott\n|\n|-weather|RainDance|[upkeep]\n|-heal|p2a: Rotom|16/100 psn|[from] item: Leftovers\n|-heal|p1b: Politoed|17/100 par|[from] item: Leftovers\n|-damage|p2a: Rotom|4/100 psn|[from] psn\n|upkeep\n|\n|t:|1776004891\n|switch|p1a: Incineroar|Incineroar, L50, F, shiny|30/100\n|-ability|p1a: Incineroar|Intimidate|boost\n|-unboost|p2a: Rotom|atk|1\n|-unboost|p2b: Garchomp|atk|1\n|turn|15\n|inactive|dotlele has 30 seconds left.\n|inactive|dotlele has 20 seconds left.\n|\n|t:|1776004927\n|switch|p2a: Gallade|Gallade-Mega, L50, M|100/100\n|move|p1a: Incineroar|Protect|p1a: Incineroar\n|-singleturn|p1a: Incineroar|Protect\n|move|p2b: Garchomp|Protect|p2b: Garchomp\n|-singleturn|p2b: Garchomp|Protect\n|move|p1b: Politoed|Protect||[still]\n|-fail|p1b: Politoed\n|\n|-weather|RainDance|[upkeep]\n|-heal|p1b: Politoed|23/100 par|[from] item: Leftovers\n|upkeep\n|turn|16\n|inactive|dotlele has 30 seconds left.\n|\n|t:|1776004953\n|switch|p1b: Gengar|Gengar-Mega, L50, M, shiny|33/100 par\n|move|p2a: Gallade|Close Combat|p1b: Gengar\n|-immune|p1b: Gengar\n|move|p1a: Incineroar|Parting Shot|p2b: Garchomp\n|-unboost|p2b: Garchomp|atk|1\n|-unboost|p2b: Garchomp|spa|1\n|inactive|dotlele has 30 seconds left this turn.\n|\n|t:|1776004962\n|switch|p1a: Politoed|Politoed, L50, M, shiny|23/100 par|[from] Parting Shot\n|move|p2b: Garchomp|Stomping Tantrum|p1a: Politoed\n|-damage|p1a: Politoed|2/100 par\n|\n|-weather|RainDance|[upkeep]\n|-heal|p1a: Politoed|8/100 par|[from] item: Leftovers\n|-sideend|p1: dotlele|move: Tailwind\n|upkeep\n|turn|17\n|inactive|dotlele has 25 seconds left this turn.\n|inactive|dotlele has 20 seconds left.\n|inactive|dotlele has 15 seconds left.\n|inactive|dotlele has 10 seconds left.\n|\n|t:|1776004978\n|move|p1b: Gengar|Protect|p1b: Gengar\n|-singleturn|p1b: Gengar|Protect\n|move|p2a: Gallade|Close Combat|p1a: Politoed\n|-damage|p1a: Politoed|0 fnt\n|-unboost|p2a: Gallade|def|1\n|-unboost|p2a: Gallade|spd|1\n|faint|p1a: Politoed\n|move|p2b: Garchomp|Stomping Tantrum|p1b: Gengar\n|-activate|p1b: Gengar|move: Protect\n|\n|-weather|RainDance|[upkeep]\n|upkeep\n|inactive|dotlele has 10 seconds left this turn.\n|\n|t:|1776004983\n|switch|p1a: Incineroar|Incineroar, L50, F, shiny|30/100\n|-ability|p1a: Incineroar|Intimidate|boost\n|-fail|p2a: Gallade|unboost|Attack|[from] ability: Inner Focus|[of] p2a: Gallade\n|-unboost|p2b: Garchomp|atk|1\n|turn|18\n|inactive|dotlele has 10 seconds left this turn.\n|inactive|dotlele has 5 seconds left.\n|\n|t:|1776004991\n|move|p1a: Incineroar|Fake Out|p2a: Gallade\n|-damage|p2a: Gallade|83/100\n|move|p2a: Gallade|Encore|p1b: Gengar\n|-start|p1b: Gengar|Encore\n|move|p1b: Gengar|Protect|p1b: Gengar\n|-singleturn|p1b: Gengar|Protect\n|move|p2b: Garchomp|Stomping Tantrum|p1a: Incineroar\n|-supereffective|p1a: Incineroar|1\n|-damage|p1a: Incineroar|0 fnt\n|faint|p1a: Incineroar\n|\n|-weather|none\n|upkeep\n|turn|19\n|inactive|dotlele has 5 seconds left this turn.\n|-message|dotlele lost due to inactivity.\n|\n|win|soten soten\n|raw|dotlele's rating: 1040 &rarr; <strong>1027</strong><br />(-13 for losing)\n|raw|soten soten's rating: 1107 &rarr; <strong>1127</strong><br />(+20 for winning)\n",
  "uploadtime": 1776004998,
  "views": 15,
  "formatid": "gen9championsvgc2026regma",
  "rating": 1027,
  "private": 0,
  "password": null
}