{
  "id": "gen9championsvgc2026regma-2585994966",
  "format": "[Gen 9 Champions] VGC 2026 Reg M-A",
  "players": [
    "Dualforce",
    "Prohxy"
  ],
  "log": "|j|\u2606Dualforce\n|j|\u2606Prohxy\n|t:|1776388535\n|gametype|doubles\n|player|p1|Dualforce|acetrainerf|1230\n|player|p2|Prohxy|lorelei-lgpe|1144\n|gen|9\n|tier|[Gen 9 Champions] VGC 2026 Reg M-A\n|rated|\n|rule|Species Clause: Limit one of each Pok\u00e9mon\n|rule|Item Clause: Limit 1 of each item\n|clearpoke\n|poke|p1|Tyranitar, L50, F|\n|poke|p1|Rotom-Wash, L50|\n|poke|p1|Garchomp, L50, M|\n|poke|p1|Aerodactyl, L50, M|\n|poke|p1|Sinistcha, L50|\n|poke|p1|Sneasler, L50, F|\n|poke|p2|Excadrill, L50, F|\n|poke|p2|Tauros-Paldea-Aqua, L50, M|\n|poke|p2|Goodra, L50, F|\n|poke|p2|Politoed, L50, F|\n|poke|p2|Altaria, L50, F|\n|poke|p2|Tsareena, L50, F|\n|teampreview|4\n|inactive|Battle timer is ON: inactive players will automatically lose when time's up. (requested by Prohxy)\n|\n|t:|1776388551\n|teamsize|p1|4\n|teamsize|p2|4\n|start\n|switch|p1a: Garchomp|Garchomp, L50, M|100/100\n|switch|p1b: Aerodactyl|Aerodactyl, L50, M|100/100\n|switch|p2a: Tsareena|Tsareena, L50, F, shiny|100/100\n|switch|p2b: Altaria|Altaria, L50, F, shiny|100/100\n|-ability|p1b: Aerodactyl|Unnerve\n|-ability|p2b: Altaria|Cloud Nine\n|turn|1\n|\n|t:|1776388569\n|detailschange|p2b: Altaria|Altaria-Mega, L50, F, shiny\n|-mega|p2b: Altaria|Altaria|Altarianite\n|move|p1b: Aerodactyl|Dual Wingbeat|p2a: Tsareena\n|-supereffective|p2a: Tsareena|1\n|-damage|p2a: Tsareena|66/100\n|-supereffective|p2a: Tsareena|1\n|-damage|p2a: Tsareena|31/100\n|-hitcount|p2a: Tsareena|2\n|move|p1a: Garchomp|Dragon Claw|p2b: Altaria\n|-immune|p2b: Altaria\n|move|p2b: Altaria|Tailwind|p2b: Altaria\n|-sidestart|p2: Prohxy|move: Tailwind\n|move|p2a: Tsareena|Trop Kick|p1a: Garchomp\n|-damage|p1a: Garchomp|57/100\n|-unboost|p1a: Garchomp|atk|1\n|\n|upkeep\n|turn|2\n|inactive|Dualforce has 30 seconds left.\n|\n|t:|1776388595\n|move|p2a: Tsareena|Protect|p2a: Tsareena\n|-singleturn|p2a: Tsareena|Protect\n|move|p2b: Altaria|Hyper Voice|p1b: Aerodactyl|[spread] p1a,p1b\n|-supereffective|p1a: Garchomp|1\n|-damage|p1a: Garchomp|0 fnt\n|-damage|p1b: Aerodactyl|44/100\n|faint|p1a: Garchomp\n|move|p1b: Aerodactyl|Dual Wingbeat|p2a: Tsareena\n|-activate|p2a: Tsareena|move: Protect\n|\n|upkeep\n|\n|t:|1776388605\n|switch|p1a: Sneasler|Sneasler, L50, F|100/100\n|turn|3\n|\n|t:|1776388615\n|move|p1a: Sneasler|Fake Out||[still]\n|cant|p2a: Tsareena|ability: Queenly Majesty|Fake Out|[of] p1a: Sneasler\n|move|p2b: Altaria|Hyper Voice|p1a: Sneasler|[spread] p1a,p1b\n|-damage|p1a: Sneasler|48/100\n|-damage|p1b: Aerodactyl|0 fnt\n|faint|p1b: Aerodactyl\n|move|p2a: Tsareena|U-turn|p1a: Sneasler\n|-resisted|p1a: Sneasler|2\n|-damage|p1a: Sneasler|38/100\n|\n|t:|1776388624\n|switch|p2a: Excadrill|Excadrill, L50, F, shiny|100/100|[from] U-turn\n|-ability|p2a: Excadrill|Mold Breaker\n|\n|upkeep\n|\n|t:|1776388629\n|switch|p1b: Tyranitar|Tyranitar, L50, F|100/100\n|-weather|Sandstorm|[from] ability: Sand Stream|[of] p1b: Tyranitar\n|turn|4\n|\n|t:|1776388645\n|detailschange|p1b: Tyranitar|Tyranitar-Mega, L50, F\n|-mega|p1b: Tyranitar|Tyranitar|Tyranitarite\n|move|p1a: Sneasler|Protect|p1a: Sneasler\n|-singleturn|p1a: Sneasler|Protect\n|move|p1b: Tyranitar|Protect|p1b: Tyranitar\n|-singleturn|p1b: Tyranitar|Protect\n|move|p2a: Excadrill|High Horsepower|p1b: Tyranitar\n|-activate|p1b: Tyranitar|move: Protect\n|move|p2b: Altaria|Hyper Voice|p1b: Tyranitar|[spread] \n|-activate|p1a: Sneasler|move: Protect\n|-activate|p1b: Tyranitar|move: Protect\n|\n|-weather|Sandstorm|[upkeep]\n|-damage|p2b: Altaria|94/100|[from] Sandstorm\n|-damage|p1a: Sneasler|32/100|[from] Sandstorm\n|-sideend|p2: Prohxy|move: Tailwind\n|upkeep\n|turn|5\n|\n|t:|1776388667\n|move|p1a: Sneasler|Dire Claw|p2b: Altaria\n|-supereffective|p2b: Altaria|1\n|-damage|p2b: Altaria|6/100\n|-status|p2b: Altaria|psn\n|move|p2a: Excadrill|High Horsepower|p1a: Sneasler\n|-supereffective|p1a: Sneasler|1\n|-damage|p1a: Sneasler|0 fnt\n|faint|p1a: Sneasler\n|move|p2b: Altaria|Hyper Voice|p1b: Tyranitar\n|-supereffective|p1b: Tyranitar|1\n|-damage|p1b: Tyranitar|41/100\n|move|p1b: Tyranitar|High Horsepower|p2a: Excadrill\n|-supereffective|p2a: Excadrill|1\n|-enditem|p2a: Excadrill|Focus Sash\n|-damage|p2a: Excadrill|1/100\n|\n|-weather|Sandstorm|[upkeep]\n|-damage|p2b: Altaria|0 fnt|[from] Sandstorm\n|faint|p2b: Altaria\n|upkeep\n|\n|t:|1776388683\n|switch|p2b: Tsareena|Tsareena, L50, F, shiny|31/100\n|turn|6\n|\n|t:|1776388691\n|move|p2a: Excadrill|Iron Head|p1b: Tyranitar\n|-supereffective|p1b: Tyranitar|1\n|-damage|p1b: Tyranitar|0 fnt\n|faint|p1b: Tyranitar\n|\n|win|Prohxy\n|raw|Dualforce's rating: 1230 &rarr; <strong>1199</strong><br />(-31 for losing)\n|raw|Prohxy's rating: 1144 &rarr; <strong>1175</strong><br />(+31 for winning)\n",
  "uploadtime": 1776388696,
  "views": 18,
  "formatid": "gen9championsvgc2026regma",
  "rating": 1175,
  "private": 0,
  "password": null
}