{
  "id": "gen9championsvgc2026regma-2588466049",
  "format": "[Gen 9 Champions] VGC 2026 Reg M-A",
  "players": [
    "tf_lecter",
    "Superman25531"
  ],
  "log": "|j|\u2606tf_lecter\n|j|\u2606Superman25531\n|t:|1776635994\n|gametype|doubles\n|player|p1|tf_lecter|lyra|1087\n|player|p2|Superman25531|265|1044\n|gen|9\n|tier|[Gen 9 Champions] VGC 2026 Reg M-A\n|rated|\n|rule|Species Clause: Limit one of each Pok\u00e9mon\n|rule|Item Clause: Limit 1 of each item\n|clearpoke\n|poke|p1|Rotom-Wash, L50|\n|poke|p1|Politoed, L50, M|\n|poke|p1|Feraligatr, L50, M|\n|poke|p1|Sneasler, L50, M|\n|poke|p1|Archaludon, L50, F|\n|poke|p1|Sinistcha, L50|\n|poke|p2|Farigiraf, L50, M|\n|poke|p2|Zoroark-Hisui, L50, M|\n|poke|p2|Sableye, L50, F|\n|poke|p2|Gardevoir, L50, M|\n|poke|p2|Scizor, L50, F|\n|poke|p2|Incineroar, L50, F|\n|teampreview|4\ntf_lecter rejected open team sheets.\n|\n|t:|1776636014\n|teamsize|p1|4\n|teamsize|p2|4\n|start\n|switch|p1a: widepeepohappy|Politoed, L50, M|100/100\n|switch|p1b: flat fuck friday|Feraligatr, L50, M|100/100\n|switch|p2a: Gardevoir|Gardevoir, L50, M|100/100\n|switch|p2b: Farigiraf|Farigiraf, L50, M|100/100\n|-weather|RainDance|[from] ability: Drizzle|[of] p1a: widepeepohappy\n|turn|1\n|inactive|Battle timer is ON: inactive players will automatically lose when time's up. (requested by Superman25531)\n|inactive|Superman25531 has 60 seconds left.\n|\n|t:|1776636047\n|detailschange|p2a: Gardevoir|Gardevoir-Mega, L50, M\n|-mega|p2a: Gardevoir|Gardevoir|Gardevoirite\n|move|p1b: flat fuck friday|Aqua Tail|p2a: Gardevoir|[miss]\n|-miss|p1b: flat fuck friday|p2a: Gardevoir\n|move|p2a: Gardevoir|Hyper Voice|p1b: flat fuck friday|[spread] p1a,p1b\n|-damage|p1a: widepeepohappy|62/100\n|-damage|p1b: flat fuck friday|37/100\n|move|p1a: widepeepohappy|Weather Ball|p2a: Gardevoir\n|-crit|p2a: Gardevoir\n|-damage|p2a: Gardevoir|43/100\n|move|p2b: Farigiraf|Trick Room|p2b: Farigiraf\n|-fieldstart|move: Trick Room|[of] p2b: Farigiraf\n|\n|-weather|RainDance|[upkeep]\n|-heal|p1a: widepeepohappy|68/100|[from] item: Leftovers\n|upkeep\n|turn|2\n|inactive|Superman25531 has 30 seconds left.\n|\n|t:|1776636079\n|switch|p1b: the glue (sniffer)|Sneasler, L50, M|100/100\n|move|p1a: widepeepohappy|Protect|p1a: widepeepohappy\n|-singleturn|p1a: widepeepohappy|Protect\n|move|p2a: Gardevoir|Protect|p2a: Gardevoir\n|-singleturn|p2a: Gardevoir|Protect\n|move|p2b: Farigiraf|Hyper Voice|p1b: the glue (sniffer)|[spread] p1b\n|-activate|p1a: widepeepohappy|move: Protect\n|-crit|p1b: the glue (sniffer)\n|-damage|p1b: the glue (sniffer)|32/100\n|\n|-weather|RainDance|[upkeep]\n|-heal|p1a: widepeepohappy|74/100|[from] item: Leftovers\n|upkeep\n|turn|3\n|\n|t:|1776636104\n|switch|p2a: Sableye|Sableye, L50, F|100/100\n|move|p2b: Farigiraf|Hyper Voice|p1a: widepeepohappy|[spread] p1a,p1b\n|-damage|p1a: widepeepohappy|50/100\n|-damage|p1b: the glue (sniffer)|0 fnt\n|faint|p1b: the glue (sniffer)\n|move|p1a: widepeepohappy|Weather Ball|p2a: Sableye\n|-damage|p2a: Sableye|34/100\n|\n|-weather|RainDance|[upkeep]\n|-heal|p1a: widepeepohappy|56/100|[from] item: Leftovers\n|upkeep\n|\n|t:|1776636114\n|switch|p1b: fridge on mid|Rotom-Wash, L50|100/100\n|turn|4\n|\n|t:|1776636126\n|move|p2a: Sableye|Helping Hand|p2b: Farigiraf\n|-singleturn|p2b: Farigiraf|Helping Hand|[of] p2a: Sableye\n|move|p2b: Farigiraf|Hyper Voice|p1a: widepeepohappy|[spread] p1a,p1b\n|-crit|p1b: fridge on mid\n|-damage|p1a: widepeepohappy|17/100\n|-damage|p1b: fridge on mid|16/100\n|move|p1a: widepeepohappy|Weather Ball|p2b: Farigiraf\n|-damage|p2b: Farigiraf|52/100\n|move|p1b: fridge on mid|Hydro Pump|p2b: Farigiraf\n|-damage|p2b: Farigiraf|0 fnt\n|faint|p2b: Farigiraf\n|\n|-weather|RainDance|[upkeep]\n|-heal|p1a: widepeepohappy|23/100|[from] item: Leftovers\n|upkeep\n|\n|t:|1776636140\n|switch|p2b: Gardevoir|Gardevoir-Mega, L50, M|100/100\n|turn|5\n|\n|t:|1776636155\n|move|p2a: Sableye|Fake Out||[still]\n|-hint|Fake Out only works on your first turn out.\n|-fail|p2a: Sableye\n|move|p1a: widepeepohappy|Weather Ball|p2a: Sableye\n|-damage|p2a: Sableye|0 fnt\n|faint|p2a: Sableye\n|move|p1b: fridge on mid|Hydro Pump|p2b: Gardevoir\n|-enditem|p2b: Gardevoir|Focus Sash\n|-damage|p2b: Gardevoir|1/100\n|replace|p2b: Zoroark|Zoroark-Hisui, L50, M\n|-end|p2b: Zoroark|Illusion\n|move|p2b: Zoroark|Hyper Voice|p1b: fridge on mid|[spread] p1a,p1b\n|-damage|p1a: widepeepohappy|0 fnt\n|-damage|p1b: fridge on mid|0 fnt\n|faint|p1a: widepeepohappy\n|faint|p1b: fridge on mid\n|\n|-weather|none\n|-fieldend|move: Trick Room\n|upkeep\n|inactive|tf_lecter has 30 seconds left.\n|\n|t:|1776636187\n|switch|p1b: flat fuck friday|Feraligatr, L50, M|37/100\n|switch|p2a: Gardevoir|Gardevoir-Mega, L50, M|43/100\n|turn|6\n|\n|t:|1776636195\n|move|p2a: Gardevoir|Protect|p2a: Gardevoir\n|-singleturn|p2a: Gardevoir|Protect\n|move|p1b: flat fuck friday|Aqua Jet|p2b: Zoroark\n|-damage|p2b: Zoroark|0 fnt\n|faint|p2b: Zoroark\n|\n|upkeep\n|turn|7\n|\n|t:|1776636203\n|detailschange|p1b: flat fuck friday|Feraligatr-Mega, L50, M\n|-mega|p1b: flat fuck friday|Feraligatr|Feraligite\n|move|p1b: flat fuck friday|Aqua Jet|p2a: Gardevoir\n|-damage|p2a: Gardevoir|0 fnt\n|faint|p2a: Gardevoir\n|\n|win|tf_lecter\n|raw|tf_lecter's rating: 1087 &rarr; <strong>1111</strong><br />(+24 for winning)\n|raw|Superman25531's rating: 1044 &rarr; <strong>1029</strong><br />(-15 for losing)\n|l|\u2606Superman25531\n|player|p2|\n",
  "uploadtime": 1776636218,
  "views": 9,
  "formatid": "gen9championsvgc2026regma",
  "rating": 1029,
  "private": 0,
  "password": null
}