{
  "id": "gen9championsvgc2026regma-2580315421",
  "format": "[Gen 9 Champions] VGC 2026 Reg M-A",
  "players": [
    "zauom",
    "Olivotec"
  ],
  "log": "|j|\u2606zauom\n|j|\u2606Olivotec\n|t:|1775879481\n|gametype|doubles\n|player|p1|zauom|266|1106\n|player|p2|Olivotec|101|1000\n|gen|9\n|tier|[Gen 9 Champions] VGC 2026 Reg M-A\n|rated|\n|rule|Species Clause: Limit one of each Pok\u00e9mon\n|rule|Item Clause: Limit 1 of each item\n|clearpoke\n|poke|p1|Charizard, L50, M|\n|poke|p1|Garchomp, L50, F|\n|poke|p1|Whimsicott, L50, F|\n|poke|p1|Incineroar, L50, M|\n|poke|p1|Rotom-Wash, L50|\n|poke|p1|Gardevoir, L50, F|\n|poke|p2|Oranguru, L50, M|\n|poke|p2|Rhyperior, L50, M|\n|poke|p2|Crabominable, L50, F|\n|poke|p2|Sinistcha, L50|\n|poke|p2|Basculegion, L50, M|\n|poke|p2|Incineroar, L50, M|\n|teampreview|4\n|inactive|Battle timer is ON: inactive players will automatically lose when time's up. (requested by Olivotec)\n|\n|t:|1775879512\n|teamsize|p1|4\n|teamsize|p2|4\n|start\n|switch|p1a: Gardevoir|Gardevoir, L50, F, shiny|100/100\n|switch|p1b: Whimsicott|Whimsicott, L50, F|100/100\n|switch|p2a: Oranguru|Oranguru, L50, M|100/100\n|switch|p2b: Basculegion|Basculegion, L50, M|100/100\n|-ability|p1a: Gardevoir|Inner Focus|Trace|[from] ability: Trace|[of] p2a: Oranguru\n|turn|1\n|\n|t:|1775879532\n|detailschange|p1a: Gardevoir|Gardevoir-Mega, L50, F, shiny\n|-mega|p1a: Gardevoir|Gardevoir|Gardevoirite\n|move|p1b: Whimsicott|Tailwind|p1b: Whimsicott\n|-sidestart|p1: zauom|move: Tailwind\n|move|p1a: Gardevoir|Hyper Voice|p2b: Basculegion|[spread] p2a,p2b\n|-damage|p2a: Oranguru|58/100\n|-damage|p2b: Basculegion|31/100\n|move|p2b: Basculegion|Last Respects|p1a: Gardevoir\n|-supereffective|p1a: Gardevoir|1\n|-damage|p1a: Gardevoir|0 fnt\n|faint|p1a: Gardevoir\n|move|p2a: Oranguru|Instruct|p2b: Basculegion\n|-singleturn|p2b: Basculegion|move: Instruct|[of] p2a: Oranguru\n|move|p2b: Basculegion|Last Respects|p1b: Whimsicott\n|-damage|p1b: Whimsicott|55/100\n|\n|upkeep\n|\n|t:|1775879550\n|switch|p1a: Incineroar|Incineroar, L50, M, shiny|100/100\n|-ability|p1a: Incineroar|Intimidate|boost\n|-fail|p2a: Oranguru|unboost|Attack|[from] ability: Inner Focus|[of] p2a: Oranguru\n|-unboost|p2b: Basculegion|atk|1\n|turn|2\n|\n|t:|1775879562\n|switch|p2b: Rhyperior|Rhyperior, L50, M|100/100\n|move|p1a: Incineroar|Fake Out|p2a: Oranguru\n|-damage|p2a: Oranguru|48/100\n|move|p1b: Whimsicott|Moonblast|p2b: Rhyperior\n|-damage|p2b: Rhyperior|67/100\n|move|p2a: Oranguru|Trick Room|p2a: Oranguru\n|-fieldstart|move: Trick Room|[of] p2a: Oranguru\n|\n|upkeep\n|turn|3\n|\n|t:|1775879576\n|move|p1b: Whimsicott|Encore|p2a: Oranguru\n|-start|p2a: Oranguru|Encore\n|-enditem|p2a: Oranguru|Mental Herb\n|-end|p2a: Oranguru|Encore\n|move|p2b: Rhyperior|High Horsepower|p1a: Incineroar\n|-supereffective|p1a: Incineroar|1\n|-damage|p1a: Incineroar|0 fnt\n|faint|p1a: Incineroar\n|move|p2a: Oranguru|Trick Room|p2a: Oranguru\n|-fieldend|move: Trick Room\n|\n|upkeep\n|\n|t:|1775879583\n|switch|p1a: Rotom|Rotom-Wash, L50, shiny|100/100\n|turn|4\n|\n|t:|1775879599\n|move|p2b: Rhyperior|Protect|p2b: Rhyperior\n|-singleturn|p2b: Rhyperior|Protect\n|move|p1b: Whimsicott|Encore|p2a: Oranguru\n|-start|p2a: Oranguru|Encore\n|move|p1a: Rotom|Hydro Pump|p2b: Rhyperior\n|-activate|p2b: Rhyperior|move: Protect\n|move|p2a: Oranguru|Trick Room|p2a: Oranguru\n|-fieldstart|move: Trick Room|[of] p2a: Oranguru\n|\n|-sideend|p1: zauom|move: Tailwind\n|upkeep\n|turn|5\n|\n|t:|1775879618\n|switch|p2a: Basculegion|Basculegion, L50, M|31/100\n|move|p1a: Rotom|Protect|p1a: Rotom\n|-singleturn|p1a: Rotom|Protect\n|move|p2b: Rhyperior|Rock Slide|p1b: Whimsicott|[spread] p1b\n|-activate|p1a: Rotom|move: Protect\n|-damage|p1b: Whimsicott|7/100\n|move|p1b: Whimsicott|Moonblast|p2b: Rhyperior\n|-damage|p2b: Rhyperior|30/100\n|\n|upkeep\n|turn|6\n|\n|t:|1775879636\n|move|p2a: Basculegion|Aqua Jet|p1b: Whimsicott\n|-resisted|p1b: Whimsicott|1\n|-damage|p1b: Whimsicott|0 fnt\n|faint|p1b: Whimsicott\n|move|p2b: Rhyperior|Rock Slide|p1a: Rotom\n|-damage|p1a: Rotom|53/100\n|cant|p1a: Rotom|flinch\n|\n|-heal|p1a: Rotom|59/100|[from] item: Leftovers\n|upkeep\n|turn|7\n|-message|zauom forfeited.\n|\n|win|Olivotec\n|raw|zauom's rating: 1106 &rarr; <strong>1074</strong><br />(-32 for losing)\n|raw|Olivotec's rating: 1000 &rarr; <strong>1052</strong><br />(+52 for winning)\n|l|\u2606zauom\n|player|p1|\n",
  "uploadtime": 1775879648,
  "views": 19,
  "formatid": "gen9championsvgc2026regma",
  "rating": 1052,
  "private": 0,
  "password": null
}