{
  "id": "gen9championsvgc2026regma-2586812268",
  "format": "[Gen 9 Champions] VGC 2026 Reg M-A",
  "players": [
    "ahit0me",
    "tf_lecter"
  ],
  "log": "|j|\u2606ahit0me\n|j|\u2606tf_lecter\n|t:|1776461926\n|gametype|doubles\n|player|p1|ahit0me|cheryl|1016\n|player|p2|tf_lecter|170|1037\n|gen|9\n|tier|[Gen 9 Champions] VGC 2026 Reg M-A\n|rated|\n|rule|Species Clause: Limit one of each Pok\u00e9mon\n|rule|Item Clause: Limit 1 of each item\n|clearpoke\n|poke|p1|Charizard, L50, F|\n|poke|p1|Leafeon, L50, F|\n|poke|p1|Whimsicott, L50, M|\n|poke|p1|Sneasler, L50, F|\n|poke|p1|Garchomp, L50, F|\n|poke|p1|Rotom-Wash, L50|\n|poke|p2|Rotom-Wash, L50|\n|poke|p2|Politoed, L50, M|\n|poke|p2|Feraligatr, L50, F|\n|poke|p2|Sneasler, L50, M|\n|poke|p2|Scizor, L50, M|\n|poke|p2|Sinistcha, L50|\n|teampreview|4\ntf_lecter rejected open team sheets.\n|inactive|Battle timer is ON: inactive players will automatically lose when time's up. (requested by ahit0me)\n|\n|t:|1776462003\n|teamsize|p1|4\n|teamsize|p2|4\n|start\n|switch|p1a: Charizard|Charizard, L50, F|100/100\n|switch|p1b: Whimsicott|Whimsicott, L50, M|100/100\n|switch|p2a: fridge on mid|Rotom-Wash, L50|100/100\n|switch|p2b: widepeepohappy|Politoed, L50, M|100/100\n|-weather|RainDance|[from] ability: Drizzle|[of] p2b: widepeepohappy\n|turn|1\n|inactive|ahit0me has 30 seconds left.\n|\n|t:|1776462028\n|detailschange|p1a: Charizard|Charizard-Mega-Y, L50, F\n|-mega|p1a: Charizard|Charizard|Charizardite Y\n|-weather|SunnyDay|[from] ability: Drought|[of] p1a: Charizard\n|move|p1b: Whimsicott|Tailwind|p1b: Whimsicott\n|-sidestart|p1: ahit0me|move: Tailwind\n|move|p1a: Charizard|Solar Beam||[still]\n|-prepare|p1a: Charizard|Solar Beam\n|-anim|p1a: Charizard|Solar Beam|p2b: widepeepohappy\n|-supereffective|p2b: widepeepohappy|1\n|-damage|p2b: widepeepohappy|26/100\n|move|p2a: fridge on mid|Hydro Pump|p1a: Charizard\n|-supereffective|p1a: Charizard|1\n|-damage|p1a: Charizard|53/100\n|move|p2b: widepeepohappy|Ice Beam|p1b: Whimsicott\n|-supereffective|p1b: Whimsicott|1\n|-damage|p1b: Whimsicott|51/100\n|\n|-weather|SunnyDay|[upkeep]\n|-heal|p1b: Whimsicott|57/100|[from] item: Leftovers\n|-heal|p2b: widepeepohappy|32/100|[from] item: Leftovers\n|upkeep\n|turn|2\n|inactive|ahit0me has 30 seconds left.\n|inactive|ahit0me has 20 seconds left.\n|\n|t:|1776462064\n|move|p1a: Charizard|Protect|p1a: Charizard\n|-singleturn|p1a: Charizard|Protect\n|move|p2b: widepeepohappy|Protect|p2b: widepeepohappy\n|-singleturn|p2b: widepeepohappy|Protect\n|move|p1b: Whimsicott|Light Screen|p1b: Whimsicott\n|-sidestart|p1: ahit0me|move: Light Screen\n|move|p2a: fridge on mid|Volt Switch|p1a: Charizard\n|-activate|p1a: Charizard|move: Protect\n|\n|-weather|SunnyDay|[upkeep]\n|-heal|p1b: Whimsicott|63/100|[from] item: Leftovers\n|-heal|p2b: widepeepohappy|39/100|[from] item: Leftovers\n|upkeep\n|turn|3\n|inactive|ahit0me has 30 seconds left.\n|inactive|tf_lecter has 30 seconds left.\n|inactive|ahit0me has 20 seconds left.\n|\n|t:|1776462099\n|switch|p1b: Garchomp|Garchomp, L50, F|100/100\n|switch|p2b: samus|Scizor, L50, M|100/100\n|move|p1a: Charizard|Earthquake|p2b: samus|[spread] p1b,p2b\n|-immune|p2a: fridge on mid|[from] ability: Levitate\n|-damage|p1b: Garchomp|82/100\n|-damage|p2b: samus|78/100\n|move|p2a: fridge on mid|Thunder|p1a: Charizard|[miss]\n|-miss|p2a: fridge on mid|p1a: Charizard\n|\n|-weather|SunnyDay|[upkeep]\n|upkeep\n|turn|4\n|inactive|ahit0me has 30 seconds left.\n|\n|t:|1776462126\n|switch|p2b: widepeepohappy|Politoed, L50, M|39/100\n|-weather|RainDance|[from] ability: Drizzle|[of] p2b: widepeepohappy\n|move|p1b: Garchomp|Dragon Claw|p2a: fridge on mid\n|-damage|p2a: fridge on mid|54/100\n|move|p1a: Charizard|Flamethrower|p2b: widepeepohappy\n|-resisted|p2b: widepeepohappy|1\n|-damage|p2b: widepeepohappy|29/100\n|-status|p2b: widepeepohappy|brn\n|move|p2a: fridge on mid|Will-O-Wisp|p1b: Garchomp\n|-status|p1b: Garchomp|brn\n|\n|-weather|RainDance|[upkeep]\n|-heal|p2b: widepeepohappy|36/100 brn|[from] item: Leftovers\n|-damage|p1b: Garchomp|76/100 brn|[from] brn\n|-damage|p2b: widepeepohappy|29/100 brn|[from] brn\n|-sideend|p1: ahit0me|move: Tailwind\n|upkeep\n|turn|5\n|inactive|ahit0me has 30 seconds left.\n|\n|t:|1776462160\n|switch|p1a: Whimsicott|Whimsicott, L50, M|63/100\n|move|p1b: Garchomp|Protect|p1b: Garchomp\n|-singleturn|p1b: Garchomp|Protect\n|move|p2a: fridge on mid|Hydro Pump|p1b: Garchomp\n|-activate|p1b: Garchomp|move: Protect\n|move|p2b: widepeepohappy|Weather Ball|p1a: Whimsicott\n|-resisted|p1a: Whimsicott|1\n|-damage|p1a: Whimsicott|42/100\n|\n|-weather|RainDance|[upkeep]\n|-heal|p1a: Whimsicott|48/100|[from] item: Leftovers\n|-heal|p2b: widepeepohappy|36/100 brn|[from] item: Leftovers\n|-damage|p1b: Garchomp|70/100 brn|[from] brn\n|-damage|p2b: widepeepohappy|29/100 brn|[from] brn\n|upkeep\n|turn|6\n|inactive|tf_lecter has 30 seconds left.\n|\n|t:|1776462190\n|switch|p1b: Charizard|Charizard-Mega-Y, L50, F|53/100\n|-weather|SunnyDay|[from] ability: Drought|[of] p1b: Charizard\n|move|p1a: Whimsicott|Tailwind|p1a: Whimsicott\n|-sidestart|p1: ahit0me|move: Tailwind\n|move|p2a: fridge on mid|Hydro Pump|p1b: Charizard\n|-supereffective|p1b: Charizard|1\n|-damage|p1b: Charizard|24/100\n|move|p2b: widepeepohappy|Ice Beam|p1b: Charizard\n|-damage|p1b: Charizard|10/100\n|\n|-weather|SunnyDay|[upkeep]\n|-heal|p1a: Whimsicott|54/100|[from] item: Leftovers\n|-heal|p2b: widepeepohappy|36/100 brn|[from] item: Leftovers\n|-damage|p2b: widepeepohappy|29/100 brn|[from] brn\n|-sideend|p1: ahit0me|move: Light Screen\n|upkeep\n|turn|7\n|inactive|ahit0me has 30 seconds left.\n|\n|t:|1776462216\n|switch|p2b: yum :d|Sinistcha, L50|100/100\n|-heal|p2a: fridge on mid|79/100|[from] ability: Hospitality|[of] p2b: yum :d\n|move|p1b: Charizard|Flamethrower|p2b: yum :d\n|-supereffective|p2b: yum :d|1\n|-enditem|p2b: yum :d|Focus Sash\n|-damage|p2b: yum :d|1/100\n|move|p1a: Whimsicott|Dazzling Gleam|p2b: yum :d|[spread] p2a,p2b\n|-damage|p2a: fridge on mid|62/100\n|-damage|p2b: yum :d|0 fnt\n|faint|p2b: yum :d\n|move|p2a: fridge on mid|Volt Switch|p1b: Charizard\n|-supereffective|p1b: Charizard|1\n|-damage|p1b: Charizard|0 fnt\n|faint|p1b: Charizard\n|\n|t:|1776462232\n|switch|p2a: widepeepohappy|Politoed, L50, M|29/100 brn|[from] Volt Switch\n|-weather|RainDance|[from] ability: Drizzle|[of] p2a: widepeepohappy\n|\n|-weather|RainDance|[upkeep]\n|-heal|p1a: Whimsicott|60/100|[from] item: Leftovers\n|-heal|p2a: widepeepohappy|36/100 brn|[from] item: Leftovers\n|-damage|p2a: widepeepohappy|29/100 brn|[from] brn\n|upkeep\n|\n|t:|1776462244\n|switch|p1b: Sneasler|Sneasler, L50, F|100/100\n|switch|p2b: samus|Scizor, L50, M|78/100\n|turn|8\n|\n|t:|1776462262\n|detailschange|p2b: samus|Scizor-Mega, L50, M\n|-mega|p2b: samus|Scizor|Scizorite\n|move|p2b: samus|Protect|p2b: samus\n|-singleturn|p2b: samus|Protect\n|move|p1a: Whimsicott|Light Screen|p1a: Whimsicott\n|-sidestart|p1: ahit0me|move: Light Screen\n|move|p1b: Sneasler|Brick Break|p2b: samus\n|-activate|p2b: samus|move: Protect\n|move|p2a: widepeepohappy|Weather Ball|p1b: Sneasler\n|-damage|p1b: Sneasler|54/100\n|\n|-weather|RainDance|[upkeep]\n|-heal|p1a: Whimsicott|66/100|[from] item: Leftovers\n|-heal|p2a: widepeepohappy|36/100 brn|[from] item: Leftovers\n|-damage|p2a: widepeepohappy|29/100 brn|[from] brn\n|upkeep\n|turn|9\n|inactive|tf_lecter has 30 seconds left.\n|inactive|tf_lecter has 20 seconds left.\n|\n|t:|1776462302\n|move|p2a: widepeepohappy|Protect|p2a: widepeepohappy\n|-singleturn|p2a: widepeepohappy|Protect\n|move|p2b: samus|Bullet Punch|p1a: Whimsicott\n|-supereffective|p1a: Whimsicott|1\n|-damage|p1a: Whimsicott|11/100\n|move|p1b: Sneasler|Brick Break|p2b: samus\n|-damage|p2b: samus|45/100\n|-immune|p2b: samus\n|move|p1a: Whimsicott|Dazzling Gleam|p2a: widepeepohappy|[spread] p2b\n|-activate|p2a: widepeepohappy|move: Protect\n|-resisted|p2b: samus|1\n|-damage|p2b: samus|35/100\n|\n|-weather|RainDance|[upkeep]\n|-heal|p1a: Whimsicott|17/100|[from] item: Leftovers\n|-heal|p2a: widepeepohappy|36/100 brn|[from] item: Leftovers\n|-damage|p2a: widepeepohappy|29/100 brn|[from] brn\n|-sideend|p1: ahit0me|move: Tailwind\n|upkeep\n|turn|10\n|inactive|ahit0me has 30 seconds left.\n|inactive|ahit0me has 20 seconds left.\n|\n|t:|1776462341\n|move|p1b: Sneasler|Protect|p1b: Sneasler\n|-singleturn|p1b: Sneasler|Protect\n|move|p2b: samus|Bullet Punch|p1a: Whimsicott\n|-supereffective|p1a: Whimsicott|1\n|-damage|p1a: Whimsicott|0 fnt\n|faint|p1a: Whimsicott\n|move|p2a: widepeepohappy|Weather Ball|p1b: Sneasler\n|-activate|p1b: Sneasler|move: Protect\n|\n|-weather|RainDance|[upkeep]\n|-heal|p2a: widepeepohappy|36/100 brn|[from] item: Leftovers\n|-damage|p2a: widepeepohappy|29/100 brn|[from] brn\n|upkeep\n|\n|t:|1776462354\n|switch|p1a: Garchomp|Garchomp, L50, F|70/100 brn\n|turn|11\n|inactive|ahit0me has 30 seconds left.\n|\n|t:|1776462379\n|move|p2b: samus|Protect|p2b: samus\n|-singleturn|p2b: samus|Protect\n|move|p1b: Sneasler|Dire Claw|p2b: samus\n|-activate|p2b: samus|move: Protect\n|move|p1a: Garchomp|Dragon Claw|p2b: samus\n|-activate|p2b: samus|move: Protect\n|move|p2a: widepeepohappy|Ice Beam|p1a: Garchomp\n|-supereffective|p1a: Garchomp|2\n|-damage|p1a: Garchomp|13/100 brn\n|\n|-weather|none\n|-heal|p2a: widepeepohappy|36/100 brn|[from] item: Leftovers\n|-damage|p1a: Garchomp|7/100 brn|[from] brn\n|-damage|p2a: widepeepohappy|29/100 brn|[from] brn\n|upkeep\n|turn|12\n|\n|t:|1776462404\n|switch|p2a: fridge on mid|Rotom-Wash, L50|62/100\n|move|p1a: Garchomp|Protect|p1a: Garchomp\n|-singleturn|p1a: Garchomp|Protect\n|move|p2b: samus|Bullet Punch|p1a: Garchomp\n|-activate|p1a: Garchomp|move: Protect\n|move|p1b: Sneasler|Brick Break|p2b: samus\n|-damage|p2b: samus|0 fnt\n|faint|p2b: samus\n|\n|-damage|p1a: Garchomp|1/100 brn|[from] brn\n|-sideend|p1: ahit0me|move: Light Screen\n|upkeep\n|\n|t:|1776462416\n|switch|p2b: widepeepohappy|Politoed, L50, M|29/100 brn\n|-weather|RainDance|[from] ability: Drizzle|[of] p2b: widepeepohappy\n|turn|13\n|\n|t:|1776462432\n|move|p2b: widepeepohappy|Protect|p2b: widepeepohappy\n|-singleturn|p2b: widepeepohappy|Protect\n|move|p1b: Sneasler|Dire Claw|p2a: fridge on mid\n|-damage|p2a: fridge on mid|17/100\n|-status|p2a: fridge on mid|psn|[from] ability: Poison Touch|[of] p1b: Sneasler\n|move|p1a: Garchomp|Dragon Claw|p2b: widepeepohappy\n|-activate|p2b: widepeepohappy|move: Protect\n|move|p2a: fridge on mid|Hydro Pump|p1b: Sneasler\n|-damage|p1b: Sneasler|0 fnt\n|faint|p1b: Sneasler\n|\n|-weather|RainDance|[upkeep]\n|-heal|p2b: widepeepohappy|36/100 brn|[from] item: Leftovers\n|-damage|p2a: fridge on mid|5/100 psn|[from] psn\n|-damage|p1a: Garchomp|0 fnt|[from] brn\n|faint|p1a: Garchomp\n|\n|win|tf_lecter\n|raw|ahit0me's rating: 1016 &rarr; <strong>1004</strong><br />(-12 for losing)\n|raw|tf_lecter's rating: 1037 &rarr; <strong>1069</strong><br />(+32 for winning)\n|l|\u2606ahit0me\n|player|p1|\n",
  "uploadtime": 1776462468,
  "views": 19,
  "formatid": "gen9championsvgc2026regma",
  "rating": 1004,
  "private": 0,
  "password": null
}