{
  "id": "gen9championsvgc2026regma-2587834243",
  "format": "[Gen 9 Champions] VGC 2026 Reg M-A",
  "players": [
    "Danievania",
    "houses3\u80e1\u841d\u535c\u4fa0"
  ],
  "log": "|j|\u2606Danievania\n|j|\u2606houses3\u80e1\u841d\u535c\u4fa0\n|t:|1776568784\n|gametype|doubles\n|player|p1|Danievania|byron|1480\n|player|p2|houses3\u80e1\u841d\u535c\u4fa0|102|1501\n|gen|9\n|tier|[Gen 9 Champions] VGC 2026 Reg M-A\n|rated|\n|rule|Species Clause: Limit one of each Pok\u00e9mon\n|rule|Item Clause: Limit 1 of each item\n|clearpoke\n|poke|p1|Delphox, L50, M, shiny|\n|poke|p1|Sneasler, L50, F, shiny|\n|poke|p1|Garchomp, L50, F, shiny|\n|poke|p1|Aerodactyl, L50, M|\n|poke|p1|Kingambit, L50, M|\n|poke|p1|Sinistcha, L50|\n|poke|p2|Kingambit, L50, M|\n|poke|p2|Delphox, L50, F|\n|poke|p2|Basculegion, L50, M|\n|poke|p2|Maushold-Four, L50|\n|poke|p2|Garchomp, L50, M|\n|poke|p2|Floette-Eternal, L50, F|\n|teampreview|4\n|j| r4gn4r96\n|j| thruxytwo\n|l| thruxytwo\n|inactive|Battle timer is ON: inactive players will automatically lose when time's up. (requested by houses3\u80e1\u841d\u535c\u4fa0)\n|\n|t:|1776568856\n|teamsize|p1|4\n|teamsize|p2|4\n|start\n|switch|p1a: Sneasler|Sneasler, L50, F, shiny|100/100\n|switch|p1b: Aerodactyl|Aerodactyl, L50, M|100/100\n|switch|p2a: Delphox|Delphox, L50, F|100/100\n|switch|p2b: Garchomp|Garchomp, L50, M|100/100\n|turn|1\n|\n|t:|1776568879\n|detailschange|p1b: Aerodactyl|Aerodactyl-Mega, L50, M\n|-mega|p1b: Aerodactyl|Aerodactyl|Aerodactylite\n|detailschange|p2a: Delphox|Delphox-Mega, L50, F\n|-mega|p2a: Delphox|Delphox|Delphoxite\n|move|p1a: Sneasler|Fake Out|p2a: Delphox\n|-damage|p2a: Delphox|85/100\n|move|p1b: Aerodactyl|Tailwind|p1b: Aerodactyl\n|-sidestart|p1: Danievania|move: Tailwind\n|cant|p2a: Delphox|flinch\n|move|p2b: Garchomp|Rock Slide|p1a: Sneasler|[spread] p1a,p1b\n|-resisted|p1a: Sneasler|1\n|-supereffective|p1b: Aerodactyl|1\n|-damage|p1a: Sneasler|83/100\n|-damage|p1b: Aerodactyl|43/100\n|\n|upkeep\n|turn|2\n|j| sammap\n|inactive|Danievania has 30 seconds left.\n|inactive|Danievania has 20 seconds left.\n|inactive|Danievania has 15 seconds left.\n|inactive|Danievania has 10 seconds left.\n|\n|t:|1776568925\n|move|p1b: Aerodactyl|Protect|p1b: Aerodactyl\n|-singleturn|p1b: Aerodactyl|Protect\n|move|p2a: Delphox|Protect|p2a: Delphox\n|-singleturn|p2a: Delphox|Protect\n|move|p1a: Sneasler|Dire Claw|p2a: Delphox\n|-activate|p2a: Delphox|move: Protect\n|move|p2b: Garchomp|Earthquake|p1b: Aerodactyl|[spread] p1a\n|-activate|p2a: Delphox|move: Protect\n|-activate|p1b: Aerodactyl|move: Protect\n|-supereffective|p1a: Sneasler|1\n|-damage|p1a: Sneasler|0 fnt\n|faint|p1a: Sneasler\n|\n|upkeep\n|\n|t:|1776568934\n|switch|p1a: Garchomp|Garchomp, L50, F, shiny|100/100\n|turn|3\n|\n|t:|1776568951\n|switch|p2a: Maushold|Maushold-Four, L50|100/100\n|move|p1b: Aerodactyl|Rock Slide|p2a: Maushold|[spread] p2a,p2b\n|-crit|p2a: Maushold\n|-resisted|p2b: Garchomp|1\n|-damage|p2a: Maushold|41/100\n|-damage|p2b: Garchomp|92/100\n|move|p1a: Garchomp|Earthquake|p2b: Garchomp|[spread] p2a,p2b\n|-immune|p1b: Aerodactyl\n|-damage|p2a: Maushold|0 fnt\n|-damage|p2b: Garchomp|64/100\n|faint|p2a: Maushold\n|move|p2b: Garchomp|Dragon Claw|p1a: Garchomp\n|-supereffective|p1a: Garchomp|1\n|-damage|p1a: Garchomp|10/100\n|-damage|p2b: Garchomp|51/100|[from] ability: Rough Skin|[of] p1a: Garchomp\n|\n|upkeep\n|l| r4gn4r96\n|j| r4gn4r96\n|inactive|houses3\u80e1\u841d\u535c\u4fa0 has 30 seconds left.\n|l| r4gn4r96\n|\n|t:|1776568986\n|switch|p2a: Basculegion|Basculegion, L50, M|100/100\n|turn|4\n|inactive|Danievania has 30 seconds left.\n|inactive|Danievania has 20 seconds left.\n|\n|t:|1776569029\n|switch|p1a: Sinistcha|Sinistcha, L50|100/100\n|-heal|p1b: Aerodactyl|68/100|[from] ability: Hospitality|[of] p1a: Sinistcha\n|move|p1b: Aerodactyl|Protect|p1b: Aerodactyl\n|-singleturn|p1b: Aerodactyl|Protect\n|move|p2a: Basculegion|Protect|p2a: Basculegion\n|-singleturn|p2a: Basculegion|Protect\n|move|p2b: Garchomp|Earthquake|p1b: Aerodactyl|[spread] p1a\n|-activate|p2a: Basculegion|move: Protect\n|-activate|p1b: Aerodactyl|move: Protect\n|-resisted|p1a: Sinistcha|1\n|-damage|p1a: Sinistcha|84/100\n|\n|-sideend|p1: Danievania|move: Tailwind\n|upkeep\n|turn|5\n|inactive|Danievania has 30 seconds left.\n|inactive|Danievania has 20 seconds left.\n|inactive|Danievania has 15 seconds left.\n|\n|t:|1776569071\n|switch|p1b: Garchomp|Garchomp, L50, F, shiny|10/100\n|move|p2a: Basculegion|Last Respects|p1a: Sinistcha\n|-supereffective|p1a: Sinistcha|1\n|-damage|p1a: Sinistcha|0 fnt\n|faint|p1a: Sinistcha\n|move|p2b: Garchomp|Rock Slide|p1b: Garchomp\n|-resisted|p1b: Garchomp|1\n|-damage|p1b: Garchomp|0 fnt\n|faint|p1b: Garchomp\n|\n|upkeep\n|\n|t:|1776569081\n|switch|p1b: Aerodactyl|Aerodactyl-Mega, L50, M|68/100\n|turn|6\n|c|\u2606Danievania|gg\n|-message|Danievania forfeited.\n|\n|win|houses3\u80e1\u841d\u535c\u4fa0\n|raw|Danievania's rating: 1480 &rarr; <strong>1461</strong><br />(-19 for losing)\n|raw|houses3\u80e1\u841d\u535c\u4fa0's rating: 1501 &rarr; <strong>1520</strong><br />(+19 for winning)\n|l|\u2606houses3\u80e1\u841d\u535c\u4fa0\n|player|p2|\n",
  "uploadtime": 1776569097,
  "views": 15,
  "formatid": "gen9championsvgc2026regma",
  "rating": 1461,
  "private": 0,
  "password": null
}