{
  "id": "gen9championsvgc2026regma-2587556424",
  "format": "[Gen 9 Champions] VGC 2026 Reg M-A",
  "players": [
    "sidjam",
    "lordofthebagels89"
  ],
  "log": "|j|\u2606sidjam\n|j|\u2606lordofthebagels89\n|t:|1776541995\n|gametype|doubles\n|player|p1|sidjam|2|1120\n|player|p2|lordofthebagels89|lucian|1206\n|gen|9\n|tier|[Gen 9 Champions] VGC 2026 Reg M-A\n|rated|\n|rule|Species Clause: Limit one of each Pok\u00e9mon\n|rule|Item Clause: Limit 1 of each item\n|clearpoke\n|poke|p1|Dragonite, L50, F|\n|poke|p1|Pelipper, L50, M|\n|poke|p1|Basculegion, L50, M|\n|poke|p1|Archaludon, L50, M|\n|poke|p1|Sneasler, L50, M|\n|poke|p1|Meowscarada, L50, F|\n|poke|p2|Gardevoir, L50, F|\n|poke|p2|Aggron, L50, F|\n|poke|p2|Incineroar, L50, F|\n|poke|p2|Sinistcha, L50|\n|poke|p2|Torkoal, L50, F|\n|poke|p2|Farigiraf, L50, F|\n|teampreview|4\n|\n|t:|1776542017\n|teamsize|p1|4\n|teamsize|p2|4\n|start\n|switch|p1a: Meowscarada|Meowscarada, L50, F|100/100\n|switch|p1b: Pelipper|Pelipper, L50, M|100/100\n|switch|p2a: Farigiraf|Farigiraf, L50, F|100/100\n|switch|p2b: Incineroar|Incineroar, L50, F|100/100\n|-weather|RainDance|[from] ability: Drizzle|[of] p1b: Pelipper\n|-ability|p2b: Incineroar|Intimidate|boost\n|-unboost|p1a: Meowscarada|atk|1\n|-unboost|p1b: Pelipper|atk|1\n|turn|1\n|inactive|Battle timer is ON: inactive players will automatically lose when time's up. (requested by lordofthebagels89)\n|\n|t:|1776542025\n|move|p2b: Incineroar|Fake Out|p1b: Pelipper\n|-damage|p1b: Pelipper|88/100\n|move|p1a: Meowscarada|Taunt|p2a: Farigiraf\n|-start|p1a: Meowscarada|typechange|Dark|[from] ability: Protean\n|-start|p2a: Farigiraf|move: Taunt\n|cant|p1b: Pelipper|flinch\n|cant|p2a: Farigiraf|move: Taunt|Trick Room\n|\n|-weather|RainDance|[upkeep]\n|upkeep\n|turn|2\n|\n|t:|1776542049\n|switch|p2a: Torkoal|Torkoal, L50, F|100/100\n|-weather|SunnyDay|[from] ability: Drought|[of] p2a: Torkoal\n|move|p1a: Meowscarada|U-turn|p2a: Torkoal\n|-resisted|p2a: Torkoal|1\n|-damage|p2a: Torkoal|95/100\n|\n|t:|1776542057\n|switch|p1a: Basculegion|Basculegion, L50, M|100/100|[from] U-turn\n|move|p1b: Pelipper|Weather Ball|p2b: Incineroar\n|-resisted|p2b: Incineroar|1\n|-damage|p2b: Incineroar|86/100\n|move|p2b: Incineroar|Flare Blitz|p1a: Basculegion\n|-resisted|p1a: Basculegion|1\n|-damage|p1a: Basculegion|52/100\n|-damage|p2b: Incineroar|69/100|[from] Recoil\n|\n|-weather|SunnyDay|[upkeep]\n|-heal|p2b: Incineroar|75/100|[from] item: Leftovers\n|upkeep\n|turn|3\n|\n|t:|1776542076\n|switch|p1b: Dragonite|Dragonite, L50, F|100/100\n|move|p1a: Basculegion|Protect|p1a: Basculegion\n|-singleturn|p1a: Basculegion|Protect\n|move|p2a: Torkoal|Protect|p2a: Torkoal\n|-singleturn|p2a: Torkoal|Protect\n|move|p2b: Incineroar|Parting Shot|p1a: Basculegion\n|-activate|p1a: Basculegion|move: Protect\n|\n|-weather|SunnyDay|[upkeep]\n|-heal|p2b: Incineroar|81/100|[from] item: Leftovers\n|upkeep\n|turn|4\n|\n|t:|1776542088\n|switch|p1b: Pelipper|Pelipper, L50, M|88/100\n|-weather|RainDance|[from] ability: Drizzle|[of] p1b: Pelipper\n|move|p1a: Basculegion|Wave Crash|p2a: Torkoal\n|-supereffective|p2a: Torkoal|1\n|-damage|p2a: Torkoal|0 fnt\n|faint|p2a: Torkoal\n|-damage|p1a: Basculegion|24/100|[from] Recoil\n|move|p2b: Incineroar|Parting Shot|p1a: Basculegion\n|-unboost|p1a: Basculegion|atk|1\n|-unboost|p1a: Basculegion|spa|1\n|\n|t:|1776542097\n|switch|p2b: Gardevoir|Gardevoir, L50, F|100/100|[from] Parting Shot\n|-ability|p2b: Gardevoir|Drizzle|Trace|[from] ability: Trace|[of] p1b: Pelipper\n|\n|-weather|RainDance|[upkeep]\n|upkeep\n|\n|t:|1776542103\n|switch|p2a: Incineroar|Incineroar, L50, F|81/100\n|-ability|p2a: Incineroar|Intimidate|boost\n|-unboost|p1a: Basculegion|atk|1\n|-unboost|p1b: Pelipper|atk|1\n|turn|5\n|inactive|sidjam has 30 seconds left.\n|\n|t:|1776542128\n|detailschange|p2b: Gardevoir|Gardevoir-Mega, L50, F\n|-mega|p2b: Gardevoir|Gardevoir|Gardevoirite\n|move|p1b: Pelipper|Protect|p1b: Pelipper\n|-singleturn|p1b: Pelipper|Protect\n|move|p2a: Incineroar|Fake Out|p1b: Pelipper\n|-activate|p1b: Pelipper|move: Protect\n|move|p1a: Basculegion|Last Respects|p2b: Gardevoir\n|-supereffective|p2b: Gardevoir|1\n|-damage|p2b: Gardevoir|59/100\n|move|p2b: Gardevoir|Hyper Voice|p1b: Pelipper|[spread] p1a\n|-activate|p1b: Pelipper|move: Protect\n|-damage|p1a: Basculegion|0 fnt\n|faint|p1a: Basculegion\n|\n|-weather|RainDance|[upkeep]\n|-heal|p2a: Incineroar|87/100|[from] item: Leftovers\n|upkeep\n|\n|t:|1776542141\n|switch|p1a: Dragonite|Dragonite, L50, F|100/100\n|turn|6\n|\n|t:|1776542160\n|detailschange|p1a: Dragonite|Dragonite-Mega, L50, F\n|-mega|p1a: Dragonite|Dragonite|Dragoninite\n|move|p2b: Gardevoir|Protect|p2b: Gardevoir\n|-singleturn|p2b: Gardevoir|Protect\n|move|p1a: Dragonite|Hurricane|p2b: Gardevoir\n|-activate|p2b: Gardevoir|move: Protect\n|move|p1b: Pelipper|Weather Ball|p2a: Incineroar\n|-supereffective|p2a: Incineroar|1\n|-damage|p2a: Incineroar|2/100\n|move|p2a: Incineroar|Parting Shot|p1a: Dragonite\n|-unboost|p1a: Dragonite|atk|1\n|-unboost|p1a: Dragonite|spa|1\n|\n|t:|1776542169\n|switch|p2a: Farigiraf|Farigiraf, L50, F|100/100|[from] Parting Shot\n|\n|-weather|RainDance|[upkeep]\n|upkeep\n|turn|7\n|\n|t:|1776542184\n|switch|p2b: Incineroar|Incineroar, L50, F|2/100\n|-ability|p2b: Incineroar|Intimidate|boost\n|-unboost|p1a: Dragonite|atk|1\n|-unboost|p1b: Pelipper|atk|1\n|move|p1a: Dragonite|Hurricane|p2b: Incineroar\n|-damage|p2b: Incineroar|0 fnt\n|faint|p2b: Incineroar\n|move|p1b: Pelipper|Tailwind|p1b: Pelipper\n|-sidestart|p1: sidjam|move: Tailwind\n|move|p2a: Farigiraf|Trick Room|p2a: Farigiraf\n|-fieldstart|move: Trick Room|[of] p2a: Farigiraf\n|\n|-weather|RainDance|[upkeep]\n|upkeep\n|\n|t:|1776542193\n|switch|p2b: Gardevoir|Gardevoir-Mega, L50, F|59/100\n|turn|8\n|\n|t:|1776542207\n|switch|p1a: Meowscarada|Meowscarada, L50, F|100/100\n|move|p1b: Pelipper|Protect|p1b: Pelipper\n|-singleturn|p1b: Pelipper|Protect\n|move|p2a: Farigiraf|Hyper Voice|p1b: Pelipper|[spread] p1a\n|-activate|p1b: Pelipper|move: Protect\n|-damage|p1a: Meowscarada|49/100\n|move|p2b: Gardevoir|Hyper Voice|p1a: Meowscarada|[spread] p1a\n|-activate|p1b: Pelipper|move: Protect\n|-supereffective|p1a: Meowscarada|1\n|-crit|p1a: Meowscarada\n|-damage|p1a: Meowscarada|0 fnt\n|faint|p1a: Meowscarada\n|\n|-weather|none\n|upkeep\n|\n|t:|1776542217\n|switch|p1a: Dragonite|Dragonite-Mega, L50, F|100/100\n|turn|9\n|\n|t:|1776542227\n|move|p2a: Farigiraf|Hyper Voice|p1a: Dragonite|[spread] p1a,p1b\n|-damage|p1a: Dragonite|89/100\n|-damage|p1b: Pelipper|51/100\n|move|p2b: Gardevoir|Hyper Voice|p1a: Dragonite|[spread] p1a,p1b\n|-supereffective|p1a: Dragonite|1\n|-damage|p1a: Dragonite|7/100\n|-damage|p1b: Pelipper|0 fnt\n|faint|p1b: Pelipper\n|move|p1a: Dragonite|Hurricane|p2b: Gardevoir\n|-damage|p2b: Gardevoir|4/100\n|\n|upkeep\n|turn|10\n|-message|sidjam forfeited.\n|\n|win|lordofthebagels89\n|raw|sidjam's rating: 1120 &rarr; <strong>1101</strong><br />(-19 for losing)\n|raw|lordofthebagels89's rating: 1206 &rarr; <strong>1225</strong><br />(+19 for winning)\n|l|\u2606sidjam\n|player|p1|\n",
  "uploadtime": 1776542241,
  "views": 19,
  "formatid": "gen9championsvgc2026regma",
  "rating": 1101,
  "private": 0,
  "password": null
}