{
  "id": "gen9championsvgc2026regma-2587867850",
  "format": "[Gen 9 Champions] VGC 2026 Reg M-A",
  "players": [
    "Zenakuss17",
    "Caligula21z"
  ],
  "log": "|j|\u2606Zenakuss17\n|j|\u2606Caligula21z\n|t:|1776572478\n|gametype|doubles\n|player|p1|Zenakuss17|benga|1157\n|player|p2|Caligula21z|lucas|1106\n|gen|9\n|tier|[Gen 9 Champions] VGC 2026 Reg M-A\n|rated|\n|rule|Species Clause: Limit one of each Pok\u00e9mon\n|rule|Item Clause: Limit 1 of each item\n|clearpoke\n|poke|p1|Starmie, L50|\n|poke|p1|Pelipper, L50, M|\n|poke|p1|Archaludon, L50, M, shiny|\n|poke|p1|Incineroar, L50, M|\n|poke|p1|Sinistcha, L50|\n|poke|p1|Kingambit, L50, M|\n|poke|p2|Azumarill, L50, F, shiny|\n|poke|p2|Incineroar, L50, M|\n|poke|p2|Farigiraf, L50, F|\n|poke|p2|Heracross, L50, M, shiny|\n|poke|p2|Pelipper, L50, F|\n|poke|p2|Rotom-Wash, L50|\n|teampreview|4\n|inactive|Battle timer is ON: inactive players will automatically lose when time's up. (requested by Caligula21z)\nCaligula21z has agreed to open team sheets.\n|inactive|Caligula21z has 60 seconds left.\n|\n|t:|1776572515\n|teamsize|p1|4\n|teamsize|p2|4\n|start\n|switch|p1a: Pelipper|Pelipper, L50, M|100/100\n|switch|p1b: Kingambit|Kingambit, L50, M|100/100\n|switch|p2a: Farigiraf|Farigiraf, L50, F|100/100\n|switch|p2b: Rotom|Rotom-Wash, L50|100/100\n|-weather|RainDance|[from] ability: Drizzle|[of] p1a: Pelipper\n|turn|1\n|inactive|Caligula21z has 30 seconds left.\n|\n|t:|1776572544\n|switch|p1a: Archaludon|Archaludon, L50, M, shiny|100/100\n|move|p2b: Rotom|Will-O-Wisp|p1b: Kingambit\n|-status|p1b: Kingambit|brn\n|move|p1b: Kingambit|Kowtow Cleave|p2a: Farigiraf\n|-supereffective|p2a: Farigiraf|1\n|-damage|p2a: Farigiraf|54/100\n|move|p2a: Farigiraf|Psychic|p1a: Archaludon\n|-resisted|p1a: Archaludon|1\n|-damage|p1a: Archaludon|83/100\n|-ability|p1a: Archaludon|Stamina|boost\n|-boost|p1a: Archaludon|def|1\n|\n|-weather|RainDance|[upkeep]\n|-heal|p1a: Archaludon|89/100|[from] item: Leftovers\n|-heal|p2a: Farigiraf|60/100|[from] item: Leftovers\n|-damage|p1b: Kingambit|94/100 brn|[from] brn\n|upkeep\n|turn|2\n|\n|t:|1776572564\n|switch|p2a: Incineroar|Incineroar, L50, M|100/100\n|-ability|p2a: Incineroar|Intimidate|boost\n|-unboost|p1a: Archaludon|atk|1\n|-unboost|p1b: Kingambit|atk|1\n|-ability|p1b: Kingambit|Defiant|boost\n|-boost|p1b: Kingambit|atk|2\n|move|p1a: Archaludon|Protect|p1a: Archaludon\n|-singleturn|p1a: Archaludon|Protect\n|move|p2b: Rotom|Will-O-Wisp|p1a: Archaludon\n|-activate|p1a: Archaludon|move: Protect\n|move|p1b: Kingambit|Kowtow Cleave|p2a: Incineroar\n|-resisted|p2a: Incineroar|1\n|-damage|p2a: Incineroar|85/100\n|\n|-weather|RainDance|[upkeep]\n|-heal|p1a: Archaludon|95/100|[from] item: Leftovers\n|-damage|p1b: Kingambit|88/100 brn|[from] brn\n|upkeep\n|turn|3\n|inactive|Zenakuss17 has 30 seconds left.\n|\n|t:|1776572589\n|move|p1b: Kingambit|Protect|p1b: Kingambit\n|-singleturn|p1b: Kingambit|Protect\n|move|p2b: Rotom|Volt Switch|p1b: Kingambit\n|-activate|p1b: Kingambit|move: Protect\n|move|p1a: Archaludon|Electro Shot||[still]\n|-prepare|p1a: Archaludon|Electro Shot\n|-boost|p1a: Archaludon|spa|1\n|-anim|p1a: Archaludon|Electro Shot|p2b: Rotom\n|-damage|p2b: Rotom|41/100\n|move|p2a: Incineroar|Flare Blitz|p1b: Kingambit\n|-activate|p1b: Kingambit|move: Protect\n|\n|-weather|RainDance|[upkeep]\n|-heal|p1a: Archaludon|100/100|[from] item: Leftovers\n|-damage|p1b: Kingambit|82/100 brn|[from] brn\n|upkeep\n|turn|4\n|\n|t:|1776572614\n|move|p2b: Rotom|Protect|p2b: Rotom\n|-singleturn|p2b: Rotom|Protect\n|move|p1b: Kingambit|Sucker Punch||[still]\n|-fail|p1b: Kingambit\n|move|p1a: Archaludon|Electro Shot||[still]\n|-prepare|p1a: Archaludon|Electro Shot\n|-boost|p1a: Archaludon|spa|1\n|-anim|p1a: Archaludon|Electro Shot|p2b: Rotom\n|-activate|p2b: Rotom|move: Protect\n|move|p2a: Incineroar|Flare Blitz|p1b: Kingambit\n|-supereffective|p1b: Kingambit|1\n|-damage|p1b: Kingambit|37/100 brn\n|-damage|p2a: Incineroar|71/100|[from] Recoil\n|\n|-weather|RainDance|[upkeep]\n|-damage|p1b: Kingambit|30/100 brn|[from] brn\n|upkeep\n|turn|5\n|\n|t:|1776572633\n|move|p1b: Kingambit|Protect|p1b: Kingambit\n|-singleturn|p1b: Kingambit|Protect\n|move|p2b: Rotom|Will-O-Wisp|p1a: Archaludon\n|-status|p1a: Archaludon|brn\n|move|p1a: Archaludon|Electro Shot||[still]\n|-prepare|p1a: Archaludon|Electro Shot\n|-boost|p1a: Archaludon|spa|1\n|-anim|p1a: Archaludon|Electro Shot|p2a: Incineroar\n|-damage|p2a: Incineroar|0 fnt\n|faint|p2a: Incineroar\n|\n|-weather|none\n|-damage|p1a: Archaludon|94/100 brn|[from] brn\n|-damage|p1b: Kingambit|24/100 brn|[from] brn\n|upkeep\n|\n|t:|1776572645\n|switch|p2a: Heracross|Heracross, L50, M, shiny|100/100\n|turn|6\n|\n|t:|1776572669\n|detailschange|p2a: Heracross|Heracross-Mega, L50, M, shiny\n|-mega|p2a: Heracross|Heracross|Heracronite\n|move|p1a: Archaludon|Protect|p1a: Archaludon\n|-singleturn|p1a: Archaludon|Protect\n|move|p1b: Kingambit|Sucker Punch|p2b: Rotom\n|-damage|p2b: Rotom|11/100\n|move|p2b: Rotom|Shadow Ball|p1a: Archaludon\n|-activate|p1a: Archaludon|move: Protect\n|move|p2a: Heracross|Knock Off|p1a: Archaludon\n|-activate|p1a: Archaludon|move: Protect\n|\n|-heal|p1a: Archaludon|100/100 brn|[from] item: Leftovers\n|-damage|p1a: Archaludon|94/100 brn|[from] brn\n|-damage|p1b: Kingambit|18/100 brn|[from] brn\n|upkeep\n|turn|7\n|\n|t:|1776572689\n|move|p2b: Rotom|Protect|p2b: Rotom\n|-singleturn|p2b: Rotom|Protect\n|move|p1b: Kingambit|Sucker Punch|p2a: Heracross\n|-resisted|p2a: Heracross|1\n|-damage|p2a: Heracross|89/100\n|move|p1a: Archaludon|Flash Cannon|p2b: Rotom\n|-activate|p2b: Rotom|move: Protect\n|move|p2a: Heracross|Knock Off|p1a: Archaludon\n|-damage|p1a: Archaludon|70/100 brn\n|-ability|p1a: Archaludon|Stamina|boost\n|-boost|p1a: Archaludon|def|1\n|-enditem|p1a: Archaludon|Leftovers|[from] move: Knock Off|[of] p2a: Heracross\n|\n|-damage|p1a: Archaludon|63/100 brn|[from] brn\n|-damage|p1b: Kingambit|12/100 brn|[from] brn\n|upkeep\n|turn|8\n|\n|t:|1776572711\n|switch|p2b: Farigiraf|Farigiraf, L50, F|60/100\n|move|p2a: Heracross|Protect|p2a: Heracross\n|-singleturn|p2a: Heracross|Protect\n|move|p1a: Archaludon|Flash Cannon|p2a: Heracross\n|-activate|p2a: Heracross|move: Protect\n|move|p1b: Kingambit|Kowtow Cleave|p2b: Farigiraf\n|-supereffective|p2b: Farigiraf|1\n|-damage|p2b: Farigiraf|0 fnt\n|faint|p2b: Farigiraf\n|\n|-damage|p1a: Archaludon|57/100 brn|[from] brn\n|-damage|p1b: Kingambit|6/100 brn|[from] brn\n|upkeep\n|\n|t:|1776572722\n|switch|p2b: Rotom|Rotom-Wash, L50|11/100\n|turn|9\n|\n|t:|1776572734\n|move|p2b: Rotom|Shadow Ball|p1a: Archaludon\n|-damage|p1a: Archaludon|36/100 brn\n|-ability|p1a: Archaludon|Stamina|boost\n|-boost|p1a: Archaludon|def|1\n|move|p1a: Archaludon|Flash Cannon|p2a: Heracross\n|-damage|p2a: Heracross|0 fnt\n|faint|p2a: Heracross\n|move|p1b: Kingambit|Iron Head|p2b: Rotom\n|-resisted|p2b: Rotom|2\n|-damage|p2b: Rotom|1/100\n|\n|-damage|p1a: Archaludon|30/100 brn|[from] brn\n|-damage|p1b: Kingambit|0 fnt|[from] brn\n|faint|p1b: Kingambit\n|upkeep\n|c|\u2606Zenakuss17|Gg\n|-message|Caligula21z forfeited.\n|\n|win|Zenakuss17\n|raw|Zenakuss17's rating: 1157 &rarr; <strong>1178</strong><br />(+21 for winning)\n|raw|Caligula21z's rating: 1106 &rarr; <strong>1085</strong><br />(-21 for losing)\n|l|\u2606Caligula21z\n|player|p2|\n",
  "uploadtime": 1776572755,
  "views": 13,
  "formatid": "gen9championsvgc2026regma",
  "rating": 1085,
  "private": 0,
  "password": null
}