{
  "id": "gen9championsvgc2026regma-2587870512",
  "format": "[Gen 9 Champions] VGC 2026 Reg M-A",
  "players": [
    "ArKaneVGC",
    "Avi 2007"
  ],
  "log": "|j|\u2606ArKaneVGC\n|j|\u2606Avi 2007\n|t:|1776572797\n|gametype|doubles\n|player|p1|ArKaneVGC|#smogonxnpa2025draftee|\n|player|p2|Avi 2007|palmer|\n|gen|9\n|tier|[Gen 9 Champions] VGC 2026 Reg M-A\n|rated|Tournament battle\n|rule|Species Clause: Limit one of each Pok\u00e9mon\n|rule|Item Clause: Limit 1 of each item\n|raw|<div class=\"infobox\"><details class=\"readmore\" open><summary><strong>1 custom rule:</strong></summary> Force Open Team Sheets</details></div>\n|clearpoke\n|poke|p1|Sneasler, L50, F|\n|poke|p1|Kingambit, L50, M|\n|poke|p1|Sinistcha, L50|\n|poke|p1|Incineroar, L50, F|\n|poke|p1|Floette-Eternal, L50, F|\n|poke|p1|Aerodactyl, L50, M|\n|poke|p2|Meowstic, L50, M, shiny|\n|poke|p2|Alakazam, L50, M|\n|poke|p2|Maushold-Four, L50|\n|poke|p2|Whimsicott, L50, F|\n|poke|p2|Basculegion, L50, M|\n|poke|p2|Sneasler, L50, M|\n|teampreview|4\n|showteam|p1|Sneasler||WhiteHerb|Unburden|DireClaw,CloseCombat,FakeOut,Protect|||F|||50|]Kingambit||BlackGlasses|Defiant|KowtowCleave,IronHead,SuckerPunch,Protect|||M|||50|]Sinistcha||SitrusBerry|Hospitality|MatchaGotcha,RagePowder,TrickRoom,LifeDew||||||50|]Incineroar||ChopleBerry|Intimidate|FlareBlitz,WillOWisp,FakeOut,PartingShot|||F|||50|]Floette-Eternal||Floettite|FlowerVeil|Moonblast,DazzlingGleam,CalmMind,Protect|||F|||50|]Aerodactyl||FocusSash|Unnerve|RockSlide,DualWingbeat,Tailwind,Protect|||M|||50|\n|showteam|p2|Meowstic||MentalHerb|Prankster|Gravity,AlluringVoice,PsychicTerrain,Reflect|||M|||50|]Alakazam||Alakazite|InnerFocus|ExpandingForce,CalmMind,FocusBlast,Protect|||M|||50|]Maushold-Four||SitrusBerry|FriendGuard|FollowMe,Protect,SuperFang,Taunt||||||50|]Whimsicott||FocusSash|Prankster|Encore,Protect,Tailwind,Moonblast|||F|||50|]Basculegion||ChoiceScarf|Adaptability|LastRespects,WaveCrash,FlipTurn,AquaJet|||M|||50|]Sneasler||WhiteHerb|Unburden|FakeOut,CloseCombat,DireClaw,Protect|||M|||50|\n|inactive|Battle timer is ON: inactive players will automatically lose when time's up. (requested by ArKaneVGC)\n|j|+holdingb\n|\n|t:|1776572822\n|teamsize|p1|4\n|teamsize|p2|4\n|start\n|switch|p1a: Floette|Floette-Eternal, L50, F|100/100\n|switch|p1b: Incineroar|Incineroar, L50, F|100/100\n|switch|p2a: Sneasler|Sneasler, L50, M|100/100\n|switch|p2b: Alakazam|Alakazam, L50, M|100/100\n|-ability|p1b: Incineroar|Intimidate|boost\n|-unboost|p2a: Sneasler|atk|1\n|-fail|p2b: Alakazam|unboost|Attack|[from] ability: Inner Focus|[of] p2b: Alakazam\n|-enditem|p2a: Sneasler|White Herb\n|-clearnegativeboost|p2a: Sneasler|[silent]\n|turn|1\n|\n|t:|1776572838\n|detailschange|p1a: Floette|Floette-Mega, L50, F\n|-mega|p1a: Floette|Floette|Floettite\n|-ability|p1a: Floette|Fairy Aura\n|move|p2a: Sneasler|Close Combat|p1b: Incineroar\n|-supereffective|p1b: Incineroar|1\n|-enditem|p1b: Incineroar|Chople Berry|[eat]\n|-enditem|p1b: Incineroar|Chople Berry|[weaken]\n|-damage|p1b: Incineroar|39/100\n|-unboost|p2a: Sneasler|def|1\n|-unboost|p2a: Sneasler|spd|1\n|move|p2b: Alakazam|Calm Mind|p2b: Alakazam\n|-boost|p2b: Alakazam|spa|1\n|-boost|p2b: Alakazam|spd|1\n|move|p1a: Floette|Calm Mind|p1a: Floette\n|-boost|p1a: Floette|spa|1\n|-boost|p1a: Floette|spd|1\n|move|p1b: Incineroar|Will-O-Wisp|p2a: Sneasler\n|-status|p2a: Sneasler|brn\n|\n|-damage|p2a: Sneasler|95/100 brn|[from] brn\n|upkeep\n|turn|2\n|\n|t:|1776572859\n|detailschange|p2b: Alakazam|Alakazam-Mega, L50, M\n|-mega|p2b: Alakazam|Alakazam|Alakazite\n|-ability|p2b: Alakazam|Fairy Aura|Trace|[from] ability: Trace|[of] p1a: Floette\n|-ability|p2b: Alakazam|Fairy Aura\n|move|p2a: Sneasler|Close Combat|p1b: Incineroar\n|-supereffective|p1b: Incineroar|1\n|-damage|p1b: Incineroar|0 fnt\n|-unboost|p2a: Sneasler|def|1\n|-unboost|p2a: Sneasler|spd|1\n|faint|p1b: Incineroar\n|move|p2b: Alakazam|Expanding Force|p1a: Floette\n|-damage|p1a: Floette|64/100\n|move|p1a: Floette|Calm Mind|p1a: Floette\n|-boost|p1a: Floette|spa|1\n|-boost|p1a: Floette|spd|1\n|\n|-damage|p2a: Sneasler|89/100 brn|[from] brn\n|upkeep\n|\n|t:|1776572866\n|switch|p1b: Sinistcha|Sinistcha, L50|100/100\n|-heal|p1a: Floette|89/100|[from] ability: Hospitality|[of] p1b: Sinistcha\n|turn|3\n|\n|t:|1776572880\n|move|p2a: Sneasler|Dire Claw|p1a: Floette\n|-supereffective|p1a: Floette|1\n|-damage|p1a: Floette|42/100\n|-status|p1a: Floette|par\n|move|p2b: Alakazam|Calm Mind|p2b: Alakazam\n|-boost|p2b: Alakazam|spa|1\n|-boost|p2b: Alakazam|spd|1\n|move|p1a: Floette|Dazzling Gleam|p2a: Sneasler|[spread] p2a,p2b\n|-damage|p2a: Sneasler|0 fnt\n|-damage|p2b: Alakazam|36/100\n|faint|p2a: Sneasler\n|move|p1b: Sinistcha|Trick Room|p1b: Sinistcha\n|-fieldstart|move: Trick Room|[of] p1b: Sinistcha\n|\n|upkeep\n|j| Teeam Rocket\n|\n|t:|1776572893\n|switch|p2a: Meowstic|Meowstic, L50, M, shiny|100/100\n|turn|4\n|\n|t:|1776572902\n|switch|p1b: Kingambit|Kingambit, L50, M|100/100\n|move|p2a: Meowstic|Psychic Terrain|p2a: Meowstic\n|-fieldstart|move: Psychic Terrain\n|move|p1a: Floette|Dazzling Gleam|p2a: Meowstic|[spread] p2a,p2b\n|-damage|p2a: Meowstic|9/100\n|-damage|p2b: Alakazam|0 fnt\n|faint|p2b: Alakazam\n|\n|upkeep\n|\n|t:|1776572910\n|switch|p2b: Basculegion|Basculegion, L50, M|100/100\n|turn|5\n|\n|t:|1776572916\n|move|p1a: Floette|Dazzling Gleam|p2a: Meowstic|[spread] p2a,p2b\n|-damage|p2a: Meowstic|0 fnt\n|-damage|p2b: Basculegion|0 fnt\n|faint|p2a: Meowstic\n|faint|p2b: Basculegion\n|\n|win|ArKaneVGC\n|n|\u2606ArKaneVGC|arkanevgc\n|n|\u2606Avi 2007|avi2007\n|n| holdingb|holdingb\n|n| Teeam Rocket|teeamrocket\n",
  "uploadtime": 1776572917,
  "views": 18,
  "formatid": "gen9championsvgc2026regma",
  "rating": null,
  "private": 0,
  "password": null
}