{
  "id": "gen9championsvgc2026regma-2584952856",
  "format": "[Gen 9 Champions] VGC 2026 Reg M-A",
  "players": [
    "Xboxthepokemonguy",
    "aznkiri"
  ],
  "log": "|j|\u2606Xboxthepokemonguy\n|j|\u2606aznkiri\n|t:|1776297647\n|gametype|doubles\n|player|p1|Xboxthepokemonguy|2|1128\n|player|p2|aznkiri|hilbert|1185\n|gen|9\n|tier|[Gen 9 Champions] VGC 2026 Reg M-A\n|rated|\n|rule|Species Clause: Limit one of each Pok\u00e9mon\n|rule|Item Clause: Limit 1 of each item\n|clearpoke\n|poke|p1|Aegislash, L50, F|\n|poke|p1|Hydreigon, L50, F|\n|poke|p1|Kangaskhan, L50, F|\n|poke|p1|Whimsicott, L50, M|\n|poke|p1|Volcarona, L50, M|\n|poke|p1|Greninja-*, L50, F|\n|poke|p2|Heliolisk, L50, F|\n|poke|p2|Garchomp, L50, F|\n|poke|p2|Sneasler, L50, M|\n|poke|p2|Milotic, L50, M|\n|poke|p2|Chandelure, L50, F|\n|poke|p2|Whimsicott, L50, M|\n|teampreview|4\nXboxthepokemonguy rejected open team sheets.\n|\n|t:|1776297687\n|teamsize|p1|4\n|teamsize|p2|4\n|start\n|switch|p1a: Aegislash|Aegislash, L50, F|100/100\n|switch|p1b: Volcarona|Volcarona, L50, M|100/100\n|switch|p2a: Sneasler|Sneasler, L50, M|100/100\n|switch|p2b: Whimsicott|Whimsicott, L50, M|100/100\n|turn|1\n|\n|t:|1776297715\n|move|p2a: Sneasler|Fake Out|p1b: Volcarona\n|-damage|p1b: Volcarona|84/100\n|move|p2b: Whimsicott|Tailwind|p2b: Whimsicott\n|-sidestart|p2: aznkiri|move: Tailwind\n|cant|p1b: Volcarona|flinch\n|-formechange|p1a: Aegislash|Aegislash-Blade|\n|move|p1a: Aegislash|Iron Head|p2b: Whimsicott\n|-supereffective|p2b: Whimsicott|1\n|-damage|p2b: Whimsicott|7/100\n|\n|upkeep\n|turn|2\n|\n|t:|1776297738\n|move|p2b: Whimsicott|Sunny Day|p2b: Whimsicott\n|-weather|SunnyDay\n|move|p2a: Sneasler|Rock Tomb|p1b: Volcarona\n|-supereffective|p1b: Volcarona|2\n|-damage|p1b: Volcarona|0 fnt\n|faint|p1b: Volcarona\n|move|p1a: Aegislash|Poltergeist|p2a: Sneasler|[miss]\n|-miss|p1a: Aegislash|p2a: Sneasler\n|\n|-weather|SunnyDay|[upkeep]\n|upkeep\n|\n|t:|1776297749\n|switch|p1b: Hydreigon|Hydreigon, L50, F|100/100\n|turn|3\n|\n|t:|1776297765\n|switch|p2a: Chandelure|Chandelure, L50, F|100/100\n|move|p1b: Hydreigon|Protect|p1b: Hydreigon\n|-singleturn|p1b: Hydreigon|Protect\n|move|p2b: Whimsicott|Moonblast|p1b: Hydreigon\n|-activate|p1b: Hydreigon|move: Protect\n|move|p1a: Aegislash|Poltergeist|p2a: Chandelure\n|-activate|p2a: Chandelure|move: Poltergeist|Chandelurite\n|-supereffective|p2a: Chandelure|1\n|-damage|p2a: Chandelure|0 fnt\n|faint|p2a: Chandelure\n|\n|-weather|SunnyDay|[upkeep]\n|upkeep\n|\n|t:|1776297782\n|switch|p2a: Sneasler|Sneasler, L50, M|100/100\n|turn|4\n|\n|t:|1776297792\n|move|p2b: Whimsicott|Protect|p2b: Whimsicott\n|-singleturn|p2b: Whimsicott|Protect\n|move|p1b: Hydreigon|Protect||[still]\n|-fail|p1b: Hydreigon\n|move|p2a: Sneasler|Close Combat|p1b: Hydreigon\n|-supereffective|p1b: Hydreigon|1\n|-damage|p1b: Hydreigon|0 fnt\n|-unboost|p2a: Sneasler|def|1\n|-unboost|p2a: Sneasler|spd|1\n|faint|p1b: Hydreigon\n|-enditem|p2a: Sneasler|White Herb\n|-clearnegativeboost|p2a: Sneasler|[silent]\n|move|p1a: Aegislash|Iron Head|p2b: Whimsicott\n|-activate|p2b: Whimsicott|move: Protect\n|\n|-weather|SunnyDay|[upkeep]\n|-sideend|p2: aznkiri|move: Tailwind\n|upkeep\n|\n|t:|1776297799\n|switch|p1b: Greninja|Greninja, L50, F, shiny|100/100\n|turn|5\n|\n|t:|1776297823\n|detailschange|p1b: Greninja|Greninja-Mega, L50, F, shiny\n|-mega|p1b: Greninja|Greninja|Greninjite\n|move|p2b: Whimsicott|Tailwind|p2b: Whimsicott\n|-sidestart|p2: aznkiri|move: Tailwind\n|move|p2a: Sneasler|Close Combat|p1b: Greninja\n|-supereffective|p1b: Greninja|1\n|-damage|p1b: Greninja|0 fnt\n|-unboost|p2a: Sneasler|def|1\n|-unboost|p2a: Sneasler|spd|1\n|faint|p1b: Greninja\n|move|p1a: Aegislash|Iron Head|p2b: Whimsicott\n|-supereffective|p2b: Whimsicott|1\n|-damage|p2b: Whimsicott|0 fnt\n|faint|p2b: Whimsicott\n|\n|-weather|SunnyDay|[upkeep]\n|upkeep\n|\n|t:|1776297833\n|switch|p2b: Garchomp|Garchomp, L50, F|100/100\n|turn|6\n|\n|t:|1776297839\n|-formechange|p1a: Aegislash|Aegislash|\n|move|p1a: Aegislash|King's Shield|p1a: Aegislash\n|-singleturn|p1a: Aegislash|Protect\n|move|p2a: Sneasler|Rock Tomb|p1a: Aegislash\n|-activate|p1a: Aegislash|move: Protect\n|move|p2b: Garchomp|Bulldoze|p1a: Aegislash|[spread] p2a\n|-activate|p1a: Aegislash|move: Protect\n|-supereffective|p2a: Sneasler|1\n|-damage|p2a: Sneasler|0 fnt\n|faint|p2a: Sneasler\n|\n|-weather|none\n|upkeep\n|turn|7\n|\n|t:|1776297854\n|move|p2b: Garchomp|Bulldoze|p1a: Aegislash\n|-supereffective|p1a: Aegislash|1\n|-damage|p1a: Aegislash|55/100\n|-unboost|p1a: Aegislash|spe|1\n|-formechange|p1a: Aegislash|Aegislash-Blade|\n|move|p1a: Aegislash|Poltergeist|p2b: Garchomp\n|-activate|p2b: Garchomp|move: Poltergeist|Choice Scarf\n|-damage|p2b: Garchomp|45/100\n|\n|upkeep\n|turn|8\n|\n|t:|1776297863\n|-formechange|p1a: Aegislash|Aegislash|\n|move|p1a: Aegislash|King's Shield|p1a: Aegislash\n|-singleturn|p1a: Aegislash|Protect\n|move|p2b: Garchomp|Bulldoze|p1a: Aegislash\n|-activate|p1a: Aegislash|move: Protect\n|\n|-sideend|p2: aznkiri|move: Tailwind\n|upkeep\n|turn|9\n|\n|t:|1776297870\n|move|p2b: Garchomp|Bulldoze|p1a: Aegislash\n|-supereffective|p1a: Aegislash|1\n|-damage|p1a: Aegislash|7/100\n|-unboost|p1a: Aegislash|spe|1\n|-formechange|p1a: Aegislash|Aegislash-Blade|\n|move|p1a: Aegislash|Poltergeist|p2b: Garchomp\n|-activate|p2b: Garchomp|move: Poltergeist|Choice Scarf\n|-damage|p2b: Garchomp|0 fnt\n|faint|p2b: Garchomp\n|\n|win|Xboxthepokemonguy\n|raw|Xboxthepokemonguy's rating: 1128 &rarr; <strong>1157</strong><br />(+29 for winning)\n|raw|aznkiri's rating: 1185 &rarr; <strong>1156</strong><br />(-29 for losing)\n",
  "uploadtime": 1776297881,
  "views": 22,
  "formatid": "gen9championsvgc2026regma",
  "rating": 1156,
  "private": 0,
  "password": null
}