{
  "id": "gen9championsvgc2026regma-2583722980",
  "format": "[Gen 9 Champions] VGC 2026 Reg M-A",
  "players": [
    "wef45",
    "Jampam2"
  ],
  "log": "|j|\u2606wef45\n|j|\u2606Jampam2\n|t:|1776193294\n|gametype|doubles\n|player|p1|wef45|larry|1128\n|player|p2|Jampam2|cynthia-gen4|1120\n|gen|9\n|tier|[Gen 9 Champions] VGC 2026 Reg M-A\n|rated|\n|rule|Species Clause: Limit one of each Pok\u00e9mon\n|rule|Item Clause: Limit 1 of each item\n|clearpoke\n|poke|p1|Floette-Eternal, L50, F|\n|poke|p1|Blastoise, L50, F|\n|poke|p1|Talonflame, L50, F|\n|poke|p1|Sneasler, L50, M|\n|poke|p1|Basculegion, L50, M|\n|poke|p1|Maushold-Four, L50|\n|poke|p2|Greninja-*, L50, M|\n|poke|p2|Dragapult, L50, M|\n|poke|p2|Incineroar, L50, M|\n|poke|p2|Meowscarada, L50, F|\n|poke|p2|Lucario, L50, M|\n|poke|p2|Espeon, L50, M|\n|teampreview|4\n|\n|t:|1776193314\n|teamsize|p1|4\n|teamsize|p2|4\n|start\n|switch|p1a: Talonflame|Talonflame, L50, F|100/100\n|switch|p1b: Blastoise|Blastoise, L50, F|100/100\n|switch|p2a: Lucario|Lucario, L50, M|100/100\n|switch|p2b: Greninja|Greninja, L50, M|100/100\n|turn|1\n|inactive|Battle timer is ON: inactive players will automatically lose when time's up. (requested by wef45)\n|\n|t:|1776193344\n|switch|p2b: Incineroar|Incineroar, L50, M|100/100\n|-ability|p2b: Incineroar|Intimidate|boost\n|-unboost|p1a: Talonflame|atk|1\n|-unboost|p1b: Blastoise|atk|1\n|detailschange|p2a: Lucario|Lucario-Mega, L50, M\n|-mega|p2a: Lucario|Lucario|Lucarionite\n|detailschange|p1b: Blastoise|Blastoise-Mega, L50, F\n|-mega|p1b: Blastoise|Blastoise|Blastoisinite\n|move|p1a: Talonflame|Upper Hand||[still]\n|-fail|p1a: Talonflame\n|move|p1b: Blastoise|Fake Out|p2a: Lucario\n|-resisted|p2a: Lucario|1\n|-damage|p2a: Lucario|97/100\n|cant|p2a: Lucario|flinch\n|\n|upkeep\n|turn|2\n|\n|t:|1776193366\n|move|p1a: Talonflame|Tailwind|p1a: Talonflame\n|-sidestart|p1: wef45|move: Tailwind\n|move|p1b: Blastoise|Water Spout|p2b: Incineroar|[spread] p2a,p2b\n|-supereffective|p2b: Incineroar|1\n|-damage|p2a: Lucario|5/100\n|-damage|p2b: Incineroar|0 fnt\n|faint|p2b: Incineroar\n|move|p2a: Lucario|Close Combat|p1b: Blastoise\n|-damage|p1b: Blastoise|9/100\n|-unboost|p2a: Lucario|def|1\n|-unboost|p2a: Lucario|spd|1\n|\n|upkeep\n|\n|t:|1776193371\n|switch|p2b: Greninja|Greninja, L50, M|100/100\n|turn|3\n|\n|t:|1776193384\n|move|p1a: Talonflame|Upper Hand|p2b: Greninja\n|-supereffective|p2b: Greninja|1\n|-damage|p2b: Greninja|62/100\n|cant|p2b: Greninja|flinch\n|move|p2a: Lucario|Bullet Punch|p1b: Blastoise\n|-resisted|p1b: Blastoise|1\n|-damage|p1b: Blastoise|0 fnt\n|faint|p1b: Blastoise\n|\n|upkeep\n|inactive|wef45 has 30 seconds left.\n|\n|t:|1776193412\n|switch|p1b: Basculegion|Basculegion, L50, M|100/100\n|turn|4\n|\n|t:|1776193433\n|move|p1a: Talonflame|Dual Wingbeat|p2b: Greninja\n|-damage|p2b: Greninja|38/100\n|-damage|p2b: Greninja|13/100\n|-hitcount|p2b: Greninja|2\n|move|p1b: Basculegion|Flip Turn|p2b: Greninja\n|-resisted|p2b: Greninja|1\n|-damage|p2b: Greninja|0 fnt\n|faint|p2b: Greninja\n|\n|t:|1776193441\n|switch|p1b: Maushold|Maushold-Four, L50|100/100|[from] Flip Turn\n|move|p2a: Lucario|Meteor Mash|p1b: Maushold|[miss]\n|-miss|p2a: Lucario|p1b: Maushold\n|\n|upkeep\n|\n|t:|1776193449\n|switch|p2b: Dragapult|Dragapult, L50, M|100/100\n|turn|5\n|\n|t:|1776193465\n|move|p1b: Maushold|Follow Me|p1b: Maushold\n|-singleturn|p1b: Maushold|move: Follow Me\n|move|p1a: Talonflame|Dual Wingbeat|p2a: Lucario\n|-damage|p2a: Lucario|0 fnt\n|faint|p2a: Lucario\n|-hitcount|p2: Lucario|1\n|move|p2b: Dragapult|Dragon Dance|p2b: Dragapult\n|-boost|p2b: Dragapult|atk|1\n|-boost|p2b: Dragapult|spe|1\n|\n|-sideend|p1: wef45|move: Tailwind\n|upkeep\n|turn|6\n|\n|t:|1776193480\n|move|p1a: Talonflame|Tailwind|p1a: Talonflame\n|-sidestart|p1: wef45|move: Tailwind\n|move|p1b: Maushold|Taunt|p2b: Dragapult\n|-start|p2b: Dragapult|move: Taunt\n|move|p2b: Dragapult|Dragon Darts|p1a: Talonflame\n|-damage|p1a: Talonflame|59/100\n|-anim|p2b: Dragapult|Dragon Darts|p1b: Maushold\n|-damage|p1b: Maushold|57/100\n|\n|upkeep\n|turn|7\n|\n|t:|1776193495\n|move|p1b: Maushold|Follow Me|p1b: Maushold\n|-singleturn|p1b: Maushold|move: Follow Me\n|move|p1a: Talonflame|Dual Wingbeat|p2b: Dragapult\n|-damage|p2b: Dragapult|82/100\n|-damage|p2b: Dragapult|65/100\n|-hitcount|p2b: Dragapult|2\n|move|p2b: Dragapult|Dragon Darts|p1b: Maushold\n|-damage|p1b: Maushold|14/100\n|-anim|p2b: Dragapult|Dragon Darts|p1b: Maushold\n|-damage|p1b: Maushold|0 fnt\n|faint|p1b: Maushold\n|\n|upkeep\n|\n|t:|1776193500\n|switch|p1b: Basculegion|Basculegion, L50, M|100/100\n|turn|8\n|\n|t:|1776193504\n|move|p1b: Basculegion|Last Respects|p2b: Dragapult\n|-supereffective|p2b: Dragapult|1\n|-damage|p2b: Dragapult|0 fnt\n|faint|p2b: Dragapult\n|\n|win|wef45\n|raw|wef45's rating: 1128 &rarr; <strong>1152</strong><br />(+24 for winning)\n|raw|Jampam2's rating: 1120 &rarr; <strong>1096</strong><br />(-24 for losing)\n|l|\u2606Jampam2\n|player|p2|\n",
  "uploadtime": 1776193530,
  "views": 17,
  "formatid": "gen9championsvgc2026regma",
  "rating": 1096,
  "private": 0,
  "password": null
}