{
  "id": "gen9championsvgc2026regma-2587381478",
  "format": "[Gen 9 Champions] VGC 2026 Reg M-A",
  "players": [
    "AidzPlayz",
    "1 not 2"
  ],
  "log": "|j|\u2606AidzPlayz\n|j|\u26061 not 2\n|t:|1776527076\n|gametype|doubles\n|player|p1|AidzPlayz|ghetsis-gen5bw|1383\n|player|p2|1 not 2|102|1290\n|gen|9\n|tier|[Gen 9 Champions] VGC 2026 Reg M-A\n|rated|\n|rule|Species Clause: Limit one of each Pok\u00e9mon\n|rule|Item Clause: Limit 1 of each item\n|clearpoke\n|poke|p1|Aerodactyl, L50, F|\n|poke|p1|Incineroar, L50, M|\n|poke|p1|Floette-Eternal, L50, F|\n|poke|p1|Basculegion, L50, M|\n|poke|p1|Garchomp, L50, M|\n|poke|p1|Sneasler, L50, M|\n|poke|p2|Crabominable, L50, F|\n|poke|p2|Sinistcha, L50|\n|poke|p2|Sneasler, L50, F, shiny|\n|poke|p2|Floette-Eternal, L50, F|\n|poke|p2|Basculegion, L50, M, shiny|\n|poke|p2|Incineroar, L50, F|\n|teampreview|4\n|inactive|Battle timer is ON: inactive players will automatically lose when time's up. (requested by AidzPlayz)\n|\n|t:|1776527112\n|teamsize|p1|4\n|teamsize|p2|4\n|start\n|switch|p1a: Incineroar|Incineroar, L50, M|100/100\n|switch|p1b: Floette|Floette-Eternal, L50, F|100/100\n|switch|p2a: Sneasler|Sneasler, L50, F, shiny|100/100\n|switch|p2b: Sinistcha|Sinistcha, L50|100/100\n|-ability|p1a: Incineroar|Intimidate|boost\n|-unboost|p2a: Sneasler|atk|1\n|-unboost|p2b: Sinistcha|atk|1\n|-enditem|p2a: Sneasler|White Herb\n|-clearnegativeboost|p2a: Sneasler|[silent]\n|turn|1\n|inactive|AidzPlayz has 30 seconds left.\n|inactive|AidzPlayz has 20 seconds left.\n|\n|t:|1776527148\n|detailschange|p1b: Floette|Floette-Mega, L50, F\n|-mega|p1b: Floette|Floette|Floettite\n|-ability|p1b: Floette|Fairy Aura\n|move|p2a: Sneasler|Fake Out|p1a: Incineroar\n|-crit|p1a: Incineroar\n|-damage|p1a: Incineroar|82/100\n|cant|p1a: Incineroar|flinch\n|move|p1b: Floette|Dazzling Gleam|p2a: Sneasler|[spread] p2a,p2b\n|-damage|p2a: Sneasler|35/100\n|-damage|p2b: Sinistcha|59/100\n|move|p2b: Sinistcha|Trick Room|p2b: Sinistcha\n|-fieldstart|move: Trick Room|[of] p2b: Sinistcha\n|\n|upkeep\n|turn|2\n|inactive|AidzPlayz has 30 seconds left.\n|inactive|1 not 2 has 30 seconds left.\n|inactive|AidzPlayz has 20 seconds left.\n|inactive|1 not 2 has 20 seconds left.\n|inactive|1 not 2 has 15 seconds left.\n|inactive|1 not 2 has 10 seconds left.\n|inactive|1 not 2 has 5 seconds left.\n|\n|t:|1776527203\n|move|p1a: Incineroar|Parting Shot|p2a: Sneasler\n|-unboost|p2a: Sneasler|atk|1\n|-unboost|p2a: Sneasler|spa|1\n|\n|t:|1776527208\n|switch|p1a: Sneasler|Sneasler, L50, M|100/100|[from] Parting Shot\n|move|p2b: Sinistcha|Matcha Gotcha|p1b: Floette|[spread] p1a,p1b\n|-resisted|p1a: Sneasler|1\n|-damage|p1a: Sneasler|83/100\n|-heal|p2b: Sinistcha|67/100|[from] drain|[of] p1a: Sneasler\n|-damage|p1b: Floette|81/100\n|-heal|p2b: Sinistcha|75/100|[from] drain|[of] p1b: Floette\n|move|p1b: Floette|Dazzling Gleam|p2b: Sinistcha|[spread] p2a,p2b\n|-damage|p2a: Sneasler|0 fnt\n|-damage|p2b: Sinistcha|35/100\n|faint|p2a: Sneasler\n|\n|upkeep\n|inactive|1 not 2 has 30 seconds left.\n|\n|t:|1776527239\n|switch|p2a: Floette|Floette-Eternal, L50, F|100/100\n|turn|3\n|\n|t:|1776527252\n|detailschange|p2a: Floette|Floette-Mega, L50, F\n|-mega|p2a: Floette|Floette|Floettite\n|-ability|p2a: Floette|Fairy Aura\n|move|p1b: Floette|Protect|p1b: Floette\n|-singleturn|p1b: Floette|Protect\n|move|p2b: Sinistcha|Rage Powder|p2b: Sinistcha\n|-singleturn|p2b: Sinistcha|move: Rage Powder\n|move|p2a: Floette|Dazzling Gleam|p1b: Floette|[spread] p1a\n|-activate|p1b: Floette|move: Protect\n|-damage|p1a: Sneasler|25/100\n|move|p1a: Sneasler|Dire Claw|p2b: Sinistcha\n|-damage|p2b: Sinistcha|0 fnt\n|faint|p2b: Sinistcha\n|\n|upkeep\n|inactive|1 not 2 has 30 seconds left.\n|\n|t:|1776527285\n|switch|p2b: Crabominable|Crabominable, L50, F|100/100\n|turn|4\n|inactive|1 not 2 has 30 seconds left.\n|\n|t:|1776527316\n|switch|p1a: Incineroar|Incineroar, L50, M|82/100\n|-ability|p1a: Incineroar|Intimidate|boost\n|-unboost|p2a: Floette|atk|1\n|-fail|p2b: Crabominable|unboost|Attack|[from] ability: Hyper Cutter|[of] p2b: Crabominable\n|move|p1b: Floette|Protect||[still]\n|-fail|p1b: Floette\n|move|p2b: Crabominable|Ice Hammer|p1b: Floette\n|-damage|p1b: Floette|1/100\n|-unboost|p2b: Crabominable|spe|1\n|move|p2a: Floette|Moonblast|p1b: Floette\n|-damage|p1b: Floette|0 fnt\n|faint|p1b: Floette\n|\n|upkeep\n|\n|t:|1776527338\n|switch|p1b: Garchomp|Garchomp, L50, M|100/100\n|turn|5\n|\n|t:|1776527351\n|move|p1b: Garchomp|Protect|p1b: Garchomp\n|-singleturn|p1b: Garchomp|Protect\n|move|p2b: Crabominable|Drain Punch|p1a: Incineroar\n|-supereffective|p1a: Incineroar|1\n|-crit|p1a: Incineroar\n|-damage|p1a: Incineroar|0 fnt\n|faint|p1a: Incineroar\n|move|p2a: Floette|Moonblast|p1b: Garchomp\n|-activate|p1b: Garchomp|move: Protect\n|\n|-fieldend|move: Trick Room\n|upkeep\n|\n|t:|1776527361\n|switch|p1a: Sneasler|Sneasler, L50, M|25/100\n|turn|6\n|inactive|AidzPlayz has 30 seconds left.\n|\n|t:|1776527387\n|move|p2b: Crabominable|Mach Punch|p1a: Sneasler\n|-resisted|p1a: Sneasler|1\n|-damage|p1a: Sneasler|4/100\n|move|p1a: Sneasler|Dire Claw|p2a: Floette\n|-supereffective|p2a: Floette|1\n|-damage|p2a: Floette|13/100\n|move|p2a: Floette|Moonblast|p1b: Garchomp\n|-supereffective|p1b: Garchomp|1\n|-crit|p1b: Garchomp\n|-damage|p1b: Garchomp|0 fnt\n|faint|p1b: Garchomp\n|\n|upkeep\n|turn|7\n|c|\u2606AidzPlayz|ok bro\n|-message|AidzPlayz forfeited.\n|\n|win|1 not 2\n|raw|AidzPlayz's rating: 1383 &rarr; <strong>1358</strong><br />(-25 for losing)\n|raw|1 not 2's rating: 1290 &rarr; <strong>1322</strong><br />(+32 for winning)\n",
  "uploadtime": 1776527409,
  "views": 28,
  "formatid": "gen9championsvgc2026regma",
  "rating": 1322,
  "private": 0,
  "password": null
}