{
  "id": "gen9championsvgc2026regma-2588521834",
  "format": "[Gen 9 Champions] VGC 2026 Reg M-A",
  "players": [
    "Charliemander2030",
    "bosilek"
  ],
  "log": "|j|\u2606Charliemander2030\n|j|\u2606bosilek\n|t:|1776641270\n|gametype|doubles\n|player|p1|Charliemander2030|265|1322\n|player|p2|bosilek|169|1420\n|gen|9\n|tier|[Gen 9 Champions] VGC 2026 Reg M-A\n|rated|\n|rule|Species Clause: Limit one of each Pok\u00e9mon\n|rule|Item Clause: Limit 1 of each item\n|clearpoke\n|poke|p1|Floette-Eternal, L50, F|\n|poke|p1|Garchomp, L50, F|\n|poke|p1|Kingambit, L50, F|\n|poke|p1|Basculegion, L50, M|\n|poke|p1|Sneasler, L50, M|\n|poke|p1|Froslass, L50, F|\n|poke|p2|Gengar, L50, M|\n|poke|p2|Incineroar, L50, M|\n|poke|p2|Sinistcha, L50|\n|poke|p2|Aerodactyl, L50, F|\n|poke|p2|Kingambit, L50, M|\n|poke|p2|Kommo-o, L50, F|\n|teampreview|4\n|\n|t:|1776641319\n|teamsize|p1|4\n|teamsize|p2|4\n|start\n|switch|p1a: Kingambit|Kingambit, L50, F|100/100\n|switch|p1b: Sneasler|Sneasler, L50, M|100/100\n|switch|p2a: Aerodactyl|Aerodactyl, L50, F|100/100\n|switch|p2b: Gengar|Gengar, L50, M|100/100\n|-ability|p2a: Aerodactyl|Unnerve\n|turn|1\n|\n|t:|1776641331\n|detailschange|p2b: Gengar|Gengar-Mega, L50, M\n|-mega|p2b: Gengar|Gengar|Gengarite\n|move|p2a: Aerodactyl|Protect|p2a: Aerodactyl\n|-singleturn|p2a: Aerodactyl|Protect\n|move|p2b: Gengar|Protect|p2b: Gengar\n|-singleturn|p2b: Gengar|Protect\n|move|p1b: Sneasler|Fake Out|p2a: Aerodactyl\n|-activate|p2a: Aerodactyl|move: Protect\n|move|p1a: Kingambit|Kowtow Cleave|p2b: Gengar\n|-activate|p2b: Gengar|move: Protect\n|\n|upkeep\n|turn|2\n|\n|t:|1776641355\n|move|p2a: Aerodactyl|Dual Wingbeat|p1b: Sneasler|[miss]\n|-miss|p2a: Aerodactyl|p1b: Sneasler\n|move|p2b: Gengar|Substitute|p2b: Gengar\n|-start|p2b: Gengar|Substitute\n|-damage|p2b: Gengar|76/100\n|move|p1b: Sneasler|Close Combat|p2a: Aerodactyl\n|-enditem|p2a: Aerodactyl|Focus Sash\n|-damage|p2a: Aerodactyl|1/100\n|-unboost|p1b: Sneasler|def|1\n|-unboost|p1b: Sneasler|spd|1\n|-status|p2a: Aerodactyl|psn|[from] ability: Poison Touch|[of] p1b: Sneasler\n|move|p1a: Kingambit|Kowtow Cleave|p2b: Gengar\n|-supereffective|p2b: Gengar|1\n|-end|p2b: Gengar|Substitute\n|\n|-damage|p2a: Aerodactyl|0 fnt|[from] psn\n|faint|p2a: Aerodactyl\n|upkeep\n|inactive|Battle timer is ON: inactive players will automatically lose when time's up. (requested by Charliemander2030)\n|\n|t:|1776641369\n|switch|p2a: Incineroar|Incineroar, L50, M|100/100\n|-ability|p2a: Incineroar|Intimidate|boost\n|-unboost|p1a: Kingambit|atk|1\n|-ability|p1a: Kingambit|Defiant|boost\n|-boost|p1a: Kingambit|atk|2\n|-unboost|p1b: Sneasler|atk|1\n|turn|3\n|\n|t:|1776641391\n|move|p1b: Sneasler|Protect|p1b: Sneasler\n|-singleturn|p1b: Sneasler|Protect\n|move|p1a: Kingambit|Protect|p1a: Kingambit\n|-singleturn|p1a: Kingambit|Protect\n|move|p2a: Incineroar|Fake Out|p1a: Kingambit\n|-activate|p1a: Kingambit|move: Protect\n|move|p2b: Gengar|Perish Song|p2b: Gengar\n|-start|p1a: Kingambit|perish3|[silent]\n|-start|p1b: Sneasler|perish3|[silent]\n|-start|p2a: Incineroar|perish3|[silent]\n|-start|p2b: Gengar|perish3|[silent]\n|-fieldactivate|move: Perish Song\n|\n|-start|p2b: Gengar|perish3\n|-start|p1b: Sneasler|perish3\n|-start|p2a: Incineroar|perish3\n|-start|p1a: Kingambit|perish3\n|upkeep\n|turn|4\n|\n|t:|1776641415\n|move|p2b: Gengar|Protect|p2b: Gengar\n|-singleturn|p2b: Gengar|Protect\n|move|p2a: Incineroar|Protect|p2a: Incineroar\n|-singleturn|p2a: Incineroar|Protect\n|move|p1b: Sneasler|Close Combat|p2a: Incineroar\n|-activate|p2a: Incineroar|move: Protect\n|move|p1a: Kingambit|Low Kick|p2a: Incineroar\n|-activate|p2a: Incineroar|move: Protect\n|\n|-start|p2b: Gengar|perish2\n|-start|p1b: Sneasler|perish2\n|-start|p2a: Incineroar|perish2\n|-start|p1a: Kingambit|perish2\n|upkeep\n|turn|5\n|inactive|bosilek has 30 seconds left.\n|\n|t:|1776641448\n|switch|p2b: Kingambit|Kingambit, L50, M|100/100\n|move|p1b: Sneasler|Dire Claw|p2b: Kingambit\n|-immune|p2b: Kingambit\n|move|p2a: Incineroar|Parting Shot|p1b: Sneasler\n|-unboost|p1b: Sneasler|atk|1\n|-unboost|p1b: Sneasler|spa|1\n|\n|t:|1776641457\n|switch|p2a: Gengar|Gengar-Mega, L50, M|76/100|[from] Parting Shot\n|move|p1a: Kingambit|Kowtow Cleave|p2b: Kingambit\n|-resisted|p2b: Kingambit|1\n|-damage|p2b: Kingambit|72/100\n|\n|-start|p1b: Sneasler|perish1\n|-start|p1a: Kingambit|perish1\n|upkeep\n|turn|6\n|inactive|Charliemander2030 has 30 seconds left.\n|inactive|Charliemander2030 has 20 seconds left.\n|\n|t:|1776641492\n|move|p2a: Gengar|Protect|p2a: Gengar\n|-singleturn|p2a: Gengar|Protect\n|move|p2b: Kingambit|Protect|p2b: Kingambit\n|-singleturn|p2b: Kingambit|Protect\n|move|p1b: Sneasler|Close Combat|p2b: Kingambit\n|-activate|p2b: Kingambit|move: Protect\n|move|p1a: Kingambit|Low Kick|p2b: Kingambit\n|-activate|p2b: Kingambit|move: Protect\n|\n|-start|p1b: Sneasler|perish0\n|-start|p1a: Kingambit|perish0\n|faint|p1b: Sneasler\n|faint|p1a: Kingambit\n|upkeep\n|\n|t:|1776641497\n|switch|p1b: Floette|Floette-Eternal, L50, F|100/100\n|switch|p1a: Garchomp|Garchomp, L50, F|100/100\n|turn|7\n|inactive|Charliemander2030 has 30 seconds left.\n|\n|t:|1776641523\n|switch|p2b: Incineroar|Incineroar, L50, M|100/100\n|-ability|p2b: Incineroar|Intimidate|boost\n|-unboost|p1a: Garchomp|atk|1\n|-unboost|p1b: Floette|atk|1\n|detailschange|p1b: Floette|Floette-Mega, L50, F\n|-mega|p1b: Floette|Floette|Floettite\n|-ability|p1b: Floette|Fairy Aura\n|move|p2a: Gengar|Perish Song|p2a: Gengar\n|-start|p1a: Garchomp|perish3|[silent]\n|-start|p1b: Floette|perish3|[silent]\n|-start|p2a: Gengar|perish3|[silent]\n|-start|p2b: Incineroar|perish3|[silent]\n|-fieldactivate|move: Perish Song\n|move|p1b: Floette|Moonblast|p2a: Gengar\n|-resisted|p2a: Gengar|1\n|-damage|p2a: Gengar|29/100\n|move|p1a: Garchomp|Dragon Claw|p2a: Gengar\n|-damage|p2a: Gengar|0 fnt\n|faint|p2a: Gengar\n|\n|-start|p1b: Floette|perish3\n|-start|p1a: Garchomp|perish3\n|-start|p2b: Incineroar|perish3\n|upkeep\n|\n|t:|1776641542\n|switch|p2a: Kingambit|Kingambit, L50, M|72/100\n|turn|8\n|\n|t:|1776641551\n|move|p2b: Incineroar|Fake Out|p1a: Garchomp\n|-crit|p1a: Garchomp\n|-damage|p1a: Garchomp|87/100\n|-damage|p2b: Incineroar|88/100|[from] ability: Rough Skin|[of] p1a: Garchomp\n|move|p1b: Floette|Dazzling Gleam|p2b: Incineroar|[spread] p2a,p2b\n|-damage|p2a: Kingambit|20/100\n|-damage|p2b: Incineroar|55/100\n|cant|p1a: Garchomp|flinch\n|move|p2a: Kingambit|Iron Head|p1b: Floette\n|-supereffective|p1b: Floette|1\n|-damage|p1b: Floette|0 fnt\n|faint|p1b: Floette\n|\n|-start|p1a: Garchomp|perish2\n|-start|p2b: Incineroar|perish2\n|upkeep\n|turn|9\n|inactive|bosilek has 30 seconds left.\n|\n|t:|1776641580\n|move|p2b: Incineroar|Protect|p2b: Incineroar\n|-singleturn|p2b: Incineroar|Protect\n|move|p2a: Kingambit|Protect|p2a: Kingambit\n|-singleturn|p2a: Kingambit|Protect\n|move|p1a: Garchomp|Earthquake|p2b: Incineroar|[spread] \n|-activate|p2a: Kingambit|move: Protect\n|-activate|p2b: Incineroar|move: Protect\n|\n|-start|p1a: Garchomp|perish1\n|-start|p2b: Incineroar|perish1\n|upkeep\n|turn|10\n|\n|t:|1776641601\n|move|p2a: Kingambit|Protect||[still]\n|-fail|p2a: Kingambit\n|move|p1a: Garchomp|Earthquake|p2a: Kingambit|[spread] p2a,p2b\n|-supereffective|p2a: Kingambit|1\n|-supereffective|p2b: Incineroar|1\n|-enditem|p2b: Incineroar|Shuca Berry|[eat]\n|-enditem|p2b: Incineroar|Shuca Berry|[weaken]\n|-damage|p2a: Kingambit|0 fnt\n|-damage|p2b: Incineroar|34/100\n|faint|p2a: Kingambit\n|move|p2b: Incineroar|Parting Shot|p1a: Garchomp\n|-unboost|p1a: Garchomp|atk|1\n|-unboost|p1a: Garchomp|spa|1\n|\n|-start|p1a: Garchomp|perish0\n|-start|p2b: Incineroar|perish0\n|upkeep\n|faint|p1a: Garchomp\n|faint|p2b: Incineroar\n|\n|win|bosilek\n|raw|Charliemander2030's rating: 1322 &rarr; <strong>1307</strong><br />(-15 for losing)\n|raw|bosilek's rating: 1420 &rarr; <strong>1435</strong><br />(+15 for winning)\n",
  "uploadtime": 1776641608,
  "views": 9,
  "formatid": "gen9championsvgc2026regma",
  "rating": 1307,
  "private": 0,
  "password": null
}