{
  "id": "gen9championsvgc2026regma-2585656371",
  "format": "[Gen 9 Champions] VGC 2026 Reg M-A",
  "players": [
    "londi g",
    "dkapflzksh"
  ],
  "log": "|j|\u2606londi g\n|j|\u2606dkapflzksh\n|t:|1776361652\n|gametype|doubles\n|player|p1|londi g|colress|1376\n|player|p2|dkapflzksh|scientist-gen4dp|1469\n|gen|9\n|tier|[Gen 9 Champions] VGC 2026 Reg M-A\n|rated|\n|rule|Species Clause: Limit one of each Pok\u00e9mon\n|rule|Item Clause: Limit 1 of each item\n|clearpoke\n|poke|p1|Froslass, L50, F|\n|poke|p1|Rotom-Frost, L50|\n|poke|p1|Incineroar, L50, F|\n|poke|p1|Garchomp, L50, M|\n|poke|p1|Skarmory, L50, F|\n|poke|p1|Kingambit, L50, F|\n|poke|p2|Basculegion, L50, M|\n|poke|p2|Dragonite, L50, F|\n|poke|p2|Archaludon, L50, F|\n|poke|p2|Pelipper, L50, F|\n|poke|p2|Floette-Eternal, L50, F|\n|poke|p2|Kingambit, L50, M|\n|teampreview|4\n|c|\u2606londi g|gl\n|inactive|Battle timer is ON: inactive players will automatically lose when time's up. (requested by dkapflzksh)\n|\n|t:|1776361695\n|teamsize|p1|4\n|teamsize|p2|4\n|start\n|switch|p1a: Froslass|Froslass, L50, F|100/100\n|switch|p1b: Rotom|Rotom-Frost, L50|100/100\n|switch|p2a: Basculegion|Basculegion, L50, M, shiny|100/100\n|switch|p2b: Pelipper|Pelipper, L50, F, shiny|100/100\n|-weather|RainDance|[from] ability: Drizzle|[of] p2b: Pelipper\n|turn|1\n|inactive|dkapflzksh has 30 seconds left.\n|\n|t:|1776361730\n|switch|p2b: Kingambit|Kingambit, L50, M, shiny|100/100\n|detailschange|p1a: Froslass|Froslass-Mega, L50, F\n|-mega|p1a: Froslass|Froslass|Froslassite\n|-weather|Snowscape|[from] ability: Snow Warning|[of] p1a: Froslass\n|move|p1b: Rotom|Electroweb|p2b: Kingambit|[spread] p2a,p2b\n|-supereffective|p2a: Basculegion|1\n|-damage|p2a: Basculegion|60/100\n|-damage|p2b: Kingambit|82/100\n|-unboost|p2a: Basculegion|spe|1\n|-unboost|p2b: Kingambit|spe|1\n|-ability|p2b: Kingambit|Defiant|boost\n|-boost|p2b: Kingambit|atk|2\n|move|p1a: Froslass|Shadow Ball|p2a: Basculegion\n|-supereffective|p2a: Basculegion|1\n|-damage|p2a: Basculegion|0 fnt\n|faint|p2a: Basculegion\n|\n|-weather|Snowscape|[upkeep]\n|upkeep\n|\n|t:|1776361748\n|switch|p2a: Pelipper|Pelipper, L50, F, shiny|100/100\n|-weather|RainDance|[from] ability: Drizzle|[of] p2a: Pelipper\n|turn|2\n|inactive|londi g has 30 seconds left.\n|inactive|dkapflzksh has 30 seconds left.\n|inactive|dkapflzksh has 20 seconds left.\n|inactive|londi g has 20 seconds left.\n|inactive|dkapflzksh has 15 seconds left.\n|\n|t:|1776361792\n|switch|p1b: Garchomp|Garchomp, L50, M|100/100\n|switch|p1a: Kingambit|Kingambit, L50, F|100/100\n|move|p2a: Pelipper|Wide Guard|p2a: Pelipper\n|-singleturn|p2a: Pelipper|Wide Guard\n|move|p2b: Kingambit|Kowtow Cleave|p1a: Kingambit\n|-resisted|p1a: Kingambit|1\n|-damage|p1a: Kingambit|57/100\n|\n|-weather|RainDance|[upkeep]\n|upkeep\n|turn|3\n|\n|t:|1776361815\n|move|p2b: Kingambit|Protect|p2b: Kingambit\n|-singleturn|p2b: Kingambit|Protect\n|move|p1b: Garchomp|Rock Slide|p2a: Pelipper|[spread] p2a\n|-activate|p2b: Kingambit|move: Protect\n|-supereffective|p2a: Pelipper|1\n|-damage|p2a: Pelipper|51/100\n|move|p2a: Pelipper|Tailwind|p2a: Pelipper\n|-sidestart|p2: dkapflzksh|move: Tailwind\n|move|p1a: Kingambit|Low Kick|p2b: Kingambit\n|-activate|p2b: Kingambit|move: Protect\n|\n|-weather|RainDance|[upkeep]\n|upkeep\n|turn|4\n|inactive|londi g has 30 seconds left.\n|inactive|dkapflzksh has 30 seconds left.\n|inactive|dkapflzksh has 20 seconds left.\n|\n|t:|1776361854\n|move|p2b: Kingambit|Sucker Punch|p1b: Garchomp\n|-damage|p1b: Garchomp|15/100\n|-damage|p2b: Kingambit|70/100|[from] ability: Rough Skin|[of] p1b: Garchomp\n|move|p2a: Pelipper|Weather Ball|p1b: Garchomp\n|-damage|p1b: Garchomp|0 fnt\n|faint|p1b: Garchomp\n|move|p1a: Kingambit|Low Kick|p2b: Kingambit\n|-supereffective|p2b: Kingambit|2\n|-enditem|p2b: Kingambit|Chople Berry|[eat]\n|-enditem|p2b: Kingambit|Chople Berry|[weaken]\n|-damage|p2b: Kingambit|12/100\n|\n|-weather|RainDance|[upkeep]\n|upkeep\n|\n|t:|1776361868\n|switch|p1b: Froslass|Froslass-Mega, L50, F|100/100\n|-weather|Snowscape|[from] ability: Snow Warning|[of] p1b: Froslass\n|turn|5\n|\n|t:|1776361884\n|switch|p2a: Archaludon|Archaludon, L50, F, shiny|100/100\n|move|p2b: Kingambit|Protect|p2b: Kingambit\n|-singleturn|p2b: Kingambit|Protect\n|move|p1a: Kingambit|Sucker Punch||[still]\n|-fail|p1a: Kingambit\n|move|p1b: Froslass|Aurora Veil|p1b: Froslass\n|-sidestart|p1: londi g|move: Aurora Veil\n|\n|-weather|Snowscape|[upkeep]\n|upkeep\n|turn|6\n|inactive|dkapflzksh has 30 seconds left.\n|inactive|londi g has 30 seconds left.\n|\n|t:|1776361922\n|switch|p1b: Rotom|Rotom-Frost, L50|100/100\n|move|p2b: Kingambit|Sucker Punch||[still]\n|-fail|p2b: Kingambit\n|move|p2a: Archaludon|Aura Sphere|p1a: Kingambit\n|-supereffective|p1a: Kingambit|2\n|-damage|p1a: Kingambit|0 fnt\n|faint|p1a: Kingambit\n|\n|-weather|Snowscape|[upkeep]\n|-sideend|p2: dkapflzksh|move: Tailwind\n|upkeep\n|\n|t:|1776361929\n|switch|p1a: Froslass|Froslass-Mega, L50, F|100/100\n|turn|7\n|inactive|dkapflzksh has 30 seconds left.\n|\n|t:|1776361955\n|move|p1a: Froslass|Protect|p1a: Froslass\n|-singleturn|p1a: Froslass|Protect\n|move|p2b: Kingambit|Protect|p2b: Kingambit\n|-singleturn|p2b: Kingambit|Protect\n|move|p1b: Rotom|Blizzard|p2b: Kingambit|[spread] p2a\n|-activate|p2b: Kingambit|move: Protect\n|-damage|p2a: Archaludon|63/100\n|-ability|p2a: Archaludon|Stamina|boost\n|-boost|p2a: Archaludon|def|1\n|move|p2a: Archaludon|Dragon Pulse|p1b: Rotom\n|-damage|p1b: Rotom|64/100\n|\n|-weather|Snowscape|[upkeep]\n|-heal|p2a: Archaludon|69/100|[from] item: Leftovers\n|upkeep\n|turn|8\n|inactive|dkapflzksh has 30 seconds left.\n|inactive|londi g has 30 seconds left.\n|inactive|dkapflzksh has 20 seconds left.\n|\n|t:|1776361996\n|switch|p2b: Pelipper|Pelipper, L50, F, shiny|51/100\n|-weather|RainDance|[from] ability: Drizzle|[of] p2b: Pelipper\n|move|p1a: Froslass|Protect||[still]\n|-fail|p1a: Froslass\n|move|p1b: Rotom|Blizzard|p2a: Archaludon|[spread] p2a\n|-miss|p1b: Rotom|p2b: Pelipper\n|-damage|p2a: Archaludon|30/100\n|-ability|p2a: Archaludon|Stamina|boost\n|-boost|p2a: Archaludon|def|1\n|move|p2a: Archaludon|Electro Shot||[still]\n|-prepare|p2a: Archaludon|Electro Shot\n|-boost|p2a: Archaludon|spa|1\n|-anim|p2a: Archaludon|Electro Shot|p1b: Rotom\n|-resisted|p1b: Rotom|1\n|-damage|p1b: Rotom|38/100\n|\n|-weather|RainDance|[upkeep]\n|-heal|p2a: Archaludon|36/100|[from] item: Leftovers\n|upkeep\n|turn|9\n|j| hawdb93\n|inactive|londi g has 30 seconds left.\n|inactive|dkapflzksh has 30 seconds left.\n|\n|t:|1776362024\n|move|p2b: Pelipper|Wide Guard|p2b: Pelipper\n|-singleturn|p2b: Pelipper|Wide Guard\n|move|p1b: Rotom|Blizzard|p2b: Pelipper|[spread] \n|-activate|p2a: Archaludon|move: Wide Guard\n|-activate|p2b: Pelipper|move: Wide Guard\n|move|p1a: Froslass|Shadow Ball|p2b: Pelipper\n|-damage|p2b: Pelipper|0 fnt\n|faint|p2b: Pelipper\n|move|p2a: Archaludon|Electro Shot||[still]\n|-prepare|p2a: Archaludon|Electro Shot\n|-boost|p2a: Archaludon|spa|1\n|-anim|p2a: Archaludon|Electro Shot|p1a: Froslass\n|-damage|p1a: Froslass|35/100\n|\n|-weather|RainDance|[upkeep]\n|-heal|p2a: Archaludon|43/100|[from] item: Leftovers\n|-sideend|p1: londi g|move: Aurora Veil\n|upkeep\n|\n|t:|1776362042\n|switch|p2b: Kingambit|Kingambit, L50, M, shiny|12/100\n|turn|10\n|\n|t:|1776362060\n|move|p2b: Kingambit|Sucker Punch|p1b: Rotom\n|-damage|p1b: Rotom|0 fnt\n|faint|p1b: Rotom\n|move|p1a: Froslass|Blizzard|p2b: Kingambit|[spread] p2b\n|-miss|p1a: Froslass|p2a: Archaludon\n|-resisted|p2b: Kingambit|1\n|-damage|p2b: Kingambit|0 fnt\n|faint|p2b: Kingambit\n|move|p2a: Archaludon|Electro Shot||[still]\n|-prepare|p2a: Archaludon|Electro Shot\n|-boost|p2a: Archaludon|spa|1\n|-anim|p2a: Archaludon|Electro Shot|p1a: Froslass\n|-damage|p1a: Froslass|0 fnt\n|faint|p1a: Froslass\n|\n|win|dkapflzksh\n|raw|londi g's rating: 1376 &rarr; <strong>1361</strong><br />(-15 for losing)\n|raw|dkapflzksh's rating: 1469 &rarr; <strong>1484</strong><br />(+15 for winning)\n",
  "uploadtime": 1776362061,
  "views": 37,
  "formatid": "gen9championsvgc2026regma",
  "rating": 1361,
  "private": 0,
  "password": null
}