{
  "id": "gen9championsvgc2026regma-2587453167",
  "format": "[Gen 9 Champions] VGC 2026 Reg M-A",
  "players": [
    "reisshub",
    "HeHeHoHo123"
  ],
  "log": "|j|\u2606reisshub\n|j|\u2606HeHeHoHo123\n|t:|1776533084\n|gametype|doubles\n|player|p1|reisshub|102|1434\n|player|p2|HeHeHoHo123|101|1515\n|gen|9\n|tier|[Gen 9 Champions] VGC 2026 Reg M-A\n|rated|\n|rule|Species Clause: Limit one of each Pok\u00e9mon\n|rule|Item Clause: Limit 1 of each item\n|clearpoke\n|poke|p1|Scizor, L50, M|\n|poke|p1|Tyranitar, L50, M|\n|poke|p1|Rotom-Wash, L50|\n|poke|p1|Garchomp, L50, M|\n|poke|p1|Basculegion, L50, M|\n|poke|p1|Sylveon, L50, M|\n|poke|p2|Incineroar, L50, M, shiny|\n|poke|p2|Whimsicott, L50, F, shiny|\n|poke|p2|Charizard, L50, M, shiny|\n|poke|p2|Garchomp, L50, M, shiny|\n|poke|p2|Tyranitar, L50, F, shiny|\n|poke|p2|Rotom-Wash, L50, shiny|\n|teampreview|4\n|inactive|Battle timer is ON: inactive players will automatically lose when time's up. (requested by HeHeHoHo123)\n|inactive|reisshub has 60 seconds left.\n|inactive|HeHeHoHo123 has 60 seconds left.\n|inactive|reisshub has 30 seconds left.\n|inactive|reisshub has 20 seconds left.\n|\n|t:|1776533156\n|teamsize|p1|4\n|teamsize|p2|4\n|start\n|switch|p1a: Sylveon|Sylveon, L50, M|100/100\n|switch|p1b: Garchomp|Garchomp, L50, M|100/100\n|switch|p2a: Incineroar|Incineroar, L50, M, shiny|100/100\n|switch|p2b: Charizard|Charizard, L50, M, shiny|100/100\n|-ability|p2a: Incineroar|Intimidate|boost\n|-unboost|p1a: Sylveon|atk|1\n|-unboost|p1b: Garchomp|atk|1\n|turn|1\n|\n|t:|1776533172\n|detailschange|p2b: Charizard|Charizard-Mega-Y, L50, M, shiny\n|-mega|p2b: Charizard|Charizard|Charizardite Y\n|-weather|SunnyDay|[from] ability: Drought|[of] p2b: Charizard\n|move|p1b: Garchomp|Protect|p1b: Garchomp\n|-singleturn|p1b: Garchomp|Protect\n|move|p1a: Sylveon|Protect|p1a: Sylveon\n|-singleturn|p1a: Sylveon|Protect\n|move|p2a: Incineroar|Fake Out|p1b: Garchomp\n|-activate|p1b: Garchomp|move: Protect\n|move|p2b: Charizard|Weather Ball|p1a: Sylveon\n|-activate|p1a: Sylveon|move: Protect\n|\n|-weather|SunnyDay|[upkeep]\n|upkeep\n|turn|2\n|inactive|reisshub has 30 seconds left.\n|\n|t:|1776533201\n|switch|p1b: Tyranitar|Tyranitar, L50, M|100/100\n|-weather|Sandstorm|[from] ability: Sand Stream|[of] p1b: Tyranitar\n|move|p2b: Charizard|Protect|p2b: Charizard\n|-singleturn|p2b: Charizard|Protect\n|move|p1a: Sylveon|Hyper Voice|p2a: Incineroar|[spread] p2a\n|-activate|p2b: Charizard|move: Protect\n|-crit|p2a: Incineroar\n|-damage|p2a: Incineroar|32/100\n|move|p2a: Incineroar|Parting Shot|p1b: Tyranitar\n|-unboost|p1b: Tyranitar|atk|1\n|-unboost|p1b: Tyranitar|spa|1\n|\n|t:|1776533220\n|switch|p2a: Rotom|Rotom-Wash, L50, shiny|100/100|[from] Parting Shot\n|\n|-weather|Sandstorm|[upkeep]\n|-damage|p2b: Charizard|95/100|[from] Sandstorm\n|-damage|p2a: Rotom|95/100|[from] Sandstorm\n|-damage|p1a: Sylveon|94/100|[from] Sandstorm\n|upkeep\n|turn|3\n|\n|t:|1776533232\n|switch|p2b: Whimsicott|Whimsicott, L50, F, shiny|100/100\n|move|p1b: Tyranitar|Protect|p1b: Tyranitar\n|-singleturn|p1b: Tyranitar|Protect\n|move|p2a: Rotom|Will-O-Wisp|p1b: Tyranitar\n|-activate|p1b: Tyranitar|move: Protect\n|move|p1a: Sylveon|Hyper Voice|p2b: Whimsicott|[spread] p2a,p2b\n|-damage|p2a: Rotom|37/100\n|-damage|p2b: Whimsicott|30/100\n|-enditem|p2a: Rotom|Sitrus Berry|[eat]\n|-heal|p2a: Rotom|62/100|[from] item: Sitrus Berry\n|\n|-weather|Sandstorm|[upkeep]\n|-damage|p2a: Rotom|56/100|[from] Sandstorm\n|-damage|p2b: Whimsicott|24/100|[from] Sandstorm\n|-damage|p1a: Sylveon|88/100|[from] Sandstorm\n|upkeep\n|turn|4\n|inactive|reisshub has 30 seconds left.\n|\n|t:|1776533257\n|switch|p1b: Garchomp|Garchomp, L50, M|100/100\n|move|p2a: Rotom|Volt Switch|p1a: Sylveon\n|-damage|p1a: Sylveon|68/100\n|\n|t:|1776533262\n|switch|p2a: Incineroar|Incineroar, L50, M, shiny|32/100|[from] Volt Switch\n|-ability|p2a: Incineroar|Intimidate|boost\n|-unboost|p1a: Sylveon|atk|1\n|-unboost|p1b: Garchomp|atk|1\n|move|p2b: Whimsicott|Moonblast|p1a: Sylveon\n|-damage|p1a: Sylveon|39/100\n|move|p1a: Sylveon|Hyper Voice|p2b: Whimsicott|[spread] p2a,p2b\n|-damage|p2a: Incineroar|0 fnt\n|-damage|p2b: Whimsicott|0 fnt\n|faint|p2a: Incineroar\n|faint|p2b: Whimsicott\n|\n|-weather|Sandstorm|[upkeep]\n|-damage|p1a: Sylveon|33/100|[from] Sandstorm\n|upkeep\n|\n|t:|1776533266\n|switch|p2b: Rotom|Rotom-Wash, L50, shiny|56/100\n|switch|p2a: Charizard|Charizard-Mega-Y, L50, M, shiny|95/100\n|-weather|SunnyDay|[from] ability: Drought|[of] p2a: Charizard\n|turn|5\n|-message|HeHeHoHo123 forfeited.\n|\n|win|reisshub\n|raw|reisshub's rating: 1434 &rarr; <strong>1459</strong><br />(+25 for winning)\n|raw|HeHeHoHo123's rating: 1515 &rarr; <strong>1490</strong><br />(-25 for losing)\n|l|\u2606HeHeHoHo123\n|player|p2|\n|l|\u2606reisshub\n|player|p1|\n",
  "uploadtime": 1776534299,
  "views": 35,
  "formatid": "gen9championsvgc2026regma",
  "rating": 1459,
  "private": 0,
  "password": null
}