{
  "id": "gen9championsvgc2026regma-2584054911",
  "format": "[Gen 9 Champions] VGC 2026 Reg M-A",
  "players": [
    "firexxzz",
    "pokemonyoyoplayer"
  ],
  "log": "|j|\u2606firexxzz\n|j|\u2606pokemonyoyoplayer\n|t:|1776220648\n|gametype|doubles\n|player|p1|firexxzz|roxie-masters|1296\n|player|p2|pokemonyoyoplayer|265|1339\n|gen|9\n|tier|[Gen 9 Champions] VGC 2026 Reg M-A\n|rated|\n|rule|Species Clause: Limit one of each Pok\u00e9mon\n|rule|Item Clause: Limit 1 of each item\n|clearpoke\n|poke|p1|Scovillain, L50, F|\n|poke|p1|Dragapult, L50, M|\n|poke|p1|Gyarados, L50, F|\n|poke|p1|Tyranitar, L50, M|\n|poke|p1|Garchomp, L50, F|\n|poke|p1|Corviknight, L50, F|\n|poke|p2|Sneasler, L50, M|\n|poke|p2|Kingambit, L50, M|\n|poke|p2|Aerodactyl, L50, F|\n|poke|p2|Gardevoir, L50, M|\n|poke|p2|Incineroar, L50, M|\n|poke|p2|Sinistcha, L50|\n|teampreview|4\n|inactive|Battle timer is ON: inactive players will automatically lose when time's up. (requested by firexxzz)\n|inactive|pokemonyoyoplayer has 60 seconds left.\n|\n|t:|1776220714\n|teamsize|p1|4\n|teamsize|p2|4\n|start\n|switch|p1a: Scovillain|Scovillain, L50, F|100/100\n|switch|p1b: Dragapult|Dragapult, L50, M|100/100\n|switch|p2a: Sneasler|Sneasler, L50, M|100/100\n|switch|p2b: Gardevoir|Gardevoir, L50, M|100/100\n|-ability|p2b: Gardevoir|Clear Body|Trace|[from] ability: Trace|[of] p1b: Dragapult\n|turn|1\n|inactive|pokemonyoyoplayer has 30 seconds left.\n|\n|t:|1776220747\n|detailschange|p2b: Gardevoir|Gardevoir-Mega, L50, M\n|-mega|p2b: Gardevoir|Gardevoir|Gardevoirite\n|move|p1a: Scovillain|Protect|p1a: Scovillain\n|-singleturn|p1a: Scovillain|Protect\n|move|p1b: Dragapult|Light Screen|p1b: Dragapult\n|-sidestart|p1: firexxzz|move: Light Screen\n|move|p2a: Sneasler|Dire Claw|p1a: Scovillain\n|-activate|p1a: Scovillain|move: Protect\n|move|p2b: Gardevoir|Psyshock|p1a: Scovillain\n|-activate|p1a: Scovillain|move: Protect\n|\n|-ability|p1a: Scovillain|Moody|boost\n|-boost|p1a: Scovillain|spa|2\n|-unboost|p1a: Scovillain|def|1\n|upkeep\n|turn|2\n|\n|t:|1776220765\n|switch|p1a: Corviknight|Corviknight, L50, F|100/100\n|move|p1b: Dragapult|Reflect|p1b: Dragapult\n|-sidestart|p1: firexxzz|Reflect\n|move|p2a: Sneasler|Dire Claw|p1a: Corviknight\n|-immune|p1a: Corviknight\n|move|p2b: Gardevoir|Hyper Voice|p1a: Corviknight|[spread] p1a,p1b\n|-resisted|p1a: Corviknight|1\n|-supereffective|p1b: Dragapult|1\n|-damage|p1a: Corviknight|83/100\n|-damage|p1b: Dragapult|12/100\n|\n|-heal|p1a: Corviknight|89/100|[from] item: Leftovers\n|upkeep\n|turn|3\n|\n|t:|1776220788\n|move|p1b: Dragapult|Infestation|p2b: Gardevoir\n|-damage|p2b: Gardevoir|96/100\n|-activate|p2b: Gardevoir|move: Infestation|[of] p1b: Dragapult\n|move|p2a: Sneasler|Close Combat|p1a: Corviknight\n|-damage|p1a: Corviknight|62/100\n|-unboost|p2a: Sneasler|def|1\n|-unboost|p2a: Sneasler|spd|1\n|-enditem|p2a: Sneasler|White Herb\n|-clearnegativeboost|p2a: Sneasler|[silent]\n|move|p2b: Gardevoir|Hyper Voice|p1b: Dragapult|[spread] p1a,p1b\n|-resisted|p1a: Corviknight|1\n|-supereffective|p1b: Dragapult|1\n|-damage|p1a: Corviknight|44/100\n|-damage|p1b: Dragapult|0 fnt\n|faint|p1b: Dragapult\n|move|p1a: Corviknight|Tailwind|p1a: Corviknight\n|-sidestart|p1: firexxzz|move: Tailwind\n|\n|-heal|p1a: Corviknight|50/100|[from] item: Leftovers\n|-end|p2b: Gardevoir|Infestation|[partiallytrapped]|[silent]\n|upkeep\n|\n|t:|1776220805\n|switch|p1b: Scovillain|Scovillain, L50, F|100/100\n|turn|4\n|inactive|pokemonyoyoplayer has 30 seconds left.\n|inactive|pokemonyoyoplayer has 20 seconds left.\n|inactive|pokemonyoyoplayer has 15 seconds left.\n|inactive|pokemonyoyoplayer has 10 seconds left.\n|\n|t:|1776220852\n|detailschange|p1b: Scovillain|Scovillain-Mega, L50, F\n|-mega|p1b: Scovillain|Scovillain|Scovillainite\n|move|p2a: Sneasler|Close Combat|p1a: Corviknight\n|-damage|p1a: Corviknight|22/100\n|-unboost|p2a: Sneasler|def|1\n|-unboost|p2a: Sneasler|spd|1\n|move|p1b: Scovillain|Leech Seed|p2b: Gardevoir\n|-start|p2b: Gardevoir|move: Leech Seed\n|move|p1a: Corviknight|Brave Bird|p2a: Sneasler\n|-supereffective|p2a: Sneasler|1\n|-damage|p2a: Sneasler|0 fnt\n|faint|p2a: Sneasler\n|-damage|p1a: Corviknight|0 fnt|[from] Recoil\n|faint|p1a: Corviknight\n|move|p2b: Gardevoir|Hyper Voice|p1b: Scovillain\n|-resisted|p1b: Scovillain|1\n|-damage|p1b: Scovillain|70/100\n|-status|p2b: Gardevoir|brn|[from] ability: Spicy Spray|[of] p1b: Scovillain\n|\n|-damage|p2b: Gardevoir|84/100 brn|[from] Leech Seed|[of] p1b: Scovillain\n|-heal|p1b: Scovillain|82/100|[silent]\n|-damage|p2b: Gardevoir|77/100 brn|[from] brn\n|upkeep\n|inactive|pokemonyoyoplayer has 30 seconds left.\n|\n|t:|1776220882\n|switch|p2a: Incineroar|Incineroar, L50, M|100/100\n|switch|p1a: Garchomp|Garchomp, L50, F|100/100\n|-ability|p2a: Incineroar|Intimidate|boost\n|-unboost|p1a: Garchomp|atk|1\n|-unboost|p1b: Scovillain|atk|1\n|turn|5\n|\n|t:|1776220899\n|switch|p2a: Sinistcha|Sinistcha, L50|100/100\n|-heal|p2b: Gardevoir|100/100 brn|[from] ability: Hospitality|[of] p2a: Sinistcha\n|move|p1a: Garchomp|Rock Slide|p2b: Gardevoir|[spread] p2a,p2b\n|-damage|p2a: Sinistcha|88/100\n|-damage|p2b: Gardevoir|79/100 brn\n|move|p1b: Scovillain|Leech Seed|p2a: Sinistcha\n|-immune|p2a: Sinistcha\n|move|p2b: Gardevoir|Trick Room|p2b: Gardevoir\n|-fieldstart|move: Trick Room|[of] p2b: Gardevoir\n|\n|-damage|p2b: Gardevoir|67/100 brn|[from] Leech Seed|[of] p1b: Scovillain\n|-heal|p1b: Scovillain|94/100|[silent]\n|-damage|p2b: Gardevoir|60/100 brn|[from] brn\n|-sideend|p1: firexxzz|move: Light Screen\n|upkeep\n|turn|6\n|\n|t:|1776220920\n|switch|p2a: Incineroar|Incineroar, L50, M|100/100\n|-ability|p2a: Incineroar|Intimidate|boost\n|-unboost|p1a: Garchomp|atk|1\n|-unboost|p1b: Scovillain|atk|1\n|move|p2b: Gardevoir|Psyshock|p1b: Scovillain\n|-damage|p1b: Scovillain|48/100\n|move|p1b: Scovillain|Leech Seed|p2a: Incineroar\n|-start|p2a: Incineroar|move: Leech Seed\n|move|p1a: Garchomp|Rock Slide|p2a: Incineroar|[spread] p2a,p2b\n|-supereffective|p2a: Incineroar|1\n|-damage|p2a: Incineroar|83/100\n|-damage|p2b: Gardevoir|44/100 brn\n|\n|-damage|p2a: Incineroar|70/100|[from] Leech Seed|[of] p1b: Scovillain\n|-heal|p1b: Scovillain|63/100|[silent]\n|-damage|p2b: Gardevoir|32/100 brn|[from] Leech Seed|[of] p1b: Scovillain\n|-heal|p1b: Scovillain|74/100|[silent]\n|-damage|p2b: Gardevoir|25/100 brn|[from] brn\n|-sideend|p1: firexxzz|Reflect\n|-sideend|p1: firexxzz|move: Tailwind\n|upkeep\n|turn|7\n|\n|t:|1776220944\n|switch|p2b: Sinistcha|Sinistcha, L50|88/100\n|-heal|p2a: Incineroar|95/100|[from] ability: Hospitality|[of] p2b: Sinistcha\n|move|p1b: Scovillain|Protect|p1b: Scovillain\n|-singleturn|p1b: Scovillain|Protect\n|move|p2a: Incineroar|Flare Blitz|p1b: Scovillain\n|-activate|p1b: Scovillain|move: Protect\n|move|p1a: Garchomp|Rock Slide|p2a: Incineroar|[spread] p2a,p2b\n|-supereffective|p2a: Incineroar|1\n|-crit|p2a: Incineroar\n|-damage|p2a: Incineroar|41/100\n|-damage|p2b: Sinistcha|77/100\n|\n|-damage|p2a: Incineroar|28/100|[from] Leech Seed|[of] p1b: Scovillain\n|-heal|p1b: Scovillain|89/100|[silent]\n|upkeep\n|turn|8\n|inactive|pokemonyoyoplayer has 30 seconds left.\n|inactive|pokemonyoyoplayer has 20 seconds left.\n|\n|t:|1776220981\n|move|p2a: Incineroar|Parting Shot|p1b: Scovillain\n|-unboost|p1b: Scovillain|atk|1\n|-unboost|p1b: Scovillain|spa|1\n|\n|t:|1776220985\n|switch|p2a: Gardevoir|Gardevoir-Mega, L50, M|25/100 brn|[from] Parting Shot\n|move|p2b: Sinistcha|Matcha Gotcha|p1a: Garchomp|[spread] p1a,p1b\n|-resisted|p1b: Scovillain|2\n|-damage|p1a: Garchomp|74/100\n|-heal|p2b: Sinistcha|92/100|[from] drain|[of] p1a: Garchomp\n|-damage|p1b: Scovillain|81/100\n|-heal|p2b: Sinistcha|96/100|[from] drain|[of] p1b: Scovillain\n|-status|p2b: Sinistcha|brn|[from] ability: Spicy Spray|[of] p1b: Scovillain\n|move|p1b: Scovillain|Flamethrower|p2b: Sinistcha\n|-supereffective|p2b: Sinistcha|1\n|-damage|p2b: Sinistcha|41/100 brn\n|-enditem|p2b: Sinistcha|Sitrus Berry|[eat]\n|-heal|p2b: Sinistcha|66/100 brn|[from] item: Sitrus Berry\n|move|p1a: Garchomp|Rock Slide|p2a: Gardevoir|[spread] p2a,p2b\n|-damage|p2a: Gardevoir|11/100 brn\n|-damage|p2b: Sinistcha|55/100 brn\n|\n|-damage|p2b: Sinistcha|49/100 brn|[from] brn\n|-damage|p2a: Gardevoir|5/100 brn|[from] brn\n|upkeep\n|turn|9\n|inactive|firexxzz has 30 seconds left.\n|inactive|pokemonyoyoplayer has 30 seconds left.\n|\n|t:|1776221014\n|switch|p2b: Incineroar|Incineroar, L50, M|28/100\n|-ability|p2b: Incineroar|Intimidate|boost\n|-unboost|p1a: Garchomp|atk|1\n|-unboost|p1b: Scovillain|atk|1\n|move|p1b: Scovillain|Protect|p1b: Scovillain\n|-singleturn|p1b: Scovillain|Protect\n|move|p2a: Gardevoir|Hyper Voice|p1b: Scovillain|[spread] p1a\n|-activate|p1b: Scovillain|move: Protect\n|-supereffective|p1a: Garchomp|1\n|-damage|p1a: Garchomp|0 fnt\n|faint|p1a: Garchomp\n|\n|-damage|p2a: Gardevoir|0 fnt|[from] brn\n|faint|p2a: Gardevoir\n|-fieldend|move: Trick Room\n|upkeep\n|\n|t:|1776221029\n|switch|p2a: Sinistcha|Sinistcha, L50|49/100 brn\n|-heal|p2b: Incineroar|53/100|[from] ability: Hospitality|[of] p2a: Sinistcha\n|turn|10\n|\n|t:|1776221046\n|move|p2b: Incineroar|Fake Out|p1b: Scovillain\n|-damage|p1b: Scovillain|70/100\n|-immune|p2b: Incineroar\n|cant|p1b: Scovillain|flinch\n|move|p2a: Sinistcha|Life Dew|p2a: Sinistcha|[spread] p2a,p2b\n|-heal|p2a: Sinistcha|74/100 brn\n|-heal|p2b: Incineroar|78/100\n|\n|-damage|p2a: Sinistcha|68/100 brn|[from] brn\n|upkeep\n|turn|11\n|\n|t:|1776221065\n|move|p1b: Scovillain|Leech Seed|p2b: Incineroar\n|-start|p2b: Incineroar|move: Leech Seed\n|move|p2a: Sinistcha|Life Dew|p2a: Sinistcha|[spread] p2a,p2b\n|-heal|p2a: Sinistcha|93/100 brn\n|-heal|p2b: Incineroar|100/100\n|move|p2b: Incineroar|Darkest Lariat|p1b: Scovillain\n|-damage|p1b: Scovillain|38/100\n|-immune|p2b: Incineroar\n|\n|-damage|p2b: Incineroar|88/100|[from] Leech Seed|[of] p1b: Scovillain\n|-heal|p1b: Scovillain|53/100|[silent]\n|-damage|p2a: Sinistcha|87/100 brn|[from] brn\n|upkeep\n|turn|12\n|\n|t:|1776221082\n|move|p1b: Scovillain|Protect|p1b: Scovillain\n|-singleturn|p1b: Scovillain|Protect\n|move|p2a: Sinistcha|Life Dew|p2a: Sinistcha|[spread] p2a,p2b\n|-heal|p2a: Sinistcha|100/100 brn\n|-heal|p2b: Incineroar|100/100\n|move|p2b: Incineroar|Flare Blitz|p1b: Scovillain\n|-activate|p1b: Scovillain|move: Protect\n|\n|-damage|p2b: Incineroar|88/100|[from] Leech Seed|[of] p1b: Scovillain\n|-heal|p1b: Scovillain|67/100|[silent]\n|-damage|p2a: Sinistcha|94/100 brn|[from] brn\n|upkeep\n|turn|13\n|\n|t:|1776221098\n|move|p1b: Scovillain|Flamethrower|p2a: Sinistcha\n|-supereffective|p2a: Sinistcha|1\n|-damage|p2a: Sinistcha|34/100 brn\n|move|p2a: Sinistcha|Life Dew|p2a: Sinistcha|[spread] p2a,p2b\n|-heal|p2a: Sinistcha|59/100 brn\n|-heal|p2b: Incineroar|100/100\n|move|p2b: Incineroar|Flare Blitz|p1b: Scovillain\n|-damage|p1b: Scovillain|20/100\n|-immune|p2b: Incineroar\n|-damage|p2b: Incineroar|87/100|[from] Recoil\n|\n|-damage|p2b: Incineroar|75/100|[from] Leech Seed|[of] p1b: Scovillain\n|-heal|p1b: Scovillain|35/100|[silent]\n|-damage|p2a: Sinistcha|53/100 brn|[from] brn\n|upkeep\n|turn|14\n|\n|t:|1776221121\n|move|p1b: Scovillain|Protect|p1b: Scovillain\n|-singleturn|p1b: Scovillain|Protect\n|move|p2a: Sinistcha|Life Dew|p2a: Sinistcha|[spread] p2a,p2b\n|-heal|p2a: Sinistcha|78/100 brn\n|-heal|p2b: Incineroar|99/100\n|move|p2b: Incineroar|Parting Shot|p1b: Scovillain\n|-activate|p1b: Scovillain|move: Protect\n|\n|-damage|p2b: Incineroar|88/100|[from] Leech Seed|[of] p1b: Scovillain\n|-heal|p1b: Scovillain|49/100|[silent]\n|-damage|p2a: Sinistcha|72/100 brn|[from] brn\n|upkeep\n|turn|15\n|\n|t:|1776221138\n|move|p1b: Scovillain|Flamethrower|p2a: Sinistcha\n|-supereffective|p2a: Sinistcha|1\n|-crit|p2a: Sinistcha\n|-damage|p2a: Sinistcha|0 fnt\n|faint|p2a: Sinistcha\n|move|p2b: Incineroar|Flare Blitz|p1b: Scovillain\n|-damage|p1b: Scovillain|2/100\n|-immune|p2b: Incineroar\n|-damage|p2b: Incineroar|74/100|[from] Recoil\n|\n|-damage|p2b: Incineroar|62/100|[from] Leech Seed|[of] p1b: Scovillain\n|-heal|p1b: Scovillain|16/100|[silent]\n|upkeep\n|turn|16\n|\n|t:|1776221147\n|move|p1b: Scovillain|Protect|p1b: Scovillain\n|-singleturn|p1b: Scovillain|Protect\n|move|p2b: Incineroar|Flare Blitz|p1b: Scovillain\n|-activate|p1b: Scovillain|move: Protect\n|\n|-damage|p2b: Incineroar|50/100|[from] Leech Seed|[of] p1b: Scovillain\n|-heal|p1b: Scovillain|31/100|[silent]\n|upkeep\n|turn|17\n|\n|t:|1776221151\n|move|p1b: Scovillain|Flamethrower|p2b: Incineroar\n|-resisted|p2b: Incineroar|1\n|-damage|p2b: Incineroar|36/100\n|move|p2b: Incineroar|Flare Blitz|p1b: Scovillain\n|-damage|p1b: Scovillain|0 fnt\n|-immune|p2b: Incineroar\n|faint|p1b: Scovillain\n|-damage|p2b: Incineroar|28/100|[from] Recoil\n|\n|win|pokemonyoyoplayer\n|raw|firexxzz's rating: 1296 &rarr; <strong>1274</strong><br />(-22 for losing)\n|raw|pokemonyoyoplayer's rating: 1339 &rarr; <strong>1357</strong><br />(+18 for winning)\n|l|\u2606firexxzz\n|player|p1|\n",
  "uploadtime": 1776221163,
  "views": 22,
  "formatid": "gen9championsvgc2026regma",
  "rating": 1274,
  "private": 0,
  "password": null
}