{
  "id": "gen9championsvgc2026regma-2583869660",
  "format": "[Gen 9 Champions] VGC 2026 Reg M-A",
  "players": [
    "khoiplay",
    "Qloser"
  ],
  "log": "|j|\u2606khoiplay\n|j|\u2606Qloser\n|t:|1776204126\n|gametype|doubles\n|player|p1|khoiplay|2|1223\n|player|p2|Qloser|norman|1185\n|gen|9\n|tier|[Gen 9 Champions] VGC 2026 Reg M-A\n|rated|\n|rule|Species Clause: Limit one of each Pok\u00e9mon\n|rule|Item Clause: Limit 1 of each item\n|clearpoke\n|poke|p1|Froslass, L50, F|\n|poke|p1|Sneasler, L50, M|\n|poke|p1|Aerodactyl, L50, M|\n|poke|p1|Garchomp, L50, M|\n|poke|p1|Rotom-Wash, L50|\n|poke|p1|Kingambit, L50, M|\n|poke|p2|Charizard, L50, F|\n|poke|p2|Kingambit, L50, F|\n|poke|p2|Rotom-Wash, L50|\n|poke|p2|Tyranitar, L50, F|\n|poke|p2|Sinistcha, L50|\n|poke|p2|Excadrill, L50, M|\n|teampreview|4\n|inactive|Battle timer is ON: inactive players will automatically lose when time's up. (requested by Qloser)\n|inactive|khoiplay also wants the timer to be on.\n|inactive|khoiplay has 60 seconds left.\n|inactive|Qloser has 60 seconds left.\n|\n|t:|1776204162\n|teamsize|p1|4\n|teamsize|p2|4\n|start\n|switch|p1a: Aerodactyl|Aerodactyl, L50, M, shiny|100/100\n|switch|p1b: Sneasler|Sneasler, L50, M|100/100\n|switch|p2a: Sinistcha|Sinistcha, L50|100/100\n|switch|p2b: Rotom|Rotom-Wash, L50|100/100\n|-ability|p1a: Aerodactyl|Unnerve\n|turn|1\n|\n|t:|1776204180\n|move|p1b: Sneasler|Fake Out|p2b: Rotom\n|-damage|p2b: Rotom|84/100\n|move|p1a: Aerodactyl|Tailwind|p1a: Aerodactyl\n|-sidestart|p1: khoiplay|move: Tailwind\n|cant|p2b: Rotom|flinch\n|move|p2a: Sinistcha|Trick Room|p2a: Sinistcha\n|-fieldstart|move: Trick Room|[of] p2a: Sinistcha\n|\n|upkeep\n|turn|2\n|\n|t:|1776204204\n|move|p2a: Sinistcha|Strength Sap|p1b: Sneasler\n|-unboost|p1b: Sneasler|atk|1\n|-enditem|p1b: Sneasler|White Herb\n|-clearnegativeboost|p1b: Sneasler|[silent]\n|move|p2b: Rotom|Thunderbolt|p1a: Aerodactyl\n|-supereffective|p1a: Aerodactyl|1\n|-crit|p1a: Aerodactyl\n|-enditem|p1a: Aerodactyl|Focus Sash\n|-damage|p1a: Aerodactyl|1/100\n|move|p1a: Aerodactyl|Dual Wingbeat|p2a: Sinistcha|[miss]\n|-miss|p1a: Aerodactyl|p2a: Sinistcha\n|move|p1b: Sneasler|Dire Claw|p2a: Sinistcha\n|-damage|p2a: Sinistcha|64/100\n|-status|p2a: Sinistcha|psn\n|\n|-heal|p2a: Sinistcha|70/100 psn|[from] item: Leftovers\n|-damage|p2a: Sinistcha|58/100 psn|[from] psn\n|upkeep\n|turn|3\n|\n|t:|1776204229\n|move|p1a: Aerodactyl|Protect|p1a: Aerodactyl\n|-singleturn|p1a: Aerodactyl|Protect\n|move|p1b: Sneasler|Protect|p1b: Sneasler\n|-singleturn|p1b: Sneasler|Protect\n|move|p2a: Sinistcha|Matcha Gotcha|p1a: Aerodactyl|[spread] \n|-activate|p1a: Aerodactyl|move: Protect\n|-activate|p1b: Sneasler|move: Protect\n|move|p2b: Rotom|Thunderbolt|p1b: Sneasler\n|-activate|p1b: Sneasler|move: Protect\n|\n|-heal|p2a: Sinistcha|64/100 psn|[from] item: Leftovers\n|-damage|p2a: Sinistcha|52/100 psn|[from] psn\n|upkeep\n|turn|4\n|\n|t:|1776204251\n|switch|p1b: Garchomp|Garchomp, L50, M|100/100\n|move|p2a: Sinistcha|Strength Sap|p1b: Garchomp\n|-unboost|p1b: Garchomp|atk|1\n|-heal|p2a: Sinistcha|100/100 psn\n|move|p2b: Rotom|Thunderbolt|p1b: Garchomp\n|-immune|p1b: Garchomp\n|move|p1a: Aerodactyl|Dual Wingbeat|p2a: Sinistcha\n|-supereffective|p2a: Sinistcha|1\n|-damage|p2a: Sinistcha|72/100 psn\n|-supereffective|p2a: Sinistcha|1\n|-damage|p2a: Sinistcha|44/100 psn\n|-hitcount|p2a: Sinistcha|2\n|\n|-heal|p2a: Sinistcha|50/100 psn|[from] item: Leftovers\n|-damage|p2a: Sinistcha|37/100 psn|[from] psn\n|-sideend|p1: khoiplay|move: Tailwind\n|upkeep\n|turn|5\n|inactive|khoiplay has 30 seconds left.\n|\n|t:|1776204277\n|switch|p2a: Tyranitar|Tyranitar, L50, F|100/100\n|-weather|Sandstorm|[from] ability: Sand Stream|[of] p2a: Tyranitar\n|move|p1b: Garchomp|Protect|p1b: Garchomp\n|-singleturn|p1b: Garchomp|Protect\n|move|p1a: Aerodactyl|Protect|p1a: Aerodactyl\n|-singleturn|p1a: Aerodactyl|Protect\n|move|p2b: Rotom|Thunderbolt|p1a: Aerodactyl\n|-activate|p1a: Aerodactyl|move: Protect\n|\n|-weather|Sandstorm|[upkeep]\n|-damage|p2b: Rotom|78/100|[from] Sandstorm\n|-fieldend|move: Trick Room\n|upkeep\n|turn|6\n|inactive|khoiplay has 30 seconds left.\n|\n|t:|1776204310\n|move|p1a: Aerodactyl|Rock Slide|p2a: Tyranitar|[spread] p2a,p2b\n|-damage|p2a: Tyranitar|78/100\n|-damage|p2b: Rotom|53/100\n|move|p2a: Tyranitar|Ice Punch|p1b: Garchomp\n|-supereffective|p1b: Garchomp|2\n|-damage|p1b: Garchomp|0 fnt\n|-damage|p2a: Tyranitar|66/100|[from] ability: Rough Skin|[of] p1b: Garchomp\n|faint|p1b: Garchomp\n|move|p2b: Rotom|Thunderbolt|p1a: Aerodactyl\n|-supereffective|p1a: Aerodactyl|1\n|-damage|p1a: Aerodactyl|0 fnt\n|faint|p1a: Aerodactyl\n|\n|-weather|Sandstorm|[upkeep]\n|-damage|p2b: Rotom|47/100|[from] Sandstorm\n|-enditem|p2b: Rotom|Sitrus Berry|[eat]\n|-heal|p2b: Rotom|72/100|[from] item: Sitrus Berry\n|upkeep\n|\n|t:|1776204328\n|switch|p1a: Sneasler|Sneasler, L50, M|100/100\n|switch|p1b: Froslass|Froslass, L50, F, shiny|100/100\n|turn|7\n|inactive|khoiplay has 30 seconds left.\n|\n|t:|1776204358\n|switch|p2a: Sinistcha|Sinistcha, L50|37/100 psn\n|-heal|p2b: Rotom|97/100|[from] ability: Hospitality|[of] p2a: Sinistcha\n|detailschange|p1b: Froslass|Froslass-Mega, L50, F, shiny\n|-mega|p1b: Froslass|Froslass|Froslassite\n|-weather|Snowscape|[from] ability: Snow Warning|[of] p1b: Froslass\n|move|p1a: Sneasler|Fake Out|p2b: Rotom\n|-damage|p2b: Rotom|80/100\n|move|p1b: Froslass|Shadow Ball|p2b: Rotom\n|-crit|p2b: Rotom\n|-damage|p2b: Rotom|7/100\n|cant|p2b: Rotom|flinch\n|\n|-weather|Snowscape|[upkeep]\n|-heal|p2a: Sinistcha|44/100 psn|[from] item: Leftovers\n|-damage|p2a: Sinistcha|31/100 psn|[from] psn\n|upkeep\n|turn|8\n|inactive|khoiplay has 30 seconds left.\n|inactive|khoiplay has 20 seconds left.\n|inactive|khoiplay has 15 seconds left.\n|inactive|khoiplay has 10 seconds left.\n|\n|t:|1776204404\n|move|p2a: Sinistcha|Rage Powder|p2a: Sinistcha\n|-singleturn|p2a: Sinistcha|move: Rage Powder\n|move|p1b: Froslass|Blizzard|p2b: Rotom|[spread] p2a,p2b\n|-supereffective|p2a: Sinistcha|1\n|-resisted|p2b: Rotom|1\n|-damage|p2a: Sinistcha|0 fnt\n|-damage|p2b: Rotom|0 fnt\n|faint|p2a: Sinistcha\n|faint|p2b: Rotom\n|move|p1a: Sneasler|Close Combat|p2: Sinistcha|[notarget]\n|-fail|p1a: Sneasler\n|\n|-weather|Snowscape|[upkeep]\n|upkeep\n|\n|t:|1776204408\n|switch|p2b: Tyranitar|Tyranitar, L50, F|66/100\n|switch|p2a: Charizard|Charizard, L50, F|100/100\n|-weather|Sandstorm|[from] ability: Sand Stream|[of] p2b: Tyranitar\n|turn|9\n|\n|t:|1776204433\n|move|p1b: Froslass|Protect|p1b: Froslass\n|-singleturn|p1b: Froslass|Protect\n|move|p2b: Tyranitar|Knock Off|p1b: Froslass\n|-activate|p1b: Froslass|move: Protect\n|move|p1a: Sneasler|Close Combat|p2b: Tyranitar\n|-supereffective|p2b: Tyranitar|2\n|-damage|p2b: Tyranitar|0 fnt\n|-unboost|p1a: Sneasler|def|1\n|-unboost|p1a: Sneasler|spd|1\n|faint|p2b: Tyranitar\n|move|p2a: Charizard|Dragon Dance|p2a: Charizard\n|-boost|p2a: Charizard|atk|1\n|-boost|p2a: Charizard|spe|1\n|\n|-weather|Sandstorm|[upkeep]\n|-damage|p2a: Charizard|95/100|[from] Sandstorm\n|-damage|p1b: Froslass|94/100|[from] Sandstorm\n|-damage|p1a: Sneasler|95/100|[from] Sandstorm\n|upkeep\n|turn|10\n|inactive|khoiplay has 30 seconds left.\n|\n|t:|1776204464\n|move|p2a: Charizard|Flare Blitz|p1a: Sneasler\n|-damage|p1a: Sneasler|0 fnt\n|faint|p1a: Sneasler\n|-damage|p2a: Charizard|69/100|[from] Recoil\n|move|p1b: Froslass|Shadow Ball|p2a: Charizard\n|-damage|p2a: Charizard|15/100\n|\n|-weather|Sandstorm|[upkeep]\n|-damage|p2a: Charizard|9/100|[from] Sandstorm\n|-damage|p1b: Froslass|88/100|[from] Sandstorm\n|upkeep\n|turn|11\n|\n|t:|1776204477\n|detailschange|p2a: Charizard|Charizard-Mega-X, L50, F\n|-mega|p2a: Charizard|Charizard|Charizardite X\n|move|p1b: Froslass|Protect|p1b: Froslass\n|-singleturn|p1b: Froslass|Protect\n|move|p2a: Charizard|Flare Blitz|p1b: Froslass\n|-activate|p1b: Froslass|move: Protect\n|\n|-weather|Sandstorm|[upkeep]\n|-damage|p2a: Charizard|3/100|[from] Sandstorm\n|-damage|p1b: Froslass|82/100|[from] Sandstorm\n|upkeep\n|turn|12\n|\n|t:|1776204492\n|move|p1b: Froslass|Protect||[still]\n|-fail|p1b: Froslass\n|move|p2a: Charizard|Flare Blitz|p1b: Froslass\n|-supereffective|p1b: Froslass|1\n|-damage|p1b: Froslass|0 fnt\n|faint|p1b: Froslass\n|-damage|p2a: Charizard|0 fnt|[from] Recoil\n|faint|p2a: Charizard\n|\n|win|Qloser\n|raw|khoiplay's rating: 1223 &rarr; <strong>1195</strong><br />(-28 for losing)\n|raw|Qloser's rating: 1185 &rarr; <strong>1213</strong><br />(+28 for winning)\n",
  "uploadtime": 1776204492,
  "views": 23,
  "formatid": "gen9championsvgc2026regma",
  "rating": 1195,
  "private": 0,
  "password": null
}