{
  "id": "gen9championsvgc2026regma-2588925820",
  "format": "[Gen 9 Champions] VGC 2026 Reg M-A",
  "players": [
    "Period Hater",
    "Cindy HK"
  ],
  "log": "|j|\u2606Period Hater\n|j|\u2606Cindy HK\n|t:|1776686513\n|gametype|doubles\n|player|p1|Period Hater|caitlin|1204\n|player|p2|Cindy HK|101|1231\n|gen|9\n|tier|[Gen 9 Champions] VGC 2026 Reg M-A\n|rated|\n|rule|Species Clause: Limit one of each Pok\u00e9mon\n|rule|Item Clause: Limit 1 of each item\n|clearpoke\n|poke|p1|Pelipper, L50, M|\n|poke|p1|Primarina, L50, F, shiny|\n|poke|p1|Archaludon, L50, M|\n|poke|p1|Raichu, L50, F, shiny|\n|poke|p1|Glimmora, L50, M|\n|poke|p1|Maushold, L50|\n|poke|p2|Excadrill, L50, F|\n|poke|p2|Tyranitar, L50, M|\n|poke|p2|Corviknight, L50, F|\n|poke|p2|Hydreigon, L50, M|\n|poke|p2|Rotom-Wash, L50|\n|poke|p2|Mimikyu, L50, M|\n|teampreview|4\n|inactive|Battle timer is ON: inactive players will automatically lose when time's up. (requested by Period Hater)\n|\n|t:|1776686535\n|teamsize|p1|4\n|teamsize|p2|4\n|start\n|switch|p1a: Amy|Primarina, L50, F, shiny|100/100\n|switch|p1b: Raichu|Raichu, L50, F, shiny|100/100\n|switch|p2a: Hydreigon|Hydreigon, L50, M|100/100\n|switch|p2b: Excadrill|Excadrill, L50, F|100/100\n|turn|1\n|\n|t:|1776686553\n|move|p1b: Raichu|Fake Out|p2b: Excadrill\n|-resisted|p2b: Excadrill|1\n|-damage|p2b: Excadrill|95/100\n|move|p2a: Hydreigon|Snarl|p1a: Amy|[spread] p1a,p1b\n|-resisted|p1a: Amy|1\n|-damage|p1a: Amy|88/100\n|-damage|p1b: Raichu|70/100\n|-unboost|p1a: Amy|spa|1\n|-unboost|p1b: Raichu|spa|1\n|cant|p2b: Excadrill|flinch\n|move|p1a: Amy|Calm Mind|p1a: Amy\n|-boost|p1a: Amy|spa|1\n|-boost|p1a: Amy|spd|1\n|\n|upkeep\n|turn|2\n|\n|t:|1776686572\n|move|p2a: Hydreigon|Snarl|p1b: Raichu|[spread] p1a,p1b\n|-resisted|p1a: Amy|1\n|-damage|p1a: Amy|80/100\n|-damage|p1b: Raichu|35/100\n|-unboost|p1a: Amy|spa|1\n|-unboost|p1b: Raichu|spa|1\n|move|p1b: Raichu|Volt Switch|p2a: Hydreigon\n|-resisted|p2a: Hydreigon|1\n|-damage|p2a: Hydreigon|95/100\n|\n|t:|1776686580\n|switch|p1b: Seb|Pelipper, L50, M|100/100|[from] Volt Switch\n|-weather|RainDance|[from] ability: Drizzle|[of] p1b: Seb\n|move|p2b: Excadrill|Iron Head|p1a: Amy\n|-damage|p1a: Amy|18/100\n|move|p1a: Amy|Hyper Voice|p2b: Excadrill|[spread] p2a,p2b\n|-resisted|p2a: Hydreigon|1\n|-supereffective|p2b: Excadrill|1\n|-damage|p2a: Hydreigon|69/100\n|-damage|p2b: Excadrill|0 fnt\n|faint|p2b: Excadrill\n|\n|-weather|RainDance|[upkeep]\n|upkeep\n|\n|t:|1776686597\n|switch|p2b: Mimikyu|Mimikyu, L50, M|100/100\n|turn|3\n|\n|t:|1776686621\n|move|p1a: Amy|Protect|p1a: Amy\n|-singleturn|p1a: Amy|Protect\n|move|p2a: Hydreigon|Snarl|p1b: Seb|[spread] p1b\n|-activate|p1a: Amy|move: Protect\n|-damage|p1b: Seb|63/100\n|-unboost|p1b: Seb|spa|1\n|move|p2b: Mimikyu|Shadow Claw|p1a: Amy\n|-activate|p1a: Amy|move: Protect\n|move|p1b: Seb|Tailwind|p1b: Seb\n|-sidestart|p1: Period Hater|move: Tailwind\n|\n|-weather|RainDance|[upkeep]\n|upkeep\n|turn|4\n|\n|t:|1776686640\n|move|p2b: Mimikyu|Shadow Sneak|p1a: Amy\n|-damage|p1a: Amy|0 fnt\n|faint|p1a: Amy\n|move|p1b: Seb|Hurricane|p2b: Mimikyu\n|-activate|p2b: Mimikyu|ability: Disguise\n|-damage|p2b: Mimikyu|100/100\n|detailschange|p2b: Mimikyu|Mimikyu-Busted, L50, M\n|-damage|p2b: Mimikyu|88/100|[from] pokemon: Mimikyu-Busted\n|move|p2a: Hydreigon|Snarl|p1b: Seb\n|-damage|p1b: Seb|12/100\n|-unboost|p1b: Seb|spa|1\n|\n|-weather|RainDance|[upkeep]\n|upkeep\n|\n|t:|1776686648\n|switch|p1a: Glimmora|Glimmora, L50, M|100/100\n|turn|5\n|\n|t:|1776686661\n|switch|p2a: Tyranitar|Tyranitar, L50, M|100/100\n|-weather|Sandstorm|[from] ability: Sand Stream|[of] p2a: Tyranitar\n|detailschange|p1a: Glimmora|Glimmora-Mega, L50, M\n|-mega|p1a: Glimmora|Glimmora|Glimmoranite\n|move|p2b: Mimikyu|Protect|p2b: Mimikyu\n|-singleturn|p2b: Mimikyu|Protect\n|move|p1b: Seb|Wide Guard|p1b: Seb\n|-singleturn|p1b: Seb|Wide Guard\n|move|p1a: Glimmora|Sludge Wave|p2b: Mimikyu|[spread] p2a\n|-activate|p1b: Seb|move: Wide Guard\n|-activate|p2b: Mimikyu|move: Protect\n|-resisted|p2a: Tyranitar|1\n|-damage|p2a: Tyranitar|83/100\n|\n|-weather|Sandstorm|[upkeep]\n|-damage|p1b: Seb|6/100|[from] Sandstorm\n|-damage|p2b: Mimikyu|82/100|[from] Sandstorm\n|upkeep\n|turn|6\n|\n|t:|1776686686\n|detailschange|p2a: Tyranitar|Tyranitar-Mega, L50, M\n|-mega|p2a: Tyranitar|Tyranitar|Tyranitarite\n|move|p2b: Mimikyu|Shadow Sneak|p1b: Seb\n|-damage|p1b: Seb|0 fnt\n|faint|p1b: Seb\n|move|p1a: Glimmora|Energy Ball|p2a: Tyranitar\n|-supereffective|p2a: Tyranitar|1\n|-damage|p2a: Tyranitar|43/100\n|move|p2a: Tyranitar|Rock Slide|p1a: Glimmora\n|-damage|p1a: Glimmora|49/100\n|\n|-weather|Sandstorm|[upkeep]\n|-damage|p2b: Mimikyu|76/100|[from] Sandstorm\n|-sideend|p1: Period Hater|move: Tailwind\n|upkeep\n|\n|t:|1776686697\n|switch|p1b: Raichu|Raichu, L50, F, shiny|35/100\n|turn|7\n|-message|Period Hater forfeited.\n|\n|win|Cindy HK\n|raw|Period Hater's rating: 1204 &rarr; <strong>1181</strong><br />(-23 for losing)\n|raw|Cindy HK's rating: 1231 &rarr; <strong>1254</strong><br />(+23 for winning)\n|l|\u2606Period Hater\n|player|p1|\n",
  "uploadtime": 1776686832,
  "views": 6,
  "formatid": "gen9championsvgc2026regma",
  "rating": 1181,
  "private": 0,
  "password": null
}