{
  "id": "gen9championsvgc2026regma-2585495443",
  "format": "[Gen 9 Champions] VGC 2026 Reg M-A",
  "players": [
    "SilverSnowDrop",
    "SpikeMike"
  ],
  "log": "|j|\u2606SilverSnowDrop\n|j|\u2606SpikeMike\n|t:|1776351397\n|gametype|doubles\n|player|p1|SilverSnowDrop|265|1501\n|player|p2|SpikeMike|molayne|1411\n|gen|9\n|tier|[Gen 9 Champions] VGC 2026 Reg M-A\n|rated|\n|rule|Species Clause: Limit one of each Pok\u00e9mon\n|rule|Item Clause: Limit 1 of each item\n|clearpoke\n|poke|p1|Lopunny, L50, F|\n|poke|p1|Aerodactyl, L50, M|\n|poke|p1|Farigiraf, L50, M|\n|poke|p1|Kingambit, L50, M|\n|poke|p1|Torkoal, L50, F|\n|poke|p1|Glimmora, L50, F|\n|poke|p2|Kangaskhan, L50, F|\n|poke|p2|Farigiraf, L50, M|\n|poke|p2|Basculegion, L50, M|\n|poke|p2|Talonflame, L50, M|\n|poke|p2|Sneasler, L50, F|\n|poke|p2|Charizard, L50, M|\n|teampreview|4\n|inactive|Battle timer is ON: inactive players will automatically lose when time's up. (requested by SpikeMike)\n|inactive|SilverSnowDrop also wants the timer to be on.\n|inactive|SilverSnowDrop has 60 seconds left.\n|\n|t:|1776351435\n|teamsize|p1|4\n|teamsize|p2|4\n|start\n|switch|p1a: Lopunny|Lopunny, L50, F, shiny|100/100\n|switch|p1b: Farigiraf|Farigiraf, L50, M|100/100\n|switch|p2a: Kangaskhan|Kangaskhan, L50, F, shiny|100/100\n|switch|p2b: Ryoiki Tenkai|Farigiraf, L50, M, shiny|100/100\n|turn|1\n|inactive|SpikeMike has 30 seconds left.\n|\n|t:|1776351469\n|switch|p1a: Kingambit|Kingambit, L50, M|100/100\n|detailschange|p2a: Kangaskhan|Kangaskhan-Mega, L50, F, shiny\n|-mega|p2a: Kangaskhan|Kangaskhan|Kangaskhanite\n|move|p2a: Kangaskhan|Hammer Arm|p1a: Kingambit\n|-supereffective|p1a: Kingambit|2\n|-damage|p1a: Kingambit|0 fnt\n|-unboost|p2a: Kangaskhan|spe|1\n|faint|p1a: Kingambit\n|-hitcount|p1: Kingambit|1\n|move|p1b: Farigiraf|Trick Room|p1b: Farigiraf\n|-fieldstart|move: Trick Room|[of] p1b: Farigiraf\n|move|p2b: Ryoiki Tenkai|Trick Room|p2b: Ryoiki Tenkai\n|-fieldend|move: Trick Room\n|\n|upkeep\n|\n|t:|1776351480\n|switch|p1a: Lopunny|Lopunny, L50, F, shiny|100/100\n|turn|2\n|\n|t:|1776351490\n|detailschange|p1a: Lopunny|Lopunny-Mega, L50, F, shiny\n|-mega|p1a: Lopunny|Lopunny|Lopunnite\n|move|p1a: Lopunny|Close Combat|p2a: Kangaskhan\n|-supereffective|p2a: Kangaskhan|1\n|-damage|p2a: Kangaskhan|0 fnt\n|-unboost|p1a: Lopunny|def|1\n|-unboost|p1a: Lopunny|spd|1\n|faint|p2a: Kangaskhan\n|move|p1b: Farigiraf|Hyper Voice|p2b: Ryoiki Tenkai\n|-damage|p2b: Ryoiki Tenkai|66/100\n|move|p2b: Ryoiki Tenkai|Hyper Voice|p1a: Lopunny|[spread] p1a,p1b\n|-damage|p1a: Lopunny|33/100\n|-damage|p1b: Farigiraf|67/100\n|\n|upkeep\n|inactive|SpikeMike has 30 seconds left.\n|\n|t:|1776351518\n|switch|p2a: Basculegion|Basculegion, L50, M, shiny|100/100\n|turn|3\n|\n|t:|1776351541\n|move|p2a: Basculegion|Aqua Jet||[still]\n|cant|p1b: Farigiraf|ability: Armor Tail|Aqua Jet|[of] p2a: Basculegion\n|move|p1a: Lopunny|Close Combat|p2a: Basculegion\n|-damage|p2a: Basculegion|25/100\n|-unboost|p1a: Lopunny|def|1\n|-unboost|p1a: Lopunny|spd|1\n|move|p1b: Farigiraf|Thunderbolt|p2a: Basculegion\n|-supereffective|p2a: Basculegion|1\n|-damage|p2a: Basculegion|0 fnt\n|faint|p2a: Basculegion\n|move|p2b: Ryoiki Tenkai|Hyper Voice|p1a: Lopunny|[spread] p1a,p1b\n|-damage|p1a: Lopunny|0 fnt\n|-damage|p1b: Farigiraf|33/100\n|-enditem|p1b: Farigiraf|Sitrus Berry|[eat]\n|-heal|p1b: Farigiraf|58/100|[from] item: Sitrus Berry\n|faint|p1a: Lopunny\n|\n|upkeep\n|\n|t:|1776351555\n|switch|p1a: Aerodactyl|Aerodactyl, L50, M|100/100\n|switch|p2a: Talonflame|Talonflame, L50, M, shiny|100/100\n|-ability|p1a: Aerodactyl|Unnerve\n|turn|4\n|\n|t:|1776351576\n|move|p2a: Talonflame|Brave Bird||[still]\n|cant|p1b: Farigiraf|ability: Armor Tail|Brave Bird|[of] p2a: Talonflame\n|move|p1a: Aerodactyl|Rock Slide|p2b: Ryoiki Tenkai|[spread] p2a,p2b\n|-supereffective|p2a: Talonflame|2\n|-crit|p2a: Talonflame\n|-damage|p2a: Talonflame|0 fnt\n|-damage|p2b: Ryoiki Tenkai|43/100\n|faint|p2a: Talonflame\n|move|p1b: Farigiraf|Hyper Voice|p2b: Ryoiki Tenkai\n|-damage|p2b: Ryoiki Tenkai|10/100\n|move|p2b: Ryoiki Tenkai|Hyper Voice|p1b: Farigiraf|[spread] p1a,p1b\n|-resisted|p1a: Aerodactyl|1\n|-damage|p1a: Aerodactyl|78/100\n|-damage|p1b: Farigiraf|27/100\n|\n|upkeep\n|turn|5\n|-message|SpikeMike forfeited.\n|\n|win|SilverSnowDrop\n|raw|SilverSnowDrop's rating: 1501 &rarr; <strong>1516</strong><br />(+15 for winning)\n|raw|SpikeMike's rating: 1411 &rarr; <strong>1396</strong><br />(-15 for losing)\n|l|\u2606SpikeMike\n|player|p2|\n",
  "uploadtime": 1776351620,
  "views": 33,
  "formatid": "gen9championsvgc2026regma",
  "rating": 1396,
  "private": 0,
  "password": null
}