{
  "id": "gen9championsvgc2026regma-2581466005",
  "format": "[Gen 9 Champions] VGC 2026 Reg M-A",
  "players": [
    "OctarineFire",
    "TerraFunny"
  ],
  "log": "|j|\u2606OctarineFire\n|j|\u2606TerraFunny\n|t:|1776003100\n|gametype|doubles\n|player|p1|OctarineFire|lass-gen4|1297\n|player|p2|TerraFunny|266|1323\n|gen|9\n|tier|[Gen 9 Champions] VGC 2026 Reg M-A\n|rated|\n|rule|Species Clause: Limit one of each Pok\u00e9mon\n|rule|Item Clause: Limit 1 of each item\n|clearpoke\n|poke|p1|Incineroar, L50, F|\n|poke|p1|Farigiraf, L50, M|\n|poke|p1|Primarina, L50, F|\n|poke|p1|Tyranitar, L50, F|\n|poke|p1|Meganium, L50, F|\n|poke|p1|Aggron, L50, F|\n|poke|p2|Glimmora, L50, M|\n|poke|p2|Froslass, L50, F|\n|poke|p2|Garchomp, L50, M|\n|poke|p2|Talonflame, L50, F|\n|poke|p2|Sneasler, L50, F|\n|poke|p2|Kingambit, L50, M|\n|teampreview|4\n|inactive|Battle timer is ON: inactive players will automatically lose when time's up. (requested by OctarineFire)\nOctarineFire rejected open team sheets.\n|inactive|TerraFunny has 60 seconds left.\n|\n|t:|1776003149\n|teamsize|p1|4\n|teamsize|p2|4\n|start\n|switch|p1a: Incineroar|Incineroar, L50, F|100/100\n|switch|p1b: Farigiraf|Farigiraf, L50, M|100/100\n|switch|p2a: Kingambit|Kingambit, L50, M|100/100\n|switch|p2b: Sneasler|Sneasler, L50, F|100/100\n|-ability|p1a: Incineroar|Intimidate|boost\n|-unboost|p2a: Kingambit|atk|1\n|-ability|p2a: Kingambit|Defiant|boost\n|-boost|p2a: Kingambit|atk|2\n|-unboost|p2b: Sneasler|atk|1\n|turn|1\n|\n|t:|1776003170\n|move|p1a: Incineroar|Fake Out|p2a: Kingambit\n|-resisted|p2a: Kingambit|1\n|-damage|p2a: Kingambit|95/100\n|move|p2b: Sneasler|Close Combat|p1a: Incineroar\n|-supereffective|p1a: Incineroar|1\n|-damage|p1a: Incineroar|16/100\n|-unboost|p2b: Sneasler|def|1\n|-unboost|p2b: Sneasler|spd|1\n|cant|p2a: Kingambit|flinch\n|move|p1b: Farigiraf|Trick Room|p1b: Farigiraf\n|-fieldstart|move: Trick Room|[of] p1b: Farigiraf\n|\n|upkeep\n|turn|2\n|inactive|TerraFunny has 30 seconds left.\n|inactive|TerraFunny has 20 seconds left.\n|inactive|TerraFunny has 15 seconds left.\n|inactive|TerraFunny has 10 seconds left.\n|inactive|TerraFunny has 5 seconds left.\n|\n|t:|1776003221\n|move|p1b: Farigiraf|Hyper Voice|p2b: Sneasler|[spread] p2a,p2b\n|-resisted|p2a: Kingambit|1\n|-damage|p2a: Kingambit|72/100\n|-damage|p2b: Sneasler|11/100\n|move|p1a: Incineroar|Flare Blitz|p2a: Kingambit\n|-supereffective|p2a: Kingambit|1\n|-damage|p2a: Kingambit|0 fnt\n|faint|p2a: Kingambit\n|-damage|p1a: Incineroar|0 fnt|[from] Recoil\n|faint|p1a: Incineroar\n|move|p2b: Sneasler|Close Combat|p1b: Farigiraf\n|-damage|p1b: Farigiraf|53/100\n|-unboost|p2b: Sneasler|def|1\n|-unboost|p2b: Sneasler|spd|1\n|\n|upkeep\n|\n|t:|1776003241\n|switch|p1a: Tyranitar|Tyranitar, L50, F|100/100\n|switch|p2a: Garchomp|Garchomp, L50, M|100/100\n|-weather|Sandstorm|[from] ability: Sand Stream|[of] p1a: Tyranitar\n|turn|3\n|inactive|TerraFunny has 30 seconds left.\n|inactive|TerraFunny has 20 seconds left.\n|inactive|TerraFunny has 15 seconds left.\n|\n|t:|1776003286\n|switch|p1a: Primarina|Primarina, L50, F|100/100\n|move|p2b: Sneasler|Protect|p2b: Sneasler\n|-singleturn|p2b: Sneasler|Protect\n|move|p1b: Farigiraf|Hyper Voice|p2a: Garchomp|[spread] p2a\n|-activate|p2b: Sneasler|move: Protect\n|-damage|p2a: Garchomp|53/100\n|move|p2a: Garchomp|Earthquake|p1a: Primarina|[spread] p1a,p1b\n|-activate|p2b: Sneasler|move: Protect\n|-damage|p1a: Primarina|44/100\n|-damage|p1b: Farigiraf|6/100\n|-enditem|p1a: Primarina|Sitrus Berry|[eat]\n|-heal|p1a: Primarina|69/100|[from] item: Sitrus Berry\n|\n|-weather|Sandstorm|[upkeep]\n|-damage|p1b: Farigiraf|0 fnt|[from] Sandstorm\n|-damage|p1a: Primarina|63/100|[from] Sandstorm\n|-damage|p2b: Sneasler|5/100|[from] Sandstorm\n|faint|p1b: Farigiraf\n|upkeep\n|\n|t:|1776003302\n|switch|p1b: Tyranitar|Tyranitar, L50, F|100/100\n|turn|4\n|inactive|TerraFunny has 30 seconds left.\n|inactive|TerraFunny has 20 seconds left.\n|inactive|TerraFunny has 15 seconds left.\n|\n|t:|1776003343\n|switch|p2b: Glimmora|Glimmora, L50, M|100/100\n|move|p2a: Garchomp|Protect|p2a: Garchomp\n|-singleturn|p2a: Garchomp|Protect\n|move|p1b: Tyranitar|Knock Off|p2b: Glimmora\n|-damage|p2b: Glimmora|51/100\n|-activate|p2b: Glimmora|ability: Toxic Debris\n|-sidestart|p1: OctarineFire|move: Toxic Spikes\n|move|p1a: Primarina|Moonblast|p2a: Garchomp\n|-activate|p2a: Garchomp|move: Protect\n|\n|-weather|Sandstorm|[upkeep]\n|-damage|p1a: Primarina|57/100|[from] Sandstorm\n|upkeep\n|turn|5\n|inactive|TerraFunny has 30 seconds left.\n|\n|t:|1776003370\n|switch|p2a: Sneasler|Sneasler, L50, F|5/100\n|detailschange|p1b: Tyranitar|Tyranitar-Mega, L50, F\n|-mega|p1b: Tyranitar|Tyranitar|Tyranitarite\n|move|p2b: Glimmora|Spiky Shield|p2b: Glimmora\n|-singleturn|p2b: Glimmora|move: Protect\n|move|p1a: Primarina|Hyper Voice|p2a: Sneasler|[spread] p2a\n|-activate|p2b: Glimmora|move: Protect\n|-damage|p2a: Sneasler|0 fnt\n|faint|p2a: Sneasler\n|move|p1b: Tyranitar|Rock Slide|p2b: Glimmora\n|-activate|p2b: Glimmora|move: Protect\n|\n|-weather|Sandstorm|[upkeep]\n|-damage|p1a: Primarina|51/100|[from] Sandstorm\n|-fieldend|move: Trick Room\n|upkeep\n|\n|t:|1776003378\n|switch|p2a: Garchomp|Garchomp, L50, M|53/100\n|turn|6\n|\n|t:|1776003398\n|detailschange|p2b: Glimmora|Glimmora-Mega, L50, M\n|-mega|p2b: Glimmora|Glimmora|Glimmoranite\n|move|p2a: Garchomp|Swords Dance|p2a: Garchomp\n|-boost|p2a: Garchomp|atk|2\n|move|p2b: Glimmora|Sludge Bomb|p1a: Primarina\n|-supereffective|p1a: Primarina|1\n|-damage|p1a: Primarina|0 fnt\n|faint|p1a: Primarina\n|move|p1b: Tyranitar|Rock Slide|p2a: Garchomp|[spread] p2a,p2b\n|-resisted|p2a: Garchomp|1\n|-damage|p2a: Garchomp|35/100\n|-damage|p2b: Glimmora|7/100\n|\n|-weather|Sandstorm|[upkeep]\n|upkeep\n|turn|7\n|\n|t:|1776003421\n|move|p2b: Glimmora|Spiky Shield|p2b: Glimmora\n|-singleturn|p2b: Glimmora|move: Protect\n|move|p2a: Garchomp|Earthquake|p1b: Tyranitar|[spread] p1b\n|-activate|p2b: Glimmora|move: Protect\n|-supereffective|p1b: Tyranitar|1\n|-damage|p1b: Tyranitar|0 fnt\n|faint|p1b: Tyranitar\n|\n|win|TerraFunny\n|raw|OctarineFire's rating: 1297 &rarr; <strong>1274</strong><br />(-23 for losing)\n|raw|TerraFunny's rating: 1323 &rarr; <strong>1342</strong><br />(+19 for winning)\n|l|\u2606OctarineFire\n|player|p1|\n",
  "uploadtime": 1776003448,
  "views": 22,
  "formatid": "gen9championsvgc2026regma",
  "rating": 1274,
  "private": 0,
  "password": null
}