{
  "id": "gen9championsvgc2026regma-2588862167",
  "format": "[Gen 9 Champions] VGC 2026 Reg M-A",
  "players": [
    "alkdfe",
    "HBowser"
  ],
  "log": "|j|\u2606alkdfe\n|j|\u2606HBowser\n|t:|1776679782\n|gametype|doubles\n|player|p1|alkdfe|elesa|1210\n|player|p2|HBowser|169|1150\n|gen|9\n|tier|[Gen 9 Champions] VGC 2026 Reg M-A\n|rated|\n|rule|Species Clause: Limit one of each Pok\u00e9mon\n|rule|Item Clause: Limit 1 of each item\n|clearpoke\n|poke|p1|Tyranitar, L50, F|\n|poke|p1|Excadrill, L50, M|\n|poke|p1|Corviknight, L50, M|\n|poke|p1|Meganium, L50, F|\n|poke|p1|Sneasler, L50, F|\n|poke|p1|Kingambit, L50, M|\n|poke|p2|Kingambit, L50, M|\n|poke|p2|Gengar, L50, F, shiny|\n|poke|p2|Incineroar, L50, F|\n|poke|p2|Palafin, L50, F|\n|poke|p2|Politoed, L50, F, shiny|\n|poke|p2|Sableye, L50, M, shiny|\n|teampreview|4\n|inactive|Battle timer is ON: inactive players will automatically lose when time's up. (requested by alkdfe)\n|\n|t:|1776679815\n|teamsize|p1|4\n|teamsize|p2|4\n|start\n|switch|p1a: Kingambit|Kingambit, L50, M|100/100\n|switch|p1b: Sneasler|Sneasler, L50, F|100/100\n|switch|p2a: Megengar|Gengar, L50, F, shiny|100/100\n|switch|p2b: King|Kingambit, L50, M|100/100\n|turn|1\n|\n|t:|1776679835\n|move|p2a: Megengar|Protect|p2a: Megengar\n|-singleturn|p2a: Megengar|Protect\n|move|p1b: Sneasler|Fake Out|p2b: King\n|-resisted|p2b: King|1\n|-damage|p2b: King|95/100\n|cant|p2b: King|flinch\n|move|p1a: Kingambit|Kowtow Cleave|p2a: Megengar\n|-activate|p2a: Megengar|move: Protect\n|\n|upkeep\n|turn|2\n|inactive|HBowser has 30 seconds left.\n|\n|t:|1776679865\n|detailschange|p2a: Megengar|Gengar-Mega, L50, F, shiny\n|-mega|p2a: Megengar|Gengar|Gengarite\n|move|p1b: Sneasler|Close Combat|p2b: King\n|-supereffective|p2b: King|2\n|-damage|p2b: King|0 fnt\n|-unboost|p1b: Sneasler|def|1\n|-unboost|p1b: Sneasler|spd|1\n|faint|p2b: King\n|-enditem|p1b: Sneasler|White Herb\n|-clearnegativeboost|p1b: Sneasler|[silent]\n|move|p2a: Megengar|Shadow Ball|p1b: Sneasler\n|-damage|p1b: Sneasler|31/100\n|move|p1a: Kingambit|Kowtow Cleave|p2a: Megengar\n|-supereffective|p2a: Megengar|1\n|-damage|p2a: Megengar|0 fnt\n|faint|p2a: Megengar\n|\n|upkeep\n|\n|t:|1776679883\n|switch|p2a: Toedette|Politoed, L50, F, shiny|100/100\n|switch|p2b: Ewwww|Incineroar, L50, F|100/100\n|-weather|RainDance|[from] ability: Drizzle|[of] p2a: Toedette\n|-ability|p2b: Ewwww|Intimidate|boost\n|-unboost|p1a: Kingambit|atk|1\n|-ability|p1a: Kingambit|Defiant|boost\n|-boost|p1a: Kingambit|atk|2\n|-unboost|p1b: Sneasler|atk|1\n|turn|3\n|\n|t:|1776679904\n|move|p1b: Sneasler|Protect|p1b: Sneasler\n|-singleturn|p1b: Sneasler|Protect\n|move|p2b: Ewwww|Protect|p2b: Ewwww\n|-singleturn|p2b: Ewwww|Protect\n|move|p1a: Kingambit|Protect|p1a: Kingambit\n|-singleturn|p1a: Kingambit|Protect\n|move|p2a: Toedette|Weather Ball|p1a: Kingambit\n|-activate|p1a: Kingambit|move: Protect\n|\n|-weather|RainDance|[upkeep]\n|upkeep\n|turn|4\n|\n|t:|1776679921\n|move|p1b: Sneasler|Close Combat|p2b: Ewwww\n|-supereffective|p2b: Ewwww|1\n|-damage|p2b: Ewwww|31/100\n|-unboost|p1b: Sneasler|def|1\n|-unboost|p1b: Sneasler|spd|1\n|move|p2a: Toedette|Weather Ball|p1a: Kingambit\n|-damage|p1a: Kingambit|46/100\n|move|p2b: Ewwww|Darkest Lariat|p1b: Sneasler\n|-resisted|p1b: Sneasler|1\n|-damage|p1b: Sneasler|0 fnt\n|faint|p1b: Sneasler\n|move|p1a: Kingambit|Kowtow Cleave|p2a: Toedette\n|-damage|p2a: Toedette|9/100\n|-enditem|p2a: Toedette|Sitrus Berry|[eat]\n|-heal|p2a: Toedette|34/100|[from] item: Sitrus Berry\n|\n|-weather|RainDance|[upkeep]\n|-heal|p2b: Ewwww|37/100|[from] item: Leftovers\n|upkeep\n|\n|t:|1776679943\n|switch|p1b: Meganium|Meganium, L50, F|100/100\n|turn|5\n|-message|HBowser forfeited.\n|\n|win|alkdfe\n|raw|alkdfe's rating: 1210 &rarr; <strong>1231</strong><br />(+21 for winning)\n|raw|HBowser's rating: 1150 &rarr; <strong>1129</strong><br />(-21 for losing)\n|l|\u2606HBowser\n|player|p2|\n",
  "uploadtime": 1776679957,
  "views": 25,
  "formatid": "gen9championsvgc2026regma",
  "rating": 1129,
  "private": 0,
  "password": null
}