{
  "id": "gen9championsvgc2026regma-2582373947",
  "format": "[Gen 9 Champions] VGC 2026 Reg M-A",
  "players": [
    "littlewhblack",
    "99999999999ooo9999"
  ],
  "log": "|j|\u2606littlewhblack\n|j|\u260699999999999ooo9999\n|t:|1776087332\n|gametype|doubles\n|player|p1|littlewhblack|102|1225\n|player|p2|99999999999ooo9999|lucas|1282\n|gen|9\n|tier|[Gen 9 Champions] VGC 2026 Reg M-A\n|rated|\n|rule|Species Clause: Limit one of each Pok\u00e9mon\n|rule|Item Clause: Limit 1 of each item\n|clearpoke\n|poke|p1|Charizard, L50, F|\n|poke|p1|Incineroar, L50, F|\n|poke|p1|Garchomp, L50, F|\n|poke|p1|Whimsicott, L50, M|\n|poke|p1|Gengar, L50, F|\n|poke|p1|Corviknight, L50, M|\n|poke|p2|Floette-Eternal, L50, F|\n|poke|p2|Incineroar, L50, F|\n|poke|p2|Maushold, L50|\n|poke|p2|Farigiraf, L50, F|\n|poke|p2|Rotom-Wash, L50|\n|poke|p2|Basculegion, L50, M|\n|teampreview|4\n|inactive|Battle timer is ON: inactive players will automatically lose when time's up. (requested by 99999999999ooo9999)\n|inactive|littlewhblack has 60 seconds left.\n|\n|t:|1776087369\n|teamsize|p1|4\n|teamsize|p2|4\n|start\n|switch|p1a: Corviknight|Corviknight, L50, M|100/100\n|switch|p1b: Garchomp|Garchomp, L50, F|100/100\n|switch|p2a: Incineroar|Incineroar, L50, F|100/100\n|switch|p2b: Farigiraf|Farigiraf, L50, F|100/100\n|-ability|p2a: Incineroar|Intimidate|boost\n|-ability|p1a: Corviknight|Mirror Armor\n|-unboost|p2a: Incineroar|atk|1\n|-unboost|p1b: Garchomp|atk|1\n|turn|1\n|\n|t:|1776087385\n|move|p2a: Incineroar|Fake Out|p1b: Garchomp\n|-damage|p1b: Garchomp|92/100\n|-damage|p2a: Incineroar|88/100|[from] ability: Rough Skin|[of] p1b: Garchomp\n|cant|p1b: Garchomp|flinch\n|move|p1a: Corviknight|Iron Defense|p1a: Corviknight\n|-boost|p1a: Corviknight|def|2\n|move|p2b: Farigiraf|Trick Room|p2b: Farigiraf\n|-fieldstart|move: Trick Room|[of] p2b: Farigiraf\n|\n|upkeep\n|turn|2\n|inactive|99999999999ooo9999 has 30 seconds left.\n|\n|t:|1776087413\n|move|p2b: Farigiraf|Protect|p2b: Farigiraf\n|-singleturn|p2b: Farigiraf|Protect\n|move|p2a: Incineroar|Flare Blitz|p1a: Corviknight\n|-supereffective|p1a: Corviknight|1\n|-damage|p1a: Corviknight|79/100\n|-damage|p2a: Incineroar|80/100|[from] Recoil\n|move|p1a: Corviknight|Body Press|p2a: Incineroar\n|-supereffective|p2a: Incineroar|1\n|-damage|p2a: Incineroar|0 fnt\n|faint|p2a: Incineroar\n|move|p1b: Garchomp|Earthquake|p2b: Farigiraf|[spread] \n|-activate|p2b: Farigiraf|move: Protect\n|-immune|p1a: Corviknight\n|\n|-heal|p1a: Corviknight|85/100|[from] item: Leftovers\n|upkeep\n|\n|t:|1776087420\n|switch|p2a: Floette|Floette-Eternal, L50, F|100/100\n|turn|3\n|inactive|littlewhblack has 30 seconds left.\n|\n|t:|1776087447\n|detailschange|p2a: Floette|Floette-Mega, L50, F\n|-mega|p2a: Floette|Floette|Floettite\n|-ability|p2a: Floette|Fairy Aura\n|move|p2b: Farigiraf|Psychic|p1a: Corviknight\n|-resisted|p1a: Corviknight|1\n|-damage|p1a: Corviknight|62/100\n|move|p1a: Corviknight|Iron Head|p2a: Floette\n|-supereffective|p2a: Floette|1\n|-damage|p2a: Floette|47/100\n|move|p2a: Floette|Dazzling Gleam|p1a: Corviknight|[spread] p1a,p1b\n|-resisted|p1a: Corviknight|1\n|-supereffective|p1b: Garchomp|1\n|-damage|p1a: Corviknight|39/100\n|-damage|p1b: Garchomp|0 fnt\n|faint|p1b: Garchomp\n|\n|-heal|p1a: Corviknight|45/100|[from] item: Leftovers\n|upkeep\n|\n|t:|1776087466\n|switch|p1b: Incineroar|Incineroar, L50, F|100/100\n|-ability|p1b: Incineroar|Intimidate|boost\n|-unboost|p2a: Floette|atk|1\n|-unboost|p2b: Farigiraf|atk|1\n|turn|4\n|inactive|littlewhblack has 30 seconds left.\n|inactive|99999999999ooo9999 has 30 seconds left.\n|\n|t:|1776087495\n|switch|p2b: Rotom|Rotom-Wash, L50|100/100\n|move|p1a: Corviknight|Protect|p1a: Corviknight\n|-singleturn|p1a: Corviknight|Protect\n|move|p2a: Floette|Protect|p2a: Floette\n|-singleturn|p2a: Floette|Protect\n|move|p1b: Incineroar|Flare Blitz|p2a: Floette\n|-activate|p2a: Floette|move: Protect\n|\n|-heal|p1a: Corviknight|51/100|[from] item: Leftovers\n|upkeep\n|turn|5\n|\n|t:|1776087518\n|switch|p2a: Farigiraf|Farigiraf, L50, F|100/100\n|move|p2b: Rotom|Protect|p2b: Rotom\n|-singleturn|p2b: Rotom|Protect\n|move|p1b: Incineroar|Snarl|p2b: Rotom|[spread] p2a\n|-activate|p2b: Rotom|move: Protect\n|-supereffective|p2a: Farigiraf|1\n|-damage|p2a: Farigiraf|82/100\n|-unboost|p2a: Farigiraf|spa|1\n|move|p1a: Corviknight|Body Press|p2b: Rotom\n|-activate|p2b: Rotom|move: Protect\n|\n|-heal|p2a: Farigiraf|88/100|[from] item: Leftovers\n|-heal|p1a: Corviknight|57/100|[from] item: Leftovers\n|-fieldend|move: Trick Room\n|upkeep\n|turn|6\n|inactive|99999999999ooo9999 has 30 seconds left.\n|\n|t:|1776087555\n|move|p1a: Corviknight|Protect|p1a: Corviknight\n|-singleturn|p1a: Corviknight|Protect\n|move|p2b: Rotom|Hydro Pump|p1b: Incineroar\n|-supereffective|p1b: Incineroar|1\n|-damage|p1b: Incineroar|0 fnt\n|faint|p1b: Incineroar\n|move|p2a: Farigiraf|Psychic|p1a: Corviknight\n|-activate|p1a: Corviknight|move: Protect\n|\n|-heal|p1a: Corviknight|62/100|[from] item: Leftovers\n|-heal|p2a: Farigiraf|94/100|[from] item: Leftovers\n|upkeep\n|\n|t:|1776087567\n|switch|p1b: Gengar|Gengar, L50, F|100/100\n|turn|7\n|\n|t:|1776087590\n|move|p1b: Gengar|Protect|p1b: Gengar\n|-singleturn|p1b: Gengar|Protect\n|move|p2b: Rotom|Thunderbolt|p1a: Corviknight\n|-supereffective|p1a: Corviknight|1\n|-damage|p1a: Corviknight|0 fnt\n|faint|p1a: Corviknight\n|move|p2a: Farigiraf|Trick Room|p2a: Farigiraf\n|-fieldstart|move: Trick Room|[of] p2a: Farigiraf\n|\n|-heal|p2a: Farigiraf|100/100|[from] item: Leftovers\n|upkeep\n|turn|8\n|-message|littlewhblack forfeited.\n|\n|win|99999999999ooo9999\n|raw|littlewhblack's rating: 1225 &rarr; <strong>1204</strong><br />(-21 for losing)\n|raw|99999999999ooo9999's rating: 1282 &rarr; <strong>1303</strong><br />(+21 for winning)\n|l|\u2606littlewhblack\n|player|p1|\n",
  "uploadtime": 1776087607,
  "views": 31,
  "formatid": "gen9championsvgc2026regma",
  "rating": 1204,
  "private": 0,
  "password": null
}