{
  "id": "gen9championsvgc2026regma-2585432636",
  "format": "[Gen 9 Champions] VGC 2026 Reg M-A",
  "players": [
    "melmetal99",
    "Axiagaga"
  ],
  "log": "|j|\u2606melmetal99\n|j|\u2606Axiagaga\n|t:|1776346922\n|gametype|doubles\n|player|p1|melmetal99|266|1150\n|player|p2|Axiagaga|lillie|1079\n|gen|9\n|tier|[Gen 9 Champions] VGC 2026 Reg M-A\n|rated|\n|rule|Species Clause: Limit one of each Pok\u00e9mon\n|rule|Item Clause: Limit 1 of each item\n|clearpoke\n|poke|p1|Aggron, L50, M|\n|poke|p1|Ninetales-Alola, L50, M|\n|poke|p1|Sinistcha-Masterpiece, L50|\n|poke|p1|Incineroar, L50, M|\n|poke|p1|Pelipper, L50, M|\n|poke|p1|Basculegion, L50, M|\n|poke|p2|Charizard, L50, M|\n|poke|p2|Incineroar, L50, M|\n|poke|p2|Whimsicott, L50, F|\n|poke|p2|Garchomp, L50, M|\n|poke|p2|Rotom-Wash, L50|\n|poke|p2|Sneasler, L50, F|\n|teampreview|4\n|inactive|Battle timer is ON: inactive players will automatically lose when time's up. (requested by melmetal99)\n|inactive|Axiagaga has 60 seconds left.\n|c|\u2606melmetal99|glhf\nmelmetal99 rejected open team sheets.\n|c|\u2606Axiagaga|glhf\n|\n|t:|1776346981\n|teamsize|p1|4\n|teamsize|p2|4\n|start\n|switch|p1a: Aggron|Aggron, L50, M|100/100\n|switch|p1b: Ninetales|Ninetales-Alola, L50, M|100/100\n|switch|p2a: Rotom|Rotom-Wash, L50|100/100\n|switch|p2b: Whimsicott|Whimsicott, L50, F|100/100\n|-weather|Snowscape|[from] ability: Snow Warning|[of] p1b: Ninetales\n|turn|1\n|\n|t:|1776346999\n|move|p2a: Rotom|Protect|p2a: Rotom\n|-singleturn|p2a: Rotom|Protect\n|move|p2b: Whimsicott|Sunny Day|p2b: Whimsicott\n|-weather|SunnyDay\n|move|p1b: Ninetales|Aurora Veil||[still]\n|-fail|p1b: Ninetales\n|move|p1a: Aggron|Iron Defense|p1a: Aggron\n|-boost|p1a: Aggron|def|2\n|\n|-weather|SunnyDay|[upkeep]\n|upkeep\n|turn|2\n|\n|t:|1776347011\n|detailschange|p1a: Aggron|Aggron-Mega, L50, M\n|-mega|p1a: Aggron|Aggron|Aggronite\n|move|p2b: Whimsicott|Tailwind|p2b: Whimsicott\n|-sidestart|p2: Axiagaga|move: Tailwind\n|move|p2a: Rotom|Volt Switch|p1a: Aggron\n|-damage|p1a: Aggron|72/100\n|\n|t:|1776347019\n|switch|p2a: Charizard|Charizard, L50, M, shiny|100/100|[from] Volt Switch\n|move|p1b: Ninetales|Dazzling Gleam|p2b: Whimsicott|[spread] p2a,p2b\n|-resisted|p2a: Charizard|1\n|-damage|p2a: Charizard|90/100\n|-damage|p2b: Whimsicott|72/100\n|move|p1a: Aggron|Heavy Slam|p2b: Whimsicott\n|-supereffective|p2b: Whimsicott|1\n|-damage|p2b: Whimsicott|0 fnt\n|faint|p2b: Whimsicott\n|\n|-weather|SunnyDay|[upkeep]\n|upkeep\n|\n|t:|1776347030\n|switch|p2b: Sneasler|Sneasler, L50, F|100/100\n|turn|3\n|\n|t:|1776347038\n|detailschange|p2a: Charizard|Charizard-Mega-Y, L50, M, shiny\n|-mega|p2a: Charizard|Charizard|Charizardite Y\n|move|p1b: Ninetales|Protect|p1b: Ninetales\n|-singleturn|p1b: Ninetales|Protect\n|move|p1a: Aggron|Protect|p1a: Aggron\n|-singleturn|p1a: Aggron|Protect\n|move|p2b: Sneasler|Close Combat|p1a: Aggron\n|-activate|p1a: Aggron|move: Protect\n|move|p2a: Charizard|Heat Wave|p1a: Aggron|[spread] \n|-activate|p1a: Aggron|move: Protect\n|-activate|p1b: Ninetales|move: Protect\n|\n|-weather|SunnyDay|[upkeep]\n|upkeep\n|turn|4\n|\n|t:|1776347056\n|switch|p1b: Pelipper|Pelipper, L50, M|100/100\n|-weather|RainDance|[from] ability: Drizzle|[of] p1b: Pelipper\n|move|p2b: Sneasler|Close Combat|p1a: Aggron\n|-supereffective|p1a: Aggron|1\n|-crit|p1a: Aggron\n|-damage|p1a: Aggron|0 fnt\n|-unboost|p2b: Sneasler|def|1\n|-unboost|p2b: Sneasler|spd|1\n|faint|p1a: Aggron\n|-enditem|p2b: Sneasler|White Herb\n|-clearnegativeboost|p2b: Sneasler|[silent]\n|move|p2a: Charizard|Heat Wave|p1b: Pelipper\n|-resisted|p1b: Pelipper|1\n|-damage|p1b: Pelipper|81/100\n|\n|-weather|RainDance|[upkeep]\n|upkeep\n|\n|t:|1776347071\n|switch|p1a: Sinistcha|Sinistcha-Masterpiece, L50|100/100\n|-heal|p1b: Pelipper|100/100|[from] ability: Hospitality|[of] p1a: Sinistcha\n|turn|5\n|\n|t:|1776347079\n|switch|p2a: Rotom|Rotom-Wash, L50|100/100\n|move|p2b: Sneasler|Protect|p2b: Sneasler\n|-singleturn|p2b: Sneasler|Protect\n|move|p1a: Sinistcha|Rage Powder|p1a: Sinistcha\n|-singleturn|p1a: Sinistcha|move: Rage Powder\n|move|p1b: Pelipper|Weather Ball|p2a: Rotom\n|-resisted|p2a: Rotom|1\n|-damage|p2a: Rotom|75/100\n|\n|-weather|RainDance|[upkeep]\n|-heal|p2a: Rotom|81/100|[from] item: Leftovers\n|-sideend|p2: Axiagaga|move: Tailwind\n|upkeep\n|turn|6\n|\n|t:|1776347098\n|move|p1b: Pelipper|Protect|p1b: Pelipper\n|-singleturn|p1b: Pelipper|Protect\n|move|p2b: Sneasler|Dire Claw|p1a: Sinistcha\n|-damage|p1a: Sinistcha|71/100\n|move|p2a: Rotom|Thunderbolt|p1b: Pelipper\n|-activate|p1b: Pelipper|move: Protect\n|move|p1a: Sinistcha|Matcha Gotcha|p2b: Sneasler|[spread] p2a\n|-miss|p1a: Sinistcha|p2b: Sneasler\n|-supereffective|p2a: Rotom|1\n|-damage|p2a: Rotom|22/100\n|-heal|p1a: Sinistcha|97/100|[from] drain|[of] p2a: Rotom\n|\n|-weather|RainDance|[upkeep]\n|-heal|p2a: Rotom|28/100|[from] item: Leftovers\n|-heal|p1a: Sinistcha|100/100|[from] item: Leftovers\n|upkeep\n|turn|7\n|\n|t:|1776347119\n|switch|p1b: Ninetales|Ninetales-Alola, L50, M|100/100\n|-weather|Snowscape|[from] ability: Snow Warning|[of] p1b: Ninetales\n|move|p2a: Rotom|Protect|p2a: Rotom\n|-singleturn|p2a: Rotom|Protect\n|move|p2b: Sneasler|Dire Claw|p1a: Sinistcha\n|-damage|p1a: Sinistcha|71/100\n|-status|p1a: Sinistcha|psn\n|move|p1a: Sinistcha|Matcha Gotcha|p2b: Sneasler|[spread] p2b\n|-activate|p2a: Rotom|move: Protect\n|-resisted|p2b: Sneasler|1\n|-damage|p2b: Sneasler|85/100\n|-heal|p1a: Sinistcha|78/100 psn|[from] drain|[of] p2b: Sneasler\n|\n|-weather|Snowscape|[upkeep]\n|-heal|p2a: Rotom|34/100|[from] item: Leftovers\n|-heal|p1a: Sinistcha|84/100 psn|[from] item: Leftovers\n|-damage|p1a: Sinistcha|72/100 psn|[from] psn\n|upkeep\n|turn|8\n|inactive|melmetal99 has 30 seconds left.\n|\n|t:|1776347144\n|move|p1a: Sinistcha|Protect|p1a: Sinistcha\n|-singleturn|p1a: Sinistcha|Protect\n|move|p2b: Sneasler|Dire Claw|p1b: Ninetales\n|-supereffective|p1b: Ninetales|1\n|-crit|p1b: Ninetales\n|-damage|p1b: Ninetales|0 fnt\n|faint|p1b: Ninetales\n|move|p2a: Rotom|Volt Switch|p1a: Sinistcha\n|-activate|p1a: Sinistcha|move: Protect\n|\n|-weather|Snowscape|[upkeep]\n|-heal|p2a: Rotom|39/100|[from] item: Leftovers\n|-heal|p1a: Sinistcha|78/100 psn|[from] item: Leftovers\n|-damage|p1a: Sinistcha|66/100 psn|[from] psn\n|upkeep\n|\n|t:|1776347149\n|switch|p1b: Pelipper|Pelipper, L50, M|100/100\n|-weather|RainDance|[from] ability: Drizzle|[of] p1b: Pelipper\n|turn|9\n|\n|t:|1776347157\n|move|p2b: Sneasler|Dire Claw|p1a: Sinistcha\n|-damage|p1a: Sinistcha|38/100 psn\n|move|p2a: Rotom|Thunderbolt|p1b: Pelipper\n|-supereffective|p1b: Pelipper|2\n|-enditem|p1b: Pelipper|Focus Sash\n|-damage|p1b: Pelipper|1/100\n|move|p1a: Sinistcha|Matcha Gotcha|p2b: Sneasler|[spread] p2a,p2b\n|-supereffective|p2a: Rotom|1\n|-resisted|p2b: Sneasler|1\n|-damage|p2a: Rotom|0 fnt\n|-heal|p1a: Sinistcha|56/100 psn|[from] drain|[of] p2a: Rotom\n|-damage|p2b: Sneasler|69/100\n|-heal|p1a: Sinistcha|63/100 psn|[from] drain|[of] p2b: Sneasler\n|-status|p2b: Sneasler|brn\n|faint|p2a: Rotom\n|move|p1b: Pelipper|Hurricane|p2b: Sneasler\n|-supereffective|p2b: Sneasler|1\n|-damage|p2b: Sneasler|0 fnt\n|faint|p2b: Sneasler\n|\n|-weather|RainDance|[upkeep]\n|-heal|p1a: Sinistcha|69/100 psn|[from] item: Leftovers\n|-damage|p1a: Sinistcha|57/100 psn|[from] psn\n|upkeep\n|\n|t:|1776347168\n|switch|p2a: Charizard|Charizard-Mega-Y, L50, M, shiny|90/100\n|-weather|SunnyDay|[from] ability: Drought|[of] p2a: Charizard\n|turn|10\n|\n|t:|1776347179\n|move|p2a: Charizard|Heat Wave|p1a: Sinistcha|[spread] p1b\n|-miss|p2a: Charizard|p1a: Sinistcha\n|-resisted|p1b: Pelipper|1\n|-crit|p1b: Pelipper\n|-damage|p1b: Pelipper|0 fnt\n|faint|p1b: Pelipper\n|move|p1a: Sinistcha|Matcha Gotcha|p2a: Charizard\n|-resisted|p2a: Charizard|2\n|-damage|p2a: Charizard|83/100\n|-heal|p1a: Sinistcha|60/100 psn|[from] drain|[of] p2a: Charizard\n|\n|-weather|SunnyDay|[upkeep]\n|-heal|p1a: Sinistcha|66/100 psn|[from] item: Leftovers\n|-damage|p1a: Sinistcha|54/100 psn|[from] psn\n|upkeep\n|turn|11\n|\n|t:|1776347185\n|move|p2a: Charizard|Heat Wave|p1a: Sinistcha\n|-supereffective|p1a: Sinistcha|1\n|-damage|p1a: Sinistcha|0 fnt\n|faint|p1a: Sinistcha\n|\n|win|Axiagaga\n|raw|melmetal99's rating: 1150 &rarr; <strong>1120</strong><br />(-30 for losing)\n|raw|Axiagaga's rating: 1079 &rarr; <strong>1113</strong><br />(+34 for winning)\n",
  "uploadtime": 1776347187,
  "views": 27,
  "formatid": "gen9championsvgc2026regma",
  "rating": 1113,
  "private": 0,
  "password": null
}