{
  "id": "gen9championsvgc2026regma-2587208710",
  "format": "[Gen 9 Champions] VGC 2026 Reg M-A",
  "players": [
    "Dis_Plot",
    "hide on whimscott"
  ],
  "log": "|j|\u2606Dis_Plot\n|j|\u2606hide on whimscott\n|t:|1776509153\n|gametype|doubles\n|player|p1|Dis_Plot|pokemaniac|1453\n|player|p2|hide on whimscott|artist-gen4|1359\n|gen|9\n|tier|[Gen 9 Champions] VGC 2026 Reg M-A\n|rated|\n|rule|Species Clause: Limit one of each Pok\u00e9mon\n|rule|Item Clause: Limit 1 of each item\n|clearpoke\n|poke|p1|Delphox, L50, F|\n|poke|p1|Sneasler, L50, F|\n|poke|p1|Clefable, L50, M|\n|poke|p1|Basculegion, L50, M|\n|poke|p1|Dragonite, L50, F|\n|poke|p1|Kingambit, L50, F|\n|poke|p2|Kingambit, L50, M|\n|poke|p2|Kangaskhan, L50, F|\n|poke|p2|Blastoise, L50, M|\n|poke|p2|Sinistcha, L50|\n|poke|p2|Aerodactyl, L50, M|\n|poke|p2|Farigiraf, L50, M|\n|teampreview|4\n|inactive|Battle timer is ON: inactive players will automatically lose when time's up. (requested by Dis_Plot)\n|\n|t:|1776509180\n|teamsize|p1|4\n|teamsize|p2|4\n|start\n|switch|p1a: Sneasler|Sneasler, L50, F|100/100\n|switch|p1b: Dragonite|Dragonite, L50, F|100/100\n|switch|p2a: Blastoise|Blastoise, L50, M|100/100\n|switch|p2b: Farigiraf|Farigiraf, L50, M|100/100\n|turn|1\n|inactive|Dis_Plot has 30 seconds left.\n|\n|t:|1776509209\n|detailschange|p2a: Blastoise|Blastoise-Mega, L50, M\n|-mega|p2a: Blastoise|Blastoise|Blastoisinite\n|move|p2a: Blastoise|Fake Out|p1b: Dragonite\n|-damage|p1b: Dragonite|96/100\n|move|p1a: Sneasler|Dire Claw|p2b: Farigiraf\n|-damage|p2b: Farigiraf|66/100\n|cant|p1b: Dragonite|flinch\n|move|p2b: Farigiraf|Trick Room|p2b: Farigiraf\n|-fieldstart|move: Trick Room|[of] p2b: Farigiraf\n|\n|upkeep\n|turn|2\n|\n|t:|1776509223\n|move|p1a: Sneasler|Protect|p1a: Sneasler\n|-singleturn|p1a: Sneasler|Protect\n|move|p2b: Farigiraf|Rain Dance|p2b: Farigiraf\n|-weather|RainDance\n|move|p2a: Blastoise|Water Spout|p1a: Sneasler|[spread] p1b\n|-activate|p1a: Sneasler|move: Protect\n|-resisted|p1b: Dragonite|1\n|-damage|p1b: Dragonite|45/100\n|move|p1b: Dragonite|Scale Shot|p2a: Blastoise\n|-damage|p2a: Blastoise|87/100\n|-damage|p2a: Blastoise|74/100\n|-hitcount|p2a: Blastoise|2\n|-unboost|p1b: Dragonite|def|1\n|-boost|p1b: Dragonite|spe|1\n|\n|-weather|RainDance|[upkeep]\n|upkeep\n|turn|3\n|\n|t:|1776509238\n|switch|p1a: Basculegion|Basculegion, L50, M|100/100\n|move|p1b: Dragonite|Protect|p1b: Dragonite\n|-singleturn|p1b: Dragonite|Protect\n|move|p2b: Farigiraf|Hyper Voice|p1a: Basculegion|[spread] \n|-activate|p1b: Dragonite|move: Protect\n|-immune|p1a: Basculegion\n|move|p2a: Blastoise|Water Spout|p1a: Basculegion|[spread] p1a\n|-activate|p1b: Dragonite|move: Protect\n|-resisted|p1a: Basculegion|1\n|-damage|p1a: Basculegion|57/100\n|\n|-weather|RainDance|[upkeep]\n|upkeep\n|turn|4\n|\n|t:|1776509252\n|switch|p1b: Sneasler|Sneasler, L50, F|100/100\n|move|p2b: Farigiraf|Hyper Voice|p1b: Sneasler|[spread] p1b\n|-immune|p1a: Basculegion\n|-damage|p1b: Sneasler|62/100\n|move|p2a: Blastoise|Dark Pulse|p1a: Basculegion\n|-supereffective|p1a: Basculegion|1\n|-damage|p1a: Basculegion|0 fnt\n|faint|p1a: Basculegion\n|\n|-weather|RainDance|[upkeep]\n|upkeep\n|\n|t:|1776509259\n|switch|p1a: Dragonite|Dragonite, L50, F|45/100\n|turn|5\n|\n|t:|1776509273\n|switch|p2a: Sinistcha|Sinistcha, L50|100/100\n|-heal|p2b: Farigiraf|91/100|[from] ability: Hospitality|[of] p2a: Sinistcha\n|move|p1a: Dragonite|Protect|p1a: Dragonite\n|-singleturn|p1a: Dragonite|Protect\n|move|p1b: Sneasler|Protect|p1b: Sneasler\n|-singleturn|p1b: Sneasler|Protect\n|move|p2b: Farigiraf|Hyper Voice|p1a: Dragonite|[spread] \n|-activate|p1a: Dragonite|move: Protect\n|-activate|p1b: Sneasler|move: Protect\n|\n|-weather|RainDance|[upkeep]\n|-fieldend|move: Trick Room\n|upkeep\n|turn|6\n|\n|t:|1776509287\n|move|p1b: Sneasler|Dire Claw|p2b: Farigiraf\n|-damage|p2b: Farigiraf|60/100\n|move|p1a: Dragonite|Scale Shot|p2b: Farigiraf\n|-damage|p2b: Farigiraf|49/100\n|-enditem|p2b: Farigiraf|Sitrus Berry|[eat]\n|-heal|p2b: Farigiraf|73/100|[from] item: Sitrus Berry\n|-damage|p2b: Farigiraf|63/100\n|-hitcount|p2b: Farigiraf|2\n|-unboost|p1a: Dragonite|def|1\n|-boost|p1a: Dragonite|spe|1\n|move|p2a: Sinistcha|Trick Room|p2a: Sinistcha\n|-fieldstart|move: Trick Room|[of] p2a: Sinistcha\n|move|p2b: Farigiraf|Trick Room|p2b: Farigiraf\n|-fieldend|move: Trick Room\n|\n|-weather|none\n|upkeep\n|turn|7\n|\n|t:|1776509301\n|move|p2a: Sinistcha|Rage Powder|p2a: Sinistcha\n|-singleturn|p2a: Sinistcha|move: Rage Powder\n|move|p1a: Dragonite|Scale Shot|p2a: Sinistcha\n|-damage|p2a: Sinistcha|89/100\n|-damage|p2a: Sinistcha|77/100\n|-damage|p2a: Sinistcha|65/100\n|-hitcount|p2a: Sinistcha|3\n|-unboost|p1a: Dragonite|def|1\n|-boost|p1a: Dragonite|spe|1\n|move|p1b: Sneasler|Dire Claw|p2a: Sinistcha\n|-damage|p2a: Sinistcha|29/100\n|move|p2b: Farigiraf|Trick Room|p2b: Farigiraf\n|-fieldstart|move: Trick Room|[of] p2b: Farigiraf\n|\n|upkeep\n|turn|8\n|inactive|Dis_Plot has 30 seconds left.\n|\n|t:|1776509328\n|switch|p1b: Delphox|Delphox, L50, F|100/100\n|move|p1a: Dragonite|Protect|p1a: Dragonite\n|-singleturn|p1a: Dragonite|Protect\n|move|p2b: Farigiraf|Hyper Voice|p1a: Dragonite|[spread] p1b\n|-activate|p1a: Dragonite|move: Protect\n|-damage|p1b: Delphox|70/100\n|move|p2a: Sinistcha|Life Dew|p2a: Sinistcha|[spread] p2a,p2b\n|-heal|p2a: Sinistcha|54/100\n|-heal|p2b: Farigiraf|88/100\n|\n|upkeep\n|turn|9\n|\n|t:|1776509347\n|switch|p2a: Blastoise|Blastoise-Mega, L50, M|74/100\n|detailschange|p1b: Delphox|Delphox-Mega, L50, F\n|-mega|p1b: Delphox|Delphox|Delphoxite\n|move|p1b: Delphox|Protect|p1b: Delphox\n|-singleturn|p1b: Delphox|Protect\n|move|p2b: Farigiraf|Rain Dance|p2b: Farigiraf\n|-weather|RainDance\n|move|p1a: Dragonite|Scale Shot|p2b: Farigiraf\n|-damage|p2b: Farigiraf|78/100\n|-damage|p2b: Farigiraf|67/100\n|-damage|p2b: Farigiraf|56/100\n|-damage|p2b: Farigiraf|45/100\n|-hitcount|p2b: Farigiraf|4\n|-unboost|p1a: Dragonite|def|1\n|-boost|p1a: Dragonite|spe|1\n|\n|-weather|RainDance|[upkeep]\n|upkeep\n|turn|10\n|\n|t:|1776509357\n|switch|p2b: Sinistcha|Sinistcha, L50|54/100\n|-heal|p2a: Blastoise|98/100|[from] ability: Hospitality|[of] p2b: Sinistcha\n|move|p2a: Blastoise|Water Spout|p1a: Dragonite|[spread] p1a,p1b\n|-resisted|p1a: Dragonite|1\n|-supereffective|p1b: Delphox|1\n|-crit|p1b: Delphox\n|-damage|p1a: Dragonite|0 fnt\n|-damage|p1b: Delphox|0 fnt\n|faint|p1a: Dragonite\n|faint|p1b: Delphox\n|\n|-weather|RainDance|[upkeep]\n|upkeep\n|-message|Dis_Plot forfeited.\n|\n|win|hide on whimscott\n|raw|Dis_Plot's rating: 1453 &rarr; <strong>1428</strong><br />(-25 for losing)\n|raw|hide on whimscott's rating: 1359 &rarr; <strong>1384</strong><br />(+25 for winning)\n",
  "uploadtime": 1776509362,
  "views": 25,
  "formatid": "gen9championsvgc2026regma",
  "rating": 1384,
  "private": 0,
  "password": null
}