{
  "id": "gen9championsvgc2026regma-2584704618",
  "format": "[Gen 9 Champions] VGC 2026 Reg M-A",
  "players": [
    "Logan Helfield",
    "drake78976"
  ],
  "log": "|j|\u2606Logan Helfield\n|j|\u2606drake78976\n|t:|1776277941\n|gametype|doubles\n|player|p1|Logan Helfield|riley|1070\n|player|p2|drake78976|li|1073\n|gen|9\n|tier|[Gen 9 Champions] VGC 2026 Reg M-A\n|rated|\n|rule|Species Clause: Limit one of each Pok\u00e9mon\n|rule|Item Clause: Limit 1 of each item\n|clearpoke\n|poke|p1|Feraligatr, L50, F|\n|poke|p1|Sableye, L50, F|\n|poke|p1|Raichu, L50, M|\n|poke|p1|Incineroar, L50, M|\n|poke|p1|Sinistcha-Masterpiece, L50|\n|poke|p1|Milotic, L50, F|\n|poke|p2|Aggron, L50, F|\n|poke|p2|Primarina, L50, M|\n|poke|p2|Hydreigon, L50, F|\n|poke|p2|Sinistcha, L50|\n|poke|p2|Glimmora, L50, F|\n|poke|p2|Farigiraf, L50, M|\n|teampreview|4\nLogan Helfield rejected open team sheets.\n|\n|t:|1776277968\n|teamsize|p1|4\n|teamsize|p2|4\n|start\n|switch|p1a: Feraligatr|Feraligatr, L50, F|100/100\n|switch|p1b: Sableye|Sableye, L50, F|100/100\n|switch|p2a: Farigiraf|Farigiraf, L50, M|100/100\n|switch|p2b: Hydreigon|Hydreigon, L50, F|100/100\n|turn|1\n|\n|t:|1776277988\n|move|p1b: Sableye|Rain Dance|p1b: Sableye\n|-weather|RainDance\n|move|p2b: Hydreigon|Draco Meteor|p1a: Feraligatr\n|-crit|p1a: Feraligatr\n|-damage|p1a: Feraligatr|0 fnt\n|-unboost|p2b: Hydreigon|spa|2\n|faint|p1a: Feraligatr\n|move|p2a: Farigiraf|Trick Room|p2a: Farigiraf\n|-fieldstart|move: Trick Room|[of] p2a: Farigiraf\n|\n|-weather|RainDance|[upkeep]\n|upkeep\n|\n|t:|1776278000\n|switch|p1a: Milotic|Milotic, L50, F|100/100\n|turn|2\n|\n|t:|1776278011\n|switch|p2b: Aggron|Aggron, L50, F|100/100\n|move|p1b: Sableye|Foul Play|p2a: Farigiraf\n|-supereffective|p2a: Farigiraf|1\n|-damage|p2a: Farigiraf|41/100\n|-enditem|p2a: Farigiraf|Sitrus Berry|[eat]\n|-heal|p2a: Farigiraf|66/100|[from] item: Sitrus Berry\n|move|p2a: Farigiraf|Light Screen|p2a: Farigiraf\n|-sidestart|p2: drake78976|move: Light Screen\n|move|p1a: Milotic|Scald|p2b: Aggron\n|-supereffective|p2b: Aggron|1\n|-damage|p2b: Aggron|21/100\n|\n|-weather|RainDance|[upkeep]\n|upkeep\n|turn|3\n|\n|t:|1776278034\n|switch|p2a: Sinistcha|Sinistcha, L50|100/100\n|-heal|p2b: Aggron|46/100|[from] ability: Hospitality|[of] p2a: Sinistcha\n|detailschange|p2b: Aggron|Aggron-Mega, L50, F\n|-mega|p2b: Aggron|Aggron|Aggronite\n|move|p2b: Aggron|Protect|p2b: Aggron\n|-singleturn|p2b: Aggron|Protect\n|move|p1b: Sableye|Foul Play|p2a: Sinistcha\n|-supereffective|p2a: Sinistcha|1\n|-damage|p2a: Sinistcha|69/100\n|move|p1a: Milotic|Scald|p2b: Aggron\n|-activate|p2b: Aggron|move: Protect\n|\n|-weather|RainDance|[upkeep]\n|upkeep\n|turn|4\n|\n|t:|1776278058\n|move|p2b: Aggron|Iron Defense|p2b: Aggron\n|-boost|p2b: Aggron|def|2\n|move|p1b: Sableye|Foul Play|p2a: Sinistcha\n|-supereffective|p2a: Sinistcha|1\n|-damage|p2a: Sinistcha|38/100\n|move|p2a: Sinistcha|Life Dew|p2a: Sinistcha|[spread] p2a,p2b\n|-heal|p2a: Sinistcha|63/100\n|-heal|p2b: Aggron|71/100\n|move|p1a: Milotic|Scald|p2a: Sinistcha\n|-resisted|p2a: Sinistcha|1\n|-damage|p2a: Sinistcha|47/100\n|-status|p2a: Sinistcha|brn\n|\n|-weather|RainDance|[upkeep]\n|-damage|p2a: Sinistcha|41/100 brn|[from] brn\n|upkeep\n|turn|5\n|\n|t:|1776278087\n|move|p2b: Aggron|Iron Defense|p2b: Aggron\n|-boost|p2b: Aggron|def|2\n|move|p1b: Sableye|Foul Play|p2b: Aggron\n|-damage|p2b: Aggron|61/100\n|move|p2a: Sinistcha|Life Dew|p2a: Sinistcha|[spread] p2a,p2b\n|-heal|p2a: Sinistcha|66/100 brn\n|-heal|p2b: Aggron|87/100\n|move|p1a: Milotic|Scald|p2b: Aggron\n|-damage|p2b: Aggron|50/100\n|\n|-weather|none\n|-damage|p2a: Sinistcha|60/100 brn|[from] brn\n|-fieldend|move: Trick Room\n|upkeep\n|turn|6\n|-message|Logan Helfield forfeited.\n|\n|win|drake78976\n|raw|Logan Helfield's rating: 1070 &rarr; <strong>1050</strong><br />(-20 for losing)\n|raw|drake78976's rating: 1073 &rarr; <strong>1102</strong><br />(+29 for winning)\n|l|\u2606Logan Helfield\n|player|p1|\n",
  "uploadtime": 1776278102,
  "views": 18,
  "formatid": "gen9championsvgc2026regma",
  "rating": 1050,
  "private": 0,
  "password": null
}