{
  "id": "gen9championsvgc2026regma-2585672432",
  "format": "[Gen 9 Champions] VGC 2026 Reg M-A",
  "players": [
    "Crash0utVGC",
    "jaffro1738"
  ],
  "log": "|j|\u2606Crash0utVGC\n|j|\u2606jaffro1738\n|t:|1776362694\n|gametype|doubles\n|player|p1|Crash0utVGC|colress|1206\n|player|p2|jaffro1738|265|1155\n|gen|9\n|tier|[Gen 9 Champions] VGC 2026 Reg M-A\n|rated|\n|rule|Species Clause: Limit one of each Pok\u00e9mon\n|rule|Item Clause: Limit 1 of each item\n|clearpoke\n|poke|p1|Aggron, L50, M|\n|poke|p1|Pelipper, L50, F|\n|poke|p1|Incineroar, L50, F|\n|poke|p1|Sinistcha, L50|\n|poke|p1|Basculegion, L50, M|\n|poke|p1|Dragonite, L50, F|\n|poke|p2|Slowbro, L50, F|\n|poke|p2|Farigiraf, L50, F|\n|poke|p2|Aerodactyl, L50, M|\n|poke|p2|Charizard, L50, F|\n|poke|p2|Oranguru, L50, M|\n|poke|p2|Basculegion-F, L50, F|\n|teampreview|4\njaffro1738 rejected open team sheets.\n|inactive|Battle timer is ON: inactive players will automatically lose when time's up. (requested by Crash0utVGC)\n|\n|t:|1776362741\n|teamsize|p1|4\n|teamsize|p2|4\n|start\n|switch|p1a: Aggron|Aggron, L50, M, shiny|100/100\n|switch|p1b: Incineroar|Incineroar, L50, F|100/100\n|switch|p2a: OR|Oranguru, L50, M|100/100\n|switch|p2b: SB|Slowbro, L50, F|100/100\n|-ability|p1b: Incineroar|Intimidate|boost\n|-fail|p2a: OR|unboost|Attack|[from] ability: Inner Focus|[of] p2a: OR\n|-unboost|p2b: SB|atk|1\n|turn|1\n|\n|t:|1776362754\n|detailschange|p1a: Aggron|Aggron-Mega, L50, M, shiny\n|-mega|p1a: Aggron|Aggron|Aggronite\n|detailschange|p2b: SB|Slowbro-Mega, L50, F\n|-mega|p2b: SB|Slowbro|Slowbronite\n|move|p1b: Incineroar|Taunt|p2a: OR\n|-start|p2a: OR|move: Taunt\n|-enditem|p2a: OR|Mental Herb\n|-end|p2a: OR|move: Taunt\n|move|p1a: Aggron|Iron Defense|p1a: Aggron\n|-boost|p1a: Aggron|def|2\n|move|p2b: SB|Nasty Plot|p2b: SB\n|-boost|p2b: SB|spa|2\n|move|p2a: OR|Trick Room|p2a: OR\n|-fieldstart|move: Trick Room|[of] p2a: OR\n|\n|upkeep\n|turn|2\n|inactive|jaffro1738 has 30 seconds left.\n|\n|t:|1776362785\n|move|p2b: SB|Scald|p1b: Incineroar\n|-supereffective|p1b: Incineroar|1\n|-damage|p1b: Incineroar|0 fnt\n|faint|p1b: Incineroar\n|move|p1a: Aggron|Body Press|p2a: OR\n|-damage|p2a: OR|41/100\n|move|p2a: OR|Instruct|p2b: SB\n|-singleturn|p2b: SB|move: Instruct|[of] p2a: OR\n|move|p2b: SB|Scald|p1a: Aggron\n|-damage|p1a: Aggron|39/100\n|\n|upkeep\n|\n|t:|1776362791\n|switch|p1b: Sinistcha|Sinistcha, L50|100/100\n|-heal|p1a: Aggron|64/100|[from] ability: Hospitality|[of] p1b: Sinistcha\n|turn|3\n|\n|t:|1776362807\n|move|p1a: Aggron|Protect|p1a: Aggron\n|-singleturn|p1a: Aggron|Protect\n|move|p2b: SB|Flamethrower|p1b: Sinistcha\n|-supereffective|p1b: Sinistcha|1\n|-damage|p1b: Sinistcha|12/100\n|-enditem|p1b: Sinistcha|Sitrus Berry|[eat]\n|-heal|p1b: Sinistcha|36/100|[from] item: Sitrus Berry\n|move|p2a: OR|Psychic Terrain|p2a: OR\n|-fieldstart|move: Psychic Terrain\n|move|p1b: Sinistcha|Trick Room|p1b: Sinistcha\n|-fieldend|move: Trick Room\n|\n|upkeep\n|turn|4\n|\n|t:|1776362819\n|move|p1b: Sinistcha|Matcha Gotcha|p2b: SB|[spread] p2a,p2b\n|-supereffective|p2b: SB|1\n|-damage|p2a: OR|23/100\n|-heal|p1b: Sinistcha|47/100|[from] drain|[of] p2a: OR\n|-damage|p2b: SB|59/100\n|-heal|p1b: Sinistcha|70/100|[from] drain|[of] p2b: SB\n|-status|p2b: SB|brn\n|move|p1a: Aggron|Body Press|p2a: OR\n|-damage|p2a: OR|0 fnt\n|faint|p2a: OR\n|move|p2b: SB|Flamethrower|p1a: Aggron\n|-supereffective|p1a: Aggron|1\n|-damage|p1a: Aggron|0 fnt\n|faint|p1a: Aggron\n|\n|-damage|p2b: SB|53/100 brn|[from] brn\n|upkeep\n|\n|t:|1776362829\n|switch|p2a: CH|Charizard, L50, F|100/100\n|switch|p1a: Pelipper|Pelipper, L50, F|100/100\n|-weather|RainDance|[from] ability: Drizzle|[of] p1a: Pelipper\n|turn|5\n|-message|Crash0utVGC forfeited.\n|\n|win|jaffro1738\n|raw|Crash0utVGC's rating: 1206 &rarr; <strong>1177</strong><br />(-29 for losing)\n|raw|jaffro1738's rating: 1155 &rarr; <strong>1184</strong><br />(+29 for winning)\n",
  "uploadtime": 1776362834,
  "views": 19,
  "formatid": "gen9championsvgc2026regma",
  "rating": 1177,
  "private": 0,
  "password": null
}