{
  "id": "gen9championsvgc2026regma-2588776970",
  "format": "[Gen 9 Champions] VGC 2026 Reg M-A",
  "players": [
    "mizutiga",
    "Cerathys"
  ],
  "log": "|j|\u2606mizutiga\n|j|\u2606Cerathys\n|t:|1776669421\n|gametype|doubles\n|player|p1|mizutiga|266|1022\n|player|p2|Cerathys|170|1095\n|gen|9\n|tier|[Gen 9 Champions] VGC 2026 Reg M-A\n|rated|\n|rule|Species Clause: Limit one of each Pok\u00e9mon\n|rule|Item Clause: Limit 1 of each item\n|clearpoke\n|poke|p1|Serperior, L50, F, shiny|\n|poke|p1|Incineroar, L50, M|\n|poke|p1|Tauros-Paldea-Aqua, L50, M|\n|poke|p1|Pelipper, L50, M|\n|poke|p1|Dragonite, L50, F|\n|poke|p1|Milotic, L50, M|\n|poke|p2|Blastoise, L50, F|\n|poke|p2|Farigiraf, L50, F|\n|poke|p2|Sinistcha, L50|\n|poke|p2|Camerupt, L50, M|\n|poke|p2|Basculegion, L50, M|\n|poke|p2|Sneasler, L50, F|\n|teampreview|4\n|\n|t:|1776669466\n|teamsize|p1|4\n|teamsize|p2|4\n|start\n|switch|p1a: Incineroar|Incineroar, L50, M|100/100\n|switch|p1b: Pelipper|Pelipper, L50, M|100/100\n|switch|p2a: Blastoise|Blastoise, L50, F|100/100\n|switch|p2b: Farigiraf|Farigiraf, L50, F|100/100\n|-weather|RainDance|[from] ability: Drizzle|[of] p1b: Pelipper\n|-ability|p1a: Incineroar|Intimidate|boost\n|-unboost|p2a: Blastoise|atk|1\n|-unboost|p2b: Farigiraf|atk|1\n|turn|1\n|\n|t:|1776669495\n|detailschange|p2a: Blastoise|Blastoise-Mega, L50, F\n|-mega|p2a: Blastoise|Blastoise|Blastoisinite\n|move|p2a: Blastoise|Fake Out|p1b: Pelipper\n|-damage|p1b: Pelipper|95/100\n|move|p1a: Incineroar|Fake Out||[still]\n|cant|p2b: Farigiraf|ability: Armor Tail|Fake Out|[of] p1a: Incineroar\n|cant|p1b: Pelipper|flinch\n|move|p2b: Farigiraf|Trick Room|p2b: Farigiraf\n|-fieldstart|move: Trick Room|[of] p2b: Farigiraf\n|\n|-weather|RainDance|[upkeep]\n|upkeep\n|turn|2\n|\n|t:|1776669519\n|switch|p1a: Dragonite|Dragonite, L50, F|100/100\n|switch|p1b: Milotic|Milotic, L50, M|100/100\n|move|p2b: Farigiraf|Dazzling Gleam|p1b: Milotic|[spread] p1a,p1b\n|-supereffective|p1a: Dragonite|1\n|-damage|p1a: Dragonite|87/100\n|-damage|p1b: Milotic|89/100\n|move|p2a: Blastoise|Dragon Pulse|p1a: Dragonite\n|-supereffective|p1a: Dragonite|1\n|-damage|p1a: Dragonite|0 fnt\n|faint|p1a: Dragonite\n|\n|-weather|RainDance|[upkeep]\n|-heal|p1b: Milotic|95/100|[from] item: Leftovers\n|upkeep\n|\n|t:|1776669534\n|switch|p1a: Pelipper|Pelipper, L50, M|95/100\n|turn|3\n|\n|t:|1776669552\n|move|p2b: Farigiraf|Dazzling Gleam|p1a: Pelipper|[spread] p1a,p1b\n|-damage|p1a: Pelipper|75/100\n|-damage|p1b: Milotic|84/100\n|move|p1a: Pelipper|Hurricane|p2a: Blastoise\n|-damage|p2a: Blastoise|70/100\n|-start|p2a: Blastoise|confusion\n|-activate|p2a: Blastoise|confusion\n|-damage|p2a: Blastoise|64/100|[from] confusion\n|move|p1b: Milotic|Alluring Voice|p2a: Blastoise\n|-damage|p2a: Blastoise|48/100\n|\n|-weather|RainDance|[upkeep]\n|-heal|p1b: Milotic|90/100|[from] item: Leftovers\n|upkeep\n|turn|4\n|\n|t:|1776669573\n|move|p2b: Farigiraf|Dazzling Gleam|p1a: Pelipper|[spread] p1a,p1b\n|-damage|p1a: Pelipper|53/100\n|-damage|p1b: Milotic|78/100\n|move|p1a: Pelipper|Hurricane|p2a: Blastoise\n|-damage|p2a: Blastoise|15/100\n|-activate|p2a: Blastoise|confusion\n|-damage|p2a: Blastoise|10/100|[from] confusion\n|move|p1b: Milotic|Alluring Voice|p2a: Blastoise\n|-damage|p2a: Blastoise|0 fnt\n|faint|p2a: Blastoise\n|\n|-weather|RainDance|[upkeep]\n|-heal|p1b: Milotic|84/100|[from] item: Leftovers\n|upkeep\n|\n|t:|1776669587\n|switch|p2a: Sinistcha|Sinistcha, L50|100/100\n|turn|5\n|\n|t:|1776669605\n|switch|p1b: Incineroar|Incineroar, L50, M|100/100\n|-ability|p1b: Incineroar|Intimidate|boost\n|-unboost|p2a: Sinistcha|atk|1\n|-unboost|p2b: Farigiraf|atk|1\n|move|p2b: Farigiraf|Dazzling Gleam|p1a: Pelipper|[spread] p1a,p1b\n|-damage|p1a: Pelipper|32/100\n|-damage|p1b: Incineroar|90/100\n|move|p1a: Pelipper|Hurricane|p2a: Sinistcha\n|-supereffective|p2a: Sinistcha|1\n|-damage|p2a: Sinistcha|33/100\n|-enditem|p2a: Sinistcha|Sitrus Berry|[eat]\n|-heal|p2a: Sinistcha|58/100|[from] item: Sitrus Berry\n|move|p2a: Sinistcha|Matcha Gotcha|p1a: Pelipper|[spread] p1b\n|-miss|p2a: Sinistcha|p1a: Pelipper\n|-resisted|p1b: Incineroar|1\n|-damage|p1b: Incineroar|81/100\n|-heal|p2a: Sinistcha|63/100|[from] drain|[of] p1b: Incineroar\n|\n|-weather|none\n|-fieldend|move: Trick Room\n|upkeep\n|turn|6\n|\n|t:|1776669633\n|move|p2a: Sinistcha|Matcha Gotcha|p1b: Incineroar|[spread] p1a,p1b\n|-resisted|p1b: Incineroar|1\n|-damage|p1a: Pelipper|0 fnt\n|-heal|p2a: Sinistcha|78/100|[from] drain|[of] p1a: Pelipper\n|-damage|p1b: Incineroar|72/100\n|-heal|p2a: Sinistcha|83/100|[from] drain|[of] p1b: Incineroar\n|faint|p1a: Pelipper\n|move|p1b: Incineroar|Darkest Lariat|p2b: Farigiraf\n|-supereffective|p2b: Farigiraf|1\n|-damage|p2b: Farigiraf|34/100\n|move|p2b: Farigiraf|Dazzling Gleam|p1b: Incineroar\n|-damage|p1b: Incineroar|58/100\n|\n|upkeep\n|\n|t:|1776669637\n|switch|p1a: Milotic|Milotic, L50, M|84/100\n|turn|7\n|\n|t:|1776669654\n|move|p2a: Sinistcha|Rage Powder|p2a: Sinistcha\n|-singleturn|p2a: Sinistcha|move: Rage Powder\n|move|p1a: Milotic|Icy Wind|p2b: Farigiraf|[spread] p2a,p2b\n|-supereffective|p2a: Sinistcha|1\n|-damage|p2a: Sinistcha|64/100\n|-damage|p2b: Farigiraf|27/100\n|-unboost|p2a: Sinistcha|spe|1\n|-unboost|p2b: Farigiraf|spe|1\n|move|p1b: Incineroar|Flare Blitz|p2a: Sinistcha\n|-supereffective|p2a: Sinistcha|1\n|-damage|p2a: Sinistcha|0 fnt\n|faint|p2a: Sinistcha\n|-damage|p1b: Incineroar|40/100|[from] Recoil\n|-enditem|p1b: Incineroar|Sitrus Berry|[eat]\n|-heal|p1b: Incineroar|65/100|[from] item: Sitrus Berry\n|move|p2b: Farigiraf|Dazzling Gleam|p1b: Incineroar|[spread] p1a,p1b\n|-crit|p1a: Milotic\n|-damage|p1a: Milotic|68/100\n|-damage|p1b: Incineroar|54/100\n|\n|-heal|p1a: Milotic|74/100|[from] item: Leftovers\n|upkeep\n|\n|t:|1776669670\n|switch|p2a: Basculegion|Basculegion, L50, M|100/100\n|turn|8\n|\n|t:|1776669681\n|move|p2a: Basculegion|Last Respects|p1a: Milotic\n|-damage|p1a: Milotic|5/100\n|move|p1a: Milotic|Life Dew|p1a: Milotic|[spread] p1a,p1b\n|-heal|p1a: Milotic|30/100\n|-heal|p1b: Incineroar|79/100\n|move|p1b: Incineroar|Darkest Lariat|p2a: Basculegion\n|-supereffective|p2a: Basculegion|1\n|-damage|p2a: Basculegion|23/100\n|move|p2b: Farigiraf|Dazzling Gleam|p1a: Milotic|[spread] p1a,p1b\n|-damage|p1a: Milotic|18/100\n|-damage|p1b: Incineroar|69/100\n|\n|-heal|p1a: Milotic|24/100|[from] item: Leftovers\n|upkeep\n|turn|9\n|\n|t:|1776669698\n|move|p2a: Basculegion|Last Respects|p1b: Incineroar\n|-resisted|p1b: Incineroar|1\n|-damage|p1b: Incineroar|23/100\n|move|p1a: Milotic|Life Dew|p1a: Milotic|[spread] p1a,p1b\n|-heal|p1a: Milotic|50/100\n|-heal|p1b: Incineroar|49/100\n|move|p1b: Incineroar|Darkest Lariat|p2a: Basculegion\n|-supereffective|p2a: Basculegion|1\n|-damage|p2a: Basculegion|0 fnt\n|faint|p2a: Basculegion\n|move|p2b: Farigiraf|Dazzling Gleam|p1b: Incineroar|[spread] p1a,p1b\n|-damage|p1a: Milotic|38/100\n|-damage|p1b: Incineroar|38/100\n|\n|-heal|p1a: Milotic|44/100|[from] item: Leftovers\n|upkeep\n|turn|10\n|l|\u2606Cerathys\n|player|p2|\n|inactive|Battle timer is ON: inactive players will automatically lose when time's up. (requested by mizutiga)\n|inactive|Cerathys has 30 seconds to reconnect!\n|inactive|Cerathys has 20 seconds to reconnect!\n|inactive|Cerathys has 15 seconds to reconnect!\n|inactive|Cerathys has 10 seconds to reconnect!\n|inactive|Cerathys has 5 seconds to reconnect!\n|-message|Cerathys lost due to inactivity.\n|\n|win|mizutiga\n|raw|mizutiga's rating: 1022 &rarr; <strong>1066</strong><br />(+44 for winning)\n|raw|Cerathys's rating: 1095 &rarr; <strong>1066</strong><br />(-29 for losing)\n",
  "uploadtime": 1776670026,
  "views": 11,
  "formatid": "gen9championsvgc2026regma",
  "rating": 1066,
  "private": 0,
  "password": null
}