{
  "id": "gen9championsvgc2026regma-2582194820",
  "format": "[Gen 9 Champions] VGC 2026 Reg M-A",
  "players": [
    "ironman3168",
    "ysaw411"
  ],
  "log": "|j|\u2606ironman3168\n|j|\u2606ysaw411\n|t:|1776069861\n|gametype|doubles\n|player|p1|ironman3168|ash|1098\n|player|p2|ysaw411|1|1139\n|gen|9\n|tier|[Gen 9 Champions] VGC 2026 Reg M-A\n|rated|\n|rule|Species Clause: Limit one of each Pok\u00e9mon\n|rule|Item Clause: Limit 1 of each item\n|clearpoke\n|poke|p1|Drampa, L50, F|\n|poke|p1|Sinistcha, L50|\n|poke|p1|Farigiraf, L50, M|\n|poke|p1|Torkoal, L50, F|\n|poke|p1|Incineroar, L50, F|\n|poke|p1|Kingambit, L50, F|\n|poke|p2|Milotic, L50, F|\n|poke|p2|Delphox, L50, M|\n|poke|p2|Garchomp, L50, M|\n|poke|p2|Aerodactyl, L50, F|\n|poke|p2|Sneasler, L50, F|\n|poke|p2|Lopunny, L50, F|\n|teampreview|4\n|inactive|Battle timer is ON: inactive players will automatically lose when time's up. (requested by ironman3168)\n|inactive|ysaw411 has 60 seconds left.\n|\n|t:|1776069927\n|teamsize|p1|4\n|teamsize|p2|4\n|start\n|switch|p1a: Magnetic|Sinistcha, L50|100/100\n|switch|p1b: Farigiraf|Farigiraf, L50, M|100/100\n|switch|p2a: Lopunny|Lopunny, L50, F|100/100\n|switch|p2b: Garchomp|Garchomp, L50, M|100/100\n|turn|1\n|\n|t:|1776069951\n|detailschange|p2a: Lopunny|Lopunny-Mega, L50, F\n|-mega|p2a: Lopunny|Lopunny|Lopunnite\n|move|p1a: Magnetic|Rage Powder|p1a: Magnetic\n|-singleturn|p1a: Magnetic|move: Rage Powder\n|move|p2b: Garchomp|Dragon Claw|p1a: Magnetic\n|-damage|p1a: Magnetic|58/100\n|move|p2a: Lopunny|Close Combat|p1a: Magnetic\n|-damage|p1a: Magnetic|0 fnt\n|-unboost|p2a: Lopunny|def|1\n|-unboost|p2a: Lopunny|spd|1\n|faint|p1a: Magnetic\n|move|p1b: Farigiraf|Trick Room|p1b: Farigiraf\n|-fieldstart|move: Trick Room|[of] p1b: Farigiraf\n|\n|upkeep\n|\n|t:|1776069968\n|switch|p1a: Potential|Torkoal, L50, F|100/100\n|-weather|SunnyDay|[from] ability: Drought|[of] p1a: Potential\n|turn|2\n|\n|t:|1776069985\n|switch|p2a: Milotic|Milotic, L50, F|100/100\n|move|p1a: Potential|Will-O-Wisp|p2b: Garchomp\n|-status|p2b: Garchomp|brn\n|move|p1b: Farigiraf|Psychic|p2a: Milotic\n|-damage|p2a: Milotic|80/100\n|move|p2b: Garchomp|Dragon Claw|p1a: Potential\n|-damage|p1a: Potential|85/100\n|\n|-weather|SunnyDay|[upkeep]\n|-heal|p2a: Milotic|86/100|[from] item: Leftovers\n|-damage|p2b: Garchomp|95/100 brn|[from] brn\n|upkeep\n|turn|3\n|\n|t:|1776070008\n|switch|p2b: Delphox|Delphox, L50, M|100/100\n|move|p1b: Farigiraf|Helping Hand|p1a: Potential\n|-singleturn|p1a: Potential|Helping Hand|[of] p1b: Farigiraf\n|move|p1a: Potential|Eruption|p2b: Delphox|[spread] p2a,p2b\n|-resisted|p2a: Milotic|1\n|-resisted|p2b: Delphox|1\n|-damage|p2a: Milotic|48/100\n|-damage|p2b: Delphox|41/100\n|move|p2a: Milotic|Coil|p2a: Milotic\n|-boost|p2a: Milotic|atk|1\n|-boost|p2a: Milotic|def|1\n|-boost|p2a: Milotic|accuracy|1\n|\n|-weather|SunnyDay|[upkeep]\n|-heal|p2a: Milotic|53/100|[from] item: Leftovers\n|upkeep\n|turn|4\n|\n|t:|1776070022\n|move|p1b: Farigiraf|Helping Hand|p1a: Potential\n|-singleturn|p1a: Potential|Helping Hand|[of] p1b: Farigiraf\n|move|p2a: Milotic|Protect|p2a: Milotic\n|-singleturn|p2a: Milotic|Protect\n|move|p2b: Delphox|Protect|p2b: Delphox\n|-singleturn|p2b: Delphox|Protect\n|move|p1a: Potential|Eruption|p2a: Milotic|[spread] \n|-activate|p2a: Milotic|move: Protect\n|-activate|p2b: Delphox|move: Protect\n|\n|-weather|SunnyDay|[upkeep]\n|-heal|p2a: Milotic|59/100|[from] item: Leftovers\n|upkeep\n|turn|5\n|\n|t:|1776070041\n|switch|p2b: Garchomp|Garchomp, L50, M|95/100 brn\n|move|p1b: Farigiraf|Helping Hand|p1a: Potential\n|-singleturn|p1a: Potential|Helping Hand|[of] p1b: Farigiraf\n|move|p1a: Potential|Eruption|p2a: Milotic|[spread] p2a,p2b\n|-resisted|p2a: Milotic|1\n|-resisted|p2b: Garchomp|1\n|-damage|p2a: Milotic|25/100\n|-damage|p2b: Garchomp|39/100 brn\n|move|p2a: Milotic|Muddy Water|p1a: Potential|[spread] p1a,p1b\n|-supereffective|p1a: Potential|1\n|-damage|p1a: Potential|57/100\n|-damage|p1b: Farigiraf|90/100\n|-unboost|p1b: Farigiraf|accuracy|1\n|\n|-weather|SunnyDay|[upkeep]\n|-heal|p2a: Milotic|31/100|[from] item: Leftovers\n|-damage|p2b: Garchomp|33/100 brn|[from] brn\n|-fieldend|move: Trick Room\n|upkeep\n|turn|6\n|inactive|ironman3168 has 30 seconds left.\n|inactive|ysaw411 has 30 seconds left.\n|inactive|ysaw411 has 20 seconds left.\n|\n|t:|1776070080\n|move|p2b: Garchomp|Stomping Tantrum|p1a: Potential\n|-supereffective|p1a: Potential|1\n|-damage|p1a: Potential|25/100\n|move|p2a: Milotic|Muddy Water|p1a: Potential|[spread] p1a,p1b\n|-supereffective|p1a: Potential|1\n|-damage|p1a: Potential|0 fnt\n|-damage|p1b: Farigiraf|79/100\n|faint|p1a: Potential\n|move|p1b: Farigiraf|Trick Room|p1b: Farigiraf\n|-fieldstart|move: Trick Room|[of] p1b: Farigiraf\n|\n|-weather|none\n|-heal|p2a: Milotic|37/100|[from] item: Leftovers\n|-damage|p2b: Garchomp|27/100 brn|[from] brn\n|upkeep\n|\n|t:|1776070086\n|switch|p1a: Drampa|Drampa, L50, F|100/100\n|-ability|p1a: Drampa|Cloud Nine\n|turn|7\n|\n|t:|1776070101\n|detailschange|p1a: Drampa|Drampa-Mega, L50, F\n|-mega|p1a: Drampa|Drampa|Drampanite\n|move|p1b: Farigiraf|Helping Hand|p1a: Drampa\n|-singleturn|p1a: Drampa|Helping Hand|[of] p1b: Farigiraf\n|move|p2a: Milotic|Protect|p2a: Milotic\n|-singleturn|p2a: Milotic|Protect\n|move|p1a: Drampa|Hyper Voice|p2a: Milotic|[spread] p2b\n|-activate|p2a: Milotic|move: Protect\n|-damage|p2b: Garchomp|0 fnt\n|faint|p2b: Garchomp\n|\n|-heal|p2a: Milotic|43/100|[from] item: Leftovers\n|upkeep\n|\n|t:|1776070116\n|switch|p2b: Delphox|Delphox, L50, M|41/100\n|turn|8\n|\n|t:|1776070138\n|move|p1b: Farigiraf|Helping Hand|p1a: Drampa\n|-singleturn|p1a: Drampa|Helping Hand|[of] p1b: Farigiraf\n|move|p2b: Delphox|Protect|p2b: Delphox\n|-singleturn|p2b: Delphox|Protect\n|move|p1a: Drampa|Hyper Voice|p2b: Delphox|[spread] p2a\n|-activate|p2b: Delphox|move: Protect\n|-damage|p2a: Milotic|0 fnt\n|faint|p2a: Milotic\n|\n|upkeep\n|-message|ysaw411 forfeited.\n|\n|win|ironman3168\n|raw|ironman3168's rating: 1098 &rarr; <strong>1126</strong><br />(+28 for winning)\n|raw|ysaw411's rating: 1139 &rarr; <strong>1111</strong><br />(-28 for losing)\n|l|\u2606ysaw411\n|player|p2|\n",
  "uploadtime": 1776070152,
  "views": 21,
  "formatid": "gen9championsvgc2026regma",
  "rating": 1111,
  "private": 0,
  "password": null
}