{
  "id": "gen9championsvgc2026regma-2585090522",
  "format": "[Gen 9 Champions] VGC 2026 Reg M-A",
  "players": [
    "annova",
    "G4rdivoir"
  ],
  "log": "|j|\u2606annova\n|j|\u2606G4rdivoir\n|t:|1776310726\n|gametype|doubles\n|player|p1|annova|2|1046\n|player|p2|G4rdivoir|miku-fire|1070\n|gen|9\n|tier|[Gen 9 Champions] VGC 2026 Reg M-A\n|rated|\n|rule|Species Clause: Limit one of each Pok\u00e9mon\n|rule|Item Clause: Limit 1 of each item\n|clearpoke\n|poke|p1|Maushold, L50|\n|poke|p1|Lucario, L50, M|\n|poke|p1|Froslass, L50, F|\n|poke|p1|Aerodactyl, L50, M|\n|poke|p1|Sylveon, L50, M|\n|poke|p1|Incineroar, L50, M|\n|poke|p2|Delphox, L50, F|\n|poke|p2|Basculegion, L50, M|\n|poke|p2|Garchomp, L50, M|\n|poke|p2|Hawlucha, L50, F|\n|poke|p2|Sneasler, L50, M|\n|poke|p2|Whimsicott, L50, F|\n|teampreview|4\n|inactive|Battle timer is ON: inactive players will automatically lose when time's up. (requested by annova)\n|\n|t:|1776310745\n|teamsize|p1|4\n|teamsize|p2|4\n|start\n|switch|p1a: Aerodactyl|Aerodactyl, L50, M|100/100\n|switch|p1b: Maushold|Maushold, L50|100/100\n|switch|p2a: Sneasler|Sneasler, L50, M|100/100\n|switch|p2b: Whimsicott|Whimsicott, L50, F|100/100\n|-ability|p1a: Aerodactyl|Unnerve\n|turn|1\n|\n|t:|1776310762\n|move|p1b: Maushold|Protect|p1b: Maushold\n|-singleturn|p1b: Maushold|Protect\n|move|p2a: Sneasler|Fake Out|p1a: Aerodactyl\n|-resisted|p1a: Aerodactyl|1\n|-damage|p1a: Aerodactyl|91/100\n|move|p2b: Whimsicott|Tailwind|p2b: Whimsicott\n|-sidestart|p2: G4rdivoir|move: Tailwind\n|cant|p1a: Aerodactyl|flinch\n|\n|upkeep\n|turn|2\n|inactive|G4rdivoir has 30 seconds left.\n|inactive|G4rdivoir has 20 seconds left.\n|\n|t:|1776310801\n|move|p1b: Maushold|Follow Me|p1b: Maushold\n|-singleturn|p1b: Maushold|move: Follow Me\n|move|p2b: Whimsicott|Encore|p1b: Maushold\n|-start|p1b: Maushold|Encore\n|move|p2a: Sneasler|Close Combat|p1b: Maushold\n|-supereffective|p1b: Maushold|1\n|-damage|p1b: Maushold|0 fnt\n|-unboost|p2a: Sneasler|def|1\n|-unboost|p2a: Sneasler|spd|1\n|faint|p1b: Maushold\n|-enditem|p2a: Sneasler|White Herb\n|-clearnegativeboost|p2a: Sneasler|[silent]\n|move|p1a: Aerodactyl|Dual Wingbeat|p2a: Sneasler\n|-supereffective|p2a: Sneasler|1\n|-damage|p2a: Sneasler|38/100\n|-supereffective|p2a: Sneasler|1\n|-damage|p2a: Sneasler|0 fnt\n|faint|p2a: Sneasler\n|-hitcount|p2: Sneasler|2\n|\n|upkeep\n|\n|t:|1776310819\n|switch|p2a: Hawlucha|Hawlucha, L50, F|100/100\n|switch|p1b: Incineroar|Incineroar, L50, M|100/100\n|-ability|p2a: Hawlucha|Mold Breaker\n|-ability|p1b: Incineroar|Intimidate|boost\n|-unboost|p2a: Hawlucha|atk|1\n|-unboost|p2b: Whimsicott|atk|1\n|turn|3\n|inactive|G4rdivoir has 30 seconds left.\n|inactive|G4rdivoir has 20 seconds left.\n|\n|t:|1776310857\n|detailschange|p2a: Hawlucha|Hawlucha-Mega, L50, F\n|-mega|p2a: Hawlucha|Hawlucha|Hawluchanite\n|move|p2a: Hawlucha|Protect|p2a: Hawlucha\n|-singleturn|p2a: Hawlucha|Protect\n|move|p1b: Incineroar|Fake Out|p2a: Hawlucha\n|-activate|p2a: Hawlucha|move: Protect\n|move|p2b: Whimsicott|Encore|p1b: Incineroar\n|-hint|Since gen 7, Dark is immune to Prankster moves.\n|-immune|p1b: Incineroar\n|move|p1a: Aerodactyl|Tailwind|p1a: Aerodactyl\n|-sidestart|p1: annova|move: Tailwind\n|\n|upkeep\n|turn|4\n|\n|t:|1776310881\n|switch|p1a: Froslass|Froslass, L50, F|100/100\n|switch|p2b: Garchomp|Garchomp, L50, M, shiny|100/100\n|move|p2a: Hawlucha|Stone Edge|p1a: Froslass\n|-supereffective|p1a: Froslass|1\n|-damage|p1a: Froslass|16/100\n|move|p1b: Incineroar|Flare Blitz|p2b: Garchomp\n|-resisted|p2b: Garchomp|1\n|-damage|p2b: Garchomp|80/100\n|-damage|p1b: Incineroar|88/100|[from] ability: Rough Skin|[of] p2b: Garchomp\n|-damage|p1b: Incineroar|81/100|[from] Recoil\n|\n|-heal|p2b: Garchomp|86/100|[from] item: Leftovers\n|-sideend|p2: G4rdivoir|move: Tailwind\n|upkeep\n|turn|5\n|\n|t:|1776310900\n|switch|p2b: Whimsicott|Whimsicott, L50, F|100/100\n|detailschange|p1a: Froslass|Froslass-Mega, L50, F\n|-mega|p1a: Froslass|Froslass|Froslassite\n|-weather|Snowscape|[from] ability: Snow Warning|[of] p1a: Froslass\n|move|p2a: Hawlucha|Protect|p2a: Hawlucha\n|-singleturn|p2a: Hawlucha|Protect\n|move|p1a: Froslass|Blizzard|p2a: Hawlucha|[spread] p2b\n|-activate|p2a: Hawlucha|move: Protect\n|-supereffective|p2b: Whimsicott|1\n|-enditem|p2b: Whimsicott|Focus Sash\n|-damage|p2b: Whimsicott|1/100\n|move|p1b: Incineroar|Flare Blitz|p2a: Hawlucha\n|-activate|p2a: Hawlucha|move: Protect\n|\n|-weather|Snowscape|[upkeep]\n|upkeep\n|turn|6\n|inactive|annova has 30 seconds left.\n|\n|t:|1776310927\n|move|p2b: Whimsicott|Tailwind|p2b: Whimsicott\n|-sidestart|p2: G4rdivoir|move: Tailwind\n|move|p1a: Froslass|Blizzard|p2a: Hawlucha|[spread] p2a,p2b\n|-supereffective|p2a: Hawlucha|1\n|-supereffective|p2b: Whimsicott|1\n|-damage|p2a: Hawlucha|0 fnt\n|-damage|p2b: Whimsicott|0 fnt\n|faint|p2a: Hawlucha\n|faint|p2b: Whimsicott\n|move|p1b: Incineroar|Flare Blitz|p2: Hawlucha|[notarget]\n|-fail|p1b: Incineroar\n|\n|-weather|Snowscape|[upkeep]\n|-sideend|p1: annova|move: Tailwind\n|upkeep\n|\n|t:|1776310942\n|switch|p2b: Garchomp|Garchomp, L50, M, shiny|86/100\n|turn|7\n|\n|t:|1776310948\n|switch|p1b: Aerodactyl|Aerodactyl, L50, M|91/100\n|-ability|p1b: Aerodactyl|Unnerve\n|move|p1a: Froslass|Protect|p1a: Froslass\n|-singleturn|p1a: Froslass|Protect\n|move|p2b: Garchomp|Earthquake|p1b: Aerodactyl|[spread] \n|-activate|p1a: Froslass|move: Protect\n|-immune|p1b: Aerodactyl\n|\n|-weather|Snowscape|[upkeep]\n|-heal|p2b: Garchomp|92/100|[from] item: Leftovers\n|upkeep\n|turn|8\n|\n|t:|1776310960\n|switch|p1a: Incineroar|Incineroar, L50, M|81/100\n|-ability|p1a: Incineroar|Intimidate|boost\n|-unboost|p2b: Garchomp|atk|1\n|move|p2b: Garchomp|Rock Slide|p1a: Incineroar|[spread] p1a,p1b\n|-supereffective|p1a: Incineroar|1\n|-supereffective|p1b: Aerodactyl|1\n|-damage|p1a: Incineroar|59/100\n|-damage|p1b: Aerodactyl|45/100\n|move|p1b: Aerodactyl|Tailwind|p1b: Aerodactyl\n|-sidestart|p1: annova|move: Tailwind\n|\n|-weather|Snowscape|[upkeep]\n|-heal|p2b: Garchomp|98/100|[from] item: Leftovers\n|upkeep\n|turn|9\n|\n|t:|1776310975\n|switch|p1b: Froslass|Froslass-Mega, L50, F|16/100\n|move|p1a: Incineroar|Fake Out|p2b: Garchomp\n|-damage|p2b: Garchomp|88/100\n|-damage|p1a: Incineroar|47/100|[from] ability: Rough Skin|[of] p2b: Garchomp\n|-enditem|p1a: Incineroar|Sitrus Berry|[eat]\n|-heal|p1a: Incineroar|71/100|[from] item: Sitrus Berry\n|cant|p2b: Garchomp|flinch\n|\n|-weather|none\n|-heal|p2b: Garchomp|94/100|[from] item: Leftovers\n|-sideend|p2: G4rdivoir|move: Tailwind\n|upkeep\n|turn|10\n|\n|t:|1776310988\n|switch|p1b: Aerodactyl|Aerodactyl, L50, M|45/100\n|-ability|p1b: Aerodactyl|Unnerve\n|move|p1a: Incineroar|Parting Shot|p2b: Garchomp\n|-unboost|p2b: Garchomp|atk|1\n|-unboost|p2b: Garchomp|spa|1\n|\n|t:|1776310995\n|switch|p1a: Froslass|Froslass-Mega, L50, F|16/100|[from] Parting Shot\n|-weather|Snowscape|[from] ability: Snow Warning|[of] p1a: Froslass\n|move|p2b: Garchomp|Earthquake|p1b: Aerodactyl|[spread] p1a\n|-immune|p1b: Aerodactyl\n|-damage|p1a: Froslass|0 fnt\n|faint|p1a: Froslass\n|\n|-weather|Snowscape|[upkeep]\n|-heal|p2b: Garchomp|100/100|[from] item: Leftovers\n|upkeep\n|\n|t:|1776310996\n|switch|p1a: Incineroar|Incineroar, L50, M|71/100\n|-ability|p1a: Incineroar|Intimidate|boost\n|-unboost|p2b: Garchomp|atk|1\n|turn|11\n|\n|t:|1776311014\n|move|p1a: Incineroar|Fake Out|p2b: Garchomp\n|-damage|p2b: Garchomp|91/100\n|-damage|p1a: Incineroar|59/100|[from] ability: Rough Skin|[of] p2b: Garchomp\n|move|p1b: Aerodactyl|Dual Wingbeat|p2b: Garchomp\n|-damage|p2b: Garchomp|74/100\n|-damage|p1b: Aerodactyl|33/100|[from] ability: Rough Skin|[of] p2b: Garchomp\n|-damage|p2b: Garchomp|58/100\n|-damage|p1b: Aerodactyl|21/100|[from] ability: Rough Skin|[of] p2b: Garchomp\n|-hitcount|p2b: Garchomp|2\n|cant|p2b: Garchomp|flinch\n|\n|-weather|Snowscape|[upkeep]\n|-heal|p2b: Garchomp|64/100|[from] item: Leftovers\n|-sideend|p1: annova|move: Tailwind\n|upkeep\n|turn|12\n|\n|t:|1776311028\n|move|p2b: Garchomp|Protect|p2b: Garchomp\n|-singleturn|p2b: Garchomp|Protect\n|move|p1b: Aerodactyl|Rock Slide|p2b: Garchomp\n|-activate|p2b: Garchomp|move: Protect\n|move|p1a: Incineroar|Darkest Lariat|p2b: Garchomp\n|-activate|p2b: Garchomp|move: Protect\n|\n|-weather|Snowscape|[upkeep]\n|-heal|p2b: Garchomp|70/100|[from] item: Leftovers\n|upkeep\n|turn|13\n|\n|t:|1776311039\n|move|p1b: Aerodactyl|Rock Slide|p2b: Garchomp\n|-resisted|p2b: Garchomp|1\n|-damage|p2b: Garchomp|54/100\n|move|p2b: Garchomp|Rock Slide|p1b: Aerodactyl|[spread] p1a,p1b\n|-supereffective|p1a: Incineroar|1\n|-supereffective|p1b: Aerodactyl|1\n|-damage|p1a: Incineroar|46/100\n|-damage|p1b: Aerodactyl|0 fnt\n|faint|p1b: Aerodactyl\n|move|p1a: Incineroar|Parting Shot|p2b: Garchomp\n|-unboost|p2b: Garchomp|atk|1\n|-unboost|p2b: Garchomp|spa|1\n|\n|-weather|Snowscape|[upkeep]\n|-heal|p2b: Garchomp|60/100|[from] item: Leftovers\n|upkeep\n|turn|14\n|\n|t:|1776311053\n|move|p2b: Garchomp|Protect|p2b: Garchomp\n|-singleturn|p2b: Garchomp|Protect\n|move|p1a: Incineroar|Darkest Lariat|p2b: Garchomp\n|-activate|p2b: Garchomp|move: Protect\n|\n|-weather|none\n|-heal|p2b: Garchomp|67/100|[from] item: Leftovers\n|upkeep\n|turn|15\n|\n|t:|1776311069\n|move|p2b: Garchomp|Earthquake|p1a: Incineroar\n|-supereffective|p1a: Incineroar|1\n|-crit|p1a: Incineroar\n|-damage|p1a: Incineroar|0 fnt\n|faint|p1a: Incineroar\n|\n|win|G4rdivoir\n|raw|annova's rating: 1046 &rarr; <strong>1030</strong><br />(-16 for losing)\n|raw|G4rdivoir's rating: 1070 &rarr; <strong>1097</strong><br />(+27 for winning)\n|l|\u2606annova\n|player|p1|\n|c|\u2606G4rdivoir|damn\n",
  "uploadtime": 1776311079,
  "views": 23,
  "formatid": "gen9championsvgc2026regma",
  "rating": 1030,
  "private": 0,
  "password": null
}