{
  "id": "gen9championsvgc2026regma-2582005980",
  "format": "[Gen 9 Champions] VGC 2026 Reg M-A",
  "players": [
    "AmaralCariokk",
    "Icarus#UPAD"
  ],
  "log": "|j|\u2606AmaralCariokk\n|j|\u2606Icarus#UPAD\n|t:|1776047649\n|gametype|doubles\n|player|p1|AmaralCariokk|102|1215\n|player|p2|Icarus#UPAD|265|1235\n|gen|9\n|tier|[Gen 9 Champions] VGC 2026 Reg M-A\n|rated|\n|rule|Species Clause: Limit one of each Pok\u00e9mon\n|rule|Item Clause: Limit 1 of each item\n|clearpoke\n|poke|p1|Crabominable, L50, F|\n|poke|p1|Froslass, L50, F|\n|poke|p1|Aerodactyl, L50, M|\n|poke|p1|Hatterene, L50, F|\n|poke|p1|Sneasler, L50, M|\n|poke|p1|Hydreigon, L50, M|\n|poke|p2|Floette-Eternal, L50, F|\n|poke|p2|Maushold, L50|\n|poke|p2|Garchomp, L50, M|\n|poke|p2|Talonflame, L50, M|\n|poke|p2|Rotom-Wash, L50|\n|poke|p2|Aegislash, L50, F|\n|teampreview|4\n|\n|t:|1776047670\n|teamsize|p1|4\n|teamsize|p2|4\n|start\n|switch|p1a: Aerodactyl|Aerodactyl, L50, M|100/100\n|switch|p1b: Hydreigon|Hydreigon, L50, M|100/100\n|switch|p2a: Floette|Floette-Eternal, L50, F|100/100\n|switch|p2b: Maushold|Maushold, L50|100/100\n|-ability|p1a: Aerodactyl|Unnerve\n|turn|1\n|inactive|Battle timer is ON: inactive players will automatically lose when time's up. (requested by Icarus#UPAD)\n|\n|t:|1776047686\n|detailschange|p2a: Floette|Floette-Mega, L50, F\n|-mega|p2a: Floette|Floette|Floettite\n|-ability|p2a: Floette|Fairy Aura\n|move|p2b: Maushold|Follow Me|p2b: Maushold\n|-singleturn|p2b: Maushold|move: Follow Me\n|move|p1b: Hydreigon|U-turn|p2b: Maushold\n|-damage|p2b: Maushold|82/100\n|\n|t:|1776047694\n|switch|p1b: Sneasler|Sneasler, L50, M, shiny|100/100|[from] U-turn\n|move|p1a: Aerodactyl|Tailwind|p1a: Aerodactyl\n|-sidestart|p1: AmaralCariokk|move: Tailwind\n|move|p2a: Floette|Dazzling Gleam|p1a: Aerodactyl|[spread] p1a,p1b\n|-damage|p1a: Aerodactyl|32/100\n|-damage|p1b: Sneasler|36/100\n|\n|upkeep\n|turn|2\n|inactive|AmaralCariokk has 30 seconds left.\n|\n|t:|1776047721\n|move|p1b: Sneasler|Protect|p1b: Sneasler\n|-singleturn|p1b: Sneasler|Protect\n|move|p2b: Maushold|Protect|p2b: Maushold\n|-singleturn|p2b: Maushold|Protect\n|move|p2a: Floette|Protect|p2a: Floette\n|-singleturn|p2a: Floette|Protect\n|move|p1a: Aerodactyl|Dual Wingbeat|p2b: Maushold\n|-activate|p2b: Maushold|move: Protect\n|\n|upkeep\n|turn|3\n|\n|t:|1776047736\n|move|p2b: Maushold|Follow Me|p2b: Maushold\n|-singleturn|p2b: Maushold|move: Follow Me\n|move|p1a: Aerodactyl|Rock Slide|p2b: Maushold|[spread] p2a,p2b\n|-damage|p2a: Floette|80/100\n|-damage|p2b: Maushold|51/100\n|move|p1b: Sneasler|Dire Claw|p2b: Maushold\n|-damage|p2b: Maushold|0 fnt\n|faint|p2b: Maushold\n|cant|p2a: Floette|flinch\n|\n|upkeep\n|\n|t:|1776047747\n|switch|p2b: Talonflame|Talonflame, L50, M|100/100\n|turn|4\n|\n|t:|1776047758\n|move|p1b: Sneasler|Protect|p1b: Sneasler\n|-singleturn|p1b: Sneasler|Protect\n|move|p2b: Talonflame|Protect|p2b: Talonflame\n|-singleturn|p2b: Talonflame|Protect\n|move|p2a: Floette|Protect|p2a: Floette\n|-singleturn|p2a: Floette|Protect\n|move|p1a: Aerodactyl|Rock Slide|p2a: Floette|[spread] \n|-activate|p2a: Floette|move: Protect\n|-activate|p2b: Talonflame|move: Protect\n|\n|-sideend|p1: AmaralCariokk|move: Tailwind\n|upkeep\n|turn|5\n|inactive|AmaralCariokk has 30 seconds left.\n|\n|t:|1776047784\n|move|p2b: Talonflame|Tailwind|p2b: Talonflame\n|-sidestart|p2: Icarus#UPAD|move: Tailwind\n|move|p2a: Floette|Dazzling Gleam|p1a: Aerodactyl|[spread] p1a,p1b\n|-damage|p1a: Aerodactyl|0 fnt\n|-damage|p1b: Sneasler|0 fnt\n|faint|p1a: Aerodactyl\n|faint|p1b: Sneasler\n|\n|upkeep\n|\n|t:|1776047792\n|switch|p1a: Froslass|Froslass, L50, F|100/100\n|switch|p1b: Hydreigon|Hydreigon, L50, M|100/100\n|turn|6\n|\n|t:|1776047802\n|detailschange|p1a: Froslass|Froslass-Mega, L50, F\n|-mega|p1a: Froslass|Froslass|Froslassite\n|-weather|Snowscape|[from] ability: Snow Warning|[of] p1a: Froslass\n|move|p2b: Talonflame|Flare Blitz|p1a: Froslass\n|-supereffective|p1a: Froslass|1\n|-damage|p1a: Froslass|0 fnt\n|faint|p1a: Froslass\n|-damage|p2b: Talonflame|69/100|[from] Recoil\n|move|p1b: Hydreigon|Dark Pulse|p2a: Floette\n|-resisted|p2a: Floette|1\n|-damage|p2a: Floette|66/100\n|move|p2a: Floette|Dazzling Gleam|p1b: Hydreigon\n|-supereffective|p1b: Hydreigon|2\n|-damage|p1b: Hydreigon|0 fnt\n|faint|p1b: Hydreigon\n|\n|win|Icarus#UPAD\n|raw|AmaralCariokk's rating: 1215 &rarr; <strong>1191</strong><br />(-24 for losing)\n|raw|Icarus#UPAD's rating: 1235 &rarr; <strong>1259</strong><br />(+24 for winning)\n|l|\u2606AmaralCariokk\n|player|p1|\n",
  "uploadtime": 1776047826,
  "views": 13,
  "formatid": "gen9championsvgc2026regma",
  "rating": 1191,
  "private": 0,
  "password": null
}