{
  "id": "gen9championsvgc2026regma-2586773078",
  "format": "[Gen 9 Champions] VGC 2026 Reg M-A",
  "players": [
    "breloomb01",
    "NobleSeven"
  ],
  "log": "|j|\u2606breloomb01\n|j|\u2606NobleSeven\n|t:|1776458752\n|gametype|doubles\n|player|p1|breloomb01|roughneck|1471\n|player|p2|NobleSeven|265|1411\n|gen|9\n|tier|[Gen 9 Champions] VGC 2026 Reg M-A\n|rated|\n|rule|Species Clause: Limit one of each Pok\u00e9mon\n|rule|Item Clause: Limit 1 of each item\n|clearpoke\n|poke|p1|Sinistcha, L50|\n|poke|p1|Aerodactyl, L50, F|\n|poke|p1|Rotom-Wash, L50|\n|poke|p1|Garchomp, L50, M|\n|poke|p1|Sneasler, L50, M|\n|poke|p1|Delphox, L50, M|\n|poke|p2|Blastoise, L50, M|\n|poke|p2|Garchomp, L50, F|\n|poke|p2|Sneasler, L50, F|\n|poke|p2|Aerodactyl, L50, F|\n|poke|p2|Sylveon, L50, M|\n|poke|p2|Sinistcha, L50|\n|teampreview|4\n|\n|t:|1776458785\n|teamsize|p1|4\n|teamsize|p2|4\n|start\n|switch|p1a: Sinistcha|Sinistcha, L50|100/100\n|switch|p1b: Rotom|Rotom-Wash, L50|100/100\n|switch|p2a: Blastoise|Blastoise, L50, M|100/100\n|switch|p2b: Sneasler|Sneasler, L50, F|100/100\n|turn|1\n|j| 2-2-2 Ape\n|l| 2-2-2 Ape\n|\n|t:|1776458835\n|detailschange|p2a: Blastoise|Blastoise-Mega, L50, M\n|-mega|p2a: Blastoise|Blastoise|Blastoisinite\n|move|p2b: Sneasler|Fake Out|p1b: Rotom\n|-damage|p1b: Rotom|85/100\n|cant|p1b: Rotom|flinch\n|move|p2a: Blastoise|Shell Smash|p2a: Blastoise\n|-unboost|p2a: Blastoise|def|1\n|-unboost|p2a: Blastoise|spd|1\n|-boost|p2a: Blastoise|atk|2\n|-boost|p2a: Blastoise|spa|2\n|-boost|p2a: Blastoise|spe|2\n|move|p1a: Sinistcha|Matcha Gotcha|p2b: Sneasler|[spread] p2a,p2b\n|-supereffective|p2a: Blastoise|1\n|-resisted|p2b: Sneasler|1\n|-damage|p2a: Blastoise|31/100\n|-damage|p2b: Sneasler|85/100\n|-status|p2b: Sneasler|brn\n|\n|-damage|p2b: Sneasler|79/100 brn|[from] brn\n|upkeep\n|turn|2\n|\n|t:|1776458863\n|move|p2a: Blastoise|Protect|p2a: Blastoise\n|-singleturn|p2a: Blastoise|Protect\n|move|p1b: Rotom|Volt Switch|p2a: Blastoise\n|-activate|p2a: Blastoise|move: Protect\n|move|p2b: Sneasler|Close Combat|p1b: Rotom\n|-damage|p1b: Rotom|51/100\n|-unboost|p2b: Sneasler|def|1\n|-unboost|p2b: Sneasler|spd|1\n|-enditem|p2b: Sneasler|White Herb\n|-clearnegativeboost|p2b: Sneasler|[silent]\n|move|p1a: Sinistcha|Matcha Gotcha|p2a: Blastoise|[spread] p2b\n|-activate|p2a: Blastoise|move: Protect\n|-resisted|p2b: Sneasler|1\n|-damage|p2b: Sneasler|64/100 brn\n|\n|-damage|p2b: Sneasler|58/100 brn|[from] brn\n|upkeep\n|turn|3\n|\n|t:|1776458885\n|switch|p2b: Sinistcha|Sinistcha, L50|100/100\n|-heal|p2a: Blastoise|56/100|[from] ability: Hospitality|[of] p2b: Sinistcha\n|move|p1a: Sinistcha|Rage Powder|p1a: Sinistcha\n|-singleturn|p1a: Sinistcha|move: Rage Powder\n|move|p2a: Blastoise|Dark Pulse|p1a: Sinistcha\n|-supereffective|p1a: Sinistcha|1\n|-crit|p1a: Sinistcha\n|-damage|p1a: Sinistcha|0 fnt\n|faint|p1a: Sinistcha\n|move|p1b: Rotom|Volt Switch|p2a: Blastoise\n|-supereffective|p2a: Blastoise|1\n|-damage|p2a: Blastoise|0 fnt\n|faint|p2a: Blastoise\n|\n|t:|1776458894\n|switch|p1b: Delphox|Delphox, L50, M|100/100|[from] Volt Switch\n|\n|upkeep\n|\n|t:|1776458899\n|switch|p2a: Sylveon|Sylveon, L50, M, shiny|100/100\n|switch|p1a: Garchomp|Garchomp, L50, M|100/100\n|turn|4\n|\n|t:|1776458909\n|detailschange|p1b: Delphox|Delphox-Mega, L50, M\n|-mega|p1b: Delphox|Delphox|Delphoxite\n|move|p1a: Garchomp|Protect|p1a: Garchomp\n|-singleturn|p1a: Garchomp|Protect\n|move|p1b: Delphox|Heat Wave|p2b: Sinistcha|[spread] p2a,p2b\n|-supereffective|p2b: Sinistcha|1\n|-damage|p2a: Sylveon|68/100\n|-damage|p2b: Sinistcha|25/100\n|-enditem|p2b: Sinistcha|Sitrus Berry|[eat]\n|-heal|p2b: Sinistcha|50/100|[from] item: Sitrus Berry\n|move|p2a: Sylveon|Hyper Voice|p1b: Delphox|[spread] p1b\n|-activate|p1a: Garchomp|move: Protect\n|-resisted|p1b: Delphox|1\n|-damage|p1b: Delphox|77/100\n|move|p2b: Sinistcha|Trick Room|p2b: Sinistcha\n|-fieldstart|move: Trick Room|[of] p2b: Sinistcha\n|\n|upkeep\n|turn|5\n|\n|t:|1776458929\n|switch|p1a: Rotom|Rotom-Wash, L50|51/100\n|move|p2a: Sylveon|Hyper Voice|p1a: Rotom|[spread] p1a,p1b\n|-resisted|p1b: Delphox|1\n|-damage|p1a: Rotom|0 fnt\n|-damage|p1b: Delphox|54/100\n|faint|p1a: Rotom\n|move|p2b: Sinistcha|Life Dew|p2b: Sinistcha|[spread] p2a,p2b\n|-heal|p2a: Sylveon|93/100\n|-heal|p2b: Sinistcha|75/100\n|move|p1b: Delphox|Heat Wave|p2a: Sylveon|[spread] p2a,p2b\n|-supereffective|p2b: Sinistcha|1\n|-damage|p2a: Sylveon|55/100\n|-damage|p2b: Sinistcha|0 fnt\n|faint|p2b: Sinistcha\n|\n|upkeep\n|\n|t:|1776458942\n|switch|p2b: Sneasler|Sneasler, L50, F|58/100 brn\n|switch|p1a: Garchomp|Garchomp, L50, M|100/100\n|turn|6\n|\n|t:|1776458951\n|move|p1a: Garchomp|Protect|p1a: Garchomp\n|-singleturn|p1a: Garchomp|Protect\n|move|p2b: Sneasler|Fake Out|p1a: Garchomp\n|-activate|p1a: Garchomp|move: Protect\n|move|p2a: Sylveon|Hyper Voice|p1b: Delphox|[spread] p1b\n|-activate|p1a: Garchomp|move: Protect\n|-resisted|p1b: Delphox|1\n|-damage|p1b: Delphox|32/100\n|move|p1b: Delphox|Psychic|p2a: Sylveon\n|-damage|p2a: Sylveon|15/100\n|-unboost|p2a: Sylveon|spd|1\n|\n|-damage|p2b: Sneasler|52/100 brn|[from] brn\n|upkeep\n|turn|7\n|\n|t:|1776458966\n|move|p2a: Sylveon|Hyper Voice|p1b: Delphox|[spread] p1a,p1b\n|-supereffective|p1a: Garchomp|1\n|-resisted|p1b: Delphox|1\n|-damage|p1a: Garchomp|1/100\n|-damage|p1b: Delphox|10/100\n|move|p2b: Sneasler|Dire Claw|p1a: Garchomp\n|-resisted|p1a: Garchomp|1\n|-damage|p1a: Garchomp|0 fnt\n|-damage|p2b: Sneasler|40/100 brn|[from] ability: Rough Skin|[of] p1a: Garchomp\n|faint|p1a: Garchomp\n|move|p1b: Delphox|Heat Wave|p2b: Sneasler|[spread] p2a,p2b\n|-damage|p2a: Sylveon|0 fnt\n|-damage|p2b: Sneasler|0 fnt\n|faint|p2a: Sylveon\n|faint|p2b: Sneasler\n|\n|win|breloomb01\n|raw|breloomb01's rating: 1471 &rarr; <strong>1488</strong><br />(+17 for winning)\n|raw|NobleSeven's rating: 1411 &rarr; <strong>1394</strong><br />(-17 for losing)\n|l|\u2606NobleSeven\n|player|p2|\n",
  "uploadtime": 1776458986,
  "views": 51,
  "formatid": "gen9championsvgc2026regma",
  "rating": 1394,
  "private": 0,
  "password": null
}