{
  "id": "gen9championsvgc2026regma-2587104697",
  "format": "[Gen 9 Champions] VGC 2026 Reg M-A",
  "players": [
    "toadstoop",
    "cynbeballin"
  ],
  "log": "|j|\u2606toadstoop\n|j|\u2606cynbeballin\n|t:|1776494018\n|gametype|doubles\n|player|p1|toadstoop|nate|1023\n|player|p2|cynbeballin|265|1026\n|gen|9\n|tier|[Gen 9 Champions] VGC 2026 Reg M-A\n|rated|\n|rule|Species Clause: Limit one of each Pok\u00e9mon\n|rule|Item Clause: Limit 1 of each item\n|clearpoke\n|poke|p1|Crabominable, L50, F, shiny|\n|poke|p1|Primarina, L50, F|\n|poke|p1|Farigiraf, L50, F|\n|poke|p1|Slowking-Galar, L50, F|\n|poke|p1|Tsareena, L50, F|\n|poke|p1|Kingambit, L50, F|\n|poke|p2|Crabominable, L50, M|\n|poke|p2|Hatterene, L50, F|\n|poke|p2|Clefable, L50, F|\n|poke|p2|Avalugg, L50, F|\n|poke|p2|Slowking-Galar, L50, M|\n|poke|p2|Maushold-Four, L50|\n|teampreview|4\ncynbeballin rejected open team sheets.\n|inactive|Battle timer is ON: inactive players will automatically lose when time's up. (requested by cynbeballin)\n|\n|t:|1776494087\n|teamsize|p1|4\n|teamsize|p2|4\n|start\n|switch|p1a: Primarina|Primarina, L50, F|100/100\n|switch|p1b: Kingambit|Kingambit, L50, F|100/100\n|switch|p2a: Clefable|Clefable, L50, F|100/100\n|switch|p2b: Slowking|Slowking-Galar, L50, M|100/100\n|turn|1\n|\n|t:|1776494105\n|move|p2a: Clefable|Follow Me|p2a: Clefable\n|-singleturn|p2a: Clefable|move: Follow Me\n|move|p1a: Primarina|Hyper Voice|p2a: Clefable|[spread] p2a,p2b\n|-damage|p2a: Clefable|67/100\n|-damage|p2b: Slowking|71/100\n|move|p1b: Kingambit|Iron Head|p2a: Clefable\n|-supereffective|p2a: Clefable|1\n|-damage|p2a: Clefable|0 fnt\n|faint|p2a: Clefable\n|move|p2b: Slowking|Trick Room|p2b: Slowking\n|-fieldstart|move: Trick Room|[of] p2b: Slowking\n|\n|upkeep\n|\n|t:|1776494109\n|switch|p2a: Avalugg|Avalugg, L50, F|100/100\n|turn|2\n|\n|t:|1776494132\n|-prepare|p2b: Slowking|Chilly Reception|[premajor]\n|move|p2b: Slowking|Chilly Reception|p2b: Slowking\n|-weather|Snowscape\n|\n|t:|1776494137\n|switch|p2b: Crabominable|Crabominable, L50, M|100/100|[from] Chilly Reception\n|move|p1b: Kingambit|Iron Head|p2a: Avalugg\n|-supereffective|p2a: Avalugg|1\n|-damage|p2a: Avalugg|73/100\n|move|p2a: Avalugg|Frost Breath|p2b: Crabominable\n|-resisted|p2b: Crabominable|1\n|-crit|p2b: Crabominable\n|-damage|p2b: Crabominable|92/100\n|-setboost|p2b: Crabominable|atk|6|[from] ability: Anger Point\n|move|p1a: Primarina|Hyper Voice|p2a: Avalugg|[spread] p2a,p2b\n|-damage|p2a: Avalugg|10/100\n|-damage|p2b: Crabominable|43/100\n|\n|-weather|Snowscape|[upkeep]\n|upkeep\n|turn|3\n|inactive|cynbeballin has 30 seconds left.\n|\n|t:|1776494164\n|detailschange|p2b: Crabominable|Crabominable-Mega, L50, M\n|-mega|p2b: Crabominable|Crabominable|Crabominite\n|move|p2a: Avalugg|Protect|p2a: Avalugg\n|-singleturn|p2a: Avalugg|Protect\n|move|p1b: Kingambit|Sucker Punch|p2b: Crabominable\n|-resisted|p2b: Crabominable|1\n|-damage|p2b: Crabominable|33/100\n|move|p2b: Crabominable|Earthquake|p1a: Primarina|[spread] p1a,p1b\n|-activate|p2a: Avalugg|move: Protect\n|-supereffective|p1b: Kingambit|1\n|-damage|p1a: Primarina|0 fnt\n|-damage|p1b: Kingambit|0 fnt\n|faint|p1a: Primarina\n|faint|p1b: Kingambit\n|\n|-weather|Snowscape|[upkeep]\n|upkeep\n|\n|t:|1776494180\n|switch|p1b: Tsareena|Tsareena, L50, F|100/100\n|switch|p1a: Slowking|Slowking-Galar, L50, F|100/100\n|turn|4\n|\n|t:|1776494202\n|move|p1a: Slowking|Sludge Bomb|p2b: Crabominable\n|-damage|p2b: Crabominable|3/100\n|move|p2b: Crabominable|Rock Slide|p1a: Slowking|[spread] p1a,p1b\n|-damage|p1a: Slowking|17/100\n|-damage|p1b: Tsareena|0 fnt\n|-enditem|p1a: Slowking|Sitrus Berry|[eat]\n|-heal|p1a: Slowking|42/100|[from] item: Sitrus Berry\n|faint|p1b: Tsareena\n|move|p2a: Avalugg|Aurora Veil|p2a: Avalugg\n|-sidestart|p2: cynbeballin|move: Aurora Veil\n|\n|-weather|Snowscape|[upkeep]\n|upkeep\n|turn|5\n|\n|t:|1776494218\n|move|p2a: Avalugg|Protect|p2a: Avalugg\n|-singleturn|p2a: Avalugg|Protect\n|move|p1a: Slowking|Sludge Bomb|p2b: Crabominable\n|-damage|p2b: Crabominable|0 fnt\n|faint|p2b: Crabominable\n|\n|-weather|Snowscape|[upkeep]\n|-fieldend|move: Trick Room\n|upkeep\n|\n|t:|1776494224\n|switch|p2b: Slowking|Slowking-Galar, L50, M|100/100\n|turn|6\n|\n|t:|1776494236\n|move|p2a: Avalugg|Frost Breath|p1a: Slowking\n|-crit|p1a: Slowking\n|-damage|p1a: Slowking|28/100\n|move|p2b: Slowking|Blizzard|p1a: Slowking\n|-damage|p1a: Slowking|3/100\n|move|p1a: Slowking|Sludge Bomb|p2a: Avalugg\n|-damage|p2a: Avalugg|0 fnt\n|faint|p2a: Avalugg\n|\n|-weather|none\n|upkeep\n|turn|7\n|\n|t:|1776494254\n|move|p2b: Slowking|Sludge Bomb|p1a: Slowking\n|-resisted|p1a: Slowking|1\n|-crit|p1a: Slowking\n|-damage|p1a: Slowking|0 fnt\n|faint|p1a: Slowking\n|\n|win|cynbeballin\n|raw|toadstoop's rating: 1023 &rarr; <strong>1010</strong><br />(-13 for losing)\n|raw|cynbeballin's rating: 1026 &rarr; <strong>1062</strong><br />(+36 for winning)\n",
  "uploadtime": 1776494257,
  "views": 13,
  "formatid": "gen9championsvgc2026regma",
  "rating": 1010,
  "private": 0,
  "password": null
}