{
  "id": "gen9championsvgc2026regma-2587287996",
  "format": "[Gen 9 Champions] VGC 2026 Reg M-A",
  "players": [
    "Loplerait",
    "Ezitokun"
  ],
  "log": "|j|\u2606Loplerait\n|j|\u2606Ezitokun\n|t:|1776518581\n|gametype|doubles\n|player|p1|Loplerait|cyrus|1126\n|player|p2|Ezitokun|2|1153\n|gen|9\n|tier|[Gen 9 Champions] VGC 2026 Reg M-A\n|rated|\n|rule|Species Clause: Limit one of each Pok\u00e9mon\n|rule|Item Clause: Limit 1 of each item\n|clearpoke\n|poke|p1|Basculegion, L50, M, shiny|\n|poke|p1|Archaludon, L50, F|\n|poke|p1|Sneasler, L50, F|\n|poke|p1|Gliscor, L50, F|\n|poke|p1|Chandelure, L50, M, shiny|\n|poke|p1|Zoroark-Hisui, L50, M, shiny|\n|poke|p2|Manectric, L50, F|\n|poke|p2|Delphox, L50, F|\n|poke|p2|Sinistcha, L50|\n|poke|p2|Sneasler, L50, F|\n|poke|p2|Aerodactyl, L50, M|\n|poke|p2|Garchomp, L50, F|\n|teampreview|4\n|\n|t:|1776518652\n|teamsize|p1|4\n|teamsize|p2|4\n|start\n|switch|p1a: Manicuri|Sneasler, L50, F|100/100\n|switch|p1b: San Francisco|Archaludon, L50, F|100/100\n|switch|p2a: Delphox|Delphox, L50, F|100/100\n|switch|p2b: Aerodactyl|Aerodactyl, L50, M|100/100\n|-ability|p2b: Aerodactyl|Unnerve\n|turn|1\n|\n|t:|1776518687\n|detailschange|p2a: Delphox|Delphox-Mega, L50, F\n|-mega|p2a: Delphox|Delphox|Delphoxite\n|move|p2a: Delphox|Protect|p2a: Delphox\n|-singleturn|p2a: Delphox|Protect\n|move|p2b: Aerodactyl|Protect|p2b: Aerodactyl\n|-singleturn|p2b: Aerodactyl|Protect\n|move|p1a: Manicuri|Bitter Malice|p2a: Delphox\n|-activate|p2a: Delphox|move: Protect\n|move|p1b: San Francisco|Flash Cannon|p2b: Aerodactyl\n|-activate|p2b: Aerodactyl|move: Protect\n|\n|upkeep\n|turn|2\n|\n|t:|1776518724\n|switch|p2a: Garchomp|Garchomp, L50, F|100/100\n|move|p2b: Aerodactyl|Rock Slide|p1b: San Francisco|[spread] p1a,p1b\n|-resisted|p1b: San Francisco|1\n|-damage|p1a: Manicuri|55/100\n|-damage|p1b: San Francisco|93/100\n|replace|p1a: Lady Gaga|Zoroark-Hisui, L50, M, shiny\n|-end|p1a: Lady Gaga|Illusion\n|-ability|p1b: San Francisco|Stamina|boost\n|-boost|p1b: San Francisco|def|1\n|move|p1a: Lady Gaga|Bitter Malice|p2a: Garchomp\n|-damage|p2a: Garchomp|50/100\n|-unboost|p2a: Garchomp|atk|1\n|-enditem|p2a: Garchomp|White Herb\n|-clearnegativeboost|p2a: Garchomp|[silent]\n|move|p1b: San Francisco|Flash Cannon|p2b: Aerodactyl\n|-supereffective|p2b: Aerodactyl|1\n|-damage|p2b: Aerodactyl|11/100\n|\n|upkeep\n|turn|3\n|\n|t:|1776518755\n|move|p2b: Aerodactyl|Tailwind|p2b: Aerodactyl\n|-sidestart|p2: Ezitokun|move: Tailwind\n|move|p2a: Garchomp|Earthquake|p1a: Lady Gaga|[spread] p1a,p1b\n|-immune|p2b: Aerodactyl\n|-supereffective|p1b: San Francisco|1\n|-damage|p1a: Lady Gaga|0 fnt\n|-damage|p1b: San Francisco|54/100\n|-ability|p1b: San Francisco|Stamina|boost\n|-boost|p1b: San Francisco|def|1\n|faint|p1a: Lady Gaga\n|move|p1b: San Francisco|Dragon Pulse|p2a: Garchomp\n|-supereffective|p2a: Garchomp|1\n|-damage|p2a: Garchomp|0 fnt\n|faint|p2a: Garchomp\n|\n|upkeep\n|\n|t:|1776518771\n|switch|p1a: Claria|Basculegion, L50, M, shiny|100/100\n|switch|p2a: Delphox|Delphox-Mega, L50, F|100/100\n|turn|4\n|\n|t:|1776518795\n|move|p2a: Delphox|Heat Wave|p1b: San Francisco|[spread] p1a,p1b\n|-resisted|p1a: Claria|1\n|-damage|p1a: Claria|78/100\n|-damage|p1b: San Francisco|0 fnt\n|faint|p1b: San Francisco\n|move|p2b: Aerodactyl|Rock Slide|p1a: Claria\n|-damage|p1a: Claria|43/100\n|move|p1a: Claria|Wave Crash|p2a: Delphox\n|-supereffective|p2a: Delphox|1\n|-damage|p2a: Delphox|0 fnt\n|faint|p2a: Delphox\n|-damage|p1a: Claria|21/100|[from] Recoil\n|\n|upkeep\n|\n|t:|1776518809\n|switch|p2a: Sinistcha|Sinistcha, L50|100/100\n|switch|p1b: Manicuri|Sneasler, L50, F|100/100\n|-heal|p2b: Aerodactyl|35/100|[from] ability: Hospitality|[of] p2a: Sinistcha\n|turn|5\n|\n|t:|1776518837\n|move|p2a: Sinistcha|Rage Powder|p2a: Sinistcha\n|-singleturn|p2a: Sinistcha|move: Rage Powder\n|move|p2b: Aerodactyl|Rock Slide|p1a: Claria|[spread] p1b\n|-miss|p2b: Aerodactyl|p1a: Claria\n|-resisted|p1b: Manicuri|1\n|-damage|p1b: Manicuri|80/100\n|move|p1b: Manicuri|Dire Claw|p2a: Sinistcha\n|-damage|p2a: Sinistcha|61/100\n|move|p1a: Claria|Wave Crash|p2a: Sinistcha\n|-resisted|p2a: Sinistcha|1\n|-damage|p2a: Sinistcha|24/100\n|-enditem|p2a: Sinistcha|Sitrus Berry|[eat]\n|-heal|p2a: Sinistcha|48/100|[from] item: Sitrus Berry\n|-damage|p1a: Claria|12/100|[from] Recoil\n|\n|upkeep\n|turn|6\n|\n|t:|1776518870\n|move|p2b: Aerodactyl|Dual Wingbeat|p1b: Manicuri|[miss]\n|-miss|p2b: Aerodactyl|p1b: Manicuri\n|move|p1b: Manicuri|Dire Claw|p2b: Aerodactyl\n|-resisted|p2b: Aerodactyl|1\n|-damage|p2b: Aerodactyl|5/100\n|-status|p2b: Aerodactyl|psn\n|move|p2a: Sinistcha|Matcha Gotcha|p1b: Manicuri|[spread] p1a,p1b\n|-supereffective|p1a: Claria|1\n|-resisted|p1b: Manicuri|1\n|-damage|p1a: Claria|0 fnt\n|-heal|p2a: Sinistcha|56/100|[from] drain|[of] p1a: Claria\n|-damage|p1b: Manicuri|60/100\n|-heal|p2a: Sinistcha|65/100|[from] drain|[of] p1b: Manicuri\n|faint|p1a: Claria\n|\n|-damage|p2b: Aerodactyl|0 fnt|[from] psn\n|faint|p2b: Aerodactyl\n|-sideend|p2: Ezitokun|move: Tailwind\n|upkeep\n|turn|7\n|\n|t:|1776518893\n|move|p1b: Manicuri|Dire Claw|p2a: Sinistcha\n|-damage|p2a: Sinistcha|26/100\n|move|p2a: Sinistcha|Matcha Gotcha|p1b: Manicuri\n|-resisted|p1b: Manicuri|1\n|-damage|p1b: Manicuri|34/100\n|-heal|p2a: Sinistcha|38/100|[from] drain|[of] p1b: Manicuri\n|\n|upkeep\n|turn|8\n|\n|t:|1776518905\n|move|p1b: Manicuri|Dire Claw|p2a: Sinistcha\n|-damage|p2a: Sinistcha|0 fnt\n|faint|p2a: Sinistcha\n|\n|win|Loplerait\n|raw|Loplerait's rating: 1126 &rarr; <strong>1153</strong><br />(+27 for winning)\n|raw|Ezitokun's rating: 1153 &rarr; <strong>1126</strong><br />(-27 for losing)\n",
  "uploadtime": 1776518918,
  "views": 15,
  "formatid": "gen9championsvgc2026regma",
  "rating": 1126,
  "private": 0,
  "password": null
}