{
  "id": "gen9championsvgc2026regma-2581757149",
  "format": "[Gen 9 Champions] VGC 2026 Reg M-A",
  "players": [
    "EvWX",
    "wrokk"
  ],
  "log": "|j|\u2606EvWX\n|j|\u2606wrokk\n|t:|1776026039\n|gametype|doubles\n|player|p1|EvWX|flannery|1086\n|player|p2|wrokk|1|1046\n|gen|9\n|tier|[Gen 9 Champions] VGC 2026 Reg M-A\n|rated|\n|rule|Species Clause: Limit one of each Pok\u00e9mon\n|rule|Item Clause: Limit 1 of each item\n|clearpoke\n|poke|p1|Feraligatr, L50, M|\n|poke|p1|Sneasler, L50, F|\n|poke|p1|Pelipper, L50, M|\n|poke|p1|Archaludon, L50, M|\n|poke|p1|Meganium, L50, F|\n|poke|p1|Garchomp, L50, F|\n|poke|p2|Glimmora, L50, M|\n|poke|p2|Dragapult, L50, M|\n|poke|p2|Whimsicott, L50, M|\n|poke|p2|Scizor, L50, F|\n|poke|p2|Gyarados, L50, F|\n|poke|p2|Raichu, L50, M|\n|teampreview|4\n|inactive|Battle timer is ON: inactive players will automatically lose when time's up. (requested by wrokk)\n|inactive|EvWX has 60 seconds left.\n|inactive|wrokk has 60 seconds left.\n|\n|t:|1776026079\n|teamsize|p1|4\n|teamsize|p2|4\n|start\n|switch|p1a: Pelipper|Pelipper, L50, M|100/100\n|switch|p1b: lol BOOOMM|Meganium, L50, F, shiny|100/100\n|switch|p2a: Whimsicott|Whimsicott, L50, M|100/100\n|switch|p2b: Dragapult|Dragapult, L50, M|100/100\n|-weather|RainDance|[from] ability: Drizzle|[of] p1a: Pelipper\n|turn|1\n|inactive|wrokk has 30 seconds left.\n|\n|t:|1776026109\n|detailschange|p1b: lol BOOOMM|Meganium-Mega, L50, F, shiny\n|-mega|p1b: lol BOOOMM|Meganium|Meganiumite\n|move|p2a: Whimsicott|Tailwind|p2a: Whimsicott\n|-sidestart|p2: wrokk|move: Tailwind\n|move|p2b: Dragapult|Dragon Darts|p1a: Pelipper\n|-damage|p1a: Pelipper|62/100\n|-anim|p2b: Dragapult|Dragon Darts|p1a: Pelipper\n|-damage|p1a: Pelipper|29/100\n|move|p1b: lol BOOOMM|Dazzling Gleam|p2b: Dragapult|[spread] p2a,p2b\n|-supereffective|p2b: Dragapult|1\n|-damage|p2a: Whimsicott|48/100\n|-damage|p2b: Dragapult|0 fnt\n|faint|p2b: Dragapult\n|move|p1a: Pelipper|Tailwind|p1a: Pelipper\n|-sidestart|p1: EvWX|move: Tailwind\n|\n|-weather|RainDance|[upkeep]\n|-heal|p1a: Pelipper|35/100|[from] item: Leftovers\n|upkeep\n|\n|t:|1776026118\n|switch|p2b: Raichu|Raichu, L50, M|100/100\n|turn|2\n|\n|t:|1776026133\n|switch|p1a: Archaludon|Archaludon, L50, M, shiny|100/100\n|move|p2b: Raichu|Fake Out|p1b: lol BOOOMM\n|-damage|p1b: lol BOOOMM|92/100\n|move|p2a: Whimsicott|Encore||[still]\n|-fail|p2a: Whimsicott\n|cant|p1b: lol BOOOMM|flinch\n|\n|-weather|RainDance|[upkeep]\n|upkeep\n|turn|3\n|inactive|wrokk has 30 seconds left.\n|\n|t:|1776026165\n|move|p2b: Raichu|Volt Switch|p1b: lol BOOOMM\n|-resisted|p1b: lol BOOOMM|1\n|-damage|p1b: lol BOOOMM|74/100\n|\n|t:|1776026167\n|switch|p2b: Glimmora|Glimmora, L50, M, shiny|100/100|[from] Volt Switch\n|move|p2a: Whimsicott|Moonblast|p1a: Archaludon\n|-damage|p1a: Archaludon|57/100\n|-unboost|p1a: Archaludon|spa|1\n|-ability|p1a: Archaludon|Stamina|boost\n|-boost|p1a: Archaludon|def|1\n|move|p1b: lol BOOOMM|Weather Ball|p2b: Glimmora\n|-resisted|p2b: Glimmora|1\n|-damage|p2b: Glimmora|62/100\n|move|p1a: Archaludon|Flash Cannon|p2a: Whimsicott\n|-supereffective|p2a: Whimsicott|1\n|-damage|p2a: Whimsicott|0 fnt\n|faint|p2a: Whimsicott\n|\n|-weather|RainDance|[upkeep]\n|upkeep\n|\n|t:|1776026169\n|switch|p2a: Raichu|Raichu, L50, M|100/100\n|turn|4\n|inactive|EvWX has 30 seconds left.\n|inactive|EvWX has 20 seconds left.\n|\n|t:|1776026206\n|switch|p1b: later gatr (shiny)|Feraligatr, L50, M, shiny|100/100\n|detailschange|p2b: Glimmora|Glimmora-Mega, L50, M, shiny\n|-mega|p2b: Glimmora|Glimmora|Glimmoranite\n|move|p1a: Archaludon|Protect|p1a: Archaludon\n|-singleturn|p1a: Archaludon|Protect\n|move|p2a: Raichu|Fake Out|p1b: later gatr (shiny)\n|-damage|p1b: later gatr (shiny)|93/100\n|move|p2b: Glimmora|Earth Power|p1a: Archaludon\n|-activate|p1a: Archaludon|move: Protect\n|\n|-weather|RainDance|[upkeep]\n|-sideend|p2: wrokk|move: Tailwind\n|-sideend|p1: EvWX|move: Tailwind\n|upkeep\n|turn|5\n|\n|t:|1776026230\n|move|p2b: Glimmora|Spiky Shield|p2b: Glimmora\n|-singleturn|p2b: Glimmora|move: Protect\n|move|p2a: Raichu|Nuzzle|p1b: later gatr (shiny)\n|-supereffective|p1b: later gatr (shiny)|1\n|-damage|p1b: later gatr (shiny)|78/100\n|-status|p1b: later gatr (shiny)|par\n|move|p1a: Archaludon|Flash Cannon|p2b: Glimmora\n|-activate|p2b: Glimmora|move: Protect\n|move|p1b: later gatr (shiny)|Liquidation|p2a: Raichu\n|-damage|p2a: Raichu|0 fnt\n|faint|p2a: Raichu\n|\n|-weather|none\n|upkeep\n|turn|6\n|\n|t:|1776026253\n|switch|p1a: Pelipper|Pelipper, L50, M|35/100\n|-weather|RainDance|[from] ability: Drizzle|[of] p1a: Pelipper\n|move|p2b: Glimmora|Sludge Bomb|p1b: later gatr (shiny)\n|-damage|p1b: later gatr (shiny)|0 fnt\n|faint|p1b: later gatr (shiny)\n|\n|-weather|RainDance|[upkeep]\n|-heal|p1a: Pelipper|40/100|[from] item: Leftovers\n|upkeep\n|\n|t:|1776026261\n|switch|p1b: Archaludon|Archaludon, L50, M, shiny|57/100\n|turn|7\n|\n|t:|1776026266\n|move|p2b: Glimmora|Earth Power|p1b: Archaludon\n|-supereffective|p1b: Archaludon|1\n|-damage|p1b: Archaludon|0 fnt\n|faint|p1b: Archaludon\n|move|p1a: Pelipper|Tailwind|p1a: Pelipper\n|-sidestart|p1: EvWX|move: Tailwind\n|\n|-weather|RainDance|[upkeep]\n|-heal|p1a: Pelipper|46/100|[from] item: Leftovers\n|upkeep\n|\n|t:|1776026271\n|switch|p1b: lol BOOOMM|Meganium-Mega, L50, F, shiny|74/100\n|turn|8\n|\n|t:|1776026279\n|move|p2b: Glimmora|Spiky Shield|p2b: Glimmora\n|-singleturn|p2b: Glimmora|move: Protect\n|move|p1b: lol BOOOMM|Solar Beam||[still]\n|-prepare|p1b: lol BOOOMM|Solar Beam\n|-activate|p1b: lol BOOOMM|ability: Mega Sol\n|-anim|p1b: lol BOOOMM|Solar Beam|p2b: Glimmora\n|-activate|p2b: Glimmora|move: Protect\n|move|p1a: Pelipper|Weather Ball|p2b: Glimmora\n|-activate|p2b: Glimmora|move: Protect\n|\n|-weather|RainDance|[upkeep]\n|-heal|p1a: Pelipper|52/100|[from] item: Leftovers\n|upkeep\n|turn|9\n|\n|t:|1776026295\n|move|p1b: lol BOOOMM|Earthquake|p2b: Glimmora|[spread] p2b\n|-immune|p1a: Pelipper\n|-supereffective|p2b: Glimmora|2\n|-damage|p2b: Glimmora|0 fnt\n|faint|p2b: Glimmora\n|\n|win|EvWX\n|raw|EvWX's rating: 1086 &rarr; <strong>1110</strong><br />(+24 for winning)\n|raw|wrokk's rating: 1046 &rarr; <strong>1031</strong><br />(-15 for losing)\n|c|\u2606EvWX|BOOM\n|l|\u2606wrokk\n|player|p2|\n|c|\u2606EvWX|GG\n",
  "uploadtime": 1776026305,
  "views": 13,
  "formatid": "gen9championsvgc2026regma",
  "rating": 1031,
  "private": 0,
  "password": null
}