{
  "id": "gen9championsvgc2026regma-2588594352",
  "format": "[Gen 9 Champions] VGC 2026 Reg M-A",
  "players": [
    "CarajilloMan",
    "FlutterGainz"
  ],
  "log": "|j|\u2606CarajilloMan\n|j|\u2606FlutterGainz\n|t:|1776648349\n|gametype|doubles\n|player|p1|CarajilloMan|ninjaboy|1505\n|player|p2|FlutterGainz|ninjaboy|1444\n|gen|9\n|tier|[Gen 9 Champions] VGC 2026 Reg M-A\n|rated|\n|rule|Species Clause: Limit one of each Pok\u00e9mon\n|rule|Item Clause: Limit 1 of each item\n|clearpoke\n|poke|p1|Froslass, L50, F|\n|poke|p1|Milotic, L50, M|\n|poke|p1|Rotom-Frost, L50|\n|poke|p1|Excadrill, L50, M|\n|poke|p1|Incineroar, L50, F|\n|poke|p1|Corviknight, L50, F|\n|poke|p2|Gengar, L50, M|\n|poke|p2|Kangaskhan, L50, F|\n|poke|p2|Palafin, L50, M|\n|poke|p2|Incineroar, L50, M|\n|poke|p2|Kommo-o, L50, F|\n|poke|p2|Whimsicott, L50, M|\n|teampreview|4\n|\n|t:|1776648381\n|teamsize|p1|4\n|teamsize|p2|4\n|start\n|switch|p1a: Incineroar|Incineroar, L50, F|100/100\n|switch|p1b: Milotic|Milotic, L50, M|100/100\n|switch|p2a: Gengar|Gengar, L50, M|100/100\n|switch|p2b: Palafin|Palafin, L50, M|100/100\n|-ability|p1a: Incineroar|Intimidate|boost\n|-unboost|p2a: Gengar|atk|1\n|-unboost|p2b: Palafin|atk|1\n|turn|1\n|\n|t:|1776648394\n|detailschange|p2a: Gengar|Gengar-Mega, L50, M\n|-mega|p2a: Gengar|Gengar|Gengarite\n|move|p2a: Gengar|Protect|p2a: Gengar\n|-singleturn|p2a: Gengar|Protect\n|move|p2b: Palafin|Protect|p2b: Palafin\n|-singleturn|p2b: Palafin|Protect\n|move|p1b: Milotic|Scald|p2a: Gengar\n|-activate|p2a: Gengar|move: Protect\n|move|p1a: Incineroar|Throat Chop|p2a: Gengar\n|-activate|p2a: Gengar|move: Protect\n|\n|upkeep\n|turn|2\n|\n|t:|1776648412\n|switch|p2a: Whimsicott|Whimsicott, L50, M|100/100\n|move|p2b: Palafin|Flip Turn|p1a: Incineroar\n|-supereffective|p1a: Incineroar|1\n|-damage|p1a: Incineroar|62/100\n|\n|t:|1776648418\n|detailschange|p2b: Palafin|Palafin-Hero, L50, M\n|switch|p2b: Gengar|Gengar-Mega, L50, M|100/100|[from] Flip Turn\n|move|p1b: Milotic|Scald|p2a: Whimsicott\n|-resisted|p2a: Whimsicott|1\n|-damage|p2a: Whimsicott|74/100\n|move|p1a: Incineroar|Parting Shot|p2a: Whimsicott\n|-unboost|p2a: Whimsicott|atk|1\n|-unboost|p2a: Whimsicott|spa|1\n|\n|t:|1776648425\n|switch|p1a: Rotom|Rotom-Frost, L50|100/100|[from] Parting Shot\n|\n|upkeep\n|turn|3\n|\n|t:|1776648439\n|move|p1a: Rotom|Volt Switch|p2b: Gengar\n|-damage|p2b: Gengar|63/100\n|\n|t:|1776648442\n|switch|p1a: Incineroar|Incineroar, L50, F|62/100|[from] Volt Switch\n|-ability|p1a: Incineroar|Intimidate|boost\n|-unboost|p2a: Whimsicott|atk|1\n|-unboost|p2b: Gengar|atk|1\n|move|p2b: Gengar|Sludge Bomb|p1a: Incineroar\n|-damage|p1a: Incineroar|22/100\n|move|p2a: Whimsicott|Moonblast|p1a: Incineroar\n|-damage|p1a: Incineroar|3/100\n|move|p1b: Milotic|Icy Wind|p2a: Whimsicott|[spread] p2a,p2b\n|-supereffective|p2a: Whimsicott|1\n|-damage|p2a: Whimsicott|36/100\n|-damage|p2b: Gengar|51/100\n|-unboost|p2a: Whimsicott|spe|1\n|-unboost|p2b: Gengar|spe|1\n|\n|upkeep\n|turn|4\n|\n|t:|1776648463\n|move|p2a: Whimsicott|Protect|p2a: Whimsicott\n|-singleturn|p2a: Whimsicott|Protect\n|move|p2b: Gengar|Protect|p2b: Gengar\n|-singleturn|p2b: Gengar|Protect\n|move|p1a: Incineroar|Fake Out|p2a: Whimsicott\n|-activate|p2a: Whimsicott|move: Protect\n|move|p1b: Milotic|Icy Wind|p2b: Gengar|[spread] \n|-activate|p2a: Whimsicott|move: Protect\n|-activate|p2b: Gengar|move: Protect\n|\n|upkeep\n|turn|5\n|\n|t:|1776648475\n|switch|p2a: Palafin|Palafin-Hero, L50, M|100/100\n|-activate|p2a: Palafin|ability: Zero to Hero\n|move|p2b: Gengar|Sludge Bomb|p1a: Incineroar\n|-crit|p1a: Incineroar\n|-damage|p1a: Incineroar|0 fnt\n|faint|p1a: Incineroar\n|move|p1b: Milotic|Icy Wind|p2a: Palafin|[spread] p2a,p2b\n|-resisted|p2a: Palafin|1\n|-damage|p2a: Palafin|95/100\n|-damage|p2b: Gengar|38/100\n|-unboost|p2a: Palafin|spe|1\n|-unboost|p2b: Gengar|spe|1\n|\n|upkeep\n|\n|t:|1776648488\n|switch|p1a: Froslass|Froslass, L50, F|100/100\n|turn|6\n|\n|t:|1776648516\n|switch|p2b: Whimsicott|Whimsicott, L50, M|36/100\n|detailschange|p1a: Froslass|Froslass-Mega, L50, F\n|-mega|p1a: Froslass|Froslass|Froslassite\n|-weather|Snowscape|[from] ability: Snow Warning|[of] p1a: Froslass\n|move|p2a: Palafin|Protect|p2a: Palafin\n|-singleturn|p2a: Palafin|Protect\n|move|p1a: Froslass|Blizzard|p2a: Palafin|[spread] p2b\n|-activate|p2a: Palafin|move: Protect\n|-supereffective|p2b: Whimsicott|1\n|-damage|p2b: Whimsicott|0 fnt\n|faint|p2b: Whimsicott\n|move|p1b: Milotic|Scald|p2a: Palafin\n|-activate|p2a: Palafin|move: Protect\n|\n|-weather|Snowscape|[upkeep]\n|upkeep\n|\n|t:|1776648520\n|switch|p2b: Gengar|Gengar-Mega, L50, M|38/100\n|turn|7\n|\n|t:|1776648534\n|move|p1a: Froslass|Protect|p1a: Froslass\n|-singleturn|p1a: Froslass|Protect\n|move|p2b: Gengar|Sludge Bomb|p1b: Milotic\n|-damage|p1b: Milotic|65/100\n|move|p1b: Milotic|Icy Wind|p2b: Gengar|[spread] p2a,p2b\n|-resisted|p2a: Palafin|1\n|-damage|p2a: Palafin|90/100\n|-damage|p2b: Gengar|23/100\n|-unboost|p2a: Palafin|spe|1\n|-unboost|p2b: Gengar|spe|1\n|move|p2a: Palafin|Wave Crash|p1b: Milotic\n|-resisted|p1b: Milotic|1\n|-damage|p1b: Milotic|19/100\n|-enditem|p1b: Milotic|Sitrus Berry|[eat]\n|-heal|p1b: Milotic|44/100|[from] item: Sitrus Berry\n|-damage|p2a: Palafin|75/100|[from] Recoil\n|\n|-weather|Snowscape|[upkeep]\n|upkeep\n|turn|8\n|\n|t:|1776648556\n|move|p2b: Gengar|Protect|p2b: Gengar\n|-singleturn|p2b: Gengar|Protect\n|move|p1a: Froslass|Blizzard|p2a: Palafin|[spread] p2a\n|-activate|p2b: Gengar|move: Protect\n|-resisted|p2a: Palafin|1\n|-damage|p2a: Palafin|53/100\n|move|p1b: Milotic|Scald|p2a: Palafin\n|-resisted|p2a: Palafin|1\n|-damage|p2a: Palafin|38/100\n|-status|p2a: Palafin|brn\n|move|p2a: Palafin|Wave Crash|p1b: Milotic\n|-resisted|p1b: Milotic|1\n|-crit|p1b: Milotic\n|-damage|p1b: Milotic|10/100\n|-damage|p2a: Palafin|27/100 brn|[from] Recoil\n|\n|-weather|Snowscape|[upkeep]\n|-damage|p2a: Palafin|21/100 brn|[from] brn\n|upkeep\n|turn|9\n|\n|t:|1776648573\n|switch|p2b: Incineroar|Incineroar, L50, M|100/100\n|-ability|p2b: Incineroar|Intimidate|boost\n|-unboost|p1a: Froslass|atk|1\n|-unboost|p1b: Milotic|atk|1\n|-ability|p1b: Milotic|Competitive|boost\n|-boost|p1b: Milotic|spa|2\n|move|p2a: Palafin|Jet Punch|p1b: Milotic\n|-resisted|p1b: Milotic|1\n|-damage|p1b: Milotic|0 fnt\n|faint|p1b: Milotic\n|move|p1a: Froslass|Blizzard|p2a: Palafin|[spread] p2a,p2b\n|-resisted|p2a: Palafin|1\n|-resisted|p2b: Incineroar|1\n|-damage|p2a: Palafin|0 fnt\n|-damage|p2b: Incineroar|85/100\n|faint|p2a: Palafin\n|\n|-weather|Snowscape|[upkeep]\n|upkeep\n|\n|t:|1776648584\n|switch|p2a: Gengar|Gengar-Mega, L50, M|23/100\n|switch|p1b: Rotom|Rotom-Frost, L50|100/100\n|turn|10\n|\n|t:|1776648596\n|move|p1a: Froslass|Protect|p1a: Froslass\n|-singleturn|p1a: Froslass|Protect\n|move|p2b: Incineroar|Fake Out|p1b: Rotom\n|-damage|p1b: Rotom|91/100\n|cant|p1b: Rotom|flinch\n|move|p2a: Gengar|Sludge Bomb|p1b: Rotom\n|-damage|p1b: Rotom|29/100\n|\n|-weather|none\n|upkeep\n|turn|11\n|\n|t:|1776648613\n|move|p2a: Gengar|Protect|p2a: Gengar\n|-singleturn|p2a: Gengar|Protect\n|move|p1b: Rotom|Thunderbolt|p2b: Incineroar\n|-damage|p2b: Incineroar|52/100\n|move|p1a: Froslass|Nasty Plot|p1a: Froslass\n|-boost|p1a: Froslass|spa|2\n|move|p2b: Incineroar|Flare Blitz|p1b: Rotom\n|-supereffective|p1b: Rotom|1\n|-damage|p1b: Rotom|0 fnt\n|faint|p1b: Rotom\n|-damage|p2b: Incineroar|46/100|[from] Recoil\n|-enditem|p2b: Incineroar|Sitrus Berry|[eat]\n|-heal|p2b: Incineroar|71/100|[from] item: Sitrus Berry\n|\n|upkeep\n|turn|12\n|\n|t:|1776648622\n|move|p2a: Gengar|Shadow Ball|p1a: Froslass\n|-supereffective|p1a: Froslass|1\n|-damage|p1a: Froslass|0 fnt\n|faint|p1a: Froslass\n|\n|win|FlutterGainz\n|raw|CarajilloMan's rating: 1486 &rarr; <strong>1464</strong><br />(-22 for losing)\n|raw|FlutterGainz's rating: 1444 &rarr; <strong>1466</strong><br />(+22 for winning)\n|l|\u2606CarajilloMan\n|player|p1|\n",
  "uploadtime": 1776648628,
  "views": 10,
  "formatid": "gen9championsvgc2026regma",
  "rating": 1464,
  "private": 0,
  "password": null
}