{
  "id": "gen9championsvgc2026regma-2586258298",
  "format": "[Gen 9 Champions] VGC 2026 Reg M-A",
  "players": [
    "Gulptubus",
    "CreatureArchives"
  ],
  "log": "|j|\u2606Gulptubus\n|j|\u2606CreatureArchives\n|t:|1776418293\n|gametype|doubles\n|player|p1|Gulptubus|pokemonranger-gen4|1152\n|player|p2|CreatureArchives|ghetsis|1241\n|gen|9\n|tier|[Gen 9 Champions] VGC 2026 Reg M-A\n|rated|\n|rule|Species Clause: Limit one of each Pok\u00e9mon\n|rule|Item Clause: Limit 1 of each item\n|clearpoke\n|poke|p1|Tyranitar, L50, M|\n|poke|p1|Aerodactyl, L50, F|\n|poke|p1|Garchomp, L50, F|\n|poke|p1|Incineroar, L50, F|\n|poke|p1|Sinistcha, L50|\n|poke|p1|Milotic, L50, F|\n|poke|p2|Flapple, L50, F|\n|poke|p2|Sableye, L50, F|\n|poke|p2|Milotic, L50, F|\n|poke|p2|Farigiraf, L50, M|\n|poke|p2|Tyranitar, L50, M|\n|poke|p2|Scizor, L50, M|\n|teampreview|4\n|\n|t:|1776418357\n|teamsize|p1|4\n|teamsize|p2|4\n|start\n|switch|p1a: Sinistcha|Sinistcha, L50|100/100\n|switch|p1b: Tyranitar|Tyranitar, L50, M|100/100\n|switch|p2a: Milotic|Milotic, L50, F|100/100\n|switch|p2b: Sableye|Sableye, L50, F|100/100\n|-weather|Sandstorm|[from] ability: Sand Stream|[of] p1b: Tyranitar\n|turn|1\n|\n|t:|1776418388\n|detailschange|p1b: Tyranitar|Tyranitar-Mega, L50, M\n|-mega|p1b: Tyranitar|Tyranitar|Tyranitarite\n|move|p2b: Sableye|Fake Out|p1b: Tyranitar\n|-resisted|p1b: Tyranitar|1\n|-damage|p1b: Tyranitar|98/100\n|move|p1a: Sinistcha|Rage Powder|p1a: Sinistcha\n|-singleturn|p1a: Sinistcha|move: Rage Powder\n|move|p2a: Milotic|Icy Wind|p1b: Tyranitar|[spread] \n|-miss|p2a: Milotic|p1a: Sinistcha\n|-miss|p2a: Milotic|p1b: Tyranitar\n|cant|p1b: Tyranitar|flinch\n|\n|-weather|Sandstorm|[upkeep]\n|-damage|p2a: Milotic|95/100|[from] Sandstorm\n|-damage|p1a: Sinistcha|94/100|[from] Sandstorm\n|-damage|p2b: Sableye|95/100|[from] Sandstorm\n|-heal|p2a: Milotic|100/100|[from] item: Leftovers\n|upkeep\n|turn|2\n|\n|t:|1776418417\n|move|p2b: Sableye|Encore|p1a: Sinistcha\n|-start|p1a: Sinistcha|Encore\n|move|p1a: Sinistcha|Rage Powder|p1a: Sinistcha\n|-singleturn|p1a: Sinistcha|move: Rage Powder\n|move|p2a: Milotic|Icy Wind|p1a: Sinistcha|[spread] p1a,p1b\n|-supereffective|p1a: Sinistcha|1\n|-damage|p1a: Sinistcha|72/100\n|-damage|p1b: Tyranitar|92/100\n|-unboost|p1a: Sinistcha|spe|1\n|-unboost|p1b: Tyranitar|spe|1\n|move|p1b: Tyranitar|Rock Slide|p2b: Sableye|[spread] p2b\n|-miss|p1b: Tyranitar|p2a: Milotic\n|-damage|p2b: Sableye|48/100\n|\n|-weather|Sandstorm|[upkeep]\n|-damage|p2a: Milotic|95/100|[from] Sandstorm\n|-damage|p2b: Sableye|43/100|[from] Sandstorm\n|-damage|p1a: Sinistcha|66/100|[from] Sandstorm\n|-heal|p2a: Milotic|100/100|[from] item: Leftovers\n|upkeep\n|turn|3\n|\n|t:|1776418446\n|switch|p2b: Farigiraf|Farigiraf, L50, M|100/100\n|move|p1a: Sinistcha|Rage Powder|p1a: Sinistcha\n|-singleturn|p1a: Sinistcha|move: Rage Powder\n|move|p2a: Milotic|Icy Wind|p1b: Tyranitar|[spread] p1a,p1b\n|-supereffective|p1a: Sinistcha|1\n|-damage|p1a: Sinistcha|41/100\n|-damage|p1b: Tyranitar|85/100\n|-unboost|p1a: Sinistcha|spe|1\n|-unboost|p1b: Tyranitar|spe|1\n|-enditem|p1a: Sinistcha|Sitrus Berry|[eat]\n|-heal|p1a: Sinistcha|66/100|[from] item: Sitrus Berry\n|move|p1b: Tyranitar|Rock Slide|p2a: Milotic|[spread] p2a,p2b\n|-crit|p2a: Milotic\n|-damage|p2a: Milotic|40/100\n|-damage|p2b: Farigiraf|69/100\n|\n|-weather|Sandstorm|[upkeep]\n|-damage|p2a: Milotic|34/100|[from] Sandstorm\n|-damage|p2b: Farigiraf|63/100|[from] Sandstorm\n|-damage|p1a: Sinistcha|59/100|[from] Sandstorm\n|-heal|p2a: Milotic|40/100|[from] item: Leftovers\n|upkeep\n|turn|4\n|\n|t:|1776418466\n|move|p1b: Tyranitar|Protect|p1b: Tyranitar\n|-singleturn|p1b: Tyranitar|Protect\n|move|p1a: Sinistcha|Rage Powder|p1a: Sinistcha\n|-singleturn|p1a: Sinistcha|move: Rage Powder\n|move|p2a: Milotic|Icy Wind|p1b: Tyranitar|[spread] p1a\n|-activate|p1b: Tyranitar|move: Protect\n|-supereffective|p1a: Sinistcha|1\n|-damage|p1a: Sinistcha|34/100\n|-unboost|p1a: Sinistcha|spe|1\n|move|p2b: Farigiraf|Dazzling Gleam|p1b: Tyranitar|[spread] p1a\n|-activate|p1b: Tyranitar|move: Protect\n|-damage|p1a: Sinistcha|18/100\n|\n|-weather|Sandstorm|[upkeep]\n|-damage|p2a: Milotic|34/100|[from] Sandstorm\n|-damage|p2b: Farigiraf|56/100|[from] Sandstorm\n|-damage|p1a: Sinistcha|12/100|[from] Sandstorm\n|-heal|p2a: Milotic|40/100|[from] item: Leftovers\n|-end|p1a: Sinistcha|Encore\n|upkeep\n|turn|5\n|\n|t:|1776418498\n|move|p2a: Milotic|Scald|p1b: Tyranitar\n|-supereffective|p1b: Tyranitar|1\n|-damage|p1b: Tyranitar|48/100\n|move|p2b: Farigiraf|Dazzling Gleam|p1a: Sinistcha|[spread] p1a,p1b\n|-supereffective|p1b: Tyranitar|1\n|-damage|p1a: Sinistcha|0 fnt\n|-damage|p1b: Tyranitar|32/100\n|faint|p1a: Sinistcha\n|move|p1b: Tyranitar|Knock Off|p2b: Farigiraf\n|-supereffective|p2b: Farigiraf|1\n|-damage|p2b: Farigiraf|0 fnt\n|-enditem|p2b: Farigiraf|Mental Herb|[from] move: Knock Off|[of] p1b: Tyranitar\n|faint|p2b: Farigiraf\n|\n|-weather|none\n|-heal|p2a: Milotic|46/100|[from] item: Leftovers\n|upkeep\n|\n|t:|1776418516\n|switch|p1a: Garchomp|Garchomp, L50, F|100/100\n|switch|p2b: Sableye|Sableye, L50, F|43/100\n|turn|6\n|\n|t:|1776418530\n|move|p1a: Garchomp|Protect|p1a: Garchomp\n|-singleturn|p1a: Garchomp|Protect\n|move|p2b: Sableye|Fake Out|p1a: Garchomp\n|-activate|p1a: Garchomp|move: Protect\n|move|p2a: Milotic|Scald|p1b: Tyranitar\n|-supereffective|p1b: Tyranitar|1\n|-damage|p1b: Tyranitar|0 fnt\n|faint|p1b: Tyranitar\n|\n|-heal|p2a: Milotic|51/100|[from] item: Leftovers\n|upkeep\n|\n|t:|1776418537\n|switch|p1b: Aerodactyl|Aerodactyl, L50, F|100/100\n|-ability|p1b: Aerodactyl|Unnerve\n|turn|7\n|\n|t:|1776418549\n|move|p2b: Sableye|Quash|p1a: Garchomp\n|-activate|p1a: Garchomp|move: Quash\n|move|p1b: Aerodactyl|Rock Slide|p2a: Milotic|[spread] p2b\n|-miss|p1b: Aerodactyl|p2a: Milotic\n|-damage|p2b: Sableye|10/100\n|move|p2a: Milotic|Icy Wind|p1b: Aerodactyl|[spread] p1a,p1b\n|-supereffective|p1a: Garchomp|2\n|-supereffective|p1b: Aerodactyl|1\n|-damage|p1a: Garchomp|52/100\n|-damage|p1b: Aerodactyl|64/100\n|-unboost|p1a: Garchomp|spe|1\n|-unboost|p1b: Aerodactyl|spe|1\n|-enditem|p1a: Garchomp|White Herb\n|-clearnegativeboost|p1a: Garchomp|[silent]\n|move|p1a: Garchomp|Earthquake|p2a: Milotic|[spread] p2a,p2b\n|-immune|p1b: Aerodactyl\n|-damage|p2a: Milotic|5/100\n|-damage|p2b: Sableye|0 fnt\n|faint|p2b: Sableye\n|\n|-heal|p2a: Milotic|11/100|[from] item: Leftovers\n|upkeep\n|\n|t:|1776418565\n|switch|p2b: Flapple|Flapple, L50, F|100/100\n|turn|8\n|\n|t:|1776418586\n|move|p1a: Garchomp|Protect|p1a: Garchomp\n|-singleturn|p1a: Garchomp|Protect\n|move|p2a: Milotic|Protect|p2a: Milotic\n|-singleturn|p2a: Milotic|Protect\n|move|p1b: Aerodactyl|Tailwind|p1b: Aerodactyl\n|-sidestart|p1: Gulptubus|move: Tailwind\n|move|p2b: Flapple|Grav Apple|p1a: Garchomp\n|-activate|p1a: Garchomp|move: Protect\n|\n|-heal|p2a: Milotic|17/100|[from] item: Leftovers\n|upkeep\n|turn|9\n|\n|t:|1776418600\n|move|p2a: Milotic|Protect|p2a: Milotic\n|-singleturn|p2a: Milotic|Protect\n|move|p1a: Garchomp|Dragon Claw|p2b: Flapple\n|-supereffective|p2b: Flapple|1\n|-enditem|p2b: Flapple|Focus Sash\n|-damage|p2b: Flapple|1/100\n|move|p1b: Aerodactyl|Rock Slide|p2a: Milotic|[spread] p2b\n|-activate|p2a: Milotic|move: Protect\n|-damage|p2b: Flapple|0 fnt\n|faint|p2b: Flapple\n|\n|-heal|p2a: Milotic|23/100|[from] item: Leftovers\n|upkeep\n|turn|10\n|\n|t:|1776418617\n|move|p1a: Garchomp|Dragon Claw|p2a: Milotic\n|-damage|p2a: Milotic|0 fnt\n|faint|p2a: Milotic\n|\n|win|Gulptubus\n|raw|Gulptubus's rating: 1152 &rarr; <strong>1183</strong><br />(+31 for winning)\n|raw|CreatureArchives's rating: 1241 &rarr; <strong>1210</strong><br />(-31 for losing)\n|l|\u2606CreatureArchives\n|player|p2|\n",
  "uploadtime": 1776418623,
  "views": 20,
  "formatid": "gen9championsvgc2026regma",
  "rating": 1183,
  "private": 0,
  "password": null
}