{
  "id": "gen9championsvgc2026regma-2589476619",
  "format": "[Gen 9 Champions] VGC 2026 Reg M-A",
  "players": [
    "Warehouse User",
    "WhatAsuraDoes"
  ],
  "log": "|j|\u2606Warehouse User\n|j|\u2606WhatAsuraDoes\n|t:|1776726418\n|gametype|doubles\n|player|p1|Warehouse User|265|1062\n|player|p2|WhatAsuraDoes|hugh|1029\n|gen|9\n|tier|[Gen 9 Champions] VGC 2026 Reg M-A\n|rated|\n|rule|Species Clause: Limit one of each Pok\u00e9mon\n|rule|Item Clause: Limit 1 of each item\n|clearpoke\n|poke|p1|Aegislash, L50, F|\n|poke|p1|Maushold-Four, L50|\n|poke|p1|Azumarill, L50, M|\n|poke|p1|Whimsicott, L50, M|\n|poke|p1|Glimmora, L50, M|\n|poke|p1|Infernape, L50, M|\n|poke|p2|Incineroar, L50, M, shiny|\n|poke|p2|Palafin, L50, M, shiny|\n|poke|p2|Torterra, L50, M|\n|poke|p2|Whimsicott, L50, F, shiny|\n|poke|p2|Dragonite, L50, M, shiny|\n|poke|p2|Kingambit, L50, M, shiny|\n|teampreview|4\n|\n|t:|1776726447\n|teamsize|p1|4\n|teamsize|p2|4\n|start\n|switch|p1a: Whimsicott|Whimsicott, L50, M|100/100\n|switch|p1b: Azumarill|Azumarill, L50, M|100/100\n|switch|p2a: YumeMochii|Whimsicott, L50, F, shiny|100/100\n|switch|p2b: PapaG|Incineroar, L50, M, shiny|100/100\n|-ability|p2b: PapaG|Intimidate|boost\n|-unboost|p1a: Whimsicott|atk|1\n|-unboost|p1b: Azumarill|atk|1\n|turn|1\n|\n|t:|1776726469\n|move|p2b: PapaG|Fake Out|p1b: Azumarill\n|-damage|p1b: Azumarill|88/100\n|move|p2a: YumeMochii|Tailwind|p2a: YumeMochii\n|-sidestart|p2: WhatAsuraDoes|move: Tailwind\n|move|p1a: Whimsicott|Moonblast|p2a: YumeMochii\n|-damage|p2a: YumeMochii|53/100\n|cant|p1b: Azumarill|flinch\n|\n|upkeep\n|turn|2\n|\n|t:|1776726482\n|move|p1a: Whimsicott|Encore|p2a: YumeMochii\n|-start|p2a: YumeMochii|Encore\n|move|p2a: YumeMochii|Tailwind||[still]\n|-fail|p2a: YumeMochii\n|move|p2b: PapaG|Flare Blitz|p1a: Whimsicott\n|-supereffective|p1a: Whimsicott|1\n|-enditem|p1a: Whimsicott|Focus Sash\n|-damage|p1a: Whimsicott|1/100\n|-damage|p2b: PapaG|76/100|[from] Recoil\n|move|p1b: Azumarill|Belly Drum|p1b: Azumarill\n|-damage|p1b: Azumarill|39/100\n|-setboost|p1b: Azumarill|atk|6|[from] move: Belly Drum\n|-enditem|p1b: Azumarill|Sitrus Berry|[eat]\n|-heal|p1b: Azumarill|63/100|[from] item: Sitrus Berry\n|\n|upkeep\n|turn|3\n|\n|t:|1776726513\n|switch|p2a: Doombelle|Torterra, L50, M|100/100\n|switch|p1a: Maushold|Maushold-Four, L50|100/100\n|move|p1b: Azumarill|Aqua Jet|p2b: PapaG\n|-supereffective|p2b: PapaG|1\n|-damage|p2b: PapaG|0 fnt\n|faint|p2b: PapaG\n|\n|upkeep\n|\n|t:|1776726522\n|switch|p2b: Infinite|Palafin, L50, M, shiny|100/100\n|turn|4\n|\n|t:|1776726533\n|move|p1a: Maushold|Helping Hand|p1b: Azumarill\n|-singleturn|p1b: Azumarill|Helping Hand|[of] p1a: Maushold\n|move|p1b: Azumarill|Aqua Jet|p2b: Infinite\n|-resisted|p2b: Infinite|1\n|-damage|p2b: Infinite|11/100\n|move|p2b: Infinite|Close Combat|p1a: Maushold\n|-supereffective|p1a: Maushold|1\n|-enditem|p1a: Maushold|Chople Berry|[eat]\n|-enditem|p1a: Maushold|Chople Berry|[weaken]\n|-damage|p1a: Maushold|62/100\n|-unboost|p2b: Infinite|def|1\n|-unboost|p2b: Infinite|spd|1\n|move|p2a: Doombelle|Wood Hammer|p1b: Azumarill\n|-supereffective|p1b: Azumarill|1\n|-crit|p1b: Azumarill\n|-damage|p1b: Azumarill|0 fnt\n|faint|p1b: Azumarill\n|-damage|p2a: Doombelle|79/100|[from] Recoil\n|\n|-sideend|p2: WhatAsuraDoes|move: Tailwind\n|upkeep\n|\n|t:|1776726541\n|switch|p1b: Glimmora|Glimmora, L50, M|100/100\n|turn|5\n|\n|t:|1776726572\n|detailschange|p1b: Glimmora|Glimmora-Mega, L50, M\n|-mega|p1b: Glimmora|Glimmora|Glimmoranite\n|move|p1a: Maushold|Follow Me|p1a: Maushold\n|-singleturn|p1a: Maushold|move: Follow Me\n|move|p2b: Infinite|Jet Punch|p1a: Maushold\n|-damage|p1a: Maushold|30/100\n|move|p1b: Glimmora|Sludge Bomb|p2a: Doombelle\n|-damage|p2a: Doombelle|9/100\n|move|p2a: Doombelle|Heavy Slam|p1a: Maushold\n|-damage|p1a: Maushold|0 fnt\n|faint|p1a: Maushold\n|\n|upkeep\n|\n|t:|1776726581\n|switch|p1a: Whimsicott|Whimsicott, L50, M|1/100\n|turn|6\n|\n|t:|1776726610\n|move|p1b: Glimmora|Spiky Shield|p1b: Glimmora\n|-singleturn|p1b: Glimmora|move: Protect\n|move|p1a: Whimsicott|Encore|p2b: Infinite\n|-start|p2b: Infinite|Encore\n|move|p2b: Infinite|Jet Punch|p1a: Whimsicott\n|-resisted|p1a: Whimsicott|1\n|-damage|p1a: Whimsicott|0 fnt\n|faint|p1a: Whimsicott\n|move|p2a: Doombelle|Wood Hammer|p1b: Glimmora\n|-activate|p1b: Glimmora|move: Protect\n|-damage|p2a: Doombelle|0 fnt|[from] Spiky Shield|[of] p1b: Glimmora\n|faint|p2a: Doombelle\n|\n|upkeep\n|\n|t:|1776726622\n|switch|p2a: YumeMochii|Whimsicott, L50, F, shiny|53/100\n|turn|7\n|\n|t:|1776726629\n|move|p2b: Infinite|Jet Punch|p1b: Glimmora\n|-supereffective|p1b: Glimmora|1\n|-damage|p1b: Glimmora|35/100\n|move|p1b: Glimmora|Sludge Bomb|p2a: YumeMochii\n|-supereffective|p2a: YumeMochii|2\n|-damage|p2a: YumeMochii|0 fnt\n|faint|p2a: YumeMochii\n|\n|upkeep\n|turn|8\n|\n|t:|1776726638\n|move|p1b: Glimmora|Spiky Shield|p1b: Glimmora\n|-singleturn|p1b: Glimmora|move: Protect\n|move|p2b: Infinite|Jet Punch|p1b: Glimmora\n|-activate|p1b: Glimmora|move: Protect\n|-damage|p2b: Infinite|0 fnt|[from] Spiky Shield|[of] p1b: Glimmora\n|faint|p2b: Infinite\n|\n|win|Warehouse User\n|raw|Warehouse User's rating: 1062 &rarr; <strong>1090</strong><br />(+28 for winning)\n|raw|WhatAsuraDoes's rating: 1029 &rarr; <strong>1016</strong><br />(-13 for losing)\n|l|\u2606WhatAsuraDoes\n|player|p2|\n",
  "uploadtime": 1776726693,
  "views": 8,
  "formatid": "gen9championsvgc2026regma",
  "rating": 1016,
  "private": 0,
  "password": null
}