{
  "id": "gen9championsvgc2026regma-2586809877",
  "format": "[Gen 9 Champions] VGC 2026 Reg M-A",
  "players": [
    "oranguru91",
    "Miau22cosas"
  ],
  "log": "|j|\u2606oranguru91\n|j|\u2606Miau22cosas\n|t:|1776461723\n|gametype|doubles\n|player|p1|oranguru91|colress|1363\n|player|p2|Miau22cosas|gentleman-gen4|1283\n|gen|9\n|tier|[Gen 9 Champions] VGC 2026 Reg M-A\n|rated|\n|rule|Species Clause: Limit one of each Pok\u00e9mon\n|rule|Item Clause: Limit 1 of each item\n|clearpoke\n|poke|p1|Floette-Eternal, L50, F|\n|poke|p1|Sneasler, L50, M|\n|poke|p1|Sableye, L50, F|\n|poke|p1|Aerodactyl, L50, M|\n|poke|p1|Incineroar, L50, F|\n|poke|p1|Sinistcha, L50|\n|poke|p2|Starmie, L50|\n|poke|p2|Tsareena, L50, F|\n|poke|p2|Incineroar, L50, M|\n|poke|p2|Rotom-Heat, L50|\n|poke|p2|Aerodactyl, L50, M|\n|poke|p2|Weavile, L50, F|\n|teampreview|4\n|inactive|Battle timer is ON: inactive players will automatically lose when time's up. (requested by Miau22cosas)\n|inactive|Miau22cosas has 60 seconds left.\n|\n|t:|1776461764\n|teamsize|p1|4\n|teamsize|p2|4\n|start\n|switch|p1a: Incineroar|Incineroar, L50, F|100/100\n|switch|p1b: Sableye|Sableye, L50, F|100/100\n|switch|p2a: Starmie|Starmie, L50|100/100\n|switch|p2b: Incineroar|Incineroar, L50, M|100/100\n|-ability|p2b: Incineroar|Intimidate|boost\n|-unboost|p1a: Incineroar|atk|1\n|-unboost|p1b: Sableye|atk|1\n|-ability|p1a: Incineroar|Intimidate|boost\n|-unboost|p2a: Starmie|atk|1\n|-unboost|p2b: Incineroar|atk|1\n|turn|1\n|\n|t:|1776461783\n|switch|p2b: Tsareena|Tsareena, L50, F|100/100\n|detailschange|p2a: Starmie|Starmie-Mega, L50\n|-mega|p2a: Starmie|Starmie|Starminite\n|move|p1a: Incineroar|Fake Out||[still]\n|cant|p2b: Tsareena|ability: Queenly Majesty|Fake Out|[of] p1a: Incineroar\n|move|p1b: Sableye|Reflect|p1b: Sableye\n|-sidestart|p1: oranguru91|Reflect\n|move|p2a: Starmie|Flip Turn|p1a: Incineroar\n|-supereffective|p1a: Incineroar|1\n|-damage|p1a: Incineroar|50/100\n|\n|t:|1776461798\n|switch|p2a: Rotom|Rotom-Heat, L50|100/100|[from] Flip Turn\n|\n|upkeep\n|turn|2\n|\n|t:|1776461811\n|move|p1b: Sableye|Will-O-Wisp||[still]\n|cant|p2b: Tsareena|ability: Queenly Majesty|Will-O-Wisp|[of] p1b: Sableye\n|move|p2a: Rotom|Volt Switch|p1b: Sableye\n|-damage|p1b: Sableye|62/100\n|\n|t:|1776461818\n|switch|p2a: Starmie|Starmie-Mega, L50|100/100|[from] Volt Switch\n|move|p2b: Tsareena|Low Kick|p1a: Incineroar\n|-supereffective|p1a: Incineroar|1\n|-damage|p1a: Incineroar|16/100\n|move|p1a: Incineroar|Parting Shot|p2b: Tsareena\n|-unboost|p2b: Tsareena|atk|1\n|-unboost|p2b: Tsareena|spa|1\n|\n|t:|1776461823\n|switch|p1a: Floette|Floette-Eternal, L50, F|100/100|[from] Parting Shot\n|\n|upkeep\n|turn|3\n|inactive|Miau22cosas has 30 seconds left.\n|\n|t:|1776461854\n|switch|p1b: Incineroar|Incineroar, L50, F|16/100\n|-ability|p1b: Incineroar|Intimidate|boost\n|-unboost|p2a: Starmie|atk|1\n|-unboost|p2b: Tsareena|atk|1\n|detailschange|p1a: Floette|Floette-Mega, L50, F\n|-mega|p1a: Floette|Floette|Floettite\n|-ability|p1a: Floette|Fairy Aura\n|move|p2a: Starmie|Psycho Cut|p1a: Floette\n|-damage|p1a: Floette|70/100\n|move|p2b: Tsareena|U-turn|p1a: Floette\n|-resisted|p1a: Floette|1\n|-damage|p1a: Floette|66/100\n|\n|t:|1776461868\n|switch|p2b: Incineroar|Incineroar, L50, M|100/100|[from] U-turn\n|-ability|p2b: Incineroar|Intimidate|boost\n|-unboost|p1a: Floette|atk|1\n|-unboost|p1b: Incineroar|atk|1\n|move|p1a: Floette|Dazzling Gleam|p2b: Incineroar|[spread] p2a,p2b\n|-damage|p2a: Starmie|28/100\n|-damage|p2b: Incineroar|59/100\n|\n|upkeep\n|turn|4\n|inactive|Miau22cosas has 30 seconds left.\n|inactive|Miau22cosas has 20 seconds left.\n|inactive|Miau22cosas has 15 seconds left.\n|\n|t:|1776461912\n|switch|p1b: Sableye|Sableye, L50, F|62/100\n|move|p1a: Floette|Protect|p1a: Floette\n|-singleturn|p1a: Floette|Protect\n|move|p2b: Incineroar|Fake Out|p1b: Sableye\n|-immune|p1b: Sableye\n|move|p2a: Starmie|Flip Turn|p1a: Floette\n|-activate|p1a: Floette|move: Protect\n|\n|upkeep\n|turn|5\n|inactive|Miau22cosas has 30 seconds left.\n|inactive|Miau22cosas has 20 seconds left.\n|\n|t:|1776461949\n|switch|p2a: Tsareena|Tsareena, L50, F|100/100\n|switch|p1b: Incineroar|Incineroar, L50, F|16/100\n|-ability|p1b: Incineroar|Intimidate|boost\n|-unboost|p2a: Tsareena|atk|1\n|-unboost|p2b: Incineroar|atk|1\n|move|p1a: Floette|Dazzling Gleam|p2a: Tsareena|[spread] p2a,p2b\n|-damage|p2a: Tsareena|41/100\n|-damage|p2b: Incineroar|13/100\n|-enditem|p2b: Incineroar|Sitrus Berry|[eat]\n|-heal|p2b: Incineroar|38/100|[from] item: Sitrus Berry\n|move|p2b: Incineroar|Flare Blitz|p1a: Floette\n|-damage|p1a: Floette|42/100\n|-damage|p2b: Incineroar|31/100|[from] Recoil\n|\n|-sideend|p1: oranguru91|Reflect\n|upkeep\n|turn|6\n|inactive|oranguru91 has 30 seconds left.\n|inactive|Miau22cosas has 30 seconds left.\n|inactive|oranguru91 has 20 seconds left.\n|inactive|Miau22cosas has 20 seconds left.\n|inactive|Miau22cosas has 15 seconds left.\n|\n|t:|1776461995\n|switch|p1b: Sableye|Sableye, L50, F|62/100\n|move|p2a: Tsareena|U-turn|p1b: Sableye\n|-damage|p1b: Sableye|43/100\n|\n|t:|1776462000\n|switch|p2a: Rotom|Rotom-Heat, L50|100/100|[from] U-turn\n|move|p1a: Floette|Draining Kiss|p2a: Rotom\n|-resisted|p2a: Rotom|1\n|-damage|p2a: Rotom|70/100\n|-heal|p1a: Floette|58/100|[from] drain|[of] p2a: Rotom\n|move|p2b: Incineroar|Flare Blitz|p1a: Floette\n|-damage|p1a: Floette|24/100\n|-damage|p2b: Incineroar|21/100|[from] Recoil\n|\n|upkeep\n|turn|7\n|inactive|oranguru91 has 30 seconds left.\n|inactive|Miau22cosas has 30 seconds left.\n|\n|t:|1776462034\n|switch|p2b: Tsareena|Tsareena, L50, F|41/100\n|move|p1b: Sableye|Reflect|p1b: Sableye\n|-sidestart|p1: oranguru91|Reflect\n|move|p2a: Rotom|Thunderbolt|p1a: Floette\n|-damage|p1a: Floette|0 fnt\n|faint|p1a: Floette\n|\n|upkeep\n|\n|t:|1776462040\n|switch|p1a: Incineroar|Incineroar, L50, F|16/100\n|-ability|p1a: Incineroar|Intimidate|boost\n|-unboost|p2a: Rotom|atk|1\n|-unboost|p2b: Tsareena|atk|1\n|turn|8\n|\n|t:|1776462059\n|switch|p1b: Aerodactyl|Aerodactyl, L50, M|100/100\n|-ability|p1b: Aerodactyl|Unnerve\n|move|p2a: Rotom|Thunderbolt|p1a: Incineroar\n|-damage|p1a: Incineroar|0 fnt\n|faint|p1a: Incineroar\n|move|p2b: Tsareena|Taunt|p1b: Aerodactyl\n|-start|p1b: Aerodactyl|move: Taunt\n|\n|upkeep\n|\n|t:|1776462065\n|switch|p1a: Sableye|Sableye, L50, F|43/100\n|turn|9\n|\n|t:|1776462078\n|move|p1a: Sableye|Disable||[still]\n|cant|p2b: Tsareena|ability: Queenly Majesty|Disable|[of] p1a: Sableye\n|move|p2a: Rotom|Thunderbolt|p1b: Aerodactyl\n|-supereffective|p1b: Aerodactyl|1\n|-enditem|p1b: Aerodactyl|Focus Sash\n|-damage|p1b: Aerodactyl|1/100\n|move|p1b: Aerodactyl|Dual Wingbeat|p2b: Tsareena\n|-supereffective|p2b: Tsareena|1\n|-damage|p2b: Tsareena|3/100\n|-supereffective|p2b: Tsareena|1\n|-damage|p2b: Tsareena|0 fnt\n|faint|p2b: Tsareena\n|-hitcount|p2: Tsareena|2\n|\n|upkeep\n|-message|oranguru91 forfeited.\n|\n|win|Miau22cosas\n|raw|oranguru91's rating: 1363 &rarr; <strong>1338</strong><br />(-25 for losing)\n|raw|Miau22cosas's rating: 1283 &rarr; <strong>1314</strong><br />(+31 for winning)\n|l|\u2606oranguru91\n|player|p1|\n",
  "uploadtime": 1776462098,
  "views": 32,
  "formatid": "gen9championsvgc2026regma",
  "rating": 1314,
  "private": 0,
  "password": null
}