{
  "id": "gen9championsvgc2026regma-2584530341",
  "format": "[Gen 9 Champions] VGC 2026 Reg M-A",
  "players": [
    "volt8437",
    "Potier"
  ],
  "log": "|j|\u2606volt8437\n|j|\u2606Potier\n|t:|1776266894\n|gametype|doubles\n|player|p1|volt8437|102|1092\n|player|p2|Potier|proton|1000\n|gen|9\n|tier|[Gen 9 Champions] VGC 2026 Reg M-A\n|rated|\n|rule|Species Clause: Limit one of each Pok\u00e9mon\n|rule|Item Clause: Limit 1 of each item\n|clearpoke\n|poke|p1|Archaludon, L50, M|\n|poke|p1|Pelipper, L50, F|\n|poke|p1|Sneasler, L50, F|\n|poke|p1|Dragonite, L50, M|\n|poke|p1|Araquanid, L50, M|\n|poke|p1|Sinistcha, L50|\n|poke|p2|Glimmora, L50, F|\n|poke|p2|Incineroar, L50, M|\n|poke|p2|Sinistcha-Masterpiece, L50|\n|poke|p2|Lopunny, L50, F|\n|poke|p2|Excadrill, L50, M|\n|poke|p2|Empoleon, L50, M|\n|teampreview|4\nvolt8437 rejected open team sheets.\n|inactive|Battle timer is ON: inactive players will automatically lose when time's up. (requested by volt8437)\n|inactive|Potier has 60 seconds left.\n|\n|t:|1776266968\n|teamsize|p1|4\n|teamsize|p2|4\n|start\n|switch|p1a: Archaludon|Archaludon, L50, M|100/100\n|switch|p1b: Pelipper|Pelipper, L50, F|100/100\n|switch|p2a: Lopunny|Lopunny, L50, F, shiny|100/100\n|switch|p2b: Incineroar|Incineroar, L50, M, shiny|100/100\n|-weather|RainDance|[from] ability: Drizzle|[of] p1b: Pelipper\n|-ability|p2b: Incineroar|Intimidate|boost\n|-unboost|p1a: Archaludon|atk|1\n|-unboost|p1b: Pelipper|atk|1\n|turn|1\n|\n|t:|1776266983\n|detailschange|p2a: Lopunny|Lopunny-Mega, L50, F, shiny\n|-mega|p2a: Lopunny|Lopunny|Lopunnite\n|move|p2b: Incineroar|Fake Out|p1b: Pelipper\n|-damage|p1b: Pelipper|87/100\n|move|p2a: Lopunny|Close Combat|p1a: Archaludon\n|-supereffective|p1a: Archaludon|1\n|-damage|p1a: Archaludon|0 fnt\n|-unboost|p2a: Lopunny|def|1\n|-unboost|p2a: Lopunny|spd|1\n|faint|p1a: Archaludon\n|cant|p1b: Pelipper|flinch\n|\n|-weather|RainDance|[upkeep]\n|upkeep\n|\n|t:|1776266995\n|switch|p1a: Dragonite|Dragonite, L50, M|100/100\n|turn|2\n|inactive|Potier has 30 seconds left.\n|inactive|Potier has 20 seconds left.\n|\n|t:|1776267033\n|detailschange|p1a: Dragonite|Dragonite-Mega, L50, M\n|-mega|p1a: Dragonite|Dragonite|Dragoninite\n|move|p2a: Lopunny|Protect|p2a: Lopunny\n|-singleturn|p2a: Lopunny|Protect\n|move|p1a: Dragonite|Hurricane|p2a: Lopunny\n|-activate|p2a: Lopunny|move: Protect\n|move|p1b: Pelipper|Tailwind|p1b: Pelipper\n|-sidestart|p1: volt8437|move: Tailwind\n|move|p2b: Incineroar|Parting Shot|p1a: Dragonite\n|-unboost|p1a: Dragonite|atk|1\n|-unboost|p1a: Dragonite|spa|1\n|\n|t:|1776267044\n|switch|p2b: Empoleon|Empoleon, L50, M, shiny|100/100|[from] Parting Shot\n|\n|-weather|RainDance|[upkeep]\n|upkeep\n|turn|3\n|inactive|Potier has 30 seconds left.\n|\n|t:|1776267078\n|switch|p2a: Incineroar|Incineroar, L50, M, shiny|100/100\n|-ability|p2a: Incineroar|Intimidate|boost\n|-unboost|p1a: Dragonite|atk|1\n|-unboost|p1b: Pelipper|atk|1\n|move|p1a: Dragonite|Hurricane|p2a: Incineroar\n|-damage|p2a: Incineroar|64/100\n|move|p1b: Pelipper|U-turn|p2b: Empoleon\n|-resisted|p2b: Empoleon|1\n|-damage|p2b: Empoleon|98/100\n|inactive|volt8437 has 30 seconds left.\n|\n|t:|1776267104\n|switch|p1b: Sneasler|Sneasler, L50, F|100/100|[from] U-turn\n|move|p2b: Empoleon|Ice Beam|p1a: Dragonite\n|-supereffective|p1a: Dragonite|2\n|-damage|p1a: Dragonite|65/100\n|\n|-weather|RainDance|[upkeep]\n|-heal|p2b: Empoleon|100/100|[from] item: Leftovers\n|upkeep\n|turn|4\n|\n|t:|1776267128\n|move|p2b: Empoleon|Protect|p2b: Empoleon\n|-singleturn|p2b: Empoleon|Protect\n|move|p1b: Sneasler|Close Combat|p2a: Incineroar\n|-supereffective|p2a: Incineroar|1\n|-damage|p2a: Incineroar|0 fnt\n|-unboost|p1b: Sneasler|def|1\n|-unboost|p1b: Sneasler|spd|1\n|faint|p2a: Incineroar\n|-enditem|p1b: Sneasler|White Herb\n|-clearnegativeboost|p1b: Sneasler|[silent]\n|move|p1a: Dragonite|Thunder|p2b: Empoleon\n|-activate|p2b: Empoleon|move: Protect\n|\n|-weather|RainDance|[upkeep]\n|upkeep\n|\n|t:|1776267139\n|switch|p2a: Lopunny|Lopunny-Mega, L50, F, shiny|100/100\n|turn|5\n|inactive|Potier has 30 seconds left.\n|inactive|Potier has 20 seconds left.\n|inactive|Potier has 15 seconds left.\n|\n|t:|1776267180\n|move|p2a: Lopunny|Fake Out|p1b: Sneasler\n|-damage|p1b: Sneasler|62/100\n|cant|p1b: Sneasler|flinch\n|move|p1a: Dragonite|Thunder|p2b: Empoleon\n|-supereffective|p2b: Empoleon|1\n|-crit|p2b: Empoleon\n|-damage|p2b: Empoleon|5/100\n|-status|p2b: Empoleon|par\n|move|p2b: Empoleon|Hydro Pump|p1b: Sneasler\n|-damage|p1b: Sneasler|0 fnt\n|faint|p1b: Sneasler\n|\n|-weather|none\n|-heal|p2b: Empoleon|11/100 par|[from] item: Leftovers\n|-sideend|p1: volt8437|move: Tailwind\n|upkeep\n|\n|t:|1776267195\n|switch|p1b: Pelipper|Pelipper, L50, F|87/100\n|-weather|RainDance|[from] ability: Drizzle|[of] p1b: Pelipper\n|turn|6\n|\n|t:|1776267203\n|move|p2a: Lopunny|Triple Axel|p1a: Dragonite\n|-supereffective|p1a: Dragonite|2\n|-damage|p1a: Dragonite|36/100\n|-supereffective|p1a: Dragonite|2\n|-damage|p1a: Dragonite|0 fnt\n|faint|p1a: Dragonite\n|-hitcount|p1: Dragonite|2\n|move|p1b: Pelipper|Hurricane|p2a: Lopunny\n|-supereffective|p2a: Lopunny|1\n|-damage|p2a: Lopunny|0 fnt\n|faint|p2a: Lopunny\n|move|p2b: Empoleon|Ice Beam|p1b: Pelipper\n|-damage|p1b: Pelipper|52/100\n|\n|-weather|RainDance|[upkeep]\n|-heal|p2b: Empoleon|17/100 par|[from] item: Leftovers\n|upkeep\n|\n|t:|1776267211\n|switch|p2a: Excadrill|Excadrill, L50, M, shiny|100/100\n|-ability|p2a: Excadrill|Mold Breaker\n|turn|7\n|-message|volt8437 forfeited.\n|\n|win|Potier\n|raw|volt8437's rating: 1092 &rarr; <strong>1062</strong><br />(-30 for losing)\n|raw|Potier's rating: 1000 &rarr; <strong>1050</strong><br />(+50 for winning)\n|l|\u2606volt8437\n|player|p1|\n",
  "uploadtime": 1776267230,
  "views": 39,
  "formatid": "gen9championsvgc2026regma",
  "rating": 1050,
  "private": 0,
  "password": null
}