{
  "id": "gen9championsvgc2026regma-2585038264",
  "format": "[Gen 9 Champions] VGC 2026 Reg M-A",
  "players": [
    "chatonbrutal",
    "areestoo"
  ],
  "log": "|j|\u2606chatonbrutal\n|j|\u2606areestoo\n|t:|1776305661\n|gametype|doubles\n|player|p1|chatonbrutal|colress|1210\n|player|p2|areestoo|101|1209\n|gen|9\n|tier|[Gen 9 Champions] VGC 2026 Reg M-A\n|rated|\n|rule|Species Clause: Limit one of each Pok\u00e9mon\n|rule|Item Clause: Limit 1 of each item\n|clearpoke\n|poke|p1|Aegislash, L50, M|\n|poke|p1|Pelipper, L50, F|\n|poke|p1|Basculegion, L50, M|\n|poke|p1|Floette-Eternal, L50, F|\n|poke|p1|Whimsicott, L50, F|\n|poke|p1|Kingambit, L50, F|\n|poke|p2|Blastoise, L50, F|\n|poke|p2|Pelipper, L50, F|\n|poke|p2|Floette-Eternal, L50, F|\n|poke|p2|Wyrdeer, L50, F|\n|poke|p2|Tsareena, L50, F|\n|poke|p2|Raichu, L50, M|\n|teampreview|4\n|inactive|Battle timer is ON: inactive players will automatically lose when time's up. (requested by areestoo)\n|inactive|chatonbrutal has 60 seconds left.\n|inactive|areestoo has 60 seconds left.\n|\n|t:|1776305714\n|teamsize|p1|4\n|teamsize|p2|4\n|start\n|switch|p1a: Aegislash|Aegislash, L50, M|100/100\n|switch|p1b: Basculegion|Basculegion, L50, M|100/100\n|switch|p2a: Raichu|Raichu, L50, M|100/100\n|switch|p2b: Floette|Floette-Eternal, L50, F|100/100\n|turn|1\n|inactive|chatonbrutal has 30 seconds left.\n|\n|t:|1776305741\n|detailschange|p2b: Floette|Floette-Mega, L50, F\n|-mega|p2b: Floette|Floette|Floettite\n|-ability|p2b: Floette|Fairy Aura\n|move|p1b: Basculegion|Flip Turn|p2a: Raichu\n|-damage|p2a: Raichu|17/100\n|\n|t:|1776305755\n|switch|p1b: Floette|Floette-Eternal, L50, F|100/100|[from] Flip Turn\n|move|p2a: Raichu|Electroweb|p1b: Floette|[spread] p1a,p1b\n|-damage|p1a: Aegislash|91/100\n|-damage|p1b: Floette|85/100\n|-unboost|p1a: Aegislash|spe|1\n|-unboost|p1b: Floette|spe|1\n|move|p2b: Floette|Light of Ruin|p1a: Aegislash|[miss]\n|-miss|p2b: Floette|p1a: Aegislash\n|-formechange|p1a: Aegislash|Aegislash-Blade|\n|move|p1a: Aegislash|Poltergeist|p2a: Raichu\n|-activate|p2a: Raichu|move: Poltergeist|Focus Sash\n|-damage|p2a: Raichu|0 fnt\n|faint|p2a: Raichu\n|\n|-heal|p1a: Aegislash|97/100|[from] item: Leftovers\n|upkeep\n|\n|t:|1776305775\n|switch|p2a: Pelipper|Pelipper, L50, F|100/100\n|-weather|RainDance|[from] ability: Drizzle|[of] p2a: Pelipper\n|turn|2\n|\n|t:|1776305788\n|detailschange|p1b: Floette|Floette-Mega, L50, F\n|-mega|p1b: Floette|Floette|Floettite\n|-ability|p1b: Floette|Fairy Aura\n|move|p1b: Floette|Protect|p1b: Floette\n|-singleturn|p1b: Floette|Protect\n|-formechange|p1a: Aegislash|Aegislash|\n|move|p1a: Aegislash|King's Shield|p1a: Aegislash\n|-singleturn|p1a: Aegislash|Protect\n|move|p2a: Pelipper|Weather Ball|p1a: Aegislash\n|-activate|p1a: Aegislash|move: Protect\n|move|p2b: Floette|Light of Ruin|p1b: Floette\n|-activate|p1b: Floette|move: Protect\n|\n|-weather|RainDance|[upkeep]\n|-heal|p1a: Aegislash|100/100|[from] item: Leftovers\n|upkeep\n|turn|3\n|inactive|chatonbrutal has 30 seconds left.\n|\n|t:|1776305815\n|move|p2a: Pelipper|Weather Ball|p1b: Floette\n|-damage|p1b: Floette|25/100\n|move|p2b: Floette|Light of Ruin|p1b: Floette\n|-damage|p1b: Floette|0 fnt\n|faint|p1b: Floette\n|-damage|p2b: Floette|88/100|[from] Recoil\n|-formechange|p1a: Aegislash|Aegislash-Blade|\n|move|p1a: Aegislash|Poltergeist|p2b: Floette\n|-activate|p2b: Floette|move: Poltergeist|Floettite\n|-damage|p2b: Floette|20/100\n|\n|-weather|RainDance|[upkeep]\n|upkeep\n|\n|t:|1776305830\n|switch|p1b: Basculegion|Basculegion, L50, M|100/100\n|turn|4\n|\n|t:|1776305842\n|switch|p2b: Blastoise|Blastoise, L50, F|100/100\n|move|p1b: Basculegion|Flip Turn|p2b: Blastoise\n|-resisted|p2b: Blastoise|1\n|-damage|p2b: Blastoise|71/100\n|\n|t:|1776305847\n|switch|p1b: Kingambit|Kingambit, L50, F|100/100|[from] Flip Turn\n|move|p2a: Pelipper|Weather Ball|p1b: Kingambit\n|-damage|p1b: Kingambit|36/100\n|-enditem|p1b: Kingambit|Sitrus Berry|[eat]\n|-heal|p1b: Kingambit|60/100|[from] item: Sitrus Berry\n|move|p1a: Aegislash|Poltergeist|p2a: Pelipper\n|-activate|p2a: Pelipper|move: Poltergeist|Choice Scarf\n|-damage|p2a: Pelipper|28/100\n|\n|-weather|RainDance|[upkeep]\n|upkeep\n|turn|5\n|inactive|areestoo has 30 seconds left.\n|\n|t:|1776305873\n|switch|p2a: Floette|Floette-Mega, L50, F|20/100\n|-ability|p2a: Floette|Fairy Aura\n|move|p1b: Kingambit|Protect|p1b: Kingambit\n|-singleturn|p1b: Kingambit|Protect\n|-formechange|p1a: Aegislash|Aegislash|\n|move|p1a: Aegislash|King's Shield|p1a: Aegislash\n|-singleturn|p1a: Aegislash|Protect\n|move|p2b: Blastoise|Water Pulse|p1a: Aegislash\n|-activate|p1a: Aegislash|move: Protect\n|\n|-weather|RainDance|[upkeep]\n|upkeep\n|turn|6\n|\n|t:|1776305895\n|move|p1a: Aegislash|Wide Guard|p1a: Aegislash\n|-singleturn|p1a: Aegislash|Wide Guard\n|move|p1b: Kingambit|Sucker Punch|p2a: Floette\n|-resisted|p2a: Floette|1\n|-damage|p2a: Floette|0 fnt\n|faint|p2a: Floette\n|move|p2b: Blastoise|Water Spout|p1b: Kingambit|[spread] \n|-activate|p1a: Aegislash|move: Wide Guard\n|-activate|p1b: Kingambit|move: Wide Guard\n|\n|-weather|none\n|upkeep\n|\n|t:|1776305902\n|switch|p2a: Pelipper|Pelipper, L50, F|28/100\n|-weather|RainDance|[from] ability: Drizzle|[of] p2a: Pelipper\n|turn|7\n|\n|t:|1776305914\n|move|p1a: Aegislash|Wide Guard|p1a: Aegislash\n|-singleturn|p1a: Aegislash|Wide Guard\n|move|p1b: Kingambit|Sucker Punch|p2a: Pelipper\n|-damage|p2a: Pelipper|0 fnt\n|faint|p2a: Pelipper\n|move|p2b: Blastoise|Water Pulse|p1a: Aegislash\n|-damage|p1a: Aegislash|77/100\n|\n|-weather|RainDance|[upkeep]\n|-heal|p1a: Aegislash|83/100|[from] item: Leftovers\n|upkeep\n|turn|8\n|-message|areestoo forfeited.\n|\n|win|chatonbrutal\n|raw|chatonbrutal's rating: 1210 &rarr; <strong>1235</strong><br />(+25 for winning)\n|raw|areestoo's rating: 1209 &rarr; <strong>1184</strong><br />(-25 for losing)\n",
  "uploadtime": 1776305921,
  "views": 22,
  "formatid": "gen9championsvgc2026regma",
  "rating": 1184,
  "private": 0,
  "password": null
}