{
  "id": "gen9championsvgc2026regma-2585019251",
  "format": "[Gen 9 Champions] VGC 2026 Reg M-A",
  "players": [
    "llamas33",
    "eag233"
  ],
  "log": "|j|\u2606llamas33\n|j|\u2606eag233\n|t:|1776303890\n|gametype|doubles\n|player|p1|llamas33|bugcatcher-gen4dp|1000\n|player|p2|eag233|n|1051\n|gen|9\n|tier|[Gen 9 Champions] VGC 2026 Reg M-A\n|rated|\n|rule|Species Clause: Limit one of each Pok\u00e9mon\n|rule|Item Clause: Limit 1 of each item\n|clearpoke\n|poke|p1|Maushold-Four, L50|\n|poke|p1|Sableye, L50, F|\n|poke|p1|Farigiraf, L50, M|\n|poke|p1|Excadrill, L50, F|\n|poke|p1|Hydrapple, L50, F|\n|poke|p1|Drampa, L50, F|\n|poke|p2|Sneasler, L50, M|\n|poke|p2|Vivillon, L50, F|\n|poke|p2|Garchomp, L50, M|\n|poke|p2|Incineroar, L50, M|\n|poke|p2|Dragonite, L50, F|\n|poke|p2|Sylveon, L50, F|\n|teampreview|4\n|\n|t:|1776303946\n|teamsize|p1|4\n|teamsize|p2|4\n|start\n|switch|p1a: Maushold|Maushold-Four, L50|100/100\n|switch|p1b: Sableye|Sableye, L50, F|100/100\n|switch|p2a: Vivillon|Vivillon, L50, F|100/100\n|switch|p2b: Garchomp|Garchomp, L50, M|100/100\n|turn|1\n|\n|t:|1776303962\n|move|p2a: Vivillon|Rage Powder|p2a: Vivillon\n|-singleturn|p2a: Vivillon|move: Rage Powder\n|move|p1b: Sableye|Gravity|p1b: Sableye\n|-fieldstart|move: Gravity\n|move|p2b: Garchomp|Earthquake|p1a: Maushold|[spread] p2a,p1a,p1b\n|-resisted|p2a: Vivillon|1\n|-damage|p2a: Vivillon|65/100\n|-damage|p1a: Maushold|43/100\n|-damage|p1b: Sableye|64/100\n|move|p1a: Maushold|Population Bomb|p2a: Vivillon\n|-damage|p2a: Vivillon|44/100\n|-damage|p2a: Vivillon|23/100\n|-damage|p2a: Vivillon|3/100\n|-damage|p2a: Vivillon|0 fnt\n|faint|p2a: Vivillon\n|-hitcount|p2: Vivillon|4\n|\n|upkeep\n|\n|t:|1776303979\n|switch|p2a: Sylveon|Sylveon, L50, F|100/100\n|turn|2\n|\n|t:|1776303992\n|switch|p2b: Incineroar|Incineroar, L50, M|100/100\n|-ability|p2b: Incineroar|Intimidate|boost\n|-unboost|p1a: Maushold|atk|1\n|-unboost|p1b: Sableye|atk|1\n|move|p1b: Sableye|Disable|p2b: Incineroar\n|-hint|Since gen 7, Dark is immune to Prankster moves.\n|-immune|p2b: Incineroar\n|move|p1a: Maushold|Population Bomb|p2a: Sylveon\n|-damage|p2a: Sylveon|91/100\n|-crit|p2a: Sylveon\n|-damage|p2a: Sylveon|69/100\n|-damage|p2a: Sylveon|60/100\n|-damage|p2a: Sylveon|50/100\n|-damage|p2a: Sylveon|41/100\n|-damage|p2a: Sylveon|32/100\n|-damage|p2a: Sylveon|23/100\n|-damage|p2a: Sylveon|14/100\n|-damage|p2a: Sylveon|5/100\n|-damage|p2a: Sylveon|0 fnt\n|faint|p2a: Sylveon\n|-hitcount|p2: Sylveon|10\n|\n|upkeep\n|\n|t:|1776304013\n|switch|p2a: Garchomp|Garchomp, L50, M|100/100\n|turn|3\n|\n|t:|1776304052\n|switch|p1a: Farigiraf|Farigiraf, L50, M|100/100\n|switch|p1b: Excadrill|Excadrill, L50, F|100/100\n|-ability|p1b: Excadrill|Mold Breaker\n|move|p2b: Incineroar|Fake Out|p1a: Farigiraf\n|-damage|p1a: Farigiraf|88/100\n|move|p2a: Garchomp|Earthquake|p1b: Excadrill|[spread] p2b,p1a,p1b\n|-supereffective|p2b: Incineroar|1\n|-supereffective|p1b: Excadrill|1\n|-damage|p2b: Incineroar|29/100\n|-damage|p1a: Farigiraf|50/100\n|-damage|p1b: Excadrill|6/100\n|-enditem|p2b: Incineroar|Sitrus Berry|[eat]\n|-heal|p2b: Incineroar|54/100|[from] item: Sitrus Berry\n|-enditem|p1a: Farigiraf|Sitrus Berry|[eat]\n|-heal|p1a: Farigiraf|75/100|[from] item: Sitrus Berry\n|\n|upkeep\n|turn|4\n|\n|t:|1776304081\n|detailschange|p1b: Excadrill|Excadrill-Mega, L50, F\n|-mega|p1b: Excadrill|Excadrill|Excadrite\n|move|p2b: Incineroar|Helping Hand|p2a: Garchomp\n|-singleturn|p2a: Garchomp|Helping Hand|[of] p2b: Incineroar\n|move|p1b: Excadrill|Protect|p1b: Excadrill\n|-singleturn|p1b: Excadrill|Protect\n|move|p2a: Garchomp|Earthquake|p1b: Excadrill|[spread] p2b,p1a\n|-activate|p1b: Excadrill|move: Protect\n|-supereffective|p2b: Incineroar|1\n|-damage|p2b: Incineroar|0 fnt\n|-damage|p1a: Farigiraf|15/100\n|faint|p2b: Incineroar\n|move|p1a: Farigiraf|Trick Room|p1a: Farigiraf\n|-fieldstart|move: Trick Room|[of] p1a: Farigiraf\n|\n|-activate|p1a: Farigiraf|ability: Cud Chew\n|-enditem|p1a: Farigiraf|Sitrus Berry|[eat]\n|-heal|p1a: Farigiraf|40/100|[from] item: Sitrus Berry\n|upkeep\n|turn|5\n|\n|t:|1776304104\n|move|p1a: Farigiraf|Twin Beam|p2a: Garchomp\n|-damage|p2a: Garchomp|79/100\n|-damage|p2a: Garchomp|57/100\n|-hitcount|p2a: Garchomp|2\n|move|p1b: Excadrill|High Horsepower|p2a: Garchomp\n|-damage|p2a: Garchomp|0 fnt\n|-damage|p1b: Excadrill|0 fnt|[from] ability: Rough Skin|[of] p2a: Garchomp\n|faint|p2a: Garchomp\n|faint|p1b: Excadrill\n|\n|win|llamas33\n|raw|llamas33's rating: 1000 &rarr; <strong>1046</strong><br />(+46 for winning)\n|raw|eag233's rating: 1051 &rarr; <strong>1031</strong><br />(-20 for losing)\n|l|\u2606eag233\n|player|p2|\n",
  "uploadtime": 1776304114,
  "views": 24,
  "formatid": "gen9championsvgc2026regma",
  "rating": 1031,
  "private": 0,
  "password": null
}