{
  "id": "gen9championsvgc2026regma-2589481843",
  "format": "[Gen 9 Champions] VGC 2026 Reg M-A",
  "players": [
    "MimikyuBot",
    "liopio"
  ],
  "log": "|j|\u2606MimikyuBot\n|j|\u2606liopio\n|t:|1776726908\n|gametype|doubles\n|player|p1|MimikyuBot|266|1000\n|player|p2|liopio|ethan|1075\n|gen|9\n|tier|[Gen 9 Champions] VGC 2026 Reg M-A\n|rated|\n|rule|Species Clause: Limit one of each Pok\u00e9mon\n|rule|Item Clause: Limit 1 of each item\n|clearpoke\n|poke|p1|Aegislash, L50, M, shiny|\n|poke|p1|Whimsicott, L50, F, shiny|\n|poke|p1|Gallade, L50, M, shiny|\n|poke|p1|Incineroar, L50, F, shiny|\n|poke|p1|Clefable, L50, F, shiny|\n|poke|p1|Milotic, L50, M, shiny|\n|poke|p2|Meganium, L50, F|\n|poke|p2|Pelipper, L50, M|\n|poke|p2|Archaludon, L50, F|\n|poke|p2|Sneasler, L50, F|\n|poke|p2|Sinistcha-Masterpiece, L50|\n|poke|p2|Kangaskhan, L50, F|\n|teampreview|4\nMimikyuBot has agreed to open team sheets.\n|inactive|Battle timer is ON: inactive players will automatically lose when time's up. (requested by liopio)\n|inactive|MimikyuBot has 60 seconds left.\n|inactive|MimikyuBot has 30 seconds left.\n|inactive|MimikyuBot has 20 seconds left.\n|inactive|MimikyuBot has 15 seconds left.\n|inactive|MimikyuBot has 10 seconds left.\n|inactive|MimikyuBot has 5 seconds left.\n|\n|t:|1776727084\n|teamsize|p1|4\n|teamsize|p2|4\n|start\n|switch|p1a: Aegislash|Aegislash, L50, M, shiny|100/100\n|switch|p1b: Whimsicott|Whimsicott, L50, F, shiny|100/100\n|switch|p2a: Sneasler|Sneasler, L50, F|100/100\n|switch|p2b: Kangaskhan|Kangaskhan, L50, F|100/100\n|turn|1\n|inactive|MimikyuBot also wants the timer to be on.\n|\n|t:|1776727102\n|move|p2a: Sneasler|Fake Out|p1b: Whimsicott\n|-damage|p1b: Whimsicott|78/100\n|move|p2b: Kangaskhan|Fake Out|p1a: Aegislash\n|-resisted|p1a: Aegislash|1\n|-damage|p1a: Aegislash|93/100\n|cant|p1a: Aegislash|flinch\n|cant|p1b: Whimsicott|flinch\n|\n|upkeep\n|turn|2\n|inactive|liopio has 30 seconds left.\n|\n|t:|1776727127\n|detailschange|p2b: Kangaskhan|Kangaskhan-Mega, L50, F\n|-mega|p2b: Kangaskhan|Kangaskhan|Kangaskhanite\n|move|p2b: Kangaskhan|Sucker Punch|p1a: Aegislash\n|-supereffective|p1a: Aegislash|1\n|-damage|p1a: Aegislash|47/100\n|-supereffective|p1a: Aegislash|1\n|-damage|p1a: Aegislash|36/100\n|-hitcount|p1a: Aegislash|2\n|-formechange|p1a: Aegislash|Aegislash-Blade|\n|move|p1a: Aegislash|Shadow Sneak|p2a: Sneasler\n|-damage|p2a: Sneasler|50/100\n|move|p2a: Sneasler|Dire Claw|p1b: Whimsicott\n|-supereffective|p1b: Whimsicott|2\n|-damage|p1b: Whimsicott|0 fnt\n|faint|p1b: Whimsicott\n|\n|upkeep\n|\n|t:|1776727127\n|switch|p1b: Gallade|Gallade, L50, M, shiny|100/100\n|turn|3\n|inactive|liopio has 30 seconds left.\n|inactive|liopio has 20 seconds left.\n|inactive|liopio has 15 seconds left.\n|inactive|liopio has 10 seconds left.\n|\n|t:|1776727174\n|detailschange|p1b: Gallade|Gallade-Mega, L50, M, shiny\n|-mega|p1b: Gallade|Gallade|Galladite\n|move|p2a: Sneasler|Protect|p2a: Sneasler\n|-singleturn|p2a: Sneasler|Protect\n|move|p2b: Kangaskhan|Sucker Punch|p1a: Aegislash\n|-supereffective|p1a: Aegislash|1\n|-damage|p1a: Aegislash|0 fnt\n|faint|p1a: Aegislash\n|-hitcount|p1: Aegislash|1\n|move|p1b: Gallade|Sacred Sword|p2b: Kangaskhan\n|-supereffective|p2b: Kangaskhan|1\n|-damage|p2b: Kangaskhan|0 fnt\n|faint|p2b: Kangaskhan\n|\n|upkeep\n|\n|t:|1776727192\n|switch|p2b: Sinistcha|Sinistcha-Masterpiece, L50|100/100\n|switch|p1a: Incineroar|Incineroar, L50, F, shiny|100/100\n|-ability|p1a: Incineroar|Intimidate|boost\n|-unboost|p2a: Sneasler|atk|1\n|-unboost|p2b: Sinistcha|atk|1\n|-enditem|p2a: Sneasler|White Herb\n|-clearnegativeboost|p2a: Sneasler|[silent]\n|-heal|p2a: Sneasler|75/100|[from] ability: Hospitality|[of] p2b: Sinistcha\n|turn|4\n|\n|t:|1776727208\n|move|p2a: Sneasler|Protect||[still]\n|-fail|p2a: Sneasler\n|move|p2b: Sinistcha|Protect|p2b: Sinistcha\n|-singleturn|p2b: Sinistcha|Protect\n|move|p1a: Incineroar|Fake Out|p2a: Sneasler\n|-crit|p2a: Sneasler\n|-damage|p2a: Sneasler|48/100\n|move|p1b: Gallade|Psycho Cut|p2a: Sneasler\n|-supereffective|p2a: Sneasler|2\n|-damage|p2a: Sneasler|0 fnt\n|faint|p2a: Sneasler\n|\n|upkeep\n|\n|t:|1776727221\n|switch|p2a: Archaludon|Archaludon, L50, F|100/100\n|turn|5\n|\n|t:|1776727244\n|move|p1a: Incineroar|Fake Out||[still]\n|-hint|Fake Out only works on your first turn out.\n|-fail|p1a: Incineroar\n|move|p2b: Sinistcha|Rage Powder|p2b: Sinistcha\n|-singleturn|p2b: Sinistcha|move: Rage Powder\n|move|p1b: Gallade|Sacred Sword|p2b: Sinistcha\n|-immune|p2b: Sinistcha\n|move|p2a: Archaludon|Flash Cannon|p1b: Gallade\n|-damage|p1b: Gallade|60/100\n|\n|upkeep\n|turn|6\n|\n|t:|1776727269\n|move|p2b: Sinistcha|Rage Powder|p2b: Sinistcha\n|-singleturn|p2b: Sinistcha|move: Rage Powder\n|move|p1b: Gallade|Triple Axel|p2b: Sinistcha\n|-supereffective|p2b: Sinistcha|1\n|-damage|p2b: Sinistcha|88/100\n|-hitcount|p2b: Sinistcha|1\n|move|p2a: Archaludon|Dragon Pulse|p1b: Gallade\n|-damage|p1b: Gallade|23/100\n|move|p1a: Incineroar|Flare Blitz|p2b: Sinistcha\n|-supereffective|p2b: Sinistcha|1\n|-damage|p2b: Sinistcha|21/100\n|-enditem|p2b: Sinistcha|Sitrus Berry|[eat]\n|-heal|p2b: Sinistcha|45/100|[from] item: Sitrus Berry\n|-damage|p1a: Incineroar|81/100|[from] Recoil\n|\n|-heal|p1a: Incineroar|87/100|[from] item: Leftovers\n|upkeep\n|turn|7\n|inactive|liopio has 30 seconds left.\n|inactive|liopio has 20 seconds left.\n|inactive|liopio has 15 seconds left.\n|inactive|liopio has 10 seconds left.\n|inactive|liopio has 5 seconds left.\n|\n|t:|1776727323\n|move|p1b: Gallade|Psycho Cut|p2b: Sinistcha\n|-damage|p2b: Sinistcha|9/100\n|move|p2a: Archaludon|Dragon Pulse|p1b: Gallade\n|-damage|p1b: Gallade|0 fnt\n|faint|p1b: Gallade\n|move|p2b: Sinistcha|Matcha Gotcha|p1a: Incineroar\n|-resisted|p1a: Incineroar|1\n|-damage|p1a: Incineroar|76/100\n|-heal|p2b: Sinistcha|16/100|[from] drain|[of] p1a: Incineroar\n|move|p1a: Incineroar|Parting Shot|p2b: Sinistcha\n|-unboost|p2b: Sinistcha|atk|1\n|-unboost|p2b: Sinistcha|spa|1\n|\n|-heal|p1a: Incineroar|82/100|[from] item: Leftovers\n|upkeep\n|turn|8\n|inactive|liopio has 30 seconds left.\n|\n|t:|1776727352\n|move|p2b: Sinistcha|Rage Powder|p2b: Sinistcha\n|-singleturn|p2b: Sinistcha|move: Rage Powder\n|move|p2a: Archaludon|Dragon Pulse|p1a: Incineroar\n|-damage|p1a: Incineroar|56/100\n|move|p1a: Incineroar|Flare Blitz|p2b: Sinistcha\n|-supereffective|p2b: Sinistcha|1\n|-damage|p2b: Sinistcha|0 fnt\n|faint|p2b: Sinistcha\n|-damage|p1a: Incineroar|52/100|[from] Recoil\n|\n|-heal|p1a: Incineroar|58/100|[from] item: Leftovers\n|upkeep\n|turn|9\n|\n|t:|1776727367\n|move|p2a: Archaludon|Flash Cannon|p1a: Incineroar\n|-resisted|p1a: Incineroar|1\n|-damage|p1a: Incineroar|45/100\n|move|p1a: Incineroar|Flare Blitz|p2a: Archaludon\n|-damage|p2a: Archaludon|70/100\n|-ability|p2a: Archaludon|Stamina|boost\n|-boost|p2a: Archaludon|def|1\n|-damage|p1a: Incineroar|35/100|[from] Recoil\n|\n|-heal|p2a: Archaludon|76/100|[from] item: Leftovers\n|-heal|p1a: Incineroar|41/100|[from] item: Leftovers\n|upkeep\n|turn|10\n|\n|t:|1776727378\n|move|p2a: Archaludon|Flash Cannon|p1a: Incineroar\n|-resisted|p1a: Incineroar|1\n|-damage|p1a: Incineroar|28/100\n|move|p1a: Incineroar|Flare Blitz|p2a: Archaludon\n|-damage|p2a: Archaludon|54/100\n|-ability|p2a: Archaludon|Stamina|boost\n|-boost|p2a: Archaludon|def|1\n|-damage|p1a: Incineroar|21/100|[from] Recoil\n|\n|-heal|p2a: Archaludon|60/100|[from] item: Leftovers\n|-heal|p1a: Incineroar|27/100|[from] item: Leftovers\n|upkeep\n|turn|11\n|\n|t:|1776727391\n|move|p2a: Archaludon|Dragon Pulse|p1a: Incineroar\n|-damage|p1a: Incineroar|0 fnt\n|faint|p1a: Incineroar\n|\n|win|liopio\n",
  "uploadtime": 1776727085,
  "views": 4,
  "formatid": "gen9championsvgc2026regma",
  "rating": null,
  "private": 0,
  "password": null
}