{
  "id": "gen9championsvgc2026regma-2587156867",
  "format": "[Gen 9 Champions] VGC 2026 Reg M-A",
  "players": [
    "Kawanohito",
    "ScribbleScribble"
  ],
  "log": "|j|\u2606Kawanohito\n|j|\u2606ScribbleScribble\n|t:|1776501768\n|gametype|doubles\n|player|p1|Kawanohito|265|1484\n|player|p2|ScribbleScribble|mina-lgpe|1675\n|gen|9\n|tier|[Gen 9 Champions] VGC 2026 Reg M-A\n|rated|\n|rule|Species Clause: Limit one of each Pok\u00e9mon\n|rule|Item Clause: Limit 1 of each item\n|clearpoke\n|poke|p1|Slowbro, L50, F|\n|poke|p1|Incineroar, L50, F|\n|poke|p1|Sinistcha, L50|\n|poke|p1|Sneasler, L50, M|\n|poke|p1|Garchomp, L50, F|\n|poke|p1|Dragapult, L50, M|\n|poke|p2|Floette-Eternal, L50, F|\n|poke|p2|Sneasler, L50, F|\n|poke|p2|Aerodactyl, L50, M|\n|poke|p2|Kingambit, L50, F|\n|poke|p2|Basculegion, L50, M|\n|poke|p2|Farigiraf, L50, M|\n|teampreview|4\n|inactive|Battle timer is ON: inactive players will automatically lose when time's up. (requested by ScribbleScribble)\n|\n|t:|1776501794\n|teamsize|p1|4\n|teamsize|p2|4\n|start\n|switch|p1a: Slowbro|Slowbro, L50, F|100/100\n|switch|p1b: Sneasler|Sneasler, L50, M|100/100\n|switch|p2a: Aerodactyl|Aerodactyl, L50, M|100/100\n|switch|p2b: Kingambit|Kingambit, L50, F|100/100\n|-ability|p2a: Aerodactyl|Unnerve\n|turn|1\n|\n|t:|1776501811\n|detailschange|p1a: Slowbro|Slowbro-Mega, L50, F\n|-mega|p1a: Slowbro|Slowbro|Slowbronite\n|move|p1b: Sneasler|Fake Out|p2a: Aerodactyl\n|-resisted|p2a: Aerodactyl|1\n|-damage|p2a: Aerodactyl|88/100\n|cant|p2a: Aerodactyl|flinch\n|move|p2b: Kingambit|Kowtow Cleave|p1a: Slowbro\n|-supereffective|p1a: Slowbro|1\n|-damage|p1a: Slowbro|37/100\n|move|p1a: Slowbro|Iron Defense|p1a: Slowbro\n|-boost|p1a: Slowbro|def|2\n|\n|upkeep\n|turn|2\n|inactive|Kawanohito has 30 seconds left.\n|inactive|Kawanohito has 20 seconds left.\n|\n|t:|1776501848\n|move|p1b: Sneasler|Protect|p1b: Sneasler\n|-singleturn|p1b: Sneasler|Protect\n|move|p2a: Aerodactyl|Dual Wingbeat|p1b: Sneasler\n|-activate|p1b: Sneasler|move: Protect\n|move|p2b: Kingambit|Kowtow Cleave|p1a: Slowbro\n|-supereffective|p1a: Slowbro|1\n|-damage|p1a: Slowbro|10/100\n|move|p1a: Slowbro|Slack Off|p1a: Slowbro\n|-heal|p1a: Slowbro|60/100\n|\n|upkeep\n|turn|3\n|inactive|Kawanohito has 30 seconds left.\n|inactive|Kawanohito has 20 seconds left.\n|inactive|Kawanohito has 15 seconds left.\n|\n|t:|1776501891\n|move|p2b: Kingambit|Sucker Punch|p1b: Sneasler\n|-resisted|p1b: Sneasler|1\n|-damage|p1b: Sneasler|62/100\n|move|p2a: Aerodactyl|Dual Wingbeat|p1b: Sneasler\n|-supereffective|p1b: Sneasler|1\n|-damage|p1b: Sneasler|0 fnt\n|faint|p1b: Sneasler\n|-hitcount|p1: Sneasler|1\n|move|p1a: Slowbro|Amnesia|p1a: Slowbro\n|-boost|p1a: Slowbro|spd|2\n|\n|upkeep\n|\n|t:|1776501905\n|switch|p1b: Sinistcha|Sinistcha, L50|100/100\n|-heal|p1a: Slowbro|85/100|[from] ability: Hospitality|[of] p1b: Sinistcha\n|turn|4\n|\n|t:|1776501917\n|switch|p1b: Incineroar|Incineroar, L50, F|100/100\n|-ability|p1b: Incineroar|Intimidate|boost\n|-unboost|p2a: Aerodactyl|atk|1\n|-unboost|p2b: Kingambit|atk|1\n|-ability|p2b: Kingambit|Defiant|boost\n|-boost|p2b: Kingambit|atk|2\n|move|p2a: Aerodactyl|Tailwind|p2a: Aerodactyl\n|-sidestart|p2: ScribbleScribble|move: Tailwind\n|move|p2b: Kingambit|Kowtow Cleave|p1b: Incineroar\n|-resisted|p1b: Incineroar|1\n|-damage|p1b: Incineroar|69/100\n|move|p1a: Slowbro|Body Press|p2b: Kingambit\n|-supereffective|p2b: Kingambit|2\n|-damage|p2b: Kingambit|0 fnt\n|faint|p2b: Kingambit\n|\n|upkeep\n|\n|t:|1776501924\n|switch|p2b: Floette|Floette-Eternal, L50, F|100/100\n|turn|5\n|inactive|Kawanohito has 30 seconds left.\n|inactive|Kawanohito has 20 seconds left.\n|\n|t:|1776501961\n|detailschange|p2b: Floette|Floette-Mega, L50, F\n|-mega|p2b: Floette|Floette|Floettite\n|-ability|p2b: Floette|Fairy Aura\n|move|p1b: Incineroar|Fake Out|p2b: Floette\n|-damage|p2b: Floette|88/100\n|move|p2a: Aerodactyl|Rock Slide|p1b: Incineroar|[spread] p1a,p1b\n|-supereffective|p1b: Incineroar|1\n|-damage|p1a: Slowbro|80/100\n|-damage|p1b: Incineroar|43/100\n|cant|p2b: Floette|flinch\n|move|p1a: Slowbro|Iron Defense|p1a: Slowbro\n|-boost|p1a: Slowbro|def|2\n|\n|upkeep\n|turn|6\n|inactive|Kawanohito has 30 seconds left.\n|inactive|Kawanohito has 20 seconds left.\n|inactive|Kawanohito has 15 seconds left.\n|inactive|Kawanohito has 10 seconds left.\n|\n|t:|1776502007\n|switch|p1b: Sinistcha|Sinistcha, L50|100/100\n|-heal|p1a: Slowbro|100/100|[from] ability: Hospitality|[of] p1b: Sinistcha\n|move|p2a: Aerodactyl|Rock Slide|p1a: Slowbro|[spread] p1a,p1b\n|-crit|p1b: Sinistcha\n|-damage|p1a: Slowbro|98/100\n|-damage|p1b: Sinistcha|63/100\n|move|p2b: Floette|Calm Mind|p2b: Floette\n|-boost|p2b: Floette|spa|1\n|-boost|p2b: Floette|spd|1\n|move|p1a: Slowbro|Body Press|p2b: Floette\n|-resisted|p2b: Floette|1\n|-damage|p2b: Floette|23/100\n|\n|upkeep\n|turn|7\n|\n|t:|1776502027\n|move|p2a: Aerodactyl|Rock Slide|p1a: Slowbro|[spread] p1a\n|-miss|p2a: Aerodactyl|p1b: Sinistcha\n|-damage|p1a: Slowbro|95/100\n|move|p2b: Floette|Dazzling Gleam|p1b: Sinistcha|[spread] p1a,p1b\n|-damage|p1a: Slowbro|62/100\n|-damage|p1b: Sinistcha|2/100\n|move|p1a: Slowbro|Body Press|p2b: Floette\n|-resisted|p2b: Floette|1\n|-damage|p2b: Floette|0 fnt\n|faint|p2b: Floette\n|move|p1b: Sinistcha|Trick Room|p1b: Sinistcha\n|-fieldstart|move: Trick Room|[of] p1b: Sinistcha\n|\n|-sideend|p2: ScribbleScribble|move: Tailwind\n|upkeep\n|\n|t:|1776502031\n|switch|p2b: Basculegion|Basculegion, L50, M|100/100\n|turn|8\n|\n|t:|1776502050\n|move|p1a: Slowbro|Body Press|p2a: Aerodactyl\n|-damage|p2a: Aerodactyl|0 fnt\n|faint|p2a: Aerodactyl\n|move|p1b: Sinistcha|Life Dew|p1b: Sinistcha|[spread] p1a,p1b\n|-heal|p1a: Slowbro|87/100\n|-heal|p1b: Sinistcha|27/100\n|move|p2b: Basculegion|Last Respects|p1a: Slowbro\n|-supereffective|p1a: Slowbro|1\n|-damage|p1a: Slowbro|44/100\n|\n|upkeep\n|turn|9\n|-message|ScribbleScribble forfeited.\n|\n|win|Kawanohito\n|raw|Kawanohito's rating: 1484 &rarr; <strong>1515</strong><br />(+31 for winning)\n|raw|ScribbleScribble's rating: 1688 &rarr; <strong>1657</strong><br />(-31 for losing)\n|l|\u2606ScribbleScribble\n|player|p2|\n|l|\u2606Kawanohito\n|player|p1|\n",
  "uploadtime": 1776502083,
  "views": 84,
  "formatid": "gen9championsvgc2026regma",
  "rating": 1515,
  "private": 0,
  "password": null
}