{
  "id": "gen9championsvgc2026regma-2588936896",
  "format": "[Gen 9 Champions] VGC 2026 Reg M-A",
  "players": [
    "Isidino",
    "batgiuseppe"
  ],
  "log": "|j|\u203dIsidino\n|j|\u2606batgiuseppe\n|t:|1776687562\n|gametype|doubles\n|player|p1|Isidino|2|1242\n|player|p2|batgiuseppe|102|1331\n|gen|9\n|tier|[Gen 9 Champions] VGC 2026 Reg M-A\n|rated|\n|rule|Species Clause: Limit one of each Pok\u00e9mon\n|rule|Item Clause: Limit 1 of each item\n|clearpoke\n|poke|p1|Sinistcha-Masterpiece, L50|\n|poke|p1|Oranguru, L50, F|\n|poke|p1|Torkoal, L50, F|\n|poke|p1|Crabominable, L50, M, shiny|\n|poke|p1|Drampa, L50, F|\n|poke|p1|Kingambit, L50, M, shiny|\n|poke|p2|Delphox, L50, F|\n|poke|p2|Sneasler, L50, M|\n|poke|p2|Farigiraf, L50, M|\n|poke|p2|Kingambit, L50, F|\n|poke|p2|Basculegion, L50, M|\n|poke|p2|Crabominable, L50, M|\n|teampreview|4\n|inactive|Battle timer is ON: inactive players will automatically lose when time's up. (requested by Isidino)\n|\n|t:|1776687579\n|teamsize|p1|4\n|teamsize|p2|4\n|start\n|switch|p1a: Sinistcha|Sinistcha-Masterpiece, L50|100/100\n|switch|p1b: Oranguru|Oranguru, L50, F|100/100\n|switch|p2a: Farigiraf|Farigiraf, L50, M|100/100\n|switch|p2b: Delphox|Delphox, L50, F|100/100\n|turn|1\n|\n|t:|1776687591\n|detailschange|p2b: Delphox|Delphox-Mega, L50, F\n|-mega|p2b: Delphox|Delphox|Delphoxite\n|move|p2b: Delphox|Nasty Plot|p2b: Delphox\n|-boost|p2b: Delphox|spa|2\n|move|p1a: Sinistcha|Matcha Gotcha|p2b: Delphox|[spread] p2a,p2b\n|-resisted|p2b: Delphox|1\n|-damage|p2a: Farigiraf|70/100\n|-damage|p2b: Delphox|86/100\n|-status|p2a: Farigiraf|brn\n|move|p2a: Farigiraf|Psychic Noise|p1a: Sinistcha\n|-damage|p1a: Sinistcha|61/100\n|-start|p1a: Sinistcha|move: Heal Block\n|move|p1b: Oranguru|Imprison|p1b: Oranguru\n|-start|p1b: Oranguru|move: Imprison\n|\n|-damage|p2a: Farigiraf|63/100 brn|[from] brn\n|upkeep\n|turn|2\n|inactive|batgiuseppe has 30 seconds left.\n|\n|t:|1776687620\n|move|p1a: Sinistcha|Rage Powder|p1a: Sinistcha\n|-singleturn|p1a: Sinistcha|move: Rage Powder\n|move|p2b: Delphox|Heat Wave|p1a: Sinistcha|[spread] p1a,p1b\n|-supereffective|p1a: Sinistcha|1\n|-damage|p1a: Sinistcha|0 fnt\n|-damage|p1b: Oranguru|43/100\n|faint|p1a: Sinistcha\n|move|p2a: Farigiraf|Foul Play|p1b: Oranguru\n|-supereffective|p1b: Oranguru|1\n|-damage|p1b: Oranguru|30/100\n|move|p1b: Oranguru|Trick Room|p1b: Oranguru\n|-fieldstart|move: Trick Room|[of] p1b: Oranguru\n|\n|-damage|p2a: Farigiraf|57/100 brn|[from] brn\n|upkeep\n|\n|t:|1776687630\n|switch|p1a: Kingambit|Kingambit, L50, M, shiny|100/100\n|turn|3\n|\n|t:|1776687643\n|move|p2b: Delphox|Protect|p2b: Delphox\n|-singleturn|p2b: Delphox|Protect\n|move|p1a: Kingambit|Kowtow Cleave|p2b: Delphox\n|-activate|p2b: Delphox|move: Protect\n|move|p2a: Farigiraf|Hyper Voice|p1a: Kingambit|[spread] p1a,p1b\n|-resisted|p1a: Kingambit|1\n|-damage|p1a: Kingambit|84/100\n|-damage|p1b: Oranguru|6/100\n|move|p1b: Oranguru|Instruct|p1a: Kingambit\n|-singleturn|p1a: Kingambit|move: Instruct|[of] p1b: Oranguru\n|move|p1a: Kingambit|Kowtow Cleave|p2b: Delphox\n|-activate|p2b: Delphox|move: Protect\n|\n|-damage|p2a: Farigiraf|51/100 brn|[from] brn\n|upkeep\n|turn|4\n|\n|t:|1776687659\n|switch|p2b: Kingambit|Kingambit, L50, F|100/100\n|move|p1a: Kingambit|Kowtow Cleave|p2a: Farigiraf\n|-supereffective|p2a: Farigiraf|1\n|-damage|p2a: Farigiraf|0 fnt\n|faint|p2a: Farigiraf\n|move|p1b: Oranguru|Instruct|p1a: Kingambit\n|-singleturn|p1a: Kingambit|move: Instruct|[of] p1b: Oranguru\n|move|p1a: Kingambit|Kowtow Cleave|p2b: Kingambit\n|-resisted|p2b: Kingambit|1\n|-damage|p2b: Kingambit|84/100\n|\n|upkeep\n|\n|t:|1776687674\n|switch|p2a: Delphox|Delphox-Mega, L50, F|86/100\n|turn|5\n|\n|t:|1776687680\n|switch|p1b: Torkoal|Torkoal, L50, F|100/100\n|-weather|SunnyDay|[from] ability: Drought|[of] p1b: Torkoal\n|move|p1a: Kingambit|Protect|p1a: Kingambit\n|-singleturn|p1a: Kingambit|Protect\n|move|p2a: Delphox|Protect|p2a: Delphox\n|-singleturn|p2a: Delphox|Protect\n|move|p2b: Kingambit|Iron Head|p1b: Torkoal\n|-resisted|p1b: Torkoal|1\n|-damage|p1b: Torkoal|82/100\n|\n|-weather|SunnyDay|[upkeep]\n|upkeep\n|turn|6\n|\n|t:|1776687693\n|switch|p2a: Basculegion|Basculegion, L50, M|100/100\n|move|p2b: Kingambit|Protect|p2b: Kingambit\n|-singleturn|p2b: Kingambit|Protect\n|move|p1b: Torkoal|Weather Ball|p2b: Kingambit\n|-activate|p2b: Kingambit|move: Protect\n|move|p1a: Kingambit|Kowtow Cleave|p2a: Basculegion\n|-supereffective|p2a: Basculegion|1\n|-damage|p2a: Basculegion|0 fnt\n|faint|p2a: Basculegion\n|\n|-weather|SunnyDay|[upkeep]\n|-fieldend|move: Trick Room\n|upkeep\n|\n|t:|1776687704\n|switch|p2a: Delphox|Delphox-Mega, L50, F|86/100\n|turn|7\n|\n|t:|1776687711\n|move|p2b: Kingambit|Sucker Punch|p1b: Torkoal\n|-damage|p1b: Torkoal|54/100\n|move|p1a: Kingambit|Sucker Punch|p2a: Delphox\n|-supereffective|p2a: Delphox|1\n|-damage|p2a: Delphox|0 fnt\n|faint|p2a: Delphox\n|move|p1b: Torkoal|Weather Ball|p2b: Kingambit\n|-supereffective|p2b: Kingambit|1\n|-crit|p2b: Kingambit\n|-damage|p2b: Kingambit|0 fnt\n|faint|p2b: Kingambit\n|\n|win|Isidino\n|raw|Isidino's rating: 1242 &rarr; <strong>1273</strong><br />(+31 for winning)\n|raw|batgiuseppe's rating: 1331 &rarr; <strong>1306</strong><br />(-25 for losing)\n|l|\u2606batgiuseppe\n|player|p2|\n",
  "uploadtime": 1776687716,
  "views": 16,
  "formatid": "gen9championsvgc2026regma",
  "rating": 1273,
  "private": 0,
  "password": null
}