{
  "id": "gen9championsvgc2026regma-2588642518",
  "format": "[Gen 9 Champions] VGC 2026 Reg M-A",
  "players": [
    "KeckleonKidVGC",
    "ogrelord20"
  ],
  "log": "|j|\u2606KeckleonKidVGC\n|j|\u2606ogrelord20\n|t:|1776653035\n|gametype|doubles\n|player|p1|KeckleonKidVGC|1|1181\n|player|p2|ogrelord20|101|1142\n|gen|9\n|tier|[Gen 9 Champions] VGC 2026 Reg M-A\n|rated|\n|rule|Species Clause: Limit one of each Pok\u00e9mon\n|rule|Item Clause: Limit 1 of each item\n|clearpoke\n|poke|p1|Pelipper, L50, F|\n|poke|p1|Basculegion, L50, M|\n|poke|p1|Farigiraf, L50, M|\n|poke|p1|Archaludon, L50, M|\n|poke|p1|Drampa, L50, F|\n|poke|p1|Venusaur, L50, F|\n|poke|p2|Meganium, L50, F, shiny|\n|poke|p2|Slowbro-Galar, L50, F, shiny|\n|poke|p2|Aerodactyl, L50, M|\n|poke|p2|Kommo-o, L50, F, shiny|\n|poke|p2|Basculegion, L50, M, shiny|\n|poke|p2|Clefable, L50, F, shiny|\n|teampreview|4\n|inactive|Battle timer is ON: inactive players will automatically lose when time's up. (requested by KeckleonKidVGC)\n|inactive|KeckleonKidVGC has 60 seconds left.\n|inactive|ogrelord20 has 60 seconds left.\n|\n|t:|1776653094\n|teamsize|p1|4\n|teamsize|p2|4\n|start\n|switch|p1a: Farigiraf|Farigiraf, L50, M|100/100\n|switch|p1b: Basculegion|Basculegion, L50, M|100/100\n|switch|p2a: Meganium|Meganium, L50, F, shiny|100/100\n|switch|p2b: Aerodactyl|Aerodactyl, L50, M|100/100\n|-ability|p2b: Aerodactyl|Unnerve\n|turn|1\n|inactive|ogrelord20 has 30 seconds left.\n|\n|t:|1776653125\n|switch|p2b: Kommo-o|Kommo-o, L50, F, shiny|100/100\n|detailschange|p2a: Meganium|Meganium-Mega, L50, F, shiny\n|-mega|p2a: Meganium|Meganium|Meganiumite\n|move|p1a: Farigiraf|Helping Hand|p1b: Basculegion\n|-singleturn|p1b: Basculegion|Helping Hand|[of] p1a: Farigiraf\n|move|p1b: Basculegion|Flip Turn|p2a: Meganium\n|-resisted|p2a: Meganium|1\n|-damage|p2a: Meganium|68/100\n|\n|t:|1776653134\n|switch|p1b: Venusaur|Venusaur, L50, F|100/100|[from] Flip Turn\n|move|p2a: Meganium|Solar Beam||[still]\n|-prepare|p2a: Meganium|Solar Beam\n|-activate|p2a: Meganium|ability: Mega Sol\n|-anim|p2a: Meganium|Solar Beam|p1b: Venusaur\n|-resisted|p1b: Venusaur|2\n|-damage|p1b: Venusaur|82/100\n|\n|upkeep\n|turn|2\n|\n|t:|1776653157\n|detailschange|p1b: Venusaur|Venusaur-Mega, L50, F\n|-mega|p1b: Venusaur|Venusaur|Venusaurite\n|move|p2a: Meganium|Protect|p2a: Meganium\n|-singleturn|p2a: Meganium|Protect\n|move|p2b: Kommo-o|Clangorous Soul|p2b: Kommo-o\n|-boost|p2b: Kommo-o|atk|1\n|-boost|p2b: Kommo-o|def|1\n|-boost|p2b: Kommo-o|spa|1\n|-boost|p2b: Kommo-o|spd|1\n|-boost|p2b: Kommo-o|spe|1\n|-damage|p2b: Kommo-o|68/100\n|move|p1b: Venusaur|Earth Power|p2b: Kommo-o\n|-damage|p2b: Kommo-o|45/100\n|move|p1a: Farigiraf|Trick Room|p1a: Farigiraf\n|-fieldstart|move: Trick Room|[of] p1a: Farigiraf\n|\n|-heal|p2b: Kommo-o|51/100|[from] item: Leftovers\n|upkeep\n|turn|3\n|inactive|ogrelord20 has 30 seconds left.\n|\n|t:|1776653186\n|move|p1a: Farigiraf|Psychic|p2b: Kommo-o\n|-supereffective|p2b: Kommo-o|1\n|-damage|p2b: Kommo-o|6/100\n|move|p1b: Venusaur|Sludge Bomb|p2a: Meganium\n|-supereffective|p2a: Meganium|2\n|-damage|p2a: Meganium|0 fnt\n|faint|p2a: Meganium\n|move|p2b: Kommo-o|Clanging Scales|p1b: Venusaur|[spread] p1a,p1b\n|-damage|p1a: Farigiraf|43/100\n|-damage|p1b: Venusaur|34/100\n|-unboost|p2b: Kommo-o|def|1\n|\n|-heal|p2b: Kommo-o|12/100|[from] item: Leftovers\n|upkeep\n|\n|t:|1776653198\n|switch|p2a: Aerodactyl|Aerodactyl, L50, M|100/100\n|-ability|p2a: Aerodactyl|Unnerve\n|turn|4\n|inactive|ogrelord20 has 30 seconds left.\n|\n|t:|1776653223\n|move|p2b: Kommo-o|Protect|p2b: Kommo-o\n|-singleturn|p2b: Kommo-o|Protect\n|move|p1a: Farigiraf|Psychic|p2b: Kommo-o\n|-activate|p2b: Kommo-o|move: Protect\n|move|p1b: Venusaur|Energy Ball|p2a: Aerodactyl\n|-damage|p2a: Aerodactyl|28/100\n|move|p2a: Aerodactyl|Dual Wingbeat|p1b: Venusaur\n|-supereffective|p1b: Venusaur|1\n|-damage|p1b: Venusaur|4/100\n|-supereffective|p1b: Venusaur|1\n|-damage|p1b: Venusaur|0 fnt\n|faint|p1b: Venusaur\n|-hitcount|p1: Venusaur|2\n|\n|-heal|p2b: Kommo-o|18/100|[from] item: Leftovers\n|upkeep\n|inactive|KeckleonKidVGC has 30 seconds left.\n|\n|t:|1776653252\n|switch|p1b: Archaludon|Archaludon, L50, M|100/100\n|turn|5\n|inactive|ogrelord20 has 30 seconds left.\n|\n|t:|1776653282\n|move|p1a: Farigiraf|Psychic|p2b: Kommo-o\n|-supereffective|p2b: Kommo-o|1\n|-damage|p2b: Kommo-o|0 fnt\n|faint|p2b: Kommo-o\n|move|p1b: Archaludon|Flash Cannon|p2a: Aerodactyl\n|-supereffective|p2a: Aerodactyl|1\n|-damage|p2a: Aerodactyl|0 fnt\n|faint|p2a: Aerodactyl\n|\n|upkeep\n|-message|ogrelord20 forfeited.\n|\n|win|KeckleonKidVGC\n|raw|KeckleonKidVGC's rating: 1181 &rarr; <strong>1203</strong><br />(+22 for winning)\n|raw|ogrelord20's rating: 1142 &rarr; <strong>1120</strong><br />(-22 for losing)\n",
  "uploadtime": 1776653287,
  "views": 2,
  "formatid": "gen9championsvgc2026regma",
  "rating": 1120,
  "private": 0,
  "password": null
}