{
  "id": "gen9championsvgc2026regma-2587181551",
  "format": "[Gen 9 Champions] VGC 2026 Reg M-A",
  "players": [
    "Kawanohito",
    "yubanmeiqin"
  ],
  "log": "|j|\u2606Kawanohito\n|j|\u2606yubanmeiqin\n|t:|1776505337\n|gametype|doubles\n|player|p1|Kawanohito|265|1410\n|player|p2|yubanmeiqin|iono-masters|1505\n|gen|9\n|tier|[Gen 9 Champions] VGC 2026 Reg M-A\n|rated|\n|rule|Species Clause: Limit one of each Pok\u00e9mon\n|rule|Item Clause: Limit 1 of each item\n|clearpoke\n|poke|p1|Slowbro, L50, F|\n|poke|p1|Incineroar, L50, F|\n|poke|p1|Sinistcha, L50|\n|poke|p1|Sneasler, L50, M|\n|poke|p1|Garchomp, L50, F|\n|poke|p1|Dragapult, L50, M|\n|poke|p2|Floette-Eternal, L50, F, shiny|\n|poke|p2|Garchomp, L50, F, shiny|\n|poke|p2|Sneasler, L50, F, shiny|\n|poke|p2|Basculegion, L50, M, shiny|\n|poke|p2|Maushold, L50, shiny|\n|poke|p2|Corviknight, L50, M, shiny|\n|teampreview|4\n|\n|t:|1776505378\n|teamsize|p1|4\n|teamsize|p2|4\n|start\n|switch|p1a: Slowbro|Slowbro, L50, F|100/100\n|switch|p1b: Sneasler|Sneasler, L50, M|100/100\n|switch|p2a: \u5168\u5f00\u731b\u649e\u7d2b\u7afd\u82b1\u53f6\u8482|Floette-Eternal, L50, F, shiny|100/100\n|switch|p2b: \u670b\u4e5f\u53e4\u6cb3\u6e1a|Maushold, L50, shiny|100/100\n|turn|1\n|\n|t:|1776505394\n|detailschange|p2a: \u5168\u5f00\u731b\u649e\u7d2b\u7afd\u82b1\u53f6\u8482|Floette-Mega, L50, F, shiny\n|-mega|p2a: \u5168\u5f00\u731b\u649e\u7d2b\u7afd\u82b1\u53f6\u8482|Floette|Floettite\n|-ability|p2a: \u5168\u5f00\u731b\u649e\u7d2b\u7afd\u82b1\u53f6\u8482|Fairy Aura\n|move|p1b: Sneasler|Fake Out|p2a: \u5168\u5f00\u731b\u649e\u7d2b\u7afd\u82b1\u53f6\u8482\n|-damage|p2a: \u5168\u5f00\u731b\u649e\u7d2b\u7afd\u82b1\u53f6\u8482|90/100\n|move|p2b: \u670b\u4e5f\u53e4\u6cb3\u6e1a|Follow Me|p2b: \u670b\u4e5f\u53e4\u6cb3\u6e1a\n|-singleturn|p2b: \u670b\u4e5f\u53e4\u6cb3\u6e1a|move: Follow Me\n|cant|p2a: \u5168\u5f00\u731b\u649e\u7d2b\u7afd\u82b1\u53f6\u8482|flinch\n|move|p1a: Slowbro|Amnesia|p1a: Slowbro\n|-boost|p1a: Slowbro|spd|2\n|\n|upkeep\n|turn|2\n|\n|t:|1776505431\n|move|p2a: \u5168\u5f00\u731b\u649e\u7d2b\u7afd\u82b1\u53f6\u8482|Protect|p2a: \u5168\u5f00\u731b\u649e\u7d2b\u7afd\u82b1\u53f6\u8482\n|-singleturn|p2a: \u5168\u5f00\u731b\u649e\u7d2b\u7afd\u82b1\u53f6\u8482|Protect\n|move|p1b: Sneasler|Poison Jab|p2a: \u5168\u5f00\u731b\u649e\u7d2b\u7afd\u82b1\u53f6\u8482\n|-activate|p2a: \u5168\u5f00\u731b\u649e\u7d2b\u7afd\u82b1\u53f6\u8482|move: Protect\n|move|p2b: \u670b\u4e5f\u53e4\u6cb3\u6e1a|Encore|p1a: Slowbro\n|-start|p1a: Slowbro|Encore\n|move|p1a: Slowbro|Amnesia|p1a: Slowbro\n|-boost|p1a: Slowbro|spd|2\n|\n|upkeep\n|turn|3\n|j| nyoomington\n|\n|t:|1776505454\n|move|p2b: \u670b\u4e5f\u53e4\u6cb3\u6e1a|Follow Me|p2b: \u670b\u4e5f\u53e4\u6cb3\u6e1a\n|-singleturn|p2b: \u670b\u4e5f\u53e4\u6cb3\u6e1a|move: Follow Me\n|move|p1b: Sneasler|Poison Jab|p2b: \u670b\u4e5f\u53e4\u6cb3\u6e1a\n|-damage|p2b: \u670b\u4e5f\u53e4\u6cb3\u6e1a|57/100\n|move|p2a: \u5168\u5f00\u731b\u649e\u7d2b\u7afd\u82b1\u53f6\u8482|Moonblast|p1b: Sneasler\n|-enditem|p1b: Sneasler|Focus Sash\n|-damage|p1b: Sneasler|1/100\n|move|p1a: Slowbro|Amnesia|p1a: Slowbro\n|-boost|p1a: Slowbro|spd|2\n|\n|upkeep\n|turn|4\n|\n|t:|1776505468\n|move|p1b: Sneasler|Protect|p1b: Sneasler\n|-singleturn|p1b: Sneasler|Protect\n|move|p2b: \u670b\u4e5f\u53e4\u6cb3\u6e1a|Follow Me|p2b: \u670b\u4e5f\u53e4\u6cb3\u6e1a\n|-singleturn|p2b: \u670b\u4e5f\u53e4\u6cb3\u6e1a|move: Follow Me\n|move|p2a: \u5168\u5f00\u731b\u649e\u7d2b\u7afd\u82b1\u53f6\u8482|Dazzling Gleam|p1b: Sneasler|[spread] p1a\n|-activate|p1b: Sneasler|move: Protect\n|-damage|p1a: Slowbro|90/100\n|move|p1a: Slowbro|Amnesia|p1a: Slowbro\n|-boost|p1a: Slowbro|spd|0\n|\n|-end|p1a: Slowbro|Encore\n|upkeep\n|turn|5\n|\n|t:|1776505487\n|move|p2b: \u670b\u4e5f\u53e4\u6cb3\u6e1a|Follow Me|p2b: \u670b\u4e5f\u53e4\u6cb3\u6e1a\n|-singleturn|p2b: \u670b\u4e5f\u53e4\u6cb3\u6e1a|move: Follow Me\n|move|p1b: Sneasler|Close Combat|p2b: \u670b\u4e5f\u53e4\u6cb3\u6e1a\n|-supereffective|p2b: \u670b\u4e5f\u53e4\u6cb3\u6e1a|1\n|-crit|p2b: \u670b\u4e5f\u53e4\u6cb3\u6e1a\n|-enditem|p2b: \u670b\u4e5f\u53e4\u6cb3\u6e1a|Chople Berry|[eat]\n|-enditem|p2b: \u670b\u4e5f\u53e4\u6cb3\u6e1a|Chople Berry|[weaken]\n|-damage|p2b: \u670b\u4e5f\u53e4\u6cb3\u6e1a|0 fnt\n|-unboost|p1b: Sneasler|def|1\n|-unboost|p1b: Sneasler|spd|1\n|faint|p2b: \u670b\u4e5f\u53e4\u6cb3\u6e1a\n|move|p2a: \u5168\u5f00\u731b\u649e\u7d2b\u7afd\u82b1\u53f6\u8482|Dazzling Gleam|p1b: Sneasler|[spread] p1a,p1b\n|-damage|p1a: Slowbro|81/100\n|-damage|p1b: Sneasler|0 fnt\n|faint|p1b: Sneasler\n|move|p1a: Slowbro|Iron Defense|p1a: Slowbro\n|-boost|p1a: Slowbro|def|2\n|\n|upkeep\n|j| xen077\n|\n|t:|1776505501\n|switch|p1b: Incineroar|Incineroar, L50, F|100/100\n|switch|p2b: \u9b3c\u5934|Basculegion, L50, M, shiny|100/100\n|-ability|p1b: Incineroar|Intimidate|boost\n|-unboost|p2a: \u5168\u5f00\u731b\u649e\u7d2b\u7afd\u82b1\u53f6\u8482|atk|1\n|-unboost|p2b: \u9b3c\u5934|atk|1\n|turn|6\n|\n|t:|1776505526\n|detailschange|p1a: Slowbro|Slowbro-Mega, L50, F\n|-mega|p1a: Slowbro|Slowbro|Slowbronite\n|move|p2b: \u9b3c\u5934|Last Respects|p1a: Slowbro\n|-supereffective|p1a: Slowbro|1\n|-damage|p1a: Slowbro|59/100\n|move|p2a: \u5168\u5f00\u731b\u649e\u7d2b\u7afd\u82b1\u53f6\u8482|Light of Ruin|p1a: Slowbro\n|-damage|p1a: Slowbro|36/100\n|-damage|p2a: \u5168\u5f00\u731b\u649e\u7d2b\u7afd\u82b1\u53f6\u8482|76/100|[from] Recoil\n|move|p1b: Incineroar|Will-O-Wisp|p2b: \u9b3c\u5934|[miss]\n|-miss|p1b: Incineroar|p2b: \u9b3c\u5934\n|move|p1a: Slowbro|Iron Defense|p1a: Slowbro\n|-boost|p1a: Slowbro|def|2\n|\n|upkeep\n|turn|7\n|\n|t:|1776505552\n|switch|p1b: Sinistcha|Sinistcha, L50|100/100\n|-heal|p1a: Slowbro|60/100|[from] ability: Hospitality|[of] p1b: Sinistcha\n|move|p2b: \u9b3c\u5934|Last Respects|p1a: Slowbro\n|-supereffective|p1a: Slowbro|1\n|-damage|p1a: Slowbro|47/100\n|move|p2a: \u5168\u5f00\u731b\u649e\u7d2b\u7afd\u82b1\u53f6\u8482|Light of Ruin|p1b: Sinistcha\n|-damage|p1b: Sinistcha|6/100\n|-damage|p2a: \u5168\u5f00\u731b\u649e\u7d2b\u7afd\u82b1\u53f6\u8482|28/100|[from] Recoil\n|move|p1a: Slowbro|Slack Off|p1a: Slowbro\n|-heal|p1a: Slowbro|97/100\n|\n|upkeep\n|turn|8\n|\n|t:|1776505583\n|switch|p2b: \u545c\u545c\u545c\u8865\u836f\u62ff\u9524\u5b50\u6572\u6211|Corviknight, L50, M, shiny|100/100\n|move|p2a: \u5168\u5f00\u731b\u649e\u7d2b\u7afd\u82b1\u53f6\u8482|Dazzling Gleam|p1b: Sinistcha|[spread] p1a,p1b\n|-damage|p1a: Slowbro|86/100\n|-damage|p1b: Sinistcha|0 fnt\n|faint|p1b: Sinistcha\n|move|p1a: Slowbro|Body Press|p2a: \u5168\u5f00\u731b\u649e\u7d2b\u7afd\u82b1\u53f6\u8482\n|-resisted|p2a: \u5168\u5f00\u731b\u649e\u7d2b\u7afd\u82b1\u53f6\u8482|1\n|-damage|p2a: \u5168\u5f00\u731b\u649e\u7d2b\u7afd\u82b1\u53f6\u8482|0 fnt\n|faint|p2a: \u5168\u5f00\u731b\u649e\u7d2b\u7afd\u82b1\u53f6\u8482\n|\n|upkeep\n|\n|t:|1776505592\n|switch|p2a: \u9b3c\u5934|Basculegion, L50, M, shiny|100/100\n|switch|p1b: Incineroar|Incineroar, L50, F|100/100\n|-ability|p1b: Incineroar|Intimidate|boost\n|-unboost|p2a: \u9b3c\u5934|atk|1\n|-ability|p2b: \u545c\u545c\u545c\u8865\u836f\u62ff\u9524\u5b50\u6572\u6211|Mirror Armor\n|-unboost|p1b: Incineroar|atk|1\n|turn|9\n|l| xen077\n|\n|t:|1776505616\n|move|p2a: \u9b3c\u5934|Last Respects|p1b: Incineroar\n|-resisted|p1b: Incineroar|1\n|-damage|p1b: Incineroar|75/100\n|move|p2b: \u545c\u545c\u545c\u8865\u836f\u62ff\u9524\u5b50\u6572\u6211|Brave Bird|p1b: Incineroar\n|-damage|p1b: Incineroar|42/100\n|-enditem|p1b: Incineroar|Sitrus Berry|[eat]\n|-heal|p1b: Incineroar|67/100|[from] item: Sitrus Berry\n|-damage|p2b: \u545c\u545c\u545c\u8865\u836f\u62ff\u9524\u5b50\u6572\u6211|88/100|[from] Recoil\n|move|p1b: Incineroar|Will-O-Wisp|p2a: \u9b3c\u5934\n|-status|p2a: \u9b3c\u5934|brn\n|move|p1a: Slowbro|Body Press|p2b: \u545c\u545c\u545c\u8865\u836f\u62ff\u9524\u5b50\u6572\u6211\n|-damage|p2b: \u545c\u545c\u545c\u8865\u836f\u62ff\u9524\u5b50\u6572\u6211|0 fnt\n|faint|p2b: \u545c\u545c\u545c\u8865\u836f\u62ff\u9524\u5b50\u6572\u6211\n|\n|-damage|p2a: \u9b3c\u5934|94/100 brn|[from] brn\n|upkeep\n|turn|10\n|-message|yubanmeiqin forfeited.\n|\n|win|Kawanohito\n|raw|Kawanohito's rating: 1410 &rarr; <strong>1435</strong><br />(+25 for winning)\n|raw|yubanmeiqin's rating: 1505 &rarr; <strong>1480</strong><br />(-25 for losing)\n|l|\u2606yubanmeiqin\n|player|p2|\n|l|\u2606Kawanohito\n|player|p1|\n",
  "uploadtime": 1776505637,
  "views": 23,
  "formatid": "gen9championsvgc2026regma",
  "rating": 1435,
  "private": 0,
  "password": null
}