{
  "id": "gen9championsvgc2026regma-2582724390",
  "format": "[Gen 9 Champions] VGC 2026 Reg M-A",
  "players": [
    "leafleafsatori",
    "piedidiconkeldurr"
  ],
  "log": "|j|\u203dleafleafsatori\n|j|\u2606piedidiconkeldurr\n|t:|1776109756\n|gametype|doubles\n|player|p1|leafleafsatori|cowgirl|1056\n|player|p2|piedidiconkeldurr|cynthia|1129\n|gen|9\n|tier|[Gen 9 Champions] VGC 2026 Reg M-A\n|rated|\n|rule|Species Clause: Limit one of each Pok\u00e9mon\n|rule|Item Clause: Limit 1 of each item\n|clearpoke\n|poke|p1|Kleavor, L50, M|\n|poke|p1|Froslass, L50, F|\n|poke|p1|Kingambit, L50, F|\n|poke|p1|Rotom-Frost, L50|\n|poke|p1|Sneasler, L50, F|\n|poke|p1|Garchomp, L50, M|\n|poke|p2|Camerupt, L50, F|\n|poke|p2|Farigiraf, L50, F|\n|poke|p2|Snorlax, L50, M|\n|poke|p2|Froslass, L50, F|\n|poke|p2|Sinistcha, L50|\n|poke|p2|Incineroar, L50, F|\n|teampreview|4\n|\n|t:|1776109814\n|teamsize|p1|4\n|teamsize|p2|4\n|start\n|switch|p1a: Rotom|Rotom-Frost, L50, shiny|100/100\n|switch|p1b: Garchomp|Garchomp, L50, M, shiny|100/100\n|switch|p2a: Farigiraf|Farigiraf, L50, F|100/100\n|switch|p2b: Incineroar|Incineroar, L50, F|100/100\n|-ability|p2b: Incineroar|Intimidate|boost\n|-unboost|p1a: Rotom|atk|1\n|-unboost|p1b: Garchomp|atk|1\n|-enditem|p1b: Garchomp|White Herb\n|-clearnegativeboost|p1b: Garchomp|[silent]\n|turn|1\n|\n|t:|1776109854\n|move|p2b: Incineroar|Fake Out|p1b: Garchomp\n|-damage|p1b: Garchomp|88/100\n|-damage|p2b: Incineroar|88/100|[from] ability: Rough Skin|[of] p1b: Garchomp\n|cant|p1b: Garchomp|flinch\n|move|p1a: Rotom|Blizzard|p2a: Farigiraf|[spread] p2a,p2b\n|-resisted|p2b: Incineroar|1\n|-damage|p2a: Farigiraf|60/100\n|-damage|p2b: Incineroar|66/100\n|move|p2a: Farigiraf|Trick Room|p2a: Farigiraf\n|-fieldstart|move: Trick Room|[of] p2a: Farigiraf\n|\n|upkeep\n|turn|2\n|\n|t:|1776109877\n|switch|p2a: Sinistcha|Sinistcha, L50|100/100\n|-heal|p2b: Incineroar|91/100|[from] ability: Hospitality|[of] p2a: Sinistcha\n|move|p2b: Incineroar|Parting Shot|p1b: Garchomp\n|-unboost|p1b: Garchomp|atk|1\n|-unboost|p1b: Garchomp|spa|1\n|\n|t:|1776109887\n|switch|p2b: Camerupt|Camerupt, L50, F|100/100|[from] Parting Shot\n|move|p1a: Rotom|Volt Switch|p2b: Camerupt\n|-immune|p2b: Camerupt\n|move|p1b: Garchomp|Earthquake|p2a: Sinistcha|[spread] p2a,p2b\n|-immune|p1a: Rotom|[from] ability: Levitate\n|-resisted|p2a: Sinistcha|1\n|-supereffective|p2b: Camerupt|1\n|-damage|p2a: Sinistcha|85/100\n|-damage|p2b: Camerupt|39/100\n|\n|upkeep\n|turn|3\n|\n|t:|1776109908\n|detailschange|p2b: Camerupt|Camerupt-Mega, L50, F\n|-mega|p2b: Camerupt|Camerupt|Cameruptite\n|move|p1a: Rotom|Protect|p1a: Rotom\n|-singleturn|p1a: Rotom|Protect\n|move|p1b: Garchomp|Protect|p1b: Garchomp\n|-singleturn|p1b: Garchomp|Protect\n|move|p2b: Camerupt|Heat Wave|p1a: Rotom|[spread] \n|-activate|p1a: Rotom|move: Protect\n|-activate|p1b: Garchomp|move: Protect\n|move|p2a: Sinistcha|Shadow Ball|p1b: Garchomp\n|-activate|p1b: Garchomp|move: Protect\n|\n|upkeep\n|turn|4\n|\n|t:|1776109928\n|move|p1a: Rotom|Protect||[still]\n|-fail|p1a: Rotom\n|move|p2b: Camerupt|Heat Wave|p1b: Garchomp|[spread] p1a,p1b\n|-supereffective|p1a: Rotom|1\n|-resisted|p1b: Garchomp|1\n|-damage|p1a: Rotom|0 fnt\n|-damage|p1b: Garchomp|57/100\n|faint|p1a: Rotom\n|move|p2a: Sinistcha|Shadow Ball|p1b: Garchomp\n|-damage|p1b: Garchomp|12/100\n|move|p1b: Garchomp|Earthquake|p2b: Camerupt|[spread] p2a,p2b\n|-resisted|p2a: Sinistcha|1\n|-supereffective|p2b: Camerupt|1\n|-damage|p2a: Sinistcha|71/100\n|-damage|p2b: Camerupt|0 fnt\n|faint|p2b: Camerupt\n|\n|upkeep\n|\n|t:|1776109949\n|switch|p2b: Incineroar|Incineroar, L50, F|91/100\n|switch|p1a: Froslass|Froslass, L50, F, shiny|100/100\n|-ability|p2b: Incineroar|Intimidate|boost\n|-unboost|p1a: Froslass|atk|1\n|-unboost|p1b: Garchomp|atk|1\n|turn|5\n|\n|t:|1776109968\n|switch|p2a: Farigiraf|Farigiraf, L50, F|60/100\n|detailschange|p1a: Froslass|Froslass-Mega, L50, F, shiny\n|-mega|p1a: Froslass|Froslass|Froslassite\n|-weather|Snowscape|[from] ability: Snow Warning|[of] p1a: Froslass\n|move|p1a: Froslass|Protect|p1a: Froslass\n|-singleturn|p1a: Froslass|Protect\n|move|p2b: Incineroar|Darkest Lariat|p1a: Froslass\n|-activate|p1a: Froslass|move: Protect\n|move|p1b: Garchomp|Earthquake|p2b: Incineroar|[spread] p2a,p2b\n|-activate|p1a: Froslass|move: Protect\n|-supereffective|p2b: Incineroar|1\n|-enditem|p2b: Incineroar|Shuca Berry|[eat]\n|-enditem|p2b: Incineroar|Shuca Berry|[weaken]\n|-damage|p2a: Farigiraf|42/100\n|-damage|p2b: Incineroar|71/100\n|\n|-weather|Snowscape|[upkeep]\n|-fieldend|move: Trick Room\n|upkeep\n|turn|6\n|\n|t:|1776109998\n|switch|p2b: Sinistcha|Sinistcha, L50|71/100\n|-heal|p2a: Farigiraf|67/100|[from] ability: Hospitality|[of] p2b: Sinistcha\n|move|p1a: Froslass|Blizzard|p2a: Farigiraf|[spread] p2a,p2b\n|-supereffective|p2b: Sinistcha|1\n|-damage|p2a: Farigiraf|32/100\n|-damage|p2b: Sinistcha|0 fnt\n|faint|p2b: Sinistcha\n|move|p1b: Garchomp|Rock Slide|p2a: Farigiraf\n|-damage|p2a: Farigiraf|18/100\n|move|p2a: Farigiraf|Trick Room|p2a: Farigiraf\n|-fieldstart|move: Trick Room|[of] p2a: Farigiraf\n|\n|-weather|Snowscape|[upkeep]\n|upkeep\n|\n|t:|1776110010\n|switch|p2b: Incineroar|Incineroar, L50, F|71/100\n|-ability|p2b: Incineroar|Intimidate|boost\n|-unboost|p1a: Froslass|atk|1\n|-unboost|p1b: Garchomp|atk|1\n|turn|7\n|\n|t:|1776110020\n|move|p1a: Froslass|Protect|p1a: Froslass\n|-singleturn|p1a: Froslass|Protect\n|move|p2a: Farigiraf|Psychic|p1b: Garchomp\n|-damage|p1b: Garchomp|0 fnt\n|faint|p1b: Garchomp\n|move|p2b: Incineroar|Flare Blitz|p1a: Froslass\n|-activate|p1a: Froslass|move: Protect\n|\n|-weather|Snowscape|[upkeep]\n|upkeep\n|\n|t:|1776110030\n|switch|p1b: Kleavor|Kleavor, L50, M, shiny|100/100\n|turn|8\n|\n|t:|1776110052\n|move|p2a: Farigiraf|Psychic|p1b: Kleavor\n|-damage|p1b: Kleavor|39/100\n|move|p2b: Incineroar|Flare Blitz|p1b: Kleavor\n|-damage|p1b: Kleavor|0 fnt\n|faint|p1b: Kleavor\n|-damage|p2b: Incineroar|62/100|[from] Recoil\n|move|p1a: Froslass|Shadow Ball|p2b: Incineroar\n|-resisted|p2b: Incineroar|1\n|-damage|p2b: Incineroar|43/100\n|\n|-weather|Snowscape|[upkeep]\n|upkeep\n|turn|9\n|\n|t:|1776110068\n|move|p2a: Farigiraf|Psychic|p1a: Froslass\n|-damage|p1a: Froslass|63/100\n|-unboost|p1a: Froslass|spd|1\n|move|p2b: Incineroar|Flare Blitz|p1a: Froslass\n|-supereffective|p1a: Froslass|1\n|-damage|p1a: Froslass|0 fnt\n|faint|p1a: Froslass\n|-damage|p2b: Incineroar|25/100|[from] Recoil\n|\n|win|piedidiconkeldurr\n|raw|leafleafsatori's rating: 1056 &rarr; <strong>1041</strong><br />(-15 for losing)\n|raw|piedidiconkeldurr's rating: 1129 &rarr; <strong>1149</strong><br />(+20 for winning)\n",
  "uploadtime": 1776110075,
  "views": 17,
  "formatid": "gen9championsvgc2026regma",
  "rating": 1041,
  "private": 0,
  "password": null
}