{
  "id": "gen9championsvgc2026regma-2583797642",
  "format": "[Gen 9 Champions] VGC 2026 Reg M-A",
  "players": [
    "Mask4M",
    "HawaiiCookieCo"
  ],
  "log": "|j|\u2606Mask4M\n|j|\u2606HawaiiCookieCo\n|t:|1776198426\n|gametype|doubles\n|player|p1|Mask4M|101|1094\n|player|p2|HawaiiCookieCo|swimmer-gen4dp|1063\n|gen|9\n|tier|[Gen 9 Champions] VGC 2026 Reg M-A\n|rated|\n|rule|Species Clause: Limit one of each Pok\u00e9mon\n|rule|Item Clause: Limit 1 of each item\n|clearpoke\n|poke|p1|Glimmora, L50, F|\n|poke|p1|Dragonite, L50, F|\n|poke|p1|Sneasler, L50, F|\n|poke|p1|Incineroar, L50, M|\n|poke|p1|Whimsicott, L50, M|\n|poke|p1|Rotom-Wash, L50|\n|poke|p2|Volcarona, L50, M|\n|poke|p2|Mamoswine, L50, M|\n|poke|p2|Tyranitar, L50, M|\n|poke|p2|Aegislash, L50, M|\n|poke|p2|Maushold, L50|\n|poke|p2|Incineroar, L50, M|\n|teampreview|4\n|inactive|Battle timer is ON: inactive players will automatically lose when time's up. (requested by HawaiiCookieCo)\n|inactive|Mask4M also wants the timer to be on.\n|inactive|Mask4M has 60 seconds left.\n|inactive|HawaiiCookieCo has 60 seconds left.\n|\n|t:|1776198476\n|teamsize|p1|4\n|teamsize|p2|4\n|start\n|switch|p1a: Glimmora|Glimmora, L50, F|100/100\n|switch|p1b: Rotom|Rotom-Wash, L50|100/100\n|switch|p2a: Mamoswine|Mamoswine, L50, M|100/100\n|switch|p2b: Incineroar|Incineroar, L50, M|100/100\n|-ability|p2b: Incineroar|Intimidate|boost\n|-unboost|p1a: Glimmora|atk|1\n|-unboost|p1b: Rotom|atk|1\n|turn|1\n|\n|t:|1776198499\n|switch|p1b: Sneasler|Sneasler, L50, F|100/100\n|detailschange|p1a: Glimmora|Glimmora-Mega, L50, F\n|-mega|p1a: Glimmora|Glimmora|Glimmoranite\n|move|p1a: Glimmora|Spiky Shield|p1a: Glimmora\n|-singleturn|p1a: Glimmora|move: Protect\n|move|p2b: Incineroar|Fake Out|p1b: Sneasler\n|-damage|p1b: Sneasler|84/100\n|move|p2a: Mamoswine|High Horsepower|p1a: Glimmora\n|-activate|p1a: Glimmora|move: Protect\n|-damage|p2a: Mamoswine|88/100|[from] Spiky Shield|[of] p1a: Glimmora\n|\n|upkeep\n|turn|2\n|inactive|Mask4M has 30 seconds left.\n|\n|t:|1776198525\n|switch|p1a: Rotom|Rotom-Wash, L50|100/100\n|switch|p2a: Volcarona|Volcarona, L50, M|100/100\n|move|p1b: Sneasler|Close Combat|p2a: Volcarona\n|-resisted|p2a: Volcarona|1\n|-damage|p2a: Volcarona|65/100\n|-unboost|p1b: Sneasler|def|1\n|-unboost|p1b: Sneasler|spd|1\n|-enditem|p1b: Sneasler|White Herb\n|-clearnegativeboost|p1b: Sneasler|[silent]\n|move|p2b: Incineroar|Parting Shot|p1a: Rotom\n|-unboost|p1a: Rotom|atk|1\n|-unboost|p1a: Rotom|spa|1\n|\n|t:|1776198538\n|switch|p2b: Mamoswine|Mamoswine, L50, M|88/100|[from] Parting Shot\n|\n|-heal|p2a: Volcarona|71/100|[from] item: Leftovers\n|upkeep\n|turn|3\n|inactive|Mask4M has 30 seconds left.\n|inactive|Mask4M has 20 seconds left.\n|\n|t:|1776198574\n|switch|p1a: Whimsicott|Whimsicott, L50, M|100/100\n|switch|p2b: Incineroar|Incineroar, L50, M|100/100\n|-ability|p2b: Incineroar|Intimidate|boost\n|-unboost|p1a: Whimsicott|atk|1\n|-unboost|p1b: Sneasler|atk|1\n|move|p1b: Sneasler|Protect|p1b: Sneasler\n|-singleturn|p1b: Sneasler|Protect\n|move|p2a: Volcarona|Quiver Dance|p2a: Volcarona\n|-boost|p2a: Volcarona|spa|1\n|-boost|p2a: Volcarona|spd|1\n|-boost|p2a: Volcarona|spe|1\n|\n|-heal|p2a: Volcarona|77/100|[from] item: Leftovers\n|upkeep\n|turn|4\n|inactive|Mask4M has 30 seconds left.\n|\n|t:|1776198602\n|switch|p1b: Glimmora|Glimmora-Mega, L50, F|100/100\n|move|p1a: Whimsicott|Encore|p2a: Volcarona\n|-start|p2a: Volcarona|Encore\n|move|p2a: Volcarona|Quiver Dance|p2a: Volcarona\n|-boost|p2a: Volcarona|spa|1\n|-boost|p2a: Volcarona|spd|1\n|-boost|p2a: Volcarona|spe|1\n|move|p2b: Incineroar|Parting Shot|p1a: Whimsicott\n|-unboost|p1a: Whimsicott|atk|1\n|-unboost|p1a: Whimsicott|spa|1\n|\n|t:|1776198613\n|switch|p2b: Maushold|Maushold, L50|100/100|[from] Parting Shot\n|\n|-heal|p2a: Volcarona|83/100|[from] item: Leftovers\n|upkeep\n|turn|5\n|\n|t:|1776198624\n|move|p2b: Maushold|Follow Me|p2b: Maushold\n|-singleturn|p2b: Maushold|move: Follow Me\n|move|p1a: Whimsicott|Taunt|p2b: Maushold\n|-start|p2b: Maushold|move: Taunt\n|move|p2a: Volcarona|Quiver Dance|p2a: Volcarona\n|-boost|p2a: Volcarona|spa|1\n|-boost|p2a: Volcarona|spd|1\n|-boost|p2a: Volcarona|spe|1\n|move|p1b: Glimmora|Power Gem|p2b: Maushold\n|-damage|p2b: Maushold|36/100\n|\n|-heal|p2a: Volcarona|89/100|[from] item: Leftovers\n|upkeep\n|turn|6\n|inactive|Mask4M has 30 seconds left.\n|\n|t:|1776198649\n|move|p2b: Maushold|Feint|p1a: Whimsicott\n|-damage|p1a: Whimsicott|90/100\n|move|p1a: Whimsicott|Taunt|p2a: Volcarona\n|-start|p2a: Volcarona|move: Taunt\n|cant|p2a: Volcarona|move: Taunt|Quiver Dance\n|move|p1b: Glimmora|Power Gem|p2a: Volcarona\n|-supereffective|p2a: Volcarona|2\n|-damage|p2a: Volcarona|10/100\n|\n|-heal|p2a: Volcarona|16/100|[from] item: Leftovers\n|-end|p2a: Volcarona|Encore\n|upkeep\n|turn|7\n|inactive|Mask4M has 30 seconds left.\n|inactive|HawaiiCookieCo has 30 seconds left.\n|\n|t:|1776198679\n|switch|p2a: Incineroar|Incineroar, L50, M|100/100\n|-ability|p2a: Incineroar|Intimidate|boost\n|-unboost|p1a: Whimsicott|atk|1\n|-unboost|p1b: Glimmora|atk|1\n|move|p1a: Whimsicott|Tailwind|p1a: Whimsicott\n|-sidestart|p1: Mask4M|move: Tailwind\n|move|p1b: Glimmora|Power Gem|p2a: Incineroar\n|-supereffective|p2a: Incineroar|1\n|-damage|p2a: Incineroar|18/100\n|-enditem|p2a: Incineroar|Sitrus Berry|[eat]\n|-heal|p2a: Incineroar|43/100|[from] item: Sitrus Berry\n|move|p2b: Maushold|Super Fang|p1b: Glimmora\n|-damage|p1b: Glimmora|50/100\n|\n|upkeep\n|turn|8\n|inactive|Mask4M has 30 seconds left.\n|inactive|HawaiiCookieCo has 30 seconds left.\n|\n|t:|1776198714\n|switch|p1b: Sneasler|Sneasler, L50, F|84/100\n|move|p2b: Maushold|Feint|p1a: Whimsicott\n|-damage|p1a: Whimsicott|79/100\n|move|p1a: Whimsicott|Moonblast|p2b: Maushold\n|-damage|p2b: Maushold|11/100\n|move|p2a: Incineroar|Flare Blitz|p1a: Whimsicott\n|-supereffective|p1a: Whimsicott|1\n|-damage|p1a: Whimsicott|0 fnt\n|faint|p1a: Whimsicott\n|-damage|p2a: Incineroar|22/100|[from] Recoil\n|\n|-end|p2b: Maushold|move: Taunt\n|upkeep\n|\n|t:|1776198730\n|switch|p1a: Glimmora|Glimmora-Mega, L50, F|50/100\n|turn|9\n|\n|t:|1776198742\n|move|p2b: Maushold|Protect|p2b: Maushold\n|-singleturn|p2b: Maushold|Protect\n|move|p1b: Sneasler|Dire Claw|p2b: Maushold\n|-activate|p2b: Maushold|move: Protect\n|move|p1a: Glimmora|Power Gem|p2a: Incineroar\n|-supereffective|p2a: Incineroar|1\n|-damage|p2a: Incineroar|0 fnt\n|faint|p2a: Incineroar\n|\n|upkeep\n|\n|t:|1776198751\n|switch|p2a: Mamoswine|Mamoswine, L50, M|88/100\n|turn|10\n|\n|t:|1776198762\n|move|p1a: Glimmora|Spiky Shield|p1a: Glimmora\n|-singleturn|p1a: Glimmora|move: Protect\n|move|p2b: Maushold|Follow Me|p2b: Maushold\n|-singleturn|p2b: Maushold|move: Follow Me\n|move|p1b: Sneasler|Close Combat|p2b: Maushold\n|-supereffective|p2b: Maushold|1\n|-crit|p2b: Maushold\n|-enditem|p2b: Maushold|Chople Berry|[eat]\n|-enditem|p2b: Maushold|Chople Berry|[weaken]\n|-damage|p2b: Maushold|0 fnt\n|-unboost|p1b: Sneasler|def|1\n|-unboost|p1b: Sneasler|spd|1\n|faint|p2b: Maushold\n|move|p2a: Mamoswine|High Horsepower|p1b: Sneasler\n|-supereffective|p1b: Sneasler|1\n|-damage|p1b: Sneasler|0 fnt\n|faint|p1b: Sneasler\n|\n|-sideend|p1: Mask4M|move: Tailwind\n|upkeep\n|\n|t:|1776198775\n|switch|p1b: Rotom|Rotom-Wash, L50|100/100\n|switch|p2b: Volcarona|Volcarona, L50, M|16/100\n|turn|11\n|\n|t:|1776198800\n|move|p2b: Volcarona|Protect|p2b: Volcarona\n|-singleturn|p2b: Volcarona|Protect\n|move|p1b: Rotom|Hydro Pump|p2a: Mamoswine\n|-supereffective|p2a: Mamoswine|1\n|-damage|p2a: Mamoswine|0 fnt\n|faint|p2a: Mamoswine\n|move|p1a: Glimmora|Power Gem|p2b: Volcarona\n|-activate|p2b: Volcarona|move: Protect\n|\n|-heal|p2b: Volcarona|22/100|[from] item: Leftovers\n|upkeep\n|turn|12\n|c|\u2606Mask4M|gg\n|inactive|HawaiiCookieCo has 30 seconds left.\n|-message|HawaiiCookieCo forfeited.\n|\n|win|Mask4M\n|raw|Mask4M's rating: 1094 &rarr; <strong>1118</strong><br />(+24 for winning)\n|raw|HawaiiCookieCo's rating: 1063 &rarr; <strong>1045</strong><br />(-18 for losing)\n",
  "uploadtime": 1776198830,
  "views": 42,
  "formatid": "gen9championsvgc2026regma",
  "rating": 1045,
  "private": 0,
  "password": null
}