{
  "id": "gen9championsvgc2026regma-2584806032",
  "format": "[Gen 9 Champions] VGC 2026 Reg M-A",
  "players": [
    "drdropkick",
    "Rworwo"
  ],
  "log": "|j|\u2606drdropkick\n|j|\u2606Rworwo\n|t:|1776285025\n|gametype|doubles\n|player|p1|drdropkick|265|1162\n|player|p2|Rworwo|pokefan|1243\n|gen|9\n|tier|[Gen 9 Champions] VGC 2026 Reg M-A\n|rated|\n|rule|Species Clause: Limit one of each Pok\u00e9mon\n|rule|Item Clause: Limit 1 of each item\n|clearpoke\n|poke|p1|Aerodactyl, L50, F|\n|poke|p1|Sinistcha, L50|\n|poke|p1|Incineroar, L50, F|\n|poke|p1|Sneasler, L50, M|\n|poke|p1|Kangaskhan, L50, F|\n|poke|p1|Sylveon, L50, M|\n|poke|p2|Ampharos, L50, M|\n|poke|p2|Farigiraf, L50, M|\n|poke|p2|Basculegion, L50, M|\n|poke|p2|Sinistcha, L50|\n|poke|p2|Lucario, L50, M|\n|poke|p2|Pelipper, L50, M|\n|teampreview|4\n|inactive|Battle timer is ON: inactive players will automatically lose when time's up. (requested by Rworwo)\n|inactive|drdropkick has 60 seconds left.\n|inactive|Rworwo has 60 seconds left.\n|inactive|Rworwo has 30 seconds left.\n|inactive|Rworwo has 20 seconds left.\n|inactive|Rworwo has 15 seconds left.\n|inactive|Rworwo has 10 seconds left.\n|\n|t:|1776285106\n|teamsize|p1|4\n|teamsize|p2|4\n|start\n|switch|p1a: Aerodactyl|Aerodactyl, L50, F|100/100\n|switch|p1b: Kangaskhan|Kangaskhan, L50, F|100/100\n|switch|p2a: Farigiraf|Farigiraf, L50, M, shiny|100/100\n|switch|p2b: Sinistcha|Sinistcha, L50|100/100\n|-ability|p1a: Aerodactyl|Unnerve\n|turn|1\n|inactive|Rworwo has 30 seconds left.\n|\n|t:|1776285132\n|detailschange|p1b: Kangaskhan|Kangaskhan-Mega, L50, F\n|-mega|p1b: Kangaskhan|Kangaskhan|Kangaskhanite\n|move|p1b: Kangaskhan|Fake Out||[still]\n|cant|p2a: Farigiraf|ability: Armor Tail|Fake Out|[of] p1b: Kangaskhan\n|move|p2b: Sinistcha|Rage Powder|p2b: Sinistcha\n|-singleturn|p2b: Sinistcha|move: Rage Powder\n|move|p1a: Aerodactyl|Dual Wingbeat|p2b: Sinistcha\n|-supereffective|p2b: Sinistcha|1\n|-damage|p2b: Sinistcha|63/100\n|-supereffective|p2b: Sinistcha|1\n|-damage|p2b: Sinistcha|29/100\n|-hitcount|p2b: Sinistcha|2\n|move|p2a: Farigiraf|Trick Room|p2a: Farigiraf\n|-fieldstart|move: Trick Room|[of] p2a: Farigiraf\n|\n|-heal|p2b: Sinistcha|35/100|[from] item: Leftovers\n|upkeep\n|turn|2\n|\n|t:|1776285156\n|move|p1b: Kangaskhan|Sucker Punch||[still]\n|cant|p2a: Farigiraf|ability: Armor Tail|Sucker Punch|[of] p1b: Kangaskhan\n|move|p2a: Farigiraf|Psychic|p1a: Aerodactyl\n|-damage|p1a: Aerodactyl|51/100\n|move|p2b: Sinistcha|Matcha Gotcha|p1a: Aerodactyl|[spread] p1b\n|-miss|p2b: Sinistcha|p1a: Aerodactyl\n|-damage|p1b: Kangaskhan|80/100\n|-heal|p2b: Sinistcha|49/100|[from] drain|[of] p1b: Kangaskhan\n|move|p1a: Aerodactyl|Rock Slide|p2a: Farigiraf|[spread] p2a,p2b\n|-crit|p2a: Farigiraf\n|-damage|p2a: Farigiraf|75/100\n|-damage|p2b: Sinistcha|26/100\n|\n|-heal|p2b: Sinistcha|32/100|[from] item: Leftovers\n|upkeep\n|turn|3\n|\n|t:|1776285178\n|switch|p1b: Incineroar|Incineroar, L50, F|100/100\n|-ability|p1b: Incineroar|Intimidate|boost\n|-unboost|p2a: Farigiraf|atk|1\n|-unboost|p2b: Sinistcha|atk|1\n|move|p1a: Aerodactyl|Protect|p1a: Aerodactyl\n|-singleturn|p1a: Aerodactyl|Protect\n|move|p2a: Farigiraf|Psychic|p1a: Aerodactyl\n|-activate|p1a: Aerodactyl|move: Protect\n|move|p2b: Sinistcha|Matcha Gotcha|p1a: Aerodactyl|[spread] p1b\n|-activate|p1a: Aerodactyl|move: Protect\n|-resisted|p1b: Incineroar|1\n|-damage|p1b: Incineroar|90/100\n|-heal|p2b: Sinistcha|39/100|[from] drain|[of] p1b: Incineroar\n|\n|-heal|p2b: Sinistcha|45/100|[from] item: Leftovers\n|upkeep\n|turn|4\n|\n|t:|1776285198\n|move|p2a: Farigiraf|Hyper Voice|p1a: Aerodactyl|[spread] p1a,p1b\n|-resisted|p1a: Aerodactyl|1\n|-damage|p1a: Aerodactyl|33/100\n|-damage|p1b: Incineroar|67/100\n|move|p2b: Sinistcha|Matcha Gotcha|p1a: Aerodactyl|[spread] p1a,p1b\n|-resisted|p1b: Incineroar|1\n|-damage|p1a: Aerodactyl|2/100\n|-heal|p2b: Sinistcha|61/100|[from] drain|[of] p1a: Aerodactyl\n|-damage|p1b: Incineroar|55/100\n|-heal|p2b: Sinistcha|69/100|[from] drain|[of] p1b: Incineroar\n|-status|p1a: Aerodactyl|brn\n|move|p1b: Incineroar|Darkest Lariat|p2a: Farigiraf\n|-supereffective|p2a: Farigiraf|1\n|-damage|p2a: Farigiraf|24/100\n|move|p1a: Aerodactyl|Dual Wingbeat|p2b: Sinistcha\n|-supereffective|p2b: Sinistcha|1\n|-damage|p2b: Sinistcha|51/100\n|-supereffective|p2b: Sinistcha|1\n|-damage|p2b: Sinistcha|32/100\n|-hitcount|p2b: Sinistcha|2\n|\n|-heal|p2b: Sinistcha|39/100|[from] item: Leftovers\n|-damage|p1a: Aerodactyl|0 fnt|[from] brn\n|faint|p1a: Aerodactyl\n|upkeep\n|\n|t:|1776285221\n|switch|p1a: Sylveon|Sylveon, L50, M|100/100\n|turn|5\n|\n|t:|1776285235\n|move|p2a: Farigiraf|Hyper Voice|p1b: Incineroar|[spread] p1a,p1b\n|-damage|p1a: Sylveon|82/100\n|-damage|p1b: Incineroar|34/100\n|-enditem|p1b: Incineroar|Sitrus Berry|[eat]\n|-heal|p1b: Incineroar|58/100|[from] item: Sitrus Berry\n|move|p2b: Sinistcha|Shadow Ball|p1a: Sylveon\n|-damage|p1a: Sylveon|60/100\n|move|p1a: Sylveon|Hyper Voice|p2a: Farigiraf|[spread] p2a,p2b\n|-damage|p2a: Farigiraf|0 fnt\n|-damage|p2b: Sinistcha|0 fnt\n|faint|p2a: Farigiraf\n|faint|p2b: Sinistcha\n|move|p1b: Incineroar|Flare Blitz|p2: Farigiraf|[notarget]\n|-fail|p1b: Incineroar\n|\n|-fieldend|move: Trick Room\n|upkeep\n|\n|t:|1776285247\n|switch|p2b: Basculegion|Basculegion, L50, M|100/100\n|switch|p2a: Lucario|Lucario, L50, M|100/100\n|turn|6\n|\n|t:|1776285266\n|detailschange|p2a: Lucario|Lucario-Mega, L50, M\n|-mega|p2a: Lucario|Lucario|Lucarionite\n|move|p2b: Basculegion|Last Respects|p1a: Sylveon\n|-damage|p1a: Sylveon|0 fnt\n|faint|p1a: Sylveon\n|move|p2a: Lucario|Aura Sphere|p1b: Incineroar\n|-supereffective|p1b: Incineroar|1\n|-damage|p1b: Incineroar|0 fnt\n|faint|p1b: Incineroar\n|\n|upkeep\n|\n|t:|1776285278\n|switch|p1b: Kangaskhan|Kangaskhan-Mega, L50, F|80/100\n|turn|7\n|\n|t:|1776285282\n|move|p2a: Lucario|Protect|p2a: Lucario\n|-singleturn|p2a: Lucario|Protect\n|move|p1b: Kangaskhan|Sucker Punch|p2b: Basculegion\n|-supereffective|p2b: Basculegion|1\n|-damage|p2b: Basculegion|35/100\n|-supereffective|p2b: Basculegion|1\n|-damage|p2b: Basculegion|17/100\n|-hitcount|p2b: Basculegion|2\n|move|p2b: Basculegion|Last Respects|p1b: Kangaskhan\n|-immune|p1b: Kangaskhan\n|\n|upkeep\n|turn|8\n|\n|t:|1776285294\n|move|p2b: Basculegion|Last Respects|p1b: Kangaskhan\n|-immune|p1b: Kangaskhan\n|move|p2a: Lucario|Aura Sphere|p1b: Kangaskhan\n|-supereffective|p1b: Kangaskhan|1\n|-damage|p1b: Kangaskhan|0 fnt\n|faint|p1b: Kangaskhan\n|\n|win|Rworwo\n|raw|drdropkick's rating: 1162 &rarr; <strong>1143</strong><br />(-19 for losing)\n|raw|Rworwo's rating: 1243 &rarr; <strong>1262</strong><br />(+19 for winning)\n",
  "uploadtime": 1776285303,
  "views": 26,
  "formatid": "gen9championsvgc2026regma",
  "rating": 1143,
  "private": 0,
  "password": null
}