{
  "id": "gen9championsvgc2026regma-2588402306",
  "format": "[Gen 9 Champions] VGC 2026 Reg M-A",
  "players": [
    "babayaga357",
    "babulbi"
  ],
  "log": "|j|\u2606babayaga357\n|j|\u2606babulbi\n|t:|1776630501\n|gametype|doubles\n|player|p1|babayaga357|170|1296\n|player|p2|babulbi|169|1322\n|gen|9\n|tier|[Gen 9 Champions] VGC 2026 Reg M-A\n|rated|\n|rule|Species Clause: Limit one of each Pok\u00e9mon\n|rule|Item Clause: Limit 1 of each item\n|clearpoke\n|poke|p1|Delphox, L50, M, shiny|\n|poke|p1|Sinistcha, L50|\n|poke|p1|Manectric, L50, M, shiny|\n|poke|p1|Sneasler, L50, F|\n|poke|p1|Kingambit, L50, M|\n|poke|p1|Milotic, L50, F|\n|poke|p2|Tinkaton, L50, F|\n|poke|p2|Glimmora, L50, F|\n|poke|p2|Tyranitar, L50, F|\n|poke|p2|Garchomp, L50, M|\n|poke|p2|Incineroar, L50, M|\n|poke|p2|Corviknight, L50, F|\n|teampreview|4\n|inactive|Battle timer is ON: inactive players will automatically lose when time's up. (requested by babulbi)\n|inactive|babayaga357 also wants the timer to be on.\n|inactive|babayaga357 has 60 seconds left.\n|inactive|babulbi has 60 seconds left.\n|\n|t:|1776630546\n|teamsize|p1|4\n|teamsize|p2|4\n|start\n|switch|p1a: Manectric|Manectric, L50, M, shiny|100/100\n|switch|p1b: Milotic|Milotic, L50, F|100/100\n|switch|p2a: Tyranitar|Tyranitar, L50, F|100/100\n|switch|p2b: Garchomp|Garchomp, L50, M|100/100\n|-weather|Sandstorm|[from] ability: Sand Stream|[of] p2a: Tyranitar\n|turn|1\n|\n|t:|1776630565\n|detailschange|p1a: Manectric|Manectric-Mega, L50, M, shiny\n|-mega|p1a: Manectric|Manectric|Manectite\n|-ability|p1a: Manectric|Intimidate|boost\n|-unboost|p2a: Tyranitar|atk|1\n|-unboost|p2b: Garchomp|atk|1\n|move|p1a: Manectric|Protect|p1a: Manectric\n|-singleturn|p1a: Manectric|Protect\n|move|p2b: Garchomp|Rock Slide|p1a: Manectric|[spread] \n|-activate|p1a: Manectric|move: Protect\n|-miss|p2b: Garchomp|p1b: Milotic\n|move|p1b: Milotic|Muddy Water|p2b: Garchomp|[spread] p2a,p2b\n|-supereffective|p2a: Tyranitar|1\n|-damage|p2a: Tyranitar|73/100\n|-damage|p2b: Garchomp|72/100\n|move|p2a: Tyranitar|Knock Off|p1b: Milotic\n|-damage|p1b: Milotic|72/100\n|-enditem|p1b: Milotic|Leftovers|[from] move: Knock Off|[of] p2a: Tyranitar\n|\n|-weather|Sandstorm|[upkeep]\n|-damage|p1a: Manectric|94/100|[from] Sandstorm\n|-damage|p1b: Milotic|66/100|[from] Sandstorm\n|upkeep\n|turn|2\n|\n|t:|1776630587\n|switch|p2a: Corviknight|Corviknight, L50, F|100/100\n|move|p1a: Manectric|Volt Switch|p2a: Corviknight\n|-supereffective|p2a: Corviknight|1\n|-damage|p2a: Corviknight|26/100\n|\n|t:|1776630594\n|switch|p1a: Sinistcha|Sinistcha, L50|100/100|[from] Volt Switch\n|-heal|p1b: Milotic|91/100|[from] ability: Hospitality|[of] p1a: Sinistcha\n|move|p2b: Garchomp|Stomping Tantrum|p1a: Sinistcha\n|-resisted|p1a: Sinistcha|1\n|-damage|p1a: Sinistcha|77/100\n|move|p1b: Milotic|Muddy Water|p2b: Garchomp|[spread] p2b\n|-miss|p1b: Milotic|p2a: Corviknight\n|-damage|p2b: Garchomp|43/100\n|\n|-weather|Sandstorm|[upkeep]\n|-damage|p1b: Milotic|84/100|[from] Sandstorm\n|-damage|p1a: Sinistcha|70/100|[from] Sandstorm\n|-heal|p2a: Corviknight|32/100|[from] item: Leftovers\n|upkeep\n|turn|3\n|inactive|babayaga357 has 30 seconds left.\n|\n|t:|1776630619\n|move|p2b: Garchomp|Rock Slide|p1b: Milotic|[spread] p1a,p1b\n|-damage|p1a: Sinistcha|59/100\n|-damage|p1b: Milotic|75/100\n|cant|p1b: Milotic|flinch\n|move|p2a: Corviknight|Tailwind|p2a: Corviknight\n|-sidestart|p2: babulbi|move: Tailwind\n|cant|p1a: Sinistcha|flinch\n|\n|-weather|Sandstorm|[upkeep]\n|-damage|p1b: Milotic|69/100|[from] Sandstorm\n|-damage|p1a: Sinistcha|53/100|[from] Sandstorm\n|-heal|p2a: Corviknight|38/100|[from] item: Leftovers\n|upkeep\n|turn|4\n|\n|t:|1776630642\n|switch|p2b: Glimmora|Glimmora, L50, F|100/100\n|move|p2a: Corviknight|Roost|p2a: Corviknight\n|-heal|p2a: Corviknight|88/100\n|-singleturn|p2a: Corviknight|move: Roost\n|move|p1b: Milotic|Muddy Water|p2b: Glimmora|[spread] p2a,p2b\n|-crit|p2a: Corviknight\n|-supereffective|p2b: Glimmora|1\n|-damage|p2a: Corviknight|50/100\n|-damage|p2b: Glimmora|57/100\n|-ability|p2a: Corviknight|Mirror Armor\n|-unboost|p1b: Milotic|accuracy|1\n|-ability|p1b: Milotic|Competitive|boost\n|-boost|p1b: Milotic|spa|2\n|-unboost|p2b: Glimmora|accuracy|1\n|move|p1a: Sinistcha|Life Dew|p1a: Sinistcha|[spread] p1a,p1b\n|-heal|p1a: Sinistcha|78/100\n|-heal|p1b: Milotic|94/100\n|\n|-weather|Sandstorm|[upkeep]\n|-damage|p1b: Milotic|87/100|[from] Sandstorm\n|-damage|p1a: Sinistcha|72/100|[from] Sandstorm\n|-heal|p2a: Corviknight|56/100|[from] item: Leftovers\n|upkeep\n|turn|5\n|inactive|babayaga357 has 30 seconds left.\n|inactive|babulbi has 30 seconds left.\n|inactive|babayaga357 has 20 seconds left.\n|inactive|babayaga357 has 15 seconds left.\n|\n|t:|1776630683\n|switch|p2b: Tyranitar|Tyranitar, L50, F|73/100\n|move|p2a: Corviknight|Roost|p2a: Corviknight\n|-heal|p2a: Corviknight|100/100\n|-singleturn|p2a: Corviknight|move: Roost\n|move|p1b: Milotic|Scald|p2b: Tyranitar\n|-supereffective|p2b: Tyranitar|1\n|-damage|p2b: Tyranitar|7/100\n|move|p1a: Sinistcha|Trick Room|p1a: Sinistcha\n|-fieldstart|move: Trick Room|[of] p1a: Sinistcha\n|\n|-weather|none\n|upkeep\n|turn|6\n|\n|t:|1776630704\n|move|p1a: Sinistcha|Life Dew|p1a: Sinistcha|[spread] p1a,p1b\n|-heal|p1a: Sinistcha|97/100\n|-heal|p1b: Milotic|100/100\n|move|p1b: Milotic|Muddy Water|p2b: Tyranitar|[spread] p2a\n|-miss|p1b: Milotic|p2b: Tyranitar\n|-damage|p2a: Corviknight|49/100\n|-ability|p2a: Corviknight|Mirror Armor\n|-unboost|p1b: Milotic|accuracy|1\n|-ability|p1b: Milotic|Competitive|boost\n|-boost|p1b: Milotic|spa|2\n|move|p2b: Tyranitar|Knock Off|p1a: Sinistcha\n|-supereffective|p1a: Sinistcha|1\n|-damage|p1a: Sinistcha|5/100\n|-enditem|p1a: Sinistcha|Occa Berry|[from] move: Knock Off|[of] p2b: Tyranitar\n|move|p2a: Corviknight|Iron Defense|p2a: Corviknight\n|-boost|p2a: Corviknight|def|2\n|\n|-heal|p2a: Corviknight|55/100|[from] item: Leftovers\n|-sideend|p2: babulbi|move: Tailwind\n|upkeep\n|turn|7\n|\n|t:|1776630728\n|move|p1a: Sinistcha|Life Dew||[still]|[spread] p1a,p1b\n|-heal|p1a: Sinistcha|31/100\n|-fail|p1b: Milotic|heal\n|move|p2b: Tyranitar|Rock Slide|p1a: Sinistcha|[spread] p1a,p1b\n|-damage|p1a: Sinistcha|6/100\n|-damage|p1b: Milotic|75/100\n|move|p2a: Corviknight|Body Press|p1b: Milotic\n|-damage|p1b: Milotic|34/100\n|cant|p1b: Milotic|flinch\n|\n|-heal|p2a: Corviknight|60/100|[from] item: Leftovers\n|upkeep\n|turn|8\n|\n|t:|1776630750\n|move|p1b: Milotic|Protect|p1b: Milotic\n|-singleturn|p1b: Milotic|Protect\n|move|p2b: Tyranitar|Rock Slide|p1a: Sinistcha|[spread] p1a\n|-activate|p1b: Milotic|move: Protect\n|-damage|p1a: Sinistcha|0 fnt\n|faint|p1a: Sinistcha\n|move|p2a: Corviknight|Body Press|p1b: Milotic\n|-activate|p1b: Milotic|move: Protect\n|\n|-heal|p2a: Corviknight|66/100|[from] item: Leftovers\n|upkeep\n|\n|t:|1776630752\n|switch|p1a: Sneasler|Sneasler, L50, F|100/100\n|turn|9\n|\n|t:|1776630776\n|move|p1a: Sneasler|Fake Out|p2a: Corviknight\n|-resisted|p2a: Corviknight|1\n|-damage|p2a: Corviknight|64/100\n|move|p2b: Tyranitar|Rock Slide|p1a: Sneasler|[spread] p1a,p1b\n|-resisted|p1a: Sneasler|1\n|-damage|p1a: Sneasler|73/100\n|-damage|p1b: Milotic|7/100\n|cant|p2a: Corviknight|flinch\n|move|p1b: Milotic|Scald|p2a: Corviknight\n|-damage|p2a: Corviknight|0 fnt\n|faint|p2a: Corviknight\n|\n|-fieldend|move: Trick Room\n|upkeep\n|\n|t:|1776630790\n|switch|p2a: Garchomp|Garchomp, L50, M|43/100\n|turn|10\n|\n|t:|1776630800\n|switch|p2b: Glimmora|Glimmora, L50, F|57/100\n|move|p2a: Garchomp|Protect|p2a: Garchomp\n|-singleturn|p2a: Garchomp|Protect\n|move|p1a: Sneasler|Close Combat|p2a: Garchomp\n|-activate|p2a: Garchomp|move: Protect\n|move|p1b: Milotic|Scald|p2b: Glimmora\n|-supereffective|p2b: Glimmora|1\n|-damage|p2b: Glimmora|0 fnt\n|faint|p2b: Glimmora\n|\n|upkeep\n|\n|t:|1776630811\n|switch|p2b: Tyranitar|Tyranitar, L50, F|7/100\n|-weather|Sandstorm|[from] ability: Sand Stream|[of] p2b: Tyranitar\n|turn|11\n|\n|t:|1776630826\n|move|p1a: Sneasler|Close Combat|p2a: Garchomp\n|-damage|p2a: Garchomp|0 fnt\n|-unboost|p1a: Sneasler|def|1\n|-unboost|p1a: Sneasler|spd|1\n|faint|p2a: Garchomp\n|move|p1b: Milotic|Muddy Water|p2b: Tyranitar|[miss]\n|-miss|p1b: Milotic|p2b: Tyranitar\n|move|p2b: Tyranitar|Knock Off|p1a: Sneasler\n|-resisted|p1a: Sneasler|1\n|-damage|p1a: Sneasler|1/100\n|-enditem|p1a: Sneasler|Focus Sash|[from] move: Knock Off|[of] p2b: Tyranitar\n|\n|-weather|Sandstorm|[upkeep]\n|-damage|p1a: Sneasler|0 fnt|[from] Sandstorm\n|-damage|p1b: Milotic|1/100|[from] Sandstorm\n|faint|p1a: Sneasler\n|upkeep\n|\n|t:|1776630830\n|switch|p1a: Manectric|Manectric-Mega, L50, M, shiny|94/100\n|-ability|p1a: Manectric|Intimidate|boost\n|-unboost|p2b: Tyranitar|atk|1\n|turn|12\n|-message|babulbi forfeited.\n|\n|win|babayaga357\n|raw|babayaga357's rating: 1296 &rarr; <strong>1323</strong><br />(+27 for winning)\n|raw|babulbi's rating: 1322 &rarr; <strong>1301</strong><br />(-21 for losing)\n|l|\u2606babulbi\n|player|p2|\n",
  "uploadtime": 1776630863,
  "views": 13,
  "formatid": "gen9championsvgc2026regma",
  "rating": 1301,
  "private": 0,
  "password": null
}