{
  "id": "gen9championsvgc2026regma-2581237872",
  "format": "[Gen 9 Champions] VGC 2026 Reg M-A",
  "players": [
    "yamede\u86c7\u5982",
    "RyushinYuki"
  ],
  "log": "|j|\u2606yamede\u86c7\u5982\n|j|\u2606RyushinYuki\n|t:|1775974638\n|gametype|doubles\n|player|p1|yamede\u86c7\u5982|265|1364\n|player|p2|RyushinYuki|cynthia-masters|1459\n|gen|9\n|tier|[Gen 9 Champions] VGC 2026 Reg M-A\n|rated|\n|rule|Species Clause: Limit one of each Pok\u00e9mon\n|rule|Item Clause: Limit 1 of each item\n|clearpoke\n|poke|p1|Tyranitar, L50, M|\n|poke|p1|Milotic, L50, F|\n|poke|p1|Excadrill, L50, F|\n|poke|p1|Gardevoir, L50, F|\n|poke|p1|Incineroar, L50, M|\n|poke|p1|Sinistcha, L50|\n|poke|p2|Corviknight, L50, M|\n|poke|p2|Tyranitar, L50, F|\n|poke|p2|Excadrill, L50, M|\n|poke|p2|Meganium, L50, M|\n|poke|p2|Sneasler, L50, F|\n|poke|p2|Rotom-Wash, L50|\n|teampreview|4\n|inactive|Battle timer is ON: inactive players will automatically lose when time's up. (requested by yamede\u86c7\u5982)\n|j| Namcan\n|inactive|yamede\u86c7\u5982 has 60 seconds left.\n|inactive|RyushinYuki has 60 seconds left.\n|\n|t:|1775974687\n|teamsize|p1|4\n|teamsize|p2|4\n|start\n|switch|p1a: Incineroar|Incineroar, L50, M|100/100\n|switch|p1b: Excadrill|Excadrill, L50, F|100/100\n|switch|p2a: Sneasler|Sneasler, L50, F|100/100\n|switch|p2b: Meganium|Meganium, L50, M|100/100\n|-ability|p1a: Incineroar|Intimidate|boost\n|-unboost|p2a: Sneasler|atk|1\n|-unboost|p2b: Meganium|atk|1\n|-enditem|p2a: Sneasler|White Herb\n|-clearnegativeboost|p2a: Sneasler|[silent]\n|turn|1\n|j| gE1xjZRtuhW2DdT0AK\n|inactive|yamede\u86c7\u5982 has 30 seconds left.\n|inactive|RyushinYuki has 30 seconds left.\n|inactive|yamede\u86c7\u5982 has 20 seconds left.\n|inactive|yamede\u86c7\u5982 has 15 seconds left.\n|inactive|yamede\u86c7\u5982 has 10 seconds left.\n|inactive|yamede\u86c7\u5982 has 5 seconds left.\n|\n|t:|1775974741\n|switch|p2b: Corviknight|Corviknight, L50, M|100/100\n|move|p1b: Excadrill|Protect|p1b: Excadrill\n|-singleturn|p1b: Excadrill|Protect\n|move|p2a: Sneasler|Fake Out|p1b: Excadrill\n|-activate|p1b: Excadrill|move: Protect\n|move|p1a: Incineroar|Flare Blitz|p2b: Corviknight\n|-supereffective|p2b: Corviknight|1\n|-damage|p2b: Corviknight|9/100\n|-damage|p1a: Incineroar|70/100|[from] Recoil\n|\n|-heal|p2b: Corviknight|15/100|[from] item: Leftovers\n|upkeep\n|turn|2\n|inactive|yamede\u86c7\u5982 has 30 seconds left.\n|inactive|yamede\u86c7\u5982 has 20 seconds left.\n|inactive|yamede\u86c7\u5982 has 15 seconds left.\n|\n|t:|1775974782\n|switch|p1b: Sinistcha|Sinistcha, L50|100/100\n|-heal|p1a: Incineroar|95/100|[from] ability: Hospitality|[of] p1b: Sinistcha\n|move|p2a: Sneasler|Protect|p2a: Sneasler\n|-singleturn|p2a: Sneasler|Protect\n|move|p2b: Corviknight|Tailwind|p2b: Corviknight\n|-sidestart|p2: RyushinYuki|move: Tailwind\n|move|p1a: Incineroar|Flare Blitz|p2a: Sneasler\n|-activate|p2a: Sneasler|move: Protect\n|\n|-heal|p2b: Corviknight|20/100|[from] item: Leftovers\n|upkeep\n|turn|3\n|inactive|yamede\u86c7\u5982 has 30 seconds left.\n|inactive|RyushinYuki has 30 seconds left.\n|inactive|RyushinYuki has 20 seconds left.\n|\n|t:|1775974820\n|move|p2a: Sneasler|Dire Claw|p1b: Sinistcha\n|-damage|p1b: Sinistcha|62/100\n|-status|p1b: Sinistcha|par\n|move|p2b: Corviknight|Brave Bird|p1b: Sinistcha\n|-supereffective|p1b: Sinistcha|1\n|-damage|p1b: Sinistcha|0 fnt\n|faint|p1b: Sinistcha\n|-damage|p2b: Corviknight|3/100|[from] Recoil\n|move|p1a: Incineroar|Flare Blitz|p2a: Sneasler\n|-crit|p2a: Sneasler\n|-damage|p2a: Sneasler|0 fnt\n|faint|p2a: Sneasler\n|-damage|p1a: Incineroar|69/100|[from] Recoil\n|\n|-heal|p2b: Corviknight|9/100|[from] item: Leftovers\n|upkeep\n|j| Tian15\n|\n|t:|1775974841\n|switch|p2a: Rotom|Rotom-Wash, L50|100/100\n|switch|p1b: Excadrill|Excadrill, L50, F|100/100\n|turn|4\n|inactive|yamede\u86c7\u5982 has 30 seconds left.\n|inactive|yamede\u86c7\u5982 has 20 seconds left.\n|inactive|yamede\u86c7\u5982 has 15 seconds left.\n|inactive|yamede\u86c7\u5982 has 10 seconds left.\n|inactive|yamede\u86c7\u5982 has 5 seconds left.\n|\n|t:|1775974894\n|move|p2a: Rotom|Hydro Pump|p1a: Incineroar\n|-supereffective|p1a: Incineroar|1\n|-crit|p1a: Incineroar\n|-damage|p1a: Incineroar|0 fnt\n|faint|p1a: Incineroar\n|move|p2b: Corviknight|Body Press|p1b: Excadrill\n|-supereffective|p1b: Excadrill|1\n|-damage|p1b: Excadrill|43/100\n|move|p1b: Excadrill|Iron Head|p2b: Corviknight\n|-resisted|p2b: Corviknight|1\n|-damage|p2b: Corviknight|0 fnt\n|faint|p2b: Corviknight\n|\n|upkeep\n|\n|t:|1775974904\n|switch|p2b: Meganium|Meganium, L50, M|100/100\n|switch|p1a: Gardevoir|Gardevoir, L50, F|100/100\n|-ability|p1a: Gardevoir|Levitate|Trace|[from] ability: Trace|[of] p2a: Rotom\n|turn|5\n|\n|t:|1775974925\n|detailschange|p2b: Meganium|Meganium-Mega, L50, M\n|-mega|p2b: Meganium|Meganium|Meganiumite\n|move|p1b: Excadrill|Protect|p1b: Excadrill\n|-singleturn|p1b: Excadrill|Protect\n|move|p1a: Gardevoir|Protect|p1a: Gardevoir\n|-singleturn|p1a: Gardevoir|Protect\n|move|p2b: Meganium|Solar Beam||[still]\n|-prepare|p2b: Meganium|Solar Beam\n|-activate|p2b: Meganium|ability: Mega Sol\n|-anim|p2b: Meganium|Solar Beam|p1b: Excadrill\n|-activate|p1b: Excadrill|move: Protect\n|move|p2a: Rotom|Thunderbolt|p1a: Gardevoir\n|-activate|p1a: Gardevoir|move: Protect\n|\n|-sideend|p2: RyushinYuki|move: Tailwind\n|upkeep\n|turn|6\n|inactive|yamede\u86c7\u5982 has 30 seconds left.\n|inactive|yamede\u86c7\u5982 has 20 seconds left.\n|inactive|yamede\u86c7\u5982 has 15 seconds left.\n|inactive|yamede\u86c7\u5982 has 10 seconds left.\n|inactive|yamede\u86c7\u5982 has 5 seconds left.\n|\n|t:|1775974977\n|detailschange|p1a: Gardevoir|Gardevoir-Mega, L50, F\n|-mega|p1a: Gardevoir|Gardevoir|Gardevoirite\n|move|p2b: Meganium|Protect|p2b: Meganium\n|-singleturn|p2b: Meganium|Protect\n|move|p1a: Gardevoir|Hyper Voice|p2b: Meganium|[spread] p2a\n|-activate|p2b: Meganium|move: Protect\n|-damage|p2a: Rotom|47/100\n|-enditem|p2a: Rotom|Sitrus Berry|[eat]\n|-heal|p2a: Rotom|72/100|[from] item: Sitrus Berry\n|move|p1b: Excadrill|Iron Head|p2a: Rotom\n|-resisted|p2a: Rotom|2\n|-damage|p2a: Rotom|62/100\n|move|p2a: Rotom|Hydro Pump|p1b: Excadrill\n|-supereffective|p1b: Excadrill|1\n|-damage|p1b: Excadrill|0 fnt\n|faint|p1b: Excadrill\n|\n|upkeep\n|turn|7\n|\n|t:|1775975002\n|move|p1a: Gardevoir|Encore|p2b: Meganium\n|-start|p2b: Meganium|Encore\n|move|p2b: Meganium|Protect||[still]\n|-fail|p2b: Meganium\n|move|p2a: Rotom|Thunderbolt|p1a: Gardevoir\n|-damage|p1a: Gardevoir|58/100\n|\n|upkeep\n|turn|8\n|inactive|RyushinYuki has 30 seconds left.\n|\n|t:|1775975031\n|move|p2b: Meganium|Protect|p2b: Meganium\n|-singleturn|p2b: Meganium|Protect\n|move|p1a: Gardevoir|Psychic|p2a: Rotom\n|-damage|p2a: Rotom|0 fnt\n|faint|p2a: Rotom\n|\n|upkeep\n|turn|9\n|\n|t:|1775975038\n|move|p2b: Meganium|Protect||[still]\n|-fail|p2b: Meganium\n|move|p1a: Gardevoir|Hyper Voice|p2b: Meganium\n|-damage|p2b: Meganium|30/100\n|\n|-end|p2b: Meganium|Encore\n|upkeep\n|turn|10\n|\n|t:|1775975045\n|move|p1a: Gardevoir|Hyper Voice|p2b: Meganium\n|-damage|p2b: Meganium|0 fnt\n|faint|p2b: Meganium\n|\n|win|yamede\u86c7\u5982\n|raw|yamede\u86c7\u5982's rating: 1364 &rarr; <strong>1389</strong><br />(+25 for winning)\n|raw|RyushinYuki's rating: 1459 &rarr; <strong>1434</strong><br />(-25 for losing)\n|l|\u2606yamede\u86c7\u5982\n|player|p1|\n|l|\u2606RyushinYuki\n|player|p2|\n|l| Namcan\n",
  "uploadtime": 1775975312,
  "views": 109,
  "formatid": "gen9championsvgc2026regma",
  "rating": 1389,
  "private": 0,
  "password": null
}