{
  "id": "gen9championsvgc2026regma-2588096831",
  "format": "[Gen 9 Champions] VGC 2026 Reg M-A",
  "players": [
    "bigpedro",
    "Xedivad"
  ],
  "log": "|j|\u2606bigpedro\n|j|\u2606Xedivad\n|t:|1776603887\n|gametype|doubles\n|player|p1|bigpedro|wallace|1200\n|player|p2|Xedivad|morty|1140\n|gen|9\n|tier|[Gen 9 Champions] VGC 2026 Reg M-A\n|rated|\n|rule|Species Clause: Limit one of each Pok\u00e9mon\n|rule|Item Clause: Limit 1 of each item\n|clearpoke\n|poke|p1|Floette-Eternal, L50, F|\n|poke|p1|Delphox, L50, M|\n|poke|p1|Aerodactyl, L50, M|\n|poke|p1|Garchomp, L50, F|\n|poke|p1|Basculegion, L50, M|\n|poke|p1|Aegislash, L50, F|\n|poke|p2|Floette-Eternal, L50, F|\n|poke|p2|Sinistcha, L50|\n|poke|p2|Incineroar, L50, F|\n|poke|p2|Aerodactyl, L50, M|\n|poke|p2|Garchomp, L50, F|\n|poke|p2|Ninetales-Alola, L50, M|\n|teampreview|4\n|inactive|Battle timer is ON: inactive players will automatically lose when time's up. (requested by bigpedro)\n|\n|t:|1776603917\n|teamsize|p1|4\n|teamsize|p2|4\n|start\n|switch|p1a: Aerodactyl|Aerodactyl, L50, M|100/100\n|switch|p1b: Basculegion|Basculegion, L50, M|100/100\n|switch|p2a: Floette|Floette-Eternal, L50, F|100/100\n|switch|p2b: Incineroar|Incineroar, L50, F|100/100\n|-ability|p1a: Aerodactyl|Unnerve\n|-ability|p2b: Incineroar|Intimidate|boost\n|-unboost|p1a: Aerodactyl|atk|1\n|-unboost|p1b: Basculegion|atk|1\n|turn|1\n|\n|t:|1776603940\n|detailschange|p2a: Floette|Floette-Mega, L50, F\n|-mega|p2a: Floette|Floette|Floettite\n|-ability|p2a: Floette|Fairy Aura\n|move|p2b: Incineroar|Fake Out|p1a: Aerodactyl\n|-resisted|p1a: Aerodactyl|1\n|-damage|p1a: Aerodactyl|92/100\n|move|p1b: Basculegion|Flip Turn|p2a: Floette\n|-damage|p2a: Floette|77/100\n|\n|t:|1776603949\n|switch|p1b: Aegislash|Aegislash, L50, F|100/100|[from] Flip Turn\n|cant|p1a: Aerodactyl|flinch\n|move|p2a: Floette|Moonblast|p1b: Aegislash\n|-resisted|p1b: Aegislash|1\n|-damage|p1b: Aegislash|72/100\n|\n|-heal|p1b: Aegislash|78/100|[from] item: Leftovers\n|upkeep\n|turn|2\n|\n|t:|1776603965\n|move|p2a: Floette|Protect|p2a: Floette\n|-singleturn|p2a: Floette|Protect\n|move|p1a: Aerodactyl|Tailwind|p1a: Aerodactyl\n|-sidestart|p1: bigpedro|move: Tailwind\n|-formechange|p1b: Aegislash|Aegislash-Blade|\n|move|p1b: Aegislash|Flash Cannon|p2a: Floette\n|-activate|p2a: Floette|move: Protect\n|move|p2b: Incineroar|Flare Blitz|p1b: Aegislash\n|-supereffective|p1b: Aegislash|1\n|-damage|p1b: Aegislash|0 fnt\n|faint|p1b: Aegislash\n|-damage|p2b: Incineroar|75/100|[from] Recoil\n|\n|upkeep\n|\n|t:|1776603973\n|switch|p1b: Delphox|Delphox, L50, M|100/100\n|turn|3\n|\n|t:|1776603989\n|detailschange|p1b: Delphox|Delphox-Mega, L50, M\n|-mega|p1b: Delphox|Delphox|Delphoxite\n|move|p1b: Delphox|Encore|p2a: Floette\n|-start|p2a: Floette|Encore\n|move|p2a: Floette|Protect||[still]\n|-fail|p2a: Floette\n|move|p1a: Aerodactyl|Rock Slide|p2b: Incineroar|[spread] p2a,p2b\n|-supereffective|p2b: Incineroar|1\n|-damage|p2a: Floette|62/100\n|-damage|p2b: Incineroar|44/100\n|move|p2b: Incineroar|Parting Shot|p1a: Aerodactyl\n|-unboost|p1a: Aerodactyl|atk|1\n|-unboost|p1a: Aerodactyl|spa|1\n|\n|t:|1776604001\n|switch|p2b: Sinistcha|Sinistcha, L50|100/100|[from] Parting Shot\n|-heal|p2a: Floette|86/100|[from] ability: Hospitality|[of] p2b: Sinistcha\n|\n|upkeep\n|turn|4\n|\n|t:|1776604009\n|switch|p1a: Basculegion|Basculegion, L50, M|100/100\n|switch|p2a: Ninetales|Ninetales-Alola, L50, M|100/100\n|-weather|Snowscape|[from] ability: Snow Warning|[of] p2a: Ninetales\n|switch|p2b: Incineroar|Incineroar, L50, F|44/100\n|-ability|p2b: Incineroar|Intimidate|boost\n|-unboost|p1a: Basculegion|atk|1\n|-unboost|p1b: Delphox|atk|1\n|move|p1b: Delphox|Heat Wave|p2b: Incineroar|[spread] p2a,p2b\n|-supereffective|p2a: Ninetales|1\n|-resisted|p2b: Incineroar|1\n|-damage|p2a: Ninetales|17/100\n|-damage|p2b: Incineroar|21/100\n|\n|-weather|Snowscape|[upkeep]\n|upkeep\n|turn|5\n|\n|t:|1776604032\n|move|p1b: Delphox|Protect|p1b: Delphox\n|-singleturn|p1b: Delphox|Protect\n|move|p2b: Incineroar|Fake Out|p1b: Delphox\n|-activate|p1b: Delphox|move: Protect\n|move|p1a: Basculegion|Flip Turn|p2b: Incineroar\n|-supereffective|p2b: Incineroar|1\n|-damage|p2b: Incineroar|0 fnt\n|faint|p2b: Incineroar\n|\n|t:|1776604041\n|switch|p1a: Aerodactyl|Aerodactyl, L50, M|92/100|[from] Flip Turn\n|-ability|p1a: Aerodactyl|Unnerve\n|move|p2a: Ninetales|Aurora Veil|p2a: Ninetales\n|-sidestart|p2: Xedivad|move: Aurora Veil\n|\n|-weather|Snowscape|[upkeep]\n|-sideend|p1: bigpedro|move: Tailwind\n|upkeep\n|\n|t:|1776604048\n|switch|p2b: Floette|Floette-Mega, L50, F|86/100\n|-ability|p2b: Floette|Fairy Aura\n|turn|6\n|\n|t:|1776604058\n|move|p1b: Delphox|Heat Wave|p2a: Ninetales|[spread] p2b\n|-miss|p1b: Delphox|p2a: Ninetales\n|-damage|p2b: Floette|63/100\n|move|p1a: Aerodactyl|Rock Slide|p2a: Ninetales|[spread] p2a,p2b\n|-supereffective|p2a: Ninetales|1\n|-damage|p2a: Ninetales|0 fnt\n|-damage|p2b: Floette|48/100\n|faint|p2a: Ninetales\n|cant|p2b: Floette|flinch\n|\n|-weather|Snowscape|[upkeep]\n|upkeep\n|\n|t:|1776604068\n|switch|p2a: Sinistcha|Sinistcha, L50|100/100\n|-heal|p2b: Floette|72/100|[from] ability: Hospitality|[of] p2a: Sinistcha\n|turn|7\n|\n|t:|1776604075\n|move|p2b: Floette|Protect|p2b: Floette\n|-singleturn|p2b: Floette|Protect\n|move|p1b: Delphox|Heat Wave|p2a: Sinistcha|[spread] p2a\n|-activate|p2b: Floette|move: Protect\n|-supereffective|p2a: Sinistcha|1\n|-damage|p2a: Sinistcha|42/100\n|move|p1a: Aerodactyl|Dual Wingbeat|p2a: Sinistcha\n|-supereffective|p2a: Sinistcha|1\n|-damage|p2a: Sinistcha|22/100\n|-supereffective|p2a: Sinistcha|1\n|-damage|p2a: Sinistcha|4/100\n|-hitcount|p2a: Sinistcha|2\n|move|p2a: Sinistcha|Trick Room|p2a: Sinistcha\n|-fieldstart|move: Trick Room|[of] p2a: Sinistcha\n|\n|-weather|Snowscape|[upkeep]\n|upkeep\n|turn|8\n|\n|t:|1776604097\n|move|p1a: Aerodactyl|Protect|p1a: Aerodactyl\n|-singleturn|p1a: Aerodactyl|Protect\n|move|p1b: Delphox|Protect|p1b: Delphox\n|-singleturn|p1b: Delphox|Protect\n|move|p2a: Sinistcha|Strength Sap|p1a: Aerodactyl\n|-activate|p1a: Aerodactyl|move: Protect\n|move|p2b: Floette|Moonblast|p1b: Delphox\n|-activate|p1b: Delphox|move: Protect\n|\n|-weather|none\n|upkeep\n|turn|9\n|inactive|bigpedro has 30 seconds left.\n|\n|t:|1776604126\n|move|p2a: Sinistcha|Strength Sap|p1a: Aerodactyl\n|-unboost|p1a: Aerodactyl|atk|1\n|-heal|p2a: Sinistcha|92/100\n|move|p2b: Floette|Moonblast|p1b: Delphox\n|-resisted|p1b: Delphox|1\n|-damage|p1b: Delphox|67/100\n|move|p1a: Aerodactyl|Dual Wingbeat|p2a: Sinistcha\n|-supereffective|p2a: Sinistcha|1\n|-damage|p2a: Sinistcha|79/100\n|-supereffective|p2a: Sinistcha|1\n|-damage|p2a: Sinistcha|65/100\n|-hitcount|p2a: Sinistcha|2\n|move|p1b: Delphox|Heat Wave|p2b: Floette|[spread] p2a,p2b\n|-supereffective|p2a: Sinistcha|1\n|-damage|p2a: Sinistcha|11/100\n|-damage|p2b: Floette|49/100\n|\n|-sideend|p2: Xedivad|move: Aurora Veil\n|upkeep\n|turn|10\n|\n|t:|1776604150\n|move|p2a: Sinistcha|Strength Sap|p1a: Aerodactyl\n|-unboost|p1a: Aerodactyl|atk|1\n|-heal|p2a: Sinistcha|70/100\n|move|p2b: Floette|Calm Mind|p2b: Floette\n|-boost|p2b: Floette|spa|1\n|-boost|p2b: Floette|spd|1\n|move|p1a: Aerodactyl|Dual Wingbeat|p2a: Sinistcha\n|-supereffective|p2a: Sinistcha|1\n|-damage|p2a: Sinistcha|56/100\n|-supereffective|p2a: Sinistcha|1\n|-crit|p2a: Sinistcha\n|-damage|p2a: Sinistcha|16/100\n|-hitcount|p2a: Sinistcha|2\n|move|p1b: Delphox|Heat Wave|p2b: Floette|[spread] p2a,p2b\n|-supereffective|p2a: Sinistcha|1\n|-damage|p2a: Sinistcha|0 fnt\n|-damage|p2b: Floette|26/100\n|faint|p2a: Sinistcha\n|\n|upkeep\n|turn|11\n|\n|t:|1776604171\n|move|p1a: Aerodactyl|Protect|p1a: Aerodactyl\n|-singleturn|p1a: Aerodactyl|Protect\n|move|p1b: Delphox|Protect|p1b: Delphox\n|-singleturn|p1b: Delphox|Protect\n|move|p2b: Floette|Calm Mind|p2b: Floette\n|-boost|p2b: Floette|spa|1\n|-boost|p2b: Floette|spd|1\n|\n|-fieldend|move: Trick Room\n|upkeep\n|turn|12\n|\n|t:|1776604184\n|switch|p1a: Basculegion|Basculegion, L50, M|100/100\n|move|p1b: Delphox|Encore|p2b: Floette\n|-start|p2b: Floette|Encore\n|move|p2b: Floette|Calm Mind|p2b: Floette\n|-boost|p2b: Floette|spa|1\n|-boost|p2b: Floette|spd|1\n|\n|upkeep\n|turn|13\n|-message|Xedivad forfeited.\n|\n|win|bigpedro\n|raw|bigpedro's rating: 1200 &rarr; <strong>1221</strong><br />(+21 for winning)\n|raw|Xedivad's rating: 1140 &rarr; <strong>1119</strong><br />(-21 for losing)\n|l|\u2606Xedivad\n|player|p2|\n",
  "uploadtime": 1776604197,
  "views": 7,
  "formatid": "gen9championsvgc2026regma",
  "rating": 1119,
  "private": 0,
  "password": null
}