{
  "id": "gen9championsvgc2026regma-2584198032",
  "format": "[Gen 9 Champions] VGC 2026 Reg M-A",
  "players": [
    "randomn1ck",
    "Felctar"
  ],
  "log": "|j|\u2606randomn1ck\n|j|\u2606Felctar\n|t:|1776237149\n|gametype|doubles\n|player|p1|randomn1ck|102|1217\n|player|p2|Felctar|170|1129\n|gen|9\n|tier|[Gen 9 Champions] VGC 2026 Reg M-A\n|rated|\n|rule|Species Clause: Limit one of each Pok\u00e9mon\n|rule|Item Clause: Limit 1 of each item\n|clearpoke\n|poke|p1|Froslass, L50, F|\n|poke|p1|Aerodactyl, L50, M|\n|poke|p1|Incineroar, L50, M|\n|poke|p1|Sinistcha-Masterpiece, L50|\n|poke|p1|Milotic, L50, F|\n|poke|p1|Kingambit, L50, M|\n|poke|p2|Archaludon, L50, M|\n|poke|p2|Sinistcha, L50|\n|poke|p2|Pelipper, L50, F|\n|poke|p2|Basculegion, L50, M|\n|poke|p2|Dragonite, L50, M|\n|poke|p2|Incineroar, L50, F|\n|teampreview|4\n|inactive|Battle timer is ON: inactive players will automatically lose when time's up. (requested by randomn1ck)\n|inactive|randomn1ck has 60 seconds left.\n|\n|t:|1776237186\n|teamsize|p1|4\n|teamsize|p2|4\n|start\n|switch|p1a: Froslass|Froslass, L50, F, shiny|100/100\n|switch|p1b: Incineroar|Incineroar, L50, M, shiny|100/100\n|switch|p2a: Archaludon|Archaludon, L50, M|100/100\n|switch|p2b: Basculegion|Basculegion, L50, M|100/100\n|-ability|p1b: Incineroar|Intimidate|boost\n|-unboost|p2a: Archaludon|atk|1\n|-unboost|p2b: Basculegion|atk|1\n|turn|1\n|\n|t:|1776237201\n|move|p1a: Froslass|Protect|p1a: Froslass\n|-singleturn|p1a: Froslass|Protect\n|move|p2a: Archaludon|Protect|p2a: Archaludon\n|-singleturn|p2a: Archaludon|Protect\n|move|p2b: Basculegion|Flip Turn|p1b: Incineroar\n|-supereffective|p1b: Incineroar|1\n|-damage|p1b: Incineroar|53/100\n|\n|t:|1776237208\n|switch|p2b: Pelipper|Pelipper, L50, F|100/100|[from] Flip Turn\n|-weather|RainDance|[from] ability: Drizzle|[of] p2b: Pelipper\n|move|p1b: Incineroar|Parting Shot|p2a: Archaludon\n|-activate|p2a: Archaludon|move: Protect\n|\n|-weather|RainDance|[upkeep]\n|upkeep\n|turn|2\n|\n|t:|1776237221\n|switch|p1b: Milotic|Milotic, L50, F, shiny|100/100\n|detailschange|p1a: Froslass|Froslass-Mega, L50, F, shiny\n|-mega|p1a: Froslass|Froslass|Froslassite\n|-weather|Snowscape|[from] ability: Snow Warning|[of] p1a: Froslass\n|move|p1a: Froslass|Aurora Veil|p1a: Froslass\n|-sidestart|p1: randomn1ck|move: Aurora Veil\n|move|p2a: Archaludon|Electro Shot||[still]\n|-prepare|p2a: Archaludon|Electro Shot\n|-boost|p2a: Archaludon|spa|1\n|move|p2b: Pelipper|Hurricane|p1b: Milotic|[miss]\n|-miss|p2b: Pelipper|p1b: Milotic\n|\n|-weather|Snowscape|[upkeep]\n|upkeep\n|turn|3\n|\n|t:|1776237241\n|move|p2b: Pelipper|Protect|p2b: Pelipper\n|-singleturn|p2b: Pelipper|Protect\n|move|p1a: Froslass|Blizzard|p2b: Pelipper|[spread] p2a\n|-activate|p2b: Pelipper|move: Protect\n|-damage|p2a: Archaludon|31/100\n|-ability|p2a: Archaludon|Stamina|boost\n|-boost|p2a: Archaludon|def|1\n|move|p2a: Archaludon|Electro Shot|p1a: Froslass|[from] lockedmove\n|-damage|p1a: Froslass|43/100\n|move|p1b: Milotic|Coil|p1b: Milotic\n|-boost|p1b: Milotic|atk|1\n|-boost|p1b: Milotic|def|1\n|-boost|p1b: Milotic|accuracy|1\n|\n|-weather|Snowscape|[upkeep]\n|-heal|p2a: Archaludon|37/100|[from] item: Leftovers\n|upkeep\n|turn|4\n|\n|t:|1776237265\n|switch|p2a: Basculegion|Basculegion, L50, M|100/100\n|move|p1a: Froslass|Protect|p1a: Froslass\n|-singleturn|p1a: Froslass|Protect\n|move|p1b: Milotic|Hypnosis|p2a: Basculegion|[miss]\n|-miss|p1b: Milotic|p2a: Basculegion\n|move|p2b: Pelipper|Hurricane|p1a: Froslass\n|-activate|p1a: Froslass|move: Protect\n|\n|-weather|Snowscape|[upkeep]\n|upkeep\n|turn|5\n|\n|t:|1776237288\n|switch|p1a: Sinistcha|Sinistcha-Masterpiece, L50, shiny|100/100\n|move|p2a: Basculegion|Flip Turn|p1b: Milotic\n|-resisted|p1b: Milotic|1\n|-damage|p1b: Milotic|94/100\n|inactive|Felctar has 30 seconds left.\n|inactive|Felctar has 20 seconds left.\n|inactive|Felctar has 15 seconds left.\n|inactive|Felctar has 10 seconds left.\n|inactive|Felctar has 5 seconds left.\n|\n|t:|1776237343\n|switch|p2a: Archaludon|Archaludon, L50, M|37/100|[from] Flip Turn\n|move|p1b: Milotic|Coil|p1b: Milotic\n|-boost|p1b: Milotic|atk|1\n|-boost|p1b: Milotic|def|1\n|-boost|p1b: Milotic|accuracy|1\n|move|p2b: Pelipper|Hurricane|p1a: Sinistcha\n|-supereffective|p1a: Sinistcha|1\n|-damage|p1a: Sinistcha|60/100\n|\n|-weather|Snowscape|[upkeep]\n|-heal|p2a: Archaludon|43/100|[from] item: Leftovers\n|-heal|p1b: Milotic|99/100|[from] item: Leftovers\n|upkeep\n|turn|6\n|inactive|randomn1ck has 30 seconds left.\n|inactive|Felctar has 30 seconds left.\n|inactive|Felctar has 20 seconds left.\n|inactive|Felctar has 15 seconds left.\n|inactive|Felctar has 10 seconds left.\n|inactive|Felctar has 5 seconds left.\n|\n|t:|1776237398\n|move|p2a: Archaludon|Electro Shot||[still]\n|-prepare|p2a: Archaludon|Electro Shot\n|-boost|p2a: Archaludon|spa|1\n|move|p1b: Milotic|Hypnosis|p2a: Archaludon\n|-status|p2a: Archaludon|slp|[from] move: Hypnosis\n|move|p1a: Sinistcha|Life Dew|p1a: Sinistcha|[spread] p1a,p1b\n|-heal|p1a: Sinistcha|85/100\n|-heal|p1b: Milotic|100/100\n|move|p2b: Pelipper|Hurricane|p1a: Sinistcha|[miss]\n|-miss|p2b: Pelipper|p1a: Sinistcha\n|\n|-weather|none\n|-heal|p2a: Archaludon|49/100 slp|[from] item: Leftovers\n|-sideend|p1: randomn1ck|move: Aurora Veil\n|upkeep\n|turn|7\n|inactive|Felctar has 30 seconds left.\n|inactive|Felctar has 20 seconds left.\n|inactive|Felctar has 15 seconds left.\n|inactive|Felctar has 10 seconds left.\n|inactive|Felctar has 5 seconds left.\n|\n|t:|1776237453\n|switch|p1a: Froslass|Froslass-Mega, L50, F, shiny|43/100\n|-weather|Snowscape|[from] ability: Snow Warning|[of] p1a: Froslass\n|cant|p2a: Archaludon|slp\n|move|p1b: Milotic|Hypnosis|p2b: Pelipper\n|-status|p2b: Pelipper|slp|[from] move: Hypnosis\n|cant|p2b: Pelipper|slp\n|\n|-weather|Snowscape|[upkeep]\n|-heal|p2a: Archaludon|55/100 slp|[from] item: Leftovers\n|upkeep\n|turn|8\n|inactive|Felctar has 30 seconds left.\n|inactive|Felctar has 20 seconds left.\n|inactive|Felctar has 15 seconds left.\n|inactive|Felctar has 10 seconds left.\n|inactive|Felctar has 5 seconds left.\n|\n|t:|1776237508\n|move|p1a: Froslass|Aurora Veil|p1a: Froslass\n|-sidestart|p1: randomn1ck|move: Aurora Veil\n|cant|p2a: Archaludon|slp\n|move|p1b: Milotic|Muddy Water|p2b: Pelipper|[spread] p2a,p2b\n|-resisted|p2a: Archaludon|1\n|-resisted|p2b: Pelipper|1\n|-damage|p2a: Archaludon|35/100 slp\n|-damage|p2b: Pelipper|82/100 slp\n|-unboost|p2a: Archaludon|accuracy|1\n|-ability|p2a: Archaludon|Stamina|boost\n|-boost|p2a: Archaludon|def|1\n|cant|p2b: Pelipper|slp\n|\n|-weather|Snowscape|[upkeep]\n|-heal|p2a: Archaludon|41/100 slp|[from] item: Leftovers\n|upkeep\n|turn|9\n|inactive|Felctar has 30 seconds left.\n|inactive|Felctar has 20 seconds left.\n|inactive|Felctar has 15 seconds left.\n|inactive|Felctar has 10 seconds left.\n|inactive|Felctar has 5 seconds left.\n|\n|t:|1776237564\n|switch|p1b: Sinistcha|Sinistcha-Masterpiece, L50, shiny|85/100\n|-heal|p1a: Froslass|67/100|[from] ability: Hospitality|[of] p1b: Sinistcha\n|move|p1a: Froslass|Blizzard|p2b: Pelipper|[spread] p2a,p2b\n|-damage|p2a: Archaludon|0 fnt\n|-damage|p2b: Pelipper|18/100 slp\n|faint|p2a: Archaludon\n|-curestatus|p2b: Pelipper|slp|[msg]\n|move|p2b: Pelipper|Hurricane|p1b: Sinistcha|[miss]\n|-miss|p2b: Pelipper|p1b: Sinistcha\n|\n|-weather|Snowscape|[upkeep]\n|upkeep\n|inactive|Felctar has 30 seconds left.\n|inactive|Felctar has 20 seconds left.\n|inactive|Felctar has 15 seconds left.\n|inactive|Felctar has 10 seconds left.\n|inactive|Felctar has 5 seconds left.\n|\n|t:|1776237619\n|switch|p2a: Basculegion|Basculegion, L50, M|100/100\n|turn|10\n|inactive|Felctar has 15 seconds left this turn.\n|inactive|Felctar has 10 seconds left.\n|inactive|Felctar has 5 seconds left.\n|-message|Felctar lost due to inactivity.\n|\n|win|randomn1ck\n|raw|randomn1ck's rating: 1217 &rarr; <strong>1236</strong><br />(+19 for winning)\n|raw|Felctar's rating: 1129 &rarr; <strong>1110</strong><br />(-19 for losing)\n",
  "uploadtime": 1776237636,
  "views": 26,
  "formatid": "gen9championsvgc2026regma",
  "rating": 1110,
  "private": 0,
  "password": null
}