{
  "id": "gen9championsvgc2026regma-2581452117",
  "format": "[Gen 9 Champions] VGC 2026 Reg M-A",
  "players": [
    "runswithsloths",
    "Treeckoguy1"
  ],
  "log": "|j|\u2606runswithsloths\n|j|\u2606Treeckoguy1\n|t:|1776001795\n|gametype|doubles\n|player|p1|runswithsloths|2|1068\n|player|p2|Treeckoguy1|101|1125\n|gen|9\n|tier|[Gen 9 Champions] VGC 2026 Reg M-A\n|rated|\n|rule|Species Clause: Limit one of each Pok\u00e9mon\n|rule|Item Clause: Limit 1 of each item\n|clearpoke\n|poke|p1|Aerodactyl, L50, F|\n|poke|p1|Floette-Eternal, L50, F|\n|poke|p1|Sneasler, L50, F|\n|poke|p1|Incineroar, L50, M|\n|poke|p1|Garchomp, L50, F|\n|poke|p1|Basculegion, L50, M|\n|poke|p2|Politoed, L50, M|\n|poke|p2|Basculegion, L50, M|\n|poke|p2|Mimikyu, L50, M|\n|poke|p2|Avalugg-Hisui, L50, F|\n|poke|p2|Chesnaught, L50, F|\n|poke|p2|Dragonite, L50, M|\n|teampreview|4\nrunswithsloths rejected open team sheets.\n|\n|t:|1776001826\n|teamsize|p1|4\n|teamsize|p2|4\n|start\n|switch|p1a: Aerodactyl|Aerodactyl, L50, F|100/100\n|switch|p1b: Basculegion|Basculegion, L50, M|100/100\n|switch|p2a: Politoed|Politoed, L50, M|100/100\n|switch|p2b: Basculegion|Basculegion, L50, M|100/100\n|-ability|p1a: Aerodactyl|Unnerve\n|-weather|RainDance|[from] ability: Drizzle|[of] p2a: Politoed\n|turn|1\n|\n|t:|1776001861\n|move|p1b: Basculegion|Last Respects|p2b: Basculegion\n|-supereffective|p2b: Basculegion|1\n|-damage|p2b: Basculegion|13/100\n|move|p1a: Aerodactyl|Tailwind|p1a: Aerodactyl\n|-sidestart|p1: runswithsloths|move: Tailwind\n|move|p2b: Basculegion|Flip Turn|p1a: Aerodactyl\n|-supereffective|p1a: Aerodactyl|1\n|-enditem|p1a: Aerodactyl|Focus Sash\n|-damage|p1a: Aerodactyl|1/100\n|\n|t:|1776001871\n|switch|p2b: Mimikyu|Mimikyu, L50, M|100/100|[from] Flip Turn\n|move|p2a: Politoed|Muddy Water|p1b: Basculegion|[spread] \n|-miss|p2a: Politoed|p1a: Aerodactyl\n|-miss|p2a: Politoed|p1b: Basculegion\n|\n|-weather|RainDance|[upkeep]\n|upkeep\n|turn|2\n|\n|t:|1776001884\n|move|p2a: Politoed|Protect|p2a: Politoed\n|-singleturn|p2a: Politoed|Protect\n|move|p1b: Basculegion|Last Respects|p2b: Mimikyu\n|-activate|p2b: Mimikyu|ability: Disguise\n|-damage|p2b: Mimikyu|100/100\n|detailschange|p2b: Mimikyu|Mimikyu-Busted, L50, M\n|-damage|p2b: Mimikyu|88/100|[from] pokemon: Mimikyu-Busted\n|move|p1a: Aerodactyl|Dual Wingbeat|p2b: Mimikyu\n|-damage|p2b: Mimikyu|58/100\n|-damage|p2b: Mimikyu|29/100\n|-hitcount|p2b: Mimikyu|2\n|move|p2b: Mimikyu|Trick Room|p2b: Mimikyu\n|-fieldstart|move: Trick Room|[of] p2b: Mimikyu\n|\n|-weather|RainDance|[upkeep]\n|upkeep\n|turn|3\n|\n|t:|1776001935\n|move|p1a: Aerodactyl|Protect|p1a: Aerodactyl\n|-singleturn|p1a: Aerodactyl|Protect\n|move|p2a: Politoed|Muddy Water|p1b: Basculegion|[spread] p1b\n|-activate|p1a: Aerodactyl|move: Protect\n|-resisted|p1b: Basculegion|1\n|-damage|p1b: Basculegion|81/100\n|move|p2b: Mimikyu|Play Rough|p1b: Basculegion\n|-crit|p1b: Basculegion\n|-damage|p1b: Basculegion|8/100\n|-unboost|p1b: Basculegion|atk|1\n|move|p1b: Basculegion|Last Respects|p2b: Mimikyu\n|-supereffective|p2b: Mimikyu|1\n|-crit|p2b: Mimikyu\n|-damage|p2b: Mimikyu|0 fnt\n|faint|p2b: Mimikyu\n|\n|-weather|RainDance|[upkeep]\n|upkeep\n|\n|t:|1776001943\n|switch|p2b: Avalugg|Avalugg-Hisui, L50, F|100/100\n|turn|4\n|\n|t:|1776001965\n|move|p2b: Avalugg|Rock Slide|p1a: Aerodactyl|[spread] p1a,p1b\n|-supereffective|p1a: Aerodactyl|1\n|-damage|p1a: Aerodactyl|0 fnt\n|-damage|p1b: Basculegion|0 fnt\n|faint|p1a: Aerodactyl\n|faint|p1b: Basculegion\n|move|p2a: Politoed|Muddy Water|p1: Aerodactyl|[notarget]\n|-fail|p2a: Politoed\n|\n|-weather|RainDance|[upkeep]\n|-sideend|p1: runswithsloths|move: Tailwind\n|upkeep\n|\n|t:|1776001975\n|switch|p1b: Incineroar|Incineroar, L50, M|100/100\n|switch|p1a: Floette|Floette-Eternal, L50, F|100/100\n|-ability|p1b: Incineroar|Intimidate|boost\n|-unboost|p2a: Politoed|atk|1\n|-unboost|p2b: Avalugg|atk|1\n|turn|5\n|\n|t:|1776001994\n|detailschange|p1a: Floette|Floette-Mega, L50, F\n|-mega|p1a: Floette|Floette|Floettite\n|-ability|p1a: Floette|Fairy Aura\n|move|p2b: Avalugg|Protect|p2b: Avalugg\n|-singleturn|p2b: Avalugg|Protect\n|move|p1b: Incineroar|Fake Out|p2b: Avalugg\n|-activate|p2b: Avalugg|move: Protect\n|move|p2a: Politoed|Muddy Water|p1a: Floette|[spread] p1a,p1b\n|-supereffective|p1b: Incineroar|1\n|-damage|p1a: Floette|72/100\n|-damage|p1b: Incineroar|44/100\n|-unboost|p1a: Floette|accuracy|1\n|-enditem|p1b: Incineroar|Sitrus Berry|[eat]\n|-heal|p1b: Incineroar|69/100|[from] item: Sitrus Berry\n|move|p1a: Floette|Moonblast|p2b: Avalugg\n|-activate|p2b: Avalugg|move: Protect\n|\n|-weather|none\n|upkeep\n|turn|6\n|\n|t:|1776002016\n|move|p1a: Floette|Protect|p1a: Floette\n|-singleturn|p1a: Floette|Protect\n|move|p1b: Incineroar|Flare Blitz|p2b: Avalugg\n|-damage|p2b: Avalugg|69/100\n|-damage|p1b: Incineroar|60/100|[from] Recoil\n|move|p2a: Politoed|Muddy Water|p1b: Incineroar|[spread] p1b\n|-activate|p1a: Floette|move: Protect\n|-supereffective|p1b: Incineroar|1\n|-damage|p1b: Incineroar|26/100\n|-unboost|p1b: Incineroar|accuracy|1\n|move|p2b: Avalugg|Rock Slide|p1b: Incineroar|[spread] p1b\n|-activate|p1a: Floette|move: Protect\n|-supereffective|p1b: Incineroar|1\n|-damage|p1b: Incineroar|0 fnt\n|faint|p1b: Incineroar\n|\n|-fieldend|move: Trick Room\n|upkeep\n|turn|7\n|\n|t:|1776002037\n|move|p1a: Floette|Moonblast|p2b: Avalugg|[miss]\n|-miss|p1a: Floette|p2b: Avalugg\n|move|p2a: Politoed|Muddy Water|p1a: Floette\n|-damage|p1a: Floette|45/100\n|move|p2b: Avalugg|Mountain Gale|p1a: Floette\n|-damage|p1a: Floette|0 fnt\n|faint|p1a: Floette\n|\n|win|Treeckoguy1\n|raw|runswithsloths's rating: 1068 &rarr; <strong>1051</strong><br />(-17 for losing)\n|raw|Treeckoguy1's rating: 1125 &rarr; <strong>1146</strong><br />(+21 for winning)\n|l|\u2606runswithsloths\n|player|p1|\n",
  "uploadtime": 1776002041,
  "views": 27,
  "formatid": "gen9championsvgc2026regma",
  "rating": 1051,
  "private": 0,
  "password": null
}