{
  "id": "gen9championsvgc2026regma-2584729694",
  "format": "[Gen 9 Champions] VGC 2026 Reg M-A",
  "players": [
    "coconut1234",
    "javivaarela"
  ],
  "log": "|j|\u2606coconut1234\n|j|\u2606javivaarela\n|t:|1776279574\n|gametype|doubles\n|player|p1|coconut1234|101|\n|player|p2|javivaarela|ingo|\n|gen|9\n|tier|[Gen 9 Champions] VGC 2026 Reg M-A\n|rated|Tournament battle\n|rule|Species Clause: Limit one of each Pok\u00e9mon\n|rule|Item Clause: Limit 1 of each item\n|raw|<div class=\"infobox\"><details class=\"readmore\" open><summary><strong>1 custom rule:</strong></summary> Force Open Team Sheets</details></div>\n|clearpoke\n|poke|p1|Glimmora, L50, F|\n|poke|p1|Sinistcha, L50|\n|poke|p1|Ninetales-Alola, L50, F|\n|poke|p1|Rotom-Wash, L50|\n|poke|p1|Kingambit, L50, F|\n|poke|p1|Gallade, L50, M|\n|poke|p2|Gengar, L50, M|\n|poke|p2|Incineroar, L50, M|\n|poke|p2|Basculegion, L50, M|\n|poke|p2|Politoed, L50, M|\n|poke|p2|Sinistcha-Masterpiece, L50|\n|poke|p2|Archaludon, L50, M|\n|teampreview|4\n|showteam|p1|Glimmora||Glimmoranite|ToxicDebris|SpikyShield,EarthPower,SludgeBomb,PowerGem|||F|||50|]Sinistcha||Leftovers|Hospitality|CalmMind,MatchaGotcha,RagePowder,TrickRoom||||||50|]Ninetales-Alola||NeverMeltIce|SnowWarning|AuroraVeil,Encore,Blizzard,Protect|||F|||50|]Rotom-Wash||SitrusBerry|Levitate|WillOWisp,Thunderbolt,HydroPump,Protect||||||50|]Kingambit||BlackGlasses|Defiant|IronHead,KowtowCleave,SuckerPunch,Protect|||F|||50|]Gallade||ChoiceScarf|Sharpness|PsychoCut,SacredSword,ShadowClaw,LeafBlade|||M|||50|\n|showteam|p2|Gengar||Gengarite|CursedBody|ShadowBall,PerishSong,Substitute,Protect|||M|||50|]Incineroar||ShucaBerry|Intimidate|FakeOut,ThroatChop,PartingShot,Protect|||M|||50|]Basculegion||MysticWater|SwiftSwim|WaveCrash,LastRespects,FlipTurn,Protect|||M|||50|]Politoed||Leftovers|Drizzle|Protect,WeatherBall,PerishSong,Encore|||M|||50|]Sinistcha-Masterpiece||SitrusBerry|Hospitality|MatchaGotcha,RagePowder,TrickRoom,Protect||||||50|]Archaludon||Magnet|Sturdy|ElectroShot,DragonPulse,FlashCannon,Protect|||M|||50|\n|inactive|Battle timer is ON: inactive players will automatically lose when time's up. (requested by javivaarela)\n|\n|t:|1776279602\n|teamsize|p1|4\n|teamsize|p2|4\n|start\n|switch|p1a: Glimmora|Glimmora, L50, F|100/100\n|switch|p1b: Sinistcha|Sinistcha, L50|100/100\n|switch|p2a: Gengar|Gengar, L50, M, shiny|100/100\n|switch|p2b: Sinistcha|Sinistcha-Masterpiece, L50|100/100\n|turn|1\n|inactive|coconut1234 has 30 seconds left.\n|\n|t:|1776279630\n|detailschange|p2a: Gengar|Gengar-Mega, L50, M, shiny\n|-mega|p2a: Gengar|Gengar|Gengarite\n|detailschange|p1a: Glimmora|Glimmora-Mega, L50, F\n|-mega|p1a: Glimmora|Glimmora|Glimmoranite\n|move|p2b: Sinistcha|Rage Powder|p2b: Sinistcha\n|-singleturn|p2b: Sinistcha|move: Rage Powder\n|move|p2a: Gengar|Perish Song|p2a: Gengar\n|-start|p1a: Glimmora|perish3|[silent]\n|-start|p1b: Sinistcha|perish3|[silent]\n|-start|p2a: Gengar|perish3|[silent]\n|-start|p2b: Sinistcha|perish3|[silent]\n|-fieldactivate|move: Perish Song\n|move|p1a: Glimmora|Sludge Bomb|p2b: Sinistcha\n|-damage|p2b: Sinistcha|29/100\n|-enditem|p2b: Sinistcha|Sitrus Berry|[eat]\n|-heal|p2b: Sinistcha|53/100|[from] item: Sitrus Berry\n|move|p1b: Sinistcha|Trick Room|p1b: Sinistcha\n|-fieldstart|move: Trick Room|[of] p1b: Sinistcha\n|\n|-start|p2b: Sinistcha|perish3\n|-start|p1b: Sinistcha|perish3\n|-start|p1a: Glimmora|perish3\n|-start|p2a: Gengar|perish3\n|upkeep\n|turn|2\n|inactive|coconut1234 has 30 seconds left.\n|inactive|javivaarela has 30 seconds left.\n|\n|t:|1776279660\n|switch|p1b: Kingambit|Kingambit, L50, F|100/100\n|move|p2a: Gengar|Protect|p2a: Gengar\n|-singleturn|p2a: Gengar|Protect\n|move|p2b: Sinistcha|Matcha Gotcha|p1a: Glimmora|[spread] p1a,p1b\n|-resisted|p1b: Kingambit|1\n|-damage|p1a: Glimmora|78/100\n|-heal|p2b: Sinistcha|65/100|[from] drain|[of] p1a: Glimmora\n|-damage|p1b: Kingambit|87/100\n|-heal|p2b: Sinistcha|73/100|[from] drain|[of] p1b: Kingambit\n|move|p1a: Glimmora|Sludge Bomb|p2b: Sinistcha\n|-damage|p2b: Sinistcha|8/100\n|\n|-start|p2b: Sinistcha|perish2\n|-start|p1a: Glimmora|perish2\n|-start|p2a: Gengar|perish2\n|upkeep\n|turn|3\n|inactive|javivaarela has 30 seconds left.\n|\n|t:|1776279691\n|move|p2b: Sinistcha|Rage Powder|p2b: Sinistcha\n|-singleturn|p2b: Sinistcha|move: Rage Powder\n|move|p1b: Kingambit|Kowtow Cleave|p2b: Sinistcha\n|-supereffective|p2b: Sinistcha|1\n|-damage|p2b: Sinistcha|0 fnt\n|faint|p2b: Sinistcha\n|move|p1a: Glimmora|Earth Power|p2a: Gengar\n|-supereffective|p2a: Gengar|1\n|-damage|p2a: Gengar|24/100\n|move|p2a: Gengar|Shadow Ball|p1a: Glimmora\n|-damage|p1a: Glimmora|40/100\n|\n|-start|p1a: Glimmora|perish1\n|-start|p2a: Gengar|perish1\n|upkeep\n|\n|t:|1776279697\n|switch|p2b: Politoed|Politoed, L50, M|100/100\n|-weather|RainDance|[from] ability: Drizzle|[of] p2b: Politoed\n|turn|4\n|inactive|coconut1234 has 30 seconds left.\n|\n|t:|1776279724\n|move|p2b: Politoed|Protect|p2b: Politoed\n|-singleturn|p2b: Politoed|Protect\n|move|p1b: Kingambit|Kowtow Cleave|p2b: Politoed\n|-activate|p2b: Politoed|move: Protect\n|move|p1a: Glimmora|Earth Power|p2a: Gengar\n|-supereffective|p2a: Gengar|1\n|-damage|p2a: Gengar|0 fnt\n|faint|p2a: Gengar\n|\n|-weather|RainDance|[upkeep]\n|-start|p1a: Glimmora|perish0\n|faint|p1a: Glimmora\n|upkeep\n|\n|t:|1776279742\n|switch|p1a: Sinistcha|Sinistcha, L50|100/100\n|switch|p2a: Basculegion|Basculegion, L50, M|100/100\n|-heal|p1b: Kingambit|100/100|[from] ability: Hospitality|[of] p1a: Sinistcha\n|turn|5\n|\n|t:|1776279750\n|move|p2a: Basculegion|Protect|p2a: Basculegion\n|-singleturn|p2a: Basculegion|Protect\n|move|p1b: Kingambit|Sucker Punch||[still]\n|-fail|p1b: Kingambit\n|move|p1a: Sinistcha|Matcha Gotcha|p2a: Basculegion|[spread] p2b\n|-activate|p2a: Basculegion|move: Protect\n|-supereffective|p2b: Politoed|1\n|-damage|p2b: Politoed|66/100\n|move|p2b: Politoed|Encore|p1b: Kingambit\n|-start|p1b: Kingambit|Encore\n|\n|-weather|RainDance|[upkeep]\n|-heal|p2b: Politoed|72/100|[from] item: Leftovers\n|-fieldend|move: Trick Room\n|upkeep\n|turn|6\n|\n|t:|1776279766\n|move|p1b: Kingambit|Sucker Punch|p2a: Basculegion\n|-supereffective|p2a: Basculegion|1\n|-damage|p2a: Basculegion|0 fnt\n|faint|p2a: Basculegion\n|move|p2b: Politoed|Weather Ball|p1b: Kingambit\n|-damage|p1b: Kingambit|54/100\n|move|p1a: Sinistcha|Matcha Gotcha|p2b: Politoed\n|-supereffective|p2b: Politoed|1\n|-damage|p2b: Politoed|22/100\n|-status|p2b: Politoed|brn\n|\n|-weather|RainDance|[upkeep]\n|-heal|p2b: Politoed|28/100 brn|[from] item: Leftovers\n|-damage|p2b: Politoed|22/100 brn|[from] brn\n|upkeep\n|turn|7\n|-message|javivaarela forfeited.\n|\n|win|coconut1234\n|n|\u2606coconut1234|coconut1234\n|n|\u2606javivaarela|javivaarela\n",
  "uploadtime": 1776279772,
  "views": 16,
  "formatid": "gen9championsvgc2026regma",
  "rating": null,
  "private": 0,
  "password": null
}