{
  "id": "gen9championsvgc2026regma-2587058995",
  "format": "[Gen 9 Champions] VGC 2026 Reg M-A",
  "players": [
    "GringleBerry",
    "hide on whimscott"
  ],
  "log": "|j|\u2606GringleBerry\n|j|\u2606hide on whimscott\n|t:|1776487959\n|gametype|doubles\n|player|p1|GringleBerry|266|1132\n|player|p2|hide on whimscott|artist-gen4|1118\n|gen|9\n|tier|[Gen 9 Champions] VGC 2026 Reg M-A\n|rated|\n|rule|Species Clause: Limit one of each Pok\u00e9mon\n|rule|Item Clause: Limit 1 of each item\n|clearpoke\n|poke|p1|Gallade, L50, M|\n|poke|p1|Whimsicott, L50, M|\n|poke|p1|Aerodactyl, L50, F|\n|poke|p1|Archaludon, L50, M|\n|poke|p1|Incineroar, L50, M|\n|poke|p1|Meganium, L50, F|\n|poke|p2|Venusaur, L50, F|\n|poke|p2|Sneasler, L50, F|\n|poke|p2|Kingambit, L50, F|\n|poke|p2|Incineroar, L50, M|\n|poke|p2|Basculegion, L50, M|\n|poke|p2|Charizard, L50, M|\n|teampreview|4\n|\n|t:|1776488013\n|teamsize|p1|4\n|teamsize|p2|4\n|start\n|switch|p1a: Whimsicott|Whimsicott, L50, M|100/100\n|switch|p1b: Gallade|Gallade, L50, M|100/100\n|switch|p2a: Kingambit|Kingambit, L50, F|100/100\n|switch|p2b: Basculegion|Basculegion, L50, M|100/100\n|turn|1\n|\n|t:|1776488042\n|detailschange|p1b: Gallade|Gallade-Mega, L50, M\n|-mega|p1b: Gallade|Gallade|Galladite\n|move|p2b: Basculegion|Aqua Jet|p1b: Gallade\n|-damage|p1b: Gallade|67/100\n|move|p1a: Whimsicott|Tailwind|p1a: Whimsicott\n|-sidestart|p1: GringleBerry|move: Tailwind\n|move|p2a: Kingambit|Sucker Punch|p1b: Gallade\n|-damage|p1b: Gallade|12/100\n|move|p1b: Gallade|Sacred Sword|p2a: Kingambit\n|-supereffective|p2a: Kingambit|2\n|-enditem|p2a: Kingambit|Chople Berry|[eat]\n|-enditem|p2a: Kingambit|Chople Berry|[weaken]\n|-damage|p2a: Kingambit|14/100\n|\n|upkeep\n|turn|2\n|\n|t:|1776488064\n|switch|p2a: Venusaur|Venusaur, L50, F|100/100\n|move|p1b: Gallade|Protect|p1b: Gallade\n|-singleturn|p1b: Gallade|Protect\n|move|p2b: Basculegion|Aqua Jet|p1b: Gallade\n|-activate|p1b: Gallade|move: Protect\n|move|p1a: Whimsicott|Moonblast|p2a: Venusaur\n|-resisted|p2a: Venusaur|1\n|-damage|p2a: Venusaur|84/100\n|\n|upkeep\n|turn|3\n|\n|t:|1776488107\n|detailschange|p2a: Venusaur|Venusaur-Mega, L50, F\n|-mega|p2a: Venusaur|Venusaur|Venusaurite\n|move|p2b: Basculegion|Aqua Jet|p1b: Gallade\n|-damage|p1b: Gallade|0 fnt\n|faint|p1b: Gallade\n|move|p1a: Whimsicott|Moonblast|p2b: Basculegion\n|-damage|p2b: Basculegion|51/100\n|move|p2a: Venusaur|Earth Power|p1a: Whimsicott\n|-resisted|p1a: Whimsicott|1\n|-damage|p1a: Whimsicott|82/100\n|\n|upkeep\n|\n|t:|1776488121\n|switch|p1b: Aerodactyl|Aerodactyl, L50, F|100/100\n|-ability|p1b: Aerodactyl|Unnerve\n|turn|4\n|\n|t:|1776488147\n|move|p1b: Aerodactyl|Protect|p1b: Aerodactyl\n|-singleturn|p1b: Aerodactyl|Protect\n|move|p2b: Basculegion|Aqua Jet|p1b: Aerodactyl\n|-activate|p1b: Aerodactyl|move: Protect\n|move|p1a: Whimsicott|Moonblast|p2b: Basculegion\n|-damage|p2b: Basculegion|5/100\n|move|p2a: Venusaur|Sludge Bomb|p1a: Whimsicott\n|-supereffective|p1a: Whimsicott|2\n|-damage|p1a: Whimsicott|0 fnt\n|faint|p1a: Whimsicott\n|\n|-sideend|p1: GringleBerry|move: Tailwind\n|upkeep\n|\n|t:|1776488162\n|switch|p1a: Incineroar|Incineroar, L50, M|100/100\n|-ability|p1a: Incineroar|Intimidate|boost\n|-unboost|p2a: Venusaur|atk|1\n|-unboost|p2b: Basculegion|atk|1\n|turn|5\n|\n|t:|1776488190\n|move|p1a: Incineroar|Fake Out|p2a: Venusaur\n|-damage|p2a: Venusaur|75/100\n|move|p2b: Basculegion|Aqua Jet|p1b: Aerodactyl\n|-supereffective|p1b: Aerodactyl|1\n|-crit|p1b: Aerodactyl\n|-damage|p1b: Aerodactyl|0 fnt\n|faint|p1b: Aerodactyl\n|cant|p2a: Venusaur|flinch\n|\n|upkeep\n|turn|6\n|\n|t:|1776488211\n|move|p2b: Basculegion|Aqua Jet|p1a: Incineroar\n|-supereffective|p1a: Incineroar|1\n|-damage|p1a: Incineroar|69/100\n|move|p2a: Venusaur|Earth Power|p1a: Incineroar\n|-supereffective|p1a: Incineroar|1\n|-damage|p1a: Incineroar|18/100\n|move|p1a: Incineroar|Flare Blitz|p2a: Venusaur\n|-supereffective|p2a: Venusaur|1\n|-damage|p2a: Venusaur|37/100\n|-damage|p1a: Incineroar|6/100|[from] Recoil\n|\n|-heal|p1a: Incineroar|12/100|[from] item: Leftovers\n|upkeep\n|turn|7\n|-message|GringleBerry forfeited.\n|\n|win|hide on whimscott\n|raw|GringleBerry's rating: 1132 &rarr; <strong>1106</strong><br />(-26 for losing)\n|raw|hide on whimscott's rating: 1118 &rarr; <strong>1144</strong><br />(+26 for winning)\n",
  "uploadtime": 1776488221,
  "views": 17,
  "formatid": "gen9championsvgc2026regma",
  "rating": 1106,
  "private": 0,
  "password": null
}