{
  "id": "gen9championsvgc2026regma-2586778007",
  "format": "[Gen 9 Champions] VGC 2026 Reg M-A",
  "players": [
    "LunarRose12",
    "tf_lecter"
  ],
  "log": "|j|\u2606LunarRose12\n|j|\u2606tf_lecter\n|t:|1776459145\n|gametype|doubles\n|player|p1|LunarRose12|aromalady|1085\n|player|p2|tf_lecter|170|1113\n|gen|9\n|tier|[Gen 9 Champions] VGC 2026 Reg M-A\n|rated|\n|rule|Species Clause: Limit one of each Pok\u00e9mon\n|rule|Item Clause: Limit 1 of each item\n|clearpoke\n|poke|p1|Froslass, L50, F|\n|poke|p1|Farigiraf, L50, M|\n|poke|p1|Banette, L50, M|\n|poke|p1|Palafin, L50, F|\n|poke|p1|Sneasler, L50, M|\n|poke|p1|Kommo-o, L50, F|\n|poke|p2|Rotom-Wash, L50|\n|poke|p2|Politoed, L50, F|\n|poke|p2|Feraligatr, L50, F|\n|poke|p2|Sneasler, L50, M|\n|poke|p2|Scizor, L50, M|\n|poke|p2|Sinistcha, L50|\n|teampreview|4\ntf_lecter rejected open team sheets.\n|l|\u2606LunarRose12\n|player|p1|\n|j|\u2606LunarRose12\n|player|p1|LunarRose12|aromalady|\n|\n|t:|1776459220\n|teamsize|p1|4\n|teamsize|p2|4\n|start\n|switch|p1a: Sneasler|Sneasler, L50, M|100/100\n|switch|p1b: Kommo-o|Kommo-o, L50, F|100/100\n|switch|p2a: fridge on mid|Rotom-Wash, L50|100/100\n|switch|p2b: widepeepohappy|Politoed, L50, F|100/100\n|-weather|RainDance|[from] ability: Drizzle|[of] p2b: widepeepohappy\n|turn|1\n|c|\u2606LunarRose12|i like the names\n|c|\u2606tf_lecter|thanks :)\n|l|\u2606LunarRose12\n|player|p1|\n|j|\u2606LunarRose12\n|player|p1|LunarRose12|aromalady|\n|\n|t:|1776459281\n|move|p1a: Sneasler|Dire Claw|p2b: widepeepohappy\n|-damage|p2b: widepeepohappy|43/100\n|-status|p2b: widepeepohappy|par\n|move|p1b: Kommo-o|Dragon Claw|p2a: fridge on mid\n|-damage|p2a: fridge on mid|58/100\n|move|p2a: fridge on mid|Will-O-Wisp|p1a: Sneasler\n|-status|p1a: Sneasler|brn\n|move|p2b: widepeepohappy|Ice Beam|p1b: Kommo-o\n|-supereffective|p1b: Kommo-o|1\n|-damage|p1b: Kommo-o|55/100\n|\n|-weather|RainDance|[upkeep]\n|-heal|p2b: widepeepohappy|49/100 par|[from] item: Leftovers\n|-damage|p1a: Sneasler|95/100 brn|[from] brn\n|upkeep\n|turn|2\n|\n|t:|1776459351\n|switch|p1a: Banette|Banette, L50, M|100/100\n|-item|p2a: fridge on mid|Rindo Berry|[from] ability: Frisk|[of] p1a: Banette\n|-item|p2b: widepeepohappy|Leftovers|[from] ability: Frisk|[of] p1a: Banette\n|move|p1b: Kommo-o|Dragon Claw|p2a: fridge on mid\n|-crit|p2a: fridge on mid\n|-damage|p2a: fridge on mid|2/100\n|move|p2a: fridge on mid|Volt Switch|p1a: Banette\n|-damage|p1a: Banette|66/100\n|\n|t:|1776459364\n|switch|p2a: yum :d|Sinistcha, L50|100/100|[from] Volt Switch\n|-heal|p2b: widepeepohappy|74/100 par|[from] ability: Hospitality|[of] p2a: yum :d\n|move|p2b: widepeepohappy|Weather Ball|p1a: Banette\n|-damage|p1a: Banette|10/100\n|\n|-weather|RainDance|[upkeep]\n|-heal|p2b: widepeepohappy|80/100 par|[from] item: Leftovers\n|upkeep\n|turn|3\n|\n|t:|1776459392\n|switch|p1b: Farigiraf|Farigiraf, L50, M|100/100\n|switch|p2b: flat fuck friday|Feraligatr, L50, F|100/100\n|detailschange|p1a: Banette|Banette-Mega, L50, M\n|-mega|p1a: Banette|Banette|Banettite\n|move|p2a: yum :d|Protect|p2a: yum :d\n|-singleturn|p2a: yum :d|Protect\n|move|p1a: Banette|Sucker Punch||[still]\n|-fail|p1a: Banette\n|\n|-weather|RainDance|[upkeep]\n|upkeep\n|turn|4\n|\n|t:|1776459422\n|switch|p1a: Sneasler|Sneasler, L50, M|95/100 brn\n|detailschange|p2b: flat fuck friday|Feraligatr-Mega, L50, F\n|-mega|p2b: flat fuck friday|Feraligatr|Feraligite\n|move|p2b: flat fuck friday|Aqua Jet||[still]\n|cant|p1b: Farigiraf|ability: Armor Tail|Aqua Jet|[of] p2b: flat fuck friday\n|move|p2a: yum :d|Matcha Gotcha|p1a: Sneasler|[spread] p1a,p1b\n|-resisted|p1a: Sneasler|1\n|-damage|p1a: Sneasler|77/100 brn\n|-damage|p1b: Farigiraf|73/100\n|move|p1b: Farigiraf|Dazzling Gleam|p2a: yum :d|[spread] p2a,p2b\n|-supereffective|p2b: flat fuck friday|1\n|-damage|p2a: yum :d|78/100\n|-damage|p2b: flat fuck friday|56/100\n|\n|-weather|RainDance|[upkeep]\n|-damage|p1a: Sneasler|71/100 brn|[from] brn\n|upkeep\n|turn|5\n|\n|t:|1776459451\n|switch|p2a: fridge on mid|Rotom-Wash, L50|2/100\n|move|p1a: Sneasler|Fake Out|p2b: flat fuck friday\n|-damage|p2b: flat fuck friday|49/100\n|cant|p2b: flat fuck friday|flinch\n|move|p1b: Farigiraf|Dazzling Gleam|p2b: flat fuck friday|[spread] p2a,p2b\n|-supereffective|p2b: flat fuck friday|1\n|-damage|p2a: fridge on mid|0 fnt\n|-damage|p2b: flat fuck friday|9/100\n|faint|p2a: fridge on mid\n|\n|-weather|none\n|-damage|p1a: Sneasler|66/100 brn|[from] brn\n|upkeep\n|\n|t:|1776459473\n|switch|p2a: widepeepohappy|Politoed, L50, F|80/100 par\n|-weather|RainDance|[from] ability: Drizzle|[of] p2a: widepeepohappy\n|turn|6\n|\n|t:|1776459486\n|move|p1a: Sneasler|Dire Claw|p2b: flat fuck friday\n|-damage|p2b: flat fuck friday|0 fnt\n|faint|p2b: flat fuck friday\n|move|p1b: Farigiraf|Psychic|p2a: widepeepohappy\n|-damage|p2a: widepeepohappy|52/100 par\n|move|p2a: widepeepohappy|Weather Ball|p1a: Sneasler\n|-damage|p1a: Sneasler|4/100 brn\n|\n|-weather|RainDance|[upkeep]\n|-heal|p2a: widepeepohappy|58/100 par|[from] item: Leftovers\n|-damage|p1a: Sneasler|0 fnt|[from] brn\n|faint|p1a: Sneasler\n|upkeep\n|\n|t:|1776459507\n|switch|p1a: Banette|Banette-Mega, L50, M|10/100\n|switch|p2b: yum :d|Sinistcha, L50|78/100\n|-heal|p2a: widepeepohappy|83/100 par|[from] ability: Hospitality|[of] p2b: yum :d\n|turn|7\n|\n|t:|1776459525\n|move|p1a: Banette|Protect|p1a: Banette\n|-singleturn|p1a: Banette|Protect\n|move|p2a: widepeepohappy|Protect|p2a: widepeepohappy\n|-singleturn|p2a: widepeepohappy|Protect\n|move|p2b: yum :d|Matcha Gotcha|p1b: Farigiraf|[spread] p1b\n|-activate|p1a: Banette|move: Protect\n|-damage|p1b: Farigiraf|45/100\n|-heal|p2b: yum :d|94/100|[from] drain|[of] p1b: Farigiraf\n|move|p1b: Farigiraf|Psychic|p2b: yum :d\n|-damage|p2b: yum :d|45/100\n|\n|-weather|RainDance|[upkeep]\n|-heal|p2a: widepeepohappy|89/100 par|[from] item: Leftovers\n|upkeep\n|turn|8\n|\n|t:|1776459549\n|move|p2b: yum :d|Protect|p2b: yum :d\n|-singleturn|p2b: yum :d|Protect\n|move|p1a: Banette|Zen Headbutt|p2b: yum :d\n|-activate|p2b: yum :d|move: Protect\n|move|p1b: Farigiraf|Dazzling Gleam|p2b: yum :d|[spread] p2a\n|-activate|p2b: yum :d|move: Protect\n|-damage|p2a: widepeepohappy|75/100 par\n|move|p2a: widepeepohappy|Earthquake|p1b: Farigiraf|[spread] p1a,p1b\n|-activate|p2b: yum :d|move: Protect\n|-damage|p1a: Banette|0 fnt\n|-damage|p1b: Farigiraf|32/100\n|faint|p1a: Banette\n|\n|-weather|RainDance|[upkeep]\n|-heal|p2a: widepeepohappy|81/100 par|[from] item: Leftovers\n|upkeep\n|\n|t:|1776459553\n|switch|p1a: Kommo-o|Kommo-o, L50, F|55/100\n|turn|9\n|\n|t:|1776459577\n|move|p1a: Kommo-o|Dragon Claw|p2b: yum :d\n|-damage|p2b: yum :d|13/100\n|move|p2b: yum :d|Hex|p1a: Kommo-o\n|-damage|p1a: Kommo-o|23/100\n|-enditem|p1a: Kommo-o|Sitrus Berry|[eat]\n|-heal|p1a: Kommo-o|48/100|[from] item: Sitrus Berry\n|move|p1b: Farigiraf|Psychic|p2b: yum :d\n|-damage|p2b: yum :d|0 fnt\n|faint|p2b: yum :d\n|move|p2a: widepeepohappy|Weather Ball|p1b: Farigiraf\n|-damage|p1b: Farigiraf|0 fnt\n|faint|p1b: Farigiraf\n|\n|-weather|RainDance|[upkeep]\n|-heal|p2a: widepeepohappy|87/100 par|[from] item: Leftovers\n|upkeep\n|turn|10\n|\n|t:|1776459593\n|move|p1a: Kommo-o|Dragon Claw|p2a: widepeepohappy\n|-damage|p2a: widepeepohappy|44/100 par\n|move|p2a: widepeepohappy|Weather Ball|p1a: Kommo-o\n|-resisted|p1a: Kommo-o|1\n|-damage|p1a: Kommo-o|20/100\n|\n|-weather|none\n|-heal|p2a: widepeepohappy|50/100 par|[from] item: Leftovers\n|upkeep\n|turn|11\n|\n|t:|1776459602\n|move|p2a: widepeepohappy|Protect|p2a: widepeepohappy\n|-singleturn|p2a: widepeepohappy|Protect\n|move|p1a: Kommo-o|Dragon Claw|p2a: widepeepohappy\n|-activate|p2a: widepeepohappy|move: Protect\n|\n|-heal|p2a: widepeepohappy|56/100 par|[from] item: Leftovers\n|upkeep\n|turn|12\n|\n|t:|1776459611\n|move|p1a: Kommo-o|Dragon Claw|p2a: widepeepohappy\n|-crit|p2a: widepeepohappy\n|-damage|p2a: widepeepohappy|0 fnt\n|faint|p2a: widepeepohappy\n|\n|win|LunarRose12\n|raw|LunarRose12's rating: 1085 &rarr; <strong>1114</strong><br />(+29 for winning)\n|raw|tf_lecter's rating: 1113 &rarr; <strong>1086</strong><br />(-27 for losing)\n|c|\u2606LunarRose12|gg\n|c|\u2606tf_lecter|gg\n|l|\u2606LunarRose12\n|player|p1|\n",
  "uploadtime": 1776459664,
  "views": 23,
  "formatid": "gen9championsvgc2026regma",
  "rating": 1086,
  "private": 0,
  "password": null
}