{
  "id": "gen9championsvgc2026regma-2585306096",
  "format": "[Gen 9 Champions] VGC 2026 Reg M-A",
  "players": [
    "ADV169",
    "Koala518"
  ],
  "log": "|j|\u2606ADV169\n|j|\u203dKoala518\n|t:|1776336008\n|gametype|doubles\n|player|p1|ADV169|cynthia-gen4|1189\n|player|p2|Koala518|kimonogirl|1123\n|gen|9\n|tier|[Gen 9 Champions] VGC 2026 Reg M-A\n|rated|\n|rule|Species Clause: Limit one of each Pok\u00e9mon\n|rule|Item Clause: Limit 1 of each item\n|clearpoke\n|poke|p1|Gardevoir, L50, M|\n|poke|p1|Farigiraf, L50, F|\n|poke|p1|Talonflame, L50, F|\n|poke|p1|Meowscarada, L50, F|\n|poke|p1|Rotom-Wash, L50|\n|poke|p1|Archaludon, L50, F|\n|poke|p2|Froslass, L50, F|\n|poke|p2|Glaceon, L50, F|\n|poke|p2|Aerodactyl, L50, M|\n|poke|p2|Garchomp, L50, F|\n|poke|p2|Sneasler, L50, F|\n|poke|p2|Incineroar, L50, M|\n|teampreview|4\n|inactive|Battle timer is ON: inactive players will automatically lose when time's up. (requested by Koala518)\n|inactive|ADV169 has 60 seconds left.\n|inactive|Koala518 has 60 seconds left.\n|\n|t:|1776336056\n|teamsize|p1|4\n|teamsize|p2|4\n|start\n|switch|p1a: Carcosa|Farigiraf, L50, F|100/100\n|switch|p1b: Current|Rotom-Wash, L50|100/100\n|switch|p2a: Aerodactyl|Aerodactyl, L50, M|100/100\n|switch|p2b: Sneasler|Sneasler, L50, F|100/100\n|-ability|p2a: Aerodactyl|Unnerve\n|turn|1\n|inactive|Koala518 has 30 seconds left.\n|inactive|Koala518 has 20 seconds left.\n|inactive|Koala518 has 15 seconds left.\n|\n|t:|1776336099\n|move|p2a: Aerodactyl|Rock Slide|p1b: Current|[spread] p1b\n|-miss|p2a: Aerodactyl|p1a: Carcosa\n|-damage|p1b: Current|72/100\n|move|p2b: Sneasler|Close Combat|p1b: Current\n|-damage|p1b: Current|5/100\n|-unboost|p2b: Sneasler|def|1\n|-unboost|p2b: Sneasler|spd|1\n|-enditem|p2b: Sneasler|White Herb\n|-clearnegativeboost|p2b: Sneasler|[silent]\n|move|p1b: Current|Discharge|p2a: Aerodactyl|[spread] p1a,p2a,p2b\n|-supereffective|p2a: Aerodactyl|1\n|-damage|p1a: Carcosa|68/100\n|-enditem|p2a: Aerodactyl|Focus Sash\n|-damage|p2a: Aerodactyl|1/100\n|-damage|p2b: Sneasler|51/100\n|-status|p2a: Aerodactyl|par\n|move|p1a: Carcosa|Expanding Force|p2b: Sneasler\n|-supereffective|p2b: Sneasler|2\n|-damage|p2b: Sneasler|0 fnt\n|faint|p2b: Sneasler\n|\n|upkeep\n|\n|t:|1776336123\n|switch|p2b: Froslass|Froslass, L50, F|100/100\n|turn|2\n|\n|t:|1776336139\n|switch|p2a: Glaceon|Glaceon, L50, F, shiny|100/100\n|detailschange|p2b: Froslass|Froslass-Mega, L50, F\n|-mega|p2b: Froslass|Froslass|Froslassite\n|-weather|Snowscape|[from] ability: Snow Warning|[of] p2b: Froslass\n|move|p2b: Froslass|Blizzard|p1b: Current|[spread] p1a,p1b\n|-resisted|p1b: Current|1\n|-damage|p1a: Carcosa|25/100\n|-damage|p1b: Current|0 fnt\n|-status|p1a: Carcosa|frz\n|-enditem|p1a: Carcosa|Sitrus Berry|[eat]\n|-heal|p1a: Carcosa|49/100 frz|[from] item: Sitrus Berry\n|faint|p1b: Current\n|cant|p1a: Carcosa|frz\n|\n|-weather|Snowscape|[upkeep]\n|upkeep\n|\n|t:|1776336156\n|switch|p1b: Arrow|Talonflame, L50, F, shiny|100/100\n|turn|3\n|\n|t:|1776336165\n|move|p1b: Arrow|Heat Wave|p2b: Froslass|[spread] p2a,p2b\n|-supereffective|p2a: Glaceon|1\n|-supereffective|p2b: Froslass|1\n|-damage|p2a: Glaceon|48/100\n|-damage|p2b: Froslass|34/100\n|move|p2b: Froslass|Blizzard|p1a: Carcosa|[spread] p1a,p1b\n|-damage|p1a: Carcosa|8/100 frz\n|-damage|p1b: Arrow|34/100\n|cant|p1a: Carcosa|frz\n|move|p2a: Glaceon|Blizzard|p1b: Arrow|[spread] p1a,p1b\n|-damage|p1a: Carcosa|0 fnt\n|-damage|p1b: Arrow|0 fnt\n|faint|p1a: Carcosa\n|faint|p1b: Arrow\n|\n|-weather|Snowscape|[upkeep]\n|upkeep\n|\n|t:|1776336173\n|switch|p1b: Babylon|Archaludon, L50, F|100/100\n|turn|4\n|\n|t:|1776336193\n|move|p2b: Froslass|Destiny Bond|p2b: Froslass\n|-singlemove|p2b: Froslass|Destiny Bond\n|move|p1b: Babylon|Aura Sphere|p2a: Glaceon\n|-supereffective|p2a: Glaceon|1\n|-crit|p2a: Glaceon\n|-damage|p2a: Glaceon|0 fnt\n|faint|p2a: Glaceon\n|\n|-weather|Snowscape|[upkeep]\n|upkeep\n|\n|t:|1776336206\n|switch|p2a: Aerodactyl|Aerodactyl, L50, M|1/100 par\n|-ability|p2a: Aerodactyl|Unnerve\n|turn|5\n|\n|t:|1776336220\n|move|p2b: Froslass|Blizzard|p1b: Babylon\n|-damage|p1b: Babylon|44/100\n|-ability|p1b: Babylon|Stamina|boost\n|-boost|p1b: Babylon|def|1\n|move|p2a: Aerodactyl|Tailwind|p2a: Aerodactyl\n|-sidestart|p2: Koala518|move: Tailwind\n|move|p1b: Babylon|Draco Meteor|p2b: Froslass\n|-damage|p2b: Froslass|0 fnt\n|-unboost|p1b: Babylon|spa|2\n|faint|p2b: Froslass\n|\n|-weather|Snowscape|[upkeep]\n|-heal|p1b: Babylon|50/100|[from] item: Leftovers\n|upkeep\n|turn|6\n|c|\u2606ADV169|Gg\n|\n|t:|1776336236\n|move|p2a: Aerodactyl|Rock Slide|p1b: Babylon\n|-resisted|p1b: Babylon|1\n|-damage|p1b: Babylon|42/100\n|-ability|p1b: Babylon|Stamina|boost\n|-boost|p1b: Babylon|def|1\n|move|p1b: Babylon|Aura Sphere|p2a: Aerodactyl\n|-damage|p2a: Aerodactyl|0 fnt\n|faint|p2a: Aerodactyl\n|\n|win|ADV169\n|raw|ADV169's rating: 1189 &rarr; <strong>1209</strong><br />(+20 for winning)\n|raw|Koala518's rating: 1123 &rarr; <strong>1103</strong><br />(-20 for losing)\n|l|\u203dKoala518\n|player|p2|\n",
  "uploadtime": 1776336352,
  "views": 21,
  "formatid": "gen9championsvgc2026regma",
  "rating": 1103,
  "private": 0,
  "password": null
}