{
  "id": "gen9championsvgc2026regma-2583020319",
  "format": "[Gen 9 Champions] VGC 2026 Reg M-A",
  "players": [
    "CementTheBlock",
    "RygarTB"
  ],
  "log": "|j|\u2606CementTheBlock\n|j|\u2606RygarTB\n|t:|1776133974\n|gametype|doubles\n|player|p1|CementTheBlock|pokefanf|1181\n|player|p2|RygarTB|darach-caitlin|1142\n|gen|9\n|tier|[Gen 9 Champions] VGC 2026 Reg M-A\n|rated|\n|rule|Species Clause: Limit one of each Pok\u00e9mon\n|rule|Item Clause: Limit 1 of each item\n|clearpoke\n|poke|p1|Gardevoir, L50, F|\n|poke|p1|Palafin, L50, F|\n|poke|p1|Talonflame, L50, M|\n|poke|p1|Scizor, L50, F|\n|poke|p1|Farigiraf, L50, M|\n|poke|p1|Hydreigon, L50, F|\n|poke|p2|Lopunny, L50, M|\n|poke|p2|Primarina, L50, F|\n|poke|p2|Aerodactyl, L50, M|\n|poke|p2|Garchomp, L50, M|\n|poke|p2|Incineroar, L50, M|\n|poke|p2|Archaludon, L50, M|\n|teampreview|4\n|\n|t:|1776133985\n|teamsize|p1|4\n|teamsize|p2|4\n|start\n|switch|p1a: Talonflame|Talonflame, L50, M|100/100\n|switch|p1b: Palafin|Palafin, L50, F|100/100\n|switch|p2a: Lopunny|Lopunny, L50, M|100/100\n|switch|p2b: Primarina|Primarina, L50, F|100/100\n|turn|1\n|\n|t:|1776134001\n|detailschange|p1b: Palafin|Palafin-Hero, L50, F\n|switch|p1b: Hydreigon|Hydreigon, L50, F|100/100\n|detailschange|p2a: Lopunny|Lopunny-Mega, L50, M\n|-mega|p2a: Lopunny|Lopunny|Lopunnite\n|move|p1a: Talonflame|Protect|p1a: Talonflame\n|-singleturn|p1a: Talonflame|Protect\n|move|p2a: Lopunny|Fake Out|p1a: Talonflame\n|-activate|p1a: Talonflame|move: Protect\n|move|p2b: Primarina|Hyper Voice|p1a: Talonflame|[spread] p1b\n|-activate|p1a: Talonflame|move: Protect\n|-resisted|p1b: Hydreigon|1\n|-damage|p1b: Hydreigon|81/100\n|\n|upkeep\n|turn|2\n|\n|t:|1776134030\n|switch|p2a: Incineroar|Incineroar, L50, M|100/100\n|-ability|p2a: Incineroar|Intimidate|boost\n|-unboost|p1a: Talonflame|atk|1\n|-unboost|p1b: Hydreigon|atk|1\n|move|p1a: Talonflame|Tailwind|p1a: Talonflame\n|-sidestart|p1: CementTheBlock|move: Tailwind\n|move|p1b: Hydreigon|Snarl|p2b: Primarina|[spread] p2a,p2b\n|-resisted|p2a: Incineroar|1\n|-resisted|p2b: Primarina|1\n|-damage|p2a: Incineroar|90/100\n|-damage|p2b: Primarina|88/100\n|-unboost|p2a: Incineroar|spa|1\n|-unboost|p2b: Primarina|spa|1\n|move|p2b: Primarina|Moonblast|p1b: Hydreigon\n|-supereffective|p1b: Hydreigon|2\n|-damage|p1b: Hydreigon|0 fnt\n|faint|p1b: Hydreigon\n|\n|-heal|p2b: Primarina|94/100|[from] item: Leftovers\n|upkeep\n|\n|t:|1776134053\n|switch|p1b: Gardevoir|Gardevoir, L50, F|100/100\n|turn|3\n|\n|t:|1776134068\n|detailschange|p1b: Gardevoir|Gardevoir-Mega, L50, F\n|-mega|p1b: Gardevoir|Gardevoir|Gardevoirite\n|move|p1a: Talonflame|Protect|p1a: Talonflame\n|-singleturn|p1a: Talonflame|Protect\n|move|p2a: Incineroar|Fake Out|p1b: Gardevoir\n|-damage|p1b: Gardevoir|82/100\n|cant|p1b: Gardevoir|flinch\n|move|p2b: Primarina|Calm Mind|p2b: Primarina\n|-boost|p2b: Primarina|spa|1\n|-boost|p2b: Primarina|spd|1\n|\n|-heal|p2b: Primarina|99/100|[from] item: Leftovers\n|upkeep\n|turn|4\n|\n|t:|1776134089\n|switch|p2a: Archaludon|Archaludon, L50, M|100/100\n|move|p1a: Talonflame|Dual Wingbeat|p2b: Primarina\n|-damage|p2b: Primarina|82/100\n|-damage|p2b: Primarina|66/100\n|-hitcount|p2b: Primarina|2\n|move|p1b: Gardevoir|Hyper Voice|p2a: Archaludon|[spread] p2a,p2b\n|-damage|p2a: Archaludon|14/100\n|-damage|p2b: Primarina|32/100\n|-ability|p2a: Archaludon|Stamina|boost\n|-boost|p2a: Archaludon|def|1\n|move|p2b: Primarina|Hyper Voice|p1b: Gardevoir|[spread] p1a,p1b\n|-supereffective|p1a: Talonflame|1\n|-damage|p1a: Talonflame|0 fnt\n|-damage|p1b: Gardevoir|50/100\n|faint|p1a: Talonflame\n|\n|-heal|p2b: Primarina|37/100|[from] item: Leftovers\n|upkeep\n|\n|t:|1776134108\n|switch|p1a: Palafin|Palafin-Hero, L50, F|100/100\n|-activate|p1a: Palafin|ability: Zero to Hero\n|turn|5\n|\n|t:|1776134121\n|move|p2b: Primarina|Protect|p2b: Primarina\n|-singleturn|p2b: Primarina|Protect\n|move|p1a: Palafin|Jet Punch|p2b: Primarina\n|-activate|p2b: Primarina|move: Protect\n|move|p1b: Gardevoir|Hyper Voice|p2a: Archaludon|[spread] p2a\n|-activate|p2b: Primarina|move: Protect\n|-crit|p2a: Archaludon\n|-damage|p2a: Archaludon|0 fnt\n|faint|p2a: Archaludon\n|\n|-heal|p2b: Primarina|43/100|[from] item: Leftovers\n|-sideend|p1: CementTheBlock|move: Tailwind\n|upkeep\n|\n|t:|1776134135\n|switch|p2a: Lopunny|Lopunny-Mega, L50, M|100/100\n|turn|6\n|\n|t:|1776134156\n|move|p1a: Palafin|Protect|p1a: Palafin\n|-singleturn|p1a: Palafin|Protect\n|move|p1b: Gardevoir|Protect|p1b: Gardevoir\n|-singleturn|p1b: Gardevoir|Protect\n|move|p2a: Lopunny|Fake Out|p1b: Gardevoir\n|-activate|p1b: Gardevoir|move: Protect\n|move|p2b: Primarina|Moonblast|p1a: Palafin\n|-activate|p1a: Palafin|move: Protect\n|\n|-heal|p2b: Primarina|49/100|[from] item: Leftovers\n|upkeep\n|turn|7\n|\n|t:|1776134175\n|move|p1a: Palafin|Jet Punch|p2a: Lopunny\n|-damage|p2a: Lopunny|35/100\n|move|p2a: Lopunny|After You|p2b: Primarina\n|-activate|p2b: Primarina|move: After You\n|move|p2b: Primarina|Hyper Voice|p1b: Gardevoir|[spread] p1a,p1b\n|-resisted|p1a: Palafin|1\n|-crit|p1b: Gardevoir\n|-damage|p1a: Palafin|85/100\n|-damage|p1b: Gardevoir|7/100\n|move|p1b: Gardevoir|Hyper Voice|p2a: Lopunny|[spread] p2a,p2b\n|-supereffective|p2a: Lopunny|1\n|-damage|p2a: Lopunny|0 fnt\n|-damage|p2b: Primarina|16/100\n|faint|p2a: Lopunny\n|\n|-heal|p2b: Primarina|22/100|[from] item: Leftovers\n|upkeep\n|\n|t:|1776134190\n|switch|p2a: Incineroar|Incineroar, L50, M|90/100\n|-ability|p2a: Incineroar|Intimidate|boost\n|-unboost|p1a: Palafin|atk|1\n|-unboost|p1b: Gardevoir|atk|1\n|turn|8\n|\n|t:|1776134197\n|move|p1a: Palafin|Protect|p1a: Palafin\n|-singleturn|p1a: Palafin|Protect\n|move|p1b: Gardevoir|Protect|p1b: Gardevoir\n|-singleturn|p1b: Gardevoir|Protect\n|move|p2b: Primarina|Protect|p2b: Primarina\n|-singleturn|p2b: Primarina|Protect\n|move|p2a: Incineroar|Fake Out|p1b: Gardevoir\n|-activate|p1b: Gardevoir|move: Protect\n|\n|-heal|p2b: Primarina|28/100|[from] item: Leftovers\n|upkeep\n|turn|9\n|\n|t:|1776134211\n|move|p1a: Palafin|Jet Punch|p2a: Incineroar\n|-supereffective|p2a: Incineroar|1\n|-damage|p2a: Incineroar|30/100\n|-enditem|p2a: Incineroar|Sitrus Berry|[eat]\n|-heal|p2a: Incineroar|55/100|[from] item: Sitrus Berry\n|move|p1b: Gardevoir|Hyper Voice|p2b: Primarina|[spread] p2a,p2b\n|-damage|p2a: Incineroar|5/100\n|-damage|p2b: Primarina|0 fnt\n|faint|p2b: Primarina\n|move|p2a: Incineroar|Throat Chop|p1a: Palafin\n|-damage|p1a: Palafin|51/100\n|-start|p1a: Palafin|Throat Chop|[silent]\n|\n|upkeep\n|turn|10\n|\n|t:|1776134226\n|move|p1a: Palafin|Jet Punch|p2a: Incineroar\n|-supereffective|p2a: Incineroar|1\n|-damage|p2a: Incineroar|0 fnt\n|faint|p2a: Incineroar\n|\n|win|CementTheBlock\n|raw|CementTheBlock's rating: 1181 &rarr; <strong>1203</strong><br />(+22 for winning)\n|raw|RygarTB's rating: 1142 &rarr; <strong>1120</strong><br />(-22 for losing)\n|l|\u2606RygarTB\n|player|p2|\n",
  "uploadtime": 1776134250,
  "views": 14,
  "formatid": "gen9championsvgc2026regma",
  "rating": 1120,
  "private": 0,
  "password": null
}