{
  "id": "gen9championsvgc2026regma-2586234873",
  "format": "[Gen 9 Champions] VGC 2026 Reg M-A",
  "players": [
    "Shimichin",
    "SimMikaze"
  ],
  "log": "|j|\u2606Shimichin\n|j|\u2606SimMikaze\n|t:|1776415603\n|gametype|doubles\n|player|p1|Shimichin|101|1366\n|player|p2|SimMikaze|miku-ghost|1272\n|gen|9\n|tier|[Gen 9 Champions] VGC 2026 Reg M-A\n|rated|\n|rule|Species Clause: Limit one of each Pok\u00e9mon\n|rule|Item Clause: Limit 1 of each item\n|clearpoke\n|poke|p1|Froslass, L50, F|\n|poke|p1|Rotom-Frost, L50|\n|poke|p1|Sneasler, L50, M|\n|poke|p1|Garchomp, L50, M|\n|poke|p1|Sinistcha, L50|\n|poke|p1|Arcanine-Hisui, L50, M|\n|poke|p2|Gardevoir, L50, F|\n|poke|p2|Garchomp, L50, F|\n|poke|p2|Incineroar, L50, M|\n|poke|p2|Sneasler, L50, F|\n|poke|p2|Sinistcha, L50|\n|poke|p2|Milotic, L50, F|\n|teampreview|4\n|l|\u2606Shimichin\n|player|p1|\n|\n|t:|1776415655\n|teamsize|p1|4\n|teamsize|p2|4\n|start\n|switch|p1a: Rotom|Rotom-Frost, L50|100/100\n|switch|p1b: Sneasler|Sneasler, L50, M|100/100\n|switch|p2a: Gardevoir|Gardevoir, L50, F, shiny|100/100\n|switch|p2b: Incineroar|Incineroar, L50, M, shiny|100/100\n|-ability|p2a: Gardevoir|Levitate|Trace|[from] ability: Trace|[of] p1a: Rotom\n|-ability|p2b: Incineroar|Intimidate|boost\n|-unboost|p1a: Rotom|atk|1\n|-unboost|p1b: Sneasler|atk|1\n|-enditem|p1b: Sneasler|White Herb\n|-clearnegativeboost|p1b: Sneasler|[silent]\n|turn|1\n|j|\u2606Shimichin\n|player|p1|Shimichin|101|\n|\n|t:|1776415683\n|switch|p2b: Sinistcha|Sinistcha, L50, shiny|100/100\n|move|p2a: Gardevoir|Protect|p2a: Gardevoir\n|-singleturn|p2a: Gardevoir|Protect\n|move|p1b: Sneasler|Fake Out|p2a: Gardevoir\n|-activate|p2a: Gardevoir|move: Protect\n|move|p1a: Rotom|Volt Switch|p2b: Sinistcha\n|-resisted|p2b: Sinistcha|1\n|-damage|p2b: Sinistcha|84/100\n|\n|t:|1776415694\n|switch|p1a: Froslass|Froslass, L50, F|100/100|[from] Volt Switch\n|\n|upkeep\n|turn|2\n|\n|t:|1776415724\n|detailschange|p1a: Froslass|Froslass-Mega, L50, F\n|-mega|p1a: Froslass|Froslass|Froslassite\n|-weather|Snowscape|[from] ability: Snow Warning|[of] p1a: Froslass\n|detailschange|p2a: Gardevoir|Gardevoir-Mega, L50, F, shiny\n|-mega|p2a: Gardevoir|Gardevoir|Gardevoirite\n|move|p2b: Sinistcha|Rage Powder|p2b: Sinistcha\n|-singleturn|p2b: Sinistcha|move: Rage Powder\n|move|p1b: Sneasler|Dire Claw|p2b: Sinistcha\n|-damage|p2b: Sinistcha|43/100\n|-enditem|p2b: Sinistcha|Sitrus Berry|[eat]\n|-heal|p2b: Sinistcha|68/100|[from] item: Sitrus Berry\n|move|p1a: Froslass|Aurora Veil|p1a: Froslass\n|-sidestart|p1: Shimichin|move: Aurora Veil\n|move|p2a: Gardevoir|Trick Room|p2a: Gardevoir\n|-fieldstart|move: Trick Room|[of] p2a: Gardevoir\n|\n|-weather|Snowscape|[upkeep]\n|upkeep\n|turn|3\n|\n|t:|1776415769\n|switch|p2b: Incineroar|Incineroar, L50, M, shiny|100/100\n|-ability|p2b: Incineroar|Intimidate|boost\n|-unboost|p1a: Froslass|atk|1\n|-unboost|p1b: Sneasler|atk|1\n|move|p1b: Sneasler|Protect|p1b: Sneasler\n|-singleturn|p1b: Sneasler|Protect\n|move|p2a: Gardevoir|Hyper Voice|p1a: Froslass|[spread] p1a\n|-activate|p1b: Sneasler|move: Protect\n|-damage|p1a: Froslass|67/100\n|move|p1a: Froslass|Blizzard|p2a: Gardevoir|[spread] p2a,p2b\n|-resisted|p2b: Incineroar|1\n|-damage|p2a: Gardevoir|71/100\n|-damage|p2b: Incineroar|82/100\n|\n|-weather|Snowscape|[upkeep]\n|upkeep\n|turn|4\n|\n|t:|1776415791\n|switch|p1b: Garchomp|Garchomp, L50, M|100/100\n|move|p1a: Froslass|Protect|p1a: Froslass\n|-singleturn|p1a: Froslass|Protect\n|move|p2b: Incineroar|Flare Blitz|p1b: Garchomp\n|-resisted|p1b: Garchomp|1\n|-damage|p1b: Garchomp|80/100\n|-damage|p2b: Incineroar|70/100|[from] ability: Rough Skin|[of] p1b: Garchomp\n|-damage|p2b: Incineroar|63/100|[from] Recoil\n|move|p2a: Gardevoir|Hyper Voice|p1a: Froslass|[spread] p1b\n|-activate|p1a: Froslass|move: Protect\n|-supereffective|p1b: Garchomp|1\n|-damage|p1b: Garchomp|21/100\n|-enditem|p1b: Garchomp|Sitrus Berry|[eat]\n|-heal|p1b: Garchomp|46/100|[from] item: Sitrus Berry\n|\n|-weather|Snowscape|[upkeep]\n|upkeep\n|turn|5\n|\n|t:|1776415822\n|switch|p1a: Rotom|Rotom-Frost, L50|100/100\n|move|p1b: Garchomp|Protect|p1b: Garchomp\n|-singleturn|p1b: Garchomp|Protect\n|move|p2b: Incineroar|Flare Blitz|p1a: Rotom\n|-supereffective|p1a: Rotom|1\n|-damage|p1a: Rotom|29/100\n|-damage|p2b: Incineroar|45/100|[from] Recoil\n|move|p2a: Gardevoir|Hyper Voice|p1a: Rotom|[spread] p1a\n|-activate|p1b: Garchomp|move: Protect\n|-damage|p1a: Rotom|0 fnt\n|faint|p1a: Rotom\n|\n|-weather|Snowscape|[upkeep]\n|upkeep\n|\n|t:|1776415838\n|switch|p1a: Sneasler|Sneasler, L50, M|100/100\n|turn|6\n|inactive|Battle timer is ON: inactive players will automatically lose when time's up. (requested by SimMikaze)\n|\n|t:|1776415891\n|move|p1a: Sneasler|Fake Out|p2a: Gardevoir\n|-damage|p2a: Gardevoir|47/100\n|move|p2b: Incineroar|Flare Blitz|p1a: Sneasler\n|-crit|p1a: Sneasler\n|-damage|p1a: Sneasler|0 fnt\n|faint|p1a: Sneasler\n|-damage|p2b: Incineroar|19/100|[from] Recoil\n|cant|p2a: Gardevoir|flinch\n|move|p1b: Garchomp|Rock Slide|p2a: Gardevoir|[spread] p2a\n|-miss|p1b: Garchomp|p2b: Incineroar\n|-damage|p2a: Gardevoir|15/100\n|\n|-weather|none\n|-sideend|p1: Shimichin|move: Aurora Veil\n|-fieldend|move: Trick Room\n|upkeep\n|\n|t:|1776415907\n|switch|p1a: Froslass|Froslass-Mega, L50, F|67/100\n|-weather|Snowscape|[from] ability: Snow Warning|[of] p1a: Froslass\n|turn|7\n|inactive|SimMikaze has 30 seconds left.\n|\n|t:|1776415938\n|switch|p2b: Sinistcha|Sinistcha, L50, shiny|68/100\n|-heal|p2a: Gardevoir|39/100|[from] ability: Hospitality|[of] p2b: Sinistcha\n|move|p2a: Gardevoir|Protect|p2a: Gardevoir\n|-singleturn|p2a: Gardevoir|Protect\n|move|p1a: Froslass|Aurora Veil|p1a: Froslass\n|-sidestart|p1: Shimichin|move: Aurora Veil\n|move|p1b: Garchomp|Rock Slide|p2b: Sinistcha|[spread] p2b\n|-activate|p2a: Gardevoir|move: Protect\n|-damage|p2b: Sinistcha|47/100\n|\n|-weather|Snowscape|[upkeep]\n|upkeep\n|turn|8\n|inactive|SimMikaze has 30 seconds left.\n|inactive|SimMikaze has 20 seconds left.\n|inactive|SimMikaze has 15 seconds left.\n|\n|t:|1776415980\n|switch|p2a: Incineroar|Incineroar, L50, M, shiny|19/100\n|-ability|p2a: Incineroar|Intimidate|boost\n|-unboost|p1a: Froslass|atk|1\n|-unboost|p1b: Garchomp|atk|1\n|move|p1a: Froslass|Blizzard|p2a: Incineroar|[spread] p2a,p2b\n|-resisted|p2a: Incineroar|1\n|-supereffective|p2b: Sinistcha|1\n|-damage|p2a: Incineroar|0 fnt\n|-damage|p2b: Sinistcha|0 fnt\n|faint|p2a: Incineroar\n|faint|p2b: Sinistcha\n|move|p1b: Garchomp|Stomping Tantrum|p2: Incineroar|[notarget]\n|-fail|p1b: Garchomp\n|\n|-weather|Snowscape|[upkeep]\n|upkeep\n|\n|t:|1776415988\n|switch|p2b: Gardevoir|Gardevoir-Mega, L50, F, shiny|39/100\n|switch|p2a: Milotic|Milotic, L50, F|100/100\n|turn|9\n|\n|t:|1776416010\n|move|p1a: Froslass|Blizzard|p2a: Milotic|[spread] p2a,p2b\n|-resisted|p2a: Milotic|1\n|-damage|p2a: Milotic|86/100\n|-damage|p2b: Gardevoir|8/100\n|move|p1b: Garchomp|Rock Slide|p2a: Milotic|[spread] p2a,p2b\n|-damage|p2a: Milotic|75/100\n|-damage|p2b: Gardevoir|0 fnt\n|faint|p2b: Gardevoir\n|cant|p2a: Milotic|flinch\n|\n|-weather|Snowscape|[upkeep]\n|-heal|p2a: Milotic|81/100|[from] item: Leftovers\n|upkeep\n|turn|10\n|c|\u2606SimMikaze|Bruh\n|\n|t:|1776416033\n|move|p1a: Froslass|Blizzard|p2a: Milotic\n|-resisted|p2a: Milotic|1\n|-damage|p2a: Milotic|59/100\n|move|p1b: Garchomp|Stomping Tantrum|p2a: Milotic\n|-damage|p2a: Milotic|40/100\n|move|p2a: Milotic|Ice Beam|p1b: Garchomp\n|-supereffective|p1b: Garchomp|2\n|-damage|p1b: Garchomp|0 fnt\n|faint|p1b: Garchomp\n|\n|-weather|Snowscape|[upkeep]\n|-heal|p2a: Milotic|46/100|[from] item: Leftovers\n|upkeep\n|turn|11\n|c|\u2606SimMikaze|A nice timing freeze\n|\n|t:|1776416049\n|move|p1a: Froslass|Shadow Ball|p2a: Milotic\n|-damage|p2a: Milotic|14/100\n|move|p2a: Milotic|Recover|p2a: Milotic\n|-heal|p2a: Milotic|64/100\n|\n|-weather|none\n|-heal|p2a: Milotic|70/100|[from] item: Leftovers\n|-sideend|p1: Shimichin|move: Aurora Veil\n|upkeep\n|turn|12\n|\n|t:|1776416060\n|move|p2a: Milotic|Protect|p2a: Milotic\n|-singleturn|p2a: Milotic|Protect\n|move|p1a: Froslass|Shadow Ball|p2a: Milotic\n|-activate|p2a: Milotic|move: Protect\n|\n|-heal|p2a: Milotic|76/100|[from] item: Leftovers\n|upkeep\n|turn|13\n|\n|t:|1776416069\n|move|p1a: Froslass|Shadow Ball|p2a: Milotic\n|-damage|p2a: Milotic|45/100\n|move|p2a: Milotic|Scald|p1a: Froslass\n|-damage|p1a: Froslass|37/100\n|\n|-heal|p2a: Milotic|51/100|[from] item: Leftovers\n|upkeep\n|turn|14\n|\n|t:|1776416080\n|move|p2a: Milotic|Protect|p2a: Milotic\n|-singleturn|p2a: Milotic|Protect\n|move|p1a: Froslass|Shadow Ball|p2a: Milotic\n|-activate|p2a: Milotic|move: Protect\n|\n|-heal|p2a: Milotic|57/100|[from] item: Leftovers\n|upkeep\n|turn|15\n|\n|t:|1776416089\n|move|p1a: Froslass|Shadow Ball|p2a: Milotic\n|-damage|p2a: Milotic|27/100\n|-unboost|p2a: Milotic|spd|1\n|-ability|p2a: Milotic|Competitive|boost\n|-boost|p2a: Milotic|spa|2\n|move|p2a: Milotic|Recover|p2a: Milotic\n|-heal|p2a: Milotic|77/100\n|\n|-heal|p2a: Milotic|83/100|[from] item: Leftovers\n|upkeep\n|turn|16\n|\n|t:|1776416102\n|move|p2a: Milotic|Protect|p2a: Milotic\n|-singleturn|p2a: Milotic|Protect\n|move|p1a: Froslass|Shadow Ball|p2a: Milotic\n|-activate|p2a: Milotic|move: Protect\n|\n|-heal|p2a: Milotic|89/100|[from] item: Leftovers\n|upkeep\n|turn|17\n|\n|t:|1776416111\n|move|p1a: Froslass|Shadow Ball|p2a: Milotic\n|-damage|p2a: Milotic|47/100\n|move|p2a: Milotic|Scald|p1a: Froslass\n|-damage|p1a: Froslass|0 fnt\n|faint|p1a: Froslass\n|\n|win|SimMikaze\n|raw|Shimichin's rating: 1366 &rarr; <strong>1341</strong><br />(-25 for losing)\n|raw|SimMikaze's rating: 1272 &rarr; <strong>1304</strong><br />(+32 for winning)\n|l|\u2606Shimichin\n|player|p1|\n",
  "uploadtime": 1776416124,
  "views": 33,
  "formatid": "gen9championsvgc2026regma",
  "rating": 1304,
  "private": 0,
  "password": null
}