{
  "id": "gen9championsvgc2026regma-2588156397",
  "format": "[Gen 9 Champions] VGC 2026 Reg M-A",
  "players": [
    "LUMK",
    "Ibbynj99"
  ],
  "log": "|j|\u2606LUMK\n|j|\u2606Ibbynj99\n|t:|1776609901\n|gametype|doubles\n|player|p1|LUMK|preschooler|1065\n|player|p2|Ibbynj99|101|1038\n|gen|9\n|tier|[Gen 9 Champions] VGC 2026 Reg M-A\n|rated|\n|rule|Species Clause: Limit one of each Pok\u00e9mon\n|rule|Item Clause: Limit 1 of each item\n|clearpoke\n|poke|p1|Meganium, L50, M|\n|poke|p1|Archaludon, L50, M|\n|poke|p1|Farigiraf, L50, M|\n|poke|p1|Dragonite, L50, F|\n|poke|p1|Tauros-Paldea-Aqua, L50, M|\n|poke|p1|Basculegion, L50, M|\n|poke|p2|Victreebel, L50, F|\n|poke|p2|Corviknight, L50, M|\n|poke|p2|Whimsicott, L50, F|\n|poke|p2|Tauros-Paldea-Aqua, L50, M|\n|poke|p2|Ninetales-Alola, L50, F|\n|poke|p2|Torkoal, L50, M|\n|teampreview|4\nLUMK rejected open team sheets.\n|inactive|Battle timer is ON: inactive players will automatically lose when time's up. (requested by LUMK)\n|\n|t:|1776609932\n|teamsize|p1|4\n|teamsize|p2|4\n|start\n|switch|p1a: Dragonite|Dragonite, L50, F|100/100\n|switch|p1b: Archaludon|Archaludon, L50, M|100/100\n|switch|p2a: Victreebel|Victreebel, L50, F|100/100\n|switch|p2b: Whimsicott|Whimsicott, L50, F|100/100\n|turn|1\n|\n|t:|1776609945\n|detailschange|p2a: Victreebel|Victreebel-Mega, L50, F\n|-mega|p2a: Victreebel|Victreebel|Victreebelite\n|move|p2b: Whimsicott|Tailwind|p2b: Whimsicott\n|-sidestart|p2: Ibbynj99|move: Tailwind\n|move|p2a: Victreebel|Acid Spray|p1a: Dragonite\n|-damage|p1a: Dragonite|89/100\n|-unboost|p1a: Dragonite|spd|2\n|move|p1a: Dragonite|Dragon Dance|p1a: Dragonite\n|-boost|p1a: Dragonite|atk|1\n|-boost|p1a: Dragonite|spe|1\n|move|p1b: Archaludon|Flash Cannon|p2b: Whimsicott\n|-supereffective|p2b: Whimsicott|1\n|-damage|p2b: Whimsicott|7/100\n|\n|-heal|p1a: Dragonite|95/100|[from] item: Leftovers\n|upkeep\n|turn|2\n|\n|t:|1776609966\n|move|p2b: Whimsicott|Encore|p1a: Dragonite\n|-start|p1a: Dragonite|Encore\n|move|p1a: Dragonite|Dragon Dance|p1a: Dragonite\n|-boost|p1a: Dragonite|atk|1\n|-boost|p1a: Dragonite|spe|1\n|move|p2a: Victreebel|Sludge Wave|p1a: Dragonite|[spread] p2b,p1a\n|-immune|p1b: Archaludon\n|-supereffective|p2b: Whimsicott|2\n|-crit|p2b: Whimsicott\n|-damage|p2b: Whimsicott|0 fnt\n|-damage|p1a: Dragonite|24/100\n|-status|p1a: Dragonite|psn\n|faint|p2b: Whimsicott\n|move|p1b: Archaludon|Flash Cannon|p2a: Victreebel\n|-damage|p2a: Victreebel|58/100\n|\n|-heal|p1a: Dragonite|30/100 psn|[from] item: Leftovers\n|-damage|p1a: Dragonite|18/100 psn|[from] psn\n|upkeep\n|j| theechee\n|c| theechee|trraaaaaaaaaaaaash\n|c| theechee|couldnt handle a pigeon\n|inactive|Ibbynj99 has 30 seconds left.\n|\n|t:|1776609993\n|switch|p2b: Torkoal|Torkoal, L50, M|100/100\n|-weather|SunnyDay|[from] ability: Drought|[of] p2b: Torkoal\n|turn|3\n|c| theechee|thats why u lost ur last game\n|c| theechee|and had to change ur team\n|c|\u2606Ibbynj99|what are you on about XD?\n|inactive|LUMK has 30 seconds left.\n|inactive|Ibbynj99 has 30 seconds left.\n|inactive|LUMK has 20 seconds left.\n|inactive|LUMK has 15 seconds left.\n|inactive|LUMK has 10 seconds left.\n|inactive|LUMK has 5 seconds left.\n|\n|t:|1776610046\n|move|p1a: Dragonite|Dragon Dance|p1a: Dragonite\n|-boost|p1a: Dragonite|atk|1\n|-boost|p1a: Dragonite|spe|1\n|move|p2a: Victreebel|Strength Sap|p1a: Dragonite\n|-unboost|p1a: Dragonite|atk|1\n|-heal|p2a: Victreebel|100/100\n|move|p1b: Archaludon|Draco Meteor|p2a: Victreebel\n|-damage|p2a: Victreebel|35/100\n|-unboost|p1b: Archaludon|spa|2\n|move|p2b: Torkoal|Earth Power|p1b: Archaludon\n|-supereffective|p1b: Archaludon|1\n|-damage|p1b: Archaludon|51/100\n|-ability|p1b: Archaludon|Stamina|boost\n|-boost|p1b: Archaludon|def|1\n|\n|-weather|SunnyDay|[upkeep]\n|-heal|p1a: Dragonite|24/100 psn|[from] item: Leftovers\n|-damage|p1a: Dragonite|12/100 psn|[from] psn\n|upkeep\n|turn|4\n|inactive|LUMK has 30 seconds left.\n|inactive|Ibbynj99 has 30 seconds left.\n|\n|t:|1776610080\n|switch|p1a: Farigiraf|Farigiraf, L50, M|100/100\n|move|p2a: Victreebel|Giga Drain|p1a: Farigiraf\n|-damage|p1a: Farigiraf|60/100\n|-heal|p2a: Victreebel|62/100|[from] drain|[of] p1a: Farigiraf\n|move|p1b: Archaludon|Draco Meteor|p2b: Torkoal|[miss]\n|-miss|p1b: Archaludon|p2b: Torkoal\n|move|p2b: Torkoal|Earth Power|p1b: Archaludon\n|-supereffective|p1b: Archaludon|1\n|-damage|p1b: Archaludon|0 fnt\n|faint|p1b: Archaludon\n|\n|-weather|SunnyDay|[upkeep]\n|-sideend|p2: Ibbynj99|move: Tailwind\n|upkeep\n|\n|t:|1776610089\n|switch|p1b: Basculegion|Basculegion, L50, M|100/100\n|turn|5\n|\n|t:|1776610107\n|move|p2b: Torkoal|Protect|p2b: Torkoal\n|-singleturn|p2b: Torkoal|Protect\n|move|p1b: Basculegion|Last Respects|p2a: Victreebel\n|-damage|p2a: Victreebel|0 fnt\n|-damage|p1b: Basculegion|46/100|[from] ability: Innards Out|[of] p2a: Victreebel\n|faint|p2a: Victreebel\n|move|p1a: Farigiraf|Psychic|p2b: Torkoal\n|-activate|p2b: Torkoal|move: Protect\n|\n|-weather|SunnyDay|[upkeep]\n|upkeep\n|\n|t:|1776610115\n|switch|p2a: Ninetales|Ninetales-Alola, L50, F|100/100\n|-weather|Snowscape|[from] ability: Snow Warning|[of] p2a: Ninetales\n|turn|6\n|\n|t:|1776610127\n|move|p1b: Basculegion|Aqua Jet|p2b: Torkoal\n|-supereffective|p2b: Torkoal|1\n|-damage|p2b: Torkoal|64/100\n|move|p2a: Ninetales|Aurora Veil|p2a: Ninetales\n|-sidestart|p2: Ibbynj99|move: Aurora Veil\n|move|p1a: Farigiraf|Agility|p1a: Farigiraf\n|-boost|p1a: Farigiraf|spe|2\n|move|p2b: Torkoal|Earth Power|p1b: Basculegion\n|-damage|p1b: Basculegion|22/100\n|-unboost|p1b: Basculegion|spd|1\n|\n|-weather|Snowscape|[upkeep]\n|-heal|p2b: Torkoal|71/100|[from] item: Leftovers\n|upkeep\n|turn|7\n|\n|t:|1776610140\n|move|p1b: Basculegion|Aqua Jet|p2b: Torkoal\n|-supereffective|p2b: Torkoal|1\n|-damage|p2b: Torkoal|43/100\n|move|p1a: Farigiraf|Psychic|p2b: Torkoal\n|-damage|p2b: Torkoal|17/100\n|move|p2a: Ninetales|Blizzard|p1b: Basculegion|[spread] p1a,p1b\n|-crit|p1a: Farigiraf\n|-resisted|p1b: Basculegion|1\n|-damage|p1a: Farigiraf|4/100\n|-damage|p1b: Basculegion|0 fnt\n|-status|p1a: Farigiraf|frz\n|-enditem|p1a: Farigiraf|Lum Berry|[eat]\n|-curestatus|p1a: Farigiraf|frz|[msg]\n|faint|p1b: Basculegion\n|move|p2b: Torkoal|Heat Wave|p1a: Farigiraf\n|-damage|p1a: Farigiraf|0 fnt\n|faint|p1a: Farigiraf\n|\n|-weather|Snowscape|[upkeep]\n|-heal|p2b: Torkoal|23/100|[from] item: Leftovers\n|upkeep\n|\n|t:|1776610149\n|switch|p1b: Dragonite|Dragonite, L50, F|12/100 psn\n|turn|8\n|c| theechee|not u\n|c| theechee|the dude ur playing\n|-message|LUMK forfeited.\n|\n|win|Ibbynj99\n",
  "uploadtime": 1776610033,
  "views": 5,
  "formatid": "gen9championsvgc2026regma",
  "rating": null,
  "private": 0,
  "password": null
}