{
  "id": "gen9championsvgc2026regma-2587767878",
  "format": "[Gen 9 Champions] VGC 2026 Reg M-A",
  "players": [
    "jimmythunder",
    "eevee1ynn"
  ],
  "log": "|j|\u2606jimmythunder\n|j|\u2606eevee1ynn\n|t:|1776562008\n|gametype|doubles\n|player|p1|jimmythunder|gentleman-gen4|1275\n|player|p2|eevee1ynn|unknownf|1344\n|gen|9\n|tier|[Gen 9 Champions] VGC 2026 Reg M-A\n|rated|\n|rule|Species Clause: Limit one of each Pok\u00e9mon\n|rule|Item Clause: Limit 1 of each item\n|clearpoke\n|poke|p1|Basculegion, L50, M|\n|poke|p1|Kingambit, L50, M|\n|poke|p1|Sneasler, L50, M|\n|poke|p1|Dragonite, L50, F|\n|poke|p1|Scizor, L50, M|\n|poke|p1|Sinistcha, L50|\n|poke|p2|Delphox, L50, F|\n|poke|p2|Meowscarada, L50, M|\n|poke|p2|Garchomp, L50, F|\n|poke|p2|Aerodactyl, L50, F|\n|poke|p2|Toxapex, L50, F|\n|poke|p2|Gallade, L50, M|\n|teampreview|4\n|\n|t:|1776562086\n|teamsize|p1|4\n|teamsize|p2|4\n|start\n|switch|p1a: Sneasler|Sneasler, L50, M|100/100\n|switch|p1b: Basculegion|Basculegion, L50, M|100/100\n|switch|p2a: Garchomp|Garchomp, L50, F|100/100\n|switch|p2b: Meowscarada|Meowscarada, L50, M|100/100\n|turn|1\n|\n|t:|1776562129\n|switch|p2b: Aerodactyl|Aerodactyl, L50, F|100/100\n|-ability|p2b: Aerodactyl|Unnerve\n|switch|p1b: Sinistcha|Sinistcha, L50|100/100\n|switch|p1a: Dragonite|Dragonite, L50, F|100/100\n|move|p2a: Garchomp|Swords Dance|p2a: Garchomp\n|-boost|p2a: Garchomp|atk|2\n|\n|upkeep\n|turn|2\n|\n|t:|1776562157\n|move|p2a: Garchomp|Protect|p2a: Garchomp\n|-singleturn|p2a: Garchomp|Protect\n|move|p1b: Sinistcha|Rage Powder|p1b: Sinistcha\n|-singleturn|p1b: Sinistcha|move: Rage Powder\n|move|p2b: Aerodactyl|Rock Slide|p1a: Dragonite|[spread] p1a,p1b\n|-supereffective|p1a: Dragonite|1\n|-damage|p1a: Dragonite|70/100\n|-damage|p1b: Sinistcha|77/100\n|move|p1a: Dragonite|Dragon Dance|p1a: Dragonite\n|-boost|p1a: Dragonite|atk|1\n|-boost|p1a: Dragonite|spe|1\n|\n|upkeep\n|turn|3\n|\n|t:|1776562179\n|move|p2b: Aerodactyl|Rock Slide|p1a: Dragonite|[spread] p1a,p1b\n|-supereffective|p1a: Dragonite|1\n|-damage|p1a: Dragonite|11/100\n|-damage|p1b: Sinistcha|54/100\n|move|p1a: Dragonite|Dragon Claw|p2a: Garchomp\n|-supereffective|p2a: Garchomp|1\n|-damage|p2a: Garchomp|0 fnt\n|-damage|p1a: Dragonite|0 fnt|[from] ability: Rough Skin|[of] p2a: Garchomp\n|faint|p2a: Garchomp\n|faint|p1a: Dragonite\n|move|p1b: Sinistcha|Life Dew|p1b: Sinistcha\n|-heal|p1b: Sinistcha|79/100\n|\n|upkeep\n|\n|t:|1776562189\n|switch|p2a: Delphox|Delphox, L50, F|100/100\n|switch|p1a: Sneasler|Sneasler, L50, M|100/100\n|turn|4\n|\n|t:|1776562213\n|detailschange|p2a: Delphox|Delphox-Mega, L50, F\n|-mega|p2a: Delphox|Delphox|Delphoxite\n|move|p1a: Sneasler|Fake Out|p2b: Aerodactyl\n|-resisted|p2b: Aerodactyl|1\n|-damage|p2b: Aerodactyl|88/100\n|move|p2a: Delphox|Heat Wave|p1a: Sneasler|[spread] p1a,p1b\n|-supereffective|p1b: Sinistcha|1\n|-damage|p1a: Sneasler|46/100\n|-damage|p1b: Sinistcha|37/100\n|cant|p2b: Aerodactyl|flinch\n|move|p1b: Sinistcha|Shadow Ball|p2a: Delphox\n|-supereffective|p2a: Delphox|1\n|-damage|p2a: Delphox|38/100\n|\n|upkeep\n|turn|5\n|\n|t:|1776562257\n|move|p2a: Delphox|Heat Wave|p1b: Sinistcha|[spread] p1a,p1b\n|-supereffective|p1b: Sinistcha|1\n|-damage|p1a: Sneasler|0 fnt\n|-damage|p1b: Sinistcha|0 fnt\n|faint|p1a: Sneasler\n|faint|p1b: Sinistcha\n|move|p2b: Aerodactyl|Dual Wingbeat|p1: Sneasler|[notarget]\n|-fail|p2b: Aerodactyl\n|\n|upkeep\n|\n|t:|1776562259\n|switch|p1b: Basculegion|Basculegion, L50, M|100/100\n|turn|6\n|\n|t:|1776562277\n|move|p1b: Basculegion|Aqua Jet|p2a: Delphox\n|-supereffective|p2a: Delphox|1\n|-damage|p2a: Delphox|0 fnt\n|faint|p2a: Delphox\n|move|p2b: Aerodactyl|Tailwind|p2b: Aerodactyl\n|-sidestart|p2: eevee1ynn|move: Tailwind\n|\n|upkeep\n|\n|t:|1776562279\n|switch|p2a: Meowscarada|Meowscarada, L50, M|100/100\n|turn|7\n|\n|t:|1776562282\n|move|p1b: Basculegion|Aqua Jet|p2b: Aerodactyl\n|-supereffective|p2b: Aerodactyl|1\n|-damage|p2b: Aerodactyl|0 fnt\n|faint|p2b: Aerodactyl\n|move|p2a: Meowscarada|Flower Trick|p1b: Basculegion\n|-start|p2a: Meowscarada|typechange|Grass|[from] ability: Protean\n|-supereffective|p1b: Basculegion|1\n|-crit|p1b: Basculegion\n|-damage|p1b: Basculegion|0 fnt\n|faint|p1b: Basculegion\n|\n|win|eevee1ynn\n|raw|jimmythunder's rating: 1275 &rarr; <strong>1255</strong><br />(-20 for losing)\n|raw|eevee1ynn's rating: 1344 &rarr; <strong>1360</strong><br />(+16 for winning)\n",
  "uploadtime": 1776562282,
  "views": 16,
  "formatid": "gen9championsvgc2026regma",
  "rating": 1255,
  "private": 0,
  "password": null
}