{
  "id": "gen9championsvgc2026regma-2584253000",
  "format": "[Gen 9 Champions] VGC 2026 Reg M-A",
  "players": [
    "W0kMeDed",
    "PlazaRayquaza"
  ],
  "log": "|j|\u2606W0kMeDed\n|j|\u2606PlazaRayquaza\n|t:|1776243530\n|gametype|doubles\n|player|p1|W0kMeDed|palmer|1403\n|player|p2|PlazaRayquaza|calem-masters|1403\n|gen|9\n|tier|[Gen 9 Champions] VGC 2026 Reg M-A\n|rated|\n|rule|Species Clause: Limit one of each Pok\u00e9mon\n|rule|Item Clause: Limit 1 of each item\n|clearpoke\n|poke|p1|Gengar, L50, M|\n|poke|p1|Kommo-o, L50, F|\n|poke|p1|Incineroar, L50, M|\n|poke|p1|Sinistcha, L50|\n|poke|p1|Politoed, L50, M|\n|poke|p1|Basculegion, L50, M|\n|poke|p2|Delphox, L50, M|\n|poke|p2|Empoleon, L50, M|\n|poke|p2|Farigiraf, L50, F|\n|poke|p2|Pangoro, L50, M|\n|poke|p2|Whimsicott, L50, F|\n|poke|p2|Mamoswine, L50, M|\n|teampreview|4\n|j| CrazyyBoi\n|j| zzomu\n|\n|t:|1776243617\n|teamsize|p1|4\n|teamsize|p2|4\n|start\n|switch|p1a: Politoed|Politoed, L50, M|100/100\n|switch|p1b: Basculegion|Basculegion, L50, M|100/100\n|switch|p2a: Napoleon|Empoleon, L50, M, shiny|100/100\n|switch|p2b: Po|Pangoro, L50, M, shiny|100/100\n|-weather|RainDance|[from] ability: Drizzle|[of] p1a: Politoed\n|turn|1\n|\n|t:|1776243653\n|switch|p1b: Kommo-o|Kommo-o, L50, F|100/100\n|move|p2b: Po|Protect|p2b: Po\n|-singleturn|p2b: Po|Protect\n|move|p1a: Politoed|Muddy Water|p2b: Po|[spread] p2a\n|-activate|p2b: Po|move: Protect\n|-resisted|p2a: Napoleon|1\n|-damage|p2a: Napoleon|85/100\n|move|p2a: Napoleon|Icy Wind|p1a: Politoed|[spread] p1b\n|-miss|p2a: Napoleon|p1a: Politoed\n|-supereffective|p1b: Kommo-o|1\n|-damage|p1b: Kommo-o|80/100\n|-unboost|p1b: Kommo-o|spe|1\n|\n|-weather|RainDance|[upkeep]\n|-heal|p2a: Napoleon|91/100|[from] item: Leftovers\n|-heal|p1b: Kommo-o|85/100|[from] item: Leftovers\n|upkeep\n|turn|2\n|\n|t:|1776243682\n|move|p1a: Politoed|Protect|p1a: Politoed\n|-singleturn|p1a: Politoed|Protect\n|move|p2b: Po|Close Combat|p1b: Kommo-o\n|-damage|p1b: Kommo-o|43/100\n|-unboost|p2b: Po|def|1\n|-unboost|p2b: Po|spd|1\n|move|p2a: Napoleon|Icy Wind|p1b: Kommo-o|[spread] p1b\n|-activate|p1a: Politoed|move: Protect\n|-supereffective|p1b: Kommo-o|1\n|-damage|p1b: Kommo-o|22/100\n|-unboost|p1b: Kommo-o|spe|1\n|move|p1b: Kommo-o|Iron Defense|p1b: Kommo-o\n|-boost|p1b: Kommo-o|def|2\n|\n|-weather|RainDance|[upkeep]\n|-heal|p2a: Napoleon|97/100|[from] item: Leftovers\n|-heal|p1b: Kommo-o|28/100|[from] item: Leftovers\n|upkeep\n|turn|3\n|l| zzomu\n|\n|t:|1776243701\n|move|p2b: Po|Knock Off|p1a: Politoed\n|-damage|p1a: Politoed|57/100\n|-enditem|p1a: Politoed|Rindo Berry|[from] move: Knock Off|[of] p2b: Po\n|move|p1a: Politoed|Muddy Water|p2a: Napoleon|[spread] p2a,p2b\n|-resisted|p2a: Napoleon|1\n|-damage|p2a: Napoleon|81/100\n|-damage|p2b: Po|40/100\n|-unboost|p2b: Po|accuracy|1\n|move|p2a: Napoleon|Icy Wind|p1b: Kommo-o|[spread] p1a,p1b\n|-resisted|p1a: Politoed|1\n|-crit|p1a: Politoed\n|-supereffective|p1b: Kommo-o|1\n|-damage|p1a: Politoed|50/100\n|-damage|p1b: Kommo-o|8/100\n|-unboost|p1a: Politoed|spe|1\n|-unboost|p1b: Kommo-o|spe|1\n|move|p1b: Kommo-o|Body Press|p2a: Napoleon\n|-supereffective|p2a: Napoleon|1\n|-damage|p2a: Napoleon|0 fnt\n|faint|p2a: Napoleon\n|\n|-weather|RainDance|[upkeep]\n|-heal|p1b: Kommo-o|14/100|[from] item: Leftovers\n|upkeep\n|\n|t:|1776243708\n|switch|p2a: FluffPuff|Whimsicott, L50, F, shiny|100/100\n|turn|4\n|j| faetaso\n|\n|t:|1776243736\n|move|p2a: FluffPuff|Moonblast|p1b: Kommo-o\n|-supereffective|p1b: Kommo-o|2\n|-damage|p1b: Kommo-o|0 fnt\n|faint|p1b: Kommo-o\n|move|p2b: Po|Close Combat|p1a: Politoed\n|-damage|p1a: Politoed|0 fnt\n|-unboost|p2b: Po|def|1\n|-unboost|p2b: Po|spd|1\n|faint|p1a: Politoed\n|\n|-weather|RainDance|[upkeep]\n|upkeep\n|\n|t:|1776243743\n|switch|p1b: Basculegion|Basculegion, L50, M|100/100\n|switch|p1a: Gengar|Gengar, L50, M|100/100\n|turn|5\n|\n|t:|1776243767\n|switch|p2b: Escalator|Farigiraf, L50, F, shiny|100/100\n|detailschange|p1a: Gengar|Gengar-Mega, L50, M\n|-mega|p1a: Gengar|Gengar|Gengarite\n|move|p2a: FluffPuff|Tailwind|p2a: FluffPuff\n|-sidestart|p2: PlazaRayquaza|move: Tailwind\n|move|p1b: Basculegion|Liquidation|p2b: Escalator\n|-damage|p2b: Escalator|45/100\n|-enditem|p2b: Escalator|Sitrus Berry|[eat]\n|-heal|p2b: Escalator|70/100|[from] item: Sitrus Berry\n|move|p1a: Gengar|Shadow Ball|p2a: FluffPuff\n|-damage|p2a: FluffPuff|22/100\n|-unboost|p2a: FluffPuff|spd|1\n|\n|-weather|none\n|upkeep\n|turn|6\n|\n|t:|1776243797\n|move|p2a: FluffPuff|Sunny Day|p2a: FluffPuff\n|-weather|SunnyDay\n|move|p1a: Gengar|Shadow Ball|p2a: FluffPuff\n|-damage|p2a: FluffPuff|0 fnt\n|faint|p2a: FluffPuff\n|move|p2b: Escalator|Psychic Noise|p1a: Gengar\n|-supereffective|p1a: Gengar|1\n|-damage|p1a: Gengar|29/100\n|-start|p1a: Gengar|move: Heal Block\n|move|p1b: Basculegion|Liquidation|p2b: Escalator\n|-damage|p2b: Escalator|54/100\n|\n|-weather|SunnyDay|[upkeep]\n|upkeep\n|\n|t:|1776243803\n|switch|p2a: Po|Pangoro, L50, M, shiny|40/100\n|turn|7\n|\n|t:|1776243825\n|move|p1a: Gengar|Perish Song|p1a: Gengar\n|-start|p1a: Gengar|perish3|[silent]\n|-start|p1b: Basculegion|perish3|[silent]\n|-start|p2a: Po|perish3|[silent]\n|-start|p2b: Escalator|perish3|[silent]\n|-fieldactivate|move: Perish Song\n|move|p2a: Po|Knock Off|p1b: Basculegion\n|-supereffective|p1b: Basculegion|1\n|-enditem|p1b: Basculegion|Focus Sash\n|-damage|p1b: Basculegion|1/100\n|move|p2b: Escalator|Psychic Noise|p1a: Gengar\n|-supereffective|p1a: Gengar|1\n|-damage|p1a: Gengar|0 fnt\n|faint|p1a: Gengar\n|move|p1b: Basculegion|Last Respects|p2a: Po\n|-resisted|p2a: Po|1\n|-damage|p2a: Po|0 fnt\n|faint|p2a: Po\n|\n|-weather|SunnyDay|[upkeep]\n|-start|p2b: Escalator|perish3\n|-start|p1b: Basculegion|perish3\n|upkeep\n|turn|8\n|\n|t:|1776243835\n|move|p1b: Basculegion|Protect|p1b: Basculegion\n|-singleturn|p1b: Basculegion|Protect\n|move|p2b: Escalator|Psychic Noise|p1b: Basculegion\n|-activate|p1b: Basculegion|move: Protect\n|\n|-weather|SunnyDay|[upkeep]\n|-start|p2b: Escalator|perish2\n|-start|p1b: Basculegion|perish2\n|-sideend|p2: PlazaRayquaza|move: Tailwind\n|upkeep\n|turn|9\n|\n|t:|1776243841\n|move|p1b: Basculegion|Liquidation|p2b: Escalator\n|-damage|p2b: Escalator|36/100\n|move|p2b: Escalator|Psychic Noise|p1b: Basculegion\n|-damage|p1b: Basculegion|0 fnt\n|faint|p1b: Basculegion\n|\n|win|PlazaRayquaza\n|raw|W0kMeDed's rating: 1403 &rarr; <strong>1383</strong><br />(-20 for losing)\n|raw|PlazaRayquaza's rating: 1403 &rarr; <strong>1423</strong><br />(+20 for winning)\n|l|\u2606W0kMeDed\n|player|p1|\n",
  "uploadtime": 1776243847,
  "views": 62,
  "formatid": "gen9championsvgc2026regma",
  "rating": 1383,
  "private": 0,
  "password": null
}