{
  "id": "gen9championsvgc2026regma-2587520101",
  "format": "[Gen 9 Champions] VGC 2026 Reg M-A",
  "players": [
    "Da1mon!",
    "Gabiba"
  ],
  "log": "|j|\u2606Da1mon!\n|j|\u2606Gabiba\n|t:|1776538832\n|gametype|doubles\n|player|p1|Da1mon!|ghetsis|1157\n|player|p2|Gabiba|265|1224\n|gen|9\n|tier|[Gen 9 Champions] VGC 2026 Reg M-A\n|rated|\n|rule|Species Clause: Limit one of each Pok\u00e9mon\n|rule|Item Clause: Limit 1 of each item\n|clearpoke\n|poke|p1|Chesnaught, L50, M, shiny|\n|poke|p1|Slowking-Galar, L50, F|\n|poke|p1|Kingambit, L50, F|\n|poke|p1|Armarouge, L50, F|\n|poke|p1|Oranguru, L50, M|\n|poke|p1|Primarina, L50, M|\n|poke|p2|Talonflame, L50, M|\n|poke|p2|Archaludon, L50, M|\n|poke|p2|Pelipper, L50, M|\n|poke|p2|Meganium, L50, F|\n|poke|p2|Incineroar, L50, F|\n|poke|p2|Palafin, L50, M|\n|teampreview|4\n|\n|t:|1776538865\n|teamsize|p1|4\n|teamsize|p2|4\n|start\n|switch|p1a: Chesnaught|Chesnaught, L50, M, shiny|100/100\n|switch|p1b: Oranguru|Oranguru, L50, M|100/100\n|switch|p2a: Palafin|Palafin, L50, M|100/100\n|switch|p2b: Talonflame|Talonflame, L50, M|100/100\n|turn|1\n|\n|t:|1776538881\n|detailschange|p1a: Chesnaught|Chesnaught-Mega, L50, M, shiny\n|-mega|p1a: Chesnaught|Chesnaught|Chesnaughtite\n|move|p1a: Chesnaught|Spiky Shield|p1a: Chesnaught\n|-singleturn|p1a: Chesnaught|move: Protect\n|move|p2b: Talonflame|Brave Bird|p1a: Chesnaught\n|-activate|p1a: Chesnaught|move: Protect\n|-damage|p2b: Talonflame|88/100|[from] Spiky Shield|[of] p1a: Chesnaught\n|move|p2a: Palafin|Flip Turn|p1b: Oranguru\n|-damage|p1b: Oranguru|80/100\n|\n|t:|1776538888\n|detailschange|p2a: Palafin|Palafin-Hero, L50, M\n|switch|p2a: Pelipper|Pelipper, L50, M|100/100|[from] Flip Turn\n|-weather|RainDance|[from] ability: Drizzle|[of] p2a: Pelipper\n|move|p1b: Oranguru|Trick Room|p1b: Oranguru\n|-fieldstart|move: Trick Room|[of] p1b: Oranguru\n|\n|-weather|RainDance|[upkeep]\n|upkeep\n|turn|2\n|\n|t:|1776538908\n|move|p1a: Chesnaught|Thunder Punch|p2a: Pelipper\n|-supereffective|p2a: Pelipper|2\n|-damage|p2a: Pelipper|0 fnt\n|faint|p2a: Pelipper\n|move|p1b: Oranguru|Instruct|p1a: Chesnaught\n|-singleturn|p1a: Chesnaught|move: Instruct|[of] p1b: Oranguru\n|move|p1a: Chesnaught|Thunder Punch|p2b: Talonflame\n|-supereffective|p2b: Talonflame|1\n|-damage|p2b: Talonflame|17/100\n|move|p2b: Talonflame|U-turn|p1b: Oranguru\n|-supereffective|p1b: Oranguru|1\n|-damage|p1b: Oranguru|51/100\n|\n|t:|1776538925\n|switch|p2b: Palafin|Palafin-Hero, L50, M|100/100|[from] U-turn\n|-activate|p2b: Palafin|ability: Zero to Hero\n|\n|-weather|RainDance|[upkeep]\n|upkeep\n|\n|t:|1776538928\n|switch|p2a: Talonflame|Talonflame, L50, M|17/100\n|turn|3\n|\n|t:|1776538945\n|switch|p1b: Primarina|Primarina, L50, M|100/100\n|move|p2b: Palafin|Protect|p2b: Palafin\n|-singleturn|p2b: Palafin|Protect\n|move|p2a: Talonflame|Protect|p2a: Talonflame\n|-singleturn|p2a: Talonflame|Protect\n|move|p1a: Chesnaught|Body Press|p2a: Talonflame\n|-activate|p2a: Talonflame|move: Protect\n|\n|-weather|RainDance|[upkeep]\n|upkeep\n|turn|4\n|\n|t:|1776538983\n|switch|p2a: Archaludon|Archaludon, L50, M|100/100\n|move|p1a: Chesnaught|Body Press|p2b: Palafin\n|-damage|p2b: Palafin|47/100\n|move|p1b: Primarina|Hyper Voice|p2b: Palafin|[spread] p2a,p2b\n|-resisted|p2a: Archaludon|1\n|-resisted|p2b: Palafin|1\n|-damage|p2a: Archaludon|77/100\n|-damage|p2b: Palafin|20/100\n|-ability|p2a: Archaludon|Stamina|boost\n|-boost|p2a: Archaludon|def|1\n|move|p2b: Palafin|Wave Crash|p1b: Primarina\n|-resisted|p1b: Primarina|1\n|-damage|p1b: Primarina|9/100\n|-damage|p2b: Palafin|0 fnt|[from] Recoil\n|faint|p2b: Palafin\n|\n|-weather|RainDance|[upkeep]\n|-heal|p1b: Primarina|14/100|[from] item: Leftovers\n|-heal|p2a: Archaludon|83/100|[from] item: Leftovers\n|upkeep\n|\n|t:|1776538999\n|switch|p2b: Talonflame|Talonflame, L50, M|17/100\n|turn|5\n|\n|t:|1776539005\n|move|p2a: Archaludon|Protect|p2a: Archaludon\n|-singleturn|p2a: Archaludon|Protect\n|move|p2b: Talonflame|Protect|p2b: Talonflame\n|-singleturn|p2b: Talonflame|Protect\n|move|p1a: Chesnaught|Body Press|p2a: Archaludon\n|-activate|p2a: Archaludon|move: Protect\n|move|p1b: Primarina|Hyper Voice|p2b: Talonflame|[spread] \n|-activate|p2a: Archaludon|move: Protect\n|-activate|p2b: Talonflame|move: Protect\n|\n|-weather|none\n|-heal|p1b: Primarina|20/100|[from] item: Leftovers\n|-heal|p2a: Archaludon|89/100|[from] item: Leftovers\n|-fieldend|move: Trick Room\n|upkeep\n|turn|6\n|\n|t:|1776539055\n|move|p1a: Chesnaught|Spiky Shield|p1a: Chesnaught\n|-singleturn|p1a: Chesnaught|move: Protect\n|move|p2b: Talonflame|Brave Bird|p1a: Chesnaught\n|-activate|p1a: Chesnaught|move: Protect\n|-damage|p2b: Talonflame|5/100|[from] Spiky Shield|[of] p1a: Chesnaught\n|move|p2a: Archaludon|Flash Cannon|p1b: Primarina\n|-damage|p1b: Primarina|0 fnt\n|faint|p1b: Primarina\n|\n|-heal|p2a: Archaludon|95/100|[from] item: Leftovers\n|upkeep\n|\n|t:|1776539069\n|switch|p1b: Kingambit|Kingambit, L50, F|100/100\n|turn|7\n|\n|t:|1776539079\n|move|p1b: Kingambit|Sucker Punch||[still]\n|-fail|p1b: Kingambit\n|move|p2b: Talonflame|Tailwind|p2b: Talonflame\n|-sidestart|p2: Gabiba|move: Tailwind\n|move|p2a: Archaludon|Dragon Pulse|p1a: Chesnaught\n|-damage|p1a: Chesnaught|71/100\n|move|p1a: Chesnaught|Body Press|p2a: Archaludon\n|-supereffective|p2a: Archaludon|1\n|-damage|p2a: Archaludon|38/100\n|-ability|p2a: Archaludon|Stamina|boost\n|-boost|p2a: Archaludon|def|1\n|\n|-heal|p2a: Archaludon|44/100|[from] item: Leftovers\n|upkeep\n|turn|8\n|\n|t:|1776539102\n|move|p1b: Kingambit|Sucker Punch|p2b: Talonflame\n|-damage|p2b: Talonflame|0 fnt\n|faint|p2b: Talonflame\n|move|p2a: Archaludon|Dragon Pulse|p1a: Chesnaught\n|-damage|p1a: Chesnaught|40/100\n|move|p1a: Chesnaught|Body Press|p2a: Archaludon\n|-supereffective|p2a: Archaludon|1\n|-damage|p2a: Archaludon|6/100\n|-ability|p2a: Archaludon|Stamina|boost\n|-boost|p2a: Archaludon|def|1\n|\n|-heal|p2a: Archaludon|12/100|[from] item: Leftovers\n|upkeep\n|turn|9\n|\n|t:|1776539114\n|move|p2a: Archaludon|Dragon Pulse|p1a: Chesnaught\n|-damage|p1a: Chesnaught|9/100\n|move|p1b: Kingambit|Kowtow Cleave|p2a: Archaludon\n|-damage|p2a: Archaludon|0 fnt\n|faint|p2a: Archaludon\n|\n|win|Da1mon!\n|raw|Da1mon!'s rating: 1157 &rarr; <strong>1187</strong><br />(+30 for winning)\n|raw|Gabiba's rating: 1224 &rarr; <strong>1194</strong><br />(-30 for losing)\n|l|\u2606Gabiba\n|player|p2|\n",
  "uploadtime": 1776539122,
  "views": 17,
  "formatid": "gen9championsvgc2026regma",
  "rating": 1187,
  "private": 0,
  "password": null
}