{
  "id": "gen9championsvgc2026regma-2584819303",
  "format": "[Gen 9 Champions] VGC 2026 Reg M-A",
  "players": [
    "Euler614",
    "tronzer"
  ],
  "log": "|j|\u2606Euler614\n|j|\u2606tronzer\n|t:|1776286044\n|gametype|doubles\n|player|p1|Euler614|veteran|1161\n|player|p2|tronzer|roark|1178\n|gen|9\n|tier|[Gen 9 Champions] VGC 2026 Reg M-A\n|rated|\n|rule|Species Clause: Limit one of each Pok\u00e9mon\n|rule|Item Clause: Limit 1 of each item\n|clearpoke\n|poke|p1|Camerupt, L50, F|\n|poke|p1|Mimikyu, L50, M|\n|poke|p1|Milotic, L50, M|\n|poke|p1|Scizor, L50, F|\n|poke|p1|Oranguru, L50, M|\n|poke|p1|Torkoal, L50, F|\n|poke|p2|Runerigus, L50, M|\n|poke|p2|Tyranitar, L50, F|\n|poke|p2|Aurorus, L50, F|\n|poke|p2|Excadrill, L50, F|\n|poke|p2|Stunfisk, L50, M|\n|poke|p2|Aerodactyl, L50, F|\n|teampreview|4\n|inactive|Battle timer is ON: inactive players will automatically lose when time's up. (requested by Euler614)\n|\n|t:|1776286117\n|teamsize|p1|4\n|teamsize|p2|4\n|start\n|switch|p1a: Mimikyu|Mimikyu, L50, M, shiny|100/100\n|switch|p1b: Milotic|Milotic, L50, M|100/100\n|switch|p2a: Aurorus|Aurorus, L50, F|100/100\n|switch|p2b: Runerigus|Runerigus, L50, M|100/100\n|-weather|Snowscape|[from] ability: Snow Warning|[of] p2a: Aurorus\n|turn|1\n|\n|t:|1776286130\n|move|p1a: Mimikyu|Trick|p2b: Runerigus\n|-activate|p1a: Mimikyu|move: Trick|[of] p2b: Runerigus\n|-item|p2b: Runerigus|Choice Scarf|[from] move: Trick\n|-item|p1a: Mimikyu|Mental Herb|[from] move: Trick\n|move|p1b: Milotic|Muddy Water|p2b: Runerigus|[spread] p2a,p2b\n|-supereffective|p2a: Aurorus|1\n|-supereffective|p2b: Runerigus|1\n|-damage|p2a: Aurorus|63/100\n|-damage|p2b: Runerigus|50/100\n|move|p2a: Aurorus|Aurora Veil|p2a: Aurorus\n|-sidestart|p2: tronzer|move: Aurora Veil\n|move|p2b: Runerigus|Iron Defense|p2b: Runerigus\n|-boost|p2b: Runerigus|def|2\n|\n|-weather|Snowscape|[upkeep]\n|upkeep\n|turn|2\n|inactive|Euler614 has 30 seconds left.\n|inactive|tronzer has 30 seconds left.\n|inactive|tronzer has 20 seconds left.\n|\n|t:|1776286169\n|move|p1b: Milotic|Muddy Water|p2a: Aurorus|[spread] p2a,p2b\n|-supereffective|p2a: Aurorus|1\n|-supereffective|p2b: Runerigus|1\n|-damage|p2a: Aurorus|37/100\n|-damage|p2b: Runerigus|17/100\n|move|p2a: Aurorus|Discharge|p1a: Mimikyu|[spread] p1a,p1b\n|-immune|p2b: Runerigus\n|-supereffective|p1b: Milotic|1\n|-activate|p1a: Mimikyu|ability: Disguise\n|-damage|p1a: Mimikyu|100/100\n|-damage|p1b: Milotic|73/100\n|-status|p1b: Milotic|par\n|detailschange|p1a: Mimikyu|Mimikyu-Busted, L50, M, shiny\n|-damage|p1a: Mimikyu|88/100|[from] pokemon: Mimikyu-Busted\n|move|p2b: Runerigus|Iron Defense|p2b: Runerigus\n|-boost|p2b: Runerigus|def|2\n|move|p1a: Mimikyu|Trick Room|p1a: Mimikyu\n|-fieldstart|move: Trick Room|[of] p1a: Mimikyu\n|\n|-weather|Snowscape|[upkeep]\n|-heal|p1b: Milotic|79/100 par|[from] item: Leftovers\n|upkeep\n|turn|3\n|\n|t:|1776286194\n|switch|p2b: Stunfisk|Stunfisk, L50, M|100/100\n|move|p1b: Milotic|Muddy Water|p2a: Aurorus|[spread] p2a,p2b\n|-supereffective|p2a: Aurorus|1\n|-supereffective|p2b: Stunfisk|1\n|-damage|p2a: Aurorus|7/100\n|-damage|p2b: Stunfisk|73/100\n|-unboost|p2a: Aurorus|accuracy|1\n|move|p2a: Aurorus|Discharge|p1a: Mimikyu|[spread] p1a,p1b\n|-immune|p2b: Stunfisk\n|-supereffective|p1b: Milotic|1\n|-damage|p1a: Mimikyu|64/100\n|-damage|p1b: Milotic|56/100 par\n|move|p1a: Mimikyu|Play Rough|p2a: Aurorus\n|-damage|p2a: Aurorus|0 fnt\n|faint|p2a: Aurorus\n|\n|-weather|Snowscape|[upkeep]\n|-heal|p1b: Milotic|62/100 par|[from] item: Leftovers\n|upkeep\n|\n|t:|1776286212\n|switch|p2a: Runerigus|Runerigus, L50, M|17/100\n|turn|4\n|\n|t:|1776286230\n|move|p1b: Milotic|Muddy Water|p2a: Runerigus|[spread] p2a,p2b\n|-supereffective|p2a: Runerigus|1\n|-supereffective|p2b: Stunfisk|1\n|-damage|p2a: Runerigus|0 fnt\n|-damage|p2b: Stunfisk|47/100\n|-enditem|p2b: Stunfisk|Sitrus Berry|[eat]\n|-heal|p2b: Stunfisk|72/100|[from] item: Sitrus Berry\n|faint|p2a: Runerigus\n|move|p2b: Stunfisk|Discharge|p1a: Mimikyu|[spread] p1a,p1b\n|-supereffective|p1b: Milotic|1\n|-damage|p1a: Mimikyu|34/100\n|-damage|p1b: Milotic|26/100 par\n|-status|p1a: Mimikyu|par\n|move|p1a: Mimikyu|Play Rough|p2b: Stunfisk\n|-damage|p2b: Stunfisk|45/100\n|\n|-weather|Snowscape|[upkeep]\n|-heal|p1b: Milotic|32/100 par|[from] item: Leftovers\n|upkeep\n|\n|t:|1776286252\n|switch|p2a: Tyranitar|Tyranitar, L50, F|100/100\n|-weather|Sandstorm|[from] ability: Sand Stream|[of] p2a: Tyranitar\n|turn|5\n|inactive|tronzer has 30 seconds left.\n|inactive|tronzer has 20 seconds left.\n|\n|t:|1776286288\n|detailschange|p2a: Tyranitar|Tyranitar-Mega, L50, F\n|-mega|p2a: Tyranitar|Tyranitar|Tyranitarite\n|move|p2b: Stunfisk|Protect|p2b: Stunfisk\n|-singleturn|p2b: Stunfisk|Protect\n|move|p1b: Milotic|Life Dew|p1b: Milotic|[spread] p1a,p1b\n|-heal|p1a: Mimikyu|59/100 par\n|-heal|p1b: Milotic|58/100 par\n|move|p1a: Mimikyu|Play Rough|p2a: Tyranitar\n|-supereffective|p2a: Tyranitar|1\n|-damage|p2a: Tyranitar|68/100\n|move|p2a: Tyranitar|Rock Slide|p1a: Mimikyu|[spread] p1a,p1b\n|-crit|p1b: Milotic\n|-damage|p1a: Mimikyu|15/100 par\n|-damage|p1b: Milotic|0 fnt\n|faint|p1b: Milotic\n|\n|-weather|Sandstorm|[upkeep]\n|-damage|p1a: Mimikyu|9/100 par|[from] Sandstorm\n|-sideend|p2: tronzer|move: Aurora Veil\n|upkeep\n|\n|t:|1776286308\n|switch|p1b: Oranguru|Oranguru, L50, M|100/100\n|turn|6\n|\n|t:|1776286320\n|move|p2b: Stunfisk|Discharge|p1a: Mimikyu|[spread] p2a,p1a,p1b\n|-damage|p2a: Tyranitar|56/100\n|-damage|p1a: Mimikyu|0 fnt\n|-damage|p1b: Oranguru|84/100\n|faint|p1a: Mimikyu\n|move|p1b: Oranguru|Instruct|p1: Mimikyu|[notarget]\n|-fail|p1b: Oranguru\n|move|p2a: Tyranitar|Crunch|p1b: Oranguru\n|-supereffective|p1b: Oranguru|1\n|-crit|p1b: Oranguru\n|-damage|p1b: Oranguru|0 fnt\n|faint|p1b: Oranguru\n|\n|-weather|Sandstorm|[upkeep]\n|-fieldend|move: Trick Room\n|upkeep\n|-message|Euler614 forfeited.\n|\n|win|tronzer\n|raw|Euler614's rating: 1161 &rarr; <strong>1137</strong><br />(-24 for losing)\n|raw|tronzer's rating: 1178 &rarr; <strong>1202</strong><br />(+24 for winning)\n|l|\u2606Euler614\n|player|p1|\n|c|\u2606tronzer|what was lat\n",
  "uploadtime": 1776286340,
  "views": 31,
  "formatid": "gen9championsvgc2026regma",
  "rating": 1137,
  "private": 0,
  "password": null
}