{
  "id": "gen9championsvgc2026regma-2588159262",
  "format": "[Gen 9 Champions] VGC 2026 Reg M-A",
  "players": [
    "Dinz77",
    "randomtrainername"
  ],
  "log": "|j|\u2606Dinz77\n|j|\u2606randomtrainername\n|t:|1776610165\n|gametype|doubles\n|player|p1|Dinz77|2|1167\n|player|p2|randomtrainername|169|1129\n|gen|9\n|tier|[Gen 9 Champions] VGC 2026 Reg M-A\n|rated|\n|rule|Species Clause: Limit one of each Pok\u00e9mon\n|rule|Item Clause: Limit 1 of each item\n|clearpoke\n|poke|p1|Heracross, L50, M|\n|poke|p1|Whimsicott, L50, M|\n|poke|p1|Politoed, L50, F|\n|poke|p1|Basculegion, L50, M|\n|poke|p1|Incineroar, L50, M|\n|poke|p1|Archaludon, L50, M|\n|poke|p2|Heracross, L50, M|\n|poke|p2|Cofagrigus, L50, F|\n|poke|p2|Milotic, L50, M|\n|poke|p2|Hatterene, L50, F|\n|poke|p2|Scizor, L50, F|\n|poke|p2|Basculegion, L50, M|\n|teampreview|4\n|inactive|Battle timer is ON: inactive players will automatically lose when time's up. (requested by randomtrainername)\nDinz77 has agreed to open team sheets.\n|inactive|Dinz77 has 60 seconds left.\nrandomtrainername rejected open team sheets.\n|inactive|Dinz77 has 30 seconds left.\n|\n|t:|1776610233\n|teamsize|p1|4\n|teamsize|p2|4\n|start\n|switch|p1a: Whimsicott|Whimsicott, L50, M|100/100\n|switch|p1b: Basculegion|Basculegion, L50, M|100/100\n|switch|p2a: Cofagrigus|Cofagrigus, L50, F|100/100\n|switch|p2b: Heracross|Heracross, L50, M|100/100\n|turn|1\n|\n|t:|1776610243\n|move|p2b: Heracross|Protect|p2b: Heracross\n|-singleturn|p2b: Heracross|Protect\n|move|p1a: Whimsicott|Taunt|p2a: Cofagrigus\n|-start|p2a: Cofagrigus|move: Taunt\n|-enditem|p2a: Cofagrigus|Mental Herb\n|-end|p2a: Cofagrigus|move: Taunt\n|move|p1b: Basculegion|Flip Turn|p2b: Heracross\n|-activate|p2b: Heracross|move: Protect\n|move|p2a: Cofagrigus|Trick Room|p2a: Cofagrigus\n|-fieldstart|move: Trick Room|[of] p2a: Cofagrigus\n|\n|upkeep\n|turn|2\n|\n|t:|1776610266\n|detailschange|p2b: Heracross|Heracross-Mega, L50, M\n|-mega|p2b: Heracross|Heracross|Heracronite\n|move|p1a: Whimsicott|Encore|p2a: Cofagrigus\n|-start|p2a: Cofagrigus|Encore\n|move|p2b: Heracross|Rock Blast|p1a: Whimsicott\n|-damage|p1a: Whimsicott|80/100\n|-damage|p1a: Whimsicott|61/100\n|-damage|p1a: Whimsicott|43/100\n|-damage|p1a: Whimsicott|23/100\n|-damage|p1a: Whimsicott|2/100\n|-hitcount|p1a: Whimsicott|5\n|move|p1b: Basculegion|Flip Turn|p2b: Heracross\n|-damage|p2b: Heracross|71/100\n|inactive|Dinz77 has 30 seconds left.\n|inactive|Dinz77 has 20 seconds left.\n|inactive|Dinz77 has 15 seconds left.\n|\n|t:|1776610307\n|switch|p1b: Heracross|Heracross, L50, M|100/100|[from] Flip Turn\n|move|p2a: Cofagrigus|Trick Room|p2a: Cofagrigus\n|-fieldend|move: Trick Room\n|\n|upkeep\n|turn|3\n|\n|t:|1776610326\n|switch|p2a: Basculegion|Basculegion, L50, M|100/100\n|detailschange|p1b: Heracross|Heracross-Mega, L50, M\n|-mega|p1b: Heracross|Heracross|Heracronite\n|move|p2b: Heracross|Protect|p2b: Heracross\n|-singleturn|p2b: Heracross|Protect\n|move|p1a: Whimsicott|Moonblast|p2a: Basculegion\n|-damage|p2a: Basculegion|58/100\n|move|p1b: Heracross|Rock Blast|p2a: Basculegion\n|-crit|p2a: Basculegion\n|-damage|p2a: Basculegion|34/100\n|-damage|p2a: Basculegion|18/100\n|-damage|p2a: Basculegion|2/100\n|-damage|p2a: Basculegion|0 fnt\n|faint|p2a: Basculegion\n|-hitcount|p2: Basculegion|4\n|\n|upkeep\n|\n|t:|1776610345\n|switch|p2a: Cofagrigus|Cofagrigus, L50, F|100/100\n|turn|4\n|inactive|Dinz77 has 30 seconds left.\n|\n|t:|1776610375\n|move|p1a: Whimsicott|Taunt|p2a: Cofagrigus\n|-start|p2a: Cofagrigus|move: Taunt\n|move|p1b: Heracross|Rock Blast|p2a: Cofagrigus\n|-damage|p2a: Cofagrigus|91/100\n|-damage|p2a: Cofagrigus|81/100\n|-damage|p2a: Cofagrigus|71/100\n|-damage|p2a: Cofagrigus|62/100\n|-damage|p2a: Cofagrigus|51/100\n|-hitcount|p2a: Cofagrigus|5\n|move|p2b: Heracross|Rock Blast|p1b: Heracross|[miss]\n|-miss|p2b: Heracross|p1b: Heracross\n|move|p2a: Cofagrigus|Shadow Ball|p1a: Whimsicott\n|-damage|p1a: Whimsicott|0 fnt\n|faint|p1a: Whimsicott\n|\n|upkeep\n|\n|t:|1776610385\n|switch|p1a: Basculegion|Basculegion, L50, M|100/100\n|turn|5\n|\n|t:|1776610404\n|move|p1a: Basculegion|Flip Turn|p2a: Cofagrigus\n|-damage|p2a: Cofagrigus|21/100\n|-activate|p2a: Cofagrigus|ability: Mummy|p1a: Basculegion|[ability] Adaptability\n|\n|t:|1776610409\n|switch|p1a: Archaludon|Archaludon, L50, M|100/100|[from] Flip Turn\n|move|p1b: Heracross|Rock Blast|p2b: Heracross\n|-damage|p2b: Heracross|59/100\n|-damage|p2b: Heracross|47/100\n|-damage|p2b: Heracross|36/100\n|-damage|p2b: Heracross|24/100\n|-damage|p2b: Heracross|12/100\n|-hitcount|p2b: Heracross|5\n|move|p2b: Heracross|Rock Blast|p1b: Heracross\n|-damage|p1b: Heracross|88/100\n|-damage|p1b: Heracross|75/100\n|-damage|p1b: Heracross|62/100\n|-damage|p1b: Heracross|50/100\n|-damage|p1b: Heracross|37/100\n|-hitcount|p1b: Heracross|5\n|move|p2a: Cofagrigus|Shadow Ball|p1a: Archaludon\n|-damage|p1a: Archaludon|65/100\n|\n|upkeep\n|turn|6\n|inactive|Dinz77 has 30 seconds left.\n|inactive|Dinz77 has 20 seconds left.\n|\n|t:|1776610444\n|move|p2b: Heracross|Protect|p2b: Heracross\n|-singleturn|p2b: Heracross|Protect\n|move|p1a: Archaludon|Flash Cannon|p2a: Cofagrigus\n|-damage|p2a: Cofagrigus|0 fnt\n|faint|p2a: Cofagrigus\n|move|p1b: Heracross|Pin Missile|p2b: Heracross\n|-activate|p2b: Heracross|move: Protect\n|\n|upkeep\n|\n|t:|1776610452\n|switch|p2a: Milotic|Milotic, L50, M|100/100\n|turn|7\n|\n|t:|1776610462\n|move|p1a: Archaludon|Flash Cannon|p2b: Heracross\n|-damage|p2b: Heracross|0 fnt\n|faint|p2b: Heracross\n|move|p1b: Heracross|Close Combat|p2a: Milotic\n|-damage|p2a: Milotic|36/100\n|-unboost|p1b: Heracross|def|1\n|-unboost|p1b: Heracross|spd|1\n|move|p2a: Milotic|Scald|p1b: Heracross\n|-damage|p1b: Heracross|0 fnt\n|faint|p1b: Heracross\n|\n|-heal|p2a: Milotic|42/100|[from] item: Leftovers\n|upkeep\n|-message|randomtrainername forfeited.\n|\n|win|Dinz77\n|raw|Dinz77's rating: 1167 &rarr; <strong>1189</strong><br />(+22 for winning)\n|raw|randomtrainername's rating: 1129 &rarr; <strong>1107</strong><br />(-22 for losing)\n|l|\u2606randomtrainername\n|player|p2|\n|c|\u2606Dinz77|gg\n",
  "uploadtime": 1776610477,
  "views": 11,
  "formatid": "gen9championsvgc2026regma",
  "rating": 1107,
  "private": 0,
  "password": null
}