{
  "id": "gen9championsvgc2026regma-2588262646",
  "format": "[Gen 9 Champions] VGC 2026 Reg M-A",
  "players": [
    "unhommeetsonpeche",
    "yuriimon"
  ],
  "log": "|j|\u2606unhommeetsonpeche\n|j|\u2606yuriimon\n|t:|1776619095\n|gametype|doubles\n|player|p1|unhommeetsonpeche|2|1098\n|player|p2|yuriimon|waitress-gen4|1195\n|gen|9\n|tier|[Gen 9 Champions] VGC 2026 Reg M-A\n|rated|\n|rule|Species Clause: Limit one of each Pok\u00e9mon\n|rule|Item Clause: Limit 1 of each item\n|clearpoke\n|poke|p1|Arcanine-Hisui, L50, M|\n|poke|p1|Whimsicott, L50, M|\n|poke|p1|Heracross, L50, M|\n|poke|p1|Dragonite, L50, F|\n|poke|p1|Slowking-Galar, L50, F|\n|poke|p1|Rhyperior, L50, F|\n|poke|p2|Mimikyu, L50, F|\n|poke|p2|Crabominable, L50, M|\n|poke|p2|Vivillon-Tundra, L50, M|\n|poke|p2|Garchomp, L50, F|\n|poke|p2|Abomasnow, L50, M|\n|poke|p2|Kingambit, L50, F|\n|teampreview|4\n|inactive|Battle timer is ON: inactive players will automatically lose when time's up. (requested by yuriimon)\n|\n|t:|1776619112\n|teamsize|p1|4\n|teamsize|p2|4\n|start\n|switch|p1a: Arcanine|Arcanine-Hisui, L50, M|100/100\n|switch|p1b: Whimsicott|Whimsicott, L50, M|100/100\n|switch|p2a: Crabominable|Crabominable, L50, M|100/100\n|switch|p2b: Kanaya|Mimikyu, L50, F|100/100\n|-ability|p1a: Arcanine|Intimidate|boost\n|-fail|p2a: Crabominable|unboost|Attack|[from] ability: Hyper Cutter|[of] p2a: Crabominable\n|-unboost|p2b: Kanaya|atk|1\n|turn|1\n|inactive|unhommeetsonpeche has 30 seconds left.\n|inactive|unhommeetsonpeche has 20 seconds left.\n|inactive|unhommeetsonpeche has 15 seconds left.\n|inactive|unhommeetsonpeche has 10 seconds left.\n|\n|t:|1776619159\n|detailschange|p2a: Crabominable|Crabominable-Mega, L50, M\n|-mega|p2a: Crabominable|Crabominable|Crabominite\n|move|p2a: Crabominable|Protect|p2a: Crabominable\n|-singleturn|p2a: Crabominable|Protect\n|move|p1b: Whimsicott|Tailwind|p1b: Whimsicott\n|-sidestart|p1: unhommeetsonpeche|move: Tailwind\n|move|p1a: Arcanine|Flare Blitz|p2a: Crabominable\n|-activate|p2a: Crabominable|move: Protect\n|move|p2b: Kanaya|Trick Room|p2b: Kanaya\n|-fieldstart|move: Trick Room|[of] p2b: Kanaya\n|\n|upkeep\n|turn|2\n|\n|t:|1776619178\n|switch|p1a: Slowking|Slowking-Galar, L50, F|100/100\n|move|p2b: Kanaya|Shadow Sneak|p1b: Whimsicott\n|-damage|p1b: Whimsicott|89/100\n|move|p1b: Whimsicott|Encore|p2b: Kanaya\n|-start|p2b: Kanaya|Encore\n|-enditem|p2b: Kanaya|Mental Herb\n|-end|p2b: Kanaya|Encore\n|move|p2a: Crabominable|Ice Hammer|p1b: Whimsicott\n|-supereffective|p1b: Whimsicott|1\n|-damage|p1b: Whimsicott|0 fnt\n|-unboost|p2a: Crabominable|spe|1\n|faint|p1b: Whimsicott\n|\n|upkeep\n|\n|t:|1776619195\n|switch|p1b: Heracross|Heracross, L50, M|100/100\n|turn|3\n|\n|t:|1776619206\n|detailschange|p1b: Heracross|Heracross-Mega, L50, M\n|-mega|p1b: Heracross|Heracross|Heracronite\n|move|p2a: Crabominable|Ice Hammer|p1b: Heracross\n|-damage|p1b: Heracross|24/100\n|-unboost|p2a: Crabominable|spe|1\n|move|p1a: Slowking|Sludge Bomb|p2b: Kanaya\n|-activate|p2b: Kanaya|ability: Disguise\n|-damage|p2b: Kanaya|100/100\n|detailschange|p2b: Kanaya|Mimikyu-Busted, L50, F\n|-damage|p2b: Kanaya|88/100|[from] pokemon: Mimikyu-Busted\n|move|p2b: Kanaya|Play Rough|p1b: Heracross\n|-supereffective|p1b: Heracross|1\n|-damage|p1b: Heracross|0 fnt\n|faint|p1b: Heracross\n|\n|upkeep\n|inactive|unhommeetsonpeche has 30 seconds left.\n|inactive|unhommeetsonpeche has 20 seconds left.\n|inactive|unhommeetsonpeche has 15 seconds left.\n|inactive|unhommeetsonpeche has 10 seconds left.\n|inactive|unhommeetsonpeche has 5 seconds left.\n|\n|t:|1776619257\n|switch|p1b: Arcanine|Arcanine-Hisui, L50, M|100/100\n|-ability|p1b: Arcanine|Intimidate|boost\n|-unboost|p2a: Crabominable|atk|1\n|-unboost|p2b: Kanaya|atk|1\n|turn|4\n|\n|t:|1776619273\n|switch|p2a: Abomasnow|Abomasnow, L50, M|100/100\n|-weather|Snowscape|[from] ability: Snow Warning|[of] p2a: Abomasnow\n|move|p1b: Arcanine|Protect|p1b: Arcanine\n|-singleturn|p1b: Arcanine|Protect\n|move|p2b: Kanaya|Shadow Sneak|p1a: Slowking\n|-supereffective|p1a: Slowking|1\n|-damage|p1a: Slowking|86/100\n|move|p1a: Slowking|Sludge Bomb|p2b: Kanaya\n|-damage|p2b: Kanaya|37/100\n|\n|-weather|Snowscape|[upkeep]\n|-sideend|p1: unhommeetsonpeche|move: Tailwind\n|upkeep\n|turn|5\n|\n|t:|1776619290\n|switch|p2b: Crabominable|Crabominable-Mega, L50, M|100/100\n|move|p1a: Slowking|Nasty Plot|p1a: Slowking\n|-boost|p1a: Slowking|spa|2\n|move|p2a: Abomasnow|Aurora Veil|p2a: Abomasnow\n|-sidestart|p2: yuriimon|move: Aurora Veil\n|move|p1b: Arcanine|Rock Slide|p2a: Abomasnow|[spread] p2a,p2b\n|-supereffective|p2a: Abomasnow|1\n|-damage|p2a: Abomasnow|76/100\n|-damage|p2b: Crabominable|91/100\n|\n|-weather|Snowscape|[upkeep]\n|-fieldend|move: Trick Room\n|upkeep\n|turn|6\n|inactive|unhommeetsonpeche has 30 seconds left.\n|\n|t:|1776619316\n|move|p1b: Arcanine|Protect|p1b: Arcanine\n|-singleturn|p1b: Arcanine|Protect\n|move|p2b: Crabominable|Mach Punch|p1b: Arcanine\n|-activate|p1b: Arcanine|move: Protect\n|move|p2a: Abomasnow|Leech Seed|p1a: Slowking\n|-start|p1a: Slowking|move: Leech Seed\n|move|p1a: Slowking|Nasty Plot|p1a: Slowking\n|-boost|p1a: Slowking|spa|2\n|\n|-weather|Snowscape|[upkeep]\n|-damage|p1a: Slowking|73/100|[from] Leech Seed|[of] p2a: Abomasnow\n|-heal|p2a: Abomasnow|91/100|[silent]\n|upkeep\n|turn|7\n|\n|t:|1776619330\n|move|p2b: Crabominable|Mach Punch|p1b: Arcanine\n|-supereffective|p1b: Arcanine|1\n|-damage|p1b: Arcanine|31/100\n|-enditem|p1b: Arcanine|Sitrus Berry|[eat]\n|-heal|p1b: Arcanine|56/100|[from] item: Sitrus Berry\n|move|p1b: Arcanine|Flare Blitz|p2b: Crabominable\n|-supereffective|p2b: Crabominable|1\n|-damage|p2b: Crabominable|56/100\n|-damage|p1b: Arcanine|46/100|[from] Recoil\n|move|p2a: Abomasnow|Blizzard|p1b: Arcanine|[spread] p1a,p1b\n|-resisted|p1b: Arcanine|1\n|-damage|p1a: Slowking|55/100\n|-damage|p1b: Arcanine|32/100\n|move|p1a: Slowking|Sludge Bomb|p2a: Abomasnow\n|-supereffective|p2a: Abomasnow|1\n|-crit|p2a: Abomasnow\n|-damage|p2a: Abomasnow|0 fnt\n|faint|p2a: Abomasnow\n|\n|-weather|Snowscape|[upkeep]\n|upkeep\n|\n|t:|1776619344\n|switch|p2a: Kingambit|Kingambit, L50, F|100/100\n|turn|8\n|inactive|unhommeetsonpeche has 30 seconds left.\n|\n|t:|1776619379\n|move|p1b: Arcanine|Protect|p1b: Arcanine\n|-singleturn|p1b: Arcanine|Protect\n|move|p2a: Kingambit|Sucker Punch|p1a: Slowking\n|-supereffective|p1a: Slowking|1\n|-damage|p1a: Slowking|0 fnt\n|faint|p1a: Slowking\n|move|p2b: Crabominable|Mach Punch|p1b: Arcanine\n|-activate|p1b: Arcanine|move: Protect\n|\n|-weather|none\n|upkeep\n|turn|9\n|\n|t:|1776619390\n|move|p2b: Crabominable|Mach Punch|p1b: Arcanine\n|-supereffective|p1b: Arcanine|1\n|-damage|p1b: Arcanine|0 fnt\n|faint|p1b: Arcanine\n|\n|win|yuriimon\n|raw|unhommeetsonpeche's rating: 1098 &rarr; <strong>1080</strong><br />(-18 for losing)\n|raw|yuriimon's rating: 1195 &rarr; <strong>1213</strong><br />(+18 for winning)\n|c|\u2606yuriimon|gg\n|l|\u2606unhommeetsonpeche\n|player|p1|\n",
  "uploadtime": 1776619403,
  "views": 9,
  "formatid": "gen9championsvgc2026regma",
  "rating": 1080,
  "private": 0,
  "password": null
}