{
  "id": "gen9championsvgc2026regma-2588747787",
  "format": "[Gen 9 Champions] VGC 2026 Reg M-A",
  "players": [
    "le143",
    "VegitoSKBEST"
  ],
  "log": "|j|\u2606le143\n|j|\u2606VegitoSKBEST\n|t:|1776665521\n|gametype|doubles\n|player|p1|le143|265|1307\n|player|p2|VegitoSKBEST|miku-ghost|1303\n|gen|9\n|tier|[Gen 9 Champions] VGC 2026 Reg M-A\n|rated|\n|rule|Species Clause: Limit one of each Pok\u00e9mon\n|rule|Item Clause: Limit 1 of each item\n|clearpoke\n|poke|p1|Blastoise, L50, M|\n|poke|p1|Sneasler, L50, M|\n|poke|p1|Archaludon, L50, M|\n|poke|p1|Pelipper, L50, M|\n|poke|p1|Sinistcha, L50|\n|poke|p1|Umbreon, L50, F, shiny|\n|poke|p2|Drampa, L50, F|\n|poke|p2|Gallade, L50, M, shiny|\n|poke|p2|Sinistcha, L50, shiny|\n|poke|p2|Incineroar, L50, M, shiny|\n|poke|p2|Scizor, L50, M|\n|poke|p2|Primarina, L50, F|\n|teampreview|4\n|inactive|Battle timer is ON: inactive players will automatically lose when time's up. (requested by VegitoSKBEST)\n|inactive|VegitoSKBEST has 60 seconds left.\n|\n|t:|1776665566\n|teamsize|p1|4\n|teamsize|p2|4\n|start\n|switch|p1a: Archaludon|Archaludon, L50, M|100/100\n|switch|p1b: Pelipper|Pelipper, L50, M|100/100\n|switch|p2a: Sinistcha|Sinistcha, L50, shiny|100/100\n|switch|p2b: Drampa|Drampa, L50, F|100/100\n|-weather|RainDance|[from] ability: Drizzle|[of] p1b: Pelipper\n|-ability|p2b: Drampa|Cloud Nine\n|turn|1\n|inactive|le143 has 30 seconds left.\n|\n|t:|1776665596\n|switch|p1b: Umbreon|Umbreon, L50, F, shiny|100/100\n|move|p2b: Drampa|Protect|p2b: Drampa\n|-singleturn|p2b: Drampa|Protect\n|move|p1a: Archaludon|Aura Sphere|p2b: Drampa\n|-activate|p2b: Drampa|move: Protect\n|move|p2a: Sinistcha|Trick Room|p2a: Sinistcha\n|-fieldstart|move: Trick Room|[of] p2a: Sinistcha\n|\n|-weather|RainDance|[upkeep]\n|upkeep\n|turn|2\n|\n|t:|1776665611\n|detailschange|p2b: Drampa|Drampa-Mega, L50, F\n|-mega|p2b: Drampa|Drampa|Drampanite\n|move|p2a: Sinistcha|Rage Powder|p2a: Sinistcha\n|-singleturn|p2a: Sinistcha|move: Rage Powder\n|move|p2b: Drampa|Calm Mind|p2b: Drampa\n|-boost|p2b: Drampa|spa|1\n|-boost|p2b: Drampa|spd|1\n|move|p1b: Umbreon|Snarl|p2a: Sinistcha|[spread] p2a,p2b\n|-supereffective|p2a: Sinistcha|1\n|-enditem|p2a: Sinistcha|Colbur Berry|[eat]\n|-enditem|p2a: Sinistcha|Colbur Berry|[weaken]\n|-damage|p2a: Sinistcha|90/100\n|-damage|p2b: Drampa|96/100\n|-unboost|p2a: Sinistcha|spa|1\n|-unboost|p2b: Drampa|spa|1\n|move|p1a: Archaludon|Aura Sphere|p2a: Sinistcha\n|-immune|p2a: Sinistcha\n|\n|-weather|RainDance|[upkeep]\n|upkeep\n|turn|3\n|inactive|VegitoSKBEST has 30 seconds left.\n|inactive|VegitoSKBEST has 20 seconds left.\n|\n|t:|1776665650\n|switch|p2a: Scizor|Scizor, L50, M|100/100\n|move|p2b: Drampa|Earth Power|p1a: Archaludon\n|-supereffective|p1a: Archaludon|1\n|-ability|p1a: Archaludon|Sturdy\n|-damage|p1a: Archaludon|1/100\n|move|p1b: Umbreon|Snarl|p2b: Drampa|[spread] p2a,p2b\n|-damage|p2a: Scizor|89/100\n|-damage|p2b: Drampa|89/100\n|-unboost|p2a: Scizor|spa|1\n|-unboost|p2b: Drampa|spa|1\n|move|p1a: Archaludon|Aura Sphere|p2b: Drampa\n|-supereffective|p2b: Drampa|1\n|-crit|p2b: Drampa\n|-damage|p2b: Drampa|24/100\n|-ability|p2b: Drampa|Berserk|boost\n|-boost|p2b: Drampa|spa|1\n|\n|-weather|RainDance|[upkeep]\n|upkeep\n|turn|4\n|inactive|le143 has 30 seconds left.\n|inactive|VegitoSKBEST has 30 seconds left.\n|inactive|le143 has 20 seconds left.\n|inactive|le143 has 15 seconds left.\n|\n|t:|1776665693\n|move|p2b: Drampa|Hyper Voice|p1b: Umbreon|[spread] p1a,p1b\n|-resisted|p1a: Archaludon|1\n|-damage|p1a: Archaludon|0 fnt\n|-damage|p1b: Umbreon|73/100\n|faint|p1a: Archaludon\n|move|p1b: Umbreon|Snarl|p2b: Drampa|[spread] p2a,p2b\n|-damage|p2a: Scizor|78/100\n|-damage|p2b: Drampa|19/100\n|-unboost|p2a: Scizor|spa|1\n|-unboost|p2b: Drampa|spa|1\n|move|p2a: Scizor|Swords Dance|p2a: Scizor\n|-boost|p2a: Scizor|atk|2\n|\n|-weather|RainDance|[upkeep]\n|-heal|p1b: Umbreon|79/100|[from] item: Leftovers\n|upkeep\n|\n|t:|1776665709\n|switch|p1a: Sinistcha|Sinistcha, L50|100/100\n|-heal|p1b: Umbreon|100/100|[from] ability: Hospitality|[of] p1a: Sinistcha\n|turn|5\n|inactive|VegitoSKBEST has 30 seconds left.\n|\n|t:|1776665742\n|switch|p2b: Sinistcha|Sinistcha, L50, shiny|90/100\n|-heal|p2a: Scizor|100/100|[from] ability: Hospitality|[of] p2b: Sinistcha\n|move|p2a: Scizor|Bug Bite|p1a: Sinistcha\n|-damage|p1a: Sinistcha|9/100\n|-enditem|p1a: Sinistcha|Sitrus Berry|[from] stealeat|[move] Bug Bite|[of] p2a: Scizor\n|move|p1b: Umbreon|Foul Play|p2a: Scizor\n|-damage|p2a: Scizor|0 fnt\n|faint|p2a: Scizor\n|move|p1a: Sinistcha|Life Dew||[still]|[spread] p1a,p1b\n|-heal|p1a: Sinistcha|35/100\n|-fail|p1b: Umbreon|heal\n|\n|-weather|none\n|-fieldend|move: Trick Room\n|upkeep\n|\n|t:|1776665752\n|switch|p2a: Gallade|Gallade, L50, M, shiny|100/100\n|turn|6\n|\n|t:|1776665773\n|move|p2b: Sinistcha|Rage Powder|p2b: Sinistcha\n|-singleturn|p2b: Sinistcha|move: Rage Powder\n|move|p1a: Sinistcha|Life Dew||[still]|[spread] p1a,p1b\n|-heal|p1a: Sinistcha|60/100\n|-fail|p1b: Umbreon|heal\n|move|p1b: Umbreon|Snarl|p2a: Gallade|[spread] p2a,p2b\n|-supereffective|p2b: Sinistcha|1\n|-crit|p2b: Sinistcha\n|-damage|p2a: Gallade|91/100\n|-damage|p2b: Sinistcha|60/100\n|-unboost|p2a: Gallade|spa|1\n|-unboost|p2b: Sinistcha|spa|1\n|-enditem|p2a: Gallade|White Herb\n|-clearnegativeboost|p2a: Gallade|[silent]\n|move|p2a: Gallade|Trick Room|p2a: Gallade\n|-fieldstart|move: Trick Room|[of] p2a: Gallade\n|\n|upkeep\n|turn|7\n|\n|t:|1776665796\n|switch|p2b: Drampa|Drampa-Mega, L50, F|19/100\n|move|p1a: Sinistcha|Rage Powder|p1a: Sinistcha\n|-singleturn|p1a: Sinistcha|move: Rage Powder\n|move|p1b: Umbreon|Foul Play|p2a: Gallade\n|-damage|p2a: Gallade|22/100\n|move|p2a: Gallade|Sacred Sword|p1a: Sinistcha\n|-immune|p1a: Sinistcha\n|\n|upkeep\n|turn|8\n|inactive|le143 has 30 seconds left.\n|inactive|le143 has 20 seconds left.\n|\n|t:|1776665832\n|move|p2a: Gallade|Protect|p2a: Gallade\n|-singleturn|p2a: Gallade|Protect\n|move|p1a: Sinistcha|Rage Powder|p1a: Sinistcha\n|-singleturn|p1a: Sinistcha|move: Rage Powder\n|move|p2b: Drampa|Earth Power|p1a: Sinistcha\n|-resisted|p1a: Sinistcha|1\n|-damage|p1a: Sinistcha|43/100\n|move|p1b: Umbreon|Foul Play|p2b: Drampa\n|-damage|p2b: Drampa|0 fnt\n|faint|p2b: Drampa\n|\n|upkeep\n|\n|t:|1776665841\n|switch|p2b: Sinistcha|Sinistcha, L50, shiny|60/100\n|-heal|p2a: Gallade|47/100|[from] ability: Hospitality|[of] p2b: Sinistcha\n|turn|9\n|\n|t:|1776665849\n|move|p2b: Sinistcha|Rage Powder|p2b: Sinistcha\n|-singleturn|p2b: Sinistcha|move: Rage Powder\n|move|p1a: Sinistcha|Rage Powder|p1a: Sinistcha\n|-singleturn|p1a: Sinistcha|move: Rage Powder\n|move|p1b: Umbreon|Foul Play|p2b: Sinistcha\n|-supereffective|p2b: Sinistcha|1\n|-damage|p2b: Sinistcha|32/100\n|move|p2a: Gallade|Psycho Cut|p1a: Sinistcha\n|-damage|p1a: Sinistcha|0 fnt\n|faint|p1a: Sinistcha\n|\n|upkeep\n|\n|t:|1776665859\n|switch|p1a: Pelipper|Pelipper, L50, M|100/100\n|-weather|RainDance|[from] ability: Drizzle|[of] p1a: Pelipper\n|turn|10\n|inactive|le143 has 30 seconds left.\n|\n|t:|1776665885\n|move|p1b: Umbreon|Foul Play|p2a: Gallade\n|-damage|p2a: Gallade|0 fnt\n|faint|p2a: Gallade\n|move|p2b: Sinistcha|Life Dew|p2b: Sinistcha\n|-heal|p2b: Sinistcha|57/100\n|move|p1a: Pelipper|Hurricane|p2b: Sinistcha\n|-supereffective|p2b: Sinistcha|1\n|-damage|p2b: Sinistcha|0 fnt\n|faint|p2b: Sinistcha\n|\n|win|le143\n|raw|le143's rating: 1307 &rarr; <strong>1327</strong><br />(+20 for winning)\n|raw|VegitoSKBEST's rating: 1303 &rarr; <strong>1283</strong><br />(-20 for losing)\n|l|\u2606VegitoSKBEST\n|player|p2|\n",
  "uploadtime": 1776665903,
  "views": 32,
  "formatid": "gen9championsvgc2026regma",
  "rating": 1283,
  "private": 0,
  "password": null
}