{
  "id": "gen9championsvgc2026regma-2585609580",
  "format": "[Gen 9 Champions] VGC 2026 Reg M-A",
  "players": [
    "Where Is My Router",
    "kanye2032"
  ],
  "log": "|j|\u2606Where Is My Router\n|j|\u2606kanye2032\n|t:|1776358680\n|gametype|doubles\n|player|p1|Where Is My Router|giovanni|1126\n|player|p2|kanye2032|winona|1040\n|gen|9\n|tier|[Gen 9 Champions] VGC 2026 Reg M-A\n|rated|\n|rule|Species Clause: Limit one of each Pok\u00e9mon\n|rule|Item Clause: Limit 1 of each item\n|clearpoke\n|poke|p1|Golurk, L50|\n|poke|p1|Mimikyu, L50, F|\n|poke|p1|Basculegion, L50, M|\n|poke|p1|Spiritomb, L50, F|\n|poke|p1|Sinistcha-Masterpiece, L50|\n|poke|p1|Zoroark-Hisui, L50, M|\n|poke|p2|Camerupt, L50, F|\n|poke|p2|Torkoal, L50, F|\n|poke|p2|Farigiraf, L50, F|\n|poke|p2|Maushold, L50|\n|poke|p2|Meganium, L50, M|\n|poke|p2|Pelipper, L50, M|\n|teampreview|4\n|inactive|Battle timer is ON: inactive players will automatically lose when time's up. (requested by kanye2032)\n|\n|t:|1776358694\n|teamsize|p1|4\n|teamsize|p2|4\n|start\n|switch|p1a: Atlas|Golurk, L50|100/100\n|switch|p1b: Holly|Mimikyu, L50, F|100/100\n|switch|p2a: Farigiraf|Farigiraf, L50, F|100/100\n|switch|p2b: Torkoal|Torkoal, L50, F|100/100\n|-weather|SunnyDay|[from] ability: Drought|[of] p2b: Torkoal\n|turn|1\n|\n|t:|1776358711\n|detailschange|p1a: Atlas|Golurk-Mega, L50\n|-mega|p1a: Atlas|Golurk|Golurkite\n|move|p2b: Torkoal|Protect|p2b: Torkoal\n|-singleturn|p2b: Torkoal|Protect\n|move|p1a: Atlas|Headlong Rush|p2b: Torkoal\n|-supereffective|p2b: Torkoal|1\n|-ability|p1a: Atlas|Unseen Fist\n|-zbroken|p2b: Torkoal\n|-damage|p2b: Torkoal|69/100\n|-unboost|p1a: Atlas|def|1\n|-unboost|p1a: Atlas|spd|1\n|move|p1b: Holly|Trick Room|p1b: Holly\n|-fieldstart|move: Trick Room|[of] p1b: Holly\n|move|p2a: Farigiraf|Trick Room|p2a: Farigiraf\n|-fieldend|move: Trick Room\n|\n|-weather|SunnyDay|[upkeep]\n|-heal|p2b: Torkoal|76/100|[from] item: Leftovers\n|upkeep\n|turn|2\n|\n|t:|1776358736\n|move|p1b: Holly|Will-O-Wisp|p2a: Farigiraf\n|-status|p2a: Farigiraf|brn\n|move|p1a: Atlas|Headlong Rush|p2b: Torkoal\n|-supereffective|p2b: Torkoal|1\n|-damage|p2b: Torkoal|0 fnt\n|-unboost|p1a: Atlas|def|1\n|-unboost|p1a: Atlas|spd|1\n|faint|p2b: Torkoal\n|move|p2a: Farigiraf|Trick Room|p2a: Farigiraf\n|-fieldstart|move: Trick Room|[of] p2a: Farigiraf\n|\n|-weather|SunnyDay|[upkeep]\n|-damage|p2a: Farigiraf|94/100 brn|[from] brn\n|upkeep\n|\n|t:|1776358743\n|switch|p2b: Camerupt|Camerupt, L50, F|100/100\n|turn|3\n|\n|t:|1776358760\n|move|p2b: Camerupt|Protect|p2b: Camerupt\n|-singleturn|p2b: Camerupt|Protect\n|move|p2a: Farigiraf|Dazzling Gleam|p1b: Holly|[spread] p1a,p1b\n|-damage|p1a: Atlas|68/100\n|-activate|p1b: Holly|ability: Disguise\n|-damage|p1b: Holly|100/100\n|detailschange|p1b: Holly|Mimikyu-Busted, L50, F\n|-damage|p1b: Holly|88/100|[from] pokemon: Mimikyu-Busted\n|move|p1a: Atlas|Headlong Rush|p2b: Camerupt\n|-supereffective|p2b: Camerupt|1\n|-ability|p1a: Atlas|Unseen Fist\n|-zbroken|p2b: Camerupt\n|-damage|p2b: Camerupt|58/100\n|-unboost|p1a: Atlas|def|1\n|-unboost|p1a: Atlas|spd|1\n|move|p1b: Holly|Curse|p2b: Camerupt\n|-start|p2b: Camerupt|Curse|[of] p1b: Holly\n|-damage|p1b: Holly|38/100\n|\n|-weather|SunnyDay|[upkeep]\n|-damage|p2a: Farigiraf|88/100 brn|[from] brn\n|-damage|p2b: Camerupt|33/100|[from] Curse\n|upkeep\n|turn|4\n|inactive|Where Is My Router has 30 seconds left.\n|\n|t:|1776358786\n|switch|p2b: Maushold|Maushold, L50|100/100\n|switch|p1b: Brewdew|Sinistcha-Masterpiece, L50|100/100\n|-heal|p1a: Atlas|92/100|[from] ability: Hospitality|[of] p1b: Brewdew\n|move|p2a: Farigiraf|Dazzling Gleam|p1b: Brewdew|[spread] p1a,p1b\n|-damage|p1a: Atlas|55/100\n|-damage|p1b: Brewdew|79/100\n|move|p1a: Atlas|Headlong Rush|p2b: Maushold\n|-damage|p2b: Maushold|12/100\n|-unboost|p1a: Atlas|def|1\n|-unboost|p1a: Atlas|spd|1\n|\n|-weather|SunnyDay|[upkeep]\n|-damage|p2a: Farigiraf|82/100 brn|[from] brn\n|upkeep\n|turn|5\n|\n|t:|1776358806\n|move|p2b: Maushold|Helping Hand|p2a: Farigiraf\n|-singleturn|p2a: Farigiraf|Helping Hand|[of] p2b: Maushold\n|move|p2a: Farigiraf|Dazzling Gleam|p1b: Brewdew|[spread] p1a,p1b\n|-crit|p1a: Atlas\n|-damage|p1a: Atlas|0 fnt\n|-damage|p1b: Brewdew|48/100\n|faint|p1a: Atlas\n|move|p1b: Brewdew|Matcha Gotcha|p2b: Maushold|[spread] p2a,p2b\n|-damage|p2a: Farigiraf|63/100 brn\n|-heal|p1b: Brewdew|61/100|[from] drain|[of] p2a: Farigiraf\n|-damage|p2b: Maushold|0 fnt\n|-heal|p1b: Brewdew|66/100|[from] drain|[of] p2b: Maushold\n|faint|p2b: Maushold\n|-heal|p1b: Brewdew|70/100|[from] item: Shell Bell|[of] p2: Maushold\n|\n|-weather|none\n|-damage|p2a: Farigiraf|57/100 brn|[from] brn\n|upkeep\n|\n|t:|1776358825\n|switch|p1a: Karonte|Basculegion, L50, M|100/100\n|switch|p2b: Camerupt|Camerupt, L50, F|33/100\n|turn|6\n|-activate|p1a: Karonte|item: Quick Claw\n|\n|t:|1776358843\n|detailschange|p2b: Camerupt|Camerupt-Mega, L50, F\n|-mega|p2b: Camerupt|Camerupt|Cameruptite\n|move|p1a: Karonte|Last Respects|p2b: Camerupt\n|-damage|p2b: Camerupt|0 fnt\n|faint|p2b: Camerupt\n|move|p2a: Farigiraf|Dazzling Gleam|p1b: Brewdew|[spread] p1a,p1b\n|-damage|p1a: Karonte|84/100\n|-damage|p1b: Brewdew|47/100\n|move|p1b: Brewdew|Matcha Gotcha|p2a: Farigiraf\n|-damage|p2a: Farigiraf|16/100 brn\n|-heal|p1b: Brewdew|74/100|[from] drain|[of] p2a: Farigiraf\n|-enditem|p2a: Farigiraf|Sitrus Berry|[eat]\n|-heal|p2a: Farigiraf|41/100 brn|[from] item: Sitrus Berry\n|-heal|p1b: Brewdew|80/100|[from] item: Shell Bell|[of] p2a: Farigiraf\n|\n|-damage|p2a: Farigiraf|34/100 brn|[from] brn\n|-fieldend|move: Trick Room\n|upkeep\n|turn|7\n|-message|kanye2032 forfeited.\n|\n|win|Where Is My Router\n|raw|Where Is My Router's rating: 1126 &rarr; <strong>1145</strong><br />(+19 for winning)\n|raw|kanye2032's rating: 1040 &rarr; <strong>1028</strong><br />(-12 for losing)\n|l|\u2606kanye2032\n|player|p2|\n",
  "uploadtime": 1776358864,
  "views": 37,
  "formatid": "gen9championsvgc2026regma",
  "rating": 1028,
  "private": 0,
  "password": null
}