{
  "id": "gen9championsvgc2026regma-2581536798",
  "format": "[Gen 9 Champions] VGC 2026 Reg M-A",
  "players": [
    "v 15fb",
    "ThePeasent"
  ],
  "log": "|j|\u2606v 15fb\n|j|\u2606ThePeasent\n|t:|1776009110\n|gametype|doubles\n|player|p1|v 15fb|clown|1045\n|player|p2|ThePeasent|170|1083\n|gen|9\n|tier|[Gen 9 Champions] VGC 2026 Reg M-A\n|rated|\n|rule|Species Clause: Limit one of each Pok\u00e9mon\n|rule|Item Clause: Limit 1 of each item\n|clearpoke\n|poke|p1|Zoroark-Hisui, L50, F|\n|poke|p1|Floette-Eternal, L50, F|\n|poke|p1|Whimsicott, L50, M|\n|poke|p1|Basculegion, L50, M|\n|poke|p1|Froslass, L50, F|\n|poke|p1|Alcremie, L50, F|\n|poke|p2|Glimmora, L50, F|\n|poke|p2|Tyranitar, L50, M|\n|poke|p2|Excadrill, L50, M|\n|poke|p2|Milotic, L50, M|\n|poke|p2|Sneasler, L50, F|\n|poke|p2|Rotom-Wash, L50|\n|teampreview|4\n|inactive|Battle timer is ON: inactive players will automatically lose when time's up. (requested by ThePeasent)\n|inactive|v 15fb also wants the timer to be on.\n|inactive|v 15fb has 60 seconds left.\n|\n|t:|1776009142\n|teamsize|p1|4\n|teamsize|p2|4\n|start\n|switch|p1a: Whimsicott|Whimsicott, L50, M|100/100\n|switch|p1b: Floette|Floette-Eternal, L50, F|100/100\n|switch|p2a: Glimmora|Glimmora, L50, F|100/100\n|switch|p2b: Rotom|Rotom-Wash, L50|100/100\n|turn|1\n|\n|t:|1776009158\n|detailschange|p2a: Glimmora|Glimmora-Mega, L50, F\n|-mega|p2a: Glimmora|Glimmora|Glimmoranite\n|detailschange|p1b: Floette|Floette-Mega, L50, F\n|-mega|p1b: Floette|Floette|Floettite\n|-ability|p1b: Floette|Fairy Aura\n|move|p1a: Whimsicott|Icy Wind|p2b: Rotom|[spread] p2b\n|-miss|p1a: Whimsicott|p2a: Glimmora\n|-resisted|p2b: Rotom|1\n|-damage|p2b: Rotom|93/100\n|-unboost|p2b: Rotom|spe|1\n|move|p2a: Glimmora|Sludge Bomb|p1a: Whimsicott\n|-resisted|p1a: Whimsicott|1\n|-damage|p1a: Whimsicott|32/100\n|-status|p1a: Whimsicott|psn\n|replace|p1a: Zoroark|Zoroark-Hisui, L50, F\n|-end|p1a: Zoroark|Illusion\n|move|p1b: Floette|Calm Mind|p1b: Floette\n|-boost|p1b: Floette|spa|1\n|-boost|p1b: Floette|spd|1\n|move|p2b: Rotom|Electroweb|p1b: Floette|[spread] p1a,p1b\n|-damage|p1a: Zoroark|0 fnt\n|-damage|p1b: Floette|92/100\n|-unboost|p1b: Floette|spe|1\n|faint|p1a: Zoroark\n|\n|upkeep\n|\n|t:|1776009179\n|switch|p1a: Whimsicott|Whimsicott, L50, M|100/100\n|turn|2\n|\n|t:|1776009192\n|move|p1b: Floette|Protect|p1b: Floette\n|-singleturn|p1b: Floette|Protect\n|move|p1a: Whimsicott|Tailwind|p1a: Whimsicott\n|-sidestart|p1: v 15fb|move: Tailwind\n|move|p2a: Glimmora|Sludge Bomb|p1b: Floette\n|-activate|p1b: Floette|move: Protect\n|move|p2b: Rotom|Electroweb|p1a: Whimsicott|[spread] p1a\n|-activate|p1b: Floette|move: Protect\n|-resisted|p1a: Whimsicott|1\n|-damage|p1a: Whimsicott|92/100\n|-unboost|p1a: Whimsicott|spe|1\n|\n|upkeep\n|turn|3\n|\n|t:|1776009212\n|switch|p2b: Tyranitar|Tyranitar, L50, M|100/100\n|-weather|Sandstorm|[from] ability: Sand Stream|[of] p2b: Tyranitar\n|move|p1a: Whimsicott|Fake Tears|p2a: Glimmora\n|-unboost|p2a: Glimmora|spd|2\n|move|p1b: Floette|Moonblast|p2a: Glimmora\n|-resisted|p2a: Glimmora|1\n|-damage|p2a: Glimmora|13/100\n|move|p2a: Glimmora|Sludge Bomb|p1b: Floette\n|-supereffective|p1b: Floette|1\n|-damage|p1b: Floette|17/100\n|\n|-weather|Sandstorm|[upkeep]\n|-damage|p1a: Whimsicott|86/100|[from] Sandstorm\n|-damage|p1b: Floette|11/100|[from] Sandstorm\n|upkeep\n|turn|4\n|\n|t:|1776009233\n|switch|p2a: Excadrill|Excadrill, L50, M|100/100\n|move|p1a: Whimsicott|Moonblast|p2b: Tyranitar\n|-supereffective|p2b: Tyranitar|1\n|-damage|p2b: Tyranitar|54/100\n|move|p1b: Floette|Dazzling Gleam|p2b: Tyranitar|[spread] p2a,p2b\n|-resisted|p2a: Excadrill|1\n|-supereffective|p2b: Tyranitar|1\n|-damage|p2a: Excadrill|52/100\n|-damage|p2b: Tyranitar|0 fnt\n|faint|p2b: Tyranitar\n|\n|-weather|Sandstorm|[upkeep]\n|-damage|p1a: Whimsicott|80/100|[from] Sandstorm\n|-damage|p1b: Floette|5/100|[from] Sandstorm\n|upkeep\n|\n|t:|1776009242\n|switch|p2b: Glimmora|Glimmora-Mega, L50, F|13/100\n|turn|5\n|inactive|v 15fb has 30 seconds left.\n|\n|t:|1776009271\n|move|p1b: Floette|Protect|p1b: Floette\n|-singleturn|p1b: Floette|Protect\n|move|p2b: Glimmora|Spiky Shield|p2b: Glimmora\n|-singleturn|p2b: Glimmora|move: Protect\n|move|p2a: Excadrill|Rock Slide|p1a: Whimsicott|[spread] p1a\n|-activate|p1b: Floette|move: Protect\n|-damage|p1a: Whimsicott|54/100\n|cant|p1a: Whimsicott|flinch\n|\n|-weather|Sandstorm|[upkeep]\n|-damage|p1a: Whimsicott|48/100|[from] Sandstorm\n|-damage|p1b: Floette|0 fnt|[from] Sandstorm\n|faint|p1b: Floette\n|-sideend|p1: v 15fb|move: Tailwind\n|upkeep\n|\n|t:|1776009284\n|switch|p1b: Basculegion|Basculegion, L50, M|100/100\n|turn|6\n|\n|t:|1776009293\n|switch|p2b: Rotom|Rotom-Wash, L50|93/100\n|move|p1a: Whimsicott|Encore||[still]\n|-fail|p1a: Whimsicott\n|move|p2a: Excadrill|Earthquake|p1a: Whimsicott|[spread] p1a,p1b\n|-immune|p2b: Rotom|[from] ability: Levitate\n|-resisted|p1a: Whimsicott|1\n|-damage|p1a: Whimsicott|26/100\n|-damage|p1b: Basculegion|45/100\n|move|p1b: Basculegion|Last Respects|p2a: Excadrill\n|-damage|p2a: Excadrill|0 fnt\n|faint|p2a: Excadrill\n|\n|-weather|Sandstorm|[upkeep]\n|-damage|p1b: Basculegion|38/100|[from] Sandstorm\n|-damage|p2b: Rotom|88/100|[from] Sandstorm\n|-damage|p1a: Whimsicott|20/100|[from] Sandstorm\n|upkeep\n|\n|t:|1776009303\n|switch|p2a: Glimmora|Glimmora-Mega, L50, F|13/100\n|turn|7\n|\n|t:|1776009317\n|move|p1b: Basculegion|Last Respects|p2b: Rotom\n|-damage|p2b: Rotom|0 fnt\n|faint|p2b: Rotom\n|move|p2a: Glimmora|Sludge Bomb|p1a: Whimsicott\n|-supereffective|p1a: Whimsicott|2\n|-crit|p1a: Whimsicott\n|-damage|p1a: Whimsicott|0 fnt\n|faint|p1a: Whimsicott\n|\n|-weather|none\n|upkeep\n|turn|8\n|\n|t:|1776009323\n|move|p1b: Basculegion|Last Respects|p2a: Glimmora\n|-damage|p2a: Glimmora|0 fnt\n|faint|p2a: Glimmora\n|\n|win|v 15fb\n|raw|v 15fb's rating: 1045 &rarr; <strong>1082</strong><br />(+37 for winning)\n|raw|ThePeasent's rating: 1083 &rarr; <strong>1058</strong><br />(-25 for losing)\n",
  "uploadtime": 1776009325,
  "views": 31,
  "formatid": "gen9championsvgc2026regma",
  "rating": 1058,
  "private": 0,
  "password": null
}