{
  "id": "gen9championsvgc2026regma-2584125199",
  "format": "[Gen 9 Champions] VGC 2026 Reg M-A",
  "players": [
    "sweepy boi",
    "p3rdicion"
  ],
  "log": "|j|\u2606sweepy boi\n|j|\u2606p3rdicion\n|t:|1776227924\n|gametype|doubles\n|player|p1|sweepy boi|skyla|1261\n|player|p2|p3rdicion|harlequin|1176\n|gen|9\n|tier|[Gen 9 Champions] VGC 2026 Reg M-A\n|rated|\n|rule|Species Clause: Limit one of each Pok\u00e9mon\n|rule|Item Clause: Limit 1 of each item\n|clearpoke\n|poke|p1|Palafin, L50, F|\n|poke|p1|Incineroar, L50, F|\n|poke|p1|Sinistcha, L50|\n|poke|p1|Kangaskhan, L50, F|\n|poke|p1|Aegislash, L50, M|\n|poke|p1|Talonflame, L50, M|\n|poke|p2|Volcarona, L50, F|\n|poke|p2|Incineroar, L50, F|\n|poke|p2|Sinistcha, L50|\n|poke|p2|Kangaskhan, L50, F|\n|poke|p2|Milotic, L50, M|\n|poke|p2|Kommo-o, L50, F|\n|teampreview|4\n|\n|t:|1776227956\n|teamsize|p1|4\n|teamsize|p2|4\n|start\n|switch|p1a: Palafin|Palafin, L50, F|100/100\n|switch|p1b: Talonflame|Talonflame, L50, M|100/100\n|switch|p2a: Milotic|Milotic, L50, M, shiny|100/100\n|switch|p2b: Kangaskhan|Kangaskhan, L50, F, shiny|100/100\n|turn|1\n|\n|t:|1776227976\n|detailschange|p1a: Palafin|Palafin-Hero, L50, F\n|switch|p1a: Kangaskhan|Kangaskhan, L50, F|100/100\n|move|p1b: Talonflame|Protect|p1b: Talonflame\n|-singleturn|p1b: Talonflame|Protect\n|move|p2b: Kangaskhan|Fake Out|p1b: Talonflame\n|-activate|p1b: Talonflame|move: Protect\n|move|p2a: Milotic|Icy Wind|p1a: Kangaskhan|[spread] p1a\n|-activate|p1b: Talonflame|move: Protect\n|-damage|p1a: Kangaskhan|91/100\n|-unboost|p1a: Kangaskhan|spe|1\n|\n|upkeep\n|turn|2\n|\n|t:|1776228014\n|switch|p1b: Sinistcha|Sinistcha, L50|100/100\n|-heal|p1a: Kangaskhan|100/100|[from] ability: Hospitality|[of] p1b: Sinistcha\n|switch|p2a: Sinistcha|Sinistcha, L50, shiny|100/100\n|detailschange|p2b: Kangaskhan|Kangaskhan-Mega, L50, F, shiny\n|-mega|p2b: Kangaskhan|Kangaskhan|Kangaskhanite\n|detailschange|p1a: Kangaskhan|Kangaskhan-Mega, L50, F\n|-mega|p1a: Kangaskhan|Kangaskhan|Kangaskhanite\n|move|p2b: Kangaskhan|Double-Edge|p1b: Sinistcha\n|-immune|p1b: Sinistcha\n|move|p1a: Kangaskhan|Double-Edge|p2a: Sinistcha\n|-immune|p2a: Sinistcha\n|\n|upkeep\n|turn|3\n|c|\u2606p3rdicion|jasjajsjajsajsj\n|c|\u2606p3rdicion|asjajsjasjajs\n|c|\u2606p3rdicion|ajsajsjasjajs\n|\n|t:|1776228056\n|switch|p2b: Incineroar|Incineroar, L50, F, shiny|100/100\n|-ability|p2b: Incineroar|Intimidate|boost\n|-unboost|p1a: Kangaskhan|atk|1\n|-unboost|p1b: Sinistcha|atk|1\n|switch|p1a: Palafin|Palafin-Hero, L50, F|100/100\n|-activate|p1a: Palafin|ability: Zero to Hero\n|move|p2a: Sinistcha|Rage Powder|p2a: Sinistcha\n|-singleturn|p2a: Sinistcha|move: Rage Powder\n|move|p1b: Sinistcha|Imprison|p1b: Sinistcha\n|-start|p1b: Sinistcha|move: Imprison\n|\n|upkeep\n|turn|4\n|\n|t:|1776228082\n|switch|p2a: Kangaskhan|Kangaskhan-Mega, L50, F, shiny|100/100\n|move|p2b: Incineroar|Fake Out|p1a: Palafin\n|-damage|p1a: Palafin|90/100\n|cant|p1a: Palafin|flinch\n|move|p1b: Sinistcha|Matcha Gotcha|p2b: Incineroar|[spread] p2a,p2b\n|-resisted|p2b: Incineroar|1\n|-damage|p2a: Kangaskhan|79/100\n|-damage|p2b: Incineroar|90/100\n|\n|-heal|p1a: Palafin|96/100|[from] item: Leftovers\n|upkeep\n|turn|5\n|\n|t:|1776228113\n|switch|p1b: Kangaskhan|Kangaskhan-Mega, L50, F|100/100\n|move|p1a: Palafin|Protect|p1a: Palafin\n|-singleturn|p1a: Palafin|Protect\n|move|p2a: Kangaskhan|Fake Out|p1a: Palafin\n|-activate|p1a: Palafin|move: Protect\n|move|p2b: Incineroar|Flare Blitz|p1b: Kangaskhan\n|-damage|p1b: Kangaskhan|67/100\n|-damage|p2b: Incineroar|78/100|[from] Recoil\n|\n|-heal|p1a: Palafin|100/100|[from] item: Leftovers\n|upkeep\n|turn|6\n|\n|t:|1776228131\n|switch|p2a: Sinistcha|Sinistcha, L50, shiny|100/100\n|-heal|p2b: Incineroar|100/100|[from] ability: Hospitality|[of] p2a: Sinistcha\n|move|p1b: Kangaskhan|Fake Out|p2a: Sinistcha\n|-immune|p2a: Sinistcha\n|move|p1a: Palafin|Bulk Up|p1a: Palafin\n|-boost|p1a: Palafin|atk|1\n|-boost|p1a: Palafin|def|1\n|move|p2b: Incineroar|Parting Shot|p1a: Palafin\n|-unboost|p1a: Palafin|atk|1\n|-unboost|p1a: Palafin|spa|1\n|\n|t:|1776228149\n|switch|p2b: Milotic|Milotic, L50, M, shiny|100/100|[from] Parting Shot\n|\n|upkeep\n|turn|7\n|\n|t:|1776228163\n|switch|p1b: Sinistcha|Sinistcha, L50|100/100\n|move|p2b: Milotic|Helping Hand|p2a: Sinistcha\n|-singleturn|p2a: Sinistcha|Helping Hand|[of] p2b: Milotic\n|move|p1a: Palafin|Protect|p1a: Palafin\n|-singleturn|p1a: Palafin|Protect\n|move|p2a: Sinistcha|Matcha Gotcha|p1b: Sinistcha|[spread] p1b\n|-activate|p1a: Palafin|move: Protect\n|-resisted|p1b: Sinistcha|1\n|-damage|p1b: Sinistcha|83/100\n|-status|p1b: Sinistcha|brn\n|\n|-damage|p1b: Sinistcha|77/100 brn|[from] brn\n|upkeep\n|turn|8\n|\n|t:|1776228195\n|switch|p2b: Kangaskhan|Kangaskhan-Mega, L50, F, shiny|79/100\n|switch|p2a: Incineroar|Incineroar, L50, F, shiny|100/100\n|-ability|p2a: Incineroar|Intimidate|boost\n|-unboost|p1a: Palafin|atk|1\n|-unboost|p1b: Sinistcha|atk|1\n|move|p1a: Palafin|Bulk Up|p1a: Palafin\n|-boost|p1a: Palafin|atk|1\n|-boost|p1a: Palafin|def|1\n|move|p1b: Sinistcha|Imprison|p1b: Sinistcha\n|-start|p1b: Sinistcha|move: Imprison\n|\n|-damage|p1b: Sinistcha|71/100 brn|[from] brn\n|upkeep\n|turn|9\n|\n|t:|1776228226\n|move|p1b: Sinistcha|Protect|p1b: Sinistcha\n|-singleturn|p1b: Sinistcha|Protect\n|move|p2b: Kangaskhan|Fake Out|p1a: Palafin\n|-damage|p1a: Palafin|89/100\n|-damage|p1a: Palafin|87/100\n|-hitcount|p1a: Palafin|2\n|cant|p1a: Palafin|flinch\n|move|p2a: Incineroar|Flare Blitz|p1b: Sinistcha\n|-activate|p1b: Sinistcha|move: Protect\n|\n|-heal|p1a: Palafin|93/100|[from] item: Leftovers\n|-damage|p1b: Sinistcha|64/100 brn|[from] brn\n|upkeep\n|turn|10\n|\n|t:|1776228268\n|switch|p2a: Sinistcha|Sinistcha, L50, shiny|100/100\n|-heal|p2b: Kangaskhan|100/100|[from] ability: Hospitality|[of] p2a: Sinistcha\n|move|p2b: Kangaskhan|Double-Edge|p1a: Palafin\n|-damage|p1a: Palafin|60/100\n|-damage|p1a: Palafin|52/100\n|-hitcount|p1a: Palafin|2\n|-damage|p2b: Kangaskhan|86/100|[from] Recoil\n|move|p1a: Palafin|Wave Crash|p2a: Sinistcha\n|-resisted|p2a: Sinistcha|1\n|-damage|p2a: Sinistcha|66/100\n|-damage|p1a: Palafin|42/100|[from] Recoil\n|move|p1b: Sinistcha|Matcha Gotcha|p2a: Sinistcha|[spread] p2a\n|-miss|p1b: Sinistcha|p2b: Kangaskhan\n|-resisted|p2a: Sinistcha|1\n|-damage|p2a: Sinistcha|56/100\n|-heal|p1b: Sinistcha|69/100 brn|[from] drain|[of] p2a: Sinistcha\n|\n|-heal|p1a: Palafin|48/100|[from] item: Leftovers\n|-damage|p1b: Sinistcha|63/100 brn|[from] brn\n|upkeep\n|turn|11\n|\n|t:|1776228331\n|move|p1b: Sinistcha|Rage Powder|p1b: Sinistcha\n|-singleturn|p1b: Sinistcha|move: Rage Powder\n|move|p2b: Kangaskhan|Double-Edge|p1b: Sinistcha\n|-immune|p1b: Sinistcha\n|move|p1a: Palafin|Bulk Up|p1a: Palafin\n|-boost|p1a: Palafin|atk|1\n|-boost|p1a: Palafin|def|1\n|move|p2a: Sinistcha|Life Dew|p2a: Sinistcha|[spread] p2a,p2b\n|-heal|p2a: Sinistcha|81/100\n|-heal|p2b: Kangaskhan|100/100\n|\n|-heal|p1a: Palafin|54/100|[from] item: Leftovers\n|-damage|p1b: Sinistcha|57/100 brn|[from] brn\n|upkeep\n|turn|12\n|\n|t:|1776228351\n|switch|p2b: Incineroar|Incineroar, L50, F, shiny|100/100\n|-ability|p2b: Incineroar|Intimidate|boost\n|-unboost|p1a: Palafin|atk|1\n|-unboost|p1b: Sinistcha|atk|1\n|switch|p2a: Milotic|Milotic, L50, M, shiny|100/100\n|move|p1b: Sinistcha|Rage Powder|p1b: Sinistcha\n|-singleturn|p1b: Sinistcha|move: Rage Powder\n|move|p1a: Palafin|Wave Crash|p2b: Incineroar\n|-supereffective|p2b: Incineroar|1\n|-crit|p2b: Incineroar\n|-damage|p2b: Incineroar|0 fnt\n|faint|p2b: Incineroar\n|-damage|p1a: Palafin|20/100|[from] Recoil\n|\n|-heal|p1a: Palafin|26/100|[from] item: Leftovers\n|-damage|p1b: Sinistcha|51/100 brn|[from] brn\n|upkeep\n|\n|t:|1776228368\n|switch|p2b: Sinistcha|Sinistcha, L50, shiny|81/100\n|turn|13\n|\n|t:|1776228382\n|move|p1a: Palafin|Protect|p1a: Palafin\n|-singleturn|p1a: Palafin|Protect\n|move|p2a: Milotic|Icy Wind|p1b: Sinistcha|[spread] p1b\n|-activate|p1a: Palafin|move: Protect\n|-supereffective|p1b: Sinistcha|1\n|-damage|p1b: Sinistcha|34/100 brn\n|-unboost|p1b: Sinistcha|spe|1\n|-enditem|p1b: Sinistcha|Sitrus Berry|[eat]\n|-heal|p1b: Sinistcha|59/100 brn|[from] item: Sitrus Berry\n|move|p1b: Sinistcha|Matcha Gotcha|p2b: Sinistcha|[spread] p2b\n|-miss|p1b: Sinistcha|p2a: Milotic\n|-resisted|p2b: Sinistcha|1\n|-damage|p2b: Sinistcha|71/100\n|-heal|p1b: Sinistcha|64/100 brn|[from] drain|[of] p2b: Sinistcha\n|-status|p2b: Sinistcha|brn\n|move|p2b: Sinistcha|Trick Room|p2b: Sinistcha\n|-fieldstart|move: Trick Room|[of] p2b: Sinistcha\n|\n|-heal|p1a: Palafin|32/100|[from] item: Leftovers\n|-damage|p1b: Sinistcha|58/100 brn|[from] brn\n|-damage|p2b: Sinistcha|65/100 brn|[from] brn\n|upkeep\n|turn|14\n|\n|t:|1776228410\n|switch|p2b: Kangaskhan|Kangaskhan-Mega, L50, F, shiny|100/100\n|move|p1b: Sinistcha|Matcha Gotcha|p2a: Milotic|[spread] p2a,p2b\n|-supereffective|p2a: Milotic|1\n|-damage|p2a: Milotic|65/100\n|-heal|p1b: Sinistcha|78/100 brn|[from] drain|[of] p2a: Milotic\n|-damage|p2b: Kangaskhan|77/100\n|-heal|p1b: Sinistcha|90/100 brn|[from] drain|[of] p2b: Kangaskhan\n|move|p2a: Milotic|Icy Wind|p1b: Sinistcha|[spread] p1a,p1b\n|-resisted|p1a: Palafin|1\n|-supereffective|p1b: Sinistcha|1\n|-damage|p1a: Palafin|27/100\n|-damage|p1b: Sinistcha|73/100 brn\n|-unboost|p1a: Palafin|spe|1\n|-unboost|p1b: Sinistcha|spe|1\n|move|p1a: Palafin|Wave Crash|p2a: Milotic\n|-resisted|p2a: Milotic|1\n|-damage|p2a: Milotic|32/100\n|-damage|p1a: Palafin|16/100|[from] Recoil\n|\n|-heal|p1a: Palafin|22/100|[from] item: Leftovers\n|-damage|p1b: Sinistcha|67/100 brn|[from] brn\n|upkeep\n|turn|15\n|\n|t:|1776228436\n|move|p1a: Palafin|Protect|p1a: Palafin\n|-singleturn|p1a: Palafin|Protect\n|move|p2b: Kangaskhan|Fake Out|p1a: Palafin\n|-activate|p1a: Palafin|move: Protect\n|move|p1b: Sinistcha|Matcha Gotcha|p2a: Milotic|[spread] p2a,p2b\n|-supereffective|p2a: Milotic|1\n|-damage|p2a: Milotic|0 fnt\n|-heal|p1b: Sinistcha|85/100 brn|[from] drain|[of] p2a: Milotic\n|-damage|p2b: Kangaskhan|52/100\n|-heal|p1b: Sinistcha|98/100 brn|[from] drain|[of] p2b: Kangaskhan\n|-status|p2b: Kangaskhan|brn\n|faint|p2a: Milotic\n|\n|-heal|p1a: Palafin|28/100|[from] item: Leftovers\n|-damage|p1b: Sinistcha|92/100 brn|[from] brn\n|-damage|p2b: Kangaskhan|46/100 brn|[from] brn\n|upkeep\n|\n|t:|1776228452\n|switch|p2a: Sinistcha|Sinistcha, L50, shiny|65/100 brn\n|-heal|p2b: Kangaskhan|70/100 brn|[from] ability: Hospitality|[of] p2a: Sinistcha\n|turn|16\n|\n|t:|1776228468\n|move|p1b: Sinistcha|Rage Powder|p1b: Sinistcha\n|-singleturn|p1b: Sinistcha|move: Rage Powder\n|move|p1a: Palafin|Wave Crash|p2b: Kangaskhan\n|-damage|p2b: Kangaskhan|0 fnt\n|faint|p2b: Kangaskhan\n|-damage|p1a: Palafin|7/100|[from] Recoil\n|move|p2a: Sinistcha|Life Dew|p2a: Sinistcha\n|-heal|p2a: Sinistcha|90/100 brn\n|\n|-heal|p1a: Palafin|13/100|[from] item: Leftovers\n|-damage|p1b: Sinistcha|86/100 brn|[from] brn\n|-damage|p2a: Sinistcha|84/100 brn|[from] brn\n|upkeep\n|turn|17\n|-message|p3rdicion forfeited.\n|\n|win|sweepy boi\n|raw|sweepy boi's rating: 1261 &rarr; <strong>1280</strong><br />(+19 for winning)\n|raw|p3rdicion's rating: 1176 &rarr; <strong>1157</strong><br />(-19 for losing)\n|l|\u2606p3rdicion\n|player|p2|\n",
  "uploadtime": 1776228483,
  "views": 58,
  "formatid": "gen9championsvgc2026regma",
  "rating": 1157,
  "private": 0,
  "password": null
}