{
  "id": "gen9championsvgc2026regma-2584327731",
  "format": "[Gen 9 Champions] VGC 2026 Reg M-A",
  "players": [
    "QuantumTwinSpark",
    "dioV ehT"
  ],
  "log": "|j|\u2606QuantumTwinSpark\n|j|\u2606dioV ehT\n|t:|1776251673\n|gametype|doubles\n|player|p1|QuantumTwinSpark|cress|1019\n|player|p2|dioV ehT|hilbert|1112\n|gen|9\n|tier|[Gen 9 Champions] VGC 2026 Reg M-A\n|rated|\n|rule|Species Clause: Limit one of each Pok\u00e9mon\n|rule|Item Clause: Limit 1 of each item\n|clearpoke\n|poke|p1|Skarmory, L50, F|\n|poke|p1|Lycanroc-Dusk, L50, M|\n|poke|p1|Weavile, L50, M|\n|poke|p1|Garchomp, L50, M|\n|poke|p1|Salazzle, L50, F|\n|poke|p1|Sinistcha, L50|\n|poke|p2|Araquanid, L50, F|\n|poke|p2|Kangaskhan, L50, F|\n|poke|p2|Chandelure, L50, F|\n|poke|p2|Hatterene, L50, F|\n|poke|p2|Meowstic, L50, M|\n|poke|p2|Steelix, L50, F|\n|teampreview|4\nQuantumTwinSpark rejected open team sheets.\n|\n|t:|1776251734\n|teamsize|p1|4\n|teamsize|p2|4\n|start\n|switch|p1a: Skarmory|Skarmory, L50, F|100/100\n|switch|p1b: Weavile|Weavile, L50, M|100/100\n|switch|p2a: Chandelure|Chandelure, L50, F|100/100\n|switch|p2b: Kangaskhan|Kangaskhan, L50, F|100/100\n|-ability|p1b: Weavile|Pressure\n|turn|1\n|\n|t:|1776251758\n|detailschange|p1a: Skarmory|Skarmory-Mega, L50, F\n|-mega|p1a: Skarmory|Skarmory|Skarmorite\n|move|p1b: Weavile|Fake Out|p2b: Kangaskhan\n|-damage|p2b: Kangaskhan|88/100\n|cant|p2b: Kangaskhan|flinch\n|move|p1a: Skarmory|Taunt|p2a: Chandelure\n|-start|p2a: Chandelure|move: Taunt\n|cant|p2a: Chandelure|move: Taunt|Trick Room\n|\n|upkeep\n|turn|2\n|\n|t:|1776251799\n|switch|p2a: Hatterene|Hatterene, L50, F|100/100\n|move|p1b: Weavile|Throat Chop|p2a: Hatterene\n|-damage|p2a: Hatterene|57/100\n|-start|p2a: Hatterene|Throat Chop|[silent]\n|move|p1a: Skarmory|Brave Bird|p2a: Hatterene\n|-damage|p2a: Hatterene|0 fnt\n|faint|p2a: Hatterene\n|-damage|p1a: Skarmory|83/100|[from] Recoil\n|move|p2b: Kangaskhan|Attract|p1b: Weavile\n|-start|p1b: Weavile|Attract\n|\n|upkeep\n|\n|t:|1776251814\n|switch|p2a: Steelix|Steelix, L50, F|100/100\n|turn|3\n|\n|t:|1776251834\n|switch|p1b: Sinistcha|Sinistcha, L50|100/100\n|-heal|p1a: Skarmory|100/100|[from] ability: Hospitality|[of] p1b: Sinistcha\n|detailschange|p2a: Steelix|Steelix-Mega, L50, F\n|-mega|p2a: Steelix|Steelix|Steelixite\n|move|p2b: Kangaskhan|Helping Hand|p2a: Steelix\n|-singleturn|p2a: Steelix|Helping Hand|[of] p2b: Kangaskhan\n|move|p1a: Skarmory|Taunt|p2a: Steelix\n|-start|p2a: Steelix|move: Taunt\n|move|p2a: Steelix|Rock Slide|p1b: Sinistcha|[spread] p1a\n|-miss|p2a: Steelix|p1b: Sinistcha\n|-damage|p1a: Skarmory|69/100\n|\n|upkeep\n|turn|4\n|\n|t:|1776251863\n|switch|p2b: Chandelure|Chandelure, L50, F|100/100\n|move|p1a: Skarmory|Roost|p1a: Skarmory\n|-heal|p1a: Skarmory|100/100\n|-singleturn|p1a: Skarmory|move: Roost\n|move|p1b: Sinistcha|Matcha Gotcha|p2a: Steelix|[spread] p2b\n|-miss|p1b: Sinistcha|p2a: Steelix\n|-resisted|p2b: Chandelure|1\n|-crit|p2b: Chandelure\n|-damage|p2b: Chandelure|74/100\n|move|p2a: Steelix|Gyro Ball|p1b: Sinistcha\n|-damage|p1b: Sinistcha|73/100\n|\n|upkeep\n|turn|5\n|\n|t:|1776251892\n|move|p1a: Skarmory|Taunt|p2b: Chandelure\n|-start|p2b: Chandelure|move: Taunt\n|move|p1b: Sinistcha|Shadow Ball|p2b: Chandelure\n|-supereffective|p2b: Chandelure|1\n|-damage|p2b: Chandelure|0 fnt\n|faint|p2b: Chandelure\n|move|p2a: Steelix|Rock Slide|p1b: Sinistcha|[spread] p1a,p1b\n|-damage|p1a: Skarmory|80/100\n|-damage|p1b: Sinistcha|51/100\n|\n|-end|p2a: Steelix|move: Taunt\n|upkeep\n|-message|dioV ehT forfeited.\n|\n|win|QuantumTwinSpark\n|raw|QuantumTwinSpark's rating: 1019 &rarr; <strong>1066</strong><br />(+47 for winning)\n|raw|dioV ehT's rating: 1112 &rarr; <strong>1080</strong><br />(-32 for losing)\n|l|\u2606dioV ehT\n|player|p2|\n",
  "uploadtime": 1776252355,
  "views": 25,
  "formatid": "gen9championsvgc2026regma",
  "rating": 1066,
  "private": 0,
  "password": null
}