{
  "id": "gen9championsvgc2026regma-2582744608",
  "format": "[Gen 9 Champions] VGC 2026 Reg M-A",
  "players": [
    "NotTheRealAdo",
    "igonnasuccyourdicc"
  ],
  "log": "|j|\u2606NotTheRealAdo\n|j|\u2606igonnasuccyourdicc\n|t:|1776111122\n|gametype|doubles\n|player|p1|NotTheRealAdo|karen|1130\n|player|p2|igonnasuccyourdicc|2|1058\n|gen|9\n|tier|[Gen 9 Champions] VGC 2026 Reg M-A\n|rated|\n|rule|Species Clause: Limit one of each Pok\u00e9mon\n|rule|Item Clause: Limit 1 of each item\n|clearpoke\n|poke|p1|Floette-Eternal, L50, F|\n|poke|p1|Incineroar, L50, F|\n|poke|p1|Garchomp, L50, F|\n|poke|p1|Sneasler, L50, F|\n|poke|p1|Rotom-Wash, L50|\n|poke|p1|Aerodactyl, L50, F|\n|poke|p2|Gengar, L50, F|\n|poke|p2|Incineroar, L50, M|\n|poke|p2|Sinistcha, L50|\n|poke|p2|Garchomp, L50, M|\n|poke|p2|Aegislash, L50, M|\n|poke|p2|Milotic, L50, F|\n|teampreview|4\n|\n|t:|1776111200\n|teamsize|p1|4\n|teamsize|p2|4\n|start\n|switch|p1a: Garchomp|Garchomp, L50, F|100/100\n|switch|p1b: Rotom|Rotom-Wash, L50|100/100\n|switch|p2a: Milotic|Milotic, L50, F|100/100\n|switch|p2b: Gengar|Gengar, L50, F|100/100\n|turn|1\n|\n|t:|1776111217\n|detailschange|p2b: Gengar|Gengar-Mega, L50, F\n|-mega|p2b: Gengar|Gengar|Gengarite\n|move|p2b: Gengar|Protect|p2b: Gengar\n|-singleturn|p2b: Gengar|Protect\n|move|p1a: Garchomp|Protect|p1a: Garchomp\n|-singleturn|p1a: Garchomp|Protect\n|move|p1b: Rotom|Electroweb|p2a: Milotic|[spread] p2a\n|-activate|p2b: Gengar|move: Protect\n|-supereffective|p2a: Milotic|1\n|-damage|p2a: Milotic|76/100\n|-unboost|p2a: Milotic|spe|1\n|-ability|p2a: Milotic|Competitive|boost\n|-boost|p2a: Milotic|spa|2\n|move|p2a: Milotic|Icy Wind|p1b: Rotom|[spread] p1b\n|-activate|p1a: Garchomp|move: Protect\n|-resisted|p1b: Rotom|1\n|-damage|p1b: Rotom|91/100\n|-unboost|p1b: Rotom|spe|1\n|\n|upkeep\n|turn|2\n|\n|t:|1776111270\n|switch|p2b: Sinistcha|Sinistcha, L50|100/100\n|-heal|p2a: Milotic|100/100|[from] ability: Hospitality|[of] p2b: Sinistcha\n|move|p1a: Garchomp|Earthquake|p2a: Milotic|[spread] p2a,p2b\n|-immune|p1b: Rotom|[from] ability: Levitate\n|-resisted|p2b: Sinistcha|1\n|-damage|p2a: Milotic|68/100\n|-damage|p2b: Sinistcha|81/100\n|move|p1b: Rotom|Electroweb|p2b: Sinistcha|[spread] p2a,p2b\n|-supereffective|p2a: Milotic|1\n|-resisted|p2b: Sinistcha|1\n|-damage|p2a: Milotic|46/100\n|-damage|p2b: Sinistcha|74/100\n|-unboost|p2a: Milotic|spe|1\n|-ability|p2a: Milotic|Competitive|boost\n|-boost|p2a: Milotic|spa|2\n|-unboost|p2b: Sinistcha|spe|1\n|-enditem|p2a: Milotic|Sitrus Berry|[eat]\n|-heal|p2a: Milotic|71/100|[from] item: Sitrus Berry\n|move|p2a: Milotic|Icy Wind|p1a: Garchomp|[spread] p1a,p1b\n|-supereffective|p1a: Garchomp|2\n|-resisted|p1b: Rotom|1\n|-damage|p1a: Garchomp|0 fnt\n|-damage|p1b: Rotom|77/100\n|-unboost|p1b: Rotom|spe|1\n|faint|p1a: Garchomp\n|\n|-heal|p2b: Sinistcha|80/100|[from] item: Leftovers\n|upkeep\n|\n|t:|1776111297\n|switch|p1a: Mary Poppins|Floette-Eternal, L50, F|100/100\n|turn|3\n|\n|t:|1776111331\n|detailschange|p1a: Mary Poppins|Floette-Mega, L50, F\n|-mega|p1a: Mary Poppins|Floette|Floettite\n|-ability|p1a: Mary Poppins|Fairy Aura\n|move|p2b: Sinistcha|Rage Powder|p2b: Sinistcha\n|-singleturn|p2b: Sinistcha|move: Rage Powder\n|move|p1a: Mary Poppins|Dazzling Gleam|p2b: Sinistcha|[spread] p2a,p2b\n|-damage|p2a: Milotic|35/100\n|-damage|p2b: Sinistcha|35/100\n|move|p1b: Rotom|Electroweb|p2b: Sinistcha|[spread] p2a,p2b\n|-supereffective|p2a: Milotic|1\n|-resisted|p2b: Sinistcha|1\n|-damage|p2a: Milotic|11/100\n|-damage|p2b: Sinistcha|28/100\n|-unboost|p2a: Milotic|spe|1\n|-ability|p2a: Milotic|Competitive|boost\n|-boost|p2a: Milotic|spa|2\n|-unboost|p2b: Sinistcha|spe|1\n|move|p2a: Milotic|Chilling Water|p1a: Mary Poppins\n|-damage|p1a: Mary Poppins|54/100\n|-unboost|p1a: Mary Poppins|atk|1\n|\n|-heal|p2b: Sinistcha|34/100|[from] item: Leftovers\n|upkeep\n|turn|4\n|\n|t:|1776111358\n|switch|p1b: Incineroar|Incineroar, L50, F|100/100\n|-ability|p1b: Incineroar|Intimidate|boost\n|-unboost|p2a: Milotic|atk|1\n|-boost|p2a: Milotic|spa|0\n|-unboost|p2b: Sinistcha|atk|1\n|move|p2a: Milotic|Protect|p2a: Milotic\n|-singleturn|p2a: Milotic|Protect\n|move|p1a: Mary Poppins|Dazzling Gleam|p2b: Sinistcha|[spread] p2b\n|-activate|p2a: Milotic|move: Protect\n|-crit|p2b: Sinistcha\n|-damage|p2b: Sinistcha|0 fnt\n|faint|p2b: Sinistcha\n|\n|upkeep\n|\n|t:|1776111366\n|switch|p2b: Gengar|Gengar-Mega, L50, F|100/100\n|turn|5\n|\n|t:|1776111408\n|move|p1a: Mary Poppins|Protect|p1a: Mary Poppins\n|-singleturn|p1a: Mary Poppins|Protect\n|move|p1b: Incineroar|Fake Out|p2a: Milotic\n|-damage|p2a: Milotic|3/100\n|move|p2b: Gengar|Shadow Ball|p1a: Mary Poppins\n|-activate|p1a: Mary Poppins|move: Protect\n|cant|p2a: Milotic|flinch\n|\n|upkeep\n|turn|6\n|\n|t:|1776111451\n|move|p1a: Mary Poppins|Protect|p1a: Mary Poppins\n|-singleturn|p1a: Mary Poppins|Protect\n|move|p2b: Gengar|Shadow Ball|p1a: Mary Poppins\n|-activate|p1a: Mary Poppins|move: Protect\n|move|p1b: Incineroar|Flare Blitz|p2a: Milotic\n|-resisted|p2a: Milotic|1\n|-damage|p2a: Milotic|0 fnt\n|faint|p2a: Milotic\n|-damage|p1b: Incineroar|99/100|[from] Recoil\n|\n|upkeep\n|\n|t:|1776111459\n|switch|p2a: Incineroar|Incineroar, L50, M|100/100\n|-ability|p2a: Incineroar|Intimidate|boost\n|-unboost|p1a: Mary Poppins|atk|1\n|-unboost|p1b: Incineroar|atk|1\n|turn|7\n|\n|t:|1776111481\n|move|p2a: Incineroar|Fake Out|p1b: Incineroar\n|-damage|p1b: Incineroar|93/100\n|move|p2b: Gengar|Shadow Ball|p1a: Mary Poppins\n|-damage|p1a: Mary Poppins|24/100\n|-unboost|p1a: Mary Poppins|spd|1\n|move|p1a: Mary Poppins|Moonblast|p2a: Incineroar\n|-crit|p2a: Incineroar\n|-damage|p2a: Incineroar|17/100\n|cant|p1b: Incineroar|flinch\n|\n|upkeep\n|turn|8\n|\n|t:|1776111502\n|move|p1a: Mary Poppins|Protect|p1a: Mary Poppins\n|-singleturn|p1a: Mary Poppins|Protect\n|move|p2a: Incineroar|Protect|p2a: Incineroar\n|-singleturn|p2a: Incineroar|Protect\n|move|p2b: Gengar|Shadow Ball|p1a: Mary Poppins\n|-activate|p1a: Mary Poppins|move: Protect\n|move|p1b: Incineroar|Throat Chop|p2b: Gengar\n|-supereffective|p2b: Gengar|1\n|-damage|p2b: Gengar|47/100\n|-start|p2b: Gengar|Throat Chop|[silent]\n|\n|upkeep\n|turn|9\n|-message|igonnasuccyourdicc forfeited.\n|\n|win|NotTheRealAdo\n|raw|NotTheRealAdo's rating: 1130 &rarr; <strong>1150</strong><br />(+20 for winning)\n|raw|igonnasuccyourdicc's rating: 1058 &rarr; <strong>1043</strong><br />(-15 for losing)\n|l|\u2606igonnasuccyourdicc\n|player|p2|\n",
  "uploadtime": 1776111516,
  "views": 18,
  "formatid": "gen9championsvgc2026regma",
  "rating": 1043,
  "private": 0,
  "password": null
}