{
  "id": "gen9championsvgc2026regma-2581916083",
  "format": "[Gen 9 Champions] VGC 2026 Reg M-A",
  "players": [
    "testing1212testing",
    "Trigga1"
  ],
  "log": "|j|\u2606testing1212testing\n|j|\u2606Trigga1\n|t:|1776039456\n|gametype|doubles\n|player|p1|testing1212testing|n|1044\n|player|p2|Trigga1|102|1108\n|gen|9\n|tier|[Gen 9 Champions] VGC 2026 Reg M-A\n|rated|\n|rule|Species Clause: Limit one of each Pok\u00e9mon\n|rule|Item Clause: Limit 1 of each item\n|clearpoke\n|poke|p1|Starmie, L50|\n|poke|p1|Pelipper, L50, F|\n|poke|p1|Raichu, L50, F|\n|poke|p1|Meganium, L50, F|\n|poke|p1|Sneasler, L50, M|\n|poke|p1|Kingambit, L50, M|\n|poke|p2|Floette-Eternal, L50, F|\n|poke|p2|Empoleon, L50, F|\n|poke|p2|Ninetales-Alola, L50, M|\n|poke|p2|Aerodactyl, L50, F|\n|poke|p2|Volcarona, L50, M|\n|poke|p2|Sinistcha, L50|\n|teampreview|4\n|\n|t:|1776039501\n|teamsize|p1|4\n|teamsize|p2|4\n|start\n|switch|p1a: Starmie|Starmie, L50, shiny|100/100\n|switch|p1b: Pelipper|Pelipper, L50, F|100/100\n|switch|p2a: Floette|Floette-Eternal, L50, F|100/100\n|switch|p2b: Aerodactyl|Aerodactyl, L50, F|100/100\n|-ability|p2b: Aerodactyl|Unnerve\n|-weather|RainDance|[from] ability: Drizzle|[of] p1b: Pelipper\n|turn|1\n|inactive|Battle timer is ON: inactive players will automatically lose when time's up. (requested by testing1212testing)\n|\n|t:|1776039523\n|detailschange|p1a: Starmie|Starmie-Mega, L50, shiny\n|-mega|p1a: Starmie|Starmie|Starminite\n|detailschange|p2a: Floette|Floette-Mega, L50, F\n|-mega|p2a: Floette|Floette|Floettite\n|-ability|p2a: Floette|Fairy Aura\n|move|p2b: Aerodactyl|Tailwind|p2b: Aerodactyl\n|-sidestart|p2: Trigga1|move: Tailwind\n|move|p2a: Floette|Moonblast|p1a: Starmie\n|-damage|p1a: Starmie|17/100\n|move|p1a: Starmie|Liquidation|p2a: Floette\n|-damage|p2a: Floette|0 fnt\n|faint|p2a: Floette\n|move|p1b: Pelipper|Tailwind|p1b: Pelipper\n|-sidestart|p1: testing1212testing|move: Tailwind\n|\n|-weather|RainDance|[upkeep]\n|upkeep\n|\n|t:|1776039539\n|switch|p2a: Ninetales|Ninetales-Alola, L50, M, shiny|100/100\n|-weather|Snowscape|[from] ability: Snow Warning|[of] p2a: Ninetales\n|turn|2\n|\n|t:|1776039555\n|switch|p1a: Sneasler|Sneasler, L50, M, shiny|100/100\n|move|p2b: Aerodactyl|Rock Slide|p1b: Pelipper|[spread] p1a,p1b\n|-resisted|p1a: Sneasler|1\n|-supereffective|p1b: Pelipper|1\n|-damage|p1a: Sneasler|79/100\n|-damage|p1b: Pelipper|53/100\n|move|p2a: Ninetales|Aurora Veil|p2a: Ninetales\n|-sidestart|p2: Trigga1|move: Aurora Veil\n|move|p1b: Pelipper|Weather Ball|p2b: Aerodactyl\n|-supereffective|p2b: Aerodactyl|1\n|-damage|p2b: Aerodactyl|55/100\n|\n|-weather|Snowscape|[upkeep]\n|upkeep\n|turn|3\n|inactive|Trigga1 has 30 seconds left.\n|\n|t:|1776039582\n|move|p1a: Sneasler|Protect|p1a: Sneasler\n|-singleturn|p1a: Sneasler|Protect\n|move|p1b: Pelipper|Protect|p1b: Pelipper\n|-singleturn|p1b: Pelipper|Protect\n|move|p2b: Aerodactyl|Rock Slide|p1b: Pelipper|[spread] \n|-activate|p1a: Sneasler|move: Protect\n|-activate|p1b: Pelipper|move: Protect\n|move|p2a: Ninetales|Blizzard|p1a: Sneasler|[spread] \n|-activate|p1a: Sneasler|move: Protect\n|-activate|p1b: Pelipper|move: Protect\n|\n|-weather|Snowscape|[upkeep]\n|upkeep\n|turn|4\n|\n|t:|1776039602\n|switch|p1b: Starmie|Starmie-Mega, L50, shiny|17/100\n|move|p2b: Aerodactyl|Rock Slide|p1a: Sneasler|[spread] p1a,p1b\n|-resisted|p1a: Sneasler|1\n|-damage|p1a: Sneasler|59/100\n|-damage|p1b: Starmie|0 fnt\n|faint|p1b: Starmie\n|move|p2a: Ninetales|Blizzard|p1a: Sneasler\n|-damage|p1a: Sneasler|0 fnt\n|faint|p1a: Sneasler\n|\n|-weather|Snowscape|[upkeep]\n|-sideend|p1: testing1212testing|move: Tailwind\n|-sideend|p2: Trigga1|move: Tailwind\n|upkeep\n|\n|t:|1776039613\n|switch|p1b: Pelipper|Pelipper, L50, F|53/100\n|switch|p1a: Kingambit|Kingambit, L50, M|100/100\n|-weather|RainDance|[from] ability: Drizzle|[of] p1b: Pelipper\n|turn|5\n|inactive|Trigga1 has 30 seconds left.\n|\n|t:|1776039647\n|move|p2b: Aerodactyl|Rock Slide|p1b: Pelipper|[spread] p1a,p1b\n|-resisted|p1a: Kingambit|1\n|-supereffective|p1b: Pelipper|1\n|-damage|p1a: Kingambit|91/100\n|-damage|p1b: Pelipper|0 fnt\n|faint|p1b: Pelipper\n|move|p2a: Ninetales|Freeze-Dry|p1a: Kingambit\n|-resisted|p1a: Kingambit|1\n|-damage|p1a: Kingambit|77/100\n|move|p1a: Kingambit|Iron Head|p2a: Ninetales\n|-supereffective|p2a: Ninetales|2\n|-damage|p2a: Ninetales|0 fnt\n|faint|p2a: Ninetales\n|\n|-weather|RainDance|[upkeep]\n|upkeep\n|\n|t:|1776039657\n|switch|p2a: Sinistcha|Sinistcha, L50, shiny|100/100\n|-heal|p2b: Aerodactyl|79/100|[from] ability: Hospitality|[of] p2a: Sinistcha\n|turn|6\n|\n|t:|1776039670\n|move|p1a: Kingambit|Sucker Punch|p2a: Sinistcha\n|-supereffective|p2a: Sinistcha|1\n|-enditem|p2a: Sinistcha|Colbur Berry|[eat]\n|-enditem|p2a: Sinistcha|Colbur Berry|[weaken]\n|-damage|p2a: Sinistcha|77/100\n|move|p2b: Aerodactyl|Rock Slide|p1a: Kingambit\n|-resisted|p1a: Kingambit|1\n|-damage|p1a: Kingambit|65/100\n|move|p2a: Sinistcha|Matcha Gotcha|p1a: Kingambit\n|-resisted|p1a: Kingambit|1\n|-damage|p1a: Kingambit|48/100\n|-heal|p2a: Sinistcha|87/100|[from] drain|[of] p1a: Kingambit\n|\n|-weather|RainDance|[upkeep]\n|-sideend|p2: Trigga1|move: Aurora Veil\n|upkeep\n|turn|7\n|\n|t:|1776039692\n|move|p2b: Aerodactyl|Rock Slide|p1a: Kingambit\n|-resisted|p1a: Kingambit|1\n|-damage|p1a: Kingambit|36/100\n|move|p2a: Sinistcha|Calm Mind|p2a: Sinistcha\n|-boost|p2a: Sinistcha|spa|1\n|-boost|p2a: Sinistcha|spd|1\n|cant|p1a: Kingambit|flinch\n|\n|-weather|RainDance|[upkeep]\n|upkeep\n|turn|8\n|\n|t:|1776039709\n|move|p2b: Aerodactyl|Rock Slide|p1a: Kingambit\n|-resisted|p1a: Kingambit|1\n|-damage|p1a: Kingambit|23/100\n|move|p2a: Sinistcha|Matcha Gotcha|p1a: Kingambit\n|-resisted|p1a: Kingambit|1\n|-damage|p1a: Kingambit|0 fnt\n|-heal|p2a: Sinistcha|100/100|[from] drain|[of] p1a: Kingambit\n|faint|p1a: Kingambit\n|\n|win|Trigga1\n|raw|testing1212testing's rating: 1044 &rarr; <strong>1030</strong><br />(-14 for losing)\n|raw|Trigga1's rating: 1108 &rarr; <strong>1128</strong><br />(+20 for winning)\n|l|\u2606testing1212testing\n|player|p1|\n",
  "uploadtime": 1776039715,
  "views": 11,
  "formatid": "gen9championsvgc2026regma",
  "rating": 1030,
  "private": 0,
  "password": null
}