{
  "id": "gen9championsvgc2026regma-2585166118",
  "format": "[Gen 9 Champions] VGC 2026 Reg M-A",
  "players": [
    "nsbnsb",
    "saya315"
  ],
  "log": "|j|\u2606nsbnsb\n|j|\u2606saya315\n|t:|1776320006\n|gametype|doubles\n|player|p1|nsbnsb|ghetsis|1527\n|player|p2|saya315|veteranf|1492\n|gen|9\n|tier|[Gen 9 Champions] VGC 2026 Reg M-A\n|rated|\n|rule|Species Clause: Limit one of each Pok\u00e9mon\n|rule|Item Clause: Limit 1 of each item\n|clearpoke\n|poke|p1|Crabominable, L50, M|\n|poke|p1|Farigiraf, L50, M|\n|poke|p1|Kingambit, L50, M|\n|poke|p1|Sinistcha, L50|\n|poke|p1|Camerupt, L50, M|\n|poke|p1|Sneasler, L50, M|\n|poke|p2|Froslass, L50, F|\n|poke|p2|Basculegion, L50, M|\n|poke|p2|Farigiraf, L50, M|\n|poke|p2|Kingambit, L50, F|\n|poke|p2|Aerodactyl, L50, F|\n|poke|p2|Sneasler, L50, F|\n|teampreview|4\n|inactive|Battle timer is ON: inactive players will automatically lose when time's up. (requested by nsbnsb)\n|inactive|saya315 also wants the timer to be on.\n|inactive|nsbnsb has 60 seconds left.\n|inactive|saya315 has 60 seconds left.\n|\n|t:|1776320044\n|teamsize|p1|4\n|teamsize|p2|4\n|start\n|switch|p1a: Sinistcha|Sinistcha, L50|100/100\n|switch|p1b: Kingambit|Kingambit, L50, M, shiny|100/100\n|switch|p2a: Farigiraf|Farigiraf, L50, M|100/100\n|switch|p2b: Basculegion|Basculegion, L50, M|100/100\n|turn|1\n|inactive|saya315 has 30 seconds left.\n|\n|t:|1776320074\n|move|p2b: Basculegion|Wave Crash|p1b: Kingambit\n|-damage|p1b: Kingambit|45/100\n|-damage|p2b: Basculegion|81/100|[from] Recoil\n|move|p2a: Farigiraf|Imprison|p2a: Farigiraf\n|-start|p2a: Farigiraf|move: Imprison\n|move|p1a: Sinistcha|Matcha Gotcha|p2b: Basculegion|[spread] p2a,p2b\n|-supereffective|p2b: Basculegion|1\n|-damage|p2a: Farigiraf|77/100\n|-damage|p2b: Basculegion|8/100\n|-status|p2b: Basculegion|brn\n|move|p1b: Kingambit|Kowtow Cleave|p2a: Farigiraf\n|-supereffective|p2a: Farigiraf|1\n|-damage|p2a: Farigiraf|0 fnt\n|faint|p2a: Farigiraf\n|\n|-damage|p2b: Basculegion|2/100 brn|[from] brn\n|upkeep\n|\n|t:|1776320091\n|switch|p2a: Sneasler|Sneasler, L50, F|100/100\n|turn|2\n|j| winnerdog\n|\n|t:|1776320102\n|switch|p1b: Sneasler|Sneasler, L50, M|100/100\n|move|p2b: Basculegion|Wave Crash|p1a: Sinistcha\n|-resisted|p1a: Sinistcha|1\n|-damage|p1a: Sinistcha|85/100\n|-damage|p2b: Basculegion|0 fnt|[from] Recoil\n|faint|p2b: Basculegion\n|move|p2a: Sneasler|Close Combat|p1b: Sneasler\n|-resisted|p1b: Sneasler|1\n|-damage|p1b: Sneasler|43/100\n|-unboost|p2a: Sneasler|def|1\n|-unboost|p2a: Sneasler|spd|1\n|-enditem|p2a: Sneasler|White Herb\n|-clearnegativeboost|p2a: Sneasler|[silent]\n|move|p1a: Sinistcha|Matcha Gotcha|p2a: Sneasler\n|-resisted|p2a: Sneasler|1\n|-damage|p2a: Sneasler|76/100\n|-heal|p1a: Sinistcha|97/100|[from] drain|[of] p2a: Sneasler\n|\n|upkeep\n|j| xiaoliyunVGC\n|\n|t:|1776320119\n|switch|p2b: Kingambit|Kingambit, L50, F|100/100\n|turn|3\n|\n|t:|1776320138\n|move|p2b: Kingambit|Protect|p2b: Kingambit\n|-singleturn|p2b: Kingambit|Protect\n|move|p1b: Sneasler|Fake Out|p2b: Kingambit\n|-activate|p2b: Kingambit|move: Protect\n|move|p2a: Sneasler|Dire Claw|p1a: Sinistcha\n|-damage|p1a: Sinistcha|56/100\n|-status|p1a: Sinistcha|psn\n|move|p1a: Sinistcha|Trick Room|p1a: Sinistcha\n|-fieldstart|move: Trick Room|[of] p1a: Sinistcha\n|\n|-damage|p1a: Sinistcha|43/100 psn|[from] psn\n|upkeep\n|turn|4\n|\n|t:|1776320157\n|move|p1a: Sinistcha|Shadow Ball|p2a: Sneasler\n|-damage|p2a: Sneasler|26/100\n|move|p2b: Kingambit|Kowtow Cleave|p1b: Sneasler\n|-resisted|p1b: Sneasler|1\n|-damage|p1b: Sneasler|0 fnt\n|faint|p1b: Sneasler\n|move|p2a: Sneasler|Close Combat|p1a: Sinistcha\n|-immune|p1a: Sinistcha\n|\n|-damage|p1a: Sinistcha|31/100 psn|[from] psn\n|upkeep\n|\n|t:|1776320169\n|switch|p1b: Kingambit|Kingambit, L50, M, shiny|45/100\n|turn|5\n|\n|t:|1776320179\n|switch|p1a: Crabominable|Crabominable, L50, M|100/100\n|move|p2a: Sneasler|Protect|p2a: Sneasler\n|-singleturn|p2a: Sneasler|Protect\n|move|p1b: Kingambit|Iron Head|p2a: Sneasler\n|-activate|p2a: Sneasler|move: Protect\n|move|p2b: Kingambit|Low Kick|p1b: Kingambit\n|-supereffective|p1b: Kingambit|2\n|-damage|p1b: Kingambit|0 fnt\n|faint|p1b: Kingambit\n|\n|upkeep\n|\n|t:|1776320187\n|switch|p1b: Sinistcha|Sinistcha, L50|31/100 psn\n|turn|6\n|\n|t:|1776320204\n|detailschange|p1a: Crabominable|Crabominable-Mega, L50, M\n|-mega|p1a: Crabominable|Crabominable|Crabominite\n|move|p2b: Kingambit|Protect|p2b: Kingambit\n|-singleturn|p2b: Kingambit|Protect\n|move|p1a: Crabominable|Drain Punch|p2b: Kingambit\n|-activate|p2b: Kingambit|move: Protect\n|move|p1b: Sinistcha|Shadow Ball|p2a: Sneasler\n|-damage|p2a: Sneasler|0 fnt\n|faint|p2a: Sneasler\n|\n|-damage|p1b: Sinistcha|18/100 psn|[from] psn\n|upkeep\n|turn|7\n|\n|t:|1776320222\n|move|p2b: Kingambit|Protect||[still]\n|-fail|p2b: Kingambit\n|move|p1a: Crabominable|Drain Punch|p2b: Kingambit\n|-supereffective|p2b: Kingambit|2\n|-enditem|p2b: Kingambit|Chople Berry|[eat]\n|-enditem|p2b: Kingambit|Chople Berry|[weaken]\n|-damage|p2b: Kingambit|2/100\n|move|p1b: Sinistcha|Shadow Ball|p2b: Kingambit\n|-resisted|p2b: Kingambit|1\n|-damage|p2b: Kingambit|0 fnt\n|faint|p2b: Kingambit\n|\n|win|nsbnsb\n|raw|nsbnsb's rating: 1527 &rarr; <strong>1545</strong><br />(+18 for winning)\n|raw|saya315's rating: 1492 &rarr; <strong>1474</strong><br />(-18 for losing)\n|l|\u2606saya315\n|player|p2|\n|l|\u2606nsbnsb\n|player|p1|\n|l| winnerdog\n",
  "uploadtime": 1776320361,
  "views": 62,
  "formatid": "gen9championsvgc2026regma",
  "rating": 1474,
  "private": 0,
  "password": null
}