{
  "id": "gen9championsvgc2026regma-2584694454",
  "format": "[Gen 9 Champions] VGC 2026 Reg M-A",
  "players": [
    "ObliviouslyPyro",
    "jdcez"
  ],
  "log": "|j|\u2606ObliviouslyPyro\n|j|\u2606jdcez\n|t:|1776277276\n|gametype|doubles\n|player|p1|ObliviouslyPyro|1|1052\n|player|p2|jdcez|102|1000\n|gen|9\n|tier|[Gen 9 Champions] VGC 2026 Reg M-A\n|rated|\n|rule|Species Clause: Limit one of each Pok\u00e9mon\n|rule|Item Clause: Limit 1 of each item\n|clearpoke\n|poke|p1|Froslass, L50, F|\n|poke|p1|Gardevoir, L50, F|\n|poke|p1|Kingambit, L50, M|\n|poke|p1|Volcarona, L50, M|\n|poke|p1|Sneasler, L50, M|\n|poke|p1|Espathra, L50, M|\n|poke|p2|Golurk, L50|\n|poke|p2|Trevenant, L50, M|\n|poke|p2|Tyranitar, L50, F|\n|poke|p2|Incineroar, L50, F|\n|poke|p2|Delphox, L50, M|\n|poke|p2|Alakazam, L50, F|\n|teampreview|4\n|c|\u2606ObliviouslyPyro|glhf\n|c|\u2606jdcez|glhf\njdcez has agreed to open team sheets.\n|\n|t:|1776277311\n|teamsize|p1|4\n|teamsize|p2|4\n|start\n|switch|p1a: Kingambit|Kingambit, L50, M|100/100\n|switch|p1b: Sneasler|Sneasler, L50, M, shiny|100/100\n|switch|p2a: Trevenant|Trevenant, L50, M|100/100\n|switch|p2b: Incineroar|Incineroar, L50, F|100/100\n|-ability|p2b: Incineroar|Intimidate|boost\n|-unboost|p1a: Kingambit|atk|1\n|-ability|p1a: Kingambit|Defiant|boost\n|-boost|p1a: Kingambit|atk|2\n|-unboost|p1b: Sneasler|atk|1\n|-enditem|p1b: Sneasler|White Herb\n|-clearnegativeboost|p1b: Sneasler|[silent]\n|turn|1\n|\n|t:|1776277334\n|move|p1a: Kingambit|Protect|p1a: Kingambit\n|-singleturn|p1a: Kingambit|Protect\n|move|p2b: Incineroar|Fake Out|p1b: Sneasler\n|-damage|p1b: Sneasler|88/100\n|cant|p1b: Sneasler|flinch\n|move|p2a: Trevenant|Will-O-Wisp|p1a: Kingambit\n|-activate|p1a: Kingambit|move: Protect\n|\n|upkeep\n|turn|2\n|\n|t:|1776277371\n|move|p1b: Sneasler|Coaching|p1a: Kingambit\n|-boost|p1a: Kingambit|atk|1\n|-boost|p1a: Kingambit|def|1\n|move|p2b: Incineroar|Parting Shot|p1b: Sneasler\n|-unboost|p1b: Sneasler|atk|1\n|-unboost|p1b: Sneasler|spa|1\n|\n|t:|1776277377\n|switch|p2b: Delphox|Delphox, L50, M|100/100|[from] Parting Shot\n|move|p1a: Kingambit|Kowtow Cleave|p2a: Trevenant\n|-supereffective|p2a: Trevenant|1\n|-damage|p2a: Trevenant|0 fnt\n|faint|p2a: Trevenant\n|\n|upkeep\n|\n|t:|1776277386\n|switch|p2a: Alakazam|Alakazam, L50, F|100/100\n|turn|3\n|\n|t:|1776277396\n|detailschange|p2b: Delphox|Delphox-Mega, L50, M\n|-mega|p2b: Delphox|Delphox|Delphoxite\n|move|p1a: Kingambit|Sucker Punch||[still]\n|-fail|p1a: Kingambit\n|move|p1b: Sneasler|Dire Claw|p2b: Delphox\n|-damage|p2b: Delphox|68/100\n|move|p2b: Delphox|Nasty Plot|p2b: Delphox\n|-boost|p2b: Delphox|spa|2\n|move|p2a: Alakazam|Psychic Terrain|p2a: Alakazam\n|-fieldstart|move: Psychic Terrain\n|\n|upkeep\n|turn|4\n|\n|t:|1776277416\n|switch|p1b: Espathra|Espathra, L50, M|100/100\n|move|p2b: Delphox|Flamethrower|p1b: Espathra\n|-enditem|p1b: Espathra|Focus Sash\n|-damage|p1b: Espathra|1/100\n|move|p2a: Alakazam|Foul Play|p1a: Kingambit\n|-resisted|p1a: Kingambit|1\n|-damage|p1a: Kingambit|87/100\n|move|p1a: Kingambit|Kowtow Cleave|p2b: Delphox\n|-supereffective|p2b: Delphox|1\n|-damage|p2b: Delphox|0 fnt\n|faint|p2b: Delphox\n|\n|upkeep\n|\n|t:|1776277431\n|switch|p2b: Incineroar|Incineroar, L50, F|100/100\n|-ability|p2b: Incineroar|Intimidate|boost\n|-unboost|p1a: Kingambit|atk|1\n|-ability|p1a: Kingambit|Defiant|boost\n|-boost|p1a: Kingambit|atk|2\n|-unboost|p1b: Espathra|atk|1\n|turn|5\n|\n|t:|1776277447\n|move|p1b: Espathra|Protect|p1b: Espathra\n|-singleturn|p1b: Espathra|Protect\n|move|p1a: Kingambit|Protect|p1a: Kingambit\n|-singleturn|p1a: Kingambit|Protect\n|move|p2b: Incineroar|Fake Out|p1b: Espathra\n|-activate|p1b: Espathra|move: Psychic Terrain\n|move|p2a: Alakazam|Reflect|p2a: Alakazam\n|-sidestart|p2: jdcez|Reflect\n|\n|-ability|p1b: Espathra|Speed Boost|boost\n|-boost|p1b: Espathra|spe|1\n|upkeep\n|turn|6\n|\n|t:|1776277467\n|move|p1b: Espathra|Shadow Ball|p2a: Alakazam\n|-supereffective|p2a: Alakazam|1\n|-damage|p2a: Alakazam|36/100\n|move|p2a: Alakazam|Encore|p1a: Kingambit\n|-start|p1a: Kingambit|Encore\n|move|p1a: Kingambit|Protect|p1a: Kingambit\n|-singleturn|p1a: Kingambit|Protect\n|move|p2b: Incineroar|Flare Blitz|p1a: Kingambit\n|-activate|p1a: Kingambit|move: Protect\n|\n|-ability|p1b: Espathra|Speed Boost|boost\n|-boost|p1b: Espathra|spe|1\n|upkeep\n|turn|7\n|\n|t:|1776277487\n|move|p1a: Kingambit|Protect||[still]\n|-fail|p1a: Kingambit\n|move|p1b: Espathra|Shadow Ball|p2a: Alakazam\n|-supereffective|p2a: Alakazam|1\n|-damage|p2a: Alakazam|0 fnt\n|faint|p2a: Alakazam\n|move|p2b: Incineroar|Flare Blitz|p1b: Espathra\n|-damage|p1b: Espathra|0 fnt\n|faint|p1b: Espathra\n|-damage|p2b: Incineroar|99/100|[from] Recoil\n|\n|-fieldend|move: Psychic Terrain\n|upkeep\n|\n|t:|1776277498\n|switch|p1b: Sneasler|Sneasler, L50, M, shiny|88/100\n|turn|8\n|\n|t:|1776277504\n|move|p1a: Kingambit|Protect|p1a: Kingambit\n|-singleturn|p1a: Kingambit|Protect\n|move|p1b: Sneasler|Close Combat|p2b: Incineroar\n|-supereffective|p2b: Incineroar|1\n|-damage|p2b: Incineroar|28/100\n|-unboost|p1b: Sneasler|def|1\n|-unboost|p1b: Sneasler|spd|1\n|move|p2b: Incineroar|Flare Blitz|p1a: Kingambit\n|-activate|p1a: Kingambit|move: Protect\n|\n|-end|p1a: Kingambit|Encore\n|upkeep\n|turn|9\n|-message|jdcez forfeited.\n|\n|win|ObliviouslyPyro\n|raw|ObliviouslyPyro's rating: 1052 &rarr; <strong>1079</strong><br />(+27 for winning)\n|raw|jdcez's rating: 1000 &rarr; <strong>1000</strong><br />(+0 for losing)\n|l|\u2606jdcez\n|player|p2|\n",
  "uploadtime": 1776277518,
  "views": 21,
  "formatid": "gen9championsvgc2026regma",
  "rating": 1000,
  "private": 0,
  "password": null
}