{
  "id": "gen9championsvgc2026regma-2583182457",
  "format": "[Gen 9 Champions] VGC 2026 Reg M-A",
  "players": [
    "bugawup",
    "lap laps for"
  ],
  "log": "|j|\u2606bugawup\n|j|\u2606lap laps for\n|t:|1776151967\n|gametype|doubles\n|player|p1|bugawup|266|1095\n|player|p2|lap laps for|1|1000\n|gen|9\n|tier|[Gen 9 Champions] VGC 2026 Reg M-A\n|rated|\n|rule|Species Clause: Limit one of each Pok\u00e9mon\n|rule|Item Clause: Limit 1 of each item\n|clearpoke\n|poke|p1|Meowscarada, L50, F|\n|poke|p1|Lucario, L50, M|\n|poke|p1|Glimmora, L50, M|\n|poke|p1|Avalugg, L50, M|\n|poke|p1|Zoroark-Hisui, L50, F|\n|poke|p1|Whimsicott, L50, F|\n|poke|p2|Heliolisk, L50, M|\n|poke|p2|Garchomp, L50, F|\n|poke|p2|Empoleon, L50, M|\n|poke|p2|Camerupt, L50, F|\n|poke|p2|Alakazam, L50, F|\n|poke|p2|Sinistcha, L50|\n|teampreview|4\n|inactive|Battle timer is ON: inactive players will automatically lose when time's up. (requested by lap laps for)\n|\n|t:|1776152020\n|teamsize|p1|4\n|teamsize|p2|4\n|start\n|switch|p1a: Tachyon|Meowscarada, L50, F|100/100\n|switch|p1b: Texas|Lucario, L50, M|100/100\n|switch|p2a: Camerupt|Camerupt, L50, F|100/100\n|switch|p2b: Alakazam|Alakazam, L50, F|100/100\n|turn|1\n|\n|t:|1776152042\n|detailschange|p2a: Camerupt|Camerupt-Mega, L50, F\n|-mega|p2a: Camerupt|Camerupt|Cameruptite\n|move|p1a: Tachyon|Throat Chop|p2b: Alakazam\n|-start|p1a: Tachyon|typechange|Dark|[from] ability: Protean\n|-supereffective|p2b: Alakazam|1\n|-enditem|p2b: Alakazam|Colbur Berry|[eat]\n|-enditem|p2b: Alakazam|Colbur Berry|[weaken]\n|-damage|p2b: Alakazam|21/100\n|-start|p2b: Alakazam|Throat Chop|[silent]\n|move|p2b: Alakazam|Speed Swap|p2a: Camerupt\n|-activate|p2b: Alakazam|move: Speed Swap|[of] p2a: Camerupt\n|move|p2a: Camerupt|Heat Wave|p1b: Texas|[spread] p1a,p1b\n|-damage|p1a: Tachyon|8/100\n|-damage|p1b: Texas|0 fnt\n|replace|p1b: Lappland|Zoroark-Hisui, L50, F, shiny\n|-end|p1b: Lappland|Illusion\n|faint|p1b: Lappland\n|\n|upkeep\n|\n|t:|1776152063\n|switch|p1b: Avalugg|Avalugg, L50, M|100/100\n|turn|2\n|inactive|bugawup has 30 seconds left.\n|\n|t:|1776152090\n|move|p1b: Avalugg|Wide Guard|p1b: Avalugg\n|-singleturn|p1b: Avalugg|Wide Guard\n|move|p1a: Tachyon|Throat Chop|p2a: Camerupt\n|-damage|p2a: Camerupt|60/100\n|-start|p2a: Camerupt|Throat Chop|[silent]\n|move|p2a: Camerupt|Heat Wave|p1a: Tachyon|[spread] \n|-activate|p1a: Tachyon|move: Wide Guard\n|-activate|p1b: Avalugg|move: Wide Guard\n|move|p2b: Alakazam|Reflect|p2b: Alakazam\n|-sidestart|p2: lap laps for|Reflect\n|\n|-end|p2b: Alakazam|Throat Chop|[silent]\n|upkeep\n|turn|3\n|inactive|bugawup has 30 seconds left.\n|\n|t:|1776152122\n|move|p1b: Avalugg|Wide Guard|p1b: Avalugg\n|-singleturn|p1b: Avalugg|Wide Guard\n|move|p1a: Tachyon|Throat Chop|p2a: Camerupt\n|-damage|p2a: Camerupt|32/100\n|move|p2a: Camerupt|Heat Wave|p1a: Tachyon|[spread] \n|-activate|p1a: Tachyon|move: Wide Guard\n|-activate|p1b: Avalugg|move: Wide Guard\n|move|p2b: Alakazam|Light Screen|p2b: Alakazam\n|-sidestart|p2: lap laps for|move: Light Screen\n|\n|-end|p2a: Camerupt|Throat Chop|[silent]\n|upkeep\n|turn|4\n|\n|t:|1776152137\n|switch|p2b: Sinistcha|Sinistcha, L50|100/100\n|-heal|p2a: Camerupt|56/100|[from] ability: Hospitality|[of] p2b: Sinistcha\n|move|p2a: Camerupt|Protect|p2a: Camerupt\n|-singleturn|p2a: Camerupt|Protect\n|move|p1b: Avalugg|Wide Guard|p1b: Avalugg\n|-singleturn|p1b: Avalugg|Wide Guard\n|move|p1a: Tachyon|Throat Chop|p2a: Camerupt\n|-activate|p2a: Camerupt|move: Protect\n|\n|upkeep\n|turn|5\n|inactive|lap laps for has 30 seconds left.\n|\n|t:|1776152169\n|move|p2b: Sinistcha|Rage Powder|p2b: Sinistcha\n|-singleturn|p2b: Sinistcha|move: Rage Powder\n|move|p1a: Tachyon|Throat Chop|p2b: Sinistcha\n|-supereffective|p2b: Sinistcha|1\n|-damage|p2b: Sinistcha|51/100\n|-start|p2b: Sinistcha|Throat Chop|[silent]\n|move|p2a: Camerupt|Flash Cannon|p1b: Avalugg\n|-supereffective|p1b: Avalugg|1\n|-ability|p1b: Avalugg|Sturdy\n|-damage|p1b: Avalugg|1/100\n|-enditem|p1b: Avalugg|Sitrus Berry|[eat]\n|-heal|p1b: Avalugg|26/100|[from] item: Sitrus Berry\n|move|p1b: Avalugg|Earthquake|p2b: Sinistcha|[spread] p1a,p2a,p2b\n|-supereffective|p2a: Camerupt|1\n|-resisted|p2b: Sinistcha|1\n|-damage|p1a: Tachyon|0 fnt\n|-damage|p2a: Camerupt|27/100\n|-damage|p2b: Sinistcha|44/100\n|-enditem|p2b: Sinistcha|Sitrus Berry|[eat]\n|-heal|p2b: Sinistcha|68/100|[from] item: Sitrus Berry\n|faint|p1a: Tachyon\n|\n|upkeep\n|\n|t:|1776152185\n|switch|p1a: Texas|Lucario, L50, M|100/100\n|turn|6\n|inactive|bugawup has 30 seconds left.\n|inactive|bugawup has 20 seconds left.\n|\n|t:|1776152221\n|detailschange|p1a: Texas|Lucario-Mega, L50, M\n|-mega|p1a: Texas|Lucario|Lucarionite\n|move|p1b: Avalugg|Wide Guard|p1b: Avalugg\n|-singleturn|p1b: Avalugg|Wide Guard\n|move|p2a: Camerupt|Earth Power|p1a: Texas\n|-supereffective|p1a: Texas|1\n|-damage|p1a: Texas|0 fnt\n|faint|p1a: Texas\n|move|p2b: Sinistcha|Life Dew|p2b: Sinistcha|[spread] p2a,p2b\n|-heal|p2a: Camerupt|52/100\n|-heal|p2b: Sinistcha|94/100\n|\n|-end|p2b: Sinistcha|Throat Chop|[silent]\n|-sideend|p2: lap laps for|Reflect\n|upkeep\n|turn|7\n|-message|bugawup forfeited.\n|\n|win|lap laps for\n|raw|bugawup's rating: 1095 &rarr; <strong>1064</strong><br />(-31 for losing)\n|raw|lap laps for's rating: 1000 &rarr; <strong>1051</strong><br />(+51 for winning)\n|l|\u2606bugawup\n|player|p1|\n|l|\u2606lap laps for\n|player|p2|\n",
  "uploadtime": 1776152344,
  "views": 15,
  "formatid": "gen9championsvgc2026regma",
  "rating": 1051,
  "private": 0,
  "password": null
}