{
  "id": "gen9championsvgc2026regma-2585113994",
  "format": "[Gen 9 Champions] VGC 2026 Reg M-A",
  "players": [
    "sirae",
    "joymaxxing"
  ],
  "log": "|j|\u2606sirae\n|j|\u2606joymaxxing\n|t:|1776313351\n|gametype|doubles\n|player|p1|sirae|caitlin|1300\n|player|p2|joymaxxing|elesa|1289\n|gen|9\n|tier|[Gen 9 Champions] VGC 2026 Reg M-A\n|rated|\n|rule|Species Clause: Limit one of each Pok\u00e9mon\n|rule|Item Clause: Limit 1 of each item\n|clearpoke\n|poke|p1|Gengar, L50, F|\n|poke|p1|Archaludon, L50, F|\n|poke|p1|Farigiraf, L50, F|\n|poke|p1|Pelipper, L50, F|\n|poke|p1|Incineroar, L50, F|\n|poke|p1|Blastoise, L50, F|\n|poke|p2|Sylveon, L50, M|\n|poke|p2|Milotic, L50, F|\n|poke|p2|Whimsicott, L50, F|\n|poke|p2|Lopunny, L50, M|\n|poke|p2|Incineroar, L50, M|\n|poke|p2|Excadrill, L50, F|\n|teampreview|4\n|inactive|Battle timer is ON: inactive players will automatically lose when time's up. (requested by sirae)\n|\n|t:|1776313375\n|teamsize|p1|4\n|teamsize|p2|4\n|start\n|switch|p1a: Pelipper|Pelipper, L50, F|100/100\n|switch|p1b: Blastoise|Blastoise, L50, F|100/100\n|switch|p2a: Lopunny|Lopunny, L50, M, shiny|100/100\n|switch|p2b: Sylveon|Sylveon, L50, M|100/100\n|-weather|RainDance|[from] ability: Drizzle|[of] p1a: Pelipper\n|turn|1\n|\n|t:|1776313387\n|switch|p1a: Farigiraf|Farigiraf, L50, F|100/100\n|detailschange|p2a: Lopunny|Lopunny-Mega, L50, M, shiny\n|-mega|p2a: Lopunny|Lopunny|Lopunnite\n|move|p2a: Lopunny|Fake Out||[still]\n|cant|p1a: Farigiraf|ability: Armor Tail|Fake Out|[of] p2a: Lopunny\n|move|p1b: Blastoise|Water Spout|p2a: Lopunny|[spread] p2a,p2b\n|-damage|p2a: Lopunny|5/100\n|-damage|p2b: Sylveon|39/100\n|move|p2b: Sylveon|Hyper Voice|p1b: Blastoise|[spread] p1a,p1b\n|-damage|p1a: Farigiraf|51/100\n|-damage|p1b: Blastoise|42/100\n|\n|-weather|RainDance|[upkeep]\n|-heal|p1b: Blastoise|48/100|[from] ability: Rain Dish\n|-heal|p1a: Farigiraf|57/100|[from] item: Leftovers\n|upkeep\n|turn|2\n|\n|t:|1776313406\n|switch|p1b: Archaludon|Archaludon, L50, F|100/100\n|move|p2a: Lopunny|Close Combat|p1b: Archaludon\n|-supereffective|p1b: Archaludon|1\n|-damage|p1b: Archaludon|5/100\n|-unboost|p2a: Lopunny|def|1\n|-unboost|p2a: Lopunny|spd|1\n|-ability|p1b: Archaludon|Stamina|boost\n|-boost|p1b: Archaludon|def|1\n|move|p2b: Sylveon|Hyper Voice|p1a: Farigiraf|[spread] p1a,p1b\n|-damage|p1a: Farigiraf|16/100\n|-damage|p1b: Archaludon|0 fnt\n|faint|p1b: Archaludon\n|move|p1a: Farigiraf|Trick Room|p1a: Farigiraf\n|-fieldstart|move: Trick Room|[of] p1a: Farigiraf\n|\n|-weather|RainDance|[upkeep]\n|-heal|p1a: Farigiraf|22/100|[from] item: Leftovers\n|upkeep\n|\n|t:|1776313424\n|switch|p1b: Blastoise|Blastoise, L50, F|48/100\n|turn|3\n|\n|t:|1776313436\n|switch|p2b: Milotic|Milotic, L50, F|100/100\n|switch|p1b: Pelipper|Pelipper, L50, F|100/100\n|move|p2a: Lopunny|Protect|p2a: Lopunny\n|-singleturn|p2a: Lopunny|Protect\n|move|p1a: Farigiraf|Hyper Voice|p2a: Lopunny|[spread] p2b\n|-activate|p2a: Lopunny|move: Protect\n|-damage|p2b: Milotic|77/100\n|\n|-weather|RainDance|[upkeep]\n|-heal|p1a: Farigiraf|28/100|[from] item: Leftovers\n|-heal|p2b: Milotic|83/100|[from] item: Leftovers\n|upkeep\n|turn|4\n|\n|t:|1776313450\n|switch|p2a: Incineroar|Incineroar, L50, M, shiny|100/100\n|-ability|p2a: Incineroar|Intimidate|boost\n|-unboost|p1a: Farigiraf|atk|1\n|-unboost|p1b: Pelipper|atk|1\n|move|p1a: Farigiraf|Protect|p1a: Farigiraf\n|-singleturn|p1a: Farigiraf|Protect\n|move|p1b: Pelipper|Muddy Water|p2a: Incineroar|[spread] p2a,p2b\n|-supereffective|p2a: Incineroar|1\n|-resisted|p2b: Milotic|1\n|-damage|p2a: Incineroar|37/100\n|-damage|p2b: Milotic|68/100\n|-unboost|p2a: Incineroar|accuracy|1\n|-unboost|p2b: Milotic|accuracy|1\n|-ability|p2b: Milotic|Competitive|boost\n|-boost|p2b: Milotic|spa|2\n|-enditem|p2a: Incineroar|Sitrus Berry|[eat]\n|-heal|p2a: Incineroar|62/100|[from] item: Sitrus Berry\n|move|p2b: Milotic|Scald|p1a: Farigiraf\n|-activate|p1a: Farigiraf|move: Protect\n|\n|-weather|RainDance|[upkeep]\n|-heal|p1a: Farigiraf|34/100|[from] item: Leftovers\n|-heal|p2b: Milotic|74/100|[from] item: Leftovers\n|upkeep\n|turn|5\n|inactive|sirae has 30 seconds left.\n|\n|t:|1776313479\n|move|p1a: Farigiraf|Hyper Voice|p2b: Milotic|[spread] p2a,p2b\n|-damage|p2a: Incineroar|41/100\n|-damage|p2b: Milotic|51/100\n|move|p2a: Incineroar|Parting Shot|p1b: Pelipper\n|-unboost|p1b: Pelipper|atk|1\n|-unboost|p1b: Pelipper|spa|1\n|\n|t:|1776313488\n|switch|p2a: Sylveon|Sylveon, L50, M|39/100|[from] Parting Shot\n|move|p1b: Pelipper|Muddy Water|p2a: Sylveon|[spread] p2a,p2b\n|-resisted|p2b: Milotic|1\n|-damage|p2a: Sylveon|14/100\n|-damage|p2b: Milotic|39/100\n|move|p2b: Milotic|Scald|p1a: Farigiraf\n|-damage|p1a: Farigiraf|0 fnt\n|faint|p1a: Farigiraf\n|\n|-weather|none\n|-heal|p2b: Milotic|45/100|[from] item: Leftovers\n|upkeep\n|\n|t:|1776313503\n|switch|p1a: Blastoise|Blastoise, L50, F|48/100\n|turn|6\n|\n|t:|1776313518\n|move|p2a: Sylveon|Protect|p2a: Sylveon\n|-singleturn|p2a: Sylveon|Protect\n|move|p1b: Pelipper|Muddy Water|p2a: Sylveon|[spread] p2b\n|-activate|p2a: Sylveon|move: Protect\n|-resisted|p2b: Milotic|1\n|-damage|p2b: Milotic|38/100\n|move|p2b: Milotic|Icy Wind|p1b: Pelipper|[spread] \n|-miss|p2b: Milotic|p1a: Blastoise\n|-miss|p2b: Milotic|p1b: Pelipper\n|move|p1a: Blastoise|Aura Sphere|p2b: Milotic\n|-damage|p2b: Milotic|21/100\n|\n|-heal|p2b: Milotic|28/100|[from] item: Leftovers\n|-fieldend|move: Trick Room\n|upkeep\n|turn|7\n|\n|t:|1776313538\n|move|p1b: Pelipper|Wide Guard|p1b: Pelipper\n|-singleturn|p1b: Pelipper|Wide Guard\n|move|p1a: Blastoise|Aura Sphere|p2b: Milotic\n|-damage|p2b: Milotic|10/100\n|move|p2b: Milotic|Icy Wind|p1b: Pelipper|[spread] \n|-activate|p1a: Blastoise|move: Wide Guard\n|-activate|p1b: Pelipper|move: Wide Guard\n|move|p2a: Sylveon|Hyper Voice|p1a: Blastoise|[spread] \n|-activate|p1a: Blastoise|move: Wide Guard\n|-activate|p1b: Pelipper|move: Wide Guard\n|\n|-heal|p2b: Milotic|16/100|[from] item: Leftovers\n|upkeep\n|turn|8\n|\n|t:|1776313553\n|move|p1b: Pelipper|Wide Guard|p1b: Pelipper\n|-singleturn|p1b: Pelipper|Wide Guard\n|move|p1a: Blastoise|Aura Sphere|p2b: Milotic\n|-damage|p2b: Milotic|0 fnt\n|faint|p2b: Milotic\n|move|p2a: Sylveon|Yawn|p1a: Blastoise\n|-start|p1a: Blastoise|move: Yawn|[of] p2a: Sylveon\n|\n|upkeep\n|\n|t:|1776313560\n|switch|p2b: Incineroar|Incineroar, L50, M, shiny|41/100\n|-ability|p2b: Incineroar|Intimidate|boost\n|-unboost|p1a: Blastoise|atk|1\n|-unboost|p1b: Pelipper|atk|1\n|turn|9\n|\n|t:|1776313567\n|move|p2b: Incineroar|Fake Out|p1b: Pelipper\n|-damage|p1b: Pelipper|88/100\n|move|p1a: Blastoise|Aura Sphere|p2b: Incineroar\n|-supereffective|p2b: Incineroar|1\n|-damage|p2b: Incineroar|4/100\n|move|p2a: Sylveon|Yawn|p1b: Pelipper\n|-start|p1b: Pelipper|move: Yawn|[of] p2a: Sylveon\n|cant|p1b: Pelipper|flinch\n|\n|-end|p1a: Blastoise|move: Yawn|[silent]\n|-status|p1a: Blastoise|slp\n|upkeep\n|turn|10\n|\n|t:|1776313580\n|cant|p1a: Blastoise|slp\n|move|p2a: Sylveon|Hyper Voice|p1a: Blastoise|[spread] p1a,p1b\n|-crit|p1b: Pelipper\n|-damage|p1a: Blastoise|0 fnt\n|-damage|p1b: Pelipper|1/100\n|-enditem|p1b: Pelipper|Sitrus Berry|[eat]\n|-heal|p1b: Pelipper|26/100|[from] item: Sitrus Berry\n|faint|p1a: Blastoise\n|move|p1b: Pelipper|Muddy Water|p2a: Sylveon|[spread] p2a,p2b\n|-supereffective|p2b: Incineroar|1\n|-damage|p2a: Sylveon|0 fnt\n|-damage|p2b: Incineroar|0 fnt\n|faint|p2a: Sylveon\n|faint|p2b: Incineroar\n|\n|-end|p1b: Pelipper|move: Yawn|[silent]\n|-status|p1b: Pelipper|slp\n|upkeep\n|\n|t:|1776313585\n|switch|p2a: Lopunny|Lopunny-Mega, L50, M, shiny|5/100\n|turn|11\n|\n|t:|1776313594\n|move|p2a: Lopunny|Fake Out|p1b: Pelipper\n|-damage|p1b: Pelipper|0 fnt\n|faint|p1b: Pelipper\n|\n|win|joymaxxing\n|raw|sirae's rating: 1300 &rarr; <strong>1274</strong><br />(-26 for losing)\n|raw|joymaxxing's rating: 1289 &rarr; <strong>1315</strong><br />(+26 for winning)\n|l|\u2606sirae\n|player|p1|\n",
  "uploadtime": 1776313602,
  "views": 46,
  "formatid": "gen9championsvgc2026regma",
  "rating": 1274,
  "private": 0,
  "password": null
}