{
  "id": "gen9championsvgc2026regma-2585165892",
  "format": "[Gen 9 Champions] VGC 2026 Reg M-A",
  "players": [
    "Findus25",
    "poltato2"
  ],
  "log": "|j|\u2606Findus25\n|j|\u2606poltato2\n|t:|1776319976\n|gametype|doubles\n|player|p1|Findus25|darach-caitlin|1000\n|player|p2|poltato2|1|1059\n|gen|9\n|tier|[Gen 9 Champions] VGC 2026 Reg M-A\n|rated|\n|rule|Species Clause: Limit one of each Pok\u00e9mon\n|rule|Item Clause: Limit 1 of each item\n|clearpoke\n|poke|p1|Archaludon, L50, M|\n|poke|p1|Pelipper, L50, M|\n|poke|p1|Dragonite, L50, F|\n|poke|p1|Meganium, L50, F|\n|poke|p1|Incineroar, L50, M|\n|poke|p1|Basculegion-F, L50, F|\n|poke|p2|Zoroark-Hisui, L50, M|\n|poke|p2|Incineroar, L50, F|\n|poke|p2|Aerodactyl, L50, M|\n|poke|p2|Kingambit, L50, F|\n|poke|p2|Heliolisk, L50, M|\n|poke|p2|Garchomp, L50, M|\n|teampreview|4\n|inactive|Battle timer is ON: inactive players will automatically lose when time's up. (requested by poltato2)\n|inactive|poltato2 has 60 seconds left.\n|\n|t:|1776320011\n|teamsize|p1|4\n|teamsize|p2|4\n|start\n|switch|p1a: Pelipper|Pelipper, L50, M|100/100\n|switch|p1b: Basculegion|Basculegion-F, L50, F|100/100\n|switch|p2a: Incineroar|Incineroar, L50, F|100/100\n|switch|p2b: Aerodactyl|Aerodactyl, L50, M|100/100\n|-ability|p2b: Aerodactyl|Unnerve\n|-weather|RainDance|[from] ability: Drizzle|[of] p1a: Pelipper\n|-ability|p2a: Incineroar|Intimidate|boost\n|-unboost|p1a: Pelipper|atk|1\n|-unboost|p1b: Basculegion|atk|1\n|turn|1\n|\n|t:|1776320022\n|switch|p2a: Heliolisk|Heliolisk, L50, M|100/100\n|move|p1b: Basculegion|Protect|p1b: Basculegion\n|-singleturn|p1b: Basculegion|Protect\n|move|p2b: Aerodactyl|Taunt|p1a: Pelipper\n|-start|p1a: Pelipper|move: Taunt\n|cant|p1a: Pelipper|move: Taunt|Tailwind\n|\n|-weather|RainDance|[upkeep]\n|upkeep\n|turn|2\n|\n|t:|1776320039\n|switch|p1a: Incineroar|Incineroar, L50, M|100/100\n|-ability|p1a: Incineroar|Intimidate|boost\n|-unboost|p2a: Heliolisk|atk|1\n|-unboost|p2b: Aerodactyl|atk|1\n|move|p1b: Basculegion|Muddy Water|p2a: Heliolisk|[spread] p2b\n|-immune|p2a: Heliolisk|[from] ability: Dry Skin\n|-supereffective|p2b: Aerodactyl|1\n|-damage|p2b: Aerodactyl|0 fnt\n|faint|p2b: Aerodactyl\n|move|p2a: Heliolisk|Discharge|p1b: Basculegion|[spread] p1a,p1b\n|-supereffective|p1b: Basculegion|1\n|-enditem|p1b: Basculegion|Wacan Berry|[eat]\n|-enditem|p1b: Basculegion|Wacan Berry|[weaken]\n|-damage|p1a: Incineroar|75/100\n|-damage|p1b: Basculegion|59/100\n|-status|p1a: Incineroar|par\n|-status|p1b: Basculegion|par\n|\n|-weather|RainDance|[upkeep]\n|upkeep\n|\n|t:|1776320056\n|switch|p2b: Incineroar|Incineroar, L50, F|100/100\n|-ability|p2b: Incineroar|Intimidate|boost\n|-unboost|p1a: Incineroar|atk|1\n|-unboost|p1b: Basculegion|atk|1\n|turn|3\n|\n|t:|1776320065\n|move|p2b: Incineroar|Fake Out|p1a: Incineroar\n|-damage|p1a: Incineroar|64/100 par\n|cant|p1a: Incineroar|flinch\n|move|p2a: Heliolisk|Discharge|p1a: Incineroar|[spread] p2b,p1a,p1b\n|-supereffective|p1b: Basculegion|1\n|-damage|p2b: Incineroar|63/100\n|-damage|p1a: Incineroar|41/100 par\n|-damage|p1b: Basculegion|0 fnt\n|-enditem|p1a: Incineroar|Sitrus Berry|[eat]\n|-heal|p1a: Incineroar|65/100 par|[from] item: Sitrus Berry\n|faint|p1b: Basculegion\n|\n|-weather|RainDance|[upkeep]\n|upkeep\n|\n|t:|1776320079\n|switch|p1b: Dragonite|Dragonite, L50, F|100/100\n|turn|4\n|\n|t:|1776320097\n|detailschange|p1b: Dragonite|Dragonite-Mega, L50, F\n|-mega|p1b: Dragonite|Dragonite|Dragoninite\n|move|p2a: Heliolisk|Protect|p2a: Heliolisk\n|-singleturn|p2a: Heliolisk|Protect\n|move|p1b: Dragonite|Draco Meteor|p2a: Heliolisk\n|-activate|p2a: Heliolisk|move: Protect\n|move|p2b: Incineroar|Parting Shot|p1b: Dragonite\n|-unboost|p1b: Dragonite|atk|1\n|-unboost|p1b: Dragonite|spa|1\n|\n|t:|1776320106\n|switch|p2b: Kingambit|Kingambit, L50, F|100/100|[from] Parting Shot\n|move|p1a: Incineroar|Parting Shot|p2a: Heliolisk\n|-activate|p2a: Heliolisk|move: Protect\n|\n|-weather|RainDance|[upkeep]\n|upkeep\n|turn|5\n|\n|t:|1776320119\n|switch|p2b: Incineroar|Incineroar, L50, F|63/100\n|-ability|p2b: Incineroar|Intimidate|boost\n|-unboost|p1a: Incineroar|atk|1\n|-unboost|p1b: Dragonite|atk|1\n|move|p1b: Dragonite|Draco Meteor|p2a: Heliolisk\n|-damage|p2a: Heliolisk|33/100\n|-unboost|p1b: Dragonite|spa|2\n|move|p2a: Heliolisk|Hyper Voice|p1b: Dragonite|[spread] p1a,p1b\n|-damage|p1a: Incineroar|43/100 par\n|-damage|p1b: Dragonite|86/100\n|move|p1a: Incineroar|Parting Shot|p2b: Incineroar\n|-unboost|p2b: Incineroar|atk|1\n|-unboost|p2b: Incineroar|spa|1\n|\n|t:|1776320128\n|switch|p1a: Pelipper|Pelipper, L50, M|100/100|[from] Parting Shot\n|\n|-weather|none\n|upkeep\n|turn|6\n|\n|t:|1776320143\n|switch|p1b: Incineroar|Incineroar, L50, M|43/100 par\n|-ability|p1b: Incineroar|Intimidate|boost\n|-unboost|p2a: Heliolisk|atk|1\n|-unboost|p2b: Incineroar|atk|1\n|move|p1a: Pelipper|Protect|p1a: Pelipper\n|-singleturn|p1a: Pelipper|Protect\n|move|p2b: Incineroar|Fake Out|p1b: Incineroar\n|-damage|p1b: Incineroar|38/100 par\n|move|p2a: Heliolisk|Discharge|p1a: Pelipper|[spread] p2b,p1b\n|-activate|p1a: Pelipper|move: Protect\n|-damage|p2b: Incineroar|26/100\n|-damage|p1b: Incineroar|11/100 par\n|\n|upkeep\n|turn|7\n|inactive|poltato2 has 30 seconds left.\n|\n|t:|1776320170\n|move|p2a: Heliolisk|Protect|p2a: Heliolisk\n|-singleturn|p2a: Heliolisk|Protect\n|move|p1b: Incineroar|Fake Out|p2a: Heliolisk\n|-activate|p2a: Heliolisk|move: Protect\n|move|p1a: Pelipper|Tailwind|p1a: Pelipper\n|-sidestart|p1: Findus25|move: Tailwind\n|move|p2b: Incineroar|Parting Shot|p1a: Pelipper\n|-unboost|p1a: Pelipper|atk|1\n|-unboost|p1a: Pelipper|spa|1\n|\n|t:|1776320179\n|switch|p2b: Kingambit|Kingambit, L50, F|100/100|[from] Parting Shot\n|\n|upkeep\n|turn|8\n|\n|t:|1776320197\n|switch|p1a: Dragonite|Dragonite-Mega, L50, F|86/100\n|move|p1b: Incineroar|Protect|p1b: Incineroar\n|-singleturn|p1b: Incineroar|Protect\n|move|p2b: Kingambit|Sucker Punch||[still]\n|-fail|p2b: Kingambit\n|move|p2a: Heliolisk|Discharge|p1b: Incineroar|[spread] p2b,p1a\n|-activate|p1b: Incineroar|move: Protect\n|-damage|p2b: Kingambit|64/100\n|-damage|p1a: Dragonite|55/100\n|-status|p1a: Dragonite|par\n|\n|upkeep\n|turn|9\n|\n|t:|1776320219\n|switch|p2b: Incineroar|Incineroar, L50, F|26/100\n|-ability|p2b: Incineroar|Intimidate|boost\n|-unboost|p1a: Dragonite|atk|1\n|-unboost|p1b: Incineroar|atk|1\n|move|p2a: Heliolisk|Protect|p2a: Heliolisk\n|-singleturn|p2a: Heliolisk|Protect\n|move|p1a: Dragonite|Draco Meteor|p2a: Heliolisk\n|-activate|p2a: Heliolisk|move: Protect\n|move|p1b: Incineroar|Flare Blitz|p2b: Incineroar\n|-resisted|p2b: Incineroar|1\n|-damage|p2b: Incineroar|15/100\n|-damage|p1b: Incineroar|7/100 par|[from] Recoil\n|\n|upkeep\n|turn|10\n|inactive|poltato2 has 30 seconds left.\n|inactive|poltato2 has 20 seconds left.\n|inactive|poltato2 has 15 seconds left.\n|inactive|poltato2 has 10 seconds left.\n|\n|t:|1776320266\n|switch|p1b: Pelipper|Pelipper, L50, M|100/100\n|-weather|RainDance|[from] ability: Drizzle|[of] p1b: Pelipper\n|move|p2b: Incineroar|Fake Out|p1a: Dragonite\n|-damage|p1a: Dragonite|44/100 par\n|cant|p1a: Dragonite|flinch\n|move|p2a: Heliolisk|Discharge|p1b: Pelipper|[spread] p2b,p1a,p1b\n|-supereffective|p1b: Pelipper|2\n|-damage|p2b: Incineroar|0 fnt\n|-damage|p1a: Dragonite|12/100 par\n|-enditem|p1b: Pelipper|Focus Sash\n|-damage|p1b: Pelipper|1/100\n|-status|p1b: Pelipper|par\n|faint|p2b: Incineroar\n|\n|-weather|RainDance|[upkeep]\n|-heal|p2a: Heliolisk|45/100|[from] ability: Dry Skin\n|-sideend|p1: Findus25|move: Tailwind\n|upkeep\n|\n|t:|1776320281\n|switch|p2b: Kingambit|Kingambit, L50, F|64/100\n|turn|11\n|\n|t:|1776320290\n|move|p1a: Dragonite|Protect|p1a: Dragonite\n|-singleturn|p1a: Dragonite|Protect\n|move|p2b: Kingambit|Protect|p2b: Kingambit\n|-singleturn|p2b: Kingambit|Protect\n|move|p1b: Pelipper|Protect|p1b: Pelipper\n|-singleturn|p1b: Pelipper|Protect\n|move|p2a: Heliolisk|Discharge|p1a: Dragonite|[spread] \n|-activate|p2b: Kingambit|move: Protect\n|-activate|p1a: Dragonite|move: Protect\n|-activate|p1b: Pelipper|move: Protect\n|\n|-weather|RainDance|[upkeep]\n|-heal|p2a: Heliolisk|57/100|[from] ability: Dry Skin\n|upkeep\n|turn|12\n|\n|t:|1776320308\n|move|p2a: Heliolisk|Hyper Voice|p1b: Pelipper|[spread] p1a,p1b\n|-damage|p1a: Dragonite|0 fnt\n|-damage|p1b: Pelipper|0 fnt\n|faint|p1a: Dragonite\n|faint|p1b: Pelipper\n|move|p2b: Kingambit|Kowtow Cleave|p1: Dragonite|[notarget]\n|-fail|p2b: Kingambit\n|\n|-weather|RainDance|[upkeep]\n|-heal|p2a: Heliolisk|70/100|[from] ability: Dry Skin\n|upkeep\n|\n|t:|1776320312\n|switch|p1b: Incineroar|Incineroar, L50, M|7/100 par\n|-ability|p1b: Incineroar|Intimidate|boost\n|-unboost|p2a: Heliolisk|atk|1\n|-unboost|p2b: Kingambit|atk|1\n|-ability|p2b: Kingambit|Defiant|boost\n|-boost|p2b: Kingambit|atk|2\n|turn|13\n|\n|t:|1776320320\n|move|p1b: Incineroar|Fake Out|p2a: Heliolisk\n|-damage|p2a: Heliolisk|48/100\n|move|p2b: Kingambit|Sucker Punch||[still]\n|-fail|p2b: Kingambit\n|cant|p2a: Heliolisk|flinch\n|\n|-weather|RainDance|[upkeep]\n|-heal|p2a: Heliolisk|60/100|[from] ability: Dry Skin\n|upkeep\n|turn|14\n|\n|t:|1776320333\n|move|p2a: Heliolisk|Hyper Voice|p1b: Incineroar\n|-damage|p1b: Incineroar|0 fnt\n|faint|p1b: Incineroar\n|\n|win|poltato2\n|raw|Findus25's rating: 1000 &rarr; <strong>1000</strong><br />(+0 for losing)\n|raw|poltato2's rating: 1059 &rarr; <strong>1085</strong><br />(+26 for winning)\n|l|\u2606Findus25\n|player|p1|\n",
  "uploadtime": 1776320342,
  "views": 21,
  "formatid": "gen9championsvgc2026regma",
  "rating": 1000,
  "private": 0,
  "password": null
}