{
  "id": "gen9championsvgc2026regma-2588448317",
  "format": "[Gen 9 Champions] VGC 2026 Reg M-A",
  "players": [
    "rauliito_adh",
    "W0kMeDed"
  ],
  "log": "|j|\u2606rauliito_adh\n|j|\u2606W0kMeDed\n|t:|1776634427\n|gametype|doubles\n|player|p1|rauliito_adh|hilbert|1467\n|player|p2|W0kMeDed|palmer|1515\n|gen|9\n|tier|[Gen 9 Champions] VGC 2026 Reg M-A\n|rated|\n|rule|Species Clause: Limit one of each Pok\u00e9mon\n|rule|Item Clause: Limit 1 of each item\n|clearpoke\n|poke|p1|Gardevoir, L50, M, shiny|\n|poke|p1|Basculegion, L50, M, shiny|\n|poke|p1|Maushold-Four, L50, shiny|\n|poke|p1|Talonflame, L50, M, shiny|\n|poke|p1|Garchomp, L50, F|\n|poke|p1|Kingambit, L50, M, shiny|\n|poke|p2|Serperior, L50, F|\n|poke|p2|Tyranitar, L50, M|\n|poke|p2|Excadrill, L50, F|\n|poke|p2|Dragapult, L50, M|\n|poke|p2|Sneasler, L50, M|\n|poke|p2|Rotom-Wash, L50|\n|teampreview|4\n|inactive|Battle timer is ON: inactive players will automatically lose when time's up. (requested by rauliito_adh)\n|\n|t:|1776634503\n|teamsize|p1|4\n|teamsize|p2|4\n|start\n|switch|p1a: Maushold|Maushold-Four, L50, shiny|100/100\n|switch|p1b: Gardevoir|Gardevoir, L50, M, shiny|100/100\n|switch|p2a: Vert|Serperior, L50, F|100/100\n|switch|p2b: Wise|Sneasler, L50, M|100/100\n|turn|1\n|\n|t:|1776634522\n|detailschange|p1b: Gardevoir|Gardevoir-Mega, L50, M, shiny\n|-mega|p1b: Gardevoir|Gardevoir|Gardevoirite\n|move|p1a: Maushold|Protect|p1a: Maushold\n|-singleturn|p1a: Maushold|Protect\n|move|p1b: Gardevoir|Protect|p1b: Gardevoir\n|-singleturn|p1b: Gardevoir|Protect\n|move|p2b: Wise|Fake Out|p1b: Gardevoir\n|-activate|p1b: Gardevoir|move: Protect\n|move|p2a: Vert|Substitute|p2a: Vert\n|-start|p2a: Vert|Substitute\n|-damage|p2a: Vert|76/100\n|\n|-heal|p2a: Vert|82/100|[from] item: Leftovers\n|upkeep\n|turn|2\n|inactive|rauliito_adh has 30 seconds left.\n|\n|t:|1776634554\n|move|p2b: Wise|Dire Claw|p1b: Gardevoir\n|-supereffective|p1b: Gardevoir|1\n|-damage|p1b: Gardevoir|13/100\n|-status|p1b: Gardevoir|slp\n|move|p2a: Vert|Leaf Storm|p1b: Gardevoir\n|-damage|p1b: Gardevoir|0 fnt\n|-boost|p2a: Vert|spa|2\n|faint|p1b: Gardevoir\n|move|p1a: Maushold|Super Fang|p2b: Wise\n|-damage|p2b: Wise|50/100\n|\n|-heal|p2a: Vert|88/100|[from] item: Leftovers\n|upkeep\n|\n|t:|1776634565\n|switch|p1b: Talonflame|Talonflame, L50, M, shiny|100/100\n|turn|3\n|inactive|rauliito_adh has 30 seconds left.\n|\n|t:|1776634594\n|switch|p2b: Hakai|Tyranitar, L50, M|100/100\n|-weather|Sandstorm|[from] ability: Sand Stream|[of] p2b: Hakai\n|move|p1b: Talonflame|Will-O-Wisp|p2b: Hakai\n|-status|p2b: Hakai|brn\n|move|p2a: Vert|Leaf Storm|p1a: Maushold\n|-damage|p1a: Maushold|1/100\n|-boost|p2a: Vert|spa|2\n|move|p1a: Maushold|Super Fang|p2a: Vert\n|-end|p2a: Vert|Substitute\n|\n|-weather|Sandstorm|[upkeep]\n|-damage|p1b: Talonflame|95/100|[from] Sandstorm\n|-damage|p2a: Vert|82/100|[from] Sandstorm\n|-damage|p1a: Maushold|0 fnt|[from] Sandstorm\n|faint|p1a: Maushold\n|-heal|p2a: Vert|88/100|[from] item: Leftovers\n|-damage|p2b: Hakai|94/100 brn|[from] brn\n|upkeep\n|\n|t:|1776634610\n|switch|p1a: Basculegion|Basculegion, L50, M, shiny|100/100\n|turn|4\n|inactive|rauliito_adh has 30 seconds left.\n|\n|t:|1776634638\n|detailschange|p2b: Hakai|Tyranitar-Mega, L50, M\n|-mega|p2b: Hakai|Tyranitar|Tyranitarite\n|move|p2a: Vert|Protect|p2a: Vert\n|-singleturn|p2a: Vert|Protect\n|move|p1b: Talonflame|Acrobatics|p2a: Vert\n|-activate|p2a: Vert|move: Protect\n|move|p2b: Hakai|Knock Off|p1a: Basculegion\n|-supereffective|p1a: Basculegion|1\n|-damage|p1a: Basculegion|23/100\n|-enditem|p1a: Basculegion|Sitrus Berry|[from] move: Knock Off|[of] p2b: Hakai\n|move|p1a: Basculegion|Wave Crash|p2b: Hakai\n|-supereffective|p2b: Hakai|1\n|-damage|p2b: Hakai|0 fnt\n|faint|p2b: Hakai\n|-damage|p1a: Basculegion|0 fnt|[from] Recoil\n|faint|p1a: Basculegion\n|\n|-weather|Sandstorm|[upkeep]\n|-damage|p1b: Talonflame|89/100|[from] Sandstorm\n|-damage|p2a: Vert|82/100|[from] Sandstorm\n|-heal|p2a: Vert|88/100|[from] item: Leftovers\n|upkeep\n|\n|t:|1776634657\n|switch|p2b: Wise|Sneasler, L50, M|50/100\n|turn|5\n|inactive|rauliito_adh has 30 seconds left.\n|\n|t:|1776634688\n|move|p1b: Talonflame|Protect|p1b: Talonflame\n|-singleturn|p1b: Talonflame|Protect\n|move|p2b: Wise|Fake Out|p1b: Talonflame\n|-activate|p1b: Talonflame|move: Protect\n|move|p2a: Vert|Substitute|p2a: Vert\n|-start|p2a: Vert|Substitute\n|-damage|p2a: Vert|63/100\n|\n|-weather|Sandstorm|[upkeep]\n|-damage|p1b: Talonflame|83/100|[from] Sandstorm\n|-damage|p2b: Wise|45/100|[from] Sandstorm\n|-damage|p2a: Vert|57/100|[from] Sandstorm\n|-heal|p2a: Vert|63/100|[from] item: Leftovers\n|upkeep\n|turn|6\n|\n|t:|1776634699\n|move|p1b: Talonflame|Acrobatics|p2a: Vert\n|-supereffective|p2a: Vert|1\n|-end|p2a: Vert|Substitute\n|move|p2b: Wise|Dire Claw|p1b: Talonflame\n|-damage|p1b: Talonflame|20/100\n|move|p2a: Vert|Leaf Storm|p1b: Talonflame\n|-resisted|p1b: Talonflame|2\n|-damage|p1b: Talonflame|0 fnt\n|-boost|p2a: Vert|spa|2\n|faint|p1b: Talonflame\n|\n|win|W0kMeDed\n|raw|rauliito_adh's rating: 1467 &rarr; <strong>1450</strong><br />(-17 for losing)\n|raw|W0kMeDed's rating: 1515 &rarr; <strong>1532</strong><br />(+17 for winning)\n",
  "uploadtime": 1776634699,
  "views": 16,
  "formatid": "gen9championsvgc2026regma",
  "rating": 1450,
  "private": 0,
  "password": null
}