{
  "id": "gen9championsvgc2026regma-2583720547",
  "format": "[Gen 9 Champions] VGC 2026 Reg M-A",
  "players": [
    "lSuis",
    "orionsayshi"
  ],
  "log": "|j|\u2606lSuis\n|j|\u2606orionsayshi\n|t:|1776193136\n|gametype|doubles\n|player|p1|lSuis|clerk|1115\n|player|p2|orionsayshi|elesa|1143\n|gen|9\n|tier|[Gen 9 Champions] VGC 2026 Reg M-A\n|rated|\n|rule|Species Clause: Limit one of each Pok\u00e9mon\n|rule|Item Clause: Limit 1 of each item\n|clearpoke\n|poke|p1|Froslass, L50, F|\n|poke|p1|Garchomp, L50, F|\n|poke|p1|Orthworm, L50, M|\n|poke|p1|Sneasler, L50, F|\n|poke|p1|Rotom-Frost, L50|\n|poke|p1|Basculegion, L50, M|\n|poke|p2|Gengar, L50, F|\n|poke|p2|Sinistcha, L50|\n|poke|p2|Palafin, L50, F|\n|poke|p2|Sableye, L50, M|\n|poke|p2|Kommo-o, L50, F|\n|poke|p2|Heliolisk, L50, F|\n|teampreview|4\n|\n|t:|1776193166\n|teamsize|p1|4\n|teamsize|p2|4\n|start\n|switch|p1a: Sneasler|Sneasler, L50, F, shiny|100/100\n|switch|p1b: Garchomp|Garchomp, L50, F, shiny|100/100\n|switch|p2a: Gengar|Gengar, L50, F|100/100\n|switch|p2b: Sableye|Sableye, L50, M|100/100\n|turn|1\n|inactive|Battle timer is ON: inactive players will automatically lose when time's up. (requested by lSuis)\n|\n|t:|1776193183\n|detailschange|p2a: Gengar|Gengar-Mega, L50, F\n|-mega|p2a: Gengar|Gengar|Gengarite\n|move|p2b: Sableye|Fake Out|p1b: Garchomp\n|-damage|p1b: Garchomp|92/100\n|-damage|p2b: Sableye|88/100|[from] ability: Rough Skin|[of] p1b: Garchomp\n|move|p2a: Gengar|Perish Song|p2a: Gengar\n|-start|p1a: Sneasler|perish3|[silent]\n|-start|p1b: Garchomp|perish3|[silent]\n|-start|p2a: Gengar|perish3|[silent]\n|-start|p2b: Sableye|perish3|[silent]\n|-fieldactivate|move: Perish Song\n|move|p1a: Sneasler|Dire Claw|p2a: Gengar\n|-resisted|p2a: Gengar|2\n|-damage|p2a: Gengar|88/100\n|cant|p1b: Garchomp|flinch\n|\n|-start|p2a: Gengar|perish3\n|-start|p1a: Sneasler|perish3\n|-start|p1b: Garchomp|perish3\n|-start|p2b: Sableye|perish3\n|upkeep\n|turn|2\n|\n|t:|1776193197\n|move|p2b: Sableye|Protect|p2b: Sableye\n|-singleturn|p2b: Sableye|Protect\n|move|p2a: Gengar|Protect|p2a: Gengar\n|-singleturn|p2a: Gengar|Protect\n|move|p1a: Sneasler|Protect|p1a: Sneasler\n|-singleturn|p1a: Sneasler|Protect\n|move|p1b: Garchomp|Earthquake|p2b: Sableye|[spread] \n|-activate|p1a: Sneasler|move: Protect\n|-activate|p2a: Gengar|move: Protect\n|-activate|p2b: Sableye|move: Protect\n|\n|-start|p2a: Gengar|perish2\n|-start|p1a: Sneasler|perish2\n|-start|p1b: Garchomp|perish2\n|-start|p2b: Sableye|perish2\n|upkeep\n|turn|3\n|\n|t:|1776193210\n|move|p2b: Sableye|Disable|p1b: Garchomp\n|-start|p1b: Garchomp|Disable|Earthquake\n|move|p2a: Gengar|Substitute|p2a: Gengar\n|-start|p2a: Gengar|Substitute\n|-damage|p2a: Gengar|63/100\n|move|p1a: Sneasler|Dire Claw|p2a: Gengar\n|-resisted|p2a: Gengar|2\n|-activate|p2a: Gengar|move: Substitute|[damage]\n|cant|p1b: Garchomp|Disable|Earthquake\n|\n|-start|p2a: Gengar|perish1\n|-start|p1a: Sneasler|perish1\n|-start|p1b: Garchomp|perish1\n|-start|p2b: Sableye|perish1\n|upkeep\n|turn|4\n|\n|t:|1776193231\n|switch|p2a: Sinistcha|Sinistcha, L50|100/100\n|-heal|p2b: Sableye|100/100|[from] ability: Hospitality|[of] p2a: Sinistcha\n|switch|p2b: Kommo-o|Kommo-o, L50, F|100/100\n|move|p1a: Sneasler|Dire Claw|p2a: Sinistcha\n|-crit|p2a: Sinistcha\n|-damage|p2a: Sinistcha|42/100\n|-status|p2a: Sinistcha|slp\n|-enditem|p2a: Sinistcha|Sitrus Berry|[eat]\n|-heal|p2a: Sinistcha|67/100 slp|[from] item: Sitrus Berry\n|move|p1b: Garchomp|Dragon Claw|p2a: Sinistcha\n|-damage|p2a: Sinistcha|26/100 slp\n|\n|-start|p1a: Sneasler|perish0\n|-start|p1b: Garchomp|perish0\n|faint|p1a: Sneasler\n|faint|p1b: Garchomp\n|upkeep\n|\n|t:|1776193250\n|switch|p1a: Froslass|Froslass, L50, F, shiny|100/100\n|switch|p1b: Orthworm|Orthworm, L50, M, shiny|100/100\n|turn|5\n|inactive|orionsayshi has 30 seconds left.\n|\n|t:|1776193277\n|detailschange|p1a: Froslass|Froslass-Mega, L50, F, shiny\n|-mega|p1a: Froslass|Froslass|Froslassite\n|-weather|Snowscape|[from] ability: Snow Warning|[of] p1a: Froslass\n|move|p1a: Froslass|Blizzard|p2b: Kommo-o|[spread] p2a,p2b\n|-supereffective|p2a: Sinistcha|1\n|-supereffective|p2b: Kommo-o|1\n|-damage|p2a: Sinistcha|0 fnt\n|-damage|p2b: Kommo-o|0 fnt\n|faint|p2a: Sinistcha\n|faint|p2b: Kommo-o\n|move|p1b: Orthworm|Iron Head|p2: Sinistcha|[notarget]\n|-fail|p1b: Orthworm\n|\n|-weather|Snowscape|[upkeep]\n|upkeep\n|\n|t:|1776193283\n|switch|p2b: Sableye|Sableye, L50, M|100/100\n|switch|p2a: Gengar|Gengar-Mega, L50, F|63/100\n|turn|6\n|\n|t:|1776193294\n|move|p2b: Sableye|Fake Out|p1b: Orthworm\n|-resisted|p1b: Orthworm|1\n|-damage|p1b: Orthworm|98/100\n|move|p2a: Gengar|Shadow Ball|p1a: Froslass\n|-supereffective|p1a: Froslass|1\n|-damage|p1a: Froslass|0 fnt\n|faint|p1a: Froslass\n|cant|p1b: Orthworm|flinch\n|\n|-weather|Snowscape|[upkeep]\n|upkeep\n|turn|7\n|\n|t:|1776193308\n|move|p2b: Sableye|Protect|p2b: Sableye\n|-singleturn|p2b: Sableye|Protect\n|move|p2a: Gengar|Protect|p2a: Gengar\n|-singleturn|p2a: Gengar|Protect\n|move|p1b: Orthworm|Iron Head|p2a: Gengar\n|-activate|p2a: Gengar|move: Protect\n|\n|-weather|Snowscape|[upkeep]\n|upkeep\n|turn|8\n|\n|t:|1776193322\n|move|p2b: Sableye|Encore|p1b: Orthworm\n|-start|p1b: Orthworm|Encore\n|move|p2a: Gengar|Shadow Ball|p1b: Orthworm\n|-damage|p1b: Orthworm|25/100\n|-enditem|p1b: Orthworm|Sitrus Berry|[eat]\n|-heal|p1b: Orthworm|50/100|[from] item: Sitrus Berry\n|move|p1b: Orthworm|Iron Head|p2a: Gengar\n|-damage|p2a: Gengar|31/100\n|\n|-weather|Snowscape|[upkeep]\n|upkeep\n|turn|9\n|\n|t:|1776193334\n|move|p2b: Sableye|Disable|p1b: Orthworm\n|-start|p1b: Orthworm|Disable|Iron Head\n|move|p2a: Gengar|Shadow Ball|p1b: Orthworm\n|-damage|p1b: Orthworm|0 fnt\n|faint|p1b: Orthworm\n|\n|win|orionsayshi\n|raw|lSuis's rating: 1115 &rarr; <strong>1092</strong><br />(-23 for losing)\n|raw|orionsayshi's rating: 1143 &rarr; <strong>1166</strong><br />(+23 for winning)\n|l|\u2606lSuis\n|player|p1|\n",
  "uploadtime": 1776193346,
  "views": 16,
  "formatid": "gen9championsvgc2026regma",
  "rating": 1092,
  "private": 0,
  "password": null
}