{
  "id": "gen9championsvgc2026regma-2581892838",
  "format": "[Gen 9 Champions] VGC 2026 Reg M-A",
  "players": [
    "Gemifi996644",
    "obsessionincarnate"
  ],
  "log": "|j|\u2606Gemifi996644\n|j|\u2606obsessionincarnate\n|t:|1776037353\n|gametype|doubles\n|player|p1|Gemifi996644|101|1000\n|player|p2|obsessionincarnate|1|1083\n|gen|9\n|tier|[Gen 9 Champions] VGC 2026 Reg M-A\n|rated|\n|rule|Species Clause: Limit one of each Pok\u00e9mon\n|rule|Item Clause: Limit 1 of each item\n|clearpoke\n|poke|p1|Maushold-Four, L50|\n|poke|p1|Froslass, L50, F|\n|poke|p1|Arcanine-Hisui, L50, F|\n|poke|p1|Dragonite, L50, F|\n|poke|p1|Corviknight, L50, M|\n|poke|p1|Sneasler, L50, M|\n|poke|p2|Feraligatr, L50, M|\n|poke|p2|Greninja-*, L50, F|\n|poke|p2|Pelipper, L50, M|\n|poke|p2|Archaludon, L50, M|\n|poke|p2|Empoleon, L50, M|\n|poke|p2|Volcarona, L50, M|\n|teampreview|4\nobsessionincarnate has agreed to open team sheets.\n|inactive|Battle timer is ON: inactive players will automatically lose when time's up. (requested by obsessionincarnate)\nGemifi996644 has agreed to open team sheets.\n|showteam|p1|Maushold-Four||MentalHerb|FriendGuard|Protect,FollowMe,SuperFang,Taunt||||||50|]Froslass||Froslassite|SnowCloak|Blizzard,AuroraVeil,ShadowBall,Protect|||F|||50|]Arcanine-Hisui||SitrusBerry|Intimidate|HeadSmash,ExtremeSpeed,WillOWisp,Protect|||F|||50|]Dragonite||WhiteHerb|Multiscale|HeatWave,Blizzard,DracoMeteor,Protect|||F|||50|]Corviknight||Leftovers|MirrorArmor|Roost,Tailwind,IronDefense,BodyPress|||M|||50|]Sneasler||FocusSash|Pressure|CloseCombat,FakeOut,DireClaw,ThroatChop|||M|||50|\n|showteam|p2|Feraligatr||Feraligite|SheerForce|DoubleEdge,Liquidation,SwordsDance,Protect|||M|||50|]Greninja||Greninjite|Protean|Surf,DarkPulse,SludgeWave,Protect|||F|||50|]Pelipper||Leftovers|Drizzle|Hurricane,WeatherBall,Uturn,Protect|||M|||50|]Archaludon||WhiteHerb|Sturdy|ElectroShot,SteelBeam,DracoMeteor,Protect|||M|||50|]Empoleon||MysticWater|Competitive|Surf,IceBeam,FlashCannon,Protect|||M|||50|]Volcarona||Charcoal|FlameBody|WillOWisp,RagePowder,Overheat,Protect|||M|||50|\n|inactive|Gemifi996644 has 60 seconds left.\n|\n|t:|1776037414\n|teamsize|p1|4\n|teamsize|p2|4\n|start\n|switch|p1a: Froslass|Froslass, L50, F|100/100\n|switch|p1b: Sneasler|Sneasler, L50, M|100/100\n|switch|p2a: Feraligatr|Feraligatr, L50, M|100/100\n|switch|p2b: Volcarona|Volcarona, L50, M|100/100\n|-ability|p1b: Sneasler|Pressure\n|turn|1\n|inactive|Gemifi996644 has 30 seconds left.\n|inactive|obsessionincarnate has 30 seconds left.\n|\n|t:|1776037444\n|move|p1a: Froslass|Protect|p1a: Froslass\n|-singleturn|p1a: Froslass|Protect\n|move|p1b: Sneasler|Fake Out|p2b: Volcarona\n|-damage|p2b: Volcarona|89/100\n|cant|p2b: Volcarona|flinch\n|move|p2a: Feraligatr|Swords Dance|p2a: Feraligatr\n|-boost|p2a: Feraligatr|atk|2\n|\n|upkeep\n|turn|2\n|\n|t:|1776037469\n|detailschange|p1a: Froslass|Froslass-Mega, L50, F\n|-mega|p1a: Froslass|Froslass|Froslassite\n|-weather|Snowscape|[from] ability: Snow Warning|[of] p1a: Froslass\n|move|p2a: Feraligatr|Protect|p2a: Feraligatr\n|-singleturn|p2a: Feraligatr|Protect\n|move|p1b: Sneasler|Close Combat|p2a: Feraligatr\n|-activate|p2a: Feraligatr|move: Protect\n|move|p1a: Froslass|Aurora Veil|p1a: Froslass\n|-sidestart|p1: Gemifi996644|move: Aurora Veil\n|move|p2b: Volcarona|Overheat|p1a: Froslass\n|-supereffective|p1a: Froslass|1\n|-damage|p1a: Froslass|0 fnt\n|-unboost|p2b: Volcarona|spa|2\n|faint|p1a: Froslass\n|\n|-weather|Snowscape|[upkeep]\n|upkeep\n|\n|t:|1776037485\n|switch|p1a: Arcanine|Arcanine-Hisui, L50, F|100/100\n|-ability|p1a: Arcanine|Intimidate|boost\n|-unboost|p2a: Feraligatr|atk|1\n|-unboost|p2b: Volcarona|atk|1\n|turn|3\n|\n|t:|1776037496\n|move|p2b: Volcarona|Rage Powder|p2b: Volcarona\n|-singleturn|p2b: Volcarona|move: Rage Powder\n|move|p1b: Sneasler|Close Combat|p2b: Volcarona\n|-resisted|p2b: Volcarona|1\n|-damage|p2b: Volcarona|61/100\n|-unboost|p1b: Sneasler|def|1\n|-unboost|p1b: Sneasler|spd|1\n|move|p1a: Arcanine|Head Smash|p2b: Volcarona\n|-supereffective|p2b: Volcarona|2\n|-damage|p2b: Volcarona|0 fnt\n|faint|p2b: Volcarona\n|-damage|p1a: Arcanine|66/100|[from] Recoil\n|move|p2a: Feraligatr|Liquidation|p1a: Arcanine\n|-supereffective|p1a: Arcanine|2\n|-damage|p1a: Arcanine|0 fnt\n|faint|p1a: Arcanine\n|\n|-weather|Snowscape|[upkeep]\n|upkeep\n|\n|t:|1776037511\n|switch|p1a: Dragonite|Dragonite, L50, F|100/100\n|switch|p2b: Pelipper|Pelipper, L50, M|100/100\n|-weather|RainDance|[from] ability: Drizzle|[of] p2b: Pelipper\n|turn|4\n|\n|t:|1776037525\n|detailschange|p2a: Feraligatr|Feraligatr-Mega, L50, M\n|-mega|p2a: Feraligatr|Feraligatr|Feraligite\n|move|p1b: Sneasler|Dire Claw|p2b: Pelipper\n|-damage|p2b: Pelipper|52/100\n|move|p1a: Dragonite|Draco Meteor|p2a: Feraligatr\n|-supereffective|p2a: Feraligatr|1\n|-damage|p2a: Feraligatr|0 fnt\n|-unboost|p1a: Dragonite|spa|2\n|faint|p2a: Feraligatr\n|-enditem|p1a: Dragonite|White Herb\n|-clearnegativeboost|p1a: Dragonite|[silent]\n|move|p2b: Pelipper|Weather Ball|p1b: Sneasler\n|-damage|p1b: Sneasler|4/100\n|\n|-weather|RainDance|[upkeep]\n|-heal|p2b: Pelipper|58/100|[from] item: Leftovers\n|upkeep\n|\n|t:|1776037540\n|switch|p2a: Archaludon|Archaludon, L50, M|100/100\n|turn|5\n|\n|t:|1776037558\n|move|p1b: Sneasler|Close Combat|p2a: Archaludon\n|-supereffective|p2a: Archaludon|1\n|-ability|p2a: Archaludon|Sturdy\n|-damage|p2a: Archaludon|1/100\n|-unboost|p1b: Sneasler|def|1\n|-unboost|p1b: Sneasler|spd|1\n|move|p1a: Dragonite|Draco Meteor|p2b: Pelipper\n|-damage|p2b: Pelipper|0 fnt\n|-unboost|p1a: Dragonite|spa|2\n|faint|p2b: Pelipper\n|move|p2a: Archaludon|Draco Meteor|p1a: Dragonite\n|-supereffective|p1a: Dragonite|1\n|-damage|p1a: Dragonite|49/100\n|-unboost|p2a: Archaludon|spa|2\n|-enditem|p2a: Archaludon|White Herb\n|-clearnegativeboost|p2a: Archaludon|[silent]\n|\n|-weather|RainDance|[upkeep]\n|upkeep\n|turn|6\n|\n|t:|1776037579\n|move|p1b: Sneasler|Close Combat|p2a: Archaludon\n|-supereffective|p2a: Archaludon|1\n|-damage|p2a: Archaludon|0 fnt\n|-unboost|p1b: Sneasler|def|1\n|-unboost|p1b: Sneasler|spd|1\n|faint|p2a: Archaludon\n|\n|win|Gemifi996644\n|raw|Gemifi996644's rating: 1000 &rarr; <strong>1049</strong><br />(+49 for winning)\n|raw|obsessionincarnate's rating: 1083 &rarr; <strong>1055</strong><br />(-28 for losing)\n",
  "uploadtime": 1776037586,
  "views": 10,
  "formatid": "gen9championsvgc2026regma",
  "rating": 1049,
  "private": 0,
  "password": null
}