{
  "id": "gen9championsvgc2026regma-2582605558",
  "format": "[Gen 9 Champions] VGC 2026 Reg M-A",
  "players": [
    "DryIceBros",
    "imlikepokemon"
  ],
  "log": "|j|\u2606DryIceBros\n|j|\u2606imlikepokemon\n|t:|1776102191\n|gametype|doubles\n|player|p1|DryIceBros|102|1065\n|player|p2|imlikepokemon|266|1040\n|gen|9\n|tier|[Gen 9 Champions] VGC 2026 Reg M-A\n|rated|\n|rule|Species Clause: Limit one of each Pok\u00e9mon\n|rule|Item Clause: Limit 1 of each item\n|clearpoke\n|poke|p1|Crabominable, L50, M|\n|poke|p1|Farigiraf, L50, M|\n|poke|p1|Ninetales-Alola, L50, M|\n|poke|p1|Kingambit, L50, F|\n|poke|p1|Incineroar, L50, M|\n|poke|p1|Rotom-Wash, L50|\n|poke|p2|Gallade, L50, M|\n|poke|p2|Glimmora, L50, F|\n|poke|p2|Sinistcha, L50|\n|poke|p2|Incineroar, L50, F|\n|poke|p2|Dragapult, L50, F|\n|poke|p2|Rotom-Wash, L50|\n|teampreview|4\nDryIceBros has agreed to open team sheets.\nimlikepokemon has agreed to open team sheets.\n|showteam|p1|Crabominable||Crabominite|HyperCutter|IceHammer,CloseCombat,MachPunch,Protect|||M|||50|]Farigiraf||SitrusBerry|ArmorTail|TrickRoom,Psychic,HyperVoice,Protect|||M|||50|]Ninetales-Alola||FocusSash|SnowWarning|AuroraVeil,Blizzard,DazzlingGleam,Protect|||M|||50|]Kingambit||BlackGlasses|Defiant|KowtowCleave,SuckerPunch,SwordsDance,Protect|||F|||50|]Incineroar||LumBerry|Intimidate|FakeOut,FlareBlitz,ThroatChop,PartingShot|||M|||50|]Rotom-Wash||Leftovers|Levitate|HydroPump,Thunderbolt,WillOWisp,Protect||||||50|\n|showteam|p2|Gallade||Galladite|Steadfast|SacredSword,PsychoCut,Protect,RockSlide|||M|||50|]Glimmora||FocusSash|ToxicDebris|PowerGem,MortalSpin,EarthPower,StealthRock|||F|||50|]Sinistcha||Leftovers|Hospitality|MatchaGotcha,Protect,RagePowder,LifeDew||||||50|]Incineroar||SitrusBerry|Intimidate|FakeOut,PartingShot,DarkestLariat,FlareBlitz|||F|||50|]Dragapult||WhiteHerb|CursedBody|DracoMeteor,ShadowBall,Flamethrower,Uturn|||F|||50|]Rotom-Wash||QuickClaw|Levitate|WillOWisp,HydroPump,Thunderbolt,Protect||||||50|\n|\n|t:|1776102233\n|teamsize|p1|4\n|teamsize|p2|4\n|start\n|switch|p1a: Crabominable|Crabominable, L50, M|100/100\n|switch|p1b: Farigiraf|Farigiraf, L50, M|100/100\n|switch|p2a: Glimmora|Glimmora, L50, F|100/100\n|switch|p2b: Incineroar|Incineroar, L50, F|100/100\n|-ability|p2b: Incineroar|Intimidate|boost\n|-fail|p1a: Crabominable|unboost|Attack|[from] ability: Hyper Cutter|[of] p1a: Crabominable\n|-unboost|p1b: Farigiraf|atk|1\n|turn|1\n|\n|t:|1776102254\n|move|p1a: Crabominable|Protect|p1a: Crabominable\n|-singleturn|p1a: Crabominable|Protect\n|move|p2a: Glimmora|Stealth Rock|p1b: Farigiraf\n|-sidestart|p1: DryIceBros|move: Stealth Rock\n|move|p2b: Incineroar|Parting Shot|p1a: Crabominable\n|-activate|p1a: Crabominable|move: Protect\n|move|p1b: Farigiraf|Trick Room|p1b: Farigiraf\n|-fieldstart|move: Trick Room|[of] p1b: Farigiraf\n|\n|upkeep\n|turn|2\n|\n|t:|1776102272\n|move|p1a: Crabominable|Close Combat|p2b: Incineroar\n|-supereffective|p2b: Incineroar|1\n|-damage|p2b: Incineroar|0 fnt\n|-unboost|p1a: Crabominable|def|1\n|-unboost|p1a: Crabominable|spd|1\n|faint|p2b: Incineroar\n|move|p1b: Farigiraf|Psychic|p2a: Glimmora\n|-supereffective|p2a: Glimmora|1\n|-damage|p2a: Glimmora|8/100\n|move|p2a: Glimmora|Stealth Rock||[still]\n|-fail|p2a: Glimmora\n|\n|upkeep\n|\n|t:|1776102286\n|switch|p2b: Rotom|Rotom-Wash, L50|100/100\n|turn|3\n|\n|t:|1776102296\n|detailschange|p1a: Crabominable|Crabominable-Mega, L50, M\n|-mega|p1a: Crabominable|Crabominable|Crabominite\n|move|p2b: Rotom|Protect|p2b: Rotom\n|-singleturn|p2b: Rotom|Protect\n|move|p1a: Crabominable|Close Combat|p2b: Rotom\n|-activate|p2b: Rotom|move: Protect\n|move|p1b: Farigiraf|Hyper Voice|p2b: Rotom|[spread] p2a\n|-activate|p2b: Rotom|move: Protect\n|-resisted|p2a: Glimmora|1\n|-damage|p2a: Glimmora|0 fnt\n|faint|p2a: Glimmora\n|\n|upkeep\n|\n|t:|1776102310\n|switch|p2a: Gallade|Gallade, L50, M|100/100\n|turn|4\n|\n|t:|1776102323\n|switch|p1b: Ninetales|Ninetales-Alola, L50, M|100/100\n|-damage|p1b: Ninetales|76/100|[from] Stealth Rock\n|-weather|Snowscape|[from] ability: Snow Warning|[of] p1b: Ninetales\n|detailschange|p2a: Gallade|Gallade-Mega, L50, M\n|-mega|p2a: Gallade|Gallade|Galladite\n|move|p2a: Gallade|Protect|p2a: Gallade\n|-singleturn|p2a: Gallade|Protect\n|move|p1a: Crabominable|Close Combat|p2b: Rotom\n|-crit|p2b: Rotom\n|-damage|p2b: Rotom|0 fnt\n|-unboost|p1a: Crabominable|def|1\n|-unboost|p1a: Crabominable|spd|1\n|faint|p2b: Rotom\n|\n|-weather|Snowscape|[upkeep]\n|upkeep\n|turn|5\n|\n|t:|1776102343\n|move|p1a: Crabominable|Protect|p1a: Crabominable\n|-singleturn|p1a: Crabominable|Protect\n|move|p1b: Ninetales|Aurora Veil|p1b: Ninetales\n|-sidestart|p1: DryIceBros|move: Aurora Veil\n|move|p2a: Gallade|Sacred Sword|p1a: Crabominable\n|-activate|p1a: Crabominable|move: Protect\n|\n|-weather|Snowscape|[upkeep]\n|-fieldend|move: Trick Room\n|upkeep\n|turn|6\n|\n|t:|1776102353\n|move|p2a: Gallade|Sacred Sword|p1a: Crabominable\n|-supereffective|p1a: Crabominable|1\n|-damage|p1a: Crabominable|65/100\n|move|p1b: Ninetales|Dazzling Gleam|p2a: Gallade\n|-supereffective|p2a: Gallade|1\n|-damage|p2a: Gallade|36/100\n|move|p1a: Crabominable|Ice Hammer|p2a: Gallade\n|-damage|p2a: Gallade|0 fnt\n|-unboost|p1a: Crabominable|spe|1\n|faint|p2a: Gallade\n|\n|win|DryIceBros\n|raw|DryIceBros's rating: 1065 &rarr; <strong>1093</strong><br />(+28 for winning)\n|raw|imlikepokemon's rating: 1040 &rarr; <strong>1025</strong><br />(-15 for losing)\n|l|\u2606imlikepokemon\n|player|p2|\n",
  "uploadtime": 1776102368,
  "views": 12,
  "formatid": "gen9championsvgc2026regma",
  "rating": 1025,
  "private": 0,
  "password": null
}