{
  "id": "gen9championsvgc2026regma-2584522212",
  "format": "[Gen 9 Champions] VGC 2026 Reg M-A",
  "players": [
    "EmisW",
    "ZZZITALOZZZ"
  ],
  "log": "|j|\u2606EmisW\n|j|\u2606ZZZITALOZZZ\n|t:|1776266382\n|gametype|doubles\n|player|p1|EmisW|169|1000\n|player|p2|ZZZITALOZZZ|1|1035\n|gen|9\n|tier|[Gen 9 Champions] VGC 2026 Reg M-A\n|rated|\n|rule|Species Clause: Limit one of each Pok\u00e9mon\n|rule|Item Clause: Limit 1 of each item\n|clearpoke\n|poke|p1|Incineroar, L50, M|\n|poke|p1|Charizard, L50, M|\n|poke|p1|Venusaur, L50, F|\n|poke|p1|Garchomp, L50, F|\n|poke|p1|Sinistcha, L50|\n|poke|p1|Milotic, L50, F|\n|poke|p2|Whimsicott, L50, M|\n|poke|p2|Zoroark-Hisui, L50, F|\n|poke|p2|Incineroar, L50, M|\n|poke|p2|Glimmora, L50, F|\n|poke|p2|Clefable, L50, M|\n|poke|p2|Sneasler, L50, F|\n|teampreview|4\n|\n|t:|1776266420\n|teamsize|p1|4\n|teamsize|p2|4\n|start\n|switch|p1a: Milotic|Milotic, L50, F|100/100\n|switch|p1b: Incineroar|Incineroar, L50, M|100/100\n|switch|p2a: Whimsicott|Whimsicott, L50, M|100/100\n|switch|p2b: Glimmora|Glimmora, L50, F|100/100\n|-ability|p1b: Incineroar|Intimidate|boost\n|-unboost|p2a: Whimsicott|atk|1\n|-unboost|p2b: Glimmora|atk|1\n|turn|1\n|\n|t:|1776266435\n|move|p1b: Incineroar|Fake Out|p2a: Whimsicott\n|-damage|p2a: Whimsicott|87/100\n|cant|p2a: Whimsicott|flinch\n|move|p2b: Glimmora|Nasty Plot|p2b: Glimmora\n|-boost|p2b: Glimmora|spa|2\n|move|p1a: Milotic|Ice Beam|p2a: Whimsicott\n|-supereffective|p2a: Whimsicott|1\n|-damage|p2a: Whimsicott|32/100\n|\n|upkeep\n|turn|2\n|\n|t:|1776266450\n|move|p1a: Milotic|Protect|p1a: Milotic\n|-singleturn|p1a: Milotic|Protect\n|move|p2a: Whimsicott|Tailwind|p2a: Whimsicott\n|-sidestart|p2: ZZZITALOZZZ|move: Tailwind\n|move|p2b: Glimmora|Hyper Voice|p1a: Milotic|[spread] p1b\n|-activate|p1a: Milotic|move: Protect\n|-damage|p1b: Incineroar|35/100\n|-enditem|p1b: Incineroar|Sitrus Berry|[eat]\n|-heal|p1b: Incineroar|59/100|[from] item: Sitrus Berry\n|move|p1b: Incineroar|Parting Shot|p2b: Glimmora\n|-unboost|p2b: Glimmora|atk|1\n|-unboost|p2b: Glimmora|spa|1\n|\n|t:|1776266464\n|switch|p1b: Charizard|Charizard, L50, M|100/100|[from] Parting Shot\n|\n|upkeep\n|turn|3\n|\n|t:|1776266486\n|detailschange|p1b: Charizard|Charizard-Mega-Y, L50, M\n|-mega|p1b: Charizard|Charizard|Charizardite Y\n|-weather|SunnyDay|[from] ability: Drought|[of] p1b: Charizard\n|move|p2a: Whimsicott|Endeavor|p1b: Charizard\n|-damage|p1b: Charizard|35/100\n|move|p2b: Glimmora|Hyper Voice|p1a: Milotic|[spread] p1a,p1b\n|-damage|p1a: Milotic|47/100\n|-damage|p1b: Charizard|0 fnt\n|faint|p1b: Charizard\n|move|p1a: Milotic|Scald|p2b: Glimmora\n|-damage|p2b: Glimmora|72/100\n|-status|p2b: Glimmora|brn\n|replace|p2b: Zoroark|Zoroark-Hisui, L50, F\n|-end|p2b: Zoroark|Illusion\n|\n|-weather|SunnyDay|[upkeep]\n|-damage|p2b: Zoroark|66/100 brn|[from] brn\n|upkeep\n|\n|t:|1776266502\n|switch|p1b: Incineroar|Incineroar, L50, M|59/100\n|-ability|p1b: Incineroar|Intimidate|boost\n|-unboost|p2a: Whimsicott|atk|1\n|-unboost|p2b: Zoroark|atk|1\n|turn|4\n|\n|t:|1776266510\n|move|p2a: Whimsicott|Protect|p2a: Whimsicott\n|-singleturn|p2a: Whimsicott|Protect\n|move|p2b: Zoroark|Protect|p2b: Zoroark\n|-singleturn|p2b: Zoroark|Protect\n|move|p1a: Milotic|Recover|p1a: Milotic\n|-heal|p1a: Milotic|97/100\n|move|p1b: Incineroar|Throat Chop|p2b: Zoroark\n|-activate|p2b: Zoroark|move: Protect\n|\n|-weather|SunnyDay|[upkeep]\n|-damage|p2b: Zoroark|60/100 brn|[from] brn\n|upkeep\n|turn|5\n|\n|t:|1776266526\n|move|p2a: Whimsicott|Endeavor|p1b: Incineroar\n|-damage|p1b: Incineroar|27/100\n|move|p2b: Zoroark|Hyper Voice|p1a: Milotic|[spread] p1a,p1b\n|-damage|p1a: Milotic|51/100\n|-damage|p1b: Incineroar|0 fnt\n|faint|p1b: Incineroar\n|move|p1a: Milotic|Ice Beam|p2a: Whimsicott\n|-supereffective|p2a: Whimsicott|1\n|-damage|p2a: Whimsicott|0 fnt\n|faint|p2a: Whimsicott\n|\n|-weather|SunnyDay|[upkeep]\n|-damage|p2b: Zoroark|54/100 brn|[from] brn\n|-sideend|p2: ZZZITALOZZZ|move: Tailwind\n|upkeep\n|\n|t:|1776266539\n|switch|p2a: Clefable|Clefable, L50, M|100/100\n|switch|p1b: Garchomp|Garchomp, L50, F|100/100\n|turn|6\n|\n|t:|1776266557\n|move|p2b: Zoroark|Protect|p2b: Zoroark\n|-singleturn|p2b: Zoroark|Protect\n|move|p1a: Milotic|Protect|p1a: Milotic\n|-singleturn|p1a: Milotic|Protect\n|move|p1b: Garchomp|Rock Slide|p2b: Zoroark|[spread] p2a\n|-activate|p2b: Zoroark|move: Protect\n|-damage|p2a: Clefable|85/100\n|move|p2a: Clefable|Healing Wish|p2a: Clefable\n|faint|p2a: Clefable\n|\n|-weather|SunnyDay|[upkeep]\n|-damage|p2b: Zoroark|47/100 brn|[from] brn\n|upkeep\n|\n|t:|1776266577\n|switch|p2a: Glimmora|Glimmora, L50, F|100/100\n|turn|7\n|\n|t:|1776266598\n|detailschange|p2a: Glimmora|Glimmora-Mega, L50, F\n|-mega|p2a: Glimmora|Glimmora|Glimmoranite\n|move|p1b: Garchomp|Rock Slide|p2b: Zoroark|[spread] \n|-miss|p1b: Garchomp|p2a: Glimmora\n|-miss|p1b: Garchomp|p2b: Zoroark\n|move|p2a: Glimmora|Substitute|p2a: Glimmora\n|-start|p2a: Glimmora|Substitute\n|-damage|p2a: Glimmora|76/100\n|move|p2b: Zoroark|Hyper Voice|p1b: Garchomp|[spread] p1a,p1b\n|-crit|p1b: Garchomp\n|-damage|p1a: Milotic|2/100\n|-damage|p1b: Garchomp|0 fnt\n|faint|p1b: Garchomp\n|move|p1a: Milotic|Scald|p2a: Glimmora\n|-supereffective|p2a: Glimmora|1\n|-end|p2a: Glimmora|Substitute\n|\n|-weather|none\n|-damage|p2b: Zoroark|41/100 brn|[from] brn\n|upkeep\n|turn|8\n|\n|t:|1776266621\n|move|p2a: Glimmora|Power Gem|p1a: Milotic\n|-damage|p1a: Milotic|0 fnt\n|faint|p1a: Milotic\n|\n|win|ZZZITALOZZZ\n|raw|EmisW's rating: 1000 &rarr; <strong>1000</strong><br />(+0 for losing)\n|raw|ZZZITALOZZZ's rating: 1035 &rarr; <strong>1066</strong><br />(+31 for winning)\n",
  "uploadtime": 1776266625,
  "views": 21,
  "formatid": "gen9championsvgc2026regma",
  "rating": 1000,
  "private": 0,
  "password": null
}