{
  "id": "gen9championsvgc2026regma-2581608036",
  "format": "[Gen 9 Champions] VGC 2026 Reg M-A",
  "players": [
    "soulo333",
    "carpentry"
  ],
  "log": "|j|\u2606soulo333\n|j|\u2606carpentry\n|t:|1776014748\n|gametype|doubles\n|player|p1|soulo333|2|1169\n|player|p2|carpentry|alder|1210\n|gen|9\n|tier|[Gen 9 Champions] VGC 2026 Reg M-A\n|rated|\n|rule|Species Clause: Limit one of each Pok\u00e9mon\n|rule|Item Clause: Limit 1 of each item\n|clearpoke\n|poke|p1|Charizard, L50, M|\n|poke|p1|Rotom-Wash, L50|\n|poke|p1|Sneasler, L50, F|\n|poke|p1|Garchomp, L50, F|\n|poke|p1|Sinistcha, L50|\n|poke|p1|Kingambit, L50, M|\n|poke|p2|Scovillain, L50, M|\n|poke|p2|Palafin, L50, M|\n|poke|p2|Incineroar, L50, M|\n|poke|p2|Sinistcha, L50|\n|poke|p2|Ninetales-Alola, L50, M|\n|poke|p2|Glimmora, L50, M|\n|teampreview|4\n|\n|t:|1776014783\n|teamsize|p1|4\n|teamsize|p2|4\n|start\n|switch|p1a: Sneasler|Sneasler, L50, F|100/100\n|switch|p1b: Charizard|Charizard, L50, M|100/100\n|switch|p2a: The Villain|Scovillain, L50, M|100/100\n|switch|p2b: It's about drive|Palafin, L50, M|100/100\n|turn|1\n|\n|t:|1776014803\n|detailschange|p2b: It's about drive|Palafin-Hero, L50, M\n|switch|p2b: Incineroar|Incineroar, L50, M|100/100\n|-ability|p2b: Incineroar|Intimidate|boost\n|-unboost|p1a: Sneasler|atk|1\n|-unboost|p1b: Charizard|atk|1\n|detailschange|p1b: Charizard|Charizard-Mega-X, L50, M\n|-mega|p1b: Charizard|Charizard|Charizardite X\n|detailschange|p2a: The Villain|Scovillain-Mega, L50, M\n|-mega|p2a: The Villain|Scovillain|Scovillainite\n|move|p2a: The Villain|Protect|p2a: The Villain\n|-singleturn|p2a: The Villain|Protect\n|move|p1a: Sneasler|Coaching|p1b: Charizard\n|-boost|p1b: Charizard|atk|1\n|-boost|p1b: Charizard|def|1\n|move|p1b: Charizard|Scale Shot|p2b: Incineroar\n|-damage|p2b: Incineroar|87/100\n|-damage|p2b: Incineroar|75/100\n|-damage|p2b: Incineroar|62/100\n|-hitcount|p2b: Incineroar|3\n|-unboost|p1b: Charizard|def|1\n|-boost|p1b: Charizard|spe|1\n|\n|upkeep\n|turn|2\n|\n|t:|1776014838\n|move|p2b: Incineroar|Fake Out|p1b: Charizard\n|-damage|p1b: Charizard|91/100\n|move|p2a: The Villain|Rage Powder|p2a: The Villain\n|-singleturn|p2a: The Villain|move: Rage Powder\n|cant|p1b: Charizard|flinch\n|move|p1a: Sneasler|Dire Claw|p2a: The Villain\n|-supereffective|p2a: The Villain|1\n|-damage|p2a: The Villain|30/100\n|-status|p1a: Sneasler|brn|[from] ability: Spicy Spray|[of] p2a: The Villain\n|\n|-damage|p1a: Sneasler|95/100 brn|[from] brn\n|upkeep\n|turn|3\n|\n|t:|1776014875\n|move|p1b: Charizard|Dragon Dance|p1b: Charizard\n|-boost|p1b: Charizard|atk|1\n|-boost|p1b: Charizard|spe|1\n|move|p1a: Sneasler|Coaching|p1b: Charizard\n|-boost|p1b: Charizard|atk|1\n|-boost|p1b: Charizard|def|1\n|move|p2a: The Villain|Flamethrower|p1a: Sneasler\n|-damage|p1a: Sneasler|34/100 brn\n|move|p2b: Incineroar|Darkest Lariat|p1b: Charizard\n|-damage|p1b: Charizard|57/100\n|\n|-damage|p1a: Sneasler|29/100 brn|[from] brn\n|upkeep\n|turn|4\n|\n|t:|1776014895\n|move|p2a: The Villain|Rage Powder|p2a: The Villain\n|-singleturn|p2a: The Villain|move: Rage Powder\n|move|p1b: Charizard|Scale Shot|p2a: The Villain\n|-damage|p2a: The Villain|1/100\n|-immune|p1b: Charizard\n|-damage|p2a: The Villain|0 fnt\n|-immune|p1b: Charizard\n|faint|p2a: The Villain\n|-hitcount|p2: The Villain|2\n|-unboost|p1b: Charizard|def|1\n|-boost|p1b: Charizard|spe|1\n|move|p1a: Sneasler|Coaching|p1b: Charizard\n|-boost|p1b: Charizard|atk|1\n|-boost|p1b: Charizard|def|1\n|move|p2b: Incineroar|Darkest Lariat|p1b: Charizard\n|-damage|p1b: Charizard|21/100\n|\n|-damage|p1a: Sneasler|23/100 brn|[from] brn\n|upkeep\n|\n|t:|1776014913\n|switch|p2a: It's about drive|Palafin-Hero, L50, M|100/100\n|-activate|p2a: It's about drive|ability: Zero to Hero\n|turn|5\n|\n|t:|1776014934\n|switch|p1a: Sinistcha|Sinistcha, L50|100/100\n|-heal|p1b: Charizard|46/100|[from] ability: Hospitality|[of] p1a: Sinistcha\n|move|p1b: Charizard|Protect|p1b: Charizard\n|-singleturn|p1b: Charizard|Protect\n|move|p2a: It's about drive|Jet Punch|p1b: Charizard\n|-activate|p1b: Charizard|move: Protect\n|move|p2b: Incineroar|Taunt|p1a: Sinistcha\n|-start|p1a: Sinistcha|move: Taunt\n|\n|upkeep\n|turn|6\n|\n|t:|1776014966\n|switch|p2a: Big Blizzard|Ninetales-Alola, L50, M|100/100\n|-weather|Snowscape|[from] ability: Snow Warning|[of] p2a: Big Blizzard\n|move|p1b: Charizard|Scale Shot|p2a: Big Blizzard\n|-immune|p2a: Big Blizzard\n|move|p1a: Sinistcha|Matcha Gotcha|p2a: Big Blizzard|[spread] p2a,p2b\n|-resisted|p2b: Incineroar|1\n|-damage|p2a: Big Blizzard|62/100\n|-damage|p2b: Incineroar|50/100\n|move|p2b: Incineroar|Parting Shot|p1b: Charizard\n|-unboost|p1b: Charizard|atk|1\n|-unboost|p1b: Charizard|spa|1\n|\n|t:|1776014978\n|switch|p2b: It's about drive|Palafin-Hero, L50, M|100/100|[from] Parting Shot\n|\n|-weather|Snowscape|[upkeep]\n|upkeep\n|turn|7\n|\n|t:|1776014997\n|switch|p2b: Incineroar|Incineroar, L50, M|50/100\n|-ability|p2b: Incineroar|Intimidate|boost\n|-unboost|p1a: Sinistcha|atk|1\n|-unboost|p1b: Charizard|atk|1\n|switch|p1a: Sneasler|Sneasler, L50, F|23/100 brn\n|move|p1b: Charizard|Protect|p1b: Charizard\n|-singleturn|p1b: Charizard|Protect\n|move|p2a: Big Blizzard|Blizzard|p1a: Sneasler|[spread] p1a\n|-activate|p1b: Charizard|move: Protect\n|-damage|p1a: Sneasler|0 fnt\n|faint|p1a: Sneasler\n|\n|-weather|Snowscape|[upkeep]\n|upkeep\n|\n|t:|1776015008\n|switch|p1a: Sinistcha|Sinistcha, L50|100/100\n|-heal|p1b: Charizard|71/100|[from] ability: Hospitality|[of] p1a: Sinistcha\n|turn|8\n|\n|t:|1776015021\n|move|p2b: Incineroar|Fake Out|p1b: Charizard\n|-damage|p1b: Charizard|64/100\n|cant|p1b: Charizard|flinch\n|move|p2a: Big Blizzard|Blizzard|p1a: Sinistcha|[spread] p1a,p1b\n|-supereffective|p1a: Sinistcha|1\n|-damage|p1a: Sinistcha|29/100\n|-damage|p1b: Charizard|32/100\n|move|p1a: Sinistcha|Shadow Ball|p2a: Big Blizzard\n|-damage|p2a: Big Blizzard|12/100\n|\n|-weather|Snowscape|[upkeep]\n|upkeep\n|turn|9\n|\n|t:|1776015043\n|switch|p1a: Kingambit|Kingambit, L50, M|100/100\n|move|p1b: Charizard|Scale Shot|p2b: Incineroar\n|-damage|p2b: Incineroar|32/100\n|-damage|p2b: Incineroar|14/100\n|-damage|p2b: Incineroar|0 fnt\n|faint|p2b: Incineroar\n|-hitcount|p2: Incineroar|3\n|-unboost|p1b: Charizard|def|1\n|-boost|p1b: Charizard|spe|1\n|move|p2a: Big Blizzard|Blizzard|p1a: Kingambit|[spread] p1a,p1b\n|-resisted|p1a: Kingambit|1\n|-damage|p1a: Kingambit|86/100\n|-damage|p1b: Charizard|1/100\n|\n|-weather|Snowscape|[upkeep]\n|upkeep\n|\n|t:|1776015057\n|switch|p2b: It's about drive|Palafin-Hero, L50, M|100/100\n|turn|10\n|\n|t:|1776015073\n|move|p1b: Charizard|Protect|p1b: Charizard\n|-singleturn|p1b: Charizard|Protect\n|move|p2a: Big Blizzard|Blizzard|p1a: Kingambit|[spread] p1a\n|-activate|p1b: Charizard|move: Protect\n|-resisted|p1a: Kingambit|1\n|-damage|p1a: Kingambit|70/100\n|move|p2b: It's about drive|Drain Punch|p1a: Kingambit\n|-supereffective|p1a: Kingambit|2\n|-enditem|p1a: Kingambit|Chople Berry|[eat]\n|-enditem|p1a: Kingambit|Chople Berry|[weaken]\n|-damage|p1a: Kingambit|23/100\n|move|p1a: Kingambit|Iron Head|p2a: Big Blizzard\n|-supereffective|p2a: Big Blizzard|2\n|-damage|p2a: Big Blizzard|0 fnt\n|faint|p2a: Big Blizzard\n|\n|-weather|none\n|upkeep\n|turn|11\n|\n|t:|1776015095\n|switch|p1a: Sinistcha|Sinistcha, L50|29/100\n|-heal|p1b: Charizard|26/100|[from] ability: Hospitality|[of] p1a: Sinistcha\n|move|p2b: It's about drive|Jet Punch|p1b: Charizard\n|-damage|p1b: Charizard|0 fnt\n|faint|p1b: Charizard\n|\n|upkeep\n|\n|t:|1776015096\n|switch|p1b: Kingambit|Kingambit, L50, M|23/100\n|turn|12\n|inactive|Battle timer is ON: inactive players will automatically lose when time's up. (requested by soulo333)\n|\n|t:|1776015136\n|move|p1b: Kingambit|Protect|p1b: Kingambit\n|-singleturn|p1b: Kingambit|Protect\n|move|p2b: It's about drive|Wave Crash|p1a: Sinistcha\n|-resisted|p1a: Sinistcha|1\n|-damage|p1a: Sinistcha|0 fnt\n|faint|p1a: Sinistcha\n|-damage|p2b: It's about drive|92/100|[from] Recoil\n|\n|-heal|p2b: It's about drive|98/100|[from] item: Leftovers\n|upkeep\n|turn|13\n|-message|soulo333 forfeited.\n|\n|win|carpentry\n|raw|soulo333's rating: 1169 &rarr; <strong>1147</strong><br />(-22 for losing)\n|raw|carpentry's rating: 1210 &rarr; <strong>1232</strong><br />(+22 for winning)\n",
  "uploadtime": 1776015143,
  "views": 16,
  "formatid": "gen9championsvgc2026regma",
  "rating": 1147,
  "private": 0,
  "password": null
}