{
  "id": "gen9championsvgc2026regma-2582837242",
  "format": "[Gen 9 Champions] VGC 2026 Reg M-A",
  "players": [
    "EreNibirU",
    "kauezaovgc"
  ],
  "log": "|j|\u2606EreNibirU\n|j|\u2606kauezaovgc\n|t:|1776117936\n|gametype|doubles\n|player|p1|EreNibirU|1|1043\n|player|p2|kauezaovgc|2|1058\n|gen|9\n|tier|[Gen 9 Champions] VGC 2026 Reg M-A\n|rated|\n|rule|Species Clause: Limit one of each Pok\u00e9mon\n|rule|Item Clause: Limit 1 of each item\n|clearpoke\n|poke|p1|Delphox, L50, M|\n|poke|p1|Basculegion, L50, M|\n|poke|p1|Clefable, L50, M|\n|poke|p1|Kingambit, L50, M|\n|poke|p1|Dragonite, L50, M|\n|poke|p1|Sneasler, L50, F|\n|poke|p2|Meowstic, L50, M|\n|poke|p2|Alakazam, L50, M|\n|poke|p2|Sneasler, L50, F|\n|poke|p2|Basculegion, L50, M|\n|poke|p2|Incineroar, L50, F|\n|poke|p2|Sinistcha, L50|\n|teampreview|4\n|inactive|Battle timer is ON: inactive players will automatically lose when time's up. (requested by kauezaovgc)\n|inactive|EreNibirU has 60 seconds left.\n|inactive|kauezaovgc has 60 seconds left.\n|\n|t:|1776118000\n|teamsize|p1|4\n|teamsize|p2|4\n|start\n|switch|p1a: Kingambit|Kingambit, L50, M|100/100\n|switch|p1b: Basculegion|Basculegion, L50, M|100/100\n|switch|p2a: Alakazam|Alakazam, L50, M|100/100\n|switch|p2b: Sneasler|Sneasler, L50, F|100/100\n|-ability|p2b: Sneasler|Pressure\n|turn|1\n|inactive|EreNibirU has 30 seconds left.\n|inactive|kauezaovgc has 30 seconds left.\n|inactive|EreNibirU has 20 seconds left.\n|inactive|EreNibirU has 15 seconds left.\n|\n|t:|1776118041\n|detailschange|p2a: Alakazam|Alakazam-Mega, L50, M\n|-mega|p2a: Alakazam|Alakazam|Alakazite\n|-ability|p2a: Alakazam|Defiant|Trace|[from] ability: Trace|[of] p1a: Kingambit\n|move|p1a: Kingambit|Protect|p1a: Kingambit\n|-singleturn|p1a: Kingambit|Protect\n|move|p2b: Sneasler|Fake Out|p1a: Kingambit\n|-activate|p1a: Kingambit|move: Protect\n|move|p2a: Alakazam|Shadow Ball|p1b: Basculegion\n|-supereffective|p1b: Basculegion|1\n|-damage|p1b: Basculegion|18/100\n|move|p1b: Basculegion|Flip Turn|p2b: Sneasler\n|-damage|p2b: Sneasler|29/100\n|\n|t:|1776118059\n|switch|p1b: Clefable|Clefable, L50, M|100/100|[from] Flip Turn\n|\n|upkeep\n|turn|2\n|\n|t:|1776118072\n|switch|p2b: Meowstic|Meowstic, L50, M|100/100\n|move|p2a: Alakazam|Protect|p2a: Alakazam\n|-singleturn|p2a: Alakazam|Protect\n|move|p1b: Clefable|Follow Me|p1b: Clefable\n|-singleturn|p1b: Clefable|move: Follow Me\n|move|p1a: Kingambit|Kowtow Cleave|p2a: Alakazam\n|-activate|p2a: Alakazam|move: Protect\n|\n|upkeep\n|turn|3\n|inactive|kauezaovgc has 30 seconds left.\n|\n|t:|1776118100\n|switch|p2a: Sneasler|Sneasler, L50, F|29/100\n|-ability|p2a: Sneasler|Pressure\n|move|p1b: Clefable|Follow Me|p1b: Clefable\n|-singleturn|p1b: Clefable|move: Follow Me\n|move|p2b: Meowstic|Psychic Terrain|p2b: Meowstic\n|-fieldstart|move: Psychic Terrain\n|move|p1a: Kingambit|Swords Dance|p1a: Kingambit\n|-boost|p1a: Kingambit|atk|2\n|\n|upkeep\n|turn|4\n|\n|t:|1776118118\n|move|p1b: Clefable|Follow Me|p1b: Clefable\n|-singleturn|p1b: Clefable|move: Follow Me\n|move|p2b: Meowstic|Reflect|p2b: Meowstic\n|-sidestart|p2: kauezaovgc|Reflect\n|move|p2a: Sneasler|Dire Claw|p1b: Clefable\n|-supereffective|p1b: Clefable|1\n|-damage|p1b: Clefable|37/100\n|-status|p1b: Clefable|par\n|-enditem|p1b: Clefable|Sitrus Berry|[eat]\n|-heal|p1b: Clefable|62/100 par|[from] item: Sitrus Berry\n|move|p1a: Kingambit|Kowtow Cleave|p2a: Sneasler\n|-resisted|p2a: Sneasler|1\n|-damage|p2a: Sneasler|0 fnt\n|faint|p2a: Sneasler\n|\n|upkeep\n|\n|t:|1776118125\n|switch|p2a: Basculegion|Basculegion, L50, M|100/100\n|turn|5\n|\n|t:|1776118145\n|move|p1b: Clefable|Follow Me|p1b: Clefable\n|-singleturn|p1b: Clefable|move: Follow Me\n|move|p2a: Basculegion|Wave Crash|p1b: Clefable\n|-damage|p1b: Clefable|0 fnt\n|faint|p1b: Clefable\n|-damage|p2a: Basculegion|80/100|[from] Recoil\n|move|p2b: Meowstic|Expanding Force|p1a: Kingambit\n|-immune|p1a: Kingambit\n|move|p1a: Kingambit|Kowtow Cleave|p2a: Basculegion\n|-supereffective|p2a: Basculegion|1\n|-damage|p2a: Basculegion|0 fnt\n|faint|p2a: Basculegion\n|\n|upkeep\n|\n|t:|1776118165\n|switch|p2a: Alakazam|Alakazam-Mega, L50, M|100/100\n|switch|p1b: Delphox|Delphox, L50, M|100/100\n|-ability|p2a: Alakazam|Defiant|Trace|[from] ability: Trace|[of] p1a: Kingambit\n|turn|6\n|\n|t:|1776118187\n|detailschange|p1b: Delphox|Delphox-Mega, L50, M\n|-mega|p1b: Delphox|Delphox|Delphoxite\n|move|p1b: Delphox|Protect|p1b: Delphox\n|-singleturn|p1b: Delphox|Protect\n|move|p1a: Kingambit|Protect|p1a: Kingambit\n|-singleturn|p1a: Kingambit|Protect\n|move|p2b: Meowstic|Light Screen|p2b: Meowstic\n|-sidestart|p2: kauezaovgc|move: Light Screen\n|move|p2a: Alakazam|Focus Blast|p1a: Kingambit\n|-activate|p1a: Kingambit|move: Protect\n|\n|upkeep\n|turn|7\n|\n|t:|1776118198\n|move|p2a: Alakazam|Focus Blast|p1a: Kingambit\n|-supereffective|p1a: Kingambit|2\n|-damage|p1a: Kingambit|0 fnt\n|faint|p1a: Kingambit\n|move|p1b: Delphox|Substitute|p1b: Delphox\n|-start|p1b: Delphox|Substitute\n|-damage|p1b: Delphox|76/100\n|move|p2b: Meowstic|Expanding Force|p1b: Delphox\n|-resisted|p1b: Delphox|1\n|-activate|p1b: Delphox|move: Substitute|[damage]\n|\n|-fieldend|move: Psychic Terrain\n|upkeep\n|\n|t:|1776118203\n|switch|p1a: Basculegion|Basculegion, L50, M|18/100\n|turn|8\n|\n|t:|1776118216\n|move|p1a: Basculegion|Aqua Jet|p2a: Alakazam\n|-damage|p2a: Alakazam|62/100\n|move|p2b: Meowstic|Psychic Terrain|p2b: Meowstic\n|-fieldstart|move: Psychic Terrain\n|move|p2a: Alakazam|Expanding Force|p1b: Delphox|[spread] p1a,p1b\n|-resisted|p1b: Delphox|1\n|-end|p1b: Delphox|Substitute\n|-damage|p1a: Basculegion|0 fnt\n|faint|p1a: Basculegion\n|move|p1b: Delphox|Heat Wave|p2a: Alakazam|[spread] p2a,p2b\n|-damage|p2a: Alakazam|23/100\n|-damage|p2b: Meowstic|74/100\n|\n|-sideend|p2: kauezaovgc|Reflect\n|upkeep\n|turn|9\n|\n|t:|1776118230\n|move|p2a: Alakazam|Shadow Ball|p1b: Delphox\n|-supereffective|p1b: Delphox|1\n|-damage|p1b: Delphox|6/100\n|move|p1b: Delphox|Heat Wave|p2b: Meowstic|[spread] p2a,p2b\n|-damage|p2a: Alakazam|0 fnt\n|-damage|p2b: Meowstic|48/100\n|faint|p2a: Alakazam\n|move|p2b: Meowstic|Expanding Force|p1b: Delphox\n|-resisted|p1b: Delphox|1\n|-damage|p1b: Delphox|0 fnt\n|faint|p1b: Delphox\n|\n|win|kauezaovgc\n|raw|EreNibirU's rating: 1043 &rarr; <strong>1027</strong><br />(-16 for losing)\n|raw|kauezaovgc's rating: 1058 &rarr; <strong>1088</strong><br />(+30 for winning)\n",
  "uploadtime": 1776118239,
  "views": 25,
  "formatid": "gen9championsvgc2026regma",
  "rating": 1027,
  "private": 0,
  "password": null
}