{
  "id": "gen9championsvgc2026regma-2584560557",
  "format": "[Gen 9 Champions] VGC 2026 Reg M-A",
  "players": [
    "Jthepoke",
    "Oshawott25"
  ],
  "log": "|j|\u2606Jthepoke\n|j|\u2606Oshawott25\n|t:|1776268806\n|gametype|doubles\n|player|p1|Jthepoke|cyrus|1130\n|player|p2|Oshawott25|hilbert-wonderlauncher|1046\n|gen|9\n|tier|[Gen 9 Champions] VGC 2026 Reg M-A\n|rated|\n|rule|Species Clause: Limit one of each Pok\u00e9mon\n|rule|Item Clause: Limit 1 of each item\n|clearpoke\n|poke|p1|Floette-Eternal, L50, F|\n|poke|p1|Garchomp, L50, F|\n|poke|p1|Kingambit, L50, M|\n|poke|p1|Basculegion, L50, M|\n|poke|p1|Sneasler, L50, F|\n|poke|p1|Froslass, L50, F|\n|poke|p2|Scizor, L50, M|\n|poke|p2|Milotic, L50, M|\n|poke|p2|Hawlucha, L50, M|\n|poke|p2|Pelipper, L50, M|\n|poke|p2|Sinistcha, L50|\n|poke|p2|Sneasler, L50, M|\n|teampreview|4\nOshawott25 has agreed to open team sheets.\n|inactive|Battle timer is ON: inactive players will automatically lose when time's up. (requested by Oshawott25)\nJthepoke has agreed to open team sheets.\n|showteam|p1|Floette-Eternal||Floettite|FlowerVeil|Moonblast,DazzlingGleam,LightofRuin,Protect|||F|||50|]Garchomp||RoseliBerry|RoughSkin|DragonClaw,Earthquake,RockSlide,Protect|||F|||50|]Kingambit||ChopleBerry|Defiant|KowtowCleave,LowKick,SuckerPunch,Protect|||M|||50|]Basculegion||SitrusBerry|Adaptability|WaveCrash,LastRespects,AquaJet,Protect|||M|||50|]Sneasler||FocusSash|PoisonTouch|CloseCombat,DireClaw,FakeOut,Protect|||F|||50|]Froslass||Froslassite|SnowCloak|Blizzard,ShadowBall,Substitute,Protect|||F|||50|\n|showteam|p2|Scizor||Scizorite|Technician|BulletPunch,DualWingbeat,BugBite,Protect|||M|||50|]Milotic||Leftovers|Competitive|MuddyWater,LifeDew,Safeguard,Protect|||M|||50|]Hawlucha||SitrusBerry|Unburden|Taunt,RainDance,Acrobatics,Coaching|||M|||50|]Pelipper||FocusSash|Drizzle|Tailwind,WeatherBall,Hurricane,Protect|||M|||50|]Sinistcha||MentalHerb|Hospitality|MatchaGotcha,RagePowder,TrickRoom,Protect||||||50|]Sneasler||WhiteHerb|Unburden|FakeOut,CloseCombat,DireClaw,Protect|||M|||50|\n|c|\u2606Oshawott25|glhf!\n|c|\u2606Jthepoke|Gl\n|inactive|Jthepoke has 60 seconds left.\n|inactive|Oshawott25 has 60 seconds left.\n|inactive|Jthepoke has 30 seconds left.\n|inactive|Oshawott25 has 30 seconds left.\n|inactive|Jthepoke has 20 seconds left.\n|inactive|Oshawott25 has 20 seconds left.\n|inactive|Jthepoke has 15 seconds left.\n|inactive|Oshawott25 has 15 seconds left.\n|inactive|Jthepoke has 10 seconds left.\n|inactive|Oshawott25 has 10 seconds left.\n|inactive|Oshawott25 has 5 seconds left.\n|\n|t:|1776268898\n|teamsize|p1|4\n|teamsize|p2|4\n|start\n|switch|p1a: Garchomp|Garchomp, L50, F|100/100\n|switch|p1b: Sneasler|Sneasler, L50, F|100/100\n|switch|p2a: Sinistcha|Sinistcha, L50|100/100\n|switch|p2b: Sneasler|Sneasler, L50, M|100/100\n|turn|1\n|\n|t:|1776268915\n|move|p1b: Sneasler|Protect|p1b: Sneasler\n|-singleturn|p1b: Sneasler|Protect\n|move|p2b: Sneasler|Fake Out|p1b: Sneasler\n|-activate|p1b: Sneasler|move: Protect\n|move|p1a: Garchomp|Earthquake|p2b: Sneasler|[spread] p2a,p2b\n|-activate|p1b: Sneasler|move: Protect\n|-resisted|p2a: Sinistcha|1\n|-supereffective|p2b: Sneasler|1\n|-damage|p2a: Sinistcha|84/100\n|-damage|p2b: Sneasler|0 fnt\n|faint|p2b: Sneasler\n|move|p2a: Sinistcha|Trick Room|p2a: Sinistcha\n|-fieldstart|move: Trick Room|[of] p2a: Sinistcha\n|\n|upkeep\n|\n|t:|1776268927\n|switch|p2b: Scizor|Scizor, L50, M, shiny|100/100\n|turn|2\n|inactive|Jthepoke has 30 seconds left.\n|inactive|Jthepoke has 20 seconds left.\n|\n|t:|1776268966\n|detailschange|p2b: Scizor|Scizor-Mega, L50, M, shiny\n|-mega|p2b: Scizor|Scizor|Scizorite\n|move|p2a: Sinistcha|Matcha Gotcha|p1b: Sneasler|[spread] p1a,p1b\n|-resisted|p1b: Sneasler|1\n|-damage|p1a: Garchomp|74/100\n|-heal|p2a: Sinistcha|100/100|[from] drain|[of] p1a: Garchomp\n|-damage|p1b: Sneasler|80/100\n|move|p2b: Scizor|Dual Wingbeat|p1b: Sneasler\n|-supereffective|p1b: Sneasler|1\n|-damage|p1b: Sneasler|0 fnt\n|faint|p1b: Sneasler\n|-hitcount|p1: Sneasler|1\n|move|p1a: Garchomp|Dragon Claw|p2a: Sinistcha\n|-damage|p2a: Sinistcha|63/100\n|\n|upkeep\n|\n|t:|1776268980\n|switch|p1b: Basculegion|Basculegion, L50, M|100/100\n|turn|3\n|inactive|Jthepoke has 30 seconds left.\n|\n|t:|1776269007\n|move|p2a: Sinistcha|Matcha Gotcha|p1b: Basculegion|[spread] p1a\n|-miss|p2a: Sinistcha|p1b: Basculegion\n|-damage|p1a: Garchomp|49/100\n|-heal|p2a: Sinistcha|77/100|[from] drain|[of] p1a: Garchomp\n|move|p2b: Scizor|Dual Wingbeat|p1b: Basculegion\n|-damage|p1b: Basculegion|71/100\n|-damage|p1b: Basculegion|44/100\n|-enditem|p1b: Basculegion|Sitrus Berry|[eat]\n|-heal|p1b: Basculegion|69/100|[from] item: Sitrus Berry\n|-hitcount|p1b: Basculegion|2\n|move|p1b: Basculegion|Last Respects|p2a: Sinistcha\n|-supereffective|p2a: Sinistcha|1\n|-damage|p2a: Sinistcha|0 fnt\n|faint|p2a: Sinistcha\n|move|p1a: Garchomp|Dragon Claw|p2b: Scizor\n|-resisted|p2b: Scizor|1\n|-damage|p2b: Scizor|85/100\n|\n|upkeep\n|\n|t:|1776269021\n|switch|p2a: Pelipper|Pelipper, L50, M|100/100\n|-weather|RainDance|[from] ability: Drizzle|[of] p2a: Pelipper\n|turn|4\n|inactive|Jthepoke has 30 seconds left.\n|\n|t:|1776269049\n|move|p1b: Basculegion|Protect|p1b: Basculegion\n|-singleturn|p1b: Basculegion|Protect\n|move|p2a: Pelipper|Weather Ball|p1a: Garchomp\n|-damage|p1a: Garchomp|0 fnt\n|faint|p1a: Garchomp\n|move|p2b: Scizor|Dual Wingbeat|p1b: Basculegion\n|-activate|p1b: Basculegion|move: Protect\n|\n|-weather|RainDance|[upkeep]\n|upkeep\n|\n|t:|1776269056\n|switch|p1a: Floette|Floette-Eternal, L50, F|100/100\n|turn|5\n|inactive|Oshawott25 has 30 seconds left.\n|\n|t:|1776269082\n|detailschange|p1a: Floette|Floette-Mega, L50, F\n|-mega|p1a: Floette|Floette|Floettite\n|-ability|p1a: Floette|Fairy Aura\n|move|p2a: Pelipper|Hurricane|p1b: Basculegion\n|-damage|p1b: Basculegion|14/100\n|-start|p1b: Basculegion|confusion\n|move|p2b: Scizor|Dual Wingbeat|p1b: Basculegion\n|-damage|p1b: Basculegion|0 fnt\n|faint|p1b: Basculegion\n|-hitcount|p1: Basculegion|1\n|move|p1a: Floette|Dazzling Gleam|p2a: Pelipper|[spread] p2a,p2b\n|-resisted|p2b: Scizor|1\n|-damage|p2a: Pelipper|33/100\n|-damage|p2b: Scizor|62/100\n|\n|-weather|RainDance|[upkeep]\n|-fieldend|move: Trick Room\n|upkeep\n|turn|6\n|\n|t:|1776269099\n|move|p2b: Scizor|Bullet Punch|p1a: Floette\n|-supereffective|p1a: Floette|1\n|-damage|p1a: Floette|12/100\n|move|p1a: Floette|Dazzling Gleam|p2b: Scizor|[spread] p2a,p2b\n|-resisted|p2b: Scizor|1\n|-crit|p2b: Scizor\n|-damage|p2a: Pelipper|0 fnt\n|-damage|p2b: Scizor|28/100\n|faint|p2a: Pelipper\n|\n|-weather|RainDance|[upkeep]\n|upkeep\n|turn|7\n|\n|t:|1776269105\n|move|p2b: Scizor|Bullet Punch|p1a: Floette\n|-supereffective|p1a: Floette|1\n|-damage|p1a: Floette|0 fnt\n|faint|p1a: Floette\n|\n|win|Oshawott25\n|raw|Jthepoke's rating: 1130 &rarr; <strong>1099</strong><br />(-31 for losing)\n|raw|Oshawott25's rating: 1046 &rarr; <strong>1087</strong><br />(+41 for winning)\n|c|\u2606Jthepoke|Gg\n|c|\u2606Oshawott25|Gg!\n|c|\u2606Oshawott25|Wp\n|c|\u2606Jthepoke|Wp\n|l|\u2606Jthepoke\n|player|p1|\n",
  "uploadtime": 1776269129,
  "views": 25,
  "formatid": "gen9championsvgc2026regma",
  "rating": 1087,
  "private": 0,
  "password": null
}