{
  "id": "gen9championsvgc2026regma-2583020069",
  "format": "[Gen 9 Champions] VGC 2026 Reg M-A",
  "players": [
    "extragrizzly",
    "islamichorserace95"
  ],
  "log": "|j|\u2606extragrizzly\n|j|\u2606islamichorserace95\n|t:|1776133951\n|gametype|doubles\n|player|p1|extragrizzly|byron|1306\n|player|p2|islamichorserace95|hugh|1253\n|gen|9\n|tier|[Gen 9 Champions] VGC 2026 Reg M-A\n|rated|\n|rule|Species Clause: Limit one of each Pok\u00e9mon\n|rule|Item Clause: Limit 1 of each item\n|clearpoke\n|poke|p1|Orthworm, L50, M|\n|poke|p1|Garchomp, L50, F|\n|poke|p1|Rotom-Wash, L50|\n|poke|p1|Floette-Eternal, L50, F|\n|poke|p1|Froslass, L50, F|\n|poke|p1|Talonflame, L50, F|\n|poke|p2|Raichu, L50, F|\n|poke|p2|Gyarados, L50, M|\n|poke|p2|Arcanine-Hisui, L50, M|\n|poke|p2|Sylveon, L50, F|\n|poke|p2|Sinistcha, L50|\n|poke|p2|Kingambit, L50, F|\n|teampreview|4\nislamichorserace95 has agreed to open team sheets.\n|\n|t:|1776134005\n|teamsize|p1|4\n|teamsize|p2|4\n|start\n|switch|p1a: Orthworm|Orthworm, L50, M, shiny|100/100\n|switch|p1b: Rotom|Rotom-Wash, L50, shiny|100/100\n|switch|p2a: Raichu|Raichu, L50, F|100/100\n|switch|p2b: Gyarados|Gyarados, L50, M|100/100\n|-ability|p2b: Gyarados|Intimidate|boost\n|-unboost|p1a: Orthworm|atk|1\n|-unboost|p1b: Rotom|atk|1\n|turn|1\n|\n|t:|1776134031\n|detailschange|p2b: Gyarados|Gyarados-Mega, L50, M\n|-mega|p2b: Gyarados|Gyarados|Gyaradosite\n|-ability|p2b: Gyarados|Mold Breaker\n|move|p2a: Raichu|Fake Out|p1a: Orthworm\n|-resisted|p1a: Orthworm|1\n|-damage|p1a: Orthworm|98/100\n|move|p2b: Gyarados|Dragon Dance|p2b: Gyarados\n|-boost|p2b: Gyarados|atk|1\n|-boost|p2b: Gyarados|spe|1\n|move|p1b: Rotom|Thunderbolt|p2a: Raichu\n|-activate|p2a: Raichu|ability: Lightning Rod\n|-ability|p2a: Raichu|Lightning Rod|boost\n|-boost|p2a: Raichu|spa|1\n|cant|p1a: Orthworm|flinch\n|\n|upkeep\n|turn|2\n|\n|t:|1776134056\n|move|p2a: Raichu|Nuzzle|p1a: Orthworm\n|-damage|p1a: Orthworm|94/100\n|-status|p1a: Orthworm|par\n|move|p2b: Gyarados|Dragon Dance|p2b: Gyarados\n|-boost|p2b: Gyarados|atk|1\n|-boost|p2b: Gyarados|spe|1\n|move|p1b: Rotom|Will-O-Wisp|p2b: Gyarados\n|-status|p2b: Gyarados|brn\n|move|p1a: Orthworm|Iron Defense|p1a: Orthworm\n|-boost|p1a: Orthworm|def|2\n|\n|-damage|p2b: Gyarados|95/100 brn|[from] brn\n|upkeep\n|turn|3\n|\n|t:|1776134079\n|move|p2b: Gyarados|Dragon Dance|p2b: Gyarados\n|-boost|p2b: Gyarados|atk|1\n|-boost|p2b: Gyarados|spe|1\n|move|p2a: Raichu|Thunderbolt|p1a: Orthworm\n|-damage|p1a: Orthworm|28/100 par\n|-enditem|p1a: Orthworm|Sitrus Berry|[eat]\n|-heal|p1a: Orthworm|52/100 par|[from] item: Sitrus Berry\n|move|p1b: Rotom|Will-O-Wisp|p2a: Raichu\n|-status|p2a: Raichu|brn\n|move|p1a: Orthworm|Iron Defense|p1a: Orthworm\n|-boost|p1a: Orthworm|def|2\n|\n|-damage|p2b: Gyarados|89/100 brn|[from] brn\n|-damage|p2a: Raichu|95/100 brn|[from] brn\n|upkeep\n|turn|4\n|\n|t:|1776134101\n|move|p2b: Gyarados|Dragon Dance|p2b: Gyarados\n|-boost|p2b: Gyarados|atk|1\n|-boost|p2b: Gyarados|spe|1\n|move|p2a: Raichu|Thunderbolt|p1a: Orthworm\n|-damage|p1a: Orthworm|0 fnt\n|faint|p1a: Orthworm\n|move|p1b: Rotom|Hydro Pump|p2a: Raichu\n|-damage|p2a: Raichu|6/100 brn\n|\n|-damage|p2b: Gyarados|83/100 brn|[from] brn\n|-damage|p2a: Raichu|0 fnt|[from] brn\n|faint|p2a: Raichu\n|upkeep\n|\n|t:|1776134110\n|switch|p2a: Sylveon|Sylveon, L50, F|100/100\n|switch|p1a: Garchomp|Garchomp, L50, F|100/100\n|turn|5\n|\n|t:|1776134118\n|move|p2b: Gyarados|Protect|p2b: Gyarados\n|-singleturn|p2b: Gyarados|Protect\n|move|p1a: Garchomp|Iron Head|p2a: Sylveon\n|-supereffective|p2a: Sylveon|1\n|-damage|p2a: Sylveon|52/100\n|move|p1b: Rotom|Thunderbolt|p2b: Gyarados\n|-activate|p2b: Gyarados|move: Protect\n|move|p2a: Sylveon|Hyper Voice|p1a: Garchomp|[spread] p1a,p1b\n|-supereffective|p1a: Garchomp|1\n|-damage|p1a: Garchomp|32/100\n|-damage|p1b: Rotom|68/100\n|\n|-heal|p1b: Rotom|74/100|[from] item: Leftovers\n|-heal|p2a: Sylveon|58/100|[from] item: Leftovers\n|-damage|p2b: Gyarados|77/100 brn|[from] brn\n|upkeep\n|turn|6\n|\n|t:|1776134137\n|move|p2a: Sylveon|Quick Attack|p1a: Garchomp\n|-supereffective|p1a: Garchomp|1\n|-damage|p1a: Garchomp|5/100\n|-damage|p2a: Sylveon|46/100|[from] ability: Rough Skin|[of] p1a: Garchomp\n|move|p2b: Gyarados|Crunch|p1b: Rotom\n|-damage|p1b: Rotom|2/100\n|move|p1a: Garchomp|Iron Head|p2a: Sylveon\n|-supereffective|p2a: Sylveon|1\n|-damage|p2a: Sylveon|2/100\n|move|p1b: Rotom|Thunderbolt|p2b: Gyarados\n|-supereffective|p2b: Gyarados|1\n|-damage|p2b: Gyarados|17/100 brn\n|\n|-heal|p1b: Rotom|8/100|[from] item: Leftovers\n|-heal|p2a: Sylveon|8/100|[from] item: Leftovers\n|-damage|p2b: Gyarados|11/100 brn|[from] brn\n|upkeep\n|turn|7\n|\n|t:|1776134155\n|move|p2a: Sylveon|Quick Attack|p1b: Rotom\n|-damage|p1b: Rotom|0 fnt\n|faint|p1b: Rotom\n|move|p2b: Gyarados|Crunch|p1a: Garchomp\n|-damage|p1a: Garchomp|0 fnt\n|-damage|p2b: Gyarados|0 fnt|[from] ability: Rough Skin|[of] p1a: Garchomp\n|faint|p1a: Garchomp\n|faint|p2b: Gyarados\n|\n|-heal|p2a: Sylveon|14/100|[from] item: Leftovers\n|upkeep\n|\n|t:|1776134159\n|switch|p2b: Arcanine|Arcanine-Hisui, L50, M|100/100\n|switch|p1b: Froslass|Froslass, L50, F, shiny|100/100\n|-ability|p2b: Arcanine|Intimidate|boost\n|-unboost|p1b: Froslass|atk|1\n|turn|8\n|\n|t:|1776134170\n|detailschange|p1b: Froslass|Froslass-Mega, L50, F, shiny\n|-mega|p1b: Froslass|Froslass|Froslassite\n|-weather|Snowscape|[from] ability: Snow Warning|[of] p1b: Froslass\n|move|p2b: Arcanine|Flare Blitz|p1b: Froslass\n|-supereffective|p1b: Froslass|1\n|-damage|p1b: Froslass|0 fnt\n|faint|p1b: Froslass\n|-damage|p2b: Arcanine|72/100|[from] Recoil\n|\n|win|islamichorserace95\n|raw|extragrizzly's rating: 1306 &rarr; <strong>1283</strong><br />(-23 for losing)\n|raw|islamichorserace95's rating: 1253 &rarr; <strong>1282</strong><br />(+29 for winning)\n|l|\u2606extragrizzly\n|player|p1|\n|l| islamichorserace95\n",
  "uploadtime": 1776134245,
  "views": 20,
  "formatid": "gen9championsvgc2026regma",
  "rating": 1282,
  "private": 0,
  "password": null
}