{
  "id": "gen9championsvgc2026regma-2585544861",
  "format": "[Gen 9 Champions] VGC 2026 Reg M-A",
  "players": [
    "soulo333",
    "pinkfluit"
  ],
  "log": "|j|\u2606soulo333\n|j|\u2606pinkfluit\n|t:|1776354574\n|gametype|doubles\n|player|p1|soulo333|1|1208\n|player|p2|pinkfluit|wattson|1221\n|gen|9\n|tier|[Gen 9 Champions] VGC 2026 Reg M-A\n|rated|\n|rule|Species Clause: Limit one of each Pok\u00e9mon\n|rule|Item Clause: Limit 1 of each item\n|clearpoke\n|poke|p1|Charizard, L50, F|\n|poke|p1|Sneasler, L50, M|\n|poke|p1|Sinistcha, L50|\n|poke|p1|Incineroar, L50, M|\n|poke|p1|Milotic, L50, M|\n|poke|p1|Tyranitar, L50, F|\n|poke|p2|Glimmora, L50, M|\n|poke|p2|Corviknight, L50, F|\n|poke|p2|Sinistcha, L50|\n|poke|p2|Primarina, L50, M|\n|poke|p2|Incineroar, L50, M|\n|poke|p2|Dragapult, L50, M|\n|teampreview|4\n|\n|t:|1776354618\n|teamsize|p1|4\n|teamsize|p2|4\n|start\n|switch|p1a: Milotic|Milotic, L50, M|100/100\n|switch|p1b: Sneasler|Sneasler, L50, M|100/100\n|switch|p2a: Glimmora|Glimmora, L50, M|100/100\n|switch|p2b: Incineroar|Incineroar, L50, M|100/100\n|-ability|p2b: Incineroar|Intimidate|boost\n|-unboost|p1a: Milotic|atk|1\n|-ability|p1a: Milotic|Competitive|boost\n|-boost|p1a: Milotic|spa|2\n|-unboost|p1b: Sneasler|atk|1\n|turn|1\n|\n|t:|1776354643\n|detailschange|p2a: Glimmora|Glimmora-Mega, L50, M\n|-mega|p2a: Glimmora|Glimmora|Glimmoranite\n|move|p2b: Incineroar|Fake Out|p1a: Milotic\n|-damage|p1a: Milotic|91/100\n|move|p1b: Sneasler|Close Combat|p2b: Incineroar\n|-supereffective|p2b: Incineroar|1\n|-enditem|p2b: Incineroar|Chople Berry|[eat]\n|-enditem|p2b: Incineroar|Chople Berry|[weaken]\n|-damage|p2b: Incineroar|68/100\n|-unboost|p1b: Sneasler|def|1\n|-unboost|p1b: Sneasler|spd|1\n|move|p2a: Glimmora|Earth Power|p1b: Sneasler\n|-supereffective|p1b: Sneasler|1\n|-enditem|p1b: Sneasler|Focus Sash\n|-damage|p1b: Sneasler|1/100\n|cant|p1a: Milotic|flinch\n|\n|-heal|p1a: Milotic|97/100|[from] item: Leftovers\n|upkeep\n|turn|2\n|\n|t:|1776354657\n|switch|p2b: Sinistcha|Sinistcha, L50|100/100\n|move|p2a: Glimmora|Spiky Shield|p2a: Glimmora\n|-singleturn|p2a: Glimmora|move: Protect\n|move|p1a: Milotic|Protect|p1a: Milotic\n|-singleturn|p1a: Milotic|Protect\n|move|p1b: Sneasler|Coaching|p1a: Milotic\n|-boost|p1a: Milotic|atk|1\n|-boost|p1a: Milotic|def|1\n|\n|-heal|p1a: Milotic|100/100|[from] item: Leftovers\n|upkeep\n|turn|3\n|\n|t:|1776354677\n|move|p1b: Sneasler|Dire Claw|p2b: Sinistcha\n|-damage|p2b: Sinistcha|71/100\n|-status|p2b: Sinistcha|slp\n|move|p2a: Glimmora|Sludge Bomb|p1a: Milotic\n|-damage|p1a: Milotic|56/100\n|move|p1a: Milotic|Icy Wind|p2a: Glimmora|[spread] p2a,p2b\n|-supereffective|p2b: Sinistcha|1\n|-damage|p2a: Glimmora|78/100\n|-damage|p2b: Sinistcha|22/100 slp\n|-unboost|p2a: Glimmora|spe|1\n|-unboost|p2b: Sinistcha|spe|1\n|-enditem|p2b: Sinistcha|Sitrus Berry|[eat]\n|-heal|p2b: Sinistcha|47/100 slp|[from] item: Sitrus Berry\n|cant|p2b: Sinistcha|slp\n|\n|-heal|p1a: Milotic|62/100|[from] item: Leftovers\n|upkeep\n|turn|4\n|\n|t:|1776354693\n|move|p1b: Sneasler|Dire Claw|p2b: Sinistcha\n|-damage|p2b: Sinistcha|18/100 slp\n|move|p1a: Milotic|Scald|p2a: Glimmora\n|-supereffective|p2a: Glimmora|1\n|-damage|p2a: Glimmora|0 fnt\n|faint|p2a: Glimmora\n|cant|p2b: Sinistcha|slp\n|\n|-heal|p1a: Milotic|68/100|[from] item: Leftovers\n|upkeep\n|\n|t:|1776354699\n|switch|p2a: Dragapult|Dragapult, L50, M|100/100\n|turn|5\n|\n|t:|1776354708\n|move|p1b: Sneasler|Dire Claw|p2b: Sinistcha\n|-damage|p2b: Sinistcha|0 fnt\n|faint|p2b: Sinistcha\n|move|p2a: Dragapult|Dragon Darts|p1b: Sneasler\n|-damage|p1b: Sneasler|0 fnt\n|-anim|p2a: Dragapult|Dragon Darts|p1a: Milotic\n|-damage|p1a: Milotic|49/100\n|faint|p1b: Sneasler\n|move|p1a: Milotic|Icy Wind|p2a: Dragapult\n|-supereffective|p2a: Dragapult|1\n|-damage|p2a: Dragapult|31/100\n|\n|-heal|p1a: Milotic|54/100|[from] item: Leftovers\n|upkeep\n|-message|pinkfluit forfeited.\n|\n|win|soulo333\n|raw|soulo333's rating: 1208 &rarr; <strong>1234</strong><br />(+26 for winning)\n|raw|pinkfluit's rating: 1221 &rarr; <strong>1195</strong><br />(-26 for losing)\n",
  "uploadtime": 1776354715,
  "views": 19,
  "formatid": "gen9championsvgc2026regma",
  "rating": 1195,
  "private": 0,
  "password": null
}