{
  "id": "gen9championsvgc2026regma-2588521172",
  "format": "[Gen 9 Champions] VGC 2026 Reg M-A",
  "players": [
    "yuriimon",
    "jzatiger"
  ],
  "log": "|j|\u2606yuriimon\n|j|\u2606jzatiger\n|t:|1776641206\n|gametype|doubles\n|player|p1|yuriimon|waitress-gen4|1231\n|player|p2|jzatiger|acetrainerf-gen4dp|1158\n|gen|9\n|tier|[Gen 9 Champions] VGC 2026 Reg M-A\n|rated|\n|rule|Species Clause: Limit one of each Pok\u00e9mon\n|rule|Item Clause: Limit 1 of each item\n|clearpoke\n|poke|p1|Glimmora, L50, F|\n|poke|p1|Archaludon, L50, F|\n|poke|p1|Politoed, L50, M|\n|poke|p1|Chesnaught, L50, F|\n|poke|p1|Incineroar, L50, M|\n|poke|p1|Garchomp, L50, F|\n|poke|p2|Farigiraf, L50, F, shiny|\n|poke|p2|Snorlax, L50, M, shiny|\n|poke|p2|Torkoal, L50, F|\n|poke|p2|Crabominable, L50, M|\n|poke|p2|Sinistcha, L50, shiny|\n|poke|p2|Alakazam, L50, M|\n|teampreview|4\n|inactive|Battle timer is ON: inactive players will automatically lose when time's up. (requested by yuriimon)\n|c|\u2606jzatiger|glhf\njzatiger rejected open team sheets.\n|c|\u2606yuriimon|u2\n|inactive|yuriimon has 60 seconds left.\n|inactive|jzatiger has 60 seconds left.\n|inactive|jzatiger has 30 seconds left.\n|\n|t:|1776641276\n|teamsize|p1|4\n|teamsize|p2|4\n|start\n|switch|p1a: Chesnaught|Chesnaught, L50, F|100/100\n|switch|p1b: Incineroar|Incineroar, L50, M|100/100\n|switch|p2a: performative male|Sinistcha, L50, shiny|100/100\n|switch|p2b: The King Krab|Crabominable, L50, M|100/100\n|-ability|p1b: Incineroar|Intimidate|boost\n|-unboost|p2a: performative male|atk|1\n|-fail|p2b: The King Krab|unboost|Attack|[from] ability: Hyper Cutter|[of] p2b: The King Krab\n|turn|1\n|\n|t:|1776641299\n|detailschange|p1a: Chesnaught|Chesnaught-Mega, L50, F\n|-mega|p1a: Chesnaught|Chesnaught|Chesnaughtite\n|detailschange|p2b: The King Krab|Crabominable-Mega, L50, M\n|-mega|p2b: The King Krab|Crabominable|Crabominite\n|move|p2b: The King Krab|Protect|p2b: The King Krab\n|-singleturn|p2b: The King Krab|Protect\n|move|p1b: Incineroar|Fake Out|p2b: The King Krab\n|-activate|p2b: The King Krab|move: Protect\n|move|p1a: Chesnaught|Iron Defense|p1a: Chesnaught\n|-boost|p1a: Chesnaught|def|2\n|move|p2a: performative male|Trick Room|p2a: performative male\n|-fieldstart|move: Trick Room|[of] p2a: performative male\n|\n|upkeep\n|turn|2\n|\n|t:|1776641323\n|switch|p1b: Archaludon|Archaludon, L50, F|100/100\n|switch|p2a: Golavagos|Torkoal, L50, F|100/100\n|-weather|SunnyDay|[from] ability: Drought|[of] p2a: Golavagos\n|move|p2b: The King Krab|Drain Punch|p1b: Archaludon\n|-supereffective|p1b: Archaludon|1\n|-enditem|p1b: Archaludon|Chople Berry|[eat]\n|-enditem|p1b: Archaludon|Chople Berry|[weaken]\n|-damage|p1b: Archaludon|49/100\n|move|p1a: Chesnaught|Body Press|p2b: The King Krab\n|-supereffective|p2b: The King Krab|1\n|-damage|p2b: The King Krab|0 fnt\n|faint|p2b: The King Krab\n|\n|-weather|SunnyDay|[upkeep]\n|upkeep\n|\n|t:|1776641342\n|switch|p2b: Me irl|Snorlax, L50, M, shiny|100/100\n|turn|3\n|\n|t:|1776641347\n|switch|p1b: Politoed|Politoed, L50, M|100/100\n|-weather|RainDance|[from] ability: Drizzle|[of] p1b: Politoed\n|move|p2a: Golavagos|Eruption|p1b: Politoed|[spread] p1a,p1b\n|-supereffective|p1a: Chesnaught|1\n|-resisted|p1b: Politoed|1\n|-damage|p1a: Chesnaught|55/100\n|-damage|p1b: Politoed|90/100\n|move|p2b: Me irl|Belly Drum|p2b: Me irl\n|-damage|p2b: Me irl|51/100\n|-setboost|p2b: Me irl|atk|6|[from] move: Belly Drum\n|move|p1a: Chesnaught|Body Press|p2b: Me irl\n|-supereffective|p2b: Me irl|1\n|-damage|p2b: Me irl|0 fnt\n|faint|p2b: Me irl\n|\n|-weather|RainDance|[upkeep]\n|upkeep\n|\n|t:|1776641360\n|switch|p2b: performative male|Sinistcha, L50, shiny|100/100\n|turn|4\n|\n|t:|1776641377\n|move|p1a: Chesnaught|Spiky Shield|p1a: Chesnaught\n|-singleturn|p1a: Chesnaught|move: Protect\n|move|p2a: Golavagos|Eruption|p1a: Chesnaught|[spread] p1b\n|-activate|p1a: Chesnaught|move: Protect\n|-resisted|p1b: Politoed|1\n|-damage|p1b: Politoed|77/100\n|move|p2b: performative male|Matcha Gotcha|p1b: Politoed|[spread] p1b\n|-activate|p1a: Chesnaught|move: Protect\n|-supereffective|p1b: Politoed|1\n|-crit|p1b: Politoed\n|-damage|p1b: Politoed|16/100\n|move|p1b: Politoed|Weather Ball|p2a: Golavagos\n|-supereffective|p2a: Golavagos|1\n|-damage|p2a: Golavagos|0 fnt\n|faint|p2a: Golavagos\n|\n|-weather|RainDance|[upkeep]\n|upkeep\n|turn|5\n|c|\u2606jzatiger|ggwp\n|-message|jzatiger forfeited.\n|\n|win|yuriimon\n|raw|yuriimon's rating: 1231 &rarr; <strong>1251</strong><br />(+20 for winning)\n|raw|jzatiger's rating: 1158 &rarr; <strong>1138</strong><br />(-20 for losing)\n|l|\u2606jzatiger\n|player|p2|\n|c|\u2606yuriimon|gg\n",
  "uploadtime": 1776641401,
  "views": 7,
  "formatid": "gen9championsvgc2026regma",
  "rating": 1138,
  "private": 0,
  "password": null
}