{
  "id": "gen9championsvgc2026regma-2585683863",
  "format": "[Gen 9 Champions] VGC 2026 Reg M-A",
  "players": [
    "1Neku",
    "crobat394"
  ],
  "log": "|j|\u26061Neku\n|j|\u2606crobat394\n|t:|1776363549\n|gametype|doubles\n|player|p1|1Neku|lucas-gen4pt|1143\n|player|p2|crobat394|hiker-gen4|1174\n|gen|9\n|tier|[Gen 9 Champions] VGC 2026 Reg M-A\n|rated|\n|rule|Species Clause: Limit one of each Pok\u00e9mon\n|rule|Item Clause: Limit 1 of each item\n|clearpoke\n|poke|p1|Pelipper, L50, F|\n|poke|p1|Basculegion, L50, M|\n|poke|p1|Sinistcha, L50|\n|poke|p1|Archaludon, L50, F|\n|poke|p1|Sneasler, L50, M|\n|poke|p1|Dragonite, L50, F|\n|poke|p2|Floette-Eternal, L50, F|\n|poke|p2|Incineroar, L50, M|\n|poke|p2|Corviknight, L50, M|\n|poke|p2|Dragonite, L50, M|\n|poke|p2|Sneasler, L50, F|\n|poke|p2|Sinistcha-Masterpiece, L50|\n|teampreview|4\n|inactive|Battle timer is ON: inactive players will automatically lose when time's up. (requested by crobat394)\n|\n|t:|1776363578\n|teamsize|p1|4\n|teamsize|p2|4\n|start\n|switch|p1a: Basculegion|Basculegion, L50, M|100/100\n|switch|p1b: Sneasler|Sneasler, L50, M|100/100\n|switch|p2a: Dragonite|Dragonite, L50, M|100/100\n|switch|p2b: Sneasler|Sneasler, L50, F|100/100\n|turn|1\n|inactive|1Neku has 30 seconds left.\n|inactive|1Neku has 20 seconds left.\n|\n|t:|1776363613\n|detailschange|p2a: Dragonite|Dragonite-Mega, L50, M\n|-mega|p2a: Dragonite|Dragonite|Dragoninite\n|move|p1b: Sneasler|Protect|p1b: Sneasler\n|-singleturn|p1b: Sneasler|Protect\n|move|p2b: Sneasler|Fake Out|p1b: Sneasler\n|-activate|p1b: Sneasler|move: Protect\n|move|p1a: Basculegion|Flip Turn|p2b: Sneasler\n|-damage|p2b: Sneasler|50/100\n|\n|t:|1776363633\n|switch|p1a: Pelipper|Pelipper, L50, F, shiny|100/100|[from] Flip Turn\n|-weather|RainDance|[from] ability: Drizzle|[of] p1a: Pelipper\n|move|p2a: Dragonite|Icy Wind|p1a: Pelipper|[spread] p1a\n|-activate|p1b: Sneasler|move: Protect\n|-damage|p1a: Pelipper|73/100\n|-unboost|p1a: Pelipper|spe|1\n|\n|-weather|RainDance|[upkeep]\n|upkeep\n|turn|2\n|\n|t:|1776363657\n|switch|p1a: Basculegion|Basculegion, L50, M|100/100\n|move|p2b: Sneasler|Protect|p2b: Sneasler\n|-singleturn|p2b: Sneasler|Protect\n|move|p1b: Sneasler|Close Combat|p2b: Sneasler\n|-activate|p2b: Sneasler|move: Protect\n|move|p2a: Dragonite|Icy Wind|p1a: Basculegion|[spread] p1a,p1b\n|-resisted|p1a: Basculegion|1\n|-damage|p1a: Basculegion|92/100\n|-damage|p1b: Sneasler|80/100\n|-unboost|p1a: Basculegion|spe|1\n|-unboost|p1b: Sneasler|spe|1\n|-enditem|p1b: Sneasler|White Herb\n|-clearnegativeboost|p1b: Sneasler|[silent]\n|\n|-weather|RainDance|[upkeep]\n|upkeep\n|turn|3\n|inactive|crobat394 has 30 seconds left.\n|\n|t:|1776363683\n|switch|p2b: Sinistcha|Sinistcha-Masterpiece, L50|100/100\n|move|p1b: Sneasler|Dire Claw|p2a: Dragonite\n|-damage|p2a: Dragonite|80/100\n|move|p1a: Basculegion|Flip Turn|p2b: Sinistcha\n|-resisted|p2b: Sinistcha|1\n|-damage|p2b: Sinistcha|83/100\n|\n|t:|1776363692\n|switch|p1a: Archaludon|Archaludon, L50, F|100/100|[from] Flip Turn\n|move|p2a: Dragonite|Draco Meteor|p1a: Archaludon\n|-damage|p1a: Archaludon|11/100\n|-unboost|p2a: Dragonite|spa|2\n|-ability|p1a: Archaludon|Stamina|boost\n|-boost|p1a: Archaludon|def|1\n|\n|-weather|RainDance|[upkeep]\n|-heal|p1a: Archaludon|17/100|[from] item: Leftovers\n|upkeep\n|turn|4\n|inactive|1Neku has 30 seconds left.\n|\n|t:|1776363722\n|move|p1a: Archaludon|Protect|p1a: Archaludon\n|-singleturn|p1a: Archaludon|Protect\n|move|p2b: Sinistcha|Rage Powder|p2b: Sinistcha\n|-singleturn|p2b: Sinistcha|move: Rage Powder\n|move|p1b: Sneasler|Dire Claw|p2b: Sinistcha\n|-damage|p2b: Sinistcha|50/100\n|-status|p2b: Sinistcha|psn\n|move|p2a: Dragonite|Draco Meteor|p1a: Archaludon\n|-activate|p1a: Archaludon|move: Protect\n|\n|-weather|RainDance|[upkeep]\n|-heal|p1a: Archaludon|23/100|[from] item: Leftovers\n|-damage|p2b: Sinistcha|38/100 psn|[from] psn\n|upkeep\n|turn|5\n|inactive|1Neku has 30 seconds left.\n|\n|t:|1776363755\n|switch|p2b: Sneasler|Sneasler, L50, F|50/100\n|move|p1b: Sneasler|Dire Claw|p2b: Sneasler\n|-resisted|p2b: Sneasler|1\n|-damage|p2b: Sneasler|11/100\n|-status|p2b: Sneasler|par\n|move|p2a: Dragonite|Draco Meteor|p1a: Archaludon\n|-damage|p1a: Archaludon|0 fnt\n|-unboost|p2a: Dragonite|spa|2\n|faint|p1a: Archaludon\n|\n|-weather|none\n|upkeep\n|\n|t:|1776363770\n|switch|p1a: Basculegion|Basculegion, L50, M|92/100\n|turn|6\n|\n|t:|1776363782\n|switch|p1b: Pelipper|Pelipper, L50, F, shiny|73/100\n|-weather|RainDance|[from] ability: Drizzle|[of] p1b: Pelipper\n|switch|p2a: Sinistcha|Sinistcha-Masterpiece, L50|38/100 psn\n|-heal|p2b: Sneasler|36/100 par|[from] ability: Hospitality|[of] p2a: Sinistcha\n|move|p2b: Sneasler|Fake Out|p1b: Pelipper\n|-damage|p1b: Pelipper|54/100\n|move|p1a: Basculegion|Flip Turn|p2b: Sneasler\n|-damage|p2b: Sneasler|0 fnt\n|faint|p2b: Sneasler\n|\n|t:|1776363797\n|switch|p1a: Sneasler|Sneasler, L50, M|80/100|[from] Flip Turn\n|\n|-weather|RainDance|[upkeep]\n|-damage|p2a: Sinistcha|25/100 psn|[from] psn\n|upkeep\n|\n|t:|1776363803\n|switch|p2b: Dragonite|Dragonite-Mega, L50, M|80/100\n|turn|7\n|\n|t:|1776363816\n|move|p1a: Sneasler|Fake Out|p2b: Dragonite\n|-crit|p2b: Dragonite\n|-damage|p2b: Dragonite|60/100\n|cant|p2b: Dragonite|flinch\n|move|p1b: Pelipper|Tailwind|p1b: Pelipper\n|-sidestart|p1: 1Neku|move: Tailwind\n|move|p2a: Sinistcha|Life Dew|p2a: Sinistcha|[spread] p2a,p2b\n|-heal|p2a: Sinistcha|50/100 psn\n|-heal|p2b: Dragonite|85/100\n|\n|-weather|RainDance|[upkeep]\n|-damage|p2a: Sinistcha|38/100 psn|[from] psn\n|upkeep\n|turn|8\n|-activate|p2a: Sinistcha|item: Quick Claw\n|\n|t:|1776363834\n|move|p2a: Sinistcha|Life Dew|p2a: Sinistcha|[spread] p2a,p2b\n|-heal|p2a: Sinistcha|63/100 psn\n|-heal|p2b: Dragonite|100/100\n|move|p1a: Sneasler|Dire Claw|p2b: Dragonite\n|-damage|p2b: Dragonite|80/100\n|move|p1b: Pelipper|Hurricane|p2a: Sinistcha\n|-supereffective|p2a: Sinistcha|1\n|-damage|p2a: Sinistcha|0 fnt\n|faint|p2a: Sinistcha\n|move|p2b: Dragonite|Icy Wind|p1b: Pelipper|[spread] p1a,p1b\n|-damage|p1a: Sneasler|59/100\n|-damage|p1b: Pelipper|26/100\n|-unboost|p1a: Sneasler|spe|1\n|-unboost|p1b: Pelipper|spe|1\n|\n|-weather|RainDance|[upkeep]\n|upkeep\n|\n|t:|1776363849\n|switch|p2a: Floette|Floette-Eternal, L50, F|100/100\n|turn|9\n|\n|t:|1776363870\n|move|p1a: Sneasler|Dire Claw|p2a: Floette\n|-supereffective|p2a: Floette|1\n|-damage|p2a: Floette|0 fnt\n|faint|p2a: Floette\n|move|p2b: Dragonite|Icy Wind|p1b: Pelipper|[spread] p1a,p1b\n|-damage|p1a: Sneasler|37/100\n|-damage|p1b: Pelipper|0 fnt\n|-unboost|p1a: Sneasler|spe|1\n|faint|p1b: Pelipper\n|\n|-weather|RainDance|[upkeep]\n|upkeep\n|\n|t:|1776363882\n|switch|p1b: Basculegion|Basculegion, L50, M|92/100\n|turn|10\n|\n|t:|1776363889\n|move|p2b: Dragonite|Protect|p2b: Dragonite\n|-singleturn|p2b: Dragonite|Protect\n|move|p1b: Basculegion|Last Respects|p2b: Dragonite\n|-activate|p2b: Dragonite|move: Protect\n|move|p1a: Sneasler|Dire Claw|p2b: Dragonite\n|-activate|p2b: Dragonite|move: Protect\n|\n|-weather|none\n|-sideend|p1: 1Neku|move: Tailwind\n|upkeep\n|turn|11\n|\n|t:|1776363904\n|move|p1b: Basculegion|Last Respects|p2b: Dragonite\n|-damage|p2b: Dragonite|5/100\n|move|p2b: Dragonite|Draco Meteor|p1b: Basculegion\n|-crit|p1b: Basculegion\n|-damage|p1b: Basculegion|0 fnt\n|-unboost|p2b: Dragonite|spa|2\n|faint|p1b: Basculegion\n|move|p1a: Sneasler|Dire Claw|p2b: Dragonite\n|-damage|p2b: Dragonite|0 fnt\n|faint|p2b: Dragonite\n|\n|win|1Neku\n|raw|1Neku's rating: 1143 &rarr; <strong>1170</strong><br />(+27 for winning)\n|raw|crobat394's rating: 1174 &rarr; <strong>1147</strong><br />(-27 for losing)\n|l|\u2606crobat394\n|player|p2|\n",
  "uploadtime": 1776363923,
  "views": 17,
  "formatid": "gen9championsvgc2026regma",
  "rating": 1147,
  "private": 0,
  "password": null
}