{
  "id": "gen9championsvgc2026regma-2587460041",
  "format": "[Gen 9 Champions] VGC 2026 Reg M-A",
  "players": [
    "PM77Switch",
    "Crimmysons"
  ],
  "log": "|j|\u2606PM77Switch\n|j|\u2606Crimmysons\n|t:|1776533664\n|gametype|doubles\n|player|p1|PM77Switch|may-masters3|1210\n|player|p2|Crimmysons|1|1114\n|gen|9\n|tier|[Gen 9 Champions] VGC 2026 Reg M-A\n|rated|\n|rule|Species Clause: Limit one of each Pok\u00e9mon\n|rule|Item Clause: Limit 1 of each item\n|clearpoke\n|poke|p1|Blastoise, L50, F|\n|poke|p1|Kingambit, L50, M|\n|poke|p1|Sneasler, L50, F|\n|poke|p1|Aerodactyl, L50, F|\n|poke|p1|Sinistcha, L50|\n|poke|p1|Incineroar, L50, M|\n|poke|p2|Froslass, L50, F, shiny|\n|poke|p2|Rotom-Frost, L50, shiny|\n|poke|p2|Basculegion, L50, M, shiny|\n|poke|p2|Sylveon, L50, F, shiny|\n|poke|p2|Dragonite, L50, M, shiny|\n|poke|p2|Hydrapple, L50, M, shiny|\n|teampreview|4\n|\n|t:|1776533695\n|teamsize|p1|4\n|teamsize|p2|4\n|start\n|switch|p1a: Kingambit|Kingambit, L50, M|100/100\n|switch|p1b: Aerodactyl|Aerodactyl, L50, F|100/100\n|switch|p2a: Snowy|Froslass, L50, F, shiny|100/100\n|switch|p2b: Fridge|Rotom-Frost, L50, shiny|100/100\n|-ability|p1b: Aerodactyl|Unnerve\n|turn|1\n|\n|t:|1776533726\n|detailschange|p2a: Snowy|Froslass-Mega, L50, F, shiny\n|-mega|p2a: Snowy|Froslass|Froslassite\n|-weather|Snowscape|[from] ability: Snow Warning|[of] p2a: Snowy\n|move|p1b: Aerodactyl|Protect|p1b: Aerodactyl\n|-singleturn|p1b: Aerodactyl|Protect\n|move|p2a: Snowy|Blizzard|p1a: Kingambit|[spread] p1a\n|-activate|p1b: Aerodactyl|move: Protect\n|-resisted|p1a: Kingambit|1\n|-damage|p1a: Kingambit|75/100\n|-status|p1a: Kingambit|frz\n|move|p2b: Fridge|Blizzard|p1b: Aerodactyl|[spread] p1a\n|-activate|p1b: Aerodactyl|move: Protect\n|-resisted|p1a: Kingambit|1\n|-damage|p1a: Kingambit|57/100 frz\n|-curestatus|p1a: Kingambit|frz|[msg]\n|move|p1a: Kingambit|Kowtow Cleave|p2a: Snowy\n|-supereffective|p2a: Snowy|1\n|-damage|p2a: Snowy|0 fnt\n|faint|p2a: Snowy\n|\n|-weather|Snowscape|[upkeep]\n|upkeep\n|\n|t:|1776533754\n|switch|p2a: Pixel|Sylveon, L50, F, shiny|100/100\n|turn|2\n|\n|t:|1776533762\n|move|p1b: Aerodactyl|Tailwind|p1b: Aerodactyl\n|-sidestart|p1: PM77Switch|move: Tailwind\n|move|p1a: Kingambit|Iron Head|p2a: Pixel\n|-supereffective|p2a: Pixel|1\n|-crit|p2a: Pixel\n|-damage|p2a: Pixel|0 fnt\n|faint|p2a: Pixel\n|move|p2b: Fridge|Blizzard|p1a: Kingambit|[spread] p1a,p1b\n|-resisted|p1a: Kingambit|1\n|-supereffective|p1b: Aerodactyl|1\n|-damage|p1a: Kingambit|35/100\n|-enditem|p1b: Aerodactyl|Focus Sash\n|-damage|p1b: Aerodactyl|1/100\n|\n|-weather|Snowscape|[upkeep]\n|upkeep\n|\n|t:|1776533775\n|switch|p2a: Fish Dragon|Basculegion, L50, M, shiny|100/100\n|turn|3\n|\n|t:|1776533786\n|move|p1a: Kingambit|Protect|p1a: Kingambit\n|-singleturn|p1a: Kingambit|Protect\n|move|p1b: Aerodactyl|Rock Slide|p2a: Fish Dragon|[spread] p2a,p2b\n|-supereffective|p2b: Fridge|1\n|-damage|p2a: Fish Dragon|70/100\n|-damage|p2b: Fridge|62/100\n|move|p2b: Fridge|Blizzard|p1a: Kingambit|[spread] p1b\n|-activate|p1a: Kingambit|move: Protect\n|-supereffective|p1b: Aerodactyl|1\n|-damage|p1b: Aerodactyl|0 fnt\n|faint|p1b: Aerodactyl\n|move|p2a: Fish Dragon|Waterfall|p1a: Kingambit\n|-activate|p1a: Kingambit|move: Protect\n|\n|-weather|Snowscape|[upkeep]\n|upkeep\n|\n|t:|1776533799\n|switch|p1b: Incineroar|Incineroar, L50, M|100/100\n|-ability|p1b: Incineroar|Intimidate|boost\n|-unboost|p2a: Fish Dragon|atk|1\n|-unboost|p2b: Fridge|atk|1\n|turn|4\n|\n|t:|1776533809\n|move|p1b: Incineroar|Fake Out|p2b: Fridge\n|-damage|p2b: Fridge|53/100\n|move|p1a: Kingambit|Sucker Punch|p2a: Fish Dragon\n|-supereffective|p2a: Fish Dragon|1\n|-damage|p2a: Fish Dragon|0 fnt\n|faint|p2a: Fish Dragon\n|cant|p2b: Fridge|flinch\n|\n|-weather|Snowscape|[upkeep]\n|upkeep\n|turn|5\n|\n|t:|1776533819\n|move|p1a: Kingambit|Kowtow Cleave|p2b: Fridge\n|-damage|p2b: Fridge|22/100\n|move|p2b: Fridge|Blizzard|p1a: Kingambit|[spread] p1a,p1b\n|-resisted|p1a: Kingambit|1\n|-resisted|p1b: Incineroar|1\n|-damage|p1a: Kingambit|15/100\n|-damage|p1b: Incineroar|84/100\n|move|p1b: Incineroar|Flare Blitz|p2b: Fridge\n|-supereffective|p2b: Fridge|1\n|-damage|p2b: Fridge|0 fnt\n|faint|p2b: Fridge\n|-damage|p1b: Incineroar|78/100|[from] Recoil\n|\n|win|PM77Switch\n|raw|PM77Switch's rating: 1210 &rarr; <strong>1228</strong><br />(+18 for winning)\n|raw|Crimmysons's rating: 1114 &rarr; <strong>1096</strong><br />(-18 for losing)\n",
  "uploadtime": 1776533827,
  "views": 15,
  "formatid": "gen9championsvgc2026regma",
  "rating": 1096,
  "private": 0,
  "password": null
}