{
  "id": "gen9championsvgc2026regma-2582367547",
  "format": "[Gen 9 Champions] VGC 2026 Reg M-A",
  "players": [
    "Cuca02",
    "HL SIGNAL"
  ],
  "log": "|j|\u2606Cuca02\n|j|\u2606HL SIGNAL\n|t:|1776086864\n|gametype|doubles\n|player|p1|Cuca02|jogger|1184\n|player|p2|HL SIGNAL|drayden|1252\n|gen|9\n|tier|[Gen 9 Champions] VGC 2026 Reg M-A\n|rated|\n|rule|Species Clause: Limit one of each Pok\u00e9mon\n|rule|Item Clause: Limit 1 of each item\n|clearpoke\n|poke|p1|Basculegion, L50, M|\n|poke|p1|Blastoise, L50, F|\n|poke|p1|Archaludon, L50, F|\n|poke|p1|Farigiraf, L50, M|\n|poke|p1|Sneasler, L50, F|\n|poke|p1|Kingambit, L50, F|\n|poke|p2|Tyranitar, L50, M|\n|poke|p2|Whimsicott, L50, F|\n|poke|p2|Aegislash, L50, M|\n|poke|p2|Garchomp, L50, M|\n|poke|p2|Rotom-Wash, L50|\n|poke|p2|Incineroar, L50, M|\n|teampreview|4\n|inactive|Battle timer is ON: inactive players will automatically lose when time's up. (requested by Cuca02)\n|j| enitoni\n|l| enitoni\n|inactive|HL SIGNAL has 60 seconds left.\n|\n|t:|1776086910\n|teamsize|p1|4\n|teamsize|p2|4\n|start\n|switch|p1a: Farigiraf|Farigiraf, L50, M|100/100\n|switch|p1b: Sneasler|Sneasler, L50, F|100/100\n|switch|p2a: Tyranitar|Tyranitar, L50, M|100/100\n|switch|p2b: Garchomp|Garchomp, L50, M|100/100\n|-weather|Sandstorm|[from] ability: Sand Stream|[of] p2a: Tyranitar\n|turn|1\n|\n|t:|1776086927\n|switch|p2a: Aegislash|Aegislash, L50, M|100/100\n|move|p1b: Sneasler|Fake Out|p2b: Garchomp\n|-damage|p2b: Garchomp|86/100\n|cant|p2b: Garchomp|flinch\n|move|p1a: Farigiraf|Rain Dance|p1a: Farigiraf\n|-weather|RainDance\n|\n|-weather|RainDance|[upkeep]\n|upkeep\n|turn|2\n|inactive|Cuca02 has 30 seconds left.\n|inactive|Cuca02 has 20 seconds left.\n|inactive|Cuca02 has 15 seconds left.\n|inactive|Cuca02 has 10 seconds left.\n|inactive|Cuca02 has 5 seconds left.\n|\n|t:|1776086982\n|move|p1b: Sneasler|Close Combat|p2b: Garchomp\n|-damage|p2b: Garchomp|26/100\n|-unboost|p1b: Sneasler|def|1\n|-unboost|p1b: Sneasler|spd|1\n|move|p2b: Garchomp|Dragon Claw|p1b: Sneasler\n|-enditem|p1b: Sneasler|Focus Sash\n|-damage|p1b: Sneasler|1/100\n|-formechange|p2a: Aegislash|Aegislash-Blade|\n|move|p2a: Aegislash|Shadow Ball|p1b: Sneasler\n|-damage|p1b: Sneasler|0 fnt\n|faint|p1b: Sneasler\n|move|p1a: Farigiraf|Trick Room|p1a: Farigiraf\n|-fieldstart|move: Trick Room|[of] p1a: Farigiraf\n|\n|-weather|RainDance|[upkeep]\n|upkeep\n|inactive|Cuca02 has 30 seconds left.\n|inactive|Cuca02 has 20 seconds left.\n|inactive|Cuca02 has 15 seconds left.\n|inactive|Cuca02 has 10 seconds left.\n|inactive|Cuca02 has 5 seconds left.\n|\n|t:|1776087037\n|switch|p1b: Basculegion|Basculegion, L50, M, shiny|100/100\n|turn|3\n|inactive|Cuca02 has 30 seconds left.\n|inactive|Cuca02 has 20 seconds left.\n|inactive|Cuca02 has 15 seconds left.\n|inactive|Cuca02 has 10 seconds left.\n|inactive|Cuca02 has 5 seconds left.\n|inactive|HL SIGNAL has 30 seconds left.\n|\n|t:|1776087089\n|switch|p2b: Rotom|Rotom-Wash, L50|100/100\n|-formechange|p2a: Aegislash|Aegislash|\n|move|p2a: Aegislash|King's Shield|p2a: Aegislash\n|-singleturn|p2a: Aegislash|Protect\n|move|p1b: Basculegion|Protect|p1b: Basculegion\n|-singleturn|p1b: Basculegion|Protect\n|move|p1a: Farigiraf|Trick Room|p1a: Farigiraf\n|-fieldend|move: Trick Room\n|\n|-weather|RainDance|[upkeep]\n|upkeep\n|turn|4\n|\n|t:|1776087110\n|move|p1a: Farigiraf|Helping Hand|p1b: Basculegion\n|-singleturn|p1b: Basculegion|Helping Hand|[of] p1a: Farigiraf\n|move|p1b: Basculegion|Last Respects|p2b: Rotom\n|-damage|p2b: Rotom|19/100\n|-formechange|p2a: Aegislash|Aegislash-Blade|\n|move|p2a: Aegislash|Shadow Ball|p1b: Basculegion\n|-supereffective|p1b: Basculegion|1\n|-damage|p1b: Basculegion|0 fnt\n|faint|p1b: Basculegion\n|move|p2b: Rotom|Thunderbolt|p1a: Farigiraf\n|-damage|p1a: Farigiraf|70/100\n|\n|-weather|RainDance|[upkeep]\n|-heal|p2b: Rotom|25/100|[from] item: Leftovers\n|upkeep\n|\n|t:|1776087118\n|switch|p1b: Blastoise|Blastoise, L50, F|100/100\n|turn|5\n|\n|t:|1776087141\n|switch|p2b: Tyranitar|Tyranitar, L50, M|100/100\n|-weather|Sandstorm|[from] ability: Sand Stream|[of] p2b: Tyranitar\n|detailschange|p1b: Blastoise|Blastoise-Mega, L50, F\n|-mega|p1b: Blastoise|Blastoise|Blastoisinite\n|move|p1a: Farigiraf|Helping Hand|p1b: Blastoise\n|-singleturn|p1b: Blastoise|Helping Hand|[of] p1a: Farigiraf\n|move|p2a: Aegislash|Flash Cannon|p1a: Farigiraf\n|-damage|p1a: Farigiraf|34/100\n|move|p1b: Blastoise|Water Spout|p2a: Aegislash|[spread] p2a,p2b\n|-supereffective|p2b: Tyranitar|1\n|-damage|p2a: Aegislash|0 fnt\n|-damage|p2b: Tyranitar|0 fnt\n|faint|p2a: Aegislash\n|faint|p2b: Tyranitar\n|\n|-weather|Sandstorm|[upkeep]\n|-damage|p1b: Blastoise|95/100|[from] Sandstorm\n|-damage|p1a: Farigiraf|28/100|[from] Sandstorm\n|upkeep\n|\n|t:|1776087155\n|switch|p2a: Garchomp|Garchomp, L50, M|26/100\n|switch|p2b: Rotom|Rotom-Wash, L50|25/100\n|turn|6\n|\n|t:|1776087173\n|move|p2a: Garchomp|Earthquake|p1a: Farigiraf|[spread] p1a,p1b\n|-immune|p2b: Rotom|[from] ability: Levitate\n|-damage|p1a: Farigiraf|0 fnt\n|-damage|p1b: Blastoise|63/100\n|faint|p1a: Farigiraf\n|move|p2b: Rotom|Thunderbolt|p1b: Blastoise\n|-supereffective|p1b: Blastoise|1\n|-damage|p1b: Blastoise|0 fnt\n|faint|p1b: Blastoise\n|\n|win|HL SIGNAL\n|raw|Cuca02's rating: 1184 &rarr; <strong>1164</strong><br />(-20 for losing)\n|raw|HL SIGNAL's rating: 1252 &rarr; <strong>1272</strong><br />(+20 for winning)\n|l|\u2606Cuca02\n|player|p1|\n",
  "uploadtime": 1776087183,
  "views": 15,
  "formatid": "gen9championsvgc2026regma",
  "rating": 1164,
  "private": 0,
  "password": null
}