{
  "id": "gen9championsvgc2026regma-2581585221",
  "format": "[Gen 9 Champions] VGC 2026 Reg M-A",
  "players": [
    "Godnonotthebees",
    "Vitalis24"
  ],
  "log": "|j|\u2606Godnonotthebees\n|j|\u2606Vitalis24\n|t:|1776012960\n|gametype|doubles\n|player|p1|Godnonotthebees|waiter-gen4dp|1150\n|player|p2|Vitalis24|crasherwake|1069\n|gen|9\n|tier|[Gen 9 Champions] VGC 2026 Reg M-A\n|rated|\n|rule|Species Clause: Limit one of each Pok\u00e9mon\n|rule|Item Clause: Limit 1 of each item\n|clearpoke\n|poke|p1|Drampa, L50, F|\n|poke|p1|Sinistcha, L50|\n|poke|p1|Bastiodon, L50, F|\n|poke|p1|Tinkaton, L50, F|\n|poke|p1|Golurk, L50|\n|poke|p1|Weavile, L50, M|\n|poke|p2|Manectric, L50, F|\n|poke|p2|Kingambit, L50, F|\n|poke|p2|Hatterene, L50, F|\n|poke|p2|Machamp, L50, M|\n|poke|p2|Pelipper, L50, M|\n|poke|p2|Basculegion, L50, M|\n|teampreview|4\nGodnonotthebees has agreed to open team sheets.\n|inactive|Battle timer is ON: inactive players will automatically lose when time's up. (requested by Godnonotthebees)\n|\n|t:|1776013036\n|teamsize|p1|4\n|teamsize|p2|4\n|start\n|switch|p1a: Tinkaton|Tinkaton, L50, F|100/100\n|switch|p1b: Sinistcha|Sinistcha, L50|100/100\n|switch|p2a: Hatterene|Hatterene, L50, F|100/100\n|switch|p2b: Kingambit|Kingambit, L50, F|100/100\n|turn|1\n|\n|t:|1776013064\n|move|p1b: Sinistcha|Protect|p1b: Sinistcha\n|-singleturn|p1b: Sinistcha|Protect\n|move|p1a: Tinkaton|Gigaton Hammer|p2a: Hatterene\n|-supereffective|p2a: Hatterene|1\n|-damage|p2a: Hatterene|0 fnt\n|faint|p2a: Hatterene\n|move|p2b: Kingambit|Kowtow Cleave|p1b: Sinistcha\n|-activate|p1b: Sinistcha|move: Protect\n|\n|upkeep\n|inactive|Vitalis24 has 30 seconds left.\n|\n|t:|1776013093\n|switch|p2a: Pelipper|Pelipper, L50, M|100/100\n|-weather|RainDance|[from] ability: Drizzle|[of] p2a: Pelipper\n|turn|2\n|\n|t:|1776013110\n|move|p1a: Tinkaton|Play Rough|p2b: Kingambit\n|-damage|p2b: Kingambit|75/100\n|move|p2a: Pelipper|Weather Ball|p1a: Tinkaton\n|-damage|p1a: Tinkaton|29/100\n|move|p2b: Kingambit|Kowtow Cleave|p1b: Sinistcha\n|-supereffective|p1b: Sinistcha|1\n|-damage|p1b: Sinistcha|3/100\n|move|p1b: Sinistcha|Trick Room|p1b: Sinistcha\n|-fieldstart|move: Trick Room|[of] p1b: Sinistcha\n|\n|-weather|RainDance|[upkeep]\n|upkeep\n|turn|3\n|inactive|Vitalis24 has 30 seconds left.\n|\n|t:|1776013141\n|move|p2b: Kingambit|Kowtow Cleave|p1b: Sinistcha\n|-supereffective|p1b: Sinistcha|1\n|-damage|p1b: Sinistcha|0 fnt\n|faint|p1b: Sinistcha\n|move|p2a: Pelipper|Weather Ball|p1a: Tinkaton\n|-damage|p1a: Tinkaton|0 fnt\n|faint|p1a: Tinkaton\n|\n|-weather|RainDance|[upkeep]\n|upkeep\n|\n|t:|1776013147\n|switch|p1b: Drampa|Drampa, L50, F|100/100\n|switch|p1a: Golurk|Golurk, L50|100/100\n|turn|4\n|\n|t:|1776013168\n|detailschange|p1b: Drampa|Drampa-Mega, L50, F\n|-mega|p1b: Drampa|Drampa|Drampanite\n|move|p1b: Drampa|Thunderbolt|p2a: Pelipper\n|-supereffective|p2a: Pelipper|2\n|-enditem|p2a: Pelipper|Focus Sash\n|-damage|p2a: Pelipper|1/100\n|move|p2b: Kingambit|Kowtow Cleave|p1a: Golurk\n|-supereffective|p1a: Golurk|1\n|-damage|p1a: Golurk|0 fnt\n|faint|p1a: Golurk\n|move|p2a: Pelipper|Hurricane|p1b: Drampa\n|-damage|p1b: Drampa|63/100\n|\n|-weather|RainDance|[upkeep]\n|upkeep\n|turn|5\n|\n|t:|1776013190\n|move|p1b: Drampa|Hyper Voice|p2b: Kingambit|[spread] p2a,p2b\n|-resisted|p2b: Kingambit|1\n|-damage|p2a: Pelipper|0 fnt\n|-damage|p2b: Kingambit|54/100\n|faint|p2a: Pelipper\n|move|p2b: Kingambit|Kowtow Cleave|p1b: Drampa\n|-damage|p1b: Drampa|4/100\n|-ability|p1b: Drampa|Berserk|boost\n|-boost|p1b: Drampa|spa|1\n|\n|-weather|RainDance|[upkeep]\n|upkeep\n|\n|t:|1776013200\n|switch|p2a: Basculegion|Basculegion, L50, M|100/100\n|turn|6\n|\n|t:|1776013208\n|move|p2b: Kingambit|Protect|p2b: Kingambit\n|-singleturn|p2b: Kingambit|Protect\n|move|p2a: Basculegion|Protect|p2a: Basculegion\n|-singleturn|p2a: Basculegion|Protect\n|move|p1b: Drampa|Thunderbolt|p2a: Basculegion\n|-activate|p2a: Basculegion|move: Protect\n|\n|-weather|none\n|-fieldend|move: Trick Room\n|upkeep\n|turn|7\n|inactive|Vitalis24 has 30 seconds left.\n|\n|t:|1776013238\n|move|p2a: Basculegion|Aqua Jet|p1b: Drampa\n|-resisted|p1b: Drampa|1\n|-damage|p1b: Drampa|0 fnt\n|faint|p1b: Drampa\n|\n|win|Vitalis24\n|raw|Godnonotthebees's rating: 1150 &rarr; <strong>1119</strong><br />(-31 for losing)\n|raw|Vitalis24's rating: 1069 &rarr; <strong>1105</strong><br />(+36 for winning)\n|c|\u2606Godnonotthebees|gg\n|l|\u2606Godnonotthebees\n|player|p1|\n",
  "uploadtime": 1776013266,
  "views": 25,
  "formatid": "gen9championsvgc2026regma",
  "rating": 1105,
  "private": 0,
  "password": null
}