{
  "id": "gen9championsvgc2026regma-2587433846",
  "format": "[Gen 9 Champions] VGC 2026 Reg M-A",
  "players": [
    "Dewssss",
    "themegaisiug"
  ],
  "log": "|j|\u2606Dewssss\n|j|\u2606themegaisiug\n|t:|1776531451\n|gametype|doubles\n|player|p1|Dewssss|2|1196\n|player|p2|themegaisiug|boarder|1160\n|gen|9\n|tier|[Gen 9 Champions] VGC 2026 Reg M-A\n|rated|\n|rule|Species Clause: Limit one of each Pok\u00e9mon\n|rule|Item Clause: Limit 1 of each item\n|clearpoke\n|poke|p1|Decidueye, L50, M|\n|poke|p1|Medicham, L50, M|\n|poke|p1|Charizard, L50, F|\n|poke|p1|Greninja, L50, F|\n|poke|p1|Politoed, L50, M|\n|poke|p1|Whimsicott, L50, F|\n|poke|p2|Floette-Eternal, L50, F|\n|poke|p2|Garchomp, L50, M|\n|poke|p2|Sneasler, L50, M|\n|poke|p2|Rotom-Wash, L50|\n|poke|p2|Aerodactyl, L50, M|\n|poke|p2|Incineroar, L50, F|\n|teampreview|4\nthemegaisiug has agreed to open team sheets.\n|\n|t:|1776531500\n|teamsize|p1|4\n|teamsize|p2|4\n|start\n|switch|p1a: Medicham|Medicham, L50, M|100/100\n|switch|p1b: Decidueye|Decidueye, L50, M|100/100\n|switch|p2a: Incineroar|Incineroar, L50, F|100/100\n|switch|p2b: Aerodactyl|Aerodactyl, L50, M|100/100\n|-ability|p2b: Aerodactyl|Unnerve\n|-ability|p2a: Incineroar|Intimidate|boost\n|-unboost|p1a: Medicham|atk|1\n|-unboost|p1b: Decidueye|atk|1\n|turn|1\n|\n|t:|1776531530\n|detailschange|p1a: Medicham|Medicham-Mega, L50, M\n|-mega|p1a: Medicham|Medicham|Medichamite\n|move|p1a: Medicham|Fake Out|p2a: Incineroar\n|-damage|p2a: Incineroar|88/100\n|move|p2b: Aerodactyl|Dual Wingbeat|p1a: Medicham|[miss]\n|-miss|p2b: Aerodactyl|p1a: Medicham\n|move|p1b: Decidueye|Swords Dance|p1b: Decidueye\n|-boost|p1b: Decidueye|atk|2\n|cant|p2a: Incineroar|flinch\n|\n|upkeep\n|turn|2\n|\n|t:|1776531543\n|switch|p1a: Politoed|Politoed, L50, M|100/100\n|-weather|RainDance|[from] ability: Drizzle|[of] p1a: Politoed\n|move|p2b: Aerodactyl|Dual Wingbeat|p1a: Politoed\n|-damage|p1a: Politoed|81/100\n|-damage|p1a: Politoed|61/100\n|-hitcount|p1a: Politoed|2\n|move|p1b: Decidueye|Low Kick|p2a: Incineroar\n|-supereffective|p2a: Incineroar|1\n|-damage|p2a: Incineroar|33/100\n|-enditem|p2a: Incineroar|Sitrus Berry|[eat]\n|-heal|p2a: Incineroar|57/100|[from] item: Sitrus Berry\n|move|p2a: Incineroar|Flare Blitz|p1b: Decidueye\n|-supereffective|p1b: Decidueye|1\n|-damage|p1b: Decidueye|41/100\n|-damage|p2a: Incineroar|40/100|[from] Recoil\n|\n|-weather|RainDance|[upkeep]\n|-heal|p1a: Politoed|67/100|[from] item: Leftovers\n|upkeep\n|turn|3\n|\n|t:|1776531568\n|move|p1a: Politoed|Helping Hand|p1b: Decidueye\n|-singleturn|p1b: Decidueye|Helping Hand|[of] p1a: Politoed\n|move|p1b: Decidueye|Shadow Sneak|p2b: Aerodactyl\n|-damage|p2b: Aerodactyl|32/100\n|move|p2b: Aerodactyl|Dual Wingbeat|p1b: Decidueye\n|-supereffective|p1b: Decidueye|1\n|-damage|p1b: Decidueye|0 fnt\n|faint|p1b: Decidueye\n|-hitcount|p1: Decidueye|1\n|move|p2a: Incineroar|Parting Shot|p1a: Politoed\n|-unboost|p1a: Politoed|atk|1\n|-unboost|p1a: Politoed|spa|1\n|\n|t:|1776531580\n|switch|p2a: Rotom|Rotom-Wash, L50|100/100|[from] Parting Shot\n|\n|-weather|RainDance|[upkeep]\n|-heal|p1a: Politoed|73/100|[from] item: Leftovers\n|upkeep\n|\n|t:|1776531588\n|switch|p1b: Greninja|Greninja, L50, F|100/100\n|turn|4\n|\n|t:|1776531614\n|switch|p1a: Medicham|Medicham-Mega, L50, M|100/100\n|move|p2b: Aerodactyl|Protect|p2b: Aerodactyl\n|-singleturn|p2b: Aerodactyl|Protect\n|move|p1b: Greninja|Gunk Shot|p2a: Rotom\n|-start|p1b: Greninja|typechange|Poison|[from] ability: Protean\n|-damage|p2a: Rotom|59/100\n|move|p2a: Rotom|Electroweb|p1b: Greninja|[spread] p1a,p1b\n|-damage|p1a: Medicham|79/100\n|-damage|p1b: Greninja|76/100\n|-unboost|p1a: Medicham|spe|1\n|-unboost|p1b: Greninja|spe|1\n|\n|-weather|RainDance|[upkeep]\n|upkeep\n|turn|5\n|\n|t:|1776531639\n|move|p1a: Medicham|Fake Out|p2b: Aerodactyl\n|-resisted|p2b: Aerodactyl|1\n|-damage|p2b: Aerodactyl|10/100\n|move|p2a: Rotom|Electroweb|p1a: Medicham|[spread] p1a,p1b\n|-damage|p1a: Medicham|57/100\n|-damage|p1b: Greninja|52/100\n|-unboost|p1a: Medicham|spe|1\n|-unboost|p1b: Greninja|spe|1\n|cant|p2b: Aerodactyl|flinch\n|move|p1b: Greninja|Gunk Shot|p2b: Aerodactyl\n|-resisted|p2b: Aerodactyl|1\n|-damage|p2b: Aerodactyl|0 fnt\n|faint|p2b: Aerodactyl\n|\n|-weather|RainDance|[upkeep]\n|upkeep\n|\n|t:|1776531651\n|switch|p2b: Incineroar|Incineroar, L50, F|40/100\n|-ability|p2b: Incineroar|Intimidate|boost\n|-unboost|p1a: Medicham|atk|1\n|-unboost|p1b: Greninja|atk|1\n|turn|6\n|\n|t:|1776531665\n|switch|p2a: Floette|Floette-Eternal, L50, F|100/100\n|move|p2b: Incineroar|Fake Out|p1b: Greninja\n|-crit|p1b: Greninja\n|-damage|p1b: Greninja|26/100\n|cant|p1b: Greninja|flinch\n|move|p1a: Medicham|High Jump Kick|p2b: Incineroar\n|-supereffective|p2b: Incineroar|1\n|-damage|p2b: Incineroar|0 fnt\n|faint|p2b: Incineroar\n|\n|-weather|none\n|upkeep\n|\n|t:|1776531673\n|switch|p2b: Rotom|Rotom-Wash, L50|59/100\n|turn|7\n|\n|t:|1776531702\n|switch|p1b: Politoed|Politoed, L50, M|73/100\n|-weather|RainDance|[from] ability: Drizzle|[of] p1b: Politoed\n|detailschange|p2a: Floette|Floette-Mega, L50, F\n|-mega|p2a: Floette|Floette|Floettite\n|-ability|p2a: Floette|Fairy Aura\n|move|p2b: Rotom|Hydro Pump|p1b: Politoed\n|-resisted|p1b: Politoed|1\n|-damage|p1b: Politoed|42/100\n|move|p2a: Floette|Dazzling Gleam|p1a: Medicham|[spread] p1a,p1b\n|-supereffective|p1a: Medicham|1\n|-damage|p1a: Medicham|0 fnt\n|-damage|p1b: Politoed|0 fnt\n|faint|p1a: Medicham\n|faint|p1b: Politoed\n|\n|-weather|RainDance|[upkeep]\n|upkeep\n|\n|t:|1776531713\n|switch|p1b: Greninja|Greninja, L50, F|26/100\n|turn|8\n|\n|t:|1776531732\n|move|p1b: Greninja|Gunk Shot|p2b: Rotom\n|-start|p1b: Greninja|typechange|Poison|[from] ability: Protean\n|-damage|p2b: Rotom|24/100\n|move|p2b: Rotom|Hydro Pump|p1b: Greninja\n|-damage|p1b: Greninja|0 fnt\n|faint|p1b: Greninja\n|\n|win|themegaisiug\n|raw|Dewssss's rating: 1196 &rarr; <strong>1168</strong><br />(-28 for losing)\n|raw|themegaisiug's rating: 1160 &rarr; <strong>1188</strong><br />(+28 for winning)\n|l|\u2606themegaisiug\n|player|p2|\n|j|\u2606themegaisiug\n|player|p2|themegaisiug|boarder|\n|l|\u2606Dewssss\n|player|p1|\n",
  "uploadtime": 1776531743,
  "views": 14,
  "formatid": "gen9championsvgc2026regma",
  "rating": 1168,
  "private": 0,
  "password": null
}