{
  "id": "gen9championsvgc2026regma-2580697509",
  "format": "[Gen 9 Champions] VGC 2026 Reg M-A",
  "players": [
    "SpikeMike",
    "lolgz"
  ],
  "log": "|j|\u2606SpikeMike\n|j|\u2606lolgz\n|t:|1775925128\n|gametype|doubles\n|player|p1|SpikeMike|molayne|\n|player|p2|lolgz|265|\n|gen|9\n|tier|[Gen 9 Champions] VGC 2026 Reg M-A\n|rated|Tournament battle\n|rule|Species Clause: Limit one of each Pok\u00e9mon\n|rule|Item Clause: Limit 1 of each item\n|clearpoke\n|poke|p1|Lucario, L50, F|\n|poke|p1|Pelipper, L50, F|\n|poke|p1|Archaludon, L50, M|\n|poke|p1|Sinistcha-Masterpiece, L50|\n|poke|p1|Garchomp, L50, F|\n|poke|p1|Incineroar, L50, M|\n|poke|p2|Charizard, L50, F|\n|poke|p2|Whimsicott, L50, M|\n|poke|p2|Basculegion, L50, M|\n|poke|p2|Farigiraf, L50, F|\n|poke|p2|Sneasler, L50, M|\n|poke|p2|Floette-Eternal, L50, F|\n|teampreview|4\n|inactive|Battle timer is ON: inactive players will automatically lose when time's up. (requested by SpikeMike)\n|j| maxdeesevgc\n|c|\u2606SpikeMike|glhf!\n|j| Average_Dural29\n|c| Average_Dural29|Yooooo https://pokepast.es/de8111e2c0856db7\n|inactive|SpikeMike has 60 seconds left.\n|c|\u2606SpikeMike|you can click accept ots so you aren't giving me your team unless I accept\nSpikeMike has agreed to open team sheets.\n|c|\u2606SpikeMike|it's unfair to see your spreads\n|c| Average_Dural29|Wathc my channel fr fr Average_Mctzes\n|inactive|SpikeMike has 30 seconds left.\n|l| Average_Dural29\n|c|\u2606SpikeMike|oh wait I'm dumb\n|inactive|SpikeMike has 20 seconds left.\n|inactive|SpikeMike has 15 seconds left.\n|inactive|SpikeMike has 10 seconds left.\n|inactive|SpikeMike has 5 seconds left.\n|\n|t:|1775925216\n|teamsize|p1|4\n|teamsize|p2|4\n|start\n|switch|p1a: Invincible|Lucario, L50, F|100/100\n|switch|p1b: Maverick|Garchomp, L50, F|100/100\n|switch|p2a: Basculegion|Basculegion, L50, M|100/100\n|switch|p2b: Sneasler|Sneasler, L50, M|100/100\n|turn|1\n|j| ffttossenz\n|inactive|lolgz has 30 seconds left.\n|inactive|SpikeMike has 30 seconds left.\n|inactive|SpikeMike has 20 seconds left.\n|\n|t:|1775925257\n|switch|p1a: Paddington|Sinistcha-Masterpiece, L50|100/100\n|move|p2b: Sneasler|Fake Out|p1b: Maverick\n|-damage|p1b: Maverick|84/100\n|-damage|p2b: Sneasler|88/100|[from] ability: Rough Skin|[of] p1b: Maverick\n|move|p2a: Basculegion|Wave Crash|p1b: Maverick\n|-damage|p1b: Maverick|17/100\n|-damage|p2a: Basculegion|88/100|[from] ability: Rough Skin|[of] p1b: Maverick\n|-damage|p2a: Basculegion|67/100|[from] Recoil\n|cant|p1b: Maverick|flinch\n|\n|upkeep\n|turn|2\n|\n|t:|1775925273\n|switch|p2a: Whimsicott|Whimsicott, L50, M|100/100\n|move|p1a: Paddington|Rage Powder|p1a: Paddington\n|-singleturn|p1a: Paddington|move: Rage Powder\n|move|p2b: Sneasler|Throat Chop|p1a: Paddington\n|-supereffective|p1a: Paddington|1\n|-damage|p1a: Paddington|40/100\n|-start|p1a: Paddington|Throat Chop|[silent]\n|-enditem|p1a: Paddington|Sitrus Berry|[eat]\n|-heal|p1a: Paddington|65/100|[from] item: Sitrus Berry\n|move|p1b: Maverick|Earthquake|p2a: Whimsicott|[spread] p1a,p2a,p2b\n|-resisted|p1a: Paddington|1\n|-resisted|p2a: Whimsicott|1\n|-supereffective|p2b: Sneasler|1\n|-damage|p1a: Paddington|48/100\n|-damage|p2a: Whimsicott|68/100\n|-damage|p2b: Sneasler|0 fnt\n|faint|p2b: Sneasler\n|\n|upkeep\n|l| ffttossenz\n|\n|t:|1775925283\n|switch|p2b: Floette|Floette-Eternal, L50, F|100/100\n|turn|3\n|\n|t:|1775925301\n|switch|p1b: Invincible|Lucario, L50, F|100/100\n|detailschange|p2b: Floette|Floette-Mega, L50, F\n|-mega|p2b: Floette|Floette|Floettite\n|-ability|p2b: Floette|Fairy Aura\n|move|p2a: Whimsicott|Tailwind|p2a: Whimsicott\n|-sidestart|p2: lolgz|move: Tailwind\n|move|p2b: Floette|Dazzling Gleam|p1a: Paddington|[spread] p1a,p1b\n|-damage|p1a: Paddington|0 fnt\n|-damage|p1b: Invincible|18/100\n|faint|p1a: Paddington\n|\n|upkeep\n|\n|t:|1775925314\n|switch|p1a: Storm|Pelipper, L50, F|100/100\n|-weather|RainDance|[from] ability: Drizzle|[of] p1a: Storm\n|turn|4\n|\n|t:|1775925327\n|detailschange|p1b: Invincible|Lucario-Mega, L50, F\n|-mega|p1b: Invincible|Lucario|Lucarionite\n|move|p2b: Floette|Protect|p2b: Floette\n|-singleturn|p2b: Floette|Protect\n|move|p1a: Storm|Wide Guard|p1a: Storm\n|-singleturn|p1a: Storm|Wide Guard\n|move|p2a: Whimsicott|Moonblast|p1b: Invincible\n|-damage|p1b: Invincible|0 fnt\n|faint|p1b: Invincible\n|\n|-weather|RainDance|[upkeep]\n|upkeep\n|\n|t:|1775925332\n|switch|p1b: Maverick|Garchomp, L50, F|17/100\n|turn|5\n|j| ido1234567890\n|\n|t:|1775925350\n|move|p1b: Maverick|Protect|p1b: Maverick\n|-singleturn|p1b: Maverick|Protect\n|move|p2a: Whimsicott|Sunny Day|p2a: Whimsicott\n|-weather|SunnyDay\n|move|p2b: Floette|Moonblast|p1b: Maverick\n|-activate|p1b: Maverick|move: Protect\n|move|p1a: Storm|Hurricane|p2a: Whimsicott\n|-supereffective|p2a: Whimsicott|1\n|-damage|p2a: Whimsicott|0 fnt\n|faint|p2a: Whimsicott\n|\n|-weather|SunnyDay|[upkeep]\n|upkeep\n|\n|t:|1775925359\n|switch|p2a: Basculegion|Basculegion, L50, M|67/100\n|turn|6\n|\n|t:|1775925372\n|move|p1b: Maverick|Protect||[still]\n|-fail|p1b: Maverick\n|move|p2a: Basculegion|Last Respects|p1b: Maverick\n|-damage|p1b: Maverick|0 fnt\n|faint|p1b: Maverick\n|move|p2b: Floette|Moonblast|p1a: Storm\n|-enditem|p1a: Storm|Focus Sash\n|-damage|p1a: Storm|1/100\n|move|p1a: Storm|Hurricane|p2b: Floette\n|-damage|p2b: Floette|58/100\n|\n|-weather|SunnyDay|[upkeep]\n|-sideend|p2: lolgz|move: Tailwind\n|upkeep\n|turn|7\n|\n|t:|1775925382\n|move|p2a: Basculegion|Last Respects|p1a: Storm\n|-damage|p1a: Storm|0 fnt\n|faint|p1a: Storm\n|\n|win|lolgz\n|n|\u2606SpikeMike|spikemike\n|n|\u2606lolgz|lolgz\n|n| maxdeesevgc|maxdeesevgc\n|n| ido1234567890|ido1234567890\n",
  "uploadtime": 1775925382,
  "views": 13,
  "formatid": "gen9championsvgc2026regma",
  "rating": null,
  "private": 0,
  "password": null
}