{
  "id": "gen9championsvgc2026regma-2580980335",
  "format": "[Gen 9 Champions] VGC 2026 Reg M-A",
  "players": [
    "NoxxinVGC",
    "Ieatverytinyrocks"
  ],
  "log": "|j|\u2606NoxxinVGC\n|j|\u2606Ieatverytinyrocks\n|t:|1775948665\n|gametype|doubles\n|player|p1|NoxxinVGC|giovanni|1078\n|player|p2|Ieatverytinyrocks|266|1083\n|gen|9\n|tier|[Gen 9 Champions] VGC 2026 Reg M-A\n|rated|\n|rule|Species Clause: Limit one of each Pok\u00e9mon\n|rule|Item Clause: Limit 1 of each item\n|clearpoke\n|poke|p1|Delphox, L50, M|\n|poke|p1|Basculegion, L50, M|\n|poke|p1|Clefable, L50, F|\n|poke|p1|Kingambit, L50, M|\n|poke|p1|Dragonite, L50, M|\n|poke|p1|Sneasler, L50, F|\n|poke|p2|Floette-Eternal, L50, F|\n|poke|p2|Primarina, L50, F|\n|poke|p2|Corviknight, L50, M|\n|poke|p2|Rotom-Heat, L50|\n|poke|p2|Garchomp, L50, F|\n|poke|p2|Incineroar, L50, M|\n|teampreview|4\n|inactive|Battle timer is ON: inactive players will automatically lose when time's up. (requested by NoxxinVGC)\n|inactive|NoxxinVGC has 60 seconds left.\n|\n|t:|1775948698\n|teamsize|p1|4\n|teamsize|p2|4\n|start\n|switch|p1a: Delphox|Delphox, L50, M|100/100\n|switch|p1b: Basculegion|Basculegion, L50, M|100/100\n|switch|p2a: Primarina|Primarina, L50, F, shiny|100/100\n|switch|p2b: Incineroar|Incineroar, L50, M|100/100\n|turn|1\n|inactive|NoxxinVGC has 30 seconds left.\n|inactive|NoxxinVGC has 20 seconds left.\n|\n|t:|1775948738\n|move|p1a: Delphox|Protect|p1a: Delphox\n|-singleturn|p1a: Delphox|Protect\n|move|p2b: Incineroar|Fake Out|p1a: Delphox\n|-activate|p1a: Delphox|move: Protect\n|move|p1b: Basculegion|Flip Turn|p2b: Incineroar\n|-supereffective|p2b: Incineroar|1\n|-damage|p2b: Incineroar|19/100\n|\n|t:|1775948746\n|switch|p1b: Sneasler|Sneasler, L50, F|100/100|[from] Flip Turn\n|move|p2a: Primarina|Hyper Voice|p1b: Sneasler|[spread] p1b\n|-activate|p1a: Delphox|move: Protect\n|-damage|p1b: Sneasler|53/100\n|\n|upkeep\n|turn|2\n|\n|t:|1775948762\n|detailschange|p1a: Delphox|Delphox-Mega, L50, M\n|-mega|p1a: Delphox|Delphox|Delphoxite\n|move|p1a: Delphox|Heat Wave|p2a: Primarina|[spread] p2a\n|-miss|p1a: Delphox|p2b: Incineroar\n|-resisted|p2a: Primarina|1\n|-damage|p2a: Primarina|79/100\n|move|p1b: Sneasler|Dire Claw|p2a: Primarina\n|-supereffective|p2a: Primarina|1\n|-damage|p2a: Primarina|0 fnt\n|faint|p2a: Primarina\n|move|p2b: Incineroar|Parting Shot|p1b: Sneasler\n|-unboost|p1b: Sneasler|atk|1\n|-unboost|p1b: Sneasler|spa|1\n|\n|t:|1775948777\n|switch|p2b: Rotom|Rotom-Heat, L50|100/100|[from] Parting Shot\n|\n|upkeep\n|\n|t:|1775948780\n|switch|p2a: Floette|Floette-Eternal, L50, F|100/100\n|turn|3\n|\n|t:|1775948797\n|detailschange|p2a: Floette|Floette-Mega, L50, F\n|-mega|p2a: Floette|Floette|Floettite\n|-ability|p2a: Floette|Fairy Aura\n|move|p1a: Delphox|Psychic|p2b: Rotom\n|-damage|p2b: Rotom|32/100\n|move|p1b: Sneasler|Dire Claw|p2a: Floette\n|-supereffective|p2a: Floette|1\n|-damage|p2a: Floette|32/100\n|move|p2a: Floette|Calm Mind|p2a: Floette\n|-boost|p2a: Floette|spa|1\n|-boost|p2a: Floette|spd|1\n|move|p2b: Rotom|Thunderbolt|p1b: Sneasler\n|-crit|p1b: Sneasler\n|-damage|p1b: Sneasler|0 fnt\n|faint|p1b: Sneasler\n|\n|upkeep\n|inactive|NoxxinVGC has 30 seconds left.\n|\n|t:|1775948822\n|switch|p1b: Basculegion|Basculegion, L50, M|100/100\n|turn|4\n|\n|t:|1775948832\n|move|p2a: Floette|Protect|p2a: Floette\n|-singleturn|p2a: Floette|Protect\n|move|p1b: Basculegion|Aqua Jet|p2a: Floette\n|-activate|p2a: Floette|move: Protect\n|move|p1a: Delphox|Heat Wave|p2a: Floette|[spread] p2b\n|-activate|p2a: Floette|move: Protect\n|-resisted|p2b: Rotom|1\n|-damage|p2b: Rotom|6/100\n|move|p2b: Rotom|Thunderbolt|p1b: Basculegion\n|-supereffective|p1b: Basculegion|1\n|-damage|p1b: Basculegion|0 fnt\n|faint|p1b: Basculegion\n|\n|upkeep\n|\n|t:|1775948843\n|switch|p1b: Dragonite|Dragonite, L50, M, shiny|100/100\n|turn|5\n|\n|t:|1775948851\n|switch|p2b: Incineroar|Incineroar, L50, M|19/100\n|move|p1b: Dragonite|Extreme Speed|p2a: Floette\n|-damage|p2a: Floette|0 fnt\n|faint|p2a: Floette\n|move|p1a: Delphox|Heat Wave|p2b: Incineroar\n|-resisted|p2b: Incineroar|1\n|-damage|p2b: Incineroar|0 fnt\n|faint|p2b: Incineroar\n|\n|upkeep\n|\n|t:|1775948858\n|switch|p2b: Rotom|Rotom-Heat, L50|6/100\n|turn|6\n|\n|t:|1775948863\n|move|p1b: Dragonite|Extreme Speed|p2b: Rotom\n|-crit|p2b: Rotom\n|-damage|p2b: Rotom|0 fnt\n|faint|p2b: Rotom\n|\n|win|NoxxinVGC\n|raw|NoxxinVGC's rating: 1078 &rarr; <strong>1107</strong><br />(+29 for winning)\n|raw|Ieatverytinyrocks's rating: 1083 &rarr; <strong>1060</strong><br />(-23 for losing)\n",
  "uploadtime": 1775948864,
  "views": 12,
  "formatid": "gen9championsvgc2026regma",
  "rating": 1060,
  "private": 0,
  "password": null
}