{
  "id": "gen9championsvgc2026regma-2581148095",
  "format": "[Gen 9 Champions] VGC 2026 Reg M-A",
  "players": [
    "TTT x",
    "21Kieran"
  ],
  "log": "|j|\u2606TTT x\n|j|\u260621Kieran\n|t:|1775964515\n|gametype|doubles\n|player|p1|TTT x|#smogonxnpa2025draftee|\n|player|p2|21Kieran|taunie|\n|gen|9\n|tier|[Gen 9 Champions] VGC 2026 Reg M-A\n|rated|Tournament battle\n|rule|Species Clause: Limit one of each Pok\u00e9mon\n|rule|Item Clause: Limit 1 of each item\n|clearpoke\n|poke|p1|Manectric, L50, F|\n|poke|p1|Archaludon, L50, F|\n|poke|p1|Basculegion, L50, M|\n|poke|p1|Sinistcha, L50|\n|poke|p1|Politoed, L50, M|\n|poke|p1|Incineroar, L50, M|\n|poke|p2|Incineroar, L50, F|\n|poke|p2|Gengar, L50, F|\n|poke|p2|Sinistcha, L50|\n|poke|p2|Kingambit, L50, M|\n|poke|p2|Tyranitar, L50, M|\n|poke|p2|Kommo-o, L50, M|\n|teampreview|4\n|inactive|Battle timer is ON: inactive players will automatically lose when time's up. (requested by 21Kieran)\n21Kieran has agreed to open team sheets.\n|\n|t:|1775964542\n|teamsize|p1|4\n|teamsize|p2|4\n|start\n|switch|p1a: Archaludon|Archaludon, L50, F|100/100\n|switch|p1b: Manectric|Manectric, L50, F|100/100\n|switch|p2a: Kommo-o|Kommo-o, L50, M|100/100\n|switch|p2b: Tyranitar|Tyranitar, L50, M|100/100\n|-weather|Sandstorm|[from] ability: Sand Stream|[of] p2b: Tyranitar\n|turn|1\n|j| seyper720\n|\n|t:|1775964558\n|detailschange|p1b: Manectric|Manectric-Mega, L50, F\n|-mega|p1b: Manectric|Manectric|Manectite\n|-ability|p1b: Manectric|Intimidate|boost\n|-unboost|p2a: Kommo-o|atk|1\n|-unboost|p2b: Tyranitar|atk|1\n|move|p1b: Manectric|Volt Switch|p2a: Kommo-o\n|-resisted|p2a: Kommo-o|1\n|-damage|p2a: Kommo-o|84/100\n|\n|t:|1775964567\n|switch|p1b: Basculegion|Basculegion, L50, M|100/100|[from] Volt Switch\n|move|p2b: Tyranitar|Stone Edge|p1b: Basculegion|[miss]\n|-miss|p2b: Tyranitar|p1b: Basculegion\n|move|p2a: Kommo-o|Clangorous Soul|p2a: Kommo-o\n|-boost|p2a: Kommo-o|atk|1\n|-boost|p2a: Kommo-o|def|1\n|-boost|p2a: Kommo-o|spa|1\n|-boost|p2a: Kommo-o|spd|1\n|-boost|p2a: Kommo-o|spe|1\n|-damage|p2a: Kommo-o|51/100\n|move|p1a: Archaludon|Dragon Pulse|p2a: Kommo-o\n|-supereffective|p2a: Kommo-o|1\n|-damage|p2a: Kommo-o|0 fnt\n|faint|p2a: Kommo-o\n|\n|-weather|Sandstorm|[upkeep]\n|-damage|p1b: Basculegion|94/100|[from] Sandstorm\n|upkeep\n|j| DeltaCX\n|\n|t:|1775964591\n|switch|p2a: Gengar|Gengar, L50, F|100/100\n|turn|2\n|\n|t:|1775964596\n|switch|p2b: Sinistcha|Sinistcha, L50|100/100\n|detailschange|p2a: Gengar|Gengar-Mega, L50, F\n|-mega|p2a: Gengar|Gengar|Gengarite\n|move|p2a: Gengar|Protect|p2a: Gengar\n|-singleturn|p2a: Gengar|Protect\n|move|p1b: Basculegion|Flip Turn|p1a: Archaludon\n|-resisted|p1a: Archaludon|1\n|-damage|p1a: Archaludon|86/100\n|-ability|p1a: Archaludon|Stamina|boost\n|-boost|p1a: Archaludon|def|1\n|l| DeltaCX\n|\n|t:|1775964602\n|switch|p1b: Politoed|Politoed, L50, M|100/100|[from] Flip Turn\n|-weather|RainDance|[from] ability: Drizzle|[of] p1b: Politoed\n|move|p1a: Archaludon|Electro Shot||[still]\n|-prepare|p1a: Archaludon|Electro Shot\n|-boost|p1a: Archaludon|spa|1\n|-anim|p1a: Archaludon|Electro Shot|p2a: Gengar\n|-activate|p2a: Gengar|move: Protect\n|\n|-weather|RainDance|[upkeep]\n|-heal|p1a: Archaludon|93/100|[from] item: Leftovers\n|upkeep\n|turn|3\n|\n|t:|1775964619\n|switch|p2b: Tyranitar|Tyranitar, L50, M|100/100\n|-weather|Sandstorm|[from] ability: Sand Stream|[of] p2b: Tyranitar\n|move|p2a: Gengar|Perish Song|p2a: Gengar\n|-start|p1a: Archaludon|perish3|[silent]\n|-start|p1b: Politoed|perish3|[silent]\n|-start|p2a: Gengar|perish3|[silent]\n|-start|p2b: Tyranitar|perish3|[silent]\n|-fieldactivate|move: Perish Song\n|move|p1a: Archaludon|Flash Cannon|p2a: Gengar\n|-crit|p2a: Gengar\n|-damage|p2a: Gengar|18/100\n|move|p1b: Politoed|Encore|p2a: Gengar\n|-start|p2a: Gengar|Encore\n|\n|-weather|Sandstorm|[upkeep]\n|-damage|p2a: Gengar|12/100|[from] Sandstorm\n|-damage|p1b: Politoed|94/100|[from] Sandstorm\n|-heal|p1a: Archaludon|99/100|[from] item: Leftovers\n|-start|p2a: Gengar|perish3\n|-start|p2b: Tyranitar|perish3\n|-start|p1a: Archaludon|perish3\n|-start|p1b: Politoed|perish3\n|upkeep\n|turn|4\n|\n|t:|1775964638\n|switch|p2a: Sinistcha|Sinistcha, L50|100/100\n|move|p2b: Tyranitar|Stone Edge|p1b: Politoed\n|-damage|p1b: Politoed|49/100\n|-enditem|p1b: Politoed|Sitrus Berry|[eat]\n|-heal|p1b: Politoed|74/100|[from] item: Sitrus Berry\n|move|p1a: Archaludon|Flash Cannon|p2a: Sinistcha\n|-damage|p2a: Sinistcha|55/100\n|-unboost|p2a: Sinistcha|spd|1\n|move|p1b: Politoed|Ice Beam|p2a: Sinistcha\n|-supereffective|p2a: Sinistcha|1\n|-damage|p2a: Sinistcha|7/100\n|-status|p2a: Sinistcha|frz\n|-enditem|p2a: Sinistcha|Sitrus Berry|[eat]\n|-heal|p2a: Sinistcha|32/100 frz|[from] item: Sitrus Berry\n|\n|-weather|Sandstorm|[upkeep]\n|-damage|p1b: Politoed|68/100|[from] Sandstorm\n|-damage|p2a: Sinistcha|26/100 frz|[from] Sandstorm\n|-heal|p1a: Archaludon|100/100|[from] item: Leftovers\n|-start|p2b: Tyranitar|perish2\n|-start|p1a: Archaludon|perish2\n|-start|p1b: Politoed|perish2\n|upkeep\n|turn|5\n|inactive|21Kieran has 30 seconds left.\n|j| blobbymcgee\n|inactive|21Kieran has 20 seconds left.\n|\n|t:|1775964675\n|switch|p2b: Gengar|Gengar-Mega, L50, F|12/100\n|switch|p1a: Manectric|Manectric-Mega, L50, F|100/100\n|-ability|p1a: Manectric|Intimidate|boost\n|-unboost|p2a: Sinistcha|atk|1\n|-unboost|p2b: Gengar|atk|1\n|cant|p2a: Sinistcha|frz\n|move|p1b: Politoed|Ice Beam|p2a: Sinistcha\n|-supereffective|p2a: Sinistcha|1\n|-damage|p2a: Sinistcha|0 fnt\n|faint|p2a: Sinistcha\n|\n|-weather|Sandstorm|[upkeep]\n|-damage|p1a: Manectric|94/100|[from] Sandstorm\n|-damage|p2b: Gengar|6/100|[from] Sandstorm\n|-damage|p1b: Politoed|61/100|[from] Sandstorm\n|-start|p1b: Politoed|perish1\n|upkeep\n|\n|t:|1775964685\n|switch|p2a: Tyranitar|Tyranitar, L50, M|100/100\n|turn|6\n|\n|t:|1775964695\n|move|p2b: Gengar|Protect|p2b: Gengar\n|-singleturn|p2b: Gengar|Protect\n|move|p1a: Manectric|Volt Switch|p2b: Gengar\n|-activate|p2b: Gengar|move: Protect\n|move|p2a: Tyranitar|Rock Slide|p1a: Manectric|[spread] p1a,p1b\n|-damage|p1a: Manectric|55/100\n|-damage|p1b: Politoed|33/100\n|cant|p1b: Politoed|flinch\n|\n|-weather|Sandstorm|[upkeep]\n|-damage|p1a: Manectric|49/100|[from] Sandstorm\n|-damage|p2b: Gengar|0 fnt|[from] Sandstorm\n|-damage|p1b: Politoed|27/100|[from] Sandstorm\n|faint|p2b: Gengar\n|-start|p1b: Politoed|perish0\n|upkeep\n|faint|p1b: Politoed\n|\n|t:|1775964698\n|switch|p1b: Basculegion|Basculegion, L50, M|94/100\n|turn|7\n|\n|t:|1775964707\n|move|p1b: Basculegion|Wave Crash|p2a: Tyranitar\n|-supereffective|p2a: Tyranitar|1\n|-damage|p2a: Tyranitar|0 fnt\n|faint|p2a: Tyranitar\n|-damage|p1b: Basculegion|65/100|[from] Recoil\n|\n|win|TTT x\n|n|\u2606TTT x|tttx\n|n|\u260621Kieran|21kieran\n|n| seyper720|seyper720\n|n| blobbymcgee|blobbymcgee\n",
  "uploadtime": 1775964708,
  "views": 54,
  "formatid": "gen9championsvgc2026regma",
  "rating": null,
  "private": 0,
  "password": null
}