{
  "id": "gen9championsvgc2026regma-2583088671",
  "format": "[Gen 9 Champions] VGC 2026 Reg M-A",
  "players": [
    "cj_vosters",
    "LaserDedenee"
  ],
  "log": "|j|\u2606cj_vosters\n|j|\u2606LaserDedenee\n|t:|1776140670\n|gametype|doubles\n|player|p1|cj_vosters|striker|1117\n|player|p2|LaserDedenee|2|1199\n|gen|9\n|tier|[Gen 9 Champions] VGC 2026 Reg M-A\n|rated|\n|rule|Species Clause: Limit one of each Pok\u00e9mon\n|rule|Item Clause: Limit 1 of each item\n|clearpoke\n|poke|p1|Aegislash, L50, F|\n|poke|p1|Garchomp, L50, F|\n|poke|p1|Delphox, L50, F|\n|poke|p1|Clefable, L50, M|\n|poke|p1|Gyarados, L50, F|\n|poke|p1|Whimsicott, L50, F|\n|poke|p2|Incineroar, L50, M|\n|poke|p2|Torkoal, L50, F|\n|poke|p2|Crabominable, L50, F|\n|poke|p2|Sinistcha, L50|\n|poke|p2|Farigiraf, L50, M|\n|poke|p2|Ampharos, L50, M|\n|teampreview|4\n|inactive|Battle timer is ON: inactive players will automatically lose when time's up. (requested by cj_vosters)\n|\n|t:|1776140712\n|teamsize|p1|4\n|teamsize|p2|4\n|start\n|switch|p1a: Delphox|Delphox, L50, F|100/100\n|switch|p1b: Garchomp|Garchomp, L50, F|100/100\n|switch|p2a: Incineroar|Incineroar, L50, M|100/100\n|switch|p2b: Farigiraf|Farigiraf, L50, M|100/100\n|-ability|p2a: Incineroar|Intimidate|boost\n|-unboost|p1a: Delphox|atk|1\n|-unboost|p1b: Garchomp|atk|1\n|turn|1\n|inactive|cj_vosters has 30 seconds left.\n|\n|t:|1776140744\n|detailschange|p1a: Delphox|Delphox-Mega, L50, F\n|-mega|p1a: Delphox|Delphox|Delphoxite\n|move|p2a: Incineroar|Fake Out|p1b: Garchomp\n|-damage|p1b: Garchomp|87/100\n|-damage|p2a: Incineroar|88/100|[from] ability: Rough Skin|[of] p1b: Garchomp\n|move|p1a: Delphox|Heat Wave|p2b: Farigiraf|[spread] p2a,p2b\n|-resisted|p2a: Incineroar|1\n|-damage|p2a: Incineroar|68/100\n|-damage|p2b: Farigiraf|64/100\n|cant|p1b: Garchomp|flinch\n|move|p2b: Farigiraf|Trick Room|p2b: Farigiraf\n|-fieldstart|move: Trick Room|[of] p2b: Farigiraf\n|\n|upkeep\n|turn|2\n|\n|t:|1776140764\n|switch|p1a: Gyarados|Gyarados, L50, F, shiny|100/100\n|-ability|p1a: Gyarados|Intimidate|boost\n|-unboost|p2a: Incineroar|atk|1\n|-unboost|p2b: Farigiraf|atk|1\n|-enditem|p2a: Incineroar|White Herb\n|-clearnegativeboost|p2a: Incineroar|[silent]\n|move|p2b: Farigiraf|Hyper Voice|p1b: Garchomp|[spread] p1a,p1b\n|-damage|p1a: Gyarados|75/100\n|-damage|p1b: Garchomp|50/100\n|move|p2a: Incineroar|Darkest Lariat|p1a: Gyarados\n|-damage|p1a: Gyarados|29/100\n|move|p1b: Garchomp|Earthquake|p2a: Incineroar|[spread] p2a,p2b\n|-immune|p1a: Gyarados\n|-supereffective|p2a: Incineroar|1\n|-crit|p2a: Incineroar\n|-damage|p2a: Incineroar|0 fnt\n|-damage|p2b: Farigiraf|25/100\n|faint|p2a: Incineroar\n|\n|upkeep\n|\n|t:|1776140785\n|switch|p2a: Ampharos|Ampharos, L50, M|100/100\n|turn|3\n|\n|t:|1776140814\n|detailschange|p2a: Ampharos|Ampharos-Mega, L50, M\n|-mega|p2a: Ampharos|Ampharos|Ampharosite\n|-ability|p2a: Ampharos|Mold Breaker\n|move|p2a: Ampharos|Dragon Pulse|p1b: Garchomp\n|-supereffective|p1b: Garchomp|1\n|-damage|p1b: Garchomp|0 fnt\n|faint|p1b: Garchomp\n|move|p2b: Farigiraf|Psychic|p1a: Gyarados\n|-damage|p1a: Gyarados|0 fnt\n|faint|p1a: Gyarados\n|\n|upkeep\n|\n|t:|1776140823\n|switch|p1a: Delphox|Delphox-Mega, L50, F|100/100\n|switch|p1b: Clefable|Clefable, L50, M|100/100\n|turn|4\n|\n|t:|1776140834\n|move|p1b: Clefable|Follow Me|p1b: Clefable\n|-singleturn|p1b: Clefable|move: Follow Me\n|move|p2a: Ampharos|Thunderbolt|p1b: Clefable\n|-damage|p1b: Clefable|47/100\n|-enditem|p1b: Clefable|Sitrus Berry|[eat]\n|-heal|p1b: Clefable|71/100|[from] item: Sitrus Berry\n|move|p2b: Farigiraf|Hyper Voice|p1a: Delphox|[spread] p1a,p1b\n|-damage|p1a: Delphox|71/100\n|-damage|p1b: Clefable|46/100\n|move|p1a: Delphox|Nasty Plot|p1a: Delphox\n|-boost|p1a: Delphox|spa|2\n|\n|upkeep\n|turn|5\n|inactive|LaserDedenee has 30 seconds left.\n|inactive|LaserDedenee has 20 seconds left.\n|inactive|LaserDedenee has 15 seconds left.\n|inactive|LaserDedenee has 10 seconds left.\n|\n|t:|1776140882\n|move|p1a: Delphox|Protect|p1a: Delphox\n|-singleturn|p1a: Delphox|Protect\n|move|p2a: Ampharos|Substitute|p2a: Ampharos\n|-start|p2a: Ampharos|Substitute\n|-damage|p2a: Ampharos|76/100\n|move|p2b: Farigiraf|Hyper Voice|p1b: Clefable|[spread] p1b\n|-activate|p1a: Delphox|move: Protect\n|-damage|p1b: Clefable|22/100\n|move|p1b: Clefable|Moonblast|p2a: Ampharos\n|-supereffective|p2a: Ampharos|1\n|-end|p2a: Ampharos|Substitute\n|\n|-fieldend|move: Trick Room\n|upkeep\n|turn|6\n|inactive|LaserDedenee has 30 seconds left.\n|inactive|LaserDedenee has 20 seconds left.\n|inactive|LaserDedenee has 15 seconds left.\n|inactive|LaserDedenee has 10 seconds left.\n|\n|t:|1776140931\n|move|p2a: Ampharos|Protect|p2a: Ampharos\n|-singleturn|p2a: Ampharos|Protect\n|move|p1b: Clefable|Follow Me|p1b: Clefable\n|-singleturn|p1b: Clefable|move: Follow Me\n|move|p1a: Delphox|Heat Wave|p2b: Farigiraf|[spread] p2b\n|-activate|p2a: Ampharos|move: Protect\n|-damage|p2b: Farigiraf|0 fnt\n|faint|p2b: Farigiraf\n|\n|upkeep\n|\n|t:|1776140940\n|switch|p2b: Sinistcha|Sinistcha, L50|100/100\n|-heal|p2a: Ampharos|100/100|[from] ability: Hospitality|[of] p2b: Sinistcha\n|turn|7\n|\n|t:|1776140959\n|move|p1b: Clefable|Follow Me|p1b: Clefable\n|-singleturn|p1b: Clefable|move: Follow Me\n|move|p1a: Delphox|Heat Wave|p2a: Ampharos|[spread] p2a,p2b\n|-resisted|p2a: Ampharos|1\n|-supereffective|p2b: Sinistcha|1\n|-damage|p2a: Ampharos|65/100\n|-damage|p2b: Sinistcha|0 fnt\n|faint|p2b: Sinistcha\n|move|p2a: Ampharos|Thunderbolt|p1b: Clefable\n|-damage|p1b: Clefable|0 fnt\n|faint|p1b: Clefable\n|\n|upkeep\n|turn|8\n|\n|t:|1776140970\n|move|p1a: Delphox|Psychic|p2a: Ampharos\n|-damage|p2a: Ampharos|0 fnt\n|faint|p2a: Ampharos\n|\n|win|cj_vosters\n|raw|cj_vosters's rating: 1117 &rarr; <strong>1148</strong><br />(+31 for winning)\n|raw|LaserDedenee's rating: 1199 &rarr; <strong>1168</strong><br />(-31 for losing)\n",
  "uploadtime": 1776140974,
  "views": 20,
  "formatid": "gen9championsvgc2026regma",
  "rating": 1148,
  "private": 0,
  "password": null
}