{
  "id": "gen9championsvgc2026regma-2586145526",
  "format": "[Gen 9 Champions] VGC 2026 Reg M-A",
  "players": [
    "siang",
    "chiraquanid"
  ],
  "log": "|j|\u2606siang\n|j|\u2606chiraquanid\n|t:|1776404729\n|gametype|doubles\n|player|p1|siang|bugcatcher-gen4dp|1338\n|player|p2|chiraquanid|170|1313\n|gen|9\n|tier|[Gen 9 Champions] VGC 2026 Reg M-A\n|rated|\n|rule|Species Clause: Limit one of each Pok\u00e9mon\n|rule|Item Clause: Limit 1 of each item\n|clearpoke\n|poke|p1|Meganium, L50, F|\n|poke|p1|Tyranitar, L50, M|\n|poke|p1|Aerodactyl, L50, M|\n|poke|p1|Basculegion, L50, M|\n|poke|p1|Garchomp, L50, F|\n|poke|p1|Sneasler, L50, F|\n|poke|p2|Meowstic-F, L50, F|\n|poke|p2|Araquanid, L50, F|\n|poke|p2|Wyrdeer, L50, F|\n|poke|p2|Scovillain, L50, F|\n|poke|p2|Kommo-o, L50, M|\n|poke|p2|Aegislash, L50, M|\n|teampreview|4\n|c|\u2606siang|please dont clipfarm me\n|c|\u2606chiraquanid|there is no clipfarm\n|c|\u2606chiraquanid|team is generally good\n|c|\u2606siang|i have seen 2 of these mons in the last maybe 10 matches\n|inactive|Battle timer is ON: inactive players will automatically lose when time's up. (requested by chiraquanid)\n|c|\u2606chiraquanid|so what\n|\n|t:|1776404834\n|teamsize|p1|4\n|teamsize|p2|4\n|start\n|switch|p1a: Aerodactyl|Aerodactyl, L50, M|100/100\n|switch|p1b: Garchomp|Garchomp, L50, F|100/100\n|switch|p2a: Scovillain|Scovillain, L50, F|100/100\n|switch|p2b: Wyrdeer|Wyrdeer, L50, F|100/100\n|-ability|p1a: Aerodactyl|Unnerve\n|-ability|p2b: Wyrdeer|Intimidate|boost\n|-unboost|p1a: Aerodactyl|atk|1\n|-unboost|p1b: Garchomp|atk|1\n|turn|1\n|inactive|siang has 30 seconds left.\n|c|\u2606siang|i dont know what this team can or usually does\n|inactive|siang has 20 seconds left.\n|c|\u2606chiraquanid|me neither\n|\n|t:|1776404872\n|move|p2a: Scovillain|Protect|p2a: Scovillain\n|-singleturn|p2a: Scovillain|Protect\n|move|p1a: Aerodactyl|Rock Slide|p2b: Wyrdeer|[spread] p2b\n|-activate|p2a: Scovillain|move: Protect\n|-damage|p2b: Wyrdeer|81/100\n|move|p1b: Garchomp|Earthquake|p2a: Scovillain|[spread] p2b\n|-activate|p2a: Scovillain|move: Protect\n|-immune|p1a: Aerodactyl\n|-damage|p2b: Wyrdeer|39/100\n|move|p2b: Wyrdeer|Trick Room|p2b: Wyrdeer\n|-fieldstart|move: Trick Room|[of] p2b: Wyrdeer\n|\n|-ability|p2a: Scovillain|Moody|boost\n|-boost|p2a: Scovillain|atk|2\n|-unboost|p2a: Scovillain|def|1\n|upkeep\n|turn|2\n|j| illusionMaster40\n|c|\u2606chiraquanid|just made it\n|l| illusionMaster40\n|inactive|siang has 30 seconds left.\n|\n|t:|1776404903\n|detailschange|p2a: Scovillain|Scovillain-Mega, L50, F\n|-mega|p2a: Scovillain|Scovillain|Scovillainite\n|move|p1a: Aerodactyl|Protect|p1a: Aerodactyl\n|-singleturn|p1a: Aerodactyl|Protect\n|move|p2a: Scovillain|Flare Blitz|p1b: Garchomp\n|-resisted|p1b: Garchomp|1\n|-damage|p1b: Garchomp|48/100\n|-damage|p2a: Scovillain|88/100|[from] ability: Rough Skin|[of] p1b: Garchomp\n|-damage|p2a: Scovillain|70/100|[from] Recoil\n|move|p2b: Wyrdeer|Psychic|p1b: Garchomp\n|-damage|p1b: Garchomp|3/100\n|move|p1b: Garchomp|Earthquake|p2a: Scovillain|[spread] p2a,p2b\n|-activate|p1a: Aerodactyl|move: Protect\n|-damage|p2a: Scovillain|17/100\n|-damage|p2b: Wyrdeer|0 fnt\n|-status|p1b: Garchomp|brn|[from] ability: Spicy Spray|[of] p2a: Scovillain\n|faint|p2b: Wyrdeer\n|\n|-damage|p1b: Garchomp|0 fnt|[from] brn\n|faint|p1b: Garchomp\n|upkeep\n|\n|t:|1776404925\n|switch|p2b: Araquanid|Araquanid, L50, F|100/100\n|switch|p1b: Tyranitar|Tyranitar, L50, M|100/100\n|-weather|Sandstorm|[from] ability: Sand Stream|[of] p1b: Tyranitar\n|turn|3\n|inactive|chiraquanid has 30 seconds left.\n|\n|t:|1776404958\n|move|p1b: Tyranitar|Protect|p1b: Tyranitar\n|-singleturn|p1b: Tyranitar|Protect\n|move|p2b: Araquanid|Reflect|p2b: Araquanid\n|-sidestart|p2: chiraquanid|Reflect\n|move|p2a: Scovillain|Giga Drain|p1a: Aerodactyl\n|-damage|p1a: Aerodactyl|70/100\n|-heal|p2a: Scovillain|31/100|[from] drain|[of] p1a: Aerodactyl\n|move|p1a: Aerodactyl|Rock Slide|p2a: Scovillain|[spread] p2a,p2b\n|-supereffective|p2a: Scovillain|1\n|-supereffective|p2b: Araquanid|1\n|-crit|p2b: Araquanid\n|-damage|p2a: Scovillain|0 fnt\n|-damage|p2b: Araquanid|24/100\n|-status|p1a: Aerodactyl|brn|[from] ability: Spicy Spray|[of] p2a: Scovillain\n|faint|p2a: Scovillain\n|\n|-weather|Sandstorm|[upkeep]\n|-damage|p2b: Araquanid|18/100|[from] Sandstorm\n|-heal|p2b: Araquanid|24/100|[from] item: Leftovers\n|-damage|p1a: Aerodactyl|64/100 brn|[from] brn\n|upkeep\n|\n|t:|1776404968\n|switch|p2a: Aegislash|Aegislash, L50, M|100/100\n|turn|4\n|\n|t:|1776404977\n|switch|p1b: Basculegion|Basculegion, L50, M|100/100\n|move|p1a: Aerodactyl|Protect|p1a: Aerodactyl\n|-singleturn|p1a: Aerodactyl|Protect\n|move|p2b: Araquanid|Liquidation|p1a: Aerodactyl\n|-activate|p1a: Aerodactyl|move: Protect\n|-formechange|p2a: Aegislash|Aegislash-Blade|\n|move|p2a: Aegislash|Sacred Sword|p1b: Basculegion\n|-immune|p1b: Basculegion\n|\n|-weather|Sandstorm|[upkeep]\n|-damage|p2b: Araquanid|18/100|[from] Sandstorm\n|-damage|p1b: Basculegion|94/100|[from] Sandstorm\n|-heal|p2b: Araquanid|24/100|[from] item: Leftovers\n|-damage|p1a: Aerodactyl|58/100 brn|[from] brn\n|upkeep\n|turn|5\n|\n|t:|1776404999\n|switch|p1b: Tyranitar|Tyranitar, L50, M|100/100\n|move|p2b: Araquanid|Liquidation|p1b: Tyranitar\n|-supereffective|p1b: Tyranitar|1\n|-damage|p1b: Tyranitar|0 fnt\n|faint|p1b: Tyranitar\n|move|p2a: Aegislash|Poltergeist|p1a: Aerodactyl\n|-activate|p1a: Aerodactyl|move: Poltergeist|Focus Sash\n|-damage|p1a: Aerodactyl|0 fnt\n|faint|p1a: Aerodactyl\n|\n|-weather|Sandstorm|[upkeep]\n|-damage|p2b: Araquanid|18/100|[from] Sandstorm\n|-heal|p2b: Araquanid|24/100|[from] item: Leftovers\n|-fieldend|move: Trick Room\n|upkeep\n|\n|t:|1776405005\n|switch|p1b: Basculegion|Basculegion, L50, M|94/100\n|turn|6\n|\n|t:|1776405014\n|-formechange|p2a: Aegislash|Aegislash|\n|move|p2a: Aegislash|King's Shield|p2a: Aegislash\n|-singleturn|p2a: Aegislash|Protect\n|move|p2b: Araquanid|Protect|p2b: Araquanid\n|-singleturn|p2b: Araquanid|Protect\n|move|p1b: Basculegion|Last Respects|p2a: Aegislash\n|-activate|p2a: Aegislash|move: Protect\n|\n|-weather|Sandstorm|[upkeep]\n|-damage|p1b: Basculegion|88/100|[from] Sandstorm\n|-damage|p2b: Araquanid|18/100|[from] Sandstorm\n|-heal|p2b: Araquanid|24/100|[from] item: Leftovers\n|upkeep\n|turn|7\n|\n|t:|1776405033\n|-formechange|p2a: Aegislash|Aegislash-Blade|\n|move|p2a: Aegislash|Shadow Sneak|p1b: Basculegion\n|-supereffective|p1b: Basculegion|1\n|-damage|p1b: Basculegion|9/100\n|move|p1b: Basculegion|Last Respects|p2a: Aegislash\n|-supereffective|p2a: Aegislash|1\n|-damage|p2a: Aegislash|0 fnt\n|faint|p2a: Aegislash\n|move|p2b: Araquanid|Liquidation|p1b: Basculegion\n|-resisted|p1b: Basculegion|1\n|-damage|p1b: Basculegion|0 fnt\n|faint|p1b: Basculegion\n|\n|win|chiraquanid\n|raw|siang's rating: 1338 &rarr; <strong>1317</strong><br />(-21 for losing)\n|raw|chiraquanid's rating: 1313 &rarr; <strong>1334</strong><br />(+21 for winning)\n|c|\u2606chiraquanid|gg\n|c|\u2606siang|gg\n|c|\u2606chiraquanid|so all in all do you like the team ?\n|c|\u2606siang|i mean i saw like half of it\n|c|\u2606siang|but i dont do well against TR in general\n|c|\u2606chiraquanid|true but i could never bring meowstic against ur chomp\n|c|\u2606chiraquanid|that justbreaks me\n",
  "uploadtime": 1776405135,
  "views": 57,
  "formatid": "gen9championsvgc2026regma",
  "rating": 1317,
  "private": 0,
  "password": null
}