{
  "id": "gen9championsvgc2026regma-2582176340",
  "format": "[Gen 9 Champions] VGC 2026 Reg M-A",
  "players": [
    "dylan03y",
    "HeZaR"
  ],
  "log": "|j|\u2606dylan03y\n|j|\u2606HeZaR\n|t:|1776067658\n|gametype|doubles\n|player|p1|dylan03y|lucas-gen4pt|1045\n|player|p2|HeZaR|harlequin|1107\n|gen|9\n|tier|[Gen 9 Champions] VGC 2026 Reg M-A\n|rated|\n|rule|Species Clause: Limit one of each Pok\u00e9mon\n|rule|Item Clause: Limit 1 of each item\n|clearpoke\n|poke|p1|Farigiraf, L50, M|\n|poke|p1|Gardevoir, L50, F|\n|poke|p1|Incineroar, L50, F|\n|poke|p1|Garchomp, L50, M|\n|poke|p1|Gyarados, L50, M|\n|poke|p1|Aerodactyl, L50, M|\n|poke|p2|Hawlucha, L50, M|\n|poke|p2|Sableye, L50, M|\n|poke|p2|Snorlax, L50, F|\n|poke|p2|Krookodile, L50, F|\n|poke|p2|Kingambit, L50, M|\n|poke|p2|Farigiraf, L50, F|\n|teampreview|4\n|inactive|Battle timer is ON: inactive players will automatically lose when time's up. (requested by HeZaR)\n|\n|t:|1776067675\n|teamsize|p1|4\n|teamsize|p2|4\n|start\n|switch|p1a: Incineroar|Incineroar, L50, F|100/100\n|switch|p1b: Aerodactyl|Aerodactyl, L50, M|100/100\n|switch|p2a: Hawlucha|Hawlucha, L50, M, shiny|100/100\n|switch|p2b: Krookodile|Krookodile, L50, F|100/100\n|-ability|p1b: Aerodactyl|Pressure\n|-ability|p2b: Krookodile|Intimidate|boost\n|-unboost|p1a: Incineroar|atk|1\n|-unboost|p1b: Aerodactyl|atk|1\n|-ability|p1a: Incineroar|Intimidate|boost\n|-unboost|p2a: Hawlucha|atk|1\n|-unboost|p2b: Krookodile|atk|1\n|turn|1\n|inactive|dylan03y has 30 seconds left.\n|\n|t:|1776067706\n|detailschange|p2a: Hawlucha|Hawlucha-Mega, L50, M, shiny\n|-mega|p2a: Hawlucha|Hawlucha|Hawluchanite\n|move|p1b: Aerodactyl|Protect|p1b: Aerodactyl\n|-singleturn|p1b: Aerodactyl|Protect\n|move|p2a: Hawlucha|Entrainment|p2b: Krookodile\n|-ability|p2b: Krookodile|No Guard|Intimidate|[from] move: Entrainment|[of] p2a: Hawlucha\n|move|p2b: Krookodile|Fissure|p1a: Incineroar\n|-damage|p1a: Incineroar|0 fnt\n|faint|p1a: Incineroar\n|-ohko\n|\n|upkeep\n|\n|t:|1776067723\n|switch|p1a: Gardevoir|Gardevoir, L50, F|100/100\n|turn|2\n|\n|t:|1776067735\n|switch|p2a: Kingambit|Kingambit, L50, M|100/100\n|detailschange|p1a: Gardevoir|Gardevoir-Mega, L50, F\n|-mega|p1a: Gardevoir|Gardevoir|Gardevoirite\n|move|p1b: Aerodactyl|Tailwind|p1b: Aerodactyl\n|-sidestart|p1: dylan03y|move: Tailwind\n|move|p1a: Gardevoir|Hyper Voice|p2a: Kingambit|[spread] p2a,p2b\n|-supereffective|p2b: Krookodile|1\n|-damage|p2a: Kingambit|55/100\n|-enditem|p2b: Krookodile|Focus Sash\n|-damage|p2b: Krookodile|1/100\n|move|p2b: Krookodile|Fissure|p1a: Gardevoir\n|-damage|p1a: Gardevoir|0 fnt\n|faint|p1a: Gardevoir\n|-ohko\n|\n|upkeep\n|\n|t:|1776067752\n|switch|p1a: Farigiraf|Farigiraf, L50, M|100/100\n|turn|3\n|\n|t:|1776067764\n|move|p1a: Farigiraf|Protect|p1a: Farigiraf\n|-singleturn|p1a: Farigiraf|Protect\n|move|p2b: Krookodile|Protect|p2b: Krookodile\n|-singleturn|p2b: Krookodile|Protect\n|move|p1b: Aerodactyl|Rock Slide|p2a: Kingambit|[spread] p2a\n|-activate|p2b: Krookodile|move: Protect\n|-resisted|p2a: Kingambit|1\n|-damage|p2a: Kingambit|47/100\n|move|p2a: Kingambit|Iron Head|p1b: Aerodactyl\n|-supereffective|p1b: Aerodactyl|1\n|-damage|p1b: Aerodactyl|0 fnt\n|faint|p1b: Aerodactyl\n|\n|upkeep\n|turn|4\n|\n|t:|1776067783\n|move|p1a: Farigiraf|Protect|p1a: Farigiraf\n|-singleturn|p1a: Farigiraf|Protect\n|move|p2b: Krookodile|Fissure|p1a: Farigiraf\n|-activate|p1a: Farigiraf|move: Protect\n|move|p2a: Kingambit|Assurance|p1a: Farigiraf\n|-activate|p1a: Farigiraf|move: Protect\n|\n|upkeep\n|turn|5\n|\n|t:|1776067792\n|move|p1a: Farigiraf|Protect||[still]\n|-fail|p1a: Farigiraf\n|move|p2b: Krookodile|Fissure|p1a: Farigiraf\n|-damage|p1a: Farigiraf|0 fnt\n|faint|p1a: Farigiraf\n|-ohko\n|\n|win|HeZaR\n|raw|dylan03y's rating: 1045 &rarr; <strong>1031</strong><br />(-14 for losing)\n|raw|HeZaR's rating: 1107 &rarr; <strong>1128</strong><br />(+21 for winning)\n|l|\u2606dylan03y\n|player|p1|\n",
  "uploadtime": 1776067802,
  "views": 20,
  "formatid": "gen9championsvgc2026regma",
  "rating": 1031,
  "private": 0,
  "password": null
}