{
  "id": "gen9championsvgc2026regma-2588554395",
  "format": "[Gen 9 Champions] VGC 2026 Reg M-A",
  "players": [
    "Xalvadore",
    "spricatto"
  ],
  "log": "|j|\u2606Xalvadore\n|j|\u2606spricatto\n|t:|1776644444\n|gametype|doubles\n|player|p1|Xalvadore|266|1063\n|player|p2|spricatto|101|1100\n|gen|9\n|tier|[Gen 9 Champions] VGC 2026 Reg M-A\n|rated|\n|rule|Species Clause: Limit one of each Pok\u00e9mon\n|rule|Item Clause: Limit 1 of each item\n|clearpoke\n|poke|p1|Meganium, L50, F|\n|poke|p1|Incineroar, L50, F|\n|poke|p1|Krookodile, L50, M|\n|poke|p1|Blastoise, L50, M|\n|poke|p1|Aerodactyl, L50, F|\n|poke|p1|Scizor, L50, M|\n|poke|p2|Meganium, L50, M|\n|poke|p2|Talonflame, L50, F|\n|poke|p2|Ninetales-Alola, L50, F|\n|poke|p2|Glimmora, L50, M|\n|poke|p2|Maushold, L50|\n|poke|p2|Beartic, L50, M|\n|teampreview|4\n|c|\u2606Xalvadore|Brother\nspricatto has agreed to open team sheets.\n|c|\u2606spricatto|what\nXalvadore has agreed to open team sheets.\n|showteam|p1|Meganium||Meganiumite|Overgrow|Synthesis,SolarBeam,DazzlingGleam,WeatherBall|||F|||50|]Incineroar||SitrusBerry|Intimidate|FlareBlitz,PartingShot,Taunt,FakeOut|||F|||50|]Krookodile||Leftovers|Intimidate|HighHorsepower,KnockOff,StealthRock,Protect|||M|||50|]Blastoise||Blastoisinite|Torrent|ShellSmash,MuddyWater,IceBeam,DragonPulse|||M|||50|]Aerodactyl||FocusSash|Unnerve|Taunt,Tailwind,RockSlide,DualWingbeat|||F|||50|]Scizor||LumBerry|Technician|SwordsDance,BulletPunch,BugBite,CloseCombat|||M|||50|\n|showteam|p2|Meganium||Meganiumite|Overgrow|SolarBeam,DazzlingGleam,WeatherBall,Protect|||M|||50|]Talonflame||SharpBeak|GaleWings|DualWingbeat,UpperHand,Tailwind,Protect|||F|||50|]Ninetales-Alola||FocusSash|SnowWarning|AuroraVeil,Blizzard,Moonblast,Protect|||F|||50|]Glimmora||Glimmoranite|ToxicDebris|Substitute,SludgeBomb,SpikyShield,PowerGem|||M|||50|]Maushold||ChopleBerry|FriendGuard|FollowMe,Taunt,ThunderWave,SuperFang||||||50|]Beartic||NeverMeltIce|SlushRush|Liquidation,IcicleCrash,AquaJet,Protect|||M|||50|\n|\n|t:|1776644486\n|teamsize|p1|4\n|teamsize|p2|4\n|start\n|switch|p1a: Incineroar|Incineroar, L50, F|100/100\n|switch|p1b: Aerodactyl|Aerodactyl, L50, F|100/100\n|switch|p2a: Glimmora|Glimmora, L50, M|100/100\n|switch|p2b: Ninetales|Ninetales-Alola, L50, F|100/100\n|-ability|p1b: Aerodactyl|Unnerve\n|-weather|Snowscape|[from] ability: Snow Warning|[of] p2b: Ninetales\n|-ability|p1a: Incineroar|Intimidate|boost\n|-unboost|p2a: Glimmora|atk|1\n|-unboost|p2b: Ninetales|atk|1\n|turn|1\n|c|\u2606Xalvadore|The fellow Meganium\n|c|\u2606Xalvadore|Though you have Protect\n|\n|t:|1776644516\n|detailschange|p2a: Glimmora|Glimmora-Mega, L50, M\n|-mega|p2a: Glimmora|Glimmora|Glimmoranite\n|move|p1a: Incineroar|Fake Out|p2a: Glimmora\n|-resisted|p2a: Glimmora|1\n|-damage|p2a: Glimmora|94/100\n|move|p1b: Aerodactyl|Tailwind|p1b: Aerodactyl\n|-sidestart|p1: Xalvadore|move: Tailwind\n|move|p2b: Ninetales|Aurora Veil|p2b: Ninetales\n|-sidestart|p2: spricatto|move: Aurora Veil\n|cant|p2a: Glimmora|flinch\n|\n|-weather|Snowscape|[upkeep]\n|upkeep\n|turn|2\n|\n|t:|1776644528\n|move|p1b: Aerodactyl|Rock Slide|p2a: Glimmora|[spread] p2b\n|-miss|p1b: Aerodactyl|p2a: Glimmora\n|-supereffective|p2b: Ninetales|1\n|-damage|p2b: Ninetales|65/100\n|move|p2b: Ninetales|Blizzard|p1a: Incineroar|[spread] p1a,p1b\n|-resisted|p1a: Incineroar|1\n|-supereffective|p1b: Aerodactyl|1\n|-damage|p1a: Incineroar|88/100\n|-damage|p1b: Aerodactyl|4/100\n|-status|p1b: Aerodactyl|frz\n|move|p1a: Incineroar|Flare Blitz|p2b: Ninetales\n|-supereffective|p2b: Ninetales|1\n|-damage|p2b: Ninetales|0 fnt\n|faint|p2b: Ninetales\n|-damage|p1a: Incineroar|73/100|[from] Recoil\n|move|p2a: Glimmora|Substitute|p2a: Glimmora\n|-start|p2a: Glimmora|Substitute\n|-damage|p2a: Glimmora|69/100\n|\n|-weather|Snowscape|[upkeep]\n|upkeep\n|inactive|Battle timer is ON: inactive players will automatically lose when time's up. (requested by spricatto)\n|\n|t:|1776644545\n|switch|p2b: Beartic|Beartic, L50, M|100/100\n|turn|3\n|\n|t:|1776644556\n|cant|p1b: Aerodactyl|frz\n|move|p2b: Beartic|Liquidation|p1a: Incineroar\n|-supereffective|p1a: Incineroar|1\n|-damage|p1a: Incineroar|5/100\n|-enditem|p1a: Incineroar|Sitrus Berry|[eat]\n|-heal|p1a: Incineroar|30/100|[from] item: Sitrus Berry\n|move|p1a: Incineroar|Flare Blitz|p2b: Beartic\n|-supereffective|p2b: Beartic|1\n|-damage|p2b: Beartic|35/100\n|-damage|p1a: Incineroar|12/100|[from] Recoil\n|move|p2a: Glimmora|Sludge Bomb|p1a: Incineroar\n|-damage|p1a: Incineroar|0 fnt\n|faint|p1a: Incineroar\n|\n|-weather|Snowscape|[upkeep]\n|upkeep\n|\n|t:|1776644566\n|switch|p1a: Scizor|Scizor, L50, M|100/100\n|turn|4\n|\n|t:|1776644587\n|move|p2b: Beartic|Aqua Jet|p1b: Aerodactyl\n|-supereffective|p1b: Aerodactyl|1\n|-damage|p1b: Aerodactyl|0 fnt\n|faint|p1b: Aerodactyl\n|move|p1a: Scizor|Bullet Punch|p2b: Beartic\n|-supereffective|p2b: Beartic|1\n|-damage|p2b: Beartic|0 fnt\n|faint|p2b: Beartic\n|move|p2a: Glimmora|Power Gem|p1a: Scizor\n|-damage|p1a: Scizor|18/100\n|\n|-weather|Snowscape|[upkeep]\n|-sideend|p1: Xalvadore|move: Tailwind\n|upkeep\n|\n|t:|1776644595\n|switch|p1b: Meganium|Meganium, L50, F|100/100\n|switch|p2b: Talonflame|Talonflame, L50, F|100/100\n|turn|5\n|inactive|Xalvadore has 30 seconds left.\n|c|\u2606spricatto|why do liek none of your mons have protect\n|\n|t:|1776644623\n|detailschange|p1b: Meganium|Meganium-Mega, L50, F\n|-mega|p1b: Meganium|Meganium|Meganiumite\n|move|p2b: Talonflame|Dual Wingbeat|p1a: Scizor\n|-damage|p1a: Scizor|0 fnt\n|faint|p1a: Scizor\n|-hitcount|p1: Scizor|1\n|move|p2a: Glimmora|Sludge Bomb|p1b: Meganium\n|-supereffective|p1b: Meganium|2\n|-damage|p1b: Meganium|0 fnt\n|faint|p1b: Meganium\n|\n|win|spricatto\n|raw|Xalvadore's rating: 1063 &rarr; <strong>1046</strong><br />(-17 for losing)\n|raw|spricatto's rating: 1100 &rarr; <strong>1122</strong><br />(+22 for winning)\n|c|\u2606Xalvadore|Krook\n|c|\u2606spricatto|like*\n|l|\u2606spricatto\n|player|p2|\n|c|\u2606Xalvadore|I guess it's the Singles player in me\n",
  "uploadtime": 1776644633,
  "views": 6,
  "formatid": "gen9championsvgc2026regma",
  "rating": 1046,
  "private": 0,
  "password": null
}