{
  "id": "gen9championsvgc2026regma-2585170000",
  "format": "[Gen 9 Champions] VGC 2026 Reg M-A",
  "players": [
    "crustle48",
    "alkjfealkfj"
  ],
  "log": "|j|\u2606crustle48\n|j|\u2606alkjfealkfj\n|t:|1776320505\n|gametype|doubles\n|player|p1|crustle48|brycen|1144\n|player|p2|alkjfealkfj|skyla|1072\n|gen|9\n|tier|[Gen 9 Champions] VGC 2026 Reg M-A\n|rated|\n|rule|Species Clause: Limit one of each Pok\u00e9mon\n|rule|Item Clause: Limit 1 of each item\n|clearpoke\n|poke|p1|Charizard, L50, M|\n|poke|p1|Whimsicott, L50, M|\n|poke|p1|Rotom-Wash, L50|\n|poke|p1|Tyranitar, L50, M|\n|poke|p1|Excadrill, L50, F|\n|poke|p1|Farigiraf, L50, F|\n|poke|p2|Whimsicott, L50, M|\n|poke|p2|Venusaur, L50, F|\n|poke|p2|Froslass, L50, F|\n|poke|p2|Tinkaton, L50, F|\n|poke|p2|Torkoal, L50, M|\n|poke|p2|Azumarill, L50, F|\n|teampreview|4\n|\n|t:|1776320551\n|teamsize|p1|4\n|teamsize|p2|4\n|start\n|switch|p1a: Excadrill|Excadrill, L50, F|100/100\n|switch|p1b: Whimsicott|Whimsicott, L50, M|100/100\n|switch|p2a: Venusaur|Venusaur, L50, F|100/100\n|switch|p2b: Froslass|Froslass, L50, F|100/100\n|turn|1\n|\n|t:|1776320610\n|move|p1a: Excadrill|Protect|p1a: Excadrill\n|-singleturn|p1a: Excadrill|Protect\n|move|p1b: Whimsicott|Tailwind|p1b: Whimsicott\n|-sidestart|p1: crustle48|move: Tailwind\n|move|p2b: Froslass|Blizzard|p1a: Excadrill|[spread] p1b\n|-activate|p1a: Excadrill|move: Protect\n|-supereffective|p1b: Whimsicott|1\n|-damage|p1b: Whimsicott|24/100\n|move|p2a: Venusaur|Leech Seed|p1a: Excadrill\n|-activate|p1a: Excadrill|move: Protect\n|\n|upkeep\n|turn|2\n|\n|t:|1776320634\n|switch|p2b: Tinkaton|Tinkaton, L50, F|100/100\n|-ability|p2b: Tinkaton|Mold Breaker\n|move|p1b: Whimsicott|Encore|p2a: Venusaur\n|-start|p2a: Venusaur|Encore\n|move|p1a: Excadrill|Iron Head|p2b: Tinkaton\n|-damage|p2b: Tinkaton|55/100\n|move|p2a: Venusaur|Leech Seed|p1a: Excadrill|[miss]\n|-miss|p2a: Venusaur|p1a: Excadrill\n|\n|-heal|p2b: Tinkaton|61/100|[from] item: Leftovers\n|upkeep\n|turn|3\n|\n|t:|1776320685\n|move|p1b: Whimsicott|Protect|p1b: Whimsicott\n|-singleturn|p1b: Whimsicott|Protect\n|move|p2b: Tinkaton|Fake Out|p1b: Whimsicott\n|-activate|p1b: Whimsicott|move: Protect\n|move|p1a: Excadrill|High Horsepower|p2b: Tinkaton\n|-supereffective|p2b: Tinkaton|1\n|-damage|p2b: Tinkaton|0 fnt\n|faint|p2b: Tinkaton\n|move|p2a: Venusaur|Leech Seed|p2: Tinkaton|[notarget]\n|-fail|p2a: Venusaur\n|\n|upkeep\n|\n|t:|1776320692\n|switch|p2b: Azumarill|Azumarill, L50, F|100/100\n|turn|4\n|\n|t:|1776320712\n|move|p1b: Whimsicott|Sunny Day|p1b: Whimsicott\n|-weather|SunnyDay\n|move|p1a: Excadrill|Swords Dance|p1a: Excadrill\n|-boost|p1a: Excadrill|atk|2\n|move|p2a: Venusaur|Leech Seed|p1a: Excadrill|[miss]\n|-miss|p2a: Venusaur|p1a: Excadrill\n|move|p2b: Azumarill|Ice Spinner|p1b: Whimsicott\n|-supereffective|p1b: Whimsicott|1\n|-damage|p1b: Whimsicott|0 fnt\n|faint|p1b: Whimsicott\n|\n|-weather|SunnyDay|[upkeep]\n|-end|p2a: Venusaur|Encore\n|-sideend|p1: crustle48|move: Tailwind\n|upkeep\n|\n|t:|1776320731\n|switch|p1b: Charizard|Charizard, L50, M|100/100\n|turn|5\n|\n|t:|1776320778\n|switch|p1b: Tyranitar|Tyranitar, L50, M|100/100\n|-weather|Sandstorm|[from] ability: Sand Stream|[of] p1b: Tyranitar\n|move|p2b: Azumarill|Aqua Jet|p1b: Tyranitar\n|-supereffective|p1b: Tyranitar|1\n|-damage|p1b: Tyranitar|44/100\n|move|p1a: Excadrill|High Horsepower|p2b: Azumarill\n|-damage|p2b: Azumarill|0 fnt\n|faint|p2b: Azumarill\n|move|p2a: Venusaur|Solar Beam||[still]\n|-prepare|p2a: Venusaur|Solar Beam\n|\n|-weather|Sandstorm|[upkeep]\n|-damage|p2a: Venusaur|94/100|[from] Sandstorm\n|upkeep\n|\n|t:|1776320786\n|switch|p2b: Froslass|Froslass, L50, F|100/100\n|turn|6\n|\n|t:|1776320803\n|detailschange|p2b: Froslass|Froslass-Mega, L50, F\n|-mega|p2b: Froslass|Froslass|Froslassite\n|-weather|Snowscape|[from] ability: Snow Warning|[of] p2b: Froslass\n|detailschange|p1b: Tyranitar|Tyranitar-Mega, L50, M\n|-mega|p1b: Tyranitar|Tyranitar|Tyranitarite\n|-weather|Sandstorm|[from] ability: Sand Stream|[of] p1b: Tyranitar\n|move|p1a: Excadrill|Iron Head|p2b: Froslass\n|-supereffective|p2b: Froslass|1\n|-damage|p2b: Froslass|0 fnt\n|faint|p2b: Froslass\n|move|p2a: Venusaur|Solar Beam|p1a: Excadrill|[from] lockedmove\n|-damage|p1a: Excadrill|67/100\n|move|p1b: Tyranitar|Rock Slide|p2a: Venusaur\n|-damage|p2a: Venusaur|37/100\n|\n|-weather|Sandstorm|[upkeep]\n|-damage|p2a: Venusaur|31/100|[from] Sandstorm\n|upkeep\n|turn|7\n|-message|alkjfealkfj forfeited.\n|\n|win|crustle48\n|raw|crustle48's rating: 1144 &rarr; <strong>1164</strong><br />(+20 for winning)\n|raw|alkjfealkfj's rating: 1080 &rarr; <strong>1062</strong><br />(-18 for losing)\n|l|\u2606alkjfealkfj\n|player|p2|\n",
  "uploadtime": 1776320831,
  "views": 25,
  "formatid": "gen9championsvgc2026regma",
  "rating": 1062,
  "private": 0,
  "password": null
}