{
  "id": "gen9championsvgc2026regma-2580805424",
  "format": "[Gen 9 Champions] VGC 2026 Reg M-A",
  "players": [
    "ferenainexi",
    "bugawup"
  ],
  "log": "|j|\u2606ferenainexi\n|j|\u2606bugawup\n|html|<table width=\"100%\"><tr><td align=\"left\">ferenainexi</td><td align=\"right\">bugawup</tr><tr><td align=\"left\"><i class=\"fa fa-circle-o\"></i> <i class=\"fa fa-circle-o\"></i> </td><td align=\"right\"><i class=\"fa fa-circle-o\"></i> <i class=\"fa fa-circle\"></i> </tr></table>\n|uhtml|bestof|<h2><strong>Game 2</strong> of <a href=\"/game-bestof3-gen9championsvgc2026regma-2580795993\">a best-of-3</a></h2>\n|t:|1775933917\n|gametype|doubles\n|player|p1|ferenainexi|scientistf|\n|player|p2|bugawup|101|\n|gen|9\n|tier|[Gen 9 Champions] VGC 2026 Reg M-A\n|rule|Species Clause: Limit one of each Pok\u00e9mon\n|rule|Item Clause: Limit 1 of each item\n|raw|<div class=\"infobox\"><details class=\"readmore\" open><summary><strong>1 custom rule:</strong></summary> Best of = 3</details></div>\n|clearpoke\n|poke|p1|Pinsir, L50, F|\n|poke|p1|Heracross, L50, F|\n|poke|p1|Vivillon, L50, M|\n|poke|p1|Orthworm, L50, M|\n|poke|p1|Kleavor, L50, F|\n|poke|p1|Clawitzer, L50, M|\n|poke|p2|Meowscarada, L50, M|\n|poke|p2|Mudsdale, L50, M|\n|poke|p2|Skarmory, L50, M|\n|poke|p2|Lucario, L50, F|\n|poke|p2|Whimsicott, L50, F|\n|poke|p2|Zoroark-Hisui, L50, M|\n|teampreview|4\nbugawup rejected open team sheets.\n|\n|t:|1775934131\n|teamsize|p1|4\n|teamsize|p2|4\n|start\n|switch|p1a: Vivillon|Vivillon, L50, M|100/100\n|switch|p1b: Kleavor|Kleavor, L50, F|100/100\n|switch|p2a: Whimsicott|Whimsicott, L50, F|100/100\n|switch|p2b: Lucario|Lucario, L50, F|100/100\n|turn|1\n|\n|t:|1775934179\n|move|p2a: Whimsicott|Switcheroo|p1a: Vivillon\n|-activate|p2a: Whimsicott|move: Trick|[of] p1a: Vivillon\n|-item|p1a: Vivillon|Choice Scarf|[from] move: Switcheroo\n|-item|p2a: Whimsicott|Focus Sash|[from] move: Switcheroo\n|move|p1a: Vivillon|Tailwind|p1a: Vivillon\n|-sidestart|p1: ferenainexi|move: Tailwind\n|move|p1b: Kleavor|Stone Axe|p2b: Lucario\n|-damage|p2b: Lucario|0 fnt\n|replace|p2b: Zoroark|Zoroark-Hisui, L50, M\n|-end|p2b: Zoroark|Illusion\n|-sidestart|p2: bugawup|move: Stealth Rock\n|faint|p2b: Zoroark\n|\n|upkeep\n|\n|t:|1775934223\n|switch|p2b: Lucario|Lucario, L50, F|100/100\n|-damage|p2b: Lucario|98/100|[from] Stealth Rock\n|turn|2\n|\n|t:|1775934248\n|switch|p1a: Heracross|Heracross, L50, F|100/100\n|detailschange|p2b: Lucario|Lucario-Mega, L50, F\n|-mega|p2b: Lucario|Lucario|Lucarionite\n|move|p2a: Whimsicott|Tailwind|p2a: Whimsicott\n|-sidestart|p2: bugawup|move: Tailwind\n|move|p2b: Lucario|Flash Cannon|p1b: Kleavor\n|-supereffective|p1b: Kleavor|1\n|-damage|p1b: Kleavor|0 fnt\n|faint|p1b: Kleavor\n|\n|upkeep\n|\n|t:|1775934257\n|switch|p1b: Vivillon|Vivillon, L50, M|100/100\n|turn|3\n|\n|t:|1775934320\n|detailschange|p1a: Heracross|Heracross-Mega, L50, F\n|-mega|p1a: Heracross|Heracross|Heracronite\n|move|p1b: Vivillon|Sleep Powder|p2b: Lucario\n|-status|p2b: Lucario|slp|[from] move: Sleep Powder\n|move|p2a: Whimsicott|Moonblast|p1a: Heracross\n|-supereffective|p1a: Heracross|1\n|-damage|p1a: Heracross|44/100\n|cant|p2b: Lucario|slp\n|move|p1a: Heracross|Close Combat|p2b: Lucario\n|-supereffective|p2b: Lucario|1\n|-damage|p2b: Lucario|0 fnt\n|-unboost|p1a: Heracross|def|1\n|-unboost|p1a: Heracross|spd|1\n|faint|p2b: Lucario\n|\n|upkeep\n|\n|t:|1775934338\n|switch|p2b: Meowscarada|Meowscarada, L50, M|100/100\n|-damage|p2b: Meowscarada|89/100|[from] Stealth Rock\n|turn|4\n|\n|t:|1775934383\n|switch|p1b: Clawitzer|Clawitzer, L50, M|100/100\n|move|p2a: Whimsicott|Moonblast|p1a: Heracross\n|-supereffective|p1a: Heracross|1\n|-damage|p1a: Heracross|0 fnt\n|faint|p1a: Heracross\n|move|p2b: Meowscarada|Triple Axel|p1b: Clawitzer\n|-start|p2b: Meowscarada|typechange|Ice|[from] ability: Protean\n|-resisted|p1b: Clawitzer|1\n|-damage|p1b: Clawitzer|95/100\n|-resisted|p1b: Clawitzer|1\n|-damage|p1b: Clawitzer|83/100\n|-resisted|p1b: Clawitzer|1\n|-damage|p1b: Clawitzer|64/100\n|-hitcount|p1b: Clawitzer|3\n|\n|-sideend|p1: ferenainexi|move: Tailwind\n|upkeep\n|\n|t:|1775934395\n|switch|p1a: Vivillon|Vivillon, L50, M|100/100\n|turn|5\n|\n|t:|1775934446\n|move|p2a: Whimsicott|Moonblast|p1b: Clawitzer\n|-damage|p1b: Clawitzer|34/100\n|move|p2b: Meowscarada|Flower Trick|p1b: Clawitzer\n|-supereffective|p1b: Clawitzer|1\n|-crit|p1b: Clawitzer\n|-damage|p1b: Clawitzer|0 fnt\n|faint|p1b: Clawitzer\n|move|p1a: Vivillon|Hurricane|p2b: Meowscarada\n|-damage|p2b: Meowscarada|22/100\n|\n|-sideend|p2: bugawup|move: Tailwind\n|upkeep\n|turn|6\n|\n|t:|1775934463\n|move|p1a: Vivillon|Hurricane|p2b: Meowscarada|[miss]\n|-miss|p1a: Vivillon|p2b: Meowscarada\n|move|p2a: Whimsicott|Moonblast|p1a: Vivillon\n|-damage|p1a: Vivillon|21/100\n|move|p2b: Meowscarada|Triple Axel|p1a: Vivillon\n|-supereffective|p1a: Vivillon|1\n|-crit|p1a: Vivillon\n|-damage|p1a: Vivillon|0 fnt\n|faint|p1a: Vivillon\n|-hitcount|p1: Vivillon|1\n|\n|win|bugawup\n|c|\u2606ferenainexi|gg\n|l|\u2606ferenainexi\n|player|p1|\n",
  "uploadtime": 1775934482,
  "views": 10,
  "formatid": "gen9championsvgc2026regma",
  "rating": null,
  "private": 0,
  "password": null
}