{
  "id": "gen9championsvgc2026regma-2589514324",
  "format": "[Gen 9 Champions] VGC 2026 Reg M-A",
  "players": [
    "Enekos",
    "dankiel"
  ],
  "log": "|j|\u2606Enekos\n|j|\u203ddankiel\n|t:|1776729901\n|gametype|doubles\n|player|p1|Enekos|steven|1053\n|player|p2|dankiel|morty|1083\n|gen|9\n|tier|[Gen 9 Champions] VGC 2026 Reg M-A\n|rated|\n|rule|Species Clause: Limit one of each Pok\u00e9mon\n|rule|Item Clause: Limit 1 of each item\n|clearpoke\n|poke|p1|Gyarados, L50, M, shiny|\n|poke|p1|Aerodactyl, L50, M|\n|poke|p1|Oranguru, L50, F|\n|poke|p1|Armarouge, L50, M, shiny|\n|poke|p1|Sylveon, L50, F|\n|poke|p1|Aegislash, L50, M, shiny|\n|poke|p2|Starmie, L50|\n|poke|p2|Arcanine-Hisui, L50, F|\n|poke|p2|Polteageist, L50|\n|poke|p2|Farigiraf, L50, M|\n|poke|p2|Audino, L50, M|\n|poke|p2|Tsareena, L50, F|\n|teampreview|4\ndankiel rejected open team sheets.\n|inactive|Battle timer is ON: inactive players will automatically lose when time's up. (requested by dankiel)\n|\n|t:|1776729924\n|teamsize|p1|4\n|teamsize|p2|4\n|start\n|switch|p1a: Gyarados|Gyarados, L50, M, shiny|100/100\n|switch|p1b: Aerodactyl|Aerodactyl, L50, M|100/100\n|switch|p2a: Polteageist|Polteageist, L50|100/100\n|switch|p2b: Audino|Audino, L50, M|100/100\n|-ability|p1b: Aerodactyl|Unnerve\n|-ability|p1a: Gyarados|Intimidate|boost\n|-unboost|p2a: Polteageist|atk|1\n|-unboost|p2b: Audino|atk|1\n|-enditem|p2a: Polteageist|White Herb\n|-clearnegativeboost|p2a: Polteageist|[silent]\n|turn|1\n|inactive|Enekos has 30 seconds left.\n|\n|t:|1776729954\n|switch|p2a: Arcanine|Arcanine-Hisui, L50, F|100/100\n|-ability|p2a: Arcanine|Intimidate|boost\n|-unboost|p1a: Gyarados|atk|1\n|-unboost|p1b: Aerodactyl|atk|1\n|detailschange|p1a: Gyarados|Gyarados-Mega, L50, M, shiny\n|-mega|p1a: Gyarados|Gyarados|Gyaradosite\n|-ability|p1a: Gyarados|Mold Breaker\n|detailschange|p2b: Audino|Audino-Mega, L50, M\n|-mega|p2b: Audino|Audino|Audinite\n|move|p1b: Aerodactyl|Tailwind|p1b: Aerodactyl\n|-sidestart|p1: Enekos|move: Tailwind\n|move|p1a: Gyarados|Dragon Dance|p1a: Gyarados\n|-boost|p1a: Gyarados|atk|1\n|-boost|p1a: Gyarados|spe|1\n|move|p2b: Audino|Encore|p1b: Aerodactyl\n|-start|p1b: Aerodactyl|Encore\n|\n|upkeep\n|turn|2\n|inactive|Enekos has 30 seconds left.\n|inactive|dankiel has 30 seconds left.\n|inactive|Enekos has 20 seconds left.\n|inactive|Enekos has 15 seconds left.\n|inactive|Enekos has 10 seconds left.\n|\n|t:|1776730000\n|switch|p1b: Armarouge|Armarouge, L50, M, shiny|100/100\n|switch|p1a: Aegislash|Aegislash, L50, M, shiny|100/100\n|switch|p2a: Farigiraf|Farigiraf, L50, M|100/100\n|move|p2b: Audino|Encore||[still]\n|-fail|p2b: Audino\n|\n|upkeep\n|turn|3\n|inactive|Enekos has 30 seconds left.\n|inactive|dankiel has 30 seconds left.\n|\n|t:|1776730034\n|switch|p2a: Polteageist|Polteageist, L50|100/100\n|move|p1b: Armarouge|Armor Cannon|p2b: Audino\n|-damage|p2b: Audino|53/100\n|-unboost|p1b: Armarouge|def|1\n|-unboost|p1b: Armarouge|spd|1\n|-enditem|p1b: Armarouge|White Herb\n|-clearnegativeboost|p1b: Armarouge|[silent]\n|-formechange|p1a: Aegislash|Aegislash-Blade|\n|move|p1a: Aegislash|Iron Head|p2a: Polteageist\n|-damage|p2a: Polteageist|25/100\n|move|p2b: Audino|Simple Beam|p2a: Polteageist\n|-ability|p2a: Polteageist|Simple|Cursed Body|[from] move: Simple Beam\n|\n|upkeep\n|turn|4\n|\n|t:|1776730059\n|switch|p2b: Arcanine|Arcanine-Hisui, L50, F|100/100\n|-ability|p2b: Arcanine|Intimidate|boost\n|-unboost|p1a: Aegislash|atk|1\n|-unboost|p1b: Armarouge|atk|1\n|move|p1a: Aegislash|Shadow Sneak|p2a: Polteageist\n|-supereffective|p2a: Polteageist|1\n|-damage|p2a: Polteageist|0 fnt\n|faint|p2a: Polteageist\n|move|p1b: Armarouge|Aura Sphere|p2b: Arcanine\n|-supereffective|p2b: Arcanine|1\n|-damage|p2b: Arcanine|37/100\n|\n|-sideend|p1: Enekos|move: Tailwind\n|upkeep\n|\n|t:|1776730066\n|switch|p2a: Farigiraf|Farigiraf, L50, M|100/100\n|turn|5\n|\n|t:|1776730082\n|move|p1a: Aegislash|Shadow Sneak||[still]\n|cant|p2a: Farigiraf|ability: Armor Tail|Shadow Sneak|[of] p1a: Aegislash\n|move|p2a: Farigiraf|Hyper Voice|p1a: Aegislash|[spread] p1b\n|-immune|p1a: Aegislash\n|-damage|p1b: Armarouge|68/100\n|move|p2b: Arcanine|Flare Blitz|p1a: Aegislash\n|-supereffective|p1a: Aegislash|1\n|-damage|p1a: Aegislash|0 fnt\n|faint|p1a: Aegislash\n|-damage|p2b: Arcanine|10/100|[from] Recoil\n|move|p1b: Armarouge|Aura Sphere|p2b: Arcanine\n|-supereffective|p2b: Arcanine|1\n|-damage|p2b: Arcanine|0 fnt\n|faint|p2b: Arcanine\n|\n|upkeep\n|\n|t:|1776730101\n|switch|p2b: Audino|Audino-Mega, L50, M|53/100\n|switch|p1a: Gyarados|Gyarados-Mega, L50, M, shiny|100/100\n|-ability|p1a: Gyarados|Mold Breaker\n|turn|6\n|\n|t:|1776730116\n|move|p2a: Farigiraf|Dazzling Gleam|p1a: Gyarados|[spread] p1a,p1b\n|-supereffective|p1a: Gyarados|1\n|-resisted|p1b: Armarouge|1\n|-damage|p1a: Gyarados|71/100\n|-damage|p1b: Armarouge|58/100\n|move|p1a: Gyarados|Crunch|p2a: Farigiraf\n|-supereffective|p2a: Farigiraf|1\n|-enditem|p2a: Farigiraf|Colbur Berry|[eat]\n|-enditem|p2a: Farigiraf|Colbur Berry|[weaken]\n|-damage|p2a: Farigiraf|42/100\n|-unboost|p2a: Farigiraf|def|1\n|move|p2b: Audino|Dazzling Gleam|p1b: Armarouge|[spread] p1a,p1b\n|-supereffective|p1a: Gyarados|1\n|-resisted|p1b: Armarouge|1\n|-crit|p1b: Armarouge\n|-damage|p1a: Gyarados|44/100\n|-damage|p1b: Armarouge|45/100\n|move|p1b: Armarouge|Aura Sphere|p2b: Audino\n|-damage|p2b: Audino|33/100\n|\n|upkeep\n|turn|7\n|inactive|Enekos has 30 seconds left.\n|\n|t:|1776730148\n|move|p1a: Gyarados|Protect|p1a: Gyarados\n|-singleturn|p1a: Gyarados|Protect\n|move|p2a: Farigiraf|Dazzling Gleam|p1a: Gyarados|[spread] p1b\n|-activate|p1a: Gyarados|move: Protect\n|-resisted|p1b: Armarouge|1\n|-damage|p1b: Armarouge|35/100\n|move|p2b: Audino|Dazzling Gleam|p1b: Armarouge|[spread] p1b\n|-activate|p1a: Gyarados|move: Protect\n|-resisted|p1b: Armarouge|1\n|-damage|p1b: Armarouge|25/100\n|move|p1b: Armarouge|Aura Sphere|p2b: Audino\n|-damage|p2b: Audino|11/100\n|\n|upkeep\n|turn|8\n|inactive|Enekos has 30 seconds left.\n|inactive|dankiel has 30 seconds left.\n|\n|t:|1776730182\n|move|p2a: Farigiraf|Hyper Voice|p1b: Armarouge|[spread] p1a,p1b\n|-damage|p1a: Gyarados|19/100\n|-damage|p1b: Armarouge|0 fnt\n|faint|p1b: Armarouge\n|move|p1a: Gyarados|Crunch|p2a: Farigiraf\n|-supereffective|p2a: Farigiraf|1\n|-damage|p2a: Farigiraf|0 fnt\n|faint|p2a: Farigiraf\n|move|p2b: Audino|Dazzling Gleam|p1a: Gyarados\n|-supereffective|p1a: Gyarados|1\n|-damage|p1a: Gyarados|0 fnt\n|faint|p1a: Gyarados\n|\n|upkeep\n|\n|t:|1776730196\n|switch|p1a: Aerodactyl|Aerodactyl, L50, M|100/100\n|-ability|p1a: Aerodactyl|Unnerve\n|turn|9\n|\n|t:|1776730212\n|move|p1a: Aerodactyl|Rock Slide|p2b: Audino\n|-damage|p2b: Audino|0 fnt\n|faint|p2b: Audino\n|\n|win|Enekos\n|raw|Enekos's rating: 1053 &rarr; <strong>1088</strong><br />(+35 for winning)\n|raw|dankiel's rating: 1083 &rarr; <strong>1059</strong><br />(-24 for losing)\n|l|\u203ddankiel\n|player|p2|\n",
  "uploadtime": 1776730218,
  "views": 6,
  "formatid": "gen9championsvgc2026regma",
  "rating": 1059,
  "private": 0,
  "password": null
}