{
  "id": "gen9championsvgc2026regma-2586230975",
  "format": "[Gen 9 Champions] VGC 2026 Reg M-A",
  "players": [
    "espaciohilbertiano",
    "isabellissima"
  ],
  "log": "|j|\u2606espaciohilbertiano\n|j|\u2606isabellissima\n|t:|1776415167\n|gametype|doubles\n|player|p1|espaciohilbertiano|red|1172\n|player|p2|isabellissima|265|1222\n|gen|9\n|tier|[Gen 9 Champions] VGC 2026 Reg M-A\n|rated|\n|rule|Species Clause: Limit one of each Pok\u00e9mon\n|rule|Item Clause: Limit 1 of each item\n|clearpoke\n|poke|p1|Dragonite, L50, F|\n|poke|p1|Archaludon, L50, F|\n|poke|p1|Sneasler, L50, F|\n|poke|p1|Pelipper, L50, M|\n|poke|p1|Sinistcha, L50|\n|poke|p1|Basculegion, L50, M|\n|poke|p2|Incineroar, L50, F|\n|poke|p2|Gengar, L50, F|\n|poke|p2|Sneasler, L50, M|\n|poke|p2|Maushold-Four, L50|\n|poke|p2|Kommo-o, L50, F|\n|poke|p2|Politoed, L50, M|\n|teampreview|4\nespaciohilbertiano rejected open team sheets.\n|inactive|Battle timer is ON: inactive players will automatically lose when time's up. (requested by espaciohilbertiano)\n|\n|t:|1776415207\n|teamsize|p1|4\n|teamsize|p2|4\n|start\n|switch|p1a: Archaludon|Archaludon, L50, F|100/100\n|switch|p1b: Sneasler|Sneasler, L50, F|100/100\n|switch|p2a: Incineroar|Incineroar, L50, F, shiny|100/100\n|switch|p2b: Gengar|Gengar, L50, F, shiny|100/100\n|-ability|p2a: Incineroar|Intimidate|boost\n|-unboost|p1a: Archaludon|atk|1\n|-unboost|p1b: Sneasler|atk|1\n|-enditem|p1b: Sneasler|White Herb\n|-clearnegativeboost|p1b: Sneasler|[silent]\n|turn|1\n|\n|t:|1776415232\n|detailschange|p2b: Gengar|Gengar-Mega, L50, F, shiny\n|-mega|p2b: Gengar|Gengar|Gengarite\n|move|p1b: Sneasler|Fake Out|p2a: Incineroar\n|-damage|p2a: Incineroar|91/100\n|cant|p2a: Incineroar|flinch\n|move|p2b: Gengar|Perish Song|p2b: Gengar\n|-start|p1a: Archaludon|perish3|[silent]\n|-start|p1b: Sneasler|perish3|[silent]\n|-start|p2a: Incineroar|perish3|[silent]\n|-start|p2b: Gengar|perish3|[silent]\n|-fieldactivate|move: Perish Song\n|move|p1a: Archaludon|Flash Cannon|p2b: Gengar\n|-damage|p2b: Gengar|55/100\n|\n|-start|p1b: Sneasler|perish3\n|-start|p2b: Gengar|perish3\n|-start|p1a: Archaludon|perish3\n|-start|p2a: Incineroar|perish3\n|upkeep\n|turn|2\n|\n|t:|1776415255\n|move|p2b: Gengar|Protect|p2b: Gengar\n|-singleturn|p2b: Gengar|Protect\n|move|p2a: Incineroar|Protect|p2a: Incineroar\n|-singleturn|p2a: Incineroar|Protect\n|move|p1b: Sneasler|Close Combat|p2a: Incineroar\n|-activate|p2a: Incineroar|move: Protect\n|move|p1a: Archaludon|Flash Cannon|p2b: Gengar\n|-activate|p2b: Gengar|move: Protect\n|\n|-start|p1b: Sneasler|perish2\n|-start|p2b: Gengar|perish2\n|-start|p1a: Archaludon|perish2\n|-start|p2a: Incineroar|perish2\n|upkeep\n|turn|3\n|inactive|isabellissima has 30 seconds left.\n|\n|t:|1776415282\n|switch|p2b: Maushold|Maushold-Four, L50|100/100\n|move|p1b: Sneasler|Close Combat|p2a: Incineroar\n|-supereffective|p2a: Incineroar|1\n|-damage|p2a: Incineroar|26/100\n|-unboost|p1b: Sneasler|def|1\n|-unboost|p1b: Sneasler|spd|1\n|-enditem|p2a: Incineroar|Sitrus Berry|[eat]\n|-heal|p2a: Incineroar|51/100|[from] item: Sitrus Berry\n|move|p1a: Archaludon|Flash Cannon|p2b: Maushold\n|-damage|p2b: Maushold|47/100\n|move|p2a: Incineroar|Parting Shot|p1a: Archaludon\n|-unboost|p1a: Archaludon|atk|1\n|-unboost|p1a: Archaludon|spa|1\n|\n|t:|1776415295\n|switch|p2a: Gengar|Gengar-Mega, L50, F, shiny|55/100|[from] Parting Shot\n|\n|-start|p1b: Sneasler|perish1\n|-start|p1a: Archaludon|perish1\n|upkeep\n|turn|4\n|\n|t:|1776415319\n|move|p2b: Maushold|Protect|p2b: Maushold\n|-singleturn|p2b: Maushold|Protect\n|move|p2a: Gengar|Protect|p2a: Gengar\n|-singleturn|p2a: Gengar|Protect\n|move|p1b: Sneasler|Close Combat|p2b: Maushold\n|-activate|p2b: Maushold|move: Protect\n|move|p1a: Archaludon|Flash Cannon|p2b: Maushold\n|-activate|p2b: Maushold|move: Protect\n|\n|-start|p1b: Sneasler|perish0\n|-start|p1a: Archaludon|perish0\n|faint|p1b: Sneasler\n|faint|p1a: Archaludon\n|upkeep\n|\n|t:|1776415335\n|switch|p1b: Pelipper|Pelipper, L50, M|100/100\n|switch|p1a: Basculegion|Basculegion, L50, M|100/100\n|-weather|RainDance|[from] ability: Drizzle|[of] p1b: Pelipper\n|turn|5\n|inactive|espaciohilbertiano has 30 seconds left.\n|inactive|espaciohilbertiano has 20 seconds left.\n|inactive|espaciohilbertiano has 15 seconds left.\n|\n|t:|1776415376\n|move|p1b: Pelipper|Protect|p1b: Pelipper\n|-singleturn|p1b: Pelipper|Protect\n|move|p2b: Maushold|Follow Me|p2b: Maushold\n|-singleturn|p2b: Maushold|move: Follow Me\n|move|p1a: Basculegion|Wave Crash|p2b: Maushold\n|-damage|p2b: Maushold|0 fnt\n|faint|p2b: Maushold\n|-damage|p1a: Basculegion|86/100|[from] Recoil\n|move|p2a: Gengar|Perish Song|p2a: Gengar\n|-start|p1a: Basculegion|perish3|[silent]\n|-start|p1b: Pelipper|perish3|[silent]\n|-start|p2a: Gengar|perish3|[silent]\n|-fieldactivate|move: Perish Song\n|\n|-weather|RainDance|[upkeep]\n|-start|p1a: Basculegion|perish3\n|-start|p2a: Gengar|perish3\n|-start|p1b: Pelipper|perish3\n|upkeep\n|\n|t:|1776415388\n|switch|p2b: Incineroar|Incineroar, L50, F, shiny|51/100\n|-ability|p2b: Incineroar|Intimidate|boost\n|-unboost|p1a: Basculegion|atk|1\n|-unboost|p1b: Pelipper|atk|1\n|turn|6\n|\n|t:|1776415400\n|move|p2a: Gengar|Protect|p2a: Gengar\n|-singleturn|p2a: Gengar|Protect\n|move|p2b: Incineroar|Protect|p2b: Incineroar\n|-singleturn|p2b: Incineroar|Protect\n|move|p1a: Basculegion|Wave Crash|p2a: Gengar\n|-activate|p2a: Gengar|move: Protect\n|move|p1b: Pelipper|Weather Ball|p2b: Incineroar\n|-activate|p2b: Incineroar|move: Protect\n|\n|-weather|RainDance|[upkeep]\n|-start|p1a: Basculegion|perish2\n|-start|p2a: Gengar|perish2\n|-start|p1b: Pelipper|perish2\n|upkeep\n|turn|7\n|\n|t:|1776415419\n|switch|p2a: Sneasler|Sneasler, L50, M|100/100\n|move|p1a: Basculegion|Wave Crash|p2a: Sneasler\n|-damage|p2a: Sneasler|0 fnt\n|faint|p2a: Sneasler\n|-damage|p1a: Basculegion|60/100|[from] Recoil\n|move|p1b: Pelipper|Weather Ball|p2b: Incineroar\n|-supereffective|p2b: Incineroar|1\n|-damage|p2b: Incineroar|0 fnt\n|faint|p2b: Incineroar\n|\n|-weather|RainDance|[upkeep]\n|-start|p1a: Basculegion|perish1\n|-start|p1b: Pelipper|perish1\n|upkeep\n|\n|t:|1776415433\n|switch|p2a: Gengar|Gengar-Mega, L50, F, shiny|55/100\n|turn|8\n|\n|t:|1776415447\n|move|p2a: Gengar|Protect|p2a: Gengar\n|-singleturn|p2a: Gengar|Protect\n|move|p1b: Pelipper|Protect|p1b: Pelipper\n|-singleturn|p1b: Pelipper|Protect\n|move|p1a: Basculegion|Aqua Jet|p2a: Gengar\n|-activate|p2a: Gengar|move: Protect\n|\n|-weather|RainDance|[upkeep]\n|-start|p1a: Basculegion|perish0\n|-start|p1b: Pelipper|perish0\n|faint|p1a: Basculegion\n|faint|p1b: Pelipper\n|\n|win|isabellissima\n|raw|espaciohilbertiano's rating: 1172 &rarr; <strong>1151</strong><br />(-21 for losing)\n|raw|isabellissima's rating: 1222 &rarr; <strong>1243</strong><br />(+21 for winning)\n",
  "uploadtime": 1776415454,
  "views": 37,
  "formatid": "gen9championsvgc2026regma",
  "rating": 1151,
  "private": 0,
  "password": null
}