{
  "id": "gen9championsvgc2026regma-2581351343",
  "format": "[Gen 9 Champions] VGC 2026 Reg M-A",
  "players": [
    "Jamesanova",
    "debouls"
  ],
  "log": "|j|\u2606Jamesanova\n|j|\u2606debouls\n|t:|1775990404\n|gametype|doubles\n|player|p1|Jamesanova|1|1184\n|player|p2|debouls|2|1225\n|gen|9\n|tier|[Gen 9 Champions] VGC 2026 Reg M-A\n|rated|\n|rule|Species Clause: Limit one of each Pok\u00e9mon\n|rule|Item Clause: Limit 1 of each item\n|clearpoke\n|poke|p1|Chesnaught, L50, M|\n|poke|p1|Milotic, L50, F|\n|poke|p1|Chandelure, L50, F|\n|poke|p1|Wyrdeer, L50, M|\n|poke|p1|Kingambit, L50, F|\n|poke|p1|Clefable, L50, M|\n|poke|p2|Starmie, L50|\n|poke|p2|Sneasler, L50, M|\n|poke|p2|Sinistcha, L50|\n|poke|p2|Kingambit, L50, F|\n|poke|p2|Dragonite, L50, F|\n|poke|p2|Pelipper, L50, M|\n|teampreview|4\n|inactive|Battle timer is ON: inactive players will automatically lose when time's up. (requested by Jamesanova)\n|inactive|debouls has 60 seconds left.\n|\n|t:|1775990452\n|teamsize|p1|4\n|teamsize|p2|4\n|start\n|switch|p1a: Clefable|Clefable, L50, M|100/100\n|switch|p1b: Chandelure|Chandelure, L50, F|100/100\n|switch|p2a: Sneasler|Sneasler, L50, M|100/100\n|switch|p2b: Dragonite|Dragonite, L50, F|100/100\n|turn|1\n|inactive|debouls has 30 seconds left.\n|inactive|debouls has 20 seconds left.\n|\n|t:|1775990490\n|detailschange|p2b: Dragonite|Dragonite-Mega, L50, F\n|-mega|p2b: Dragonite|Dragonite|Dragoninite\n|move|p1a: Clefable|Protect|p1a: Clefable\n|-singleturn|p1a: Clefable|Protect\n|move|p1b: Chandelure|Heat Wave|p2a: Sneasler|[spread] p2a\n|-miss|p1b: Chandelure|p2b: Dragonite\n|-damage|p2a: Sneasler|43/100\n|move|p2a: Sneasler|Dire Claw|p1a: Clefable\n|-activate|p1a: Clefable|move: Protect\n|move|p2b: Dragonite|Dragon Pulse|p1b: Chandelure\n|-damage|p1b: Chandelure|30/100\n|\n|upkeep\n|turn|2\n|\n|t:|1775990512\n|detailschange|p1a: Clefable|Clefable-Mega, L50, M\n|-mega|p1a: Clefable|Clefable|Clefablite\n|move|p1b: Chandelure|Heat Wave|p2b: Dragonite|[spread] p2a,p2b\n|-resisted|p2b: Dragonite|1\n|-damage|p2a: Sneasler|0 fnt\n|-damage|p2b: Dragonite|94/100\n|faint|p2a: Sneasler\n|move|p2b: Dragonite|Dragon Pulse|p1b: Chandelure\n|-damage|p1b: Chandelure|0 fnt\n|faint|p1b: Chandelure\n|move|p1a: Clefable|Moonblast|p2b: Dragonite\n|-supereffective|p2b: Dragonite|1\n|-crit|p2b: Dragonite\n|-damage|p2b: Dragonite|0 fnt\n|faint|p2b: Dragonite\n|\n|upkeep\n|\n|t:|1775990525\n|switch|p2a: Kingambit|Kingambit, L50, F|100/100\n|switch|p2b: Pelipper|Pelipper, L50, M|100/100\n|switch|p1b: Kingambit|Kingambit, L50, F|100/100\n|-weather|RainDance|[from] ability: Drizzle|[of] p2b: Pelipper\n|turn|3\n|\n|t:|1775990544\n|move|p2b: Pelipper|Weather Ball|p1b: Kingambit\n|-damage|p1b: Kingambit|41/100\n|move|p1a: Clefable|Thunderbolt|p2b: Pelipper\n|-supereffective|p2b: Pelipper|2\n|-damage|p2b: Pelipper|0 fnt\n|faint|p2b: Pelipper\n|move|p2a: Kingambit|Iron Head|p1a: Clefable\n|-supereffective|p1a: Clefable|1\n|-damage|p1a: Clefable|6/100\n|move|p1b: Kingambit|Kowtow Cleave|p2a: Kingambit\n|-resisted|p2a: Kingambit|1\n|-damage|p2a: Kingambit|80/100\n|\n|-weather|RainDance|[upkeep]\n|upkeep\n|turn|4\n|\n|t:|1775990558\n|move|p2a: Kingambit|Sucker Punch|p1a: Clefable\n|-resisted|p1a: Clefable|1\n|-damage|p1a: Clefable|0 fnt\n|faint|p1a: Clefable\n|move|p1b: Kingambit|Kowtow Cleave|p2a: Kingambit\n|-resisted|p2a: Kingambit|1\n|-damage|p2a: Kingambit|58/100\n|\n|-weather|RainDance|[upkeep]\n|upkeep\n|\n|t:|1775990561\n|switch|p1a: Milotic|Milotic, L50, F|100/100\n|turn|5\n|\n|t:|1775990571\n|move|p1a: Milotic|Weather Ball|p2a: Kingambit\n|-damage|p2a: Kingambit|0 fnt\n|faint|p2a: Kingambit\n|\n|win|Jamesanova\n|raw|Jamesanova's rating: 1184 &rarr; <strong>1212</strong><br />(+28 for winning)\n|raw|debouls's rating: 1225 &rarr; <strong>1197</strong><br />(-28 for losing)\n",
  "uploadtime": 1775990575,
  "views": 27,
  "formatid": "gen9championsvgc2026regma",
  "rating": 1197,
  "private": 0,
  "password": null
}