{
  "id": "gen9championsvgc2026regma-2585116010",
  "format": "[Gen 9 Champions] VGC 2026 Reg M-A",
  "players": [
    "Acceltros",
    "henitusec"
  ],
  "log": "|j|\u2606Acceltros\n|j|\u2606henitusec\n|t:|1776313595\n|gametype|doubles\n|player|p1|Acceltros|101|1059\n|player|p2|henitusec|volo|1134\n|gen|9\n|tier|[Gen 9 Champions] VGC 2026 Reg M-A\n|rated|\n|rule|Species Clause: Limit one of each Pok\u00e9mon\n|rule|Item Clause: Limit 1 of each item\n|clearpoke\n|poke|p1|Clefable, L50, F|\n|poke|p1|Gengar, L50, M|\n|poke|p1|Sinistcha, L50|\n|poke|p1|Bastiodon, L50, F|\n|poke|p1|Incineroar, L50, M|\n|poke|p1|Sableye, L50, M|\n|poke|p2|Gardevoir, L50, F|\n|poke|p2|Aegislash, L50, F|\n|poke|p2|Incineroar, L50, F|\n|poke|p2|Vivillon-Polar, L50, F|\n|poke|p2|Whimsicott, L50, M|\n|poke|p2|Tauros-Paldea-Aqua, L50, M|\n|teampreview|4\n|inactive|Battle timer is ON: inactive players will automatically lose when time's up. (requested by henitusec)\n|inactive|Acceltros has 60 seconds left.\n|\n|t:|1776313632\n|teamsize|p1|4\n|teamsize|p2|4\n|start\n|switch|p1a: Gengar|Gengar, L50, M|100/100\n|switch|p1b: Sableye|Sableye, L50, M|100/100\n|switch|p2a: Gardevoir|Gardevoir, L50, F, shiny|100/100\n|switch|p2b: Vivillon|Vivillon-Polar, L50, F|100/100\n|-ability|p2a: Gardevoir|Prankster|Trace|[from] ability: Trace|[of] p1b: Sableye\n|turn|1\n|\n|t:|1776313650\n|detailschange|p1a: Gengar|Gengar-Mega, L50, M\n|-mega|p1a: Gengar|Gengar|Gengarite\n|detailschange|p2a: Gardevoir|Gardevoir-Mega, L50, F, shiny\n|-mega|p2a: Gardevoir|Gardevoir|Gardevoirite\n|move|p1b: Sableye|Fake Out|p2a: Gardevoir\n|-damage|p2a: Gardevoir|91/100\n|move|p1a: Gengar|Perish Song|p1a: Gengar\n|-start|p1a: Gengar|perish3|[silent]\n|-start|p1b: Sableye|perish3|[silent]\n|-start|p2a: Gardevoir|perish3|[silent]\n|-start|p2b: Vivillon|perish3|[silent]\n|-fieldactivate|move: Perish Song\n|move|p2b: Vivillon|Sleep Powder|p1b: Sableye\n|-status|p1b: Sableye|slp|[from] move: Sleep Powder\n|cant|p2a: Gardevoir|flinch\n|\n|-start|p1a: Gengar|perish3\n|-start|p2b: Vivillon|perish3\n|-start|p2a: Gardevoir|perish3\n|-start|p1b: Sableye|perish3\n|upkeep\n|turn|2\n|inactive|Acceltros has 30 seconds left.\n|\n|t:|1776313675\n|switch|p1b: Clefable|Clefable, L50, F|100/100\n|move|p1a: Gengar|Protect|p1a: Gengar\n|-singleturn|p1a: Gengar|Protect\n|move|p2b: Vivillon|Hurricane|p1b: Clefable\n|-crit|p1b: Clefable\n|-damage|p1b: Clefable|41/100\n|move|p2a: Gardevoir|Calm Mind|p2a: Gardevoir\n|-boost|p2a: Gardevoir|spa|1\n|-boost|p2a: Gardevoir|spd|1\n|\n|-heal|p1b: Clefable|47/100|[from] item: Leftovers\n|-start|p1a: Gengar|perish2\n|-start|p2b: Vivillon|perish2\n|-start|p2a: Gardevoir|perish2\n|upkeep\n|turn|3\n|inactive|Acceltros has 30 seconds left.\n|\n|t:|1776313702\n|move|p1b: Clefable|Protect|p1b: Clefable\n|-singleturn|p1b: Clefable|Protect\n|move|p1a: Gengar|Substitute|p1a: Gengar\n|-start|p1a: Gengar|Substitute\n|-damage|p1a: Gengar|76/100\n|move|p2b: Vivillon|Hurricane|p1a: Gengar\n|-end|p1a: Gengar|Substitute\n|move|p2a: Gardevoir|Hyper Voice|p1b: Clefable|[spread] p1a\n|-activate|p1b: Clefable|move: Protect\n|-resisted|p1a: Gengar|1\n|-crit|p1a: Gengar\n|-damage|p1a: Gengar|14/100\n|\n|-heal|p1b: Clefable|52/100|[from] item: Leftovers\n|-start|p1a: Gengar|perish1\n|-start|p2b: Vivillon|perish1\n|-start|p2a: Gardevoir|perish1\n|upkeep\n|turn|4\n|inactive|henitusec has 30 seconds left.\n|\n|t:|1776313728\n|switch|p1a: Sableye|Sableye, L50, M|100/100 slp\n|switch|p1b: Sinistcha|Sinistcha, L50|100/100\n|move|p2b: Vivillon|Hurricane|p1b: Sinistcha\n|-supereffective|p1b: Sinistcha|1\n|-damage|p1b: Sinistcha|12/100\n|-start|p1b: Sinistcha|confusion\n|-enditem|p1b: Sinistcha|Sitrus Berry|[eat]\n|-heal|p1b: Sinistcha|36/100|[from] item: Sitrus Berry\n|move|p2a: Gardevoir|Hyper Voice|p1a: Sableye|[spread] p1a,p1b\n|-supereffective|p1a: Sableye|1\n|-crit|p1b: Sinistcha\n|-enditem|p1a: Sableye|Focus Sash\n|-damage|p1a: Sableye|1/100 slp\n|-damage|p1b: Sinistcha|0 fnt\n|faint|p1b: Sinistcha\n|\n|-start|p2b: Vivillon|perish0\n|-start|p2a: Gardevoir|perish0\n|upkeep\n|faint|p2b: Vivillon\n|faint|p2a: Gardevoir\n|\n|t:|1776313745\n|switch|p2b: Aegislash|Aegislash, L50, F|100/100\n|switch|p2a: Tauros|Tauros-Paldea-Aqua, L50, M|100/100\n|switch|p1b: Gengar|Gengar-Mega, L50, M|14/100\n|-ability|p2a: Tauros|Intimidate|boost\n|-unboost|p1a: Sableye|atk|1\n|-unboost|p1b: Gengar|atk|1\n|turn|5\n|\n|t:|1776313761\n|cant|p1a: Sableye|slp\n|move|p2a: Tauros|Aqua Jet|p1b: Gengar\n|-damage|p1b: Gengar|0 fnt\n|faint|p1b: Gengar\n|-formechange|p2b: Aegislash|Aegislash-Blade|\n|move|p2b: Aegislash|Rock Slide|p1a: Sableye\n|-damage|p1a: Sableye|0 fnt\n|faint|p1a: Sableye\n|\n|upkeep\n|-message|Acceltros forfeited.\n|\n|win|henitusec\n|raw|Acceltros's rating: 1059 &rarr; <strong>1044</strong><br />(-15 for losing)\n|raw|henitusec's rating: 1134 &rarr; <strong>1154</strong><br />(+20 for winning)\n|l|\u2606Acceltros\n|player|p1|\n",
  "uploadtime": 1776313769,
  "views": 21,
  "formatid": "gen9championsvgc2026regma",
  "rating": 1044,
  "private": 0,
  "password": null
}