{
  "id": "gen9championsvgc2026regma-2586740470",
  "format": "[Gen 9 Champions] VGC 2026 Reg M-A",
  "players": [
    "MaK2012",
    "mikrowaffe"
  ],
  "log": "|j|\u2606MaK2012\n|j|\u2606mikrowaffe\n|t:|1776456214\n|gametype|doubles\n|player|p1|MaK2012|102|1017\n|player|p2|mikrowaffe|101|1002\n|gen|9\n|tier|[Gen 9 Champions] VGC 2026 Reg M-A\n|rated|\n|rule|Species Clause: Limit one of each Pok\u00e9mon\n|rule|Item Clause: Limit 1 of each item\n|clearpoke\n|poke|p1|Blastoise, L50, M|\n|poke|p1|Pelipper, L50, F|\n|poke|p1|Clefable, L50, F|\n|poke|p1|Mamoswine, L50, M|\n|poke|p1|Sableye, L50, F|\n|poke|p1|Arcanine-Hisui, L50, M|\n|poke|p2|Hatterene, L50, F|\n|poke|p2|Farigiraf, L50, M|\n|poke|p2|Incineroar, L50, F|\n|poke|p2|Kingambit, L50, F|\n|poke|p2|Blastoise, L50, F|\n|poke|p2|Camerupt, L50, M|\n|teampreview|4\n|inactive|Battle timer is ON: inactive players will automatically lose when time's up. (requested by mikrowaffe)\n|inactive|MaK2012 has 60 seconds left.\n|inactive|mikrowaffe has 60 seconds left.\nmikrowaffe rejected open team sheets.\n|\n|t:|1776456264\n|teamsize|p1|4\n|teamsize|p2|4\n|start\n|switch|p1a: Pelipper|Pelipper, L50, F|100/100\n|switch|p1b: Blastoise|Blastoise, L50, M|100/100\n|switch|p2a: Blastoise|Blastoise, L50, F|100/100\n|switch|p2b: Kingambit|Kingambit, L50, F|100/100\n|-weather|RainDance|[from] ability: Drizzle|[of] p1a: Pelipper\n|turn|1\n|inactive|mikrowaffe has 30 seconds left.\n|\n|t:|1776456290\n|detailschange|p1b: Blastoise|Blastoise-Mega, L50, M\n|-mega|p1b: Blastoise|Blastoise|Blastoisinite\n|detailschange|p2a: Blastoise|Blastoise-Mega, L50, F\n|-mega|p2a: Blastoise|Blastoise|Blastoisinite\n|move|p1a: Pelipper|Wide Guard|p1a: Pelipper\n|-singleturn|p1a: Pelipper|Wide Guard\n|move|p2b: Kingambit|Sucker Punch|p1b: Blastoise\n|-damage|p1b: Blastoise|58/100\n|move|p1b: Blastoise|Water Spout|p2b: Kingambit|[spread] p2a,p2b\n|-resisted|p2a: Blastoise|1\n|-damage|p2a: Blastoise|77/100\n|-damage|p2b: Kingambit|47/100\n|move|p2a: Blastoise|Shell Smash|p2a: Blastoise\n|-unboost|p2a: Blastoise|def|1\n|-unboost|p2a: Blastoise|spd|1\n|-boost|p2a: Blastoise|atk|2\n|-boost|p2a: Blastoise|spa|2\n|-boost|p2a: Blastoise|spe|2\n|\n|-weather|RainDance|[upkeep]\n|upkeep\n|turn|2\n|inactive|MaK2012 has 30 seconds left.\n|inactive|mikrowaffe has 30 seconds left.\n|\n|t:|1776456320\n|move|p1b: Blastoise|Protect|p1b: Blastoise\n|-singleturn|p1b: Blastoise|Protect\n|move|p2b: Kingambit|Sucker Punch|p1a: Pelipper\n|-damage|p1a: Pelipper|35/100\n|move|p2a: Blastoise|Aura Sphere|p1b: Blastoise\n|-activate|p1b: Blastoise|move: Protect\n|move|p1a: Pelipper|Weather Ball|p2b: Kingambit\n|-damage|p2b: Kingambit|0 fnt\n|faint|p2b: Kingambit\n|\n|-weather|RainDance|[upkeep]\n|upkeep\n|\n|t:|1776456332\n|switch|p2b: Hatterene|Hatterene, L50, F|100/100\n|turn|3\n|\n|t:|1776456351\n|move|p2a: Blastoise|Aura Sphere|p1b: Blastoise\n|-damage|p1b: Blastoise|0 fnt\n|faint|p1b: Blastoise\n|move|p1a: Pelipper|Hurricane|p2a: Blastoise\n|-damage|p2a: Blastoise|26/100\n|move|p2b: Hatterene|Dazzling Gleam|p1a: Pelipper\n|-damage|p1a: Pelipper|0 fnt\n|faint|p1a: Pelipper\n|\n|-weather|RainDance|[upkeep]\n|upkeep\n|\n|t:|1776456362\n|switch|p1a: Clefable|Clefable, L50, F|100/100\n|switch|p1b: Arcanine|Arcanine-Hisui, L50, M|100/100\n|-ability|p1b: Arcanine|Intimidate|boost\n|-unboost|p2a: Blastoise|atk|1\n|-unboost|p2b: Hatterene|atk|1\n|turn|4\n|\n|t:|1776456385\n|move|p1a: Clefable|Helping Hand|p1b: Arcanine\n|-singleturn|p1b: Arcanine|Helping Hand|[of] p1a: Clefable\n|move|p2a: Blastoise|Aura Sphere|p1b: Arcanine\n|-supereffective|p1b: Arcanine|1\n|-damage|p1b: Arcanine|0 fnt\n|faint|p1b: Arcanine\n|move|p2b: Hatterene|Psychic|p1a: Clefable\n|-damage|p1a: Clefable|51/100\n|\n|-weather|RainDance|[upkeep]\n|-heal|p1a: Clefable|57/100|[from] item: Leftovers\n|upkeep\n|turn|5\n|\n|t:|1776456399\n|move|p2a: Blastoise|Water Spout|p1a: Clefable\n|-damage|p1a: Clefable|27/100\n|move|p1a: Clefable|Draining Kiss|p2a: Blastoise\n|-damage|p2a: Blastoise|12/100\n|-heal|p1a: Clefable|38/100|[from] drain|[of] p2a: Blastoise\n|move|p2b: Hatterene|Dazzling Gleam|p1a: Clefable\n|-damage|p1a: Clefable|0 fnt\n|faint|p1a: Clefable\n|\n|win|mikrowaffe\n|raw|MaK2012's rating: 1017 &rarr; <strong>1004</strong><br />(-13 for losing)\n|raw|mikrowaffe's rating: 1002 &rarr; <strong>1043</strong><br />(+41 for winning)\n|l|\u2606MaK2012\n|player|p1|\n",
  "uploadtime": 1776456465,
  "views": 33,
  "formatid": "gen9championsvgc2026regma",
  "rating": 1004,
  "private": 0,
  "password": null
}