{
  "id": "gen9championsvgc2026regma-2584125119",
  "format": "[Gen 9 Champions] VGC 2026 Reg M-A",
  "players": [
    "tessie123",
    "Swaguilar"
  ],
  "log": "|j|\u2606tessie123\n|j|\u2606Swaguilar\n|t:|1776227913\n|gametype|doubles\n|player|p1|tessie123|102|1141\n|player|p2|Swaguilar|doctor|1116\n|gen|9\n|tier|[Gen 9 Champions] VGC 2026 Reg M-A\n|rated|\n|rule|Species Clause: Limit one of each Pok\u00e9mon\n|rule|Item Clause: Limit 1 of each item\n|clearpoke\n|poke|p1|Incineroar, L50, F|\n|poke|p1|Gengar, L50, M|\n|poke|p1|Floette-Eternal, L50, F|\n|poke|p1|Politoed, L50, F|\n|poke|p1|Whimsicott, L50, F|\n|poke|p1|Kommo-o, L50, M|\n|poke|p2|Whimsicott, L50, F|\n|poke|p2|Froslass, L50, F|\n|poke|p2|Arcanine-Hisui, L50, F|\n|poke|p2|Lucario, L50, F|\n|poke|p2|Primarina, L50, M|\n|poke|p2|Raichu, L50, M|\n|teampreview|4\n|inactive|Battle timer is ON: inactive players will automatically lose when time's up. (requested by tessie123)\n|inactive|tessie123 has 60 seconds left.\n|inactive|Swaguilar has 60 seconds left.\n|inactive|tessie123 has 30 seconds left.\n|inactive|tessie123 has 20 seconds left.\n|inactive|tessie123 has 15 seconds left.\n|inactive|tessie123 has 10 seconds left.\n|\n|t:|1776227996\n|teamsize|p1|4\n|teamsize|p2|4\n|start\n|switch|p1a: Kommo-o|Kommo-o, L50, M|100/100\n|switch|p1b: Incineroar|Incineroar, L50, F|100/100\n|switch|p2a: Froslass|Froslass, L50, F|100/100\n|switch|p2b: Whimsicott|Whimsicott, L50, F|100/100\n|-ability|p1b: Incineroar|Intimidate|boost\n|-unboost|p2a: Froslass|atk|1\n|-unboost|p2b: Whimsicott|atk|1\n|turn|1\n|inactive|tessie123 has 30 seconds left.\n|inactive|Swaguilar has 30 seconds left.\n|\n|t:|1776228029\n|switch|p2b: Raichu|Raichu, L50, M|100/100\n|switch|p1b: Gengar|Gengar, L50, M|100/100\n|detailschange|p2a: Froslass|Froslass-Mega, L50, F\n|-mega|p2a: Froslass|Froslass|Froslassite\n|-weather|Snowscape|[from] ability: Snow Warning|[of] p2a: Froslass\n|move|p1a: Kommo-o|Protect|p1a: Kommo-o\n|-singleturn|p1a: Kommo-o|Protect\n|move|p2a: Froslass|Blizzard|p1a: Kommo-o|[spread] p1b\n|-activate|p1a: Kommo-o|move: Protect\n|-damage|p1b: Gengar|45/100\n|\n|-weather|Snowscape|[upkeep]\n|upkeep\n|turn|2\n|inactive|Swaguilar has 30 seconds left.\n|inactive|Swaguilar has 20 seconds left.\n|inactive|Swaguilar has 15 seconds left.\n|inactive|Swaguilar has 10 seconds left.\n|inactive|Swaguilar has 5 seconds left.\n|\n|t:|1776228084\n|switch|p1a: Incineroar|Incineroar, L50, F|100/100\n|-ability|p1a: Incineroar|Intimidate|boost\n|-unboost|p2a: Froslass|atk|1\n|-unboost|p2b: Raichu|atk|1\n|detailschange|p1b: Gengar|Gengar-Mega, L50, M\n|-mega|p1b: Gengar|Gengar|Gengarite\n|move|p2a: Froslass|Protect|p2a: Froslass\n|-singleturn|p2a: Froslass|Protect\n|move|p1b: Gengar|Protect|p1b: Gengar\n|-singleturn|p1b: Gengar|Protect\n|move|p2b: Raichu|Fake Out|p1b: Gengar\n|-activate|p1b: Gengar|move: Protect\n|\n|-weather|Snowscape|[upkeep]\n|upkeep\n|turn|3\n|inactive|tessie123 has 30 seconds left.\n|inactive|Swaguilar has 30 seconds left.\n|inactive|Swaguilar has 20 seconds left.\n|\n|t:|1776228121\n|switch|p2a: Primarina|Primarina, L50, M|100/100\n|switch|p1b: Politoed|Politoed, L50, F|100/100\n|-weather|RainDance|[from] ability: Drizzle|[of] p1b: Politoed\n|move|p2b: Raichu|Nuzzle|p1b: Politoed\n|-supereffective|p1b: Politoed|1\n|-damage|p1b: Politoed|91/100\n|-status|p1b: Politoed|par\n|move|p1a: Incineroar|Throat Chop|p2a: Primarina\n|-resisted|p2a: Primarina|1\n|-damage|p2a: Primarina|82/100\n|-start|p2a: Primarina|Throat Chop|[silent]\n|\n|-weather|RainDance|[upkeep]\n|-heal|p2a: Primarina|88/100|[from] item: Leftovers\n|upkeep\n|turn|4\n|inactive|tessie123 has 30 seconds left.\n|inactive|Swaguilar has 30 seconds left.\n|\n|t:|1776228153\n|move|p2b: Raichu|Volt Switch|p1b: Politoed\n|-supereffective|p1b: Politoed|1\n|-damage|p1b: Politoed|60/100 par\n|\n|t:|1776228157\n|switch|p2b: Froslass|Froslass-Mega, L50, F|100/100|[from] Volt Switch\n|-weather|Snowscape|[from] ability: Snow Warning|[of] p2b: Froslass\n|move|p1a: Incineroar|Parting Shot|p2a: Primarina\n|-unboost|p2a: Primarina|atk|1\n|-unboost|p2a: Primarina|spa|1\n|\n|t:|1776228167\n|switch|p1a: Gengar|Gengar-Mega, L50, M|45/100|[from] Parting Shot\n|move|p2a: Primarina|Moonblast|p1b: Politoed\n|-damage|p1b: Politoed|39/100 par\n|-unboost|p1b: Politoed|spa|1\n|-enditem|p1b: Politoed|Sitrus Berry|[eat]\n|-heal|p1b: Politoed|63/100 par|[from] item: Sitrus Berry\n|move|p1b: Politoed|Perish Song|p1b: Politoed\n|-start|p1a: Gengar|perish3|[silent]\n|-start|p1b: Politoed|perish3|[silent]\n|-start|p2a: Primarina|perish3|[silent]\n|-start|p2b: Froslass|perish3|[silent]\n|-fieldactivate|move: Perish Song\n|\n|-weather|Snowscape|[upkeep]\n|-heal|p2a: Primarina|94/100|[from] item: Leftovers\n|-end|p2a: Primarina|Throat Chop|[silent]\n|-start|p2b: Froslass|perish3\n|-start|p1a: Gengar|perish3\n|-start|p2a: Primarina|perish3\n|-start|p1b: Politoed|perish3\n|upkeep\n|turn|5\n|-message|tessie123 forfeited.\n|\n|win|Swaguilar\n|raw|tessie123's rating: 1141 &rarr; <strong>1114</strong><br />(-27 for losing)\n|raw|Swaguilar's rating: 1116 &rarr; <strong>1143</strong><br />(+27 for winning)\n|l|\u2606tessie123\n|player|p1|\n",
  "uploadtime": 1776228202,
  "views": 14,
  "formatid": "gen9championsvgc2026regma",
  "rating": 1114,
  "private": 0,
  "password": null
}