{
  "id": "gen9championsvgc2026regma-2583990294",
  "format": "[Gen 9 Champions] VGC 2026 Reg M-A",
  "players": [
    "iruekashi",
    "4Rose"
  ],
  "log": "|j|\u2606iruekashi\n|j|\u26064Rose\n|t:|1776214688\n|gametype|doubles\n|player|p1|iruekashi|1|1109\n|player|p2|4Rose|102|1200\n|gen|9\n|tier|[Gen 9 Champions] VGC 2026 Reg M-A\n|rated|\n|rule|Species Clause: Limit one of each Pok\u00e9mon\n|rule|Item Clause: Limit 1 of each item\n|clearpoke\n|poke|p1|Chimecho, L50, F|\n|poke|p1|Dragonite, L50, F|\n|poke|p1|Pelipper, L50, F|\n|poke|p1|Sinistcha, L50|\n|poke|p1|Tyranitar, L50, M|\n|poke|p1|Incineroar, L50, F|\n|poke|p2|Incineroar, L50, F|\n|poke|p2|Garchomp, L50, M|\n|poke|p2|Aegislash, L50, F|\n|poke|p2|Sinistcha, L50|\n|poke|p2|Rotom-Wash, L50|\n|poke|p2|Floette-Eternal, L50, F|\n|teampreview|4\n|\n|t:|1776214717\n|teamsize|p1|4\n|teamsize|p2|4\n|start\n|switch|p1a: Chimecho|Chimecho, L50, F|100/100\n|switch|p1b: Tyranitar|Tyranitar, L50, M|100/100\n|switch|p2a: Garchomp|Garchomp, L50, M|100/100\n|switch|p2b: Rotom|Rotom-Wash, L50|100/100\n|-weather|Sandstorm|[from] ability: Sand Stream|[of] p1b: Tyranitar\n|turn|1\n|inactive|Battle timer is ON: inactive players will automatically lose when time's up. (requested by 4Rose)\n|\n|t:|1776214735\n|detailschange|p1a: Chimecho|Chimecho-Mega, L50, F\n|-mega|p1a: Chimecho|Chimecho|Chimechite\n|move|p1b: Tyranitar|Protect|p1b: Tyranitar\n|-singleturn|p1b: Tyranitar|Protect\n|move|p2a: Garchomp|Earthquake|p1a: Chimecho|[spread] \n|-activate|p1b: Tyranitar|move: Protect\n|-immune|p2b: Rotom|[from] ability: Levitate\n|-immune|p1a: Chimecho|[from] ability: Levitate\n|move|p2b: Rotom|Discharge|p1a: Chimecho|[spread] p1a\n|-activate|p1b: Tyranitar|move: Protect\n|-immune|p2a: Garchomp\n|-damage|p1a: Chimecho|79/100\n|-status|p1a: Chimecho|par\n|move|p1a: Chimecho|Trick Room|p1a: Chimecho\n|-fieldstart|move: Trick Room|[of] p1a: Chimecho\n|\n|-weather|Sandstorm|[upkeep]\n|-damage|p2b: Rotom|95/100|[from] Sandstorm\n|upkeep\n|turn|2\n|inactive|iruekashi has 30 seconds left.\n|inactive|4Rose has 30 seconds left.\n|-activate|p2b: Rotom|item: Quick Claw\n|\n|t:|1776214765\n|move|p2b: Rotom|Hydro Pump|p1b: Tyranitar\n|-supereffective|p1b: Tyranitar|1\n|-damage|p1b: Tyranitar|32/100\n|move|p1a: Chimecho|Psychic|p2a: Garchomp\n|-damage|p2a: Garchomp|37/100\n|move|p1b: Tyranitar|Rock Slide|p2b: Rotom|[spread] p2b\n|-miss|p1b: Tyranitar|p2a: Garchomp\n|-damage|p2b: Rotom|50/100\n|move|p2a: Garchomp|Earthquake|p1b: Tyranitar|[spread] p1b\n|-immune|p2b: Rotom|[from] ability: Levitate\n|-immune|p1a: Chimecho|[from] ability: Levitate\n|-supereffective|p1b: Tyranitar|1\n|-damage|p1b: Tyranitar|0 fnt\n|faint|p1b: Tyranitar\n|\n|-weather|Sandstorm|[upkeep]\n|-damage|p2b: Rotom|45/100|[from] Sandstorm\n|upkeep\n|\n|t:|1776214778\n|switch|p1b: Sinistcha|Sinistcha, L50|100/100\n|-heal|p1a: Chimecho|100/100 par|[from] ability: Hospitality|[of] p1b: Sinistcha\n|turn|3\n|\n|t:|1776214793\n|switch|p2b: Floette|Floette-Eternal, L50, F|100/100\n|switch|p2a: Sinistcha|Sinistcha, L50|100/100\n|move|p1a: Chimecho|Psychic|p2a: Sinistcha\n|-damage|p2a: Sinistcha|49/100\n|move|p1b: Sinistcha|Matcha Gotcha|p2a: Sinistcha|[spread] p2a,p2b\n|-resisted|p2a: Sinistcha|1\n|-damage|p2a: Sinistcha|40/100\n|-damage|p2b: Floette|82/100\n|-status|p2b: Floette|brn\n|\n|-weather|Sandstorm|[upkeep]\n|-damage|p1b: Sinistcha|94/100|[from] Sandstorm\n|-damage|p2a: Sinistcha|34/100|[from] Sandstorm\n|-damage|p2b: Floette|76/100 brn|[from] Sandstorm\n|-damage|p2b: Floette|70/100 brn|[from] brn\n|upkeep\n|turn|4\n|inactive|iruekashi has 30 seconds left.\n|\n|t:|1776214818\n|detailschange|p2b: Floette|Floette-Mega, L50, F\n|-mega|p2b: Floette|Floette|Floettite\n|-ability|p2b: Floette|Fairy Aura\n|cant|p1a: Chimecho|par\n|move|p2a: Sinistcha|Shadow Ball|p1a: Chimecho\n|-supereffective|p1a: Chimecho|1\n|-damage|p1a: Chimecho|43/100 par\n|move|p1b: Sinistcha|Life Dew|p1b: Sinistcha|[spread] p1a,p1b\n|-heal|p1a: Chimecho|69/100 par\n|-heal|p1b: Sinistcha|100/100\n|move|p2b: Floette|Calm Mind|p2b: Floette\n|-boost|p2b: Floette|spa|1\n|-boost|p2b: Floette|spd|1\n|\n|-weather|Sandstorm|[upkeep]\n|-damage|p2a: Sinistcha|27/100|[from] Sandstorm\n|-damage|p1b: Sinistcha|94/100|[from] Sandstorm\n|-damage|p2b: Floette|64/100 brn|[from] Sandstorm\n|-damage|p2b: Floette|58/100 brn|[from] brn\n|upkeep\n|turn|5\n|\n|t:|1776214842\n|switch|p2a: Rotom|Rotom-Wash, L50|45/100\n|move|p1b: Sinistcha|Rage Powder|p1b: Sinistcha\n|-singleturn|p1b: Sinistcha|move: Rage Powder\n|move|p1a: Chimecho|Flash Cannon|p2b: Floette\n|-supereffective|p2b: Floette|1\n|-damage|p2b: Floette|12/100 brn\n|move|p2b: Floette|Dazzling Gleam|p1b: Sinistcha|[spread] p1a,p1b\n|-resisted|p1a: Chimecho|1\n|-damage|p1a: Chimecho|38/100 par\n|-damage|p1b: Sinistcha|13/100\n|-enditem|p1b: Sinistcha|Sitrus Berry|[eat]\n|-heal|p1b: Sinistcha|38/100|[from] item: Sitrus Berry\n|\n|-weather|none\n|-damage|p2b: Floette|6/100 brn|[from] brn\n|-fieldend|move: Trick Room\n|upkeep\n|turn|6\n|inactive|4Rose has 30 seconds left.\n|\n|t:|1776214869\n|switch|p1b: Incineroar|Incineroar, L50, F|100/100\n|-ability|p1b: Incineroar|Intimidate|boost\n|-unboost|p2a: Rotom|atk|1\n|-unboost|p2b: Floette|atk|1\n|move|p1a: Chimecho|Protect|p1a: Chimecho\n|-singleturn|p1a: Chimecho|Protect\n|move|p2a: Rotom|Thunderbolt|p1a: Chimecho\n|-activate|p1a: Chimecho|move: Protect\n|move|p2b: Floette|Draining Kiss|p1b: Incineroar\n|-damage|p1b: Incineroar|37/100\n|-heal|p2b: Floette|67/100 brn|[from] drain|[of] p1b: Incineroar\n|\n|-heal|p1b: Incineroar|43/100|[from] item: Leftovers\n|-damage|p2b: Floette|61/100 brn|[from] brn\n|upkeep\n|turn|7\n|\n|t:|1776214887\n|switch|p2a: Sinistcha|Sinistcha, L50|27/100\n|-heal|p2b: Floette|86/100 brn|[from] ability: Hospitality|[of] p2a: Sinistcha\n|move|p1b: Incineroar|Fake Out|p2b: Floette\n|-damage|p2b: Floette|66/100 brn\n|cant|p2b: Floette|flinch\n|move|p1a: Chimecho|Trick Room|p1a: Chimecho\n|-fieldstart|move: Trick Room|[of] p1a: Chimecho\n|\n|-heal|p1b: Incineroar|48/100|[from] item: Leftovers\n|-damage|p2b: Floette|60/100 brn|[from] brn\n|upkeep\n|turn|8\n|\n|t:|1776214906\n|switch|p2a: Garchomp|Garchomp, L50, M|37/100\n|move|p1a: Chimecho|Flash Cannon|p2b: Floette\n|-supereffective|p2b: Floette|1\n|-damage|p2b: Floette|16/100 brn\n|move|p1b: Incineroar|Flare Blitz|p2b: Floette\n|-damage|p2b: Floette|0 fnt\n|faint|p2b: Floette\n|-damage|p1b: Incineroar|44/100|[from] Recoil\n|\n|-heal|p1b: Incineroar|50/100|[from] item: Leftovers\n|upkeep\n|\n|t:|1776214915\n|switch|p2b: Sinistcha|Sinistcha, L50|27/100\n|-heal|p2a: Garchomp|62/100|[from] ability: Hospitality|[of] p2b: Sinistcha\n|turn|9\n|\n|t:|1776214926\n|move|p2a: Garchomp|Protect|p2a: Garchomp\n|-singleturn|p2a: Garchomp|Protect\n|move|p1a: Chimecho|Psychic|p2a: Garchomp\n|-activate|p2a: Garchomp|move: Protect\n|move|p1b: Incineroar|Throat Chop|p2b: Sinistcha\n|-supereffective|p2b: Sinistcha|1\n|-damage|p2b: Sinistcha|0 fnt\n|faint|p2b: Sinistcha\n|\n|-heal|p1b: Incineroar|56/100|[from] item: Leftovers\n|upkeep\n|\n|t:|1776214935\n|switch|p2b: Rotom|Rotom-Wash, L50|45/100\n|turn|10\n|\n|t:|1776214945\n|switch|p1b: Sinistcha|Sinistcha, L50|38/100\n|-heal|p1a: Chimecho|63/100 par|[from] ability: Hospitality|[of] p1b: Sinistcha\n|move|p2b: Rotom|Protect|p2b: Rotom\n|-singleturn|p2b: Rotom|Protect\n|move|p1a: Chimecho|Psychic|p2a: Garchomp\n|-damage|p2a: Garchomp|8/100\n|move|p2a: Garchomp|Stomping Tantrum|p1b: Sinistcha\n|-resisted|p1b: Sinistcha|1\n|-damage|p1b: Sinistcha|22/100\n|\n|upkeep\n|turn|11\n|\n|t:|1776214962\n|move|p2b: Rotom|Protect|p2b: Rotom\n|-singleturn|p2b: Rotom|Protect\n|move|p2a: Garchomp|Protect|p2a: Garchomp\n|-singleturn|p2a: Garchomp|Protect\n|move|p1a: Chimecho|Psychic|p2b: Rotom\n|-activate|p2b: Rotom|move: Protect\n|move|p1b: Sinistcha|Matcha Gotcha|p2a: Garchomp|[spread] \n|-activate|p2a: Garchomp|move: Protect\n|-activate|p2b: Rotom|move: Protect\n|\n|-fieldend|move: Trick Room\n|upkeep\n|turn|12\n|\n|t:|1776214984\n|move|p1a: Chimecho|Protect|p1a: Chimecho\n|-singleturn|p1a: Chimecho|Protect\n|move|p2a: Garchomp|Rock Slide|p1a: Chimecho|[spread] \n|-activate|p1a: Chimecho|move: Protect\n|-miss|p2a: Garchomp|p1b: Sinistcha\n|move|p2b: Rotom|Discharge|p1a: Chimecho|[spread] p1b\n|-activate|p1a: Chimecho|move: Protect\n|-immune|p2a: Garchomp\n|-resisted|p1b: Sinistcha|1\n|-damage|p1b: Sinistcha|9/100\n|move|p1b: Sinistcha|Trick Room|p1b: Sinistcha\n|-fieldstart|move: Trick Room|[of] p1b: Sinistcha\n|\n|upkeep\n|turn|13\n|-message|4Rose forfeited.\n|\n|win|iruekashi\n|raw|iruekashi's rating: 1109 &rarr; <strong>1140</strong><br />(+31 for winning)\n|raw|4Rose's rating: 1200 &rarr; <strong>1169</strong><br />(-31 for losing)\n|l|\u26064Rose\n|player|p2|\n",
  "uploadtime": 1776215008,
  "views": 20,
  "formatid": "gen9championsvgc2026regma",
  "rating": 1140,
  "private": 0,
  "password": null
}