{
  "id": "gen9championsvgc2026regma-2588366856",
  "format": "[Gen 9 Champions] VGC 2026 Reg M-A",
  "players": [
    "MimiQTx",
    "jayoticnl"
  ],
  "log": "|j|\u2606MimiQTx\n|j|\u2606jayoticnl\n|t:|1776627593\n|gametype|doubles\n|player|p1|MimiQTx|caitlin|1291\n|player|p2|jayoticnl|jacinthe|1327\n|gen|9\n|tier|[Gen 9 Champions] VGC 2026 Reg M-A\n|rated|\n|rule|Species Clause: Limit one of each Pok\u00e9mon\n|rule|Item Clause: Limit 1 of each item\n|clearpoke\n|poke|p1|Scovillain, L50, M|\n|poke|p1|Zoroark-Hisui, L50, F, shiny|\n|poke|p1|Aerodactyl, L50, F|\n|poke|p1|Milotic, L50, M|\n|poke|p1|Kingambit, L50, M, shiny|\n|poke|p1|Garchomp, L50, M|\n|poke|p2|Lopunny, L50, M|\n|poke|p2|Kingambit, L50, F|\n|poke|p2|Vanilluxe, L50, F|\n|poke|p2|Garchomp, L50, F|\n|poke|p2|Clefable, L50, F|\n|poke|p2|Rotom-Wash, L50|\n|teampreview|4\n|\n|t:|1776627619\n|teamsize|p1|4\n|teamsize|p2|4\n|start\n|switch|p1a: Scovillain|Scovillain, L50, M|100/100\n|switch|p1b: Aerodactyl|Aerodactyl, L50, F|100/100\n|switch|p2a: Vanilluxe|Vanilluxe, L50, F|100/100\n|switch|p2b: Lopunny|Lopunny, L50, M|100/100\n|-weather|Snowscape|[from] ability: Snow Warning|[of] p2a: Vanilluxe\n|turn|1\n|\n|t:|1776627656\n|detailschange|p2b: Lopunny|Lopunny-Mega, L50, M\n|-mega|p2b: Lopunny|Lopunny|Lopunnite\n|detailschange|p1a: Scovillain|Scovillain-Mega, L50, M\n|-mega|p1a: Scovillain|Scovillain|Scovillainite\n|move|p2b: Lopunny|Fake Out|p1b: Aerodactyl\n|-resisted|p1b: Aerodactyl|1\n|-damage|p1b: Aerodactyl|85/100\n|move|p2a: Vanilluxe|Blizzard|p1b: Aerodactyl|[spread] p1a,p1b\n|-supereffective|p1b: Aerodactyl|1\n|-damage|p1a: Scovillain|58/100\n|-damage|p1b: Aerodactyl|0 fnt\n|-status|p1a: Scovillain|frz\n|-status|p2a: Vanilluxe|brn|[from] ability: Spicy Spray|[of] p1a: Scovillain\n|faint|p1b: Aerodactyl\n|cant|p1a: Scovillain|frz\n|\n|-weather|Snowscape|[upkeep]\n|-damage|p2a: Vanilluxe|94/100 brn|[from] brn\n|upkeep\n|\n|t:|1776627674\n|switch|p1b: Milotic|Milotic, L50, M|100/100\n|turn|2\n|\n|t:|1776627680\n|move|p2a: Vanilluxe|Blizzard|p1b: Milotic|[spread] p1a,p1b\n|-resisted|p1b: Milotic|1\n|-damage|p1a: Scovillain|20/100 frz\n|-damage|p1b: Milotic|87/100\n|move|p2b: Lopunny|Close Combat|p1b: Milotic\n|-damage|p1b: Milotic|43/100\n|-unboost|p2b: Lopunny|def|1\n|-unboost|p2b: Lopunny|spd|1\n|move|p1b: Milotic|Scald|p2b: Lopunny\n|-damage|p2b: Lopunny|45/100\n|cant|p1a: Scovillain|frz\n|\n|-weather|Snowscape|[upkeep]\n|-heal|p1b: Milotic|49/100|[from] item: Leftovers\n|-damage|p2a: Vanilluxe|88/100 brn|[from] brn\n|upkeep\n|turn|3\n|\n|t:|1776627704\n|-curestatus|p1a: Scovillain|frz|[msg]\n|move|p1a: Scovillain|Protect|p1a: Scovillain\n|-singleturn|p1a: Scovillain|Protect\n|move|p2a: Vanilluxe|Blizzard|p1b: Milotic|[spread] p1b\n|-activate|p1a: Scovillain|move: Protect\n|-resisted|p1b: Milotic|1\n|-damage|p1b: Milotic|35/100\n|move|p2b: Lopunny|Close Combat|p1b: Milotic\n|-damage|p1b: Milotic|0 fnt\n|-unboost|p2b: Lopunny|def|1\n|-unboost|p2b: Lopunny|spd|1\n|faint|p1b: Milotic\n|\n|-weather|Snowscape|[upkeep]\n|-damage|p2a: Vanilluxe|82/100 brn|[from] brn\n|upkeep\n|\n|t:|1776627719\n|switch|p1b: Kingambit|Kingambit, L50, M, shiny|100/100\n|turn|4\n|\n|t:|1776627726\n|switch|p2b: Kingambit|Kingambit, L50, F|100/100\n|move|p1b: Kingambit|Sucker Punch||[still]\n|-fail|p1b: Kingambit\n|move|p2a: Vanilluxe|Blizzard|p1b: Kingambit|[spread] p1a,p1b\n|-resisted|p1b: Kingambit|1\n|-damage|p1a: Scovillain|0 fnt\n|-damage|p1b: Kingambit|82/100\n|-status|p1b: Kingambit|frz\n|faint|p1a: Scovillain\n|\n|-weather|Snowscape|[upkeep]\n|-damage|p2a: Vanilluxe|76/100 brn|[from] brn\n|upkeep\n|turn|5\n|-message|MimiQTx forfeited.\n|\n|win|jayoticnl\n|raw|MimiQTx's rating: 1291 &rarr; <strong>1269</strong><br />(-22 for losing)\n|raw|jayoticnl's rating: 1327 &rarr; <strong>1345</strong><br />(+18 for winning)\n|l|\u2606MimiQTx\n|player|p1|\n|l|\u2606jayoticnl\n|player|p2|\n|j|\u2606jayoticnl\n|player|p2|jayoticnl|jacinthe|\n",
  "uploadtime": 1776627807,
  "views": 49,
  "formatid": "gen9championsvgc2026regma",
  "rating": 1269,
  "private": 0,
  "password": null
}