{
  "id": "gen9championsvgc2026regma-2587577850",
  "format": "[Gen 9 Champions] VGC 2026 Reg M-A",
  "players": [
    "rodjido",
    "mimic345"
  ],
  "log": "|j|\u2606rodjido\n|j|\u2606mimic345\n|t:|1776543845\n|gametype|doubles\n|player|p1|rodjido|101|1143\n|player|p2|mimic345|blue|1083\n|gen|9\n|tier|[Gen 9 Champions] VGC 2026 Reg M-A\n|rated|\n|rule|Species Clause: Limit one of each Pok\u00e9mon\n|rule|Item Clause: Limit 1 of each item\n|clearpoke\n|poke|p1|Charizard, L50, M, shiny|\n|poke|p1|Whimsicott, L50, F|\n|poke|p1|Garchomp, L50, F|\n|poke|p1|Incineroar, L50, M|\n|poke|p1|Torkoal, L50, M|\n|poke|p1|Venusaur, L50, F|\n|poke|p2|Typhlosion-Hisui, L50, M|\n|poke|p2|Altaria, L50, M|\n|poke|p2|Whimsicott, L50, F|\n|poke|p2|Rotom-Wash, L50|\n|poke|p2|Sableye, L50, M|\n|poke|p2|Sinistcha, L50|\n|teampreview|4\n|inactive|Battle timer is ON: inactive players will automatically lose when time's up. (requested by mimic345)\n|\n|t:|1776543873\n|teamsize|p1|4\n|teamsize|p2|4\n|start\n|switch|p1a: Charizard|Charizard, L50, M, shiny|100/100\n|switch|p1b: Garchomp|Garchomp, L50, F|100/100\n|switch|p2a: Altaria|Altaria, L50, M|100/100\n|switch|p2b: Sinistcha|Sinistcha, L50|100/100\n|-ability|p2a: Altaria|Cloud Nine\n|turn|1\n|\n|t:|1776543888\n|detailschange|p1a: Charizard|Charizard-Mega-Y, L50, M, shiny\n|-mega|p1a: Charizard|Charizard|Charizardite Y\n|-weather|SunnyDay|[from] ability: Drought|[of] p1a: Charizard\n|detailschange|p2a: Altaria|Altaria-Mega, L50, M\n|-mega|p2a: Altaria|Altaria|Altarianite\n|move|p1b: Garchomp|Rock Tomb|p2a: Altaria\n|-damage|p2a: Altaria|81/100\n|-unboost|p2a: Altaria|spe|1\n|move|p1a: Charizard|Heat Wave|p2a: Altaria|[spread] p2a\n|-miss|p1a: Charizard|p2b: Sinistcha\n|-resisted|p2a: Altaria|1\n|-damage|p2a: Altaria|49/100\n|move|p2a: Altaria|Hyper Voice|p1a: Charizard|[spread] p1a,p1b\n|-resisted|p1a: Charizard|1\n|-supereffective|p1b: Garchomp|1\n|-damage|p1a: Charizard|85/100\n|-damage|p1b: Garchomp|23/100\n|move|p2b: Sinistcha|Trick Room|p2b: Sinistcha\n|-fieldstart|move: Trick Room|[of] p2b: Sinistcha\n|\n|-weather|SunnyDay|[upkeep]\n|upkeep\n|turn|2\n|inactive|rodjido has 30 seconds left.\n|inactive|mimic345 has 30 seconds left.\n|inactive|rodjido has 20 seconds left.\n|inactive|rodjido has 15 seconds left.\n|\n|t:|1776543929\n|switch|p1b: Incineroar|Incineroar, L50, M|100/100\n|-ability|p1b: Incineroar|Intimidate|boost\n|-unboost|p2a: Altaria|atk|1\n|-unboost|p2b: Sinistcha|atk|1\n|move|p2a: Altaria|Roost|p2a: Altaria\n|-heal|p2a: Altaria|99/100\n|-singleturn|p2a: Altaria|move: Roost\n|move|p2b: Sinistcha|Matcha Gotcha|p1a: Charizard|[spread] p1a,p1b\n|-resisted|p1a: Charizard|2\n|-resisted|p1b: Incineroar|1\n|-damage|p1a: Charizard|80/100\n|-damage|p1b: Incineroar|89/100\n|move|p1a: Charizard|Heat Wave|p2b: Sinistcha|[spread] p2a,p2b\n|-resisted|p2a: Altaria|1\n|-supereffective|p2b: Sinistcha|1\n|-damage|p2a: Altaria|72/100\n|-damage|p2b: Sinistcha|0 fnt\n|faint|p2b: Sinistcha\n|\n|-weather|SunnyDay|[upkeep]\n|upkeep\n|\n|t:|1776543943\n|switch|p2b: Rotom|Rotom-Wash, L50|100/100\n|turn|3\n|\n|t:|1776543961\n|switch|p2a: Typhlosion|Typhlosion-Hisui, L50, M|100/100\n|-item|p1a: Charizard|Charizardite Y|[from] ability: Frisk|[of] p2a: Typhlosion\n|-item|p1b: Incineroar|Sitrus Berry|[from] ability: Frisk|[of] p2a: Typhlosion\n|move|p1b: Incineroar|Fake Out|p2a: Typhlosion\n|-immune|p2a: Typhlosion\n|move|p2b: Rotom|Hydro Pump|p1b: Incineroar\n|-supereffective|p1b: Incineroar|1\n|-damage|p1b: Incineroar|45/100\n|-enditem|p1b: Incineroar|Sitrus Berry|[eat]\n|-heal|p1b: Incineroar|69/100|[from] item: Sitrus Berry\n|move|p1a: Charizard|Solar Beam||[still]\n|-prepare|p1a: Charizard|Solar Beam\n|-anim|p1a: Charizard|Solar Beam|p2b: Rotom\n|-supereffective|p2b: Rotom|1\n|-crit|p2b: Rotom\n|-damage|p2b: Rotom|0 fnt\n|faint|p2b: Rotom\n|\n|-weather|SunnyDay|[upkeep]\n|upkeep\n|\n|t:|1776543976\n|switch|p2b: Altaria|Altaria-Mega, L50, M|72/100\n|turn|4\n|\n|t:|1776544001\n|switch|p1a: Venusaur|Venusaur, L50, F|100/100\n|move|p1b: Incineroar|Parting Shot|p2a: Typhlosion\n|-unboost|p2a: Typhlosion|atk|1\n|-unboost|p2a: Typhlosion|spa|1\n|\n|t:|1776544011\n|switch|p1b: Garchomp|Garchomp, L50, F|23/100|[from] Parting Shot\n|move|p2b: Altaria|Flamethrower|p1a: Venusaur\n|-supereffective|p1a: Venusaur|1\n|-damage|p1a: Venusaur|9/100\n|move|p2a: Typhlosion|Eruption|p1b: Garchomp|[spread] p1a,p1b\n|-supereffective|p1a: Venusaur|1\n|-resisted|p1b: Garchomp|1\n|-damage|p1a: Venusaur|0 fnt\n|-damage|p1b: Garchomp|0 fnt\n|faint|p1a: Venusaur\n|faint|p1b: Garchomp\n|\n|-weather|SunnyDay|[upkeep]\n|upkeep\n|\n|t:|1776544019\n|switch|p1a: Incineroar|Incineroar, L50, M|69/100\n|switch|p1b: Charizard|Charizard-Mega-Y, L50, M, shiny|80/100\n|-ability|p1a: Incineroar|Intimidate|boost\n|-unboost|p2a: Typhlosion|atk|1\n|-unboost|p2b: Altaria|atk|1\n|turn|5\n|\n|t:|1776544039\n|move|p2b: Altaria|Protect|p2b: Altaria\n|-singleturn|p2b: Altaria|Protect\n|move|p1a: Incineroar|Darkest Lariat|p2a: Typhlosion\n|-supereffective|p2a: Typhlosion|1\n|-damage|p2a: Typhlosion|0 fnt\n|faint|p2a: Typhlosion\n|move|p1b: Charizard|Heat Wave|p2b: Altaria\n|-activate|p2b: Altaria|move: Protect\n|\n|-weather|none\n|-fieldend|move: Trick Room\n|upkeep\n|turn|6\n|\n|t:|1776544062\n|move|p1b: Charizard|Heat Wave|p2b: Altaria\n|-resisted|p2b: Altaria|1\n|-damage|p2b: Altaria|48/100\n|move|p2b: Altaria|Hyper Voice|p1a: Incineroar|[spread] p1a,p1b\n|-resisted|p1b: Charizard|1\n|-damage|p1a: Incineroar|33/100\n|-damage|p1b: Charizard|67/100\n|move|p1a: Incineroar|Parting Shot|p2b: Altaria\n|-unboost|p2b: Altaria|atk|1\n|-unboost|p2b: Altaria|spa|1\n|\n|upkeep\n|turn|7\n|inactive|rodjido has 30 seconds left.\n|\n|t:|1776544091\n|move|p1b: Charizard|Heat Wave|p2b: Altaria\n|-resisted|p2b: Altaria|1\n|-damage|p2b: Altaria|20/100\n|move|p2b: Altaria|Roost|p2b: Altaria\n|-heal|p2b: Altaria|70/100\n|-singleturn|p2b: Altaria|move: Roost\n|move|p1a: Incineroar|Flare Blitz|p2b: Altaria\n|-resisted|p2b: Altaria|1\n|-damage|p2b: Altaria|43/100\n|-damage|p1a: Incineroar|25/100|[from] Recoil\n|\n|upkeep\n|turn|8\n|\n|t:|1776544107\n|move|p1b: Charizard|Heat Wave|p2b: Altaria\n|-resisted|p2b: Altaria|1\n|-damage|p2b: Altaria|17/100\n|-status|p2b: Altaria|brn\n|move|p2b: Altaria|Hyper Voice|p1a: Incineroar|[spread] p1a,p1b\n|-resisted|p1b: Charizard|1\n|-damage|p1a: Incineroar|3/100\n|-damage|p1b: Charizard|56/100\n|move|p1a: Incineroar|Parting Shot|p2b: Altaria\n|-unboost|p2b: Altaria|atk|1\n|-unboost|p2b: Altaria|spa|1\n|\n|-damage|p2b: Altaria|11/100 brn|[from] brn\n|upkeep\n|turn|9\n|\n|t:|1776544121\n|move|p1b: Charizard|Heat Wave|p2b: Altaria\n|-resisted|p2b: Altaria|1\n|-damage|p2b: Altaria|0 fnt\n|faint|p2b: Altaria\n|\n|win|rodjido\n|raw|rodjido's rating: 1143 &rarr; <strong>1164</strong><br />(+21 for winning)\n|raw|mimic345's rating: 1083 &rarr; <strong>1064</strong><br />(-19 for losing)\n|l|\u2606mimic345\n|player|p2|\n",
  "uploadtime": 1776544131,
  "views": 17,
  "formatid": "gen9championsvgc2026regma",
  "rating": 1064,
  "private": 0,
  "password": null
}