{
  "id": "gen9championsvgc2026regma-2587210175",
  "format": "[Gen 9 Champions] VGC 2026 Reg M-A",
  "players": [
    "Tymoteuszk",
    "lolgz"
  ],
  "log": "|j|\u2606Tymoteuszk\n|j|\u2606lolgz\n|t:|1776509354\n|gametype|doubles\n|player|p1|Tymoteuszk|102|1153\n|player|p2|lolgz|dawn|1208\n|gen|9\n|tier|[Gen 9 Champions] VGC 2026 Reg M-A\n|rated|\n|rule|Species Clause: Limit one of each Pok\u00e9mon\n|rule|Item Clause: Limit 1 of each item\n|clearpoke\n|poke|p1|Aggron, L50, M, shiny|\n|poke|p1|Incineroar, L50, F, shiny|\n|poke|p1|Basculegion, L50, M, shiny|\n|poke|p1|Sinistcha-Masterpiece, L50, shiny|\n|poke|p1|Dragonite, L50, F, shiny|\n|poke|p1|Pelipper, L50, M, shiny|\n|poke|p2|Aerodactyl, L50, F|\n|poke|p2|Basculegion, L50, M|\n|poke|p2|Sneasler, L50, M|\n|poke|p2|Floette-Eternal, L50, F|\n|poke|p2|Maushold, L50|\n|poke|p2|Kingambit, L50, M|\n|teampreview|4\n|inactive|Battle timer is ON: inactive players will automatically lose when time's up. (requested by Tymoteuszk)\n|inactive|lolgz has 60 seconds left.\n|\n|t:|1776509387\n|teamsize|p1|4\n|teamsize|p2|4\n|start\n|switch|p1a: Sinistcha|Sinistcha-Masterpiece, L50, shiny|100/100\n|switch|p1b: Incineroar|Incineroar, L50, F, shiny|100/100\n|switch|p2a: Aerodactyl|Aerodactyl, L50, F|100/100\n|switch|p2b: Basculegion|Basculegion, L50, M|100/100\n|-ability|p2a: Aerodactyl|Unnerve\n|-ability|p1b: Incineroar|Intimidate|boost\n|-unboost|p2a: Aerodactyl|atk|1\n|-unboost|p2b: Basculegion|atk|1\n|turn|1\n|\n|t:|1776509411\n|move|p1b: Incineroar|Fake Out|p2a: Aerodactyl\n|-resisted|p2a: Aerodactyl|1\n|-damage|p2a: Aerodactyl|92/100\n|move|p2b: Basculegion|Wave Crash|p1b: Incineroar\n|-supereffective|p1b: Incineroar|1\n|-damage|p1b: Incineroar|17/100\n|-damage|p2b: Basculegion|72/100|[from] Recoil\n|cant|p2a: Aerodactyl|flinch\n|move|p1a: Sinistcha|Trick Room|p1a: Sinistcha\n|-fieldstart|move: Trick Room|[of] p1a: Sinistcha\n|\n|upkeep\n|turn|2\n|\n|t:|1776509426\n|switch|p2b: Maushold|Maushold, L50|100/100\n|move|p1a: Sinistcha|Matcha Gotcha|p2a: Aerodactyl|[spread] p2b\n|-miss|p1a: Sinistcha|p2a: Aerodactyl\n|-damage|p2b: Maushold|72/100\n|move|p1b: Incineroar|Parting Shot|p2a: Aerodactyl\n|-unboost|p2a: Aerodactyl|atk|1\n|-unboost|p2a: Aerodactyl|spa|1\n|\n|t:|1776509441\n|switch|p1b: Aggron|Aggron, L50, M, shiny|100/100|[from] Parting Shot\n|move|p2a: Aerodactyl|Dual Wingbeat|p1a: Sinistcha\n|-supereffective|p1a: Sinistcha|1\n|-damage|p1a: Sinistcha|86/100\n|-supereffective|p1a: Sinistcha|1\n|-damage|p1a: Sinistcha|71/100\n|-hitcount|p1a: Sinistcha|2\n|\n|upkeep\n|turn|3\n|\n|t:|1776509452\n|detailschange|p1b: Aggron|Aggron-Mega, L50, M, shiny\n|-mega|p1b: Aggron|Aggron|Aggronite\n|move|p2a: Aerodactyl|Protect|p2a: Aerodactyl\n|-singleturn|p2a: Aerodactyl|Protect\n|move|p1a: Sinistcha|Rage Powder|p1a: Sinistcha\n|-singleturn|p1a: Sinistcha|move: Rage Powder\n|move|p1b: Aggron|Iron Defense|p1b: Aggron\n|-boost|p1b: Aggron|def|2\n|move|p2b: Maushold|Super Fang|p1a: Sinistcha\n|-immune|p1a: Sinistcha\n|\n|upkeep\n|turn|4\n|\n|t:|1776509469\n|move|p1b: Aggron|Heavy Slam|p2a: Aerodactyl\n|-supereffective|p2a: Aerodactyl|1\n|-crit|p2a: Aerodactyl\n|-damage|p2a: Aerodactyl|0 fnt\n|faint|p2a: Aerodactyl\n|move|p1a: Sinistcha|Life Dew||[still]|[spread] p1a,p1b\n|-heal|p1a: Sinistcha|96/100\n|-fail|p1b: Aggron|heal\n|move|p2b: Maushold|Super Fang|p1b: Aggron\n|-damage|p1b: Aggron|51/100\n|\n|upkeep\n|\n|t:|1776509474\n|switch|p2a: Sneasler|Sneasler, L50, M|100/100\n|turn|5\n|\n|t:|1776509496\n|move|p1b: Aggron|Body Press|p2b: Maushold\n|-supereffective|p2b: Maushold|1\n|-enditem|p2b: Maushold|Chople Berry|[eat]\n|-enditem|p2b: Maushold|Chople Berry|[weaken]\n|-damage|p2b: Maushold|0 fnt\n|faint|p2b: Maushold\n|move|p1a: Sinistcha|Life Dew|p1a: Sinistcha|[spread] p1a,p1b\n|-heal|p1a: Sinistcha|100/100\n|-heal|p1b: Aggron|76/100\n|move|p2a: Sneasler|Dire Claw|p1a: Sinistcha\n|-damage|p1a: Sinistcha|70/100\n|-status|p1a: Sinistcha|slp\n|\n|-fieldend|move: Trick Room\n|upkeep\n|\n|t:|1776509500\n|switch|p2b: Basculegion|Basculegion, L50, M|72/100\n|turn|6\n|\n|t:|1776509519\n|move|p1b: Aggron|Protect|p1b: Aggron\n|-singleturn|p1b: Aggron|Protect\n|move|p2b: Basculegion|Last Respects|p1b: Aggron\n|-activate|p1b: Aggron|move: Protect\n|move|p2a: Sneasler|Close Combat|p1b: Aggron\n|-activate|p1b: Aggron|move: Protect\n|cant|p1a: Sinistcha|slp\n|\n|upkeep\n|turn|7\n|\n|t:|1776509542\n|switch|p1a: Basculegion|Basculegion, L50, M, shiny|100/100\n|move|p2b: Basculegion|Last Respects|p1b: Aggron\n|-damage|p1b: Aggron|52/100\n|move|p2a: Sneasler|Close Combat|p1b: Aggron\n|-supereffective|p1b: Aggron|1\n|-damage|p1b: Aggron|31/100\n|-unboost|p2a: Sneasler|def|1\n|-unboost|p2a: Sneasler|spd|1\n|-enditem|p2a: Sneasler|White Herb\n|-clearnegativeboost|p2a: Sneasler|[silent]\n|move|p1b: Aggron|Body Press|p2a: Sneasler\n|-resisted|p2a: Sneasler|1\n|-damage|p2a: Sneasler|34/100\n|\n|upkeep\n|turn|8\n|\n|t:|1776509560\n|move|p1b: Aggron|Protect|p1b: Aggron\n|-singleturn|p1b: Aggron|Protect\n|move|p2a: Sneasler|Close Combat|p1b: Aggron\n|-activate|p1b: Aggron|move: Protect\n|move|p2b: Basculegion|Last Respects|p1a: Basculegion\n|-supereffective|p1a: Basculegion|1\n|-damage|p1a: Basculegion|0 fnt\n|faint|p1a: Basculegion\n|\n|upkeep\n|\n|t:|1776509570\n|switch|p1a: Incineroar|Incineroar, L50, F, shiny|17/100\n|-enditem|p1a: Incineroar|Sitrus Berry|[eat]\n|-heal|p1a: Incineroar|42/100|[from] item: Sitrus Berry\n|-ability|p1a: Incineroar|Intimidate|boost\n|-unboost|p2a: Sneasler|atk|1\n|-unboost|p2b: Basculegion|atk|1\n|turn|9\n|inactive|Tymoteuszk has 30 seconds left.\n|\n|t:|1776509597\n|move|p2a: Sneasler|Protect|p2a: Sneasler\n|-singleturn|p2a: Sneasler|Protect\n|move|p1a: Incineroar|Fake Out|p2a: Sneasler\n|-activate|p2a: Sneasler|move: Protect\n|move|p2b: Basculegion|Last Respects|p1b: Aggron\n|-damage|p1b: Aggron|16/100\n|move|p1b: Aggron|Body Press|p2a: Sneasler\n|-activate|p2a: Sneasler|move: Protect\n|\n|upkeep\n|turn|10\n|\n|t:|1776509613\n|move|p1b: Aggron|Protect|p1b: Aggron\n|-singleturn|p1b: Aggron|Protect\n|move|p2a: Sneasler|Close Combat|p1a: Incineroar\n|-supereffective|p1a: Incineroar|1\n|-damage|p1a: Incineroar|0 fnt\n|-unboost|p2a: Sneasler|def|1\n|-unboost|p2a: Sneasler|spd|1\n|faint|p1a: Incineroar\n|move|p2b: Basculegion|Last Respects|p1b: Aggron\n|-activate|p1b: Aggron|move: Protect\n|\n|upkeep\n|\n|t:|1776509623\n|switch|p1a: Sinistcha|Sinistcha-Masterpiece, L50, shiny|70/100 slp\n|-heal|p1b: Aggron|41/100|[from] ability: Hospitality|[of] p1a: Sinistcha\n|turn|11\n|\n|t:|1776509638\n|move|p2a: Sneasler|Close Combat|p1b: Aggron\n|-supereffective|p1b: Aggron|1\n|-damage|p1b: Aggron|26/100\n|-unboost|p2a: Sneasler|def|1\n|-unboost|p2a: Sneasler|spd|1\n|move|p2b: Basculegion|Last Respects|p1b: Aggron\n|-damage|p1b: Aggron|9/100\n|move|p1b: Aggron|Body Press|p2a: Sneasler\n|-resisted|p2a: Sneasler|1\n|-damage|p2a: Sneasler|0 fnt\n|faint|p2a: Sneasler\n|cant|p1a: Sinistcha|slp\n|\n|upkeep\n|turn|12\n|\n|t:|1776509663\n|move|p2b: Basculegion|Last Respects|p1a: Sinistcha\n|-supereffective|p1a: Sinistcha|1\n|-damage|p1a: Sinistcha|0 fnt\n|faint|p1a: Sinistcha\n|move|p1b: Aggron|Heavy Slam|p2b: Basculegion\n|-resisted|p2b: Basculegion|1\n|-damage|p2b: Basculegion|50/100\n|\n|upkeep\n|turn|13\n|-message|Tymoteuszk forfeited.\n|\n|win|lolgz\n|raw|Tymoteuszk's rating: 1153 &rarr; <strong>1134</strong><br />(-19 for losing)\n|raw|lolgz's rating: 1234 &rarr; <strong>1253</strong><br />(+19 for winning)\n",
  "uploadtime": 1776509671,
  "views": 13,
  "formatid": "gen9championsvgc2026regma",
  "rating": 1134,
  "private": 0,
  "password": null
}