{
  "id": "gen9championsvgc2026regma-2581642289",
  "format": "[Gen 9 Champions] VGC 2026 Reg M-A",
  "players": [
    "EagleWizard",
    "gallium1005"
  ],
  "log": "|j|\u2606EagleWizard\n|j|\u2606gallium1005\n|t:|1776017359\n|gametype|doubles\n|player|p1|EagleWizard|169|1195\n|player|p2|gallium1005|hilbert|1118\n|gen|9\n|tier|[Gen 9 Champions] VGC 2026 Reg M-A\n|rated|\n|rule|Species Clause: Limit one of each Pok\u00e9mon\n|rule|Item Clause: Limit 1 of each item\n|clearpoke\n|poke|p1|Sneasler, L50, M|\n|poke|p1|Rotom-Heat, L50|\n|poke|p1|Incineroar, L50, F|\n|poke|p1|Kangaskhan, L50, F|\n|poke|p1|Gyarados, L50, M|\n|poke|p1|Sinistcha, L50|\n|poke|p2|Sneasler, L50, F|\n|poke|p2|Delphox, L50, F|\n|poke|p2|Garchomp, L50, F|\n|poke|p2|Whimsicott, L50, M|\n|poke|p2|Rotom-Wash, L50|\n|poke|p2|Corviknight, L50, F|\n|teampreview|4\n|\n|t:|1776017406\n|teamsize|p1|4\n|teamsize|p2|4\n|start\n|switch|p1a: Kangaskhan|Kangaskhan, L50, F|100/100\n|switch|p1b: Gyarados|Gyarados, L50, M|100/100\n|switch|p2a: Garchomp|Garchomp, L50, F|100/100\n|switch|p2b: Rotom|Rotom-Wash, L50|100/100\n|-ability|p1b: Gyarados|Intimidate|boost\n|-unboost|p2a: Garchomp|atk|1\n|-unboost|p2b: Rotom|atk|1\n|turn|1\n|\n|t:|1776017440\n|detailschange|p1a: Kangaskhan|Kangaskhan-Mega, L50, F\n|-mega|p1a: Kangaskhan|Kangaskhan|Kangaskhanite\n|move|p1a: Kangaskhan|Fake Out|p2b: Rotom\n|-damage|p2b: Rotom|70/100\n|-damage|p2b: Rotom|63/100\n|-hitcount|p2b: Rotom|2\n|cant|p2b: Rotom|flinch\n|move|p1b: Gyarados|Dragon Dance|p1b: Gyarados\n|-boost|p1b: Gyarados|atk|1\n|-boost|p1b: Gyarados|spe|1\n|move|p2a: Garchomp|Dragon Claw|p1a: Kangaskhan\n|-damage|p1a: Kangaskhan|76/100\n|\n|upkeep\n|turn|2\n|\n|t:|1776017469\n|move|p1b: Gyarados|Protect|p1b: Gyarados\n|-singleturn|p1b: Gyarados|Protect\n|move|p1a: Kangaskhan|Sucker Punch|p2b: Rotom\n|-damage|p2b: Rotom|28/100\n|-damage|p2b: Rotom|20/100\n|-hitcount|p2b: Rotom|2\n|move|p2b: Rotom|Volt Switch|p1b: Gyarados\n|-activate|p1b: Gyarados|move: Protect\n|move|p2a: Garchomp|Rock Slide|p1b: Gyarados|[spread] p1a\n|-activate|p1b: Gyarados|move: Protect\n|-damage|p1a: Kangaskhan|66/100\n|\n|upkeep\n|turn|3\n|\n|t:|1776017498\n|switch|p2b: Sneasler|Sneasler, L50, F|100/100\n|move|p1a: Kangaskhan|Sucker Punch||[still]\n|-fail|p1a: Kangaskhan\n|move|p1b: Gyarados|Waterfall|p2a: Garchomp\n|-damage|p2a: Garchomp|40/100\n|-damage|p1b: Gyarados|88/100|[from] ability: Rough Skin|[of] p2a: Garchomp\n|move|p2a: Garchomp|Rock Slide|p1a: Kangaskhan|[spread] p1a\n|-miss|p2a: Garchomp|p1b: Gyarados\n|-damage|p1a: Kangaskhan|54/100\n|\n|-heal|p2a: Garchomp|47/100|[from] item: Leftovers\n|upkeep\n|turn|4\n|\n|t:|1776017539\n|move|p2b: Sneasler|Fake Out|p1a: Kangaskhan\n|-damage|p1a: Kangaskhan|40/100\n|cant|p1a: Kangaskhan|flinch\n|move|p1b: Gyarados|Waterfall|p2b: Sneasler\n|-damage|p2b: Sneasler|0 fnt\n|faint|p2b: Sneasler\n|move|p2a: Garchomp|Rock Slide|p1a: Kangaskhan|[spread] p1a,p1b\n|-supereffective|p1b: Gyarados|1\n|-damage|p1a: Kangaskhan|29/100\n|-damage|p1b: Gyarados|52/100\n|\n|-heal|p2a: Garchomp|53/100|[from] item: Leftovers\n|upkeep\n|\n|t:|1776017566\n|switch|p2b: Delphox|Delphox, L50, F|100/100\n|turn|5\n|\n|t:|1776017581\n|detailschange|p2b: Delphox|Delphox-Mega, L50, F\n|-mega|p2b: Delphox|Delphox|Delphoxite\n|move|p1b: Gyarados|Waterfall|p2b: Delphox\n|-supereffective|p2b: Delphox|1\n|-damage|p2b: Delphox|0 fnt\n|faint|p2b: Delphox\n|move|p2a: Garchomp|Dragon Claw|p1b: Gyarados\n|-damage|p1b: Gyarados|14/100\n|move|p1a: Kangaskhan|Body Slam|p2a: Garchomp\n|-damage|p2a: Garchomp|13/100\n|-status|p2a: Garchomp|par\n|-damage|p1a: Kangaskhan|17/100|[from] ability: Rough Skin|[of] p2a: Garchomp\n|-damage|p2a: Garchomp|3/100 par\n|-damage|p1a: Kangaskhan|4/100|[from] ability: Rough Skin|[of] p2a: Garchomp\n|-hitcount|p2a: Garchomp|2\n|\n|-heal|p2a: Garchomp|9/100 par|[from] item: Leftovers\n|upkeep\n|\n|t:|1776017597\n|switch|p2b: Rotom|Rotom-Wash, L50|20/100\n|turn|6\n|\n|t:|1776017609\n|move|p1a: Kangaskhan|Sucker Punch|p2b: Rotom\n|-damage|p2b: Rotom|0 fnt\n|faint|p2b: Rotom\n|-hitcount|p2: Rotom|1\n|move|p1b: Gyarados|Waterfall|p2a: Garchomp\n|-damage|p2a: Garchomp|0 fnt\n|-damage|p1b: Gyarados|2/100|[from] ability: Rough Skin|[of] p2a: Garchomp\n|faint|p2a: Garchomp\n|\n|win|EagleWizard\n|raw|EagleWizard's rating: 1195 &rarr; <strong>1215</strong><br />(+20 for winning)\n|raw|gallium1005's rating: 1118 &rarr; <strong>1098</strong><br />(-20 for losing)\n|c|\u2606gallium1005|gg\n",
  "uploadtime": 1776017615,
  "views": 18,
  "formatid": "gen9championsvgc2026regma",
  "rating": 1098,
  "private": 0,
  "password": null
}