{
  "id": "gen9championsvgc2026regma-2587239249",
  "format": "[Gen 9 Champions] VGC 2026 Reg M-A",
  "players": [
    "dune's kitchen",
    "Giannuccio"
  ],
  "log": "|j|\u2606dune's kitchen\n|j|\u2606Giannuccio\n|t:|1776513085\n|gametype|doubles\n|player|p1|dune's kitchen|baker|1158\n|player|p2|Giannuccio|janine|1070\n|gen|9\n|tier|[Gen 9 Champions] VGC 2026 Reg M-A\n|rated|\n|rule|Species Clause: Limit one of each Pok\u00e9mon\n|rule|Item Clause: Limit 1 of each item\n|clearpoke\n|poke|p1|Meowstic-F, L50, F|\n|poke|p1|Wyrdeer, L50, F|\n|poke|p1|Sinistcha, L50|\n|poke|p1|Tyranitar, L50, M|\n|poke|p1|Excadrill, L50, F|\n|poke|p1|Kommo-o, L50, F|\n|poke|p2|Altaria, L50, F|\n|poke|p2|Arcanine-Hisui, L50, M|\n|poke|p2|Excadrill, L50, M|\n|poke|p2|Milotic, L50, F|\n|poke|p2|Sinistcha, L50|\n|poke|p2|Incineroar, L50, M|\n|teampreview|4\n|\n|t:|1776513109\n|teamsize|p1|4\n|teamsize|p2|4\n|start\n|switch|p1a: Meowstic|Meowstic-F, L50, F|100/100\n|switch|p1b: Wyrdeer|Wyrdeer, L50, F|100/100\n|switch|p2a: Gianni vola|Altaria, L50, F|100/100\n|switch|p2b: Gianni matcha|Sinistcha, L50|100/100\n|-ability|p2a: Gianni vola|Cloud Nine\n|-ability|p1b: Wyrdeer|Intimidate|boost\n|-unboost|p2a: Gianni vola|atk|1\n|-unboost|p2b: Gianni matcha|atk|1\n|turn|1\n|\n|t:|1776513129\n|detailschange|p2a: Gianni vola|Altaria-Mega, L50, F\n|-mega|p2a: Gianni vola|Altaria|Altarianite\n|move|p1a: Meowstic|Fake Out|p2a: Gianni vola\n|-damage|p2a: Gianni vola|97/100\n|move|p2b: Gianni matcha|Rage Powder|p2b: Gianni matcha\n|-singleturn|p2b: Gianni matcha|move: Rage Powder\n|cant|p2a: Gianni vola|flinch\n|move|p1b: Wyrdeer|Skill Swap|p2b: Gianni matcha\n|-activate|p1b: Wyrdeer|Skill Swap|Hospitality|Intimidate|[of] p2b: Gianni matcha\n|-ability|p2b: Gianni matcha|Intimidate|boost\n|-unboost|p1a: Meowstic|atk|1\n|-ability|p1a: Meowstic|Competitive|boost\n|-boost|p1a: Meowstic|spa|2\n|-unboost|p1b: Wyrdeer|atk|1\n|\n|upkeep\n|turn|2\n|\n|t:|1776513162\n|detailschange|p1a: Meowstic|Meowstic-F-Mega, L50, F\n|-mega|p1a: Meowstic|Meowstic|Meowsticite\n|-ability|p1a: Meowstic|Intimidate|Trace|[from] ability: Trace|[of] p2b: Gianni matcha\n|-ability|p1a: Meowstic|Intimidate|boost\n|-unboost|p2a: Gianni vola|atk|1\n|-unboost|p2b: Gianni matcha|atk|1\n|move|p2b: Gianni matcha|Rage Powder|p2b: Gianni matcha\n|-singleturn|p2b: Gianni matcha|move: Rage Powder\n|move|p1a: Meowstic|Psychic Noise|p2b: Gianni matcha\n|-damage|p2b: Gianni matcha|9/100\n|-start|p2b: Gianni matcha|move: Heal Block\n|move|p2a: Gianni vola|Tailwind|p2a: Gianni vola\n|-sidestart|p2: Giannuccio|move: Tailwind\n|move|p1b: Wyrdeer|Psychic|p2b: Gianni matcha\n|-damage|p2b: Gianni matcha|0 fnt\n|faint|p2b: Gianni matcha\n|\n|upkeep\n|\n|t:|1776513178\n|switch|p2b: Gianni fuoco|Arcanine-Hisui, L50, M|100/100\n|-ability|p2b: Gianni fuoco|Intimidate|boost\n|-unboost|p1a: Meowstic|atk|1\n|-unboost|p1b: Wyrdeer|atk|1\n|turn|3\n|\n|t:|1776513196\n|move|p1a: Meowstic|Protect|p1a: Meowstic\n|-singleturn|p1a: Meowstic|Protect\n|move|p2b: Gianni fuoco|Flare Blitz|p1a: Meowstic\n|-activate|p1a: Meowstic|move: Protect\n|move|p2a: Gianni vola|Hyper Voice|p1b: Wyrdeer|[spread] p1b\n|-activate|p1a: Meowstic|move: Protect\n|-damage|p1b: Wyrdeer|70/100\n|move|p1b: Wyrdeer|Trick Room|p1b: Wyrdeer\n|-fieldstart|move: Trick Room|[of] p1b: Wyrdeer\n|\n|upkeep\n|turn|4\n|\n|t:|1776513212\n|switch|p2a: Gianni scava|Excadrill, L50, M|100/100\n|-ability|p2a: Gianni scava|Mold Breaker\n|move|p2b: Gianni fuoco|Protect|p2b: Gianni fuoco\n|-singleturn|p2b: Gianni fuoco|Protect\n|move|p1b: Wyrdeer|Earth Power|p2b: Gianni fuoco\n|-activate|p2b: Gianni fuoco|move: Protect\n|move|p1a: Meowstic|Psychic Noise|p2a: Gianni scava\n|-resisted|p2a: Gianni scava|1\n|-damage|p2a: Gianni scava|45/100\n|-start|p2a: Gianni scava|move: Heal Block\n|\n|upkeep\n|turn|5\n|\n|t:|1776513249\n|move|p1b: Wyrdeer|Earth Power|p2a: Gianni scava\n|-supereffective|p2a: Gianni scava|1\n|-damage|p2a: Gianni scava|0 fnt\n|faint|p2a: Gianni scava\n|move|p1a: Meowstic|Psychic Noise|p2b: Gianni fuoco\n|-damage|p2b: Gianni fuoco|0 fnt\n|faint|p2b: Gianni fuoco\n|\n|-sideend|p2: Giannuccio|move: Tailwind\n|upkeep\n|\n|t:|1776513259\n|switch|p2b: Gianni vola|Altaria-Mega, L50, F|97/100\n|turn|6\n|\n|t:|1776513268\n|move|p1b: Wyrdeer|Skill Swap|p2b: Gianni vola\n|-activate|p1b: Wyrdeer|Skill Swap|Pixilate|Hospitality|[of] p2b: Gianni vola\n|move|p2b: Gianni vola|Hyper Voice|p1a: Meowstic|[spread] p1a,p1b\n|-damage|p1a: Meowstic|72/100\n|-damage|p1b: Wyrdeer|55/100\n|move|p1a: Meowstic|Psychic Noise|p2b: Gianni vola\n|-damage|p2b: Gianni vola|14/100\n|-start|p2b: Gianni vola|move: Heal Block\n|\n|upkeep\n|turn|7\n|c|\u2606Giannuccio|bro sei il goat\n|\n|t:|1776513280\n|move|p1b: Wyrdeer|Psychic|p2b: Gianni vola\n|-damage|p2b: Gianni vola|0 fnt\n|faint|p2b: Gianni vola\n|\n|win|dune's kitchen\n|raw|dune&apos;s kitchen's rating: 1158 &rarr; <strong>1177</strong><br />(+19 for winning)\n|raw|Giannuccio's rating: 1070 &rarr; <strong>1055</strong><br />(-15 for losing)\n",
  "uploadtime": 1776513285,
  "views": 27,
  "formatid": "gen9championsvgc2026regma",
  "rating": 1055,
  "private": 0,
  "password": null
}