{
  "id": "gen9championsvgc2026regma-2586356097",
  "format": "[Gen 9 Champions] VGC 2026 Reg M-A",
  "players": [
    "Clayton Rasta",
    "azzaconda22"
  ],
  "log": "|j|\u2606Clayton Rasta\n|j|\u2606azzaconda22\n|t:|1776428323\n|gametype|doubles\n|player|p1|Clayton Rasta|169|1169\n|player|p2|azzaconda22|aaron|1262\n|gen|9\n|tier|[Gen 9 Champions] VGC 2026 Reg M-A\n|rated|\n|rule|Species Clause: Limit one of each Pok\u00e9mon\n|rule|Item Clause: Limit 1 of each item\n|clearpoke\n|poke|p1|Tyranitar, L50, M|\n|poke|p1|Excadrill, L50, F|\n|poke|p1|Whimsicott, L50, M|\n|poke|p1|Sneasler, L50, F|\n|poke|p1|Rotom-Wash, L50|\n|poke|p1|Gengar, L50, M|\n|poke|p2|Kangaskhan, L50, F|\n|poke|p2|Incineroar, L50, F|\n|poke|p2|Sinistcha, L50|\n|poke|p2|Volcarona, L50, M|\n|poke|p2|Kommo-o, L50, F|\n|poke|p2|Empoleon, L50, F|\n|teampreview|4\n|inactive|Battle timer is ON: inactive players will automatically lose when time's up. (requested by azzaconda22)\n|\n|t:|1776428343\n|teamsize|p1|4\n|teamsize|p2|4\n|start\n|switch|p1a: Whimsicott|Whimsicott, L50, M|100/100\n|switch|p1b: Rotom|Rotom-Wash, L50|100/100\n|switch|p2a: Kommo-o|Kommo-o, L50, F|100/100\n|switch|p2b: Kangaskhan|Kangaskhan, L50, F|100/100\n|turn|1\n|\n|t:|1776428361\n|detailschange|p2b: Kangaskhan|Kangaskhan-Mega, L50, F\n|-mega|p2b: Kangaskhan|Kangaskhan|Kangaskhanite\n|move|p2b: Kangaskhan|Fake Out|p1a: Whimsicott\n|-damage|p1a: Whimsicott|75/100\n|-damage|p1a: Whimsicott|69/100\n|-hitcount|p1a: Whimsicott|2\n|cant|p1a: Whimsicott|flinch\n|move|p2a: Kommo-o|Clanging Scales|p1b: Rotom|[spread] p1b\n|-immune|p1a: Whimsicott\n|-damage|p1b: Rotom|68/100\n|-unboost|p2a: Kommo-o|def|1\n|move|p1b: Rotom|Will-O-Wisp|p2b: Kangaskhan\n|-status|p2b: Kangaskhan|brn\n|\n|-damage|p2b: Kangaskhan|94/100 brn|[from] brn\n|upkeep\n|turn|2\n|inactive|Clayton Rasta has 30 seconds left.\n|inactive|Clayton Rasta has 20 seconds left.\n|\n|t:|1776428396\n|switch|p2a: Sinistcha|Sinistcha, L50|100/100\n|-heal|p2b: Kangaskhan|100/100 brn|[from] ability: Hospitality|[of] p2a: Sinistcha\n|move|p1a: Whimsicott|Encore|p2b: Kangaskhan\n|-start|p2b: Kangaskhan|Encore\n|move|p2b: Kangaskhan|Fake Out||[still]\n|-hint|Fake Out only works on your first turn out.\n|-fail|p2b: Kangaskhan\n|move|p1b: Rotom|Thunderbolt|p2b: Kangaskhan\n|-damage|p2b: Kangaskhan|69/100 brn\n|\n|-damage|p2b: Kangaskhan|63/100 brn|[from] brn\n|upkeep\n|turn|3\n|inactive|azzaconda22 has 30 seconds left.\n|\n|t:|1776428422\n|switch|p2b: Incineroar|Incineroar, L50, F|100/100\n|-ability|p2b: Incineroar|Intimidate|boost\n|-unboost|p1a: Whimsicott|atk|1\n|-unboost|p1b: Rotom|atk|1\n|move|p1a: Whimsicott|Light Screen|p1a: Whimsicott\n|-sidestart|p1: Clayton Rasta|move: Light Screen\n|move|p1b: Rotom|Thunderbolt|p2b: Incineroar\n|-damage|p2b: Incineroar|69/100\n|-status|p2b: Incineroar|par\n|move|p2a: Sinistcha|Matcha Gotcha|p1a: Whimsicott|[spread] p1a,p1b\n|-resisted|p1a: Whimsicott|1\n|-supereffective|p1b: Rotom|1\n|-damage|p1a: Whimsicott|59/100\n|-damage|p1b: Rotom|43/100\n|-status|p1a: Whimsicott|brn\n|-enditem|p1b: Rotom|Sitrus Berry|[eat]\n|-heal|p1b: Rotom|67/100|[from] item: Sitrus Berry\n|\n|-damage|p1a: Whimsicott|53/100 brn|[from] brn\n|upkeep\n|turn|4\n|inactive|Clayton Rasta has 30 seconds left.\n|inactive|azzaconda22 has 30 seconds left.\n|\n|t:|1776428450\n|switch|p2b: Kangaskhan|Kangaskhan-Mega, L50, F|63/100 brn\n|move|p1a: Whimsicott|Moonblast|p2b: Kangaskhan\n|-damage|p2b: Kangaskhan|35/100 brn\n|move|p1b: Rotom|Thunderbolt|p2a: Sinistcha\n|-resisted|p2a: Sinistcha|1\n|-damage|p2a: Sinistcha|86/100\n|-status|p2a: Sinistcha|par\n|move|p2a: Sinistcha|Life Dew|p2a: Sinistcha|[spread] p2a,p2b\n|-heal|p2a: Sinistcha|100/100 par\n|-heal|p2b: Kangaskhan|60/100 brn\n|\n|-damage|p1a: Whimsicott|47/100 brn|[from] brn\n|-damage|p2b: Kangaskhan|54/100 brn|[from] brn\n|upkeep\n|turn|5\n|c|\u2606azzaconda22|Bruv\n|c|\u2606azzaconda22|Stop\n|inactive|Clayton Rasta has 30 seconds left.\n|inactive|azzaconda22 has 30 seconds left.\n|\n|t:|1776428480\n|move|p2b: Kangaskhan|Fake Out|p1b: Rotom\n|-damage|p1b: Rotom|55/100\n|-damage|p1b: Rotom|52/100\n|-hitcount|p1b: Rotom|2\n|move|p1a: Whimsicott|Tailwind|p1a: Whimsicott\n|-sidestart|p1: Clayton Rasta|move: Tailwind\n|cant|p1b: Rotom|flinch\n|move|p2a: Sinistcha|Matcha Gotcha|p1a: Whimsicott|[spread] p1a,p1b\n|-resisted|p1a: Whimsicott|1\n|-supereffective|p1b: Rotom|1\n|-damage|p1a: Whimsicott|37/100 brn\n|-damage|p1b: Rotom|26/100\n|-status|p1b: Rotom|brn\n|\n|-damage|p1a: Whimsicott|31/100 brn|[from] brn\n|-damage|p1b: Rotom|20/100 brn|[from] brn\n|-damage|p2b: Kangaskhan|48/100 brn|[from] brn\n|upkeep\n|turn|6\n|\n|t:|1776428494\n|move|p2b: Kangaskhan|Protect|p2b: Kangaskhan\n|-singleturn|p2b: Kangaskhan|Protect\n|move|p1a: Whimsicott|Encore|p2b: Kangaskhan\n|-activate|p2b: Kangaskhan|move: Protect\n|move|p1b: Rotom|Hydro Pump|p2b: Kangaskhan\n|-activate|p2b: Kangaskhan|move: Protect\n|move|p2a: Sinistcha|Life Dew||[still]|[spread] p2a,p2b\n|-fail|p2a: Sinistcha|heal\n|-heal|p2b: Kangaskhan|73/100 brn\n|\n|-damage|p1a: Whimsicott|25/100 brn|[from] brn\n|-damage|p1b: Rotom|15/100 brn|[from] brn\n|-damage|p2b: Kangaskhan|67/100 brn|[from] brn\n|upkeep\n|turn|7\n|\n|t:|1776428516\n|cant|p2a: Sinistcha|par\n|move|p1a: Whimsicott|Encore|p2b: Kangaskhan\n|-start|p2b: Kangaskhan|Encore\n|move|p2b: Kangaskhan|Protect||[still]\n|-fail|p2b: Kangaskhan\n|move|p1b: Rotom|Volt Switch|p2b: Kangaskhan\n|-damage|p2b: Kangaskhan|42/100 brn\n|c|\u2606azzaconda22|Fuck ya\n|\n|t:|1776428524\n|switch|p1b: Tyranitar|Tyranitar, L50, M|100/100|[from] Volt Switch\n|-weather|Sandstorm|[from] ability: Sand Stream|[of] p1b: Tyranitar\n|\n|-weather|Sandstorm|[upkeep]\n|-damage|p1a: Whimsicott|19/100 brn|[from] Sandstorm\n|-damage|p2b: Kangaskhan|36/100 brn|[from] Sandstorm\n|-damage|p2a: Sinistcha|94/100 par|[from] Sandstorm\n|-damage|p1a: Whimsicott|13/100 brn|[from] brn\n|-damage|p2b: Kangaskhan|30/100 brn|[from] brn\n|-sideend|p1: Clayton Rasta|move: Light Screen\n|upkeep\n|turn|8\n|\n|t:|1776428542\n|switch|p2b: Kommo-o|Kommo-o, L50, F|100/100\n|detailschange|p1b: Tyranitar|Tyranitar-Mega, L50, M\n|-mega|p1b: Tyranitar|Tyranitar|Tyranitarite\n|move|p1a: Whimsicott|Light Screen|p1a: Whimsicott\n|-sidestart|p1: Clayton Rasta|move: Light Screen\n|move|p1b: Tyranitar|Knock Off|p2a: Sinistcha\n|-supereffective|p2a: Sinistcha|1\n|-damage|p2a: Sinistcha|0 fnt\n|-enditem|p2a: Sinistcha|Sitrus Berry|[from] move: Knock Off|[of] p1b: Tyranitar\n|faint|p2a: Sinistcha\n|\n|-weather|Sandstorm|[upkeep]\n|-damage|p1a: Whimsicott|7/100 brn|[from] Sandstorm\n|-damage|p2b: Kommo-o|94/100|[from] Sandstorm\n|-heal|p2b: Kommo-o|100/100|[from] item: Leftovers\n|-damage|p1a: Whimsicott|1/100 brn|[from] brn\n|-sideend|p1: Clayton Rasta|move: Tailwind\n|upkeep\n|\n|t:|1776428561\n|switch|p2a: Incineroar|Incineroar, L50, F|69/100 par\n|-ability|p2a: Incineroar|Intimidate|boost\n|-unboost|p1a: Whimsicott|atk|1\n|-unboost|p1b: Tyranitar|atk|1\n|turn|9\n|\n|t:|1776428577\n|move|p2a: Incineroar|Fake Out|p1a: Whimsicott\n|-damage|p1a: Whimsicott|0 fnt\n|faint|p1a: Whimsicott\n|move|p2b: Kommo-o|Aura Sphere|p1b: Tyranitar\n|-supereffective|p1b: Tyranitar|2\n|-damage|p1b: Tyranitar|49/100\n|move|p1b: Tyranitar|Ice Punch|p2b: Kommo-o\n|-supereffective|p2b: Kommo-o|1\n|-damage|p2b: Kommo-o|63/100\n|\n|-weather|Sandstorm|[upkeep]\n|-damage|p2b: Kommo-o|57/100|[from] Sandstorm\n|-damage|p2a: Incineroar|63/100 par|[from] Sandstorm\n|-heal|p2b: Kommo-o|63/100|[from] item: Leftovers\n|upkeep\n|\n|t:|1776428589\n|switch|p1a: Excadrill|Excadrill, L50, F, shiny|100/100\n|turn|10\n|\n|t:|1776428603\n|switch|p2a: Kangaskhan|Kangaskhan-Mega, L50, F|30/100 brn\n|move|p1b: Tyranitar|Protect|p1b: Tyranitar\n|-singleturn|p1b: Tyranitar|Protect\n|move|p1a: Excadrill|Earthquake|p2a: Kangaskhan|[spread] p2a,p2b\n|-activate|p1b: Tyranitar|move: Protect\n|-damage|p2a: Kangaskhan|0 fnt\n|-damage|p2b: Kommo-o|26/100\n|faint|p2a: Kangaskhan\n|move|p2b: Kommo-o|Aura Sphere|p1b: Tyranitar\n|-activate|p1b: Tyranitar|move: Protect\n|\n|-weather|Sandstorm|[upkeep]\n|-damage|p2b: Kommo-o|20/100|[from] Sandstorm\n|-heal|p2b: Kommo-o|26/100|[from] item: Leftovers\n|upkeep\n|\n|t:|1776428610\n|switch|p2a: Incineroar|Incineroar, L50, F|63/100 par\n|-ability|p2a: Incineroar|Intimidate|boost\n|-unboost|p1a: Excadrill|atk|1\n|-unboost|p1b: Tyranitar|atk|1\n|turn|11\n|\n|t:|1776428622\n|switch|p1b: Rotom|Rotom-Wash, L50|15/100 brn\n|move|p2a: Incineroar|Fake Out|p1a: Excadrill\n|-resisted|p1a: Excadrill|1\n|-damage|p1a: Excadrill|92/100\n|cant|p1a: Excadrill|flinch\n|move|p2b: Kommo-o|Aura Sphere|p1b: Rotom\n|-damage|p1b: Rotom|0 fnt\n|faint|p1b: Rotom\n|\n|-weather|none\n|-heal|p2b: Kommo-o|32/100|[from] item: Leftovers\n|upkeep\n|\n|t:|1776428631\n|switch|p1b: Tyranitar|Tyranitar-Mega, L50, M|49/100\n|-weather|Sandstorm|[from] ability: Sand Stream|[of] p1b: Tyranitar\n|turn|12\n|\n|t:|1776428646\n|move|p2b: Kommo-o|Protect|p2b: Kommo-o\n|-singleturn|p2b: Kommo-o|Protect\n|move|p1b: Tyranitar|Protect|p1b: Tyranitar\n|-singleturn|p1b: Tyranitar|Protect\n|move|p1a: Excadrill|Earthquake|p2a: Incineroar|[spread] p2a\n|-activate|p1b: Tyranitar|move: Protect\n|-activate|p2b: Kommo-o|move: Protect\n|-supereffective|p2a: Incineroar|1\n|-damage|p2a: Incineroar|12/100 par\n|move|p2a: Incineroar|Flare Blitz|p1a: Excadrill\n|-supereffective|p1a: Excadrill|1\n|-damage|p1a: Excadrill|0 fnt\n|faint|p1a: Excadrill\n|-damage|p2a: Incineroar|0 fnt|[from] Recoil\n|faint|p2a: Incineroar\n|\n|-weather|Sandstorm|[upkeep]\n|-damage|p2b: Kommo-o|26/100|[from] Sandstorm\n|-heal|p2b: Kommo-o|32/100|[from] item: Leftovers\n|-sideend|p1: Clayton Rasta|move: Light Screen\n|upkeep\n|turn|13\n|\n|t:|1776428662\n|move|p2b: Kommo-o|Aura Sphere|p1b: Tyranitar\n|-supereffective|p1b: Tyranitar|2\n|-damage|p1b: Tyranitar|0 fnt\n|faint|p1b: Tyranitar\n|\n|win|azzaconda22\n",
  "uploadtime": 1776428522,
  "views": 19,
  "formatid": "gen9championsvgc2026regma",
  "rating": null,
  "private": 0,
  "password": null
}