{
  "id": "gen9championsvgc2026regma-2580997644",
  "format": "[Gen 9 Champions] VGC 2026 Reg M-A",
  "players": [
    "Sr.Mclovin",
    "superboy245"
  ],
  "log": "|j|\u2606Sr.Mclovin\n|j|\u2606superboy245\n|t:|1775950251\n|gametype|doubles\n|player|p1|Sr.Mclovin|zinnia|1109\n|player|p2|superboy245|buck|1122\n|gen|9\n|tier|[Gen 9 Champions] VGC 2026 Reg M-A\n|rated|\n|rule|Species Clause: Limit one of each Pok\u00e9mon\n|rule|Item Clause: Limit 1 of each item\n|clearpoke\n|poke|p1|Gallade, L50, M|\n|poke|p1|Ninetales, L50, M|\n|poke|p1|Arcanine-Hisui, L50, F|\n|poke|p1|Venusaur, L50, F|\n|poke|p1|Primarina, L50, F|\n|poke|p1|Sneasler, L50, M|\n|poke|p2|Crabominable, L50, M|\n|poke|p2|Torkoal, L50, M|\n|poke|p2|Farigiraf, L50, F|\n|poke|p2|Incineroar, L50, M|\n|poke|p2|Hydrapple, L50, F|\n|poke|p2|Drampa, L50, M|\n|teampreview|4\n|inactive|Battle timer is ON: inactive players will automatically lose when time's up. (requested by Sr.Mclovin)\nsuperboy245 rejected open team sheets.\n|inactive|Sr.Mclovin has 60 seconds left.\n|inactive|superboy245 has 60 seconds left.\n|\n|t:|1775950295\n|teamsize|p1|4\n|teamsize|p2|4\n|start\n|switch|p1a: Sneasler|Sneasler, L50, M|100/100\n|switch|p1b: Primarina|Primarina, L50, F|100/100\n|switch|p2a: Incineroar|Incineroar, L50, M|100/100\n|switch|p2b: Farigiraf|Farigiraf, L50, F|100/100\n|-ability|p2a: Incineroar|Intimidate|boost\n|-unboost|p1a: Sneasler|atk|1\n|-unboost|p1b: Primarina|atk|1\n|-enditem|p1a: Sneasler|White Herb\n|-clearnegativeboost|p1a: Sneasler|[silent]\n|turn|1\n|\n|t:|1775950318\n|switch|p1a: Gallade|Gallade, L50, M, shiny|100/100\n|move|p2a: Incineroar|Fake Out|p1b: Primarina\n|-damage|p1b: Primarina|80/100\n|cant|p1b: Primarina|flinch\n|move|p2b: Farigiraf|Trick Room|p2b: Farigiraf\n|-fieldstart|move: Trick Room|[of] p2b: Farigiraf\n|\n|upkeep\n|turn|2\n|inactive|superboy245 has 30 seconds left.\n|\n|t:|1775950347\n|detailschange|p1a: Gallade|Gallade-Mega, L50, M, shiny\n|-mega|p1a: Gallade|Gallade|Galladite\n|move|p2b: Farigiraf|Psychic|p1b: Primarina\n|-damage|p1b: Primarina|48/100\n|move|p2a: Incineroar|Parting Shot|p1b: Primarina\n|-unboost|p1b: Primarina|atk|1\n|-unboost|p1b: Primarina|spa|1\n|\n|t:|1775950357\n|switch|p2a: Torkoal|Torkoal, L50, M|100/100|[from] Parting Shot\n|-weather|SunnyDay|[from] ability: Drought|[of] p2a: Torkoal\n|move|p1b: Primarina|Hyper Voice|p2a: Torkoal|[spread] p2a,p2b\n|-supereffective|p2a: Torkoal|1\n|-damage|p2a: Torkoal|67/100\n|-damage|p2b: Farigiraf|89/100\n|move|p1a: Gallade|Sacred Sword|p2a: Torkoal\n|-damage|p2a: Torkoal|24/100\n|\n|-weather|SunnyDay|[upkeep]\n|upkeep\n|turn|3\n|inactive|Sr.Mclovin has 30 seconds left.\n|inactive|superboy245 has 30 seconds left.\n|\n|t:|1775950384\n|switch|p1b: Arcanine|Arcanine-Hisui, L50, F|100/100\n|-ability|p1b: Arcanine|Intimidate|boost\n|-unboost|p2a: Torkoal|atk|1\n|-unboost|p2b: Farigiraf|atk|1\n|move|p1a: Gallade|Protect|p1a: Gallade\n|-singleturn|p1a: Gallade|Protect\n|move|p2a: Torkoal|Heat Wave|p1b: Arcanine|[spread] p1b\n|-activate|p1a: Gallade|move: Protect\n|-resisted|p1b: Arcanine|2\n|-damage|p1b: Arcanine|84/100\n|move|p2b: Farigiraf|Psychic|p1b: Arcanine\n|-damage|p1b: Arcanine|38/100\n|\n|-weather|SunnyDay|[upkeep]\n|-heal|p1b: Arcanine|44/100|[from] item: Leftovers\n|upkeep\n|turn|4\n|inactive|Sr.Mclovin has 30 seconds left.\n|inactive|superboy245 has 30 seconds left.\n|inactive|superboy245 has 20 seconds left.\n|inactive|superboy245 has 15 seconds left.\n|\n|t:|1775950431\n|move|p1b: Arcanine|Protect|p1b: Arcanine\n|-singleturn|p1b: Arcanine|Protect\n|move|p2a: Torkoal|Heat Wave|p1b: Arcanine|[spread] p1a\n|-activate|p1b: Arcanine|move: Protect\n|-damage|p1a: Gallade|59/100\n|move|p2b: Farigiraf|Psychic|p1a: Gallade\n|-damage|p1a: Gallade|30/100\n|move|p1a: Gallade|Sacred Sword|p2b: Farigiraf\n|-damage|p2b: Farigiraf|24/100\n|\n|-weather|SunnyDay|[upkeep]\n|-heal|p1b: Arcanine|49/100|[from] item: Leftovers\n|upkeep\n|turn|5\n|inactive|superboy245 has 30 seconds left.\n|inactive|superboy245 has 20 seconds left.\n|\n|t:|1775950469\n|switch|p1b: Primarina|Primarina, L50, F|48/100\n|move|p1a: Gallade|Protect|p1a: Gallade\n|-singleturn|p1a: Gallade|Protect\n|move|p2a: Torkoal|Heat Wave|p1a: Gallade|[spread] p1b\n|-activate|p1a: Gallade|move: Protect\n|-resisted|p1b: Primarina|1\n|-damage|p1b: Primarina|27/100\n|move|p2b: Farigiraf|Psychic|p1b: Primarina\n|-damage|p1b: Primarina|0 fnt\n|faint|p1b: Primarina\n|\n|-weather|SunnyDay|[upkeep]\n|-fieldend|move: Trick Room\n|upkeep\n|\n|t:|1775950481\n|switch|p1b: Arcanine|Arcanine-Hisui, L50, F|49/100\n|-ability|p1b: Arcanine|Intimidate|boost\n|-unboost|p2a: Torkoal|atk|1\n|-unboost|p2b: Farigiraf|atk|1\n|turn|6\n|inactive|superboy245 has 30 seconds left.\n|inactive|superboy245 has 20 seconds left.\n|inactive|superboy245 has 15 seconds left.\n|inactive|superboy245 has 10 seconds left.\n|inactive|superboy245 has 5 seconds left.\n|\n|t:|1775950536\n|move|p1b: Arcanine|Rock Slide|p2b: Farigiraf|[spread] p2a,p2b\n|-supereffective|p2a: Torkoal|1\n|-damage|p2a: Torkoal|0 fnt\n|-damage|p2b: Farigiraf|0 fnt\n|faint|p2a: Torkoal\n|faint|p2b: Farigiraf\n|move|p1a: Gallade|Sacred Sword|p2: Torkoal|[notarget]\n|-fail|p1a: Gallade\n|\n|-weather|none\n|-heal|p1b: Arcanine|55/100|[from] item: Leftovers\n|upkeep\n|\n|t:|1775950546\n|switch|p2b: Crabominable|Crabominable, L50, M|100/100\n|switch|p2a: Incineroar|Incineroar, L50, M|100/100\n|-ability|p2a: Incineroar|Intimidate|boost\n|-fail|p1a: Gallade|unboost|Attack|[from] ability: Inner Focus|[of] p1a: Gallade\n|-unboost|p1b: Arcanine|atk|1\n|turn|7\n|\n|t:|1775950566\n|switch|p1b: Sneasler|Sneasler, L50, M|100/100\n|detailschange|p2b: Crabominable|Crabominable-Mega, L50, M\n|-mega|p2b: Crabominable|Crabominable|Crabominite\n|move|p1a: Gallade|Protect|p1a: Gallade\n|-singleturn|p1a: Gallade|Protect\n|move|p2a: Incineroar|Flare Blitz|p1a: Gallade\n|-activate|p1a: Gallade|move: Protect\n|move|p2b: Crabominable|Ice Punch|p1a: Gallade\n|-activate|p1a: Gallade|move: Protect\n|\n|upkeep\n|turn|8\n|\n|t:|1775950592\n|move|p2b: Crabominable|Protect|p2b: Crabominable\n|-singleturn|p2b: Crabominable|Protect\n|move|p1b: Sneasler|Fake Out|p2b: Crabominable\n|-activate|p2b: Crabominable|move: Protect\n|move|p1a: Gallade|Sacred Sword|p2b: Crabominable\n|-activate|p2b: Crabominable|move: Protect\n|move|p2a: Incineroar|Flare Blitz|p1a: Gallade\n|-damage|p1a: Gallade|0 fnt\n|faint|p1a: Gallade\n|-damage|p2a: Incineroar|92/100|[from] Recoil\n|\n|upkeep\n|\n|t:|1775950603\n|switch|p1a: Arcanine|Arcanine-Hisui, L50, F|55/100\n|-ability|p1a: Arcanine|Intimidate|boost\n|-unboost|p2a: Incineroar|atk|1\n|-unboost|p2b: Crabominable|atk|1\n|turn|9\n|\n|t:|1775950619\n|move|p1b: Sneasler|Close Combat|p2b: Crabominable\n|-supereffective|p2b: Crabominable|1\n|-damage|p2b: Crabominable|0 fnt\n|-unboost|p1b: Sneasler|def|1\n|-unboost|p1b: Sneasler|spd|1\n|faint|p2b: Crabominable\n|move|p1a: Arcanine|Rock Slide|p2a: Incineroar|[miss]\n|-miss|p1a: Arcanine|p2a: Incineroar\n|move|p2a: Incineroar|Flare Blitz|p1b: Sneasler\n|-damage|p1b: Sneasler|1/100\n|-status|p1b: Sneasler|brn\n|-damage|p2a: Incineroar|67/100|[from] Recoil\n|\n|-heal|p1a: Arcanine|61/100|[from] item: Leftovers\n|-damage|p1b: Sneasler|0 fnt|[from] brn\n|faint|p1b: Sneasler\n|upkeep\n|turn|10\n|c|\u2606superboy245|Ggs\n|\n|t:|1775950638\n|move|p1a: Arcanine|Rock Slide|p2a: Incineroar\n|-supereffective|p2a: Incineroar|1\n|-damage|p2a: Incineroar|0 fnt\n|faint|p2a: Incineroar\n|\n|win|Sr.Mclovin\n|raw|Sr.Mclovin's rating: 1109 &rarr; <strong>1135</strong><br />(+26 for winning)\n|raw|superboy245's rating: 1122 &rarr; <strong>1096</strong><br />(-26 for losing)\n",
  "uploadtime": 1775950645,
  "views": 12,
  "formatid": "gen9championsvgc2026regma",
  "rating": 1096,
  "private": 0,
  "password": null
}