{
  "id": "gen9championsvgc2026regma-2583384329",
  "format": "[Gen 9 Champions] VGC 2026 Reg M-A",
  "players": [
    "EpiclyEpicGamerW",
    "YourPalMule"
  ],
  "log": "|j|\u203dEpiclyEpicGamerW\n|j|\u2606YourPalMule\n|t:|1776171916\n|gametype|doubles\n|player|p1|EpiclyEpicGamerW|red-masters|1155\n|player|p2|YourPalMule|medium|1083\n|gen|9\n|tier|[Gen 9 Champions] VGC 2026 Reg M-A\n|rated|\n|rule|Species Clause: Limit one of each Pok\u00e9mon\n|rule|Item Clause: Limit 1 of each item\n|clearpoke\n|poke|p1|Delphox, L50, F|\n|poke|p1|Floette-Eternal, L50, F|\n|poke|p1|Sneasler, L50, M|\n|poke|p1|Maushold-Four, L50|\n|poke|p1|Basculegion, L50, M|\n|poke|p1|Aerodactyl, L50, F|\n|poke|p2|Farigiraf, L50, F|\n|poke|p2|Zoroark-Hisui, L50, F|\n|poke|p2|Aggron, L50, F|\n|poke|p2|Corviknight, L50, F|\n|poke|p2|Tyranitar, L50, M|\n|poke|p2|Excadrill, L50, F|\n|teampreview|4\n|inactive|Battle timer is ON: inactive players will automatically lose when time's up. (requested by EpiclyEpicGamerW)\nYourPalMule rejected open team sheets.\n|\n|t:|1776171940\n|teamsize|p1|4\n|teamsize|p2|4\n|start\n|switch|p1a: Sneasler|Sneasler, L50, M|100/100\n|switch|p1b: Aerodactyl|Aerodactyl, L50, F|100/100\n|switch|p2a: Farigiraf|Farigiraf, L50, F|100/100\n|switch|p2b: Corviknight|Corviknight, L50, F|100/100\n|-ability|p1b: Aerodactyl|Unnerve\n|turn|1\n|\n|t:|1776171960\n|move|p1b: Aerodactyl|Rock Slide|p2b: Corviknight|[spread] p2a,p2b\n|-damage|p2a: Farigiraf|53/100\n|-damage|p2b: Corviknight|80/100\n|replace|p2a: Zoroark|Zoroark-Hisui, L50, F\n|-end|p2a: Zoroark|Illusion\n|move|p1a: Sneasler|Close Combat|p2b: Corviknight\n|-damage|p2b: Corviknight|32/100\n|-unboost|p1a: Sneasler|def|1\n|-unboost|p1a: Sneasler|spd|1\n|-enditem|p1a: Sneasler|White Herb\n|-clearnegativeboost|p1a: Sneasler|[silent]\n|cant|p2a: Zoroark|flinch\n|cant|p2b: Corviknight|flinch\n|\n|-heal|p2b: Corviknight|38/100|[from] item: Leftovers\n|upkeep\n|turn|2\n|inactive|YourPalMule has 30 seconds left.\n|\n|t:|1776171985\n|move|p1a: Sneasler|Close Combat|p2b: Corviknight\n|-damage|p2b: Corviknight|0 fnt\n|-unboost|p1a: Sneasler|def|1\n|-unboost|p1a: Sneasler|spd|1\n|faint|p2b: Corviknight\n|move|p1b: Aerodactyl|Tailwind|p1b: Aerodactyl\n|-sidestart|p1: EpiclyEpicGamerW|move: Tailwind\n|move|p2a: Zoroark|Bitter Malice|p1a: Sneasler\n|-crit|p1a: Sneasler\n|-damage|p1a: Sneasler|0 fnt\n|faint|p1a: Sneasler\n|\n|upkeep\n|\n|t:|1776171998\n|switch|p1a: Floette|Floette-Eternal, L50, F|100/100\n|switch|p2b: Aggron|Aggron, L50, F|100/100\n|turn|3\n|\n|t:|1776172014\n|detailschange|p1a: Floette|Floette-Mega, L50, F\n|-mega|p1a: Floette|Floette|Floettite\n|-ability|p1a: Floette|Fairy Aura\n|detailschange|p2b: Aggron|Aggron-Mega, L50, F\n|-mega|p2b: Aggron|Aggron|Aggronite\n|move|p1b: Aerodactyl|Rock Slide|p2a: Zoroark|[spread] p2a,p2b\n|-resisted|p2b: Aggron|1\n|-damage|p2a: Zoroark|4/100\n|-damage|p2b: Aggron|95/100\n|move|p1a: Floette|Calm Mind|p1a: Floette\n|-boost|p1a: Floette|spa|1\n|-boost|p1a: Floette|spd|1\n|cant|p2a: Zoroark|flinch\n|move|p2b: Aggron|Iron Defense|p2b: Aggron\n|-boost|p2b: Aggron|def|2\n|\n|upkeep\n|turn|4\n|\n|t:|1776172038\n|move|p1b: Aerodactyl|Dual Wingbeat|p2b: Aggron\n|-resisted|p2b: Aggron|1\n|-damage|p2b: Aggron|93/100\n|-resisted|p2b: Aggron|1\n|-crit|p2b: Aggron\n|-damage|p2b: Aggron|86/100\n|-hitcount|p2b: Aggron|2\n|move|p1a: Floette|Moonblast|p2b: Aggron\n|-resisted|p2b: Aggron|1\n|-damage|p2b: Aggron|40/100\n|move|p2a: Zoroark|Bitter Malice|p1b: Aerodactyl\n|-damage|p1b: Aerodactyl|43/100\n|-unboost|p1b: Aerodactyl|atk|1\n|move|p2b: Aggron|Heavy Slam|p1a: Floette\n|-supereffective|p1a: Floette|1\n|-damage|p1a: Floette|31/100\n|\n|upkeep\n|turn|5\n|inactive|YourPalMule has 30 seconds left.\n|\n|t:|1776172065\n|move|p2b: Aggron|Protect|p2b: Aggron\n|-singleturn|p2b: Aggron|Protect\n|move|p1b: Aerodactyl|Rock Slide|p2b: Aggron|[spread] p2a\n|-activate|p2b: Aggron|move: Protect\n|-damage|p2a: Zoroark|0 fnt\n|faint|p2a: Zoroark\n|move|p1a: Floette|Moonblast|p2b: Aggron\n|-activate|p2b: Aggron|move: Protect\n|\n|-sideend|p1: EpiclyEpicGamerW|move: Tailwind\n|upkeep\n|\n|t:|1776172076\n|switch|p2a: Farigiraf|Farigiraf, L50, F|100/100\n|turn|6\n|\n|t:|1776172087\n|move|p1b: Aerodactyl|Rock Slide|p2a: Farigiraf|[spread] p2a,p2b\n|-resisted|p2b: Aggron|1\n|-damage|p2a: Farigiraf|84/100\n|-damage|p2b: Aggron|38/100\n|move|p1a: Floette|Moonblast|p2b: Aggron\n|-resisted|p2b: Aggron|1\n|-damage|p2b: Aggron|0 fnt\n|faint|p2b: Aggron\n|cant|p2a: Farigiraf|flinch\n|\n|upkeep\n|turn|7\n|-message|YourPalMule forfeited.\n|\n|win|EpiclyEpicGamerW\n|raw|EpiclyEpicGamerW's rating: 1155 &rarr; <strong>1175</strong><br />(+20 for winning)\n|raw|YourPalMule's rating: 1083 &rarr; <strong>1065</strong><br />(-18 for losing)\n|l|\u2606YourPalMule\n|player|p2|\n",
  "uploadtime": 1776172100,
  "views": 18,
  "formatid": "gen9championsvgc2026regma",
  "rating": 1065,
  "private": 0,
  "password": null
}