{
  "id": "gen9championsvgc2026regma-2582587313",
  "format": "[Gen 9 Champions] VGC 2026 Reg M-A",
  "players": [
    "OColaco",
    "ErBello26"
  ],
  "log": "|j|\u2606OColaco\n|j|\u2606ErBello26\n|t:|1776101074\n|gametype|doubles\n|player|p1|OColaco|blackbelt-gen4dp|1061\n|player|p2|ErBello26|101|1130\n|gen|9\n|tier|[Gen 9 Champions] VGC 2026 Reg M-A\n|rated|\n|rule|Species Clause: Limit one of each Pok\u00e9mon\n|rule|Item Clause: Limit 1 of each item\n|clearpoke\n|poke|p1|Orthworm, L50, F|\n|poke|p1|Basculegion, L50, M|\n|poke|p1|Incineroar, L50, F|\n|poke|p1|Froslass, L50, F|\n|poke|p1|Garchomp, L50, M|\n|poke|p1|Sneasler, L50, M|\n|poke|p2|Charizard, L50, M|\n|poke|p2|Whimsicott, L50, M|\n|poke|p2|Kingambit, L50, F|\n|poke|p2|Zoroark-Hisui, L50, M|\n|poke|p2|Garchomp, L50, M|\n|poke|p2|Sneasler, L50, F|\n|teampreview|4\n|\n|t:|1776101104\n|teamsize|p1|4\n|teamsize|p2|4\n|start\n|switch|p1a: Orthworm|Orthworm, L50, F|100/100\n|switch|p1b: Froslass|Froslass, L50, F|100/100\n|switch|p2a: Whimsicott|Whimsicott, L50, M|100/100\n|switch|p2b: Garchomp|Garchomp, L50, M, shiny|100/100\n|turn|1\n|inactive|Battle timer is ON: inactive players will automatically lose when time's up. (requested by ErBello26)\n|\n|t:|1776101126\n|detailschange|p1b: Froslass|Froslass-Mega, L50, F\n|-mega|p1b: Froslass|Froslass|Froslassite\n|-weather|Snowscape|[from] ability: Snow Warning|[of] p1b: Froslass\n|move|p2b: Garchomp|Protect|p2b: Garchomp\n|-singleturn|p2b: Garchomp|Protect\n|move|p1b: Froslass|Aurora Veil|p1b: Froslass\n|-sidestart|p1: OColaco|move: Aurora Veil\n|move|p2a: Whimsicott|Flamethrower|p1b: Froslass\n|-supereffective|p1b: Froslass|1\n|-damage|p1b: Froslass|49/100\n|move|p1a: Orthworm|Heavy Slam|p2a: Whimsicott\n|-damage|p2a: Whimsicott|44/100\n|replace|p2a: Zoroark|Zoroark-Hisui, L50, M, shiny\n|-end|p2a: Zoroark|Illusion\n|\n|-weather|Snowscape|[upkeep]\n|upkeep\n|turn|2\n|inactive|ErBello26 has 30 seconds left.\n|\n|t:|1776101157\n|switch|p2b: Charizard|Charizard, L50, M, shiny|100/100\n|move|p1b: Froslass|Blizzard|p2b: Charizard|[spread] p2a,p2b\n|-damage|p2a: Zoroark|0 fnt\n|-damage|p2b: Charizard|44/100\n|faint|p2a: Zoroark\n|move|p1a: Orthworm|Shed Tail|p1a: Orthworm\n|-start|p1a: Orthworm|Substitute|[from] move: Shed Tail\n|-damage|p1a: Orthworm|50/100\n|-enditem|p1a: Orthworm|Sitrus Berry|[eat]\n|-heal|p1a: Orthworm|75/100|[from] item: Sitrus Berry\n|\n|t:|1776101169\n|switch|p1a: Basculegion|Basculegion, L50, M|100/100|[from] Shed Tail\n|\n|-weather|Snowscape|[upkeep]\n|upkeep\n|\n|t:|1776101173\n|switch|p2a: Whimsicott|Whimsicott, L50, M|100/100\n|turn|3\n|\n|t:|1776101186\n|switch|p1b: Orthworm|Orthworm, L50, F|75/100\n|detailschange|p2b: Charizard|Charizard-Mega-Y, L50, M, shiny\n|-mega|p2b: Charizard|Charizard|Charizardite Y\n|-weather|SunnyDay|[from] ability: Drought|[of] p2b: Charizard\n|move|p2a: Whimsicott|Tailwind|p2a: Whimsicott\n|-sidestart|p2: ErBello26|move: Tailwind\n|move|p2b: Charizard|Heat Wave|p1a: Basculegion|[spread] p1a\n|-miss|p2b: Charizard|p1b: Orthworm\n|-resisted|p1a: Basculegion|1\n|-end|p1a: Basculegion|Substitute\n|move|p1a: Basculegion|Wave Crash|p2b: Charizard\n|-supereffective|p2b: Charizard|1\n|-damage|p2b: Charizard|0 fnt\n|faint|p2b: Charizard\n|-damage|p1a: Basculegion|89/100|[from] Recoil\n|\n|-weather|SunnyDay|[upkeep]\n|upkeep\n|\n|t:|1776101200\n|switch|p2b: Garchomp|Garchomp, L50, M, shiny|100/100\n|turn|4\n|\n|t:|1776101215\n|move|p2a: Whimsicott|Moonblast|p1a: Basculegion\n|-damage|p1a: Basculegion|71/100\n|-unboost|p1a: Basculegion|spa|1\n|move|p2b: Garchomp|Earthquake|p1b: Orthworm|[spread] p2a,p1a\n|-heal|p1b: Orthworm|99/100|[from] ability: Earth Eater|[of] p2b: Garchomp\n|-resisted|p2a: Whimsicott|1\n|-damage|p2a: Whimsicott|73/100\n|-damage|p1a: Basculegion|36/100\n|move|p1a: Basculegion|Wave Crash|p2b: Garchomp\n|-damage|p2b: Garchomp|68/100\n|-damage|p1a: Basculegion|23/100|[from] ability: Rough Skin|[of] p2b: Garchomp\n|-damage|p1a: Basculegion|13/100|[from] Recoil\n|move|p1b: Orthworm|Shed Tail|p1b: Orthworm\n|-start|p1b: Orthworm|Substitute|[from] move: Shed Tail\n|-damage|p1b: Orthworm|50/100\n|\n|t:|1776101234\n|switch|p1b: Froslass|Froslass-Mega, L50, F|49/100|[from] Shed Tail\n|-weather|Snowscape|[from] ability: Snow Warning|[of] p1b: Froslass\n|\n|-weather|Snowscape|[upkeep]\n|-heal|p2b: Garchomp|74/100|[from] item: Leftovers\n|upkeep\n|turn|5\n|\n|t:|1776101254\n|move|p1b: Froslass|Protect|p1b: Froslass\n|-singleturn|p1b: Froslass|Protect\n|move|p2a: Whimsicott|Sunny Day|p2a: Whimsicott\n|-weather|SunnyDay\n|move|p2b: Garchomp|Rock Slide|p1a: Basculegion|[spread] p1a\n|-activate|p1b: Froslass|move: Protect\n|-damage|p1a: Basculegion|0 fnt\n|faint|p1a: Basculegion\n|\n|-weather|SunnyDay|[upkeep]\n|-heal|p2b: Garchomp|80/100|[from] item: Leftovers\n|-sideend|p1: OColaco|move: Aurora Veil\n|upkeep\n|\n|t:|1776101268\n|switch|p1a: Incineroar|Incineroar, L50, F|100/100\n|-ability|p1a: Incineroar|Intimidate|boost\n|-unboost|p2a: Whimsicott|atk|1\n|-unboost|p2b: Garchomp|atk|1\n|turn|6\n|\n|t:|1776101281\n|switch|p1b: Orthworm|Orthworm, L50, F|50/100\n|move|p1a: Incineroar|Fake Out|p2a: Whimsicott\n|-crit|p2a: Whimsicott\n|-damage|p2a: Whimsicott|49/100\n|cant|p2a: Whimsicott|flinch\n|move|p2b: Garchomp|Rock Slide|p1a: Incineroar|[spread] p1a,p1b\n|-supereffective|p1a: Incineroar|1\n|-resisted|p1b: Orthworm|1\n|-damage|p1a: Incineroar|81/100\n|-damage|p1b: Orthworm|46/100\n|\n|-weather|SunnyDay|[upkeep]\n|-heal|p2b: Garchomp|86/100|[from] item: Leftovers\n|-sideend|p2: ErBello26|move: Tailwind\n|upkeep\n|turn|7\n|\n|t:|1776101305\n|move|p2a: Whimsicott|Tailwind|p2a: Whimsicott\n|-sidestart|p2: ErBello26|move: Tailwind\n|move|p2b: Garchomp|Earthquake|p1a: Incineroar|[spread] p2a,p1a\n|-heal|p1b: Orthworm|71/100|[from] ability: Earth Eater|[of] p2b: Garchomp\n|-resisted|p2a: Whimsicott|1\n|-supereffective|p1a: Incineroar|1\n|-damage|p2a: Whimsicott|30/100\n|-damage|p1a: Incineroar|39/100\n|move|p1b: Orthworm|Body Press|p2b: Garchomp\n|-damage|p2b: Garchomp|61/100\n|-damage|p1b: Orthworm|58/100|[from] ability: Rough Skin|[of] p2b: Garchomp\n|move|p1a: Incineroar|Flare Blitz|p2a: Whimsicott\n|-supereffective|p2a: Whimsicott|1\n|-damage|p2a: Whimsicott|0 fnt\n|faint|p2a: Whimsicott\n|-damage|p1a: Incineroar|32/100|[from] Recoil\n|\n|-weather|SunnyDay|[upkeep]\n|-heal|p2b: Garchomp|67/100|[from] item: Leftovers\n|upkeep\n|turn|8\n|inactive|OColaco has 30 seconds left.\n|inactive|OColaco has 20 seconds left.\n|inactive|OColaco has 15 seconds left.\n|\n|t:|1776101345\n|move|p2b: Garchomp|Rock Slide|p1b: Orthworm|[spread] p1a,p1b\n|-supereffective|p1a: Incineroar|1\n|-resisted|p1b: Orthworm|1\n|-damage|p1a: Incineroar|9/100\n|-damage|p1b: Orthworm|54/100\n|move|p1b: Orthworm|Shed Tail|p1b: Orthworm\n|-start|p1b: Orthworm|Substitute|[from] move: Shed Tail\n|-damage|p1b: Orthworm|4/100\n|\n|t:|1776101353\n|switch|p1b: Froslass|Froslass-Mega, L50, F|49/100|[from] Shed Tail\n|-weather|Snowscape|[from] ability: Snow Warning|[of] p1b: Froslass\n|move|p1a: Incineroar|Darkest Lariat|p2b: Garchomp\n|-damage|p2b: Garchomp|43/100\n|-damage|p1a: Incineroar|0 fnt|[from] ability: Rough Skin|[of] p2b: Garchomp\n|faint|p1a: Incineroar\n|\n|-weather|Snowscape|[upkeep]\n|-heal|p2b: Garchomp|49/100|[from] item: Leftovers\n|upkeep\n|\n|t:|1776101366\n|switch|p1a: Orthworm|Orthworm, L50, F|4/100\n|turn|9\n|\n|t:|1776101377\n|move|p2b: Garchomp|Rock Slide|p1a: Orthworm|[spread] p1a,p1b\n|-supereffective|p1b: Froslass|1\n|-end|p1b: Froslass|Substitute\n|-resisted|p1a: Orthworm|1\n|-damage|p1a: Orthworm|0 fnt\n|faint|p1a: Orthworm\n|move|p1b: Froslass|Blizzard|p2b: Garchomp\n|-supereffective|p2b: Garchomp|2\n|-damage|p2b: Garchomp|0 fnt\n|faint|p2b: Garchomp\n|\n|win|OColaco\n|raw|OColaco's rating: 1061 &rarr; <strong>1098</strong><br />(+37 for winning)\n|raw|ErBello26's rating: 1130 &rarr; <strong>1100</strong><br />(-30 for losing)\n|l|\u2606ErBello26\n|player|p2|\n",
  "uploadtime": 1776101389,
  "views": 19,
  "formatid": "gen9championsvgc2026regma",
  "rating": 1098,
  "private": 0,
  "password": null
}