{
  "id": "gen9championsvgc2026regma-2582704109",
  "format": "[Gen 9 Champions] VGC 2026 Reg M-A",
  "players": [
    "Wendall555",
    "Bardo52"
  ],
  "log": "|j|\u2606Wendall555\n|j|\u2606Bardo52\n|html|<table width=\"100%\"><tr><td align=\"left\">Wendall555</td><td align=\"right\">Bardo52</tr><tr><td align=\"left\"><i class=\"fa fa-circle-o\"></i> <i class=\"fa fa-circle-o\"></i> </td><td align=\"right\"><i class=\"fa fa-circle-o\"></i> <i class=\"fa fa-circle-o\"></i> </tr></table>\n|uhtml|bestof|<h2><strong>Game 1</strong> of <a href=\"/game-bestof3-gen9championsvgc2026regma-2582704108\">a best-of-3</a></h2>\n|t:|1776108422\n|gametype|doubles\n|player|p1|Wendall555|lucas-gen4pt|\n|player|p2|Bardo52|2|\n|gen|9\n|tier|[Gen 9 Champions] VGC 2026 Reg M-A\n|rule|Species Clause: Limit one of each Pok\u00e9mon\n|rule|Item Clause: Limit 1 of each item\n|raw|<div class=\"infobox\"><details class=\"readmore\" open><summary><strong>1 custom rule:</strong></summary> Best of = 3</details></div>\n|clearpoke\n|poke|p1|Golurk, L50|\n|poke|p1|Rotom-Wash, L50|\n|poke|p1|Oranguru, L50, M|\n|poke|p1|Typhlosion, L50, M|\n|poke|p1|Torkoal, L50, F|\n|poke|p1|Liepard, L50, M|\n|poke|p2|Glimmora, L50, F|\n|poke|p2|Gyarados, L50, F|\n|poke|p2|Reuniclus, L50, F|\n|poke|p2|Altaria, L50, M|\n|poke|p2|Decidueye-Hisui, L50, F|\n|poke|p2|Rotom-Heat, L50|\n|teampreview|4\n|c|\u2606Bardo52|Closed sheets right?\n|c|\u2606Bardo52|Can you drop live links?\n|c|\u2606Wendall555|i dunno\n|j| k3ksmann\n|c|\u2606Bardo52|Closed\n|c|\u2606Bardo52|right Julien?\n|j| GeneticIvy\n|c| k3ksmann|ye\n|c|\u2606Bardo52|And someone who isn\u2019t me needs to drop the lunk\n|c|\u2606Bardo52|glhf\nBardo52 rejected open team sheets.\n|\n|t:|1776108525\n|teamsize|p1|4\n|teamsize|p2|4\n|start\n|switch|p1a: Rotom|Rotom-Wash, L50|100/100\n|switch|p1b: Golurk|Golurk, L50|100/100\n|switch|p2a: Gyarados|Gyarados, L50, F|100/100\n|switch|p2b: Reuniclus|Reuniclus, L50, F|100/100\n|-ability|p2a: Gyarados|Intimidate|boost\n|-unboost|p1a: Rotom|atk|1\n|-unboost|p1b: Golurk|atk|1\n|turn|1\n|\n|t:|1776108560\n|detailschange|p1b: Golurk|Golurk-Mega, L50\n|-mega|p1b: Golurk|Golurk|Golurkite\n|move|p1b: Golurk|Protect|p1b: Golurk\n|-singleturn|p1b: Golurk|Protect\n|move|p1a: Rotom|Discharge|p2b: Reuniclus|[spread] p2a,p2b\n|-activate|p1b: Golurk|move: Protect\n|-supereffective|p2a: Gyarados|2\n|-enditem|p2a: Gyarados|Wacan Berry|[eat]\n|-enditem|p2a: Gyarados|Wacan Berry|[weaken]\n|-damage|p2a: Gyarados|52/100\n|-damage|p2b: Reuniclus|75/100\n|-status|p2b: Reuniclus|par\n|move|p2a: Gyarados|Crunch|p1b: Golurk\n|-activate|p1b: Golurk|move: Protect\n|cant|p2b: Reuniclus|par\n|\n|upkeep\n|turn|2\n|\n|t:|1776108580\n|move|p2a: Gyarados|Protect|p2a: Gyarados\n|-singleturn|p2a: Gyarados|Protect\n|move|p1a: Rotom|Discharge|p2a: Gyarados|[spread] p2b\n|-activate|p2a: Gyarados|move: Protect\n|-immune|p1b: Golurk\n|-damage|p2b: Reuniclus|49/100 par\n|move|p1b: Golurk|Poltergeist|p2b: Reuniclus\n|-activate|p2b: Reuniclus|move: Poltergeist|Kasib Berry\n|-supereffective|p2b: Reuniclus|1\n|-enditem|p2b: Reuniclus|Kasib Berry|[eat]\n|-enditem|p2b: Reuniclus|Kasib Berry|[weaken]\n|-damage|p2b: Reuniclus|0 fnt\n|faint|p2b: Reuniclus\n|\n|upkeep\n|\n|t:|1776108601\n|switch|p2b: Glimmora|Glimmora, L50, F|100/100\n|turn|3\n|\n|t:|1776108622\n|switch|p2a: Rotom|Rotom-Heat, L50|100/100\n|move|p2b: Glimmora|Protect|p2b: Glimmora\n|-singleturn|p2b: Glimmora|Protect\n|move|p1b: Golurk|Protect|p1b: Golurk\n|-singleturn|p1b: Golurk|Protect\n|move|p1a: Rotom|Discharge|p2a: Rotom|[spread] p2a\n|-activate|p1b: Golurk|move: Protect\n|-activate|p2b: Glimmora|move: Protect\n|-resisted|p2a: Rotom|1\n|-damage|p2a: Rotom|85/100\n|\n|-heal|p2a: Rotom|91/100|[from] item: Leftovers\n|upkeep\n|turn|4\n|\n|t:|1776108664\n|move|p1a: Rotom|Hydro Pump|p2a: Rotom\n|-supereffective|p2a: Rotom|1\n|-damage|p2a: Rotom|0 fnt\n|faint|p2a: Rotom\n|move|p2b: Glimmora|Energy Ball|p1b: Golurk\n|-supereffective|p1b: Golurk|1\n|-damage|p1b: Golurk|42/100\n|move|p1b: Golurk|Earthquake|p2b: Glimmora|[spread] p2b\n|-immune|p1a: Rotom|[from] ability: Levitate\n|-supereffective|p2b: Glimmora|2\n|-damage|p2b: Glimmora|0 fnt\n|-activate|p2b: Glimmora|ability: Toxic Debris\n|-sidestart|p1: Wendall555|move: Toxic Spikes\n|faint|p2b: Glimmora\n|\n|upkeep\n|\n|t:|1776108681\n|switch|p2a: Gyarados|Gyarados, L50, F|52/100\n|-ability|p2a: Gyarados|Intimidate|boost\n|-unboost|p1a: Rotom|atk|1\n|-unboost|p1b: Golurk|atk|1\n|turn|5\n|\n|t:|1776108688\n|move|p1b: Golurk|Protect|p1b: Golurk\n|-singleturn|p1b: Golurk|Protect\n|move|p1a: Rotom|Discharge|p2a: Gyarados|[spread] p2a\n|-activate|p1b: Golurk|move: Protect\n|-supereffective|p2a: Gyarados|2\n|-damage|p2a: Gyarados|0 fnt\n|faint|p2a: Gyarados\n|\n|win|Wendall555\n||Bardo52 is ready for game 2.\n||Wendall555 is ready for game 2.\n|uhtml|next|Next: <a href=\"/battle-gen9championsvgc2026regma-2582708281\"><strong>Game 2 of 3</strong></a>\n|l| k3ksmann\n",
  "uploadtime": 1776109079,
  "views": 25,
  "formatid": "gen9championsvgc2026regma",
  "rating": null,
  "private": 0,
  "password": null
}