{
  "id": "gen9championsvgc2026regma-2587289180",
  "format": "[Gen 9 Champions] VGC 2026 Reg M-A",
  "players": [
    "limejuice007",
    "Garhentie"
  ],
  "log": "|j|\u2606limejuice007\n|j|\u2606Garhentie\n|t:|1776518699\n|gametype|doubles\n|player|p1|limejuice007|li|1107\n|player|p2|Garhentie|dawn|1211\n|gen|9\n|tier|[Gen 9 Champions] VGC 2026 Reg M-A\n|rated|\n|rule|Species Clause: Limit one of each Pok\u00e9mon\n|rule|Item Clause: Limit 1 of each item\n|clearpoke\n|poke|p1|Meganium, L50, M|\n|poke|p1|Archaludon, L50, F|\n|poke|p1|Aerodactyl, L50, M|\n|poke|p1|Typhlosion-Hisui, L50, F|\n|poke|p1|Tauros-Paldea-Aqua, L50, M|\n|poke|p1|Kangaskhan, L50, F|\n|poke|p2|Tyranitar, L50, F|\n|poke|p2|Excadrill, L50, F|\n|poke|p2|Corviknight, L50, M|\n|poke|p2|Incineroar, L50, F|\n|poke|p2|Sinistcha, L50|\n|poke|p2|Meganium, L50, F|\n|teampreview|4\n|j| AidzPlayz\n|j| theabry\n|\n|t:|1776518737\n|teamsize|p1|4\n|teamsize|p2|4\n|start\n|switch|p1a: Tauros|Tauros-Paldea-Aqua, L50, M|100/100\n|switch|p1b: Aerodactyl|Aerodactyl, L50, M|100/100\n|switch|p2a: Tyranitar|Tyranitar, L50, F|100/100\n|switch|p2b: Corviknight|Corviknight, L50, M|100/100\n|-ability|p1b: Aerodactyl|Unnerve\n|-ability|p1a: Tauros|Intimidate|boost\n|-unboost|p2a: Tyranitar|atk|1\n|-ability|p2b: Corviknight|Mirror Armor\n|-unboost|p1a: Tauros|atk|1\n|-weather|Sandstorm|[from] ability: Sand Stream|[of] p2a: Tyranitar\n|-enditem|p1a: Tauros|White Herb\n|-clearnegativeboost|p1a: Tauros|[silent]\n|turn|1\n|\n|t:|1776518778\n|switch|p2a: Sinistcha|Sinistcha, L50|100/100\n|move|p1b: Aerodactyl|Tailwind|p1b: Aerodactyl\n|-sidestart|p1: limejuice007|move: Tailwind\n|move|p1a: Tauros|Close Combat|p2a: Sinistcha\n|-immune|p2a: Sinistcha\n|move|p2b: Corviknight|Iron Defense|p2b: Corviknight\n|-boost|p2b: Corviknight|def|2\n|\n|-weather|Sandstorm|[upkeep]\n|-damage|p1a: Tauros|95/100|[from] Sandstorm\n|-damage|p2a: Sinistcha|94/100|[from] Sandstorm\n|upkeep\n|turn|2\n|\n|t:|1776518810\n|switch|p1a: Archaludon|Archaludon, L50, F|100/100\n|move|p1b: Aerodactyl|Dual Wingbeat|p2a: Sinistcha\n|-supereffective|p2a: Sinistcha|1\n|-damage|p2a: Sinistcha|59/100\n|-supereffective|p2a: Sinistcha|1\n|-damage|p2a: Sinistcha|26/100\n|-hitcount|p2a: Sinistcha|2\n|move|p2a: Sinistcha|Strength Sap|p1b: Aerodactyl\n|-unboost|p1b: Aerodactyl|atk|1\n|-heal|p2a: Sinistcha|100/100\n|move|p2b: Corviknight|Brave Bird|p1a: Archaludon\n|-resisted|p1a: Archaludon|1\n|-damage|p1a: Archaludon|84/100\n|-damage|p2b: Corviknight|96/100|[from] Recoil\n|\n|-weather|Sandstorm|[upkeep]\n|-damage|p2a: Sinistcha|94/100|[from] Sandstorm\n|-heal|p2b: Corviknight|100/100|[from] item: Leftovers\n|upkeep\n|turn|3\n|\n|t:|1776518837\n|switch|p1b: Meganium|Meganium, L50, M|100/100\n|move|p1a: Archaludon|Draco Meteor|p2a: Sinistcha\n|-damage|p2a: Sinistcha|24/100\n|-unboost|p1a: Archaludon|spa|2\n|move|p2a: Sinistcha|Matcha Gotcha|p1b: Meganium|[spread] p1a,p1b\n|-resisted|p1a: Archaludon|2\n|-resisted|p1b: Meganium|1\n|-damage|p1a: Archaludon|74/100\n|-heal|p2a: Sinistcha|28/100|[from] drain|[of] p1a: Archaludon\n|-damage|p1b: Meganium|88/100\n|-heal|p2a: Sinistcha|35/100|[from] drain|[of] p1b: Meganium\n|move|p2b: Corviknight|Body Press|p1a: Archaludon\n|-supereffective|p1a: Archaludon|1\n|-damage|p1a: Archaludon|0 fnt\n|faint|p1a: Archaludon\n|\n|-weather|Sandstorm|[upkeep]\n|-damage|p1b: Meganium|82/100|[from] Sandstorm\n|-damage|p2a: Sinistcha|29/100|[from] Sandstorm\n|upkeep\n|\n|t:|1776518854\n|switch|p1a: Tauros|Tauros-Paldea-Aqua, L50, M|95/100\n|-ability|p1a: Tauros|Intimidate|boost\n|-unboost|p2a: Sinistcha|atk|1\n|-ability|p2b: Corviknight|Mirror Armor\n|-unboost|p1a: Tauros|atk|1\n|turn|4\n|\n|t:|1776518878\n|detailschange|p1b: Meganium|Meganium-Mega, L50, M\n|-mega|p1b: Meganium|Meganium|Meganiumite\n|move|p1a: Tauros|Wave Crash|p2a: Sinistcha\n|-resisted|p2a: Sinistcha|1\n|-damage|p2a: Sinistcha|10/100\n|-damage|p1a: Tauros|87/100|[from] Recoil\n|move|p1b: Meganium|Weather Ball|p2b: Corviknight\n|-supereffective|p2b: Corviknight|1\n|-damage|p2b: Corviknight|0 fnt\n|faint|p2b: Corviknight\n|move|p2a: Sinistcha|Matcha Gotcha|p1b: Meganium|[spread] p1a\n|-miss|p2a: Sinistcha|p1b: Meganium\n|-supereffective|p1a: Tauros|1\n|-damage|p1a: Tauros|12/100\n|-heal|p2a: Sinistcha|42/100|[from] drain|[of] p1a: Tauros\n|\n|-weather|Sandstorm|[upkeep]\n|-damage|p1a: Tauros|6/100|[from] Sandstorm\n|-damage|p1b: Meganium|76/100|[from] Sandstorm\n|-damage|p2a: Sinistcha|36/100|[from] Sandstorm\n|-sideend|p1: limejuice007|move: Tailwind\n|upkeep\n|\n|t:|1776518893\n|switch|p2b: Excadrill|Excadrill, L50, F|100/100\n|turn|5\n|\n|t:|1776518910\n|switch|p1a: Aerodactyl|Aerodactyl, L50, M|100/100\n|-ability|p1a: Aerodactyl|Unnerve\n|move|p2a: Sinistcha|Rage Powder|p2a: Sinistcha\n|-singleturn|p2a: Sinistcha|move: Rage Powder\n|move|p2b: Excadrill|Rock Slide|p1b: Meganium|[spread] p1a,p1b\n|-supereffective|p1a: Aerodactyl|1\n|-damage|p1a: Aerodactyl|36/100\n|-damage|p1b: Meganium|58/100\n|move|p1b: Meganium|Weather Ball|p2b: Excadrill\n|-supereffective|p2b: Excadrill|1\n|-enditem|p2b: Excadrill|Focus Sash\n|-damage|p2b: Excadrill|1/100\n|\n|-weather|none\n|upkeep\n|turn|6\n|\n|t:|1776518930\n|move|p2a: Sinistcha|Rage Powder|p2a: Sinistcha\n|-singleturn|p2a: Sinistcha|move: Rage Powder\n|move|p1a: Aerodactyl|Rock Slide|p2b: Excadrill|[spread] p2a,p2b\n|-resisted|p2b: Excadrill|2\n|-crit|p2b: Excadrill\n|-damage|p2a: Sinistcha|13/100\n|-damage|p2b: Excadrill|0 fnt\n|faint|p2b: Excadrill\n|move|p1b: Meganium|Weather Ball|p2a: Sinistcha\n|-supereffective|p2a: Sinistcha|1\n|-damage|p2a: Sinistcha|0 fnt\n|faint|p2a: Sinistcha\n|\n|upkeep\n|\n|t:|1776518935\n|switch|p2b: Tyranitar|Tyranitar, L50, F|100/100\n|-weather|Sandstorm|[from] ability: Sand Stream|[of] p2b: Tyranitar\n|turn|7\n|\n|t:|1776518947\n|detailschange|p2b: Tyranitar|Tyranitar-Mega, L50, F\n|-mega|p2b: Tyranitar|Tyranitar|Tyranitarite\n|move|p1a: Aerodactyl|Rock Slide|p2b: Tyranitar\n|-damage|p2b: Tyranitar|76/100\n|move|p2b: Tyranitar|Rock Slide|p1b: Meganium|[spread] p1a,p1b\n|-supereffective|p1a: Aerodactyl|1\n|-damage|p1a: Aerodactyl|0 fnt\n|-damage|p1b: Meganium|29/100\n|faint|p1a: Aerodactyl\n|move|p1b: Meganium|Solar Beam||[still]\n|-prepare|p1b: Meganium|Solar Beam\n|-activate|p1b: Meganium|ability: Mega Sol\n|-anim|p1b: Meganium|Solar Beam|p2b: Tyranitar\n|-supereffective|p2b: Tyranitar|1\n|-damage|p2b: Tyranitar|0 fnt\n|faint|p2b: Tyranitar\n|\n|win|limejuice007\n|raw|limejuice007's rating: 1107 &rarr; <strong>1139</strong><br />(+32 for winning)\n|raw|Garhentie's rating: 1211 &rarr; <strong>1179</strong><br />(-32 for losing)\n|l|\u2606Garhentie\n|player|p2|\n|l| AidzPlayz\n|j| AidzPlayz\n",
  "uploadtime": 1776518947,
  "views": 15,
  "formatid": "gen9championsvgc2026regma",
  "rating": 1139,
  "private": 0,
  "password": null
}