{
  "id": "gen9championsvgc2026regma-2585766119",
  "format": "[Gen 9 Champions] VGC 2026 Reg M-A",
  "players": [
    "manicallyhex",
    "wanchunflinflun"
  ],
  "log": "|j|\u2606manicallyhex\n|j|\u2606wanchunflinflun\n|t:|1776369102\n|gametype|doubles\n|player|p1|manicallyhex|hexmaniac-gen6|1110\n|player|p2|wanchunflinflun|265|1031\n|gen|9\n|tier|[Gen 9 Champions] VGC 2026 Reg M-A\n|rated|\n|rule|Species Clause: Limit one of each Pok\u00e9mon\n|rule|Item Clause: Limit 1 of each item\n|clearpoke\n|poke|p1|Maushold, L50|\n|poke|p1|Meganium, L50, F|\n|poke|p1|Skarmory, L50, M|\n|poke|p1|Talonflame, L50, F|\n|poke|p1|Excadrill, L50, M|\n|poke|p1|Pelipper, L50, F|\n|poke|p2|Oranguru, L50, M|\n|poke|p2|Clawitzer, L50, F|\n|poke|p2|Meowscarada, L50, F|\n|poke|p2|Hydreigon, L50, F|\n|poke|p2|Runerigus, L50, F|\n|poke|p2|Ampharos, L50, M|\n|teampreview|4\n|\n|t:|1776369133\n|teamsize|p1|4\n|teamsize|p2|4\n|start\n|switch|p1a: Maushold|Maushold, L50|100/100\n|switch|p1b: Meganium|Meganium, L50, F|100/100\n|switch|p2a: Oranguru|Oranguru, L50, M|100/100\n|switch|p2b: Ampharos|Ampharos, L50, M|100/100\n|turn|1\n|\n|t:|1776369151\n|detailschange|p1b: Meganium|Meganium-Mega, L50, F\n|-mega|p1b: Meganium|Meganium|Meganiumite\n|move|p1a: Maushold|Super Fang|p2a: Oranguru|[miss]\n|-miss|p1a: Maushold|p2a: Oranguru\n|move|p1b: Meganium|Solar Beam||[still]\n|-prepare|p1b: Meganium|Solar Beam\n|-activate|p1b: Meganium|ability: Mega Sol\n|-anim|p1b: Meganium|Solar Beam|p2a: Oranguru\n|-damage|p2a: Oranguru|55/100\n|move|p2b: Ampharos|Electric Terrain|p2b: Ampharos\n|-fieldstart|move: Electric Terrain\n|move|p2a: Oranguru|Trick Room|p2a: Oranguru\n|-fieldstart|move: Trick Room|[of] p2a: Oranguru\n|\n|upkeep\n|turn|2\n|\n|t:|1776369188\n|detailschange|p2b: Ampharos|Ampharos-Mega, L50, M\n|-mega|p2b: Ampharos|Ampharos|Ampharosite\n|-ability|p2b: Ampharos|Mold Breaker\n|move|p1a: Maushold|Protect|p1a: Maushold\n|-singleturn|p1a: Maushold|Protect\n|move|p2b: Ampharos|Discharge|p1b: Meganium|[spread] p2a,p1b\n|-activate|p1a: Maushold|move: Protect\n|-resisted|p1b: Meganium|1\n|-damage|p2a: Oranguru|24/100\n|-damage|p1b: Meganium|77/100\n|move|p2a: Oranguru|Encore|p1b: Meganium\n|-start|p1b: Meganium|Encore\n|move|p1b: Meganium|Solar Beam||[still]\n|-prepare|p1b: Meganium|Solar Beam\n|-activate|p1b: Meganium|ability: Mega Sol\n|-anim|p1b: Meganium|Solar Beam|p2b: Ampharos\n|-resisted|p2b: Ampharos|1\n|-damage|p2b: Ampharos|75/100\n|\n|upkeep\n|turn|3\n|\n|t:|1776369240\n|switch|p1a: Excadrill|Excadrill, L50, M|100/100\n|-ability|p1a: Excadrill|Mold Breaker\n|move|p2b: Ampharos|Rising Voltage|p1b: Meganium\n|-hint|Rising Voltage's BP doubled on grounded target.\n|-resisted|p1b: Meganium|1\n|-damage|p1b: Meganium|23/100\n|move|p2a: Oranguru|Encore||[still]\n|-fail|p2a: Oranguru\n|move|p1b: Meganium|Solar Beam||[still]\n|-prepare|p1b: Meganium|Solar Beam\n|-activate|p1b: Meganium|ability: Mega Sol\n|-anim|p1b: Meganium|Solar Beam|p2a: Oranguru\n|-damage|p2a: Oranguru|0 fnt\n|faint|p2a: Oranguru\n|\n|upkeep\n|\n|t:|1776369246\n|switch|p2a: Clawitzer|Clawitzer, L50, F|100/100\n|turn|4\n|\n|t:|1776369261\n|switch|p1b: Maushold|Maushold, L50|100/100\n|switch|p1a: Talonflame|Talonflame, L50, F|100/100\n|move|p2b: Ampharos|Dazzling Gleam|p1b: Maushold|[spread] p1a,p1b\n|-resisted|p1a: Talonflame|1\n|-damage|p1a: Talonflame|83/100\n|-damage|p1b: Maushold|71/100\n|move|p2a: Clawitzer|Muddy Water|p1a: Talonflame|[spread] p1a,p1b\n|-supereffective|p1a: Talonflame|1\n|-damage|p1a: Talonflame|0 fnt\n|-damage|p1b: Maushold|29/100\n|faint|p1a: Talonflame\n|\n|upkeep\n|\n|t:|1776369264\n|switch|p1a: Meganium|Meganium-Mega, L50, F|23/100\n|turn|5\n|\n|t:|1776369281\n|move|p2a: Clawitzer|Protect|p2a: Clawitzer\n|-singleturn|p2a: Clawitzer|Protect\n|move|p1a: Meganium|Protect|p1a: Meganium\n|-singleturn|p1a: Meganium|Protect\n|move|p1b: Maushold|Protect|p1b: Maushold\n|-singleturn|p1b: Maushold|Protect\n|move|p2b: Ampharos|Discharge|p1b: Maushold|[spread] \n|-activate|p2a: Clawitzer|move: Protect\n|-activate|p1a: Meganium|move: Protect\n|-activate|p1b: Maushold|move: Protect\n|\n|-fieldend|move: Trick Room\n|-fieldend|move: Electric Terrain\n|upkeep\n|turn|6\n|\n|t:|1776369304\n|switch|p1a: Excadrill|Excadrill, L50, M|100/100\n|-ability|p1a: Excadrill|Mold Breaker\n|move|p1b: Maushold|Encore|p2b: Ampharos\n|-start|p2b: Ampharos|Encore\n|move|p2a: Clawitzer|Muddy Water|p1b: Maushold|[spread] p1b\n|-miss|p2a: Clawitzer|p1a: Excadrill\n|-crit|p1b: Maushold\n|-damage|p1b: Maushold|0 fnt\n|faint|p1b: Maushold\n|move|p2b: Ampharos|Discharge|p1a: Excadrill|[spread] p2a\n|-immune|p1a: Excadrill\n|-supereffective|p2a: Clawitzer|1\n|-damage|p2a: Clawitzer|20/100\n|-status|p2a: Clawitzer|par\n|\n|upkeep\n|\n|t:|1776369317\n|switch|p1b: Meganium|Meganium-Mega, L50, F|23/100\n|turn|7\n|\n|t:|1776369350\n|move|p1b: Meganium|Protect|p1b: Meganium\n|-singleturn|p1b: Meganium|Protect\n|move|p1a: Excadrill|Iron Head|p2b: Ampharos\n|-resisted|p2b: Ampharos|1\n|-damage|p2b: Ampharos|59/100\n|move|p2b: Ampharos|Discharge|p1a: Excadrill|[spread] p2a\n|-activate|p1b: Meganium|move: Protect\n|-immune|p1a: Excadrill\n|-supereffective|p2a: Clawitzer|1\n|-damage|p2a: Clawitzer|0 fnt\n|faint|p2a: Clawitzer\n|\n|upkeep\n|\n|t:|1776369353\n|switch|p2a: Meowscarada|Meowscarada, L50, F|100/100\n|turn|8\n|\n|t:|1776369371\n|move|p2a: Meowscarada|Protect|p2a: Meowscarada\n|-start|p2a: Meowscarada|typechange|Normal|[from] ability: Protean\n|-singleturn|p2a: Meowscarada|Protect\n|move|p1a: Excadrill|Iron Head|p2a: Meowscarada\n|-activate|p2a: Meowscarada|move: Protect\n|move|p1b: Meganium|Dazzling Gleam|p2b: Ampharos|[spread] p2b\n|-activate|p2a: Meowscarada|move: Protect\n|-supereffective|p2b: Ampharos|1\n|-damage|p2b: Ampharos|12/100\n|move|p2b: Ampharos|Discharge|p1a: Excadrill|[spread] p1b\n|-activate|p2a: Meowscarada|move: Protect\n|-immune|p1a: Excadrill\n|-resisted|p1b: Meganium|1\n|-damage|p1b: Meganium|6/100\n|\n|-end|p2b: Ampharos|Encore\n|upkeep\n|turn|9\n|\n|t:|1776369388\n|move|p1a: Excadrill|Iron Head|p2a: Meowscarada\n|-damage|p2a: Meowscarada|48/100\n|move|p2a: Meowscarada|Triple Axel|p1a: Excadrill\n|-damage|p1a: Excadrill|92/100\n|-damage|p1a: Excadrill|78/100\n|-damage|p1a: Excadrill|56/100\n|-hitcount|p1a: Excadrill|3\n|move|p1b: Meganium|Dazzling Gleam|p2b: Ampharos|[spread] p2a,p2b\n|-supereffective|p2b: Ampharos|1\n|-damage|p2a: Meowscarada|8/100\n|-damage|p2b: Ampharos|0 fnt\n|faint|p2b: Ampharos\n|\n|upkeep\n|turn|10\n|-message|wanchunflinflun forfeited.\n|\n|win|manicallyhex\n|raw|manicallyhex's rating: 1110 &rarr; <strong>1129</strong><br />(+19 for winning)\n|raw|wanchunflinflun's rating: 1031 &rarr; <strong>1020</strong><br />(-11 for losing)\n|l|\u2606wanchunflinflun\n|player|p2|\n|l|\u2606manicallyhex\n|player|p1|\n|j|\u2606manicallyhex\n|player|p1|manicallyhex|hexmaniac-gen6|\n",
  "uploadtime": 1776369401,
  "views": 20,
  "formatid": "gen9championsvgc2026regma",
  "rating": 1020,
  "private": 0,
  "password": null
}