{
  "id": "gen9championsvgc2026regma-2583522494",
  "format": "[Gen 9 Champions] VGC 2026 Reg M-A",
  "players": [
    "StrawberryBalloons",
    "Runningo"
  ],
  "log": "|j|\u2606StrawberryBalloons\n|j|\u2606Runningo\n|t:|1776180982\n|gametype|doubles\n|player|p1|StrawberryBalloons|fisherman-gen4|1313\n|player|p2|Runningo|2|1279\n|gen|9\n|tier|[Gen 9 Champions] VGC 2026 Reg M-A\n|rated|\n|rule|Species Clause: Limit one of each Pok\u00e9mon\n|rule|Item Clause: Limit 1 of each item\n|clearpoke\n|poke|p1|Meganium, L50, M|\n|poke|p1|Aerodactyl, L50, M|\n|poke|p1|Milotic, L50, F|\n|poke|p1|Typhlosion-Hisui, L50, M|\n|poke|p1|Tinkaton, L50, F|\n|poke|p1|Garchomp, L50, F|\n|poke|p2|Whimsicott, L50, M|\n|poke|p2|Typhlosion-Hisui, L50, M|\n|poke|p2|Floette-Eternal, L50, F|\n|poke|p2|Tauros-Paldea-Blaze, L50, M|\n|poke|p2|Gyarados, L50, F|\n|poke|p2|Sinistcha, L50|\n|teampreview|4\n|inactive|Battle timer is ON: inactive players will automatically lose when time's up. (requested by StrawberryBalloons)\n|inactive|Runningo has 60 seconds left.\n|\n|t:|1776181013\n|teamsize|p1|4\n|teamsize|p2|4\n|start\n|switch|p1a: MeowMeow|Tinkaton, L50, F, shiny|100/100\n|switch|p1b: Milotic|Milotic, L50, F|100/100\n|switch|p2a: Tauros|Tauros-Paldea-Blaze, L50, M|100/100\n|switch|p2b: Whimsicott|Whimsicott, L50, M|100/100\n|-ability|p1a: MeowMeow|Mold Breaker\n|-ability|p2a: Tauros|Intimidate|boost\n|-unboost|p1a: MeowMeow|atk|1\n|-unboost|p1b: Milotic|atk|1\n|-ability|p1b: Milotic|Competitive|boost\n|-boost|p1b: Milotic|spa|2\n|turn|1\n|\n|t:|1776181030\n|move|p2b: Whimsicott|Protect|p2b: Whimsicott\n|-singleturn|p2b: Whimsicott|Protect\n|move|p2a: Tauros|Protect|p2a: Tauros\n|-singleturn|p2a: Tauros|Protect\n|move|p1a: MeowMeow|Fake Out|p2b: Whimsicott\n|-activate|p2b: Whimsicott|move: Protect\n|move|p1b: Milotic|Scald|p2a: Tauros\n|-activate|p2a: Tauros|move: Protect\n|\n|upkeep\n|turn|2\n|\n|t:|1776181048\n|move|p2b: Whimsicott|Sunny Day|p2b: Whimsicott\n|-weather|SunnyDay\n|move|p1a: MeowMeow|Gigaton Hammer|p2b: Whimsicott\n|-supereffective|p2b: Whimsicott|1\n|-enditem|p2b: Whimsicott|Focus Sash\n|-damage|p2b: Whimsicott|1/100\n|move|p2a: Tauros|Flare Blitz|p1a: MeowMeow\n|-supereffective|p1a: MeowMeow|1\n|-damage|p1a: MeowMeow|0 fnt\n|faint|p1a: MeowMeow\n|-damage|p2a: Tauros|62/100|[from] Recoil\n|move|p1b: Milotic|Scald|p2a: Tauros\n|-supereffective|p2a: Tauros|1\n|-damage|p2a: Tauros|0 fnt\n|faint|p2a: Tauros\n|\n|-weather|SunnyDay|[upkeep]\n|upkeep\n|\n|t:|1776181062\n|switch|p1a: Aerodactyl|Aerodactyl, L50, M|100/100\n|switch|p2a: Floette|Floette-Eternal, L50, F|100/100\n|-ability|p1a: Aerodactyl|Unnerve\n|turn|3\n|\n|t:|1776181085\n|detailschange|p2a: Floette|Floette-Mega, L50, F\n|-mega|p2a: Floette|Floette|Floettite\n|-ability|p2a: Floette|Fairy Aura\n|move|p2b: Whimsicott|Tailwind|p2b: Whimsicott\n|-sidestart|p2: Runningo|move: Tailwind\n|move|p2a: Floette|Dazzling Gleam|p1a: Aerodactyl|[spread] p1a,p1b\n|-damage|p1a: Aerodactyl|34/100\n|-damage|p1b: Milotic|72/100\n|move|p1a: Aerodactyl|Tailwind|p1a: Aerodactyl\n|-sidestart|p1: StrawberryBalloons|move: Tailwind\n|move|p1b: Milotic|Scald|p2a: Floette\n|-damage|p2a: Floette|76/100\n|\n|-weather|SunnyDay|[upkeep]\n|-heal|p1b: Milotic|78/100|[from] item: Leftovers\n|upkeep\n|turn|4\n|\n|t:|1776181103\n|move|p1a: Aerodactyl|Rock Slide|p2a: Floette|[spread] p2a,p2b\n|-damage|p2a: Floette|42/100\n|-damage|p2b: Whimsicott|0 fnt\n|faint|p2b: Whimsicott\n|cant|p2a: Floette|flinch\n|move|p1b: Milotic|Scald|p2a: Floette\n|-damage|p2a: Floette|17/100\n|-status|p2a: Floette|brn\n|\n|-weather|SunnyDay|[upkeep]\n|-heal|p1b: Milotic|84/100|[from] item: Leftovers\n|-damage|p2a: Floette|11/100 brn|[from] brn\n|upkeep\n|\n|t:|1776181112\n|switch|p2b: Typhlosion|Typhlosion-Hisui, L50, M|100/100\n|-item|p1a: Aerodactyl|Aerodactylite|[from] ability: Frisk|[of] p2b: Typhlosion\n|-item|p1b: Milotic|Leftovers|[from] ability: Frisk|[of] p2b: Typhlosion\n|turn|5\n|\n|t:|1776181122\n|move|p2b: Typhlosion|Eruption|p1b: Milotic|[spread] p1a,p1b\n|-resisted|p1a: Aerodactyl|1\n|-resisted|p1b: Milotic|1\n|-damage|p1a: Aerodactyl|0 fnt\n|-damage|p1b: Milotic|57/100\n|faint|p1a: Aerodactyl\n|move|p2a: Floette|Moonblast|p1b: Milotic\n|-damage|p1b: Milotic|14/100\n|move|p1b: Milotic|Scald|p2b: Typhlosion\n|-supereffective|p2b: Typhlosion|1\n|-damage|p2b: Typhlosion|24/100\n|\n|-weather|SunnyDay|[upkeep]\n|-heal|p1b: Milotic|20/100|[from] item: Leftovers\n|-damage|p2a: Floette|5/100 brn|[from] brn\n|upkeep\n|\n|t:|1776181131\n|switch|p1a: MegaTwo|Meganium, L50, M|100/100\n|turn|6\n|-message|Runningo forfeited.\n|\n|win|StrawberryBalloons\n|raw|StrawberryBalloons's rating: 1313 &rarr; <strong>1331</strong><br />(+18 for winning)\n|raw|Runningo's rating: 1279 &rarr; <strong>1256</strong><br />(-23 for losing)\n",
  "uploadtime": 1776181152,
  "views": 32,
  "formatid": "gen9championsvgc2026regma",
  "rating": 1256,
  "private": 0,
  "password": null
}