{
  "id": "gen9championsvgc2026regma-2581808103",
  "format": "[Gen 9 Champions] VGC 2026 Reg M-A",
  "players": [
    "Spingle23",
    "injuryreserv3"
  ],
  "log": "|j|\u2606Spingle23\n|j|\u2606injuryreserv3\n|t:|1776030072\n|gametype|doubles\n|player|p1|Spingle23|2|1219\n|player|p2|injuryreserv3|sabrina|1313\n|gen|9\n|tier|[Gen 9 Champions] VGC 2026 Reg M-A\n|rated|\n|rule|Species Clause: Limit one of each Pok\u00e9mon\n|rule|Item Clause: Limit 1 of each item\n|clearpoke\n|poke|p1|Tyranitar, L50, M|\n|poke|p1|Tyrantrum, L50, F|\n|poke|p1|Talonflame, L50, F|\n|poke|p1|Sinistcha, L50|\n|poke|p1|Rotom-Wash, L50|\n|poke|p1|Sneasler, L50, M|\n|poke|p2|Whimsicott, L50, F|\n|poke|p2|Charizard, L50, M|\n|poke|p2|Sneasler, L50, M|\n|poke|p2|Basculegion, L50, M|\n|poke|p2|Floette-Eternal, L50, F|\n|poke|p2|Incineroar, L50, M|\n|teampreview|4\nSpingle23 has agreed to open team sheets.\n|\n|t:|1776030152\n|teamsize|p1|4\n|teamsize|p2|4\n|start\n|switch|p1a: Tyranitar|Tyranitar, L50, M|100/100\n|switch|p1b: Talonflame|Talonflame, L50, F|100/100\n|switch|p2a: Floette|Floette-Eternal, L50, F|100/100\n|switch|p2b: Whimsicott|Whimsicott, L50, F|100/100\n|-weather|Sandstorm|[from] ability: Sand Stream|[of] p1a: Tyranitar\n|turn|1\n|inactive|Battle timer is ON: inactive players will automatically lose when time's up. (requested by injuryreserv3)\n|\n|t:|1776030176\n|switch|p2b: Incineroar|Incineroar, L50, M|100/100\n|-ability|p2b: Incineroar|Intimidate|boost\n|-unboost|p1a: Tyranitar|atk|1\n|-unboost|p1b: Talonflame|atk|1\n|detailschange|p2a: Floette|Floette-Mega, L50, F\n|-mega|p2a: Floette|Floette|Floettite\n|-ability|p2a: Floette|Fairy Aura\n|detailschange|p1a: Tyranitar|Tyranitar-Mega, L50, M\n|-mega|p1a: Tyranitar|Tyranitar|Tyranitarite\n|move|p1b: Talonflame|Tailwind|p1b: Talonflame\n|-sidestart|p1: Spingle23|move: Tailwind\n|move|p1a: Tyranitar|Dragon Dance|p1a: Tyranitar\n|-boost|p1a: Tyranitar|atk|1\n|-boost|p1a: Tyranitar|spe|1\n|move|p2a: Floette|Dazzling Gleam|p1b: Talonflame|[spread] p1a,p1b\n|-supereffective|p1a: Tyranitar|1\n|-resisted|p1b: Talonflame|1\n|-damage|p1a: Tyranitar|52/100\n|-damage|p1b: Talonflame|63/100\n|\n|-weather|Sandstorm|[upkeep]\n|-damage|p1b: Talonflame|57/100|[from] Sandstorm\n|-damage|p2a: Floette|94/100|[from] Sandstorm\n|-damage|p2b: Incineroar|95/100|[from] Sandstorm\n|-heal|p1b: Talonflame|63/100|[from] item: Leftovers\n|-heal|p2b: Incineroar|100/100|[from] item: Leftovers\n|upkeep\n|turn|2\n|\n|t:|1776030196\n|move|p1a: Tyranitar|Protect|p1a: Tyranitar\n|-singleturn|p1a: Tyranitar|Protect\n|move|p2b: Incineroar|Fake Out|p1a: Tyranitar\n|-activate|p1a: Tyranitar|move: Protect\n|move|p1b: Talonflame|Brave Bird|p2a: Floette\n|-damage|p2a: Floette|56/100\n|-damage|p1b: Talonflame|50/100|[from] Recoil\n|move|p2a: Floette|Dazzling Gleam|p1a: Tyranitar|[spread] p1b\n|-activate|p1a: Tyranitar|move: Protect\n|-resisted|p1b: Talonflame|1\n|-damage|p1b: Talonflame|13/100\n|\n|-weather|Sandstorm|[upkeep]\n|-damage|p1b: Talonflame|8/100|[from] Sandstorm\n|-damage|p2a: Floette|49/100|[from] Sandstorm\n|-damage|p2b: Incineroar|95/100|[from] Sandstorm\n|-heal|p1b: Talonflame|13/100|[from] item: Leftovers\n|-heal|p2b: Incineroar|100/100|[from] item: Leftovers\n|upkeep\n|turn|3\n|inactive|injuryreserv3 has 30 seconds left.\n|inactive|injuryreserv3 has 20 seconds left.\n|inactive|injuryreserv3 has 15 seconds left.\n|inactive|injuryreserv3 has 10 seconds left.\n|inactive|injuryreserv3 has 5 seconds left.\n|\n|t:|1776030247\n|switch|p1b: Sneasler|Sneasler, L50, M|100/100\n|switch|p2a: Sneasler|Sneasler, L50, M|100/100\n|move|p1a: Tyranitar|Rock Slide|p2a: Sneasler|[spread] p2a,p2b\n|-resisted|p2a: Sneasler|1\n|-supereffective|p2b: Incineroar|1\n|-damage|p2a: Sneasler|68/100\n|-damage|p2b: Incineroar|43/100\n|move|p2b: Incineroar|Parting Shot|p1a: Tyranitar\n|-unboost|p1a: Tyranitar|atk|1\n|-unboost|p1a: Tyranitar|spa|1\n|\n|t:|1776030267\n|switch|p2b: Whimsicott|Whimsicott, L50, F|100/100|[from] Parting Shot\n|\n|-weather|Sandstorm|[upkeep]\n|-damage|p1b: Sneasler|95/100|[from] Sandstorm\n|-damage|p2a: Sneasler|62/100|[from] Sandstorm\n|-damage|p2b: Whimsicott|95/100|[from] Sandstorm\n|upkeep\n|turn|4\n|inactive|Spingle23 has 30 seconds left.\n|inactive|injuryreserv3 has 30 seconds left.\n|\n|t:|1776030300\n|switch|p2a: Incineroar|Incineroar, L50, M|43/100\n|-ability|p2a: Incineroar|Intimidate|boost\n|-unboost|p1a: Tyranitar|atk|1\n|-unboost|p1b: Sneasler|atk|1\n|-enditem|p1b: Sneasler|White Herb\n|-clearnegativeboost|p1b: Sneasler|[silent]\n|move|p2b: Whimsicott|Tailwind|p2b: Whimsicott\n|-sidestart|p2: injuryreserv3|move: Tailwind\n|move|p1b: Sneasler|Dire Claw|p2b: Whimsicott\n|-supereffective|p2b: Whimsicott|2\n|-damage|p2b: Whimsicott|0 fnt\n|faint|p2b: Whimsicott\n|move|p1a: Tyranitar|Rock Slide|p2a: Incineroar\n|-supereffective|p2a: Incineroar|1\n|-damage|p2a: Incineroar|3/100\n|\n|-weather|Sandstorm|[upkeep]\n|-damage|p1b: Sneasler|89/100|[from] Sandstorm\n|-damage|p2a: Incineroar|0 fnt|[from] Sandstorm\n|faint|p2a: Incineroar\n|-sideend|p1: Spingle23|move: Tailwind\n|upkeep\n|\n|t:|1776030318\n|switch|p2b: Sneasler|Sneasler, L50, M|62/100\n|switch|p2a: Floette|Floette-Mega, L50, F|49/100\n|-ability|p2a: Floette|Fairy Aura\n|turn|5\n|\n|t:|1776030336\n|move|p1b: Sneasler|Dire Claw|p2a: Floette\n|-supereffective|p2a: Floette|1\n|-damage|p2a: Floette|0 fnt\n|faint|p2a: Floette\n|move|p2b: Sneasler|Close Combat|p1b: Sneasler\n|-resisted|p1b: Sneasler|1\n|-damage|p1b: Sneasler|25/100\n|-unboost|p2b: Sneasler|def|1\n|-unboost|p2b: Sneasler|spd|1\n|-enditem|p2b: Sneasler|White Herb\n|-clearnegativeboost|p2b: Sneasler|[silent]\n|move|p1a: Tyranitar|Rock Slide|p2b: Sneasler\n|-resisted|p2b: Sneasler|1\n|-damage|p2b: Sneasler|40/100\n|\n|-weather|none\n|upkeep\n|turn|6\n|\n|t:|1776030356\n|move|p2b: Sneasler|Dire Claw|p1b: Sneasler\n|-resisted|p1b: Sneasler|1\n|-damage|p1b: Sneasler|0 fnt\n|faint|p1b: Sneasler\n|move|p1a: Tyranitar|Rock Slide|p2b: Sneasler\n|-resisted|p2b: Sneasler|1\n|-damage|p2b: Sneasler|21/100\n|\n|upkeep\n|\n|t:|1776030359\n|switch|p1b: Talonflame|Talonflame, L50, F|13/100\n|turn|7\n|\n|t:|1776030370\n|move|p2b: Sneasler|Dire Claw|p1b: Talonflame\n|-crit|p1b: Talonflame\n|-damage|p1b: Talonflame|0 fnt\n|faint|p1b: Talonflame\n|move|p1a: Tyranitar|Rock Slide|p2b: Sneasler\n|-resisted|p2b: Sneasler|1\n|-damage|p2b: Sneasler|2/100\n|\n|-sideend|p2: injuryreserv3|move: Tailwind\n|upkeep\n|\n|t:|1776030371\n|switch|p1b: Tyrantrum|Tyrantrum, L50, F, shiny|100/100\n|turn|8\n|\n|t:|1776030385\n|move|p2b: Sneasler|Close Combat|p1b: Tyrantrum\n|-supereffective|p1b: Tyrantrum|1\n|-damage|p1b: Tyrantrum|0 fnt\n|-unboost|p2b: Sneasler|def|1\n|-unboost|p2b: Sneasler|spd|1\n|faint|p1b: Tyrantrum\n|move|p1a: Tyranitar|Knock Off|p2b: Sneasler\n|-resisted|p2b: Sneasler|1\n|-damage|p2b: Sneasler|0 fnt\n|faint|p2b: Sneasler\n|\n|win|Spingle23\n|raw|Spingle23's rating: 1219 &rarr; <strong>1251</strong><br />(+32 for winning)\n|raw|injuryreserv3's rating: 1313 &rarr; <strong>1288</strong><br />(-25 for losing)\n|c|\u2606injuryreserv3|gg\n|c|\u2606Spingle23|gg\n",
  "uploadtime": 1776030397,
  "views": 34,
  "formatid": "gen9championsvgc2026regma",
  "rating": 1251,
  "private": 0,
  "password": null
}