{
  "id": "gen9championsvgc2026regma-2585941604",
  "format": "[Gen 9 Champions] VGC 2026 Reg M-A",
  "players": [
    "Fumcase",
    "majeshogalac"
  ],
  "log": "|j|\u2606Fumcase\n|j|\u2606majeshogalac\n|t:|1776383512\n|gametype|doubles\n|player|p1|Fumcase|101|1162\n|player|p2|majeshogalac|1|1120\n|gen|9\n|tier|[Gen 9 Champions] VGC 2026 Reg M-A\n|rated|\n|rule|Species Clause: Limit one of each Pok\u00e9mon\n|rule|Item Clause: Limit 1 of each item\n|clearpoke\n|poke|p1|Oranguru, L50, F|\n|poke|p1|Abomasnow, L50, F|\n|poke|p1|Alakazam, L50, M|\n|poke|p1|Farigiraf, L50, F|\n|poke|p1|Incineroar, L50, M|\n|poke|p1|Tyranitar, L50, F|\n|poke|p2|Conkeldurr, L50, M|\n|poke|p2|Pelipper, L50, M|\n|poke|p2|Dragonite, L50, F|\n|poke|p2|Archaludon, L50, F|\n|poke|p2|Basculegion, L50, M|\n|poke|p2|Sinistcha, L50|\n|teampreview|4\n|inactive|Battle timer is ON: inactive players will automatically lose when time's up. (requested by Fumcase)\n|\n|t:|1776383581\n|teamsize|p1|4\n|teamsize|p2|4\n|start\n|switch|p1a: Oranguru|Oranguru, L50, F|100/100\n|switch|p1b: Incineroar|Incineroar, L50, M|100/100\n|switch|p2a: Basculegion|Basculegion, L50, M|100/100\n|switch|p2b: Archaludon|Archaludon, L50, F|100/100\n|-ability|p1b: Incineroar|Intimidate|boost\n|-unboost|p2a: Basculegion|atk|1\n|-unboost|p2b: Archaludon|atk|1\n|turn|1\n|\n|t:|1776383604\n|switch|p1b: Abomasnow|Abomasnow, L50, F, shiny|100/100\n|-weather|Snowscape|[from] ability: Snow Warning|[of] p1b: Abomasnow\n|move|p2a: Basculegion|Flip Turn|p1b: Abomasnow\n|-resisted|p1b: Abomasnow|1\n|-damage|p1b: Abomasnow|91/100\n|\n|t:|1776383611\n|switch|p2a: Pelipper|Pelipper, L50, M|100/100|[from] Flip Turn\n|-weather|RainDance|[from] ability: Drizzle|[of] p2a: Pelipper\n|move|p2b: Archaludon|Electro Shot||[still]\n|-prepare|p2b: Archaludon|Electro Shot\n|-boost|p2b: Archaludon|spa|1\n|-anim|p2b: Archaludon|Electro Shot|p1a: Oranguru\n|-damage|p1a: Oranguru|54/100\n|move|p1a: Oranguru|Trick Room|p1a: Oranguru\n|-fieldstart|move: Trick Room|[of] p1a: Oranguru\n|\n|-weather|RainDance|[upkeep]\n|upkeep\n|turn|2\n|\n|t:|1776383625\n|detailschange|p1b: Abomasnow|Abomasnow-Mega, L50, F, shiny\n|-mega|p1b: Abomasnow|Abomasnow|Abomasite\n|-weather|Snowscape|[from] ability: Snow Warning|[of] p1b: Abomasnow\n|move|p1b: Abomasnow|Blizzard|p2a: Pelipper|[spread] p2a,p2b\n|-crit|p2b: Archaludon\n|-damage|p2a: Pelipper|19/100\n|-damage|p2b: Archaludon|21/100\n|-ability|p2b: Archaludon|Stamina|boost\n|-boost|p2b: Archaludon|def|1\n|move|p1a: Oranguru|Instruct|p1b: Abomasnow\n|-singleturn|p1b: Abomasnow|move: Instruct|[of] p1a: Oranguru\n|move|p1b: Abomasnow|Blizzard|p2b: Archaludon|[spread] p2a,p2b\n|-crit|p2b: Archaludon\n|-damage|p2a: Pelipper|0 fnt\n|-damage|p2b: Archaludon|0 fnt\n|faint|p2a: Pelipper\n|faint|p2b: Archaludon\n|\n|-weather|Snowscape|[upkeep]\n|upkeep\n|\n|t:|1776383646\n|switch|p2b: Conkeldurr|Conkeldurr, L50, M|100/100\n|switch|p2a: Basculegion|Basculegion, L50, M|100/100\n|turn|3\n|\n|t:|1776383652\n|move|p1b: Abomasnow|Protect|p1b: Abomasnow\n|-singleturn|p1b: Abomasnow|Protect\n|move|p2b: Conkeldurr|Mach Punch|p1b: Abomasnow\n|-activate|p1b: Abomasnow|move: Protect\n|move|p1a: Oranguru|Psychic|p2b: Conkeldurr\n|-supereffective|p2b: Conkeldurr|1\n|-damage|p2b: Conkeldurr|29/100\n|move|p2a: Basculegion|Last Respects|p1b: Abomasnow\n|-activate|p1b: Abomasnow|move: Protect\n|\n|-weather|Snowscape|[upkeep]\n|upkeep\n|turn|4\n|\n|t:|1776383665\n|move|p1b: Abomasnow|Giga Drain|p2a: Basculegion\n|-supereffective|p2a: Basculegion|1\n|-damage|p2a: Basculegion|0 fnt\n|-heal|p1b: Abomasnow|100/100|[from] drain|[of] p2a: Basculegion\n|faint|p2a: Basculegion\n|move|p2b: Conkeldurr|Knock Off|p1a: Oranguru\n|-supereffective|p1a: Oranguru|1\n|-damage|p1a: Oranguru|0 fnt\n|-enditem|p1a: Oranguru|Focus Sash|[from] move: Knock Off|[of] p2b: Conkeldurr\n|faint|p1a: Oranguru\n|\n|-weather|Snowscape|[upkeep]\n|upkeep\n|\n|t:|1776383672\n|switch|p1a: Incineroar|Incineroar, L50, M|100/100\n|-ability|p1a: Incineroar|Intimidate|boost\n|-unboost|p2b: Conkeldurr|atk|1\n|turn|5\n|-activate|p2b: Conkeldurr|item: Quick Claw\n|\n|t:|1776383676\n|move|p1a: Incineroar|Fake Out|p2b: Conkeldurr\n|-damage|p2b: Conkeldurr|17/100\n|cant|p2b: Conkeldurr|flinch\n|move|p1b: Abomasnow|Giga Drain|p2b: Conkeldurr\n|-damage|p2b: Conkeldurr|0 fnt\n|faint|p2b: Conkeldurr\n|\n|win|Fumcase\n|raw|Fumcase's rating: 1162 &rarr; <strong>1184</strong><br />(+22 for winning)\n|raw|majeshogalac's rating: 1120 &rarr; <strong>1098</strong><br />(-22 for losing)\n|l|\u2606Fumcase\n|player|p1|\n",
  "uploadtime": 1776383705,
  "views": 15,
  "formatid": "gen9championsvgc2026regma",
  "rating": 1098,
  "private": 0,
  "password": null
}