{
  "id": "gen9championsvgc2026regma-2586897156",
  "format": "[Gen 9 Champions] VGC 2026 Reg M-A",
  "players": [
    "Hyper Light",
    "SakikoPlushie"
  ],
  "log": "|j|\u2606Hyper Light\n|j|\u2606SakikoPlushie\n|t:|1776469637\n|gametype|doubles\n|player|p1|Hyper Light|1|1184\n|player|p2|SakikoPlushie|miku-ghost|1086\n|gen|9\n|tier|[Gen 9 Champions] VGC 2026 Reg M-A\n|rated|\n|rule|Species Clause: Limit one of each Pok\u00e9mon\n|rule|Item Clause: Limit 1 of each item\n|clearpoke\n|poke|p1|Meganium, L50, M|\n|poke|p1|Pelipper, L50, F|\n|poke|p1|Incineroar, L50, F|\n|poke|p1|Basculegion, L50, M|\n|poke|p1|Sinistcha, L50|\n|poke|p1|Archaludon, L50, M|\n|poke|p2|Basculegion, L50, M|\n|poke|p2|Dragonite, L50, F|\n|poke|p2|Garchomp, L50, F|\n|poke|p2|Whimsicott, L50, F|\n|poke|p2|Pelipper, L50, F|\n|poke|p2|Incineroar, L50, F|\n|teampreview|4\n|inactive|Battle timer is ON: inactive players will automatically lose when time's up. (requested by Hyper Light)\n|inactive|SakikoPlushie has 60 seconds left.\n|\n|t:|1776469680\n|teamsize|p1|4\n|teamsize|p2|4\n|start\n|switch|p1a: Archaludon|Archaludon, L50, M, shiny|100/100\n|switch|p1b: Incineroar|Incineroar, L50, F, shiny|100/100\n|switch|p2a: RiceShower|Basculegion, L50, M|100/100\n|switch|p2b: SpecialWeek|Dragonite, L50, F|100/100\n|turn|1\n|\n|t:|1776469696\n|detailschange|p2b: SpecialWeek|Dragonite-Mega, L50, F\n|-mega|p2b: SpecialWeek|Dragonite|Dragoninite\n|move|p2b: SpecialWeek|Protect|p2b: SpecialWeek\n|-singleturn|p2b: SpecialWeek|Protect\n|move|p1b: Incineroar|Fake Out|p2b: SpecialWeek\n|-activate|p2b: SpecialWeek|move: Protect\n|move|p1a: Archaludon|Draco Meteor|p2b: SpecialWeek\n|-activate|p2b: SpecialWeek|move: Protect\n|move|p2a: RiceShower|Wave Crash|p1b: Incineroar\n|-supereffective|p1b: Incineroar|1\n|-damage|p1b: Incineroar|0 fnt\n|faint|p1b: Incineroar\n|-damage|p2a: RiceShower|70/100|[from] Recoil\n|\n|upkeep\n|\n|t:|1776469702\n|switch|p1b: Meganium|Meganium, L50, M|100/100\n|turn|2\n|inactive|SakikoPlushie has 30 seconds left.\n|\n|t:|1776469728\n|switch|p2b: Opera O|Garchomp, L50, F|100/100\n|detailschange|p1b: Meganium|Meganium-Mega, L50, M\n|-mega|p1b: Meganium|Meganium|Meganiumite\n|move|p2a: RiceShower|Protect|p2a: RiceShower\n|-singleturn|p2a: RiceShower|Protect\n|move|p1a: Archaludon|Draco Meteor|p2b: Opera O\n|-supereffective|p2b: Opera O|1\n|-damage|p2b: Opera O|0 fnt\n|-unboost|p1a: Archaludon|spa|2\n|faint|p2b: Opera O\n|move|p1b: Meganium|Dazzling Gleam|p2a: RiceShower\n|-activate|p2a: RiceShower|move: Protect\n|\n|upkeep\n|\n|t:|1776469741\n|switch|p2b: Juvia|Pelipper, L50, F|100/100\n|-weather|RainDance|[from] ability: Drizzle|[of] p2b: Juvia\n|turn|3\n|l|\u2606SakikoPlushie\n|inactive|SakikoPlushie disconnected and has a minute to reconnect!\n|player|p2|\n|j|\u2606SakikoPlushie\n|inactive|SakikoPlushie reconnected and has 40 seconds left.\n|player|p2|SakikoPlushie|miku-ghost|\n|inactive|SakikoPlushie has 30 seconds left.\n|\n|t:|1776469766\n|switch|p1a: Sinistcha|Sinistcha, L50, shiny|100/100\n|move|p2a: RiceShower|Wave Crash|p1a: Sinistcha\n|-resisted|p1a: Sinistcha|1\n|-damage|p1a: Sinistcha|49/100\n|-damage|p2a: RiceShower|56/100|[from] Recoil\n|move|p2b: Juvia|Hurricane|p1b: Meganium\n|-supereffective|p1b: Meganium|1\n|-damage|p1b: Meganium|22/100\n|move|p1b: Meganium|Solar Beam||[still]\n|-prepare|p1b: Meganium|Solar Beam\n|-activate|p1b: Meganium|ability: Mega Sol\n|-anim|p1b: Meganium|Solar Beam|p2a: RiceShower\n|-supereffective|p2a: RiceShower|1\n|-damage|p2a: RiceShower|0 fnt\n|faint|p2a: RiceShower\n|\n|-weather|RainDance|[upkeep]\n|-heal|p1a: Sinistcha|55/100|[from] item: Leftovers\n|upkeep\n|\n|t:|1776469780\n|switch|p2a: SpecialWeek|Dragonite-Mega, L50, F|100/100\n|turn|4\n|\n|t:|1776469802\n|switch|p1b: Archaludon|Archaludon, L50, M, shiny|100/100\n|move|p2a: SpecialWeek|Hurricane|p1a: Sinistcha\n|-supereffective|p1a: Sinistcha|1\n|-damage|p1a: Sinistcha|0 fnt\n|faint|p1a: Sinistcha\n|move|p2b: Juvia|Hurricane|p1b: Archaludon\n|-resisted|p1b: Archaludon|1\n|-damage|p1b: Archaludon|72/100\n|\n|-weather|RainDance|[upkeep]\n|upkeep\n|\n|t:|1776469807\n|switch|p1a: Meganium|Meganium-Mega, L50, M|22/100\n|turn|5\n|\n|t:|1776469818\n|move|p2a: SpecialWeek|Protect|p2a: SpecialWeek\n|-singleturn|p2a: SpecialWeek|Protect\n|move|p1b: Archaludon|Draco Meteor|p2a: SpecialWeek\n|-activate|p2a: SpecialWeek|move: Protect\n|move|p2b: Juvia|Hurricane|p1a: Meganium\n|-supereffective|p1a: Meganium|1\n|-damage|p1a: Meganium|0 fnt\n|faint|p1a: Meganium\n|\n|-weather|RainDance|[upkeep]\n|upkeep\n|turn|6\n|-message|Hyper Light forfeited.\n|\n|win|SakikoPlushie\n|raw|Hyper Light's rating: 1184 &rarr; <strong>1152</strong><br />(-32 for losing)\n|raw|SakikoPlushie's rating: 1086 &rarr; <strong>1121</strong><br />(+35 for winning)\n|l|\u2606Hyper Light\n|player|p1|\n",
  "uploadtime": 1776469643,
  "views": 24,
  "formatid": "gen9championsvgc2026regma",
  "rating": 1121,
  "private": 0,
  "password": null
}