{
  "id": "gen9championsvgc2026regma-2585820490",
  "format": "[Gen 9 Champions] VGC 2026 Reg M-A",
  "players": [
    "aolani",
    "heroplayer2026"
  ],
  "log": "|j|\u2606aolani\n|j|\u2606heroplayer2026\n|t:|1776373070\n|gametype|doubles\n|player|p1|aolani|psychic-gen3|1112\n|player|p2|heroplayer2026|fisherman-gen4|1204\n|gen|9\n|tier|[Gen 9 Champions] VGC 2026 Reg M-A\n|rated|\n|rule|Species Clause: Limit one of each Pok\u00e9mon\n|rule|Item Clause: Limit 1 of each item\n|clearpoke\n|poke|p1|Tsareena, L50, F|\n|poke|p1|Azumarill, L50, M|\n|poke|p1|Chandelure, L50, F|\n|poke|p1|Manectric, L50, M|\n|poke|p1|Chimecho, L50, M|\n|poke|p1|Lycanroc, L50, F|\n|poke|p2|Torkoal, L50, M|\n|poke|p2|Incineroar, L50, M|\n|poke|p2|Farigiraf, L50, F|\n|poke|p2|Golurk, L50|\n|poke|p2|Conkeldurr, L50, F|\n|poke|p2|Garchomp, L50, F|\n|teampreview|4\n|inactive|Battle timer is ON: inactive players will automatically lose when time's up. (requested by aolani)\n|\n|t:|1776373093\n|teamsize|p1|4\n|teamsize|p2|4\n|start\n|switch|p1a: Tsareena|Tsareena, L50, F, shiny|100/100\n|switch|p1b: Azumarill|Azumarill, L50, M|100/100\n|switch|p2a: Farigiraf|Farigiraf, L50, F|100/100\n|switch|p2b: Incineroar|Incineroar, L50, M|100/100\n|-ability|p2b: Incineroar|Intimidate|boost\n|-unboost|p1a: Tsareena|atk|1\n|-unboost|p1b: Azumarill|atk|1\n|turn|1\n|\n|t:|1776373118\n|move|p2b: Incineroar|Fake Out||[still]\n|cant|p1a: Tsareena|ability: Queenly Majesty|Fake Out|[of] p2b: Incineroar\n|move|p1a: Tsareena|Petal Blizzard|p2a: Farigiraf|[spread] p2a,p2b\n|-ability|p1b: Azumarill|Sap Sipper|boost\n|-boost|p1b: Azumarill|atk|1\n|-resisted|p2b: Incineroar|1\n|-damage|p2a: Farigiraf|80/100\n|-damage|p2b: Incineroar|89/100\n|move|p1b: Azumarill|Soak|p2b: Incineroar\n|-start|p2b: Incineroar|typechange|Water\n|move|p2a: Farigiraf|Trick Room|p2a: Farigiraf\n|-fieldstart|move: Trick Room|[of] p2a: Farigiraf\n|\n|upkeep\n|turn|2\n|inactive|aolani has 30 seconds left.\n|inactive|heroplayer2026 has 30 seconds left.\n|inactive|heroplayer2026 has 20 seconds left.\n|inactive|heroplayer2026 has 15 seconds left.\n|inactive|heroplayer2026 has 10 seconds left.\n|inactive|heroplayer2026 has 5 seconds left.\n|\n|t:|1776373169\n|switch|p1a: Chandelure|Chandelure, L50, F|100/100\n|move|p1b: Azumarill|Play Rough|p2b: Incineroar\n|-damage|p2b: Incineroar|63/100\n|move|p2a: Farigiraf|Hyper Voice|p1a: Chandelure|[spread] p1b\n|-immune|p1a: Chandelure\n|-damage|p1b: Azumarill|73/100\n|move|p2b: Incineroar|Parting Shot|p1a: Chandelure\n|-unboost|p1a: Chandelure|atk|1\n|-unboost|p1a: Chandelure|spa|1\n|\n|t:|1776373181\n|switch|p2b: Golurk|Golurk, L50|100/100|[from] Parting Shot\n|\n|upkeep\n|turn|3\n|\n|t:|1776373197\n|switch|p1a: Tsareena|Tsareena, L50, F, shiny|100/100\n|detailschange|p2b: Golurk|Golurk-Mega, L50\n|-mega|p2b: Golurk|Golurk|Golurkite\n|move|p2a: Farigiraf|Helping Hand|p2b: Golurk\n|-singleturn|p2b: Golurk|Helping Hand|[of] p2a: Farigiraf\n|move|p2b: Golurk|Headlong Rush|p1b: Azumarill\n|-damage|p1b: Azumarill|0 fnt\n|-unboost|p2b: Golurk|def|1\n|-unboost|p2b: Golurk|spd|1\n|faint|p1b: Azumarill\n|\n|upkeep\n|\n|t:|1776373214\n|switch|p1b: Lycanroc|Lycanroc, L50, F, shiny|100/100\n|turn|4\n|\n|t:|1776373226\n|move|p2a: Farigiraf|Helping Hand|p2b: Golurk\n|-singleturn|p2b: Golurk|Helping Hand|[of] p2a: Farigiraf\n|move|p1b: Lycanroc|Protect|p1b: Lycanroc\n|-singleturn|p1b: Lycanroc|Protect\n|move|p2b: Golurk|Drain Punch|p1b: Lycanroc\n|-supereffective|p1b: Lycanroc|1\n|-ability|p2b: Golurk|Unseen Fist\n|-zbroken|p1b: Lycanroc\n|-damage|p1b: Lycanroc|57/100\n|move|p1a: Tsareena|Petal Blizzard|p2b: Golurk|[spread] p2a,p2b\n|-activate|p1b: Lycanroc|move: Protect\n|-supereffective|p2b: Golurk|1\n|-damage|p2a: Farigiraf|47/100\n|-damage|p2b: Golurk|0 fnt\n|faint|p2b: Golurk\n|\n|upkeep\n|\n|t:|1776373238\n|switch|p2b: Incineroar|Incineroar, L50, M|63/100\n|-ability|p2b: Incineroar|Intimidate|boost\n|-unboost|p1a: Tsareena|atk|1\n|-unboost|p1b: Lycanroc|atk|1\n|turn|5\n|\n|t:|1776373263\n|move|p2a: Farigiraf|Hyper Voice|p1a: Tsareena|[spread] p1a,p1b\n|-resisted|p1b: Lycanroc|1\n|-damage|p1a: Tsareena|72/100\n|-damage|p1b: Lycanroc|37/100\n|move|p2b: Incineroar|Will-O-Wisp|p1b: Lycanroc\n|-status|p1b: Lycanroc|brn\n|move|p1a: Tsareena|Acupressure|p1b: Lycanroc\n|-boost|p1b: Lycanroc|spa|2\n|move|p1b: Lycanroc|Rock Slide|p2b: Incineroar|[spread] p2b\n|-miss|p1b: Lycanroc|p2a: Farigiraf\n|-supereffective|p2b: Incineroar|1\n|-damage|p2b: Incineroar|50/100\n|-enditem|p2b: Incineroar|Sitrus Berry|[eat]\n|-heal|p2b: Incineroar|75/100|[from] item: Sitrus Berry\n|\n|-damage|p1b: Lycanroc|31/100 brn|[from] brn\n|-fieldend|move: Trick Room\n|upkeep\n|turn|6\n|\n|t:|1776373287\n|move|p1b: Lycanroc|Protect|p1b: Lycanroc\n|-singleturn|p1b: Lycanroc|Protect\n|move|p1a: Tsareena|Petal Blizzard|p2b: Incineroar|[spread] p2a,p2b\n|-activate|p1b: Lycanroc|move: Protect\n|-resisted|p2b: Incineroar|1\n|-damage|p2a: Farigiraf|26/100\n|-damage|p2b: Incineroar|64/100\n|move|p2b: Incineroar|Will-O-Wisp|p1a: Tsareena\n|-status|p1a: Tsareena|brn\n|move|p2a: Farigiraf|Hyper Voice|p1a: Tsareena|[spread] p1a\n|-activate|p1b: Lycanroc|move: Protect\n|-damage|p1a: Tsareena|41/100 brn\n|\n|-damage|p1b: Lycanroc|25/100 brn|[from] brn\n|-damage|p1a: Tsareena|35/100 brn|[from] brn\n|upkeep\n|turn|7\n|inactive|aolani has 30 seconds left.\n|\n|t:|1776373315\n|move|p1b: Lycanroc|Rock Slide|p2a: Farigiraf|[spread] p2a,p2b\n|-supereffective|p2b: Incineroar|1\n|-damage|p2a: Farigiraf|18/100\n|-damage|p2b: Incineroar|48/100\n|move|p1a: Tsareena|Synthesis|p1a: Tsareena\n|-heal|p1a: Tsareena|85/100 brn\n|move|p2b: Incineroar|Parting Shot|p1b: Lycanroc\n|-unboost|p1b: Lycanroc|atk|1\n|-unboost|p1b: Lycanroc|spa|1\n|\n|t:|1776373323\n|switch|p2b: Torkoal|Torkoal, L50, M|100/100|[from] Parting Shot\n|-weather|SunnyDay|[from] ability: Drought|[of] p2b: Torkoal\n|move|p2a: Farigiraf|Trick Room|p2a: Farigiraf\n|-fieldstart|move: Trick Room|[of] p2a: Farigiraf\n|\n|-weather|SunnyDay|[upkeep]\n|-damage|p1a: Tsareena|79/100 brn|[from] brn\n|-damage|p1b: Lycanroc|19/100 brn|[from] brn\n|upkeep\n|turn|8\n|inactive|aolani has 30 seconds left.\n|\n|t:|1776373352\n|switch|p1b: Chandelure|Chandelure, L50, F|100/100\n|move|p2a: Farigiraf|Helping Hand|p2b: Torkoal\n|-singleturn|p2b: Torkoal|Helping Hand|[of] p2a: Farigiraf\n|move|p1a: Tsareena|Protect|p1a: Tsareena\n|-singleturn|p1a: Tsareena|Protect\n|move|p2b: Torkoal|Eruption|p1b: Chandelure|[spread] \n|-activate|p1a: Tsareena|move: Protect\n|-start|p1b: Chandelure|ability: Flash Fire\n|\n|-weather|SunnyDay|[upkeep]\n|-damage|p1a: Tsareena|73/100 brn|[from] brn\n|upkeep\n|turn|9\n|\n|t:|1776373374\n|detailschange|p1b: Chandelure|Chandelure-Mega, L50, F\n|-mega|p1b: Chandelure|Chandelure|Chandelurite\n|-end|p1b: Chandelure|ability: Flash Fire|[silent]\n|move|p2b: Torkoal|Flamethrower|p1a: Tsareena\n|-supereffective|p1a: Tsareena|1\n|-damage|p1a: Tsareena|0 fnt\n|faint|p1a: Tsareena\n|move|p2a: Farigiraf|Hyper Voice|p1b: Chandelure\n|-immune|p1b: Chandelure\n|move|p1b: Chandelure|Heat Wave|p2b: Torkoal|[spread] p2a,p2b\n|-resisted|p2b: Torkoal|1\n|-damage|p2a: Farigiraf|0 fnt\n|-damage|p2b: Torkoal|51/100\n|faint|p2a: Farigiraf\n|\n|-weather|SunnyDay|[upkeep]\n|upkeep\n|\n|t:|1776373386\n|switch|p2a: Incineroar|Incineroar, L50, M|48/100\n|switch|p1a: Lycanroc|Lycanroc, L50, F, shiny|19/100 brn\n|-ability|p2a: Incineroar|Intimidate|boost\n|-unboost|p1a: Lycanroc|atk|1\n|-unboost|p1b: Chandelure|atk|1\n|turn|10\n|\n|t:|1776373401\n|move|p1a: Lycanroc|Protect|p1a: Lycanroc\n|-singleturn|p1a: Lycanroc|Protect\n|move|p2b: Torkoal|Solar Beam||[still]\n|-prepare|p2b: Torkoal|Solar Beam\n|-anim|p2b: Torkoal|Solar Beam|p1a: Lycanroc\n|-activate|p1a: Lycanroc|move: Protect\n|move|p2a: Incineroar|Parting Shot|p1b: Chandelure\n|-unboost|p1b: Chandelure|atk|1\n|-unboost|p1b: Chandelure|spa|1\n|move|p1b: Chandelure|Heat Wave|p2a: Incineroar|[spread] p2a,p2b\n|-resisted|p2a: Incineroar|1\n|-resisted|p2b: Torkoal|1\n|-damage|p2a: Incineroar|28/100\n|-damage|p2b: Torkoal|20/100\n|\n|-weather|SunnyDay|[upkeep]\n|-damage|p1a: Lycanroc|13/100 brn|[from] brn\n|upkeep\n|turn|11\n|inactive|aolani has 30 seconds left.\n|\n|t:|1776373430\n|move|p1a: Lycanroc|Accelerock|p2b: Torkoal\n|-supereffective|p2b: Torkoal|1\n|-damage|p2b: Torkoal|10/100\n|move|p2b: Torkoal|Solar Beam||[still]\n|-prepare|p2b: Torkoal|Solar Beam\n|-anim|p2b: Torkoal|Solar Beam|p1a: Lycanroc\n|-supereffective|p1a: Lycanroc|1\n|-damage|p1a: Lycanroc|0 fnt\n|faint|p1a: Lycanroc\n|move|p2a: Incineroar|Parting Shot|p1b: Chandelure\n|-unboost|p1b: Chandelure|atk|1\n|-unboost|p1b: Chandelure|spa|1\n|move|p1b: Chandelure|Heat Wave|p2b: Torkoal|[spread] p2a,p2b\n|-resisted|p2a: Incineroar|1\n|-resisted|p2b: Torkoal|1\n|-crit|p2b: Torkoal\n|-damage|p2a: Incineroar|13/100\n|-damage|p2b: Torkoal|0 fnt\n|faint|p2b: Torkoal\n|\n|-weather|none\n|-fieldend|move: Trick Room\n|upkeep\n|turn|12\n|-message|heroplayer2026 forfeited.\n|\n|win|aolani\n|raw|aolani's rating: 1112 &rarr; <strong>1143</strong><br />(+31 for winning)\n|raw|heroplayer2026's rating: 1204 &rarr; <strong>1173</strong><br />(-31 for losing)\n",
  "uploadtime": 1776373445,
  "views": 18,
  "formatid": "gen9championsvgc2026regma",
  "rating": 1143,
  "private": 0,
  "password": null
}