{
  "id": "gen9championsvgc2026regma-2585523867",
  "format": "[Gen 9 Champions] VGC 2026 Reg M-A",
  "players": [
    "yredjack",
    "Cold Ham Coollum"
  ],
  "log": "|j|\u2606yredjack\n|j|\u2606Cold Ham Coollum\n|t:|1776353250\n|gametype|doubles\n|player|p1|yredjack|265|1105\n|player|p2|Cold Ham Coollum|mars|1094\n|gen|9\n|tier|[Gen 9 Champions] VGC 2026 Reg M-A\n|rated|\n|rule|Species Clause: Limit one of each Pok\u00e9mon\n|rule|Item Clause: Limit 1 of each item\n|clearpoke\n|poke|p1|Froslass, L50, F|\n|poke|p1|Garchomp, L50, M|\n|poke|p1|Kingambit, L50, F|\n|poke|p1|Sneasler, L50, M|\n|poke|p1|Aerodactyl, L50, F|\n|poke|p1|Rotom-Wash, L50|\n|poke|p2|Medicham, L50, F|\n|poke|p2|Kingambit, L50, M|\n|poke|p2|Pelipper, L50, F|\n|poke|p2|Archaludon, L50, F|\n|poke|p2|Meganium, L50, F|\n|poke|p2|Arcanine, L50, M|\n|teampreview|4\n|\n|t:|1776353300\n|teamsize|p1|4\n|teamsize|p2|4\n|start\n|switch|p1a: Sneasler|Sneasler, L50, M|100/100\n|switch|p1b: Rotom|Rotom-Wash, L50|100/100\n|switch|p2a: Lentimas|Medicham, L50, F, shiny|100/100\n|switch|p2b: Opelucid|Kingambit, L50, M|100/100\n|turn|1\n|\n|t:|1776353329\n|switch|p2b: Icirrus|Pelipper, L50, F|100/100\n|-weather|RainDance|[from] ability: Drizzle|[of] p2b: Icirrus\n|move|p1a: Sneasler|Fake Out|p2b: Icirrus\n|-damage|p2b: Icirrus|86/100\n|move|p1b: Rotom|Volt Switch|p2a: Lentimas\n|-damage|p2a: Lentimas|46/100\n|\n|t:|1776353338\n|switch|p1b: Froslass|Froslass, L50, F, shiny|100/100|[from] Volt Switch\n|move|p2a: Lentimas|Trick Room|p2a: Lentimas\n|-fieldstart|move: Trick Room|[of] p2a: Lentimas\n|\n|-weather|RainDance|[upkeep]\n|upkeep\n|turn|2\n|\n|t:|1776353399\n|switch|p2b: Opelucid|Kingambit, L50, M|100/100\n|detailschange|p1b: Froslass|Froslass-Mega, L50, F, shiny\n|-mega|p1b: Froslass|Froslass|Froslassite\n|-weather|Snowscape|[from] ability: Snow Warning|[of] p1b: Froslass\n|move|p1a: Sneasler|Protect|p1a: Sneasler\n|-singleturn|p1a: Sneasler|Protect\n|move|p2a: Lentimas|Skill Swap|p2b: Opelucid\n|-activate|p2a: Lentimas|Skill Swap|||[of] p2b: Opelucid\n|move|p1b: Froslass|Aurora Veil|p1b: Froslass\n|-sidestart|p1: yredjack|move: Aurora Veil\n|\n|-weather|Snowscape|[upkeep]\n|upkeep\n|turn|3\n|\n|t:|1776353424\n|switch|p2a: Icirrus|Pelipper, L50, F|86/100\n|-weather|RainDance|[from] ability: Drizzle|[of] p2a: Icirrus\n|switch|p1a: Rotom|Rotom-Wash, L50|100/100\n|move|p2b: Opelucid|Zen Headbutt|p1a: Rotom\n|-damage|p1a: Rotom|50/100\n|move|p1b: Froslass|Shadow Ball|p2a: Icirrus\n|-damage|p2a: Icirrus|30/100\n|\n|-weather|RainDance|[upkeep]\n|upkeep\n|turn|4\n|\n|t:|1776353466\n|switch|p1a: Kingambit|Kingambit, L50, F|100/100\n|move|p2a: Icirrus|Protect|p2a: Icirrus\n|-singleturn|p2a: Icirrus|Protect\n|move|p2b: Opelucid|Kowtow Cleave|p1b: Froslass\n|-supereffective|p1b: Froslass|1\n|-damage|p1b: Froslass|0 fnt\n|faint|p1b: Froslass\n|\n|-weather|RainDance|[upkeep]\n|upkeep\n|\n|t:|1776353478\n|switch|p1b: Sneasler|Sneasler, L50, M|100/100\n|turn|5\n|\n|t:|1776353513\n|move|p1b: Sneasler|Fake Out|p2b: Opelucid\n|-resisted|p2b: Opelucid|1\n|-damage|p2b: Opelucid|93/100\n|move|p1a: Kingambit|Kowtow Cleave|p2a: Icirrus\n|-damage|p2a: Icirrus|0 fnt\n|faint|p2a: Icirrus\n|cant|p2b: Opelucid|flinch\n|\n|-weather|RainDance|[upkeep]\n|-fieldend|move: Trick Room\n|upkeep\n|\n|t:|1776353526\n|switch|p2a: Lentimas|Medicham, L50, F, shiny|46/100\n|turn|6\n|\n|t:|1776353566\n|switch|p2b: Castelia|Archaludon, L50, F|100/100\n|move|p1b: Sneasler|Close Combat|p2b: Castelia\n|-supereffective|p2b: Castelia|1\n|-damage|p2b: Castelia|0 fnt\n|-unboost|p1b: Sneasler|def|1\n|-unboost|p1b: Sneasler|spd|1\n|faint|p2b: Castelia\n|-enditem|p1b: Sneasler|White Herb\n|-clearnegativeboost|p1b: Sneasler|[silent]\n|move|p2a: Lentimas|Drain Punch|p1a: Kingambit\n|-supereffective|p1a: Kingambit|2\n|-damage|p1a: Kingambit|0 fnt\n|-heal|p2a: Lentimas|100/100|[from] drain|[of] p1a: Kingambit\n|faint|p1a: Kingambit\n|\n|-weather|RainDance|[upkeep]\n|-sideend|p1: yredjack|move: Aurora Veil\n|upkeep\n|\n|t:|1776353582\n|switch|p2b: Opelucid|Kingambit, L50, M|93/100\n|switch|p1a: Rotom|Rotom-Wash, L50|50/100\n|turn|7\n|\n|t:|1776353606\n|move|p2b: Opelucid|Sucker Punch|p1a: Rotom\n|-damage|p1a: Rotom|0 fnt\n|faint|p1a: Rotom\n|move|p1b: Sneasler|Close Combat|p2b: Opelucid\n|-supereffective|p2b: Opelucid|2\n|-damage|p2b: Opelucid|0 fnt\n|-unboost|p1b: Sneasler|def|1\n|-unboost|p1b: Sneasler|spd|1\n|faint|p2b: Opelucid\n|move|p2a: Lentimas|Trick Room|p2a: Lentimas\n|-fieldstart|move: Trick Room|[of] p2a: Lentimas\n|\n|-weather|none\n|upkeep\n|turn|8\n|\n|t:|1776353624\n|detailschange|p2a: Lentimas|Medicham-Mega, L50, F, shiny\n|-mega|p2a: Lentimas|Medicham|Medichamite\n|move|p2a: Lentimas|Bullet Punch|p1b: Sneasler\n|-damage|p1b: Sneasler|35/100\n|move|p1b: Sneasler|Dire Claw|p2a: Lentimas\n|-damage|p2a: Lentimas|40/100\n|-status|p2a: Lentimas|par\n|\n|upkeep\n|turn|9\n|\n|t:|1776353636\n|cant|p2a: Lentimas|par\n|move|p1b: Sneasler|Dire Claw|p2a: Lentimas\n|-damage|p2a: Lentimas|0 fnt\n|faint|p2a: Lentimas\n|\n|win|yredjack\n|raw|yredjack's rating: 1105 &rarr; <strong>1129</strong><br />(+24 for winning)\n|raw|Cold Ham Coollum's rating: 1094 &rarr; <strong>1071</strong><br />(-23 for losing)\n|c|\u2606Cold Ham Coollum|bruh\n|c|\u2606Cold Ham Coollum|gg\n|c|\u2606yredjack|lol unlucky for you\n|l|\u2606Cold Ham Coollum\n|player|p2|\n|c|\u2606yredjack|you played well\n",
  "uploadtime": 1776353666,
  "views": 25,
  "formatid": "gen9championsvgc2026regma",
  "rating": 1071,
  "private": 0,
  "password": null
}