{
  "id": "gen9championsvgc2026regma-2581192335",
  "format": "[Gen 9 Champions] VGC 2026 Reg M-A",
  "players": [
    "Ajax1224",
    "StrikerMohamud"
  ],
  "log": "|j|\u2606Ajax1224\n|j|\u2606StrikerMohamud\n|t:|1775969127\n|gametype|doubles\n|player|p1|Ajax1224|266|1066\n|player|p2|StrikerMohamud|unknown|1058\n|gen|9\n|tier|[Gen 9 Champions] VGC 2026 Reg M-A\n|rated|\n|rule|Species Clause: Limit one of each Pok\u00e9mon\n|rule|Item Clause: Limit 1 of each item\n|clearpoke\n|poke|p1|Houndoom, L50, F|\n|poke|p1|Torkoal, L50, M|\n|poke|p1|Whimsicott, L50, M|\n|poke|p1|Farigiraf, L50, M|\n|poke|p1|Sinistcha, L50|\n|poke|p1|Drampa, L50, F|\n|poke|p2|Kangaskhan, L50, F|\n|poke|p2|Incineroar, L50, M|\n|poke|p2|Azumarill, L50, M|\n|poke|p2|Froslass, L50, F|\n|poke|p2|Garchomp, L50, M|\n|poke|p2|Talonflame, L50, M|\n|teampreview|4\nStrikerMohamud has agreed to open team sheets.\n|\n|t:|1775969165\n|teamsize|p1|4\n|teamsize|p2|4\n|start\n|switch|p1a: Farigiraf|Farigiraf, L50, M|100/100\n|switch|p1b: Torkoal|Torkoal, L50, M|100/100\n|switch|p2a: Talonflame|Talonflame, L50, M, shiny|100/100\n|switch|p2b: Garchomp|Garchomp, L50, M|100/100\n|-weather|SunnyDay|[from] ability: Drought|[of] p1b: Torkoal\n|turn|1\n|\n|t:|1775969179\n|move|p1b: Torkoal|Protect|p1b: Torkoal\n|-singleturn|p1b: Torkoal|Protect\n|move|p2b: Garchomp|Earthquake|p1b: Torkoal|[spread] p1a\n|-activate|p1b: Torkoal|move: Protect\n|-immune|p2a: Talonflame\n|-crit|p1a: Farigiraf\n|-damage|p1a: Farigiraf|39/100\n|move|p2a: Talonflame|Taunt|p1a: Farigiraf\n|-start|p1a: Farigiraf|move: Taunt\n|-enditem|p1a: Farigiraf|Mental Herb\n|-end|p1a: Farigiraf|move: Taunt\n|move|p1a: Farigiraf|Trick Room|p1a: Farigiraf\n|-fieldstart|move: Trick Room|[of] p1a: Farigiraf\n|\n|-weather|SunnyDay|[upkeep]\n|upkeep\n|turn|2\n|\n|t:|1775969197\n|move|p1a: Farigiraf|Helping Hand|p1b: Torkoal\n|-singleturn|p1b: Torkoal|Helping Hand|[of] p1a: Farigiraf\n|move|p2a: Talonflame|Dual Wingbeat||[still]\n|cant|p1a: Farigiraf|ability: Armor Tail|Dual Wingbeat|[of] p2a: Talonflame\n|move|p1b: Torkoal|Eruption|p2b: Garchomp|[spread] p2a,p2b\n|-resisted|p2a: Talonflame|1\n|-resisted|p2b: Garchomp|1\n|-damage|p2a: Talonflame|8/100\n|-damage|p2b: Garchomp|32/100\n|move|p2b: Garchomp|Earthquake|p1a: Farigiraf|[spread] p1a,p1b\n|-immune|p2a: Talonflame\n|-supereffective|p1b: Torkoal|1\n|-damage|p1a: Farigiraf|0 fnt\n|-damage|p1b: Torkoal|33/100\n|faint|p1a: Farigiraf\n|\n|-weather|SunnyDay|[upkeep]\n|upkeep\n|\n|t:|1775969214\n|switch|p1a: Houndoom|Houndoom, L50, F|100/100\n|turn|3\n|\n|t:|1775969234\n|switch|p2b: Incineroar|Incineroar, L50, M, shiny|100/100\n|-ability|p2b: Incineroar|Intimidate|boost\n|-unboost|p1a: Houndoom|atk|1\n|-unboost|p1b: Torkoal|atk|1\n|detailschange|p1a: Houndoom|Houndoom-Mega, L50, F\n|-mega|p1a: Houndoom|Houndoom|Houndoominite\n|move|p1a: Houndoom|Protect|p1a: Houndoom\n|-singleturn|p1a: Houndoom|Protect\n|move|p2a: Talonflame|Quick Guard|p2a: Talonflame\n|-singleturn|p2a: Talonflame|Quick Guard\n|move|p1b: Torkoal|Heat Wave|p2a: Talonflame|[spread] p2b\n|-miss|p1b: Torkoal|p2a: Talonflame\n|-resisted|p2b: Incineroar|1\n|-damage|p2b: Incineroar|74/100\n|\n|-weather|SunnyDay|[upkeep]\n|-damage|p1a: Houndoom|88/100|[from] ability: Solar Power|[of] p1a: Houndoom\n|upkeep\n|turn|4\n|\n|t:|1775969273\n|move|p1b: Torkoal|Protect|p1b: Torkoal\n|-singleturn|p1b: Torkoal|Protect\n|move|p2b: Incineroar|Fake Out|p1b: Torkoal\n|-activate|p1b: Torkoal|move: Protect\n|move|p1a: Houndoom|Scorching Sands|p2b: Incineroar\n|-supereffective|p2b: Incineroar|1\n|-enditem|p2b: Incineroar|Shuca Berry|[eat]\n|-enditem|p2b: Incineroar|Shuca Berry|[weaken]\n|-damage|p2b: Incineroar|35/100\n|move|p2a: Talonflame|Dual Wingbeat|p1a: Houndoom\n|-damage|p1a: Houndoom|64/100\n|-damage|p1a: Houndoom|39/100\n|-hitcount|p1a: Houndoom|2\n|\n|-weather|SunnyDay|[upkeep]\n|-damage|p1a: Houndoom|26/100|[from] ability: Solar Power|[of] p1a: Houndoom\n|upkeep\n|turn|5\n|\n|t:|1775969302\n|move|p1b: Torkoal|Helping Hand|p1a: Houndoom\n|-singleturn|p1a: Houndoom|Helping Hand|[of] p1b: Torkoal\n|move|p2b: Incineroar|Parting Shot|p1a: Houndoom\n|-unboost|p1a: Houndoom|atk|1\n|-unboost|p1a: Houndoom|spa|1\n|\n|t:|1775969310\n|switch|p2b: Froslass|Froslass, L50, F, shiny|100/100|[from] Parting Shot\n|move|p1a: Houndoom|Heat Wave|p2b: Froslass|[spread] p2a,p2b\n|-resisted|p2a: Talonflame|1\n|-supereffective|p2b: Froslass|1\n|-damage|p2a: Talonflame|0 fnt\n|-damage|p2b: Froslass|0 fnt\n|faint|p2a: Talonflame\n|faint|p2b: Froslass\n|\n|-weather|none\n|-fieldend|move: Trick Room\n|upkeep\n|\n|t:|1775969312\n|switch|p2a: Garchomp|Garchomp, L50, M|32/100\n|switch|p2b: Incineroar|Incineroar, L50, M, shiny|35/100\n|-ability|p2b: Incineroar|Intimidate|boost\n|-unboost|p1a: Houndoom|atk|1\n|-unboost|p1b: Torkoal|atk|1\n|turn|6\n|\n|t:|1775969332\n|move|p1a: Houndoom|Protect|p1a: Houndoom\n|-singleturn|p1a: Houndoom|Protect\n|move|p1b: Torkoal|Protect|p1b: Torkoal\n|-singleturn|p1b: Torkoal|Protect\n|move|p2b: Incineroar|Fake Out|p1b: Torkoal\n|-activate|p1b: Torkoal|move: Protect\n|move|p2a: Garchomp|Stomping Tantrum|p1b: Torkoal\n|-activate|p1b: Torkoal|move: Protect\n|\n|upkeep\n|turn|7\n|\n|t:|1775969359\n|move|p1b: Torkoal|Helping Hand|p1a: Houndoom\n|-singleturn|p1a: Houndoom|Helping Hand|[of] p1b: Torkoal\n|move|p2a: Garchomp|Stomping Tantrum|p1a: Houndoom\n|-supereffective|p1a: Houndoom|1\n|-damage|p1a: Houndoom|0 fnt\n|faint|p1a: Houndoom\n|move|p2b: Incineroar|Throat Chop|p1b: Torkoal\n|-crit|p1b: Torkoal\n|-damage|p1b: Torkoal|0 fnt\n|faint|p1b: Torkoal\n|\n|upkeep\n|\n|t:|1775969379\n|switch|p1b: Drampa|Drampa, L50, F|100/100\n|-ability|p1b: Drampa|Cloud Nine\n|turn|8\n|\n|t:|1775969393\n|move|p2a: Garchomp|Stomping Tantrum|p1b: Drampa\n|-damage|p1b: Drampa|53/100\n|move|p2b: Incineroar|Throat Chop|p1b: Drampa\n|-damage|p1b: Drampa|14/100\n|-start|p1b: Drampa|Throat Chop|[silent]\n|cant|p1b: Drampa|move: Throat Chop\n|\n|upkeep\n|turn|9\n|\n|t:|1775969408\n|move|p2a: Garchomp|Stomping Tantrum|p1b: Drampa\n|-damage|p1b: Drampa|0 fnt\n|faint|p1b: Drampa\n|\n|win|StrikerMohamud\n|raw|Ajax1224's rating: 1066 &rarr; <strong>1046</strong><br />(-20 for losing)\n|raw|StrikerMohamud's rating: 1058 &rarr; <strong>1090</strong><br />(+32 for winning)\n|l|\u2606Ajax1224\n|player|p1|\n",
  "uploadtime": 1775969129,
  "views": 15,
  "formatid": "gen9championsvgc2026regma",
  "rating": 1046,
  "private": 0,
  "password": null
}