{
  "id": "gen9championsvgc2026regma-2582606400",
  "format": "[Gen 9 Champions] VGC 2026 Reg M-A",
  "players": [
    "eggnoggue",
    "On the wave now"
  ],
  "log": "|j|\u2606eggnoggue\n|j|\u2606On the wave now\n|t:|1776102241\n|gametype|doubles\n|player|p1|eggnoggue|wicke|1094\n|player|p2|On the wave now|ruinmaniac|1169\n|gen|9\n|tier|[Gen 9 Champions] VGC 2026 Reg M-A\n|rated|\n|rule|Species Clause: Limit one of each Pok\u00e9mon\n|rule|Item Clause: Limit 1 of each item\n|clearpoke\n|poke|p1|Araquanid, L50, F|\n|poke|p1|Vivillon, L50, F|\n|poke|p1|Volcarona, L50, F|\n|poke|p1|Scizor, L50, M|\n|poke|p1|Heracross, L50, F|\n|poke|p1|Pinsir, L50, F|\n|poke|p2|Floette-Eternal, L50, F|\n|poke|p2|Maushold, L50|\n|poke|p2|Garchomp, L50, F|\n|poke|p2|Talonflame, L50, M|\n|poke|p2|Rotom-Wash, L50|\n|poke|p2|Aegislash, L50, F|\n|teampreview|4\nOn the wave now has agreed to open team sheets.\n|inactive|Battle timer is ON: inactive players will automatically lose when time's up. (requested by On the wave now)\n|\n|t:|1776102304\n|teamsize|p1|4\n|teamsize|p2|4\n|start\n|switch|p1a: Vivillon|Vivillon, L50, F|100/100\n|switch|p1b: Volcarona|Volcarona, L50, F|100/100\n|switch|p2a: Garchomp|Garchomp, L50, F|100/100\n|switch|p2b: Talonflame|Talonflame, L50, M|100/100\n|turn|1\n|\n|t:|1776102327\n|move|p1b: Volcarona|Protect|p1b: Volcarona\n|-singleturn|p1b: Volcarona|Protect\n|move|p2b: Talonflame|Acrobatics|p1a: Vivillon\n|-supereffective|p1a: Vivillon|1\n|-enditem|p1a: Vivillon|Focus Sash\n|-damage|p1a: Vivillon|1/100\n|move|p2a: Garchomp|Stone Edge|p1b: Volcarona\n|-activate|p1b: Volcarona|move: Protect\n|move|p1a: Vivillon|Tailwind|p1a: Vivillon\n|-sidestart|p1: eggnoggue|move: Tailwind\n|\n|upkeep\n|turn|2\n|\n|t:|1776102349\n|move|p2b: Talonflame|Tailwind|p2b: Talonflame\n|-sidestart|p2: On the wave now|move: Tailwind\n|move|p2a: Garchomp|Stone Edge|p1b: Volcarona\n|-supereffective|p1b: Volcarona|2\n|-damage|p1b: Volcarona|0 fnt\n|faint|p1b: Volcarona\n|move|p1a: Vivillon|Sleep Powder|p2b: Talonflame\n|-status|p2b: Talonflame|slp|[from] move: Sleep Powder\n|\n|upkeep\n|\n|t:|1776102357\n|switch|p1b: Heracross|Heracross, L50, F|100/100\n|turn|3\n|\n|t:|1776102372\n|cant|p2b: Talonflame|slp\n|move|p2a: Garchomp|Stone Edge|p1a: Vivillon\n|-supereffective|p1a: Vivillon|2\n|-damage|p1a: Vivillon|0 fnt\n|faint|p1a: Vivillon\n|move|p1b: Heracross|Rock Blast|p2b: Talonflame\n|-supereffective|p2b: Talonflame|2\n|-damage|p2b: Talonflame|39/100 slp\n|-supereffective|p2b: Talonflame|2\n|-damage|p2b: Talonflame|0 fnt\n|faint|p2b: Talonflame\n|-ability|p1b: Heracross|Moxie|boost\n|-boost|p1b: Heracross|atk|1\n|-hitcount|p2: Talonflame|2\n|\n|upkeep\n|\n|t:|1776102386\n|switch|p2b: Floette|Floette-Eternal, L50, F|100/100\n|switch|p1a: Araquanid|Araquanid, L50, F|100/100\n|turn|4\n|inactive|eggnoggue has 30 seconds left.\n|inactive|eggnoggue has 20 seconds left.\n|\n|t:|1776102424\n|detailschange|p2b: Floette|Floette-Mega, L50, F\n|-mega|p2b: Floette|Floette|Floettite\n|-ability|p2b: Floette|Fairy Aura\n|detailschange|p1b: Heracross|Heracross-Mega, L50, F\n|-mega|p1b: Heracross|Heracross|Heracronite\n|move|p1a: Araquanid|Wide Guard|p1a: Araquanid\n|-singleturn|p1a: Araquanid|Wide Guard\n|move|p2a: Garchomp|Stomping Tantrum|p1b: Heracross\n|-resisted|p1b: Heracross|1\n|-damage|p1b: Heracross|79/100\n|move|p2b: Floette|Dazzling Gleam|p1b: Heracross|[spread] \n|-activate|p1a: Araquanid|move: Wide Guard\n|-activate|p1b: Heracross|move: Wide Guard\n|move|p1b: Heracross|Rock Blast|p2b: Floette\n|-damage|p2b: Floette|79/100\n|-damage|p2b: Floette|57/100\n|-damage|p2b: Floette|37/100\n|-damage|p2b: Floette|16/100\n|-damage|p2b: Floette|0 fnt\n|faint|p2b: Floette\n|-hitcount|p2: Floette|5\n|\n|-sideend|p1: eggnoggue|move: Tailwind\n|upkeep\n|\n|t:|1776102431\n|switch|p2b: Aegislash|Aegislash, L50, F|100/100\n|turn|5\n|inactive|eggnoggue has 30 seconds left.\n|\n|t:|1776102460\n|move|p2a: Garchomp|Stone Edge|p1b: Heracross|[miss]\n|-miss|p2a: Garchomp|p1b: Heracross\n|-formechange|p2b: Aegislash|Aegislash-Blade|\n|move|p2b: Aegislash|Iron Head|p1b: Heracross\n|-damage|p1b: Heracross|35/100\n|move|p1b: Heracross|Close Combat|p2a: Garchomp\n|-damage|p2a: Garchomp|0 fnt\n|-unboost|p1b: Heracross|def|1\n|-unboost|p1b: Heracross|spd|1\n|-damage|p1b: Heracross|22/100|[from] ability: Rough Skin|[of] p2a: Garchomp\n|faint|p2a: Garchomp\n|move|p1a: Araquanid|Substitute|p1a: Araquanid\n|-start|p1a: Araquanid|Substitute\n|-damage|p1a: Araquanid|76/100\n|\n|-sideend|p2: On the wave now|move: Tailwind\n|upkeep\n|turn|6\n|inactive|eggnoggue has 30 seconds left.\n|\n|t:|1776102491\n|move|p1b: Heracross|Protect|p1b: Heracross\n|-singleturn|p1b: Heracross|Protect\n|-formechange|p2b: Aegislash|Aegislash|\n|move|p2b: Aegislash|King's Shield|p2b: Aegislash\n|-singleturn|p2b: Aegislash|Protect\n|move|p1a: Araquanid|Liquidation|p2b: Aegislash\n|-activate|p2b: Aegislash|move: Protect\n|-unboost|p1a: Araquanid|atk|1\n|\n|upkeep\n|turn|7\n|\n|t:|1776102514\n|-formechange|p2b: Aegislash|Aegislash-Blade|\n|move|p2b: Aegislash|Shadow Sneak|p1b: Heracross\n|-damage|p1b: Heracross|0 fnt\n|faint|p1b: Heracross\n|move|p1a: Araquanid|Liquidation|p2b: Aegislash\n|-damage|p2b: Aegislash|5/100\n|-unboost|p2b: Aegislash|def|1\n|\n|upkeep\n|turn|8\n|\n|t:|1776102524\n|move|p2b: Aegislash|Poltergeist|p1a: Araquanid\n|-activate|p1a: Araquanid|move: Poltergeist|Mystic Water\n|-end|p1a: Araquanid|Substitute\n|move|p1a: Araquanid|Liquidation|p2b: Aegislash\n|-damage|p2b: Aegislash|0 fnt\n|faint|p2b: Aegislash\n|\n|win|eggnoggue\n|raw|eggnoggue's rating: 1094 &rarr; <strong>1125</strong><br />(+31 for winning)\n|raw|On the wave now's rating: 1169 &rarr; <strong>1139</strong><br />(-30 for losing)\n|l|\u2606On the wave now\n|player|p2|\n",
  "uploadtime": 1776102536,
  "views": 33,
  "formatid": "gen9championsvgc2026regma",
  "rating": 1125,
  "private": 0,
  "password": null
}