{
  "id": "gen9championsvgc2026regma-2580470373",
  "format": "[Gen 9 Champions] VGC 2026 Reg M-A",
  "players": [
    "nizerap",
    "Protatoee"
  ],
  "log": "|j|\u2606nizerap\n|j|\u2606Protatoee\n|t:|1775901365\n|gametype|doubles\n|player|p1|nizerap|1|1053\n|player|p2|Protatoee|sisandbro|1093\n|gen|9\n|tier|[Gen 9 Champions] VGC 2026 Reg M-A\n|rated|\n|rule|Species Clause: Limit one of each Pok\u00e9mon\n|rule|Item Clause: Limit 1 of each item\n|clearpoke\n|poke|p1|Meganium, L50, F|\n|poke|p1|Pelipper, L50, F|\n|poke|p1|Archaludon, L50, M|\n|poke|p1|Incineroar, L50, M|\n|poke|p1|Basculegion, L50, M|\n|poke|p1|Kingambit, L50, M|\n|poke|p2|Gengar, L50, M|\n|poke|p2|Incineroar, L50, F|\n|poke|p2|Pelipper, L50, F|\n|poke|p2|Archaludon, L50, M|\n|poke|p2|Dragonite, L50, F|\n|poke|p2|Kingambit, L50, F|\n|teampreview|4\n|inactive|Battle timer is ON: inactive players will automatically lose when time's up. (requested by Protatoee)\n|inactive|nizerap has 60 seconds left.\n|\n|t:|1775901406\n|teamsize|p1|4\n|teamsize|p2|4\n|start\n|switch|p1a: Pelipper|Pelipper, L50, F|100/100\n|switch|p1b: Archaludon|Archaludon, L50, M|100/100\n|switch|p2a: Incineroar|Incineroar, L50, F|100/100\n|switch|p2b: Kingambit|Kingambit, L50, F|100/100\n|-weather|RainDance|[from] ability: Drizzle|[of] p1a: Pelipper\n|-ability|p2a: Incineroar|Intimidate|boost\n|-unboost|p1a: Pelipper|atk|1\n|-unboost|p1b: Archaludon|atk|1\n|-enditem|p1b: Archaludon|White Herb\n|-clearnegativeboost|p1b: Archaludon|[silent]\n|turn|1\n|inactive|nizerap has 30 seconds left.\n|inactive|Protatoee has 30 seconds left.\n|inactive|nizerap has 20 seconds left.\n|inactive|nizerap has 15 seconds left.\n|\n|t:|1775901446\n|move|p2a: Incineroar|Fake Out|p1a: Pelipper\n|-damage|p1a: Pelipper|89/100\n|move|p1b: Archaludon|Electro Shot||[still]\n|-prepare|p1b: Archaludon|Electro Shot\n|-boost|p1b: Archaludon|spa|1\n|-anim|p1b: Archaludon|Electro Shot|p2b: Kingambit\n|-damage|p2b: Kingambit|34/100\n|cant|p1a: Pelipper|flinch\n|move|p2b: Kingambit|Kowtow Cleave|p1a: Pelipper\n|-damage|p1a: Pelipper|38/100\n|\n|-weather|RainDance|[upkeep]\n|-heal|p1a: Pelipper|44/100|[from] item: Leftovers\n|upkeep\n|turn|2\n|\n|t:|1775901471\n|move|p1a: Pelipper|Protect|p1a: Pelipper\n|-singleturn|p1a: Pelipper|Protect\n|move|p2b: Kingambit|Sucker Punch|p1b: Archaludon\n|-damage|p1b: Archaludon|73/100\n|-ability|p1b: Archaludon|Stamina|boost\n|-boost|p1b: Archaludon|def|1\n|move|p1b: Archaludon|Electro Shot||[still]\n|-prepare|p1b: Archaludon|Electro Shot\n|-boost|p1b: Archaludon|spa|1\n|-anim|p1b: Archaludon|Electro Shot|p2b: Kingambit\n|-damage|p2b: Kingambit|0 fnt\n|faint|p2b: Kingambit\n|move|p2a: Incineroar|Parting Shot|p2: Kingambit|[notarget]\n|-fail|p2a: Incineroar\n|\n|-weather|RainDance|[upkeep]\n|-heal|p1a: Pelipper|50/100|[from] item: Leftovers\n|upkeep\n|\n|t:|1775901486\n|switch|p2b: Archaludon|Archaludon, L50, M|100/100\n|turn|3\n|\n|t:|1775901508\n|move|p2b: Archaludon|Draco Meteor|p1b: Archaludon\n|-damage|p1b: Archaludon|0 fnt\n|-unboost|p2b: Archaludon|spa|2\n|faint|p1b: Archaludon\n|move|p1a: Pelipper|Tailwind|p1a: Pelipper\n|-sidestart|p1: nizerap|move: Tailwind\n|move|p2a: Incineroar|Parting Shot|p1a: Pelipper\n|-unboost|p1a: Pelipper|atk|1\n|-unboost|p1a: Pelipper|spa|1\n|\n|t:|1775901524\n|switch|p2a: Pelipper|Pelipper, L50, F|100/100|[from] Parting Shot\n|\n|-weather|RainDance|[upkeep]\n|-heal|p1a: Pelipper|56/100|[from] item: Leftovers\n|upkeep\n|\n|t:|1775901538\n|switch|p1b: Kingambit|Kingambit, L50, M|100/100\n|turn|4\n|\n|t:|1775901548\n|move|p1a: Pelipper|Weather Ball|p2a: Pelipper\n|-resisted|p2a: Pelipper|1\n|-damage|p2a: Pelipper|63/100\n|move|p1b: Kingambit|Kowtow Cleave|p2a: Pelipper\n|-damage|p2a: Pelipper|0 fnt\n|faint|p2a: Pelipper\n|move|p2b: Archaludon|Aura Sphere|p1b: Kingambit\n|-supereffective|p1b: Kingambit|2\n|-damage|p1b: Kingambit|33/100\n|\n|-weather|RainDance|[upkeep]\n|-heal|p1a: Pelipper|62/100|[from] item: Leftovers\n|upkeep\n|\n|t:|1775901557\n|switch|p2a: Incineroar|Incineroar, L50, F|100/100\n|-ability|p2a: Incineroar|Intimidate|boost\n|-unboost|p1a: Pelipper|atk|1\n|-unboost|p1b: Kingambit|atk|1\n|-ability|p1b: Kingambit|Defiant|boost\n|-boost|p1b: Kingambit|atk|2\n|turn|5\n|inactive|nizerap has 30 seconds left.\n|\n|t:|1775901582\n|move|p1a: Pelipper|Protect|p1a: Pelipper\n|-singleturn|p1a: Pelipper|Protect\n|move|p2a: Incineroar|Fake Out|p1a: Pelipper\n|-activate|p1a: Pelipper|move: Protect\n|move|p1b: Kingambit|Low Kick|p2b: Archaludon\n|-supereffective|p2b: Archaludon|1\n|-damage|p2b: Archaludon|29/100\n|-ability|p2b: Archaludon|Stamina|boost\n|-boost|p2b: Archaludon|def|1\n|move|p2b: Archaludon|Aura Sphere|p1b: Kingambit\n|-supereffective|p1b: Kingambit|2\n|-damage|p1b: Kingambit|0 fnt\n|faint|p1b: Kingambit\n|\n|-weather|none\n|-heal|p1a: Pelipper|68/100|[from] item: Leftovers\n|upkeep\n|\n|t:|1775901597\n|switch|p1b: Meganium|Meganium, L50, F|100/100\n|turn|6\n|inactive|nizerap has 30 seconds left.\n|inactive|Protatoee has 30 seconds left.\n|\n|t:|1775901629\n|detailschange|p1b: Meganium|Meganium-Mega, L50, F\n|-mega|p1b: Meganium|Meganium|Meganiumite\n|move|p1b: Meganium|Dazzling Gleam|p2b: Archaludon|[spread] p2a,p2b\n|-damage|p2a: Incineroar|69/100\n|-damage|p2b: Archaludon|0 fnt\n|faint|p2b: Archaludon\n|move|p1a: Pelipper|Hurricane|p2a: Incineroar|[miss]\n|-miss|p1a: Pelipper|p2a: Incineroar\n|move|p2a: Incineroar|Will-O-Wisp|p1b: Meganium\n|-status|p1b: Meganium|brn\n|\n|-heal|p1a: Pelipper|74/100|[from] item: Leftovers\n|-damage|p1b: Meganium|95/100 brn|[from] brn\n|-sideend|p1: nizerap|move: Tailwind\n|upkeep\n|turn|7\n|-message|Protatoee forfeited.\n|\n|win|nizerap\n|raw|nizerap's rating: 1053 &rarr; <strong>1089</strong><br />(+36 for winning)\n|raw|Protatoee's rating: 1093 &rarr; <strong>1066</strong><br />(-27 for losing)\n|l|\u2606Protatoee\n|player|p2|\n",
  "uploadtime": 1775901648,
  "views": 29,
  "formatid": "gen9championsvgc2026regma",
  "rating": 1066,
  "private": 0,
  "password": null
}