{
  "id": "gen9championsvgc2026regma-2582048857",
  "format": "[Gen 9 Champions] VGC 2026 Reg M-A",
  "players": [
    "theson1909",
    "Gaby Glytxii"
  ],
  "log": "|j|\u2606theson1909\n|j|\u2606Gaby Glytxii\n|t:|1776051854\n|gametype|doubles\n|player|p1|theson1909|102|1152\n|player|p2|Gaby Glytxii|265|1102\n|gen|9\n|tier|[Gen 9 Champions] VGC 2026 Reg M-A\n|rated|\n|rule|Species Clause: Limit one of each Pok\u00e9mon\n|rule|Item Clause: Limit 1 of each item\n|clearpoke\n|poke|p1|Dragonite, L50, M|\n|poke|p1|Pelipper, L50, M|\n|poke|p1|Clefable, L50, M|\n|poke|p1|Incineroar, L50, F|\n|poke|p1|Lucario, L50, M|\n|poke|p1|Archaludon, L50, F|\n|poke|p2|Tyranitar, L50, M|\n|poke|p2|Spiritomb, L50, M|\n|poke|p2|Tsareena, L50, F|\n|poke|p2|Goodra-Hisui, L50, M|\n|poke|p2|Empoleon, L50, F|\n|poke|p2|Hippowdon, L50, F|\n|teampreview|4\n|\n|t:|1776051896\n|teamsize|p1|4\n|teamsize|p2|4\n|start\n|switch|p1a: Lucario|Lucario, L50, M|100/100\n|switch|p1b: Incineroar|Incineroar, L50, F, shiny|100/100\n|switch|p2a: Empoleon|Empoleon, L50, F|100/100\n|switch|p2b: Spiritomb|Spiritomb, L50, M|100/100\n|-ability|p1b: Incineroar|Intimidate|boost\n|-unboost|p2a: Empoleon|atk|1\n|-ability|p2a: Empoleon|Competitive|boost\n|-boost|p2a: Empoleon|spa|2\n|-unboost|p2b: Spiritomb|atk|1\n|turn|1\n|inactive|Battle timer is ON: inactive players will automatically lose when time's up. (requested by theson1909)\n|\n|t:|1776051910\n|detailschange|p1a: Lucario|Lucario-Mega, L50, M\n|-mega|p1a: Lucario|Lucario|Lucarionite\n|move|p2a: Empoleon|Protect|p2a: Empoleon\n|-singleturn|p2a: Empoleon|Protect\n|move|p1a: Lucario|Close Combat|p2a: Empoleon\n|-activate|p2a: Empoleon|move: Protect\n|move|p1b: Incineroar|Darkest Lariat|p2b: Spiritomb\n|-damage|p2b: Spiritomb|65/100\n|move|p2b: Spiritomb|Trick Room|p2b: Spiritomb\n|-fieldstart|move: Trick Room|[of] p2b: Spiritomb\n|\n|upkeep\n|turn|2\n|\n|t:|1776051925\n|switch|p2b: Hippowdon|Hippowdon, L50, F, shiny|100/100\n|move|p2a: Empoleon|Hydro Pump|p1a: Lucario\n|-damage|p1a: Lucario|0 fnt\n|faint|p1a: Lucario\n|move|p1b: Incineroar|Parting Shot|p2b: Hippowdon\n|-unboost|p2b: Hippowdon|atk|1\n|-unboost|p2b: Hippowdon|spa|1\n|\n|t:|1776051936\n|switch|p1b: Pelipper|Pelipper, L50, M, shiny|100/100|[from] Parting Shot\n|-weather|RainDance|[from] ability: Drizzle|[of] p1b: Pelipper\n|\n|-weather|RainDance|[upkeep]\n|upkeep\n|\n|t:|1776051942\n|switch|p1a: Archaludon|Archaludon, L50, F|100/100\n|turn|3\n|\n|t:|1776051950\n|switch|p2b: Tyranitar|Tyranitar, L50, M|100/100\n|-weather|Sandstorm|[from] ability: Sand Stream|[of] p2b: Tyranitar\n|move|p2a: Empoleon|Weather Ball|p1b: Pelipper\n|-supereffective|p1b: Pelipper|1\n|-enditem|p1b: Pelipper|Charti Berry|[eat]\n|-enditem|p1b: Pelipper|Charti Berry|[weaken]\n|-damage|p1b: Pelipper|35/100\n|move|p1b: Pelipper|Weather Ball|p2b: Tyranitar\n|-damage|p2b: Tyranitar|88/100\n|move|p1a: Archaludon|Electro Shot||[still]\n|-prepare|p1a: Archaludon|Electro Shot\n|-boost|p1a: Archaludon|spa|1\n|\n|-weather|Sandstorm|[upkeep]\n|-damage|p1b: Pelipper|29/100|[from] Sandstorm\n|upkeep\n|turn|4\n|\n|t:|1776051970\n|move|p2a: Empoleon|Protect|p2a: Empoleon\n|-singleturn|p2a: Empoleon|Protect\n|move|p1b: Pelipper|Wide Guard|p1b: Pelipper\n|-singleturn|p1b: Pelipper|Wide Guard\n|move|p2b: Tyranitar|Rock Slide|p1a: Archaludon|[spread] \n|-activate|p1a: Archaludon|move: Wide Guard\n|-activate|p1b: Pelipper|move: Wide Guard\n|move|p1a: Archaludon|Electro Shot|p2a: Empoleon|[from] lockedmove\n|-activate|p2a: Empoleon|move: Protect\n|\n|-weather|Sandstorm|[upkeep]\n|-damage|p1b: Pelipper|23/100|[from] Sandstorm\n|upkeep\n|turn|5\n|\n|t:|1776051992\n|switch|p2b: Spiritomb|Spiritomb, L50, M|65/100\n|move|p2a: Empoleon|Weather Ball|p1b: Pelipper\n|-supereffective|p1b: Pelipper|1\n|-damage|p1b: Pelipper|0 fnt\n|faint|p1b: Pelipper\n|move|p1a: Archaludon|Aura Sphere|p2a: Empoleon\n|-supereffective|p2a: Empoleon|1\n|-enditem|p2a: Empoleon|Chople Berry|[eat]\n|-enditem|p2a: Empoleon|Chople Berry|[weaken]\n|-damage|p2a: Empoleon|61/100\n|\n|-weather|Sandstorm|[upkeep]\n|-damage|p2b: Spiritomb|60/100|[from] Sandstorm\n|-fieldend|move: Trick Room\n|upkeep\n|\n|t:|1776051998\n|switch|p1b: Incineroar|Incineroar, L50, F, shiny|100/100\n|-ability|p1b: Incineroar|Intimidate|boost\n|-unboost|p2a: Empoleon|atk|1\n|-ability|p2a: Empoleon|Competitive|boost\n|-boost|p2a: Empoleon|spa|2\n|-unboost|p2b: Spiritomb|atk|1\n|turn|6\n|\n|t:|1776052018\n|move|p2a: Empoleon|Protect|p2a: Empoleon\n|-singleturn|p2a: Empoleon|Protect\n|move|p1a: Archaludon|Aura Sphere|p2a: Empoleon\n|-activate|p2a: Empoleon|move: Protect\n|move|p1b: Incineroar|Flare Blitz|p2b: Spiritomb\n|-damage|p2b: Spiritomb|11/100\n|-status|p2b: Spiritomb|brn\n|-damage|p1b: Incineroar|88/100|[from] Recoil\n|move|p2b: Spiritomb|Trick Room|p2b: Spiritomb\n|-fieldstart|move: Trick Room|[of] p2b: Spiritomb\n|\n|-weather|Sandstorm|[upkeep]\n|-damage|p2b: Spiritomb|6/100 brn|[from] Sandstorm\n|-damage|p1b: Incineroar|82/100|[from] Sandstorm\n|-damage|p2b: Spiritomb|0 fnt|[from] brn\n|faint|p2b: Spiritomb\n|upkeep\n|\n|t:|1776052032\n|switch|p2b: Hippowdon|Hippowdon, L50, F, shiny|100/100\n|turn|7\n|\n|t:|1776052038\n|move|p2b: Hippowdon|Curse|p2b: Hippowdon\n|-unboost|p2b: Hippowdon|spe|1\n|-boost|p2b: Hippowdon|atk|1\n|-boost|p2b: Hippowdon|def|1\n|move|p2a: Empoleon|Hydro Pump|p1b: Incineroar\n|-supereffective|p1b: Incineroar|1\n|-damage|p1b: Incineroar|0 fnt\n|faint|p1b: Incineroar\n|move|p1a: Archaludon|Aura Sphere|p2a: Empoleon\n|-supereffective|p2a: Empoleon|1\n|-damage|p2a: Empoleon|0 fnt\n|faint|p2a: Empoleon\n|\n|-weather|none\n|upkeep\n|\n|t:|1776052048\n|switch|p2a: Tyranitar|Tyranitar, L50, M|88/100\n|-weather|Sandstorm|[from] ability: Sand Stream|[of] p2a: Tyranitar\n|turn|8\n|\n|t:|1776052052\n|move|p2a: Tyranitar|Protect|p2a: Tyranitar\n|-singleturn|p2a: Tyranitar|Protect\n|move|p1a: Archaludon|Protect|p1a: Archaludon\n|-singleturn|p1a: Archaludon|Protect\n|move|p2b: Hippowdon|Curse|p2b: Hippowdon\n|-unboost|p2b: Hippowdon|spe|1\n|-boost|p2b: Hippowdon|atk|1\n|-boost|p2b: Hippowdon|def|1\n|\n|-weather|Sandstorm|[upkeep]\n|upkeep\n|turn|9\n|\n|t:|1776052064\n|detailschange|p2a: Tyranitar|Tyranitar-Mega, L50, M\n|-mega|p2a: Tyranitar|Tyranitar|Tyranitarite\n|move|p2b: Hippowdon|Earthquake|p1a: Archaludon|[spread] p2a,p1a\n|-supereffective|p2a: Tyranitar|1\n|-supereffective|p1a: Archaludon|1\n|-damage|p2a: Tyranitar|0 fnt\n|-damage|p1a: Archaludon|0 fnt\n|faint|p2a: Tyranitar\n|faint|p1a: Archaludon\n|\n|win|Gaby Glytxii\n|raw|theson1909's rating: 1152 &rarr; <strong>1123</strong><br />(-29 for losing)\n|raw|Gaby Glytxii's rating: 1102 &rarr; <strong>1131</strong><br />(+29 for winning)\n",
  "uploadtime": 1776052071,
  "views": 11,
  "formatid": "gen9championsvgc2026regma",
  "rating": 1123,
  "private": 0,
  "password": null
}