{
  "id": "gen9championsvgc2026regma-2584861214",
  "format": "[Gen 9 Champions] VGC 2026 Reg M-A",
  "players": [
    "7rfhm",
    "2sweep4u"
  ],
  "log": "|j|\u26067rfhm\n|j|\u26062sweep4u\n|t:|1776289458\n|gametype|doubles\n|player|p1|7rfhm|ghetsis|1000\n|player|p2|2sweep4u|unknownf|1000\n|gen|9\n|tier|[Gen 9 Champions] VGC 2026 Reg M-A\n|rated|\n|rule|Species Clause: Limit one of each Pok\u00e9mon\n|rule|Item Clause: Limit 1 of each item\n|clearpoke\n|poke|p1|Lopunny, L50, F|\n|poke|p1|Kommo-o, L50, F|\n|poke|p1|Whimsicott, L50, F|\n|poke|p1|Zoroark-Hisui, L50, M|\n|poke|p1|Sableye, L50, M|\n|poke|p1|Weavile, L50, F|\n|poke|p2|Sinistcha-Masterpiece, L50|\n|poke|p2|Incineroar, L50, M|\n|poke|p2|Charizard, L50, F|\n|poke|p2|Sneasler, L50, M|\n|poke|p2|Milotic, L50, M|\n|poke|p2|Kingambit, L50, M|\n|teampreview|4\n|inactive|Battle timer is ON: inactive players will automatically lose when time's up. (requested by 7rfhm)\n|inactive|2sweep4u has 60 seconds left.\n7rfhm has agreed to open team sheets.\n|inactive|2sweep4u has 30 seconds left.\n|\n|t:|1776289522\n|teamsize|p1|4\n|teamsize|p2|4\n|start\n|switch|p1a: Kommo-o|Kommo-o, L50, F|100/100\n|switch|p1b: Sableye|Sableye, L50, M|100/100\n|switch|p2a: Incineroar|Incineroar, L50, M|100/100\n|switch|p2b: Charizard|Charizard, L50, F|100/100\n|-ability|p2a: Incineroar|Intimidate|boost\n|-unboost|p1a: Kommo-o|atk|1\n|-unboost|p1b: Sableye|atk|1\n|turn|1\n|inactive|2sweep4u has 30 seconds left.\n|\n|t:|1776289556\n|detailschange|p2b: Charizard|Charizard-Mega-Y, L50, F\n|-mega|p2b: Charizard|Charizard|Charizardite Y\n|-weather|SunnyDay|[from] ability: Drought|[of] p2b: Charizard\n|move|p2a: Incineroar|Fake Out|p1a: Kommo-o\n|-damage|p1a: Kommo-o|89/100\n|move|p1b: Sableye|Fake Out|p2b: Charizard\n|-damage|p2b: Charizard|93/100\n|cant|p2b: Charizard|flinch\n|cant|p1a: Kommo-o|flinch\n|\n|-weather|SunnyDay|[upkeep]\n|upkeep\n|turn|2\n|inactive|7rfhm has 30 seconds left.\n|\n|t:|1776289588\n|switch|p1b: Whimsicott|Whimsicott, L50, F|100/100\n|move|p2b: Charizard|Protect|p2b: Charizard\n|-singleturn|p2b: Charizard|Protect\n|move|p1a: Kommo-o|Clangorous Soul|p1a: Kommo-o\n|-boost|p1a: Kommo-o|atk|1\n|-boost|p1a: Kommo-o|def|1\n|-boost|p1a: Kommo-o|spa|1\n|-boost|p1a: Kommo-o|spd|1\n|-boost|p1a: Kommo-o|spe|1\n|-damage|p1a: Kommo-o|56/100\n|move|p2a: Incineroar|Parting Shot|p1a: Kommo-o\n|-immune|p1a: Kommo-o|[from] ability: Soundproof\n|\n|-weather|SunnyDay|[upkeep]\n|upkeep\n|turn|3\n|inactive|7rfhm has 30 seconds left.\n|inactive|2sweep4u has 30 seconds left.\n|inactive|2sweep4u has 20 seconds left.\n|inactive|2sweep4u has 15 seconds left.\n|inactive|2sweep4u has 10 seconds left.\n|\n|t:|1776289638\n|switch|p1b: Sableye|Sableye, L50, M|100/100\n|switch|p2b: Sinistcha|Sinistcha-Masterpiece, L50, shiny|100/100\n|switch|p2a: Milotic|Milotic, L50, M|100/100\n|move|p1a: Kommo-o|Protect||[still]\n|-fail|p1a: Kommo-o\n|\n|-weather|SunnyDay|[upkeep]\n|upkeep\n|turn|4\n|\n|t:|1776289661\n|move|p1a: Kommo-o|Protect|p1a: Kommo-o\n|-singleturn|p1a: Kommo-o|Protect\n|move|p1b: Sableye|Fake Out|p2a: Milotic\n|-damage|p2a: Milotic|94/100\n|move|p2b: Sinistcha|Rage Powder|p2b: Sinistcha\n|-singleturn|p2b: Sinistcha|move: Rage Powder\n|cant|p2a: Milotic|flinch\n|\n|-weather|SunnyDay|[upkeep]\n|-heal|p2a: Milotic|99/100|[from] item: Leftovers\n|upkeep\n|turn|5\n|inactive|7rfhm has 30 seconds left.\n|\n|t:|1776289688\n|move|p1b: Sableye|Disable|p2b: Sinistcha\n|-start|p2b: Sinistcha|Disable|Rage Powder\n|move|p1a: Kommo-o|Clanging Scales|p2b: Sinistcha|[spread] p2a,p2b\n|-damage|p2a: Milotic|50/100\n|-damage|p2b: Sinistcha|34/100\n|-enditem|p2b: Sinistcha|Sitrus Berry|[eat]\n|-heal|p2b: Sinistcha|59/100|[from] item: Sitrus Berry\n|-unboost|p1a: Kommo-o|def|1\n|move|p2a: Milotic|Icy Wind|p1b: Sableye|[spread] p1a,p1b\n|-supereffective|p1a: Kommo-o|1\n|-crit|p1b: Sableye\n|-damage|p1a: Kommo-o|38/100\n|-damage|p1b: Sableye|83/100\n|-unboost|p1a: Kommo-o|spe|1\n|-unboost|p1b: Sableye|spe|1\n|move|p2b: Sinistcha|Matcha Gotcha|p1a: Kommo-o|[spread] p1a,p1b\n|-resisted|p1a: Kommo-o|1\n|-damage|p1a: Kommo-o|30/100\n|-heal|p2b: Sinistcha|62/100|[from] drain|[of] p1a: Kommo-o\n|-damage|p1b: Sableye|57/100\n|-heal|p2b: Sinistcha|74/100|[from] drain|[of] p1b: Sableye\n|\n|-weather|none\n|-heal|p2a: Milotic|56/100|[from] item: Leftovers\n|upkeep\n|turn|6\n|inactive|7rfhm has 30 seconds left.\n|inactive|2sweep4u has 30 seconds left.\n|\n|t:|1776289718\n|move|p1b: Sableye|Helping Hand|p1a: Kommo-o\n|-singleturn|p1a: Kommo-o|Helping Hand|[of] p1b: Sableye\n|move|p1a: Kommo-o|Clanging Scales|p2a: Milotic|[spread] p2a,p2b\n|-damage|p2a: Milotic|0 fnt\n|-damage|p2b: Sinistcha|0 fnt\n|faint|p2a: Milotic\n|faint|p2b: Sinistcha\n|-unboost|p1a: Kommo-o|def|1\n|\n|upkeep\n|\n|t:|1776289725\n|switch|p2a: Incineroar|Incineroar, L50, M|100/100\n|switch|p2b: Charizard|Charizard-Mega-Y, L50, F|93/100\n|-weather|SunnyDay|[from] ability: Drought|[of] p2b: Charizard\n|-ability|p2a: Incineroar|Intimidate|boost\n|-unboost|p1a: Kommo-o|atk|1\n|-unboost|p1b: Sableye|atk|1\n|turn|7\n|inactive|2sweep4u has 30 seconds left.\n|\n|t:|1776289751\n|switch|p1b: Whimsicott|Whimsicott, L50, F|100/100\n|move|p1a: Kommo-o|Protect|p1a: Kommo-o\n|-singleturn|p1a: Kommo-o|Protect\n|move|p2b: Charizard|Heat Wave|p1b: Whimsicott|[spread] p1b\n|-activate|p1a: Kommo-o|move: Protect\n|-supereffective|p1b: Whimsicott|1\n|-enditem|p1b: Whimsicott|Focus Sash\n|-damage|p1b: Whimsicott|1/100\n|move|p2a: Incineroar|Flare Blitz|p1b: Whimsicott\n|-supereffective|p1b: Whimsicott|1\n|-damage|p1b: Whimsicott|0 fnt\n|faint|p1b: Whimsicott\n|-damage|p2a: Incineroar|99/100|[from] Recoil\n|\n|-weather|SunnyDay|[upkeep]\n|upkeep\n|\n|t:|1776289770\n|switch|p1b: Sableye|Sableye, L50, M|57/100\n|turn|8\n|\n|t:|1776289787\n|move|p1b: Sableye|Helping Hand|p1a: Kommo-o\n|-singleturn|p1a: Kommo-o|Helping Hand|[of] p1b: Sableye\n|move|p2b: Charizard|Protect|p2b: Charizard\n|-singleturn|p2b: Charizard|Protect\n|move|p1a: Kommo-o|Clanging Scales|p2b: Charizard|[spread] p2a\n|-activate|p2b: Charizard|move: Protect\n|-damage|p2a: Incineroar|7/100\n|-unboost|p1a: Kommo-o|def|1\n|move|p2a: Incineroar|Flare Blitz|p1a: Kommo-o\n|-resisted|p1a: Kommo-o|1\n|-damage|p1a: Kommo-o|0 fnt\n|faint|p1a: Kommo-o\n|-damage|p2a: Incineroar|0 fnt|[from] Recoil\n|faint|p2a: Incineroar\n|\n|-weather|SunnyDay|[upkeep]\n|upkeep\n|\n|t:|1776289806\n|switch|p1a: Lopunny|Lopunny, L50, F|100/100\n|turn|9\n|\n|t:|1776289819\n|detailschange|p1a: Lopunny|Lopunny-Mega, L50, F\n|-mega|p1a: Lopunny|Lopunny|Lopunnite\n|move|p1b: Sableye|Disable|p2b: Charizard\n|-start|p2b: Charizard|Disable|Protect\n|move|p1a: Lopunny|Mega Kick|p1b: Sableye\n|-damage|p1b: Sableye|0 fnt\n|faint|p1b: Sableye\n|move|p2b: Charizard|Weather Ball|p1a: Lopunny\n|-damage|p1a: Lopunny|0 fnt\n|faint|p1a: Lopunny\n|\n|win|2sweep4u\n|raw|7rfhm's rating: 1000 &rarr; <strong>1000</strong><br />(+0 for losing)\n|raw|2sweep4u's rating: 1000 &rarr; <strong>1040</strong><br />(+40 for winning)\n",
  "uploadtime": 1776289819,
  "views": 17,
  "formatid": "gen9championsvgc2026regma",
  "rating": 1000,
  "private": 0,
  "password": null
}