{
  "id": "gen9championsvgc2026regma-2581967856",
  "format": "[Gen 9 Champions] VGC 2026 Reg M-A",
  "players": [
    "catball 1500",
    "zenithbby"
  ],
  "log": "|j|\u2606catball 1500\n|j|\u2606zenithbby\n|t:|1776044131\n|gametype|doubles\n|player|p1|catball 1500|roughneck|1048\n|player|p2|zenithbby|bellelba|1129\n|gen|9\n|tier|[Gen 9 Champions] VGC 2026 Reg M-A\n|rated|\n|rule|Species Clause: Limit one of each Pok\u00e9mon\n|rule|Item Clause: Limit 1 of each item\n|clearpoke\n|poke|p1|Scovillain, L50, M|\n|poke|p1|Aerodactyl, L50, M|\n|poke|p1|Kingambit, L50, F|\n|poke|p1|Rotom-Wash, L50|\n|poke|p1|Sinistcha, L50|\n|poke|p1|Sneasler, L50, F|\n|poke|p2|Zoroark-Hisui, L50, F|\n|poke|p2|Delphox, L50, F|\n|poke|p2|Slowking-Galar, L50, F|\n|poke|p2|Rotom-Wash, L50|\n|poke|p2|Garchomp, L50, F|\n|poke|p2|Whimsicott, L50, M|\n|teampreview|4\n|inactive|Battle timer is ON: inactive players will automatically lose when time's up. (requested by catball 1500)\ncatball 1500 has agreed to open team sheets.\n|\n|t:|1776044158\n|teamsize|p1|4\n|teamsize|p2|4\n|start\n|switch|p1a: Scovillain|Scovillain, L50, M|100/100\n|switch|p1b: Aerodactyl|Aerodactyl, L50, M|100/100\n|switch|p2a: Mozilla|Delphox, L50, F, shiny|100/100\n|switch|p2b: Buckethead|Slowking-Galar, L50, F|100/100\n|-ability|p1b: Aerodactyl|Unnerve\n|turn|1\n|inactive|zenithbby has 30 seconds left.\n|inactive|zenithbby has 20 seconds left.\n|inactive|zenithbby has 15 seconds left.\n|\n|t:|1776044200\n|move|p1b: Aerodactyl|Rock Slide|p2b: Buckethead|[spread] p2a,p2b\n|-damage|p2a: Mozilla|52/100\n|-damage|p2b: Buckethead|74/100\n|replace|p2a: Photoshop|Zoroark-Hisui, L50, F, shiny\n|-end|p2a: Photoshop|Illusion\n|move|p2a: Photoshop|Focus Blast|p1a: Scovillain|[miss]\n|-miss|p2a: Photoshop|p1a: Scovillain\n|move|p1a: Scovillain|Flamethrower|p2b: Buckethead\n|-damage|p2b: Buckethead|33/100\n|cant|p2b: Buckethead|flinch\n|\n|-ability|p1a: Scovillain|Moody|boost\n|-boost|p1a: Scovillain|spd|2\n|-unboost|p1a: Scovillain|spa|1\n|upkeep\n|turn|2\n|inactive|catball 1500 has 30 seconds left.\n|inactive|zenithbby has 30 seconds left.\n|\n|t:|1776044234\n|move|p1b: Aerodactyl|Rock Slide|p2b: Buckethead|[spread] p2a,p2b\n|-damage|p2a: Photoshop|6/100\n|-damage|p2b: Buckethead|5/100\n|move|p2a: Photoshop|Focus Blast|p1a: Scovillain\n|-damage|p1a: Scovillain|72/100\n|move|p1a: Scovillain|Flamethrower|p2b: Buckethead\n|-damage|p2b: Buckethead|0 fnt\n|faint|p2b: Buckethead\n|\n|-ability|p1a: Scovillain|Moody|boost\n|-boost|p1a: Scovillain|spe|2\n|-unboost|p1a: Scovillain|def|1\n|upkeep\n|\n|t:|1776044251\n|switch|p2b: Gillette|Garchomp, L50, F, shiny|100/100\n|turn|3\n|\n|t:|1776044260\n|detailschange|p2b: Gillette|Garchomp-Mega, L50, F, shiny\n|-mega|p2b: Gillette|Garchomp|Garchompite\n|move|p1a: Scovillain|Protect|p1a: Scovillain\n|-singleturn|p1a: Scovillain|Protect\n|move|p1b: Aerodactyl|Rock Slide|p2b: Gillette|[spread] p2a,p2b\n|-resisted|p2b: Gillette|1\n|-damage|p2a: Photoshop|0 fnt\n|-damage|p2b: Gillette|91/100\n|faint|p2a: Photoshop\n|move|p2b: Gillette|Rock Slide|p1b: Aerodactyl|[spread] p1b\n|-activate|p1a: Scovillain|move: Protect\n|-supereffective|p1b: Aerodactyl|1\n|-damage|p1b: Aerodactyl|40/100\n|\n|-heal|p1b: Aerodactyl|46/100|[from] item: Leftovers\n|-ability|p1a: Scovillain|Moody|boost\n|-boost|p1a: Scovillain|atk|2\n|-unboost|p1a: Scovillain|spd|1\n|upkeep\n|\n|t:|1776044278\n|switch|p2a: Mozilla|Delphox, L50, F, shiny|100/100\n|turn|4\n|\n|t:|1776044287\n|detailschange|p1a: Scovillain|Scovillain-Mega, L50, M\n|-mega|p1a: Scovillain|Scovillain|Scovillainite\n|move|p1b: Aerodactyl|Tailwind|p1b: Aerodactyl\n|-sidestart|p1: catball 1500|move: Tailwind\n|move|p1a: Scovillain|Giga Drain|p2b: Gillette\n|-damage|p2b: Gillette|64/100\n|-heal|p1a: Scovillain|87/100|[from] drain|[of] p2b: Gillette\n|move|p2a: Mozilla|Substitute|p2a: Mozilla\n|-start|p2a: Mozilla|Substitute\n|-damage|p2a: Mozilla|76/100\n|move|p2b: Gillette|Rock Slide|p1b: Aerodactyl|[spread] p1a,p1b\n|-supereffective|p1a: Scovillain|1\n|-supereffective|p1b: Aerodactyl|1\n|-damage|p1a: Scovillain|17/100\n|-damage|p1b: Aerodactyl|0 fnt\n|-status|p2b: Gillette|brn|[from] ability: Spicy Spray|[of] p1a: Scovillain\n|faint|p1b: Aerodactyl\n|\n|-damage|p2b: Gillette|58/100 brn|[from] brn\n|upkeep\n|\n|t:|1776044308\n|switch|p1b: Sneasler|Sneasler, L50, F|100/100\n|turn|5\n|\n|t:|1776044326\n|move|p2a: Mozilla|Protect|p2a: Mozilla\n|-singleturn|p2a: Mozilla|Protect\n|move|p1a: Scovillain|Rage Powder|p1a: Scovillain\n|-singleturn|p1a: Scovillain|move: Rage Powder\n|move|p1b: Sneasler|Close Combat|p2b: Gillette\n|-damage|p2b: Gillette|0 fnt\n|-unboost|p1b: Sneasler|def|1\n|-unboost|p1b: Sneasler|spd|1\n|faint|p2b: Gillette\n|\n|upkeep\n|turn|6\n|\n|t:|1776044344\n|move|p1a: Scovillain|Rage Powder|p1a: Scovillain\n|-singleturn|p1a: Scovillain|move: Rage Powder\n|move|p1b: Sneasler|Rock Slide|p2a: Mozilla\n|-supereffective|p2a: Mozilla|1\n|-end|p2a: Mozilla|Substitute\n|move|p2a: Mozilla|Heat Wave|p1a: Scovillain|[spread] p1a,p1b\n|-damage|p1a: Scovillain|0 fnt\n|-damage|p1b: Sneasler|43/100\n|-immune|p2a: Mozilla\n|faint|p1a: Scovillain\n|\n|upkeep\n|\n|t:|1776044354\n|switch|p1a: Kingambit|Kingambit, L50, F|100/100\n|turn|7\n|l|\u2606zenithbby\n|inactive|zenithbby disconnected and has a minute to reconnect!\n|player|p2|\n|j|\u2606zenithbby\n|inactive|zenithbby reconnected and has 45 seconds left.\n|player|p2|zenithbby|bellelba|\n|l|\u2606zenithbby\n|inactive|zenithbby disconnected and has a minute to reconnect!\n|player|p2|\n|j|\u2606zenithbby\n|inactive|zenithbby reconnected and has 40 seconds left.\n|player|p2|zenithbby|bellelba|\n|\n|t:|1776044379\n|move|p1a: Kingambit|Sucker Punch||[still]\n|-fail|p1a: Kingambit\n|move|p1b: Sneasler|Rock Slide|p2a: Mozilla|[miss]\n|-miss|p1b: Sneasler|p2a: Mozilla\n|move|p2a: Mozilla|Substitute|p2a: Mozilla\n|-start|p2a: Mozilla|Substitute\n|-damage|p2a: Mozilla|51/100\n|\n|-sideend|p1: catball 1500|move: Tailwind\n|upkeep\n|turn|8\n|\n|t:|1776044394\n|move|p1a: Kingambit|Sucker Punch|p2a: Mozilla\n|-supereffective|p2a: Mozilla|1\n|-end|p2a: Mozilla|Substitute\n|move|p1b: Sneasler|Rock Slide|p2a: Mozilla\n|-supereffective|p2a: Mozilla|1\n|-damage|p2a: Mozilla|0 fnt\n|faint|p2a: Mozilla\n|\n|win|catball 1500\n|raw|catball 1500's rating: 1048 &rarr; <strong>1088</strong><br />(+40 for winning)\n|raw|zenithbby's rating: 1129 &rarr; <strong>1098</strong><br />(-31 for losing)\n|c|\u2606zenithbby|Ggwp\n|l|\u2606zenithbby\n|player|p2|\n",
  "uploadtime": 1776044499,
  "views": 17,
  "formatid": "gen9championsvgc2026regma",
  "rating": 1088,
  "private": 0,
  "password": null
}