{
  "id": "gen9championsvgc2026regma-2588773300",
  "format": "[Gen 9 Champions] VGC 2026 Reg M-A",
  "players": [
    "mizutiga",
    "ESLUPO"
  ],
  "log": "|j|\u2606mizutiga\n|j|\u2606ESLUPO\n|t:|1776668941\n|gametype|doubles\n|player|p1|mizutiga|266|1040\n|player|p2|ESLUPO|101|1000\n|gen|9\n|tier|[Gen 9 Champions] VGC 2026 Reg M-A\n|rated|\n|rule|Species Clause: Limit one of each Pok\u00e9mon\n|rule|Item Clause: Limit 1 of each item\n|clearpoke\n|poke|p1|Serperior, L50, F, shiny|\n|poke|p1|Incineroar, L50, M|\n|poke|p1|Tauros-Paldea-Aqua, L50, M|\n|poke|p1|Pelipper, L50, F|\n|poke|p1|Dragonite, L50, F|\n|poke|p1|Milotic, L50, M|\n|poke|p2|Milotic, L50, M|\n|poke|p2|Sinistcha, L50|\n|poke|p2|Incineroar, L50, M|\n|poke|p2|Sneasler, L50, M|\n|poke|p2|Charizard, L50, M|\n|poke|p2|Scizor, L50, M|\n|teampreview|4\n|\n|t:|1776668981\n|teamsize|p1|4\n|teamsize|p2|4\n|start\n|switch|p1a: Dragonite|Dragonite, L50, F|100/100\n|switch|p1b: Incineroar|Incineroar, L50, M|100/100\n|switch|p2a: Milotic|Milotic, L50, M|100/100\n|switch|p2b: Incineroar|Incineroar, L50, M|100/100\n|-ability|p2b: Incineroar|Intimidate|boost\n|-unboost|p1a: Dragonite|atk|1\n|-unboost|p1b: Incineroar|atk|1\n|-ability|p1b: Incineroar|Intimidate|boost\n|-unboost|p2a: Milotic|atk|1\n|-ability|p2a: Milotic|Competitive|boost\n|-boost|p2a: Milotic|spa|2\n|-unboost|p2b: Incineroar|atk|1\n|turn|1\n|\n|t:|1776669010\n|move|p2b: Incineroar|Fake Out|p1b: Incineroar\n|-damage|p1b: Incineroar|93/100\n|cant|p1b: Incineroar|flinch\n|move|p1a: Dragonite|Tailwind|p1a: Dragonite\n|-sidestart|p1: mizutiga|move: Tailwind\n|move|p2a: Milotic|Coil|p2a: Milotic\n|-boost|p2a: Milotic|atk|1\n|-boost|p2a: Milotic|def|1\n|-boost|p2a: Milotic|accuracy|1\n|\n|upkeep\n|turn|2\n|\n|t:|1776669043\n|switch|p1b: Pelipper|Pelipper, L50, F|100/100\n|-weather|RainDance|[from] ability: Drizzle|[of] p1b: Pelipper\n|move|p1a: Dragonite|Protect|p1a: Dragonite\n|-singleturn|p1a: Dragonite|Protect\n|move|p2a: Milotic|Hypnosis|p1a: Dragonite\n|-activate|p1a: Dragonite|move: Protect\n|move|p2b: Incineroar|Parting Shot|p1a: Dragonite\n|-activate|p1a: Dragonite|move: Protect\n|\n|-weather|RainDance|[upkeep]\n|upkeep\n|turn|3\n|\n|t:|1776669064\n|detailschange|p1a: Dragonite|Dragonite-Mega, L50, F\n|-mega|p1a: Dragonite|Dragonite|Dragoninite\n|move|p1a: Dragonite|Thunder|p2a: Milotic\n|-supereffective|p2a: Milotic|1\n|-damage|p2a: Milotic|54/100\n|move|p1b: Pelipper|Weather Ball|p2b: Incineroar\n|-supereffective|p2b: Incineroar|1\n|-damage|p2b: Incineroar|22/100\n|move|p2a: Milotic|Hypnosis|p1b: Pelipper|[miss]\n|-miss|p2a: Milotic|p1b: Pelipper\n|move|p2b: Incineroar|Parting Shot|p1a: Dragonite\n|-unboost|p1a: Dragonite|atk|1\n|-unboost|p1a: Dragonite|spa|1\n|\n|t:|1776669085\n|switch|p2b: Scizor|Scizor, L50, M|100/100|[from] Parting Shot\n|\n|-weather|RainDance|[upkeep]\n|-heal|p2a: Milotic|60/100|[from] item: Leftovers\n|upkeep\n|turn|4\n|\n|t:|1776669135\n|move|p2b: Scizor|Bullet Punch|p1a: Dragonite\n|-damage|p1a: Dragonite|86/100\n|move|p1a: Dragonite|Thunder|p2a: Milotic\n|-supereffective|p2a: Milotic|1\n|-damage|p2a: Milotic|28/100\n|move|p1b: Pelipper|Hurricane|p2a: Milotic\n|-damage|p2a: Milotic|4/100\n|move|p2a: Milotic|Recover|p2a: Milotic\n|-heal|p2a: Milotic|54/100\n|\n|-weather|RainDance|[upkeep]\n|-heal|p2a: Milotic|60/100|[from] item: Leftovers\n|-sideend|p1: mizutiga|move: Tailwind\n|upkeep\n|turn|5\n|\n|t:|1776669176\n|switch|p1a: Tauros|Tauros-Paldea-Aqua, L50, M|100/100\n|-ability|p1a: Tauros|Intimidate|boost\n|-unboost|p2a: Milotic|atk|1\n|-ability|p2a: Milotic|Competitive|boost\n|-boost|p2a: Milotic|spa|2\n|-unboost|p2b: Scizor|atk|1\n|switch|p2b: Charizard|Charizard, L50, M|100/100\n|move|p2a: Milotic|Hypnosis|p1a: Tauros\n|-status|p1a: Tauros|slp|[from] move: Hypnosis\n|move|p1b: Pelipper|Hurricane|p2b: Charizard\n|-damage|p2b: Charizard|62/100\n|-start|p2b: Charizard|confusion\n|\n|-weather|RainDance|[upkeep]\n|-heal|p2a: Milotic|66/100|[from] item: Leftovers\n|upkeep\n|turn|6\n|\n|t:|1776669223\n|detailschange|p2b: Charizard|Charizard-Mega-X, L50, M\n|-mega|p2b: Charizard|Charizard|Charizardite X\n|cant|p1a: Tauros|slp\n|-activate|p2b: Charizard|confusion\n|move|p2b: Charizard|Dragon Dance|p2b: Charizard\n|-boost|p2b: Charizard|atk|1\n|-boost|p2b: Charizard|spe|1\n|move|p2a: Milotic|Recover|p2a: Milotic\n|-heal|p2a: Milotic|100/100\n|move|p1b: Pelipper|U-turn|p2a: Milotic\n|-damage|p2a: Milotic|96/100\n|\n|t:|1776669233\n|switch|p1b: Dragonite|Dragonite-Mega, L50, F|86/100|[from] U-turn\n|\n|-weather|none\n|-heal|p2a: Milotic|100/100|[from] item: Leftovers\n|upkeep\n|turn|7\n|\n|t:|1776669254\n|switch|p1a: Pelipper|Pelipper, L50, F|100/100\n|-weather|RainDance|[from] ability: Drizzle|[of] p1a: Pelipper\n|-activate|p2b: Charizard|confusion\n|move|p2b: Charizard|Dragon Claw|p1a: Pelipper\n|-damage|p1a: Pelipper|41/100\n|move|p1b: Dragonite|Draco Meteor|p2b: Charizard\n|-supereffective|p2b: Charizard|1\n|-damage|p2b: Charizard|0 fnt\n|-unboost|p1b: Dragonite|spa|2\n|faint|p2b: Charizard\n|move|p2a: Milotic|Hypnosis|p1b: Dragonite\n|-status|p1b: Dragonite|slp|[from] move: Hypnosis\n|\n|-weather|RainDance|[upkeep]\n|upkeep\n|\n|t:|1776669269\n|switch|p2b: Scizor|Scizor, L50, M|100/100\n|turn|8\n|\n|t:|1776669279\n|move|p2b: Scizor|Bullet Punch|p1a: Pelipper\n|-resisted|p1a: Pelipper|1\n|-crit|p1a: Pelipper\n|-damage|p1a: Pelipper|20/100\n|cant|p1b: Dragonite|slp\n|move|p2a: Milotic|Scald|p1a: Pelipper\n|-resisted|p1a: Pelipper|1\n|-damage|p1a: Pelipper|0 fnt\n|faint|p1a: Pelipper\n|\n|-weather|RainDance|[upkeep]\n|upkeep\n|\n|t:|1776669290\n|switch|p1a: Tauros|Tauros-Paldea-Aqua, L50, M|100/100 slp\n|-ability|p1a: Tauros|Intimidate|boost\n|-unboost|p2a: Milotic|atk|1\n|-ability|p2a: Milotic|Competitive|boost\n|-boost|p2a: Milotic|spa|2\n|-unboost|p2b: Scizor|atk|1\n|turn|9\n|\n|t:|1776669321\n|move|p2b: Scizor|Bullet Punch|p1b: Dragonite\n|-crit|p1b: Dragonite\n|-damage|p1b: Dragonite|42/100 slp\n|cant|p1a: Tauros|slp\n|cant|p1b: Dragonite|slp\n|move|p2a: Milotic|Scald|p1b: Dragonite\n|-resisted|p1b: Dragonite|1\n|-damage|p1b: Dragonite|0 fnt\n|faint|p1b: Dragonite\n|\n|-weather|RainDance|[upkeep]\n|upkeep\n|\n|t:|1776669327\n|switch|p1b: Incineroar|Incineroar, L50, M|93/100\n|-ability|p1b: Incineroar|Intimidate|boost\n|-unboost|p2a: Milotic|atk|1\n|-boost|p2a: Milotic|spa|0\n|-unboost|p2b: Scizor|atk|1\n|turn|10\n|\n|t:|1776669349\n|move|p2b: Scizor|Protect|p2b: Scizor\n|-singleturn|p2b: Scizor|Protect\n|move|p1b: Incineroar|Fake Out|p2a: Milotic\n|-damage|p2a: Milotic|94/100\n|-curestatus|p1a: Tauros|slp|[msg]\n|move|p1a: Tauros|Close Combat|p2b: Scizor\n|-activate|p2b: Scizor|move: Protect\n|cant|p2a: Milotic|flinch\n|\n|-weather|RainDance|[upkeep]\n|-heal|p2a: Milotic|99/100|[from] item: Leftovers\n|upkeep\n|turn|11\n|\n|t:|1776669364\n|switch|p2b: Incineroar|Incineroar, L50, M|22/100\n|-ability|p2b: Incineroar|Intimidate|boost\n|-unboost|p1a: Tauros|atk|1\n|-unboost|p1b: Incineroar|atk|1\n|-enditem|p1a: Tauros|White Herb\n|-clearnegativeboost|p1a: Tauros|[silent]\n|move|p1a: Tauros|Close Combat|p2b: Incineroar\n|-supereffective|p2b: Incineroar|1\n|-crit|p2b: Incineroar\n|-enditem|p2b: Incineroar|Chople Berry|[eat]\n|-enditem|p2b: Incineroar|Chople Berry|[weaken]\n|-damage|p2b: Incineroar|0 fnt\n|-unboost|p1a: Tauros|def|1\n|-unboost|p1a: Tauros|spd|1\n|faint|p2b: Incineroar\n|move|p2a: Milotic|Scald|p1b: Incineroar\n|-supereffective|p1b: Incineroar|1\n|-damage|p1b: Incineroar|0 fnt\n|faint|p1b: Incineroar\n|\n|-weather|none\n|-heal|p2a: Milotic|100/100|[from] item: Leftovers\n|upkeep\n|\n|t:|1776669381\n|switch|p2b: Scizor|Scizor, L50, M|100/100\n|turn|12\n|\n|t:|1776669392\n|move|p2b: Scizor|Bullet Punch|p1a: Tauros\n|-resisted|p1a: Tauros|1\n|-damage|p1a: Tauros|72/100\n|move|p1a: Tauros|Close Combat|p2b: Scizor\n|-damage|p2b: Scizor|41/100\n|-unboost|p1a: Tauros|def|1\n|-unboost|p1a: Tauros|spd|1\n|move|p2a: Milotic|Scald|p1a: Tauros\n|-resisted|p1a: Tauros|1\n|-damage|p1a: Tauros|0 fnt\n|faint|p1a: Tauros\n|\n|win|ESLUPO\n|raw|mizutiga's rating: 1040 &rarr; <strong>1022</strong><br />(-18 for losing)\n|raw|ESLUPO's rating: 1000 &rarr; <strong>1045</strong><br />(+45 for winning)\n",
  "uploadtime": 1776669403,
  "views": 16,
  "formatid": "gen9championsvgc2026regma",
  "rating": 1022,
  "private": 0,
  "password": null
}