{
  "id": "gen9championsvgc2026regma-2585576401",
  "format": "[Gen 9 Champions] VGC 2026 Reg M-A",
  "players": [
    "gbrlvzqz",
    "KarmicPines2002"
  ],
  "log": "|j|\u2606gbrlvzqz\n|j|\u2606KarmicPines2002\n|t:|1776356579\n|gametype|doubles\n|player|p1|gbrlvzqz|266|1096\n|player|p2|KarmicPines2002|265|1148\n|gen|9\n|tier|[Gen 9 Champions] VGC 2026 Reg M-A\n|rated|\n|rule|Species Clause: Limit one of each Pok\u00e9mon\n|rule|Item Clause: Limit 1 of each item\n|clearpoke\n|poke|p1|Garchomp, L50, F|\n|poke|p1|Volcarona, L50, M|\n|poke|p1|Basculegion, L50, M|\n|poke|p1|Floette-Eternal, L50, F|\n|poke|p1|Whimsicott, L50, M|\n|poke|p1|Goodra-Hisui, L50, F|\n|poke|p2|Slowbro, L50, F|\n|poke|p2|Politoed, L50, M|\n|poke|p2|Sinistcha, L50|\n|poke|p2|Incineroar, L50, M|\n|poke|p2|Sneasler, L50, F|\n|poke|p2|Farigiraf, L50, F|\n|teampreview|4\n|inactive|Battle timer is ON: inactive players will automatically lose when time's up. (requested by KarmicPines2002)\n|inactive|KarmicPines2002 has 60 seconds left.\n|\n|t:|1776356632\n|teamsize|p1|4\n|teamsize|p2|4\n|start\n|switch|p1a: Basculegion|Basculegion, L50, M|100/100\n|switch|p1b: Whimsicott|Whimsicott, L50, M|100/100\n|switch|p2a: Sneasler|Sneasler, L50, F|100/100\n|switch|p2b: Farigiraf|Farigiraf, L50, F|100/100\n|turn|1\n|inactive|gbrlvzqz has 30 seconds left.\n|inactive|KarmicPines2002 has 30 seconds left.\n|inactive|KarmicPines2002 has 20 seconds left.\n|inactive|KarmicPines2002 has 15 seconds left.\n|\n|t:|1776356674\n|move|p2a: Sneasler|Fake Out|p1b: Whimsicott\n|-damage|p1b: Whimsicott|79/100\n|cant|p1b: Whimsicott|flinch\n|move|p1a: Basculegion|Wave Crash|p2a: Sneasler\n|-damage|p2a: Sneasler|0 fnt\n|faint|p2a: Sneasler\n|-damage|p1a: Basculegion|74/100|[from] Recoil\n|-heal|p1a: Basculegion|84/100|[from] item: Shell Bell|[of] p2: Sneasler\n|move|p2b: Farigiraf|Trick Room|p2b: Farigiraf\n|-fieldstart|move: Trick Room|[of] p2b: Farigiraf\n|\n|upkeep\n|\n|t:|1776356693\n|switch|p2a: Slowbro|Slowbro, L50, F|100/100\n|turn|2\n|\n|t:|1776356709\n|detailschange|p2a: Slowbro|Slowbro-Mega, L50, F\n|-mega|p2a: Slowbro|Slowbro|Slowbronite\n|move|p2a: Slowbro|Psychic|p1a: Basculegion\n|-damage|p1a: Basculegion|27/100\n|move|p2b: Farigiraf|Psychic|p1b: Whimsicott\n|-damage|p1b: Whimsicott|24/100\n|-unboost|p1b: Whimsicott|spd|1\n|move|p1a: Basculegion|Flip Turn|p2b: Farigiraf\n|-damage|p2b: Farigiraf|56/100\n|-heal|p1a: Basculegion|33/100|[from] item: Shell Bell|[of] p2b: Farigiraf\n|\n|t:|1776356721\n|switch|p1a: Goodra|Goodra-Hisui, L50, F|100/100|[from] Flip Turn\n|move|p1b: Whimsicott|Energy Ball|p2a: Slowbro\n|-supereffective|p2a: Slowbro|1\n|-damage|p2a: Slowbro|43/100\n|\n|upkeep\n|turn|3\n|\n|t:|1776356741\n|move|p1b: Whimsicott|Encore||[still]\n|cant|p2b: Farigiraf|ability: Armor Tail|Encore|[of] p1b: Whimsicott\n|move|p2a: Slowbro|Scald|p1a: Goodra\n|-resisted|p1a: Goodra|1\n|-damage|p1a: Goodra|83/100\n|move|p1a: Goodra|Life Dew|p1a: Goodra|[spread] p1a,p1b\n|-heal|p1a: Goodra|100/100\n|-heal|p1b: Whimsicott|49/100\n|move|p2b: Farigiraf|Hyper Voice|p1b: Whimsicott|[spread] p1a,p1b\n|-resisted|p1a: Goodra|1\n|-crit|p1b: Whimsicott\n|-damage|p1a: Goodra|85/100\n|-damage|p1b: Whimsicott|0 fnt\n|faint|p1b: Whimsicott\n|\n|-heal|p1a: Goodra|91/100|[from] item: Leftovers\n|upkeep\n|\n|t:|1776356756\n|switch|p1b: Basculegion|Basculegion, L50, M|33/100\n|turn|4\n|\n|t:|1776356780\n|switch|p2a: Incineroar|Incineroar, L50, M|100/100\n|-ability|p2a: Incineroar|Intimidate|boost\n|-unboost|p1a: Goodra|atk|1\n|-unboost|p1b: Basculegion|atk|1\n|move|p2b: Farigiraf|Psychic|p1b: Basculegion\n|-damage|p1b: Basculegion|0 fnt\n|faint|p1b: Basculegion\n|move|p1a: Goodra|Thunderbolt|p2a: Incineroar\n|-damage|p2a: Incineroar|82/100\n|\n|-heal|p1a: Goodra|97/100|[from] item: Leftovers\n|upkeep\n|\n|t:|1776356789\n|switch|p1b: Volcarona|Volcarona, L50, M|100/100\n|turn|5\n|\n|t:|1776356803\n|move|p1a: Goodra|Protect|p1a: Goodra\n|-singleturn|p1a: Goodra|Protect\n|move|p2a: Incineroar|Flare Blitz|p1a: Goodra\n|-activate|p1a: Goodra|move: Protect\n|move|p2b: Farigiraf|Hyper Voice|p1b: Volcarona|[spread] p1b\n|-activate|p1a: Goodra|move: Protect\n|-damage|p1b: Volcarona|59/100\n|move|p1b: Volcarona|Quiver Dance|p1b: Volcarona\n|-boost|p1b: Volcarona|spa|1\n|-boost|p1b: Volcarona|spd|1\n|-boost|p1b: Volcarona|spe|1\n|\n|-heal|p1a: Goodra|100/100|[from] item: Leftovers\n|-fieldend|move: Trick Room\n|upkeep\n|turn|6\n|inactive|gbrlvzqz has 30 seconds left.\n|inactive|KarmicPines2002 has 30 seconds left.\n|inactive|gbrlvzqz has 20 seconds left.\n|inactive|gbrlvzqz has 15 seconds left.\n|inactive|gbrlvzqz has 10 seconds left.\n|inactive|gbrlvzqz has 5 seconds left.\n|\n|t:|1776356854\n|switch|p2a: Slowbro|Slowbro-Mega, L50, F|43/100\n|move|p1a: Goodra|Protect|p1a: Goodra\n|-singleturn|p1a: Goodra|Protect\n|move|p2b: Farigiraf|Protect|p2b: Farigiraf\n|-singleturn|p2b: Farigiraf|Protect\n|move|p1b: Volcarona|Heat Wave|p2a: Slowbro|[spread] p2a\n|-activate|p2b: Farigiraf|move: Protect\n|-resisted|p2a: Slowbro|1\n|-damage|p2a: Slowbro|10/100\n|\n|upkeep\n|turn|7\n|\n|t:|1776356872\n|move|p2a: Slowbro|Protect|p2a: Slowbro\n|-singleturn|p2a: Slowbro|Protect\n|move|p1b: Volcarona|Heat Wave|p2b: Farigiraf|[spread] \n|-activate|p2a: Slowbro|move: Protect\n|-miss|p1b: Volcarona|p2b: Farigiraf\n|move|p1a: Goodra|Thunderbolt|p2a: Slowbro\n|-activate|p2a: Slowbro|move: Protect\n|move|p2b: Farigiraf|Trick Room|p2b: Farigiraf\n|-fieldstart|move: Trick Room|[of] p2b: Farigiraf\n|\n|upkeep\n|turn|8\n|\n|t:|1776356888\n|move|p2a: Slowbro|Scald|p1b: Volcarona\n|-supereffective|p1b: Volcarona|1\n|-damage|p1b: Volcarona|4/100\n|-enditem|p1b: Volcarona|Sitrus Berry|[eat]\n|-heal|p1b: Volcarona|28/100|[from] item: Sitrus Berry\n|move|p2b: Farigiraf|Hyper Voice|p1b: Volcarona|[spread] p1a,p1b\n|-resisted|p1a: Goodra|1\n|-damage|p1a: Goodra|85/100\n|-damage|p1b: Volcarona|0 fnt\n|faint|p1b: Volcarona\n|move|p1a: Goodra|Life Dew|p1a: Goodra\n|-heal|p1a: Goodra|100/100\n|\n|upkeep\n|turn|9\n|\n|t:|1776356912\n|move|p2a: Slowbro|Psychic|p1a: Goodra\n|-resisted|p1a: Goodra|1\n|-damage|p1a: Goodra|82/100\n|move|p2b: Farigiraf|Psychic|p1a: Goodra\n|-resisted|p1a: Goodra|1\n|-damage|p1a: Goodra|66/100\n|move|p1a: Goodra|Thunderbolt|p2a: Slowbro\n|-supereffective|p2a: Slowbro|1\n|-damage|p2a: Slowbro|0 fnt\n|faint|p2a: Slowbro\n|\n|-heal|p1a: Goodra|71/100|[from] item: Leftovers\n|upkeep\n|\n|t:|1776356925\n|switch|p2a: Incineroar|Incineroar, L50, M|82/100\n|-ability|p2a: Incineroar|Intimidate|boost\n|-unboost|p1a: Goodra|atk|1\n|turn|10\n|\n|t:|1776356932\n|move|p2a: Incineroar|Fake Out|p1a: Goodra\n|-resisted|p1a: Goodra|1\n|-damage|p1a: Goodra|66/100\n|cant|p1a: Goodra|flinch\n|move|p2b: Farigiraf|Hyper Voice|p1a: Goodra\n|-resisted|p1a: Goodra|1\n|-damage|p1a: Goodra|45/100\n|\n|-heal|p1a: Goodra|51/100|[from] item: Leftovers\n|upkeep\n|turn|11\n|\n|t:|1776356946\n|move|p2a: Incineroar|Flare Blitz|p1a: Goodra\n|-damage|p1a: Goodra|12/100\n|-damage|p2a: Incineroar|72/100|[from] Recoil\n|move|p1a: Goodra|Life Dew|p1a: Goodra\n|-heal|p1a: Goodra|37/100\n|move|p2b: Farigiraf|Hyper Voice|p1a: Goodra\n|-resisted|p1a: Goodra|1\n|-damage|p1a: Goodra|15/100\n|\n|-heal|p1a: Goodra|21/100|[from] item: Leftovers\n|-fieldend|move: Trick Room\n|upkeep\n|turn|12\n|-message|gbrlvzqz forfeited.\n|\n|win|KarmicPines2002\n|raw|gbrlvzqz's rating: 1096 &rarr; <strong>1075</strong><br />(-21 for losing)\n|raw|KarmicPines2002's rating: 1148 &rarr; <strong>1169</strong><br />(+21 for winning)\n|l|\u2606gbrlvzqz\n|player|p1|\n",
  "uploadtime": 1776356968,
  "views": 17,
  "formatid": "gen9championsvgc2026regma",
  "rating": 1075,
  "private": 0,
  "password": null
}