{
  "id": "gen9championsvgc2026regma-2582729164",
  "format": "[Gen 9 Champions] VGC 2026 Reg M-A",
  "players": [
    "strami",
    "d4ntez"
  ],
  "log": "|j|\u2606strami\n|j|\u2606d4ntez\n|t:|1776110070\n|gametype|doubles\n|player|p1|strami|hoopster|1146\n|player|p2|d4ntez|cyclist|1086\n|gen|9\n|tier|[Gen 9 Champions] VGC 2026 Reg M-A\n|rated|\n|rule|Species Clause: Limit one of each Pok\u00e9mon\n|rule|Item Clause: Limit 1 of each item\n|clearpoke\n|poke|p1|Garchomp, L50, F|\n|poke|p1|Orthworm, L50, M|\n|poke|p1|Delphox, L50, F|\n|poke|p1|Rotom-Wash, L50|\n|poke|p1|Incineroar, L50, M|\n|poke|p1|Basculegion, L50, M|\n|poke|p2|Delphox, L50, F|\n|poke|p2|Ninetales-Alola, L50, M|\n|poke|p2|Aerodactyl, L50, F|\n|poke|p2|Sinistcha, L50|\n|poke|p2|Simipour, L50, F|\n|poke|p2|Garchomp, L50, M|\n|teampreview|4\n|inactive|Battle timer is ON: inactive players will automatically lose when time's up. (requested by strami)\n|inactive|strami has 60 seconds left.\n|\n|t:|1776110105\n|teamsize|p1|4\n|teamsize|p2|4\n|start\n|switch|p1a: Incineroar|Incineroar, L50, M|100/100\n|switch|p1b: Orthworm|Orthworm, L50, M|100/100\n|switch|p2a: Ninetales|Ninetales-Alola, L50, M|100/100\n|switch|p2b: Simipour|Simipour, L50, F|100/100\n|-weather|Snowscape|[from] ability: Snow Warning|[of] p2a: Ninetales\n|-ability|p1a: Incineroar|Intimidate|boost\n|-unboost|p2a: Ninetales|atk|1\n|-unboost|p2b: Simipour|atk|1\n|turn|1\n|\n|t:|1776110127\n|move|p2b: Simipour|Fake Out|p1a: Incineroar\n|-damage|p1a: Incineroar|96/100\n|cant|p1a: Incineroar|flinch\n|move|p2a: Ninetales|Aurora Veil|p2a: Ninetales\n|-sidestart|p2: d4ntez|move: Aurora Veil\n|move|p1b: Orthworm|Shed Tail|p1b: Orthworm\n|-start|p1b: Orthworm|Substitute|[from] move: Shed Tail\n|-damage|p1b: Orthworm|50/100\n|-enditem|p1b: Orthworm|Sitrus Berry|[eat]\n|-heal|p1b: Orthworm|75/100|[from] item: Sitrus Berry\n|\n|t:|1776110136\n|switch|p1b: Delphox|Delphox, L50, F|100/100|[from] Shed Tail\n|\n|-weather|Snowscape|[upkeep]\n|upkeep\n|turn|2\n|\n|t:|1776110156\n|move|p1b: Delphox|Protect|p1b: Delphox\n|-singleturn|p1b: Delphox|Protect\n|move|p2a: Ninetales|Blizzard|p1b: Delphox|[spread] p1a\n|-activate|p1b: Delphox|move: Protect\n|-resisted|p1a: Incineroar|1\n|-damage|p1a: Incineroar|86/100\n|move|p2b: Simipour|Flip Turn|p1b: Delphox\n|-activate|p1b: Delphox|move: Protect\n|move|p1a: Incineroar|Parting Shot|p2a: Ninetales\n|-unboost|p2a: Ninetales|atk|1\n|-unboost|p2a: Ninetales|spa|1\n|\n|t:|1776110173\n|switch|p1a: Orthworm|Orthworm, L50, M|75/100|[from] Parting Shot\n|\n|-weather|Snowscape|[upkeep]\n|upkeep\n|turn|3\n|\n|t:|1776110194\n|switch|p2a: Aerodactyl|Aerodactyl, L50, F|100/100\n|-ability|p2a: Aerodactyl|Unnerve\n|move|p1b: Delphox|Heat Wave|p2b: Simipour|[spread] p2a,p2b\n|-resisted|p2a: Aerodactyl|1\n|-resisted|p2b: Simipour|1\n|-damage|p2a: Aerodactyl|84/100\n|-damage|p2b: Simipour|86/100\n|move|p2b: Simipour|Flip Turn|p1b: Delphox\n|-supereffective|p1b: Delphox|1\n|-end|p1b: Delphox|Substitute\n|\n|t:|1776110208\n|switch|p2b: Delphox|Delphox, L50, F|100/100|[from] Flip Turn\n|move|p1a: Orthworm|Shed Tail|p1a: Orthworm\n|-start|p1a: Orthworm|Substitute|[from] move: Shed Tail\n|-damage|p1a: Orthworm|25/100\n|\n|t:|1776110215\n|switch|p1a: Incineroar|Incineroar, L50, M|86/100|[from] Shed Tail\n|-ability|p1a: Incineroar|Intimidate|boost\n|-unboost|p2a: Aerodactyl|atk|1\n|-unboost|p2b: Delphox|atk|1\n|\n|-weather|Snowscape|[upkeep]\n|upkeep\n|turn|4\n|inactive|d4ntez has 30 seconds left.\n|\n|t:|1776110248\n|detailschange|p2b: Delphox|Delphox-Mega, L50, F\n|-mega|p2b: Delphox|Delphox|Delphoxite\n|detailschange|p1b: Delphox|Delphox-Mega, L50, F\n|-mega|p1b: Delphox|Delphox|Delphoxite\n|move|p1a: Incineroar|Fake Out|p2a: Aerodactyl\n|-resisted|p2a: Aerodactyl|1\n|-damage|p2a: Aerodactyl|78/100\n|move|p1b: Delphox|Substitute|p1b: Delphox\n|-start|p1b: Delphox|Substitute\n|-damage|p1b: Delphox|75/100\n|move|p2b: Delphox|Scorching Sands|p1b: Delphox\n|-immune|p1b: Delphox|[from] ability: Levitate\n|cant|p2a: Aerodactyl|flinch\n|\n|-weather|Snowscape|[upkeep]\n|upkeep\n|turn|5\n|inactive|d4ntez has 30 seconds left.\n|\n|t:|1776110281\n|switch|p2b: Simipour|Simipour, L50, F|86/100\n|move|p1b: Delphox|Psychic|p2a: Aerodactyl\n|-damage|p2a: Aerodactyl|27/100\n|move|p2a: Aerodactyl|Rock Slide|p1a: Incineroar|[spread] p1a,p1b\n|-supereffective|p1a: Incineroar|1\n|-end|p1a: Incineroar|Substitute\n|-supereffective|p1b: Delphox|1\n|-end|p1b: Delphox|Substitute\n|move|p1a: Incineroar|Darkest Lariat|p2b: Simipour\n|-damage|p2b: Simipour|54/100\n|\n|-weather|none\n|-sideend|p2: d4ntez|move: Aurora Veil\n|upkeep\n|turn|6\n|\n|t:|1776110300\n|move|p1b: Delphox|Protect|p1b: Delphox\n|-singleturn|p1b: Delphox|Protect\n|move|p2a: Aerodactyl|Tailwind|p2a: Aerodactyl\n|-sidestart|p2: d4ntez|move: Tailwind\n|move|p2b: Simipour|Flip Turn|p1a: Incineroar\n|-supereffective|p1a: Incineroar|1\n|-damage|p1a: Incineroar|50/100\n|\n|t:|1776110309\n|switch|p2b: Ninetales|Ninetales-Alola, L50, M|100/100|[from] Flip Turn\n|-weather|Snowscape|[from] ability: Snow Warning|[of] p2b: Ninetales\n|move|p1a: Incineroar|Darkest Lariat|p2a: Aerodactyl\n|-damage|p2a: Aerodactyl|0 fnt\n|faint|p2a: Aerodactyl\n|\n|-weather|Snowscape|[upkeep]\n|upkeep\n|\n|t:|1776110324\n|switch|p2a: Simipour|Simipour, L50, F|54/100\n|turn|7\n|inactive|strami has 30 seconds left.\n|\n|t:|1776110355\n|move|p2a: Simipour|Fake Out|p1b: Delphox\n|-damage|p1b: Delphox|62/100\n|move|p2b: Ninetales|Blizzard|p1b: Delphox|[spread] p1a,p1b\n|-resisted|p1a: Incineroar|1\n|-resisted|p1b: Delphox|1\n|-damage|p1a: Incineroar|41/100\n|-damage|p1b: Delphox|50/100\n|-status|p1b: Delphox|frz\n|-curestatus|p1b: Delphox|frz|[msg]\n|cant|p1b: Delphox|flinch\n|move|p1a: Incineroar|Flare Blitz|p2b: Ninetales\n|-supereffective|p2b: Ninetales|1\n|-damage|p2b: Ninetales|27/100\n|-damage|p1a: Incineroar|19/100|[from] Recoil\n|\n|-weather|Snowscape|[upkeep]\n|upkeep\n|turn|8\n|inactive|d4ntez has 30 seconds left.\n|\n|t:|1776110384\n|move|p1b: Delphox|Protect|p1b: Delphox\n|-singleturn|p1b: Delphox|Protect\n|move|p2b: Ninetales|Blizzard|p1b: Delphox|[spread] p1a\n|-activate|p1b: Delphox|move: Protect\n|-resisted|p1a: Incineroar|1\n|-damage|p1a: Incineroar|10/100\n|move|p2a: Simipour|Flip Turn|p1b: Delphox\n|-activate|p1b: Delphox|move: Protect\n|move|p1a: Incineroar|Flare Blitz|p2b: Ninetales\n|-supereffective|p2b: Ninetales|1\n|-damage|p2b: Ninetales|0 fnt\n|faint|p2b: Ninetales\n|-damage|p1a: Incineroar|2/100|[from] Recoil\n|\n|-weather|Snowscape|[upkeep]\n|upkeep\n|\n|t:|1776110402\n|switch|p2b: Delphox|Delphox-Mega, L50, F|100/100\n|turn|9\n|\n|t:|1776110412\n|switch|p1b: Orthworm|Orthworm, L50, M|25/100\n|move|p2b: Delphox|Heat Wave|p1a: Incineroar|[spread] p1a,p1b\n|-resisted|p1a: Incineroar|1\n|-supereffective|p1b: Orthworm|1\n|-damage|p1a: Incineroar|0 fnt\n|-damage|p1b: Orthworm|0 fnt\n|faint|p1a: Incineroar\n|faint|p1b: Orthworm\n|move|p2a: Simipour|Flip Turn|p1: Incineroar|[notarget]\n|-fail|p2a: Simipour\n|\n|-weather|Snowscape|[upkeep]\n|-sideend|p2: d4ntez|move: Tailwind\n|upkeep\n|\n|t:|1776110418\n|switch|p1b: Basculegion|Basculegion, L50, M|100/100\n|switch|p1a: Delphox|Delphox-Mega, L50, F|50/100\n|turn|10\n|\n|t:|1776110434\n|move|p2a: Simipour|Helping Hand|p2b: Delphox\n|-singleturn|p2b: Delphox|Helping Hand|[of] p2a: Simipour\n|move|p1a: Delphox|Psychic|p2a: Simipour\n|-damage|p2a: Simipour|0 fnt\n|faint|p2a: Simipour\n|move|p2b: Delphox|Psychic|p1b: Basculegion\n|-damage|p1b: Basculegion|12/100\n|move|p1b: Basculegion|Last Respects|p2b: Delphox\n|-supereffective|p2b: Delphox|1\n|-damage|p2b: Delphox|0 fnt\n|faint|p2b: Delphox\n|\n|win|strami\n|raw|strami's rating: 1146 &rarr; <strong>1167</strong><br />(+21 for winning)\n|raw|d4ntez's rating: 1086 &rarr; <strong>1067</strong><br />(-19 for losing)\n|l|\u2606d4ntez\n|player|p2|\n",
  "uploadtime": 1776110453,
  "views": 32,
  "formatid": "gen9championsvgc2026regma",
  "rating": 1067,
  "private": 0,
  "password": null
}