{
  "id": "gen9championsvgc2026regma-2581997303",
  "format": "[Gen 9 Champions] VGC 2026 Reg M-A",
  "players": [
    "lumi091",
    "a slippin jimmy"
  ],
  "log": "|j|\u2606lumi091\n|j|\u2606a slippin jimmy\n|t:|1776046832\n|gametype|doubles\n|player|p1|lumi091|169|1201\n|player|p2|a slippin jimmy|miku-ghost|1221\n|gen|9\n|tier|[Gen 9 Champions] VGC 2026 Reg M-A\n|rated|\n|rule|Species Clause: Limit one of each Pok\u00e9mon\n|rule|Item Clause: Limit 1 of each item\n|clearpoke\n|poke|p1|Charizard, L50, F|\n|poke|p1|Venusaur, L50, M|\n|poke|p1|Garchomp, L50, F|\n|poke|p1|Rotom-Wash, L50|\n|poke|p1|Sneasler, L50, F|\n|poke|p1|Incineroar, L50, F|\n|poke|p2|Gengar, L50, M|\n|poke|p2|Palafin, L50, M|\n|poke|p2|Incineroar, L50, F|\n|poke|p2|Pelipper, L50, F|\n|poke|p2|Whimsicott, L50, F|\n|poke|p2|Kingambit, L50, M|\n|teampreview|4\n|inactive|Battle timer is ON: inactive players will automatically lose when time's up. (requested by lumi091)\n|\n|t:|1776046854\n|teamsize|p1|4\n|teamsize|p2|4\n|start\n|switch|p1a: Rotom|Rotom-Wash, L50|100/100\n|switch|p1b: Garchomp|Garchomp, L50, F|100/100\n|switch|p2a: Gengar|Gengar, L50, M, shiny|100/100\n|switch|p2b: Palafin|Palafin, L50, M, shiny|100/100\n|turn|1\n|inactive|lumi091 has 30 seconds left.\n|\n|t:|1776046888\n|switch|p1b: Venusaur|Venusaur, L50, M|100/100\n|detailschange|p2b: Palafin|Palafin-Hero, L50, M, shiny\n|switch|p2b: Whimsicott|Whimsicott, L50, F|100/100\n|detailschange|p2a: Gengar|Gengar-Mega, L50, M, shiny\n|-mega|p2a: Gengar|Gengar|Gengarite\n|move|p2a: Gengar|Protect|p2a: Gengar\n|-singleturn|p2a: Gengar|Protect\n|move|p1a: Rotom|Electroweb|p2a: Gengar|[spread] p2b\n|-activate|p2a: Gengar|move: Protect\n|-resisted|p2b: Whimsicott|1\n|-damage|p2b: Whimsicott|87/100\n|-unboost|p2b: Whimsicott|spe|1\n|\n|upkeep\n|turn|2\n|inactive|lumi091 has 30 seconds left.\n|inactive|a slippin jimmy has 30 seconds left.\n|\n|t:|1776046921\n|move|p2b: Whimsicott|Protect|p2b: Whimsicott\n|-singleturn|p2b: Whimsicott|Protect\n|move|p2a: Gengar|Disable|p1a: Rotom\n|-start|p1a: Rotom|Disable|Electroweb\n|cant|p1a: Rotom|Disable|Electroweb\n|move|p1b: Venusaur|Sludge Bomb|p2b: Whimsicott\n|-activate|p2b: Whimsicott|move: Protect\n|\n|upkeep\n|turn|3\n|\n|t:|1776046938\n|move|p1a: Rotom|Protect|p1a: Rotom\n|-singleturn|p1a: Rotom|Protect\n|move|p2b: Whimsicott|Encore|p1b: Venusaur\n|-start|p1b: Venusaur|Encore\n|move|p2a: Gengar|Disable|p1b: Venusaur\n|-start|p1b: Venusaur|Disable|Sludge Bomb\n|cant|p1b: Venusaur|Disable|Sludge Bomb\n|\n|upkeep\n|turn|4\n|inactive|a slippin jimmy has 30 seconds left.\n|inactive|a slippin jimmy has 20 seconds left.\n|\n|t:|1776046974\n|move|p2a: Gengar|Shadow Ball|p1a: Rotom\n|-damage|p1a: Rotom|44/100\n|-unboost|p1a: Rotom|spd|1\n|move|p1a: Rotom|Thunderbolt|p2a: Gengar\n|-damage|p2a: Gengar|59/100\n|-activate|p1b: Venusaur|move: Struggle\n|move|p1b: Venusaur|Struggle|p2b: Whimsicott\n|-damage|p2b: Whimsicott|75/100\n|-damage|p1b: Venusaur|76/100|[from] recoil\n|move|p2b: Whimsicott|Moonblast|p1a: Rotom\n|-damage|p1a: Rotom|0 fnt\n|faint|p1a: Rotom\n|\n|upkeep\n|\n|t:|1776046989\n|switch|p1a: Garchomp|Garchomp, L50, F|100/100\n|turn|5\n|\n|t:|1776047006\n|move|p2a: Gengar|Protect|p2a: Gengar\n|-singleturn|p2a: Gengar|Protect\n|move|p2b: Whimsicott|Tailwind|p2b: Whimsicott\n|-sidestart|p2: a slippin jimmy|move: Tailwind\n|move|p1a: Garchomp|Dragon Claw|p2a: Gengar\n|-activate|p2a: Gengar|move: Protect\n|-activate|p1b: Venusaur|move: Struggle\n|move|p1b: Venusaur|Struggle|p2b: Whimsicott\n|-damage|p2b: Whimsicott|61/100\n|-damage|p1b: Venusaur|51/100|[from] recoil\n|\n|-end|p1b: Venusaur|Encore\n|upkeep\n|turn|6\n|inactive|a slippin jimmy has 30 seconds left.\n|inactive|a slippin jimmy has 20 seconds left.\n|inactive|a slippin jimmy has 15 seconds left.\n|\n|t:|1776047049\n|move|p2a: Gengar|Sludge Bomb|p1b: Venusaur\n|-damage|p1b: Venusaur|0 fnt\n|faint|p1b: Venusaur\n|move|p2b: Whimsicott|Moonblast|p1a: Garchomp\n|-supereffective|p1a: Garchomp|1\n|-damage|p1a: Garchomp|29/100\n|move|p1a: Garchomp|Dragon Claw|p2a: Gengar\n|-damage|p2a: Gengar|0 fnt\n|faint|p2a: Gengar\n|\n|upkeep\n|\n|t:|1776047061\n|switch|p2a: Palafin|Palafin-Hero, L50, M, shiny|100/100\n|switch|p1b: Charizard|Charizard, L50, F|100/100\n|-activate|p2a: Palafin|ability: Zero to Hero\n|turn|7\n|\n|t:|1776047077\n|detailschange|p1b: Charizard|Charizard-Mega-Y, L50, F\n|-mega|p1b: Charizard|Charizard|Charizardite Y\n|-weather|SunnyDay|[from] ability: Drought|[of] p1b: Charizard\n|move|p2b: Whimsicott|Protect|p2b: Whimsicott\n|-singleturn|p2b: Whimsicott|Protect\n|move|p2a: Palafin|Protect|p2a: Palafin\n|-singleturn|p2a: Palafin|Protect\n|move|p1a: Garchomp|Dragon Claw|p2a: Palafin\n|-activate|p2a: Palafin|move: Protect\n|move|p1b: Charizard|Solar Beam||[still]\n|-prepare|p1b: Charizard|Solar Beam\n|-anim|p1b: Charizard|Solar Beam|p2a: Palafin\n|-activate|p2a: Palafin|move: Protect\n|\n|-weather|SunnyDay|[upkeep]\n|upkeep\n|turn|8\n|\n|t:|1776047096\n|switch|p2b: Pelipper|Pelipper, L50, F|100/100\n|-weather|RainDance|[from] ability: Drizzle|[of] p2b: Pelipper\n|move|p2a: Palafin|Jet Punch|p1b: Charizard\n|-supereffective|p1b: Charizard|1\n|-damage|p1b: Charizard|0 fnt\n|faint|p1b: Charizard\n|move|p1a: Garchomp|Dragon Claw|p2a: Palafin\n|-damage|p2a: Palafin|57/100\n|\n|-weather|RainDance|[upkeep]\n|-sideend|p2: a slippin jimmy|move: Tailwind\n|upkeep\n|turn|9\n|-message|lumi091 forfeited.\n|\n|win|a slippin jimmy\n|raw|lumi091's rating: 1201 &rarr; <strong>1177</strong><br />(-24 for losing)\n|raw|a slippin jimmy's rating: 1221 &rarr; <strong>1245</strong><br />(+24 for winning)\n|l|\u2606lumi091\n|player|p1|\n",
  "uploadtime": 1776047118,
  "views": 17,
  "formatid": "gen9championsvgc2026regma",
  "rating": 1177,
  "private": 0,
  "password": null
}