{
  "id": "gen9championsvgc2026regma-2580929726",
  "format": "[Gen 9 Champions] VGC 2026 Reg M-A",
  "players": [
    "altersquared III",
    "Gordeto"
  ],
  "log": "|j|\u2606altersquared III\n|j|\u2606Gordeto\n|t:|1775944225\n|gametype|doubles\n|player|p1|altersquared III|thorton|1052\n|player|p2|Gordeto|ethan|1054\n|gen|9\n|tier|[Gen 9 Champions] VGC 2026 Reg M-A\n|rated|\n|rule|Species Clause: Limit one of each Pok\u00e9mon\n|rule|Item Clause: Limit 1 of each item\n|clearpoke\n|poke|p1|Floette-Eternal, L50, F|\n|poke|p1|Maushold-Four, L50|\n|poke|p1|Incineroar, L50, F|\n|poke|p1|Sneasler, L50, M|\n|poke|p1|Whimsicott, L50, M|\n|poke|p1|Garchomp, L50, F|\n|poke|p2|Gengar, L50, M|\n|poke|p2|Whimsicott, L50, F|\n|poke|p2|Incineroar, L50, M|\n|poke|p2|Basculegion, L50, M|\n|poke|p2|Lucario, L50, M|\n|poke|p2|Ninetales-Alola, L50, M|\n|teampreview|4\n|inactive|Battle timer is ON: inactive players will automatically lose when time's up. (requested by altersquared III)\naltersquared III has agreed to open team sheets.\nGordeto has agreed to open team sheets.\n|showteam|p1|Floette-Eternal||Floettite|FlowerVeil|Moonblast,DazzlingGleam,CalmMind,Protect|||F|||50|]Maushold-Four||MentalHerb|FriendGuard|Protect,FollowMe,SuperFang,Encore||||||50|]Incineroar||SitrusBerry|Intimidate|FlareBlitz,FakeOut,PartingShot,ThroatChop|||F|||50|]Sneasler||WhiteHerb|Unburden|DireClaw,CloseCombat,FakeOut,Protect|||M|||50|]Whimsicott||FocusSash|Prankster|Tailwind,Moonblast,Taunt,Encore|||M|||50|]Garchomp||ChoiceScarf|RoughSkin|Earthquake,RockSlide,DragonClaw,StompingTantrum|||F|||50|\n|showteam|p2|Gengar||Gengarite|CursedBody|SludgeBomb,Disable,Protect,Taunt|||M|||50|]Whimsicott||FocusSash|Prankster|Tailwind,Encore,Endeavor,Moonblast|||F|||50|]Incineroar||SitrusBerry|Intimidate|FakeOut,PartingShot,FlareBlitz,ThroatChop|||M|||50|]Basculegion||ChoiceScarf|Adaptability|AquaJet,FlipTurn,LastRespects,WaveCrash|||M|||50|]Lucario||Lucarionite|InnerFocus|DarkPulse,VacuumWave,FlashCannon,NastyPlot|||M|||50|]Ninetales-Alola||KebiaBerry|SnowWarning|AuroraVeil,Moonblast,Protect,Blizzard|||M|||50|\n|inactive|Gordeto has 60 seconds left.\n|\n|t:|1775944276\n|teamsize|p1|4\n|teamsize|p2|4\n|start\n|switch|p1a: Whimsicott|Whimsicott, L50, M|100/100\n|switch|p1b: Incineroar|Incineroar, L50, F|100/100\n|switch|p2a: Ninetales|Ninetales-Alola, L50, M|100/100\n|switch|p2b: Incineroar|Incineroar, L50, M|100/100\n|-weather|Snowscape|[from] ability: Snow Warning|[of] p2a: Ninetales\n|-ability|p1b: Incineroar|Intimidate|boost\n|-unboost|p2a: Ninetales|atk|1\n|-unboost|p2b: Incineroar|atk|1\n|-ability|p2b: Incineroar|Intimidate|boost\n|-unboost|p1a: Whimsicott|atk|1\n|-unboost|p1b: Incineroar|atk|1\n|turn|1\n|\n|t:|1775944310\n|switch|p2a: Gengar|Gengar, L50, M|100/100\n|move|p1b: Incineroar|Fake Out|p2b: Incineroar\n|-damage|p2b: Incineroar|96/100\n|move|p1a: Whimsicott|Taunt|p2a: Gengar\n|-start|p2a: Gengar|move: Taunt\n|cant|p2b: Incineroar|flinch\n|\n|-weather|Snowscape|[upkeep]\n|upkeep\n|turn|2\n|\n|t:|1775944335\n|detailschange|p2a: Gengar|Gengar-Mega, L50, M\n|-mega|p2a: Gengar|Gengar|Gengarite\n|move|p1a: Whimsicott|Tailwind|p1a: Whimsicott\n|-sidestart|p1: altersquared III|move: Tailwind\n|move|p1b: Incineroar|Throat Chop|p2a: Gengar\n|-supereffective|p2a: Gengar|1\n|-damage|p2a: Gengar|33/100\n|-start|p2a: Gengar|Throat Chop|[silent]\n|move|p2a: Gengar|Sludge Bomb|p1a: Whimsicott\n|-supereffective|p1a: Whimsicott|2\n|-enditem|p1a: Whimsicott|Focus Sash\n|-damage|p1a: Whimsicott|1/100\n|move|p2b: Incineroar|Parting Shot|p1b: Incineroar\n|-unboost|p1b: Incineroar|atk|1\n|-unboost|p1b: Incineroar|spa|1\n|\n|t:|1775944351\n|switch|p2b: Whimsicott|Whimsicott, L50, F|100/100|[from] Parting Shot\n|\n|-weather|Snowscape|[upkeep]\n|upkeep\n|turn|3\n|\n|t:|1775944366\n|switch|p2a: Ninetales|Ninetales-Alola, L50, M|100/100\n|move|p1a: Whimsicott|Taunt|p2b: Whimsicott\n|-start|p2b: Whimsicott|move: Taunt\n|cant|p2b: Whimsicott|move: Taunt|Encore\n|move|p1b: Incineroar|Parting Shot|p2a: Ninetales\n|-unboost|p2a: Ninetales|atk|1\n|-unboost|p2a: Ninetales|spa|1\n|\n|t:|1775944380\n|switch|p1b: Hydrogen Bomb|Floette-Eternal, L50, F|100/100|[from] Parting Shot\n|\n|-weather|Snowscape|[upkeep]\n|upkeep\n|turn|4\n|\n|t:|1775944391\n|switch|p2b: Incineroar|Incineroar, L50, M|96/100\n|-ability|p2b: Incineroar|Intimidate|boost\n|-block|p1a: Whimsicott|ability: Flower Veil|[of] p1b: Hydrogen Bomb\n|-unboost|p1b: Hydrogen Bomb|atk|1\n|detailschange|p1b: Hydrogen Bomb|Floette-Mega, L50, F\n|-mega|p1b: Hydrogen Bomb|Floette|Floettite\n|-ability|p1b: Hydrogen Bomb|Fairy Aura\n|move|p1a: Whimsicott|Taunt|p2a: Ninetales\n|-start|p2a: Ninetales|move: Taunt\n|move|p1b: Hydrogen Bomb|Calm Mind|p1b: Hydrogen Bomb\n|-boost|p1b: Hydrogen Bomb|spa|1\n|-boost|p1b: Hydrogen Bomb|spd|1\n|cant|p2a: Ninetales|move: Taunt|Aurora Veil\n|\n|-weather|Snowscape|[upkeep]\n|upkeep\n|turn|5\n|inactive|altersquared III has 30 seconds left.\n|\n|t:|1775944417\n|move|p2b: Incineroar|Fake Out|p1b: Hydrogen Bomb\n|-damage|p1b: Hydrogen Bomb|87/100\n|move|p1a: Whimsicott|Moonblast|p2b: Incineroar\n|-damage|p2b: Incineroar|61/100\n|cant|p1b: Hydrogen Bomb|flinch\n|move|p2a: Ninetales|Blizzard|p1b: Hydrogen Bomb|[spread] p1a,p1b\n|-supereffective|p1a: Whimsicott|1\n|-damage|p1a: Whimsicott|0 fnt\n|-damage|p1b: Hydrogen Bomb|76/100\n|faint|p1a: Whimsicott\n|\n|-weather|none\n|-sideend|p1: altersquared III|move: Tailwind\n|upkeep\n|\n|t:|1775944433\n|switch|p1a: Incineroar|Incineroar, L50, F|100/100\n|-ability|p1a: Incineroar|Intimidate|boost\n|-unboost|p2a: Ninetales|atk|1\n|-unboost|p2b: Incineroar|atk|1\n|turn|6\n|\n|t:|1775944447\n|switch|p2a: Whimsicott|Whimsicott, L50, F|100/100\n|move|p1b: Hydrogen Bomb|Dazzling Gleam|p2a: Whimsicott|[spread] p2a,p2b\n|-crit|p2b: Incineroar\n|-damage|p2a: Whimsicott|2/100\n|-damage|p2b: Incineroar|0 fnt\n|faint|p2b: Incineroar\n|move|p1a: Incineroar|Throat Chop|p2a: Whimsicott\n|-resisted|p2a: Whimsicott|1\n|-damage|p2a: Whimsicott|0 fnt\n|faint|p2a: Whimsicott\n|\n|upkeep\n|\n|t:|1775944457\n|switch|p2a: Ninetales|Ninetales-Alola, L50, M|100/100\n|switch|p2b: Gengar|Gengar-Mega, L50, M|33/100\n|-weather|Snowscape|[from] ability: Snow Warning|[of] p2a: Ninetales\n|turn|7\n|\n|t:|1775944477\n|move|p2b: Gengar|Protect|p2b: Gengar\n|-singleturn|p2b: Gengar|Protect\n|move|p1b: Hydrogen Bomb|Protect|p1b: Hydrogen Bomb\n|-singleturn|p1b: Hydrogen Bomb|Protect\n|move|p2a: Ninetales|Aurora Veil|p2a: Ninetales\n|-sidestart|p2: Gordeto|move: Aurora Veil\n|move|p1a: Incineroar|Parting Shot|p2b: Gengar\n|-activate|p2b: Gengar|move: Protect\n|\n|-weather|Snowscape|[upkeep]\n|upkeep\n|turn|8\n|\n|t:|1775944500\n|move|p2b: Gengar|Disable|p1a: Incineroar\n|-start|p1a: Incineroar|Disable|Parting Shot\n|move|p2a: Ninetales|Blizzard|p1b: Hydrogen Bomb|[spread] p1a,p1b\n|-resisted|p1a: Incineroar|1\n|-damage|p1a: Incineroar|90/100\n|-damage|p1b: Hydrogen Bomb|58/100\n|move|p1b: Hydrogen Bomb|Calm Mind|p1b: Hydrogen Bomb\n|-boost|p1b: Hydrogen Bomb|spa|1\n|-boost|p1b: Hydrogen Bomb|spd|1\n|move|p1a: Incineroar|Throat Chop|p2b: Gengar\n|-supereffective|p2b: Gengar|1\n|-damage|p2b: Gengar|0 fnt\n|faint|p2b: Gengar\n|\n|-weather|Snowscape|[upkeep]\n|upkeep\n|turn|9\n|-message|Gordeto forfeited.\n|\n|win|altersquared III\n|raw|altersquared III's rating: 1052 &rarr; <strong>1084</strong><br />(+32 for winning)\n|raw|Gordeto's rating: 1054 &rarr; <strong>1036</strong><br />(-18 for losing)\n|l|\u2606Gordeto\n|player|p2|\n",
  "uploadtime": 1775944523,
  "views": 15,
  "formatid": "gen9championsvgc2026regma",
  "rating": 1036,
  "private": 0,
  "password": null
}