{
  "id": "gen9championsvgc2026regma-2586981282",
  "format": "[Gen 9 Champions] VGC 2026 Reg M-A",
  "players": [
    "Saucem",
    "Senpai_1987"
  ],
  "log": "|j|\u2606Saucem\n|j|\u2606Senpai_1987\n|t:|1776477952\n|gametype|doubles\n|player|p1|Saucem|elesa|1296\n|player|p2|Senpai_1987|aromalady|1404\n|gen|9\n|tier|[Gen 9 Champions] VGC 2026 Reg M-A\n|rated|\n|rule|Species Clause: Limit one of each Pok\u00e9mon\n|rule|Item Clause: Limit 1 of each item\n|clearpoke\n|poke|p1|Charizard, L50, F|\n|poke|p1|Venusaur, L50, F|\n|poke|p1|Sneasler, L50, F|\n|poke|p1|Garchomp, L50, F|\n|poke|p1|Whimsicott, L50, M|\n|poke|p1|Incineroar, L50, F|\n|poke|p2|Floette-Eternal, L50, F|\n|poke|p2|Incineroar, L50, M|\n|poke|p2|Pelipper, L50, M|\n|poke|p2|Sneasler, L50, F|\n|poke|p2|Sinistcha, L50|\n|poke|p2|Chesnaught, L50, F|\n|teampreview|4\n|inactive|Battle timer is ON: inactive players will automatically lose when time's up. (requested by Saucem)\n|\n|t:|1776477992\n|teamsize|p1|4\n|teamsize|p2|4\n|start\n|switch|p1a: Garchomp|Garchomp, L50, F|100/100\n|switch|p1b: Sneasler|Sneasler, L50, F|100/100\n|switch|p2a: The Story Is True|Chesnaught, L50, F, shiny|100/100\n|switch|p2b: Moonchild|Floette-Eternal, L50, F, shiny|100/100\n|turn|1\n|\n|t:|1776478006\n|detailschange|p2a: The Story Is True|Chesnaught-Mega, L50, F, shiny\n|-mega|p2a: The Story Is True|Chesnaught|Chesnaughtite\n|move|p2b: Moonchild|Protect|p2b: Moonchild\n|-singleturn|p2b: Moonchild|Protect\n|move|p1b: Sneasler|Dire Claw|p2b: Moonchild\n|-activate|p2b: Moonchild|move: Protect\n|move|p1a: Garchomp|Rock Slide|p2b: Moonchild|[spread] p2a\n|-activate|p2b: Moonchild|move: Protect\n|-resisted|p2a: The Story Is True|1\n|-damage|p2a: The Story Is True|95/100\n|move|p2a: The Story Is True|Iron Defense|p2a: The Story Is True\n|-boost|p2a: The Story Is True|def|2\n|\n|upkeep\n|turn|2\n|inactive|Senpai_1987 has 30 seconds left.\n|\n|t:|1776478035\n|switch|p2b: Woh Oh Oh Oh|Incineroar, L50, M|100/100\n|-ability|p2b: Woh Oh Oh Oh|Intimidate|boost\n|-unboost|p1a: Garchomp|atk|1\n|-unboost|p1b: Sneasler|atk|1\n|-enditem|p1b: Sneasler|White Herb\n|-clearnegativeboost|p1b: Sneasler|[silent]\n|move|p1b: Sneasler|Dire Claw|p2b: Woh Oh Oh Oh\n|-damage|p2b: Woh Oh Oh Oh|63/100\n|move|p1a: Garchomp|Rock Slide|p2a: The Story Is True|[spread] p2a,p2b\n|-resisted|p2a: The Story Is True|1\n|-supereffective|p2b: Woh Oh Oh Oh|1\n|-damage|p2a: The Story Is True|94/100\n|-damage|p2b: Woh Oh Oh Oh|42/100\n|-enditem|p2b: Woh Oh Oh Oh|Sitrus Berry|[eat]\n|-heal|p2b: Woh Oh Oh Oh|67/100|[from] item: Sitrus Berry\n|cant|p2a: The Story Is True|flinch\n|\n|upkeep\n|turn|3\n|\n|t:|1776478057\n|switch|p1a: Charizard|Charizard, L50, F|100/100\n|move|p1b: Sneasler|Protect|p1b: Sneasler\n|-singleturn|p1b: Sneasler|Protect\n|move|p2b: Woh Oh Oh Oh|Fake Out|p1b: Sneasler\n|-activate|p1b: Sneasler|move: Protect\n|move|p2a: The Story Is True|Body Press|p1a: Charizard\n|-resisted|p1a: Charizard|1\n|-damage|p1a: Charizard|39/100\n|\n|upkeep\n|turn|4\n|\n|t:|1776478070\n|detailschange|p1a: Charizard|Charizard-Mega-Y, L50, F\n|-mega|p1a: Charizard|Charizard|Charizardite Y\n|-weather|SunnyDay|[from] ability: Drought|[of] p1a: Charizard\n|move|p2a: The Story Is True|Wide Guard|p2a: The Story Is True\n|-singleturn|p2a: The Story Is True|Wide Guard\n|move|p1b: Sneasler|Close Combat|p2b: Woh Oh Oh Oh\n|-supereffective|p2b: Woh Oh Oh Oh|1\n|-damage|p2b: Woh Oh Oh Oh|0 fnt\n|-unboost|p1b: Sneasler|def|1\n|-unboost|p1b: Sneasler|spd|1\n|faint|p2b: Woh Oh Oh Oh\n|move|p1a: Charizard|Heat Wave|p2a: The Story Is True\n|-activate|p2a: The Story Is True|move: Wide Guard\n|\n|-weather|SunnyDay|[upkeep]\n|upkeep\n|\n|t:|1776478081\n|switch|p2b: You Have The Power|Pelipper, L50, M|100/100\n|-weather|RainDance|[from] ability: Drizzle|[of] p2b: You Have The Power\n|turn|5\n|\n|t:|1776478097\n|switch|p1b: Garchomp|Garchomp, L50, F|100/100\n|switch|p1a: Incineroar|Incineroar, L50, F|100/100\n|-ability|p1a: Incineroar|Intimidate|boost\n|-unboost|p2a: The Story Is True|atk|1\n|-unboost|p2b: You Have The Power|atk|1\n|move|p2b: You Have The Power|Hurricane|p1b: Garchomp\n|-damage|p1b: Garchomp|45/100\n|-start|p1b: Garchomp|confusion\n|move|p2a: The Story Is True|Body Press|p1a: Incineroar\n|-supereffective|p1a: Incineroar|1\n|-damage|p1a: Incineroar|0 fnt\n|faint|p1a: Incineroar\n|\n|-weather|RainDance|[upkeep]\n|upkeep\n|\n|t:|1776478106\n|switch|p1a: Charizard|Charizard-Mega-Y, L50, F|39/100\n|-weather|SunnyDay|[from] ability: Drought|[of] p1a: Charizard\n|turn|6\n|\n|t:|1776478122\n|move|p2b: You Have The Power|Wide Guard|p2b: You Have The Power\n|-singleturn|p2b: You Have The Power|Wide Guard\n|-activate|p1b: Garchomp|confusion\n|move|p1b: Garchomp|Rock Slide|p2b: You Have The Power|[spread] \n|-activate|p2a: The Story Is True|move: Wide Guard\n|-activate|p2b: You Have The Power|move: Wide Guard\n|move|p1a: Charizard|Heat Wave|p2b: You Have The Power|[spread] \n|-activate|p2a: The Story Is True|move: Wide Guard\n|-activate|p2b: You Have The Power|move: Wide Guard\n|move|p2a: The Story Is True|Body Press|p1a: Charizard\n|-resisted|p1a: Charizard|1\n|-damage|p1a: Charizard|0 fnt\n|faint|p1a: Charizard\n|\n|-weather|SunnyDay|[upkeep]\n|upkeep\n|-message|Saucem forfeited.\n|\n|win|Senpai_1987\n|raw|Saucem's rating: 1296 &rarr; <strong>1279</strong><br />(-17 for losing)\n|raw|Senpai_1987's rating: 1404 &rarr; <strong>1418</strong><br />(+14 for winning)\n|l|\u2606Saucem\n|player|p1|\n",
  "uploadtime": 1776478141,
  "views": 29,
  "formatid": "gen9championsvgc2026regma",
  "rating": 1279,
  "private": 0,
  "password": null
}