{
  "id": "gen9championsvgc2026regma-2587296172",
  "format": "[Gen 9 Champions] VGC 2026 Reg M-A",
  "players": [
    "hyperhugo",
    "weetamfaetheyy"
  ],
  "log": "|j|\u2606hyperhugo\n|j|\u2606weetamfaetheyy\n|t:|1776519389\n|gametype|doubles\n|player|p1|hyperhugo|lucas|1058\n|player|p2|weetamfaetheyy|1|1119\n|gen|9\n|tier|[Gen 9 Champions] VGC 2026 Reg M-A\n|rated|\n|rule|Species Clause: Limit one of each Pok\u00e9mon\n|rule|Item Clause: Limit 1 of each item\n|clearpoke\n|poke|p1|Hawlucha, L50, F, shiny|\n|poke|p1|Excadrill, L50, F, shiny|\n|poke|p1|Meowstic, L50, M, shiny|\n|poke|p1|Incineroar, L50, M, shiny|\n|poke|p1|Ninetales-Alola, L50, M|\n|poke|p1|Gengar, L50, F|\n|poke|p2|Torkoal, L50, F|\n|poke|p2|Farigiraf, L50, F|\n|poke|p2|Gallade, L50, M|\n|poke|p2|Kingambit, L50, M|\n|poke|p2|Clefable, L50, M|\n|poke|p2|Araquanid, L50, M|\n|teampreview|4\n|inactive|Battle timer is ON: inactive players will automatically lose when time's up. (requested by weetamfaetheyy)\n|inactive|hyperhugo has 60 seconds left.\n|\n|t:|1776519422\n|teamsize|p1|4\n|teamsize|p2|4\n|start\n|switch|p1a: Hawlucha|Hawlucha, L50, F, shiny|100/100\n|switch|p1b: Meowstic|Meowstic, L50, M, shiny|100/100\n|switch|p2a: Clefable|Clefable, L50, M|100/100\n|switch|p2b: Kingambit|Kingambit, L50, M|100/100\n|-ability|p1a: Hawlucha|Mold Breaker\n|turn|1\n|\n|t:|1776519436\n|detailschange|p2a: Clefable|Clefable-Mega, L50, M\n|-mega|p2a: Clefable|Clefable|Clefablite\n|move|p1a: Hawlucha|Protect|p1a: Hawlucha\n|-singleturn|p1a: Hawlucha|Protect\n|move|p2b: Kingambit|Protect|p2b: Kingambit\n|-singleturn|p2b: Kingambit|Protect\n|move|p1b: Meowstic|Reflect|p1b: Meowstic\n|-sidestart|p1: hyperhugo|Reflect\n|move|p2a: Clefable|Moonblast|p1a: Hawlucha\n|-activate|p1a: Hawlucha|move: Protect\n|\n|upkeep\n|turn|2\n|\n|t:|1776519450\n|switch|p1a: Incineroar|Incineroar, L50, M, shiny|100/100\n|-ability|p1a: Incineroar|Intimidate|boost\n|-unboost|p2a: Clefable|atk|1\n|-unboost|p2b: Kingambit|atk|1\n|-ability|p2b: Kingambit|Defiant|boost\n|-boost|p2b: Kingambit|atk|2\n|switch|p2b: Farigiraf|Farigiraf, L50, F|100/100\n|move|p1b: Meowstic|Light Screen|p1b: Meowstic\n|-sidestart|p1: hyperhugo|move: Light Screen\n|move|p2a: Clefable|Moonblast|p1a: Incineroar\n|-damage|p1a: Incineroar|77/100\n|\n|upkeep\n|turn|3\n|\n|t:|1776519472\n|move|p1a: Incineroar|Fake Out||[still]\n|cant|p2b: Farigiraf|ability: Armor Tail|Fake Out|[of] p1a: Incineroar\n|move|p2a: Clefable|Follow Me|p2a: Clefable\n|-singleturn|p2a: Clefable|move: Follow Me\n|move|p1b: Meowstic|Thunder Wave||[still]\n|cant|p2b: Farigiraf|ability: Armor Tail|Thunder Wave|[of] p1b: Meowstic\n|move|p2b: Farigiraf|Trick Room|p2b: Farigiraf\n|-fieldstart|move: Trick Room|[of] p2b: Farigiraf\n|\n|upkeep\n|turn|4\n|inactive|hyperhugo has 30 seconds left.\n|inactive|hyperhugo has 20 seconds left.\n|inactive|hyperhugo has 15 seconds left.\n|\n|t:|1776519517\n|move|p2a: Clefable|Helping Hand|p2b: Farigiraf\n|-singleturn|p2b: Farigiraf|Helping Hand|[of] p2a: Clefable\n|move|p1b: Meowstic|Reflect||[still]\n|-fail|p1b: Meowstic\n|move|p1a: Incineroar|Parting Shot|p2a: Clefable\n|move|p2a: Clefable|Parting Shot|p1a: Incineroar|[from] ability: Magic Bounce\n|-unboost|p1a: Incineroar|atk|1\n|-unboost|p1a: Incineroar|spa|1\n|\n|t:|1776519527\n|switch|p2a: Torkoal|Torkoal, L50, F|100/100|[from] Parting Shot\n|-weather|SunnyDay|[from] ability: Drought|[of] p2a: Torkoal\n|move|p2b: Farigiraf|Hyper Voice|p1a: Incineroar|[spread] p1a,p1b\n|-damage|p1a: Incineroar|54/100\n|-damage|p1b: Meowstic|64/100\n|\n|-weather|SunnyDay|[upkeep]\n|upkeep\n|turn|5\n|\n|t:|1776519546\n|move|p1b: Meowstic|Thunder Wave||[still]\n|cant|p2b: Farigiraf|ability: Armor Tail|Thunder Wave|[of] p1b: Meowstic\n|move|p2a: Torkoal|Earth Power|p1a: Incineroar\n|-supereffective|p1a: Incineroar|1\n|-damage|p1a: Incineroar|28/100\n|move|p2b: Farigiraf|Psychic|p1b: Meowstic\n|-resisted|p1b: Meowstic|1\n|-damage|p1b: Meowstic|50/100\n|move|p1a: Incineroar|Blaze Kick|p2b: Farigiraf\n|-damage|p2b: Farigiraf|58/100\n|\n|-weather|SunnyDay|[upkeep]\n|-sideend|p1: hyperhugo|Reflect\n|upkeep\n|turn|6\n|\n|t:|1776519565\n|move|p1b: Meowstic|Reflect|p1b: Meowstic\n|-sidestart|p1: hyperhugo|Reflect\n|move|p2a: Torkoal|Eruption|p1b: Meowstic|[spread] p1a,p1b\n|-resisted|p1a: Incineroar|1\n|-damage|p1a: Incineroar|6/100\n|-damage|p1b: Meowstic|0 fnt\n|faint|p1b: Meowstic\n|move|p2b: Farigiraf|Hyper Voice|p1a: Incineroar\n|-damage|p1a: Incineroar|0 fnt\n|faint|p1a: Incineroar\n|\n|-weather|SunnyDay|[upkeep]\n|-sideend|p1: hyperhugo|move: Light Screen\n|upkeep\n|\n|t:|1776519569\n|switch|p1a: Hawlucha|Hawlucha, L50, F, shiny|100/100\n|switch|p1b: Excadrill|Excadrill, L50, F, shiny|100/100\n|-ability|p1b: Excadrill|Mold Breaker\n|-ability|p1a: Hawlucha|Mold Breaker\n|turn|7\n|\n|t:|1776519585\n|switch|p2a: Clefable|Clefable-Mega, L50, M|100/100\n|detailschange|p1a: Hawlucha|Hawlucha-Mega, L50, F, shiny\n|-mega|p1a: Hawlucha|Hawlucha|Hawluchanite\n|move|p2b: Farigiraf|Protect|p2b: Farigiraf\n|-singleturn|p2b: Farigiraf|Protect\n|move|p1b: Excadrill|Fissure|p2a: Clefable\n|-immune|p2a: Clefable\n|move|p1a: Hawlucha|Entrainment|p1b: Excadrill\n|-ability|p1b: Excadrill|No Guard|Mold Breaker|[from] move: Entrainment|[of] p1a: Hawlucha\n|\n|-weather|SunnyDay|[upkeep]\n|-fieldend|move: Trick Room\n|upkeep\n|turn|8\n|inactive|hyperhugo has 30 seconds left.\n|\n|t:|1776519616\n|move|p2a: Clefable|Follow Me|p2a: Clefable\n|-singleturn|p2a: Clefable|move: Follow Me\n|move|p1a: Hawlucha|Cross Chop|p2a: Clefable\n|-resisted|p2a: Clefable|2\n|-damage|p2a: Clefable|90/100\n|move|p1b: Excadrill|Horn Drill|p2a: Clefable\n|-damage|p2a: Clefable|0 fnt\n|faint|p2a: Clefable\n|-ohko\n|move|p2b: Farigiraf|Trick Room|p2b: Farigiraf\n|-fieldstart|move: Trick Room|[of] p2b: Farigiraf\n|\n|-weather|none\n|upkeep\n|\n|t:|1776519629\n|switch|p2a: Torkoal|Torkoal, L50, F|100/100\n|-weather|SunnyDay|[from] ability: Drought|[of] p2a: Torkoal\n|turn|9\n|\n|t:|1776519641\n|move|p2a: Torkoal|Eruption|p1a: Hawlucha|[spread] p1a,p1b\n|-supereffective|p1b: Excadrill|1\n|-damage|p1a: Hawlucha|0 fnt\n|-enditem|p1b: Excadrill|Focus Sash\n|-damage|p1b: Excadrill|1/100\n|faint|p1a: Hawlucha\n|move|p2b: Farigiraf|Hyper Voice|p1b: Excadrill\n|-resisted|p1b: Excadrill|1\n|-damage|p1b: Excadrill|0 fnt\n|faint|p1b: Excadrill\n|\n|win|weetamfaetheyy\n|raw|hyperhugo's rating: 1058 &rarr; <strong>1043</strong><br />(-15 for losing)\n|raw|weetamfaetheyy's rating: 1119 &rarr; <strong>1140</strong><br />(+21 for winning)\n|l|\u2606hyperhugo\n|player|p1|\n",
  "uploadtime": 1776519656,
  "views": 14,
  "formatid": "gen9championsvgc2026regma",
  "rating": 1043,
  "private": 0,
  "password": null
}