{
  "id": "gen9championsvgc2026regma-2584918916",
  "format": "[Gen 9 Champions] VGC 2026 Reg M-A",
  "players": [
    "Pevar_8",
    "toxicIRL"
  ],
  "log": "|j|\u2606Pevar_8\n|j|\u2606toxicIRL\n|t:|1776294482\n|gametype|doubles\n|player|p1|Pevar_8|266|1116\n|player|p2|toxicIRL|burglar|1095\n|gen|9\n|tier|[Gen 9 Champions] VGC 2026 Reg M-A\n|rated|\n|rule|Species Clause: Limit one of each Pok\u00e9mon\n|rule|Item Clause: Limit 1 of each item\n|clearpoke\n|poke|p1|Incineroar, L50, M|\n|poke|p1|Gengar, L50, M|\n|poke|p1|Kingambit, L50, F|\n|poke|p1|Corviknight, L50, M|\n|poke|p1|Maushold, L50|\n|poke|p1|Ninetales-Alola, L50, M|\n|poke|p2|Tyranitar, L50, M|\n|poke|p2|Excadrill, L50, M|\n|poke|p2|Gardevoir, L50, F|\n|poke|p2|Rotom-Wash, L50|\n|poke|p2|Sinistcha, L50|\n|poke|p2|Incineroar, L50, M|\n|teampreview|4\n|\n|t:|1776294506\n|teamsize|p1|4\n|teamsize|p2|4\n|start\n|switch|p1a: Gengar|Gengar, L50, M, shiny|100/100\n|switch|p1b: Maushold|Maushold, L50|100/100\n|switch|p2a: Excadrill|Excadrill, L50, M|100/100\n|switch|p2b: Rotom|Rotom-Wash, L50|100/100\n|turn|1\n|\n|t:|1776294534\n|switch|p2b: Tyranitar|Tyranitar, L50, M|100/100\n|-weather|Sandstorm|[from] ability: Sand Stream|[of] p2b: Tyranitar\n|detailschange|p1a: Gengar|Gengar-Mega, L50, M, shiny\n|-mega|p1a: Gengar|Gengar|Gengarite\n|move|p2a: Excadrill|Rock Slide|p1a: Gengar|[spread] p1a,p1b\n|-damage|p1a: Gengar|82/100\n|-damage|p1b: Maushold|77/100\n|move|p1b: Maushold|Switcheroo|p2a: Excadrill\n|-activate|p1b: Maushold|move: Trick|[of] p2a: Excadrill\n|-item|p2a: Excadrill|Choice Scarf|[from] move: Switcheroo\n|-item|p1b: Maushold|Focus Sash|[from] move: Switcheroo\n|move|p1a: Gengar|Perish Song|p1a: Gengar\n|-start|p1a: Gengar|perish3|[silent]\n|-start|p1b: Maushold|perish3|[silent]\n|-start|p2a: Excadrill|perish3|[silent]\n|-start|p2b: Tyranitar|perish3|[silent]\n|-fieldactivate|move: Perish Song\n|\n|-weather|Sandstorm|[upkeep]\n|-damage|p1a: Gengar|76/100|[from] Sandstorm\n|-damage|p1b: Maushold|71/100|[from] Sandstorm\n|-start|p2a: Excadrill|perish3\n|-start|p1a: Gengar|perish3\n|-start|p1b: Maushold|perish3\n|-start|p2b: Tyranitar|perish3\n|upkeep\n|turn|2\n|\n|t:|1776294566\n|switch|p1b: Ninetales|Ninetales-Alola, L50, M|100/100\n|-weather|Snowscape|[from] ability: Snow Warning|[of] p1b: Ninetales\n|detailschange|p2b: Tyranitar|Tyranitar-Mega, L50, M\n|-mega|p2b: Tyranitar|Tyranitar|Tyranitarite\n|-weather|Sandstorm|[from] ability: Sand Stream|[of] p2b: Tyranitar\n|move|p2a: Excadrill|Rock Slide|p1b: Ninetales|[spread] p1a,p1b\n|-supereffective|p1b: Ninetales|1\n|-damage|p1a: Gengar|50/100\n|-damage|p1b: Ninetales|50/100\n|move|p1a: Gengar|Substitute|p1a: Gengar\n|-start|p1a: Gengar|Substitute\n|-damage|p1a: Gengar|25/100\n|move|p2b: Tyranitar|Crunch|p1a: Gengar\n|-supereffective|p1a: Gengar|1\n|-end|p1a: Gengar|Substitute\n|\n|-weather|Sandstorm|[upkeep]\n|-damage|p1a: Gengar|19/100|[from] Sandstorm\n|-damage|p1b: Ninetales|44/100|[from] Sandstorm\n|-start|p2a: Excadrill|perish2\n|-start|p1a: Gengar|perish2\n|-start|p2b: Tyranitar|perish2\n|upkeep\n|turn|3\n|\n|t:|1776294616\n|move|p1a: Gengar|Protect|p1a: Gengar\n|-singleturn|p1a: Gengar|Protect\n|move|p2a: Excadrill|Rock Slide|p1b: Ninetales|[spread] \n|-activate|p1a: Gengar|move: Protect\n|-miss|p2a: Excadrill|p1b: Ninetales\n|move|p1b: Ninetales|Icy Wind|p2b: Tyranitar|[spread] p2a,p2b\n|-damage|p2a: Excadrill|84/100\n|-damage|p2b: Tyranitar|94/100\n|-unboost|p2a: Excadrill|spe|1\n|-unboost|p2b: Tyranitar|spe|1\n|move|p2b: Tyranitar|Rock Slide|p1a: Gengar|[spread] p1b\n|-activate|p1a: Gengar|move: Protect\n|-supereffective|p1b: Ninetales|1\n|-damage|p1b: Ninetales|0 fnt\n|faint|p1b: Ninetales\n|\n|-weather|Sandstorm|[upkeep]\n|-damage|p1a: Gengar|13/100|[from] Sandstorm\n|-start|p2a: Excadrill|perish1\n|-start|p1a: Gengar|perish1\n|-start|p2b: Tyranitar|perish1\n|upkeep\n|\n|t:|1776294639\n|switch|p1b: Maushold|Maushold, L50|71/100\n|turn|4\n|\n|t:|1776294657\n|switch|p1a: Kingambit|Kingambit, L50, F|100/100\n|move|p1b: Maushold|Protect|p1b: Maushold\n|-singleturn|p1b: Maushold|Protect\n|move|p2a: Excadrill|Rock Slide|p1b: Maushold|[spread] p1a\n|-activate|p1b: Maushold|move: Protect\n|-resisted|p1a: Kingambit|1\n|-damage|p1a: Kingambit|95/100\n|move|p2b: Tyranitar|Rock Slide|p1b: Maushold|[spread] p1a\n|-activate|p1b: Maushold|move: Protect\n|-resisted|p1a: Kingambit|1\n|-damage|p1a: Kingambit|86/100\n|\n|-weather|Sandstorm|[upkeep]\n|-damage|p1b: Maushold|65/100|[from] Sandstorm\n|-start|p2a: Excadrill|perish0\n|-start|p2b: Tyranitar|perish0\n|faint|p2a: Excadrill\n|faint|p2b: Tyranitar\n|upkeep\n|\n|t:|1776294679\n|switch|p2a: Rotom|Rotom-Wash, L50|100/100\n|switch|p2b: Incineroar|Incineroar, L50, M|100/100\n|-ability|p2b: Incineroar|Intimidate|boost\n|-unboost|p1a: Kingambit|atk|1\n|-ability|p1a: Kingambit|Defiant|boost\n|-boost|p1a: Kingambit|atk|2\n|-unboost|p1b: Maushold|atk|1\n|turn|5\n|\n|t:|1776294711\n|move|p1b: Maushold|Encore||[still]\n|-fail|p1b: Maushold\n|move|p2a: Rotom|Will-O-Wisp|p1a: Kingambit\n|-status|p1a: Kingambit|brn\n|move|p2b: Incineroar|Flare Blitz|p1a: Kingambit\n|-supereffective|p1a: Kingambit|1\n|-damage|p1a: Kingambit|38/100 brn\n|-damage|p2b: Incineroar|84/100|[from] Recoil\n|move|p1a: Kingambit|Kowtow Cleave|p2a: Rotom\n|-damage|p2a: Rotom|61/100\n|\n|-weather|Sandstorm|[upkeep]\n|-damage|p1b: Maushold|60/100|[from] Sandstorm\n|-damage|p2a: Rotom|55/100|[from] Sandstorm\n|-damage|p2b: Incineroar|78/100|[from] Sandstorm\n|-heal|p2a: Rotom|61/100|[from] item: Leftovers\n|-damage|p1a: Kingambit|32/100 brn|[from] brn\n|upkeep\n|turn|6\n|\n|t:|1776294751\n|move|p1b: Maushold|Encore|p2a: Rotom\n|-start|p2a: Rotom|Encore\n|move|p2a: Rotom|Will-O-Wisp|p1b: Maushold|[miss]\n|-miss|p2a: Rotom|p1b: Maushold\n|move|p2b: Incineroar|Flare Blitz|p1b: Maushold\n|-damage|p1b: Maushold|3/100\n|-damage|p2b: Incineroar|62/100|[from] Recoil\n|move|p1a: Kingambit|Kowtow Cleave|p2a: Rotom\n|-damage|p2a: Rotom|21/100\n|\n|-weather|none\n|-heal|p2a: Rotom|27/100|[from] item: Leftovers\n|-damage|p1a: Kingambit|27/100 brn|[from] brn\n|upkeep\n|turn|7\n|-message|toxicIRL forfeited.\n|\n|win|Pevar_8\n|raw|Pevar_8's rating: 1116 &rarr; <strong>1139</strong><br />(+23 for winning)\n|raw|toxicIRL's rating: 1095 &rarr; <strong>1072</strong><br />(-23 for losing)\n|l|\u2606toxicIRL\n|player|p2|\n",
  "uploadtime": 1776294776,
  "views": 19,
  "formatid": "gen9championsvgc2026regma",
  "rating": 1072,
  "private": 0,
  "password": null
}