{
  "id": "gen9championsvgc2026regma-2583092491",
  "format": "[Gen 9 Champions] VGC 2026 Reg M-A",
  "players": [
    "JaxviVGC",
    "Aronaldo"
  ],
  "log": "|j|\u2606JaxviVGC\n|j|\u2606Aronaldo\n|t:|1776141106\n|gametype|doubles\n|player|p1|JaxviVGC|ethan|1300\n|player|p2|Aronaldo|1|1266\n|gen|9\n|tier|[Gen 9 Champions] VGC 2026 Reg M-A\n|rated|\n|rule|Species Clause: Limit one of each Pok\u00e9mon\n|rule|Item Clause: Limit 1 of each item\n|clearpoke\n|poke|p1|Rotom-Wash, L50|\n|poke|p1|Whimsicott, L50, F|\n|poke|p1|Floette-Eternal, L50, F|\n|poke|p1|Tyranitar, L50, F|\n|poke|p1|Excadrill, L50, F|\n|poke|p1|Sinistcha, L50|\n|poke|p2|Orthworm, L50, F|\n|poke|p2|Clefable, L50, F|\n|poke|p2|Incineroar, L50, M|\n|poke|p2|Rhyperior, L50, F|\n|poke|p2|Oranguru, L50, M|\n|poke|p2|Aerodactyl, L50, M|\n|teampreview|4\n|inactive|Battle timer is ON: inactive players will automatically lose when time's up. (requested by Aronaldo)\n|inactive|JaxviVGC has 60 seconds left.\n|inactive|Aronaldo has 60 seconds left.\n|\n|t:|1776141156\n|teamsize|p1|4\n|teamsize|p2|4\n|start\n|switch|p1a: Rotom|Rotom-Wash, L50|100/100\n|switch|p1b: Floette|Floette-Eternal, L50, F|100/100\n|switch|p2a: Incineroar|Incineroar, L50, M|100/100\n|switch|p2b: Aerodactyl|Aerodactyl, L50, M|100/100\n|-ability|p2b: Aerodactyl|Unnerve\n|-ability|p2a: Incineroar|Intimidate|boost\n|-unboost|p1a: Rotom|atk|1\n|-unboost|p1b: Floette|atk|1\n|turn|1\n|\n|t:|1776141174\n|detailschange|p2b: Aerodactyl|Aerodactyl-Mega, L50, M\n|-mega|p2b: Aerodactyl|Aerodactyl|Aerodactylite\n|move|p1b: Floette|Protect|p1b: Floette\n|-singleturn|p1b: Floette|Protect\n|move|p2a: Incineroar|Fake Out|p1a: Rotom\n|-damage|p1a: Rotom|88/100\n|move|p2b: Aerodactyl|Dual Wingbeat|p1b: Floette\n|-activate|p1b: Floette|move: Protect\n|cant|p1a: Rotom|flinch\n|\n|upkeep\n|turn|2\n|\n|t:|1776141190\n|switch|p1b: Excadrill|Excadrill, L50, F|100/100\n|move|p2b: Aerodactyl|Rock Slide|p1a: Rotom|[spread] p1b\n|-miss|p2b: Aerodactyl|p1a: Rotom\n|-resisted|p1b: Excadrill|2\n|-damage|p1b: Excadrill|89/100\n|move|p1a: Rotom|Will-O-Wisp|p2b: Aerodactyl\n|-status|p2b: Aerodactyl|brn\n|move|p2a: Incineroar|Parting Shot|p1b: Excadrill\n|-unboost|p1b: Excadrill|atk|1\n|-unboost|p1b: Excadrill|spa|1\n|\n|t:|1776141202\n|switch|p2a: Orthworm|Orthworm, L50, F|100/100|[from] Parting Shot\n|-enditem|p1b: Excadrill|White Herb\n|-clearnegativeboost|p1b: Excadrill|[silent]\n|\n|-damage|p2b: Aerodactyl|95/100 brn|[from] brn\n|upkeep\n|turn|3\n|\n|t:|1776141227\n|switch|p2b: Incineroar|Incineroar, L50, M|100/100\n|-ability|p2b: Incineroar|Intimidate|boost\n|-unboost|p1a: Rotom|atk|1\n|-unboost|p1b: Excadrill|atk|1\n|move|p2a: Orthworm|Protect|p2a: Orthworm\n|-singleturn|p2a: Orthworm|Protect\n|move|p1b: Excadrill|Iron Head|p2b: Incineroar\n|-resisted|p2b: Incineroar|1\n|-damage|p2b: Incineroar|88/100\n|move|p1a: Rotom|Hydro Pump|p2a: Orthworm\n|-activate|p2a: Orthworm|move: Protect\n|\n|upkeep\n|turn|4\n|\n|t:|1776141240\n|move|p2b: Incineroar|Fake Out|p1a: Rotom\n|-damage|p1a: Rotom|74/100\n|move|p1b: Excadrill|High Horsepower|p2b: Incineroar\n|-supereffective|p2b: Incineroar|1\n|-damage|p2b: Incineroar|23/100\n|cant|p1a: Rotom|flinch\n|move|p2a: Orthworm|Shed Tail|p2a: Orthworm\n|-start|p2a: Orthworm|Substitute|[from] move: Shed Tail\n|-damage|p2a: Orthworm|50/100\n|-enditem|p2a: Orthworm|Sitrus Berry|[eat]\n|-heal|p2a: Orthworm|75/100|[from] item: Sitrus Berry\n|\n|t:|1776141246\n|switch|p2a: Rhyperior|Rhyperior, L50, F|100/100|[from] Shed Tail\n|\n|upkeep\n|turn|5\n|inactive|Aronaldo has 30 seconds left.\n|\n|t:|1776141278\n|switch|p2b: Orthworm|Orthworm, L50, F|75/100\n|move|p1a: Rotom|Protect|p1a: Rotom\n|-singleturn|p1a: Rotom|Protect\n|move|p1b: Excadrill|Rock Slide|p2b: Orthworm|[spread] p2a,p2b\n|-resisted|p2a: Rhyperior|1\n|-activate|p2a: Rhyperior|move: Substitute|[damage]\n|-resisted|p2b: Orthworm|1\n|-crit|p2b: Orthworm\n|-damage|p2b: Orthworm|67/100\n|move|p2a: Rhyperior|Earthquake|p1b: Excadrill|[spread] p1b\n|-activate|p1a: Rotom|move: Protect\n|-heal|p2b: Orthworm|92/100|[from] ability: Earth Eater|[of] p2a: Rhyperior\n|-supereffective|p1b: Excadrill|1\n|-damage|p1b: Excadrill|0 fnt\n|faint|p1b: Excadrill\n|\n|upkeep\n|\n|t:|1776141293\n|switch|p1b: Sinistcha|Sinistcha, L50|100/100\n|-heal|p1a: Rotom|99/100|[from] ability: Hospitality|[of] p1b: Sinistcha\n|turn|6\n|inactive|Aronaldo has 30 seconds left.\n|\n|t:|1776141318\n|move|p1a: Rotom|Hydro Pump|p2a: Rhyperior\n|-supereffective|p2a: Rhyperior|2\n|-end|p2a: Rhyperior|Substitute\n|move|p1b: Sinistcha|Matcha Gotcha|p2a: Rhyperior|[spread] p2a,p2b\n|-supereffective|p2a: Rhyperior|2\n|-resisted|p2b: Orthworm|1\n|-damage|p2a: Rhyperior|29/100\n|-damage|p2b: Orthworm|73/100\n|-status|p2a: Rhyperior|brn\n|-status|p2b: Orthworm|brn\n|move|p2b: Orthworm|Shed Tail|p2b: Orthworm\n|-start|p2b: Orthworm|Substitute|[from] move: Shed Tail\n|-damage|p2b: Orthworm|23/100 brn\n|\n|t:|1776141334\n|switch|p2b: Aerodactyl|Aerodactyl-Mega, L50, M|95/100 brn|[from] Shed Tail\n|move|p2a: Rhyperior|Rock Slide|p1a: Rotom|[spread] p1a,p1b\n|-damage|p1a: Rotom|77/100\n|-damage|p1b: Sinistcha|83/100\n|\n|-heal|p1b: Sinistcha|89/100|[from] item: Leftovers\n|-damage|p2b: Aerodactyl|89/100 brn|[from] brn\n|-damage|p2a: Rhyperior|22/100 brn|[from] brn\n|upkeep\n|turn|7\n|\n|t:|1776141347\n|move|p2b: Aerodactyl|Dual Wingbeat|p1b: Sinistcha\n|-supereffective|p1b: Sinistcha|1\n|-damage|p1b: Sinistcha|65/100\n|-supereffective|p1b: Sinistcha|1\n|-damage|p1b: Sinistcha|40/100\n|-hitcount|p1b: Sinistcha|2\n|move|p1a: Rotom|Hydro Pump|p2b: Aerodactyl|[miss]\n|-miss|p1a: Rotom|p2b: Aerodactyl\n|move|p1b: Sinistcha|Matcha Gotcha|p2a: Rhyperior|[spread] p2a,p2b\n|-activate|p2b: Aerodactyl|move: Substitute|[damage]\n|-heal|p1b: Sinistcha|53/100|[from] drain|[of] p2b: Aerodactyl\n|-supereffective|p2a: Rhyperior|2\n|-damage|p2a: Rhyperior|0 fnt\n|-heal|p1b: Sinistcha|65/100|[from] drain|[of] p2a: Rhyperior\n|faint|p2a: Rhyperior\n|\n|-heal|p1b: Sinistcha|71/100|[from] item: Leftovers\n|-damage|p2b: Aerodactyl|83/100 brn|[from] brn\n|upkeep\n|\n|t:|1776141364\n|switch|p2a: Orthworm|Orthworm, L50, F|23/100 brn\n|turn|8\n|\n|t:|1776141380\n|move|p1b: Sinistcha|Protect|p1b: Sinistcha\n|-singleturn|p1b: Sinistcha|Protect\n|move|p2b: Aerodactyl|Dual Wingbeat|p1b: Sinistcha\n|-activate|p1b: Sinistcha|move: Protect\n|move|p1a: Rotom|Thunderbolt|p2a: Orthworm\n|-damage|p2a: Orthworm|0 fnt\n|faint|p2a: Orthworm\n|\n|-heal|p1b: Sinistcha|77/100|[from] item: Leftovers\n|-damage|p2b: Aerodactyl|77/100 brn|[from] brn\n|upkeep\n|\n|t:|1776141382\n|switch|p2a: Incineroar|Incineroar, L50, M|23/100\n|-ability|p2a: Incineroar|Intimidate|boost\n|-unboost|p1a: Rotom|atk|1\n|-unboost|p1b: Sinistcha|atk|1\n|turn|9\n|\n|t:|1776141403\n|move|p1a: Rotom|Protect|p1a: Rotom\n|-singleturn|p1a: Rotom|Protect\n|move|p2a: Incineroar|Fake Out|p1a: Rotom\n|-activate|p1a: Rotom|move: Protect\n|move|p2b: Aerodactyl|Dual Wingbeat|p1b: Sinistcha\n|-supereffective|p1b: Sinistcha|1\n|-damage|p1b: Sinistcha|55/100\n|-supereffective|p1b: Sinistcha|1\n|-damage|p1b: Sinistcha|30/100\n|-hitcount|p1b: Sinistcha|2\n|move|p1b: Sinistcha|Life Dew|p1b: Sinistcha|[spread] p1a,p1b\n|-heal|p1a: Rotom|100/100\n|-heal|p1b: Sinistcha|55/100\n|\n|-heal|p1b: Sinistcha|61/100|[from] item: Leftovers\n|-damage|p2b: Aerodactyl|71/100 brn|[from] brn\n|upkeep\n|turn|10\n|\n|t:|1776141422\n|move|p1b: Sinistcha|Protect|p1b: Sinistcha\n|-singleturn|p1b: Sinistcha|Protect\n|move|p2b: Aerodactyl|Rock Slide|p1b: Sinistcha|[spread] p1a\n|-activate|p1b: Sinistcha|move: Protect\n|-damage|p1a: Rotom|84/100\n|cant|p1a: Rotom|flinch\n|move|p2a: Incineroar|Flare Blitz|p1b: Sinistcha\n|-activate|p1b: Sinistcha|move: Protect\n|\n|-heal|p1b: Sinistcha|67/100|[from] item: Leftovers\n|-damage|p2b: Aerodactyl|66/100 brn|[from] brn\n|upkeep\n|turn|11\n|\n|t:|1776141438\n|move|p2b: Aerodactyl|Rock Slide|p1b: Sinistcha|[spread] p1a,p1b\n|-damage|p1a: Rotom|68/100\n|-damage|p1b: Sinistcha|53/100\n|cant|p1a: Rotom|flinch\n|move|p1b: Sinistcha|Life Dew|p1b: Sinistcha|[spread] p1a,p1b\n|-heal|p1a: Rotom|92/100\n|-heal|p1b: Sinistcha|78/100\n|move|p2a: Incineroar|Flare Blitz|p1b: Sinistcha\n|-supereffective|p1b: Sinistcha|1\n|-damage|p1b: Sinistcha|0 fnt\n|faint|p1b: Sinistcha\n|-damage|p2a: Incineroar|1/100|[from] Recoil\n|\n|-damage|p2b: Aerodactyl|60/100 brn|[from] brn\n|upkeep\n|\n|t:|1776141453\n|switch|p1b: Floette|Floette-Eternal, L50, F|100/100\n|turn|12\n|\n|t:|1776141461\n|detailschange|p1b: Floette|Floette-Mega, L50, F\n|-mega|p1b: Floette|Floette|Floettite\n|-ability|p1b: Floette|Fairy Aura\n|move|p2b: Aerodactyl|Rock Slide|p1a: Rotom|[spread] p1a,p1b\n|-damage|p1a: Rotom|76/100\n|-damage|p1b: Floette|84/100\n|move|p1b: Floette|Dazzling Gleam|p2a: Incineroar|[spread] p2a,p2b\n|-end|p2b: Aerodactyl|Substitute\n|-damage|p2a: Incineroar|0 fnt\n|faint|p2a: Incineroar\n|move|p1a: Rotom|Thunderbolt|p2b: Aerodactyl\n|-supereffective|p2b: Aerodactyl|1\n|-crit|p2b: Aerodactyl\n|-damage|p2b: Aerodactyl|0 fnt\n|faint|p2b: Aerodactyl\n|\n|win|JaxviVGC\n|raw|JaxviVGC's rating: 1300 &rarr; <strong>1323</strong><br />(+23 for winning)\n|raw|Aronaldo's rating: 1266 &rarr; <strong>1243</strong><br />(-23 for losing)\n|l|\u2606Aronaldo\n|player|p2|\n",
  "uploadtime": 1776141479,
  "views": 23,
  "formatid": "gen9championsvgc2026regma",
  "rating": 1243,
  "private": 0,
  "password": null
}