{
  "id": "gen9championsvgc2026regma-2586434597",
  "format": "[Gen 9 Champions] VGC 2026 Reg M-A",
  "players": [
    "1#MiraidonHater",
    "Boline"
  ],
  "log": "|j|\u26061#MiraidonHater\n|j|\u2606Boline\n|t:|1776434452\n|gametype|doubles\n|player|p1|1#MiraidonHater|1|1230\n|player|p2|Boline|veteran|1259\n|gen|9\n|tier|[Gen 9 Champions] VGC 2026 Reg M-A\n|rated|\n|rule|Species Clause: Limit one of each Pok\u00e9mon\n|rule|Item Clause: Limit 1 of each item\n|clearpoke\n|poke|p1|Glimmora, L50, F|\n|poke|p1|Rotom-Wash, L50|\n|poke|p1|Mamoswine, L50, F|\n|poke|p1|Talonflame, L50, M|\n|poke|p1|Sinistcha-Masterpiece, L50|\n|poke|p1|Kingambit, L50, F|\n|poke|p2|Gyarados, L50, M|\n|poke|p2|Lucario, L50, M|\n|poke|p2|Milotic, L50, F|\n|poke|p2|Sylveon, L50, F|\n|poke|p2|Whimsicott, L50, F|\n|poke|p2|Typhlosion-Hisui, L50, M|\n|teampreview|4\n|inactive|Battle timer is ON: inactive players will automatically lose when time's up. (requested by Boline)\n|inactive|1#MiraidonHater has 60 seconds left.\n|inactive|Boline has 60 seconds left.\n|\n|t:|1776434502\n|teamsize|p1|4\n|teamsize|p2|4\n|start\n|switch|p1a: Rotom|Rotom-Wash, L50|100/100\n|switch|p1b: Glimmora|Glimmora, L50, F|100/100\n|switch|p2a: Whimsicott|Whimsicott, L50, F|100/100\n|switch|p2b: Sylveon|Sylveon, L50, F|100/100\n|turn|1\n|\n|t:|1776434515\n|detailschange|p1b: Glimmora|Glimmora-Mega, L50, F\n|-mega|p1b: Glimmora|Glimmora|Glimmoranite\n|move|p2a: Whimsicott|Tailwind|p2a: Whimsicott\n|-sidestart|p2: Boline|move: Tailwind\n|move|p1a: Rotom|Electroweb|p2b: Sylveon|[spread] p2b\n|-miss|p1a: Rotom|p2a: Whimsicott\n|-damage|p2b: Sylveon|87/100\n|-unboost|p2b: Sylveon|spe|1\n|move|p1b: Glimmora|Sludge Bomb|p2b: Sylveon\n|-supereffective|p2b: Sylveon|1\n|-damage|p2b: Sylveon|0 fnt\n|faint|p2b: Sylveon\n|\n|upkeep\n|\n|t:|1776434530\n|switch|p2b: Lucario|Lucario, L50, M|100/100\n|turn|2\n|\n|t:|1776434545\n|move|p2b: Lucario|Detect|p2b: Lucario\n|-singleturn|p2b: Lucario|Protect\n|move|p1b: Glimmora|Spiky Shield|p1b: Glimmora\n|-singleturn|p1b: Glimmora|move: Protect\n|move|p2a: Whimsicott|Moonblast|p1a: Rotom\n|-damage|p1a: Rotom|67/100\n|move|p1a: Rotom|Electroweb|p2b: Lucario|[spread] p2a\n|-activate|p2b: Lucario|move: Protect\n|-resisted|p2a: Whimsicott|1\n|-damage|p2a: Whimsicott|87/100\n|-unboost|p2a: Whimsicott|spe|1\n|\n|upkeep\n|turn|3\n|\n|t:|1776434567\n|switch|p1b: Talonflame|Talonflame, L50, M|100/100\n|detailschange|p2b: Lucario|Lucario-Mega, L50, M\n|-mega|p2b: Lucario|Lucario|Lucarionite\n|move|p2a: Whimsicott|Taunt|p1b: Talonflame\n|-start|p1b: Talonflame|move: Taunt\n|move|p2b: Lucario|Meteor Mash|p1b: Talonflame\n|-resisted|p1b: Talonflame|1\n|-damage|p1b: Talonflame|50/100\n|move|p1a: Rotom|Electroweb|p2b: Lucario|[spread] p2a,p2b\n|-resisted|p2a: Whimsicott|1\n|-damage|p2a: Whimsicott|74/100\n|-damage|p2b: Lucario|72/100\n|-unboost|p2a: Whimsicott|spe|1\n|-unboost|p2b: Lucario|spe|1\n|\n|upkeep\n|turn|4\n|\n|t:|1776434590\n|move|p2a: Whimsicott|Taunt|p1a: Rotom\n|-start|p1a: Rotom|move: Taunt\n|move|p2b: Lucario|Rock Slide|p1b: Talonflame|[spread] p1a,p1b\n|-supereffective|p1b: Talonflame|2\n|-damage|p1a: Rotom|41/100\n|-damage|p1b: Talonflame|0 fnt\n|faint|p1b: Talonflame\n|move|p1a: Rotom|Electroweb|p2b: Lucario|[spread] p2a,p2b\n|-resisted|p2a: Whimsicott|1\n|-damage|p2a: Whimsicott|61/100\n|-damage|p2b: Lucario|40/100\n|-unboost|p2a: Whimsicott|spe|1\n|-unboost|p2b: Lucario|spe|1\n|\n|-sideend|p2: Boline|move: Tailwind\n|upkeep\n|\n|t:|1776434599\n|switch|p1b: Mamoswine|Mamoswine, L50, F|100/100\n|turn|5\n|\n|t:|1776434611\n|switch|p2b: Gyarados|Gyarados, L50, M|100/100\n|-ability|p2b: Gyarados|Intimidate|boost\n|-unboost|p1a: Rotom|atk|1\n|-fail|p1b: Mamoswine|unboost|Attack|[from] ability: Oblivious|[of] p1b: Mamoswine\n|move|p2a: Whimsicott|Tailwind|p2a: Whimsicott\n|-sidestart|p2: Boline|move: Tailwind\n|move|p1a: Rotom|Electroweb|p2b: Gyarados|[spread] p2a,p2b\n|-resisted|p2a: Whimsicott|1\n|-supereffective|p2b: Gyarados|2\n|-damage|p2a: Whimsicott|48/100\n|-damage|p2b: Gyarados|28/100\n|-unboost|p2a: Whimsicott|spe|1\n|-unboost|p2b: Gyarados|spe|1\n|move|p1b: Mamoswine|Earthquake|p2b: Gyarados|[spread] p2a\n|-immune|p1a: Rotom|[from] ability: Levitate\n|-immune|p2b: Gyarados\n|-resisted|p2a: Whimsicott|1\n|-damage|p2a: Whimsicott|23/100\n|\n|upkeep\n|turn|6\n|inactive|1#MiraidonHater has 30 seconds left.\n|inactive|Boline has 30 seconds left.\n|inactive|1#MiraidonHater has 20 seconds left.\n|inactive|Boline has 20 seconds left.\n|\n|t:|1776434648\n|switch|p1a: Glimmora|Glimmora-Mega, L50, F|100/100\n|move|p1b: Mamoswine|Ice Shard|p2b: Gyarados\n|-damage|p2b: Gyarados|0 fnt\n|faint|p2b: Gyarados\n|move|p2a: Whimsicott|Moonblast|p1b: Mamoswine\n|-damage|p1b: Mamoswine|61/100\n|-unboost|p1b: Mamoswine|spa|1\n|\n|upkeep\n|\n|t:|1776434656\n|switch|p2b: Lucario|Lucario-Mega, L50, M|40/100\n|turn|7\n|\n|t:|1776434679\n|move|p1b: Mamoswine|Ice Shard|p2a: Whimsicott\n|-supereffective|p2a: Whimsicott|1\n|-damage|p2a: Whimsicott|0 fnt\n|faint|p2a: Whimsicott\n|move|p2b: Lucario|Close Combat|p1b: Mamoswine\n|-supereffective|p1b: Mamoswine|1\n|-damage|p1b: Mamoswine|0 fnt\n|-unboost|p2b: Lucario|def|1\n|-unboost|p2b: Lucario|spd|1\n|faint|p1b: Mamoswine\n|move|p1a: Glimmora|Earth Power|p2b: Lucario\n|-supereffective|p2b: Lucario|1\n|-damage|p2b: Lucario|0 fnt\n|faint|p2b: Lucario\n|\n|win|1#MiraidonHater\n",
  "uploadtime": 1776434454,
  "views": 15,
  "formatid": "gen9championsvgc2026regma",
  "rating": null,
  "private": 0,
  "password": null
}