{
  "id": "gen9championsvgc2026regma-2580972673",
  "format": "[Gen 9 Champions] VGC 2026 Reg M-A",
  "players": [
    "pedolemefc",
    "Tindall64"
  ],
  "log": "|j|\u2606pedolemefc\n|j|\u2606Tindall64\n|t:|1775947965\n|gametype|doubles\n|player|p1|pedolemefc|102|1039\n|player|p2|Tindall64|2|1086\n|gen|9\n|tier|[Gen 9 Champions] VGC 2026 Reg M-A\n|rated|\n|rule|Species Clause: Limit one of each Pok\u00e9mon\n|rule|Item Clause: Limit 1 of each item\n|clearpoke\n|poke|p1|Palafin, L50, F|\n|poke|p1|Aegislash, L50, M|\n|poke|p1|Talonflame, L50, M|\n|poke|p1|Maushold-Four, L50|\n|poke|p1|Incineroar, L50, M|\n|poke|p1|Floette-Eternal, L50, F|\n|poke|p2|Aggron, L50, M|\n|poke|p2|Pelipper, L50, F|\n|poke|p2|Incineroar, L50, M|\n|poke|p2|Basculegion, L50, M|\n|poke|p2|Garchomp, L50, F|\n|poke|p2|Sinistcha-Masterpiece, L50|\n|teampreview|4\n|inactive|Battle timer is ON: inactive players will automatically lose when time's up. (requested by Tindall64)\n|\n|t:|1775948044\n|teamsize|p1|4\n|teamsize|p2|4\n|start\n|switch|p1a: Palafin|Palafin, L50, F|100/100\n|switch|p1b: Incineroar|Incineroar, L50, M|100/100\n|switch|p2a: Incineroar|Incineroar, L50, M|100/100\n|switch|p2b: A-GG-Ron|Aggron, L50, M, shiny|100/100\n|-ability|p2a: Incineroar|Intimidate|boost\n|-unboost|p1a: Palafin|atk|1\n|-unboost|p1b: Incineroar|atk|1\n|-ability|p1b: Incineroar|Intimidate|boost\n|-unboost|p2a: Incineroar|atk|1\n|-unboost|p2b: A-GG-Ron|atk|1\n|turn|1\n|\n|t:|1775948064\n|move|p1a: Palafin|Protect|p1a: Palafin\n|-singleturn|p1a: Palafin|Protect\n|move|p2a: Incineroar|Fake Out|p1a: Palafin\n|-activate|p1a: Palafin|move: Protect\n|move|p1b: Incineroar|Fake Out|p2b: A-GG-Ron\n|-resisted|p2b: A-GG-Ron|2\n|-damage|p2b: A-GG-Ron|99/100\n|cant|p2b: A-GG-Ron|flinch\n|\n|upkeep\n|turn|2\n|inactive|pedolemefc has 30 seconds left.\n|inactive|pedolemefc has 20 seconds left.\n|inactive|pedolemefc has 15 seconds left.\n|\n|t:|1775948105\n|detailschange|p2b: A-GG-Ron|Aggron-Mega, L50, M, shiny\n|-mega|p2b: A-GG-Ron|Aggron|Aggronite\n|move|p1a: Palafin|Flip Turn|p2b: A-GG-Ron\n|-damage|p2b: A-GG-Ron|90/100\n|inactive|pedolemefc has 30 seconds left.\n|\n|t:|1775948132\n|detailschange|p1a: Palafin|Palafin-Hero, L50, F\n|switch|p1a: Maushold|Maushold-Four, L50|100/100|[from] Flip Turn\n|move|p2a: Incineroar|Parting Shot|p1a: Maushold\n|-unboost|p1a: Maushold|atk|1\n|-unboost|p1a: Maushold|spa|1\n|\n|t:|1775948138\n|switch|p2a: Basculegion|Basculegion, L50, M|100/100|[from] Parting Shot\n|move|p1b: Incineroar|Parting Shot|p2b: A-GG-Ron\n|-unboost|p2b: A-GG-Ron|atk|1\n|-unboost|p2b: A-GG-Ron|spa|1\n|\n|t:|1775948149\n|switch|p1b: Palafin|Palafin-Hero, L50, F|100/100|[from] Parting Shot\n|-activate|p1b: Palafin|ability: Zero to Hero\n|move|p2b: A-GG-Ron|Iron Defense|p2b: A-GG-Ron\n|-boost|p2b: A-GG-Ron|def|2\n|\n|upkeep\n|turn|3\n|inactive|pedolemefc has 30 seconds left.\n|inactive|pedolemefc has 20 seconds left.\n|\n|t:|1775948187\n|move|p2b: A-GG-Ron|Protect|p2b: A-GG-Ron\n|-singleturn|p2b: A-GG-Ron|Protect\n|move|p2a: Basculegion|Flip Turn|p1a: Maushold\n|-damage|p1a: Maushold|50/100\n|\n|t:|1775948192\n|switch|p2a: Incineroar|Incineroar, L50, M|100/100|[from] Flip Turn\n|-ability|p2a: Incineroar|Intimidate|boost\n|-unboost|p1a: Maushold|atk|1\n|-unboost|p1b: Palafin|atk|1\n|move|p1a: Maushold|Super Fang|p2b: A-GG-Ron\n|-activate|p2b: A-GG-Ron|move: Protect\n|move|p1b: Palafin|Wave Crash|p2b: A-GG-Ron\n|-activate|p2b: A-GG-Ron|move: Protect\n|\n|upkeep\n|turn|4\n|inactive|pedolemefc has 30 seconds left.\n|inactive|Tindall64 has 30 seconds left.\n|inactive|Tindall64 has 20 seconds left.\n|inactive|Tindall64 has 15 seconds left.\n|\n|t:|1775948234\n|move|p1b: Palafin|Protect|p1b: Palafin\n|-singleturn|p1b: Palafin|Protect\n|move|p2a: Incineroar|Fake Out|p1a: Maushold\n|-crit|p1a: Maushold\n|-damage|p1a: Maushold|29/100\n|cant|p1a: Maushold|flinch\n|move|p2b: A-GG-Ron|Body Press|p1b: Palafin\n|-activate|p1b: Palafin|move: Protect\n|\n|upkeep\n|turn|5\n|\n|t:|1775948249\n|move|p2b: A-GG-Ron|Protect|p2b: A-GG-Ron\n|-singleturn|p2b: A-GG-Ron|Protect\n|move|p1a: Maushold|Super Fang|p2b: A-GG-Ron\n|-activate|p2b: A-GG-Ron|move: Protect\n|move|p1b: Palafin|Flip Turn|p2a: Incineroar\n|-supereffective|p2a: Incineroar|1\n|-damage|p2a: Incineroar|37/100\n|\n|t:|1775948260\n|switch|p1b: Incineroar|Incineroar, L50, M|100/100|[from] Flip Turn\n|-ability|p1b: Incineroar|Intimidate|boost\n|-unboost|p2a: Incineroar|atk|1\n|-unboost|p2b: A-GG-Ron|atk|1\n|move|p2a: Incineroar|Parting Shot|p1a: Maushold\n|-unboost|p1a: Maushold|atk|1\n|-unboost|p1a: Maushold|spa|1\n|\n|t:|1775948266\n|switch|p2a: Basculegion|Basculegion, L50, M|100/100|[from] Parting Shot\n|\n|upkeep\n|turn|6\n|inactive|pedolemefc has 30 seconds left.\n|inactive|pedolemefc has 20 seconds left.\n|\n|t:|1775948306\n|move|p2a: Basculegion|Flip Turn|p1a: Maushold\n|-damage|p1a: Maushold|0 fnt\n|faint|p1a: Maushold\n|\n|t:|1775948318\n|switch|p2a: Incineroar|Incineroar, L50, M|37/100|[from] Flip Turn\n|-ability|p2a: Incineroar|Intimidate|boost\n|-unboost|p1b: Incineroar|atk|1\n|move|p1b: Incineroar|Parting Shot|p2a: Incineroar\n|-unboost|p2a: Incineroar|atk|1\n|-unboost|p2a: Incineroar|spa|1\n|\n|t:|1775948332\n|switch|p1b: Palafin|Palafin-Hero, L50, F|100/100|[from] Parting Shot\n|move|p2b: A-GG-Ron|Body Press|p1b: Palafin\n|-damage|p1b: Palafin|34/100\n|\n|upkeep\n|\n|t:|1775948337\n|switch|p1a: Floette|Floette-Eternal, L50, F|100/100\n|turn|7\n|inactive|Tindall64 has 30 seconds left.\n|inactive|Tindall64 has 20 seconds left.\n|inactive|Tindall64 has 15 seconds left.\n|\n|t:|1775948378\n|move|p1b: Palafin|Protect|p1b: Palafin\n|-singleturn|p1b: Palafin|Protect\n|move|p1a: Floette|Protect|p1a: Floette\n|-singleturn|p1a: Floette|Protect\n|move|p2a: Incineroar|Flare Blitz|p1a: Floette\n|-activate|p1a: Floette|move: Protect\n|move|p2b: A-GG-Ron|Heavy Slam|p1a: Floette\n|-activate|p1a: Floette|move: Protect\n|\n|upkeep\n|turn|8\n|inactive|pedolemefc has 30 seconds left.\n|inactive|pedolemefc has 20 seconds left.\n|inactive|pedolemefc has 15 seconds left.\n|inactive|pedolemefc has 10 seconds left.\n|inactive|pedolemefc has 5 seconds left.\n|\n|t:|1775948433\n|move|p1b: Palafin|Wave Crash|p2a: Incineroar\n|-supereffective|p2a: Incineroar|1\n|-crit|p2a: Incineroar\n|-damage|p2a: Incineroar|0 fnt\n|faint|p2a: Incineroar\n|-damage|p1b: Palafin|22/100|[from] Recoil\n|move|p1a: Floette|Moonblast|p2b: A-GG-Ron\n|-resisted|p2b: A-GG-Ron|1\n|-damage|p2b: A-GG-Ron|67/100\n|move|p2b: A-GG-Ron|Heavy Slam|p1a: Floette\n|-supereffective|p1a: Floette|1\n|-damage|p1a: Floette|51/100\n|\n|upkeep\n|inactive|Tindall64 has 30 seconds left.\n|inactive|Tindall64 has 20 seconds left.\n|\n|t:|1775948473\n|switch|p2a: Basculegion|Basculegion, L50, M|100/100\n|turn|9\n|\n|t:|1775948490\n|detailschange|p1a: Floette|Floette-Mega, L50, F\n|-mega|p1a: Floette|Floette|Floettite\n|-ability|p1a: Floette|Fairy Aura\n|move|p1a: Floette|Protect|p1a: Floette\n|-singleturn|p1a: Floette|Protect\n|move|p2a: Basculegion|Flip Turn|p1a: Floette\n|-activate|p1a: Floette|move: Protect\n|move|p1b: Palafin|Wave Crash|p2b: A-GG-Ron\n|-damage|p2b: A-GG-Ron|41/100\n|-damage|p1b: Palafin|14/100|[from] Recoil\n|move|p2b: A-GG-Ron|Body Press|p1b: Palafin\n|-damage|p1b: Palafin|0 fnt\n|faint|p1b: Palafin\n|\n|upkeep\n|\n|t:|1775948504\n|switch|p1b: Incineroar|Incineroar, L50, M|100/100\n|-ability|p1b: Incineroar|Intimidate|boost\n|-unboost|p2a: Basculegion|atk|1\n|-unboost|p2b: A-GG-Ron|atk|1\n|turn|10\n|\n|t:|1775948527\n|move|p2b: A-GG-Ron|Protect|p2b: A-GG-Ron\n|-singleturn|p2b: A-GG-Ron|Protect\n|move|p1b: Incineroar|Fake Out|p2b: A-GG-Ron\n|-activate|p2b: A-GG-Ron|move: Protect\n|move|p2a: Basculegion|Flip Turn|p1a: Floette\n|-damage|p1a: Floette|25/100\n|\n|t:|1775948535\n|switch|p2a: Garchomp|Garchomp, L50, F|100/100|[from] Flip Turn\n|move|p1a: Floette|Moonblast|p2a: Garchomp\n|-supereffective|p2a: Garchomp|1\n|-damage|p2a: Garchomp|0 fnt\n|faint|p2a: Garchomp\n|\n|upkeep\n|\n|t:|1775948541\n|switch|p2a: Basculegion|Basculegion, L50, M|100/100\n|turn|11\n|\n|t:|1775948554\n|move|p1a: Floette|Protect|p1a: Floette\n|-singleturn|p1a: Floette|Protect\n|move|p2a: Basculegion|Wave Crash|p1a: Floette\n|-activate|p1a: Floette|move: Protect\n|move|p1b: Incineroar|Flare Blitz|p2b: A-GG-Ron\n|-supereffective|p2b: A-GG-Ron|1\n|-damage|p2b: A-GG-Ron|22/100\n|-damage|p1b: Incineroar|95/100|[from] Recoil\n|move|p2b: A-GG-Ron|Body Press|p1b: Incineroar\n|-supereffective|p1b: Incineroar|1\n|-crit|p1b: Incineroar\n|-damage|p1b: Incineroar|0 fnt\n|faint|p1b: Incineroar\n|\n|upkeep\n|turn|12\n|inactive|pedolemefc has 30 seconds left.\n|\n|t:|1775948583\n|move|p2a: Basculegion|Wave Crash|p1a: Floette\n|-damage|p1a: Floette|0 fnt\n|faint|p1a: Floette\n|-damage|p2a: Basculegion|93/100|[from] Recoil\n|\n|win|Tindall64\n|raw|pedolemefc's rating: 1039 &rarr; <strong>1025</strong><br />(-14 for losing)\n|raw|Tindall64's rating: 1086 &rarr; <strong>1109</strong><br />(+23 for winning)\n|l|\u2606pedolemefc\n|player|p1|\n",
  "uploadtime": 1775948600,
  "views": 14,
  "formatid": "gen9championsvgc2026regma",
  "rating": 1025,
  "private": 0,
  "password": null
}