{
  "id": "gen9championsvgc2026regma-2582996770",
  "format": "[Gen 9 Champions] VGC 2026 Reg M-A",
  "players": [
    "sabo_dark7",
    "jabon bugalo"
  ],
  "log": "|j|\u2606sabo_dark7\n|j|\u2606jabon bugalo\n|t:|1776131862\n|gametype|doubles\n|player|p1|sabo_dark7|ethan|1051\n|player|p2|jabon bugalo|gambler|1044\n|gen|9\n|tier|[Gen 9 Champions] VGC 2026 Reg M-A\n|rated|\n|rule|Species Clause: Limit one of each Pok\u00e9mon\n|rule|Item Clause: Limit 1 of each item\n|clearpoke\n|poke|p1|Sylveon, L50, F|\n|poke|p1|Mimikyu, L50, M|\n|poke|p1|Gengar, L50, M|\n|poke|p1|Dragonite, L50, M|\n|poke|p1|Vaporeon, L50, F|\n|poke|p1|Charizard, L50, M|\n|poke|p2|Tyranitar, L50, F|\n|poke|p2|Garchomp, L50, F|\n|poke|p2|Sinistcha, L50|\n|poke|p2|Incineroar, L50, F|\n|poke|p2|Hatterene, L50, F|\n|poke|p2|Camerupt, L50, F|\n|teampreview|4\n|inactive|Battle timer is ON: inactive players will automatically lose when time's up. (requested by jabon bugalo)\n|\n|t:|1776131888\n|teamsize|p1|4\n|teamsize|p2|4\n|start\n|switch|p1a: Dragonite|Dragonite, L50, M|100/100\n|switch|p1b: Gengar|Gengar, L50, M|100/100\n|switch|p2a: Incineroar|Incineroar, L50, F|100/100\n|switch|p2b: Sinistcha|Sinistcha, L50|100/100\n|-ability|p2a: Incineroar|Intimidate|boost\n|-fail|p1a: Dragonite|unboost|Attack|[from] ability: Inner Focus|[of] p1a: Dragonite\n|-unboost|p1b: Gengar|atk|1\n|turn|1\n|inactive|sabo_dark7 has 30 seconds left.\n|inactive|jabon bugalo has 30 seconds left.\n|inactive|sabo_dark7 has 20 seconds left.\n|\n|t:|1776131925\n|move|p1b: Gengar|Shadow Claw|p2b: Sinistcha\n|-supereffective|p2b: Sinistcha|1\n|-crit|p2b: Sinistcha\n|-damage|p2b: Sinistcha|59/100\n|move|p2a: Incineroar|Parting Shot|p1b: Gengar\n|-unboost|p1b: Gengar|atk|1\n|-unboost|p1b: Gengar|spa|1\n|\n|t:|1776131933\n|switch|p2a: Tyranitar|Tyranitar, L50, F, shiny|100/100|[from] Parting Shot\n|-weather|Sandstorm|[from] ability: Sand Stream|[of] p2a: Tyranitar\n|move|p1a: Dragonite|Dragon Dance|p1a: Dragonite\n|-boost|p1a: Dragonite|atk|1\n|-boost|p1a: Dragonite|spe|1\n|move|p2b: Sinistcha|Trick Room|p2b: Sinistcha\n|-fieldstart|move: Trick Room|[of] p2b: Sinistcha\n|\n|-weather|Sandstorm|[upkeep]\n|-damage|p2b: Sinistcha|53/100|[from] Sandstorm\n|-damage|p1a: Dragonite|95/100|[from] Sandstorm\n|-damage|p1b: Gengar|95/100|[from] Sandstorm\n|upkeep\n|turn|2\n|inactive|jabon bugalo has 30 seconds left.\n|\n|t:|1776131963\n|switch|p2b: Garchomp|Garchomp, L50, F, shiny|100/100\n|move|p2a: Tyranitar|Rock Slide|p1b: Gengar|[spread] p1a,p1b\n|-supereffective|p1a: Dragonite|1\n|-damage|p1a: Dragonite|47/100\n|-damage|p1b: Gengar|50/100\n|move|p1a: Dragonite|Outrage|p2b: Garchomp\n|-supereffective|p2b: Garchomp|1\n|-damage|p2b: Garchomp|0 fnt\n|faint|p2b: Garchomp\n|move|p1b: Gengar|Shadow Claw|p2a: Tyranitar\n|-resisted|p2a: Tyranitar|1\n|-damage|p2a: Tyranitar|98/100\n|\n|-weather|Sandstorm|[upkeep]\n|-damage|p1a: Dragonite|41/100|[from] Sandstorm\n|-damage|p1b: Gengar|44/100|[from] Sandstorm\n|-heal|p2a: Tyranitar|100/100|[from] item: Leftovers\n|upkeep\n|\n|t:|1776131977\n|switch|p2b: Incineroar|Incineroar, L50, F|100/100\n|-ability|p2b: Incineroar|Intimidate|boost\n|-fail|p1a: Dragonite|unboost|Attack|[from] ability: Inner Focus|[of] p1a: Dragonite\n|-unboost|p1b: Gengar|atk|1\n|turn|3\n|\n|t:|1776131994\n|move|p2b: Incineroar|Fake Out|p1a: Dragonite\n|-damage|p1a: Dragonite|29/100\n|move|p2a: Tyranitar|Rock Slide|p1b: Gengar|[spread] p1a,p1b\n|-supereffective|p1a: Dragonite|1\n|-crit|p1b: Gengar\n|-damage|p1a: Dragonite|0 fnt\n|-damage|p1b: Gengar|0 fnt\n|faint|p1a: Dragonite\n|faint|p1b: Gengar\n|\n|-weather|Sandstorm|[upkeep]\n|-damage|p2b: Incineroar|94/100|[from] Sandstorm\n|upkeep\n|\n|t:|1776132003\n|switch|p1a: Sylveon|Sylveon, L50, F|100/100\n|switch|p1b: Charizard|Charizard, L50, M|100/100\n|turn|4\n|\n|t:|1776132016\n|detailschange|p1b: Charizard|Charizard-Mega-Y, L50, M\n|-mega|p1b: Charizard|Charizard|Charizardite Y\n|-weather|SunnyDay|[from] ability: Drought|[of] p1b: Charizard\n|move|p1b: Charizard|Protect|p1b: Charizard\n|-singleturn|p1b: Charizard|Protect\n|move|p1a: Sylveon|Hyper Voice|p2a: Tyranitar|[spread] p2a,p2b\n|-supereffective|p2a: Tyranitar|1\n|-damage|p2a: Tyranitar|34/100\n|-damage|p2b: Incineroar|52/100\n|move|p2a: Tyranitar|Rock Slide|p1a: Sylveon|[spread] p1a\n|-activate|p1b: Charizard|move: Protect\n|-damage|p1a: Sylveon|69/100\n|move|p2b: Incineroar|Parting Shot|p1a: Sylveon\n|-unboost|p1a: Sylveon|atk|1\n|-unboost|p1a: Sylveon|spa|1\n|\n|t:|1776132029\n|switch|p2b: Sinistcha|Sinistcha, L50|53/100|[from] Parting Shot\n|-heal|p2a: Tyranitar|59/100|[from] ability: Hospitality|[of] p2b: Sinistcha\n|\n|-weather|SunnyDay|[upkeep]\n|-heal|p2a: Tyranitar|65/100|[from] item: Leftovers\n|upkeep\n|turn|5\n|\n|t:|1776132047\n|move|p1b: Charizard|Protect|p1b: Charizard\n|-singleturn|p1b: Charizard|Protect\n|move|p1a: Sylveon|Hyper Voice|p2a: Tyranitar|[spread] p2a,p2b\n|-supereffective|p2a: Tyranitar|1\n|-damage|p2a: Tyranitar|20/100\n|-damage|p2b: Sinistcha|30/100\n|-enditem|p2b: Sinistcha|Sitrus Berry|[eat]\n|-heal|p2b: Sinistcha|55/100|[from] item: Sitrus Berry\n|move|p2a: Tyranitar|Rock Slide|p1b: Charizard|[spread] p1a\n|-activate|p1b: Charizard|move: Protect\n|-damage|p1a: Sylveon|34/100\n|move|p2b: Sinistcha|Life Dew|p2b: Sinistcha|[spread] p2a,p2b\n|-heal|p2a: Tyranitar|45/100\n|-heal|p2b: Sinistcha|80/100\n|\n|-weather|SunnyDay|[upkeep]\n|-heal|p2a: Tyranitar|51/100|[from] item: Leftovers\n|-fieldend|move: Trick Room\n|upkeep\n|turn|6\n|\n|t:|1776132072\n|switch|p2a: Incineroar|Incineroar, L50, F|52/100\n|-ability|p2a: Incineroar|Intimidate|boost\n|-unboost|p1a: Sylveon|atk|1\n|-unboost|p1b: Charizard|atk|1\n|move|p1b: Charizard|Solar Beam||[still]\n|-prepare|p1b: Charizard|Solar Beam\n|-anim|p1b: Charizard|Solar Beam|p2a: Incineroar\n|-resisted|p2a: Incineroar|1\n|-damage|p2a: Incineroar|26/100\n|move|p1a: Sylveon|Hyper Voice|p2b: Sinistcha|[spread] p2a,p2b\n|-damage|p2a: Incineroar|0 fnt\n|-damage|p2b: Sinistcha|57/100\n|faint|p2a: Incineroar\n|move|p2b: Sinistcha|Trick Room|p2b: Sinistcha\n|-fieldstart|move: Trick Room|[of] p2b: Sinistcha\n|\n|-weather|SunnyDay|[upkeep]\n|upkeep\n|\n|t:|1776132085\n|switch|p2a: Tyranitar|Tyranitar, L50, F, shiny|51/100\n|-weather|Sandstorm|[from] ability: Sand Stream|[of] p2a: Tyranitar\n|turn|7\n|\n|t:|1776132096\n|move|p2a: Tyranitar|Protect|p2a: Tyranitar\n|-singleturn|p2a: Tyranitar|Protect\n|move|p1a: Sylveon|Hyper Voice|p2a: Tyranitar|[spread] p2b\n|-activate|p2a: Tyranitar|move: Protect\n|-damage|p2b: Sinistcha|35/100\n|move|p2b: Sinistcha|Life Dew|p2b: Sinistcha|[spread] p2a,p2b\n|-heal|p2a: Tyranitar|76/100\n|-heal|p2b: Sinistcha|60/100\n|move|p1b: Charizard|Heat Wave|p2b: Sinistcha|[spread] p2b\n|-activate|p2a: Tyranitar|move: Protect\n|-supereffective|p2b: Sinistcha|1\n|-damage|p2b: Sinistcha|0 fnt\n|faint|p2b: Sinistcha\n|\n|-weather|Sandstorm|[upkeep]\n|-damage|p1a: Sylveon|28/100|[from] Sandstorm\n|-damage|p1b: Charizard|94/100|[from] Sandstorm\n|-heal|p2a: Tyranitar|82/100|[from] item: Leftovers\n|upkeep\n|turn|8\n|\n|t:|1776132114\n|move|p1a: Sylveon|Hyper Voice|p2a: Tyranitar\n|-supereffective|p2a: Tyranitar|1\n|-damage|p2a: Tyranitar|37/100\n|move|p2a: Tyranitar|Rock Slide|p1b: Charizard|[spread] p1b\n|-miss|p2a: Tyranitar|p1a: Sylveon\n|-supereffective|p1b: Charizard|2\n|-damage|p1b: Charizard|0 fnt\n|faint|p1b: Charizard\n|\n|-weather|Sandstorm|[upkeep]\n|-damage|p1a: Sylveon|23/100|[from] Sandstorm\n|-heal|p2a: Tyranitar|43/100|[from] item: Leftovers\n|upkeep\n|turn|9\n|\n|t:|1776132123\n|move|p2a: Tyranitar|Protect|p2a: Tyranitar\n|-singleturn|p2a: Tyranitar|Protect\n|move|p1a: Sylveon|Hyper Voice|p2a: Tyranitar\n|-activate|p2a: Tyranitar|move: Protect\n|\n|-weather|Sandstorm|[upkeep]\n|-damage|p1a: Sylveon|17/100|[from] Sandstorm\n|-heal|p2a: Tyranitar|49/100|[from] item: Leftovers\n|upkeep\n|turn|10\n|\n|t:|1776132133\n|move|p1a: Sylveon|Hyper Voice|p2a: Tyranitar\n|-supereffective|p2a: Tyranitar|1\n|-damage|p2a: Tyranitar|7/100\n|move|p2a: Tyranitar|Rock Slide|p1a: Sylveon\n|-damage|p1a: Sylveon|0 fnt\n|faint|p1a: Sylveon\n|\n|win|jabon bugalo\n|raw|sabo_dark7's rating: 1051 &rarr; <strong>1033</strong><br />(-18 for losing)\n|raw|jabon bugalo's rating: 1044 &rarr; <strong>1078</strong><br />(+34 for winning)\n",
  "uploadtime": 1776132140,
  "views": 19,
  "formatid": "gen9championsvgc2026regma",
  "rating": 1033,
  "private": 0,
  "password": null
}