{
  "id": "gen9championsvgc2026regma-2581107172",
  "format": "[Gen 9 Champions] VGC 2026 Reg M-A",
  "players": [
    "slurpysigma",
    "Natanael540"
  ],
  "log": "|j|\u2606slurpysigma\n|j|\u2606Natanael540\n|t:|1775960524\n|gametype|doubles\n|player|p1|slurpysigma|101|1046\n|player|p2|Natanael540|iris-gen5bw2|1000\n|gen|9\n|tier|[Gen 9 Champions] VGC 2026 Reg M-A\n|rated|\n|rule|Species Clause: Limit one of each Pok\u00e9mon\n|rule|Item Clause: Limit 1 of each item\n|clearpoke\n|poke|p1|Tyranitar, L50, M|\n|poke|p1|Sneasler, L50, M|\n|poke|p1|Excadrill, L50, M|\n|poke|p1|Primarina, L50, M|\n|poke|p1|Sinistcha, L50|\n|poke|p1|Aerodactyl, L50, F|\n|poke|p2|Froslass, L50, F|\n|poke|p2|Orthworm, L50, F|\n|poke|p2|Gengar, L50, M|\n|poke|p2|Garchomp, L50, F|\n|poke|p2|Incineroar, L50, M|\n|poke|p2|Empoleon, L50, F|\n|teampreview|4\n|inactive|Battle timer is ON: inactive players will automatically lose when time's up. (requested by slurpysigma)\n|inactive|slurpysigma has 60 seconds left.\n|inactive|Natanael540 has 60 seconds left.\n|\n|t:|1775960563\n|teamsize|p1|4\n|teamsize|p2|4\n|start\n|switch|p1a: Aerodactyl|Aerodactyl, L50, F|100/100\n|switch|p1b: Excadrill|Excadrill, L50, M|100/100\n|switch|p2a: Garchomp|Garchomp, L50, F|100/100\n|switch|p2b: Orthworm|Orthworm, L50, F, shiny|100/100\n|turn|1\n|\n|t:|1775960586\n|switch|p1b: Primarina|Primarina, L50, M|100/100\n|move|p1a: Aerodactyl|Tailwind|p1a: Aerodactyl\n|-sidestart|p1: slurpysigma|move: Tailwind\n|move|p2a: Garchomp|Dragon Claw|p1a: Aerodactyl\n|-damage|p1a: Aerodactyl|28/100\n|move|p2b: Orthworm|High Horsepower|p1b: Primarina\n|-damage|p1b: Primarina|76/100\n|\n|upkeep\n|turn|2\n|inactive|slurpysigma has 30 seconds left.\n|inactive|slurpysigma has 20 seconds left.\n|inactive|slurpysigma has 15 seconds left.\n|\n|t:|1775960627\n|move|p1a: Aerodactyl|Protect|p1a: Aerodactyl\n|-singleturn|p1a: Aerodactyl|Protect\n|move|p2a: Garchomp|Protect|p2a: Garchomp\n|-singleturn|p2a: Garchomp|Protect\n|move|p1b: Primarina|Ice Beam|p2a: Garchomp\n|-activate|p2a: Garchomp|move: Protect\n|move|p2b: Orthworm|Shed Tail|p2b: Orthworm\n|-start|p2b: Orthworm|Substitute|[from] move: Shed Tail\n|-damage|p2b: Orthworm|50/100\n|\n|t:|1775960640\n|switch|p2b: Froslass|Froslass, L50, F, shiny|100/100|[from] Shed Tail\n|\n|upkeep\n|turn|3\n|\n|t:|1775960650\n|detailschange|p2b: Froslass|Froslass-Mega, L50, F, shiny\n|-mega|p2b: Froslass|Froslass|Froslassite\n|-weather|Snowscape|[from] ability: Snow Warning|[of] p2b: Froslass\n|move|p1a: Aerodactyl|Dual Wingbeat|p2b: Froslass\n|-activate|p2b: Froslass|move: Substitute|[damage]\n|-end|p2b: Froslass|Substitute\n|-hitcount|p2b: Froslass|2\n|move|p2b: Froslass|Blizzard|p1b: Primarina|[spread] p1a,p1b\n|-supereffective|p1a: Aerodactyl|1\n|-resisted|p1b: Primarina|1\n|-damage|p1a: Aerodactyl|0 fnt\n|-damage|p1b: Primarina|56/100\n|faint|p1a: Aerodactyl\n|move|p2a: Garchomp|Stone Edge|p1b: Primarina\n|-damage|p1b: Primarina|13/100\n|move|p1b: Primarina|Ice Beam|p2a: Garchomp\n|-supereffective|p2a: Garchomp|2\n|-enditem|p2a: Garchomp|Yache Berry|[eat]\n|-enditem|p2a: Garchomp|Yache Berry|[weaken]\n|-damage|p2a: Garchomp|26/100\n|\n|-weather|Snowscape|[upkeep]\n|upkeep\n|\n|t:|1775960658\n|switch|p1a: Tyranitar|Tyranitar, L50, M|100/100\n|-weather|Sandstorm|[from] ability: Sand Stream|[of] p1a: Tyranitar\n|turn|4\n|\n|t:|1775960683\n|switch|p2b: Orthworm|Orthworm, L50, F, shiny|50/100\n|move|p1a: Tyranitar|Protect|p1a: Tyranitar\n|-singleturn|p1a: Tyranitar|Protect\n|move|p2a: Garchomp|Earthquake|p1b: Primarina|[spread] p1b\n|-activate|p1a: Tyranitar|move: Protect\n|-heal|p2b: Orthworm|75/100|[from] ability: Earth Eater|[of] p2a: Garchomp\n|-damage|p1b: Primarina|0 fnt\n|faint|p1b: Primarina\n|\n|-weather|Sandstorm|[upkeep]\n|-heal|p2b: Orthworm|81/100|[from] item: Leftovers\n|-sideend|p1: slurpysigma|move: Tailwind\n|upkeep\n|\n|t:|1775960687\n|switch|p1b: Excadrill|Excadrill, L50, M|100/100\n|turn|5\n|\n|t:|1775960708\n|move|p1b: Excadrill|High Horsepower|p2a: Garchomp\n|-crit|p2a: Garchomp\n|-damage|p2a: Garchomp|0 fnt\n|-damage|p1b: Excadrill|88/100|[from] ability: Rough Skin|[of] p2a: Garchomp\n|faint|p2a: Garchomp\n|move|p1a: Tyranitar|Low Kick|p2b: Orthworm\n|-supereffective|p2b: Orthworm|1\n|-damage|p2b: Orthworm|32/100\n|move|p2b: Orthworm|Shed Tail|p2b: Orthworm\n|-fail|p2b: Orthworm|move: Shed Tail|[weak]\n|\n|-weather|Sandstorm|[upkeep]\n|-heal|p2b: Orthworm|38/100|[from] item: Leftovers\n|upkeep\n|\n|t:|1775960722\n|switch|p2a: Froslass|Froslass-Mega, L50, F, shiny|100/100\n|-weather|Snowscape|[from] ability: Snow Warning|[of] p2a: Froslass\n|turn|6\n|inactive|slurpysigma has 30 seconds left.\n|\n|t:|1775960750\n|detailschange|p1b: Excadrill|Excadrill-Mega, L50, M\n|-mega|p1b: Excadrill|Excadrill|Excadrite\n|move|p2a: Froslass|Protect|p2a: Froslass\n|-singleturn|p2a: Froslass|Protect\n|move|p1b: Excadrill|Iron Head|p2a: Froslass\n|-supereffective|p2a: Froslass|1\n|-damage|p2a: Froslass|71/100\n|move|p1a: Tyranitar|Low Kick|p2b: Orthworm\n|-supereffective|p2b: Orthworm|1\n|-damage|p2b: Orthworm|0 fnt\n|faint|p2b: Orthworm\n|\n|-weather|Snowscape|[upkeep]\n|upkeep\n|\n|t:|1775960762\n|switch|p2b: Empoleon|Empoleon, L50, F, shiny|100/100\n|turn|7\n|\n|t:|1775960778\n|move|p2a: Froslass|Protect|p2a: Froslass\n|-singleturn|p2a: Froslass|Protect\n|move|p1b: Excadrill|Iron Head|p2a: Froslass\n|-supereffective|p2a: Froslass|1\n|-damage|p2a: Froslass|45/100\n|move|p1a: Tyranitar|Low Kick|p2b: Empoleon\n|-supereffective|p2b: Empoleon|1\n|-damage|p2b: Empoleon|28/100\n|move|p2b: Empoleon|Blizzard|p1a: Tyranitar|[spread] p1a,p1b\n|-crit|p1a: Tyranitar\n|-damage|p1a: Tyranitar|52/100\n|-damage|p1b: Excadrill|40/100\n|\n|-weather|Snowscape|[upkeep]\n|-heal|p1a: Tyranitar|59/100|[from] item: Leftovers\n|upkeep\n|turn|8\n|\n|t:|1775960798\n|move|p2a: Froslass|Blizzard|p1a: Tyranitar|[spread] p1a,p1b\n|-damage|p1a: Tyranitar|16/100\n|-damage|p1b: Excadrill|0 fnt\n|faint|p1b: Excadrill\n|move|p1a: Tyranitar|Low Kick|p2b: Empoleon\n|-supereffective|p2b: Empoleon|1\n|-damage|p2b: Empoleon|0 fnt\n|faint|p2b: Empoleon\n|\n|-weather|Snowscape|[upkeep]\n|-heal|p1a: Tyranitar|23/100|[from] item: Leftovers\n|upkeep\n|turn|9\n|\n|t:|1775960807\n|move|p2a: Froslass|Blizzard|p1a: Tyranitar\n|-damage|p1a: Tyranitar|0 fnt\n|faint|p1a: Tyranitar\n|\n|win|Natanael540\n|raw|slurpysigma's rating: 1046 &rarr; <strong>1027</strong><br />(-19 for losing)\n|raw|Natanael540's rating: 1000 &rarr; <strong>1045</strong><br />(+45 for winning)\n",
  "uploadtime": 1775960807,
  "views": 10,
  "formatid": "gen9championsvgc2026regma",
  "rating": 1027,
  "private": 0,
  "password": null
}