{
  "id": "gen9championsvgc2026regma-2584053405",
  "format": "[Gen 9 Champions] VGC 2026 Reg M-A",
  "players": [
    "Noone123456789",
    "thealex610"
  ],
  "log": "|j|\u2606Noone123456789\n|j|\u2606thealex610\n|t:|1776220501\n|gametype|doubles\n|player|p1|Noone123456789|265|1201\n|player|p2|thealex610|265|1162\n|gen|9\n|tier|[Gen 9 Champions] VGC 2026 Reg M-A\n|rated|\n|rule|Species Clause: Limit one of each Pok\u00e9mon\n|rule|Item Clause: Limit 1 of each item\n|clearpoke\n|poke|p1|Charizard, L50, F|\n|poke|p1|Venusaur, L50, M|\n|poke|p1|Garchomp, L50, M|\n|poke|p1|Rotom-Wash, L50|\n|poke|p1|Sneasler, L50, F|\n|poke|p1|Incineroar, L50, F|\n|poke|p2|Sneasler, L50, M|\n|poke|p2|Talonflame, L50, F|\n|poke|p2|Milotic, L50, F|\n|poke|p2|Aegislash, L50, F|\n|poke|p2|Scizor, L50, F|\n|poke|p2|Tyranitar, L50, F|\n|teampreview|4\n|inactive|Battle timer is ON: inactive players will automatically lose when time's up. (requested by Noone123456789)\n|inactive|Noone123456789 has 60 seconds left.\n|inactive|thealex610 has 60 seconds left.\n|inactive|Noone123456789 has 30 seconds left.\n|inactive|Noone123456789 has 20 seconds left.\n|inactive|Noone123456789 has 15 seconds left.\n|inactive|Noone123456789 has 10 seconds left.\n|inactive|thealex610 also wants the timer to be on.\n|inactive|Noone123456789 has 5 seconds left.\n|\n|t:|1776220588\n|teamsize|p1|4\n|teamsize|p2|4\n|start\n|switch|p1a: Rotom|Rotom-Wash, L50|100/100\n|switch|p1b: Sneasler|Sneasler, L50, F|100/100\n|switch|p2a: Sneasler|Sneasler, L50, M|100/100\n|switch|p2b: Milotic|Milotic, L50, F|100/100\n|turn|1\n|\n|t:|1776220611\n|move|p2b: Milotic|Protect|p2b: Milotic\n|-singleturn|p2b: Milotic|Protect\n|move|p1b: Sneasler|Fake Out|p2a: Sneasler\n|-damage|p2a: Sneasler|77/100\n|cant|p2a: Sneasler|flinch\n|move|p1a: Rotom|Will-O-Wisp|p2a: Sneasler|[miss]\n|-miss|p1a: Rotom|p2a: Sneasler\n|\n|upkeep\n|turn|2\n|inactive|Noone123456789 has 30 seconds left.\n|inactive|thealex610 has 30 seconds left.\n|\n|t:|1776220639\n|move|p1b: Sneasler|Close Combat|p2a: Sneasler\n|-resisted|p2a: Sneasler|1\n|-damage|p2a: Sneasler|19/100\n|-unboost|p1b: Sneasler|def|1\n|-unboost|p1b: Sneasler|spd|1\n|-enditem|p1b: Sneasler|White Herb\n|-clearnegativeboost|p1b: Sneasler|[silent]\n|move|p2a: Sneasler|Close Combat|p1a: Rotom\n|-damage|p1a: Rotom|39/100\n|-unboost|p2a: Sneasler|def|1\n|-unboost|p2a: Sneasler|spd|1\n|-enditem|p2a: Sneasler|White Herb\n|-clearnegativeboost|p2a: Sneasler|[silent]\n|move|p2b: Milotic|Scald|p1b: Sneasler\n|-damage|p1b: Sneasler|54/100\n|move|p1a: Rotom|Will-O-Wisp|p2a: Sneasler\n|-status|p2a: Sneasler|brn\n|\n|-heal|p1a: Rotom|44/100|[from] item: Leftovers\n|-damage|p2a: Sneasler|13/100 brn|[from] brn\n|upkeep\n|turn|3\n|inactive|Noone123456789 has 30 seconds left.\n|inactive|thealex610 has 30 seconds left.\n|inactive|Noone123456789 has 20 seconds left.\n|\n|t:|1776220679\n|switch|p1b: Incineroar|Incineroar, L50, F|100/100\n|-ability|p1b: Incineroar|Intimidate|boost\n|-unboost|p2a: Sneasler|atk|1\n|-unboost|p2b: Milotic|atk|1\n|-ability|p2b: Milotic|Competitive|boost\n|-boost|p2b: Milotic|spa|2\n|switch|p2a: Scizor|Scizor, L50, F, shiny|100/100\n|move|p2b: Milotic|Icy Wind|p1a: Rotom|[spread] p1a,p1b\n|-resisted|p1a: Rotom|1\n|-resisted|p1b: Incineroar|1\n|-damage|p1a: Rotom|33/100\n|-damage|p1b: Incineroar|89/100\n|-unboost|p1a: Rotom|spe|1\n|-unboost|p1b: Incineroar|spe|1\n|move|p1a: Rotom|Thunderbolt|p2b: Milotic\n|-supereffective|p2b: Milotic|1\n|-damage|p2b: Milotic|36/100\n|\n|-heal|p1a: Rotom|39/100|[from] item: Leftovers\n|upkeep\n|turn|4\n|inactive|thealex610 has 30 seconds left.\n|\n|t:|1776220711\n|move|p2b: Milotic|Protect|p2b: Milotic\n|-singleturn|p2b: Milotic|Protect\n|move|p2a: Scizor|Protect|p2a: Scizor\n|-singleturn|p2a: Scizor|Protect\n|move|p1b: Incineroar|Fake Out|p2a: Scizor\n|-activate|p2a: Scizor|move: Protect\n|move|p1a: Rotom|Will-O-Wisp|p2a: Scizor\n|-activate|p2a: Scizor|move: Protect\n|\n|-heal|p1a: Rotom|44/100|[from] item: Leftovers\n|upkeep\n|turn|5\n|inactive|Noone123456789 has 30 seconds left.\n|inactive|Noone123456789 has 20 seconds left.\n|inactive|Noone123456789 has 15 seconds left.\n|inactive|Noone123456789 has 10 seconds left.\n|inactive|Noone123456789 has 5 seconds left.\n|\n|t:|1776220765\n|detailschange|p2a: Scizor|Scizor-Mega, L50, F, shiny\n|-mega|p2a: Scizor|Scizor|Scizorite\n|move|p2b: Milotic|Scald|p1b: Incineroar\n|-supereffective|p1b: Incineroar|1\n|-damage|p1b: Incineroar|0 fnt\n|faint|p1b: Incineroar\n|move|p2a: Scizor|Dual Wingbeat|p1a: Rotom\n|-resisted|p1a: Rotom|1\n|-damage|p1a: Rotom|34/100\n|-resisted|p1a: Rotom|1\n|-crit|p1a: Rotom\n|-damage|p1a: Rotom|19/100\n|-hitcount|p1a: Rotom|2\n|move|p1a: Rotom|Thunderbolt|p2b: Milotic\n|-supereffective|p2b: Milotic|1\n|-damage|p2b: Milotic|0 fnt\n|faint|p2b: Milotic\n|\n|-heal|p1a: Rotom|25/100|[from] item: Leftovers\n|upkeep\n|\n|t:|1776220781\n|switch|p2b: Tyranitar|Tyranitar, L50, F|100/100\n|switch|p1b: Sneasler|Sneasler, L50, F|54/100\n|-weather|Sandstorm|[from] ability: Sand Stream|[of] p2b: Tyranitar\n|turn|6\n|inactive|thealex610 has 30 seconds left.\n|\n|t:|1776220816\n|switch|p1a: Garchomp|Garchomp, L50, M|100/100\n|move|p2b: Tyranitar|Protect|p2b: Tyranitar\n|-singleturn|p2b: Tyranitar|Protect\n|move|p1b: Sneasler|Fake Out|p2a: Scizor\n|-resisted|p2a: Scizor|1\n|-crit|p2a: Scizor\n|-damage|p2a: Scizor|90/100\n|cant|p2a: Scizor|flinch\n|\n|-weather|Sandstorm|[upkeep]\n|-damage|p1b: Sneasler|49/100|[from] Sandstorm\n|upkeep\n|turn|7\n|\n|t:|1776220835\n|switch|p1b: Rotom|Rotom-Wash, L50|25/100\n|move|p1a: Garchomp|Bulldoze|p2b: Tyranitar|[spread] p2a,p2b\n|-immune|p1b: Rotom|[from] ability: Levitate\n|-supereffective|p2b: Tyranitar|1\n|-damage|p2a: Scizor|67/100\n|-damage|p2b: Tyranitar|55/100\n|-unboost|p2a: Scizor|spe|1\n|-unboost|p2b: Tyranitar|spe|1\n|move|p2a: Scizor|Dual Wingbeat|p1b: Rotom|[miss]\n|-miss|p2a: Scizor|p1b: Rotom\n|move|p2b: Tyranitar|Knock Off|p1a: Garchomp\n|-damage|p1a: Garchomp|43/100\n|-damage|p2b: Tyranitar|43/100|[from] ability: Rough Skin|[of] p1a: Garchomp\n|-enditem|p1a: Garchomp|Choice Scarf|[from] move: Knock Off|[of] p2b: Tyranitar\n|\n|-weather|Sandstorm|[upkeep]\n|-damage|p1b: Rotom|19/100|[from] Sandstorm\n|-heal|p1b: Rotom|25/100|[from] item: Leftovers\n|upkeep\n|turn|8\n|inactive|Noone123456789 has 30 seconds left.\n|inactive|thealex610 has 30 seconds left.\n|inactive|Noone123456789 has 20 seconds left.\n|\n|t:|1776220875\n|move|p2a: Scizor|Protect|p2a: Scizor\n|-singleturn|p2a: Scizor|Protect\n|move|p1a: Garchomp|Earthquake|p2a: Scizor|[spread] p2b\n|-activate|p2a: Scizor|move: Protect\n|-immune|p1b: Rotom|[from] ability: Levitate\n|-supereffective|p2b: Tyranitar|1\n|-damage|p2b: Tyranitar|0 fnt\n|faint|p2b: Tyranitar\n|move|p1b: Rotom|Thunderbolt|p2a: Scizor\n|-activate|p2a: Scizor|move: Protect\n|\n|-weather|Sandstorm|[upkeep]\n|-damage|p1b: Rotom|19/100|[from] Sandstorm\n|-heal|p1b: Rotom|25/100|[from] item: Leftovers\n|upkeep\n|\n|t:|1776220889\n|switch|p2b: Sneasler|Sneasler, L50, M|13/100 brn\n|turn|9\n|inactive|Noone123456789 has 30 seconds left.\n|inactive|Noone123456789 has 20 seconds left.\n|\n|t:|1776220928\n|move|p2b: Sneasler|Fake Out|p1a: Garchomp\n|-damage|p1a: Garchomp|36/100\n|-damage|p2b: Sneasler|0 fnt|[from] ability: Rough Skin|[of] p1a: Garchomp\n|faint|p2b: Sneasler\n|move|p2a: Scizor|Bullet Punch|p1b: Rotom\n|-resisted|p1b: Rotom|2\n|-damage|p1b: Rotom|18/100\n|cant|p1a: Garchomp|flinch\n|move|p1b: Rotom|Will-O-Wisp|p2a: Scizor\n|-status|p2a: Scizor|brn\n|\n|-weather|Sandstorm|[upkeep]\n|-damage|p1b: Rotom|12/100|[from] Sandstorm\n|-heal|p1b: Rotom|18/100|[from] item: Leftovers\n|-damage|p2a: Scizor|61/100 brn|[from] brn\n|upkeep\n|turn|10\n|\n|t:|1776220948\n|move|p1a: Garchomp|Earthquake|p2a: Scizor|[spread] p2a\n|-immune|p1b: Rotom|[from] ability: Levitate\n|-crit|p2a: Scizor\n|-damage|p2a: Scizor|7/100 brn\n|move|p1b: Rotom|Thunderbolt|p2a: Scizor\n|-damage|p2a: Scizor|0 fnt\n|faint|p2a: Scizor\n|\n|win|Noone123456789\n|raw|Noone123456789's rating: 1201 &rarr; <strong>1223</strong><br />(+22 for winning)\n|raw|thealex610's rating: 1162 &rarr; <strong>1140</strong><br />(-22 for losing)\n|l|\u2606Noone123456789\n|player|p1|\n",
  "uploadtime": 1776220960,
  "views": 23,
  "formatid": "gen9championsvgc2026regma",
  "rating": 1140,
  "private": 0,
  "password": null
}