{
  "id": "gen9championsvgc2026regma-2580883648",
  "format": "[Gen 9 Champions] VGC 2026 Reg M-A",
  "players": [
    "Arisxdd",
    "OrugaVeluga"
  ],
  "log": "|j|\u2606Arisxdd\n|j|\u2606OrugaVeluga\n|t:|1775940340\n|gametype|doubles\n|player|p1|Arisxdd|265|1093\n|player|p2|OrugaVeluga|265|1061\n|gen|9\n|tier|[Gen 9 Champions] VGC 2026 Reg M-A\n|rated|\n|rule|Species Clause: Limit one of each Pok\u00e9mon\n|rule|Item Clause: Limit 1 of each item\n|clearpoke\n|poke|p1|Incineroar, L50, M|\n|poke|p1|Archaludon, L50, M|\n|poke|p1|Sinistcha, L50|\n|poke|p1|Pelipper, L50, M|\n|poke|p1|Basculegion, L50, M|\n|poke|p1|Floette-Eternal, L50, F|\n|poke|p2|Farigiraf, L50, F|\n|poke|p2|Kingambit, L50, F|\n|poke|p2|Chesnaught, L50, M|\n|poke|p2|Primarina, L50, F|\n|poke|p2|Torkoal, L50, M|\n|poke|p2|Beedrill, L50, F|\n|teampreview|4\n|inactive|Battle timer is ON: inactive players will automatically lose when time's up. (requested by Arisxdd)\n|\n|t:|1775940359\n|teamsize|p1|4\n|teamsize|p2|4\n|start\n|switch|p1a: Incineroar|Incineroar, L50, M|100/100\n|switch|p1b: Pelipper|Pelipper, L50, M|100/100\n|switch|p2a: Farigiraf|Farigiraf, L50, F|100/100\n|switch|p2b: Beedrill|Beedrill, L50, F|100/100\n|-weather|RainDance|[from] ability: Drizzle|[of] p1b: Pelipper\n|-ability|p1a: Incineroar|Intimidate|boost\n|-unboost|p2a: Farigiraf|atk|1\n|-unboost|p2b: Beedrill|atk|1\n|turn|1\n|inactive|OrugaVeluga has 30 seconds left.\n|\n|t:|1775940387\n|move|p1a: Incineroar|Fake Out||[still]\n|cant|p2a: Farigiraf|ability: Armor Tail|Fake Out|[of] p1a: Incineroar\n|move|p2b: Beedrill|Drill Run|p1a: Incineroar\n|-supereffective|p1a: Incineroar|1\n|-damage|p1a: Incineroar|73/100\n|move|p1b: Pelipper|Hurricane|p2b: Beedrill\n|-supereffective|p2b: Beedrill|1\n|-damage|p2b: Beedrill|0 fnt\n|faint|p2b: Beedrill\n|move|p2a: Farigiraf|Trick Room|p2a: Farigiraf\n|-fieldstart|move: Trick Room|[of] p2a: Farigiraf\n|\n|-weather|RainDance|[upkeep]\n|upkeep\n|\n|t:|1775940395\n|switch|p2b: Torkoal|Torkoal, L50, M|100/100\n|-weather|SunnyDay|[from] ability: Drought|[of] p2b: Torkoal\n|turn|2\n|\n|t:|1775940420\n|switch|p2a: Chesnaught|Chesnaught, L50, M|100/100\n|switch|p1b: Basculegion|Basculegion, L50, M|100/100\n|move|p2b: Torkoal|Eruption|p1a: Incineroar|[spread] p1a,p1b\n|-resisted|p1a: Incineroar|1\n|-resisted|p1b: Basculegion|1\n|-damage|p1a: Incineroar|33/100\n|-damage|p1b: Basculegion|55/100\n|-enditem|p1a: Incineroar|Sitrus Berry|[eat]\n|-heal|p1a: Incineroar|58/100|[from] item: Sitrus Berry\n|move|p1a: Incineroar|Darkest Lariat|p2a: Chesnaught\n|-resisted|p2a: Chesnaught|1\n|-damage|p2a: Chesnaught|86/100\n|\n|-weather|SunnyDay|[upkeep]\n|upkeep\n|turn|3\n|inactive|Arisxdd has 30 seconds left.\n|inactive|OrugaVeluga has 30 seconds left.\n|\n|t:|1775940447\n|switch|p2b: Farigiraf|Farigiraf, L50, F|100/100\n|move|p2a: Chesnaught|Spiky Shield|p2a: Chesnaught\n|-singleturn|p2a: Chesnaught|move: Protect\n|move|p1a: Incineroar|Parting Shot|p2b: Farigiraf\n|-unboost|p2b: Farigiraf|atk|1\n|-unboost|p2b: Farigiraf|spa|1\n|\n|t:|1775940457\n|switch|p1a: Floette|Floette-Eternal, L50, F|100/100|[from] Parting Shot\n|move|p1b: Basculegion|Wave Crash|p2b: Farigiraf\n|-damage|p2b: Farigiraf|75/100\n|-damage|p1b: Basculegion|46/100|[from] Recoil\n|\n|-weather|SunnyDay|[upkeep]\n|upkeep\n|turn|4\n|inactive|OrugaVeluga has 30 seconds left.\n|\n|t:|1775940490\n|switch|p1b: Incineroar|Incineroar, L50, M|58/100\n|-ability|p1b: Incineroar|Intimidate|boost\n|-unboost|p2a: Chesnaught|atk|1\n|-unboost|p2b: Farigiraf|atk|1\n|detailschange|p2a: Chesnaught|Chesnaught-Mega, L50, M\n|-mega|p2a: Chesnaught|Chesnaught|Chesnaughtite\n|detailschange|p1a: Floette|Floette-Mega, L50, F\n|-mega|p1a: Floette|Floette|Floettite\n|-ability|p1a: Floette|Fairy Aura\n|move|p2a: Chesnaught|Leech Seed|p1b: Incineroar\n|-start|p1b: Incineroar|move: Leech Seed\n|move|p2b: Farigiraf|Psychic|p1a: Floette\n|-damage|p1a: Floette|84/100\n|move|p1a: Floette|Dazzling Gleam|p2a: Chesnaught|[spread] p2a,p2b\n|-supereffective|p2a: Chesnaught|1\n|-damage|p2a: Chesnaught|5/100\n|-damage|p2b: Farigiraf|30/100\n|\n|-weather|SunnyDay|[upkeep]\n|-damage|p1b: Incineroar|45/100|[from] Leech Seed|[of] p2a: Chesnaught\n|-heal|p2a: Chesnaught|17/100|[silent]\n|upkeep\n|turn|5\n|\n|t:|1775940513\n|move|p2a: Chesnaught|Body Press|p1a: Floette\n|-resisted|p1a: Floette|1\n|-damage|p1a: Floette|47/100\n|move|p1b: Incineroar|Darkest Lariat|p2b: Farigiraf\n|-supereffective|p2b: Farigiraf|1\n|-damage|p2b: Farigiraf|0 fnt\n|faint|p2b: Farigiraf\n|move|p1a: Floette|Dazzling Gleam|p2a: Chesnaught\n|-supereffective|p2a: Chesnaught|1\n|-damage|p2a: Chesnaught|0 fnt\n|faint|p2a: Chesnaught\n|\n|-weather|SunnyDay|[upkeep]\n|-fieldend|move: Trick Room\n|upkeep\n|\n|t:|1775940520\n|switch|p2b: Torkoal|Torkoal, L50, M|100/100\n|turn|6\n|\n|t:|1775940534\n|move|p1a: Floette|Moonblast|p2b: Torkoal\n|-resisted|p2b: Torkoal|1\n|-crit|p2b: Torkoal\n|-damage|p2b: Torkoal|16/100\n|move|p1b: Incineroar|Parting Shot|p2b: Torkoal\n|-unboost|p2b: Torkoal|atk|1\n|-unboost|p2b: Torkoal|spa|1\n|\n|t:|1775940540\n|switch|p1b: Pelipper|Pelipper, L50, M|100/100|[from] Parting Shot\n|-weather|RainDance|[from] ability: Drizzle|[of] p1b: Pelipper\n|move|p2b: Torkoal|Eruption|p1a: Floette|[spread] p1a,p1b\n|-crit|p1a: Floette\n|-resisted|p1b: Pelipper|1\n|-damage|p1a: Floette|45/100\n|-damage|p1b: Pelipper|98/100\n|\n|-weather|RainDance|[upkeep]\n|upkeep\n|turn|7\n|-message|OrugaVeluga forfeited.\n|\n|win|Arisxdd\n|raw|Arisxdd's rating: 1093 &rarr; <strong>1117</strong><br />(+24 for winning)\n|raw|OrugaVeluga's rating: 1061 &rarr; <strong>1044</strong><br />(-17 for losing)\n",
  "uploadtime": 1775940547,
  "views": 19,
  "formatid": "gen9championsvgc2026regma",
  "rating": 1044,
  "private": 0,
  "password": null
}