{
  "id": "gen9championsvgc2026regma-2582548285",
  "format": "[Gen 9 Champions] VGC 2026 Reg M-A",
  "players": [
    "RijdendeRechter",
    "MinasDevilCrobats"
  ],
  "log": "|j|\u2606RijdendeRechter\n|j|\u2606MinasDevilCrobats\n|t:|1776098660\n|gametype|doubles\n|player|p1|RijdendeRechter|roughneck-gen4|1423\n|player|p2|MinasDevilCrobats|darach-caitlin|1399\n|gen|9\n|tier|[Gen 9 Champions] VGC 2026 Reg M-A\n|rated|\n|rule|Species Clause: Limit one of each Pok\u00e9mon\n|rule|Item Clause: Limit 1 of each item\n|clearpoke\n|poke|p1|Chesnaught, L50, M|\n|poke|p1|Slowking-Galar, L50, M|\n|poke|p1|Incineroar, L50, M|\n|poke|p1|Ninetales-Alola, L50, M|\n|poke|p1|Kleavor, L50, M|\n|poke|p1|Aegislash, L50, F|\n|poke|p2|Primarina, L50, F|\n|poke|p2|Sinistcha, L50|\n|poke|p2|Sneasler, L50, M|\n|poke|p2|Incineroar, L50, F|\n|poke|p2|Glimmora, L50, F|\n|poke|p2|Basculegion, L50, M|\n|teampreview|4\n|j| DEAD_BURG\n|inactive|Battle timer is ON: inactive players will automatically lose when time's up. (requested by RijdendeRechter)\n|\n|t:|1776098700\n|teamsize|p1|4\n|teamsize|p2|4\n|start\n|switch|p1a: Chesnaught|Chesnaught, L50, M|100/100\n|switch|p1b: Incineroar|Incineroar, L50, M|100/100\n|switch|p2a: Incineroar|Incineroar, L50, F|100/100\n|switch|p2b: Basculegion|Basculegion, L50, M|100/100\n|-ability|p2a: Incineroar|Intimidate|boost\n|-unboost|p1a: Chesnaught|atk|1\n|-unboost|p1b: Incineroar|atk|1\n|-ability|p1b: Incineroar|Intimidate|boost\n|-unboost|p2a: Incineroar|atk|1\n|-unboost|p2b: Basculegion|atk|1\n|turn|1\n|inactive|RijdendeRechter has 30 seconds left.\n|inactive|RijdendeRechter has 20 seconds left.\n|inactive|RijdendeRechter has 15 seconds left.\n|\n|t:|1776098743\n|detailschange|p1a: Chesnaught|Chesnaught-Mega, L50, M\n|-mega|p1a: Chesnaught|Chesnaught|Chesnaughtite\n|move|p1b: Incineroar|Fake Out|p2a: Incineroar\n|-damage|p2a: Incineroar|94/100\n|move|p2b: Basculegion|Wave Crash|p1b: Incineroar\n|-supereffective|p1b: Incineroar|1\n|-damage|p1b: Incineroar|1/100\n|-enditem|p1b: Incineroar|Sitrus Berry|[eat]\n|-heal|p1b: Incineroar|26/100|[from] item: Sitrus Berry\n|-damage|p2b: Basculegion|67/100|[from] Recoil\n|cant|p2a: Incineroar|flinch\n|move|p1a: Chesnaught|Wood Hammer|p2b: Basculegion\n|-supereffective|p2b: Basculegion|1\n|-damage|p2b: Basculegion|0 fnt\n|faint|p2b: Basculegion\n|-damage|p1a: Chesnaught|78/100|[from] Recoil\n|\n|upkeep\n|\n|t:|1776098763\n|switch|p2b: Primarina|Primarina, L50, F|100/100\n|turn|2\n|j| underfoot2\n|\n|t:|1776098783\n|move|p2b: Primarina|Protect|p2b: Primarina\n|-singleturn|p2b: Primarina|Protect\n|move|p2a: Incineroar|Parting Shot|p1b: Incineroar\n|-unboost|p1b: Incineroar|atk|1\n|-unboost|p1b: Incineroar|spa|1\n|\n|t:|1776098788\n|switch|p2a: Sinistcha|Sinistcha, L50|100/100|[from] Parting Shot\n|move|p1b: Incineroar|Parting Shot|p2b: Primarina\n|-activate|p2b: Primarina|move: Protect\n|move|p1a: Chesnaught|Wood Hammer|p2b: Primarina\n|-activate|p2b: Primarina|move: Protect\n|\n|upkeep\n|turn|3\n|\n|t:|1776098811\n|switch|p1a: Aegislash|Aegislash, L50, F|100/100\n|move|p2a: Sinistcha|Rage Powder|p2a: Sinistcha\n|-singleturn|p2a: Sinistcha|move: Rage Powder\n|move|p1b: Incineroar|Parting Shot|p2a: Sinistcha\n|-unboost|p2a: Sinistcha|atk|1\n|-unboost|p2a: Sinistcha|spa|1\n|inactive|RijdendeRechter has 30 seconds left.\n|inactive|RijdendeRechter has 20 seconds left.\n|inactive|RijdendeRechter has 15 seconds left.\n|inactive|RijdendeRechter has 10 seconds left.\n|inactive|RijdendeRechter has 5 seconds left.\n|\n|t:|1776098861\n|switch|p1b: Chesnaught|Chesnaught-Mega, L50, M|78/100|[from] Parting Shot\n|move|p2b: Primarina|Calm Mind|p2b: Primarina\n|-boost|p2b: Primarina|spa|1\n|-boost|p2b: Primarina|spd|1\n|\n|upkeep\n|turn|4\n|\n|t:|1776098872\n|switch|p2a: Incineroar|Incineroar, L50, F|94/100\n|-ability|p2a: Incineroar|Intimidate|boost\n|-unboost|p1a: Aegislash|atk|1\n|-unboost|p1b: Chesnaught|atk|1\n|switch|p1b: Slowking|Slowking-Galar, L50, M|100/100\n|move|p2b: Primarina|Draining Kiss|p1b: Slowking\n|-resisted|p1b: Slowking|1\n|-damage|p1b: Slowking|88/100\n|-formechange|p1a: Aegislash|Aegislash-Blade|\n|move|p1a: Aegislash|Poltergeist|p2a: Incineroar\n|-activate|p2a: Incineroar|move: Poltergeist|Chople Berry\n|-resisted|p2a: Incineroar|1\n|-damage|p2a: Incineroar|74/100\n|\n|upkeep\n|turn|5\n|\n|t:|1776098889\n|switch|p1a: Incineroar|Incineroar, L50, M|26/100\n|-ability|p1a: Incineroar|Intimidate|boost\n|-unboost|p2a: Incineroar|atk|1\n|-unboost|p2b: Primarina|atk|1\n|move|p2a: Incineroar|Darkest Lariat|p1b: Slowking\n|-supereffective|p1b: Slowking|1\n|-damage|p1b: Slowking|49/100\n|move|p2b: Primarina|Hyper Voice|p1a: Incineroar|[spread] p1a,p1b\n|-supereffective|p1a: Incineroar|1\n|-damage|p1a: Incineroar|0 fnt\n|-damage|p1b: Slowking|20/100\n|faint|p1a: Incineroar\n|move|p1b: Slowking|Trick Room|p1b: Slowking\n|-fieldstart|move: Trick Room|[of] p1b: Slowking\n|\n|upkeep\n|\n|t:|1776098901\n|switch|p1a: Chesnaught|Chesnaught-Mega, L50, M|78/100\n|turn|6\n|\n|t:|1776098911\n|move|p2b: Primarina|Protect|p2b: Primarina\n|-singleturn|p2b: Primarina|Protect\n|-prepare|p1b: Slowking|Chilly Reception|[premajor]\n|move|p1b: Slowking|Chilly Reception|p1b: Slowking\n|-weather|Snowscape\n|\n|t:|1776098913\n|switch|p1b: Aegislash|Aegislash, L50, F|100/100|[from] Chilly Reception\n|move|p1a: Chesnaught|Wood Hammer|p2b: Primarina\n|-activate|p2b: Primarina|move: Protect\n|move|p2a: Incineroar|Flare Blitz|p1a: Chesnaught\n|-supereffective|p1a: Chesnaught|1\n|-damage|p1a: Chesnaught|50/100\n|-damage|p2a: Incineroar|64/100|[from] Recoil\n|\n|-weather|Snowscape|[upkeep]\n|upkeep\n|turn|7\n|\n|t:|1776098932\n|move|p1a: Chesnaught|Wood Hammer|p2b: Primarina\n|-supereffective|p2b: Primarina|1\n|-damage|p2b: Primarina|0 fnt\n|faint|p2b: Primarina\n|-damage|p1a: Chesnaught|18/100|[from] Recoil\n|-formechange|p1b: Aegislash|Aegislash-Blade|\n|move|p1b: Aegislash|Poltergeist|p2a: Incineroar|[miss]\n|-miss|p1b: Aegislash|p2a: Incineroar\n|move|p2a: Incineroar|Darkest Lariat|p1b: Aegislash\n|-supereffective|p1b: Aegislash|1\n|-damage|p1b: Aegislash|20/100\n|\n|-weather|Snowscape|[upkeep]\n|-heal|p1b: Aegislash|26/100|[from] item: Leftovers\n|upkeep\n|\n|t:|1776098941\n|switch|p2b: Sinistcha|Sinistcha, L50|100/100\n|-heal|p2a: Incineroar|89/100|[from] ability: Hospitality|[of] p2b: Sinistcha\n|turn|8\n|\n|t:|1776098953\n|move|p1a: Chesnaught|Spiky Shield|p1a: Chesnaught\n|-singleturn|p1a: Chesnaught|move: Protect\n|-formechange|p1b: Aegislash|Aegislash|\n|move|p1b: Aegislash|King's Shield|p1b: Aegislash\n|-singleturn|p1b: Aegislash|Protect\n|move|p2b: Sinistcha|Matcha Gotcha|p1a: Chesnaught|[spread] \n|-activate|p1a: Chesnaught|move: Protect\n|-activate|p1b: Aegislash|move: Protect\n|move|p2a: Incineroar|Darkest Lariat|p1b: Aegislash\n|-activate|p1b: Aegislash|move: Protect\n|-unboost|p2a: Incineroar|atk|1\n|\n|-weather|Snowscape|[upkeep]\n|-heal|p1b: Aegislash|32/100|[from] item: Leftovers\n|upkeep\n|turn|9\n|\n|t:|1776098970\n|switch|p1a: Slowking|Slowking-Galar, L50, M|53/100\n|-formechange|p1b: Aegislash|Aegislash-Blade|\n|move|p1b: Aegislash|Poltergeist|p2b: Sinistcha\n|-activate|p2b: Sinistcha|move: Poltergeist|Sitrus Berry\n|-supereffective|p2b: Sinistcha|1\n|-damage|p2b: Sinistcha|0 fnt\n|faint|p2b: Sinistcha\n|move|p2a: Incineroar|Flare Blitz|p1b: Aegislash\n|-supereffective|p1b: Aegislash|1\n|-damage|p1b: Aegislash|0 fnt\n|faint|p1b: Aegislash\n|-damage|p2a: Incineroar|80/100|[from] Recoil\n|\n|-weather|Snowscape|[upkeep]\n|-fieldend|move: Trick Room\n|upkeep\n|\n|t:|1776098980\n|switch|p1b: Chesnaught|Chesnaught-Mega, L50, M|18/100\n|turn|10\n|\n|t:|1776098987\n|move|p2a: Incineroar|Darkest Lariat|p1a: Slowking\n|-supereffective|p1a: Slowking|1\n|-crit|p1a: Slowking\n|-damage|p1a: Slowking|0 fnt\n|faint|p1a: Slowking\n|move|p1b: Chesnaught|Leech Seed|p2a: Incineroar\n|-start|p2a: Incineroar|move: Leech Seed\n|\n|-weather|none\n|-damage|p2a: Incineroar|68/100|[from] Leech Seed|[of] p1b: Chesnaught\n|-heal|p1b: Chesnaught|30/100|[silent]\n|upkeep\n|turn|11\n|j| UltimatheoryPK\n|\n|t:|1776098995\n|move|p1b: Chesnaught|Spiky Shield|p1b: Chesnaught\n|-singleturn|p1b: Chesnaught|move: Protect\n|move|p2a: Incineroar|Parting Shot|p1b: Chesnaught\n|-activate|p1b: Chesnaught|move: Protect\n|\n|-damage|p2a: Incineroar|56/100|[from] Leech Seed|[of] p1b: Chesnaught\n|-heal|p1b: Chesnaught|42/100|[silent]\n|upkeep\n|turn|12\n|\n|t:|1776099001\n|move|p2a: Incineroar|Flare Blitz|p1b: Chesnaught\n|-supereffective|p1b: Chesnaught|1\n|-damage|p1b: Chesnaught|20/100\n|-damage|p2a: Incineroar|49/100|[from] Recoil\n|move|p1b: Chesnaught|Body Press|p2a: Incineroar\n|-supereffective|p2a: Incineroar|1\n|-enditem|p2a: Incineroar|Chople Berry|[eat]\n|-enditem|p2a: Incineroar|Chople Berry|[weaken]\n|-damage|p2a: Incineroar|0 fnt\n|faint|p2a: Incineroar\n|\n|win|RijdendeRechter\n|raw|RijdendeRechter's rating: 1423 &rarr; <strong>1442</strong><br />(+19 for winning)\n|raw|MinasDevilCrobats's rating: 1399 &rarr; <strong>1380</strong><br />(-19 for losing)\n",
  "uploadtime": 1776099009,
  "views": 44,
  "formatid": "gen9championsvgc2026regma",
  "rating": 1380,
  "private": 0,
  "password": null
}