{
  "id": "gen9championsvgc2026regma-2581408761",
  "format": "[Gen 9 Champions] VGC 2026 Reg M-A",
  "players": [
    "Digga D2.0",
    "Shep1818"
  ],
  "log": "|j|\u2606Digga D2.0\n|j|\u2606Shep1818\n|t:|1775997394\n|gametype|doubles\n|player|p1|Digga D2.0|266|1179\n|player|p2|Shep1818|101|1109\n|gen|9\n|tier|[Gen 9 Champions] VGC 2026 Reg M-A\n|rated|\n|rule|Species Clause: Limit one of each Pok\u00e9mon\n|rule|Item Clause: Limit 1 of each item\n|clearpoke\n|poke|p1|Pelipper, L50, M|\n|poke|p1|Archaludon, L50, M|\n|poke|p1|Dragonite, L50, M|\n|poke|p1|Sneasler, L50, M|\n|poke|p1|Basculegion, L50, M|\n|poke|p1|Incineroar, L50, M|\n|poke|p2|Meganium, L50, F|\n|poke|p2|Archaludon, L50, F|\n|poke|p2|Glimmora, L50, F|\n|poke|p2|Pelipper, L50, M|\n|poke|p2|Incineroar, L50, M|\n|poke|p2|Basculegion, L50, M|\n|teampreview|4\n|\n|t:|1775997422\n|teamsize|p1|4\n|teamsize|p2|4\n|start\n|switch|p1a: Poppin|Pelipper, L50, M|100/100\n|switch|p1b: OnThaLine|Dragonite, L50, M, shiny|100/100\n|switch|p2a: Pelipper|Pelipper, L50, M|100/100\n|switch|p2b: Archaludon|Archaludon, L50, F|100/100\n|-weather|RainDance|[from] ability: Drizzle|[of] p2a: Pelipper\n|turn|1\n|\n|t:|1775997447\n|detailschange|p1b: OnThaLine|Dragonite-Mega, L50, M, shiny\n|-mega|p1b: OnThaLine|Dragonite|Dragoninite\n|move|p1b: OnThaLine|Draco Meteor|p2b: Archaludon\n|-damage|p2b: Archaludon|0 fnt\n|-unboost|p1b: OnThaLine|spa|2\n|faint|p2b: Archaludon\n|move|p2a: Pelipper|Tailwind|p2a: Pelipper\n|-sidestart|p2: Shep1818|move: Tailwind\n|move|p1a: Poppin|Weather Ball|p2a: Pelipper\n|-resisted|p2a: Pelipper|1\n|-damage|p2a: Pelipper|41/100\n|\n|-weather|RainDance|[upkeep]\n|upkeep\n|\n|t:|1775997462\n|switch|p2b: Basculegion|Basculegion, L50, M|100/100\n|turn|2\n|\n|t:|1775997483\n|move|p1b: OnThaLine|Protect|p1b: OnThaLine\n|-singleturn|p1b: OnThaLine|Protect\n|move|p2b: Basculegion|Ice Fang|p1b: OnThaLine\n|-activate|p1b: OnThaLine|move: Protect\n|move|p2a: Pelipper|Weather Ball|p1a: Poppin\n|-resisted|p1a: Poppin|1\n|-damage|p1a: Poppin|49/100\n|move|p1a: Poppin|Tailwind|p1a: Poppin\n|-sidestart|p1: Digga D2.0|move: Tailwind\n|\n|-weather|RainDance|[upkeep]\n|upkeep\n|turn|3\n|\n|t:|1775997524\n|switch|p1b: Bak2Bed|Archaludon, L50, M, shiny|100/100\n|move|p2b: Basculegion|Ice Fang|p1b: Bak2Bed\n|-damage|p1b: Bak2Bed|84/100\n|-status|p1b: Bak2Bed|frz\n|-ability|p1b: Bak2Bed|Stamina|boost\n|-boost|p1b: Bak2Bed|def|1\n|move|p2a: Pelipper|Weather Ball|p1a: Poppin\n|-resisted|p1a: Poppin|1\n|-damage|p1a: Poppin|0 fnt\n|faint|p1a: Poppin\n|\n|-weather|RainDance|[upkeep]\n|-heal|p1b: Bak2Bed|90/100 frz|[from] item: Leftovers\n|upkeep\n|\n|t:|1775997543\n|switch|p1a: OnThaLine|Dragonite-Mega, L50, M, shiny|100/100\n|turn|4\n|\n|t:|1775997556\n|switch|p2a: Meganium|Meganium, L50, F|100/100\n|move|p1a: OnThaLine|Protect|p1a: OnThaLine\n|-singleturn|p1a: OnThaLine|Protect\n|move|p2b: Basculegion|Ice Fang|p1a: OnThaLine\n|-activate|p1a: OnThaLine|move: Protect\n|cant|p1b: Bak2Bed|frz\n|\n|-weather|RainDance|[upkeep]\n|-heal|p1b: Bak2Bed|96/100 frz|[from] item: Leftovers\n|-sideend|p2: Shep1818|move: Tailwind\n|upkeep\n|turn|5\n|\n|t:|1775997607\n|detailschange|p2a: Meganium|Meganium-Mega, L50, F\n|-mega|p2a: Meganium|Meganium|Meganiumite\n|move|p1a: OnThaLine|Draco Meteor|p2b: Basculegion\n|-damage|p2b: Basculegion|17/100\n|-unboost|p1a: OnThaLine|spa|2\n|move|p2b: Basculegion|Ice Fang|p1a: OnThaLine\n|-supereffective|p1a: OnThaLine|2\n|-damage|p1a: OnThaLine|60/100\n|cant|p1b: Bak2Bed|frz\n|move|p2a: Meganium|Weather Ball|p1b: Bak2Bed\n|-crit|p1b: Bak2Bed\n|-damage|p1b: Bak2Bed|0 fnt\n|faint|p1b: Bak2Bed\n|\n|-weather|none\n|-sideend|p1: Digga D2.0|move: Tailwind\n|upkeep\n|\n|t:|1775997625\n|switch|p1b: Real six|Basculegion, L50, M, shiny|100/100\n|turn|6\n|\n|t:|1775997641\n|switch|p2b: Pelipper|Pelipper, L50, M|41/100\n|-weather|RainDance|[from] ability: Drizzle|[of] p2b: Pelipper\n|move|p1b: Real six|Protect|p1b: Real six\n|-singleturn|p1b: Real six|Protect\n|move|p2a: Meganium|Protect|p2a: Meganium\n|-singleturn|p2a: Meganium|Protect\n|move|p1a: OnThaLine|Hurricane|p2a: Meganium\n|-activate|p2a: Meganium|move: Protect\n|\n|-weather|RainDance|[upkeep]\n|upkeep\n|turn|7\n|\n|t:|1775997671\n|move|p1b: Real six|Last Respects|p2a: Meganium\n|-damage|p2a: Meganium|16/100\n|move|p1a: OnThaLine|Hurricane|p2a: Meganium\n|-supereffective|p2a: Meganium|1\n|-crit|p2a: Meganium\n|-damage|p2a: Meganium|0 fnt\n|faint|p2a: Meganium\n|move|p2b: Pelipper|Tailwind|p2b: Pelipper\n|-sidestart|p2: Shep1818|move: Tailwind\n|\n|-weather|RainDance|[upkeep]\n|upkeep\n|\n|t:|1775997682\n|switch|p2a: Basculegion|Basculegion, L50, M|17/100\n|turn|8\n|\n|t:|1775997698\n|move|p1b: Real six|Aqua Jet|p2a: Basculegion\n|-resisted|p2a: Basculegion|1\n|-damage|p2a: Basculegion|0 fnt\n|faint|p2a: Basculegion\n|move|p2b: Pelipper|Weather Ball|p1a: OnThaLine\n|-resisted|p1a: OnThaLine|1\n|-damage|p1a: OnThaLine|30/100\n|move|p1a: OnThaLine|Hurricane|p2b: Pelipper\n|-damage|p2b: Pelipper|0 fnt\n|faint|p2b: Pelipper\n|\n|win|Digga D2.0\n|raw|Digga D2.0's rating: 1179 &rarr; <strong>1199</strong><br />(+20 for winning)\n|raw|Shep1818's rating: 1109 &rarr; <strong>1089</strong><br />(-20 for losing)\n|c|\u2606Digga D2.0|Ehyd u put rain up bro\n|l|\u2606Shep1818\n|player|p2|\n|c|\u2606Digga D2.0|I woulda lost\n",
  "uploadtime": 1775997765,
  "views": 17,
  "formatid": "gen9championsvgc2026regma",
  "rating": 1089,
  "private": 0,
  "password": null
}