{
  "id": "gen9championsvgc2026regma-2582181474",
  "format": "[Gen 9 Champions] VGC 2026 Reg M-A",
  "players": [
    "clammer9",
    "FlorenceTheThief"
  ],
  "log": "|j|\u2606clammer9\n|j|\u2606FlorenceTheThief\n|t:|1776068287\n|gametype|doubles\n|player|p1|clammer9|101|1058\n|player|p2|FlorenceTheThief|candice|1094\n|gen|9\n|tier|[Gen 9 Champions] VGC 2026 Reg M-A\n|rated|\n|rule|Species Clause: Limit one of each Pok\u00e9mon\n|rule|Item Clause: Limit 1 of each item\n|clearpoke\n|poke|p1|Lucario, L50, M|\n|poke|p1|Incineroar, L50, M|\n|poke|p1|Dragapult, L50, M|\n|poke|p1|Goodra, L50, M|\n|poke|p1|Araquanid, L50, F|\n|poke|p1|Medicham, L50, M|\n|poke|p2|Meganium, L50, F|\n|poke|p2|Pelipper, L50, M|\n|poke|p2|Empoleon, L50, M|\n|poke|p2|Incineroar, L50, F|\n|poke|p2|Sinistcha, L50|\n|poke|p2|Tyranitar, L50, M|\n|teampreview|4\n|inactive|Battle timer is ON: inactive players will automatically lose when time's up. (requested by FlorenceTheThief)\n|\n|t:|1776068313\n|teamsize|p1|4\n|teamsize|p2|4\n|start\n|switch|p1a: Lucario|Lucario, L50, M|100/100\n|switch|p1b: Medicham|Medicham, L50, M|100/100\n|switch|p2a: Meganium|Meganium, L50, F|100/100\n|switch|p2b: Wet Chicken|Pelipper, L50, M|100/100\n|-weather|RainDance|[from] ability: Drizzle|[of] p2b: Wet Chicken\n|turn|1\n|c|\u2606FlorenceTheThief|glhf\n|c|\u2606clammer9|ty u2\n|inactive|clammer9 has 30 seconds left.\n|\n|t:|1776068345\n|detailschange|p1b: Medicham|Medicham-Mega, L50, M\n|-mega|p1b: Medicham|Medicham|Medichamite\n|detailschange|p2a: Meganium|Meganium-Mega, L50, F\n|-mega|p2a: Meganium|Meganium|Meganiumite\n|move|p1a: Lucario|Detect|p1a: Lucario\n|-singleturn|p1a: Lucario|Protect\n|move|p1b: Medicham|Thunder Punch|p2b: Wet Chicken\n|-supereffective|p2b: Wet Chicken|2\n|-enditem|p2b: Wet Chicken|Focus Sash\n|-damage|p2b: Wet Chicken|1/100\n|move|p2a: Meganium|Weather Ball|p1a: Lucario\n|-activate|p1a: Lucario|move: Protect\n|move|p2b: Wet Chicken|Tailwind|p2b: Wet Chicken\n|-sidestart|p2: FlorenceTheThief|move: Tailwind\n|\n|-weather|RainDance|[upkeep]\n|upkeep\n|turn|2\n|inactive|FlorenceTheThief has 30 seconds left.\n|\n|t:|1776068377\n|move|p1a: Lucario|Vacuum Wave|p2b: Wet Chicken\n|-resisted|p2b: Wet Chicken|1\n|-damage|p2b: Wet Chicken|0 fnt\n|faint|p2b: Wet Chicken\n|move|p2a: Meganium|Weather Ball|p1a: Lucario\n|-supereffective|p1a: Lucario|1\n|-damage|p1a: Lucario|0 fnt\n|faint|p1a: Lucario\n|move|p1b: Medicham|Ice Punch|p2a: Meganium\n|-supereffective|p2a: Meganium|1\n|-damage|p2a: Meganium|41/100\n|\n|-weather|RainDance|[upkeep]\n|upkeep\n|\n|t:|1776068395\n|switch|p1a: Araquanid|Araquanid, L50, F|100/100\n|switch|p2b: Earl Gray|Sinistcha, L50|100/100\n|-heal|p2a: Meganium|65/100|[from] ability: Hospitality|[of] p2b: Earl Gray\n|turn|3\n|\n|t:|1776068413\n|move|p2a: Meganium|Synthesis|p2a: Meganium\n|-heal|p2a: Meganium|100/100\n|move|p2b: Earl Gray|Matcha Gotcha|p1b: Medicham|[spread] p1a,p1b\n|-damage|p1a: Araquanid|83/100\n|-damage|p1b: Medicham|69/100\n|move|p1b: Medicham|Ice Punch|p2a: Meganium\n|-supereffective|p2a: Meganium|1\n|-damage|p2a: Meganium|33/100\n|move|p1a: Araquanid|Leech Life|p2b: Earl Gray\n|-damage|p2b: Earl Gray|80/100\n|-heal|p1a: Araquanid|95/100|[from] drain|[of] p2b: Earl Gray\n|\n|-weather|RainDance|[upkeep]\n|upkeep\n|turn|4\n|\n|t:|1776068431\n|switch|p2a: Incineroar|Incineroar, L50, F|100/100\n|-ability|p2a: Incineroar|Intimidate|boost\n|-unboost|p1a: Araquanid|atk|1\n|-unboost|p1b: Medicham|atk|1\n|move|p1a: Araquanid|Wide Guard|p1a: Araquanid\n|-singleturn|p1a: Araquanid|Wide Guard\n|move|p2b: Earl Gray|Matcha Gotcha|p1b: Medicham|[spread] \n|-activate|p1a: Araquanid|move: Wide Guard\n|-activate|p1b: Medicham|move: Wide Guard\n|move|p1b: Medicham|Ice Punch|p2a: Incineroar\n|-resisted|p2a: Incineroar|1\n|-damage|p2a: Incineroar|89/100\n|\n|-weather|RainDance|[upkeep]\n|-sideend|p2: FlorenceTheThief|move: Tailwind\n|upkeep\n|turn|5\n|\n|t:|1776068449\n|move|p2a: Incineroar|Fake Out|p1b: Medicham\n|-damage|p1b: Medicham|53/100\n|cant|p1b: Medicham|flinch\n|move|p2b: Earl Gray|Matcha Gotcha|p1a: Araquanid|[spread] p1a,p1b\n|-crit|p1a: Araquanid\n|-damage|p1a: Araquanid|65/100\n|-heal|p2b: Earl Gray|93/100|[from] drain|[of] p1a: Araquanid\n|-damage|p1b: Medicham|19/100\n|-heal|p2b: Earl Gray|100/100|[from] drain|[of] p1b: Medicham\n|move|p1a: Araquanid|Liquidation|p2a: Incineroar\n|-supereffective|p2a: Incineroar|1\n|-damage|p2a: Incineroar|0 fnt\n|faint|p2a: Incineroar\n|\n|-weather|none\n|upkeep\n|\n|t:|1776068464\n|switch|p2a: Meganium|Meganium-Mega, L50, F|33/100\n|turn|6\n|\n|t:|1776068475\n|move|p1a: Araquanid|Wide Guard|p1a: Araquanid\n|-singleturn|p1a: Araquanid|Wide Guard\n|move|p1b: Medicham|Ice Punch|p2a: Meganium\n|-supereffective|p2a: Meganium|1\n|-damage|p2a: Meganium|0 fnt\n|faint|p2a: Meganium\n|move|p2b: Earl Gray|Matcha Gotcha|p1b: Medicham|[spread] \n|-activate|p1a: Araquanid|move: Wide Guard\n|-activate|p1b: Medicham|move: Wide Guard\n|\n|upkeep\n|turn|7\n|c|\u2606FlorenceTheThief|gg\n|c|\u2606clammer9|gg\n|\n|t:|1776068491\n|move|p1b: Medicham|Ice Punch|p2b: Earl Gray\n|-supereffective|p2b: Earl Gray|1\n|-damage|p2b: Earl Gray|49/100\n|move|p2b: Earl Gray|Matcha Gotcha|p1a: Araquanid|[spread] p1a,p1b\n|-damage|p1a: Araquanid|47/100\n|-heal|p2b: Earl Gray|57/100|[from] drain|[of] p1a: Araquanid\n|-damage|p1b: Medicham|0 fnt\n|-heal|p2b: Earl Gray|65/100|[from] drain|[of] p1b: Medicham\n|faint|p1b: Medicham\n|move|p1a: Araquanid|Leech Life|p2b: Earl Gray\n|-damage|p2b: Earl Gray|50/100\n|-heal|p1a: Araquanid|56/100|[from] drain|[of] p2b: Earl Gray\n|\n|upkeep\n|\n|t:|1776068497\n|switch|p1b: Dragapult|Dragapult, L50, M|100/100\n|turn|8\n|\n|t:|1776068511\n|move|p2b: Earl Gray|Protect|p2b: Earl Gray\n|-singleturn|p2b: Earl Gray|Protect\n|move|p1b: Dragapult|Sucker Punch||[still]\n|-fail|p1b: Dragapult\n|move|p1a: Araquanid|Leech Life|p2b: Earl Gray\n|-activate|p2b: Earl Gray|move: Protect\n|\n|upkeep\n|turn|9\n|\n|t:|1776068520\n|move|p1b: Dragapult|Phantom Force||[still]\n|-prepare|p1b: Dragapult|Phantom Force\n|move|p2b: Earl Gray|Matcha Gotcha|p1b: Dragapult|[spread] p1a\n|-miss|p2b: Earl Gray|p1b: Dragapult\n|-damage|p1a: Araquanid|38/100\n|-heal|p2b: Earl Gray|58/100|[from] drain|[of] p1a: Araquanid\n|move|p1a: Araquanid|Leech Life|p2b: Earl Gray\n|-damage|p2b: Earl Gray|44/100\n|-heal|p1a: Araquanid|47/100|[from] drain|[of] p2b: Earl Gray\n|\n|upkeep\n|turn|10\n|\n|t:|1776068531\n|move|p2b: Earl Gray|Protect|p2b: Earl Gray\n|-singleturn|p2b: Earl Gray|Protect\n|move|p1b: Dragapult|Phantom Force|p2b: Earl Gray|[from] lockedmove\n|-activate|p2b: Earl Gray|move: Phantom Force|[broken]\n|-supereffective|p2b: Earl Gray|1\n|-damage|p2b: Earl Gray|0 fnt\n|faint|p2b: Earl Gray\n|\n|win|clammer9\n|raw|clammer9's rating: 1058 &rarr; <strong>1093</strong><br />(+35 for winning)\n|raw|FlorenceTheThief's rating: 1094 &rarr; <strong>1067</strong><br />(-27 for losing)\n|l|\u2606FlorenceTheThief\n|player|p2|\n|c|\u2606clammer9|huh, forgot it bypassed protect\n",
  "uploadtime": 1776068548,
  "views": 9,
  "formatid": "gen9championsvgc2026regma",
  "rating": 1067,
  "private": 0,
  "password": null
}