{
  "id": "gen9championsvgc2026regma-2587394036",
  "format": "[Gen 9 Champions] VGC 2026 Reg M-A",
  "players": [
    "Skidude101",
    "themegaisiug"
  ],
  "log": "|j|\u2606Skidude101\n|j|\u2606themegaisiug\n|t:|1776528150\n|gametype|doubles\n|player|p1|Skidude101|170|1117\n|player|p2|themegaisiug|boarder|1109\n|gen|9\n|tier|[Gen 9 Champions] VGC 2026 Reg M-A\n|rated|\n|rule|Species Clause: Limit one of each Pok\u00e9mon\n|rule|Item Clause: Limit 1 of each item\n|clearpoke\n|poke|p1|Typhlosion-Hisui, L50, F|\n|poke|p1|Aerodactyl, L50, F|\n|poke|p1|Sneasler, L50, F|\n|poke|p1|Milotic, L50, M|\n|poke|p1|Farigiraf, L50, F|\n|poke|p1|Incineroar, L50, F|\n|poke|p2|Floette-Eternal, L50, F|\n|poke|p2|Garchomp, L50, M|\n|poke|p2|Sneasler, L50, F|\n|poke|p2|Rotom-Wash, L50|\n|poke|p2|Aerodactyl, L50, F|\n|poke|p2|Incineroar, L50, M|\n|teampreview|4\n|\n|t:|1776528206\n|teamsize|p1|4\n|teamsize|p2|4\n|start\n|switch|p1a: Farigiraf|Farigiraf, L50, F|100/100\n|switch|p1b: Incineroar|Incineroar, L50, F|100/100\n|switch|p2a: Floette|Floette-Eternal, L50, F|100/100\n|switch|p2b: Aerodactyl|Aerodactyl, L50, F|100/100\n|-ability|p2b: Aerodactyl|Unnerve\n|-ability|p1b: Incineroar|Intimidate|boost\n|-unboost|p2a: Floette|atk|1\n|-unboost|p2b: Aerodactyl|atk|1\n|turn|1\n|\n|t:|1776528233\n|detailschange|p2a: Floette|Floette-Mega, L50, F\n|-mega|p2a: Floette|Floette|Floettite\n|-ability|p2a: Floette|Fairy Aura\n|move|p1b: Incineroar|Fake Out|p2b: Aerodactyl\n|-resisted|p2b: Aerodactyl|1\n|-damage|p2b: Aerodactyl|89/100\n|cant|p2b: Aerodactyl|flinch\n|move|p2a: Floette|Calm Mind|p2a: Floette\n|-boost|p2a: Floette|spa|1\n|-boost|p2a: Floette|spd|1\n|move|p1a: Farigiraf|Calm Mind|p1a: Farigiraf\n|-boost|p1a: Farigiraf|spa|1\n|-boost|p1a: Farigiraf|spd|1\n|\n|upkeep\n|turn|2\n|\n|t:|1776528273\n|move|p2b: Aerodactyl|Rock Slide|p1b: Incineroar|[spread] p1a,p1b\n|-supereffective|p1b: Incineroar|1\n|-damage|p1a: Farigiraf|83/100\n|-damage|p1b: Incineroar|68/100\n|move|p2a: Floette|Moonblast|p1b: Incineroar\n|-damage|p1b: Incineroar|0 fnt\n|faint|p1b: Incineroar\n|cant|p1a: Farigiraf|flinch\n|\n|upkeep\n|\n|t:|1776528305\n|switch|p1b: Typhlosion|Typhlosion-Hisui, L50, F|100/100\n|-item|p2a: Floette|Floettite|[from] ability: Frisk|[of] p1b: Typhlosion\n|-item|p2b: Aerodactyl|Focus Sash|[from] ability: Frisk|[of] p1b: Typhlosion\n|turn|3\n|\n|t:|1776528336\n|move|p1b: Typhlosion|Eruption|p2a: Floette|[spread] p2a,p2b\n|-resisted|p2b: Aerodactyl|1\n|-damage|p2a: Floette|76/100\n|-damage|p2b: Aerodactyl|49/100\n|move|p2b: Aerodactyl|Dual Wingbeat|p1a: Farigiraf\n|-damage|p1a: Farigiraf|70/100\n|-damage|p1a: Farigiraf|55/100\n|-hitcount|p1a: Farigiraf|2\n|move|p2a: Floette|Moonblast|p1a: Farigiraf\n|-damage|p1a: Farigiraf|6/100\n|move|p1a: Farigiraf|Psychic|p2b: Aerodactyl\n|-damage|p2b: Aerodactyl|0 fnt\n|faint|p2b: Aerodactyl\n|\n|upkeep\n|\n|t:|1776528343\n|switch|p2b: Rotom|Rotom-Wash, L50|100/100\n|turn|4\n|\n|t:|1776528364\n|move|p1b: Typhlosion|Eruption|p2b: Rotom|[spread] p2a,p2b\n|-resisted|p2b: Rotom|1\n|-damage|p2a: Floette|51/100\n|-damage|p2b: Rotom|71/100\n|move|p2b: Rotom|Hydro Pump|p1b: Typhlosion|[miss]\n|-miss|p2b: Rotom|p1b: Typhlosion\n|move|p2a: Floette|Dazzling Gleam|p1b: Typhlosion|[spread] p1a,p1b\n|-resisted|p1b: Typhlosion|1\n|-damage|p1a: Farigiraf|0 fnt\n|-damage|p1b: Typhlosion|54/100\n|faint|p1a: Farigiraf\n|\n|upkeep\n|\n|t:|1776528374\n|switch|p1a: Sneasler|Sneasler, L50, F|100/100\n|turn|5\n|\n|t:|1776528389\n|switch|p2b: Garchomp|Garchomp, L50, M|100/100\n|move|p2a: Floette|Protect|p2a: Floette\n|-singleturn|p2a: Floette|Protect\n|move|p1b: Typhlosion|Eruption|p2b: Garchomp|[spread] p2b\n|-activate|p2a: Floette|move: Protect\n|-resisted|p2b: Garchomp|1\n|-damage|p2b: Garchomp|84/100\n|move|p1a: Sneasler|Dire Claw|p2a: Floette\n|-activate|p2a: Floette|move: Protect\n|\n|upkeep\n|turn|6\n|\n|t:|1776528419\n|move|p1b: Typhlosion|Eruption|p2b: Garchomp|[spread] p2a,p2b\n|-resisted|p2b: Garchomp|1\n|-damage|p2a: Floette|38/100\n|-damage|p2b: Garchomp|68/100\n|move|p2b: Garchomp|Earthquake|p1a: Sneasler|[spread] p2a,p1a,p1b\n|-supereffective|p1a: Sneasler|1\n|-supereffective|p1b: Typhlosion|1\n|-damage|p2a: Floette|0 fnt\n|-damage|p1a: Sneasler|0 fnt\n|-damage|p1b: Typhlosion|0 fnt\n|faint|p2a: Floette\n|faint|p1a: Sneasler\n|faint|p1b: Typhlosion\n|\n|win|themegaisiug\n|raw|Skidude101's rating: 1087 &rarr; <strong>1065</strong><br />(-22 for losing)\n|raw|themegaisiug's rating: 1109 &rarr; <strong>1132</strong><br />(+23 for winning)\n|l|\u2606Skidude101\n|player|p1|\n",
  "uploadtime": 1776528429,
  "views": 12,
  "formatid": "gen9championsvgc2026regma",
  "rating": 1065,
  "private": 0,
  "password": null
}