{
  "id": "gen9championsvgc2026regma-2587761350",
  "format": "[Gen 9 Champions] VGC 2026 Reg M-A",
  "players": [
    "TY0418",
    "TheOllieBoi"
  ],
  "log": "|j|\u2606TY0418\n|j|\u2606TheOllieBoi\n|t:|1776561344\n|gametype|doubles\n|player|p1|TY0418|101|1193\n|player|p2|TheOllieBoi|101|1086\n|gen|9\n|tier|[Gen 9 Champions] VGC 2026 Reg M-A\n|rated|\n|rule|Species Clause: Limit one of each Pok\u00e9mon\n|rule|Item Clause: Limit 1 of each item\n|clearpoke\n|poke|p1|Charizard, L50, M|\n|poke|p1|Whimsicott, L50, F|\n|poke|p1|Garchomp, L50, F|\n|poke|p1|Incineroar, L50, M|\n|poke|p1|Rotom-Wash, L50|\n|poke|p1|Sneasler, L50, F|\n|poke|p2|Kangaskhan, L50, F|\n|poke|p2|Sableye, L50, M|\n|poke|p2|Espathra, L50, F|\n|poke|p2|Aegislash, L50, M|\n|poke|p2|Milotic, L50, F|\n|poke|p2|Flapple, L50, F|\n|teampreview|4\n|inactive|Battle timer is ON: inactive players will automatically lose when time's up. (requested by TY0418)\n|\n|t:|1776561392\n|teamsize|p1|4\n|teamsize|p2|4\n|start\n|switch|p1a: Rotom|Rotom-Wash, L50|100/100\n|switch|p1b: Garchomp|Garchomp, L50, F|100/100\n|switch|p2a: Sableye|Sableye, L50, M|100/100\n|switch|p2b: Milotic|Milotic, L50, F|100/100\n|turn|1\n|\n|t:|1776561415\n|move|p2a: Sableye|Fake Out|p1b: Garchomp\n|-damage|p1b: Garchomp|93/100\n|-damage|p2a: Sableye|88/100|[from] ability: Rough Skin|[of] p1b: Garchomp\n|cant|p1b: Garchomp|flinch\n|move|p1a: Rotom|Thunderbolt|p2b: Milotic\n|-supereffective|p2b: Milotic|1\n|-damage|p2b: Milotic|44/100\n|-enditem|p2b: Milotic|Sitrus Berry|[eat]\n|-heal|p2b: Milotic|69/100|[from] item: Sitrus Berry\n|move|p2b: Milotic|Icy Wind|p1b: Garchomp|[spread] p1a,p1b\n|-resisted|p1a: Rotom|1\n|-supereffective|p1b: Garchomp|2\n|-damage|p1a: Rotom|92/100\n|-damage|p1b: Garchomp|41/100\n|-unboost|p1a: Rotom|spe|1\n|-unboost|p1b: Garchomp|spe|1\n|\n|-heal|p1a: Rotom|98/100|[from] item: Leftovers\n|upkeep\n|turn|2\n|inactive|TY0418 has 30 seconds left.\n|\n|t:|1776561444\n|move|p2a: Sableye|Gravity|p2a: Sableye\n|-fieldstart|move: Gravity\n|move|p1b: Garchomp|Earthquake|p2b: Milotic|[spread] p1a,p2a,p2b\n|-supereffective|p1a: Rotom|1\n|-damage|p1a: Rotom|0 fnt\n|-damage|p2a: Sableye|43/100\n|-damage|p2b: Milotic|35/100\n|faint|p1a: Rotom\n|move|p2b: Milotic|Hypnosis|p1b: Garchomp\n|-status|p1b: Garchomp|slp|[from] move: Hypnosis\n|\n|upkeep\n|inactive|TY0418 has 30 seconds left.\n|\n|t:|1776561470\n|switch|p1a: Whimsicott|Whimsicott, L50, F|100/100\n|turn|3\n|\n|t:|1776561484\n|switch|p2a: Espathra|Espathra, L50, F|100/100\n|move|p1a: Whimsicott|Protect|p1a: Whimsicott\n|-singleturn|p1a: Whimsicott|Protect\n|cant|p1b: Garchomp|slp\n|move|p2b: Milotic|Icy Wind|p1b: Garchomp|[spread] p1b\n|-activate|p1a: Whimsicott|move: Protect\n|-supereffective|p1b: Garchomp|2\n|-damage|p1b: Garchomp|0 fnt\n|faint|p1b: Garchomp\n|\n|upkeep\n|\n|t:|1776561497\n|switch|p1b: Charizard|Charizard, L50, M|100/100\n|turn|4\n|\n|t:|1776561512\n|detailschange|p1b: Charizard|Charizard-Mega-Y, L50, M\n|-mega|p1b: Charizard|Charizard|Charizardite Y\n|-weather|SunnyDay|[from] ability: Drought|[of] p1b: Charizard\n|move|p2a: Espathra|Protect|p2a: Espathra\n|-singleturn|p2a: Espathra|Protect\n|move|p1a: Whimsicott|Moonblast|p2b: Milotic\n|-damage|p2b: Milotic|8/100\n|move|p1b: Charizard|Heat Wave|p2a: Espathra|[spread] p2b\n|-activate|p2a: Espathra|move: Protect\n|-resisted|p2b: Milotic|1\n|-damage|p2b: Milotic|0 fnt\n|faint|p2b: Milotic\n|\n|-weather|SunnyDay|[upkeep]\n|-ability|p2a: Espathra|Speed Boost|boost\n|-boost|p2a: Espathra|spe|1\n|upkeep\n|\n|t:|1776561530\n|switch|p2b: Kangaskhan|Kangaskhan, L50, F|100/100\n|turn|5\n|\n|t:|1776561548\n|detailschange|p2b: Kangaskhan|Kangaskhan-Mega, L50, F\n|-mega|p2b: Kangaskhan|Kangaskhan|Kangaskhanite\n|move|p1a: Whimsicott|Protect|p1a: Whimsicott\n|-singleturn|p1a: Whimsicott|Protect\n|move|p1b: Charizard|Protect|p1b: Charizard\n|-singleturn|p1b: Charizard|Protect\n|move|p2a: Espathra|Lumina Crash|p1b: Charizard\n|-activate|p1b: Charizard|move: Protect\n|move|p2b: Kangaskhan|Mega Kick|p1a: Whimsicott\n|-activate|p1a: Whimsicott|move: Protect\n|\n|-weather|SunnyDay|[upkeep]\n|-ability|p2a: Espathra|Speed Boost|boost\n|-boost|p2a: Espathra|spe|1\n|upkeep\n|turn|6\n|inactive|TY0418 has 30 seconds left.\n|\n|t:|1776561574\n|move|p2a: Espathra|Hypnosis|p1b: Charizard\n|-status|p1b: Charizard|slp|[from] move: Hypnosis\n|move|p1a: Whimsicott|Moonblast|p2b: Kangaskhan\n|-damage|p2b: Kangaskhan|66/100\n|move|p2b: Kangaskhan|Mega Kick|p1a: Whimsicott\n|-damage|p1a: Whimsicott|17/100\n|-damage|p1a: Whimsicott|0 fnt\n|faint|p1a: Whimsicott\n|-hitcount|p1: Whimsicott|2\n|cant|p1b: Charizard|slp\n|\n|-weather|SunnyDay|[upkeep]\n|-fieldend|move: Gravity\n|-ability|p2a: Espathra|Speed Boost|boost\n|-boost|p2a: Espathra|spe|1\n|upkeep\n|turn|7\n|\n|t:|1776561596\n|move|p2a: Espathra|Lumina Crash|p1b: Charizard\n|-damage|p1b: Charizard|64/100 slp\n|-unboost|p1b: Charizard|spd|2\n|move|p2b: Kangaskhan|Drain Punch|p1b: Charizard\n|-resisted|p1b: Charizard|1\n|-damage|p1b: Charizard|51/100 slp\n|-heal|p2b: Kangaskhan|72/100|[from] drain|[of] p1b: Charizard\n|-resisted|p1b: Charizard|1\n|-damage|p1b: Charizard|48/100 slp\n|-heal|p2b: Kangaskhan|74/100|[from] drain|[of] p1b: Charizard\n|-hitcount|p1b: Charizard|2\n|cant|p1b: Charizard|slp\n|\n|-weather|SunnyDay|[upkeep]\n|-ability|p2a: Espathra|Speed Boost|boost\n|-boost|p2a: Espathra|spe|1\n|upkeep\n|turn|8\n|\n|t:|1776561614\n|move|p2a: Espathra|Lumina Crash|p1b: Charizard\n|-damage|p1b: Charizard|0 fnt\n|faint|p1b: Charizard\n|\n|win|TheOllieBoi\n|raw|TY0418's rating: 1193 &rarr; <strong>1161</strong><br />(-32 for losing)\n|raw|TheOllieBoi's rating: 1086 &rarr; <strong>1121</strong><br />(+35 for winning)\n",
  "uploadtime": 1776561662,
  "views": 35,
  "formatid": "gen9championsvgc2026regma",
  "rating": 1121,
  "private": 0,
  "password": null
}