{
  "id": "gen9championsvgc2026regma-2581081644",
  "format": "[Gen 9 Champions] VGC 2026 Reg M-A",
  "players": [
    "STRONGEUW",
    "Lemonale"
  ],
  "log": "|j|\u2606STRONGEUW\n|j|\u2606Lemonale\n|t:|1775958097\n|gametype|doubles\n|player|p1|STRONGEUW|266|1091\n|player|p2|Lemonale|psychic-gen4|1027\n|gen|9\n|tier|[Gen 9 Champions] VGC 2026 Reg M-A\n|rated|\n|rule|Species Clause: Limit one of each Pok\u00e9mon\n|rule|Item Clause: Limit 1 of each item\n|clearpoke\n|poke|p1|Basculegion, L50, M|\n|poke|p1|Pelipper, L50, M|\n|poke|p1|Skarmory, L50, F|\n|poke|p1|Lucario, L50, M|\n|poke|p1|Raichu, L50, M|\n|poke|p1|Farigiraf, L50, M|\n|poke|p2|Rotom-Wash, L50|\n|poke|p2|Sinistcha, L50|\n|poke|p2|Whimsicott, L50, M|\n|poke|p2|Pelipper, L50, M|\n|poke|p2|Empoleon, L50, M|\n|poke|p2|Milotic, L50, F|\n|teampreview|4\n|inactive|Battle timer is ON: inactive players will automatically lose when time's up. (requested by Lemonale)\n|inactive|Lemonale has 60 seconds left.\n|\n|t:|1775958131\n|teamsize|p1|4\n|teamsize|p2|4\n|start\n|switch|p1a: Skarmory|Skarmory, L50, F|100/100\n|switch|p1b: Lucario|Lucario, L50, M|100/100\n|switch|p2a: Rotom|Rotom-Wash, L50, shiny|100/100\n|switch|p2b: Pelipper|Pelipper, L50, M|100/100\n|-weather|RainDance|[from] ability: Drizzle|[of] p2b: Pelipper\n|turn|1\n|inactive|STRONGEUW has 30 seconds left.\n|\n|t:|1775958158\n|move|p1b: Lucario|Protect|p1b: Lucario\n|-singleturn|p1b: Lucario|Protect\n|move|p2a: Rotom|Thunder|p1a: Skarmory\n|-supereffective|p1a: Skarmory|1\n|-ability|p1a: Skarmory|Sturdy\n|-damage|p1a: Skarmory|1/100\n|move|p1a: Skarmory|Tailwind|p1a: Skarmory\n|-sidestart|p1: STRONGEUW|move: Tailwind\n|move|p2b: Pelipper|Tailwind|p2b: Pelipper\n|-sidestart|p2: Lemonale|move: Tailwind\n|\n|-weather|RainDance|[upkeep]\n|upkeep\n|turn|2\n|\n|t:|1775958176\n|move|p2a: Rotom|Protect|p2a: Rotom\n|-singleturn|p2a: Rotom|Protect\n|move|p1a: Skarmory|Protect|p1a: Skarmory\n|-singleturn|p1a: Skarmory|Protect\n|move|p1b: Lucario|Aura Sphere|p2a: Rotom\n|-activate|p2a: Rotom|move: Protect\n|move|p2b: Pelipper|Hurricane|p1b: Lucario\n|-damage|p1b: Lucario|20/100\n|\n|-weather|RainDance|[upkeep]\n|upkeep\n|turn|3\n|\n|t:|1775958188\n|detailschange|p1a: Skarmory|Skarmory-Mega, L50, F\n|-mega|p1a: Skarmory|Skarmory|Skarmorite\n|move|p2b: Pelipper|Protect|p2b: Pelipper\n|-singleturn|p2b: Pelipper|Protect\n|move|p1a: Skarmory|Brave Bird|p2b: Pelipper\n|-activate|p2b: Pelipper|move: Protect\n|move|p2a: Rotom|Volt Switch|p1a: Skarmory\n|-supereffective|p1a: Skarmory|1\n|-damage|p1a: Skarmory|0 fnt\n|faint|p1a: Skarmory\n|\n|t:|1775958198\n|switch|p2a: Sinistcha|Sinistcha, L50|100/100|[from] Volt Switch\n|move|p1b: Lucario|Aura Sphere|p2a: Sinistcha\n|-immune|p2a: Sinistcha\n|\n|-weather|RainDance|[upkeep]\n|upkeep\n|\n|t:|1775958206\n|switch|p1a: Basculegion|Basculegion, L50, M|100/100\n|turn|4\n|\n|t:|1775958224\n|move|p1a: Basculegion|Protect|p1a: Basculegion\n|-singleturn|p1a: Basculegion|Protect\n|move|p1b: Lucario|Flash Cannon|p2a: Sinistcha\n|-damage|p2a: Sinistcha|39/100\n|move|p2a: Sinistcha|Matcha Gotcha|p1a: Basculegion|[spread] p1b\n|-activate|p1a: Basculegion|move: Protect\n|-resisted|p1b: Lucario|1\n|-damage|p1b: Lucario|0 fnt\n|-heal|p2a: Sinistcha|48/100|[from] drain|[of] p1b: Lucario\n|faint|p1b: Lucario\n|move|p2b: Pelipper|Hurricane|p1a: Basculegion\n|-activate|p1a: Basculegion|move: Protect\n|\n|-weather|RainDance|[upkeep]\n|-heal|p2a: Sinistcha|55/100|[from] item: Leftovers\n|-sideend|p1: STRONGEUW|move: Tailwind\n|-sideend|p2: Lemonale|move: Tailwind\n|upkeep\n|\n|t:|1775958227\n|switch|p1b: Pelipper|Pelipper, L50, M|100/100\n|turn|5\n|\n|t:|1775958249\n|switch|p2a: Whimsicott|Whimsicott, L50, M|100/100\n|move|p2b: Pelipper|Protect|p2b: Pelipper\n|-singleturn|p2b: Pelipper|Protect\n|move|p1a: Basculegion|Last Respects|p2a: Whimsicott\n|-damage|p2a: Whimsicott|13/100\n|move|p1b: Pelipper|Hurricane|p2b: Pelipper\n|-activate|p2b: Pelipper|move: Protect\n|\n|-weather|none\n|upkeep\n|turn|6\n|\n|t:|1775958269\n|move|p2a: Whimsicott|Helping Hand|p2b: Pelipper\n|-singleturn|p2b: Pelipper|Helping Hand|[of] p2a: Whimsicott\n|move|p1a: Basculegion|Last Respects|p2b: Pelipper\n|-crit|p2b: Pelipper\n|-damage|p2b: Pelipper|0 fnt\n|faint|p2b: Pelipper\n|move|p1b: Pelipper|Hurricane|p2a: Whimsicott\n|-supereffective|p2a: Whimsicott|1\n|-damage|p2a: Whimsicott|0 fnt\n|faint|p2a: Whimsicott\n|\n|upkeep\n|\n|t:|1775958275\n|switch|p2a: Sinistcha|Sinistcha, L50|55/100\n|switch|p2b: Rotom|Rotom-Wash, L50, shiny|100/100\n|turn|7\n|\n|t:|1775958298\n|move|p2b: Rotom|Protect|p2b: Rotom\n|-singleturn|p2b: Rotom|Protect\n|move|p1a: Basculegion|Last Respects|p2b: Rotom\n|-activate|p2b: Rotom|move: Protect\n|move|p1b: Pelipper|Tailwind|p1b: Pelipper\n|-sidestart|p1: STRONGEUW|move: Tailwind\n|move|p2a: Sinistcha|Matcha Gotcha|p1a: Basculegion|[spread] p1a\n|-miss|p2a: Sinistcha|p1b: Pelipper\n|-supereffective|p1a: Basculegion|1\n|-damage|p1a: Basculegion|30/100\n|-heal|p2a: Sinistcha|100/100|[from] drain|[of] p1a: Basculegion\n|-status|p1a: Basculegion|brn\n|\n|-heal|p1a: Basculegion|36/100 brn|[from] item: Leftovers\n|-damage|p1a: Basculegion|30/100 brn|[from] brn\n|upkeep\n|turn|8\n|-activate|p1b: Pelipper|item: Quick Claw\n|\n|t:|1775958316\n|move|p2a: Sinistcha|Protect|p2a: Sinistcha\n|-singleturn|p2a: Sinistcha|Protect\n|move|p1b: Pelipper|Hurricane|p2a: Sinistcha\n|-activate|p2a: Sinistcha|move: Protect\n|move|p1a: Basculegion|Last Respects|p2b: Rotom\n|-damage|p2b: Rotom|44/100\n|move|p2b: Rotom|Thunder|p1b: Pelipper\n|-supereffective|p1b: Pelipper|2\n|-damage|p1b: Pelipper|0 fnt\n|faint|p1b: Pelipper\n|\n|-heal|p1a: Basculegion|36/100 brn|[from] item: Leftovers\n|-damage|p1a: Basculegion|30/100 brn|[from] brn\n|upkeep\n|turn|9\n|\n|t:|1775958329\n|move|p1a: Basculegion|Last Respects|p2b: Rotom\n|-damage|p2b: Rotom|0 fnt\n|faint|p2b: Rotom\n|move|p2a: Sinistcha|Shadow Ball|p1a: Basculegion\n|-supereffective|p1a: Basculegion|1\n|-damage|p1a: Basculegion|0 fnt\n|faint|p1a: Basculegion\n|\n|win|Lemonale\n|raw|STRONGEUW's rating: 1091 &rarr; <strong>1063</strong><br />(-28 for losing)\n|raw|Lemonale's rating: 1027 &rarr; <strong>1069</strong><br />(+42 for winning)\n|l|\u2606STRONGEUW\n|player|p1|\n",
  "uploadtime": 1775958515,
  "views": 16,
  "formatid": "gen9championsvgc2026regma",
  "rating": 1063,
  "private": 0,
  "password": null
}