{
  "id": "gen9championsvgc2026regma-2587240793",
  "format": "[Gen 9 Champions] VGC 2026 Reg M-A",
  "players": [
    "Player Arrugginito",
    "hide on whimscott"
  ],
  "log": "|j|\u2606Player Arrugginito\n|j|\u2606hide on whimscott\n|t:|1776513270\n|gametype|doubles\n|player|p1|Player Arrugginito|101|1363\n|player|p2|hide on whimscott|artist-gen4|1390\n|gen|9\n|tier|[Gen 9 Champions] VGC 2026 Reg M-A\n|rated|\n|rule|Species Clause: Limit one of each Pok\u00e9mon\n|rule|Item Clause: Limit 1 of each item\n|clearpoke\n|poke|p1|Floette-Eternal, L50, F|\n|poke|p1|Froslass, L50, F|\n|poke|p1|Kingambit, L50, M|\n|poke|p1|Garchomp, L50, M|\n|poke|p1|Sneasler, L50, M|\n|poke|p1|Basculegion, L50, M|\n|poke|p2|Garchomp, L50, M|\n|poke|p2|Aerodactyl, L50, M|\n|poke|p2|Venusaur, L50, F|\n|poke|p2|Torkoal, L50, M|\n|poke|p2|Kingambit, L50, M|\n|poke|p2|Basculegion-F, L50, F|\n|teampreview|4\n|inactive|Battle timer is ON: inactive players will automatically lose when time's up. (requested by Player Arrugginito)\n|c|\u2606Player Arrugginito|gl hf\n|j| Glaceon0404\n|inactive|Player Arrugginito has 60 seconds left.\n|inactive|hide on whimscott has 60 seconds left.\n|inactive|hide on whimscott has 30 seconds left.\n|inactive|hide on whimscott has 20 seconds left.\n|inactive|hide on whimscott has 15 seconds left.\n|\n|t:|1776513361\n|teamsize|p1|4\n|teamsize|p2|4\n|start\n|switch|p1a: Sneasler|Sneasler, L50, M|100/100\n|switch|p1b: Kingambit|Kingambit, L50, M|100/100\n|switch|p2a: Venusaur|Venusaur, L50, F|100/100\n|switch|p2b: Basculegion|Basculegion-F, L50, F|100/100\n|turn|1\n|inactive|Player Arrugginito has 30 seconds left.\n|\n|t:|1776513389\n|switch|p2b: Kingambit|Kingambit, L50, M|100/100\n|detailschange|p2a: Venusaur|Venusaur-Mega, L50, F\n|-mega|p2a: Venusaur|Venusaur|Venusaurite\n|move|p1a: Sneasler|Fake Out|p2a: Venusaur\n|-damage|p2a: Venusaur|87/100\n|-immune|p2a: Venusaur\n|cant|p2a: Venusaur|flinch\n|move|p1b: Kingambit|Kowtow Cleave|p2b: Kingambit\n|-resisted|p2b: Kingambit|1\n|-damage|p2b: Kingambit|83/100\n|\n|upkeep\n|turn|2\n|inactive|Player Arrugginito has 30 seconds left.\n|inactive|hide on whimscott has 30 seconds left.\n|inactive|Player Arrugginito has 20 seconds left.\n|inactive|hide on whimscott has 20 seconds left.\n|\n|t:|1776513426\n|move|p1a: Sneasler|Dire Claw|p2a: Venusaur\n|-damage|p2a: Venusaur|50/100\n|move|p2a: Venusaur|Sleep Powder|p1a: Sneasler\n|-status|p1a: Sneasler|slp|[from] move: Sleep Powder\n|move|p1b: Kingambit|Kowtow Cleave|p2a: Venusaur\n|-damage|p2a: Venusaur|12/100\n|move|p2b: Kingambit|Low Kick|p1b: Kingambit\n|-supereffective|p1b: Kingambit|2\n|-enditem|p1b: Kingambit|Chople Berry|[eat]\n|-enditem|p1b: Kingambit|Chople Berry|[weaken]\n|-damage|p1b: Kingambit|49/100\n|\n|upkeep\n|turn|3\n|\n|t:|1776513444\n|move|p1b: Kingambit|Protect|p1b: Kingambit\n|-singleturn|p1b: Kingambit|Protect\n|cant|p1a: Sneasler|slp\n|move|p2a: Venusaur|Sleep Powder|p1b: Kingambit\n|-activate|p1b: Kingambit|move: Protect\n|move|p2b: Kingambit|Iron Head|p1a: Sneasler\n|-damage|p1a: Sneasler|31/100 slp\n|\n|upkeep\n|turn|4\n|\n|t:|1776513461\n|move|p1b: Kingambit|Sucker Punch|p2b: Kingambit\n|-resisted|p2b: Kingambit|1\n|-damage|p2b: Kingambit|70/100\n|cant|p1a: Sneasler|slp\n|move|p2a: Venusaur|Sleep Powder|p1b: Kingambit\n|-status|p1b: Kingambit|slp|[from] move: Sleep Powder\n|move|p2b: Kingambit|Low Kick|p1b: Kingambit\n|-supereffective|p1b: Kingambit|2\n|-damage|p1b: Kingambit|0 fnt\n|faint|p1b: Kingambit\n|\n|upkeep\n|\n|t:|1776513474\n|switch|p1b: Froslass|Froslass, L50, F|100/100\n|turn|5\n|inactive|hide on whimscott has 30 seconds left.\n|inactive|hide on whimscott has 20 seconds left.\n|inactive|hide on whimscott has 15 seconds left.\n|\n|t:|1776513514\n|switch|p2b: Basculegion|Basculegion-F, L50, F|100/100\n|detailschange|p1b: Froslass|Froslass-Mega, L50, F\n|-mega|p1b: Froslass|Froslass|Froslassite\n|-weather|Snowscape|[from] ability: Snow Warning|[of] p1b: Froslass\n|-curestatus|p1a: Sneasler|slp|[msg]\n|move|p1a: Sneasler|Close Combat|p2b: Basculegion\n|-immune|p2b: Basculegion\n|move|p1b: Froslass|Substitute|p1b: Froslass\n|-start|p1b: Froslass|Substitute\n|-damage|p1b: Froslass|76/100\n|move|p2a: Venusaur|Energy Ball|p1b: Froslass\n|-end|p1b: Froslass|Substitute\n|\n|-weather|Snowscape|[upkeep]\n|upkeep\n|turn|6\n|j| Crvstal_K!tty\n|inactive|hide on whimscott has 30 seconds left.\n|\n|t:|1776513542\n|move|p1b: Froslass|Protect|p1b: Froslass\n|-singleturn|p1b: Froslass|Protect\n|move|p2b: Basculegion|Shadow Ball|p1b: Froslass\n|-activate|p1b: Froslass|move: Protect\n|move|p1a: Sneasler|Dire Claw|p2b: Basculegion\n|-resisted|p2b: Basculegion|1\n|-damage|p2b: Basculegion|74/100\n|-status|p2b: Basculegion|par\n|move|p2a: Venusaur|Sleep Powder|p1a: Sneasler\n|-status|p1a: Sneasler|slp|[from] move: Sleep Powder\n|\n|-weather|Snowscape|[upkeep]\n|upkeep\n|turn|7\n|inactive|hide on whimscott has 30 seconds left.\n|\n|t:|1776513574\n|cant|p1a: Sneasler|slp\n|move|p1b: Froslass|Shadow Ball|p2b: Basculegion\n|-supereffective|p2b: Basculegion|1\n|-damage|p2b: Basculegion|0 fnt\n|faint|p2b: Basculegion\n|move|p2a: Venusaur|Sleep Powder|p1b: Froslass\n|-status|p1b: Froslass|slp|[from] move: Sleep Powder\n|\n|-weather|Snowscape|[upkeep]\n|upkeep\n|\n|t:|1776513580\n|switch|p2b: Garchomp|Garchomp, L50, M|100/100\n|turn|8\n|\n|t:|1776513589\n|cant|p1b: Froslass|slp\n|cant|p1a: Sneasler|slp\n|move|p2b: Garchomp|Dragon Claw|p1a: Sneasler\n|-damage|p1a: Sneasler|0 fnt\n|faint|p1a: Sneasler\n|move|p2a: Venusaur|Energy Ball|p1b: Froslass\n|-damage|p1b: Froslass|31/100 slp\n|\n|-weather|Snowscape|[upkeep]\n|upkeep\n|\n|t:|1776513599\n|switch|p1a: Garchomp|Garchomp, L50, M|100/100\n|turn|9\n|\n|t:|1776513611\n|cant|p1b: Froslass|slp\n|move|p2b: Garchomp|Protect|p2b: Garchomp\n|-singleturn|p2b: Garchomp|Protect\n|move|p1a: Garchomp|Earthquake|p2b: Garchomp|[spread] p1b,p2a\n|-activate|p2b: Garchomp|move: Protect\n|-damage|p1b: Froslass|0 fnt\n|-damage|p2a: Venusaur|0 fnt\n|faint|p1b: Froslass\n|faint|p2a: Venusaur\n|\n|-weather|none\n|upkeep\n|\n|t:|1776513617\n|switch|p2a: Kingambit|Kingambit, L50, M|70/100\n|turn|10\n|\n|t:|1776513625\n|move|p2a: Kingambit|Sucker Punch|p1a: Garchomp\n|-damage|p1a: Garchomp|70/100\n|-damage|p2a: Kingambit|58/100|[from] ability: Rough Skin|[of] p1a: Garchomp\n|move|p1a: Garchomp|Dragon Claw|p2b: Garchomp\n|-supereffective|p2b: Garchomp|1\n|-enditem|p2b: Garchomp|Haban Berry|[eat]\n|-enditem|p2b: Garchomp|Haban Berry|[weaken]\n|-damage|p2b: Garchomp|66/100\n|-damage|p1a: Garchomp|58/100|[from] ability: Rough Skin|[of] p2b: Garchomp\n|move|p2b: Garchomp|Dragon Claw|p1a: Garchomp\n|-supereffective|p1a: Garchomp|1\n|-enditem|p1a: Garchomp|Haban Berry|[eat]\n|-enditem|p1a: Garchomp|Haban Berry|[weaken]\n|-damage|p1a: Garchomp|22/100\n|-damage|p2b: Garchomp|54/100|[from] ability: Rough Skin|[of] p1a: Garchomp\n|\n|upkeep\n|turn|11\n|\n|t:|1776513635\n|move|p2a: Kingambit|Sucker Punch|p1a: Garchomp\n|-damage|p1a: Garchomp|0 fnt\n|-damage|p2a: Kingambit|45/100|[from] ability: Rough Skin|[of] p1a: Garchomp\n|faint|p1a: Garchomp\n|\n|win|hide on whimscott\n|raw|Player Arrugginito's rating: 1363 &rarr; <strong>1345</strong><br />(-18 for losing)\n|raw|hide on whimscott's rating: 1390 &rarr; <strong>1408</strong><br />(+18 for winning)\n|c|\u2606Player Arrugginito|gg\n",
  "uploadtime": 1776513636,
  "views": 26,
  "formatid": "gen9championsvgc2026regma",
  "rating": 1345,
  "private": 0,
  "password": null
}