{
  "id": "gen9championsvgc2026regma-2580477153",
  "format": "[Gen 9 Champions] VGC 2026 Reg M-A",
  "players": [
    "Braute",
    "DimensionalFool"
  ],
  "log": "|j|\u2606Braute\n|j|\u2606DimensionalFool\n|t:|1775902323\n|gametype|doubles\n|player|p1|Braute|miku-fire|1059\n|player|p2|DimensionalFool|169|1000\n|gen|9\n|tier|[Gen 9 Champions] VGC 2026 Reg M-A\n|rated|\n|rule|Species Clause: Limit one of each Pok\u00e9mon\n|rule|Item Clause: Limit 1 of each item\n|clearpoke\n|poke|p1|Beedrill, L50, F|\n|poke|p1|Dragapult, L50, F|\n|poke|p1|Arcanine-Hisui, L50, F|\n|poke|p1|Sinistcha, L50|\n|poke|p1|Talonflame, L50, F|\n|poke|p1|Basculegion, L50, M|\n|poke|p2|Pelipper, L50, F|\n|poke|p2|Garchomp, L50, F|\n|poke|p2|Archaludon, L50, M|\n|poke|p2|Meganium, L50, F|\n|poke|p2|Sneasler, L50, F|\n|poke|p2|Basculegion, L50, M|\n|teampreview|4\n|inactive|Battle timer is ON: inactive players will automatically lose when time's up. (requested by DimensionalFool)\n|inactive|Braute also wants the timer to be on.\nDimensionalFool rejected open team sheets.\n|inactive|DimensionalFool has 60 seconds left.\n|inactive|DimensionalFool has 30 seconds left.\n|\n|t:|1775902386\n|teamsize|p1|4\n|teamsize|p2|4\n|start\n|switch|p1a: Talonflame|Talonflame, L50, F|100/100\n|switch|p1b: Arcanine|Arcanine-Hisui, L50, F|100/100\n|switch|p2a: Basculegion|Basculegion, L50, M|100/100\n|switch|p2b: Pelipper|Pelipper, L50, F|100/100\n|-ability|p1b: Arcanine|Intimidate|boost\n|-unboost|p2a: Basculegion|atk|1\n|-unboost|p2b: Pelipper|atk|1\n|-weather|RainDance|[from] ability: Drizzle|[of] p2b: Pelipper\n|turn|1\n|\n|t:|1775902403\n|move|p1b: Arcanine|Protect|p1b: Arcanine\n|-singleturn|p1b: Arcanine|Protect\n|move|p2a: Basculegion|Aqua Jet|p1b: Arcanine\n|-activate|p1b: Arcanine|move: Protect\n|move|p1a: Talonflame|Tailwind|p1a: Talonflame\n|-sidestart|p1: Braute|move: Tailwind\n|move|p2b: Pelipper|Tailwind|p2b: Pelipper\n|-sidestart|p2: DimensionalFool|move: Tailwind\n|\n|-weather|RainDance|[upkeep]\n|upkeep\n|turn|2\n|\n|t:|1775902418\n|switch|p1b: Basculegion|Basculegion, L50, M|100/100\n|move|p2a: Basculegion|Aqua Jet|p1a: Talonflame\n|-supereffective|p1a: Talonflame|1\n|-damage|p1a: Talonflame|33/100\n|move|p1a: Talonflame|Dual Wingbeat|p2a: Basculegion\n|-damage|p2a: Basculegion|78/100\n|-damage|p2a: Basculegion|53/100\n|-hitcount|p2a: Basculegion|2\n|move|p2b: Pelipper|Hydro Pump|p1b: Basculegion|[miss]\n|-miss|p2b: Pelipper|p1b: Basculegion\n|\n|-weather|RainDance|[upkeep]\n|upkeep\n|turn|3\n|\n|t:|1775902439\n|switch|p2a: Archaludon|Archaludon, L50, M|100/100\n|move|p1a: Talonflame|Protect|p1a: Talonflame\n|-singleturn|p1a: Talonflame|Protect\n|move|p1b: Basculegion|Last Respects|p2a: Archaludon\n|-damage|p2a: Archaludon|69/100\n|-ability|p2a: Archaludon|Stamina|boost\n|-boost|p2a: Archaludon|def|1\n|move|p2b: Pelipper|Hurricane|p1b: Basculegion\n|-damage|p1b: Basculegion|30/100\n|-start|p1b: Basculegion|confusion\n|\n|-weather|RainDance|[upkeep]\n|-heal|p2a: Archaludon|75/100|[from] item: Leftovers\n|upkeep\n|turn|4\n|\n|t:|1775902457\n|switch|p1a: Arcanine|Arcanine-Hisui, L50, F|100/100\n|-ability|p1a: Arcanine|Intimidate|boost\n|-unboost|p2a: Archaludon|atk|1\n|-unboost|p2b: Pelipper|atk|1\n|-activate|p1b: Basculegion|confusion\n|move|p1b: Basculegion|Last Respects|p2b: Pelipper\n|-damage|p2b: Pelipper|51/100\n|move|p2b: Pelipper|Hydro Pump|p1b: Basculegion\n|-resisted|p1b: Basculegion|1\n|-damage|p1b: Basculegion|0 fnt\n|faint|p1b: Basculegion\n|move|p2a: Archaludon|Electro Shot||[still]\n|-prepare|p2a: Archaludon|Electro Shot\n|-boost|p2a: Archaludon|spa|1\n|-anim|p2a: Archaludon|Electro Shot|p1a: Arcanine\n|-damage|p1a: Arcanine|24/100\n|\n|-weather|RainDance|[upkeep]\n|-heal|p2a: Archaludon|81/100|[from] item: Leftovers\n|-sideend|p2: DimensionalFool|move: Tailwind\n|-sideend|p1: Braute|move: Tailwind\n|upkeep\n|\n|t:|1775902472\n|switch|p1b: Talonflame|Talonflame, L50, F|33/100\n|turn|5\n|\n|t:|1775902485\n|move|p1b: Talonflame|Tailwind|p1b: Talonflame\n|-sidestart|p1: Braute|move: Tailwind\n|move|p1a: Arcanine|Head Smash|p2b: Pelipper|[miss]\n|-miss|p1a: Arcanine|p2b: Pelipper\n|move|p2b: Pelipper|Tailwind|p2b: Pelipper\n|-sidestart|p2: DimensionalFool|move: Tailwind\n|move|p2a: Archaludon|Electro Shot||[still]\n|-prepare|p2a: Archaludon|Electro Shot\n|-boost|p2a: Archaludon|spa|1\n|-anim|p2a: Archaludon|Electro Shot|p1a: Arcanine\n|-damage|p1a: Arcanine|0 fnt\n|faint|p1a: Arcanine\n|\n|-weather|none\n|-heal|p2a: Archaludon|87/100|[from] item: Leftovers\n|upkeep\n|\n|t:|1775902489\n|switch|p1a: Beedrill|Beedrill, L50, F, shiny|100/100\n|turn|6\n|-message|Braute forfeited.\n|\n|win|DimensionalFool\n|raw|Braute's rating: 1059 &rarr; <strong>1037</strong><br />(-22 for losing)\n|raw|DimensionalFool's rating: 1000 &rarr; <strong>1047</strong><br />(+47 for winning)\n",
  "uploadtime": 1775902501,
  "views": 19,
  "formatid": "gen9championsvgc2026regma",
  "rating": 1037,
  "private": 0,
  "password": null
}