{
  "id": "gen9championsvgc2026regma-2585792931",
  "format": "[Gen 9 Champions] VGC 2026 Reg M-A",
  "players": [
    "KusinVitamin",
    "Phillip Blevin"
  ],
  "log": "|j|\u2606KusinVitamin\n|j|\u2606Phillip Blevin\n|t:|1776371022\n|gametype|doubles\n|player|p1|KusinVitamin|volkner|1267\n|player|p2|Phillip Blevin|cynthia-masters4|1198\n|gen|9\n|tier|[Gen 9 Champions] VGC 2026 Reg M-A\n|rated|\n|rule|Species Clause: Limit one of each Pok\u00e9mon\n|rule|Item Clause: Limit 1 of each item\n|clearpoke\n|poke|p1|Charizard, L50, M|\n|poke|p1|Garchomp, L50, F|\n|poke|p1|Sneasler, L50, M|\n|poke|p1|Milotic, L50, F|\n|poke|p1|Aerodactyl, L50, F|\n|poke|p1|Whimsicott, L50, F|\n|poke|p2|Sinistcha-Masterpiece, L50|\n|poke|p2|Corviknight, L50, F|\n|poke|p2|Garchomp, L50, F|\n|poke|p2|Arcanine-Hisui, L50, M|\n|poke|p2|Froslass, L50, F|\n|poke|p2|Rotom-Wash, L50|\n|teampreview|4\n|inactive|Battle timer is ON: inactive players will automatically lose when time's up. (requested by Phillip Blevin)\n|inactive|KusinVitamin also wants the timer to be on.\nPhillip Blevin has agreed to open team sheets.\n|inactive|KusinVitamin has 60 seconds left.\n|inactive|KusinVitamin has 30 seconds left.\n|\n|t:|1776371084\n|teamsize|p1|4\n|teamsize|p2|4\n|start\n|switch|p1a: Charizard|Charizard, L50, M|100/100\n|switch|p1b: Sneasler|Sneasler, L50, M|100/100\n|switch|p2a: Rotom|Rotom-Wash, L50|100/100\n|switch|p2b: Garchomp|Garchomp, L50, F|100/100\n|turn|1\n|\n|t:|1776371100\n|detailschange|p1a: Charizard|Charizard-Mega-Y, L50, M\n|-mega|p1a: Charizard|Charizard|Charizardite Y\n|-weather|SunnyDay|[from] ability: Drought|[of] p1a: Charizard\n|move|p1b: Sneasler|Fake Out|p2b: Garchomp\n|-damage|p2b: Garchomp|85/100\n|-damage|p1b: Sneasler|88/100|[from] ability: Rough Skin|[of] p2b: Garchomp\n|move|p2a: Rotom|Electroweb|p1a: Charizard|[spread] p1a,p1b\n|-supereffective|p1a: Charizard|1\n|-damage|p1a: Charizard|72/100\n|-damage|p1b: Sneasler|69/100\n|-unboost|p1a: Charizard|spe|1\n|-unboost|p1b: Sneasler|spe|1\n|-enditem|p1b: Sneasler|White Herb\n|-clearnegativeboost|p1b: Sneasler|[silent]\n|cant|p2b: Garchomp|flinch\n|move|p1a: Charizard|Solar Beam||[still]\n|-prepare|p1a: Charizard|Solar Beam\n|-anim|p1a: Charizard|Solar Beam|p2a: Rotom\n|-supereffective|p2a: Rotom|1\n|-damage|p2a: Rotom|0 fnt\n|faint|p2a: Rotom\n|\n|-weather|SunnyDay|[upkeep]\n|upkeep\n|\n|t:|1776371113\n|switch|p2a: Froslass|Froslass, L50, F|100/100\n|turn|2\n|\n|t:|1776371134\n|switch|p1b: Milotic|Milotic, L50, F|100/100\n|switch|p1a: Whimsicott|Whimsicott, L50, F|100/100\n|detailschange|p2a: Froslass|Froslass-Mega, L50, F\n|-mega|p2a: Froslass|Froslass|Froslassite\n|-weather|Snowscape|[from] ability: Snow Warning|[of] p2a: Froslass\n|move|p2a: Froslass|Blizzard|p1b: Milotic|[spread] p1a,p1b\n|-supereffective|p1a: Whimsicott|1\n|-resisted|p1b: Milotic|1\n|-enditem|p1a: Whimsicott|Focus Sash\n|-damage|p1a: Whimsicott|1/100\n|-damage|p1b: Milotic|85/100\n|-status|p1a: Whimsicott|frz\n|move|p2b: Garchomp|Rock Slide|p1b: Milotic|[spread] p1a\n|-miss|p2b: Garchomp|p1b: Milotic\n|-damage|p1a: Whimsicott|0 fnt\n|faint|p1a: Whimsicott\n|\n|-weather|Snowscape|[upkeep]\n|-heal|p1b: Milotic|91/100|[from] item: Leftovers\n|upkeep\n|\n|t:|1776371154\n|switch|p1a: Charizard|Charizard-Mega-Y, L50, M|72/100\n|-weather|SunnyDay|[from] ability: Drought|[of] p1a: Charizard\n|turn|3\n|\n|t:|1776371165\n|move|p2a: Froslass|Shadow Ball|p1b: Milotic\n|-damage|p1b: Milotic|61/100\n|move|p2b: Garchomp|Rock Slide|p1a: Charizard|[spread] p1a,p1b\n|-supereffective|p1a: Charizard|2\n|-damage|p1a: Charizard|0 fnt\n|-damage|p1b: Milotic|48/100\n|faint|p1a: Charizard\n|move|p1b: Milotic|Icy Wind|p2a: Froslass|[spread] p2a,p2b\n|-resisted|p2a: Froslass|1\n|-supereffective|p2b: Garchomp|2\n|-damage|p2a: Froslass|95/100\n|-damage|p2b: Garchomp|41/100\n|-unboost|p2a: Froslass|spe|1\n|-unboost|p2b: Garchomp|spe|1\n|\n|-weather|SunnyDay|[upkeep]\n|-heal|p1b: Milotic|53/100|[from] item: Leftovers\n|upkeep\n|\n|t:|1776371178\n|switch|p1a: Sneasler|Sneasler, L50, M|69/100\n|turn|4\n|\n|t:|1776371191\n|move|p1a: Sneasler|Dire Claw|p2a: Froslass\n|-resisted|p2a: Froslass|1\n|-damage|p2a: Froslass|58/100\n|move|p2a: Froslass|Shadow Ball|p1a: Sneasler\n|-crit|p1a: Sneasler\n|-damage|p1a: Sneasler|0 fnt\n|faint|p1a: Sneasler\n|move|p2b: Garchomp|Earthquake|p1b: Milotic|[spread] p2a,p1b\n|-damage|p2a: Froslass|0 fnt\n|-damage|p1b: Milotic|24/100\n|faint|p2a: Froslass\n|move|p1b: Milotic|Icy Wind|p2b: Garchomp\n|-supereffective|p2b: Garchomp|2\n|-damage|p2b: Garchomp|0 fnt\n|faint|p2b: Garchomp\n|\n|-weather|SunnyDay|[upkeep]\n|-heal|p1b: Milotic|30/100|[from] item: Leftovers\n|upkeep\n|\n|t:|1776371198\n|switch|p2b: Arcanine|Arcanine-Hisui, L50, M|100/100\n|-ability|p2b: Arcanine|Intimidate|boost\n|-unboost|p1b: Milotic|atk|1\n|-ability|p1b: Milotic|Competitive|boost\n|-boost|p1b: Milotic|spa|2\n|turn|5\n|\n|t:|1776371211\n|move|p1b: Milotic|Protect|p1b: Milotic\n|-singleturn|p1b: Milotic|Protect\n|move|p2b: Arcanine|Flare Blitz|p1b: Milotic\n|-activate|p1b: Milotic|move: Protect\n|\n|-weather|SunnyDay|[upkeep]\n|-heal|p1b: Milotic|36/100|[from] item: Leftovers\n|upkeep\n|turn|6\n|\n|t:|1776371219\n|move|p2b: Arcanine|Flare Blitz|p1b: Milotic\n|-resisted|p1b: Milotic|1\n|-damage|p1b: Milotic|1/100\n|-damage|p2b: Arcanine|87/100|[from] Recoil\n|move|p1b: Milotic|Scald|p2b: Arcanine\n|-supereffective|p2b: Arcanine|2\n|-damage|p2b: Arcanine|0 fnt\n|faint|p2b: Arcanine\n|\n|win|KusinVitamin\n|raw|KusinVitamin's rating: 1267 &rarr; <strong>1287</strong><br />(+20 for winning)\n|raw|Phillip Blevin's rating: 1198 &rarr; <strong>1178</strong><br />(-20 for losing)\n",
  "uploadtime": 1776371219,
  "views": 16,
  "formatid": "gen9championsvgc2026regma",
  "rating": 1178,
  "private": 0,
  "password": null
}