{
  "id": "gen9championsvgc2026regma-2585437330",
  "format": "[Gen 9 Champions] VGC 2026 Reg M-A",
  "players": [
    "hazima",
    "yubanmeiqin"
  ],
  "log": "|j|\u2606hazima\n|j|\u2606yubanmeiqin\n|t:|1776347247\n|gametype|doubles\n|player|p1|hazima|hilbert|1268\n|player|p2|yubanmeiqin|iono-masters|1279\n|gen|9\n|tier|[Gen 9 Champions] VGC 2026 Reg M-A\n|rated|\n|rule|Species Clause: Limit one of each Pok\u00e9mon\n|rule|Item Clause: Limit 1 of each item\n|clearpoke\n|poke|p1|Floette-Eternal, L50, F|\n|poke|p1|Incineroar, L50, F|\n|poke|p1|Sinistcha, L50|\n|poke|p1|Aerodactyl, L50, F|\n|poke|p1|Kingambit, L50, M|\n|poke|p1|Sneasler, L50, M|\n|poke|p2|Delphox, L50, F|\n|poke|p2|Venusaur, L50, F|\n|poke|p2|Garchomp, L50, F|\n|poke|p2|Sneasler, L50, F|\n|poke|p2|Kingambit, L50, F|\n|poke|p2|Rotom-Wash, L50|\n|teampreview|4\n|j| wuminshi\n|\n|t:|1776347272\n|teamsize|p1|4\n|teamsize|p2|4\n|start\n|switch|p1a: Aerodactyl|Aerodactyl, L50, F|100/100\n|switch|p1b: Floette|Floette-Eternal, L50, F|100/100\n|switch|p2a: Venusaur|Venusaur, L50, F|100/100\n|switch|p2b: \u81ea\u52a8\u52a0\u6e7f|Rotom-Wash, L50|100/100\n|-ability|p1a: Aerodactyl|Unnerve\n|turn|1\n|\n|t:|1776347287\n|detailschange|p1b: Floette|Floette-Mega, L50, F\n|-mega|p1b: Floette|Floette|Floettite\n|-ability|p1b: Floette|Fairy Aura\n|detailschange|p2a: Venusaur|Venusaur-Mega, L50, F\n|-mega|p2a: Venusaur|Venusaur|Venusaurite\n|move|p2b: \u81ea\u52a8\u52a0\u6e7f|Volt Switch|p1b: Floette\n|-damage|p1b: Floette|76/100\n|\n|t:|1776347298\n|switch|p2b: \u62c9\u6016\u6016|Sneasler, L50, F, shiny|100/100|[from] Volt Switch\n|move|p1a: Aerodactyl|Dual Wingbeat|p2a: Venusaur\n|-supereffective|p2a: Venusaur|1\n|-damage|p2a: Venusaur|71/100\n|-supereffective|p2a: Venusaur|1\n|-damage|p2a: Venusaur|42/100\n|-hitcount|p2a: Venusaur|2\n|move|p1b: Floette|Calm Mind|p1b: Floette\n|-boost|p1b: Floette|spa|1\n|-boost|p1b: Floette|spd|1\n|move|p2a: Venusaur|Sludge Bomb|p1b: Floette\n|-supereffective|p1b: Floette|1\n|-damage|p1b: Floette|25/100\n|\n|upkeep\n|turn|2\n|\n|t:|1776347320\n|switch|p2a: \u81ea\u52a8\u52a0\u6e7f|Rotom-Wash, L50|100/100\n|move|p2b: \u62c9\u6016\u6016|Fake Out|p1a: Aerodactyl\n|-resisted|p1a: Aerodactyl|1\n|-damage|p1a: Aerodactyl|89/100\n|cant|p1a: Aerodactyl|flinch\n|move|p1b: Floette|Light of Ruin|p2a: \u81ea\u52a8\u52a0\u6e7f|[miss]\n|-miss|p1b: Floette|p2a: \u81ea\u52a8\u52a0\u6e7f\n|\n|upkeep\n|turn|3\n|\n|t:|1776347341\n|switch|p1a: Sinistcha|Sinistcha, L50|100/100\n|-heal|p1b: Floette|50/100|[from] ability: Hospitality|[of] p1a: Sinistcha\n|move|p1b: Floette|Protect|p1b: Floette\n|-singleturn|p1b: Floette|Protect\n|move|p2a: \u81ea\u52a8\u52a0\u6e7f|Thunderbolt|p1a: Sinistcha\n|-resisted|p1a: Sinistcha|1\n|-damage|p1a: Sinistcha|76/100\n|move|p2b: \u62c9\u6016\u6016|Dire Claw|p1b: Floette\n|-activate|p1b: Floette|move: Protect\n|\n|upkeep\n|turn|4\n|\n|t:|1776347352\n|switch|p2a: Venusaur|Venusaur-Mega, L50, F|42/100\n|move|p1a: Sinistcha|Rage Powder|p1a: Sinistcha\n|-singleturn|p1a: Sinistcha|move: Rage Powder\n|move|p2b: \u62c9\u6016\u6016|Dire Claw|p1a: Sinistcha\n|-damage|p1a: Sinistcha|45/100\n|move|p1b: Floette|Dazzling Gleam|p2b: \u62c9\u6016\u6016|[spread] p2a,p2b\n|-resisted|p2a: Venusaur|1\n|-damage|p2a: Venusaur|17/100\n|-enditem|p2b: \u62c9\u6016\u6016|Focus Sash\n|-damage|p2b: \u62c9\u6016\u6016|1/100\n|\n|upkeep\n|turn|5\n|\n|t:|1776347373\n|move|p2a: Venusaur|Protect|p2a: Venusaur\n|-singleturn|p2a: Venusaur|Protect\n|move|p1a: Sinistcha|Rage Powder|p1a: Sinistcha\n|-singleturn|p1a: Sinistcha|move: Rage Powder\n|move|p2b: \u62c9\u6016\u6016|Dire Claw|p1a: Sinistcha\n|-damage|p1a: Sinistcha|15/100\n|-status|p1a: Sinistcha|psn\n|move|p1b: Floette|Dazzling Gleam|p2b: \u62c9\u6016\u6016|[spread] p2b\n|-activate|p2a: Venusaur|move: Protect\n|-damage|p2b: \u62c9\u6016\u6016|0 fnt\n|faint|p2b: \u62c9\u6016\u6016\n|\n|-damage|p1a: Sinistcha|2/100 psn|[from] psn\n|upkeep\n|\n|t:|1776347389\n|switch|p2b: \u81ea\u52a8\u52a0\u6e7f|Rotom-Wash, L50|100/100\n|turn|6\n|\n|t:|1776347395\n|move|p1a: Sinistcha|Rage Powder|p1a: Sinistcha\n|-singleturn|p1a: Sinistcha|move: Rage Powder\n|move|p2b: \u81ea\u52a8\u52a0\u6e7f|Electroweb|p1a: Sinistcha|[spread] p1a,p1b\n|-resisted|p1a: Sinistcha|1\n|-damage|p1a: Sinistcha|0 fnt\n|-damage|p1b: Floette|38/100\n|-unboost|p1b: Floette|spe|1\n|faint|p1a: Sinistcha\n|move|p2a: Venusaur|Sludge Bomb|p1b: Floette\n|-supereffective|p1b: Floette|1\n|-damage|p1b: Floette|0 fnt\n|faint|p1b: Floette\n|\n|upkeep\n|\n|t:|1776347404\n|switch|p1b: Kingambit|Kingambit, L50, M|100/100\n|switch|p1a: Aerodactyl|Aerodactyl, L50, F|89/100\n|-ability|p1a: Aerodactyl|Unnerve\n|turn|7\n|\n|t:|1776347420\n|switch|p2b: \u804b\uff0c\u53ef\u662f\u5730\u4ea1\u4e4b\u5f81\u554a|Garchomp, L50, F, shiny|100/100\n|move|p1a: Aerodactyl|Protect|p1a: Aerodactyl\n|-singleturn|p1a: Aerodactyl|Protect\n|move|p2a: Venusaur|Protect|p2a: Venusaur\n|-singleturn|p2a: Venusaur|Protect\n|move|p1b: Kingambit|Kowtow Cleave|p2b: \u804b\uff0c\u53ef\u662f\u5730\u4ea1\u4e4b\u5f81\u554a\n|-damage|p2b: \u804b\uff0c\u53ef\u662f\u5730\u4ea1\u4e4b\u5f81\u554a|52/100\n|-damage|p1b: Kingambit|88/100|[from] ability: Rough Skin|[of] p2b: \u804b\uff0c\u53ef\u662f\u5730\u4ea1\u4e4b\u5f81\u554a\n|\n|upkeep\n|turn|8\n|\n|t:|1776347446\n|move|p1b: Kingambit|Sucker Punch|p2b: \u804b\uff0c\u53ef\u662f\u5730\u4ea1\u4e4b\u5f81\u554a\n|-damage|p2b: \u804b\uff0c\u53ef\u662f\u5730\u4ea1\u4e4b\u5f81\u554a|13/100\n|-damage|p1b: Kingambit|76/100|[from] ability: Rough Skin|[of] p2b: \u804b\uff0c\u53ef\u662f\u5730\u4ea1\u4e4b\u5f81\u554a\n|move|p1a: Aerodactyl|Rock Slide|p2a: Venusaur|[spread] p2a\n|-miss|p1a: Aerodactyl|p2b: \u804b\uff0c\u53ef\u662f\u5730\u4ea1\u4e4b\u5f81\u554a\n|-damage|p2a: Venusaur|0 fnt\n|faint|p2a: Venusaur\n|move|p2b: \u804b\uff0c\u53ef\u662f\u5730\u4ea1\u4e4b\u5f81\u554a|Dragon Claw|p1a: Aerodactyl\n|-damage|p1a: Aerodactyl|18/100\n|\n|upkeep\n|\n|t:|1776347453\n|switch|p2a: \u81ea\u52a8\u52a0\u6e7f|Rotom-Wash, L50|100/100\n|turn|9\n|\n|t:|1776347466\n|move|p1a: Aerodactyl|Protect|p1a: Aerodactyl\n|-singleturn|p1a: Aerodactyl|Protect\n|move|p2b: \u804b\uff0c\u53ef\u662f\u5730\u4ea1\u4e4b\u5f81\u554a|Protect|p2b: \u804b\uff0c\u53ef\u662f\u5730\u4ea1\u4e4b\u5f81\u554a\n|-singleturn|p2b: \u804b\uff0c\u53ef\u662f\u5730\u4ea1\u4e4b\u5f81\u554a|Protect\n|move|p2a: \u81ea\u52a8\u52a0\u6e7f|Thunderbolt|p1b: Kingambit\n|-damage|p1b: Kingambit|40/100\n|move|p1b: Kingambit|Kowtow Cleave|p2a: \u81ea\u52a8\u52a0\u6e7f\n|-damage|p2a: \u81ea\u52a8\u52a0\u6e7f|31/100\n|\n|upkeep\n|turn|10\n|-message|yubanmeiqin forfeited.\n|\n|win|hazima\n|raw|hazima's rating: 1268 &rarr; <strong>1294</strong><br />(+26 for winning)\n|raw|yubanmeiqin's rating: 1279 &rarr; <strong>1253</strong><br />(-26 for losing)\n|l|\u2606yubanmeiqin\n|player|p2|\n|l| wuminshi\n|c|\u2606hazima|\u6211\u53bb\n|c|\u2606hazima|\u7f8e\u7434\n|n| suibiandajiba|hazima\n|n|\u2606hazima|suibiandajiba\n|l|\u2606hazima\n|player|p1|\n|j|\u2606hazima\n|player|p1|hazima|lillie-masters2|\n",
  "uploadtime": 1776347507,
  "views": 37,
  "formatid": "gen9championsvgc2026regma",
  "rating": 1253,
  "private": 0,
  "password": null
}