{
  "id": "gen9championsvgc2026regma-2585368870",
  "format": "[Gen 9 Champions] VGC 2026 Reg M-A",
  "players": [
    "astenar",
    "lblier"
  ],
  "log": "|j|\u2606astenar\n|j|\u2606lblier\n|t:|1776341972\n|gametype|doubles\n|player|p1|astenar|265|1208\n|player|p2|lblier|101|1178\n|gen|9\n|tier|[Gen 9 Champions] VGC 2026 Reg M-A\n|rated|\n|rule|Species Clause: Limit one of each Pok\u00e9mon\n|rule|Item Clause: Limit 1 of each item\n|clearpoke\n|poke|p1|Zoroark-Hisui, L50, F|\n|poke|p1|Excadrill, L50, M|\n|poke|p1|Tyranitar, L50, M|\n|poke|p1|Kingambit, L50, M|\n|poke|p1|Ampharos, L50, F|\n|poke|p1|Hatterene, L50, F|\n|poke|p2|Crabominable, L50, M|\n|poke|p2|Chimecho, L50, M|\n|poke|p2|Slowking, L50, F|\n|poke|p2|Sinistcha, L50|\n|poke|p2|Primarina, L50, M|\n|poke|p2|Incineroar, L50, F|\n|teampreview|4\n|inactive|Battle timer is ON: inactive players will automatically lose when time's up. (requested by astenar)\nastenar has agreed to open team sheets.\n|inactive|lblier has 60 seconds left.\n|\n|t:|1776342019\n|teamsize|p1|4\n|teamsize|p2|4\n|start\n|switch|p1a: Tyranitar|Tyranitar, L50, M|100/100\n|switch|p1b: Hatterene|Hatterene, L50, F|100/100\n|switch|p2a: Crabominable|Crabominable, L50, M|100/100\n|switch|p2b: Slowking|Slowking, L50, F|100/100\n|-weather|Sandstorm|[from] ability: Sand Stream|[of] p1a: Tyranitar\n|turn|1\n|\n|t:|1776342035\n|detailschange|p2a: Crabominable|Crabominable-Mega, L50, M\n|-mega|p2a: Crabominable|Crabominable|Crabominite\n|move|p1a: Tyranitar|Protect|p1a: Tyranitar\n|-singleturn|p1a: Tyranitar|Protect\n|move|p2a: Crabominable|Protect|p2a: Crabominable\n|-singleturn|p2a: Crabominable|Protect\n|move|p1b: Hatterene|Shadow Ball|p2b: Slowking\n|-supereffective|p2b: Slowking|1\n|-damage|p2b: Slowking|31/100\n|move|p2b: Slowking|Trick Room|p2b: Slowking\n|-fieldstart|move: Trick Room|[of] p2b: Slowking\n|\n|-weather|Sandstorm|[upkeep]\n|-damage|p2a: Crabominable|95/100|[from] Sandstorm\n|-damage|p2b: Slowking|25/100|[from] Sandstorm\n|-damage|p1b: Hatterene|94/100|[from] Sandstorm\n|upkeep\n|turn|2\n|inactive|lblier has 30 seconds left.\n|\n|t:|1776342065\n|move|p2a: Crabominable|Close Combat|p1a: Tyranitar\n|-supereffective|p1a: Tyranitar|2\n|-damage|p1a: Tyranitar|0 fnt\n|-unboost|p2a: Crabominable|def|1\n|-unboost|p2a: Crabominable|spd|1\n|faint|p1a: Tyranitar\n|-prepare|p2b: Slowking|Chilly Reception|[premajor]\n|move|p2b: Slowking|Chilly Reception|p2b: Slowking\n|-weather|Snowscape\n|\n|t:|1776342082\n|switch|p2b: Sinistcha|Sinistcha, L50|100/100|[from] Chilly Reception\n|-heal|p2a: Crabominable|100/100|[from] ability: Hospitality|[of] p2b: Sinistcha\n|move|p1b: Hatterene|Shadow Ball|p2a: Crabominable\n|-damage|p2a: Crabominable|46/100\n|\n|-weather|Snowscape|[upkeep]\n|upkeep\n|\n|t:|1776342091\n|switch|p1a: Hatterene|Hatterene, L50, F|100/100\n|turn|3\n|\n|t:|1776342108\n|move|p1a: Hatterene|Dazzling Gleam|p2b: Sinistcha|[spread] p2a,p2b\n|-supereffective|p2a: Crabominable|1\n|-damage|p2a: Crabominable|0 fnt\n|-damage|p2b: Sinistcha|65/100\n|faint|p2a: Crabominable\n|move|p2b: Sinistcha|Shadow Ball|p1b: Hatterene\n|-immune|p1b: Hatterene\n|move|p1b: Hatterene|Shadow Ball|p2b: Sinistcha\n|-supereffective|p2b: Sinistcha|1\n|-damage|p2b: Sinistcha|0 fnt\n|faint|p2b: Sinistcha\n|\n|-weather|Snowscape|[upkeep]\n|upkeep\n|\n|t:|1776342125\n|switch|p2a: Slowking|Slowking, L50, F|58/100\n|switch|p2b: Incineroar|Incineroar, L50, F|100/100\n|-ability|p2b: Incineroar|Intimidate|boost\n|-unboost|p1a: Hatterene|atk|1\n|-unboost|p1b: Hatterene|atk|1\n|turn|4\n|inactive|lblier has 30 seconds left.\n|\n|t:|1776342156\n|move|p1a: Hatterene|Protect|p1a: Hatterene\n|-singleturn|p1a: Hatterene|Protect\n|move|p2b: Incineroar|Fake Out|p1a: Hatterene\n|-activate|p1a: Hatterene|move: Protect\n|move|p2a: Slowking|Psychic|p1b: Hatterene\n|-damage|p1b: Hatterene|31/100\n|replace|p1b: Zoroark|Zoroark-Hisui, L50, F\n|-end|p1b: Zoroark|Illusion\n|move|p1b: Zoroark|Shadow Ball|p2a: Slowking\n|-supereffective|p2a: Slowking|1\n|-damage|p2a: Slowking|0 fnt\n|faint|p2a: Slowking\n|\n|-weather|Snowscape|[upkeep]\n|upkeep\n|turn|5\n|\n|t:|1776342170\n|move|p1a: Hatterene|Dazzling Gleam|p2b: Incineroar\n|-damage|p2b: Incineroar|59/100\n|move|p2b: Incineroar|Darkest Lariat|p1b: Zoroark\n|-supereffective|p1b: Zoroark|1\n|-damage|p1b: Zoroark|0 fnt\n|faint|p1b: Zoroark\n|\n|-weather|Snowscape|[upkeep]\n|-fieldend|move: Trick Room\n|upkeep\n|\n|t:|1776342174\n|switch|p1b: Ampharos|Ampharos, L50, F|100/100\n|turn|6\n|\n|t:|1776342188\n|detailschange|p1b: Ampharos|Ampharos-Mega, L50, F\n|-mega|p1b: Ampharos|Ampharos|Ampharosite\n|-ability|p1b: Ampharos|Mold Breaker\n|move|p2b: Incineroar|Flare Blitz|p1a: Hatterene\n|-damage|p1a: Hatterene|22/100\n|-damage|p2b: Incineroar|38/100|[from] Recoil\n|-enditem|p2b: Incineroar|Sitrus Berry|[eat]\n|-heal|p2b: Incineroar|62/100|[from] item: Sitrus Berry\n|move|p1b: Ampharos|Thunderbolt|p2b: Incineroar\n|-damage|p2b: Incineroar|4/100\n|move|p1a: Hatterene|Dazzling Gleam|p2b: Incineroar\n|-damage|p2b: Incineroar|0 fnt\n|faint|p2b: Incineroar\n|\n|win|astenar\n|raw|astenar's rating: 1208 &rarr; <strong>1231</strong><br />(+23 for winning)\n|raw|lblier's rating: 1178 &rarr; <strong>1155</strong><br />(-23 for losing)\n|l|\u2606lblier\n|player|p2|\n",
  "uploadtime": 1776342296,
  "views": 27,
  "formatid": "gen9championsvgc2026regma",
  "rating": 1155,
  "private": 0,
  "password": null
}