{
  "id": "gen9championsvgc2026regma-2586186013",
  "format": "[Gen 9 Champions] VGC 2026 Reg M-A",
  "players": [
    "yamzinyobooty",
    "MeansJeans"
  ],
  "log": "|j|\u2606yamzinyobooty\n|j|\u2606MeansJeans\n|t:|1776409878\n|gametype|doubles\n|player|p1|yamzinyobooty|102|1083\n|player|p2|MeansJeans|clerk|1043\n|gen|9\n|tier|[Gen 9 Champions] VGC 2026 Reg M-A\n|rated|\n|rule|Species Clause: Limit one of each Pok\u00e9mon\n|rule|Item Clause: Limit 1 of each item\n|clearpoke\n|poke|p1|Charizard, L50, M|\n|poke|p1|Venusaur, L50, M|\n|poke|p1|Garchomp, L50, M|\n|poke|p1|Incineroar, L50, M|\n|poke|p1|Gardevoir, L50, M|\n|poke|p1|Milotic, L50, M|\n|poke|p2|Dragonite, L50, F|\n|poke|p2|Passimian, L50, M|\n|poke|p2|Corviknight, L50, F|\n|poke|p2|Gengar, L50, M|\n|poke|p2|Aggron, L50, F|\n|poke|p2|Sinistcha-Masterpiece, L50|\n|teampreview|4\n|inactive|Battle timer is ON: inactive players will automatically lose when time's up. (requested by MeansJeans)\n|inactive|yamzinyobooty has 60 seconds left.\n|\n|t:|1776409917\n|teamsize|p1|4\n|teamsize|p2|4\n|start\n|switch|p1a: Charizard|Charizard, L50, M|100/100\n|switch|p1b: Garchomp|Garchomp, L50, M|100/100\n|switch|p2a: Passimian|Passimian, L50, M|100/100\n|switch|p2b: Corviknight|Corviknight, L50, F|100/100\n|turn|1\n|\n|t:|1776409938\n|detailschange|p1a: Charizard|Charizard-Mega-Y, L50, M\n|-mega|p1a: Charizard|Charizard|Charizardite Y\n|-weather|SunnyDay|[from] ability: Drought|[of] p1a: Charizard\n|move|p1a: Charizard|Protect|p1a: Charizard\n|-singleturn|p1a: Charizard|Protect\n|move|p1b: Garchomp|Rock Slide|p2b: Corviknight|[spread] p2a,p2b\n|-resisted|p2a: Passimian|1\n|-damage|p2a: Passimian|90/100\n|-damage|p2b: Corviknight|84/100\n|move|p2a: Passimian|Rain Dance|p2a: Passimian\n|-weather|RainDance\n|move|p2b: Corviknight|Light Screen|p2b: Corviknight\n|-sidestart|p2: MeansJeans|move: Light Screen\n|\n|-weather|RainDance|[upkeep]\n|-heal|p2b: Corviknight|90/100|[from] item: Leftovers\n|upkeep\n|turn|2\n|inactive|MeansJeans has 30 seconds left.\n|\n|t:|1776409966\n|move|p1b: Garchomp|Rock Slide|p2a: Passimian|[spread] p2a,p2b\n|-resisted|p2a: Passimian|1\n|-damage|p2a: Passimian|79/100\n|-damage|p2b: Corviknight|73/100\n|move|p1a: Charizard|Heat Wave|p2b: Corviknight|[spread] p2a,p2b\n|-supereffective|p2b: Corviknight|1\n|-damage|p2a: Passimian|59/100\n|-damage|p2b: Corviknight|44/100\n|-status|p2a: Passimian|brn\n|move|p2a: Passimian|Knock Off|p1a: Charizard\n|-damage|p1a: Charizard|85/100\n|move|p2b: Corviknight|Tailwind|p2b: Corviknight\n|-sidestart|p2: MeansJeans|move: Tailwind\n|\n|-weather|RainDance|[upkeep]\n|-heal|p2b: Corviknight|50/100|[from] item: Leftovers\n|-damage|p2a: Passimian|53/100 brn|[from] brn\n|upkeep\n|turn|3\n|inactive|yamzinyobooty has 30 seconds left.\n|inactive|MeansJeans has 30 seconds left.\n|\n|t:|1776409997\n|switch|p2a: Gengar|Gengar, L50, M|100/100\n|move|p2b: Corviknight|Iron Head|p1a: Charizard\n|-resisted|p1a: Charizard|1\n|-damage|p1a: Charizard|68/100\n|move|p1b: Garchomp|Earthquake|p2a: Gengar|[spread] p2a\n|-immune|p1a: Charizard\n|-immune|p2b: Corviknight\n|-supereffective|p2a: Gengar|1\n|-enditem|p2a: Gengar|Focus Sash\n|-damage|p2a: Gengar|1/100\n|-start|p1b: Garchomp|Disable|Earthquake|[from] ability: Cursed Body|[of] p2a: Gengar\n|move|p1a: Charizard|Heat Wave|p2a: Gengar|[spread] p2a,p2b\n|-supereffective|p2b: Corviknight|1\n|-damage|p2a: Gengar|0 fnt\n|-damage|p2b: Corviknight|22/100\n|faint|p2a: Gengar\n|\n|-weather|RainDance|[upkeep]\n|-heal|p2b: Corviknight|28/100|[from] item: Leftovers\n|upkeep\n|\n|t:|1776410014\n|switch|p2a: Dragonite|Dragonite, L50, F|100/100\n|turn|4\n|inactive|MeansJeans has 30 seconds left.\n|\n|t:|1776410043\n|detailschange|p2a: Dragonite|Dragonite-Mega, L50, F\n|-mega|p2a: Dragonite|Dragonite|Dragoninite\n|move|p1b: Garchomp|Protect|p1b: Garchomp\n|-singleturn|p1b: Garchomp|Protect\n|move|p1a: Charizard|Protect|p1a: Charizard\n|-singleturn|p1a: Charizard|Protect\n|move|p2a: Dragonite|Hurricane|p1b: Garchomp\n|-activate|p1b: Garchomp|move: Protect\n|move|p2b: Corviknight|Reflect|p2b: Corviknight\n|-sidestart|p2: MeansJeans|Reflect\n|\n|-weather|RainDance|[upkeep]\n|-heal|p2b: Corviknight|34/100|[from] item: Leftovers\n|upkeep\n|turn|5\n|\n|t:|1776410068\n|switch|p1a: Milotic|Milotic, L50, M|100/100\n|move|p2a: Dragonite|Thunderbolt|p1a: Milotic\n|-supereffective|p1a: Milotic|1\n|-damage|p1a: Milotic|55/100\n|move|p2b: Corviknight|Iron Head|p1b: Garchomp\n|-damage|p1b: Garchomp|75/100\n|-damage|p2b: Corviknight|21/100|[from] ability: Rough Skin|[of] p1b: Garchomp\n|move|p1b: Garchomp|Dragon Claw|p2a: Dragonite\n|-supereffective|p2a: Dragonite|1\n|-damage|p2a: Dragonite|75/100\n|\n|-weather|none\n|-heal|p2b: Corviknight|27/100|[from] item: Leftovers\n|-heal|p1a: Milotic|61/100|[from] item: Leftovers\n|-sideend|p2: MeansJeans|move: Light Screen\n|-sideend|p2: MeansJeans|move: Tailwind\n|upkeep\n|turn|6\n|\n|t:|1776410093\n|move|p2a: Dragonite|Protect|p2a: Dragonite\n|-singleturn|p2a: Dragonite|Protect\n|move|p1b: Garchomp|Rock Slide|p2a: Dragonite|[spread] p2b\n|-activate|p2a: Dragonite|move: Protect\n|-damage|p2b: Corviknight|16/100\n|move|p2b: Corviknight|Tailwind|p2b: Corviknight\n|-sidestart|p2: MeansJeans|move: Tailwind\n|move|p1a: Milotic|Ice Beam|p2a: Dragonite\n|-activate|p2a: Dragonite|move: Protect\n|\n|-heal|p2b: Corviknight|21/100|[from] item: Leftovers\n|-heal|p1a: Milotic|67/100|[from] item: Leftovers\n|-end|p1b: Garchomp|Disable\n|upkeep\n|turn|7\n|\n|t:|1776410117\n|move|p1a: Milotic|Protect|p1a: Milotic\n|-singleturn|p1a: Milotic|Protect\n|move|p2a: Dragonite|Thunderbolt|p1a: Milotic\n|-activate|p1a: Milotic|move: Protect\n|move|p2b: Corviknight|Iron Head|p1a: Milotic\n|-activate|p1a: Milotic|move: Protect\n|move|p1b: Garchomp|Rock Slide|p2b: Corviknight|[spread] p2a,p2b\n|-supereffective|p2a: Dragonite|1\n|-damage|p2a: Dragonite|49/100\n|-damage|p2b: Corviknight|10/100\n|\n|-heal|p2b: Corviknight|16/100|[from] item: Leftovers\n|-heal|p1a: Milotic|73/100|[from] item: Leftovers\n|upkeep\n|turn|8\n|-message|MeansJeans forfeited.\n|\n|win|yamzinyobooty\n|raw|yamzinyobooty's rating: 1083 &rarr; <strong>1107</strong><br />(+24 for winning)\n|raw|MeansJeans's rating: 1043 &rarr; <strong>1028</strong><br />(-15 for losing)\n",
  "uploadtime": 1776410131,
  "views": 15,
  "formatid": "gen9championsvgc2026regma",
  "rating": 1028,
  "private": 0,
  "password": null
}