{
  "id": "gen9championsvgc2026regma-2589393804",
  "format": "[Gen 9 Champions] VGC 2026 Reg M-A",
  "players": [
    "MrSpright",
    "powerpika22"
  ],
  "log": "|j|\u203dMrSpright\n|j|\u2606powerpika22\n|t:|1776719391\n|gametype|doubles\n|player|p1|MrSpright|169|1087\n|player|p2|powerpika22|lillie-masters2|1097\n|gen|9\n|tier|[Gen 9 Champions] VGC 2026 Reg M-A\n|rated|\n|rule|Species Clause: Limit one of each Pok\u00e9mon\n|rule|Item Clause: Limit 1 of each item\n|clearpoke\n|poke|p1|Aegislash, L50, M|\n|poke|p1|Ariados, L50, F, shiny|\n|poke|p1|Hatterene, L50, F|\n|poke|p1|Camerupt, L50, M|\n|poke|p1|Typhlosion, L50, F|\n|poke|p1|Farigiraf, L50, M|\n|poke|p2|Aerodactyl, L50, M|\n|poke|p2|Froslass, L50, F|\n|poke|p2|Incineroar, L50, M|\n|poke|p2|Mamoswine, L50, F|\n|poke|p2|Alcremie-Ruby-Swirl, L50, F|\n|poke|p2|Venusaur, L50, M|\n|teampreview|4\n|\n|t:|1776719434\n|teamsize|p1|4\n|teamsize|p2|4\n|start\n|switch|p1a: Ariados|Ariados, L50, F, shiny|100/100\n|switch|p1b: Typhlosion|Typhlosion, L50, F|100/100\n|switch|p2a: Aerodactyl|Aerodactyl, L50, M|100/100\n|switch|p2b: Incineroar|Incineroar, L50, M|100/100\n|-ability|p2a: Aerodactyl|Unnerve\n|-ability|p2b: Incineroar|Intimidate|boost\n|-unboost|p1a: Ariados|atk|1\n|-unboost|p1b: Typhlosion|atk|1\n|turn|1\n|\n|t:|1776719483\n|switch|p1b: Hatterene|Hatterene, L50, F|100/100\n|move|p2b: Incineroar|Fake Out|p1a: Ariados\n|-damage|p1a: Ariados|85/100\n|cant|p1a: Ariados|flinch\n|move|p2a: Aerodactyl|Rock Slide|p1b: Hatterene|[spread] p1a,p1b\n|-supereffective|p1a: Ariados|1\n|-damage|p1a: Ariados|19/100\n|-damage|p1b: Hatterene|73/100\n|\n|upkeep\n|turn|2\n|\n|t:|1776719505\n|switch|p1a: Camerupt|Camerupt, L50, M|100/100\n|move|p2a: Aerodactyl|Rock Slide|p1b: Hatterene|[spread] p1a,p1b\n|-damage|p1a: Camerupt|68/100\n|-damage|p1b: Hatterene|45/100\n|move|p2b: Incineroar|Parting Shot|p1b: Hatterene\n|move|p1b: Hatterene|Parting Shot|p2b: Incineroar|[from] ability: Magic Bounce\n|-unboost|p2b: Incineroar|atk|1\n|-unboost|p2b: Incineroar|spa|1\n|\n|t:|1776719521\n|switch|p1b: Ariados|Ariados, L50, F, shiny|19/100|[from] Parting Shot\n|\n|upkeep\n|turn|3\n|\n|t:|1776719531\n|detailschange|p1a: Camerupt|Camerupt-Mega, L50, M\n|-mega|p1a: Camerupt|Camerupt|Cameruptite\n|move|p1a: Camerupt|Protect|p1a: Camerupt\n|-singleturn|p1a: Camerupt|Protect\n|move|p1b: Ariados|First Impression|p2b: Incineroar\n|-damage|p2b: Incineroar|63/100\n|move|p2a: Aerodactyl|Rock Slide|p1b: Ariados|[spread] p1b\n|-activate|p1a: Camerupt|move: Protect\n|-supereffective|p1b: Ariados|1\n|-damage|p1b: Ariados|0 fnt\n|faint|p1b: Ariados\n|move|p2b: Incineroar|Parting Shot|p1a: Camerupt\n|-activate|p1a: Camerupt|move: Protect\n|\n|upkeep\n|\n|t:|1776719542\n|switch|p1b: Hatterene|Hatterene, L50, F|45/100\n|turn|4\n|\n|t:|1776719557\n|switch|p1a: Typhlosion|Typhlosion, L50, F|100/100\n|move|p2a: Aerodactyl|Dual Wingbeat|p1b: Hatterene\n|-damage|p1b: Hatterene|27/100\n|-damage|p1b: Hatterene|4/100\n|-hitcount|p1b: Hatterene|2\n|move|p2b: Incineroar|Throat Chop|p1b: Hatterene\n|-damage|p1b: Hatterene|0 fnt\n|faint|p1b: Hatterene\n|\n|upkeep\n|\n|t:|1776719566\n|switch|p1b: Camerupt|Camerupt-Mega, L50, M|68/100\n|turn|5\n|\n|t:|1776719574\n|move|p1a: Typhlosion|Heat Wave|p2b: Incineroar|[spread] p2a,p2b\n|-resisted|p2a: Aerodactyl|1\n|-resisted|p2b: Incineroar|1\n|-damage|p2a: Aerodactyl|78/100\n|-damage|p2b: Incineroar|49/100\n|-enditem|p2b: Incineroar|Sitrus Berry|[eat]\n|-heal|p2b: Incineroar|74/100|[from] item: Sitrus Berry\n|move|p2a: Aerodactyl|Rock Slide|p1a: Typhlosion|[spread] p1a,p1b\n|-supereffective|p1a: Typhlosion|1\n|-damage|p1a: Typhlosion|35/100\n|-damage|p1b: Camerupt|45/100\n|move|p2b: Incineroar|Parting Shot|p1a: Typhlosion\n|-unboost|p1a: Typhlosion|atk|1\n|-unboost|p1a: Typhlosion|spa|1\n|\n|t:|1776719587\n|switch|p2b: Mamoswine|Mamoswine, L50, F|100/100|[from] Parting Shot\n|cant|p1b: Camerupt|flinch\n|\n|upkeep\n|turn|6\n|\n|t:|1776719597\n|move|p2b: Mamoswine|Ice Shard|p1b: Camerupt\n|-damage|p1b: Camerupt|19/100\n|move|p1a: Typhlosion|Heat Wave|p2a: Aerodactyl|[spread] p2a\n|-miss|p1a: Typhlosion|p2b: Mamoswine\n|-resisted|p2a: Aerodactyl|1\n|-damage|p2a: Aerodactyl|62/100\n|move|p2a: Aerodactyl|Rock Slide|p1b: Camerupt|[spread] p1a,p1b\n|-supereffective|p1a: Typhlosion|1\n|-damage|p1a: Typhlosion|0 fnt\n|-damage|p1b: Camerupt|0 fnt\n|faint|p1a: Typhlosion\n|faint|p1b: Camerupt\n|\n|win|powerpika22\n|raw|MrSpright's rating: 1087 &rarr; <strong>1065</strong><br />(-22 for losing)\n|raw|powerpika22's rating: 1097 &rarr; <strong>1122</strong><br />(+25 for winning)\n|l|\u203dMrSpright\n|player|p1|\n",
  "uploadtime": 1776719611,
  "views": 9,
  "formatid": "gen9championsvgc2026regma",
  "rating": 1065,
  "private": 0,
  "password": null
}