{
  "id": "gen9championsvgc2026regma-2582776566",
  "format": "[Gen 9 Champions] VGC 2026 Reg M-A",
  "players": [
    "NiceSimplicity",
    "pumpop"
  ],
  "log": "|j|\u2606NiceSimplicity\n|j|\u2606pumpop\n|t:|1776113329\n|gametype|doubles\n|player|p1|NiceSimplicity|266|1005\n|player|p2|pumpop|hilda-masters|1000\n|gen|9\n|tier|[Gen 9 Champions] VGC 2026 Reg M-A\n|rated|\n|rule|Species Clause: Limit one of each Pok\u00e9mon\n|rule|Item Clause: Limit 1 of each item\n|clearpoke\n|poke|p1|Blastoise, L50, M|\n|poke|p1|Sableye, L50, F|\n|poke|p1|Clefable, L50, M|\n|poke|p1|Manectric, L50, M|\n|poke|p1|Raichu, L50, F|\n|poke|p1|Dragapult, L50, M|\n|poke|p2|Sableye, L50, F|\n|poke|p2|Empoleon, L50, M|\n|poke|p2|Aerodactyl, L50, F|\n|poke|p2|Altaria, L50, F|\n|poke|p2|Sneasler, L50, F|\n|poke|p2|Garchomp, L50, M|\n|teampreview|4\npumpop has agreed to open team sheets.\nNiceSimplicity has agreed to open team sheets.\n|showteam|p1|Blastoise||Blastoisinite|Torrent|ShellSmash,DragonPulse,AuraSphere,HydroPump|||M|||50|]Sableye||MentalHerb|Prankster|LightScreen,Reflect,Taunt,Encore|||F|||50|]Clefable||Leftovers|Unaware|FollowMe,CosmicPower,StoredPower,LifeDew|||M|||50|]Manectric||ChoiceScarf|LightningRod|Flamethrower,HyperVoice,Discharge,VoltSwitch|||M|||50|]Raichu||QuickClaw|LightningRod|Discharge,FakeOut,KnockOff,Nuzzle|||F|||50|]Dragapult||FocusSash|ClearBody|DragonDarts,DragonDance,Protect,PhantomForce|||M|||50|\n|showteam|p2|Sableye||FocusSash|Prankster|Quash,Recover,Protect,KnockOff|||F|||50|]Empoleon||ShellBell|Competitive|Agility,Protect,Surf,IceBeam|||M|||50|]Aerodactyl||Aerodactylite|Unnerve|RockSlide,DualWingbeat,IceFang,Protect|||F|||50|]Altaria||Leftovers|CloudNine|Tailwind,HelpingHand,Protect,DracoMeteor|||F|||50|]Sneasler||WhiteHerb|Unburden|FakeOut,DireClaw,CloseCombat,Protect|||F|||50|]Garchomp||ChoiceScarf|RoughSkin|Earthquake,DragonClaw,RockSlide,IronHead|||M|||50|\n|inactive|Battle timer is ON: inactive players will automatically lose when time's up. (requested by NiceSimplicity)\n|\n|t:|1776113385\n|teamsize|p1|4\n|teamsize|p2|4\n|start\n|switch|p1a: Blastoise|Blastoise, L50, M|100/100\n|switch|p1b: Clefable|Clefable, L50, M|100/100\n|switch|p2a: Sableye|Sableye, L50, F|100/100\n|switch|p2b: Sneasler|Sneasler, L50, F|100/100\n|turn|1\n|inactive|NiceSimplicity has 30 seconds left.\n|inactive|pumpop has 30 seconds left.\n|inactive|pumpop has 20 seconds left.\n|inactive|pumpop has 15 seconds left.\n|\n|t:|1776113428\n|switch|p1a: Raichu|Raichu, L50, F|100/100\n|move|p2a: Sableye|Quash||[still]\n|-fail|p2a: Sableye\n|move|p2b: Sneasler|Dire Claw|p1b: Clefable\n|-supereffective|p1b: Clefable|1\n|-damage|p1b: Clefable|34/100\n|move|p1b: Clefable|Cosmic Power|p1b: Clefable\n|-boost|p1b: Clefable|def|1\n|-boost|p1b: Clefable|spd|1\n|\n|-heal|p1b: Clefable|40/100|[from] item: Leftovers\n|upkeep\n|turn|2\n|\n|t:|1776113449\n|switch|p2b: Garchomp|Garchomp, L50, M|100/100\n|move|p1a: Raichu|Fake Out|p2b: Garchomp\n|-damage|p2b: Garchomp|89/100\n|-damage|p1a: Raichu|89/100|[from] ability: Rough Skin|[of] p2b: Garchomp\n|move|p1b: Clefable|Life Dew|p1b: Clefable|[spread] p1a,p1b\n|-heal|p1a: Raichu|100/100\n|-heal|p1b: Clefable|65/100\n|move|p2a: Sableye|Knock Off|p1b: Clefable\n|-resisted|p1b: Clefable|1\n|-damage|p1b: Clefable|57/100\n|-enditem|p1b: Clefable|Leftovers|[from] move: Knock Off|[of] p2a: Sableye\n|\n|upkeep\n|turn|3\n|-activate|p1a: Raichu|item: Quick Claw\n|\n|t:|1776113471\n|move|p2a: Sableye|Protect|p2a: Sableye\n|-singleturn|p2a: Sableye|Protect\n|move|p1a: Raichu|Knock Off|p2b: Garchomp\n|-crit|p2b: Garchomp\n|-damage|p2b: Garchomp|43/100\n|-damage|p1a: Raichu|89/100|[from] ability: Rough Skin|[of] p2b: Garchomp\n|-enditem|p2b: Garchomp|Choice Scarf|[from] move: Knock Off|[of] p1a: Raichu\n|move|p2b: Garchomp|Iron Head|p1b: Clefable\n|-supereffective|p1b: Clefable|1\n|-crit|p1b: Clefable\n|-damage|p1b: Clefable|0 fnt\n|faint|p1b: Clefable\n|\n|upkeep\n|\n|t:|1776113487\n|switch|p1b: Blastoise|Blastoise, L50, M|100/100\n|turn|4\n|\n|t:|1776113498\n|detailschange|p1b: Blastoise|Blastoise-Mega, L50, M\n|-mega|p1b: Blastoise|Blastoise|Blastoisinite\n|move|p2a: Sableye|Quash|p1b: Blastoise\n|-activate|p1b: Blastoise|move: Quash\n|move|p2b: Garchomp|Earthquake|p1a: Raichu|[spread] p2a,p1a,p1b\n|-supereffective|p1a: Raichu|1\n|-damage|p2a: Sableye|58/100\n|-damage|p1a: Raichu|0 fnt\n|-damage|p1b: Blastoise|58/100\n|faint|p1a: Raichu\n|move|p1b: Blastoise|Shell Smash|p1b: Blastoise\n|-unboost|p1b: Blastoise|def|1\n|-unboost|p1b: Blastoise|spd|1\n|-boost|p1b: Blastoise|atk|2\n|-boost|p1b: Blastoise|spa|2\n|-boost|p1b: Blastoise|spe|2\n|\n|upkeep\n|\n|t:|1776113510\n|switch|p1a: Manectric|Manectric, L50, M|100/100\n|turn|5\n|\n|t:|1776113521\n|move|p2a: Sableye|Quash|p1b: Blastoise\n|-activate|p1b: Blastoise|move: Quash\n|move|p1a: Manectric|Hyper Voice|p2a: Sableye|[spread] p2b\n|-immune|p2a: Sableye\n|-damage|p2b: Garchomp|19/100\n|move|p2b: Garchomp|Earthquake|p1a: Manectric|[spread] p2a,p1a,p1b\n|-supereffective|p1a: Manectric|1\n|-damage|p2a: Sableye|17/100\n|-damage|p1a: Manectric|0 fnt\n|-damage|p1b: Blastoise|2/100\n|faint|p1a: Manectric\n|move|p1b: Blastoise|Dragon Pulse|p2b: Garchomp\n|-supereffective|p2b: Garchomp|1\n|-damage|p2b: Garchomp|0 fnt\n|faint|p2b: Garchomp\n|\n|upkeep\n|\n|t:|1776113533\n|switch|p2b: Sneasler|Sneasler, L50, F|100/100\n|turn|6\n|\n|t:|1776113537\n|move|p2b: Sneasler|Fake Out|p1b: Blastoise\n|-damage|p1b: Blastoise|0 fnt\n|faint|p1b: Blastoise\n|\n|win|pumpop\n|raw|NiceSimplicity's rating: 1005 &rarr; <strong>1000</strong><br />(-5 for losing)\n|raw|pumpop's rating: 1000 &rarr; <strong>1041</strong><br />(+41 for winning)\n|l|\u2606NiceSimplicity\n|player|p1|\n",
  "uploadtime": 1776113544,
  "views": 29,
  "formatid": "gen9championsvgc2026regma",
  "rating": 1000,
  "private": 0,
  "password": null
}