{
  "id": "gen9championsvgc2026regma-2583587589",
  "format": "[Gen 9 Champions] VGC 2026 Reg M-A",
  "players": [
    "Can de palleiro",
    "Misdreavusmaestro"
  ],
  "log": "|j|\u2606Can de palleiro\n|j|\u2606Misdreavusmaestro\n|t:|1776185018\n|gametype|doubles\n|player|p1|Can de palleiro|266|1099\n|player|p2|Misdreavusmaestro|lucian|1182\n|gen|9\n|tier|[Gen 9 Champions] VGC 2026 Reg M-A\n|rated|\n|rule|Species Clause: Limit one of each Pok\u00e9mon\n|rule|Item Clause: Limit 1 of each item\n|clearpoke\n|poke|p1|Primarina, L50, M|\n|poke|p1|Gengar, L50, F|\n|poke|p1|Hydrapple, L50, M|\n|poke|p1|Orthworm, L50, M|\n|poke|p1|Incineroar, L50, M|\n|poke|p1|Maushold-Four, L50|\n|poke|p2|Typhlosion-Hisui, L50, M|\n|poke|p2|Kommo-o, L50, F|\n|poke|p2|Ninetales, L50, M|\n|poke|p2|Basculegion, L50, M|\n|poke|p2|Tsareena, L50, F|\n|poke|p2|Skarmory, L50, F|\n|teampreview|4\n|\n|t:|1776185072\n|teamsize|p1|4\n|teamsize|p2|4\n|start\n|switch|p1a: Primarina|Primarina, L50, M|100/100\n|switch|p1b: Gengar|Gengar, L50, F|100/100\n|switch|p2a: Ninetales|Ninetales, L50, M|100/100\n|switch|p2b: Typhlosion|Typhlosion-Hisui, L50, M|100/100\n|-weather|SunnyDay|[from] ability: Drought|[of] p2a: Ninetales\n|turn|1\n|\n|t:|1776185107\n|detailschange|p1b: Gengar|Gengar-Mega, L50, F\n|-mega|p1b: Gengar|Gengar|Gengarite\n|move|p1b: Gengar|Protect|p1b: Gengar\n|-singleturn|p1b: Gengar|Protect\n|move|p2b: Typhlosion|Solar Beam||[still]\n|-prepare|p2b: Typhlosion|Solar Beam\n|-anim|p2b: Typhlosion|Solar Beam|p1a: Primarina\n|-supereffective|p1a: Primarina|1\n|-damage|p1a: Primarina|18/100\n|move|p2a: Ninetales|Solar Beam||[still]\n|-prepare|p2a: Ninetales|Solar Beam\n|-anim|p2a: Ninetales|Solar Beam|p1a: Primarina\n|-supereffective|p1a: Primarina|1\n|-damage|p1a: Primarina|0 fnt\n|faint|p1a: Primarina\n|\n|-weather|SunnyDay|[upkeep]\n|upkeep\n|\n|t:|1776185125\n|switch|p1a: Incineroar|Incineroar, L50, M|100/100\n|-ability|p1a: Incineroar|Intimidate|boost\n|-unboost|p2a: Ninetales|atk|1\n|-unboost|p2b: Typhlosion|atk|1\n|turn|2\n|\n|t:|1776185144\n|switch|p2b: Skarmory|Skarmory, L50, F|100/100\n|move|p1a: Incineroar|Fake Out|p2a: Ninetales\n|-damage|p2a: Ninetales|83/100\n|move|p1b: Gengar|Disable||[still]\n|-fail|p1b: Gengar\n|cant|p2a: Ninetales|flinch\n|\n|-weather|SunnyDay|[upkeep]\n|upkeep\n|turn|3\n|\n|t:|1776185168\n|detailschange|p2b: Skarmory|Skarmory-Mega, L50, F\n|-mega|p2b: Skarmory|Skarmory|Skarmorite\n|move|p1b: Gengar|Perish Song|p1b: Gengar\n|-start|p1a: Incineroar|perish3|[silent]\n|-start|p1b: Gengar|perish3|[silent]\n|-start|p2a: Ninetales|perish3|[silent]\n|-start|p2b: Skarmory|perish3|[silent]\n|-fieldactivate|move: Perish Song\n|move|p2a: Ninetales|Weather Ball|p1b: Gengar\n|-damage|p1b: Gengar|35/100\n|move|p2b: Skarmory|Brave Bird|p1a: Incineroar\n|-damage|p1a: Incineroar|38/100\n|-damage|p2b: Skarmory|72/100|[from] Recoil\n|move|p1a: Incineroar|Parting Shot|p2a: Ninetales\n|-unboost|p2a: Ninetales|atk|1\n|-unboost|p2a: Ninetales|spa|1\n|\n|t:|1776185179\n|switch|p1a: Hydrapple|Hydrapple, L50, M|100/100|[from] Parting Shot\n|\n|-weather|SunnyDay|[upkeep]\n|-start|p1b: Gengar|perish3\n|-start|p2a: Ninetales|perish3\n|-start|p2b: Skarmory|perish3\n|upkeep\n|turn|4\n|-activate|p1a: Hydrapple|item: Quick Claw\n|\n|t:|1776185189\n|move|p1a: Hydrapple|Pollen Puff|p1b: Gengar\n|-heal|p1b: Gengar|85/100\n|move|p1b: Gengar|Disable|p2b: Skarmory\n|-start|p2b: Skarmory|Disable|Brave Bird\n|move|p2a: Ninetales|Weather Ball|p1b: Gengar\n|-damage|p1b: Gengar|43/100\n|cant|p2b: Skarmory|Disable|Brave Bird\n|\n|-weather|SunnyDay|[upkeep]\n|-start|p1b: Gengar|perish2\n|-start|p2a: Ninetales|perish2\n|-start|p2b: Skarmory|perish2\n|upkeep\n|turn|5\n|\n|t:|1776185215\n|switch|p1a: Incineroar|Incineroar, L50, M|38/100\n|-ability|p1a: Incineroar|Intimidate|boost\n|-unboost|p2a: Ninetales|atk|1\n|-unboost|p2b: Skarmory|atk|1\n|move|p1b: Gengar|Protect|p1b: Gengar\n|-singleturn|p1b: Gengar|Protect\n|move|p2a: Ninetales|Weather Ball|p1b: Gengar\n|-activate|p1b: Gengar|move: Protect\n|move|p2b: Skarmory|Tailwind|p2b: Skarmory\n|-sidestart|p2: Misdreavusmaestro|move: Tailwind\n|\n|-weather|none\n|-start|p2a: Ninetales|perish1\n|-start|p2b: Skarmory|perish1\n|-start|p1b: Gengar|perish1\n|upkeep\n|turn|6\n|\n|t:|1776185239\n|switch|p1b: Hydrapple|Hydrapple, L50, M|100/100\n|move|p1a: Incineroar|Fake Out|p2a: Ninetales\n|-damage|p2a: Ninetales|66/100\n|cant|p2a: Ninetales|flinch\n|move|p2b: Skarmory|Iron Head|p1b: Hydrapple\n|-damage|p1b: Hydrapple|75/100\n|\n|-start|p2a: Ninetales|perish0\n|-start|p2b: Skarmory|perish0\n|faint|p2a: Ninetales\n|faint|p2b: Skarmory\n|upkeep\n|\n|t:|1776185249\n|switch|p2a: Typhlosion|Typhlosion-Hisui, L50, M|100/100\n|switch|p2b: Tsareena|Tsareena, L50, F|100/100\n|turn|7\n|-activate|p1b: Hydrapple|item: Quick Claw\n|\n|t:|1776185262\n|move|p1b: Hydrapple|Pollen Puff|p1a: Incineroar\n|-heal|p1a: Incineroar|88/100\n|move|p2a: Typhlosion|Shadow Ball|p1a: Incineroar\n|-resisted|p1a: Incineroar|1\n|-damage|p1a: Incineroar|73/100\n|move|p2b: Tsareena|Sunny Day|p2b: Tsareena\n|-weather|SunnyDay\n|move|p1a: Incineroar|Darkest Lariat|p2a: Typhlosion\n|-supereffective|p2a: Typhlosion|1\n|-damage|p2a: Typhlosion|3/100\n|\n|-weather|SunnyDay|[upkeep]\n|upkeep\n|turn|8\n|-message|Misdreavusmaestro forfeited.\n|\n|win|Can de palleiro\n|raw|Can de palleiro's rating: 1099 &rarr; <strong>1130</strong><br />(+31 for winning)\n|raw|Misdreavusmaestro's rating: 1182 &rarr; <strong>1151</strong><br />(-31 for losing)\n|l|\u2606Misdreavusmaestro\n|player|p2|\n",
  "uploadtime": 1776185277,
  "views": 32,
  "formatid": "gen9championsvgc2026regma",
  "rating": 1130,
  "private": 0,
  "password": null
}