{
  "id": "gen9championsvgc2026regma-2583416379",
  "format": "[Gen 9 Champions] VGC 2026 Reg M-A",
  "players": [
    "monsters_mashed",
    "malucy"
  ],
  "log": "|j|\u2606monsters_mashed\n|j|\u2606malucy\n|t:|1776174201\n|gametype|doubles\n|player|p1|monsters_mashed|backersf|1191\n|player|p2|malucy|169|1128\n|gen|9\n|tier|[Gen 9 Champions] VGC 2026 Reg M-A\n|rated|\n|rule|Species Clause: Limit one of each Pok\u00e9mon\n|rule|Item Clause: Limit 1 of each item\n|clearpoke\n|poke|p1|Farigiraf, L50, M|\n|poke|p1|Torkoal, L50, F|\n|poke|p1|Incineroar, L50, F|\n|poke|p1|Gardevoir, L50, F|\n|poke|p1|Kingambit, L50, M|\n|poke|p1|Slowbro, L50, F|\n|poke|p2|Espathra, L50, M|\n|poke|p2|Meowstic, L50, M|\n|poke|p2|Sneasler, L50, F|\n|poke|p2|Aerodactyl, L50, M|\n|poke|p2|Farigiraf, L50, F|\n|poke|p2|Lucario, L50, F|\n|teampreview|4\n|\n|t:|1776174227\n|teamsize|p1|4\n|teamsize|p2|4\n|start\n|switch|p1a: Farigiraf|Farigiraf, L50, M|100/100\n|switch|p1b: Gardevoir|Gardevoir, L50, F|100/100\n|switch|p2a: Lucario|Lucario, L50, F|100/100\n|switch|p2b: Sneasler|Sneasler, L50, F|100/100\n|-ability|p1b: Gardevoir|Inner Focus|Trace|[from] ability: Trace|[of] p2a: Lucario\n|turn|1\n|\n|t:|1776174245\n|detailschange|p2a: Lucario|Lucario-Mega, L50, F\n|-mega|p2a: Lucario|Lucario|Lucarionite\n|detailschange|p1b: Gardevoir|Gardevoir-Mega, L50, F\n|-mega|p1b: Gardevoir|Gardevoir|Gardevoirite\n|move|p1b: Gardevoir|Protect|p1b: Gardevoir\n|-singleturn|p1b: Gardevoir|Protect\n|move|p2b: Sneasler|Dire Claw|p1a: Farigiraf\n|-damage|p1a: Farigiraf|55/100\n|-status|p1a: Farigiraf|psn\n|move|p2a: Lucario|Meteor Mash|p1b: Gardevoir\n|-activate|p1b: Gardevoir|move: Protect\n|move|p1a: Farigiraf|Trick Room|p1a: Farigiraf\n|-fieldstart|move: Trick Room|[of] p1a: Farigiraf\n|\n|-damage|p1a: Farigiraf|43/100 psn|[from] psn\n|upkeep\n|turn|2\n|\n|t:|1776174266\n|move|p2b: Sneasler|Protect|p2b: Sneasler\n|-singleturn|p2b: Sneasler|Protect\n|move|p1a: Farigiraf|Psychic|p2b: Sneasler\n|-activate|p2b: Sneasler|move: Protect\n|move|p1b: Gardevoir|Aura Sphere|p2a: Lucario\n|-supereffective|p2a: Lucario|1\n|-damage|p2a: Lucario|0 fnt\n|faint|p2a: Lucario\n|\n|-damage|p1a: Farigiraf|31/100 psn|[from] psn\n|upkeep\n|\n|t:|1776174278\n|switch|p2a: Farigiraf|Farigiraf, L50, F|100/100\n|turn|3\n|\n|t:|1776174297\n|move|p1a: Farigiraf|Psychic|p2b: Sneasler\n|-supereffective|p2b: Sneasler|2\n|-damage|p2b: Sneasler|0 fnt\n|faint|p2b: Sneasler\n|move|p2a: Farigiraf|Nasty Plot|p2a: Farigiraf\n|-boost|p2a: Farigiraf|spa|2\n|move|p1b: Gardevoir|Hyper Voice|p2a: Farigiraf\n|-damage|p2a: Farigiraf|49/100\n|\n|-damage|p1a: Farigiraf|19/100 psn|[from] psn\n|upkeep\n|\n|t:|1776174307\n|switch|p2b: Espathra|Espathra, L50, M|100/100\n|turn|4\n|\n|t:|1776174315\n|move|p2b: Espathra|Protect|p2b: Espathra\n|-singleturn|p2b: Espathra|Protect\n|move|p1a: Farigiraf|Hyper Voice|p2a: Farigiraf|[spread] p2a\n|-activate|p2b: Espathra|move: Protect\n|-damage|p2a: Farigiraf|25/100\n|move|p2a: Farigiraf|Dazzling Gleam|p1b: Gardevoir|[spread] p1a,p1b\n|-damage|p1a: Farigiraf|0 fnt\n|-damage|p1b: Gardevoir|76/100\n|faint|p1a: Farigiraf\n|move|p1b: Gardevoir|Hyper Voice|p2a: Farigiraf|[spread] p2a\n|-activate|p2b: Espathra|move: Protect\n|-damage|p2a: Farigiraf|0 fnt\n|faint|p2a: Farigiraf\n|\n|-ability|p2b: Espathra|Speed Boost|boost\n|-boost|p2b: Espathra|spe|1\n|upkeep\n|\n|t:|1776174330\n|switch|p1a: Kingambit|Kingambit, L50, M|100/100\n|turn|5\n|\n|t:|1776174340\n|move|p2b: Espathra|Protect||[still]\n|-fail|p2b: Espathra\n|move|p1a: Kingambit|Kowtow Cleave|p2b: Espathra\n|-supereffective|p2b: Espathra|1\n|-damage|p2b: Espathra|0 fnt\n|faint|p2b: Espathra\n|\n|win|monsters_mashed\n|raw|monsters_mashed's rating: 1191 &rarr; <strong>1212</strong><br />(+21 for winning)\n|raw|malucy's rating: 1128 &rarr; <strong>1107</strong><br />(-21 for losing)\n",
  "uploadtime": 1776174347,
  "views": 14,
  "formatid": "gen9championsvgc2026regma",
  "rating": 1107,
  "private": 0,
  "password": null
}