{
  "id": "gen9championsvgc2026regma-2584265288",
  "format": "[Gen 9 Champions] VGC 2026 Reg M-A",
  "players": [
    "scizorboiye",
    "mappy621"
  ],
  "log": "|j|\u2606scizorboiye\n|j|\u2606mappy621\n|t:|1776244923\n|gametype|doubles\n|player|p1|scizorboiye|102|1040\n|player|p2|mappy621|101|1107\n|gen|9\n|tier|[Gen 9 Champions] VGC 2026 Reg M-A\n|rated|\n|rule|Species Clause: Limit one of each Pok\u00e9mon\n|rule|Item Clause: Limit 1 of each item\n|clearpoke\n|poke|p1|Tyranitar, L50, M|\n|poke|p1|Excadrill, L50, M|\n|poke|p1|Charizard, L50, M|\n|poke|p1|Venusaur, L50, M|\n|poke|p1|Pelipper, L50, M|\n|poke|p1|Basculegion, L50, M|\n|poke|p2|Meganium, L50, M|\n|poke|p2|Skarmory, L50, M|\n|poke|p2|Arcanine-Hisui, L50, M|\n|poke|p2|Politoed, L50, M|\n|poke|p2|Archaludon, L50, F|\n|poke|p2|Incineroar, L50, F|\n|teampreview|4\n|inactive|Battle timer is ON: inactive players will automatically lose when time's up. (requested by mappy621)\n|\n|t:|1776244945\n|teamsize|p1|4\n|teamsize|p2|4\n|start\n|switch|p1a: Tyranitar|Tyranitar, L50, M|100/100\n|switch|p1b: Excadrill|Excadrill, L50, M|100/100\n|switch|p2a: Skarmory|Skarmory, L50, M|100/100\n|switch|p2b: Incineroar|Incineroar, L50, F|100/100\n|-weather|Sandstorm|[from] ability: Sand Stream|[of] p1a: Tyranitar\n|-ability|p2b: Incineroar|Intimidate|boost\n|-unboost|p1a: Tyranitar|atk|1\n|-unboost|p1b: Excadrill|atk|1\n|turn|1\n|\n|t:|1776244963\n|move|p2b: Incineroar|Fake Out|p1b: Excadrill\n|-resisted|p1b: Excadrill|1\n|-damage|p1b: Excadrill|92/100\n|cant|p1b: Excadrill|flinch\n|move|p2a: Skarmory|Body Press|p1a: Tyranitar\n|-supereffective|p1a: Tyranitar|2\n|-damage|p1a: Tyranitar|9/100\n|move|p1a: Tyranitar|Knock Off|p2b: Incineroar\n|-resisted|p2b: Incineroar|1\n|-damage|p2b: Incineroar|86/100\n|-enditem|p2b: Incineroar|Black Glasses|[from] move: Knock Off|[of] p1a: Tyranitar\n|\n|-weather|Sandstorm|[upkeep]\n|-damage|p2b: Incineroar|80/100|[from] Sandstorm\n|upkeep\n|turn|2\n|inactive|mappy621 has 30 seconds left.\n|\n|t:|1776244990\n|move|p1a: Tyranitar|Protect|p1a: Tyranitar\n|-singleturn|p1a: Tyranitar|Protect\n|move|p1b: Excadrill|Rock Slide|p2a: Skarmory|[spread] p2a,p2b\n|-supereffective|p2b: Incineroar|1\n|-damage|p2a: Skarmory|92/100\n|-damage|p2b: Incineroar|56/100\n|cant|p2a: Skarmory|flinch\n|cant|p2b: Incineroar|flinch\n|\n|-weather|Sandstorm|[upkeep]\n|-damage|p2b: Incineroar|50/100|[from] Sandstorm\n|upkeep\n|turn|3\n|\n|t:|1776245005\n|switch|p1a: Venusaur|Venusaur, L50, M|100/100\n|move|p1b: Excadrill|High Horsepower|p2b: Incineroar\n|-supereffective|p2b: Incineroar|1\n|-damage|p2b: Incineroar|0 fnt\n|faint|p2b: Incineroar\n|move|p2a: Skarmory|Stealth Rock|p1b: Excadrill\n|-sidestart|p1: scizorboiye|move: Stealth Rock\n|\n|-weather|Sandstorm|[upkeep]\n|-damage|p1a: Venusaur|95/100|[from] Sandstorm\n|upkeep\n|\n|t:|1776245012\n|switch|p2b: Arcanine|Arcanine-Hisui, L50, M|100/100\n|-ability|p2b: Arcanine|Intimidate|boost\n|-unboost|p1a: Venusaur|atk|1\n|-unboost|p1b: Excadrill|atk|1\n|turn|4\n|\n|t:|1776245031\n|move|p1b: Excadrill|High Horsepower|p2b: Arcanine\n|-supereffective|p2b: Arcanine|2\n|-damage|p2b: Arcanine|0 fnt\n|faint|p2b: Arcanine\n|move|p1a: Venusaur|Leech Seed|p2a: Skarmory\n|-start|p2a: Skarmory|move: Leech Seed\n|move|p2a: Skarmory|Body Press|p1b: Excadrill\n|-supereffective|p1b: Excadrill|1\n|-damage|p1b: Excadrill|6/100\n|\n|-weather|Sandstorm|[upkeep]\n|-damage|p1a: Venusaur|89/100|[from] Sandstorm\n|-damage|p2a: Skarmory|80/100|[from] Leech Seed|[of] p1a: Venusaur\n|-heal|p1a: Venusaur|100/100|[silent]\n|upkeep\n|\n|t:|1776245035\n|switch|p2b: Meganium|Meganium, L50, M|100/100\n|turn|5\n|\n|t:|1776245054\n|switch|p1b: Charizard|Charizard, L50, M|100/100\n|-damage|p1b: Charizard|51/100|[from] Stealth Rock\n|move|p2b: Meganium|Protect|p2b: Meganium\n|-singleturn|p2b: Meganium|Protect\n|move|p1a: Venusaur|Sludge Wave|p2a: Skarmory|[spread] p1b\n|-activate|p2b: Meganium|move: Protect\n|-immune|p2a: Skarmory\n|-damage|p1b: Charizard|9/100\n|move|p2a: Skarmory|Body Press|p1b: Charizard\n|-resisted|p1b: Charizard|1\n|-damage|p1b: Charizard|0 fnt\n|faint|p1b: Charizard\n|\n|-weather|none\n|-damage|p2a: Skarmory|67/100|[from] Leech Seed|[of] p1a: Venusaur\n|upkeep\n|\n|t:|1776245073\n|switch|p1b: Tyranitar|Tyranitar, L50, M|9/100\n|-damage|p1b: Tyranitar|0 fnt|[from] Stealth Rock\n|faint|p1b: Tyranitar\n|\n|t:|1776245075\n|switch|p1b: Excadrill|Excadrill, L50, M|6/100\n|-damage|p1b: Excadrill|4/100|[from] Stealth Rock\n|turn|6\n|\n|t:|1776245097\n|detailschange|p2b: Meganium|Meganium-Mega, L50, M\n|-mega|p2b: Meganium|Meganium|Meganiumite\n|move|p1b: Excadrill|Rock Slide|p2b: Meganium|[spread] p2a,p2b\n|-damage|p2a: Skarmory|56/100\n|-damage|p2b: Meganium|80/100\n|move|p1a: Venusaur|Sludge Wave|p2a: Skarmory|[spread] p2b\n|-immune|p1b: Excadrill\n|-immune|p2a: Skarmory\n|-supereffective|p2b: Meganium|2\n|-damage|p2b: Meganium|0 fnt\n|faint|p2b: Meganium\n|move|p2a: Skarmory|Body Press|p1a: Venusaur\n|-resisted|p1a: Venusaur|1\n|-damage|p1a: Venusaur|79/100\n|\n|-damage|p2a: Skarmory|44/100|[from] Leech Seed|[of] p1a: Venusaur\n|-heal|p1a: Venusaur|92/100|[silent]\n|upkeep\n|turn|7\n|-message|mappy621 forfeited.\n|\n|win|scizorboiye\n|raw|scizorboiye's rating: 1040 &rarr; <strong>1080</strong><br />(+40 for winning)\n|raw|mappy621's rating: 1107 &rarr; <strong>1077</strong><br />(-30 for losing)\n|l|\u2606mappy621\n|player|p2|\n",
  "uploadtime": 1776245148,
  "views": 32,
  "formatid": "gen9championsvgc2026regma",
  "rating": 1077,
  "private": 0,
  "password": null
}