{
  "id": "gen9championsvgc2026regma-2581757327",
  "format": "[Gen 9 Champions] VGC 2026 Reg M-A",
  "players": [
    "Syke11",
    "Waiter00"
  ],
  "log": "|j|\u2606Syke11\n|j|\u2606Waiter00\n|t:|1776026054\n|gametype|doubles\n|player|p1|Syke11|jacinthe|1000\n|player|p2|Waiter00|102|1000\n|gen|9\n|tier|[Gen 9 Champions] VGC 2026 Reg M-A\n|rated|\n|rule|Species Clause: Limit one of each Pok\u00e9mon\n|rule|Item Clause: Limit 1 of each item\n|clearpoke\n|poke|p1|Drampa, L50, M|\n|poke|p1|Oranguru, L50, M|\n|poke|p1|Klefki, L50, F|\n|poke|p1|Crabominable, L50, F|\n|poke|p1|Aegislash, L50, F|\n|poke|p1|Araquanid, L50, F|\n|poke|p2|Charizard, L50, F|\n|poke|p2|Heliolisk, L50, F|\n|poke|p2|Whimsicott, L50, M|\n|poke|p2|Incineroar, L50, M|\n|poke|p2|Venusaur, L50, F|\n|poke|p2|Kingambit, L50, F|\n|teampreview|4\n|\n|t:|1776026084\n|teamsize|p1|4\n|teamsize|p2|4\n|start\n|switch|p1a: Drampa|Drampa, L50, M|100/100\n|switch|p1b: Oranguru|Oranguru, L50, M|100/100\n|switch|p2a: Charizard|Charizard, L50, F, shiny|100/100\n|switch|p2b: Incineroar|Incineroar, L50, M|100/100\n|-ability|p2b: Incineroar|Intimidate|boost\n|-unboost|p1a: Drampa|atk|1\n|-fail|p1b: Oranguru|unboost|Attack|[from] ability: Inner Focus|[of] p1b: Oranguru\n|turn|1\n|\n|t:|1776026116\n|detailschange|p2a: Charizard|Charizard-Mega-Y, L50, F, shiny\n|-mega|p2a: Charizard|Charizard|Charizardite Y\n|-weather|SunnyDay|[from] ability: Drought|[of] p2a: Charizard\n|detailschange|p1a: Drampa|Drampa-Mega, L50, M\n|-mega|p1a: Drampa|Drampa|Drampanite\n|move|p2b: Incineroar|Fake Out|p1a: Drampa\n|-damage|p1a: Drampa|90/100\n|move|p2a: Charizard|Dragon Pulse|p1a: Drampa\n|-supereffective|p1a: Drampa|1\n|-damage|p1a: Drampa|31/100\n|-ability|p1a: Drampa|Berserk|boost\n|-boost|p1a: Drampa|spa|1\n|cant|p1a: Drampa|flinch\n|move|p1b: Oranguru|Trick Room|p1b: Oranguru\n|-fieldstart|move: Trick Room|[of] p1b: Oranguru\n|\n|-weather|SunnyDay|[upkeep]\n|upkeep\n|turn|2\n|\n|t:|1776026142\n|move|p2a: Charizard|Protect|p2a: Charizard\n|-singleturn|p2a: Charizard|Protect\n|move|p1a: Drampa|Hyper Voice|p2a: Charizard|[spread] p2b\n|-activate|p2a: Charizard|move: Protect\n|-damage|p2b: Incineroar|49/100\n|-enditem|p2b: Incineroar|Sitrus Berry|[eat]\n|-heal|p2b: Incineroar|73/100|[from] item: Sitrus Berry\n|move|p1b: Oranguru|Instruct|p1a: Drampa\n|-singleturn|p1a: Drampa|move: Instruct|[of] p1b: Oranguru\n|move|p1a: Drampa|Hyper Voice|p2a: Charizard|[spread] p2b\n|-activate|p2a: Charizard|move: Protect\n|-damage|p2b: Incineroar|19/100\n|move|p2b: Incineroar|Parting Shot|p1a: Drampa\n|-unboost|p1a: Drampa|atk|1\n|-unboost|p1a: Drampa|spa|1\n|\n|t:|1776026177\n|switch|p2b: Whimsicott|Whimsicott, L50, M|100/100|[from] Parting Shot\n|\n|-weather|SunnyDay|[upkeep]\n|upkeep\n|turn|3\n|\n|t:|1776026205\n|switch|p2a: Venusaur|Venusaur, L50, F|100/100\n|move|p1b: Oranguru|Protect|p1b: Oranguru\n|-singleturn|p1b: Oranguru|Protect\n|move|p1a: Drampa|Roost|p1a: Drampa\n|-heal|p1a: Drampa|82/100\n|-singleturn|p1a: Drampa|move: Roost\n|move|p2b: Whimsicott|Moonblast|p1a: Drampa\n|-supereffective|p1a: Drampa|1\n|-damage|p1a: Drampa|38/100\n|-ability|p1a: Drampa|Berserk|boost\n|-boost|p1a: Drampa|spa|1\n|\n|-weather|SunnyDay|[upkeep]\n|upkeep\n|turn|4\n|\n|t:|1776026240\n|move|p2a: Venusaur|Protect|p2a: Venusaur\n|-singleturn|p2a: Venusaur|Protect\n|move|p1a: Drampa|Hyper Voice|p2b: Whimsicott|[spread] p2b\n|-activate|p2a: Venusaur|move: Protect\n|-damage|p2b: Whimsicott|14/100\n|move|p1b: Oranguru|Instruct|p1a: Drampa\n|-singleturn|p1a: Drampa|move: Instruct|[of] p1b: Oranguru\n|move|p1a: Drampa|Hyper Voice|p2a: Venusaur|[spread] p2b\n|-activate|p2a: Venusaur|move: Protect\n|-damage|p2b: Whimsicott|0 fnt\n|faint|p2b: Whimsicott\n|\n|-weather|SunnyDay|[upkeep]\n|upkeep\n|\n|t:|1776026253\n|switch|p2b: Incineroar|Incineroar, L50, M|19/100\n|-ability|p2b: Incineroar|Intimidate|boost\n|-unboost|p1a: Drampa|atk|1\n|-fail|p1b: Oranguru|unboost|Attack|[from] ability: Inner Focus|[of] p1b: Oranguru\n|turn|5\n|\n|t:|1776026294\n|switch|p1a: Aegislash|Aegislash, L50, F|100/100\n|move|p1b: Oranguru|Protect|p1b: Oranguru\n|-singleturn|p1b: Oranguru|Protect\n|move|p2b: Incineroar|Fake Out|p1a: Aegislash\n|-immune|p1a: Aegislash\n|move|p2a: Venusaur|Energy Ball|p1b: Oranguru\n|-activate|p1b: Oranguru|move: Protect\n|\n|-weather|none\n|-fieldend|move: Trick Room\n|upkeep\n|turn|6\n|\n|t:|1776026340\n|move|p1a: Aegislash|King's Shield|p1a: Aegislash\n|-singleturn|p1a: Aegislash|Protect\n|move|p2a: Venusaur|Sludge Bomb|p1b: Oranguru\n|-damage|p1b: Oranguru|70/100\n|move|p2b: Incineroar|Flare Blitz|p1b: Oranguru\n|-damage|p1b: Oranguru|27/100\n|-damage|p2b: Incineroar|3/100|[from] Recoil\n|move|p1b: Oranguru|Trick Room|p1b: Oranguru\n|-fieldstart|move: Trick Room|[of] p1b: Oranguru\n|\n|upkeep\n|turn|7\n|\n|t:|1776026369\n|move|p2a: Venusaur|Protect|p2a: Venusaur\n|-singleturn|p2a: Venusaur|Protect\n|move|p1b: Oranguru|Instruct||[still]\n|-fail|p1b: Oranguru\n|-formechange|p1a: Aegislash|Aegislash-Blade|\n|move|p1a: Aegislash|Poltergeist|p2a: Venusaur\n|-activate|p2a: Venusaur|move: Protect\n|move|p2b: Incineroar|Parting Shot|p1a: Aegislash\n|-unboost|p1a: Aegislash|atk|1\n|-unboost|p1a: Aegislash|spa|1\n|\n|t:|1776026382\n|switch|p2b: Charizard|Charizard-Mega-Y, L50, F, shiny|100/100|[from] Parting Shot\n|-weather|SunnyDay|[from] ability: Drought|[of] p2b: Charizard\n|\n|-weather|SunnyDay|[upkeep]\n|upkeep\n|turn|8\n|\n|t:|1776026411\n|move|p2b: Charizard|Protect|p2b: Charizard\n|-singleturn|p2b: Charizard|Protect\n|move|p1b: Oranguru|Instruct|p1a: Aegislash\n|-singleturn|p1a: Aegislash|move: Instruct|[of] p1b: Oranguru\n|move|p1a: Aegislash|Poltergeist|p2a: Venusaur\n|-activate|p2a: Venusaur|move: Poltergeist|Leftovers\n|-damage|p2a: Venusaur|41/100\n|move|p1a: Aegislash|Poltergeist|p2b: Charizard\n|-activate|p2b: Charizard|move: Protect\n|move|p2a: Venusaur|Sludge Bomb|p1b: Oranguru\n|-damage|p1b: Oranguru|0 fnt\n|faint|p1b: Oranguru\n|\n|-weather|SunnyDay|[upkeep]\n|-heal|p2a: Venusaur|46/100|[from] item: Leftovers\n|upkeep\n|\n|t:|1776026426\n|switch|p1b: Drampa|Drampa-Mega, L50, M|38/100\n|turn|9\n|\n|t:|1776026454\n|switch|p2b: Incineroar|Incineroar, L50, M|3/100\n|-ability|p2b: Incineroar|Intimidate|boost\n|-unboost|p1a: Aegislash|atk|1\n|-unboost|p1b: Drampa|atk|1\n|move|p1b: Drampa|Hyper Voice|p2b: Incineroar|[spread] p2a,p2b\n|-damage|p2a: Venusaur|0 fnt\n|-damage|p2b: Incineroar|0 fnt\n|faint|p2a: Venusaur\n|faint|p2b: Incineroar\n|move|p1a: Aegislash|Poltergeist|p2: Venusaur|[notarget]\n|-fail|p1a: Aegislash\n|\n|-weather|SunnyDay|[upkeep]\n|upkeep\n|\n|t:|1776026458\n|switch|p2a: Charizard|Charizard-Mega-Y, L50, F, shiny|100/100\n|turn|10\n|\n|t:|1776026468\n|switch|p1a: Araquanid|Araquanid, L50, F|100/100\n|move|p2a: Charizard|Protect|p2a: Charizard\n|-singleturn|p2a: Charizard|Protect\n|move|p1b: Drampa|Roost|p1b: Drampa\n|-heal|p1b: Drampa|89/100\n|-singleturn|p1b: Drampa|move: Roost\n|\n|-weather|SunnyDay|[upkeep]\n|-fieldend|move: Trick Room\n|upkeep\n|turn|11\n|-message|Waiter00 forfeited.\n|\n|win|Syke11\n|raw|Syke11's rating: 1000 &rarr; <strong>1040</strong><br />(+40 for winning)\n|raw|Waiter00's rating: 1000 &rarr; <strong>1000</strong><br />(+0 for losing)\n|l|\u2606Waiter00\n|player|p2|\n",
  "uploadtime": 1776026476,
  "views": 13,
  "formatid": "gen9championsvgc2026regma",
  "rating": 1000,
  "private": 0,
  "password": null
}