{
  "id": "gen9championsvgc2026regma-2585114053",
  "format": "[Gen 9 Champions] VGC 2026 Reg M-A",
  "players": [
    "walkemdownm0rt",
    "rexoguns"
  ],
  "log": "|j|\u2606walkemdownm0rt\n|j|\u2606rexoguns\n|t:|1776313359\n|gametype|doubles\n|player|p1|walkemdownm0rt|boarder|1561\n|player|p2|rexoguns|ingo|1573\n|gen|9\n|tier|[Gen 9 Champions] VGC 2026 Reg M-A\n|rated|\n|rule|Species Clause: Limit one of each Pok\u00e9mon\n|rule|Item Clause: Limit 1 of each item\n|clearpoke\n|poke|p1|Garchomp, L50, F|\n|poke|p1|Delphox, L50, F|\n|poke|p1|Basculegion, L50, M|\n|poke|p1|Sneasler, L50, M|\n|poke|p1|Kingambit, L50, F|\n|poke|p1|Clefable, L50, F|\n|poke|p2|Kingambit, L50, M|\n|poke|p2|Sneasler, L50, F|\n|poke|p2|Delphox, L50, F|\n|poke|p2|Basculegion, L50, M|\n|poke|p2|Sinistcha, L50|\n|poke|p2|Clefable, L50, F|\n|teampreview|4\n|inactive|Battle timer is ON: inactive players will automatically lose when time's up. (requested by rexoguns)\n|c|\u2606rexoguns|banger\n|c|\u2606walkemdownm0rt|dubs\n|j| 1hurt\n|inactive|walkemdownm0rt has 60 seconds left.\n|inactive|rexoguns has 60 seconds left.\n|j| humungulous\n|\n|t:|1776313400\n|teamsize|p1|4\n|teamsize|p2|4\n|start\n|switch|p1a: Delphox|Delphox, L50, F|100/100\n|switch|p1b: Garchomp|Garchomp, L50, F|100/100\n|switch|p2a: Natalia|Sneasler, L50, F|100/100\n|switch|p2b: Argus|Kingambit, L50, M|100/100\n|turn|1\n|c| 1hurt|humungulous who you got takin the dub on this one\n|inactive|walkemdownm0rt has 30 seconds left.\n|inactive|rexoguns has 30 seconds left.\n|\n|t:|1776313430\n|detailschange|p1a: Delphox|Delphox-Mega, L50, F\n|-mega|p1a: Delphox|Delphox|Delphoxite\n|move|p2a: Natalia|Fake Out|p1b: Garchomp\n|-damage|p1b: Garchomp|87/100\n|-damage|p2a: Natalia|88/100|[from] ability: Rough Skin|[of] p1b: Garchomp\n|move|p1a: Delphox|Will-O-Wisp|p2b: Argus\n|-status|p2b: Argus|brn\n|cant|p1b: Garchomp|flinch\n|move|p2b: Argus|Kowtow Cleave|p1a: Delphox\n|-supereffective|p1a: Delphox|1\n|-damage|p1a: Delphox|32/100\n|\n|-damage|p2b: Argus|95/100 brn|[from] brn\n|upkeep\n|turn|2\n|c| humungulous|lol rexo maybe?\n|c|\u2606rexoguns|yo wisp del?\n|c|\u2606rexoguns|crazy tech\n|c|\u2606walkemdownm0rt|whatd i do\n|\n|t:|1776313452\n|switch|p2a: Labubu|Clefable, L50, F|100/100\n|move|p1a: Delphox|Protect|p1a: Delphox\n|-singleturn|p1a: Delphox|Protect\n|move|p2b: Argus|Protect|p2b: Argus\n|-singleturn|p2b: Argus|Protect\n|move|p1b: Garchomp|Earthquake|p2a: Labubu|[spread] p2a\n|-activate|p1a: Delphox|move: Protect\n|-activate|p2b: Argus|move: Protect\n|-crit|p2a: Labubu\n|-damage|p2a: Labubu|47/100\n|-enditem|p2a: Labubu|Sitrus Berry|[eat]\n|-heal|p2a: Labubu|72/100|[from] item: Sitrus Berry\n|\n|-damage|p2b: Argus|89/100 brn|[from] brn\n|upkeep\n|turn|3\n|c| 1hurt|i could see it, that sneasler + kingambit combo has been puttin bta on my champions teams lol\n|inactive|rexoguns has 30 seconds left.\n|\n|t:|1776313479\n|move|p2b: Argus|Sucker Punch|p1b: Garchomp\n|-damage|p1b: Garchomp|67/100\n|-damage|p2b: Argus|77/100 brn|[from] ability: Rough Skin|[of] p1b: Garchomp\n|move|p1a: Delphox|Will-O-Wisp|p2a: Labubu\n|-status|p2a: Labubu|brn\n|move|p1b: Garchomp|Earthquake|p2b: Argus|[spread] p2a,p2b\n|-immune|p1a: Delphox|[from] ability: Levitate\n|-supereffective|p2b: Argus|1\n|-damage|p2a: Labubu|38/100 brn\n|-damage|p2b: Argus|4/100 brn\n|move|p2a: Labubu|Moonblast|p1b: Garchomp\n|-supereffective|p1b: Garchomp|1\n|-damage|p1b: Garchomp|3/100\n|-unboost|p1b: Garchomp|spa|1\n|\n|-damage|p2a: Labubu|32/100 brn|[from] brn\n|-damage|p2b: Argus|0 fnt|[from] brn\n|faint|p2b: Argus\n|upkeep\n|\n|t:|1776313496\n|switch|p2b: Valentina|Delphox, L50, F|100/100\n|turn|4\n|\n|t:|1776313514\n|detailschange|p2b: Valentina|Delphox-Mega, L50, F\n|-mega|p2b: Valentina|Delphox|Delphoxite\n|move|p2a: Labubu|Helping Hand|p2b: Valentina\n|-singleturn|p2b: Valentina|Helping Hand|[of] p2a: Labubu\n|move|p2b: Valentina|Heat Wave|p1a: Delphox|[spread] p1a,p1b\n|-resisted|p1a: Delphox|1\n|-resisted|p1b: Garchomp|1\n|-damage|p1a: Delphox|4/100\n|-damage|p1b: Garchomp|0 fnt\n|faint|p1b: Garchomp\n|move|p1a: Delphox|Psychic|p2a: Labubu\n|-damage|p2a: Labubu|0 fnt\n|faint|p2a: Labubu\n|\n|upkeep\n|\n|t:|1776313528\n|switch|p1b: Clefable|Clefable, L50, F|100/100\n|switch|p2a: Natalia|Sneasler, L50, F|88/100\n|turn|5\n|c|\u2606rexoguns|dnag on 4\n|\n|t:|1776313549\n|move|p1b: Clefable|Protect|p1b: Clefable\n|-singleturn|p1b: Clefable|Protect\n|move|p2a: Natalia|Fake Out|p1a: Delphox\n|-damage|p1a: Delphox|0 fnt\n|faint|p1a: Delphox\n|move|p2b: Valentina|Psychic|p1b: Clefable\n|-activate|p1b: Clefable|move: Protect\n|\n|upkeep\n|\n|t:|1776313553\n|switch|p1a: Basculegion|Basculegion, L50, M|100/100\n|turn|6\n|inactive|rexoguns has 30 seconds left.\n|inactive|rexoguns has 20 seconds left.\n|\n|t:|1776313590\n|move|p1b: Clefable|Follow Me|p1b: Clefable\n|-singleturn|p1b: Clefable|move: Follow Me\n|move|p2b: Valentina|Psychic|p1b: Clefable\n|-damage|p1b: Clefable|56/100\n|move|p2a: Natalia|Dire Claw|p1b: Clefable\n|-supereffective|p1b: Clefable|1\n|-damage|p1b: Clefable|0 fnt\n|faint|p1b: Clefable\n|move|p1a: Basculegion|Last Respects|p2a: Natalia\n|-damage|p2a: Natalia|0 fnt\n|faint|p2a: Natalia\n|\n|upkeep\n|turn|7\n|c| humungulous|Wish i could run mono-basculegion\n|\n|t:|1776313605\n|move|p2b: Valentina|Psychic|p1a: Basculegion\n|-damage|p1a: Basculegion|43/100\n|move|p1a: Basculegion|Last Respects|p2b: Valentina\n|-supereffective|p2b: Valentina|1\n|-damage|p2b: Valentina|0 fnt\n|faint|p2b: Valentina\n|\n|win|walkemdownm0rt\n|raw|walkemdownm0rt's rating: 1561 &rarr; <strong>1582</strong><br />(+21 for winning)\n|raw|rexoguns's rating: 1573 &rarr; <strong>1552</strong><br />(-21 for losing)\n|c|\u2606walkemdownm0rt|ggs\n|c|\u2606rexoguns|gg\n|c| 1hurt|gg boys\n|c|\u2606walkemdownm0rt|appreciate the crowd lol\n|c|\u2606rexoguns|was not expecting the wisp\n|l| humungulous\n|c|\u2606walkemdownm0rt|yeah wisp phox is nice as hell\n|c|\u2606rexoguns|cus im using encore myself\n|c|\u2606walkemdownm0rt|encore isnt bad either but all the mons that give this team trouble are physical attackers\n|c|\u2606walkemdownm0rt|so wisp can shut them down\n|c|\u2606rexoguns|true\n|c|\u2606rexoguns|might consider that\n|c|\u2606walkemdownm0rt|i recommend\n|c|\u2606walkemdownm0rt|where did u get this phox team\n|c|\u2606rexoguns|battleroom\n|c|\u2606walkemdownm0rt|i wonder if its shohei's\n|c|\u2606walkemdownm0rt|he and i along with one of my buddies built this team archetype right before it become meta\n|c|\u2606rexoguns|i just modify the dragonite slot with sinistcha\n",
  "uploadtime": 1776313658,
  "views": 67,
  "formatid": "gen9championsvgc2026regma",
  "rating": 1552,
  "private": 0,
  "password": null
}