{
  "id": "gen9championsvgc2026regma-2588458871",
  "format": "[Gen 9 Champions] VGC 2026 Reg M-A",
  "players": [
    "greatgoogman",
    "dracojackson"
  ],
  "log": "|j|\u2606greatgoogman\n|j|\u2606dracojackson\n|t:|1776635350\n|gametype|doubles\n|player|p1|greatgoogman|acetrainersnowf|1055\n|player|p2|dracojackson|skyla|1000\n|gen|9\n|tier|[Gen 9 Champions] VGC 2026 Reg M-A\n|rated|\n|rule|Species Clause: Limit one of each Pok\u00e9mon\n|rule|Item Clause: Limit 1 of each item\n|clearpoke\n|poke|p1|Scizor, L50, M|\n|poke|p1|Pelipper, L50, M|\n|poke|p1|Archaludon, L50, M|\n|poke|p1|Basculegion, L50, M|\n|poke|p1|Sneasler, L50, M|\n|poke|p1|Gyarados, L50, M|\n|poke|p2|Venusaur, L50, M, shiny|\n|poke|p2|Pelipper, L50, F, shiny|\n|poke|p2|Basculegion, L50, M|\n|poke|p2|Archaludon, L50, M|\n|poke|p2|Sneasler, L50, F|\n|poke|p2|Garchomp, L50, F|\n|teampreview|4\n|inactive|Battle timer is ON: inactive players will automatically lose when time's up. (requested by dracojackson)\n|inactive|dracojackson has 60 seconds left.\n|inactive|greatgoogman has 60 seconds left.\n|\n|t:|1776635393\n|teamsize|p1|4\n|teamsize|p2|4\n|start\n|switch|p1a: Sneasler|Sneasler, L50, M|100/100\n|switch|p1b: Archaludon|Archaludon, L50, M|100/100\n|switch|p2a: Venusaur|Venusaur, L50, M, shiny|100/100\n|switch|p2b: Sneasler|Sneasler, L50, F|100/100\n|turn|1\n|inactive|greatgoogman has 30 seconds left.\n|inactive|greatgoogman has 20 seconds left.\n|\n|t:|1776635430\n|detailschange|p2a: Venusaur|Venusaur-Mega, L50, M, shiny\n|-mega|p2a: Venusaur|Venusaur|Venusaurite\n|move|p1a: Sneasler|Fake Out|p2b: Sneasler\n|-crit|p2b: Sneasler\n|-damage|p2b: Sneasler|57/100\n|cant|p2b: Sneasler|flinch\n|move|p1b: Archaludon|Electro Shot||[still]\n|-prepare|p1b: Archaludon|Electro Shot\n|-boost|p1b: Archaludon|spa|1\n|move|p2a: Venusaur|Leech Seed|p1b: Archaludon\n|-start|p1b: Archaludon|move: Leech Seed\n|\n|-damage|p1b: Archaludon|88/100|[from] Leech Seed|[of] p2a: Venusaur\n|upkeep\n|turn|2\n|\n|t:|1776635463\n|move|p2b: Sneasler|Coaching|p2a: Venusaur\n|-boost|p2a: Venusaur|atk|1\n|-boost|p2a: Venusaur|def|1\n|move|p1a: Sneasler|U-turn|p2a: Venusaur\n|-damage|p2a: Venusaur|87/100\n|\n|t:|1776635472\n|switch|p1a: Gyarados|Gyarados, L50, M|100/100|[from] U-turn\n|-ability|p1a: Gyarados|Intimidate|boost\n|-unboost|p2a: Venusaur|atk|1\n|-unboost|p2b: Sneasler|atk|1\n|-enditem|p2b: Sneasler|White Herb\n|-clearnegativeboost|p2b: Sneasler|[silent]\n|move|p1b: Archaludon|Electro Shot|p2b: Sneasler|[from] lockedmove\n|-damage|p2b: Sneasler|0 fnt\n|faint|p2b: Sneasler\n|move|p2a: Venusaur|Leech Seed|p1a: Gyarados\n|-start|p1a: Gyarados|move: Leech Seed\n|\n|-damage|p1b: Archaludon|76/100|[from] Leech Seed|[of] p2a: Venusaur\n|-heal|p2a: Venusaur|99/100|[silent]\n|-damage|p1a: Gyarados|88/100|[from] Leech Seed|[of] p2a: Venusaur\n|-heal|p2a: Venusaur|100/100|[silent]\n|upkeep\n|\n|t:|1776635487\n|switch|p2b: Archaludon|Archaludon, L50, M|100/100\n|turn|3\n|\n|t:|1776635506\n|detailschange|p1a: Gyarados|Gyarados-Mega, L50, M\n|-mega|p1a: Gyarados|Gyarados|Gyaradosite\n|-ability|p1a: Gyarados|Mold Breaker\n|move|p1b: Archaludon|Aura Sphere|p2b: Archaludon\n|-supereffective|p2b: Archaludon|1\n|-damage|p2b: Archaludon|35/100\n|-ability|p2b: Archaludon|Stamina|boost\n|-boost|p2b: Archaludon|def|1\n|move|p2b: Archaludon|Dragon Pulse|p1b: Archaludon\n|-damage|p1b: Archaludon|25/100\n|-ability|p1b: Archaludon|Stamina|boost\n|-boost|p1b: Archaludon|def|1\n|-enditem|p1b: Archaludon|Sitrus Berry|[eat]\n|-heal|p1b: Archaludon|50/100|[from] item: Sitrus Berry\n|move|p1a: Gyarados|Crunch|p2b: Archaludon\n|-damage|p2b: Archaludon|11/100\n|-ability|p2b: Archaludon|Stamina|boost\n|-boost|p2b: Archaludon|def|1\n|move|p2a: Venusaur|Giga Drain|p1a: Gyarados\n|-supereffective|p1a: Gyarados|1\n|-damage|p1a: Gyarados|41/100\n|\n|-heal|p2b: Archaludon|17/100|[from] item: Leftovers\n|-damage|p1b: Archaludon|38/100|[from] Leech Seed|[of] p2a: Venusaur\n|-damage|p1a: Gyarados|29/100|[from] Leech Seed|[of] p2a: Venusaur\n|upkeep\n|turn|4\n|inactive|dracojackson has 30 seconds left.\n|\n|t:|1776635532\n|move|p2b: Archaludon|Protect|p2b: Archaludon\n|-singleturn|p2b: Archaludon|Protect\n|move|p1b: Archaludon|Aura Sphere|p2b: Archaludon\n|-activate|p2b: Archaludon|move: Protect\n|move|p1a: Gyarados|Crunch|p2a: Venusaur\n|-damage|p2a: Venusaur|70/100\n|move|p2a: Venusaur|Giga Drain|p1a: Gyarados\n|-supereffective|p1a: Gyarados|1\n|-damage|p1a: Gyarados|0 fnt\n|-heal|p2a: Venusaur|84/100|[from] drain|[of] p1a: Gyarados\n|faint|p1a: Gyarados\n|\n|-heal|p2b: Archaludon|23/100|[from] item: Leftovers\n|-damage|p1b: Archaludon|25/100|[from] Leech Seed|[of] p2a: Venusaur\n|-heal|p2a: Venusaur|96/100|[silent]\n|upkeep\n|inactive|greatgoogman has 30 seconds left.\n|\n|t:|1776635559\n|switch|p1a: Sneasler|Sneasler, L50, M|100/100\n|turn|5\n|\n|t:|1776635572\n|switch|p2b: Basculegion|Basculegion, L50, M|100/100\n|move|p1a: Sneasler|Fake Out|p2a: Venusaur\n|-damage|p2a: Venusaur|88/100\n|move|p1b: Archaludon|Aura Sphere|p2b: Basculegion\n|-immune|p2b: Basculegion\n|cant|p2a: Venusaur|flinch\n|\n|-damage|p1b: Archaludon|13/100|[from] Leech Seed|[of] p2a: Venusaur\n|-heal|p2a: Venusaur|99/100|[silent]\n|upkeep\n|turn|6\n|inactive|greatgoogman has 30 seconds left.\n|\n|t:|1776635598\n|move|p2b: Basculegion|Flip Turn|p1a: Sneasler\n|-damage|p1a: Sneasler|33/100\n|\n|t:|1776635601\n|switch|p2b: Archaludon|Archaludon, L50, M|23/100|[from] Flip Turn\n|move|p1a: Sneasler|Dire Claw|p2a: Venusaur\n|-damage|p2a: Venusaur|75/100\n|move|p1b: Archaludon|Dragon Pulse|p2a: Venusaur\n|-damage|p2a: Venusaur|34/100\n|move|p2a: Venusaur|Leech Seed|p1a: Sneasler\n|-start|p1a: Sneasler|move: Leech Seed\n|\n|-heal|p2b: Archaludon|29/100|[from] item: Leftovers\n|-damage|p1a: Sneasler|21/100|[from] Leech Seed|[of] p2a: Venusaur\n|-heal|p2a: Venusaur|44/100|[silent]\n|-damage|p1b: Archaludon|0 fnt|[from] Leech Seed|[of] p2a: Venusaur\n|-heal|p2a: Venusaur|56/100|[silent]\n|faint|p1b: Archaludon\n|upkeep\n|\n|t:|1776635609\n|switch|p1b: Pelipper|Pelipper, L50, M|100/100\n|-weather|RainDance|[from] ability: Drizzle|[of] p1b: Pelipper\n|turn|7\n|\n|t:|1776635631\n|switch|p2b: Basculegion|Basculegion, L50, M|100/100\n|move|p2a: Venusaur|Protect|p2a: Venusaur\n|-singleturn|p2a: Venusaur|Protect\n|move|p1a: Sneasler|Close Combat|p2b: Basculegion\n|-immune|p2b: Basculegion\n|move|p1b: Pelipper|Hurricane|p2a: Venusaur\n|-activate|p2a: Venusaur|move: Protect\n|\n|-weather|RainDance|[upkeep]\n|-damage|p1a: Sneasler|9/100|[from] Leech Seed|[of] p2a: Venusaur\n|-heal|p2a: Venusaur|66/100|[silent]\n|upkeep\n|turn|8\n|inactive|dracojackson has 30 seconds left.\n|\n|t:|1776635660\n|move|p2b: Basculegion|Flip Turn|p1a: Sneasler\n|-damage|p1a: Sneasler|0 fnt\n|faint|p1a: Sneasler\n|\n|t:|1776635664\n|switch|p2b: Archaludon|Archaludon, L50, M|29/100|[from] Flip Turn\n|move|p2a: Venusaur|Giga Drain|p1b: Pelipper\n|-damage|p1b: Pelipper|68/100\n|-heal|p2a: Venusaur|81/100|[from] drain|[of] p1b: Pelipper\n|move|p1b: Pelipper|Hurricane|p2a: Venusaur\n|-supereffective|p2a: Venusaur|1\n|-damage|p2a: Venusaur|32/100\n|\n|-weather|RainDance|[upkeep]\n|-heal|p2b: Archaludon|36/100|[from] item: Leftovers\n|upkeep\n|turn|9\n|c|\u2606greatgoogman|gg\n|-message|greatgoogman forfeited.\n|\n|win|dracojackson\n|raw|greatgoogman's rating: 1055 &rarr; <strong>1034</strong><br />(-21 for losing)\n|raw|dracojackson's rating: 1000 &rarr; <strong>1046</strong><br />(+46 for winning)\n",
  "uploadtime": 1776635678,
  "views": 9,
  "formatid": "gen9championsvgc2026regma",
  "rating": 1034,
  "private": 0,
  "password": null
}