{
  "id": "gen9championsvgc2026regma-2588220185",
  "format": "[Gen 9 Champions] VGC 2026 Reg M-A",
  "players": [
    "filie",
    "tempocalypse"
  ],
  "log": "|j|\u2606filie\n|j|\u203dtempocalypse\n|t:|1776615538\n|gametype|doubles\n|player|p1|filie|101|1090\n|player|p2|tempocalypse|1|1000\n|gen|9\n|tier|[Gen 9 Champions] VGC 2026 Reg M-A\n|rated|\n|rule|Species Clause: Limit one of each Pok\u00e9mon\n|rule|Item Clause: Limit 1 of each item\n|clearpoke\n|poke|p1|Gengar, L50, F|\n|poke|p1|Politoed, L50, M|\n|poke|p1|Incineroar, L50, F|\n|poke|p1|Kommo-o, L50, F|\n|poke|p1|Sinistcha, L50|\n|poke|p1|Heliolisk, L50, M|\n|poke|p2|Slowbro, L50, M|\n|poke|p2|Sinistcha, L50|\n|poke|p2|Goodra-Hisui, L50, F|\n|poke|p2|Incineroar, L50, F|\n|poke|p2|Meowstic, L50, M|\n|poke|p2|Maushold-Four, L50|\n|teampreview|4\n|inactive|Battle timer is ON: inactive players will automatically lose when time's up. (requested by tempocalypse)\n|inactive|tempocalypse has 60 seconds left.\n|inactive|tempocalypse has 30 seconds left.\n|inactive|tempocalypse has 20 seconds left.\n|inactive|tempocalypse has 15 seconds left.\n|inactive|tempocalypse has 10 seconds left.\n|\n|t:|1776615623\n|teamsize|p1|4\n|teamsize|p2|4\n|start\n|switch|p1a: Gengar|Gengar, L50, F|100/100\n|switch|p1b: Incineroar|Incineroar, L50, F|100/100\n|switch|p2a: Incineroar|Incineroar, L50, F|100/100\n|switch|p2b: Maushold|Maushold-Four, L50|100/100\n|-ability|p1b: Incineroar|Intimidate|boost\n|-unboost|p2a: Incineroar|atk|1\n|-unboost|p2b: Maushold|atk|1\n|-ability|p2a: Incineroar|Intimidate|boost\n|-unboost|p1a: Gengar|atk|1\n|-unboost|p1b: Incineroar|atk|1\n|turn|1\n|inactive|filie has 30 seconds left.\n|inactive|tempocalypse has 30 seconds left.\n|inactive|filie has 20 seconds left.\n|inactive|tempocalypse has 20 seconds left.\n|inactive|tempocalypse has 15 seconds left.\n|\n|t:|1776615667\n|switch|p1a: Politoed|Politoed, L50, M|100/100\n|-weather|RainDance|[from] ability: Drizzle|[of] p1a: Politoed\n|move|p2b: Maushold|U-turn|p1a: Politoed\n|-damage|p1a: Politoed|91/100\n|\n|t:|1776615690\n|switch|p2b: Sinistcha|Sinistcha, L50|100/100|[from] U-turn\n|move|p1b: Incineroar|Throat Chop|p2b: Sinistcha\n|-supereffective|p2b: Sinistcha|1\n|-damage|p2b: Sinistcha|56/100\n|-start|p2b: Sinistcha|Throat Chop|[silent]\n|move|p2a: Incineroar|Darkest Lariat|p1a: Politoed\n|-damage|p1a: Politoed|61/100\n|\n|-weather|RainDance|[upkeep]\n|-heal|p1a: Politoed|67/100|[from] item: Leftovers\n|upkeep\n|turn|2\n|inactive|tempocalypse has 30 seconds left.\n|\n|t:|1776615720\n|switch|p1b: Sinistcha|Sinistcha, L50|100/100\n|-heal|p1a: Politoed|92/100|[from] ability: Hospitality|[of] p1b: Sinistcha\n|move|p1a: Politoed|Weather Ball|p2a: Incineroar\n|-supereffective|p2a: Incineroar|1\n|-damage|p2a: Incineroar|4/100\n|move|p2b: Sinistcha|Matcha Gotcha|p1a: Politoed|[spread] p1a,p1b\n|-supereffective|p1a: Politoed|1\n|-resisted|p1b: Sinistcha|1\n|-damage|p1a: Politoed|54/100\n|-heal|p2b: Sinistcha|81/100|[from] drain|[of] p1a: Politoed\n|-damage|p1b: Sinistcha|89/100\n|-heal|p2b: Sinistcha|88/100|[from] drain|[of] p1b: Sinistcha\n|-status|p1b: Sinistcha|brn\n|move|p2a: Incineroar|Darkest Lariat|p1b: Sinistcha\n|-supereffective|p1b: Sinistcha|1\n|-damage|p1b: Sinistcha|38/100 brn\n|-enditem|p1b: Sinistcha|Sitrus Berry|[eat]\n|-heal|p1b: Sinistcha|63/100 brn|[from] item: Sitrus Berry\n|\n|-weather|RainDance|[upkeep]\n|-heal|p1a: Politoed|60/100|[from] item: Leftovers\n|-damage|p1b: Sinistcha|56/100 brn|[from] brn\n|-end|p2b: Sinistcha|Throat Chop|[silent]\n|upkeep\n|turn|3\n|inactive|filie has 30 seconds left.\n|inactive|tempocalypse has 30 seconds left.\n|\n|t:|1776615754\n|switch|p2a: Slowbro|Slowbro, L50, M|100/100\n|move|p1a: Politoed|Weather Ball|p2a: Slowbro\n|-resisted|p2a: Slowbro|1\n|-damage|p2a: Slowbro|79/100\n|move|p1b: Sinistcha|Life Dew|p1b: Sinistcha|[spread] p1a,p1b\n|-heal|p1a: Politoed|85/100\n|-heal|p1b: Sinistcha|81/100 brn\n|move|p2b: Sinistcha|Trick Room|p2b: Sinistcha\n|-fieldstart|move: Trick Room|[of] p2b: Sinistcha\n|\n|-weather|RainDance|[upkeep]\n|-heal|p1a: Politoed|91/100|[from] item: Leftovers\n|-damage|p1b: Sinistcha|75/100 brn|[from] brn\n|upkeep\n|turn|4\n|\n|t:|1776615777\n|detailschange|p2a: Slowbro|Slowbro-Mega, L50, M\n|-mega|p2a: Slowbro|Slowbro|Slowbronite\n|move|p2a: Slowbro|Calm Mind|p2a: Slowbro\n|-boost|p2a: Slowbro|spa|1\n|-boost|p2a: Slowbro|spd|1\n|move|p2b: Sinistcha|Matcha Gotcha|p1a: Politoed|[spread] p1a,p1b\n|-supereffective|p1a: Politoed|1\n|-resisted|p1b: Sinistcha|1\n|-damage|p1a: Politoed|51/100\n|-heal|p2b: Sinistcha|100/100|[from] drain|[of] p1a: Politoed\n|-damage|p1b: Sinistcha|63/100 brn\n|move|p1b: Sinistcha|Matcha Gotcha|p2a: Slowbro|[spread] p2b\n|-miss|p1b: Sinistcha|p2a: Slowbro\n|-resisted|p2b: Sinistcha|1\n|-damage|p2b: Sinistcha|88/100\n|-heal|p1b: Sinistcha|69/100 brn|[from] drain|[of] p2b: Sinistcha\n|-status|p2b: Sinistcha|brn\n|move|p1a: Politoed|Perish Song|p1a: Politoed\n|-start|p1a: Politoed|perish3|[silent]\n|-start|p1b: Sinistcha|perish3|[silent]\n|-start|p2a: Slowbro|perish3|[silent]\n|-start|p2b: Sinistcha|perish3|[silent]\n|-fieldactivate|move: Perish Song\n|\n|-weather|RainDance|[upkeep]\n|-heal|p1a: Politoed|57/100|[from] item: Leftovers\n|-damage|p2b: Sinistcha|81/100 brn|[from] brn\n|-damage|p1b: Sinistcha|63/100 brn|[from] brn\n|-start|p2a: Slowbro|perish3\n|-start|p2b: Sinistcha|perish3\n|-start|p1b: Sinistcha|perish3\n|-start|p1a: Politoed|perish3\n|upkeep\n|turn|5\n|inactive|filie has 30 seconds left.\n|inactive|tempocalypse has 30 seconds left.\n|inactive|tempocalypse has 20 seconds left.\n|\n|t:|1776615815\n|move|p2a: Slowbro|Expanding Force|p1b: Sinistcha\n|-damage|p1b: Sinistcha|18/100 brn\n|move|p2b: Sinistcha|Matcha Gotcha|p1b: Sinistcha|[spread] p1a,p1b\n|-supereffective|p1a: Politoed|1\n|-resisted|p1b: Sinistcha|1\n|-damage|p1a: Politoed|16/100\n|-heal|p2b: Sinistcha|100/100 brn|[from] drain|[of] p1a: Politoed\n|-damage|p1b: Sinistcha|7/100 brn\n|move|p1b: Sinistcha|Life Dew|p1b: Sinistcha|[spread] p1a,p1b\n|-heal|p1a: Politoed|41/100\n|-heal|p1b: Sinistcha|32/100 brn\n|move|p1a: Politoed|Encore|p2a: Slowbro\n|-start|p2a: Slowbro|Encore\n|\n|-weather|none\n|-heal|p1a: Politoed|47/100|[from] item: Leftovers\n|-damage|p2b: Sinistcha|94/100 brn|[from] brn\n|-damage|p1b: Sinistcha|26/100 brn|[from] brn\n|-start|p2a: Slowbro|perish2\n|-start|p2b: Sinistcha|perish2\n|-start|p1b: Sinistcha|perish2\n|-start|p1a: Politoed|perish2\n|upkeep\n|turn|6\n|inactive|tempocalypse has 30 seconds left.\n|\n|t:|1776615849\n|switch|p2a: Incineroar|Incineroar, L50, F|4/100\n|-ability|p2a: Incineroar|Intimidate|boost\n|-unboost|p1a: Politoed|atk|1\n|-unboost|p1b: Sinistcha|atk|1\n|switch|p2b: Maushold|Maushold-Four, L50|100/100\n|move|p1a: Politoed|Protect|p1a: Politoed\n|-singleturn|p1a: Politoed|Protect\n|move|p1b: Sinistcha|Life Dew|p1b: Sinistcha|[spread] p1a,p1b\n|-heal|p1a: Politoed|72/100\n|-heal|p1b: Sinistcha|51/100 brn\n|\n|-heal|p1a: Politoed|78/100|[from] item: Leftovers\n|-damage|p1b: Sinistcha|45/100 brn|[from] brn\n|-start|p1b: Sinistcha|perish1\n|-start|p1a: Politoed|perish1\n|upkeep\n|turn|7\n|inactive|tempocalypse has 30 seconds left.\n|\n|t:|1776615884\n|switch|p1b: Gengar|Gengar, L50, F|100/100\n|switch|p1a: Incineroar|Incineroar, L50, F|100/100\n|-ability|p1a: Incineroar|Intimidate|boost\n|-unboost|p2a: Incineroar|atk|1\n|-unboost|p2b: Maushold|atk|1\n|switch|p2b: Sinistcha|Sinistcha, L50|94/100 brn\n|-heal|p2a: Incineroar|29/100|[from] ability: Hospitality|[of] p2b: Sinistcha\n|move|p2a: Incineroar|Darkest Lariat|p1a: Incineroar\n|-resisted|p1a: Incineroar|1\n|-crit|p1a: Incineroar\n|-damage|p1a: Incineroar|68/100\n|\n|-damage|p2b: Sinistcha|88/100 brn|[from] brn\n|-fieldend|move: Trick Room\n|upkeep\n|turn|8\n|\n|t:|1776615903\n|detailschange|p1b: Gengar|Gengar-Mega, L50, F\n|-mega|p1b: Gengar|Gengar|Gengarite\n|move|p1b: Gengar|Sludge Bomb|p2a: Incineroar\n|-damage|p2a: Incineroar|0 fnt\n|faint|p2a: Incineroar\n|move|p1a: Incineroar|Throat Chop|p2b: Sinistcha\n|-supereffective|p2b: Sinistcha|1\n|-damage|p2b: Sinistcha|27/100 brn\n|-start|p2b: Sinistcha|Throat Chop|[silent]\n|move|p2b: Sinistcha|Trick Room|p2b: Sinistcha\n|-fieldstart|move: Trick Room|[of] p2b: Sinistcha\n|\n|-damage|p2b: Sinistcha|21/100 brn|[from] brn\n|upkeep\n|\n|t:|1776615912\n|switch|p2a: Slowbro|Slowbro-Mega, L50, M|79/100\n|turn|9\n|\n|t:|1776615928\n|move|p2a: Slowbro|Expanding Force|p1b: Gengar\n|-supereffective|p1b: Gengar|1\n|-damage|p1b: Gengar|29/100\n|move|p2b: Sinistcha|Strength Sap|p1a: Incineroar\n|-unboost|p1a: Incineroar|atk|1\n|-heal|p2b: Sinistcha|100/100 brn\n|move|p1a: Incineroar|Throat Chop|p2b: Sinistcha\n|-supereffective|p2b: Sinistcha|1\n|-damage|p2b: Sinistcha|56/100 brn\n|move|p1b: Gengar|Perish Song|p1b: Gengar\n|-start|p1a: Incineroar|perish3|[silent]\n|-start|p1b: Gengar|perish3|[silent]\n|-start|p2a: Slowbro|perish3|[silent]\n|-start|p2b: Sinistcha|perish3|[silent]\n|-fieldactivate|move: Perish Song\n|\n|-damage|p2b: Sinistcha|49/100 brn|[from] brn\n|-end|p2b: Sinistcha|Throat Chop|[silent]\n|-start|p2a: Slowbro|perish3\n|-start|p2b: Sinistcha|perish3\n|-start|p1a: Incineroar|perish3\n|-start|p1b: Gengar|perish3\n|upkeep\n|turn|10\n|\n|t:|1776615947\n|switch|p1a: Sinistcha|Sinistcha, L50|45/100 brn\n|-heal|p1b: Gengar|53/100|[from] ability: Hospitality|[of] p1a: Sinistcha\n|move|p1b: Gengar|Protect|p1b: Gengar\n|-singleturn|p1b: Gengar|Protect\n|move|p2a: Slowbro|Expanding Force|p1a: Sinistcha\n|-damage|p1a: Sinistcha|13/100 brn\n|move|p2b: Sinistcha|Matcha Gotcha|p1a: Sinistcha|[spread] p1a\n|-activate|p1b: Gengar|move: Protect\n|-resisted|p1a: Sinistcha|1\n|-damage|p1a: Sinistcha|3/100 brn\n|-heal|p2b: Sinistcha|56/100 brn|[from] drain|[of] p1a: Sinistcha\n|\n|-damage|p2b: Sinistcha|49/100 brn|[from] brn\n|-damage|p1a: Sinistcha|0 fnt|[from] brn\n|faint|p1a: Sinistcha\n|-start|p2a: Slowbro|perish2\n|-start|p2b: Sinistcha|perish2\n|-start|p1b: Gengar|perish2\n|upkeep\n|\n|t:|1776615967\n|switch|p1a: Incineroar|Incineroar, L50, F|68/100\n|-ability|p1a: Incineroar|Intimidate|boost\n|-unboost|p2a: Slowbro|atk|1\n|-unboost|p2b: Sinistcha|atk|1\n|turn|11\n|inactive|tempocalypse has 30 seconds left.\n|\n|t:|1776615992\n|move|p1a: Incineroar|Fake Out|p2a: Slowbro\n|-damage|p2a: Slowbro|73/100\n|cant|p2a: Slowbro|flinch\n|move|p2b: Sinistcha|Matcha Gotcha|p1a: Incineroar|[spread] p1a,p1b\n|-resisted|p1a: Incineroar|1\n|-resisted|p1b: Gengar|1\n|-damage|p1a: Incineroar|58/100\n|-heal|p2b: Sinistcha|56/100 brn|[from] drain|[of] p1a: Incineroar\n|-damage|p1b: Gengar|39/100\n|-heal|p2b: Sinistcha|64/100 brn|[from] drain|[of] p1b: Gengar\n|-status|p1b: Gengar|brn\n|move|p1b: Gengar|Sludge Bomb|p2b: Sinistcha\n|-damage|p2b: Sinistcha|15/100 brn\n|\n|-damage|p2b: Sinistcha|9/100 brn|[from] brn\n|-damage|p1b: Gengar|33/100 brn|[from] brn\n|-start|p2a: Slowbro|perish1\n|-start|p2b: Sinistcha|perish1\n|-start|p1b: Gengar|perish1\n|upkeep\n|turn|12\n|\n|t:|1776616014\n|switch|p2b: Maushold|Maushold-Four, L50|100/100\n|move|p1a: Incineroar|Protect|p1a: Incineroar\n|-singleturn|p1a: Incineroar|Protect\n|move|p1b: Gengar|Protect|p1b: Gengar\n|-singleturn|p1b: Gengar|Protect\n|move|p2a: Slowbro|Expanding Force|p1b: Gengar\n|-activate|p1b: Gengar|move: Protect\n|\n|-damage|p1b: Gengar|27/100 brn|[from] brn\n|-start|p2a: Slowbro|perish0\n|-start|p1b: Gengar|perish0\n|-fieldend|move: Trick Room\n|faint|p2a: Slowbro\n|faint|p1b: Gengar\n|upkeep\n|\n|t:|1776616028\n|switch|p1b: Politoed|Politoed, L50, M|78/100\n|switch|p2a: Sinistcha|Sinistcha, L50|9/100 brn\n|-weather|RainDance|[from] ability: Drizzle|[of] p1b: Politoed\n|turn|13\n|\n|t:|1776616049\n|move|p2b: Maushold|Follow Me|p2b: Maushold\n|-singleturn|p2b: Maushold|move: Follow Me\n|move|p1b: Politoed|Weather Ball|p2b: Maushold\n|-damage|p2b: Maushold|38/100\n|move|p1a: Incineroar|Throat Chop|p2b: Maushold\n|-damage|p2b: Maushold|0 fnt\n|faint|p2b: Maushold\n|move|p2a: Sinistcha|Trick Room|p2a: Sinistcha\n|-fieldstart|move: Trick Room|[of] p2a: Sinistcha\n|\n|-weather|RainDance|[upkeep]\n|-heal|p1b: Politoed|84/100|[from] item: Leftovers\n|-damage|p2a: Sinistcha|3/100 brn|[from] brn\n|upkeep\n|turn|14\n|\n|t:|1776616070\n|move|p1a: Incineroar|Protect|p1a: Incineroar\n|-singleturn|p1a: Incineroar|Protect\n|move|p1b: Politoed|Protect|p1b: Politoed\n|-singleturn|p1b: Politoed|Protect\n|move|p2a: Sinistcha|Strength Sap|p1b: Politoed\n|-activate|p1b: Politoed|move: Protect\n|\n|-weather|RainDance|[upkeep]\n|-heal|p1b: Politoed|90/100|[from] item: Leftovers\n|-damage|p2a: Sinistcha|0 fnt|[from] brn\n|faint|p2a: Sinistcha\n|\n|win|filie\n|raw|filie's rating: 1090 &rarr; <strong>1110</strong><br />(+20 for winning)\n|raw|tempocalypse's rating: 1000 &rarr; <strong>1000</strong><br />(+0 for losing)\n|l|\u203dtempocalypse\n|player|p2|\n",
  "uploadtime": 1776616085,
  "views": 26,
  "formatid": "gen9championsvgc2026regma",
  "rating": 1000,
  "private": 0,
  "password": null
}