{
  "id": "gen9championsvgc2026regma-2586022015",
  "format": "[Gen 9 Champions] VGC 2026 Reg M-A",
  "players": [
    "M2nisparks",
    "darkina74"
  ],
  "log": "|j|\u2606M2nisparks\n|j|\u2606darkina74\n|t:|1776391099\n|gametype|doubles\n|player|p1|M2nisparks|266|1069\n|player|p2|darkina74|miku-fairy|1056\n|gen|9\n|tier|[Gen 9 Champions] VGC 2026 Reg M-A\n|rated|\n|rule|Species Clause: Limit one of each Pok\u00e9mon\n|rule|Item Clause: Limit 1 of each item\n|clearpoke\n|poke|p1|Dragonite, L50, M|\n|poke|p1|Basculegion, L50, M|\n|poke|p1|Pelipper, L50, M|\n|poke|p1|Clefable, L50, F|\n|poke|p1|Incineroar, L50, F|\n|poke|p1|Gengar, L50, M|\n|poke|p2|Farigiraf, L50, M|\n|poke|p2|Hatterene, L50, F|\n|poke|p2|Crabominable, L50, F|\n|poke|p2|Alcremie-Rainbow-Swirl, L50, F|\n|poke|p2|Incineroar, L50, M|\n|poke|p2|Sinistcha, L50|\n|teampreview|4\n|inactive|Battle timer is ON: inactive players will automatically lose when time's up. (requested by darkina74)\n|\n|t:|1776391119\n|teamsize|p1|4\n|teamsize|p2|4\n|start\n|switch|p1a: Basculegion|Basculegion, L50, M|100/100\n|switch|p1b: Incineroar|Incineroar, L50, F|100/100\n|switch|p2a: Frisk undertula|Farigiraf, L50, M|100/100\n|switch|p2b: Hola|Incineroar, L50, M|100/100\n|-ability|p1b: Incineroar|Intimidate|boost\n|-unboost|p2a: Frisk undertula|atk|1\n|-unboost|p2b: Hola|atk|1\n|-ability|p2b: Hola|Intimidate|boost\n|-unboost|p1a: Basculegion|atk|1\n|-unboost|p1b: Incineroar|atk|1\n|turn|1\n|\n|t:|1776391141\n|move|p1b: Incineroar|Fake Out||[still]\n|cant|p2a: Frisk undertula|ability: Armor Tail|Fake Out|[of] p1b: Incineroar\n|move|p2b: Hola|Fake Out|p1b: Incineroar\n|-damage|p1b: Incineroar|93/100\n|move|p1a: Basculegion|Flip Turn|p2b: Hola\n|-supereffective|p2b: Hola|1\n|-damage|p2b: Hola|57/100\n|\n|t:|1776391156\n|switch|p1a: Gengar|Gengar, L50, M|100/100|[from] Flip Turn\n|move|p2a: Frisk undertula|Trick Room|p2a: Frisk undertula\n|-fieldstart|move: Trick Room|[of] p2a: Frisk undertula\n|\n|upkeep\n|turn|2\n|\n|t:|1776391177\n|detailschange|p1a: Gengar|Gengar-Mega, L50, M\n|-mega|p1a: Gengar|Gengar|Gengarite\n|move|p1a: Gengar|Protect|p1a: Gengar\n|-singleturn|p1a: Gengar|Protect\n|move|p2b: Hola|Parting Shot|p1a: Gengar\n|-activate|p1a: Gengar|move: Protect\n|move|p2a: Frisk undertula|Psyshock|p1a: Gengar\n|-activate|p1a: Gengar|move: Protect\n|move|p1b: Incineroar|Darkest Lariat|p2a: Frisk undertula\n|-supereffective|p2a: Frisk undertula|1\n|-damage|p2a: Frisk undertula|57/100\n|\n|-heal|p2a: Frisk undertula|63/100|[from] item: Leftovers\n|upkeep\n|turn|3\n|inactive|M2nisparks has 30 seconds left.\n|inactive|M2nisparks has 20 seconds left.\n|inactive|M2nisparks has 15 seconds left.\n|inactive|M2nisparks has 10 seconds left.\n|inactive|M2nisparks has 5 seconds left.\n|\n|t:|1776391228\n|switch|p1b: Basculegion|Basculegion, L50, M|100/100\n|move|p2b: Hola|Parting Shot|p1a: Gengar\n|-unboost|p1a: Gengar|atk|1\n|-unboost|p1a: Gengar|spa|1\n|\n|t:|1776391245\n|switch|p2b: Yetigrejo|Crabominable, L50, F|100/100|[from] Parting Shot\n|move|p2a: Frisk undertula|Psyshock|p1a: Gengar\n|-supereffective|p1a: Gengar|1\n|-damage|p1a: Gengar|0 fnt\n|faint|p1a: Gengar\n|\n|-heal|p2a: Frisk undertula|70/100|[from] item: Leftovers\n|upkeep\n|\n|t:|1776391257\n|switch|p1a: Incineroar|Incineroar, L50, F|93/100\n|-ability|p1a: Incineroar|Intimidate|boost\n|-unboost|p2a: Frisk undertula|atk|1\n|-unboost|p2b: Yetigrejo|atk|1\n|turn|4\n|\n|t:|1776391274\n|detailschange|p2b: Yetigrejo|Crabominable-Mega, L50, F\n|-mega|p2b: Yetigrejo|Crabominable|Crabominite\n|move|p2b: Yetigrejo|Drain Punch|p1a: Incineroar\n|-supereffective|p1a: Incineroar|1\n|-enditem|p1a: Incineroar|Chople Berry|[eat]\n|-enditem|p1a: Incineroar|Chople Berry|[weaken]\n|-damage|p1a: Incineroar|61/100\n|move|p2a: Frisk undertula|Psyshock|p1b: Basculegion\n|-damage|p1b: Basculegion|51/100\n|move|p1a: Incineroar|Darkest Lariat|p2a: Frisk undertula\n|-supereffective|p2a: Frisk undertula|1\n|-damage|p2a: Frisk undertula|4/100\n|move|p1b: Basculegion|Flip Turn|p2b: Yetigrejo\n|-damage|p2b: Yetigrejo|77/100\n|\n|t:|1776391291\n|switch|p1b: Clefable|Clefable, L50, F|100/100|[from] Flip Turn\n|\n|-heal|p2a: Frisk undertula|10/100|[from] item: Leftovers\n|upkeep\n|turn|5\n|inactive|darkina74 has 30 seconds left.\n|\n|t:|1776391320\n|move|p1b: Clefable|Follow Me|p1b: Clefable\n|-singleturn|p1b: Clefable|move: Follow Me\n|move|p2b: Yetigrejo|Drain Punch|p1b: Clefable\n|-resisted|p1b: Clefable|1\n|-damage|p1b: Clefable|79/100\n|-heal|p2b: Yetigrejo|88/100|[from] drain|[of] p1b: Clefable\n|move|p2a: Frisk undertula|Hyper Voice|p1a: Incineroar|[spread] p1a,p1b\n|-damage|p1a: Incineroar|37/100\n|-damage|p1b: Clefable|48/100\n|-enditem|p1b: Clefable|Sitrus Berry|[eat]\n|-heal|p1b: Clefable|72/100|[from] item: Sitrus Berry\n|move|p1a: Incineroar|Parting Shot|p2b: Yetigrejo\n|-unboost|p2b: Yetigrejo|atk|1\n|-unboost|p2b: Yetigrejo|spa|1\n|\n|t:|1776391334\n|switch|p1a: Basculegion|Basculegion, L50, M|51/100|[from] Parting Shot\n|\n|-heal|p2a: Frisk undertula|16/100|[from] item: Leftovers\n|-fieldend|move: Trick Room\n|upkeep\n|turn|6\n|\n|t:|1776391354\n|switch|p2b: Hola|Incineroar, L50, M|57/100\n|-ability|p2b: Hola|Intimidate|boost\n|-unboost|p1a: Basculegion|atk|1\n|-unboost|p1b: Clefable|atk|1\n|move|p1a: Basculegion|Last Respects|p2b: Hola\n|-resisted|p2b: Hola|1\n|-damage|p2b: Hola|40/100\n|-enditem|p2b: Hola|Sitrus Berry|[eat]\n|-heal|p2b: Hola|65/100|[from] item: Sitrus Berry\n|move|p1b: Clefable|Moonblast|p2b: Hola\n|-damage|p2b: Hola|42/100\n|move|p2a: Frisk undertula|Trick Room|p2a: Frisk undertula\n|-fieldstart|move: Trick Room|[of] p2a: Frisk undertula\n|\n|-heal|p2a: Frisk undertula|22/100|[from] item: Leftovers\n|upkeep\n|turn|7\n|inactive|darkina74 has 30 seconds left.\n|\n|t:|1776391380\n|switch|p1a: Incineroar|Incineroar, L50, F|37/100\n|-ability|p1a: Incineroar|Intimidate|boost\n|-unboost|p2a: Frisk undertula|atk|1\n|-unboost|p2b: Hola|atk|1\n|move|p2b: Hola|Fake Out|p1b: Clefable\n|-damage|p1b: Clefable|62/100\n|cant|p1b: Clefable|flinch\n|move|p2a: Frisk undertula|Hyper Voice|p1a: Incineroar|[spread] p1a,p1b\n|-damage|p1a: Incineroar|14/100\n|-damage|p1b: Clefable|33/100\n|\n|-heal|p2a: Frisk undertula|28/100|[from] item: Leftovers\n|upkeep\n|turn|8\n|inactive|darkina74 has 30 seconds left.\n|inactive|darkina74 has 20 seconds left.\n|inactive|darkina74 has 15 seconds left.\n|\n|t:|1776391423\n|move|p2b: Hola|Protect|p2b: Hola\n|-singleturn|p2b: Hola|Protect\n|move|p1b: Clefable|Protect|p1b: Clefable\n|-singleturn|p1b: Clefable|Protect\n|move|p1a: Incineroar|Fake Out||[still]\n|cant|p2a: Frisk undertula|ability: Armor Tail|Fake Out|[of] p1a: Incineroar\n|move|p2a: Frisk undertula|Hyper Voice|p1b: Clefable|[spread] p1a\n|-activate|p1b: Clefable|move: Protect\n|-damage|p1a: Incineroar|0 fnt\n|faint|p1a: Incineroar\n|\n|-heal|p2a: Frisk undertula|34/100|[from] item: Leftovers\n|upkeep\n|\n|t:|1776391438\n|switch|p1a: Basculegion|Basculegion, L50, M|51/100\n|turn|9\n|\n|t:|1776391452\n|move|p2b: Hola|Parting Shot|p1b: Clefable\n|-unboost|p1b: Clefable|atk|1\n|-unboost|p1b: Clefable|spa|1\n|\n|t:|1776391460\n|switch|p2b: Gay cream|Alcremie-Rainbow-Swirl, L50, F|100/100|[from] Parting Shot\n|move|p2a: Frisk undertula|Psyshock|p1a: Basculegion\n|-damage|p1a: Basculegion|4/100\n|move|p1b: Clefable|Moonblast|p2a: Frisk undertula\n|-damage|p2a: Frisk undertula|13/100\n|move|p1a: Basculegion|Wave Crash|p2b: Gay cream\n|-damage|p2b: Gay cream|34/100\n|-damage|p1a: Basculegion|0 fnt|[from] Recoil\n|faint|p1a: Basculegion\n|\n|-heal|p2a: Frisk undertula|19/100|[from] item: Leftovers\n|upkeep\n|turn|10\n|inactive|M2nisparks has 30 seconds left.\n|-message|M2nisparks forfeited.\n|\n|win|darkina74\n|raw|M2nisparks's rating: 1069 &rarr; <strong>1048</strong><br />(-21 for losing)\n|raw|darkina74's rating: 1056 &rarr; <strong>1089</strong><br />(+33 for winning)\n|l|\u2606M2nisparks\n|player|p1|\n",
  "uploadtime": 1776391492,
  "views": 22,
  "formatid": "gen9championsvgc2026regma",
  "rating": 1048,
  "private": 0,
  "password": null
}