{
  "id": "gen9championsvgc2026regma-2589480506",
  "format": "[Gen 9 Champions] VGC 2026 Reg M-A",
  "players": [
    "monarca111",
    "godfocker"
  ],
  "log": "|j|\u2606monarca111\n|j|\u2606godfocker\n|t:|1776726785\n|gametype|doubles\n|player|p1|monarca111|veteran|1389\n|player|p2|godfocker|101|1370\n|gen|9\n|tier|[Gen 9 Champions] VGC 2026 Reg M-A\n|rated|\n|rule|Species Clause: Limit one of each Pok\u00e9mon\n|rule|Item Clause: Limit 1 of each item\n|clearpoke\n|poke|p1|Aegislash, L50, M, shiny|\n|poke|p1|Pelipper, L50, M|\n|poke|p1|Archaludon, L50, M|\n|poke|p1|Primarina, L50, F|\n|poke|p1|Hydreigon, L50, M|\n|poke|p1|Scizor, L50, M|\n|poke|p2|Blastoise, L50, F|\n|poke|p2|Sinistcha, L50|\n|poke|p2|Sneasler, L50, M|\n|poke|p2|Garchomp, L50, M|\n|poke|p2|Aerodactyl, L50, M|\n|poke|p2|Sylveon, L50, M|\n|teampreview|4\n|\n|t:|1776726818\n|teamsize|p1|4\n|teamsize|p2|4\n|start\n|switch|p1a: Pelipper|Pelipper, L50, M|100/100\n|switch|p1b: Archaludon|Archaludon, L50, M|100/100\n|switch|p2a: Blastoise|Blastoise, L50, F|100/100\n|switch|p2b: Sneasler|Sneasler, L50, M|100/100\n|-weather|RainDance|[from] ability: Drizzle|[of] p1a: Pelipper\n|turn|1\n|\n|t:|1776726851\n|move|p2a: Blastoise|Protect|p2a: Blastoise\n|-singleturn|p2a: Blastoise|Protect\n|move|p2b: Sneasler|Close Combat|p1b: Archaludon\n|-supereffective|p1b: Archaludon|1\n|-damage|p1b: Archaludon|5/100\n|-unboost|p2b: Sneasler|def|1\n|-unboost|p2b: Sneasler|spd|1\n|-ability|p1b: Archaludon|Stamina|boost\n|-boost|p1b: Archaludon|def|1\n|-enditem|p2b: Sneasler|White Herb\n|-clearnegativeboost|p2b: Sneasler|[silent]\n|move|p1b: Archaludon|Electro Shot||[still]\n|-prepare|p1b: Archaludon|Electro Shot\n|-boost|p1b: Archaludon|spa|1\n|-anim|p1b: Archaludon|Electro Shot|p2a: Blastoise\n|-activate|p2a: Blastoise|move: Protect\n|move|p1a: Pelipper|Tailwind|p1a: Pelipper\n|-sidestart|p1: monarca111|move: Tailwind\n|\n|-weather|RainDance|[upkeep]\n|upkeep\n|turn|2\n|\n|t:|1776726877\n|switch|p2a: Sinistcha|Sinistcha, L50|100/100\n|move|p2b: Sneasler|Protect|p2b: Sneasler\n|-singleturn|p2b: Sneasler|Protect\n|move|p1b: Archaludon|Protect|p1b: Archaludon\n|-singleturn|p1b: Archaludon|Protect\n|move|p1a: Pelipper|Hurricane|p2b: Sneasler\n|-activate|p2b: Sneasler|move: Protect\n|\n|-weather|RainDance|[upkeep]\n|upkeep\n|turn|3\n|\n|t:|1776726915\n|switch|p2a: Garchomp|Garchomp, L50, M|100/100\n|move|p2b: Sneasler|Dire Claw|p1a: Pelipper\n|-damage|p1a: Pelipper|68/100\n|-status|p1a: Pelipper|par\n|move|p1b: Archaludon|Draco Meteor|p2a: Garchomp\n|-supereffective|p2a: Garchomp|1\n|-damage|p2a: Garchomp|0 fnt\n|-unboost|p1b: Archaludon|spa|2\n|faint|p2a: Garchomp\n|move|p1a: Pelipper|Hurricane|p2b: Sneasler\n|-supereffective|p2b: Sneasler|1\n|-damage|p2b: Sneasler|1/100\n|\n|-weather|RainDance|[upkeep]\n|upkeep\n|\n|t:|1776726930\n|switch|p2a: Blastoise|Blastoise, L50, F|100/100\n|turn|4\n|\n|t:|1776726941\n|switch|p1a: Scizor|Scizor, L50, M|100/100\n|detailschange|p2a: Blastoise|Blastoise-Mega, L50, F\n|-mega|p2a: Blastoise|Blastoise|Blastoisinite\n|move|p1b: Archaludon|Protect|p1b: Archaludon\n|-singleturn|p1b: Archaludon|Protect\n|move|p2b: Sneasler|Close Combat|p1b: Archaludon\n|-activate|p1b: Archaludon|move: Protect\n|move|p2a: Blastoise|Shell Smash|p2a: Blastoise\n|-unboost|p2a: Blastoise|def|1\n|-unboost|p2a: Blastoise|spd|1\n|-boost|p2a: Blastoise|atk|2\n|-boost|p2a: Blastoise|spa|2\n|-boost|p2a: Blastoise|spe|2\n|\n|-weather|RainDance|[upkeep]\n|-sideend|p1: monarca111|move: Tailwind\n|upkeep\n|turn|5\n|inactive|Battle timer is ON: inactive players will automatically lose when time's up. (requested by godfocker)\n|inactive|monarca111 has 60 seconds left.\n|\n|t:|1776727003\n|detailschange|p1a: Scizor|Scizor-Mega, L50, M\n|-mega|p1a: Scizor|Scizor|Scizorite\n|move|p2b: Sneasler|Protect|p2b: Sneasler\n|-singleturn|p2b: Sneasler|Protect\n|move|p2a: Blastoise|Water Spout|p1a: Scizor|[spread] p1a,p1b\n|-resisted|p1b: Archaludon|1\n|-damage|p1a: Scizor|0 fnt\n|-damage|p1b: Archaludon|0 fnt\n|faint|p1a: Scizor\n|faint|p1b: Archaludon\n|\n|-weather|none\n|upkeep\n|\n|t:|1776727016\n|switch|p1b: Pelipper|Pelipper, L50, M|68/100 par\n|switch|p1a: Primarina|Primarina, L50, F|100/100\n|-weather|RainDance|[from] ability: Drizzle|[of] p1b: Pelipper\n|turn|6\n|\n|t:|1776727029\n|move|p1b: Pelipper|Helping Hand|p1a: Primarina\n|-singleturn|p1a: Primarina|Helping Hand|[of] p1b: Pelipper\n|move|p2b: Sneasler|Dire Claw|p1a: Primarina\n|-supereffective|p1a: Primarina|1\n|-damage|p1a: Primarina|28/100\n|move|p2a: Blastoise|Dark Pulse|p1b: Pelipper\n|-damage|p1b: Pelipper|0 fnt\n|faint|p1b: Pelipper\n|move|p1a: Primarina|Moonblast|p2a: Blastoise\n|-damage|p2a: Blastoise|3/100\n|\n|-weather|RainDance|[upkeep]\n|upkeep\n|turn|7\n|-message|monarca111 forfeited.\n|\n|win|godfocker\n|raw|monarca111's rating: 1389 &rarr; <strong>1368</strong><br />(-21 for losing)\n|raw|godfocker's rating: 1370 &rarr; <strong>1391</strong><br />(+21 for winning)\n|l|\u2606monarca111\n|player|p1|\n",
  "uploadtime": 1776727047,
  "views": 6,
  "formatid": "gen9championsvgc2026regma",
  "rating": 1368,
  "private": 0,
  "password": null
}