{
  "id": "gen9championsvgc2026regma-2580596057",
  "format": "[Gen 9 Champions] VGC 2026 Reg M-A",
  "players": [
    "disciple of blahaj",
    "funnimation"
  ],
  "log": "|j|\u2606disciple of blahaj\n|j|\u2606funnimation\n|t:|1775916516\n|gametype|doubles\n|player|p1|disciple of blahaj|mina-lgpe|1000\n|player|p2|funnimation|nurse|1045\n|gen|9\n|tier|[Gen 9 Champions] VGC 2026 Reg M-A\n|rated|\n|rule|Species Clause: Limit one of each Pok\u00e9mon\n|rule|Item Clause: Limit 1 of each item\n|clearpoke\n|poke|p1|Floette-Eternal, L50, F|\n|poke|p1|Aegislash, L50, F|\n|poke|p1|Mimikyu, L50, M|\n|poke|p1|Incineroar, L50, M|\n|poke|p1|Maushold-Four, L50|\n|poke|p1|Rotom-Wash, L50|\n|poke|p2|Floette-Eternal, L50, F|\n|poke|p2|Sylveon, L50, F|\n|poke|p2|Incineroar, L50, M|\n|poke|p2|Ceruledge, L50, F|\n|poke|p2|Hydrapple, L50, M|\n|poke|p2|Sneasler, L50, M|\n|teampreview|4\n|inactive|Battle timer is ON: inactive players will automatically lose when time's up. (requested by funnimation)\n|\n|t:|1775916620\n|teamsize|p1|4\n|teamsize|p2|4\n|start\n|switch|p1a: Aegislash|Aegislash, L50, F|100/100\n|switch|p1b: Mimikyu|Mimikyu, L50, M|100/100\n|switch|p2a: Hydrapple|Hydrapple, L50, M|100/100\n|switch|p2b: Sylveon|Sylveon, L50, F|100/100\n|-ability|p2a: Hydrapple|Supersweet Syrup\n|-unboost|p1a: Aegislash|evasion|1\n|-unboost|p1b: Mimikyu|evasion|1\n|turn|1\n|inactive|funnimation has 30 seconds left.\n|inactive|funnimation has 20 seconds left.\n|inactive|funnimation has 15 seconds left.\n|\n|t:|1775916662\n|move|p1b: Mimikyu|Curse|p2a: Hydrapple\n|-start|p2a: Hydrapple|Curse|[of] p1b: Mimikyu\n|-damage|p1b: Mimikyu|50/100\n|move|p2b: Sylveon|Shadow Ball|p1a: Aegislash\n|-supereffective|p1a: Aegislash|1\n|-damage|p1a: Aegislash|59/100\n|move|p2a: Hydrapple|Energy Ball|p1b: Mimikyu\n|-activate|p1b: Mimikyu|ability: Disguise\n|-damage|p1b: Mimikyu|50/100\n|detailschange|p1b: Mimikyu|Mimikyu-Busted, L50, M\n|-damage|p1b: Mimikyu|38/100|[from] pokemon: Mimikyu-Busted\n|-formechange|p1a: Aegislash|Aegislash-Blade|\n|move|p1a: Aegislash|Iron Head|p2b: Sylveon\n|-supereffective|p2b: Sylveon|1\n|-damage|p2b: Sylveon|0 fnt\n|faint|p2b: Sylveon\n|\n|-heal|p1a: Aegislash|65/100|[from] item: Leftovers\n|-damage|p2a: Hydrapple|76/100|[from] Curse\n|upkeep\n|\n|t:|1775916682\n|switch|p2b: Incineroar|Incineroar, L50, M, shiny|100/100\n|-ability|p2b: Incineroar|Intimidate|boost\n|-unboost|p1a: Aegislash|atk|1\n|-unboost|p1b: Mimikyu|atk|1\n|turn|2\n|\n|t:|1775916703\n|switch|p1b: Maushold|Maushold-Four, L50|100/100\n|-formechange|p1a: Aegislash|Aegislash|\n|move|p1a: Aegislash|King's Shield|p1a: Aegislash\n|-singleturn|p1a: Aegislash|Protect\n|move|p2b: Incineroar|Fire Punch|p1a: Aegislash\n|-activate|p1a: Aegislash|move: Protect\n|-unboost|p2b: Incineroar|atk|1\n|move|p2a: Hydrapple|Energy Ball|p1b: Maushold\n|-damage|p1b: Maushold|38/100\n|\n|-heal|p1a: Aegislash|71/100|[from] item: Leftovers\n|-damage|p2a: Hydrapple|51/100|[from] Curse\n|upkeep\n|turn|3\n|\n|t:|1775916728\n|switch|p1a: Floette|Floette-Eternal, L50, F|100/100\n|move|p1b: Maushold|Protect|p1b: Maushold\n|-singleturn|p1b: Maushold|Protect\n|move|p2b: Incineroar|Fire Punch|p1a: Floette\n|-damage|p1a: Floette|83/100\n|move|p2a: Hydrapple|Energy Ball|p1b: Maushold\n|-activate|p1b: Maushold|move: Protect\n|\n|-damage|p2a: Hydrapple|26/100|[from] Curse\n|upkeep\n|turn|4\n|\n|t:|1775916752\n|detailschange|p1a: Floette|Floette-Mega, L50, F\n|-mega|p1a: Floette|Floette|Floettite\n|-ability|p1a: Floette|Fairy Aura\n|move|p1b: Maushold|Population Bomb|p2a: Hydrapple|[miss]\n|-miss|p1b: Maushold|p2a: Hydrapple\n|move|p1a: Floette|Calm Mind|p1a: Floette\n|-boost|p1a: Floette|spa|1\n|-boost|p1a: Floette|spd|1\n|move|p2b: Incineroar|Parting Shot|p1a: Floette\n|-unboost|p1a: Floette|atk|1\n|-unboost|p1a: Floette|spa|1\n|\n|t:|1775916764\n|switch|p2b: Floette|Floette-Eternal, L50, F|100/100|[from] Parting Shot\n|move|p2a: Hydrapple|Energy Ball|p1a: Floette\n|-damage|p1a: Floette|65/100\n|\n|-damage|p2a: Hydrapple|1/100|[from] Curse\n|upkeep\n|turn|5\n|inactive|funnimation has 30 seconds left.\n|\n|t:|1775916795\n|detailschange|p2b: Floette|Floette-Mega, L50, F\n|-mega|p2b: Floette|Floette|Floettite\n|-ability|p2b: Floette|Fairy Aura\n|move|p1b: Maushold|Population Bomb|p2a: Hydrapple\n|-damage|p2a: Hydrapple|0 fnt\n|faint|p2a: Hydrapple\n|-hitcount|p2: Hydrapple|1\n|move|p2b: Floette|Light of Ruin|p1a: Floette|[miss]\n|-miss|p2b: Floette|p1a: Floette\n|move|p1a: Floette|Calm Mind|p1a: Floette\n|-boost|p1a: Floette|spa|1\n|-boost|p1a: Floette|spd|1\n|\n|upkeep\n|\n|t:|1775916808\n|switch|p2a: Incineroar|Incineroar, L50, M, shiny|100/100\n|-ability|p2a: Incineroar|Intimidate|boost\n|-unboost|p1a: Floette|atk|1\n|-unboost|p1b: Maushold|atk|1\n|turn|6\n|\n|t:|1775916817\n|move|p1b: Maushold|Protect|p1b: Maushold\n|-singleturn|p1b: Maushold|Protect\n|move|p1a: Floette|Protect|p1a: Floette\n|-singleturn|p1a: Floette|Protect\n|move|p2a: Incineroar|Fake Out|p1a: Floette\n|-activate|p1a: Floette|move: Protect\n|move|p2b: Floette|Moonblast|p1b: Maushold\n|-activate|p1b: Maushold|move: Protect\n|\n|upkeep\n|turn|7\n|\n|t:|1775916842\n|move|p1b: Maushold|Encore|p2a: Incineroar\n|-start|p2a: Incineroar|Encore\n|move|p2a: Incineroar|Fake Out||[still]\n|-hint|Fake Out only works on your first turn out.\n|-fail|p2a: Incineroar\n|move|p2b: Floette|Moonblast|p1a: Floette\n|-damage|p1a: Floette|47/100\n|move|p1a: Floette|Draining Kiss|p2b: Floette\n|-damage|p2b: Floette|52/100\n|-heal|p1a: Floette|77/100|[from] drain|[of] p2b: Floette\n|\n|upkeep\n|turn|8\n|\n|t:|1775916864\n|move|p1b: Maushold|Population Bomb|p2b: Floette\n|-damage|p2b: Floette|46/100\n|-damage|p2b: Floette|40/100\n|-damage|p2b: Floette|34/100\n|-damage|p2b: Floette|28/100\n|-damage|p2b: Floette|22/100\n|-hitcount|p2b: Floette|5\n|move|p2b: Floette|Light of Ruin|p1a: Floette\n|-damage|p1a: Floette|46/100\n|-damage|p2b: Floette|3/100|[from] Recoil\n|move|p1a: Floette|Dazzling Gleam|p2b: Floette|[spread] p2a,p2b\n|-damage|p2a: Incineroar|42/100\n|-damage|p2b: Floette|0 fnt\n|faint|p2b: Floette\n|-activate|p2a: Incineroar|move: Struggle\n|move|p2a: Incineroar|Struggle|p1a: Floette\n|-damage|p1a: Floette|37/100\n|-damage|p2a: Incineroar|16/100|[from] recoil\n|\n|upkeep\n|turn|9\n|-message|funnimation forfeited.\n|\n|win|disciple of blahaj\n|raw|disciple of blahaj's rating: 1000 &rarr; <strong>1045</strong><br />(+45 for winning)\n|raw|funnimation's rating: 1045 &rarr; <strong>1026</strong><br />(-19 for losing)\n|l|\u2606funnimation\n|player|p2|\n",
  "uploadtime": 1775916891,
  "views": 48,
  "formatid": "gen9championsvgc2026regma",
  "rating": 1026,
  "private": 0,
  "password": null
}