{
  "id": "gen9championsvgc2026regma-2583174723",
  "format": "[Gen 9 Champions] VGC 2026 Reg M-A",
  "players": [
    "itina99",
    "Quyt_DZ"
  ],
  "log": "|j|\u2606itina99\n|j|\u2606Quyt_DZ\n|t:|1776151073\n|gametype|doubles\n|player|p1|itina99|n|1234\n|player|p2|Quyt_DZ|aromalady|1308\n|gen|9\n|tier|[Gen 9 Champions] VGC 2026 Reg M-A\n|rated|\n|rule|Species Clause: Limit one of each Pok\u00e9mon\n|rule|Item Clause: Limit 1 of each item\n|clearpoke\n|poke|p1|Aerodactyl, L50, F|\n|poke|p1|Tyranitar, L50, M|\n|poke|p1|Incineroar, L50, M|\n|poke|p1|Dragapult, L50, M|\n|poke|p1|Corviknight, L50, M|\n|poke|p1|Milotic, L50, F|\n|poke|p2|Excadrill, L50, F|\n|poke|p2|Tyranitar, L50, F|\n|poke|p2|Sinistcha, L50|\n|poke|p2|Rotom-Wash, L50|\n|poke|p2|Primarina, L50, M|\n|poke|p2|Lucario, L50, M|\n|teampreview|4\n|inactive|Battle timer is ON: inactive players will automatically lose when time's up. (requested by itina99)\n|\n|t:|1776151132\n|teamsize|p1|4\n|teamsize|p2|4\n|start\n|switch|p1a: Corviknight|Corviknight, L50, M|100/100\n|switch|p1b: Incineroar|Incineroar, L50, M|100/100\n|switch|p2a: Lucario|Lucario, L50, M|100/100\n|switch|p2b: Sinistcha|Sinistcha, L50, shiny|100/100\n|-ability|p1b: Incineroar|Intimidate|boost\n|-fail|p2a: Lucario|unboost|Attack|[from] ability: Inner Focus|[of] p2a: Lucario\n|-unboost|p2b: Sinistcha|atk|1\n|turn|1\n|inactive|itina99 has 30 seconds left.\n|\n|t:|1776151160\n|move|p2b: Sinistcha|Rage Powder|p2b: Sinistcha\n|-singleturn|p2b: Sinistcha|move: Rage Powder\n|move|p2a: Lucario|Close Combat|p1b: Incineroar\n|-supereffective|p1b: Incineroar|1\n|-enditem|p1b: Incineroar|Chople Berry|[eat]\n|-enditem|p1b: Incineroar|Chople Berry|[weaken]\n|-damage|p1b: Incineroar|44/100\n|-unboost|p2a: Lucario|def|1\n|-unboost|p2a: Lucario|spd|1\n|move|p1a: Corviknight|Bulk Up|p1a: Corviknight\n|-boost|p1a: Corviknight|atk|1\n|-boost|p1a: Corviknight|def|1\n|move|p1b: Incineroar|Flare Blitz|p2b: Sinistcha\n|-supereffective|p2b: Sinistcha|1\n|-damage|p2b: Sinistcha|23/100\n|-damage|p1b: Incineroar|21/100|[from] Recoil\n|\n|-heal|p2b: Sinistcha|29/100|[from] item: Leftovers\n|upkeep\n|turn|2\n|inactive|Quyt_DZ has 30 seconds left.\n|inactive|itina99 has 30 seconds left.\n|inactive|Quyt_DZ has 20 seconds left.\n|\n|t:|1776151197\n|switch|p2a: Primarina|Primarina, L50, M, shiny|100/100\n|switch|p1b: Dragapult|Dragapult, L50, M|100/100\n|switch|p2b: Rotom|Rotom-Wash, L50|100/100\n|move|p1a: Corviknight|Iron Head|p2b: Rotom\n|-resisted|p2b: Rotom|2\n|-damage|p2b: Rotom|93/100\n|\n|upkeep\n|turn|3\n|inactive|itina99 has 30 seconds left.\n|\n|t:|1776151225\n|move|p1b: Dragapult|Phantom Force||[still]\n|-prepare|p1b: Dragapult|Phantom Force\n|move|p2b: Rotom|Volt Switch|p1a: Corviknight\n|-supereffective|p1a: Corviknight|1\n|-damage|p1a: Corviknight|53/100\n|\n|t:|1776151237\n|switch|p2b: Sinistcha|Sinistcha, L50, shiny|29/100|[from] Volt Switch\n|move|p1a: Corviknight|Iron Head|p2a: Primarina\n|-damage|p2a: Primarina|58/100\n|cant|p2a: Primarina|flinch\n|\n|-heal|p1a: Corviknight|59/100|[from] item: Leftovers\n|-heal|p2b: Sinistcha|35/100|[from] item: Leftovers\n|upkeep\n|turn|4\n|\n|t:|1776151261\n|move|p2b: Sinistcha|Rage Powder|p2b: Sinistcha\n|-singleturn|p2b: Sinistcha|move: Rage Powder\n|move|p1b: Dragapult|Phantom Force|p2b: Sinistcha|[from] lockedmove\n|-supereffective|p2b: Sinistcha|1\n|-damage|p2b: Sinistcha|0 fnt\n|faint|p2b: Sinistcha\n|move|p1a: Corviknight|Iron Head|p2a: Primarina\n|-damage|p2a: Primarina|17/100\n|move|p2a: Primarina|Moonblast|p1b: Dragapult\n|-supereffective|p1b: Dragapult|1\n|-enditem|p1b: Dragapult|Focus Sash\n|-damage|p1b: Dragapult|1/100\n|\n|-heal|p1a: Corviknight|65/100|[from] item: Leftovers\n|upkeep\n|\n|t:|1776151277\n|switch|p2b: Rotom|Rotom-Wash, L50|93/100\n|turn|5\n|\n|t:|1776151293\n|move|p2a: Primarina|Protect|p2a: Primarina\n|-singleturn|p2a: Primarina|Protect\n|move|p1b: Dragapult|Dragon Darts|p2b: Rotom\n|-damage|p2b: Rotom|72/100\n|-anim|p1b: Dragapult|Dragon Darts|p2b: Rotom\n|-crit|p2b: Rotom\n|-damage|p2b: Rotom|41/100\n|-enditem|p2b: Rotom|Sitrus Berry|[eat]\n|-heal|p2b: Rotom|66/100|[from] item: Sitrus Berry\n|move|p2b: Rotom|Volt Switch|p1a: Corviknight\n|-supereffective|p1a: Corviknight|1\n|-damage|p1a: Corviknight|18/100\n|\n|t:|1776151304\n|switch|p2b: Lucario|Lucario, L50, M|100/100|[from] Volt Switch\n|move|p1a: Corviknight|Iron Head|p2a: Primarina\n|-activate|p2a: Primarina|move: Protect\n|\n|-heal|p1a: Corviknight|24/100|[from] item: Leftovers\n|upkeep\n|turn|6\n|\n|t:|1776151326\n|move|p1b: Dragapult|Will-O-Wisp|p2b: Lucario\n|-status|p2b: Lucario|brn\n|move|p2b: Lucario|Blaze Kick|p1a: Corviknight\n|-supereffective|p1a: Corviknight|1\n|-damage|p1a: Corviknight|11/100\n|move|p1a: Corviknight|Iron Head|p2a: Primarina\n|-crit|p2a: Primarina\n|-damage|p2a: Primarina|0 fnt\n|faint|p2a: Primarina\n|\n|-heal|p1a: Corviknight|17/100|[from] item: Leftovers\n|-damage|p2b: Lucario|94/100 brn|[from] brn\n|upkeep\n|\n|t:|1776151333\n|switch|p2a: Rotom|Rotom-Wash, L50|66/100\n|turn|7\n|\n|t:|1776151356\n|detailschange|p2b: Lucario|Lucario-Mega, L50, M\n|-mega|p2b: Lucario|Lucario|Lucarionite\n|move|p2a: Rotom|Protect|p2a: Rotom\n|-singleturn|p2a: Rotom|Protect\n|move|p1a: Corviknight|Protect|p1a: Corviknight\n|-singleturn|p1a: Corviknight|Protect\n|move|p1b: Dragapult|Phantom Force||[still]\n|-prepare|p1b: Dragapult|Phantom Force\n|move|p2b: Lucario|Meteor Mash|p1b: Dragapult|[miss]\n|-miss|p2b: Lucario|p1b: Dragapult\n|\n|-heal|p1a: Corviknight|23/100|[from] item: Leftovers\n|-damage|p2b: Lucario|88/100 brn|[from] brn\n|upkeep\n|turn|8\n|\n|t:|1776151374\n|move|p1b: Dragapult|Phantom Force|p2a: Rotom|[from] lockedmove\n|-damage|p2a: Rotom|31/100\n|move|p2b: Lucario|Meteor Mash|p1b: Dragapult|[miss]\n|-miss|p2b: Lucario|p1b: Dragapult\n|move|p2a: Rotom|Volt Switch|p1a: Corviknight\n|-supereffective|p1a: Corviknight|1\n|-damage|p1a: Corviknight|0 fnt\n|faint|p1a: Corviknight\n|\n|-damage|p2b: Lucario|82/100 brn|[from] brn\n|upkeep\n|\n|t:|1776151385\n|switch|p1a: Aerodactyl|Aerodactyl, L50, F|100/100\n|turn|9\n|inactive|itina99 has 30 seconds left.\n|\n|t:|1776151411\n|detailschange|p1a: Aerodactyl|Aerodactyl-Mega, L50, F\n|-mega|p1a: Aerodactyl|Aerodactyl|Aerodactylite\n|move|p2a: Rotom|Protect|p2a: Rotom\n|-singleturn|p2a: Rotom|Protect\n|move|p1a: Aerodactyl|Dual Wingbeat|p2a: Rotom\n|-activate|p2a: Rotom|move: Protect\n|move|p1b: Dragapult|Phantom Force||[still]\n|-prepare|p1b: Dragapult|Phantom Force\n|move|p2b: Lucario|Meteor Mash|p1a: Aerodactyl\n|-supereffective|p1a: Aerodactyl|1\n|-damage|p1a: Aerodactyl|11/100\n|\n|-damage|p2b: Lucario|76/100 brn|[from] brn\n|upkeep\n|turn|10\n|\n|t:|1776151433\n|move|p1a: Aerodactyl|Dual Wingbeat|p2a: Rotom\n|-resisted|p2a: Rotom|1\n|-damage|p2a: Rotom|20/100\n|-resisted|p2a: Rotom|1\n|-damage|p2a: Rotom|9/100\n|-hitcount|p2a: Rotom|2\n|move|p1b: Dragapult|Phantom Force|p2b: Lucario|[from] lockedmove\n|-damage|p2b: Lucario|15/100 brn\n|move|p2b: Lucario|Meteor Mash|p1a: Aerodactyl\n|-supereffective|p1a: Aerodactyl|1\n|-damage|p1a: Aerodactyl|0 fnt\n|faint|p1a: Aerodactyl\n|move|p2a: Rotom|Volt Switch|p1b: Dragapult\n|-resisted|p1b: Dragapult|1\n|-damage|p1b: Dragapult|0 fnt\n|faint|p1b: Dragapult\n|\n|-damage|p2b: Lucario|9/100 brn|[from] brn\n|upkeep\n|\n|t:|1776151448\n|switch|p1b: Incineroar|Incineroar, L50, M|21/100\n|-ability|p1b: Incineroar|Intimidate|boost\n|-unboost|p2a: Rotom|atk|1\n|-unboost|p2b: Lucario|atk|1\n|turn|11\n|\n|t:|1776151457\n|move|p2b: Lucario|Protect|p2b: Lucario\n|-singleturn|p2b: Lucario|Protect\n|move|p2a: Rotom|Protect|p2a: Rotom\n|-singleturn|p2a: Rotom|Protect\n|move|p1b: Incineroar|Fake Out|p2a: Rotom\n|-activate|p2a: Rotom|move: Protect\n|\n|-damage|p2b: Lucario|3/100 brn|[from] brn\n|upkeep\n|turn|12\n|\n|t:|1776151468\n|move|p2b: Lucario|Close Combat|p1b: Incineroar\n|-supereffective|p1b: Incineroar|1\n|-crit|p1b: Incineroar\n|-damage|p1b: Incineroar|0 fnt\n|-unboost|p2b: Lucario|def|1\n|-unboost|p2b: Lucario|spd|1\n|faint|p1b: Incineroar\n|\n|win|Quyt_DZ\n|raw|itina99's rating: 1234 &rarr; <strong>1214</strong><br />(-20 for losing)\n|raw|Quyt_DZ's rating: 1308 &rarr; <strong>1324</strong><br />(+16 for winning)\n|c|\u2606Quyt_DZ|gg\n|c|\u2606itina99|gg\n",
  "uploadtime": 1776151484,
  "views": 24,
  "formatid": "gen9championsvgc2026regma",
  "rating": 1214,
  "private": 0,
  "password": null
}