{
  "id": "gen9championsvgc2026regma-2583143964",
  "format": "[Gen 9 Champions] VGC 2026 Reg M-A",
  "players": [
    "faric",
    "LordSpectreX"
  ],
  "log": "|j|\u2606faric\n|j|\u2606LordSpectreX\n|t:|1776147370\n|gametype|doubles\n|player|p1|faric|2|1150\n|player|p2|LordSpectreX|2|1103\n|gen|9\n|tier|[Gen 9 Champions] VGC 2026 Reg M-A\n|rated|\n|rule|Species Clause: Limit one of each Pok\u00e9mon\n|rule|Item Clause: Limit 1 of each item\n|clearpoke\n|poke|p1|Charizard, L50, M|\n|poke|p1|Garchomp, L50, M|\n|poke|p1|Rotom-Wash, L50|\n|poke|p1|Incineroar, L50, M|\n|poke|p1|Sneasler, L50, F|\n|poke|p1|Whimsicott, L50, M|\n|poke|p2|Ceruledge, L50, F|\n|poke|p2|Sneasler, L50, F|\n|poke|p2|Ninetales-Alola, L50, M|\n|poke|p2|Gyarados, L50, M|\n|poke|p2|Liepard, L50, F|\n|poke|p2|Skarmory, L50, M|\n|teampreview|4\n|\n|t:|1776147419\n|teamsize|p1|4\n|teamsize|p2|4\n|start\n|switch|p1a: Charizard|Charizard, L50, M|100/100\n|switch|p1b: Rotom|Rotom-Wash, L50|100/100\n|switch|p2a: Ceruledge|Ceruledge, L50, F|100/100\n|switch|p2b: Liepard|Liepard, L50, F|100/100\n|turn|1\n|inactive|Battle timer is ON: inactive players will automatically lose when time's up. (requested by faric)\n|\n|t:|1776147438\n|switch|p2a: Sneasler|Sneasler, L50, F|100/100\n|move|p1a: Charizard|Protect|p1a: Charizard\n|-singleturn|p1a: Charizard|Protect\n|move|p2b: Liepard|Snarl|p1a: Charizard|[spread] p1b\n|-activate|p1a: Charizard|move: Protect\n|-damage|p1b: Rotom|83/100\n|-unboost|p1b: Rotom|spa|1\n|move|p1b: Rotom|Hydro Pump|p2a: Sneasler|[miss]\n|-miss|p1b: Rotom|p2a: Sneasler\n|\n|-heal|p1b: Rotom|89/100|[from] item: Leftovers\n|upkeep\n|turn|2\n|inactive|LordSpectreX has 30 seconds left.\n|\n|t:|1776147463\n|switch|p1a: Incineroar|Incineroar, L50, M|100/100\n|-ability|p1a: Incineroar|Intimidate|boost\n|-unboost|p2a: Sneasler|atk|1\n|-unboost|p2b: Liepard|atk|1\n|-enditem|p2a: Sneasler|White Herb\n|-clearnegativeboost|p2a: Sneasler|[silent]\n|switch|p1b: Whimsicott|Whimsicott, L50, M|100/100\n|move|p2b: Liepard|Encore|p1a: Incineroar\n|-hint|Since gen 7, Dark is immune to Prankster moves.\n|-immune|p1a: Incineroar\n|move|p2a: Sneasler|Close Combat|p1b: Whimsicott\n|-resisted|p1b: Whimsicott|1\n|-damage|p1b: Whimsicott|48/100\n|-unboost|p2a: Sneasler|def|1\n|-unboost|p2a: Sneasler|spd|1\n|\n|upkeep\n|turn|3\n|inactive|faric has 30 seconds left.\n|inactive|LordSpectreX has 30 seconds left.\n|\n|t:|1776147496\n|switch|p2b: Ceruledge|Ceruledge, L50, F|100/100\n|move|p1a: Incineroar|Fake Out|p2a: Sneasler\n|-damage|p2a: Sneasler|67/100\n|cant|p2a: Sneasler|flinch\n|move|p1b: Whimsicott|Moonblast|p2b: Ceruledge\n|-resisted|p2b: Ceruledge|1\n|-damage|p2b: Ceruledge|82/100\n|\n|upkeep\n|turn|4\n|inactive|faric has 30 seconds left.\n|\n|t:|1776147523\n|switch|p2b: Liepard|Liepard, L50, F|100/100\n|switch|p1a: Rotom|Rotom-Wash, L50|89/100\n|move|p1b: Whimsicott|Protect|p1b: Whimsicott\n|-singleturn|p1b: Whimsicott|Protect\n|move|p2a: Sneasler|Close Combat|p1a: Rotom\n|-damage|p1a: Rotom|22/100\n|-unboost|p2a: Sneasler|def|1\n|-unboost|p2a: Sneasler|spd|1\n|\n|-heal|p1a: Rotom|27/100|[from] item: Leftovers\n|upkeep\n|turn|5\n|inactive|faric has 30 seconds left.\n|inactive|LordSpectreX has 30 seconds left.\n|inactive|LordSpectreX has 20 seconds left.\n|inactive|LordSpectreX has 15 seconds left.\n|\n|t:|1776147568\n|move|p2b: Liepard|Fake Out|p1a: Rotom\n|-damage|p1a: Rotom|18/100\n|move|p1b: Whimsicott|Tailwind|p1b: Whimsicott\n|-sidestart|p1: faric|move: Tailwind\n|move|p2a: Sneasler|Dire Claw|p1b: Whimsicott\n|-supereffective|p1b: Whimsicott|2\n|-damage|p1b: Whimsicott|0 fnt\n|faint|p1b: Whimsicott\n|cant|p1a: Rotom|flinch\n|\n|-heal|p1a: Rotom|24/100|[from] item: Leftovers\n|upkeep\n|\n|t:|1776147577\n|switch|p1b: Incineroar|Incineroar, L50, M|100/100\n|-ability|p1b: Incineroar|Intimidate|boost\n|-unboost|p2a: Sneasler|atk|1\n|-unboost|p2b: Liepard|atk|1\n|turn|6\n|inactive|faric has 30 seconds left.\n|inactive|LordSpectreX has 30 seconds left.\n|\n|t:|1776147612\n|switch|p2a: Ceruledge|Ceruledge, L50, F|82/100\n|move|p2b: Liepard|Charm|p1b: Incineroar\n|-hint|Since gen 7, Dark is immune to Prankster moves.\n|-immune|p1b: Incineroar\n|move|p1a: Rotom|Hydro Pump|p2a: Ceruledge\n|-supereffective|p2a: Ceruledge|1\n|-damage|p2a: Ceruledge|0 fnt\n|faint|p2a: Ceruledge\n|move|p1b: Incineroar|Flare Blitz|p2b: Liepard\n|-damage|p2b: Liepard|0 fnt\n|faint|p2b: Liepard\n|-damage|p1b: Incineroar|73/100|[from] Recoil\n|\n|-heal|p1a: Rotom|30/100|[from] item: Leftovers\n|upkeep\n|\n|t:|1776147618\n|switch|p2b: Skarmory|Skarmory, L50, M|100/100\n|switch|p2a: Sneasler|Sneasler, L50, F|67/100\n|turn|7\n|\n|t:|1776147637\n|switch|p1b: Charizard|Charizard, L50, M|100/100\n|detailschange|p2b: Skarmory|Skarmory-Mega, L50, M\n|-mega|p2b: Skarmory|Skarmory|Skarmorite\n|move|p1a: Rotom|Protect|p1a: Rotom\n|-singleturn|p1a: Rotom|Protect\n|move|p2b: Skarmory|Protect|p2b: Skarmory\n|-singleturn|p2b: Skarmory|Protect\n|move|p2a: Sneasler|Close Combat|p1b: Charizard\n|-resisted|p1b: Charizard|1\n|-damage|p1b: Charizard|60/100\n|-unboost|p2a: Sneasler|def|1\n|-unboost|p2a: Sneasler|spd|1\n|\n|-heal|p1a: Rotom|36/100|[from] item: Leftovers\n|upkeep\n|turn|8\n|\n|t:|1776147658\n|detailschange|p1b: Charizard|Charizard-Mega-Y, L50, M\n|-mega|p1b: Charizard|Charizard|Charizardite Y\n|-weather|SunnyDay|[from] ability: Drought|[of] p1b: Charizard\n|move|p2b: Skarmory|Protect||[still]\n|-fail|p2b: Skarmory\n|move|p1b: Charizard|Heat Wave|p2a: Sneasler|[spread] p2a,p2b\n|-supereffective|p2b: Skarmory|1\n|-damage|p2a: Sneasler|0 fnt\n|-damage|p2b: Skarmory|0 fnt\n|faint|p2a: Sneasler\n|faint|p2b: Skarmory\n|\n|win|faric\n|raw|faric's rating: 1150 &rarr; <strong>1172</strong><br />(+22 for winning)\n|raw|LordSpectreX's rating: 1103 &rarr; <strong>1081</strong><br />(-22 for losing)\n|l|\u2606LordSpectreX\n|player|p2|\n",
  "uploadtime": 1776147672,
  "views": 36,
  "formatid": "gen9championsvgc2026regma",
  "rating": 1081,
  "private": 0,
  "password": null
}