{
  "id": "gen9championsvgc2026regma-2587113359",
  "format": "[Gen 9 Champions] VGC 2026 Reg M-A",
  "players": [
    "Lin25",
    "antbadmon"
  ],
  "log": "|j|\u2606Lin25\n|j|\u2606antbadmon\n|t:|1776495261\n|gametype|doubles\n|player|p1|Lin25|ash-kalos|1099\n|player|p2|antbadmon|169|1073\n|gen|9\n|tier|[Gen 9 Champions] VGC 2026 Reg M-A\n|rated|\n|rule|Species Clause: Limit one of each Pok\u00e9mon\n|rule|Item Clause: Limit 1 of each item\n|clearpoke\n|poke|p1|Whimsicott, L50, F|\n|poke|p1|Charizard, L50, M|\n|poke|p1|Ninetales-Alola, L50, M|\n|poke|p1|Incineroar, L50, M|\n|poke|p1|Garchomp, L50, F|\n|poke|p1|Sneasler, L50, F|\n|poke|p2|Charizard, L50, M|\n|poke|p2|Venusaur, L50, F|\n|poke|p2|Rotom-Wash, L50|\n|poke|p2|Incineroar, L50, M|\n|poke|p2|Aegislash, L50, F|\n|poke|p2|Whimsicott, L50, F|\n|teampreview|4\nantbadmon rejected open team sheets.\n|inactive|Battle timer is ON: inactive players will automatically lose when time's up. (requested by antbadmon)\n|inactive|Lin25 has 60 seconds left.\n|\n|t:|1776495316\n|teamsize|p1|4\n|teamsize|p2|4\n|start\n|switch|p1a: Whimsicott|Whimsicott, L50, F|100/100\n|switch|p1b: Sneasler|Sneasler, L50, F|100/100\n|switch|p2a: Charizard|Charizard, L50, M|100/100\n|switch|p2b: Aegislash|Aegislash, L50, F|100/100\n|turn|1\n|inactive|antbadmon has 30 seconds left.\n|\n|t:|1776495346\n|detailschange|p2a: Charizard|Charizard-Mega-Y, L50, M\n|-mega|p2a: Charizard|Charizard|Charizardite Y\n|-weather|SunnyDay|[from] ability: Drought|[of] p2a: Charizard\n|move|p1a: Whimsicott|Tailwind|p1a: Whimsicott\n|-sidestart|p1: Lin25|move: Tailwind\n|move|p1b: Sneasler|Rock Slide|p2a: Charizard|[spread] p2a,p2b\n|-supereffective|p2a: Charizard|2\n|-resisted|p2b: Aegislash|1\n|-damage|p2a: Charizard|0 fnt\n|-damage|p2b: Aegislash|93/100\n|faint|p2a: Charizard\n|-formechange|p2b: Aegislash|Aegislash-Blade|\n|move|p2b: Aegislash|Iron Head|p1a: Whimsicott\n|-supereffective|p1a: Whimsicott|1\n|-enditem|p1a: Whimsicott|Focus Sash\n|-damage|p1a: Whimsicott|1/100\n|\n|-weather|SunnyDay|[upkeep]\n|upkeep\n|\n|t:|1776495370\n|switch|p2a: Venusaur|Venusaur, L50, F|100/100\n|turn|2\n|\n|t:|1776495382\n|move|p1b: Sneasler|Dire Claw|p2a: Venusaur\n|-damage|p2a: Venusaur|45/100\n|move|p1a: Whimsicott|Moonblast|p2a: Venusaur\n|-resisted|p2a: Venusaur|1\n|-damage|p2a: Venusaur|24/100\n|move|p2a: Venusaur|Sleep Powder|p1b: Sneasler\n|-status|p1b: Sneasler|slp|[from] move: Sleep Powder\n|move|p2b: Aegislash|Iron Head|p1a: Whimsicott\n|-supereffective|p1a: Whimsicott|1\n|-damage|p1a: Whimsicott|0 fnt\n|faint|p1a: Whimsicott\n|\n|-weather|SunnyDay|[upkeep]\n|upkeep\n|\n|t:|1776495392\n|switch|p1a: Charizard|Charizard, L50, M|100/100\n|turn|3\n|\n|t:|1776495410\n|detailschange|p1a: Charizard|Charizard-Mega-Y, L50, M\n|-mega|p1a: Charizard|Charizard|Charizardite Y\n|cant|p1b: Sneasler|slp\n|move|p1a: Charizard|Heat Wave|p2a: Venusaur|[spread] p2a,p2b\n|-supereffective|p2a: Venusaur|1\n|-supereffective|p2b: Aegislash|1\n|-damage|p2a: Venusaur|0 fnt\n|-damage|p2b: Aegislash|0 fnt\n|faint|p2a: Venusaur\n|faint|p2b: Aegislash\n|\n|-weather|SunnyDay|[upkeep]\n|upkeep\n|\n|t:|1776495422\n|switch|p2a: Incineroar|Incineroar, L50, M|100/100\n|-ability|p2a: Incineroar|Intimidate|boost\n|-unboost|p1a: Charizard|atk|1\n|-unboost|p1b: Sneasler|atk|1\n|-enditem|p1b: Sneasler|White Herb\n|-clearnegativeboost|p1b: Sneasler|[silent]\n|turn|4\n|\n|t:|1776495436\n|move|p1a: Charizard|Protect|p1a: Charizard\n|-singleturn|p1a: Charizard|Protect\n|cant|p1b: Sneasler|slp\n|move|p2a: Incineroar|Flare Blitz|p1a: Charizard\n|-activate|p1a: Charizard|move: Protect\n|\n|-weather|SunnyDay|[upkeep]\n|-sideend|p1: Lin25|move: Tailwind\n|upkeep\n|turn|5\n|-message|antbadmon forfeited.\n|\n|win|Lin25\n|raw|Lin25's rating: 1099 &rarr; <strong>1122</strong><br />(+23 for winning)\n|raw|antbadmon's rating: 1073 &rarr; <strong>1054</strong><br />(-19 for losing)\n|l|\u2606antbadmon\n|player|p2|\n",
  "uploadtime": 1776495448,
  "views": 14,
  "formatid": "gen9championsvgc2026regma",
  "rating": 1054,
  "private": 0,
  "password": null
}