{
  "id": "gen9championsvgc2026regma-2587200643",
  "format": "[Gen 9 Champions] VGC 2026 Reg M-A",
  "players": [
    "PotbellyDemon",
    "locoplaya1298"
  ],
  "log": "|j|\u2606PotbellyDemon\n|j|\u2606locoplaya1298\n|t:|1776508049\n|gametype|doubles\n|player|p1|PotbellyDemon|volkner|1080\n|player|p2|locoplaya1298|2|1156\n|gen|9\n|tier|[Gen 9 Champions] VGC 2026 Reg M-A\n|rated|\n|rule|Species Clause: Limit one of each Pok\u00e9mon\n|rule|Item Clause: Limit 1 of each item\n|clearpoke\n|poke|p1|Gyarados, L50, M|\n|poke|p1|Sneasler, L50, M|\n|poke|p1|Rotom-Heat, L50|\n|poke|p1|Garchomp, L50, F|\n|poke|p1|Sinistcha, L50|\n|poke|p1|Aerodactyl, L50, F|\n|poke|p2|Sneasler, L50, F|\n|poke|p2|Incineroar, L50, F|\n|poke|p2|Dragonite, L50, M|\n|poke|p2|Venusaur, L50, M|\n|poke|p2|Basculegion, L50, M|\n|poke|p2|Kingambit, L50, M|\n|teampreview|4\n|inactive|Battle timer is ON: inactive players will automatically lose when time's up. (requested by locoplaya1298)\n|j| EnvySenpai\n|inactive|PotbellyDemon has 60 seconds left.\n|\n|t:|1776508101\n|teamsize|p1|4\n|teamsize|p2|4\n|start\n|switch|p1a: Garchomp|Garchomp, L50, F|100/100\n|switch|p1b: Aerodactyl|Aerodactyl, L50, F|100/100\n|switch|p2a: Venusaur|Venusaur, L50, M|100/100\n|switch|p2b: Sneasler|Sneasler, L50, F|100/100\n|-ability|p1b: Aerodactyl|Unnerve\n|-ability|p2b: Sneasler|Pressure\n|turn|1\n|\n|t:|1776508125\n|detailschange|p2a: Venusaur|Venusaur-Mega, L50, M\n|-mega|p2a: Venusaur|Venusaur|Venusaurite\n|move|p1b: Aerodactyl|Protect|p1b: Aerodactyl\n|-singleturn|p1b: Aerodactyl|Protect\n|move|p2b: Sneasler|Fake Out|p1b: Aerodactyl\n|-activate|p1b: Aerodactyl|move: Protect\n|move|p1a: Garchomp|Earthquake|p2a: Venusaur|[spread] p2a,p2b\n|-activate|p1b: Aerodactyl|move: Protect\n|-supereffective|p2b: Sneasler|1\n|-damage|p2a: Venusaur|67/100\n|-enditem|p2b: Sneasler|Focus Sash\n|-damage|p2b: Sneasler|1/100\n|move|p2a: Venusaur|Giga Drain|p1a: Garchomp\n|-damage|p1a: Garchomp|59/100\n|-heal|p2a: Venusaur|88/100|[from] drain|[of] p1a: Garchomp\n|\n|upkeep\n|turn|2\n|inactive|locoplaya1298 has 30 seconds left.\n|\n|t:|1776508152\n|detailschange|p1a: Garchomp|Garchomp-Mega, L50, F\n|-mega|p1a: Garchomp|Garchomp|Garchompite\n|move|p1b: Aerodactyl|Sandstorm|p1b: Aerodactyl\n|-weather|Sandstorm\n|move|p2b: Sneasler|Rock Slide|p1b: Aerodactyl|[spread] p1a,p1b\n|-resisted|p1a: Garchomp|1\n|-supereffective|p1b: Aerodactyl|1\n|-damage|p1a: Garchomp|51/100\n|-damage|p1b: Aerodactyl|36/100\n|move|p1a: Garchomp|Earthquake|p2a: Venusaur|[spread] p2a,p2b\n|-immune|p1b: Aerodactyl\n|-crit|p2a: Venusaur\n|-supereffective|p2b: Sneasler|1\n|-damage|p2a: Venusaur|8/100\n|-damage|p2b: Sneasler|0 fnt\n|faint|p2b: Sneasler\n|move|p2a: Venusaur|Earth Power|p1a: Garchomp\n|-damage|p1a: Garchomp|21/100\n|\n|-weather|Sandstorm|[upkeep]\n|-damage|p2a: Venusaur|2/100|[from] Sandstorm\n|upkeep\n|\n|t:|1776508175\n|switch|p2b: Kingambit|Kingambit, L50, M|100/100\n|turn|3\n|\n|t:|1776508194\n|move|p1a: Garchomp|Protect|p1a: Garchomp\n|-singleturn|p1a: Garchomp|Protect\n|move|p1b: Aerodactyl|Tailwind|p1b: Aerodactyl\n|-sidestart|p1: PotbellyDemon|move: Tailwind\n|move|p2a: Venusaur|Giga Drain|p1a: Garchomp\n|-activate|p1a: Garchomp|move: Protect\n|move|p2b: Kingambit|Rock Tomb|p1b: Aerodactyl\n|-supereffective|p1b: Aerodactyl|1\n|-damage|p1b: Aerodactyl|0 fnt\n|faint|p1b: Aerodactyl\n|\n|-weather|Sandstorm|[upkeep]\n|-damage|p2a: Venusaur|0 fnt|[from] Sandstorm\n|faint|p2a: Venusaur\n|upkeep\n|\n|t:|1776508210\n|switch|p1b: Sneasler|Sneasler, L50, M|100/100\n|switch|p2a: Basculegion|Basculegion, L50, M|100/100\n|turn|4\n|inactive|PotbellyDemon has 30 seconds left.\n|inactive|locoplaya1298 has 30 seconds left.\n|\n|t:|1776508243\n|switch|p1b: Rotom|Rotom-Heat, L50|100/100\n|move|p1a: Garchomp|Earthquake|p2b: Kingambit|[spread] p2a,p2b\n|-immune|p1b: Rotom|[from] ability: Levitate\n|-supereffective|p2b: Kingambit|1\n|-damage|p2a: Basculegion|20/100\n|-damage|p2b: Kingambit|0 fnt\n|faint|p2b: Kingambit\n|move|p2a: Basculegion|Last Respects|p1a: Garchomp\n|-damage|p1a: Garchomp|0 fnt\n|faint|p1a: Garchomp\n|\n|-weather|Sandstorm|[upkeep]\n|-damage|p1b: Rotom|95/100|[from] Sandstorm\n|-damage|p2a: Basculegion|14/100|[from] Sandstorm\n|upkeep\n|\n|t:|1776508252\n|switch|p1a: Sneasler|Sneasler, L50, M|100/100\n|turn|5\n|\n|t:|1776508263\n|move|p1b: Rotom|Thunderbolt|p2a: Basculegion\n|-supereffective|p2a: Basculegion|1\n|-damage|p2a: Basculegion|0 fnt\n|faint|p2a: Basculegion\n|\n|win|PotbellyDemon\n",
  "uploadtime": 1776508051,
  "views": 14,
  "formatid": "gen9championsvgc2026regma",
  "rating": null,
  "private": 0,
  "password": null
}