{
  "id": "gen9championsvgc2026regma-2581776105",
  "format": "[Gen 9 Champions] VGC 2026 Reg M-A",
  "players": [
    "sudzoof",
    "javivaarela"
  ],
  "log": "|j|\u2606sudzoof\n|j|\u203djavivaarela\n|t:|1776027498\n|gametype|doubles\n|player|p1|sudzoof|102|\n|player|p2|javivaarela|shadowtriad|\n|gen|9\n|tier|[Gen 9 Champions] VGC 2026 Reg M-A\n|rated|Tournament battle\n|rule|Species Clause: Limit one of each Pok\u00e9mon\n|rule|Item Clause: Limit 1 of each item\n|raw|<div class=\"infobox\"><details class=\"readmore\" open><summary><strong>1 custom rule:</strong></summary> Force Open Team Sheets</details></div>\n|clearpoke\n|poke|p1|Froslass, L50, F|\n|poke|p1|Incineroar, L50, F|\n|poke|p1|Garchomp, L50, F|\n|poke|p1|Maushold, L50|\n|poke|p1|Rotom-Wash, L50|\n|poke|p1|Whimsicott, L50, M|\n|poke|p2|Weavile, L50, F|\n|poke|p2|Archaludon, L50, F|\n|poke|p2|Dragonite, L50, F|\n|poke|p2|Sinistcha, L50|\n|poke|p2|Basculegion, L50, M|\n|poke|p2|Politoed, L50, F|\n|teampreview|4\n|showteam|p1|Froslass||Froslassite|SnowCloak|Blizzard,ShadowBall,NastyPlot,Protect|||F|||50|]Incineroar||SitrusBerry|Intimidate|FlareBlitz,FakeOut,PartingShot,Protect|||F|||50|]Garchomp||ChoiceScarf|RoughSkin|RockSlide,StompingTantrum,StoneEdge,DragonClaw|||F|||50|]Maushold||ChopleBerry|FriendGuard|SuperFang,FollowMe,Encore,Protect||||||50|]Rotom-Wash||MysticWater|Levitate|HydroPump,VoltSwitch,WillOWisp,Protect||||||50|]Whimsicott||FocusSash|Prankster|EnergyBall,Encore,Tailwind,Protect|||M|||50|\n|showteam|p2|Weavile||FocusSash|Pickpocket|FakeOut,KnockOff,TripleAxel,BeatUp|||F|||50|]Archaludon||Leftovers|Stamina|ElectroShot,DragonPulse,FlashCannon,Protect|||F|||50|]Dragonite||Dragoninite|InnerFocus|Protect,DracoMeteor,Hurricane,Tailwind|||F|||50|]Sinistcha||SitrusBerry|Hospitality|MatchaGotcha,RagePowder,TrickRoom,LifeDew||||||50|]Basculegion||ChoiceScarf|Adaptability|WaveCrash,FlipTurn,LastRespects,AquaJet|||M|||50|]Politoed||MysticWater|Drizzle|WeatherBall,IceBeam,IcyWind,Protect|||F|||50|\n|inactive|Battle timer is ON: inactive players will automatically lose when time's up. (requested by javivaarela)\nsudzoof has agreed to open team sheets.\n|inactive|sudzoof has 60 seconds left.\n|inactive|javivaarela has 60 seconds left.\n|inactive|javivaarela has 30 seconds left.\n|inactive|javivaarela has 20 seconds left.\n|inactive|javivaarela has 15 seconds left.\n|\n|t:|1776027575\n|teamsize|p1|4\n|teamsize|p2|4\n|start\n|switch|p1a: Rotom|Rotom-Wash, L50|100/100\n|switch|p1b: Incineroar|Incineroar, L50, F|100/100\n|switch|p2a: Archaludon|Archaludon, L50, F|100/100\n|switch|p2b: Basculegion|Basculegion, L50, M|100/100\n|-ability|p1b: Incineroar|Intimidate|boost\n|-unboost|p2a: Archaludon|atk|1\n|-unboost|p2b: Basculegion|atk|1\n|turn|1\n|\n|t:|1776027599\n|switch|p2b: Politoed|Politoed, L50, F|100/100\n|-weather|RainDance|[from] ability: Drizzle|[of] p2b: Politoed\n|move|p1b: Incineroar|Protect|p1b: Incineroar\n|-singleturn|p1b: Incineroar|Protect\n|move|p2a: Archaludon|Electro Shot||[still]\n|-prepare|p2a: Archaludon|Electro Shot\n|-boost|p2a: Archaludon|spa|1\n|-anim|p2a: Archaludon|Electro Shot|p1a: Rotom\n|-damage|p1a: Rotom|55/100\n|move|p1a: Rotom|Will-O-Wisp|p2b: Politoed|[miss]\n|-miss|p1a: Rotom|p2b: Politoed\n|\n|-weather|RainDance|[upkeep]\n|upkeep\n|turn|2\n|inactive|javivaarela has 30 seconds left.\n|inactive|sudzoof has 30 seconds left.\n|\n|t:|1776027639\n|switch|p1a: Maushold|Maushold, L50|100/100\n|move|p2a: Archaludon|Electro Shot||[still]\n|-prepare|p2a: Archaludon|Electro Shot\n|-boost|p2a: Archaludon|spa|1\n|-anim|p2a: Archaludon|Electro Shot|p1a: Maushold\n|-damage|p1a: Maushold|0 fnt\n|faint|p1a: Maushold\n|move|p2b: Politoed|Weather Ball|p1b: Incineroar\n|-supereffective|p1b: Incineroar|1\n|-damage|p1b: Incineroar|0 fnt\n|faint|p1b: Incineroar\n|\n|-weather|RainDance|[upkeep]\n|upkeep\n|\n|t:|1776027649\n|switch|p1a: Froslass|Froslass, L50, F|100/100\n|switch|p1b: Rotom|Rotom-Wash, L50|55/100\n|turn|3\n|inactive|javivaarela has 30 seconds left.\n|inactive|sudzoof has 30 seconds left.\n|inactive|javivaarela has 20 seconds left.\n|inactive|javivaarela has 15 seconds left.\n|\n|t:|1776027693\n|detailschange|p1a: Froslass|Froslass-Mega, L50, F\n|-mega|p1a: Froslass|Froslass|Froslassite\n|-weather|Snowscape|[from] ability: Snow Warning|[of] p1a: Froslass\n|move|p1a: Froslass|Blizzard|p2b: Politoed|[spread] p2a,p2b\n|-resisted|p2b: Politoed|1\n|-damage|p2a: Archaludon|60/100\n|-damage|p2b: Politoed|84/100\n|-ability|p2a: Archaludon|Stamina|boost\n|-boost|p2a: Archaludon|def|1\n|move|p2a: Archaludon|Electro Shot||[still]\n|-prepare|p2a: Archaludon|Electro Shot\n|-boost|p2a: Archaludon|spa|1\n|move|p1b: Rotom|Volt Switch|p2a: Archaludon\n|-resisted|p2a: Archaludon|1\n|-damage|p2a: Archaludon|48/100\n|-ability|p2a: Archaludon|Stamina|boost\n|-boost|p2a: Archaludon|def|1\n|move|p2b: Politoed|Icy Wind|p1b: Rotom|[spread] p1a,p1b\n|-resisted|p1a: Froslass|1\n|-resisted|p1b: Rotom|1\n|-damage|p1a: Froslass|94/100\n|-damage|p1b: Rotom|50/100\n|-unboost|p1a: Froslass|spe|1\n|-unboost|p1b: Rotom|spe|1\n|\n|-weather|Snowscape|[upkeep]\n|-heal|p2a: Archaludon|54/100|[from] item: Leftovers\n|upkeep\n|turn|4\n|inactive|sudzoof has 30 seconds left.\n|\n|t:|1776027726\n|switch|p2b: Basculegion|Basculegion, L50, M|100/100\n|move|p1a: Froslass|Protect|p1a: Froslass\n|-singleturn|p1a: Froslass|Protect\n|move|p2a: Archaludon|Electro Shot|p1b: Rotom|[from] lockedmove\n|-damage|p1b: Rotom|0 fnt\n|faint|p1b: Rotom\n|\n|-weather|Snowscape|[upkeep]\n|-heal|p2a: Archaludon|60/100|[from] item: Leftovers\n|upkeep\n|turn|5\n|\n|t:|1776027742\n|move|p2b: Basculegion|Last Respects|p1a: Froslass\n|-supereffective|p1a: Froslass|1\n|-damage|p1a: Froslass|42/100\n|move|p1a: Froslass|Blizzard|p2b: Basculegion|[spread] p2a,p2b\n|-resisted|p2b: Basculegion|1\n|-damage|p2a: Archaludon|22/100\n|-damage|p2b: Basculegion|79/100\n|-ability|p2a: Archaludon|Stamina|boost\n|-boost|p2a: Archaludon|def|1\n|move|p2a: Archaludon|Flash Cannon|p1a: Froslass\n|-supereffective|p1a: Froslass|1\n|-damage|p1a: Froslass|0 fnt\n|faint|p1a: Froslass\n|\n|win|javivaarela\n|n|\u2606sudzoof|sudzoof\n|n|\u203djavivaarela|javivaarela\n",
  "uploadtime": 1776027743,
  "views": 10,
  "formatid": "gen9championsvgc2026regma",
  "rating": null,
  "private": 0,
  "password": null
}