{
  "id": "gen9championsvgc2026regma-2580872381",
  "format": "[Gen 9 Champions] VGC 2026 Reg M-A",
  "players": [
    "Pope01",
    "Flyabout4040"
  ],
  "log": "|j|\u2606Pope01\n|j|\u2606Flyabout4040\n|t:|1775939418\n|gametype|doubles\n|player|p1|Pope01|169|1049\n|player|p2|Flyabout4040|170|1127\n|gen|9\n|tier|[Gen 9 Champions] VGC 2026 Reg M-A\n|rated|\n|rule|Species Clause: Limit one of each Pok\u00e9mon\n|rule|Item Clause: Limit 1 of each item\n|clearpoke\n|poke|p1|Pelipper, L50, M|\n|poke|p1|Milotic, L50, F|\n|poke|p1|Basculegion, L50, M|\n|poke|p1|Dragonite, L50, F|\n|poke|p1|Raichu, L50, F|\n|poke|p1|Scizor, L50, M|\n|poke|p2|Chandelure, L50, M|\n|poke|p2|Sinistcha, L50|\n|poke|p2|Empoleon, L50, M|\n|poke|p2|Chesnaught, L50, F|\n|poke|p2|Clefable, L50, M|\n|poke|p2|Tyranitar, L50, M|\n|teampreview|4\n|inactive|Battle timer is ON: inactive players will automatically lose when time's up. (requested by Flyabout4040)\n|inactive|Pope01 has 60 seconds left.\n|inactive|Flyabout4040 has 60 seconds left.\n|\n|t:|1775939458\n|teamsize|p1|4\n|teamsize|p2|4\n|start\n|switch|p1a: Pelipper|Pelipper, L50, M|100/100\n|switch|p1b: Basculegion|Basculegion, L50, M|100/100\n|switch|p2a: Sinistcha|Sinistcha, L50|100/100\n|switch|p2b: Chesnaught|Chesnaught, L50, F, shiny|100/100\n|-weather|RainDance|[from] ability: Drizzle|[of] p1a: Pelipper\n|turn|1\n|\n|t:|1775939486\n|switch|p1b: Scizor|Scizor, L50, M|100/100\n|move|p1a: Pelipper|Protect|p1a: Pelipper\n|-singleturn|p1a: Pelipper|Protect\n|move|p2b: Chesnaught|Seed Bomb|p1b: Scizor\n|-resisted|p1b: Scizor|2\n|-damage|p1b: Scizor|91/100\n|move|p2a: Sinistcha|Trick Room|p2a: Sinistcha\n|-fieldstart|move: Trick Room|[of] p2a: Sinistcha\n|\n|-weather|RainDance|[upkeep]\n|upkeep\n|turn|2\n|inactive|Flyabout4040 has 30 seconds left.\n|\n|t:|1775939516\n|switch|p2b: Tyranitar|Tyranitar, L50, M, shiny|100/100\n|-ability|p2b: Tyranitar|Unnerve\n|move|p2a: Sinistcha|Matcha Gotcha|p1a: Pelipper|[spread] p1a,p1b\n|-resisted|p1b: Scizor|2\n|-damage|p1a: Pelipper|59/100\n|-damage|p1b: Scizor|83/100\n|move|p1a: Pelipper|U-turn|p2b: Tyranitar\n|-supereffective|p2b: Tyranitar|1\n|-damage|p2b: Tyranitar|87/100\n|\n|t:|1775939534\n|switch|p1a: Raichu|Raichu, L50, F|100/100|[from] U-turn\n|move|p1b: Scizor|Lunge|p2b: Tyranitar\n|-supereffective|p2b: Tyranitar|1\n|-damage|p2b: Tyranitar|11/100\n|-unboost|p2b: Tyranitar|atk|1\n|\n|-weather|RainDance|[upkeep]\n|upkeep\n|turn|3\n|inactive|Flyabout4040 has 30 seconds left.\n|\n|t:|1775939560\n|detailschange|p1b: Scizor|Scizor-Mega, L50, M\n|-mega|p1b: Scizor|Scizor|Scizorite\n|move|p1a: Raichu|Fake Out|p2b: Tyranitar\n|-resisted|p2b: Tyranitar|1\n|-damage|p2b: Tyranitar|7/100\n|move|p2a: Sinistcha|Rage Powder|p2a: Sinistcha\n|-singleturn|p2a: Sinistcha|move: Rage Powder\n|cant|p2b: Tyranitar|flinch\n|move|p1b: Scizor|Lunge|p2a: Sinistcha\n|-damage|p2a: Sinistcha|46/100\n|-unboost|p2a: Sinistcha|atk|1\n|-enditem|p2a: Sinistcha|Sitrus Berry|[eat]\n|-heal|p2a: Sinistcha|71/100|[from] item: Sitrus Berry\n|\n|-weather|RainDance|[upkeep]\n|upkeep\n|turn|4\n|inactive|Flyabout4040 has 30 seconds left.\n|inactive|Pope01 has 30 seconds left.\n|inactive|Flyabout4040 has 20 seconds left.\n|\n|t:|1775939596\n|move|p1b: Scizor|Bullet Punch|p2b: Tyranitar\n|-supereffective|p2b: Tyranitar|1\n|-damage|p2b: Tyranitar|0 fnt\n|faint|p2b: Tyranitar\n|move|p2a: Sinistcha|Matcha Gotcha|p1a: Raichu|[spread] p1a,p1b\n|-crit|p1a: Raichu\n|-resisted|p1b: Scizor|2\n|-damage|p1a: Raichu|36/100\n|-heal|p2a: Sinistcha|100/100|[from] drain|[of] p1a: Raichu\n|-damage|p1b: Scizor|75/100\n|move|p1a: Raichu|Volt Switch|p2a: Sinistcha\n|-resisted|p2a: Sinistcha|1\n|-damage|p2a: Sinistcha|88/100\n|\n|t:|1775939612\n|switch|p1a: Pelipper|Pelipper, L50, M|59/100|[from] Volt Switch\n|\n|-weather|RainDance|[upkeep]\n|upkeep\n|\n|t:|1775939622\n|switch|p2b: Clefable|Clefable, L50, M, shiny|100/100\n|turn|5\n|\n|t:|1775939639\n|detailschange|p2b: Clefable|Clefable-Mega, L50, M, shiny\n|-mega|p2b: Clefable|Clefable|Clefablite\n|move|p1a: Pelipper|Protect|p1a: Pelipper\n|-singleturn|p1a: Pelipper|Protect\n|move|p1b: Scizor|Protect|p1b: Scizor\n|-singleturn|p1b: Scizor|Protect\n|move|p2b: Clefable|Air Slash|p1b: Scizor\n|-activate|p1b: Scizor|move: Protect\n|move|p2a: Sinistcha|Matcha Gotcha|p1a: Pelipper|[spread] \n|-activate|p1a: Pelipper|move: Protect\n|-activate|p1b: Scizor|move: Protect\n|\n|-weather|none\n|-fieldend|move: Trick Room\n|upkeep\n|turn|6\n|\n|t:|1775939657\n|move|p2b: Clefable|Protect|p2b: Clefable\n|-singleturn|p2b: Clefable|Protect\n|move|p1b: Scizor|Iron Head|p2b: Clefable\n|-activate|p2b: Clefable|move: Protect\n|move|p1a: Pelipper|Tailwind|p1a: Pelipper\n|-sidestart|p1: Pope01|move: Tailwind\n|move|p2a: Sinistcha|Trick Room|p2a: Sinistcha\n|-fieldstart|move: Trick Room|[of] p2a: Sinistcha\n|\n|upkeep\n|turn|7\n|\n|t:|1775939673\n|move|p2a: Sinistcha|Rage Powder|p2a: Sinistcha\n|-singleturn|p2a: Sinistcha|move: Rage Powder\n|move|p2b: Clefable|Air Slash|p1b: Scizor\n|-damage|p1b: Scizor|35/100\n|move|p1a: Pelipper|Hurricane|p2a: Sinistcha\n|-supereffective|p2a: Sinistcha|1\n|-damage|p2a: Sinistcha|8/100\n|move|p1b: Scizor|Iron Head|p2a: Sinistcha\n|-damage|p2a: Sinistcha|0 fnt\n|faint|p2a: Sinistcha\n|\n|upkeep\n|\n|t:|1775939681\n|switch|p2a: Chesnaught|Chesnaught, L50, F, shiny|100/100\n|turn|8\n|inactive|Flyabout4040 has 30 seconds left.\n|\n|t:|1775939713\n|move|p1b: Scizor|Bullet Punch|p2b: Clefable\n|-supereffective|p2b: Clefable|1\n|-damage|p2b: Clefable|40/100\n|move|p2a: Chesnaught|Drain Punch|p1b: Scizor\n|-damage|p1b: Scizor|10/100\n|move|p2b: Clefable|Moonblast|p1a: Pelipper\n|-damage|p1a: Pelipper|0 fnt\n|faint|p1a: Pelipper\n|\n|upkeep\n|\n|t:|1775939722\n|switch|p1a: Raichu|Raichu, L50, F|36/100\n|turn|9\n|inactive|Flyabout4040 has 30 seconds left.\n|\n|t:|1775939752\n|move|p2b: Clefable|Protect|p2b: Clefable\n|-singleturn|p2b: Clefable|Protect\n|move|p1a: Raichu|Fake Out|p2a: Chesnaught\n|-damage|p2a: Chesnaught|93/100\n|move|p1b: Scizor|Bullet Punch|p2b: Clefable\n|-activate|p2b: Clefable|move: Protect\n|cant|p2a: Chesnaught|flinch\n|\n|-sideend|p1: Pope01|move: Tailwind\n|upkeep\n|turn|10\n|\n|t:|1775939773\n|move|p1a: Raichu|Protect|p1a: Raichu\n|-singleturn|p1a: Raichu|Protect\n|move|p1b: Scizor|Bullet Punch|p2b: Clefable\n|-supereffective|p2b: Clefable|1\n|-damage|p2b: Clefable|0 fnt\n|faint|p2b: Clefable\n|move|p2a: Chesnaught|Drain Punch|p1b: Scizor\n|-damage|p1b: Scizor|0 fnt\n|-heal|p2a: Chesnaught|97/100|[from] drain|[of] p1b: Scizor\n|faint|p1b: Scizor\n|\n|-fieldend|move: Trick Room\n|upkeep\n|\n|t:|1775939781\n|switch|p1b: Basculegion|Basculegion, L50, M|100/100\n|turn|11\n|\n|t:|1775939791\n|move|p2a: Chesnaught|Spiky Shield|p2a: Chesnaught\n|-singleturn|p2a: Chesnaught|move: Protect\n|move|p1b: Basculegion|Last Respects|p2a: Chesnaught\n|-activate|p2a: Chesnaught|move: Protect\n|move|p1a: Raichu|Volt Switch|p2a: Chesnaught\n|-activate|p2a: Chesnaught|move: Protect\n|\n|upkeep\n|turn|12\n|\n|t:|1775939801\n|move|p1b: Basculegion|Last Respects|p2a: Chesnaught\n|-damage|p2a: Chesnaught|10/100\n|move|p1a: Raichu|Volt Switch|p2a: Chesnaught\n|-resisted|p2a: Chesnaught|1\n|-damage|p2a: Chesnaught|0 fnt\n|faint|p2a: Chesnaught\n|\n|win|Pope01\n|raw|Pope01's rating: 1049 &rarr; <strong>1089</strong><br />(+40 for winning)\n|raw|Flyabout4040's rating: 1127 &rarr; <strong>1096</strong><br />(-31 for losing)\n",
  "uploadtime": 1775939811,
  "views": 18,
  "formatid": "gen9championsvgc2026regma",
  "rating": 1089,
  "private": 0,
  "password": null
}