{
  "id": "gen9championsvgc2026regma-2587552720",
  "format": "[Gen 9 Champions] VGC 2026 Reg M-A",
  "players": [
    "sprix",
    "Braute"
  ],
  "log": "|j|\u2606sprix\n|j|\u2606Braute\n|t:|1776541675\n|gametype|doubles\n|player|p1|sprix|benga|1260\n|player|p2|Braute|miku-fire|1245\n|gen|9\n|tier|[Gen 9 Champions] VGC 2026 Reg M-A\n|rated|\n|rule|Species Clause: Limit one of each Pok\u00e9mon\n|rule|Item Clause: Limit 1 of each item\n|clearpoke\n|poke|p1|Delphox, L50, F|\n|poke|p1|Sinistcha, L50|\n|poke|p1|Primarina, L50, F|\n|poke|p1|Rotom-Wash, L50|\n|poke|p1|Excadrill, L50, M|\n|poke|p1|Tyranitar, L50, M, shiny|\n|poke|p2|Glimmora, L50, F|\n|poke|p2|Ninetales-Alola, L50, M|\n|poke|p2|Basculegion, L50, M, shiny|\n|poke|p2|Incineroar, L50, F, shiny|\n|poke|p2|Kommo-o, L50, F|\n|poke|p2|Volcarona, L50, F, shiny|\n|teampreview|4\n|inactive|Battle timer is ON: inactive players will automatically lose when time's up. (requested by Braute)\n|inactive|sprix also wants the timer to be on.\n|inactive|sprix has 60 seconds left.\n|\n|t:|1776541719\n|teamsize|p1|4\n|teamsize|p2|4\n|start\n|switch|p1a: Sinistcha|Sinistcha, L50|100/100\n|switch|p1b: Primarina|Primarina, L50, F|100/100\n|switch|p2a: Volcarona|Volcarona, L50, F, shiny|100/100\n|switch|p2b: Basculegion|Basculegion, L50, M, shiny|100/100\n|turn|1\n|\n|t:|1776541737\n|move|p2b: Basculegion|Last Respects|p1a: Sinistcha\n|-supereffective|p1a: Sinistcha|1\n|-damage|p1a: Sinistcha|31/100\n|-enditem|p1a: Sinistcha|Sitrus Berry|[eat]\n|-heal|p1a: Sinistcha|56/100|[from] item: Sitrus Berry\n|move|p2a: Volcarona|Fiery Dance|p1a: Sinistcha\n|-supereffective|p1a: Sinistcha|1\n|-damage|p1a: Sinistcha|0 fnt\n|faint|p1a: Sinistcha\n|move|p1b: Primarina|Calm Mind|p1b: Primarina\n|-boost|p1b: Primarina|spa|1\n|-boost|p1b: Primarina|spd|1\n|\n|upkeep\n|\n|t:|1776541748\n|switch|p1a: Tyranitar|Tyranitar, L50, M, shiny|100/100\n|-weather|Sandstorm|[from] ability: Sand Stream|[of] p1a: Tyranitar\n|turn|2\n|\n|t:|1776541756\n|switch|p2b: Ninetales|Ninetales-Alola, L50, M|100/100\n|-weather|Snowscape|[from] ability: Snow Warning|[of] p2b: Ninetales\n|move|p2a: Volcarona|Tailwind|p2a: Volcarona\n|-sidestart|p2: Braute|move: Tailwind\n|move|p1a: Tyranitar|Knock Off|p2b: Ninetales\n|-resisted|p2b: Ninetales|1\n|-damage|p2b: Ninetales|78/100\n|-enditem|p2b: Ninetales|Focus Sash|[from] move: Knock Off|[of] p1a: Tyranitar\n|move|p1b: Primarina|Calm Mind|p1b: Primarina\n|-boost|p1b: Primarina|spa|1\n|-boost|p1b: Primarina|spd|1\n|\n|-weather|Snowscape|[upkeep]\n|upkeep\n|turn|3\n|\n|t:|1776541773\n|move|p1a: Tyranitar|Protect|p1a: Tyranitar\n|-singleturn|p1a: Tyranitar|Protect\n|move|p2b: Ninetales|Encore|p1b: Primarina\n|-start|p1b: Primarina|Encore\n|move|p2a: Volcarona|Struggle Bug|p1a: Tyranitar|[spread] p1b\n|-activate|p1a: Tyranitar|move: Protect\n|-resisted|p1b: Primarina|1\n|-crit|p1b: Primarina\n|-damage|p1b: Primarina|90/100\n|-unboost|p1b: Primarina|spa|1\n|move|p1b: Primarina|Calm Mind|p1b: Primarina\n|-boost|p1b: Primarina|spa|1\n|-boost|p1b: Primarina|spd|1\n|\n|-weather|Snowscape|[upkeep]\n|-heal|p1b: Primarina|96/100|[from] item: Leftovers\n|upkeep\n|turn|4\n|\n|t:|1776541796\n|switch|p2a: Glimmora|Glimmora, L50, F|100/100\n|move|p2b: Ninetales|Encore|p1a: Tyranitar\n|-start|p1a: Tyranitar|Encore\n|move|p1a: Tyranitar|Protect||[still]\n|-fail|p1a: Tyranitar\n|move|p1b: Primarina|Calm Mind|p1b: Primarina\n|-boost|p1b: Primarina|spa|1\n|-boost|p1b: Primarina|spd|1\n|\n|-weather|Snowscape|[upkeep]\n|-heal|p1b: Primarina|100/100|[from] item: Leftovers\n|upkeep\n|turn|5\n|\n|t:|1776541812\n|detailschange|p2a: Glimmora|Glimmora-Mega, L50, F\n|-mega|p2a: Glimmora|Glimmora|Glimmoranite\n|detailschange|p1a: Tyranitar|Tyranitar-Mega, L50, M, shiny\n|-mega|p1a: Tyranitar|Tyranitar|Tyranitarite\n|-weather|Sandstorm|[from] ability: Sand Stream|[of] p1a: Tyranitar\n|move|p1a: Tyranitar|Protect|p1a: Tyranitar\n|-singleturn|p1a: Tyranitar|Protect\n|move|p2b: Ninetales|Aurora Veil||[still]\n|-fail|p2b: Ninetales\n|move|p2a: Glimmora|Sludge Bomb|p1b: Primarina\n|-supereffective|p1b: Primarina|1\n|-damage|p1b: Primarina|60/100\n|move|p1b: Primarina|Calm Mind|p1b: Primarina\n|-boost|p1b: Primarina|spa|1\n|-boost|p1b: Primarina|spd|1\n|\n|-weather|Sandstorm|[upkeep]\n|-damage|p2b: Ninetales|71/100|[from] Sandstorm\n|-damage|p1b: Primarina|54/100|[from] Sandstorm\n|-heal|p1b: Primarina|60/100|[from] item: Leftovers\n|-end|p1b: Primarina|Encore\n|-sideend|p2: Braute|move: Tailwind\n|upkeep\n|turn|6\n|inactive|sprix has 30 seconds left.\n|\n|t:|1776541842\n|switch|p1a: Excadrill|Excadrill, L50, M|100/100\n|move|p1b: Primarina|Protect|p1b: Primarina\n|-singleturn|p1b: Primarina|Protect\n|move|p2b: Ninetales|Encore|p1b: Primarina\n|-activate|p1b: Primarina|move: Protect\n|move|p2a: Glimmora|Earth Power|p1a: Excadrill\n|-supereffective|p1a: Excadrill|1\n|-enditem|p1a: Excadrill|Focus Sash\n|-damage|p1a: Excadrill|1/100\n|\n|-weather|Sandstorm|[upkeep]\n|-damage|p2b: Ninetales|65/100|[from] Sandstorm\n|-damage|p1b: Primarina|54/100|[from] Sandstorm\n|-heal|p1b: Primarina|60/100|[from] item: Leftovers\n|upkeep\n|turn|7\n|inactive|Braute has 30 seconds left.\n|\n|t:|1776541871\n|move|p1a: Excadrill|Earthquake|p2b: Ninetales|[spread] p1b,p2a,p2b\n|-supereffective|p2a: Glimmora|2\n|-damage|p1b: Primarina|23/100\n|-damage|p2a: Glimmora|0 fnt\n|-damage|p2b: Ninetales|0 fnt\n|faint|p2a: Glimmora\n|faint|p2b: Ninetales\n|move|p1b: Primarina|Hyper Voice|p2: Glimmora|[notarget]\n|-fail|p1b: Primarina\n|\n|-weather|Sandstorm|[upkeep]\n|-damage|p1b: Primarina|17/100|[from] Sandstorm\n|-heal|p1b: Primarina|23/100|[from] item: Leftovers\n|upkeep\n|\n|t:|1776541876\n|switch|p2b: Basculegion|Basculegion, L50, M, shiny|100/100\n|switch|p2a: Volcarona|Volcarona, L50, F, shiny|100/100\n|turn|8\n|\n|t:|1776541894\n|move|p1a: Excadrill|Protect|p1a: Excadrill\n|-singleturn|p1a: Excadrill|Protect\n|move|p2b: Basculegion|Wave Crash|p1b: Primarina\n|-resisted|p1b: Primarina|1\n|-damage|p1b: Primarina|0 fnt\n|faint|p1b: Primarina\n|-damage|p2b: Basculegion|93/100|[from] Recoil\n|move|p2a: Volcarona|Struggle Bug|p1a: Excadrill\n|-activate|p1a: Excadrill|move: Protect\n|\n|-weather|Sandstorm|[upkeep]\n|-damage|p2b: Basculegion|87/100|[from] Sandstorm\n|-damage|p2a: Volcarona|94/100|[from] Sandstorm\n|upkeep\n|\n|t:|1776541904\n|switch|p1b: Tyranitar|Tyranitar-Mega, L50, M, shiny|100/100\n|turn|9\n|\n|t:|1776541911\n|move|p1b: Tyranitar|Protect|p1b: Tyranitar\n|-singleturn|p1b: Tyranitar|Protect\n|move|p2a: Volcarona|Rage Powder|p2a: Volcarona\n|-singleturn|p2a: Volcarona|move: Rage Powder\n|move|p1a: Excadrill|Earthquake|p2b: Basculegion|[spread] p2a,p2b\n|-activate|p1b: Tyranitar|move: Protect\n|-damage|p2a: Volcarona|54/100\n|-damage|p2b: Basculegion|36/100\n|move|p2b: Basculegion|Wave Crash|p1b: Tyranitar\n|-activate|p1b: Tyranitar|move: Protect\n|\n|-weather|none\n|upkeep\n|turn|10\n|\n|t:|1776541930\n|move|p1a: Excadrill|Protect|p1a: Excadrill\n|-singleturn|p1a: Excadrill|Protect\n|move|p2b: Basculegion|Wave Crash|p1b: Tyranitar\n|-supereffective|p1b: Tyranitar|1\n|-damage|p1b: Tyranitar|21/100\n|-damage|p2b: Basculegion|8/100|[from] Recoil\n|move|p2a: Volcarona|Struggle Bug|p1b: Tyranitar|[spread] p1b\n|-activate|p1a: Excadrill|move: Protect\n|-supereffective|p1b: Tyranitar|1\n|-damage|p1b: Tyranitar|0 fnt\n|faint|p1b: Tyranitar\n|\n|upkeep\n|turn|11\n|\n|t:|1776541941\n|move|p2b: Basculegion|Wave Crash|p1a: Excadrill\n|-supereffective|p1a: Excadrill|1\n|-damage|p1a: Excadrill|0 fnt\n|faint|p1a: Excadrill\n|-damage|p2b: Basculegion|8/100|[from] Recoil\n|\n|win|Braute\n|raw|sprix's rating: 1260 &rarr; <strong>1234</strong><br />(-26 for losing)\n|raw|Braute's rating: 1245 &rarr; <strong>1271</strong><br />(+26 for winning)\n",
  "uploadtime": 1776541941,
  "views": 20,
  "formatid": "gen9championsvgc2026regma",
  "rating": 1234,
  "private": 0,
  "password": null
}