{
  "id": "gen9championsvgc2026regma-2584680577",
  "format": "[Gen 9 Champions] VGC 2026 Reg M-A",
  "players": [
    "MacDad48",
    "Vengeance0"
  ],
  "log": "|j|\u2606MacDad48\n|j|\u2606Vengeance0\n|t:|1776276385\n|gametype|doubles\n|player|p1|MacDad48|102|1133\n|player|p2|Vengeance0|rosa|1138\n|gen|9\n|tier|[Gen 9 Champions] VGC 2026 Reg M-A\n|rated|\n|rule|Species Clause: Limit one of each Pok\u00e9mon\n|rule|Item Clause: Limit 1 of each item\n|clearpoke\n|poke|p1|Froslass, L50, F|\n|poke|p1|Clefable, L50, F|\n|poke|p1|Ninetales-Alola, L50, M|\n|poke|p1|Incineroar, L50, F|\n|poke|p1|Krookodile, L50, M|\n|poke|p1|Basculegion, L50, M|\n|poke|p2|Sinistcha, L50|\n|poke|p2|Slowking-Galar, L50, M|\n|poke|p2|Kingambit, L50, M|\n|poke|p2|Crabominable, L50, M|\n|poke|p2|Incineroar, L50, M|\n|poke|p2|Primarina, L50, F|\n|teampreview|4\nVengeance0 rejected open team sheets.\n|\n|t:|1776276404\n|teamsize|p1|4\n|teamsize|p2|4\n|start\n|switch|p1a: Froslass|Froslass, L50, F|100/100\n|switch|p1b: Clefable|Clefable, L50, F|100/100\n|switch|p2a: Slowking|Slowking-Galar, L50, M|100/100\n|switch|p2b: Incineroar|Incineroar, L50, M|100/100\n|-ability|p2b: Incineroar|Intimidate|boost\n|-unboost|p1a: Froslass|atk|1\n|-unboost|p1b: Clefable|atk|1\n|turn|1\n|\n|t:|1776276427\n|detailschange|p1a: Froslass|Froslass-Mega, L50, F\n|-mega|p1a: Froslass|Froslass|Froslassite\n|-weather|Snowscape|[from] ability: Snow Warning|[of] p1a: Froslass\n|move|p1b: Clefable|Follow Me|p1b: Clefable\n|-singleturn|p1b: Clefable|move: Follow Me\n|move|p1a: Froslass|Nasty Plot|p1a: Froslass\n|-boost|p1a: Froslass|spa|2\n|move|p2b: Incineroar|Darkest Lariat|p1b: Clefable\n|-resisted|p1b: Clefable|1\n|-damage|p1b: Clefable|81/100\n|move|p2a: Slowking|Trick Room|p2a: Slowking\n|-fieldstart|move: Trick Room|[of] p2a: Slowking\n|\n|-weather|Snowscape|[upkeep]\n|-heal|p1b: Clefable|87/100|[from] item: Leftovers\n|upkeep\n|turn|2\n|\n|t:|1776276452\n|move|p1b: Clefable|Follow Me|p1b: Clefable\n|-singleturn|p1b: Clefable|move: Follow Me\n|move|p2a: Slowking|Sludge Bomb|p1b: Clefable\n|-supereffective|p1b: Clefable|1\n|-damage|p1b: Clefable|32/100\n|move|p2b: Incineroar|Darkest Lariat|p1b: Clefable\n|-resisted|p1b: Clefable|1\n|-damage|p1b: Clefable|13/100\n|move|p1a: Froslass|Shadow Ball|p2a: Slowking\n|-supereffective|p2a: Slowking|1\n|-damage|p2a: Slowking|0 fnt\n|faint|p2a: Slowking\n|\n|-weather|Snowscape|[upkeep]\n|-heal|p1b: Clefable|19/100|[from] item: Leftovers\n|upkeep\n|\n|t:|1776276464\n|switch|p2a: Primarina|Primarina, L50, F|100/100\n|turn|3\n|\n|t:|1776276501\n|move|p1b: Clefable|Follow Me|p1b: Clefable\n|-singleturn|p1b: Clefable|move: Follow Me\n|move|p2b: Incineroar|Flare Blitz|p1b: Clefable\n|-damage|p1b: Clefable|0 fnt\n|faint|p1b: Clefable\n|-damage|p2b: Incineroar|94/100|[from] Recoil\n|move|p2a: Primarina|Calm Mind|p2a: Primarina\n|-boost|p2a: Primarina|spa|1\n|-boost|p2a: Primarina|spd|1\n|move|p1a: Froslass|Shadow Ball|p2a: Primarina\n|-damage|p2a: Primarina|52/100\n|\n|-weather|Snowscape|[upkeep]\n|-heal|p2a: Primarina|58/100|[from] item: Leftovers\n|upkeep\n|\n|t:|1776276519\n|switch|p1b: Incineroar|Incineroar, L50, F|100/100\n|-ability|p1b: Incineroar|Intimidate|boost\n|-unboost|p2a: Primarina|atk|1\n|-unboost|p2b: Incineroar|atk|1\n|turn|4\n|\n|t:|1776276536\n|move|p2a: Primarina|Protect|p2a: Primarina\n|-singleturn|p2a: Primarina|Protect\n|move|p1b: Incineroar|Fake Out|p2a: Primarina\n|-activate|p2a: Primarina|move: Protect\n|move|p2b: Incineroar|Parting Shot|p1a: Froslass\n|-unboost|p1a: Froslass|atk|1\n|-unboost|p1a: Froslass|spa|1\n|\n|t:|1776276542\n|switch|p2b: Kingambit|Kingambit, L50, M|100/100|[from] Parting Shot\n|move|p1a: Froslass|Shadow Ball|p2a: Primarina\n|-activate|p2a: Primarina|move: Protect\n|\n|-weather|Snowscape|[upkeep]\n|-heal|p2a: Primarina|64/100|[from] item: Leftovers\n|upkeep\n|turn|5\n|\n|t:|1776276557\n|move|p2b: Kingambit|Protect|p2b: Kingambit\n|-singleturn|p2b: Kingambit|Protect\n|move|p1a: Froslass|Protect|p1a: Froslass\n|-singleturn|p1a: Froslass|Protect\n|move|p1b: Incineroar|Flare Blitz|p2b: Kingambit\n|-activate|p2b: Kingambit|move: Protect\n|move|p2a: Primarina|Hyper Voice|p1a: Froslass|[spread] p1b\n|-activate|p1a: Froslass|move: Protect\n|-supereffective|p1b: Incineroar|1\n|-damage|p1b: Incineroar|7/100\n|\n|-weather|none\n|-heal|p2a: Primarina|70/100|[from] item: Leftovers\n|-fieldend|move: Trick Room\n|upkeep\n|turn|6\n|\n|t:|1776276596\n|move|p2b: Kingambit|Sucker Punch|p1a: Froslass\n|-supereffective|p1a: Froslass|1\n|-damage|p1a: Froslass|0 fnt\n|faint|p1a: Froslass\n|move|p2a: Primarina|Hyper Voice|p1b: Incineroar\n|-supereffective|p1b: Incineroar|1\n|-damage|p1b: Incineroar|0 fnt\n|faint|p1b: Incineroar\n|\n|-heal|p2a: Primarina|76/100|[from] item: Leftovers\n|upkeep\n|\n|t:|1776276606\n|switch|p1a: Krookodile|Krookodile, L50, M|100/100\n|-ability|p1a: Krookodile|Intimidate|boost\n|-unboost|p2a: Primarina|atk|1\n|-unboost|p2b: Kingambit|atk|1\n|-ability|p2b: Kingambit|Defiant|boost\n|-boost|p2b: Kingambit|atk|2\n|turn|7\n|\n|t:|1776276617\n|move|p1a: Krookodile|High Horsepower|p2b: Kingambit\n|-supereffective|p2b: Kingambit|1\n|-enditem|p2b: Kingambit|Shuca Berry|[eat]\n|-enditem|p2b: Kingambit|Shuca Berry|[weaken]\n|-damage|p2b: Kingambit|54/100\n|move|p2a: Primarina|Hyper Voice|p1a: Krookodile\n|-supereffective|p1a: Krookodile|1\n|-damage|p1a: Krookodile|0 fnt\n|faint|p1a: Krookodile\n|\n|win|Vengeance0\n|raw|MacDad48's rating: 1133 &rarr; <strong>1108</strong><br />(-25 for losing)\n|raw|Vengeance0's rating: 1138 &rarr; <strong>1163</strong><br />(+25 for winning)\n",
  "uploadtime": 1776276625,
  "views": 21,
  "formatid": "gen9championsvgc2026regma",
  "rating": 1108,
  "private": 0,
  "password": null
}