{
  "id": "gen9championsvgc2026regma-2585615725",
  "format": "[Gen 9 Champions] VGC 2026 Reg M-A",
  "players": [
    "Noobsmasher917",
    "L2 R1 Select"
  ],
  "log": "|j|\u203dNoobsmasher917\n|j|\u2606L2 R1 Select\n|t:|1776359073\n|gametype|doubles\n|player|p1|Noobsmasher917|170|1130\n|player|p2|L2 R1 Select|169|1104\n|gen|9\n|tier|[Gen 9 Champions] VGC 2026 Reg M-A\n|rated|\n|rule|Species Clause: Limit one of each Pok\u00e9mon\n|rule|Item Clause: Limit 1 of each item\n|clearpoke\n|poke|p1|Aggron, L50, M|\n|poke|p1|Incineroar, L50, F|\n|poke|p1|Sinistcha, L50|\n|poke|p1|Pelipper, L50, M|\n|poke|p1|Basculegion, L50, M|\n|poke|p1|Rotom-Wash, L50|\n|poke|p2|Glimmora, L50, M|\n|poke|p2|Sinistcha, L50|\n|poke|p2|Kommo-o, L50, M|\n|poke|p2|Tinkaton, L50, F|\n|poke|p2|Aerodactyl, L50, M|\n|poke|p2|Rotom-Wash, L50|\n|teampreview|4\nNoobsmasher917 rejected open team sheets.\n|inactive|Battle timer is ON: inactive players will automatically lose when time's up. (requested by Noobsmasher917)\n|\n|t:|1776359100\n|teamsize|p1|4\n|teamsize|p2|4\n|start\n|switch|p1a: Aggron|Aggron, L50, M|100/100\n|switch|p1b: Incineroar|Incineroar, L50, F|100/100\n|switch|p2a: Glimmora|Glimmora, L50, M|100/100\n|switch|p2b: Tinkaton|Tinkaton, L50, F|100/100\n|-ability|p1b: Incineroar|Intimidate|boost\n|-unboost|p2a: Glimmora|atk|1\n|-unboost|p2b: Tinkaton|atk|1\n|turn|1\n|\n|t:|1776359114\n|detailschange|p2a: Glimmora|Glimmora-Mega, L50, M\n|-mega|p2a: Glimmora|Glimmora|Glimmoranite\n|detailschange|p1a: Aggron|Aggron-Mega, L50, M\n|-mega|p1a: Aggron|Aggron|Aggronite\n|move|p2b: Tinkaton|Fake Out|p1b: Incineroar\n|-damage|p1b: Incineroar|94/100\n|cant|p1b: Incineroar|flinch\n|move|p2a: Glimmora|Power Gem|p1b: Incineroar\n|-supereffective|p1b: Incineroar|1\n|-damage|p1b: Incineroar|0 fnt\n|faint|p1b: Incineroar\n|move|p1a: Aggron|Iron Defense|p1a: Aggron\n|-boost|p1a: Aggron|def|2\n|\n|upkeep\n|\n|t:|1776359131\n|switch|p1b: Pelipper|Pelipper, L50, M|100/100\n|-weather|RainDance|[from] ability: Drizzle|[of] p1b: Pelipper\n|turn|2\n|\n|t:|1776359140\n|switch|p2a: Sinistcha|Sinistcha, L50|100/100\n|move|p2b: Tinkaton|Encore|p1a: Aggron\n|-start|p1a: Aggron|Encore\n|move|p1b: Pelipper|Tailwind|p1b: Pelipper\n|-sidestart|p1: Noobsmasher917|move: Tailwind\n|move|p1a: Aggron|Iron Defense|p1a: Aggron\n|-boost|p1a: Aggron|def|2\n|\n|-weather|RainDance|[upkeep]\n|upkeep\n|turn|3\n|\n|t:|1776359163\n|move|p1b: Pelipper|Hurricane|p2a: Sinistcha\n|-supereffective|p2a: Sinistcha|1\n|-damage|p2a: Sinistcha|11/100\n|-start|p2a: Sinistcha|confusion\n|move|p2b: Tinkaton|Play Rough|p1b: Pelipper\n|-damage|p1b: Pelipper|72/100\n|move|p1a: Aggron|Iron Defense|p1a: Aggron\n|-boost|p1a: Aggron|def|2\n|-activate|p2a: Sinistcha|confusion\n|move|p2a: Sinistcha|Matcha Gotcha|p1a: Aggron|[spread] p1a,p1b\n|-resisted|p1a: Aggron|1\n|-damage|p1a: Aggron|91/100\n|-heal|p2a: Sinistcha|16/100|[from] drain|[of] p1a: Aggron\n|-damage|p1b: Pelipper|29/100\n|-heal|p2a: Sinistcha|33/100|[from] drain|[of] p1b: Pelipper\n|\n|-weather|RainDance|[upkeep]\n|upkeep\n|turn|4\n|inactive|L2 R1 Select has 30 seconds left.\n|\n|t:|1776359189\n|switch|p1b: Sinistcha|Sinistcha, L50|100/100\n|-heal|p1a: Aggron|100/100|[from] ability: Hospitality|[of] p1b: Sinistcha\n|switch|p2a: Glimmora|Glimmora-Mega, L50, M|100/100\n|move|p2b: Tinkaton|Play Rough|p1b: Sinistcha\n|-damage|p1b: Sinistcha|81/100\n|move|p1a: Aggron|Iron Defense|p1a: Aggron\n|-boost|p1a: Aggron|def|0\n|\n|-weather|RainDance|[upkeep]\n|-end|p1a: Aggron|Encore\n|upkeep\n|turn|5\n|inactive|L2 R1 Select has 30 seconds left.\n|\n|t:|1776359223\n|move|p2a: Glimmora|Spiky Shield|p2a: Glimmora\n|-singleturn|p2a: Glimmora|move: Protect\n|move|p1b: Sinistcha|Rage Powder|p1b: Sinistcha\n|-singleturn|p1b: Sinistcha|move: Rage Powder\n|move|p2b: Tinkaton|Encore|p1b: Sinistcha\n|-start|p1b: Sinistcha|Encore\n|move|p1a: Aggron|Heavy Slam|p2a: Glimmora\n|-activate|p2a: Glimmora|move: Protect\n|-damage|p1a: Aggron|88/100|[from] Spiky Shield|[of] p2a: Glimmora\n|\n|-weather|RainDance|[upkeep]\n|-sideend|p1: Noobsmasher917|move: Tailwind\n|upkeep\n|turn|6\n|\n|t:|1776359245\n|switch|p2a: Sinistcha|Sinistcha, L50|33/100\n|move|p1b: Sinistcha|Rage Powder|p1b: Sinistcha\n|-singleturn|p1b: Sinistcha|move: Rage Powder\n|move|p2b: Tinkaton|Play Rough|p1b: Sinistcha\n|-damage|p1b: Sinistcha|59/100\n|move|p1a: Aggron|Body Press|p2a: Sinistcha\n|-immune|p2a: Sinistcha\n|\n|-weather|none\n|upkeep\n|turn|7\n|\n|t:|1776359268\n|move|p1b: Sinistcha|Rage Powder|p1b: Sinistcha\n|-singleturn|p1b: Sinistcha|move: Rage Powder\n|move|p2b: Tinkaton|Play Rough|p1b: Sinistcha\n|-damage|p1b: Sinistcha|38/100\n|-enditem|p1b: Sinistcha|Sitrus Berry|[eat]\n|-heal|p1b: Sinistcha|62/100|[from] item: Sitrus Berry\n|move|p2a: Sinistcha|Matcha Gotcha|p1a: Aggron|[spread] p1a,p1b\n|-resisted|p1a: Aggron|1\n|-resisted|p1b: Sinistcha|1\n|-damage|p1a: Aggron|78/100\n|-heal|p2a: Sinistcha|38/100|[from] drain|[of] p1a: Aggron\n|-damage|p1b: Sinistcha|53/100\n|-heal|p2a: Sinistcha|44/100|[from] drain|[of] p1b: Sinistcha\n|-status|p1b: Sinistcha|brn\n|move|p1a: Aggron|Body Press|p2b: Tinkaton\n|-damage|p2b: Tinkaton|0 fnt\n|faint|p2b: Tinkaton\n|\n|-damage|p1b: Sinistcha|47/100 brn|[from] brn\n|upkeep\n|\n|t:|1776359290\n|switch|p2b: Glimmora|Glimmora-Mega, L50, M|100/100\n|turn|8\n|\n|t:|1776359310\n|move|p1b: Sinistcha|Rage Powder|p1b: Sinistcha\n|-singleturn|p1b: Sinistcha|move: Rage Powder\n|move|p2b: Glimmora|Sludge Bomb|p1b: Sinistcha\n|-damage|p1b: Sinistcha|0 fnt\n|faint|p1b: Sinistcha\n|move|p2a: Sinistcha|Matcha Gotcha|p1a: Aggron\n|-resisted|p1a: Aggron|1\n|-damage|p1a: Aggron|66/100\n|-heal|p2a: Sinistcha|50/100|[from] drain|[of] p1a: Aggron\n|move|p1a: Aggron|Heavy Slam|p2a: Sinistcha\n|-damage|p2a: Sinistcha|8/100\n|\n|upkeep\n|\n|t:|1776359322\n|switch|p1b: Pelipper|Pelipper, L50, M|29/100\n|-weather|RainDance|[from] ability: Drizzle|[of] p1b: Pelipper\n|turn|9\n|\n|t:|1776359335\n|move|p2b: Glimmora|Power Gem|p1b: Pelipper\n|-supereffective|p1b: Pelipper|1\n|-damage|p1b: Pelipper|0 fnt\n|faint|p1b: Pelipper\n|move|p2a: Sinistcha|Matcha Gotcha|p1a: Aggron\n|-resisted|p1a: Aggron|1\n|-damage|p1a: Aggron|54/100\n|-heal|p2a: Sinistcha|14/100|[from] drain|[of] p1a: Aggron\n|move|p1a: Aggron|Body Press|p2b: Glimmora\n|-damage|p2b: Glimmora|0 fnt\n|faint|p2b: Glimmora\n|\n|-weather|RainDance|[upkeep]\n|upkeep\n|\n|t:|1776359347\n|switch|p2b: Kommo-o|Kommo-o, L50, M|100/100\n|turn|10\n|\n|t:|1776359355\n|move|p1a: Aggron|Protect|p1a: Aggron\n|-singleturn|p1a: Aggron|Protect\n|move|p2a: Sinistcha|Rage Powder|p2a: Sinistcha\n|-singleturn|p2a: Sinistcha|move: Rage Powder\n|move|p2b: Kommo-o|Aura Sphere|p1a: Aggron\n|-activate|p1a: Aggron|move: Protect\n|\n|-weather|RainDance|[upkeep]\n|upkeep\n|turn|11\n|\n|t:|1776359363\n|move|p2a: Sinistcha|Rage Powder|p2a: Sinistcha\n|-singleturn|p2a: Sinistcha|move: Rage Powder\n|move|p2b: Kommo-o|Aura Sphere|p1a: Aggron\n|-supereffective|p1a: Aggron|1\n|-damage|p1a: Aggron|2/100\n|move|p1a: Aggron|Heavy Slam|p2a: Sinistcha\n|-damage|p2a: Sinistcha|0 fnt\n|faint|p2a: Sinistcha\n|\n|-weather|RainDance|[upkeep]\n|upkeep\n|turn|12\n|\n|t:|1776359372\n|move|p1a: Aggron|Protect|p1a: Aggron\n|-singleturn|p1a: Aggron|Protect\n|move|p2b: Kommo-o|Aura Sphere|p1a: Aggron\n|-activate|p1a: Aggron|move: Protect\n|\n|-weather|RainDance|[upkeep]\n|upkeep\n|turn|13\n|\n|t:|1776359391\n|move|p2b: Kommo-o|Aura Sphere|p1a: Aggron\n|-supereffective|p1a: Aggron|1\n|-damage|p1a: Aggron|0 fnt\n|faint|p1a: Aggron\n|\n|win|L2 R1 Select\n|raw|Noobsmasher917's rating: 1130 &rarr; <strong>1103</strong><br />(-27 for losing)\n|raw|L2 R1 Select's rating: 1104 &rarr; <strong>1131</strong><br />(+27 for winning)\n|l|\u203dNoobsmasher917\n|player|p1|\n",
  "uploadtime": 1776359598,
  "views": 19,
  "formatid": "gen9championsvgc2026regma",
  "rating": 1103,
  "private": 0,
  "password": null
}