{
  "id": "gen9championsvgc2026regma-2585456300",
  "format": "[Gen 9 Champions] VGC 2026 Reg M-A",
  "players": [
    "Zebrafish123",
    "KogaAF1219"
  ],
  "log": "|j|\u2606Zebrafish123\n|j|\u2606KogaAF1219\n|t:|1776348515\n|gametype|doubles\n|player|p1|Zebrafish123|101|1371\n|player|p2|KogaAF1219|koga|1325\n|gen|9\n|tier|[Gen 9 Champions] VGC 2026 Reg M-A\n|rated|\n|rule|Species Clause: Limit one of each Pok\u00e9mon\n|rule|Item Clause: Limit 1 of each item\n|clearpoke\n|poke|p1|Meganium, L50, M|\n|poke|p1|Pelipper, L50, F|\n|poke|p1|Archaludon, L50, M|\n|poke|p1|Politoed, L50, M|\n|poke|p1|Basculegion, L50, M|\n|poke|p1|Heliolisk, L50, F|\n|poke|p2|Torkoal, L50, M|\n|poke|p2|Venusaur, L50, F|\n|poke|p2|Incineroar, L50, F|\n|poke|p2|Farigiraf, L50, M|\n|poke|p2|Rotom-Fan, L50|\n|poke|p2|Excadrill, L50, F|\n|teampreview|4\n|inactive|Battle timer is ON: inactive players will automatically lose when time's up. (requested by Zebrafish123)\n|\n|t:|1776348529\n|teamsize|p1|4\n|teamsize|p2|4\n|start\n|switch|p1a: Meganium|Meganium, L50, M|100/100\n|switch|p1b: Pelipper|Pelipper, L50, F|100/100\n|switch|p2a: Rotom|Rotom-Fan, L50|100/100\n|switch|p2b: Excadrill|Excadrill, L50, F|100/100\n|-ability|p2b: Excadrill|Mold Breaker\n|-weather|RainDance|[from] ability: Drizzle|[of] p1b: Pelipper\n|turn|1\n|\n|t:|1776348544\n|detailschange|p1a: Meganium|Meganium-Mega, L50, M\n|-mega|p1a: Meganium|Meganium|Meganiumite\n|move|p1b: Pelipper|Protect|p1b: Pelipper\n|-singleturn|p1b: Pelipper|Protect\n|move|p2a: Rotom|Volt Switch|p1b: Pelipper\n|-activate|p1b: Pelipper|move: Protect\n|move|p2b: Excadrill|Rock Slide|p1b: Pelipper|[spread] p1a\n|-activate|p1b: Pelipper|move: Protect\n|-damage|p1a: Meganium|83/100\n|move|p1a: Meganium|Weather Ball|p2b: Excadrill\n|-supereffective|p2b: Excadrill|1\n|-enditem|p2b: Excadrill|Focus Sash\n|-damage|p2b: Excadrill|1/100\n|\n|-weather|RainDance|[upkeep]\n|upkeep\n|turn|2\n|\n|t:|1776348565\n|switch|p2b: Venusaur|Venusaur, L50, F|100/100\n|move|p2a: Rotom|Volt Switch|p1b: Pelipper\n|-supereffective|p1b: Pelipper|2\n|-enditem|p1b: Pelipper|Focus Sash\n|-damage|p1b: Pelipper|1/100\n|\n|t:|1776348571\n|switch|p2a: Excadrill|Excadrill, L50, F|1/100|[from] Volt Switch\n|-ability|p2a: Excadrill|Mold Breaker\n|move|p1a: Meganium|Dazzling Gleam|p2a: Excadrill|[spread] p2a,p2b\n|-resisted|p2a: Excadrill|1\n|-resisted|p2b: Venusaur|1\n|-damage|p2a: Excadrill|0 fnt\n|-damage|p2b: Venusaur|80/100\n|faint|p2a: Excadrill\n|move|p1b: Pelipper|Tailwind|p1b: Pelipper\n|-sidestart|p1: Zebrafish123|move: Tailwind\n|\n|-weather|RainDance|[upkeep]\n|upkeep\n|\n|t:|1776348576\n|switch|p2a: Rotom|Rotom-Fan, L50|100/100\n|turn|3\n|\n|t:|1776348590\n|move|p2a: Rotom|Volt Switch|p1b: Pelipper\n|-supereffective|p1b: Pelipper|2\n|-damage|p1b: Pelipper|0 fnt\n|faint|p1b: Pelipper\n|\n|t:|1776348593\n|switch|p2a: Torkoal|Torkoal, L50, M|100/100|[from] Volt Switch\n|-weather|SunnyDay|[from] ability: Drought|[of] p2a: Torkoal\n|move|p2b: Venusaur|Sludge Bomb|p1a: Meganium\n|-supereffective|p1a: Meganium|2\n|-damage|p1a: Meganium|0 fnt\n|faint|p1a: Meganium\n|\n|-weather|SunnyDay|[upkeep]\n|upkeep\n|\n|t:|1776348601\n|switch|p1a: Basculegion|Basculegion, L50, M|100/100\n|switch|p1b: Politoed|Politoed, L50, M|100/100\n|-weather|RainDance|[from] ability: Drizzle|[of] p1b: Politoed\n|turn|4\n|\n|t:|1776348610\n|switch|p2a: Rotom|Rotom-Fan, L50|100/100\n|move|p1b: Politoed|Helping Hand|p1a: Basculegion\n|-singleturn|p1a: Basculegion|Helping Hand|[of] p1b: Politoed\n|move|p2b: Venusaur|Protect|p2b: Venusaur\n|-singleturn|p2b: Venusaur|Protect\n|move|p1a: Basculegion|Last Respects|p2b: Venusaur\n|-activate|p2b: Venusaur|move: Protect\n|\n|-weather|RainDance|[upkeep]\n|upkeep\n|turn|5\n|-activate|p1b: Politoed|item: Quick Claw\n|\n|t:|1776348622\n|switch|p2b: Torkoal|Torkoal, L50, M|100/100\n|-weather|SunnyDay|[from] ability: Drought|[of] p2b: Torkoal\n|move|p1b: Politoed|Helping Hand|p1a: Basculegion\n|-singleturn|p1a: Basculegion|Helping Hand|[of] p1b: Politoed\n|move|p1a: Basculegion|Last Respects|p2b: Torkoal\n|-damage|p2b: Torkoal|0 fnt\n|faint|p2b: Torkoal\n|move|p2a: Rotom|Volt Switch|p1a: Basculegion\n|-supereffective|p1a: Basculegion|1\n|-damage|p1a: Basculegion|39/100\n|\n|t:|1776348633\n|switch|p2a: Venusaur|Venusaur, L50, F|80/100|[from] Volt Switch\n|\n|-weather|SunnyDay|[upkeep]\n|-sideend|p1: Zebrafish123|move: Tailwind\n|upkeep\n|\n|t:|1776348634\n|switch|p2b: Rotom|Rotom-Fan, L50|100/100\n|turn|6\n|-activate|p1b: Politoed|item: Quick Claw\n|\n|t:|1776348655\n|move|p1b: Politoed|Weather Ball|p2a: Venusaur\n|-supereffective|p2a: Venusaur|1\n|-damage|p2a: Venusaur|8/100\n|move|p2a: Venusaur|Giga Drain|p1b: Politoed\n|-supereffective|p1b: Politoed|1\n|-damage|p1b: Politoed|52/100\n|-heal|p2a: Venusaur|39/100|[from] drain|[of] p1b: Politoed\n|move|p2b: Rotom|Volt Switch|p1a: Basculegion\n|-supereffective|p1a: Basculegion|1\n|-damage|p1a: Basculegion|0 fnt\n|faint|p1a: Basculegion\n|\n|-weather|SunnyDay|[upkeep]\n|upkeep\n|turn|7\n|-message|Zebrafish123 forfeited.\n|\n|win|KogaAF1219\n|raw|Zebrafish123's rating: 1371 &rarr; <strong>1348</strong><br />(-23 for losing)\n|raw|KogaAF1219's rating: 1325 &rarr; <strong>1348</strong><br />(+23 for winning)\n|l|\u2606Zebrafish123\n|player|p1|\n",
  "uploadtime": 1776348690,
  "views": 50,
  "formatid": "gen9championsvgc2026regma",
  "rating": 1348,
  "private": 0,
  "password": null
}