{
  "id": "gen9championsvgc2026regma-2583134365",
  "format": "[Gen 9 Champions] VGC 2026 Reg M-A",
  "players": [
    "Limeeater",
    "Swis_Chris"
  ],
  "log": "|j|\u2606Limeeater\n|j|\u2606Swis_Chris\n|t:|1776146158\n|gametype|doubles\n|player|p1|Limeeater|wally|\n|player|p2|Swis_Chris|hop-masters|\n|gen|9\n|tier|[Gen 9 Champions] VGC 2026 Reg M-A\n|rated|Tournament battle\n|rule|Species Clause: Limit one of each Pok\u00e9mon\n|rule|Item Clause: Limit 1 of each item\n|raw|<div class=\"infobox\"><details class=\"readmore\" open><summary><strong>1 custom rule:</strong></summary> Force Open Team Sheets</details></div>\n|clearpoke\n|poke|p1|Charizard, L50, F|\n|poke|p1|Venusaur, L50, M|\n|poke|p1|Garchomp, L50, F|\n|poke|p1|Whimsicott, L50, M|\n|poke|p1|Sneasler, L50, M|\n|poke|p1|Heliolisk, L50, M|\n|poke|p2|Chesnaught, L50, M|\n|poke|p2|Gyarados, L50, M|\n|poke|p2|Basculegion, L50, M|\n|poke|p2|Aegislash, L50, M|\n|poke|p2|Sinistcha-Masterpiece, L50|\n|poke|p2|Sableye, L50, M|\n|teampreview|4\n|showteam|p1|Charizard||CharizarditeY|Blaze|HeatWave,WeatherBall,SolarBeam,Protect|||F|||50|]Venusaur||MiracleSeed|Chlorophyll|LeafStorm,SludgeBomb,SleepPowder,Protect|||M|||50|]Garchomp||SoftSand|RoughSkin|Earthquake,DragonClaw,RockSlide,Protect|||F|||50|]Whimsicott||FocusSash|Prankster|Moonblast,Tailwind,Encore,SunnyDay|||M|||50|]Sneasler||WhiteHerb|Unburden|FakeOut,DireClaw,CloseCombat,Protect|||M|||50|]Heliolisk||ChoiceScarf|SolarPower|Discharge,Thunderbolt,WeatherBall,VoltSwitch|||M|||50|\n|showteam|p2|Chesnaught||Chesnaughtite|Bulletproof|SpikyShield,BodyPress,Payback,IronDefense|||M|||50|]Gyarados||Gyaradosite|Intimidate|Waterfall,TemperFlare,RainDance,DragonDance|||M|||50|]Basculegion||MysticWater|SwiftSwim|AquaJet,WaveCrash,LastRespects,Protect|||M|||50|]Aegislash||SpellTag|StanceChange|KingsShield,ShadowBall,WideGuard,FlashCannon|||M|||50|]Sinistcha-Masterpiece||MentalHerb|Hospitality|RagePowder,TrickRoom,ShadowBall,Memento||||||50|]Sableye||FocusSash|Prankster|FakeOut,RainDance,LightScreen,MeanLook|||M|||50|\n|\n|t:|1776146216\n|teamsize|p1|4\n|teamsize|p2|4\n|start\n|switch|p1a: Charizard|Charizard, L50, F|100/100\n|switch|p1b: Whimsicott|Whimsicott, L50, M|100/100\n|switch|p2a: Sableye|Sableye, L50, M|100/100\n|switch|p2b: Sinistcha|Sinistcha-Masterpiece, L50|100/100\n|turn|1\n|\n|t:|1776146248\n|move|p2a: Sableye|Fake Out|p1a: Charizard\n|-damage|p1a: Charizard|90/100\n|move|p1b: Whimsicott|Tailwind|p1b: Whimsicott\n|-sidestart|p1: Limeeater|move: Tailwind\n|cant|p1a: Charizard|flinch\n|move|p2b: Sinistcha|Trick Room|p2b: Sinistcha\n|-fieldstart|move: Trick Room|[of] p2b: Sinistcha\n|\n|upkeep\n|turn|2\n|\n|t:|1776146267\n|move|p1a: Charizard|Protect|p1a: Charizard\n|-singleturn|p1a: Charizard|Protect\n|move|p2a: Sableye|Mean Look|p1a: Charizard\n|-activate|p1a: Charizard|trapped\n|move|p2b: Sinistcha|Shadow Ball|p1a: Charizard\n|-activate|p1a: Charizard|move: Protect\n|move|p1b: Whimsicott|Moonblast|p2a: Sableye\n|-supereffective|p2a: Sableye|1\n|-enditem|p2a: Sableye|Focus Sash\n|-damage|p2a: Sableye|1/100\n|\n|upkeep\n|turn|3\n|\n|t:|1776146300\n|switch|p2a: Basculegion|Basculegion, L50, M|100/100\n|detailschange|p1a: Charizard|Charizard-Mega-Y, L50, F\n|-mega|p1a: Charizard|Charizard|Charizardite Y\n|-weather|SunnyDay|[from] ability: Drought|[of] p1a: Charizard\n|move|p2b: Sinistcha|Shadow Ball|p1a: Charizard\n|-damage|p1a: Charizard|55/100\n|move|p1a: Charizard|Heat Wave|p2a: Basculegion|[spread] p2a,p2b\n|-resisted|p2a: Basculegion|1\n|-supereffective|p2b: Sinistcha|1\n|-damage|p2a: Basculegion|67/100\n|-damage|p2b: Sinistcha|0 fnt\n|faint|p2b: Sinistcha\n|move|p1b: Whimsicott|Moonblast|p2a: Basculegion\n|-damage|p2a: Basculegion|27/100\n|-unboost|p2a: Basculegion|spa|1\n|\n|-weather|SunnyDay|[upkeep]\n|upkeep\n|\n|t:|1776146317\n|switch|p2b: Sableye|Sableye, L50, M|1/100\n|turn|4\n|j| AgencyScientist007\n|\n|t:|1776146349\n|move|p1a: Charizard|Protect|p1a: Charizard\n|-singleturn|p1a: Charizard|Protect\n|move|p2b: Sableye|Fake Out|p1b: Whimsicott\n|-damage|p1b: Whimsicott|90/100\n|cant|p1b: Whimsicott|flinch\n|move|p2a: Basculegion|Last Respects|p1b: Whimsicott\n|-damage|p1b: Whimsicott|18/100\n|\n|-weather|SunnyDay|[upkeep]\n|-sideend|p1: Limeeater|move: Tailwind\n|upkeep\n|turn|5\n|\n|t:|1776146377\n|move|p2b: Sableye|Mean Look|p1a: Charizard\n|-activate|p1a: Charizard|trapped\n|move|p1b: Whimsicott|Sunny Day||[still]\n|-fail|p1b: Whimsicott\n|move|p2a: Basculegion|Last Respects|p1b: Whimsicott\n|-damage|p1b: Whimsicott|0 fnt\n|faint|p1b: Whimsicott\n|move|p1a: Charizard|Heat Wave|p2a: Basculegion|[spread] p2a,p2b\n|-resisted|p2a: Basculegion|1\n|-damage|p2a: Basculegion|0 fnt\n|-damage|p2b: Sableye|0 fnt\n|faint|p2a: Basculegion\n|faint|p2b: Sableye\n|\n|-weather|SunnyDay|[upkeep]\n|-fieldend|move: Trick Room\n|upkeep\n|\n|t:|1776146395\n|switch|p1b: Sneasler|Sneasler, L50, M|100/100\n|switch|p2b: Chesnaught|Chesnaught, L50, M|100/100\n|turn|6\n|\n|t:|1776146405\n|detailschange|p2b: Chesnaught|Chesnaught-Mega, L50, M\n|-mega|p2b: Chesnaught|Chesnaught|Chesnaughtite\n|move|p1b: Sneasler|Fake Out|p2b: Chesnaught\n|-damage|p2b: Chesnaught|92/100\n|move|p1a: Charizard|Heat Wave|p2b: Chesnaught\n|-supereffective|p2b: Chesnaught|1\n|-damage|p2b: Chesnaught|0 fnt\n|faint|p2b: Chesnaught\n|\n|win|Limeeater\n|n|\u2606Limeeater|limeeater\n|n|\u2606Swis_Chris|swischris\n|n| AgencyScientist007|agencyscientist007\n|c|\u2606Limeeater|gg\n|c|\u2606Swis_Chris|Gg wp\n",
  "uploadtime": 1776146420,
  "views": 26,
  "formatid": "gen9championsvgc2026regma",
  "rating": null,
  "private": 0,
  "password": null
}