{
  "id": "gen9championsvgc2026regma-2586417201",
  "format": "[Gen 9 Champions] VGC 2026 Reg M-A",
  "players": [
    "yarep",
    "galargiant"
  ],
  "log": "|j|\u2606yarep\n|j|\u2606galargiant\n|t:|1776433213\n|gametype|doubles\n|player|p1|yarep|volkner|1131\n|player|p2|galargiant|266|1116\n|gen|9\n|tier|[Gen 9 Champions] VGC 2026 Reg M-A\n|rated|\n|rule|Species Clause: Limit one of each Pok\u00e9mon\n|rule|Item Clause: Limit 1 of each item\n|clearpoke\n|poke|p1|Pelipper, L50, M|\n|poke|p1|Archaludon, L50, M|\n|poke|p1|Dragonite, L50, M|\n|poke|p1|Sinistcha-Masterpiece, L50|\n|poke|p1|Sneasler, L50, M|\n|poke|p1|Basculegion, L50, M|\n|poke|p2|Glimmora, L50, F|\n|poke|p2|Corviknight, L50, M|\n|poke|p2|Incineroar, L50, F|\n|poke|p2|Basculegion, L50, M|\n|poke|p2|Rotom-Mow, L50|\n|poke|p2|Lopunny, L50, F|\n|teampreview|4\n|inactive|Battle timer is ON: inactive players will automatically lose when time's up. (requested by yarep)\n|\n|t:|1776433289\n|teamsize|p1|4\n|teamsize|p2|4\n|start\n|switch|p1a: Archaludon|Archaludon, L50, M|100/100\n|switch|p1b: Basculegion|Basculegion, L50, M|100/100\n|switch|p2a: Rotom|Rotom-Mow, L50|100/100\n|switch|p2b: Corviknight|Corviknight, L50, M|100/100\n|turn|1\n|\n|t:|1776433302\n|switch|p1b: Pelipper|Pelipper, L50, M|100/100\n|-weather|RainDance|[from] ability: Drizzle|[of] p1b: Pelipper\n|move|p1a: Archaludon|Electro Shot||[still]\n|-prepare|p1a: Archaludon|Electro Shot\n|-boost|p1a: Archaludon|spa|1\n|-anim|p1a: Archaludon|Electro Shot|p2b: Corviknight\n|-supereffective|p2b: Corviknight|1\n|-damage|p2b: Corviknight|8/100\n|move|p2a: Rotom|Volt Switch|p1b: Pelipper\n|-supereffective|p1b: Pelipper|2\n|-crit|p1b: Pelipper\n|-enditem|p1b: Pelipper|Focus Sash\n|-damage|p1b: Pelipper|1/100\n|\n|t:|1776433320\n|switch|p2a: Glimmora|Glimmora, L50, F, shiny|100/100|[from] Volt Switch\n|move|p2b: Corviknight|Tailwind|p2b: Corviknight\n|-sidestart|p2: galargiant|move: Tailwind\n|\n|-weather|RainDance|[upkeep]\n|upkeep\n|turn|2\n|\n|t:|1776433332\n|detailschange|p2a: Glimmora|Glimmora-Mega, L50, F, shiny\n|-mega|p2a: Glimmora|Glimmora|Glimmoranite\n|move|p1b: Pelipper|Protect|p1b: Pelipper\n|-singleturn|p1b: Pelipper|Protect\n|move|p2a: Glimmora|Earth Power|p1a: Archaludon\n|-supereffective|p1a: Archaludon|1\n|-damage|p1a: Archaludon|22/100\n|-ability|p1a: Archaludon|Stamina|boost\n|-boost|p1a: Archaludon|def|1\n|move|p2b: Corviknight|Body Press|p1b: Pelipper\n|-activate|p1b: Pelipper|move: Protect\n|move|p1a: Archaludon|Snarl|p2b: Corviknight|[spread] p2b\n|-miss|p1a: Archaludon|p2a: Glimmora\n|-damage|p2b: Corviknight|0 fnt\n|faint|p2b: Corviknight\n|\n|-weather|RainDance|[upkeep]\n|-heal|p1a: Archaludon|28/100|[from] item: Leftovers\n|upkeep\n|\n|t:|1776433353\n|switch|p2b: Basculegion|Basculegion, L50, M|100/100\n|turn|3\n|\n|t:|1776433376\n|move|p2b: Basculegion|Last Respects|p1a: Archaludon\n|-damage|p1a: Archaludon|0 fnt\n|faint|p1a: Archaludon\n|move|p2a: Glimmora|Power Gem|p1b: Pelipper\n|-supereffective|p1b: Pelipper|1\n|-damage|p1b: Pelipper|0 fnt\n|faint|p1b: Pelipper\n|\n|-weather|RainDance|[upkeep]\n|upkeep\n|\n|t:|1776433380\n|switch|p1a: Basculegion|Basculegion, L50, M|100/100\n|switch|p1b: Sneasler|Sneasler, L50, M|100/100\n|turn|4\n|\n|t:|1776433396\n|move|p2a: Glimmora|Spiky Shield|p2a: Glimmora\n|-singleturn|p2a: Glimmora|move: Protect\n|move|p1a: Basculegion|Protect|p1a: Basculegion\n|-singleturn|p1a: Basculegion|Protect\n|move|p1b: Sneasler|Protect|p1b: Sneasler\n|-singleturn|p1b: Sneasler|Protect\n|move|p2b: Basculegion|Last Respects|p1a: Basculegion\n|-activate|p1a: Basculegion|move: Protect\n|\n|-weather|RainDance|[upkeep]\n|-sideend|p2: galargiant|move: Tailwind\n|upkeep\n|turn|5\n|\n|t:|1776433408\n|move|p1a: Basculegion|Last Respects|p2b: Basculegion\n|-supereffective|p2b: Basculegion|1\n|-crit|p2b: Basculegion\n|-damage|p2b: Basculegion|0 fnt\n|faint|p2b: Basculegion\n|move|p1b: Sneasler|Close Combat|p2a: Glimmora\n|-damage|p2a: Glimmora|28/100\n|-unboost|p1b: Sneasler|def|1\n|-unboost|p1b: Sneasler|spd|1\n|-enditem|p1b: Sneasler|White Herb\n|-clearnegativeboost|p1b: Sneasler|[silent]\n|move|p2a: Glimmora|Earth Power|p1b: Sneasler\n|-supereffective|p1b: Sneasler|1\n|-damage|p1b: Sneasler|18/100\n|\n|-weather|none\n|upkeep\n|\n|t:|1776433423\n|switch|p2b: Rotom|Rotom-Mow, L50|100/100\n|turn|6\n|\n|t:|1776433430\n|move|p2a: Glimmora|Spiky Shield|p2a: Glimmora\n|-singleturn|p2a: Glimmora|move: Protect\n|move|p1a: Basculegion|Aqua Jet|p2a: Glimmora\n|-activate|p2a: Glimmora|move: Protect\n|-damage|p1a: Basculegion|88/100|[from] Spiky Shield|[of] p2a: Glimmora\n|move|p1b: Sneasler|Dire Claw|p2b: Rotom\n|-supereffective|p2b: Rotom|1\n|-damage|p2b: Rotom|27/100\n|move|p2b: Rotom|Leaf Storm|p1a: Basculegion\n|-supereffective|p1a: Basculegion|1\n|-damage|p1a: Basculegion|0 fnt\n|-unboost|p2b: Rotom|spa|2\n|faint|p1a: Basculegion\n|\n|-heal|p2b: Rotom|32/100|[from] item: Leftovers\n|upkeep\n|turn|7\n|-message|yarep forfeited.\n|\n|win|galargiant\n|raw|yarep's rating: 1131 &rarr; <strong>1105</strong><br />(-26 for losing)\n|raw|galargiant's rating: 1116 &rarr; <strong>1142</strong><br />(+26 for winning)\n|l|\u2606yarep\n|player|p1|\n",
  "uploadtime": 1776433452,
  "views": 43,
  "formatid": "gen9championsvgc2026regma",
  "rating": 1105,
  "private": 0,
  "password": null
}