{
  "id": "gen9championsvgc2026regma-2581954387",
  "format": "[Gen 9 Champions] VGC 2026 Reg M-A",
  "players": [
    "RuddyPk14",
    "Ambrow"
  ],
  "log": "|j|\u203dRuddyPk14\n|j|\u2606Ambrow\n|t:|1776042902\n|gametype|doubles\n|player|p1|RuddyPk14|red|1252\n|player|p2|Ambrow|ethan|1250\n|gen|9\n|tier|[Gen 9 Champions] VGC 2026 Reg M-A\n|rated|\n|rule|Species Clause: Limit one of each Pok\u00e9mon\n|rule|Item Clause: Limit 1 of each item\n|clearpoke\n|poke|p1|Lucario, L50, F|\n|poke|p1|Aerodactyl, L50, M|\n|poke|p1|Garchomp, L50, F|\n|poke|p1|Sinistcha, L50|\n|poke|p1|Incineroar, L50, F|\n|poke|p1|Primarina, L50, F|\n|poke|p2|Gliscor, L50, M|\n|poke|p2|Incineroar, L50, F|\n|poke|p2|Garchomp, L50, F|\n|poke|p2|Sinistcha, L50|\n|poke|p2|Tyranitar, L50, M|\n|poke|p2|Rotom-Wash, L50|\n|teampreview|4\n|inactive|Battle timer is ON: inactive players will automatically lose when time's up. (requested by RuddyPk14)\n|j| No.1yZap2\n|inactive|RuddyPk14 has 60 seconds left.\n|\n|t:|1776042981\n|teamsize|p1|4\n|teamsize|p2|4\n|start\n|switch|p1a: Incineroar|Incineroar, L50, F|100/100\n|switch|p1b: Primarina|Primarina, L50, F|100/100\n|switch|p2a: Tyranitar|Tyranitar, L50, M|100/100\n|switch|p2b: Incineroar|Incineroar, L50, F|100/100\n|-ability|p2b: Incineroar|Intimidate|boost\n|-unboost|p1a: Incineroar|atk|1\n|-unboost|p1b: Primarina|atk|1\n|-weather|Sandstorm|[from] ability: Sand Stream|[of] p2a: Tyranitar\n|-ability|p1a: Incineroar|Intimidate|boost\n|-unboost|p2a: Tyranitar|atk|1\n|-unboost|p2b: Incineroar|atk|1\n|turn|1\n|\n|t:|1776043003\n|detailschange|p2a: Tyranitar|Tyranitar-Mega, L50, M\n|-mega|p2a: Tyranitar|Tyranitar|Tyranitarite\n|move|p2b: Incineroar|Fake Out|p1b: Primarina\n|-damage|p1b: Primarina|91/100\n|move|p1a: Incineroar|Fake Out|p2a: Tyranitar\n|-resisted|p2a: Tyranitar|1\n|-damage|p2a: Tyranitar|98/100\n|cant|p2a: Tyranitar|flinch\n|cant|p1b: Primarina|flinch\n|\n|-weather|Sandstorm|[upkeep]\n|-damage|p1b: Primarina|85/100|[from] Sandstorm\n|-damage|p2b: Incineroar|95/100|[from] Sandstorm\n|-damage|p1a: Incineroar|95/100|[from] Sandstorm\n|-heal|p1b: Primarina|91/100|[from] item: Leftovers\n|upkeep\n|turn|2\n|\n|t:|1776043020\n|switch|p1a: Garchomp|Garchomp, L50, F|100/100\n|move|p2a: Tyranitar|Protect|p2a: Tyranitar\n|-singleturn|p2a: Tyranitar|Protect\n|move|p1b: Primarina|Hyper Voice|p2b: Incineroar|[spread] p2b\n|-activate|p2a: Tyranitar|move: Protect\n|-supereffective|p2b: Incineroar|1\n|-crit|p2b: Incineroar\n|-damage|p2b: Incineroar|0 fnt\n|faint|p2b: Incineroar\n|\n|-weather|Sandstorm|[upkeep]\n|-damage|p1b: Primarina|85/100|[from] Sandstorm\n|-heal|p1b: Primarina|91/100|[from] item: Leftovers\n|upkeep\n|\n|t:|1776043031\n|switch|p2b: Sinistcha|Sinistcha, L50|100/100\n|-heal|p2a: Tyranitar|100/100|[from] ability: Hospitality|[of] p2b: Sinistcha\n|turn|3\n|\n|t:|1776043045\n|switch|p1a: Incineroar|Incineroar, L50, F|95/100\n|-ability|p1a: Incineroar|Intimidate|boost\n|-unboost|p2a: Tyranitar|atk|1\n|-unboost|p2b: Sinistcha|atk|1\n|switch|p2a: Rotom|Rotom-Wash, L50|100/100\n|move|p1b: Primarina|Protect|p1b: Primarina\n|-singleturn|p1b: Primarina|Protect\n|move|p2b: Sinistcha|Trick Room|p2b: Sinistcha\n|-fieldstart|move: Trick Room|[of] p2b: Sinistcha\n|\n|-weather|Sandstorm|[upkeep]\n|-damage|p1a: Incineroar|89/100|[from] Sandstorm\n|-damage|p2b: Sinistcha|94/100|[from] Sandstorm\n|-damage|p1b: Primarina|85/100|[from] Sandstorm\n|-damage|p2a: Rotom|95/100|[from] Sandstorm\n|-heal|p1b: Primarina|91/100|[from] item: Leftovers\n|-heal|p2a: Rotom|100/100|[from] item: Leftovers\n|upkeep\n|turn|4\n|inactive|RuddyPk14 has 30 seconds left.\n|inactive|Ambrow has 30 seconds left.\n|inactive|Ambrow has 20 seconds left.\n|inactive|Ambrow has 15 seconds left.\n|\n|t:|1776043088\n|switch|p1b: Garchomp|Garchomp, L50, F|100/100\n|move|p2b: Sinistcha|Protect|p2b: Sinistcha\n|-singleturn|p2b: Sinistcha|Protect\n|move|p1a: Incineroar|Flare Blitz|p2b: Sinistcha\n|-activate|p2b: Sinistcha|move: Protect\n|move|p2a: Rotom|Hydro Pump|p1a: Incineroar\n|-supereffective|p1a: Incineroar|1\n|-damage|p1a: Incineroar|19/100\n|-enditem|p1a: Incineroar|Sitrus Berry|[eat]\n|-heal|p1a: Incineroar|44/100|[from] item: Sitrus Berry\n|\n|-weather|Sandstorm|[upkeep]\n|-damage|p1a: Incineroar|38/100|[from] Sandstorm\n|-damage|p2b: Sinistcha|88/100|[from] Sandstorm\n|-damage|p2a: Rotom|95/100|[from] Sandstorm\n|-heal|p2a: Rotom|100/100|[from] item: Leftovers\n|upkeep\n|turn|5\n|inactive|RuddyPk14 has 30 seconds left.\n|inactive|Ambrow has 30 seconds left.\n|inactive|RuddyPk14 has 20 seconds left.\n|\n|t:|1776043124\n|move|p2b: Sinistcha|Protect||[still]\n|-fail|p2b: Sinistcha\n|move|p1a: Incineroar|Parting Shot|p2a: Rotom\n|-unboost|p2a: Rotom|atk|1\n|-unboost|p2a: Rotom|spa|1\n|\n|t:|1776043130\n|switch|p1a: Primarina|Primarina, L50, F|91/100|[from] Parting Shot\n|move|p2a: Rotom|Hydro Pump|p1a: Primarina|[miss]\n|-miss|p2a: Rotom|p1a: Primarina\n|move|p1b: Garchomp|Dragon Claw|p2b: Sinistcha\n|-damage|p2b: Sinistcha|47/100\n|-enditem|p2b: Sinistcha|Sitrus Berry|[eat]\n|-heal|p2b: Sinistcha|72/100|[from] item: Sitrus Berry\n|\n|-weather|none\n|-heal|p1a: Primarina|97/100|[from] item: Leftovers\n|upkeep\n|turn|6\n|\n|t:|1776043149\n|switch|p1b: Incineroar|Incineroar, L50, F|38/100\n|-ability|p1b: Incineroar|Intimidate|boost\n|-unboost|p2a: Rotom|atk|1\n|-unboost|p2b: Sinistcha|atk|1\n|move|p2b: Sinistcha|Matcha Gotcha|p1b: Incineroar|[spread] p1a,p1b\n|-supereffective|p1a: Primarina|1\n|-resisted|p1b: Incineroar|1\n|-damage|p1a: Primarina|55/100\n|-heal|p2b: Sinistcha|94/100|[from] drain|[of] p1a: Primarina\n|-damage|p1b: Incineroar|29/100\n|-heal|p2b: Sinistcha|99/100|[from] drain|[of] p1b: Incineroar\n|-status|p1a: Primarina|brn\n|move|p1a: Primarina|Calm Mind|p1a: Primarina\n|-boost|p1a: Primarina|spa|1\n|-boost|p1a: Primarina|spd|1\n|move|p2a: Rotom|Will-O-Wisp|p1b: Incineroar\n|-immune|p1b: Incineroar\n|\n|-heal|p1a: Primarina|60/100 brn|[from] item: Leftovers\n|-damage|p1a: Primarina|55/100 brn|[from] brn\n|upkeep\n|turn|7\n|inactive|RuddyPk14 has 30 seconds left.\n|inactive|Ambrow has 30 seconds left.\n|inactive|RuddyPk14 has 20 seconds left.\n|inactive|Ambrow has 20 seconds left.\n|inactive|Ambrow has 15 seconds left.\n|inactive|Ambrow has 10 seconds left.\n|\n|t:|1776043197\n|move|p2b: Sinistcha|Protect|p2b: Sinistcha\n|-singleturn|p2b: Sinistcha|Protect\n|move|p1b: Incineroar|Fake Out|p2a: Rotom\n|-damage|p2a: Rotom|88/100\n|move|p1a: Primarina|Calm Mind|p1a: Primarina\n|-boost|p1a: Primarina|spa|1\n|-boost|p1a: Primarina|spd|1\n|cant|p2a: Rotom|flinch\n|\n|-heal|p1a: Primarina|60/100 brn|[from] item: Leftovers\n|-heal|p2a: Rotom|94/100|[from] item: Leftovers\n|-damage|p1a: Primarina|55/100 brn|[from] brn\n|-fieldend|move: Trick Room\n|upkeep\n|turn|8\n|\n|t:|1776043215\n|move|p2a: Rotom|Hydro Pump|p1b: Incineroar|[miss]\n|-miss|p2a: Rotom|p1b: Incineroar\n|move|p1a: Primarina|Moonblast|p2a: Rotom\n|-damage|p2a: Rotom|0 fnt\n|faint|p2a: Rotom\n|move|p2b: Sinistcha|Matcha Gotcha|p1b: Incineroar|[spread] p1a,p1b\n|-supereffective|p1a: Primarina|1\n|-resisted|p1b: Incineroar|1\n|-damage|p1a: Primarina|31/100 brn\n|-heal|p2b: Sinistcha|100/100|[from] drain|[of] p1a: Primarina\n|-damage|p1b: Incineroar|20/100\n|move|p1b: Incineroar|Flare Blitz|p2b: Sinistcha\n|-supereffective|p2b: Sinistcha|1\n|-damage|p2b: Sinistcha|6/100\n|-damage|p1b: Incineroar|0 fnt|[from] Recoil\n|faint|p1b: Incineroar\n|\n|-heal|p1a: Primarina|37/100 brn|[from] item: Leftovers\n|-damage|p1a: Primarina|31/100 brn|[from] brn\n|upkeep\n|\n|t:|1776043235\n|switch|p2a: Tyranitar|Tyranitar-Mega, L50, M|100/100\n|switch|p1b: Garchomp|Garchomp, L50, F|100/100\n|-weather|Sandstorm|[from] ability: Sand Stream|[of] p2a: Tyranitar\n|turn|9\n|\n|t:|1776043249\n|move|p1a: Primarina|Protect|p1a: Primarina\n|-singleturn|p1a: Primarina|Protect\n|move|p1b: Garchomp|Earthquake|p2b: Sinistcha|[spread] p2a,p2b\n|-activate|p1a: Primarina|move: Protect\n|-supereffective|p2a: Tyranitar|1\n|-resisted|p2b: Sinistcha|1\n|-damage|p2a: Tyranitar|48/100\n|-damage|p2b: Sinistcha|0 fnt\n|faint|p2b: Sinistcha\n|move|p2a: Tyranitar|Rock Slide|p1a: Primarina|[spread] p1b\n|-activate|p1a: Primarina|move: Protect\n|-resisted|p1b: Garchomp|1\n|-damage|p1b: Garchomp|82/100\n|\n|-weather|Sandstorm|[upkeep]\n|-damage|p1a: Primarina|25/100 brn|[from] Sandstorm\n|-heal|p1a: Primarina|31/100 brn|[from] item: Leftovers\n|-damage|p1a: Primarina|25/100 brn|[from] brn\n|upkeep\n|turn|10\n|-message|Ambrow forfeited.\n|\n|win|RuddyPk14\n|raw|RuddyPk14's rating: 1252 &rarr; <strong>1277</strong><br />(+25 for winning)\n|raw|Ambrow's rating: 1250 &rarr; <strong>1225</strong><br />(-25 for losing)\n|l|\u2606Ambrow\n|player|p2|\n|l|\u203dRuddyPk14\n|player|p1|\n",
  "uploadtime": 1776043291,
  "views": 43,
  "formatid": "gen9championsvgc2026regma",
  "rating": 1225,
  "private": 0,
  "password": null
}