{
  "id": "gen9championsvgc2026regma-2580591198",
  "format": "[Gen 9 Champions] VGC 2026 Reg M-A",
  "players": [
    "divra7",
    "LelBoii"
  ],
  "log": "|j|\u2606divra7\n|j|\u2606LelBoii\n|html|<table width=\"100%\"><tr><td align=\"left\">divra7</td><td align=\"right\">LelBoii</tr><tr><td align=\"left\"><i class=\"fa fa-circle-o\"></i> <i class=\"fa fa-circle-o\"></i> </td><td align=\"right\"><i class=\"fa fa-circle-o\"></i> <i class=\"fa fa-circle-o\"></i> </tr></table>\n|uhtml|bestof|<h2><strong>Game 1</strong> of <a href=\"/game-bestof3-gen9championsvgc2026regma-2580591197\">a best-of-3</a></h2>\n|t:|1775916045\n|gametype|doubles\n|player|p1|divra7|flannery|\n|player|p2|LelBoii|cynthia-gen4|\n|gen|9\n|tier|[Gen 9 Champions] VGC 2026 Reg M-A\n|rated|Tournament battle\n|rule|Species Clause: Limit one of each Pok\u00e9mon\n|rule|Item Clause: Limit 1 of each item\n|raw|<div class=\"infobox\"><details class=\"readmore\" open><summary><strong>2 custom rules:</strong></summary> Force Open Team Sheets, Best of = 3</details></div>\n|clearpoke\n|poke|p1|Floette-Eternal, L50, F|\n|poke|p1|Sinistcha, L50|\n|poke|p1|Garchomp, L50, F|\n|poke|p1|Talonflame, L50, M|\n|poke|p1|Rotom-Wash, L50|\n|poke|p1|Aegislash, L50, M|\n|poke|p2|Garchomp, L50, F|\n|poke|p2|Sneasler, L50, M|\n|poke|p2|Delphox, L50, M|\n|poke|p2|Gyarados, L50, F|\n|poke|p2|Whimsicott, L50, M|\n|poke|p2|Aegislash, L50, M|\n|teampreview|4\n|showteam|p1|Floette-Eternal||Floettite|FlowerVeil|LightofRuin,DazzlingGleam,Substitute,Protect|||F|||50|]Sinistcha||Leftovers|Hospitality|MatchaGotcha,RagePowder,Protect,LifeDew||||||50|]Garchomp||SoftSand|RoughSkin|Earthquake,StompingTantrum,StoneEdge,Protect|||F|||50|]Talonflame|||GaleWings|Acrobatics,FlareBlitz,Tailwind,Protect|||M|||50|]Rotom-Wash||SitrusBerry|Levitate|HydroPump,VoltSwitch,Thunderbolt,HelpingHand||||||50|]Aegislash||SpellTag|StanceChange|Poltergeist,ShadowSneak,IronHead,KingsShield|||M|||50|\n|showteam|p2|Garchomp||ChoiceScarf|RoughSkin|StompingTantrum,Earthquake,DragonClaw,RockSlide|||F|||50|]Sneasler||WhiteHerb|Pressure|Protect,FakeOut,DireClaw,CloseCombat|||M|||50|]Delphox||Delphoxite|Blaze|Protect,Encore,HeatWave,Psychic|||M|||50|]Gyarados||SitrusBerry|Intimidate|Protect,Taunt,Waterfall,Earthquake|||F|||50|]Whimsicott||FocusSash|Prankster|Protect,Tailwind,Encore,Moonblast|||M|||50|]Aegislash||Leftovers|StanceChange|KingsShield,FlashCannon,ShadowBall,ShadowSneak|||M|||50|\n|inactive|Battle timer is ON: inactive players will automatically lose when time's up. (requested by divra7)\n|inactive|divra7 has 60 seconds left.\n|inactive|LelBoii has 60 seconds left.\n|j| Tyrant Type\n|\n|t:|1775916106\n|teamsize|p1|4\n|teamsize|p2|4\n|start\n|switch|p1a: Talonflame|Talonflame, L50, M|100/100\n|switch|p1b: Garchomp|Garchomp, L50, F|100/100\n|switch|p2a: Aegislash|Aegislash, L50, M|100/100\n|switch|p2b: Gyarados|Gyarados, L50, F|100/100\n|-ability|p2b: Gyarados|Intimidate|boost\n|-unboost|p1a: Talonflame|atk|1\n|-unboost|p1b: Garchomp|atk|1\n|turn|1\n|inactive|divra7 has 30 seconds left.\n|inactive|LelBoii has 30 seconds left.\n|\n|t:|1775916145\n|switch|p2a: Garchomp|Garchomp, L50, F, shiny|100/100\n|move|p1a: Talonflame|Tailwind|p1a: Talonflame\n|-sidestart|p1: divra7|move: Tailwind\n|move|p1b: Garchomp|Stone Edge|p2b: Gyarados\n|-supereffective|p2b: Gyarados|1\n|-damage|p2b: Gyarados|49/100\n|-enditem|p2b: Gyarados|Sitrus Berry|[eat]\n|-heal|p2b: Gyarados|74/100|[from] item: Sitrus Berry\n|move|p2b: Gyarados|Waterfall|p1a: Talonflame\n|-supereffective|p1a: Talonflame|1\n|-damage|p1a: Talonflame|0 fnt\n|faint|p1a: Talonflame\n|\n|upkeep\n|\n|t:|1775916163\n|switch|p1a: Aegislash|Aegislash, L50, M|100/100\n|turn|2\n|inactive|divra7 has 30 seconds left.\n|\n|t:|1775916197\n|move|p1a: Aegislash|King's Shield|p1a: Aegislash\n|-singleturn|p1a: Aegislash|Protect\n|move|p1b: Garchomp|Earthquake|p2a: Garchomp|[spread] p2a\n|-activate|p1a: Aegislash|move: Protect\n|-immune|p2b: Gyarados\n|-crit|p2a: Garchomp\n|-damage|p2a: Garchomp|39/100\n|move|p2a: Garchomp|Earthquake|p1a: Aegislash|[spread] p1b\n|-activate|p1a: Aegislash|move: Protect\n|-immune|p2b: Gyarados\n|-damage|p1b: Garchomp|68/100\n|move|p2b: Gyarados|Waterfall|p1b: Garchomp\n|-damage|p1b: Garchomp|28/100\n|-damage|p2b: Gyarados|62/100|[from] ability: Rough Skin|[of] p1b: Garchomp\n|\n|upkeep\n|turn|3\n|inactive|divra7 has 30 seconds left.\n|inactive|LelBoii has 30 seconds left.\n|inactive|divra7 has 20 seconds left.\n|inactive|LelBoii has 20 seconds left.\n|j| Solanum\n|inactive|divra7 has 15 seconds left.\n|inactive|divra7 has 10 seconds left.\n|inactive|divra7 has 5 seconds left.\n|\n|t:|1775916249\n|switch|p2a: Aegislash|Aegislash, L50, M|100/100\n|move|p2b: Gyarados|Protect|p2b: Gyarados\n|-singleturn|p2b: Gyarados|Protect\n|move|p1b: Garchomp|Stone Edge|p2b: Gyarados\n|-activate|p2b: Gyarados|move: Protect\n|-formechange|p1a: Aegislash|Aegislash-Blade|\n|move|p1a: Aegislash|Poltergeist|p2a: Aegislash\n|-activate|p2a: Aegislash|move: Poltergeist|Leftovers\n|-supereffective|p2a: Aegislash|1\n|-damage|p2a: Aegislash|0 fnt\n|faint|p2a: Aegislash\n|\n|upkeep\n|\n|t:|1775916267\n|switch|p2a: Sneasler|Sneasler, L50, M|100/100\n|-ability|p2a: Sneasler|Pressure\n|turn|4\n|inactive|divra7 has 30 seconds left.\n|\n|t:|1775916300\n|move|p2a: Sneasler|Protect|p2a: Sneasler\n|-singleturn|p2a: Sneasler|Protect\n|move|p1b: Garchomp|Stone Edge|p2b: Gyarados\n|-supereffective|p2b: Gyarados|1\n|-crit|p2b: Gyarados\n|-damage|p2b: Gyarados|0 fnt\n|faint|p2b: Gyarados\n|move|p1a: Aegislash|Poltergeist|p2a: Sneasler\n|-activate|p2a: Sneasler|move: Protect\n|\n|-sideend|p1: divra7|move: Tailwind\n|upkeep\n|\n|t:|1775916310\n|switch|p2b: Garchomp|Garchomp, L50, F, shiny|39/100\n|turn|5\n|inactive|divra7 has 30 seconds left.\n|inactive|divra7 has 20 seconds left.\n|inactive|divra7 has 15 seconds left.\n|\n|t:|1775916353\n|-formechange|p1a: Aegislash|Aegislash|\n|move|p1a: Aegislash|King's Shield|p1a: Aegislash\n|-singleturn|p1a: Aegislash|Protect\n|move|p2b: Garchomp|Stomping Tantrum|p1a: Aegislash\n|-activate|p1a: Aegislash|move: Protect\n|-unboost|p2b: Garchomp|atk|1\n|move|p2a: Sneasler|Close Combat|p1b: Garchomp\n|-damage|p1b: Garchomp|0 fnt\n|-unboost|p2a: Sneasler|def|1\n|-unboost|p2a: Sneasler|spd|1\n|-damage|p2a: Sneasler|88/100|[from] ability: Rough Skin|[of] p1b: Garchomp\n|faint|p1b: Garchomp\n|-enditem|p2a: Sneasler|White Herb\n|-clearnegativeboost|p2a: Sneasler|[silent]\n|\n|upkeep\n|\n|t:|1775916367\n|switch|p1b: Floette|Floette-Eternal, L50, F|100/100\n|turn|6\n|l| Tyrant Type\n|\n|t:|1775916387\n|detailschange|p1b: Floette|Floette-Mega, L50, F\n|-mega|p1b: Floette|Floette|Floettite\n|-ability|p1b: Floette|Fairy Aura\n|-formechange|p1a: Aegislash|Aegislash-Blade|\n|move|p1a: Aegislash|Shadow Sneak|p2b: Garchomp\n|-damage|p2b: Garchomp|14/100\n|-damage|p1a: Aegislash|89/100|[from] ability: Rough Skin|[of] p2b: Garchomp\n|move|p2b: Garchomp|Stomping Tantrum|p1a: Aegislash\n|-supereffective|p1a: Aegislash|1\n|-damage|p1a: Aegislash|0 fnt\n|faint|p1a: Aegislash\n|move|p2a: Sneasler|Dire Claw|p1b: Floette\n|-supereffective|p1b: Floette|1\n|-damage|p1b: Floette|0 fnt\n|faint|p1b: Floette\n|\n|win|LelBoii\n",
  "uploadtime": 1775916387,
  "views": 11,
  "formatid": "gen9championsvgc2026regma",
  "rating": null,
  "private": 0,
  "password": null
}