{
  "id": "gen9championsvgc2026regma-2586311593",
  "format": "[Gen 9 Champions] VGC 2026 Reg M-A",
  "players": [
    "storm93ita",
    "Eppendorf5mL"
  ],
  "log": "|j|\u2606storm93ita\n|j|\u2606Eppendorf5mL\n|t:|1776424088\n|gametype|doubles\n|player|p1|storm93ita|volkner|1102\n|player|p2|Eppendorf5mL|blackbelt-gen4dp|1135\n|gen|9\n|tier|[Gen 9 Champions] VGC 2026 Reg M-A\n|rated|\n|rule|Species Clause: Limit one of each Pok\u00e9mon\n|rule|Item Clause: Limit 1 of each item\n|clearpoke\n|poke|p1|Dragonite, L50, F|\n|poke|p1|Basculegion, L50, M|\n|poke|p1|Archaludon, L50, F|\n|poke|p1|Meganium, L50, M|\n|poke|p1|Sneasler, L50, F|\n|poke|p1|Pelipper, L50, M|\n|poke|p2|Incineroar, L50, F|\n|poke|p2|Gengar, L50, F|\n|poke|p2|Sinistcha, L50|\n|poke|p2|Kingambit, L50, M|\n|poke|p2|Tyranitar, L50, M|\n|poke|p2|Kommo-o, L50, M|\n|teampreview|4\n|inactive|Battle timer is ON: inactive players will automatically lose when time's up. (requested by Eppendorf5mL)\n|\n|t:|1776424098\n|teamsize|p1|4\n|teamsize|p2|4\n|start\n|switch|p1a: Pelipper|Pelipper, L50, M|100/100\n|switch|p1b: Dragonite|Dragonite, L50, F|100/100\n|switch|p2a: Kommo-o|Kommo-o, L50, M|100/100\n|switch|p2b: Incineroar|Incineroar, L50, F|100/100\n|-weather|RainDance|[from] ability: Drizzle|[of] p1a: Pelipper\n|-ability|p2b: Incineroar|Intimidate|boost\n|-unboost|p1a: Pelipper|atk|1\n|-unboost|p1b: Dragonite|atk|1\n|turn|1\n|\n|t:|1776424121\n|move|p1b: Dragonite|Protect|p1b: Dragonite\n|-singleturn|p1b: Dragonite|Protect\n|move|p1a: Pelipper|Protect|p1a: Pelipper\n|-singleturn|p1a: Pelipper|Protect\n|move|p2b: Incineroar|Fake Out|p1b: Dragonite\n|-activate|p1b: Dragonite|move: Protect\n|move|p2a: Kommo-o|Clanging Scales|p1b: Dragonite|[spread] \n|-activate|p1a: Pelipper|move: Protect\n|-activate|p1b: Dragonite|move: Protect\n|\n|-weather|RainDance|[upkeep]\n|upkeep\n|turn|2\n|\n|t:|1776424139\n|detailschange|p1b: Dragonite|Dragonite-Mega, L50, F\n|-mega|p1b: Dragonite|Dragonite|Dragoninite\n|move|p1b: Dragonite|Hurricane|p2a: Kommo-o\n|-supereffective|p2a: Kommo-o|1\n|-damage|p2a: Kommo-o|0 fnt\n|faint|p2a: Kommo-o\n|move|p1a: Pelipper|Tailwind|p1a: Pelipper\n|-sidestart|p1: storm93ita|move: Tailwind\n|move|p2b: Incineroar|Parting Shot|p1b: Dragonite\n|-unboost|p1b: Dragonite|atk|1\n|-unboost|p1b: Dragonite|spa|1\n|\n|t:|1776424148\n|switch|p2b: Gengar|Gengar, L50, F|100/100|[from] Parting Shot\n|\n|-weather|RainDance|[upkeep]\n|upkeep\n|\n|t:|1776424152\n|switch|p2a: Sinistcha|Sinistcha, L50|100/100\n|turn|3\n|\n|t:|1776424161\n|switch|p1b: Basculegion|Basculegion, L50, M|100/100\n|detailschange|p2b: Gengar|Gengar-Mega, L50, F\n|-mega|p2b: Gengar|Gengar|Gengarite\n|move|p2a: Sinistcha|Rage Powder|p2a: Sinistcha\n|-singleturn|p2a: Sinistcha|move: Rage Powder\n|move|p2b: Gengar|Perish Song|p2b: Gengar\n|-start|p1a: Pelipper|perish3|[silent]\n|-start|p1b: Basculegion|perish3|[silent]\n|-start|p2a: Sinistcha|perish3|[silent]\n|-start|p2b: Gengar|perish3|[silent]\n|-fieldactivate|move: Perish Song\n|move|p1a: Pelipper|Hurricane|p2a: Sinistcha\n|-supereffective|p2a: Sinistcha|1\n|-damage|p2a: Sinistcha|29/100\n|-start|p2a: Sinistcha|confusion\n|-enditem|p2a: Sinistcha|Sitrus Berry|[eat]\n|-heal|p2a: Sinistcha|54/100|[from] item: Sitrus Berry\n|\n|-weather|RainDance|[upkeep]\n|-start|p1b: Basculegion|perish3\n|-start|p2b: Gengar|perish3\n|-start|p1a: Pelipper|perish3\n|-start|p2a: Sinistcha|perish3\n|upkeep\n|turn|4\n|\n|t:|1776424185\n|move|p2b: Gengar|Protect|p2b: Gengar\n|-singleturn|p2b: Gengar|Protect\n|move|p1b: Basculegion|Last Respects|p2b: Gengar\n|-activate|p2b: Gengar|move: Protect\n|move|p1a: Pelipper|Hurricane|p2b: Gengar\n|-activate|p2b: Gengar|move: Protect\n|-activate|p2a: Sinistcha|confusion\n|move|p2a: Sinistcha|Matcha Gotcha|p1a: Pelipper|[spread] p1a,p1b\n|-supereffective|p1b: Basculegion|1\n|-damage|p1a: Pelipper|74/100\n|-heal|p2a: Sinistcha|65/100|[from] drain|[of] p1a: Pelipper\n|-damage|p1b: Basculegion|48/100\n|-heal|p2a: Sinistcha|95/100|[from] drain|[of] p1b: Basculegion\n|\n|-weather|RainDance|[upkeep]\n|-start|p1b: Basculegion|perish2\n|-start|p2b: Gengar|perish2\n|-start|p1a: Pelipper|perish2\n|-start|p2a: Sinistcha|perish2\n|upkeep\n|turn|5\n|\n|t:|1776424208\n|move|p1b: Basculegion|Last Respects|p2b: Gengar\n|-supereffective|p2b: Gengar|1\n|-damage|p2b: Gengar|38/100\n|move|p2b: Gengar|Shadow Ball|p1b: Basculegion\n|-supereffective|p1b: Basculegion|1\n|-damage|p1b: Basculegion|0 fnt\n|faint|p1b: Basculegion\n|move|p1a: Pelipper|Hurricane|p2b: Gengar\n|-damage|p2b: Gengar|0 fnt\n|faint|p2b: Gengar\n|-activate|p2a: Sinistcha|confusion\n|move|p2a: Sinistcha|Matcha Gotcha|p1a: Pelipper\n|-damage|p1a: Pelipper|35/100\n|-heal|p2a: Sinistcha|100/100|[from] drain|[of] p1a: Pelipper\n|\n|-weather|none\n|-start|p1a: Pelipper|perish1\n|-start|p2a: Sinistcha|perish1\n|-sideend|p1: storm93ita|move: Tailwind\n|upkeep\n|\n|t:|1776424227\n|switch|p2b: Incineroar|Incineroar, L50, F|100/100\n|switch|p1b: Dragonite|Dragonite-Mega, L50, F|100/100\n|-ability|p2b: Incineroar|Intimidate|boost\n|-unboost|p1a: Pelipper|atk|1\n|-unboost|p1b: Dragonite|atk|1\n|turn|6\n|-message|Eppendorf5mL forfeited.\n|\n|win|storm93ita\n|raw|storm93ita's rating: 1102 &rarr; <strong>1129</strong><br />(+27 for winning)\n|raw|Eppendorf5mL's rating: 1135 &rarr; <strong>1108</strong><br />(-27 for losing)\n|l|\u2606Eppendorf5mL\n|player|p2|\n",
  "uploadtime": 1776424234,
  "views": 33,
  "formatid": "gen9championsvgc2026regma",
  "rating": 1108,
  "private": 0,
  "password": null
}