{
  "id": "gen9championsvgc2026regma-2587155849",
  "format": "[Gen 9 Champions] VGC 2026 Reg M-A",
  "players": [
    "seattleseadrasfpl",
    "MiraidonGaming"
  ],
  "log": "|j|\u2606seattleseadrasfpl\n|j|\u2606MiraidonGaming\n|t:|1776501619\n|gametype|doubles\n|player|p1|seattleseadrasfpl|fisherman-gen4|1374\n|player|p2|MiraidonGaming|lucas|1317\n|gen|9\n|tier|[Gen 9 Champions] VGC 2026 Reg M-A\n|rated|\n|rule|Species Clause: Limit one of each Pok\u00e9mon\n|rule|Item Clause: Limit 1 of each item\n|clearpoke\n|poke|p1|Pelipper, L50, M|\n|poke|p1|Archaludon, L50, F|\n|poke|p1|Blastoise, L50, M|\n|poke|p1|Scizor, L50, F|\n|poke|p1|Sinistcha, L50|\n|poke|p1|Sneasler, L50, M|\n|poke|p2|Typhlosion-Hisui, L50, M|\n|poke|p2|Charizard, L50, F|\n|poke|p2|Liepard, L50, M|\n|poke|p2|Venusaur, L50, M|\n|poke|p2|Quaquaval, L50, F|\n|poke|p2|Weavile, L50, F|\n|teampreview|4\n|inactive|Battle timer is ON: inactive players will automatically lose when time's up. (requested by seattleseadrasfpl)\n|\n|t:|1776501649\n|teamsize|p1|4\n|teamsize|p2|4\n|start\n|switch|p1a: Blastoise|Blastoise, L50, M|100/100\n|switch|p1b: Sneasler|Sneasler, L50, M|100/100\n|switch|p2a: Typhlosion|Typhlosion-Hisui, L50, M|100/100\n|switch|p2b: Charizard|Charizard, L50, F|100/100\n|-item|p1a: Blastoise|Blastoisinite|[from] ability: Frisk|[of] p2a: Typhlosion\n|-item|p1b: Sneasler|White Herb|[from] ability: Frisk|[of] p2a: Typhlosion\n|turn|1\n|\n|t:|1776501670\n|switch|p2b: Quaquaval|Quaquaval, L50, F|100/100\n|detailschange|p1a: Blastoise|Blastoise-Mega, L50, M\n|-mega|p1a: Blastoise|Blastoise|Blastoisinite\n|move|p1b: Sneasler|Fake Out|p2b: Quaquaval\n|-damage|p2b: Quaquaval|80/100\n|move|p2a: Typhlosion|Eruption|p1a: Blastoise|[spread] p1a,p1b\n|-resisted|p1a: Blastoise|1\n|-crit|p1b: Sneasler\n|-damage|p1a: Blastoise|72/100\n|-damage|p1b: Sneasler|0 fnt\n|faint|p1b: Sneasler\n|move|p1a: Blastoise|Shell Smash|p1a: Blastoise\n|-unboost|p1a: Blastoise|def|1\n|-unboost|p1a: Blastoise|spd|1\n|-boost|p1a: Blastoise|atk|2\n|-boost|p1a: Blastoise|spa|2\n|-boost|p1a: Blastoise|spe|2\n|\n|upkeep\n|\n|t:|1776501692\n|switch|p1b: Sinistcha|Sinistcha, L50|100/100\n|-heal|p1a: Blastoise|97/100|[from] ability: Hospitality|[of] p1b: Sinistcha\n|turn|2\n|\n|t:|1776501698\n|move|p1b: Sinistcha|Rage Powder|p1b: Sinistcha\n|-singleturn|p1b: Sinistcha|move: Rage Powder\n|move|p1a: Blastoise|Dark Pulse|p2a: Typhlosion\n|-supereffective|p2a: Typhlosion|1\n|-damage|p2a: Typhlosion|0 fnt\n|faint|p2a: Typhlosion\n|move|p2b: Quaquaval|Close Combat|p1b: Sinistcha\n|-immune|p1b: Sinistcha\n|\n|upkeep\n|\n|t:|1776501706\n|switch|p2a: Charizard|Charizard, L50, F|100/100\n|turn|3\n|\n|t:|1776501722\n|detailschange|p2a: Charizard|Charizard-Mega-Y, L50, F\n|-mega|p2a: Charizard|Charizard|Charizardite Y\n|-weather|SunnyDay|[from] ability: Drought|[of] p2a: Charizard\n|move|p1a: Blastoise|Protect|p1a: Blastoise\n|-singleturn|p1a: Blastoise|Protect\n|move|p1b: Sinistcha|Protect|p1b: Sinistcha\n|-singleturn|p1b: Sinistcha|Protect\n|move|p2a: Charizard|Heat Wave|p1a: Blastoise|[spread] \n|-activate|p1a: Blastoise|move: Protect\n|-activate|p1b: Sinistcha|move: Protect\n|move|p2b: Quaquaval|Aqua Step|p1a: Blastoise\n|-activate|p1a: Blastoise|move: Protect\n|\n|-weather|SunnyDay|[upkeep]\n|upkeep\n|turn|4\n|\n|t:|1776501747\n|switch|p1b: Pelipper|Pelipper, L50, M|100/100\n|-weather|RainDance|[from] ability: Drizzle|[of] p1b: Pelipper\n|move|p1a: Blastoise|Water Pulse|p2b: Quaquaval\n|-resisted|p2b: Quaquaval|1\n|-damage|p2b: Quaquaval|0 fnt\n|faint|p2b: Quaquaval\n|move|p2a: Charizard|Heat Wave|p1a: Blastoise|[spread] p1a,p1b\n|-resisted|p1a: Blastoise|1\n|-resisted|p1b: Pelipper|1\n|-damage|p1a: Blastoise|81/100\n|-damage|p1b: Pelipper|83/100\n|-status|p1b: Pelipper|brn\n|\n|-weather|RainDance|[upkeep]\n|-damage|p1b: Pelipper|77/100 brn|[from] brn\n|upkeep\n|\n|t:|1776501754\n|switch|p2b: Kota|Liepard, L50, M|100/100\n|turn|5\n|inactive|seattleseadrasfpl has 30 seconds left.\n|\n|t:|1776501784\n|switch|p1b: Sinistcha|Sinistcha, L50|100/100\n|-heal|p1a: Blastoise|100/100|[from] ability: Hospitality|[of] p1b: Sinistcha\n|move|p1a: Blastoise|Protect|p1a: Blastoise\n|-singleturn|p1a: Blastoise|Protect\n|move|p2b: Kota|Fake Out|p1a: Blastoise\n|-activate|p1a: Blastoise|move: Protect\n|move|p2a: Charizard|Hurricane|p1b: Sinistcha\n|-supereffective|p1b: Sinistcha|1\n|-damage|p1b: Sinistcha|0 fnt\n|faint|p1b: Sinistcha\n|\n|-weather|RainDance|[upkeep]\n|upkeep\n|\n|t:|1776501796\n|switch|p1b: Pelipper|Pelipper, L50, M|77/100 brn\n|turn|6\n|\n|t:|1776501805\n|move|p2b: Kota|Encore|p1a: Blastoise\n|-start|p1a: Blastoise|Encore\n|move|p1a: Blastoise|Protect||[still]\n|-fail|p1a: Blastoise\n|move|p2a: Charizard|Hurricane|p1b: Pelipper\n|-damage|p1b: Pelipper|0 fnt\n|faint|p1b: Pelipper\n|\n|-weather|RainDance|[upkeep]\n|upkeep\n|turn|7\n|\n|t:|1776501815\n|move|p1a: Blastoise|Protect|p1a: Blastoise\n|-singleturn|p1a: Blastoise|Protect\n|move|p2b: Kota|Thunder Wave|p1a: Blastoise\n|-activate|p1a: Blastoise|move: Protect\n|move|p2a: Charizard|Hurricane|p1a: Blastoise\n|-activate|p1a: Blastoise|move: Protect\n|\n|-weather|RainDance|[upkeep]\n|upkeep\n|turn|8\n|\n|t:|1776501819\n|move|p1a: Blastoise|Protect|p1a: Blastoise\n|-singleturn|p1a: Blastoise|Protect\n|move|p2b: Kota|Thunder Wave|p1a: Blastoise\n|-activate|p1a: Blastoise|move: Protect\n|move|p2a: Charizard|Hurricane|p1a: Blastoise\n|-activate|p1a: Blastoise|move: Protect\n|\n|-weather|none\n|-end|p1a: Blastoise|Encore\n|upkeep\n|turn|9\n|\n|t:|1776501826\n|move|p2b: Kota|Encore|p1a: Blastoise\n|-start|p1a: Blastoise|Encore\n|move|p1a: Blastoise|Protect||[still]\n|-fail|p1a: Blastoise\n|move|p2a: Charizard|Hurricane|p1a: Blastoise\n|-damage|p1a: Blastoise|0 fnt\n|faint|p1a: Blastoise\n|\n|win|MiraidonGaming\n|raw|seattleseadrasfpl's rating: 1374 &rarr; <strong>1351</strong><br />(-23 for losing)\n|raw|MiraidonGaming's rating: 1317 &rarr; <strong>1340</strong><br />(+23 for winning)\n|l|\u2606seattleseadrasfpl\n|player|p1|\n",
  "uploadtime": 1776501836,
  "views": 22,
  "formatid": "gen9championsvgc2026regma",
  "rating": 1340,
  "private": 0,
  "password": null
}