{
  "id": "gen9championsvgc2026regma-2585468382",
  "format": "[Gen 9 Champions] VGC 2026 Reg M-A",
  "players": [
    "Jeremykhoo",
    "abud00"
  ],
  "log": "|j|\u2606Jeremykhoo\n|j|\u2606abud00\n|t:|1776349311\n|gametype|doubles\n|player|p1|Jeremykhoo|266|1100\n|player|p2|abud00|bruno|1022\n|gen|9\n|tier|[Gen 9 Champions] VGC 2026 Reg M-A\n|rated|\n|rule|Species Clause: Limit one of each Pok\u00e9mon\n|rule|Item Clause: Limit 1 of each item\n|clearpoke\n|poke|p1|Tyranitar, L50, M|\n|poke|p1|Whimsicott, L50, M|\n|poke|p1|Aggron, L50, F|\n|poke|p1|Drampa, L50, M|\n|poke|p1|Sylveon, L50, M|\n|poke|p1|Arcanine, L50, F|\n|poke|p2|Gengar, L50, M|\n|poke|p2|Corviknight, L50, M|\n|poke|p2|Arcanine, L50, F|\n|poke|p2|Conkeldurr, L50, M|\n|poke|p2|Tyranitar, L50, M|\n|poke|p2|Dragapult, L50, F|\n|teampreview|4\n|inactive|Battle timer is ON: inactive players will automatically lose when time's up. (requested by abud00)\nabud00 rejected open team sheets.\n|\n|t:|1776349389\n|teamsize|p1|4\n|teamsize|p2|4\n|start\n|switch|p1a: Whimsicott|Whimsicott, L50, M|100/100\n|switch|p1b: Aggron|Aggron, L50, F|100/100\n|switch|p2a: Corviknight|Corviknight, L50, M, shiny|100/100\n|switch|p2b: Tyranitar|Tyranitar, L50, M|100/100\n|-weather|Sandstorm|[from] ability: Sand Stream|[of] p2b: Tyranitar\n|turn|1\n|inactive|Jeremykhoo has 30 seconds left.\n|inactive|abud00 has 30 seconds left.\n|inactive|abud00 has 20 seconds left.\n|inactive|abud00 has 15 seconds left.\n|inactive|abud00 has 10 seconds left.\n|\n|t:|1776349437\n|switch|p1a: Tyranitar|Tyranitar, L50, M|100/100\n|detailschange|p1b: Aggron|Aggron-Mega, L50, F\n|-mega|p1b: Aggron|Aggron|Aggronite\n|move|p2b: Tyranitar|Earthquake|p1b: Aggron|[spread] p1a,p1b\n|-immune|p2a: Corviknight\n|-supereffective|p1a: Tyranitar|1\n|-supereffective|p1b: Aggron|1\n|-damage|p1a: Tyranitar|53/100\n|-damage|p1b: Aggron|81/100\n|move|p2a: Corviknight|Tailwind|p2a: Corviknight\n|-sidestart|p2: abud00|move: Tailwind\n|move|p1b: Aggron|Iron Defense|p1b: Aggron\n|-boost|p1b: Aggron|def|2\n|\n|-weather|Sandstorm|[upkeep]\n|upkeep\n|turn|2\n|inactive|Jeremykhoo has 30 seconds left.\n|inactive|Jeremykhoo has 20 seconds left.\n|\n|t:|1776349473\n|switch|p1a: Whimsicott|Whimsicott, L50, M|100/100\n|move|p2b: Tyranitar|Earthquake|p1a: Whimsicott|[spread] p1a,p1b\n|-immune|p2a: Corviknight\n|-resisted|p1a: Whimsicott|1\n|-supereffective|p1b: Aggron|1\n|-damage|p1a: Whimsicott|85/100\n|-damage|p1b: Aggron|72/100\n|move|p2a: Corviknight|Body Press|p1b: Aggron\n|-supereffective|p1b: Aggron|1\n|-damage|p1b: Aggron|64/100\n|move|p1b: Aggron|Body Press|p2b: Tyranitar\n|-supereffective|p2b: Tyranitar|2\n|-damage|p2b: Tyranitar|0 fnt\n|faint|p2b: Tyranitar\n|\n|-weather|Sandstorm|[upkeep]\n|-damage|p1a: Whimsicott|79/100|[from] Sandstorm\n|upkeep\n|\n|t:|1776349490\n|switch|p2b: Gengar|Gengar, L50, M, shiny|100/100\n|turn|3\n|\n|t:|1776349514\n|detailschange|p2b: Gengar|Gengar-Mega, L50, M, shiny\n|-mega|p2b: Gengar|Gengar|Gengarite\n|move|p1a: Whimsicott|Tailwind|p1a: Whimsicott\n|-sidestart|p1: Jeremykhoo|move: Tailwind\n|move|p2b: Gengar|Will-O-Wisp|p1b: Aggron|[miss]\n|-miss|p2b: Gengar|p1b: Aggron\n|move|p2a: Corviknight|Brave Bird|p1a: Whimsicott\n|-supereffective|p1a: Whimsicott|1\n|-damage|p1a: Whimsicott|0 fnt\n|faint|p1a: Whimsicott\n|-damage|p2a: Corviknight|78/100|[from] Recoil\n|move|p1b: Aggron|Body Press|p2a: Corviknight\n|-damage|p2a: Corviknight|15/100\n|\n|-weather|Sandstorm|[upkeep]\n|-damage|p2b: Gengar|95/100|[from] Sandstorm\n|-heal|p2a: Corviknight|20/100|[from] item: Leftovers\n|upkeep\n|\n|t:|1776349530\n|switch|p1a: Tyranitar|Tyranitar, L50, M|53/100\n|turn|4\n|\n|t:|1776349540\n|move|p1b: Aggron|Protect|p1b: Aggron\n|-singleturn|p1b: Aggron|Protect\n|move|p2b: Gengar|Will-O-Wisp|p1b: Aggron\n|-activate|p1b: Aggron|move: Protect\n|move|p1a: Tyranitar|Rock Slide|p2a: Corviknight|[spread] p2a,p2b\n|-damage|p2a: Corviknight|0 fnt\n|-damage|p2b: Gengar|56/100\n|faint|p2a: Corviknight\n|\n|-weather|Sandstorm|[upkeep]\n|-damage|p2b: Gengar|50/100|[from] Sandstorm\n|-sideend|p2: abud00|move: Tailwind\n|upkeep\n|\n|t:|1776349552\n|switch|p2a: Conkeldurr|Conkeldurr, L50, M|100/100\n|turn|5\n|\n|t:|1776349571\n|move|p2a: Conkeldurr|Mach Punch|p1a: Tyranitar\n|-supereffective|p1a: Tyranitar|2\n|-damage|p1a: Tyranitar|0 fnt\n|faint|p1a: Tyranitar\n|move|p2b: Gengar|Will-O-Wisp|p1b: Aggron\n|-status|p1b: Aggron|brn\n|move|p1b: Aggron|Heavy Slam|p2b: Gengar\n|-damage|p2b: Gengar|15/100\n|\n|-weather|none\n|-damage|p1b: Aggron|58/100 brn|[from] brn\n|upkeep\n|\n|t:|1776349582\n|switch|p1a: Sylveon|Sylveon, L50, M|100/100\n|turn|6\n|\n|t:|1776349595\n|move|p2b: Gengar|Protect|p2b: Gengar\n|-singleturn|p2b: Gengar|Protect\n|move|p2a: Conkeldurr|Protect|p2a: Conkeldurr\n|-singleturn|p2a: Conkeldurr|Protect\n|move|p1a: Sylveon|Hyper Voice|p2a: Conkeldurr|[spread] \n|-activate|p2a: Conkeldurr|move: Protect\n|-activate|p2b: Gengar|move: Protect\n|move|p1b: Aggron|Body Press|p2a: Conkeldurr\n|-activate|p2a: Conkeldurr|move: Protect\n|\n|-damage|p1b: Aggron|51/100 brn|[from] brn\n|-sideend|p1: Jeremykhoo|move: Tailwind\n|upkeep\n|turn|7\n|inactive|abud00 has 30 seconds left.\n|inactive|abud00 has 20 seconds left.\n|\n|t:|1776349631\n|move|p1a: Sylveon|Quick Attack|p2b: Gengar\n|-resisted|p2b: Gengar|1\n|-damage|p2b: Gengar|8/100\n|move|p2b: Gengar|Shadow Ball|p1a: Sylveon\n|-damage|p1a: Sylveon|67/100\n|move|p1b: Aggron|Heavy Slam|p2b: Gengar\n|-damage|p2b: Gengar|0 fnt\n|faint|p2b: Gengar\n|move|p2a: Conkeldurr|Drain Punch|p1a: Sylveon\n|-resisted|p1a: Sylveon|1\n|-damage|p1a: Sylveon|33/100\n|\n|-damage|p1b: Aggron|45/100 brn|[from] brn\n|upkeep\n|turn|8\n|\n|t:|1776349650\n|move|p1a: Sylveon|Hyper Voice|p2a: Conkeldurr\n|-supereffective|p2a: Conkeldurr|1\n|-damage|p2a: Conkeldurr|0 fnt\n|faint|p2a: Conkeldurr\n|\n|win|Jeremykhoo\n|raw|Jeremykhoo's rating: 1100 &rarr; <strong>1119</strong><br />(+19 for winning)\n|raw|abud00's rating: 1022 &rarr; <strong>1012</strong><br />(-10 for losing)\n|l|\u2606abud00\n|player|p2|\n",
  "uploadtime": 1776349657,
  "views": 27,
  "formatid": "gen9championsvgc2026regma",
  "rating": 1012,
  "private": 0,
  "password": null
}