{
  "id": "gen9championsvgc2026regma-2585193179",
  "format": "[Gen 9 Champions] VGC 2026 Reg M-A",
  "players": [
    "piedidiconkeldurr",
    "wcsnmv"
  ],
  "log": "|j|\u2606piedidiconkeldurr\n|j|\u2606wcsnmv\n|t:|1776323333\n|gametype|doubles\n|player|p1|piedidiconkeldurr|2|1391\n|player|p2|wcsnmv|101|1335\n|gen|9\n|tier|[Gen 9 Champions] VGC 2026 Reg M-A\n|rated|\n|rule|Species Clause: Limit one of each Pok\u00e9mon\n|rule|Item Clause: Limit 1 of each item\n|clearpoke\n|poke|p1|Corviknight, L50, M|\n|poke|p1|Tyranitar, L50, F|\n|poke|p1|Incineroar, L50, F|\n|poke|p1|Rotom-Wash, L50|\n|poke|p1|Garchomp, L50, M|\n|poke|p1|Sinistcha, L50|\n|poke|p2|Charizard, L50, F|\n|poke|p2|Sinistcha, L50|\n|poke|p2|Milotic, L50, M|\n|poke|p2|Sneasler, L50, F|\n|poke|p2|Tyranitar, L50, F|\n|poke|p2|Medicham, L50, F|\n|teampreview|4\n|inactive|Battle timer is ON: inactive players will automatically lose when time's up. (requested by wcsnmv)\n|\n|t:|1776323390\n|teamsize|p1|4\n|teamsize|p2|4\n|start\n|switch|p1a: Garchomp|Garchomp, L50, M|100/100\n|switch|p1b: Rotom|Rotom-Wash, L50|100/100\n|switch|p2a: Milotic|Milotic, L50, M|100/100\n|switch|p2b: Sneasler|Sneasler, L50, F|100/100\n|turn|1\n|j| sbpkshowdown\n|\n|t:|1776323413\n|switch|p1a: Tyranitar|Tyranitar, L50, F|100/100\n|-weather|Sandstorm|[from] ability: Sand Stream|[of] p1a: Tyranitar\n|move|p1b: Rotom|Volt Switch|p2a: Milotic\n|-supereffective|p2a: Milotic|1\n|-damage|p2a: Milotic|47/100\n|c|\u2606wcsnmv|sbpkshowdown\n|\n|t:|1776323424\n|switch|p1b: Sinistcha|Sinistcha, L50|100/100|[from] Volt Switch\n|move|p2b: Sneasler|Close Combat|p1b: Sinistcha\n|-immune|p1b: Sinistcha\n|move|p2a: Milotic|Icy Wind|p1a: Tyranitar|[spread] p1a,p1b\n|-supereffective|p1b: Sinistcha|1\n|-damage|p1a: Tyranitar|95/100\n|-damage|p1b: Sinistcha|72/100\n|-unboost|p1a: Tyranitar|spe|1\n|-unboost|p1b: Sinistcha|spe|1\n|\n|-weather|Sandstorm|[upkeep]\n|-damage|p2b: Sneasler|95/100|[from] Sandstorm\n|-damage|p2a: Milotic|41/100|[from] Sandstorm\n|-damage|p1b: Sinistcha|66/100|[from] Sandstorm\n|-heal|p2a: Milotic|47/100|[from] item: Leftovers\n|upkeep\n|turn|2\n|inactive|piedidiconkeldurr has 30 seconds left.\n|inactive|piedidiconkeldurr has 20 seconds left.\n|inactive|piedidiconkeldurr has 15 seconds left.\n|\n|t:|1776323466\n|switch|p2b: Sinistcha|Sinistcha, L50|100/100\n|-heal|p2a: Milotic|72/100|[from] ability: Hospitality|[of] p2b: Sinistcha\n|detailschange|p1a: Tyranitar|Tyranitar-Mega, L50, F\n|-mega|p1a: Tyranitar|Tyranitar|Tyranitarite\n|move|p1b: Sinistcha|Rage Powder|p1b: Sinistcha\n|-singleturn|p1b: Sinistcha|move: Rage Powder\n|move|p2a: Milotic|Coil|p2a: Milotic\n|-boost|p2a: Milotic|atk|1\n|-boost|p2a: Milotic|def|1\n|-boost|p2a: Milotic|accuracy|1\n|move|p1a: Tyranitar|Crunch|p2a: Milotic\n|-damage|p2a: Milotic|47/100\n|\n|-weather|Sandstorm|[upkeep]\n|-damage|p2a: Milotic|41/100|[from] Sandstorm\n|-damage|p2b: Sinistcha|95/100|[from] Sandstorm\n|-damage|p1b: Sinistcha|60/100|[from] Sandstorm\n|-heal|p2a: Milotic|47/100|[from] item: Leftovers\n|upkeep\n|turn|3\n|\n|t:|1776323486\n|move|p2a: Milotic|Muddy Water|p1a: Tyranitar|[spread] p1a,p1b\n|-supereffective|p1a: Tyranitar|1\n|-resisted|p1b: Sinistcha|1\n|-damage|p1a: Tyranitar|72/100\n|-damage|p1b: Sinistcha|46/100\n|-unboost|p1a: Tyranitar|accuracy|1\n|-enditem|p1b: Sinistcha|Sitrus Berry|[eat]\n|-heal|p1b: Sinistcha|71/100|[from] item: Sitrus Berry\n|move|p2b: Sinistcha|Life Dew|p2b: Sinistcha|[spread] p2a,p2b\n|-heal|p2a: Milotic|72/100\n|-heal|p2b: Sinistcha|100/100\n|move|p1a: Tyranitar|Rock Slide|p2a: Milotic|[spread] p2a\n|-miss|p1a: Tyranitar|p2b: Sinistcha\n|-damage|p2a: Milotic|53/100\n|move|p1b: Sinistcha|Matcha Gotcha|p2b: Sinistcha|[spread] p2a\n|-miss|p1b: Sinistcha|p2b: Sinistcha\n|-supereffective|p2a: Milotic|1\n|-damage|p2a: Milotic|2/100\n|-heal|p1b: Sinistcha|97/100|[from] drain|[of] p2a: Milotic\n|\n|-weather|Sandstorm|[upkeep]\n|-damage|p2a: Milotic|0 fnt|[from] Sandstorm\n|-damage|p2b: Sinistcha|95/100|[from] Sandstorm\n|-damage|p1b: Sinistcha|90/100|[from] Sandstorm\n|faint|p2a: Milotic\n|upkeep\n|\n|t:|1776323509\n|switch|p2a: Charizard|Charizard, L50, F|100/100\n|turn|4\n|\n|t:|1776323530\n|switch|p1a: Garchomp|Garchomp, L50, M|100/100\n|switch|p1b: Rotom|Rotom-Wash, L50|100/100\n|detailschange|p2a: Charizard|Charizard-Mega-X, L50, F\n|-mega|p2a: Charizard|Charizard|Charizardite X\n|move|p2a: Charizard|Swords Dance|p2a: Charizard\n|-boost|p2a: Charizard|atk|2\n|move|p2b: Sinistcha|Matcha Gotcha|p1a: Garchomp|[spread] p1a,p1b\n|-supereffective|p1b: Rotom|1\n|-damage|p1a: Garchomp|74/100\n|-heal|p2b: Sinistcha|100/100|[from] drain|[of] p1a: Garchomp\n|-damage|p1b: Rotom|37/100\n|\n|-weather|Sandstorm|[upkeep]\n|-damage|p1b: Rotom|31/100|[from] Sandstorm\n|-damage|p2a: Charizard|95/100|[from] Sandstorm\n|-damage|p2b: Sinistcha|95/100|[from] Sandstorm\n|upkeep\n|turn|5\n|\n|t:|1776323554\n|move|p2a: Charizard|Protect|p2a: Charizard\n|-singleturn|p2a: Charizard|Protect\n|move|p1b: Rotom|Electroweb|p2a: Charizard|[spread] p2b\n|-activate|p2a: Charizard|move: Protect\n|-resisted|p2b: Sinistcha|1\n|-damage|p2b: Sinistcha|87/100\n|-unboost|p2b: Sinistcha|spe|1\n|move|p1a: Garchomp|Earthquake|p2b: Sinistcha|[spread] p2b\n|-activate|p2a: Charizard|move: Protect\n|-immune|p1b: Rotom|[from] ability: Levitate\n|-resisted|p2b: Sinistcha|1\n|-damage|p2b: Sinistcha|72/100\n|move|p2b: Sinistcha|Matcha Gotcha|p1b: Rotom|[spread] p1b\n|-miss|p2b: Sinistcha|p1a: Garchomp\n|-supereffective|p1b: Rotom|1\n|-damage|p1b: Rotom|0 fnt\n|-heal|p2b: Sinistcha|84/100|[from] drain|[of] p1b: Rotom\n|faint|p1b: Rotom\n|\n|-weather|none\n|upkeep\n|inactive|piedidiconkeldurr has 30 seconds left.\n|\n|t:|1776323587\n|switch|p1b: Sinistcha|Sinistcha, L50|90/100\n|-heal|p1a: Garchomp|99/100|[from] ability: Hospitality|[of] p1b: Sinistcha\n|turn|6\n|\n|t:|1776323607\n|move|p1b: Sinistcha|Rage Powder|p1b: Sinistcha\n|-singleturn|p1b: Sinistcha|move: Rage Powder\n|move|p1a: Garchomp|Swords Dance|p1a: Garchomp\n|-boost|p1a: Garchomp|atk|2\n|move|p2a: Charizard|Dragon Claw|p1b: Sinistcha\n|-damage|p1b: Sinistcha|0 fnt\n|faint|p1b: Sinistcha\n|move|p2b: Sinistcha|Life Dew|p2b: Sinistcha|[spread] p2a,p2b\n|-heal|p2a: Charizard|100/100\n|-heal|p2b: Sinistcha|100/100\n|\n|upkeep\n|\n|t:|1776323617\n|switch|p1b: Tyranitar|Tyranitar-Mega, L50, F|72/100\n|-weather|Sandstorm|[from] ability: Sand Stream|[of] p1b: Tyranitar\n|turn|7\n|\n|t:|1776323626\n|move|p1a: Garchomp|Protect|p1a: Garchomp\n|-singleturn|p1a: Garchomp|Protect\n|move|p2a: Charizard|Protect|p2a: Charizard\n|-singleturn|p2a: Charizard|Protect\n|move|p1b: Tyranitar|Rock Slide|p2a: Charizard|[spread] \n|-activate|p2a: Charizard|move: Protect\n|-miss|p1b: Tyranitar|p2b: Sinistcha\n|move|p2b: Sinistcha|Trick Room|p2b: Sinistcha\n|-fieldstart|move: Trick Room|[of] p2b: Sinistcha\n|\n|-weather|Sandstorm|[upkeep]\n|-damage|p2b: Sinistcha|95/100|[from] Sandstorm\n|-damage|p2a: Charizard|95/100|[from] Sandstorm\n|upkeep\n|turn|8\n|inactive|wcsnmv has 30 seconds left.\n|\n|t:|1776323651\n|move|p2b: Sinistcha|Matcha Gotcha|p1b: Tyranitar|[spread] p1b\n|-miss|p2b: Sinistcha|p1a: Garchomp\n|-supereffective|p1b: Tyranitar|1\n|-damage|p1b: Tyranitar|47/100\n|-heal|p2b: Sinistcha|100/100|[from] drain|[of] p1b: Tyranitar\n|-status|p1b: Tyranitar|brn\n|move|p1b: Tyranitar|Rock Slide|p2a: Charizard|[spread] p2a\n|-miss|p1b: Tyranitar|p2b: Sinistcha\n|-supereffective|p2a: Charizard|1\n|-damage|p2a: Charizard|63/100\n|cant|p2a: Charizard|flinch\n|move|p1a: Garchomp|Rock Slide|p2b: Sinistcha|[spread] p2a\n|-miss|p1a: Garchomp|p2b: Sinistcha\n|-supereffective|p2a: Charizard|1\n|-damage|p2a: Charizard|4/100\n|\n|-weather|Sandstorm|[upkeep]\n|-damage|p2b: Sinistcha|95/100|[from] Sandstorm\n|-damage|p2a: Charizard|0 fnt|[from] Sandstorm\n|faint|p2a: Charizard\n|-damage|p1b: Tyranitar|42/100 brn|[from] brn\n|upkeep\n|\n|t:|1776323673\n|switch|p2a: Sneasler|Sneasler, L50, F|95/100\n|turn|9\n|\n|t:|1776323695\n|move|p1a: Garchomp|Protect|p1a: Garchomp\n|-singleturn|p1a: Garchomp|Protect\n|move|p2b: Sinistcha|Matcha Gotcha|p1a: Garchomp|[spread] p1b\n|-activate|p1a: Garchomp|move: Protect\n|-supereffective|p1b: Tyranitar|1\n|-damage|p1b: Tyranitar|17/100 brn\n|-heal|p2b: Sinistcha|100/100|[from] drain|[of] p1b: Tyranitar\n|move|p1b: Tyranitar|Crunch|p2b: Sinistcha\n|-supereffective|p2b: Sinistcha|1\n|-damage|p2b: Sinistcha|52/100\n|move|p2a: Sneasler|Close Combat|p1a: Garchomp\n|-activate|p1a: Garchomp|move: Protect\n|\n|-weather|Sandstorm|[upkeep]\n|-damage|p2b: Sinistcha|46/100|[from] Sandstorm\n|-damage|p2a: Sneasler|89/100|[from] Sandstorm\n|-enditem|p2b: Sinistcha|Sitrus Berry|[eat]\n|-heal|p2b: Sinistcha|71/100|[from] item: Sitrus Berry\n|-damage|p1b: Tyranitar|12/100 brn|[from] brn\n|upkeep\n|turn|10\n|\n|t:|1776323717\n|move|p2a: Sneasler|Protect|p2a: Sneasler\n|-singleturn|p2a: Sneasler|Protect\n|move|p1b: Tyranitar|Crunch|p2b: Sinistcha\n|-supereffective|p2b: Sinistcha|1\n|-damage|p2b: Sinistcha|24/100\n|move|p1a: Garchomp|Earthquake|p2b: Sinistcha|[spread] p1b,p2b\n|-activate|p2a: Sneasler|move: Protect\n|-supereffective|p1b: Tyranitar|1\n|-resisted|p2b: Sinistcha|1\n|-damage|p1b: Tyranitar|0 fnt\n|-damage|p2b: Sinistcha|0 fnt\n|faint|p1b: Tyranitar\n|faint|p2b: Sinistcha\n|\n|-weather|Sandstorm|[upkeep]\n|-damage|p2a: Sneasler|83/100|[from] Sandstorm\n|upkeep\n|turn|11\n|\n|t:|1776323731\n|move|p2a: Sneasler|Protect|p2a: Sneasler\n|-singleturn|p2a: Sneasler|Protect\n|move|p1a: Garchomp|Earthquake|p2a: Sneasler\n|-activate|p2a: Sneasler|move: Protect\n|\n|-weather|none\n|-fieldend|move: Trick Room\n|upkeep\n|turn|12\n|\n|t:|1776323740\n|move|p2a: Sneasler|Close Combat|p1a: Garchomp\n|-damage|p1a: Garchomp|39/100\n|-unboost|p2a: Sneasler|def|1\n|-unboost|p2a: Sneasler|spd|1\n|-enditem|p2a: Sneasler|White Herb\n|-clearnegativeboost|p2a: Sneasler|[silent]\n|move|p1a: Garchomp|Earthquake|p2a: Sneasler\n|-supereffective|p2a: Sneasler|1\n|-damage|p2a: Sneasler|0 fnt\n|faint|p2a: Sneasler\n|\n|win|piedidiconkeldurr\n|raw|piedidiconkeldurr's rating: 1391 &rarr; <strong>1408</strong><br />(+17 for winning)\n|raw|wcsnmv's rating: 1335 &rarr; <strong>1318</strong><br />(-17 for losing)\n|l|\u2606wcsnmv\n|player|p2|\n",
  "uploadtime": 1776323747,
  "views": 27,
  "formatid": "gen9championsvgc2026regma",
  "rating": 1318,
  "private": 0,
  "password": null
}