{
  "id": "gen9championsvgc2026regma-2584605822",
  "format": "[Gen 9 Champions] VGC 2026 Reg M-A",
  "players": [
    "turn9Protect",
    "RemainsNerd"
  ],
  "log": "|j|\u2606turn9Protect\n|j|\u2606RemainsNerd\n|t:|1776271675\n|gametype|doubles\n|player|p1|turn9Protect|iris|1050\n|player|p2|RemainsNerd|n-masters|1064\n|gen|9\n|tier|[Gen 9 Champions] VGC 2026 Reg M-A\n|rated|\n|rule|Species Clause: Limit one of each Pok\u00e9mon\n|rule|Item Clause: Limit 1 of each item\n|clearpoke\n|poke|p1|Dedenne, L50, M|\n|poke|p1|Manectric, L50, M|\n|poke|p1|Pelipper, L50, M|\n|poke|p1|Meganium, L50, F|\n|poke|p1|Incineroar, L50, M|\n|poke|p1|Lucario, L50, F|\n|poke|p2|Incineroar, L50, M|\n|poke|p2|Gengar, L50, M|\n|poke|p2|Sinistcha, L50|\n|poke|p2|Kingambit, L50, M|\n|poke|p2|Tyranitar, L50, M|\n|poke|p2|Kommo-o, L50, M|\n|teampreview|4\n|inactive|Battle timer is ON: inactive players will automatically lose when time's up. (requested by RemainsNerd)\n|inactive|turn9Protect also wants the timer to be on.\nturn9Protect has agreed to open team sheets.\nRemainsNerd rejected open team sheets.\n|inactive|turn9Protect has 60 seconds left.\n|\n|t:|1776271729\n|teamsize|p1|4\n|teamsize|p2|4\n|start\n|switch|p1a: Incineroar|Incineroar, L50, M|100/100\n|switch|p1b: Meganium|Meganium, L50, F|100/100\n|switch|p2a: Gengar|Gengar, L50, M, shiny|100/100\n|switch|p2b: Incineroar|Incineroar, L50, M|100/100\n|-ability|p2b: Incineroar|Intimidate|boost\n|-unboost|p1a: Incineroar|atk|1\n|-unboost|p1b: Meganium|atk|1\n|-ability|p1a: Incineroar|Intimidate|boost\n|-unboost|p2a: Gengar|atk|1\n|-unboost|p2b: Incineroar|atk|1\n|turn|1\n|\n|t:|1776271739\n|detailschange|p2a: Gengar|Gengar-Mega, L50, M, shiny\n|-mega|p2a: Gengar|Gengar|Gengarite\n|move|p1b: Meganium|Protect|p1b: Meganium\n|-singleturn|p1b: Meganium|Protect\n|move|p2b: Incineroar|Fake Out|p1a: Incineroar\n|-damage|p1a: Incineroar|93/100\n|cant|p1a: Incineroar|flinch\n|move|p2a: Gengar|Substitute|p2a: Gengar\n|-start|p2a: Gengar|Substitute\n|-damage|p2a: Gengar|76/100\n|\n|upkeep\n|turn|2\n|\n|t:|1776271756\n|detailschange|p1b: Meganium|Meganium-Mega, L50, F\n|-mega|p1b: Meganium|Meganium|Meganiumite\n|move|p2b: Incineroar|Protect|p2b: Incineroar\n|-singleturn|p2b: Incineroar|Protect\n|move|p2a: Gengar|Perish Song|p2a: Gengar\n|-start|p1a: Incineroar|perish3|[silent]\n|-start|p1b: Meganium|perish3|[silent]\n|-start|p2a: Gengar|perish3|[silent]\n|-start|p2b: Incineroar|perish3|[silent]\n|-fieldactivate|move: Perish Song\n|move|p1b: Meganium|Weather Ball|p2a: Gengar\n|-end|p2a: Gengar|Substitute\n|move|p1a: Incineroar|Parting Shot|p2b: Incineroar\n|-activate|p2b: Incineroar|move: Protect\n|\n|-start|p2a: Gengar|perish3\n|-start|p1b: Meganium|perish3\n|-start|p2b: Incineroar|perish3\n|-start|p1a: Incineroar|perish3\n|upkeep\n|turn|3\n|inactive|RemainsNerd has 30 seconds left.\n|\n|t:|1776271789\n|switch|p2a: Sinistcha|Sinistcha, L50|100/100\n|move|p1b: Meganium|Weather Ball|p2a: Sinistcha\n|-supereffective|p2a: Sinistcha|1\n|-damage|p2a: Sinistcha|0 fnt\n|faint|p2a: Sinistcha\n|move|p2b: Incineroar|Parting Shot|p1a: Incineroar\n|-unboost|p1a: Incineroar|atk|1\n|-unboost|p1a: Incineroar|spa|1\n|\n|t:|1776271798\n|switch|p2b: Gengar|Gengar-Mega, L50, M, shiny|76/100|[from] Parting Shot\n|move|p1a: Incineroar|Parting Shot|p2b: Gengar\n|-unboost|p2b: Gengar|atk|1\n|-unboost|p2b: Gengar|spa|1\n|\n|t:|1776271812\n|switch|p1a: Pelipper|Pelipper, L50, M|100/100|[from] Parting Shot\n|-weather|RainDance|[from] ability: Drizzle|[of] p1a: Pelipper\n|\n|-weather|RainDance|[upkeep]\n|-start|p1b: Meganium|perish2\n|upkeep\n|\n|t:|1776271817\n|switch|p2a: Incineroar|Incineroar, L50, M|100/100\n|-ability|p2a: Incineroar|Intimidate|boost\n|-unboost|p1a: Pelipper|atk|1\n|-unboost|p1b: Meganium|atk|1\n|turn|4\n|\n|t:|1776271829\n|move|p2b: Gengar|Protect|p2b: Gengar\n|-singleturn|p2b: Gengar|Protect\n|move|p2a: Incineroar|Fake Out|p1b: Meganium\n|-damage|p1b: Meganium|90/100\n|cant|p1b: Meganium|flinch\n|move|p1a: Pelipper|Weather Ball|p2a: Incineroar\n|-supereffective|p2a: Incineroar|1\n|-damage|p2a: Incineroar|0 fnt\n|faint|p2a: Incineroar\n|\n|-weather|RainDance|[upkeep]\n|-start|p1b: Meganium|perish1\n|upkeep\n|\n|t:|1776271841\n|switch|p2a: Kingambit|Kingambit, L50, M|100/100\n|turn|5\n|\n|t:|1776271855\n|move|p2a: Kingambit|Sucker Punch|p1a: Pelipper\n|-damage|p1a: Pelipper|48/100\n|-enditem|p1a: Pelipper|Sitrus Berry|[eat]\n|-heal|p1a: Pelipper|72/100|[from] item: Sitrus Berry\n|move|p2b: Gengar|Perish Song|p2b: Gengar\n|-start|p1a: Pelipper|perish3|[silent]\n|-start|p2a: Kingambit|perish3|[silent]\n|-start|p2b: Gengar|perish3|[silent]\n|-fieldactivate|move: Perish Song\n|move|p1b: Meganium|Weather Ball|p2a: Kingambit\n|-supereffective|p2a: Kingambit|1\n|-damage|p2a: Kingambit|0 fnt\n|faint|p2a: Kingambit\n|move|p1a: Pelipper|Hurricane|p2b: Gengar\n|-damage|p2b: Gengar|16/100\n|\n|-weather|RainDance|[upkeep]\n|-start|p2b: Gengar|perish3\n|-start|p1b: Meganium|perish0\n|-start|p1a: Pelipper|perish3\n|faint|p1b: Meganium\n|upkeep\n|\n|t:|1776271870\n|switch|p1b: Incineroar|Incineroar, L50, M|93/100\n|-ability|p1b: Incineroar|Intimidate|boost\n|-unboost|p2b: Gengar|atk|1\n|turn|6\n|-message|RemainsNerd forfeited.\n|\n|win|turn9Protect\n|raw|turn9Protect's rating: 1050 &rarr; <strong>1084</strong><br />(+34 for winning)\n|raw|RemainsNerd's rating: 1064 &rarr; <strong>1044</strong><br />(-20 for losing)\n|l|\u2606RemainsNerd\n|player|p2|\n",
  "uploadtime": 1776271891,
  "views": 15,
  "formatid": "gen9championsvgc2026regma",
  "rating": 1044,
  "private": 0,
  "password": null
}