{
  "id": "gen9championsvgc2026regma-2588394607",
  "format": "[Gen 9 Champions] VGC 2026 Reg M-A",
  "players": [
    "trashgarbage",
    "dojabumi"
  ],
  "log": "|j|\u2606trashgarbage\n|j|\u2606dojabumi\n|t:|1776629866\n|gametype|doubles\n|player|p1|trashgarbage|102|1271\n|player|p2|dojabumi|102|1294\n|gen|9\n|tier|[Gen 9 Champions] VGC 2026 Reg M-A\n|rated|\n|rule|Species Clause: Limit one of each Pok\u00e9mon\n|rule|Item Clause: Limit 1 of each item\n|clearpoke\n|poke|p1|Delphox, L50, F|\n|poke|p1|Kommo-o, L50, F|\n|poke|p1|Sableye, L50, F|\n|poke|p1|Milotic, L50, M|\n|poke|p1|Typhlosion-Hisui, L50, F|\n|poke|p1|Espathra, L50, F|\n|poke|p2|Zoroark-Hisui, L50, F|\n|poke|p2|Delphox, L50, F|\n|poke|p2|Tinkaton, L50, F|\n|poke|p2|Garchomp, L50, F|\n|poke|p2|Sneasler, L50, F|\n|poke|p2|Rotom-Wash, L50|\n|teampreview|4\n|\n|t:|1776629938\n|teamsize|p1|4\n|teamsize|p2|4\n|start\n|switch|p1a: Delphox|Delphox, L50, F|100/100\n|switch|p1b: Typhlosion|Typhlosion-Hisui, L50, F|100/100\n|switch|p2a: Sneasler|Sneasler, L50, F|100/100\n|switch|p2b: Tinkaton|Tinkaton, L50, F|100/100\n|-item|p2a: Sneasler|Choice Scarf|[from] ability: Frisk|[of] p1b: Typhlosion\n|-item|p2b: Tinkaton|Leftovers|[from] ability: Frisk|[of] p1b: Typhlosion\n|-ability|p2b: Tinkaton|Mold Breaker\n|turn|1\n|\n|t:|1776629957\n|detailschange|p1a: Delphox|Delphox-Mega, L50, F\n|-mega|p1a: Delphox|Delphox|Delphoxite\n|move|p2b: Tinkaton|Fake Out|p1a: Delphox\n|-damage|p1a: Delphox|89/100\n|move|p2a: Sneasler|Bitter Malice|p1b: Typhlosion\n|-supereffective|p1b: Typhlosion|1\n|-damage|p1b: Typhlosion|0 fnt\n|faint|p1b: Typhlosion\n|cant|p1a: Delphox|flinch\n|\n|upkeep\n|\n|t:|1776629965\n|switch|p1b: Sableye|Sableye, L50, F|100/100\n|turn|2\n|\n|t:|1776629976\n|switch|p2b: Garchomp|Garchomp, L50, F|100/100\n|move|p1a: Delphox|Protect|p1a: Delphox\n|-singleturn|p1a: Delphox|Protect\n|move|p2a: Sneasler|Bitter Malice|p1a: Delphox\n|-activate|p1a: Delphox|move: Protect\n|move|p1b: Sableye|Knock Off|p2a: Sneasler\n|-supereffective|p2a: Sneasler|1\n|-damage|p2a: Sneasler|0 fnt\n|replace|p2a: Zoroark|Zoroark-Hisui, L50, F\n|-end|p2a: Zoroark|Illusion\n|-enditem|p2a: Zoroark|Choice Scarf|[from] move: Knock Off|[of] p1b: Sableye\n|faint|p2a: Zoroark\n|\n|upkeep\n|\n|t:|1776629985\n|switch|p2a: Sneasler|Sneasler, L50, F|100/100\n|-ability|p2a: Sneasler|Pressure\n|turn|3\n|\n|t:|1776630057\n|switch|p1a: Milotic|Milotic, L50, M|100/100\n|move|p2a: Sneasler|Fake Out|p1a: Milotic\n|-damage|p1a: Milotic|89/100\n|move|p2b: Garchomp|Rock Slide|p1b: Sableye|[spread] p1a,p1b\n|-damage|p1a: Milotic|76/100\n|-damage|p1b: Sableye|79/100\n|cant|p1b: Sableye|flinch\n|\n|-heal|p1a: Milotic|82/100|[from] item: Leftovers\n|upkeep\n|turn|4\n|l|\u2606dojabumi\n|player|p2|\n|j|\u2606dojabumi\n|player|p2|dojabumi|102|\n|\n|t:|1776630087\n|switch|p2a: Tinkaton|Tinkaton, L50, F|100/100\n|-ability|p2a: Tinkaton|Mold Breaker\n|move|p2b: Garchomp|Stomping Tantrum|p1a: Milotic\n|-damage|p1a: Milotic|47/100\n|move|p1a: Milotic|Ice Beam|p2b: Garchomp\n|-supereffective|p2b: Garchomp|2\n|-damage|p2b: Garchomp|13/100\n|-status|p2b: Garchomp|frz\n|move|p1b: Sableye|Knock Off|p2b: Garchomp\n|-damage|p2b: Garchomp|0 fnt\n|-damage|p1b: Sableye|67/100|[from] ability: Rough Skin|[of] p2b: Garchomp\n|-enditem|p2b: Garchomp|Soft Sand|[from] move: Knock Off|[of] p1b: Sableye\n|faint|p2b: Garchomp\n|\n|-heal|p1a: Milotic|53/100|[from] item: Leftovers\n|upkeep\n|\n|t:|1776630100\n|switch|p2b: Sneasler|Sneasler, L50, F|100/100\n|-ability|p2b: Sneasler|Pressure\n|turn|5\n|\n|t:|1776630124\n|move|p1a: Milotic|Protect|p1a: Milotic\n|-singleturn|p1a: Milotic|Protect\n|move|p1b: Sableye|Sunny Day|p1b: Sableye\n|-weather|SunnyDay\n|move|p2b: Sneasler|Close Combat|p1a: Milotic\n|-activate|p1a: Milotic|move: Protect\n|move|p2a: Tinkaton|Play Rough|p1b: Sableye\n|-supereffective|p1b: Sableye|1\n|-damage|p1b: Sableye|0 fnt\n|faint|p1b: Sableye\n|\n|-weather|SunnyDay|[upkeep]\n|-heal|p1a: Milotic|59/100|[from] item: Leftovers\n|upkeep\n|\n|t:|1776630136\n|switch|p1b: Delphox|Delphox-Mega, L50, F|89/100\n|turn|6\n|\n|t:|1776630149\n|move|p1b: Delphox|Heat Wave|p2a: Tinkaton|[spread] p2a,p2b\n|-supereffective|p2a: Tinkaton|1\n|-damage|p2a: Tinkaton|0 fnt\n|-damage|p2b: Sneasler|6/100\n|faint|p2a: Tinkaton\n|move|p2b: Sneasler|Close Combat|p1a: Milotic\n|-damage|p1a: Milotic|11/100\n|-unboost|p2b: Sneasler|def|1\n|-unboost|p2b: Sneasler|spd|1\n|-enditem|p2b: Sneasler|White Herb\n|-clearnegativeboost|p2b: Sneasler|[silent]\n|move|p1a: Milotic|Scald|p2b: Sneasler\n|-damage|p2b: Sneasler|0 fnt\n|faint|p2b: Sneasler\n|\n|win|trashgarbage\n|raw|trashgarbage's rating: 1271 &rarr; <strong>1298</strong><br />(+27 for winning)\n|raw|dojabumi's rating: 1294 &rarr; <strong>1267</strong><br />(-27 for losing)\n|l|\u2606dojabumi\n|player|p2|\n",
  "uploadtime": 1776630165,
  "views": 12,
  "formatid": "gen9championsvgc2026regma",
  "rating": 1267,
  "private": 0,
  "password": null
}