{
  "id": "gen9championsvgc2026regma-2588713757",
  "format": "[Gen 9 Champions] VGC 2026 Reg M-A",
  "players": [
    "the bags12",
    "Jah_08"
  ],
  "log": "|j|\u2606the bags12\n|j|\u2606Jah_08\n|t:|1776660965\n|gametype|doubles\n|player|p1|the bags12|falkner|1277\n|player|p2|Jah_08|alder|1370\n|gen|9\n|tier|[Gen 9 Champions] VGC 2026 Reg M-A\n|rated|\n|rule|Species Clause: Limit one of each Pok\u00e9mon\n|rule|Item Clause: Limit 1 of each item\n|clearpoke\n|poke|p1|Garchomp, L50, M, shiny|\n|poke|p1|Whimsicott, L50, M, shiny|\n|poke|p1|Sneasler, L50, M, shiny|\n|poke|p1|Aerodactyl, L50, M, shiny|\n|poke|p1|Scizor, L50, M, shiny|\n|poke|p1|Dragapult, L50, M, shiny|\n|poke|p2|Excadrill, L50, M|\n|poke|p2|Whimsicott, L50, M, shiny|\n|poke|p2|Chandelure, L50, F|\n|poke|p2|Zoroark-Hisui, L50, M|\n|poke|p2|Basculegion, L50, M|\n|poke|p2|Hydreigon, L50, M|\n|teampreview|4\n|inactive|Battle timer is ON: inactive players will automatically lose when time's up. (requested by the bags12)\nthe bags12 rejected open team sheets.\n|\n|t:|1776660992\n|teamsize|p1|4\n|teamsize|p2|4\n|start\n|switch|p1a: Chumps|Garchomp, L50, M, shiny|100/100\n|switch|p1b: Aerodactyl|Aerodactyl, L50, M, shiny|100/100\n|switch|p2a: Whimsicott|Whimsicott, L50, M, shiny|100/100\n|switch|p2b: Basculegion|Basculegion, L50, M|100/100\n|-ability|p1b: Aerodactyl|Unnerve\n|turn|1\n|inactive|Jah_08 has 30 seconds left.\n|inactive|Jah_08 has 20 seconds left.\n|\n|t:|1776661027\n|detailschange|p1a: Chumps|Garchomp-Mega, L50, M, shiny\n|-mega|p1a: Chumps|Garchomp|Garchompite\n|move|p2b: Basculegion|Flip Turn|p1a: Chumps\n|-damage|p1a: Chumps|72/100\n|\n|t:|1776661035\n|switch|p2b: Hydreigon|Hydreigon, L50, M|100/100|[from] Flip Turn\n|move|p1b: Aerodactyl|Tailwind|p1b: Aerodactyl\n|-sidestart|p1: the bags12|move: Tailwind\n|move|p1a: Chumps|Earthquake|p2b: Hydreigon|[spread] p2a\n|-immune|p1b: Aerodactyl\n|-immune|p2b: Hydreigon|[from] ability: Levitate\n|-resisted|p2a: Whimsicott|1\n|-damage|p2a: Whimsicott|66/100\n|move|p2a: Whimsicott|Moonblast|p1a: Chumps\n|-supereffective|p1a: Chumps|1\n|-damage|p1a: Chumps|15/100\n|\n|upkeep\n|turn|2\n|\n|t:|1776661058\n|move|p2a: Whimsicott|Encore|p1a: Chumps\n|-start|p1a: Chumps|Encore\n|move|p1b: Aerodactyl|Rock Slide|p2b: Hydreigon|[spread] p2a,p2b\n|-damage|p2a: Whimsicott|35/100\n|-damage|p2b: Hydreigon|72/100\n|move|p1a: Chumps|Earthquake|p2a: Whimsicott|[spread] p2a\n|-immune|p1b: Aerodactyl\n|-immune|p2b: Hydreigon|[from] ability: Levitate\n|-resisted|p2a: Whimsicott|1\n|-damage|p2a: Whimsicott|1/100\n|cant|p2b: Hydreigon|flinch\n|\n|upkeep\n|turn|3\n|\n|t:|1776661079\n|switch|p1a: Niczor|Scizor, L50, M, shiny|100/100\n|move|p2a: Whimsicott|Tailwind|p2a: Whimsicott\n|-sidestart|p2: Jah_08|move: Tailwind\n|move|p1b: Aerodactyl|Rock Slide|p2b: Hydreigon|[spread] p2a,p2b\n|-damage|p2a: Whimsicott|0 fnt\n|-damage|p2b: Hydreigon|44/100\n|faint|p2a: Whimsicott\n|move|p2b: Hydreigon|Dark Pulse|p1b: Aerodactyl\n|-damage|p1b: Aerodactyl|39/100\n|\n|upkeep\n|\n|t:|1776661100\n|switch|p2a: Excadrill|Excadrill, L50, M|100/100\n|-ability|p2a: Excadrill|Mold Breaker\n|turn|4\n|\n|t:|1776661108\n|move|p2b: Hydreigon|Protect|p2b: Hydreigon\n|-singleturn|p2b: Hydreigon|Protect\n|move|p1a: Niczor|Bullet Punch|p2b: Hydreigon\n|-activate|p2b: Hydreigon|move: Protect\n|move|p1b: Aerodactyl|Rock Slide|p2a: Excadrill|[spread] \n|-activate|p2b: Hydreigon|move: Protect\n|-miss|p1b: Aerodactyl|p2a: Excadrill\n|move|p2a: Excadrill|Rock Slide|p1a: Niczor|[spread] p1a,p1b\n|-supereffective|p1b: Aerodactyl|1\n|-damage|p1a: Niczor|81/100\n|-damage|p1b: Aerodactyl|0 fnt\n|faint|p1b: Aerodactyl\n|\n|-sideend|p1: the bags12|move: Tailwind\n|upkeep\n|\n|t:|1776661113\n|switch|p1b: Poulty|Dragapult, L50, M, shiny|100/100\n|turn|5\n|\n|t:|1776661131\n|move|p1a: Niczor|Bullet Punch|p2b: Hydreigon\n|-damage|p2b: Hydreigon|1/100\n|move|p2b: Hydreigon|Dark Pulse|p1b: Poulty\n|-supereffective|p1b: Poulty|1\n|-damage|p1b: Poulty|0 fnt\n|faint|p1b: Poulty\n|move|p2a: Excadrill|Rock Slide|p1a: Niczor\n|-damage|p1a: Niczor|53/100\n|\n|upkeep\n|\n|t:|1776661137\n|switch|p1b: Chumps|Garchomp-Mega, L50, M, shiny|15/100\n|turn|6\n|\n|t:|1776661154\n|move|p2b: Hydreigon|Dark Pulse|p1a: Niczor\n|-damage|p1a: Niczor|11/100\n|move|p2a: Excadrill|Iron Head|p1b: Chumps\n|-damage|p1b: Chumps|0 fnt\n|faint|p1b: Chumps\n|move|p1a: Niczor|Close Combat|p2a: Excadrill\n|-supereffective|p2a: Excadrill|1\n|-enditem|p2a: Excadrill|Focus Sash\n|-damage|p2a: Excadrill|1/100\n|-unboost|p1a: Niczor|def|1\n|-unboost|p1a: Niczor|spd|1\n|\n|-sideend|p2: Jah_08|move: Tailwind\n|upkeep\n|turn|7\n|-message|the bags12 forfeited.\n|\n|win|Jah_08\n|raw|the bags12's rating: 1277 &rarr; <strong>1259</strong><br />(-18 for losing)\n|raw|Jah_08's rating: 1370 &rarr; <strong>1385</strong><br />(+15 for winning)\n|l|\u2606the bags12\n|player|p1|\n",
  "uploadtime": 1776661171,
  "views": 5,
  "formatid": "gen9championsvgc2026regma",
  "rating": 1259,
  "private": 0,
  "password": null
}