{
  "id": "gen9championsvgc2026regma-2581639108",
  "format": "[Gen 9 Champions] VGC 2026 Reg M-A",
  "players": [
    "labaladecos",
    "dark0_fake"
  ],
  "log": "|j|\u2606labaladecos\n|j|\u2606dark0_fake\n|t:|1776017120\n|gametype|doubles\n|player|p1|labaladecos|hugh|1043\n|player|p2|dark0_fake|swimmerf|1135\n|gen|9\n|tier|[Gen 9 Champions] VGC 2026 Reg M-A\n|rated|\n|rule|Species Clause: Limit one of each Pok\u00e9mon\n|rule|Item Clause: Limit 1 of each item\n|clearpoke\n|poke|p1|Charizard, L50, F|\n|poke|p1|Whimsicott, L50, M|\n|poke|p1|Kingambit, L50, F|\n|poke|p1|Garchomp, L50, F|\n|poke|p1|Incineroar, L50, F|\n|poke|p1|Sneasler, L50, M|\n|poke|p2|Dragonite, L50, M|\n|poke|p2|Pelipper, L50, M|\n|poke|p2|Excadrill, L50, M|\n|poke|p2|Incineroar, L50, M|\n|poke|p2|Basculegion, L50, M|\n|poke|p2|Scovillain, L50, M|\n|teampreview|4\n|inactive|Battle timer is ON: inactive players will automatically lose when time's up. (requested by dark0_fake)\n|inactive|labaladecos has 60 seconds left.\n|inactive|dark0_fake has 60 seconds left.\n|inactive|dark0_fake has 30 seconds left.\n|\n|t:|1776017190\n|teamsize|p1|4\n|teamsize|p2|4\n|start\n|switch|p1a: Kingambit|Kingambit, L50, F|100/100\n|switch|p1b: Garchomp|Garchomp, L50, F|100/100\n|switch|p2a: Scovillain|Scovillain, L50, M|100/100\n|switch|p2b: Basculegion|Basculegion, L50, M, shiny|100/100\n|turn|1\n|inactive|labaladecos has 30 seconds left.\n|inactive|labaladecos has 20 seconds left.\n|inactive|labaladecos has 15 seconds left.\n|inactive|labaladecos has 10 seconds left.\n|inactive|labaladecos has 5 seconds left.\n|\n|t:|1776017244\n|detailschange|p2a: Scovillain|Scovillain-Mega, L50, M\n|-mega|p2a: Scovillain|Scovillain|Scovillainite\n|move|p1a: Kingambit|Protect|p1a: Kingambit\n|-singleturn|p1a: Kingambit|Protect\n|move|p2a: Scovillain|Rage Powder|p2a: Scovillain\n|-singleturn|p2a: Scovillain|move: Rage Powder\n|move|p1b: Garchomp|Earthquake|p2b: Basculegion|[spread] p2a,p2b\n|-activate|p1a: Kingambit|move: Protect\n|-damage|p2a: Scovillain|57/100\n|-damage|p2b: Basculegion|49/100\n|-status|p1b: Garchomp|brn|[from] ability: Spicy Spray|[of] p2a: Scovillain\n|move|p2b: Basculegion|Flip Turn|p1b: Garchomp\n|-damage|p1b: Garchomp|64/100 brn\n|-damage|p2b: Basculegion|37/100|[from] ability: Rough Skin|[of] p1b: Garchomp\n|\n|t:|1776017258\n|switch|p2b: Dragonite|Dragonite, L50, M, shiny|100/100|[from] Flip Turn\n|\n|-damage|p1b: Garchomp|58/100 brn|[from] brn\n|upkeep\n|turn|2\n|inactive|labaladecos has 30 seconds left.\n|\n|t:|1776017286\n|switch|p1b: Charizard|Charizard, L50, F, shiny|100/100\n|move|p2b: Dragonite|Draco Meteor|p1b: Charizard\n|-damage|p1b: Charizard|23/100\n|-unboost|p2b: Dragonite|spa|2\n|move|p2a: Scovillain|Flamethrower|p1a: Kingambit\n|-supereffective|p1a: Kingambit|1\n|-damage|p1a: Kingambit|22/100\n|move|p1a: Kingambit|Swords Dance|p1a: Kingambit\n|-boost|p1a: Kingambit|atk|2\n|\n|upkeep\n|turn|3\n|inactive|dark0_fake has 30 seconds left.\n|\n|t:|1776017312\n|detailschange|p1b: Charizard|Charizard-Mega-Y, L50, F, shiny\n|-mega|p1b: Charizard|Charizard|Charizardite Y\n|-weather|SunnyDay|[from] ability: Drought|[of] p1b: Charizard\n|move|p1a: Kingambit|Protect|p1a: Kingambit\n|-singleturn|p1a: Kingambit|Protect\n|move|p2a: Scovillain|Rage Powder|p2a: Scovillain\n|-singleturn|p2a: Scovillain|move: Rage Powder\n|move|p1b: Charizard|Heat Wave|p2a: Scovillain|[spread] p2a\n|-miss|p1b: Charizard|p2b: Dragonite\n|-damage|p2a: Scovillain|7/100\n|-immune|p1b: Charizard\n|move|p2b: Dragonite|Draco Meteor|p1b: Charizard\n|-damage|p1b: Charizard|0 fnt\n|-unboost|p2b: Dragonite|spa|2\n|faint|p1b: Charizard\n|\n|-weather|SunnyDay|[upkeep]\n|upkeep\n|\n|t:|1776017326\n|switch|p1b: Garchomp|Garchomp, L50, F|58/100 brn\n|turn|4\n|\n|t:|1776017345\n|move|p2b: Dragonite|Protect|p2b: Dragonite\n|-singleturn|p2b: Dragonite|Protect\n|move|p1b: Garchomp|Dragon Claw|p2a: Scovillain\n|-damage|p2a: Scovillain|0 fnt\n|faint|p2a: Scovillain\n|move|p1a: Kingambit|Kowtow Cleave|p2b: Dragonite\n|-activate|p2b: Dragonite|move: Protect\n|\n|-weather|SunnyDay|[upkeep]\n|-damage|p1b: Garchomp|52/100 brn|[from] brn\n|upkeep\n|\n|t:|1776017350\n|switch|p2a: Basculegion|Basculegion, L50, M, shiny|37/100\n|turn|5\n|\n|t:|1776017372\n|switch|p2b: Pelipper|Pelipper, L50, M|100/100\n|-weather|RainDance|[from] ability: Drizzle|[of] p2b: Pelipper\n|move|p1a: Kingambit|Sucker Punch|p2a: Basculegion\n|-supereffective|p2a: Basculegion|1\n|-damage|p2a: Basculegion|0 fnt\n|faint|p2a: Basculegion\n|move|p1b: Garchomp|Dragon Claw|p2b: Pelipper\n|-crit|p2b: Pelipper\n|-damage|p2b: Pelipper|52/100\n|\n|-weather|RainDance|[upkeep]\n|-damage|p1b: Garchomp|46/100 brn|[from] brn\n|upkeep\n|\n|t:|1776017380\n|switch|p2a: Dragonite|Dragonite, L50, M, shiny|100/100\n|turn|6\n|\n|t:|1776017389\n|move|p2a: Dragonite|Protect|p2a: Dragonite\n|-singleturn|p2a: Dragonite|Protect\n|move|p1a: Kingambit|Protect|p1a: Kingambit\n|-singleturn|p1a: Kingambit|Protect\n|move|p1b: Garchomp|Dragon Claw|p2a: Dragonite\n|-activate|p2a: Dragonite|move: Protect\n|move|p2b: Pelipper|Tailwind|p2b: Pelipper\n|-sidestart|p2: dark0_fake|move: Tailwind\n|\n|-weather|RainDance|[upkeep]\n|-damage|p1b: Garchomp|40/100 brn|[from] brn\n|upkeep\n|turn|7\n|inactive|labaladecos has 30 seconds left.\n|\n|t:|1776017422\n|move|p1a: Kingambit|Sucker Punch|p2b: Pelipper\n|-damage|p2b: Pelipper|0 fnt\n|faint|p2b: Pelipper\n|move|p2a: Dragonite|Hurricane|p1b: Garchomp\n|-damage|p1b: Garchomp|0 fnt\n|faint|p1b: Garchomp\n|\n|-weather|RainDance|[upkeep]\n|upkeep\n|\n|t:|1776017430\n|switch|p1b: Sneasler|Sneasler, L50, M|100/100\n|turn|8\n|\n|t:|1776017437\n|move|p2a: Dragonite|Protect|p2a: Dragonite\n|-singleturn|p2a: Dragonite|Protect\n|move|p1b: Sneasler|Fake Out|p2a: Dragonite\n|-activate|p2a: Dragonite|move: Protect\n|move|p1a: Kingambit|Kowtow Cleave|p2a: Dragonite\n|-activate|p2a: Dragonite|move: Protect\n|\n|-weather|RainDance|[upkeep]\n|upkeep\n|turn|9\n|\n|t:|1776017446\n|move|p1a: Kingambit|Sucker Punch|p2a: Dragonite\n|-damage|p2a: Dragonite|53/100\n|move|p2a: Dragonite|Hurricane|p1b: Sneasler\n|-supereffective|p1b: Sneasler|1\n|-damage|p1b: Sneasler|0 fnt\n|faint|p1b: Sneasler\n|\n|-weather|none\n|-sideend|p2: dark0_fake|move: Tailwind\n|upkeep\n|turn|10\n|\n|t:|1776017460\n|move|p1a: Kingambit|Sucker Punch|p2a: Dragonite\n|-damage|p2a: Dragonite|0 fnt\n|faint|p2a: Dragonite\n|\n|win|labaladecos\n|raw|labaladecos's rating: 1043 &rarr; <strong>1085</strong><br />(+42 for winning)\n|raw|dark0_fake's rating: 1135 &rarr; <strong>1104</strong><br />(-31 for losing)\n|l|\u2606dark0_fake\n|player|p2|\n",
  "uploadtime": 1776017468,
  "views": 20,
  "formatid": "gen9championsvgc2026regma",
  "rating": 1085,
  "private": 0,
  "password": null
}