{
  "id": "gen9championsvgc2026regma-2583132206",
  "format": "[Gen 9 Champions] VGC 2026 Reg M-A",
  "players": [
    "LUWITE",
    "meer1701"
  ],
  "log": "|j|\u2606LUWITE\n|j|\u2606meer1701\n|t:|1776145890\n|gametype|doubles\n|player|p1|LUWITE|ghetsis|1114\n|player|p2|meer1701|hilda-wonderlauncher|1140\n|gen|9\n|tier|[Gen 9 Champions] VGC 2026 Reg M-A\n|rated|\n|rule|Species Clause: Limit one of each Pok\u00e9mon\n|rule|Item Clause: Limit 1 of each item\n|clearpoke\n|poke|p1|Palafin, L50, F|\n|poke|p1|Clefable, L50, F|\n|poke|p1|Incineroar, L50, F|\n|poke|p1|Gengar, L50, M|\n|poke|p1|Kingambit, L50, M|\n|poke|p1|Dragonite, L50, M|\n|poke|p2|Hatterene, L50, F|\n|poke|p2|Espeon, L50, M|\n|poke|p2|Archaludon, L50, F|\n|poke|p2|Pelipper, L50, M|\n|poke|p2|Chandelure, L50, M|\n|poke|p2|Gallade, L50, M|\n|teampreview|4\n|inactive|Battle timer is ON: inactive players will automatically lose when time's up. (requested by meer1701)\nmeer1701 has agreed to open team sheets.\nLUWITE rejected open team sheets.\n|inactive|LUWITE has 60 seconds left.\n|inactive|meer1701 has 60 seconds left.\n|\n|t:|1776145933\n|teamsize|p1|4\n|teamsize|p2|4\n|start\n|switch|p1a: Palafin|Palafin, L50, F|100/100\n|switch|p1b: Incineroar|Incineroar, L50, F|100/100\n|switch|p2a: Gallade|Gallade, L50, M|100/100\n|switch|p2b: Espeon|Espeon, L50, M|100/100\n|-ability|p1b: Incineroar|Intimidate|boost\n|-unboost|p2a: Gallade|atk|1\n|-unboost|p2b: Espeon|atk|1\n|turn|1\n|\n|t:|1776145951\n|detailschange|p1a: Palafin|Palafin-Hero, L50, F\n|switch|p1a: Kingambit|Kingambit, L50, M|100/100\n|switch|p1b: Gengar|Gengar, L50, M|100/100\n|detailschange|p2a: Gallade|Gallade-Mega, L50, M\n|-mega|p2a: Gallade|Gallade|Galladite\n|move|p2b: Espeon|Protect|p2b: Espeon\n|-singleturn|p2b: Espeon|Protect\n|move|p2a: Gallade|Sacred Sword|p1b: Gengar\n|-immune|p1b: Gengar\n|\n|upkeep\n|turn|2\n|inactive|LUWITE has 30 seconds left.\n|\n|t:|1776145980\n|detailschange|p1b: Gengar|Gengar-Mega, L50, M\n|-mega|p1b: Gengar|Gengar|Gengarite\n|move|p1a: Kingambit|Sucker Punch|p2a: Gallade\n|-damage|p2a: Gallade|50/100\n|move|p1b: Gengar|Shadow Ball|p2a: Gallade\n|-supereffective|p2a: Gallade|1\n|-damage|p2a: Gallade|0 fnt\n|faint|p2a: Gallade\n|move|p2b: Espeon|Dazzling Gleam|p1a: Kingambit|[spread] p1a,p1b\n|-resisted|p1b: Gengar|1\n|-damage|p1a: Kingambit|77/100\n|-damage|p1b: Gengar|88/100\n|\n|upkeep\n|\n|t:|1776145987\n|switch|p2a: Pelipper|Pelipper, L50, M|100/100\n|-weather|RainDance|[from] ability: Drizzle|[of] p2a: Pelipper\n|turn|3\n|\n|t:|1776145998\n|move|p1a: Kingambit|Sucker Punch|p2b: Espeon\n|-supereffective|p2b: Espeon|1\n|-enditem|p2b: Espeon|Focus Sash\n|-damage|p2b: Espeon|1/100\n|move|p1b: Gengar|Taunt|p2a: Pelipper\n|-start|p2a: Pelipper|move: Taunt\n|move|p2b: Espeon|Dazzling Gleam|p1b: Gengar|[spread] p1a,p1b\n|-resisted|p1b: Gengar|1\n|-damage|p1a: Kingambit|55/100\n|-damage|p1b: Gengar|77/100\n|cant|p2a: Pelipper|move: Taunt|Tailwind\n|\n|-weather|RainDance|[upkeep]\n|upkeep\n|turn|4\n|\n|t:|1776146013\n|move|p1a: Kingambit|Sucker Punch||[still]\n|-fail|p1a: Kingambit\n|move|p1b: Gengar|Sludge Bomb|p2a: Pelipper\n|-damage|p2a: Pelipper|38/100\n|-status|p2a: Pelipper|psn\n|move|p2a: Pelipper|Air Slash|p1a: Kingambit\n|-resisted|p1a: Kingambit|1\n|-damage|p1a: Kingambit|36/100\n|move|p2b: Espeon|Trick Room|p2b: Espeon\n|-fieldstart|move: Trick Room|[of] p2b: Espeon\n|\n|-weather|RainDance|[upkeep]\n|-damage|p2a: Pelipper|26/100 psn|[from] psn\n|upkeep\n|turn|5\n|\n|t:|1776146031\n|move|p2b: Espeon|Protect|p2b: Espeon\n|-singleturn|p2b: Espeon|Protect\n|move|p1b: Gengar|Protect|p1b: Gengar\n|-singleturn|p1b: Gengar|Protect\n|move|p1a: Kingambit|Sucker Punch|p2a: Pelipper\n|-damage|p2a: Pelipper|0 fnt\n|faint|p2a: Pelipper\n|\n|-weather|RainDance|[upkeep]\n|upkeep\n|\n|t:|1776146039\n|switch|p2a: Archaludon|Archaludon, L50, F|100/100\n|turn|6\n|\n|t:|1776146055\n|move|p1a: Kingambit|Sucker Punch|p2b: Espeon\n|-supereffective|p2b: Espeon|1\n|-damage|p2b: Espeon|0 fnt\n|faint|p2b: Espeon\n|move|p2a: Archaludon|Electro Shot||[still]\n|-prepare|p2a: Archaludon|Electro Shot\n|-boost|p2a: Archaludon|spa|1\n|-anim|p2a: Archaludon|Electro Shot|p1b: Gengar\n|-damage|p1b: Gengar|0 fnt\n|faint|p1b: Gengar\n|\n|-weather|RainDance|[upkeep]\n|upkeep\n|inactive|LUWITE has 30 seconds left.\n|\n|t:|1776146088\n|switch|p1b: Incineroar|Incineroar, L50, F|100/100\n|-ability|p1b: Incineroar|Intimidate|boost\n|-unboost|p2a: Archaludon|atk|1\n|turn|7\n|\n|t:|1776146094\n|move|p2a: Archaludon|Protect|p2a: Archaludon\n|-singleturn|p2a: Archaludon|Protect\n|move|p1b: Incineroar|Parting Shot|p2a: Archaludon\n|-activate|p2a: Archaludon|move: Protect\n|move|p1a: Kingambit|Low Kick|p2a: Archaludon\n|-activate|p2a: Archaludon|move: Protect\n|\n|-weather|none\n|upkeep\n|turn|8\n|\n|t:|1776146103\n|move|p1b: Incineroar|Parting Shot|p2a: Archaludon\n|-unboost|p2a: Archaludon|atk|1\n|-unboost|p2a: Archaludon|spa|1\n|\n|t:|1776146106\n|switch|p1b: Palafin|Palafin-Hero, L50, F|100/100|[from] Parting Shot\n|-activate|p1b: Palafin|ability: Zero to Hero\n|move|p1a: Kingambit|Low Kick|p2a: Archaludon\n|-supereffective|p2a: Archaludon|1\n|-damage|p2a: Archaludon|44/100\n|move|p2a: Archaludon|Electro Shot||[still]\n|-prepare|p2a: Archaludon|Electro Shot\n|-boost|p2a: Archaludon|spa|1\n|\n|-fieldend|move: Trick Room\n|upkeep\n|turn|9\n|\n|t:|1776146118\n|move|p1b: Palafin|Drain Punch|p2a: Archaludon\n|-supereffective|p2a: Archaludon|1\n|-damage|p2a: Archaludon|0 fnt\n|faint|p2a: Archaludon\n|\n|win|LUWITE\n|raw|LUWITE's rating: 1114 &rarr; <strong>1141</strong><br />(+27 for winning)\n|raw|meer1701's rating: 1140 &rarr; <strong>1113</strong><br />(-27 for losing)\n|l|\u2606meer1701\n|player|p2|\n",
  "uploadtime": 1776146152,
  "views": 17,
  "formatid": "gen9championsvgc2026regma",
  "rating": 1113,
  "private": 0,
  "password": null
}