{
  "id": "gen9championsvgc2026regma-2580696994",
  "format": "[Gen 9 Champions] VGC 2026 Reg M-A",
  "players": [
    "series team",
    "AccurateMemin"
  ],
  "log": "|j|\u203dseries team\n|j|\u2606AccurateMemin\n|t:|1775925087\n|gametype|doubles\n|player|p1|series team|2|1000\n|player|p2|AccurateMemin|gardenia|1000\n|gen|9\n|tier|[Gen 9 Champions] VGC 2026 Reg M-A\n|rated|\n|rule|Species Clause: Limit one of each Pok\u00e9mon\n|rule|Item Clause: Limit 1 of each item\n|clearpoke\n|poke|p1|Sableye, L50, M|\n|poke|p1|Arcanine-Hisui, L50, F|\n|poke|p1|Sinistcha, L50|\n|poke|p1|Floette-Eternal, L50, F|\n|poke|p1|Tyranitar, L50, M|\n|poke|p1|Kommo-o, L50, M|\n|poke|p2|Drampa, L50, F|\n|poke|p2|Archaludon, L50, M|\n|poke|p2|Palafin, L50, M|\n|poke|p2|Sinistcha, L50|\n|poke|p2|Pelipper, L50, M|\n|poke|p2|Sneasler, L50, F|\n|teampreview|4\n|\n|t:|1775925115\n|teamsize|p1|4\n|teamsize|p2|4\n|start\n|switch|p1a: Sableye|Sableye, L50, M|100/100\n|switch|p1b: Floette|Floette-Eternal, L50, F|100/100\n|switch|p2a: Sneasler|Sneasler, L50, F|100/100\n|switch|p2b: Archaludon|Archaludon, L50, M|100/100\n|turn|1\n|\n|t:|1775925149\n|detailschange|p1a: Sableye|Sableye-Mega, L50, M\n|-mega|p1a: Sableye|Sableye|Sablenite\n|move|p1b: Floette|Protect|p1b: Floette\n|-singleturn|p1b: Floette|Protect\n|move|p2a: Sneasler|Dire Claw|p1b: Floette\n|-activate|p1b: Floette|move: Protect\n|move|p2b: Archaludon|Draco Meteor|p1a: Sableye\n|-damage|p1a: Sableye|36/100\n|-unboost|p2b: Archaludon|spa|2\n|move|p1a: Sableye|Will-O-Wisp|p2a: Sneasler\n|-status|p2a: Sneasler|brn\n|\n|-damage|p2a: Sneasler|95/100 brn|[from] brn\n|upkeep\n|turn|2\n|\n|t:|1775925172\n|switch|p1b: Kommo-o|Kommo-o, L50, M|100/100\n|move|p2a: Sneasler|Dire Claw|p1b: Kommo-o\n|-damage|p1b: Kommo-o|80/100\n|move|p2b: Archaludon|Flash Cannon|p1b: Kommo-o\n|-damage|p1b: Kommo-o|54/100\n|move|p1a: Sableye|Foul Play|p2a: Sneasler\n|-resisted|p2a: Sneasler|1\n|-crit|p2a: Sneasler\n|-damage|p2a: Sneasler|25/100 brn\n|\n|-damage|p2a: Sneasler|19/100 brn|[from] brn\n|upkeep\n|turn|3\n|\n|t:|1775925191\n|switch|p2b: Pelipper|Pelipper, L50, M|100/100\n|-weather|RainDance|[from] ability: Drizzle|[of] p2b: Pelipper\n|switch|p1a: Floette|Floette-Eternal, L50, F|100/100\n|move|p2a: Sneasler|Protect|p2a: Sneasler\n|-singleturn|p2a: Sneasler|Protect\n|move|p1b: Kommo-o|Protect||[still]\n|-fail|p1b: Kommo-o\n|\n|-weather|RainDance|[upkeep]\n|-damage|p2a: Sneasler|13/100 brn|[from] brn\n|upkeep\n|turn|4\n|\n|t:|1775925206\n|switch|p1b: Sableye|Sableye-Mega, L50, M|36/100\n|move|p2b: Pelipper|Wide Guard|p2b: Pelipper\n|-singleturn|p2b: Pelipper|Wide Guard\n|move|p2a: Sneasler|Dire Claw|p1a: Floette\n|-supereffective|p1a: Floette|1\n|-damage|p1a: Floette|33/100\n|move|p1a: Floette|Pollen Puff|p1b: Sableye\n|-heal|p1b: Sableye|85/100\n|\n|-weather|RainDance|[upkeep]\n|-damage|p2a: Sneasler|8/100 brn|[from] brn\n|upkeep\n|turn|5\n|\n|t:|1775925225\n|switch|p1b: Tyranitar|Tyranitar, L50, M|100/100\n|-weather|Sandstorm|[from] ability: Sand Stream|[of] p1b: Tyranitar\n|move|p1a: Floette|Protect|p1a: Floette\n|-singleturn|p1a: Floette|Protect\n|move|p2a: Sneasler|Dire Claw|p1a: Floette\n|-activate|p1a: Floette|move: Protect\n|move|p2b: Pelipper|Tailwind|p2b: Pelipper\n|-sidestart|p2: AccurateMemin|move: Tailwind\n|\n|-weather|Sandstorm|[upkeep]\n|-damage|p2a: Sneasler|2/100 brn|[from] Sandstorm\n|-damage|p2b: Pelipper|95/100|[from] Sandstorm\n|-damage|p1a: Floette|27/100|[from] Sandstorm\n|-damage|p2a: Sneasler|0 fnt|[from] brn\n|faint|p2a: Sneasler\n|upkeep\n|\n|t:|1775925232\n|switch|p2a: Archaludon|Archaludon, L50, M|100/100\n|turn|6\n|\n|t:|1775925245\n|switch|p2b: Drampa|Drampa, L50, F|100/100\n|-ability|p2b: Drampa|Cloud Nine\n|move|p2a: Archaludon|Flash Cannon|p1a: Floette\n|-supereffective|p1a: Floette|1\n|-damage|p1a: Floette|0 fnt\n|faint|p1a: Floette\n|move|p1b: Tyranitar|Low Kick|p2a: Archaludon\n|-supereffective|p2a: Archaludon|1\n|-enditem|p2a: Archaludon|Chople Berry|[eat]\n|-enditem|p2a: Archaludon|Chople Berry|[weaken]\n|-damage|p2a: Archaludon|81/100\n|-ability|p2a: Archaludon|Stamina|boost\n|-boost|p2a: Archaludon|def|1\n|\n|-weather|Sandstorm|[upkeep]\n|upkeep\n|\n|t:|1775925256\n|switch|p1a: Sableye|Sableye-Mega, L50, M|85/100\n|turn|7\n|\n|t:|1775925275\n|detailschange|p2b: Drampa|Drampa-Mega, L50, F\n|-mega|p2b: Drampa|Drampa|Drampanite\n|move|p1a: Sableye|Fake Out|p2a: Archaludon\n|-resisted|p2a: Archaludon|1\n|-damage|p2a: Archaludon|79/100\n|-ability|p2a: Archaludon|Stamina|boost\n|-boost|p2a: Archaludon|def|1\n|cant|p2a: Archaludon|flinch\n|move|p2b: Drampa|Earth Power|p1b: Tyranitar\n|-supereffective|p1b: Tyranitar|1\n|-damage|p1b: Tyranitar|59/100\n|move|p1b: Tyranitar|Low Kick|p2a: Archaludon\n|-supereffective|p2a: Archaludon|1\n|-damage|p2a: Archaludon|58/100\n|-ability|p2a: Archaludon|Stamina|boost\n|-boost|p2a: Archaludon|def|1\n|\n|-weather|Sandstorm|[upkeep]\n|-damage|p2b: Drampa|95/100|[from] Sandstorm\n|-damage|p1a: Sableye|79/100|[from] Sandstorm\n|upkeep\n|turn|8\n|\n|t:|1775925322\n|switch|p2b: Pelipper|Pelipper, L50, M|95/100\n|-weather|RainDance|[from] ability: Drizzle|[of] p2b: Pelipper\n|switch|p1a: Kommo-o|Kommo-o, L50, M|54/100\n|move|p1b: Tyranitar|Protect|p1b: Tyranitar\n|-singleturn|p1b: Tyranitar|Protect\n|move|p2a: Archaludon|Electro Shot||[still]\n|-prepare|p2a: Archaludon|Electro Shot\n|-boost|p2a: Archaludon|spa|1\n|-anim|p2a: Archaludon|Electro Shot|p1b: Tyranitar\n|-activate|p1b: Tyranitar|move: Protect\n|\n|-weather|RainDance|[upkeep]\n|-sideend|p2: AccurateMemin|move: Tailwind\n|upkeep\n|turn|9\n|\n|t:|1775925338\n|switch|p1b: Sableye|Sableye-Mega, L50, M|79/100\n|move|p1a: Kommo-o|Protect|p1a: Kommo-o\n|-singleturn|p1a: Kommo-o|Protect\n|move|p2a: Archaludon|Protect|p2a: Archaludon\n|-singleturn|p2a: Archaludon|Protect\n|move|p2b: Pelipper|Tailwind|p2b: Pelipper\n|-sidestart|p2: AccurateMemin|move: Tailwind\n|\n|-weather|RainDance|[upkeep]\n|upkeep\n|turn|10\n|\n|t:|1775925375\n|switch|p1a: Tyranitar|Tyranitar, L50, M|59/100\n|-weather|Sandstorm|[from] ability: Sand Stream|[of] p1a: Tyranitar\n|move|p2a: Archaludon|Flash Cannon|p1a: Tyranitar\n|-supereffective|p1a: Tyranitar|1\n|-damage|p1a: Tyranitar|0 fnt\n|faint|p1a: Tyranitar\n|move|p2b: Pelipper|Weather Ball|p1b: Sableye\n|-damage|p1b: Sableye|51/100\n|move|p1b: Sableye|Will-O-Wisp|p2a: Archaludon\n|-status|p2a: Archaludon|brn\n|\n|-weather|Sandstorm|[upkeep]\n|-damage|p2b: Pelipper|89/100|[from] Sandstorm\n|-damage|p1b: Sableye|45/100|[from] Sandstorm\n|-damage|p2a: Archaludon|52/100 brn|[from] brn\n|upkeep\n|-message|series team forfeited.\n|\n|win|AccurateMemin\n|raw|series team's rating: 1000 &rarr; <strong>1000</strong><br />(+0 for losing)\n|raw|AccurateMemin's rating: 1000 &rarr; <strong>1040</strong><br />(+40 for winning)\n|l|\u203dseries team\n|player|p1|\n|l|\u2606AccurateMemin\n|player|p2|\n|j|\u2606AccurateMemin\n|player|p2|AccurateMemin|gardenia|\n|l|\u2606AccurateMemin\n|player|p2|\n|j|\u2606AccurateMemin\n|player|p2|AccurateMemin|gardenia|\n",
  "uploadtime": 1775925490,
  "views": 16,
  "formatid": "gen9championsvgc2026regma",
  "rating": 1000,
  "private": 0,
  "password": null
}