{
  "id": "gen9championsvgc2026regma-2580402024",
  "format": "[Gen 9 Champions] VGC 2026 Reg M-A",
  "players": [
    "lllllllvvvvvvv",
    "caustic soda"
  ],
  "log": "|j|\u2606lllllllvvvvvvv\n|j|\u2606caustic soda\n|t:|1775891047\n|gametype|doubles\n|player|p1|lllllllvvvvvvv|2|1000\n|player|p2|caustic soda|1|1077\n|gen|9\n|tier|[Gen 9 Champions] VGC 2026 Reg M-A\n|rated|\n|rule|Species Clause: Limit one of each Pok\u00e9mon\n|rule|Item Clause: Limit 1 of each item\n|clearpoke\n|poke|p1|Froslass, L50, F|\n|poke|p1|Garchomp, L50, F|\n|poke|p1|Rotom-Frost, L50|\n|poke|p1|Empoleon, L50, F|\n|poke|p1|Incineroar, L50, F|\n|poke|p1|Kingambit, L50, M|\n|poke|p2|Tyranitar, L50, M|\n|poke|p2|Excadrill, L50, M|\n|poke|p2|Garchomp, L50, F|\n|poke|p2|Sinistcha, L50|\n|poke|p2|Sneasler, L50, F|\n|poke|p2|Corviknight, L50, M|\n|teampreview|4\n|inactive|Battle timer is ON: inactive players will automatically lose when time's up. (requested by lllllllvvvvvvv)\n|inactive|caustic soda has 60 seconds left.\n|\n|t:|1775891089\n|teamsize|p1|4\n|teamsize|p2|4\n|start\n|switch|p1a: Froslass|Froslass, L50, F|100/100\n|switch|p1b: Incineroar|Incineroar, L50, F|100/100\n|switch|p2a: Tyranitar|Tyranitar, L50, M|100/100\n|switch|p2b: Corviknight|Corviknight, L50, M|100/100\n|-weather|Sandstorm|[from] ability: Sand Stream|[of] p2a: Tyranitar\n|-ability|p1b: Incineroar|Intimidate|boost\n|-unboost|p2a: Tyranitar|atk|1\n|-ability|p2b: Corviknight|Mirror Armor\n|-unboost|p1b: Incineroar|atk|1\n|turn|1\n|inactive|caustic soda has 30 seconds left.\n|inactive|caustic soda has 20 seconds left.\n|inactive|lllllllvvvvvvv has 30 seconds left.\n|inactive|caustic soda has 15 seconds left.\n|inactive|caustic soda has 10 seconds left.\n|\n|t:|1775891137\n|move|p1a: Froslass|Protect|p1a: Froslass\n|-singleturn|p1a: Froslass|Protect\n|move|p2a: Tyranitar|Protect|p2a: Tyranitar\n|-singleturn|p2a: Tyranitar|Protect\n|move|p2b: Corviknight|Body Press|p1b: Incineroar\n|-supereffective|p1b: Incineroar|1\n|-damage|p1b: Incineroar|51/100\n|move|p1b: Incineroar|Parting Shot|p2a: Tyranitar\n|-activate|p2a: Tyranitar|move: Protect\n|\n|-weather|Sandstorm|[upkeep]\n|-damage|p1a: Froslass|94/100|[from] Sandstorm\n|-damage|p1b: Incineroar|45/100|[from] Sandstorm\n|-enditem|p1b: Incineroar|Sitrus Berry|[eat]\n|-heal|p1b: Incineroar|70/100|[from] item: Sitrus Berry\n|upkeep\n|turn|2\n|inactive|caustic soda has 30 seconds left.\n|\n|t:|1775891167\n|switch|p1a: Rotom|Rotom-Frost, L50|100/100\n|move|p2b: Corviknight|Body Press|p1b: Incineroar\n|-supereffective|p1b: Incineroar|1\n|-damage|p1b: Incineroar|18/100\n|move|p2a: Tyranitar|Rock Slide|p1a: Rotom|[spread] p1a,p1b\n|-supereffective|p1a: Rotom|1\n|-supereffective|p1b: Incineroar|1\n|-damage|p1a: Rotom|47/100\n|-damage|p1b: Incineroar|0 fnt\n|faint|p1b: Incineroar\n|\n|-weather|Sandstorm|[upkeep]\n|-damage|p1a: Rotom|41/100|[from] Sandstorm\n|upkeep\n|\n|t:|1775891182\n|switch|p1b: Froslass|Froslass, L50, F|94/100\n|turn|3\n|\n|t:|1775891200\n|switch|p2a: Sneasler|Sneasler, L50, F|100/100\n|detailschange|p1b: Froslass|Froslass-Mega, L50, F\n|-mega|p1b: Froslass|Froslass|Froslassite\n|-weather|Snowscape|[from] ability: Snow Warning|[of] p1b: Froslass\n|move|p1a: Rotom|Blizzard|p2b: Corviknight|[spread] p2a,p2b\n|-damage|p2a: Sneasler|54/100\n|-damage|p2b: Corviknight|67/100\n|move|p1b: Froslass|Blizzard|p2b: Corviknight|[spread] p2a,p2b\n|-damage|p2a: Sneasler|0 fnt\n|-damage|p2b: Corviknight|21/100\n|faint|p2a: Sneasler\n|move|p2b: Corviknight|Body Press|p1a: Rotom\n|-supereffective|p1a: Rotom|1\n|-damage|p1a: Rotom|0 fnt\n|faint|p1a: Rotom\n|\n|-weather|Snowscape|[upkeep]\n|-heal|p2b: Corviknight|27/100|[from] item: Leftovers\n|upkeep\n|inactive|caustic soda has 30 seconds left.\n|inactive|caustic soda has 20 seconds left.\n|inactive|caustic soda has 15 seconds left.\n|\n|t:|1775891244\n|switch|p2a: Tyranitar|Tyranitar, L50, M|100/100\n|switch|p1a: Garchomp|Garchomp, L50, F|100/100\n|-weather|Sandstorm|[from] ability: Sand Stream|[of] p2a: Tyranitar\n|turn|4\n|\n|t:|1775891259\n|move|p1b: Froslass|Blizzard|p2a: Tyranitar|[spread] p2a,p2b\n|-damage|p2a: Tyranitar|70/100\n|-damage|p2b: Corviknight|0 fnt\n|faint|p2b: Corviknight\n|move|p1a: Garchomp|Rock Slide|p2a: Tyranitar\n|-damage|p2a: Tyranitar|50/100\n|move|p2a: Tyranitar|Rock Slide|p1b: Froslass|[spread] p1a,p1b\n|-resisted|p1a: Garchomp|1\n|-supereffective|p1b: Froslass|1\n|-damage|p1a: Garchomp|84/100\n|-damage|p1b: Froslass|0 fnt\n|faint|p1b: Froslass\n|\n|-weather|Sandstorm|[upkeep]\n|upkeep\n|\n|t:|1775891274\n|switch|p2b: Sinistcha|Sinistcha, L50|100/100\n|-heal|p2a: Tyranitar|74/100|[from] ability: Hospitality|[of] p2b: Sinistcha\n|turn|5\n|\n|t:|1775891285\n|move|p1a: Garchomp|Earthquake|p2a: Tyranitar|[spread] p2a,p2b\n|-supereffective|p2a: Tyranitar|1\n|-resisted|p2b: Sinistcha|1\n|-damage|p2a: Tyranitar|14/100\n|-damage|p2b: Sinistcha|86/100\n|move|p2a: Tyranitar|Knock Off|p1a: Garchomp\n|-damage|p1a: Garchomp|31/100\n|-damage|p2a: Tyranitar|1/100|[from] ability: Rough Skin|[of] p1a: Garchomp\n|-enditem|p1a: Garchomp|White Herb|[from] move: Knock Off|[of] p2a: Tyranitar\n|move|p2b: Sinistcha|Matcha Gotcha|p1a: Garchomp\n|-damage|p1a: Garchomp|0 fnt\n|-heal|p2b: Sinistcha|100/100|[from] drain|[of] p1a: Garchomp\n|faint|p1a: Garchomp\n|\n|win|caustic soda\n|raw|lllllllvvvvvvv's rating: 1000 &rarr; <strong>1000</strong><br />(+0 for losing)\n|raw|caustic soda's rating: 1077 &rarr; <strong>1099</strong><br />(+22 for winning)\n|l|\u2606lllllllvvvvvvv\n|player|p1|\n",
  "uploadtime": 1775891317,
  "views": 27,
  "formatid": "gen9championsvgc2026regma",
  "rating": 1000,
  "private": 0,
  "password": null
}