{
  "id": "gen9championsvgc2026regma-2583096525",
  "format": "[Gen 9 Champions] VGC 2026 Reg M-A",
  "players": [
    "zekstr",
    "Cosmicmemer"
  ],
  "log": "|j|\u2606zekstr\n|j|\u2606Cosmicmemer\n|t:|1776141564\n|gametype|doubles\n|player|p1|zekstr|roxie|\n|player|p2|Cosmicmemer|psychic-gen4|\n|gen|9\n|tier|[Gen 9 Champions] VGC 2026 Reg M-A\n|rated|Tournament battle\n|rule|Species Clause: Limit one of each Pok\u00e9mon\n|rule|Item Clause: Limit 1 of each item\n|clearpoke\n|poke|p1|Meganium, L50, F|\n|poke|p1|Pelipper, L50, F|\n|poke|p1|Basculegion, L50, M|\n|poke|p1|Clawitzer, L50, F|\n|poke|p1|Archaludon, L50, M|\n|poke|p1|Chimecho, L50, F|\n|poke|p2|Delphox, L50, M|\n|poke|p2|Garchomp, L50, F|\n|poke|p2|Rotom-Wash, L50|\n|poke|p2|Sinistcha, L50|\n|poke|p2|Aerodactyl, L50, M|\n|poke|p2|Tinkaton, L50, F|\n|teampreview|4\n|inactive|Battle timer is ON: inactive players will automatically lose when time's up. (requested by zekstr)\n|j| xielt\n|inactive|Cosmicmemer has 60 seconds left.\n|\n|t:|1776141599\n|teamsize|p1|4\n|teamsize|p2|4\n|start\n|switch|p1a: Pelipper|Pelipper, L50, F|100/100\n|switch|p1b: Basculegion|Basculegion, L50, M|100/100\n|switch|p2a: Rotom|Rotom-Wash, L50|100/100\n|switch|p2b: Tinkaton|Tinkaton, L50, F|100/100\n|-weather|RainDance|[from] ability: Drizzle|[of] p1a: Pelipper\n|turn|1\n|inactive|zekstr has 30 seconds left.\n|\n|t:|1776141633\n|switch|p1a: Meganium|Meganium, L50, F, shiny|100/100\n|move|p2b: Tinkaton|Fake Out|p1a: Meganium\n|-damage|p1a: Meganium|91/100\n|move|p1b: Basculegion|Flip Turn|p2a: Rotom\n|-resisted|p2a: Rotom|1\n|-damage|p2a: Rotom|71/100\n|\n|t:|1776141642\n|switch|p1b: Archaludon|Archaludon, L50, M|100/100|[from] Flip Turn\n|move|p2a: Rotom|Thunderbolt|p1b: Archaludon\n|-resisted|p1b: Archaludon|1\n|-damage|p1b: Archaludon|73/100\n|-status|p1b: Archaludon|par\n|\n|-weather|RainDance|[upkeep]\n|-heal|p1b: Archaludon|79/100 par|[from] item: Leftovers\n|upkeep\n|turn|2\n|inactive|zekstr has 30 seconds left.\n|inactive|Cosmicmemer has 30 seconds left.\n|\n|t:|1776141673\n|switch|p2a: Sinistcha|Sinistcha, L50|100/100\n|detailschange|p1a: Meganium|Meganium-Mega, L50, F, shiny\n|-mega|p1a: Meganium|Meganium|Meganiumite\n|move|p1b: Archaludon|Protect|p1b: Archaludon\n|-singleturn|p1b: Archaludon|Protect\n|move|p2b: Tinkaton|Gigaton Hammer|p1a: Meganium\n|-supereffective|p1a: Meganium|1\n|-damage|p1a: Meganium|0 fnt\n|faint|p1a: Meganium\n|\n|-weather|RainDance|[upkeep]\n|-heal|p1b: Archaludon|85/100 par|[from] item: Leftovers\n|upkeep\n|\n|t:|1776141691\n|switch|p1a: Pelipper|Pelipper, L50, F|100/100\n|turn|3\n|\n|t:|1776141706\n|switch|p2a: Rotom|Rotom-Wash, L50|71/100\n|move|p2b: Tinkaton|Encore|p1b: Archaludon\n|-start|p1b: Archaludon|Encore\n|move|p1b: Archaludon|Protect|p1b: Archaludon\n|-singleturn|p1b: Archaludon|Protect\n|move|p1a: Pelipper|Hurricane|p2a: Rotom\n|-resisted|p2a: Rotom|1\n|-damage|p2a: Rotom|38/100\n|\n|-weather|RainDance|[upkeep]\n|-heal|p1b: Archaludon|91/100 par|[from] item: Leftovers\n|upkeep\n|turn|4\n|\n|t:|1776141727\n|switch|p1b: Basculegion|Basculegion, L50, M|100/100\n|move|p2a: Rotom|Volt Switch|p1a: Pelipper\n|-supereffective|p1a: Pelipper|2\n|-damage|p1a: Pelipper|0 fnt\n|faint|p1a: Pelipper\n|\n|t:|1776141735\n|switch|p2a: Sinistcha|Sinistcha, L50|100/100|[from] Volt Switch\n|move|p2b: Tinkaton|Play Rough|p1b: Basculegion\n|-damage|p1b: Basculegion|59/100\n|-unboost|p1b: Basculegion|atk|1\n|\n|-weather|RainDance|[upkeep]\n|upkeep\n|\n|t:|1776141737\n|switch|p1a: Archaludon|Archaludon, L50, M|91/100 par\n|turn|5\n|l| xielt\n|\n|t:|1776141752\n|move|p1b: Basculegion|Phantom Force||[still]\n|-prepare|p1b: Basculegion|Phantom Force\n|move|p2b: Tinkaton|Play Rough|p1a: Archaludon\n|-damage|p1a: Archaludon|66/100 par\n|move|p2a: Sinistcha|Matcha Gotcha|p1a: Archaludon|[spread] p1a\n|-miss|p2a: Sinistcha|p1b: Basculegion\n|-resisted|p1a: Archaludon|2\n|-damage|p1a: Archaludon|59/100 par\n|move|p1a: Archaludon|Electro Shot||[still]\n|-prepare|p1a: Archaludon|Electro Shot\n|-boost|p1a: Archaludon|spa|1\n|-anim|p1a: Archaludon|Electro Shot|p2b: Tinkaton\n|-damage|p2b: Tinkaton|21/100\n|\n|-weather|none\n|-heal|p1a: Archaludon|65/100 par|[from] item: Leftovers\n|upkeep\n|turn|6\n|inactive|zekstr has 30 seconds left.\n|inactive|Cosmicmemer has 30 seconds left.\n|\n|t:|1776141783\n|switch|p2b: Garchomp|Garchomp, L50, F|100/100\n|move|p2a: Sinistcha|Rage Powder|p2a: Sinistcha\n|-singleturn|p2a: Sinistcha|move: Rage Powder\n|move|p1b: Basculegion|Phantom Force|p2a: Sinistcha|[from] lockedmove\n|-supereffective|p2a: Sinistcha|1\n|-crit|p2a: Sinistcha\n|-damage|p2a: Sinistcha|6/100\n|-enditem|p2a: Sinistcha|Sitrus Berry|[eat]\n|-heal|p2a: Sinistcha|31/100|[from] item: Sitrus Berry\n|move|p1a: Archaludon|Flash Cannon|p2b: Garchomp\n|-damage|p2b: Garchomp|21/100\n|\n|-heal|p1a: Archaludon|71/100 par|[from] item: Leftovers\n|upkeep\n|turn|7\n|inactive|zekstr has 30 seconds left.\n|\n|t:|1776141813\n|move|p1a: Archaludon|Protect|p1a: Archaludon\n|-singleturn|p1a: Archaludon|Protect\n|move|p2b: Garchomp|Earthquake|p1b: Basculegion|[spread] p2a,p1b\n|-activate|p1a: Archaludon|move: Protect\n|-resisted|p2a: Sinistcha|1\n|-damage|p2a: Sinistcha|16/100\n|-damage|p1b: Basculegion|5/100\n|move|p1b: Basculegion|Wave Crash|p2b: Garchomp\n|-damage|p2b: Garchomp|0 fnt\n|-damage|p1b: Basculegion|0 fnt|[from] ability: Rough Skin|[of] p2b: Garchomp\n|faint|p2b: Garchomp\n|faint|p1b: Basculegion\n|move|p2a: Sinistcha|Calm Mind|p2a: Sinistcha\n|-boost|p2a: Sinistcha|spa|1\n|-boost|p2a: Sinistcha|spd|1\n|\n|-heal|p1a: Archaludon|77/100 par|[from] item: Leftovers\n|upkeep\n|\n|t:|1776141825\n|switch|p2b: Tinkaton|Tinkaton, L50, F|21/100\n|turn|8\n|\n|t:|1776141839\n|move|p2b: Tinkaton|Fake Out|p1a: Archaludon\n|-resisted|p1a: Archaludon|1\n|-damage|p1a: Archaludon|74/100 par\n|move|p2a: Sinistcha|Life Dew|p2a: Sinistcha|[spread] p2a,p2b\n|-heal|p2a: Sinistcha|41/100\n|-heal|p2b: Tinkaton|46/100\n|cant|p1a: Archaludon|flinch\n|\n|-heal|p1a: Archaludon|80/100 par|[from] item: Leftovers\n|upkeep\n|turn|9\n|\n|t:|1776141859\n|move|p2b: Tinkaton|Play Rough|p1a: Archaludon|[miss]\n|-miss|p2b: Tinkaton|p1a: Archaludon\n|move|p2a: Sinistcha|Life Dew|p2a: Sinistcha|[spread] p2a,p2b\n|-heal|p2a: Sinistcha|66/100\n|-heal|p2b: Tinkaton|71/100\n|move|p1a: Archaludon|Flash Cannon|p2b: Tinkaton\n|-damage|p2b: Tinkaton|0 fnt\n|faint|p2b: Tinkaton\n|\n|-heal|p1a: Archaludon|86/100 par|[from] item: Leftovers\n|upkeep\n|\n|t:|1776141871\n|switch|p2b: Rotom|Rotom-Wash, L50|38/100\n|turn|10\n|\n|t:|1776141888\n|move|p1a: Archaludon|Protect|p1a: Archaludon\n|-singleturn|p1a: Archaludon|Protect\n|move|p2b: Rotom|Hydro Pump|p1a: Archaludon\n|-activate|p1a: Archaludon|move: Protect\n|move|p2a: Sinistcha|Calm Mind|p2a: Sinistcha\n|-boost|p2a: Sinistcha|spa|1\n|-boost|p2a: Sinistcha|spd|1\n|\n|-heal|p1a: Archaludon|92/100 par|[from] item: Leftovers\n|upkeep\n|turn|11\n|\n|t:|1776141894\n|move|p2b: Rotom|Hydro Pump|p1a: Archaludon\n|-resisted|p1a: Archaludon|1\n|-crit|p1a: Archaludon\n|-damage|p1a: Archaludon|48/100 par\n|move|p2a: Sinistcha|Calm Mind|p2a: Sinistcha\n|-boost|p2a: Sinistcha|spa|1\n|-boost|p2a: Sinistcha|spd|1\n|move|p1a: Archaludon|Electro Shot||[still]\n|-prepare|p1a: Archaludon|Electro Shot\n|-boost|p1a: Archaludon|spa|1\n|\n|-heal|p1a: Archaludon|54/100 par|[from] item: Leftovers\n|upkeep\n|turn|12\n|\n|t:|1776141915\n|move|p2b: Rotom|Hydro Pump|p1a: Archaludon|[miss]\n|-miss|p2b: Rotom|p1a: Archaludon\n|move|p2a: Sinistcha|Calm Mind|p2a: Sinistcha\n|-boost|p2a: Sinistcha|spa|1\n|-boost|p2a: Sinistcha|spd|1\n|move|p1a: Archaludon|Electro Shot|p2b: Rotom|[from] lockedmove\n|-damage|p2b: Rotom|0 fnt\n|faint|p2b: Rotom\n|\n|-heal|p1a: Archaludon|60/100 par|[from] item: Leftovers\n|upkeep\n|turn|13\n|\n|t:|1776141937\n|move|p2a: Sinistcha|Matcha Gotcha|p1a: Archaludon\n|-resisted|p1a: Archaludon|2\n|-damage|p1a: Archaludon|28/100 par\n|-heal|p2a: Sinistcha|84/100|[from] drain|[of] p1a: Archaludon\n|move|p1a: Archaludon|Flash Cannon|p2a: Sinistcha\n|-damage|p2a: Sinistcha|50/100\n|-unboost|p2a: Sinistcha|spd|1\n|\n|-heal|p1a: Archaludon|34/100 par|[from] item: Leftovers\n|upkeep\n|turn|14\n|\n|t:|1776141950\n|move|p2a: Sinistcha|Matcha Gotcha|p1a: Archaludon\n|-resisted|p1a: Archaludon|2\n|-damage|p1a: Archaludon|5/100 par\n|-heal|p2a: Sinistcha|66/100|[from] drain|[of] p1a: Archaludon\n|move|p1a: Archaludon|Draco Meteor|p2a: Sinistcha\n|-damage|p2a: Sinistcha|0 fnt\n|-unboost|p1a: Archaludon|spa|2\n|faint|p2a: Sinistcha\n|\n|win|zekstr\n|n|\u2606zekstr|zekstr\n|n|\u2606Cosmicmemer|cosmicmemer\n|l|\u2606Cosmicmemer\n|player|p2|\n|c|\u2606zekstr|gg\n",
  "uploadtime": 1776141998,
  "views": 12,
  "formatid": "gen9championsvgc2026regma",
  "rating": null,
  "private": 0,
  "password": null
}