{
  "id": "gen9championsvgc2026regma-2585855077",
  "format": "[Gen 9 Champions] VGC 2026 Reg M-A",
  "players": [
    "KaminaN",
    "XxSlayer717xX"
  ],
  "log": "|j|\u2606KaminaN\n|j|\u203dXxSlayer717xX\n|t:|1776375803\n|gametype|doubles\n|player|p1|KaminaN|burglar|1022\n|player|p2|XxSlayer717xX|102|1039\n|gen|9\n|tier|[Gen 9 Champions] VGC 2026 Reg M-A\n|rated|\n|rule|Species Clause: Limit one of each Pok\u00e9mon\n|rule|Item Clause: Limit 1 of each item\n|clearpoke\n|poke|p1|Excadrill, L50, M|\n|poke|p1|Tyranitar, L50, F|\n|poke|p1|Aerodactyl, L50, F|\n|poke|p1|Incineroar, L50, M|\n|poke|p1|Floette-Eternal, L50, F|\n|poke|p1|Aegislash, L50, M|\n|poke|p2|Starmie, L50|\n|poke|p2|Incineroar, L50, F|\n|poke|p2|Tyranitar, L50, M|\n|poke|p2|Farigiraf, L50, M|\n|poke|p2|Cofagrigus, L50, M|\n|poke|p2|Empoleon, L50, F|\n|teampreview|4\n|\n|t:|1776375838\n|teamsize|p1|4\n|teamsize|p2|4\n|start\n|switch|p1a: Tyranitar|Tyranitar, L50, F|100/100\n|switch|p1b: Excadrill|Excadrill, L50, M|100/100\n|switch|p2a: Cofagrigus|Cofagrigus, L50, M|100/100\n|switch|p2b: Starmie|Starmie, L50|100/100\n|-weather|Sandstorm|[from] ability: Sand Stream|[of] p1a: Tyranitar\n|turn|1\n|\n|t:|1776375861\n|detailschange|p2b: Starmie|Starmie-Mega, L50\n|-mega|p2b: Starmie|Starmie|Starminite\n|detailschange|p1b: Excadrill|Excadrill-Mega, L50, M\n|-mega|p1b: Excadrill|Excadrill|Excadrite\n|move|p1a: Tyranitar|Protect|p1a: Tyranitar\n|-singleturn|p1a: Tyranitar|Protect\n|move|p2b: Starmie|Liquidation|p1a: Tyranitar\n|-activate|p1a: Tyranitar|move: Protect\n|move|p1b: Excadrill|Earthquake|p2a: Cofagrigus|[spread] p2a,p2b\n|-activate|p1a: Tyranitar|move: Protect\n|-damage|p2a: Cofagrigus|64/100\n|-damage|p2b: Starmie|45/100\n|move|p2a: Cofagrigus|Will-O-Wisp|p1b: Excadrill\n|-status|p1b: Excadrill|brn\n|\n|-weather|Sandstorm|[upkeep]\n|-damage|p2b: Starmie|39/100|[from] Sandstorm\n|-damage|p2a: Cofagrigus|58/100|[from] Sandstorm\n|-damage|p1b: Excadrill|95/100 brn|[from] brn\n|upkeep\n|turn|2\n|\n|t:|1776375883\n|switch|p1b: Aerodactyl|Aerodactyl, L50, F|100/100\n|-ability|p1b: Aerodactyl|Unnerve\n|move|p2b: Starmie|Liquidation|p1b: Aerodactyl\n|-supereffective|p1b: Aerodactyl|1\n|-enditem|p1b: Aerodactyl|Focus Sash\n|-damage|p1b: Aerodactyl|1/100\n|move|p1a: Tyranitar|Rock Slide|p2a: Cofagrigus|[spread] p2b\n|-miss|p1a: Tyranitar|p2a: Cofagrigus\n|-damage|p2b: Starmie|6/100\n|move|p2a: Cofagrigus|Will-O-Wisp|p1a: Tyranitar\n|-status|p1a: Tyranitar|brn\n|\n|-weather|Sandstorm|[upkeep]\n|-damage|p2b: Starmie|0 fnt|[from] Sandstorm\n|-damage|p2a: Cofagrigus|52/100|[from] Sandstorm\n|faint|p2b: Starmie\n|-damage|p1a: Tyranitar|95/100 brn|[from] brn\n|upkeep\n|\n|t:|1776375911\n|switch|p2b: Tyranitar|Tyranitar, L50, M|100/100\n|turn|3\n|\n|t:|1776375924\n|move|p1a: Tyranitar|Protect|p1a: Tyranitar\n|-singleturn|p1a: Tyranitar|Protect\n|move|p1b: Aerodactyl|Tailwind|p1b: Aerodactyl\n|-sidestart|p1: KaminaN|move: Tailwind\n|move|p2b: Tyranitar|Rock Slide|p1a: Tyranitar|[spread] \n|-activate|p1a: Tyranitar|move: Protect\n|-miss|p2b: Tyranitar|p1b: Aerodactyl\n|move|p2a: Cofagrigus|Trick Room|p2a: Cofagrigus\n|-fieldstart|move: Trick Room|[of] p2a: Cofagrigus\n|\n|-weather|Sandstorm|[upkeep]\n|-damage|p2a: Cofagrigus|46/100|[from] Sandstorm\n|-heal|p1a: Tyranitar|100/100 brn|[from] item: Leftovers\n|-damage|p1a: Tyranitar|95/100 brn|[from] brn\n|upkeep\n|turn|4\n|\n|t:|1776375944\n|switch|p2a: Empoleon|Empoleon, L50, F|100/100\n|move|p2b: Tyranitar|Rock Slide|p1a: Tyranitar|[spread] p1a,p1b\n|-supereffective|p1b: Aerodactyl|1\n|-damage|p1a: Tyranitar|74/100 brn\n|-damage|p1b: Aerodactyl|0 fnt\n|faint|p1b: Aerodactyl\n|move|p1a: Tyranitar|Rock Slide|p2a: Empoleon|[spread] p2a,p2b\n|-resisted|p2a: Empoleon|1\n|-damage|p2a: Empoleon|93/100\n|-damage|p2b: Tyranitar|92/100\n|\n|-weather|Sandstorm|[upkeep]\n|-heal|p1a: Tyranitar|80/100 brn|[from] item: Leftovers\n|-damage|p1a: Tyranitar|74/100 brn|[from] brn\n|upkeep\n|\n|t:|1776375957\n|switch|p1b: Excadrill|Excadrill-Mega, L50, M|95/100 brn\n|turn|5\n|\n|t:|1776375964\n|move|p1a: Tyranitar|Protect|p1a: Tyranitar\n|-singleturn|p1a: Tyranitar|Protect\n|move|p2b: Tyranitar|Knock Off|p1a: Tyranitar\n|-activate|p1a: Tyranitar|move: Protect\n|move|p2a: Empoleon|Hydro Pump|p1b: Excadrill\n|-supereffective|p1b: Excadrill|1\n|-damage|p1b: Excadrill|0 fnt\n|faint|p1b: Excadrill\n|\n|-weather|none\n|-heal|p1a: Tyranitar|80/100 brn|[from] item: Leftovers\n|-damage|p1a: Tyranitar|74/100 brn|[from] brn\n|upkeep\n|-message|KaminaN forfeited.\n|\n|win|XxSlayer717xX\n|raw|KaminaN's rating: 1022 &rarr; <strong>1009</strong><br />(-13 for losing)\n|raw|XxSlayer717xX's rating: 1039 &rarr; <strong>1071</strong><br />(+32 for winning)\n|l|\u2606KaminaN\n|player|p1|\n",
  "uploadtime": 1776375980,
  "views": 26,
  "formatid": "gen9championsvgc2026regma",
  "rating": 1009,
  "private": 0,
  "password": null
}