{
  "id": "gen9championsvgc2026regma-2586263738",
  "format": "[Gen 9 Champions] VGC 2026 Reg M-A",
  "players": [
    "AAAlelele",
    "nobeigar"
  ],
  "log": "|j|\u2606AAAlelele\n|j|\u2606nobeigar\n|t:|1776418921\n|gametype|doubles\n|player|p1|AAAlelele|ninjaboy|1317\n|player|p2|nobeigar|170|1427\n|gen|9\n|tier|[Gen 9 Champions] VGC 2026 Reg M-A\n|rated|\n|rule|Species Clause: Limit one of each Pok\u00e9mon\n|rule|Item Clause: Limit 1 of each item\n|clearpoke\n|poke|p1|Floette-Eternal, L50, F|\n|poke|p1|Sneasler, L50, F|\n|poke|p1|Kingambit, L50, F|\n|poke|p1|Farigiraf, L50, M|\n|poke|p1|Camerupt, L50, M|\n|poke|p1|Rotom-Heat, L50|\n|poke|p2|Gengar, L50, M|\n|poke|p2|Tyranitar, L50, M|\n|poke|p2|Incineroar, L50, M|\n|poke|p2|Excadrill, L50, F|\n|poke|p2|Kommo-o, L50, F|\n|poke|p2|Sinistcha, L50|\n|teampreview|4\n|\n|t:|1776418958\n|teamsize|p1|4\n|teamsize|p2|4\n|start\n|switch|p1a: Sneasler|Sneasler, L50, F|100/100\n|switch|p1b: Farigiraf|Farigiraf, L50, M|100/100\n|switch|p2a: Excadrill|Excadrill, L50, F|100/100\n|switch|p2b: Gengar|Gengar, L50, M|100/100\n|turn|1\n|l|\u2606AAAlelele\n|player|p1|\n|j|\u2606AAAlelele\n|player|p1|AAAlelele|ninjaboy|\n|\n|t:|1776419008\n|switch|p2a: Incineroar|Incineroar, L50, M|100/100\n|-ability|p2a: Incineroar|Intimidate|boost\n|-unboost|p1a: Sneasler|atk|1\n|-unboost|p1b: Farigiraf|atk|1\n|-enditem|p1a: Sneasler|White Herb\n|-clearnegativeboost|p1a: Sneasler|[silent]\n|detailschange|p2b: Gengar|Gengar-Mega, L50, M\n|-mega|p2b: Gengar|Gengar|Gengarite\n|move|p1a: Sneasler|U-turn|p2a: Incineroar\n|-crit|p2a: Incineroar\n|-damage|p2a: Incineroar|73/100\n|\n|t:|1776419021\n|switch|p1a: Camerupt|Camerupt, L50, M|100/100|[from] U-turn\n|move|p2b: Gengar|Sludge Bomb|p1b: Farigiraf\n|-damage|p1b: Farigiraf|38/100\n|move|p1b: Farigiraf|Trick Room|p1b: Farigiraf\n|-fieldstart|move: Trick Room|[of] p1b: Farigiraf\n|\n|upkeep\n|turn|2\n|\n|t:|1776419035\n|detailschange|p1a: Camerupt|Camerupt-Mega, L50, M\n|-mega|p1a: Camerupt|Camerupt|Cameruptite\n|move|p1b: Farigiraf|Helping Hand|p1a: Camerupt\n|-singleturn|p1a: Camerupt|Helping Hand|[of] p1b: Farigiraf\n|move|p2b: Gengar|Protect|p2b: Gengar\n|-singleturn|p2b: Gengar|Protect\n|move|p1a: Camerupt|Eruption|p2b: Gengar|[spread] p2a\n|-activate|p2b: Gengar|move: Protect\n|-resisted|p2a: Incineroar|1\n|-damage|p2a: Incineroar|32/100\n|move|p2a: Incineroar|Parting Shot|p1a: Camerupt\n|-unboost|p1a: Camerupt|atk|1\n|-unboost|p1a: Camerupt|spa|1\n|\n|t:|1776419059\n|switch|p2a: Excadrill|Excadrill, L50, F|100/100|[from] Parting Shot\n|\n|upkeep\n|turn|3\n|\n|t:|1776419074\n|switch|p2b: Incineroar|Incineroar, L50, M|32/100\n|-ability|p2b: Incineroar|Intimidate|boost\n|-unboost|p1a: Camerupt|atk|1\n|-unboost|p1b: Farigiraf|atk|1\n|move|p1a: Camerupt|Eruption|p2a: Excadrill|[spread] p2a,p2b\n|-supereffective|p2a: Excadrill|1\n|-resisted|p2b: Incineroar|1\n|-enditem|p2a: Excadrill|Focus Sash\n|-damage|p2a: Excadrill|1/100\n|-damage|p2b: Incineroar|12/100\n|move|p1b: Farigiraf|Hyper Voice|p2b: Incineroar|[spread] p2a,p2b\n|-resisted|p2a: Excadrill|1\n|-damage|p2a: Excadrill|0 fnt\n|-damage|p2b: Incineroar|0 fnt\n|faint|p2a: Excadrill\n|faint|p2b: Incineroar\n|\n|upkeep\n|\n|t:|1776419086\n|switch|p2b: Gengar|Gengar-Mega, L50, M|100/100\n|switch|p2a: Tyranitar|Tyranitar, L50, M|100/100\n|-weather|Sandstorm|[from] ability: Sand Stream|[of] p2a: Tyranitar\n|turn|4\n|\n|t:|1776419103\n|move|p1b: Farigiraf|Helping Hand|p1a: Camerupt\n|-singleturn|p1a: Camerupt|Helping Hand|[of] p1b: Farigiraf\n|move|p2b: Gengar|Protect|p2b: Gengar\n|-singleturn|p2b: Gengar|Protect\n|move|p1a: Camerupt|Earth Power|p2a: Tyranitar\n|-supereffective|p2a: Tyranitar|1\n|-damage|p2a: Tyranitar|11/100\n|move|p2a: Tyranitar|Assurance|p1b: Farigiraf\n|-supereffective|p1b: Farigiraf|1\n|-crit|p1b: Farigiraf\n|-enditem|p1b: Farigiraf|Colbur Berry|[eat]\n|-enditem|p1b: Farigiraf|Colbur Berry|[weaken]\n|-damage|p1b: Farigiraf|0 fnt\n|faint|p1b: Farigiraf\n|\n|-weather|Sandstorm|[upkeep]\n|-damage|p2b: Gengar|95/100|[from] Sandstorm\n|upkeep\n|\n|t:|1776419114\n|switch|p1b: Kingambit|Kingambit, L50, F|100/100\n|turn|5\n|\n|t:|1776419124\n|move|p1a: Camerupt|Eruption|p2b: Gengar|[spread] p2a,p2b\n|-resisted|p2a: Tyranitar|1\n|-damage|p2a: Tyranitar|0 fnt\n|-damage|p2b: Gengar|33/100\n|faint|p2a: Tyranitar\n|move|p1b: Kingambit|Lash Out|p2b: Gengar\n|-supereffective|p2b: Gengar|1\n|-damage|p2b: Gengar|0 fnt\n|faint|p2b: Gengar\n|\n|win|AAAlelele\n|raw|AAAlelele's rating: 1317 &rarr; <strong>1343</strong><br />(+26 for winning)\n|raw|nobeigar's rating: 1427 &rarr; <strong>1401</strong><br />(-26 for losing)\n|l|\u2606nobeigar\n|player|p2|\n",
  "uploadtime": 1776419205,
  "views": 32,
  "formatid": "gen9championsvgc2026regma",
  "rating": 1343,
  "private": 0,
  "password": null
}