{
  "id": "gen9championsvgc2026regma-2586879094",
  "format": "[Gen 9 Champions] VGC 2026 Reg M-A",
  "players": [
    "Josegalasso96",
    "mkugmrs_guest"
  ],
  "log": "|j|\u2606Josegalasso96\n|j|\u2606mkugmrs_guest\n|t:|1776467882\n|gametype|doubles\n|player|p1|Josegalasso96|102|1092\n|player|p2|mkugmrs_guest|102|1066\n|gen|9\n|tier|[Gen 9 Champions] VGC 2026 Reg M-A\n|rated|\n|rule|Species Clause: Limit one of each Pok\u00e9mon\n|rule|Item Clause: Limit 1 of each item\n|clearpoke\n|poke|p1|Hatterene, L50, F|\n|poke|p1|Sinistcha, L50|\n|poke|p1|Kingambit, L50, M|\n|poke|p1|Golurk, L50|\n|poke|p1|Umbreon, L50, F|\n|poke|p1|Volcarona, L50, M|\n|poke|p2|Floette-Eternal, L50, F|\n|poke|p2|Torkoal, L50, F|\n|poke|p2|Farigiraf, L50, M|\n|poke|p2|Aerodactyl, L50, M|\n|poke|p2|Chimecho, L50, F|\n|poke|p2|Gallade, L50, M|\n|teampreview|4\n|inactive|Battle timer is ON: inactive players will automatically lose when time's up. (requested by Josegalasso96)\n|\n|t:|1776467909\n|teamsize|p1|4\n|teamsize|p2|4\n|start\n|switch|p1a: Hatterene|Hatterene, L50, F|100/100\n|switch|p1b: Umbreon|Umbreon, L50, F|100/100\n|switch|p2a: Torkoal|Torkoal, L50, F|100/100\n|switch|p2b: Aerodactyl|Aerodactyl, L50, M|100/100\n|-ability|p2b: Aerodactyl|Unnerve\n|-weather|SunnyDay|[from] ability: Drought|[of] p2a: Torkoal\n|turn|1\n|\n|t:|1776467930\n|move|p2b: Aerodactyl|Dual Wingbeat|p1a: Hatterene|[miss]\n|-miss|p2b: Aerodactyl|p1a: Hatterene\n|move|p1b: Umbreon|Snarl|p2a: Torkoal|[spread] p2a,p2b\n|-damage|p2a: Torkoal|90/100\n|-damage|p2b: Aerodactyl|88/100\n|-unboost|p2a: Torkoal|spa|1\n|-unboost|p2b: Aerodactyl|spa|1\n|move|p1a: Hatterene|Psychic|p2b: Aerodactyl\n|-damage|p2b: Aerodactyl|15/100\n|move|p2a: Torkoal|Heat Wave|p1a: Hatterene|[spread] p1a,p1b\n|-damage|p1a: Hatterene|74/100\n|-damage|p1b: Umbreon|88/100\n|\n|-weather|SunnyDay|[upkeep]\n|-heal|p2a: Torkoal|97/100|[from] item: Leftovers\n|upkeep\n|turn|2\n|\n|t:|1776467952\n|move|p2b: Aerodactyl|Protect|p2b: Aerodactyl\n|-singleturn|p2b: Aerodactyl|Protect\n|move|p1a: Hatterene|Protect|p1a: Hatterene\n|-singleturn|p1a: Hatterene|Protect\n|move|p1b: Umbreon|Foul Play|p2b: Aerodactyl\n|-activate|p2b: Aerodactyl|move: Protect\n|move|p2a: Torkoal|Yawn|p1b: Umbreon\n|-start|p1b: Umbreon|move: Yawn|[of] p2a: Torkoal\n|\n|-weather|SunnyDay|[upkeep]\n|-heal|p2a: Torkoal|100/100|[from] item: Leftovers\n|upkeep\n|turn|3\n|\n|t:|1776467972\n|move|p2a: Torkoal|Protect|p2a: Torkoal\n|-singleturn|p2a: Torkoal|Protect\n|move|p2b: Aerodactyl|Dual Wingbeat|p1a: Hatterene\n|-damage|p1a: Hatterene|57/100\n|-damage|p1a: Hatterene|37/100\n|-hitcount|p1a: Hatterene|2\n|move|p1b: Umbreon|Yawn|p2a: Torkoal\n|-activate|p2a: Torkoal|move: Protect\n|move|p1a: Hatterene|Psychic|p2b: Aerodactyl\n|-damage|p2b: Aerodactyl|0 fnt\n|faint|p2b: Aerodactyl\n|\n|-weather|SunnyDay|[upkeep]\n|-end|p1b: Umbreon|move: Yawn|[silent]\n|-status|p1b: Umbreon|slp\n|upkeep\n|\n|t:|1776467986\n|switch|p2b: Gallade|Gallade, L50, M|100/100\n|turn|4\n|\n|t:|1776467996\n|switch|p1b: Golurk|Golurk, L50|100/100\n|move|p2b: Gallade|Sacred Sword|p1b: Golurk\n|-immune|p1b: Golurk\n|move|p1a: Hatterene|Dazzling Gleam|p2a: Torkoal|[spread] p2a,p2b\n|-resisted|p2a: Torkoal|1\n|-supereffective|p2b: Gallade|1\n|-damage|p2a: Torkoal|78/100\n|-damage|p2b: Gallade|18/100\n|move|p2a: Torkoal|Heat Wave|p1b: Golurk|[spread] p1a,p1b\n|-damage|p1a: Hatterene|13/100\n|-damage|p1b: Golurk|74/100\n|\n|-weather|SunnyDay|[upkeep]\n|-heal|p2a: Torkoal|85/100|[from] item: Leftovers\n|upkeep\n|turn|5\n|inactive|Josegalasso96 has 30 seconds left.\n|\n|t:|1776468021\n|move|p1a: Hatterene|Protect|p1a: Hatterene\n|-singleturn|p1a: Hatterene|Protect\n|move|p2b: Gallade|Night Slash|p1a: Hatterene\n|-activate|p1a: Hatterene|move: Protect\n|move|p1b: Golurk|Poltergeist|p2b: Gallade\n|-activate|p2b: Gallade|move: Poltergeist|Black Belt\n|-supereffective|p2b: Gallade|1\n|-damage|p2b: Gallade|0 fnt\n|faint|p2b: Gallade\n|move|p2a: Torkoal|Solar Beam||[still]\n|-prepare|p2a: Torkoal|Solar Beam\n|-anim|p2a: Torkoal|Solar Beam|p1b: Golurk\n|-supereffective|p1b: Golurk|1\n|-damage|p1b: Golurk|39/100\n|\n|-weather|none\n|-heal|p2a: Torkoal|91/100|[from] item: Leftovers\n|upkeep\n|\n|t:|1776468030\n|switch|p2b: Chimecho|Chimecho, L50, F|100/100\n|turn|6\n|\n|t:|1776468051\n|switch|p1a: Umbreon|Umbreon, L50, F|88/100 slp\n|detailschange|p2b: Chimecho|Chimecho-Mega, L50, F\n|-mega|p2b: Chimecho|Chimecho|Chimechite\n|detailschange|p1b: Golurk|Golurk-Mega, L50\n|-mega|p1b: Golurk|Golurk|Golurkite\n|move|p2b: Chimecho|Psychic|p1b: Golurk\n|-damage|p1b: Golurk|0 fnt\n|faint|p1b: Golurk\n|move|p2a: Torkoal|Heat Wave|p1a: Umbreon\n|-damage|p1a: Umbreon|77/100 slp\n|\n|-heal|p2a: Torkoal|97/100|[from] item: Leftovers\n|upkeep\n|-message|Josegalasso96 forfeited.\n|\n|win|mkugmrs_guest\n|raw|Josegalasso96's rating: 1092 &rarr; <strong>1066</strong><br />(-26 for losing)\n|raw|mkugmrs_guest's rating: 1066 &rarr; <strong>1098</strong><br />(+32 for winning)\n|l|\u2606Josegalasso96\n|player|p1|\n",
  "uploadtime": 1776468067,
  "views": 21,
  "formatid": "gen9championsvgc2026regma",
  "rating": 1066,
  "private": 0,
  "password": null
}