{
  "id": "gen9championsvgc2026regma-2580787247",
  "format": "[Gen 9 Champions] VGC 2026 Reg M-A",
  "players": [
    "fimmm",
    "saint130105"
  ],
  "log": "|j|\u2606fimmm\n|j|\u2606saint130105\n|t:|1775932450\n|gametype|doubles\n|player|p1|fimmm|whitney|1230\n|player|p2|saint130105|steven|1203\n|gen|9\n|tier|[Gen 9 Champions] VGC 2026 Reg M-A\n|rated|\n|rule|Species Clause: Limit one of each Pok\u00e9mon\n|rule|Item Clause: Limit 1 of each item\n|clearpoke\n|poke|p1|Glaceon, L50, M|\n|poke|p1|Slowking, L50, M|\n|poke|p1|Armarouge, L50, M|\n|poke|p1|Abomasnow, L50, M|\n|poke|p1|Liepard, L50, M|\n|poke|p1|Rhyperior, L50, M|\n|poke|p2|Typhlosion-Hisui, L50, M|\n|poke|p2|Whimsicott, L50, M|\n|poke|p2|Venusaur, L50, F|\n|poke|p2|Torkoal, L50, F|\n|poke|p2|Gallade, L50, M|\n|poke|p2|Farigiraf, L50, M|\n|teampreview|4\n|inactive|Battle timer is ON: inactive players will automatically lose when time's up. (requested by saint130105)\n|inactive|fimmm also wants the timer to be on.\n|inactive|fimmm has 60 seconds left.\n|inactive|saint130105 has 60 seconds left.\n|\n|t:|1775932497\n|teamsize|p1|4\n|teamsize|p2|4\n|start\n|switch|p1a: Glaceon|Glaceon, L50, M|100/100\n|switch|p1b: Armarouge|Armarouge, L50, M|100/100\n|switch|p2a: Typhlosion|Typhlosion-Hisui, L50, M|100/100\n|switch|p2b: Whimsicott|Whimsicott, L50, M|100/100\n|turn|1\n|inactive|saint130105 has 30 seconds left.\n|\n|t:|1775932532\n|switch|p2b: Gallade|Gallade, L50, M|100/100\n|switch|p1b: Abomasnow|Abomasnow, L50, M|100/100\n|-weather|Snowscape|[from] ability: Snow Warning|[of] p1b: Abomasnow\n|move|p2a: Typhlosion|Shadow Ball|p1b: Abomasnow\n|-damage|p1b: Abomasnow|57/100\n|move|p1a: Glaceon|Freeze-Dry|p2b: Gallade\n|-damage|p2b: Gallade|60/100\n|\n|-weather|Snowscape|[upkeep]\n|upkeep\n|turn|2\n|inactive|fimmm has 30 seconds left.\n|inactive|saint130105 has 30 seconds left.\n|inactive|saint130105 has 20 seconds left.\n|\n|t:|1775932570\n|switch|p2a: Whimsicott|Whimsicott, L50, M|100/100\n|detailschange|p1b: Abomasnow|Abomasnow-Mega, L50, M\n|-mega|p1b: Abomasnow|Abomasnow|Abomasite\n|move|p1b: Abomasnow|Protect|p1b: Abomasnow\n|-singleturn|p1b: Abomasnow|Protect\n|move|p2b: Gallade|Sacred Sword|p1a: Glaceon\n|-supereffective|p1a: Glaceon|1\n|-damage|p1a: Glaceon|0 fnt\n|faint|p1a: Glaceon\n|\n|-weather|Snowscape|[upkeep]\n|upkeep\n|\n|t:|1775932584\n|switch|p1a: Slowking|Slowking, L50, M|100/100\n|turn|3\n|\n|t:|1775932593\n|switch|p1b: Armarouge|Armarouge, L50, M|100/100\n|move|p2a: Whimsicott|Sunny Day|p2a: Whimsicott\n|-weather|SunnyDay\n|move|p2b: Gallade|Sacred Sword|p1b: Armarouge\n|-resisted|p1b: Armarouge|1\n|-crit|p1b: Armarouge\n|-damage|p1b: Armarouge|47/100\n|move|p1a: Slowking|Trick Room|p1a: Slowking\n|-fieldstart|move: Trick Room|[of] p1a: Slowking\n|\n|-weather|SunnyDay|[upkeep]\n|upkeep\n|turn|4\n|inactive|saint130105 has 30 seconds left.\n|\n|t:|1775932623\n|switch|p2b: Typhlosion|Typhlosion-Hisui, L50, M|100/100\n|move|p2a: Whimsicott|Encore|p1a: Slowking\n|-start|p1a: Slowking|Encore\n|move|p1b: Armarouge|Heat Wave|p2a: Whimsicott|[spread] p2a,p2b\n|-supereffective|p2a: Whimsicott|1\n|-resisted|p2b: Typhlosion|1\n|-enditem|p2a: Whimsicott|Focus Sash\n|-damage|p2a: Whimsicott|1/100\n|-damage|p2b: Typhlosion|62/100\n|move|p1a: Slowking|Trick Room|p1a: Slowking\n|-fieldend|move: Trick Room\n|\n|-weather|SunnyDay|[upkeep]\n|upkeep\n|turn|5\n|inactive|saint130105 has 30 seconds left.\n|\n|t:|1775932652\n|switch|p1b: Abomasnow|Abomasnow-Mega, L50, M|57/100\n|-weather|Snowscape|[from] ability: Snow Warning|[of] p1b: Abomasnow\n|move|p2b: Typhlosion|Shadow Ball|p1b: Abomasnow\n|-damage|p1b: Abomasnow|19/100\n|move|p2a: Whimsicott|Moonblast|p1b: Abomasnow\n|-damage|p1b: Abomasnow|0 fnt\n|faint|p1b: Abomasnow\n|move|p1a: Slowking|Trick Room|p1a: Slowking\n|-fieldstart|move: Trick Room|[of] p1a: Slowking\n|\n|-weather|Snowscape|[upkeep]\n|upkeep\n|\n|t:|1775932655\n|switch|p1b: Armarouge|Armarouge, L50, M|47/100\n|turn|6\n|inactive|saint130105 has 30 seconds left.\n|inactive|saint130105 has 20 seconds left.\n|inactive|saint130105 has 15 seconds left.\n|inactive|saint130105 has 10 seconds left.\n|\n|t:|1775932703\n|switch|p2b: Gallade|Gallade, L50, M|60/100\n|move|p1b: Armarouge|Heat Wave|p2a: Whimsicott|[spread] p2a,p2b\n|-supereffective|p2a: Whimsicott|1\n|-damage|p2a: Whimsicott|0 fnt\n|-damage|p2b: Gallade|23/100\n|faint|p2a: Whimsicott\n|move|p1a: Slowking|Trick Room|p1a: Slowking\n|-fieldend|move: Trick Room\n|\n|-weather|Snowscape|[upkeep]\n|-end|p1a: Slowking|Encore\n|upkeep\n|\n|t:|1775932722\n|switch|p2a: Typhlosion|Typhlosion-Hisui, L50, M|62/100\n|turn|7\n|inactive|saint130105 has 30 seconds left.\n|\n|t:|1775932750\n|move|p2a: Typhlosion|Shadow Ball|p1a: Slowking\n|-supereffective|p1a: Slowking|1\n|-damage|p1a: Slowking|50/100\n|move|p1b: Armarouge|Heat Wave|p2a: Typhlosion|[spread] p2a,p2b\n|-resisted|p2a: Typhlosion|1\n|-damage|p2a: Typhlosion|34/100\n|-damage|p2b: Gallade|0 fnt\n|faint|p2b: Gallade\n|move|p1a: Slowking|Trick Room|p1a: Slowking\n|-fieldstart|move: Trick Room|[of] p1a: Slowking\n|\n|-weather|Snowscape|[upkeep]\n|upkeep\n|\n|t:|1775932758\n|switch|p2b: Venusaur|Venusaur, L50, F|100/100\n|turn|8\n|\n|t:|1775932775\n|detailschange|p2b: Venusaur|Venusaur-Mega, L50, F\n|-mega|p2b: Venusaur|Venusaur|Venusaurite\n|move|p1a: Slowking|Muddy Water|p2a: Typhlosion|[spread] p2a,p2b\n|-supereffective|p2a: Typhlosion|1\n|-resisted|p2b: Venusaur|1\n|-damage|p2a: Typhlosion|0 fnt\n|-damage|p2b: Venusaur|91/100\n|faint|p2a: Typhlosion\n|move|p1b: Armarouge|Heat Wave|p2b: Venusaur\n|-supereffective|p2b: Venusaur|1\n|-damage|p2b: Venusaur|51/100\n|move|p2b: Venusaur|Giga Drain|p1a: Slowking\n|-supereffective|p1a: Slowking|1\n|-damage|p1a: Slowking|5/100\n|-heal|p2b: Venusaur|75/100|[from] drain|[of] p1a: Slowking\n|\n|-weather|Snowscape|[upkeep]\n|upkeep\n|turn|9\n|\n|t:|1775932796\n|move|p1a: Slowking|Psychic|p2b: Venusaur\n|-supereffective|p2b: Venusaur|1\n|-damage|p2b: Venusaur|29/100\n|move|p1b: Armarouge|Armor Cannon|p2b: Venusaur\n|-supereffective|p2b: Venusaur|1\n|-damage|p2b: Venusaur|0 fnt\n|-unboost|p1b: Armarouge|def|1\n|-unboost|p1b: Armarouge|spd|1\n|faint|p2b: Venusaur\n|\n|win|fimmm\n|raw|fimmm's rating: 1230 &rarr; <strong>1253</strong><br />(+23 for winning)\n|raw|saint130105's rating: 1203 &rarr; <strong>1180</strong><br />(-23 for losing)\n|l|\u2606fimmm\n|player|p1|\n|j|\u2606fimmm\n|player|p1|fimmm|whitney|\n|l|\u2606saint130105\n|player|p2|\n|l|\u2606fimmm\n|player|p1|\n|j|\u2606fimmm\n|player|p1|fimmm|whitney|\n",
  "uploadtime": 1775932848,
  "views": 23,
  "formatid": "gen9championsvgc2026regma",
  "rating": 1180,
  "private": 0,
  "password": null
}