{
  "id": "gen9championsvgc2026regma-2587067461",
  "format": "[Gen 9 Champions] VGC 2026 Reg M-A",
  "players": [
    "hide on whimscott",
    "shreder1399"
  ],
  "log": "|j|\u2606hide on whimscott\n|j|\u2606shreder1399\n|t:|1776489019\n|gametype|doubles\n|player|p1|hide on whimscott|artist-gen4|1190\n|player|p2|shreder1399|pokekid|1154\n|gen|9\n|tier|[Gen 9 Champions] VGC 2026 Reg M-A\n|rated|\n|rule|Species Clause: Limit one of each Pok\u00e9mon\n|rule|Item Clause: Limit 1 of each item\n|clearpoke\n|poke|p1|Venusaur, L50, F|\n|poke|p1|Sneasler, L50, M|\n|poke|p1|Kingambit, L50, F|\n|poke|p1|Incineroar, L50, F|\n|poke|p1|Basculegion, L50, M|\n|poke|p1|Charizard, L50, F|\n|poke|p2|Gengar, L50, M|\n|poke|p2|Politoed, L50, M|\n|poke|p2|Basculegion, L50, M|\n|poke|p2|Archaludon, L50, F|\n|poke|p2|Dragonite, L50, M|\n|poke|p2|Sneasler, L50, F|\n|teampreview|4\n|\n|t:|1776489071\n|teamsize|p1|4\n|teamsize|p2|4\n|start\n|switch|p1a: Charizard|Charizard, L50, F|100/100\n|switch|p1b: Basculegion|Basculegion, L50, M|100/100\n|switch|p2a: Sneasler|Sneasler, L50, F|100/100\n|switch|p2b: Gengar|Gengar, L50, M|100/100\n|turn|1\n|\n|t:|1776489109\n|detailschange|p1a: Charizard|Charizard-Mega-X, L50, F\n|-mega|p1a: Charizard|Charizard|Charizardite X\n|move|p2b: Gengar|Protect|p2b: Gengar\n|-singleturn|p2b: Gengar|Protect\n|move|p2a: Sneasler|Fake Out|p1a: Charizard\n|-damage|p1a: Charizard|86/100\n|move|p1b: Basculegion|Flip Turn|p2a: Sneasler\n|-damage|p2a: Sneasler|33/100\n|\n|t:|1776489119\n|switch|p1b: Sneasler|Sneasler, L50, M|100/100|[from] Flip Turn\n|cant|p1a: Charizard|flinch\n|\n|upkeep\n|turn|2\n|\n|t:|1776489163\n|switch|p2b: Basculegion|Basculegion, L50, M|100/100\n|switch|p2a: Politoed|Politoed, L50, M|100/100\n|-weather|RainDance|[from] ability: Drizzle|[of] p2a: Politoed\n|move|p1b: Sneasler|Fake Out|p2a: Politoed\n|-damage|p2a: Politoed|86/100\n|move|p1a: Charizard|Dragon Dance|p1a: Charizard\n|-boost|p1a: Charizard|atk|1\n|-boost|p1a: Charizard|spe|1\n|\n|-weather|RainDance|[upkeep]\n|-heal|p2a: Politoed|92/100|[from] item: Leftovers\n|upkeep\n|turn|3\n|inactive|Battle timer is ON: inactive players will automatically lose when time's up. (requested by shreder1399)\n|\n|t:|1776489212\n|move|p2b: Basculegion|Flip Turn|p1a: Charizard\n|-damage|p1a: Charizard|42/100\n|\n|t:|1776489219\n|switch|p2b: Sneasler|Sneasler, L50, F|33/100|[from] Flip Turn\n|move|p1a: Charizard|Thunder Punch|p2b: Sneasler\n|-damage|p2b: Sneasler|0 fnt\n|faint|p2b: Sneasler\n|move|p1b: Sneasler|Close Combat|p2a: Politoed\n|-damage|p2a: Politoed|27/100\n|-unboost|p1b: Sneasler|def|1\n|-unboost|p1b: Sneasler|spd|1\n|move|p2a: Politoed|Icy Wind|p1b: Sneasler|[spread] p1a,p1b\n|-damage|p1a: Charizard|31/100\n|-damage|p1b: Sneasler|82/100\n|-unboost|p1a: Charizard|spe|1\n|-unboost|p1b: Sneasler|spe|1\n|\n|-weather|RainDance|[upkeep]\n|-heal|p2a: Politoed|33/100|[from] item: Leftovers\n|upkeep\n|\n|t:|1776489221\n|switch|p2b: Basculegion|Basculegion, L50, M|100/100\n|turn|4\n|inactive|hide on whimscott has 30 seconds left.\n|inactive|shreder1399 has 30 seconds left.\n|\n|t:|1776489253\n|move|p1b: Sneasler|Protect|p1b: Sneasler\n|-singleturn|p1b: Sneasler|Protect\n|move|p2b: Basculegion|Flip Turn|p1b: Sneasler\n|-activate|p1b: Sneasler|move: Protect\n|move|p1a: Charizard|Thunder Punch|p2a: Politoed\n|-supereffective|p2a: Politoed|1\n|-damage|p2a: Politoed|0 fnt\n|faint|p2a: Politoed\n|\n|-weather|RainDance|[upkeep]\n|upkeep\n|\n|t:|1776489255\n|switch|p2a: Gengar|Gengar, L50, M|100/100\n|turn|5\n|inactive|hide on whimscott has 30 seconds left.\n|\n|t:|1776489281\n|switch|p1b: Kingambit|Kingambit, L50, F|100/100\n|detailschange|p2a: Gengar|Gengar-Mega, L50, M\n|-mega|p2a: Gengar|Gengar|Gengarite\n|move|p2b: Basculegion|Liquidation|p1a: Charizard\n|-damage|p1a: Charizard|0 fnt\n|faint|p1a: Charizard\n|move|p2a: Gengar|Substitute|p2a: Gengar\n|-start|p2a: Gengar|Substitute\n|-damage|p2a: Gengar|76/100\n|\n|-weather|RainDance|[upkeep]\n|upkeep\n|inactive|hide on whimscott has 30 seconds left.\n|\n|t:|1776489307\n|switch|p1a: Basculegion|Basculegion, L50, M|100/100\n|turn|6\n|\n|t:|1776489318\n|move|p2b: Basculegion|Aqua Jet|p1b: Kingambit\n|-damage|p1b: Kingambit|75/100\n|move|p1b: Kingambit|Sucker Punch||[still]\n|-fail|p1b: Kingambit\n|move|p1a: Basculegion|Flip Turn|p2a: Gengar\n|-end|p2a: Gengar|Substitute\n|\n|t:|1776489323\n|switch|p1a: Sneasler|Sneasler, L50, M|82/100|[from] Flip Turn\n|move|p2a: Gengar|Shadow Ball|p1a: Sneasler\n|-damage|p1a: Sneasler|17/100\n|\n|-weather|none\n|upkeep\n|turn|7\n|\n|t:|1776489344\n|move|p2b: Basculegion|Aqua Jet|p1a: Sneasler\n|-damage|p1a: Sneasler|0 fnt\n|faint|p1a: Sneasler\n|move|p2a: Gengar|Substitute|p2a: Gengar\n|-start|p2a: Gengar|Substitute\n|-damage|p2a: Gengar|51/100\n|move|p1b: Kingambit|Kowtow Cleave|p2a: Gengar\n|-supereffective|p2a: Gengar|1\n|-end|p2a: Gengar|Substitute\n|\n|upkeep\n|\n|t:|1776489349\n|switch|p1a: Basculegion|Basculegion, L50, M|100/100\n|turn|8\n|\n|t:|1776489357\n|move|p1b: Kingambit|Sucker Punch|p2a: Gengar\n|-supereffective|p2a: Gengar|1\n|-damage|p2a: Gengar|0 fnt\n|faint|p2a: Gengar\n|move|p1a: Basculegion|Last Respects|p2b: Basculegion\n|-supereffective|p2b: Basculegion|1\n|-damage|p2b: Basculegion|0 fnt\n|faint|p2b: Basculegion\n|\n|win|hide on whimscott\n|raw|hide on whimscott's rating: 1190 &rarr; <strong>1212</strong><br />(+22 for winning)\n|raw|shreder1399's rating: 1154 &rarr; <strong>1132</strong><br />(-22 for losing)\n",
  "uploadtime": 1776489357,
  "views": 17,
  "formatid": "gen9championsvgc2026regma",
  "rating": 1132,
  "private": 0,
  "password": null
}