{
  "id": "gen9championsvgc2026regma-2586904221",
  "format": "[Gen 9 Champions] VGC 2026 Reg M-A",
  "players": [
    "NovaGuy",
    "bupf"
  ],
  "log": "|j|\u2606NovaGuy\n|j|\u2606bupf\n|t:|1776470333\n|gametype|doubles\n|player|p1|NovaGuy|ethan|1089\n|player|p2|bupf|170|1000\n|gen|9\n|tier|[Gen 9 Champions] VGC 2026 Reg M-A\n|rated|\n|rule|Species Clause: Limit one of each Pok\u00e9mon\n|rule|Item Clause: Limit 1 of each item\n|clearpoke\n|poke|p1|Charizard, L50, F|\n|poke|p1|Venusaur, L50, F|\n|poke|p1|Whimsicott, L50, F|\n|poke|p1|Milotic, L50, M|\n|poke|p1|Aegislash, L50, F|\n|poke|p1|Incineroar, L50, M|\n|poke|p2|Gengar, L50, M|\n|poke|p2|Incineroar, L50, M|\n|poke|p2|Sneasler, L50, M|\n|poke|p2|Whimsicott, L50, F|\n|poke|p2|Rotom-Wash, L50|\n|poke|p2|Gardevoir, L50, F|\n|teampreview|4\n|\n|t:|1776470427\n|teamsize|p1|4\n|teamsize|p2|4\n|start\n|switch|p1a: Milotic|Milotic, L50, M|100/100\n|switch|p1b: Aegislash|Aegislash, L50, F|100/100\n|switch|p2a: Gengar|Gengar, L50, M|100/100\n|switch|p2b: Whimsicott|Whimsicott, L50, F|100/100\n|turn|1\n|\n|t:|1776470459\n|detailschange|p2a: Gengar|Gengar-Mega, L50, M\n|-mega|p2a: Gengar|Gengar|Gengarite\n|move|p2a: Gengar|Protect|p2a: Gengar\n|-singleturn|p2a: Gengar|Protect\n|move|p2b: Whimsicott|Tailwind|p2b: Whimsicott\n|-sidestart|p2: bupf|move: Tailwind\n|move|p1a: Milotic|Icy Wind|p2a: Gengar|[spread] p2b\n|-activate|p2a: Gengar|move: Protect\n|-supereffective|p2b: Whimsicott|1\n|-damage|p2b: Whimsicott|74/100\n|-unboost|p2b: Whimsicott|spe|1\n|-formechange|p1b: Aegislash|Aegislash-Blade|\n|move|p1b: Aegislash|Psycho Cut|p2a: Gengar\n|-activate|p2a: Gengar|move: Protect\n|\n|upkeep\n|turn|2\n|\n|t:|1776470481\n|-formechange|p1b: Aegislash|Aegislash|\n|move|p1b: Aegislash|King's Shield|p1b: Aegislash\n|-singleturn|p1b: Aegislash|Protect\n|move|p2a: Gengar|Shadow Ball|p1b: Aegislash\n|-activate|p1b: Aegislash|move: Protect\n|move|p2b: Whimsicott|Moonblast|p1a: Milotic\n|-damage|p1a: Milotic|82/100\n|move|p1a: Milotic|Icy Wind|p2b: Whimsicott|[spread] p2a\n|-miss|p1a: Milotic|p2b: Whimsicott\n|-damage|p2a: Gengar|88/100\n|-unboost|p2a: Gengar|spe|1\n|\n|-heal|p1a: Milotic|88/100|[from] item: Leftovers\n|upkeep\n|turn|3\n|\n|t:|1776470508\n|move|p2b: Whimsicott|Encore|p1b: Aegislash\n|-start|p1b: Aegislash|Encore\n|move|p1b: Aegislash|King's Shield||[still]\n|-fail|p1b: Aegislash\n|move|p2a: Gengar|Sludge Bomb|p1a: Milotic\n|-damage|p1a: Milotic|59/100\n|move|p1a: Milotic|Icy Wind|p2b: Whimsicott|[spread] p2a,p2b\n|-supereffective|p2b: Whimsicott|1\n|-damage|p2a: Gengar|75/100\n|-damage|p2b: Whimsicott|45/100\n|-unboost|p2a: Gengar|spe|1\n|-unboost|p2b: Whimsicott|spe|1\n|\n|-heal|p1a: Milotic|65/100|[from] item: Leftovers\n|upkeep\n|turn|4\n|\n|t:|1776470538\n|switch|p2b: Rotom|Rotom-Wash, L50|100/100\n|switch|p1b: Whimsicott|Whimsicott, L50, F|100/100\n|move|p2a: Gengar|Sludge Bomb|p1a: Milotic\n|-damage|p1a: Milotic|35/100\n|move|p1a: Milotic|Life Dew||[still]|[spread] p1a,p1b\n|-heal|p1a: Milotic|60/100\n|-fail|p1b: Whimsicott|heal\n|\n|-heal|p1a: Milotic|66/100|[from] item: Leftovers\n|-sideend|p2: bupf|move: Tailwind\n|upkeep\n|turn|5\n|\n|t:|1776470559\n|move|p1a: Milotic|Protect|p1a: Milotic\n|-singleturn|p1a: Milotic|Protect\n|move|p1b: Whimsicott|Tailwind|p1b: Whimsicott\n|-sidestart|p1: NovaGuy|move: Tailwind\n|move|p2b: Rotom|Thunderbolt|p1a: Milotic\n|-activate|p1a: Milotic|move: Protect\n|move|p2a: Gengar|Sludge Bomb|p1b: Whimsicott\n|-supereffective|p1b: Whimsicott|2\n|-enditem|p1b: Whimsicott|Focus Sash\n|-damage|p1b: Whimsicott|1/100\n|\n|-heal|p1a: Milotic|72/100|[from] item: Leftovers\n|upkeep\n|turn|6\n|\n|t:|1776470587\n|move|p1b: Whimsicott|Endeavor|p2b: Rotom\n|-damage|p2b: Rotom|1/100\n|move|p1a: Milotic|Icy Wind|p2b: Rotom|[spread] p2a,p2b\n|-resisted|p2b: Rotom|1\n|-damage|p2a: Gengar|62/100\n|-damage|p2b: Rotom|0 fnt\n|-unboost|p2a: Gengar|spe|1\n|faint|p2b: Rotom\n|move|p2a: Gengar|Shadow Ball|p1a: Milotic\n|-damage|p1a: Milotic|44/100\n|\n|-heal|p1a: Milotic|50/100|[from] item: Leftovers\n|upkeep\n|\n|t:|1776470596\n|switch|p2b: Whimsicott|Whimsicott, L50, F|45/100\n|turn|7\n|\n|t:|1776470616\n|move|p2b: Whimsicott|Tailwind|p2b: Whimsicott\n|-sidestart|p2: bupf|move: Tailwind\n|move|p1b: Whimsicott|Moonblast|p2b: Whimsicott\n|-damage|p2b: Whimsicott|0 fnt\n|faint|p2b: Whimsicott\n|move|p1a: Milotic|Icy Wind|p2a: Gengar\n|-damage|p2a: Gengar|47/100\n|-unboost|p2a: Gengar|spe|1\n|move|p2a: Gengar|Sludge Bomb|p1a: Milotic\n|-damage|p1a: Milotic|21/100\n|-status|p1a: Milotic|psn\n|\n|-heal|p1a: Milotic|27/100 psn|[from] item: Leftovers\n|-damage|p1a: Milotic|14/100 psn|[from] psn\n|upkeep\n|\n|t:|1776470633\n|switch|p2b: Incineroar|Incineroar, L50, M|100/100\n|-ability|p2b: Incineroar|Intimidate|boost\n|-unboost|p1a: Milotic|atk|1\n|-ability|p1a: Milotic|Competitive|boost\n|-boost|p1a: Milotic|spa|2\n|-unboost|p1b: Whimsicott|atk|1\n|turn|8\n|\n|t:|1776470655\n|move|p1a: Milotic|Protect|p1a: Milotic\n|-singleturn|p1a: Milotic|Protect\n|move|p2b: Incineroar|Fake Out|p1b: Whimsicott\n|-damage|p1b: Whimsicott|0 fnt\n|faint|p1b: Whimsicott\n|move|p2a: Gengar|Shadow Ball|p1a: Milotic\n|-activate|p1a: Milotic|move: Protect\n|\n|-heal|p1a: Milotic|20/100 psn|[from] item: Leftovers\n|-damage|p1a: Milotic|8/100 psn|[from] psn\n|-sideend|p1: NovaGuy|move: Tailwind\n|upkeep\n|\n|t:|1776470677\n|switch|p1b: Aegislash|Aegislash, L50, F|100/100\n|turn|9\n|\n|t:|1776470694\n|move|p2a: Gengar|Protect|p2a: Gengar\n|-singleturn|p2a: Gengar|Protect\n|move|p2b: Incineroar|Throat Chop|p1a: Milotic\n|-damage|p1a: Milotic|0 fnt\n|faint|p1a: Milotic\n|-formechange|p1b: Aegislash|Aegislash-Blade|\n|move|p1b: Aegislash|Psycho Cut|p2a: Gengar\n|-activate|p2a: Gengar|move: Protect\n|\n|upkeep\n|\n|t:|1776470705\n|switch|p1a: Charizard|Charizard, L50, F|100/100\n|turn|10\n|\n|t:|1776470717\n|detailschange|p1a: Charizard|Charizard-Mega-X, L50, F\n|-mega|p1a: Charizard|Charizard|Charizardite X\n|-formechange|p1b: Aegislash|Aegislash|\n|move|p1b: Aegislash|King's Shield|p1b: Aegislash\n|-singleturn|p1b: Aegislash|Protect\n|move|p2b: Incineroar|Parting Shot|p1a: Charizard\n|-unboost|p1a: Charizard|atk|1\n|-unboost|p1a: Charizard|spa|1\n|move|p1a: Charizard|Dragon Dance|p1a: Charizard\n|-boost|p1a: Charizard|atk|1\n|-boost|p1a: Charizard|spe|1\n|move|p2a: Gengar|Perish Song|p2a: Gengar\n|-start|p1a: Charizard|perish3|[silent]\n|-start|p1b: Aegislash|perish3|[silent]\n|-start|p2a: Gengar|perish3|[silent]\n|-start|p2b: Incineroar|perish3|[silent]\n|-fieldactivate|move: Perish Song\n|\n|-start|p1a: Charizard|perish3\n|-start|p2b: Incineroar|perish3\n|-start|p2a: Gengar|perish3\n|-start|p1b: Aegislash|perish3\n|-sideend|p2: bupf|move: Tailwind\n|upkeep\n|turn|11\n|\n|t:|1776470750\n|move|p2a: Gengar|Protect|p2a: Gengar\n|-singleturn|p2a: Gengar|Protect\n|move|p1a: Charizard|Dragon Dance|p1a: Charizard\n|-boost|p1a: Charizard|atk|1\n|-boost|p1a: Charizard|spe|1\n|move|p2b: Incineroar|Parting Shot|p1b: Aegislash\n|-unboost|p1b: Aegislash|atk|1\n|-unboost|p1b: Aegislash|spa|1\n|move|p1b: Aegislash|Swords Dance|p1b: Aegislash\n|-boost|p1b: Aegislash|atk|2\n|\n|-start|p1a: Charizard|perish2\n|-start|p2b: Incineroar|perish2\n|-start|p1b: Aegislash|perish2\n|-start|p2a: Gengar|perish2\n|upkeep\n|turn|12\n|\n|t:|1776470772\n|move|p1a: Charizard|Dragon Dance|p1a: Charizard\n|-boost|p1a: Charizard|atk|1\n|-boost|p1a: Charizard|spe|1\n|move|p2b: Incineroar|Throat Chop|p1b: Aegislash\n|-supereffective|p1b: Aegislash|1\n|-damage|p1b: Aegislash|39/100\n|-start|p1b: Aegislash|Throat Chop|[silent]\n|-formechange|p1b: Aegislash|Aegislash-Blade|\n|move|p1b: Aegislash|Psycho Cut|p2a: Gengar\n|-supereffective|p2a: Gengar|1\n|-crit|p2a: Gengar\n|-damage|p2a: Gengar|0 fnt\n|faint|p2a: Gengar\n|-heal|p1b: Aegislash|44/100|[from] item: Shell Bell|[of] p2: Gengar\n|\n|-start|p1a: Charizard|perish1\n|-start|p2b: Incineroar|perish1\n|-start|p1b: Aegislash|perish1\n|upkeep\n|turn|13\n|\n|t:|1776470795\n|move|p2b: Incineroar|Protect|p2b: Incineroar\n|-singleturn|p2b: Incineroar|Protect\n|move|p1a: Charizard|Dragon Claw|p2b: Incineroar\n|-activate|p2b: Incineroar|move: Protect\n|move|p1b: Aegislash|Iron Head|p2b: Incineroar\n|-activate|p2b: Incineroar|move: Protect\n|\n|-end|p1b: Aegislash|Throat Chop|[silent]\n|-start|p1a: Charizard|perish0\n|-start|p2b: Incineroar|perish0\n|-start|p1b: Aegislash|perish0\n|faint|p1a: Charizard\n|faint|p2b: Incineroar\n|faint|p1b: Aegislash\n|\n|win|NovaGuy\n|raw|NovaGuy's rating: 1089 &rarr; <strong>1109</strong><br />(+20 for winning)\n|raw|bupf's rating: 1000 &rarr; <strong>1000</strong><br />(+0 for losing)\n|l|\u2606bupf\n|player|p2|\n",
  "uploadtime": 1776470814,
  "views": 17,
  "formatid": "gen9championsvgc2026regma",
  "rating": 1000,
  "private": 0,
  "password": null
}