{
  "id": "gen9championsvgc2026regma-2588527313",
  "format": "[Gen 9 Champions] VGC 2026 Reg M-A",
  "players": [
    "AzureWitch",
    "AleGreZ"
  ],
  "log": "|j|\u2606AzureWitch\n|j|\u2606AleGreZ\n|t:|1776641804\n|gametype|doubles\n|player|p1|AzureWitch|caitlin|1148\n|player|p2|AleGreZ|1|1112\n|gen|9\n|tier|[Gen 9 Champions] VGC 2026 Reg M-A\n|rated|\n|rule|Species Clause: Limit one of each Pok\u00e9mon\n|rule|Item Clause: Limit 1 of each item\n|clearpoke\n|poke|p1|Delphox, L50, F|\n|poke|p1|Garchomp, L50, F|\n|poke|p1|Primarina, L50, F|\n|poke|p1|Sneasler, L50, F|\n|poke|p1|Kingambit, L50, F|\n|poke|p1|Aerodactyl, L50, F|\n|poke|p2|Greninja, L50, M|\n|poke|p2|Pelipper, L50, F|\n|poke|p2|Dragonite, L50, M|\n|poke|p2|Archaludon, L50, F|\n|poke|p2|Gallade, L50, M|\n|poke|p2|Basculegion, L50, M|\n|teampreview|4\nAzureWitch has agreed to open team sheets.\n|\n|t:|1776641860\n|teamsize|p1|4\n|teamsize|p2|4\n|start\n|switch|p1a: Aerodactyl|Aerodactyl, L50, F|100/100\n|switch|p1b: Kingambit|Kingambit, L50, F|100/100\n|switch|p2a: Pelipper|Pelipper, L50, F|100/100\n|switch|p2b: Greninja|Greninja, L50, M|100/100\n|-ability|p1a: Aerodactyl|Unnerve\n|-weather|RainDance|[from] ability: Drizzle|[of] p2a: Pelipper\n|turn|1\n|\n|t:|1776641884\n|detailschange|p2b: Greninja|Greninja-Mega, L50, M\n|-mega|p2b: Greninja|Greninja|Greninjite\n|move|p1b: Kingambit|Sucker Punch|p2b: Greninja\n|-resisted|p2b: Greninja|1\n|-damage|p2b: Greninja|68/100\n|move|p1a: Aerodactyl|Tailwind|p1a: Aerodactyl\n|-sidestart|p1: AzureWitch|move: Tailwind\n|move|p2b: Greninja|Liquidation|p1a: Aerodactyl\n|-start|p2b: Greninja|typechange|Water|[from] ability: Protean\n|-supereffective|p1a: Aerodactyl|1\n|-enditem|p1a: Aerodactyl|Focus Sash\n|-damage|p1a: Aerodactyl|1/100\n|-unboost|p1a: Aerodactyl|def|1\n|move|p2a: Pelipper|Tailwind|p2a: Pelipper\n|-sidestart|p2: AleGreZ|move: Tailwind\n|\n|-weather|RainDance|[upkeep]\n|upkeep\n|turn|2\n|\n|t:|1776641919\n|switch|p2b: Archaludon|Archaludon, L50, F|100/100\n|move|p2a: Pelipper|Protect|p2a: Pelipper\n|-singleturn|p2a: Pelipper|Protect\n|move|p1b: Kingambit|Sucker Punch||[still]\n|-fail|p1b: Kingambit\n|move|p1a: Aerodactyl|Rock Slide|p2b: Archaludon|[spread] p2b\n|-activate|p2a: Pelipper|move: Protect\n|-resisted|p2b: Archaludon|1\n|-damage|p2b: Archaludon|90/100\n|-ability|p2b: Archaludon|Stamina|boost\n|-boost|p2b: Archaludon|def|1\n|\n|-weather|RainDance|[upkeep]\n|upkeep\n|turn|3\n|\n|t:|1776641956\n|switch|p1a: Garchomp|Garchomp, L50, F|100/100\n|move|p2b: Archaludon|Electro Shot||[still]\n|-prepare|p2b: Archaludon|Electro Shot\n|-boost|p2b: Archaludon|spa|1\n|-anim|p2b: Archaludon|Electro Shot|p1b: Kingambit\n|-damage|p1b: Kingambit|41/100\n|move|p2a: Pelipper|Weather Ball|p1a: Garchomp\n|-damage|p1a: Garchomp|33/100\n|move|p1b: Kingambit|Kowtow Cleave|p2a: Pelipper\n|-damage|p2a: Pelipper|49/100\n|\n|-weather|RainDance|[upkeep]\n|-heal|p2a: Pelipper|55/100|[from] item: Leftovers\n|upkeep\n|turn|4\n|\n|t:|1776641986\n|switch|p1b: Aerodactyl|Aerodactyl, L50, F|1/100\n|-ability|p1b: Aerodactyl|Unnerve\n|move|p2a: Pelipper|Protect|p2a: Pelipper\n|-singleturn|p2a: Pelipper|Protect\n|move|p1a: Garchomp|Earthquake|p2b: Archaludon|[spread] p2b\n|-activate|p2a: Pelipper|move: Protect\n|-immune|p1b: Aerodactyl\n|-supereffective|p2b: Archaludon|1\n|-damage|p2b: Archaludon|46/100\n|-ability|p2b: Archaludon|Stamina|boost\n|-boost|p2b: Archaludon|def|1\n|move|p2b: Archaludon|Aura Sphere|p1a: Garchomp\n|-damage|p1a: Garchomp|0 fnt\n|faint|p1a: Garchomp\n|\n|-weather|RainDance|[upkeep]\n|-heal|p2a: Pelipper|61/100|[from] item: Leftovers\n|-sideend|p2: AleGreZ|move: Tailwind\n|-sideend|p1: AzureWitch|move: Tailwind\n|upkeep\n|\n|t:|1776642004\n|switch|p1a: Primarina|Primarina, L50, F|100/100\n|turn|5\n|\n|t:|1776642022\n|move|p1b: Aerodactyl|Tailwind|p1b: Aerodactyl\n|-sidestart|p1: AzureWitch|move: Tailwind\n|move|p1a: Primarina|Hyper Voice|p2a: Pelipper|[spread] p2a,p2b\n|-resisted|p2a: Pelipper|1\n|-resisted|p2b: Archaludon|1\n|-damage|p2a: Pelipper|18/100\n|-damage|p2b: Archaludon|8/100\n|-ability|p2b: Archaludon|Stamina|boost\n|-boost|p2b: Archaludon|def|1\n|move|p2b: Archaludon|Electro Shot||[still]\n|-prepare|p2b: Archaludon|Electro Shot\n|-boost|p2b: Archaludon|spa|1\n|-anim|p2b: Archaludon|Electro Shot|p1a: Primarina\n|-supereffective|p1a: Primarina|1\n|-damage|p1a: Primarina|0 fnt\n|faint|p1a: Primarina\n|move|p2a: Pelipper|Weather Ball|p1b: Aerodactyl\n|-supereffective|p1b: Aerodactyl|1\n|-damage|p1b: Aerodactyl|0 fnt\n|-enditem|p2b: Archaludon|Sitrus Berry|[eat]\n|-heal|p2b: Archaludon|33/100|[from] item: Sitrus Berry\n|faint|p1b: Aerodactyl\n|\n|-weather|none\n|-heal|p2a: Pelipper|24/100|[from] item: Leftovers\n|upkeep\n|-message|AzureWitch forfeited.\n|\n|win|AleGreZ\n|raw|AzureWitch's rating: 1148 &rarr; <strong>1120</strong><br />(-28 for losing)\n|raw|AleGreZ's rating: 1112 &rarr; <strong>1140</strong><br />(+28 for winning)\n|c|\u2606AleGreZ|Gg\n|l|\u2606AleGreZ\n|player|p2|\n|c|\u2606AzureWitch|gg\n",
  "uploadtime": 1776642234,
  "views": 8,
  "formatid": "gen9championsvgc2026regma",
  "rating": 1120,
  "private": 0,
  "password": null
}