{
  "id": "gen9championsvgc2026regma-2581206401",
  "format": "[Gen 9 Champions] VGC 2026 Reg M-A",
  "players": [
    "vlxs",
    "PanzerFlame"
  ],
  "log": "|j|\u2606vlxs\n|j|\u2606PanzerFlame\n|t:|1775970727\n|gametype|doubles\n|player|p1|vlxs|volkner|1085\n|player|p2|PanzerFlame|clair|1000\n|gen|9\n|tier|[Gen 9 Champions] VGC 2026 Reg M-A\n|rated|\n|rule|Species Clause: Limit one of each Pok\u00e9mon\n|rule|Item Clause: Limit 1 of each item\n|clearpoke\n|poke|p1|Altaria, L50, F|\n|poke|p1|Farigiraf, L50, F|\n|poke|p1|Incineroar, L50, M|\n|poke|p1|Kingambit, L50, M|\n|poke|p1|Sneasler, L50, F|\n|poke|p1|Rotom-Wash, L50|\n|poke|p2|Tyranitar, L50, M|\n|poke|p2|Excadrill, L50, F|\n|poke|p2|Ampharos, L50, M|\n|poke|p2|Archaludon, L50, F|\n|poke|p2|Pelipper, L50, M|\n|poke|p2|Palafin, L50, M|\n|teampreview|4\n|\n|t:|1775970752\n|teamsize|p1|4\n|teamsize|p2|4\n|start\n|switch|p1a: Farigiraf|Farigiraf, L50, F|100/100\n|switch|p1b: Altaria|Altaria, L50, F|100/100\n|switch|p2a: Tyranitar|Tyranitar, L50, M|100/100\n|switch|p2b: Palafin|Palafin, L50, M|100/100\n|-weather|Sandstorm|[from] ability: Sand Stream|[of] p2a: Tyranitar\n|turn|1\n|\n|t:|1775970775\n|detailschange|p1b: Altaria|Altaria-Mega, L50, F\n|-mega|p1b: Altaria|Altaria|Altarianite\n|move|p2b: Palafin|Flip Turn|p1a: Farigiraf\n|-damage|p1a: Farigiraf|81/100\n|\n|t:|1775970783\n|detailschange|p2b: Palafin|Palafin-Hero, L50, M\n|switch|p2b: Excadrill|Excadrill, L50, F|100/100|[from] Flip Turn\n|move|p1b: Altaria|Hyper Voice|p2b: Excadrill|[spread] p2a,p2b\n|-supereffective|p2a: Tyranitar|1\n|-resisted|p2b: Excadrill|1\n|-damage|p2a: Tyranitar|51/100\n|-damage|p2b: Excadrill|74/100\n|move|p2a: Tyranitar|Knock Off|p1a: Farigiraf\n|-supereffective|p1a: Farigiraf|1\n|-damage|p1a: Farigiraf|0 fnt\n|-enditem|p1a: Farigiraf|Focus Sash|[from] move: Knock Off|[of] p2a: Tyranitar\n|faint|p1a: Farigiraf\n|\n|-weather|Sandstorm|[upkeep]\n|-damage|p1b: Altaria|94/100|[from] Sandstorm\n|upkeep\n|\n|t:|1775970791\n|switch|p1a: Rotom|Rotom-Wash, L50|100/100\n|turn|2\n|\n|t:|1775970817\n|detailschange|p2a: Tyranitar|Tyranitar-Mega, L50, M\n|-mega|p2a: Tyranitar|Tyranitar|Tyranitarite\n|move|p2b: Excadrill|Iron Head|p1b: Altaria\n|-supereffective|p1b: Altaria|1\n|-damage|p1b: Altaria|0 fnt\n|faint|p1b: Altaria\n|move|p1a: Rotom|Hydro Pump|p2b: Excadrill\n|-supereffective|p2b: Excadrill|1\n|-damage|p2b: Excadrill|0 fnt\n|faint|p2b: Excadrill\n|move|p2a: Tyranitar|Rock Slide|p1a: Rotom\n|-damage|p1a: Rotom|44/100\n|\n|-weather|Sandstorm|[upkeep]\n|-damage|p1a: Rotom|39/100|[from] Sandstorm\n|-heal|p1a: Rotom|44/100|[from] item: Leftovers\n|upkeep\n|\n|t:|1775970833\n|switch|p2b: Palafin|Palafin-Hero, L50, M|100/100\n|switch|p1b: Sneasler|Sneasler, L50, F|100/100\n|-activate|p2b: Palafin|ability: Zero to Hero\n|turn|3\n|\n|t:|1775970843\n|move|p1b: Sneasler|Close Combat|p2a: Tyranitar\n|-supereffective|p2a: Tyranitar|2\n|-damage|p2a: Tyranitar|0 fnt\n|-unboost|p1b: Sneasler|def|1\n|-unboost|p1b: Sneasler|spd|1\n|faint|p2a: Tyranitar\n|-enditem|p1b: Sneasler|White Herb\n|-clearnegativeboost|p1b: Sneasler|[silent]\n|move|p2b: Palafin|Bulk Up|p2b: Palafin\n|-boost|p2b: Palafin|atk|1\n|-boost|p2b: Palafin|def|1\n|move|p1a: Rotom|Thunderbolt|p2b: Palafin\n|-supereffective|p2b: Palafin|1\n|-damage|p2b: Palafin|19/100\n|\n|-weather|Sandstorm|[upkeep]\n|-damage|p1b: Sneasler|95/100|[from] Sandstorm\n|-damage|p2b: Palafin|14/100|[from] Sandstorm\n|-damage|p1a: Rotom|39/100|[from] Sandstorm\n|-heal|p2b: Palafin|19/100|[from] item: Leftovers\n|-heal|p1a: Rotom|44/100|[from] item: Leftovers\n|upkeep\n|\n|t:|1775970859\n|switch|p2a: Ampharos|Ampharos, L50, M|100/100\n|turn|4\n|\n|t:|1775970879\n|move|p2b: Palafin|Jet Punch|p1b: Sneasler\n|-damage|p1b: Sneasler|0 fnt\n|faint|p1b: Sneasler\n|move|p1a: Rotom|Hydro Pump|p2a: Ampharos\n|-damage|p2a: Ampharos|41/100\n|move|p2a: Ampharos|Dragon Pulse|p1a: Rotom\n|-damage|p1a: Rotom|15/100\n|\n|-weather|Sandstorm|[upkeep]\n|-damage|p2b: Palafin|14/100|[from] Sandstorm\n|-damage|p1a: Rotom|9/100|[from] Sandstorm\n|-damage|p2a: Ampharos|35/100|[from] Sandstorm\n|-heal|p2b: Palafin|19/100|[from] item: Leftovers\n|-heal|p1a: Rotom|15/100|[from] item: Leftovers\n|upkeep\n|turn|5\n|\n|t:|1775970896\n|move|p2b: Palafin|Jet Punch|p1a: Rotom\n|-resisted|p1a: Rotom|1\n|-damage|p1a: Rotom|0 fnt\n|faint|p1a: Rotom\n|\n|win|PanzerFlame\n|raw|vlxs's rating: 1085 &rarr; <strong>1057</strong><br />(-28 for losing)\n|raw|PanzerFlame's rating: 1000 &rarr; <strong>1050</strong><br />(+50 for winning)\n|l|\u2606vlxs\n|player|p1|\n",
  "uploadtime": 1775970905,
  "views": 15,
  "formatid": "gen9championsvgc2026regma",
  "rating": 1050,
  "private": 0,
  "password": null
}