{
  "id": "gen9championsvgc2026regma-2581581827",
  "format": "[Gen 9 Champions] VGC 2026 Reg M-A",
  "players": [
    "RolandGT",
    "jvmummy"
  ],
  "log": "|j|\u2606RolandGT\n|j|\u2606jvmummy\n|t:|1776012693\n|gametype|doubles\n|player|p1|RolandGT|veteran|1142\n|player|p2|jvmummy|169|1180\n|gen|9\n|tier|[Gen 9 Champions] VGC 2026 Reg M-A\n|rated|\n|rule|Species Clause: Limit one of each Pok\u00e9mon\n|rule|Item Clause: Limit 1 of each item\n|clearpoke\n|poke|p1|Blastoise, L50, M|\n|poke|p1|Whimsicott, L50, F|\n|poke|p1|Pelipper, L50, F|\n|poke|p1|Charizard, L50, F|\n|poke|p2|Crabominable, L50, F|\n|poke|p2|Incineroar, L50, M|\n|poke|p2|Farigiraf, L50, F|\n|poke|p2|Ninetales-Alola, L50, M|\n|poke|p2|Basculegion, L50, M|\n|poke|p2|Torkoal, L50, M|\n|teampreview|4\n|inactive|Battle timer is ON: inactive players will automatically lose when time's up. (requested by RolandGT)\n|inactive|RolandGT has 60 seconds left.\n|inactive|RolandGT has 30 seconds left.\n|inactive|RolandGT has 20 seconds left.\n|inactive|RolandGT has 15 seconds left.\n|inactive|RolandGT has 10 seconds left.\n|inactive|RolandGT has 5 seconds left.\n|\n|t:|1776012784\n|teamsize|p1|4\n|teamsize|p2|4\n|start\n|switch|p1a: Blastoise|Blastoise, L50, M, shiny|100/100\n|switch|p1b: Whimsicott|Whimsicott, L50, F|100/100\n|switch|p2a: Farigiraf|Farigiraf, L50, F|100/100\n|switch|p2b: Incineroar|Incineroar, L50, M|100/100\n|-ability|p2b: Incineroar|Intimidate|boost\n|-unboost|p1a: Blastoise|atk|1\n|-unboost|p1b: Whimsicott|atk|1\n|turn|1\n|\n|t:|1776012807\n|move|p1a: Blastoise|Protect|p1a: Blastoise\n|-singleturn|p1a: Blastoise|Protect\n|move|p2b: Incineroar|Fake Out|p1a: Blastoise\n|-activate|p1a: Blastoise|move: Protect\n|move|p1b: Whimsicott|Moonblast|p2b: Incineroar\n|-damage|p2b: Incineroar|66/100\n|move|p2a: Farigiraf|Trick Room|p2a: Farigiraf\n|-fieldstart|move: Trick Room|[of] p2a: Farigiraf\n|\n|upkeep\n|turn|2\n|\n|t:|1776012826\n|switch|p2b: Torkoal|Torkoal, L50, M|100/100\n|-weather|SunnyDay|[from] ability: Drought|[of] p2b: Torkoal\n|switch|p1b: Charizard|Charizard, L50, F, shiny|100/100\n|move|p2a: Farigiraf|Psychic|p1a: Blastoise\n|-damage|p1a: Blastoise|61/100\n|move|p1a: Blastoise|Water Spout|p2a: Farigiraf|[spread] p2a,p2b\n|-supereffective|p2b: Torkoal|1\n|-damage|p2a: Farigiraf|88/100\n|-damage|p2b: Torkoal|66/100\n|\n|-weather|SunnyDay|[upkeep]\n|upkeep\n|turn|3\n|\n|t:|1776012847\n|move|p2a: Farigiraf|Helping Hand|p2b: Torkoal\n|-singleturn|p2b: Torkoal|Helping Hand|[of] p2a: Farigiraf\n|move|p2b: Torkoal|Eruption|p1a: Blastoise|[spread] p1a,p1b\n|-resisted|p1a: Blastoise|1\n|-resisted|p1b: Charizard|1\n|-damage|p1a: Blastoise|16/100\n|-damage|p1b: Charizard|46/100\n|move|p1a: Blastoise|Life Dew|p1a: Blastoise|[spread] p1a,p1b\n|-heal|p1a: Blastoise|41/100\n|-heal|p1b: Charizard|71/100\n|move|p1b: Charizard|Heat Wave|p2a: Farigiraf|[spread] p2a\n|-miss|p1b: Charizard|p2b: Torkoal\n|-damage|p2a: Farigiraf|39/100\n|-enditem|p2a: Farigiraf|Sitrus Berry|[eat]\n|-heal|p2a: Farigiraf|64/100|[from] item: Sitrus Berry\n|\n|-weather|SunnyDay|[upkeep]\n|upkeep\n|turn|4\n|\n|t:|1776012865\n|switch|p1b: Pelipper|Pelipper, L50, F|100/100\n|-weather|RainDance|[from] ability: Drizzle|[of] p1b: Pelipper\n|move|p2b: Torkoal|Eruption|p1a: Blastoise|[spread] p1a,p1b\n|-resisted|p1a: Blastoise|1\n|-resisted|p1b: Pelipper|1\n|-damage|p1a: Blastoise|32/100\n|-damage|p1b: Pelipper|90/100\n|move|p2a: Farigiraf|Hyper Voice|p1a: Blastoise|[spread] p1a,p1b\n|-crit|p1a: Blastoise\n|-damage|p1a: Blastoise|0 fnt\n|-damage|p1b: Pelipper|61/100\n|faint|p1a: Blastoise\n|\n|-weather|RainDance|[upkeep]\n|upkeep\n|\n|t:|1776012879\n|switch|p1a: Charizard|Charizard, L50, F, shiny|71/100\n|turn|5\n|inactive|jvmummy has 30 seconds left.\n|\n|t:|1776012905\n|detailschange|p1a: Charizard|Charizard-Mega-Y, L50, F, shiny\n|-mega|p1a: Charizard|Charizard|Charizardite Y\n|-weather|SunnyDay|[from] ability: Drought|[of] p1a: Charizard\n|move|p2b: Torkoal|Protect|p2b: Torkoal\n|-singleturn|p2b: Torkoal|Protect\n|move|p1b: Pelipper|Wide Guard|p1b: Pelipper\n|-singleturn|p1b: Pelipper|Wide Guard\n|move|p2a: Farigiraf|Psychic|p1a: Charizard\n|-damage|p1a: Charizard|35/100\n|move|p1a: Charizard|Heat Wave|p2a: Farigiraf|[spread] p2a\n|-activate|p2b: Torkoal|move: Protect\n|-damage|p2a: Farigiraf|7/100\n|\n|-weather|SunnyDay|[upkeep]\n|-fieldend|move: Trick Room\n|upkeep\n|turn|6\n|\n|t:|1776012927\n|move|p2a: Farigiraf|Helping Hand|p2b: Torkoal\n|-singleturn|p2b: Torkoal|Helping Hand|[of] p2a: Farigiraf\n|move|p1a: Charizard|Heat Wave|p2a: Farigiraf|[spread] p2a,p2b\n|-resisted|p2b: Torkoal|1\n|-damage|p2a: Farigiraf|0 fnt\n|-damage|p2b: Torkoal|22/100\n|faint|p2a: Farigiraf\n|move|p1b: Pelipper|Weather Ball|p2b: Torkoal\n|-resisted|p2b: Torkoal|1\n|-damage|p2b: Torkoal|0 fnt\n|faint|p2b: Torkoal\n|\n|-weather|SunnyDay|[upkeep]\n|upkeep\n|\n|t:|1776012937\n|switch|p2a: Incineroar|Incineroar, L50, M|66/100\n|switch|p2b: Crabominable|Crabominable, L50, F|100/100\n|-ability|p2a: Incineroar|Intimidate|boost\n|-unboost|p1a: Charizard|atk|1\n|-unboost|p1b: Pelipper|atk|1\n|turn|7\n|\n|t:|1776012946\n|detailschange|p2b: Crabominable|Crabominable-Mega, L50, F\n|-mega|p2b: Crabominable|Crabominable|Crabominite\n|move|p1a: Charizard|Protect|p1a: Charizard\n|-singleturn|p1a: Charizard|Protect\n|move|p2a: Incineroar|Fake Out|p1a: Charizard\n|-activate|p1a: Charizard|move: Protect\n|move|p1b: Pelipper|Hurricane|p2b: Crabominable|[miss]\n|-miss|p1b: Pelipper|p2b: Crabominable\n|move|p2b: Crabominable|Ice Hammer|p1b: Pelipper\n|-damage|p1b: Pelipper|0 fnt\n|-unboost|p2b: Crabominable|spe|1\n|faint|p1b: Pelipper\n|\n|-weather|SunnyDay|[upkeep]\n|upkeep\n|\n|t:|1776012959\n|switch|p1b: Whimsicott|Whimsicott, L50, F|100/100\n|turn|8\n|\n|t:|1776012978\n|move|p2b: Crabominable|Protect|p2b: Crabominable\n|-singleturn|p2b: Crabominable|Protect\n|move|p1a: Charizard|Heat Wave|p2a: Incineroar|[spread] p2a\n|-activate|p2b: Crabominable|move: Protect\n|-resisted|p2a: Incineroar|1\n|-damage|p2a: Incineroar|40/100\n|move|p1b: Whimsicott|Moonblast|p2a: Incineroar\n|-damage|p2a: Incineroar|7/100\n|move|p2a: Incineroar|Flare Blitz|p1b: Whimsicott\n|-supereffective|p1b: Whimsicott|1\n|-damage|p1b: Whimsicott|0 fnt\n|faint|p1b: Whimsicott\n|-damage|p2a: Incineroar|0 fnt|[from] Recoil\n|faint|p2a: Incineroar\n|\n|-weather|SunnyDay|[upkeep]\n|upkeep\n|turn|9\n|\n|t:|1776012995\n|move|p1a: Charizard|Flamethrower|p2b: Crabominable\n|-supereffective|p2b: Crabominable|1\n|-damage|p2b: Crabominable|0 fnt\n|faint|p2b: Crabominable\n|\n|win|RolandGT\n|raw|RolandGT's rating: 1142 &rarr; <strong>1170</strong><br />(+28 for winning)\n|raw|jvmummy's rating: 1180 &rarr; <strong>1152</strong><br />(-28 for losing)\n",
  "uploadtime": 1776013000,
  "views": 22,
  "formatid": "gen9championsvgc2026regma",
  "rating": 1152,
  "private": 0,
  "password": null
}