{
  "id": "gen9championsvgc2026regma-2583992496",
  "format": "[Gen 9 Champions] VGC 2026 Reg M-A",
  "players": [
    "elmanxas",
    "CRUNCHHHVGC"
  ],
  "log": "|j|\u2606elmanxas\n|j|\u2606CRUNCHHHVGC\n|t:|1776214882\n|gametype|doubles\n|player|p1|elmanxas|silver|1045\n|player|p2|CRUNCHHHVGC|lance|1129\n|gen|9\n|tier|[Gen 9 Champions] VGC 2026 Reg M-A\n|rated|\n|rule|Species Clause: Limit one of each Pok\u00e9mon\n|rule|Item Clause: Limit 1 of each item\n|clearpoke\n|poke|p1|Charizard, L50, M|\n|poke|p1|Sneasler, L50, M|\n|poke|p1|Garchomp, L50, M|\n|poke|p1|Venusaur, L50, F|\n|poke|p1|Basculegion, L50, M|\n|poke|p1|Rotom-Wash, L50|\n|poke|p2|Incineroar, L50, M|\n|poke|p2|Dragapult, L50, F|\n|poke|p2|Glimmora, L50, M|\n|poke|p2|Palafin, L50, F|\n|poke|p2|Whimsicott, L50, F|\n|poke|p2|Skarmory, L50, M|\n|teampreview|4\n|inactive|Battle timer is ON: inactive players will automatically lose when time's up. (requested by elmanxas)\n|inactive|elmanxas has 60 seconds left.\n|inactive|CRUNCHHHVGC has 60 seconds left.\nelmanxas rejected open team sheets.\n|\n|t:|1776214933\n|teamsize|p1|4\n|teamsize|p2|4\n|start\n|switch|p1a: Basculegion|Basculegion, L50, M|100/100\n|switch|p1b: Venusaur|Venusaur, L50, F|100/100\n|switch|p2a: Nimbus|Whimsicott, L50, F|100/100\n|switch|p2b: Laertes|Glimmora, L50, M|100/100\n|turn|1\n|inactive|CRUNCHHHVGC has 30 seconds left.\n|\n|t:|1776214961\n|switch|p2a: Wolfey\u2019s Bae|Incineroar, L50, M|100/100\n|-ability|p2a: Wolfey\u2019s Bae|Intimidate|boost\n|-unboost|p1a: Basculegion|atk|1\n|-unboost|p1b: Venusaur|atk|1\n|detailschange|p2b: Laertes|Glimmora-Mega, L50, M\n|-mega|p2b: Laertes|Glimmora|Glimmoranite\n|move|p2b: Laertes|Spiky Shield|p2b: Laertes\n|-singleturn|p2b: Laertes|move: Protect\n|move|p1a: Basculegion|Wave Crash|p2b: Laertes\n|-activate|p2b: Laertes|move: Protect\n|-damage|p1a: Basculegion|88/100|[from] Spiky Shield|[of] p2b: Laertes\n|move|p1b: Venusaur|Sludge Bomb|p2a: Wolfey\u2019s Bae\n|-damage|p2a: Wolfey\u2019s Bae|66/100\n|-status|p2a: Wolfey\u2019s Bae|psn\n|\n|-damage|p2a: Wolfey\u2019s Bae|53/100 psn|[from] psn\n|upkeep\n|turn|2\n|inactive|elmanxas has 30 seconds left.\n|inactive|CRUNCHHHVGC has 30 seconds left.\n|inactive|elmanxas has 20 seconds left.\n|inactive|CRUNCHHHVGC has 20 seconds left.\n|inactive|CRUNCHHHVGC has 15 seconds left.\n|\n|t:|1776215001\n|switch|p1a: Sneasler|Sneasler, L50, M|100/100\n|switch|p2b: Nimbus|Whimsicott, L50, F|100/100\n|switch|p2a: Valstrax|Dragapult, L50, F|100/100\n|move|p1b: Venusaur|Protect||[still]\n|-fail|p1b: Venusaur\n|\n|upkeep\n|turn|3\n|inactive|elmanxas has 30 seconds left.\n|inactive|CRUNCHHHVGC has 30 seconds left.\n|inactive|elmanxas has 20 seconds left.\n|inactive|CRUNCHHHVGC has 20 seconds left.\n|inactive|elmanxas has 15 seconds left.\n|inactive|CRUNCHHHVGC has 15 seconds left.\n|inactive|elmanxas has 10 seconds left.\n|inactive|CRUNCHHHVGC has 10 seconds left.\n|\n|t:|1776215048\n|switch|p2b: Laertes|Glimmora-Mega, L50, M|100/100\n|move|p2a: Valstrax|Draco Meteor|p1a: Sneasler\n|-damage|p1a: Sneasler|4/100\n|-unboost|p2a: Valstrax|spa|2\n|move|p1a: Sneasler|Dire Claw|p2b: Laertes\n|-resisted|p2b: Laertes|2\n|-damage|p2b: Laertes|90/100\n|move|p1b: Venusaur|Sludge Bomb|p2a: Valstrax\n|-resisted|p2a: Valstrax|1\n|-damage|p2a: Valstrax|74/100\n|-status|p2a: Valstrax|psn\n|\n|-damage|p2a: Valstrax|62/100 psn|[from] psn\n|upkeep\n|turn|4\n|inactive|elmanxas has 30 seconds left.\n|inactive|CRUNCHHHVGC has 30 seconds left.\n|\n|t:|1776215083\n|move|p1a: Sneasler|Protect|p1a: Sneasler\n|-singleturn|p1a: Sneasler|Protect\n|move|p2a: Valstrax|Breaking Swipe|p1a: Sneasler|[spread] p1b\n|-activate|p1a: Sneasler|move: Protect\n|-damage|p1b: Venusaur|73/100\n|-unboost|p1b: Venusaur|atk|1\n|move|p2b: Laertes|Sludge Bomb|p1b: Venusaur\n|-damage|p1b: Venusaur|0 fnt\n|faint|p1b: Venusaur\n|\n|-damage|p2a: Valstrax|50/100 psn|[from] psn\n|upkeep\n|\n|t:|1776215103\n|switch|p1b: Basculegion|Basculegion, L50, M|88/100\n|turn|5\n|inactive|elmanxas has 30 seconds left.\n|\n|t:|1776215132\n|move|p2b: Laertes|Spiky Shield|p2b: Laertes\n|-singleturn|p2b: Laertes|move: Protect\n|move|p1b: Basculegion|Last Respects|p2a: Valstrax\n|-supereffective|p2a: Valstrax|1\n|-damage|p2a: Valstrax|0 fnt\n|faint|p2a: Valstrax\n|move|p1a: Sneasler|Dire Claw|p2b: Laertes\n|-activate|p2b: Laertes|move: Protect\n|-damage|p1a: Sneasler|0 fnt|[from] Spiky Shield|[of] p2b: Laertes\n|faint|p1a: Sneasler\n|\n|upkeep\n|\n|t:|1776215150\n|switch|p2a: Nimbus|Whimsicott, L50, F|100/100\n|switch|p1a: Charizard|Charizard, L50, M, shiny|100/100\n|turn|6\n|\n|t:|1776215171\n|switch|p2b: Wolfey\u2019s Bae|Incineroar, L50, M|53/100 psn\n|-ability|p2b: Wolfey\u2019s Bae|Intimidate|boost\n|-unboost|p1a: Charizard|atk|1\n|-unboost|p1b: Basculegion|atk|1\n|move|p2a: Nimbus|Tailwind|p2a: Nimbus\n|-sidestart|p2: CRUNCHHHVGC|move: Tailwind\n|move|p1b: Basculegion|Last Respects|p2b: Wolfey\u2019s Bae\n|-resisted|p2b: Wolfey\u2019s Bae|1\n|-damage|p2b: Wolfey\u2019s Bae|30/100 psn\n|move|p1a: Charizard|Heat Wave|p2a: Nimbus|[spread] p2a\n|-miss|p1a: Charizard|p2b: Wolfey\u2019s Bae\n|-supereffective|p2a: Nimbus|1\n|-damage|p2a: Nimbus|13/100\n|-status|p2a: Nimbus|brn\n|\n|-damage|p2b: Wolfey\u2019s Bae|17/100 psn|[from] psn\n|-damage|p2a: Nimbus|7/100 brn|[from] brn\n|upkeep\n|turn|7\n|inactive|elmanxas has 30 seconds left.\n|inactive|CRUNCHHHVGC has 30 seconds left.\n|inactive|elmanxas has 20 seconds left.\n|\n|t:|1776215207\n|detailschange|p1a: Charizard|Charizard-Mega-Y, L50, M, shiny\n|-mega|p1a: Charizard|Charizard|Charizardite Y\n|-weather|SunnyDay|[from] ability: Drought|[of] p1a: Charizard\n|move|p1a: Charizard|Protect|p1a: Charizard\n|-singleturn|p1a: Charizard|Protect\n|move|p2b: Wolfey\u2019s Bae|Fake Out|p1a: Charizard\n|-activate|p1a: Charizard|move: Protect\n|move|p2a: Nimbus|Grass Knot|p1b: Basculegion\n|-supereffective|p1b: Basculegion|1\n|-damage|p1b: Basculegion|13/100\n|move|p1b: Basculegion|Last Respects|p2b: Wolfey\u2019s Bae\n|-resisted|p2b: Wolfey\u2019s Bae|1\n|-damage|p2b: Wolfey\u2019s Bae|0 fnt\n|faint|p2b: Wolfey\u2019s Bae\n|\n|-weather|SunnyDay|[upkeep]\n|-damage|p2a: Nimbus|0 fnt|[from] brn\n|faint|p2a: Nimbus\n|upkeep\n|\n|t:|1776215222\n|switch|p2a: Laertes|Glimmora-Mega, L50, M|90/100\n|turn|8\n|inactive|elmanxas has 30 seconds left.\n|\n|t:|1776215247\n|move|p2a: Laertes|Power Gem|p1b: Basculegion\n|-damage|p1b: Basculegion|0 fnt\n|faint|p1b: Basculegion\n|move|p1a: Charizard|Solar Beam||[still]\n|-prepare|p1a: Charizard|Solar Beam\n|-anim|p1a: Charizard|Solar Beam|p2a: Laertes\n|-crit|p2a: Laertes\n|-damage|p2a: Laertes|0 fnt\n|faint|p2a: Laertes\n|\n|win|elmanxas\n|raw|elmanxas's rating: 1045 &rarr; <strong>1086</strong><br />(+41 for winning)\n|raw|CRUNCHHHVGC's rating: 1129 &rarr; <strong>1098</strong><br />(-31 for losing)\n",
  "uploadtime": 1776215256,
  "views": 26,
  "formatid": "gen9championsvgc2026regma",
  "rating": 1086,
  "private": 0,
  "password": null
}