{
  "id": "gen9championsvgc2026regma-2582901165",
  "format": "[Gen 9 Champions] VGC 2026 Reg M-A",
  "players": [
    "Viijohnny07",
    "the sleepiest bear"
  ],
  "log": "|j|\u2606Viijohnny07\n|j|\u2606the sleepiest bear\n|t:|1776123372\n|gametype|doubles\n|player|p1|Viijohnny07|101|1121\n|player|p2|the sleepiest bear|169|1027\n|gen|9\n|tier|[Gen 9 Champions] VGC 2026 Reg M-A\n|rated|\n|rule|Species Clause: Limit one of each Pok\u00e9mon\n|rule|Item Clause: Limit 1 of each item\n|clearpoke\n|poke|p1|Ampharos, L50, M|\n|poke|p1|Politoed, L50, F|\n|poke|p1|Tinkaton, L50, F|\n|poke|p1|Machamp, L50, F|\n|poke|p1|Incineroar, L50, M|\n|poke|p1|Farigiraf, L50, M|\n|poke|p2|Gengar, L50, M|\n|poke|p2|Incineroar, L50, M|\n|poke|p2|Kingambit, L50, M|\n|poke|p2|Sinistcha, L50|\n|poke|p2|Aerodactyl, L50, F|\n|poke|p2|Blastoise, L50, F|\n|teampreview|4\nthe sleepiest bear has agreed to open team sheets.\n|inactive|Battle timer is ON: inactive players will automatically lose when time's up. (requested by Viijohnny07)\n|inactive|the sleepiest bear has 60 seconds left.\n|\n|t:|1776123432\n|teamsize|p1|4\n|teamsize|p2|4\n|start\n|switch|p1a: Farigiraf|Farigiraf, L50, M|100/100\n|switch|p1b: Tinkaton|Tinkaton, L50, F|100/100\n|switch|p2a: Gengar|Gengar, L50, M|100/100\n|switch|p2b: Aerodactyl|Aerodactyl, L50, F|100/100\n|-ability|p1b: Tinkaton|Mold Breaker\n|turn|1\n|inactive|the sleepiest bear has 30 seconds left.\n|\n|t:|1776123462\n|detailschange|p2a: Gengar|Gengar-Mega, L50, M\n|-mega|p2a: Gengar|Gengar|Gengarite\n|move|p1b: Tinkaton|Fake Out|p2b: Aerodactyl\n|-resisted|p2b: Aerodactyl|1\n|-damage|p2b: Aerodactyl|91/100\n|cant|p2b: Aerodactyl|flinch\n|move|p2a: Gengar|Perish Song|p2a: Gengar\n|-start|p1a: Farigiraf|perish3|[silent]\n|-start|p1b: Tinkaton|perish3|[silent]\n|-start|p2a: Gengar|perish3|[silent]\n|-start|p2b: Aerodactyl|perish3|[silent]\n|-fieldactivate|move: Perish Song\n|move|p1a: Farigiraf|Trick Room|p1a: Farigiraf\n|-fieldstart|move: Trick Room|[of] p1a: Farigiraf\n|\n|-start|p1a: Farigiraf|perish3\n|-start|p1b: Tinkaton|perish3\n|-start|p2a: Gengar|perish3\n|-start|p2b: Aerodactyl|perish3\n|upkeep\n|turn|2\n|inactive|Viijohnny07 has 30 seconds left.\n|inactive|the sleepiest bear has 30 seconds left.\n|inactive|the sleepiest bear has 20 seconds left.\n|inactive|the sleepiest bear has 15 seconds left.\n|inactive|the sleepiest bear has 10 seconds left.\n|inactive|the sleepiest bear has 5 seconds left.\n|\n|t:|1776123517\n|move|p1a: Farigiraf|Psychic|p2a: Gengar\n|-supereffective|p2a: Gengar|1\n|-damage|p2a: Gengar|31/100\n|move|p1b: Tinkaton|Play Rough|p2b: Aerodactyl\n|-damage|p2b: Aerodactyl|33/100\n|move|p2a: Gengar|Shadow Ball|p1b: Tinkaton\n|-damage|p1b: Tinkaton|59/100\n|move|p2b: Aerodactyl|Taunt|p1a: Farigiraf\n|-start|p1a: Farigiraf|move: Taunt\n|\n|-start|p1a: Farigiraf|perish2\n|-start|p1b: Tinkaton|perish2\n|-start|p2b: Aerodactyl|perish2\n|-start|p2a: Gengar|perish2\n|upkeep\n|turn|3\n|\n|t:|1776123541\n|switch|p2b: Incineroar|Incineroar, L50, M|100/100\n|move|p2a: Gengar|Protect|p2a: Gengar\n|-singleturn|p2a: Gengar|Protect\n|move|p1a: Farigiraf|Psychic|p2a: Gengar\n|-activate|p2a: Gengar|move: Protect\n|move|p1b: Tinkaton|Play Rough|p2b: Incineroar\n|-damage|p2b: Incineroar|75/100\n|\n|-start|p1a: Farigiraf|perish1\n|-start|p1b: Tinkaton|perish1\n|-start|p2a: Gengar|perish1\n|upkeep\n|turn|4\n|inactive|the sleepiest bear has 30 seconds left.\n|inactive|the sleepiest bear has 20 seconds left.\n|inactive|the sleepiest bear has 15 seconds left.\n|inactive|Viijohnny07 has 30 seconds left.\n|inactive|the sleepiest bear has 10 seconds left.\n|inactive|the sleepiest bear has 5 seconds left.\n|\n|t:|1776123596\n|move|p2b: Incineroar|Fake Out||[still]\n|cant|p1a: Farigiraf|ability: Armor Tail|Fake Out|[of] p2b: Incineroar\n|move|p1a: Farigiraf|Psychic|p2a: Gengar\n|-supereffective|p2a: Gengar|1\n|-damage|p2a: Gengar|0 fnt\n|faint|p2a: Gengar\n|move|p1b: Tinkaton|Play Rough|p2b: Incineroar\n|-damage|p2b: Incineroar|50/100\n|\n|-start|p1a: Farigiraf|perish0\n|-start|p1b: Tinkaton|perish0\n|faint|p1a: Farigiraf\n|faint|p1b: Tinkaton\n|upkeep\n|inactive|the sleepiest bear has 30 seconds left.\n|inactive|the sleepiest bear has 20 seconds left.\n|inactive|the sleepiest bear has 15 seconds left.\n|inactive|the sleepiest bear has 10 seconds left.\n|l|\u2606Viijohnny07\n|inactive|Viijohnny07 disconnected and has a minute to reconnect!\n|player|p1|\n|inactive|the sleepiest bear has 5 seconds left.\n|j|\u2606Viijohnny07\n|inactive|Viijohnny07 reconnected.\n|player|p1|Viijohnny07|101|\n|\n|t:|1776123651\n|switch|p1a: Ampharos|Ampharos, L50, M|100/100\n|switch|p1b: Politoed|Politoed, L50, F|100/100\n|switch|p2a: Aerodactyl|Aerodactyl, L50, F|33/100\n|-weather|RainDance|[from] ability: Drizzle|[of] p1b: Politoed\n|turn|5\n|inactive|the sleepiest bear has 30 seconds left.\n|\n|t:|1776123676\n|move|p2a: Aerodactyl|Wide Guard|p2a: Aerodactyl\n|-singleturn|p2a: Aerodactyl|Wide Guard\n|move|p1a: Ampharos|Dragon Pulse|p2b: Incineroar\n|-damage|p2b: Incineroar|21/100\n|move|p2b: Incineroar|Parting Shot|p1a: Ampharos\n|-unboost|p1a: Ampharos|atk|1\n|-unboost|p1a: Ampharos|spa|1\n|\n|t:|1776123684\n|switch|p2b: Sinistcha|Sinistcha, L50|100/100|[from] Parting Shot\n|-heal|p2a: Aerodactyl|58/100|[from] ability: Hospitality|[of] p2b: Sinistcha\n|move|p1b: Politoed|Muddy Water|p2a: Aerodactyl|[spread] \n|-activate|p2a: Aerodactyl|move: Wide Guard\n|-activate|p2b: Sinistcha|move: Wide Guard\n|\n|-weather|RainDance|[upkeep]\n|-fieldend|move: Trick Room\n|upkeep\n|turn|6\n|inactive|Viijohnny07 has 30 seconds left.\n|inactive|the sleepiest bear has 30 seconds left.\n|\n|t:|1776123712\n|detailschange|p1a: Ampharos|Ampharos-Mega, L50, M\n|-mega|p1a: Ampharos|Ampharos|Ampharosite\n|-ability|p1a: Ampharos|Mold Breaker\n|move|p2a: Aerodactyl|Rock Slide|p1b: Politoed|[spread] p1b\n|-miss|p2a: Aerodactyl|p1a: Ampharos\n|-crit|p1b: Politoed\n|-damage|p1b: Politoed|69/100\n|move|p2b: Sinistcha|Matcha Gotcha|p1b: Politoed|[spread] p1a,p1b\n|-resisted|p1a: Ampharos|1\n|-supereffective|p1b: Politoed|1\n|-damage|p1a: Ampharos|90/100\n|-damage|p1b: Politoed|20/100\n|move|p1b: Politoed|Icy Wind|p2b: Sinistcha|[spread] p2a,p2b\n|-supereffective|p2a: Aerodactyl|1\n|-supereffective|p2b: Sinistcha|1\n|-damage|p2a: Aerodactyl|30/100\n|-damage|p2b: Sinistcha|77/100\n|-unboost|p2a: Aerodactyl|spe|1\n|-unboost|p2b: Sinistcha|spe|1\n|move|p1a: Ampharos|Thunder|p2a: Aerodactyl\n|-supereffective|p2a: Aerodactyl|1\n|-damage|p2a: Aerodactyl|0 fnt\n|faint|p2a: Aerodactyl\n|\n|-weather|RainDance|[upkeep]\n|-heal|p1b: Politoed|26/100|[from] item: Leftovers\n|upkeep\n|\n|t:|1776123731\n|switch|p2a: Incineroar|Incineroar, L50, M|21/100\n|turn|7\n|\n|t:|1776123738\n|move|p1b: Politoed|Protect|p1b: Politoed\n|-singleturn|p1b: Politoed|Protect\n|move|p2a: Incineroar|Fake Out|p1a: Ampharos\n|-damage|p1a: Ampharos|81/100\n|move|p2b: Sinistcha|Matcha Gotcha|p1b: Politoed|[spread] p1a\n|-activate|p1b: Politoed|move: Protect\n|-resisted|p1a: Ampharos|1\n|-damage|p1a: Ampharos|71/100\n|-heal|p2b: Sinistcha|83/100|[from] drain|[of] p1a: Ampharos\n|cant|p1a: Ampharos|flinch\n|\n|-weather|RainDance|[upkeep]\n|-heal|p1b: Politoed|32/100|[from] item: Leftovers\n|upkeep\n|turn|8\n|\n|t:|1776123760\n|move|p2a: Incineroar|Protect|p2a: Incineroar\n|-singleturn|p2a: Incineroar|Protect\n|move|p1b: Politoed|Perish Song|p1b: Politoed\n|-start|p1a: Ampharos|perish3|[silent]\n|-start|p1b: Politoed|perish3|[silent]\n|-start|p2a: Incineroar|perish3|[silent]\n|-start|p2b: Sinistcha|perish3|[silent]\n|-fieldactivate|move: Perish Song\n|move|p1a: Ampharos|Dazzling Gleam|p2a: Incineroar|[spread] p2b\n|-activate|p2a: Incineroar|move: Protect\n|-damage|p2b: Sinistcha|60/100\n|move|p2b: Sinistcha|Trick Room|p2b: Sinistcha\n|-fieldstart|move: Trick Room|[of] p2b: Sinistcha\n|\n|-weather|RainDance|[upkeep]\n|-heal|p1b: Politoed|38/100|[from] item: Leftovers\n|-start|p1a: Ampharos|perish3\n|-start|p2b: Sinistcha|perish3\n|-start|p2a: Incineroar|perish3\n|-start|p1b: Politoed|perish3\n|upkeep\n|turn|9\n|inactive|the sleepiest bear has 30 seconds left.\n|\n|t:|1776123789\n|move|p1b: Politoed|Protect|p1b: Politoed\n|-singleturn|p1b: Politoed|Protect\n|move|p1a: Ampharos|Dazzling Gleam|p2b: Sinistcha|[spread] p2a,p2b\n|-damage|p2a: Incineroar|4/100\n|-damage|p2b: Sinistcha|37/100\n|-enditem|p2b: Sinistcha|Sitrus Berry|[eat]\n|-heal|p2b: Sinistcha|62/100|[from] item: Sitrus Berry\n|move|p2b: Sinistcha|Matcha Gotcha|p1b: Politoed|[spread] p1a\n|-activate|p1b: Politoed|move: Protect\n|-resisted|p1a: Ampharos|1\n|-damage|p1a: Ampharos|60/100\n|-heal|p2b: Sinistcha|68/100|[from] drain|[of] p1a: Ampharos\n|move|p2a: Incineroar|Throat Chop|p1a: Ampharos\n|-crit|p1a: Ampharos\n|-damage|p1a: Ampharos|18/100\n|-start|p1a: Ampharos|Throat Chop|[silent]\n|\n|-weather|none\n|-heal|p1b: Politoed|44/100|[from] item: Leftovers\n|-start|p1a: Ampharos|perish2\n|-start|p2b: Sinistcha|perish2\n|-start|p2a: Incineroar|perish2\n|-start|p1b: Politoed|perish2\n|upkeep\n|turn|10\n|\n|t:|1776123802\n|move|p1a: Ampharos|Protect|p1a: Ampharos\n|-singleturn|p1a: Ampharos|Protect\n|move|p2b: Sinistcha|Life Dew|p2b: Sinistcha|[spread] p2a,p2b\n|-heal|p2a: Incineroar|30/100\n|-heal|p2b: Sinistcha|93/100\n|move|p2a: Incineroar|Throat Chop|p1a: Ampharos\n|-activate|p1a: Ampharos|move: Protect\n|move|p1b: Politoed|Icy Wind|p2a: Incineroar|[spread] p2a,p2b\n|-resisted|p2a: Incineroar|1\n|-supereffective|p2b: Sinistcha|1\n|-damage|p2a: Incineroar|25/100\n|-damage|p2b: Sinistcha|72/100\n|-unboost|p2a: Incineroar|spe|1\n|-unboost|p2b: Sinistcha|spe|1\n|\n|-heal|p1b: Politoed|50/100|[from] item: Leftovers\n|-end|p1a: Ampharos|Throat Chop|[silent]\n|-start|p2b: Sinistcha|perish1\n|-start|p2a: Incineroar|perish1\n|-start|p1a: Ampharos|perish1\n|-start|p1b: Politoed|perish1\n|upkeep\n|turn|11\n|inactive|Viijohnny07 has 30 seconds left.\n|\n|t:|1776123830\n|move|p1a: Ampharos|Protect|p1a: Ampharos\n|-singleturn|p1a: Ampharos|Protect\n|move|p1b: Politoed|Protect|p1b: Politoed\n|-singleturn|p1b: Politoed|Protect\n|move|p2b: Sinistcha|Matcha Gotcha|p1a: Ampharos|[spread] \n|-activate|p1a: Ampharos|move: Protect\n|-activate|p1b: Politoed|move: Protect\n|move|p2a: Incineroar|Throat Chop|p1b: Politoed\n|-activate|p1b: Politoed|move: Protect\n|\n|-heal|p1b: Politoed|56/100|[from] item: Leftovers\n|-start|p2b: Sinistcha|perish0\n|-start|p2a: Incineroar|perish0\n|-start|p1a: Ampharos|perish0\n|-start|p1b: Politoed|perish0\n|faint|p2b: Sinistcha\n|faint|p2a: Incineroar\n|faint|p1a: Ampharos\n|faint|p1b: Politoed\n|\n|win|Viijohnny07\n|raw|Viijohnny07's rating: 1121 &rarr; <strong>1139</strong><br />(+18 for winning)\n|raw|the sleepiest bear's rating: 1027 &rarr; <strong>1017</strong><br />(-10 for losing)\n|c|\u2606Viijohnny07|Gg\n",
  "uploadtime": 1776123854,
  "views": 35,
  "formatid": "gen9championsvgc2026regma",
  "rating": 1017,
  "private": 0,
  "password": null
}