{
  "id": "gen9championsvgc2026regma-2585020831",
  "format": "[Gen 9 Champions] VGC 2026 Reg M-A",
  "players": [
    "blazikenrox",
    "a slippin jimmy"
  ],
  "log": "|j|\u2606blazikenrox\n|j|\u2606a slippin jimmy\n|t:|1776304034\n|gametype|doubles\n|player|p1|blazikenrox|lisia|1332\n|player|p2|a slippin jimmy|miku-ghost|1502\n|gen|9\n|tier|[Gen 9 Champions] VGC 2026 Reg M-A\n|rated|\n|rule|Species Clause: Limit one of each Pok\u00e9mon\n|rule|Item Clause: Limit 1 of each item\n|clearpoke\n|poke|p1|Gengar, L50, M|\n|poke|p1|Politoed, L50, F|\n|poke|p1|Incineroar, L50, M|\n|poke|p1|Palafin, L50, M|\n|poke|p1|Whimsicott, L50, M|\n|poke|p1|Kommo-o, L50, F|\n|poke|p2|Palafin, L50, M|\n|poke|p2|Incineroar, L50, M|\n|poke|p2|Pelipper, L50, M|\n|poke|p2|Kingambit, L50, M|\n|poke|p2|Meganium, L50, F|\n|poke|p2|Aerodactyl, L50, F|\n|teampreview|4\n|inactive|Battle timer is ON: inactive players will automatically lose when time's up. (requested by blazikenrox)\na slippin jimmy has agreed to open team sheets.\n|\n|t:|1776304068\n|teamsize|p1|4\n|teamsize|p2|4\n|start\n|switch|p1a: Kommo-o|Kommo-o, L50, F|100/100\n|switch|p1b: Incineroar|Incineroar, L50, M|100/100\n|switch|p2a: Palafin|Palafin, L50, M, shiny|100/100\n|switch|p2b: Kingambit|Kingambit, L50, M|100/100\n|-ability|p1b: Incineroar|Intimidate|boost\n|-unboost|p2a: Palafin|atk|1\n|-unboost|p2b: Kingambit|atk|1\n|-ability|p2b: Kingambit|Defiant|boost\n|-boost|p2b: Kingambit|atk|2\n|turn|1\n|\n|t:|1776304085\n|move|p1b: Incineroar|Protect|p1b: Incineroar\n|-singleturn|p1b: Incineroar|Protect\n|move|p1a: Kommo-o|Clangorous Soul|p1a: Kommo-o\n|-boost|p1a: Kommo-o|atk|1\n|-boost|p1a: Kommo-o|def|1\n|-boost|p1a: Kommo-o|spa|1\n|-boost|p1a: Kommo-o|spd|1\n|-boost|p1a: Kommo-o|spe|1\n|-damage|p1a: Kommo-o|68/100\n|move|p2a: Palafin|Wave Crash|p1b: Incineroar\n|-activate|p1b: Incineroar|move: Protect\n|move|p2b: Kingambit|Kowtow Cleave|p1b: Incineroar\n|-activate|p1b: Incineroar|move: Protect\n|\n|upkeep\n|turn|2\n|\n|t:|1776304097\n|detailschange|p2a: Palafin|Palafin-Hero, L50, M, shiny\n|switch|p2a: Meganium|Meganium, L50, F|100/100\n|move|p2b: Kingambit|Protect|p2b: Kingambit\n|-singleturn|p2b: Kingambit|Protect\n|move|p1a: Kommo-o|Aura Sphere|p2b: Kingambit\n|-activate|p2b: Kingambit|move: Protect\n|move|p1b: Incineroar|Parting Shot|p2a: Meganium\n|-unboost|p2a: Meganium|atk|1\n|-unboost|p2a: Meganium|spa|1\n|\n|t:|1776304121\n|switch|p1b: Politoed|Politoed, L50, F|100/100|[from] Parting Shot\n|-weather|RainDance|[from] ability: Drizzle|[of] p1b: Politoed\n|\n|-weather|RainDance|[upkeep]\n|upkeep\n|turn|3\n|\n|t:|1776304145\n|detailschange|p2a: Meganium|Meganium-Mega, L50, F\n|-mega|p2a: Meganium|Meganium|Meganiumite\n|move|p1b: Politoed|Protect|p1b: Politoed\n|-singleturn|p1b: Politoed|Protect\n|move|p2b: Kingambit|Sucker Punch|p1a: Kommo-o\n|-resisted|p1a: Kommo-o|1\n|-damage|p1a: Kommo-o|47/100\n|move|p1a: Kommo-o|Aura Sphere|p2b: Kingambit\n|-supereffective|p2b: Kingambit|2\n|-damage|p2b: Kingambit|0 fnt\n|faint|p2b: Kingambit\n|move|p2a: Meganium|Dazzling Gleam|p1a: Kommo-o|[spread] p1a\n|-activate|p1b: Politoed|move: Protect\n|-supereffective|p1a: Kommo-o|2\n|-damage|p1a: Kommo-o|0 fnt\n|faint|p1a: Kommo-o\n|\n|-weather|RainDance|[upkeep]\n|upkeep\n|\n|t:|1776304160\n|switch|p1a: Gengar|Gengar, L50, M|100/100\n|switch|p2b: Incineroar|Incineroar, L50, M|100/100\n|-ability|p2b: Incineroar|Intimidate|boost\n|-unboost|p1a: Gengar|atk|1\n|-unboost|p1b: Politoed|atk|1\n|turn|4\n|\n|t:|1776304184\n|switch|p2a: Palafin|Palafin-Hero, L50, M, shiny|100/100\n|-activate|p2a: Palafin|ability: Zero to Hero\n|detailschange|p1a: Gengar|Gengar-Mega, L50, M\n|-mega|p1a: Gengar|Gengar|Gengarite\n|move|p1a: Gengar|Protect|p1a: Gengar\n|-singleturn|p1a: Gengar|Protect\n|move|p1b: Politoed|Weather Ball|p2b: Incineroar\n|-supereffective|p2b: Incineroar|1\n|-damage|p2b: Incineroar|37/100\n|move|p2b: Incineroar|Parting Shot|p1a: Gengar\n|-activate|p1a: Gengar|move: Protect\n|\n|-weather|RainDance|[upkeep]\n|upkeep\n|turn|5\n|c|\u2606a slippin jimmy|can he live this ?\n|c|\u2606a slippin jimmy|i don\u2019t think so\n|inactive|a slippin jimmy has 30 seconds left.\n|inactive|blazikenrox has 30 seconds left.\n|\n|t:|1776304218\n|switch|p1a: Incineroar|Incineroar, L50, M|100/100\n|-ability|p1a: Incineroar|Intimidate|boost\n|-unboost|p2a: Palafin|atk|1\n|-unboost|p2b: Incineroar|atk|1\n|move|p2a: Palafin|Wave Crash|p1a: Incineroar\n|-supereffective|p1a: Incineroar|1\n|-damage|p1a: Incineroar|0 fnt\n|faint|p1a: Incineroar\n|-damage|p2a: Palafin|67/100|[from] Recoil\n|move|p1b: Politoed|Perish Song|p1b: Politoed\n|-start|p1b: Politoed|perish3|[silent]\n|-start|p2a: Palafin|perish3|[silent]\n|-start|p2b: Incineroar|perish3|[silent]\n|-fieldactivate|move: Perish Song\n|move|p2b: Incineroar|Parting Shot|p1b: Politoed\n|-unboost|p1b: Politoed|atk|1\n|-unboost|p1b: Politoed|spa|1\n|\n|t:|1776304229\n|switch|p2b: Meganium|Meganium-Mega, L50, F|100/100|[from] Parting Shot\n|\n|-weather|RainDance|[upkeep]\n|-start|p2a: Palafin|perish3\n|-start|p1b: Politoed|perish3\n|upkeep\n|\n|t:|1776304231\n|switch|p1a: Gengar|Gengar-Mega, L50, M|100/100\n|turn|6\n|\n|t:|1776304239\n|move|p1b: Politoed|Protect|p1b: Politoed\n|-singleturn|p1b: Politoed|Protect\n|move|p1a: Gengar|Disable|p2a: Palafin\n|-start|p2a: Palafin|Disable|Wave Crash\n|cant|p2a: Palafin|Disable|Wave Crash\n|move|p2b: Meganium|Solar Beam||[still]\n|-prepare|p2b: Meganium|Solar Beam\n|-activate|p2b: Meganium|ability: Mega Sol\n|-anim|p2b: Meganium|Solar Beam|p1b: Politoed\n|-activate|p1b: Politoed|move: Protect\n|\n|-weather|none\n|-start|p2a: Palafin|perish2\n|-start|p1b: Politoed|perish2\n|upkeep\n|turn|7\n|inactive|blazikenrox has 30 seconds left.\n|inactive|a slippin jimmy has 30 seconds left.\n|inactive|blazikenrox has 20 seconds left.\n|inactive|a slippin jimmy has 20 seconds left.\n|inactive|a slippin jimmy has 15 seconds left.\n|inactive|a slippin jimmy has 10 seconds left.\n|\n|t:|1776304287\n|move|p2b: Meganium|Protect|p2b: Meganium\n|-singleturn|p2b: Meganium|Protect\n|move|p2a: Palafin|Jet Punch|p1a: Gengar\n|-damage|p1a: Gengar|57/100\n|move|p1a: Gengar|Disable|p2b: Meganium\n|-activate|p2b: Meganium|move: Protect\n|move|p1b: Politoed|Encore|p2b: Meganium\n|-activate|p2b: Meganium|move: Protect\n|\n|-start|p2a: Palafin|perish1\n|-start|p1b: Politoed|perish1\n|upkeep\n|turn|8\n|inactive|blazikenrox has 30 seconds left.\n|\n|t:|1776304322\n|move|p1a: Gengar|Protect|p1a: Gengar\n|-singleturn|p1a: Gengar|Protect\n|move|p2b: Meganium|Protect||[still]\n|-fail|p2b: Meganium\n|move|p1b: Politoed|Protect|p1b: Politoed\n|-singleturn|p1b: Politoed|Protect\n|move|p2a: Palafin|Jet Punch|p1a: Gengar\n|-activate|p1a: Gengar|move: Protect\n|\n|-start|p2a: Palafin|perish0\n|-start|p1b: Politoed|perish0\n|faint|p2a: Palafin\n|faint|p1b: Politoed\n|upkeep\n|\n|t:|1776304324\n|switch|p2a: Incineroar|Incineroar, L50, M|37/100\n|-ability|p2a: Incineroar|Intimidate|boost\n|-unboost|p1a: Gengar|atk|1\n|turn|9\n|c|\u2606a slippin jimmy|nooo u messed up\n|\n|t:|1776304340\n|move|p1a: Gengar|Perish Song|p1a: Gengar\n|-start|p1a: Gengar|perish3|[silent]\n|-start|p2a: Incineroar|perish3|[silent]\n|-start|p2b: Meganium|perish3|[silent]\n|-fieldactivate|move: Perish Song\n|move|p2b: Meganium|Weather Ball|p1a: Gengar\n|-damage|p1a: Gengar|0 fnt\n|faint|p1a: Gengar\n|\n|win|a slippin jimmy\n|raw|blazikenrox's rating: 1368 &rarr; <strong>1355</strong><br />(-13 for losing)\n|raw|a slippin jimmy's rating: 1502 &rarr; <strong>1515</strong><br />(+13 for winning)\n",
  "uploadtime": 1776304349,
  "views": 36,
  "formatid": "gen9championsvgc2026regma",
  "rating": 1355,
  "private": 0,
  "password": null
}