{
  "id": "gen9championsvgc2026regma-2585325287",
  "format": "[Gen 9 Champions] VGC 2026 Reg M-A",
  "players": [
    "alvarriderr",
    "Lyricon_12"
  ],
  "log": "|j|\u2606alvarriderr\n|j|\u2606Lyricon_12\n|t:|1776337963\n|gametype|doubles\n|player|p1|alvarriderr|hilbert-wonderlauncher|1148\n|player|p2|Lyricon_12|266|1101\n|gen|9\n|tier|[Gen 9 Champions] VGC 2026 Reg M-A\n|rated|\n|rule|Species Clause: Limit one of each Pok\u00e9mon\n|rule|Item Clause: Limit 1 of each item\n|clearpoke\n|poke|p1|Hawlucha, L50, F|\n|poke|p1|Excadrill, L50, M|\n|poke|p1|Tyranitar, L50, F|\n|poke|p1|Sinistcha, L50|\n|poke|p1|Gardevoir, L50, M|\n|poke|p1|Volcarona, L50, F|\n|poke|p2|Floette-Eternal, L50, F|\n|poke|p2|Incineroar, L50, F|\n|poke|p2|Kingambit, L50, F|\n|poke|p2|Aerodactyl, L50, M|\n|poke|p2|Garchomp, L50, F|\n|poke|p2|Sinistcha, L50|\n|teampreview|4\nLyricon_12 rejected open team sheets.\n|inactive|Battle timer is ON: inactive players will automatically lose when time's up. (requested by Lyricon_12)\n|\n|t:|1776338015\n|teamsize|p1|4\n|teamsize|p2|4\n|start\n|switch|p1a: Tyranitar|Tyranitar, L50, F|100/100\n|switch|p1b: Gardevoir|Gardevoir, L50, M|100/100\n|switch|p2a: Kingambit|Kingambit, L50, F|100/100\n|switch|p2b: Aerodactyl|Aerodactyl, L50, M|100/100\n|-ability|p2b: Aerodactyl|Unnerve\n|-ability|p1b: Gardevoir|Unnerve|Trace|[from] ability: Trace|[of] p2b: Aerodactyl\n|-ability|p1b: Gardevoir|Unnerve\n|-weather|Sandstorm|[from] ability: Sand Stream|[of] p1a: Tyranitar\n|turn|1\n|inactive|alvarriderr has 30 seconds left.\n|inactive|alvarriderr has 20 seconds left.\n|\n|t:|1776338053\n|switch|p1b: Excadrill|Excadrill, L50, M|100/100\n|move|p2b: Aerodactyl|Tailwind|p2b: Aerodactyl\n|-sidestart|p2: Lyricon_12|move: Tailwind\n|move|p2a: Kingambit|Iron Head|p1b: Excadrill\n|-resisted|p1b: Excadrill|1\n|-damage|p1b: Excadrill|68/100\n|move|p1a: Tyranitar|Low Kick|p2a: Kingambit\n|-supereffective|p2a: Kingambit|2\n|-damage|p2a: Kingambit|0 fnt\n|faint|p2a: Kingambit\n|\n|-weather|Sandstorm|[upkeep]\n|upkeep\n|\n|t:|1776338073\n|switch|p2a: Incineroar|Incineroar, L50, F|100/100\n|-ability|p2a: Incineroar|Intimidate|boost\n|-unboost|p1a: Tyranitar|atk|1\n|-unboost|p1b: Excadrill|atk|1\n|-enditem|p1a: Tyranitar|White Herb\n|-clearnegativeboost|p1a: Tyranitar|[silent]\n|turn|2\n|\n|t:|1776338084\n|switch|p2b: Floette|Floette-Eternal, L50, F|100/100\n|move|p1b: Excadrill|Protect|p1b: Excadrill\n|-singleturn|p1b: Excadrill|Protect\n|move|p2a: Incineroar|Parting Shot|p1a: Tyranitar\n|-unboost|p1a: Tyranitar|atk|1\n|-unboost|p1a: Tyranitar|spa|1\n|inactive|Lyricon_12 has 30 seconds left.\n|\n|t:|1776338115\n|switch|p2a: Aerodactyl|Aerodactyl, L50, M|100/100|[from] Parting Shot\n|-ability|p2a: Aerodactyl|Unnerve\n|move|p1a: Tyranitar|Rock Slide|p2b: Floette|[spread] p2a,p2b\n|-supereffective|p2a: Aerodactyl|1\n|-damage|p2a: Aerodactyl|31/100\n|-damage|p2b: Floette|78/100\n|\n|-weather|Sandstorm|[upkeep]\n|-damage|p2b: Floette|72/100|[from] Sandstorm\n|upkeep\n|turn|3\n|inactive|alvarriderr has 30 seconds left.\n|inactive|alvarriderr has 20 seconds left.\n|inactive|alvarriderr has 15 seconds left.\n|\n|t:|1776338158\n|switch|p1b: Gardevoir|Gardevoir, L50, M|100/100\n|-ability|p1b: Gardevoir|Unnerve|Trace|[from] ability: Trace|[of] p2a: Aerodactyl\n|-ability|p1b: Gardevoir|Unnerve\n|detailschange|p2b: Floette|Floette-Mega, L50, F\n|-mega|p2b: Floette|Floette|Floettite\n|-ability|p2b: Floette|Fairy Aura\n|move|p2a: Aerodactyl|Dual Wingbeat|p1b: Gardevoir\n|-damage|p1b: Gardevoir|70/100\n|-damage|p1b: Gardevoir|37/100\n|-hitcount|p1b: Gardevoir|2\n|move|p2b: Floette|Dazzling Gleam|p1b: Gardevoir|[spread] p1a,p1b\n|-supereffective|p1a: Tyranitar|1\n|-damage|p1a: Tyranitar|48/100\n|-damage|p1b: Gardevoir|0 fnt\n|faint|p1b: Gardevoir\n|move|p1a: Tyranitar|Rock Slide|p2a: Aerodactyl|[spread] p2a,p2b\n|-supereffective|p2a: Aerodactyl|1\n|-damage|p2a: Aerodactyl|0 fnt\n|-damage|p2b: Floette|54/100\n|faint|p2a: Aerodactyl\n|\n|-weather|Sandstorm|[upkeep]\n|-damage|p2b: Floette|47/100|[from] Sandstorm\n|upkeep\n|inactive|alvarriderr has 30 seconds left.\n|inactive|Lyricon_12 has 30 seconds left.\n|inactive|alvarriderr has 20 seconds left.\n|inactive|Lyricon_12 has 20 seconds left.\n|inactive|alvarriderr has 15 seconds left.\n|inactive|alvarriderr has 10 seconds left.\n|\n|t:|1776338204\n|switch|p2a: Incineroar|Incineroar, L50, F|100/100\n|switch|p1b: Excadrill|Excadrill, L50, M|68/100\n|-ability|p2a: Incineroar|Intimidate|boost\n|-unboost|p1a: Tyranitar|atk|1\n|-unboost|p1b: Excadrill|atk|1\n|turn|4\n|inactive|alvarriderr has 30 seconds left.\n|\n|t:|1776338232\n|switch|p1a: Hawlucha|Hawlucha, L50, F|100/100\n|move|p1b: Excadrill|Protect|p1b: Excadrill\n|-singleturn|p1b: Excadrill|Protect\n|move|p2a: Incineroar|Fake Out|p1b: Excadrill\n|-activate|p1b: Excadrill|move: Protect\n|move|p2b: Floette|Draining Kiss|p1a: Hawlucha\n|-supereffective|p1a: Hawlucha|1\n|-damage|p1a: Hawlucha|0 fnt\n|-heal|p2b: Floette|100/100|[from] drain|[of] p1a: Hawlucha\n|faint|p1a: Hawlucha\n|\n|-weather|Sandstorm|[upkeep]\n|-damage|p2b: Floette|94/100|[from] Sandstorm\n|-damage|p2a: Incineroar|95/100|[from] Sandstorm\n|-sideend|p2: Lyricon_12|move: Tailwind\n|upkeep\n|\n|t:|1776338247\n|switch|p1a: Tyranitar|Tyranitar, L50, F|48/100\n|turn|5\n|inactive|Lyricon_12 has 30 seconds left.\n|inactive|Lyricon_12 has 20 seconds left.\n|inactive|Lyricon_12 has 15 seconds left.\n|inactive|Lyricon_12 has 10 seconds left.\n|\n|t:|1776338297\n|move|p1b: Excadrill|Iron Head|p2b: Floette\n|-supereffective|p2b: Floette|1\n|-damage|p2b: Floette|35/100\n|cant|p2b: Floette|flinch\n|move|p1a: Tyranitar|Rock Slide|p2b: Floette|[spread] p2a,p2b\n|-supereffective|p2a: Incineroar|1\n|-damage|p2a: Incineroar|44/100\n|-damage|p2b: Floette|4/100\n|cant|p2a: Incineroar|flinch\n|\n|-weather|none\n|upkeep\n|turn|6\n|\n|t:|1776338313\n|move|p1a: Tyranitar|Protect|p1a: Tyranitar\n|-singleturn|p1a: Tyranitar|Protect\n|move|p1b: Excadrill|Earthquake|p2b: Floette|[spread] p2a,p2b\n|-activate|p1a: Tyranitar|move: Protect\n|-supereffective|p2a: Incineroar|1\n|-damage|p2a: Incineroar|0 fnt\n|-damage|p2b: Floette|0 fnt\n|faint|p2a: Incineroar\n|faint|p2b: Floette\n|\n|win|alvarriderr\n|raw|alvarriderr's rating: 1148 &rarr; <strong>1170</strong><br />(+22 for winning)\n|raw|Lyricon_12's rating: 1101 &rarr; <strong>1079</strong><br />(-22 for losing)\n|l|\u2606Lyricon_12\n|player|p2|\n|c|\u2606alvarriderr|im actually sorry for that\n|c|\u2606alvarriderr|gg\n",
  "uploadtime": 1776338337,
  "views": 24,
  "formatid": "gen9championsvgc2026regma",
  "rating": 1079,
  "private": 0,
  "password": null
}