{
  "id": "gen9championsvgc2026regma-2586531467",
  "format": "[Gen 9 Champions] VGC 2026 Reg M-A",
  "players": [
    "Gahandi",
    "yukakopoke"
  ],
  "log": "|j|\u2606Gahandi\n|j|\u2606yukakopoke\n|t:|1776441098\n|gametype|doubles\n|player|p1|Gahandi|170|1050\n|player|p2|yukakopoke|266|1121\n|gen|9\n|tier|[Gen 9 Champions] VGC 2026 Reg M-A\n|rated|\n|rule|Species Clause: Limit one of each Pok\u00e9mon\n|rule|Item Clause: Limit 1 of each item\n|clearpoke\n|poke|p1|Drampa, L50, M|\n|poke|p1|Pelipper, L50, F|\n|poke|p1|Raichu, L50, M|\n|poke|p1|Garganacl, L50, M|\n|poke|p1|Goodra-Hisui, L50, F|\n|poke|p1|Sylveon, L50, M|\n|poke|p2|Sharpedo, L50, M|\n|poke|p2|Aerodactyl, L50, F|\n|poke|p2|Kangaskhan, L50, F|\n|poke|p2|Alakazam, L50, F|\n|poke|p2|Sylveon, L50, M|\n|poke|p2|Farigiraf, L50, F|\n|teampreview|4\n|\n|t:|1776441138\n|teamsize|p1|4\n|teamsize|p2|4\n|start\n|switch|p1a: Drampa|Drampa, L50, M|100/100\n|switch|p1b: Sylveon|Sylveon, L50, M|100/100\n|switch|p2a: Kangaskhan|Kangaskhan, L50, F|100/100\n|switch|p2b: Alakazam|Alakazam, L50, F|100/100\n|turn|1\n|\n|t:|1776441161\n|detailschange|p1a: Drampa|Drampa-Mega, L50, M\n|-mega|p1a: Drampa|Drampa|Drampanite\n|move|p2a: Kangaskhan|Fake Out|p1a: Drampa\n|-damage|p1a: Drampa|77/100\n|move|p2b: Alakazam|Dazzling Gleam|p1b: Sylveon|[spread] p1a,p1b\n|-supereffective|p1a: Drampa|1\n|-damage|p1a: Drampa|34/100\n|-damage|p1b: Sylveon|84/100\n|-ability|p1a: Drampa|Berserk|boost\n|-boost|p1a: Drampa|spa|1\n|move|p1b: Sylveon|Reflect|p1b: Sylveon\n|-sidestart|p1: Gahandi|Reflect\n|cant|p1a: Drampa|flinch\n|\n|upkeep\n|turn|2\n|\n|t:|1776441175\n|move|p1a: Drampa|Protect|p1a: Drampa\n|-singleturn|p1a: Drampa|Protect\n|move|p2b: Alakazam|Dazzling Gleam|p1a: Drampa|[spread] p1b\n|-activate|p1a: Drampa|move: Protect\n|-damage|p1b: Sylveon|67/100\n|move|p2a: Kangaskhan|Last Resort|p1b: Sylveon\n|-damage|p1b: Sylveon|1/100\n|move|p1b: Sylveon|Hyper Voice|p2a: Kangaskhan|[spread] p2a,p2b\n|-damage|p2a: Kangaskhan|55/100\n|-damage|p2b: Alakazam|44/100\n|\n|upkeep\n|turn|3\n|inactive|Battle timer is ON: inactive players will automatically lose when time's up. (requested by yukakopoke)\n|-activate|p1b: Sylveon|item: Quick Claw\n|\n|t:|1776441233\n|switch|p2a: Sharpedo|Sharpedo, L50, M|100/100\n|move|p1b: Sylveon|Protect|p1b: Sylveon\n|-singleturn|p1b: Sylveon|Protect\n|move|p1a: Drampa|Protect||[still]\n|-fail|p1a: Drampa\n|move|p2b: Alakazam|Dazzling Gleam|p1b: Sylveon|[spread] p1a\n|-activate|p1b: Sylveon|move: Protect\n|-supereffective|p1a: Drampa|1\n|-damage|p1a: Drampa|0 fnt\n|faint|p1a: Drampa\n|\n|upkeep\n|\n|t:|1776441246\n|switch|p1a: Pelipper|Pelipper, L50, F|100/100\n|-weather|RainDance|[from] ability: Drizzle|[of] p1a: Pelipper\n|turn|4\n|-activate|p1b: Sylveon|item: Quick Claw\n|\n|t:|1776441261\n|detailschange|p2a: Sharpedo|Sharpedo-Mega, L50, M\n|-mega|p2a: Sharpedo|Sharpedo|Sharpedonite\n|move|p1b: Sylveon|Hyper Voice|p2a: Sharpedo|[spread] p2a,p2b\n|-supereffective|p2a: Sharpedo|1\n|-crit|p2b: Alakazam\n|-damage|p2a: Sharpedo|0 fnt\n|-damage|p2b: Alakazam|0 fnt\n|faint|p2a: Sharpedo\n|faint|p2b: Alakazam\n|move|p1a: Pelipper|Hurricane|p2: Sharpedo|[notarget]\n|-fail|p1a: Pelipper\n|\n|-weather|RainDance|[upkeep]\n|upkeep\n|\n|t:|1776441274\n|switch|p2b: Sylveon|Sylveon, L50, M|100/100\n|switch|p2a: Kangaskhan|Kangaskhan, L50, F|55/100\n|turn|5\n|\n|t:|1776441297\n|move|p1b: Sylveon|Protect|p1b: Sylveon\n|-singleturn|p1b: Sylveon|Protect\n|move|p2a: Kangaskhan|Fake Out|p1b: Sylveon\n|-activate|p1b: Sylveon|move: Protect\n|move|p1a: Pelipper|Hurricane|p2a: Kangaskhan\n|-damage|p2a: Kangaskhan|0 fnt\n|faint|p2a: Kangaskhan\n|move|p2b: Sylveon|Calm Mind|p2b: Sylveon\n|-boost|p2b: Sylveon|spa|1\n|-boost|p2b: Sylveon|spd|1\n|\n|-weather|RainDance|[upkeep]\n|-sideend|p1: Gahandi|Reflect\n|upkeep\n|turn|6\n|\n|t:|1776441322\n|move|p1a: Pelipper|Hurricane|p2b: Sylveon\n|-damage|p2b: Sylveon|75/100\n|move|p2b: Sylveon|Hyper Voice|p1b: Sylveon|[spread] p1a,p1b\n|-damage|p1a: Pelipper|9/100\n|-damage|p1b: Sylveon|0 fnt\n|faint|p1b: Sylveon\n|\n|-weather|RainDance|[upkeep]\n|upkeep\n|\n|t:|1776441329\n|switch|p1b: Raichu|Raichu, L50, M|100/100\n|turn|7\n|inactive|Gahandi has 30 seconds left.\n|\n|t:|1776441358\n|move|p1b: Raichu|Fake Out|p2b: Sylveon\n|-damage|p2b: Sylveon|64/100\n|cant|p2b: Sylveon|flinch\n|move|p1a: Pelipper|Hurricane|p2b: Sylveon\n|-damage|p2b: Sylveon|38/100\n|\n|-weather|RainDance|[upkeep]\n|upkeep\n|turn|8\n|\n|t:|1776441368\n|move|p1b: Raichu|Thunder|p2b: Sylveon\n|-damage|p2b: Sylveon|15/100\n|-status|p2b: Sylveon|par\n|move|p1a: Pelipper|Hurricane|p2b: Sylveon\n|-damage|p2b: Sylveon|0 fnt\n|faint|p2b: Sylveon\n|\n|win|Gahandi\n|raw|Gahandi's rating: 1050 &rarr; <strong>1089</strong><br />(+39 for winning)\n|raw|yukakopoke's rating: 1121 &rarr; <strong>1091</strong><br />(-30 for losing)\n|l|\u2606yukakopoke\n|player|p2|\n|n|\u2606Gahandi|gahandi\n",
  "uploadtime": 1776441683,
  "views": 25,
  "formatid": "gen9championsvgc2026regma",
  "rating": 1089,
  "private": 0,
  "password": null
}