{
  "id": "gen9championsvgc2026regma-2589451470",
  "format": "[Gen 9 Champions] VGC 2026 Reg M-A",
  "players": [
    "dankiel",
    "Gbmasterball"
  ],
  "log": "|j|\u203ddankiel\n|j|\u2606Gbmasterball\n|t:|1776724122\n|gametype|doubles\n|player|p1|dankiel|morty|1080\n|player|p2|Gbmasterball|170|1182\n|gen|9\n|tier|[Gen 9 Champions] VGC 2026 Reg M-A\n|rated|\n|rule|Species Clause: Limit one of each Pok\u00e9mon\n|rule|Item Clause: Limit 1 of each item\n|clearpoke\n|poke|p1|Starmie, L50|\n|poke|p1|Arcanine-Hisui, L50, F|\n|poke|p1|Polteageist, L50|\n|poke|p1|Farigiraf, L50, F|\n|poke|p1|Audino, L50, M|\n|poke|p1|Tsareena, L50, F|\n|poke|p2|Aerodactyl, L50, M|\n|poke|p2|Scovillain, L50, M|\n|poke|p2|Milotic, L50, F|\n|poke|p2|Incineroar, L50, M|\n|poke|p2|Garchomp, L50, F|\n|poke|p2|Sableye, L50, F|\n|teampreview|4\ndankiel rejected open team sheets.\n|inactive|Battle timer is ON: inactive players will automatically lose when time's up. (requested by dankiel)\n|\n|t:|1776724144\n|teamsize|p1|4\n|teamsize|p2|4\n|start\n|switch|p1a: Audino|Audino, L50, M|100/100\n|switch|p1b: Polteageist|Polteageist, L50|100/100\n|switch|p2a: Scovillain|Scovillain, L50, M|100/100\n|switch|p2b: Milotic|Milotic, L50, F|100/100\n|turn|1\n|\n|t:|1776724156\n|detailschange|p2a: Scovillain|Scovillain-Mega, L50, M\n|-mega|p2a: Scovillain|Scovillain|Scovillainite\n|move|p1b: Polteageist|Shell Smash|p1b: Polteageist\n|-unboost|p1b: Polteageist|def|1\n|-unboost|p1b: Polteageist|spd|1\n|-boost|p1b: Polteageist|atk|2\n|-boost|p1b: Polteageist|spa|2\n|-boost|p1b: Polteageist|spe|2\n|-enditem|p1b: Polteageist|White Herb\n|-clearnegativeboost|p1b: Polteageist|[silent]\n|move|p1a: Audino|Simple Beam|p1b: Polteageist\n|-ability|p1b: Polteageist|Simple|Cursed Body|[from] move: Simple Beam\n|move|p2b: Milotic|Coil|p2b: Milotic\n|-boost|p2b: Milotic|atk|1\n|-boost|p2b: Milotic|def|1\n|-boost|p2b: Milotic|accuracy|1\n|move|p2a: Scovillain|Leech Seed|p1a: Audino\n|-start|p1a: Audino|move: Leech Seed\n|\n|-damage|p1a: Audino|88/100|[from] Leech Seed|[of] p2a: Scovillain\n|upkeep\n|turn|2\n|\n|t:|1776724177\n|move|p1b: Polteageist|Shell Smash|p1b: Polteageist\n|-unboost|p1b: Polteageist|def|2\n|-unboost|p1b: Polteageist|spd|2\n|-boost|p1b: Polteageist|atk|4\n|-boost|p1b: Polteageist|spa|4\n|-boost|p1b: Polteageist|spe|4\n|move|p1a: Audino|Encore|p2a: Scovillain\n|-start|p2a: Scovillain|Encore\n|move|p2b: Milotic|Scald|p1b: Polteageist\n|-damage|p1b: Polteageist|41/100\n|-status|p1b: Polteageist|brn\n|move|p2a: Scovillain|Leech Seed||[still]\n|-fail|p2a: Scovillain\n|\n|-damage|p1a: Audino|76/100|[from] Leech Seed|[of] p2a: Scovillain\n|-damage|p1b: Polteageist|35/100 brn|[from] brn\n|upkeep\n|turn|3\n|\n|t:|1776724199\n|switch|p2a: Incineroar|Incineroar, L50, M|100/100\n|-ability|p2a: Incineroar|Intimidate|boost\n|-unboost|p1a: Audino|atk|1\n|-unboost|p1b: Polteageist|atk|2\n|detailschange|p1a: Audino|Audino-Mega, L50, M\n|-mega|p1a: Audino|Audino|Audinite\n|move|p2b: Milotic|Protect|p2b: Milotic\n|-singleturn|p2b: Milotic|Protect\n|move|p1b: Polteageist|Baton Pass|p1b: Polteageist\n|\n|t:|1776724208\n|switch|p1b: Farigiraf|Farigiraf, L50, F|100/100|[from] Baton Pass\n|move|p1a: Audino|Heal Pulse|p1b: Farigiraf\n|-fail|p1b: Farigiraf|heal\n|\n|-damage|p1a: Audino|63/100|[from] Leech Seed|[of] p2a: Incineroar\n|upkeep\n|turn|4\n|\n|t:|1776724223\n|move|p1b: Farigiraf|Hyper Voice|p2a: Incineroar|[spread] p2a,p2b\n|-damage|p2a: Incineroar|0 fnt\n|-damage|p2b: Milotic|30/100\n|faint|p2a: Incineroar\n|move|p1a: Audino|Dazzling Gleam|p2b: Milotic\n|-damage|p2b: Milotic|16/100\n|move|p2b: Milotic|Scald|p1b: Farigiraf\n|-damage|p1b: Farigiraf|35/100\n|\n|-heal|p2b: Milotic|22/100|[from] item: Leftovers\n|upkeep\n|\n|t:|1776724234\n|switch|p2a: Sableye|Sableye, L50, F|100/100\n|turn|5\n|\n|t:|1776724248\n|move|p2b: Milotic|Protect|p2b: Milotic\n|-singleturn|p2b: Milotic|Protect\n|move|p1b: Farigiraf|Dazzling Gleam|p2a: Sableye|[spread] p2a\n|-activate|p2b: Milotic|move: Protect\n|-supereffective|p2a: Sableye|1\n|-damage|p2a: Sableye|0 fnt\n|faint|p2a: Sableye\n|move|p1a: Audino|Heal Pulse|p1b: Farigiraf\n|-heal|p1b: Farigiraf|86/100\n|\n|-heal|p2b: Milotic|28/100|[from] item: Leftovers\n|upkeep\n|l|\u2606Gbmasterball\n|inactive|Gbmasterball disconnected and has a minute to reconnect!\n|player|p2|\n|inactive|Gbmasterball has 30 seconds left.\n|inactive|Gbmasterball has 20 seconds left.\n|inactive|Gbmasterball has 15 seconds left.\n|inactive|Gbmasterball has 10 seconds left.\n|inactive|Gbmasterball has 5 seconds left.\n|-message|Gbmasterball lost due to inactivity.\n|\n|win|dankiel\n|raw|dankiel's rating: 1080 &rarr; <strong>1116</strong><br />(+36 for winning)\n|raw|Gbmasterball's rating: 1182 &rarr; <strong>1150</strong><br />(-32 for losing)\n",
  "uploadtime": 1776724307,
  "views": 3,
  "formatid": "gen9championsvgc2026regma",
  "rating": 1116,
  "private": 0,
  "password": null
}