{
  "id": "gen9championsvgc2026regma-2582278148",
  "format": "[Gen 9 Champions] VGC 2026 Reg M-A",
  "players": [
    "Calentao",
    "Nesteishon"
  ],
  "log": "|j|\u2606Calentao\n|j|\u2606Nesteishon\n|t:|1776079082\n|gametype|doubles\n|player|p1|Calentao|backpacker|1086\n|player|p2|Nesteishon|169|1108\n|gen|9\n|tier|[Gen 9 Champions] VGC 2026 Reg M-A\n|rated|\n|rule|Species Clause: Limit one of each Pok\u00e9mon\n|rule|Item Clause: Limit 1 of each item\n|clearpoke\n|poke|p1|Delphox, L50, M|\n|poke|p1|Basculegion, L50, M|\n|poke|p1|Clefable, L50, M|\n|poke|p1|Kingambit, L50, M|\n|poke|p1|Dragonite, L50, M|\n|poke|p1|Sneasler, L50, M|\n|poke|p2|Froslass, L50, F|\n|poke|p2|Glaceon, L50, F|\n|poke|p2|Azumarill, L50, F|\n|poke|p2|Drampa, L50, F|\n|poke|p2|Maushold-Four, L50|\n|poke|p2|Talonflame, L50, F|\n|teampreview|4\n|inactive|Battle timer is ON: inactive players will automatically lose when time's up. (requested by Nesteishon)\n|inactive|Calentao has 60 seconds left.\n|\n|t:|1776079119\n|teamsize|p1|4\n|teamsize|p2|4\n|start\n|switch|p1a: Delphox|Delphox, L50, M|100/100\n|switch|p1b: Basculegion|Basculegion, L50, M|100/100\n|switch|p2a: Froslass|Froslass, L50, F, shiny|100/100\n|switch|p2b: Talonflame|Talonflame, L50, F|100/100\n|turn|1\n|\n|t:|1776079135\n|detailschange|p2a: Froslass|Froslass-Mega, L50, F, shiny\n|-mega|p2a: Froslass|Froslass|Froslassite\n|-weather|Snowscape|[from] ability: Snow Warning|[of] p2a: Froslass\n|detailschange|p1a: Delphox|Delphox-Mega, L50, M\n|-mega|p1a: Delphox|Delphox|Delphoxite\n|move|p1a: Delphox|Protect|p1a: Delphox\n|-singleturn|p1a: Delphox|Protect\n|move|p2b: Talonflame|Tailwind|p2b: Talonflame\n|-sidestart|p2: Nesteishon|move: Tailwind\n|move|p2a: Froslass|Aurora Veil|p2a: Froslass\n|-sidestart|p2: Nesteishon|move: Aurora Veil\n|move|p1b: Basculegion|Flip Turn|p2b: Talonflame\n|-supereffective|p2b: Talonflame|1\n|-damage|p2b: Talonflame|10/100\n|\n|t:|1776079149\n|switch|p1b: Sneasler|Sneasler, L50, M|100/100|[from] Flip Turn\n|\n|-weather|Snowscape|[upkeep]\n|upkeep\n|turn|2\n|\n|t:|1776079167\n|switch|p1a: Basculegion|Basculegion, L50, M|100/100\n|move|p2b: Talonflame|Upper Hand|p1b: Sneasler\n|-resisted|p1b: Sneasler|1\n|-damage|p1b: Sneasler|88/100\n|cant|p1b: Sneasler|flinch\n|move|p2a: Froslass|Blizzard|p1a: Basculegion|[spread] p1a,p1b\n|-resisted|p1a: Basculegion|1\n|-crit|p1b: Sneasler\n|-damage|p1a: Basculegion|74/100\n|-damage|p1b: Sneasler|0 fnt\n|faint|p1b: Sneasler\n|\n|-weather|Snowscape|[upkeep]\n|upkeep\n|\n|t:|1776079180\n|switch|p1b: Clefable|Clefable, L50, M|100/100\n|turn|3\n|\n|t:|1776079191\n|move|p1b: Clefable|Follow Me|p1b: Clefable\n|-singleturn|p1b: Clefable|move: Follow Me\n|move|p2b: Talonflame|Flare Blitz|p1b: Clefable\n|-damage|p1b: Clefable|65/100\n|-damage|p2b: Talonflame|0 fnt|[from] Recoil\n|faint|p2b: Talonflame\n|move|p2a: Froslass|Shadow Ball|p1b: Clefable\n|-damage|p1b: Clefable|23/100\n|-unboost|p1b: Clefable|spd|1\n|-enditem|p1b: Clefable|Sitrus Berry|[eat]\n|-heal|p1b: Clefable|48/100|[from] item: Sitrus Berry\n|move|p1a: Basculegion|Last Respects|p2a: Froslass\n|-supereffective|p2a: Froslass|1\n|-damage|p2a: Froslass|8/100\n|\n|-weather|Snowscape|[upkeep]\n|upkeep\n|\n|t:|1776079206\n|switch|p2b: Glaceon|Glaceon, L50, F, shiny|100/100\n|turn|4\n|\n|t:|1776079218\n|move|p1b: Clefable|Follow Me|p1b: Clefable\n|-singleturn|p1b: Clefable|move: Follow Me\n|move|p2a: Froslass|Shadow Ball|p1b: Clefable\n|-damage|p1b: Clefable|0 fnt\n|faint|p1b: Clefable\n|move|p2b: Glaceon|Blizzard|p1a: Basculegion\n|-resisted|p1a: Basculegion|1\n|-damage|p1a: Basculegion|39/100\n|move|p1a: Basculegion|Last Respects|p2a: Froslass\n|-supereffective|p2a: Froslass|1\n|-damage|p2a: Froslass|0 fnt\n|faint|p2a: Froslass\n|\n|-weather|Snowscape|[upkeep]\n|-sideend|p2: Nesteishon|move: Tailwind\n|upkeep\n|\n|t:|1776079231\n|switch|p2a: Drampa|Drampa, L50, F|100/100\n|switch|p1b: Delphox|Delphox-Mega, L50, M|100/100\n|turn|5\n|\n|t:|1776079250\n|move|p1b: Delphox|Substitute|p1b: Delphox\n|-start|p1b: Delphox|Substitute\n|-damage|p1b: Delphox|76/100\n|move|p1a: Basculegion|Last Respects|p2b: Glaceon\n|-damage|p2b: Glaceon|56/100\n|move|p2b: Glaceon|Icy Wind|p1a: Basculegion|[spread] p1a,p1b\n|-resisted|p1b: Delphox|1\n|-activate|p1b: Delphox|move: Substitute|[damage]\n|-resisted|p1a: Basculegion|1\n|-damage|p1a: Basculegion|27/100\n|-unboost|p1a: Basculegion|spe|1\n|move|p2a: Drampa|Hyper Voice|p1a: Basculegion|[spread] p1b\n|-immune|p1a: Basculegion\n|-damage|p1b: Delphox|36/100\n|\n|-weather|none\n|-sideend|p2: Nesteishon|move: Aurora Veil\n|upkeep\n|turn|6\n|\n|t:|1776079271\n|move|p1b: Delphox|Heat Wave|p2a: Drampa|[spread] p2a,p2b\n|-resisted|p2a: Drampa|1\n|-supereffective|p2b: Glaceon|1\n|-damage|p2a: Drampa|78/100\n|-damage|p2b: Glaceon|0 fnt\n|-status|p2a: Drampa|brn\n|faint|p2b: Glaceon\n|move|p1a: Basculegion|Last Respects|p2a: Drampa\n|-immune|p2a: Drampa\n|move|p2a: Drampa|Hyper Voice|p1b: Delphox|[spread] p1b\n|-immune|p1a: Basculegion\n|-crit|p1b: Delphox\n|-damage|p1b: Delphox|0 fnt\n|faint|p1b: Delphox\n|\n|-heal|p2a: Drampa|84/100 brn|[from] item: Leftovers\n|-damage|p2a: Drampa|78/100 brn|[from] brn\n|upkeep\n|turn|7\n|inactive|Calentao has 30 seconds left.\n|inactive|Calentao has 20 seconds left.\n|inactive|Calentao has 15 seconds left.\n|inactive|Calentao has 10 seconds left.\n|inactive|Calentao has 5 seconds left.\n|\n|t:|1776079321\n|move|p1a: Basculegion|Last Respects|p2a: Drampa\n|-immune|p2a: Drampa\n|move|p2a: Drampa|Draco Meteor|p1a: Basculegion\n|-damage|p1a: Basculegion|0 fnt\n|-unboost|p2a: Drampa|spa|2\n|faint|p1a: Basculegion\n|\n|win|Nesteishon\n|raw|Calentao's rating: 1086 &rarr; <strong>1065</strong><br />(-21 for losing)\n|raw|Nesteishon's rating: 1108 &rarr; <strong>1131</strong><br />(+23 for winning)\n",
  "uploadtime": 1776079329,
  "views": 20,
  "formatid": "gen9championsvgc2026regma",
  "rating": 1065,
  "private": 0,
  "password": null
}