{
  "id": "gen9championsvgc2026regma-2583742914",
  "format": "[Gen 9 Champions] VGC 2026 Reg M-A",
  "players": [
    "bo1scammer",
    "Conchimous"
  ],
  "log": "|j|\u2606bo1scammer\n|j|\u2606Conchimous\n|t:|1776194657\n|gametype|doubles\n|player|p1|bo1scammer|170|1085\n|player|p2|Conchimous|cynthia|1000\n|gen|9\n|tier|[Gen 9 Champions] VGC 2026 Reg M-A\n|rated|\n|rule|Species Clause: Limit one of each Pok\u00e9mon\n|rule|Item Clause: Limit 1 of each item\n|clearpoke\n|poke|p1|Incineroar, L50, F|\n|poke|p1|Floette-Eternal, L50, F|\n|poke|p1|Sneasler, L50, F|\n|poke|p1|Aerodactyl, L50, F|\n|poke|p1|Garchomp, L50, F|\n|poke|p1|Sinistcha, L50|\n|poke|p2|Froslass, L50, F|\n|poke|p2|Mr. Rime, L50, F|\n|poke|p2|Empoleon, L50, M|\n|poke|p2|Incineroar, L50, M|\n|poke|p2|Garchomp, L50, M|\n|poke|p2|Charizard, L50, M|\n|teampreview|4\nbo1scammer has agreed to open team sheets.\n|inactive|Battle timer is ON: inactive players will automatically lose when time's up. (requested by bo1scammer)\n|inactive|Conchimous has 60 seconds left.\n|\n|t:|1776194707\n|teamsize|p1|4\n|teamsize|p2|4\n|start\n|switch|p1a: Aerodactyl|Aerodactyl, L50, F|100/100\n|switch|p1b: Garchomp|Garchomp, L50, F, shiny|100/100\n|switch|p2a: Garchomp|Garchomp, L50, M|100/100\n|switch|p2b: Charizard|Charizard, L50, M|100/100\n|-ability|p1a: Aerodactyl|Unnerve\n|turn|1\n|\n|t:|1776194732\n|switch|p2b: Empoleon|Empoleon, L50, M|100/100\n|move|p1b: Garchomp|Outrage|p2a: Garchomp\n|-supereffective|p2a: Garchomp|1\n|-crit|p2a: Garchomp\n|-damage|p2a: Garchomp|0 fnt\n|-damage|p1b: Garchomp|88/100|[from] ability: Rough Skin|[of] p2a: Garchomp\n|faint|p2a: Garchomp\n|move|p1a: Aerodactyl|Tailwind|p1a: Aerodactyl\n|-sidestart|p1: bo1scammer|move: Tailwind\n|\n|upkeep\n|\n|t:|1776194742\n|switch|p2a: Froslass|Froslass, L50, F|100/100\n|turn|2\n|\n|t:|1776194752\n|detailschange|p2a: Froslass|Froslass-Mega, L50, F\n|-mega|p2a: Froslass|Froslass|Froslassite\n|-weather|Snowscape|[from] ability: Snow Warning|[of] p2a: Froslass\n|move|p1b: Garchomp|Outrage|p2a: Froslass|[from] lockedmove\n|-damage|p2a: Froslass|24/100\n|move|p1a: Aerodactyl|Rock Slide|p2a: Froslass|[spread] p2a,p2b\n|-supereffective|p2a: Froslass|1\n|-resisted|p2b: Empoleon|1\n|-damage|p2a: Froslass|0 fnt\n|-damage|p2b: Empoleon|86/100\n|faint|p2a: Froslass\n|cant|p2b: Empoleon|flinch\n|\n|-weather|Snowscape|[upkeep]\n|-heal|p2b: Empoleon|92/100|[from] item: Leftovers\n|upkeep\n|\n|t:|1776194764\n|switch|p2a: Charizard|Charizard, L50, M|100/100\n|turn|3\n|\n|t:|1776194773\n|move|p2a: Charizard|Protect|p2a: Charizard\n|-singleturn|p2a: Charizard|Protect\n|move|p1b: Garchomp|Outrage|p2a: Charizard|[from] lockedmove\n|-activate|p2a: Charizard|move: Protect\n|-start|p1b: Garchomp|confusion|[fatigue]\n|move|p1a: Aerodactyl|Rock Slide|p2a: Charizard|[spread] p2b\n|-activate|p2a: Charizard|move: Protect\n|-resisted|p2b: Empoleon|1\n|-damage|p2b: Empoleon|79/100\n|move|p2b: Empoleon|Blizzard|p1a: Aerodactyl|[spread] p1a,p1b\n|-supereffective|p1a: Aerodactyl|1\n|-supereffective|p1b: Garchomp|2\n|-damage|p1a: Aerodactyl|16/100\n|-damage|p1b: Garchomp|0 fnt\n|faint|p1b: Garchomp\n|\n|-weather|Snowscape|[upkeep]\n|-heal|p2b: Empoleon|85/100|[from] item: Leftovers\n|upkeep\n|\n|t:|1776194784\n|switch|p1b: Sneasler|Sneasler, L50, F|100/100\n|turn|4\n|\n|t:|1776194802\n|move|p2a: Charizard|Protect|p2a: Charizard\n|-singleturn|p2a: Charizard|Protect\n|move|p1a: Aerodactyl|Rock Slide|p2b: Empoleon|[spread] p2b\n|-activate|p2a: Charizard|move: Protect\n|-resisted|p2b: Empoleon|1\n|-damage|p2b: Empoleon|70/100\n|move|p1b: Sneasler|Close Combat|p2b: Empoleon\n|-supereffective|p2b: Empoleon|1\n|-damage|p2b: Empoleon|0 fnt\n|-unboost|p1b: Sneasler|def|1\n|-unboost|p1b: Sneasler|spd|1\n|faint|p2b: Empoleon\n|-enditem|p1b: Sneasler|White Herb\n|-clearnegativeboost|p1b: Sneasler|[silent]\n|\n|-weather|Snowscape|[upkeep]\n|-sideend|p1: bo1scammer|move: Tailwind\n|upkeep\n|turn|5\n|\n|t:|1776194813\n|move|p1b: Sneasler|Dire Claw|p2a: Charizard\n|-crit|p2a: Charizard\n|-damage|p2a: Charizard|5/100\n|move|p1a: Aerodactyl|Rock Slide|p2a: Charizard\n|-supereffective|p2a: Charizard|2\n|-damage|p2a: Charizard|0 fnt\n|faint|p2a: Charizard\n|\n|win|bo1scammer\n|raw|bo1scammer's rating: 1085 &rarr; <strong>1106</strong><br />(+21 for winning)\n|raw|Conchimous's rating: 1000 &rarr; <strong>1000</strong><br />(+0 for losing)\n|l|\u2606Conchimous\n|player|p2|\n",
  "uploadtime": 1776194813,
  "views": 17,
  "formatid": "gen9championsvgc2026regma",
  "rating": 1000,
  "private": 0,
  "password": null
}