{
  "id": "gen9championsvgc2026regma-2585032475",
  "format": "[Gen 9 Champions] VGC 2026 Reg M-A",
  "players": [
    "askeru",
    "MegaMegAllDay"
  ],
  "log": "|j|\u2606askeru\n|j|\u2606MegaMegAllDay\n|t:|1776305117\n|gametype|doubles\n|player|p1|askeru|aromalady|1065\n|player|p2|MegaMegAllDay|101|1078\n|gen|9\n|tier|[Gen 9 Champions] VGC 2026 Reg M-A\n|rated|\n|rule|Species Clause: Limit one of each Pok\u00e9mon\n|rule|Item Clause: Limit 1 of each item\n|clearpoke\n|poke|p1|Gardevoir, L50, M|\n|poke|p1|Umbreon, L50, F|\n|poke|p1|Ninetales, L50, F|\n|poke|p1|Clefable, L50, F|\n|poke|p1|Sneasler, L50, M|\n|poke|p1|Corviknight, L50, M|\n|poke|p2|Aerodactyl, L50, F|\n|poke|p2|Tauros-Paldea-Aqua, L50, M|\n|poke|p2|Typhlosion-Hisui, L50, M|\n|poke|p2|Archaludon, L50, F|\n|poke|p2|Kangaskhan, L50, F|\n|poke|p2|Meganium, L50, M|\n|teampreview|4\n|\n|t:|1776305166\n|teamsize|p1|4\n|teamsize|p2|4\n|start\n|switch|p1a: Gardevoir|Gardevoir, L50, M|100/100\n|switch|p1b: Clefable|Clefable, L50, F|100/100\n|switch|p2a: Aerodactyl|Aerodactyl, L50, F|100/100\n|switch|p2b: Typhlosion|Typhlosion-Hisui, L50, M|100/100\n|-ability|p2a: Aerodactyl|Unnerve\n|-item|p1a: Gardevoir|Gardevoirite|[from] ability: Frisk|[of] p2b: Typhlosion\n|-item|p1b: Clefable|Sitrus Berry|[from] ability: Frisk|[of] p2b: Typhlosion\n|-ability|p1a: Gardevoir|Frisk|Trace|[from] ability: Trace|[of] p2b: Typhlosion\n|-item|p2a: Aerodactyl|Focus Sash|[from] ability: Frisk|[of] p1a: Gardevoir\n|-item|p2b: Typhlosion|Choice Scarf|[from] ability: Frisk|[of] p1a: Gardevoir\n|turn|1\n|\n|t:|1776305213\n|detailschange|p1a: Gardevoir|Gardevoir-Mega, L50, M\n|-mega|p1a: Gardevoir|Gardevoir|Gardevoirite\n|move|p1b: Clefable|Protect|p1b: Clefable\n|-singleturn|p1b: Clefable|Protect\n|move|p2b: Typhlosion|Eruption|p1a: Gardevoir|[spread] p1a\n|-activate|p1b: Clefable|move: Protect\n|-damage|p1a: Gardevoir|50/100\n|move|p2a: Aerodactyl|Tailwind|p2a: Aerodactyl\n|-sidestart|p2: MegaMegAllDay|move: Tailwind\n|move|p1a: Gardevoir|Trick Room|p1a: Gardevoir\n|-fieldstart|move: Trick Room|[of] p1a: Gardevoir\n|\n|upkeep\n|turn|2\n|\n|t:|1776305230\n|move|p1b: Clefable|Helping Hand|p1a: Gardevoir\n|-singleturn|p1a: Gardevoir|Helping Hand|[of] p1b: Clefable\n|move|p1a: Gardevoir|Psychic|p2b: Typhlosion\n|-damage|p2b: Typhlosion|0 fnt\n|faint|p2b: Typhlosion\n|move|p2a: Aerodactyl|Rock Slide|p1a: Gardevoir|[spread] p1a,p1b\n|-damage|p1a: Gardevoir|23/100\n|-damage|p1b: Clefable|81/100\n|\n|upkeep\n|\n|t:|1776305238\n|switch|p2b: Archaludon|Archaludon, L50, F|100/100\n|turn|3\n|\n|t:|1776305251\n|move|p1b: Clefable|Helping Hand|p1a: Gardevoir\n|-singleturn|p1a: Gardevoir|Helping Hand|[of] p1b: Clefable\n|move|p1a: Gardevoir|Hyper Voice|p2b: Archaludon|[spread] p2a,p2b\n|-enditem|p2a: Aerodactyl|Focus Sash\n|-damage|p2a: Aerodactyl|1/100\n|-damage|p2b: Archaludon|0 fnt\n|faint|p2b: Archaludon\n|move|p2a: Aerodactyl|Rock Slide|p1b: Clefable|[spread] p1a,p1b\n|-damage|p1a: Gardevoir|0 fnt\n|-damage|p1b: Clefable|62/100\n|faint|p1a: Gardevoir\n|\n|upkeep\n|\n|t:|1776305279\n|switch|p1a: Sneasler|Sneasler, L50, M|100/100\n|switch|p2b: Meganium|Meganium, L50, M|100/100\n|turn|4\n|\n|t:|1776305299\n|move|p2b: Meganium|Protect|p2b: Meganium\n|-singleturn|p2b: Meganium|Protect\n|move|p2a: Aerodactyl|Protect|p2a: Aerodactyl\n|-singleturn|p2a: Aerodactyl|Protect\n|move|p1a: Sneasler|Fake Out|p2b: Meganium\n|-activate|p2b: Meganium|move: Protect\n|move|p1b: Clefable|Moonblast|p2a: Aerodactyl\n|-activate|p2a: Aerodactyl|move: Protect\n|\n|-sideend|p2: MegaMegAllDay|move: Tailwind\n|upkeep\n|turn|5\n|\n|t:|1776305320\n|switch|p1a: Corviknight|Corviknight, L50, M|100/100\n|detailschange|p2b: Meganium|Meganium-Mega, L50, M\n|-mega|p2b: Meganium|Meganium|Meganiumite\n|move|p2a: Aerodactyl|Protect||[still]\n|-fail|p2a: Aerodactyl\n|move|p1b: Clefable|Moonblast|p2a: Aerodactyl\n|-damage|p2a: Aerodactyl|0 fnt\n|faint|p2a: Aerodactyl\n|move|p2b: Meganium|Dazzling Gleam|p1a: Corviknight|[spread] p1a,p1b\n|-resisted|p1a: Corviknight|1\n|-damage|p1a: Corviknight|82/100\n|-damage|p1b: Clefable|27/100\n|-enditem|p1b: Clefable|Sitrus Berry|[eat]\n|-heal|p1b: Clefable|52/100|[from] item: Sitrus Berry\n|\n|-fieldend|move: Trick Room\n|upkeep\n|turn|6\n|\n|t:|1776305342\n|move|p1b: Clefable|Helping Hand|p1a: Corviknight\n|-singleturn|p1a: Corviknight|Helping Hand|[of] p1b: Clefable\n|move|p2b: Meganium|Solar Beam||[still]\n|-prepare|p2b: Meganium|Solar Beam\n|-activate|p2b: Meganium|ability: Mega Sol\n|-anim|p2b: Meganium|Solar Beam|p1b: Clefable\n|-damage|p1b: Clefable|0 fnt\n|faint|p1b: Clefable\n|move|p1a: Corviknight|Iron Head|p2b: Meganium\n|-supereffective|p2b: Meganium|1\n|-damage|p2b: Meganium|10/100\n|\n|upkeep\n|\n|t:|1776305352\n|switch|p1b: Sneasler|Sneasler, L50, M|100/100\n|turn|7\n|\n|t:|1776305365\n|move|p1b: Sneasler|Fake Out|p2b: Meganium\n|-damage|p2b: Meganium|0 fnt\n|faint|p2b: Meganium\n|\n|win|askeru\n|raw|askeru's rating: 1065 &rarr; <strong>1096</strong><br />(+31 for winning)\n|raw|MegaMegAllDay's rating: 1078 &rarr; <strong>1055</strong><br />(-23 for losing)\n|l|\u2606MegaMegAllDay\n|player|p2|\n|c|\u2606askeru|ggs\n",
  "uploadtime": 1776305377,
  "views": 18,
  "formatid": "gen9championsvgc2026regma",
  "rating": 1055,
  "private": 0,
  "password": null
}