{
  "id": "gen9championsvgc2026regma-2583289332",
  "format": "[Gen 9 Champions] VGC 2026 Reg M-A",
  "players": [
    "soulo333",
    "Samubruni97"
  ],
  "log": "|j|\u2606soulo333\n|j|\u2606Samubruni97\n|t:|1776163577\n|gametype|doubles\n|player|p1|soulo333|101|1168\n|player|p2|Samubruni97|red|1185\n|gen|9\n|tier|[Gen 9 Champions] VGC 2026 Reg M-A\n|rated|\n|rule|Species Clause: Limit one of each Pok\u00e9mon\n|rule|Item Clause: Limit 1 of each item\n|clearpoke\n|poke|p1|Charizard, L50, F|\n|poke|p1|Sneasler, L50, F|\n|poke|p1|Sinistcha, L50|\n|poke|p1|Incineroar, L50, M|\n|poke|p1|Milotic, L50, F|\n|poke|p1|Tyranitar, L50, F|\n|poke|p2|Milotic, L50, F|\n|poke|p2|Sneasler, L50, F|\n|poke|p2|Incineroar, L50, F|\n|poke|p2|Delphox, L50, M|\n|poke|p2|Floette-Eternal, L50, F|\n|poke|p2|Aerodactyl, L50, F|\n|teampreview|4\n|inactive|Battle timer is ON: inactive players will automatically lose when time's up. (requested by Samubruni97)\n|inactive|Samubruni97 has 60 seconds left.\n|inactive|soulo333 has 60 seconds left.\n|\n|t:|1776163625\n|teamsize|p1|4\n|teamsize|p2|4\n|start\n|switch|p1a: Charizard|Charizard, L50, F|100/100\n|switch|p1b: Sneasler|Sneasler, L50, F|100/100\n|switch|p2a: Aerodactyl|Aerodactyl, L50, F|100/100\n|switch|p2b: Floette|Floette-Eternal, L50, F|100/100\n|-ability|p2a: Aerodactyl|Unnerve\n|turn|1\n|\n|t:|1776163641\n|detailschange|p1a: Charizard|Charizard-Mega-X, L50, F\n|-mega|p1a: Charizard|Charizard|Charizardite X\n|detailschange|p2b: Floette|Floette-Mega, L50, F\n|-mega|p2b: Floette|Floette|Floettite\n|-ability|p2b: Floette|Fairy Aura\n|move|p2a: Aerodactyl|Tailwind|p2a: Aerodactyl\n|-sidestart|p2: Samubruni97|move: Tailwind\n|move|p2b: Floette|Psychic|p1b: Sneasler\n|-supereffective|p1b: Sneasler|2\n|-enditem|p1b: Sneasler|Focus Sash\n|-damage|p1b: Sneasler|1/100\n|move|p1b: Sneasler|Coaching|p1a: Charizard\n|-boost|p1a: Charizard|atk|1\n|-boost|p1a: Charizard|def|1\n|move|p1a: Charizard|Dragon Dance|p1a: Charizard\n|-boost|p1a: Charizard|atk|1\n|-boost|p1a: Charizard|spe|1\n|\n|upkeep\n|turn|2\n|\n|t:|1776163666\n|move|p2b: Floette|Protect|p2b: Floette\n|-singleturn|p2b: Floette|Protect\n|move|p1a: Charizard|Protect|p1a: Charizard\n|-singleturn|p1a: Charizard|Protect\n|move|p2a: Aerodactyl|Rock Slide|p1b: Sneasler|[spread] p1b\n|-activate|p1a: Charizard|move: Protect\n|-resisted|p1b: Sneasler|1\n|-damage|p1b: Sneasler|0 fnt\n|faint|p1b: Sneasler\n|\n|upkeep\n|\n|t:|1776163668\n|switch|p1b: Sinistcha|Sinistcha, L50|100/100\n|turn|3\n|\n|t:|1776163685\n|move|p2a: Aerodactyl|Dual Wingbeat|p1b: Sinistcha\n|-supereffective|p1b: Sinistcha|1\n|-damage|p1b: Sinistcha|67/100\n|-supereffective|p1b: Sinistcha|1\n|-damage|p1b: Sinistcha|35/100\n|-hitcount|p1b: Sinistcha|2\n|move|p2b: Floette|Calm Mind|p2b: Floette\n|-boost|p2b: Floette|spa|1\n|-boost|p2b: Floette|spd|1\n|move|p1a: Charizard|Dragon Dance|p1a: Charizard\n|-boost|p1a: Charizard|atk|1\n|-boost|p1a: Charizard|spe|1\n|move|p1b: Sinistcha|Matcha Gotcha|p2b: Floette|[spread] p2b\n|-miss|p1b: Sinistcha|p2a: Aerodactyl\n|-damage|p2b: Floette|82/100\n|-heal|p1b: Sinistcha|43/100|[from] drain|[of] p2b: Floette\n|\n|upkeep\n|turn|4\n|\n|t:|1776163704\n|move|p2a: Aerodactyl|Rock Slide|p1b: Sinistcha|[spread] p1b\n|-miss|p2a: Aerodactyl|p1a: Charizard\n|-damage|p1b: Sinistcha|17/100\n|move|p1a: Charizard|Dragon Claw|p2a: Aerodactyl\n|-enditem|p2a: Aerodactyl|Focus Sash\n|-damage|p2a: Aerodactyl|1/100\n|move|p2b: Floette|Dazzling Gleam|p1a: Charizard|[spread] p1a,p1b\n|-damage|p1a: Charizard|21/100\n|-damage|p1b: Sinistcha|0 fnt\n|faint|p1b: Sinistcha\n|\n|-sideend|p2: Samubruni97|move: Tailwind\n|upkeep\n|\n|t:|1776163713\n|switch|p1b: Milotic|Milotic, L50, F|100/100\n|turn|5\n|\n|t:|1776163722\n|move|p1a: Charizard|Protect|p1a: Charizard\n|-singleturn|p1a: Charizard|Protect\n|move|p2a: Aerodactyl|Tailwind|p2a: Aerodactyl\n|-sidestart|p2: Samubruni97|move: Tailwind\n|move|p2b: Floette|Dazzling Gleam|p1a: Charizard|[spread] p1b\n|-activate|p1a: Charizard|move: Protect\n|-damage|p1b: Milotic|54/100\n|move|p1b: Milotic|Icy Wind|p2b: Floette|[spread] p2a,p2b\n|-supereffective|p2a: Aerodactyl|1\n|-damage|p2a: Aerodactyl|0 fnt\n|-damage|p2b: Floette|76/100\n|-unboost|p2b: Floette|spe|1\n|faint|p2a: Aerodactyl\n|\n|-heal|p1b: Milotic|60/100|[from] item: Leftovers\n|upkeep\n|\n|t:|1776163740\n|switch|p2a: Sneasler|Sneasler, L50, F|100/100\n|turn|6\n|\n|t:|1776163753\n|move|p2a: Sneasler|Fake Out|p1a: Charizard\n|-damage|p1a: Charizard|12/100\n|cant|p1a: Charizard|flinch\n|move|p2b: Floette|Dazzling Gleam|p1b: Milotic|[spread] p1a,p1b\n|-damage|p1a: Charizard|0 fnt\n|-damage|p1b: Milotic|9/100\n|faint|p1a: Charizard\n|move|p1b: Milotic|Icy Wind|p2b: Floette|[spread] p2a,p2b\n|-damage|p2a: Sneasler|86/100\n|-damage|p2b: Floette|70/100\n|-unboost|p2a: Sneasler|spe|1\n|-unboost|p2b: Floette|spe|1\n|-enditem|p2a: Sneasler|White Herb\n|-clearnegativeboost|p2a: Sneasler|[silent]\n|\n|-heal|p1b: Milotic|15/100|[from] item: Leftovers\n|upkeep\n|turn|7\n|-message|soulo333 forfeited.\n|\n|win|Samubruni97\n|raw|soulo333's rating: 1168 &rarr; <strong>1144</strong><br />(-24 for losing)\n|raw|Samubruni97's rating: 1185 &rarr; <strong>1209</strong><br />(+24 for winning)\n",
  "uploadtime": 1776163757,
  "views": 13,
  "formatid": "gen9championsvgc2026regma",
  "rating": 1144,
  "private": 0,
  "password": null
}