{
  "id": "gen9championsvgc2026regma-2584063172",
  "format": "[Gen 9 Champions] VGC 2026 Reg M-A",
  "players": [
    "jofenando",
    "Filho da idol Sama"
  ],
  "log": "|j|\u2606jofenando\n|j|\u2606Filho da idol Sama\n|t:|1776221436\n|gametype|doubles\n|player|p1|jofenando|266|1024\n|player|p2|Filho da idol Sama|selene-masters|1040\n|gen|9\n|tier|[Gen 9 Champions] VGC 2026 Reg M-A\n|rated|\n|rule|Species Clause: Limit one of each Pok\u00e9mon\n|rule|Item Clause: Limit 1 of each item\n|clearpoke\n|poke|p1|Gengar, L50, F|\n|poke|p1|Aegislash, L50, F|\n|poke|p1|Politoed, L50, M|\n|poke|p1|Drampa, L50, F|\n|poke|p1|Archaludon, L50, M|\n|poke|p1|Clefable, L50, F|\n|poke|p2|Pelipper, L50, M|\n|poke|p2|Basculegion, L50, M|\n|poke|p2|Incineroar, L50, M|\n|poke|p2|Sinistcha, L50|\n|poke|p2|Floette-Eternal, L50, F|\n|poke|p2|Archaludon, L50, M|\n|teampreview|4\n|\n|t:|1776221457\n|teamsize|p1|4\n|teamsize|p2|4\n|start\n|switch|p1a: Gengar|Gengar, L50, F|100/100\n|switch|p1b: Aegislash|Aegislash, L50, F|100/100\n|switch|p2a: Sinistcha|Sinistcha, L50|100/100\n|switch|p2b: Incineroar|Incineroar, L50, M, shiny|100/100\n|-ability|p2b: Incineroar|Intimidate|boost\n|-unboost|p1a: Gengar|atk|1\n|-unboost|p1b: Aegislash|atk|1\n|turn|1\n|\n|t:|1776221478\n|detailschange|p1a: Gengar|Gengar-Mega, L50, F\n|-mega|p1a: Gengar|Gengar|Gengarite\n|move|p1a: Gengar|Shadow Ball|p2a: Sinistcha\n|-supereffective|p2a: Sinistcha|1\n|-damage|p2a: Sinistcha|25/100\n|move|p2a: Sinistcha|Matcha Gotcha|p1b: Aegislash|[spread] p1a,p1b\n|-resisted|p1a: Gengar|1\n|-resisted|p1b: Aegislash|1\n|-damage|p1a: Gengar|90/100\n|-heal|p2a: Sinistcha|30/100|[from] drain|[of] p1a: Gengar\n|-damage|p1b: Aegislash|92/100\n|-heal|p2a: Sinistcha|35/100|[from] drain|[of] p1b: Aegislash\n|move|p2b: Incineroar|Throat Chop|p1a: Gengar\n|-supereffective|p1a: Gengar|1\n|-damage|p1a: Gengar|3/100\n|-start|p1a: Gengar|Throat Chop|[silent]\n|move|p1b: Aegislash|Swords Dance|p1b: Aegislash\n|-boost|p1b: Aegislash|atk|2\n|\n|upkeep\n|turn|2\n|\n|t:|1776221525\n|switch|p1a: Clefable|Clefable, L50, F|100/100\n|move|p2a: Sinistcha|Rage Powder|p2a: Sinistcha\n|-singleturn|p2a: Sinistcha|move: Rage Powder\n|move|p2b: Incineroar|Throat Chop|p1b: Aegislash\n|-supereffective|p1b: Aegislash|1\n|-damage|p1b: Aegislash|51/100\n|-start|p1b: Aegislash|Throat Chop|[silent]\n|move|p1b: Aegislash|Swords Dance|p1b: Aegislash\n|-boost|p1b: Aegislash|atk|2\n|\n|upkeep\n|turn|3\n|\n|t:|1776221544\n|move|p1a: Clefable|Follow Me|p1a: Clefable\n|-singleturn|p1a: Clefable|move: Follow Me\n|move|p2a: Sinistcha|Rage Powder|p2a: Sinistcha\n|-singleturn|p2a: Sinistcha|move: Rage Powder\n|move|p2b: Incineroar|Flare Blitz|p1a: Clefable\n|-damage|p1a: Clefable|54/100\n|-damage|p2b: Incineroar|85/100|[from] Recoil\n|-formechange|p1b: Aegislash|Aegislash-Blade|\n|move|p1b: Aegislash|Shadow Ball|p2a: Sinistcha\n|-supereffective|p2a: Sinistcha|1\n|-damage|p2a: Sinistcha|0 fnt\n|faint|p2a: Sinistcha\n|\n|-heal|p1a: Clefable|60/100|[from] item: Leftovers\n|-end|p1b: Aegislash|Throat Chop|[silent]\n|upkeep\n|\n|t:|1776221556\n|switch|p2a: Archaludon|Archaludon, L50, M|100/100\n|turn|4\n|\n|t:|1776221587\n|move|p2a: Archaludon|Protect|p2a: Archaludon\n|-singleturn|p2a: Archaludon|Protect\n|-formechange|p1b: Aegislash|Aegislash|\n|move|p1b: Aegislash|King's Shield|p1b: Aegislash\n|-singleturn|p1b: Aegislash|Protect\n|move|p1a: Clefable|Reflect|p1a: Clefable\n|-sidestart|p1: jofenando|Reflect\n|move|p2b: Incineroar|Parting Shot|p1b: Aegislash\n|-unboost|p1b: Aegislash|atk|1\n|-unboost|p1b: Aegislash|spa|1\n|\n|t:|1776221600\n|switch|p2b: Floette|Floette-Eternal, L50, F|100/100|[from] Parting Shot\n|\n|-heal|p1a: Clefable|66/100|[from] item: Leftovers\n|upkeep\n|turn|5\n|\n|t:|1776221626\n|switch|p2b: Incineroar|Incineroar, L50, M, shiny|85/100\n|-ability|p2b: Incineroar|Intimidate|boost\n|-unboost|p1a: Clefable|atk|1\n|-unboost|p1b: Aegislash|atk|1\n|move|p1a: Clefable|Follow Me|p1a: Clefable\n|-singleturn|p1a: Clefable|move: Follow Me\n|move|p2a: Archaludon|Electro Shot||[still]\n|-prepare|p2a: Archaludon|Electro Shot\n|-boost|p2a: Archaludon|spa|1\n|-formechange|p1b: Aegislash|Aegislash-Blade|\n|move|p1b: Aegislash|Shadow Ball|p2a: Archaludon\n|-damage|p2a: Archaludon|73/100\n|-ability|p2a: Archaludon|Stamina|boost\n|-boost|p2a: Archaludon|def|1\n|\n|-heal|p2a: Archaludon|79/100|[from] item: Leftovers\n|-heal|p1a: Clefable|72/100|[from] item: Leftovers\n|upkeep\n|turn|6\n|\n|t:|1776221650\n|move|p2b: Incineroar|Fake Out|p1a: Clefable\n|-damage|p1a: Clefable|65/100\n|cant|p1a: Clefable|flinch\n|move|p2a: Archaludon|Electro Shot|p1a: Clefable|[from] lockedmove\n|-damage|p1a: Clefable|22/100\n|move|p1b: Aegislash|Iron Head|p2b: Incineroar\n|-resisted|p2b: Incineroar|1\n|-damage|p2b: Incineroar|57/100\n|\n|-heal|p2a: Archaludon|85/100|[from] item: Leftovers\n|-heal|p1a: Clefable|28/100|[from] item: Leftovers\n|upkeep\n|turn|7\n|-message|jofenando forfeited.\n|\n|win|Filho da idol Sama\n|raw|jofenando's rating: 1024 &rarr; <strong>1011</strong><br />(-13 for losing)\n|raw|Filho da idol Sama's rating: 1040 &rarr; <strong>1072</strong><br />(+32 for winning)\n|l|\u2606jofenando\n|player|p1|\n",
  "uploadtime": 1776221679,
  "views": 17,
  "formatid": "gen9championsvgc2026regma",
  "rating": 1011,
  "private": 0,
  "password": null
}