{
  "id": "gen9championsvgc2026regma-2584720418",
  "format": "[Gen 9 Champions] VGC 2026 Reg M-A",
  "players": [
    "DoubleScroll181",
    "battle sim trainer"
  ],
  "log": "|j|\u2606DoubleScroll181\n|j|\u2606battle sim trainer\n|t:|1776278962\n|gametype|doubles\n|player|p1|DoubleScroll181|101|1066\n|player|p2|battle sim trainer|turo|1054\n|gen|9\n|tier|[Gen 9 Champions] VGC 2026 Reg M-A\n|rated|\n|rule|Species Clause: Limit one of each Pok\u00e9mon\n|rule|Item Clause: Limit 1 of each item\n|clearpoke\n|poke|p1|Garchomp, L50, F|\n|poke|p1|Talonflame, L50, F|\n|poke|p1|Incineroar, L50, F|\n|poke|p1|Whimsicott, L50, M|\n|poke|p1|Tyranitar, L50, M|\n|poke|p1|Espathra, L50, M|\n|poke|p2|Farigiraf, L50, F|\n|poke|p2|Sinistcha, L50|\n|poke|p2|Slowbro, L50, F|\n|poke|p2|Crabominable, L50, F|\n|poke|p2|Medicham, L50, M|\n|poke|p2|Torkoal, L50, F|\n|teampreview|4\n|inactive|Battle timer is ON: inactive players will automatically lose when time's up. (requested by DoubleScroll181)\n|\n|t:|1776279007\n|teamsize|p1|4\n|teamsize|p2|4\n|start\n|switch|p1a: Incineroar|Incineroar, L50, F|100/100\n|switch|p1b: Talonflame|Talonflame, L50, F|100/100\n|switch|p2a: Farigiraf|Farigiraf, L50, F|100/100\n|switch|p2b: Medicham|Medicham, L50, M|100/100\n|-ability|p1a: Incineroar|Intimidate|boost\n|-unboost|p2a: Farigiraf|atk|1\n|-unboost|p2b: Medicham|atk|1\n|turn|1\n|\n|t:|1776279034\n|move|p2b: Medicham|Fake Out|p1b: Talonflame\n|-damage|p1b: Talonflame|85/100\n|cant|p1b: Talonflame|flinch\n|move|p1a: Incineroar|Darkest Lariat|p2a: Farigiraf\n|-supereffective|p2a: Farigiraf|1\n|-damage|p2a: Farigiraf|40/100\n|-enditem|p2a: Farigiraf|Sitrus Berry|[eat]\n|-heal|p2a: Farigiraf|64/100|[from] item: Sitrus Berry\n|move|p2a: Farigiraf|Trick Room|p2a: Farigiraf\n|-fieldstart|move: Trick Room|[of] p2a: Farigiraf\n|\n|upkeep\n|turn|2\n|\n|t:|1776279054\n|switch|p2a: Slowbro|Slowbro, L50, F|100/100\n|move|p1a: Incineroar|Darkest Lariat|p2a: Slowbro\n|-supereffective|p2a: Slowbro|1\n|-damage|p2a: Slowbro|46/100\n|move|p2b: Medicham|Close Combat|p1a: Incineroar\n|-supereffective|p1a: Incineroar|1\n|-damage|p1a: Incineroar|25/100\n|-unboost|p2b: Medicham|def|1\n|-unboost|p2b: Medicham|spd|1\n|-enditem|p1a: Incineroar|Sitrus Berry|[eat]\n|-heal|p1a: Incineroar|50/100|[from] item: Sitrus Berry\n|move|p1b: Talonflame|Dual Wingbeat|p2b: Medicham\n|-supereffective|p2b: Medicham|1\n|-damage|p2b: Medicham|53/100\n|-supereffective|p2b: Medicham|1\n|-damage|p2b: Medicham|5/100\n|-hitcount|p2b: Medicham|2\n|\n|upkeep\n|turn|3\n|inactive|DoubleScroll181 has 30 seconds left.\n|inactive|battle sim trainer has 30 seconds left.\n|inactive|battle sim trainer has 20 seconds left.\n|\n|t:|1776279089\n|switch|p2b: Crabominable|Crabominable, L50, F|100/100\n|detailschange|p2a: Slowbro|Slowbro-Mega, L50, F\n|-mega|p2a: Slowbro|Slowbro|Slowbronite\n|move|p2a: Slowbro|Slack Off|p2a: Slowbro\n|-heal|p2a: Slowbro|96/100\n|move|p1a: Incineroar|Darkest Lariat|p2a: Slowbro\n|-supereffective|p2a: Slowbro|1\n|-damage|p2a: Slowbro|60/100\n|move|p1b: Talonflame|Roost|p1b: Talonflame\n|-heal|p1b: Talonflame|100/100\n|-singleturn|p1b: Talonflame|move: Roost\n|\n|upkeep\n|turn|4\n|inactive|battle sim trainer has 30 seconds left.\n|\n|t:|1776279115\n|switch|p2a: Farigiraf|Farigiraf, L50, F|64/100\n|move|p1b: Talonflame|Dual Wingbeat||[still]\n|cant|p2a: Farigiraf|ability: Armor Tail|Dual Wingbeat|[of] p1b: Talonflame\n|move|p2b: Crabominable|Drain Punch|p1a: Incineroar\n|-supereffective|p1a: Incineroar|1\n|-damage|p1a: Incineroar|0 fnt\n|faint|p1a: Incineroar\n|\n|upkeep\n|\n|t:|1776279124\n|switch|p1a: Espathra|Espathra, L50, M|100/100\n|turn|5\n|\n|t:|1776279147\n|move|p1b: Talonflame|Tailwind|p1b: Talonflame\n|-sidestart|p1: DoubleScroll181|move: Tailwind\n|move|p2b: Crabominable|Thunder Punch|p1b: Talonflame\n|-supereffective|p1b: Talonflame|1\n|-damage|p1b: Talonflame|19/100\n|move|p2a: Farigiraf|Nasty Plot|p2a: Farigiraf\n|-boost|p2a: Farigiraf|spa|2\n|move|p1a: Espathra|Calm Mind|p1a: Espathra\n|-boost|p1a: Espathra|spa|1\n|-boost|p1a: Espathra|spd|1\n|\n|-fieldend|move: Trick Room\n|-ability|p1a: Espathra|Speed Boost|boost\n|-boost|p1a: Espathra|spe|1\n|upkeep\n|turn|6\n|\n|t:|1776279172\n|switch|p2b: Slowbro|Slowbro-Mega, L50, F|60/100\n|move|p1b: Talonflame|Flare Blitz|p2b: Slowbro\n|-resisted|p2b: Slowbro|1\n|-damage|p2b: Slowbro|51/100\n|-damage|p1b: Talonflame|16/100|[from] Recoil\n|move|p1a: Espathra|Calm Mind|p1a: Espathra\n|-boost|p1a: Espathra|spa|1\n|-boost|p1a: Espathra|spd|1\n|move|p2a: Farigiraf|Trick Room|p2a: Farigiraf\n|-fieldstart|move: Trick Room|[of] p2a: Farigiraf\n|\n|-ability|p1a: Espathra|Speed Boost|boost\n|-boost|p1a: Espathra|spe|1\n|upkeep\n|turn|7\n|\n|t:|1776279191\n|move|p2b: Slowbro|Iron Defense|p2b: Slowbro\n|-boost|p2b: Slowbro|def|2\n|move|p2a: Farigiraf|Hyper Voice|p1a: Espathra|[spread] p1a,p1b\n|-damage|p1a: Espathra|64/100\n|-damage|p1b: Talonflame|0 fnt\n|faint|p1b: Talonflame\n|move|p1a: Espathra|Stored Power|p2a: Farigiraf\n|-resisted|p2a: Farigiraf|1\n|-damage|p2a: Farigiraf|7/100\n|\n|-heal|p1a: Espathra|70/100|[from] item: Leftovers\n|-ability|p1a: Espathra|Speed Boost|boost\n|-boost|p1a: Espathra|spe|1\n|upkeep\n|\n|t:|1776279202\n|switch|p1b: Garchomp|Garchomp, L50, F|100/100\n|turn|8\n|\n|t:|1776279217\n|detailschange|p1b: Garchomp|Garchomp-Mega, L50, F\n|-mega|p1b: Garchomp|Garchomp|Garchompite\n|move|p2b: Slowbro|Slack Off|p2b: Slowbro\n|-heal|p2b: Slowbro|100/100\n|move|p2a: Farigiraf|Hyper Voice|p1a: Espathra|[spread] p1a,p1b\n|-crit|p1a: Espathra\n|-damage|p1a: Espathra|0 fnt\n|-damage|p1b: Garchomp|50/100\n|faint|p1a: Espathra\n|move|p1b: Garchomp|Rock Slide|p2a: Farigiraf|[spread] p2a,p2b\n|-damage|p2a: Farigiraf|0 fnt\n|-damage|p2b: Slowbro|95/100\n|faint|p2a: Farigiraf\n|\n|-sideend|p1: DoubleScroll181|move: Tailwind\n|upkeep\n|\n|t:|1776279227\n|switch|p2a: Crabominable|Crabominable, L50, F|100/100\n|turn|9\n|-message|DoubleScroll181 forfeited.\n|\n|win|battle sim trainer\n|raw|DoubleScroll181's rating: 1066 &rarr; <strong>1045</strong><br />(-21 for losing)\n|raw|battle sim trainer's rating: 1054 &rarr; <strong>1087</strong><br />(+33 for winning)\n|l|\u2606DoubleScroll181\n|player|p1|\n",
  "uploadtime": 1776279231,
  "views": 17,
  "formatid": "gen9championsvgc2026regma",
  "rating": 1045,
  "private": 0,
  "password": null
}