{
  "id": "gen9championsvgc2026regma-2584075347",
  "format": "[Gen 9 Champions] VGC 2026 Reg M-A",
  "players": [
    "haerinn",
    "LovelyLizardLad"
  ],
  "log": "|j|\u2606haerinn\n|j|\u2606LovelyLizardLad\n|t:|1776222619\n|gametype|doubles\n|player|p1|haerinn|baker|1000\n|player|p2|LovelyLizardLad|red|1000\n|gen|9\n|tier|[Gen 9 Champions] VGC 2026 Reg M-A\n|rated|\n|rule|Species Clause: Limit one of each Pok\u00e9mon\n|rule|Item Clause: Limit 1 of each item\n|clearpoke\n|poke|p1|Toxapex, L50, F|\n|poke|p1|Emolga, L50, M|\n|poke|p1|Mamoswine, L50, F|\n|poke|p1|Meowscarada, L50, F|\n|poke|p1|Sableye, L50, M|\n|poke|p1|Corviknight, L50, M|\n|poke|p2|Delphox, L50, M|\n|poke|p2|Basculegion, L50, M|\n|poke|p2|Clefable, L50, F|\n|poke|p2|Kingambit, L50, M|\n|poke|p2|Sneasler, L50, M|\n|poke|p2|Heliolisk, L50, F|\n|teampreview|4\n|inactive|Battle timer is ON: inactive players will automatically lose when time's up. (requested by LovelyLizardLad)\n|\n|t:|1776222636\n|teamsize|p1|4\n|teamsize|p2|4\n|start\n|switch|p1a: Meowscarada|Meowscarada, L50, F|100/100\n|switch|p1b: Toxapex|Toxapex, L50, F|100/100\n|switch|p2a: Delphox|Delphox, L50, M|100/100\n|switch|p2b: Clefable|Clefable, L50, F|100/100\n|turn|1\n|\n|t:|1776222652\n|move|p2a: Delphox|Protect|p2a: Delphox\n|-singleturn|p2a: Delphox|Protect\n|move|p1a: Meowscarada|U-turn|p2a: Delphox\n|-start|p1a: Meowscarada|typechange|Bug|[from] ability: Protean\n|-activate|p2a: Delphox|move: Protect\n|move|p2b: Clefable|Moonblast|p1a: Meowscarada\n|-damage|p1a: Meowscarada|51/100\n|move|p1b: Toxapex|Toxic|p2a: Delphox\n|-activate|p2a: Delphox|move: Protect\n|\n|upkeep\n|turn|2\n|\n|t:|1776222666\n|detailschange|p2a: Delphox|Delphox-Mega, L50, M\n|-mega|p2a: Delphox|Delphox|Delphoxite\n|move|p2b: Clefable|Follow Me|p2b: Clefable\n|-singleturn|p2b: Clefable|move: Follow Me\n|move|p2a: Delphox|Psychic|p1b: Toxapex\n|-supereffective|p1b: Toxapex|1\n|-damage|p1b: Toxapex|13/100\n|move|p1a: Meowscarada|U-turn|p2b: Clefable\n|-resisted|p2b: Clefable|1\n|-damage|p2b: Clefable|88/100\n|\n|t:|1776222676\n|switch|p1a: Sableye|Sableye, L50, M|100/100|[from] U-turn\n|move|p1b: Toxapex|Toxic|p2b: Clefable\n|-status|p2b: Clefable|tox\n|\n|-heal|p1b: Toxapex|18/100|[from] item: Leftovers\n|-damage|p2b: Clefable|82/100 tox|[from] psn\n|upkeep\n|turn|3\n|inactive|haerinn has 30 seconds left.\n|\n|t:|1776222708\n|detailschange|p1a: Sableye|Sableye-Mega, L50, M\n|-mega|p1a: Sableye|Sableye|Sablenite\n|move|p1b: Toxapex|Baneful Bunker|p1b: Toxapex\n|-singleturn|p1b: Toxapex|move: Protect\n|move|p2b: Clefable|Follow Me|p2b: Clefable\n|-singleturn|p2b: Clefable|move: Follow Me\n|move|p2a: Delphox|Heat Wave|p1b: Toxapex|[spread] p1a\n|-activate|p1b: Toxapex|move: Protect\n|-damage|p1a: Sableye|56/100\n|move|p1a: Sableye|Thunder Wave||[still]\n|-fail|p1a: Sableye\n|\n|-heal|p1b: Toxapex|24/100|[from] item: Leftovers\n|-damage|p2b: Clefable|70/100 tox|[from] psn\n|upkeep\n|turn|4\n|inactive|haerinn has 30 seconds left.\n|inactive|LovelyLizardLad has 30 seconds left.\n|inactive|LovelyLizardLad has 20 seconds left.\n|inactive|LovelyLizardLad has 15 seconds left.\n|inactive|LovelyLizardLad has 10 seconds left.\n|inactive|LovelyLizardLad has 5 seconds left.\n|\n|t:|1776222763\n|switch|p1b: Meowscarada|Meowscarada, L50, F|51/100\n|move|p2a: Delphox|Heat Wave|p1b: Meowscarada|[spread] p1a\n|-miss|p2a: Delphox|p1b: Meowscarada\n|-crit|p1a: Sableye\n|-damage|p1a: Sableye|0 fnt\n|faint|p1a: Sableye\n|move|p2b: Clefable|Moonblast|p1b: Meowscarada\n|-supereffective|p1b: Meowscarada|1\n|-damage|p1b: Meowscarada|0 fnt\n|faint|p1b: Meowscarada\n|\n|-damage|p2b: Clefable|52/100 tox|[from] psn\n|upkeep\n|\n|t:|1776222772\n|switch|p1b: Mamoswine|Mamoswine, L50, F|100/100\n|switch|p1a: Toxapex|Toxapex, L50, F|24/100\n|turn|5\n|\n|t:|1776222795\n|move|p2a: Delphox|Psychic|p1a: Toxapex\n|-supereffective|p1a: Toxapex|1\n|-damage|p1a: Toxapex|0 fnt\n|faint|p1a: Toxapex\n|move|p1b: Mamoswine|Icicle Crash|p2b: Clefable\n|-damage|p2b: Clefable|18/100 tox\n|-enditem|p2b: Clefable|Sitrus Berry|[eat]\n|-heal|p2b: Clefable|43/100 tox|[from] item: Sitrus Berry\n|cant|p2b: Clefable|flinch\n|\n|-damage|p2b: Clefable|19/100 tox|[from] psn\n|upkeep\n|turn|6\n|\n|t:|1776222814\n|move|p2a: Delphox|Heat Wave|p1b: Mamoswine\n|-supereffective|p1b: Mamoswine|1\n|-damage|p1b: Mamoswine|13/100\n|move|p1b: Mamoswine|Knock Off|p2a: Delphox\n|-supereffective|p2a: Delphox|1\n|-damage|p2a: Delphox|32/100\n|move|p2b: Clefable|Moonblast|p1b: Mamoswine\n|-damage|p1b: Mamoswine|0 fnt\n|faint|p1b: Mamoswine\n|\n|win|LovelyLizardLad\n|raw|haerinn's rating: 1000 &rarr; <strong>1000</strong><br />(+0 for losing)\n|raw|LovelyLizardLad's rating: 1000 &rarr; <strong>1040</strong><br />(+40 for winning)\n|l|\u2606haerinn\n|player|p1|\n",
  "uploadtime": 1776222818,
  "views": 15,
  "formatid": "gen9championsvgc2026regma",
  "rating": 1000,
  "private": 0,
  "password": null
}