{
  "id": "gen9championsvgc2026regma-2585265872",
  "format": "[Gen 9 Champions] VGC 2026 Reg M-A",
  "players": [
    "Virone",
    "NomadSM"
  ],
  "log": "|j|\u2606Virone\n|j|\u2606NomadSM\n|t:|1776331706\n|gametype|doubles\n|player|p1|Virone|veteranf|1242\n|player|p2|NomadSM|265|1188\n|gen|9\n|tier|[Gen 9 Champions] VGC 2026 Reg M-A\n|rated|\n|rule|Species Clause: Limit one of each Pok\u00e9mon\n|rule|Item Clause: Limit 1 of each item\n|clearpoke\n|poke|p1|Clefable, L50, M|\n|poke|p1|Armarouge, L50, F|\n|poke|p1|Runerigus, L50, M|\n|poke|p1|Farigiraf, L50, M|\n|poke|p1|Kingambit, L50, F|\n|poke|p1|Torkoal, L50, F|\n|poke|p2|Meganium, L50, F|\n|poke|p2|Pelipper, L50, F|\n|poke|p2|Basculegion, L50, M|\n|poke|p2|Dragonite, L50, M|\n|poke|p2|Sneasler, L50, M|\n|poke|p2|Archaludon, L50, F|\n|teampreview|4\n|inactive|Battle timer is ON: inactive players will automatically lose when time's up. (requested by NomadSM)\n|inactive|NomadSM has 60 seconds left.\n|\n|t:|1776331748\n|teamsize|p1|4\n|teamsize|p2|4\n|start\n|switch|p1a: Clefable|Clefable, L50, M|100/100\n|switch|p1b: Armarouge|Armarouge, L50, F|100/100\n|switch|p2a: Basculegion|Basculegion, L50, M|100/100\n|switch|p2b: Sneasler|Sneasler, L50, M|100/100\n|turn|1\n|inactive|NomadSM has 30 seconds left.\n|\n|t:|1776331775\n|detailschange|p1a: Clefable|Clefable-Mega, L50, M\n|-mega|p1a: Clefable|Clefable|Clefablite\n|move|p2b: Sneasler|Fake Out|p1a: Clefable\n|-damage|p1a: Clefable|89/100\n|move|p2a: Basculegion|Wave Crash|p1b: Armarouge\n|-supereffective|p1b: Armarouge|1\n|-enditem|p1b: Armarouge|Passho Berry|[eat]\n|-enditem|p1b: Armarouge|Passho Berry|[weaken]\n|-damage|p1b: Armarouge|43/100\n|-damage|p2a: Basculegion|82/100|[from] Recoil\n|cant|p1a: Clefable|flinch\n|move|p1b: Armarouge|Trick Room|p1b: Armarouge\n|-fieldstart|move: Trick Room|[of] p1b: Armarouge\n|\n|upkeep\n|turn|2\n|inactive|NomadSM has 30 seconds left.\n|\n|t:|1776331807\n|switch|p1b: Kingambit|Kingambit, L50, F|100/100\n|move|p2b: Sneasler|Protect|p2b: Sneasler\n|-singleturn|p2b: Sneasler|Protect\n|move|p1a: Clefable|Dazzling Gleam|p2b: Sneasler|[spread] p2a\n|-activate|p2b: Sneasler|move: Protect\n|-damage|p2a: Basculegion|51/100\n|move|p2a: Basculegion|Flip Turn|p1b: Kingambit\n|-damage|p1b: Kingambit|77/100\n|\n|t:|1776331818\n|switch|p2a: Archaludon|Archaludon, L50, F|100/100|[from] Flip Turn\n|\n|upkeep\n|turn|3\n|\n|t:|1776331839\n|switch|p2a: Basculegion|Basculegion, L50, M|51/100\n|move|p1a: Clefable|Follow Me|p1a: Clefable\n|-singleturn|p1a: Clefable|move: Follow Me\n|move|p1b: Kingambit|Kowtow Cleave|p2b: Sneasler\n|-resisted|p2b: Sneasler|1\n|-damage|p2b: Sneasler|49/100\n|move|p2b: Sneasler|Dire Claw|p1a: Clefable\n|-supereffective|p1a: Clefable|1\n|-damage|p1a: Clefable|22/100\n|-status|p1a: Clefable|slp\n|\n|upkeep\n|turn|4\n|inactive|NomadSM has 30 seconds left.\n|inactive|Virone has 30 seconds left.\n|\n|t:|1776331878\n|switch|p2b: Archaludon|Archaludon, L50, F|100/100\n|move|p1b: Kingambit|Kowtow Cleave|p2a: Basculegion\n|-supereffective|p2a: Basculegion|1\n|-crit|p2a: Basculegion\n|-damage|p2a: Basculegion|0 fnt\n|faint|p2a: Basculegion\n|cant|p1a: Clefable|slp\n|\n|upkeep\n|\n|t:|1776331888\n|switch|p2a: Sneasler|Sneasler, L50, M|49/100\n|turn|5\n|\n|t:|1776331901\n|move|p2a: Sneasler|Fake Out|p1b: Kingambit\n|-resisted|p1b: Kingambit|1\n|-crit|p1b: Kingambit\n|-damage|p1b: Kingambit|68/100\n|cant|p1b: Kingambit|flinch\n|-curestatus|p1a: Clefable|slp|[msg]\n|move|p1a: Clefable|Healing Wish|p1a: Clefable\n|faint|p1a: Clefable\n|move|p2b: Archaludon|Electro Shot||[still]\n|-prepare|p2b: Archaludon|Electro Shot\n|-boost|p2b: Archaludon|spa|1\n|\n|-fieldend|move: Trick Room\n|upkeep\n|\n|t:|1776331911\n|switch|p1a: Armarouge|Armarouge, L50, F|43/100\n|-heal|p1a: Armarouge|100/100|[from] move: Healing Wish\n|turn|6\n|inactive|NomadSM has 30 seconds left.\n|\n|t:|1776331942\n|move|p1b: Kingambit|Sucker Punch|p2b: Archaludon\n|-damage|p2b: Archaludon|57/100\n|-ability|p2b: Archaludon|Stamina|boost\n|-boost|p2b: Archaludon|def|1\n|move|p2a: Sneasler|Close Combat|p1b: Kingambit\n|-supereffective|p1b: Kingambit|2\n|-damage|p1b: Kingambit|0 fnt\n|-unboost|p2a: Sneasler|def|1\n|-unboost|p2a: Sneasler|spd|1\n|faint|p1b: Kingambit\n|-enditem|p2a: Sneasler|White Herb\n|-clearnegativeboost|p2a: Sneasler|[silent]\n|move|p2b: Archaludon|Electro Shot|p1a: Armarouge|[from] lockedmove\n|-damage|p1a: Armarouge|30/100\n|move|p1a: Armarouge|Trick Room|p1a: Armarouge\n|-fieldstart|move: Trick Room|[of] p1a: Armarouge\n|\n|-heal|p2b: Archaludon|63/100|[from] item: Leftovers\n|upkeep\n|\n|t:|1776331949\n|switch|p1b: Torkoal|Torkoal, L50, F|100/100\n|-weather|SunnyDay|[from] ability: Drought|[of] p1b: Torkoal\n|turn|7\n|inactive|NomadSM has 30 seconds left.\n|\n|t:|1776331977\n|move|p2b: Archaludon|Protect|p2b: Archaludon\n|-singleturn|p2b: Archaludon|Protect\n|move|p1b: Torkoal|Eruption|p2a: Sneasler|[spread] p2a\n|-activate|p2b: Archaludon|move: Protect\n|-damage|p2a: Sneasler|0 fnt\n|faint|p2a: Sneasler\n|move|p1a: Armarouge|Armor Cannon|p2b: Archaludon\n|-activate|p2b: Archaludon|move: Protect\n|\n|-weather|SunnyDay|[upkeep]\n|-heal|p2b: Archaludon|69/100|[from] item: Leftovers\n|upkeep\n|\n|t:|1776331989\n|switch|p2a: Dragonite|Dragonite, L50, M, shiny|100/100\n|turn|8\n|\n|t:|1776332009\n|detailschange|p2a: Dragonite|Dragonite-Mega, L50, M, shiny\n|-mega|p2a: Dragonite|Dragonite|Dragoninite\n|move|p1b: Torkoal|Eruption|p2b: Archaludon|[spread] p2a,p2b\n|-resisted|p2a: Dragonite|1\n|-damage|p2a: Dragonite|82/100\n|-damage|p2b: Archaludon|0 fnt\n|faint|p2b: Archaludon\n|move|p1a: Armarouge|Armor Cannon|p2a: Dragonite\n|-resisted|p2a: Dragonite|1\n|-damage|p2a: Dragonite|35/100\n|-unboost|p1a: Armarouge|def|1\n|-unboost|p1a: Armarouge|spd|1\n|move|p2a: Dragonite|Draco Meteor|p1b: Torkoal\n|-damage|p1b: Torkoal|0 fnt\n|-unboost|p2a: Dragonite|spa|2\n|faint|p1b: Torkoal\n|\n|-weather|SunnyDay|[upkeep]\n|upkeep\n|turn|9\n|\n|t:|1776332025\n|move|p2a: Dragonite|Protect|p2a: Dragonite\n|-singleturn|p2a: Dragonite|Protect\n|move|p1a: Armarouge|Armor Cannon|p2a: Dragonite\n|-activate|p2a: Dragonite|move: Protect\n|\n|-weather|SunnyDay|[upkeep]\n|upkeep\n|turn|10\n|\n|t:|1776332033\n|move|p2a: Dragonite|Protect||[still]\n|-fail|p2a: Dragonite\n|move|p1a: Armarouge|Armor Cannon|p2a: Dragonite\n|-resisted|p2a: Dragonite|1\n|-damage|p2a: Dragonite|0 fnt\n|-unboost|p1a: Armarouge|def|1\n|-unboost|p1a: Armarouge|spd|1\n|faint|p2a: Dragonite\n|\n|win|Virone\n|raw|Virone's rating: 1242 &rarr; <strong>1263</strong><br />(+21 for winning)\n|raw|NomadSM's rating: 1188 &rarr; <strong>1167</strong><br />(-21 for losing)\n|l|\u2606NomadSM\n|player|p2|\n",
  "uploadtime": 1776332043,
  "views": 20,
  "formatid": "gen9championsvgc2026regma",
  "rating": 1167,
  "private": 0,
  "password": null
}