{
  "id": "gen9championsvgc2026regma-2583230213",
  "format": "[Gen 9 Champions] VGC 2026 Reg M-A",
  "players": [
    "Sublamb",
    "sodarist"
  ],
  "log": "|j|\u2606Sublamb\n|j|\u2606sodarist\n|t:|1776157311\n|gametype|doubles\n|player|p1|Sublamb|169|1134\n|player|p2|sodarist|steven|1117\n|gen|9\n|tier|[Gen 9 Champions] VGC 2026 Reg M-A\n|rated|\n|rule|Species Clause: Limit one of each Pok\u00e9mon\n|rule|Item Clause: Limit 1 of each item\n|clearpoke\n|poke|p1|Kingambit, L50, F|\n|poke|p1|Milotic, L50, M|\n|poke|p1|Tauros-Paldea-Blaze, L50, M|\n|poke|p1|Meowscarada, L50, F|\n|poke|p1|Whimsicott, L50, F|\n|poke|p1|Glalie, L50, M|\n|poke|p2|Incineroar, L50, M|\n|poke|p2|Sneasler, L50, F|\n|poke|p2|Whimsicott, L50, F|\n|poke|p2|Meowscarada, L50, F|\n|poke|p2|Rotom-Wash, L50|\n|poke|p2|Garchomp, L50, M|\n|teampreview|4\n|inactive|Battle timer is ON: inactive players will automatically lose when time's up. (requested by Sublamb)\n|\n|t:|1776157346\n|teamsize|p1|4\n|teamsize|p2|4\n|start\n|switch|p1a: Whimsicott|Whimsicott, L50, F|100/100\n|switch|p1b: Glalie|Glalie, L50, M|100/100\n|switch|p2a: Whimsicott|Whimsicott, L50, F|100/100\n|switch|p2b: Meowscarada|Meowscarada, L50, F|100/100\n|turn|1\n|inactive|Sublamb has 30 seconds left.\n|inactive|Sublamb has 20 seconds left.\n|inactive|Sublamb has 15 seconds left.\n|\n|t:|1776157386\n|detailschange|p1b: Glalie|Glalie-Mega, L50, M\n|-mega|p1b: Glalie|Glalie|Glalitite\n|move|p1a: Whimsicott|Tailwind|p1a: Whimsicott\n|-sidestart|p1: Sublamb|move: Tailwind\n|move|p2a: Whimsicott|Taunt|p1a: Whimsicott\n|-start|p1a: Whimsicott|move: Taunt\n|-enditem|p1a: Whimsicott|Mental Herb\n|-end|p1a: Whimsicott|move: Taunt\n|move|p1b: Glalie|Body Slam|p2a: Whimsicott\n|-supereffective|p2a: Whimsicott|1\n|-enditem|p2a: Whimsicott|Focus Sash\n|-damage|p2a: Whimsicott|1/100\n|-status|p2a: Whimsicott|par\n|move|p2b: Meowscarada|Triple Axel|p1a: Whimsicott\n|-start|p2b: Meowscarada|typechange|Ice|[from] ability: Protean\n|-supereffective|p1a: Whimsicott|1\n|-damage|p1a: Whimsicott|78/100\n|-supereffective|p1a: Whimsicott|1\n|-damage|p1a: Whimsicott|30/100\n|-supereffective|p1a: Whimsicott|1\n|-damage|p1a: Whimsicott|0 fnt\n|faint|p1a: Whimsicott\n|-hitcount|p1: Whimsicott|3\n|\n|upkeep\n|inactive|Sublamb has 30 seconds left.\n|inactive|Sublamb has 20 seconds left.\n|\n|t:|1776157422\n|switch|p1a: Tauros|Tauros-Paldea-Blaze, L50, M|100/100\n|turn|2\n|\n|t:|1776157437\n|switch|p2b: Rotom|Rotom-Wash, L50|100/100\n|move|p2a: Whimsicott|Tailwind|p2a: Whimsicott\n|-sidestart|p2: sodarist|move: Tailwind\n|move|p1b: Glalie|Body Slam|p2b: Rotom\n|-resisted|p2b: Rotom|1\n|-damage|p2b: Rotom|73/100\n|move|p1a: Tauros|Raging Bull|p2b: Rotom\n|-resisted|p2b: Rotom|1\n|-damage|p2b: Rotom|52/100\n|\n|-heal|p2b: Rotom|58/100|[from] item: Leftovers\n|upkeep\n|turn|3\n|inactive|Sublamb has 30 seconds left.\n|\n|t:|1776157464\n|move|p2a: Whimsicott|Protect|p2a: Whimsicott\n|-singleturn|p2a: Whimsicott|Protect\n|move|p1a: Tauros|Raging Bull|p2b: Rotom\n|-resisted|p2b: Rotom|1\n|-damage|p2b: Rotom|37/100\n|move|p1b: Glalie|Explosion|p2a: Whimsicott|[spread] p1a,p2b\n|-activate|p2a: Whimsicott|move: Protect\n|-resisted|p1a: Tauros|1\n|-resisted|p2b: Rotom|1\n|-damage|p1a: Tauros|43/100\n|-damage|p2b: Rotom|0 fnt\n|faint|p1b: Glalie\n|faint|p2b: Rotom\n|\n|upkeep\n|\n|t:|1776157476\n|switch|p1b: Meowscarada|Meowscarada, L50, F|100/100\n|switch|p2b: Sneasler|Sneasler, L50, F|100/100\n|turn|4\n|\n|t:|1776157494\n|move|p1b: Meowscarada|Flower Trick|p1a: Tauros\n|-resisted|p1a: Tauros|1\n|-crit|p1a: Tauros\n|-damage|p1a: Tauros|10/100\n|-setboost|p1a: Tauros|atk|6|[from] ability: Anger Point\n|move|p2b: Sneasler|Close Combat|p1b: Meowscarada\n|-supereffective|p1b: Meowscarada|1\n|-damage|p1b: Meowscarada|0 fnt\n|-unboost|p2b: Sneasler|def|1\n|-unboost|p2b: Sneasler|spd|1\n|faint|p1b: Meowscarada\n|-enditem|p2b: Sneasler|White Herb\n|-clearnegativeboost|p2b: Sneasler|[silent]\n|move|p1a: Tauros|Earthquake|p2b: Sneasler|[spread] p2a,p2b\n|-resisted|p2a: Whimsicott|1\n|-supereffective|p2b: Sneasler|1\n|-damage|p2a: Whimsicott|0 fnt\n|-damage|p2b: Sneasler|0 fnt\n|faint|p2a: Whimsicott\n|faint|p2b: Sneasler\n|-heal|p1a: Tauros|23/100|[from] item: Shell Bell|[of] p2: Sneasler\n|\n|-sideend|p1: Sublamb|move: Tailwind\n|upkeep\n|\n|t:|1776157513\n|switch|p2a: Meowscarada|Meowscarada, L50, F|100/100\n|turn|5\n|\n|t:|1776157530\n|move|p2a: Meowscarada|Knock Off|p1a: Tauros\n|-start|p2a: Meowscarada|typechange|Dark|[from] ability: Protean\n|-resisted|p1a: Tauros|1\n|-damage|p1a: Tauros|0 fnt\n|-enditem|p1a: Tauros|Shell Bell|[from] move: Knock Off|[of] p2a: Meowscarada\n|faint|p1a: Tauros\n|\n|win|sodarist\n|raw|Sublamb's rating: 1134 &rarr; <strong>1108</strong><br />(-26 for losing)\n|raw|sodarist's rating: 1117 &rarr; <strong>1143</strong><br />(+26 for winning)\n|l|\u2606Sublamb\n|player|p1|\n",
  "uploadtime": 1776157536,
  "views": 15,
  "formatid": "gen9championsvgc2026regma",
  "rating": 1108,
  "private": 0,
  "password": null
}