{
  "id": "gen9championsvgc2026regma-2585752813",
  "format": "[Gen 9 Champions] VGC 2026 Reg M-A",
  "players": [
    "Stogna Bologna",
    "nirosososos"
  ],
  "log": "|j|\u2606Stogna Bologna\n|j|\u2606nirosososos\n|t:|1776368179\n|gametype|doubles\n|player|p1|Stogna Bologna|steven|1136\n|player|p2|nirosososos|2|1075\n|gen|9\n|tier|[Gen 9 Champions] VGC 2026 Reg M-A\n|rated|\n|rule|Species Clause: Limit one of each Pok\u00e9mon\n|rule|Item Clause: Limit 1 of each item\n|clearpoke\n|poke|p1|Gengar, L50, F|\n|poke|p1|Incineroar, L50, M|\n|poke|p1|Aegislash, L50, F|\n|poke|p1|Gyarados, L50, F|\n|poke|p1|Whimsicott, L50, M|\n|poke|p1|Kingambit, L50, F|\n|poke|p2|Charizard, L50, M|\n|poke|p2|Whimsicott, L50, F|\n|poke|p2|Venusaur, L50, F|\n|poke|p2|Sneasler, L50, M|\n|poke|p2|Umbreon, L50, F|\n|poke|p2|Lycanroc-Dusk, L50, F|\n|teampreview|4\nStogna Bologna rejected open team sheets.\n|inactive|Battle timer is ON: inactive players will automatically lose when time's up. (requested by nirosososos)\n|\n|t:|1776368206\n|teamsize|p1|4\n|teamsize|p2|4\n|start\n|switch|p1a: Gengar|Gengar, L50, F|100/100\n|switch|p1b: Incineroar|Incineroar, L50, M|100/100\n|switch|p2a: Umbreon|Umbreon, L50, F|100/100\n|switch|p2b: Charizard|Charizard, L50, M|100/100\n|-ability|p1b: Incineroar|Intimidate|boost\n|-fail|p2a: Umbreon|unboost|Attack|[from] ability: Inner Focus|[of] p2a: Umbreon\n|-unboost|p2b: Charizard|atk|1\n|turn|1\n|\n|t:|1776368221\n|detailschange|p1a: Gengar|Gengar-Mega, L50, F\n|-mega|p1a: Gengar|Gengar|Gengarite\n|move|p1a: Gengar|Protect|p1a: Gengar\n|-singleturn|p1a: Gengar|Protect\n|move|p2b: Charizard|Protect|p2b: Charizard\n|-singleturn|p2b: Charizard|Protect\n|move|p1b: Incineroar|Parting Shot|p2b: Charizard\n|-activate|p2b: Charizard|move: Protect\n|move|p2a: Umbreon|Snarl|p1a: Gengar|[spread] p1b\n|-activate|p1a: Gengar|move: Protect\n|-resisted|p1b: Incineroar|1\n|-damage|p1b: Incineroar|97/100\n|-unboost|p1b: Incineroar|spa|1\n|\n|upkeep\n|turn|2\n|\n|t:|1776368244\n|detailschange|p2b: Charizard|Charizard-Mega-Y, L50, M\n|-mega|p2b: Charizard|Charizard|Charizardite Y\n|-weather|SunnyDay|[from] ability: Drought|[of] p2b: Charizard\n|move|p1a: Gengar|Substitute|p1a: Gengar\n|-start|p1a: Gengar|Substitute\n|-damage|p1a: Gengar|76/100\n|move|p2b: Charizard|Scorching Sands|p1a: Gengar\n|-supereffective|p1a: Gengar|1\n|-end|p1a: Gengar|Substitute\n|move|p1b: Incineroar|Parting Shot|p2b: Charizard\n|-unboost|p2b: Charizard|atk|1\n|-unboost|p2b: Charizard|spa|1\n|\n|t:|1776368256\n|switch|p1b: Whimsicott|Whimsicott, L50, M|100/100|[from] Parting Shot\n|move|p2a: Umbreon|Snarl|p1b: Whimsicott|[spread] p1a,p1b\n|-supereffective|p1a: Gengar|1\n|-resisted|p1b: Whimsicott|1\n|-damage|p1a: Gengar|49/100\n|-damage|p1b: Whimsicott|94/100\n|-unboost|p1a: Gengar|spa|1\n|-unboost|p1b: Whimsicott|spa|1\n|\n|-weather|SunnyDay|[upkeep]\n|upkeep\n|turn|3\n|\n|t:|1776368269\n|move|p1b: Whimsicott|Protect|p1b: Whimsicott\n|-singleturn|p1b: Whimsicott|Protect\n|move|p2a: Umbreon|Helping Hand|p2b: Charizard\n|-singleturn|p2b: Charizard|Helping Hand|[of] p2a: Umbreon\n|move|p1a: Gengar|Protect|p1a: Gengar\n|-singleturn|p1a: Gengar|Protect\n|move|p2b: Charizard|Heat Wave|p1b: Whimsicott|[spread] \n|-activate|p1a: Gengar|move: Protect\n|-activate|p1b: Whimsicott|move: Protect\n|\n|-weather|SunnyDay|[upkeep]\n|upkeep\n|turn|4\n|\n|t:|1776368285\n|switch|p1a: Incineroar|Incineroar, L50, M|97/100\n|-ability|p1a: Incineroar|Intimidate|boost\n|-fail|p2a: Umbreon|unboost|Attack|[from] ability: Inner Focus|[of] p2a: Umbreon\n|-unboost|p2b: Charizard|atk|1\n|switch|p1b: Gyarados|Gyarados, L50, F|100/100\n|-ability|p1b: Gyarados|Intimidate|boost\n|-fail|p2a: Umbreon|unboost|Attack|[from] ability: Inner Focus|[of] p2a: Umbreon\n|-unboost|p2b: Charizard|atk|1\n|move|p2a: Umbreon|Helping Hand|p2b: Charizard\n|-singleturn|p2b: Charizard|Helping Hand|[of] p2a: Umbreon\n|move|p2b: Charizard|Heat Wave|p1b: Gyarados|[spread] p1a,p1b\n|-resisted|p1a: Incineroar|1\n|-resisted|p1b: Gyarados|1\n|-damage|p1a: Incineroar|65/100\n|-damage|p1b: Gyarados|68/100\n|\n|-weather|SunnyDay|[upkeep]\n|upkeep\n|turn|5\n|\n|t:|1776368305\n|switch|p1b: Whimsicott|Whimsicott, L50, M|94/100\n|move|p2b: Charizard|Protect|p2b: Charizard\n|-singleturn|p2b: Charizard|Protect\n|move|p1a: Incineroar|Fake Out|p2b: Charizard\n|-activate|p2b: Charizard|move: Protect\n|move|p2a: Umbreon|Foul Play|p1b: Whimsicott\n|-resisted|p1b: Whimsicott|1\n|-damage|p1b: Whimsicott|77/100\n|\n|-weather|SunnyDay|[upkeep]\n|upkeep\n|turn|6\n|inactive|nirosososos has 30 seconds left.\n|\n|t:|1776368333\n|switch|p2b: Venusaur|Venusaur, L50, F|100/100\n|move|p1b: Whimsicott|Encore||[still]\n|-fail|p1b: Whimsicott\n|move|p1a: Incineroar|Parting Shot|p2b: Venusaur\n|-unboost|p2b: Venusaur|atk|1\n|-unboost|p2b: Venusaur|spa|1\n|\n|t:|1776368340\n|switch|p1a: Gengar|Gengar-Mega, L50, F|49/100|[from] Parting Shot\n|move|p2a: Umbreon|Foul Play|p1a: Gengar\n|-supereffective|p1a: Gengar|1\n|-damage|p1a: Gengar|0 fnt\n|faint|p1a: Gengar\n|\n|-weather|none\n|upkeep\n|-message|Stogna Bologna forfeited.\n|\n|win|nirosososos\n|raw|Stogna Bologna's rating: 1136 &rarr; <strong>1107</strong><br />(-29 for losing)\n|raw|nirosososos's rating: 1075 &rarr; <strong>1109</strong><br />(+34 for winning)\n|l|\u2606Stogna Bologna\n|player|p1|\n",
  "uploadtime": 1776368355,
  "views": 19,
  "formatid": "gen9championsvgc2026regma",
  "rating": 1107,
  "private": 0,
  "password": null
}