{
  "id": "gen9championsvgc2026regma-2583295710",
  "format": "[Gen 9 Champions] VGC 2026 Reg M-A",
  "players": [
    "Legosaman",
    "Martin_Alcachofita"
  ],
  "log": "|j|\u2606Legosaman\n|j|\u2606Martin_Alcachofita\n|t:|1776164219\n|gametype|doubles\n|player|p1|Legosaman|veteran|1138\n|player|p2|Martin_Alcachofita|roxie|1050\n|gen|9\n|tier|[Gen 9 Champions] VGC 2026 Reg M-A\n|rated|\n|rule|Species Clause: Limit one of each Pok\u00e9mon\n|rule|Item Clause: Limit 1 of each item\n|clearpoke\n|poke|p1|Primarina, L50, M|\n|poke|p1|Incineroar, L50, F|\n|poke|p1|Sinistcha, L50|\n|poke|p1|Sneasler, L50, M|\n|poke|p1|Corviknight, L50, M|\n|poke|p1|Tyranitar, L50, F|\n|poke|p2|Espathra, L50, F|\n|poke|p2|Charizard, L50, M|\n|poke|p2|Garchomp, L50, M|\n|poke|p2|Sableye, L50, F|\n|poke|p2|Milotic, L50, F|\n|poke|p2|Gardevoir, L50, F|\n|teampreview|4\n|inactive|Battle timer is ON: inactive players will automatically lose when time's up. (requested by Legosaman)\n|inactive|Martin_Alcachofita has 60 seconds left.\n|\n|t:|1776164253\n|teamsize|p1|4\n|teamsize|p2|4\n|start\n|switch|p1a: Primarina|Primarina, L50, M|100/100\n|switch|p1b: Sneasler|Sneasler, L50, M|100/100\n|switch|p2a: kurwa|Sableye, L50, F, shiny|100/100\n|switch|p2b: Charizard|Charizard, L50, M, shiny|100/100\n|turn|1\n|\n|t:|1776164276\n|switch|p2b: daga|Milotic, L50, F, shiny|100/100\n|move|p1b: Sneasler|Fake Out|p2b: daga\n|-damage|p2b: daga|88/100\n|move|p1a: Primarina|Calm Mind|p1a: Primarina\n|-boost|p1a: Primarina|spa|1\n|-boost|p1a: Primarina|spd|1\n|move|p2a: kurwa|Gravity|p2a: kurwa\n|-fieldstart|move: Gravity\n|\n|upkeep\n|turn|2\n|\n|t:|1776164300\n|move|p1b: Sneasler|Dire Claw|p2b: daga\n|-damage|p2b: daga|48/100\n|-enditem|p2b: daga|Sitrus Berry|[eat]\n|-heal|p2b: daga|72/100|[from] item: Sitrus Berry\n|move|p2b: daga|Hypnosis|p1a: Primarina\n|-status|p1a: Primarina|slp|[from] move: Hypnosis\n|cant|p1a: Primarina|slp\n|move|p2a: kurwa|Foul Play|p1b: Sneasler\n|-resisted|p1b: Sneasler|1\n|-damage|p1b: Sneasler|57/100\n|\n|upkeep\n|turn|3\n|inactive|Martin_Alcachofita has 30 seconds left.\n|\n|t:|1776164330\n|move|p1b: Sneasler|Protect|p1b: Sneasler\n|-singleturn|p1b: Sneasler|Protect\n|move|p2b: daga|Protect|p2b: daga\n|-singleturn|p2b: daga|Protect\n|cant|p1a: Primarina|slp\n|move|p2a: kurwa|Foul Play|p1b: Sneasler\n|-activate|p1b: Sneasler|move: Protect\n|\n|upkeep\n|turn|4\n|\n|t:|1776164349\n|switch|p1b: Sinistcha|Sinistcha, L50|100/100\n|move|p2b: daga|Hypnosis|p1b: Sinistcha\n|-status|p1b: Sinistcha|slp|[from] move: Hypnosis\n|-curestatus|p1a: Primarina|slp|[msg]\n|move|p1a: Primarina|Moonblast|p2a: kurwa\n|-supereffective|p2a: kurwa|1\n|-enditem|p2a: kurwa|Roseli Berry|[eat]\n|-enditem|p2a: kurwa|Roseli Berry|[weaken]\n|-damage|p2a: kurwa|8/100\n|move|p2a: kurwa|Foul Play|p1b: Sinistcha\n|-supereffective|p1b: Sinistcha|1\n|-damage|p1b: Sinistcha|63/100 slp\n|\n|upkeep\n|turn|5\n|inactive|Legosaman has 30 seconds left.\n|inactive|Legosaman has 20 seconds left.\n|\n|t:|1776164388\n|switch|p1b: Tyranitar|Tyranitar, L50, F|100/100\n|-weather|Sandstorm|[from] ability: Sand Stream|[of] p1b: Tyranitar\n|switch|p2a: Charizard|Charizard, L50, M, shiny|100/100\n|move|p2b: daga|Hypnosis|p1a: Primarina\n|-status|p1a: Primarina|slp|[from] move: Hypnosis\n|cant|p1a: Primarina|slp\n|\n|-weather|Sandstorm|[upkeep]\n|-damage|p2a: Charizard|94/100|[from] Sandstorm\n|-damage|p2b: daga|66/100|[from] Sandstorm\n|-damage|p1a: Primarina|94/100 slp|[from] Sandstorm\n|-heal|p1a: Primarina|100/100 slp|[from] item: Leftovers\n|-fieldend|move: Gravity\n|upkeep\n|turn|6\n|inactive|Martin_Alcachofita has 30 seconds left.\n|inactive|Martin_Alcachofita has 20 seconds left.\n|inactive|Martin_Alcachofita has 15 seconds left.\n|inactive|Martin_Alcachofita has 10 seconds left.\n|inactive|Martin_Alcachofita has 5 seconds left.\n|\n|t:|1776164439\n|detailschange|p2a: Charizard|Charizard-Mega-Y, L50, M, shiny\n|-mega|p2a: Charizard|Charizard|Charizardite Y\n|-weather|SunnyDay|[from] ability: Drought|[of] p2a: Charizard\n|move|p1b: Tyranitar|Protect|p1b: Tyranitar\n|-singleturn|p1b: Tyranitar|Protect\n|move|p2a: Charizard|Solar Beam||[still]\n|-prepare|p2a: Charizard|Solar Beam\n|-anim|p2a: Charizard|Solar Beam|p1a: Primarina\n|-supereffective|p1a: Primarina|1\n|-damage|p1a: Primarina|46/100 slp\n|move|p2b: daga|Hypnosis|p1b: Tyranitar\n|-activate|p1b: Tyranitar|move: Protect\n|-curestatus|p1a: Primarina|slp|[msg]\n|move|p1a: Primarina|Moonblast|p2b: daga\n|-damage|p2b: daga|8/100\n|\n|-weather|SunnyDay|[upkeep]\n|-heal|p1a: Primarina|52/100|[from] item: Leftovers\n|upkeep\n|turn|7\n|inactive|Martin_Alcachofita has 30 seconds left.\n|\n|t:|1776164467\n|detailschange|p1b: Tyranitar|Tyranitar-Mega, L50, F\n|-mega|p1b: Tyranitar|Tyranitar|Tyranitarite\n|-weather|Sandstorm|[from] ability: Sand Stream|[of] p1b: Tyranitar\n|move|p2a: Charizard|Solar Beam||[still]\n|-prepare|p2a: Charizard|Solar Beam\n|move|p2b: daga|Hypnosis|p1b: Tyranitar|[miss]\n|-miss|p2b: daga|p1b: Tyranitar\n|move|p1b: Tyranitar|Rock Slide|p2b: daga|[spread] p2a,p2b\n|-supereffective|p2a: Charizard|2\n|-damage|p2a: Charizard|0 fnt\n|-damage|p2b: daga|0 fnt\n|faint|p2a: Charizard\n|faint|p2b: daga\n|move|p1a: Primarina|Hyper Voice|p2: Charizard|[notarget]\n|-fail|p1a: Primarina\n|\n|-weather|Sandstorm|[upkeep]\n|-damage|p1a: Primarina|46/100|[from] Sandstorm\n|-heal|p1a: Primarina|52/100|[from] item: Leftovers\n|upkeep\n|\n|t:|1776164474\n|switch|p2a: Garchomp|Garchomp, L50, M, shiny|100/100\n|switch|p2b: kurwa|Sableye, L50, F, shiny|8/100\n|turn|8\n|inactive|Legosaman has 30 seconds left.\n|\n|t:|1776164499\n|switch|p1b: Sinistcha|Sinistcha, L50|63/100 slp\n|-heal|p1a: Primarina|77/100|[from] ability: Hospitality|[of] p1b: Sinistcha\n|move|p2b: kurwa|Fake Out|p1a: Primarina\n|-damage|p1a: Primarina|67/100\n|move|p2a: Garchomp|Earthquake|p1b: Sinistcha|[spread] p2b,p1a,p1b\n|-resisted|p1b: Sinistcha|1\n|-damage|p2b: kurwa|0 fnt\n|-damage|p1a: Primarina|14/100\n|-damage|p1b: Sinistcha|48/100 slp\n|faint|p2b: kurwa\n|cant|p1a: Primarina|flinch\n|\n|-weather|Sandstorm|[upkeep]\n|-damage|p1a: Primarina|8/100|[from] Sandstorm\n|-damage|p1b: Sinistcha|42/100 slp|[from] Sandstorm\n|-heal|p1a: Primarina|14/100|[from] item: Leftovers\n|upkeep\n|turn|9\n|\n|t:|1776164520\n|move|p1a: Primarina|Protect|p1a: Primarina\n|-singleturn|p1a: Primarina|Protect\n|move|p2a: Garchomp|Earthquake|p1b: Sinistcha|[spread] p1b\n|-activate|p1a: Primarina|move: Protect\n|-resisted|p1b: Sinistcha|1\n|-damage|p1b: Sinistcha|26/100 slp\n|cant|p1b: Sinistcha|slp\n|\n|-weather|Sandstorm|[upkeep]\n|-damage|p1a: Primarina|8/100|[from] Sandstorm\n|-damage|p1b: Sinistcha|20/100 slp|[from] Sandstorm\n|-heal|p1a: Primarina|14/100|[from] item: Leftovers\n|upkeep\n|turn|10\n|\n|t:|1776164536\n|switch|p1a: Tyranitar|Tyranitar-Mega, L50, F|100/100\n|move|p2a: Garchomp|Earthquake|p1b: Sinistcha|[spread] p1a,p1b\n|-supereffective|p1a: Tyranitar|1\n|-resisted|p1b: Sinistcha|1\n|-damage|p1a: Tyranitar|59/100\n|-damage|p1b: Sinistcha|2/100 slp\n|cant|p1b: Sinistcha|slp\n|\n|-weather|Sandstorm|[upkeep]\n|-damage|p1b: Sinistcha|0 fnt|[from] Sandstorm\n|faint|p1b: Sinistcha\n|upkeep\n|\n|t:|1776164548\n|switch|p1b: Sneasler|Sneasler, L50, M|57/100\n|turn|11\n|\n|t:|1776164561\n|move|p2a: Garchomp|Protect|p2a: Garchomp\n|-singleturn|p2a: Garchomp|Protect\n|move|p1b: Sneasler|Fake Out|p2a: Garchomp\n|-activate|p2a: Garchomp|move: Protect\n|move|p1a: Tyranitar|Knock Off|p2a: Garchomp\n|-activate|p2a: Garchomp|move: Protect\n|\n|-weather|none\n|upkeep\n|turn|12\n|\n|t:|1776164573\n|move|p1b: Sneasler|Dire Claw|p2a: Garchomp\n|-resisted|p2a: Garchomp|1\n|-damage|p2a: Garchomp|82/100\n|move|p2a: Garchomp|Earthquake|p1a: Tyranitar|[spread] p1a,p1b\n|-supereffective|p1a: Tyranitar|1\n|-supereffective|p1b: Sneasler|1\n|-damage|p1a: Tyranitar|17/100\n|-damage|p1b: Sneasler|0 fnt\n|faint|p1b: Sneasler\n|move|p1a: Tyranitar|Knock Off|p2a: Garchomp\n|-damage|p2a: Garchomp|25/100\n|-enditem|p2a: Garchomp|White Herb|[from] move: Knock Off|[of] p1a: Tyranitar\n|\n|upkeep\n|\n|t:|1776164585\n|switch|p1b: Primarina|Primarina, L50, M|14/100\n|turn|13\n|\n|t:|1776164590\n|move|p2a: Garchomp|Earthquake|p1b: Primarina|[spread] p1a,p1b\n|-supereffective|p1a: Tyranitar|1\n|-damage|p1a: Tyranitar|0 fnt\n|-damage|p1b: Primarina|0 fnt\n|faint|p1a: Tyranitar\n|faint|p1b: Primarina\n|\n|win|Martin_Alcachofita\n|raw|Legosaman's rating: 1138 &rarr; <strong>1107</strong><br />(-31 for losing)\n|raw|Martin_Alcachofita's rating: 1050 &rarr; <strong>1091</strong><br />(+41 for winning)\n|l|\u2606Legosaman\n|player|p1|\n",
  "uploadtime": 1776164601,
  "views": 19,
  "formatid": "gen9championsvgc2026regma",
  "rating": 1091,
  "private": 0,
  "password": null
}