{
  "id": "gen9championsvgc2026regma-2580429615",
  "format": "[Gen 9 Champions] VGC 2026 Reg M-A",
  "players": [
    "zakate1",
    "FearZero"
  ],
  "log": "|j|\u2606zakate1\n|j|\u2606FearZero\n|t:|1775895248\n|gametype|doubles\n|player|p1|zakate1|2|1104\n|player|p2|FearZero|170|1072\n|gen|9\n|tier|[Gen 9 Champions] VGC 2026 Reg M-A\n|rated|\n|rule|Species Clause: Limit one of each Pok\u00e9mon\n|rule|Item Clause: Limit 1 of each item\n|clearpoke\n|poke|p1|Sneasler, L50, M|\n|poke|p1|Dragonite, L50, M|\n|poke|p1|Basculegion, L50, M|\n|poke|p1|Kingambit, L50, M|\n|poke|p1|Clefable, L50, M|\n|poke|p1|Delphox, L50, F|\n|poke|p2|Rotom-Wash, L50|\n|poke|p2|Sinistcha, L50|\n|poke|p2|Gallade, L50, M|\n|poke|p2|Garchomp, L50, F|\n|poke|p2|Tyranitar, L50, F|\n|poke|p2|Arcanine-Hisui, L50, F|\n|teampreview|4\n|j| SaturnZelda\n|inactive|Battle timer is ON: inactive players will automatically lose when time's up. (requested by FearZero)\n|\n|t:|1775895313\n|teamsize|p1|4\n|teamsize|p2|4\n|start\n|switch|p1a: Delphox|Delphox, L50, F|100/100\n|switch|p1b: Basculegion|Basculegion, L50, M|100/100\n|switch|p2a: Gallade|Gallade, L50, M|100/100\n|switch|p2b: Rotom|Rotom-Wash, L50|100/100\n|turn|1\n|\n|t:|1775895335\n|detailschange|p1a: Delphox|Delphox-Mega, L50, F\n|-mega|p1a: Delphox|Delphox|Delphoxite\n|move|p1b: Basculegion|Flip Turn|p2a: Gallade\n|-crit|p2a: Gallade\n|-damage|p2a: Gallade|15/100\n|\n|t:|1775895345\n|switch|p1b: Kingambit|Kingambit, L50, M|100/100|[from] Flip Turn\n|move|p1a: Delphox|Substitute|p1a: Delphox\n|-start|p1a: Delphox|Substitute\n|-damage|p1a: Delphox|75/100\n|move|p2b: Rotom|Volt Switch|p1b: Kingambit\n|-damage|p1b: Kingambit|70/100\n|\n|t:|1775895357\n|switch|p2b: Garchomp|Garchomp, L50, F|100/100|[from] Volt Switch\n|move|p2a: Gallade|Shadow Claw|p1a: Delphox\n|-supereffective|p1a: Delphox|1\n|-end|p1a: Delphox|Substitute\n|\n|upkeep\n|turn|2\n|inactive|zakate1 has 30 seconds left.\n|inactive|FearZero has 30 seconds left.\n|\n|t:|1775895389\n|switch|p1b: Basculegion|Basculegion, L50, M|100/100\n|move|p2a: Gallade|Protect|p2a: Gallade\n|-singleturn|p2a: Gallade|Protect\n|move|p1a: Delphox|Psychic|p2b: Garchomp\n|-damage|p2b: Garchomp|37/100\n|move|p2b: Garchomp|Stomping Tantrum|p1b: Basculegion\n|-damage|p1b: Basculegion|43/100\n|\n|upkeep\n|turn|3\n|inactive|zakate1 has 30 seconds left.\n|inactive|FearZero has 30 seconds left.\n|\n|t:|1775895423\n|switch|p2a: Rotom|Rotom-Wash, L50|100/100\n|move|p2b: Garchomp|Protect|p2b: Garchomp\n|-singleturn|p2b: Garchomp|Protect\n|move|p1b: Basculegion|Flip Turn|p2a: Rotom\n|-resisted|p2a: Rotom|1\n|-damage|p2a: Rotom|80/100\n|\n|t:|1775895433\n|switch|p1b: Kingambit|Kingambit, L50, M|70/100|[from] Flip Turn\n|move|p1a: Delphox|Psychic|p2b: Garchomp\n|-activate|p2b: Garchomp|move: Protect\n|\n|-heal|p2a: Rotom|86/100|[from] item: Leftovers\n|upkeep\n|turn|4\n|inactive|zakate1 has 30 seconds left.\n|\n|t:|1775895463\n|switch|p2b: Tyranitar|Tyranitar, L50, F|100/100\n|-weather|Sandstorm|[from] ability: Sand Stream|[of] p2b: Tyranitar\n|move|p1b: Kingambit|Protect|p1b: Kingambit\n|-singleturn|p1b: Kingambit|Protect\n|move|p1a: Delphox|Psychic|p2b: Tyranitar\n|-immune|p2b: Tyranitar\n|move|p2a: Rotom|Hydro Pump|p1a: Delphox\n|-supereffective|p1a: Delphox|1\n|-damage|p1a: Delphox|0 fnt\n|faint|p1a: Delphox\n|\n|-weather|Sandstorm|[upkeep]\n|-damage|p2a: Rotom|80/100|[from] Sandstorm\n|-heal|p2a: Rotom|86/100|[from] item: Leftovers\n|upkeep\n|\n|t:|1775895469\n|switch|p1a: Basculegion|Basculegion, L50, M|43/100\n|turn|5\n|c|\u2606FearZero|aight\n|\n|t:|1775895484\n|move|p2b: Tyranitar|Protect|p2b: Tyranitar\n|-singleturn|p2b: Tyranitar|Protect\n|move|p1a: Basculegion|Wave Crash|p2b: Tyranitar\n|-activate|p2b: Tyranitar|move: Protect\n|move|p2a: Rotom|Will-O-Wisp|p1b: Kingambit\n|-status|p1b: Kingambit|brn\n|move|p1b: Kingambit|Swords Dance|p1b: Kingambit\n|-boost|p1b: Kingambit|atk|2\n|\n|-weather|Sandstorm|[upkeep]\n|-damage|p1a: Basculegion|37/100|[from] Sandstorm\n|-damage|p2a: Rotom|80/100|[from] Sandstorm\n|-heal|p2a: Rotom|86/100|[from] item: Leftovers\n|-damage|p1b: Kingambit|64/100 brn|[from] brn\n|upkeep\n|turn|6\n|\n|t:|1775895500\n|switch|p2b: Gallade|Gallade, L50, M|15/100\n|move|p1b: Kingambit|Sucker Punch|p2a: Rotom\n|-damage|p2a: Rotom|33/100\n|move|p1a: Basculegion|Wave Crash|p2b: Gallade\n|-damage|p2b: Gallade|0 fnt\n|faint|p2b: Gallade\n|-damage|p1a: Basculegion|32/100|[from] Recoil\n|move|p2a: Rotom|Volt Switch|p1a: Basculegion\n|-supereffective|p1a: Basculegion|1\n|-damage|p1a: Basculegion|0 fnt\n|faint|p1a: Basculegion\n|\n|t:|1775895514\n|switch|p2a: Garchomp|Garchomp, L50, F|37/100|[from] Volt Switch\n|\n|-weather|Sandstorm|[upkeep]\n|-damage|p1b: Kingambit|58/100 brn|[from] brn\n|upkeep\n|\n|t:|1775895519\n|switch|p1a: Dragonite|Dragonite, L50, M|100/100\n|switch|p2b: Tyranitar|Tyranitar, L50, F|100/100\n|turn|7\n|\n|t:|1775895531\n|detailschange|p2b: Tyranitar|Tyranitar-Mega, L50, F\n|-mega|p2b: Tyranitar|Tyranitar|Tyranitarite\n|move|p2a: Garchomp|Stomping Tantrum|p1b: Kingambit\n|-supereffective|p1b: Kingambit|1\n|-damage|p1b: Kingambit|0 fnt\n|faint|p1b: Kingambit\n|move|p1a: Dragonite|Ice Beam|p2a: Garchomp\n|-supereffective|p2a: Garchomp|2\n|-enditem|p2a: Garchomp|Yache Berry|[eat]\n|-enditem|p2a: Garchomp|Yache Berry|[weaken]\n|-damage|p2a: Garchomp|0 fnt\n|faint|p2a: Garchomp\n|move|p2b: Tyranitar|Rock Slide|p1a: Dragonite\n|-supereffective|p1a: Dragonite|1\n|-damage|p1a: Dragonite|52/100\n|\n|-weather|Sandstorm|[upkeep]\n|-damage|p1a: Dragonite|46/100|[from] Sandstorm\n|upkeep\n|-message|zakate1 forfeited.\n|\n|win|FearZero\n|raw|zakate1's rating: 1104 &rarr; <strong>1077</strong><br />(-27 for losing)\n|raw|FearZero's rating: 1072 &rarr; <strong>1104</strong><br />(+32 for winning)\n|l|\u2606zakate1\n|player|p1|\n",
  "uploadtime": 1775895548,
  "views": 29,
  "formatid": "gen9championsvgc2026regma",
  "rating": 1077,
  "private": 0,
  "password": null
}