{
  "id": "gen9championsvgc2026regma-2587670313",
  "format": "[Gen 9 Champions] VGC 2026 Reg M-A",
  "players": [
    "MrMythicorn",
    "Lleir"
  ],
  "log": "|j|\u2606MrMythicorn\n|j|\u2606Lleir\n|t:|1776552269\n|gametype|doubles\n|player|p1|MrMythicorn|shauna-masters|1123\n|player|p2|Lleir|266|1179\n|gen|9\n|tier|[Gen 9 Champions] VGC 2026 Reg M-A\n|rated|\n|rule|Species Clause: Limit one of each Pok\u00e9mon\n|rule|Item Clause: Limit 1 of each item\n|clearpoke\n|poke|p1|Drampa, L50, M, shiny|\n|poke|p1|Mimikyu, L50, F, shiny|\n|poke|p1|Pelipper, L50, M|\n|poke|p1|Sharpedo, L50, M, shiny|\n|poke|p1|Incineroar, L50, M|\n|poke|p1|Slowking-Galar, L50, M, shiny|\n|poke|p2|Alakazam, L50, F, shiny|\n|poke|p2|Aerodactyl, L50, F|\n|poke|p2|Incineroar, L50, M|\n|poke|p2|Milotic, L50, M|\n|poke|p2|Tsareena, L50, F|\n|poke|p2|Kommo-o, L50, F|\n|teampreview|4\n|inactive|Battle timer is ON: inactive players will automatically lose when time's up. (requested by MrMythicorn)\n|inactive|Lleir has 60 seconds left.\n|\n|t:|1776552301\n|teamsize|p1|4\n|teamsize|p2|4\n|start\n|switch|p1a: Unction|Drampa, L50, M, shiny|100/100\n|switch|p1b: Miffy|Mimikyu, L50, F, shiny|100/100\n|switch|p2a: Aerodactyl|Aerodactyl, L50, F|100/100\n|switch|p2b: Milotic|Milotic, L50, M|100/100\n|-ability|p2a: Aerodactyl|Unnerve\n|-ability|p1a: Unction|Cloud Nine\n|turn|1\n|\n|t:|1776552321\n|detailschange|p1a: Unction|Drampa-Mega, L50, M, shiny\n|-mega|p1a: Unction|Drampa|Drampanite\n|move|p2a: Aerodactyl|Tailwind|p2a: Aerodactyl\n|-sidestart|p2: Lleir|move: Tailwind\n|move|p2b: Milotic|Icy Wind|p1b: Miffy|[spread] p1b\n|-miss|p2b: Milotic|p1a: Unction\n|-activate|p1b: Miffy|ability: Disguise\n|-damage|p1b: Miffy|100/100\n|-unboost|p1b: Miffy|spe|1\n|detailschange|p1b: Miffy|Mimikyu-Busted, L50, F, shiny\n|-damage|p1b: Miffy|88/100|[from] pokemon: Mimikyu-Busted\n|move|p1a: Unction|Calm Mind|p1a: Unction\n|-boost|p1a: Unction|spa|1\n|-boost|p1a: Unction|spd|1\n|move|p1b: Miffy|Trick Room|p1b: Miffy\n|-fieldstart|move: Trick Room|[of] p1b: Miffy\n|\n|upkeep\n|turn|2\n|\n|t:|1776552343\n|switch|p1b: Bowlmouth|Pelipper, L50, M|100/100\n|-weather|RainDance|[from] ability: Drizzle|[of] p1b: Bowlmouth\n|move|p1a: Unction|Hurricane|p2b: Milotic\n|-damage|p2b: Milotic|50/100\n|-enditem|p2b: Milotic|Sitrus Berry|[eat]\n|-heal|p2b: Milotic|75/100|[from] item: Sitrus Berry\n|move|p2b: Milotic|Scald|p1a: Unction\n|-resisted|p1a: Unction|1\n|-damage|p1a: Unction|88/100\n|move|p2a: Aerodactyl|Rock Slide|p1a: Unction|[spread] p1a,p1b\n|-supereffective|p1b: Bowlmouth|1\n|-damage|p1a: Unction|68/100\n|-damage|p1b: Bowlmouth|42/100\n|\n|-weather|RainDance|[upkeep]\n|upkeep\n|turn|3\n|inactive|Lleir has 30 seconds left.\n|\n|t:|1776552371\n|move|p2b: Milotic|Protect|p2b: Milotic\n|-singleturn|p2b: Milotic|Protect\n|move|p2a: Aerodactyl|Protect|p2a: Aerodactyl\n|-singleturn|p2a: Aerodactyl|Protect\n|move|p1a: Unction|Hurricane|p2b: Milotic\n|-activate|p2b: Milotic|move: Protect\n|move|p1b: Bowlmouth|Weather Ball|p2a: Aerodactyl\n|-activate|p2a: Aerodactyl|move: Protect\n|\n|-weather|RainDance|[upkeep]\n|upkeep\n|turn|4\n|\n|t:|1776552394\n|switch|p2a: Tsareena|Tsareena, L50, F|100/100\n|move|p1a: Unction|Calm Mind|p1a: Unction\n|-boost|p1a: Unction|spa|1\n|-boost|p1a: Unction|spd|1\n|move|p1b: Bowlmouth|Weather Ball|p2a: Tsareena\n|-resisted|p2a: Tsareena|1\n|-damage|p2a: Tsareena|63/100\n|move|p2b: Milotic|Recover|p2b: Milotic\n|-heal|p2b: Milotic|100/100\n|\n|-weather|RainDance|[upkeep]\n|-sideend|p2: Lleir|move: Tailwind\n|upkeep\n|turn|5\n|inactive|MrMythicorn has 30 seconds left.\n|\n|t:|1776552425\n|switch|p1b: Miffy|Mimikyu-Busted, L50, F, shiny|88/100\n|move|p2a: Tsareena|Protect|p2a: Tsareena\n|-singleturn|p2a: Tsareena|Protect\n|move|p1a: Unction|Calm Mind|p1a: Unction\n|-boost|p1a: Unction|spa|1\n|-boost|p1a: Unction|spd|1\n|move|p2b: Milotic|Icy Wind|p1b: Miffy|[spread] p1a,p1b\n|-supereffective|p1a: Unction|1\n|-damage|p1a: Unction|60/100\n|-damage|p1b: Miffy|76/100\n|-unboost|p1a: Unction|spe|1\n|-unboost|p1b: Miffy|spe|1\n|\n|-weather|RainDance|[upkeep]\n|-fieldend|move: Trick Room\n|upkeep\n|turn|6\n|inactive|Lleir has 30 seconds left.\n|\n|t:|1776552454\n|move|p2a: Tsareena|Triple Axel|p1a: Unction|[miss]\n|-miss|p2a: Tsareena|p1a: Unction\n|move|p2b: Milotic|Scald|p1b: Miffy\n|-damage|p1b: Miffy|30/100\n|move|p1a: Unction|Hyper Voice|p2a: Tsareena|[spread] p2a,p2b\n|-crit|p2b: Milotic\n|-damage|p2a: Tsareena|0 fnt\n|-damage|p2b: Milotic|0 fnt\n|faint|p2a: Tsareena\n|faint|p2b: Milotic\n|move|p1b: Miffy|Trick Room|p1b: Miffy\n|-fieldstart|move: Trick Room|[of] p1b: Miffy\n|\n|-weather|none\n|upkeep\n|\n|t:|1776552465\n|switch|p2b: Alakazam|Alakazam, L50, F, shiny|100/100\n|switch|p2a: Aerodactyl|Aerodactyl, L50, F|100/100\n|-ability|p2a: Aerodactyl|Unnerve\n|turn|7\n|\n|t:|1776552478\n|detailschange|p2b: Alakazam|Alakazam-Mega, L50, F, shiny\n|-mega|p2b: Alakazam|Alakazam|Alakazite\n|-ability|p2b: Alakazam|Berserk|Trace|[from] ability: Trace|[of] p1a: Unction\n|move|p1a: Unction|Hyper Voice|p2b: Alakazam|[spread] p2a,p2b\n|-resisted|p2a: Aerodactyl|1\n|-damage|p2a: Aerodactyl|26/100\n|-damage|p2b: Alakazam|0 fnt\n|faint|p2b: Alakazam\n|move|p1b: Miffy|Drain Punch|p2a: Aerodactyl\n|-damage|p2a: Aerodactyl|0 fnt\n|-heal|p1b: Miffy|44/100|[from] drain|[of] p2a: Aerodactyl\n|faint|p2a: Aerodactyl\n|\n|win|MrMythicorn\n|raw|MrMythicorn's rating: 1123 &rarr; <strong>1152</strong><br />(+29 for winning)\n|raw|Lleir's rating: 1179 &rarr; <strong>1150</strong><br />(-29 for losing)\n|l|\u2606Lleir\n|player|p2|\n",
  "uploadtime": 1776552488,
  "views": 13,
  "formatid": "gen9championsvgc2026regma",
  "rating": 1150,
  "private": 0,
  "password": null
}