{
  "id": "gen9championsvgc2026regma-2583274684",
  "format": "[Gen 9 Champions] VGC 2026 Reg M-A",
  "players": [
    "soulo333",
    "ronjansje"
  ],
  "log": "|j|\u2606soulo333\n|j|\u2606ronjansje\n|t:|1776162084\n|gametype|doubles\n|player|p1|soulo333|101|1096\n|player|p2|ronjansje|ninjaboy|1138\n|gen|9\n|tier|[Gen 9 Champions] VGC 2026 Reg M-A\n|rated|\n|rule|Species Clause: Limit one of each Pok\u00e9mon\n|rule|Item Clause: Limit 1 of each item\n|clearpoke\n|poke|p1|Charizard, L50, M|\n|poke|p1|Sneasler, L50, M|\n|poke|p1|Sinistcha, L50|\n|poke|p1|Incineroar, L50, F|\n|poke|p1|Milotic, L50, F|\n|poke|p1|Tyranitar, L50, F|\n|poke|p2|Golurk, L50|\n|poke|p2|Farigiraf, L50, M|\n|poke|p2|Incineroar, L50, F|\n|poke|p2|Torkoal, L50, F|\n|poke|p2|Sneasler, L50, M|\n|poke|p2|Venusaur, L50, F|\n|teampreview|4\n|inactive|Battle timer is ON: inactive players will automatically lose when time's up. (requested by ronjansje)\nronjansje rejected open team sheets.\n|\n|t:|1776162113\n|teamsize|p1|4\n|teamsize|p2|4\n|start\n|switch|p1a: Milotic|Milotic, L50, F|100/100\n|switch|p1b: Incineroar|Incineroar, L50, F|100/100\n|switch|p2a: Farigiraf|Farigiraf, L50, M, shiny|100/100\n|switch|p2b: Venusaur|Venusaur, L50, F, shiny|100/100\n|-ability|p1b: Incineroar|Intimidate|boost\n|-unboost|p2a: Farigiraf|atk|1\n|-unboost|p2b: Venusaur|atk|1\n|turn|1\n|inactive|soulo333 has 30 seconds left.\n|\n|t:|1776162147\n|move|p2b: Venusaur|Sleep Powder|p1b: Incineroar\n|-status|p1b: Incineroar|slp|[from] move: Sleep Powder\n|move|p1a: Milotic|Scald|p2a: Farigiraf\n|-damage|p2a: Farigiraf|74/100\n|cant|p1b: Incineroar|slp\n|move|p2a: Farigiraf|Psychic|p1a: Milotic\n|-damage|p1a: Milotic|77/100\n|\n|-heal|p1a: Milotic|83/100|[from] item: Leftovers\n|upkeep\n|turn|2\n|inactive|ronjansje has 30 seconds left.\n|\n|t:|1776162180\n|move|p2a: Farigiraf|Helping Hand|p2b: Venusaur\n|-singleturn|p2b: Venusaur|Helping Hand|[of] p2a: Farigiraf\n|move|p1a: Milotic|Protect|p1a: Milotic\n|-singleturn|p1a: Milotic|Protect\n|move|p2b: Venusaur|Leaf Storm|p1a: Milotic\n|-activate|p1a: Milotic|move: Protect\n|cant|p1b: Incineroar|slp\n|\n|-heal|p1a: Milotic|89/100|[from] item: Leftovers\n|upkeep\n|turn|3\n|inactive|ronjansje has 30 seconds left.\n|\n|t:|1776162205\n|switch|p2b: Golurk|Golurk, L50|100/100\n|switch|p1a: Sinistcha|Sinistcha, L50|100/100\n|-curestatus|p1b: Incineroar|slp|[msg]\n|move|p1b: Incineroar|Flare Blitz|p2b: Golurk\n|-damage|p2b: Golurk|52/100\n|-damage|p1b: Incineroar|85/100|[from] Recoil\n|move|p2a: Farigiraf|Trick Room|p2a: Farigiraf\n|-fieldstart|move: Trick Room|[of] p2a: Farigiraf\n|\n|upkeep\n|turn|4\n|\n|t:|1776162228\n|switch|p2a: Torkoal|Torkoal, L50, F, shiny|100/100\n|-weather|SunnyDay|[from] ability: Drought|[of] p2a: Torkoal\n|switch|p1b: Milotic|Milotic, L50, F|89/100\n|detailschange|p2b: Golurk|Golurk-Mega, L50\n|-mega|p2b: Golurk|Golurk|Golurkite\n|move|p2b: Golurk|Poltergeist|p1a: Sinistcha\n|-activate|p1a: Sinistcha|move: Poltergeist|Colbur Berry\n|-supereffective|p1a: Sinistcha|1\n|-damage|p1a: Sinistcha|0 fnt\n|faint|p1a: Sinistcha\n|\n|-weather|SunnyDay|[upkeep]\n|-heal|p1b: Milotic|95/100|[from] item: Leftovers\n|upkeep\n|\n|t:|1776162238\n|switch|p1a: Tyranitar|Tyranitar, L50, F|100/100\n|-weather|Sandstorm|[from] ability: Sand Stream|[of] p1a: Tyranitar\n|turn|5\n|\n|t:|1776162254\n|switch|p2a: Farigiraf|Farigiraf, L50, M, shiny|74/100\n|detailschange|p1a: Tyranitar|Tyranitar-Mega, L50, F\n|-mega|p1a: Tyranitar|Tyranitar|Tyranitarite\n|move|p2b: Golurk|Protect|p2b: Golurk\n|-singleturn|p2b: Golurk|Protect\n|move|p1a: Tyranitar|Rock Slide|p2b: Golurk|[spread] p2a\n|-activate|p2b: Golurk|move: Protect\n|-damage|p2a: Farigiraf|45/100\n|-enditem|p2a: Farigiraf|Sitrus Berry|[eat]\n|-heal|p2a: Farigiraf|70/100|[from] item: Sitrus Berry\n|move|p1b: Milotic|Scald|p2a: Farigiraf\n|-damage|p2a: Farigiraf|45/100\n|\n|-weather|Sandstorm|[upkeep]\n|-damage|p2a: Farigiraf|39/100|[from] Sandstorm\n|-damage|p1b: Milotic|89/100|[from] Sandstorm\n|-heal|p1b: Milotic|95/100|[from] item: Leftovers\n|upkeep\n|turn|6\n|\n|t:|1776162276\n|switch|p1b: Incineroar|Incineroar, L50, F|85/100\n|-ability|p1b: Incineroar|Intimidate|boost\n|-unboost|p2a: Farigiraf|atk|1\n|-unboost|p2b: Golurk|atk|1\n|move|p2a: Farigiraf|Helping Hand|p2b: Golurk\n|-singleturn|p2b: Golurk|Helping Hand|[of] p2a: Farigiraf\n|move|p2b: Golurk|Headlong Rush|p1a: Tyranitar\n|-supereffective|p1a: Tyranitar|1\n|-damage|p1a: Tyranitar|11/100\n|-unboost|p2b: Golurk|def|1\n|-unboost|p2b: Golurk|spd|1\n|move|p1a: Tyranitar|Knock Off|p2b: Golurk\n|-supereffective|p2b: Golurk|1\n|-damage|p2b: Golurk|0 fnt\n|faint|p2b: Golurk\n|\n|-weather|Sandstorm|[upkeep]\n|-damage|p2a: Farigiraf|33/100|[from] Sandstorm\n|-damage|p1b: Incineroar|79/100|[from] Sandstorm\n|upkeep\n|\n|t:|1776162281\n|switch|p2b: Torkoal|Torkoal, L50, F, shiny|100/100\n|-weather|SunnyDay|[from] ability: Drought|[of] p2b: Torkoal\n|turn|7\n|\n|t:|1776162299\n|switch|p1a: Milotic|Milotic, L50, F|95/100\n|move|p2b: Torkoal|Eruption|p1a: Milotic|[spread] p1a,p1b\n|-resisted|p1a: Milotic|1\n|-resisted|p1b: Incineroar|1\n|-damage|p1a: Milotic|66/100\n|-damage|p1b: Incineroar|49/100\n|-enditem|p1b: Incineroar|Sitrus Berry|[eat]\n|-heal|p1b: Incineroar|73/100|[from] item: Sitrus Berry\n|move|p2a: Farigiraf|Hyper Voice|p1b: Incineroar|[spread] p1a,p1b\n|-crit|p1a: Milotic\n|-damage|p1a: Milotic|38/100\n|-damage|p1b: Incineroar|51/100\n|move|p1b: Incineroar|Parting Shot|p2b: Torkoal\n|-unboost|p2b: Torkoal|atk|1\n|-unboost|p2b: Torkoal|spa|1\n|\n|t:|1776162311\n|switch|p1b: Tyranitar|Tyranitar-Mega, L50, F|11/100|[from] Parting Shot\n|-weather|Sandstorm|[from] ability: Sand Stream|[of] p1b: Tyranitar\n|\n|-weather|Sandstorm|[upkeep]\n|-damage|p2b: Torkoal|94/100|[from] Sandstorm\n|-damage|p2a: Farigiraf|27/100|[from] Sandstorm\n|-damage|p1a: Milotic|32/100|[from] Sandstorm\n|-heal|p1a: Milotic|38/100|[from] item: Leftovers\n|-fieldend|move: Trick Room\n|upkeep\n|turn|8\n|inactive|ronjansje has 30 seconds left.\n|inactive|ronjansje has 20 seconds left.\n|\n|t:|1776162349\n|move|p2b: Torkoal|Protect|p2b: Torkoal\n|-singleturn|p2b: Torkoal|Protect\n|move|p1a: Milotic|Icy Wind|p2b: Torkoal|[spread] p2a\n|-activate|p2b: Torkoal|move: Protect\n|-damage|p2a: Farigiraf|17/100\n|-unboost|p2a: Farigiraf|spe|1\n|move|p1b: Tyranitar|Rock Slide|p2b: Torkoal|[spread] p2a\n|-activate|p2b: Torkoal|move: Protect\n|-damage|p2a: Farigiraf|0 fnt\n|faint|p2a: Farigiraf\n|\n|-weather|Sandstorm|[upkeep]\n|-damage|p1a: Milotic|32/100|[from] Sandstorm\n|-damage|p2b: Torkoal|88/100|[from] Sandstorm\n|-heal|p1a: Milotic|38/100|[from] item: Leftovers\n|upkeep\n|\n|t:|1776162350\n|switch|p2a: Venusaur|Venusaur, L50, F, shiny|100/100\n|turn|9\n|inactive|soulo333 has 30 seconds left.\n|inactive|ronjansje has 30 seconds left.\n|\n|t:|1776162376\n|switch|p1b: Incineroar|Incineroar, L50, F|51/100\n|-ability|p1b: Incineroar|Intimidate|boost\n|-unboost|p2a: Venusaur|atk|1\n|-unboost|p2b: Torkoal|atk|1\n|move|p1a: Milotic|Protect|p1a: Milotic\n|-singleturn|p1a: Milotic|Protect\n|move|p2a: Venusaur|Leaf Storm|p1a: Milotic\n|-activate|p1a: Milotic|move: Protect\n|move|p2b: Torkoal|Weather Ball|p1b: Incineroar\n|-supereffective|p1b: Incineroar|1\n|-damage|p1b: Incineroar|22/100\n|\n|-weather|Sandstorm|[upkeep]\n|-damage|p2a: Venusaur|95/100|[from] Sandstorm\n|-damage|p1a: Milotic|32/100|[from] Sandstorm\n|-damage|p1b: Incineroar|16/100|[from] Sandstorm\n|-damage|p2b: Torkoal|82/100|[from] Sandstorm\n|-heal|p1a: Milotic|38/100|[from] item: Leftovers\n|upkeep\n|turn|10\n|inactive|soulo333 has 30 seconds left.\n|\n|t:|1776162405\n|move|p2a: Venusaur|Protect|p2a: Venusaur\n|-singleturn|p2a: Venusaur|Protect\n|move|p2b: Torkoal|Protect|p2b: Torkoal\n|-singleturn|p2b: Torkoal|Protect\n|move|p1b: Incineroar|Fake Out|p2a: Venusaur\n|-activate|p2a: Venusaur|move: Protect\n|move|p1a: Milotic|Icy Wind|p2b: Torkoal|[spread] \n|-activate|p2a: Venusaur|move: Protect\n|-activate|p2b: Torkoal|move: Protect\n|\n|-weather|Sandstorm|[upkeep]\n|-damage|p2a: Venusaur|89/100|[from] Sandstorm\n|-damage|p1a: Milotic|32/100|[from] Sandstorm\n|-damage|p1b: Incineroar|10/100|[from] Sandstorm\n|-damage|p2b: Torkoal|76/100|[from] Sandstorm\n|-heal|p1a: Milotic|38/100|[from] item: Leftovers\n|upkeep\n|turn|11\n|\n|t:|1776162427\n|move|p1a: Milotic|Protect|p1a: Milotic\n|-singleturn|p1a: Milotic|Protect\n|move|p2a: Venusaur|Sludge Bomb|p1b: Incineroar\n|-damage|p1b: Incineroar|0 fnt\n|faint|p1b: Incineroar\n|move|p2b: Torkoal|Weather Ball|p1a: Milotic\n|-activate|p1a: Milotic|move: Protect\n|\n|-weather|none\n|-heal|p1a: Milotic|44/100|[from] item: Leftovers\n|upkeep\n|\n|t:|1776162434\n|switch|p1b: Tyranitar|Tyranitar-Mega, L50, F|11/100\n|-weather|Sandstorm|[from] ability: Sand Stream|[of] p1b: Tyranitar\n|turn|12\n|-message|soulo333 forfeited.\n|\n|win|ronjansje\n|raw|soulo333's rating: 1096 &rarr; <strong>1075</strong><br />(-21 for losing)\n|raw|ronjansje's rating: 1138 &rarr; <strong>1160</strong><br />(+22 for winning)\n",
  "uploadtime": 1776162437,
  "views": 14,
  "formatid": "gen9championsvgc2026regma",
  "rating": 1075,
  "private": 0,
  "password": null
}