{
  "id": "gen9championsvgc2026regma-2585149112",
  "format": "[Gen 9 Champions] VGC 2026 Reg M-A",
  "players": [
    "lilypitot",
    "Poke Unc"
  ],
  "log": "|j|\u203dlilypitot\n|j|\u2606Poke Unc\n|t:|1776317806\n|gametype|doubles\n|player|p1|lilypitot|caitlin|1099\n|player|p2|Poke Unc|palmer|1129\n|gen|9\n|tier|[Gen 9 Champions] VGC 2026 Reg M-A\n|rated|\n|rule|Species Clause: Limit one of each Pok\u00e9mon\n|rule|Item Clause: Limit 1 of each item\n|clearpoke\n|poke|p1|Meganium, L50, F|\n|poke|p1|Archaludon, L50, M|\n|poke|p1|Basculegion, L50, M|\n|poke|p1|Sneasler, L50, M|\n|poke|p1|Pelipper, L50, M|\n|poke|p1|Politoed, L50, M|\n|poke|p2|Meowstic, L50, M|\n|poke|p2|Farigiraf, L50, M|\n|poke|p2|Sneasler, L50, M|\n|poke|p2|Tyranitar, L50, F|\n|poke|p2|Excadrill, L50, F|\n|poke|p2|Corviknight, L50, F|\n|teampreview|4\n|inactive|Battle timer is ON: inactive players will automatically lose when time's up. (requested by lilypitot)\n|inactive|lilypitot has 60 seconds left.\n|inactive|Poke Unc has 60 seconds left.\n|\n|t:|1776317848\n|teamsize|p1|4\n|teamsize|p2|4\n|start\n|switch|p1a: Meganium|Meganium, L50, F, shiny|100/100\n|switch|p1b: Pelipper|Pelipper, L50, M, shiny|100/100\n|switch|p2a: Meowstic|Meowstic, L50, M|100/100\n|switch|p2b: Farigiraf|Farigiraf, L50, M|100/100\n|-weather|RainDance|[from] ability: Drizzle|[of] p1b: Pelipper\n|turn|1\n|inactive|Poke Unc has 30 seconds left.\n|inactive|lilypitot has 30 seconds left.\n|inactive|Poke Unc has 20 seconds left.\n|\n|t:|1776317892\n|detailschange|p2a: Meowstic|Meowstic-M-Mega, L50, M\n|-mega|p2a: Meowstic|Meowstic|Meowsticite\n|-ability|p2a: Meowstic|Drizzle|Trace|[from] ability: Trace|[of] p1b: Pelipper\n|detailschange|p1a: Meganium|Meganium-Mega, L50, F, shiny\n|-mega|p1a: Meganium|Meganium|Meganiumite\n|move|p2a: Meowstic|Fake Out|p1b: Pelipper\n|-damage|p1b: Pelipper|94/100\n|move|p1a: Meganium|Weather Ball|p2b: Farigiraf\n|-damage|p2b: Farigiraf|55/100\n|cant|p1b: Pelipper|flinch\n|move|p2b: Farigiraf|Psychic Terrain|p2b: Farigiraf\n|-fieldstart|move: Psychic Terrain\n|\n|-weather|RainDance|[upkeep]\n|upkeep\n|turn|2\n|inactive|lilypitot has 30 seconds left.\n|\n|t:|1776317923\n|move|p2b: Farigiraf|Helping Hand|p2a: Meowstic\n|-singleturn|p2a: Meowstic|Helping Hand|[of] p2b: Farigiraf\n|move|p2a: Meowstic|Expanding Force|p1a: Meganium|[spread] p1a,p1b\n|-damage|p1a: Meganium|6/100\n|-damage|p1b: Pelipper|0 fnt\n|faint|p1b: Pelipper\n|move|p1a: Meganium|Solar Beam||[still]\n|-prepare|p1a: Meganium|Solar Beam\n|-activate|p1a: Meganium|ability: Mega Sol\n|-anim|p1a: Meganium|Solar Beam|p2b: Farigiraf\n|-damage|p2b: Farigiraf|0 fnt\n|faint|p2b: Farigiraf\n|\n|-weather|RainDance|[upkeep]\n|upkeep\n|inactive|Poke Unc has 30 seconds left.\n|inactive|Poke Unc has 20 seconds left.\n|\n|t:|1776317963\n|switch|p1b: Sneasler|Sneasler, L50, M, shiny|100/100\n|switch|p2b: Excadrill|Excadrill, L50, F|100/100\n|turn|3\n|inactive|lilypitot has 30 seconds left.\n|inactive|lilypitot has 20 seconds left.\n|inactive|lilypitot has 15 seconds left.\n|inactive|lilypitot has 10 seconds left.\n|inactive|lilypitot has 5 seconds left.\n|\n|t:|1776318014\n|move|p2b: Excadrill|Earthquake|p1b: Sneasler|[spread] p2a,p1a,p1b\n|-resisted|p1a: Meganium|1\n|-supereffective|p1b: Sneasler|1\n|-damage|p2a: Meowstic|33/100\n|-damage|p1a: Meganium|0 fnt\n|-damage|p1b: Sneasler|0 fnt\n|faint|p1a: Meganium\n|faint|p1b: Sneasler\n|move|p2a: Meowstic|Expanding Force|p1: Meganium|[notarget]\n|-fail|p2a: Meowstic\n|\n|-weather|RainDance|[upkeep]\n|upkeep\n|\n|t:|1776318019\n|switch|p1b: Politoed|Politoed, L50, M, shiny|100/100\n|turn|4\n|\n|t:|1776318024\n|switch|p2b: Tyranitar|Tyranitar, L50, F|100/100\n|-weather|Sandstorm|[from] ability: Sand Stream|[of] p2b: Tyranitar\n|move|p1b: Politoed|Protect|p1b: Politoed\n|-singleturn|p1b: Politoed|Protect\n|move|p2a: Meowstic|Expanding Force|p1b: Politoed\n|-activate|p1b: Politoed|move: Protect\n|\n|-weather|Sandstorm|[upkeep]\n|-damage|p2a: Meowstic|27/100|[from] Sandstorm\n|-damage|p1b: Politoed|94/100|[from] Sandstorm\n|-heal|p1b: Politoed|100/100|[from] item: Leftovers\n|upkeep\n|turn|5\n|\n|t:|1776318038\n|move|p2a: Meowstic|Expanding Force|p1b: Politoed\n|-damage|p1b: Politoed|27/100\n|move|p2b: Tyranitar|Knock Off|p1b: Politoed\n|-damage|p1b: Politoed|0 fnt\n|-enditem|p1b: Politoed|Leftovers|[from] move: Knock Off|[of] p2b: Tyranitar\n|faint|p1b: Politoed\n|\n|win|Poke Unc\n|raw|lilypitot's rating: 1099 &rarr; <strong>1076</strong><br />(-23 for losing)\n|raw|Poke Unc's rating: 1129 &rarr; <strong>1152</strong><br />(+23 for winning)\n|l|\u203dlilypitot\n|player|p1|\n",
  "uploadtime": 1776318216,
  "views": 19,
  "formatid": "gen9championsvgc2026regma",
  "rating": 1076,
  "private": 0,
  "password": null
}