{
  "id": "gen9championsvgc2026regma-2587328067",
  "format": "[Gen 9 Champions] VGC 2026 Reg M-A",
  "players": [
    "udilson",
    "campeondelfitness"
  ],
  "log": "|j|\u2606udilson\n|j|\u2606campeondelfitness\n|t:|1776522417\n|gametype|doubles\n|player|p1|udilson|101|1243\n|player|p2|campeondelfitness|swimmer|1199\n|gen|9\n|tier|[Gen 9 Champions] VGC 2026 Reg M-A\n|rated|\n|rule|Species Clause: Limit one of each Pok\u00e9mon\n|rule|Item Clause: Limit 1 of each item\n|clearpoke\n|poke|p1|Froslass, L50, F|\n|poke|p1|Aggron, L50, F|\n|poke|p1|Garchomp, L50, M|\n|poke|p1|Primarina, L50, F|\n|poke|p1|Incineroar, L50, F|\n|poke|p1|Decidueye-Hisui, L50, M|\n|poke|p2|Tyranitar, L50, M|\n|poke|p2|Garchomp, L50, F|\n|poke|p2|Heliolisk, L50, M|\n|poke|p2|Rotom-Heat, L50|\n|poke|p2|Orthworm, L50, M|\n|poke|p2|Aerodactyl, L50, F|\n|teampreview|4\n|inactive|Battle timer is ON: inactive players will automatically lose when time's up. (requested by campeondelfitness)\n|\n|t:|1776522446\n|teamsize|p1|4\n|teamsize|p2|4\n|start\n|switch|p1a: Aggron|Aggron, L50, F|100/100\n|switch|p1b: Decidueye|Decidueye-Hisui, L50, M|100/100\n|switch|p2a: Orthworm|Orthworm, L50, M|100/100\n|switch|p2b: Rotom|Rotom-Heat, L50|100/100\n|turn|1\n|inactive|udilson has 30 seconds left.\n|inactive|udilson has 20 seconds left.\n|inactive|udilson has 15 seconds left.\n|inactive|udilson has 10 seconds left.\n|\n|t:|1776522494\n|switch|p1a: Incineroar|Incineroar, L50, F|100/100\n|-ability|p1a: Incineroar|Intimidate|boost\n|-unboost|p2a: Orthworm|atk|1\n|-unboost|p2b: Rotom|atk|1\n|move|p2b: Rotom|Will-O-Wisp|p1b: Decidueye\n|-status|p1b: Decidueye|brn\n|move|p1b: Decidueye|Triple Arrows|p2a: Orthworm\n|-supereffective|p2a: Orthworm|1\n|-damage|p2a: Orthworm|73/100\n|move|p2a: Orthworm|Iron Defense|p2a: Orthworm\n|-boost|p2a: Orthworm|def|2\n|\n|-heal|p2a: Orthworm|80/100|[from] item: Leftovers\n|-damage|p1b: Decidueye|94/100 brn|[from] brn\n|upkeep\n|turn|2\n|inactive|udilson has 30 seconds left.\n|inactive|udilson has 20 seconds left.\n|inactive|udilson has 15 seconds left.\n|\n|t:|1776522534\n|move|p1a: Incineroar|Fake Out|p2a: Orthworm\n|-resisted|p2a: Orthworm|1\n|-crit|p2a: Orthworm\n|-damage|p2a: Orthworm|75/100\n|move|p2b: Rotom|Volt Switch|p1a: Incineroar\n|-damage|p1a: Incineroar|80/100\n|\n|t:|1776522549\n|switch|p2b: Garchomp|Garchomp, L50, F|100/100|[from] Volt Switch\n|move|p1b: Decidueye|Triple Arrows|p2b: Garchomp\n|-damage|p2b: Garchomp|78/100\n|cant|p2a: Orthworm|flinch\n|\n|-heal|p2a: Orthworm|81/100|[from] item: Leftovers\n|-damage|p1b: Decidueye|88/100 brn|[from] brn\n|upkeep\n|turn|3\n|\n|t:|1776522573\n|switch|p1a: Primarina|Primarina, L50, F|100/100\n|detailschange|p2b: Garchomp|Garchomp-Mega, L50, F\n|-mega|p2b: Garchomp|Garchomp|Garchompite\n|move|p2b: Garchomp|Earthquake|p1a: Primarina|[spread] p1a,p1b\n|-heal|p2a: Orthworm|100/100|[from] ability: Earth Eater|[of] p2b: Garchomp\n|-resisted|p1b: Decidueye|1\n|-damage|p1a: Primarina|41/100\n|-damage|p1b: Decidueye|56/100 brn\n|move|p1b: Decidueye|Leaf Blade|p2b: Garchomp\n|-damage|p2b: Garchomp|57/100\n|move|p2a: Orthworm|Iron Defense|p2a: Orthworm\n|-boost|p2a: Orthworm|def|2\n|\n|-damage|p1b: Decidueye|50/100 brn|[from] brn\n|upkeep\n|turn|4\n|\n|t:|1776522596\n|switch|p1b: Incineroar|Incineroar, L50, F|80/100\n|-ability|p1b: Incineroar|Intimidate|boost\n|-unboost|p2a: Orthworm|atk|1\n|-unboost|p2b: Garchomp|atk|1\n|move|p1a: Primarina|Protect|p1a: Primarina\n|-singleturn|p1a: Primarina|Protect\n|move|p2b: Garchomp|Earthquake|p1a: Primarina|[spread] p1b\n|-activate|p1a: Primarina|move: Protect\n|-immune|p2a: Orthworm|[from] ability: Earth Eater\n|-supereffective|p1b: Incineroar|1\n|-damage|p1b: Incineroar|25/100\n|-enditem|p1b: Incineroar|Sitrus Berry|[eat]\n|-heal|p1b: Incineroar|49/100|[from] item: Sitrus Berry\n|move|p2a: Orthworm|Body Press|p1b: Incineroar\n|-supereffective|p1b: Incineroar|1\n|-damage|p1b: Incineroar|0 fnt\n|faint|p1b: Incineroar\n|\n|upkeep\n|\n|t:|1776522620\n|switch|p1b: Aggron|Aggron, L50, F|100/100\n|turn|5\n|\n|t:|1776522632\n|switch|p2b: Rotom|Rotom-Heat, L50|100/100\n|detailschange|p1b: Aggron|Aggron-Mega, L50, F\n|-mega|p1b: Aggron|Aggron|Aggronite\n|move|p2a: Orthworm|Body Press|p1b: Aggron\n|-supereffective|p1b: Aggron|1\n|-damage|p1b: Aggron|24/100\n|move|p1a: Primarina|Moonblast|p2b: Rotom\n|-resisted|p2b: Rotom|1\n|-damage|p2b: Rotom|70/100\n|move|p1b: Aggron|Iron Defense|p1b: Aggron\n|-boost|p1b: Aggron|def|2\n|\n|upkeep\n|turn|6\n|inactive|udilson has 30 seconds left.\n|\n|t:|1776522665\n|move|p1a: Primarina|Protect|p1a: Primarina\n|-singleturn|p1a: Primarina|Protect\n|move|p2b: Rotom|Discharge|p1b: Aggron|[spread] p2a,p1b\n|-activate|p1a: Primarina|move: Protect\n|-damage|p2a: Orthworm|66/100\n|-damage|p1b: Aggron|5/100\n|move|p2a: Orthworm|Body Press|p1b: Aggron\n|-supereffective|p1b: Aggron|1\n|-damage|p1b: Aggron|0 fnt\n|faint|p1b: Aggron\n|\n|-heal|p2a: Orthworm|72/100|[from] item: Leftovers\n|upkeep\n|\n|t:|1776522679\n|switch|p1b: Decidueye|Decidueye-Hisui, L50, M|50/100 brn\n|turn|7\n|\n|t:|1776522694\n|move|p2b: Rotom|Discharge|p1a: Primarina|[spread] p2a,p1a,p1b\n|-supereffective|p1a: Primarina|1\n|-crit|p1a: Primarina\n|-resisted|p1b: Decidueye|1\n|-damage|p2a: Orthworm|35/100\n|-damage|p1a: Primarina|0 fnt\n|-damage|p1b: Decidueye|37/100 brn\n|faint|p1a: Primarina\n|move|p1b: Decidueye|Triple Arrows|p2a: Orthworm\n|-supereffective|p2a: Orthworm|1\n|-damage|p2a: Orthworm|25/100\n|move|p2a: Orthworm|Body Press|p1b: Decidueye\n|-damage|p1b: Decidueye|0 fnt\n|faint|p1b: Decidueye\n|\n|win|campeondelfitness\n|raw|udilson's rating: 1243 &rarr; <strong>1215</strong><br />(-28 for losing)\n|raw|campeondelfitness's rating: 1199 &rarr; <strong>1227</strong><br />(+28 for winning)\n",
  "uploadtime": 1776522706,
  "views": 27,
  "formatid": "gen9championsvgc2026regma",
  "rating": 1215,
  "private": 0,
  "password": null
}