{
  "id": "gen9championsvgc2026regma-2584206338",
  "format": "[Gen 9 Champions] VGC 2026 Reg M-A",
  "players": [
    "QuantumTwinSpark",
    "reimuqq"
  ],
  "log": "|j|\u2606QuantumTwinSpark\n|j|\u2606reimuqq\n|t:|1776238134\n|gametype|doubles\n|player|p1|QuantumTwinSpark|cress|1120\n|player|p2|reimuqq|cynthia-gen4|1129\n|gen|9\n|tier|[Gen 9 Champions] VGC 2026 Reg M-A\n|rated|\n|rule|Species Clause: Limit one of each Pok\u00e9mon\n|rule|Item Clause: Limit 1 of each item\n|clearpoke\n|poke|p1|Araquanid, L50, M|\n|poke|p1|Vaporeon, L50, F|\n|poke|p1|Politoed, L50, M|\n|poke|p1|Primarina, L50, M|\n|poke|p1|Gengar, L50, F|\n|poke|p1|Klefki, L50, M|\n|poke|p2|Dragonite, L50, M|\n|poke|p2|Pelipper, L50, M|\n|poke|p2|Basculegion, L50, M|\n|poke|p2|Archaludon, L50, M|\n|poke|p2|Sneasler, L50, F|\n|poke|p2|Sinistcha, L50|\n|teampreview|4\n|inactive|Battle timer is ON: inactive players will automatically lose when time's up. (requested by reimuqq)\nQuantumTwinSpark rejected open team sheets.\n|inactive|QuantumTwinSpark has 60 seconds left.\n|\n|t:|1776238171\n|teamsize|p1|4\n|teamsize|p2|4\n|start\n|switch|p1a: Primarina|Primarina, L50, M|100/100\n|switch|p1b: Araquanid|Araquanid, L50, M|100/100\n|switch|p2a: Pelipper|Pelipper, L50, M|100/100\n|switch|p2b: Archaludon|Archaludon, L50, M|100/100\n|-weather|RainDance|[from] ability: Drizzle|[of] p2a: Pelipper\n|turn|1\n|inactive|QuantumTwinSpark has 30 seconds left.\n|inactive|reimuqq has 30 seconds left.\n|\n|t:|1776238203\n|move|p2a: Pelipper|Tailwind|p2a: Pelipper\n|-sidestart|p2: reimuqq|move: Tailwind\n|move|p2b: Archaludon|Electro Shot||[still]\n|-prepare|p2b: Archaludon|Electro Shot\n|-boost|p2b: Archaludon|spa|1\n|-anim|p2b: Archaludon|Electro Shot|p1b: Araquanid\n|-supereffective|p1b: Araquanid|1\n|-damage|p1b: Araquanid|18/100\n|move|p1a: Primarina|Perish Song|p1a: Primarina\n|-start|p1a: Primarina|perish3|[silent]\n|-heal|p1b: Araquanid|43/100|[from] ability: Water Absorb|[of] p1a: Primarina\n|-start|p2a: Pelipper|perish3|[silent]\n|-start|p2b: Archaludon|perish3|[silent]\n|-fieldactivate|move: Perish Song\n|move|p1b: Araquanid|Sticky Web|p2b: Archaludon\n|-sidestart|p2: reimuqq|move: Sticky Web\n|\n|-weather|RainDance|[upkeep]\n|-start|p2a: Pelipper|perish3\n|-start|p2b: Archaludon|perish3\n|-start|p1a: Primarina|perish3\n|upkeep\n|turn|2\n|inactive|QuantumTwinSpark has 30 seconds left.\n|inactive|reimuqq has 30 seconds left.\n|\n|t:|1776238230\n|switch|p2a: Sinistcha|Sinistcha, L50|100/100\n|-activate|p2a: Sinistcha|move: Sticky Web\n|-unboost|p2a: Sinistcha|spe|1\n|switch|p2b: Dragonite|Dragonite, L50, M|100/100\n|move|p1a: Primarina|Flip Turn|p2a: Sinistcha\n|-resisted|p2a: Sinistcha|1\n|-damage|p2a: Sinistcha|89/100\n|\n|t:|1776238240\n|switch|p1a: Gengar|Gengar, L50, F|100/100|[from] Flip Turn\n|move|p1b: Araquanid|Infestation|p2b: Dragonite\n|-resisted|p2b: Dragonite|1\n|-damage|p2b: Dragonite|98/100\n|-activate|p2b: Dragonite|move: Infestation|[of] p1b: Araquanid\n|\n|-weather|RainDance|[upkeep]\n|-damage|p2b: Dragonite|86/100|[from] move: Infestation|[partiallytrapped]\n|upkeep\n|turn|3\n|inactive|QuantumTwinSpark has 30 seconds left.\n|inactive|reimuqq has 30 seconds left.\n|inactive|QuantumTwinSpark has 20 seconds left.\n|inactive|QuantumTwinSpark has 15 seconds left.\n|inactive|reimuqq has 20 seconds left.\n|\n|t:|1776238282\n|switch|p2a: Archaludon|Archaludon, L50, M|100/100\n|-activate|p2a: Archaludon|move: Sticky Web\n|-unboost|p2a: Archaludon|spe|1\n|detailschange|p2b: Dragonite|Dragonite-Mega, L50, M\n|-mega|p2b: Dragonite|Dragonite|Dragoninite\n|detailschange|p1a: Gengar|Gengar-Mega, L50, F\n|-mega|p1a: Gengar|Gengar|Gengarite\n|move|p1b: Araquanid|Protect|p1b: Araquanid\n|-singleturn|p1b: Araquanid|Protect\n|move|p2b: Dragonite|Thunder|p1b: Araquanid\n|-activate|p1b: Araquanid|move: Protect\n|move|p1a: Gengar|Perish Song|p1a: Gengar\n|-start|p1a: Gengar|perish3|[silent]\n|-start|p1b: Araquanid|perish3|[silent]\n|-start|p2a: Archaludon|perish3|[silent]\n|-start|p2b: Dragonite|perish3|[silent]\n|-fieldactivate|move: Perish Song\n|\n|-weather|RainDance|[upkeep]\n|-damage|p2b: Dragonite|73/100|[from] move: Infestation|[partiallytrapped]\n|-start|p2b: Dragonite|perish3\n|-start|p1a: Gengar|perish3\n|-start|p2a: Archaludon|perish3\n|-start|p1b: Araquanid|perish3\n|upkeep\n|turn|4\n|inactive|QuantumTwinSpark has 30 seconds left.\n|inactive|QuantumTwinSpark has 20 seconds left.\n|inactive|QuantumTwinSpark has 15 seconds left.\n|\n|t:|1776238325\n|move|p1b: Araquanid|Protect|p1b: Araquanid\n|-singleturn|p1b: Araquanid|Protect\n|move|p2b: Dragonite|Hurricane|p1a: Gengar\n|-damage|p1a: Gengar|30/100\n|move|p1a: Gengar|Substitute|p1a: Gengar\n|-start|p1a: Gengar|Substitute\n|-damage|p1a: Gengar|5/100\n|move|p2a: Archaludon|Electro Shot||[still]\n|-prepare|p2a: Archaludon|Electro Shot\n|-boost|p2a: Archaludon|spa|1\n|-anim|p2a: Archaludon|Electro Shot|p1a: Gengar\n|-end|p1a: Gengar|Substitute\n|\n|-weather|RainDance|[upkeep]\n|-damage|p2b: Dragonite|61/100|[from] move: Infestation|[partiallytrapped]\n|-start|p2b: Dragonite|perish2\n|-start|p1a: Gengar|perish2\n|-start|p2a: Archaludon|perish2\n|-start|p1b: Araquanid|perish2\n|-sideend|p2: reimuqq|move: Tailwind\n|upkeep\n|turn|5\n|inactive|reimuqq has 30 seconds left.\n|\n|t:|1776238359\n|move|p1a: Gengar|Protect|p1a: Gengar\n|-singleturn|p1a: Gengar|Protect\n|move|p2b: Dragonite|Hurricane|p1a: Gengar\n|-activate|p1a: Gengar|move: Protect\n|move|p2a: Archaludon|Electro Shot||[still]\n|-prepare|p2a: Archaludon|Electro Shot\n|-boost|p2a: Archaludon|spa|1\n|-anim|p2a: Archaludon|Electro Shot|p1b: Araquanid\n|-supereffective|p1b: Araquanid|1\n|-damage|p1b: Araquanid|0 fnt\n|faint|p1b: Araquanid\n|\n|-weather|none\n|-end|p2b: Dragonite|Infestation|[partiallytrapped]|[silent]\n|-start|p1a: Gengar|perish1\n|-start|p2b: Dragonite|perish1\n|-start|p2a: Archaludon|perish1\n|upkeep\n|\n|t:|1776238378\n|switch|p1b: Klefki|Klefki, L50, M|100/100\n|turn|6\n|inactive|reimuqq has 30 seconds left.\n|\n|t:|1776238403\n|switch|p1a: Primarina|Primarina, L50, M|100/100\n|move|p1b: Klefki|Protect|p1b: Klefki\n|-singleturn|p1b: Klefki|Protect\n|move|p2b: Dragonite|Dragon Pulse|p1a: Primarina\n|-immune|p1a: Primarina\n|move|p2a: Archaludon|Flash Cannon|p1b: Klefki\n|-activate|p1b: Klefki|move: Protect\n|\n|-start|p2b: Dragonite|perish0\n|-start|p2a: Archaludon|perish0\n|faint|p2b: Dragonite\n|faint|p2a: Archaludon\n|upkeep\n|l|\u2606reimuqq\n|inactive|reimuqq disconnected and has a minute to reconnect!\n|player|p2|\n|inactive|reimuqq has 30 seconds left.\n|inactive|reimuqq has 20 seconds left.\n|inactive|reimuqq has 15 seconds left.\n|inactive|reimuqq has 10 seconds left.\n|inactive|reimuqq has 5 seconds left.\n|-message|reimuqq lost due to inactivity.\n|\n|win|QuantumTwinSpark\n|raw|QuantumTwinSpark's rating: 1120 &rarr; <strong>1146</strong><br />(+26 for winning)\n|raw|reimuqq's rating: 1129 &rarr; <strong>1103</strong><br />(-26 for losing)\n",
  "uploadtime": 1776238464,
  "views": 20,
  "formatid": "gen9championsvgc2026regma",
  "rating": 1103,
  "private": 0,
  "password": null
}