{
  "id": "gen9championsvgc2026regma-2587380777",
  "format": "[Gen 9 Champions] VGC 2026 Reg M-A",
  "players": [
    "Shadoweclipsis",
    "momena"
  ],
  "log": "|j|\u2606Shadoweclipsis\n|j|\u2606momena\n|t:|1776527014\n|gametype|doubles\n|player|p1|Shadoweclipsis|266|1127\n|player|p2|momena|blackbelt-gen4dp|1050\n|gen|9\n|tier|[Gen 9 Champions] VGC 2026 Reg M-A\n|rated|\n|rule|Species Clause: Limit one of each Pok\u00e9mon\n|rule|Item Clause: Limit 1 of each item\n|clearpoke\n|poke|p1|Aggron, L50, F|\n|poke|p1|Sneasler, L50, F|\n|poke|p1|Sinistcha, L50|\n|poke|p1|Delphox, L50, M|\n|poke|p1|Basculegion, L50, M|\n|poke|p1|Aerodactyl, L50, F|\n|poke|p2|Heracross, L50, F|\n|poke|p2|Klefki, L50, M|\n|poke|p2|Lycanroc-Dusk, L50, M|\n|poke|p2|Talonflame, L50, M|\n|poke|p2|Excadrill, L50, F|\n|poke|p2|Incineroar, L50, F|\n|teampreview|4\n|inactive|Battle timer is ON: inactive players will automatically lose when time's up. (requested by momena)\n|inactive|momena has 60 seconds left.\nShadoweclipsis rejected open team sheets.\n|\n|t:|1776527052\n|teamsize|p1|4\n|teamsize|p2|4\n|start\n|switch|p1a: Aggron|Aggron, L50, F|100/100\n|switch|p1b: Sneasler|Sneasler, L50, F|100/100\n|switch|p2a: Heracross|Heracross, L50, F|100/100\n|switch|p2b: Talonflame|Talonflame, L50, M|100/100\n|turn|1\n|inactive|momena has 30 seconds left.\n|\n|t:|1776527087\n|switch|p2a: Incineroar|Incineroar, L50, F|100/100\n|-ability|p2a: Incineroar|Intimidate|boost\n|-unboost|p1a: Aggron|atk|1\n|-unboost|p1b: Sneasler|atk|1\n|-enditem|p1b: Sneasler|White Herb\n|-clearnegativeboost|p1b: Sneasler|[silent]\n|detailschange|p1a: Aggron|Aggron-Mega, L50, F\n|-mega|p1a: Aggron|Aggron|Aggronite\n|move|p2b: Talonflame|Protect|p2b: Talonflame\n|-singleturn|p2b: Talonflame|Protect\n|move|p1b: Sneasler|Fake Out|p2b: Talonflame\n|-activate|p2b: Talonflame|move: Protect\n|move|p1a: Aggron|Iron Defense|p1a: Aggron\n|-boost|p1a: Aggron|def|2\n|\n|upkeep\n|turn|2\n|\n|t:|1776527109\n|move|p2a: Incineroar|Fake Out|p1a: Aggron\n|-resisted|p1a: Aggron|1\n|-damage|p1a: Aggron|99/100\n|move|p2b: Talonflame|Dual Wingbeat|p1b: Sneasler\n|-supereffective|p1b: Sneasler|1\n|-damage|p1b: Sneasler|39/100\n|-supereffective|p1b: Sneasler|1\n|-damage|p1b: Sneasler|0 fnt\n|faint|p1b: Sneasler\n|-hitcount|p1: Sneasler|2\n|cant|p1a: Aggron|flinch\n|\n|upkeep\n|\n|t:|1776527115\n|switch|p1b: Basculegion|Basculegion, L50, M|100/100\n|turn|3\n|\n|t:|1776527124\n|move|p2b: Talonflame|Protect|p2b: Talonflame\n|-singleturn|p2b: Talonflame|Protect\n|move|p1b: Basculegion|Flip Turn|p2b: Talonflame\n|-activate|p2b: Talonflame|move: Protect\n|move|p2a: Incineroar|Darkest Lariat|p1b: Basculegion\n|-supereffective|p1b: Basculegion|1\n|-damage|p1b: Basculegion|6/100\n|move|p1a: Aggron|Body Press|p2a: Incineroar\n|-supereffective|p2a: Incineroar|1\n|-damage|p2a: Incineroar|0 fnt\n|faint|p2a: Incineroar\n|\n|upkeep\n|\n|t:|1776527137\n|switch|p2a: Heracross|Heracross, L50, F|100/100\n|turn|4\n|\n|t:|1776527145\n|switch|p1b: Sinistcha|Sinistcha, L50|100/100\n|-heal|p1a: Aggron|100/100|[from] ability: Hospitality|[of] p1b: Sinistcha\n|detailschange|p2a: Heracross|Heracross-Mega, L50, F\n|-mega|p2a: Heracross|Heracross|Heracronite\n|move|p2b: Talonflame|Dual Wingbeat|p1b: Sinistcha\n|-supereffective|p1b: Sinistcha|1\n|-damage|p1b: Sinistcha|63/100\n|-supereffective|p1b: Sinistcha|1\n|-crit|p1b: Sinistcha\n|-damage|p1b: Sinistcha|5/100\n|-hitcount|p1b: Sinistcha|2\n|move|p2a: Heracross|Close Combat|p1a: Aggron\n|-supereffective|p1a: Aggron|1\n|-damage|p1a: Aggron|72/100\n|-unboost|p2a: Heracross|def|1\n|-unboost|p2a: Heracross|spd|1\n|move|p1a: Aggron|Iron Defense|p1a: Aggron\n|-boost|p1a: Aggron|def|2\n|\n|upkeep\n|turn|5\n|\n|t:|1776527169\n|move|p1b: Sinistcha|Rage Powder|p1b: Sinistcha\n|-singleturn|p1b: Sinistcha|move: Rage Powder\n|move|p2b: Talonflame|Dual Wingbeat|p1b: Sinistcha\n|-supereffective|p1b: Sinistcha|1\n|-damage|p1b: Sinistcha|0 fnt\n|faint|p1b: Sinistcha\n|-hitcount|p1: Sinistcha|1\n|move|p2a: Heracross|Close Combat|p1a: Aggron\n|-supereffective|p1a: Aggron|1\n|-damage|p1a: Aggron|54/100\n|-unboost|p2a: Heracross|def|1\n|-unboost|p2a: Heracross|spd|1\n|move|p1a: Aggron|Body Press|p2a: Heracross\n|-resisted|p2a: Heracross|1\n|-damage|p2a: Heracross|0 fnt\n|faint|p2a: Heracross\n|\n|upkeep\n|\n|t:|1776527183\n|switch|p2a: Lycanroc|Lycanroc-Dusk, L50, M|100/100\n|switch|p1b: Basculegion|Basculegion, L50, M|6/100\n|turn|6\n|\n|t:|1776527199\n|move|p2b: Talonflame|Dual Wingbeat|p1b: Basculegion\n|-damage|p1b: Basculegion|0 fnt\n|faint|p1b: Basculegion\n|-hitcount|p1: Basculegion|1\n|move|p2a: Lycanroc|Close Combat|p1a: Aggron\n|-supereffective|p1a: Aggron|1\n|-damage|p1a: Aggron|42/100\n|-unboost|p2a: Lycanroc|def|1\n|-unboost|p2a: Lycanroc|spd|1\n|move|p1a: Aggron|Body Press|p2a: Lycanroc\n|-supereffective|p2a: Lycanroc|1\n|-enditem|p2a: Lycanroc|Focus Sash\n|-damage|p2a: Lycanroc|1/100\n|\n|upkeep\n|turn|7\n|inactive|Shadoweclipsis has 30 seconds left.\n|\n|t:|1776527225\n|move|p2b: Talonflame|Flare Blitz|p1a: Aggron\n|-supereffective|p1a: Aggron|1\n|-damage|p1a: Aggron|33/100\n|-damage|p2b: Talonflame|97/100|[from] Recoil\n|move|p2a: Lycanroc|Close Combat|p1a: Aggron\n|-supereffective|p1a: Aggron|1\n|-damage|p1a: Aggron|21/100\n|-unboost|p2a: Lycanroc|def|1\n|-unboost|p2a: Lycanroc|spd|1\n|move|p1a: Aggron|Body Press|p2a: Lycanroc\n|-supereffective|p2a: Lycanroc|1\n|-crit|p2a: Lycanroc\n|-damage|p2a: Lycanroc|0 fnt\n|faint|p2a: Lycanroc\n|\n|upkeep\n|turn|8\n|\n|t:|1776527238\n|move|p2b: Talonflame|Flare Blitz|p1a: Aggron\n|-supereffective|p1a: Aggron|1\n|-damage|p1a: Aggron|11/100\n|-status|p1a: Aggron|brn\n|-damage|p2b: Talonflame|93/100|[from] Recoil\n|move|p1a: Aggron|Body Press|p2b: Talonflame\n|-resisted|p2b: Talonflame|1\n|-damage|p2b: Talonflame|40/100\n|\n|-damage|p1a: Aggron|5/100 brn|[from] brn\n|upkeep\n|turn|9\n|\n|t:|1776527247\n|move|p2b: Talonflame|Flare Blitz|p1a: Aggron\n|-supereffective|p1a: Aggron|1\n|-damage|p1a: Aggron|0 fnt\n|faint|p1a: Aggron\n|-damage|p2b: Talonflame|39/100|[from] Recoil\n|\n|win|momena\n|raw|Shadoweclipsis's rating: 1127 &rarr; <strong>1097</strong><br />(-30 for losing)\n|raw|momena's rating: 1050 &rarr; <strong>1090</strong><br />(+40 for winning)\n",
  "uploadtime": 1776527249,
  "views": 18,
  "formatid": "gen9championsvgc2026regma",
  "rating": 1090,
  "private": 0,
  "password": null
}