{
  "id": "gen9championsvgc2026regma-2588198029",
  "format": "[Gen 9 Champions] VGC 2026 Reg M-A",
  "players": [
    "Kondroid",
    "dubsjd"
  ],
  "log": "|j|\u2606Kondroid\n|j|\u2606dubsjd\n|t:|1776613617\n|gametype|doubles\n|player|p1|Kondroid|hilbert-wonderlauncher|1220\n|player|p2|dubsjd|alec-anime|1219\n|gen|9\n|tier|[Gen 9 Champions] VGC 2026 Reg M-A\n|rated|\n|rule|Species Clause: Limit one of each Pok\u00e9mon\n|rule|Item Clause: Limit 1 of each item\n|clearpoke\n|poke|p1|Glimmora, L50, F, shiny|\n|poke|p1|Aerodactyl, L50, F, shiny|\n|poke|p1|Hydreigon, L50, M, shiny|\n|poke|p1|Tinkaton, L50, F, shiny|\n|poke|p1|Orthworm, L50, M, shiny|\n|poke|p1|Farigiraf, L50, F, shiny|\n|poke|p2|Tyranitar, L50, M, shiny|\n|poke|p2|Excadrill, L50, M|\n|poke|p2|Corviknight, L50, F|\n|poke|p2|Primarina, L50, M|\n|poke|p2|Incineroar, L50, F, shiny|\n|poke|p2|Sinistcha, L50|\n|teampreview|4\n|inactive|Battle timer is ON: inactive players will automatically lose when time's up. (requested by Kondroid)\n|inactive|dubsjd has 60 seconds left.\n|\n|t:|1776613656\n|teamsize|p1|4\n|teamsize|p2|4\n|start\n|switch|p1a: Tinkaton|Tinkaton, L50, F, shiny|100/100\n|switch|p1b: Orthworm|Orthworm, L50, M, shiny|100/100\n|switch|p2a: Tyranitar|Tyranitar, L50, M, shiny|100/100\n|switch|p2b: Primarina|Primarina, L50, M|100/100\n|-weather|Sandstorm|[from] ability: Sand Stream|[of] p2a: Tyranitar\n|turn|1\n|\n|t:|1776613677\n|switch|p2b: Corviknight|Corviknight, L50, F|100/100\n|detailschange|p2a: Tyranitar|Tyranitar-Mega, L50, M, shiny\n|-mega|p2a: Tyranitar|Tyranitar|Tyranitarite\n|move|p1a: Tinkaton|Gigaton Hammer|p2b: Corviknight\n|-resisted|p2b: Corviknight|1\n|-damage|p2b: Corviknight|83/100\n|move|p2a: Tyranitar|Low Kick|p1b: Orthworm\n|-supereffective|p1b: Orthworm|1\n|-damage|p1b: Orthworm|17/100\n|-enditem|p1b: Orthworm|Sitrus Berry|[eat]\n|-heal|p1b: Orthworm|42/100|[from] item: Sitrus Berry\n|move|p1b: Orthworm|Body Press|p2a: Tyranitar\n|-supereffective|p2a: Tyranitar|2\n|-damage|p2a: Tyranitar|39/100\n|\n|-weather|Sandstorm|[upkeep]\n|-heal|p2b: Corviknight|89/100|[from] item: Leftovers\n|upkeep\n|turn|2\n|inactive|dubsjd has 30 seconds left.\n|\n|t:|1776613707\n|move|p1b: Orthworm|Protect|p1b: Orthworm\n|-singleturn|p1b: Orthworm|Protect\n|move|p1a: Tinkaton|Knock Off|p2b: Corviknight\n|-damage|p2b: Corviknight|74/100\n|-enditem|p2b: Corviknight|Leftovers|[from] move: Knock Off|[of] p1a: Tinkaton\n|move|p2a: Tyranitar|Low Kick|p1b: Orthworm\n|-activate|p1b: Orthworm|move: Protect\n|move|p2b: Corviknight|Bulk Up|p2b: Corviknight\n|-boost|p2b: Corviknight|atk|1\n|-boost|p2b: Corviknight|def|1\n|\n|-weather|Sandstorm|[upkeep]\n|upkeep\n|turn|3\n|inactive|Kondroid has 30 seconds left.\n|\n|t:|1776613734\n|move|p1a: Tinkaton|Gigaton Hammer|p2a: Tyranitar\n|-supereffective|p2a: Tyranitar|1\n|-damage|p2a: Tyranitar|0 fnt\n|faint|p2a: Tyranitar\n|move|p2b: Corviknight|Bulk Up|p2b: Corviknight\n|-boost|p2b: Corviknight|atk|1\n|-boost|p2b: Corviknight|def|1\n|move|p1b: Orthworm|Body Press|p2b: Corviknight\n|-damage|p2b: Corviknight|62/100\n|\n|-weather|Sandstorm|[upkeep]\n|upkeep\n|\n|t:|1776613743\n|switch|p2a: Excadrill|Excadrill, L50, M|100/100\n|turn|4\n|\n|t:|1776613757\n|move|p2a: Excadrill|Earthquake|p1a: Tinkaton|[spread] p1a\n|-heal|p1b: Orthworm|67/100|[from] ability: Earth Eater|[of] p2a: Excadrill\n|-immune|p2b: Corviknight\n|-supereffective|p1a: Tinkaton|1\n|-damage|p1a: Tinkaton|31/100\n|move|p1a: Tinkaton|Knock Off|p2a: Excadrill\n|-damage|p2a: Excadrill|76/100\n|-enditem|p2a: Excadrill|Focus Sash|[from] move: Knock Off|[of] p1a: Tinkaton\n|move|p2b: Corviknight|Brave Bird|p1a: Tinkaton\n|-resisted|p1a: Tinkaton|1\n|-damage|p1a: Tinkaton|0 fnt\n|faint|p1a: Tinkaton\n|-damage|p2b: Corviknight|53/100|[from] Recoil\n|move|p1b: Orthworm|Body Press|p2a: Excadrill\n|-supereffective|p2a: Excadrill|1\n|-damage|p2a: Excadrill|9/100\n|\n|-weather|Sandstorm|[upkeep]\n|upkeep\n|\n|t:|1776613776\n|switch|p1a: Hydreigon|Hydreigon, L50, M, shiny|100/100\n|turn|5\n|\n|t:|1776613788\n|move|p2a: Excadrill|Iron Head|p1a: Hydreigon\n|-damage|p1a: Hydreigon|41/100\n|move|p1a: Hydreigon|Heat Wave|p2b: Corviknight|[spread] p2a,p2b\n|-supereffective|p2a: Excadrill|1\n|-crit|p2a: Excadrill\n|-supereffective|p2b: Corviknight|1\n|-damage|p2a: Excadrill|0 fnt\n|-damage|p2b: Corviknight|4/100\n|faint|p2a: Excadrill\n|move|p2b: Corviknight|Tailwind|p2b: Corviknight\n|-sidestart|p2: dubsjd|move: Tailwind\n|move|p1b: Orthworm|Body Press|p2b: Corviknight\n|-damage|p2b: Corviknight|0 fnt\n|faint|p2b: Corviknight\n|\n|-weather|none\n|upkeep\n|-message|dubsjd forfeited.\n|\n|win|Kondroid\n|raw|Kondroid's rating: 1220 &rarr; <strong>1245</strong><br />(+25 for winning)\n|raw|dubsjd's rating: 1219 &rarr; <strong>1194</strong><br />(-25 for losing)\n|l|\u2606dubsjd\n|player|p2|\n|c|\u2606Kondroid|gg\n",
  "uploadtime": 1776613811,
  "views": 9,
  "formatid": "gen9championsvgc2026regma",
  "rating": 1194,
  "private": 0,
  "password": null
}