{
  "id": "gen9championsvgc2026regma-2586617746",
  "format": "[Gen 9 Champions] VGC 2026 Reg M-A",
  "players": [
    "Trolling4views",
    "dxjack"
  ],
  "log": "|j|\u2606Trolling4views\n|j|\u2606dxjack\n|t:|1776447203\n|gametype|doubles\n|player|p1|Trolling4views|youngster-gen4dp|1092\n|player|p2|dxjack|red|1000\n|gen|9\n|tier|[Gen 9 Champions] VGC 2026 Reg M-A\n|rated|\n|rule|Species Clause: Limit one of each Pok\u00e9mon\n|rule|Item Clause: Limit 1 of each item\n|clearpoke\n|poke|p1|Garchomp, L50, M|\n|poke|p1|Dragapult, L50, F|\n|poke|p1|Kingambit, L50, M|\n|poke|p1|Aerodactyl, L50, M|\n|poke|p1|Rotom-Wash, L50|\n|poke|p1|Talonflame, L50, M|\n|poke|p2|Excadrill, L50, F|\n|poke|p2|Tyranitar, L50, M|\n|poke|p2|Aerodactyl, L50, F|\n|poke|p2|Garchomp, L50, M|\n|poke|p2|Arcanine-Hisui, L50, F|\n|poke|p2|Aegislash, L50, F|\n|teampreview|4\n|inactive|Battle timer is ON: inactive players will automatically lose when time's up. (requested by dxjack)\nTrolling4views rejected open team sheets.\n|inactive|dxjack has 60 seconds left.\n|\n|t:|1776447250\n|teamsize|p1|4\n|teamsize|p2|4\n|start\n|switch|p1a: Talonflame|Talonflame, L50, M|100/100\n|switch|p1b: Rotom|Rotom-Wash, L50|100/100\n|switch|p2a: Excadrill|Excadrill, L50, F|100/100\n|switch|p2b: Arcanine|Arcanine-Hisui, L50, F|100/100\n|-ability|p2b: Arcanine|Intimidate|boost\n|-unboost|p1a: Talonflame|atk|1\n|-unboost|p1b: Rotom|atk|1\n|turn|1\n|\n|t:|1776447275\n|switch|p2b: Tyranitar|Tyranitar, L50, M|100/100\n|-weather|Sandstorm|[from] ability: Sand Stream|[of] p2b: Tyranitar\n|move|p2a: Excadrill|Protect|p2a: Excadrill\n|-singleturn|p2a: Excadrill|Protect\n|move|p1a: Talonflame|Tailwind|p1a: Talonflame\n|-sidestart|p1: Trolling4views|move: Tailwind\n|move|p1b: Rotom|Hydro Pump|p2a: Excadrill\n|-activate|p2a: Excadrill|move: Protect\n|\n|-weather|Sandstorm|[upkeep]\n|-damage|p1a: Talonflame|95/100|[from] Sandstorm\n|-damage|p1b: Rotom|95/100|[from] Sandstorm\n|upkeep\n|turn|2\n|inactive|dxjack has 30 seconds left.\n|inactive|dxjack has 20 seconds left.\n|inactive|dxjack has 15 seconds left.\n|\n|t:|1776447317\n|switch|p2a: Aegislash|Aegislash, L50, F|100/100\n|move|p1a: Talonflame|Will-O-Wisp|p2a: Aegislash\n|-status|p2a: Aegislash|brn\n|move|p1b: Rotom|Hydro Pump|p2b: Tyranitar\n|-supereffective|p2b: Tyranitar|1\n|-crit|p2b: Tyranitar\n|-damage|p2b: Tyranitar|2/100\n|move|p2b: Tyranitar|Rock Slide|p1b: Rotom|[spread] p1a,p1b\n|-supereffective|p1a: Talonflame|2\n|-damage|p1a: Talonflame|0 fnt\n|-damage|p1b: Rotom|64/100\n|faint|p1a: Talonflame\n|\n|-weather|Sandstorm|[upkeep]\n|-damage|p1b: Rotom|58/100|[from] Sandstorm\n|-damage|p2a: Aegislash|95/100 brn|[from] brn\n|upkeep\n|\n|t:|1776447333\n|switch|p1a: Garchomp|Garchomp, L50, M|100/100\n|turn|3\n|inactive|dxjack has 30 seconds left.\n|\n|t:|1776447363\n|move|p2a: Aegislash|Wide Guard|p2a: Aegislash\n|-singleturn|p2a: Aegislash|Wide Guard\n|move|p1a: Garchomp|Earthquake|p2b: Tyranitar|[spread] \n|-activate|p2a: Aegislash|move: Wide Guard\n|-activate|p2b: Tyranitar|move: Wide Guard\n|-immune|p1b: Rotom|[from] ability: Levitate\n|move|p1b: Rotom|Shadow Ball|p2a: Aegislash\n|-supereffective|p2a: Aegislash|1\n|-damage|p2a: Aegislash|50/100 brn\n|move|p2b: Tyranitar|Knock Off|p1b: Rotom\n|-damage|p1b: Rotom|0 fnt\n|-enditem|p1b: Rotom|Magnet|[from] move: Knock Off|[of] p2b: Tyranitar\n|faint|p1b: Rotom\n|\n|-weather|Sandstorm|[upkeep]\n|-damage|p2a: Aegislash|44/100 brn|[from] brn\n|upkeep\n|\n|t:|1776447379\n|switch|p1b: Aerodactyl|Aerodactyl, L50, M|100/100\n|turn|4\n|\n|t:|1776447407\n|switch|p2b: Arcanine|Arcanine-Hisui, L50, F|100/100\n|-ability|p2b: Arcanine|Intimidate|boost\n|-unboost|p1a: Garchomp|atk|1\n|-unboost|p1b: Aerodactyl|atk|1\n|move|p2a: Aegislash|King's Shield||[still]\n|-fail|p2a: Aegislash\n|move|p1b: Aerodactyl|Thunder Fang|p2a: Aegislash\n|-damage|p2a: Aegislash|34/100 brn\n|move|p1a: Garchomp|Poison Jab|p2b: Arcanine\n|-resisted|p2b: Arcanine|1\n|-damage|p2b: Arcanine|88/100\n|\n|-weather|Sandstorm|[upkeep]\n|-damage|p2a: Aegislash|28/100 brn|[from] brn\n|-sideend|p1: Trolling4views|move: Tailwind\n|upkeep\n|turn|5\n|inactive|dxjack has 30 seconds left.\n|inactive|dxjack has 20 seconds left.\n|inactive|dxjack has 15 seconds left.\n|inactive|dxjack has 10 seconds left.\n|inactive|dxjack has 5 seconds left.\n|\n|t:|1776447459\n|detailschange|p1b: Aerodactyl|Aerodactyl-Mega, L50, M\n|-mega|p1b: Aerodactyl|Aerodactyl|Aerodactylite\n|move|p2a: Aegislash|King's Shield|p2a: Aegislash\n|-singleturn|p2a: Aegislash|Protect\n|move|p2b: Arcanine|Extreme Speed|p1b: Aerodactyl\n|-resisted|p1b: Aerodactyl|1\n|-damage|p1b: Aerodactyl|84/100\n|move|p1b: Aerodactyl|Earthquake|p2b: Arcanine|[spread] p1a,p2b\n|-activate|p2a: Aegislash|move: Protect\n|-supereffective|p2b: Arcanine|2\n|-damage|p1a: Garchomp|83/100\n|-damage|p2b: Arcanine|5/100\n|move|p1a: Garchomp|Earthquake|p2a: Aegislash|[spread] p2b\n|-activate|p2a: Aegislash|move: Protect\n|-immune|p1b: Aerodactyl\n|-supereffective|p2b: Arcanine|2\n|-damage|p2b: Arcanine|0 fnt\n|faint|p2b: Arcanine\n|\n|-weather|none\n|-damage|p2a: Aegislash|22/100 brn|[from] brn\n|upkeep\n|\n|t:|1776447482\n|switch|p2b: Excadrill|Excadrill, L50, F|100/100\n|turn|6\n|\n|t:|1776447502\n|switch|p2a: Tyranitar|Tyranitar, L50, M|2/100\n|-weather|Sandstorm|[from] ability: Sand Stream|[of] p2a: Tyranitar\n|move|p2b: Excadrill|Iron Head|p1b: Aerodactyl\n|-supereffective|p1b: Aerodactyl|1\n|-damage|p1b: Aerodactyl|0 fnt\n|faint|p1b: Aerodactyl\n|move|p1a: Garchomp|Earthquake|p2a: Tyranitar|[spread] p2a,p2b\n|-supereffective|p2a: Tyranitar|1\n|-supereffective|p2b: Excadrill|1\n|-damage|p2a: Tyranitar|0 fnt\n|-damage|p2b: Excadrill|13/100\n|faint|p2a: Tyranitar\n|\n|-weather|Sandstorm|[upkeep]\n|upkeep\n|\n|t:|1776447520\n|switch|p2a: Aegislash|Aegislash, L50, F|22/100 brn\n|turn|7\n|inactive|dxjack has 30 seconds left.\n|inactive|dxjack has 20 seconds left.\n|\n|t:|1776447558\n|detailschange|p2b: Excadrill|Excadrill-Mega, L50, F\n|-mega|p2b: Excadrill|Excadrill|Excadrite\n|move|p2b: Excadrill|High Horsepower|p1a: Garchomp\n|-damage|p1a: Garchomp|31/100\n|-damage|p2b: Excadrill|1/100|[from] ability: Rough Skin|[of] p1a: Garchomp\n|move|p1a: Garchomp|Earthquake|p2a: Aegislash|[spread] p2a,p2b\n|-supereffective|p2a: Aegislash|1\n|-supereffective|p2b: Excadrill|1\n|-damage|p2a: Aegislash|0 fnt\n|-damage|p2b: Excadrill|0 fnt\n|faint|p2a: Aegislash\n|faint|p2b: Excadrill\n|\n|win|Trolling4views\n|raw|Trolling4views's rating: 1092 &rarr; <strong>1111</strong><br />(+19 for winning)\n|raw|dxjack's rating: 1000 &rarr; <strong>1000</strong><br />(+0 for losing)\n|l|\u2606Trolling4views\n|player|p1|\n",
  "uploadtime": 1776447570,
  "views": 23,
  "formatid": "gen9championsvgc2026regma",
  "rating": 1000,
  "private": 0,
  "password": null
}