{
  "id": "gen9championsvgc2026regma-2587882981",
  "format": "[Gen 9 Champions] VGC 2026 Reg M-A",
  "players": [
    "redistr",
    "fangyusuhe"
  ],
  "log": "|j|\u2606redistr\n|j|\u2606fangyusuhe\n|t:|1776574289\n|gametype|doubles\n|player|p1|redistr|chili|1395\n|player|p2|fangyusuhe|dawn|1454\n|gen|9\n|tier|[Gen 9 Champions] VGC 2026 Reg M-A\n|rated|\n|rule|Species Clause: Limit one of each Pok\u00e9mon\n|rule|Item Clause: Limit 1 of each item\n|clearpoke\n|poke|p1|Garchomp, L50, F, shiny|\n|poke|p1|Sneasler, L50, F, shiny|\n|poke|p1|Kingambit, L50, M, shiny|\n|poke|p1|Incineroar, L50, F|\n|poke|p1|Delphox, L50, F, shiny|\n|poke|p1|Floette-Eternal, L50, F|\n|poke|p2|Floette-Eternal, L50, F|\n|poke|p2|Sinistcha, L50|\n|poke|p2|Incineroar, L50, F|\n|poke|p2|Maushold, L50|\n|poke|p2|Talonflame, L50, F|\n|poke|p2|Garchomp, L50, F|\n|teampreview|4\n|inactive|Battle timer is ON: inactive players will automatically lose when time's up. (requested by redistr)\n|\n|t:|1776574315\n|teamsize|p1|4\n|teamsize|p2|4\n|start\n|switch|p1a: Karma|Incineroar, L50, F|100/100\n|switch|p1b: A Diva|Delphox, L50, F, shiny|100/100\n|switch|p2a: Floette|Floette-Eternal, L50, F|100/100\n|switch|p2b: Maushold|Maushold, L50|100/100\n|-ability|p1a: Karma|Intimidate|boost\n|-unboost|p2a: Floette|atk|1\n|-unboost|p2b: Maushold|atk|1\n|turn|1\n|\n|t:|1776574328\n|detailschange|p1b: A Diva|Delphox-Mega, L50, F, shiny\n|-mega|p1b: A Diva|Delphox|Delphoxite\n|detailschange|p2a: Floette|Floette-Mega, L50, F\n|-mega|p2a: Floette|Floette|Floettite\n|-ability|p2a: Floette|Fairy Aura\n|move|p1b: A Diva|Heat Wave|p2a: Floette|[spread] p2a,p2b\n|-damage|p2a: Floette|82/100\n|-damage|p2b: Maushold|52/100\n|-status|p2b: Maushold|brn\n|move|p2b: Maushold|Taunt|p1b: A Diva\n|-start|p1b: A Diva|move: Taunt\n|move|p2a: Floette|Calm Mind|p2a: Floette\n|-boost|p2a: Floette|spa|1\n|-boost|p2a: Floette|spd|1\n|move|p1a: Karma|Parting Shot|p2b: Maushold\n|-unboost|p2b: Maushold|atk|1\n|-unboost|p2b: Maushold|spa|1\n|\n|t:|1776574344\n|switch|p1a: Man Eater|Sneasler, L50, F, shiny|100/100|[from] Parting Shot\n|\n|-damage|p2b: Maushold|46/100 brn|[from] brn\n|upkeep\n|turn|2\n|\n|t:|1776574364\n|move|p2b: Maushold|Protect|p2b: Maushold\n|-singleturn|p2b: Maushold|Protect\n|move|p2a: Floette|Protect|p2a: Floette\n|-singleturn|p2a: Floette|Protect\n|move|p1a: Man Eater|Fake Out|p2a: Floette\n|-activate|p2a: Floette|move: Protect\n|move|p1b: A Diva|Psychic|p2b: Maushold\n|-activate|p2b: Maushold|move: Protect\n|\n|-damage|p2b: Maushold|40/100 brn|[from] brn\n|upkeep\n|turn|3\n|\n|t:|1776574377\n|move|p2b: Maushold|Follow Me|p2b: Maushold\n|-singleturn|p2b: Maushold|move: Follow Me\n|move|p1b: A Diva|Psychic|p2b: Maushold\n|-damage|p2b: Maushold|0 fnt\n|faint|p2b: Maushold\n|move|p1a: Man Eater|Dire Claw|p2a: Floette\n|-supereffective|p2a: Floette|1\n|-damage|p2a: Floette|9/100\n|-status|p2a: Floette|par\n|cant|p2a: Floette|par\n|\n|upkeep\n|\n|t:|1776574387\n|switch|p2b: Talonflame|Talonflame, L50, F|100/100\n|turn|4\n|j| GentleH\n|\n|t:|1776574402\n|switch|p1a: Karma|Incineroar, L50, F|100/100\n|-ability|p1a: Karma|Intimidate|boost\n|-unboost|p2a: Floette|atk|1\n|-unboost|p2b: Talonflame|atk|1\n|move|p2b: Talonflame|Acrobatics|p1a: Karma\n|-crit|p1a: Karma\n|-damage|p1a: Karma|52/100\n|move|p1b: A Diva|Psychic|p2b: Talonflame\n|-damage|p2b: Talonflame|32/100\n|-unboost|p2b: Talonflame|spd|1\n|move|p2a: Floette|Draining Kiss|p1b: A Diva\n|-resisted|p1b: A Diva|1\n|-damage|p1b: A Diva|72/100\n|-heal|p2a: Floette|28/100 par|[from] drain|[of] p1b: A Diva\n|\n|-heal|p1a: Karma|58/100|[from] item: Leftovers\n|-end|p1b: A Diva|move: Taunt\n|upkeep\n|turn|5\n|\n|t:|1776574421\n|move|p1a: Karma|Fake Out|p2a: Floette\n|-damage|p2a: Floette|18/100 par\n|move|p1b: A Diva|Psychic|p2b: Talonflame\n|-damage|p2b: Talonflame|0 fnt\n|faint|p2b: Talonflame\n|cant|p2a: Floette|flinch\n|\n|-heal|p1a: Karma|64/100|[from] item: Leftovers\n|upkeep\n|l| GentleH\n|\n|t:|1776574442\n|switch|p2b: Garchomp|Garchomp, L50, F|100/100\n|turn|6\n|\n|t:|1776574450\n|move|p1b: A Diva|Psychic|p2a: Floette\n|-damage|p2a: Floette|0 fnt\n|faint|p2a: Floette\n|move|p2b: Garchomp|Stomping Tantrum|p1a: Karma\n|-supereffective|p1a: Karma|1\n|-damage|p1a: Karma|0 fnt\n|faint|p1a: Karma\n|\n|upkeep\n|\n|t:|1776574456\n|switch|p1a: Man Eater|Sneasler, L50, F, shiny|100/100\n|turn|7\n|-message|fangyusuhe forfeited.\n|\n|win|redistr\n|raw|redistr's rating: 1395 &rarr; <strong>1417</strong><br />(+22 for winning)\n|raw|fangyusuhe's rating: 1432 &rarr; <strong>1410</strong><br />(-22 for losing)\n|l|\u2606redistr\n|player|p1|\n|l|\u2606fangyusuhe\n|player|p2|\n",
  "uploadtime": 1776574487,
  "views": 17,
  "formatid": "gen9championsvgc2026regma",
  "rating": 1410,
  "private": 0,
  "password": null
}