{
  "id": "gen9championsvgc2026regma-2587026360",
  "format": "[Gen 9 Champions] VGC 2026 Reg M-A",
  "players": [
    "Plameeyt1",
    "owningace4"
  ],
  "log": "|j|\u2606Plameeyt1\n|j|\u2606owningace4\n|t:|1776482618\n|gametype|doubles\n|player|p1|Plameeyt1|2|1072\n|player|p2|owningace4|102|1121\n|gen|9\n|tier|[Gen 9 Champions] VGC 2026 Reg M-A\n|rated|\n|rule|Species Clause: Limit one of each Pok\u00e9mon\n|rule|Item Clause: Limit 1 of each item\n|clearpoke\n|poke|p1|Kommo-o, L50, F|\n|poke|p1|Greninja-*, L50, M|\n|poke|p1|Bastiodon, L50, F|\n|poke|p1|Skeledirge, L50, M|\n|poke|p1|Heliolisk, L50, F|\n|poke|p1|Leafeon, L50, M|\n|poke|p2|Lucario, L50, F|\n|poke|p2|Whimsicott, L50, F|\n|poke|p2|Delphox, L50, F|\n|poke|p2|Sneasler, L50, F|\n|poke|p2|Mamoswine, L50, M|\n|poke|p2|Basculegion, L50, M|\n|teampreview|4\nPlameeyt1 rejected open team sheets.\n|inactive|Battle timer is ON: inactive players will automatically lose when time's up. (requested by Plameeyt1)\n|\n|t:|1776482641\n|teamsize|p1|4\n|teamsize|p2|4\n|start\n|switch|p1a: Bastiodon|Bastiodon, L50, F, shiny|100/100\n|switch|p1b: Greninja|Greninja, L50, M|100/100\n|switch|p2a: Lucario|Lucario, L50, F|100/100\n|switch|p2b: Sneasler|Sneasler, L50, F|100/100\n|turn|1\n|inactive|owningace4 has 30 seconds left.\n|inactive|owningace4 has 20 seconds left.\n|\n|t:|1776482677\n|switch|p1b: Skeledirge|Skeledirge, L50, M|100/100\n|detailschange|p2a: Lucario|Lucario-Mega, L50, F\n|-mega|p2a: Lucario|Lucario|Lucarionite\n|move|p2b: Sneasler|Coaching|p2a: Lucario\n|-boost|p2a: Lucario|atk|1\n|-boost|p2a: Lucario|def|1\n|move|p2a: Lucario|Close Combat|p1b: Skeledirge\n|-immune|p1b: Skeledirge\n|move|p1a: Bastiodon|Metal Burst||[still]\n|-fail|p1a: Bastiodon\n|\n|upkeep\n|turn|2\n|\n|t:|1776482696\n|move|p2a: Lucario|Protect|p2a: Lucario\n|-singleturn|p2a: Lucario|Protect\n|move|p2b: Sneasler|Close Combat|p1a: Bastiodon\n|-supereffective|p1a: Bastiodon|2\n|-enditem|p1a: Bastiodon|Focus Sash\n|-damage|p1a: Bastiodon|1/100\n|-unboost|p2b: Sneasler|def|1\n|-unboost|p2b: Sneasler|spd|1\n|-enditem|p2b: Sneasler|White Herb\n|-clearnegativeboost|p2b: Sneasler|[silent]\n|move|p1b: Skeledirge|Torch Song|p2b: Sneasler\n|-damage|p2b: Sneasler|55/100\n|-boost|p1b: Skeledirge|spa|1\n|move|p1a: Bastiodon|Body Press|p2a: Lucario\n|-activate|p2a: Lucario|move: Protect\n|\n|upkeep\n|turn|3\n|inactive|owningace4 has 30 seconds left.\n|\n|t:|1776482728\n|switch|p2a: Mamoswine|Mamoswine, L50, M|100/100\n|move|p2b: Sneasler|Coaching|p2a: Mamoswine\n|-boost|p2a: Mamoswine|atk|1\n|-boost|p2a: Mamoswine|def|1\n|move|p1b: Skeledirge|Torch Song|p2a: Mamoswine\n|-supereffective|p2a: Mamoswine|1\n|-damage|p2a: Mamoswine|39/100\n|-boost|p1b: Skeledirge|spa|1\n|move|p1a: Bastiodon|Foul Play|p2a: Mamoswine\n|-damage|p2a: Mamoswine|6/100\n|\n|upkeep\n|turn|4\n|\n|t:|1776482744\n|move|p1a: Bastiodon|Wide Guard|p1a: Bastiodon\n|-singleturn|p1a: Bastiodon|Wide Guard\n|move|p2b: Sneasler|Close Combat|p1a: Bastiodon\n|-supereffective|p1a: Bastiodon|2\n|-damage|p1a: Bastiodon|0 fnt\n|-unboost|p2b: Sneasler|def|1\n|-unboost|p2b: Sneasler|spd|1\n|faint|p1a: Bastiodon\n|move|p2a: Mamoswine|High Horsepower|p1b: Skeledirge\n|-supereffective|p1b: Skeledirge|1\n|-damage|p1b: Skeledirge|23/100\n|move|p1b: Skeledirge|Snarl|p2a: Mamoswine|[spread] p2a,p2b\n|-resisted|p2b: Sneasler|1\n|-damage|p2a: Mamoswine|0 fnt\n|-damage|p2b: Sneasler|39/100\n|-unboost|p2b: Sneasler|spa|1\n|faint|p2a: Mamoswine\n|\n|upkeep\n|\n|t:|1776482764\n|switch|p2a: Basculegion|Basculegion, L50, M|100/100\n|switch|p1a: Greninja|Greninja, L50, M|100/100\n|turn|5\n|\n|t:|1776482772\n|detailschange|p1a: Greninja|Greninja-Mega, L50, M\n|-mega|p1a: Greninja|Greninja|Greninjite\n|move|p2b: Sneasler|Close Combat|p1a: Greninja\n|-supereffective|p1a: Greninja|1\n|-damage|p1a: Greninja|0 fnt\n|-unboost|p2b: Sneasler|def|1\n|-unboost|p2b: Sneasler|spd|1\n|faint|p1a: Greninja\n|move|p2a: Basculegion|Wave Crash|p1b: Skeledirge\n|-supereffective|p1b: Skeledirge|1\n|-damage|p1b: Skeledirge|0 fnt\n|faint|p1b: Skeledirge\n|-damage|p2a: Basculegion|92/100|[from] Recoil\n|\n|upkeep\n|\n|t:|1776482781\n|switch|p1b: Leafeon|Leafeon, L50, M|100/100\n|turn|6\n|\n|t:|1776482788\n|switch|p2a: Lucario|Lucario-Mega, L50, F|100/100\n|move|p2b: Sneasler|Dire Claw|p1b: Leafeon\n|-supereffective|p1b: Leafeon|1\n|-damage|p1b: Leafeon|12/100\n|move|p1b: Leafeon|Leaf Blade|p2a: Lucario\n|-resisted|p2a: Lucario|1\n|-crit|p2a: Lucario\n|-damage|p2a: Lucario|58/100\n|\n|upkeep\n|turn|7\n|\n|t:|1776482800\n|move|p2a: Lucario|Bullet Punch|p1b: Leafeon\n|-damage|p1b: Leafeon|0 fnt\n|faint|p1b: Leafeon\n|\n|win|owningace4\n|raw|Plameeyt1's rating: 1072 &rarr; <strong>1054</strong><br />(-18 for losing)\n|raw|owningace4's rating: 1121 &rarr; <strong>1142</strong><br />(+21 for winning)\n|l|\u2606Plameeyt1\n|player|p1|\n",
  "uploadtime": 1776482946,
  "views": 26,
  "formatid": "gen9championsvgc2026regma",
  "rating": 1054,
  "private": 0,
  "password": null
}