{
  "id": "gen9championsvgc2026regma-2585117831",
  "format": "[Gen 9 Champions] VGC 2026 Reg M-A",
  "players": [
    "knoxxzeta",
    "mynamegrassgreen"
  ],
  "log": "|j|\u2606knoxxzeta\n|j|\u2606mynamegrassgreen\n|t:|1776313819\n|gametype|doubles\n|player|p1|knoxxzeta|cyrus-masters|\n|player|p2|mynamegrassgreen|102|\n|gen|9\n|tier|[Gen 9 Champions] VGC 2026 Reg M-A\n|rated|Tournament battle\n|rule|Species Clause: Limit one of each Pok\u00e9mon\n|rule|Item Clause: Limit 1 of each item\n|clearpoke\n|poke|p1|Mimikyu, L50, F|\n|poke|p1|Aegislash, L50, M|\n|poke|p1|Charizard, L50, M|\n|poke|p1|Milotic, L50, F|\n|poke|p1|Sinistcha-Masterpiece, L50|\n|poke|p1|Sneasler, L50, M|\n|poke|p2|Kommo-o, L50, M|\n|poke|p2|Gengar, L50, M|\n|poke|p2|Whimsicott, L50, M|\n|poke|p2|Sinistcha-Masterpiece, L50|\n|poke|p2|Incineroar, L50, M|\n|poke|p2|Tyranitar, L50, M|\n|teampreview|4\n|j| wapop10086\n|j| Rainpelt103\nmynamegrassgreen has agreed to open team sheets.\n|c|\u2606knoxxzeta|should be free win for you\n|c|\u2606knoxxzeta|im testing out sm pure bs\nknoxxzeta has agreed to open team sheets.\n|showteam|p1|Mimikyu||SpellTag|Disguise|PlayRough,ShadowSneak,SwordsDance,Protect|||F|||50|]Aegislash||Leftovers|StanceChange|PsychoCut,IronHead,Substitute,KingsShield|||M|||50|]Charizard||CharizarditeX|Blaze|FlareBlitz,RockSlide,Roost,Protect|||M|||50|]Milotic||SitrusBerry|Competitive|Scald,IcyWind,Recover,Protect|||F|||50|]Sinistcha-Masterpiece||ColburBerry|Hospitality|MatchaGotcha,StrengthSap,LifeDew,RagePowder||||||50|]Sneasler||FocusSash|Unburden|CloseCombat,DireClaw,FakeOut,Protect|||M|||50|\n|showteam|p2|Kommo-o||Leftovers|Overcoat|ClangorousSoul,ClangingScales,AuraSphere,Protect|||M|||50|]Gengar||Gengarite|CursedBody|ShadowBall,PerishSong,Substitute,Protect|||M|||50|]Whimsicott||FocusSash|Prankster|Moonblast,Encore,Tailwind,Protect|||M|||50|]Sinistcha-Masterpiece||SitrusBerry|Hospitality|MatchaGotcha,RagePowder,TrickRoom,StrengthSap||||||50|]Incineroar||ShucaBerry|Intimidate|FakeOut,FlareBlitz,Protect,PartingShot|||M|||50|]Tyranitar||ChoiceScarf|SandStream|RockSlide,KnockOff,StoneEdge,LowKick|||M|||50|\n|c|\u2606mynamegrassgreen|this looks like a hard  my lol\n|\n|t:|1776313892\n|teamsize|p1|4\n|teamsize|p2|4\n|start\n|switch|p1a: Charizard|Charizard, L50, M|100/100\n|switch|p1b: Milotic|Milotic, L50, F|100/100\n|switch|p2a: thinking of name|Tyranitar, L50, M|100/100\n|switch|p2b: :3|Whimsicott, L50, M|100/100\n|-weather|Sandstorm|[from] ability: Sand Stream|[of] p2a: thinking of name\n|turn|1\n|j| Scapegoat11\n|\n|t:|1776313933\n|detailschange|p1a: Charizard|Charizard-Mega-X, L50, M\n|-mega|p1a: Charizard|Charizard|Charizardite X\n|move|p2b: :3|Protect|p2b: :3\n|-singleturn|p2b: :3|Protect\n|move|p2a: thinking of name|Rock Slide|p1a: Charizard|[spread] p1a,p1b\n|-supereffective|p1a: Charizard|1\n|-damage|p1a: Charizard|52/100\n|-damage|p1b: Milotic|78/100\n|cant|p1a: Charizard|flinch\n|move|p1b: Milotic|Scald|p2a: thinking of name\n|-supereffective|p2a: thinking of name|1\n|-damage|p2a: thinking of name|63/100\n|\n|-weather|Sandstorm|[upkeep]\n|-damage|p2b: :3|95/100|[from] Sandstorm\n|-damage|p1a: Charizard|46/100|[from] Sandstorm\n|-damage|p1b: Milotic|72/100|[from] Sandstorm\n|upkeep\n|turn|2\n|\n|t:|1776313950\n|switch|p2b: beer|Sinistcha-Masterpiece, L50|100/100\n|-heal|p2a: thinking of name|88/100|[from] ability: Hospitality|[of] p2b: beer\n|switch|p1a: Sinistcha|Sinistcha-Masterpiece, L50|100/100\n|-heal|p1b: Milotic|97/100|[from] ability: Hospitality|[of] p1a: Sinistcha\n|move|p2a: thinking of name|Rock Slide|p1a: Sinistcha|[spread] p1a,p1b\n|-crit|p1b: Milotic\n|-damage|p1a: Sinistcha|72/100\n|-damage|p1b: Milotic|61/100\n|move|p1b: Milotic|Icy Wind|p2a: thinking of name|[spread] p2a,p2b\n|-supereffective|p2b: beer|1\n|-damage|p2a: thinking of name|81/100\n|-damage|p2b: beer|81/100\n|-unboost|p2a: thinking of name|spe|1\n|-unboost|p2b: beer|spe|1\n|\n|-weather|Sandstorm|[upkeep]\n|-damage|p1b: Milotic|55/100|[from] Sandstorm\n|-damage|p1a: Sinistcha|66/100|[from] Sandstorm\n|-damage|p2b: beer|75/100|[from] Sandstorm\n|upkeep\n|turn|3\n|j|+holdingb\n|c|\u2606mynamegrassgreen|mb\n|\n|t:|1776313971\n|switch|p2a: STAY WITH ME \ud83c\udfb5|Gengar, L50, M|100/100\n|move|p1b: Milotic|Scald|p2a: STAY WITH ME \ud83c\udfb5\n|-damage|p2a: STAY WITH ME \ud83c\udfb5|62/100\n|-status|p2a: STAY WITH ME \ud83c\udfb5|brn\n|move|p1a: Sinistcha|Strength Sap|p2a: STAY WITH ME \ud83c\udfb5\n|-unboost|p2a: STAY WITH ME \ud83c\udfb5|atk|1\n|-heal|p1a: Sinistcha|100/100\n|move|p2b: beer|Matcha Gotcha|p1b: Milotic|[spread] p1a,p1b\n|-resisted|p1a: Sinistcha|1\n|-supereffective|p1b: Milotic|1\n|-damage|p1a: Sinistcha|89/100\n|-heal|p2b: beer|81/100|[from] drain|[of] p1a: Sinistcha\n|-damage|p1b: Milotic|21/100\n|-heal|p2b: beer|99/100|[from] drain|[of] p1b: Milotic\n|-enditem|p1b: Milotic|Sitrus Berry|[eat]\n|-heal|p1b: Milotic|46/100|[from] item: Sitrus Berry\n|\n|-weather|Sandstorm|[upkeep]\n|-damage|p2a: STAY WITH ME \ud83c\udfb5|56/100 brn|[from] Sandstorm\n|-damage|p1b: Milotic|40/100|[from] Sandstorm\n|-damage|p1a: Sinistcha|83/100|[from] Sandstorm\n|-damage|p2b: beer|94/100|[from] Sandstorm\n|-damage|p2a: STAY WITH ME \ud83c\udfb5|50/100 brn|[from] brn\n|upkeep\n|turn|4\n|\n|t:|1776313993\n|detailschange|p2a: STAY WITH ME \ud83c\udfb5|Gengar-Mega, L50, M\n|-mega|p2a: STAY WITH ME \ud83c\udfb5|Gengar|Gengarite\n|move|p2a: STAY WITH ME \ud83c\udfb5|Protect|p2a: STAY WITH ME \ud83c\udfb5\n|-singleturn|p2a: STAY WITH ME \ud83c\udfb5|Protect\n|move|p1a: Sinistcha|Rage Powder|p1a: Sinistcha\n|-singleturn|p1a: Sinistcha|move: Rage Powder\n|move|p1b: Milotic|Recover|p1b: Milotic\n|-heal|p1b: Milotic|90/100\n|move|p2b: beer|Matcha Gotcha|p1a: Sinistcha|[spread] p1a,p1b\n|-resisted|p1a: Sinistcha|1\n|-supereffective|p1b: Milotic|1\n|-damage|p1a: Sinistcha|73/100\n|-heal|p2b: beer|99/100|[from] drain|[of] p1a: Sinistcha\n|-damage|p1b: Milotic|57/100\n|-heal|p2b: beer|100/100|[from] drain|[of] p1b: Milotic\n|\n|-weather|Sandstorm|[upkeep]\n|-damage|p2a: STAY WITH ME \ud83c\udfb5|44/100 brn|[from] Sandstorm\n|-damage|p1b: Milotic|51/100|[from] Sandstorm\n|-damage|p1a: Sinistcha|67/100|[from] Sandstorm\n|-damage|p2b: beer|94/100|[from] Sandstorm\n|-damage|p2a: STAY WITH ME \ud83c\udfb5|38/100 brn|[from] brn\n|upkeep\n|turn|5\n|\n|t:|1776314016\n|move|p2a: STAY WITH ME \ud83c\udfb5|Shadow Ball|p1a: Sinistcha\n|-supereffective|p1a: Sinistcha|1\n|-damage|p1a: Sinistcha|0 fnt\n|faint|p1a: Sinistcha\n|move|p1b: Milotic|Scald|p2a: STAY WITH ME \ud83c\udfb5\n|-damage|p2a: STAY WITH ME \ud83c\udfb5|5/100 brn\n|move|p2b: beer|Matcha Gotcha|p1b: Milotic\n|-supereffective|p1b: Milotic|1\n|-damage|p1b: Milotic|4/100\n|-heal|p2b: beer|100/100|[from] drain|[of] p1b: Milotic\n|-status|p1b: Milotic|brn\n|\n|-weather|none\n|-damage|p2a: STAY WITH ME \ud83c\udfb5|0 fnt|[from] brn\n|faint|p2a: STAY WITH ME \ud83c\udfb5\n|-damage|p1b: Milotic|0 fnt|[from] brn\n|faint|p1b: Milotic\n|upkeep\n|\n|t:|1776314037\n|switch|p2a: thinking of name|Tyranitar, L50, M|81/100\n|switch|p1b: Mimikyu|Mimikyu, L50, F|100/100\n|switch|p1a: Charizard|Charizard-Mega-X, L50, M|46/100\n|-weather|Sandstorm|[from] ability: Sand Stream|[of] p2a: thinking of name\n|turn|6\n|\n|t:|1776314057\n|move|p2b: beer|Rage Powder|p2b: beer\n|-singleturn|p2b: beer|move: Rage Powder\n|move|p2a: thinking of name|Rock Slide|p1b: Mimikyu|[spread] p1a,p1b\n|-supereffective|p1a: Charizard|1\n|-damage|p1a: Charizard|0 fnt\n|-activate|p1b: Mimikyu|ability: Disguise\n|-damage|p1b: Mimikyu|100/100\n|detailschange|p1b: Mimikyu|Mimikyu-Busted, L50, F\n|-damage|p1b: Mimikyu|88/100|[from] pokemon: Mimikyu-Busted\n|faint|p1a: Charizard\n|cant|p1b: Mimikyu|flinch\n|\n|-weather|Sandstorm|[upkeep]\n|-damage|p1b: Mimikyu|82/100|[from] Sandstorm\n|-damage|p2b: beer|94/100|[from] Sandstorm\n|upkeep\n|turn|7\n|l| Rainpelt103\n|c|\u2606knoxxzeta|lol\n|c|\u2606mynamegrassgreen|skill dif fr\n|c|\u2606knoxxzeta|ggs\n|c|\u2606mynamegrassgreen|but idk if ur doing either\n|c|\u2606mynamegrassgreen|ggs wp\n|\n|t:|1776314083\n|move|p2b: beer|Rage Powder|p2b: beer\n|-singleturn|p2b: beer|move: Rage Powder\n|move|p2a: thinking of name|Rock Slide|p1b: Mimikyu\n|-damage|p1b: Mimikyu|28/100\n|cant|p1b: Mimikyu|flinch\n|\n|-weather|Sandstorm|[upkeep]\n|-damage|p1b: Mimikyu|22/100|[from] Sandstorm\n|-damage|p2b: beer|88/100|[from] Sandstorm\n|upkeep\n|turn|8\n|c|\u2606knoxxzeta|W ttar\n|c|\u2606mynamegrassgreen|there goes the luck when I need it\n|\n|t:|1776314100\n|move|p2a: thinking of name|Rock Slide|p1b: Mimikyu\n|-damage|p1b: Mimikyu|0 fnt\n|faint|p1b: Mimikyu\n|\n|win|mynamegrassgreen\n|n|\u2606knoxxzeta|knoxxzeta\n|n|\u2606mynamegrassgreen|mynamegrassgreen\n|n| wapop10086|wapop10086\n|n| Scapegoat11|scapegoat11\n|n| holdingb|holdingb\n|c|\u2606mynamegrassgreen|ggs lol\n|c|\u2606knoxxzeta|gl\n|l|\u2606mynamegrassgreen\n|player|p2|\n|c|\u2606knoxxzeta|gg\n|l|\u2606knoxxzeta\n|player|p1|\n|l| wapop10086\n|l| Scapegoat11\n",
  "uploadtime": 1776314487,
  "views": 18,
  "formatid": "gen9championsvgc2026regma",
  "rating": null,
  "private": 0,
  "password": null
}