{
  "id": "gen9championsvgc2026regma-2584829562",
  "format": "[Gen 9 Champions] VGC 2026 Reg M-A",
  "players": [
    "tokerr",
    "Sergiosh19"
  ],
  "log": "|j|\u2606tokerr\n|j|\u2606Sergiosh19\n|t:|1776286880\n|gametype|doubles\n|player|p1|tokerr|ninjaboy|1183\n|player|p2|Sergiosh19|169|1125\n|gen|9\n|tier|[Gen 9 Champions] VGC 2026 Reg M-A\n|rated|\n|rule|Species Clause: Limit one of each Pok\u00e9mon\n|rule|Item Clause: Limit 1 of each item\n|clearpoke\n|poke|p1|Incineroar, L50, M|\n|poke|p1|Machamp, L50, F|\n|poke|p1|Farigiraf, L50, F|\n|poke|p1|Scovillain, L50, M|\n|poke|p1|Hatterene, L50, F|\n|poke|p1|Drampa, L50, M|\n|poke|p2|Dragonite, L50, M|\n|poke|p2|Incineroar, L50, M|\n|poke|p2|Basculegion, L50, M|\n|poke|p2|Pelipper, L50, F|\n|poke|p2|Archaludon, L50, M|\n|poke|p2|Sinistcha, L50|\n|teampreview|4\n|inactive|Battle timer is ON: inactive players will automatically lose when time's up. (requested by Sergiosh19)\nSergiosh19 has agreed to open team sheets.\n|\n|t:|1776286906\n|teamsize|p1|4\n|teamsize|p2|4\n|start\n|switch|p1a: Farigiraf|Farigiraf, L50, F|100/100\n|switch|p1b: Hatterene|Hatterene, L50, F|100/100\n|switch|p2a: Pelipper|Pelipper, L50, F|100/100\n|switch|p2b: Dragonite|Dragonite, L50, M|100/100\n|-weather|RainDance|[from] ability: Drizzle|[of] p2a: Pelipper\n|turn|1\n|inactive|Sergiosh19 has 30 seconds left.\n|inactive|Sergiosh19 has 20 seconds left.\n|inactive|Sergiosh19 has 15 seconds left.\n|inactive|Sergiosh19 has 10 seconds left.\n|\n|t:|1776286952\n|detailschange|p2b: Dragonite|Dragonite-Mega, L50, M\n|-mega|p2b: Dragonite|Dragonite|Dragoninite\n|move|p1a: Farigiraf|Protect|p1a: Farigiraf\n|-singleturn|p1a: Farigiraf|Protect\n|move|p2b: Dragonite|Hurricane|p1b: Hatterene\n|-damage|p1b: Hatterene|29/100\n|move|p2a: Pelipper|Hurricane|p1b: Hatterene\n|-damage|p1b: Hatterene|0 fnt\n|faint|p1b: Hatterene\n|\n|-weather|RainDance|[upkeep]\n|upkeep\n|\n|t:|1776286962\n|switch|p1b: Machamp|Machamp, L50, F|100/100\n|turn|2\n|\n|t:|1776286984\n|move|p1b: Machamp|Protect|p1b: Machamp\n|-singleturn|p1b: Machamp|Protect\n|move|p2b: Dragonite|Hurricane|p1a: Farigiraf\n|-damage|p1a: Farigiraf|34/100\n|-enditem|p1a: Farigiraf|Sitrus Berry|[eat]\n|-heal|p1a: Farigiraf|58/100|[from] item: Sitrus Berry\n|move|p2a: Pelipper|Hurricane|p1a: Farigiraf\n|-damage|p1a: Farigiraf|14/100\n|move|p1a: Farigiraf|Trick Room|p1a: Farigiraf\n|-fieldstart|move: Trick Room|[of] p1a: Farigiraf\n|\n|-weather|RainDance|[upkeep]\n|upkeep\n|turn|3\n|\n|t:|1776287005\n|switch|p1a: Drampa|Drampa, L50, M|100/100\n|-ability|p1a: Drampa|Cloud Nine\n|move|p1b: Machamp|Rock Slide|p2b: Dragonite|[spread] p2a,p2b\n|-supereffective|p2a: Pelipper|1\n|-supereffective|p2b: Dragonite|1\n|-damage|p2a: Pelipper|62/100\n|-damage|p2b: Dragonite|82/100\n|move|p2a: Pelipper|Hurricane|p1b: Machamp\n|-supereffective|p1b: Machamp|1\n|-damage|p1b: Machamp|17/100\n|-start|p1b: Machamp|confusion\n|move|p2b: Dragonite|Hurricane|p1b: Machamp\n|-supereffective|p1b: Machamp|1\n|-damage|p1b: Machamp|0 fnt\n|faint|p1b: Machamp\n|\n|-weather|RainDance|[upkeep]\n|upkeep\n|c|\u2606tokerr|really?\n|\n|t:|1776287023\n|switch|p1b: Farigiraf|Farigiraf, L50, F|14/100\n|turn|4\n|\n|t:|1776287037\n|switch|p2b: Incineroar|Incineroar, L50, M|100/100\n|-ability|p2b: Incineroar|Intimidate|boost\n|-unboost|p1a: Drampa|atk|1\n|-unboost|p1b: Farigiraf|atk|1\n|move|p2a: Pelipper|Protect|p2a: Pelipper\n|-singleturn|p2a: Pelipper|Protect\n|move|p1a: Drampa|Thunderbolt|p2b: Incineroar\n|-damage|p2b: Incineroar|71/100\n|move|p1b: Farigiraf|Twin Beam|p2a: Pelipper\n|-activate|p2a: Pelipper|move: Protect\n|\n|-weather|RainDance|[upkeep]\n|upkeep\n|turn|5\n|inactive|Sergiosh19 has 30 seconds left.\n|inactive|Sergiosh19 has 20 seconds left.\n|inactive|Sergiosh19 has 15 seconds left.\n|inactive|Sergiosh19 has 10 seconds left.\n|\n|t:|1776287082\n|move|p2b: Incineroar|Fake Out||[still]\n|cant|p1b: Farigiraf|ability: Armor Tail|Fake Out|[of] p2b: Incineroar\n|move|p1a: Drampa|Earth Power|p2b: Incineroar\n|-supereffective|p2b: Incineroar|1\n|-damage|p2b: Incineroar|15/100\n|-unboost|p2b: Incineroar|spd|1\n|-enditem|p2b: Incineroar|Sitrus Berry|[eat]\n|-heal|p2b: Incineroar|40/100|[from] item: Sitrus Berry\n|move|p1b: Farigiraf|Hyper Voice|p2b: Incineroar|[spread] p2a,p2b\n|-damage|p2a: Pelipper|11/100\n|-damage|p2b: Incineroar|0 fnt\n|faint|p2b: Incineroar\n|move|p2a: Pelipper|Hurricane|p1b: Farigiraf\n|-damage|p1b: Farigiraf|0 fnt\n|faint|p1b: Farigiraf\n|\n|-weather|none\n|upkeep\n|\n|t:|1776287099\n|switch|p2b: Dragonite|Dragonite-Mega, L50, M|82/100\n|turn|6\n|c|\u2606tokerr|no mms\n|\n|t:|1776287110\n|move|p2a: Pelipper|Protect|p2a: Pelipper\n|-singleturn|p2a: Pelipper|Protect\n|move|p1a: Drampa|Draco Meteor|p2b: Dragonite\n|-supereffective|p2b: Dragonite|1\n|-damage|p2b: Dragonite|0 fnt\n|-unboost|p1a: Drampa|spa|2\n|faint|p2b: Dragonite\n|\n|-fieldend|move: Trick Room\n|upkeep\n|\n|t:|1776287118\n|switch|p2b: Basculegion|Basculegion, L50, M|100/100\n|turn|7\n|\n|t:|1776287132\n|move|p2b: Basculegion|Wave Crash|p1a: Drampa\n|-resisted|p1a: Drampa|1\n|-damage|p1a: Drampa|68/100\n|-damage|p2b: Basculegion|90/100|[from] Recoil\n|move|p2a: Pelipper|Tailwind|p2a: Pelipper\n|-sidestart|p2: Sergiosh19|move: Tailwind\n|move|p1a: Drampa|Thunderbolt|p2b: Basculegion\n|-supereffective|p2b: Basculegion|1\n|-damage|p2b: Basculegion|47/100\n|\n|upkeep\n|turn|8\n|\n|t:|1776287144\n|move|p2b: Basculegion|Wave Crash|p1a: Drampa\n|-resisted|p1a: Drampa|1\n|-damage|p1a: Drampa|36/100\n|-damage|p2b: Basculegion|37/100|[from] Recoil\n|move|p2a: Pelipper|Hurricane|p1a: Drampa|[miss]\n|-miss|p2a: Pelipper|p1a: Drampa\n|move|p1a: Drampa|Thunderbolt|p2b: Basculegion\n|-supereffective|p2b: Basculegion|1\n|-crit|p2b: Basculegion\n|-damage|p2b: Basculegion|0 fnt\n|faint|p2b: Basculegion\n|\n|upkeep\n|turn|9\n|\n|t:|1776287157\n|move|p2a: Pelipper|Hurricane|p1a: Drampa\n|-damage|p1a: Drampa|0 fnt\n|faint|p1a: Drampa\n|\n|win|Sergiosh19\n|raw|tokerr's rating: 1183 &rarr; <strong>1154</strong><br />(-29 for losing)\n|raw|Sergiosh19's rating: 1125 &rarr; <strong>1154</strong><br />(+29 for winning)\n",
  "uploadtime": 1776287162,
  "views": 27,
  "formatid": "gen9championsvgc2026regma",
  "rating": 1154,
  "private": 0,
  "password": null
}