{
  "id": "gen9championsvgc2026regma-2585768447",
  "format": "[Gen 9 Champions] VGC 2026 Reg M-A",
  "players": [
    "toxmyself",
    "xMF_GLOOM"
  ],
  "log": "|j|\u2606toxmyself\n|j|\u2606xMF_GLOOM\n|t:|1776369264\n|gametype|doubles\n|player|p1|toxmyself|norman|1265\n|player|p2|xMF_GLOOM|chuck|1358\n|gen|9\n|tier|[Gen 9 Champions] VGC 2026 Reg M-A\n|rated|\n|rule|Species Clause: Limit one of each Pok\u00e9mon\n|rule|Item Clause: Limit 1 of each item\n|clearpoke\n|poke|p1|Charizard, L50, F|\n|poke|p1|Milotic, L50, M|\n|poke|p1|Aegislash, L50, M|\n|poke|p1|Sneasler, L50, F|\n|poke|p1|Aerodactyl, L50, M|\n|poke|p1|Sylveon, L50, M|\n|poke|p2|Tyranitar, L50, M|\n|poke|p2|Garchomp, L50, M|\n|poke|p2|Corviknight, L50, M|\n|poke|p2|Incineroar, L50, M|\n|poke|p2|Milotic, L50, M|\n|poke|p2|Sinistcha, L50|\n|teampreview|4\n|inactive|Battle timer is ON: inactive players will automatically lose when time's up. (requested by toxmyself)\n|inactive|xMF_GLOOM has 60 seconds left.\n|\n|t:|1776369302\n|teamsize|p1|4\n|teamsize|p2|4\n|start\n|switch|p1a: Milotic|Milotic, L50, M|100/100\n|switch|p1b: Charizard|Charizard, L50, F|100/100\n|switch|p2a: Chai|Sinistcha, L50|100/100\n|switch|p2b: Edgar|Corviknight, L50, M, shiny|100/100\n|turn|1\n|\n|t:|1776369322\n|switch|p2a: Ariel|Milotic, L50, M|100/100\n|move|p2b: Edgar|Protect|p2b: Edgar\n|-singleturn|p2b: Edgar|Protect\n|move|p1b: Charizard|Dragon Dance|p1b: Charizard\n|-boost|p1b: Charizard|atk|1\n|-boost|p1b: Charizard|spe|1\n|move|p1a: Milotic|Icy Wind|p2b: Edgar|[spread] p2a\n|-activate|p2b: Edgar|move: Protect\n|-resisted|p2a: Ariel|1\n|-damage|p2a: Ariel|97/100\n|-unboost|p2a: Ariel|spe|1\n|-ability|p2a: Ariel|Competitive|boost\n|-boost|p2a: Ariel|spa|2\n|\n|upkeep\n|turn|2\n|c|\u2606toxmyself|oof\n|inactive|toxmyself has 30 seconds left.\n|inactive|xMF_GLOOM has 30 seconds left.\n|\n|t:|1776369351\n|switch|p2b: Reptar|Tyranitar, L50, M, shiny|100/100\n|-weather|Sandstorm|[from] ability: Sand Stream|[of] p2b: Reptar\n|detailschange|p1b: Charizard|Charizard-Mega-X, L50, F\n|-mega|p1b: Charizard|Charizard|Charizardite X\n|move|p1b: Charizard|Dragon Claw|p2a: Ariel\n|-damage|p2a: Ariel|5/100\n|move|p1a: Milotic|Scald|p2b: Reptar\n|-supereffective|p2b: Reptar|1\n|-damage|p2b: Reptar|63/100\n|move|p2a: Ariel|Scald|p1b: Charizard\n|-damage|p1b: Charizard|30/100\n|\n|-weather|Sandstorm|[upkeep]\n|-damage|p1b: Charizard|24/100|[from] Sandstorm\n|-damage|p1a: Milotic|94/100|[from] Sandstorm\n|-damage|p2a: Ariel|0 fnt|[from] Sandstorm\n|faint|p2a: Ariel\n|-heal|p1a: Milotic|100/100|[from] item: Leftovers\n|upkeep\n|\n|t:|1776369376\n|switch|p2a: Edgar|Corviknight, L50, M, shiny|100/100\n|turn|3\n|\n|t:|1776369392\n|detailschange|p2b: Reptar|Tyranitar-Mega, L50, M, shiny\n|-mega|p2b: Reptar|Tyranitar|Tyranitarite\n|move|p1b: Charizard|Protect|p1b: Charizard\n|-singleturn|p1b: Charizard|Protect\n|move|p2b: Reptar|Protect|p2b: Reptar\n|-singleturn|p2b: Reptar|Protect\n|move|p1a: Milotic|Scald|p2b: Reptar\n|-activate|p2b: Reptar|move: Protect\n|move|p2a: Edgar|Body Press|p1b: Charizard\n|-activate|p1b: Charizard|move: Protect\n|\n|-weather|Sandstorm|[upkeep]\n|-damage|p1b: Charizard|18/100|[from] Sandstorm\n|-damage|p1a: Milotic|94/100|[from] Sandstorm\n|-heal|p1a: Milotic|100/100|[from] item: Leftovers\n|upkeep\n|turn|4\n|\n|t:|1776369415\n|switch|p2b: Chai|Sinistcha, L50|100/100\n|move|p1b: Charizard|Flare Blitz|p2a: Edgar\n|-supereffective|p2a: Edgar|1\n|-crit|p2a: Edgar\n|-damage|p2a: Edgar|0 fnt\n|faint|p2a: Edgar\n|-damage|p1b: Charizard|0 fnt|[from] Recoil\n|faint|p1b: Charizard\n|move|p1a: Milotic|Scald|p2b: Chai\n|-resisted|p2b: Chai|1\n|-damage|p2b: Chai|86/100\n|-status|p2b: Chai|brn\n|\n|-weather|Sandstorm|[upkeep]\n|-damage|p1a: Milotic|94/100|[from] Sandstorm\n|-damage|p2b: Chai|80/100 brn|[from] Sandstorm\n|-heal|p1a: Milotic|100/100|[from] item: Leftovers\n|-damage|p2b: Chai|74/100 brn|[from] brn\n|upkeep\n|\n|t:|1776369434\n|switch|p1b: Sneasler|Sneasler, L50, F|100/100\n|switch|p2a: Reptar|Tyranitar-Mega, L50, M, shiny|63/100\n|turn|5\n|inactive|toxmyself has 30 seconds left.\n|\n|t:|1776369464\n|move|p2a: Reptar|Protect|p2a: Reptar\n|-singleturn|p2a: Reptar|Protect\n|move|p1b: Sneasler|Dire Claw|p2b: Chai\n|-damage|p2b: Chai|32/100 brn\n|move|p1a: Milotic|Scald|p2a: Reptar\n|-activate|p2a: Reptar|move: Protect\n|move|p2b: Chai|Matcha Gotcha|p1b: Sneasler|[spread] p1a,p1b\n|-supereffective|p1a: Milotic|1\n|-resisted|p1b: Sneasler|1\n|-damage|p1a: Milotic|57/100\n|-heal|p2b: Chai|56/100 brn|[from] drain|[of] p1a: Milotic\n|-damage|p1b: Sneasler|81/100\n|-heal|p2b: Chai|64/100 brn|[from] drain|[of] p1b: Sneasler\n|\n|-weather|Sandstorm|[upkeep]\n|-damage|p1b: Sneasler|76/100|[from] Sandstorm\n|-damage|p1a: Milotic|50/100|[from] Sandstorm\n|-damage|p2b: Chai|58/100 brn|[from] Sandstorm\n|-heal|p1a: Milotic|57/100|[from] item: Leftovers\n|-damage|p2b: Chai|52/100 brn|[from] brn\n|upkeep\n|turn|6\n|inactive|xMF_GLOOM has 30 seconds left.\n|inactive|xMF_GLOOM has 20 seconds left.\n|inactive|xMF_GLOOM has 15 seconds left.\n|inactive|xMF_GLOOM has 10 seconds left.\n|\n|t:|1776369515\n|move|p1b: Sneasler|Protect|p1b: Sneasler\n|-singleturn|p1b: Sneasler|Protect\n|move|p1a: Milotic|Recover|p1a: Milotic\n|-heal|p1a: Milotic|100/100\n|move|p2a: Reptar|Knock Off|p1b: Sneasler\n|-activate|p1b: Sneasler|move: Protect\n|move|p2b: Chai|Trick Room|p2b: Chai\n|-fieldstart|move: Trick Room|[of] p2b: Chai\n|\n|-weather|none\n|-damage|p2b: Chai|45/100 brn|[from] brn\n|upkeep\n|turn|7\n|\n|t:|1776369539\n|switch|p1b: Aerodactyl|Aerodactyl, L50, M|100/100\n|move|p2b: Chai|Matcha Gotcha|p1a: Milotic|[spread] p1a,p1b\n|-supereffective|p1a: Milotic|1\n|-damage|p1a: Milotic|60/100\n|-heal|p2b: Chai|67/100 brn|[from] drain|[of] p1a: Milotic\n|-damage|p1b: Aerodactyl|58/100\n|-heal|p2b: Chai|86/100 brn|[from] drain|[of] p1b: Aerodactyl\n|-status|p1b: Aerodactyl|brn\n|move|p2a: Reptar|Knock Off|p1b: Aerodactyl\n|-damage|p1b: Aerodactyl|0 fnt\n|-enditem|p1b: Aerodactyl|Focus Sash|[from] move: Knock Off|[of] p2a: Reptar\n|faint|p1b: Aerodactyl\n|move|p1a: Milotic|Scald|p2a: Reptar\n|-supereffective|p2a: Reptar|1\n|-damage|p2a: Reptar|14/100\n|\n|-heal|p1a: Milotic|66/100|[from] item: Leftovers\n|-damage|p2b: Chai|80/100 brn|[from] brn\n|upkeep\n|\n|t:|1776369556\n|switch|p1b: Sneasler|Sneasler, L50, F|76/100\n|turn|8\n|\n|t:|1776369575\n|move|p2a: Reptar|Protect|p2a: Reptar\n|-singleturn|p2a: Reptar|Protect\n|move|p1a: Milotic|Protect|p1a: Milotic\n|-singleturn|p1a: Milotic|Protect\n|move|p1b: Sneasler|Protect|p1b: Sneasler\n|-singleturn|p1b: Sneasler|Protect\n|move|p2b: Chai|Matcha Gotcha|p1b: Sneasler|[spread] \n|-activate|p1a: Milotic|move: Protect\n|-activate|p1b: Sneasler|move: Protect\n|\n|-heal|p1a: Milotic|72/100|[from] item: Leftovers\n|-damage|p2b: Chai|74/100 brn|[from] brn\n|upkeep\n|turn|9\n|inactive|xMF_GLOOM has 30 seconds left.\n|\n|t:|1776369602\n|move|p2b: Chai|Matcha Gotcha|p1a: Milotic|[spread] p1a,p1b\n|-supereffective|p1a: Milotic|1\n|-resisted|p1b: Sneasler|1\n|-damage|p1a: Milotic|28/100\n|-heal|p2b: Chai|98/100 brn|[from] drain|[of] p1a: Milotic\n|-damage|p1b: Sneasler|57/100\n|-heal|p2b: Chai|100/100 brn|[from] drain|[of] p1b: Sneasler\n|move|p2a: Reptar|Knock Off|p1b: Sneasler\n|-resisted|p1b: Sneasler|1\n|-damage|p1b: Sneasler|2/100\n|-enditem|p1b: Sneasler|White Herb|[from] move: Knock Off|[of] p2a: Reptar\n|move|p1a: Milotic|Scald|p2a: Reptar\n|-supereffective|p2a: Reptar|1\n|-damage|p2a: Reptar|0 fnt\n|faint|p2a: Reptar\n|move|p1b: Sneasler|Dire Claw|p2b: Chai\n|-damage|p2b: Chai|61/100 brn\n|\n|-heal|p1a: Milotic|34/100|[from] item: Leftovers\n|-damage|p2b: Chai|55/100 brn|[from] brn\n|upkeep\n|turn|10\n|inactive|xMF_GLOOM has 30 seconds left.\n|\n|t:|1776369628\n|move|p1a: Milotic|Protect|p1a: Milotic\n|-singleturn|p1a: Milotic|Protect\n|move|p1b: Sneasler|Protect|p1b: Sneasler\n|-singleturn|p1b: Sneasler|Protect\n|move|p2b: Chai|Life Dew|p2b: Chai\n|-heal|p2b: Chai|80/100 brn\n|\n|-heal|p1a: Milotic|40/100|[from] item: Leftovers\n|-damage|p2b: Chai|74/100 brn|[from] brn\n|-fieldend|move: Trick Room\n|upkeep\n|turn|11\n|inactive|xMF_GLOOM has 30 seconds left.\n|\n|t:|1776369655\n|move|p1b: Sneasler|Dire Claw|p2b: Chai\n|-damage|p2b: Chai|35/100 brn\n|move|p1a: Milotic|Icy Wind|p2b: Chai\n|-supereffective|p2b: Chai|1\n|-damage|p2b: Chai|9/100 brn\n|-unboost|p2b: Chai|spe|1\n|move|p2b: Chai|Matcha Gotcha|p1b: Sneasler|[spread] p1a\n|-miss|p2b: Chai|p1b: Sneasler\n|-supereffective|p1a: Milotic|1\n|-damage|p1a: Milotic|0 fnt\n|-heal|p2b: Chai|31/100 brn|[from] drain|[of] p1a: Milotic\n|faint|p1a: Milotic\n|\n|-damage|p2b: Chai|25/100 brn|[from] brn\n|upkeep\n|turn|12\n|c|\u2606toxmyself|nooo\n|c|\u2606xMF_GLOOM|What a game haha\n|inactive|xMF_GLOOM has 30 seconds left.\n|\n|t:|1776369684\n|move|p1b: Sneasler|Dire Claw|p2b: Chai\n|-damage|p2b: Chai|0 fnt\n|faint|p2b: Chai\n|\n|win|toxmyself\n|raw|toxmyself's rating: 1265 &rarr; <strong>1297</strong><br />(+32 for winning)\n|raw|xMF_GLOOM's rating: 1358 &rarr; <strong>1333</strong><br />(-25 for losing)\n",
  "uploadtime": 1776369684,
  "views": 28,
  "formatid": "gen9championsvgc2026regma",
  "rating": 1297,
  "private": 0,
  "password": null
}