{
  "id": "gen9championsvgc2026regma-2583598633",
  "format": "[Gen 9 Champions] VGC 2026 Reg M-A",
  "players": [
    "LGPESWEEPER",
    "rafikki1989"
  ],
  "log": "|j|\u2606LGPESWEEPER\n|j|\u2606rafikki1989\n|t:|1776185676\n|gametype|doubles\n|player|p1|LGPESWEEPER|265|1111\n|player|p2|rafikki1989|gentleman|1027\n|gen|9\n|tier|[Gen 9 Champions] VGC 2026 Reg M-A\n|rated|\n|rule|Species Clause: Limit one of each Pok\u00e9mon\n|rule|Item Clause: Limit 1 of each item\n|clearpoke\n|poke|p1|Gyarados, L50, F|\n|poke|p1|Garchomp, L50, F|\n|poke|p1|Tinkaton, L50, F|\n|poke|p1|Sneasler, L50, M|\n|poke|p1|Sinistcha, L50|\n|poke|p1|Pelipper, L50, M|\n|poke|p2|Floette-Eternal, L50, F|\n|poke|p2|Incineroar, L50, M|\n|poke|p2|Sinistcha, L50|\n|poke|p2|Sneasler, L50, F|\n|poke|p2|Basculegion, L50, M|\n|poke|p2|Aerodactyl, L50, M|\n|teampreview|4\n|inactive|Battle timer is ON: inactive players will automatically lose when time's up. (requested by LGPESWEEPER)\n|\n|t:|1776185727\n|teamsize|p1|4\n|teamsize|p2|4\n|start\n|switch|p1a: Gyarados|Gyarados, L50, F|100/100\n|switch|p1b: Tinkaton|Tinkaton, L50, F|100/100\n|switch|p2a: Incineroar|Incineroar, L50, M|100/100\n|switch|p2b: Aerodactyl|Aerodactyl, L50, M|100/100\n|-ability|p2b: Aerodactyl|Unnerve\n|-ability|p1a: Gyarados|Intimidate|boost\n|-unboost|p2a: Incineroar|atk|1\n|-unboost|p2b: Aerodactyl|atk|1\n|-ability|p1b: Tinkaton|Mold Breaker\n|-ability|p2a: Incineroar|Intimidate|boost\n|-unboost|p1a: Gyarados|atk|1\n|-unboost|p1b: Tinkaton|atk|1\n|turn|1\n|inactive|LGPESWEEPER has 30 seconds left.\n|\n|t:|1776185755\n|move|p1b: Tinkaton|Fake Out|p2a: Incineroar\n|-damage|p2a: Incineroar|93/100\n|cant|p2a: Incineroar|flinch\n|move|p2b: Aerodactyl|Tailwind|p2b: Aerodactyl\n|-sidestart|p2: rafikki1989|move: Tailwind\n|move|p1a: Gyarados|Dragon Dance|p1a: Gyarados\n|-boost|p1a: Gyarados|atk|1\n|-boost|p1a: Gyarados|spe|1\n|\n|upkeep\n|turn|2\n|\n|t:|1776185771\n|move|p2b: Aerodactyl|Rock Slide|p1b: Tinkaton|[spread] p1a,p1b\n|-supereffective|p1a: Gyarados|1\n|-resisted|p1b: Tinkaton|1\n|-damage|p1a: Gyarados|44/100\n|-damage|p1b: Tinkaton|87/100\n|move|p2a: Incineroar|Parting Shot|p1a: Gyarados\n|-unboost|p1a: Gyarados|atk|1\n|-unboost|p1a: Gyarados|spa|1\n|\n|t:|1776185781\n|switch|p2a: Basculegion|Basculegion, L50, M|100/100|[from] Parting Shot\n|cant|p1a: Gyarados|flinch\n|cant|p1b: Tinkaton|flinch\n|\n|upkeep\n|turn|3\n|\n|t:|1776185798\n|detailschange|p1a: Gyarados|Gyarados-Mega, L50, F\n|-mega|p1a: Gyarados|Gyarados|Gyaradosite\n|-ability|p1a: Gyarados|Mold Breaker\n|move|p2a: Basculegion|Flip Turn|p1b: Tinkaton\n|-damage|p1b: Tinkaton|35/100\n|\n|t:|1776185804\n|switch|p2a: Incineroar|Incineroar, L50, M|93/100|[from] Flip Turn\n|-ability|p2a: Incineroar|Intimidate|boost\n|-unboost|p1a: Gyarados|atk|1\n|-unboost|p1b: Tinkaton|atk|1\n|move|p2b: Aerodactyl|Rock Slide|p1b: Tinkaton|[spread] p1b\n|-miss|p2b: Aerodactyl|p1a: Gyarados\n|-resisted|p1b: Tinkaton|1\n|-damage|p1b: Tinkaton|23/100\n|move|p1a: Gyarados|Crunch|p2a: Incineroar\n|-resisted|p2a: Incineroar|1\n|-damage|p2a: Incineroar|82/100\n|cant|p1b: Tinkaton|flinch\n|\n|upkeep\n|turn|4\n|\n|t:|1776185824\n|switch|p1b: Pelipper|Pelipper, L50, M|100/100\n|-weather|RainDance|[from] ability: Drizzle|[of] p1b: Pelipper\n|move|p1a: Gyarados|Protect|p1a: Gyarados\n|-singleturn|p1a: Gyarados|Protect\n|move|p2a: Incineroar|Fake Out|p1a: Gyarados\n|-activate|p1a: Gyarados|move: Protect\n|move|p2b: Aerodactyl|Rock Slide|p1b: Pelipper|[spread] p1b\n|-activate|p1a: Gyarados|move: Protect\n|-supereffective|p1b: Pelipper|1\n|-damage|p1b: Pelipper|44/100\n|\n|-weather|RainDance|[upkeep]\n|-sideend|p2: rafikki1989|move: Tailwind\n|upkeep\n|turn|5\n|inactive|rafikki1989 has 30 seconds left.\n|\n|t:|1776185856\n|move|p1a: Gyarados|Waterfall|p2b: Aerodactyl\n|-supereffective|p2b: Aerodactyl|1\n|-damage|p2b: Aerodactyl|0 fnt\n|faint|p2b: Aerodactyl\n|move|p1b: Pelipper|Weather Ball|p2a: Incineroar\n|-supereffective|p2a: Incineroar|1\n|-damage|p2a: Incineroar|0 fnt\n|faint|p2a: Incineroar\n|\n|-weather|RainDance|[upkeep]\n|upkeep\n|\n|t:|1776185875\n|switch|p2b: Basculegion|Basculegion, L50, M|100/100\n|switch|p2a: Floette|Floette-Eternal, L50, F|100/100\n|turn|6\n|\n|t:|1776185896\n|detailschange|p2a: Floette|Floette-Mega, L50, F\n|-mega|p2a: Floette|Floette|Floettite\n|-ability|p2a: Floette|Fairy Aura\n|move|p1a: Gyarados|Crunch|p2b: Basculegion\n|-supereffective|p2b: Basculegion|1\n|-damage|p2b: Basculegion|40/100\n|move|p2b: Basculegion|Last Respects|p1b: Pelipper\n|-damage|p1b: Pelipper|0 fnt\n|faint|p1b: Pelipper\n|move|p2a: Floette|Light of Ruin|p1a: Gyarados|[miss]\n|-miss|p2a: Floette|p1a: Gyarados\n|\n|-weather|RainDance|[upkeep]\n|upkeep\n|\n|t:|1776185911\n|switch|p1b: Tinkaton|Tinkaton, L50, F|23/100\n|-enditem|p1b: Tinkaton|Sitrus Berry|[eat]\n|-heal|p1b: Tinkaton|48/100|[from] item: Sitrus Berry\n|-ability|p1b: Tinkaton|Mold Breaker\n|turn|7\n|\n|t:|1776185923\n|move|p1b: Tinkaton|Fake Out|p2a: Floette\n|-damage|p2a: Floette|86/100\n|move|p1a: Gyarados|Crunch|p2b: Basculegion\n|-supereffective|p2b: Basculegion|1\n|-damage|p2b: Basculegion|0 fnt\n|faint|p2b: Basculegion\n|cant|p2a: Floette|flinch\n|\n|-weather|RainDance|[upkeep]\n|upkeep\n|turn|8\n|\n|t:|1776185935\n|move|p1a: Gyarados|Waterfall|p2a: Floette\n|-damage|p2a: Floette|41/100\n|cant|p2a: Floette|flinch\n|move|p1b: Tinkaton|Gigaton Hammer|p2a: Floette\n|-supereffective|p2a: Floette|1\n|-damage|p2a: Floette|0 fnt\n|faint|p2a: Floette\n|\n|win|LGPESWEEPER\n|raw|LGPESWEEPER's rating: 1111 &rarr; <strong>1130</strong><br />(+19 for winning)\n|raw|rafikki1989's rating: 1027 &rarr; <strong>1016</strong><br />(-11 for losing)\n|l|\u2606rafikki1989\n|player|p2|\n",
  "uploadtime": 1776185944,
  "views": 26,
  "formatid": "gen9championsvgc2026regma",
  "rating": 1016,
  "private": 0,
  "password": null
}