{
  "id": "gen9championsvgc2026regma-2581446508",
  "format": "[Gen 9 Champions] VGC 2026 Reg M-A",
  "players": [
    "Matsiigg",
    "felixfelicis713"
  ],
  "log": "|j|\u2606Matsiigg\n|j|\u2606felixfelicis713\n|t:|1776001245\n|gametype|doubles\n|player|p1|Matsiigg|169|1016\n|player|p2|felixfelicis713|266|1000\n|gen|9\n|tier|[Gen 9 Champions] VGC 2026 Reg M-A\n|rated|\n|rule|Species Clause: Limit one of each Pok\u00e9mon\n|rule|Item Clause: Limit 1 of each item\n|clearpoke\n|poke|p1|Incineroar, L50, M|\n|poke|p1|Sneasler, L50, F|\n|poke|p1|Charizard, L50, M|\n|poke|p1|Hydreigon, L50, F|\n|poke|p1|Milotic, L50, F|\n|poke|p1|Sinistcha, L50|\n|poke|p2|Aegislash, L50, F|\n|poke|p2|Froslass, L50, F|\n|poke|p2|Ninetales-Alola, L50, F|\n|poke|p2|Talonflame, L50, F|\n|poke|p2|Sneasler, L50, F|\n|poke|p2|Tauros-Paldea-Aqua, L50, M|\n|teampreview|4\n|\n|t:|1776001265\n|teamsize|p1|4\n|teamsize|p2|4\n|start\n|switch|p1a: Sneasler|Sneasler, L50, F|100/100\n|switch|p1b: Charizard|Charizard, L50, M|100/100\n|switch|p2a: Tauros|Tauros-Paldea-Aqua, L50, M|100/100\n|switch|p2b: Sneasler|Sneasler, L50, F|100/100\n|-ability|p2a: Tauros|Intimidate|boost\n|-unboost|p1a: Sneasler|atk|1\n|-unboost|p1b: Charizard|atk|1\n|-enditem|p1a: Sneasler|White Herb\n|-clearnegativeboost|p1a: Sneasler|[silent]\n|turn|1\n|inactive|Battle timer is ON: inactive players will automatically lose when time's up. (requested by Matsiigg)\n|\n|t:|1776001287\n|move|p1b: Charizard|Protect|p1b: Charizard\n|-singleturn|p1b: Charizard|Protect\n|move|p1a: Sneasler|Fake Out|p2b: Sneasler\n|-damage|p2b: Sneasler|79/100\n|cant|p2b: Sneasler|flinch\n|move|p2a: Tauros|Wave Crash|p1b: Charizard\n|-activate|p1b: Charizard|move: Protect\n|\n|upkeep\n|turn|2\n|inactive|felixfelicis713 has 30 seconds left.\n|inactive|felixfelicis713 has 20 seconds left.\n|\n|t:|1776001327\n|switch|p1b: Sinistcha|Sinistcha, L50|100/100\n|move|p1a: Sneasler|Protect|p1a: Sneasler\n|-singleturn|p1a: Sneasler|Protect\n|move|p2b: Sneasler|Dire Claw|p1b: Sinistcha\n|-damage|p1b: Sinistcha|67/100\n|move|p2a: Tauros|Wave Crash|p1b: Sinistcha\n|-resisted|p1b: Sinistcha|1\n|-damage|p1b: Sinistcha|52/100\n|-damage|p2a: Tauros|95/100|[from] Recoil\n|\n|upkeep\n|turn|3\n|inactive|felixfelicis713 has 30 seconds left.\n|\n|t:|1776001360\n|switch|p1a: Incineroar|Incineroar, L50, M|100/100\n|-ability|p1a: Incineroar|Intimidate|boost\n|-unboost|p2a: Tauros|atk|1\n|-unboost|p2b: Sneasler|atk|1\n|move|p2b: Sneasler|Night Slash|p1b: Sinistcha\n|-supereffective|p1b: Sinistcha|1\n|-damage|p1b: Sinistcha|27/100\n|move|p2a: Tauros|Wave Crash|p1a: Incineroar\n|-supereffective|p1a: Incineroar|1\n|-crit|p1a: Incineroar\n|-damage|p1a: Incineroar|0 fnt\n|faint|p1a: Incineroar\n|-damage|p2a: Tauros|50/100|[from] Recoil\n|move|p1b: Sinistcha|Trick Room|p1b: Sinistcha\n|-fieldstart|move: Trick Room|[of] p1b: Sinistcha\n|\n|upkeep\n|\n|t:|1776001377\n|switch|p1a: Charizard|Charizard, L50, M|100/100\n|turn|4\n|\n|t:|1776001393\n|detailschange|p1a: Charizard|Charizard-Mega-X, L50, M\n|-mega|p1a: Charizard|Charizard|Charizardite X\n|move|p1b: Sinistcha|Matcha Gotcha|p2b: Sneasler|[spread] p2a,p2b\n|-supereffective|p2a: Tauros|1\n|-resisted|p2b: Sneasler|1\n|-damage|p2a: Tauros|2/100\n|-heal|p1b: Sinistcha|48/100|[from] drain|[of] p2a: Tauros\n|-damage|p2b: Sneasler|63/100\n|-heal|p1b: Sinistcha|54/100|[from] drain|[of] p2b: Sneasler\n|-status|p2a: Tauros|brn\n|move|p2a: Tauros|Wave Crash|p1a: Charizard\n|-damage|p1a: Charizard|85/100\n|-damage|p2a: Tauros|0 fnt|[from] Recoil\n|faint|p2a: Tauros\n|move|p1a: Charizard|Dragon Claw|p2b: Sneasler\n|-damage|p2b: Sneasler|0 fnt\n|faint|p2b: Sneasler\n|\n|upkeep\n|\n|t:|1776001411\n|switch|p2a: Aegislash|Aegislash, L50, F|100/100\n|switch|p2b: Talonflame|Talonflame, L50, F|100/100\n|turn|5\n|inactive|felixfelicis713 has 30 seconds left.\n|\n|t:|1776001442\n|switch|p1b: Sneasler|Sneasler, L50, F|100/100\n|move|p2b: Talonflame|Tailwind|p2b: Talonflame\n|-sidestart|p2: felixfelicis713|move: Tailwind\n|move|p1a: Charizard|Dragon Dance|p1a: Charizard\n|-boost|p1a: Charizard|atk|1\n|-boost|p1a: Charizard|spe|1\n|move|p2a: Aegislash|Swords Dance|p2a: Aegislash\n|-boost|p2a: Aegislash|atk|2\n|\n|upkeep\n|turn|6\n|inactive|felixfelicis713 has 30 seconds left.\n|\n|t:|1776001471\n|move|p1b: Sneasler|Fake Out|p2b: Talonflame\n|-crit|p2b: Talonflame\n|-damage|p2b: Talonflame|66/100\n|-formechange|p2a: Aegislash|Aegislash-Blade|\n|move|p2a: Aegislash|Iron Head|p1a: Charizard\n|-resisted|p1a: Charizard|1\n|-damage|p1a: Charizard|46/100\n|move|p1a: Charizard|Flare Blitz|p2a: Aegislash\n|-supereffective|p2a: Aegislash|1\n|-damage|p2a: Aegislash|0 fnt\n|faint|p2a: Aegislash\n|-damage|p1a: Charizard|16/100|[from] Recoil\n|cant|p2b: Talonflame|flinch\n|\n|upkeep\n|turn|7\n|\n|t:|1776001488\n|switch|p1b: Sinistcha|Sinistcha, L50|54/100\n|-heal|p1a: Charizard|41/100|[from] ability: Hospitality|[of] p1b: Sinistcha\n|move|p1a: Charizard|Protect|p1a: Charizard\n|-singleturn|p1a: Charizard|Protect\n|move|p2b: Talonflame|Brave Bird|p1a: Charizard\n|-activate|p1a: Charizard|move: Protect\n|\n|-fieldend|move: Trick Room\n|upkeep\n|turn|8\n|\n|t:|1776001507\n|move|p1b: Sinistcha|Rage Powder|p1b: Sinistcha\n|-singleturn|p1b: Sinistcha|move: Rage Powder\n|move|p2b: Talonflame|Brave Bird|p1b: Sinistcha\n|-supereffective|p1b: Sinistcha|1\n|-enditem|p1b: Sinistcha|Coba Berry|[eat]\n|-enditem|p1b: Sinistcha|Coba Berry|[weaken]\n|-damage|p1b: Sinistcha|21/100\n|-damage|p2b: Talonflame|53/100|[from] Recoil\n|move|p1a: Charizard|Dragon Claw|p2b: Talonflame\n|-damage|p2b: Talonflame|0 fnt\n|faint|p2b: Talonflame\n|\n|win|Matsiigg\n|raw|Matsiigg's rating: 1016 &rarr; <strong>1052</strong><br />(+36 for winning)\n|raw|felixfelicis713's rating: 1000 &rarr; <strong>1000</strong><br />(+0 for losing)\n|l|\u2606felixfelicis713\n|player|p2|\n",
  "uploadtime": 1776001534,
  "views": 16,
  "formatid": "gen9championsvgc2026regma",
  "rating": 1000,
  "private": 0,
  "password": null
}