{
  "id": "gen9championsvgc2026regma-2582349174",
  "format": "[Gen 9 Champions] VGC 2026 Reg M-A",
  "players": [
    "randomn1ck",
    "Stibe"
  ],
  "log": "|j|\u2606randomn1ck\n|j|\u2606Stibe\n|t:|1776085460\n|gametype|doubles\n|player|p1|randomn1ck|2|1157\n|player|p2|Stibe|musician|1162\n|gen|9\n|tier|[Gen 9 Champions] VGC 2026 Reg M-A\n|rated|\n|rule|Species Clause: Limit one of each Pok\u00e9mon\n|rule|Item Clause: Limit 1 of each item\n|clearpoke\n|poke|p1|Charizard, L50, M|\n|poke|p1|Venusaur, L50, M|\n|poke|p1|Garchomp, L50, M|\n|poke|p1|Sneasler, L50, M|\n|poke|p1|Aerodactyl, L50, M|\n|poke|p1|Aegislash, L50, M|\n|poke|p2|Excadrill, L50, F|\n|poke|p2|Primarina, L50, F|\n|poke|p2|Whimsicott, L50, F|\n|poke|p2|Rotom-Heat, L50|\n|poke|p2|Sneasler, L50, M|\n|poke|p2|Dragapult, L50, F|\n|teampreview|4\n|\n|t:|1776085488\n|teamsize|p1|4\n|teamsize|p2|4\n|start\n|switch|p1a: Garchomp|Garchomp, L50, M, shiny|100/100\n|switch|p1b: Charizard|Charizard, L50, M, shiny|100/100\n|switch|p2a: Rotom|Rotom-Heat, L50|100/100\n|switch|p2b: Dragapult|Dragapult, L50, F|100/100\n|turn|1\n|\n|t:|1776085500\n|move|p1b: Charizard|Protect|p1b: Charizard\n|-singleturn|p1b: Charizard|Protect\n|move|p1a: Garchomp|Dragon Claw|p2b: Dragapult\n|-supereffective|p2b: Dragapult|1\n|-damage|p2b: Dragapult|12/100\n|move|p2b: Dragapult|Will-O-Wisp|p1a: Garchomp\n|-status|p1a: Garchomp|brn\n|move|p2a: Rotom|Electroweb|p1a: Garchomp|[spread] \n|-activate|p1b: Charizard|move: Protect\n|-immune|p1a: Garchomp\n|\n|-damage|p1a: Garchomp|95/100 brn|[from] brn\n|upkeep\n|turn|2\n|\n|t:|1776085539\n|switch|p1b: Venusaur|Venusaur, L50, M, shiny|100/100\n|move|p2b: Dragapult|Helping Hand|p2a: Rotom\n|-singleturn|p2a: Rotom|Helping Hand|[of] p2b: Dragapult\n|move|p1a: Garchomp|Dragon Claw|p2b: Dragapult\n|-supereffective|p2b: Dragapult|1\n|-damage|p2b: Dragapult|0 fnt\n|faint|p2b: Dragapult\n|move|p2a: Rotom|Volt Switch|p1b: Venusaur\n|-resisted|p1b: Venusaur|1\n|-damage|p1b: Venusaur|82/100\n|\n|t:|1776085550\n|switch|p2a: Excadrill|Excadrill, L50, F|100/100|[from] Volt Switch\n|-ability|p2a: Excadrill|Mold Breaker\n|\n|-damage|p1a: Garchomp|89/100 brn|[from] brn\n|upkeep\n|\n|t:|1776085554\n|switch|p2b: Whimsicott|Whimsicott, L50, F|100/100\n|turn|3\n|\n|t:|1776085567\n|switch|p1a: Charizard|Charizard, L50, M, shiny|100/100\n|move|p1b: Venusaur|Protect|p1b: Venusaur\n|-singleturn|p1b: Venusaur|Protect\n|move|p2b: Whimsicott|Tailwind|p2b: Whimsicott\n|-sidestart|p2: Stibe|move: Tailwind\n|move|p2a: Excadrill|Swords Dance|p2a: Excadrill\n|-boost|p2a: Excadrill|atk|2\n|\n|upkeep\n|turn|4\n|\n|t:|1776085583\n|switch|p2b: Rotom|Rotom-Heat, L50|100/100\n|detailschange|p2a: Excadrill|Excadrill-Mega, L50, F\n|-mega|p2a: Excadrill|Excadrill|Excadrite\n|detailschange|p1a: Charizard|Charizard-Mega-Y, L50, M, shiny\n|-mega|p1a: Charizard|Charizard|Charizardite Y\n|-weather|SunnyDay|[from] ability: Drought|[of] p1a: Charizard\n|move|p1a: Charizard|Protect|p1a: Charizard\n|-singleturn|p1a: Charizard|Protect\n|move|p2a: Excadrill|Rock Slide|p1b: Venusaur|[spread] p1b\n|-activate|p1a: Charizard|move: Protect\n|-damage|p1b: Venusaur|29/100\n|-enditem|p1b: Venusaur|Sitrus Berry|[eat]\n|-heal|p1b: Venusaur|54/100|[from] item: Sitrus Berry\n|move|p1b: Venusaur|Sleep Powder|p2a: Excadrill\n|-status|p2a: Excadrill|slp|[from] move: Sleep Powder\n|\n|-weather|SunnyDay|[upkeep]\n|upkeep\n|turn|5\n|\n|t:|1776085607\n|switch|p1b: Garchomp|Garchomp, L50, M, shiny|89/100 brn\n|cant|p2a: Excadrill|slp\n|move|p2b: Rotom|Electroweb|p1a: Charizard|[spread] p1a\n|-immune|p1b: Garchomp\n|-supereffective|p1a: Charizard|1\n|-damage|p1a: Charizard|70/100\n|-unboost|p1a: Charizard|spe|1\n|move|p1a: Charizard|Heat Wave|p2b: Rotom|[spread] p2a,p2b\n|-supereffective|p2a: Excadrill|1\n|-resisted|p2b: Rotom|1\n|-damage|p2a: Excadrill|0 fnt\n|-damage|p2b: Rotom|67/100\n|faint|p2a: Excadrill\n|\n|-weather|SunnyDay|[upkeep]\n|-damage|p1b: Garchomp|83/100 brn|[from] brn\n|upkeep\n|\n|t:|1776085614\n|switch|p2a: Whimsicott|Whimsicott, L50, F|100/100\n|turn|6\n|\n|t:|1776085628\n|switch|p1a: Venusaur|Venusaur, L50, M, shiny|54/100\n|move|p2a: Whimsicott|Protect|p2a: Whimsicott\n|-singleturn|p2a: Whimsicott|Protect\n|move|p1b: Garchomp|Rock Slide|p2a: Whimsicott|[spread] p2b\n|-activate|p2a: Whimsicott|move: Protect\n|-supereffective|p2b: Rotom|1\n|-damage|p2b: Rotom|53/100\n|cant|p2b: Rotom|flinch\n|\n|-weather|SunnyDay|[upkeep]\n|-damage|p1b: Garchomp|77/100 brn|[from] brn\n|-sideend|p2: Stibe|move: Tailwind\n|upkeep\n|turn|7\n|\n|t:|1776085639\n|move|p2a: Whimsicott|Tailwind|p2a: Whimsicott\n|-sidestart|p2: Stibe|move: Tailwind\n|move|p1a: Venusaur|Sludge Bomb|p2a: Whimsicott\n|-supereffective|p2a: Whimsicott|2\n|-damage|p2a: Whimsicott|0 fnt\n|faint|p2a: Whimsicott\n|move|p1b: Garchomp|Rock Slide|p2b: Rotom|[miss]\n|-miss|p1b: Garchomp|p2b: Rotom\n|move|p2b: Rotom|Overheat|p1a: Venusaur\n|-supereffective|p1a: Venusaur|1\n|-damage|p1a: Venusaur|0 fnt\n|-unboost|p2b: Rotom|spa|2\n|faint|p1a: Venusaur\n|\n|-weather|SunnyDay|[upkeep]\n|-damage|p1b: Garchomp|71/100 brn|[from] brn\n|upkeep\n|-message|Stibe forfeited.\n|\n|win|randomn1ck\n|raw|randomn1ck's rating: 1157 &rarr; <strong>1182</strong><br />(+25 for winning)\n|raw|Stibe's rating: 1162 &rarr; <strong>1137</strong><br />(-25 for losing)\n|l|\u2606Stibe\n|player|p2|\n",
  "uploadtime": 1776085650,
  "views": 21,
  "formatid": "gen9championsvgc2026regma",
  "rating": 1137,
  "private": 0,
  "password": null
}