{
  "id": "gen9championsvgc2026regma-2585169816",
  "format": "[Gen 9 Champions] VGC 2026 Reg M-A",
  "players": [
    "Happy2Noob",
    "Shogaro"
  ],
  "log": "|j|\u2606Happy2Noob\n|j|\u2606Shogaro\n|t:|1776320480\n|gametype|doubles\n|player|p1|Happy2Noob|sabrina|1080\n|player|p2|Shogaro|red|1000\n|gen|9\n|tier|[Gen 9 Champions] VGC 2026 Reg M-A\n|rated|\n|rule|Species Clause: Limit one of each Pok\u00e9mon\n|rule|Item Clause: Limit 1 of each item\n|clearpoke\n|poke|p1|Charizard, L50, F|\n|poke|p1|Torkoal, L50, F|\n|poke|p1|Incineroar, L50, M|\n|poke|p1|Maushold-Four, L50|\n|poke|p1|Golurk, L50|\n|poke|p1|Oranguru, L50, M|\n|poke|p2|Charizard, L50, M|\n|poke|p2|Maushold-Four, L50|\n|poke|p2|Sneasler, L50, F|\n|poke|p2|Dragapult, L50, F|\n|poke|p2|Kingambit, L50, F|\n|poke|p2|Garchomp, L50, M|\n|teampreview|4\n|inactive|Battle timer is ON: inactive players will automatically lose when time's up. (requested by Happy2Noob)\n|inactive|Shogaro has 60 seconds left.\n|\n|t:|1776320517\n|teamsize|p1|4\n|teamsize|p2|4\n|start\n|switch|p1a: Lizard|Charizard, L50, F|100/100\n|switch|p1b: Cat|Incineroar, L50, M|100/100\n|switch|p2a: Charizard|Charizard, L50, M, shiny|100/100\n|switch|p2b: Maushold|Maushold-Four, L50|100/100\n|-ability|p1b: Cat|Intimidate|boost\n|-unboost|p2a: Charizard|atk|1\n|-unboost|p2b: Maushold|atk|1\n|turn|1\n|inactive|Shogaro has 30 seconds left.\n|\n|t:|1776320549\n|detailschange|p1a: Lizard|Charizard-Mega-Y, L50, F\n|-mega|p1a: Lizard|Charizard|Charizardite Y\n|-weather|SunnyDay|[from] ability: Drought|[of] p1a: Lizard\n|detailschange|p2a: Charizard|Charizard-Mega-Y, L50, M, shiny\n|-mega|p2a: Charizard|Charizard|Charizardite Y\n|move|p2a: Charizard|Protect|p2a: Charizard\n|-singleturn|p2a: Charizard|Protect\n|move|p1b: Cat|Fake Out|p2a: Charizard\n|-activate|p2a: Charizard|move: Protect\n|move|p2b: Maushold|Encore|p1b: Cat\n|-start|p1b: Cat|Encore\n|move|p1a: Lizard|Heat Wave|p2b: Maushold|[spread] p2b\n|-activate|p2a: Charizard|move: Protect\n|-damage|p2b: Maushold|23/100\n|\n|-weather|SunnyDay|[upkeep]\n|upkeep\n|turn|2\n|inactive|Shogaro has 30 seconds left.\n|\n|t:|1776320579\n|switch|p1b: Mice|Maushold-Four, L50|100/100\n|move|p2b: Maushold|Super Fang|p1a: Lizard\n|-damage|p1a: Lizard|51/100\n|move|p1a: Lizard|Heat Wave|p2b: Maushold|[spread] p2a,p2b\n|-resisted|p2a: Charizard|1\n|-damage|p2a: Charizard|80/100\n|-damage|p2b: Maushold|0 fnt\n|faint|p2b: Maushold\n|move|p2a: Charizard|Heat Wave|p1b: Mice|[spread] p1a,p1b\n|-resisted|p1a: Lizard|1\n|-damage|p1a: Lizard|27/100\n|-damage|p1b: Mice|18/100\n|\n|-weather|SunnyDay|[upkeep]\n|upkeep\n|\n|t:|1776320593\n|switch|p2b: Garchomp|Garchomp, L50, M|100/100\n|turn|3\n|inactive|Happy2Noob has 30 seconds left.\n|\n|t:|1776320626\n|move|p1b: Mice|Protect|p1b: Mice\n|-singleturn|p1b: Mice|Protect\n|move|p2a: Charizard|Protect|p2a: Charizard\n|-singleturn|p2a: Charizard|Protect\n|move|p2b: Garchomp|Rock Slide|p1a: Lizard|[spread] \n|-activate|p1b: Mice|move: Protect\n|-miss|p2b: Garchomp|p1a: Lizard\n|move|p1a: Lizard|Solar Beam||[still]\n|-prepare|p1a: Lizard|Solar Beam\n|-anim|p1a: Lizard|Solar Beam|p2b: Garchomp\n|-crit|p2b: Garchomp\n|-damage|p2b: Garchomp|17/100\n|\n|-weather|SunnyDay|[upkeep]\n|upkeep\n|turn|4\n|inactive|Shogaro has 30 seconds left.\n|\n|t:|1776320654\n|switch|p2b: Sneasler|Sneasler, L50, F|100/100\n|switch|p1b: Cat|Incineroar, L50, M|100/100\n|-ability|p1b: Cat|Intimidate|boost\n|-unboost|p2a: Charizard|atk|1\n|-unboost|p2b: Sneasler|atk|1\n|-enditem|p2b: Sneasler|White Herb\n|-clearnegativeboost|p2b: Sneasler|[silent]\n|move|p1a: Lizard|Protect|p1a: Lizard\n|-singleturn|p1a: Lizard|Protect\n|move|p2a: Charizard|Heat Wave|p1b: Cat|[spread] p1b\n|-activate|p1a: Lizard|move: Protect\n|-resisted|p1b: Cat|1\n|-damage|p1b: Cat|71/100\n|\n|-weather|SunnyDay|[upkeep]\n|upkeep\n|turn|5\n|inactive|Happy2Noob has 30 seconds left.\n|inactive|Shogaro has 30 seconds left.\n|inactive|Shogaro has 20 seconds left.\n|\n|t:|1776320694\n|move|p2a: Charizard|Protect|p2a: Charizard\n|-singleturn|p2a: Charizard|Protect\n|move|p2b: Sneasler|Fake Out|p1a: Lizard\n|-damage|p1a: Lizard|7/100\n|cant|p1a: Lizard|flinch\n|move|p1b: Cat|Flare Blitz|p2b: Sneasler\n|-damage|p2b: Sneasler|0 fnt\n|faint|p2b: Sneasler\n|-damage|p1b: Cat|45/100|[from] Recoil\n|-enditem|p1b: Cat|Sitrus Berry|[eat]\n|-heal|p1b: Cat|70/100|[from] item: Sitrus Berry\n|\n|-weather|none\n|upkeep\n|\n|t:|1776320708\n|switch|p2b: Garchomp|Garchomp, L50, M|17/100\n|turn|6\n|inactive|Shogaro has 30 seconds left.\n|inactive|Shogaro has 20 seconds left.\n|\n|t:|1776320747\n|move|p2b: Garchomp|Stomping Tantrum|p1b: Cat\n|-supereffective|p1b: Cat|1\n|-damage|p1b: Cat|0 fnt\n|faint|p1b: Cat\n|move|p1a: Lizard|Heat Wave|p2b: Garchomp|[spread] p2b\n|-miss|p1a: Lizard|p2a: Charizard\n|-resisted|p2b: Garchomp|1\n|-damage|p2b: Garchomp|0 fnt\n|faint|p2b: Garchomp\n|move|p2a: Charizard|Overheat|p1a: Lizard|[miss]\n|-miss|p2a: Charizard|p1a: Lizard\n|\n|upkeep\n|inactive|Happy2Noob has 30 seconds left.\n|\n|t:|1776320773\n|switch|p1b: Tortoise|Torkoal, L50, F|100/100\n|-weather|SunnyDay|[from] ability: Drought|[of] p1b: Tortoise\n|turn|7\n|\n|t:|1776320799\n|move|p1a: Lizard|Weather Ball|p2a: Charizard\n|-resisted|p2a: Charizard|1\n|-damage|p2a: Charizard|40/100\n|move|p2a: Charizard|Heat Wave|p1a: Lizard|[spread] p1a,p1b\n|-resisted|p1a: Lizard|1\n|-resisted|p1b: Tortoise|1\n|-damage|p1a: Lizard|0 fnt\n|-damage|p1b: Tortoise|57/100\n|faint|p1a: Lizard\n|move|p1b: Tortoise|Eruption|p2a: Charizard\n|-resisted|p2a: Charizard|1\n|-damage|p2a: Charizard|14/100\n|\n|-weather|SunnyDay|[upkeep]\n|upkeep\n|\n|t:|1776320812\n|switch|p1a: Mice|Maushold-Four, L50|18/100\n|turn|8\n|\n|t:|1776320821\n|move|p1a: Mice|Protect|p1a: Mice\n|-singleturn|p1a: Mice|Protect\n|move|p2a: Charizard|Heat Wave|p1a: Mice|[spread] p1b\n|-activate|p1a: Mice|move: Protect\n|-resisted|p1b: Tortoise|1\n|-damage|p1b: Tortoise|25/100\n|move|p1b: Tortoise|Heat Wave|p2a: Charizard\n|-resisted|p2a: Charizard|1\n|-damage|p2a: Charizard|0 fnt\n|faint|p2a: Charizard\n|\n|win|Happy2Noob\n|raw|Happy2Noob's rating: 1080 &rarr; <strong>1102</strong><br />(+22 for winning)\n|raw|Shogaro's rating: 1000 &rarr; <strong>1000</strong><br />(+0 for losing)\n|l|\u2606Happy2Noob\n|player|p1|\n",
  "uploadtime": 1776320852,
  "views": 21,
  "formatid": "gen9championsvgc2026regma",
  "rating": 1000,
  "private": 0,
  "password": null
}