{
  "id": "gen9championsvgc2026regma-2581482897",
  "format": "[Gen 9 Champions] VGC 2026 Reg M-A",
  "players": [
    "Pegassin",
    "kalise26"
  ],
  "log": "|j|\u2606Pegassin\n|j|\u2606kalise26\n|t:|1776004632\n|gametype|doubles\n|player|p1|Pegassin|170|1139\n|player|p2|kalise26|iris-gen5bw2|1125\n|gen|9\n|tier|[Gen 9 Champions] VGC 2026 Reg M-A\n|rated|\n|rule|Species Clause: Limit one of each Pok\u00e9mon\n|rule|Item Clause: Limit 1 of each item\n|clearpoke\n|poke|p1|Hatterene, L50, F|\n|poke|p1|Torkoal, L50, F|\n|poke|p1|Araquanid, L50, F|\n|poke|p1|Gallade, L50, M|\n|poke|p1|Camerupt, L50, F|\n|poke|p1|Farigiraf, L50, F|\n|poke|p2|Tyranitar, L50, F|\n|poke|p2|Corviknight, L50, M|\n|poke|p2|Milotic, L50, F|\n|poke|p2|Dragonite, L50, M|\n|poke|p2|Glimmora, L50, F|\n|poke|p2|Meowscarada, L50, M|\n|teampreview|4\n|inactive|Battle timer is ON: inactive players will automatically lose when time's up. (requested by kalise26)\n|\n|t:|1776004657\n|teamsize|p1|4\n|teamsize|p2|4\n|start\n|switch|p1a: Guardevoir|Gallade, L50, M, shiny|100/100\n|switch|p1b: Araquanid|Araquanid, L50, F|100/100\n|switch|p2a: Karasu|Corviknight, L50, M, shiny|100/100\n|switch|p2b: Sandra|Tyranitar, L50, F|100/100\n|-weather|Sandstorm|[from] ability: Sand Stream|[of] p2b: Sandra\n|turn|1\n|\n|t:|1776004678\n|move|p1b: Araquanid|Protect|p1b: Araquanid\n|-singleturn|p1b: Araquanid|Protect\n|move|p2a: Karasu|Brave Bird|p1a: Guardevoir\n|-supereffective|p1a: Guardevoir|1\n|-damage|p1a: Guardevoir|1/100\n|-damage|p2a: Karasu|73/100|[from] Recoil\n|move|p2b: Sandra|Rock Slide|p1b: Araquanid|[spread] p1a\n|-activate|p1b: Araquanid|move: Protect\n|-resisted|p1a: Guardevoir|1\n|-damage|p1a: Guardevoir|0 fnt\n|faint|p1a: Guardevoir\n|\n|-weather|Sandstorm|[upkeep]\n|-damage|p1b: Araquanid|95/100|[from] Sandstorm\n|-heal|p2a: Karasu|79/100|[from] item: Leftovers\n|upkeep\n|\n|t:|1776004696\n|switch|p1a: Trotuman|Torkoal, L50, F|100/100\n|-weather|SunnyDay|[from] ability: Drought|[of] p1a: Trotuman\n|turn|2\n|\n|t:|1776004718\n|move|p1a: Trotuman|Protect|p1a: Trotuman\n|-singleturn|p1a: Trotuman|Protect\n|move|p2a: Karasu|Brave Bird|p1b: Araquanid\n|-supereffective|p1b: Araquanid|1\n|-damage|p1b: Araquanid|12/100\n|-damage|p2a: Karasu|55/100|[from] Recoil\n|move|p2b: Sandra|Rock Slide|p1a: Trotuman|[spread] p1b\n|-activate|p1a: Trotuman|move: Protect\n|-supereffective|p1b: Araquanid|1\n|-damage|p1b: Araquanid|0 fnt\n|faint|p1b: Araquanid\n|\n|-weather|SunnyDay|[upkeep]\n|-heal|p2a: Karasu|61/100|[from] item: Leftovers\n|upkeep\n|\n|t:|1776004726\n|switch|p1b: Bom|Camerupt, L50, F, shiny|100/100\n|turn|3\n|inactive|Pegassin has 30 seconds left.\n|\n|t:|1776004758\n|detailschange|p1b: Bom|Camerupt-Mega, L50, F, shiny\n|-mega|p1b: Bom|Camerupt|Cameruptite\n|move|p2a: Karasu|Brave Bird|p1b: Bom\n|-damage|p1b: Bom|62/100\n|-damage|p2a: Karasu|50/100|[from] Recoil\n|move|p2b: Sandra|Rock Slide|p1b: Bom|[spread] p1b\n|-miss|p2b: Sandra|p1a: Trotuman\n|-damage|p1b: Bom|34/100\n|move|p1b: Bom|Solar Beam||[still]\n|-prepare|p1b: Bom|Solar Beam\n|-anim|p1b: Bom|Solar Beam|p2b: Sandra\n|-supereffective|p2b: Sandra|1\n|-damage|p2b: Sandra|30/100\n|move|p1a: Trotuman|Heat Wave|p2a: Karasu|[spread] p2a,p2b\n|-supereffective|p2a: Karasu|1\n|-resisted|p2b: Sandra|1\n|-damage|p2a: Karasu|0 fnt\n|-damage|p2b: Sandra|10/100\n|faint|p2a: Karasu\n|\n|-weather|SunnyDay|[upkeep]\n|upkeep\n|\n|t:|1776004774\n|switch|p2a: Toph|Glimmora, L50, F, shiny|100/100\n|turn|4\n|\n|t:|1776004784\n|detailschange|p2a: Toph|Glimmora-Mega, L50, F, shiny\n|-mega|p2a: Toph|Glimmora|Glimmoranite\n|move|p2a: Toph|Power Gem|p1a: Trotuman\n|-supereffective|p1a: Trotuman|1\n|-enditem|p1a: Trotuman|Focus Sash\n|-damage|p1a: Trotuman|1/100\n|move|p2b: Sandra|Rock Slide|p1a: Trotuman|[spread] p1a,p1b\n|-supereffective|p1a: Trotuman|1\n|-damage|p1a: Trotuman|0 fnt\n|-damage|p1b: Bom|4/100\n|faint|p1a: Trotuman\n|move|p1b: Bom|Scorching Sands|p2a: Toph\n|-supereffective|p2a: Toph|2\n|-damage|p2a: Toph|0 fnt\n|faint|p2a: Toph\n|\n|-weather|SunnyDay|[upkeep]\n|upkeep\n|\n|t:|1776004793\n|switch|p2a: Khali|Milotic, L50, F, shiny|100/100\n|turn|5\n|\n|t:|1776004798\n|move|p2a: Khali|Scald|p1b: Bom\n|-supereffective|p1b: Bom|2\n|-damage|p1b: Bom|0 fnt\n|faint|p1b: Bom\n|\n|win|kalise26\n|raw|Pegassin's rating: 1139 &rarr; <strong>1113</strong><br />(-26 for losing)\n|raw|kalise26's rating: 1125 &rarr; <strong>1151</strong><br />(+26 for winning)\n",
  "uploadtime": 1776004798,
  "views": 16,
  "formatid": "gen9championsvgc2026regma",
  "rating": 1113,
  "private": 0,
  "password": null
}