{
  "id": "gen9championsvgc2026regma-2583054228",
  "format": "[Gen 9 Champions] VGC 2026 Reg M-A",
  "players": [
    "kuanyou",
    "Inciniroarrr"
  ],
  "log": "|j|\u2606kuanyou\n|j|\u2606Inciniroarrr\n|t:|1776137099\n|gametype|doubles\n|player|p1|kuanyou|266|1229\n|player|p2|Inciniroarrr|102|1324\n|gen|9\n|tier|[Gen 9 Champions] VGC 2026 Reg M-A\n|rated|\n|rule|Species Clause: Limit one of each Pok\u00e9mon\n|rule|Item Clause: Limit 1 of each item\n|clearpoke\n|poke|p1|Scovillain, L50, F|\n|poke|p1|Sneasler, L50, M|\n|poke|p1|Primarina, L50, F|\n|poke|p1|Kingambit, L50, F|\n|poke|p1|Aerodactyl, L50, F|\n|poke|p1|Garchomp, L50, F|\n|poke|p2|Delphox, L50, F|\n|poke|p2|Sneasler, L50, M|\n|poke|p2|Sinistcha, L50|\n|poke|p2|Garchomp, L50, F|\n|poke|p2|Tyranitar, L50, M|\n|poke|p2|Gyarados, L50, F|\n|teampreview|4\n|inactive|Battle timer is ON: inactive players will automatically lose when time's up. (requested by Inciniroarrr)\nkuanyou has agreed to open team sheets.\n|inactive|kuanyou has 60 seconds left.\n|inactive|Inciniroarrr has 60 seconds left.\n|\n|t:|1776137134\n|teamsize|p1|4\n|teamsize|p2|4\n|start\n|switch|p1a: Aerodactyl|Aerodactyl, L50, F|100/100\n|switch|p1b: Primarina|Primarina, L50, F|100/100\n|switch|p2a: Delphox|Delphox, L50, F|100/100\n|switch|p2b: Sneasler|Sneasler, L50, M|100/100\n|-ability|p1a: Aerodactyl|Unnerve\n|turn|1\n|\n|t:|1776137147\n|detailschange|p2a: Delphox|Delphox-Mega, L50, F\n|-mega|p2a: Delphox|Delphox|Delphoxite\n|move|p1a: Aerodactyl|Protect|p1a: Aerodactyl\n|-singleturn|p1a: Aerodactyl|Protect\n|move|p1b: Primarina|Protect|p1b: Primarina\n|-singleturn|p1b: Primarina|Protect\n|move|p2b: Sneasler|Fake Out|p1a: Aerodactyl\n|-activate|p1a: Aerodactyl|move: Protect\n|move|p2a: Delphox|Psyshock|p1b: Primarina\n|-activate|p1b: Primarina|move: Protect\n|\n|upkeep\n|turn|2\n|\n|t:|1776137165\n|move|p2a: Delphox|Psyshock|p1b: Primarina\n|-damage|p1b: Primarina|51/100\n|move|p1a: Aerodactyl|Rock Slide|p2b: Sneasler|[spread] p2a,p2b\n|-supereffective|p2a: Delphox|1\n|-resisted|p2b: Sneasler|1\n|-damage|p2a: Delphox|21/100\n|-damage|p2b: Sneasler|78/100\n|move|p2b: Sneasler|Close Combat|p1b: Primarina\n|-resisted|p1b: Primarina|1\n|-crit|p1b: Primarina\n|-damage|p1b: Primarina|0 fnt\n|-unboost|p2b: Sneasler|def|1\n|-unboost|p2b: Sneasler|spd|1\n|faint|p1b: Primarina\n|-enditem|p2b: Sneasler|White Herb\n|-clearnegativeboost|p2b: Sneasler|[silent]\n|\n|upkeep\n|\n|t:|1776137180\n|switch|p1b: Scovillain|Scovillain, L50, F|100/100\n|turn|3\n|\n|t:|1776137189\n|detailschange|p1b: Scovillain|Scovillain-Mega, L50, F\n|-mega|p1b: Scovillain|Scovillain|Scovillainite\n|move|p1b: Scovillain|Rage Powder|p1b: Scovillain\n|-singleturn|p1b: Scovillain|move: Rage Powder\n|move|p2b: Sneasler|Close Combat|p1b: Scovillain\n|-damage|p1b: Scovillain|37/100\n|-unboost|p2b: Sneasler|def|1\n|-unboost|p2b: Sneasler|spd|1\n|-status|p2b: Sneasler|brn|[from] ability: Spicy Spray|[of] p1b: Scovillain\n|move|p2a: Delphox|Heat Wave|p1a: Aerodactyl|[spread] p1a\n|-miss|p2a: Delphox|p1b: Scovillain\n|-resisted|p1a: Aerodactyl|1\n|-damage|p1a: Aerodactyl|70/100\n|move|p1a: Aerodactyl|Rock Slide|p2b: Sneasler|[spread] p2a,p2b\n|-supereffective|p2a: Delphox|1\n|-resisted|p2b: Sneasler|1\n|-damage|p2a: Delphox|0 fnt\n|-damage|p2b: Sneasler|46/100 brn\n|faint|p2a: Delphox\n|\n|-damage|p2b: Sneasler|40/100 brn|[from] brn\n|upkeep\n|inactive|Inciniroarrr has 30 seconds left.\n|\n|t:|1776137218\n|switch|p2a: Sinistcha|Sinistcha, L50|100/100\n|-heal|p2b: Sneasler|65/100 brn|[from] ability: Hospitality|[of] p2a: Sinistcha\n|turn|4\n|\n|t:|1776137232\n|move|p1a: Aerodactyl|Protect|p1a: Aerodactyl\n|-singleturn|p1a: Aerodactyl|Protect\n|move|p2b: Sneasler|Close Combat|p1b: Scovillain\n|-damage|p1b: Scovillain|2/100\n|-unboost|p2b: Sneasler|def|1\n|-unboost|p2b: Sneasler|spd|1\n|move|p1b: Scovillain|Flamethrower|p2a: Sinistcha\n|-supereffective|p2a: Sinistcha|1\n|-damage|p2a: Sinistcha|22/100\n|move|p2a: Sinistcha|Matcha Gotcha|p1b: Scovillain|[spread] p1b\n|-activate|p1a: Aerodactyl|move: Protect\n|-resisted|p1b: Scovillain|2\n|-damage|p1b: Scovillain|0 fnt\n|-heal|p2a: Sinistcha|23/100|[from] drain|[of] p1b: Scovillain\n|-status|p2a: Sinistcha|brn|[from] ability: Spicy Spray|[of] p1b: Scovillain\n|faint|p1b: Scovillain\n|\n|-damage|p2b: Sneasler|59/100 brn|[from] brn\n|-damage|p2a: Sinistcha|17/100 brn|[from] brn\n|upkeep\n|\n|t:|1776137251\n|switch|p1b: Garchomp|Garchomp, L50, F|100/100\n|turn|5\n|\n|t:|1776137274\n|switch|p2a: Garchomp|Garchomp, L50, F|100/100\n|move|p2b: Sneasler|Close Combat|p1a: Aerodactyl\n|-damage|p1a: Aerodactyl|17/100\n|-unboost|p2b: Sneasler|def|1\n|-unboost|p2b: Sneasler|spd|1\n|move|p1a: Aerodactyl|Tailwind|p1a: Aerodactyl\n|-sidestart|p1: kuanyou|move: Tailwind\n|move|p1b: Garchomp|Earthquake|p2a: Garchomp|[spread] p2a,p2b\n|-immune|p1a: Aerodactyl\n|-supereffective|p2b: Sneasler|1\n|-damage|p2a: Garchomp|61/100\n|-damage|p2b: Sneasler|0 fnt\n|faint|p2b: Sneasler\n|\n|upkeep\n|\n|t:|1776137287\n|switch|p2b: Sinistcha|Sinistcha, L50|17/100 brn\n|-heal|p2a: Garchomp|86/100|[from] ability: Hospitality|[of] p2b: Sinistcha\n|turn|6\n|\n|t:|1776137295\n|move|p1a: Aerodactyl|Rock Slide|p2b: Sinistcha|[spread] p2a,p2b\n|-resisted|p2a: Garchomp|1\n|-crit|p2b: Sinistcha\n|-damage|p2a: Garchomp|73/100\n|-damage|p2b: Sinistcha|0 fnt\n|faint|p2b: Sinistcha\n|move|p1b: Garchomp|Dragon Claw|p2a: Garchomp\n|-supereffective|p2a: Garchomp|1\n|-damage|p2a: Garchomp|0 fnt\n|-damage|p1b: Garchomp|88/100|[from] ability: Rough Skin|[of] p2a: Garchomp\n|faint|p2a: Garchomp\n|\n|win|kuanyou\n|raw|kuanyou's rating: 1229 &rarr; <strong>1261</strong><br />(+32 for winning)\n|raw|Inciniroarrr's rating: 1324 &rarr; <strong>1299</strong><br />(-25 for losing)\n",
  "uploadtime": 1776137295,
  "views": 18,
  "formatid": "gen9championsvgc2026regma",
  "rating": 1261,
  "private": 0,
  "password": null
}