{
  "id": "gen9championsvgc2026regma-2587647643",
  "format": "[Gen 9 Champions] VGC 2026 Reg M-A",
  "players": [
    "Prohxy",
    "astoadeus"
  ],
  "log": "|j|\u2606Prohxy\n|j|\u2606astoadeus\n|t:|1776550171\n|gametype|doubles\n|player|p1|Prohxy|swimmerf|1134\n|player|p2|astoadeus|harlequin|1041\n|gen|9\n|tier|[Gen 9 Champions] VGC 2026 Reg M-A\n|rated|\n|rule|Species Clause: Limit one of each Pok\u00e9mon\n|rule|Item Clause: Limit 1 of each item\n|clearpoke\n|poke|p1|Sinistcha-Masterpiece, L50|\n|poke|p1|Palafin, L50, M, shiny|\n|poke|p1|Altaria, L50, M|\n|poke|p1|Talonflame, L50, F, shiny|\n|poke|p1|Tsareena, L50, F, shiny|\n|poke|p1|Ninetales-Alola, L50, F, shiny|\n|poke|p2|Trevenant, L50, M|\n|poke|p2|Camerupt, L50, F|\n|poke|p2|Torkoal, L50, F|\n|poke|p2|Incineroar, L50, M|\n|poke|p2|Mamoswine, L50, M|\n|poke|p2|Maushold-Four, L50|\n|teampreview|4\n|inactive|Battle timer is ON: inactive players will automatically lose when time's up. (requested by Prohxy)\n|inactive|Prohxy has 60 seconds left.\n|\n|t:|1776550207\n|teamsize|p1|4\n|teamsize|p2|4\n|start\n|switch|p1a: Tsareena|Tsareena, L50, F, shiny|100/100\n|switch|p1b: Altaria|Altaria, L50, M|100/100\n|switch|p2a: Trevenant|Trevenant, L50, M|100/100\n|switch|p2b: Maushold|Maushold-Four, L50|100/100\n|turn|1\n|\n|t:|1776550228\n|detailschange|p1b: Altaria|Altaria-Mega, L50, M\n|-mega|p1b: Altaria|Altaria|Altarianite\n|move|p2b: Maushold|After You|p2a: Trevenant\n|-activate|p2a: Trevenant|move: After You\n|move|p2a: Trevenant|Trick Room|p2a: Trevenant\n|-fieldstart|move: Trick Room|[of] p2a: Trevenant\n|move|p1a: Tsareena|U-turn|p2a: Trevenant\n|-damage|p2a: Trevenant|78/100\n|\n|t:|1776550241\n|switch|p1a: Talonflame|Talonflame, L50, F, shiny|100/100|[from] U-turn\n|move|p1b: Altaria|Flamethrower|p2a: Trevenant\n|-supereffective|p2a: Trevenant|1\n|-damage|p2a: Trevenant|34/100\n|-enditem|p2a: Trevenant|Sitrus Berry|[eat]\n|-heal|p2a: Trevenant|59/100|[from] item: Sitrus Berry\n|\n|upkeep\n|turn|2\n|\n|t:|1776550257\n|switch|p2b: Torkoal|Torkoal, L50, F|100/100\n|-weather|SunnyDay|[from] ability: Drought|[of] p2b: Torkoal\n|move|p2a: Trevenant|Protect|p2a: Trevenant\n|-singleturn|p2a: Trevenant|Protect\n|move|p1b: Altaria|Hyper Voice|p2a: Trevenant|[spread] p2b\n|-activate|p2a: Trevenant|move: Protect\n|-resisted|p2b: Torkoal|1\n|-damage|p2b: Torkoal|72/100\n|move|p1a: Talonflame|U-turn|p2a: Trevenant\n|-activate|p2a: Trevenant|move: Protect\n|\n|-weather|SunnyDay|[upkeep]\n|-item|p2a: Trevenant|Sitrus Berry|[from] ability: Harvest\n|upkeep\n|turn|3\n|inactive|Prohxy has 30 seconds left.\n|\n|t:|1776550287\n|switch|p1b: Palafin|Palafin, L50, M, shiny|100/100\n|move|p2a: Trevenant|Forest's Curse|p1b: Palafin\n|-start|p1b: Palafin|typeadd|Grass|[from] move: Forest's Curse\n|move|p2b: Torkoal|Eruption|p1b: Palafin|[spread] p1a,p1b\n|-resisted|p1a: Talonflame|1\n|-crit|p1b: Palafin\n|-damage|p1a: Talonflame|59/100\n|-damage|p1b: Palafin|0 fnt\n|faint|p1b: Palafin\n|move|p1a: Talonflame|Flare Blitz|p2a: Trevenant\n|-supereffective|p2a: Trevenant|1\n|-damage|p2a: Trevenant|0 fnt\n|faint|p2a: Trevenant\n|-damage|p1a: Talonflame|35/100|[from] Recoil\n|\n|-weather|SunnyDay|[upkeep]\n|upkeep\n|c|\u2606Prohxy|oh shit hell yeah\n|c|\u2606Prohxy|thats sick\n|inactive|Prohxy has 30 seconds left.\n|\n|t:|1776550315\n|switch|p2a: Camerupt|Camerupt, L50, F|100/100\n|switch|p1b: Altaria|Altaria-Mega, L50, M|100/100\n|turn|4\n|\n|t:|1776550337\n|detailschange|p2a: Camerupt|Camerupt-Mega, L50, F\n|-mega|p2a: Camerupt|Camerupt|Cameruptite\n|move|p2a: Camerupt|Flash Cannon|p1b: Altaria\n|-supereffective|p1b: Altaria|1\n|-damage|p1b: Altaria|14/100\n|move|p2b: Torkoal|Eruption|p1a: Talonflame|[spread] p1a,p1b\n|-resisted|p1a: Talonflame|1\n|-resisted|p1b: Altaria|1\n|-damage|p1a: Talonflame|0 fnt\n|-damage|p1b: Altaria|0 fnt\n|faint|p1a: Talonflame\n|faint|p1b: Altaria\n|\n|-weather|SunnyDay|[upkeep]\n|upkeep\n|c|\u2606Prohxy|cool to see a creative team dude that was actually awsome\n|inactive|Prohxy has 30 seconds left.\n|\n|t:|1776550365\n|switch|p1b: Tsareena|Tsareena, L50, F, shiny|100/100\n|turn|5\n|c|\u2606astoadeus|Ay thanks!\n|c|\u2606Prohxy|gg\\\n|c|\u2606astoadeus|I love trevenant so i wanted to make him work so\n|\n|t:|1776550383\n|move|p2a: Camerupt|Heat Wave|p1b: Tsareena\n|-supereffective|p1b: Tsareena|1\n|-damage|p1b: Tsareena|0 fnt\n|faint|p1b: Tsareena\n|\n|win|astoadeus\n|raw|Prohxy's rating: 1134 &rarr; <strong>1102</strong><br />(-32 for losing)\n|raw|astoadeus's rating: 1041 &rarr; <strong>1084</strong><br />(+43 for winning)\n|c|\u2606astoadeus|GG!\n|c|\u2606Prohxy|yeah that was an incredible play\n|c|\u2606Prohxy|gg!\n|l|\u2606astoadeus\n|player|p2|\n",
  "uploadtime": 1776550421,
  "views": 19,
  "formatid": "gen9championsvgc2026regma",
  "rating": 1084,
  "private": 0,
  "password": null
}