{
  "id": "gen9championsvgc2026regma-2584671821",
  "format": "[Gen 9 Champions] VGC 2026 Reg M-A",
  "players": [
    "endavort123",
    "hugoggg"
  ],
  "log": "|j|\u2606endavort123\n|j|\u2606hugoggg\n|t:|1776275811\n|gametype|doubles\n|player|p1|endavort123|chuck|1200\n|player|p2|hugoggg|2|1266\n|gen|9\n|tier|[Gen 9 Champions] VGC 2026 Reg M-A\n|rated|\n|rule|Species Clause: Limit one of each Pok\u00e9mon\n|rule|Item Clause: Limit 1 of each item\n|clearpoke\n|poke|p1|Drampa, L50, M|\n|poke|p1|Pelipper, L50, M|\n|poke|p1|Sinistcha, L50|\n|poke|p1|Excadrill, L50, M|\n|poke|p1|Archaludon, L50, M|\n|poke|p1|Whimsicott, L50, F|\n|poke|p2|Alcremie, L50, F|\n|poke|p2|Froslass, L50, F|\n|poke|p2|Sneasler, L50, F|\n|poke|p2|Kingambit, L50, F|\n|poke|p2|Incineroar, L50, F|\n|poke|p2|Sinistcha, L50|\n|teampreview|4\n|\n|t:|1776275851\n|teamsize|p1|4\n|teamsize|p2|4\n|start\n|switch|p1a: Archaludon|Archaludon, L50, M|100/100\n|switch|p1b: Excadrill|Excadrill, L50, M|100/100\n|switch|p2a: Sinistcha|Sinistcha, L50|100/100\n|switch|p2b: Alcremie|Alcremie, L50, F|100/100\n|turn|1\n|\n|t:|1776275871\n|move|p1b: Excadrill|Swords Dance|p1b: Excadrill\n|-boost|p1b: Excadrill|atk|2\n|move|p1a: Archaludon|Light Screen|p1a: Archaludon\n|-sidestart|p1: endavort123|move: Light Screen\n|move|p2b: Alcremie|Decorate|p2a: Sinistcha\n|-boost|p2a: Sinistcha|atk|2\n|-boost|p2a: Sinistcha|spa|2\n|move|p2a: Sinistcha|Trick Room|p2a: Sinistcha\n|-fieldstart|move: Trick Room|[of] p2a: Sinistcha\n|\n|upkeep\n|turn|2\n|\n|t:|1776275890\n|detailschange|p1b: Excadrill|Excadrill-Mega, L50, M\n|-mega|p1b: Excadrill|Excadrill|Excadrite\n|move|p2a: Sinistcha|Protect|p2a: Sinistcha\n|-singleturn|p2a: Sinistcha|Protect\n|move|p2b: Alcremie|Decorate|p2a: Sinistcha\n|-boost|p2a: Sinistcha|atk|2\n|-boost|p2a: Sinistcha|spa|2\n|move|p1a: Archaludon|Reflect|p1a: Archaludon\n|-sidestart|p1: endavort123|Reflect\n|move|p1b: Excadrill|Iron Head|p2a: Sinistcha\n|-ability|p1b: Excadrill|Piercing Drill\n|-zbroken|p2a: Sinistcha\n|-damage|p2a: Sinistcha|73/100\n|\n|-heal|p2a: Sinistcha|79/100|[from] item: Leftovers\n|upkeep\n|turn|3\n|\n|t:|1776275912\n|move|p2b: Alcremie|Helping Hand|p2a: Sinistcha\n|-singleturn|p2a: Sinistcha|Helping Hand|[of] p2b: Alcremie\n|move|p2a: Sinistcha|Matcha Gotcha|p1b: Excadrill|[spread] p1a,p1b\n|-resisted|p1a: Archaludon|2\n|-damage|p1a: Archaludon|73/100\n|-heal|p2a: Sinistcha|94/100|[from] drain|[of] p1a: Archaludon\n|-damage|p1b: Excadrill|3/100\n|-heal|p2a: Sinistcha|100/100|[from] drain|[of] p1b: Excadrill\n|move|p1a: Archaludon|Flash Cannon|p2a: Sinistcha\n|-damage|p2a: Sinistcha|53/100\n|move|p1b: Excadrill|Iron Head|p2a: Sinistcha\n|-damage|p2a: Sinistcha|0 fnt\n|faint|p2a: Sinistcha\n|\n|-heal|p1a: Archaludon|79/100|[from] item: Leftovers\n|upkeep\n|\n|t:|1776275927\n|switch|p2a: Sneasler|Sneasler, L50, F|100/100\n|turn|4\n|\n|t:|1776275938\n|move|p2a: Sneasler|Fake Out|p1b: Excadrill\n|-resisted|p1b: Excadrill|1\n|-damage|p1b: Excadrill|0 fnt\n|faint|p1b: Excadrill\n|move|p2b: Alcremie|Decorate|p2a: Sneasler\n|-boost|p2a: Sneasler|atk|2\n|-boost|p2a: Sneasler|spa|2\n|move|p1a: Archaludon|Flash Cannon|p2b: Alcremie\n|-supereffective|p2b: Alcremie|1\n|-damage|p2b: Alcremie|30/100\n|-enditem|p2b: Alcremie|Sitrus Berry|[eat]\n|-heal|p2b: Alcremie|55/100|[from] item: Sitrus Berry\n|\n|-heal|p1a: Archaludon|85/100|[from] item: Leftovers\n|upkeep\n|\n|t:|1776275950\n|switch|p1b: Whimsicott|Whimsicott, L50, F|100/100\n|turn|5\n|\n|t:|1776275965\n|move|p1b: Whimsicott|Encore|p2a: Sneasler\n|-block|p2a: Sneasler|ability: Aroma Veil|[of] p2b: Alcremie\n|move|p2b: Alcremie|Pain Split|p1b: Whimsicott\n|-sethp|p1b: Whimsicott|78/100|[from] move: Pain Split|[silent]\n|-sethp|p2b: Alcremie|76/100|[from] move: Pain Split\n|move|p1a: Archaludon|Flash Cannon|p2b: Alcremie\n|-supereffective|p2b: Alcremie|1\n|-damage|p2b: Alcremie|10/100\n|move|p2a: Sneasler|Close Combat|p1a: Archaludon\n|-supereffective|p1a: Archaludon|1\n|-damage|p1a: Archaludon|0 fnt\n|-unboost|p2a: Sneasler|def|1\n|-unboost|p2a: Sneasler|spd|1\n|faint|p1a: Archaludon\n|-enditem|p2a: Sneasler|White Herb\n|-clearnegativeboost|p2a: Sneasler|[silent]\n|\n|-sideend|p1: endavort123|move: Light Screen\n|-fieldend|move: Trick Room\n|upkeep\n|\n|t:|1776275977\n|switch|p1a: Pelipper|Pelipper, L50, M|100/100\n|-weather|RainDance|[from] ability: Drizzle|[of] p1a: Pelipper\n|turn|6\n|\n|t:|1776275991\n|move|p2a: Sneasler|Dire Claw|p1b: Whimsicott\n|-supereffective|p1b: Whimsicott|2\n|-damage|p1b: Whimsicott|0 fnt\n|faint|p1b: Whimsicott\n|move|p2b: Alcremie|Pain Split|p1a: Pelipper\n|-sethp|p1a: Pelipper|55/100|[from] move: Pain Split|[silent]\n|-sethp|p2b: Alcremie|53/100|[from] move: Pain Split\n|move|p1a: Pelipper|Weather Ball|p2a: Sneasler\n|-damage|p2a: Sneasler|12/100\n|\n|-weather|RainDance|[upkeep]\n|-sideend|p1: endavort123|Reflect\n|upkeep\n|turn|7\n|\n|t:|1776276003\n|move|p2b: Alcremie|Helping Hand|p2a: Sneasler\n|-singleturn|p2a: Sneasler|Helping Hand|[of] p2b: Alcremie\n|move|p2a: Sneasler|Dire Claw|p1a: Pelipper\n|-damage|p1a: Pelipper|0 fnt\n|faint|p1a: Pelipper\n|\n|win|hugoggg\n|raw|endavort123's rating: 1200 &rarr; <strong>1180</strong><br />(-20 for losing)\n|raw|hugoggg's rating: 1266 &rarr; <strong>1286</strong><br />(+20 for winning)\n|l|\u2606endavort123\n|player|p1|\n",
  "uploadtime": 1776276091,
  "views": 18,
  "formatid": "gen9championsvgc2026regma",
  "rating": 1180,
  "private": 0,
  "password": null
}