{
  "id": "gen9championsvgc2026regma-2588567704",
  "format": "[Gen 9 Champions] VGC 2026 Reg M-A",
  "players": [
    "Vitalis24",
    "skdkilla"
  ],
  "log": "|j|\u2606Vitalis24\n|j|\u2606skdkilla\n|t:|1776645747\n|gametype|doubles\n|player|p1|Vitalis24|crasherwake|1128\n|player|p2|skdkilla|169|1086\n|gen|9\n|tier|[Gen 9 Champions] VGC 2026 Reg M-A\n|rated|\n|rule|Species Clause: Limit one of each Pok\u00e9mon\n|rule|Item Clause: Limit 1 of each item\n|clearpoke\n|poke|p1|Manectric, L50, M|\n|poke|p1|Kingambit, L50, F|\n|poke|p1|Hatterene, L50, F|\n|poke|p1|Decidueye-Hisui, L50, M|\n|poke|p1|Pelipper, L50, M|\n|poke|p1|Basculegion, L50, M|\n|poke|p2|Incineroar, L50, M|\n|poke|p2|Sneasler, L50, M|\n|poke|p2|Archaludon, L50, M|\n|poke|p2|Politoed, L50, M|\n|poke|p2|Basculegion, L50, M|\n|poke|p2|Meganium, L50, F|\n|teampreview|4\n|inactive|Battle timer is ON: inactive players will automatically lose when time's up. (requested by skdkilla)\n|inactive|Vitalis24 has 60 seconds left.\n|inactive|skdkilla has 60 seconds left.\n|\n|t:|1776645804\n|teamsize|p1|4\n|teamsize|p2|4\n|start\n|switch|p1a: Manectric|Manectric, L50, M|100/100\n|switch|p1b: Hatterene|Hatterene, L50, F|100/100\n|switch|p2a: Incineroar|Incineroar, L50, M|100/100\n|switch|p2b: Meganium|Meganium, L50, F|100/100\n|-ability|p2a: Incineroar|Intimidate|boost\n|-unboost|p1a: Manectric|atk|1\n|-unboost|p1b: Hatterene|atk|1\n|turn|1\n|inactive|skdkilla has 30 seconds left.\n|\n|t:|1776645830\n|detailschange|p1a: Manectric|Manectric-Mega, L50, M\n|-mega|p1a: Manectric|Manectric|Manectite\n|-ability|p1a: Manectric|Intimidate|boost\n|-unboost|p2a: Incineroar|atk|1\n|-unboost|p2b: Meganium|atk|1\n|detailschange|p2b: Meganium|Meganium-Mega, L50, F\n|-mega|p2b: Meganium|Meganium|Meganiumite\n|move|p2a: Incineroar|Fake Out|p1b: Hatterene\n|-damage|p1b: Hatterene|93/100\n|move|p1a: Manectric|Flamethrower|p2b: Meganium\n|-supereffective|p2b: Meganium|1\n|-crit|p2b: Meganium\n|-damage|p2b: Meganium|0 fnt\n|faint|p2b: Meganium\n|cant|p1b: Hatterene|flinch\n|\n|upkeep\n|\n|t:|1776645844\n|switch|p2b: Politoed|Politoed, L50, M|100/100\n|-weather|RainDance|[from] ability: Drizzle|[of] p2b: Politoed\n|turn|2\n|\n|t:|1776645855\n|move|p1a: Manectric|Thunder|p2b: Politoed\n|-supereffective|p2b: Politoed|1\n|-damage|p2b: Politoed|29/100\n|move|p2b: Politoed|Earth Power|p1a: Manectric\n|-supereffective|p1a: Manectric|1\n|-damage|p1a: Manectric|38/100\n|-unboost|p1a: Manectric|spd|1\n|move|p2a: Incineroar|Parting Shot|p1a: Manectric\n|-unboost|p1a: Manectric|atk|1\n|-unboost|p1a: Manectric|spa|1\n|\n|t:|1776645865\n|switch|p2a: Archaludon|Archaludon, L50, M|100/100|[from] Parting Shot\n|move|p1b: Hatterene|Trick Room|p1b: Hatterene\n|-fieldstart|move: Trick Room|[of] p1b: Hatterene\n|\n|-weather|RainDance|[upkeep]\n|upkeep\n|turn|3\n|\n|t:|1776645882\n|move|p1b: Hatterene|Dazzling Gleam|p2a: Archaludon|[spread] p2a,p2b\n|-damage|p2a: Archaludon|47/100\n|-damage|p2b: Politoed|10/100\n|-ability|p2a: Archaludon|Stamina|boost\n|-boost|p2a: Archaludon|def|1\n|move|p2b: Politoed|Earth Power|p1a: Manectric\n|-supereffective|p1a: Manectric|1\n|-damage|p1a: Manectric|0 fnt\n|faint|p1a: Manectric\n|move|p2a: Archaludon|Flash Cannon|p1b: Hatterene\n|-supereffective|p1b: Hatterene|1\n|-damage|p1b: Hatterene|5/100\n|-enditem|p1b: Hatterene|Sitrus Berry|[eat]\n|-heal|p1b: Hatterene|30/100|[from] item: Sitrus Berry\n|\n|-weather|RainDance|[upkeep]\n|upkeep\n|\n|t:|1776645895\n|switch|p1a: Decidueye|Decidueye-Hisui, L50, M|100/100\n|turn|4\n|\n|t:|1776645904\n|switch|p2b: Incineroar|Incineroar, L50, M|100/100\n|-ability|p2b: Incineroar|Intimidate|boost\n|-fail|p1a: Decidueye|unboost|Attack|[from] ability: Scrappy|[of] p1a: Decidueye\n|-unboost|p1b: Hatterene|atk|1\n|move|p2a: Archaludon|Protect|p2a: Archaludon\n|-singleturn|p2a: Archaludon|Protect\n|move|p1b: Hatterene|Dazzling Gleam|p2b: Incineroar|[spread] p2b\n|-activate|p2a: Archaludon|move: Protect\n|-damage|p2b: Incineroar|71/100\n|move|p1a: Decidueye|Triple Arrows|p2a: Archaludon\n|-activate|p2a: Archaludon|move: Protect\n|\n|-weather|RainDance|[upkeep]\n|-heal|p2b: Incineroar|77/100|[from] item: Leftovers\n|upkeep\n|turn|5\n|\n|t:|1776645927\n|move|p1a: Decidueye|Protect|p1a: Decidueye\n|-singleturn|p1a: Decidueye|Protect\n|move|p2b: Incineroar|Fake Out|p1a: Decidueye\n|-activate|p1a: Decidueye|move: Protect\n|move|p1b: Hatterene|Dazzling Gleam|p2b: Incineroar|[spread] p2a,p2b\n|-crit|p2a: Archaludon\n|-damage|p2a: Archaludon|0 fnt\n|-damage|p2b: Incineroar|45/100\n|faint|p2a: Archaludon\n|\n|-weather|RainDance|[upkeep]\n|-heal|p2b: Incineroar|51/100|[from] item: Leftovers\n|upkeep\n|\n|t:|1776645939\n|switch|p2a: Politoed|Politoed, L50, M|10/100\n|turn|6\n|\n|t:|1776645954\n|move|p1b: Hatterene|Dazzling Gleam|p2b: Incineroar|[spread] p2a,p2b\n|-damage|p2a: Politoed|0 fnt\n|-damage|p2b: Incineroar|20/100\n|faint|p2a: Politoed\n|move|p1a: Decidueye|Triple Arrows|p2b: Incineroar\n|-supereffective|p2b: Incineroar|1\n|-crit|p2b: Incineroar\n|-damage|p2b: Incineroar|0 fnt\n|faint|p2b: Incineroar\n|\n|win|Vitalis24\n|raw|Vitalis24's rating: 1128 &rarr; <strong>1150</strong><br />(+22 for winning)\n|raw|skdkilla's rating: 1086 &rarr; <strong>1066</strong><br />(-20 for losing)\n|l|\u2606skdkilla\n|player|p2|\n|l|\u2606Vitalis24\n|player|p1|\n|j|\u2606Vitalis24\n|player|p1|Vitalis24|crasherwake|\n|l|\u2606Vitalis24\n|player|p1|\n|j|\u2606Vitalis24\n|player|p1|Vitalis24|crasherwake|\n",
  "uploadtime": 1776645972,
  "views": 7,
  "formatid": "gen9championsvgc2026regma",
  "rating": 1066,
  "private": 0,
  "password": null
}