{
  "id": "gen9championsvgc2026regma-2584279258",
  "format": "[Gen 9 Champions] VGC 2026 Reg M-A",
  "players": [
    "Glaceon0404",
    "fayeerr"
  ],
  "log": "|j|\u2606Glaceon0404\n|j|\u2606fayeerr\n|t:|1776246466\n|gametype|doubles\n|player|p1|Glaceon0404|youngster-gen4dp|1304\n|player|p2|fayeerr|lucas|1316\n|gen|9\n|tier|[Gen 9 Champions] VGC 2026 Reg M-A\n|rated|\n|rule|Species Clause: Limit one of each Pok\u00e9mon\n|rule|Item Clause: Limit 1 of each item\n|clearpoke\n|poke|p1|Aerodactyl, L50, M|\n|poke|p1|Floette-Eternal, L50, F|\n|poke|p1|Incineroar, L50, F|\n|poke|p1|Sinistcha-Masterpiece, L50|\n|poke|p1|Kingambit, L50, F|\n|poke|p1|Sneasler, L50, F|\n|poke|p2|Floette-Eternal, L50, F|\n|poke|p2|Garchomp, L50, F|\n|poke|p2|Sneasler, L50, M|\n|poke|p2|Rotom-Wash, L50|\n|poke|p2|Aerodactyl, L50, M|\n|poke|p2|Incineroar, L50, M|\n|teampreview|4\n|inactive|Battle timer is ON: inactive players will automatically lose when time's up. (requested by Glaceon0404)\n|\n|t:|1776246561\n|teamsize|p1|4\n|teamsize|p2|4\n|start\n|switch|p1a: Aerodactyl|Aerodactyl, L50, M|100/100\n|switch|p1b: Kingambit|Kingambit, L50, F|100/100\n|switch|p2a: Sneasler|Sneasler, L50, M|100/100\n|switch|p2b: Rotom|Rotom-Wash, L50|100/100\n|-ability|p1a: Aerodactyl|Unnerve\n|turn|1\n|inactive|Glaceon0404 has 30 seconds left.\n|inactive|fayeerr has 30 seconds left.\n|\n|t:|1776246590\n|switch|p1b: Sinistcha|Sinistcha-Masterpiece, L50|100/100\n|move|p1a: Aerodactyl|Protect|p1a: Aerodactyl\n|-singleturn|p1a: Aerodactyl|Protect\n|move|p2a: Sneasler|Fake Out|p1a: Aerodactyl\n|-activate|p1a: Aerodactyl|move: Protect\n|move|p2b: Rotom|Will-O-Wisp|p1b: Sinistcha\n|-status|p1b: Sinistcha|brn\n|\n|-damage|p1b: Sinistcha|94/100 brn|[from] brn\n|upkeep\n|turn|2\n|inactive|Glaceon0404 has 30 seconds left.\n|inactive|fayeerr has 30 seconds left.\n|inactive|Glaceon0404 has 20 seconds left.\n|inactive|fayeerr has 20 seconds left.\n|inactive|Glaceon0404 has 15 seconds left.\n|inactive|fayeerr has 15 seconds left.\n|inactive|Glaceon0404 has 10 seconds left.\n|\n|t:|1776246637\n|switch|p1a: Floette|Floette-Eternal, L50, F|100/100\n|move|p2a: Sneasler|Protect|p2a: Sneasler\n|-singleturn|p2a: Sneasler|Protect\n|move|p2b: Rotom|Will-O-Wisp|p1a: Floette\n|-status|p1a: Floette|brn\n|move|p1b: Sinistcha|Trick Room|p1b: Sinistcha\n|-fieldstart|move: Trick Room|[of] p1b: Sinistcha\n|\n|-damage|p1b: Sinistcha|88/100 brn|[from] brn\n|-damage|p1a: Floette|94/100 brn|[from] brn\n|upkeep\n|turn|3\n|inactive|fayeerr has 30 seconds left.\n|\n|t:|1776246666\n|switch|p2a: Aerodactyl|Aerodactyl, L50, M|100/100\n|-ability|p2a: Aerodactyl|Unnerve\n|switch|p2b: Floette|Floette-Eternal, L50, F|100/100\n|move|p1b: Sinistcha|Rage Powder|p1b: Sinistcha\n|-singleturn|p1b: Sinistcha|move: Rage Powder\n|move|p1a: Floette|Calm Mind|p1a: Floette\n|-boost|p1a: Floette|spa|1\n|-boost|p1a: Floette|spd|1\n|\n|-damage|p1b: Sinistcha|82/100 brn|[from] brn\n|-damage|p1a: Floette|88/100 brn|[from] brn\n|upkeep\n|turn|4\n|inactive|fayeerr has 30 seconds left.\n|inactive|Glaceon0404 has 30 seconds left.\n|\n|t:|1776246700\n|switch|p1b: Kingambit|Kingambit, L50, F|100/100\n|detailschange|p2b: Floette|Floette-Mega, L50, F\n|-mega|p2b: Floette|Floette|Floettite\n|-ability|p2b: Floette|Fairy Aura\n|move|p1a: Floette|Moonblast|p2a: Aerodactyl\n|-enditem|p2a: Aerodactyl|Focus Sash\n|-damage|p2a: Aerodactyl|1/100\n|move|p2b: Floette|Calm Mind|p2b: Floette\n|-boost|p2b: Floette|spa|1\n|-boost|p2b: Floette|spd|1\n|move|p2a: Aerodactyl|Dual Wingbeat|p1a: Floette\n|-damage|p1a: Floette|68/100 brn\n|-damage|p1a: Floette|49/100 brn\n|-hitcount|p1a: Floette|2\n|\n|-damage|p1a: Floette|42/100 brn|[from] brn\n|upkeep\n|turn|5\n|inactive|Glaceon0404 has 30 seconds left.\n|inactive|fayeerr has 30 seconds left.\n|inactive|fayeerr has 20 seconds left.\n|inactive|fayeerr has 15 seconds left.\n|inactive|fayeerr has 10 seconds left.\n|inactive|fayeerr has 5 seconds left.\n|\n|t:|1776246751\n|switch|p2a: Sneasler|Sneasler, L50, M|100/100\n|move|p2b: Floette|Protect|p2b: Floette\n|-singleturn|p2b: Floette|Protect\n|move|p1b: Kingambit|Iron Head|p2b: Floette\n|-activate|p2b: Floette|move: Protect\n|move|p1a: Floette|Dazzling Gleam|p2a: Sneasler|[spread] p2a\n|-activate|p2b: Floette|move: Protect\n|-damage|p2a: Sneasler|26/100\n|\n|-damage|p1a: Floette|36/100 brn|[from] brn\n|upkeep\n|turn|6\n|inactive|fayeerr has 30 seconds left.\n|inactive|fayeerr has 20 seconds left.\n|inactive|fayeerr has 15 seconds left.\n|\n|t:|1776246794\n|move|p1b: Kingambit|Iron Head|p2b: Floette\n|-supereffective|p2b: Floette|1\n|-damage|p2b: Floette|8/100\n|move|p1a: Floette|Dazzling Gleam|p2a: Sneasler|[spread] p2a,p2b\n|-damage|p2a: Sneasler|0 fnt\n|-damage|p2b: Floette|0 fnt\n|faint|p2a: Sneasler\n|faint|p2b: Floette\n|\n|-damage|p1a: Floette|30/100 brn|[from] brn\n|-fieldend|move: Trick Room\n|upkeep\n|\n|t:|1776246802\n|switch|p2a: Aerodactyl|Aerodactyl, L50, M|1/100\n|switch|p2b: Rotom|Rotom-Wash, L50|100/100\n|-ability|p2a: Aerodactyl|Unnerve\n|turn|7\n|inactive|Glaceon0404 has 30 seconds left.\n|inactive|fayeerr has 30 seconds left.\n|inactive|Glaceon0404 has 20 seconds left.\n|inactive|fayeerr has 20 seconds left.\n|\n|t:|1776246840\n|move|p1a: Floette|Protect|p1a: Floette\n|-singleturn|p1a: Floette|Protect\n|move|p2b: Rotom|Hydro Pump|p1b: Kingambit\n|-damage|p1b: Kingambit|59/100\n|move|p2a: Aerodactyl|Dual Wingbeat|p1b: Kingambit\n|-resisted|p1b: Kingambit|1\n|-damage|p1b: Kingambit|53/100\n|-resisted|p1b: Kingambit|1\n|-crit|p1b: Kingambit\n|-damage|p1b: Kingambit|42/100\n|-hitcount|p1b: Kingambit|2\n|move|p1b: Kingambit|Kowtow Cleave|p2b: Rotom\n|-damage|p2b: Rotom|34/100\n|\n|-damage|p1a: Floette|24/100 brn|[from] brn\n|upkeep\n|turn|8\n|\n|t:|1776246865\n|switch|p1a: Sinistcha|Sinistcha-Masterpiece, L50|82/100 brn\n|-heal|p1b: Kingambit|67/100|[from] ability: Hospitality|[of] p1a: Sinistcha\n|move|p1b: Kingambit|Sucker Punch|p2a: Aerodactyl\n|-damage|p2a: Aerodactyl|0 fnt\n|faint|p2a: Aerodactyl\n|move|p2b: Rotom|Hydro Pump|p1b: Kingambit|[miss]\n|-miss|p2b: Rotom|p1b: Kingambit\n|\n|-damage|p1a: Sinistcha|76/100 brn|[from] brn\n|upkeep\n|turn|9\n|-message|fayeerr forfeited.\n|\n|win|Glaceon0404\n|raw|Glaceon0404's rating: 1304 &rarr; <strong>1325</strong><br />(+21 for winning)\n|raw|fayeerr's rating: 1316 &rarr; <strong>1295</strong><br />(-21 for losing)\n|l|\u2606fayeerr\n|player|p2|\n",
  "uploadtime": 1776246877,
  "views": 77,
  "formatid": "gen9championsvgc2026regma",
  "rating": 1295,
  "private": 0,
  "password": null
}