{
  "id": "gen9championsvgc2026regma-2585758667",
  "format": "[Gen 9 Champions] VGC 2026 Reg M-A",
  "players": [
    "Junebee93",
    "Chef204"
  ],
  "log": "|j|\u2606Junebee93\n|j|\u2606Chef204\n|t:|1776368585\n|gametype|doubles\n|player|p1|Junebee93|1|1230\n|player|p2|Chef204|cynthia-gen4|1198\n|gen|9\n|tier|[Gen 9 Champions] VGC 2026 Reg M-A\n|rated|\n|rule|Species Clause: Limit one of each Pok\u00e9mon\n|rule|Item Clause: Limit 1 of each item\n|clearpoke\n|poke|p1|Meganium, L50, M|\n|poke|p1|Aerodactyl, L50, M|\n|poke|p1|Archaludon, L50, F|\n|poke|p1|Tauros-Paldea-Aqua, L50, M|\n|poke|p1|Typhlosion-Hisui, L50, F|\n|poke|p1|Kangaskhan, L50, F|\n|poke|p2|Delphox, L50, F|\n|poke|p2|Aerodactyl, L50, F|\n|poke|p2|Milotic, L50, F|\n|poke|p2|Garchomp, L50, M|\n|poke|p2|Archaludon, L50, M|\n|poke|p2|Tyranitar, L50, M|\n|teampreview|4\n|inactive|Battle timer is ON: inactive players will automatically lose when time's up. (requested by Chef204)\n|inactive|Junebee93 also wants the timer to be on.\n|inactive|Junebee93 has 60 seconds left.\n|inactive|Chef204 has 60 seconds left.\n|\n|t:|1776368622\n|teamsize|p1|4\n|teamsize|p2|4\n|start\n|switch|p1a: Meganium|Meganium, L50, M|100/100\n|switch|p1b: Aerodactyl|Aerodactyl, L50, M|100/100\n|switch|p2a: Milotic|Milotic, L50, F|100/100\n|switch|p2b: Aerodactyl|Aerodactyl, L50, F|100/100\n|-ability|p2b: Aerodactyl|Unnerve\n|-ability|p1b: Aerodactyl|Unnerve\n|turn|1\n|\n|t:|1776368643\n|detailschange|p1a: Meganium|Meganium-Mega, L50, M\n|-mega|p1a: Meganium|Meganium|Meganiumite\n|move|p2b: Aerodactyl|Tailwind|p2b: Aerodactyl\n|-sidestart|p2: Chef204|move: Tailwind\n|move|p2a: Milotic|Ice Beam|p1a: Meganium\n|-supereffective|p1a: Meganium|1\n|-damage|p1a: Meganium|44/100\n|-status|p1a: Meganium|frz\n|move|p1b: Aerodactyl|Tailwind|p1b: Aerodactyl\n|-sidestart|p1: Junebee93|move: Tailwind\n|cant|p1a: Meganium|frz\n|\n|upkeep\n|turn|2\n|c|\u2606Junebee93|Come on lmao\n|inactive|Junebee93 has 30 seconds left.\n|\n|t:|1776368670\n|-curestatus|p1a: Meganium|frz|[msg]\n|move|p1a: Meganium|Protect|p1a: Meganium\n|-singleturn|p1a: Meganium|Protect\n|move|p2b: Aerodactyl|Dual Wingbeat|p1a: Meganium\n|-activate|p1a: Meganium|move: Protect\n|move|p1b: Aerodactyl|Rock Slide|p2a: Milotic|[spread] p2b\n|-miss|p1b: Aerodactyl|p2a: Milotic\n|-supereffective|p2b: Aerodactyl|1\n|-damage|p2b: Aerodactyl|15/100\n|move|p2a: Milotic|Muddy Water|p1b: Aerodactyl|[spread] p1b\n|-activate|p1a: Meganium|move: Protect\n|-supereffective|p1b: Aerodactyl|1\n|-damage|p1b: Aerodactyl|24/100\n|\n|upkeep\n|turn|3\n|c|\u2606Chef204|Wow lol.\n|inactive|Junebee93 has 30 seconds left.\n|\n|t:|1776368698\n|switch|p1a: Typhlosion|Typhlosion-Hisui, L50, F|100/100\n|move|p2b: Aerodactyl|Dual Wingbeat|p1a: Typhlosion\n|-damage|p1a: Typhlosion|72/100\n|-damage|p1a: Typhlosion|45/100\n|-hitcount|p1a: Typhlosion|2\n|move|p1b: Aerodactyl|Rock Slide|p2b: Aerodactyl|[spread] p2a,p2b\n|-supereffective|p2b: Aerodactyl|1\n|-damage|p2a: Milotic|78/100\n|-damage|p2b: Aerodactyl|0 fnt\n|faint|p2b: Aerodactyl\n|move|p2a: Milotic|Muddy Water|p1a: Typhlosion|[spread] p1a,p1b\n|-supereffective|p1a: Typhlosion|1\n|-supereffective|p1b: Aerodactyl|1\n|-damage|p1a: Typhlosion|0 fnt\n|-damage|p1b: Aerodactyl|0 fnt\n|faint|p1a: Typhlosion\n|faint|p1b: Aerodactyl\n|\n|-heal|p2a: Milotic|84/100|[from] item: Leftovers\n|upkeep\n|\n|t:|1776368711\n|switch|p1b: Tauros|Tauros-Paldea-Aqua, L50, M|100/100\n|switch|p2b: Delphox|Delphox, L50, F|100/100\n|switch|p1a: Meganium|Meganium-Mega, L50, M|44/100\n|-ability|p1b: Tauros|Intimidate|boost\n|-unboost|p2a: Milotic|atk|1\n|-ability|p2a: Milotic|Competitive|boost\n|-boost|p2a: Milotic|spa|2\n|-unboost|p2b: Delphox|atk|1\n|turn|4\n|\n|t:|1776368730\n|detailschange|p2b: Delphox|Delphox-Mega, L50, F\n|-mega|p2b: Delphox|Delphox|Delphoxite\n|move|p1a: Meganium|Protect|p1a: Meganium\n|-singleturn|p1a: Meganium|Protect\n|move|p2b: Delphox|Role Play|p1b: Tauros\n|-ability|p2b: Delphox|Intimidate|Levitate|[from] move: Role Play|[of] p1b: Tauros\n|-ability|p2b: Delphox|Intimidate|boost\n|-unboost|p1a: Meganium|atk|1\n|-unboost|p1b: Tauros|atk|1\n|-enditem|p1b: Tauros|White Herb\n|-clearnegativeboost|p1b: Tauros|[silent]\n|move|p1b: Tauros|Wave Crash|p2b: Delphox\n|-supereffective|p2b: Delphox|1\n|-damage|p2b: Delphox|0 fnt\n|faint|p2b: Delphox\n|-damage|p1b: Tauros|68/100|[from] Recoil\n|move|p2a: Milotic|Ice Beam|p1a: Meganium\n|-activate|p1a: Meganium|move: Protect\n|\n|-heal|p2a: Milotic|91/100|[from] item: Leftovers\n|-sideend|p1: Junebee93|move: Tailwind\n|-sideend|p2: Chef204|move: Tailwind\n|upkeep\n|\n|t:|1776368742\n|switch|p2b: Archaludon|Archaludon, L50, M|100/100\n|turn|5\n|\n|t:|1776368752\n|move|p1b: Tauros|Close Combat|p2b: Archaludon\n|-supereffective|p2b: Archaludon|1\n|-damage|p2b: Archaludon|7/100\n|-unboost|p1b: Tauros|def|1\n|-unboost|p1b: Tauros|spd|1\n|move|p1a: Meganium|Solar Beam||[still]\n|-prepare|p1a: Meganium|Solar Beam\n|-activate|p1a: Meganium|ability: Mega Sol\n|-anim|p1a: Meganium|Solar Beam|p2a: Milotic\n|-supereffective|p2a: Milotic|1\n|-crit|p2a: Milotic\n|-damage|p2a: Milotic|0 fnt\n|faint|p2a: Milotic\n|move|p2b: Archaludon|Thunderbolt|p1b: Tauros\n|-supereffective|p1b: Tauros|1\n|-damage|p1b: Tauros|0 fnt\n|faint|p1b: Tauros\n|\n|upkeep\n|turn|6\n|\n|t:|1776368763\n|move|p1a: Meganium|Weather Ball|p2b: Archaludon|[miss]\n|-miss|p1a: Meganium|p2b: Archaludon\n|move|p2b: Archaludon|Flash Cannon|p1a: Meganium\n|-supereffective|p1a: Meganium|1\n|-damage|p1a: Meganium|0 fnt\n|faint|p1a: Meganium\n|\n|win|Chef204\n|raw|Junebee93's rating: 1230 &rarr; <strong>1203</strong><br />(-27 for losing)\n|raw|Chef204's rating: 1198 &rarr; <strong>1225</strong><br />(+27 for winning)\n|c|\u2606Chef204|Gg\n|c|\u2606Junebee93|What the fuck lmao\n|c|\u2606Junebee93|not rlly\n|c|\u2606Chef204|Bright Powder\n|l|\u2606Junebee93\n|player|p1|\n",
  "uploadtime": 1776368793,
  "views": 43,
  "formatid": "gen9championsvgc2026regma",
  "rating": 1203,
  "private": 0,
  "password": null
}