{
  "id": "gen9championsvgc2026regma-2583762832",
  "format": "[Gen 9 Champions] VGC 2026 Reg M-A",
  "players": [
    "DoggoDS",
    "haemori_ruri"
  ],
  "log": "|j|\u2606DoggoDS\n|j|\u2606haemori_ruri\n|t:|1776196022\n|gametype|doubles\n|player|p1|DoggoDS|2|1000\n|player|p2|haemori_ruri|swimmerf-gen4|1050\n|gen|9\n|tier|[Gen 9 Champions] VGC 2026 Reg M-A\n|rated|\n|rule|Species Clause: Limit one of each Pok\u00e9mon\n|rule|Item Clause: Limit 1 of each item\n|clearpoke\n|poke|p1|Beedrill, L50, M|\n|poke|p1|Crabominable, L50, M|\n|poke|p1|Ninetales-Alola, L50, M|\n|poke|p1|Clefable, L50, F|\n|poke|p1|Farigiraf, L50, M|\n|poke|p1|Kingambit, L50, F|\n|poke|p2|Garchomp, L50, F|\n|poke|p2|Volcarona, L50, F|\n|poke|p2|Sneasler, L50, F|\n|poke|p2|Aerodactyl, L50, F|\n|poke|p2|Lucario, L50, F|\n|poke|p2|Wyrdeer, L50, M|\n|teampreview|4\n|inactive|Battle timer is ON: inactive players will automatically lose when time's up. (requested by haemori_ruri)\n|\n|t:|1776196072\n|teamsize|p1|4\n|teamsize|p2|4\n|start\n|switch|p1a: Crabominable|Crabominable, L50, M, shiny|100/100\n|switch|p1b: Farigiraf|Farigiraf, L50, M|100/100\n|switch|p2a: Garchomp|Garchomp, L50, F|100/100\n|switch|p2b: Aerodactyl|Aerodactyl, L50, F|100/100\n|-ability|p2b: Aerodactyl|Unnerve\n|turn|1\n|inactive|haemori_ruri has 30 seconds left.\n|\n|t:|1776196102\n|move|p1a: Crabominable|Protect|p1a: Crabominable\n|-singleturn|p1a: Crabominable|Protect\n|move|p2a: Garchomp|Earthquake|p1b: Farigiraf|[spread] p1b\n|-activate|p1a: Crabominable|move: Protect\n|-immune|p2b: Aerodactyl\n|-damage|p1b: Farigiraf|62/100\n|move|p2b: Aerodactyl|Taunt|p1b: Farigiraf\n|-start|p1b: Farigiraf|move: Taunt\n|-enditem|p1b: Farigiraf|Mental Herb\n|-end|p1b: Farigiraf|move: Taunt\n|move|p1b: Farigiraf|Trick Room|p1b: Farigiraf\n|-fieldstart|move: Trick Room|[of] p1b: Farigiraf\n|\n|upkeep\n|turn|2\n|inactive|haemori_ruri has 30 seconds left.\n|\n|t:|1776196135\n|move|p1a: Crabominable|Ice Hammer|p2a: Garchomp\n|-supereffective|p2a: Garchomp|2\n|-damage|p2a: Garchomp|0 fnt\n|-unboost|p1a: Crabominable|spe|1\n|-damage|p1a: Crabominable|88/100|[from] ability: Rough Skin|[of] p2a: Garchomp\n|faint|p2a: Garchomp\n|move|p1b: Farigiraf|Expanding Force|p2b: Aerodactyl\n|-damage|p2b: Aerodactyl|58/100\n|move|p2b: Aerodactyl|Rock Slide|p1a: Crabominable|[spread] p1a,p1b\n|-damage|p1a: Crabominable|66/100\n|-damage|p1b: Farigiraf|44/100\n|\n|upkeep\n|\n|t:|1776196148\n|switch|p2a: Wyrdeer|Wyrdeer, L50, M|100/100\n|-ability|p2a: Wyrdeer|Intimidate|boost\n|-unboost|p1a: Crabominable|atk|1\n|-unboost|p1b: Farigiraf|atk|1\n|turn|3\n|\n|t:|1776196167\n|switch|p1b: Clefable|Clefable, L50, F|100/100\n|move|p1a: Crabominable|Ice Hammer|p2b: Aerodactyl\n|-supereffective|p2b: Aerodactyl|1\n|-damage|p2b: Aerodactyl|0 fnt\n|-unboost|p1a: Crabominable|spe|1\n|faint|p2b: Aerodactyl\n|move|p2a: Wyrdeer|Skill Swap|p1b: Clefable\n|-activate|p2a: Wyrdeer|Skill Swap|Magic Guard|Intimidate|[of] p1b: Clefable\n|-ability|p1b: Clefable|Intimidate|boost\n|-unboost|p2a: Wyrdeer|atk|1\n|\n|upkeep\n|\n|t:|1776196176\n|switch|p2b: Lucario|Lucario, L50, F|100/100\n|turn|4\n|\n|t:|1776196198\n|move|p1b: Clefable|Follow Me|p1b: Clefable\n|-singleturn|p1b: Clefable|move: Follow Me\n|move|p1a: Crabominable|Crabhammer|p2b: Lucario\n|-damage|p2b: Lucario|67/100\n|move|p2a: Wyrdeer|Psychic Noise|p1b: Clefable\n|-damage|p1b: Clefable|81/100\n|-start|p1b: Clefable|move: Heal Block\n|move|p2b: Lucario|Meteor Mash|p1b: Clefable\n|-supereffective|p1b: Clefable|1\n|-damage|p1b: Clefable|0 fnt\n|faint|p1b: Clefable\n|\n|upkeep\n|\n|t:|1776196209\n|switch|p1b: Kingambit|Kingambit, L50, F|100/100\n|turn|5\n|\n|t:|1776196223\n|switch|p1a: Farigiraf|Farigiraf, L50, M|44/100\n|move|p1b: Kingambit|Kowtow Cleave|p2a: Wyrdeer\n|-supereffective|p2a: Wyrdeer|1\n|-damage|p2a: Wyrdeer|0 fnt\n|faint|p2a: Wyrdeer\n|move|p2b: Lucario|Drain Punch|p1b: Kingambit\n|-supereffective|p1b: Kingambit|2\n|-damage|p1b: Kingambit|0 fnt\n|-heal|p2b: Lucario|100/100|[from] drain|[of] p1b: Kingambit\n|faint|p1b: Kingambit\n|\n|-fieldend|move: Trick Room\n|upkeep\n|\n|t:|1776196231\n|switch|p1b: Crabominable|Crabominable, L50, M, shiny|66/100\n|turn|6\n|\n|t:|1776196251\n|detailschange|p1b: Crabominable|Crabominable-Mega, L50, M, shiny\n|-mega|p1b: Crabominable|Crabominable|Crabominite\n|move|p1b: Crabominable|Mach Punch|p2b: Lucario\n|-supereffective|p2b: Lucario|1\n|-damage|p2b: Lucario|19/100\n|move|p2b: Lucario|Crunch|p1a: Farigiraf\n|-supereffective|p1a: Farigiraf|1\n|-damage|p1a: Farigiraf|0 fnt\n|faint|p1a: Farigiraf\n|\n|upkeep\n|turn|7\n|\n|t:|1776196261\n|move|p2b: Lucario|Extreme Speed|p1b: Crabominable\n|-damage|p1b: Crabominable|46/100\n|move|p1b: Crabominable|Mach Punch|p2b: Lucario\n|-supereffective|p2b: Lucario|1\n|-damage|p2b: Lucario|0 fnt\n|faint|p2b: Lucario\n|\n|win|DoggoDS\n|raw|DoggoDS's rating: 1000 &rarr; <strong>1046</strong><br />(+46 for winning)\n|raw|haemori_ruri's rating: 1050 &rarr; <strong>1030</strong><br />(-20 for losing)\n|l|\u2606haemori_ruri\n|player|p2|\n",
  "uploadtime": 1776196269,
  "views": 24,
  "formatid": "gen9championsvgc2026regma",
  "rating": 1030,
  "private": 0,
  "password": null
}