{
  "id": "gen9championsvgc2026regma-2581600137",
  "format": "[Gen 9 Champions] VGC 2026 Reg M-A",
  "players": [
    "Spagofino",
    "Bbob415"
  ],
  "log": "|j|\u2606Spagofino\n|j|\u2606Bbob415\n|t:|1776014129\n|gametype|doubles\n|player|p1|Spagofino|colress|1056\n|player|p2|Bbob415|n|1082\n|gen|9\n|tier|[Gen 9 Champions] VGC 2026 Reg M-A\n|rated|\n|rule|Species Clause: Limit one of each Pok\u00e9mon\n|rule|Item Clause: Limit 1 of each item\n|clearpoke\n|poke|p1|Maushold-Four, L50|\n|poke|p1|Floette-Eternal, L50, F|\n|poke|p1|Garchomp, L50, M|\n|poke|p1|Talonflame, L50, F|\n|poke|p1|Rotom-Wash, L50|\n|poke|p1|Aegislash, L50, M|\n|poke|p2|Golurk, L50|\n|poke|p2|Clefable, L50, M|\n|poke|p2|Incineroar, L50, F|\n|poke|p2|Sinistcha, L50|\n|poke|p2|Kingambit, L50, F|\n|poke|p2|Farigiraf, L50, M|\n|teampreview|4\n|inactive|Battle timer is ON: inactive players will automatically lose when time's up. (requested by Bbob415)\n|inactive|Spagofino has 60 seconds left.\n|inactive|Bbob415 has 60 seconds left.\n|\n|t:|1776014185\n|teamsize|p1|4\n|teamsize|p2|4\n|start\n|switch|p1a: Garchomp|Garchomp, L50, M|100/100\n|switch|p1b: Talonflame|Talonflame, L50, F|100/100\n|switch|p2a: Sinistcha|Sinistcha, L50|100/100\n|switch|p2b: Incineroar|Incineroar, L50, F|100/100\n|-ability|p2b: Incineroar|Intimidate|boost\n|-unboost|p1a: Garchomp|atk|1\n|-unboost|p1b: Talonflame|atk|1\n|turn|1\n|inactive|Spagofino has 30 seconds left.\n|\n|t:|1776014213\n|move|p2b: Incineroar|Fake Out|p1b: Talonflame\n|-crit|p1b: Talonflame\n|-damage|p1b: Talonflame|77/100\n|cant|p1b: Talonflame|flinch\n|move|p1a: Garchomp|Earthquake|p2a: Sinistcha|[spread] p2a,p2b\n|-immune|p1b: Talonflame\n|-resisted|p2a: Sinistcha|1\n|-supereffective|p2b: Incineroar|1\n|-damage|p2a: Sinistcha|89/100\n|-damage|p2b: Incineroar|47/100\n|move|p2a: Sinistcha|Trick Room|p2a: Sinistcha\n|-fieldstart|move: Trick Room|[of] p2a: Sinistcha\n|\n|-heal|p2b: Incineroar|53/100|[from] item: Leftovers\n|upkeep\n|turn|2\n|inactive|Bbob415 has 30 seconds left.\n|inactive|Spagofino has 30 seconds left.\n|\n|t:|1776014243\n|switch|p1a: Aegislash|Aegislash, L50, M|100/100\n|move|p2b: Incineroar|Parting Shot|p1a: Aegislash\n|-unboost|p1a: Aegislash|atk|1\n|-unboost|p1a: Aegislash|spa|1\n|\n|t:|1776014260\n|switch|p2b: Golurk|Golurk, L50|100/100|[from] Parting Shot\n|move|p2a: Sinistcha|Matcha Gotcha|p1b: Talonflame|[spread] p1a,p1b\n|-resisted|p1a: Aegislash|1\n|-resisted|p1b: Talonflame|2\n|-damage|p1a: Aegislash|90/100\n|-heal|p2a: Sinistcha|94/100|[from] drain|[of] p1a: Aegislash\n|-damage|p1b: Talonflame|68/100\n|-heal|p2a: Sinistcha|98/100|[from] drain|[of] p1b: Talonflame\n|move|p1b: Talonflame|Acrobatics|p2a: Sinistcha\n|-supereffective|p2a: Sinistcha|1\n|-damage|p2a: Sinistcha|57/100\n|\n|upkeep\n|turn|3\n|inactive|Spagofino has 30 seconds left.\n|inactive|Bbob415 has 30 seconds left.\n|inactive|Bbob415 has 20 seconds left.\n|inactive|Bbob415 has 15 seconds left.\n|\n|t:|1776014305\n|detailschange|p2b: Golurk|Golurk-Mega, L50\n|-mega|p2b: Golurk|Golurk|Golurkite\n|move|p1b: Talonflame|Protect|p1b: Talonflame\n|-singleturn|p1b: Talonflame|Protect\n|move|p2b: Golurk|Poltergeist||[still]\n|-fail|p2b: Golurk\n|move|p2a: Sinistcha|Matcha Gotcha|p1a: Aegislash|[spread] p1a\n|-activate|p1b: Talonflame|move: Protect\n|-resisted|p1a: Aegislash|1\n|-damage|p1a: Aegislash|81/100\n|-heal|p2a: Sinistcha|62/100|[from] drain|[of] p1a: Aegislash\n|-formechange|p1a: Aegislash|Aegislash-Blade|\n|move|p1a: Aegislash|Poltergeist|p2b: Golurk\n|-activate|p2b: Golurk|move: Poltergeist|Golurkite\n|-supereffective|p2b: Golurk|1\n|-damage|p2b: Golurk|17/100\n|\n|upkeep\n|turn|4\n|inactive|Bbob415 has 30 seconds left.\n|\n|t:|1776014333\n|move|p2b: Golurk|Protect|p2b: Golurk\n|-singleturn|p2b: Golurk|Protect\n|move|p1a: Aegislash|Shadow Sneak|p2b: Golurk\n|-activate|p2b: Golurk|move: Protect\n|move|p2a: Sinistcha|Life Dew|p2a: Sinistcha|[spread] p2a,p2b\n|-heal|p2a: Sinistcha|87/100\n|-heal|p2b: Golurk|42/100\n|move|p1b: Talonflame|Flare Blitz|p2a: Sinistcha\n|-supereffective|p2a: Sinistcha|1\n|-enditem|p2a: Sinistcha|Occa Berry|[eat]\n|-enditem|p2a: Sinistcha|Occa Berry|[weaken]\n|-damage|p2a: Sinistcha|62/100\n|-damage|p1b: Talonflame|59/100|[from] Recoil\n|\n|upkeep\n|turn|5\n|inactive|Bbob415 has 30 seconds left.\n|\n|t:|1776014361\n|move|p1a: Aegislash|Shadow Sneak|p2a: Sinistcha\n|-supereffective|p2a: Sinistcha|1\n|-damage|p2a: Sinistcha|34/100\n|move|p2b: Golurk|Ice Punch|p1b: Talonflame\n|-damage|p1b: Talonflame|8/100\n|move|p2a: Sinistcha|Life Dew|p2a: Sinistcha|[spread] p2a,p2b\n|-heal|p2a: Sinistcha|59/100\n|-heal|p2b: Golurk|67/100\n|move|p1b: Talonflame|Flare Blitz|p2a: Sinistcha\n|-supereffective|p2a: Sinistcha|1\n|-damage|p2a: Sinistcha|12/100\n|-damage|p1b: Talonflame|0 fnt|[from] Recoil\n|faint|p1b: Talonflame\n|\n|-fieldend|move: Trick Room\n|upkeep\n|\n|t:|1776014377\n|switch|p1b: Garchomp|Garchomp, L50, M|100/100\n|turn|6\n|inactive|Bbob415 has 30 seconds left.\n|\n|t:|1776014404\n|switch|p2a: Incineroar|Incineroar, L50, F|53/100\n|-ability|p2a: Incineroar|Intimidate|boost\n|-unboost|p1a: Aegislash|atk|1\n|-unboost|p1b: Garchomp|atk|1\n|move|p2b: Golurk|Protect|p2b: Golurk\n|-singleturn|p2b: Golurk|Protect\n|move|p1a: Aegislash|Shadow Sneak|p2a: Incineroar\n|-resisted|p2a: Incineroar|1\n|-damage|p2a: Incineroar|48/100\n|move|p1b: Garchomp|Earthquake|p2a: Incineroar|[spread] p1a,p2a\n|-activate|p2b: Golurk|move: Protect\n|-supereffective|p1a: Aegislash|1\n|-supereffective|p2a: Incineroar|1\n|-damage|p1a: Aegislash|0 fnt\n|-damage|p2a: Incineroar|0 fnt\n|faint|p1a: Aegislash\n|faint|p2a: Incineroar\n|\n|upkeep\n|\n|t:|1776014423\n|switch|p1a: Rotom|Rotom-Wash, L50|100/100\n|switch|p2a: Sinistcha|Sinistcha, L50|12/100\n|-heal|p2b: Golurk|92/100|[from] ability: Hospitality|[of] p2a: Sinistcha\n|turn|7\n|\n|t:|1776014439\n|move|p2a: Sinistcha|Rage Powder|p2a: Sinistcha\n|-singleturn|p2a: Sinistcha|move: Rage Powder\n|move|p1b: Garchomp|Earthquake|p2a: Sinistcha|[spread] p2a,p2b\n|-immune|p1a: Rotom|[from] ability: Levitate\n|-resisted|p2a: Sinistcha|1\n|-damage|p2a: Sinistcha|0 fnt\n|-damage|p2b: Golurk|64/100\n|faint|p2a: Sinistcha\n|move|p1a: Rotom|Thunderbolt|p2b: Golurk\n|-immune|p2b: Golurk\n|move|p2b: Golurk|Ice Punch|p1b: Garchomp\n|-supereffective|p1b: Garchomp|2\n|-crit|p1b: Garchomp\n|-damage|p1b: Garchomp|0 fnt\n|-damage|p2b: Golurk|52/100|[from] ability: Rough Skin|[of] p1b: Garchomp\n|faint|p1b: Garchomp\n|\n|upkeep\n|\n|t:|1776014456\n|switch|p2a: Kingambit|Kingambit, L50, F|100/100\n|turn|8\n|\n|t:|1776014463\n|move|p1a: Rotom|Hydro Pump|p2b: Golurk\n|-supereffective|p2b: Golurk|1\n|-damage|p2b: Golurk|0 fnt\n|faint|p2b: Golurk\n|move|p2a: Kingambit|Kowtow Cleave|p1a: Rotom\n|-damage|p1a: Rotom|45/100\n|-enditem|p1a: Rotom|Sitrus Berry|[eat]\n|-heal|p1a: Rotom|70/100|[from] item: Sitrus Berry\n|\n|upkeep\n|turn|9\n|\n|t:|1776014476\n|move|p1a: Rotom|Thunderbolt|p2a: Kingambit\n|-damage|p2a: Kingambit|60/100\n|-status|p2a: Kingambit|par\n|cant|p2a: Kingambit|par\n|\n|upkeep\n|turn|10\n|\n|t:|1776014483\n|move|p1a: Rotom|Thunderbolt|p2a: Kingambit\n|-damage|p2a: Kingambit|19/100 par\n|cant|p2a: Kingambit|par\n|\n|upkeep\n|turn|11\n|\n|t:|1776014489\n|move|p2a: Kingambit|Sucker Punch|p1a: Rotom\n|-damage|p1a: Rotom|25/100\n|move|p1a: Rotom|Thunderbolt|p2a: Kingambit\n|-damage|p2a: Kingambit|0 fnt\n|faint|p2a: Kingambit\n|\n|win|Spagofino\n|raw|Spagofino's rating: 1056 &rarr; <strong>1090</strong><br />(+34 for winning)\n|raw|Bbob415's rating: 1082 &rarr; <strong>1058</strong><br />(-24 for losing)\n|l|\u2606Spagofino\n|player|p1|\n",
  "uploadtime": 1776014512,
  "views": 22,
  "formatid": "gen9championsvgc2026regma",
  "rating": 1058,
  "private": 0,
  "password": null
}