{
  "id": "gen9championsvgc2026regma-2584940271",
  "format": "[Gen 9 Champions] VGC 2026 Reg M-A",
  "players": [
    "camachojoao",
    "badaaabum"
  ],
  "log": "|j|\u2606camachojoao\n|j|\u2606badaaabum\n|t:|1776296473\n|gametype|doubles\n|player|p1|camachojoao|hilbert|1331\n|player|p2|badaaabum|rocketgrunt|1315\n|gen|9\n|tier|[Gen 9 Champions] VGC 2026 Reg M-A\n|rated|\n|rule|Species Clause: Limit one of each Pok\u00e9mon\n|rule|Item Clause: Limit 1 of each item\n|clearpoke\n|poke|p1|Gardevoir, L50, M|\n|poke|p1|Aerodactyl, L50, M|\n|poke|p1|Sneasler, L50, F|\n|poke|p1|Whimsicott, L50, M|\n|poke|p1|Aegislash, L50, M|\n|poke|p1|Incineroar, L50, M|\n|poke|p2|Altaria, L50, F|\n|poke|p2|Espathra, L50, F|\n|poke|p2|Scovillain, L50, M|\n|poke|p2|Milotic, L50, F|\n|poke|p2|Goodra-Hisui, L50, M|\n|poke|p2|Bellibolt, L50, M|\n|teampreview|4\n|inactive|Battle timer is ON: inactive players will automatically lose when time's up. (requested by badaaabum)\n|\n|t:|1776296503\n|teamsize|p1|4\n|teamsize|p2|4\n|start\n|switch|p1a: Aerodactyl|Aerodactyl, L50, M|100/100\n|switch|p1b: Incineroar|Incineroar, L50, M|100/100\n|switch|p2a: Espathra|Espathra, L50, F, shiny|100/100\n|switch|p2b: Milotic|Milotic, L50, F, shiny|100/100\n|-ability|p1a: Aerodactyl|Unnerve\n|-ability|p1b: Incineroar|Intimidate|boost\n|-unboost|p2a: Espathra|atk|1\n|-unboost|p2b: Milotic|atk|1\n|-ability|p2b: Milotic|Competitive|boost\n|-boost|p2b: Milotic|spa|2\n|turn|1\n|\n|t:|1776296520\n|move|p1b: Incineroar|Fake Out|p2b: Milotic\n|-damage|p2b: Milotic|89/100\n|move|p1a: Aerodactyl|Tailwind|p1a: Aerodactyl\n|-sidestart|p1: camachojoao|move: Tailwind\n|move|p2a: Espathra|Calm Mind|p2a: Espathra\n|-boost|p2a: Espathra|spa|1\n|-boost|p2a: Espathra|spd|1\n|cant|p2b: Milotic|flinch\n|\n|-heal|p2b: Milotic|95/100|[from] item: Leftovers\n|-ability|p2a: Espathra|Speed Boost|boost\n|-boost|p2a: Espathra|spe|1\n|upkeep\n|turn|2\n|\n|t:|1776296535\n|move|p1a: Aerodactyl|Protect|p1a: Aerodactyl\n|-singleturn|p1a: Aerodactyl|Protect\n|move|p2a: Espathra|Protect|p2a: Espathra\n|-singleturn|p2a: Espathra|Protect\n|move|p1b: Incineroar|Darkest Lariat|p2a: Espathra\n|-activate|p2a: Espathra|move: Protect\n|move|p2b: Milotic|Icy Wind|p1b: Incineroar|[spread] p1b\n|-activate|p1a: Aerodactyl|move: Protect\n|-resisted|p1b: Incineroar|1\n|-damage|p1b: Incineroar|91/100\n|-unboost|p1b: Incineroar|spe|1\n|\n|-heal|p1b: Incineroar|97/100|[from] item: Leftovers\n|-heal|p2b: Milotic|100/100|[from] item: Leftovers\n|-ability|p2a: Espathra|Speed Boost|boost\n|-boost|p2a: Espathra|spe|1\n|upkeep\n|turn|3\n|inactive|badaaabum has 30 seconds left.\n|\n|t:|1776296560\n|move|p1a: Aerodactyl|Rock Slide|p2b: Milotic|[spread] p2a,p2b\n|-damage|p2a: Espathra|63/100\n|-damage|p2b: Milotic|78/100\n|move|p2a: Espathra|Baton Pass|p2a: Espathra\n|\n|t:|1776296572\n|switch|p2a: Scovillain|Scovillain, L50, M, shiny|100/100|[from] Baton Pass\n|move|p1b: Incineroar|Darkest Lariat|p2a: Scovillain\n|-crit|p2a: Scovillain\n|-damage|p2a: Scovillain|37/100\n|move|p2b: Milotic|Scald|p1a: Aerodactyl\n|-supereffective|p1a: Aerodactyl|1\n|-enditem|p1a: Aerodactyl|Focus Sash\n|-damage|p1a: Aerodactyl|1/100\n|\n|-heal|p1b: Incineroar|100/100|[from] item: Leftovers\n|-heal|p2b: Milotic|84/100|[from] item: Leftovers\n|-ability|p2a: Scovillain|Moody|boost\n|-boost|p2a: Scovillain|atk|2\n|-unboost|p2a: Scovillain|spd|1\n|upkeep\n|turn|4\n|\n|t:|1776296591\n|move|p2a: Scovillain|Protect|p2a: Scovillain\n|-singleturn|p2a: Scovillain|Protect\n|move|p1a: Aerodactyl|Rock Slide|p2a: Scovillain|[spread] p2b\n|-activate|p2a: Scovillain|move: Protect\n|-damage|p2b: Milotic|65/100\n|move|p1b: Incineroar|Darkest Lariat|p2a: Scovillain\n|-activate|p2a: Scovillain|move: Protect\n|move|p2b: Milotic|Icy Wind|p1b: Incineroar|[spread] p1b\n|-miss|p2b: Milotic|p1a: Aerodactyl\n|-resisted|p1b: Incineroar|1\n|-damage|p1b: Incineroar|91/100\n|-unboost|p1b: Incineroar|spe|1\n|\n|-heal|p2b: Milotic|71/100|[from] item: Leftovers\n|-heal|p1b: Incineroar|97/100|[from] item: Leftovers\n|-sideend|p1: camachojoao|move: Tailwind\n|-ability|p2a: Scovillain|Moody|boost\n|-boost|p2a: Scovillain|spd|2\n|-unboost|p2a: Scovillain|def|1\n|upkeep\n|turn|5\n|c|\u2606camachojoao|holy mr clutch!?\n|inactive|badaaabum has 30 seconds left.\n|inactive|camachojoao has 30 seconds left.\n|\n|t:|1776296624\n|detailschange|p2a: Scovillain|Scovillain-Mega, L50, M, shiny\n|-mega|p2a: Scovillain|Scovillain|Scovillainite\n|move|p1a: Aerodactyl|Rock Slide|p2a: Scovillain|[spread] p2a,p2b\n|-supereffective|p2a: Scovillain|1\n|-damage|p2a: Scovillain|0 fnt\n|-damage|p2b: Milotic|50/100\n|-status|p1a: Aerodactyl|brn|[from] ability: Spicy Spray|[of] p2a: Scovillain\n|faint|p2a: Scovillain\n|move|p2b: Milotic|Scald|p1b: Incineroar\n|-supereffective|p1b: Incineroar|1\n|-damage|p1b: Incineroar|0 fnt\n|faint|p1b: Incineroar\n|\n|-heal|p2b: Milotic|56/100|[from] item: Leftovers\n|-damage|p1a: Aerodactyl|0 fnt|[from] brn\n|faint|p1a: Aerodactyl\n|upkeep\n|\n|t:|1776296641\n|switch|p1a: Gardevoir|Gardevoir, L50, M, shiny|100/100\n|switch|p2a: Espathra|Espathra, L50, F, shiny|63/100\n|switch|p1b: Aegislash|Aegislash, L50, M|100/100\n|turn|6\n|\n|t:|1776296654\n|detailschange|p1a: Gardevoir|Gardevoir-Mega, L50, M, shiny\n|-mega|p1a: Gardevoir|Gardevoir|Gardevoirite\n|move|p2a: Espathra|Protect|p2a: Espathra\n|-singleturn|p2a: Espathra|Protect\n|move|p1a: Gardevoir|Hyper Voice|p2b: Milotic|[spread] p2b\n|-activate|p2a: Espathra|move: Protect\n|-damage|p2b: Milotic|17/100\n|move|p2b: Milotic|Light Screen|p2b: Milotic\n|-sidestart|p2: badaaabum|move: Light Screen\n|-formechange|p1b: Aegislash|Aegislash-Blade|\n|move|p1b: Aegislash|Poltergeist|p2a: Espathra\n|-activate|p2a: Espathra|move: Protect\n|\n|-heal|p2b: Milotic|23/100|[from] item: Leftovers\n|-ability|p2a: Espathra|Speed Boost|boost\n|-boost|p2a: Espathra|spe|1\n|upkeep\n|turn|7\n|inactive|camachojoao has 30 seconds left.\n|\n|t:|1776296679\n|move|p1b: Aegislash|Shadow Sneak|p2b: Milotic\n|-damage|p2b: Milotic|1/100\n|move|p2a: Espathra|Calm Mind|p2a: Espathra\n|-boost|p2a: Espathra|spa|1\n|-boost|p2a: Espathra|spd|1\n|move|p1a: Gardevoir|Mystical Fire|p2a: Espathra\n|-damage|p2a: Espathra|40/100\n|-unboost|p2a: Espathra|spa|1\n|move|p2b: Milotic|Recover|p2b: Milotic\n|-heal|p2b: Milotic|51/100\n|\n|-heal|p2b: Milotic|57/100|[from] item: Leftovers\n|-ability|p2a: Espathra|Speed Boost|boost\n|-boost|p2a: Espathra|spe|1\n|upkeep\n|turn|8\n|\n|t:|1776296699\n|move|p2a: Espathra|Protect|p2a: Espathra\n|-singleturn|p2a: Espathra|Protect\n|-formechange|p1b: Aegislash|Aegislash|\n|move|p1b: Aegislash|King's Shield|p1b: Aegislash\n|-singleturn|p1b: Aegislash|Protect\n|move|p1a: Gardevoir|Hyper Voice|p2a: Espathra|[spread] p2b\n|-activate|p2a: Espathra|move: Protect\n|-damage|p2b: Milotic|30/100\n|move|p2b: Milotic|Scald|p1a: Gardevoir\n|-damage|p1a: Gardevoir|53/100\n|-status|p1a: Gardevoir|brn\n|\n|-heal|p2b: Milotic|35/100|[from] item: Leftovers\n|-damage|p1a: Gardevoir|48/100 brn|[from] brn\n|-ability|p2a: Espathra|Speed Boost|boost\n|-boost|p2a: Espathra|spe|1\n|upkeep\n|turn|9\n|inactive|camachojoao has 30 seconds left.\n|\n|t:|1776296730\n|-formechange|p1b: Aegislash|Aegislash-Blade|\n|move|p1b: Aegislash|Shadow Sneak|p2a: Espathra\n|-supereffective|p2a: Espathra|1\n|-damage|p2a: Espathra|0 fnt\n|faint|p2a: Espathra\n|move|p1a: Gardevoir|Hyper Voice|p2b: Milotic\n|-damage|p2b: Milotic|0 fnt\n|faint|p2b: Milotic\n|\n|-damage|p1a: Gardevoir|42/100 brn|[from] brn\n|upkeep\n|\n|t:|1776296742\n|switch|p2a: Bellibolt|Bellibolt, L50, M, shiny|100/100\n|turn|10\n|\n|t:|1776296753\n|move|p1a: Gardevoir|Protect|p1a: Gardevoir\n|-singleturn|p1a: Gardevoir|Protect\n|-formechange|p1b: Aegislash|Aegislash|\n|move|p1b: Aegislash|King's Shield|p1b: Aegislash\n|-singleturn|p1b: Aegislash|Protect\n|move|p2a: Bellibolt|Discharge|p1b: Aegislash|[spread] \n|-activate|p1a: Gardevoir|move: Protect\n|-activate|p1b: Aegislash|move: Protect\n|\n|-damage|p1a: Gardevoir|36/100 brn|[from] brn\n|-sideend|p2: badaaabum|move: Light Screen\n|upkeep\n|turn|11\n|j| Choklit Milk\n|l| Choklit Milk\n|\n|t:|1776296767\n|move|p1a: Gardevoir|Hyper Voice|p2a: Bellibolt\n|-damage|p2a: Bellibolt|23/100\n|-start|p2a: Bellibolt|Charge|Hyper Voice|[from] ability: Electromorphosis\n|-formechange|p1b: Aegislash|Aegislash-Blade|\n|move|p1b: Aegislash|Poltergeist|p2a: Bellibolt\n|-activate|p2a: Bellibolt|move: Poltergeist|Shuca Berry\n|-damage|p2a: Bellibolt|0 fnt\n|faint|p2a: Bellibolt\n|\n|win|camachojoao\n|raw|camachojoao's rating: 1331 &rarr; <strong>1350</strong><br />(+19 for winning)\n|raw|badaaabum's rating: 1315 &rarr; <strong>1296</strong><br />(-19 for losing)\n|c|\u2606camachojoao|gg\n|l|\u2606badaaabum\n|player|p2|\n",
  "uploadtime": 1776296782,
  "views": 27,
  "formatid": "gen9championsvgc2026regma",
  "rating": 1296,
  "private": 0,
  "password": null
}