{
  "id": "gen9championsvgc2026regma-2589527922",
  "format": "[Gen 9 Champions] VGC 2026 Reg M-A",
  "players": [
    "mega.CHIVA",
    "brand rats"
  ],
  "log": "|j|\u2606mega.CHIVA\n|j|\u2606brand rats\n|t:|1776731162\n|gametype|doubles\n|player|p1|mega.CHIVA|unknown|1000\n|player|p2|brand rats|winona|1000\n|gen|9\n|tier|[Gen 9 Champions] VGC 2026 Reg M-A\n|rated|\n|rule|Species Clause: Limit one of each Pok\u00e9mon\n|rule|Item Clause: Limit 1 of each item\n|clearpoke\n|poke|p1|Corviknight, L50, M|\n|poke|p1|Garchomp, L50, M|\n|poke|p1|Lucario, L50, F|\n|poke|p1|Sylveon, L50, F|\n|poke|p1|Pelipper, L50, M|\n|poke|p1|Blastoise, L50, M|\n|poke|p2|Tsareena, L50, F|\n|poke|p2|Zoroark-Hisui, L50, M|\n|poke|p2|Meowstic-F, L50, F|\n|poke|p2|Klefki, L50, M|\n|poke|p2|Blastoise, L50, F|\n|poke|p2|Incineroar, L50, M|\n|teampreview|4\nmega.CHIVA has agreed to open team sheets.\n|\n|t:|1776731221\n|teamsize|p1|4\n|teamsize|p2|4\n|start\n|switch|p1a: Pelipper|Pelipper, L50, M|100/100\n|switch|p1b: Blastoise|Blastoise, L50, M|100/100\n|switch|p2a: Meowstic|Meowstic-F, L50, F|100/100\n|switch|p2b: Klefki|Klefki, L50, M|100/100\n|-weather|RainDance|[from] ability: Drizzle|[of] p1a: Pelipper\n|turn|1\n|\n|t:|1776731238\n|detailschange|p1b: Blastoise|Blastoise-Mega, L50, M\n|-mega|p1b: Blastoise|Blastoise|Blastoisinite\n|move|p2a: Meowstic|Fake Out|p1a: Pelipper\n|-damage|p1a: Pelipper|95/100\n|move|p2b: Klefki|Light Screen|p2b: Klefki\n|-sidestart|p2: brand rats|move: Light Screen\n|move|p1b: Blastoise|Surf|p2b: Klefki|[spread] p1a,p2a,p2b\n|-resisted|p1a: Pelipper|1\n|-crit|p1a: Pelipper\n|-damage|p1a: Pelipper|32/100\n|-damage|p2a: Meowstic|50/100\n|-damage|p2b: Klefki|52/100\n|cant|p1a: Pelipper|flinch\n|\n|-weather|RainDance|[upkeep]\n|upkeep\n|turn|2\n|\n|t:|1776731274\n|detailschange|p2a: Meowstic|Meowstic-F-Mega, L50, F\n|-mega|p2a: Meowstic|Meowstic|Meowsticite\n|-ability|p2a: Meowstic|Drizzle|Trace|[from] ability: Trace|[of] p1a: Pelipper\n|move|p2b: Klefki|Thunder Wave|p1b: Blastoise\n|-status|p1b: Blastoise|par\n|move|p2a: Meowstic|Psychic|p1a: Pelipper\n|-damage|p1a: Pelipper|0 fnt\n|faint|p1a: Pelipper\n|cant|p1b: Blastoise|par\n|\n|-weather|RainDance|[upkeep]\n|upkeep\n|\n|t:|1776731287\n|switch|p1a: Sylveon|Sylveon, L50, F|100/100\n|turn|3\n|\n|t:|1776731304\n|move|p2b: Klefki|Thunder Wave|p1a: Sylveon\n|-status|p1a: Sylveon|par\n|move|p2a: Meowstic|Psychic|p1b: Blastoise\n|-crit|p1b: Blastoise\n|-damage|p1b: Blastoise|36/100 par\n|move|p1b: Blastoise|Flash Cannon|p2b: Klefki\n|-damage|p2b: Klefki|28/100\n|move|p1a: Sylveon|Hyper Voice|p2b: Klefki|[spread] p2a,p2b\n|-resisted|p2b: Klefki|1\n|-damage|p2a: Meowstic|8/100\n|-damage|p2b: Klefki|8/100\n|\n|-weather|RainDance|[upkeep]\n|upkeep\n|turn|4\n|\n|t:|1776731321\n|move|p2a: Meowstic|Psychic|p1a: Sylveon\n|-damage|p1a: Sylveon|65/100 par\n|move|p2b: Klefki|Foul Play|p1b: Blastoise\n|-damage|p1b: Blastoise|20/100 par\n|move|p1b: Blastoise|Dragon Pulse|p2a: Meowstic\n|-damage|p2a: Meowstic|0 fnt\n|faint|p2a: Meowstic\n|move|p1a: Sylveon|Hyper Voice|p2b: Klefki\n|-resisted|p2b: Klefki|1\n|-damage|p2b: Klefki|0 fnt\n|faint|p2b: Klefki\n|\n|-weather|RainDance|[upkeep]\n|upkeep\n|\n|t:|1776731329\n|switch|p2a: Incineroar|Incineroar, L50, M|100/100\n|switch|p2b: Tsareena|Tsareena, L50, F|100/100\n|-ability|p2a: Incineroar|Intimidate|boost\n|-unboost|p1a: Sylveon|atk|1\n|-unboost|p1b: Blastoise|atk|1\n|turn|5\n|\n|t:|1776731340\n|move|p2a: Incineroar|Fake Out|p1a: Sylveon\n|-damage|p1a: Sylveon|49/100 par\n|move|p2b: Tsareena|Trop Kick|p1b: Blastoise\n|-supereffective|p1b: Blastoise|1\n|-damage|p1b: Blastoise|0 fnt\n|faint|p1b: Blastoise\n|cant|p1a: Sylveon|flinch\n|\n|-weather|none\n|-sideend|p2: brand rats|move: Light Screen\n|upkeep\n|\n|t:|1776731349\n|switch|p1b: Garchomp|Garchomp, L50, M|100/100\n|turn|6\n|\n|t:|1776731357\n|move|p1b: Garchomp|Earthquake|p2a: Incineroar|[spread] p1a,p2a,p2b\n|-supereffective|p2a: Incineroar|1\n|-resisted|p2b: Tsareena|1\n|-damage|p1a: Sylveon|0 fnt\n|-damage|p2a: Incineroar|8/100\n|-damage|p2b: Tsareena|78/100\n|faint|p1a: Sylveon\n|move|p2b: Tsareena|Trop Kick|p1b: Garchomp\n|-damage|p1b: Garchomp|59/100\n|-unboost|p1b: Garchomp|atk|1\n|-damage|p2b: Tsareena|66/100|[from] ability: Rough Skin|[of] p1b: Garchomp\n|move|p2a: Incineroar|Darkest Lariat|p1b: Garchomp\n|-damage|p1b: Garchomp|7/100\n|-damage|p2a: Incineroar|0 fnt|[from] ability: Rough Skin|[of] p1b: Garchomp\n|faint|p2a: Incineroar\n|\n|upkeep\n|turn|7\n|\n|t:|1776731375\n|move|p2b: Tsareena|Protect|p2b: Tsareena\n|-singleturn|p2b: Tsareena|Protect\n|move|p1b: Garchomp|Dragon Claw|p2b: Tsareena\n|-activate|p2b: Tsareena|move: Protect\n|\n|upkeep\n|turn|8\n|\n|t:|1776731384\n|move|p1b: Garchomp|Dragon Claw|p2b: Tsareena\n|-damage|p2b: Tsareena|37/100\n|move|p2b: Tsareena|Trop Kick|p1b: Garchomp\n|-damage|p1b: Garchomp|0 fnt\n|-damage|p2b: Tsareena|25/100|[from] ability: Rough Skin|[of] p1b: Garchomp\n|faint|p1b: Garchomp\n|\n|win|brand rats\n|raw|mega.CHIVA's rating: 1000 &rarr; <strong>1000</strong><br />(+0 for losing)\n|raw|brand rats's rating: 1000 &rarr; <strong>1040</strong><br />(+40 for winning)\n",
  "uploadtime": 1776731389,
  "views": 4,
  "formatid": "gen9championsvgc2026regma",
  "rating": 1000,
  "private": 0,
  "password": null
}