{
  "id": "gen9championsvgc2026regma-2588089480",
  "format": "[Gen 9 Champions] VGC 2026 Reg M-A",
  "players": [
    "Mango404",
    "b0urd0n"
  ],
  "log": "|j|\u2606Mango404\n|j|\u2606b0urd0n\n|t:|1776603045\n|gametype|doubles\n|player|p1|Mango404|harlequin|1119\n|player|p2|b0urd0n|n|1114\n|gen|9\n|tier|[Gen 9 Champions] VGC 2026 Reg M-A\n|rated|\n|rule|Species Clause: Limit one of each Pok\u00e9mon\n|rule|Item Clause: Limit 1 of each item\n|clearpoke\n|poke|p1|Gardevoir, L50, M|\n|poke|p1|Incineroar, L50, F|\n|poke|p1|Maushold, L50|\n|poke|p1|Slowking, L50, F|\n|poke|p1|Chandelure, L50, F|\n|poke|p1|Sinistcha, L50|\n|poke|p2|Floette-Eternal, L50, F|\n|poke|p2|Incineroar, L50, F|\n|poke|p2|Sneasler, L50, M|\n|poke|p2|Sinistcha-Masterpiece, L50|\n|poke|p2|Kingambit, L50, M|\n|poke|p2|Aerodactyl, L50, F|\n|teampreview|4\n|\n|t:|1776603082\n|teamsize|p1|4\n|teamsize|p2|4\n|start\n|switch|p1a: Slowking|Slowking, L50, F|100/100\n|switch|p1b: Gardevoir|Gardevoir, L50, M|100/100\n|switch|p2a: Hirohito|Kingambit, L50, M|100/100\n|switch|p2b: Hax|Sneasler, L50, M|100/100\n|-ability|p1b: Gardevoir|Poison Touch|Trace|[from] ability: Trace|[of] p2b: Hax\n|turn|1\n|\n|t:|1776603115\n|detailschange|p1b: Gardevoir|Gardevoir-Mega, L50, M\n|-mega|p1b: Gardevoir|Gardevoir|Gardevoirite\n|move|p1b: Gardevoir|Protect|p1b: Gardevoir\n|-singleturn|p1b: Gardevoir|Protect\n|move|p2b: Hax|Dire Claw|p1b: Gardevoir\n|-activate|p1b: Gardevoir|move: Protect\n|move|p2a: Hirohito|Kowtow Cleave|p1a: Slowking\n|-supereffective|p1a: Slowking|1\n|-enditem|p1a: Slowking|Colbur Berry|[eat]\n|-enditem|p1a: Slowking|Colbur Berry|[weaken]\n|-damage|p1a: Slowking|56/100\n|move|p1a: Slowking|Psychic Terrain|p1a: Slowking\n|-fieldstart|move: Psychic Terrain\n|\n|upkeep\n|turn|2\n|\n|t:|1776603138\n|switch|p1a: Maushold|Maushold, L50|100/100\n|move|p2b: Hax|Dire Claw|p1b: Gardevoir\n|-supereffective|p1b: Gardevoir|1\n|-damage|p1b: Gardevoir|19/100\n|-status|p1b: Gardevoir|psn\n|move|p1b: Gardevoir|Hyper Voice|p2a: Hirohito|[spread] p2a,p2b\n|-damage|p2a: Hirohito|43/100\n|-damage|p2b: Hax|34/100\n|move|p2a: Hirohito|Kowtow Cleave|p1a: Maushold\n|-damage|p1a: Maushold|38/100\n|\n|-damage|p1b: Gardevoir|7/100 psn|[from] psn\n|upkeep\n|turn|3\n|\n|t:|1776603179\n|move|p2a: Hirohito|Protect|p2a: Hirohito\n|-singleturn|p2a: Hirohito|Protect\n|move|p1a: Maushold|Follow Me|p1a: Maushold\n|-singleturn|p1a: Maushold|move: Follow Me\n|move|p2b: Hax|Dire Claw|p1a: Maushold\n|-damage|p1a: Maushold|0 fnt\n|faint|p1a: Maushold\n|move|p1b: Gardevoir|Hyper Voice|p2b: Hax|[spread] p2b\n|-activate|p2a: Hirohito|move: Protect\n|-damage|p2b: Hax|0 fnt\n|faint|p2b: Hax\n|\n|-damage|p1b: Gardevoir|0 fnt|[from] psn\n|faint|p1b: Gardevoir\n|upkeep\n|\n|t:|1776603194\n|switch|p2b: Murasaki...|Floette-Eternal, L50, F|100/100\n|switch|p1a: Slowking|Slowking, L50, F|56/100\n|switch|p1b: Sinistcha|Sinistcha, L50|100/100\n|-heal|p1a: Slowking|81/100|[from] ability: Hospitality|[of] p1b: Sinistcha\n|turn|4\n|\n|t:|1776603205\n|detailschange|p2b: Murasaki...|Floette-Mega, L50, F\n|-mega|p2b: Murasaki...|Floette|Floettite\n|-ability|p2b: Murasaki...|Fairy Aura\n|move|p2b: Murasaki...|Dazzling Gleam|p1b: Sinistcha|[spread] p1a,p1b\n|-damage|p1a: Slowking|45/100\n|-damage|p1b: Sinistcha|55/100\n|move|p1b: Sinistcha|Matcha Gotcha|p2b: Murasaki...|[spread] p2a,p2b\n|-resisted|p2a: Hirohito|1\n|-damage|p2a: Hirohito|30/100\n|-heal|p1b: Sinistcha|63/100|[from] drain|[of] p2a: Hirohito\n|-damage|p2b: Murasaki...|77/100\n|-heal|p1b: Sinistcha|73/100|[from] drain|[of] p2b: Murasaki...\n|move|p2a: Hirohito|Kowtow Cleave|p1b: Sinistcha\n|-supereffective|p1b: Sinistcha|1\n|-damage|p1b: Sinistcha|0 fnt\n|faint|p1b: Sinistcha\n|move|p1a: Slowking|Hydro Pump|p2a: Hirohito\n|-damage|p2a: Hirohito|0 fnt\n|faint|p2a: Hirohito\n|\n|upkeep\n|\n|t:|1776603221\n|switch|p2a: Wolfey Con Perish|Incineroar, L50, F|100/100\n|-ability|p2a: Wolfey Con Perish|Intimidate|boost\n|-fail|p1a: Slowking|unboost|Attack|[from] ability: Oblivious|[of] p1a: Slowking\n|turn|5\n|\n|t:|1776603228\n|move|p2b: Murasaki...|Light of Ruin|p1a: Slowking|[miss]\n|-miss|p2b: Murasaki...|p1a: Slowking\n|move|p2a: Wolfey Con Perish|Throat Chop|p1a: Slowking\n|-supereffective|p1a: Slowking|1\n|-crit|p1a: Slowking\n|-damage|p1a: Slowking|0 fnt\n|faint|p1a: Slowking\n|\n|win|b0urd0n\n|raw|Mango404's rating: 1119 &rarr; <strong>1094</strong><br />(-25 for losing)\n|raw|b0urd0n's rating: 1114 &rarr; <strong>1139</strong><br />(+25 for winning)\n",
  "uploadtime": 1776603231,
  "views": 18,
  "formatid": "gen9championsvgc2026regma",
  "rating": 1094,
  "private": 0,
  "password": null
}