{
  "id": "gen9championsvgc2026regma-2584638790",
  "format": "[Gen 9 Champions] VGC 2026 Reg M-A",
  "players": [
    "Vinket747",
    "Lucui"
  ],
  "log": "|j|\u2606Vinket747\n|j|\u2606Lucui\n|t:|1776273744\n|gametype|doubles\n|player|p1|Vinket747|lucas|1073\n|player|p2|Lucui|265|1095\n|gen|9\n|tier|[Gen 9 Champions] VGC 2026 Reg M-A\n|rated|\n|rule|Species Clause: Limit one of each Pok\u00e9mon\n|rule|Item Clause: Limit 1 of each item\n|clearpoke\n|poke|p1|Lucario, L50, M|\n|poke|p1|Garchomp, L50, F|\n|poke|p1|Talonflame, L50, F|\n|poke|p1|Gyarados, L50, M|\n|poke|p1|Klefki, L50, F|\n|poke|p1|Sinistcha, L50|\n|poke|p2|Archaludon, L50, F|\n|poke|p2|Sinistcha, L50|\n|poke|p2|Pelipper, L50, F|\n|poke|p2|Basculegion-F, L50, F|\n|poke|p2|Dragonite, L50, M|\n|poke|p2|Incineroar, L50, F|\n|teampreview|4\n|\n|t:|1776273798\n|teamsize|p1|4\n|teamsize|p2|4\n|start\n|switch|p1a: Lucario|Lucario, L50, M|100/100\n|switch|p1b: Talonflame|Talonflame, L50, F, shiny|100/100\n|switch|p2a: Pelipper|Pelipper, L50, F|100/100\n|switch|p2b: Basculegion|Basculegion-F, L50, F|100/100\n|-weather|RainDance|[from] ability: Drizzle|[of] p2a: Pelipper\n|turn|1\n|l|\u2606Lucui\n|player|p2|\n|j|\u2606Lucui\n|player|p2|Lucui|265|\n|\n|t:|1776273882\n|switch|p2a: Archaludon|Archaludon, L50, F|100/100\n|detailschange|p1a: Lucario|Lucario-Mega, L50, M\n|-mega|p1a: Lucario|Lucario|Lucarionite\n|move|p1b: Talonflame|Tailwind|p1b: Talonflame\n|-sidestart|p1: Vinket747|move: Tailwind\n|move|p1a: Lucario|Aura Sphere|p2a: Archaludon\n|-supereffective|p2a: Archaludon|1\n|-damage|p2a: Archaludon|0 fnt\n|faint|p2a: Archaludon\n|move|p2b: Basculegion|Wave Crash|p1b: Talonflame\n|-supereffective|p1b: Talonflame|1\n|-damage|p1b: Talonflame|0 fnt\n|faint|p1b: Talonflame\n|-damage|p2b: Basculegion|75/100|[from] Recoil\n|\n|-weather|RainDance|[upkeep]\n|upkeep\n|\n|t:|1776273908\n|switch|p1b: Gyarados|Gyarados, L50, M, shiny|100/100\n|switch|p2a: Incineroar|Incineroar, L50, F|100/100\n|-ability|p1b: Gyarados|Intimidate|boost\n|-unboost|p2a: Incineroar|atk|1\n|-unboost|p2b: Basculegion|atk|1\n|-ability|p2a: Incineroar|Intimidate|boost\n|-unboost|p1a: Lucario|atk|1\n|-unboost|p1b: Gyarados|atk|1\n|turn|2\n|\n|t:|1776273929\n|switch|p2b: Pelipper|Pelipper, L50, F|100/100\n|move|p1a: Lucario|Aura Sphere|p2a: Incineroar\n|-supereffective|p2a: Incineroar|1\n|-enditem|p2a: Incineroar|Chople Berry|[eat]\n|-enditem|p2a: Incineroar|Chople Berry|[weaken]\n|-damage|p2a: Incineroar|51/100\n|move|p1b: Gyarados|Crunch|p2b: Pelipper\n|-damage|p2b: Pelipper|84/100\n|move|p2a: Incineroar|Flare Blitz|p1a: Lucario\n|-supereffective|p1a: Lucario|1\n|-damage|p1a: Lucario|56/100\n|-damage|p2a: Incineroar|40/100|[from] Recoil\n|\n|-weather|RainDance|[upkeep]\n|upkeep\n|turn|3\n|\n|t:|1776273984\n|move|p1a: Lucario|Aura Sphere|p2a: Incineroar\n|-supereffective|p2a: Incineroar|1\n|-crit|p2a: Incineroar\n|-damage|p2a: Incineroar|0 fnt\n|faint|p2a: Incineroar\n|move|p1b: Gyarados|Waterfall|p2b: Pelipper\n|-resisted|p2b: Pelipper|1\n|-damage|p2b: Pelipper|63/100\n|cant|p2b: Pelipper|flinch\n|\n|-weather|RainDance|[upkeep]\n|upkeep\n|\n|t:|1776273994\n|switch|p2a: Basculegion|Basculegion-F, L50, F|75/100\n|turn|4\n|inactive|Battle timer is ON: inactive players will automatically lose when time's up. (requested by Lucui)\n|\n|t:|1776274015\n|move|p1a: Lucario|Aura Sphere|p2b: Pelipper\n|-resisted|p2b: Pelipper|1\n|-damage|p2b: Pelipper|25/100\n|move|p1b: Gyarados|Crunch|p2a: Basculegion\n|-supereffective|p2a: Basculegion|1\n|-damage|p2a: Basculegion|31/100\n|-unboost|p2a: Basculegion|def|1\n|move|p2a: Basculegion|Last Respects|p1b: Gyarados\n|-damage|p1b: Gyarados|22/100\n|move|p2b: Pelipper|Weather Ball|p1a: Lucario\n|-damage|p1a: Lucario|0 fnt\n|faint|p1a: Lucario\n|\n|-weather|RainDance|[upkeep]\n|-sideend|p1: Vinket747|move: Tailwind\n|upkeep\n|\n|t:|1776274032\n|switch|p1a: Garchomp|Garchomp, L50, F|100/100\n|turn|5\n|inactive|Lucui has 30 seconds left.\n|\n|t:|1776274058\n|move|p2a: Basculegion|Wave Crash|p1a: Garchomp\n|-damage|p1a: Garchomp|8/100\n|-damage|p2a: Basculegion|19/100|[from] ability: Rough Skin|[of] p1a: Garchomp\n|-damage|p2a: Basculegion|0 fnt|[from] Recoil\n|faint|p2a: Basculegion\n|move|p1a: Garchomp|Dragon Claw|p2b: Pelipper\n|-damage|p2b: Pelipper|0 fnt\n|faint|p2b: Pelipper\n|\n|win|Vinket747\n|raw|Vinket747's rating: 1073 &rarr; <strong>1104</strong><br />(+31 for winning)\n|raw|Lucui's rating: 1095 &rarr; <strong>1069</strong><br />(-26 for losing)\n|l|\u2606Lucui\n|player|p2|\n",
  "uploadtime": 1776274073,
  "views": 16,
  "formatid": "gen9championsvgc2026regma",
  "rating": 1069,
  "private": 0,
  "password": null
}