{
  "id": "gen9championsvgc2026regma-2582744180",
  "format": "[Gen 9 Champions] VGC 2026 Reg M-A",
  "players": [
    "vanilla4-4",
    "WaluigiVGC"
  ],
  "log": "|j|\u2606vanilla4-4\n|j|\u2606WaluigiVGC\n|t:|1776111094\n|gametype|doubles\n|player|p1|vanilla4-4|1|1238\n|player|p2|WaluigiVGC|102|1252\n|gen|9\n|tier|[Gen 9 Champions] VGC 2026 Reg M-A\n|rated|\n|rule|Species Clause: Limit one of each Pok\u00e9mon\n|rule|Item Clause: Limit 1 of each item\n|clearpoke\n|poke|p1|Tyranitar, L50, F|\n|poke|p1|Excadrill, L50, F|\n|poke|p1|Sinistcha, L50|\n|poke|p1|Arcanine, L50, F|\n|poke|p1|Corviknight, L50, M|\n|poke|p1|Sneasler, L50, F|\n|poke|p2|Archaludon, L50, F|\n|poke|p2|Pelipper, L50, F|\n|poke|p2|Sneasler, L50, M|\n|poke|p2|Incineroar, L50, F|\n|poke|p2|Basculegion, L50, M|\n|poke|p2|Gengar, L50, M|\n|teampreview|4\n|inactive|Battle timer is ON: inactive players will automatically lose when time's up. (requested by vanilla4-4)\n|inactive|vanilla4-4 has 60 seconds left.\n|\n|t:|1776111133\n|teamsize|p1|4\n|teamsize|p2|4\n|start\n|switch|p1a: Tyranitar|Tyranitar, L50, F|100/100\n|switch|p1b: Sneasler|Sneasler, L50, F|100/100\n|switch|p2a: Sneasler|Sneasler, L50, M|100/100\n|switch|p2b: Basculegion|Basculegion, L50, M|100/100\n|-weather|Sandstorm|[from] ability: Sand Stream|[of] p1a: Tyranitar\n|turn|1\n|\n|t:|1776111153\n|switch|p1b: Corviknight|Corviknight, L50, M|100/100\n|move|p1a: Tyranitar|Protect|p1a: Tyranitar\n|-singleturn|p1a: Tyranitar|Protect\n|move|p2b: Basculegion|Flip Turn|p1b: Corviknight\n|-damage|p1b: Corviknight|69/100\n|\n|t:|1776111162\n|switch|p2b: Pelipper|Pelipper, L50, F|100/100|[from] Flip Turn\n|-weather|RainDance|[from] ability: Drizzle|[of] p2b: Pelipper\n|move|p2a: Sneasler|Close Combat|p1a: Tyranitar\n|-activate|p1a: Tyranitar|move: Protect\n|\n|-weather|RainDance|[upkeep]\n|-heal|p1b: Corviknight|75/100|[from] item: Leftovers\n|upkeep\n|turn|2\n|\n|t:|1776111183\n|switch|p1a: Sneasler|Sneasler, L50, F|100/100\n|move|p2a: Sneasler|Close Combat|p1a: Sneasler\n|-resisted|p1a: Sneasler|1\n|-damage|p1a: Sneasler|43/100\n|-unboost|p2a: Sneasler|def|1\n|-unboost|p2a: Sneasler|spd|1\n|-enditem|p2a: Sneasler|White Herb\n|-clearnegativeboost|p2a: Sneasler|[silent]\n|move|p2b: Pelipper|Weather Ball|p1b: Corviknight\n|-damage|p1b: Corviknight|8/100\n|move|p1b: Corviknight|Brave Bird|p2a: Sneasler\n|-supereffective|p2a: Sneasler|1\n|-damage|p2a: Sneasler|0 fnt\n|faint|p2a: Sneasler\n|-damage|p1b: Corviknight|0 fnt|[from] Recoil\n|faint|p1b: Corviknight\n|\n|-weather|RainDance|[upkeep]\n|upkeep\n|\n|t:|1776111205\n|switch|p2a: Basculegion|Basculegion, L50, M|100/100\n|switch|p1b: Tyranitar|Tyranitar, L50, F|100/100\n|-weather|Sandstorm|[from] ability: Sand Stream|[of] p1b: Tyranitar\n|turn|3\n|\n|t:|1776111221\n|switch|p2b: Archaludon|Archaludon, L50, F|100/100\n|move|p2a: Basculegion|Flip Turn|p1a: Sneasler\n|-damage|p1a: Sneasler|0 fnt\n|faint|p1a: Sneasler\n|\n|t:|1776111230\n|switch|p2a: Pelipper|Pelipper, L50, F|100/100|[from] Flip Turn\n|-weather|RainDance|[from] ability: Drizzle|[of] p2a: Pelipper\n|move|p1b: Tyranitar|Rock Slide|p2b: Archaludon|[spread] p2a,p2b\n|-supereffective|p2a: Pelipper|1\n|-resisted|p2b: Archaludon|1\n|-damage|p2a: Pelipper|22/100\n|-damage|p2b: Archaludon|88/100\n|-ability|p2b: Archaludon|Stamina|boost\n|-boost|p2b: Archaludon|def|1\n|\n|-weather|RainDance|[upkeep]\n|-heal|p2b: Archaludon|94/100|[from] item: Leftovers\n|upkeep\n|\n|t:|1776111237\n|switch|p1a: Excadrill|Excadrill, L50, F|100/100\n|turn|4\n|inactive|WaluigiVGC has 30 seconds left.\n|inactive|WaluigiVGC has 20 seconds left.\n|\n|t:|1776111276\n|move|p2a: Pelipper|Protect|p2a: Pelipper\n|-singleturn|p2a: Pelipper|Protect\n|move|p1a: Excadrill|High Horsepower|p2b: Archaludon\n|-supereffective|p2b: Archaludon|1\n|-damage|p2b: Archaludon|38/100\n|-ability|p2b: Archaludon|Stamina|boost\n|-boost|p2b: Archaludon|def|1\n|move|p2b: Archaludon|Flash Cannon|p1b: Tyranitar\n|-supereffective|p1b: Tyranitar|1\n|-damage|p1b: Tyranitar|39/100\n|move|p1b: Tyranitar|Knock Off|p2a: Pelipper\n|-activate|p2a: Pelipper|move: Protect\n|\n|-weather|RainDance|[upkeep]\n|-heal|p2b: Archaludon|44/100|[from] item: Leftovers\n|upkeep\n|turn|5\n|inactive|WaluigiVGC has 30 seconds left.\n|\n|t:|1776111304\n|detailschange|p1b: Tyranitar|Tyranitar-Mega, L50, F\n|-mega|p1b: Tyranitar|Tyranitar|Tyranitarite\n|-weather|Sandstorm|[from] ability: Sand Stream|[of] p1b: Tyranitar\n|move|p1a: Excadrill|High Horsepower|p2b: Archaludon\n|-supereffective|p2b: Archaludon|1\n|-damage|p2b: Archaludon|2/100\n|-ability|p2b: Archaludon|Stamina|boost\n|-boost|p2b: Archaludon|def|1\n|move|p2b: Archaludon|Flash Cannon|p1b: Tyranitar\n|-supereffective|p1b: Tyranitar|1\n|-damage|p1b: Tyranitar|0 fnt\n|faint|p1b: Tyranitar\n|move|p2a: Pelipper|Weather Ball|p1a: Excadrill\n|-resisted|p1a: Excadrill|2\n|-damage|p1a: Excadrill|90/100\n|\n|-weather|Sandstorm|[upkeep]\n|-damage|p2a: Pelipper|16/100|[from] Sandstorm\n|-heal|p2b: Archaludon|8/100|[from] item: Leftovers\n|upkeep\n|turn|6\n|inactive|WaluigiVGC has 30 seconds left.\n|\n|t:|1776111329\n|switch|p2a: Basculegion|Basculegion, L50, M|100/100\n|move|p2b: Archaludon|Protect|p2b: Archaludon\n|-singleturn|p2b: Archaludon|Protect\n|move|p1a: Excadrill|Earthquake|p2a: Basculegion|[spread] p2a\n|-activate|p2b: Archaludon|move: Protect\n|-damage|p2a: Basculegion|43/100\n|\n|-weather|Sandstorm|[upkeep]\n|-damage|p2a: Basculegion|37/100|[from] Sandstorm\n|-heal|p2b: Archaludon|14/100|[from] item: Leftovers\n|upkeep\n|turn|7\n|\n|t:|1776111349\n|switch|p2b: Pelipper|Pelipper, L50, F|16/100\n|-weather|RainDance|[from] ability: Drizzle|[of] p2b: Pelipper\n|move|p2a: Basculegion|Wave Crash|p1a: Excadrill\n|-supereffective|p1a: Excadrill|1\n|-damage|p1a: Excadrill|0 fnt\n|faint|p1a: Excadrill\n|-damage|p2a: Basculegion|9/100|[from] Recoil\n|\n|win|WaluigiVGC\n|raw|vanilla4-4's rating: 1238 &rarr; <strong>1214</strong><br />(-24 for losing)\n|raw|WaluigiVGC's rating: 1252 &rarr; <strong>1276</strong><br />(+24 for winning)\n|l|\u2606vanilla4-4\n|player|p1|\n",
  "uploadtime": 1776111359,
  "views": 34,
  "formatid": "gen9championsvgc2026regma",
  "rating": 1214,
  "private": 0,
  "password": null
}