{
  "id": "gen9championsvgc2026regma-2582713003",
  "format": "[Gen 9 Champions] VGC 2026 Reg M-A",
  "players": [
    "penledzuu",
    "Tilsch"
  ],
  "log": "|j|\u2606penledzuu\n|j|\u2606Tilsch\n|t:|1776109008\n|gametype|doubles\n|player|p1|penledzuu|ninjaboy|1105\n|player|p2|Tilsch|2|1199\n|gen|9\n|tier|[Gen 9 Champions] VGC 2026 Reg M-A\n|rated|\n|rule|Species Clause: Limit one of each Pok\u00e9mon\n|rule|Item Clause: Limit 1 of each item\n|clearpoke\n|poke|p1|Gengar, L50, M|\n|poke|p1|Gardevoir, L50, M|\n|poke|p1|Arcanine-Hisui, L50, M|\n|poke|p1|Charizard, L50, M|\n|poke|p1|Machamp, L50, M|\n|poke|p1|Sneasler, L50, F|\n|poke|p2|Crabominable, L50, M|\n|poke|p2|Klefki, L50, M|\n|poke|p2|Incineroar, L50, M|\n|poke|p2|Golurk, L50|\n|poke|p2|Rotom-Wash, L50|\n|poke|p2|Aegislash, L50, M|\n|teampreview|4\n|inactive|Battle timer is ON: inactive players will automatically lose when time's up. (requested by penledzuu)\n|\n|t:|1776109031\n|teamsize|p1|4\n|teamsize|p2|4\n|start\n|switch|p1a: Gengar|Gengar, L50, M, shiny|100/100\n|switch|p1b: Gardevoir|Gardevoir, L50, M|100/100\n|switch|p2a: Klefki|Klefki, L50, M|100/100\n|switch|p2b: Incineroar|Incineroar, L50, M|100/100\n|-ability|p1b: Gardevoir|Magician|Trace|[from] ability: Trace|[of] p2a: Klefki\n|-ability|p2b: Incineroar|Intimidate|boost\n|-unboost|p1a: Gengar|atk|1\n|-unboost|p1b: Gardevoir|atk|1\n|turn|1\n|inactive|penledzuu has 30 seconds left.\n|inactive|Tilsch has 30 seconds left.\n|\n|t:|1776109061\n|move|p1a: Gengar|Shadow Ball|p2a: Klefki\n|-crit|p2a: Klefki\n|-damage|p2a: Klefki|13/100\n|move|p1b: Gardevoir|Mystical Fire|p2a: Klefki\n|-supereffective|p2a: Klefki|1\n|-damage|p2a: Klefki|0 fnt\n|faint|p2a: Klefki\n|move|p2b: Incineroar|Parting Shot|p1b: Gardevoir\n|-unboost|p1b: Gardevoir|atk|1\n|-unboost|p1b: Gardevoir|spa|1\n|\n|t:|1776109071\n|switch|p2b: Golurk|Golurk, L50|100/100|[from] Parting Shot\n|\n|upkeep\n|\n|t:|1776109075\n|switch|p2a: Incineroar|Incineroar, L50, M|100/100\n|-ability|p2a: Incineroar|Intimidate|boost\n|-unboost|p1a: Gengar|atk|1\n|-unboost|p1b: Gardevoir|atk|1\n|turn|2\n|\n|t:|1776109093\n|move|p2b: Golurk|Protect|p2b: Golurk\n|-singleturn|p2b: Golurk|Protect\n|move|p1a: Gengar|Icy Wind|p2b: Golurk|[spread] p2a\n|-activate|p2b: Golurk|move: Protect\n|-resisted|p2a: Incineroar|1\n|-damage|p2a: Incineroar|93/100\n|-unboost|p2a: Incineroar|spe|1\n|move|p1b: Gardevoir|Moonblast|p2a: Incineroar\n|-damage|p2a: Incineroar|61/100\n|move|p2a: Incineroar|Darkest Lariat|p1a: Gengar\n|-supereffective|p1a: Gengar|1\n|-crit|p1a: Gengar\n|-enditem|p1a: Gengar|Focus Sash\n|-damage|p1a: Gengar|1/100\n|-start|p2a: Incineroar|Disable|Darkest Lariat|[from] ability: Cursed Body|[of] p1a: Gengar\n|\n|upkeep\n|turn|3\n|inactive|Tilsch has 30 seconds left.\n|\n|t:|1776109121\n|switch|p2b: Rotom|Rotom-Wash, L50|100/100\n|move|p1a: Gengar|Destiny Bond|p1a: Gengar\n|-singlemove|p1a: Gengar|Destiny Bond\n|move|p1b: Gardevoir|Moonblast|p2a: Incineroar\n|-damage|p2a: Incineroar|29/100\n|-enditem|p2a: Incineroar|Sitrus Berry|[eat]\n|-heal|p2a: Incineroar|54/100|[from] item: Sitrus Berry\n|move|p2a: Incineroar|Flare Blitz|p1a: Gengar\n|-damage|p1a: Gengar|0 fnt\n|faint|p1a: Gengar\n|-activate|p1a: Gengar|move: Destiny Bond\n|faint|p2a: Incineroar\n|\n|upkeep\n|\n|t:|1776109137\n|switch|p1a: Charizard|Charizard, L50, M, shiny|100/100\n|switch|p2a: Golurk|Golurk, L50|100/100\n|turn|4\n|\n|t:|1776109154\n|switch|p1b: Arcanine|Arcanine-Hisui, L50, M|100/100\n|-ability|p1b: Arcanine|Intimidate|boost\n|-unboost|p2a: Golurk|atk|1\n|-unboost|p2b: Rotom|atk|1\n|detailschange|p1a: Charizard|Charizard-Mega-Y, L50, M, shiny\n|-mega|p1a: Charizard|Charizard|Charizardite Y\n|-weather|SunnyDay|[from] ability: Drought|[of] p1a: Charizard\n|detailschange|p2a: Golurk|Golurk-Mega, L50\n|-mega|p2a: Golurk|Golurk|Golurkite\n|move|p1a: Charizard|Protect|p1a: Charizard\n|-singleturn|p1a: Charizard|Protect\n|move|p2b: Rotom|Discharge|p1b: Arcanine|[spread] p1b\n|-activate|p1a: Charizard|move: Protect\n|-immune|p2a: Golurk\n|-damage|p1b: Arcanine|73/100\n|move|p2a: Golurk|Poltergeist|p1a: Charizard\n|-activate|p1a: Charizard|move: Protect\n|\n|-weather|SunnyDay|[upkeep]\n|upkeep\n|turn|5\n|inactive|penledzuu has 30 seconds left.\n|inactive|Tilsch has 30 seconds left.\n|\n|t:|1776109189\n|move|p1a: Charizard|Heat Wave|p2a: Golurk|[spread] p2a,p2b\n|-resisted|p2b: Rotom|1\n|-damage|p2a: Golurk|35/100\n|-damage|p2b: Rotom|59/100\n|-status|p2a: Golurk|brn\n|move|p2b: Rotom|Discharge|p1a: Charizard|[spread] p1a,p1b\n|-immune|p2a: Golurk\n|-supereffective|p1a: Charizard|1\n|-damage|p1a: Charizard|60/100\n|-damage|p1b: Arcanine|45/100\n|move|p1b: Arcanine|Rock Slide|p2b: Rotom|[spread] p2a,p2b\n|-resisted|p2a: Golurk|1\n|-damage|p2a: Golurk|21/100 brn\n|-damage|p2b: Rotom|25/100\n|cant|p2a: Golurk|flinch\n|\n|-weather|SunnyDay|[upkeep]\n|-damage|p2a: Golurk|15/100 brn|[from] brn\n|upkeep\n|turn|6\n|-message|Tilsch forfeited.\n|\n|win|penledzuu\n|raw|penledzuu's rating: 1105 &rarr; <strong>1137</strong><br />(+32 for winning)\n|raw|Tilsch's rating: 1199 &rarr; <strong>1167</strong><br />(-32 for losing)\n|l|\u2606Tilsch\n|player|p2|\n",
  "uploadtime": 1776109205,
  "views": 14,
  "formatid": "gen9championsvgc2026regma",
  "rating": 1137,
  "private": 0,
  "password": null
}