{
  "id": "gen9championsvgc2026regma-2583414561",
  "format": "[Gen 9 Champions] VGC 2026 Reg M-A",
  "players": [
    "Jusk99",
    "testhan92"
  ],
  "log": "|j|\u2606Jusk99\n|j|\u2606testhan92\n|t:|1776174080\n|gametype|doubles\n|player|p1|Jusk99|thorton|1230\n|player|p2|testhan92|265|1250\n|gen|9\n|tier|[Gen 9 Champions] VGC 2026 Reg M-A\n|rated|\n|rule|Species Clause: Limit one of each Pok\u00e9mon\n|rule|Item Clause: Limit 1 of each item\n|clearpoke\n|poke|p1|Sneasler, L50, F|\n|poke|p1|Pelipper, L50, F|\n|poke|p1|Basculegion, L50, M|\n|poke|p1|Dragonite, L50, F|\n|poke|p1|Archaludon, L50, M|\n|poke|p1|Rotom-Heat, L50|\n|poke|p2|Gardevoir, L50, F|\n|poke|p2|Rotom-Wash, L50|\n|poke|p2|Incineroar, L50, M|\n|poke|p2|Aerodactyl, L50, F|\n|poke|p2|Sneasler, L50, F|\n|poke|p2|Garchomp, L50, F|\n|teampreview|4\nJusk99 has agreed to open team sheets.\n|\n|t:|1776174123\n|teamsize|p1|4\n|teamsize|p2|4\n|start\n|switch|p1a: Rotom|Rotom-Heat, L50|100/100\n|switch|p1b: Dragonite|Dragonite, L50, F|100/100\n|switch|p2a: Aerodactyl|Aerodactyl, L50, F|100/100\n|switch|p2b: Rotom|Rotom-Wash, L50|100/100\n|-ability|p2a: Aerodactyl|Unnerve\n|turn|1\n|\n|t:|1776174139\n|detailschange|p1b: Dragonite|Dragonite-Mega, L50, F\n|-mega|p1b: Dragonite|Dragonite|Dragoninite\n|move|p2b: Rotom|Volt Switch|p1b: Dragonite\n|-damage|p1b: Dragonite|89/100\n|\n|t:|1776174149\n|switch|p2b: Gardevoir|Gardevoir, L50, F|100/100|[from] Volt Switch\n|move|p1a: Rotom|Volt Switch|p2a: Aerodactyl\n|-supereffective|p2a: Aerodactyl|1\n|-damage|p2a: Aerodactyl|8/100\n|\n|t:|1776174156\n|switch|p1a: Pelipper|Pelipper, L50, F|100/100|[from] Volt Switch\n|-weather|RainDance|[from] ability: Drizzle|[of] p1a: Pelipper\n|move|p2a: Aerodactyl|Rock Slide|p1a: Pelipper|[spread] p1a,p1b\n|-supereffective|p1a: Pelipper|1\n|-supereffective|p1b: Dragonite|1\n|-damage|p1a: Pelipper|33/100\n|-damage|p1b: Dragonite|41/100\n|move|p1b: Dragonite|Tailwind|p1b: Dragonite\n|-sidestart|p1: Jusk99|move: Tailwind\n|\n|-weather|RainDance|[upkeep]\n|upkeep\n|turn|2\n|\n|t:|1776174175\n|switch|p2a: Rotom|Rotom-Wash, L50|100/100\n|move|p2b: Gardevoir|Protect|p2b: Gardevoir\n|-singleturn|p2b: Gardevoir|Protect\n|move|p1b: Dragonite|Hurricane|p2b: Gardevoir\n|-activate|p2b: Gardevoir|move: Protect\n|move|p1a: Pelipper|Muddy Water|p2a: Rotom|[spread] p2a\n|-activate|p2b: Gardevoir|move: Protect\n|-resisted|p2a: Rotom|1\n|-damage|p2a: Rotom|75/100\n|-unboost|p2a: Rotom|accuracy|1\n|\n|-weather|RainDance|[upkeep]\n|upkeep\n|turn|3\n|\n|t:|1776174204\n|switch|p2b: Garchomp|Garchomp, L50, F|100/100\n|move|p1b: Dragonite|Thunder|p2a: Rotom\n|-damage|p2a: Rotom|26/100\n|move|p1a: Pelipper|Muddy Water|p2b: Garchomp|[spread] p2a,p2b\n|-resisted|p2a: Rotom|1\n|-damage|p2a: Rotom|0 fnt\n|-damage|p2b: Garchomp|57/100\n|-unboost|p2b: Garchomp|accuracy|1\n|faint|p2a: Rotom\n|\n|-weather|RainDance|[upkeep]\n|upkeep\n|\n|t:|1776174220\n|switch|p2a: Aerodactyl|Aerodactyl, L50, F|8/100\n|-ability|p2a: Aerodactyl|Unnerve\n|turn|4\n|inactive|Battle timer is ON: inactive players will automatically lose when time's up. (requested by Jusk99)\n|\n|t:|1776174252\n|move|p2a: Aerodactyl|Protect|p2a: Aerodactyl\n|-singleturn|p2a: Aerodactyl|Protect\n|move|p2b: Garchomp|Protect|p2b: Garchomp\n|-singleturn|p2b: Garchomp|Protect\n|move|p1b: Dragonite|Dragon Pulse|p2b: Garchomp\n|-activate|p2b: Garchomp|move: Protect\n|move|p1a: Pelipper|Muddy Water|p2a: Aerodactyl|[spread] \n|-activate|p2a: Aerodactyl|move: Protect\n|-activate|p2b: Garchomp|move: Protect\n|\n|-weather|RainDance|[upkeep]\n|-sideend|p1: Jusk99|move: Tailwind\n|upkeep\n|turn|5\n|\n|t:|1776174270\n|switch|p1b: Basculegion|Basculegion, L50, M|100/100\n|switch|p1a: Rotom|Rotom-Heat, L50|100/100\n|move|p2a: Aerodactyl|Tailwind|p2a: Aerodactyl\n|-sidestart|p2: testhan92|move: Tailwind\n|move|p2b: Garchomp|Dragon Claw|p1b: Basculegion\n|-damage|p1b: Basculegion|48/100\n|\n|-weather|none\n|upkeep\n|turn|6\n|\n|t:|1776174292\n|move|p2a: Aerodactyl|Protect|p2a: Aerodactyl\n|-singleturn|p2a: Aerodactyl|Protect\n|move|p1b: Basculegion|Aqua Jet|p2a: Aerodactyl\n|-activate|p2a: Aerodactyl|move: Protect\n|move|p2b: Garchomp|Dragon Claw|p1b: Basculegion\n|-damage|p1b: Basculegion|0 fnt\n|faint|p1b: Basculegion\n|move|p1a: Rotom|Overheat|p2b: Garchomp\n|-resisted|p2b: Garchomp|1\n|-damage|p2b: Garchomp|25/100\n|-unboost|p1a: Rotom|spa|2\n|\n|upkeep\n|\n|t:|1776174308\n|switch|p1b: Pelipper|Pelipper, L50, F|33/100\n|-weather|RainDance|[from] ability: Drizzle|[of] p1b: Pelipper\n|turn|7\n|\n|t:|1776174316\n|move|p1b: Pelipper|Protect|p1b: Pelipper\n|-singleturn|p1b: Pelipper|Protect\n|move|p2a: Aerodactyl|Rock Slide|p1b: Pelipper|[spread] p1a\n|-activate|p1b: Pelipper|move: Protect\n|-supereffective|p1a: Rotom|1\n|-damage|p1a: Rotom|38/100\n|move|p2b: Garchomp|Dragon Claw|p1a: Rotom\n|-damage|p1a: Rotom|0 fnt\n|faint|p1a: Rotom\n|\n|-weather|RainDance|[upkeep]\n|upkeep\n|\n|t:|1776174330\n|switch|p1a: Dragonite|Dragonite-Mega, L50, F|41/100\n|turn|8\n|\n|t:|1776174338\n|move|p2a: Aerodactyl|Rock Slide|p1a: Dragonite|[spread] p1a,p1b\n|-supereffective|p1a: Dragonite|1\n|-supereffective|p1b: Pelipper|1\n|-damage|p1a: Dragonite|0 fnt\n|-damage|p1b: Pelipper|0 fnt\n|faint|p1a: Dragonite\n|faint|p1b: Pelipper\n|\n|win|testhan92\n|raw|Jusk99's rating: 1230 &rarr; <strong>1206</strong><br />(-24 for losing)\n|raw|testhan92's rating: 1250 &rarr; <strong>1274</strong><br />(+24 for winning)\n|l|\u2606Jusk99\n|player|p1|\n",
  "uploadtime": 1776174345,
  "views": 41,
  "formatid": "gen9championsvgc2026regma",
  "rating": 1206,
  "private": 0,
  "password": null
}