{
  "id": "gen9championsvgc2026regma-2585903507",
  "format": "[Gen 9 Champions] VGC 2026 Reg M-A",
  "players": [
    "fx demon1",
    "ivanissimo"
  ],
  "log": "|j|\u2606fx demon1\n|j|\u2606ivanissimo\n|t:|1776379998\n|gametype|doubles\n|player|p1|fx demon1|fisherman|\n|player|p2|ivanissimo|170|\n|gen|9\n|tier|[Gen 9 Champions] VGC 2026 Reg M-A\n|rated|Tournament battle\n|rule|Species Clause: Limit one of each Pok\u00e9mon\n|rule|Item Clause: Limit 1 of each item\n|raw|<div class=\"infobox\"><details class=\"readmore\" open><summary><strong>1 custom rule:</strong></summary> Force Open Team Sheets</details></div>\n|clearpoke\n|poke|p1|Archaludon, L50, M|\n|poke|p1|Pelipper, L50, M|\n|poke|p1|Basculegion, L50, M|\n|poke|p1|Dragonite, L50, M|\n|poke|p1|Sneasler, L50, M|\n|poke|p1|Incineroar, L50, F|\n|poke|p2|Incineroar, L50, F|\n|poke|p2|Charizard, L50, M|\n|poke|p2|Venusaur, L50, F|\n|poke|p2|Rotom-Wash, L50|\n|poke|p2|Conkeldurr, L50, F|\n|poke|p2|Garchomp, L50, M|\n|teampreview|4\n|showteam|p1|Archaludon||Leftovers|Stamina|ElectroShot,FlashCannon,DragonPulse,Protect|||M|||50|]Pelipper||FocusSash|Drizzle|WeatherBall,Hurricane,Protect,WideGuard|||M|||50|]Basculegion||MysticWater|SwiftSwim|WaveCrash,AquaJet,LastRespects,Protect|||M|||50|]Dragonite||Dragoninite|Multiscale|Hurricane,DragonPulse,Tailwind,Protect|||M|||50|]Sneasler||WhiteHerb|Unburden|DireClaw,CloseCombat,FakeOut,Protect|||M|||50|]Incineroar||SitrusBerry|Intimidate|FakeOut,PartingShot,ThroatChop,Taunt|||F|||50|\n|showteam|p2|Incineroar||ChopleBerry|Intimidate|FakeOut,DarkestLariat,FlareBlitz,PartingShot|||F|||50|]Charizard||CharizarditeY|Blaze|HeatWave,WeatherBall,SolarBeam,Protect|||M|||50|]Venusaur||Venusaurite|Chlorophyll|SleepPowder,GigaDrain,SludgeBomb,Protect|||F|||50|]Rotom-Wash||SitrusBerry|Levitate|Thunderbolt,WillOWisp,LightScreen,Electroweb||||||50|]Conkeldurr||BlackBelt|IronFist|DrainPunch,MachPunch,IcePunch,WideGuard|||F|||50|]Garchomp||LumBerry|RoughSkin|Earthquake,DragonClaw,RockSlide,Protect|||M|||50|\n|j| OnToTheOther\n|j| SeulClef\n|l| SeulClef\n|\n|t:|1776380036\n|teamsize|p1|4\n|teamsize|p2|4\n|start\n|switch|p1a: Dragonite|Dragonite, L50, M|100/100\n|switch|p1b: Sneasler|Sneasler, L50, M|100/100\n|switch|p2a: Garchomp|Garchomp, L50, M|100/100\n|switch|p2b: Charizard|Charizard, L50, M|100/100\n|turn|1\n|j| Spranne\n|\n|t:|1776380061\n|switch|p2b: Rotom|Rotom-Wash, L50|100/100\n|detailschange|p1a: Dragonite|Dragonite-Mega, L50, M\n|-mega|p1a: Dragonite|Dragonite|Dragoninite\n|move|p1b: Sneasler|Fake Out|p2b: Rotom\n|-damage|p2b: Rotom|88/100\n|move|p2a: Garchomp|Earthquake|p1a: Dragonite|[spread] p1b\n|-immune|p2b: Rotom|[from] ability: Levitate\n|-immune|p1a: Dragonite\n|-supereffective|p1b: Sneasler|1\n|-damage|p1b: Sneasler|0 fnt\n|faint|p1b: Sneasler\n|move|p1a: Dragonite|Tailwind|p1a: Dragonite\n|-sidestart|p1: fx demon1|move: Tailwind\n|\n|upkeep\n|j| camala64\n|\n|t:|1776380079\n|switch|p1b: Archaludon|Archaludon, L50, M|100/100\n|turn|2\n|j| monkeychese\n|j| z4chhhhh\n|l| monkeychese\n|\n|t:|1776380090\n|move|p1a: Dragonite|Dragon Pulse|p2a: Garchomp\n|-supereffective|p2a: Garchomp|1\n|-damage|p2a: Garchomp|0 fnt\n|faint|p2a: Garchomp\n|move|p1b: Archaludon|Dragon Pulse|p2b: Rotom\n|-damage|p2b: Rotom|48/100\n|-enditem|p2b: Rotom|Sitrus Berry|[eat]\n|-heal|p2b: Rotom|72/100|[from] item: Sitrus Berry\n|move|p2b: Rotom|Electroweb|p1b: Archaludon|[spread] p1a,p1b\n|-resisted|p1b: Archaludon|1\n|-damage|p1a: Dragonite|95/100\n|-damage|p1b: Archaludon|93/100\n|-unboost|p1a: Dragonite|spe|1\n|-unboost|p1b: Archaludon|spe|1\n|-ability|p1b: Archaludon|Stamina|boost\n|-boost|p1b: Archaludon|def|1\n|\n|-heal|p1b: Archaludon|99/100|[from] item: Leftovers\n|upkeep\n|\n|t:|1776380109\n|switch|p2a: Charizard|Charizard, L50, M|100/100\n|turn|3\n|j| Rolling Stonedge\n|j| ray_on_1248_\n|\n|t:|1776380117\n|move|p1a: Dragonite|Protect|p1a: Dragonite\n|-singleturn|p1a: Dragonite|Protect\n|move|p1b: Archaludon|Protect|p1b: Archaludon\n|-singleturn|p1b: Archaludon|Protect\n|move|p2a: Charizard|Protect|p2a: Charizard\n|-singleturn|p2a: Charizard|Protect\n|move|p2b: Rotom|Light Screen|p2b: Rotom\n|-sidestart|p2: ivanissimo|move: Light Screen\n|\n|-heal|p1b: Archaludon|100/100|[from] item: Leftovers\n|upkeep\n|turn|4\n|j| Creeper123_123\n|\n|t:|1776380137\n|detailschange|p2a: Charizard|Charizard-Mega-Y, L50, M\n|-mega|p2a: Charizard|Charizard|Charizardite Y\n|-weather|SunnyDay|[from] ability: Drought|[of] p2a: Charizard\n|move|p1a: Dragonite|Dragon Pulse|p2a: Charizard\n|-damage|p2a: Charizard|72/100\n|move|p1b: Archaludon|Dragon Pulse|p2a: Charizard\n|-damage|p2a: Charizard|49/100\n|move|p2a: Charizard|Heat Wave|p1b: Archaludon|[spread] p1a,p1b\n|-resisted|p1a: Dragonite|1\n|-damage|p1a: Dragonite|67/100\n|-damage|p1b: Archaludon|33/100\n|-ability|p1b: Archaludon|Stamina|boost\n|-boost|p1b: Archaludon|def|1\n|move|p2b: Rotom|Thunderbolt|p1a: Dragonite\n|-damage|p1a: Dragonite|41/100\n|\n|-weather|SunnyDay|[upkeep]\n|-heal|p1b: Archaludon|39/100|[from] item: Leftovers\n|-sideend|p1: fx demon1|move: Tailwind\n|upkeep\n|turn|5\n|l| z4chhhhh\n|j| VaatiMan92\n|\n|t:|1776380165\n|switch|p1a: Pelipper|Pelipper, L50, M|100/100\n|-weather|RainDance|[from] ability: Drizzle|[of] p1a: Pelipper\n|move|p2a: Charizard|Heat Wave|p1b: Archaludon|[spread] p1a,p1b\n|-resisted|p1a: Pelipper|1\n|-damage|p1a: Pelipper|78/100\n|-damage|p1b: Archaludon|16/100\n|-ability|p1b: Archaludon|Stamina|boost\n|-boost|p1b: Archaludon|def|1\n|move|p2b: Rotom|Thunderbolt|p1a: Pelipper\n|-supereffective|p1a: Pelipper|2\n|-damage|p1a: Pelipper|0 fnt\n|faint|p1a: Pelipper\n|move|p1b: Archaludon|Electro Shot||[still]\n|-prepare|p1b: Archaludon|Electro Shot\n|-boost|p1b: Archaludon|spa|1\n|-anim|p1b: Archaludon|Electro Shot|p2b: Rotom\n|-damage|p2b: Rotom|39/100\n|\n|-weather|RainDance|[upkeep]\n|-heal|p1b: Archaludon|22/100|[from] item: Leftovers\n|upkeep\n|\n|t:|1776380181\n|switch|p1a: Dragonite|Dragonite-Mega, L50, M|41/100\n|turn|6\n|j| bamronald\n|l| VaatiMan92\n|l| bamronald\n|\n|t:|1776380232\n|move|p2a: Charizard|Weather Ball|p1a: Dragonite\n|-resisted|p1a: Dragonite|1\n|-damage|p1a: Dragonite|14/100\n|move|p1a: Dragonite|Tailwind|p1a: Dragonite\n|-sidestart|p1: fx demon1|move: Tailwind\n|move|p1b: Archaludon|Electro Shot||[still]\n|-prepare|p1b: Archaludon|Electro Shot\n|-boost|p1b: Archaludon|spa|1\n|-anim|p1b: Archaludon|Electro Shot|p2b: Rotom\n|-damage|p2b: Rotom|0 fnt\n|faint|p2b: Rotom\n|\n|-weather|RainDance|[upkeep]\n|-heal|p1b: Archaludon|28/100|[from] item: Leftovers\n|upkeep\n|j| sgrace\n|\n|t:|1776380242\n|switch|p2b: Venusaur|Venusaur, L50, F|100/100\n|turn|7\n|\n|t:|1776380266\n|move|p1a: Dragonite|Hurricane|p2a: Charizard\n|-damage|p2a: Charizard|13/100\n|move|p1b: Archaludon|Dragon Pulse|p2b: Venusaur\n|-damage|p2b: Venusaur|51/100\n|move|p2a: Charizard|Weather Ball|p1b: Archaludon\n|-resisted|p1b: Archaludon|1\n|-damage|p1b: Archaludon|0 fnt\n|faint|p1b: Archaludon\n|move|p2b: Venusaur|Sludge Bomb|p1a: Dragonite\n|-damage|p1a: Dragonite|0 fnt\n|faint|p1a: Dragonite\n|\n|win|ivanissimo\n|n|\u2606fx demon1|fxdemon1\n|n|\u2606ivanissimo|ivanissimo\n|n| OnToTheOther|ontotheother\n|n| Spranne|spranne\n|n| camala64|camala64\n|n| Rolling Stonedge|rollingstonedge\n|n| ray_on_1248_|rayon1248\n|n| Creeper123_123|creeper123123\n|n| sgrace|sgrace\n",
  "uploadtime": 1776380266,
  "views": 17,
  "formatid": "gen9championsvgc2026regma",
  "rating": null,
  "private": 0,
  "password": null
}