{
  "id": "gen9championsvgc2026regma-2587033821",
  "format": "[Gen 9 Champions] VGC 2026 Reg M-A",
  "players": [
    "Warehouse User",
    "vpyclt"
  ],
  "log": "|j|\u2606Warehouse User\n|j|\u2606vpyclt\n|t:|1776483456\n|gametype|doubles\n|player|p1|Warehouse User|101|1000\n|player|p2|vpyclt|101|1000\n|gen|9\n|tier|[Gen 9 Champions] VGC 2026 Reg M-A\n|rated|\n|rule|Species Clause: Limit one of each Pok\u00e9mon\n|rule|Item Clause: Limit 1 of each item\n|clearpoke\n|poke|p1|Aegislash, L50, F|\n|poke|p1|Maushold-Four, L50|\n|poke|p1|Azumarill, L50, M|\n|poke|p1|Whimsicott, L50, F|\n|poke|p1|Beedrill, L50, F|\n|poke|p1|Castform, L50, F|\n|poke|p2|Gengar, L50, F|\n|poke|p2|Incineroar, L50, F|\n|poke|p2|Sneasler, L50, M|\n|poke|p2|Whimsicott, L50, M|\n|poke|p2|Rotom-Wash, L50|\n|poke|p2|Gardevoir, L50, M|\n|teampreview|4\n|\n|t:|1776483491\n|teamsize|p1|4\n|teamsize|p2|4\n|start\n|switch|p1a: Aegislash|Aegislash, L50, F|100/100\n|switch|p1b: Maushold|Maushold-Four, L50|100/100\n|switch|p2a: Gengar|Gengar, L50, F|100/100\n|switch|p2b: Incineroar|Incineroar, L50, F|100/100\n|-ability|p2b: Incineroar|Intimidate|boost\n|-unboost|p1a: Aegislash|atk|1\n|-unboost|p1b: Maushold|atk|1\n|turn|1\n|inactive|Battle timer is ON: inactive players will automatically lose when time's up. (requested by vpyclt)\n|\n|t:|1776483511\n|detailschange|p2a: Gengar|Gengar-Mega, L50, F\n|-mega|p2a: Gengar|Gengar|Gengarite\n|move|p2b: Incineroar|Fake Out|p1b: Maushold\n|-damage|p1b: Maushold|83/100\n|cant|p1b: Maushold|flinch\n|move|p2a: Gengar|Shadow Ball|p1a: Aegislash\n|-supereffective|p1a: Aegislash|1\n|-damage|p1a: Aegislash|41/100\n|-unboost|p1a: Aegislash|spd|1\n|move|p1a: Aegislash|Swords Dance|p1a: Aegislash\n|-boost|p1a: Aegislash|atk|2\n|\n|upkeep\n|turn|2\n|inactive|vpyclt has 30 seconds left.\n|\n|t:|1776483540\n|move|p2a: Gengar|Protect|p2a: Gengar\n|-singleturn|p2a: Gengar|Protect\n|move|p1b: Maushold|Follow Me|p1b: Maushold\n|-singleturn|p1b: Maushold|move: Follow Me\n|-formechange|p1a: Aegislash|Aegislash-Blade|\n|move|p1a: Aegislash|Shadow Sneak|p2a: Gengar\n|-activate|p2a: Gengar|move: Protect\n|move|p2b: Incineroar|Parting Shot|p1b: Maushold\n|-unboost|p1b: Maushold|atk|1\n|-unboost|p1b: Maushold|spa|1\n|\n|t:|1776483556\n|switch|p2b: Sneasler|Sneasler, L50, M|100/100|[from] Parting Shot\n|\n|upkeep\n|turn|3\n|\n|t:|1776483580\n|switch|p2a: Incineroar|Incineroar, L50, F|100/100\n|-ability|p2a: Incineroar|Intimidate|boost\n|-unboost|p1a: Aegislash|atk|1\n|-unboost|p1b: Maushold|atk|1\n|move|p1b: Maushold|Protect|p1b: Maushold\n|-singleturn|p1b: Maushold|Protect\n|move|p1a: Aegislash|Shadow Sneak|p2a: Incineroar\n|-resisted|p2a: Incineroar|1\n|-damage|p2a: Incineroar|87/100\n|move|p2b: Sneasler|Close Combat|p1b: Maushold\n|-activate|p1b: Maushold|move: Protect\n|\n|upkeep\n|turn|4\n|\n|t:|1776483603\n|switch|p1b: Whimsicott|Whimsicott, L50, F|100/100\n|switch|p1a: Azumarill|Azumarill, L50, M|100/100\n|move|p2b: Sneasler|Close Combat|p1b: Whimsicott\n|-resisted|p1b: Whimsicott|1\n|-damage|p1b: Whimsicott|57/100\n|-unboost|p2b: Sneasler|def|1\n|-unboost|p2b: Sneasler|spd|1\n|-enditem|p2b: Sneasler|White Herb\n|-clearnegativeboost|p2b: Sneasler|[silent]\n|move|p2a: Incineroar|Throat Chop|p1a: Azumarill\n|-resisted|p1a: Azumarill|1\n|-damage|p1a: Azumarill|79/100\n|-start|p1a: Azumarill|Throat Chop|[silent]\n|\n|upkeep\n|turn|5\n|inactive|Warehouse User has 30 seconds left.\n|\n|t:|1776483639\n|move|p2b: Sneasler|Dire Claw|p1b: Whimsicott\n|-supereffective|p1b: Whimsicott|2\n|-damage|p1b: Whimsicott|0 fnt\n|faint|p1b: Whimsicott\n|move|p2a: Incineroar|Parting Shot|p1a: Azumarill\n|-unboost|p1a: Azumarill|atk|1\n|-unboost|p1a: Azumarill|spa|1\n|\n|t:|1776483648\n|switch|p2a: Whimsicott|Whimsicott, L50, M|100/100|[from] Parting Shot\n|move|p1a: Azumarill|Belly Drum|p1a: Azumarill\n|-damage|p1a: Azumarill|29/100\n|-setboost|p1a: Azumarill|atk|6|[from] move: Belly Drum\n|-enditem|p1a: Azumarill|Sitrus Berry|[eat]\n|-heal|p1a: Azumarill|54/100|[from] item: Sitrus Berry\n|\n|-end|p1a: Azumarill|Throat Chop|[silent]\n|upkeep\n|\n|t:|1776483660\n|switch|p1b: Maushold|Maushold-Four, L50|83/100\n|turn|6\n|\n|t:|1776483678\n|move|p1b: Maushold|Follow Me|p1b: Maushold\n|-singleturn|p1b: Maushold|move: Follow Me\n|move|p1a: Azumarill|Aqua Jet|p2b: Sneasler\n|-damage|p2b: Sneasler|0 fnt\n|faint|p2b: Sneasler\n|move|p2a: Whimsicott|Moonblast|p1b: Maushold\n|-damage|p1b: Maushold|45/100\n|\n|upkeep\n|\n|t:|1776483689\n|switch|p2b: Incineroar|Incineroar, L50, F|87/100\n|-ability|p2b: Incineroar|Intimidate|boost\n|-unboost|p1a: Azumarill|atk|1\n|-unboost|p1b: Maushold|atk|1\n|turn|7\n|\n|t:|1776483702\n|move|p2b: Incineroar|Fake Out|p1a: Azumarill\n|-damage|p1a: Azumarill|43/100\n|move|p1b: Maushold|Follow Me|p1b: Maushold\n|-singleturn|p1b: Maushold|move: Follow Me\n|cant|p1a: Azumarill|flinch\n|move|p2a: Whimsicott|Moonblast|p1b: Maushold\n|-damage|p1b: Maushold|3/100\n|\n|upkeep\n|turn|8\n|\n|t:|1776483726\n|switch|p1b: Aegislash|Aegislash, L50, F|41/100\n|move|p2b: Incineroar|Protect|p2b: Incineroar\n|-singleturn|p2b: Incineroar|Protect\n|move|p1a: Azumarill|Aqua Jet|p2b: Incineroar\n|-activate|p2b: Incineroar|move: Protect\n|move|p2a: Whimsicott|Moonblast|p1a: Azumarill\n|-damage|p1a: Azumarill|9/100\n|\n|upkeep\n|turn|9\n|inactive|vpyclt has 30 seconds left.\n|\n|t:|1776483752\n|move|p1a: Azumarill|Aqua Jet|p2b: Incineroar\n|-supereffective|p2b: Incineroar|1\n|-damage|p2b: Incineroar|0 fnt\n|faint|p2b: Incineroar\n|move|p2a: Whimsicott|Moonblast|p1a: Azumarill\n|-damage|p1a: Azumarill|0 fnt\n|faint|p1a: Azumarill\n|move|p1b: Aegislash|Swords Dance|p1b: Aegislash\n|-boost|p1b: Aegislash|atk|2\n|\n|upkeep\n|\n|t:|1776483762\n|switch|p2b: Gengar|Gengar-Mega, L50, F|100/100\n|switch|p1a: Maushold|Maushold-Four, L50|3/100\n|turn|10\n|\n|t:|1776483774\n|move|p2b: Gengar|Protect|p2b: Gengar\n|-singleturn|p2b: Gengar|Protect\n|move|p1a: Maushold|Protect|p1a: Maushold\n|-singleturn|p1a: Maushold|Protect\n|-formechange|p1b: Aegislash|Aegislash-Blade|\n|move|p1b: Aegislash|Shadow Sneak|p2b: Gengar\n|-activate|p2b: Gengar|move: Protect\n|move|p2a: Whimsicott|Moonblast|p1a: Maushold\n|-activate|p1a: Maushold|move: Protect\n|\n|upkeep\n|turn|11\n|\n|t:|1776483794\n|move|p1b: Aegislash|Shadow Sneak|p2b: Gengar\n|-supereffective|p2b: Gengar|1\n|-damage|p2b: Gengar|0 fnt\n|faint|p2b: Gengar\n|move|p1a: Maushold|Super Fang|p2a: Whimsicott\n|-damage|p2a: Whimsicott|51/100\n|move|p2a: Whimsicott|Moonblast|p1a: Maushold\n|-damage|p1a: Maushold|0 fnt\n|faint|p1a: Maushold\n|\n|upkeep\n|turn|12\n|\n|t:|1776483809\n|move|p1b: Aegislash|Shadow Sneak|p2a: Whimsicott\n|-damage|p2a: Whimsicott|0 fnt\n|faint|p2a: Whimsicott\n|\n|win|Warehouse User\n|raw|Warehouse User's rating: 1000 &rarr; <strong>1040</strong><br />(+40 for winning)\n|raw|vpyclt's rating: 1000 &rarr; <strong>1000</strong><br />(+0 for losing)\n|l|\u2606vpyclt\n|player|p2|\n",
  "uploadtime": 1776483826,
  "views": 14,
  "formatid": "gen9championsvgc2026regma",
  "rating": 1000,
  "private": 0,
  "password": null
}