{
  "id": "gen9championsvgc2026regma-2587778665",
  "format": "[Gen 9 Champions] VGC 2026 Reg M-A",
  "players": [
    "snorlax2277",
    "Danievania"
  ],
  "log": "|j|\u2606snorlax2277\n|j|\u2606Danievania\n|t:|1776563098\n|gametype|doubles\n|player|p1|snorlax2277|harlequin|1414\n|player|p2|Danievania|byron|1454\n|gen|9\n|tier|[Gen 9 Champions] VGC 2026 Reg M-A\n|rated|\n|rule|Species Clause: Limit one of each Pok\u00e9mon\n|rule|Item Clause: Limit 1 of each item\n|clearpoke\n|poke|p1|Charizard, L50, F|\n|poke|p1|Whimsicott, L50, F|\n|poke|p1|Gallade, L50, M|\n|poke|p1|Rotom-Wash, L50|\n|poke|p1|Garchomp, L50, F|\n|poke|p1|Zoroark-Hisui, L50, M|\n|poke|p2|Delphox, L50, M, shiny|\n|poke|p2|Sneasler, L50, F, shiny|\n|poke|p2|Garchomp, L50, M, shiny|\n|poke|p2|Aerodactyl, L50, M|\n|poke|p2|Kingambit, L50, M|\n|poke|p2|Sinistcha, L50|\n|teampreview|4\nDanievania rejected open team sheets.\n|inactive|Battle timer is ON: inactive players will automatically lose when time's up. (requested by snorlax2277)\n|inactive|Danievania has 60 seconds left.\n|\n|t:|1776563186\n|teamsize|p1|4\n|teamsize|p2|4\n|start\n|switch|p1a: Whimsicott|Whimsicott, L50, F|100/100\n|switch|p1b: Rotom|Rotom-Wash, L50|100/100\n|switch|p2a: Delphox|Delphox, L50, M, shiny|100/100\n|switch|p2b: Aerodactyl|Aerodactyl, L50, M|100/100\n|turn|1\n|inactive|Danievania has 30 seconds left.\n|inactive|Danievania has 20 seconds left.\n|inactive|Danievania has 15 seconds left.\n|inactive|Danievania has 10 seconds left.\n|\n|t:|1776563234\n|detailschange|p2a: Delphox|Delphox-Mega, L50, M, shiny\n|-mega|p2a: Delphox|Delphox|Delphoxite\n|move|p1a: Whimsicott|Protect|p1a: Whimsicott\n|-singleturn|p1a: Whimsicott|Protect\n|move|p2a: Delphox|Heat Wave|p1a: Whimsicott|[spread] p1b\n|-activate|p1a: Whimsicott|move: Protect\n|-resisted|p1b: Rotom|1\n|-damage|p1b: Rotom|78/100\n|move|p2b: Aerodactyl|Tailwind|p2b: Aerodactyl\n|-sidestart|p2: Danievania|move: Tailwind\n|move|p1b: Rotom|Will-O-Wisp|p2b: Aerodactyl\n|-status|p2b: Aerodactyl|brn\n|\n|-damage|p2b: Aerodactyl|95/100 brn|[from] brn\n|upkeep\n|turn|2\n|inactive|Danievania has 30 seconds left.\n|\n|t:|1776563268\n|move|p1a: Whimsicott|Tailwind|p1a: Whimsicott\n|-sidestart|p1: snorlax2277|move: Tailwind\n|move|p2a: Delphox|Heat Wave|p1b: Rotom|[spread] p1a,p1b\n|-supereffective|p1a: Whimsicott|1\n|-resisted|p1b: Rotom|1\n|-enditem|p1a: Whimsicott|Focus Sash\n|-damage|p1a: Whimsicott|1/100\n|-damage|p1b: Rotom|55/100\n|move|p2b: Aerodactyl|Dual Wingbeat|p1a: Whimsicott\n|-supereffective|p1a: Whimsicott|1\n|-damage|p1a: Whimsicott|0 fnt\n|faint|p1a: Whimsicott\n|-hitcount|p1: Whimsicott|1\n|move|p1b: Rotom|Hydro Pump|p2a: Delphox|[miss]\n|-miss|p1b: Rotom|p2a: Delphox\n|\n|-damage|p2b: Aerodactyl|89/100 brn|[from] brn\n|upkeep\n|\n|t:|1776563286\n|switch|p1a: Garchomp|Garchomp, L50, F|100/100\n|turn|3\n|\n|t:|1776563304\n|move|p2a: Delphox|Protect|p2a: Delphox\n|-singleturn|p2a: Delphox|Protect\n|move|p1a: Garchomp|Rock Slide|p2b: Aerodactyl|[spread] p2b\n|-activate|p2a: Delphox|move: Protect\n|-supereffective|p2b: Aerodactyl|1\n|-damage|p2b: Aerodactyl|24/100 brn\n|move|p2b: Aerodactyl|Rock Slide|p1a: Garchomp|[spread] p1a,p1b\n|-resisted|p1a: Garchomp|1\n|-damage|p1a: Garchomp|95/100\n|-damage|p1b: Rotom|41/100\n|-enditem|p1b: Rotom|Sitrus Berry|[eat]\n|-heal|p1b: Rotom|66/100|[from] item: Sitrus Berry\n|cant|p1b: Rotom|flinch\n|\n|-damage|p2b: Aerodactyl|18/100 brn|[from] brn\n|upkeep\n|turn|4\n|inactive|Danievania has 30 seconds left.\n|inactive|Danievania has 20 seconds left.\n|\n|t:|1776563343\n|move|p1a: Garchomp|Rock Slide|p2b: Aerodactyl|[spread] p2a,p2b\n|-supereffective|p2a: Delphox|1\n|-supereffective|p2b: Aerodactyl|1\n|-damage|p2a: Delphox|40/100\n|-damage|p2b: Aerodactyl|0 fnt\n|faint|p2b: Aerodactyl\n|move|p2a: Delphox|Psyshock|p1b: Rotom\n|-damage|p1b: Rotom|6/100\n|move|p1b: Rotom|Hydro Pump|p2a: Delphox|[miss]\n|-miss|p1b: Rotom|p2a: Delphox\n|\n|-sideend|p2: Danievania|move: Tailwind\n|upkeep\n|\n|t:|1776563358\n|switch|p2b: Garchomp|Garchomp, L50, M, shiny|100/100\n|turn|5\n|\n|t:|1776563366\n|move|p2a: Delphox|Protect|p2a: Delphox\n|-singleturn|p2a: Delphox|Protect\n|move|p2b: Garchomp|Protect|p2b: Garchomp\n|-singleturn|p2b: Garchomp|Protect\n|move|p1a: Garchomp|Rock Slide|p2b: Garchomp|[spread] \n|-activate|p2a: Delphox|move: Protect\n|-activate|p2b: Garchomp|move: Protect\n|move|p1b: Rotom|Will-O-Wisp|p2b: Garchomp\n|-activate|p2b: Garchomp|move: Protect\n|\n|-sideend|p1: snorlax2277|move: Tailwind\n|upkeep\n|turn|6\n|\n|t:|1776563388\n|switch|p2a: Sneasler|Sneasler, L50, F, shiny|100/100\n|move|p1a: Garchomp|Rock Slide|p2b: Garchomp|[spread] p2b\n|-miss|p1a: Garchomp|p2a: Sneasler\n|-resisted|p2b: Garchomp|1\n|-damage|p2b: Garchomp|90/100\n|move|p2b: Garchomp|Dragon Claw|p1b: Rotom\n|-damage|p1b: Rotom|0 fnt\n|faint|p1b: Rotom\n|\n|upkeep\n|\n|t:|1776563396\n|switch|p1b: Charizard|Charizard, L50, F|100/100\n|turn|7\n|\n|t:|1776563409\n|detailschange|p1b: Charizard|Charizard-Mega-Y, L50, F\n|-mega|p1b: Charizard|Charizard|Charizardite Y\n|-weather|SunnyDay|[from] ability: Drought|[of] p1b: Charizard\n|move|p2a: Sneasler|Fake Out|p1b: Charizard\n|-damage|p1b: Charizard|86/100\n|move|p1a: Garchomp|Rock Slide|p2a: Sneasler|[spread] p2a,p2b\n|-resisted|p2a: Sneasler|1\n|-resisted|p2b: Garchomp|1\n|-damage|p2a: Sneasler|84/100\n|-damage|p2b: Garchomp|81/100\n|cant|p2b: Garchomp|flinch\n|cant|p1b: Charizard|flinch\n|\n|-weather|SunnyDay|[upkeep]\n|upkeep\n|turn|8\n|\n|t:|1776563430\n|move|p1a: Garchomp|Rock Slide|p2a: Sneasler|[spread] p2a,p2b\n|-resisted|p2a: Sneasler|1\n|-resisted|p2b: Garchomp|1\n|-damage|p2a: Sneasler|67/100\n|-damage|p2b: Garchomp|71/100\n|move|p2a: Sneasler|Dire Claw|p1b: Charizard\n|-damage|p1b: Charizard|39/100\n|-status|p1b: Charizard|slp\n|move|p2b: Garchomp|Dragon Claw|p1a: Garchomp\n|-supereffective|p1a: Garchomp|1\n|-damage|p1a: Garchomp|4/100\n|-damage|p2b: Garchomp|59/100|[from] ability: Rough Skin|[of] p1a: Garchomp\n|cant|p1b: Charizard|slp\n|\n|-weather|SunnyDay|[upkeep]\n|upkeep\n|turn|9\n|-message|snorlax2277 forfeited.\n|\n|win|Danievania\n|raw|snorlax2277's rating: 1414 &rarr; <strong>1396</strong><br />(-18 for losing)\n|raw|Danievania's rating: 1454 &rarr; <strong>1472</strong><br />(+18 for winning)\n|l|\u2606snorlax2277\n|player|p1|\n",
  "uploadtime": 1776563446,
  "views": 37,
  "formatid": "gen9championsvgc2026regma",
  "rating": 1396,
  "private": 0,
  "password": null
}