{
  "id": "gen9championsvgc2026regma-2585022109",
  "format": "[Gen 9 Champions] VGC 2026 Reg M-A",
  "players": [
    "DragoX100",
    "Joltinjoe18"
  ],
  "log": "|badge|p2|bronze|gen9ubers|100-9\n|uhtml|medal-msg|<div class=\"broadcast-blue\">Curious what those medals under the avatar are? PS now has Ladder Seasons! For more information, check out the <a href=\"https://www.smogon.com/forums/threads/3740067/\">thread on Smogon.</a></div>\n|j|\u2606DragoX100\n|j|\u2606Joltinjoe18\n|t:|1776304152\n|gametype|doubles\n|player|p1|DragoX100|1|1118\n|player|p2|Joltinjoe18|101|1049\n|gen|9\n|tier|[Gen 9 Champions] VGC 2026 Reg M-A\n|rated|\n|rule|Species Clause: Limit one of each Pok\u00e9mon\n|rule|Item Clause: Limit 1 of each item\n|clearpoke\n|poke|p1|Charizard, L50, M|\n|poke|p1|Garchomp, L50, M|\n|poke|p1|Whimsicott, L50, F|\n|poke|p1|Incineroar, L50, M|\n|poke|p1|Rotom-Wash, L50|\n|poke|p1|Kingambit, L50, M|\n|poke|p2|Charizard, L50, M|\n|poke|p2|Venusaur, L50, F|\n|poke|p2|Garchomp, L50, M|\n|poke|p2|Sneasler, L50, F|\n|poke|p2|Basculegion, L50, M|\n|poke|p2|Incineroar, L50, F|\n|teampreview|4\n|inactive|Battle timer is ON: inactive players will automatically lose when time's up. (requested by DragoX100)\n|inactive|DragoX100 has 60 seconds left.\n|\n|t:|1776304196\n|teamsize|p1|4\n|teamsize|p2|4\n|start\n|switch|p1a: Garchomp|Garchomp, L50, M|100/100\n|switch|p1b: Incineroar|Incineroar, L50, M|100/100\n|switch|p2a: Charizard|Charizard, L50, M|100/100\n|switch|p2b: Venusaur|Venusaur, L50, F|100/100\n|-ability|p1b: Incineroar|Intimidate|boost\n|-unboost|p2a: Charizard|atk|1\n|-unboost|p2b: Venusaur|atk|1\n|turn|1\n|inactive|Joltinjoe18 has 30 seconds left.\n|inactive|Joltinjoe18 has 20 seconds left.\n|\n|t:|1776304234\n|detailschange|p2a: Charizard|Charizard-Mega-Y, L50, M\n|-mega|p2a: Charizard|Charizard|Charizardite Y\n|-weather|SunnyDay|[from] ability: Drought|[of] p2a: Charizard\n|move|p2a: Charizard|Protect|p2a: Charizard\n|-singleturn|p2a: Charizard|Protect\n|move|p1b: Incineroar|Fake Out|p2b: Venusaur\n|-damage|p2b: Venusaur|85/100\n|cant|p2b: Venusaur|flinch\n|move|p1a: Garchomp|Rock Slide|p2a: Charizard|[spread] p2b\n|-activate|p2a: Charizard|move: Protect\n|-crit|p2b: Venusaur\n|-damage|p2b: Venusaur|44/100\n|\n|-weather|SunnyDay|[upkeep]\n|upkeep\n|turn|2\n|\n|t:|1776304254\n|move|p2b: Venusaur|Sleep Powder|p1a: Garchomp\n|-status|p1a: Garchomp|slp|[from] move: Sleep Powder\n|cant|p1a: Garchomp|slp\n|move|p2a: Charizard|Heat Wave|p1b: Incineroar|[spread] p1b\n|-miss|p2a: Charizard|p1a: Garchomp\n|-resisted|p1b: Incineroar|1\n|-damage|p1b: Incineroar|76/100\n|move|p1b: Incineroar|Flare Blitz|p2b: Venusaur\n|-supereffective|p2b: Venusaur|1\n|-damage|p2b: Venusaur|0 fnt\n|faint|p2b: Venusaur\n|-damage|p1b: Incineroar|65/100|[from] Recoil\n|\n|-weather|SunnyDay|[upkeep]\n|-heal|p1b: Incineroar|71/100|[from] item: Leftovers\n|upkeep\n|\n|t:|1776304260\n|switch|p2b: Garchomp|Garchomp, L50, M|100/100\n|turn|3\n|inactive|DragoX100 has 30 seconds left.\n|\n|t:|1776304294\n|switch|p1a: Whimsicott|Whimsicott, L50, F|100/100\n|move|p2b: Garchomp|Dragon Claw|p1a: Whimsicott\n|-immune|p1a: Whimsicott\n|move|p2a: Charizard|Heat Wave|p1a: Whimsicott|[spread] p1a,p1b\n|-supereffective|p1a: Whimsicott|1\n|-enditem|p1a: Whimsicott|Occa Berry|[eat]\n|-enditem|p1a: Whimsicott|Occa Berry|[weaken]\n|-resisted|p1b: Incineroar|1\n|-damage|p1a: Whimsicott|23/100\n|-damage|p1b: Incineroar|46/100\n|move|p1b: Incineroar|Parting Shot|p2b: Garchomp\n|-unboost|p2b: Garchomp|atk|1\n|-unboost|p2b: Garchomp|spa|1\n|\n|t:|1776304319\n|switch|p1b: Charizard|Charizard, L50, M|100/100|[from] Parting Shot\n|\n|-weather|SunnyDay|[upkeep]\n|upkeep\n|turn|4\n|\n|t:|1776304334\n|switch|p2b: Incineroar|Incineroar, L50, F|100/100\n|-ability|p2b: Incineroar|Intimidate|boost\n|-unboost|p1a: Whimsicott|atk|1\n|-unboost|p1b: Charizard|atk|1\n|move|p1b: Charizard|Protect|p1b: Charizard\n|-singleturn|p1b: Charizard|Protect\n|move|p1a: Whimsicott|Tailwind|p1a: Whimsicott\n|-sidestart|p1: DragoX100|move: Tailwind\n|move|p2a: Charizard|Heat Wave|p1a: Whimsicott|[spread] \n|-activate|p1b: Charizard|move: Protect\n|-miss|p2a: Charizard|p1a: Whimsicott\n|\n|-weather|SunnyDay|[upkeep]\n|upkeep\n|turn|5\n|inactive|DragoX100 has 30 seconds left.\n|\n|t:|1776304365\n|detailschange|p1b: Charizard|Charizard-Mega-Y, L50, M\n|-mega|p1b: Charizard|Charizard|Charizardite Y\n|move|p1a: Whimsicott|Fake Tears|p2a: Charizard\n|-unboost|p2a: Charizard|spd|2\n|move|p1b: Charizard|Air Slash|p2a: Charizard\n|-damage|p2a: Charizard|6/100\n|move|p2a: Charizard|Heat Wave|p1a: Whimsicott|[spread] p1a,p1b\n|-supereffective|p1a: Whimsicott|1\n|-resisted|p1b: Charizard|1\n|-damage|p1a: Whimsicott|0 fnt\n|-damage|p1b: Charizard|65/100\n|faint|p1a: Whimsicott\n|move|p2b: Incineroar|Parting Shot|p1b: Charizard\n|-unboost|p1b: Charizard|atk|1\n|-unboost|p1b: Charizard|spa|1\n|\n|t:|1776304371\n|switch|p2b: Garchomp|Garchomp, L50, M|100/100|[from] Parting Shot\n|\n|-weather|none\n|upkeep\n|\n|t:|1776304375\n|switch|p1a: Incineroar|Incineroar, L50, M|46/100\n|-ability|p1a: Incineroar|Intimidate|boost\n|-unboost|p2a: Charizard|atk|1\n|-unboost|p2b: Garchomp|atk|1\n|turn|6\n|\n|t:|1776304382\n|switch|p2b: Incineroar|Incineroar, L50, F|100/100\n|-ability|p2b: Incineroar|Intimidate|boost\n|-unboost|p1a: Incineroar|atk|1\n|-unboost|p1b: Charizard|atk|1\n|move|p2a: Charizard|Protect|p2a: Charizard\n|-singleturn|p2a: Charizard|Protect\n|move|p1a: Incineroar|Fake Out|p2b: Incineroar\n|-damage|p2b: Incineroar|95/100\n|move|p1b: Charizard|Heat Wave|p2a: Charizard|[spread] p2b\n|-activate|p2a: Charizard|move: Protect\n|-resisted|p2b: Incineroar|1\n|-damage|p2b: Incineroar|84/100\n|\n|-heal|p1a: Incineroar|51/100|[from] item: Leftovers\n|upkeep\n|turn|7\n|\n|t:|1776304404\n|switch|p2a: Garchomp|Garchomp, L50, M|100/100\n|move|p1b: Charizard|Protect|p1b: Charizard\n|-singleturn|p1b: Charizard|Protect\n|move|p2b: Incineroar|Fake Out|p1a: Incineroar\n|-damage|p1a: Incineroar|43/100\n|cant|p1a: Incineroar|flinch\n|\n|-heal|p1a: Incineroar|49/100|[from] item: Leftovers\n|-sideend|p1: DragoX100|move: Tailwind\n|upkeep\n|turn|8\n|\n|t:|1776304425\n|switch|p1a: Garchomp|Garchomp, L50, M|100/100 slp\n|move|p2a: Garchomp|Rock Slide|p1b: Charizard|[spread] p1a,p1b\n|-resisted|p1a: Garchomp|1\n|-supereffective|p1b: Charizard|2\n|-damage|p1a: Garchomp|91/100 slp\n|-damage|p1b: Charizard|0 fnt\n|faint|p1b: Charizard\n|move|p2b: Incineroar|Parting Shot|p1a: Garchomp\n|-unboost|p1a: Garchomp|atk|1\n|-unboost|p1a: Garchomp|spa|1\n|\n|t:|1776304432\n|switch|p2b: Charizard|Charizard-Mega-Y, L50, M|6/100|[from] Parting Shot\n|-weather|SunnyDay|[from] ability: Drought|[of] p2b: Charizard\n|\n|-weather|SunnyDay|[upkeep]\n|upkeep\n|l|\u2606DragoX100\n|inactive|DragoX100 disconnected and has a minute to reconnect!\n|player|p1|\n|inactive|DragoX100 has 30 seconds left.\n|inactive|DragoX100 has 20 seconds left.\n|inactive|DragoX100 has 15 seconds left.\n|inactive|DragoX100 has 10 seconds left.\n|inactive|DragoX100 has 5 seconds left.\n|-message|DragoX100 lost due to inactivity.\n|\n|win|Joltinjoe18\n|raw|DragoX100's rating: 1118 &rarr; <strong>1088</strong><br />(-30 for losing)\n|raw|Joltinjoe18's rating: 1049 &rarr; <strong>1088</strong><br />(+39 for winning)\n",
  "uploadtime": 1776304489,
  "views": 22,
  "formatid": "gen9championsvgc2026regma",
  "rating": 1088,
  "private": 0,
  "password": null
}