{
  "id": "gen9championsvgc2026regma-2585264924",
  "format": "[Gen 9 Champions] VGC 2026 Reg M-A",
  "players": [
    "endershovel",
    "isabellissima"
  ],
  "log": "|j|\u2606endershovel\n|j|\u2606isabellissima\n|t:|1776331599\n|gametype|doubles\n|player|p1|endershovel|266|1063\n|player|p2|isabellissima|265|1060\n|gen|9\n|tier|[Gen 9 Champions] VGC 2026 Reg M-A\n|rated|\n|rule|Species Clause: Limit one of each Pok\u00e9mon\n|rule|Item Clause: Limit 1 of each item\n|clearpoke\n|poke|p1|Starmie, L50|\n|poke|p1|Sneasler, L50, M|\n|poke|p1|Krookodile, L50, F|\n|poke|p1|Politoed, L50, M|\n|poke|p1|Talonflame, L50, F|\n|poke|p1|Raichu, L50, M|\n|poke|p2|Incineroar, L50, M|\n|poke|p2|Gengar, L50, F|\n|poke|p2|Sneasler, L50, F|\n|poke|p2|Maushold-Four, L50|\n|poke|p2|Kommo-o, L50, F|\n|poke|p2|Politoed, L50, M|\n|teampreview|4\n|inactive|Battle timer is ON: inactive players will automatically lose when time's up. (requested by isabellissima)\n|\n|t:|1776331666\n|teamsize|p1|4\n|teamsize|p2|4\n|start\n|switch|p1a: Talonflame|Talonflame, L50, F|100/100\n|switch|p1b: Politoed|Politoed, L50, M|100/100\n|switch|p2a: Incineroar|Incineroar, L50, M, shiny|100/100\n|switch|p2b: Gengar|Gengar, L50, F, shiny|100/100\n|-weather|RainDance|[from] ability: Drizzle|[of] p1b: Politoed\n|-ability|p2a: Incineroar|Intimidate|boost\n|-unboost|p1a: Talonflame|atk|1\n|-unboost|p1b: Politoed|atk|1\n|turn|1\n|\n|t:|1776331682\n|detailschange|p2b: Gengar|Gengar-Mega, L50, F, shiny\n|-mega|p2b: Gengar|Gengar|Gengarite\n|move|p1a: Talonflame|Quick Guard|p1a: Talonflame\n|-singleturn|p1a: Talonflame|Quick Guard\n|move|p2a: Incineroar|Fake Out|p1a: Talonflame\n|-activate|p1a: Talonflame|move: Quick Guard\n|move|p2b: Gengar|Perish Song|p2b: Gengar\n|-start|p1a: Talonflame|perish3|[silent]\n|-start|p1b: Politoed|perish3|[silent]\n|-start|p2a: Incineroar|perish3|[silent]\n|-start|p2b: Gengar|perish3|[silent]\n|-fieldactivate|move: Perish Song\n|move|p1b: Politoed|Encore|p2b: Gengar\n|-start|p2b: Gengar|Encore\n|\n|-weather|RainDance|[upkeep]\n|-start|p1a: Talonflame|perish3\n|-start|p2b: Gengar|perish3\n|-start|p1b: Politoed|perish3\n|-start|p2a: Incineroar|perish3\n|upkeep\n|turn|2\n|\n|t:|1776331705\n|switch|p2b: Maushold|Maushold-Four, L50|100/100\n|move|p1a: Talonflame|Brave Bird|p2b: Maushold\n|-damage|p2b: Maushold|55/100\n|-damage|p1a: Talonflame|83/100|[from] Recoil\n|move|p1b: Politoed|Weather Ball|p2a: Incineroar\n|-supereffective|p2a: Incineroar|1\n|-damage|p2a: Incineroar|11/100\n|-enditem|p2a: Incineroar|Sitrus Berry|[eat]\n|-heal|p2a: Incineroar|36/100|[from] item: Sitrus Berry\n|move|p2a: Incineroar|Parting Shot|p1a: Talonflame\n|-unboost|p1a: Talonflame|atk|1\n|-unboost|p1a: Talonflame|spa|1\n|\n|t:|1776331718\n|switch|p2a: Gengar|Gengar-Mega, L50, F, shiny|100/100|[from] Parting Shot\n|\n|-weather|RainDance|[upkeep]\n|-start|p1a: Talonflame|perish2\n|-start|p1b: Politoed|perish2\n|upkeep\n|turn|3\n|\n|t:|1776331733\n|move|p2b: Maushold|Protect|p2b: Maushold\n|-singleturn|p2b: Maushold|Protect\n|move|p2a: Gengar|Protect|p2a: Gengar\n|-singleturn|p2a: Gengar|Protect\n|move|p1a: Talonflame|Brave Bird|p2b: Maushold\n|-activate|p2b: Maushold|move: Protect\n|move|p1b: Politoed|Weather Ball|p2b: Maushold\n|-activate|p2b: Maushold|move: Protect\n|\n|-weather|RainDance|[upkeep]\n|-start|p1a: Talonflame|perish1\n|-start|p1b: Politoed|perish1\n|upkeep\n|turn|4\n|inactive|isabellissima has 30 seconds left.\n|\n|t:|1776331762\n|move|p2b: Maushold|Follow Me|p2b: Maushold\n|-singleturn|p2b: Maushold|move: Follow Me\n|move|p1a: Talonflame|Tailwind|p1a: Talonflame\n|-sidestart|p1: endershovel|move: Tailwind\n|move|p1b: Politoed|Weather Ball|p2b: Maushold\n|-damage|p2b: Maushold|0 fnt\n|faint|p2b: Maushold\n|move|p2a: Gengar|Substitute|p2a: Gengar\n|-start|p2a: Gengar|Substitute\n|-damage|p2a: Gengar|76/100\n|\n|-weather|RainDance|[upkeep]\n|-start|p1a: Talonflame|perish0\n|-start|p1b: Politoed|perish0\n|faint|p1a: Talonflame\n|faint|p1b: Politoed\n|upkeep\n|\n|t:|1776331776\n|switch|p1a: Raichu|Raichu, L50, M|100/100\n|switch|p2b: Incineroar|Incineroar, L50, M, shiny|36/100\n|switch|p1b: Starmie|Starmie, L50|100/100\n|-ability|p2b: Incineroar|Intimidate|boost\n|-unboost|p1a: Raichu|atk|1\n|-unboost|p1b: Starmie|atk|1\n|turn|5\n|\n|t:|1776331788\n|detailschange|p1b: Starmie|Starmie-Mega, L50\n|-mega|p1b: Starmie|Starmie|Starminite\n|move|p1a: Raichu|Fake Out|p2b: Incineroar\n|-damage|p2b: Incineroar|32/100\n|cant|p2b: Incineroar|flinch\n|move|p1b: Starmie|Psycho Cut|p2a: Gengar\n|-supereffective|p2a: Gengar|1\n|-end|p2a: Gengar|Substitute\n|move|p2a: Gengar|Shadow Ball|p1b: Starmie\n|-supereffective|p1b: Starmie|1\n|-damage|p1b: Starmie|0 fnt\n|faint|p1b: Starmie\n|\n|-weather|none\n|upkeep\n|turn|6\n|-message|endershovel forfeited.\n|\n|win|isabellissima\n|raw|endershovel's rating: 1063 &rarr; <strong>1043</strong><br />(-20 for losing)\n|raw|isabellissima's rating: 1060 &rarr; <strong>1091</strong><br />(+31 for winning)\n|l|\u2606endershovel\n|player|p1|\n",
  "uploadtime": 1776331833,
  "views": 70,
  "formatid": "gen9championsvgc2026regma",
  "rating": 1043,
  "private": 0,
  "password": null
}