{
  "id": "gen9championsvgc2026regma-2585366413",
  "format": "[Gen 9 Champions] VGC 2026 Reg M-A",
  "players": [
    "tinyyyy",
    "nat4heal"
  ],
  "log": "|j|\u2606tinyyyy\n|j|\u2606nat4heal\n|t:|1776341765\n|gametype|doubles\n|player|p1|tinyyyy|iono|1403\n|player|p2|nat4heal|ghetsis|1447\n|gen|9\n|tier|[Gen 9 Champions] VGC 2026 Reg M-A\n|rated|\n|rule|Species Clause: Limit one of each Pok\u00e9mon\n|rule|Item Clause: Limit 1 of each item\n|clearpoke\n|poke|p1|Torkoal, L50, F|\n|poke|p1|Gardevoir, L50, F|\n|poke|p1|Sinistcha, L50|\n|poke|p1|Basculegion-F, L50, F|\n|poke|p1|Incineroar, L50, F|\n|poke|p1|Aerodactyl, L50, M|\n|poke|p2|Gengar, L50, F|\n|poke|p2|Sableye, L50, F|\n|poke|p2|Incineroar, L50, M|\n|poke|p2|Sneasler, L50, M|\n|poke|p2|Kingambit, L50, M|\n|poke|p2|Sinistcha, L50|\n|teampreview|4\n|\n|t:|1776341817\n|teamsize|p1|4\n|teamsize|p2|4\n|start\n|switch|p1a: Gardevoir|Gardevoir, L50, F|100/100\n|switch|p1b: Basculegion|Basculegion-F, L50, F|100/100\n|switch|p2a: Sableye|Sableye, L50, F|100/100\n|switch|p2b: Gengar|Gengar, L50, F, shiny|100/100\n|-ability|p1a: Gardevoir|Prankster|Trace|[from] ability: Trace|[of] p2a: Sableye\n|turn|1\n|\n|t:|1776341845\n|detailschange|p2b: Gengar|Gengar-Mega, L50, F, shiny\n|-mega|p2b: Gengar|Gengar|Gengarite\n|detailschange|p1a: Gardevoir|Gardevoir-Mega, L50, F\n|-mega|p1a: Gardevoir|Gardevoir|Gardevoirite\n|move|p2b: Gengar|Protect|p2b: Gengar\n|-singleturn|p2b: Gengar|Protect\n|move|p2a: Sableye|Fake Out|p1a: Gardevoir\n|-damage|p1a: Gardevoir|91/100\n|move|p1b: Basculegion|Flip Turn|p2a: Sableye\n|-damage|p2a: Sableye|69/100\n|\n|t:|1776341855\n|switch|p1b: Incineroar|Incineroar, L50, F|100/100|[from] Flip Turn\n|-ability|p1b: Incineroar|Intimidate|boost\n|-unboost|p2a: Sableye|atk|1\n|-unboost|p2b: Gengar|atk|1\n|cant|p1a: Gardevoir|flinch\n|\n|upkeep\n|turn|2\n|\n|t:|1776341875\n|move|p2a: Sableye|Protect|p2a: Sableye\n|-singleturn|p2a: Sableye|Protect\n|move|p1a: Gardevoir|Protect|p1a: Gardevoir\n|-singleturn|p1a: Gardevoir|Protect\n|move|p2b: Gengar|Shadow Ball|p1a: Gardevoir\n|-activate|p1a: Gardevoir|move: Protect\n|move|p1b: Incineroar|Parting Shot|p2b: Gengar\n|-unboost|p2b: Gengar|atk|1\n|-unboost|p2b: Gengar|spa|1\n|\n|t:|1776341884\n|switch|p1b: Basculegion|Basculegion-F, L50, F|100/100|[from] Parting Shot\n|\n|upkeep\n|turn|3\n|j| DEAD_BURG\n|\n|t:|1776341901\n|move|p2b: Gengar|Protect|p2b: Gengar\n|-singleturn|p2b: Gengar|Protect\n|move|p2a: Sableye|Encore|p1a: Gardevoir\n|-start|p1a: Gardevoir|Encore\n|move|p1a: Gardevoir|Protect||[still]\n|-fail|p1a: Gardevoir\n|move|p1b: Basculegion|Flip Turn|p2a: Sableye\n|-damage|p2a: Sableye|34/100\n|\n|t:|1776341908\n|switch|p1b: Incineroar|Incineroar, L50, F|100/100|[from] Flip Turn\n|-ability|p1b: Incineroar|Intimidate|boost\n|-unboost|p2a: Sableye|atk|1\n|-unboost|p2b: Gengar|atk|1\n|\n|upkeep\n|turn|4\n|\n|t:|1776341937\n|switch|p2b: Kingambit|Kingambit, L50, M|100/100\n|switch|p2a: Sneasler|Sneasler, L50, M|100/100\n|move|p1a: Gardevoir|Protect|p1a: Gardevoir\n|-singleturn|p1a: Gardevoir|Protect\n|move|p1b: Incineroar|Darkest Lariat|p2b: Kingambit\n|-resisted|p2b: Kingambit|1\n|-damage|p2b: Kingambit|88/100\n|\n|upkeep\n|turn|5\n|\n|t:|1776341964\n|switch|p1a: Torkoal|Torkoal, L50, F|100/100\n|-weather|SunnyDay|[from] ability: Drought|[of] p1a: Torkoal\n|move|p2a: Sneasler|Close Combat|p1a: Torkoal\n|-damage|p1a: Torkoal|50/100\n|-unboost|p2a: Sneasler|def|1\n|-unboost|p2a: Sneasler|spd|1\n|-enditem|p2a: Sneasler|White Herb\n|-clearnegativeboost|p2a: Sneasler|[silent]\n|move|p1b: Incineroar|Parting Shot|p2a: Sneasler\n|-unboost|p2a: Sneasler|atk|1\n|-unboost|p2a: Sneasler|spa|1\n|\n|t:|1776341978\n|switch|p1b: Gardevoir|Gardevoir-Mega, L50, F|91/100|[from] Parting Shot\n|move|p2b: Kingambit|Kowtow Cleave|p1b: Gardevoir\n|-damage|p1b: Gardevoir|25/100\n|\n|-weather|SunnyDay|[upkeep]\n|upkeep\n|turn|6\n|\n|t:|1776342004\n|move|p1b: Gardevoir|Protect|p1b: Gardevoir\n|-singleturn|p1b: Gardevoir|Protect\n|move|p2b: Kingambit|Protect|p2b: Kingambit\n|-singleturn|p2b: Kingambit|Protect\n|move|p2a: Sneasler|Dire Claw|p1b: Gardevoir\n|-activate|p1b: Gardevoir|move: Protect\n|move|p1a: Torkoal|Weather Ball|p2b: Kingambit\n|-activate|p2b: Kingambit|move: Protect\n|\n|-weather|SunnyDay|[upkeep]\n|upkeep\n|turn|7\n|\n|t:|1776342024\n|switch|p1b: Basculegion|Basculegion-F, L50, F|100/100\n|switch|p2b: Sableye|Sableye, L50, F|34/100\n|move|p2a: Sneasler|Dire Claw|p1b: Basculegion\n|-resisted|p1b: Basculegion|1\n|-damage|p1b: Basculegion|83/100\n|-status|p1b: Basculegion|slp\n|move|p1a: Torkoal|Weather Ball|p2b: Sableye\n|-damage|p2b: Sableye|0 fnt\n|faint|p2b: Sableye\n|\n|-weather|SunnyDay|[upkeep]\n|upkeep\n|\n|t:|1776342037\n|switch|p2b: Gengar|Gengar-Mega, L50, F, shiny|100/100\n|turn|8\n|\n|t:|1776342052\n|switch|p2a: Kingambit|Kingambit, L50, M|88/100\n|cant|p1b: Basculegion|slp\n|move|p2b: Gengar|Shadow Ball|p1a: Torkoal\n|-damage|p1a: Torkoal|0 fnt\n|faint|p1a: Torkoal\n|\n|-weather|SunnyDay|[upkeep]\n|upkeep\n|\n|t:|1776342062\n|switch|p1a: Gardevoir|Gardevoir-Mega, L50, F|25/100\n|turn|9\n|\n|t:|1776342072\n|move|p2a: Kingambit|Sucker Punch|p1b: Basculegion\n|-supereffective|p1b: Basculegion|1\n|-damage|p1b: Basculegion|0 fnt\n|faint|p1b: Basculegion\n|move|p2b: Gengar|Shadow Ball|p1a: Gardevoir\n|-supereffective|p1a: Gardevoir|1\n|-damage|p1a: Gardevoir|0 fnt\n|faint|p1a: Gardevoir\n|\n|-weather|none\n|upkeep\n|-message|tinyyyy forfeited.\n|\n|win|nat4heal\n|raw|tinyyyy's rating: 1403 &rarr; <strong>1386</strong><br />(-17 for losing)\n|raw|nat4heal's rating: 1447 &rarr; <strong>1464</strong><br />(+17 for winning)\n|l|\u2606tinyyyy\n|player|p1|\n|l|\u2606nat4heal\n|player|p2|\n",
  "uploadtime": 1776342085,
  "views": 48,
  "formatid": "gen9championsvgc2026regma",
  "rating": 1386,
  "private": 0,
  "password": null
}