{
  "id": "gen9championsvgc2026regma-2585881119",
  "format": "[Gen 9 Champions] VGC 2026 Reg M-A",
  "players": [
    "evilest twink",
    "i hate you delta"
  ],
  "log": "|j|\u2606evilest twink\n|j|\u2606i hate you delta\n|t:|1776378004\n|gametype|doubles\n|player|p1|evilest twink|jacinthe|1392\n|player|p2|i hate you delta|101|1344\n|gen|9\n|tier|[Gen 9 Champions] VGC 2026 Reg M-A\n|rated|\n|rule|Species Clause: Limit one of each Pok\u00e9mon\n|rule|Item Clause: Limit 1 of each item\n|clearpoke\n|poke|p1|Pelipper, L50, F|\n|poke|p1|Archaludon, L50, M|\n|poke|p1|Basculegion, L50, M|\n|poke|p1|Scovillain, L50, M|\n|poke|p1|Kingambit, L50, F|\n|poke|p1|Sneasler, L50, F|\n|poke|p2|Gengar, L50, F|\n|poke|p2|Whimsicott, L50, M|\n|poke|p2|Charizard, L50, F|\n|poke|p2|Incineroar, L50, M|\n|poke|p2|Garchomp, L50, M|\n|poke|p2|Rotom-Wash, L50|\n|teampreview|4\n|inactive|Battle timer is ON: inactive players will automatically lose when time's up. (requested by i hate you delta)\n|inactive|evilest twink has 60 seconds left.\n|\n|t:|1776378064\n|teamsize|p1|4\n|teamsize|p2|4\n|start\n|switch|p1a: Sneasler|Sneasler, L50, F|100/100\n|switch|p1b: Kingambit|Kingambit, L50, F|100/100\n|switch|p2a: Charizard|Charizard, L50, F|100/100\n|switch|p2b: Garchomp|Garchomp, L50, M|100/100\n|turn|1\n|\n|t:|1776378081\n|move|p2a: Charizard|Protect|p2a: Charizard\n|-singleturn|p2a: Charizard|Protect\n|move|p1a: Sneasler|Fake Out|p2a: Charizard\n|-activate|p2a: Charizard|move: Protect\n|move|p2b: Garchomp|Earthquake|p1b: Kingambit|[spread] p1a,p1b\n|-activate|p2a: Charizard|move: Protect\n|-supereffective|p1a: Sneasler|1\n|-supereffective|p1b: Kingambit|1\n|-damage|p1a: Sneasler|0 fnt\n|-damage|p1b: Kingambit|44/100\n|faint|p1a: Sneasler\n|move|p1b: Kingambit|Swords Dance|p1b: Kingambit\n|-boost|p1b: Kingambit|atk|2\n|\n|upkeep\n|\n|t:|1776378091\n|switch|p1a: Scovillain|Scovillain, L50, M|100/100\n|turn|2\n|\n|t:|1776378102\n|switch|p2a: Rotom|Rotom-Wash, L50|100/100\n|detailschange|p1a: Scovillain|Scovillain-Mega, L50, M\n|-mega|p1a: Scovillain|Scovillain|Scovillainite\n|move|p1b: Kingambit|Protect|p1b: Kingambit\n|-singleturn|p1b: Kingambit|Protect\n|move|p2b: Garchomp|Earthquake|p1b: Kingambit|[spread] p1a\n|-activate|p1b: Kingambit|move: Protect\n|-immune|p2a: Rotom|[from] ability: Levitate\n|-damage|p1a: Scovillain|51/100\n|-status|p2b: Garchomp|brn|[from] ability: Spicy Spray|[of] p1a: Scovillain\n|move|p1a: Scovillain|Energy Ball|p2b: Garchomp\n|-damage|p2b: Garchomp|55/100 brn\n|-unboost|p2b: Garchomp|spd|1\n|\n|-damage|p2b: Garchomp|49/100 brn|[from] brn\n|upkeep\n|turn|3\n|inactive|evilest twink has 30 seconds left.\n|inactive|i hate you delta has 30 seconds left.\n|inactive|evilest twink has 20 seconds left.\n|inactive|i hate you delta has 20 seconds left.\n|inactive|evilest twink has 15 seconds left.\n|inactive|evilest twink has 10 seconds left.\n|\n|t:|1776378148\n|move|p2a: Rotom|Protect|p2a: Rotom\n|-singleturn|p2a: Rotom|Protect\n|move|p1b: Kingambit|Sucker Punch||[still]\n|-fail|p1b: Kingambit\n|move|p2b: Garchomp|Earthquake|p1b: Kingambit|[spread] p1a,p1b\n|-activate|p2a: Rotom|move: Protect\n|-supereffective|p1b: Kingambit|1\n|-damage|p1a: Scovillain|28/100\n|-damage|p1b: Kingambit|15/100\n|move|p1a: Scovillain|Energy Ball|p2b: Garchomp\n|-damage|p2b: Garchomp|0 fnt\n|faint|p2b: Garchomp\n|\n|upkeep\n|\n|t:|1776378159\n|switch|p2b: Incineroar|Incineroar, L50, M|100/100\n|-ability|p2b: Incineroar|Intimidate|boost\n|-unboost|p1a: Scovillain|atk|1\n|-unboost|p1b: Kingambit|atk|1\n|-ability|p1b: Kingambit|Defiant|boost\n|-boost|p1b: Kingambit|atk|2\n|turn|4\n|\n|t:|1776378168\n|switch|p1a: Pelipper|Pelipper, L50, F|100/100\n|-weather|RainDance|[from] ability: Drizzle|[of] p1a: Pelipper\n|move|p1b: Kingambit|Protect|p1b: Kingambit\n|-singleturn|p1b: Kingambit|Protect\n|move|p2b: Incineroar|Fake Out|p1a: Pelipper\n|-damage|p1a: Pelipper|86/100\n|move|p2a: Rotom|Will-O-Wisp|p1b: Kingambit\n|-activate|p1b: Kingambit|move: Protect\n|\n|-weather|RainDance|[upkeep]\n|upkeep\n|turn|5\n|inactive|i hate you delta has 30 seconds left.\n|\n|t:|1776378198\n|move|p1b: Kingambit|Sucker Punch||[still]\n|-fail|p1b: Kingambit\n|move|p1a: Pelipper|Weather Ball|p2b: Incineroar\n|-supereffective|p2b: Incineroar|1\n|-damage|p2b: Incineroar|7/100\n|-enditem|p2b: Incineroar|Sitrus Berry|[eat]\n|-heal|p2b: Incineroar|32/100|[from] item: Sitrus Berry\n|move|p2a: Rotom|Will-O-Wisp|p1b: Kingambit\n|-status|p1b: Kingambit|brn\n|move|p2b: Incineroar|Parting Shot|p1b: Kingambit\n|-unboost|p1b: Kingambit|atk|1\n|-ability|p1b: Kingambit|Defiant|boost\n|-boost|p1b: Kingambit|atk|2\n|-unboost|p1b: Kingambit|spa|1\n|-ability|p1b: Kingambit|Defiant|boost\n|-boost|p1b: Kingambit|atk|2\n|\n|t:|1776378207\n|switch|p2b: Charizard|Charizard, L50, F|100/100|[from] Parting Shot\n|\n|-weather|RainDance|[upkeep]\n|-damage|p1b: Kingambit|10/100 brn|[from] brn\n|upkeep\n|turn|6\n|\n|t:|1776378216\n|move|p2b: Charizard|Protect|p2b: Charizard\n|-singleturn|p2b: Charizard|Protect\n|move|p2a: Rotom|Protect|p2a: Rotom\n|-singleturn|p2a: Rotom|Protect\n|move|p1b: Kingambit|Sucker Punch||[still]\n|-fail|p1b: Kingambit\n|move|p1a: Pelipper|Tailwind|p1a: Pelipper\n|-sidestart|p1: evilest twink|move: Tailwind\n|\n|-weather|RainDance|[upkeep]\n|-damage|p1b: Kingambit|4/100 brn|[from] brn\n|upkeep\n|turn|7\n|inactive|i hate you delta has 30 seconds left.\n|\n|t:|1776378246\n|detailschange|p2b: Charizard|Charizard-Mega-Y, L50, F\n|-mega|p2b: Charizard|Charizard|Charizardite Y\n|-weather|SunnyDay|[from] ability: Drought|[of] p2b: Charizard\n|move|p1a: Pelipper|Wide Guard|p1a: Pelipper\n|-singleturn|p1a: Pelipper|Wide Guard\n|move|p2b: Charizard|Heat Wave|p1b: Kingambit|[spread] \n|-activate|p1a: Pelipper|move: Wide Guard\n|-activate|p1b: Kingambit|move: Wide Guard\n|move|p1b: Kingambit|Kowtow Cleave|p2a: Rotom\n|-damage|p2a: Rotom|0 fnt\n|faint|p2a: Rotom\n|\n|-weather|SunnyDay|[upkeep]\n|-damage|p1b: Kingambit|0 fnt|[from] brn\n|faint|p1b: Kingambit\n|upkeep\n|\n|t:|1776378257\n|switch|p2a: Incineroar|Incineroar, L50, M|32/100\n|switch|p1b: Scovillain|Scovillain-Mega, L50, M|28/100\n|-ability|p2a: Incineroar|Intimidate|boost\n|-unboost|p1a: Pelipper|atk|1\n|-unboost|p1b: Scovillain|atk|1\n|turn|8\n|\n|t:|1776378269\n|move|p1a: Pelipper|Wide Guard|p1a: Pelipper\n|-singleturn|p1a: Pelipper|Wide Guard\n|move|p2a: Incineroar|Fake Out|p1b: Scovillain\n|-damage|p1b: Scovillain|14/100\n|-immune|p2a: Incineroar\n|cant|p1b: Scovillain|flinch\n|move|p2b: Charizard|Solar Beam||[still]\n|-prepare|p2b: Charizard|Solar Beam\n|-anim|p2b: Charizard|Solar Beam|p1a: Pelipper\n|-damage|p1a: Pelipper|3/100\n|\n|-weather|SunnyDay|[upkeep]\n|upkeep\n|turn|9\n|\n|t:|1776378285\n|move|p2b: Charizard|Protect|p2b: Charizard\n|-singleturn|p2b: Charizard|Protect\n|move|p1a: Pelipper|Hurricane|p2b: Charizard\n|-activate|p2b: Charizard|move: Protect\n|move|p1b: Scovillain|Overheat|p2b: Charizard\n|-activate|p2b: Charizard|move: Protect\n|move|p2a: Incineroar|Darkest Lariat|p1b: Scovillain\n|-damage|p1b: Scovillain|0 fnt\n|-immune|p2a: Incineroar\n|faint|p1b: Scovillain\n|\n|-weather|SunnyDay|[upkeep]\n|-sideend|p1: evilest twink|move: Tailwind\n|upkeep\n|turn|10\n|-message|evilest twink forfeited.\n|\n|win|i hate you delta\n|raw|evilest twink's rating: 1392 &rarr; <strong>1369</strong><br />(-23 for losing)\n|raw|i hate you delta's rating: 1344 &rarr; <strong>1367</strong><br />(+23 for winning)\n|l|\u2606evilest twink\n|player|p1|\n",
  "uploadtime": 1776378309,
  "views": 37,
  "formatid": "gen9championsvgc2026regma",
  "rating": 1367,
  "private": 0,
  "password": null
}