{
  "id": "gen9championsvgc2026regma-2586424706",
  "format": "[Gen 9 Champions] VGC 2026 Reg M-A",
  "players": [
    "clementine23",
    "zearu"
  ],
  "log": "|j|\u2606clementine23\n|j|\u2606zearu\n|t:|1776433750\n|gametype|doubles\n|player|p1|clementine23|170|1223\n|player|p2|zearu|169|1141\n|gen|9\n|tier|[Gen 9 Champions] VGC 2026 Reg M-A\n|rated|\n|rule|Species Clause: Limit one of each Pok\u00e9mon\n|rule|Item Clause: Limit 1 of each item\n|clearpoke\n|poke|p1|Venusaur, L50, F|\n|poke|p1|Charizard, L50, M|\n|poke|p1|Aegislash, L50, M|\n|poke|p1|Milotic, L50, F|\n|poke|p1|Tyranitar, L50, F|\n|poke|p1|Whimsicott, L50, F|\n|poke|p2|Sableye, L50, M|\n|poke|p2|Primarina, L50, M|\n|poke|p2|Meganium, L50, M|\n|poke|p2|Basculegion, L50, M|\n|poke|p2|Lucario, L50, M|\n|poke|p2|Sinistcha, L50|\n|teampreview|4\n|inactive|Battle timer is ON: inactive players will automatically lose when time's up. (requested by zearu)\n|inactive|clementine23 has 60 seconds left.\n|\n|t:|1776433814\n|teamsize|p1|4\n|teamsize|p2|4\n|start\n|switch|p1a: Charizard|Charizard, L50, M|100/100\n|switch|p1b: Aegislash|Aegislash, L50, M|100/100\n|switch|p2a: Sableye|Sableye, L50, M|100/100\n|switch|p2b: Primarina|Primarina, L50, M|100/100\n|turn|1\n|\n|t:|1776433836\n|move|p1a: Charizard|Protect|p1a: Charizard\n|-singleturn|p1a: Charizard|Protect\n|move|p2a: Sableye|Rain Dance|p2a: Sableye\n|-weather|RainDance\n|move|p2b: Primarina|Hyper Voice|p1b: Aegislash|[spread] p1b\n|-activate|p1a: Charizard|move: Protect\n|-crit|p1b: Aegislash\n|-damage|p1b: Aegislash|23/100\n|-formechange|p1b: Aegislash|Aegislash-Blade|\n|move|p1b: Aegislash|Shadow Ball|p2a: Sableye\n|-damage|p2a: Sableye|58/100\n|\n|-weather|RainDance|[upkeep]\n|-heal|p1b: Aegislash|29/100|[from] item: Leftovers\n|upkeep\n|turn|2\n|\n|t:|1776433853\n|detailschange|p1a: Charizard|Charizard-Mega-X, L50, M\n|-mega|p1a: Charizard|Charizard|Charizardite X\n|move|p1b: Aegislash|Wide Guard|p1b: Aegislash\n|-singleturn|p1b: Aegislash|Wide Guard\n|move|p2a: Sableye|Encore|p1a: Charizard\n|-start|p1a: Charizard|Encore\n|move|p1a: Charizard|Protect||[still]\n|-fail|p1a: Charizard\n|move|p2b: Primarina|Hyper Voice|p1b: Aegislash|[spread] \n|-activate|p1a: Charizard|move: Wide Guard\n|-activate|p1b: Aegislash|move: Wide Guard\n|\n|-weather|RainDance|[upkeep]\n|-heal|p1b: Aegislash|35/100|[from] item: Leftovers\n|upkeep\n|turn|3\n|\n|t:|1776433872\n|switch|p1a: Milotic|Milotic, L50, F|100/100\n|-formechange|p1b: Aegislash|Aegislash|\n|move|p1b: Aegislash|King's Shield||[still]\n|-fail|p1b: Aegislash\n|move|p2a: Sableye|Encore|p1b: Aegislash\n|-start|p1b: Aegislash|Encore\n|move|p2b: Primarina|Hyper Voice|p1b: Aegislash|[spread] p1a,p1b\n|-resisted|p1a: Milotic|1\n|-damage|p1a: Milotic|77/100\n|-damage|p1b: Aegislash|0 fnt\n|faint|p1b: Aegislash\n|\n|-weather|RainDance|[upkeep]\n|upkeep\n|\n|t:|1776433888\n|switch|p1b: Charizard|Charizard-Mega-X, L50, M|100/100\n|turn|4\n|\n|t:|1776433897\n|move|p1b: Charizard|Protect|p1b: Charizard\n|-singleturn|p1b: Charizard|Protect\n|move|p1a: Milotic|Scald|p2a: Sableye\n|-damage|p2a: Sableye|0 fnt\n|faint|p2a: Sableye\n|move|p2b: Primarina|Hyper Voice|p1b: Charizard|[spread] p1a\n|-activate|p1b: Charizard|move: Protect\n|-resisted|p1a: Milotic|1\n|-damage|p1a: Milotic|50/100\n|-enditem|p1a: Milotic|Sitrus Berry|[eat]\n|-heal|p1a: Milotic|75/100|[from] item: Sitrus Berry\n|\n|-weather|RainDance|[upkeep]\n|upkeep\n|\n|t:|1776433912\n|switch|p2a: Basculegion|Basculegion, L50, M|100/100\n|turn|5\n|\n|t:|1776433922\n|switch|p1a: Tyranitar|Tyranitar, L50, F|100/100\n|-weather|Sandstorm|[from] ability: Sand Stream|[of] p1a: Tyranitar\n|move|p2a: Basculegion|Wave Crash|p1b: Charizard\n|-damage|p1b: Charizard|29/100\n|-damage|p2a: Basculegion|78/100|[from] Recoil\n|move|p1b: Charizard|Will-O-Wisp|p2a: Basculegion\n|-status|p2a: Basculegion|brn\n|move|p2b: Primarina|Hyper Voice|p1a: Tyranitar|[spread] p1a,p1b\n|-supereffective|p1a: Tyranitar|1\n|-damage|p1a: Tyranitar|46/100\n|-damage|p1b: Charizard|0 fnt\n|faint|p1b: Charizard\n|\n|-weather|Sandstorm|[upkeep]\n|-damage|p2a: Basculegion|72/100 brn|[from] Sandstorm\n|-damage|p2b: Primarina|95/100|[from] Sandstorm\n|-damage|p2a: Basculegion|66/100 brn|[from] brn\n|upkeep\n|\n|t:|1776433935\n|switch|p1b: Milotic|Milotic, L50, F|75/100\n|turn|6\n|\n|t:|1776433949\n|move|p1a: Tyranitar|Protect|p1a: Tyranitar\n|-singleturn|p1a: Tyranitar|Protect\n|move|p2a: Basculegion|Wave Crash|p1a: Tyranitar\n|-activate|p1a: Tyranitar|move: Protect\n|move|p1b: Milotic|Life Dew|p1b: Milotic|[spread] p1a,p1b\n|-heal|p1a: Tyranitar|71/100\n|-heal|p1b: Milotic|99/100\n|move|p2b: Primarina|Hyper Voice|p1b: Milotic|[spread] p1b\n|-activate|p1a: Tyranitar|move: Protect\n|-resisted|p1b: Milotic|1\n|-damage|p1b: Milotic|85/100\n|\n|-weather|Sandstorm|[upkeep]\n|-damage|p2a: Basculegion|60/100 brn|[from] Sandstorm\n|-damage|p1b: Milotic|79/100|[from] Sandstorm\n|-damage|p2b: Primarina|89/100|[from] Sandstorm\n|-damage|p2a: Basculegion|54/100 brn|[from] brn\n|upkeep\n|turn|7\n|\n|t:|1776433973\n|move|p2a: Basculegion|Wave Crash|p1a: Tyranitar\n|-supereffective|p1a: Tyranitar|1\n|-damage|p1a: Tyranitar|7/100\n|-damage|p2a: Basculegion|32/100 brn|[from] Recoil\n|move|p1a: Tyranitar|Rock Slide|p2b: Primarina|[spread] p2a,p2b\n|-damage|p2a: Basculegion|0 fnt\n|-damage|p2b: Primarina|53/100\n|faint|p2a: Basculegion\n|move|p1b: Milotic|Life Dew|p1b: Milotic|[spread] p1a,p1b\n|-heal|p1a: Tyranitar|32/100\n|-heal|p1b: Milotic|100/100\n|cant|p2b: Primarina|flinch\n|\n|-weather|Sandstorm|[upkeep]\n|-damage|p1b: Milotic|95/100|[from] Sandstorm\n|-damage|p2b: Primarina|47/100|[from] Sandstorm\n|upkeep\n|\n|t:|1776433990\n|switch|p2a: Meganium|Meganium, L50, M|100/100\n|turn|8\n|inactive|clementine23 has 30 seconds left.\n|\n|t:|1776434020\n|detailschange|p2a: Meganium|Meganium-Mega, L50, M\n|-mega|p2a: Meganium|Meganium|Meganiumite\n|move|p1a: Tyranitar|Rock Slide|p2a: Meganium|[spread] p2a,p2b\n|-damage|p2a: Meganium|73/100\n|-damage|p2b: Primarina|13/100\n|move|p1b: Milotic|Ice Beam|p2a: Meganium\n|-supereffective|p2a: Meganium|1\n|-damage|p2a: Meganium|35/100\n|-status|p2a: Meganium|frz\n|-curestatus|p2a: Meganium|frz|[msg]\n|cant|p2a: Meganium|flinch\n|cant|p2b: Primarina|flinch\n|\n|-weather|Sandstorm|[upkeep]\n|-damage|p1b: Milotic|89/100|[from] Sandstorm\n|-damage|p2a: Meganium|29/100|[from] Sandstorm\n|-damage|p2b: Primarina|7/100|[from] Sandstorm\n|upkeep\n|turn|9\n|\n|t:|1776434040\n|move|p2b: Primarina|Protect|p2b: Primarina\n|-singleturn|p2b: Primarina|Protect\n|move|p1a: Tyranitar|Rock Slide|p2a: Meganium|[spread] p2a\n|-activate|p2b: Primarina|move: Protect\n|-damage|p2a: Meganium|5/100\n|move|p1b: Milotic|Ice Beam|p2a: Meganium\n|-supereffective|p2a: Meganium|1\n|-damage|p2a: Meganium|0 fnt\n|faint|p2a: Meganium\n|\n|-weather|none\n|upkeep\n|turn|10\n|-message|zearu forfeited.\n|\n|win|clementine23\n|raw|clementine23's rating: 1223 &rarr; <strong>1242</strong><br />(+19 for winning)\n|raw|zearu's rating: 1141 &rarr; <strong>1122</strong><br />(-19 for losing)\n|l|\u2606zearu\n|player|p2|\n|c|\u2606clementine23|i m so sorry\n",
  "uploadtime": 1776434065,
  "views": 28,
  "formatid": "gen9championsvgc2026regma",
  "rating": 1122,
  "private": 0,
  "password": null
}