{
  "id": "gen9championsvgc2026regma-2585759877",
  "format": "[Gen 9 Champions] VGC 2026 Reg M-A",
  "players": [
    "Cabra Leso",
    "mendozaurio"
  ],
  "log": "|j|\u2606Cabra Leso\n|j|\u2606mendozaurio\n|t:|1776368667\n|gametype|doubles\n|player|p1|Cabra Leso|elm|1031\n|player|p2|mendozaurio|169|1002\n|gen|9\n|tier|[Gen 9 Champions] VGC 2026 Reg M-A\n|rated|\n|rule|Species Clause: Limit one of each Pok\u00e9mon\n|rule|Item Clause: Limit 1 of each item\n|clearpoke\n|poke|p1|Trevenant, L50, M|\n|poke|p1|Aurorus, L50, F|\n|poke|p1|Ninetales-Alola, L50, M|\n|poke|p1|Tyranitar, L50, M|\n|poke|p1|Garchomp, L50, M|\n|poke|p1|Glimmora, L50, F|\n|poke|p2|Charizard, L50, F|\n|poke|p2|Venusaur, L50, M|\n|poke|p2|Garchomp, L50, M|\n|poke|p2|Incineroar, L50, M|\n|poke|p2|Gardevoir, L50, M|\n|poke|p2|Milotic, L50, F|\n|teampreview|4\n|inactive|Battle timer is ON: inactive players will automatically lose when time's up. (requested by mendozaurio)\n|\n|t:|1776368712\n|teamsize|p1|4\n|teamsize|p2|4\n|start\n|switch|p1a: Ninetales|Ninetales-Alola, L50, M, shiny|100/100\n|switch|p1b: Aurorus|Aurorus, L50, F|100/100\n|switch|p2a: Gardevoir|Gardevoir, L50, M|100/100\n|switch|p2b: Garchomp|Garchomp, L50, M|100/100\n|-weather|Snowscape|[from] ability: Snow Warning|[of] p1a: Ninetales\n|turn|1\n|\n|t:|1776368730\n|move|p2b: Garchomp|Protect|p2b: Garchomp\n|-singleturn|p2b: Garchomp|Protect\n|move|p2a: Gardevoir|Focus Blast|p1b: Aurorus\n|-supereffective|p1b: Aurorus|2\n|-damage|p1b: Aurorus|0 fnt\n|faint|p1b: Aurorus\n|move|p1a: Ninetales|Aurora Veil|p1a: Ninetales\n|-sidestart|p1: Cabra Leso|move: Aurora Veil\n|\n|-weather|Snowscape|[upkeep]\n|upkeep\n|\n|t:|1776368738\n|switch|p1b: Trevenant|Trevenant, L50, M|100/100\n|-item|p2a: Gardevoir|Choice Scarf|[from] ability: Frisk|[of] p1b: Trevenant\n|-item|p2b: Garchomp|Lum Berry|[from] ability: Frisk|[of] p1b: Trevenant\n|turn|2\n|\n|t:|1776368758\n|switch|p2a: Milotic|Milotic, L50, F|100/100\n|switch|p2b: Charizard|Charizard, L50, F|100/100\n|move|p1a: Ninetales|Blizzard|p2a: Milotic|[spread] p2a,p2b\n|-resisted|p2a: Milotic|1\n|-damage|p2a: Milotic|89/100\n|-damage|p2b: Charizard|60/100\n|move|p1b: Trevenant|Destiny Bond|p1b: Trevenant\n|-singlemove|p1b: Trevenant|Destiny Bond\n|\n|-weather|Snowscape|[upkeep]\n|-heal|p2a: Milotic|95/100|[from] item: Leftovers\n|upkeep\n|turn|3\n|\n|t:|1776368777\n|detailschange|p2b: Charizard|Charizard-Mega-Y, L50, F\n|-mega|p2b: Charizard|Charizard|Charizardite Y\n|-weather|SunnyDay|[from] ability: Drought|[of] p2b: Charizard\n|move|p1a: Ninetales|Protect|p1a: Ninetales\n|-singleturn|p1a: Ninetales|Protect\n|move|p2b: Charizard|Heat Wave|p1a: Ninetales|[spread] p1b\n|-activate|p1a: Ninetales|move: Protect\n|-supereffective|p1b: Trevenant|1\n|-enditem|p1b: Trevenant|Occa Berry|[eat]\n|-enditem|p1b: Trevenant|Occa Berry|[weaken]\n|-damage|p1b: Trevenant|59/100\n|move|p2a: Milotic|Icy Wind|p1b: Trevenant|[spread] p1b\n|-activate|p1a: Ninetales|move: Protect\n|-supereffective|p1b: Trevenant|1\n|-damage|p1b: Trevenant|44/100\n|-unboost|p1b: Trevenant|spe|1\n|move|p1b: Trevenant|Wood Hammer|p2a: Milotic\n|-supereffective|p2a: Milotic|1\n|-damage|p2a: Milotic|0 fnt\n|faint|p2a: Milotic\n|-damage|p1b: Trevenant|11/100|[from] Recoil\n|\n|-weather|SunnyDay|[upkeep]\n|upkeep\n|\n|t:|1776368798\n|switch|p2a: Gardevoir|Gardevoir, L50, M|100/100\n|turn|4\n|\n|t:|1776368812\n|switch|p2a: Garchomp|Garchomp, L50, M|100/100\n|switch|p1a: Tyranitar|Tyranitar, L50, M|100/100\n|-weather|Sandstorm|[from] ability: Sand Stream|[of] p1a: Tyranitar\n|move|p2b: Charizard|Heat Wave|p1a: Tyranitar|[spread] p1b\n|-miss|p2b: Charizard|p1a: Tyranitar\n|-supereffective|p1b: Trevenant|1\n|-damage|p1b: Trevenant|0 fnt\n|faint|p1b: Trevenant\n|\n|-weather|Sandstorm|[upkeep]\n|-damage|p2b: Charizard|54/100|[from] Sandstorm\n|upkeep\n|\n|t:|1776368828\n|switch|p1b: Ninetales|Ninetales-Alola, L50, M, shiny|100/100\n|-weather|Snowscape|[from] ability: Snow Warning|[of] p1b: Ninetales\n|turn|5\n|\n|t:|1776368836\n|move|p2b: Charizard|Protect|p2b: Charizard\n|-singleturn|p2b: Charizard|Protect\n|move|p1b: Ninetales|Blizzard|p2b: Charizard|[spread] p2a\n|-activate|p2b: Charizard|move: Protect\n|-supereffective|p2a: Garchomp|2\n|-damage|p2a: Garchomp|0 fnt\n|faint|p2a: Garchomp\n|move|p1a: Tyranitar|Rock Slide|p2b: Charizard\n|-activate|p2b: Charizard|move: Protect\n|\n|-weather|Snowscape|[upkeep]\n|-sideend|p1: Cabra Leso|move: Aurora Veil\n|upkeep\n|\n|t:|1776368843\n|switch|p2a: Gardevoir|Gardevoir, L50, M|100/100\n|turn|6\n|\n|t:|1776368853\n|move|p2a: Gardevoir|Focus Blast|p1a: Tyranitar\n|-supereffective|p1a: Tyranitar|2\n|-damage|p1a: Tyranitar|0 fnt\n|faint|p1a: Tyranitar\n|move|p1b: Ninetales|Aurora Veil|p1b: Ninetales\n|-sidestart|p1: Cabra Leso|move: Aurora Veil\n|move|p2b: Charizard|Heat Wave|p1b: Ninetales\n|-supereffective|p1b: Ninetales|1\n|-damage|p1b: Ninetales|16/100\n|\n|-weather|Snowscape|[upkeep]\n|upkeep\n|turn|7\n|\n|t:|1776368863\n|move|p2a: Gardevoir|Focus Blast|p1b: Ninetales\n|-damage|p1b: Ninetales|0 fnt\n|faint|p1b: Ninetales\n|\n|win|mendozaurio\n|raw|Cabra Leso's rating: 1031 &rarr; <strong>1015</strong><br />(-16 for losing)\n|raw|mendozaurio's rating: 1002 &rarr; <strong>1045</strong><br />(+43 for winning)\n|l|\u2606mendozaurio\n|player|p2|\n",
  "uploadtime": 1776368873,
  "views": 15,
  "formatid": "gen9championsvgc2026regma",
  "rating": 1015,
  "private": 0,
  "password": null
}