{
  "id": "gen9championsvgc2026regma-2583743989",
  "format": "[Gen 9 Champions] VGC 2026 Reg M-A",
  "players": [
    "noogazgiz",
    "benniOVYalt"
  ],
  "log": "|j|\u2606noogazgiz\n|j|\u2606benniOVYalt\n|t:|1776194733\n|gametype|doubles\n|player|p1|noogazgiz|brycen|1318\n|player|p2|benniOVYalt|psychic-gen4|1328\n|gen|9\n|tier|[Gen 9 Champions] VGC 2026 Reg M-A\n|rated|\n|rule|Species Clause: Limit one of each Pok\u00e9mon\n|rule|Item Clause: Limit 1 of each item\n|clearpoke\n|poke|p1|Aerodactyl, L50, M|\n|poke|p1|Floette-Eternal, L50, F|\n|poke|p1|Kingambit, L50, F|\n|poke|p1|Sneasler, L50, F|\n|poke|p1|Incineroar, L50, F|\n|poke|p1|Sinistcha, L50|\n|poke|p2|Tyranitar, L50, M|\n|poke|p2|Garchomp, L50, M|\n|poke|p2|Milotic, L50, F|\n|poke|p2|Incineroar, L50, M|\n|poke|p2|Sinistcha, L50|\n|poke|p2|Aerodactyl, L50, F|\n|teampreview|4\n|inactive|Battle timer is ON: inactive players will automatically lose when time's up. (requested by noogazgiz)\n|c|\u2606benniOVYalt|bruh\n|c|\u2606benniOVYalt|why is everyone running floette\n|inactive|benniOVYalt has 60 seconds left.\n|\n|t:|1776194774\n|teamsize|p1|4\n|teamsize|p2|4\n|start\n|switch|p1a: Aerodactyl|Aerodactyl, L50, M|100/100\n|switch|p1b: Sinistcha|Sinistcha, L50|100/100\n|switch|p2a: Aerodactyl|Aerodactyl, L50, F|100/100\n|switch|p2b: Garchomp|Garchomp, L50, M|100/100\n|-ability|p1a: Aerodactyl|Unnerve\n|-ability|p2a: Aerodactyl|Unnerve\n|turn|1\n|\n|t:|1776194794\n|move|p2a: Aerodactyl|Dual Wingbeat|p1b: Sinistcha\n|-supereffective|p1b: Sinistcha|1\n|-damage|p1b: Sinistcha|72/100\n|-supereffective|p1b: Sinistcha|1\n|-damage|p1b: Sinistcha|47/100\n|-hitcount|p1b: Sinistcha|2\n|move|p1a: Aerodactyl|Tailwind|p1a: Aerodactyl\n|-sidestart|p1: noogazgiz|move: Tailwind\n|move|p1b: Sinistcha|Matcha Gotcha|p2a: Aerodactyl|[spread] p2a,p2b\n|-damage|p2a: Aerodactyl|65/100\n|-heal|p1b: Sinistcha|63/100|[from] drain|[of] p2a: Aerodactyl\n|-damage|p2b: Garchomp|76/100\n|-heal|p1b: Sinistcha|76/100|[from] drain|[of] p2b: Garchomp\n|move|p2b: Garchomp|Dragon Claw|p1b: Sinistcha\n|-damage|p1b: Sinistcha|44/100\n|\n|upkeep\n|turn|2\n|inactive|benniOVYalt has 30 seconds left.\n|\n|t:|1776194821\n|move|p1a: Aerodactyl|Rock Slide|p2b: Garchomp|[spread] p2a,p2b\n|-supereffective|p2a: Aerodactyl|1\n|-resisted|p2b: Garchomp|1\n|-damage|p2a: Aerodactyl|0 fnt\n|-damage|p2b: Garchomp|63/100\n|-enditem|p1b: Sinistcha|Sitrus Berry|[eat]\n|-heal|p1b: Sinistcha|69/100|[from] item: Sitrus Berry\n|faint|p2a: Aerodactyl\n|move|p1b: Sinistcha|Matcha Gotcha|p2b: Garchomp\n|-damage|p2b: Garchomp|27/100\n|-heal|p1b: Sinistcha|87/100|[from] drain|[of] p2b: Garchomp\n|cant|p2b: Garchomp|flinch\n|\n|upkeep\n|\n|t:|1776194826\n|switch|p2a: Tyranitar|Tyranitar, L50, M|100/100\n|-weather|Sandstorm|[from] ability: Sand Stream|[of] p2a: Tyranitar\n|turn|3\n|c|\u2606benniOVYalt|crazy\n|\n|t:|1776194850\n|switch|p2b: Milotic|Milotic, L50, F|100/100\n|detailschange|p2a: Tyranitar|Tyranitar-Mega, L50, M\n|-mega|p2a: Tyranitar|Tyranitar|Tyranitarite\n|move|p1a: Aerodactyl|Protect|p1a: Aerodactyl\n|-singleturn|p1a: Aerodactyl|Protect\n|move|p1b: Sinistcha|Matcha Gotcha|p2b: Milotic|[spread] p2a\n|-miss|p1b: Sinistcha|p2b: Milotic\n|-supereffective|p2a: Tyranitar|1\n|-damage|p2a: Tyranitar|73/100\n|-heal|p1b: Sinistcha|100/100|[from] drain|[of] p2a: Tyranitar\n|move|p2a: Tyranitar|Rock Slide|p1a: Aerodactyl|[spread] p1b\n|-activate|p1a: Aerodactyl|move: Protect\n|-damage|p1b: Sinistcha|74/100\n|\n|-weather|Sandstorm|[upkeep]\n|-damage|p1b: Sinistcha|68/100|[from] Sandstorm\n|-damage|p2b: Milotic|95/100|[from] Sandstorm\n|-heal|p2b: Milotic|100/100|[from] item: Leftovers\n|upkeep\n|turn|4\n|\n|t:|1776194867\n|move|p1a: Aerodactyl|Rock Slide|p2a: Tyranitar|[spread] p2a,p2b\n|-damage|p2a: Tyranitar|55/100\n|-damage|p2b: Milotic|79/100\n|move|p1b: Sinistcha|Matcha Gotcha|p2a: Tyranitar|[spread] p2a,p2b\n|-supereffective|p2a: Tyranitar|1\n|-supereffective|p2b: Milotic|1\n|-damage|p2a: Tyranitar|28/100\n|-heal|p1b: Sinistcha|82/100|[from] drain|[of] p2a: Tyranitar\n|-damage|p2b: Milotic|44/100\n|-heal|p1b: Sinistcha|100/100|[from] drain|[of] p2b: Milotic\n|-status|p2b: Milotic|brn\n|cant|p2a: Tyranitar|flinch\n|move|p2b: Milotic|Icy Wind|p1a: Aerodactyl|[spread] p1b\n|-miss|p2b: Milotic|p1a: Aerodactyl\n|-supereffective|p1b: Sinistcha|1\n|-damage|p1b: Sinistcha|75/100\n|-unboost|p1b: Sinistcha|spe|1\n|\n|-weather|Sandstorm|[upkeep]\n|-damage|p1b: Sinistcha|69/100|[from] Sandstorm\n|-damage|p2b: Milotic|38/100 brn|[from] Sandstorm\n|-heal|p2b: Milotic|44/100 brn|[from] item: Leftovers\n|-damage|p2b: Milotic|38/100 brn|[from] brn\n|-sideend|p1: noogazgiz|move: Tailwind\n|upkeep\n|turn|5\n|c|\u2606benniOVYalt|fuck this bs\n|-message|benniOVYalt forfeited.\n|\n|win|noogazgiz\n|raw|noogazgiz's rating: 1318 &rarr; <strong>1339</strong><br />(+21 for winning)\n|raw|benniOVYalt's rating: 1328 &rarr; <strong>1307</strong><br />(-21 for losing)\n|l|\u2606benniOVYalt\n|player|p2|\n",
  "uploadtime": 1776194941,
  "views": 49,
  "formatid": "gen9championsvgc2026regma",
  "rating": 1307,
  "private": 0,
  "password": null
}