{
  "id": "gen9championsvgc2026regma-2587618414",
  "format": "[Gen 9 Champions] VGC 2026 Reg M-A",
  "players": [
    "Lapoc",
    "appatheboppa"
  ],
  "log": "|j|\u2606Lapoc\n|j|\u2606appatheboppa\n|t:|1776547463\n|gametype|doubles\n|player|p1|Lapoc|169|1040\n|player|p2|appatheboppa|rocketgrunt|1071\n|gen|9\n|tier|[Gen 9 Champions] VGC 2026 Reg M-A\n|rated|\n|rule|Species Clause: Limit one of each Pok\u00e9mon\n|rule|Item Clause: Limit 1 of each item\n|clearpoke\n|poke|p1|Dragonite, L50, M|\n|poke|p1|Pelipper, L50, F|\n|poke|p1|Basculegion, L50, M|\n|poke|p1|Sneasler, L50, F|\n|poke|p1|Incineroar, L50, M|\n|poke|p1|Kingambit, L50, M|\n|poke|p2|Blastoise, L50, M|\n|poke|p2|Talonflame, L50, M, shiny|\n|poke|p2|Garchomp, L50, M|\n|poke|p2|Sinistcha, L50, shiny|\n|poke|p2|Sylveon, L50, F, shiny|\n|poke|p2|Kingambit, L50, M, shiny|\n|teampreview|4\n|\n|t:|1776547490\n|teamsize|p1|4\n|teamsize|p2|4\n|start\n|switch|p1a: Pelipper|Pelipper, L50, F|100/100\n|switch|p1b: Incineroar|Incineroar, L50, M|100/100\n|switch|p2a: Blastoise|Blastoise, L50, M|100/100\n|switch|p2b: Talonflame|Talonflame, L50, M, shiny|100/100\n|-ability|p1b: Incineroar|Intimidate|boost\n|-unboost|p2a: Blastoise|atk|1\n|-unboost|p2b: Talonflame|atk|1\n|-weather|RainDance|[from] ability: Drizzle|[of] p1a: Pelipper\n|turn|1\n|\n|t:|1776547512\n|move|p2b: Talonflame|U-turn|p1a: Pelipper\n|-resisted|p1a: Pelipper|1\n|-damage|p1a: Pelipper|96/100\n|\n|t:|1776547516\n|switch|p2b: Sinistcha|Sinistcha, L50, shiny|100/100|[from] U-turn\n|move|p2a: Blastoise|Water Spout|p1a: Pelipper|[spread] p1a,p1b\n|-resisted|p1a: Pelipper|1\n|-supereffective|p1b: Incineroar|1\n|-damage|p1a: Pelipper|47/100\n|-damage|p1b: Incineroar|0 fnt\n|faint|p1b: Incineroar\n|move|p1a: Pelipper|Tailwind|p1a: Pelipper\n|-sidestart|p1: Lapoc|move: Tailwind\n|\n|-weather|RainDance|[upkeep]\n|upkeep\n|\n|t:|1776547527\n|switch|p1b: Dragonite|Dragonite, L50, M|100/100\n|turn|2\n|\n|t:|1776547569\n|detailschange|p1b: Dragonite|Dragonite-Mega, L50, M\n|-mega|p1b: Dragonite|Dragonite|Dragoninite\n|detailschange|p2a: Blastoise|Blastoise-Mega, L50, M\n|-mega|p2a: Blastoise|Blastoise|Blastoisinite\n|move|p2a: Blastoise|Protect|p2a: Blastoise\n|-singleturn|p2a: Blastoise|Protect\n|move|p1b: Dragonite|Dragon Dance|p1b: Dragonite\n|-boost|p1b: Dragonite|atk|1\n|-boost|p1b: Dragonite|spe|1\n|move|p1a: Pelipper|Roost|p1a: Pelipper\n|-heal|p1a: Pelipper|98/100\n|-singleturn|p1a: Pelipper|move: Roost\n|move|p2b: Sinistcha|Matcha Gotcha|p1b: Dragonite|[spread] p1a,p1b\n|-supereffective|p1a: Pelipper|1\n|-resisted|p1b: Dragonite|2\n|-damage|p1a: Pelipper|15/100\n|-damage|p1b: Dragonite|98/100\n|\n|-weather|RainDance|[upkeep]\n|upkeep\n|turn|3\n|\n|t:|1776547618\n|move|p1a: Pelipper|Protect|p1a: Pelipper\n|-singleturn|p1a: Pelipper|Protect\n|move|p1b: Dragonite|Ice Punch|p2b: Sinistcha\n|-supereffective|p2b: Sinistcha|1\n|-damage|p2b: Sinistcha|33/100\n|-enditem|p2b: Sinistcha|Sitrus Berry|[eat]\n|-heal|p2b: Sinistcha|58/100|[from] item: Sitrus Berry\n|move|p2a: Blastoise|Water Spout|p1a: Pelipper|[spread] p1b\n|-activate|p1a: Pelipper|move: Protect\n|-resisted|p1b: Dragonite|1\n|-damage|p1b: Dragonite|52/100\n|move|p2b: Sinistcha|Matcha Gotcha|p1b: Dragonite|[spread] p1b\n|-activate|p1a: Pelipper|move: Protect\n|-resisted|p1b: Dragonite|2\n|-damage|p1b: Dragonite|47/100\n|-heal|p2b: Sinistcha|60/100|[from] drain|[of] p1b: Dragonite\n|\n|-weather|RainDance|[upkeep]\n|upkeep\n|turn|4\n|\n|t:|1776547664\n|switch|p2b: Garchomp|Garchomp, L50, M|100/100\n|move|p1b: Dragonite|Ice Punch|p2b: Garchomp\n|-supereffective|p2b: Garchomp|2\n|-damage|p2b: Garchomp|0 fnt\n|faint|p2b: Garchomp\n|move|p1a: Pelipper|Roost|p1a: Pelipper\n|-heal|p1a: Pelipper|65/100\n|-singleturn|p1a: Pelipper|move: Roost\n|move|p2a: Blastoise|Hydro Pump|p1b: Dragonite\n|-resisted|p1b: Dragonite|1\n|-damage|p1b: Dragonite|7/100\n|\n|-weather|RainDance|[upkeep]\n|-sideend|p1: Lapoc|move: Tailwind\n|upkeep\n|\n|t:|1776547676\n|switch|p2b: Talonflame|Talonflame, L50, M, shiny|100/100\n|turn|5\n|\n|t:|1776547702\n|move|p1b: Dragonite|Ice Punch|p2a: Blastoise\n|-resisted|p2a: Blastoise|1\n|-damage|p2a: Blastoise|81/100\n|move|p2b: Talonflame|Rain Dance||[still]\n|-fail|p2b: Talonflame\n|move|p2a: Blastoise|Water Spout|p1b: Dragonite|[spread] p1a,p1b\n|-resisted|p1a: Pelipper|1\n|-resisted|p1b: Dragonite|1\n|-damage|p1a: Pelipper|14/100\n|-damage|p1b: Dragonite|0 fnt\n|faint|p1b: Dragonite\n|move|p1a: Pelipper|Tailwind|p1a: Pelipper\n|-sidestart|p1: Lapoc|move: Tailwind\n|\n|-weather|none\n|upkeep\n|\n|t:|1776547715\n|switch|p1b: Sneasler|Sneasler, L50, F|100/100\n|turn|6\n|\n|t:|1776547755\n|move|p1b: Sneasler|Dire Claw|p2a: Blastoise\n|-damage|p2a: Blastoise|38/100\n|-status|p2a: Blastoise|par\n|move|p2b: Talonflame|Rain Dance|p2b: Talonflame\n|-weather|RainDance\n|move|p1a: Pelipper|Hurricane|p2a: Blastoise\n|-damage|p2a: Blastoise|0 fnt\n|faint|p2a: Blastoise\n|\n|-weather|RainDance|[upkeep]\n|upkeep\n|\n|t:|1776547765\n|switch|p2a: Sinistcha|Sinistcha, L50, shiny|60/100\n|turn|7\n|\n|t:|1776547777\n|move|p1b: Sneasler|Dire Claw|p2a: Sinistcha\n|-damage|p2a: Sinistcha|24/100\n|move|p2b: Talonflame|Flamethrower|p1b: Sneasler\n|-damage|p1b: Sneasler|83/100\n|-status|p1b: Sneasler|brn\n|move|p1a: Pelipper|Roost|p1a: Pelipper\n|-heal|p1a: Pelipper|64/100\n|-singleturn|p1a: Pelipper|move: Roost\n|move|p2a: Sinistcha|Matcha Gotcha|p1a: Pelipper|[spread] p1a,p1b\n|-supereffective|p1a: Pelipper|1\n|-resisted|p1b: Sneasler|1\n|-damage|p1a: Pelipper|0 fnt\n|-heal|p2a: Sinistcha|54/100|[from] drain|[of] p1a: Pelipper\n|-damage|p1b: Sneasler|63/100 brn\n|-heal|p2a: Sinistcha|63/100|[from] drain|[of] p1b: Sneasler\n|faint|p1a: Pelipper\n|\n|-weather|RainDance|[upkeep]\n|-damage|p1b: Sneasler|57/100 brn|[from] brn\n|upkeep\n|turn|8\n|\n|t:|1776547803\n|move|p2b: Talonflame|Protect|p2b: Talonflame\n|-singleturn|p2b: Talonflame|Protect\n|move|p1b: Sneasler|Dire Claw|p2a: Sinistcha\n|-damage|p2a: Sinistcha|46/100\n|move|p2a: Sinistcha|Shadow Ball|p1b: Sneasler\n|-damage|p1b: Sneasler|11/100 brn\n|\n|-weather|RainDance|[upkeep]\n|-damage|p1b: Sneasler|5/100 brn|[from] brn\n|-sideend|p1: Lapoc|move: Tailwind\n|upkeep\n|turn|9\n|\n|t:|1776547816\n|move|p2b: Talonflame|U-turn|p1b: Sneasler\n|-resisted|p1b: Sneasler|2\n|-damage|p1b: Sneasler|0 fnt\n|faint|p1b: Sneasler\n|\n|win|appatheboppa\n|raw|Lapoc's rating: 1040 &rarr; <strong>1025</strong><br />(-15 for losing)\n|raw|appatheboppa's rating: 1071 &rarr; <strong>1098</strong><br />(+27 for winning)\n|l|\u2606Lapoc\n|player|p1|\n",
  "uploadtime": 1776547901,
  "views": 14,
  "formatid": "gen9championsvgc2026regma",
  "rating": 1025,
  "private": 0,
  "password": null
}