{
  "id": "gen9championsvgc2026regma-2587269756",
  "format": "[Gen 9 Champions] VGC 2026 Reg M-A",
  "players": [
    "zhi1",
    "jaybiz01"
  ],
  "log": "|j|\u2606zhi1\n|j|\u2606jaybiz01\n|t:|1776516648\n|gametype|doubles\n|player|p1|zhi1|170|1058\n|player|p2|jaybiz01|veteran|1000\n|gen|9\n|tier|[Gen 9 Champions] VGC 2026 Reg M-A\n|rated|\n|rule|Species Clause: Limit one of each Pok\u00e9mon\n|rule|Item Clause: Limit 1 of each item\n|clearpoke\n|poke|p1|Froslass, L50, F|\n|poke|p1|Crabominable, L50, M|\n|poke|p1|Sinistcha, L50|\n|poke|p1|Slowking-Galar, L50, F|\n|poke|p1|Talonflame, L50, M|\n|poke|p1|Tauros-Paldea-Aqua, L50, M|\n|poke|p2|Aggron, L50, M|\n|poke|p2|Meganium, L50, F|\n|poke|p2|Dragapult, L50, F, shiny|\n|poke|p2|Greninja, L50, M, shiny|\n|poke|p2|Corviknight, L50, M, shiny|\n|poke|p2|Arcanine, L50, F|\n|teampreview|4\n|\n|t:|1776516702\n|teamsize|p1|4\n|teamsize|p2|4\n|start\n|switch|p1a: Slowking|Slowking-Galar, L50, F|100/100\n|switch|p1b: Talonflame|Talonflame, L50, M|100/100\n|switch|p2a: Aggron|Aggron, L50, M|100/100\n|switch|p2b: Arcanine|Arcanine, L50, F|100/100\n|-ability|p2b: Arcanine|Intimidate|boost\n|-unboost|p1a: Slowking|atk|1\n|-unboost|p1b: Talonflame|atk|1\n|turn|1\n|\n|t:|1776516728\n|detailschange|p2a: Aggron|Aggron-Mega, L50, M\n|-mega|p2a: Aggron|Aggron|Aggronite\n|move|p1b: Talonflame|U-turn|p2b: Arcanine\n|-resisted|p2b: Arcanine|1\n|-damage|p2b: Arcanine|92/100\n|\n|t:|1776516743\n|switch|p1b: Crabominable|Crabominable, L50, M|100/100|[from] U-turn\n|move|p2b: Arcanine|Wild Charge|p1b: Crabominable\n|-damage|p1b: Crabominable|69/100\n|-damage|p2b: Arcanine|83/100|[from] Recoil\n|-heal|p2b: Arcanine|87/100|[from] item: Shell Bell|[of] p1b: Crabominable\n|move|p2a: Aggron|Stealth Rock|p1b: Crabominable\n|-sidestart|p1: zhi1|move: Stealth Rock\n|move|p1a: Slowking|Trick Room|p1a: Slowking\n|-fieldstart|move: Trick Room|[of] p1a: Slowking\n|\n|upkeep\n|turn|2\n|\n|t:|1776516769\n|detailschange|p1b: Crabominable|Crabominable-Mega, L50, M\n|-mega|p1b: Crabominable|Crabominable|Crabominite\n|-prepare|p1a: Slowking|Chilly Reception|[premajor]\n|move|p1a: Slowking|Chilly Reception|p1a: Slowking\n|-weather|Snowscape\n|\n|t:|1776516777\n|switch|p1a: Sinistcha|Sinistcha, L50|100/100|[from] Chilly Reception\n|-damage|p1a: Sinistcha|88/100|[from] Stealth Rock\n|-heal|p1b: Crabominable|94/100|[from] ability: Hospitality|[of] p1a: Sinistcha\n|move|p1b: Crabominable|Rock Slide|p2a: Aggron|[spread] p2a,p2b\n|-resisted|p2a: Aggron|1\n|-crit|p2a: Aggron\n|-supereffective|p2b: Arcanine|1\n|-damage|p2a: Aggron|90/100\n|-damage|p2b: Arcanine|18/100\n|cant|p2a: Aggron|flinch\n|move|p2b: Arcanine|Flare Blitz|p1b: Crabominable\n|-supereffective|p1b: Crabominable|1\n|-damage|p1b: Crabominable|38/100\n|-status|p1b: Crabominable|brn\n|-damage|p2b: Arcanine|0 fnt|[from] Recoil\n|faint|p2b: Arcanine\n|\n|-weather|Snowscape|[upkeep]\n|-damage|p1b: Crabominable|32/100 brn|[from] brn\n|upkeep\n|\n|t:|1776516801\n|switch|p2b: Dragapult|Dragapult, L50, F, shiny|100/100\n|turn|3\n|\n|t:|1776516816\n|move|p2a: Aggron|Protect|p2a: Aggron\n|-singleturn|p2a: Aggron|Protect\n|move|p1a: Sinistcha|Rage Powder|p1a: Sinistcha\n|-singleturn|p1a: Sinistcha|move: Rage Powder\n|move|p2b: Dragapult|Sucker Punch||[still]\n|-fail|p2b: Dragapult\n|move|p1b: Crabominable|Ice Hammer|p2b: Dragapult\n|-supereffective|p2b: Dragapult|1\n|-damage|p2b: Dragapult|0 fnt\n|-unboost|p1b: Crabominable|spe|1\n|faint|p2b: Dragapult\n|\n|-weather|Snowscape|[upkeep]\n|-damage|p1b: Crabominable|26/100 brn|[from] brn\n|upkeep\n|\n|t:|1776516827\n|switch|p2b: Corviknight|Corviknight, L50, M, shiny|100/100\n|turn|4\n|\n|t:|1776516838\n|move|p1b: Crabominable|Ice Hammer|p2b: Corviknight\n|-damage|p2b: Corviknight|72/100\n|-unboost|p1b: Crabominable|spe|1\n|move|p1a: Sinistcha|Matcha Gotcha|p2a: Aggron|[spread] p2a,p2b\n|-resisted|p2a: Aggron|1\n|-resisted|p2b: Corviknight|2\n|-damage|p2a: Aggron|74/100\n|-heal|p1a: Sinistcha|95/100|[from] drain|[of] p2a: Aggron\n|-damage|p2b: Corviknight|67/100\n|-heal|p1a: Sinistcha|97/100|[from] drain|[of] p2b: Corviknight\n|move|p2b: Corviknight|Body Press|p1b: Crabominable\n|-supereffective|p1b: Crabominable|1\n|-damage|p1b: Crabominable|0 fnt\n|faint|p1b: Crabominable\n|move|p2a: Aggron|Avalanche|p1a: Sinistcha\n|-supereffective|p1a: Sinistcha|1\n|-damage|p1a: Sinistcha|29/100\n|\n|-weather|Snowscape|[upkeep]\n|upkeep\n|\n|t:|1776516856\n|switch|p1b: Slowking|Slowking-Galar, L50, F|100/100\n|-damage|p1b: Slowking|88/100|[from] Stealth Rock\n|turn|5\n|\n|t:|1776516868\n|move|p1b: Slowking|Blizzard|p2a: Aggron|[spread] p2a,p2b\n|-resisted|p2a: Aggron|1\n|-damage|p2a: Aggron|59/100\n|-damage|p2b: Corviknight|50/100\n|move|p1a: Sinistcha|Matcha Gotcha|p2b: Corviknight|[spread] p2a,p2b\n|-resisted|p2a: Aggron|1\n|-resisted|p2b: Corviknight|2\n|-damage|p2a: Aggron|43/100\n|-heal|p1a: Sinistcha|35/100|[from] drain|[of] p2a: Aggron\n|-damage|p2b: Corviknight|44/100\n|-heal|p1a: Sinistcha|38/100|[from] drain|[of] p2b: Corviknight\n|move|p2b: Corviknight|Light Screen|p2b: Corviknight\n|-sidestart|p2: jaybiz01|move: Light Screen\n|move|p2a: Aggron|Avalanche|p1a: Sinistcha\n|-supereffective|p1a: Sinistcha|1\n|-damage|p1a: Sinistcha|0 fnt\n|faint|p1a: Sinistcha\n|\n|-weather|Snowscape|[upkeep]\n|-fieldend|move: Trick Room\n|upkeep\n|\n|t:|1776516882\n|switch|p1a: Talonflame|Talonflame, L50, M|100/100\n|-damage|p1a: Talonflame|51/100|[from] Stealth Rock\n|turn|6\n|\n|t:|1776516899\n|move|p1a: Talonflame|Protect|p1a: Talonflame\n|-singleturn|p1a: Talonflame|Protect\n|move|p2a: Aggron|Protect|p2a: Aggron\n|-singleturn|p2a: Aggron|Protect\n|move|p2b: Corviknight|Reflect|p2b: Corviknight\n|-sidestart|p2: jaybiz01|Reflect\n|move|p1b: Slowking|Blizzard|p2b: Corviknight|[spread] p2b\n|-activate|p2a: Aggron|move: Protect\n|-damage|p2b: Corviknight|31/100\n|\n|-weather|none\n|upkeep\n|turn|7\n|\n|t:|1776516915\n|move|p1a: Talonflame|Brave Bird|p2b: Corviknight\n|-resisted|p2b: Corviknight|1\n|-damage|p2b: Corviknight|20/100\n|-damage|p1a: Talonflame|46/100|[from] Recoil\n|move|p2b: Corviknight|Body Press|p1b: Slowking\n|-resisted|p1b: Slowking|2\n|-damage|p1b: Slowking|82/100\n|move|p2a: Aggron|Avalanche|p1a: Talonflame\n|-damage|p1a: Talonflame|11/100\n|move|p1b: Slowking|Trick Room|p1b: Slowking\n|-fieldstart|move: Trick Room|[of] p1b: Slowking\n|\n|upkeep\n|turn|8\n|\n|t:|1776516936\n|move|p2a: Aggron|Protect|p2a: Aggron\n|-singleturn|p2a: Aggron|Protect\n|move|p1a: Talonflame|Protect|p1a: Talonflame\n|-singleturn|p1a: Talonflame|Protect\n|-prepare|p1b: Slowking|Chilly Reception|[premajor]\n|move|p1b: Slowking|Chilly Reception|p1b: Slowking\n|-weather|Snowscape\n|move|p2b: Corviknight|Body Press|p1a: Talonflame\n|-activate|p1a: Talonflame|move: Protect\n|\n|-weather|Snowscape|[upkeep]\n|upkeep\n|turn|9\n|\n|t:|1776516950\n|move|p1b: Slowking|Blizzard|p2b: Corviknight|[spread] p2a,p2b\n|-resisted|p2a: Aggron|1\n|-damage|p2a: Aggron|32/100\n|-damage|p2b: Corviknight|7/100\n|move|p2b: Corviknight|Body Press|p1b: Slowking\n|-resisted|p1b: Slowking|2\n|-crit|p1b: Slowking\n|-damage|p1b: Slowking|71/100\n|move|p1a: Talonflame|Brave Bird|p2a: Aggron\n|-resisted|p2a: Aggron|1\n|-damage|p2a: Aggron|25/100\n|-damage|p1a: Talonflame|8/100|[from] Recoil\n|move|p2a: Aggron|Avalanche|p1a: Talonflame\n|-damage|p1a: Talonflame|0 fnt\n|faint|p1a: Talonflame\n|\n|-weather|Snowscape|[upkeep]\n|-sideend|p2: jaybiz01|move: Light Screen\n|upkeep\n|turn|10\n|\n|t:|1776516970\n|move|p1b: Slowking|Blizzard|p2a: Aggron|[spread] p2a,p2b\n|-resisted|p2a: Aggron|1\n|-damage|p2a: Aggron|11/100\n|-damage|p2b: Corviknight|0 fnt\n|faint|p2b: Corviknight\n|move|p2a: Aggron|Avalanche|p1b: Slowking\n|-damage|p1b: Slowking|22/100\n|\n|-weather|Snowscape|[upkeep]\n|-sideend|p2: jaybiz01|Reflect\n|upkeep\n|turn|11\n|\n|t:|1776516985\n|move|p2a: Aggron|Protect|p2a: Aggron\n|-singleturn|p2a: Aggron|Protect\n|move|p1b: Slowking|Blizzard|p2a: Aggron\n|-activate|p2a: Aggron|move: Protect\n|\n|-weather|Snowscape|[upkeep]\n|-fieldend|move: Trick Room\n|upkeep\n|turn|12\n|\n|t:|1776516994\n|move|p1b: Slowking|Blizzard|p2a: Aggron\n|-resisted|p2a: Aggron|1\n|-damage|p2a: Aggron|0 fnt\n|faint|p2a: Aggron\n|\n|win|zhi1\n|raw|zhi1's rating: 1058 &rarr; <strong>1084</strong><br />(+26 for winning)\n|raw|jaybiz01's rating: 1000 &rarr; <strong>1000</strong><br />(+0 for losing)\n|c|\u2606jaybiz01|gg\n",
  "uploadtime": 1776516999,
  "views": 23,
  "formatid": "gen9championsvgc2026regma",
  "rating": 1000,
  "private": 0,
  "password": null
}