{
  "id": "gen9championsvgc2026regma-2582550960",
  "format": "[Gen 9 Champions] VGC 2026 Reg M-A",
  "players": [
    "Yashinon",
    "Leu_vgc"
  ],
  "log": "|j|\u2606Yashinon\n|j|\u2606Leu_vgc\n|t:|1776098826\n|gametype|doubles\n|player|p1|Yashinon|266|1215\n|player|p2|Leu_vgc|acetrainer|1290\n|gen|9\n|tier|[Gen 9 Champions] VGC 2026 Reg M-A\n|rated|\n|rule|Species Clause: Limit one of each Pok\u00e9mon\n|rule|Item Clause: Limit 1 of each item\n|clearpoke\n|poke|p1|Gengar, L50, F|\n|poke|p1|Incineroar, L50, F|\n|poke|p1|Politoed, L50, F|\n|poke|p1|Archaludon, L50, F|\n|poke|p1|Sinistcha-Masterpiece, L50|\n|poke|p1|Primarina, L50, F|\n|poke|p2|Charizard, L50, F|\n|poke|p2|Venusaur, L50, M|\n|poke|p2|Garchomp, L50, M|\n|poke|p2|Rotom-Wash, L50|\n|poke|p2|Sneasler, L50, M|\n|poke|p2|Incineroar, L50, F|\n|teampreview|4\n|\n|t:|1776098878\n|teamsize|p1|4\n|teamsize|p2|4\n|start\n|switch|p1a: Primarina|Primarina, L50, F|100/100\n|switch|p1b: Politoed|Politoed, L50, F|100/100\n|switch|p2a: Rotom|Rotom-Wash, L50, shiny|100/100\n|switch|p2b: Sneasler|Sneasler, L50, M, shiny|100/100\n|-weather|RainDance|[from] ability: Drizzle|[of] p1b: Politoed\n|turn|1\n|\n|t:|1776098905\n|switch|p1b: Sinistcha|Sinistcha-Masterpiece, L50|100/100\n|move|p2b: Sneasler|Close Combat|p1a: Primarina\n|-resisted|p1a: Primarina|1\n|-damage|p1a: Primarina|63/100\n|-unboost|p2b: Sneasler|def|1\n|-unboost|p2b: Sneasler|spd|1\n|-enditem|p2b: Sneasler|White Herb\n|-clearnegativeboost|p2b: Sneasler|[silent]\n|move|p2a: Rotom|Thunderbolt|p1a: Primarina\n|-supereffective|p1a: Primarina|1\n|-damage|p1a: Primarina|0 fnt\n|faint|p1a: Primarina\n|\n|-weather|RainDance|[upkeep]\n|upkeep\n|\n|t:|1776098923\n|switch|p1a: Gengar|Gengar, L50, F|100/100\n|turn|2\n|j| torrentepresidente\n|\n|t:|1776098935\n|detailschange|p1a: Gengar|Gengar-Mega, L50, F\n|-mega|p1a: Gengar|Gengar|Gengarite\n|move|p2b: Sneasler|Dire Claw|p1b: Sinistcha\n|-damage|p1b: Sinistcha|65/100\n|move|p1a: Gengar|Shadow Ball|p2b: Sneasler\n|-damage|p2b: Sneasler|43/100\n|move|p2a: Rotom|Hydro Pump|p1a: Gengar\n|-damage|p1a: Gengar|23/100\n|move|p1b: Sinistcha|Matcha Gotcha|p2a: Rotom|[spread] p2a,p2b\n|-supereffective|p2a: Rotom|1\n|-resisted|p2b: Sneasler|1\n|-damage|p2a: Rotom|53/100\n|-heal|p1b: Sinistcha|85/100|[from] drain|[of] p2a: Rotom\n|-damage|p2b: Sneasler|26/100\n|-heal|p1b: Sinistcha|93/100|[from] drain|[of] p2b: Sneasler\n|-status|p2a: Rotom|brn\n|\n|-weather|RainDance|[upkeep]\n|-heal|p2a: Rotom|59/100 brn|[from] item: Leftovers\n|-damage|p2a: Rotom|53/100 brn|[from] brn\n|upkeep\n|turn|3\n|\n|t:|1776098965\n|switch|p1a: Politoed|Politoed, L50, F|100/100\n|move|p2b: Sneasler|Rock Tomb|p1a: Politoed\n|-damage|p1a: Politoed|82/100\n|-unboost|p1a: Politoed|spe|1\n|move|p2a: Rotom|Will-O-Wisp|p1b: Sinistcha\n|-status|p1b: Sinistcha|brn\n|move|p1b: Sinistcha|Matcha Gotcha|p2b: Sneasler|[spread] p2a,p2b\n|-supereffective|p2a: Rotom|1\n|-resisted|p2b: Sneasler|1\n|-damage|p2a: Rotom|2/100 brn\n|-heal|p1b: Sinistcha|100/100 brn|[from] drain|[of] p2a: Rotom\n|-damage|p2b: Sneasler|9/100\n|\n|-weather|RainDance|[upkeep]\n|-heal|p2a: Rotom|8/100 brn|[from] item: Leftovers\n|-damage|p2a: Rotom|2/100 brn|[from] brn\n|-damage|p1b: Sinistcha|94/100 brn|[from] brn\n|upkeep\n|turn|4\n|\n|t:|1776099000\n|switch|p2b: Venusaur|Venusaur, L50, M, shiny|100/100\n|move|p1b: Sinistcha|Rage Powder|p1b: Sinistcha\n|-singleturn|p1b: Sinistcha|move: Rage Powder\n|move|p2a: Rotom|Volt Switch|p1b: Sinistcha\n|-resisted|p1b: Sinistcha|1\n|-damage|p1b: Sinistcha|79/100 brn\n|\n|t:|1776099007\n|switch|p2a: Sneasler|Sneasler, L50, M, shiny|9/100|[from] Volt Switch\n|move|p1a: Politoed|Weather Ball|p2b: Venusaur\n|-resisted|p2b: Venusaur|1\n|-damage|p2b: Venusaur|76/100\n|\n|-weather|RainDance|[upkeep]\n|-damage|p1b: Sinistcha|73/100 brn|[from] brn\n|upkeep\n|turn|5\n|\n|t:|1776099027\n|switch|p1a: Gengar|Gengar-Mega, L50, F|23/100\n|move|p2a: Sneasler|Fake Out|p1a: Gengar\n|-immune|p1a: Gengar\n|move|p2b: Venusaur|Sludge Bomb|p1b: Sinistcha\n|-damage|p1b: Sinistcha|25/100 brn\n|move|p1b: Sinistcha|Matcha Gotcha|p2a: Sneasler|[spread] p2a,p2b\n|-resisted|p2a: Sneasler|1\n|-resisted|p2b: Venusaur|2\n|-damage|p2a: Sneasler|0 fnt\n|-heal|p1b: Sinistcha|29/100 brn|[from] drain|[of] p2a: Sneasler\n|-damage|p2b: Venusaur|71/100\n|-heal|p1b: Sinistcha|32/100 brn|[from] drain|[of] p2b: Venusaur\n|faint|p2a: Sneasler\n|\n|-weather|none\n|-damage|p1b: Sinistcha|26/100 brn|[from] brn\n|upkeep\n|\n|t:|1776099035\n|switch|p2a: Charizard|Charizard, L50, F, shiny|100/100\n|turn|6\n|\n|t:|1776099074\n|detailschange|p2a: Charizard|Charizard-Mega-Y, L50, F, shiny\n|-mega|p2a: Charizard|Charizard|Charizardite Y\n|-weather|SunnyDay|[from] ability: Drought|[of] p2a: Charizard\n|move|p1a: Gengar|Protect|p1a: Gengar\n|-singleturn|p1a: Gengar|Protect\n|move|p1b: Sinistcha|Protect|p1b: Sinistcha\n|-singleturn|p1b: Sinistcha|Protect\n|move|p2b: Venusaur|Sleep Powder|p1a: Gengar\n|-activate|p1a: Gengar|move: Protect\n|move|p2a: Charizard|Heat Wave|p1a: Gengar|[spread] \n|-activate|p1a: Gengar|move: Protect\n|-activate|p1b: Sinistcha|move: Protect\n|\n|-weather|SunnyDay|[upkeep]\n|-damage|p1b: Sinistcha|20/100 brn|[from] brn\n|upkeep\n|turn|7\n|\n|t:|1776099119\n|switch|p1a: Politoed|Politoed, L50, F|82/100\n|-weather|RainDance|[from] ability: Drizzle|[of] p1a: Politoed\n|move|p2a: Charizard|Weather Ball|p1a: Politoed\n|-resisted|p1a: Politoed|1\n|-damage|p1a: Politoed|59/100\n|move|p2b: Venusaur|Leaf Storm|p1b: Sinistcha\n|-resisted|p1b: Sinistcha|1\n|-damage|p1b: Sinistcha|0 fnt\n|-unboost|p2b: Venusaur|spa|2\n|faint|p1b: Sinistcha\n|\n|-weather|RainDance|[upkeep]\n|upkeep\n|\n|t:|1776099134\n|switch|p1b: Gengar|Gengar-Mega, L50, F|23/100\n|turn|8\n|\n|t:|1776099144\n|move|p2a: Charizard|Protect|p2a: Charizard\n|-singleturn|p2a: Charizard|Protect\n|move|p1b: Gengar|Shadow Ball|p2a: Charizard\n|-activate|p2a: Charizard|move: Protect\n|move|p2b: Venusaur|Sleep Powder|p1b: Gengar\n|-status|p1b: Gengar|slp|[from] move: Sleep Powder\n|move|p1a: Politoed|Weather Ball|p2a: Charizard\n|-activate|p2a: Charizard|move: Protect\n|\n|-weather|RainDance|[upkeep]\n|upkeep\n|turn|9\n|-message|Yashinon forfeited.\n|\n|win|Leu_vgc\n|raw|Yashinon's rating: 1215 &rarr; <strong>1195</strong><br />(-20 for losing)\n|raw|Leu_vgc's rating: 1290 &rarr; <strong>1310</strong><br />(+20 for winning)\n|l|\u2606Yashinon\n|player|p1|\n",
  "uploadtime": 1776099155,
  "views": 28,
  "formatid": "gen9championsvgc2026regma",
  "rating": 1195,
  "private": 0,
  "password": null
}