{
  "id": "gen9championsvgc2026regma-2584803545",
  "format": "[Gen 9 Champions] VGC 2026 Reg M-A",
  "players": [
    "ULT_violet",
    "Pinkirbs"
  ],
  "log": "|j|\u2606ULT_violet\n|j|\u2606Pinkirbs\n|t:|1776284835\n|gametype|doubles\n|player|p1|ULT_violet|veteran|1046\n|player|p2|Pinkirbs|skier|1072\n|gen|9\n|tier|[Gen 9 Champions] VGC 2026 Reg M-A\n|rated|\n|rule|Species Clause: Limit one of each Pok\u00e9mon\n|rule|Item Clause: Limit 1 of each item\n|clearpoke\n|poke|p1|Pelipper, L50, M|\n|poke|p1|Archaludon, L50, F|\n|poke|p1|Sneasler, L50, M|\n|poke|p1|Dragonite, L50, F|\n|poke|p1|Sinistcha-Masterpiece, L50|\n|poke|p1|Basculegion, L50, M|\n|poke|p2|Sneasler, L50, M|\n|poke|p2|Arcanine-Hisui, L50, M|\n|poke|p2|Kingambit, L50, M|\n|poke|p2|Palafin, L50, F|\n|poke|p2|Clefable, L50, F|\n|poke|p2|Froslass, L50, F|\n|teampreview|4\n|\n|t:|1776284858\n|teamsize|p1|4\n|teamsize|p2|4\n|start\n|switch|p1a: The boy|Sneasler, L50, M, shiny|100/100\n|switch|p1b: Gulosinho|Pelipper, L50, M, shiny|100/100\n|switch|p2a: Sneasler|Sneasler, L50, M|100/100\n|switch|p2b: Kingambit|Kingambit, L50, M, shiny|100/100\n|-weather|RainDance|[from] ability: Drizzle|[of] p1b: Gulosinho\n|turn|1\n|\n|t:|1776284876\n|move|p2a: Sneasler|Fake Out|p1a: The boy\n|-damage|p1a: The boy|81/100\n|cant|p1a: The boy|flinch\n|move|p1b: Gulosinho|Tailwind|p1b: Gulosinho\n|-sidestart|p1: ULT_violet|move: Tailwind\n|move|p2b: Kingambit|Swords Dance|p2b: Kingambit\n|-boost|p2b: Kingambit|atk|2\n|\n|-weather|RainDance|[upkeep]\n|upkeep\n|turn|2\n|\n|t:|1776284901\n|move|p2a: Sneasler|Protect|p2a: Sneasler\n|-singleturn|p2a: Sneasler|Protect\n|move|p2b: Kingambit|Sucker Punch|p1a: The boy\n|-resisted|p1a: The boy|1\n|-damage|p1a: The boy|15/100\n|move|p1a: The boy|U-turn|p2b: Kingambit\n|-damage|p2b: Kingambit|83/100\n|\n|t:|1776284911\n|switch|p1a: Golden Gate|Archaludon, L50, F|100/100|[from] U-turn\n|move|p1b: Gulosinho|Hurricane|p2a: Sneasler\n|-activate|p2a: Sneasler|move: Protect\n|\n|-weather|RainDance|[upkeep]\n|upkeep\n|turn|3\n|\n|t:|1776284968\n|move|p2b: Kingambit|Protect|p2b: Kingambit\n|-singleturn|p2b: Kingambit|Protect\n|move|p1b: Gulosinho|Hurricane|p2a: Sneasler\n|-supereffective|p2a: Sneasler|1\n|-enditem|p2a: Sneasler|Focus Sash\n|-damage|p2a: Sneasler|1/100\n|move|p2a: Sneasler|Close Combat|p1a: Golden Gate\n|-supereffective|p1a: Golden Gate|1\n|-damage|p1a: Golden Gate|6/100\n|-unboost|p2a: Sneasler|def|1\n|-unboost|p2a: Sneasler|spd|1\n|-ability|p1a: Golden Gate|Stamina|boost\n|-boost|p1a: Golden Gate|def|1\n|move|p1a: Golden Gate|Electro Shot||[still]\n|-prepare|p1a: Golden Gate|Electro Shot\n|-boost|p1a: Golden Gate|spa|1\n|-anim|p1a: Golden Gate|Electro Shot|p2b: Kingambit\n|-activate|p2b: Kingambit|move: Protect\n|\n|-weather|RainDance|[upkeep]\n|upkeep\n|turn|4\n|\n|t:|1776284995\n|switch|p2a: Clefable|Clefable, L50, F|100/100\n|move|p2b: Kingambit|Sucker Punch||[still]\n|-fail|p2b: Kingambit\n|move|p1b: Gulosinho|Hurricane|p2a: Clefable\n|-damage|p2a: Clefable|57/100\n|-start|p2a: Clefable|confusion\n|move|p1a: Golden Gate|Rest|p1a: Golden Gate\n|-status|p1a: Golden Gate|slp|[from] move: Rest\n|-heal|p1a: Golden Gate|100/100 slp|[silent]\n|-enditem|p1a: Golden Gate|Chesto Berry|[eat]\n|-curestatus|p1a: Golden Gate|slp|[msg]\n|\n|-weather|RainDance|[upkeep]\n|-sideend|p1: ULT_violet|move: Tailwind\n|upkeep\n|turn|5\n|\n|t:|1776285032\n|switch|p1a: The boy|Sneasler, L50, M, shiny|15/100\n|-activate|p2a: Clefable|confusion\n|move|p2a: Clefable|Follow Me|p2a: Clefable\n|-singleturn|p2a: Clefable|move: Follow Me\n|move|p1b: Gulosinho|Tailwind|p1b: Gulosinho\n|-sidestart|p1: ULT_violet|move: Tailwind\n|move|p2b: Kingambit|Swords Dance|p2b: Kingambit\n|-boost|p2b: Kingambit|atk|2\n|\n|-weather|none\n|upkeep\n|turn|6\n|\n|t:|1776285058\n|switch|p1b: Erva mate do gury|Sinistcha-Masterpiece, L50, shiny|100/100\n|-heal|p1a: The boy|40/100|[from] ability: Hospitality|[of] p1b: Erva mate do gury\n|-activate|p2a: Clefable|confusion\n|move|p2a: Clefable|Protect|p2a: Clefable\n|-singleturn|p2a: Clefable|Protect\n|move|p2b: Kingambit|Protect|p2b: Kingambit\n|-singleturn|p2b: Kingambit|Protect\n|move|p1a: The boy|Close Combat|p2b: Kingambit\n|-activate|p2b: Kingambit|move: Protect\n|\n|upkeep\n|turn|7\n|\n|t:|1776285078\n|-end|p2a: Clefable|confusion\n|move|p2a: Clefable|Follow Me|p2a: Clefable\n|-singleturn|p2a: Clefable|move: Follow Me\n|move|p2b: Kingambit|Sucker Punch|p1a: The boy\n|-resisted|p1a: The boy|1\n|-damage|p1a: The boy|0 fnt\n|faint|p1a: The boy\n|move|p1b: Erva mate do gury|Life Dew||[still]\n|-fail|p1b: Erva mate do gury|heal\n|\n|upkeep\n|\n|t:|1776285090\n|switch|p1a: Gulosinho|Pelipper, L50, M, shiny|100/100\n|-weather|RainDance|[from] ability: Drizzle|[of] p1a: Gulosinho\n|turn|8\n|\n|t:|1776285104\n|move|p2a: Clefable|Protect|p2a: Clefable\n|-singleturn|p2a: Clefable|Protect\n|move|p2b: Kingambit|Protect|p2b: Kingambit\n|-singleturn|p2b: Kingambit|Protect\n|move|p1b: Erva mate do gury|Matcha Gotcha|p2b: Kingambit|[spread] \n|-activate|p2a: Clefable|move: Protect\n|-activate|p2b: Kingambit|move: Protect\n|move|p1a: Gulosinho|Tailwind||[still]\n|-fail|p1a: Gulosinho\n|\n|-weather|RainDance|[upkeep]\n|-sideend|p1: ULT_violet|move: Tailwind\n|upkeep\n|turn|9\n|\n|t:|1776285153\n|switch|p1a: Golden Gate|Archaludon, L50, F|100/100\n|move|p1b: Erva mate do gury|Matcha Gotcha|p2a: Clefable|[spread] p2b\n|-miss|p1b: Erva mate do gury|p2a: Clefable\n|-resisted|p2b: Kingambit|1\n|-damage|p2b: Kingambit|66/100\n|move|p2a: Clefable|Thunder Wave|p1a: Golden Gate\n|-status|p1a: Golden Gate|par\n|move|p2b: Kingambit|Kowtow Cleave|p1b: Erva mate do gury\n|-supereffective|p1b: Erva mate do gury|1\n|-damage|p1b: Erva mate do gury|0 fnt\n|faint|p1b: Erva mate do gury\n|\n|-weather|RainDance|[upkeep]\n|upkeep\n|\n|t:|1776285171\n|switch|p1b: Gulosinho|Pelipper, L50, M, shiny|100/100\n|turn|10\n|\n|t:|1776285203\n|move|p2a: Clefable|Follow Me|p2a: Clefable\n|-singleturn|p2a: Clefable|move: Follow Me\n|move|p1b: Gulosinho|Hurricane|p2a: Clefable\n|-damage|p2a: Clefable|16/100\n|-enditem|p2a: Clefable|Sitrus Berry|[eat]\n|-heal|p2a: Clefable|41/100|[from] item: Sitrus Berry\n|move|p2b: Kingambit|Kowtow Cleave|p1a: Golden Gate\n|-damage|p1a: Golden Gate|0 fnt\n|faint|p1a: Golden Gate\n|\n|-weather|RainDance|[upkeep]\n|upkeep\n|turn|11\n|-message|ULT_violet forfeited.\n|\n|win|Pinkirbs\n|raw|ULT_violet's rating: 1046 &rarr; <strong>1030</strong><br />(-16 for losing)\n|raw|Pinkirbs's rating: 1072 &rarr; <strong>1099</strong><br />(+27 for winning)\n|l|\u2606ULT_violet\n|player|p1|\n",
  "uploadtime": 1776285231,
  "views": 19,
  "formatid": "gen9championsvgc2026regma",
  "rating": 1030,
  "private": 0,
  "password": null
}