{
  "id": "gen9championsvgc2026regma-2580610927",
  "format": "[Gen 9 Champions] VGC 2026 Reg M-A",
  "players": [
    "Venomzito",
    "Mahmoud09"
  ],
  "log": "|j|\u2606Venomzito\n|j|\u2606Mahmoud09\n|t:|1775917905\n|gametype|doubles\n|player|p1|Venomzito|benga|1080\n|player|p2|Mahmoud09|blackbelt|1060\n|gen|9\n|tier|[Gen 9 Champions] VGC 2026 Reg M-A\n|rated|\n|rule|Species Clause: Limit one of each Pok\u00e9mon\n|rule|Item Clause: Limit 1 of each item\n|clearpoke\n|poke|p1|Slowking-Galar, L50, F|\n|poke|p1|Pelipper, L50, F|\n|poke|p1|Archaludon, L50, M|\n|poke|p1|Chesnaught, L50, F|\n|poke|p1|Arcanine-Hisui, L50, M|\n|poke|p1|Farigiraf, L50, F|\n|poke|p2|Alakazam, L50, F|\n|poke|p2|Maushold, L50|\n|poke|p2|Meowstic, L50, M|\n|poke|p2|Aegislash, L50, F|\n|poke|p2|Clefable, L50, M|\n|poke|p2|Passimian, L50, M|\n|teampreview|4\n|inactive|Battle timer is ON: inactive players will automatically lose when time's up. (requested by Mahmoud09)\n|inactive|Venomzito has 60 seconds left.\n|inactive|Venomzito has 30 seconds left.\n|inactive|Venomzito has 20 seconds left.\n|inactive|Venomzito has 15 seconds left.\n|inactive|Venomzito has 10 seconds left.\n|\n|t:|1775917989\n|teamsize|p1|4\n|teamsize|p2|4\n|start\n|switch|p1a: Farigiraf|Farigiraf, L50, F|100/100\n|switch|p1b: Arcanine|Arcanine-Hisui, L50, M|100/100\n|switch|p2a: Alakazam|Alakazam, L50, F|100/100\n|switch|p2b: Meowstic|Meowstic, L50, M|100/100\n|-ability|p1b: Arcanine|Intimidate|boost\n|-fail|p2a: Alakazam|unboost|Attack|[from] ability: Inner Focus|[of] p2a: Alakazam\n|-unboost|p2b: Meowstic|atk|1\n|turn|1\n|\n|t:|1775918008\n|move|p2a: Alakazam|Protect|p2a: Alakazam\n|-singleturn|p2a: Alakazam|Protect\n|move|p2b: Meowstic|Psychic Terrain|p2b: Meowstic\n|-fieldstart|move: Psychic Terrain\n|move|p1b: Arcanine|Flare Blitz|p2b: Meowstic\n|-crit|p2b: Meowstic\n|-damage|p2b: Meowstic|0 fnt\n|faint|p2b: Meowstic\n|-damage|p1b: Arcanine|70/100|[from] Recoil\n|move|p1a: Farigiraf|Trick Room|p1a: Farigiraf\n|-fieldstart|move: Trick Room|[of] p1a: Farigiraf\n|\n|upkeep\n|\n|t:|1775918017\n|switch|p2b: Maushold|Maushold, L50|100/100\n|turn|2\n|\n|t:|1775918024\n|detailschange|p2a: Alakazam|Alakazam-Mega, L50, F\n|-mega|p2a: Alakazam|Alakazam|Alakazite\n|-ability|p2a: Alakazam|Armor Tail|Trace|[from] ability: Trace|[of] p1a: Farigiraf\n|move|p1a: Farigiraf|Helping Hand|p1b: Arcanine\n|-singleturn|p1b: Arcanine|Helping Hand|[of] p1a: Farigiraf\n|move|p2b: Maushold|Follow Me|p2b: Maushold\n|-singleturn|p2b: Maushold|move: Follow Me\n|move|p1b: Arcanine|Rock Slide|p2b: Maushold|[spread] p2b\n|-miss|p1b: Arcanine|p2a: Alakazam\n|-damage|p2b: Maushold|57/100\n|move|p2a: Alakazam|Expanding Force|p1a: Farigiraf|[spread] p1a,p1b\n|-resisted|p1a: Farigiraf|1\n|-damage|p1a: Farigiraf|63/100\n|-damage|p1b: Arcanine|0 fnt\n|faint|p1b: Arcanine\n|\n|upkeep\n|\n|t:|1775918033\n|switch|p1b: Archaludon|Archaludon, L50, M|100/100\n|turn|3\n|\n|t:|1775918047\n|switch|p1a: Pelipper|Pelipper, L50, F|100/100\n|-weather|RainDance|[from] ability: Drizzle|[of] p1a: Pelipper\n|move|p2b: Maushold|Follow Me|p2b: Maushold\n|-singleturn|p2b: Maushold|move: Follow Me\n|move|p1b: Archaludon|Electro Shot||[still]\n|-prepare|p1b: Archaludon|Electro Shot\n|-boost|p1b: Archaludon|spa|1\n|-anim|p1b: Archaludon|Electro Shot|p2b: Maushold\n|-damage|p2b: Maushold|0 fnt\n|faint|p2b: Maushold\n|move|p2a: Alakazam|Expanding Force|p1a: Pelipper|[spread] p1a,p1b\n|-resisted|p1b: Archaludon|1\n|-enditem|p1a: Pelipper|Focus Sash\n|-damage|p1a: Pelipper|1/100\n|-damage|p1b: Archaludon|55/100\n|-ability|p1b: Archaludon|Stamina|boost\n|-boost|p1b: Archaludon|def|1\n|\n|-weather|RainDance|[upkeep]\n|-heal|p1b: Archaludon|61/100|[from] item: Leftovers\n|upkeep\n|\n|t:|1775918061\n|switch|p2b: Aegislash|Aegislash, L50, F|100/100\n|turn|4\n|inactive|Mahmoud09 has 30 seconds left.\n|\n|t:|1775918089\n|move|p2a: Alakazam|Protect|p2a: Alakazam\n|-singleturn|p2a: Alakazam|Protect\n|-formechange|p2b: Aegislash|Aegislash-Blade|\n|move|p2b: Aegislash|Close Combat|p1b: Archaludon\n|-supereffective|p1b: Archaludon|1\n|-damage|p1b: Archaludon|14/100\n|-unboost|p2b: Aegislash|def|1\n|-unboost|p2b: Aegislash|spd|1\n|-ability|p1b: Archaludon|Stamina|boost\n|-boost|p1b: Archaludon|def|1\n|move|p1a: Pelipper|Weather Ball|p2b: Aegislash\n|-damage|p2b: Aegislash|0 fnt\n|faint|p2b: Aegislash\n|move|p1b: Archaludon|Electro Shot||[still]\n|-prepare|p1b: Archaludon|Electro Shot\n|-boost|p1b: Archaludon|spa|1\n|-anim|p1b: Archaludon|Electro Shot|p2a: Alakazam\n|-activate|p2a: Alakazam|move: Protect\n|\n|-weather|RainDance|[upkeep]\n|-heal|p1b: Archaludon|20/100|[from] item: Leftovers\n|upkeep\n|turn|5\n|\n|t:|1775918105\n|move|p2a: Alakazam|Protect||[still]\n|-fail|p2a: Alakazam\n|move|p1a: Pelipper|Weather Ball|p2a: Alakazam\n|-damage|p2a: Alakazam|7/100\n|move|p1b: Archaludon|Electro Shot||[still]\n|-prepare|p1b: Archaludon|Electro Shot\n|-boost|p1b: Archaludon|spa|1\n|-anim|p1b: Archaludon|Electro Shot|p2a: Alakazam\n|-damage|p2a: Alakazam|0 fnt\n|faint|p2a: Alakazam\n|\n|win|Venomzito\n|raw|Venomzito's rating: 1080 &rarr; <strong>1106</strong><br />(+26 for winning)\n|raw|Mahmoud09's rating: 1060 &rarr; <strong>1042</strong><br />(-18 for losing)\n",
  "uploadtime": 1775918113,
  "views": 20,
  "formatid": "gen9championsvgc2026regma",
  "rating": 1042,
  "private": 0,
  "password": null
}