{
  "id": "gen9championsvgc2026regma-2583794081",
  "format": "[Gen 9 Champions] VGC 2026 Reg M-A",
  "players": [
    "WaluigiVGC",
    "Gustavo027"
  ],
  "log": "|j|\u2606WaluigiVGC\n|j|\u2606Gustavo027\n|t:|1776198170\n|gametype|doubles\n|player|p1|WaluigiVGC|266|1125\n|player|p2|Gustavo027|102|1148\n|gen|9\n|tier|[Gen 9 Champions] VGC 2026 Reg M-A\n|rated|\n|rule|Species Clause: Limit one of each Pok\u00e9mon\n|rule|Item Clause: Limit 1 of each item\n|clearpoke\n|poke|p1|Archaludon, L50, F|\n|poke|p1|Pelipper, L50, M|\n|poke|p1|Sneasler, L50, M|\n|poke|p1|Incineroar, L50, F|\n|poke|p1|Basculegion, L50, M|\n|poke|p1|Gengar, L50, F|\n|poke|p2|Orthworm, L50, F|\n|poke|p2|Incineroar, L50, F|\n|poke|p2|Froslass, L50, F|\n|poke|p2|Basculegion, L50, M|\n|poke|p2|Rotom-Frost, L50|\n|poke|p2|Garchomp, L50, F|\n|teampreview|4\n|\n|t:|1776198204\n|teamsize|p1|4\n|teamsize|p2|4\n|start\n|switch|p1a: Sneasler|Sneasler, L50, M|100/100\n|switch|p1b: Basculegion|Basculegion, L50, M|100/100\n|switch|p2a: Basculegion|Basculegion, L50, M|100/100\n|switch|p2b: Rotom|Rotom-Frost, L50|100/100\n|turn|1\n|\n|t:|1776198239\n|switch|p1b: Archaludon|Archaludon, L50, F|100/100\n|move|p1a: Sneasler|Protect|p1a: Sneasler\n|-singleturn|p1a: Sneasler|Protect\n|move|p2b: Rotom|Protect|p2b: Rotom\n|-singleturn|p2b: Rotom|Protect\n|move|p2a: Basculegion|Last Respects|p1b: Archaludon\n|-damage|p1b: Archaludon|78/100\n|-ability|p1b: Archaludon|Stamina|boost\n|-boost|p1b: Archaludon|def|1\n|\n|-heal|p1b: Archaludon|84/100|[from] item: Leftovers\n|upkeep\n|turn|2\n|\n|t:|1776198259\n|switch|p2a: Orthworm|Orthworm, L50, F|100/100\n|switch|p1a: Pelipper|Pelipper, L50, M|100/100\n|-weather|RainDance|[from] ability: Drizzle|[of] p1a: Pelipper\n|move|p1b: Archaludon|Electro Shot||[still]\n|-prepare|p1b: Archaludon|Electro Shot\n|-boost|p1b: Archaludon|spa|1\n|-anim|p1b: Archaludon|Electro Shot|p2a: Orthworm\n|-damage|p2a: Orthworm|33/100\n|-enditem|p2a: Orthworm|Sitrus Berry|[eat]\n|-heal|p2a: Orthworm|58/100|[from] item: Sitrus Berry\n|move|p2b: Rotom|Blizzard|p1b: Archaludon|[spread] p1a,p1b\n|-damage|p1a: Pelipper|21/100\n|-damage|p1b: Archaludon|31/100\n|-ability|p1b: Archaludon|Stamina|boost\n|-boost|p1b: Archaludon|def|1\n|\n|-weather|RainDance|[upkeep]\n|-heal|p1b: Archaludon|37/100|[from] item: Leftovers\n|upkeep\n|turn|3\n|\n|t:|1776198298\n|move|p1a: Pelipper|Protect|p1a: Pelipper\n|-singleturn|p1a: Pelipper|Protect\n|move|p1b: Archaludon|Flash Cannon|p2b: Rotom\n|-damage|p2b: Rotom|36/100\n|move|p2b: Rotom|Thunderbolt|p1a: Pelipper\n|-activate|p1a: Pelipper|move: Protect\n|move|p2a: Orthworm|Shed Tail|p2a: Orthworm\n|-start|p2a: Orthworm|Substitute|[from] move: Shed Tail\n|-damage|p2a: Orthworm|7/100\n|\n|t:|1776198308\n|switch|p2a: Froslass|Froslass, L50, F|100/100|[from] Shed Tail\n|\n|-weather|RainDance|[upkeep]\n|-heal|p1b: Archaludon|43/100|[from] item: Leftovers\n|upkeep\n|turn|4\n|\n|t:|1776198328\n|switch|p1a: Sneasler|Sneasler, L50, M|100/100\n|detailschange|p2a: Froslass|Froslass-Mega, L50, F\n|-mega|p2a: Froslass|Froslass|Froslassite\n|-weather|Snowscape|[from] ability: Snow Warning|[of] p2a: Froslass\n|move|p2a: Froslass|Blizzard|p1a: Sneasler|[spread] p1a,p1b\n|-damage|p1a: Sneasler|34/100\n|-damage|p1b: Archaludon|0 fnt\n|-status|p1a: Sneasler|frz\n|faint|p1b: Archaludon\n|move|p2b: Rotom|Blizzard|p1a: Sneasler\n|-damage|p1a: Sneasler|0 fnt\n|faint|p1a: Sneasler\n|\n|-weather|Snowscape|[upkeep]\n|upkeep\n|\n|t:|1776198345\n|switch|p1a: Pelipper|Pelipper, L50, M|21/100\n|switch|p1b: Basculegion|Basculegion, L50, M|100/100\n|-weather|RainDance|[from] ability: Drizzle|[of] p1a: Pelipper\n|turn|5\n|\n|t:|1776198362\n|move|p1b: Basculegion|Last Respects|p2b: Rotom\n|-damage|p2b: Rotom|0 fnt\n|faint|p2b: Rotom\n|move|p2a: Froslass|Shadow Ball|p1b: Basculegion\n|-supereffective|p1b: Basculegion|1\n|-damage|p1b: Basculegion|0 fnt\n|faint|p1b: Basculegion\n|move|p1a: Pelipper|Weather Ball|p2a: Froslass\n|-end|p2a: Froslass|Substitute\n|\n|-weather|RainDance|[upkeep]\n|upkeep\n|\n|t:|1776198377\n|switch|p2b: Basculegion|Basculegion, L50, M|100/100\n|turn|6\n|\n|t:|1776198389\n|move|p2b: Basculegion|Last Respects|p1a: Pelipper\n|-damage|p1a: Pelipper|0 fnt\n|faint|p1a: Pelipper\n|\n|win|Gustavo027\n|raw|WaluigiVGC's rating: 1125 &rarr; <strong>1102</strong><br />(-23 for losing)\n|raw|Gustavo027's rating: 1148 &rarr; <strong>1171</strong><br />(+23 for winning)\n",
  "uploadtime": 1776198395,
  "views": 16,
  "formatid": "gen9championsvgc2026regma",
  "rating": 1102,
  "private": 0,
  "password": null
}