{
  "id": "gen9championsvgc2026regma-2580740756",
  "format": "[Gen 9 Champions] VGC 2026 Reg M-A",
  "players": [
    "yuriimon",
    "thunderbolt2799"
  ],
  "log": "|j|\u2606yuriimon\n|j|\u2606thunderbolt2799\n|t:|1775928644\n|gametype|doubles\n|player|p1|yuriimon|waitress-gen4|1104\n|player|p2|thunderbolt2799|benga|1072\n|gen|9\n|tier|[Gen 9 Champions] VGC 2026 Reg M-A\n|rated|\n|rule|Species Clause: Limit one of each Pok\u00e9mon\n|rule|Item Clause: Limit 1 of each item\n|clearpoke\n|poke|p1|Feraligatr, L50, M|\n|poke|p1|Gallade, L50, M|\n|poke|p1|Politoed, L50, M|\n|poke|p1|Raichu, L50, F|\n|poke|p1|Arcanine-Hisui, L50, F|\n|poke|p1|Clefable, L50, F|\n|poke|p2|Starmie, L50|\n|poke|p2|Sinistcha, L50|\n|poke|p2|Pelipper, L50, F|\n|poke|p2|Archaludon, L50, M|\n|poke|p2|Basculegion, L50, M|\n|poke|p2|Pikachu, L50, F|\n|teampreview|4\n|inactive|Battle timer is ON: inactive players will automatically lose when time's up. (requested by yuriimon)\nthunderbolt2799 rejected open team sheets.\n|\n|t:|1775928665\n|teamsize|p1|4\n|teamsize|p2|4\n|start\n|switch|p1a: Raichu|Raichu, L50, F|100/100\n|switch|p1b: Gallade|Gallade, L50, M|100/100\n|switch|p2a: Pikachu|Pikachu, L50, F|100/100\n|switch|p2b: Starmie|Starmie, L50|100/100\n|turn|1\n|\n|t:|1775928678\n|switch|p2b: Archaludon|Archaludon, L50, M|100/100\n|move|p1a: Raichu|Upper Hand|p2a: Pikachu\n|-damage|p2a: Pikachu|57/100\n|cant|p2a: Pikachu|flinch\n|move|p1b: Gallade|Trick Room|p1b: Gallade\n|-fieldstart|move: Trick Room|[of] p1b: Gallade\n|\n|upkeep\n|turn|2\n|inactive|yuriimon has 30 seconds left.\n|inactive|thunderbolt2799 has 30 seconds left.\n|inactive|thunderbolt2799 has 20 seconds left.\n|inactive|thunderbolt2799 has 15 seconds left.\n|\n|t:|1775928720\n|switch|p2a: Sinistcha|Sinistcha, L50|100/100\n|move|p1b: Gallade|Sacred Sword|p2b: Archaludon\n|-supereffective|p2b: Archaludon|1\n|-damage|p2b: Archaludon|0 fnt\n|faint|p2b: Archaludon\n|move|p1a: Raichu|Volt Switch|p2a: Sinistcha\n|-resisted|p2a: Sinistcha|1\n|-damage|p2a: Sinistcha|91/100\n|\n|t:|1775928734\n|switch|p1a: Feraligatr|Feraligatr, L50, M|100/100|[from] Volt Switch\n|\n|upkeep\n|\n|t:|1775928740\n|switch|p2b: Pikachu|Pikachu, L50, F|57/100\n|turn|3\n|\n|t:|1775928753\n|move|p1a: Feraligatr|Protect|p1a: Feraligatr\n|-singleturn|p1a: Feraligatr|Protect\n|move|p1b: Gallade|Wide Guard|p1b: Gallade\n|-singleturn|p1b: Gallade|Wide Guard\n|move|p2b: Pikachu|Fake Out|p1b: Gallade\n|-damage|p1b: Gallade|84/100\n|move|p2a: Sinistcha|Matcha Gotcha|p1a: Feraligatr|[spread] \n|-activate|p1a: Feraligatr|move: Wide Guard\n|-activate|p1b: Gallade|move: Wide Guard\n|\n|upkeep\n|turn|4\n|inactive|thunderbolt2799 has 30 seconds left.\n|inactive|thunderbolt2799 has 20 seconds left.\n|\n|t:|1775928792\n|detailschange|p1a: Feraligatr|Feraligatr-Mega, L50, M\n|-mega|p1a: Feraligatr|Feraligatr|Feraligite\n|move|p1b: Gallade|Wide Guard|p1b: Gallade\n|-singleturn|p1b: Gallade|Wide Guard\n|move|p2a: Sinistcha|Rage Powder|p2a: Sinistcha\n|-singleturn|p2a: Sinistcha|move: Rage Powder\n|move|p1a: Feraligatr|Body Slam|p2a: Sinistcha\n|-damage|p2a: Sinistcha|35/100\n|-status|p2a: Sinistcha|par\n|move|p2b: Pikachu|Thunder|p1a: Feraligatr|[miss]\n|-miss|p2b: Pikachu|p1a: Feraligatr\n|\n|upkeep\n|turn|5\n|\n|t:|1775928809\n|move|p1a: Feraligatr|Protect|p1a: Feraligatr\n|-singleturn|p1a: Feraligatr|Protect\n|move|p2a: Sinistcha|Rage Powder|p2a: Sinistcha\n|-singleturn|p2a: Sinistcha|move: Rage Powder\n|move|p1b: Gallade|Psycho Cut|p2a: Sinistcha\n|-damage|p2a: Sinistcha|0 fnt\n|faint|p2a: Sinistcha\n|move|p2b: Pikachu|Volt Switch|p1a: Feraligatr\n|-activate|p1a: Feraligatr|move: Protect\n|\n|-fieldend|move: Trick Room\n|upkeep\n|\n|t:|1775928812\n|switch|p2a: Starmie|Starmie, L50|100/100\n|turn|6\n|\n|t:|1775928831\n|switch|p1b: Raichu|Raichu, L50, F|100/100\n|detailschange|p2a: Starmie|Starmie-Mega, L50\n|-mega|p2a: Starmie|Starmie|Starminite\n|move|p2a: Starmie|Liquidation|p1b: Raichu\n|-enditem|p1b: Raichu|Focus Sash\n|-damage|p1b: Raichu|1/100\n|-unboost|p1b: Raichu|def|1\n|move|p2b: Pikachu|Thunder|p1b: Raichu\n|-activate|p1b: Raichu|ability: Lightning Rod\n|-ability|p1b: Raichu|Lightning Rod|boost\n|-boost|p1b: Raichu|spa|1\n|move|p1a: Feraligatr|Liquidation|p2b: Pikachu\n|-crit|p2b: Pikachu\n|-damage|p2b: Pikachu|0 fnt\n|faint|p2b: Pikachu\n|\n|upkeep\n|turn|7\n|\n|t:|1775928854\n|move|p2a: Starmie|Protect|p2a: Starmie\n|-singleturn|p2a: Starmie|Protect\n|move|p1b: Raichu|Fake Out|p2a: Starmie\n|-activate|p2a: Starmie|move: Protect\n|move|p1a: Feraligatr|Swords Dance|p1a: Feraligatr\n|-boost|p1a: Feraligatr|atk|2\n|\n|upkeep\n|turn|8\n|inactive|thunderbolt2799 has 30 seconds left.\n|\n|t:|1775928886\n|move|p2a: Starmie|Zen Headbutt|p1a: Feraligatr\n|-damage|p1a: Feraligatr|33/100\n|move|p1b: Raichu|Volt Switch|p2a: Starmie\n|-supereffective|p2a: Starmie|1\n|-damage|p2a: Starmie|19/100\n|\n|t:|1775928891\n|switch|p1b: Clefable|Clefable, L50, F|100/100|[from] Volt Switch\n|cant|p1a: Feraligatr|flinch\n|\n|upkeep\n|turn|9\n|\n|t:|1775928909\n|move|p2a: Starmie|Protect|p2a: Starmie\n|-singleturn|p2a: Starmie|Protect\n|move|p1b: Clefable|Follow Me|p1b: Clefable\n|-singleturn|p1b: Clefable|move: Follow Me\n|move|p1a: Feraligatr|Body Slam|p2a: Starmie\n|-activate|p2a: Starmie|move: Protect\n|\n|upkeep\n|turn|10\n|\n|t:|1775928914\n|move|p1b: Clefable|Follow Me|p1b: Clefable\n|-singleturn|p1b: Clefable|move: Follow Me\n|move|p2a: Starmie|Liquidation|p1b: Clefable\n|-damage|p1b: Clefable|30/100\n|-enditem|p1b: Clefable|Sitrus Berry|[eat]\n|-heal|p1b: Clefable|55/100|[from] item: Sitrus Berry\n|move|p1a: Feraligatr|Body Slam|p2a: Starmie\n|-damage|p2a: Starmie|0 fnt\n|faint|p2a: Starmie\n|\n|win|yuriimon\n|raw|yuriimon's rating: 1104 &rarr; <strong>1127</strong><br />(+23 for winning)\n|raw|thunderbolt2799's rating: 1072 &rarr; <strong>1053</strong><br />(-19 for losing)\n|c|\u2606yuriimon|gg\n|l|\u2606thunderbolt2799\n|player|p2|\n",
  "uploadtime": 1775928926,
  "views": 14,
  "formatid": "gen9championsvgc2026regma",
  "rating": 1053,
  "private": 0,
  "password": null
}