{
  "id": "gen9championsvgc2026regma-2582143509",
  "format": "[Gen 9 Champions] VGC 2026 Reg M-A",
  "players": [
    "PizzaTimeJoshua",
    "do something babe"
  ],
  "log": "|j|\u2606PizzaTimeJoshua\n|j|\u2606do something babe\n|t:|1776063592\n|gametype|doubles\n|player|p1|PizzaTimeJoshua|unknown|1088\n|player|p2|do something babe|unknown|1151\n|gen|9\n|tier|[Gen 9 Champions] VGC 2026 Reg M-A\n|rated|\n|rule|Species Clause: Limit one of each Pok\u00e9mon\n|rule|Item Clause: Limit 1 of each item\n|clearpoke\n|poke|p1|Aerodactyl, L50, F|\n|poke|p1|Umbreon, L50, M|\n|poke|p1|Scizor, L50, F|\n|poke|p1|Starmie, L50|\n|poke|p1|Mamoswine, L50, M|\n|poke|p1|Tyranitar, L50, F|\n|poke|p2|Starmie, L50|\n|poke|p2|Pelipper, L50, F|\n|poke|p2|Archaludon, L50, M|\n|poke|p2|Sinistcha, L50|\n|poke|p2|Incineroar, L50, F|\n|poke|p2|Sylveon, L50, F|\n|teampreview|4\n|inactive|Battle timer is ON: inactive players will automatically lose when time's up. (requested by PizzaTimeJoshua)\n|\n|t:|1776063620\n|teamsize|p1|4\n|teamsize|p2|4\n|start\n|switch|p1a: Umbreon|Umbreon, L50, M, shiny|100/100\n|switch|p1b: Starmie|Starmie, L50, shiny|100/100\n|switch|p2a: Starmie|Starmie, L50|100/100\n|switch|p2b: Incineroar|Incineroar, L50, F|100/100\n|-ability|p2b: Incineroar|Intimidate|boost\n|-fail|p1a: Umbreon|unboost|Attack|[from] ability: Inner Focus|[of] p1a: Umbreon\n|-unboost|p1b: Starmie|atk|1\n|turn|1\n|\n|t:|1776063638\n|detailschange|p1b: Starmie|Starmie-Mega, L50, shiny\n|-mega|p1b: Starmie|Starmie|Starminite\n|detailschange|p2a: Starmie|Starmie-Mega, L50\n|-mega|p2a: Starmie|Starmie|Starminite\n|move|p2b: Incineroar|Fake Out|p1b: Starmie\n|-damage|p1b: Starmie|87/100\n|cant|p1b: Starmie|flinch\n|move|p2a: Starmie|Flip Turn|p1a: Umbreon\n|-damage|p1a: Umbreon|56/100\n|\n|t:|1776063653\n|switch|p2a: Pelipper|Pelipper, L50, F|100/100|[from] Flip Turn\n|-weather|RainDance|[from] ability: Drizzle|[of] p2a: Pelipper\n|move|p1a: Umbreon|Foul Play|p2a: Pelipper\n|-crit|p2a: Pelipper\n|-damage|p2a: Pelipper|65/100\n|\n|-weather|RainDance|[upkeep]\n|-heal|p1a: Umbreon|62/100|[from] item: Leftovers\n|upkeep\n|turn|2\n|\n|t:|1776063664\n|move|p1b: Starmie|Flip Turn|p2b: Incineroar\n|-supereffective|p2b: Incineroar|1\n|-damage|p2b: Incineroar|5/100\n|\n|t:|1776063667\n|switch|p1b: Aerodactyl|Aerodactyl, L50, F|100/100|[from] Flip Turn\n|-ability|p1b: Aerodactyl|Unnerve\n|move|p2a: Pelipper|Tailwind|p2a: Pelipper\n|-sidestart|p2: do something babe|move: Tailwind\n|move|p2b: Incineroar|Parting Shot|p1b: Aerodactyl\n|-unboost|p1b: Aerodactyl|atk|1\n|-unboost|p1b: Aerodactyl|spa|1\n|\n|t:|1776063680\n|switch|p2b: Archaludon|Archaludon, L50, M|100/100|[from] Parting Shot\n|move|p1a: Umbreon|Yawn|p2a: Pelipper\n|-start|p2a: Pelipper|move: Yawn|[of] p1a: Umbreon\n|\n|-weather|RainDance|[upkeep]\n|-heal|p1a: Umbreon|68/100|[from] item: Leftovers\n|upkeep\n|turn|3\n|\n|t:|1776063692\n|switch|p2a: Incineroar|Incineroar, L50, F|5/100\n|-ability|p2a: Incineroar|Intimidate|boost\n|-fail|p1a: Umbreon|unboost|Attack|[from] ability: Inner Focus|[of] p1a: Umbreon\n|-unboost|p1b: Aerodactyl|atk|1\n|move|p1b: Aerodactyl|Protect|p1b: Aerodactyl\n|-singleturn|p1b: Aerodactyl|Protect\n|move|p2b: Archaludon|Electro Shot||[still]\n|-prepare|p2b: Archaludon|Electro Shot\n|-boost|p2b: Archaludon|spa|1\n|-anim|p2b: Archaludon|Electro Shot|p1b: Aerodactyl\n|-activate|p1b: Aerodactyl|move: Protect\n|move|p1a: Umbreon|Yawn|p2b: Archaludon\n|-start|p2b: Archaludon|move: Yawn|[of] p1a: Umbreon\n|\n|-weather|RainDance|[upkeep]\n|-heal|p1a: Umbreon|74/100|[from] item: Leftovers\n|upkeep\n|turn|4\n|\n|t:|1776063716\n|switch|p2b: Starmie|Starmie-Mega, L50|100/100\n|switch|p1b: Tyranitar|Tyranitar, L50, F|100/100\n|-ability|p1b: Tyranitar|Unnerve\n|move|p2a: Incineroar|Fake Out|p1b: Tyranitar\n|-resisted|p1b: Tyranitar|1\n|-crit|p1b: Tyranitar\n|-damage|p1b: Tyranitar|94/100\n|move|p1a: Umbreon|Snarl|p2a: Incineroar|[spread] p2a,p2b\n|-resisted|p2a: Incineroar|1\n|-supereffective|p2b: Starmie|1\n|-damage|p2a: Incineroar|2/100\n|-damage|p2b: Starmie|77/100\n|-unboost|p2a: Incineroar|spa|1\n|-unboost|p2b: Starmie|spa|1\n|\n|-weather|RainDance|[upkeep]\n|-heal|p1a: Umbreon|80/100|[from] item: Leftovers\n|upkeep\n|turn|5\n|inactive|PizzaTimeJoshua has 30 seconds left.\n|inactive|do something babe has 30 seconds left.\n|\n|t:|1776063749\n|move|p2b: Starmie|Liquidation|p1a: Umbreon\n|-damage|p1a: Umbreon|0 fnt\n|faint|p1a: Umbreon\n|move|p2a: Incineroar|Flare Blitz|p1b: Tyranitar\n|-resisted|p1b: Tyranitar|1\n|-damage|p1b: Tyranitar|85/100\n|-damage|p2a: Incineroar|0 fnt|[from] Recoil\n|faint|p2a: Incineroar\n|move|p1b: Tyranitar|Rock Slide|p2b: Starmie\n|-damage|p2b: Starmie|26/100\n|\n|-weather|none\n|-sideend|p2: do something babe|move: Tailwind\n|upkeep\n|\n|t:|1776063760\n|switch|p1a: Aerodactyl|Aerodactyl, L50, F|100/100\n|switch|p2a: Pelipper|Pelipper, L50, F|65/100\n|-ability|p1a: Aerodactyl|Unnerve\n|-weather|RainDance|[from] ability: Drizzle|[of] p2a: Pelipper\n|turn|6\n|\n|t:|1776063779\n|move|p2b: Starmie|Aqua Jet|p1a: Aerodactyl\n|-supereffective|p1a: Aerodactyl|1\n|-enditem|p1a: Aerodactyl|Focus Sash\n|-damage|p1a: Aerodactyl|1/100\n|move|p1a: Aerodactyl|Tailwind|p1a: Aerodactyl\n|-sidestart|p1: PizzaTimeJoshua|move: Tailwind\n|move|p1b: Tyranitar|Taunt|p2a: Pelipper\n|-start|p2a: Pelipper|move: Taunt\n|cant|p2a: Pelipper|move: Taunt|Tailwind\n|\n|-weather|RainDance|[upkeep]\n|upkeep\n|turn|7\n|inactive|do something babe has 30 seconds left.\n|inactive|do something babe has 20 seconds left.\n|inactive|do something babe has 15 seconds left.\n|\n|t:|1776063821\n|move|p2b: Starmie|Aqua Jet|p1a: Aerodactyl\n|-supereffective|p1a: Aerodactyl|1\n|-damage|p1a: Aerodactyl|0 fnt\n|faint|p1a: Aerodactyl\n|move|p1b: Tyranitar|Rock Slide|p2b: Starmie|[spread] p2a,p2b\n|-supereffective|p2a: Pelipper|1\n|-damage|p2a: Pelipper|0 fnt\n|-damage|p2b: Starmie|0 fnt\n|faint|p2a: Pelipper\n|faint|p2b: Starmie\n|\n|-weather|RainDance|[upkeep]\n|upkeep\n|\n|t:|1776063829\n|switch|p1a: Starmie|Starmie-Mega, L50, shiny|87/100\n|switch|p2a: Archaludon|Archaludon, L50, M|100/100\n|turn|8\n|\n|t:|1776063835\n|move|p1a: Starmie|Liquidation|p2a: Archaludon\n|-resisted|p2a: Archaludon|1\n|-damage|p2a: Archaludon|61/100\n|-unboost|p2a: Archaludon|def|1\n|-ability|p2a: Archaludon|Stamina|boost\n|-boost|p2a: Archaludon|def|1\n|move|p1b: Tyranitar|Superpower|p2a: Archaludon\n|-supereffective|p2a: Archaludon|1\n|-damage|p2a: Archaludon|0 fnt\n|-unboost|p1b: Tyranitar|atk|1\n|-unboost|p1b: Tyranitar|def|1\n|faint|p2a: Archaludon\n|\n|win|PizzaTimeJoshua\n|raw|PizzaTimeJoshua's rating: 1088 &rarr; <strong>1120</strong><br />(+32 for winning)\n|raw|do something babe's rating: 1151 &rarr; <strong>1122</strong><br />(-29 for losing)\n|l|\u2606do something babe\n|player|p2|\n",
  "uploadtime": 1776063848,
  "views": 15,
  "formatid": "gen9championsvgc2026regma",
  "rating": 1120,
  "private": 0,
  "password": null
}