{
  "id": "gen9championsvgc2026regma-2580955008",
  "format": "[Gen 9 Champions] VGC 2026 Reg M-A",
  "players": [
    "banfox Doubloons",
    "DLGTX"
  ],
  "log": "|j|\u2606banfox Doubloons\n|j|\u2606DLGTX\n|html|<table width=\"100%\"><tr><td align=\"left\">banfox Doubloons</td><td align=\"right\">DLGTX</tr><tr><td align=\"left\"><i class=\"fa fa-circle-o\"></i> <i class=\"fa fa-circle-o\"></i> </td><td align=\"right\"><i class=\"fa fa-circle-o\"></i> <i class=\"fa fa-circle-o\"></i> </tr></table>\n|uhtml|bestof|<h2><strong>Game 1</strong> of <a href=\"/game-bestof3-gen9championsvgc2026regma-2580955007\">a best-of-3</a></h2>\n|t:|1775946407\n|gametype|doubles\n|player|p1|banfox Doubloons|gambler|\n|player|p2|DLGTX|101|\n|gen|9\n|tier|[Gen 9 Champions] VGC 2026 Reg M-A\n|rated|Tournament battle\n|rule|Species Clause: Limit one of each Pok\u00e9mon\n|rule|Item Clause: Limit 1 of each item\n|raw|<div class=\"infobox\"><details class=\"readmore\" open><summary><strong>2 custom rules:</strong></summary> Force Open Team Sheets, Best of = 3</details></div>\n|clearpoke\n|poke|p1|Venusaur, L50, M|\n|poke|p1|Basculegion, L50, M|\n|poke|p1|Incineroar, L50, F|\n|poke|p1|Dragonite, L50, F|\n|poke|p1|Aegislash, L50, M|\n|poke|p1|Kangaskhan, L50, F|\n|poke|p2|Charizard, L50, M|\n|poke|p2|Venusaur, L50, M|\n|poke|p2|Incineroar, L50, F|\n|poke|p2|Whimsicott, L50, F|\n|poke|p2|Garchomp, L50, M|\n|poke|p2|Rotom-Wash, L50|\n|teampreview|4\n|showteam|p1|Venusaur||Venusaurite|Chlorophyll|SludgeBomb,EarthPower,LeechSeed,Protect|||M|||50|]Basculegion||ChoiceScarf|Adaptability|WaveCrash,LastRespects,FlipTurn,AquaJet|||M|||50|]Incineroar||PasshoBerry|Intimidate|FlareBlitz,PartingShot,FakeOut,DarkestLariat|||F|||50|]Dragonite||LumBerry|Multiscale|DragonClaw,AerialAce,ExtremeSpeed,Protect|||F|||50|]Aegislash||Leftovers|StanceChange|IronHead,SwordsDance,ShadowSneak,KingsShield|||M|||50|]Kangaskhan||Kangaskhanite|Scrappy|FakeOut,DoubleEdge,LowKick,SuckerPunch|||F|||50|\n|showteam|p2|Charizard||CharizarditeY|Blaze|AirSlash,HeatWave,Protect,SolarBeam|||M|||50|]Venusaur||MiracleSeed|Chlorophyll|EarthPower,Protect,SludgeBomb,EnergyBall|||M|||50|]Incineroar||SitrusBerry|Intimidate|DarkestLariat,FlareBlitz,PartingShot,FakeOut|||F|||50|]Whimsicott||FocusSash|Prankster|Moonblast,Tailwind,SunnyDay,Taunt|||F|||50|]Garchomp||ChoiceScarf|RoughSkin|Earthquake,RockSlide,DragonClaw,FireFang|||M|||50|]Rotom-Wash||Leftovers|Levitate|WillOWisp,HydroPump,Protect,VoltSwitch||||||50|\n|inactive|Battle timer is ON: inactive players will automatically lose when time's up. (requested by banfox Doubloons)\n|inactive|banfox Doubloons has 60 seconds left.\n|\n|t:|1775946459\n|teamsize|p1|4\n|teamsize|p2|4\n|start\n|switch|p1a: Venusaur|Venusaur, L50, M|100/100\n|switch|p1b: Dragonite|Dragonite, L50, F|100/100\n|switch|p2a: Venusaur|Venusaur, L50, M|100/100\n|switch|p2b: Charizard|Charizard, L50, M, shiny|100/100\n|turn|1\n|inactive|banfox Doubloons has 30 seconds left.\n|\n|t:|1775946485\n|switch|p1a: Incineroar|Incineroar, L50, F|100/100\n|-ability|p1a: Incineroar|Intimidate|boost\n|-unboost|p2a: Venusaur|atk|1\n|-unboost|p2b: Charizard|atk|1\n|detailschange|p2b: Charizard|Charizard-Mega-Y, L50, M, shiny\n|-mega|p2b: Charizard|Charizard|Charizardite Y\n|-weather|SunnyDay|[from] ability: Drought|[of] p2b: Charizard\n|move|p2a: Venusaur|Sludge Bomb|p1b: Dragonite\n|-damage|p1b: Dragonite|82/100\n|move|p2b: Charizard|Heat Wave|p1b: Dragonite|[spread] p1b\n|-miss|p2b: Charizard|p1a: Incineroar\n|-resisted|p1b: Dragonite|1\n|-damage|p1b: Dragonite|53/100\n|move|p1b: Dragonite|Aerial Ace|p2a: Venusaur\n|-supereffective|p2a: Venusaur|1\n|-damage|p2a: Venusaur|19/100\n|\n|-weather|SunnyDay|[upkeep]\n|upkeep\n|turn|2\n|inactive|DLGTX has 30 seconds left.\n|inactive|DLGTX has 20 seconds left.\n|inactive|DLGTX has 15 seconds left.\n|\n|t:|1775946528\n|move|p1a: Incineroar|Fake Out|p2a: Venusaur\n|-damage|p2a: Venusaur|7/100\n|cant|p2a: Venusaur|flinch\n|move|p2b: Charizard|Air Slash|p1b: Dragonite\n|-damage|p1b: Dragonite|14/100\n|cant|p1b: Dragonite|flinch\n|\n|-weather|SunnyDay|[upkeep]\n|upkeep\n|turn|3\n|\n|t:|1775946546\n|move|p1b: Dragonite|Protect|p1b: Dragonite\n|-singleturn|p1b: Dragonite|Protect\n|move|p2a: Venusaur|Earth Power|p1a: Incineroar\n|-supereffective|p1a: Incineroar|1\n|-damage|p1a: Incineroar|61/100\n|move|p2b: Charizard|Air Slash|p1b: Dragonite\n|-activate|p1b: Dragonite|move: Protect\n|move|p1a: Incineroar|Parting Shot|p2b: Charizard\n|-unboost|p2b: Charizard|atk|1\n|-unboost|p2b: Charizard|spa|1\n|\n|t:|1775946557\n|switch|p1a: Basculegion|Basculegion, L50, M|100/100|[from] Parting Shot\n|\n|-weather|SunnyDay|[upkeep]\n|upkeep\n|turn|4\n|\n|t:|1775946565\n|switch|p2b: Garchomp|Garchomp, L50, M|100/100\n|move|p1b: Dragonite|Extreme Speed|p2a: Venusaur\n|-damage|p2a: Venusaur|0 fnt\n|faint|p2a: Venusaur\n|move|p1a: Basculegion|Wave Crash|p2b: Garchomp\n|-damage|p2b: Garchomp|58/100\n|-damage|p1a: Basculegion|88/100|[from] ability: Rough Skin|[of] p2b: Garchomp\n|-damage|p1a: Basculegion|75/100|[from] Recoil\n|\n|-weather|SunnyDay|[upkeep]\n|upkeep\n|\n|t:|1775946576\n|switch|p2a: Whimsicott|Whimsicott, L50, F, shiny|100/100\n|turn|5\n|\n|t:|1775946591\n|switch|p1a: Incineroar|Incineroar, L50, F|61/100\n|-ability|p1a: Incineroar|Intimidate|boost\n|-unboost|p2a: Whimsicott|atk|1\n|-unboost|p2b: Garchomp|atk|1\n|switch|p1b: Venusaur|Venusaur, L50, M|100/100\n|move|p2b: Garchomp|Dragon Claw|p1a: Incineroar\n|-damage|p1a: Incineroar|32/100\n|move|p2a: Whimsicott|Moonblast|p1b: Venusaur\n|-resisted|p1b: Venusaur|1\n|-damage|p1b: Venusaur|91/100\n|\n|-weather|none\n|upkeep\n|turn|6\n|inactive|DLGTX has 30 seconds left.\n|inactive|DLGTX has 20 seconds left.\n|inactive|DLGTX has 15 seconds left.\n|\n|t:|1775946635\n|detailschange|p1b: Venusaur|Venusaur-Mega, L50, M\n|-mega|p1b: Venusaur|Venusaur|Venusaurite\n|move|p1a: Incineroar|Fake Out|p2b: Garchomp\n|-damage|p2b: Garchomp|47/100\n|-damage|p1a: Incineroar|20/100|[from] ability: Rough Skin|[of] p2b: Garchomp\n|cant|p2b: Garchomp|flinch\n|move|p2a: Whimsicott|Moonblast|p1a: Incineroar\n|-damage|p1a: Incineroar|0 fnt\n|faint|p1a: Incineroar\n|move|p1b: Venusaur|Sludge Bomb|p2a: Whimsicott\n|-supereffective|p2a: Whimsicott|2\n|-enditem|p2a: Whimsicott|Focus Sash\n|-damage|p2a: Whimsicott|1/100\n|\n|upkeep\n|\n|t:|1775946646\n|switch|p1a: Dragonite|Dragonite, L50, F|14/100\n|turn|7\n|inactive|DLGTX has 30 seconds left.\n|inactive|DLGTX has 20 seconds left.\n|\n|t:|1775946681\n|move|p1a: Dragonite|Extreme Speed|p2a: Whimsicott\n|-damage|p2a: Whimsicott|0 fnt\n|faint|p2a: Whimsicott\n|move|p2b: Garchomp|Dragon Claw|p1b: Venusaur\n|-damage|p1b: Venusaur|66/100\n|move|p1b: Venusaur|Sludge Bomb|p2b: Garchomp\n|-resisted|p2b: Garchomp|1\n|-damage|p2b: Garchomp|27/100\n|\n|upkeep\n|\n|t:|1775946687\n|switch|p2a: Charizard|Charizard-Mega-Y, L50, M, shiny|100/100\n|-weather|SunnyDay|[from] ability: Drought|[of] p2a: Charizard\n|turn|8\n|\n|t:|1775946692\n|move|p1b: Venusaur|Protect|p1b: Venusaur\n|-singleturn|p1b: Venusaur|Protect\n|move|p1a: Dragonite|Extreme Speed|p2b: Garchomp\n|-damage|p2b: Garchomp|0 fnt\n|-damage|p1a: Dragonite|2/100|[from] ability: Rough Skin|[of] p2b: Garchomp\n|faint|p2b: Garchomp\n|move|p2a: Charizard|Heat Wave|p1b: Venusaur|[spread] p1a\n|-activate|p1b: Venusaur|move: Protect\n|-resisted|p1a: Dragonite|1\n|-damage|p1a: Dragonite|0 fnt\n|faint|p1a: Dragonite\n|\n|-weather|SunnyDay|[upkeep]\n|upkeep\n|\n|t:|1775946694\n|switch|p1a: Basculegion|Basculegion, L50, M|75/100\n|turn|9\n|\n|t:|1775946702\n|move|p1a: Basculegion|Last Respects|p2a: Charizard\n|-damage|p2a: Charizard|0 fnt\n|faint|p2a: Charizard\n|\n|win|banfox Doubloons\n",
  "uploadtime": 1775946704,
  "views": 8,
  "formatid": "gen9championsvgc2026regma",
  "rating": null,
  "private": 0,
  "password": null
}