{
  "id": "gen9championsvgc2026regma-2586639925",
  "format": "[Gen 9 Champions] VGC 2026 Reg M-A",
  "players": [
    "PokeMooney",
    "DontDann"
  ],
  "log": "|j|\u2606PokeMooney\n|j|\u2606DontDann\n|t:|1776448721\n|gametype|doubles\n|player|p1|PokeMooney|giovanni|1201\n|player|p2|DontDann|pokemonranger-gen4|1235\n|gen|9\n|tier|[Gen 9 Champions] VGC 2026 Reg M-A\n|rated|\n|rule|Species Clause: Limit one of each Pok\u00e9mon\n|rule|Item Clause: Limit 1 of each item\n|clearpoke\n|poke|p1|Golurk, L50|\n|poke|p1|Farigiraf, L50, M|\n|poke|p1|Incineroar, L50, F|\n|poke|p1|Torkoal, L50, M|\n|poke|p1|Sneasler, L50, M|\n|poke|p1|Venusaur, L50, M|\n|poke|p2|Glimmora, L50, F|\n|poke|p2|Corviknight, L50, F|\n|poke|p2|Weavile, L50, F|\n|poke|p2|Sinistcha, L50|\n|poke|p2|Rotom-Wash, L50|\n|poke|p2|Ceruledge, L50, M|\n|teampreview|4\n|\n|t:|1776448751\n|teamsize|p1|4\n|teamsize|p2|4\n|start\n|switch|p1a: Farigiraf|Farigiraf, L50, M|100/100\n|switch|p1b: Incineroar|Incineroar, L50, F|100/100\n|switch|p2a: Weavile|Weavile, L50, F|100/100\n|switch|p2b: Corviknight|Corviknight, L50, F|100/100\n|-ability|p1b: Incineroar|Intimidate|boost\n|-unboost|p2a: Weavile|atk|1\n|-ability|p2b: Corviknight|Mirror Armor\n|-unboost|p1b: Incineroar|atk|1\n|turn|1\n|\n|t:|1776448792\n|move|p1b: Incineroar|Fake Out|p2a: Weavile\n|-damage|p2a: Weavile|88/100\n|cant|p2a: Weavile|flinch\n|move|p2b: Corviknight|Brave Bird|p1a: Farigiraf\n|-damage|p1a: Farigiraf|65/100\n|-damage|p2b: Corviknight|87/100|[from] Recoil\n|move|p1a: Farigiraf|Trick Room|p1a: Farigiraf\n|-fieldstart|move: Trick Room|[of] p1a: Farigiraf\n|\n|upkeep\n|turn|2\n|\n|t:|1776448823\n|switch|p1a: Torkoal|Torkoal, L50, M|100/100\n|-weather|SunnyDay|[from] ability: Drought|[of] p1a: Torkoal\n|move|p2a: Weavile|Protect|p2a: Weavile\n|-singleturn|p2a: Weavile|Protect\n|move|p1b: Incineroar|Flare Blitz|p2a: Weavile\n|-activate|p2a: Weavile|move: Protect\n|move|p2b: Corviknight|Iron Head|p1a: Torkoal\n|-resisted|p1a: Torkoal|1\n|-damage|p1a: Torkoal|88/100\n|\n|-weather|SunnyDay|[upkeep]\n|upkeep\n|turn|3\n|\n|t:|1776448855\n|switch|p1b: Golurk|Golurk, L50|100/100\n|switch|p2b: Ceruledge|Ceruledge, L50, M|100/100\n|switch|p2a: Glimmora|Glimmora, L50, F|100/100\n|move|p1a: Torkoal|Eruption|p2b: Ceruledge|[spread] p2a\n|-start|p2b: Ceruledge|ability: Flash Fire\n|-resisted|p2a: Glimmora|1\n|-damage|p2a: Glimmora|54/100\n|\n|-weather|SunnyDay|[upkeep]\n|upkeep\n|turn|4\n|\n|t:|1776448880\n|detailschange|p1b: Golurk|Golurk-Mega, L50\n|-mega|p1b: Golurk|Golurk|Golurkite\n|detailschange|p2a: Glimmora|Glimmora-Mega, L50, F\n|-mega|p2a: Glimmora|Glimmora|Glimmoranite\n|move|p1a: Torkoal|Weather Ball|p2a: Glimmora\n|-resisted|p2a: Glimmora|1\n|-damage|p2a: Glimmora|11/100\n|move|p1b: Golurk|Poltergeist|p2b: Ceruledge|[miss]\n|-miss|p1b: Golurk|p2b: Ceruledge\n|move|p2a: Glimmora|Earth Power|p1a: Torkoal\n|-supereffective|p1a: Torkoal|1\n|-damage|p1a: Torkoal|0 fnt\n|faint|p1a: Torkoal\n|move|p2b: Ceruledge|Poltergeist|p1b: Golurk\n|-activate|p1b: Golurk|move: Poltergeist|Golurkite\n|-supereffective|p1b: Golurk|1\n|-crit|p1b: Golurk\n|-damage|p1b: Golurk|0 fnt\n|faint|p1b: Golurk\n|\n|-weather|SunnyDay|[upkeep]\n|upkeep\n|\n|t:|1776448902\n|switch|p1a: Farigiraf|Farigiraf, L50, M|65/100\n|switch|p1b: Incineroar|Incineroar, L50, F|100/100\n|-ability|p1b: Incineroar|Intimidate|boost\n|-unboost|p2a: Glimmora|atk|1\n|-unboost|p2b: Ceruledge|atk|1\n|turn|5\n|\n|t:|1776448917\n|-end|p2b: Ceruledge|ability: Flash Fire|[silent]\n|switch|p2b: Corviknight|Corviknight, L50, F|87/100\n|move|p2a: Glimmora|Spiky Shield|p2a: Glimmora\n|-singleturn|p2a: Glimmora|move: Protect\n|move|p1a: Farigiraf|Psychic|p2a: Glimmora\n|-activate|p2a: Glimmora|move: Protect\n|move|p1b: Incineroar|Throat Chop|p2b: Corviknight\n|-damage|p2b: Corviknight|62/100\n|-start|p2b: Corviknight|Throat Chop|[silent]\n|\n|-weather|SunnyDay|[upkeep]\n|-fieldend|move: Trick Room\n|upkeep\n|turn|6\n|\n|t:|1776448946\n|move|p2a: Glimmora|Power Gem|p1a: Farigiraf\n|-crit|p1a: Farigiraf\n|-damage|p1a: Farigiraf|0 fnt\n|faint|p1a: Farigiraf\n|move|p2b: Corviknight|Iron Head|p1b: Incineroar\n|-resisted|p1b: Incineroar|1\n|-damage|p1b: Incineroar|88/100\n|move|p1b: Incineroar|Flare Blitz|p2b: Corviknight\n|-supereffective|p2b: Corviknight|1\n|-damage|p2b: Corviknight|0 fnt\n|faint|p2b: Corviknight\n|-damage|p1b: Incineroar|67/100|[from] Recoil\n|\n|-weather|none\n|upkeep\n|c|\u2606PokeMooney|Alright man lol\n|c|\u2606PokeMooney|Gg\n|\n|t:|1776448961\n|switch|p2b: Weavile|Weavile, L50, F|88/100\n|turn|7\n|-message|PokeMooney forfeited.\n|\n|win|DontDann\n|raw|PokeMooney's rating: 1201 &rarr; <strong>1178</strong><br />(-23 for losing)\n|raw|DontDann's rating: 1235 &rarr; <strong>1258</strong><br />(+23 for winning)\n",
  "uploadtime": 1776448973,
  "views": 25,
  "formatid": "gen9championsvgc2026regma",
  "rating": 1178,
  "private": 0,
  "password": null
}