{
  "id": "gen9championsvgc2026regma-2583281885",
  "format": "[Gen 9 Champions] VGC 2026 Reg M-A",
  "players": [
    "PokeHys2",
    "Guiding Quem"
  ],
  "log": "|j|\u2606PokeHys2\n|j|\u2606Guiding Quem\n|t:|1776162832\n|gametype|doubles\n|player|p1|PokeHys2|blackbelt-gen4dp|1483\n|player|p2|Guiding Quem|cynthia-masters4|1442\n|gen|9\n|tier|[Gen 9 Champions] VGC 2026 Reg M-A\n|rated|\n|rule|Species Clause: Limit one of each Pok\u00e9mon\n|rule|Item Clause: Limit 1 of each item\n|clearpoke\n|poke|p1|Farigiraf, L50, F|\n|poke|p1|Blastoise, L50, F|\n|poke|p1|Incineroar, L50, M|\n|poke|p1|Sinistcha-Masterpiece, L50|\n|poke|p1|Kommo-o, L50, M|\n|poke|p1|Basculegion, L50, M|\n|poke|p2|Floette-Eternal, L50, F|\n|poke|p2|Maushold, L50|\n|poke|p2|Garchomp, L50, F|\n|poke|p2|Talonflame, L50, M|\n|poke|p2|Rotom-Wash, L50|\n|poke|p2|Aegislash, L50, F|\n|teampreview|4\n|inactive|Battle timer is ON: inactive players will automatically lose when time's up. (requested by PokeHys2)\n|j| maliciousdeez\n|inactive|Guiding Quem has 60 seconds left.\n|\n|t:|1776162870\n|teamsize|p1|4\n|teamsize|p2|4\n|start\n|switch|p1a: Farigiraf|Farigiraf, L50, F|100/100\n|switch|p1b: Incineroar|Incineroar, L50, M|100/100\n|switch|p2a: Floette|Floette-Eternal, L50, F|100/100\n|switch|p2b: Rotom|Rotom-Wash, L50|100/100\n|-ability|p1b: Incineroar|Intimidate|boost\n|-unboost|p2a: Floette|atk|1\n|-unboost|p2b: Rotom|atk|1\n|turn|1\n|\n|t:|1776162895\n|detailschange|p2a: Floette|Floette-Mega, L50, F\n|-mega|p2a: Floette|Floette|Floettite\n|-ability|p2a: Floette|Fairy Aura\n|move|p1b: Incineroar|Fake Out|p2b: Rotom\n|-damage|p2b: Rotom|83/100\n|move|p2a: Floette|Dazzling Gleam|p1a: Farigiraf|[spread] p1a,p1b\n|-damage|p1a: Farigiraf|47/100\n|-damage|p1b: Incineroar|48/100\n|cant|p2b: Rotom|flinch\n|move|p1a: Farigiraf|Trick Room|p1a: Farigiraf\n|-fieldstart|move: Trick Room|[of] p1a: Farigiraf\n|\n|upkeep\n|turn|2\n|j| sileshar\n|inactive|Guiding Quem has 30 seconds left.\n|\n|t:|1776162925\n|move|p2a: Floette|Protect|p2a: Floette\n|-singleturn|p2a: Floette|Protect\n|move|p1a: Farigiraf|Hyper Voice|p2b: Rotom|[spread] p2b\n|-activate|p2a: Floette|move: Protect\n|-damage|p2b: Rotom|41/100\n|-enditem|p2b: Rotom|Sitrus Berry|[eat]\n|-heal|p2b: Rotom|65/100|[from] item: Sitrus Berry\n|move|p1b: Incineroar|Assurance|p2b: Rotom\n|-damage|p2b: Rotom|0 fnt\n|faint|p2b: Rotom\n|\n|upkeep\n|j| Daniel1VGC\n|\n|t:|1776162935\n|switch|p2b: Aegislash|Aegislash, L50, F|100/100\n|turn|3\n|\n|t:|1776162940\n|move|p2b: Aegislash|King's Shield|p2b: Aegislash\n|-singleturn|p2b: Aegislash|Protect\n|move|p1a: Farigiraf|Psychic|p2a: Floette\n|-damage|p2a: Floette|71/100\n|-unboost|p2a: Floette|spd|1\n|move|p1b: Incineroar|Flare Blitz|p2a: Floette\n|-damage|p2a: Floette|0 fnt\n|faint|p2a: Floette\n|-damage|p1b: Incineroar|27/100|[from] Recoil\n|\n|upkeep\n|\n|t:|1776162945\n|switch|p2a: Talonflame|Talonflame, L50, M|100/100\n|turn|4\n|\n|t:|1776162953\n|move|p2a: Talonflame|Protect|p2a: Talonflame\n|-singleturn|p2a: Talonflame|Protect\n|move|p1a: Farigiraf|Psychic|p2b: Aegislash\n|-resisted|p2b: Aegislash|1\n|-crit|p2b: Aegislash\n|-damage|p2b: Aegislash|72/100\n|move|p1b: Incineroar|Assurance|p2b: Aegislash\n|-supereffective|p2b: Aegislash|1\n|-damage|p2b: Aegislash|0 fnt\n|faint|p2b: Aegislash\n|\n|upkeep\n|turn|5\n|-message|Guiding Quem forfeited.\n|\n|win|PokeHys2\n|raw|PokeHys2's rating: 1483 &rarr; <strong>1501</strong><br />(+18 for winning)\n|raw|Guiding Quem's rating: 1442 &rarr; <strong>1424</strong><br />(-18 for losing)\n|l|\u2606Guiding Quem\n|player|p2|\n",
  "uploadtime": 1776162959,
  "views": 44,
  "formatid": "gen9championsvgc2026regma",
  "rating": 1424,
  "private": 0,
  "password": null
}