{
  "id": "gen9championsvgc2026regma-2588754540",
  "format": "[Gen 9 Champions] VGC 2026 Reg M-A",
  "players": [
    "LeLeVGC",
    "Rirufuraisu"
  ],
  "log": "|j|\u2606LeLeVGC\n|j|\u2606Rirufuraisu\n|t:|1776666455\n|gametype|doubles\n|player|p1|LeLeVGC|101|1201\n|player|p2|Rirufuraisu|waiter-gen4dp|1137\n|gen|9\n|tier|[Gen 9 Champions] VGC 2026 Reg M-A\n|rated|\n|rule|Species Clause: Limit one of each Pok\u00e9mon\n|rule|Item Clause: Limit 1 of each item\n|clearpoke\n|poke|p1|Floette-Eternal, L50, F|\n|poke|p1|Garchomp, L50, M|\n|poke|p1|Corviknight, L50, M|\n|poke|p1|Talonflame, L50, F|\n|poke|p1|Pelipper, L50, M|\n|poke|p1|Basculegion, L50, M|\n|poke|p2|Milotic, L50, F, shiny|\n|poke|p2|Delphox, L50, F, shiny|\n|poke|p2|Ditto, L50|\n|poke|p2|Tinkaton, L50, F, shiny|\n|poke|p2|Gardevoir, L50, F, shiny|\n|poke|p2|Meowscarada, L50, F|\n|teampreview|4\n|inactive|Battle timer is ON: inactive players will automatically lose when time's up. (requested by Rirufuraisu)\n|\n|t:|1776666509\n|teamsize|p1|4\n|teamsize|p2|4\n|start\n|switch|p1a: Talonflame|Talonflame, L50, F|100/100\n|switch|p1b: Floette|Floette-Eternal, L50, F|100/100\n|switch|p2a: Milotic|Milotic, L50, F, shiny|100/100\n|switch|p2b: Tinkaton|Tinkaton, L50, F, shiny|100/100\n|turn|1\n|\n|t:|1776666528\n|detailschange|p1b: Floette|Floette-Mega, L50, F\n|-mega|p1b: Floette|Floette|Floettite\n|-ability|p1b: Floette|Fairy Aura\n|move|p2b: Tinkaton|Fake Out|p1a: Talonflame\n|-damage|p1a: Talonflame|84/100\n|cant|p1a: Talonflame|flinch\n|move|p1b: Floette|Moonblast|p2b: Tinkaton\n|-resisted|p2b: Tinkaton|1\n|-damage|p2b: Tinkaton|69/100\n|move|p2a: Milotic|Coil|p2a: Milotic\n|-boost|p2a: Milotic|atk|1\n|-boost|p2a: Milotic|def|1\n|-boost|p2a: Milotic|accuracy|1\n|\n|upkeep\n|turn|2\n|inactive|Rirufuraisu has 30 seconds left.\n|\n|t:|1776666555\n|move|p1a: Talonflame|Flare Blitz|p2b: Tinkaton\n|-supereffective|p2b: Tinkaton|1\n|-damage|p2b: Tinkaton|0 fnt\n|faint|p2b: Tinkaton\n|-damage|p1a: Talonflame|57/100|[from] Recoil\n|move|p1b: Floette|Dazzling Gleam|p2a: Milotic\n|-damage|p2a: Milotic|53/100\n|move|p2a: Milotic|Muddy Water|p1a: Talonflame|[spread] p1a,p1b\n|-supereffective|p1a: Talonflame|1\n|-damage|p1a: Talonflame|0 fnt\n|-damage|p1b: Floette|82/100\n|faint|p1a: Talonflame\n|\n|-heal|p2a: Milotic|59/100|[from] item: Leftovers\n|upkeep\n|\n|t:|1776666567\n|switch|p1a: Pelipper|Pelipper, L50, M|100/100\n|switch|p2b: Gardevoir|Gardevoir, L50, F, shiny|100/100\n|-weather|RainDance|[from] ability: Drizzle|[of] p1a: Pelipper\n|-ability|p2b: Gardevoir|Fairy Aura|Trace|[from] ability: Trace|[of] p1b: Floette\n|-ability|p2b: Gardevoir|Fairy Aura\n|turn|3\n|\n|t:|1776666588\n|detailschange|p2b: Gardevoir|Gardevoir-Mega, L50, F, shiny\n|-mega|p2b: Gardevoir|Gardevoir|Gardevoirite\n|move|p2b: Gardevoir|Protect|p2b: Gardevoir\n|-singleturn|p2b: Gardevoir|Protect\n|move|p1a: Pelipper|Wide Guard|p1a: Pelipper\n|-singleturn|p1a: Pelipper|Wide Guard\n|move|p1b: Floette|Moonblast|p2a: Milotic\n|-damage|p2a: Milotic|2/100\n|move|p2a: Milotic|Muddy Water|p1b: Floette|[spread] \n|-activate|p1a: Pelipper|move: Wide Guard\n|-activate|p1b: Floette|move: Wide Guard\n|\n|-weather|RainDance|[upkeep]\n|-heal|p2a: Milotic|8/100|[from] item: Leftovers\n|upkeep\n|turn|4\n|\n|t:|1776666609\n|move|p1b: Floette|Moonblast|p2b: Gardevoir\n|-damage|p2b: Gardevoir|37/100\n|move|p2b: Gardevoir|Hyper Voice|p1b: Floette|[spread] p1a,p1b\n|-damage|p1a: Pelipper|0 fnt\n|-damage|p1b: Floette|24/100\n|faint|p1a: Pelipper\n|move|p2a: Milotic|Muddy Water|p1b: Floette\n|-damage|p1b: Floette|0 fnt\n|faint|p1b: Floette\n|\n|-weather|RainDance|[upkeep]\n|-heal|p2a: Milotic|14/100|[from] item: Leftovers\n|upkeep\n|\n|t:|1776666616\n|switch|p1b: Basculegion|Basculegion, L50, M|100/100\n|turn|5\n|l|\u2606Rirufuraisu\n|inactive|Rirufuraisu disconnected and has a minute to reconnect!\n|player|p2|\n|inactive|Rirufuraisu has 30 seconds left.\n|inactive|Rirufuraisu has 20 seconds left.\n|inactive|Rirufuraisu has 15 seconds left.\n|inactive|Rirufuraisu has 10 seconds left.\n|j|\u2606Rirufuraisu\n|inactive|Rirufuraisu reconnected and has 10 seconds left.\n|player|p2|Rirufuraisu|waiter-gen4dp|\n|inactive|Rirufuraisu has 5 seconds left.\n|\n|t:|1776666668\n|move|p2b: Gardevoir|Protect|p2b: Gardevoir\n|-singleturn|p2b: Gardevoir|Protect\n|move|p1b: Basculegion|Last Respects|p2b: Gardevoir\n|-activate|p2b: Gardevoir|move: Protect\n|move|p2a: Milotic|Recover|p2a: Milotic\n|-heal|p2a: Milotic|64/100\n|\n|-weather|RainDance|[upkeep]\n|-heal|p2a: Milotic|70/100|[from] item: Leftovers\n|upkeep\n|turn|6\n|\n|t:|1776666685\n|switch|p2b: Ditto|Ditto, L50|100/100\n|move|p1b: Basculegion|Last Respects|p2b: Ditto\n|-immune|p2b: Ditto\n|move|p2a: Milotic|Coil|p2a: Milotic\n|-boost|p2a: Milotic|atk|1\n|-boost|p2a: Milotic|def|1\n|-boost|p2a: Milotic|accuracy|1\n|\n|-weather|RainDance|[upkeep]\n|-heal|p2a: Milotic|76/100|[from] item: Leftovers\n|upkeep\n|turn|7\n|\n|t:|1776666708\n|move|p1b: Basculegion|Last Respects|p2a: Milotic\n|-damage|p2a: Milotic|33/100\n|move|p2a: Milotic|Hypnosis|p1b: Basculegion\n|-status|p1b: Basculegion|slp|[from] move: Hypnosis\n|move|p2b: Ditto|Transform|p1b: Basculegion\n|-transform|p2b: Ditto|p1b: Basculegion\n|\n|-weather|none\n|-heal|p2a: Milotic|39/100|[from] item: Leftovers\n|upkeep\n|turn|8\n|-message|LeLeVGC forfeited.\n|\n|win|Rirufuraisu\n|raw|LeLeVGC's rating: 1201 &rarr; <strong>1171</strong><br />(-30 for losing)\n|raw|Rirufuraisu's rating: 1137 &rarr; <strong>1167</strong><br />(+30 for winning)\n|l|\u2606LeLeVGC\n|player|p1|\n",
  "uploadtime": 1776666724,
  "views": 21,
  "formatid": "gen9championsvgc2026regma",
  "rating": 1167,
  "private": 0,
  "password": null
}