{
  "id": "gen9championsvgc2026regma-2584369321",
  "format": "[Gen 9 Champions] VGC 2026 Reg M-A",
  "players": [
    "Burnam",
    "FerQ80"
  ],
  "log": "|j|\u2606Burnam\n|j|\u2606FerQ80\n|t:|1776255575\n|gametype|doubles\n|player|p1|Burnam|102|1059\n|player|p2|FerQ80|n|1045\n|gen|9\n|tier|[Gen 9 Champions] VGC 2026 Reg M-A\n|rated|\n|rule|Species Clause: Limit one of each Pok\u00e9mon\n|rule|Item Clause: Limit 1 of each item\n|clearpoke\n|poke|p1|Whimsicott, L50, F|\n|poke|p1|Glalie, L50, F|\n|poke|p1|Chandelure, L50, F|\n|poke|p1|Sneasler, L50, M|\n|poke|p1|Glimmora, L50, F|\n|poke|p1|Blastoise, L50, F|\n|poke|p2|Hawlucha, L50, M|\n|poke|p2|Kingambit, L50, F|\n|poke|p2|Hippowdon, L50, F|\n|poke|p2|Incineroar, L50, M|\n|poke|p2|Slowking-Galar, L50, M|\n|poke|p2|Volcarona, L50, F|\n|teampreview|4\n|inactive|Battle timer is ON: inactive players will automatically lose when time's up. (requested by Burnam)\nBurnam has agreed to open team sheets.\n|inactive|FerQ80 has 60 seconds left.\n|c|\u2606Burnam|Glhf\n|\n|t:|1776255623\n|teamsize|p1|4\n|teamsize|p2|4\n|start\n|switch|p1a: Whimsicott|Whimsicott, L50, F|100/100\n|switch|p1b: Sneasler|Sneasler, L50, M|100/100\n|switch|p2a: Slowking|Slowking-Galar, L50, M|100/100\n|switch|p2b: Incineroar|Incineroar, L50, M, shiny|100/100\n|-ability|p2b: Incineroar|Intimidate|boost\n|-unboost|p1a: Whimsicott|atk|1\n|-unboost|p1b: Sneasler|atk|1\n|-clearboost|p2b: Incineroar|[from] ability: Curious Medicine|[of] p2a: Slowking\n|turn|1\n|inactive|FerQ80 has 30 seconds left.\n|inactive|FerQ80 has 20 seconds left.\n|\n|t:|1776255660\n|move|p1a: Whimsicott|Protect|p1a: Whimsicott\n|-singleturn|p1a: Whimsicott|Protect\n|move|p1b: Sneasler|Fake Out|p2a: Slowking\n|-damage|p2a: Slowking|89/100\n|move|p2b: Incineroar|Flare Blitz|p1a: Whimsicott\n|-activate|p1a: Whimsicott|move: Protect\n|cant|p2a: Slowking|flinch\n|\n|upkeep\n|turn|2\n|inactive|Burnam has 30 seconds left.\n|inactive|FerQ80 has 30 seconds left.\n|inactive|FerQ80 has 20 seconds left.\n|\n|t:|1776255696\n|move|p1a: Whimsicott|Moonblast|p2b: Incineroar\n|-damage|p2b: Incineroar|82/100\n|-unboost|p2b: Incineroar|spa|1\n|move|p1b: Sneasler|Close Combat|p2b: Incineroar\n|-supereffective|p2b: Incineroar|1\n|-damage|p2b: Incineroar|0 fnt\n|-unboost|p1b: Sneasler|def|1\n|-unboost|p1b: Sneasler|spd|1\n|faint|p2b: Incineroar\n|move|p2a: Slowking|Psyshock|p1b: Sneasler\n|-supereffective|p1b: Sneasler|2\n|-damage|p1b: Sneasler|0 fnt\n|faint|p1b: Sneasler\n|\n|upkeep\n|\n|t:|1776255710\n|switch|p1b: Blastoise|Blastoise, L50, F|100/100\n|switch|p2b: Hawlucha|Hawlucha, L50, M|100/100\n|turn|3\n|inactive|FerQ80 has 30 seconds left.\n|\n|t:|1776255736\n|detailschange|p2b: Hawlucha|Hawlucha-Mega, L50, M\n|-mega|p2b: Hawlucha|Hawlucha|Hawluchanite\n|detailschange|p1b: Blastoise|Blastoise-Mega, L50, F\n|-mega|p1b: Blastoise|Blastoise|Blastoisinite\n|move|p1a: Whimsicott|Tailwind|p1a: Whimsicott\n|-sidestart|p1: Burnam|move: Tailwind\n|move|p1b: Blastoise|Water Spout|p2b: Hawlucha|[spread] p2a,p2b\n|-damage|p2a: Slowking|37/100\n|-damage|p2b: Hawlucha|15/100\n|-enditem|p2a: Slowking|Sitrus Berry|[eat]\n|-heal|p2a: Slowking|61/100|[from] item: Sitrus Berry\n|move|p2b: Hawlucha|High Jump Kick|p1b: Blastoise\n|-damage|p1b: Blastoise|21/100\n|move|p2a: Slowking|Sludge Bomb|p1a: Whimsicott\n|-supereffective|p1a: Whimsicott|2\n|-enditem|p1a: Whimsicott|Focus Sash\n|-damage|p1a: Whimsicott|1/100\n|\n|upkeep\n|turn|4\n|inactive|FerQ80 has 30 seconds left.\n|\n|t:|1776255766\n|move|p1a: Whimsicott|Moonblast|p2b: Hawlucha\n|-supereffective|p2b: Hawlucha|1\n|-damage|p2b: Hawlucha|0 fnt\n|faint|p2b: Hawlucha\n|move|p1b: Blastoise|Aura Sphere|p2a: Slowking\n|-resisted|p2a: Slowking|2\n|-damage|p2a: Slowking|52/100\n|move|p2a: Slowking|Trick Room|p2a: Slowking\n|-fieldstart|move: Trick Room|[of] p2a: Slowking\n|\n|upkeep\n|\n|t:|1776255775\n|switch|p2b: Kingambit|Kingambit, L50, F|100/100\n|turn|5\n|inactive|FerQ80 has 30 seconds left.\n|\n|t:|1776255809\n|move|p2a: Slowking|Sludge Bomb|p1a: Whimsicott\n|-supereffective|p1a: Whimsicott|2\n|-damage|p1a: Whimsicott|0 fnt\n|faint|p1a: Whimsicott\n|move|p2b: Kingambit|Iron Head|p1b: Blastoise\n|-resisted|p1b: Blastoise|1\n|-damage|p1b: Blastoise|0 fnt\n|faint|p1b: Blastoise\n|\n|upkeep\n|\n|t:|1776255816\n|switch|p1a: Glimmora|Glimmora, L50, F|100/100\n|turn|6\n|\n|t:|1776255824\n|move|p2a: Slowking|Psyshock|p1a: Glimmora\n|-supereffective|p1a: Glimmora|1\n|-damage|p1a: Glimmora|0 fnt\n|faint|p1a: Glimmora\n|\n|win|FerQ80\n|raw|Burnam's rating: 1059 &rarr; <strong>1039</strong><br />(-20 for losing)\n|raw|FerQ80's rating: 1045 &rarr; <strong>1080</strong><br />(+35 for winning)\n|l|\u2606Burnam\n|player|p1|\n",
  "uploadtime": 1776255838,
  "views": 40,
  "formatid": "gen9championsvgc2026regma",
  "rating": 1039,
  "private": 0,
  "password": null
}