{
  "id": "gen9championsvgc2026regma-2584022170",
  "format": "[Gen 9 Champions] VGC 2026 Reg M-A",
  "players": [
    "soten soten",
    "Maximo Mawile"
  ],
  "log": "|j|\u2606soten soten\n|j|\u2606Maximo Mawile\n|t:|1776217580\n|gametype|doubles\n|player|p1|soten soten|hilbert|1330\n|player|p2|Maximo Mawile|steven|1361\n|gen|9\n|tier|[Gen 9 Champions] VGC 2026 Reg M-A\n|rated|\n|rule|Species Clause: Limit one of each Pok\u00e9mon\n|rule|Item Clause: Limit 1 of each item\n|clearpoke\n|poke|p1|Gallade, L50, M|\n|poke|p1|Floette-Eternal, L50, F|\n|poke|p1|Incineroar, L50, F|\n|poke|p1|Sinistcha, L50|\n|poke|p1|Aerodactyl, L50, F|\n|poke|p1|Palafin, L50, F|\n|poke|p2|Tyranitar, L50, F|\n|poke|p2|Arcanine, L50, M|\n|poke|p2|Gengar, L50, M|\n|poke|p2|Whimsicott, L50, M|\n|poke|p2|Milotic, L50, F|\n|poke|p2|Corviknight, L50, M|\n|teampreview|4\n|inactive|Battle timer is ON: inactive players will automatically lose when time's up. (requested by soten soten)\n|inactive|soten soten has 60 seconds left.\n|inactive|Maximo Mawile has 60 seconds left.\n|\n|t:|1776217640\n|teamsize|p1|4\n|teamsize|p2|4\n|start\n|switch|p1a: Floette|Floette-Eternal, L50, F|100/100\n|switch|p1b: Palafin|Palafin, L50, F|100/100\n|switch|p2a: Milotic|Milotic, L50, F, shiny|100/100\n|switch|p2b: Gengar|Gengar, L50, M, shiny|100/100\n|turn|1\n|\n|t:|1776217654\n|switch|p1a: Aerodactyl|Aerodactyl, L50, F|100/100\n|-ability|p1a: Aerodactyl|Pressure\n|detailschange|p2b: Gengar|Gengar-Mega, L50, M, shiny\n|-mega|p2b: Gengar|Gengar|Gengarite\n|move|p2b: Gengar|Sludge Bomb|p1a: Aerodactyl\n|-resisted|p1a: Aerodactyl|1\n|-damage|p1a: Aerodactyl|58/100\n|move|p1b: Palafin|Flip Turn|p2b: Gengar\n|-damage|p2b: Gengar|64/100\n|\n|t:|1776217660\n|detailschange|p1b: Palafin|Palafin-Hero, L50, F\n|switch|p1b: Sinistcha|Sinistcha, L50|100/100|[from] Flip Turn\n|-heal|p1a: Aerodactyl|83/100|[from] ability: Hospitality|[of] p1b: Sinistcha\n|move|p2a: Milotic|Coil|p2a: Milotic\n|-boost|p2a: Milotic|atk|1\n|-boost|p2a: Milotic|def|1\n|-boost|p2a: Milotic|accuracy|1\n|\n|upkeep\n|turn|2\n|\n|t:|1776217674\n|switch|p2b: Arcanine|Arcanine, L50, M, shiny|100/100\n|-ability|p2b: Arcanine|Intimidate|boost\n|-unboost|p1a: Aerodactyl|atk|1\n|-unboost|p1b: Sinistcha|atk|1\n|move|p1b: Sinistcha|Rage Powder|p1b: Sinistcha\n|-singleturn|p1b: Sinistcha|move: Rage Powder\n|move|p1a: Aerodactyl|Tailwind|p1a: Aerodactyl\n|-sidestart|p1: soten soten|move: Tailwind\n|move|p2a: Milotic|Coil|p2a: Milotic\n|-boost|p2a: Milotic|atk|1\n|-boost|p2a: Milotic|def|1\n|-boost|p2a: Milotic|accuracy|1\n|\n|upkeep\n|turn|3\n|\n|t:|1776217685\n|switch|p1b: Floette|Floette-Eternal, L50, F|100/100\n|move|p1a: Aerodactyl|Protect|p1a: Aerodactyl\n|-singleturn|p1a: Aerodactyl|Protect\n|move|p2b: Arcanine|Snarl|p1b: Floette|[spread] p1b\n|-activate|p1a: Aerodactyl|move: Protect\n|-resisted|p1b: Floette|1\n|-damage|p1b: Floette|97/100\n|-unboost|p1b: Floette|spa|1\n|move|p2a: Milotic|Hypnosis|p1b: Floette\n|-status|p1b: Floette|slp|[from] move: Hypnosis\n|\n|upkeep\n|turn|4\n|\n|t:|1776217697\n|switch|p1a: Palafin|Palafin-Hero, L50, F|100/100\n|-activate|p1a: Palafin|ability: Zero to Hero\n|detailschange|p1b: Floette|Floette-Mega, L50, F\n|-mega|p1b: Floette|Floette|Floettite\n|-ability|p1b: Floette|Fairy Aura\n|cant|p1b: Floette|slp\n|move|p2b: Arcanine|Will-O-Wisp|p1a: Palafin\n|-status|p1a: Palafin|brn\n|move|p2a: Milotic|Muddy Water|p1b: Floette|[spread] p1a,p1b\n|-resisted|p1a: Palafin|1\n|-damage|p1a: Palafin|88/100 brn\n|-damage|p1b: Floette|80/100 slp\n|-unboost|p1a: Palafin|accuracy|1\n|\n|-damage|p1a: Palafin|82/100 brn|[from] brn\n|upkeep\n|turn|5\n|-message|soten soten forfeited.\n|\n|win|Maximo Mawile\n|raw|soten soten's rating: 1330 &rarr; <strong>1312</strong><br />(-18 for losing)\n|raw|Maximo Mawile's rating: 1361 &rarr; <strong>1379</strong><br />(+18 for winning)\n|l|\u2606soten soten\n|player|p1|\n|c|\u2606Maximo Mawile|gg\n",
  "uploadtime": 1776217720,
  "views": 33,
  "formatid": "gen9championsvgc2026regma",
  "rating": 1312,
  "private": 0,
  "password": null
}