{
  "id": "gen9championsvgc2026regma-2582445610",
  "format": "[Gen 9 Champions] VGC 2026 Reg M-A",
  "players": [
    "1#MiraidonHater",
    "kiishn"
  ],
  "log": "|j|\u26061#MiraidonHater\n|j|\u2606kiishn\n|t:|1776092174\n|gametype|doubles\n|player|p1|1#MiraidonHater|170|1200\n|player|p2|kiishn|sabrina|1204\n|gen|9\n|tier|[Gen 9 Champions] VGC 2026 Reg M-A\n|rated|\n|rule|Species Clause: Limit one of each Pok\u00e9mon\n|rule|Item Clause: Limit 1 of each item\n|clearpoke\n|poke|p1|Kommo-o, L50, F|\n|poke|p1|Incineroar, L50, M|\n|poke|p1|Glimmora, L50, M|\n|poke|p1|Sinistcha, L50|\n|poke|p1|Talonflame, L50, M|\n|poke|p1|Palafin, L50, F|\n|poke|p2|Kleavor, L50, M|\n|poke|p2|Scizor, L50, M|\n|poke|p2|Pinsir, L50, M|\n|poke|p2|Meganium, L50, M|\n|poke|p2|Pelipper, L50, M|\n|poke|p2|Basculegion, L50, M|\n|teampreview|4\n|inactive|Battle timer is ON: inactive players will automatically lose when time's up. (requested by 1#MiraidonHater)\n|\n|t:|1776092212\n|teamsize|p1|4\n|teamsize|p2|4\n|start\n|switch|p1a: Kommo-o|Kommo-o, L50, F|100/100\n|switch|p1b: Incineroar|Incineroar, L50, M|100/100\n|switch|p2a: Meganium|Meganium, L50, M, shiny|100/100\n|switch|p2b: Pelipper|Pelipper, L50, M, shiny|100/100\n|-weather|RainDance|[from] ability: Drizzle|[of] p2b: Pelipper\n|-ability|p1b: Incineroar|Intimidate|boost\n|-unboost|p2a: Meganium|atk|1\n|-unboost|p2b: Pelipper|atk|1\n|turn|1\n|\n|t:|1776092233\n|switch|p1a: Glimmora|Glimmora, L50, M|100/100\n|detailschange|p2a: Meganium|Meganium-Mega, L50, M, shiny\n|-mega|p2a: Meganium|Meganium|Meganiumite\n|move|p1b: Incineroar|Fake Out|p2b: Pelipper\n|-damage|p2b: Pelipper|87/100\n|cant|p2b: Pelipper|flinch\n|move|p2a: Meganium|Dazzling Gleam|p1b: Incineroar|[spread] p1a,p1b\n|-resisted|p1a: Glimmora|1\n|-crit|p1a: Glimmora\n|-damage|p1a: Glimmora|67/100\n|-damage|p1b: Incineroar|68/100\n|\n|-weather|RainDance|[upkeep]\n|upkeep\n|turn|2\n|inactive|kiishn has 30 seconds left.\n|\n|t:|1776092260\n|switch|p1b: Sinistcha|Sinistcha, L50|100/100\n|-heal|p1a: Glimmora|92/100|[from] ability: Hospitality|[of] p1b: Sinistcha\n|detailschange|p1a: Glimmora|Glimmora-Mega, L50, M\n|-mega|p1a: Glimmora|Glimmora|Glimmoranite\n|move|p1a: Glimmora|Sludge Bomb|p2a: Meganium\n|-supereffective|p2a: Meganium|2\n|-damage|p2a: Meganium|0 fnt\n|faint|p2a: Meganium\n|move|p2b: Pelipper|Weather Ball|p1a: Glimmora\n|-supereffective|p1a: Glimmora|1\n|-damage|p1a: Glimmora|0 fnt\n|faint|p1a: Glimmora\n|\n|-weather|RainDance|[upkeep]\n|upkeep\n|\n|t:|1776092278\n|switch|p1a: Kommo-o|Kommo-o, L50, F|100/100\n|switch|p2a: Basculegion|Basculegion, L50, M, shiny|100/100\n|turn|3\n|\n|t:|1776092291\n|move|p1b: Sinistcha|Rage Powder|p1b: Sinistcha\n|-singleturn|p1b: Sinistcha|move: Rage Powder\n|move|p2a: Basculegion|Last Respects|p1b: Sinistcha\n|-supereffective|p1b: Sinistcha|1\n|-damage|p1b: Sinistcha|13/100\n|move|p1a: Kommo-o|Clangorous Soul|p1a: Kommo-o\n|-boost|p1a: Kommo-o|atk|1\n|-boost|p1a: Kommo-o|def|1\n|-boost|p1a: Kommo-o|spa|1\n|-boost|p1a: Kommo-o|spd|1\n|-boost|p1a: Kommo-o|spe|1\n|-damage|p1a: Kommo-o|68/100\n|move|p2b: Pelipper|Hurricane|p1b: Sinistcha\n|-supereffective|p1b: Sinistcha|1\n|-damage|p1b: Sinistcha|0 fnt\n|faint|p1b: Sinistcha\n|\n|-weather|RainDance|[upkeep]\n|-heal|p1a: Kommo-o|74/100|[from] item: Leftovers\n|upkeep\n|\n|t:|1776092308\n|switch|p1b: Incineroar|Incineroar, L50, M|68/100\n|-ability|p1b: Incineroar|Intimidate|boost\n|-unboost|p2a: Basculegion|atk|1\n|-unboost|p2b: Pelipper|atk|1\n|turn|4\n|\n|t:|1776092322\n|move|p2a: Basculegion|Last Respects|p1a: Kommo-o\n|-damage|p1a: Kommo-o|53/100\n|move|p1a: Kommo-o|Clanging Scales|p2a: Basculegion|[spread] p2a,p2b\n|-damage|p2a: Basculegion|45/100\n|-damage|p2b: Pelipper|0 fnt\n|faint|p2b: Pelipper\n|-unboost|p1a: Kommo-o|def|1\n|move|p1b: Incineroar|Throat Chop|p2a: Basculegion\n|-supereffective|p2a: Basculegion|1\n|-damage|p2a: Basculegion|0 fnt\n|faint|p2a: Basculegion\n|\n|-weather|RainDance|[upkeep]\n|-heal|p1a: Kommo-o|60/100|[from] item: Leftovers\n|upkeep\n|\n|t:|1776092330\n|switch|p2b: Kleavor|Kleavor, L50, M, shiny|100/100\n|turn|5\n|inactive|1#MiraidonHater has 30 seconds left.\n|\n|t:|1776092356\n|move|p1a: Kommo-o|Protect|p1a: Kommo-o\n|-singleturn|p1a: Kommo-o|Protect\n|move|p2b: Kleavor|Aerial Ace|p1a: Kommo-o\n|-activate|p1a: Kommo-o|move: Protect\n|move|p1b: Incineroar|Parting Shot|p2b: Kleavor\n|-unboost|p2b: Kleavor|atk|1\n|-unboost|p2b: Kleavor|spa|1\n|\n|-weather|none\n|-heal|p1a: Kommo-o|66/100|[from] item: Leftovers\n|upkeep\n|turn|6\n|\n|t:|1776092374\n|move|p2b: Kleavor|Aerial Ace|p1a: Kommo-o\n|-supereffective|p1a: Kommo-o|1\n|-damage|p1a: Kommo-o|29/100\n|move|p1a: Kommo-o|Clanging Scales|p2b: Kleavor\n|-damage|p2b: Kleavor|0 fnt\n|faint|p2b: Kleavor\n|\n|win|1#MiraidonHater\n",
  "uploadtime": 1776092176,
  "views": 12,
  "formatid": "gen9championsvgc2026regma",
  "rating": null,
  "private": 0,
  "password": null
}