{
  "id": "gen9championsvgc2026regma-2584179368",
  "format": "[Gen 9 Champions] VGC 2026 Reg M-A",
  "players": [
    "SpidermanIRL",
    "Archglord"
  ],
  "log": "|j|\u2606SpidermanIRL\n|j|\u2606Archglord\n|t:|1776234892\n|gametype|doubles\n|player|p1|SpidermanIRL|caitlin|1122\n|player|p2|Archglord|morty|1177\n|gen|9\n|tier|[Gen 9 Champions] VGC 2026 Reg M-A\n|rated|\n|rule|Species Clause: Limit one of each Pok\u00e9mon\n|rule|Item Clause: Limit 1 of each item\n|clearpoke\n|poke|p1|Altaria, L50, M|\n|poke|p1|Kangaskhan, L50, F|\n|poke|p1|Zoroark-Hisui, L50, M|\n|poke|p1|Kingambit, L50, F|\n|poke|p1|Sneasler, L50, F|\n|poke|p1|Farigiraf, L50, F|\n|poke|p2|Charizard, L50, F|\n|poke|p2|Venusaur, L50, M|\n|poke|p2|Farigiraf, L50, M|\n|poke|p2|Whimsicott, L50, M|\n|poke|p2|Garchomp, L50, M|\n|poke|p2|Sneasler, L50, M|\n|teampreview|4\nArchglord rejected open team sheets.\n|\n|t:|1776234916\n|teamsize|p1|4\n|teamsize|p2|4\n|start\n|switch|p1a: Kangaskhan|Kangaskhan, L50, F|100/100\n|switch|p1b: Farigiraf|Farigiraf, L50, F|100/100\n|switch|p2a: Venusaur|Venusaur, L50, M|100/100\n|switch|p2b: Sneasler|Sneasler, L50, M|100/100\n|turn|1\n|\n|t:|1776234952\n|switch|p2b: Garchomp|Garchomp, L50, M|100/100\n|detailschange|p1a: Kangaskhan|Kangaskhan-Mega, L50, F\n|-mega|p1a: Kangaskhan|Kangaskhan|Kangaskhanite\n|move|p1a: Kangaskhan|Fake Out|p2b: Garchomp\n|-damage|p2b: Garchomp|78/100\n|-damage|p1a: Kangaskhan|88/100|[from] ability: Rough Skin|[of] p2b: Garchomp\n|-damage|p2b: Garchomp|71/100\n|-damage|p1a: Kangaskhan|76/100|[from] ability: Rough Skin|[of] p2b: Garchomp\n|-hitcount|p2b: Garchomp|2\n|move|p1b: Farigiraf|Hyper Voice|p2a: Venusaur|[spread] p2a,p2b\n|-damage|p2a: Venusaur|63/100\n|-damage|p2b: Garchomp|33/100\n|move|p2a: Venusaur|Sleep Powder|p1a: Kangaskhan\n|-status|p1a: Kangaskhan|slp|[from] move: Sleep Powder\n|\n|upkeep\n|turn|2\n|\n|t:|1776234983\n|move|p2b: Garchomp|Rock Slide|p1b: Farigiraf|[spread] p1a,p1b\n|-damage|p1a: Kangaskhan|56/100 slp\n|-damage|p1b: Farigiraf|57/100\n|replace|p1b: Zoroark|Zoroark-Hisui, L50, M\n|-end|p1b: Zoroark|Illusion\n|cant|p1b: Zoroark|flinch\n|cant|p1a: Kangaskhan|slp\n|move|p2a: Venusaur|Energy Ball|p1b: Zoroark\n|-damage|p1b: Zoroark|0 fnt\n|faint|p1b: Zoroark\n|\n|upkeep\n|\n|t:|1776234996\n|switch|p1b: Farigiraf|Farigiraf, L50, F|100/100\n|turn|3\n|\n|t:|1776235004\n|move|p2b: Garchomp|Rock Slide|p1a: Kangaskhan|[spread] p1a,p1b\n|-damage|p1a: Kangaskhan|37/100 slp\n|-damage|p1b: Farigiraf|79/100\n|cant|p1a: Kangaskhan|slp\n|move|p2a: Venusaur|Sleep Powder|p1b: Farigiraf\n|-status|p1b: Farigiraf|slp|[from] move: Sleep Powder\n|cant|p1b: Farigiraf|slp\n|\n|upkeep\n|turn|4\n|\n|t:|1776235018\n|move|p2b: Garchomp|Rock Slide|p1a: Kangaskhan|[spread] p1a,p1b\n|-damage|p1a: Kangaskhan|18/100 slp\n|-damage|p1b: Farigiraf|56/100 slp\n|-curestatus|p1a: Kangaskhan|slp|[msg]\n|cant|p1a: Kangaskhan|flinch\n|move|p2a: Venusaur|Energy Ball|p1a: Kangaskhan\n|-damage|p1a: Kangaskhan|0 fnt\n|faint|p1a: Kangaskhan\n|cant|p1b: Farigiraf|slp\n|\n|upkeep\n|\n|t:|1776235028\n|switch|p1a: Altaria|Altaria, L50, M|100/100\n|-ability|p1a: Altaria|Cloud Nine\n|turn|5\n|\n|t:|1776235037\n|move|p1a: Altaria|Protect|p1a: Altaria\n|-singleturn|p1a: Altaria|Protect\n|move|p2b: Garchomp|Rock Slide|p1b: Farigiraf|[spread] p1b\n|-activate|p1a: Altaria|move: Protect\n|-damage|p1b: Farigiraf|37/100 slp\n|-enditem|p1b: Farigiraf|Sitrus Berry|[eat]\n|-heal|p1b: Farigiraf|61/100 slp|[from] item: Sitrus Berry\n|move|p2a: Venusaur|Sludge Bomb|p1a: Altaria\n|-activate|p1a: Altaria|move: Protect\n|-curestatus|p1b: Farigiraf|slp|[msg]\n|move|p1b: Farigiraf|Twin Beam|p2a: Venusaur\n|-supereffective|p2a: Venusaur|1\n|-damage|p2a: Venusaur|20/100\n|-supereffective|p2a: Venusaur|1\n|-damage|p2a: Venusaur|0 fnt\n|faint|p2a: Venusaur\n|-hitcount|p2: Venusaur|2\n|\n|upkeep\n|\n|t:|1776235059\n|switch|p2a: Sneasler|Sneasler, L50, M|100/100\n|turn|6\n|\n|t:|1776235077\n|move|p1b: Farigiraf|Protect|p1b: Farigiraf\n|-singleturn|p1b: Farigiraf|Protect\n|move|p2b: Garchomp|Rock Slide|p1a: Altaria|[spread] p1a\n|-activate|p1b: Farigiraf|move: Protect\n|-supereffective|p1a: Altaria|1\n|-damage|p1a: Altaria|59/100\n|move|p2a: Sneasler|Close Combat|p1b: Farigiraf\n|-activate|p1b: Farigiraf|move: Protect\n|move|p1a: Altaria|Tailwind|p1a: Altaria\n|-sidestart|p1: SpidermanIRL|move: Tailwind\n|\n|-heal|p1a: Altaria|65/100|[from] item: Leftovers\n|upkeep\n|turn|7\n|\n|t:|1776235093\n|move|p2b: Garchomp|Rock Slide|p1a: Altaria|[spread] p1a,p1b\n|-supereffective|p1a: Altaria|1\n|-damage|p1a: Altaria|22/100\n|-damage|p1b: Farigiraf|42/100\n|move|p1a: Altaria|Brave Bird|p2b: Garchomp\n|-damage|p2b: Garchomp|1/100\n|-damage|p1a: Altaria|10/100|[from] ability: Rough Skin|[of] p2b: Garchomp\n|-damage|p1a: Altaria|0 fnt|[from] Recoil\n|faint|p1a: Altaria\n|move|p2a: Sneasler|Close Combat|p1b: Farigiraf\n|-damage|p1b: Farigiraf|0 fnt\n|-unboost|p2a: Sneasler|def|1\n|-unboost|p2a: Sneasler|spd|1\n|faint|p1b: Farigiraf\n|\n|win|Archglord\n|raw|SpidermanIRL's rating: 1122 &rarr; <strong>1101</strong><br />(-21 for losing)\n|raw|Archglord's rating: 1177 &rarr; <strong>1198</strong><br />(+21 for winning)\n|l|\u2606SpidermanIRL\n|player|p1|\n",
  "uploadtime": 1776235109,
  "views": 35,
  "formatid": "gen9championsvgc2026regma",
  "rating": 1101,
  "private": 0,
  "password": null
}