{
  "id": "gen9championsvgc2026regma-2582990010",
  "format": "[Gen 9 Champions] VGC 2026 Reg M-A",
  "players": [
    "ADV169",
    "PERUANOO"
  ],
  "log": "|j|\u2606ADV169\n|j|\u2606PERUANOO\n|t:|1776131266\n|gametype|doubles\n|player|p1|ADV169|lass-gen4|1091\n|player|p2|PERUANOO|hilbert|1000\n|gen|9\n|tier|[Gen 9 Champions] VGC 2026 Reg M-A\n|rated|\n|rule|Species Clause: Limit one of each Pok\u00e9mon\n|rule|Item Clause: Limit 1 of each item\n|clearpoke\n|poke|p1|Gardevoir, L50, M|\n|poke|p1|Dragonite, L50, F|\n|poke|p1|Farigiraf, L50, F|\n|poke|p1|Rotom-Wash, L50|\n|poke|p1|Talonflame, L50, F|\n|poke|p1|Meowscarada, L50, F|\n|poke|p2|Mudsdale, L50, F|\n|poke|p2|Scovillain, L50, M|\n|poke|p2|Toucannon, L50, M|\n|poke|p2|Oranguru, L50, F|\n|poke|p2|Gliscor, L50, F|\n|poke|p2|Runerigus, L50, M|\n|teampreview|4\n|inactive|Battle timer is ON: inactive players will automatically lose when time's up. (requested by PERUANOO)\n|\n|t:|1776131319\n|teamsize|p1|4\n|teamsize|p2|4\n|start\n|switch|p1a: H.R.T.|Dragonite, L50, F|100/100\n|switch|p1b: Dish|Rotom-Wash, L50|100/100\n|switch|p2a: Aji peruano|Scovillain, L50, M|100/100\n|switch|p2b: Mono Selvatico|Oranguru, L50, F|100/100\n|turn|1\n|inactive|ADV169 has 30 seconds left.\n|\n|t:|1776131350\n|move|p1b: Dish|Helping Hand|p1a: H.R.T.\n|-singleturn|p1a: H.R.T.|Helping Hand|[of] p1b: Dish\n|move|p2a: Aji peruano|Protect|p2a: Aji peruano\n|-singleturn|p2a: Aji peruano|Protect\n|move|p1a: H.R.T.|Blizzard|p2b: Mono Selvatico|[spread] p2b\n|-activate|p2a: Aji peruano|move: Protect\n|-damage|p2b: Mono Selvatico|72/100\n|move|p2b: Mono Selvatico|Trick Room|p2b: Mono Selvatico\n|-fieldstart|move: Trick Room|[of] p2b: Mono Selvatico\n|\n|-ability|p2a: Aji peruano|Moody|boost\n|-boost|p2a: Aji peruano|spd|2\n|-unboost|p2a: Aji peruano|spe|1\n|upkeep\n|turn|2\n|inactive|PERUANOO has 30 seconds left.\n|inactive|PERUANOO has 20 seconds left.\n|inactive|PERUANOO has 15 seconds left.\n|inactive|PERUANOO has 10 seconds left.\n|\n|t:|1776131396\n|detailschange|p2a: Aji peruano|Scovillain-Mega, L50, M\n|-mega|p2a: Aji peruano|Scovillain|Scovillainite\n|move|p1a: H.R.T.|Protect|p1a: H.R.T.\n|-singleturn|p1a: H.R.T.|Protect\n|move|p1b: Dish|Protect|p1b: Dish\n|-singleturn|p1b: Dish|Protect\n|move|p2a: Aji peruano|Energy Ball|p1b: Dish\n|-activate|p1b: Dish|move: Protect\n|move|p2b: Mono Selvatico|Yawn|p1a: H.R.T.\n|-activate|p1a: H.R.T.|move: Protect\n|\n|upkeep\n|turn|3\n|inactive|ADV169 has 30 seconds left.\n|\n|t:|1776131422\n|switch|p1b: Carcosa|Farigiraf, L50, F|100/100\n|detailschange|p1a: H.R.T.|Dragonite-Mega, L50, F\n|-mega|p1a: H.R.T.|Dragonite|Dragoninite\n|move|p2a: Aji peruano|Leech Seed|p1a: H.R.T.\n|-start|p1a: H.R.T.|move: Leech Seed\n|move|p2b: Mono Selvatico|Instruct|p2a: Aji peruano\n|-singleturn|p2a: Aji peruano|move: Instruct|[of] p2b: Mono Selvatico\n|move|p2a: Aji peruano|Leech Seed||[still]\n|-fail|p2a: Aji peruano\n|move|p1a: H.R.T.|Hurricane|p2a: Aji peruano|[miss]\n|-miss|p1a: H.R.T.|p2a: Aji peruano\n|\n|-damage|p1a: H.R.T.|88/100|[from] Leech Seed|[of] p2a: Aji peruano\n|upkeep\n|turn|4\n|inactive|ADV169 has 30 seconds left.\n|inactive|PERUANOO has 30 seconds left.\n|\n|t:|1776131455\n|move|p1b: Carcosa|Protect|p1b: Carcosa\n|-singleturn|p1b: Carcosa|Protect\n|move|p1a: H.R.T.|Protect|p1a: H.R.T.\n|-singleturn|p1a: H.R.T.|Protect\n|move|p2a: Aji peruano|Fire Blast|p1b: Carcosa\n|-activate|p1b: Carcosa|move: Protect\n|move|p2b: Mono Selvatico|Yawn|p1a: H.R.T.\n|-activate|p1a: H.R.T.|move: Protect\n|\n|-damage|p1a: H.R.T.|76/100|[from] Leech Seed|[of] p2a: Aji peruano\n|upkeep\n|turn|5\n|\n|t:|1776131468\n|move|p2a: Aji peruano|Leech Seed|p1b: Carcosa\n|-ability|p1b: Carcosa|Sap Sipper|boost\n|-boost|p1b: Carcosa|atk|1\n|move|p1b: Carcosa|Expanding Force|p2a: Aji peruano\n|-damage|p2a: Aji peruano|83/100\n|-status|p1b: Carcosa|brn|[from] ability: Spicy Spray|[of] p2a: Aji peruano\n|move|p2b: Mono Selvatico|Yawn|p1a: H.R.T.\n|-start|p1a: H.R.T.|move: Yawn|[of] p2b: Mono Selvatico\n|move|p1a: H.R.T.|Hurricane|p2a: Aji peruano\n|-supereffective|p2a: Aji peruano|1\n|-damage|p2a: Aji peruano|12/100\n|-status|p1a: H.R.T.|brn|[from] ability: Spicy Spray|[of] p2a: Aji peruano\n|\n|-damage|p1a: H.R.T.|64/100 brn|[from] Leech Seed|[of] p2a: Aji peruano\n|-heal|p2a: Aji peruano|26/100|[silent]\n|-damage|p1b: Carcosa|94/100 brn|[from] brn\n|-damage|p1a: H.R.T.|58/100 brn|[from] brn\n|-fieldend|move: Trick Room\n|upkeep\n|turn|6\n|inactive|ADV169 has 30 seconds left.\n|inactive|PERUANOO has 30 seconds left.\n|\n|t:|1776131501\n|switch|p1a: Catnabis|Meowscarada, L50, F|100/100\n|move|p2a: Aji peruano|Protect|p2a: Aji peruano\n|-singleturn|p2a: Aji peruano|Protect\n|move|p2b: Mono Selvatico|Yawn||[still]\n|-fail|p2b: Mono Selvatico\n|move|p1b: Carcosa|Expanding Force|p2a: Aji peruano\n|-activate|p2a: Aji peruano|move: Protect\n|\n|-heal|p1b: Carcosa|100/100 brn|[from] item: Leftovers\n|-damage|p1b: Carcosa|94/100 brn|[from] brn\n|upkeep\n|turn|7\n|\n|t:|1776131525\n|move|p1a: Catnabis|Shadow Claw|p2a: Aji peruano\n|-start|p1a: Catnabis|typechange|Ghost|[from] ability: Protean\n|-crit|p2a: Aji peruano\n|-damage|p2a: Aji peruano|0 fnt\n|-status|p1a: Catnabis|brn|[from] ability: Spicy Spray|[of] p2a: Aji peruano\n|faint|p2a: Aji peruano\n|move|p1b: Carcosa|Stomping Tantrum|p2b: Mono Selvatico\n|-damage|p2b: Mono Selvatico|62/100\n|move|p2b: Mono Selvatico|Trick Room|p2b: Mono Selvatico\n|-fieldstart|move: Trick Room|[of] p2b: Mono Selvatico\n|\n|-heal|p1b: Carcosa|100/100 brn|[from] item: Leftovers\n|-damage|p1b: Carcosa|94/100 brn|[from] brn\n|-damage|p1a: Catnabis|95/100 brn|[from] brn\n|upkeep\n|\n|t:|1776131541\n|switch|p2a: Tucan|Toucannon, L50, M|100/100\n|turn|8\n|\n|t:|1776131555\n|move|p1b: Carcosa|Psychic Terrain|p1b: Carcosa\n|-fieldstart|move: Psychic Terrain\n|move|p2b: Mono Selvatico|Instruct||[still]\n|-fail|p2b: Mono Selvatico\n|move|p2a: Tucan|Rock Blast|p1b: Carcosa|[miss]\n|-miss|p2a: Tucan|p1b: Carcosa\n|move|p1a: Catnabis|Triple Axel|p2a: Tucan|[miss]\n|-miss|p1a: Catnabis|p2a: Tucan\n|\n|-heal|p1b: Carcosa|100/100 brn|[from] item: Leftovers\n|-damage|p1b: Carcosa|94/100 brn|[from] brn\n|-damage|p1a: Catnabis|89/100 brn|[from] brn\n|upkeep\n|turn|9\n|\n|t:|1776131571\n|move|p1b: Carcosa|Expanding Force|p2b: Mono Selvatico|[spread] p2a,p2b\n|-resisted|p2b: Mono Selvatico|1\n|-damage|p2a: Tucan|39/100\n|-damage|p2b: Mono Selvatico|46/100\n|move|p2b: Mono Selvatico|Instruct|p2a: Tucan\n|-singleturn|p2a: Tucan|move: Instruct|[of] p2b: Mono Selvatico\n|move|p2a: Tucan|Rock Blast|p1b: Carcosa\n|-damage|p1b: Carcosa|87/100 brn\n|-damage|p1b: Carcosa|80/100 brn\n|-damage|p1b: Carcosa|73/100 brn\n|-damage|p1b: Carcosa|66/100 brn\n|-damage|p1b: Carcosa|58/100 brn\n|-hitcount|p1b: Carcosa|5\n|move|p2a: Tucan|Rock Blast|p1a: Catnabis\n|-damage|p1a: Catnabis|72/100 brn\n|-damage|p1a: Catnabis|59/100 brn\n|-damage|p1a: Catnabis|43/100 brn\n|-damage|p1a: Catnabis|29/100 brn\n|-damage|p1a: Catnabis|14/100 brn\n|-hitcount|p1a: Catnabis|5\n|move|p1a: Catnabis|Triple Axel|p2a: Tucan|[miss]\n|-miss|p1a: Catnabis|p2a: Tucan\n|\n|-heal|p1b: Carcosa|64/100 brn|[from] item: Leftovers\n|-damage|p1b: Carcosa|58/100 brn|[from] brn\n|-damage|p1a: Catnabis|8/100 brn|[from] brn\n|upkeep\n|turn|10\n|\n|t:|1776131596\n|move|p1b: Carcosa|Expanding Force|p2a: Tucan|[spread] p2a,p2b\n|-resisted|p2b: Mono Selvatico|1\n|-damage|p2a: Tucan|0 fnt\n|-damage|p2b: Mono Selvatico|27/100\n|faint|p2a: Tucan\n|move|p2b: Mono Selvatico|Instruct|p2: Tucan|[notarget]\n|-fail|p2b: Mono Selvatico\n|move|p1a: Catnabis|Triple Axel|p2b: Mono Selvatico\n|-damage|p2b: Mono Selvatico|25/100\n|-hitcount|p2b: Mono Selvatico|1\n|\n|-heal|p1b: Carcosa|64/100 brn|[from] item: Leftovers\n|-damage|p1b: Carcosa|58/100 brn|[from] brn\n|-damage|p1a: Catnabis|2/100 brn|[from] brn\n|upkeep\n|\n|t:|1776131599\n|switch|p2a: Machu Pichu|Runerigus, L50, M|100/100\n|turn|11\n|\n|t:|1776131612\n|move|p2a: Machu Pichu|Stealth Rock|p1b: Carcosa\n|-sidestart|p1: ADV169|move: Stealth Rock\n|move|p1b: Carcosa|Expanding Force|p2a: Machu Pichu|[spread] p2a,p2b\n|-resisted|p2b: Mono Selvatico|1\n|-damage|p2a: Machu Pichu|62/100\n|-damage|p2b: Mono Selvatico|8/100\n|move|p2b: Mono Selvatico|Hyper Voice|p1a: Catnabis|[spread] p1b\n|-immune|p1a: Catnabis\n|-damage|p1b: Carcosa|39/100 brn\n|move|p1a: Catnabis|Flower Trick|p2a: Machu Pichu\n|-supereffective|p2a: Machu Pichu|1\n|-crit|p2a: Machu Pichu\n|-damage|p2a: Machu Pichu|40/100\n|\n|-heal|p2a: Machu Pichu|46/100|[from] item: Leftovers\n|-heal|p1b: Carcosa|45/100 brn|[from] item: Leftovers\n|-damage|p1b: Carcosa|39/100 brn|[from] brn\n|-damage|p1a: Catnabis|0 fnt|[from] brn\n|faint|p1a: Catnabis\n|-fieldend|move: Trick Room\n|upkeep\n|\n|t:|1776131628\n|switch|p1a: Dish|Rotom-Wash, L50|100/100\n|-damage|p1a: Dish|88/100|[from] Stealth Rock\n|turn|12\n|\n|t:|1776131645\n|move|p1b: Carcosa|Protect|p1b: Carcosa\n|-singleturn|p1b: Carcosa|Protect\n|move|p1a: Dish|Discharge|p2b: Mono Selvatico|[spread] p2b\n|-activate|p1b: Carcosa|move: Protect\n|-immune|p2a: Machu Pichu\n|-damage|p2b: Mono Selvatico|0 fnt\n|faint|p2b: Mono Selvatico\n|move|p2a: Machu Pichu|Will-O-Wisp|p1a: Dish\n|-status|p1a: Dish|brn\n|\n|-heal|p1b: Carcosa|45/100 brn|[from] item: Leftovers\n|-heal|p2a: Machu Pichu|52/100|[from] item: Leftovers\n|-damage|p1a: Dish|83/100 brn|[from] brn\n|-damage|p1b: Carcosa|39/100 brn|[from] brn\n|-fieldend|move: Psychic Terrain\n|upkeep\n|turn|13\n|-message|PERUANOO forfeited.\n|\n|win|ADV169\n|raw|ADV169's rating: 1091 &rarr; <strong>1111</strong><br />(+20 for winning)\n|raw|PERUANOO's rating: 1000 &rarr; <strong>1000</strong><br />(+0 for losing)\n|l|\u2606PERUANOO\n|player|p2|\n",
  "uploadtime": 1776131891,
  "views": 21,
  "formatid": "gen9championsvgc2026regma",
  "rating": 1000,
  "private": 0,
  "password": null
}