{
  "id": "gen9championsvgc2026regma-2580981786",
  "format": "[Gen 9 Champions] VGC 2026 Reg M-A",
  "players": [
    "redistr",
    "actuary97"
  ],
  "log": "|j|\u2606redistr\n|j|\u2606actuary97\n|t:|1775948797\n|gametype|doubles\n|player|p1|redistr|chili|1371\n|player|p2|actuary97|sabrina-frlg|1352\n|gen|9\n|tier|[Gen 9 Champions] VGC 2026 Reg M-A\n|rated|\n|rule|Species Clause: Limit one of each Pok\u00e9mon\n|rule|Item Clause: Limit 1 of each item\n|clearpoke\n|poke|p1|Delphox, L50, F|\n|poke|p1|Garchomp, L50, F|\n|poke|p1|Incineroar, L50, F|\n|poke|p1|Sneasler, L50, F|\n|poke|p1|Kingambit, L50, M|\n|poke|p1|Floette-Eternal, L50, F|\n|poke|p2|Tyranitar, L50, M|\n|poke|p2|Gallade, L50, M|\n|poke|p2|Sinistcha, L50|\n|poke|p2|Corviknight, L50, M|\n|poke|p2|Incineroar, L50, M|\n|poke|p2|Delphox, L50, F|\n|teampreview|4\n|inactive|Battle timer is ON: inactive players will automatically lose when time's up. (requested by redistr)\n|j| gE1xjZRtuhW2DdT0AK\n|inactive|actuary97 has 60 seconds left.\n|\n|t:|1775948851\n|teamsize|p1|4\n|teamsize|p2|4\n|start\n|switch|p1a: Mother|Sneasler, L50, F|100/100\n|switch|p1b: Again Again!|Delphox, L50, F|100/100\n|switch|p2a: Corviknight|Corviknight, L50, M|100/100\n|switch|p2b: Gallade|Gallade, L50, M, shiny|100/100\n|turn|1\n|\n|t:|1775948869\n|switch|p1a: A Diva|Garchomp, L50, F|100/100\n|detailschange|p1b: Again Again!|Delphox-Mega, L50, F\n|-mega|p1b: Again Again!|Delphox|Delphoxite\n|move|p2b: Gallade|Protect|p2b: Gallade\n|-singleturn|p2b: Gallade|Protect\n|move|p1b: Again Again!|Heat Wave|p2a: Corviknight|[spread] p2a\n|-activate|p2b: Gallade|move: Protect\n|-supereffective|p2a: Corviknight|1\n|-damage|p2a: Corviknight|47/100\n|move|p2a: Corviknight|Tailwind|p2a: Corviknight\n|-sidestart|p2: actuary97|move: Tailwind\n|\n|-heal|p2a: Corviknight|53/100|[from] item: Leftovers\n|upkeep\n|turn|2\n|inactive|redistr has 30 seconds left.\n|\n|t:|1775948904\n|move|p2b: Gallade|Psycho Cut|p1a: A Diva\n|-crit|p1a: A Diva\n|-damage|p1a: A Diva|29/100\n|-enditem|p1a: A Diva|Sitrus Berry|[eat]\n|-heal|p1a: A Diva|54/100|[from] item: Sitrus Berry\n|move|p1b: Again Again!|Heat Wave|p2a: Corviknight|[spread] p2a,p2b\n|-supereffective|p2a: Corviknight|1\n|-damage|p2a: Corviknight|2/100\n|-damage|p2b: Gallade|59/100\n|-status|p2b: Gallade|brn\n|move|p2a: Corviknight|Brave Bird|p1a: A Diva\n|-damage|p1a: A Diva|22/100\n|-damage|p2a: Corviknight|0 fnt|[from] ability: Rough Skin|[of] p1a: A Diva\n|faint|p2a: Corviknight\n|move|p1a: A Diva|Rock Slide|p2b: Gallade\n|-resisted|p2b: Gallade|1\n|-crit|p2b: Gallade\n|-damage|p2b: Gallade|24/100 brn\n|\n|-damage|p2b: Gallade|18/100 brn|[from] brn\n|upkeep\n|\n|t:|1775948919\n|switch|p2a: Tyranitar|Tyranitar, L50, M, shiny|100/100\n|-weather|Sandstorm|[from] ability: Sand Stream|[of] p2a: Tyranitar\n|turn|3\n|inactive|actuary97 has 30 seconds left.\n|inactive|actuary97 has 20 seconds left.\n|\n|t:|1775948958\n|switch|p2b: Sinistcha|Sinistcha, L50|100/100\n|detailschange|p2a: Tyranitar|Tyranitar-Mega, L50, M, shiny\n|-mega|p2a: Tyranitar|Tyranitar|Tyranitarite\n|move|p1a: A Diva|Protect|p1a: A Diva\n|-singleturn|p1a: A Diva|Protect\n|move|p2a: Tyranitar|Dragon Dance|p2a: Tyranitar\n|-boost|p2a: Tyranitar|atk|1\n|-boost|p2a: Tyranitar|spe|1\n|move|p1b: Again Again!|Heat Wave|p2b: Sinistcha|[spread] p2a,p2b\n|-resisted|p2a: Tyranitar|1\n|-supereffective|p2b: Sinistcha|1\n|-damage|p2a: Tyranitar|92/100\n|-damage|p2b: Sinistcha|23/100\n|-enditem|p2b: Sinistcha|Sitrus Berry|[eat]\n|-heal|p2b: Sinistcha|48/100|[from] item: Sitrus Berry\n|\n|-weather|Sandstorm|[upkeep]\n|-damage|p1b: Again Again!|95/100|[from] Sandstorm\n|-damage|p2b: Sinistcha|42/100|[from] Sandstorm\n|upkeep\n|turn|4\n|inactive|actuary97 has 30 seconds left.\n|inactive|actuary97 has 20 seconds left.\n|inactive|actuary97 has 15 seconds left.\n|\n|t:|1775948999\n|move|p2a: Tyranitar|Rock Slide|p1a: A Diva|[spread] p1a,p1b\n|-resisted|p1a: A Diva|1\n|-supereffective|p1b: Again Again!|1\n|-damage|p1a: A Diva|0 fnt\n|-damage|p1b: Again Again!|0 fnt\n|faint|p1a: A Diva\n|faint|p1b: Again Again!\n|move|p2b: Sinistcha|Matcha Gotcha|p1: A Diva|[notarget]\n|-fail|p2b: Sinistcha\n|\n|-weather|Sandstorm|[upkeep]\n|-damage|p2b: Sinistcha|35/100|[from] Sandstorm\n|-sideend|p2: actuary97|move: Tailwind\n|upkeep\n|\n|t:|1775949004\n|switch|p1b: Butch Queen|Kingambit, L50, M|100/100\n|switch|p1a: Mother|Sneasler, L50, F|100/100\n|turn|5\n|\n|t:|1775949017\n|switch|p2b: Gallade|Gallade, L50, M, shiny|18/100 brn\n|move|p2a: Tyranitar|Protect|p2a: Tyranitar\n|-singleturn|p2a: Tyranitar|Protect\n|move|p1a: Mother|Fake Out|p2a: Tyranitar\n|-activate|p2a: Tyranitar|move: Protect\n|move|p1b: Butch Queen|Iron Head|p2b: Gallade\n|-damage|p2b: Gallade|0 fnt\n|faint|p2b: Gallade\n|\n|-weather|Sandstorm|[upkeep]\n|-damage|p1a: Mother|95/100|[from] Sandstorm\n|upkeep\n|\n|t:|1775949018\n|switch|p2b: Sinistcha|Sinistcha, L50|35/100\n|-heal|p2a: Tyranitar|100/100|[from] ability: Hospitality|[of] p2b: Sinistcha\n|turn|6\n|\n|t:|1775949035\n|move|p1a: Mother|Protect|p1a: Mother\n|-singleturn|p1a: Mother|Protect\n|move|p2b: Sinistcha|Rage Powder|p2b: Sinistcha\n|-singleturn|p2b: Sinistcha|move: Rage Powder\n|move|p2a: Tyranitar|Rock Slide|p1b: Butch Queen|[spread] p1b\n|-activate|p1a: Mother|move: Protect\n|-resisted|p1b: Butch Queen|1\n|-damage|p1b: Butch Queen|83/100\n|move|p1b: Butch Queen|Low Kick|p2b: Sinistcha\n|-immune|p2b: Sinistcha\n|\n|-weather|Sandstorm|[upkeep]\n|-damage|p1a: Mother|89/100|[from] Sandstorm\n|-damage|p2b: Sinistcha|29/100|[from] Sandstorm\n|upkeep\n|turn|7\n|\n|t:|1775949053\n|move|p1a: Mother|Dire Claw|p2b: Sinistcha\n|-damage|p2b: Sinistcha|0 fnt\n|faint|p2b: Sinistcha\n|move|p2a: Tyranitar|Rock Slide|p1b: Butch Queen|[spread] p1a,p1b\n|-resisted|p1a: Mother|1\n|-resisted|p1b: Butch Queen|1\n|-damage|p1a: Mother|45/100\n|-damage|p1b: Butch Queen|64/100\n|move|p1b: Butch Queen|Low Kick|p2a: Tyranitar\n|-supereffective|p2a: Tyranitar|2\n|-damage|p2a: Tyranitar|0 fnt\n|faint|p2a: Tyranitar\n|\n|win|redistr\n|raw|redistr's rating: 1371 &rarr; <strong>1390</strong><br />(+19 for winning)\n|raw|actuary97's rating: 1352 &rarr; <strong>1333</strong><br />(-19 for losing)\n|l|\u2606actuary97\n|player|p2|\n|l|\u2606redistr\n|player|p1|\n",
  "uploadtime": 1775949076,
  "views": 29,
  "formatid": "gen9championsvgc2026regma",
  "rating": 1333,
  "private": 0,
  "password": null
}