{
  "id": "gen9championsvgc2026regma-2585155814",
  "format": "[Gen 9 Champions] VGC 2026 Reg M-A",
  "players": [
    "kardinloveskermit",
    "Phillip Blevin"
  ],
  "log": "|j|\u2606kardinloveskermit\n|j|\u2606Phillip Blevin\n|t:|1776318681\n|gametype|doubles\n|player|p1|kardinloveskermit|265|1164\n|player|p2|Phillip Blevin|cynthia-masters4|1166\n|gen|9\n|tier|[Gen 9 Champions] VGC 2026 Reg M-A\n|rated|\n|rule|Species Clause: Limit one of each Pok\u00e9mon\n|rule|Item Clause: Limit 1 of each item\n|clearpoke\n|poke|p1|Mamoswine, L50, M|\n|poke|p1|Charizard, L50, M|\n|poke|p1|Sneasler, L50, M|\n|poke|p1|Incineroar, L50, M|\n|poke|p1|Farigiraf, L50, F|\n|poke|p1|Sinistcha, L50|\n|poke|p2|Ceruledge, L50, F|\n|poke|p2|Corviknight, L50, F|\n|poke|p2|Garchomp, L50, M|\n|poke|p2|Arcanine-Hisui, L50, F|\n|poke|p2|Froslass, L50, F|\n|poke|p2|Rotom-Wash, L50|\n|teampreview|4\n|inactive|Battle timer is ON: inactive players will automatically lose when time's up. (requested by Phillip Blevin)\nPhillip Blevin has agreed to open team sheets.\nkardinloveskermit rejected open team sheets.\n|inactive|kardinloveskermit has 60 seconds left.\n|inactive|Phillip Blevin has 60 seconds left.\n|\n|t:|1776318719\n|teamsize|p1|4\n|teamsize|p2|4\n|start\n|switch|p1a: Mamoswine|Mamoswine, L50, M|100/100\n|switch|p1b: Incineroar|Incineroar, L50, M|100/100\n|switch|p2a: Rotom|Rotom-Wash, L50|100/100\n|switch|p2b: Arcanine|Arcanine-Hisui, L50, F|100/100\n|-ability|p2b: Arcanine|Intimidate|boost\n|-fail|p1a: Mamoswine|unboost|Attack|[from] ability: Oblivious|[of] p1a: Mamoswine\n|-unboost|p1b: Incineroar|atk|1\n|-ability|p1b: Incineroar|Intimidate|boost\n|-unboost|p2a: Rotom|atk|1\n|-unboost|p2b: Arcanine|atk|1\n|-enditem|p2b: Arcanine|White Herb\n|-clearnegativeboost|p2b: Arcanine|[silent]\n|turn|1\n|\n|t:|1776318734\n|move|p2b: Arcanine|Protect|p2b: Arcanine\n|-singleturn|p2b: Arcanine|Protect\n|move|p1b: Incineroar|Fake Out|p2a: Rotom\n|-damage|p2a: Rotom|92/100\n|cant|p2a: Rotom|flinch\n|move|p1a: Mamoswine|High Horsepower|p2b: Arcanine\n|-activate|p2b: Arcanine|move: Protect\n|\n|upkeep\n|turn|2\n|\n|t:|1776318745\n|move|p2a: Rotom|Hydro Pump|p1a: Mamoswine\n|-supereffective|p1a: Mamoswine|1\n|-damage|p1a: Mamoswine|0 fnt\n|faint|p1a: Mamoswine\n|move|p2b: Arcanine|Rock Slide|p1b: Incineroar\n|-supereffective|p1b: Incineroar|1\n|-damage|p1b: Incineroar|53/100\n|move|p1b: Incineroar|Parting Shot|p2a: Rotom\n|-unboost|p2a: Rotom|atk|1\n|-unboost|p2a: Rotom|spa|1\n|\n|t:|1776318752\n|switch|p1b: Farigiraf|Farigiraf, L50, F|100/100|[from] Parting Shot\n|\n|upkeep\n|\n|t:|1776318755\n|switch|p1a: Incineroar|Incineroar, L50, M|53/100\n|-ability|p1a: Incineroar|Intimidate|boost\n|-unboost|p2a: Rotom|atk|1\n|-unboost|p2b: Arcanine|atk|1\n|turn|3\n|\n|t:|1776318772\n|switch|p2a: Ceruledge|Ceruledge, L50, F|100/100\n|move|p1a: Incineroar|Fake Out|p2a: Ceruledge\n|-immune|p2a: Ceruledge\n|move|p2b: Arcanine|Rock Slide|p1a: Incineroar|[spread] p1a,p1b\n|-supereffective|p1a: Incineroar|1\n|-damage|p1a: Incineroar|26/100\n|-damage|p1b: Farigiraf|87/100\n|-enditem|p1a: Incineroar|Sitrus Berry|[eat]\n|-heal|p1a: Incineroar|51/100|[from] item: Sitrus Berry\n|move|p1b: Farigiraf|Trick Room|p1b: Farigiraf\n|-fieldstart|move: Trick Room|[of] p1b: Farigiraf\n|\n|-heal|p1b: Farigiraf|93/100|[from] item: Leftovers\n|upkeep\n|turn|4\n|\n|t:|1776318788\n|switch|p2b: Rotom|Rotom-Wash, L50|92/100\n|move|p1b: Farigiraf|Twin Beam|p2a: Ceruledge\n|-damage|p2a: Ceruledge|84/100\n|-damage|p2a: Ceruledge|66/100\n|-hitcount|p2a: Ceruledge|2\n|move|p1a: Incineroar|Darkest Lariat|p2a: Ceruledge\n|-supereffective|p2a: Ceruledge|1\n|-crit|p2a: Ceruledge\n|-damage|p2a: Ceruledge|0 fnt\n|faint|p2a: Ceruledge\n|\n|-heal|p1b: Farigiraf|99/100|[from] item: Leftovers\n|upkeep\n|\n|t:|1776318798\n|switch|p2a: Arcanine|Arcanine-Hisui, L50, F|100/100\n|-ability|p2a: Arcanine|Intimidate|boost\n|-unboost|p1a: Incineroar|atk|1\n|-unboost|p1b: Farigiraf|atk|1\n|turn|5\n|\n|t:|1776318807\n|move|p1a: Incineroar|Darkest Lariat|p2b: Rotom\n|-damage|p2b: Rotom|71/100\n|move|p1b: Farigiraf|Hyper Voice|p2b: Rotom|[spread] p2a,p2b\n|-resisted|p2a: Arcanine|1\n|-damage|p2a: Arcanine|84/100\n|-damage|p2b: Rotom|44/100\n|move|p2a: Arcanine|Rock Slide|p1b: Farigiraf|[spread] p1a,p1b\n|-supereffective|p1a: Incineroar|1\n|-damage|p1a: Incineroar|12/100\n|-damage|p1b: Farigiraf|79/100\n|move|p2b: Rotom|Hydro Pump|p1b: Farigiraf\n|-damage|p1b: Farigiraf|41/100\n|\n|-heal|p1b: Farigiraf|47/100|[from] item: Leftovers\n|upkeep\n|turn|6\n|\n|t:|1776318822\n|move|p1a: Incineroar|Darkest Lariat|p2b: Rotom\n|-damage|p2b: Rotom|19/100\n|move|p1b: Farigiraf|Hyper Voice|p2a: Arcanine|[spread] p2a,p2b\n|-resisted|p2a: Arcanine|1\n|-damage|p2a: Arcanine|67/100\n|-damage|p2b: Rotom|0 fnt\n|faint|p2b: Rotom\n|move|p2a: Arcanine|Flare Blitz|p1b: Farigiraf\n|-damage|p1b: Farigiraf|4/100\n|-status|p1b: Farigiraf|brn\n|-damage|p2a: Arcanine|48/100|[from] Recoil\n|\n|-heal|p1b: Farigiraf|10/100 brn|[from] item: Leftovers\n|-damage|p1b: Farigiraf|4/100 brn|[from] brn\n|upkeep\n|\n|t:|1776318827\n|switch|p2b: Froslass|Froslass, L50, F|100/100\n|turn|7\n|inactive|kardinloveskermit has 30 seconds left.\n|\n|t:|1776318859\n|switch|p1a: Charizard|Charizard, L50, M|100/100\n|move|p2a: Arcanine|Protect|p2a: Arcanine\n|-singleturn|p2a: Arcanine|Protect\n|move|p2b: Froslass|Protect|p2b: Froslass\n|-singleturn|p2b: Froslass|Protect\n|move|p1b: Farigiraf|Twin Beam|p2a: Arcanine\n|-activate|p2a: Arcanine|move: Protect\n|\n|-heal|p1b: Farigiraf|10/100 brn|[from] item: Leftovers\n|-damage|p1b: Farigiraf|4/100 brn|[from] brn\n|-fieldend|move: Trick Room\n|upkeep\n|turn|8\n|inactive|Phillip Blevin has 30 seconds left.\n|inactive|Phillip Blevin has 20 seconds left.\n|\n|t:|1776318899\n|detailschange|p2b: Froslass|Froslass-Mega, L50, F\n|-mega|p2b: Froslass|Froslass|Froslassite\n|-weather|Snowscape|[from] ability: Snow Warning|[of] p2b: Froslass\n|move|p1a: Charizard|Protect|p1a: Charizard\n|-singleturn|p1a: Charizard|Protect\n|move|p2b: Froslass|Blizzard|p1a: Charizard|[spread] p1b\n|-activate|p1a: Charizard|move: Protect\n|-crit|p1b: Farigiraf\n|-damage|p1b: Farigiraf|0 fnt\n|faint|p1b: Farigiraf\n|move|p2a: Arcanine|Rock Slide|p1a: Charizard\n|-activate|p1a: Charizard|move: Protect\n|\n|-weather|Snowscape|[upkeep]\n|upkeep\n|\n|t:|1776318909\n|switch|p1b: Incineroar|Incineroar, L50, M|12/100\n|-ability|p1b: Incineroar|Intimidate|boost\n|-unboost|p2a: Arcanine|atk|1\n|-unboost|p2b: Froslass|atk|1\n|turn|9\n|\n|t:|1776318929\n|detailschange|p1a: Charizard|Charizard-Mega-Y, L50, M\n|-mega|p1a: Charizard|Charizard|Charizardite Y\n|-weather|SunnyDay|[from] ability: Drought|[of] p1a: Charizard\n|move|p2b: Froslass|Protect|p2b: Froslass\n|-singleturn|p2b: Froslass|Protect\n|move|p2a: Arcanine|Protect|p2a: Arcanine\n|-singleturn|p2a: Arcanine|Protect\n|move|p1b: Incineroar|Fake Out|p2a: Arcanine\n|-activate|p2a: Arcanine|move: Protect\n|move|p1a: Charizard|Solar Beam||[still]\n|-prepare|p1a: Charizard|Solar Beam\n|-anim|p1a: Charizard|Solar Beam|p2a: Arcanine\n|-activate|p2a: Arcanine|move: Protect\n|\n|-weather|SunnyDay|[upkeep]\n|upkeep\n|turn|10\n|\n|t:|1776318949\n|move|p2a: Arcanine|Extreme Speed|p1b: Incineroar\n|-damage|p1b: Incineroar|0 fnt\n|faint|p1b: Incineroar\n|move|p2b: Froslass|Ice Beam|p1a: Charizard\n|-damage|p1a: Charizard|53/100\n|move|p1a: Charizard|Solar Beam||[still]\n|-prepare|p1a: Charizard|Solar Beam\n|-anim|p1a: Charizard|Solar Beam|p2a: Arcanine\n|-damage|p2a: Arcanine|0 fnt\n|faint|p2a: Arcanine\n|\n|-weather|SunnyDay|[upkeep]\n|upkeep\n|turn|11\n|\n|t:|1776318962\n|move|p2b: Froslass|Protect|p2b: Froslass\n|-singleturn|p2b: Froslass|Protect\n|move|p1a: Charizard|Flamethrower|p2b: Froslass\n|-activate|p2b: Froslass|move: Protect\n|\n|-weather|SunnyDay|[upkeep]\n|upkeep\n|turn|12\n|\n|t:|1776318977\n|move|p2b: Froslass|Blizzard|p1a: Charizard|[miss]\n|-miss|p2b: Froslass|p1a: Charizard\n|move|p1a: Charizard|Flamethrower|p2b: Froslass\n|-supereffective|p2b: Froslass|1\n|-damage|p2b: Froslass|0 fnt\n|faint|p2b: Froslass\n|\n|win|kardinloveskermit\n|raw|kardinloveskermit's rating: 1164 &rarr; <strong>1189</strong><br />(+25 for winning)\n|raw|Phillip Blevin's rating: 1166 &rarr; <strong>1141</strong><br />(-25 for losing)\n",
  "uploadtime": 1776318978,
  "views": 23,
  "formatid": "gen9championsvgc2026regma",
  "rating": 1141,
  "private": 0,
  "password": null
}