{
  "id": "gen9championsvgc2026regma-2581284849",
  "format": "[Gen 9 Champions] VGC 2026 Reg M-A",
  "players": [
    "Rockletz",
    "DavidTIS"
  ],
  "log": "|j|\u2606Rockletz\n|j|\u2606DavidTIS\n|t:|1775981281\n|gametype|doubles\n|player|p1|Rockletz|hilda-wonderlauncher|1092\n|player|p2|DavidTIS|volkner|1042\n|gen|9\n|tier|[Gen 9 Champions] VGC 2026 Reg M-A\n|rated|\n|rule|Species Clause: Limit one of each Pok\u00e9mon\n|rule|Item Clause: Limit 1 of each item\n|clearpoke\n|poke|p1|Gengar, L50, M|\n|poke|p1|Incineroar, L50, F|\n|poke|p1|Archaludon, L50, F|\n|poke|p1|Pelipper, L50, M|\n|poke|p1|Sinistcha, L50|\n|poke|p1|Sneasler, L50, F|\n|poke|p2|Charizard, L50, F|\n|poke|p2|Venusaur, L50, M|\n|poke|p2|Excadrill, L50, F|\n|poke|p2|Tyranitar, L50, M|\n|poke|p2|Sneasler, L50, F|\n|poke|p2|Corviknight, L50, M|\n|teampreview|4\n|inactive|Battle timer is ON: inactive players will automatically lose when time's up. (requested by DavidTIS)\nDavidTIS rejected open team sheets.\n|inactive|Rockletz has 60 seconds left.\n|inactive|Rockletz has 30 seconds left.\n|inactive|Rockletz has 20 seconds left.\n|inactive|Rockletz has 15 seconds left.\n|inactive|Rockletz has 10 seconds left.\n|\n|t:|1775981366\n|teamsize|p1|4\n|teamsize|p2|4\n|start\n|switch|p1a: Gengar|Gengar, L50, M|100/100\n|switch|p1b: Sneasler|Sneasler, L50, F|100/100\n|switch|p2a: ADICH|Charizard, L50, F|100/100\n|switch|p2b: Venusaur|Venusaur, L50, M|100/100\n|turn|1\n|\n|t:|1775981380\n|detailschange|p1a: Gengar|Gengar-Mega, L50, M\n|-mega|p1a: Gengar|Gengar|Gengarite\n|detailschange|p2a: ADICH|Charizard-Mega-Y, L50, F\n|-mega|p2a: ADICH|Charizard|Charizardite Y\n|-weather|SunnyDay|[from] ability: Drought|[of] p2a: ADICH\n|move|p1b: Sneasler|Fake Out|p2a: ADICH\n|-damage|p2a: ADICH|80/100\n|move|p2b: Venusaur|Sleep Powder|p1b: Sneasler\n|-status|p1b: Sneasler|slp|[from] move: Sleep Powder\n|move|p1a: Gengar|Perish Song|p1a: Gengar\n|-start|p1a: Gengar|perish3|[silent]\n|-start|p1b: Sneasler|perish3|[silent]\n|-start|p2a: ADICH|perish3|[silent]\n|-start|p2b: Venusaur|perish3|[silent]\n|-fieldactivate|move: Perish Song\n|cant|p2a: ADICH|flinch\n|\n|-weather|SunnyDay|[upkeep]\n|-start|p1a: Gengar|perish3\n|-start|p2b: Venusaur|perish3\n|-start|p1b: Sneasler|perish3\n|-start|p2a: ADICH|perish3\n|upkeep\n|turn|2\n|inactive|Rockletz has 30 seconds left.\n|inactive|DavidTIS has 30 seconds left.\n|inactive|Rockletz has 20 seconds left.\n|inactive|DavidTIS has 20 seconds left.\n|inactive|DavidTIS has 15 seconds left.\n|\n|t:|1775981425\n|switch|p1b: Incineroar|Incineroar, L50, F|100/100\n|-ability|p1b: Incineroar|Intimidate|boost\n|-unboost|p2a: ADICH|atk|1\n|-unboost|p2b: Venusaur|atk|1\n|move|p1a: Gengar|Protect|p1a: Gengar\n|-singleturn|p1a: Gengar|Protect\n|move|p2b: Venusaur|Light Screen|p2b: Venusaur\n|-sidestart|p2: DavidTIS|move: Light Screen\n|move|p2a: ADICH|Scorching Sands|p1b: Incineroar\n|-supereffective|p1b: Incineroar|1\n|-damage|p1b: Incineroar|39/100\n|-enditem|p1b: Incineroar|Sitrus Berry|[eat]\n|-heal|p1b: Incineroar|64/100|[from] item: Sitrus Berry\n|\n|-weather|SunnyDay|[upkeep]\n|-start|p2b: Venusaur|perish2\n|-start|p1a: Gengar|perish2\n|-start|p2a: ADICH|perish2\n|upkeep\n|turn|3\n|inactive|Rockletz has 30 seconds left.\n|\n|t:|1775981457\n|move|p1b: Incineroar|Fake Out|p2a: ADICH\n|-damage|p2a: ADICH|66/100\n|move|p2b: Venusaur|Solar Beam||[still]\n|-prepare|p2b: Venusaur|Solar Beam\n|-anim|p2b: Venusaur|Solar Beam|p1a: Gengar\n|-resisted|p1a: Gengar|1\n|-damage|p1a: Gengar|69/100\n|move|p1a: Gengar|Shadow Ball|p2a: ADICH\n|-damage|p2a: ADICH|35/100\n|-unboost|p2a: ADICH|spd|1\n|cant|p2a: ADICH|flinch\n|\n|-weather|SunnyDay|[upkeep]\n|-start|p2b: Venusaur|perish1\n|-start|p1a: Gengar|perish1\n|-start|p2a: ADICH|perish1\n|upkeep\n|turn|4\n|\n|t:|1775981478\n|switch|p1a: Pelipper|Pelipper, L50, M|100/100\n|-weather|RainDance|[from] ability: Drizzle|[of] p1a: Pelipper\n|move|p1b: Incineroar|Protect|p1b: Incineroar\n|-singleturn|p1b: Incineroar|Protect\n|move|p2a: ADICH|Scorching Sands|p1b: Incineroar\n|-activate|p1b: Incineroar|move: Protect\n|move|p2b: Venusaur|Sludge Bomb|p1b: Incineroar\n|-activate|p1b: Incineroar|move: Protect\n|\n|-weather|RainDance|[upkeep]\n|-start|p2a: ADICH|perish0\n|-start|p2b: Venusaur|perish0\n|faint|p2a: ADICH\n|faint|p2b: Venusaur\n|upkeep\n|\n|t:|1775981494\n|switch|p2a: Sneasler|Sneasler, L50, F|100/100\n|switch|p2b: Excadrill|Excadrill, L50, F|100/100\n|turn|5\n|\n|t:|1775981513\n|switch|p1b: Gengar|Gengar-Mega, L50, M|69/100\n|move|p2a: Sneasler|Fake Out|p1a: Pelipper\n|-damage|p1a: Pelipper|84/100\n|move|p2b: Excadrill|Drill Run|p1b: Gengar\n|-supereffective|p1b: Gengar|1\n|-damage|p1b: Gengar|0 fnt\n|faint|p1b: Gengar\n|cant|p1a: Pelipper|flinch\n|\n|-weather|RainDance|[upkeep]\n|upkeep\n|\n|t:|1775981521\n|switch|p1b: Incineroar|Incineroar, L50, F|64/100\n|-ability|p1b: Incineroar|Intimidate|boost\n|-unboost|p2a: Sneasler|atk|1\n|-unboost|p2b: Excadrill|atk|1\n|-enditem|p2a: Sneasler|White Herb\n|-clearnegativeboost|p2a: Sneasler|[silent]\n|turn|6\n|\n|t:|1775981531\n|move|p2b: Excadrill|Protect|p2b: Excadrill\n|-singleturn|p2b: Excadrill|Protect\n|move|p1b: Incineroar|Fake Out|p2a: Sneasler\n|-damage|p2a: Sneasler|82/100\n|cant|p2a: Sneasler|flinch\n|move|p1a: Pelipper|Hydro Pump|p2b: Excadrill\n|-activate|p2b: Excadrill|move: Protect\n|\n|-weather|RainDance|[upkeep]\n|-sideend|p2: DavidTIS|move: Light Screen\n|upkeep\n|turn|7\n|\n|t:|1775981548\n|switch|p1b: Sneasler|Sneasler, L50, F|100/100 slp\n|move|p2a: Sneasler|Close Combat|p1b: Sneasler\n|-resisted|p1b: Sneasler|1\n|-damage|p1b: Sneasler|45/100 slp\n|-unboost|p2a: Sneasler|def|1\n|-unboost|p2a: Sneasler|spd|1\n|move|p2b: Excadrill|Iron Head|p1a: Pelipper\n|-resisted|p1a: Pelipper|1\n|-damage|p1a: Pelipper|68/100\n|move|p1a: Pelipper|Hurricane|p2a: Sneasler\n|-supereffective|p2a: Sneasler|1\n|-crit|p2a: Sneasler\n|-damage|p2a: Sneasler|0 fnt\n|faint|p2a: Sneasler\n|\n|-weather|RainDance|[upkeep]\n|upkeep\n|turn|8\n|\n|t:|1775981572\n|cant|p1b: Sneasler|slp\n|move|p2b: Excadrill|Drill Run|p1b: Sneasler\n|-supereffective|p1b: Sneasler|1\n|-damage|p1b: Sneasler|0 fnt\n|faint|p1b: Sneasler\n|move|p1a: Pelipper|Hydro Pump|p2b: Excadrill\n|-supereffective|p2b: Excadrill|1\n|-damage|p2b: Excadrill|0 fnt\n|faint|p2b: Excadrill\n|\n|win|Rockletz\n|raw|Rockletz's rating: 1092 &rarr; <strong>1114</strong><br />(+22 for winning)\n|raw|DavidTIS's rating: 1042 &rarr; <strong>1028</strong><br />(-14 for losing)\n",
  "uploadtime": 1775981576,
  "views": 18,
  "formatid": "gen9championsvgc2026regma",
  "rating": 1028,
  "private": 0,
  "password": null
}