{
  "id": "gen9championsvgc2026regma-2583372048",
  "format": "[Gen 9 Champions] VGC 2026 Reg M-A",
  "players": [
    "KogaAF1219",
    "Suspenceful"
  ],
  "log": "|j|\u2606KogaAF1219\n|j|\u2606Suspenceful\n|t:|1776170971\n|gametype|doubles\n|player|p1|KogaAF1219|koga|1209\n|player|p2|Suspenceful|steven|1208\n|gen|9\n|tier|[Gen 9 Champions] VGC 2026 Reg M-A\n|rated|\n|rule|Species Clause: Limit one of each Pok\u00e9mon\n|rule|Item Clause: Limit 1 of each item\n|clearpoke\n|poke|p1|Torkoal, L50, M|\n|poke|p1|Venusaur, L50, F|\n|poke|p1|Incineroar, L50, M|\n|poke|p1|Farigiraf, L50, F|\n|poke|p1|Rotom-Fan, L50|\n|poke|p1|Excadrill, L50, F|\n|poke|p2|Aerodactyl, L50, F|\n|poke|p2|Garchomp, L50, F|\n|poke|p2|Incineroar, L50, M|\n|poke|p2|Clefable, L50, M|\n|poke|p2|Sinistcha, L50|\n|poke|p2|Aegislash, L50, F|\n|teampreview|4\n|inactive|Battle timer is ON: inactive players will automatically lose when time's up. (requested by Suspenceful)\n|\n|t:|1776171005\n|teamsize|p1|4\n|teamsize|p2|4\n|start\n|switch|p1a: Rotom|Rotom-Fan, L50|100/100\n|switch|p1b: Farigiraf|Farigiraf, L50, F|100/100\n|switch|p2a: Clefable|Clefable, L50, M|100/100\n|switch|p2b: Garchomp|Garchomp, L50, F|100/100\n|turn|1\n|\n|t:|1776171028\n|move|p2a: Clefable|Helping Hand|p2b: Garchomp\n|-singleturn|p2b: Garchomp|Helping Hand|[of] p2a: Clefable\n|move|p1a: Rotom|Will-O-Wisp|p2b: Garchomp\n|-status|p2b: Garchomp|brn\n|move|p2b: Garchomp|Dragon Claw|p1a: Rotom\n|-damage|p1a: Rotom|69/100\n|move|p1b: Farigiraf|Trick Room|p1b: Farigiraf\n|-fieldstart|move: Trick Room|[of] p1b: Farigiraf\n|\n|-damage|p2b: Garchomp|94/100 brn|[from] brn\n|upkeep\n|turn|2\n|\n|t:|1776171051\n|switch|p1a: Torkoal|Torkoal, L50, M|100/100\n|-weather|SunnyDay|[from] ability: Drought|[of] p1a: Torkoal\n|move|p2b: Garchomp|Protect|p2b: Garchomp\n|-singleturn|p2b: Garchomp|Protect\n|move|p1b: Farigiraf|Dazzling Gleam|p2b: Garchomp|[spread] p2a\n|-activate|p2b: Garchomp|move: Protect\n|-damage|p2a: Clefable|81/100\n|move|p2a: Clefable|Moonblast|p1b: Farigiraf\n|-damage|p1b: Farigiraf|67/100\n|\n|-weather|SunnyDay|[upkeep]\n|-damage|p2b: Garchomp|88/100 brn|[from] brn\n|upkeep\n|turn|3\n|\n|t:|1776171069\n|detailschange|p2a: Clefable|Clefable-Mega, L50, M\n|-mega|p2a: Clefable|Clefable|Clefablite\n|move|p2a: Clefable|Protect|p2a: Clefable\n|-singleturn|p2a: Clefable|Protect\n|move|p1a: Torkoal|Eruption|p2b: Garchomp|[spread] p2b\n|-activate|p2a: Clefable|move: Protect\n|-resisted|p2b: Garchomp|1\n|-damage|p2b: Garchomp|41/100 brn\n|move|p1b: Farigiraf|Dazzling Gleam|p2b: Garchomp|[spread] p2b\n|-activate|p2a: Clefable|move: Protect\n|-supereffective|p2b: Garchomp|1\n|-damage|p2b: Garchomp|0 fnt\n|faint|p2b: Garchomp\n|\n|-weather|SunnyDay|[upkeep]\n|upkeep\n|\n|t:|1776171083\n|switch|p2b: Incineroar|Incineroar, L50, M|100/100\n|-ability|p2b: Incineroar|Intimidate|boost\n|-unboost|p1a: Torkoal|atk|1\n|-unboost|p1b: Farigiraf|atk|1\n|turn|4\n|\n|t:|1776171096\n|move|p2a: Clefable|Follow Me|p2a: Clefable\n|-singleturn|p2a: Clefable|move: Follow Me\n|move|p1a: Torkoal|Eruption|p2b: Incineroar|[spread] p2a,p2b\n|-resisted|p2b: Incineroar|1\n|-damage|p2a: Clefable|21/100\n|-damage|p2b: Incineroar|68/100\n|move|p1b: Farigiraf|Dazzling Gleam|p2a: Clefable|[spread] p2a,p2b\n|-damage|p2a: Clefable|7/100\n|-damage|p2b: Incineroar|51/100\n|move|p2b: Incineroar|Parting Shot|p1a: Torkoal\n|-unboost|p1a: Torkoal|atk|1\n|-unboost|p1a: Torkoal|spa|1\n|\n|t:|1776171101\n|switch|p2b: Aerodactyl|Aerodactyl, L50, F|100/100|[from] Parting Shot\n|-ability|p2b: Aerodactyl|Unnerve\n|\n|-weather|SunnyDay|[upkeep]\n|upkeep\n|turn|5\n|\n|t:|1776171124\n|move|p1a: Torkoal|Eruption|p2a: Clefable|[spread] p2a,p2b\n|-resisted|p2b: Aerodactyl|1\n|-damage|p2a: Clefable|0 fnt\n|-damage|p2b: Aerodactyl|62/100\n|faint|p2a: Clefable\n|move|p1b: Farigiraf|Thunderbolt|p2b: Aerodactyl\n|-supereffective|p2b: Aerodactyl|1\n|-damage|p2b: Aerodactyl|0 fnt\n|faint|p2b: Aerodactyl\n|\n|-weather|SunnyDay|[upkeep]\n|-fieldend|move: Trick Room\n|upkeep\n|\n|t:|1776171127\n|switch|p2b: Incineroar|Incineroar, L50, M|51/100\n|-ability|p2b: Incineroar|Intimidate|boost\n|-unboost|p1a: Torkoal|atk|1\n|-unboost|p1b: Farigiraf|atk|1\n|turn|6\n|-message|Suspenceful forfeited.\n|\n|win|KogaAF1219\n|raw|KogaAF1219's rating: 1209 &rarr; <strong>1234</strong><br />(+25 for winning)\n|raw|Suspenceful's rating: 1208 &rarr; <strong>1183</strong><br />(-25 for losing)\n|l|\u2606Suspenceful\n|player|p2|\n",
  "uploadtime": 1776171138,
  "views": 16,
  "formatid": "gen9championsvgc2026regma",
  "rating": 1183,
  "private": 0,
  "password": null
}