{
  "id": "gen9championsvgc2026regma-2586791610",
  "format": "[Gen 9 Champions] VGC 2026 Reg M-A",
  "players": [
    "AllNealB4Me",
    "MiifaVT"
  ],
  "log": "|j|\u203dAllNealB4Me\n|j|\u2606MiifaVT\n|t:|1776460222\n|gametype|doubles\n|player|p1|AllNealB4Me|101|1196\n|player|p2|MiifaVT|170|1245\n|gen|9\n|tier|[Gen 9 Champions] VGC 2026 Reg M-A\n|rated|\n|rule|Species Clause: Limit one of each Pok\u00e9mon\n|rule|Item Clause: Limit 1 of each item\n|clearpoke\n|poke|p1|Whimsicott, L50, F|\n|poke|p1|Charizard, L50, F|\n|poke|p1|Raichu-Alola, L50, M|\n|poke|p1|Sneasler, L50, F|\n|poke|p1|Kingambit, L50, M|\n|poke|p1|Torkoal, L50, M|\n|poke|p2|Whimsicott, L50, M|\n|poke|p2|Venusaur, L50, F|\n|poke|p2|Charizard, L50, M|\n|poke|p2|Glimmora, L50, M|\n|poke|p2|Incineroar, L50, M|\n|poke|p2|Froslass, L50, F|\n|teampreview|4\n|\n|t:|1776460282\n|teamsize|p1|4\n|teamsize|p2|4\n|start\n|switch|p1a: Whimsicott|Whimsicott, L50, F|100/100\n|switch|p1b: Sneasler|Sneasler, L50, F|100/100\n|switch|p2a: Glimmora|Glimmora, L50, M|100/100\n|switch|p2b: Incineroar|Incineroar, L50, M|100/100\n|-ability|p2b: Incineroar|Intimidate|boost\n|-unboost|p1a: Whimsicott|atk|1\n|-unboost|p1b: Sneasler|atk|1\n|-enditem|p1b: Sneasler|White Herb\n|-clearnegativeboost|p1b: Sneasler|[silent]\n|turn|1\n|\n|t:|1776460304\n|move|p1a: Whimsicott|Protect|p1a: Whimsicott\n|-singleturn|p1a: Whimsicott|Protect\n|move|p1b: Sneasler|Fake Out|p2a: Glimmora\n|-resisted|p2a: Glimmora|1\n|-damage|p2a: Glimmora|91/100\n|-activate|p2a: Glimmora|ability: Toxic Debris\n|-sidestart|p1: AllNealB4Me|move: Toxic Spikes\n|move|p2b: Incineroar|Fake Out|p1a: Whimsicott\n|-activate|p1a: Whimsicott|move: Protect\n|cant|p2a: Glimmora|flinch\n|\n|upkeep\n|turn|2\n|\n|t:|1776460320\n|move|p1a: Whimsicott|Tailwind|p1a: Whimsicott\n|-sidestart|p1: AllNealB4Me|move: Tailwind\n|move|p1b: Sneasler|Close Combat|p2b: Incineroar\n|-supereffective|p2b: Incineroar|1\n|-damage|p2b: Incineroar|0 fnt\n|-unboost|p1b: Sneasler|def|1\n|-unboost|p1b: Sneasler|spd|1\n|faint|p2b: Incineroar\n|move|p2a: Glimmora|Earth Power|p1b: Sneasler\n|-supereffective|p1b: Sneasler|1\n|-damage|p1b: Sneasler|0 fnt\n|faint|p1b: Sneasler\n|\n|upkeep\n|\n|t:|1776460334\n|switch|p1b: Raichu|Raichu-Alola, L50, M|100/100\n|switch|p2b: Venusaur|Venusaur, L50, F|100/100\n|-status|p1b: Raichu|psn\n|turn|3\n|\n|t:|1776460376\n|move|p1a: Whimsicott|Encore|p2a: Glimmora\n|-start|p2a: Glimmora|Encore\n|move|p1b: Raichu|Volt Switch|p2b: Venusaur\n|-resisted|p2b: Venusaur|1\n|-damage|p2b: Venusaur|87/100\n|\n|t:|1776460381\n|switch|p1b: Charizard|Charizard, L50, F|100/100|[from] Volt Switch\n|move|p2a: Glimmora|Earth Power|p1a: Whimsicott\n|-resisted|p1a: Whimsicott|1\n|-damage|p1a: Whimsicott|76/100\n|move|p2b: Venusaur|Sludge Bomb|p1a: Whimsicott\n|-supereffective|p1a: Whimsicott|2\n|-damage|p1a: Whimsicott|0 fnt\n|faint|p1a: Whimsicott\n|\n|-heal|p2b: Venusaur|92/100|[from] item: Leftovers\n|upkeep\n|\n|t:|1776460390\n|switch|p1a: Raichu|Raichu-Alola, L50, M|100/100 psn\n|turn|4\n|inactive|Battle timer is ON: inactive players will automatically lose when time's up. (requested by AllNealB4Me)\n|\n|t:|1776460407\n|detailschange|p1b: Charizard|Charizard-Mega-X, L50, F\n|-mega|p1b: Charizard|Charizard|Charizardite X\n|move|p1a: Raichu|Psychic|p2a: Glimmora\n|-supereffective|p2a: Glimmora|1\n|-damage|p2a: Glimmora|0 fnt\n|faint|p2a: Glimmora\n|move|p1b: Charizard|Flare Blitz|p2b: Venusaur\n|-supereffective|p2b: Venusaur|1\n|-damage|p2b: Venusaur|0 fnt\n|faint|p2b: Venusaur\n|-damage|p1b: Charizard|64/100|[from] Recoil\n|\n|-damage|p1a: Raichu|88/100 psn|[from] psn\n|upkeep\n|\n|t:|1776460419\n|switch|p2b: Froslass|Froslass, L50, F|100/100\n|turn|5\n|\n|t:|1776460427\n|detailschange|p2b: Froslass|Froslass-Mega, L50, F\n|-mega|p2b: Froslass|Froslass|Froslassite\n|-weather|Snowscape|[from] ability: Snow Warning|[of] p2b: Froslass\n|move|p2b: Froslass|Protect|p2b: Froslass\n|-singleturn|p2b: Froslass|Protect\n|move|p1a: Raichu|Psychic|p2b: Froslass\n|-activate|p2b: Froslass|move: Protect\n|move|p1b: Charizard|Dragon Dance|p1b: Charizard\n|-boost|p1b: Charizard|atk|1\n|-boost|p1b: Charizard|spe|1\n|\n|-weather|Snowscape|[upkeep]\n|-damage|p1a: Raichu|76/100 psn|[from] psn\n|-sideend|p1: AllNealB4Me|move: Tailwind\n|upkeep\n|turn|6\n|\n|t:|1776460440\n|move|p1a: Raichu|Psychic|p2b: Froslass\n|-damage|p2b: Froslass|61/100\n|move|p1b: Charizard|Flare Blitz|p2b: Froslass\n|-supereffective|p2b: Froslass|1\n|-damage|p2b: Froslass|0 fnt\n|faint|p2b: Froslass\n|-damage|p1b: Charizard|44/100|[from] Recoil\n|\n|win|AllNealB4Me\n|raw|AllNealB4Me's rating: 1196 &rarr; <strong>1225</strong><br />(+29 for winning)\n|raw|MiifaVT's rating: 1245 &rarr; <strong>1216</strong><br />(-29 for losing)\n|l|\u2606MiifaVT\n|player|p2|\n",
  "uploadtime": 1776460465,
  "views": 44,
  "formatid": "gen9championsvgc2026regma",
  "rating": 1216,
  "private": 0,
  "password": null
}