{
  "id": "gen9championsvgc2026regma-2585216650",
  "format": "[Gen 9 Champions] VGC 2026 Reg M-A",
  "players": [
    "Seaslugg22",
    "MarsieHehe"
  ],
  "log": "|j|\u2606Seaslugg22\n|j|\u2606MarsieHehe\n|t:|1776326112\n|gametype|doubles\n|player|p1|Seaslugg22|170|1068\n|player|p2|MarsieHehe|102|1024\n|gen|9\n|tier|[Gen 9 Champions] VGC 2026 Reg M-A\n|rated|\n|rule|Species Clause: Limit one of each Pok\u00e9mon\n|rule|Item Clause: Limit 1 of each item\n|clearpoke\n|poke|p1|Ninetales, L50, M|\n|poke|p1|Hydreigon, L50, F|\n|poke|p1|Maushold-Four, L50|\n|poke|p1|Glimmora, L50, F|\n|poke|p1|Corviknight, L50, M|\n|poke|p1|Sneasler, L50, M|\n|poke|p2|Froslass, L50, F|\n|poke|p2|Sneasler, L50, F|\n|poke|p2|Rotom-Frost, L50|\n|poke|p2|Garchomp, L50, F|\n|poke|p2|Maushold, L50|\n|poke|p2|Kingambit, L50, M|\n|teampreview|4\n|inactive|Battle timer is ON: inactive players will automatically lose when time's up. (requested by Seaslugg22)\nMarsieHehe rejected open team sheets.\n|inactive|Seaslugg22 has 60 seconds left.\n|inactive|MarsieHehe has 60 seconds left.\n|\n|t:|1776326154\n|teamsize|p1|4\n|teamsize|p2|4\n|start\n|switch|p1a: Corviknight|Corviknight, L50, M|100/100\n|switch|p1b: Glimmora|Glimmora, L50, F, shiny|100/100\n|switch|p2a: Froslass|Froslass, L50, F|100/100\n|switch|p2b: Maushold|Maushold, L50|100/100\n|turn|1\n|\n|t:|1776326174\n|detailschange|p2a: Froslass|Froslass-Mega, L50, F\n|-mega|p2a: Froslass|Froslass|Froslassite\n|-weather|Snowscape|[from] ability: Snow Warning|[of] p2a: Froslass\n|move|p2b: Maushold|Follow Me|p2b: Maushold\n|-singleturn|p2b: Maushold|move: Follow Me\n|move|p2a: Froslass|Aurora Veil|p2a: Froslass\n|-sidestart|p2: MarsieHehe|move: Aurora Veil\n|move|p1b: Glimmora|Power Gem|p2b: Maushold\n|-damage|p2b: Maushold|63/100\n|move|p1a: Corviknight|Dual Wingbeat|p2b: Maushold\n|-damage|p2b: Maushold|50/100\n|-damage|p2b: Maushold|37/100\n|-hitcount|p2b: Maushold|2\n|\n|-weather|Snowscape|[upkeep]\n|upkeep\n|turn|2\n|inactive|MarsieHehe has 30 seconds left.\n|\n|t:|1776326203\n|switch|p1b: Ninetales|Ninetales, L50, M, shiny|100/100\n|-weather|SunnyDay|[from] ability: Drought|[of] p1b: Ninetales\n|move|p2a: Froslass|Blizzard|p1a: Corviknight|[spread] p1a,p1b\n|-resisted|p1b: Ninetales|1\n|-damage|p1a: Corviknight|58/100\n|-damage|p1b: Ninetales|72/100\n|move|p2b: Maushold|Population Bomb|p1a: Corviknight\n|-resisted|p1a: Corviknight|1\n|-damage|p1a: Corviknight|55/100\n|-resisted|p1a: Corviknight|1\n|-crit|p1a: Corviknight\n|-damage|p1a: Corviknight|51/100\n|-resisted|p1a: Corviknight|1\n|-damage|p1a: Corviknight|48/100\n|-hitcount|p1a: Corviknight|3\n|cant|p1a: Corviknight|flinch\n|\n|-weather|SunnyDay|[upkeep]\n|-heal|p1a: Corviknight|54/100|[from] item: Leftovers\n|upkeep\n|turn|3\n|\n|t:|1776326226\n|switch|p2a: Rotom|Rotom-Frost, L50|100/100\n|move|p2b: Maushold|Follow Me|p2b: Maushold\n|-singleturn|p2b: Maushold|move: Follow Me\n|move|p1b: Ninetales|Heat Wave|p2a: Rotom|[spread] p2a,p2b\n|-supereffective|p2a: Rotom|1\n|-damage|p2a: Rotom|64/100\n|-damage|p2b: Maushold|6/100\n|move|p1a: Corviknight|Tailwind|p1a: Corviknight\n|-sidestart|p1: Seaslugg22|move: Tailwind\n|\n|-weather|SunnyDay|[upkeep]\n|-heal|p1a: Corviknight|59/100|[from] item: Leftovers\n|upkeep\n|turn|4\n|\n|t:|1776326248\n|switch|p1b: Sneasler|Sneasler, L50, M|100/100\n|switch|p2b: Froslass|Froslass-Mega, L50, F|100/100\n|-weather|Snowscape|[from] ability: Snow Warning|[of] p2b: Froslass\n|move|p1a: Corviknight|Dual Wingbeat|p2b: Froslass\n|-damage|p2b: Froslass|89/100\n|-damage|p2b: Froslass|78/100\n|-hitcount|p2b: Froslass|2\n|move|p2a: Rotom|Volt Switch|p1a: Corviknight\n|-supereffective|p1a: Corviknight|1\n|-damage|p1a: Corviknight|3/100\n|\n|t:|1776326261\n|switch|p2a: Maushold|Maushold, L50|6/100|[from] Volt Switch\n|\n|-weather|Snowscape|[upkeep]\n|-heal|p1a: Corviknight|9/100|[from] item: Leftovers\n|upkeep\n|turn|5\n|\n|t:|1776326272\n|switch|p1a: Ninetales|Ninetales, L50, M, shiny|72/100\n|-weather|SunnyDay|[from] ability: Drought|[of] p1a: Ninetales\n|move|p2a: Maushold|Protect|p2a: Maushold\n|-singleturn|p2a: Maushold|Protect\n|move|p1b: Sneasler|Fake Out|p2a: Maushold\n|-activate|p2a: Maushold|move: Protect\n|move|p2b: Froslass|Blizzard|p1a: Ninetales|[spread] \n|-miss|p2b: Froslass|p1a: Ninetales\n|-miss|p2b: Froslass|p1b: Sneasler\n|\n|-weather|SunnyDay|[upkeep]\n|-sideend|p2: MarsieHehe|move: Aurora Veil\n|upkeep\n|turn|6\n|inactive|MarsieHehe has 30 seconds left.\n|\n|t:|1776326303\n|move|p2a: Maushold|Helping Hand|p2b: Froslass\n|-singleturn|p2b: Froslass|Helping Hand|[of] p2a: Maushold\n|move|p1b: Sneasler|Protect|p1b: Sneasler\n|-singleturn|p1b: Sneasler|Protect\n|move|p1a: Ninetales|Heat Wave|p2a: Maushold|[spread] p2a,p2b\n|-supereffective|p2b: Froslass|1\n|-damage|p2a: Maushold|0 fnt\n|-damage|p2b: Froslass|11/100\n|faint|p2a: Maushold\n|move|p2b: Froslass|Shadow Ball|p1a: Ninetales\n|-damage|p1a: Ninetales|0 fnt\n|faint|p1a: Ninetales\n|\n|-weather|SunnyDay|[upkeep]\n|-sideend|p1: Seaslugg22|move: Tailwind\n|upkeep\n|\n|t:|1776326320\n|switch|p2a: Garchomp|Garchomp, L50, F|100/100\n|switch|p1a: Glimmora|Glimmora, L50, F, shiny|100/100\n|turn|7\n|\n|t:|1776326331\n|switch|p2b: Rotom|Rotom-Frost, L50|64/100\n|detailschange|p1a: Glimmora|Glimmora-Mega, L50, F, shiny\n|-mega|p1a: Glimmora|Glimmora|Glimmoranite\n|move|p1a: Glimmora|Protect|p1a: Glimmora\n|-singleturn|p1a: Glimmora|Protect\n|move|p2a: Garchomp|Earthquake|p1a: Glimmora|[spread] p1b\n|-activate|p1a: Glimmora|move: Protect\n|-immune|p2b: Rotom|[from] ability: Levitate\n|-supereffective|p1b: Sneasler|1\n|-damage|p1b: Sneasler|0 fnt\n|faint|p1b: Sneasler\n|\n|-weather|SunnyDay|[upkeep]\n|upkeep\n|\n|t:|1776326343\n|switch|p1b: Corviknight|Corviknight, L50, M|9/100\n|turn|8\n|-message|Seaslugg22 forfeited.\n|\n|win|MarsieHehe\n|raw|Seaslugg22's rating: 1068 &rarr; <strong>1045</strong><br />(-23 for losing)\n|raw|MarsieHehe's rating: 1024 &rarr; <strong>1065</strong><br />(+41 for winning)\n|l|\u2606Seaslugg22\n|player|p1|\n",
  "uploadtime": 1776326357,
  "views": 32,
  "formatid": "gen9championsvgc2026regma",
  "rating": 1045,
  "private": 0,
  "password": null
}