{
  "id": "gen9championsvgc2026regma-2581229454",
  "format": "[Gen 9 Champions] VGC 2026 Reg M-A",
  "players": [
    "nnachito060820112",
    "Evanquisher"
  ],
  "log": "|j|\u2606nnachito060820112\n|j|\u2606Evanquisher\n|t:|1775973545\n|gametype|doubles\n|player|p1|nnachito060820112|265|1085\n|player|p2|Evanquisher|giovanni|1146\n|gen|9\n|tier|[Gen 9 Champions] VGC 2026 Reg M-A\n|rated|\n|rule|Species Clause: Limit one of each Pok\u00e9mon\n|rule|Item Clause: Limit 1 of each item\n|clearpoke\n|poke|p1|Whimsicott, L50, M|\n|poke|p1|Charizard, L50, F|\n|poke|p1|Venusaur, L50, M|\n|poke|p1|Garchomp, L50, F|\n|poke|p1|Typhlosion, L50, F|\n|poke|p1|Hydreigon, L50, M|\n|poke|p2|Glimmora, L50, F|\n|poke|p2|Whimsicott, L50, F|\n|poke|p2|Araquanid, L50, F|\n|poke|p2|Incineroar, L50, F|\n|poke|p2|Corviknight, L50, F|\n|poke|p2|Espathra, L50, M|\n|teampreview|4\n|\n|t:|1775973581\n|teamsize|p1|4\n|teamsize|p2|4\n|start\n|switch|p1a: Charizard|Charizard, L50, F, shiny|100/100\n|switch|p1b: Garchomp|Garchomp, L50, F|100/100\n|switch|p2a: Whimsicott|Whimsicott, L50, F, shiny|100/100\n|switch|p2b: Espathra|Espathra, L50, M, shiny|100/100\n|turn|1\n|\n|t:|1775973621\n|switch|p2a: Araquanid|Araquanid, L50, F, shiny|100/100\n|detailschange|p1a: Charizard|Charizard-Mega-Y, L50, F, shiny\n|-mega|p1a: Charizard|Charizard|Charizardite Y\n|-weather|SunnyDay|[from] ability: Drought|[of] p1a: Charizard\n|move|p2b: Espathra|Calm Mind|p2b: Espathra\n|-boost|p2b: Espathra|spa|1\n|-boost|p2b: Espathra|spd|1\n|move|p1b: Garchomp|Crunch|p2b: Espathra\n|-supereffective|p2b: Espathra|1\n|-damage|p2b: Espathra|0 fnt\n|faint|p2b: Espathra\n|move|p1a: Charizard|Weather Ball|p2a: Araquanid\n|-damage|p2a: Araquanid|71/100\n|\n|-weather|SunnyDay|[upkeep]\n|upkeep\n|\n|t:|1775973639\n|switch|p2b: Glimmora|Glimmora, L50, F|100/100\n|turn|2\n|\n|t:|1775973656\n|switch|p1a: Hydreigon|Hydreigon, L50, M, shiny|100/100\n|detailschange|p2b: Glimmora|Glimmora-Mega, L50, F\n|-mega|p2b: Glimmora|Glimmora|Glimmoranite\n|move|p2a: Araquanid|Wide Guard|p2a: Araquanid\n|-singleturn|p2a: Araquanid|Wide Guard\n|move|p2b: Glimmora|Power Gem|p1a: Hydreigon\n|-damage|p1a: Hydreigon|34/100\n|move|p1b: Garchomp|Earthquake|p2a: Araquanid|[spread] \n|-activate|p2a: Araquanid|move: Wide Guard\n|-activate|p2b: Glimmora|move: Wide Guard\n|-immune|p1a: Hydreigon|[from] ability: Levitate\n|\n|-weather|SunnyDay|[upkeep]\n|upkeep\n|turn|3\n|\n|t:|1775973685\n|move|p2b: Glimmora|Spiky Shield|p2b: Glimmora\n|-singleturn|p2b: Glimmora|move: Protect\n|move|p1b: Garchomp|Earthquake|p2b: Glimmora|[spread] p2a\n|-activate|p2b: Glimmora|move: Protect\n|-immune|p1a: Hydreigon|[from] ability: Levitate\n|-resisted|p2a: Araquanid|1\n|-damage|p2a: Araquanid|47/100\n|move|p1a: Hydreigon|Draco Meteor|p2b: Glimmora\n|-activate|p2b: Glimmora|move: Protect\n|move|p2a: Araquanid|Leech Life|p1a: Hydreigon\n|-supereffective|p1a: Hydreigon|1\n|-damage|p1a: Hydreigon|0 fnt\n|-heal|p2a: Araquanid|63/100|[from] drain|[of] p1a: Hydreigon\n|faint|p1a: Hydreigon\n|\n|-weather|SunnyDay|[upkeep]\n|upkeep\n|\n|t:|1775973723\n|switch|p1a: Typhlosion|Typhlosion, L50, F|100/100\n|turn|4\n|\n|t:|1775973736\n|move|p2a: Araquanid|Wide Guard|p2a: Araquanid\n|-singleturn|p2a: Araquanid|Wide Guard\n|move|p1a: Typhlosion|Scorching Sands|p2b: Glimmora\n|-supereffective|p2b: Glimmora|2\n|-damage|p2b: Glimmora|0 fnt\n|faint|p2b: Glimmora\n|move|p1b: Garchomp|Rock Slide|p2a: Araquanid\n|-activate|p2a: Araquanid|move: Wide Guard\n|\n|-weather|SunnyDay|[upkeep]\n|upkeep\n|\n|t:|1775973744\n|switch|p2b: Whimsicott|Whimsicott, L50, F, shiny|100/100\n|turn|5\n|\n|t:|1775973763\n|switch|p1a: Charizard|Charizard-Mega-Y, L50, F, shiny|100/100\n|move|p2b: Whimsicott|Encore||[still]\n|-fail|p2b: Whimsicott\n|move|p1b: Garchomp|Rock Slide|p2a: Araquanid|[spread] p2a,p2b\n|-supereffective|p2a: Araquanid|1\n|-damage|p2a: Araquanid|15/100\n|-damage|p2b: Whimsicott|77/100\n|move|p2a: Araquanid|Liquidation|p1a: Charizard\n|-supereffective|p1a: Charizard|1\n|-damage|p1a: Charizard|13/100\n|\n|-weather|none\n|upkeep\n|turn|6\n|\n|t:|1775973787\n|switch|p1a: Typhlosion|Typhlosion, L50, F|100/100\n|move|p2a: Araquanid|Wide Guard|p2a: Araquanid\n|-singleturn|p2a: Araquanid|Wide Guard\n|move|p2b: Whimsicott|Moonblast|p1a: Typhlosion\n|-resisted|p1a: Typhlosion|1\n|-damage|p1a: Typhlosion|81/100\n|move|p1b: Garchomp|Rock Slide|p2b: Whimsicott|[spread] \n|-activate|p2a: Araquanid|move: Wide Guard\n|-activate|p2b: Whimsicott|move: Wide Guard\n|\n|upkeep\n|turn|7\n|\n|t:|1775973805\n|switch|p1b: Charizard|Charizard-Mega-Y, L50, F, shiny|13/100\n|-weather|SunnyDay|[from] ability: Drought|[of] p1b: Charizard\n|move|p2a: Araquanid|Wide Guard|p2a: Araquanid\n|-singleturn|p2a: Araquanid|Wide Guard\n|move|p1a: Typhlosion|Eruption|p2b: Whimsicott|[spread] \n|-activate|p2a: Araquanid|move: Wide Guard\n|-activate|p2b: Whimsicott|move: Wide Guard\n|move|p2b: Whimsicott|Moonblast|p1b: Charizard\n|-resisted|p1b: Charizard|1\n|-damage|p1b: Charizard|0 fnt\n|faint|p1b: Charizard\n|\n|-weather|SunnyDay|[upkeep]\n|upkeep\n|\n|t:|1775973811\n|switch|p1b: Garchomp|Garchomp, L50, F|100/100\n|turn|8\n|\n|t:|1775973830\n|move|p2a: Araquanid|Wide Guard|p2a: Araquanid\n|-singleturn|p2a: Araquanid|Wide Guard\n|move|p1a: Typhlosion|Eruption|p2b: Whimsicott|[spread] \n|-activate|p2a: Araquanid|move: Wide Guard\n|-activate|p2b: Whimsicott|move: Wide Guard\n|move|p2b: Whimsicott|Moonblast|p1b: Garchomp\n|-supereffective|p1b: Garchomp|1\n|-damage|p1b: Garchomp|41/100\n|-enditem|p1b: Garchomp|Sitrus Berry|[eat]\n|-heal|p1b: Garchomp|66/100|[from] item: Sitrus Berry\n|move|p1b: Garchomp|Rock Slide|p2b: Whimsicott|[spread] \n|-activate|p2a: Araquanid|move: Wide Guard\n|-activate|p2b: Whimsicott|move: Wide Guard\n|\n|-weather|SunnyDay|[upkeep]\n|upkeep\n|turn|9\n|\n|t:|1775973856\n|move|p2a: Araquanid|Wide Guard|p2a: Araquanid\n|-singleturn|p2a: Araquanid|Wide Guard\n|move|p2b: Whimsicott|Encore|p1b: Garchomp\n|-start|p1b: Garchomp|Encore\n|move|p1a: Typhlosion|Eruption|p2b: Whimsicott|[spread] \n|-activate|p2a: Araquanid|move: Wide Guard\n|-activate|p2b: Whimsicott|move: Wide Guard\n|move|p1b: Garchomp|Rock Slide|p2b: Whimsicott|[spread] \n|-activate|p2a: Araquanid|move: Wide Guard\n|-activate|p2b: Whimsicott|move: Wide Guard\n|\n|-weather|SunnyDay|[upkeep]\n|upkeep\n|turn|10\n|\n|t:|1775973888\n|move|p2a: Araquanid|Wide Guard|p2a: Araquanid\n|-singleturn|p2a: Araquanid|Wide Guard\n|move|p1a: Typhlosion|Eruption|p2b: Whimsicott|[spread] \n|-activate|p2a: Araquanid|move: Wide Guard\n|-activate|p2b: Whimsicott|move: Wide Guard\n|move|p2b: Whimsicott|Moonblast|p1b: Garchomp\n|-supereffective|p1b: Garchomp|1\n|-damage|p1b: Garchomp|3/100\n|move|p1b: Garchomp|Rock Slide|p2b: Whimsicott|[spread] \n|-activate|p2a: Araquanid|move: Wide Guard\n|-activate|p2b: Whimsicott|move: Wide Guard\n|\n|-weather|SunnyDay|[upkeep]\n|upkeep\n|turn|11\n|\n|t:|1775973914\n|move|p2a: Araquanid|Wide Guard|p2a: Araquanid\n|-singleturn|p2a: Araquanid|Wide Guard\n|move|p1a: Typhlosion|Eruption|p2b: Whimsicott|[spread] \n|-activate|p2a: Araquanid|move: Wide Guard\n|-activate|p2b: Whimsicott|move: Wide Guard\n|move|p2b: Whimsicott|Moonblast|p1b: Garchomp\n|-supereffective|p1b: Garchomp|1\n|-damage|p1b: Garchomp|0 fnt\n|faint|p1b: Garchomp\n|\n|-weather|none\n|upkeep\n|turn|12\n|c|\u2606nnachito060820112|gg\n|c|\u2606Evanquisher|GG\n|c|\u2606Evanquisher|God bless wide guard\n|\n|t:|1775973936\n|move|p2a: Araquanid|Wide Guard|p2a: Araquanid\n|-singleturn|p2a: Araquanid|Wide Guard\n|move|p1a: Typhlosion|Eruption|p2a: Araquanid|[spread] \n|-activate|p2a: Araquanid|move: Wide Guard\n|-activate|p2b: Whimsicott|move: Wide Guard\n|move|p2b: Whimsicott|Moonblast|p1a: Typhlosion\n|-resisted|p1a: Typhlosion|1\n|-damage|p1a: Typhlosion|63/100\n|\n|upkeep\n|turn|13\n|c|\u2606nnachito060820112|i don\u00b4t know wide guard\n|\n|t:|1775973950\n|move|p2a: Araquanid|Wide Guard|p2a: Araquanid\n|-singleturn|p2a: Araquanid|Wide Guard\n|move|p1a: Typhlosion|Eruption|p2a: Araquanid|[spread] \n|-activate|p2a: Araquanid|move: Wide Guard\n|-activate|p2b: Whimsicott|move: Wide Guard\n|move|p2b: Whimsicott|Moonblast|p1a: Typhlosion\n|-resisted|p1a: Typhlosion|1\n|-damage|p1a: Typhlosion|46/100\n|-unboost|p1a: Typhlosion|spa|1\n|\n|upkeep\n|turn|14\n|c|\u2606Evanquisher|Its amazing\n|c|\u2606Evanquisher|cause it can be spammed\n|\n|t:|1775973965\n|move|p2a: Araquanid|Wide Guard|p2a: Araquanid\n|-singleturn|p2a: Araquanid|Wide Guard\n|move|p1a: Typhlosion|Eruption|p2a: Araquanid|[spread] \n|-activate|p2a: Araquanid|move: Wide Guard\n|-activate|p2b: Whimsicott|move: Wide Guard\n|move|p2b: Whimsicott|Moonblast|p1a: Typhlosion\n|-resisted|p1a: Typhlosion|1\n|-damage|p1a: Typhlosion|24/100\n|\n|upkeep\n|turn|15\n|c|\u2606nnachito060820112|god game\n|\n|t:|1775973979\n|-activate|p1a: Typhlosion|move: Struggle\n|move|p1a: Typhlosion|Struggle|p2a: Araquanid\n|-damage|p2a: Araquanid|3/100\n|-damage|p1a: Typhlosion|0 fnt|[from] recoil\n|faint|p1a: Typhlosion\n|\n|win|Evanquisher\n|raw|nnachito060820112's rating: 1085 &rarr; <strong>1066</strong><br />(-19 for losing)\n|raw|Evanquisher's rating: 1146 &rarr; <strong>1167</strong><br />(+21 for winning)\n|l|\u2606nnachito060820112\n|player|p1|\n|c|\u2606Evanquisher|GG\n",
  "uploadtime": 1775973988,
  "views": 37,
  "formatid": "gen9championsvgc2026regma",
  "rating": 1066,
  "private": 0,
  "password": null
}