{
  "id": "gen9championsvgc2026regma-2586979979",
  "format": "[Gen 9 Champions] VGC 2026 Reg M-A",
  "players": [
    "funnyfamilyguy",
    "scrambledegg6"
  ],
  "log": "|j|\u2606funnyfamilyguy\n|j|\u2606scrambledegg6\n|t:|1776477820\n|gametype|doubles\n|player|p1|funnyfamilyguy|chuck|1169\n|player|p2|scrambledegg6|lance|1175\n|gen|9\n|tier|[Gen 9 Champions] VGC 2026 Reg M-A\n|rated|\n|rule|Species Clause: Limit one of each Pok\u00e9mon\n|rule|Item Clause: Limit 1 of each item\n|clearpoke\n|poke|p1|Sneasler, L50, M|\n|poke|p1|Floette-Eternal, L50, F|\n|poke|p1|Aerodactyl, L50, M|\n|poke|p1|Maushold, L50|\n|poke|p1|Kingambit, L50, M|\n|poke|p1|Delphox, L50, F|\n|poke|p2|Sneasler, L50, M|\n|poke|p2|Aerodactyl, L50, M|\n|poke|p2|Floette-Eternal, L50, F|\n|poke|p2|Kingambit, L50, M|\n|poke|p2|Basculegion, L50, M|\n|poke|p2|Sinistcha, L50|\n|teampreview|4\n|inactive|Battle timer is ON: inactive players will automatically lose when time's up. (requested by scrambledegg6)\n|\n|t:|1776477844\n|teamsize|p1|4\n|teamsize|p2|4\n|start\n|switch|p1a: Delphox|Delphox, L50, F|100/100\n|switch|p1b: Maushold|Maushold, L50|100/100\n|switch|p2a: Sneasler|Sneasler, L50, M|100/100\n|switch|p2b: Aerodactyl|Aerodactyl, L50, M, shiny|100/100\n|-ability|p2b: Aerodactyl|Unnerve\n|turn|1\n|\n|t:|1776477856\n|detailschange|p1a: Delphox|Delphox-Mega, L50, F\n|-mega|p1a: Delphox|Delphox|Delphoxite\n|move|p1a: Delphox|Protect|p1a: Delphox\n|-singleturn|p1a: Delphox|Protect\n|move|p1b: Maushold|Protect|p1b: Maushold\n|-singleturn|p1b: Maushold|Protect\n|move|p2b: Aerodactyl|Rock Slide|p1a: Delphox|[spread] \n|-activate|p1a: Delphox|move: Protect\n|-activate|p1b: Maushold|move: Protect\n|move|p2a: Sneasler|Close Combat|p1b: Maushold\n|-activate|p1b: Maushold|move: Protect\n|\n|upkeep\n|turn|2\n|\n|t:|1776477877\n|move|p2a: Sneasler|Protect|p2a: Sneasler\n|-singleturn|p2a: Sneasler|Protect\n|move|p1b: Maushold|Follow Me|p1b: Maushold\n|-singleturn|p1b: Maushold|move: Follow Me\n|move|p1a: Delphox|Psychic|p2a: Sneasler\n|-activate|p2a: Sneasler|move: Protect\n|move|p2b: Aerodactyl|Tailwind|p2b: Aerodactyl\n|-sidestart|p2: scrambledegg6|move: Tailwind\n|\n|upkeep\n|turn|3\n|\n|t:|1776477893\n|switch|p2a: Sinistcha|Sinistcha, L50|100/100\n|move|p1b: Maushold|Follow Me|p1b: Maushold\n|-singleturn|p1b: Maushold|move: Follow Me\n|move|p2b: Aerodactyl|Rock Slide|p1a: Delphox|[spread] p1a,p1b\n|-supereffective|p1a: Delphox|1\n|-damage|p1a: Delphox|45/100\n|-damage|p1b: Maushold|67/100\n|move|p1a: Delphox|Psychic|p2a: Sinistcha\n|-damage|p2a: Sinistcha|50/100\n|-unboost|p2a: Sinistcha|spd|1\n|-enditem|p2a: Sinistcha|Sitrus Berry|[eat]\n|-heal|p2a: Sinistcha|75/100|[from] item: Sitrus Berry\n|\n|upkeep\n|turn|4\n|\n|t:|1776477914\n|move|p1a: Delphox|Protect|p1a: Delphox\n|-singleturn|p1a: Delphox|Protect\n|move|p1b: Maushold|Protect|p1b: Maushold\n|-singleturn|p1b: Maushold|Protect\n|move|p2b: Aerodactyl|Rock Slide|p1b: Maushold|[spread] \n|-activate|p1a: Delphox|move: Protect\n|-activate|p1b: Maushold|move: Protect\n|move|p2a: Sinistcha|Imprison|p2a: Sinistcha\n|-start|p2a: Sinistcha|move: Imprison\n|\n|upkeep\n|turn|5\n|\n|t:|1776477930\n|switch|p1a: Kingambit|Kingambit, L50, M|100/100\n|move|p2a: Sinistcha|Rage Powder|p2a: Sinistcha\n|-singleturn|p2a: Sinistcha|move: Rage Powder\n|move|p2b: Aerodactyl|Rock Slide|p1b: Maushold|[spread] p1a,p1b\n|-resisted|p1a: Kingambit|1\n|-damage|p1a: Kingambit|93/100\n|-damage|p1b: Maushold|36/100\n|move|p1b: Maushold|Super Fang|p2a: Sinistcha\n|-immune|p2a: Sinistcha\n|\n|-sideend|p2: scrambledegg6|move: Tailwind\n|upkeep\n|turn|6\n|\n|t:|1776477947\n|move|p2a: Sinistcha|Rage Powder|p2a: Sinistcha\n|-singleturn|p2a: Sinistcha|move: Rage Powder\n|move|p2b: Aerodactyl|Dual Wingbeat|p1b: Maushold\n|-damage|p1b: Maushold|10/100\n|-damage|p1b: Maushold|0 fnt\n|faint|p1b: Maushold\n|-hitcount|p1: Maushold|2\n|move|p1a: Kingambit|Kowtow Cleave|p2a: Sinistcha\n|-supereffective|p2a: Sinistcha|1\n|-damage|p2a: Sinistcha|0 fnt\n|faint|p2a: Sinistcha\n|\n|upkeep\n|\n|t:|1776477960\n|switch|p1b: Delphox|Delphox-Mega, L50, F|45/100\n|switch|p2a: Sneasler|Sneasler, L50, M|100/100\n|turn|7\n|\n|t:|1776477973\n|move|p1b: Delphox|Protect|p1b: Delphox\n|-singleturn|p1b: Delphox|Protect\n|move|p2b: Aerodactyl|Tailwind|p2b: Aerodactyl\n|-sidestart|p2: scrambledegg6|move: Tailwind\n|move|p2a: Sneasler|Close Combat|p1a: Kingambit\n|-supereffective|p1a: Kingambit|2\n|-damage|p1a: Kingambit|0 fnt\n|-unboost|p2a: Sneasler|def|1\n|-unboost|p2a: Sneasler|spd|1\n|faint|p1a: Kingambit\n|-enditem|p2a: Sneasler|White Herb\n|-clearnegativeboost|p2a: Sneasler|[silent]\n|\n|upkeep\n|-message|funnyfamilyguy forfeited.\n|\n|win|scrambledegg6\n|raw|funnyfamilyguy's rating: 1169 &rarr; <strong>1144</strong><br />(-25 for losing)\n|raw|scrambledegg6's rating: 1175 &rarr; <strong>1200</strong><br />(+25 for winning)\n",
  "uploadtime": 1776477980,
  "views": 15,
  "formatid": "gen9championsvgc2026regma",
  "rating": 1144,
  "private": 0,
  "password": null
}