{
  "id": "gen9championsvgc2026regma-2583559399",
  "format": "[Gen 9 Champions] VGC 2026 Reg M-A",
  "players": [
    "Isidino",
    "FlashArrow"
  ],
  "log": "|j|\u2606Isidino\n|j|\u2606FlashArrow\n|t:|1776183288\n|gametype|doubles\n|player|p1|Isidino|1|1171\n|player|p2|FlashArrow|n|1082\n|gen|9\n|tier|[Gen 9 Champions] VGC 2026 Reg M-A\n|rated|\n|rule|Species Clause: Limit one of each Pok\u00e9mon\n|rule|Item Clause: Limit 1 of each item\n|clearpoke\n|poke|p1|Pelipper, L50, F|\n|poke|p1|Basculegion-F, L50, F|\n|poke|p1|Starmie, L50|\n|poke|p1|Sneasler, L50, M|\n|poke|p1|Sableye, L50, M|\n|poke|p1|Archaludon, L50, F|\n|poke|p2|Ninetales-Alola, L50, M|\n|poke|p2|Tyranitar, L50, F|\n|poke|p2|Charizard, L50, F|\n|poke|p2|Incineroar, L50, M|\n|poke|p2|Sneasler, L50, F|\n|poke|p2|Meganium, L50, F|\n|teampreview|4\n|inactive|Battle timer is ON: inactive players will automatically lose when time's up. (requested by FlashArrow)\n|inactive|Isidino also wants the timer to be on.\n|\n|t:|1776183316\n|teamsize|p1|4\n|teamsize|p2|4\n|start\n|switch|p1a: Sableye|Sableye, L50, M, shiny|100/100\n|switch|p1b: Basculegion|Basculegion-F, L50, F, shiny|100/100\n|switch|p2a: Incineroar|Incineroar, L50, M|100/100\n|switch|p2b: Tyranitar|Tyranitar, L50, F|100/100\n|-weather|Sandstorm|[from] ability: Sand Stream|[of] p2b: Tyranitar\n|-ability|p2a: Incineroar|Intimidate|boost\n|-unboost|p1a: Sableye|atk|1\n|-unboost|p1b: Basculegion|atk|1\n|turn|1\n|inactive|FlashArrow has 30 seconds left.\n|\n|t:|1776183351\n|move|p2a: Incineroar|Protect|p2a: Incineroar\n|-singleturn|p2a: Incineroar|Protect\n|move|p1a: Sableye|Rain Dance|p1a: Sableye\n|-weather|RainDance\n|move|p1b: Basculegion|Muddy Water|p2b: Tyranitar|[spread] p2b\n|-activate|p2a: Incineroar|move: Protect\n|-supereffective|p2b: Tyranitar|1\n|-damage|p2b: Tyranitar|17/100\n|move|p2b: Tyranitar|Knock Off|p1b: Basculegion\n|-supereffective|p1b: Basculegion|1\n|-damage|p1b: Basculegion|0 fnt\n|-enditem|p1b: Basculegion|Scope Lens|[from] move: Knock Off|[of] p2b: Tyranitar\n|faint|p1b: Basculegion\n|\n|-weather|RainDance|[upkeep]\n|upkeep\n|\n|t:|1776183360\n|switch|p1b: Starmie|Starmie, L50, shiny|100/100\n|turn|2\n|\n|t:|1776183369\n|switch|p2b: Meganium|Meganium, L50, F|100/100\n|detailschange|p1b: Starmie|Starmie-Mega, L50, shiny\n|-mega|p1b: Starmie|Starmie|Starminite\n|move|p1b: Starmie|Liquidation|p2a: Incineroar\n|-supereffective|p2a: Incineroar|1\n|-damage|p2a: Incineroar|0 fnt\n|faint|p2a: Incineroar\n|move|p1a: Sableye|Night Shade|p2b: Meganium\n|-damage|p2b: Meganium|68/100\n|\n|-weather|RainDance|[upkeep]\n|upkeep\n|\n|t:|1776183376\n|switch|p2a: Charizard|Charizard, L50, F|100/100\n|turn|3\n|\n|t:|1776183389\n|switch|p1b: Sneasler|Sneasler, L50, M|100/100\n|detailschange|p2a: Charizard|Charizard-Mega-Y, L50, F\n|-mega|p2a: Charizard|Charizard|Charizardite Y\n|-weather|SunnyDay|[from] ability: Drought|[of] p2a: Charizard\n|move|p2a: Charizard|Air Slash|p1a: Sableye\n|-damage|p1a: Sableye|46/100\n|move|p2b: Meganium|Solar Beam||[still]\n|-prepare|p2b: Meganium|Solar Beam\n|-anim|p2b: Meganium|Solar Beam|p1b: Sneasler\n|-resisted|p1b: Sneasler|1\n|-damage|p1b: Sneasler|66/100\n|move|p1a: Sableye|Night Shade|p2b: Meganium\n|-damage|p2b: Meganium|36/100\n|\n|-weather|SunnyDay|[upkeep]\n|-heal|p1a: Sableye|53/100|[from] item: Leftovers\n|upkeep\n|turn|4\n|inactive|Isidino has 30 seconds left.\n|\n|t:|1776183415\n|switch|p2a: Tyranitar|Tyranitar, L50, F|17/100\n|-weather|Sandstorm|[from] ability: Sand Stream|[of] p2a: Tyranitar\n|move|p1a: Sableye|Encore|p2a: Tyranitar\n|-hint|Since gen 7, Dark is immune to Prankster moves.\n|-immune|p2a: Tyranitar\n|move|p1b: Sneasler|Dire Claw|p2b: Meganium\n|-supereffective|p2b: Meganium|1\n|-damage|p2b: Meganium|0 fnt\n|faint|p2b: Meganium\n|\n|-weather|Sandstorm|[upkeep]\n|-damage|p1b: Sneasler|60/100|[from] Sandstorm\n|-damage|p1a: Sableye|46/100|[from] Sandstorm\n|-heal|p1a: Sableye|53/100|[from] item: Leftovers\n|upkeep\n|\n|t:|1776183423\n|switch|p2b: Charizard|Charizard-Mega-Y, L50, F|100/100\n|-weather|SunnyDay|[from] ability: Drought|[of] p2b: Charizard\n|turn|5\n|\n|t:|1776183438\n|move|p1a: Sableye|Rain Dance|p1a: Sableye\n|-weather|RainDance\n|move|p1b: Sneasler|Close Combat|p2a: Tyranitar\n|-supereffective|p2a: Tyranitar|2\n|-crit|p2a: Tyranitar\n|-damage|p2a: Tyranitar|0 fnt\n|-unboost|p1b: Sneasler|def|1\n|-unboost|p1b: Sneasler|spd|1\n|faint|p2a: Tyranitar\n|-enditem|p1b: Sneasler|White Herb\n|-clearnegativeboost|p1b: Sneasler|[silent]\n|move|p2b: Charizard|Air Slash|p1b: Sneasler\n|-supereffective|p1b: Sneasler|1\n|-damage|p1b: Sneasler|0 fnt\n|faint|p1b: Sneasler\n|\n|-weather|RainDance|[upkeep]\n|-heal|p1a: Sableye|59/100|[from] item: Leftovers\n|upkeep\n|\n|t:|1776183441\n|switch|p1b: Starmie|Starmie-Mega, L50, shiny|100/100\n|turn|6\n|-message|FlashArrow forfeited.\n|\n|win|Isidino\n|raw|Isidino's rating: 1171 &rarr; <strong>1190</strong><br />(+19 for winning)\n|raw|FlashArrow's rating: 1082 &rarr; <strong>1065</strong><br />(-17 for losing)\n|l|\u2606FlashArrow\n|player|p2|\n",
  "uploadtime": 1776183448,
  "views": 20,
  "formatid": "gen9championsvgc2026regma",
  "rating": 1065,
  "private": 0,
  "password": null
}