{
  "id": "gen9championsvgc2026regma-2584757800",
  "format": "[Gen 9 Champions] VGC 2026 Reg M-A",
  "players": [
    "MrPuckles",
    "tronzer"
  ],
  "log": "|j|\u2606MrPuckles\n|j|\u2606tronzer\n|t:|1776281547\n|gametype|doubles\n|player|p1|MrPuckles|101|1059\n|player|p2|tronzer|roark|1156\n|gen|9\n|tier|[Gen 9 Champions] VGC 2026 Reg M-A\n|rated|\n|rule|Species Clause: Limit one of each Pok\u00e9mon\n|rule|Item Clause: Limit 1 of each item\n|clearpoke\n|poke|p1|Skarmory, L50, F|\n|poke|p1|Sinistcha, L50|\n|poke|p1|Primarina, L50, M|\n|poke|p1|Incineroar, L50, M|\n|poke|p1|Glimmora, L50, F|\n|poke|p1|Pangoro, L50, M|\n|poke|p2|Runerigus, L50, F|\n|poke|p2|Tyranitar, L50, M|\n|poke|p2|Aurorus, L50, M|\n|poke|p2|Excadrill, L50, F|\n|poke|p2|Stunfisk, L50, F|\n|poke|p2|Gliscor, L50, F|\n|teampreview|4\nMrPuckles has agreed to open team sheets.\ntronzer has agreed to open team sheets.\n|showteam|p1|Skarmory||Skarmorite|Sturdy|BraveBird,IronHead,Protect,Tailwind|||F|||50|]Sinistcha||Leftovers|Hospitality|MatchaGotcha,RagePowder,TrickRoom,Protect||||||50|]Primarina||MysticWater|LiquidVoice|HyperVoice,Moonblast,CalmMind,Protect|||M|||50|]Incineroar||SitrusBerry|Intimidate|DarkestLariat,PartingShot,FlareBlitz,FakeOut|||M|||50|]Glimmora||Glimmoranite|ToxicDebris|PowerGem,SludgeWave,EarthPower,SpikyShield|||F|||50|]Pangoro||FocusSash|Scrappy|CloseCombat,DarkestLariat,RockSlide,Protect|||M|||50|\n|showteam|p2|Runerigus||MentalHerb|WanderingSpirit|BodyPress,TrickRoom,IronDefense,Protect|||F|||50|]Tyranitar||Tyranitarite|SandStream|Protect,Crunch,DragonClaw,RockSlide|||M|||50|]Aurorus||ChopleBerry|SnowWarning|AuroraVeil,Blizzard,Discharge,Protect|||M|||50|]Excadrill||FocusSash|SandRush|IronHead,HighHorsepower,Protect,RockSlide|||F|||50|]Stunfisk||SitrusBerry|SandVeil|Discharge,Scald,EarthPower,Protect|||F|||50|]Gliscor||SharpBeak|HyperCutter|DualWingbeat,KnockOff,PsychicFangs,Protect|||F|||50|\n|\n|t:|1776281615\n|teamsize|p1|4\n|teamsize|p2|4\n|start\n|switch|p1a: Incineroar|Incineroar, L50, M|100/100\n|switch|p1b: Skarmory|Skarmory, L50, F|100/100\n|switch|p2a: Aurorus|Aurorus, L50, M|100/100\n|switch|p2b: Runerigus|Runerigus, L50, F|100/100\n|-weather|Snowscape|[from] ability: Snow Warning|[of] p2a: Aurorus\n|-ability|p1a: Incineroar|Intimidate|boost\n|-unboost|p2a: Aurorus|atk|1\n|-unboost|p2b: Runerigus|atk|1\n|turn|1\n|\n|t:|1776281655\n|detailschange|p1b: Skarmory|Skarmory-Mega, L50, F\n|-mega|p1b: Skarmory|Skarmory|Skarmorite\n|move|p2a: Aurorus|Protect|p2a: Aurorus\n|-singleturn|p2a: Aurorus|Protect\n|move|p1a: Incineroar|Fake Out|p2a: Aurorus\n|-activate|p2a: Aurorus|move: Protect\n|move|p1b: Skarmory|Iron Head|p2b: Runerigus\n|-damage|p2b: Runerigus|71/100\n|-activate|p1b: Skarmory|Skill Swap|Wandering Spirit|Stalwart|[of] p2b: Runerigus\n|move|p2b: Runerigus|Trick Room|p2b: Runerigus\n|-fieldstart|move: Trick Room|[of] p2b: Runerigus\n|\n|-weather|Snowscape|[upkeep]\n|upkeep\n|turn|2\n|\n|t:|1776281688\n|move|p1b: Skarmory|Protect|p1b: Skarmory\n|-singleturn|p1b: Skarmory|Protect\n|move|p2b: Runerigus|Iron Defense|p2b: Runerigus\n|-boost|p2b: Runerigus|def|2\n|move|p1a: Incineroar|Parting Shot|p2b: Runerigus\n|-unboost|p2b: Runerigus|atk|1\n|-unboost|p2b: Runerigus|spa|1\n|\n|t:|1776281699\n|switch|p1a: Primarina|Primarina, L50, M|100/100|[from] Parting Shot\n|move|p2a: Aurorus|Aurora Veil|p2a: Aurorus\n|-sidestart|p2: tronzer|move: Aurora Veil\n|\n|-weather|Snowscape|[upkeep]\n|upkeep\n|turn|3\n|\n|t:|1776281724\n|move|p2b: Runerigus|Protect|p2b: Runerigus\n|-singleturn|p2b: Runerigus|Protect\n|move|p2a: Aurorus|Discharge|p1a: Primarina|[spread] p1a,p1b\n|-activate|p2b: Runerigus|move: Protect\n|-supereffective|p1a: Primarina|1\n|-supereffective|p1b: Skarmory|1\n|-damage|p1a: Primarina|72/100\n|-damage|p1b: Skarmory|50/100\n|-status|p1a: Primarina|par\n|-status|p1b: Skarmory|par\n|move|p1a: Primarina|Calm Mind|p1a: Primarina\n|-boost|p1a: Primarina|spa|1\n|-boost|p1a: Primarina|spd|1\n|move|p1b: Skarmory|Iron Head|p2a: Aurorus\n|-supereffective|p2a: Aurorus|2\n|-damage|p2a: Aurorus|23/100\n|\n|-weather|Snowscape|[upkeep]\n|upkeep\n|turn|4\n|\n|t:|1776281755\n|move|p1b: Skarmory|Protect|p1b: Skarmory\n|-singleturn|p1b: Skarmory|Protect\n|cant|p1a: Primarina|par\n|move|p2b: Runerigus|Body Press|p1a: Primarina\n|-resisted|p1a: Primarina|1\n|-damage|p1a: Primarina|33/100 par\n|move|p2a: Aurorus|Discharge|p1b: Skarmory|[spread] p1a\n|-activate|p1b: Skarmory|move: Protect\n|-immune|p2b: Runerigus\n|-supereffective|p1a: Primarina|1\n|-damage|p1a: Primarina|12/100 par\n|\n|-weather|Snowscape|[upkeep]\n|upkeep\n|turn|5\n|\n|t:|1776281778\n|move|p2b: Runerigus|Protect|p2b: Runerigus\n|-singleturn|p2b: Runerigus|Protect\n|move|p1a: Primarina|Hyper Voice|p2b: Runerigus|[spread] p2a\n|-activate|p2b: Runerigus|move: Protect\n|-supereffective|p2a: Aurorus|1\n|-damage|p2a: Aurorus|0 fnt\n|faint|p2a: Aurorus\n|move|p1b: Skarmory|Iron Head|p2b: Runerigus\n|-activate|p2b: Runerigus|move: Protect\n|\n|-weather|none\n|-fieldend|move: Trick Room\n|upkeep\n|\n|t:|1776281809\n|switch|p2a: Tyranitar|Tyranitar, L50, M|100/100\n|-weather|Sandstorm|[from] ability: Sand Stream|[of] p2a: Tyranitar\n|turn|6\n|\n|t:|1776281840\n|switch|p1b: Incineroar|Incineroar, L50, M|100/100\n|-ability|p1b: Incineroar|Intimidate|boost\n|-unboost|p2a: Tyranitar|atk|1\n|-unboost|p2b: Runerigus|atk|1\n|detailschange|p2a: Tyranitar|Tyranitar-Mega, L50, M\n|-mega|p2a: Tyranitar|Tyranitar|Tyranitarite\n|move|p2a: Tyranitar|Rock Slide|p1a: Primarina|[spread] p1a\n|-miss|p2a: Tyranitar|p1b: Incineroar\n|-damage|p1a: Primarina|0 fnt\n|faint|p1a: Primarina\n|move|p2b: Runerigus|Body Press|p1b: Incineroar\n|-supereffective|p1b: Incineroar|1\n|-damage|p1b: Incineroar|0 fnt\n|faint|p1b: Incineroar\n|\n|-weather|Sandstorm|[upkeep]\n|-sideend|p2: tronzer|move: Aurora Veil\n|upkeep\n|\n|t:|1776281857\n|switch|p1a: Skarmory|Skarmory-Mega, L50, F|50/100 par\n|switch|p1b: Pangoro|Pangoro, L50, M|100/100\n|turn|7\n|\n|t:|1776281890\n|move|p2a: Tyranitar|Protect|p2a: Tyranitar\n|-singleturn|p2a: Tyranitar|Protect\n|move|p1a: Skarmory|Iron Head|p2b: Runerigus\n|-damage|p2b: Runerigus|57/100\n|move|p1b: Pangoro|Close Combat|p2a: Tyranitar\n|-activate|p2a: Tyranitar|move: Protect\n|move|p2b: Runerigus|Body Press|p1b: Pangoro\n|-supereffective|p1b: Pangoro|1\n|-enditem|p1b: Pangoro|Focus Sash\n|-damage|p1b: Pangoro|1/100\n|\n|-weather|Sandstorm|[upkeep]\n|-damage|p1b: Pangoro|0 fnt|[from] Sandstorm\n|faint|p1b: Pangoro\n|upkeep\n|turn|8\n|-message|MrPuckles forfeited.\n|\n|win|tronzer\n|raw|MrPuckles's rating: 1059 &rarr; <strong>1045</strong><br />(-14 for losing)\n|raw|tronzer's rating: 1156 &rarr; <strong>1174</strong><br />(+18 for winning)\n|l|\u2606MrPuckles\n|player|p1|\n",
  "uploadtime": 1776282378,
  "views": 29,
  "formatid": "gen9championsvgc2026regma",
  "rating": 1045,
  "private": 0,
  "password": null
}