{
  "id": "gen9championsvgc2026regma-2585417027",
  "format": "[Gen 9 Champions] VGC 2026 Reg M-A",
  "players": [
    "0TX - Zenith",
    "XenGg07"
  ],
  "log": "|j|\u26060TX - Zenith\n|j|\u2606XenGg07\n|t:|1776345811\n|gametype|doubles\n|player|p1|0TX - Zenith|gambler|1265\n|player|p2|XenGg07|red|1365\n|gen|9\n|tier|[Gen 9 Champions] VGC 2026 Reg M-A\n|rated|\n|rule|Species Clause: Limit one of each Pok\u00e9mon\n|rule|Item Clause: Limit 1 of each item\n|clearpoke\n|poke|p1|Chimecho, L50, M|\n|poke|p1|Sinistcha, L50|\n|poke|p1|Rotom-Wash, L50|\n|poke|p1|Incineroar, L50, M|\n|poke|p1|Kangaskhan, L50, F|\n|poke|p1|Garchomp, L50, F|\n|poke|p2|Tyranitar, L50, F|\n|poke|p2|Aegislash, L50, F|\n|poke|p2|Excadrill, L50, F|\n|poke|p2|Sinistcha-Masterpiece, L50|\n|poke|p2|Farigiraf, L50, M|\n|poke|p2|Rotom-Wash, L50|\n|teampreview|4\n|inactive|Battle timer is ON: inactive players will automatically lose when time's up. (requested by XenGg07)\n0TX - Zenith rejected open team sheets.\n|\n|t:|1776345839\n|teamsize|p1|4\n|teamsize|p2|4\n|start\n|switch|p1a: Chimecho|Chimecho, L50, M|100/100\n|switch|p1b: Incineroar|Incineroar, L50, M|100/100\n|switch|p2a: Tyranitar|Tyranitar, L50, F|100/100\n|switch|p2b: Excadrill|Excadrill, L50, F|100/100\n|-weather|Sandstorm|[from] ability: Sand Stream|[of] p2a: Tyranitar\n|-ability|p1b: Incineroar|Intimidate|boost\n|-unboost|p2a: Tyranitar|atk|1\n|-unboost|p2b: Excadrill|atk|1\n|turn|1\n|inactive|XenGg07 has 30 seconds left.\n|\n|t:|1776345868\n|switch|p2b: Sinistcha|Sinistcha-Masterpiece, L50|100/100\n|detailschange|p1a: Chimecho|Chimecho-Mega, L50, M\n|-mega|p1a: Chimecho|Chimecho|Chimechite\n|detailschange|p2a: Tyranitar|Tyranitar-Mega, L50, F\n|-mega|p2a: Tyranitar|Tyranitar|Tyranitarite\n|move|p1b: Incineroar|Fake Out|p2a: Tyranitar\n|-resisted|p2a: Tyranitar|1\n|-damage|p2a: Tyranitar|97/100\n|cant|p2a: Tyranitar|flinch\n|move|p1a: Chimecho|Trick Room|p1a: Chimecho\n|-fieldstart|move: Trick Room|[of] p1a: Chimecho\n|\n|-weather|Sandstorm|[upkeep]\n|-damage|p1b: Incineroar|95/100|[from] Sandstorm\n|-damage|p2b: Sinistcha|94/100|[from] Sandstorm\n|-heal|p2b: Sinistcha|100/100|[from] item: Leftovers\n|upkeep\n|turn|2\n|inactive|0TX - Zenith has 30 seconds left.\n|\n|t:|1776345902\n|switch|p1a: Garchomp|Garchomp, L50, F|100/100\n|move|p1b: Incineroar|Flare Blitz|p2b: Sinistcha\n|-supereffective|p2b: Sinistcha|1\n|-damage|p2b: Sinistcha|22/100\n|-damage|p1b: Incineroar|72/100|[from] Recoil\n|move|p2b: Sinistcha|Shadow Ball|p1a: Garchomp\n|-damage|p1a: Garchomp|67/100\n|move|p2a: Tyranitar|Crunch|p1a: Garchomp\n|-crit|p1a: Garchomp\n|-damage|p1a: Garchomp|0 fnt\n|faint|p1a: Garchomp\n|\n|-weather|Sandstorm|[upkeep]\n|-damage|p1b: Incineroar|66/100|[from] Sandstorm\n|-damage|p2b: Sinistcha|16/100|[from] Sandstorm\n|-heal|p2b: Sinistcha|22/100|[from] item: Leftovers\n|upkeep\n|\n|t:|1776345917\n|switch|p1a: Sinistcha|Sinistcha, L50|100/100\n|-heal|p1b: Incineroar|91/100|[from] ability: Hospitality|[of] p1a: Sinistcha\n|turn|3\n|\n|t:|1776345925\n|move|p2b: Sinistcha|Protect|p2b: Sinistcha\n|-singleturn|p2b: Sinistcha|Protect\n|move|p1b: Incineroar|Darkest Lariat|p2b: Sinistcha\n|-activate|p2b: Sinistcha|move: Protect\n|move|p1a: Sinistcha|Matcha Gotcha|p2a: Tyranitar|[spread] p2a\n|-activate|p2b: Sinistcha|move: Protect\n|-supereffective|p2a: Tyranitar|1\n|-damage|p2a: Tyranitar|68/100\n|move|p2a: Tyranitar|Crunch|p1a: Sinistcha\n|-supereffective|p1a: Sinistcha|1\n|-damage|p1a: Sinistcha|39/100\n|-enditem|p1a: Sinistcha|Sitrus Berry|[eat]\n|-heal|p1a: Sinistcha|63/100|[from] item: Sitrus Berry\n|\n|-weather|Sandstorm|[upkeep]\n|-damage|p1b: Incineroar|85/100|[from] Sandstorm\n|-damage|p2b: Sinistcha|16/100|[from] Sandstorm\n|-damage|p1a: Sinistcha|57/100|[from] Sandstorm\n|-heal|p2b: Sinistcha|22/100|[from] item: Leftovers\n|upkeep\n|turn|4\n|\n|t:|1776345942\n|switch|p2b: Rotom|Rotom-Wash, L50|100/100\n|move|p2a: Tyranitar|Protect|p2a: Tyranitar\n|-singleturn|p2a: Tyranitar|Protect\n|move|p1b: Incineroar|Flare Blitz|p2b: Rotom\n|-resisted|p2b: Rotom|1\n|-damage|p2b: Rotom|78/100\n|-damage|p1b: Incineroar|79/100|[from] Recoil\n|move|p1a: Sinistcha|Matcha Gotcha|p2a: Tyranitar|[spread] p2b\n|-activate|p2a: Tyranitar|move: Protect\n|-supereffective|p2b: Rotom|1\n|-damage|p2b: Rotom|36/100\n|-heal|p1a: Sinistcha|76/100|[from] drain|[of] p2b: Rotom\n|-enditem|p2b: Rotom|Sitrus Berry|[eat]\n|-heal|p2b: Rotom|61/100|[from] item: Sitrus Berry\n|\n|-weather|Sandstorm|[upkeep]\n|-damage|p1b: Incineroar|73/100|[from] Sandstorm\n|-damage|p1a: Sinistcha|70/100|[from] Sandstorm\n|-damage|p2b: Rotom|55/100|[from] Sandstorm\n|upkeep\n|turn|5\n|\n|t:|1776345960\n|move|p1b: Incineroar|Parting Shot|p2a: Tyranitar\n|-unboost|p2a: Tyranitar|atk|1\n|-unboost|p2a: Tyranitar|spa|1\n|\n|t:|1776345964\n|switch|p1b: Chimecho|Chimecho-Mega, L50, M|100/100|[from] Parting Shot\n|move|p1a: Sinistcha|Matcha Gotcha|p2a: Tyranitar|[spread] p2a,p2b\n|-supereffective|p2a: Tyranitar|1\n|-supereffective|p2b: Rotom|1\n|-damage|p2a: Tyranitar|41/100\n|-heal|p1a: Sinistcha|83/100|[from] drain|[of] p2a: Tyranitar\n|-damage|p2b: Rotom|12/100\n|-heal|p1a: Sinistcha|100/100|[from] drain|[of] p2b: Rotom\n|move|p2a: Tyranitar|Crunch|p1a: Sinistcha\n|-supereffective|p1a: Sinistcha|1\n|-damage|p1a: Sinistcha|60/100\n|-unboost|p1a: Sinistcha|def|1\n|move|p2b: Rotom|Hydro Pump|p1b: Chimecho\n|-damage|p1b: Chimecho|68/100\n|\n|-weather|none\n|-fieldend|move: Trick Room\n|upkeep\n|turn|6\n|inactive|0TX - Zenith has 30 seconds left.\n|inactive|XenGg07 has 30 seconds left.\n|\n|t:|1776346001\n|switch|p1a: Incineroar|Incineroar, L50, M|73/100\n|-ability|p1a: Incineroar|Intimidate|boost\n|-unboost|p2a: Tyranitar|atk|1\n|-unboost|p2b: Rotom|atk|1\n|move|p2b: Rotom|Thunderbolt|p1a: Incineroar\n|-damage|p1a: Incineroar|44/100\n|move|p2a: Tyranitar|Crunch|p1a: Incineroar\n|-resisted|p1a: Incineroar|1\n|-damage|p1a: Incineroar|37/100\n|move|p1b: Chimecho|Trick Room|p1b: Chimecho\n|-fieldstart|move: Trick Room|[of] p1b: Chimecho\n|\n|upkeep\n|turn|7\n|\n|t:|1776346017\n|move|p1a: Incineroar|Darkest Lariat|p2b: Rotom\n|-damage|p2b: Rotom|0 fnt\n|faint|p2b: Rotom\n|move|p1b: Chimecho|Recover|p1b: Chimecho\n|-heal|p1b: Chimecho|100/100\n|move|p2a: Tyranitar|Rock Slide|p1b: Chimecho|[spread] p1a,p1b\n|-supereffective|p1a: Incineroar|1\n|-resisted|p1b: Chimecho|1\n|-damage|p1a: Incineroar|13/100\n|-damage|p1b: Chimecho|95/100\n|\n|upkeep\n|\n|t:|1776346024\n|switch|p2b: Sinistcha|Sinistcha-Masterpiece, L50|22/100\n|-heal|p2a: Tyranitar|66/100|[from] ability: Hospitality|[of] p2b: Sinistcha\n|turn|8\n|\n|t:|1776346046\n|switch|p2a: Excadrill|Excadrill, L50, F|100/100\n|move|p2b: Sinistcha|Protect|p2b: Sinistcha\n|-singleturn|p2b: Sinistcha|Protect\n|move|p1a: Incineroar|Parting Shot|p2a: Excadrill\n|-unboost|p2a: Excadrill|atk|1\n|-unboost|p2a: Excadrill|spa|1\n|\n|t:|1776346056\n|switch|p1a: Sinistcha|Sinistcha, L50|60/100|[from] Parting Shot\n|-heal|p1b: Chimecho|100/100|[from] ability: Hospitality|[of] p1a: Sinistcha\n|move|p1b: Chimecho|Psychic|p2b: Sinistcha\n|-activate|p2b: Sinistcha|move: Protect\n|\n|-heal|p2b: Sinistcha|28/100|[from] item: Leftovers\n|upkeep\n|turn|9\n|\n|t:|1776346078\n|move|p1b: Chimecho|Psychic|p2b: Sinistcha\n|-damage|p2b: Sinistcha|0 fnt\n|faint|p2b: Sinistcha\n|move|p1a: Sinistcha|Matcha Gotcha|p2a: Excadrill\n|-damage|p2a: Excadrill|60/100\n|-heal|p1a: Sinistcha|81/100|[from] drain|[of] p2a: Excadrill\n|-status|p2a: Excadrill|brn\n|move|p2a: Excadrill|Iron Head|p1a: Sinistcha\n|-damage|p1a: Sinistcha|70/100\n|\n|-damage|p2a: Excadrill|54/100 brn|[from] brn\n|upkeep\n|\n|t:|1776346087\n|switch|p2b: Tyranitar|Tyranitar-Mega, L50, F|66/100\n|-weather|Sandstorm|[from] ability: Sand Stream|[of] p2b: Tyranitar\n|turn|10\n|\n|t:|1776346098\n|switch|p1b: Incineroar|Incineroar, L50, M|13/100\n|-ability|p1b: Incineroar|Intimidate|boost\n|-unboost|p2a: Excadrill|atk|1\n|-unboost|p2b: Tyranitar|atk|1\n|move|p2b: Tyranitar|Protect|p2b: Tyranitar\n|-singleturn|p2b: Tyranitar|Protect\n|move|p2a: Excadrill|Protect|p2a: Excadrill\n|-singleturn|p2a: Excadrill|Protect\n|move|p1a: Sinistcha|Matcha Gotcha|p2a: Excadrill|[spread] \n|-activate|p2a: Excadrill|move: Protect\n|-activate|p2b: Tyranitar|move: Protect\n|\n|-weather|Sandstorm|[upkeep]\n|-damage|p1b: Incineroar|7/100|[from] Sandstorm\n|-damage|p1a: Sinistcha|63/100|[from] Sandstorm\n|-damage|p2a: Excadrill|48/100 brn|[from] brn\n|-fieldend|move: Trick Room\n|upkeep\n|turn|11\n|\n|t:|1776346117\n|move|p1b: Incineroar|Fake Out|p2b: Tyranitar\n|-resisted|p2b: Tyranitar|1\n|-damage|p2b: Tyranitar|62/100\n|move|p2a: Excadrill|Rock Slide|p1b: Incineroar|[spread] p1a,p1b\n|-supereffective|p1b: Incineroar|1\n|-damage|p1a: Sinistcha|59/100\n|-damage|p1b: Incineroar|0 fnt\n|faint|p1b: Incineroar\n|cant|p2b: Tyranitar|flinch\n|move|p1a: Sinistcha|Life Dew|p1a: Sinistcha\n|-heal|p1a: Sinistcha|84/100\n|\n|-weather|Sandstorm|[upkeep]\n|-damage|p1a: Sinistcha|78/100|[from] Sandstorm\n|-damage|p2a: Excadrill|42/100 brn|[from] brn\n|upkeep\n|\n|t:|1776346129\n|switch|p1b: Chimecho|Chimecho-Mega, L50, M|100/100\n|turn|12\n|\n|t:|1776346147\n|move|p2a: Excadrill|Iron Head|p1a: Sinistcha\n|-damage|p1a: Sinistcha|70/100\n|move|p2b: Tyranitar|Crunch|p1a: Sinistcha\n|-supereffective|p1a: Sinistcha|1\n|-damage|p1a: Sinistcha|12/100\n|move|p1a: Sinistcha|Matcha Gotcha|p2b: Tyranitar|[spread] p2a,p2b\n|-supereffective|p2b: Tyranitar|1\n|-damage|p2a: Excadrill|9/100 brn\n|-heal|p1a: Sinistcha|30/100|[from] drain|[of] p2a: Excadrill\n|-damage|p2b: Tyranitar|31/100\n|-heal|p1a: Sinistcha|45/100|[from] drain|[of] p2b: Tyranitar\n|move|p1b: Chimecho|Trick Room|p1b: Chimecho\n|-fieldstart|move: Trick Room|[of] p1b: Chimecho\n|\n|-weather|Sandstorm|[upkeep]\n|-damage|p1a: Sinistcha|39/100|[from] Sandstorm\n|-damage|p2a: Excadrill|3/100 brn|[from] brn\n|upkeep\n|turn|13\n|\n|t:|1776346166\n|move|p1b: Chimecho|Icy Wind|p2a: Excadrill|[spread] p2b\n|-miss|p1b: Chimecho|p2a: Excadrill\n|-damage|p2b: Tyranitar|22/100\n|-unboost|p2b: Tyranitar|spe|1\n|move|p2b: Tyranitar|Crunch|p1a: Sinistcha\n|-supereffective|p1a: Sinistcha|1\n|-damage|p1a: Sinistcha|0 fnt\n|faint|p1a: Sinistcha\n|move|p2a: Excadrill|Iron Head|p1b: Chimecho\n|-resisted|p1b: Chimecho|1\n|-damage|p1b: Chimecho|96/100\n|\n|-weather|Sandstorm|[upkeep]\n|-damage|p2a: Excadrill|0 fnt|[from] brn\n|faint|p2a: Excadrill\n|upkeep\n|turn|14\n|\n|t:|1776346179\n|move|p2b: Tyranitar|Crunch|p1b: Chimecho\n|-supereffective|p1b: Chimecho|1\n|-damage|p1b: Chimecho|40/100\n|move|p1b: Chimecho|Icy Wind|p2b: Tyranitar|[miss]\n|-miss|p1b: Chimecho|p2b: Tyranitar\n|\n|-weather|none\n|upkeep\n|turn|15\n|-message|0TX - Zenith forfeited.\n|\n|win|XenGg07\n|raw|0TX - Zenith's rating: 1265 &rarr; <strong>1247</strong><br />(-18 for losing)\n|raw|XenGg07's rating: 1365 &rarr; <strong>1379</strong><br />(+14 for winning)\n|l|\u26060TX - Zenith\n|player|p1|\n|c|\u2606XenGg07|lol bro\n",
  "uploadtime": 1776346197,
  "views": 37,
  "formatid": "gen9championsvgc2026regma",
  "rating": 1247,
  "private": 0,
  "password": null
}