{
  "id": "gen9championsvgc2026regma-2582370690",
  "format": "[Gen 9 Champions] VGC 2026 Reg M-A",
  "players": [
    "RBG_LOL",
    "suggagugkies"
  ],
  "log": "|j|\u2606RBG_LOL\n|j|\u2606suggagugkies\n|t:|1776087095\n|gametype|doubles\n|player|p1|RBG_LOL|ghetsis-gen5bw|1140\n|player|p2|suggagugkies|caitlin|1074\n|gen|9\n|tier|[Gen 9 Champions] VGC 2026 Reg M-A\n|rated|\n|rule|Species Clause: Limit one of each Pok\u00e9mon\n|rule|Item Clause: Limit 1 of each item\n|clearpoke\n|poke|p1|Garchomp, L50, M|\n|poke|p1|Froslass, L50, F|\n|poke|p1|Sneasler, L50, M|\n|poke|p1|Kingambit, L50, M|\n|poke|p1|Talonflame, L50, M|\n|poke|p1|Milotic, L50, F|\n|poke|p2|Meganium, L50, M|\n|poke|p2|Empoleon, L50, M|\n|poke|p2|Mamoswine, L50, F|\n|poke|p2|Incineroar, L50, M|\n|poke|p2|Farigiraf, L50, M|\n|poke|p2|Aerodactyl, L50, F|\n|teampreview|4\n|\n|t:|1776087135\n|teamsize|p1|4\n|teamsize|p2|4\n|start\n|switch|p1a: Froslass|Froslass, L50, F|100/100\n|switch|p1b: Kingambit|Kingambit, L50, M|100/100\n|switch|p2a: Mamoswine|Mamoswine, L50, F|100/100\n|switch|p2b: Incineroar|Incineroar, L50, M|100/100\n|-ability|p2b: Incineroar|Intimidate|boost\n|-unboost|p1a: Froslass|atk|1\n|-unboost|p1b: Kingambit|atk|1\n|-ability|p1b: Kingambit|Defiant|boost\n|-boost|p1b: Kingambit|atk|2\n|turn|1\n|\n|t:|1776087155\n|detailschange|p1a: Froslass|Froslass-Mega, L50, F\n|-mega|p1a: Froslass|Froslass|Froslassite\n|-weather|Snowscape|[from] ability: Snow Warning|[of] p1a: Froslass\n|move|p1b: Kingambit|Protect|p1b: Kingambit\n|-singleturn|p1b: Kingambit|Protect\n|move|p2b: Incineroar|Fake Out|p1b: Kingambit\n|-activate|p1b: Kingambit|move: Protect\n|move|p2a: Mamoswine|Rock Slide|p1b: Kingambit|[spread] p1a\n|-activate|p1b: Kingambit|move: Protect\n|-supereffective|p1a: Froslass|1\n|-damage|p1a: Froslass|52/100\n|move|p1a: Froslass|Blizzard|p2a: Mamoswine|[spread] p2a,p2b\n|-resisted|p2b: Incineroar|1\n|-crit|p2b: Incineroar\n|-damage|p2a: Mamoswine|67/100\n|-damage|p2b: Incineroar|69/100\n|\n|-weather|Snowscape|[upkeep]\n|upkeep\n|turn|2\n|\n|t:|1776087179\n|move|p1a: Froslass|Protect|p1a: Froslass\n|-singleturn|p1a: Froslass|Protect\n|move|p2a: Mamoswine|Rock Slide|p1b: Kingambit|[spread] p1b\n|-activate|p1a: Froslass|move: Protect\n|-resisted|p1b: Kingambit|1\n|-damage|p1b: Kingambit|92/100\n|move|p2b: Incineroar|Flare Blitz|p1b: Kingambit\n|-supereffective|p1b: Kingambit|1\n|-damage|p1b: Kingambit|13/100\n|-damage|p2b: Incineroar|42/100|[from] Recoil\n|-enditem|p2b: Incineroar|Sitrus Berry|[eat]\n|-heal|p2b: Incineroar|67/100|[from] item: Sitrus Berry\n|move|p1b: Kingambit|Iron Head|p2a: Mamoswine\n|-supereffective|p2a: Mamoswine|1\n|-damage|p2a: Mamoswine|0 fnt\n|faint|p2a: Mamoswine\n|\n|-weather|Snowscape|[upkeep]\n|upkeep\n|\n|t:|1776087194\n|switch|p2a: Aerodactyl|Aerodactyl, L50, F|100/100\n|-ability|p2a: Aerodactyl|Unnerve\n|turn|3\n|\n|t:|1776087205\n|switch|p1a: Milotic|Milotic, L50, F|100/100\n|switch|p1b: Garchomp|Garchomp, L50, M|100/100\n|move|p2a: Aerodactyl|Tailwind|p2a: Aerodactyl\n|-sidestart|p2: suggagugkies|move: Tailwind\n|move|p2b: Incineroar|Darkest Lariat|p1a: Milotic\n|-damage|p1a: Milotic|65/100\n|\n|-weather|Snowscape|[upkeep]\n|-heal|p1a: Milotic|70/100|[from] item: Leftovers\n|upkeep\n|turn|4\n|\n|t:|1776087228\n|switch|p2b: Empoleon|Empoleon, L50, M|100/100\n|move|p2a: Aerodactyl|Rock Slide|p1a: Milotic|[spread] p1a,p1b\n|-resisted|p1b: Garchomp|1\n|-damage|p1a: Milotic|45/100\n|-damage|p1b: Garchomp|86/100\n|move|p1b: Garchomp|Dragon Rush|p2a: Aerodactyl|[miss]\n|-miss|p1b: Garchomp|p2a: Aerodactyl\n|move|p1a: Milotic|Muddy Water|p2a: Aerodactyl|[spread] p2b\n|-miss|p1a: Milotic|p2a: Aerodactyl\n|-resisted|p2b: Empoleon|1\n|-damage|p2b: Empoleon|86/100\n|-unboost|p2b: Empoleon|accuracy|1\n|-ability|p2b: Empoleon|Competitive|boost\n|-boost|p2b: Empoleon|spa|2\n|\n|-weather|Snowscape|[upkeep]\n|-heal|p1a: Milotic|51/100|[from] item: Leftovers\n|upkeep\n|turn|5\n|\n|t:|1776087252\n|switch|p1b: Kingambit|Kingambit, L50, M|13/100\n|move|p2a: Aerodactyl|Protect|p2a: Aerodactyl\n|-singleturn|p2a: Aerodactyl|Protect\n|move|p2b: Empoleon|Ice Beam|p1b: Kingambit\n|-resisted|p1b: Kingambit|1\n|-damage|p1b: Kingambit|0 fnt\n|faint|p1b: Kingambit\n|move|p1a: Milotic|Icy Wind|p2b: Empoleon|[spread] p2b\n|-activate|p2a: Aerodactyl|move: Protect\n|-resisted|p2b: Empoleon|2\n|-damage|p2b: Empoleon|83/100\n|-unboost|p2b: Empoleon|spe|1\n|-ability|p2b: Empoleon|Competitive|boost\n|-boost|p2b: Empoleon|spa|2\n|\n|-weather|none\n|-heal|p1a: Milotic|57/100|[from] item: Leftovers\n|upkeep\n|\n|t:|1776087266\n|switch|p1b: Froslass|Froslass-Mega, L50, F|52/100\n|-weather|Snowscape|[from] ability: Snow Warning|[of] p1b: Froslass\n|turn|6\n|\n|t:|1776087274\n|move|p2b: Empoleon|Protect|p2b: Empoleon\n|-singleturn|p2b: Empoleon|Protect\n|move|p2a: Aerodactyl|Rock Slide|p1b: Froslass|[spread] p1a,p1b\n|-supereffective|p1b: Froslass|1\n|-damage|p1a: Milotic|32/100\n|-damage|p1b: Froslass|1/100\n|move|p1b: Froslass|Blizzard|p2b: Empoleon|[spread] p2a\n|-activate|p2b: Empoleon|move: Protect\n|-supereffective|p2a: Aerodactyl|1\n|-enditem|p2a: Aerodactyl|Focus Sash\n|-damage|p2a: Aerodactyl|1/100\n|move|p1a: Milotic|Scald|p2a: Aerodactyl\n|-supereffective|p2a: Aerodactyl|1\n|-damage|p2a: Aerodactyl|0 fnt\n|faint|p2a: Aerodactyl\n|\n|-weather|Snowscape|[upkeep]\n|-heal|p1a: Milotic|38/100|[from] item: Leftovers\n|-sideend|p2: suggagugkies|move: Tailwind\n|upkeep\n|\n|t:|1776087287\n|switch|p2a: Incineroar|Incineroar, L50, M|67/100\n|-ability|p2a: Incineroar|Intimidate|boost\n|-unboost|p1a: Milotic|atk|1\n|-ability|p1a: Milotic|Competitive|boost\n|-boost|p1a: Milotic|spa|2\n|-unboost|p1b: Froslass|atk|1\n|turn|7\n|\n|t:|1776087305\n|move|p1b: Froslass|Protect|p1b: Froslass\n|-singleturn|p1b: Froslass|Protect\n|move|p1a: Milotic|Protect|p1a: Milotic\n|-singleturn|p1a: Milotic|Protect\n|move|p2a: Incineroar|Fake Out|p1a: Milotic\n|-activate|p1a: Milotic|move: Protect\n|move|p2b: Empoleon|Hydro Pump|p1a: Milotic\n|-activate|p1a: Milotic|move: Protect\n|\n|-weather|Snowscape|[upkeep]\n|-heal|p1a: Milotic|43/100|[from] item: Leftovers\n|upkeep\n|turn|8\n|\n|t:|1776087333\n|move|p1b: Froslass|Aurora Veil|p1b: Froslass\n|-sidestart|p1: RBG_LOL|move: Aurora Veil\n|move|p1a: Milotic|Muddy Water|p2a: Incineroar|[spread] p2a,p2b\n|-supereffective|p2a: Incineroar|1\n|-resisted|p2b: Empoleon|1\n|-damage|p2a: Incineroar|0 fnt\n|-damage|p2b: Empoleon|56/100\n|faint|p2a: Incineroar\n|move|p2b: Empoleon|Hydro Pump|p1a: Milotic\n|-resisted|p1a: Milotic|1\n|-damage|p1a: Milotic|0 fnt\n|faint|p1a: Milotic\n|\n|-weather|Snowscape|[upkeep]\n|upkeep\n|\n|t:|1776087339\n|switch|p1a: Garchomp|Garchomp, L50, M|86/100\n|turn|9\n|\n|t:|1776087346\n|move|p1a: Garchomp|Rock Slide|p2b: Empoleon|[miss]\n|-miss|p1a: Garchomp|p2b: Empoleon\n|move|p1b: Froslass|Shadow Ball|p2b: Empoleon\n|-damage|p2b: Empoleon|11/100\n|move|p2b: Empoleon|Ice Beam|p1a: Garchomp\n|-supereffective|p1a: Garchomp|2\n|-damage|p1a: Garchomp|0 fnt\n|faint|p1a: Garchomp\n|\n|-weather|Snowscape|[upkeep]\n|upkeep\n|turn|10\n|-message|suggagugkies forfeited.\n|\n|win|RBG_LOL\n|raw|RBG_LOL's rating: 1140 &rarr; <strong>1160</strong><br />(+20 for winning)\n|raw|suggagugkies's rating: 1074 &rarr; <strong>1057</strong><br />(-17 for losing)\n|l|\u2606suggagugkies\n|player|p2|\n",
  "uploadtime": 1776087360,
  "views": 22,
  "formatid": "gen9championsvgc2026regma",
  "rating": 1057,
  "private": 0,
  "password": null
}