{
  "id": "gen9championsvgc2026regma-2585469908",
  "format": "[Gen 9 Champions] VGC 2026 Reg M-A",
  "players": [
    "Rikorisu",
    "melon storme"
  ],
  "log": "|j|\u2606Rikorisu\n|j|\u2606melon storme\n|t:|1776349407\n|gametype|doubles\n|player|p1|Rikorisu|lady|1199\n|player|p2|melon storme|kieran-festival|1287\n|gen|9\n|tier|[Gen 9 Champions] VGC 2026 Reg M-A\n|rated|\n|rule|Species Clause: Limit one of each Pok\u00e9mon\n|rule|Item Clause: Limit 1 of each item\n|clearpoke\n|poke|p1|Typhlosion-Hisui, L50, F|\n|poke|p1|Palafin, L50, M|\n|poke|p1|Hydrapple, L50, M|\n|poke|p1|Froslass, L50, F|\n|poke|p1|Maushold-Four, L50|\n|poke|p1|Sneasler, L50, M|\n|poke|p2|Kingambit, L50, F|\n|poke|p2|Zoroark-Hisui, L50, M|\n|poke|p2|Froslass, L50, F|\n|poke|p2|Beartic, L50, M|\n|poke|p2|Primarina, L50, F|\n|poke|p2|Sneasler, L50, F|\n|teampreview|4\n|\n|t:|1776349486\n|teamsize|p1|4\n|teamsize|p2|4\n|start\n|switch|p1a: Maushold|Maushold-Four, L50|100/100\n|switch|p1b: Typhlosion|Typhlosion-Hisui, L50, F|100/100\n|switch|p2a: Kingambit|Kingambit, L50, F|100/100\n|switch|p2b: Primarina|Primarina, L50, F|100/100\n|-item|p2a: Kingambit|Chople Berry|[from] ability: Frisk|[of] p1b: Typhlosion\n|-item|p2b: Primarina|Focus Sash|[from] ability: Frisk|[of] p1b: Typhlosion\n|turn|1\n|\n|t:|1776349507\n|move|p2a: Kingambit|Protect|p2a: Kingambit\n|-singleturn|p2a: Kingambit|Protect\n|move|p1a: Maushold|Follow Me|p1a: Maushold\n|-singleturn|p1a: Maushold|move: Follow Me\n|move|p1b: Typhlosion|Eruption|p2b: Primarina|[spread] p2b\n|-activate|p2a: Kingambit|move: Protect\n|-enditem|p2b: Primarina|Focus Sash\n|-damage|p2b: Primarina|1/100\n|replace|p2b: Zoroark|Zoroark-Hisui, L50, M\n|-end|p2b: Zoroark|Illusion\n|move|p2b: Zoroark|Taunt|p1a: Maushold\n|-start|p1a: Maushold|move: Taunt\n|\n|upkeep\n|turn|2\n|\n|t:|1776349559\n|switch|p1a: Sneasler|Sneasler, L50, M|100/100\n|move|p2a: Kingambit|Sucker Punch|p1b: Typhlosion\n|-supereffective|p1b: Typhlosion|1\n|-damage|p1b: Typhlosion|0 fnt\n|faint|p1b: Typhlosion\n|move|p2b: Zoroark|Hyper Voice|p1a: Sneasler\n|-damage|p1a: Sneasler|43/100\n|\n|upkeep\n|\n|t:|1776349570\n|switch|p1b: Maushold|Maushold-Four, L50|100/100\n|turn|3\n|\n|t:|1776349594\n|switch|p2a: Froslass|Froslass, L50, F|100/100\n|move|p1a: Sneasler|Fake Out|p2a: Froslass\n|-immune|p2a: Froslass\n|move|p2b: Zoroark|Hyper Voice|p1b: Maushold|[spread] p1a,p1b\n|-damage|p1a: Sneasler|9/100\n|-damage|p1b: Maushold|63/100\n|move|p1b: Maushold|Population Bomb|p2b: Zoroark\n|-immune|p2b: Zoroark\n|\n|upkeep\n|turn|4\n|c|\u2606melon storme|umm let me be clear\n|c|\u2606melon storme|a quote from every ghost type\n|\n|t:|1776349632\n|detailschange|p2a: Froslass|Froslass-Mega, L50, F\n|-mega|p2a: Froslass|Froslass|Froslassite\n|-weather|Snowscape|[from] ability: Snow Warning|[of] p2a: Froslass\n|move|p1b: Maushold|Follow Me|p1b: Maushold\n|-singleturn|p1b: Maushold|move: Follow Me\n|move|p2a: Froslass|Blizzard|p1a: Sneasler|[spread] p1a,p1b\n|-damage|p1a: Sneasler|0 fnt\n|-damage|p1b: Maushold|20/100\n|-enditem|p1b: Maushold|Sitrus Berry|[eat]\n|-heal|p1b: Maushold|45/100|[from] item: Sitrus Berry\n|faint|p1a: Sneasler\n|move|p2b: Zoroark|Hyper Voice|p1b: Maushold\n|-damage|p1b: Maushold|0 fnt\n|faint|p1b: Maushold\n|\n|-weather|Snowscape|[upkeep]\n|upkeep\n|\n|t:|1776349647\n|switch|p1b: Froslass|Froslass, L50, F|100/100\n|turn|5\n|\n|t:|1776349655\n|detailschange|p1b: Froslass|Froslass-Mega, L50, F\n|-mega|p1b: Froslass|Froslass|Froslassite\n|move|p1b: Froslass|Shadow Ball|p2a: Froslass\n|-supereffective|p2a: Froslass|1\n|-damage|p2a: Froslass|0 fnt\n|faint|p2a: Froslass\n|move|p2b: Zoroark|Shadow Ball|p1b: Froslass\n|-supereffective|p1b: Froslass|1\n|-damage|p1b: Froslass|0 fnt\n|faint|p1b: Froslass\n|\n|win|melon storme\n|raw|Rikorisu's rating: 1199 &rarr; <strong>1180</strong><br />(-19 for losing)\n|raw|melon storme's rating: 1287 &rarr; <strong>1306</strong><br />(+19 for winning)\n|c|\u2606melon storme|ggs\n|l|\u2606Rikorisu\n|player|p1|\n",
  "uploadtime": 1776349666,
  "views": 29,
  "formatid": "gen9championsvgc2026regma",
  "rating": 1180,
  "private": 0,
  "password": null
}