{
  "id": "gen9championsvgc2026regma-2588737315",
  "format": "[Gen 9 Champions] VGC 2026 Reg M-A",
  "players": [
    "gipsydanger5627",
    "unova arowak"
  ],
  "log": "|j|\u203dgipsydanger5627\n|j|\u2606unova arowak\n|t:|1776664048\n|gametype|doubles\n|player|p1|gipsydanger5627|brycen|1146\n|player|p2|unova arowak|aetherfoundation2|1231\n|gen|9\n|tier|[Gen 9 Champions] VGC 2026 Reg M-A\n|rated|\n|rule|Species Clause: Limit one of each Pok\u00e9mon\n|rule|Item Clause: Limit 1 of each item\n|clearpoke\n|poke|p1|Charizard, L50, F|\n|poke|p1|Sneasler, L50, M|\n|poke|p1|Gengar, L50, M|\n|poke|p1|Kingambit, L50, M|\n|poke|p1|Kangaskhan, L50, F|\n|poke|p1|Sinistcha, L50|\n|poke|p2|Corviknight, L50, F, shiny|\n|poke|p2|Leafeon, L50, F|\n|poke|p2|Arcanine-Hisui, L50, F|\n|poke|p2|Krookodile, L50, M|\n|poke|p2|Rotom-Wash, L50, shiny|\n|poke|p2|Charizard, L50, F, shiny|\n|teampreview|4\n|\n|t:|1776664076\n|teamsize|p1|4\n|teamsize|p2|4\n|start\n|switch|p1a: Gengar|Gengar, L50, M|100/100\n|switch|p1b: Kingambit|Kingambit, L50, M|100/100\n|switch|p2a: Charizard|Charizard, L50, F, shiny|100/100\n|switch|p2b: Krookodile|Krookodile, L50, M|100/100\n|-ability|p2b: Krookodile|Intimidate|boost\n|-unboost|p1a: Gengar|atk|1\n|-unboost|p1b: Kingambit|atk|1\n|-ability|p1b: Kingambit|Defiant|boost\n|-boost|p1b: Kingambit|atk|2\n|turn|1\n|\n|t:|1776664093\n|detailschange|p2a: Charizard|Charizard-Mega-Y, L50, F, shiny\n|-mega|p2a: Charizard|Charizard|Charizardite Y\n|-weather|SunnyDay|[from] ability: Drought|[of] p2a: Charizard\n|move|p1b: Kingambit|Protect|p1b: Kingambit\n|-singleturn|p1b: Kingambit|Protect\n|move|p1a: Gengar|Icy Wind|p2b: Krookodile|[spread] p2a,p2b\n|-supereffective|p2b: Krookodile|1\n|-damage|p2a: Charizard|85/100\n|-damage|p2b: Krookodile|58/100\n|-unboost|p2a: Charizard|spe|1\n|-unboost|p2b: Krookodile|spe|1\n|move|p2b: Krookodile|Earthquake|p1b: Kingambit|[spread] p1a\n|-activate|p1b: Kingambit|move: Protect\n|-immune|p2a: Charizard\n|-supereffective|p1a: Gengar|1\n|-damage|p1a: Gengar|0 fnt\n|faint|p1a: Gengar\n|move|p2a: Charizard|Heat Wave|p1b: Kingambit\n|-activate|p1b: Kingambit|move: Protect\n|\n|-weather|SunnyDay|[upkeep]\n|upkeep\n|\n|t:|1776664113\n|switch|p1a: Charizard|Charizard, L50, F|100/100\n|turn|2\n|inactive|Battle timer is ON: inactive players will automatically lose when time's up. (requested by unova arowak)\n|\n|t:|1776664138\n|detailschange|p1a: Charizard|Charizard-Mega-X, L50, F\n|-mega|p1a: Charizard|Charizard|Charizardite X\n|move|p1b: Kingambit|Sucker Punch|p2a: Charizard\n|-damage|p2a: Charizard|0 fnt\n|faint|p2a: Charizard\n|move|p1a: Charizard|Dragon Dance|p1a: Charizard\n|-boost|p1a: Charizard|atk|1\n|-boost|p1a: Charizard|spe|1\n|move|p2b: Krookodile|Earthquake|p1a: Charizard|[spread] p1a,p1b\n|-supereffective|p1a: Charizard|1\n|-supereffective|p1b: Kingambit|1\n|-damage|p1a: Charizard|36/100\n|-damage|p1b: Kingambit|51/100\n|\n|-weather|SunnyDay|[upkeep]\n|upkeep\n|\n|t:|1776664151\n|switch|p2a: Rotom|Rotom-Wash, L50, shiny|100/100\n|turn|3\n|inactive|gipsydanger5627 has 30 seconds left.\n|\n|t:|1776664183\n|move|p1b: Kingambit|Sucker Punch|p2a: Rotom\n|-damage|p2a: Rotom|16/100\n|move|p1a: Charizard|Dragon Claw|p2a: Rotom\n|-damage|p2a: Rotom|0 fnt\n|faint|p2a: Rotom\n|move|p2b: Krookodile|Earthquake|p1b: Kingambit|[spread] p1a,p1b\n|-supereffective|p1a: Charizard|1\n|-supereffective|p1b: Kingambit|1\n|-damage|p1a: Charizard|0 fnt\n|-damage|p1b: Kingambit|2/100\n|faint|p1a: Charizard\n|\n|-weather|SunnyDay|[upkeep]\n|upkeep\n|\n|t:|1776664193\n|switch|p1a: Sneasler|Sneasler, L50, M|100/100\n|switch|p2a: Corvi|Corviknight, L50, F, shiny|100/100\n|turn|4\n|c|\u2606unova arowak|gg\n|inactive|gipsydanger5627 has 30 seconds left.\n|\n|t:|1776664227\n|move|p1b: Kingambit|Sucker Punch|p2a: Corvi\n|-damage|p2a: Corvi|47/100\n|move|p1a: Sneasler|Close Combat|p2b: Krookodile\n|-supereffective|p2b: Krookodile|1\n|-damage|p2b: Krookodile|0 fnt\n|-unboost|p1a: Sneasler|def|1\n|-unboost|p1a: Sneasler|spd|1\n|faint|p2b: Krookodile\n|move|p2a: Corvi|Brave Bird|p1a: Sneasler\n|-supereffective|p1a: Sneasler|1\n|-enditem|p1a: Sneasler|Focus Sash\n|-damage|p1a: Sneasler|1/100\n|-damage|p2a: Corvi|12/100|[from] Recoil\n|\n|-weather|SunnyDay|[upkeep]\n|-heal|p2a: Corvi|18/100|[from] item: Leftovers\n|upkeep\n|turn|5\n|\n|t:|1776664244\n|move|p1b: Kingambit|Sucker Punch|p2a: Corvi\n|-damage|p2a: Corvi|0 fnt\n|faint|p2a: Corvi\n|\n|win|gipsydanger5627\n|raw|gipsydanger5627's rating: 1146 &rarr; <strong>1177</strong><br />(+31 for winning)\n|raw|unova arowak's rating: 1231 &rarr; <strong>1200</strong><br />(-31 for losing)\n|l|\u2606unova arowak\n|player|p2|\n",
  "uploadtime": 1776664263,
  "views": 56,
  "formatid": "gen9championsvgc2026regma",
  "rating": 1177,
  "private": 0,
  "password": null
}