{
  "id": "gen9championsvgc2026regma-2582740318",
  "format": "[Gen 9 Champions] VGC 2026 Reg M-A",
  "players": [
    "fdefran",
    "OddToaster"
  ],
  "log": "|j|\u2606fdefran\n|j|\u2606OddToaster\n|t:|1776110831\n|gametype|doubles\n|player|p1|fdefran|101|1072\n|player|p2|OddToaster|clerkf|1144\n|gen|9\n|tier|[Gen 9 Champions] VGC 2026 Reg M-A\n|rated|\n|rule|Species Clause: Limit one of each Pok\u00e9mon\n|rule|Item Clause: Limit 1 of each item\n|clearpoke\n|poke|p1|Charizard, L50, F|\n|poke|p1|Incineroar, L50, M|\n|poke|p1|Basculegion, L50, M|\n|poke|p1|Garchomp, L50, F|\n|poke|p1|Venusaur, L50, M|\n|poke|p1|Sneasler, L50, F|\n|poke|p2|Aerodactyl, L50, M|\n|poke|p2|Garchomp, L50, F|\n|poke|p2|Gardevoir, L50, F|\n|poke|p2|Corviknight, L50, M|\n|poke|p2|Incineroar, L50, F|\n|poke|p2|Rotom-Wash, L50|\n|teampreview|4\n|inactive|Battle timer is ON: inactive players will automatically lose when time's up. (requested by OddToaster)\n|\n|t:|1776110876\n|teamsize|p1|4\n|teamsize|p2|4\n|start\n|switch|p1a: Charizard|Charizard, L50, F, shiny|100/100\n|switch|p1b: Venusaur|Venusaur, L50, M, shiny|100/100\n|switch|p2a: Aerodactyl|Aerodactyl, L50, M|100/100\n|switch|p2b: Incineroar|Incineroar, L50, F|100/100\n|-ability|p2a: Aerodactyl|Unnerve\n|-ability|p2b: Incineroar|Intimidate|boost\n|-unboost|p1a: Charizard|atk|1\n|-unboost|p1b: Venusaur|atk|1\n|turn|1\n|inactive|fdefran has 30 seconds left.\n|\n|t:|1776110910\n|switch|p1b: Incineroar|Incineroar, L50, M, shiny|100/100\n|-ability|p1b: Incineroar|Intimidate|boost\n|-unboost|p2a: Aerodactyl|atk|1\n|-unboost|p2b: Incineroar|atk|1\n|detailschange|p1a: Charizard|Charizard-Mega-Y, L50, F, shiny\n|-mega|p1a: Charizard|Charizard|Charizardite Y\n|-weather|SunnyDay|[from] ability: Drought|[of] p1a: Charizard\n|move|p1a: Charizard|Protect|p1a: Charizard\n|-singleturn|p1a: Charizard|Protect\n|move|p2b: Incineroar|Fake Out|p1b: Incineroar\n|-damage|p1b: Incineroar|94/100\n|move|p2a: Aerodactyl|Tailwind|p2a: Aerodactyl\n|-sidestart|p2: OddToaster|move: Tailwind\n|\n|-weather|SunnyDay|[upkeep]\n|upkeep\n|turn|2\n|inactive|fdefran has 30 seconds left.\n|inactive|OddToaster has 30 seconds left.\n|\n|t:|1776110942\n|switch|p2b: Garchomp|Garchomp, L50, F|100/100\n|move|p2a: Aerodactyl|Protect|p2a: Aerodactyl\n|-singleturn|p2a: Aerodactyl|Protect\n|move|p1b: Incineroar|Fake Out|p2a: Aerodactyl\n|-activate|p2a: Aerodactyl|move: Protect\n|move|p1a: Charizard|Heat Wave|p2b: Garchomp|[spread] p2b\n|-activate|p2a: Aerodactyl|move: Protect\n|-resisted|p2b: Garchomp|1\n|-damage|p2b: Garchomp|58/100\n|-status|p2b: Garchomp|brn\n|\n|-weather|SunnyDay|[upkeep]\n|-damage|p2b: Garchomp|52/100 brn|[from] brn\n|upkeep\n|turn|3\n|inactive|fdefran has 30 seconds left.\n|inactive|fdefran has 20 seconds left.\n|inactive|fdefran has 15 seconds left.\n|\n|t:|1776110986\n|switch|p1a: Venusaur|Venusaur, L50, M, shiny|100/100\n|move|p2a: Aerodactyl|Rock Slide|p1a: Venusaur|[spread] p1a,p1b\n|-supereffective|p1b: Incineroar|1\n|-damage|p1a: Venusaur|79/100\n|-damage|p1b: Incineroar|60/100\n|move|p2b: Garchomp|Earthquake|p1b: Incineroar|[spread] p1a,p1b\n|-immune|p2a: Aerodactyl\n|-supereffective|p1b: Incineroar|1\n|-damage|p1a: Venusaur|54/100\n|-damage|p1b: Incineroar|24/100\n|move|p1b: Incineroar|Throat Chop|p2a: Aerodactyl\n|-damage|p2a: Aerodactyl|53/100\n|-start|p2a: Aerodactyl|Throat Chop|[silent]\n|\n|-weather|SunnyDay|[upkeep]\n|-damage|p2b: Garchomp|46/100 brn|[from] brn\n|upkeep\n|turn|4\n|inactive|fdefran has 30 seconds left.\n|inactive|OddToaster has 30 seconds left.\n|inactive|fdefran has 20 seconds left.\n|inactive|fdefran has 15 seconds left.\n|inactive|fdefran has 10 seconds left.\n|inactive|fdefran has 5 seconds left.\n|\n|t:|1776111038\n|move|p2a: Aerodactyl|Dual Wingbeat|p1a: Venusaur\n|-supereffective|p1a: Venusaur|1\n|-damage|p1a: Venusaur|23/100\n|-supereffective|p1a: Venusaur|1\n|-damage|p1a: Venusaur|0 fnt\n|faint|p1a: Venusaur\n|-hitcount|p1: Venusaur|2\n|move|p2b: Garchomp|Earthquake|p1b: Incineroar|[spread] p1b\n|-immune|p2a: Aerodactyl\n|-supereffective|p1b: Incineroar|1\n|-damage|p1b: Incineroar|0 fnt\n|faint|p1b: Incineroar\n|\n|-weather|SunnyDay|[upkeep]\n|-damage|p2b: Garchomp|40/100 brn|[from] brn\n|-end|p2a: Aerodactyl|Throat Chop|[silent]\n|-sideend|p2: OddToaster|move: Tailwind\n|upkeep\n|\n|t:|1776111052\n|switch|p1a: Charizard|Charizard-Mega-Y, L50, F, shiny|100/100\n|switch|p1b: Sneasler|Sneasler, L50, F, shiny|100/100\n|turn|5\n|\n|t:|1776111075\n|switch|p2a: Gardevoir|Gardevoir, L50, F|100/100\n|move|p1b: Sneasler|Dire Claw|p2a: Gardevoir\n|-supereffective|p2a: Gardevoir|1\n|-damage|p2a: Gardevoir|0 fnt\n|faint|p2a: Gardevoir\n|move|p2b: Garchomp|Earthquake|p1b: Sneasler|[spread] p1b\n|-immune|p1a: Charizard\n|-supereffective|p1b: Sneasler|1\n|-damage|p1b: Sneasler|39/100\n|move|p1a: Charizard|Heat Wave|p2b: Garchomp\n|-resisted|p2b: Garchomp|1\n|-damage|p2b: Garchomp|0 fnt\n|faint|p2b: Garchomp\n|\n|-weather|none\n|upkeep\n|\n|t:|1776111078\n|switch|p2b: Incineroar|Incineroar, L50, F|100/100\n|switch|p2a: Aerodactyl|Aerodactyl, L50, M|53/100\n|-ability|p2a: Aerodactyl|Unnerve\n|-ability|p2b: Incineroar|Intimidate|boost\n|-unboost|p1a: Charizard|atk|1\n|-unboost|p1b: Sneasler|atk|1\n|-enditem|p1b: Sneasler|White Herb\n|-clearnegativeboost|p1b: Sneasler|[silent]\n|turn|6\n|inactive|fdefran has 30 seconds left.\n|\n|t:|1776111108\n|move|p1b: Sneasler|Protect|p1b: Sneasler\n|-singleturn|p1b: Sneasler|Protect\n|move|p2b: Incineroar|Fake Out|p1b: Sneasler\n|-activate|p1b: Sneasler|move: Protect\n|move|p2a: Aerodactyl|Tailwind|p2a: Aerodactyl\n|-sidestart|p2: OddToaster|move: Tailwind\n|move|p1a: Charizard|Heat Wave|p2a: Aerodactyl|[spread] p2b\n|-miss|p1a: Charizard|p2a: Aerodactyl\n|-resisted|p2b: Incineroar|1\n|-damage|p2b: Incineroar|78/100\n|\n|upkeep\n|turn|7\n|\n|t:|1776111123\n|move|p2a: Aerodactyl|Rock Slide|p1a: Charizard|[spread] p1a,p1b\n|-supereffective|p1a: Charizard|2\n|-resisted|p1b: Sneasler|1\n|-damage|p1a: Charizard|0 fnt\n|-damage|p1b: Sneasler|18/100\n|faint|p1a: Charizard\n|move|p1b: Sneasler|Close Combat|p2b: Incineroar\n|-supereffective|p2b: Incineroar|1\n|-damage|p2b: Incineroar|0 fnt\n|-unboost|p1b: Sneasler|def|1\n|-unboost|p1b: Sneasler|spd|1\n|faint|p2b: Incineroar\n|\n|upkeep\n|turn|8\n|\n|t:|1776111137\n|move|p2a: Aerodactyl|Dual Wingbeat|p1b: Sneasler\n|-supereffective|p1b: Sneasler|1\n|-damage|p1b: Sneasler|0 fnt\n|faint|p1b: Sneasler\n|-hitcount|p1: Sneasler|1\n|\n|win|OddToaster\n|raw|fdefran's rating: 1072 &rarr; <strong>1055</strong><br />(-17 for losing)\n|raw|OddToaster's rating: 1144 &rarr; <strong>1164</strong><br />(+20 for winning)\n",
  "uploadtime": 1776111147,
  "views": 13,
  "formatid": "gen9championsvgc2026regma",
  "rating": 1055,
  "private": 0,
  "password": null
}