{
  "id": "gen9championsvgc2026regma-2583738397",
  "format": "[Gen 9 Champions] VGC 2026 Reg M-A",
  "players": [
    "YoshiStitch",
    "Rworwo"
  ],
  "log": "|j|\u2606YoshiStitch\n|j|\u2606Rworwo\n|t:|1776194348\n|gametype|doubles\n|player|p1|YoshiStitch|170|1099\n|player|p2|Rworwo|pokefan|1184\n|gen|9\n|tier|[Gen 9 Champions] VGC 2026 Reg M-A\n|rated|\n|rule|Species Clause: Limit one of each Pok\u00e9mon\n|rule|Item Clause: Limit 1 of each item\n|clearpoke\n|poke|p1|Sylveon, L50, F|\n|poke|p1|Klefki, L50, F|\n|poke|p1|Incineroar, L50, F|\n|poke|p1|Garchomp, L50, M|\n|poke|p1|Arcanine-Hisui, L50, M|\n|poke|p1|Rotom-Wash, L50|\n|poke|p2|Houndoom, L50, F|\n|poke|p2|Torkoal, L50, F|\n|poke|p2|Mimikyu, L50, M|\n|poke|p2|Rotom-Mow, L50|\n|poke|p2|Tauros-Paldea-Aqua, L50, M|\n|poke|p2|Kleavor, L50, M|\n|teampreview|4\n|inactive|Battle timer is ON: inactive players will automatically lose when time's up. (requested by Rworwo)\nYoshiStitch rejected open team sheets.\n|inactive|Rworwo has 60 seconds left.\n|\n|t:|1776194382\n|teamsize|p1|4\n|teamsize|p2|4\n|start\n|switch|p1a: Klefki|Klefki, L50, F|100/100\n|switch|p1b: Rotom|Rotom-Wash, L50|100/100\n|switch|p2a: Houndoom|Houndoom, L50, F|100/100\n|switch|p2b: Torkoal|Torkoal, L50, F|100/100\n|-weather|SunnyDay|[from] ability: Drought|[of] p2b: Torkoal\n|turn|1\n|inactive|Rworwo has 30 seconds left.\n|inactive|Rworwo has 20 seconds left.\n|\n|t:|1776194423\n|detailschange|p2a: Houndoom|Houndoom-Mega, L50, F\n|-mega|p2a: Houndoom|Houndoom|Houndoominite\n|move|p2b: Torkoal|Helping Hand|p2a: Houndoom\n|-singleturn|p2a: Houndoom|Helping Hand|[of] p2b: Torkoal\n|move|p1a: Klefki|Sandstorm|p1a: Klefki\n|-weather|Sandstorm\n|move|p2a: Houndoom|Dark Pulse|p1b: Rotom\n|-damage|p1b: Rotom|30/100\n|move|p1b: Rotom|Hydro Pump|p2b: Torkoal|[miss]\n|-miss|p1b: Rotom|p2b: Torkoal\n|\n|-weather|Sandstorm|[upkeep]\n|-damage|p2a: Houndoom|94/100|[from] Sandstorm\n|-damage|p1b: Rotom|24/100|[from] Sandstorm\n|-damage|p2b: Torkoal|94/100|[from] Sandstorm\n|upkeep\n|turn|2\n|inactive|Rworwo has 30 seconds left.\n|\n|t:|1776194451\n|switch|p1b: Arcanine|Arcanine-Hisui, L50, M|100/100\n|-ability|p1b: Arcanine|Intimidate|boost\n|-unboost|p2a: Houndoom|atk|1\n|-unboost|p2b: Torkoal|atk|1\n|move|p2b: Torkoal|Helping Hand|p2a: Houndoom\n|-singleturn|p2a: Houndoom|Helping Hand|[of] p2b: Torkoal\n|move|p1a: Klefki|Light Screen|p1a: Klefki\n|-sidestart|p1: YoshiStitch|move: Light Screen\n|move|p2a: Houndoom|Heat Wave|p1b: Arcanine|[spread] p1a,p1b\n|-supereffective|p1a: Klefki|1\n|-resisted|p1b: Arcanine|2\n|-damage|p1a: Klefki|5/100\n|-damage|p1b: Arcanine|93/100\n|\n|-weather|Sandstorm|[upkeep]\n|-damage|p2a: Houndoom|88/100|[from] Sandstorm\n|-damage|p2b: Torkoal|88/100|[from] Sandstorm\n|-heal|p1b: Arcanine|99/100|[from] item: Leftovers\n|upkeep\n|turn|3\n|\n|t:|1776194471\n|switch|p2b: Tauros|Tauros-Paldea-Aqua, L50, M|100/100\n|-ability|p2b: Tauros|Intimidate|boost\n|-unboost|p1a: Klefki|atk|1\n|-unboost|p1b: Arcanine|atk|1\n|move|p2a: Houndoom|Protect|p2a: Houndoom\n|-singleturn|p2a: Houndoom|Protect\n|move|p1b: Arcanine|Rock Slide|p2a: Houndoom|[spread] \n|-activate|p2a: Houndoom|move: Protect\n|-miss|p1b: Arcanine|p2b: Tauros\n|move|p1a: Klefki|Trick Room|p1a: Klefki\n|-fieldstart|move: Trick Room|[of] p1a: Klefki\n|\n|-weather|Sandstorm|[upkeep]\n|-damage|p2b: Tauros|94/100|[from] Sandstorm\n|-damage|p2a: Houndoom|82/100|[from] Sandstorm\n|-heal|p1b: Arcanine|100/100|[from] item: Leftovers\n|upkeep\n|turn|4\n|inactive|YoshiStitch has 30 seconds left.\n|\n|t:|1776194502\n|switch|p2a: Rotom|Rotom-Mow, L50|100/100\n|move|p1b: Arcanine|Extreme Speed|p2b: Tauros\n|-damage|p2b: Tauros|75/100\n|move|p1a: Klefki|Steel Beam|p2b: Tauros\n|-resisted|p2b: Tauros|1\n|-damage|p2b: Tauros|52/100\n|-damage|p1a: Klefki|0 fnt|[from] steelbeam\n|faint|p1a: Klefki\n|move|p2b: Tauros|Raging Bull|p1b: Arcanine\n|-sideend|p1: YoshiStitch|move: Light Screen\n|-supereffective|p1b: Arcanine|2\n|-crit|p1b: Arcanine\n|-damage|p1b: Arcanine|0 fnt\n|faint|p1b: Arcanine\n|\n|-weather|Sandstorm|[upkeep]\n|-damage|p2a: Rotom|95/100|[from] Sandstorm\n|-damage|p2b: Tauros|46/100|[from] Sandstorm\n|-heal|p2a: Rotom|100/100|[from] item: Leftovers\n|upkeep\n|\n|t:|1776194510\n|switch|p1a: Garchomp|Garchomp, L50, M|100/100\n|switch|p1b: Rotom|Rotom-Wash, L50|24/100\n|turn|5\n|\n|t:|1776194529\n|detailschange|p1a: Garchomp|Garchomp-Mega, L50, M\n|-mega|p1a: Garchomp|Garchomp|Garchompite\n|move|p1a: Garchomp|Earthquake|p2b: Tauros|[spread] p2b\n|-immune|p1b: Rotom|[from] ability: Levitate\n|-immune|p2a: Rotom|[from] ability: Levitate\n|-damage|p2b: Tauros|0 fnt\n|faint|p2b: Tauros\n|move|p1b: Rotom|Shadow Ball|p2a: Rotom\n|-damage|p2a: Rotom|72/100\n|move|p2a: Rotom|Leaf Storm|p1a: Garchomp\n|-damage|p1a: Garchomp|34/100\n|-unboost|p2a: Rotom|spa|2\n|\n|-weather|none\n|-heal|p2a: Rotom|78/100|[from] item: Leftovers\n|upkeep\n|\n|t:|1776194543\n|switch|p2b: Torkoal|Torkoal, L50, F|88/100\n|-weather|SunnyDay|[from] ability: Drought|[of] p2b: Torkoal\n|turn|6\n|-message|YoshiStitch forfeited.\n|\n|win|Rworwo\n|raw|YoshiStitch's rating: 1099 &rarr; <strong>1080</strong><br />(-19 for losing)\n|raw|Rworwo's rating: 1184 &rarr; <strong>1203</strong><br />(+19 for winning)\n|l|\u2606YoshiStitch\n|player|p1|\n",
  "uploadtime": 1776194562,
  "views": 14,
  "formatid": "gen9championsvgc2026regma",
  "rating": 1080,
  "private": 0,
  "password": null
}