{
  "id": "gen9championsvgc2026regma-2588373312",
  "format": "[Gen 9 Champions] VGC 2026 Reg M-A",
  "players": [
    "DavidTIS",
    "sam sulek fanpage"
  ],
  "log": "|j|\u2606DavidTIS\n|j|\u2606sam sulek fanpage\n|t:|1776628120\n|gametype|doubles\n|player|p1|DavidTIS|1|1240\n|player|p2|sam sulek fanpage|unknown|1249\n|gen|9\n|tier|[Gen 9 Champions] VGC 2026 Reg M-A\n|rated|\n|rule|Species Clause: Limit one of each Pok\u00e9mon\n|rule|Item Clause: Limit 1 of each item\n|clearpoke\n|poke|p1|Starmie, L50|\n|poke|p1|Lucario, L50, F|\n|poke|p1|Lycanroc-Dusk, L50, F|\n|poke|p1|Hydreigon, L50, F|\n|poke|p1|Gengar, L50, F|\n|poke|p1|Tauros-Paldea-Aqua, L50, M|\n|poke|p2|Floette-Eternal, L50, F|\n|poke|p2|Sneasler, L50, M|\n|poke|p2|Basculegion, L50, M|\n|poke|p2|Garchomp, L50, F|\n|poke|p2|Maushold, L50|\n|poke|p2|Aerodactyl, L50, M|\n|teampreview|4\n|inactive|Battle timer is ON: inactive players will automatically lose when time's up. (requested by DavidTIS)\n|inactive|DavidTIS has 60 seconds left.\n|inactive|sam sulek fanpage has 60 seconds left.\n|\n|t:|1776628175\n|teamsize|p1|4\n|teamsize|p2|4\n|start\n|switch|p1a: Lucario|Lucario, L50, F|100/100\n|switch|p1b: Gengar|Gengar, L50, F|100/100\n|switch|p2a: Garchomp|Garchomp, L50, F|100/100\n|switch|p2b: Aerodactyl|Aerodactyl, L50, M|100/100\n|-ability|p2b: Aerodactyl|Unnerve\n|turn|1\n|inactive|sam sulek fanpage has 30 seconds left.\n|\n|t:|1776628203\n|switch|p1a: Hydreigon|Hydreigon, L50, F|100/100\n|move|p1b: Gengar|Protect|p1b: Gengar\n|-singleturn|p1b: Gengar|Protect\n|move|p2b: Aerodactyl|Tailwind|p2b: Aerodactyl\n|-sidestart|p2: sam sulek fanpage|move: Tailwind\n|move|p2a: Garchomp|Earthquake|p1b: Gengar|[spread] \n|-activate|p1b: Gengar|move: Protect\n|-immune|p2b: Aerodactyl\n|-immune|p1a: Hydreigon|[from] ability: Levitate\n|\n|upkeep\n|turn|2\n|inactive|DavidTIS has 30 seconds left.\n|inactive|DavidTIS has 20 seconds left.\n|\n|t:|1776628242\n|move|p2b: Aerodactyl|Rock Slide|p1a: Hydreigon|[spread] p1a,p1b\n|-damage|p1a: Hydreigon|69/100\n|-damage|p1b: Gengar|52/100\n|move|p2a: Garchomp|Earthquake|p1b: Gengar|[spread] p1b\n|-immune|p2b: Aerodactyl\n|-immune|p1a: Hydreigon|[from] ability: Levitate\n|-supereffective|p1b: Gengar|1\n|-damage|p1b: Gengar|0 fnt\n|faint|p1b: Gengar\n|cant|p1a: Hydreigon|flinch\n|\n|upkeep\n|\n|t:|1776628255\n|switch|p1b: Starmie|Starmie, L50|100/100\n|turn|3\n|\n|t:|1776628274\n|switch|p2b: Basculegion|Basculegion, L50, M|100/100\n|detailschange|p1b: Starmie|Starmie-Mega, L50\n|-mega|p1b: Starmie|Starmie|Starminite\n|move|p1b: Starmie|Protect|p1b: Starmie\n|-singleturn|p1b: Starmie|Protect\n|move|p1a: Hydreigon|Protect|p1a: Hydreigon\n|-singleturn|p1a: Hydreigon|Protect\n|move|p2a: Garchomp|Dragon Claw|p1a: Hydreigon\n|-activate|p1a: Hydreigon|move: Protect\n|\n|upkeep\n|turn|4\n|\n|t:|1776628295\n|switch|p1b: Lucario|Lucario, L50, F|100/100\n|move|p1a: Hydreigon|Protect||[still]\n|-fail|p1a: Hydreigon\n|move|p2b: Basculegion|Last Respects|p1b: Lucario\n|-damage|p1b: Lucario|41/100\n|move|p2a: Garchomp|Dragon Claw|p1a: Hydreigon\n|-supereffective|p1a: Hydreigon|1\n|-damage|p1a: Hydreigon|0 fnt\n|faint|p1a: Hydreigon\n|\n|-sideend|p2: sam sulek fanpage|move: Tailwind\n|upkeep\n|\n|t:|1776628307\n|switch|p1a: Starmie|Starmie-Mega, L50|100/100\n|turn|5\n|\n|t:|1776628320\n|move|p2b: Basculegion|Last Respects|p1a: Starmie\n|-supereffective|p1a: Starmie|1\n|-damage|p1a: Starmie|6/100\n|move|p1a: Starmie|Ice Spinner|p2a: Garchomp\n|-supereffective|p2a: Garchomp|2\n|-damage|p2a: Garchomp|0 fnt\n|-damage|p1a: Starmie|0 fnt|[from] ability: Rough Skin|[of] p2a: Garchomp\n|faint|p2a: Garchomp\n|faint|p1a: Starmie\n|move|p1b: Lucario|Dark Pulse|p2b: Basculegion\n|-supereffective|p2b: Basculegion|1\n|-damage|p2b: Basculegion|39/100\n|\n|upkeep\n|\n|t:|1776628335\n|switch|p2a: Aerodactyl|Aerodactyl, L50, M|100/100\n|-ability|p2a: Aerodactyl|Unnerve\n|turn|6\n|\n|t:|1776628344\n|move|p2a: Aerodactyl|Dual Wingbeat|p1b: Lucario\n|-damage|p1b: Lucario|12/100\n|-damage|p1b: Lucario|0 fnt\n|faint|p1b: Lucario\n|-hitcount|p1: Lucario|2\n|\n|win|sam sulek fanpage\n|raw|DavidTIS's rating: 1240 &rarr; <strong>1216</strong><br />(-24 for losing)\n|raw|sam sulek fanpage's rating: 1249 &rarr; <strong>1273</strong><br />(+24 for winning)\n|c|\u2606sam sulek fanpage|gg\n",
  "uploadtime": 1776628347,
  "views": 17,
  "formatid": "gen9championsvgc2026regma",
  "rating": 1216,
  "private": 0,
  "password": null
}