{
  "id": "gen9championsvgc2026regma-2586083015",
  "format": "[Gen 9 Champions] VGC 2026 Reg M-A",
  "players": [
    "bluejayx2",
    "SportyChief"
  ],
  "log": "|j|\u203dbluejayx2\n|j|\u2606SportyChief\n|t:|1776397125\n|gametype|doubles\n|player|p1|bluejayx2|marley|1084\n|player|p2|SportyChief|102|1000\n|gen|9\n|tier|[Gen 9 Champions] VGC 2026 Reg M-A\n|rated|\n|rule|Species Clause: Limit one of each Pok\u00e9mon\n|rule|Item Clause: Limit 1 of each item\n|clearpoke\n|poke|p1|Pinsir, L50, F|\n|poke|p1|Clefable, L50, F|\n|poke|p1|Absol, L50, F|\n|poke|p1|Charizard, L50, F|\n|poke|p1|Politoed, L50, M|\n|poke|p1|Sableye, L50, F|\n|poke|p2|Simisear, L50, M|\n|poke|p2|Simisage, L50, M|\n|poke|p2|Simipour, L50, F|\n|poke|p2|Scizor, L50, M|\n|poke|p2|Noivern, L50, F|\n|poke|p2|Hatterene, L50, F|\n|teampreview|4\n|inactive|Battle timer is ON: inactive players will automatically lose when time's up. (requested by bluejayx2)\n|inactive|SportyChief also wants the timer to be on.\n|inactive|SportyChief has 60 seconds left.\n|\n|t:|1776397168\n|teamsize|p1|4\n|teamsize|p2|4\n|start\n|switch|p1a: Charizard|Charizard, L50, F, shiny|100/100\n|switch|p1b: Sableye|Sableye, L50, F, shiny|100/100\n|switch|p2a: Simisage|Simisage, L50, M, shiny|100/100\n|switch|p2b: Noivern|Noivern, L50, F, shiny|100/100\n|turn|1\n|inactive|SportyChief has 30 seconds left.\n|\n|t:|1776397195\n|switch|p1b: Politoed|Politoed, L50, M|100/100\n|-weather|RainDance|[from] ability: Drizzle|[of] p1b: Politoed\n|move|p1a: Charizard|Hurricane|p2a: Simisage\n|-supereffective|p2a: Simisage|1\n|-damage|p2a: Simisage|0 fnt\n|faint|p2a: Simisage\n|move|p2b: Noivern|Tailwind|p2b: Noivern\n|-sidestart|p2: SportyChief|move: Tailwind\n|\n|-weather|RainDance|[upkeep]\n|upkeep\n|\n|t:|1776397208\n|switch|p2a: Simipour|Simipour, L50, F, shiny|100/100\n|turn|2\n|\n|t:|1776397232\n|switch|p1a: Sableye|Sableye, L50, F, shiny|100/100\n|move|p2a: Simipour|Fake Out|p1a: Sableye\n|-immune|p1a: Sableye\n|move|p2b: Noivern|Hurricane|p1b: Politoed\n|-damage|p1b: Politoed|68/100\n|move|p1b: Politoed|Icy Wind|p2b: Noivern|[spread] p2a,p2b\n|-resisted|p2a: Simipour|1\n|-supereffective|p2b: Noivern|2\n|-damage|p2a: Simipour|93/100\n|-damage|p2b: Noivern|56/100\n|-unboost|p2a: Simipour|spe|1\n|-unboost|p2b: Noivern|spe|1\n|\n|-weather|RainDance|[upkeep]\n|upkeep\n|turn|3\n|\n|t:|1776397252\n|switch|p2b: Hatterene|Hatterene, L50, F, shiny|100/100\n|move|p1a: Sableye|Sunny Day|p1a: Sableye\n|-weather|SunnyDay\n|move|p2a: Simipour|Taunt|p1a: Sableye\n|-start|p1a: Sableye|move: Taunt\n|-enditem|p1a: Sableye|Mental Herb\n|-end|p1a: Sableye|move: Taunt\n|move|p1b: Politoed|Icy Wind|p2b: Hatterene|[spread] p2b\n|-miss|p1b: Politoed|p2a: Simipour\n|-damage|p2b: Hatterene|92/100\n|-unboost|p2b: Hatterene|spe|1\n|\n|-weather|SunnyDay|[upkeep]\n|upkeep\n|turn|4\n|inactive|SportyChief has 30 seconds left.\n|-activate|p1b: Politoed|item: Quick Claw\n|\n|t:|1776397279\n|move|p1a: Sableye|Encore|p2a: Simipour\n|-start|p2a: Simipour|Encore\n|move|p1b: Politoed|Perish Song|p1b: Politoed\n|-start|p1a: Sableye|perish3|[silent]\n|-start|p1b: Politoed|perish3|[silent]\n|-start|p2a: Simipour|perish3|[silent]\n|-start|p2b: Hatterene|perish3|[silent]\n|-fieldactivate|move: Perish Song\n|move|p2a: Simipour|Taunt|p1a: Sableye\n|-start|p1a: Sableye|move: Taunt\n|move|p2b: Hatterene|Psychic Terrain|p2b: Hatterene\n|-fieldstart|move: Psychic Terrain\n|\n|-weather|SunnyDay|[upkeep]\n|-start|p2a: Simipour|perish3\n|-start|p1b: Politoed|perish3\n|-start|p1a: Sableye|perish3\n|-start|p2b: Hatterene|perish3\n|-sideend|p2: SportyChief|move: Tailwind\n|upkeep\n|turn|5\n|-activate|p1b: Politoed|item: Quick Claw\n|\n|t:|1776397302\n|switch|p2a: Noivern|Noivern, L50, F, shiny|56/100\n|switch|p1a: Charizard|Charizard, L50, F, shiny|100/100\n|move|p1b: Politoed|Icy Wind|p2a: Noivern|[spread] p2a,p2b\n|-supereffective|p2a: Noivern|2\n|-damage|p2a: Noivern|14/100\n|-damage|p2b: Hatterene|81/100\n|-unboost|p2a: Noivern|spe|1\n|-unboost|p2b: Hatterene|spe|1\n|move|p2b: Hatterene|Draining Kiss|p1a: Charizard\n|-resisted|p1a: Charizard|1\n|-damage|p1a: Charizard|86/100\n|-heal|p2b: Hatterene|94/100|[from] drain|[of] p1a: Charizard\n|\n|-weather|SunnyDay|[upkeep]\n|-damage|p1a: Charizard|74/100|[from] ability: Solar Power|[of] p1a: Charizard\n|-start|p1b: Politoed|perish2\n|-start|p2b: Hatterene|perish2\n|upkeep\n|turn|6\n|inactive|SportyChief has 30 seconds left.\n|-activate|p1b: Politoed|item: Quick Claw\n|\n|t:|1776397334\n|move|p1b: Politoed|Icy Wind|p2b: Hatterene|[spread] p2a,p2b\n|-supereffective|p2a: Noivern|2\n|-damage|p2a: Noivern|0 fnt\n|-damage|p2b: Hatterene|85/100\n|-unboost|p2b: Hatterene|spe|1\n|faint|p2a: Noivern\n|move|p1a: Charizard|Heat Wave|p2b: Hatterene\n|-damage|p2b: Hatterene|0 fnt\n|faint|p2b: Hatterene\n|\n|-weather|SunnyDay|[upkeep]\n|-damage|p1a: Charizard|62/100|[from] ability: Solar Power|[of] p1a: Charizard\n|-start|p1b: Politoed|perish1\n|upkeep\n|\n|t:|1776397360\n|switch|p2b: Simipour|Simipour, L50, F, shiny|93/100\n|turn|7\n|\n|t:|1776397374\n|switch|p1a: Sableye|Sableye, L50, F, shiny|100/100\n|switch|p1b: Pinsir|Pinsir, L50, F, shiny|100/100\n|move|p2b: Simipour|Fake Out|p1a: Sableye\n|-activate|p1a: Sableye|move: Psychic Terrain\n|\n|-weather|none\n|upkeep\n|turn|8\n|-message|SportyChief forfeited.\n|\n|win|bluejayx2\n|raw|bluejayx2's rating: 1084 &rarr; <strong>1105</strong><br />(+21 for winning)\n|raw|SportyChief's rating: 1000 &rarr; <strong>1000</strong><br />(+0 for losing)\n|l|\u2606SportyChief\n|player|p2|\n",
  "uploadtime": 1776397393,
  "views": 16,
  "formatid": "gen9championsvgc2026regma",
  "rating": 1000,
  "private": 0,
  "password": null
}