{
  "id": "gen9championsvgc2026regma-2586588698",
  "format": "[Gen 9 Champions] VGC 2026 Reg M-A",
  "players": [
    "ruirivers",
    "uuruureurur"
  ],
  "log": "|j|\u2606ruirivers\n|j|\u2606uuruureurur\n|t:|1776445148\n|gametype|doubles\n|player|p1|ruirivers|shadowtriad|1064\n|player|p2|uuruureurur|1|1000\n|gen|9\n|tier|[Gen 9 Champions] VGC 2026 Reg M-A\n|rated|\n|rule|Species Clause: Limit one of each Pok\u00e9mon\n|rule|Item Clause: Limit 1 of each item\n|clearpoke\n|poke|p1|Chesnaught, L50, M|\n|poke|p1|Samurott-Hisui, L50, M|\n|poke|p1|Noivern, L50, F|\n|poke|p1|Arcanine, L50, M|\n|poke|p1|Raichu, L50, M|\n|poke|p1|Zoroark-Hisui, L50, F|\n|poke|p2|Sableye, L50, M|\n|poke|p2|Milotic, L50, F|\n|poke|p2|Orthworm, L50, F|\n|poke|p2|Garchomp, L50, F|\n|poke|p2|Flapple, L50, M|\n|poke|p2|Clefable, L50, M|\n|teampreview|4\n|inactive|Battle timer is ON: inactive players will automatically lose when time's up. (requested by ruirivers)\n|inactive|ruirivers has 60 seconds left.\n|\n|t:|1776445194\n|teamsize|p1|4\n|teamsize|p2|4\n|start\n|switch|p1a: Chesnaught|Chesnaught, L50, M|100/100\n|switch|p1b: Arcanine|Arcanine, L50, M|100/100\n|switch|p2a: Sableye|Sableye, L50, M|100/100\n|switch|p2b: Orthworm|Orthworm, L50, F|100/100\n|-ability|p1b: Arcanine|Intimidate|boost\n|-unboost|p2a: Sableye|atk|1\n|-unboost|p2b: Orthworm|atk|1\n|turn|1\n|\n|t:|1776445213\n|move|p2a: Sableye|Fake Out|p1b: Arcanine\n|-damage|p1b: Arcanine|94/100\n|move|p1a: Chesnaught|Taunt|p2b: Orthworm\n|-start|p2b: Orthworm|move: Taunt\n|cant|p1b: Arcanine|flinch\n|cant|p2b: Orthworm|move: Taunt|Shed Tail\n|\n|upkeep\n|turn|2\n|\n|t:|1776445234\n|switch|p2b: Clefable|Clefable, L50, M|100/100\n|move|p2a: Sableye|Encore|p1a: Chesnaught\n|-start|p1a: Chesnaught|Encore\n|move|p1a: Chesnaught|Taunt|p2a: Sableye\n|-start|p2a: Sableye|move: Taunt\n|move|p1b: Arcanine|Heat Wave|p2a: Sableye|[spread] p2b\n|-miss|p1b: Arcanine|p2a: Sableye\n|-damage|p2b: Clefable|79/100\n|-status|p2b: Clefable|brn\n|\n|upkeep\n|turn|3\n|\n|t:|1776445254\n|switch|p2a: Orthworm|Orthworm, L50, F|100/100\n|detailschange|p2b: Clefable|Clefable-Mega, L50, M\n|-mega|p2b: Clefable|Clefable|Clefablite\n|move|p1a: Chesnaught|Taunt|p2b: Clefable\n|move|p2b: Clefable|Taunt|p1a: Chesnaught|[from] ability: Magic Bounce\n|-start|p1a: Chesnaught|move: Taunt\n|move|p1b: Arcanine|Heat Wave|p2a: Orthworm|[spread] p2a,p2b\n|-supereffective|p2a: Orthworm|1\n|-damage|p2a: Orthworm|0 fnt\n|-damage|p2b: Clefable|60/100 brn\n|faint|p2a: Orthworm\n|move|p2b: Clefable|Dual Wingbeat|p1a: Chesnaught\n|-damage|p1a: Chesnaught|88/100\n|replace|p1a: Zoroark|Zoroark-Hisui, L50, F\n|-end|p1a: Zoroark|Illusion\n|-damage|p1a: Zoroark|77/100\n|-hitcount|p1a: Zoroark|2\n|\n|-damage|p2b: Clefable|54/100 brn|[from] brn\n|upkeep\n|\n|t:|1776445272\n|switch|p2a: Sableye|Sableye, L50, M|100/100\n|turn|4\n|\n|t:|1776445282\n|switch|p1a: Raichu|Raichu, L50, M|100/100\n|move|p1b: Arcanine|Protect|p1b: Arcanine\n|-singleturn|p1b: Arcanine|Protect\n|move|p2b: Clefable|Follow Me|p2b: Clefable\n|-singleturn|p2b: Clefable|move: Follow Me\n|move|p2a: Sableye|Gravity|p2a: Sableye\n|-fieldstart|move: Gravity\n|\n|-damage|p2b: Clefable|48/100 brn|[from] brn\n|upkeep\n|turn|5\n|\n|t:|1776445302\n|move|p2a: Sableye|Encore|p1b: Arcanine\n|-start|p1b: Arcanine|Encore\n|move|p1b: Arcanine|Protect||[still]\n|-fail|p1b: Arcanine\n|move|p1a: Raichu|Thunderbolt|p2b: Clefable\n|-supereffective|p2b: Clefable|1\n|-damage|p2b: Clefable|3/100 brn\n|move|p2b: Clefable|Sing|p1a: Raichu\n|-status|p1a: Raichu|slp|[from] move: Sing\n|\n|-damage|p2b: Clefable|0 fnt|[from] brn\n|faint|p2b: Clefable\n|upkeep\n|\n|t:|1776445313\n|switch|p2b: Flapple|Flapple, L50, M|100/100\n|turn|6\n|\n|t:|1776445327\n|switch|p1b: Chesnaught|Chesnaught, L50, M|77/100\n|cant|p1a: Raichu|slp\n|move|p2b: Flapple|Grav Apple|p1a: Raichu\n|-crit|p1a: Raichu\n|-enditem|p1a: Raichu|Focus Sash\n|-damage|p1a: Raichu|1/100 slp\n|-unboost|p1a: Raichu|def|1\n|move|p2a: Sableye|Foul Play|p1a: Raichu\n|-damage|p1a: Raichu|0 fnt\n|faint|p1a: Raichu\n|\n|upkeep\n|\n|t:|1776445341\n|switch|p1a: Arcanine|Arcanine, L50, M|94/100\n|-ability|p1a: Arcanine|Intimidate|boost\n|-unboost|p2a: Sableye|atk|1\n|-unboost|p2b: Flapple|atk|1\n|turn|7\n|\n|t:|1776445363\n|move|p1b: Chesnaught|Icy Wind|p2b: Flapple|[spread] p2a,p2b\n|-supereffective|p2b: Flapple|2\n|-damage|p2a: Sableye|78/100\n|-damage|p2b: Flapple|15/100\n|-unboost|p2a: Sableye|spe|1\n|-unboost|p2b: Flapple|spe|1\n|move|p1a: Arcanine|Heat Wave|p2b: Flapple|[spread] p2a,p2b\n|-damage|p2a: Sableye|32/100\n|-damage|p2b: Flapple|0 fnt\n|faint|p2b: Flapple\n|move|p2a: Sableye|Foul Play|p1b: Chesnaught\n|-supereffective|p1b: Chesnaught|1\n|-damage|p1b: Chesnaught|0 fnt\n|replace|p1b: Zoroark|Zoroark-Hisui, L50, F\n|-end|p1b: Zoroark|Illusion\n|faint|p1b: Zoroark\n|\n|upkeep\n|\n|t:|1776445377\n|switch|p1b: Chesnaught|Chesnaught, L50, M|100/100\n|turn|8\n|-message|uuruureurur forfeited.\n|\n|win|ruirivers\n|raw|ruirivers's rating: 1064 &rarr; <strong>1089</strong><br />(+25 for winning)\n|raw|uuruureurur's rating: 1000 &rarr; <strong>1000</strong><br />(+0 for losing)\n|l|\u2606uuruureurur\n|player|p2|\n",
  "uploadtime": 1776445386,
  "views": 22,
  "formatid": "gen9championsvgc2026regma",
  "rating": 1000,
  "private": 0,
  "password": null
}