{
  "id": "gen9championsvgc2026regma-2581002721",
  "format": "[Gen 9 Champions] VGC 2026 Reg M-A",
  "players": [
    "chaewonyoung",
    "danz12"
  ],
  "log": "|j|\u2606chaewonyoung\n|j|\u2606danz12\n|t:|1775950719\n|gametype|doubles\n|player|p1|chaewonyoung|yellow|1013\n|player|p2|danz12|101|1035\n|gen|9\n|tier|[Gen 9 Champions] VGC 2026 Reg M-A\n|rated|\n|rule|Species Clause: Limit one of each Pok\u00e9mon\n|rule|Item Clause: Limit 1 of each item\n|clearpoke\n|poke|p1|Tyranitar, L50, M|\n|poke|p1|Garchomp, L50, F|\n|poke|p1|Gyarados, L50, M|\n|poke|p1|Sneasler, L50, M|\n|poke|p1|Whimsicott, L50, M|\n|poke|p1|Delphox, L50, F|\n|poke|p2|Charizard, L50, M|\n|poke|p2|Venusaur, L50, M|\n|poke|p2|Incineroar, L50, M|\n|poke|p2|Whimsicott, L50, F|\n|poke|p2|Farigiraf, L50, M|\n|poke|p2|Kangaskhan, L50, F|\n|teampreview|4\n|inactive|Battle timer is ON: inactive players will automatically lose when time's up. (requested by danz12)\n|\n|t:|1775950753\n|teamsize|p1|4\n|teamsize|p2|4\n|start\n|switch|p1a: Whimsicott|Whimsicott, L50, M|100/100\n|switch|p1b: Sneasler|Sneasler, L50, M|100/100\n|switch|p2a: Drax|Charizard, L50, M|100/100\n|switch|p2b: Tigre To\u00f1o|Incineroar, L50, M|100/100\n|-ability|p2b: Tigre To\u00f1o|Intimidate|boost\n|-unboost|p1a: Whimsicott|atk|1\n|-unboost|p1b: Sneasler|atk|1\n|-enditem|p1b: Sneasler|White Herb\n|-clearnegativeboost|p1b: Sneasler|[silent]\n|turn|1\n|inactive|chaewonyoung has 30 seconds left.\n|inactive|danz12 has 30 seconds left.\n|\n|t:|1775950784\n|detailschange|p2a: Drax|Charizard-Mega-Y, L50, M\n|-mega|p2a: Drax|Charizard|Charizardite Y\n|-weather|SunnyDay|[from] ability: Drought|[of] p2a: Drax\n|move|p1b: Sneasler|Fake Out|p2b: Tigre To\u00f1o\n|-damage|p2b: Tigre To\u00f1o|88/100\n|cant|p2b: Tigre To\u00f1o|flinch\n|move|p1a: Whimsicott|Tailwind|p1a: Whimsicott\n|-sidestart|p1: chaewonyoung|move: Tailwind\n|move|p2a: Drax|Heat Wave|p1b: Sneasler|[spread] p1a,p1b\n|-supereffective|p1a: Whimsicott|1\n|-enditem|p1a: Whimsicott|Focus Sash\n|-damage|p1a: Whimsicott|1/100\n|-damage|p1b: Sneasler|7/100\n|\n|-weather|SunnyDay|[upkeep]\n|upkeep\n|turn|2\n|inactive|chaewonyoung has 30 seconds left.\n|inactive|danz12 has 30 seconds left.\n|inactive|chaewonyoung has 20 seconds left.\n|inactive|danz12 has 20 seconds left.\n|inactive|chaewonyoung has 15 seconds left.\n|inactive|danz12 has 15 seconds left.\n|\n|t:|1775950825\n|move|p2a: Drax|Protect|p2a: Drax\n|-singleturn|p2a: Drax|Protect\n|move|p1b: Sneasler|Dire Claw|p2a: Drax\n|-activate|p2a: Drax|move: Protect\n|move|p1a: Whimsicott|Moonblast|p2b: Tigre To\u00f1o\n|-damage|p2b: Tigre To\u00f1o|68/100\n|move|p2b: Tigre To\u00f1o|Will-O-Wisp|p1b: Sneasler|[miss]\n|-miss|p2b: Tigre To\u00f1o|p1b: Sneasler\n|\n|-weather|SunnyDay|[upkeep]\n|upkeep\n|turn|3\n|\n|t:|1775950840\n|switch|p2a: Kristell|Farigiraf, L50, M|100/100\n|move|p1b: Sneasler|Dire Claw|p2a: Kristell\n|-damage|p2a: Kristell|66/100\n|move|p1a: Whimsicott|Moonblast|p2b: Tigre To\u00f1o\n|-damage|p2b: Tigre To\u00f1o|48/100\n|move|p2b: Tigre To\u00f1o|Will-O-Wisp|p1b: Sneasler\n|-status|p1b: Sneasler|brn\n|\n|-weather|SunnyDay|[upkeep]\n|-heal|p2a: Kristell|72/100|[from] item: Leftovers\n|-damage|p1b: Sneasler|1/100 brn|[from] brn\n|upkeep\n|turn|4\n|inactive|chaewonyoung has 30 seconds left.\n|\n|t:|1775950871\n|switch|p1a: Tyranitar|Tyranitar, L50, M|100/100\n|-weather|Sandstorm|[from] ability: Sand Stream|[of] p1a: Tyranitar\n|move|p2a: Kristell|Protect|p2a: Kristell\n|-singleturn|p2a: Kristell|Protect\n|move|p1b: Sneasler|Close Combat|p2b: Tigre To\u00f1o\n|-supereffective|p2b: Tigre To\u00f1o|1\n|-damage|p2b: Tigre To\u00f1o|0 fnt\n|-unboost|p1b: Sneasler|def|1\n|-unboost|p1b: Sneasler|spd|1\n|faint|p2b: Tigre To\u00f1o\n|\n|-weather|Sandstorm|[upkeep]\n|-damage|p1b: Sneasler|0 fnt|[from] Sandstorm\n|-damage|p2a: Kristell|66/100|[from] Sandstorm\n|faint|p1b: Sneasler\n|-heal|p2a: Kristell|72/100|[from] item: Leftovers\n|-sideend|p1: chaewonyoung|move: Tailwind\n|upkeep\n|\n|t:|1775950896\n|switch|p1b: Whimsicott|Whimsicott, L50, M|1/100\n|switch|p2b: Pardo|Venusaur, L50, M, shiny|100/100\n|turn|5\n|inactive|chaewonyoung has 30 seconds left.\n|\n|t:|1775950928\n|switch|p1a: Garchomp|Garchomp, L50, F|100/100\n|move|p2a: Kristell|Helping Hand|p2b: Pardo\n|-singleturn|p2b: Pardo|Helping Hand|[of] p2a: Kristell\n|move|p1b: Whimsicott|Encore||[still]\n|cant|p2a: Kristell|ability: Armor Tail|Encore|[of] p1b: Whimsicott\n|move|p2b: Pardo|Giga Drain|p1a: Garchomp\n|-damage|p1a: Garchomp|32/100\n|-enditem|p1a: Garchomp|Sitrus Berry|[eat]\n|-heal|p1a: Garchomp|57/100|[from] item: Sitrus Berry\n|\n|-weather|Sandstorm|[upkeep]\n|-damage|p1b: Whimsicott|0 fnt|[from] Sandstorm\n|-damage|p2b: Pardo|95/100|[from] Sandstorm\n|-damage|p2a: Kristell|66/100|[from] Sandstorm\n|faint|p1b: Whimsicott\n|-heal|p2a: Kristell|72/100|[from] item: Leftovers\n|upkeep\n|\n|t:|1775950936\n|switch|p1b: Tyranitar|Tyranitar, L50, M|100/100\n|turn|6\n|\n|t:|1775950949\n|move|p2a: Kristell|Helping Hand|p2b: Pardo\n|-singleturn|p2b: Pardo|Helping Hand|[of] p2a: Kristell\n|move|p1b: Tyranitar|Protect|p1b: Tyranitar\n|-singleturn|p1b: Tyranitar|Protect\n|move|p1a: Garchomp|Earthquake|p2b: Pardo|[spread] p2a,p2b\n|-activate|p1b: Tyranitar|move: Protect\n|-damage|p2a: Kristell|41/100\n|-damage|p2b: Pardo|46/100\n|move|p2b: Pardo|Giga Drain|p1a: Garchomp\n|-damage|p1a: Garchomp|0 fnt\n|-heal|p2b: Pardo|76/100|[from] drain|[of] p1a: Garchomp\n|faint|p1a: Garchomp\n|\n|-weather|Sandstorm|[upkeep]\n|-damage|p2b: Pardo|71/100|[from] Sandstorm\n|-damage|p2a: Kristell|34/100|[from] Sandstorm\n|-heal|p2a: Kristell|41/100|[from] item: Leftovers\n|upkeep\n|turn|7\n|-message|chaewonyoung forfeited.\n|\n|win|danz12\n|raw|chaewonyoung's rating: 1013 &rarr; <strong>1002</strong><br />(-11 for losing)\n|raw|danz12's rating: 1035 &rarr; <strong>1068</strong><br />(+33 for winning)\n|l|\u2606chaewonyoung\n|player|p1|\n",
  "uploadtime": 1775950960,
  "views": 13,
  "formatid": "gen9championsvgc2026regma",
  "rating": 1002,
  "private": 0,
  "password": null
}