{
  "id": "gen9championsvgc2026regma-2585606931",
  "format": "[Gen 9 Champions] VGC 2026 Reg M-A",
  "players": [
    "Rhydonculous",
    "Nat Blackspear"
  ],
  "log": "|j|\u2606Rhydonculous\n|j|\u2606Nat Blackspear\n|t:|1776358516\n|gametype|doubles\n|player|p1|Rhydonculous|101|1042\n|player|p2|Nat Blackspear|palmer|1029\n|gen|9\n|tier|[Gen 9 Champions] VGC 2026 Reg M-A\n|rated|\n|rule|Species Clause: Limit one of each Pok\u00e9mon\n|rule|Item Clause: Limit 1 of each item\n|clearpoke\n|poke|p1|Greninja-*, L50, M|\n|poke|p1|Sableye, L50, M|\n|poke|p1|Ninetales-Alola, L50, M|\n|poke|p1|Venusaur, L50, F|\n|poke|p1|Garchomp, L50, M|\n|poke|p1|Sneasler, L50, M|\n|poke|p2|Whimsicott, L50, F|\n|poke|p2|Zoroark-Hisui, L50, M|\n|poke|p2|Sableye, L50, M|\n|poke|p2|Lopunny, L50, F|\n|poke|p2|Kommo-o, L50, M|\n|poke|p2|Weavile, L50, M|\n|teampreview|4\n|inactive|Battle timer is ON: inactive players will automatically lose when time's up. (requested by Nat Blackspear)\n|inactive|Rhydonculous has 60 seconds left.\n|inactive|Nat Blackspear has 60 seconds left.\n|\n|t:|1776358553\n|teamsize|p1|4\n|teamsize|p2|4\n|start\n|switch|p1a: Sableye|Sableye, L50, M|100/100\n|switch|p1b: Venusaur|Venusaur, L50, F|100/100\n|switch|p2a: Sableye|Sableye, L50, M|100/100\n|switch|p2b: Lopunny|Lopunny, L50, F|100/100\n|turn|1\n|inactive|Rhydonculous has 30 seconds left.\n|\n|t:|1776358587\n|move|p2a: Sableye|Fake Out|p1b: Venusaur\n|-damage|p1b: Venusaur|90/100\n|move|p1a: Sableye|Quash|p2b: Lopunny\n|-activate|p2b: Lopunny|move: Quash\n|cant|p1b: Venusaur|flinch\n|move|p2b: Lopunny|Shadow Ball|p1a: Sableye\n|-damage|p1a: Sableye|60/100\n|-unboost|p1a: Sableye|spd|1\n|\n|upkeep\n|turn|2\n|\n|t:|1776358608\n|move|p2a: Sableye|Helping Hand|p2b: Lopunny\n|-singleturn|p2b: Lopunny|Helping Hand|[of] p2a: Sableye\n|move|p1a: Sableye|Quash|p2b: Lopunny\n|-activate|p2b: Lopunny|move: Quash\n|move|p1b: Venusaur|Sleep Powder|p2b: Lopunny\n|-status|p2b: Lopunny|slp|[from] move: Sleep Powder\n|cant|p2b: Lopunny|slp\n|\n|upkeep\n|turn|3\n|inactive|Rhydonculous has 30 seconds left.\n|\n|t:|1776358644\n|switch|p1a: Garchomp|Garchomp, L50, M|100/100\n|move|p2a: Sableye|Disable|p1b: Venusaur\n|-start|p1b: Venusaur|Disable|Sleep Powder\n|cant|p2b: Lopunny|slp\n|move|p1b: Venusaur|Sludge Bomb|p2b: Lopunny\n|-resisted|p2b: Lopunny|1\n|-damage|p2b: Lopunny|54/100 slp\n|replace|p2b: Zoroark|Zoroark-Hisui, L50, M\n|-end|p2b: Zoroark|Illusion\n|\n|upkeep\n|turn|4\n|inactive|Nat Blackspear has 30 seconds left.\n|\n|t:|1776358675\n|move|p2a: Sableye|Helping Hand|p2b: Zoroark\n|-singleturn|p2b: Zoroark|Helping Hand|[of] p2a: Sableye\n|move|p1b: Venusaur|Protect|p1b: Venusaur\n|-singleturn|p1b: Venusaur|Protect\n|-curestatus|p2b: Zoroark|slp|[msg]\n|move|p2b: Zoroark|Hyper Voice|p1a: Garchomp|[spread] p1a\n|-activate|p1b: Venusaur|move: Protect\n|-damage|p1a: Garchomp|37/100\n|move|p1a: Garchomp|Earthquake|p2b: Zoroark|[spread] p2a,p2b\n|-activate|p1b: Venusaur|move: Protect\n|-damage|p2a: Sableye|49/100\n|-damage|p2b: Zoroark|0 fnt\n|-enditem|p2a: Sableye|Sitrus Berry|[eat]\n|-heal|p2a: Sableye|74/100|[from] item: Sitrus Berry\n|faint|p2b: Zoroark\n|\n|upkeep\n|\n|t:|1776358697\n|switch|p2b: Weavile|Weavile, L50, M|100/100\n|turn|5\n|inactive|Rhydonculous has 30 seconds left.\n|\n|t:|1776358725\n|move|p1a: Garchomp|Protect|p1a: Garchomp\n|-singleturn|p1a: Garchomp|Protect\n|move|p2a: Sableye|Encore|p1b: Venusaur\n|-start|p1b: Venusaur|Encore\n|move|p1b: Venusaur|Protect|p1b: Venusaur\n|-singleturn|p1b: Venusaur|Protect\n|move|p2b: Weavile|Triple Axel|p1a: Garchomp\n|-activate|p1a: Garchomp|move: Protect\n|\n|upkeep\n|turn|6\n|inactive|Rhydonculous has 30 seconds left.\n|\n|t:|1776358751\n|move|p1b: Venusaur|Protect|p1b: Venusaur\n|-singleturn|p1b: Venusaur|Protect\n|move|p2a: Sableye|Encore|p1a: Garchomp|[miss]\n|-miss|p2a: Sableye|p1a: Garchomp\n|move|p2b: Weavile|Triple Axel|p1a: Garchomp\n|-supereffective|p1a: Garchomp|2\n|-damage|p1a: Garchomp|0 fnt\n|faint|p1a: Garchomp\n|-hitcount|p1: Garchomp|1\n|\n|-end|p1b: Venusaur|Disable\n|upkeep\n|\n|t:|1776358760\n|switch|p1a: Sableye|Sableye, L50, M|60/100\n|turn|7\n|\n|t:|1776358785\n|move|p1b: Venusaur|Protect||[still]\n|-fail|p1b: Venusaur\n|move|p2a: Sableye|Disable|p1b: Venusaur\n|-start|p1b: Venusaur|Disable|Protect\n|move|p1a: Sableye|Sunny Day|p1a: Sableye\n|-weather|SunnyDay\n|move|p2b: Weavile|Triple Axel|p1a: Sableye\n|-damage|p1a: Sableye|46/100\n|-enditem|p1a: Sableye|Sitrus Berry|[eat]\n|-heal|p1a: Sableye|71/100|[from] item: Sitrus Berry\n|-damage|p1a: Sableye|41/100\n|-crit|p1a: Sableye\n|-damage|p1a: Sableye|0 fnt\n|faint|p1a: Sableye\n|-hitcount|p1: Sableye|3\n|\n|-weather|SunnyDay|[upkeep]\n|-end|p1b: Venusaur|Encore\n|upkeep\n|\n|t:|1776358798\n|switch|p1a: Greninja|Greninja, L50, M|100/100\n|turn|8\n|\n|t:|1776358816\n|move|p2a: Sableye|Helping Hand|p2b: Weavile\n|-singleturn|p2b: Weavile|Helping Hand|[of] p2a: Sableye\n|move|p1b: Venusaur|Sleep Powder|p2a: Sableye\n|-status|p2a: Sableye|slp|[from] move: Sleep Powder\n|move|p1a: Greninja|Weather Ball|p2b: Weavile\n|-start|p1a: Greninja|typechange|Fire|[from] ability: Protean\n|-supereffective|p2b: Weavile|1\n|-damage|p2b: Weavile|0 fnt\n|faint|p2b: Weavile\n|\n|-weather|SunnyDay|[upkeep]\n|upkeep\n|\n|t:|1776358830\n|switch|p2b: Lopunny|Lopunny, L50, F|100/100\n|turn|9\n|\n|t:|1776358853\n|detailschange|p1a: Greninja|Greninja-Mega, L50, M\n|-mega|p1a: Greninja|Greninja|Greninjite\n|detailschange|p2b: Lopunny|Lopunny-Mega, L50, F\n|-mega|p2b: Lopunny|Lopunny|Lopunnite\n|cant|p2a: Sableye|slp\n|move|p1b: Venusaur|Giga Drain|p2a: Sableye\n|-damage|p2a: Sableye|35/100 slp\n|-heal|p1b: Venusaur|100/100|[from] drain|[of] p2a: Sableye\n|move|p1a: Greninja|Extrasensory|p2b: Lopunny\n|-start|p1a: Greninja|typechange|Psychic|[from] ability: Protean\n|-supereffective|p2b: Lopunny|1\n|-damage|p2b: Lopunny|0 fnt\n|faint|p2b: Lopunny\n|\n|-weather|SunnyDay|[upkeep]\n|upkeep\n|turn|10\n|inactive|Rhydonculous has 30 seconds left.\n|inactive|Nat Blackspear has 30 seconds left.\n|inactive|Nat Blackspear has 20 seconds left.\n|inactive|Nat Blackspear has 15 seconds left.\n|c|\u2606Nat Blackspear|GG, nice play\n|inactive|Nat Blackspear has 10 seconds left.\n|inactive|Nat Blackspear has 5 seconds left.\n|-message|Nat Blackspear forfeited.\n|\n|win|Rhydonculous\n|raw|Rhydonculous's rating: 1042 &rarr; <strong>1074</strong><br />(+32 for winning)\n|raw|Nat Blackspear's rating: 1029 &rarr; <strong>1015</strong><br />(-14 for losing)\n|l|\u2606Nat Blackspear\n|player|p2|\n|c|\u2606Rhydonculous|Thank you sir\n",
  "uploadtime": 1776359126,
  "views": 32,
  "formatid": "gen9championsvgc2026regma",
  "rating": 1015,
  "private": 0,
  "password": null
}