{
  "id": "gen9championsvgc2026regma-2582405751",
  "format": "[Gen 9 Champions] VGC 2026 Reg M-A",
  "players": [
    "roiscool2001100",
    "cwal1007"
  ],
  "log": "|j|\u2606roiscool2001100\n|j|\u2606cwal1007\n|t:|1776089556\n|gametype|doubles\n|player|p1|roiscool2001100|ingo|1092\n|player|p2|cwal1007|266|1000\n|gen|9\n|tier|[Gen 9 Champions] VGC 2026 Reg M-A\n|rated|\n|rule|Species Clause: Limit one of each Pok\u00e9mon\n|rule|Item Clause: Limit 1 of each item\n|clearpoke\n|poke|p1|Gengar, L50, M|\n|poke|p1|Whimsicott, L50, F|\n|poke|p1|Sneasler, L50, M|\n|poke|p1|Farigiraf, L50, F|\n|poke|p1|Incineroar, L50, F|\n|poke|p1|Sinistcha, L50|\n|poke|p2|Froslass, L50, F|\n|poke|p2|Ninetales-Alola, L50, F|\n|poke|p2|Sneasler, L50, M|\n|poke|p2|Mamoswine, L50, F|\n|poke|p2|Dragonite, L50, M|\n|poke|p2|Dragapult, L50, M|\n|teampreview|4\n|\n|t:|1776089583\n|teamsize|p1|4\n|teamsize|p2|4\n|start\n|switch|p1a: Gengar|Gengar, L50, M|100/100\n|switch|p1b: Raging Neck|Farigiraf, L50, F|100/100\n|switch|p2a: Sneasler|Sneasler, L50, M|100/100\n|switch|p2b: Ninetales|Ninetales-Alola, L50, F|100/100\n|-weather|Snowscape|[from] ability: Snow Warning|[of] p2b: Ninetales\n|turn|1\n|\n|t:|1776089605\n|detailschange|p1a: Gengar|Gengar-Mega, L50, M\n|-mega|p1a: Gengar|Gengar|Gengarite\n|move|p1a: Gengar|Protect|p1a: Gengar\n|-singleturn|p1a: Gengar|Protect\n|move|p2a: Sneasler|Dire Claw|p1b: Raging Neck\n|-damage|p1b: Raging Neck|65/100\n|move|p2b: Ninetales|Aurora Veil|p2b: Ninetales\n|-sidestart|p2: cwal1007|move: Aurora Veil\n|move|p1b: Raging Neck|Psychic Noise|p2a: Sneasler\n|-supereffective|p2a: Sneasler|2\n|-damage|p2a: Sneasler|13/100\n|-start|p2a: Sneasler|move: Heal Block\n|\n|-weather|Snowscape|[upkeep]\n|upkeep\n|turn|2\n|\n|t:|1776089628\n|switch|p1a: Axel|Incineroar, L50, F|100/100\n|-ability|p1a: Axel|Intimidate|boost\n|-unboost|p2a: Sneasler|atk|1\n|-unboost|p2b: Ninetales|atk|1\n|-enditem|p2a: Sneasler|White Herb\n|-clearnegativeboost|p2a: Sneasler|[silent]\n|move|p2a: Sneasler|Protect|p2a: Sneasler\n|-singleturn|p2a: Sneasler|Protect\n|move|p2b: Ninetales|Encore||[still]\n|-fail|p2b: Ninetales\n|move|p1b: Raging Neck|Hyper Voice|p2b: Ninetales|[spread] p2b\n|-activate|p2a: Sneasler|move: Protect\n|-damage|p2b: Ninetales|85/100\n|\n|-weather|Snowscape|[upkeep]\n|-heal|p2b: Ninetales|92/100|[from] item: Leftovers\n|-end|p2a: Sneasler|move: Heal Block\n|upkeep\n|turn|3\n|\n|t:|1776089655\n|switch|p2a: Dragapult|Dragapult, L50, M|100/100\n|move|p1b: Raging Neck|Helping Hand|p1a: Axel\n|-singleturn|p1a: Axel|Helping Hand|[of] p1b: Raging Neck\n|move|p2b: Ninetales|Encore||[still]\n|-fail|p2b: Ninetales\n|move|p1a: Axel|Flare Blitz|p2a: Dragapult\n|-resisted|p2a: Dragapult|1\n|-crit|p2a: Dragapult\n|-damage|p2a: Dragapult|23/100\n|-status|p2a: Dragapult|brn\n|-damage|p1a: Axel|79/100|[from] Recoil\n|\n|-weather|Snowscape|[upkeep]\n|-heal|p2b: Ninetales|98/100|[from] item: Leftovers\n|-damage|p2a: Dragapult|17/100 brn|[from] brn\n|upkeep\n|turn|4\n|\n|t:|1776089677\n|move|p1b: Raging Neck|Helping Hand|p1a: Axel\n|-singleturn|p1a: Axel|Helping Hand|[of] p1b: Raging Neck\n|move|p2a: Dragapult|Flamethrower|p1b: Raging Neck\n|-damage|p1b: Raging Neck|43/100\n|move|p2b: Ninetales|Dazzling Gleam|p1a: Axel|[spread] p1a,p1b\n|-damage|p1a: Axel|65/100\n|-damage|p1b: Raging Neck|27/100\n|move|p1a: Axel|Flare Blitz|p2b: Ninetales\n|-supereffective|p2b: Ninetales|1\n|-damage|p2b: Ninetales|11/100\n|-damage|p1a: Axel|38/100|[from] Recoil\n|-enditem|p1a: Axel|Sitrus Berry|[eat]\n|-heal|p1a: Axel|63/100|[from] item: Sitrus Berry\n|\n|-weather|Snowscape|[upkeep]\n|-heal|p2b: Ninetales|17/100|[from] item: Leftovers\n|-damage|p2a: Dragapult|11/100 brn|[from] brn\n|upkeep\n|turn|5\n|\n|t:|1776089700\n|move|p2a: Dragapult|Disable|p1a: Axel\n|-start|p1a: Axel|Disable|Flare Blitz\n|move|p2b: Ninetales|Dazzling Gleam|p1a: Axel|[spread] p1a,p1b\n|-damage|p1a: Axel|48/100\n|-damage|p1b: Raging Neck|11/100\n|move|p1b: Raging Neck|Psychic Noise|p2a: Dragapult\n|-damage|p2a: Dragapult|0 fnt\n|faint|p2a: Dragapult\n|cant|p1a: Axel|Disable|Flare Blitz\n|\n|-weather|none\n|-heal|p2b: Ninetales|23/100|[from] item: Leftovers\n|-sideend|p2: cwal1007|move: Aurora Veil\n|upkeep\n|\n|t:|1776089712\n|switch|p2a: Sneasler|Sneasler, L50, M|13/100\n|turn|6\n|\n|t:|1776089728\n|move|p2b: Ninetales|Protect|p2b: Ninetales\n|-singleturn|p2b: Ninetales|Protect\n|move|p2a: Sneasler|Close Combat|p1a: Axel\n|-supereffective|p1a: Axel|1\n|-damage|p1a: Axel|0 fnt\n|-unboost|p2a: Sneasler|def|1\n|-unboost|p2a: Sneasler|spd|1\n|faint|p1a: Axel\n|move|p1b: Raging Neck|Psychic Noise|p2a: Sneasler\n|-supereffective|p2a: Sneasler|2\n|-damage|p2a: Sneasler|0 fnt\n|faint|p2a: Sneasler\n|\n|-heal|p2b: Ninetales|29/100|[from] item: Leftovers\n|upkeep\n|\n|t:|1776089743\n|switch|p2a: Froslass|Froslass, L50, F|100/100\n|switch|p1a: Gengar|Gengar-Mega, L50, M|100/100\n|turn|7\n|\n|t:|1776089756\n|detailschange|p2a: Froslass|Froslass-Mega, L50, F\n|-mega|p2a: Froslass|Froslass|Froslassite\n|-weather|Snowscape|[from] ability: Snow Warning|[of] p2a: Froslass\n|move|p2a: Froslass|Protect|p2a: Froslass\n|-singleturn|p2a: Froslass|Protect\n|move|p1a: Gengar|Perish Song|p1a: Gengar\n|-start|p1a: Gengar|perish3|[silent]\n|-start|p1b: Raging Neck|perish3|[silent]\n|-start|p2a: Froslass|perish3|[silent]\n|-start|p2b: Ninetales|perish3|[silent]\n|-fieldactivate|move: Perish Song\n|move|p2b: Ninetales|Aurora Veil|p2b: Ninetales\n|-sidestart|p2: cwal1007|move: Aurora Veil\n|move|p1b: Raging Neck|Psychic Noise|p2b: Ninetales\n|-damage|p2b: Ninetales|12/100\n|-start|p2b: Ninetales|move: Heal Block\n|\n|-weather|Snowscape|[upkeep]\n|-start|p1a: Gengar|perish3\n|-start|p2a: Froslass|perish3\n|-start|p2b: Ninetales|perish3\n|-start|p1b: Raging Neck|perish3\n|upkeep\n|turn|8\n|\n|t:|1776089786\n|switch|p1a: Sneasler|Sneasler, L50, M|100/100\n|move|p2a: Froslass|Blizzard|p1b: Raging Neck|[spread] p1a,p1b\n|-damage|p1a: Sneasler|37/100\n|-damage|p1b: Raging Neck|0 fnt\n|-status|p1a: Sneasler|frz\n|faint|p1b: Raging Neck\n|move|p2b: Ninetales|Encore||[still]\n|-fail|p2b: Ninetales\n|\n|-weather|Snowscape|[upkeep]\n|-end|p2b: Ninetales|move: Heal Block\n|-start|p2a: Froslass|perish2\n|-start|p2b: Ninetales|perish2\n|upkeep\n|\n|t:|1776089795\n|switch|p1b: Gengar|Gengar-Mega, L50, M|100/100\n|turn|9\n|\n|t:|1776089804\n|move|p1b: Gengar|Disable|p2a: Froslass\n|-start|p2a: Froslass|Disable|Blizzard\n|cant|p2a: Froslass|Disable|Blizzard\n|-curestatus|p1a: Sneasler|frz|[msg]\n|move|p1a: Sneasler|Dire Claw|p2b: Ninetales\n|-supereffective|p2b: Ninetales|1\n|-damage|p2b: Ninetales|0 fnt\n|faint|p2b: Ninetales\n|\n|-weather|Snowscape|[upkeep]\n|-start|p2a: Froslass|perish1\n|upkeep\n|turn|10\n|\n|t:|1776089815\n|move|p1b: Gengar|Protect|p1b: Gengar\n|-singleturn|p1b: Gengar|Protect\n|move|p1a: Sneasler|Protect|p1a: Sneasler\n|-singleturn|p1a: Sneasler|Protect\n|move|p2a: Froslass|Shadow Ball|p1b: Gengar\n|-activate|p1b: Gengar|move: Protect\n|\n|-weather|Snowscape|[upkeep]\n|-start|p2a: Froslass|perish0\n|faint|p2a: Froslass\n|\n|win|roiscool2001100\n|raw|roiscool2001100's rating: 1092 &rarr; <strong>1111</strong><br />(+19 for winning)\n|raw|cwal1007's rating: 1000 &rarr; <strong>1000</strong><br />(+0 for losing)\n|l|\u2606cwal1007\n|player|p2|\n",
  "uploadtime": 1776089822,
  "views": 12,
  "formatid": "gen9championsvgc2026regma",
  "rating": 1000,
  "private": 0,
  "password": null
}