{
  "id": "gen9championsvgc2026regma-2586035072",
  "format": "[Gen 9 Champions] VGC 2026 Reg M-A",
  "players": [
    "Lclown",
    "Read4O"
  ],
  "log": "|j|\u2606Lclown\n|j|\u2606Read4O\n|t:|1776392357\n|gametype|doubles\n|player|p1|Lclown|169|1031\n|player|p2|Read4O|iris|1049\n|gen|9\n|tier|[Gen 9 Champions] VGC 2026 Reg M-A\n|rated|\n|rule|Species Clause: Limit one of each Pok\u00e9mon\n|rule|Item Clause: Limit 1 of each item\n|clearpoke\n|poke|p1|Scovillain, L50, M|\n|poke|p1|Crabominable, L50, M|\n|poke|p1|Whimsicott, L50, F|\n|poke|p1|Araquanid, L50, M|\n|poke|p1|Aerodactyl, L50, M|\n|poke|p1|Garchomp, L50, M|\n|poke|p2|Beedrill, L50, M|\n|poke|p2|Abomasnow, L50, F|\n|poke|p2|Mamoswine, L50, M|\n|poke|p2|Dragonite, L50, M|\n|poke|p2|Milotic, L50, M|\n|poke|p2|Sneasler, L50, F|\n|teampreview|4\n|inactive|Battle timer is ON: inactive players will automatically lose when time's up. (requested by Lclown)\nLclown rejected open team sheets.\n|inactive|Read4O has 60 seconds left.\n|\n|t:|1776392416\n|teamsize|p1|4\n|teamsize|p2|4\n|start\n|switch|p1a: Crabominable|Crabominable, L50, M|100/100\n|switch|p1b: Whimsicott|Whimsicott, L50, F|100/100\n|switch|p2a: Frosty Bud|Abomasnow, L50, F|100/100\n|switch|p2b: Dragonite|Dragonite, L50, M|100/100\n|-weather|Snowscape|[from] ability: Snow Warning|[of] p2a: Frosty Bud\n|turn|1\n|\n|t:|1776392436\n|move|p2a: Frosty Bud|Protect|p2a: Frosty Bud\n|-singleturn|p2a: Frosty Bud|Protect\n|move|p2b: Dragonite|Breaking Swipe|p1b: Whimsicott|[spread] p1a\n|-immune|p1b: Whimsicott\n|-damage|p1a: Crabominable|86/100\n|-unboost|p1a: Crabominable|atk|1\n|move|p1a: Crabominable|Bulk Up|p1a: Crabominable\n|-boost|p1a: Crabominable|atk|1\n|-boost|p1a: Crabominable|def|1\n|move|p1b: Whimsicott|Trick Room|p1b: Whimsicott\n|-fieldstart|move: Trick Room|[of] p1b: Whimsicott\n|\n|-weather|Snowscape|[upkeep]\n|upkeep\n|turn|2\n|\n|t:|1776392458\n|detailschange|p1a: Crabominable|Crabominable-Mega, L50, M\n|-mega|p1a: Crabominable|Crabominable|Crabominite\n|move|p1a: Crabominable|Ice Hammer|p2b: Dragonite\n|-supereffective|p2b: Dragonite|2\n|-damage|p2b: Dragonite|0 fnt\n|-unboost|p1a: Crabominable|spe|1\n|faint|p2b: Dragonite\n|move|p2a: Frosty Bud|Leech Seed|p1a: Crabominable\n|-start|p1a: Crabominable|move: Leech Seed\n|move|p1b: Whimsicott|Dazzling Gleam|p2a: Frosty Bud\n|-damage|p2a: Frosty Bud|73/100\n|\n|-weather|Snowscape|[upkeep]\n|-damage|p1a: Crabominable|74/100|[from] Leech Seed|[of] p2a: Frosty Bud\n|-heal|p2a: Frosty Bud|85/100|[silent]\n|upkeep\n|\n|t:|1776392472\n|switch|p2b: Sneasler|Sneasler, L50, F|100/100\n|turn|3\n|\n|t:|1776392489\n|switch|p2a: Milotic|Milotic, L50, M|100/100\n|move|p2b: Sneasler|Fake Out|p1b: Whimsicott\n|-damage|p1b: Whimsicott|86/100\n|cant|p1b: Whimsicott|flinch\n|move|p1a: Crabominable|Ice Hammer|p2b: Sneasler\n|-damage|p2b: Sneasler|0 fnt\n|-unboost|p1a: Crabominable|spe|1\n|faint|p2b: Sneasler\n|\n|-weather|Snowscape|[upkeep]\n|-heal|p1b: Whimsicott|92/100|[from] item: Leftovers\n|-damage|p1a: Crabominable|61/100|[from] Leech Seed|[of] p2a: Milotic\n|upkeep\n|\n|t:|1776392502\n|switch|p2b: Frosty Bud|Abomasnow, L50, F|85/100\n|turn|4\n|\n|t:|1776392512\n|move|p2b: Frosty Bud|Protect|p2b: Frosty Bud\n|-singleturn|p2b: Frosty Bud|Protect\n|move|p1b: Whimsicott|Leech Seed|p2a: Milotic\n|-start|p2a: Milotic|move: Leech Seed\n|move|p1a: Crabominable|Drain Punch|p2b: Frosty Bud\n|-activate|p2b: Frosty Bud|move: Protect\n|move|p2a: Milotic|Hypnosis|p1a: Crabominable|[miss]\n|-miss|p2a: Milotic|p1a: Crabominable\n|\n|-weather|Snowscape|[upkeep]\n|-heal|p1b: Whimsicott|98/100|[from] item: Leftovers\n|-damage|p1a: Crabominable|49/100|[from] Leech Seed|[of] p2a: Milotic\n|-damage|p2a: Milotic|88/100|[from] Leech Seed|[of] p1b: Whimsicott\n|-heal|p1b: Whimsicott|100/100|[silent]\n|upkeep\n|turn|5\n|\n|t:|1776392532\n|detailschange|p2b: Frosty Bud|Abomasnow-Mega, L50, F\n|-mega|p2b: Frosty Bud|Abomasnow|Abomasite\n|move|p1a: Crabominable|Drain Punch|p2b: Frosty Bud\n|-supereffective|p2b: Frosty Bud|1\n|-damage|p2b: Frosty Bud|14/100\n|-heal|p1a: Crabominable|83/100|[from] drain|[of] p2b: Frosty Bud\n|move|p2b: Frosty Bud|Blizzard|p1a: Crabominable|[spread] p1a,p1b\n|-resisted|p1a: Crabominable|1\n|-supereffective|p1b: Whimsicott|1\n|-crit|p1b: Whimsicott\n|-damage|p1a: Crabominable|62/100\n|-damage|p1b: Whimsicott|0 fnt\n|faint|p1b: Whimsicott\n|move|p2a: Milotic|Hypnosis|p1a: Crabominable\n|-status|p1a: Crabominable|slp|[from] move: Hypnosis\n|\n|-weather|none\n|-damage|p1a: Crabominable|50/100 slp|[from] Leech Seed|[of] p2a: Milotic\n|-heal|p2a: Milotic|100/100|[silent]\n|-fieldend|move: Trick Room\n|upkeep\n|\n|t:|1776392541\n|switch|p1b: Aerodactyl|Aerodactyl, L50, M|100/100\n|-ability|p1b: Aerodactyl|Unnerve\n|turn|6\n|\n|t:|1776392557\n|move|p2b: Frosty Bud|Protect|p2b: Frosty Bud\n|-singleturn|p2b: Frosty Bud|Protect\n|move|p1b: Aerodactyl|Rock Slide|p2a: Milotic|[spread] p2a\n|-activate|p2b: Frosty Bud|move: Protect\n|-damage|p2a: Milotic|74/100\n|move|p2a: Milotic|Scald|p1b: Aerodactyl\n|-supereffective|p1b: Aerodactyl|1\n|-damage|p1b: Aerodactyl|19/100\n|cant|p1a: Crabominable|slp\n|\n|-damage|p2a: Milotic|61/100|[from] Leech Seed|[of] p1b: Aerodactyl\n|-heal|p1b: Aerodactyl|35/100|[silent]\n|-damage|p1a: Crabominable|38/100 slp|[from] Leech Seed|[of] p2a: Milotic\n|-heal|p2a: Milotic|74/100|[silent]\n|upkeep\n|turn|7\n|inactive|Read4O has 30 seconds left.\n|\n|t:|1776392583\n|move|p1b: Aerodactyl|Rock Slide|p2a: Milotic|[spread] p2a\n|-miss|p1b: Aerodactyl|p2b: Frosty Bud\n|-damage|p2a: Milotic|49/100\n|cant|p2a: Milotic|flinch\n|move|p2b: Frosty Bud|Giga Drain|p1a: Crabominable\n|-crit|p1a: Crabominable\n|-damage|p1a: Crabominable|0 fnt\n|-heal|p2b: Frosty Bud|33/100|[from] drain|[of] p1a: Crabominable\n|faint|p1a: Crabominable\n|\n|-damage|p2a: Milotic|36/100|[from] Leech Seed|[of] p1b: Aerodactyl\n|-heal|p1b: Aerodactyl|51/100|[silent]\n|upkeep\n|\n|t:|1776392591\n|switch|p1a: Scovillain|Scovillain, L50, M|100/100\n|turn|8\n|\n|t:|1776392609\n|move|p1a: Scovillain|Protect|p1a: Scovillain\n|-singleturn|p1a: Scovillain|Protect\n|move|p2b: Frosty Bud|Protect|p2b: Frosty Bud\n|-singleturn|p2b: Frosty Bud|Protect\n|move|p1b: Aerodactyl|Rock Slide|p2b: Frosty Bud|[spread] p2a\n|-activate|p2b: Frosty Bud|move: Protect\n|-damage|p2a: Milotic|11/100\n|move|p2a: Milotic|Recover|p2a: Milotic\n|-heal|p2a: Milotic|61/100\n|\n|-damage|p2a: Milotic|49/100|[from] Leech Seed|[of] p1b: Aerodactyl\n|-heal|p1b: Aerodactyl|67/100|[silent]\n|-ability|p1a: Scovillain|Moody|boost\n|-boost|p1a: Scovillain|spe|2\n|-unboost|p1a: Scovillain|spd|1\n|upkeep\n|turn|9\n|inactive|Read4O has 30 seconds left.\n|\n|t:|1776392639\n|move|p1a: Scovillain|Giga Drain|p2a: Milotic\n|-supereffective|p2a: Milotic|1\n|-damage|p2a: Milotic|16/100\n|move|p1b: Aerodactyl|Rock Slide|p2a: Milotic|[spread] p2a,p2b\n|-supereffective|p2b: Frosty Bud|1\n|-damage|p2a: Milotic|0 fnt\n|-damage|p2b: Frosty Bud|0 fnt\n|faint|p2a: Milotic\n|faint|p2b: Frosty Bud\n|\n|win|Lclown\n|raw|Lclown's rating: 1031 &rarr; <strong>1068</strong><br />(+37 for winning)\n|raw|Read4O's rating: 1049 &rarr; <strong>1031</strong><br />(-18 for losing)\n|c|\u2606Read4O|gg\n|l|\u2606Read4O\n|player|p2|\n",
  "uploadtime": 1776392650,
  "views": 21,
  "formatid": "gen9championsvgc2026regma",
  "rating": 1031,
  "private": 0,
  "password": null
}