{
  "id": "gen9championsvgc2026regma-2589429773",
  "format": "[Gen 9 Champions] VGC 2026 Reg M-A",
  "players": [
    "Androyd",
    "SkylerVampurr"
  ],
  "log": "|j|\u2606Androyd\n|j|\u2606SkylerVampurr\n|t:|1776722251\n|gametype|doubles\n|player|p1|Androyd|riley|1067\n|player|p2|SkylerVampurr|guitarist|1081\n|gen|9\n|tier|[Gen 9 Champions] VGC 2026 Reg M-A\n|rated|\n|rule|Species Clause: Limit one of each Pok\u00e9mon\n|rule|Item Clause: Limit 1 of each item\n|clearpoke\n|poke|p1|Whimsicott, L50, M|\n|poke|p1|Lucario, L50, F|\n|poke|p1|Pelipper, L50, M|\n|poke|p1|Heliolisk, L50, F|\n|poke|p1|Hydreigon, L50, F|\n|poke|p1|Basculegion, L50, M|\n|poke|p2|Araquanid, L50, M|\n|poke|p2|Vivillon-Fancy, L50, F|\n|poke|p2|Volcarona, L50, M|\n|poke|p2|Scizor, L50, M|\n|poke|p2|Pinsir, L50, M|\n|poke|p2|Kleavor, L50, M|\n|teampreview|4\n|\n|t:|1776722280\n|teamsize|p1|4\n|teamsize|p2|4\n|start\n|switch|p1a: Lucario|Lucario, L50, F|100/100\n|switch|p1b: Pelipper|Pelipper, L50, M|100/100\n|switch|p2a: Vivillon|Vivillon-Fancy, L50, F|100/100\n|switch|p2b: Pinsir|Pinsir, L50, M|100/100\n|-weather|RainDance|[from] ability: Drizzle|[of] p1b: Pelipper\n|-ability|p2b: Pinsir|Mold Breaker\n|turn|1\n|\n|t:|1776722294\n|move|p2b: Pinsir|Detect|p2b: Pinsir\n|-singleturn|p2b: Pinsir|Protect\n|move|p1a: Lucario|Swords Dance|p1a: Lucario\n|-boost|p1a: Lucario|atk|2\n|move|p2a: Vivillon|Tailwind|p2a: Vivillon\n|-sidestart|p2: SkylerVampurr|move: Tailwind\n|move|p1b: Pelipper|Hurricane|p2b: Pinsir\n|-activate|p2b: Pinsir|move: Protect\n|\n|-weather|RainDance|[upkeep]\n|upkeep\n|turn|2\n|\n|t:|1776722320\n|detailschange|p2b: Pinsir|Pinsir-Mega, L50, M\n|-mega|p2b: Pinsir|Pinsir|Pinsirite\n|detailschange|p1a: Lucario|Lucario-Mega, L50, F\n|-mega|p1a: Lucario|Lucario|Lucarionite\n|move|p1a: Lucario|Bullet Punch|p2b: Pinsir\n|-damage|p2b: Pinsir|44/100\n|move|p2a: Vivillon|Sleep Powder|p1a: Lucario\n|-status|p1a: Lucario|slp|[from] move: Sleep Powder\n|move|p2b: Pinsir|Body Slam|p1a: Lucario\n|-damage|p1a: Lucario|3/100 slp\n|move|p1b: Pelipper|Hurricane|p2b: Pinsir\n|-supereffective|p2b: Pinsir|1\n|-damage|p2b: Pinsir|0 fnt\n|faint|p2b: Pinsir\n|\n|-weather|RainDance|[upkeep]\n|upkeep\n|\n|t:|1776722335\n|switch|p2b: Kleavor|Kleavor, L50, M|100/100\n|turn|3\n|\n|t:|1776722349\n|cant|p1a: Lucario|slp\n|move|p2b: Kleavor|Stone Axe|p1b: Pelipper\n|-supereffective|p1b: Pelipper|1\n|-damage|p1b: Pelipper|0 fnt\n|-sidestart|p1: Androyd|move: Stealth Rock\n|faint|p1b: Pelipper\n|move|p2a: Vivillon|Hurricane|p1a: Lucario\n|-damage|p1a: Lucario|0 fnt\n|faint|p1a: Lucario\n|\n|-weather|RainDance|[upkeep]\n|upkeep\n|\n|t:|1776722357\n|switch|p1a: Basculegion|Basculegion, L50, M|100/100\n|switch|p1b: Heliolisk|Heliolisk, L50, F|100/100\n|-damage|p1b: Heliolisk|88/100|[from] Stealth Rock\n|-damage|p1a: Basculegion|88/100|[from] Stealth Rock\n|turn|4\n|\n|t:|1776722374\n|move|p2b: Kleavor|Stone Axe|p1b: Heliolisk\n|-damage|p1b: Heliolisk|0 fnt\n|faint|p1b: Heliolisk\n|move|p2a: Vivillon|Sleep Powder|p1a: Basculegion\n|-status|p1a: Basculegion|slp|[from] move: Sleep Powder\n|cant|p1a: Basculegion|slp\n|\n|-weather|RainDance|[upkeep]\n|-sideend|p2: SkylerVampurr|move: Tailwind\n|upkeep\n|turn|5\n|\n|t:|1776722386\n|move|p2b: Kleavor|Stone Axe|p1a: Basculegion\n|-damage|p1a: Basculegion|30/100 slp\n|move|p2a: Vivillon|Hurricane|p1a: Basculegion\n|-damage|p1a: Basculegion|0 fnt\n|faint|p1a: Basculegion\n|\n|win|SkylerVampurr\n|raw|Androyd's rating: 1067 &rarr; <strong>1048</strong><br />(-19 for losing)\n|raw|SkylerVampurr's rating: 1081 &rarr; <strong>1108</strong><br />(+27 for winning)\n|l|\u2606Androyd\n|player|p1|\n|c|\u2606SkylerVampurr|gg\n",
  "uploadtime": 1776722428,
  "views": 4,
  "formatid": "gen9championsvgc2026regma",
  "rating": 1048,
  "private": 0,
  "password": null
}