{
  "id": "gen9championsvgc2026regma-2586876593",
  "format": "[Gen 9 Champions] VGC 2026 Reg M-A",
  "players": [
    "Gaby Glytxii",
    "MeteorClaw"
  ],
  "log": "|j|\u2606Gaby Glytxii\n|j|\u2606MeteorClaw\n|t:|1776467644\n|gametype|doubles\n|player|p1|Gaby Glytxii|2|1149\n|player|p2|MeteorClaw|cynthia-gen4|1069\n|gen|9\n|tier|[Gen 9 Champions] VGC 2026 Reg M-A\n|rated|\n|rule|Species Clause: Limit one of each Pok\u00e9mon\n|rule|Item Clause: Limit 1 of each item\n|clearpoke\n|poke|p1|Tyranitar, L50, F|\n|poke|p1|Spiritomb, L50, F|\n|poke|p1|Tsareena, L50, F|\n|poke|p1|Goodra-Hisui, L50, M|\n|poke|p1|Empoleon, L50, F|\n|poke|p1|Hippowdon, L50, F|\n|poke|p2|Floette-Eternal, L50, F|\n|poke|p2|Aerodactyl, L50, F|\n|poke|p2|Sinistcha, L50|\n|poke|p2|Incineroar, L50, M|\n|poke|p2|Basculegion, L50, M|\n|poke|p2|Hydreigon, L50, M|\n|teampreview|4\nMeteorClaw has agreed to open team sheets.\n|inactive|Battle timer is ON: inactive players will automatically lose when time's up. (requested by MeteorClaw)\n|\n|t:|1776467671\n|teamsize|p1|4\n|teamsize|p2|4\n|start\n|switch|p1a: Empoleon|Empoleon, L50, F|100/100\n|switch|p1b: Goodra|Goodra-Hisui, L50, M|100/100\n|switch|p2a: Basculegion|Basculegion, L50, M|100/100\n|switch|p2b: Sinistcha|Sinistcha, L50|100/100\n|turn|1\n|inactive|MeteorClaw has 30 seconds left.\n|\n|t:|1776467700\n|switch|p1a: Tsareena|Tsareena, L50, F|100/100\n|move|p2a: Basculegion|Wave Crash|p1a: Tsareena\n|-resisted|p1a: Tsareena|1\n|-damage|p1a: Tsareena|59/100\n|-damage|p2a: Basculegion|88/100|[from] Recoil\n|move|p2b: Sinistcha|Matcha Gotcha|p1b: Goodra|[spread] p1a\n|-ability|p1b: Goodra|Sap Sipper|boost\n|-boost|p1b: Goodra|atk|1\n|-resisted|p1a: Tsareena|1\n|-damage|p1a: Tsareena|47/100\n|move|p1b: Goodra|Ice Beam|p2b: Sinistcha\n|-supereffective|p2b: Sinistcha|1\n|-damage|p2b: Sinistcha|39/100\n|\n|-heal|p2b: Sinistcha|45/100|[from] item: Leftovers\n|upkeep\n|turn|2\n|\n|t:|1776467723\n|move|p1a: Tsareena|Protect|p1a: Tsareena\n|-singleturn|p1a: Tsareena|Protect\n|move|p2a: Basculegion|Wave Crash|p1a: Tsareena\n|-activate|p1a: Tsareena|move: Protect\n|move|p2b: Sinistcha|Strength Sap|p1a: Tsareena\n|-activate|p1a: Tsareena|move: Protect\n|move|p1b: Goodra|Ice Beam|p2b: Sinistcha\n|-supereffective|p2b: Sinistcha|1\n|-damage|p2b: Sinistcha|0 fnt\n|faint|p2b: Sinistcha\n|\n|upkeep\n|\n|t:|1776467726\n|switch|p2b: Aerodactyl|Aerodactyl, L50, F|100/100\n|-ability|p2b: Aerodactyl|Unnerve\n|turn|3\n|\n|t:|1776467742\n|switch|p1a: Empoleon|Empoleon, L50, F|100/100\n|move|p2a: Basculegion|Wave Crash|p1a: Empoleon\n|-resisted|p1a: Empoleon|1\n|-damage|p1a: Empoleon|60/100\n|-damage|p2a: Basculegion|75/100|[from] Recoil\n|move|p2b: Aerodactyl|Tailwind|p2b: Aerodactyl\n|-sidestart|p2: MeteorClaw|move: Tailwind\n|move|p1b: Goodra|Ice Beam|p2b: Aerodactyl\n|-supereffective|p2b: Aerodactyl|1\n|-damage|p2b: Aerodactyl|6/100\n|\n|upkeep\n|turn|4\n|\n|t:|1776467760\n|move|p1a: Empoleon|Protect|p1a: Empoleon\n|-singleturn|p1a: Empoleon|Protect\n|move|p2a: Basculegion|Wave Crash|p1a: Empoleon\n|-activate|p1a: Empoleon|move: Protect\n|move|p2b: Aerodactyl|Rock Slide|p1a: Empoleon|[spread] p1b\n|-activate|p1a: Empoleon|move: Protect\n|-resisted|p1b: Goodra|1\n|-damage|p1b: Goodra|89/100\n|move|p1b: Goodra|Ice Beam|p2b: Aerodactyl\n|-supereffective|p2b: Aerodactyl|1\n|-damage|p2b: Aerodactyl|0 fnt\n|faint|p2b: Aerodactyl\n|\n|upkeep\n|\n|t:|1776467764\n|switch|p2b: Floette|Floette-Eternal, L50, F|100/100\n|turn|5\n|\n|t:|1776467779\n|detailschange|p2b: Floette|Floette-Mega, L50, F\n|-mega|p2b: Floette|Floette|Floettite\n|-ability|p2b: Floette|Fairy Aura\n|move|p2a: Basculegion|Wave Crash|p1a: Empoleon\n|-resisted|p1a: Empoleon|1\n|-damage|p1a: Empoleon|21/100\n|-damage|p2a: Basculegion|63/100|[from] Recoil\n|move|p2b: Floette|Calm Mind|p2b: Floette\n|-boost|p2b: Floette|spa|1\n|-boost|p2b: Floette|spd|1\n|move|p1b: Goodra|Sludge Bomb|p2b: Floette\n|-supereffective|p2b: Floette|1\n|-damage|p2b: Floette|64/100\n|move|p1a: Empoleon|Flash Cannon|p2b: Floette\n|-supereffective|p2b: Floette|1\n|-damage|p2b: Floette|19/100\n|-unboost|p2b: Floette|spd|1\n|\n|upkeep\n|turn|6\n|\n|t:|1776467799\n|move|p1a: Empoleon|Protect|p1a: Empoleon\n|-singleturn|p1a: Empoleon|Protect\n|move|p2a: Basculegion|Wave Crash|p1a: Empoleon\n|-activate|p1a: Empoleon|move: Protect\n|move|p2b: Floette|Dazzling Gleam|p1b: Goodra|[spread] p1b\n|-activate|p1a: Empoleon|move: Protect\n|-damage|p1b: Goodra|43/100\n|move|p1b: Goodra|Sludge Bomb|p2b: Floette\n|-supereffective|p2b: Floette|1\n|-damage|p2b: Floette|0 fnt\n|faint|p2b: Floette\n|\n|-sideend|p2: MeteorClaw|move: Tailwind\n|upkeep\n|turn|7\n|-message|MeteorClaw forfeited.\n|\n|win|Gaby Glytxii\n|raw|Gaby Glytxii's rating: 1149 &rarr; <strong>1168</strong><br />(+19 for winning)\n|raw|MeteorClaw's rating: 1069 &rarr; <strong>1053</strong><br />(-16 for losing)\n|l|\u2606MeteorClaw\n|player|p2|\n",
  "uploadtime": 1776467816,
  "views": 26,
  "formatid": "gen9championsvgc2026regma",
  "rating": 1053,
  "private": 0,
  "password": null
}