{
  "id": "gen9championsvgc2026regma-2587003585",
  "format": "[Gen 9 Champions] VGC 2026 Reg M-A",
  "players": [
    "boomerangstepper",
    "LavenderLop"
  ],
  "log": "|j|\u2606boomerangstepper\n|j|\u2606LavenderLop\n|t:|1776480221\n|gametype|doubles\n|player|p1|boomerangstepper|palmer|1000\n|player|p2|LavenderLop|ingo|1053\n|gen|9\n|tier|[Gen 9 Champions] VGC 2026 Reg M-A\n|rated|\n|rule|Species Clause: Limit one of each Pok\u00e9mon\n|rule|Item Clause: Limit 1 of each item\n|clearpoke\n|poke|p1|Delphox, L50, M|\n|poke|p1|Rotom-Wash, L50|\n|poke|p1|Whimsicott, L50, M|\n|poke|p1|Garchomp, L50, M|\n|poke|p1|Sneasler, L50, M|\n|poke|p1|Clefable, L50, M|\n|poke|p2|Pelipper, L50, F|\n|poke|p2|Feraligatr, L50, M|\n|poke|p2|Archaludon, L50, M|\n|poke|p2|Sneasler, L50, F|\n|poke|p2|Incineroar, L50, F|\n|poke|p2|Sinistcha, L50|\n|teampreview|4\n|inactive|Battle timer is ON: inactive players will automatically lose when time's up. (requested by boomerangstepper)\n|\n|t:|1776480254\n|teamsize|p1|4\n|teamsize|p2|4\n|start\n|switch|p1a: Whimsicott|Whimsicott, L50, M|100/100\n|switch|p1b: Delphox|Delphox, L50, M|100/100\n|switch|p2a: Pelipper|Pelipper, L50, F|100/100\n|switch|p2b: Feraligatr|Feraligatr, L50, M|100/100\n|-weather|RainDance|[from] ability: Drizzle|[of] p2a: Pelipper\n|turn|1\n|inactive|boomerangstepper has 30 seconds left.\n|inactive|LavenderLop has 30 seconds left.\n|\n|t:|1776480288\n|switch|p1b: Rotom|Rotom-Wash, L50|100/100\n|detailschange|p2b: Feraligatr|Feraligatr-Mega, L50, M\n|-mega|p2b: Feraligatr|Feraligatr|Feraligite\n|move|p2b: Feraligatr|Protect|p2b: Feraligatr\n|-singleturn|p2b: Feraligatr|Protect\n|move|p1a: Whimsicott|Tailwind|p1a: Whimsicott\n|-sidestart|p1: boomerangstepper|move: Tailwind\n|move|p2a: Pelipper|Tailwind|p2a: Pelipper\n|-sidestart|p2: LavenderLop|move: Tailwind\n|\n|-weather|RainDance|[upkeep]\n|upkeep\n|turn|2\n|\n|t:|1776480319\n|move|p2a: Pelipper|Protect|p2a: Pelipper\n|-singleturn|p2a: Pelipper|Protect\n|move|p1a: Whimsicott|Moonblast|p2b: Feraligatr\n|-supereffective|p2b: Feraligatr|1\n|-damage|p2b: Feraligatr|14/100\n|move|p2b: Feraligatr|Body Slam|p1b: Rotom\n|-damage|p1b: Rotom|29/100\n|move|p1b: Rotom|Volt Switch|p2a: Pelipper\n|-activate|p2a: Pelipper|move: Protect\n|\n|-weather|RainDance|[upkeep]\n|-heal|p1b: Rotom|35/100|[from] item: Leftovers\n|upkeep\n|turn|3\n|inactive|boomerangstepper has 30 seconds left.\n|inactive|LavenderLop has 30 seconds left.\n|\n|t:|1776480354\n|switch|p2a: Sinistcha|Sinistcha, L50|100/100\n|-heal|p2b: Feraligatr|39/100|[from] ability: Hospitality|[of] p2a: Sinistcha\n|move|p2b: Feraligatr|Protect|p2b: Feraligatr\n|-singleturn|p2b: Feraligatr|Protect\n|move|p1a: Whimsicott|Moonblast|p2b: Feraligatr\n|-activate|p2b: Feraligatr|move: Protect\n|move|p1b: Rotom|Volt Switch|p2a: Sinistcha\n|-resisted|p2a: Sinistcha|1\n|-damage|p2a: Sinistcha|88/100\n|\n|t:|1776480366\n|switch|p1b: Delphox|Delphox, L50, M|100/100|[from] Volt Switch\n|\n|-weather|RainDance|[upkeep]\n|upkeep\n|turn|4\n|inactive|boomerangstepper has 30 seconds left.\n|inactive|LavenderLop has 30 seconds left.\n|\n|t:|1776480399\n|switch|p2b: Sneasler|Sneasler, L50, F|100/100\n|switch|p2a: Pelipper|Pelipper, L50, F|100/100\n|detailschange|p1b: Delphox|Delphox-Mega, L50, M\n|-mega|p1b: Delphox|Delphox|Delphoxite\n|move|p1a: Whimsicott|Sunny Day|p1a: Whimsicott\n|-weather|SunnyDay\n|move|p1b: Delphox|Heat Wave|p2a: Pelipper|[spread] p2a,p2b\n|-resisted|p2a: Pelipper|1\n|-damage|p2a: Pelipper|57/100\n|-damage|p2b: Sneasler|11/100\n|\n|-weather|SunnyDay|[upkeep]\n|-sideend|p1: boomerangstepper|move: Tailwind\n|-sideend|p2: LavenderLop|move: Tailwind\n|upkeep\n|turn|5\n|-message|LavenderLop forfeited.\n|\n|win|boomerangstepper\n|raw|boomerangstepper's rating: 1000 &rarr; <strong>1046</strong><br />(+46 for winning)\n|raw|LavenderLop's rating: 1053 &rarr; <strong>1032</strong><br />(-21 for losing)\n|l|\u2606LavenderLop\n|player|p2|\n",
  "uploadtime": 1776480522,
  "views": 12,
  "formatid": "gen9championsvgc2026regma",
  "rating": 1032,
  "private": 0,
  "password": null
}