{
  "id": "gen9championsvgc2026regma-2583090488",
  "format": "[Gen 9 Champions] VGC 2026 Reg M-A",
  "players": [
    "Franciscopuche20",
    "Novicebest"
  ],
  "log": "|j|\u2606Franciscopuche20\n|j|\u2606Novicebest\n|t:|1776140877\n|gametype|doubles\n|player|p1|Franciscopuche20|2|1219\n|player|p2|Novicebest|dawn|1322\n|gen|9\n|tier|[Gen 9 Champions] VGC 2026 Reg M-A\n|rated|\n|rule|Species Clause: Limit one of each Pok\u00e9mon\n|rule|Item Clause: Limit 1 of each item\n|clearpoke\n|poke|p1|Sinistcha-Masterpiece, L50|\n|poke|p1|Drampa, L50, M|\n|poke|p1|Farigiraf, L50, M|\n|poke|p1|Torkoal, L50, M|\n|poke|p1|Garchomp, L50, M|\n|poke|p1|Incineroar, L50, M|\n|poke|p2|Kingambit, L50, M|\n|poke|p2|Gengar, L50, M|\n|poke|p2|Kommo-o, L50, F|\n|poke|p2|Politoed, L50, M|\n|poke|p2|Incineroar, L50, M|\n|poke|p2|Basculegion, L50, M|\n|teampreview|4\n|inactive|Battle timer is ON: inactive players will automatically lose when time's up. (requested by Novicebest)\n|inactive|Novicebest has 60 seconds left.\n|\n|t:|1776140936\n|teamsize|p1|4\n|teamsize|p2|4\n|start\n|switch|p1a: Farigiraf|Farigiraf, L50, M, shiny|100/100\n|switch|p1b: Incineroar|Incineroar, L50, M, shiny|100/100\n|switch|p2a: Incineroar|Incineroar, L50, M|100/100\n|switch|p2b: Kommo-o|Kommo-o, L50, F|100/100\n|-ability|p2a: Incineroar|Intimidate|boost\n|-unboost|p1a: Farigiraf|atk|1\n|-unboost|p1b: Incineroar|atk|1\n|-ability|p1b: Incineroar|Intimidate|boost\n|-unboost|p2a: Incineroar|atk|1\n|-unboost|p2b: Kommo-o|atk|1\n|turn|1\n|\n|t:|1776140960\n|move|p2b: Kommo-o|Protect|p2b: Kommo-o\n|-singleturn|p2b: Kommo-o|Protect\n|move|p1b: Incineroar|Fake Out|p2a: Incineroar\n|-damage|p2a: Incineroar|94/100\n|cant|p2a: Incineroar|flinch\n|move|p1a: Farigiraf|Trick Room|p1a: Farigiraf\n|-fieldstart|move: Trick Room|[of] p1a: Farigiraf\n|\n|upkeep\n|turn|2\n|inactive|Novicebest has 30 seconds left.\n|\n|t:|1776140988\n|move|p1b: Incineroar|Parting Shot|p2a: Incineroar\n|-unboost|p2a: Incineroar|atk|1\n|-unboost|p2a: Incineroar|spa|1\n|\n|t:|1776141003\n|switch|p1b: Torkoal|Torkoal, L50, M|100/100|[from] Parting Shot\n|-weather|SunnyDay|[from] ability: Drought|[of] p1b: Torkoal\n|move|p1a: Farigiraf|Expanding Force|p2b: Kommo-o\n|-supereffective|p2b: Kommo-o|1\n|-damage|p2b: Kommo-o|13/100\n|move|p2a: Incineroar|Throat Chop|p1a: Farigiraf\n|-supereffective|p1a: Farigiraf|1\n|-damage|p1a: Farigiraf|70/100\n|-start|p1a: Farigiraf|Throat Chop|[silent]\n|move|p2b: Kommo-o|Clanging Scales|p1b: Torkoal|[spread] p1a,p1b\n|-damage|p1a: Farigiraf|28/100\n|-damage|p1b: Torkoal|44/100\n|-unboost|p2b: Kommo-o|def|1\n|\n|-weather|SunnyDay|[upkeep]\n|upkeep\n|turn|3\n|inactive|Franciscopuche20 has 30 seconds left.\n|inactive|Novicebest has 30 seconds left.\n|\n|t:|1776141031\n|switch|p1a: Incineroar|Incineroar, L50, M, shiny|100/100\n|-ability|p1a: Incineroar|Intimidate|boost\n|-unboost|p2a: Incineroar|atk|1\n|-unboost|p2b: Kommo-o|atk|1\n|switch|p2b: Politoed|Politoed, L50, M|100/100\n|-weather|RainDance|[from] ability: Drizzle|[of] p2b: Politoed\n|move|p1b: Torkoal|Earth Power|p2a: Incineroar\n|-supereffective|p2a: Incineroar|1\n|-damage|p2a: Incineroar|46/100\n|-enditem|p2a: Incineroar|Sitrus Berry|[eat]\n|-heal|p2a: Incineroar|70/100|[from] item: Sitrus Berry\n|move|p2a: Incineroar|Parting Shot|p1a: Incineroar\n|-unboost|p1a: Incineroar|atk|1\n|-unboost|p1a: Incineroar|spa|1\n|\n|t:|1776141050\n|switch|p2a: Kommo-o|Kommo-o, L50, F|13/100|[from] Parting Shot\n|\n|-weather|RainDance|[upkeep]\n|upkeep\n|turn|4\n|inactive|Franciscopuche20 has 30 seconds left.\n|inactive|Franciscopuche20 has 20 seconds left.\n|\n|t:|1776141086\n|switch|p2b: Incineroar|Incineroar, L50, M|70/100\n|-ability|p2b: Incineroar|Intimidate|boost\n|-unboost|p1a: Incineroar|atk|1\n|-unboost|p1b: Torkoal|atk|1\n|move|p2a: Kommo-o|Protect|p2a: Kommo-o\n|-singleturn|p2a: Kommo-o|Protect\n|move|p1a: Incineroar|Fake Out|p2b: Incineroar\n|-damage|p2b: Incineroar|64/100\n|move|p1b: Torkoal|Earth Power|p2a: Kommo-o\n|-activate|p2a: Kommo-o|move: Protect\n|\n|-weather|RainDance|[upkeep]\n|upkeep\n|turn|5\n|inactive|Novicebest has 30 seconds left.\n|\n|t:|1776141117\n|switch|p2a: Politoed|Politoed, L50, M|100/100\n|move|p1b: Torkoal|Earth Power|p2a: Politoed\n|-damage|p2a: Politoed|84/100\n|move|p1a: Incineroar|Parting Shot|p2b: Incineroar\n|-unboost|p2b: Incineroar|atk|1\n|-unboost|p2b: Incineroar|spa|1\n|\n|t:|1776141126\n|switch|p1a: Farigiraf|Farigiraf, L50, M, shiny|28/100|[from] Parting Shot\n|move|p2b: Incineroar|Throat Chop|p1b: Torkoal\n|-damage|p1b: Torkoal|27/100\n|-start|p1b: Torkoal|Throat Chop|[silent]\n|\n|-weather|RainDance|[upkeep]\n|-heal|p2a: Politoed|90/100|[from] item: Leftovers\n|-fieldend|move: Trick Room\n|upkeep\n|turn|6\n|\n|t:|1776141144\n|switch|p1b: Incineroar|Incineroar, L50, M, shiny|100/100\n|-ability|p1b: Incineroar|Intimidate|boost\n|-unboost|p2a: Politoed|atk|1\n|-unboost|p2b: Incineroar|atk|1\n|move|p2a: Politoed|Weather Ball|p1a: Farigiraf\n|-damage|p1a: Farigiraf|0 fnt\n|faint|p1a: Farigiraf\n|move|p2b: Incineroar|Parting Shot|p1b: Incineroar\n|-unboost|p1b: Incineroar|atk|1\n|-unboost|p1b: Incineroar|spa|1\n|\n|t:|1776141158\n|switch|p2b: Kommo-o|Kommo-o, L50, F|13/100|[from] Parting Shot\n|\n|-weather|RainDance|[upkeep]\n|-heal|p2a: Politoed|96/100|[from] item: Leftovers\n|upkeep\n|\n|t:|1776141164\n|switch|p1a: Torkoal|Torkoal, L50, M|27/100\n|-weather|SunnyDay|[from] ability: Drought|[of] p1a: Torkoal\n|turn|7\n|\n|t:|1776141179\n|switch|p2a: Incineroar|Incineroar, L50, M|64/100\n|-ability|p2a: Incineroar|Intimidate|boost\n|-unboost|p1a: Torkoal|atk|1\n|-unboost|p1b: Incineroar|atk|1\n|move|p2b: Kommo-o|Protect|p2b: Kommo-o\n|-singleturn|p2b: Kommo-o|Protect\n|move|p1b: Incineroar|Fake Out|p2a: Incineroar\n|-damage|p2a: Incineroar|59/100\n|move|p1a: Torkoal|Heat Wave|p2b: Kommo-o|[spread] p2a\n|-activate|p2b: Kommo-o|move: Protect\n|-resisted|p2a: Incineroar|1\n|-damage|p2a: Incineroar|36/100\n|\n|-weather|SunnyDay|[upkeep]\n|upkeep\n|turn|8\n|\n|t:|1776141200\n|move|p2a: Incineroar|Fake Out|p1b: Incineroar\n|-damage|p1b: Incineroar|91/100\n|move|p2b: Kommo-o|Clanging Scales|p1a: Torkoal|[spread] p1a,p1b\n|-damage|p1a: Torkoal|0 fnt\n|-damage|p1b: Incineroar|49/100\n|faint|p1a: Torkoal\n|-unboost|p2b: Kommo-o|def|1\n|cant|p1b: Incineroar|flinch\n|\n|-weather|SunnyDay|[upkeep]\n|upkeep\n|\n|t:|1776141210\n|switch|p1a: Garchomp|Garchomp, L50, M|100/100\n|turn|9\n|\n|t:|1776141233\n|switch|p2a: Politoed|Politoed, L50, M|96/100\n|-weather|RainDance|[from] ability: Drizzle|[of] p2a: Politoed\n|move|p2b: Kommo-o|Protect|p2b: Kommo-o\n|-singleturn|p2b: Kommo-o|Protect\n|move|p1a: Garchomp|Rock Slide|p2a: Politoed|[spread] p2a\n|-activate|p2b: Kommo-o|move: Protect\n|-damage|p2a: Politoed|75/100\n|move|p1b: Incineroar|Flare Blitz|p2a: Politoed\n|-resisted|p2a: Politoed|1\n|-damage|p2a: Politoed|67/100\n|-damage|p1b: Incineroar|46/100|[from] Recoil\n|\n|-weather|RainDance|[upkeep]\n|-heal|p2a: Politoed|73/100|[from] item: Leftovers\n|upkeep\n|turn|10\n|inactive|Franciscopuche20 has 30 seconds left.\n|\n|t:|1776141266\n|switch|p2b: Incineroar|Incineroar, L50, M|36/100\n|-ability|p2b: Incineroar|Intimidate|boost\n|-unboost|p1a: Garchomp|atk|1\n|-unboost|p1b: Incineroar|atk|1\n|move|p1a: Garchomp|Rock Slide|p2b: Incineroar|[spread] p2a,p2b\n|-supereffective|p2b: Incineroar|1\n|-damage|p2a: Politoed|59/100\n|-damage|p2b: Incineroar|16/100\n|move|p2a: Politoed|Weather Ball|p1b: Incineroar\n|-supereffective|p1b: Incineroar|1\n|-damage|p1b: Incineroar|0 fnt\n|faint|p1b: Incineroar\n|\n|-weather|RainDance|[upkeep]\n|-heal|p2a: Politoed|65/100|[from] item: Leftovers\n|upkeep\n|turn|11\n|\n|t:|1776141284\n|move|p2b: Incineroar|Fake Out|p1a: Garchomp\n|-damage|p1a: Garchomp|92/100\n|-damage|p2b: Incineroar|3/100|[from] ability: Rough Skin|[of] p1a: Garchomp\n|cant|p1a: Garchomp|flinch\n|move|p2a: Politoed|Perish Song|p2a: Politoed\n|-start|p1a: Garchomp|perish3|[silent]\n|-start|p2a: Politoed|perish3|[silent]\n|-start|p2b: Incineroar|perish3|[silent]\n|-fieldactivate|move: Perish Song\n|\n|-weather|RainDance|[upkeep]\n|-heal|p2a: Politoed|72/100|[from] item: Leftovers\n|-start|p1a: Garchomp|perish3\n|-start|p2a: Politoed|perish3\n|-start|p2b: Incineroar|perish3\n|upkeep\n|turn|12\n|\n|t:|1776141300\n|switch|p2b: Basculegion|Basculegion, L50, M|100/100\n|move|p2a: Politoed|Protect|p2a: Politoed\n|-singleturn|p2a: Politoed|Protect\n|move|p1a: Garchomp|Rock Slide|p2b: Basculegion|[spread] p2b\n|-activate|p2a: Politoed|move: Protect\n|-damage|p2b: Basculegion|85/100\n|\n|-weather|RainDance|[upkeep]\n|-heal|p2a: Politoed|78/100|[from] item: Leftovers\n|-start|p1a: Garchomp|perish2\n|-start|p2a: Politoed|perish2\n|upkeep\n|turn|13\n|\n|t:|1776141321\n|detailschange|p1a: Garchomp|Garchomp-Mega, L50, M\n|-mega|p1a: Garchomp|Garchomp|Garchompite\n|move|p2b: Basculegion|Protect|p2b: Basculegion\n|-singleturn|p2b: Basculegion|Protect\n|move|p1a: Garchomp|Dragon Claw|p2b: Basculegion\n|-activate|p2b: Basculegion|move: Protect\n|move|p2a: Politoed|Weather Ball|p1a: Garchomp\n|-damage|p1a: Garchomp|44/100\n|\n|-weather|none\n|-heal|p2a: Politoed|84/100|[from] item: Leftovers\n|-start|p1a: Garchomp|perish1\n|-start|p2a: Politoed|perish1\n|upkeep\n|turn|14\n|\n|t:|1776141340\n|switch|p2a: Incineroar|Incineroar, L50, M|3/100\n|-ability|p2a: Incineroar|Intimidate|boost\n|-unboost|p1a: Garchomp|atk|1\n|move|p1a: Garchomp|Protect|p1a: Garchomp\n|-singleturn|p1a: Garchomp|Protect\n|move|p2b: Basculegion|Last Respects|p1a: Garchomp\n|-activate|p1a: Garchomp|move: Protect\n|\n|-start|p1a: Garchomp|perish0\n|faint|p1a: Garchomp\n|\n|win|Novicebest\n|raw|Franciscopuche20's rating: 1219 &rarr; <strong>1201</strong><br />(-18 for losing)\n|raw|Novicebest's rating: 1322 &rarr; <strong>1336</strong><br />(+14 for winning)\n|l|\u2606Franciscopuche20\n|player|p1|\n",
  "uploadtime": 1776141352,
  "views": 27,
  "formatid": "gen9championsvgc2026regma",
  "rating": 1201,
  "private": 0,
  "password": null
}