{
  "id": "gen9championsvgc2026regma-2584008231",
  "format": "[Gen 9 Champions] VGC 2026 Reg M-A",
  "players": [
    "dude stop it",
    "bored_bones00"
  ],
  "log": "|j|\u2606dude stop it\n|j|\u2606bored_bones00\n|t:|1776216306\n|gametype|doubles\n|player|p1|dude stop it|miku-ground|1109\n|player|p2|bored_bones00|rosa|1166\n|gen|9\n|tier|[Gen 9 Champions] VGC 2026 Reg M-A\n|rated|\n|rule|Species Clause: Limit one of each Pok\u00e9mon\n|rule|Item Clause: Limit 1 of each item\n|clearpoke\n|poke|p1|Tyranitar, L50, F|\n|poke|p1|Lycanroc, L50, M|\n|poke|p1|Skarmory, L50, F|\n|poke|p1|Whimsicott, L50, F|\n|poke|p1|Gengar, L50, F|\n|poke|p1|Passimian, L50, M|\n|poke|p2|Tyranitar, L50, F|\n|poke|p2|Excadrill, L50, F|\n|poke|p2|Rotom-Wash, L50|\n|poke|p2|Kangaskhan, L50, F|\n|poke|p2|Incineroar, L50, M|\n|poke|p2|Sinistcha, L50|\n|teampreview|4\n|\n|t:|1776216357\n|teamsize|p1|4\n|teamsize|p2|4\n|start\n|switch|p1a: Lycanroc|Lycanroc, L50, M|100/100\n|switch|p1b: Passimian|Passimian, L50, M|100/100\n|switch|p2a: Kangaskhan|Kangaskhan, L50, F|100/100\n|switch|p2b: Sinistcha|Sinistcha, L50|100/100\n|turn|1\n|\n|t:|1776216378\n|switch|p1b: Skarmory|Skarmory, L50, F|100/100\n|detailschange|p2a: Kangaskhan|Kangaskhan-Mega, L50, F\n|-mega|p2a: Kangaskhan|Kangaskhan|Kangaskhanite\n|move|p2a: Kangaskhan|Fake Out|p1b: Skarmory\n|-resisted|p1b: Skarmory|1\n|-damage|p1b: Skarmory|90/100\n|-ability|p1b: Skarmory|Weak Armor|boost\n|-unboost|p1b: Skarmory|def|1\n|-boost|p1b: Skarmory|spe|2\n|-resisted|p1b: Skarmory|1\n|-damage|p1b: Skarmory|86/100\n|-ability|p1b: Skarmory|Weak Armor|boost\n|-unboost|p1b: Skarmory|def|1\n|-boost|p1b: Skarmory|spe|2\n|-hitcount|p1b: Skarmory|2\n|move|p1a: Lycanroc|Howl|p1a: Lycanroc|[spread] p1a,p1b\n|-boost|p1a: Lycanroc|atk|1\n|-boost|p1b: Skarmory|atk|1\n|move|p2b: Sinistcha|Matcha Gotcha|p1a: Lycanroc|[spread] p1b\n|-miss|p2b: Sinistcha|p1a: Lycanroc\n|-resisted|p1b: Skarmory|2\n|-damage|p1b: Skarmory|76/100\n|\n|upkeep\n|turn|2\n|\n|t:|1776216425\n|detailschange|p1b: Skarmory|Skarmory-Mega, L50, F\n|-mega|p1b: Skarmory|Skarmory|Skarmorite\n|move|p1a: Lycanroc|Protect|p1a: Lycanroc\n|-singleturn|p1a: Lycanroc|Protect\n|move|p2a: Kangaskhan|Sucker Punch|p1b: Skarmory\n|-damage|p1b: Skarmory|11/100\n|-damage|p1b: Skarmory|0 fnt\n|faint|p1b: Skarmory\n|-hitcount|p1: Skarmory|2\n|move|p2b: Sinistcha|Matcha Gotcha|p1a: Lycanroc\n|-activate|p1a: Lycanroc|move: Protect\n|\n|upkeep\n|c|\u2606dude stop it|dang\n|\n|t:|1776216445\n|switch|p1b: Passimian|Passimian, L50, M|100/100\n|turn|3\n|c|\u2606bored_bones00|yup\n|\n|t:|1776216457\n|switch|p2a: Rotom|Rotom-Wash, L50|100/100\n|move|p1b: Passimian|Knock Off|p2b: Sinistcha\n|-supereffective|p2b: Sinistcha|1\n|-damage|p2b: Sinistcha|44/100\n|-enditem|p2b: Sinistcha|Sitrus Berry|[from] move: Knock Off|[of] p1b: Passimian\n|move|p1a: Lycanroc|Howl|p1a: Lycanroc|[spread] p1a,p1b\n|-boost|p1a: Lycanroc|atk|1\n|-boost|p1b: Passimian|atk|1\n|move|p2b: Sinistcha|Matcha Gotcha|p1b: Passimian|[spread] p1a,p1b\n|-supereffective|p1a: Lycanroc|1\n|-damage|p1a: Lycanroc|22/100\n|-heal|p2b: Sinistcha|78/100|[from] drain|[of] p1a: Lycanroc\n|-damage|p1b: Passimian|63/100\n|-heal|p2b: Sinistcha|97/100|[from] drain|[of] p1b: Passimian\n|\n|upkeep\n|turn|4\n|\n|t:|1776216481\n|move|p2b: Sinistcha|Rage Powder|p2b: Sinistcha\n|-singleturn|p2b: Sinistcha|move: Rage Powder\n|move|p1b: Passimian|Knock Off|p2b: Sinistcha\n|-supereffective|p2b: Sinistcha|1\n|-damage|p2b: Sinistcha|35/100\n|move|p1a: Lycanroc|Rock Slide|p2a: Rotom|[spread] p2a,p2b\n|-damage|p2a: Rotom|38/100\n|-damage|p2b: Sinistcha|0 fnt\n|faint|p2b: Sinistcha\n|move|p2a: Rotom|Will-O-Wisp|p1b: Passimian|[miss]\n|-miss|p2a: Rotom|p1b: Passimian\n|\n|-heal|p2a: Rotom|44/100|[from] item: Leftovers\n|upkeep\n|\n|t:|1776216495\n|switch|p2b: Kangaskhan|Kangaskhan-Mega, L50, F|100/100\n|turn|5\n|\n|t:|1776216506\n|switch|p1b: Whimsicott|Whimsicott, L50, F|100/100\n|move|p1a: Lycanroc|Protect|p1a: Lycanroc\n|-singleturn|p1a: Lycanroc|Protect\n|move|p2a: Rotom|Protect|p2a: Rotom\n|-singleturn|p2a: Rotom|Protect\n|move|p2b: Kangaskhan|Fake Out|p1b: Whimsicott\n|-damage|p1b: Whimsicott|69/100\n|-damage|p1b: Whimsicott|62/100\n|-hitcount|p1b: Whimsicott|2\n|\n|-heal|p2a: Rotom|50/100|[from] item: Leftovers\n|upkeep\n|turn|6\n|\n|t:|1776216549\n|switch|p2a: Tyranitar|Tyranitar, L50, F|100/100\n|-weather|Sandstorm|[from] ability: Sand Stream|[of] p2a: Tyranitar\n|move|p1a: Lycanroc|Protect||[still]\n|-fail|p1a: Lycanroc\n|move|p1b: Whimsicott|Encore|p2b: Kangaskhan\n|-start|p2b: Kangaskhan|Encore\n|move|p2b: Kangaskhan|Fake Out||[still]\n|-hint|Fake Out only works on your first turn out.\n|-fail|p2b: Kangaskhan\n|\n|-weather|Sandstorm|[upkeep]\n|-damage|p1b: Whimsicott|56/100|[from] Sandstorm\n|-damage|p2b: Kangaskhan|94/100|[from] Sandstorm\n|upkeep\n|turn|7\n|\n|t:|1776216572\n|switch|p2b: Rotom|Rotom-Wash, L50|50/100\n|move|p1a: Lycanroc|Rock Slide|p2b: Rotom|[spread] p2b\n|-miss|p1a: Lycanroc|p2a: Tyranitar\n|-damage|p2b: Rotom|0 fnt\n|faint|p2b: Rotom\n|move|p2a: Tyranitar|Rock Slide|p1b: Whimsicott|[spread] p1a,p1b\n|-crit|p1b: Whimsicott\n|-damage|p1a: Lycanroc|0 fnt\n|-damage|p1b: Whimsicott|0 fnt\n|faint|p1a: Lycanroc\n|faint|p1b: Whimsicott\n|\n|-weather|Sandstorm|[upkeep]\n|upkeep\n|\n|t:|1776216585\n|switch|p1b: Passimian|Passimian, L50, M|63/100\n|switch|p2b: Kangaskhan|Kangaskhan-Mega, L50, F|94/100\n|turn|8\n|\n|t:|1776216599\n|move|p2b: Kangaskhan|Fake Out|p1b: Passimian\n|-damage|p1b: Passimian|38/100\n|-damage|p1b: Passimian|32/100\n|-hitcount|p1b: Passimian|2\n|cant|p1b: Passimian|flinch\n|move|p2a: Tyranitar|Rock Slide|p1b: Passimian\n|-resisted|p1b: Passimian|1\n|-damage|p1b: Passimian|10/100\n|\n|-weather|Sandstorm|[upkeep]\n|-damage|p1b: Passimian|4/100|[from] Sandstorm\n|-damage|p2b: Kangaskhan|88/100|[from] Sandstorm\n|upkeep\n|turn|9\n|\n|t:|1776216615\n|move|p2b: Kangaskhan|Sucker Punch|p1b: Passimian\n|-resisted|p1b: Passimian|1\n|-damage|p1b: Passimian|0 fnt\n|faint|p1b: Passimian\n|-hitcount|p1: Passimian|1\n|\n|win|bored_bones00\n|raw|dude stop it's rating: 1109 &rarr; <strong>1088</strong><br />(-21 for losing)\n|raw|bored_bones00's rating: 1166 &rarr; <strong>1187</strong><br />(+21 for winning)\n|l|\u2606dude stop it\n|player|p1|\n|c|\u2606bored_bones00|pretty cool team\n",
  "uploadtime": 1776216627,
  "views": 19,
  "formatid": "gen9championsvgc2026regma",
  "rating": 1088,
  "private": 0,
  "password": null
}