{
  "id": "gen9championsvgc2026regma-2585428445",
  "format": "[Gen 9 Champions] VGC 2026 Reg M-A",
  "players": [
    "Diamond243",
    "Giannaros"
  ],
  "log": "|j|\u2606Diamond243\n|j|\u2606Giannaros\n|t:|1776346636\n|gametype|doubles\n|player|p1|Diamond243|lucian|1083\n|player|p2|Giannaros|101|1164\n|gen|9\n|tier|[Gen 9 Champions] VGC 2026 Reg M-A\n|rated|\n|rule|Species Clause: Limit one of each Pok\u00e9mon\n|rule|Item Clause: Limit 1 of each item\n|clearpoke\n|poke|p1|Meganium, L50, M|\n|poke|p1|Aegislash, L50, M|\n|poke|p1|Tauros-Paldea-Aqua, L50, M|\n|poke|p1|Rotom-Heat, L50|\n|poke|p1|Mamoswine, L50, M|\n|poke|p1|Aerodactyl, L50, M|\n|poke|p2|Meganium, L50, F|\n|poke|p2|Dragonite, L50, M|\n|poke|p2|Sneasler, L50, M|\n|poke|p2|Garchomp, L50, F|\n|poke|p2|Basculegion, L50, M|\n|poke|p2|Talonflame, L50, F|\n|teampreview|4\nDiamond243 has agreed to open team sheets.\n|inactive|Battle timer is ON: inactive players will automatically lose when time's up. (requested by Diamond243)\n|\n|t:|1776346668\n|teamsize|p1|4\n|teamsize|p2|4\n|start\n|switch|p1a: Mamoswine|Mamoswine, L50, M|100/100\n|switch|p1b: Tauros|Tauros-Paldea-Aqua, L50, M|100/100\n|switch|p2a: Talonflame|Talonflame, L50, F|100/100\n|switch|p2b: Sneasler|Sneasler, L50, M|100/100\n|-ability|p1b: Tauros|Intimidate|boost\n|-unboost|p2a: Talonflame|atk|1\n|-unboost|p2b: Sneasler|atk|1\n|turn|1\n|\n|t:|1776346691\n|switch|p1a: Aegislash|Aegislash, L50, M|100/100\n|move|p1b: Tauros|Protect|p1b: Tauros\n|-singleturn|p1b: Tauros|Protect\n|move|p2b: Sneasler|Fake Out|p1a: Aegislash\n|-immune|p1a: Aegislash\n|move|p2a: Talonflame|Tailwind|p2a: Talonflame\n|-sidestart|p2: Giannaros|move: Tailwind\n|\n|upkeep\n|turn|2\n|inactive|Diamond243 has 30 seconds left.\n|inactive|Giannaros has 30 seconds left.\n|inactive|Diamond243 has 20 seconds left.\n|inactive|Diamond243 has 15 seconds left.\n|inactive|Diamond243 has 10 seconds left.\n|\n|t:|1776346740\n|move|p1a: Aegislash|King's Shield|p1a: Aegislash\n|-singleturn|p1a: Aegislash|Protect\n|move|p2a: Talonflame|Brave Bird|p1b: Tauros\n|-supereffective|p1b: Tauros|1\n|-damage|p1b: Tauros|22/100\n|-damage|p2a: Talonflame|79/100|[from] Recoil\n|move|p2b: Sneasler|Dire Claw|p1b: Tauros\n|-damage|p1b: Tauros|0 fnt\n|faint|p1b: Tauros\n|\n|upkeep\n|\n|t:|1776346751\n|switch|p1b: Meganium|Meganium, L50, M|100/100\n|turn|3\n|inactive|Giannaros has 30 seconds left.\n|inactive|Giannaros has 20 seconds left.\n|\n|t:|1776346791\n|switch|p2b: Dragonite|Dragonite, L50, M|100/100\n|switch|p1a: Mamoswine|Mamoswine, L50, M|100/100\n|detailschange|p1b: Meganium|Meganium-Mega, L50, M\n|-mega|p1b: Meganium|Meganium|Meganiumite\n|move|p2a: Talonflame|Brave Bird|p1b: Meganium\n|-supereffective|p1b: Meganium|1\n|-damage|p1b: Meganium|49/100\n|-damage|p2a: Talonflame|62/100|[from] Recoil\n|move|p1b: Meganium|Dazzling Gleam|p2a: Talonflame|[spread] p2a,p2b\n|-resisted|p2a: Talonflame|1\n|-supereffective|p2b: Dragonite|1\n|-damage|p2a: Talonflame|41/100\n|-damage|p2b: Dragonite|70/100\n|-enditem|p2a: Talonflame|Sitrus Berry|[eat]\n|-heal|p2a: Talonflame|66/100|[from] item: Sitrus Berry\n|\n|upkeep\n|turn|4\n|inactive|Giannaros has 30 seconds left.\n|inactive|Giannaros has 20 seconds left.\n|\n|t:|1776346829\n|move|p1b: Meganium|Protect|p1b: Meganium\n|-singleturn|p1b: Meganium|Protect\n|move|p2b: Dragonite|Extreme Speed|p1b: Meganium\n|-activate|p1b: Meganium|move: Protect\n|move|p2a: Talonflame|Flare Blitz|p1a: Mamoswine\n|-supereffective|p1a: Mamoswine|1\n|-damage|p1a: Mamoswine|19/100\n|-damage|p2a: Talonflame|39/100|[from] Recoil\n|move|p1a: Mamoswine|Icy Wind|p2b: Dragonite|[spread] p2a,p2b\n|-supereffective|p2b: Dragonite|2\n|-damage|p2a: Talonflame|26/100\n|-damage|p2b: Dragonite|34/100\n|-unboost|p2a: Talonflame|spe|1\n|-unboost|p2b: Dragonite|spe|1\n|\n|-sideend|p2: Giannaros|move: Tailwind\n|upkeep\n|turn|5\n|inactive|Diamond243 has 30 seconds left.\n|inactive|Giannaros has 30 seconds left.\n|\n|t:|1776346861\n|move|p2b: Dragonite|Extreme Speed|p1a: Mamoswine\n|-damage|p1a: Mamoswine|0 fnt\n|faint|p1a: Mamoswine\n|move|p1b: Meganium|Dazzling Gleam|p2b: Dragonite|[spread] p2a,p2b\n|-resisted|p2a: Talonflame|1\n|-supereffective|p2b: Dragonite|1\n|-crit|p2b: Dragonite\n|-damage|p2a: Talonflame|5/100\n|-damage|p2b: Dragonite|0 fnt\n|faint|p2b: Dragonite\n|move|p2a: Talonflame|Tailwind|p2a: Talonflame\n|-sidestart|p2: Giannaros|move: Tailwind\n|\n|upkeep\n|\n|t:|1776346874\n|switch|p1a: Aegislash|Aegislash, L50, M|100/100\n|switch|p2b: Garchomp|Garchomp, L50, F|100/100\n|turn|6\n|inactive|Giannaros has 30 seconds left.\n|\n|t:|1776346904\n|-formechange|p1a: Aegislash|Aegislash-Blade|\n|move|p1a: Aegislash|Shadow Sneak|p2a: Talonflame\n|-damage|p2a: Talonflame|0 fnt\n|faint|p2a: Talonflame\n|move|p2b: Garchomp|Earthquake|p1b: Meganium|[spread] p1a,p1b\n|-supereffective|p1a: Aegislash|1\n|-resisted|p1b: Meganium|1\n|-damage|p1a: Aegislash|0 fnt\n|-damage|p1b: Meganium|35/100\n|faint|p1a: Aegislash\n|move|p1b: Meganium|Dazzling Gleam|p2b: Garchomp\n|-supereffective|p2b: Garchomp|1\n|-damage|p2b: Garchomp|0 fnt\n|faint|p2b: Garchomp\n|\n|upkeep\n|\n|t:|1776346916\n|switch|p2a: Sneasler|Sneasler, L50, M|100/100\n|turn|7\n|\n|t:|1776346923\n|move|p2a: Sneasler|Fake Out|p1b: Meganium\n|-damage|p1b: Meganium|24/100\n|-status|p1b: Meganium|psn|[from] ability: Poison Touch|[of] p2a: Sneasler\n|cant|p1b: Meganium|flinch\n|\n|-damage|p1b: Meganium|12/100 psn|[from] psn\n|upkeep\n|turn|8\n|-message|Diamond243 forfeited.\n|\n|win|Giannaros\n|raw|Diamond243's rating: 1083 &rarr; <strong>1066</strong><br />(-17 for losing)\n|raw|Giannaros's rating: 1164 &rarr; <strong>1183</strong><br />(+19 for winning)\n",
  "uploadtime": 1776346932,
  "views": 23,
  "formatid": "gen9championsvgc2026regma",
  "rating": 1066,
  "private": 0,
  "password": null
}