{
  "id": "gen9championsvgc2026regma-2582352136",
  "format": "[Gen 9 Champions] VGC 2026 Reg M-A",
  "players": [
    "thefloshingcat",
    "Alv_08"
  ],
  "log": "|j|\u2606thefloshingcat\n|j|\u2606Alv_08\n|t:|1776085700\n|gametype|doubles\n|player|p1|thefloshingcat|plasmagrunt-gen5bw|1128\n|player|p2|Alv_08|juggler|1067\n|gen|9\n|tier|[Gen 9 Champions] VGC 2026 Reg M-A\n|rated|\n|rule|Species Clause: Limit one of each Pok\u00e9mon\n|rule|Item Clause: Limit 1 of each item\n|clearpoke\n|poke|p1|Golurk, L50|\n|poke|p1|Sneasler, L50, F|\n|poke|p1|Oranguru, L50, M|\n|poke|p1|Corviknight, L50, F|\n|poke|p1|Hatterene, L50, F|\n|poke|p1|Volcarona, L50, M|\n|poke|p2|Politoed, L50, F|\n|poke|p2|Dragonite, L50, F|\n|poke|p2|Archaludon, L50, M|\n|poke|p2|Basculegion, L50, M|\n|poke|p2|Kangaskhan, L50, F|\n|poke|p2|Rotom-Mow, L50|\n|teampreview|4\n|\n|t:|1776085719\n|teamsize|p1|4\n|teamsize|p2|4\n|start\n|switch|p1a: Oranguru|Oranguru, L50, M|100/100\n|switch|p1b: Hatterene|Hatterene, L50, F|100/100\n|switch|p2a: Poligoat|Politoed, L50, F|100/100\n|switch|p2b: Bicharraco|Dragonite, L50, F|100/100\n|-weather|RainDance|[from] ability: Drizzle|[of] p2a: Poligoat\n|turn|1\n|\n|t:|1776085781\n|detailschange|p2b: Bicharraco|Dragonite-Mega, L50, F\n|-mega|p2b: Bicharraco|Dragonite|Dragoninite\n|move|p2a: Poligoat|Helping Hand|p2b: Bicharraco\n|-singleturn|p2b: Bicharraco|Helping Hand|[of] p2a: Poligoat\n|move|p2b: Bicharraco|Hurricane|p1b: Hatterene\n|-damage|p1b: Hatterene|0 fnt\n|faint|p1b: Hatterene\n|move|p1a: Oranguru|Psychic Terrain|p1a: Oranguru\n|-fieldstart|move: Psychic Terrain\n|\n|-weather|RainDance|[upkeep]\n|upkeep\n|\n|t:|1776085802\n|switch|p1b: Golurk|Golurk, L50|100/100\n|turn|2\n|\n|t:|1776085829\n|move|p2b: Bicharraco|Hurricane|p1a: Oranguru\n|-damage|p1a: Oranguru|62/100\n|-start|p1a: Oranguru|confusion\n|move|p2a: Poligoat|Muddy Water|p1b: Golurk|[spread] p1b\n|-miss|p2a: Poligoat|p1a: Oranguru\n|-supereffective|p1b: Golurk|1\n|-damage|p1b: Golurk|34/100\n|-unboost|p1b: Golurk|accuracy|1\n|-activate|p1a: Oranguru|confusion\n|-damage|p1a: Oranguru|55/100|[from] confusion\n|move|p1b: Golurk|Stone Edge|p2b: Bicharraco\n|-supereffective|p2b: Bicharraco|1\n|-damage|p2b: Bicharraco|64/100\n|\n|-weather|RainDance|[upkeep]\n|upkeep\n|turn|3\n|\n|t:|1776085861\n|move|p2b: Bicharraco|Hurricane|p1a: Oranguru\n|-damage|p1a: Oranguru|15/100\n|move|p2a: Poligoat|Muddy Water|p1b: Golurk|[spread] p1a,p1b\n|-supereffective|p1b: Golurk|1\n|-damage|p1a: Oranguru|0 fnt\n|-damage|p1b: Golurk|0 fnt\n|faint|p1a: Oranguru\n|faint|p1b: Golurk\n|\n|-weather|RainDance|[upkeep]\n|upkeep\n|\n|t:|1776085872\n|switch|p1b: Sneasler|Sneasler, L50, F|100/100\n|turn|4\n|\n|t:|1776085881\n|move|p2a: Poligoat|Helping Hand|p2b: Bicharraco\n|-singleturn|p2b: Bicharraco|Helping Hand|[of] p2a: Poligoat\n|move|p1b: Sneasler|Dire Claw|p2b: Bicharraco\n|-damage|p2b: Bicharraco|20/100\n|move|p2b: Bicharraco|Hurricane|p1b: Sneasler\n|-supereffective|p1b: Sneasler|1\n|-enditem|p1b: Sneasler|Focus Sash\n|-damage|p1b: Sneasler|1/100\n|-start|p1b: Sneasler|confusion\n|\n|-weather|RainDance|[upkeep]\n|upkeep\n|turn|5\n|\n|t:|1776085897\n|-activate|p1b: Sneasler|confusion\n|move|p1b: Sneasler|Dire Claw|p2b: Bicharraco\n|-damage|p2b: Bicharraco|0 fnt\n|faint|p2b: Bicharraco\n|move|p2a: Poligoat|Muddy Water|p1b: Sneasler\n|-damage|p1b: Sneasler|0 fnt\n|faint|p1b: Sneasler\n|\n|win|Alv_08\n|raw|thefloshingcat's rating: 1128 &rarr; <strong>1099</strong><br />(-29 for losing)\n|raw|Alv_08's rating: 1067 &rarr; <strong>1102</strong><br />(+35 for winning)\n|l|\u2606thefloshingcat\n|player|p1|\n",
  "uploadtime": 1776085906,
  "views": 9,
  "formatid": "gen9championsvgc2026regma",
  "rating": 1099,
  "private": 0,
  "password": null
}