{
  "id": "gen9championsvgc2026regma-2587741284",
  "format": "[Gen 9 Champions] VGC 2026 Reg M-A",
  "players": [
    "kizasoza",
    "xhooorxhi"
  ],
  "log": "|j|\u2606kizasoza\n|j|\u2606xhooorxhi\n|t:|1776559335\n|gametype|doubles\n|player|p1|kizasoza|chuck|1082\n|player|p2|xhooorxhi|pokemonbreeder-gen4|1178\n|gen|9\n|tier|[Gen 9 Champions] VGC 2026 Reg M-A\n|rated|\n|rule|Species Clause: Limit one of each Pok\u00e9mon\n|rule|Item Clause: Limit 1 of each item\n|clearpoke\n|poke|p1|Scovillain, L50, M|\n|poke|p1|Primarina, L50, M|\n|poke|p1|Dragonite, L50, F|\n|poke|p1|Garchomp, L50, F|\n|poke|p1|Kingambit, L50, M|\n|poke|p1|Sneasler, L50, F|\n|poke|p2|Sneasler, L50, M|\n|poke|p2|Chimecho, L50, F|\n|poke|p2|Alcremie, L50, F|\n|poke|p2|Maushold, L50|\n|poke|p2|Farigiraf, L50, F|\n|poke|p2|Incineroar, L50, M|\n|teampreview|4\n|inactive|Battle timer is ON: inactive players will automatically lose when time's up. (requested by xhooorxhi)\n|inactive|kizasoza also wants the timer to be on.\nkizasoza rejected open team sheets.\n|\n|t:|1776559365\n|teamsize|p1|4\n|teamsize|p2|4\n|start\n|switch|p1a: Sneasler|Sneasler, L50, F|100/100\n|switch|p1b: Scovillain|Scovillain, L50, M|100/100\n|switch|p2a: Incineroar|Incineroar, L50, M|100/100\n|switch|p2b: Chimecho|Chimecho, L50, F|100/100\n|-ability|p2a: Incineroar|Intimidate|boost\n|-unboost|p1a: Sneasler|atk|1\n|-unboost|p1b: Scovillain|atk|1\n|turn|1\n|\n|t:|1776559376\n|detailschange|p1b: Scovillain|Scovillain-Mega, L50, M\n|-mega|p1b: Scovillain|Scovillain|Scovillainite\n|move|p2a: Incineroar|Fake Out|p1a: Sneasler\n|-damage|p1a: Sneasler|75/100\n|move|p1b: Scovillain|Rage Powder|p1b: Scovillain\n|-singleturn|p1b: Scovillain|move: Rage Powder\n|cant|p1a: Sneasler|flinch\n|move|p2b: Chimecho|Calm Mind|p2b: Chimecho\n|-boost|p2b: Chimecho|spa|1\n|-boost|p2b: Chimecho|spd|1\n|\n|upkeep\n|turn|2\n|\n|t:|1776559396\n|move|p1a: Sneasler|Coaching|p1b: Scovillain\n|-boost|p1b: Scovillain|atk|1\n|-boost|p1b: Scovillain|def|1\n|move|p1b: Scovillain|Flamethrower|p2b: Chimecho\n|-damage|p2b: Chimecho|72/100\n|move|p2a: Incineroar|Flare Blitz|p1b: Scovillain\n|-crit|p1b: Scovillain\n|-damage|p1b: Scovillain|0 fnt\n|-immune|p2a: Incineroar\n|faint|p1b: Scovillain\n|-damage|p2a: Incineroar|73/100|[from] Recoil\n|move|p2b: Chimecho|Trick Room|p2b: Chimecho\n|-fieldstart|move: Trick Room|[of] p2b: Chimecho\n|\n|upkeep\n|\n|t:|1776559405\n|switch|p1b: Primarina|Primarina, L50, M|100/100\n|turn|3\n|\n|t:|1776559417\n|switch|p2a: Maushold|Maushold, L50|100/100\n|detailschange|p2b: Chimecho|Chimecho-Mega, L50, F\n|-mega|p2b: Chimecho|Chimecho|Chimechite\n|move|p2b: Chimecho|Calm Mind|p2b: Chimecho\n|-boost|p2b: Chimecho|spa|1\n|-boost|p2b: Chimecho|spd|1\n|move|p1b: Primarina|Calm Mind|p1b: Primarina\n|-boost|p1b: Primarina|spa|1\n|-boost|p1b: Primarina|spd|1\n|move|p1a: Sneasler|Coaching|p1b: Primarina\n|-boost|p1b: Primarina|atk|1\n|-boost|p1b: Primarina|def|1\n|\n|upkeep\n|turn|4\n|\n|t:|1776559437\n|move|p2b: Chimecho|Psychic|p1b: Primarina\n|-damage|p1b: Primarina|45/100\n|move|p1b: Primarina|Hyper Voice|p2a: Maushold|[spread] p2a,p2b\n|-damage|p2a: Maushold|36/100\n|-damage|p2b: Chimecho|54/100\n|move|p2a: Maushold|Taunt|p1b: Primarina\n|-start|p1b: Primarina|move: Taunt\n|move|p1a: Sneasler|Coaching|p1b: Primarina\n|-boost|p1b: Primarina|atk|1\n|-boost|p1b: Primarina|def|1\n|\n|-heal|p1b: Primarina|51/100|[from] item: Leftovers\n|upkeep\n|turn|5\n|inactive|kizasoza has 30 seconds left.\n|\n|t:|1776559466\n|switch|p2a: Incineroar|Incineroar, L50, M|73/100\n|-ability|p2a: Incineroar|Intimidate|boost\n|-unboost|p1a: Sneasler|atk|1\n|-unboost|p1b: Primarina|atk|1\n|move|p2b: Chimecho|Psychic|p1b: Primarina\n|-damage|p1b: Primarina|0 fnt\n|faint|p1b: Primarina\n|move|p1a: Sneasler|Close Combat|p2b: Chimecho\n|-damage|p2b: Chimecho|24/100\n|-unboost|p1a: Sneasler|def|1\n|-unboost|p1a: Sneasler|spd|1\n|\n|upkeep\n|\n|t:|1776559468\n|switch|p1b: Garchomp|Garchomp, L50, F|100/100\n|turn|6\n|\n|t:|1776559485\n|move|p1b: Garchomp|Protect|p1b: Garchomp\n|-singleturn|p1b: Garchomp|Protect\n|move|p2a: Incineroar|Fake Out|p1b: Garchomp\n|-activate|p1b: Garchomp|move: Protect\n|move|p2b: Chimecho|Psychic|p1a: Sneasler\n|-supereffective|p1a: Sneasler|2\n|-damage|p1a: Sneasler|0 fnt\n|faint|p1a: Sneasler\n|\n|-fieldend|move: Trick Room\n|upkeep\n|turn|7\n|\n|t:|1776559498\n|switch|p2a: Alcremie|Alcremie, L50, F|100/100\n|move|p1b: Garchomp|Dragon Claw|p2b: Chimecho\n|-resisted|p2b: Chimecho|1\n|-damage|p2b: Chimecho|4/100\n|move|p2b: Chimecho|Psychic|p1b: Garchomp\n|-damage|p1b: Garchomp|0 fnt\n|faint|p1b: Garchomp\n|\n|win|xhooorxhi\n|raw|kizasoza's rating: 1082 &rarr; <strong>1066</strong><br />(-16 for losing)\n|raw|xhooorxhi's rating: 1178 &rarr; <strong>1196</strong><br />(+18 for winning)\n|l|\u2606kizasoza\n|player|p1|\n",
  "uploadtime": 1776559507,
  "views": 11,
  "formatid": "gen9championsvgc2026regma",
  "rating": 1066,
  "private": 0,
  "password": null
}