{
  "id": "gen9championsvgc2026regma-2586853118",
  "format": "[Gen 9 Champions] VGC 2026 Reg M-A",
  "players": [
    "logiwall",
    "DelverPlant"
  ],
  "log": "|j|\u2606logiwall\n|j|\u2606DelverPlant\n|t:|1776465480\n|gametype|doubles\n|player|p1|logiwall|2|1077\n|player|p2|DelverPlant|1|1032\n|gen|9\n|tier|[Gen 9 Champions] VGC 2026 Reg M-A\n|rated|\n|rule|Species Clause: Limit one of each Pok\u00e9mon\n|rule|Item Clause: Limit 1 of each item\n|clearpoke\n|poke|p1|Pelipper, L50, F|\n|poke|p1|Palafin, L50, F|\n|poke|p1|Basculegion, L50, M|\n|poke|p1|Toxapex, L50, M|\n|poke|p1|Empoleon, L50, M|\n|poke|p1|Starmie, L50|\n|poke|p2|Pelipper, L50, F|\n|poke|p2|Basculegion, L50, M|\n|poke|p2|Sneasler, L50, F|\n|poke|p2|Archaludon, L50, M|\n|poke|p2|Meganium, L50, M|\n|poke|p2|Dragonite, L50, M|\n|teampreview|4\n|inactive|Battle timer is ON: inactive players will automatically lose when time's up. (requested by DelverPlant)\n|\n|t:|1776465580\n|teamsize|p1|4\n|teamsize|p2|4\n|start\n|switch|p1a: Pelipper|Pelipper, L50, F|100/100\n|switch|p1b: Starmie|Starmie, L50|100/100\n|switch|p2a: Pelipper|Pelipper, L50, F|100/100\n|switch|p2b: Archaludon|Archaludon, L50, M|100/100\n|-weather|RainDance|[from] ability: Drizzle|[of] p1a: Pelipper\n|turn|1\n|\n|t:|1776465600\n|detailschange|p1b: Starmie|Starmie-Mega, L50\n|-mega|p1b: Starmie|Starmie|Starminite\n|move|p1a: Pelipper|Protect|p1a: Pelipper\n|-singleturn|p1a: Pelipper|Protect\n|move|p1b: Starmie|Zen Headbutt|p2a: Pelipper\n|-damage|p2a: Pelipper|14/100\n|move|p2a: Pelipper|Tailwind|p2a: Pelipper\n|-sidestart|p2: DelverPlant|move: Tailwind\n|move|p2b: Archaludon|Electro Shot||[still]\n|-prepare|p2b: Archaludon|Electro Shot\n|-boost|p2b: Archaludon|spa|1\n|-anim|p2b: Archaludon|Electro Shot|p1a: Pelipper\n|-activate|p1a: Pelipper|move: Protect\n|\n|-weather|RainDance|[upkeep]\n|upkeep\n|turn|2\n|\n|t:|1776465622\n|move|p2a: Pelipper|U-turn|p1b: Starmie\n|-supereffective|p1b: Starmie|1\n|-damage|p1b: Starmie|77/100\n|\n|t:|1776465631\n|switch|p2a: Meganium|Meganium, L50, M|100/100|[from] U-turn\n|move|p2b: Archaludon|Electro Shot||[still]\n|-prepare|p2b: Archaludon|Electro Shot\n|-boost|p2b: Archaludon|spa|1\n|-anim|p2b: Archaludon|Electro Shot|p1b: Starmie\n|-supereffective|p1b: Starmie|1\n|-damage|p1b: Starmie|0 fnt\n|faint|p1b: Starmie\n|move|p1a: Pelipper|Tailwind|p1a: Pelipper\n|-sidestart|p1: logiwall|move: Tailwind\n|\n|-weather|RainDance|[upkeep]\n|upkeep\n|\n|t:|1776465636\n|switch|p1b: Empoleon|Empoleon, L50, M|100/100\n|turn|3\n|\n|t:|1776465658\n|detailschange|p2a: Meganium|Meganium-Mega, L50, M\n|-mega|p2a: Meganium|Meganium|Meganiumite\n|move|p2a: Meganium|Solar Beam||[still]\n|-prepare|p2a: Meganium|Solar Beam\n|-activate|p2a: Meganium|ability: Mega Sol\n|-anim|p2a: Meganium|Solar Beam|p1b: Empoleon\n|-damage|p1b: Empoleon|22/100\n|move|p1a: Pelipper|Hurricane|p2a: Meganium\n|-supereffective|p2a: Meganium|1\n|-damage|p2a: Meganium|28/100\n|move|p1b: Empoleon|Flash Cannon|p2a: Meganium\n|-supereffective|p2a: Meganium|1\n|-damage|p2a: Meganium|0 fnt\n|faint|p2a: Meganium\n|move|p2b: Archaludon|Electro Shot||[still]\n|-prepare|p2b: Archaludon|Electro Shot\n|-boost|p2b: Archaludon|spa|1\n|-anim|p2b: Archaludon|Electro Shot|p1a: Pelipper\n|-supereffective|p1a: Pelipper|2\n|-enditem|p1a: Pelipper|Focus Sash\n|-damage|p1a: Pelipper|1/100\n|\n|-weather|RainDance|[upkeep]\n|upkeep\n|inactive|DelverPlant has 30 seconds left.\n|\n|t:|1776465685\n|switch|p2a: Sneasler|Sneasler, L50, F|100/100\n|-ability|p2a: Sneasler|Pressure\n|turn|4\n|\n|t:|1776465693\n|move|p1a: Pelipper|Protect|p1a: Pelipper\n|-singleturn|p1a: Pelipper|Protect\n|move|p1b: Empoleon|Protect|p1b: Empoleon\n|-singleturn|p1b: Empoleon|Protect\n|move|p2a: Sneasler|Fake Out|p1a: Pelipper\n|-activate|p1a: Pelipper|move: Protect\n|move|p2b: Archaludon|Electro Shot||[still]\n|-prepare|p2b: Archaludon|Electro Shot\n|-boost|p2b: Archaludon|spa|1\n|-anim|p2b: Archaludon|Electro Shot|p1b: Empoleon\n|-activate|p1b: Empoleon|move: Protect\n|\n|-weather|RainDance|[upkeep]\n|-sideend|p2: DelverPlant|move: Tailwind\n|upkeep\n|turn|5\n|\n|t:|1776465713\n|move|p1a: Pelipper|Hurricane|p2a: Sneasler\n|-supereffective|p2a: Sneasler|1\n|-damage|p2a: Sneasler|0 fnt\n|faint|p2a: Sneasler\n|move|p1b: Empoleon|Ice Beam|p2b: Archaludon\n|-damage|p2b: Archaludon|71/100\n|-ability|p2b: Archaludon|Stamina|boost\n|-boost|p2b: Archaludon|def|1\n|move|p2b: Archaludon|Electro Shot||[still]\n|-prepare|p2b: Archaludon|Electro Shot\n|-boost|p2b: Archaludon|spa|1\n|-anim|p2b: Archaludon|Electro Shot|p1a: Pelipper\n|-supereffective|p1a: Pelipper|2\n|-damage|p1a: Pelipper|0 fnt\n|faint|p1a: Pelipper\n|\n|-weather|none\n|-heal|p2b: Archaludon|77/100|[from] item: Leftovers\n|-sideend|p1: logiwall|move: Tailwind\n|upkeep\n|inactive|DelverPlant has 30 seconds left.\n|inactive|DelverPlant has 20 seconds left.\n|l|\u2606DelverPlant\n|inactive|DelverPlant disconnected and has a minute to reconnect!\n|player|p2|\n|inactive|DelverPlant has 15 seconds left.\n|inactive|DelverPlant has 10 seconds left.\n|inactive|DelverPlant has 5 seconds left.\n|-message|DelverPlant lost due to inactivity.\n|\n|win|logiwall\n|raw|logiwall's rating: 1077 &rarr; <strong>1102</strong><br />(+25 for winning)\n|raw|DelverPlant's rating: 1032 &rarr; <strong>1019</strong><br />(-13 for losing)\n|l|\u2606logiwall\n|player|p1|\n|j|\u2606DelverPlant\n|player|p2|DelverPlant|1|\n",
  "uploadtime": 1776465771,
  "views": 23,
  "formatid": "gen9championsvgc2026regma",
  "rating": 1019,
  "private": 0,
  "password": null
}