{
  "id": "gen9championsvgc2026regma-2585722177",
  "format": "[Gen 9 Champions] VGC 2026 Reg M-A",
  "players": [
    "KogaAF1219",
    "Dizzy slayz"
  ],
  "log": "|j|\u2606KogaAF1219\n|j|\u2606Dizzy slayz\n|t:|1776366078\n|gametype|doubles\n|player|p1|KogaAF1219|koga|1259\n|player|p2|Dizzy slayz|266|1364\n|gen|9\n|tier|[Gen 9 Champions] VGC 2026 Reg M-A\n|rated|\n|rule|Species Clause: Limit one of each Pok\u00e9mon\n|rule|Item Clause: Limit 1 of each item\n|clearpoke\n|poke|p1|Torkoal, L50, M|\n|poke|p1|Venusaur, L50, M|\n|poke|p1|Incineroar, L50, F|\n|poke|p1|Farigiraf, L50, F|\n|poke|p1|Rotom-Fan, L50|\n|poke|p1|Excadrill, L50, F|\n|poke|p2|Gallade, L50, M|\n|poke|p2|Skarmory, L50, F|\n|poke|p2|Archaludon, L50, M|\n|poke|p2|Sinistcha, L50|\n|poke|p2|Whimsicott, L50, M|\n|poke|p2|Pelipper, L50, M|\n|teampreview|4\nKogaAF1219 has agreed to open team sheets.\n|\n|t:|1776366120\n|teamsize|p1|4\n|teamsize|p2|4\n|start\n|switch|p1a: Rotom|Rotom-Fan, L50|100/100\n|switch|p1b: Excadrill|Excadrill, L50, F|100/100\n|switch|p2a: Gallade|Gallade, L50, M|100/100\n|switch|p2b: Sinistcha|Sinistcha, L50|100/100\n|-ability|p1b: Excadrill|Mold Breaker\n|turn|1\n|\n|t:|1776366146\n|detailschange|p2a: Gallade|Gallade-Mega, L50, M\n|-mega|p2a: Gallade|Gallade|Galladite\n|move|p2b: Sinistcha|Protect|p2b: Sinistcha\n|-singleturn|p2b: Sinistcha|Protect\n|move|p1a: Rotom|Air Slash|p2b: Sinistcha\n|-activate|p2b: Sinistcha|move: Protect\n|move|p2a: Gallade|Bulk Up|p2a: Gallade\n|-boost|p2a: Gallade|atk|1\n|-boost|p2a: Gallade|def|1\n|move|p1b: Excadrill|High Horsepower|p2b: Sinistcha\n|-activate|p2b: Sinistcha|move: Protect\n|\n|upkeep\n|turn|2\n|inactive|Battle timer is ON: inactive players will automatically lose when time's up. (requested by KogaAF1219)\n|\n|t:|1776366166\n|switch|p2b: Pelipper|Pelipper, L50, M|100/100\n|-weather|RainDance|[from] ability: Drizzle|[of] p2b: Pelipper\n|move|p1a: Rotom|Air Slash|p2a: Gallade\n|-supereffective|p2a: Gallade|1\n|-crit|p2a: Gallade\n|-damage|p2a: Gallade|20/100\n|move|p2a: Gallade|Drain Punch|p1b: Excadrill\n|-supereffective|p1b: Excadrill|1\n|-enditem|p1b: Excadrill|Focus Sash\n|-damage|p1b: Excadrill|1/100\n|-heal|p2a: Gallade|79/100|[from] drain|[of] p1b: Excadrill\n|move|p1b: Excadrill|Rock Slide|p2b: Pelipper|[spread] p2a,p2b\n|-resisted|p2a: Gallade|1\n|-supereffective|p2b: Pelipper|1\n|-damage|p2a: Gallade|72/100\n|-damage|p2b: Pelipper|60/100\n|\n|-weather|RainDance|[upkeep]\n|upkeep\n|turn|3\n|inactive|Dizzy slayz has 30 seconds left.\n|\n|t:|1776366196\n|switch|p1b: Venusaur|Venusaur, L50, M|100/100\n|move|p2a: Gallade|Protect|p2a: Gallade\n|-singleturn|p2a: Gallade|Protect\n|move|p1a: Rotom|Air Slash|p2a: Gallade\n|-activate|p2a: Gallade|move: Protect\n|move|p2b: Pelipper|Weather Ball|p1a: Rotom\n|-damage|p1a: Rotom|44/100\n|-heal|p2b: Pelipper|66/100|[from] item: Shell Bell|[of] p1a: Rotom\n|\n|-weather|RainDance|[upkeep]\n|upkeep\n|turn|4\n|\n|t:|1776366214\n|switch|p1a: Torkoal|Torkoal, L50, M|100/100\n|-weather|SunnyDay|[from] ability: Drought|[of] p1a: Torkoal\n|switch|p2a: Archaludon|Archaludon, L50, M|100/100\n|move|p1b: Venusaur|Sleep Powder|p2a: Archaludon\n|-status|p2a: Archaludon|slp|[from] move: Sleep Powder\n|move|p2b: Pelipper|Weather Ball|p1a: Torkoal\n|-resisted|p1a: Torkoal|1\n|-damage|p1a: Torkoal|76/100\n|-heal|p2b: Pelipper|69/100|[from] item: Shell Bell|[of] p1a: Torkoal\n|\n|-weather|SunnyDay|[upkeep]\n|upkeep\n|turn|5\n|inactive|Dizzy slayz has 30 seconds left.\n|inactive|Dizzy slayz has 20 seconds left.\n|\n|t:|1776366252\n|detailschange|p1b: Venusaur|Venusaur-Mega, L50, M\n|-mega|p1b: Venusaur|Venusaur|Venusaurite\n|move|p2b: Pelipper|Wide Guard|p2b: Pelipper\n|-singleturn|p2b: Pelipper|Wide Guard\n|move|p1b: Venusaur|Sludge Bomb|p2b: Pelipper\n|-damage|p2b: Pelipper|15/100\n|cant|p2a: Archaludon|slp\n|move|p1a: Torkoal|Eruption|p2a: Archaludon|[spread] \n|-activate|p2a: Archaludon|move: Wide Guard\n|-activate|p2b: Pelipper|move: Wide Guard\n|\n|-weather|SunnyDay|[upkeep]\n|upkeep\n|turn|6\n|\n|t:|1776366277\n|move|p2b: Pelipper|Protect||[still]\n|-fail|p2b: Pelipper\n|move|p1b: Venusaur|Sludge Bomb|p2b: Pelipper\n|-crit|p2b: Pelipper\n|-damage|p2b: Pelipper|0 fnt\n|faint|p2b: Pelipper\n|cant|p2a: Archaludon|slp\n|move|p1a: Torkoal|Heat Wave|p2a: Archaludon|[miss]\n|-miss|p1a: Torkoal|p2a: Archaludon\n|\n|-weather|SunnyDay|[upkeep]\n|upkeep\n|\n|t:|1776366290\n|switch|p2b: Gallade|Gallade-Mega, L50, M|72/100\n|turn|7\n|\n|t:|1776366306\n|move|p2b: Gallade|Psycho Cut|p1b: Venusaur\n|-supereffective|p1b: Venusaur|1\n|-damage|p1b: Venusaur|31/100\n|move|p1b: Venusaur|Sleep Powder|p2b: Gallade\n|-status|p2b: Gallade|slp|[from] move: Sleep Powder\n|-curestatus|p2a: Archaludon|slp|[msg]\n|move|p2a: Archaludon|Aura Sphere|p1a: Torkoal\n|-damage|p1a: Torkoal|48/100\n|move|p1a: Torkoal|Heat Wave|p2a: Archaludon|[spread] p2a,p2b\n|-damage|p2a: Archaludon|52/100\n|-damage|p2b: Gallade|17/100 slp\n|-ability|p2a: Archaludon|Stamina|boost\n|-boost|p2a: Archaludon|def|1\n|\n|-weather|SunnyDay|[upkeep]\n|upkeep\n|turn|8\n|inactive|Dizzy slayz has 30 seconds left.\n|inactive|Dizzy slayz has 20 seconds left.\n|\n|t:|1776366342\n|cant|p2b: Gallade|slp\n|move|p1b: Venusaur|Sleep Powder|p2a: Archaludon\n|-status|p2a: Archaludon|slp|[from] move: Sleep Powder\n|cant|p2a: Archaludon|slp\n|move|p1a: Torkoal|Heat Wave|p2b: Gallade|[spread] p2a\n|-miss|p1a: Torkoal|p2b: Gallade\n|-damage|p2a: Archaludon|3/100 slp\n|-ability|p2a: Archaludon|Stamina|boost\n|-boost|p2a: Archaludon|def|1\n|-enditem|p2a: Archaludon|Sitrus Berry|[eat]\n|-heal|p2a: Archaludon|28/100 slp|[from] item: Sitrus Berry\n|\n|-weather|none\n|upkeep\n|turn|9\n|inactive|Dizzy slayz has 30 seconds left.\n|\n|t:|1776366370\n|switch|p2a: Sinistcha|Sinistcha, L50|100/100\n|-heal|p2b: Gallade|42/100 slp|[from] ability: Hospitality|[of] p2a: Sinistcha\n|-curestatus|p2b: Gallade|slp|[msg]\n|move|p2b: Gallade|Psycho Cut|p1b: Venusaur\n|-supereffective|p1b: Venusaur|1\n|-damage|p1b: Venusaur|0 fnt\n|faint|p1b: Venusaur\n|move|p1a: Torkoal|Heat Wave|p2b: Gallade|[spread] p2a,p2b\n|-supereffective|p2a: Sinistcha|1\n|-crit|p2b: Gallade\n|-damage|p2a: Sinistcha|28/100\n|-damage|p2b: Gallade|0 fnt\n|faint|p2b: Gallade\n|\n|-heal|p2a: Sinistcha|34/100|[from] item: Leftovers\n|upkeep\n|\n|t:|1776366383\n|switch|p2b: Archaludon|Archaludon, L50, M|28/100 slp\n|switch|p1b: Excadrill|Excadrill, L50, F|1/100\n|-ability|p1b: Excadrill|Mold Breaker\n|turn|10\n|\n|t:|1776366399\n|switch|p1a: Rotom|Rotom-Fan, L50|44/100\n|move|p1b: Excadrill|Earthquake|p2a: Sinistcha|[spread] p2a,p2b\n|-immune|p1a: Rotom\n|-resisted|p2a: Sinistcha|1\n|-supereffective|p2b: Archaludon|1\n|-damage|p2a: Sinistcha|15/100\n|-damage|p2b: Archaludon|0 fnt\n|faint|p2b: Archaludon\n|move|p2a: Sinistcha|Matcha Gotcha|p1a: Rotom|[spread] p1a,p1b\n|-resisted|p1a: Rotom|1\n|-damage|p1a: Rotom|32/100\n|-heal|p2a: Sinistcha|21/100|[from] drain|[of] p1a: Rotom\n|-damage|p1b: Excadrill|0 fnt\n|-heal|p2a: Sinistcha|22/100|[from] drain|[of] p1b: Excadrill\n|faint|p1b: Excadrill\n|\n|-heal|p2a: Sinistcha|28/100|[from] item: Leftovers\n|upkeep\n|-message|Dizzy slayz forfeited.\n|\n|win|KogaAF1219\n|raw|KogaAF1219's rating: 1259 &rarr; <strong>1291</strong><br />(+32 for winning)\n|raw|Dizzy slayz's rating: 1364 &rarr; <strong>1338</strong><br />(-26 for losing)\n|l|\u2606Dizzy slayz\n|player|p2|\n",
  "uploadtime": 1776366428,
  "views": 26,
  "formatid": "gen9championsvgc2026regma",
  "rating": 1291,
  "private": 0,
  "password": null
}