{
  "id": "gen9championsvgc2026regma-2580962321",
  "format": "[Gen 9 Champions] VGC 2026 Reg M-A",
  "players": [
    "Tindall64",
    "QuincyComun"
  ],
  "log": "|j|\u2606Tindall64\n|j|\u2606QuincyComun\n|t:|1775947049\n|gametype|doubles\n|player|p1|Tindall64|2|1092\n|player|p2|QuincyComun|red|1026\n|gen|9\n|tier|[Gen 9 Champions] VGC 2026 Reg M-A\n|rated|\n|rule|Species Clause: Limit one of each Pok\u00e9mon\n|rule|Item Clause: Limit 1 of each item\n|clearpoke\n|poke|p1|Aggron, L50, M|\n|poke|p1|Pelipper, L50, F|\n|poke|p1|Incineroar, L50, M|\n|poke|p1|Basculegion, L50, M|\n|poke|p1|Garchomp, L50, M|\n|poke|p1|Sinistcha-Masterpiece, L50|\n|poke|p2|Venusaur, L50, M|\n|poke|p2|Charizard, L50, F|\n|poke|p2|Basculegion, L50, M|\n|poke|p2|Mamoswine, L50, M|\n|poke|p2|Whimsicott, L50, F|\n|poke|p2|Incineroar, L50, F|\n|teampreview|4\n|inactive|Battle timer is ON: inactive players will automatically lose when time's up. (requested by QuincyComun)\nQuincyComun has agreed to open team sheets.\n|inactive|Tindall64 has 60 seconds left.\n|\n|t:|1775947097\n|teamsize|p1|4\n|teamsize|p2|4\n|start\n|switch|p1a: Incineroar|Incineroar, L50, M|100/100\n|switch|p1b: Garchomp|Garchomp, L50, M|100/100\n|switch|p2a: Basculegion|Basculegion, L50, M|100/100\n|switch|p2b: Whimsicott|Whimsicott, L50, F|100/100\n|-ability|p1a: Incineroar|Intimidate|boost\n|-unboost|p2a: Basculegion|atk|1\n|-unboost|p2b: Whimsicott|atk|1\n|turn|1\n|inactive|Tindall64 has 30 seconds left.\n|inactive|QuincyComun has 30 seconds left.\n|inactive|Tindall64 has 20 seconds left.\n|inactive|Tindall64 has 15 seconds left.\n|\n|t:|1775947139\n|detailschange|p1b: Garchomp|Garchomp-Mega, L50, M\n|-mega|p1b: Garchomp|Garchomp|Garchompite\n|move|p1a: Incineroar|Fake Out|p2b: Whimsicott\n|-damage|p2b: Whimsicott|92/100\n|cant|p2b: Whimsicott|flinch\n|move|p2a: Basculegion|Flip Turn|p1a: Incineroar\n|-supereffective|p1a: Incineroar|1\n|-damage|p1a: Incineroar|70/100\n|\n|t:|1775947152\n|switch|p2a: Mamoswine|Mamoswine, L50, M|100/100|[from] Flip Turn\n|move|p1b: Garchomp|Dragon Claw|p2a: Mamoswine\n|-damage|p2a: Mamoswine|45/100\n|\n|upkeep\n|turn|2\n|\n|t:|1775947168\n|switch|p1b: Basculegion|Basculegion, L50, M|100/100\n|switch|p1a: Pelipper|Pelipper, L50, F|100/100\n|-weather|RainDance|[from] ability: Drizzle|[of] p1a: Pelipper\n|move|p2b: Whimsicott|Tailwind|p2b: Whimsicott\n|-sidestart|p2: QuincyComun|move: Tailwind\n|move|p2a: Mamoswine|Icicle Crash|p1b: Basculegion\n|-resisted|p1b: Basculegion|1\n|-damage|p1b: Basculegion|72/100\n|\n|-weather|RainDance|[upkeep]\n|upkeep\n|turn|3\n|inactive|Tindall64 has 30 seconds left.\n|inactive|QuincyComun has 30 seconds left.\n|inactive|Tindall64 has 20 seconds left.\n|inactive|QuincyComun has 20 seconds left.\n|\n|t:|1775947206\n|move|p2a: Mamoswine|Protect|p2a: Mamoswine\n|-singleturn|p2a: Mamoswine|Protect\n|move|p2b: Whimsicott|Fake Tears|p1a: Pelipper\n|-unboost|p1a: Pelipper|spd|2\n|move|p1b: Basculegion|Aqua Jet|p2a: Mamoswine\n|-activate|p2a: Mamoswine|move: Protect\n|move|p1a: Pelipper|Hurricane|p2b: Whimsicott\n|-supereffective|p2b: Whimsicott|1\n|-damage|p2b: Whimsicott|0 fnt\n|faint|p2b: Whimsicott\n|\n|-weather|RainDance|[upkeep]\n|upkeep\n|\n|t:|1775947217\n|switch|p2b: Charizard|Charizard, L50, F|100/100\n|turn|4\n|\n|t:|1775947238\n|switch|p2a: Basculegion|Basculegion, L50, M|100/100\n|detailschange|p2b: Charizard|Charizard-Mega-Y, L50, F\n|-mega|p2b: Charizard|Charizard|Charizardite Y\n|-weather|SunnyDay|[from] ability: Drought|[of] p2b: Charizard\n|move|p1b: Basculegion|Aqua Jet|p2a: Basculegion\n|-resisted|p2a: Basculegion|1\n|-damage|p2a: Basculegion|94/100\n|move|p2b: Charizard|Solar Beam||[still]\n|-prepare|p2b: Charizard|Solar Beam\n|-anim|p2b: Charizard|Solar Beam|p1a: Pelipper\n|-enditem|p1a: Pelipper|Focus Sash\n|-damage|p1a: Pelipper|1/100\n|move|p1a: Pelipper|Tailwind|p1a: Pelipper\n|-sidestart|p1: Tindall64|move: Tailwind\n|\n|-weather|SunnyDay|[upkeep]\n|upkeep\n|turn|5\n|inactive|Tindall64 has 30 seconds left.\n|\n|t:|1775947268\n|switch|p1b: Incineroar|Incineroar, L50, M|70/100\n|-ability|p1b: Incineroar|Intimidate|boost\n|-unboost|p2a: Basculegion|atk|1\n|-unboost|p2b: Charizard|atk|1\n|move|p2a: Basculegion|Flip Turn|p1a: Pelipper\n|-resisted|p1a: Pelipper|1\n|-damage|p1a: Pelipper|0 fnt\n|faint|p1a: Pelipper\n|\n|t:|1775947276\n|switch|p2a: Mamoswine|Mamoswine, L50, M|45/100|[from] Flip Turn\n|move|p2b: Charizard|Solar Beam||[still]\n|-prepare|p2b: Charizard|Solar Beam\n|-anim|p2b: Charizard|Solar Beam|p1b: Incineroar\n|-resisted|p1b: Incineroar|1\n|-damage|p1b: Incineroar|52/100\n|\n|-weather|SunnyDay|[upkeep]\n|-sideend|p2: QuincyComun|move: Tailwind\n|upkeep\n|\n|t:|1775947291\n|switch|p1a: Garchomp|Garchomp-Mega, L50, M|100/100\n|turn|6\n|\n|t:|1775947303\n|switch|p1b: Basculegion|Basculegion, L50, M|72/100\n|move|p2a: Mamoswine|Ice Shard|p1a: Garchomp\n|-supereffective|p1a: Garchomp|2\n|-damage|p1a: Garchomp|33/100\n|move|p1a: Garchomp|Rock Slide|p2b: Charizard|[spread] p2b\n|-miss|p1a: Garchomp|p2a: Mamoswine\n|-supereffective|p2b: Charizard|2\n|-damage|p2b: Charizard|0 fnt\n|faint|p2b: Charizard\n|\n|-weather|SunnyDay|[upkeep]\n|upkeep\n|\n|t:|1775947312\n|switch|p2b: Basculegion|Basculegion, L50, M|94/100\n|turn|7\n|\n|t:|1775947318\n|switch|p1a: Incineroar|Incineroar, L50, M|52/100\n|-ability|p1a: Incineroar|Intimidate|boost\n|-fail|p2a: Mamoswine|unboost|Attack|[from] ability: Oblivious|[of] p2a: Mamoswine\n|-unboost|p2b: Basculegion|atk|1\n|move|p2a: Mamoswine|Ice Shard|p1a: Incineroar\n|-resisted|p1a: Incineroar|1\n|-damage|p1a: Incineroar|43/100\n|move|p1b: Basculegion|Last Respects|p2b: Basculegion\n|-supereffective|p2b: Basculegion|1\n|-damage|p2b: Basculegion|0 fnt\n|faint|p2b: Basculegion\n|\n|-weather|SunnyDay|[upkeep]\n|-sideend|p1: Tindall64|move: Tailwind\n|upkeep\n|turn|8\n|\n|t:|1775947335\n|move|p1b: Basculegion|Last Respects|p2a: Mamoswine\n|-damage|p2a: Mamoswine|0 fnt\n|faint|p2a: Mamoswine\n|\n|win|Tindall64\n|raw|Tindall64's rating: 1092 &rarr; <strong>1113</strong><br />(+21 for winning)\n|raw|QuincyComun's rating: 1026 &rarr; <strong>1015</strong><br />(-11 for losing)\n|c|\u2606Tindall64|gg\n|l|\u2606QuincyComun\n|player|p2|\n",
  "uploadtime": 1775947386,
  "views": 15,
  "formatid": "gen9championsvgc2026regma",
  "rating": 1015,
  "private": 0,
  "password": null
}