{
  "id": "gen9championsvgc2026regma-2586798908",
  "format": "[Gen 9 Champions] VGC 2026 Reg M-A",
  "players": [
    "Jasonjarmoosh",
    "areestoo"
  ],
  "log": "|j|\u203dJasonjarmoosh\n|j|\u2606areestoo\n|t:|1776460810\n|gametype|doubles\n|player|p1|Jasonjarmoosh|265|1229\n|player|p2|areestoo|101|1226\n|gen|9\n|tier|[Gen 9 Champions] VGC 2026 Reg M-A\n|rated|\n|rule|Species Clause: Limit one of each Pok\u00e9mon\n|rule|Item Clause: Limit 1 of each item\n|clearpoke\n|poke|p1|Goodra-Hisui, L50, M|\n|poke|p1|Meganium, L50, M|\n|poke|p1|Incineroar, L50, M|\n|poke|p1|Pelipper, L50, M|\n|poke|p1|Aegislash, L50, M|\n|poke|p1|Basculegion, L50, M|\n|poke|p2|Incineroar, L50, F|\n|poke|p2|Farigiraf, L50, M|\n|poke|p2|Torkoal, L50, F|\n|poke|p2|Scovillain, L50, F|\n|poke|p2|Feraligatr, L50, F|\n|poke|p2|Kingambit, L50, F|\n|teampreview|4\n|inactive|Battle timer is ON: inactive players will automatically lose when time's up. (requested by areestoo)\n|inactive|Jasonjarmoosh has 60 seconds left.\n|inactive|areestoo has 60 seconds left.\n|inactive|Jasonjarmoosh has 30 seconds left.\n|inactive|Jasonjarmoosh has 20 seconds left.\n|inactive|Jasonjarmoosh has 15 seconds left.\n|inactive|Jasonjarmoosh has 10 seconds left.\n|inactive|Jasonjarmoosh has 5 seconds left.\n|\n|t:|1776460898\n|teamsize|p1|4\n|teamsize|p2|4\n|start\n|switch|p1a: Goodra|Goodra-Hisui, L50, M|100/100\n|switch|p1b: Basculegion|Basculegion, L50, M|100/100\n|switch|p2a: Incineroar|Incineroar, L50, F|100/100\n|switch|p2b: Farigiraf|Farigiraf, L50, M|100/100\n|-ability|p2a: Incineroar|Intimidate|boost\n|-unboost|p1a: Goodra|atk|1\n|-unboost|p1b: Basculegion|atk|1\n|turn|1\n|inactive|Jasonjarmoosh has 30 seconds left.\n|\n|t:|1776460926\n|move|p2a: Incineroar|Fake Out|p1a: Goodra\n|-resisted|p1a: Goodra|1\n|-damage|p1a: Goodra|95/100\n|move|p1b: Basculegion|Wave Crash|p2a: Incineroar\n|-supereffective|p2a: Incineroar|1\n|-damage|p2a: Incineroar|20/100\n|-damage|p1b: Basculegion|73/100|[from] Recoil\n|cant|p1a: Goodra|flinch\n|move|p2b: Farigiraf|Trick Room|p2b: Farigiraf\n|-fieldstart|move: Trick Room|[of] p2b: Farigiraf\n|\n|-heal|p1a: Goodra|100/100|[from] item: Leftovers\n|upkeep\n|turn|2\n|\n|t:|1776460944\n|move|p1b: Basculegion|Aqua Jet||[still]\n|cant|p2b: Farigiraf|ability: Armor Tail|Aqua Jet|[of] p1b: Basculegion\n|move|p2a: Incineroar|Close Combat|p1a: Goodra\n|-supereffective|p1a: Goodra|1\n|-damage|p1a: Goodra|38/100\n|-unboost|p2a: Incineroar|def|1\n|-unboost|p2a: Incineroar|spd|1\n|-enditem|p2a: Incineroar|White Herb\n|-clearnegativeboost|p2a: Incineroar|[silent]\n|move|p2b: Farigiraf|Nasty Plot|p2b: Farigiraf\n|-boost|p2b: Farigiraf|spa|2\n|move|p1a: Goodra|Shelter|p1a: Goodra\n|-boost|p1a: Goodra|def|2\n|\n|-heal|p1a: Goodra|44/100|[from] item: Leftovers\n|upkeep\n|turn|3\n|inactive|Jasonjarmoosh has 30 seconds left.\n|\n|t:|1776460977\n|move|p1b: Basculegion|Protect|p1b: Basculegion\n|-singleturn|p1b: Basculegion|Protect\n|move|p2b: Farigiraf|Psychic|p1a: Goodra\n|-resisted|p1a: Goodra|1\n|-damage|p1a: Goodra|15/100\n|move|p2a: Incineroar|Throat Chop|p1b: Basculegion\n|-activate|p1b: Basculegion|move: Protect\n|move|p1a: Goodra|Life Dew|p1a: Goodra|[spread] p1a,p1b\n|-heal|p1a: Goodra|40/100\n|-heal|p1b: Basculegion|98/100\n|\n|-heal|p1a: Goodra|46/100|[from] item: Leftovers\n|upkeep\n|turn|4\n|\n|t:|1776460993\n|switch|p1b: Meganium|Meganium, L50, M|100/100\n|move|p2b: Farigiraf|Psychic|p1a: Goodra\n|-resisted|p1a: Goodra|1\n|-damage|p1a: Goodra|20/100\n|move|p2a: Incineroar|Throat Chop|p1b: Meganium\n|-damage|p1b: Meganium|68/100\n|-start|p1b: Meganium|Throat Chop|[silent]\n|move|p1a: Goodra|Life Dew|p1a: Goodra|[spread] p1a,p1b\n|-heal|p1a: Goodra|45/100\n|-heal|p1b: Meganium|93/100\n|\n|-heal|p1a: Goodra|51/100|[from] item: Leftovers\n|upkeep\n|turn|5\n|inactive|Jasonjarmoosh has 30 seconds left.\n|inactive|Jasonjarmoosh has 20 seconds left.\n|\n|t:|1776461030\n|detailschange|p1b: Meganium|Meganium-Mega, L50, M\n|-mega|p1b: Meganium|Meganium|Meganiumite\n|move|p2a: Incineroar|Flare Blitz|p1b: Meganium\n|-supereffective|p1b: Meganium|1\n|-damage|p1b: Meganium|5/100\n|-damage|p2a: Incineroar|0 fnt|[from] Recoil\n|faint|p2a: Incineroar\n|move|p2b: Farigiraf|Hyper Voice|p1b: Meganium|[spread] p1a,p1b\n|-resisted|p1a: Goodra|1\n|-damage|p1a: Goodra|30/100\n|-damage|p1b: Meganium|0 fnt\n|faint|p1b: Meganium\n|move|p1a: Goodra|Body Press|p2b: Farigiraf\n|-damage|p2b: Farigiraf|47/100\n|\n|-heal|p1a: Goodra|36/100|[from] item: Leftovers\n|-fieldend|move: Trick Room\n|upkeep\n|\n|t:|1776461054\n|switch|p1b: Basculegion|Basculegion, L50, M|98/100\n|switch|p2a: Feraligatr|Feraligatr, L50, F|100/100\n|turn|6\n|inactive|Jasonjarmoosh has 30 seconds left.\n|inactive|Jasonjarmoosh has 20 seconds left.\n|inactive|Jasonjarmoosh has 15 seconds left.\n|\n|t:|1776461097\n|detailschange|p2a: Feraligatr|Feraligatr-Mega, L50, F\n|-mega|p2a: Feraligatr|Feraligatr|Feraligite\n|move|p1b: Basculegion|Wave Crash|p2b: Farigiraf\n|-damage|p2b: Farigiraf|0 fnt\n|faint|p2b: Farigiraf\n|-damage|p1b: Basculegion|82/100|[from] Recoil\n|move|p2a: Feraligatr|Double-Edge|p1a: Goodra\n|-damage|p1a: Goodra|4/100\n|-damage|p2a: Feraligatr|90/100|[from] Recoil\n|move|p1a: Goodra|Life Dew|p1a: Goodra|[spread] p1a,p1b\n|-heal|p1a: Goodra|29/100\n|-heal|p1b: Basculegion|100/100\n|\n|-heal|p1a: Goodra|35/100|[from] item: Leftovers\n|upkeep\n|\n|t:|1776461108\n|switch|p2b: Kingambit|Kingambit, L50, F|100/100\n|turn|7\n|inactive|Jasonjarmoosh has 30 seconds left.\n|inactive|Jasonjarmoosh has 20 seconds left.\n|inactive|Jasonjarmoosh has 15 seconds left.\n|inactive|Jasonjarmoosh has 10 seconds left.\n|inactive|Jasonjarmoosh has 5 seconds left.\n|\n|t:|1776461161\n|move|p1b: Basculegion|Aqua Jet|p2b: Kingambit\n|-damage|p2b: Kingambit|84/100\n|move|p2b: Kingambit|Sucker Punch|p1a: Goodra\n|-damage|p1a: Goodra|19/100\n|move|p2a: Feraligatr|Double-Edge|p1a: Goodra\n|-damage|p1a: Goodra|0 fnt\n|faint|p1a: Goodra\n|-damage|p2a: Feraligatr|84/100|[from] Recoil\n|\n|upkeep\n|\n|t:|1776461166\n|switch|p1a: Pelipper|Pelipper, L50, M|100/100\n|-weather|RainDance|[from] ability: Drizzle|[of] p1a: Pelipper\n|turn|8\n|inactive|Jasonjarmoosh has 30 seconds left.\n|\n|t:|1776461192\n|move|p1b: Basculegion|Protect|p1b: Basculegion\n|-singleturn|p1b: Basculegion|Protect\n|move|p2b: Kingambit|Sucker Punch||[still]\n|-fail|p2b: Kingambit\n|move|p1a: Pelipper|Hurricane|p2b: Kingambit\n|-resisted|p2b: Kingambit|1\n|-crit|p2b: Kingambit\n|-damage|p2b: Kingambit|47/100\n|move|p2a: Feraligatr|Double-Edge|p1b: Basculegion\n|-activate|p1b: Basculegion|move: Protect\n|\n|-weather|RainDance|[upkeep]\n|upkeep\n|turn|9\n|\n|t:|1776461216\n|move|p1b: Basculegion|Aqua Jet|p2b: Kingambit\n|-damage|p2b: Kingambit|26/100\n|move|p2b: Kingambit|Sucker Punch|p1a: Pelipper\n|-damage|p1a: Pelipper|50/100\n|move|p1a: Pelipper|Hurricane|p2a: Feraligatr\n|-damage|p2a: Feraligatr|40/100\n|move|p2a: Feraligatr|Double-Edge|p1a: Pelipper\n|-damage|p1a: Pelipper|0 fnt\n|faint|p1a: Pelipper\n|-damage|p2a: Feraligatr|28/100|[from] Recoil\n|\n|-weather|RainDance|[upkeep]\n|upkeep\n|turn|10\n|inactive|Jasonjarmoosh has 30 seconds left.\n|inactive|Jasonjarmoosh has 20 seconds left.\n|\n|t:|1776461252\n|move|p1b: Basculegion|Aqua Jet|p2b: Kingambit\n|-damage|p2b: Kingambit|2/100\n|move|p2a: Feraligatr|Double-Edge|p1b: Basculegion\n|-damage|p1b: Basculegion|0 fnt\n|faint|p1b: Basculegion\n|-damage|p2a: Feraligatr|0 fnt|[from] Recoil\n|faint|p2a: Feraligatr\n|\n|win|areestoo\n|raw|Jasonjarmoosh's rating: 1229 &rarr; <strong>1204</strong><br />(-25 for losing)\n|raw|areestoo's rating: 1226 &rarr; <strong>1251</strong><br />(+25 for winning)\n",
  "uploadtime": 1776461252,
  "views": 28,
  "formatid": "gen9championsvgc2026regma",
  "rating": 1204,
  "private": 0,
  "password": null
}