{
  "id": "gen9championsvgc2026regma-2583032427",
  "format": "[Gen 9 Champions] VGC 2026 Reg M-A",
  "players": [
    "Celestial Presence",
    "Nachofrize"
  ],
  "log": "|j|\u2606Celestial Presence\n|j|\u2606Nachofrize\n|t:|1776135075\n|gametype|doubles\n|player|p1|Celestial Presence|caitlin|1145\n|player|p2|Nachofrize|cynthia|1138\n|gen|9\n|tier|[Gen 9 Champions] VGC 2026 Reg M-A\n|rated|\n|rule|Species Clause: Limit one of each Pok\u00e9mon\n|rule|Item Clause: Limit 1 of each item\n|clearpoke\n|poke|p1|Whimsicott, L50, M|\n|poke|p1|Basculegion, L50, M|\n|poke|p1|Sylveon, L50, F|\n|poke|p1|Meowscarada, L50, M|\n|poke|p1|Gallade, L50, M|\n|poke|p1|Incineroar, L50, M|\n|poke|p2|Sableye, L50, F|\n|poke|p2|Aggron, L50, M|\n|poke|p2|Toxapex, L50, M|\n|poke|p2|Clefable, L50, F|\n|poke|p2|Conkeldurr, L50, M|\n|poke|p2|Rotom-Mow, L50|\n|teampreview|4\n|\n|t:|1776135103\n|teamsize|p1|4\n|teamsize|p2|4\n|start\n|switch|p1a: Whimsicott|Whimsicott, L50, M, shiny|100/100\n|switch|p1b: Sylveon|Sylveon, L50, F, shiny|100/100\n|switch|p2a: Toxapex|Toxapex, L50, M|100/100\n|switch|p2b: Conkeldurr|Conkeldurr, L50, M|100/100\n|turn|1\n|\n|t:|1776135137\n|move|p1a: Whimsicott|Tailwind|p1a: Whimsicott\n|-sidestart|p1: Celestial Presence|move: Tailwind\n|move|p1b: Sylveon|Hyper Voice|p2b: Conkeldurr|[spread] p2a,p2b\n|-resisted|p2a: Toxapex|1\n|-crit|p2a: Toxapex\n|-supereffective|p2b: Conkeldurr|1\n|-damage|p2a: Toxapex|78/100\n|-damage|p2b: Conkeldurr|0 fnt\n|faint|p2b: Conkeldurr\n|move|p2a: Toxapex|Toxic|p1b: Sylveon\n|-status|p1b: Sylveon|tox\n|\n|-heal|p2a: Toxapex|83/100|[from] item: Leftovers\n|-damage|p1b: Sylveon|95/100 tox|[from] psn\n|upkeep\n|inactive|Battle timer is ON: inactive players will automatically lose when time's up. (requested by Nachofrize)\n|\n|t:|1776135148\n|switch|p2b: Aggron|Aggron, L50, M, shiny|100/100\n|turn|2\n|inactive|Celestial Presence has 30 seconds left.\n|\n|t:|1776135177\n|switch|p1a: Basculegion|Basculegion, L50, M, shiny|100/100\n|detailschange|p2b: Aggron|Aggron-Mega, L50, M, shiny\n|-mega|p2b: Aggron|Aggron|Aggronite\n|move|p2a: Toxapex|Wide Guard|p2a: Toxapex\n|-singleturn|p2a: Toxapex|Wide Guard\n|move|p1b: Sylveon|Hyper Voice|p2a: Toxapex|[spread] \n|-activate|p2a: Toxapex|move: Wide Guard\n|-activate|p2b: Aggron|move: Wide Guard\n|move|p2b: Aggron|Iron Defense|p2b: Aggron\n|-boost|p2b: Aggron|def|2\n|\n|-heal|p2a: Toxapex|89/100|[from] item: Leftovers\n|-damage|p1b: Sylveon|83/100 tox|[from] psn\n|upkeep\n|turn|3\n|\n|t:|1776135196\n|move|p1a: Basculegion|Wave Crash|p2b: Aggron\n|-damage|p2b: Aggron|78/100\n|-damage|p1a: Basculegion|94/100|[from] Recoil\n|move|p1b: Sylveon|Psychic|p2a: Toxapex\n|-supereffective|p2a: Toxapex|1\n|-damage|p2a: Toxapex|48/100\n|move|p2b: Aggron|Heavy Slam|p1b: Sylveon\n|-supereffective|p1b: Sylveon|1\n|-damage|p1b: Sylveon|0 fnt\n|faint|p1b: Sylveon\n|move|p2a: Toxapex|Toxic|p1a: Basculegion\n|-status|p1a: Basculegion|tox\n|\n|-heal|p2a: Toxapex|54/100|[from] item: Leftovers\n|-damage|p1a: Basculegion|88/100 tox|[from] psn\n|upkeep\n|\n|t:|1776135210\n|switch|p1b: Incineroar|Incineroar, L50, M|100/100\n|-ability|p1b: Incineroar|Intimidate|boost\n|-unboost|p2a: Toxapex|atk|1\n|-unboost|p2b: Aggron|atk|1\n|turn|4\n|inactive|Nachofrize has 30 seconds left.\n|\n|t:|1776135240\n|move|p2b: Aggron|Protect|p2b: Aggron\n|-singleturn|p2b: Aggron|Protect\n|move|p2a: Toxapex|Baneful Bunker|p2a: Toxapex\n|-singleturn|p2a: Toxapex|move: Protect\n|move|p1b: Incineroar|Fake Out|p2a: Toxapex\n|-activate|p2a: Toxapex|move: Protect\n|-status|p1b: Incineroar|psn\n|move|p1a: Basculegion|Wave Crash|p2b: Aggron\n|-activate|p2b: Aggron|move: Protect\n|\n|-heal|p2a: Toxapex|60/100|[from] item: Leftovers\n|-damage|p1a: Basculegion|75/100 tox|[from] psn\n|-damage|p1b: Incineroar|88/100 psn|[from] psn\n|-sideend|p1: Celestial Presence|move: Tailwind\n|upkeep\n|turn|5\n|\n|t:|1776135260\n|switch|p2a: Clefable|Clefable, L50, F|100/100\n|move|p1a: Basculegion|Wave Crash|p2b: Aggron\n|-damage|p2b: Aggron|53/100\n|-damage|p1a: Basculegion|68/100 tox|[from] Recoil\n|move|p1b: Incineroar|Darkest Lariat|p2a: Clefable\n|-resisted|p2a: Clefable|1\n|-damage|p2a: Clefable|84/100\n|move|p2b: Aggron|Body Press|p1b: Incineroar\n|-supereffective|p1b: Incineroar|1\n|-damage|p1b: Incineroar|0 fnt\n|faint|p1b: Incineroar\n|\n|-damage|p1a: Basculegion|49/100 tox|[from] psn\n|upkeep\n|\n|t:|1776135273\n|switch|p1b: Whimsicott|Whimsicott, L50, M, shiny|100/100\n|turn|6\n|\n|t:|1776135290\n|move|p1b: Whimsicott|Tailwind|p1b: Whimsicott\n|-sidestart|p1: Celestial Presence|move: Tailwind\n|move|p1a: Basculegion|Last Respects|p2a: Clefable\n|-damage|p2a: Clefable|0 fnt\n|faint|p2a: Clefable\n|move|p2b: Aggron|Heavy Slam|p1b: Whimsicott\n|-supereffective|p1b: Whimsicott|1\n|-enditem|p1b: Whimsicott|Focus Sash\n|-damage|p1b: Whimsicott|1/100\n|\n|-damage|p1a: Basculegion|25/100 tox|[from] psn\n|upkeep\n|\n|t:|1776135300\n|switch|p2a: Toxapex|Toxapex, L50, M|93/100\n|turn|7\n|\n|t:|1776135313\n|move|p2b: Aggron|Protect|p2b: Aggron\n|-singleturn|p2b: Aggron|Protect\n|move|p1b: Whimsicott|Endeavor|p2b: Aggron\n|-activate|p2b: Aggron|move: Protect\n|move|p1a: Basculegion|Flip Turn|p2b: Aggron\n|-activate|p2b: Aggron|move: Protect\n|move|p2a: Toxapex|Liquidation|p1b: Whimsicott\n|-resisted|p1b: Whimsicott|1\n|-damage|p1b: Whimsicott|0 fnt\n|faint|p1b: Whimsicott\n|\n|-heal|p2a: Toxapex|99/100|[from] item: Leftovers\n|-damage|p1a: Basculegion|0 fnt|[from] psn\n|faint|p1a: Basculegion\n|\n|win|Nachofrize\n|raw|Celestial Presence's rating: 1145 &rarr; <strong>1119</strong><br />(-26 for losing)\n|raw|Nachofrize's rating: 1138 &rarr; <strong>1164</strong><br />(+26 for winning)\n",
  "uploadtime": 1776135331,
  "views": 13,
  "formatid": "gen9championsvgc2026regma",
  "rating": 1119,
  "private": 0,
  "password": null
}