{
  "id": "gen9championsvgc2026regma-2580738734",
  "format": "[Gen 9 Champions] VGC 2026 Reg M-A",
  "players": [
    "GogetaWhite",
    "ravioliez"
  ],
  "log": "|j|\u2606GogetaWhite\n|j|\u2606ravioliez\n|t:|1775928479\n|gametype|doubles\n|player|p1|GogetaWhite|1|1098\n|player|p2|ravioliez|pokemonranger-gen6|1034\n|gen|9\n|tier|[Gen 9 Champions] VGC 2026 Reg M-A\n|rated|\n|rule|Species Clause: Limit one of each Pok\u00e9mon\n|rule|Item Clause: Limit 1 of each item\n|clearpoke\n|poke|p1|Incineroar, L50, M|\n|poke|p1|Charizard, L50, M|\n|poke|p1|Excadrill, L50, M|\n|poke|p1|Archaludon, L50, M|\n|poke|p1|Sneasler, L50, F|\n|poke|p1|Politoed, L50, M|\n|poke|p2|Beedrill, L50, F|\n|poke|p2|Pelipper, L50, M|\n|poke|p2|Primarina, L50, F|\n|poke|p2|Sinistcha, L50|\n|poke|p2|Archaludon, L50, M|\n|poke|p2|Incineroar, L50, M|\n|teampreview|4\n|inactive|Battle timer is ON: inactive players will automatically lose when time's up. (requested by GogetaWhite)\n|\n|t:|1775928502\n|teamsize|p1|4\n|teamsize|p2|4\n|start\n|switch|p1a: Incineroar|Incineroar, L50, M|100/100\n|switch|p1b: Excadrill|Excadrill, L50, M|100/100\n|switch|p2a: Suprema|Beedrill, L50, F|100/100\n|switch|p2b: Opera|Primarina, L50, F|100/100\n|-ability|p1b: Excadrill|Mold Breaker\n|-ability|p1a: Incineroar|Intimidate|boost\n|-unboost|p2a: Suprema|atk|1\n|-unboost|p2b: Opera|atk|1\n|turn|1\n|\n|t:|1775928523\n|switch|p2a: MandaChuva|Pelipper, L50, M|100/100\n|-weather|RainDance|[from] ability: Drizzle|[of] p2a: MandaChuva\n|move|p1a: Incineroar|Fake Out|p2b: Opera\n|-damage|p2b: Opera|85/100\n|move|p1b: Excadrill|Stealth Rock|p2a: MandaChuva\n|-sidestart|p2: ravioliez|move: Stealth Rock\n|cant|p2b: Opera|flinch\n|\n|-weather|RainDance|[upkeep]\n|upkeep\n|turn|2\n|\n|t:|1775928543\n|move|p1a: Incineroar|Protect|p1a: Incineroar\n|-singleturn|p1a: Incineroar|Protect\n|move|p2a: MandaChuva|Tailwind|p2a: MandaChuva\n|-sidestart|p2: ravioliez|move: Tailwind\n|move|p2b: Opera|Hyper Voice|p1b: Excadrill|[spread] p1b\n|-activate|p1a: Incineroar|move: Protect\n|-supereffective|p1b: Excadrill|1\n|-damage|p1b: Excadrill|0 fnt\n|faint|p1b: Excadrill\n|\n|-weather|RainDance|[upkeep]\n|upkeep\n|\n|t:|1775928560\n|switch|p1b: Charizard|Charizard, L50, M, shiny|100/100\n|turn|3\n|inactive|GogetaWhite has 30 seconds left.\n|\n|t:|1775928591\n|switch|p2a: Zord|Archaludon, L50, M|100/100\n|-damage|p2a: Zord|95/100|[from] Stealth Rock\n|detailschange|p1b: Charizard|Charizard-Mega-Y, L50, M, shiny\n|-mega|p1b: Charizard|Charizard|Charizardite Y\n|-weather|SunnyDay|[from] ability: Drought|[of] p1b: Charizard\n|move|p2b: Opera|Protect|p2b: Opera\n|-singleturn|p2b: Opera|Protect\n|move|p1b: Charizard|Solar Beam||[still]\n|-prepare|p1b: Charizard|Solar Beam\n|-anim|p1b: Charizard|Solar Beam|p2b: Opera\n|-activate|p2b: Opera|move: Protect\n|move|p1a: Incineroar|Parting Shot|p2b: Opera\n|-activate|p2b: Opera|move: Protect\n|\n|-weather|SunnyDay|[upkeep]\n|upkeep\n|turn|4\n|inactive|GogetaWhite has 30 seconds left.\n|inactive|ravioliez has 30 seconds left.\n|inactive|GogetaWhite has 20 seconds left.\n|inactive|ravioliez has 20 seconds left.\n|\n|t:|1775928628\n|switch|p2a: MandaChuva|Pelipper, L50, M|100/100\n|-damage|p2a: MandaChuva|76/100|[from] Stealth Rock\n|-weather|RainDance|[from] ability: Drizzle|[of] p2a: MandaChuva\n|move|p2b: Opera|Hyper Voice|p1b: Charizard|[spread] p1a,p1b\n|-supereffective|p1a: Incineroar|1\n|-supereffective|p1b: Charizard|1\n|-damage|p1a: Incineroar|0 fnt\n|-damage|p1b: Charizard|0 fnt\n|faint|p1a: Incineroar\n|faint|p1b: Charizard\n|\n|-weather|RainDance|[upkeep]\n|upkeep\n|\n|t:|1775928637\n|switch|p1b: Sneasler|Sneasler, L50, F|100/100\n|turn|5\n|\n|t:|1775928648\n|switch|p2b: Zord|Archaludon, L50, M|95/100\n|-damage|p2b: Zord|89/100|[from] Stealth Rock\n|move|p2a: MandaChuva|Hurricane|p1b: Sneasler\n|-supereffective|p1b: Sneasler|1\n|-damage|p1b: Sneasler|0 fnt\n|faint|p1b: Sneasler\n|\n|win|ravioliez\n|raw|GogetaWhite's rating: 1098 &rarr; <strong>1069</strong><br />(-29 for losing)\n|raw|ravioliez's rating: 1034 &rarr; <strong>1075</strong><br />(+41 for winning)\n|l|\u2606GogetaWhite\n|player|p1|\n",
  "uploadtime": 1775928658,
  "views": 21,
  "formatid": "gen9championsvgc2026regma",
  "rating": 1069,
  "private": 0,
  "password": null
}