{
  "id": "gen9championsvgc2026regma-2586689511",
  "format": "[Gen 9 Champions] VGC 2026 Reg M-A",
  "players": [
    "bigchunger",
    "catpotatt"
  ],
  "log": "|j|\u2606bigchunger\n|j|\u2606catpotatt\n|t:|1776452383\n|gametype|doubles\n|player|p1|bigchunger|101|1322\n|player|p2|catpotatt|roxie|1369\n|gen|9\n|tier|[Gen 9 Champions] VGC 2026 Reg M-A\n|rated|\n|rule|Species Clause: Limit one of each Pok\u00e9mon\n|rule|Item Clause: Limit 1 of each item\n|clearpoke\n|poke|p1|Floette-Eternal, L50, F|\n|poke|p1|Garchomp, L50, M|\n|poke|p1|Delphox, L50, F|\n|poke|p1|Aerodactyl, L50, M|\n|poke|p1|Sneasler, L50, F|\n|poke|p1|Kingambit, L50, F|\n|poke|p2|Basculegion, L50, M|\n|poke|p2|Floette-Eternal, L50, F|\n|poke|p2|Talonflame, L50, F|\n|poke|p2|Garchomp, L50, M|\n|poke|p2|Gardevoir, L50, M|\n|poke|p2|Rotom-Heat, L50|\n|teampreview|4\n|inactive|Battle timer is ON: inactive players will automatically lose when time's up. (requested by bigchunger)\n|inactive|bigchunger has 60 seconds left.\n|inactive|bigchunger has 30 seconds left.\n|inactive|bigchunger has 20 seconds left.\n|\n|t:|1776452480\n|teamsize|p1|4\n|teamsize|p2|4\n|start\n|switch|p1a: Aerodactyl|Aerodactyl, L50, M|100/100\n|switch|p1b: Floette|Floette-Eternal, L50, F|100/100\n|switch|p2a: Garchomp|Garchomp, L50, M|100/100\n|switch|p2b: Gardevoir|Gardevoir, L50, M|100/100\n|-ability|p1a: Aerodactyl|Unnerve\n|turn|1\n|inactive|bigchunger has 30 seconds left.\n|\n|t:|1776452507\n|detailschange|p1b: Floette|Floette-Mega, L50, F\n|-mega|p1b: Floette|Floette|Floettite\n|-ability|p1b: Floette|Fairy Aura\n|move|p2a: Garchomp|Protect|p2a: Garchomp\n|-singleturn|p2a: Garchomp|Protect\n|move|p1a: Aerodactyl|Tailwind|p1a: Aerodactyl\n|-sidestart|p1: bigchunger|move: Tailwind\n|move|p1b: Floette|Dazzling Gleam|p2b: Gardevoir|[spread] p2b\n|-activate|p2a: Garchomp|move: Protect\n|-damage|p2b: Gardevoir|52/100\n|move|p2b: Gardevoir|Trick Room|p2b: Gardevoir\n|-fieldstart|move: Trick Room|[of] p2b: Gardevoir\n|\n|upkeep\n|turn|2\n|inactive|bigchunger has 30 seconds left.\n|inactive|catpotatt has 30 seconds left.\n|inactive|bigchunger has 20 seconds left.\n|inactive|catpotatt has 20 seconds left.\n|inactive|bigchunger has 15 seconds left.\n|inactive|catpotatt has 15 seconds left.\n|j| Biff6\n|inactive|bigchunger has 10 seconds left.\n|inactive|catpotatt has 10 seconds left.\n|\n|t:|1776452554\n|switch|p2a: Basculegion|Basculegion, L50, M|100/100\n|move|p1b: Floette|Protect|p1b: Floette\n|-singleturn|p1b: Floette|Protect\n|move|p2b: Gardevoir|Moonblast|p1b: Floette\n|-activate|p1b: Floette|move: Protect\n|move|p1a: Aerodactyl|Rock Slide|p2a: Basculegion|[spread] p2a,p2b\n|-damage|p2a: Basculegion|70/100\n|-damage|p2b: Gardevoir|7/100\n|\n|upkeep\n|turn|3\n|l| Biff6\n|\n|t:|1776452576\n|switch|p1b: Sneasler|Sneasler, L50, F|100/100\n|move|p1a: Aerodactyl|Protect|p1a: Aerodactyl\n|-singleturn|p1a: Aerodactyl|Protect\n|move|p2b: Gardevoir|Moonblast|p1b: Sneasler\n|-damage|p1b: Sneasler|35/100\n|move|p2a: Basculegion|Flip Turn|p1a: Aerodactyl\n|-activate|p1a: Aerodactyl|move: Protect\n|\n|upkeep\n|turn|4\n|inactive|catpotatt has 30 seconds left.\n|\n|t:|1776452606\n|switch|p2b: Garchomp|Garchomp, L50, M|100/100\n|switch|p1b: Kingambit|Kingambit, L50, F|100/100\n|move|p2a: Basculegion|Flip Turn|p1b: Kingambit\n|-damage|p1b: Kingambit|71/100\n|\n|t:|1776452614\n|switch|p2a: Gardevoir|Gardevoir, L50, M|7/100|[from] Flip Turn\n|move|p1a: Aerodactyl|Rock Slide|p2a: Gardevoir|[spread] p2a,p2b\n|-resisted|p2b: Garchomp|1\n|-damage|p2a: Gardevoir|0 fnt\n|-damage|p2b: Garchomp|89/100\n|faint|p2a: Gardevoir\n|\n|-sideend|p1: bigchunger|move: Tailwind\n|upkeep\n|\n|t:|1776452621\n|switch|p2a: Talonflame|Talonflame, L50, F|100/100\n|turn|5\n|inactive|bigchunger has 30 seconds left.\n|inactive|catpotatt has 30 seconds left.\n|\n|t:|1776452653\n|move|p2a: Talonflame|Protect|p2a: Talonflame\n|-singleturn|p2a: Talonflame|Protect\n|move|p1b: Kingambit|Kowtow Cleave|p2b: Garchomp\n|-damage|p2b: Garchomp|27/100\n|-damage|p1b: Kingambit|58/100|[from] ability: Rough Skin|[of] p2b: Garchomp\n|move|p2b: Garchomp|Earthquake|p1b: Kingambit|[spread] p1b\n|-activate|p2a: Talonflame|move: Protect\n|-immune|p1a: Aerodactyl\n|-supereffective|p1b: Kingambit|1\n|-damage|p1b: Kingambit|6/100\n|move|p1a: Aerodactyl|Rock Slide|p2a: Talonflame|[spread] p2b\n|-activate|p2a: Talonflame|move: Protect\n|-resisted|p2b: Garchomp|1\n|-damage|p2b: Garchomp|14/100\n|\n|-fieldend|move: Trick Room\n|upkeep\n|turn|6\n|inactive|bigchunger has 30 seconds left.\n|inactive|catpotatt has 30 seconds left.\n|\n|t:|1776452687\n|move|p2a: Talonflame|Dual Wingbeat|p1b: Kingambit\n|-resisted|p1b: Kingambit|1\n|-damage|p1b: Kingambit|0 fnt\n|faint|p1b: Kingambit\n|-hitcount|p1: Kingambit|1\n|move|p1a: Aerodactyl|Tailwind|p1a: Aerodactyl\n|-sidestart|p1: bigchunger|move: Tailwind\n|move|p2b: Garchomp|Dragon Claw|p1a: Aerodactyl\n|-damage|p1a: Aerodactyl|37/100\n|\n|upkeep\n|\n|t:|1776452697\n|switch|p1b: Sneasler|Sneasler, L50, F|35/100\n|turn|7\n|\n|t:|1776452703\n|move|p2a: Talonflame|Protect|p2a: Talonflame\n|-singleturn|p2a: Talonflame|Protect\n|move|p2b: Garchomp|Protect|p2b: Garchomp\n|-singleturn|p2b: Garchomp|Protect\n|move|p1b: Sneasler|Fake Out|p2a: Talonflame\n|-activate|p2a: Talonflame|move: Protect\n|move|p1a: Aerodactyl|Rock Slide|p2a: Talonflame|[spread] \n|-activate|p2a: Talonflame|move: Protect\n|-activate|p2b: Garchomp|move: Protect\n|\n|upkeep\n|turn|8\n|inactive|catpotatt has 30 seconds left.\n|inactive|catpotatt has 20 seconds left.\n|inactive|catpotatt has 15 seconds left.\n|\n|t:|1776452750\n|switch|p2b: Basculegion|Basculegion, L50, M|70/100\n|move|p2a: Talonflame|Tailwind|p2a: Talonflame\n|-sidestart|p2: catpotatt|move: Tailwind\n|move|p1a: Aerodactyl|Rock Slide|p2a: Talonflame|[spread] p2a\n|-miss|p1a: Aerodactyl|p2b: Basculegion\n|-supereffective|p2a: Talonflame|2\n|-damage|p2a: Talonflame|0 fnt\n|faint|p2a: Talonflame\n|move|p1b: Sneasler|Close Combat|p2b: Basculegion\n|-immune|p2b: Basculegion\n|\n|upkeep\n|\n|t:|1776452758\n|switch|p2a: Garchomp|Garchomp, L50, M|14/100\n|turn|9\n|inactive|bigchunger has 30 seconds left.\n|\n|t:|1776452786\n|move|p2a: Garchomp|Protect|p2a: Garchomp\n|-singleturn|p2a: Garchomp|Protect\n|move|p2b: Basculegion|Last Respects|p1a: Aerodactyl\n|-damage|p1a: Aerodactyl|0 fnt\n|faint|p1a: Aerodactyl\n|move|p1b: Sneasler|Close Combat|p2a: Garchomp\n|-activate|p2a: Garchomp|move: Protect\n|\n|-sideend|p1: bigchunger|move: Tailwind\n|upkeep\n|\n|t:|1776452791\n|switch|p1a: Floette|Floette-Mega, L50, F|100/100\n|-ability|p1a: Floette|Fairy Aura\n|turn|10\n|\n|t:|1776452802\n|move|p1a: Floette|Protect|p1a: Floette\n|-singleturn|p1a: Floette|Protect\n|move|p2b: Basculegion|Last Respects|p1a: Floette\n|-activate|p1a: Floette|move: Protect\n|move|p2a: Garchomp|Dragon Claw|p1b: Sneasler\n|-damage|p1b: Sneasler|0 fnt\n|faint|p1b: Sneasler\n|\n|upkeep\n|turn|11\n|\n|t:|1776452814\n|move|p1a: Floette|Protect||[still]\n|-fail|p1a: Floette\n|move|p2b: Basculegion|Last Respects|p1a: Floette\n|-damage|p1a: Floette|0 fnt\n|faint|p1a: Floette\n|\n|win|catpotatt\n|raw|bigchunger's rating: 1322 &rarr; <strong>1305</strong><br />(-17 for losing)\n|raw|catpotatt's rating: 1369 &rarr; <strong>1386</strong><br />(+17 for winning)\n|l|\u2606bigchunger\n|player|p1|\n|c|\u2606catpotatt|gg\n",
  "uploadtime": 1776452820,
  "views": 52,
  "formatid": "gen9championsvgc2026regma",
  "rating": 1305,
  "private": 0,
  "password": null
}