{
  "id": "gen9championsvgc2026regma-2588006044",
  "format": "[Gen 9 Champions] VGC 2026 Reg M-A",
  "players": [
    "oprbolx",
    "NexusPlaysVGC"
  ],
  "log": "|j|\u2606oprbolx\n|j|\u2606NexusPlaysVGC\n|t:|1776591882\n|gametype|doubles\n|player|p1|oprbolx|102|1122\n|player|p2|NexusPlaysVGC|265|1022\n|gen|9\n|tier|[Gen 9 Champions] VGC 2026 Reg M-A\n|rated|\n|rule|Species Clause: Limit one of each Pok\u00e9mon\n|rule|Item Clause: Limit 1 of each item\n|clearpoke\n|poke|p1|Garchomp, L50, M|\n|poke|p1|Tyranitar, L50, M|\n|poke|p1|Gengar, L50, M, shiny|\n|poke|p1|Aerodactyl, L50, M|\n|poke|p1|Rotom-Wash, L50|\n|poke|p1|Sneasler, L50, F|\n|poke|p2|Garchomp, L50, F|\n|poke|p2|Empoleon, L50, F|\n|poke|p2|Ninetales-Alola, L50, M|\n|poke|p2|Rotom-Wash, L50|\n|poke|p2|Sinistcha, L50|\n|poke|p2|Delphox, L50, F|\n|teampreview|4\n|inactive|Battle timer is ON: inactive players will automatically lose when time's up. (requested by oprbolx)\n|\n|t:|1776591944\n|teamsize|p1|4\n|teamsize|p2|4\n|start\n|switch|p1a: No.|Gengar, L50, M, shiny|100/100\n|switch|p1b: 'MYYYYY FOOD!!!!\"|Aerodactyl, L50, M|100/100\n|switch|p2a: Ninetales|Ninetales-Alola, L50, M|100/100\n|switch|p2b: Sinistcha|Sinistcha, L50|100/100\n|-ability|p1b: 'MYYYYY FOOD!!!!\"|Unnerve\n|-weather|Snowscape|[from] ability: Snow Warning|[of] p2a: Ninetales\n|turn|1\n|inactive|NexusPlaysVGC has 30 seconds left.\n|inactive|NexusPlaysVGC has 20 seconds left.\n|inactive|NexusPlaysVGC has 15 seconds left.\n|inactive|NexusPlaysVGC has 10 seconds left.\n|\n|t:|1776591994\n|detailschange|p1a: No.|Gengar-Mega, L50, M, shiny\n|-mega|p1a: No.|Gengar|Gengarite\n|move|p1b: 'MYYYYY FOOD!!!!\"|Rock Slide|p2a: Ninetales|[spread] p2a,p2b\n|-supereffective|p2a: Ninetales|1\n|-damage|p2a: Ninetales|50/100\n|-damage|p2b: Sinistcha|83/100\n|move|p1a: No.|Sludge Bomb|p2a: Ninetales\n|-supereffective|p2a: Ninetales|1\n|-damage|p2a: Ninetales|0 fnt\n|faint|p2a: Ninetales\n|move|p2b: Sinistcha|Trick Room|p2b: Sinistcha\n|-fieldstart|move: Trick Room|[of] p2b: Sinistcha\n|\n|-weather|Snowscape|[upkeep]\n|-heal|p2b: Sinistcha|89/100|[from] item: Leftovers\n|upkeep\n|\n|t:|1776592010\n|switch|p2a: Empoleon|Empoleon, L50, F|100/100\n|turn|2\n|\n|t:|1776592034\n|move|p1a: No.|Protect|p1a: No.\n|-singleturn|p1a: No.|Protect\n|move|p1b: 'MYYYYY FOOD!!!!\"|Protect|p1b: 'MYYYYY FOOD!!!!\"\n|-singleturn|p1b: 'MYYYYY FOOD!!!!\"|Protect\n|move|p2a: Empoleon|Hydro Pump|p1a: No.\n|-activate|p1a: No.|move: Protect\n|move|p2b: Sinistcha|Matcha Gotcha|p1b: 'MYYYYY FOOD!!!!\"|[spread] \n|-activate|p1a: No.|move: Protect\n|-activate|p1b: 'MYYYYY FOOD!!!!\"|move: Protect\n|\n|-weather|Snowscape|[upkeep]\n|-heal|p2b: Sinistcha|95/100|[from] item: Leftovers\n|upkeep\n|turn|3\n|inactive|NexusPlaysVGC has 30 seconds left.\n|\n|t:|1776592065\n|move|p2a: Empoleon|Flash Cannon|p1b: 'MYYYYY FOOD!!!!\"\n|-supereffective|p1b: 'MYYYYY FOOD!!!!\"|1\n|-damage|p1b: 'MYYYYY FOOD!!!!\"|19/100\n|move|p2b: Sinistcha|Matcha Gotcha|p1b: 'MYYYYY FOOD!!!!\"|[spread] p1a,p1b\n|-resisted|p1a: No.|1\n|-damage|p1a: No.|84/100\n|-heal|p2b: Sinistcha|100/100|[from] drain|[of] p1a: No.\n|-damage|p1b: 'MYYYYY FOOD!!!!\"|0 fnt\n|faint|p1b: 'MYYYYY FOOD!!!!\"\n|move|p1a: No.|Shadow Ball|p2b: Sinistcha\n|-supereffective|p2b: Sinistcha|1\n|-damage|p2b: Sinistcha|0 fnt\n|faint|p2b: Sinistcha\n|\n|-weather|Snowscape|[upkeep]\n|upkeep\n|\n|t:|1776592082\n|switch|p2b: Delphox|Delphox, L50, F|100/100\n|switch|p1b: Covid-19|Sneasler, L50, F|100/100\n|turn|4\n|inactive|NexusPlaysVGC has 30 seconds left.\n|inactive|NexusPlaysVGC has 20 seconds left.\n|\n|t:|1776592120\n|move|p2a: Empoleon|Protect|p2a: Empoleon\n|-singleturn|p2a: Empoleon|Protect\n|move|p2b: Delphox|Protect|p2b: Delphox\n|-singleturn|p2b: Delphox|Protect\n|move|p1b: Covid-19|Protect|p1b: Covid-19\n|-singleturn|p1b: Covid-19|Protect\n|move|p1a: No.|Protect||[still]\n|-fail|p1a: No.\n|\n|-weather|Snowscape|[upkeep]\n|upkeep\n|turn|5\n|inactive|oprbolx has 30 seconds left.\n|inactive|NexusPlaysVGC has 30 seconds left.\n|inactive|NexusPlaysVGC has 20 seconds left.\n|\n|t:|1776592159\n|detailschange|p2b: Delphox|Delphox-Mega, L50, F\n|-mega|p2b: Delphox|Delphox|Delphoxite\n|move|p2a: Empoleon|Hydro Pump|p1a: No.\n|-damage|p1a: No.|27/100\n|move|p1b: Covid-19|Close Combat|p2a: Empoleon\n|-supereffective|p2a: Empoleon|1\n|-enditem|p2a: Empoleon|Chople Berry|[eat]\n|-enditem|p2a: Empoleon|Chople Berry|[weaken]\n|-damage|p2a: Empoleon|50/100\n|-unboost|p1b: Covid-19|def|1\n|-unboost|p1b: Covid-19|spd|1\n|-enditem|p1b: Covid-19|White Herb\n|-clearnegativeboost|p1b: Covid-19|[silent]\n|move|p1a: No.|Shadow Ball|p2b: Delphox\n|-supereffective|p2b: Delphox|1\n|-damage|p2b: Delphox|0 fnt\n|faint|p2b: Delphox\n|\n|-weather|none\n|-fieldend|move: Trick Room\n|upkeep\n|turn|6\n|-message|NexusPlaysVGC forfeited.\n|\n|win|oprbolx\n|raw|oprbolx's rating: 1122 &rarr; <strong>1140</strong><br />(+18 for winning)\n|raw|NexusPlaysVGC's rating: 1022 &rarr; <strong>1012</strong><br />(-10 for losing)\n|l|\u2606NexusPlaysVGC\n|player|p2|\n",
  "uploadtime": 1776592196,
  "views": 10,
  "formatid": "gen9championsvgc2026regma",
  "rating": 1012,
  "private": 0,
  "password": null
}