{
  "id": "gen9championsvgc2026regma-2587475074",
  "format": "[Gen 9 Champions] VGC 2026 Reg M-A",
  "players": [
    "bobby0616",
    "HeHeHoHo123"
  ],
  "log": "|j|\u2606bobby0616\n|j|\u2606HeHeHoHo123\n|t:|1776534935\n|gametype|doubles\n|player|p1|bobby0616|102|1441\n|player|p2|HeHeHoHo123|101|1535\n|gen|9\n|tier|[Gen 9 Champions] VGC 2026 Reg M-A\n|rated|\n|rule|Species Clause: Limit one of each Pok\u00e9mon\n|rule|Item Clause: Limit 1 of each item\n|clearpoke\n|poke|p1|Garchomp, L50, F|\n|poke|p1|Charizard, L50, M|\n|poke|p1|Rotom-Wash, L50|\n|poke|p1|Venusaur, L50, F|\n|poke|p1|Incineroar, L50, F|\n|poke|p1|Aegislash, L50, F|\n|poke|p2|Incineroar, L50, F, shiny|\n|poke|p2|Whimsicott, L50, F, shiny|\n|poke|p2|Charizard, L50, F, shiny|\n|poke|p2|Garchomp, L50, M, shiny|\n|poke|p2|Tyranitar, L50, M, shiny|\n|poke|p2|Rotom-Wash, L50, shiny|\n|teampreview|4\n|inactive|Battle timer is ON: inactive players will automatically lose when time's up. (requested by HeHeHoHo123)\n|j| TomTom_JerryJerry\n|l| TomTom_JerryJerry\n|inactive|bobby0616 has 60 seconds left.\n|\n|t:|1776534974\n|teamsize|p1|4\n|teamsize|p2|4\n|start\n|switch|p1a: Incineroar|Incineroar, L50, F|100/100\n|switch|p1b: Venusaur|Venusaur, L50, F|100/100\n|switch|p2a: Tyranitar|Tyranitar, L50, M, shiny|100/100\n|switch|p2b: Garchomp|Garchomp, L50, M, shiny|100/100\n|-weather|Sandstorm|[from] ability: Sand Stream|[of] p2a: Tyranitar\n|-ability|p1a: Incineroar|Intimidate|boost\n|-unboost|p2a: Tyranitar|atk|1\n|-unboost|p2b: Garchomp|atk|1\n|turn|1\n|\n|t:|1776534995\n|detailschange|p1b: Venusaur|Venusaur-Mega, L50, F\n|-mega|p1b: Venusaur|Venusaur|Venusaurite\n|move|p2b: Garchomp|Protect|p2b: Garchomp\n|-singleturn|p2b: Garchomp|Protect\n|move|p2a: Tyranitar|Protect|p2a: Tyranitar\n|-singleturn|p2a: Tyranitar|Protect\n|move|p1a: Incineroar|Fake Out|p2b: Garchomp\n|-activate|p2b: Garchomp|move: Protect\n|move|p1b: Venusaur|Giga Drain|p2a: Tyranitar\n|-activate|p2a: Tyranitar|move: Protect\n|\n|-weather|Sandstorm|[upkeep]\n|-damage|p1b: Venusaur|95/100|[from] Sandstorm\n|-damage|p1a: Incineroar|95/100|[from] Sandstorm\n|upkeep\n|turn|2\n|\n|t:|1776535014\n|switch|p2a: Incineroar|Incineroar, L50, F, shiny|100/100\n|-ability|p2a: Incineroar|Intimidate|boost\n|-unboost|p1a: Incineroar|atk|1\n|-unboost|p1b: Venusaur|atk|1\n|move|p2b: Garchomp|Rock Slide|p1b: Venusaur|[spread] p1a,p1b\n|-supereffective|p1a: Incineroar|1\n|-damage|p1a: Incineroar|75/100\n|-damage|p1b: Venusaur|85/100\n|cant|p1b: Venusaur|flinch\n|move|p1a: Incineroar|Parting Shot|p2a: Incineroar\n|-unboost|p2a: Incineroar|atk|1\n|-unboost|p2a: Incineroar|spa|1\n|\n|t:|1776535028\n|switch|p1a: Garchomp|Garchomp, L50, F|100/100|[from] Parting Shot\n|\n|-weather|Sandstorm|[upkeep]\n|-damage|p1b: Venusaur|79/100|[from] Sandstorm\n|-damage|p2a: Incineroar|95/100|[from] Sandstorm\n|upkeep\n|turn|3\n|inactive|HeHeHoHo123 has 30 seconds left.\n|inactive|HeHeHoHo123 has 20 seconds left.\n|\n|t:|1776535064\n|switch|p1b: Rotom|Rotom-Wash, L50|100/100\n|move|p2b: Garchomp|Protect|p2b: Garchomp\n|-singleturn|p2b: Garchomp|Protect\n|move|p1a: Garchomp|Earthquake|p2b: Garchomp|[spread] p2a\n|-activate|p2b: Garchomp|move: Protect\n|-immune|p1b: Rotom|[from] ability: Levitate\n|-supereffective|p2a: Incineroar|1\n|-enditem|p2a: Incineroar|Shuca Berry|[eat]\n|-enditem|p2a: Incineroar|Shuca Berry|[weaken]\n|-damage|p2a: Incineroar|66/100\n|move|p2a: Incineroar|Parting Shot|p1a: Garchomp\n|-unboost|p1a: Garchomp|atk|1\n|-unboost|p1a: Garchomp|spa|1\n|\n|t:|1776535075\n|switch|p2a: Tyranitar|Tyranitar, L50, M, shiny|100/100|[from] Parting Shot\n|\n|-weather|Sandstorm|[upkeep]\n|-damage|p1b: Rotom|95/100|[from] Sandstorm\n|-heal|p1b: Rotom|100/100|[from] item: Leftovers\n|upkeep\n|turn|4\n|\n|t:|1776535094\n|switch|p2b: Rotom|Rotom-Wash, L50, shiny|100/100\n|detailschange|p2a: Tyranitar|Tyranitar-Mega, L50, M, shiny\n|-mega|p2a: Tyranitar|Tyranitar|Tyranitarite\n|move|p1a: Garchomp|Earthquake|p2a: Tyranitar|[spread] p2a\n|-immune|p1b: Rotom|[from] ability: Levitate\n|-immune|p2b: Rotom|[from] ability: Levitate\n|-supereffective|p2a: Tyranitar|1\n|-damage|p2a: Tyranitar|69/100\n|move|p1b: Rotom|Hydro Pump|p2a: Tyranitar|[miss]\n|-miss|p1b: Rotom|p2a: Tyranitar\n|move|p2a: Tyranitar|Ice Punch|p1a: Garchomp\n|-supereffective|p1a: Garchomp|2\n|-damage|p1a: Garchomp|0 fnt\n|-damage|p2a: Tyranitar|57/100|[from] ability: Rough Skin|[of] p1a: Garchomp\n|faint|p1a: Garchomp\n|\n|-weather|Sandstorm|[upkeep]\n|-damage|p2b: Rotom|95/100|[from] Sandstorm\n|-damage|p1b: Rotom|95/100|[from] Sandstorm\n|-heal|p1b: Rotom|100/100|[from] item: Leftovers\n|upkeep\n|\n|t:|1776535113\n|switch|p1a: Venusaur|Venusaur-Mega, L50, F|79/100\n|turn|5\n|\n|t:|1776535131\n|move|p2b: Rotom|Volt Switch|p1b: Rotom\n|-damage|p1b: Rotom|71/100\n|\n|t:|1776535137\n|switch|p2b: Garchomp|Garchomp, L50, M, shiny|100/100|[from] Volt Switch\n|move|p1b: Rotom|Hydro Pump|p2a: Tyranitar\n|-supereffective|p2a: Tyranitar|1\n|-damage|p2a: Tyranitar|13/100\n|move|p1a: Venusaur|Giga Drain|p2b: Garchomp\n|-damage|p2b: Garchomp|69/100\n|-heal|p1a: Venusaur|95/100|[from] drain|[of] p2b: Garchomp\n|move|p2a: Tyranitar|Rock Slide|p1b: Rotom|[spread] p1a,p1b\n|-damage|p1a: Venusaur|67/100\n|-damage|p1b: Rotom|29/100\n|\n|-weather|none\n|-heal|p1b: Rotom|35/100|[from] item: Leftovers\n|upkeep\n|turn|6\n|\n|t:|1776535158\n|switch|p2a: Incineroar|Incineroar, L50, F, shiny|66/100\n|-ability|p2a: Incineroar|Intimidate|boost\n|-unboost|p1a: Venusaur|atk|1\n|-unboost|p1b: Rotom|atk|1\n|move|p1b: Rotom|Protect|p1b: Rotom\n|-singleturn|p1b: Rotom|Protect\n|move|p2b: Garchomp|Dragon Claw|p1b: Rotom\n|-activate|p1b: Rotom|move: Protect\n|move|p1a: Venusaur|Giga Drain|p2b: Garchomp\n|-damage|p2b: Garchomp|33/100\n|-heal|p1a: Venusaur|84/100|[from] drain|[of] p2b: Garchomp\n|\n|-heal|p1b: Rotom|41/100|[from] item: Leftovers\n|upkeep\n|turn|7\n|\n|t:|1776535181\n|switch|p2b: Tyranitar|Tyranitar-Mega, L50, M, shiny|13/100\n|-weather|Sandstorm|[from] ability: Sand Stream|[of] p2b: Tyranitar\n|switch|p1b: Incineroar|Incineroar, L50, F|75/100\n|-ability|p1b: Incineroar|Intimidate|boost\n|-unboost|p2a: Incineroar|atk|1\n|-unboost|p2b: Tyranitar|atk|1\n|move|p2a: Incineroar|Fake Out|p1a: Venusaur\n|-damage|p1a: Venusaur|79/100\n|cant|p1a: Venusaur|flinch\n|\n|-weather|Sandstorm|[upkeep]\n|-damage|p1a: Venusaur|73/100|[from] Sandstorm\n|-damage|p2a: Incineroar|60/100|[from] Sandstorm\n|-damage|p1b: Incineroar|69/100|[from] Sandstorm\n|upkeep\n|turn|8\n|\n|t:|1776535199\n|move|p2b: Tyranitar|Protect|p2b: Tyranitar\n|-singleturn|p2b: Tyranitar|Protect\n|move|p1b: Incineroar|Fake Out|p2a: Incineroar\n|-damage|p2a: Incineroar|53/100\n|move|p1a: Venusaur|Leech Seed|p2a: Incineroar\n|-start|p2a: Incineroar|move: Leech Seed\n|cant|p2a: Incineroar|flinch\n|\n|-weather|Sandstorm|[upkeep]\n|-damage|p1a: Venusaur|67/100|[from] Sandstorm\n|-damage|p2a: Incineroar|47/100|[from] Sandstorm\n|-damage|p1b: Incineroar|63/100|[from] Sandstorm\n|-damage|p2a: Incineroar|35/100|[from] Leech Seed|[of] p1a: Venusaur\n|-heal|p1a: Venusaur|81/100|[silent]\n|upkeep\n|turn|9\n|\n|t:|1776535221\n|move|p1a: Venusaur|Giga Drain|p2b: Tyranitar\n|-supereffective|p2b: Tyranitar|1\n|-damage|p2b: Tyranitar|0 fnt\n|-heal|p1a: Venusaur|88/100|[from] drain|[of] p2b: Tyranitar\n|faint|p2b: Tyranitar\n|move|p2a: Incineroar|Parting Shot|p1a: Venusaur\n|-unboost|p1a: Venusaur|atk|1\n|-unboost|p1a: Venusaur|spa|1\n|\n|t:|1776535228\n|switch|p2a: Rotom|Rotom-Wash, L50, shiny|95/100|[from] Parting Shot\n|move|p1b: Incineroar|Parting Shot|p2a: Rotom\n|-unboost|p2a: Rotom|atk|1\n|-unboost|p2a: Rotom|spa|1\n|\n|t:|1776535233\n|switch|p1b: Rotom|Rotom-Wash, L50|41/100|[from] Parting Shot\n|\n|-weather|Sandstorm|[upkeep]\n|-damage|p2a: Rotom|89/100|[from] Sandstorm\n|-damage|p1b: Rotom|35/100|[from] Sandstorm\n|-damage|p1a: Venusaur|82/100|[from] Sandstorm\n|-heal|p1b: Rotom|41/100|[from] item: Leftovers\n|upkeep\n|\n|t:|1776535240\n|switch|p2b: Garchomp|Garchomp, L50, M, shiny|33/100\n|turn|10\n|\n|t:|1776535253\n|move|p2b: Garchomp|Earthquake|p1a: Venusaur|[spread] p1a\n|-immune|p2a: Rotom|[from] ability: Levitate\n|-immune|p1b: Rotom|[from] ability: Levitate\n|-damage|p1a: Venusaur|54/100\n|move|p2a: Rotom|Thunderbolt|p1b: Rotom\n|-damage|p1b: Rotom|18/100\n|move|p1b: Rotom|Hydro Pump|p2b: Garchomp\n|-damage|p2b: Garchomp|0 fnt\n|faint|p2b: Garchomp\n|move|p1a: Venusaur|Giga Drain|p2a: Rotom\n|-supereffective|p2a: Rotom|1\n|-damage|p2a: Rotom|43/100\n|-heal|p1a: Venusaur|73/100|[from] drain|[of] p2a: Rotom\n|-enditem|p2a: Rotom|Sitrus Berry|[eat]\n|-heal|p2a: Rotom|68/100|[from] item: Sitrus Berry\n|\n|-weather|Sandstorm|[upkeep]\n|-damage|p2a: Rotom|62/100|[from] Sandstorm\n|-damage|p1b: Rotom|12/100|[from] Sandstorm\n|-damage|p1a: Venusaur|67/100|[from] Sandstorm\n|-heal|p1b: Rotom|18/100|[from] item: Leftovers\n|upkeep\n|-message|HeHeHoHo123 forfeited.\n|\n|win|bobby0616\n|raw|bobby0616's rating: 1441 &rarr; <strong>1466</strong><br />(+25 for winning)\n|raw|HeHeHoHo123's rating: 1535 &rarr; <strong>1510</strong><br />(-25 for losing)\n|l|\u2606HeHeHoHo123\n|player|p2|\n|l|\u2606bobby0616\n|player|p1|\n",
  "uploadtime": 1776536779,
  "views": 28,
  "formatid": "gen9championsvgc2026regma",
  "rating": 1466,
  "private": 0,
  "password": null
}