{
  "id": "gen9championsvgc2026regma-2584059630",
  "format": "[Gen 9 Champions] VGC 2026 Reg M-A",
  "players": [
    "ShadesW/Glasses",
    "melatonin addict"
  ],
  "log": "|j|\u2606ShadesW/Glasses\n|j|\u2606melatonin addict\n|t:|1776221097\n|gametype|doubles\n|player|p1|ShadesW/Glasses|janine-gen2|1272\n|player|p2|melatonin addict|giovanni|1209\n|gen|9\n|tier|[Gen 9 Champions] VGC 2026 Reg M-A\n|rated|\n|rule|Species Clause: Limit one of each Pok\u00e9mon\n|rule|Item Clause: Limit 1 of each item\n|clearpoke\n|poke|p1|Drampa, L50, F|\n|poke|p1|Blastoise, L50, F|\n|poke|p1|Sinistcha-Masterpiece, L50|\n|poke|p1|Pelipper, L50, M|\n|poke|p1|Basculegion, L50, M|\n|poke|p1|Aegislash, L50, F|\n|poke|p2|Kangaskhan, L50, F|\n|poke|p2|Aerodactyl, L50, F|\n|poke|p2|Tauros-Paldea-Aqua, L50, M|\n|poke|p2|Archaludon, L50, M|\n|poke|p2|Typhlosion-Hisui, L50, F|\n|poke|p2|Mamoswine, L50, M|\n|teampreview|4\nShadesW/Glasses rejected open team sheets.\n|\n|t:|1776221150\n|teamsize|p1|4\n|teamsize|p2|4\n|start\n|switch|p1a: Basculegion|Basculegion, L50, M|100/100\n|switch|p1b: Pelipper|Pelipper, L50, M|100/100\n|switch|p2a: Archaludon|Archaludon, L50, M|100/100\n|switch|p2b: Kangaskhan|Kangaskhan, L50, F|100/100\n|-weather|RainDance|[from] ability: Drizzle|[of] p1b: Pelipper\n|turn|1\n|\n|t:|1776221169\n|move|p2b: Kangaskhan|Protect|p2b: Kangaskhan\n|-singleturn|p2b: Kangaskhan|Protect\n|move|p1b: Pelipper|Protect|p1b: Pelipper\n|-singleturn|p1b: Pelipper|Protect\n|move|p1a: Basculegion|Wave Crash|p2b: Kangaskhan\n|-activate|p2b: Kangaskhan|move: Protect\n|move|p2a: Archaludon|Thunderbolt|p1b: Pelipper\n|-activate|p1b: Pelipper|move: Protect\n|\n|-weather|RainDance|[upkeep]\n|upkeep\n|turn|2\n|\n|t:|1776221181\n|switch|p2b: Tauros|Tauros-Paldea-Aqua, L50, M|100/100\n|-ability|p2b: Tauros|Intimidate|boost\n|-unboost|p1a: Basculegion|atk|1\n|-unboost|p1b: Pelipper|atk|1\n|move|p1a: Basculegion|Wave Crash|p2b: Tauros\n|-resisted|p2b: Tauros|1\n|-damage|p2b: Tauros|56/100\n|-damage|p1a: Basculegion|89/100|[from] Recoil\n|move|p2a: Archaludon|Thunderbolt|p1a: Basculegion\n|-supereffective|p1a: Basculegion|1\n|-damage|p1a: Basculegion|8/100\n|move|p1b: Pelipper|Tailwind|p1b: Pelipper\n|-sidestart|p1: ShadesW/Glasses|move: Tailwind\n|\n|-weather|RainDance|[upkeep]\n|upkeep\n|turn|3\n|\n|t:|1776221198\n|move|p2b: Tauros|Aqua Jet|p1a: Basculegion\n|-resisted|p1a: Basculegion|1\n|-damage|p1a: Basculegion|0 fnt\n|faint|p1a: Basculegion\n|move|p1b: Pelipper|Weather Ball|p2a: Archaludon\n|-resisted|p2a: Archaludon|1\n|-damage|p2a: Archaludon|53/100\n|-ability|p2a: Archaludon|Stamina|boost\n|-boost|p2a: Archaludon|def|1\n|move|p2a: Archaludon|Thunderbolt|p1b: Pelipper\n|-supereffective|p1b: Pelipper|2\n|-enditem|p1b: Pelipper|Focus Sash\n|-damage|p1b: Pelipper|1/100\n|\n|-weather|RainDance|[upkeep]\n|upkeep\n|\n|t:|1776221201\n|switch|p1a: Blastoise|Blastoise, L50, F|100/100\n|turn|4\n|\n|t:|1776221221\n|detailschange|p1a: Blastoise|Blastoise-Mega, L50, F\n|-mega|p1a: Blastoise|Blastoise|Blastoisinite\n|move|p2b: Tauros|Aqua Jet|p1b: Pelipper\n|-resisted|p1b: Pelipper|1\n|-damage|p1b: Pelipper|0 fnt\n|faint|p1b: Pelipper\n|move|p1a: Blastoise|Water Spout|p2b: Tauros|[spread] p2a,p2b\n|-resisted|p2a: Archaludon|1\n|-crit|p2a: Archaludon\n|-resisted|p2b: Tauros|1\n|-damage|p2a: Archaludon|0 fnt\n|-damage|p2b: Tauros|0 fnt\n|faint|p2a: Archaludon\n|faint|p2b: Tauros\n|\n|-weather|RainDance|[upkeep]\n|upkeep\n|\n|t:|1776221233\n|switch|p2b: Kangaskhan|Kangaskhan, L50, F|100/100\n|switch|p2a: Mamoswine|Mamoswine, L50, M|100/100\n|switch|p1b: Sinistcha|Sinistcha-Masterpiece, L50|100/100\n|turn|5\n|\n|t:|1776221258\n|move|p2b: Kangaskhan|Protect|p2b: Kangaskhan\n|-singleturn|p2b: Kangaskhan|Protect\n|move|p2a: Mamoswine|Protect|p2a: Mamoswine\n|-singleturn|p2a: Mamoswine|Protect\n|move|p1a: Blastoise|Water Spout|p2b: Kangaskhan|[spread] \n|-activate|p2a: Mamoswine|move: Protect\n|-activate|p2b: Kangaskhan|move: Protect\n|move|p1b: Sinistcha|Trick Room|p1b: Sinistcha\n|-fieldstart|move: Trick Room|[of] p1b: Sinistcha\n|\n|-weather|none\n|-sideend|p1: ShadesW/Glasses|move: Tailwind\n|upkeep\n|turn|6\n|\n|t:|1776221277\n|detailschange|p2b: Kangaskhan|Kangaskhan-Mega, L50, F\n|-mega|p2b: Kangaskhan|Kangaskhan|Kangaskhanite\n|move|p2b: Kangaskhan|Sucker Punch|p1a: Blastoise\n|-damage|p1a: Blastoise|79/100\n|-damage|p1a: Blastoise|74/100\n|-hitcount|p1a: Blastoise|2\n|move|p1b: Sinistcha|Matcha Gotcha|p2a: Mamoswine|[spread] p2a,p2b\n|-supereffective|p2a: Mamoswine|1\n|-damage|p2a: Mamoswine|32/100\n|-damage|p2b: Kangaskhan|77/100\n|move|p1a: Blastoise|Water Spout|p2b: Kangaskhan|[spread] p2a,p2b\n|-supereffective|p2a: Mamoswine|1\n|-damage|p2a: Mamoswine|0 fnt\n|-damage|p2b: Kangaskhan|32/100\n|faint|p2a: Mamoswine\n|\n|upkeep\n|turn|7\n|\n|t:|1776221292\n|move|p1b: Sinistcha|Matcha Gotcha|p2b: Kangaskhan|[miss]\n|-miss|p1b: Sinistcha|p2b: Kangaskhan\n|move|p1a: Blastoise|Muddy Water|p2b: Kangaskhan\n|-damage|p2b: Kangaskhan|0 fnt\n|faint|p2b: Kangaskhan\n|\n|win|ShadesW/Glasses\n|raw|ShadesW&#x2f;Glasses's rating: 1272 &rarr; <strong>1293</strong><br />(+21 for winning)\n|raw|melatonin addict's rating: 1209 &rarr; <strong>1188</strong><br />(-21 for losing)\n|l|\u2606melatonin addict\n|player|p2|\n",
  "uploadtime": 1776221370,
  "views": 24,
  "formatid": "gen9championsvgc2026regma",
  "rating": 1188,
  "private": 0,
  "password": null
}