{
  "id": "gen9championsvgc2026regma-2588892930",
  "format": "[Gen 9 Champions] VGC 2026 Reg M-A",
  "players": [
    "kingantwan2021!!!!",
    "Eliagiotto"
  ],
  "log": "|j|\u2606kingantwan2021!!!!\n|j|\u2606Eliagiotto\n|t:|1776683183\n|gametype|doubles\n|player|p1|kingantwan2021!!!!|169|1124\n|player|p2|Eliagiotto|swimmerf|1156\n|gen|9\n|tier|[Gen 9 Champions] VGC 2026 Reg M-A\n|rated|\n|rule|Species Clause: Limit one of each Pok\u00e9mon\n|rule|Item Clause: Limit 1 of each item\n|clearpoke\n|poke|p1|Lucario, L50, M|\n|poke|p1|Garchomp, L50, F|\n|poke|p1|Aerodactyl, L50, M|\n|poke|p1|Basculegion, L50, M|\n|poke|p1|Sneasler, L50, F|\n|poke|p1|Maushold-Four, L50|\n|poke|p2|Froslass, L50, F|\n|poke|p2|Bellibolt, L50, M|\n|poke|p2|Ninetales-Alola, L50, F|\n|poke|p2|Kingambit, L50, F|\n|poke|p2|Arcanine-Hisui, L50, F|\n|poke|p2|Kommo-o, L50, M|\n|teampreview|4\n|\n|t:|1776683193\n|teamsize|p1|4\n|teamsize|p2|4\n|start\n|switch|p1a: Lucario|Lucario, L50, M|100/100\n|switch|p1b: Maushold|Maushold-Four, L50|100/100\n|switch|p2a: Froslass|Froslass, L50, F|100/100\n|switch|p2b: Bellibolt|Bellibolt, L50, M|100/100\n|turn|1\n|inactive|Battle timer is ON: inactive players will automatically lose when time's up. (requested by kingantwan2021!!!!)\n|\n|t:|1776683207\n|detailschange|p2a: Froslass|Froslass-Mega, L50, F\n|-mega|p2a: Froslass|Froslass|Froslassite\n|-weather|Snowscape|[from] ability: Snow Warning|[of] p2a: Froslass\n|move|p2a: Froslass|Aurora Veil|p2a: Froslass\n|-sidestart|p2: Eliagiotto|move: Aurora Veil\n|move|p1a: Lucario|Iron Defense|p1a: Lucario\n|-boost|p1a: Lucario|def|2\n|move|p1b: Maushold|Beat Up|p1a: Lucario\n|-resisted|p1a: Lucario|1\n|-damage|p1a: Lucario|99/100\n|-ability|p1a: Lucario|Justified|boost\n|-boost|p1a: Lucario|atk|1\n|-resisted|p1a: Lucario|1\n|-damage|p1a: Lucario|99/100\n|-ability|p1a: Lucario|Justified|boost\n|-boost|p1a: Lucario|atk|1\n|-resisted|p1a: Lucario|1\n|-damage|p1a: Lucario|98/100\n|-ability|p1a: Lucario|Justified|boost\n|-boost|p1a: Lucario|atk|1\n|-resisted|p1a: Lucario|1\n|-damage|p1a: Lucario|98/100\n|-ability|p1a: Lucario|Justified|boost\n|-boost|p1a: Lucario|atk|1\n|-hitcount|p1a: Lucario|4\n|move|p2b: Bellibolt|Muddy Water|p1b: Maushold|[spread] p1a,p1b\n|-damage|p1a: Lucario|73/100\n|-damage|p1b: Maushold|78/100\n|\n|-weather|Snowscape|[upkeep]\n|-heal|p1b: Maushold|84/100|[from] item: Leftovers\n|upkeep\n|turn|2\n|inactive|kingantwan2021!!!! has 30 seconds left.\n|inactive|Eliagiotto has 30 seconds left.\n|\n|t:|1776683238\n|detailschange|p1a: Lucario|Lucario-Mega, L50, M\n|-mega|p1a: Lucario|Lucario|Lucarionite\n|move|p1b: Maushold|Follow Me|p1b: Maushold\n|-singleturn|p1b: Maushold|move: Follow Me\n|move|p1a: Lucario|Bullet Punch|p2a: Froslass\n|-supereffective|p2a: Froslass|1\n|-damage|p2a: Froslass|0 fnt\n|faint|p2a: Froslass\n|move|p2b: Bellibolt|Thunderbolt|p1b: Maushold\n|-damage|p1b: Maushold|39/100\n|\n|-weather|Snowscape|[upkeep]\n|-heal|p1b: Maushold|45/100|[from] item: Leftovers\n|upkeep\n|\n|t:|1776683250\n|switch|p2a: Kommo-o|Kommo-o, L50, M|100/100\n|turn|3\n|\n|t:|1776683260\n|move|p1b: Maushold|Follow Me|p1b: Maushold\n|-singleturn|p1b: Maushold|move: Follow Me\n|move|p1a: Lucario|Close Combat|p2a: Kommo-o\n|-damage|p2a: Kommo-o|0 fnt\n|-unboost|p1a: Lucario|def|1\n|-unboost|p1a: Lucario|spd|1\n|faint|p2a: Kommo-o\n|move|p2b: Bellibolt|Thunderbolt|p1b: Maushold\n|-damage|p1b: Maushold|0 fnt\n|faint|p1b: Maushold\n|\n|-weather|Snowscape|[upkeep]\n|upkeep\n|\n|t:|1776683274\n|switch|p1b: Sneasler|Sneasler, L50, F|100/100\n|switch|p2a: Kingambit|Kingambit, L50, F|100/100\n|turn|4\n|\n|t:|1776683282\n|move|p2a: Kingambit|Protect|p2a: Kingambit\n|-singleturn|p2a: Kingambit|Protect\n|move|p1b: Sneasler|Fake Out|p2b: Bellibolt\n|-damage|p2b: Bellibolt|91/100\n|-start|p2b: Bellibolt|Charge|Fake Out|[from] ability: Electromorphosis\n|move|p1a: Lucario|Close Combat|p2a: Kingambit\n|-activate|p2a: Kingambit|move: Protect\n|cant|p2b: Bellibolt|flinch\n|-end|p2b: Bellibolt|Charge|[silent]\n|\n|-weather|Snowscape|[upkeep]\n|upkeep\n|turn|5\n|\n|t:|1776683298\n|move|p2a: Kingambit|Protect|p2a: Kingambit\n|-singleturn|p2a: Kingambit|Protect\n|move|p1a: Lucario|Close Combat|p2a: Kingambit\n|-activate|p2a: Kingambit|move: Protect\n|move|p1b: Sneasler|Dire Claw|p2b: Bellibolt\n|-damage|p2b: Bellibolt|66/100\n|-start|p2b: Bellibolt|Charge|Dire Claw|[from] ability: Electromorphosis\n|move|p2b: Bellibolt|Thunderbolt|p1a: Lucario\n|-damage|p1a: Lucario|0 fnt\n|faint|p1a: Lucario\n|-end|p2b: Bellibolt|Charge|[silent]\n|\n|-weather|none\n|-sideend|p2: Eliagiotto|move: Aurora Veil\n|upkeep\n|\n|t:|1776683314\n|switch|p1a: Basculegion|Basculegion, L50, M|100/100\n|turn|6\n|\n|t:|1776683322\n|move|p2a: Kingambit|Sucker Punch|p1a: Basculegion\n|-supereffective|p1a: Basculegion|1\n|-damage|p1a: Basculegion|0 fnt\n|faint|p1a: Basculegion\n|move|p1b: Sneasler|Close Combat|p2a: Kingambit\n|-supereffective|p2a: Kingambit|2\n|-enditem|p2a: Kingambit|Chople Berry|[eat]\n|-enditem|p2a: Kingambit|Chople Berry|[weaken]\n|-damage|p2a: Kingambit|3/100\n|-unboost|p1b: Sneasler|def|1\n|-unboost|p1b: Sneasler|spd|1\n|-enditem|p1b: Sneasler|White Herb\n|-clearnegativeboost|p1b: Sneasler|[silent]\n|move|p2b: Bellibolt|Thunderbolt|p1b: Sneasler\n|-damage|p1b: Sneasler|45/100\n|\n|upkeep\n|turn|7\n|\n|t:|1776683338\n|move|p2a: Kingambit|Sucker Punch|p1b: Sneasler\n|-resisted|p1b: Sneasler|1\n|-crit|p1b: Sneasler\n|-damage|p1b: Sneasler|0 fnt\n|faint|p1b: Sneasler\n|\n|win|Eliagiotto\n|raw|kingantwan2021!!!!'s rating: 1124 &rarr; <strong>1101</strong><br />(-23 for losing)\n|raw|Eliagiotto's rating: 1156 &rarr; <strong>1179</strong><br />(+23 for winning)\n|c|\u2606kingantwan2021!!!!|Lucky badtadd\n",
  "uploadtime": 1776683347,
  "views": 10,
  "formatid": "gen9championsvgc2026regma",
  "rating": 1101,
  "private": 0,
  "password": null
}