{
  "id": "gen9championsvgc2026regma-2581208828",
  "format": "[Gen 9 Champions] VGC 2026 Reg M-A",
  "players": [
    "gahgs",
    "rgeee"
  ],
  "log": "|j|\u203dgahgs\n|j|\u2606rgeee\n|t:|1775971010\n|gametype|doubles\n|player|p1|gahgs|169|1084\n|player|p2|rgeee|265|1145\n|gen|9\n|tier|[Gen 9 Champions] VGC 2026 Reg M-A\n|rated|\n|rule|Species Clause: Limit one of each Pok\u00e9mon\n|rule|Item Clause: Limit 1 of each item\n|clearpoke\n|poke|p1|Arcanine-Hisui, L50, F|\n|poke|p1|Floette-Eternal, L50, F|\n|poke|p1|Whimsicott, L50, M|\n|poke|p1|Sneasler, L50, M|\n|poke|p1|Sinistcha, L50|\n|poke|p1|Farigiraf, L50, M|\n|poke|p2|Floette-Eternal, L50, F|\n|poke|p2|Maushold, L50|\n|poke|p2|Garchomp, L50, F|\n|poke|p2|Talonflame, L50, M|\n|poke|p2|Rotom-Wash, L50|\n|poke|p2|Aegislash, L50, F|\n|teampreview|4\n|\n|t:|1775971045\n|teamsize|p1|4\n|teamsize|p2|4\n|start\n|switch|p1a: Floette|Floette-Eternal, L50, F|100/100\n|switch|p1b: Sneasler|Sneasler, L50, M|100/100\n|switch|p2a: Talonflame|Talonflame, L50, M|100/100\n|switch|p2b: Aegislash|Aegislash, L50, F|100/100\n|turn|1\n|\n|t:|1775971074\n|detailschange|p1a: Floette|Floette-Mega, L50, F\n|-mega|p1a: Floette|Floette|Floettite\n|-ability|p1a: Floette|Fairy Aura\n|move|p1a: Floette|Protect|p1a: Floette\n|-singleturn|p1a: Floette|Protect\n|move|p1b: Sneasler|Fake Out|p2a: Talonflame\n|-damage|p2a: Talonflame|76/100\n|cant|p2a: Talonflame|flinch\n|-formechange|p2b: Aegislash|Aegislash-Blade|\n|move|p2b: Aegislash|Iron Head|p1a: Floette\n|-activate|p1a: Floette|move: Protect\n|\n|upkeep\n|turn|2\n|\n|t:|1775971098\n|switch|p1a: Sinistcha|Sinistcha, L50|100/100\n|move|p2a: Talonflame|Acrobatics|p1b: Sneasler\n|-supereffective|p1b: Sneasler|1\n|-damage|p1b: Sneasler|0 fnt\n|faint|p1b: Sneasler\n|move|p2b: Aegislash|Iron Head|p1a: Sinistcha\n|-damage|p1a: Sinistcha|54/100\n|\n|upkeep\n|\n|t:|1775971109\n|switch|p1b: Arcanine|Arcanine-Hisui, L50, F|100/100\n|-ability|p1b: Arcanine|Intimidate|boost\n|-unboost|p2a: Talonflame|atk|1\n|-unboost|p2b: Aegislash|atk|1\n|turn|3\n|\n|t:|1775971123\n|switch|p2a: Rotom|Rotom-Wash, L50|100/100\n|-formechange|p2b: Aegislash|Aegislash|\n|move|p2b: Aegislash|King's Shield|p2b: Aegislash\n|-singleturn|p2b: Aegislash|Protect\n|move|p1b: Arcanine|Rock Slide|p2b: Aegislash|[spread] p2a\n|-activate|p2b: Aegislash|move: Protect\n|-damage|p2a: Rotom|70/100\n|move|p1a: Sinistcha|Matcha Gotcha|p2a: Rotom|[spread] p2a\n|-activate|p2b: Aegislash|move: Protect\n|-supereffective|p2a: Rotom|1\n|-damage|p2a: Rotom|19/100\n|-heal|p1a: Sinistcha|77/100|[from] drain|[of] p2a: Rotom\n|-enditem|p2a: Rotom|Sitrus Berry|[eat]\n|-heal|p2a: Rotom|44/100|[from] item: Sitrus Berry\n|\n|upkeep\n|turn|4\n|\n|t:|1775971145\n|switch|p2b: Talonflame|Talonflame, L50, M|76/100\n|move|p1b: Arcanine|Rock Slide|p2a: Rotom|[spread] p2a,p2b\n|-supereffective|p2b: Talonflame|2\n|-damage|p2a: Rotom|15/100\n|-damage|p2b: Talonflame|0 fnt\n|faint|p2b: Talonflame\n|move|p2a: Rotom|Hydro Pump|p1b: Arcanine\n|-supereffective|p1b: Arcanine|2\n|-damage|p1b: Arcanine|0 fnt\n|faint|p1b: Arcanine\n|move|p1a: Sinistcha|Matcha Gotcha|p2a: Rotom|[miss]\n|-miss|p1a: Sinistcha|p2a: Rotom\n|\n|upkeep\n|\n|t:|1775971160\n|switch|p2b: Aegislash|Aegislash, L50, F|100/100\n|switch|p1b: Floette|Floette-Mega, L50, F|100/100\n|-ability|p1b: Floette|Fairy Aura\n|turn|5\n|\n|t:|1775971174\n|move|p2b: Aegislash|King's Shield|p2b: Aegislash\n|-singleturn|p2b: Aegislash|Protect\n|move|p1a: Sinistcha|Rage Powder|p1a: Sinistcha\n|-singleturn|p1a: Sinistcha|move: Rage Powder\n|move|p1b: Floette|Dazzling Gleam|p2b: Aegislash|[spread] p2a\n|-activate|p2b: Aegislash|move: Protect\n|-damage|p2a: Rotom|0 fnt\n|faint|p2a: Rotom\n|\n|upkeep\n|\n|t:|1775971180\n|switch|p2a: Floette|Floette-Eternal, L50, F|100/100\n|turn|6\n|\n|t:|1775971199\n|detailschange|p2a: Floette|Floette-Mega, L50, F\n|-mega|p2a: Floette|Floette|Floettite\n|-ability|p2a: Floette|Fairy Aura\n|move|p1b: Floette|Calm Mind|p1b: Floette\n|-boost|p1b: Floette|spa|1\n|-boost|p1b: Floette|spd|1\n|move|p2a: Floette|Calm Mind|p2a: Floette\n|-boost|p2a: Floette|spa|1\n|-boost|p2a: Floette|spd|1\n|move|p1a: Sinistcha|Matcha Gotcha|p2a: Floette|[spread] p2a,p2b\n|-resisted|p2b: Aegislash|1\n|-damage|p2a: Floette|87/100\n|-heal|p1a: Sinistcha|84/100|[from] drain|[of] p2a: Floette\n|-damage|p2b: Aegislash|90/100\n|-heal|p1a: Sinistcha|89/100|[from] drain|[of] p2b: Aegislash\n|-formechange|p2b: Aegislash|Aegislash-Blade|\n|move|p2b: Aegislash|Poltergeist|p1a: Sinistcha\n|-activate|p1a: Sinistcha|move: Poltergeist|Sitrus Berry\n|-supereffective|p1a: Sinistcha|1\n|-damage|p1a: Sinistcha|0 fnt\n|faint|p1a: Sinistcha\n|\n|upkeep\n|turn|7\n|\n|t:|1775971223\n|move|p1b: Floette|Dazzling Gleam|p2a: Floette|[spread] p2a,p2b\n|-resisted|p2b: Aegislash|1\n|-damage|p2a: Floette|52/100\n|-damage|p2b: Aegislash|18/100\n|move|p2a: Floette|Calm Mind|p2a: Floette\n|-boost|p2a: Floette|spa|1\n|-boost|p2a: Floette|spd|1\n|move|p2b: Aegislash|Iron Head|p1b: Floette\n|-supereffective|p1b: Floette|1\n|-damage|p1b: Floette|0 fnt\n|faint|p1b: Floette\n|\n|win|rgeee\n|raw|gahgs's rating: 1084 &rarr; <strong>1065</strong><br />(-19 for losing)\n|raw|rgeee's rating: 1145 &rarr; <strong>1166</strong><br />(+21 for winning)\n|l|\u203dgahgs\n|player|p1|\n",
  "uploadtime": 1775971247,
  "views": 39,
  "formatid": "gen9championsvgc2026regma",
  "rating": 1065,
  "private": 0,
  "password": null
}