{
  "id": "gen9championsvgc2026regma-2586152679",
  "format": "[Gen 9 Champions] VGC 2026 Reg M-A",
  "players": [
    "Crash0utVGC",
    "sprushy"
  ],
  "log": "|j|\u2606Crash0utVGC\n|j|\u2606sprushy\n|t:|1776405682\n|gametype|doubles\n|player|p1|Crash0utVGC|colress|1149\n|player|p2|sprushy|170|1186\n|gen|9\n|tier|[Gen 9 Champions] VGC 2026 Reg M-A\n|rated|\n|rule|Species Clause: Limit one of each Pok\u00e9mon\n|rule|Item Clause: Limit 1 of each item\n|clearpoke\n|poke|p1|Aggron, L50, F|\n|poke|p1|Pelipper, L50, F|\n|poke|p1|Incineroar, L50, M|\n|poke|p1|Sinistcha, L50|\n|poke|p1|Basculegion, L50, M|\n|poke|p1|Dragonite, L50, M|\n|poke|p2|Venusaur, L50, F|\n|poke|p2|Toxapex, L50, F|\n|poke|p2|Incineroar, L50, F|\n|poke|p2|Sinistcha, L50|\n|poke|p2|Hawlucha, L50, M|\n|poke|p2|Snorlax, L50, M|\n|teampreview|4\n|\n|t:|1776405719\n|teamsize|p1|4\n|teamsize|p2|4\n|start\n|switch|p1a: Pelipper|Pelipper, L50, F|100/100\n|switch|p1b: Dragonite|Dragonite, L50, M, shiny|100/100\n|switch|p2a: Snorlax|Snorlax, L50, M|100/100\n|switch|p2b: Hawlucha|Hawlucha, L50, M|100/100\n|-weather|RainDance|[from] ability: Drizzle|[of] p1a: Pelipper\n|turn|1\n|\n|t:|1776405742\n|detailschange|p2b: Hawlucha|Hawlucha-Mega, L50, M\n|-mega|p2b: Hawlucha|Hawlucha|Hawluchanite\n|detailschange|p1b: Dragonite|Dragonite-Mega, L50, M, shiny\n|-mega|p1b: Dragonite|Dragonite|Dragoninite\n|move|p2b: Hawlucha|Brave Bird|p1a: Pelipper\n|-damage|p1a: Pelipper|14/100\n|-damage|p2b: Hawlucha|75/100|[from] Recoil\n|move|p1b: Dragonite|Hurricane|p2b: Hawlucha\n|-supereffective|p2b: Hawlucha|1\n|-damage|p2b: Hawlucha|0 fnt\n|faint|p2b: Hawlucha\n|move|p1a: Pelipper|Weather Ball|p2a: Snorlax\n|-damage|p2a: Snorlax|63/100\n|move|p2a: Snorlax|Rock Slide|p1b: Dragonite|[spread] p1a,p1b\n|-supereffective|p1a: Pelipper|1\n|-supereffective|p1b: Dragonite|1\n|-damage|p1a: Pelipper|0 fnt\n|-damage|p1b: Dragonite|87/100\n|faint|p1a: Pelipper\n|\n|-weather|RainDance|[upkeep]\n|upkeep\n|\n|t:|1776405761\n|switch|p2b: Sinistcha|Sinistcha, L50|100/100\n|switch|p1a: Basculegion|Basculegion, L50, M|100/100\n|-heal|p2a: Snorlax|88/100|[from] ability: Hospitality|[of] p2b: Sinistcha\n|turn|2\n|\n|t:|1776405778\n|move|p1a: Basculegion|Flip Turn|p2b: Sinistcha\n|-resisted|p2b: Sinistcha|1\n|-damage|p2b: Sinistcha|80/100\n|\n|t:|1776405781\n|switch|p1a: Incineroar|Incineroar, L50, M|100/100|[from] Flip Turn\n|-ability|p1a: Incineroar|Intimidate|boost\n|-unboost|p2a: Snorlax|atk|1\n|-unboost|p2b: Sinistcha|atk|1\n|move|p1b: Dragonite|Hurricane|p2b: Sinistcha\n|-supereffective|p2b: Sinistcha|1\n|-damage|p2b: Sinistcha|0 fnt\n|faint|p2b: Sinistcha\n|move|p2a: Snorlax|Rock Slide|p1a: Incineroar|[spread] p1a,p1b\n|-supereffective|p1a: Incineroar|1\n|-supereffective|p1b: Dragonite|1\n|-damage|p1a: Incineroar|85/100\n|-damage|p1b: Dragonite|68/100\n|\n|-weather|RainDance|[upkeep]\n|upkeep\n|\n|t:|1776405794\n|switch|p2b: Venusaur|Venusaur, L50, F|100/100\n|turn|3\n|\n|t:|1776405809\n|move|p2b: Venusaur|Protect|p2b: Venusaur\n|-singleturn|p2b: Venusaur|Protect\n|move|p1a: Incineroar|Fake Out|p2a: Snorlax\n|-damage|p2a: Snorlax|81/100\n|move|p1b: Dragonite|Hurricane|p2b: Venusaur\n|-activate|p2b: Venusaur|move: Protect\n|cant|p2a: Snorlax|flinch\n|\n|-weather|RainDance|[upkeep]\n|upkeep\n|turn|4\n|\n|t:|1776405827\n|move|p1b: Dragonite|Hurricane|p2b: Venusaur\n|-supereffective|p2b: Venusaur|1\n|-damage|p2b: Venusaur|0 fnt\n|faint|p2b: Venusaur\n|move|p1a: Incineroar|Parting Shot|p2a: Snorlax\n|-unboost|p2a: Snorlax|atk|1\n|-unboost|p2a: Snorlax|spa|1\n|\n|t:|1776405833\n|switch|p1a: Basculegion|Basculegion, L50, M|100/100|[from] Parting Shot\n|move|p2a: Snorlax|Fissure|p1b: Dragonite\n|-immune|p1b: Dragonite\n|\n|-weather|RainDance|[upkeep]\n|upkeep\n|turn|5\n|-message|sprushy forfeited.\n|\n|win|Crash0utVGC\n|raw|Crash0utVGC's rating: 1149 &rarr; <strong>1177</strong><br />(+28 for winning)\n|raw|sprushy's rating: 1186 &rarr; <strong>1158</strong><br />(-28 for losing)\n",
  "uploadtime": 1776405841,
  "views": 19,
  "formatid": "gen9championsvgc2026regma",
  "rating": 1158,
  "private": 0,
  "password": null
}