{
  "id": "gen9championsvgc2026regma-2588723911",
  "format": "[Gen 9 Champions] VGC 2026 Reg M-A",
  "players": [
    "NyraIzMe",
    "Raymonator"
  ],
  "log": "|j|\u2606NyraIzMe\n|j|\u2606Raymonator\n|t:|1776662257\n|gametype|doubles\n|player|p1|NyraIzMe|cynthia|1161\n|player|p2|Raymonator|flannery|1090\n|gen|9\n|tier|[Gen 9 Champions] VGC 2026 Reg M-A\n|rated|\n|rule|Species Clause: Limit one of each Pok\u00e9mon\n|rule|Item Clause: Limit 1 of each item\n|clearpoke\n|poke|p1|Delphox, L50, F, shiny|\n|poke|p1|Garchomp, L50, F|\n|poke|p1|Sneasler, L50, F|\n|poke|p1|Tsareena, L50, F, shiny|\n|poke|p1|Meowscarada, L50, F, shiny|\n|poke|p1|Primarina, L50, M|\n|poke|p2|Incineroar, L50, M|\n|poke|p2|Gengar, L50, F|\n|poke|p2|Sinistcha, L50|\n|poke|p2|Kingambit, L50, M, shiny|\n|poke|p2|Tyranitar, L50, M|\n|poke|p2|Kommo-o, L50, F|\n|teampreview|4\n|inactive|Battle timer is ON: inactive players will automatically lose when time's up. (requested by Raymonator)\n|\n|t:|1776662295\n|teamsize|p1|4\n|teamsize|p2|4\n|start\n|switch|p1a: Kitsa|Delphox, L50, F, shiny|100/100\n|switch|p1b: Stompy|Tsareena, L50, F, shiny|100/100\n|switch|p2a: Kommo-o|Kommo-o, L50, F|100/100\n|switch|p2b: Incineroar|Incineroar, L50, M|100/100\n|-ability|p2b: Incineroar|Intimidate|boost\n|-unboost|p1a: Kitsa|atk|1\n|-unboost|p1b: Stompy|atk|1\n|turn|1\n|\n|t:|1776662314\n|detailschange|p1a: Kitsa|Delphox-Mega, L50, F, shiny\n|-mega|p1a: Kitsa|Delphox|Delphoxite\n|move|p1a: Kitsa|Protect|p1a: Kitsa\n|-singleturn|p1a: Kitsa|Protect\n|move|p2a: Kommo-o|Clangorous Soul|p2a: Kommo-o\n|-boost|p2a: Kommo-o|atk|1\n|-boost|p2a: Kommo-o|def|1\n|-boost|p2a: Kommo-o|spa|1\n|-boost|p2a: Kommo-o|spd|1\n|-boost|p2a: Kommo-o|spe|1\n|-damage|p2a: Kommo-o|68/100\n|move|p1b: Stompy|Low Kick|p2b: Incineroar\n|-supereffective|p2b: Incineroar|1\n|-damage|p2b: Incineroar|68/100\n|move|p2b: Incineroar|Parting Shot|p1a: Kitsa\n|-activate|p1a: Kitsa|move: Protect\n|\n|-heal|p2a: Kommo-o|73/100|[from] item: Leftovers\n|upkeep\n|turn|2\n|inactive|NyraIzMe has 30 seconds left.\n|\n|t:|1776662346\n|switch|p2b: Tyranitar|Tyranitar, L50, M|100/100\n|-weather|Sandstorm|[from] ability: Sand Stream|[of] p2b: Tyranitar\n|move|p2a: Kommo-o|Clanging Scales|p1b: Stompy|[spread] p1a,p1b\n|-damage|p1a: Kitsa|40/100\n|-damage|p1b: Stompy|41/100\n|-unboost|p2a: Kommo-o|def|1\n|move|p1a: Kitsa|Encore|p2a: Kommo-o\n|-start|p2a: Kommo-o|Encore\n|move|p1b: Stompy|Low Kick|p2b: Tyranitar\n|-supereffective|p2b: Tyranitar|2\n|-crit|p2b: Tyranitar\n|-damage|p2b: Tyranitar|0 fnt\n|faint|p2b: Tyranitar\n|\n|-weather|Sandstorm|[upkeep]\n|-damage|p1a: Kitsa|35/100|[from] Sandstorm\n|-damage|p2a: Kommo-o|68/100|[from] Sandstorm\n|-damage|p1b: Stompy|35/100|[from] Sandstorm\n|-heal|p2a: Kommo-o|73/100|[from] item: Leftovers\n|upkeep\n|\n|t:|1776662357\n|switch|p2b: Sinistcha|Sinistcha, L50|100/100\n|-heal|p2a: Kommo-o|98/100|[from] ability: Hospitality|[of] p2b: Sinistcha\n|turn|3\n|\n|t:|1776662373\n|move|p1a: Kitsa|Protect|p1a: Kitsa\n|-singleturn|p1a: Kitsa|Protect\n|move|p2a: Kommo-o|Clanging Scales|p1b: Stompy|[spread] p1b\n|-activate|p1a: Kitsa|move: Protect\n|-damage|p1b: Stompy|0 fnt\n|faint|p1b: Stompy\n|-unboost|p2a: Kommo-o|def|1\n|move|p2b: Sinistcha|Matcha Gotcha|p1a: Kitsa\n|-activate|p1a: Kitsa|move: Protect\n|\n|-weather|Sandstorm|[upkeep]\n|-damage|p1a: Kitsa|29/100|[from] Sandstorm\n|-damage|p2a: Kommo-o|92/100|[from] Sandstorm\n|-damage|p2b: Sinistcha|94/100|[from] Sandstorm\n|-heal|p2a: Kommo-o|98/100|[from] item: Leftovers\n|upkeep\n|\n|t:|1776662387\n|switch|p1b: Wiggly|Sneasler, L50, F|100/100\n|turn|4\n|\n|t:|1776662395\n|switch|p2b: Incineroar|Incineroar, L50, M|68/100\n|-ability|p2b: Incineroar|Intimidate|boost\n|-unboost|p1a: Kitsa|atk|1\n|-unboost|p1b: Wiggly|atk|1\n|-enditem|p1b: Wiggly|White Herb\n|-clearnegativeboost|p1b: Wiggly|[silent]\n|move|p1b: Wiggly|Fake Out|p2a: Kommo-o\n|-damage|p2a: Kommo-o|77/100\n|move|p1a: Kitsa|Heat Wave|p2b: Incineroar|[spread] p2a,p2b\n|-resisted|p2a: Kommo-o|1\n|-resisted|p2b: Incineroar|1\n|-damage|p2a: Kommo-o|62/100\n|-damage|p2b: Incineroar|51/100\n|-status|p2a: Kommo-o|brn\n|cant|p2a: Kommo-o|flinch\n|\n|-weather|Sandstorm|[upkeep]\n|-damage|p1b: Wiggly|95/100|[from] Sandstorm\n|-damage|p1a: Kitsa|23/100|[from] Sandstorm\n|-damage|p2a: Kommo-o|56/100 brn|[from] Sandstorm\n|-damage|p2b: Incineroar|45/100|[from] Sandstorm\n|-heal|p2a: Kommo-o|62/100 brn|[from] item: Leftovers\n|-damage|p2a: Kommo-o|56/100 brn|[from] brn\n|upkeep\n|turn|5\n|inactive|NyraIzMe has 30 seconds left.\n|\n|t:|1776662424\n|switch|p1a: Chompy|Garchomp, L50, F|100/100\n|move|p1b: Wiggly|Protect|p1b: Wiggly\n|-singleturn|p1b: Wiggly|Protect\n|move|p2b: Incineroar|Fake Out|p1b: Wiggly\n|-activate|p1b: Wiggly|move: Protect\n|move|p2a: Kommo-o|Clanging Scales|p1a: Chompy|[spread] p1a\n|-activate|p1b: Wiggly|move: Protect\n|-supereffective|p1a: Chompy|1\n|-damage|p1a: Chompy|0 fnt\n|faint|p1a: Chompy\n|-unboost|p2a: Kommo-o|def|1\n|\n|-weather|Sandstorm|[upkeep]\n|-damage|p1b: Wiggly|89/100|[from] Sandstorm\n|-damage|p2a: Kommo-o|50/100 brn|[from] Sandstorm\n|-damage|p2b: Incineroar|39/100|[from] Sandstorm\n|-heal|p2a: Kommo-o|56/100 brn|[from] item: Leftovers\n|-damage|p2a: Kommo-o|50/100 brn|[from] brn\n|-end|p2a: Kommo-o|Encore\n|upkeep\n|\n|t:|1776662442\n|switch|p1a: Kitsa|Delphox-Mega, L50, F, shiny|23/100\n|turn|6\n|\n|t:|1776662447\n|switch|p2b: Sinistcha|Sinistcha, L50|94/100\n|-heal|p2a: Kommo-o|75/100 brn|[from] ability: Hospitality|[of] p2b: Sinistcha\n|move|p1a: Kitsa|Protect|p1a: Kitsa\n|-singleturn|p1a: Kitsa|Protect\n|move|p1b: Wiggly|Close Combat|p2a: Kommo-o\n|-damage|p2a: Kommo-o|0 fnt\n|-unboost|p1b: Wiggly|def|1\n|-unboost|p1b: Wiggly|spd|1\n|faint|p2a: Kommo-o\n|\n|-weather|none\n|upkeep\n|\n|t:|1776662452\n|switch|p2a: Incineroar|Incineroar, L50, M|39/100\n|-ability|p2a: Incineroar|Intimidate|boost\n|-unboost|p1a: Kitsa|atk|1\n|-unboost|p1b: Wiggly|atk|1\n|turn|7\n|\n|t:|1776662472\n|move|p2a: Incineroar|Fake Out|p1a: Kitsa\n|-damage|p1a: Kitsa|6/100\n|move|p1b: Wiggly|Close Combat|p2a: Incineroar\n|-supereffective|p2a: Incineroar|1\n|-damage|p2a: Incineroar|0 fnt\n|-unboost|p1b: Wiggly|def|1\n|-unboost|p1b: Wiggly|spd|1\n|faint|p2a: Incineroar\n|cant|p1a: Kitsa|flinch\n|move|p2b: Sinistcha|Matcha Gotcha|p1b: Wiggly|[spread] p1b\n|-miss|p2b: Sinistcha|p1a: Kitsa\n|-resisted|p1b: Wiggly|1\n|-damage|p1b: Wiggly|55/100\n|-heal|p2b: Sinistcha|100/100|[from] drain|[of] p1b: Wiggly\n|\n|upkeep\n|turn|8\n|\n|t:|1776662489\n|move|p1b: Wiggly|Dire Claw|p2b: Sinistcha\n|-damage|p2b: Sinistcha|71/100\n|move|p1a: Kitsa|Heat Wave|p2b: Sinistcha\n|-supereffective|p2b: Sinistcha|1\n|-damage|p2b: Sinistcha|0 fnt\n|faint|p2b: Sinistcha\n|\n|win|NyraIzMe\n|raw|NyraIzMe's rating: 1161 &rarr; <strong>1181</strong><br />(+20 for winning)\n|raw|Raymonator's rating: 1090 &rarr; <strong>1071</strong><br />(-19 for losing)\n|l|\u2606Raymonator\n|player|p2|\n",
  "uploadtime": 1776662508,
  "views": 10,
  "formatid": "gen9championsvgc2026regma",
  "rating": 1071,
  "private": 0,
  "password": null
}