{
  "id": "gen9championsvgc2026regma-2584786063",
  "format": "[Gen 9 Champions] VGC 2026 Reg M-A",
  "players": [
    "Big Kahuna Tuna",
    "gonegeb"
  ],
  "log": "|j|\u2606Big Kahuna Tuna\n|j|\u2606gonegeb\n|t:|1776283546\n|gametype|doubles\n|player|p1|Big Kahuna Tuna|2|1190\n|player|p2|gonegeb|alain|1099\n|gen|9\n|tier|[Gen 9 Champions] VGC 2026 Reg M-A\n|rated|\n|rule|Species Clause: Limit one of each Pok\u00e9mon\n|rule|Item Clause: Limit 1 of each item\n|clearpoke\n|poke|p1|Floette-Eternal, L50, F|\n|poke|p1|Aerodactyl, L50, F|\n|poke|p1|Delphox, L50, F|\n|poke|p1|Maushold, L50|\n|poke|p1|Garchomp, L50, M|\n|poke|p1|Incineroar, L50, F|\n|poke|p2|Lucario, L50, M|\n|poke|p2|Umbreon, L50, M|\n|poke|p2|Arcanine, L50, F|\n|poke|p2|Ceruledge, L50, M|\n|poke|p2|Corviknight, L50, M|\n|poke|p2|Whimsicott, L50, F|\n|teampreview|4\n|\n|t:|1776283570\n|teamsize|p1|4\n|teamsize|p2|4\n|start\n|switch|p1a: Aerodactyl|Aerodactyl, L50, F|100/100\n|switch|p1b: Delphox|Delphox, L50, F|100/100\n|switch|p2a: Lucario|Lucario, L50, M|100/100\n|switch|p2b: Whimsicott|Whimsicott, L50, F, shiny|100/100\n|-ability|p1a: Aerodactyl|Unnerve\n|turn|1\n|\n|t:|1776283600\n|detailschange|p1b: Delphox|Delphox-Mega, L50, F\n|-mega|p1b: Delphox|Delphox|Delphoxite\n|detailschange|p2a: Lucario|Lucario-Mega, L50, M\n|-mega|p2a: Lucario|Lucario|Lucarionite\n|move|p2b: Whimsicott|Tailwind|p2b: Whimsicott\n|-sidestart|p2: gonegeb|move: Tailwind\n|move|p2a: Lucario|Meteor Mash|p1a: Aerodactyl\n|-supereffective|p1a: Aerodactyl|1\n|-enditem|p1a: Aerodactyl|Focus Sash\n|-damage|p1a: Aerodactyl|1/100\n|move|p1b: Delphox|Substitute|p1b: Delphox\n|-start|p1b: Delphox|Substitute\n|-damage|p1b: Delphox|75/100\n|move|p1a: Aerodactyl|Tailwind|p1a: Aerodactyl\n|-sidestart|p1: Big Kahuna Tuna|move: Tailwind\n|\n|upkeep\n|turn|2\n|\n|t:|1776283627\n|move|p1a: Aerodactyl|Protect|p1a: Aerodactyl\n|-singleturn|p1a: Aerodactyl|Protect\n|move|p2a: Lucario|Protect|p2a: Lucario\n|-singleturn|p2a: Lucario|Protect\n|move|p2b: Whimsicott|Encore|p1b: Delphox\n|-start|p1b: Delphox|Encore\n|move|p1b: Delphox|Substitute|p1b: Delphox\n|-fail|p1b: Delphox|move: Substitute\n|\n|upkeep\n|turn|3\n|\n|t:|1776283650\n|switch|p1b: Maushold|Maushold, L50|100/100\n|move|p2b: Whimsicott|Encore|p1a: Aerodactyl\n|-start|p1a: Aerodactyl|Encore\n|move|p1a: Aerodactyl|Protect|p1a: Aerodactyl\n|-singleturn|p1a: Aerodactyl|Protect\n|move|p2a: Lucario|Swords Dance|p2a: Lucario\n|-boost|p2a: Lucario|atk|2\n|\n|upkeep\n|turn|4\n|\n|t:|1776283671\n|switch|p1a: Garchomp|Garchomp, L50, M|100/100\n|move|p2a: Lucario|Meteor Mash|p1b: Maushold\n|-damage|p1b: Maushold|0 fnt\n|-boost|p2a: Lucario|atk|1\n|faint|p1b: Maushold\n|move|p2b: Whimsicott|Moonblast|p1a: Garchomp\n|-supereffective|p1a: Garchomp|1\n|-damage|p1a: Garchomp|30/100\n|\n|-sideend|p2: gonegeb|move: Tailwind\n|-sideend|p1: Big Kahuna Tuna|move: Tailwind\n|upkeep\n|\n|t:|1776283675\n|switch|p1b: Delphox|Delphox-Mega, L50, F|75/100\n|turn|5\n|\n|t:|1776283697\n|move|p2b: Whimsicott|Tailwind|p2b: Whimsicott\n|-sidestart|p2: gonegeb|move: Tailwind\n|move|p2a: Lucario|Meteor Mash|p1a: Garchomp\n|-damage|p1a: Garchomp|0 fnt\n|-damage|p2a: Lucario|88/100|[from] ability: Rough Skin|[of] p1a: Garchomp\n|faint|p1a: Garchomp\n|move|p1b: Delphox|Heat Wave|p2b: Whimsicott|[spread] p2a,p2b\n|-supereffective|p2a: Lucario|1\n|-supereffective|p2b: Whimsicott|1\n|-damage|p2a: Lucario|0 fnt\n|-damage|p2b: Whimsicott|0 fnt\n|faint|p2a: Lucario\n|faint|p2b: Whimsicott\n|\n|upkeep\n|\n|t:|1776283712\n|switch|p2a: Ceruledge|Ceruledge, L50, M|100/100\n|switch|p2b: Corviknight|Corviknight, L50, M|100/100\n|switch|p1a: Aerodactyl|Aerodactyl, L50, F|1/100\n|-ability|p1a: Aerodactyl|Unnerve\n|-ability|p2b: Corviknight|Pressure\n|turn|6\n|\n|t:|1776283735\n|move|p2a: Ceruledge|Protect|p2a: Ceruledge\n|-singleturn|p2a: Ceruledge|Protect\n|move|p1b: Delphox|Protect|p1b: Delphox\n|-singleturn|p1b: Delphox|Protect\n|move|p1a: Aerodactyl|Tailwind|p1a: Aerodactyl\n|-sidestart|p1: Big Kahuna Tuna|move: Tailwind\n|move|p2b: Corviknight|Body Press|p1a: Aerodactyl\n|-damage|p1a: Aerodactyl|0 fnt\n|faint|p1a: Aerodactyl\n|\n|upkeep\n|turn|7\n|\n|t:|1776283748\n|move|p1b: Delphox|Heat Wave|p2a: Ceruledge|[spread] p2b\n|-start|p2a: Ceruledge|ability: Flash Fire\n|-supereffective|p2b: Corviknight|1\n|-damage|p2b: Corviknight|24/100\n|-status|p2b: Corviknight|brn\n|-enditem|p2b: Corviknight|Lum Berry|[eat]\n|-curestatus|p2b: Corviknight|brn|[msg]\n|move|p2a: Ceruledge|Bulk Up|p2a: Ceruledge\n|-boost|p2a: Ceruledge|atk|1\n|-boost|p2a: Ceruledge|def|1\n|move|p2b: Corviknight|Brave Bird|p1b: Delphox\n|-damage|p1b: Delphox|24/100\n|-damage|p2b: Corviknight|12/100|[from] Recoil\n|\n|upkeep\n|turn|8\n|-message|Big Kahuna Tuna forfeited.\n|\n|t:|1776283755\n|move|p2a: Ceruledge|Shadow Sneak|p1b: Delphox\n|-supereffective|p1b: Delphox|1\n|-damage|p1b: Delphox|0 fnt\n|faint|p1b: Delphox\n|\n|win|gonegeb\n|raw|Big Kahuna Tuna's rating: 1190 &rarr; <strong>1159</strong><br />(-31 for losing)\n|raw|gonegeb's rating: 1099 &rarr; <strong>1131</strong><br />(+32 for winning)\n|l|\u2606Big Kahuna Tuna\n|player|p1|\n",
  "uploadtime": 1776283760,
  "views": 22,
  "formatid": "gen9championsvgc2026regma",
  "rating": 1131,
  "private": 0,
  "password": null
}