{
  "id": "gen9championsvgc2026regma-2582003370",
  "format": "[Gen 9 Champions] VGC 2026 Reg M-A",
  "players": [
    "TerabVGC",
    "injuryreserv3"
  ],
  "log": "|j|\u2606TerabVGC\n|j|\u2606injuryreserv3\n|t:|1776047402\n|gametype|doubles\n|player|p1|TerabVGC|1|1236\n|player|p2|injuryreserv3|sabrina|1282\n|gen|9\n|tier|[Gen 9 Champions] VGC 2026 Reg M-A\n|rated|\n|rule|Species Clause: Limit one of each Pok\u00e9mon\n|rule|Item Clause: Limit 1 of each item\n|clearpoke\n|poke|p1|Aggron, L50, F|\n|poke|p1|Kleavor, L50, M|\n|poke|p1|Sinistcha, L50|\n|poke|p1|Basculegion, L50, M|\n|poke|p1|Pelipper, L50, M|\n|poke|p1|Archaludon, L50, M|\n|poke|p2|Sneasler, L50, F|\n|poke|p2|Basculegion, L50, M|\n|poke|p2|Charizard, L50, M|\n|poke|p2|Floette-Eternal, L50, F|\n|poke|p2|Incineroar, L50, F|\n|poke|p2|Venusaur, L50, F|\n|teampreview|4\n|\n|t:|1776047472\n|teamsize|p1|4\n|teamsize|p2|4\n|start\n|switch|p1a: Kleavor|Kleavor, L50, M|100/100\n|switch|p1b: Basculegion|Basculegion, L50, M|100/100\n|switch|p2a: Basculegion|Basculegion, L50, M|100/100\n|switch|p2b: Incineroar|Incineroar, L50, F|100/100\n|-ability|p2b: Incineroar|Intimidate|boost\n|-unboost|p1a: Kleavor|atk|1\n|-unboost|p1b: Basculegion|atk|1\n|-enditem|p1a: Kleavor|White Herb\n|-clearnegativeboost|p1a: Kleavor|[silent]\n|turn|1\n|inactive|Battle timer is ON: inactive players will automatically lose when time's up. (requested by injuryreserv3)\n|\n|t:|1776047504\n|switch|p1a: Archaludon|Archaludon, L50, M|100/100\n|move|p2b: Incineroar|Protect|p2b: Incineroar\n|-singleturn|p2b: Incineroar|Protect\n|move|p2a: Basculegion|Flip Turn|p1a: Archaludon\n|-resisted|p1a: Archaludon|1\n|-damage|p1a: Archaludon|85/100\n|-ability|p1a: Archaludon|Stamina|boost\n|-boost|p1a: Archaludon|def|1\n|\n|t:|1776047517\n|switch|p2a: Sneasler|Sneasler, L50, F|100/100|[from] Flip Turn\n|move|p1b: Basculegion|Wave Crash|p2b: Incineroar\n|-activate|p2b: Incineroar|move: Protect\n|\n|-heal|p1a: Archaludon|91/100|[from] item: Leftovers\n|upkeep\n|turn|2\n|inactive|TerabVGC has 30 seconds left.\n|inactive|injuryreserv3 has 30 seconds left.\n|\n|t:|1776047550\n|switch|p1a: Pelipper|Pelipper, L50, M|100/100\n|-weather|RainDance|[from] ability: Drizzle|[of] p1a: Pelipper\n|move|p2a: Sneasler|Fake Out|p1a: Pelipper\n|-damage|p1a: Pelipper|87/100\n|move|p1b: Basculegion|Wave Crash|p2b: Incineroar\n|-supereffective|p2b: Incineroar|1\n|-damage|p2b: Incineroar|0 fnt\n|faint|p2b: Incineroar\n|-damage|p1b: Basculegion|66/100|[from] Recoil\n|\n|-weather|RainDance|[upkeep]\n|upkeep\n|\n|t:|1776047559\n|switch|p2b: Charizard|Charizard, L50, M|100/100\n|turn|3\n|inactive|TerabVGC has 30 seconds left.\n|\n|t:|1776047588\n|move|p2b: Charizard|Protect|p2b: Charizard\n|-singleturn|p2b: Charizard|Protect\n|move|p1b: Basculegion|Wave Crash|p2b: Charizard\n|-activate|p2b: Charizard|move: Protect\n|move|p2a: Sneasler|Dire Claw|p1b: Basculegion\n|-resisted|p1b: Basculegion|1\n|-damage|p1b: Basculegion|38/100\n|-status|p1b: Basculegion|slp\n|move|p1a: Pelipper|Hurricane|p2a: Sneasler\n|-supereffective|p2a: Sneasler|1\n|-damage|p2a: Sneasler|8/100\n|-start|p2a: Sneasler|confusion\n|\n|-weather|RainDance|[upkeep]\n|upkeep\n|turn|4\n|\n|t:|1776047608\n|detailschange|p2b: Charizard|Charizard-Mega-Y, L50, M\n|-mega|p2b: Charizard|Charizard|Charizardite Y\n|-weather|SunnyDay|[from] ability: Drought|[of] p2b: Charizard\n|cant|p1b: Basculegion|slp\n|-activate|p2a: Sneasler|confusion\n|-damage|p2a: Sneasler|0 fnt|[from] confusion\n|faint|p2a: Sneasler\n|move|p2b: Charizard|Heat Wave|p1b: Basculegion|[spread] p1a,p1b\n|-resisted|p1a: Pelipper|1\n|-crit|p1a: Pelipper\n|-resisted|p1b: Basculegion|1\n|-damage|p1a: Pelipper|31/100\n|-damage|p1b: Basculegion|2/100 slp\n|move|p1a: Pelipper|Tailwind|p1a: Pelipper\n|-sidestart|p1: TerabVGC|move: Tailwind\n|\n|-weather|SunnyDay|[upkeep]\n|upkeep\n|\n|t:|1776047618\n|switch|p2a: Basculegion|Basculegion, L50, M|100/100\n|turn|5\n|\n|t:|1776047642\n|move|p1a: Pelipper|Wide Guard|p1a: Pelipper\n|-singleturn|p1a: Pelipper|Wide Guard\n|cant|p1b: Basculegion|slp\n|move|p2a: Basculegion|Last Respects|p1a: Pelipper\n|-damage|p1a: Pelipper|0 fnt\n|faint|p1a: Pelipper\n|move|p2b: Charizard|Scorching Sands|p1b: Basculegion\n|-damage|p1b: Basculegion|0 fnt\n|faint|p1b: Basculegion\n|\n|-weather|SunnyDay|[upkeep]\n|upkeep\n|\n|t:|1776047650\n|switch|p1b: Archaludon|Archaludon, L50, M|91/100\n|switch|p1a: Kleavor|Kleavor, L50, M|100/100\n|turn|6\n|inactive|TerabVGC has 30 seconds left.\n|\n|t:|1776047681\n|move|p1a: Kleavor|Rock Slide|p2b: Charizard|[spread] p2a,p2b\n|-supereffective|p2b: Charizard|2\n|-damage|p2a: Basculegion|65/100\n|-damage|p2b: Charizard|0 fnt\n|faint|p2b: Charizard\n|move|p1b: Archaludon|Dragon Pulse|p2a: Basculegion\n|-damage|p2a: Basculegion|20/100\n|cant|p2a: Basculegion|flinch\n|\n|-weather|SunnyDay|[upkeep]\n|-heal|p1b: Archaludon|97/100|[from] item: Leftovers\n|upkeep\n|turn|7\n|\n|t:|1776047693\n|move|p1a: Kleavor|Rock Slide|p2a: Basculegion\n|-damage|p2a: Basculegion|0 fnt\n|faint|p2a: Basculegion\n|\n|win|TerabVGC\n|raw|TerabVGC's rating: 1236 &rarr; <strong>1264</strong><br />(+28 for winning)\n|raw|injuryreserv3's rating: 1282 &rarr; <strong>1254</strong><br />(-28 for losing)\n",
  "uploadtime": 1776047696,
  "views": 36,
  "formatid": "gen9championsvgc2026regma",
  "rating": 1254,
  "private": 0,
  "password": null
}