{
  "id": "gen9championsvgc2026regma-2584124778",
  "format": "[Gen 9 Champions] VGC 2026 Reg M-A",
  "players": [
    "SquishyGamerBoy",
    "redghost9820"
  ],
  "log": "|j|\u2606SquishyGamerBoy\n|j|\u2606redghost9820\n|t:|1776227874\n|gametype|doubles\n|player|p1|SquishyGamerBoy|irida|1112\n|player|p2|redghost9820|pokemonranger-gen4|1035\n|gen|9\n|tier|[Gen 9 Champions] VGC 2026 Reg M-A\n|rated|\n|rule|Species Clause: Limit one of each Pok\u00e9mon\n|rule|Item Clause: Limit 1 of each item\n|clearpoke\n|poke|p1|Lopunny, L50, F|\n|poke|p1|Meowscarada, L50, M|\n|poke|p1|Aerodactyl, L50, F|\n|poke|p1|Farigiraf, L50, M|\n|poke|p1|Sinistcha, L50|\n|poke|p1|Rotom-Heat, L50|\n|poke|p2|Incineroar, L50, F|\n|poke|p2|Charizard, L50, M|\n|poke|p2|Venusaur, L50, F|\n|poke|p2|Milotic, L50, M|\n|poke|p2|Rotom-Wash, L50|\n|poke|p2|Raichu, L50, M|\n|teampreview|4\n|\n|t:|1776227892\n|teamsize|p1|4\n|teamsize|p2|4\n|start\n|switch|p1a: oh na na|Lopunny, L50, F|100/100\n|switch|p1b: Aerodactyl|Aerodactyl, L50, F|100/100\n|switch|p2a: Charizard|Charizard, L50, M|100/100\n|switch|p2b: Venusaur|Venusaur, L50, F|100/100\n|-ability|p1b: Aerodactyl|Unnerve\n|turn|1\n|inactive|Battle timer is ON: inactive players will automatically lose when time's up. (requested by redghost9820)\n|\n|t:|1776227924\n|detailschange|p1a: oh na na|Lopunny-Mega, L50, F\n|-mega|p1a: oh na na|Lopunny|Lopunnite\n|detailschange|p2a: Charizard|Charizard-Mega-Y, L50, M\n|-mega|p2a: Charizard|Charizard|Charizardite Y\n|-weather|SunnyDay|[from] ability: Drought|[of] p2a: Charizard\n|move|p1a: oh na na|Fake Out|p2b: Venusaur\n|-damage|p2b: Venusaur|70/100\n|cant|p2b: Venusaur|flinch\n|move|p1b: Aerodactyl|Rain Dance|p1b: Aerodactyl\n|-weather|RainDance\n|move|p2a: Charizard|Heat Wave|p1b: Aerodactyl|[spread] p1a,p1b\n|-resisted|p1b: Aerodactyl|1\n|-damage|p1a: oh na na|71/100\n|-damage|p1b: Aerodactyl|85/100\n|\n|-weather|RainDance|[upkeep]\n|upkeep\n|turn|2\n|inactive|redghost9820 has 30 seconds left.\n|\n|t:|1776227950\n|switch|p2a: Rotom|Rotom-Wash, L50|100/100\n|switch|p2b: Milotic|Milotic, L50, M|100/100\n|move|p1a: oh na na|Triple Axel|p2b: Milotic\n|-resisted|p2b: Milotic|1\n|-damage|p2b: Milotic|98/100\n|-resisted|p2b: Milotic|1\n|-damage|p2b: Milotic|91/100\n|-resisted|p2b: Milotic|1\n|-damage|p2b: Milotic|81/100\n|-hitcount|p2b: Milotic|3\n|move|p1b: Aerodactyl|Rock Slide|p2a: Rotom|[spread] p2a\n|-miss|p1b: Aerodactyl|p2b: Milotic\n|-damage|p2a: Rotom|72/100\n|\n|-weather|RainDance|[upkeep]\n|-heal|p2a: Rotom|77/100|[from] item: Leftovers\n|upkeep\n|turn|3\n|\n|t:|1776227969\n|switch|p1b: Sinistcha|Sinistcha, L50|100/100\n|-heal|p1a: oh na na|96/100|[from] ability: Hospitality|[of] p1b: Sinistcha\n|move|p1a: oh na na|Protect|p1a: oh na na\n|-singleturn|p1a: oh na na|Protect\n|move|p2a: Rotom|Will-O-Wisp|p1a: oh na na\n|-activate|p1a: oh na na|move: Protect\n|move|p2b: Milotic|Icy Wind|p1a: oh na na|[spread] p1b\n|-activate|p1a: oh na na|move: Protect\n|-supereffective|p1b: Sinistcha|1\n|-damage|p1b: Sinistcha|72/100\n|-unboost|p1b: Sinistcha|spe|1\n|\n|-weather|RainDance|[upkeep]\n|-heal|p2a: Rotom|83/100|[from] item: Leftovers\n|-heal|p1b: Sinistcha|79/100|[from] item: Leftovers\n|upkeep\n|turn|4\n|inactive|redghost9820 has 30 seconds left.\n|\n|t:|1776227997\n|move|p1a: oh na na|Close Combat|p2a: Rotom\n|-damage|p2a: Rotom|8/100\n|-unboost|p1a: oh na na|def|1\n|-unboost|p1a: oh na na|spd|1\n|move|p2a: Rotom|Will-O-Wisp|p1a: oh na na\n|-status|p1a: oh na na|brn\n|move|p2b: Milotic|Icy Wind|p1a: oh na na|[spread] p1a,p1b\n|-supereffective|p1b: Sinistcha|1\n|-damage|p1a: oh na na|72/100 brn\n|-damage|p1b: Sinistcha|53/100\n|-unboost|p1a: oh na na|spe|1\n|-unboost|p1b: Sinistcha|spe|1\n|move|p1b: Sinistcha|Matcha Gotcha|p2b: Milotic|[spread] p2a,p2b\n|-supereffective|p2a: Rotom|1\n|-supereffective|p2b: Milotic|1\n|-damage|p2a: Rotom|0 fnt\n|-heal|p1b: Sinistcha|56/100|[from] drain|[of] p2a: Rotom\n|-damage|p2b: Milotic|46/100\n|-heal|p1b: Sinistcha|72/100|[from] drain|[of] p2b: Milotic\n|faint|p2a: Rotom\n|\n|-weather|RainDance|[upkeep]\n|-heal|p1b: Sinistcha|79/100|[from] item: Leftovers\n|-damage|p1a: oh na na|66/100 brn|[from] brn\n|upkeep\n|\n|t:|1776228018\n|switch|p2a: Charizard|Charizard-Mega-Y, L50, M|100/100\n|-weather|SunnyDay|[from] ability: Drought|[of] p2a: Charizard\n|turn|5\n|\n|t:|1776228035\n|move|p2b: Milotic|Protect|p2b: Milotic\n|-singleturn|p2b: Milotic|Protect\n|move|p1b: Sinistcha|Protect|p1b: Sinistcha\n|-singleturn|p1b: Sinistcha|Protect\n|move|p2a: Charizard|Heat Wave|p1a: oh na na|[spread] \n|-activate|p1b: Sinistcha|move: Protect\n|-miss|p2a: Charizard|p1a: oh na na\n|move|p1a: oh na na|Triple Axel|p2a: Charizard\n|-damage|p2a: Charizard|95/100\n|-damage|p2a: Charizard|85/100\n|-damage|p2a: Charizard|70/100\n|-hitcount|p2a: Charizard|3\n|\n|-weather|SunnyDay|[upkeep]\n|-heal|p1b: Sinistcha|85/100|[from] item: Leftovers\n|-damage|p1a: oh na na|60/100 brn|[from] brn\n|upkeep\n|turn|6\n|\n|t:|1776228057\n|move|p2a: Charizard|Heat Wave|p1a: oh na na|[spread] p1a,p1b\n|-supereffective|p1b: Sinistcha|1\n|-damage|p1a: oh na na|0 fnt\n|-damage|p1b: Sinistcha|0 fnt\n|faint|p1a: oh na na\n|faint|p1b: Sinistcha\n|move|p2b: Milotic|Icy Wind|p1: oh na na|[notarget]\n|-fail|p2b: Milotic\n|\n|-weather|SunnyDay|[upkeep]\n|upkeep\n|\n|t:|1776228066\n|switch|p1a: Aerodactyl|Aerodactyl, L50, F|85/100\n|switch|p1b: Meowscarada|Meowscarada, L50, M|100/100\n|-ability|p1a: Aerodactyl|Unnerve\n|turn|7\n|\n|t:|1776228077\n|move|p1a: Aerodactyl|Rock Slide|p2b: Milotic|[spread] p2a,p2b\n|-supereffective|p2a: Charizard|2\n|-damage|p2a: Charizard|0 fnt\n|-damage|p2b: Milotic|25/100\n|faint|p2a: Charizard\n|move|p1b: Meowscarada|Flower Trick|p2b: Milotic\n|-supereffective|p2b: Milotic|1\n|-crit|p2b: Milotic\n|-damage|p2b: Milotic|0 fnt\n|faint|p2b: Milotic\n|\n|-weather|SunnyDay|[upkeep]\n|upkeep\n|\n|t:|1776228082\n|switch|p2b: Venusaur|Venusaur, L50, F|70/100\n|turn|8\n|\n|t:|1776228091\n|move|p2b: Venusaur|Sludge Bomb|p1b: Meowscarada\n|-supereffective|p1b: Meowscarada|1\n|-enditem|p1b: Meowscarada|Focus Sash\n|-damage|p1b: Meowscarada|1/100\n|move|p1a: Aerodactyl|Dual Wingbeat|p2b: Venusaur\n|-supereffective|p2b: Venusaur|1\n|-damage|p2b: Venusaur|19/100\n|-supereffective|p2b: Venusaur|1\n|-damage|p2b: Venusaur|0 fnt\n|faint|p2b: Venusaur\n|-hitcount|p2: Venusaur|2\n|\n|win|SquishyGamerBoy\n|raw|SquishyGamerBoy's rating: 1112 &rarr; <strong>1132</strong><br />(+20 for winning)\n|raw|redghost9820's rating: 1035 &rarr; <strong>1023</strong><br />(-12 for losing)\n|l|\u2606redghost9820\n|player|p2|\n",
  "uploadtime": 1776228107,
  "views": 17,
  "formatid": "gen9championsvgc2026regma",
  "rating": 1023,
  "private": 0,
  "password": null
}