{
  "id": "gen9championsvgc2026regma-2581808392",
  "format": "[Gen 9 Champions] VGC 2026 Reg M-A",
  "players": [
    "BlueKnightmare",
    "MikeTitan"
  ],
  "log": "|j|\u2606BlueKnightmare\n|j|\u2606MikeTitan\n|t:|1776030093\n|gametype|doubles\n|player|p1|BlueKnightmare|lucas|1169\n|player|p2|MikeTitan|266|1225\n|gen|9\n|tier|[Gen 9 Champions] VGC 2026 Reg M-A\n|rated|\n|rule|Species Clause: Limit one of each Pok\u00e9mon\n|rule|Item Clause: Limit 1 of each item\n|clearpoke\n|poke|p1|Garchomp, L50, M|\n|poke|p1|Gardevoir, L50, F|\n|poke|p1|Tyranitar, L50, M|\n|poke|p1|Talonflame, L50, F|\n|poke|p1|Aegislash, L50, F|\n|poke|p1|Sneasler, L50, M|\n|poke|p2|Floette-Eternal, L50, F|\n|poke|p2|Garchomp, L50, M|\n|poke|p2|Corviknight, L50, F|\n|poke|p2|Arcanine-Hisui, L50, F|\n|poke|p2|Maushold, L50|\n|poke|p2|Rotom-Wash, L50|\n|teampreview|4\n|c|\u2606BlueKnightmare|gl hf\n|inactive|Battle timer is ON: inactive players will automatically lose when time's up. (requested by BlueKnightmare)\n|\n|t:|1776030126\n|teamsize|p1|4\n|teamsize|p2|4\n|start\n|switch|p1a: Talonflame|Talonflame, L50, F, shiny|100/100\n|switch|p1b: Sneasler|Sneasler, L50, M|100/100\n|switch|p2a: Corviknight|Corviknight, L50, F, shiny|100/100\n|switch|p2b: Arcanine|Arcanine-Hisui, L50, F, shiny|100/100\n|-ability|p2b: Arcanine|Intimidate|boost\n|-unboost|p1a: Talonflame|atk|1\n|-unboost|p1b: Sneasler|atk|1\n|-enditem|p1b: Sneasler|White Herb\n|-clearnegativeboost|p1b: Sneasler|[silent]\n|turn|1\n|\n|t:|1776030143\n|switch|p2b: Floette|Floette-Eternal, L50, F|100/100\n|move|p1b: Sneasler|Close Combat|p2b: Floette\n|-resisted|p2b: Floette|1\n|-damage|p2b: Floette|62/100\n|-unboost|p1b: Sneasler|def|1\n|-unboost|p1b: Sneasler|spd|1\n|move|p1a: Talonflame|Taunt|p2a: Corviknight\n|-start|p2a: Corviknight|move: Taunt\n|move|p2a: Corviknight|Brave Bird|p1b: Sneasler\n|-supereffective|p1b: Sneasler|1\n|-damage|p1b: Sneasler|0 fnt\n|faint|p1b: Sneasler\n|-damage|p2a: Corviknight|75/100|[from] Recoil\n|\n|upkeep\n|\n|t:|1776030150\n|switch|p1b: Gardevoir|Gardevoir, L50, F, shiny|100/100\n|turn|2\n|\n|t:|1776030163\n|switch|p2b: Arcanine|Arcanine-Hisui, L50, F, shiny|100/100\n|-ability|p2b: Arcanine|Intimidate|boost\n|-unboost|p1a: Talonflame|atk|1\n|-unboost|p1b: Gardevoir|atk|1\n|detailschange|p1b: Gardevoir|Gardevoir-Mega, L50, F, shiny\n|-mega|p1b: Gardevoir|Gardevoir|Gardevoirite\n|move|p1a: Talonflame|Brave Bird|p2b: Arcanine\n|-resisted|p2b: Arcanine|1\n|-crit|p2b: Arcanine\n|-damage|p2b: Arcanine|69/100\n|-damage|p1a: Talonflame|91/100|[from] Recoil\n|move|p1b: Gardevoir|Hyper Voice|p2b: Arcanine|[spread] p2a,p2b\n|-resisted|p2a: Corviknight|1\n|-resisted|p2b: Arcanine|1\n|-damage|p2a: Corviknight|55/100\n|-damage|p2b: Arcanine|39/100\n|move|p2a: Corviknight|Iron Head|p1b: Gardevoir\n|-supereffective|p1b: Gardevoir|1\n|-damage|p1b: Gardevoir|10/100\n|\n|upkeep\n|turn|3\n|inactive|MikeTitan has 30 seconds left.\n|\n|t:|1776030191\n|switch|p2a: Rotom|Rotom-Wash, L50, shiny|100/100\n|move|p1b: Gardevoir|Protect|p1b: Gardevoir\n|-singleturn|p1b: Gardevoir|Protect\n|move|p2b: Arcanine|Rock Slide|p1a: Talonflame|[spread] p1a\n|-activate|p1b: Gardevoir|move: Protect\n|-supereffective|p1a: Talonflame|2\n|-damage|p1a: Talonflame|0 fnt\n|faint|p1a: Talonflame\n|\n|upkeep\n|\n|t:|1776030203\n|switch|p1a: Aegislash|Aegislash, L50, F, shiny|100/100\n|turn|4\n|c|\u2606BlueKnightmare|gg that's scarf lol\n|\n|t:|1776030224\n|switch|p2b: Corviknight|Corviknight, L50, F, shiny|55/100\n|-formechange|p1a: Aegislash|Aegislash-Blade|\n|move|p1a: Aegislash|Shadow Sneak|p2b: Corviknight\n|-damage|p2b: Corviknight|35/100\n|move|p1b: Gardevoir|Hyper Beam|p2a: Rotom\n|-damage|p2a: Rotom|3/100\n|-mustrecharge|p1b: Gardevoir\n|move|p2a: Rotom|Electroweb|p1a: Aegislash|[spread] p1a,p1b\n|-damage|p1a: Aegislash|72/100\n|-damage|p1b: Gardevoir|0 fnt\n|-unboost|p1a: Aegislash|spe|1\n|faint|p1b: Gardevoir\n|\n|-heal|p2a: Rotom|9/100|[from] item: Leftovers\n|upkeep\n|turn|5\n|\n|t:|1776030241\n|-formechange|p1a: Aegislash|Aegislash|\n|move|p1a: Aegislash|King's Shield|p1a: Aegislash\n|-singleturn|p1a: Aegislash|Protect\n|move|p2a: Rotom|Will-O-Wisp|p1a: Aegislash\n|-status|p1a: Aegislash|brn\n|move|p2b: Corviknight|Roost|p2b: Corviknight\n|-heal|p2b: Corviknight|86/100\n|-singleturn|p2b: Corviknight|move: Roost\n|\n|-heal|p2a: Rotom|16/100|[from] item: Leftovers\n|-damage|p1a: Aegislash|66/100 brn|[from] brn\n|upkeep\n|turn|6\n|-message|BlueKnightmare forfeited.\n|\n|win|MikeTitan\n|raw|BlueKnightmare's rating: 1169 &rarr; <strong>1148</strong><br />(-21 for losing)\n|raw|MikeTitan's rating: 1225 &rarr; <strong>1246</strong><br />(+21 for winning)\n|l|\u2606BlueKnightmare\n|player|p1|\n",
  "uploadtime": 1776030313,
  "views": 19,
  "formatid": "gen9championsvgc2026regma",
  "rating": 1148,
  "private": 0,
  "password": null
}