{
  "id": "gen9championsvgc2026regma-2580351481",
  "format": "[Gen 9 Champions] VGC 2026 Reg M-A",
  "players": [
    "nelsonn_g",
    "leader-starmie"
  ],
  "log": "|j|\u2606nelsonn_g\n|j|\u2606leader-starmie\n|t:|1775883974\n|gametype|doubles\n|player|p1|nelsonn_g|nate|1032\n|player|p2|leader-starmie|lida|1066\n|gen|9\n|tier|[Gen 9 Champions] VGC 2026 Reg M-A\n|rated|\n|rule|Species Clause: Limit one of each Pok\u00e9mon\n|rule|Item Clause: Limit 1 of each item\n|clearpoke\n|poke|p1|Charizard, L50, M|\n|poke|p1|Venusaur, L50, M|\n|poke|p1|Incineroar, L50, F|\n|poke|p1|Garchomp, L50, M|\n|poke|p1|Whimsicott, L50, F|\n|poke|p1|Sneasler, L50, F|\n|poke|p2|Starmie, L50|\n|poke|p2|Incineroar, L50, M|\n|poke|p2|Sneasler, L50, F|\n|poke|p2|Sinistcha, L50|\n|poke|p2|Aerodactyl, L50, F|\n|poke|p2|Manectric, L50, M|\n|teampreview|4\n|\n|t:|1775884011\n|teamsize|p1|4\n|teamsize|p2|4\n|start\n|switch|p1a: Garchomp|Garchomp, L50, M|100/100\n|switch|p1b: Whimsicott|Whimsicott, L50, F|100/100\n|switch|p2a: Aerodactyl|Aerodactyl, L50, F|100/100\n|switch|p2b: Starmie|Starmie, L50|100/100\n|-ability|p2a: Aerodactyl|Pressure\n|turn|1\n|\n|t:|1775884036\n|detailschange|p2b: Starmie|Starmie-Mega, L50\n|-mega|p2b: Starmie|Starmie|Starminite\n|move|p1b: Whimsicott|Taunt|p2a: Aerodactyl\n|-start|p2a: Aerodactyl|move: Taunt\n|move|p1a: Garchomp|Earthquake|p2b: Starmie|[spread] p1b,p2b\n|-immune|p2a: Aerodactyl\n|-resisted|p1b: Whimsicott|1\n|-damage|p1b: Whimsicott|72/100\n|-damage|p2b: Starmie|60/100\n|cant|p2a: Aerodactyl|move: Taunt|Tailwind\n|move|p2b: Starmie|Ice Spinner|p1a: Garchomp\n|-supereffective|p1a: Garchomp|2\n|-damage|p1a: Garchomp|0 fnt\n|faint|p1a: Garchomp\n|\n|upkeep\n|\n|t:|1775884054\n|switch|p1a: Venusaur|Venusaur, L50, M|100/100\n|turn|2\n|\n|t:|1775884066\n|switch|p2b: Incineroar|Incineroar, L50, M|100/100\n|-ability|p2b: Incineroar|Intimidate|boost\n|-unboost|p1a: Venusaur|atk|1\n|-unboost|p1b: Whimsicott|atk|1\n|move|p1b: Whimsicott|Sunny Day|p1b: Whimsicott\n|-weather|SunnyDay\n|move|p1a: Venusaur|Solar Beam||[still]\n|-prepare|p1a: Venusaur|Solar Beam\n|-anim|p1a: Venusaur|Solar Beam|p2b: Incineroar\n|-resisted|p2b: Incineroar|1\n|-damage|p2b: Incineroar|72/100\n|move|p2a: Aerodactyl|Dual Wingbeat|p1a: Venusaur|[miss]\n|-miss|p2a: Aerodactyl|p1a: Venusaur\n|\n|-weather|SunnyDay|[upkeep]\n|upkeep\n|turn|3\n|\n|t:|1775884082\n|move|p2b: Incineroar|Fake Out|p1a: Venusaur\n|-damage|p1a: Venusaur|84/100\n|move|p1b: Whimsicott|Tailwind|p1b: Whimsicott\n|-sidestart|p1: nelsonn_g|move: Tailwind\n|cant|p1a: Venusaur|flinch\n|move|p2a: Aerodactyl|Dual Wingbeat|p1b: Whimsicott\n|-supereffective|p1b: Whimsicott|1\n|-damage|p1b: Whimsicott|14/100\n|-supereffective|p1b: Whimsicott|1\n|-damage|p1b: Whimsicott|0 fnt\n|faint|p1b: Whimsicott\n|-hitcount|p1: Whimsicott|2\n|\n|-weather|SunnyDay|[upkeep]\n|-heal|p1a: Venusaur|90/100|[from] item: Leftovers\n|-end|p2a: Aerodactyl|move: Taunt\n|upkeep\n|\n|t:|1775884096\n|switch|p1b: Charizard|Charizard, L50, M|100/100\n|turn|4\n|\n|t:|1775884117\n|detailschange|p1b: Charizard|Charizard-Mega-Y, L50, M\n|-mega|p1b: Charizard|Charizard|Charizardite Y\n|move|p2a: Aerodactyl|Wide Guard|p2a: Aerodactyl\n|-singleturn|p2a: Aerodactyl|Wide Guard\n|move|p1a: Venusaur|Sludge Bomb|p2a: Aerodactyl\n|-resisted|p2a: Aerodactyl|1\n|-damage|p2a: Aerodactyl|68/100\n|move|p1b: Charizard|Heat Wave|p2a: Aerodactyl|[spread] \n|-activate|p2a: Aerodactyl|move: Wide Guard\n|-activate|p2b: Incineroar|move: Wide Guard\n|move|p2b: Incineroar|Flare Blitz|p1a: Venusaur\n|-supereffective|p1a: Venusaur|1\n|-damage|p1a: Venusaur|0 fnt\n|faint|p1a: Venusaur\n|-damage|p2b: Incineroar|49/100|[from] Recoil\n|\n|-weather|SunnyDay|[upkeep]\n|upkeep\n|turn|5\n|\n|t:|1775884135\n|move|p1b: Charizard|Solar Beam||[still]\n|-prepare|p1b: Charizard|Solar Beam\n|-anim|p1b: Charizard|Solar Beam|p2a: Aerodactyl\n|-damage|p2a: Aerodactyl|1/100\n|move|p2a: Aerodactyl|Rock Slide|p1b: Charizard\n|-supereffective|p1b: Charizard|2\n|-damage|p1b: Charizard|0 fnt\n|faint|p1b: Charizard\n|\n|win|leader-starmie\n|raw|nelsonn_g's rating: 1032 &rarr; <strong>1019</strong><br />(-13 for losing)\n|raw|leader-starmie's rating: 1066 &rarr; <strong>1093</strong><br />(+27 for winning)\n|l|\u2606nelsonn_g\n|player|p1|\n",
  "uploadtime": 1775884151,
  "views": 13,
  "formatid": "gen9championsvgc2026regma",
  "rating": 1019,
  "private": 0,
  "password": null
}