{
  "id": "gen9championsvgc2026regma-2583546675",
  "format": "[Gen 9 Champions] VGC 2026 Reg M-A",
  "players": [
    "kimmico chan",
    "shmlott"
  ],
  "log": "|j|\u2606kimmico chan\n|j|\u203dshmlott\n|t:|1776182495\n|gametype|doubles\n|player|p1|kimmico chan|266|1045\n|player|p2|shmlott|sabrina|1068\n|gen|9\n|tier|[Gen 9 Champions] VGC 2026 Reg M-A\n|rated|\n|rule|Species Clause: Limit one of each Pok\u00e9mon\n|rule|Item Clause: Limit 1 of each item\n|clearpoke\n|poke|p1|Glimmora, L50, M|\n|poke|p1|Sylveon, L50, F|\n|poke|p1|Decidueye-Hisui, L50, M|\n|poke|p1|Incineroar, L50, F|\n|poke|p1|Basculegion, L50, M|\n|poke|p1|Kommo-o, L50, M|\n|poke|p2|Aerodactyl, L50, M|\n|poke|p2|Hawlucha, L50, F|\n|poke|p2|Lycanroc, L50, M|\n|poke|p2|Absol, L50, F|\n|poke|p2|Greninja-*, L50, M|\n|poke|p2|Kleavor, L50, F|\n|teampreview|4\n|inactive|Battle timer is ON: inactive players will automatically lose when time's up. (requested by kimmico chan)\n|inactive|kimmico chan has 60 seconds left.\n|\n|t:|1776182525\n|teamsize|p1|4\n|teamsize|p2|4\n|start\n|switch|p1a: Incineroar|Incineroar, L50, F|100/100\n|switch|p1b: Sylveon|Sylveon, L50, F|100/100\n|switch|p2a: Aerodactyl|Aerodactyl, L50, M|100/100\n|switch|p2b: Hawlucha|Hawlucha, L50, F|100/100\n|-ability|p2a: Aerodactyl|Unnerve\n|-ability|p1a: Incineroar|Intimidate|boost\n|-unboost|p2a: Aerodactyl|atk|1\n|-unboost|p2b: Hawlucha|atk|1\n|-enditem|p2a: Aerodactyl|White Herb\n|-clearnegativeboost|p2a: Aerodactyl|[silent]\n|turn|1\n|\n|t:|1776182542\n|move|p1a: Incineroar|Fake Out|p2a: Aerodactyl\n|-resisted|p2a: Aerodactyl|1\n|-damage|p2a: Aerodactyl|92/100\n|cant|p2a: Aerodactyl|flinch\n|move|p2b: Hawlucha|Rock Slide|p1a: Incineroar|[spread] p1a,p1b\n|-supereffective|p1a: Incineroar|1\n|-damage|p1a: Incineroar|83/100\n|-damage|p1b: Sylveon|89/100\n|cant|p1b: Sylveon|flinch\n|\n|upkeep\n|turn|2\n|\n|t:|1776182557\n|move|p2a: Aerodactyl|Rock Slide|p1b: Sylveon|[spread] p1a,p1b\n|-supereffective|p1a: Incineroar|1\n|-damage|p1a: Incineroar|38/100\n|-damage|p1b: Sylveon|63/100\n|move|p2b: Hawlucha|Rock Slide|p1a: Incineroar|[spread] p1b\n|-miss|p2b: Hawlucha|p1a: Incineroar\n|-damage|p1b: Sylveon|51/100\n|cant|p1a: Incineroar|flinch\n|cant|p1b: Sylveon|flinch\n|\n|upkeep\n|turn|3\n|\n|t:|1776182572\n|move|p1b: Sylveon|Protect|p1b: Sylveon\n|-singleturn|p1b: Sylveon|Protect\n|move|p2a: Aerodactyl|Rock Slide|p1b: Sylveon|[spread] p1a\n|-activate|p1b: Sylveon|move: Protect\n|-supereffective|p1a: Incineroar|1\n|-damage|p1a: Incineroar|0 fnt\n|faint|p1a: Incineroar\n|move|p2b: Hawlucha|Rock Slide|p1b: Sylveon\n|-activate|p1b: Sylveon|move: Protect\n|\n|upkeep\n|\n|t:|1776182578\n|switch|p1a: Basculegion|Basculegion, L50, M|100/100\n|turn|4\n|\n|t:|1776182587\n|move|p1a: Basculegion|Flip Turn|p2a: Aerodactyl\n|-supereffective|p2a: Aerodactyl|1\n|-damage|p2a: Aerodactyl|0 fnt\n|faint|p2a: Aerodactyl\n|\n|t:|1776182592\n|switch|p1a: Glimmora|Glimmora, L50, M|100/100|[from] Flip Turn\n|move|p2b: Hawlucha|Rock Slide|p1b: Sylveon|[spread] p1a,p1b\n|-damage|p1a: Glimmora|90/100\n|-damage|p1b: Sylveon|40/100\n|-activate|p1a: Glimmora|ability: Toxic Debris\n|-sidestart|p2: shmlott|move: Toxic Spikes\n|move|p1b: Sylveon|Hyper Voice|p2b: Hawlucha\n|-supereffective|p2b: Hawlucha|1\n|-enditem|p2b: Hawlucha|Focus Sash\n|-damage|p2b: Hawlucha|1/100\n|\n|upkeep\n|\n|t:|1776182611\n|switch|p2a: Greninja|Greninja, L50, M|100/100\n|-status|p2a: Greninja|psn\n|turn|5\n|\n|t:|1776182620\n|move|p1a: Glimmora|Spiky Shield|p1a: Glimmora\n|-singleturn|p1a: Glimmora|move: Protect\n|move|p1b: Sylveon|Quick Attack|p2b: Hawlucha\n|-supereffective|p2b: Hawlucha|1\n|-damage|p2b: Hawlucha|0 fnt\n|faint|p2b: Hawlucha\n|move|p2a: Greninja|Rock Slide|p1b: Sylveon|[spread] p1b\n|-start|p2a: Greninja|typechange|Rock|[from] ability: Protean\n|-activate|p1a: Glimmora|move: Protect\n|-damage|p1b: Sylveon|14/100\n|\n|-damage|p2a: Greninja|88/100 psn|[from] psn\n|upkeep\n|\n|t:|1776182632\n|switch|p2b: Absol|Absol, L50, F|100/100\n|-status|p2b: Absol|psn\n|-ability|p2b: Absol|Pressure\n|turn|6\n|c|\u2606kimmico chan|Only rock slide?\n|inactive|kimmico chan has 30 seconds left.\n|\n|t:|1776182658\n|detailschange|p2b: Absol|Absol-Mega, L50, F\n|-mega|p2b: Absol|Absol|Absolite\n|detailschange|p1a: Glimmora|Glimmora-Mega, L50, M\n|-mega|p1a: Glimmora|Glimmora|Glimmoranite\n|move|p1b: Sylveon|Quick Attack|p2b: Absol\n|-supereffective|p2b: Absol|1\n|-damage|p2b: Absol|52/100 psn\n|move|p2a: Greninja|Rock Slide|p1a: Glimmora|[spread] p1a,p1b\n|-damage|p1a: Glimmora|68/100\n|-damage|p1b: Sylveon|0 fnt\n|faint|p1b: Sylveon\n|move|p2b: Absol|Rock Slide|p1a: Glimmora\n|-damage|p1a: Glimmora|39/100\n|cant|p1a: Glimmora|flinch\n|\n|-damage|p2a: Greninja|76/100 psn|[from] psn\n|-damage|p2b: Absol|40/100 psn|[from] psn\n|upkeep\n|n|\u2606shmlott|shmlott\n|c|\u2606shmlott|ye\n|\n|t:|1776182673\n|switch|p1b: Basculegion|Basculegion, L50, M|100/100\n|turn|7\n|\n|t:|1776182685\n|move|p1b: Basculegion|Wave Crash|p2a: Greninja\n|-supereffective|p2a: Greninja|1\n|-damage|p2a: Greninja|0 fnt\n|faint|p2a: Greninja\n|-damage|p1b: Basculegion|82/100|[from] Recoil\n|move|p2b: Absol|Rock Slide|p1b: Basculegion|[spread] p1a,p1b\n|-damage|p1a: Glimmora|17/100\n|-damage|p1b: Basculegion|54/100\n|cant|p1a: Glimmora|flinch\n|\n|-damage|p2b: Absol|28/100 psn|[from] psn\n|upkeep\n|turn|8\n|\n|t:|1776182697\n|move|p1b: Basculegion|Wave Crash|p2b: Absol\n|-damage|p2b: Absol|0 fnt\n|faint|p2b: Absol\n|-damage|p1b: Basculegion|48/100|[from] Recoil\n|\n|win|kimmico chan\n|raw|kimmico chan's rating: 1045 &rarr; <strong>1080</strong><br />(+35 for winning)\n|raw|shmlott's rating: 1068 &rarr; <strong>1046</strong><br />(-22 for losing)\n|l|\u2606shmlott\n|player|p2|\n",
  "uploadtime": 1776182721,
  "views": 24,
  "formatid": "gen9championsvgc2026regma",
  "rating": 1046,
  "private": 0,
  "password": null
}