{
  "id": "gen9championsvgc2026regma-2585940974",
  "format": "[Gen 9 Champions] VGC 2026 Reg M-A",
  "players": [
    "Troyster56",
    "Kooky14"
  ],
  "log": "|j|\u2606Troyster56\n|j|\u2606Kooky14\n|t:|1776383454\n|gametype|doubles\n|player|p1|Troyster56|cynthia-gen4|1337\n|player|p2|Kooky14|teamrocket|1256\n|gen|9\n|tier|[Gen 9 Champions] VGC 2026 Reg M-A\n|rated|\n|rule|Species Clause: Limit one of each Pok\u00e9mon\n|rule|Item Clause: Limit 1 of each item\n|clearpoke\n|poke|p1|Delphox, L50, F|\n|poke|p1|Basculegion, L50, M|\n|poke|p1|Clefable, L50, M|\n|poke|p1|Kingambit, L50, F|\n|poke|p1|Dragonite, L50, M|\n|poke|p1|Sneasler, L50, F|\n|poke|p2|Sableye, L50, M|\n|poke|p2|Kingambit, L50, M|\n|poke|p2|Tyranitar, L50, M|\n|poke|p2|Volcarona, L50, M|\n|poke|p2|Sneasler, L50, M|\n|poke|p2|Rotom-Wash, L50|\n|teampreview|4\n|inactive|Battle timer is ON: inactive players will automatically lose when time's up. (requested by Troyster56)\n|inactive|Troyster56 has 60 seconds left.\n|inactive|Kooky14 has 60 seconds left.\n|inactive|Troyster56 has 30 seconds left.\n|inactive|Kooky14 has 30 seconds left.\n|inactive|Troyster56 has 20 seconds left.\n|inactive|Troyster56 has 15 seconds left.\n|\n|t:|1776383532\n|teamsize|p1|4\n|teamsize|p2|4\n|start\n|switch|p1a: Sneasler|Sneasler, L50, F|100/100\n|switch|p1b: Kingambit|Kingambit, L50, F|100/100\n|switch|p2a: Sableye|Sableye, L50, M|100/100\n|switch|p2b: Rotom|Rotom-Wash, L50|100/100\n|turn|1\n|inactive|Kooky14 has 30 seconds left.\n|inactive|Kooky14 has 20 seconds left.\n|\n|t:|1776383571\n|switch|p2b: Tyranitar|Tyranitar, L50, M|100/100\n|-weather|Sandstorm|[from] ability: Sand Stream|[of] p2b: Tyranitar\n|move|p1a: Sneasler|Fake Out|p2b: Tyranitar\n|-resisted|p2b: Tyranitar|1\n|-damage|p2b: Tyranitar|95/100\n|move|p2a: Sableye|Fake Out|p1b: Kingambit\n|-resisted|p1b: Kingambit|1\n|-damage|p1b: Kingambit|98/100\n|cant|p1b: Kingambit|flinch\n|\n|-weather|Sandstorm|[upkeep]\n|-damage|p1a: Sneasler|95/100|[from] Sandstorm\n|-damage|p2a: Sableye|95/100|[from] Sandstorm\n|-heal|p2a: Sableye|100/100|[from] item: Leftovers\n|upkeep\n|turn|2\n|\n|t:|1776383587\n|detailschange|p2b: Tyranitar|Tyranitar-Mega, L50, M\n|-mega|p2b: Tyranitar|Tyranitar|Tyranitarite\n|move|p2a: Sableye|Encore|p1a: Sneasler\n|-start|p1a: Sneasler|Encore\n|move|p1a: Sneasler|Fake Out||[still]\n|-hint|Fake Out only works on your first turn out.\n|-fail|p1a: Sneasler\n|move|p2b: Tyranitar|Low Kick|p1b: Kingambit\n|-supereffective|p1b: Kingambit|2\n|-damage|p1b: Kingambit|0 fnt\n|faint|p1b: Kingambit\n|\n|-weather|Sandstorm|[upkeep]\n|-damage|p1a: Sneasler|89/100|[from] Sandstorm\n|-damage|p2a: Sableye|95/100|[from] Sandstorm\n|-heal|p2a: Sableye|100/100|[from] item: Leftovers\n|upkeep\n|\n|t:|1776383595\n|switch|p1b: Basculegion|Basculegion, L50, M|100/100\n|turn|3\n|\n|t:|1776383603\n|switch|p1a: Delphox|Delphox, L50, F, shiny|100/100\n|move|p2a: Sableye|Reflect|p2a: Sableye\n|-sidestart|p2: Kooky14|Reflect\n|move|p1b: Basculegion|Wave Crash|p2b: Tyranitar\n|-supereffective|p2b: Tyranitar|1\n|-damage|p2b: Tyranitar|31/100\n|-damage|p1b: Basculegion|78/100|[from] Recoil\n|move|p2b: Tyranitar|Knock Off|p1b: Basculegion\n|-supereffective|p1b: Basculegion|1\n|-damage|p1b: Basculegion|0 fnt\n|-enditem|p1b: Basculegion|Choice Scarf|[from] move: Knock Off|[of] p2b: Tyranitar\n|faint|p1b: Basculegion\n|\n|-weather|Sandstorm|[upkeep]\n|-damage|p1a: Delphox|94/100|[from] Sandstorm\n|-damage|p2a: Sableye|95/100|[from] Sandstorm\n|-heal|p2a: Sableye|100/100|[from] item: Leftovers\n|upkeep\n|\n|t:|1776383611\n|switch|p1b: Sneasler|Sneasler, L50, F|89/100\n|turn|4\n|\n|t:|1776383635\n|detailschange|p1a: Delphox|Delphox-Mega, L50, F, shiny\n|-mega|p1a: Delphox|Delphox|Delphoxite\n|move|p2b: Tyranitar|Protect|p2b: Tyranitar\n|-singleturn|p2b: Tyranitar|Protect\n|move|p2a: Sableye|Disable||[still]\n|-fail|p2a: Sableye\n|move|p1a: Delphox|Heat Wave|p2a: Sableye|[spread] p2a\n|-activate|p2b: Tyranitar|move: Protect\n|-damage|p2a: Sableye|57/100\n|move|p1b: Sneasler|Dire Claw|p2b: Tyranitar\n|-activate|p2b: Tyranitar|move: Protect\n|\n|-weather|Sandstorm|[upkeep]\n|-damage|p1a: Delphox|88/100|[from] Sandstorm\n|-damage|p1b: Sneasler|83/100|[from] Sandstorm\n|-damage|p2a: Sableye|51/100|[from] Sandstorm\n|-heal|p2a: Sableye|57/100|[from] item: Leftovers\n|upkeep\n|turn|5\n|\n|t:|1776383654\n|switch|p2b: Rotom|Rotom-Wash, L50|100/100\n|move|p2a: Sableye|Disable|p1a: Delphox\n|-start|p1a: Delphox|Disable|Heat Wave\n|cant|p1a: Delphox|Disable|Heat Wave\n|move|p1b: Sneasler|Close Combat|p2b: Rotom\n|-damage|p2b: Rotom|45/100\n|-unboost|p1b: Sneasler|def|1\n|-unboost|p1b: Sneasler|spd|1\n|\n|-weather|none\n|-heal|p2a: Sableye|62/100|[from] item: Leftovers\n|upkeep\n|turn|6\n|\n|t:|1776383674\n|move|p2a: Sableye|Disable|p1b: Sneasler\n|-start|p1b: Sneasler|Disable|Close Combat\n|move|p2b: Rotom|Electroweb|p1b: Sneasler|[spread] p1a,p1b\n|-damage|p1a: Delphox|68/100\n|-damage|p1b: Sneasler|42/100\n|-unboost|p1a: Delphox|spe|1\n|-unboost|p1b: Sneasler|spe|1\n|move|p1a: Delphox|Psychic|p2b: Rotom\n|-damage|p2b: Rotom|0 fnt\n|faint|p2b: Rotom\n|move|p1b: Sneasler|Dire Claw|p2a: Sableye\n|-resisted|p2a: Sableye|1\n|-damage|p2a: Sableye|43/100\n|\n|-heal|p2a: Sableye|49/100|[from] item: Leftovers\n|upkeep\n|\n|t:|1776383686\n|switch|p2b: Sneasler|Sneasler, L50, M|100/100\n|-ability|p2b: Sneasler|Pressure\n|turn|7\n|inactive|Kooky14 has 30 seconds left.\n|\n|t:|1776383719\n|move|p1a: Delphox|Protect|p1a: Delphox\n|-singleturn|p1a: Delphox|Protect\n|move|p1b: Sneasler|Protect|p1b: Sneasler\n|-singleturn|p1b: Sneasler|Protect\n|move|p2b: Sneasler|Fake Out|p1b: Sneasler\n|-activate|p1b: Sneasler|move: Protect\n|move|p2a: Sableye|Encore|p1b: Sneasler\n|-activate|p1b: Sneasler|move: Protect\n|\n|-heal|p2a: Sableye|55/100|[from] item: Leftovers\n|-sideend|p2: Kooky14|Reflect\n|upkeep\n|turn|8\n|\n|t:|1776383740\n|move|p2a: Sableye|Encore|p1b: Sneasler\n|-start|p1b: Sneasler|Encore\n|move|p1b: Sneasler|Protect||[still]\n|-fail|p1b: Sneasler\n|move|p2b: Sneasler|Dire Claw|p1a: Delphox\n|-damage|p1a: Delphox|0 fnt\n|faint|p1a: Delphox\n|\n|-heal|p2a: Sableye|60/100|[from] item: Leftovers\n|upkeep\n|turn|9\n|-message|Troyster56 forfeited.\n|\n|win|Kooky14\n|raw|Troyster56's rating: 1337 &rarr; <strong>1312</strong><br />(-25 for losing)\n|raw|Kooky14's rating: 1256 &rarr; <strong>1287</strong><br />(+31 for winning)\n|l|\u2606Troyster56\n|player|p1|\n",
  "uploadtime": 1776383751,
  "views": 30,
  "formatid": "gen9championsvgc2026regma",
  "rating": 1287,
  "private": 0,
  "password": null
}