{
  "id": "gen9championsvgc2026regma-2582606308",
  "format": "[Gen 9 Champions] VGC 2026 Reg M-A",
  "players": [
    "TBHgobblegobble",
    "dgt52"
  ],
  "log": "|j|\u2606TBHgobblegobble\n|j|\u2606dgt52\n|t:|1776102235\n|gametype|doubles\n|player|p1|TBHgobblegobble|266|1040\n|player|p2|dgt52|266|1006\n|gen|9\n|tier|[Gen 9 Champions] VGC 2026 Reg M-A\n|rated|\n|rule|Species Clause: Limit one of each Pok\u00e9mon\n|rule|Item Clause: Limit 1 of each item\n|clearpoke\n|poke|p1|Aegislash, L50, M|\n|poke|p1|Scovillain, L50, F|\n|poke|p1|Hydrapple, L50, M|\n|poke|p1|Farigiraf, L50, F|\n|poke|p1|Lopunny, L50, M|\n|poke|p1|Palafin, L50, M|\n|poke|p2|Salazzle, L50, F|\n|poke|p2|Orthworm, L50, M|\n|poke|p2|Dragonite, L50, F|\n|poke|p2|Incineroar, L50, M|\n|poke|p2|Sinistcha, L50|\n|poke|p2|Gengar, L50, M|\n|teampreview|4\n|inactive|Battle timer is ON: inactive players will automatically lose when time's up. (requested by dgt52)\n|\n|t:|1776102262\n|teamsize|p1|4\n|teamsize|p2|4\n|start\n|switch|p1a: Palafin|Palafin, L50, M|100/100\n|switch|p1b: Scovillain|Scovillain, L50, F|100/100\n|switch|p2a: Salazzle|Salazzle, L50, F|100/100\n|switch|p2b: Orthworm|Orthworm, L50, M|100/100\n|turn|1\n|\n|t:|1776102286\n|move|p2a: Salazzle|Fake Out|p1a: Palafin\n|-damage|p1a: Palafin|93/100\n|move|p1b: Scovillain|Rage Powder|p1b: Scovillain\n|-singleturn|p1b: Scovillain|move: Rage Powder\n|cant|p1a: Palafin|flinch\n|move|p2b: Orthworm|Shed Tail|p2b: Orthworm\n|-start|p2b: Orthworm|Substitute|[from] move: Shed Tail\n|-damage|p2b: Orthworm|50/100\n|-enditem|p2b: Orthworm|Sitrus Berry|[eat]\n|-heal|p2b: Orthworm|75/100|[from] item: Sitrus Berry\n|\n|t:|1776102297\n|switch|p2b: Dragonite|Dragonite, L50, F|100/100|[from] Shed Tail\n|\n|-ability|p1b: Scovillain|Moody|boost\n|-boost|p1b: Scovillain|def|2\n|-unboost|p1b: Scovillain|spa|1\n|upkeep\n|turn|2\n|\n|t:|1776102310\n|detailschange|p1a: Palafin|Palafin-Hero, L50, M\n|switch|p1a: Hydrapple|Hydrapple, L50, M|100/100\n|detailschange|p1b: Scovillain|Scovillain-Mega, L50, F\n|-mega|p1b: Scovillain|Scovillain|Scovillainite\n|move|p1b: Scovillain|Rage Powder|p1b: Scovillain\n|-singleturn|p1b: Scovillain|move: Rage Powder\n|move|p2a: Salazzle|Dragon Cheer|p2b: Dragonite\n|-start|p2b: Dragonite|move: Dragon Cheer\n|move|p2b: Dragonite|Draco Meteor|p1b: Scovillain\n|-crit|p1b: Scovillain\n|-damage|p1b: Scovillain|0 fnt\n|-unboost|p2b: Dragonite|spa|2\n|-status|p2b: Dragonite|brn|[from] ability: Spicy Spray|[of] p1b: Scovillain\n|faint|p1b: Scovillain\n|\n|-damage|p2b: Dragonite|95/100 brn|[from] brn\n|upkeep\n|\n|t:|1776102327\n|switch|p1b: Lopunny|Lopunny, L50, M|100/100\n|turn|3\n|\n|t:|1776102337\n|move|p1b: Lopunny|Fake Out|p2a: Salazzle\n|-damage|p2a: Salazzle|72/100\n|cant|p2a: Salazzle|flinch\n|move|p2b: Dragonite|Draco Meteor|p1a: Hydrapple\n|-supereffective|p1a: Hydrapple|1\n|-crit|p1a: Hydrapple\n|-damage|p1a: Hydrapple|0 fnt\n|-unboost|p2b: Dragonite|spa|2\n|faint|p1a: Hydrapple\n|\n|-damage|p2b: Dragonite|89/100 brn|[from] brn\n|upkeep\n|\n|t:|1776102349\n|switch|p1a: Palafin|Palafin-Hero, L50, M|93/100\n|-activate|p1a: Palafin|ability: Zero to Hero\n|turn|4\n|\n|t:|1776102361\n|move|p1a: Palafin|Protect|p1a: Palafin\n|-singleturn|p1a: Palafin|Protect\n|move|p2a: Salazzle|Thunder Wave|p1b: Lopunny\n|-status|p1b: Lopunny|par\n|move|p2b: Dragonite|Draco Meteor|p1a: Palafin\n|-activate|p1a: Palafin|move: Protect\n|move|p1b: Lopunny|Facade|p2b: Dragonite\n|-end|p2b: Dragonite|Substitute\n|\n|-damage|p2b: Dragonite|83/100 brn|[from] brn\n|upkeep\n|turn|5\n|\n|t:|1776102380\n|move|p2b: Dragonite|Protect|p2b: Dragonite\n|-singleturn|p2b: Dragonite|Protect\n|move|p1a: Palafin|Jet Punch|p2a: Salazzle\n|-supereffective|p2a: Salazzle|1\n|-damage|p2a: Salazzle|0 fnt\n|faint|p2a: Salazzle\n|move|p1b: Lopunny|Facade|p2b: Dragonite\n|-activate|p2b: Dragonite|move: Protect\n|\n|-damage|p2b: Dragonite|77/100 brn|[from] brn\n|upkeep\n|\n|t:|1776102392\n|switch|p2a: Gengar|Gengar, L50, M|100/100\n|turn|6\n|\n|t:|1776102403\n|detailschange|p2a: Gengar|Gengar-Mega, L50, M\n|-mega|p2a: Gengar|Gengar|Gengarite\n|move|p1a: Palafin|Protect|p1a: Palafin\n|-singleturn|p1a: Palafin|Protect\n|move|p2a: Gengar|Icy Wind|p1a: Palafin|[spread] p1b\n|-activate|p1a: Palafin|move: Protect\n|-damage|p1b: Lopunny|78/100 par\n|-unboost|p1b: Lopunny|spe|1\n|move|p2b: Dragonite|Draco Meteor|p1a: Palafin\n|-activate|p1a: Palafin|move: Protect\n|move|p1b: Lopunny|U-turn|p2a: Gengar\n|-resisted|p2a: Gengar|2\n|-damage|p2a: Gengar|94/100\n|\n|-damage|p2b: Dragonite|71/100 brn|[from] brn\n|upkeep\n|turn|7\n|\n|t:|1776102423\n|move|p2a: Gengar|Icy Wind|p1a: Palafin|[spread] p1a,p1b\n|-resisted|p1a: Palafin|1\n|-damage|p1a: Palafin|82/100\n|-damage|p1b: Lopunny|55/100 par\n|-unboost|p1a: Palafin|spe|1\n|-unboost|p1b: Lopunny|spe|1\n|move|p2b: Dragonite|Draco Meteor|p1a: Palafin\n|-crit|p1a: Palafin\n|-damage|p1a: Palafin|0 fnt\n|-unboost|p2b: Dragonite|spa|2\n|faint|p1a: Palafin\n|cant|p1b: Lopunny|par\n|\n|-damage|p2b: Dragonite|65/100 brn|[from] brn\n|upkeep\n|turn|8\n|\n|t:|1776102440\n|move|p2a: Gengar|Sludge Bomb|p1b: Lopunny\n|-damage|p1b: Lopunny|0 fnt\n|faint|p1b: Lopunny\n|\n|win|dgt52\n|raw|TBHgobblegobble's rating: 1040 &rarr; <strong>1022</strong><br />(-18 for losing)\n|raw|dgt52's rating: 1006 &rarr; <strong>1049</strong><br />(+43 for winning)\n",
  "uploadtime": 1776102447,
  "views": 23,
  "formatid": "gen9championsvgc2026regma",
  "rating": 1022,
  "private": 0,
  "password": null
}