{
  "id": "gen9championsvgc2026regma-2586993620",
  "format": "[Gen 9 Champions] VGC 2026 Reg M-A",
  "players": [
    "ax bf",
    "Venomzito"
  ],
  "log": "|j|\u2606ax bf\n|j|\u2606Venomzito\n|t:|1776479192\n|gametype|doubles\n|player|p1|ax bf|dragontamer|1050\n|player|p2|Venomzito|benga|1044\n|gen|9\n|tier|[Gen 9 Champions] VGC 2026 Reg M-A\n|rated|\n|rule|Species Clause: Limit one of each Pok\u00e9mon\n|rule|Item Clause: Limit 1 of each item\n|clearpoke\n|poke|p1|Froslass, L50, F|\n|poke|p1|Liepard, L50, M|\n|poke|p1|Slowking, L50, M|\n|poke|p1|Beartic, L50, F|\n|poke|p1|Incineroar, L50, F|\n|poke|p1|Arcanine-Hisui, L50, M|\n|poke|p2|Machamp, L50, F|\n|poke|p2|Charizard, L50, F|\n|poke|p2|Venusaur, L50, M|\n|poke|p2|Kingambit, L50, M|\n|poke|p2|Whimsicott, L50, M|\n|poke|p2|Gyarados, L50, M|\n|teampreview|4\nax bf rejected open team sheets.\n|inactive|Battle timer is ON: inactive players will automatically lose when time's up. (requested by Venomzito)\n|\n|t:|1776479241\n|teamsize|p1|4\n|teamsize|p2|4\n|start\n|switch|p1a: Froslass|Froslass, L50, F|100/100\n|switch|p1b: Liepard|Liepard, L50, M|100/100\n|switch|p2a: Gyarados|Gyarados, L50, M|100/100\n|switch|p2b: Machamp|Machamp, L50, F|100/100\n|-ability|p2a: Gyarados|Intimidate|boost\n|-unboost|p1a: Froslass|atk|1\n|-unboost|p1b: Liepard|atk|1\n|turn|1\n|\n|t:|1776479263\n|detailschange|p1a: Froslass|Froslass-Mega, L50, F\n|-mega|p1a: Froslass|Froslass|Froslassite\n|-weather|Snowscape|[from] ability: Snow Warning|[of] p1a: Froslass\n|move|p1b: Liepard|Fake Out|p2a: Gyarados\n|-damage|p2a: Gyarados|95/100\n|move|p1a: Froslass|Aurora Veil|p1a: Froslass\n|-sidestart|p1: ax bf|move: Aurora Veil\n|cant|p2a: Gyarados|flinch\n|move|p2b: Machamp|Knock Off|p1a: Froslass\n|-supereffective|p1a: Froslass|1\n|-damage|p1a: Froslass|69/100\n|\n|-weather|Snowscape|[upkeep]\n|upkeep\n|turn|2\n|\n|t:|1776479281\n|move|p1b: Liepard|Thunder Wave|p2b: Machamp\n|-status|p2b: Machamp|par\n|move|p1a: Froslass|Blizzard|p2b: Machamp|[spread] p2a,p2b\n|-damage|p2a: Gyarados|55/100\n|-damage|p2b: Machamp|59/100 par\n|-status|p2a: Gyarados|frz\n|-enditem|p2a: Gyarados|Lum Berry|[eat]\n|-curestatus|p2a: Gyarados|frz|[msg]\n|move|p2a: Gyarados|Waterfall|p1a: Froslass\n|-damage|p1a: Froslass|39/100\n|move|p2b: Machamp|Coaching|p2a: Gyarados\n|-boost|p2a: Gyarados|atk|1\n|-boost|p2a: Gyarados|def|1\n|\n|-weather|Snowscape|[upkeep]\n|upkeep\n|turn|3\n|\n|t:|1776479301\n|move|p2b: Machamp|Wide Guard|p2b: Machamp\n|-singleturn|p2b: Machamp|Wide Guard\n|move|p1b: Liepard|Thunder Wave|p2a: Gyarados\n|-status|p2a: Gyarados|par\n|move|p1a: Froslass|Hex|p2b: Machamp\n|-damage|p2b: Machamp|0 fnt\n|faint|p2b: Machamp\n|move|p2a: Gyarados|Waterfall|p1a: Froslass\n|-damage|p1a: Froslass|0 fnt\n|faint|p1a: Froslass\n|\n|-weather|Snowscape|[upkeep]\n|upkeep\n|\n|t:|1776479313\n|switch|p1a: Beartic|Beartic, L50, F|100/100\n|switch|p2b: Charizard|Charizard, L50, F|100/100\n|turn|4\n|\n|t:|1776479321\n|detailschange|p2b: Charizard|Charizard-Mega-Y, L50, F\n|-mega|p2b: Charizard|Charizard|Charizardite Y\n|-weather|SunnyDay|[from] ability: Drought|[of] p2b: Charizard\n|move|p2b: Charizard|Protect|p2b: Charizard\n|-singleturn|p2b: Charizard|Protect\n|move|p1b: Liepard|Thunder Wave|p2b: Charizard\n|-activate|p2b: Charizard|move: Protect\n|move|p1a: Beartic|Rock Slide|p2b: Charizard|[spread] p2a\n|-activate|p2b: Charizard|move: Protect\n|-supereffective|p2a: Gyarados|1\n|-damage|p2a: Gyarados|26/100 par\n|move|p2a: Gyarados|Thunder Wave|p1a: Beartic\n|-status|p1a: Beartic|par\n|\n|-weather|SunnyDay|[upkeep]\n|upkeep\n|turn|5\n|inactive|ax bf has 30 seconds left.\n|inactive|ax bf has 20 seconds left.\n|inactive|ax bf has 15 seconds left.\n|\n|t:|1776479363\n|switch|p2b: Kingambit|Kingambit, L50, M|100/100\n|move|p1b: Liepard|Thunder Wave|p2b: Kingambit\n|-hint|Since gen 7, Dark is immune to Prankster moves.\n|-immune|p2b: Kingambit\n|move|p2a: Gyarados|Taunt|p1b: Liepard\n|-start|p1b: Liepard|move: Taunt\n|move|p1a: Beartic|Rock Slide|p2a: Gyarados|[spread] p2a,p2b\n|-supereffective|p2a: Gyarados|1\n|-resisted|p2b: Kingambit|1\n|-damage|p2a: Gyarados|0 fnt\n|-damage|p2b: Kingambit|93/100\n|faint|p2a: Gyarados\n|\n|-weather|SunnyDay|[upkeep]\n|-sideend|p1: ax bf|move: Aurora Veil\n|upkeep\n|\n|t:|1776479370\n|switch|p2a: Charizard|Charizard-Mega-Y, L50, F|100/100\n|turn|6\n|\n|t:|1776479385\n|switch|p1b: Arcanine|Arcanine-Hisui, L50, M|100/100\n|-ability|p1b: Arcanine|Intimidate|boost\n|-unboost|p2a: Charizard|atk|1\n|-unboost|p2b: Kingambit|atk|1\n|-ability|p2b: Kingambit|Defiant|boost\n|-boost|p2b: Kingambit|atk|2\n|move|p2a: Charizard|Heat Wave|p1b: Arcanine|[spread] p1a,p1b\n|-supereffective|p1a: Beartic|1\n|-resisted|p1b: Arcanine|2\n|-damage|p1a: Beartic|0 fnt\n|-damage|p1b: Arcanine|84/100\n|faint|p1a: Beartic\n|move|p2b: Kingambit|Swords Dance|p2b: Kingambit\n|-boost|p2b: Kingambit|atk|2\n|\n|-weather|SunnyDay|[upkeep]\n|upkeep\n|\n|t:|1776479397\n|switch|p1a: Liepard|Liepard, L50, M|100/100\n|turn|7\n|\n|t:|1776479416\n|move|p2a: Charizard|Protect|p2a: Charizard\n|-singleturn|p2a: Charizard|Protect\n|move|p1a: Liepard|Fake Out|p2b: Kingambit\n|-resisted|p2b: Kingambit|1\n|-damage|p2b: Kingambit|90/100\n|move|p1b: Arcanine|Flare Blitz|p2b: Kingambit\n|-supereffective|p2b: Kingambit|1\n|-damage|p2b: Kingambit|0 fnt\n|faint|p2b: Kingambit\n|-damage|p1b: Arcanine|54/100|[from] Recoil\n|\n|-weather|SunnyDay|[upkeep]\n|upkeep\n|turn|8\n|\n|t:|1776479430\n|move|p1a: Liepard|Thunder Wave|p2a: Charizard\n|-status|p2a: Charizard|par\n|move|p1b: Arcanine|Flare Blitz|p2a: Charizard\n|-resisted|p2a: Charizard|1\n|-damage|p2a: Charizard|39/100 par\n|-damage|p1b: Arcanine|38/100|[from] Recoil\n|move|p2a: Charizard|Solar Beam||[still]\n|-prepare|p2a: Charizard|Solar Beam\n|-anim|p2a: Charizard|Solar Beam|p1b: Arcanine\n|-damage|p1b: Arcanine|0 fnt\n|faint|p1b: Arcanine\n|\n|-weather|none\n|upkeep\n|turn|9\n|\n|t:|1776479443\n|move|p1a: Liepard|Snarl|p2a: Charizard\n|-damage|p2a: Charizard|15/100 par\n|-unboost|p2a: Charizard|spa|1\n|move|p2a: Charizard|Heat Wave|p1a: Liepard\n|-damage|p1a: Liepard|17/100\n|\n|upkeep\n|turn|10\n|\n|t:|1776479457\n|move|p2a: Charizard|Protect|p2a: Charizard\n|-singleturn|p2a: Charizard|Protect\n|move|p1a: Liepard|Snarl|p2a: Charizard\n|-activate|p2a: Charizard|move: Protect\n|\n|upkeep\n|turn|11\n|\n|t:|1776479464\n|move|p1a: Liepard|Snarl|p2a: Charizard|[miss]\n|-miss|p1a: Liepard|p2a: Charizard\n|move|p2a: Charizard|Weather Ball|p1a: Liepard\n|-damage|p1a: Liepard|0 fnt\n|faint|p1a: Liepard\n|\n|win|Venomzito\n|raw|ax bf's rating: 1050 &rarr; <strong>1032</strong><br />(-18 for losing)\n|raw|Venomzito's rating: 1044 &rarr; <strong>1078</strong><br />(+34 for winning)\n",
  "uploadtime": 1776479482,
  "views": 19,
  "formatid": "gen9championsvgc2026regma",
  "rating": 1032,
  "private": 0,
  "password": null
}