{
  "id": "gen9championsvgc2026regma-2581886132",
  "format": "[Gen 9 Champions] VGC 2026 Reg M-A",
  "players": [
    "ilovedelphox",
    "moonslk"
  ],
  "log": "|j|\u2606ilovedelphox\n|j|\u2606moonslk\n|t:|1776036746\n|gametype|doubles\n|player|p1|ilovedelphox|skyla|\n|player|p2|moonslk|selene-masters2|\n|gen|9\n|tier|[Gen 9 Champions] VGC 2026 Reg M-A\n|rule|Species Clause: Limit one of each Pok\u00e9mon\n|rule|Item Clause: Limit 1 of each item\n|clearpoke\n|poke|p1|Sneasler, L50, F|\n|poke|p1|Dragonite, L50, M|\n|poke|p1|Aggron, L50, M|\n|poke|p1|Sinistcha, L50|\n|poke|p1|Primarina, L50, F|\n|poke|p1|Incineroar, L50, M|\n|poke|p2|Tyranitar, L50, M|\n|poke|p2|Garchomp, L50, M|\n|poke|p2|Aegislash, L50, F|\n|poke|p2|Kingambit, L50, M|\n|poke|p2|Aggron, L50, M|\n|poke|p2|Excadrill, L50, F|\n|teampreview|4\n|\n|t:|1776036779\n|teamsize|p1|4\n|teamsize|p2|4\n|start\n|switch|p1a: Sneasler|Sneasler, L50, F|100/100\n|switch|p1b: Dragonite|Dragonite, L50, M, shiny|100/100\n|switch|p2a: Tyranitar|Tyranitar, L50, M, shiny|100/100\n|switch|p2b: Kingambit|Kingambit, L50, M, shiny|100/100\n|-weather|Sandstorm|[from] ability: Sand Stream|[of] p2a: Tyranitar\n|turn|1\n|\n|t:|1776036801\n|detailschange|p1b: Dragonite|Dragonite-Mega, L50, M, shiny\n|-mega|p1b: Dragonite|Dragonite|Dragoninite\n|move|p1a: Sneasler|Fake Out|p2a: Tyranitar\n|-resisted|p2a: Tyranitar|1\n|-damage|p2a: Tyranitar|95/100\n|move|p2b: Kingambit|Sucker Punch||[still]\n|-fail|p2b: Kingambit\n|move|p1b: Dragonite|Tailwind|p1b: Dragonite\n|-sidestart|p1: ilovedelphox|move: Tailwind\n|cant|p2a: Tyranitar|flinch\n|\n|-weather|Sandstorm|[upkeep]\n|-damage|p1a: Sneasler|95/100|[from] Sandstorm\n|-damage|p1b: Dragonite|94/100|[from] Sandstorm\n|upkeep\n|turn|2\n|\n|t:|1776036857\n|switch|p2a: Garchomp|Garchomp, L50, M|100/100\n|move|p2b: Kingambit|Protect|p2b: Kingambit\n|-singleturn|p2b: Kingambit|Protect\n|move|p1a: Sneasler|Close Combat|p2b: Kingambit\n|-activate|p2b: Kingambit|move: Protect\n|move|p1b: Dragonite|Draco Meteor|p2a: Garchomp\n|-supereffective|p2a: Garchomp|1\n|-damage|p2a: Garchomp|0 fnt\n|-unboost|p1b: Dragonite|spa|2\n|faint|p2a: Garchomp\n|\n|-weather|Sandstorm|[upkeep]\n|-damage|p1a: Sneasler|89/100|[from] Sandstorm\n|-damage|p1b: Dragonite|88/100|[from] Sandstorm\n|upkeep\n|\n|t:|1776036871\n|switch|p2a: Aggron|Aggron, L50, M, shiny|100/100\n|turn|3\n|\n|t:|1776036895\n|switch|p1b: Sinistcha|Sinistcha, L50|100/100\n|-heal|p1a: Sneasler|100/100|[from] ability: Hospitality|[of] p1b: Sinistcha\n|detailschange|p2a: Aggron|Aggron-Mega, L50, M, shiny\n|-mega|p2a: Aggron|Aggron|Aggronite\n|move|p1a: Sneasler|Close Combat|p2b: Kingambit\n|-supereffective|p2b: Kingambit|2\n|-enditem|p2b: Kingambit|Focus Sash\n|-damage|p2b: Kingambit|1/100\n|-unboost|p1a: Sneasler|def|1\n|-unboost|p1a: Sneasler|spd|1\n|-enditem|p1a: Sneasler|White Herb\n|-clearnegativeboost|p1a: Sneasler|[silent]\n|move|p2b: Kingambit|Iron Head|p1a: Sneasler\n|-damage|p1a: Sneasler|27/100\n|move|p2a: Aggron|Iron Defense|p2a: Aggron\n|-boost|p2a: Aggron|def|2\n|\n|-weather|Sandstorm|[upkeep]\n|-damage|p1a: Sneasler|22/100|[from] Sandstorm\n|-damage|p1b: Sinistcha|94/100|[from] Sandstorm\n|upkeep\n|turn|4\n|\n|t:|1776036923\n|move|p2b: Kingambit|Sucker Punch|p1a: Sneasler\n|-resisted|p1a: Sneasler|1\n|-damage|p1a: Sneasler|0 fnt\n|faint|p1a: Sneasler\n|move|p1b: Sinistcha|Matcha Gotcha|p2a: Aggron|[spread] p2a\n|-miss|p1b: Sinistcha|p2b: Kingambit\n|-resisted|p2a: Aggron|1\n|-damage|p2a: Aggron|89/100\n|-heal|p1b: Sinistcha|100/100|[from] drain|[of] p2a: Aggron\n|move|p2a: Aggron|Heavy Slam|p1b: Sinistcha\n|-damage|p1b: Sinistcha|47/100\n|\n|-weather|Sandstorm|[upkeep]\n|-damage|p1b: Sinistcha|41/100|[from] Sandstorm\n|-sideend|p1: ilovedelphox|move: Tailwind\n|upkeep\n|\n|t:|1776036933\n|switch|p1a: Primarina|Primarina, L50, F, shiny|100/100\n|turn|5\n|\n|t:|1776036943\n|move|p1a: Primarina|Protect|p1a: Primarina\n|-singleturn|p1a: Primarina|Protect\n|move|p2b: Kingambit|Sucker Punch||[still]\n|-fail|p2b: Kingambit\n|move|p2a: Aggron|Heavy Slam|p1a: Primarina\n|-activate|p1a: Primarina|move: Protect\n|move|p1b: Sinistcha|Trick Room|p1b: Sinistcha\n|-fieldstart|move: Trick Room|[of] p1b: Sinistcha\n|\n|-weather|none\n|upkeep\n|turn|6\n|\n|t:|1776036964\n|switch|p2b: Tyranitar|Tyranitar, L50, M, shiny|95/100\n|-weather|Sandstorm|[from] ability: Sand Stream|[of] p2b: Tyranitar\n|move|p2a: Aggron|Heavy Slam|p1b: Sinistcha\n|-damage|p1b: Sinistcha|0 fnt\n|faint|p1b: Sinistcha\n|move|p1a: Primarina|Hyper Voice|p2a: Aggron|[spread] p2a,p2b\n|-supereffective|p2b: Tyranitar|1\n|-damage|p2a: Aggron|56/100\n|-damage|p2b: Tyranitar|61/100\n|\n|-weather|Sandstorm|[upkeep]\n|-damage|p1a: Primarina|95/100|[from] Sandstorm\n|-heal|p1a: Primarina|100/100|[from] item: Leftovers\n|upkeep\n|\n|t:|1776036975\n|switch|p1b: Dragonite|Dragonite-Mega, L50, M, shiny|88/100\n|turn|7\n|\n|t:|1776036987\n|move|p1b: Dragonite|Protect|p1b: Dragonite\n|-singleturn|p1b: Dragonite|Protect\n|move|p2a: Aggron|Heavy Slam|p1b: Dragonite\n|-activate|p1b: Dragonite|move: Protect\n|move|p1a: Primarina|Hyper Voice|p2a: Aggron|[spread] p2a,p2b\n|-supereffective|p2b: Tyranitar|1\n|-damage|p2a: Aggron|27/100\n|-damage|p2b: Tyranitar|22/100\n|move|p2b: Tyranitar|Thunder Punch|p1a: Primarina\n|-supereffective|p1a: Primarina|1\n|-damage|p1a: Primarina|46/100\n|\n|-weather|Sandstorm|[upkeep]\n|-damage|p1a: Primarina|40/100|[from] Sandstorm\n|-damage|p1b: Dragonite|82/100|[from] Sandstorm\n|-heal|p1a: Primarina|46/100|[from] item: Leftovers\n|upkeep\n|turn|8\n|\n|t:|1776037008\n|move|p2a: Aggron|Heavy Slam|p1a: Primarina\n|-damage|p1a: Primarina|0 fnt\n|faint|p1a: Primarina\n|move|p2b: Tyranitar|Rock Slide|p1b: Dragonite\n|-supereffective|p1b: Dragonite|1\n|-damage|p1b: Dragonite|17/100\n|move|p1b: Dragonite|Air Slash|p2a: Aggron\n|-resisted|p2a: Aggron|1\n|-damage|p2a: Aggron|5/100\n|\n|-weather|Sandstorm|[upkeep]\n|-damage|p1b: Dragonite|11/100|[from] Sandstorm\n|upkeep\n|turn|9\n|\n|t:|1776037021\n|move|p2a: Aggron|Protect|p2a: Aggron\n|-singleturn|p2a: Aggron|Protect\n|move|p2b: Tyranitar|Rock Slide|p1b: Dragonite\n|-supereffective|p1b: Dragonite|1\n|-damage|p1b: Dragonite|0 fnt\n|faint|p1b: Dragonite\n|\n|win|moonslk\n|l|\u2606ilovedelphox\n|player|p1|\n",
  "uploadtime": 1776037043,
  "views": 13,
  "formatid": "gen9championsvgc2026regma",
  "rating": null,
  "private": 0,
  "password": null
}