{
  "id": "gen9championsvgc2026regma-2588727585",
  "format": "[Gen 9 Champions] VGC 2026 Reg M-A",
  "players": [
    "Jackbenimble",
    "Bmansp"
  ],
  "log": "|j|\u2606Jackbenimble\n|j|\u2606Bmansp\n|t:|1776662734\n|gametype|doubles\n|player|p1|Jackbenimble|2|1199\n|player|p2|Bmansp|2|1269\n|gen|9\n|tier|[Gen 9 Champions] VGC 2026 Reg M-A\n|rated|\n|rule|Species Clause: Limit one of each Pok\u00e9mon\n|rule|Item Clause: Limit 1 of each item\n|clearpoke\n|poke|p1|Arcanine, L50, M, shiny|\n|poke|p1|Gyarados, L50, M|\n|poke|p1|Garchomp, L50, F|\n|poke|p1|Lopunny, L50, F, shiny|\n|poke|p1|Delphox, L50, F, shiny|\n|poke|p1|Vivillon, L50, M|\n|poke|p2|Charizard, L50, M|\n|poke|p2|Scizor, L50, F|\n|poke|p2|Sneasler, L50, F|\n|poke|p2|Incineroar, L50, M|\n|poke|p2|Sinistcha, L50|\n|poke|p2|Milotic, L50, M|\n|teampreview|4\n|inactive|Battle timer is ON: inactive players will automatically lose when time's up. (requested by Bmansp)\nBmansp has agreed to open team sheets.\n|inactive|Bmansp has 60 seconds left.\n|\n|t:|1776662787\n|teamsize|p1|4\n|teamsize|p2|4\n|start\n|switch|p1a: Vivillon|Vivillon, L50, M|100/100\n|switch|p1b: Lopunny|Lopunny, L50, F, shiny|100/100\n|switch|p2a: Incineroar|Incineroar, L50, M|100/100\n|switch|p2b: Milotic|Milotic, L50, M|100/100\n|-ability|p2a: Incineroar|Intimidate|boost\n|-unboost|p1a: Vivillon|atk|1\n|-unboost|p1b: Lopunny|atk|1\n|turn|1\n|\n|t:|1776662809\n|detailschange|p1b: Lopunny|Lopunny-Mega, L50, F, shiny\n|-mega|p1b: Lopunny|Lopunny|Lopunnite\n|move|p1b: Lopunny|Fake Out|p2a: Incineroar\n|-damage|p2a: Incineroar|88/100\n|cant|p2a: Incineroar|flinch\n|move|p1a: Vivillon|Sleep Powder|p2b: Milotic\n|-status|p2b: Milotic|slp|[from] move: Sleep Powder\n|cant|p2b: Milotic|slp\n|\n|upkeep\n|turn|2\n|\n|t:|1776662829\n|switch|p2a: Sinistcha|Sinistcha, L50|100/100\n|move|p1b: Lopunny|Close Combat|p2b: Milotic\n|-damage|p2b: Milotic|66/100 slp\n|-unboost|p1b: Lopunny|def|1\n|-unboost|p1b: Lopunny|spd|1\n|move|p1a: Vivillon|Hurricane|p2b: Milotic\n|-damage|p2b: Milotic|30/100 slp\n|cant|p2b: Milotic|slp\n|\n|-heal|p2b: Milotic|36/100 slp|[from] item: Leftovers\n|upkeep\n|turn|3\n|\n|t:|1776662853\n|switch|p1b: Gyarados|Gyarados, L50, M|100/100\n|move|p2a: Sinistcha|Rage Powder|p2a: Sinistcha\n|-singleturn|p2a: Sinistcha|move: Rage Powder\n|move|p1a: Vivillon|Hurricane|p2a: Sinistcha\n|-supereffective|p2a: Sinistcha|1\n|-damage|p2a: Sinistcha|20/100\n|-start|p2a: Sinistcha|confusion\n|-enditem|p2a: Sinistcha|Sitrus Berry|[eat]\n|-heal|p2a: Sinistcha|44/100|[from] item: Sitrus Berry\n|-curestatus|p2b: Milotic|slp|[msg]\n|move|p2b: Milotic|Recover|p2b: Milotic\n|-heal|p2b: Milotic|86/100\n|\n|-heal|p2b: Milotic|92/100|[from] item: Leftovers\n|upkeep\n|turn|4\n|inactive|Jackbenimble has 30 seconds left.\n|\n|t:|1776662878\n|switch|p2a: Incineroar|Incineroar, L50, M|88/100\n|-ability|p2a: Incineroar|Intimidate|boost\n|-unboost|p1a: Vivillon|atk|1\n|-unboost|p1b: Gyarados|atk|1\n|move|p1a: Vivillon|Protect|p1a: Vivillon\n|-singleturn|p1a: Vivillon|Protect\n|move|p2b: Milotic|Protect|p2b: Milotic\n|-singleturn|p2b: Milotic|Protect\n|move|p1b: Gyarados|Dragon Dance|p1b: Gyarados\n|-boost|p1b: Gyarados|atk|1\n|-boost|p1b: Gyarados|spe|1\n|\n|-heal|p2b: Milotic|98/100|[from] item: Leftovers\n|upkeep\n|turn|5\n|\n|t:|1776662903\n|move|p2a: Incineroar|Fake Out|p1a: Vivillon\n|-damage|p1a: Vivillon|79/100\n|move|p1b: Gyarados|Dragon Dance|p1b: Gyarados\n|-boost|p1b: Gyarados|atk|1\n|-boost|p1b: Gyarados|spe|1\n|cant|p1a: Vivillon|flinch\n|move|p2b: Milotic|Icy Wind|p1a: Vivillon|[spread] p1a,p1b\n|-supereffective|p1a: Vivillon|1\n|-damage|p1a: Vivillon|34/100\n|-damage|p1b: Gyarados|88/100\n|-unboost|p1a: Vivillon|spe|1\n|-unboost|p1b: Gyarados|spe|1\n|\n|-heal|p2b: Milotic|100/100|[from] item: Leftovers\n|upkeep\n|turn|6\n|\n|t:|1776662926\n|move|p1b: Gyarados|Stone Edge|p2a: Incineroar\n|-supereffective|p2a: Incineroar|1\n|-damage|p2a: Incineroar|2/100\n|move|p1a: Vivillon|Sleep Powder|p2b: Milotic\n|-status|p2b: Milotic|slp|[from] move: Sleep Powder\n|cant|p2b: Milotic|slp\n|move|p2a: Incineroar|Parting Shot|p1b: Gyarados\n|-unboost|p1b: Gyarados|atk|1\n|-unboost|p1b: Gyarados|spa|1\n|inactive|Bmansp has 30 seconds left.\n|inactive|Bmansp has 20 seconds left.\n|\n|t:|1776662964\n|switch|p2a: Charizard|Charizard, L50, M|100/100|[from] Parting Shot\n|\n|upkeep\n|turn|7\n|inactive|Jackbenimble has 30 seconds left.\n|\n|t:|1776662990\n|move|p2a: Charizard|Protect|p2a: Charizard\n|-singleturn|p2a: Charizard|Protect\n|move|p1b: Gyarados|Stone Edge|p2a: Charizard\n|-activate|p2a: Charizard|move: Protect\n|move|p1a: Vivillon|Hurricane|p2a: Charizard\n|-activate|p2a: Charizard|move: Protect\n|-curestatus|p2b: Milotic|slp|[msg]\n|move|p2b: Milotic|Icy Wind|p1a: Vivillon|[spread] p1a,p1b\n|-supereffective|p1a: Vivillon|1\n|-damage|p1a: Vivillon|0 fnt\n|-damage|p1b: Gyarados|78/100\n|-unboost|p1b: Gyarados|spe|1\n|faint|p1a: Vivillon\n|\n|upkeep\n|\n|t:|1776662997\n|switch|p1a: Lopunny|Lopunny-Mega, L50, F, shiny|100/100\n|turn|8\n|\n|t:|1776663009\n|switch|p2a: Incineroar|Incineroar, L50, M|2/100\n|-ability|p2a: Incineroar|Intimidate|boost\n|-fail|p1a: Lopunny|unboost|Attack|[from] ability: Scrappy|[of] p1a: Lopunny\n|-unboost|p1b: Gyarados|atk|1\n|move|p1a: Lopunny|Fake Out|p2b: Milotic\n|-damage|p2b: Milotic|80/100\n|move|p1b: Gyarados|Dragon Dance|p1b: Gyarados\n|-boost|p1b: Gyarados|atk|1\n|-boost|p1b: Gyarados|spe|1\n|cant|p2b: Milotic|flinch\n|\n|-heal|p2b: Milotic|86/100|[from] item: Leftovers\n|upkeep\n|turn|9\n|inactive|Jackbenimble has 30 seconds left.\n|\n|t:|1776663040\n|move|p2a: Incineroar|Fake Out|p1b: Gyarados\n|-damage|p1b: Gyarados|63/100\n|move|p1a: Lopunny|Mach Punch|p2a: Incineroar\n|-supereffective|p2a: Incineroar|1\n|-damage|p2a: Incineroar|0 fnt\n|faint|p2a: Incineroar\n|cant|p1b: Gyarados|flinch\n|move|p2b: Milotic|Icy Wind|p1a: Lopunny|[spread] p1a,p1b\n|-damage|p1a: Lopunny|86/100\n|-damage|p1b: Gyarados|52/100\n|-unboost|p1a: Lopunny|spe|1\n|-unboost|p1b: Gyarados|spe|1\n|\n|-heal|p2b: Milotic|93/100|[from] item: Leftovers\n|upkeep\n|\n|t:|1776663054\n|switch|p2a: Charizard|Charizard, L50, M|100/100\n|turn|10\n|\n|t:|1776663077\n|detailschange|p2a: Charizard|Charizard-Mega-X, L50, M\n|-mega|p2a: Charizard|Charizard|Charizardite X\n|move|p1a: Lopunny|Close Combat|p2b: Milotic\n|-damage|p2b: Milotic|37/100\n|-unboost|p1a: Lopunny|def|1\n|-unboost|p1a: Lopunny|spd|1\n|move|p2a: Charizard|Dragon Claw|p1b: Gyarados\n|-damage|p1b: Gyarados|0 fnt\n|faint|p1b: Gyarados\n|move|p2b: Milotic|Icy Wind|p1a: Lopunny\n|-damage|p1a: Lopunny|58/100\n|-unboost|p1a: Lopunny|spe|1\n|\n|-heal|p2b: Milotic|44/100|[from] item: Leftovers\n|upkeep\n|\n|t:|1776663086\n|switch|p1b: Garchomp|Garchomp, L50, F|100/100\n|turn|11\n|\n|t:|1776663099\n|move|p1b: Garchomp|Protect|p1b: Garchomp\n|-singleturn|p1b: Garchomp|Protect\n|move|p2a: Charizard|Protect|p2a: Charizard\n|-singleturn|p2a: Charizard|Protect\n|move|p2b: Milotic|Icy Wind|p1b: Garchomp|[spread] p1a\n|-activate|p1b: Garchomp|move: Protect\n|-damage|p1a: Lopunny|37/100\n|-unboost|p1a: Lopunny|spe|1\n|move|p1a: Lopunny|Close Combat|p2b: Milotic\n|-damage|p2b: Milotic|0 fnt\n|-unboost|p1a: Lopunny|def|1\n|-unboost|p1a: Lopunny|spd|1\n|faint|p2b: Milotic\n|\n|upkeep\n|\n|t:|1776663102\n|switch|p2b: Sinistcha|Sinistcha, L50|44/100\n|turn|12\n|\n|t:|1776663120\n|move|p2b: Sinistcha|Rage Powder|p2b: Sinistcha\n|-singleturn|p2b: Sinistcha|move: Rage Powder\n|move|p1b: Garchomp|Dragon Claw|p2b: Sinistcha\n|-crit|p2b: Sinistcha\n|-damage|p2b: Sinistcha|0 fnt\n|faint|p2b: Sinistcha\n|move|p2a: Charizard|Dragon Claw|p1b: Garchomp\n|-supereffective|p1b: Garchomp|1\n|-damage|p1b: Garchomp|0 fnt\n|-damage|p2a: Charizard|88/100|[from] ability: Rough Skin|[of] p1b: Garchomp\n|faint|p1b: Garchomp\n|move|p1a: Lopunny|Triple Axel|p2a: Charizard\n|-damage|p2a: Charizard|81/100\n|-damage|p2a: Charizard|67/100\n|-damage|p2a: Charizard|47/100\n|-hitcount|p2a: Charizard|3\n|\n|upkeep\n|turn|13\n|\n|t:|1776663141\n|move|p1a: Lopunny|Mach Punch|p2a: Charizard\n|-damage|p2a: Charizard|24/100\n|move|p2a: Charizard|Dragon Claw|p1a: Lopunny\n|-damage|p1a: Lopunny|0 fnt\n|faint|p1a: Lopunny\n|\n|win|Bmansp\n|raw|Jackbenimble's rating: 1199 &rarr; <strong>1179</strong><br />(-20 for losing)\n|raw|Bmansp's rating: 1269 &rarr; <strong>1289</strong><br />(+20 for winning)\n",
  "uploadtime": 1776663141,
  "views": 8,
  "formatid": "gen9championsvgc2026regma",
  "rating": 1179,
  "private": 0,
  "password": null
}