{
  "id": "gen9championsvgc2026regma-2583084353",
  "format": "[Gen 9 Champions] VGC 2026 Reg M-A",
  "players": [
    "boinas",
    "singu1"
  ],
  "log": "|j|\u2606boinas\n|j|\u2606singu1\n|t:|1776140188\n|gametype|doubles\n|player|p1|boinas|veteran|1000\n|player|p2|singu1|169|1017\n|gen|9\n|tier|[Gen 9 Champions] VGC 2026 Reg M-A\n|rated|\n|rule|Species Clause: Limit one of each Pok\u00e9mon\n|rule|Item Clause: Limit 1 of each item\n|clearpoke\n|poke|p1|Umbreon, L50, M|\n|poke|p1|Espeon, L50, M|\n|poke|p1|Vaporeon, L50, M|\n|poke|p1|Leafeon, L50, M|\n|poke|p1|Sylveon, L50, M|\n|poke|p1|Jolteon, L50, M|\n|poke|p2|Crabominable, L50, M|\n|poke|p2|Farigiraf, L50, M|\n|poke|p2|Alcremie, L50, F|\n|poke|p2|Basculegion, L50, M|\n|poke|p2|Dragonite, L50, M|\n|poke|p2|Pelipper, L50, M|\n|teampreview|4\n|\n|t:|1776140207\n|teamsize|p1|4\n|teamsize|p2|4\n|start\n|switch|p1a: Espeon|Espeon, L50, M|100/100\n|switch|p1b: Jolteon|Jolteon, L50, M|100/100\n|switch|p2a: Farigiraf|Farigiraf, L50, M|100/100\n|switch|p2b: Crabominable|Crabominable, L50, M|100/100\n|turn|1\n|\n|t:|1776140230\n|detailschange|p2b: Crabominable|Crabominable-Mega, L50, M\n|-mega|p2b: Crabominable|Crabominable|Crabominite\n|move|p1b: Jolteon|Volt Switch|p2a: Farigiraf\n|-damage|p2a: Farigiraf|71/100\n|\n|t:|1776140239\n|switch|p1b: Sylveon|Sylveon, L50, M|100/100|[from] Volt Switch\n|move|p1a: Espeon|Reflect|p1a: Espeon\n|-sidestart|p1: boinas|Reflect\n|move|p2b: Crabominable|Crabhammer|p1a: Espeon\n|-damage|p1a: Espeon|47/100\n|move|p2a: Farigiraf|Trick Room|p2a: Farigiraf\n|-fieldstart|move: Trick Room|[of] p2a: Farigiraf\n|\n|upkeep\n|turn|2\n|\n|t:|1776140269\n|switch|p1a: Vaporeon|Vaporeon, L50, M|100/100\n|move|p2b: Crabominable|Crabhammer|p1a: Vaporeon\n|-immune|p1a: Vaporeon|[from] ability: Water Absorb\n|move|p2a: Farigiraf|Hyper Voice|p1b: Sylveon|[spread] p1a,p1b\n|-damage|p1a: Vaporeon|69/100\n|-damage|p1b: Sylveon|72/100\n|move|p1b: Sylveon|Hyper Voice|p2a: Farigiraf|[spread] p2a,p2b\n|-supereffective|p2b: Crabominable|1\n|-damage|p2a: Farigiraf|27/100\n|-damage|p2b: Crabominable|18/100\n|\n|upkeep\n|turn|3\n|\n|t:|1776140297\n|switch|p2a: Alcremie|Alcremie, L50, F|100/100\n|move|p2b: Crabominable|Protect|p2b: Crabominable\n|-singleturn|p2b: Crabominable|Protect\n|move|p1b: Sylveon|Hyper Voice|p2b: Crabominable|[spread] p2a\n|-activate|p2b: Crabominable|move: Protect\n|-damage|p2a: Alcremie|60/100\n|move|p1a: Vaporeon|Aqua Ring|p1a: Vaporeon\n|-start|p1a: Vaporeon|Aqua Ring\n|\n|-heal|p1a: Vaporeon|75/100|[from] Aqua Ring\n|upkeep\n|turn|4\n|\n|t:|1776140315\n|move|p2b: Crabominable|Drain Punch|p1a: Vaporeon\n|-damage|p1a: Vaporeon|31/100\n|-heal|p2b: Crabominable|44/100|[from] drain|[of] p1a: Vaporeon\n|-enditem|p1a: Vaporeon|Sitrus Berry|[eat]\n|-heal|p1a: Vaporeon|56/100|[from] item: Sitrus Berry\n|move|p1b: Sylveon|Draining Kiss|p2b: Crabominable\n|-supereffective|p2b: Crabominable|1\n|-damage|p2b: Crabominable|0 fnt\n|-heal|p1b: Sylveon|100/100|[from] drain|[of] p2b: Crabominable\n|faint|p2b: Crabominable\n|move|p2a: Alcremie|Decorate|p2: Crabominable|[notarget]\n|-fail|p2a: Alcremie\n|move|p1a: Vaporeon|Scald|p2a: Alcremie\n|-damage|p2a: Alcremie|28/100\n|-enditem|p2a: Alcremie|Sitrus Berry|[eat]\n|-heal|p2a: Alcremie|53/100|[from] item: Sitrus Berry\n|\n|-heal|p1a: Vaporeon|62/100|[from] Aqua Ring\n|upkeep\n|\n|t:|1776140333\n|switch|p2b: Farigiraf|Farigiraf, L50, M|27/100\n|turn|5\n|\n|t:|1776140340\n|move|p2b: Farigiraf|Hyper Voice|p1b: Sylveon|[spread] p1a,p1b\n|-damage|p1a: Vaporeon|31/100\n|-damage|p1b: Sylveon|76/100\n|move|p1b: Sylveon|Calm Mind|p1b: Sylveon\n|-boost|p1b: Sylveon|spa|1\n|-boost|p1b: Sylveon|spd|1\n|move|p2a: Alcremie|Decorate|p2b: Farigiraf\n|-boost|p2b: Farigiraf|atk|2\n|-boost|p2b: Farigiraf|spa|2\n|move|p1a: Vaporeon|Scald|p2a: Alcremie\n|-damage|p2a: Alcremie|19/100\n|-status|p2a: Alcremie|brn\n|\n|-heal|p1a: Vaporeon|37/100|[from] Aqua Ring\n|-damage|p2a: Alcremie|13/100 brn|[from] brn\n|-sideend|p1: boinas|Reflect\n|-fieldend|move: Trick Room\n|upkeep\n|turn|6\n|\n|t:|1776140361\n|move|p1a: Vaporeon|Scald|p2b: Farigiraf\n|-damage|p2b: Farigiraf|0 fnt\n|faint|p2b: Farigiraf\n|move|p2a: Alcremie|Decorate|p2: Farigiraf|[notarget]\n|-fail|p2a: Alcremie\n|move|p1b: Sylveon|Hyper Voice|p2a: Alcremie\n|-damage|p2a: Alcremie|0 fnt\n|faint|p2a: Alcremie\n|\n|-heal|p1a: Vaporeon|43/100|[from] Aqua Ring\n|upkeep\n|\n|t:|1776140375\n|switch|p2b: Basculegion|Basculegion, L50, M|100/100\n|turn|7\n|\n|t:|1776140390\n|move|p2b: Basculegion|Last Respects|p1a: Vaporeon\n|-damage|p1a: Vaporeon|0 fnt\n|faint|p1a: Vaporeon\n|move|p1b: Sylveon|Draining Kiss|p2b: Basculegion\n|-damage|p2b: Basculegion|45/100\n|-heal|p1b: Sylveon|100/100|[from] drain|[of] p2b: Basculegion\n|\n|upkeep\n|\n|t:|1776140397\n|switch|p1a: Jolteon|Jolteon, L50, M|100/100\n|turn|8\n|\n|t:|1776140406\n|move|p1a: Jolteon|Electro Ball|p2b: Basculegion\n|-supereffective|p2b: Basculegion|1\n|-damage|p2b: Basculegion|0 fnt\n|faint|p2b: Basculegion\n|\n|win|boinas\n|raw|boinas's rating: 1000 &rarr; <strong>1042</strong><br />(+42 for winning)\n|raw|singu1's rating: 1017 &rarr; <strong>1004</strong><br />(-13 for losing)\n",
  "uploadtime": 1776140412,
  "views": 12,
  "formatid": "gen9championsvgc2026regma",
  "rating": 1004,
  "private": 0,
  "password": null
}