{
  "id": "gen9championsvgc2026regma-2587992376",
  "format": "[Gen 9 Champions] VGC 2026 Reg M-A",
  "players": [
    "sillypig080611",
    "lolnezan78"
  ],
  "log": "|j|\u2606sillypig080611\n|j|\u2606lolnezan78\n|t:|1776589905\n|gametype|doubles\n|player|p1|sillypig080611|barry|1248\n|player|p2|lolnezan78|brycen|1266\n|gen|9\n|tier|[Gen 9 Champions] VGC 2026 Reg M-A\n|rated|\n|rule|Species Clause: Limit one of each Pok\u00e9mon\n|rule|Item Clause: Limit 1 of each item\n|clearpoke\n|poke|p1|Sinistcha, L50|\n|poke|p1|Incineroar, L50, F|\n|poke|p1|Aggron, L50, F|\n|poke|p1|Audino, L50, F|\n|poke|p1|Abomasnow, L50, M|\n|poke|p1|Glaceon, L50, F|\n|poke|p2|Gallade, L50, M|\n|poke|p2|Kingambit, L50, F|\n|poke|p2|Aegislash, L50, M|\n|poke|p2|Aerodactyl, L50, F|\n|poke|p2|Arcanine, L50, F|\n|poke|p2|Venusaur, L50, F|\n|teampreview|4\n|inactive|Battle timer is ON: inactive players will automatically lose when time's up. (requested by sillypig080611)\n|\n|t:|1776589931\n|teamsize|p1|4\n|teamsize|p2|4\n|start\n|switch|p1a: Incineroar|Incineroar, L50, F|100/100\n|switch|p1b: Audino|Audino, L50, F|100/100\n|switch|p2a: Gallade|Gallade, L50, M|100/100\n|switch|p2b: Aegislash|Aegislash, L50, M|100/100\n|-ability|p1a: Incineroar|Intimidate|boost\n|-unboost|p2a: Gallade|atk|1\n|-unboost|p2b: Aegislash|atk|1\n|turn|1\n|\n|t:|1776589950\n|switch|p2a: Venusaur|Venusaur, L50, F|100/100\n|switch|p2b: Arcanine|Arcanine, L50, F|100/100\n|-ability|p2b: Arcanine|Intimidate|boost\n|-unboost|p1a: Incineroar|atk|1\n|-unboost|p1b: Audino|atk|1\n|move|p1a: Incineroar|Fake Out|p2a: Venusaur\n|-damage|p2a: Venusaur|93/100\n|move|p1b: Audino|Trick Room|p1b: Audino\n|-fieldstart|move: Trick Room|[of] p1b: Audino\n|\n|upkeep\n|turn|2\n|inactive|sillypig080611 has 30 seconds left.\n|inactive|sillypig080611 has 20 seconds left.\n|inactive|sillypig080611 has 15 seconds left.\n|inactive|sillypig080611 has 10 seconds left.\n|inactive|sillypig080611 has 5 seconds left.\n|\n|t:|1776590002\n|switch|p1b: Aggron|Aggron, L50, F|100/100\n|detailschange|p2a: Venusaur|Venusaur-Mega, L50, F\n|-mega|p2a: Venusaur|Venusaur|Venusaurite\n|move|p1a: Incineroar|Flare Blitz|p2a: Venusaur\n|-supereffective|p2a: Venusaur|1\n|-damage|p2a: Venusaur|67/100\n|-damage|p1a: Incineroar|93/100|[from] Recoil\n|move|p2a: Venusaur|Leech Seed|p1b: Aggron\n|-start|p1b: Aggron|move: Leech Seed\n|move|p2b: Arcanine|Will-O-Wisp|p1a: Incineroar\n|-immune|p1a: Incineroar\n|\n|-damage|p1b: Aggron|88/100|[from] Leech Seed|[of] p2a: Venusaur\n|-heal|p2a: Venusaur|79/100|[silent]\n|upkeep\n|turn|3\n|inactive|sillypig080611 has 30 seconds left.\n|inactive|lolnezan78 has 30 seconds left.\n|\n|t:|1776590029\n|switch|p1b: Audino|Audino, L50, F|100/100\n|move|p2a: Venusaur|Protect|p2a: Venusaur\n|-singleturn|p2a: Venusaur|Protect\n|move|p1a: Incineroar|Parting Shot|p2a: Venusaur\n|-activate|p2a: Venusaur|move: Protect\n|move|p2b: Arcanine|Snarl|p1b: Audino|[spread] p1a\n|-miss|p2b: Arcanine|p1b: Audino\n|-resisted|p1a: Incineroar|1\n|-damage|p1a: Incineroar|88/100\n|-unboost|p1a: Incineroar|spa|1\n|\n|upkeep\n|turn|4\n|\n|t:|1776590054\n|move|p1b: Audino|Encore|p2a: Venusaur\n|-start|p2a: Venusaur|Encore\n|move|p2a: Venusaur|Protect||[still]\n|-fail|p2a: Venusaur\n|move|p1a: Incineroar|Parting Shot|p2a: Venusaur\n|-unboost|p2a: Venusaur|atk|1\n|-unboost|p2a: Venusaur|spa|1\n|\n|t:|1776590067\n|switch|p1a: Aggron|Aggron, L50, F|88/100|[from] Parting Shot\n|move|p2b: Arcanine|Will-O-Wisp|p1a: Aggron\n|-status|p1a: Aggron|brn\n|\n|-damage|p1a: Aggron|82/100 brn|[from] brn\n|upkeep\n|turn|5\n|inactive|sillypig080611 has 30 seconds left.\n|inactive|sillypig080611 has 20 seconds left.\n|inactive|sillypig080611 has 15 seconds left.\n|\n|t:|1776590112\n|switch|p1b: Incineroar|Incineroar, L50, F|88/100\n|-ability|p1b: Incineroar|Intimidate|boost\n|-unboost|p2a: Venusaur|atk|1\n|-unboost|p2b: Arcanine|atk|1\n|switch|p2a: Gallade|Gallade, L50, M|100/100\n|switch|p2b: Aegislash|Aegislash, L50, M|100/100\n|move|p1a: Aggron|Rock Slide|p2b: Aegislash|[spread] p2a,p2b\n|-resisted|p2a: Gallade|1\n|-resisted|p2b: Aegislash|1\n|-damage|p2a: Gallade|89/100\n|-damage|p2b: Aegislash|96/100\n|\n|-damage|p1a: Aggron|76/100 brn|[from] brn\n|-fieldend|move: Trick Room\n|upkeep\n|turn|6\n|-message|sillypig080611 forfeited.\n|\n|win|lolnezan78\n|raw|sillypig080611's rating: 1248 &rarr; <strong>1224</strong><br />(-24 for losing)\n|raw|lolnezan78's rating: 1266 &rarr; <strong>1290</strong><br />(+24 for winning)\n|l|\u2606sillypig080611\n|player|p1|\n",
  "uploadtime": 1776590142,
  "views": 24,
  "formatid": "gen9championsvgc2026regma",
  "rating": 1224,
  "private": 0,
  "password": null
}