{
  "id": "gen9championsvgc2026regma-2581893199",
  "format": "[Gen 9 Champions] VGC 2026 Reg M-A",
  "players": [
    "kangkang",
    "kimius64"
  ],
  "log": "|j|\u2606kangkang\n|j|\u2606kimius64\n|t:|1776037385\n|gametype|doubles\n|player|p1|kangkang|101|1202\n|player|p2|kimius64|iris-gen5bw2|1191\n|gen|9\n|tier|[Gen 9 Champions] VGC 2026 Reg M-A\n|rated|\n|rule|Species Clause: Limit one of each Pok\u00e9mon\n|rule|Item Clause: Limit 1 of each item\n|clearpoke\n|poke|p1|Skarmory, L50, M|\n|poke|p1|Zoroark-Hisui, L50, F|\n|poke|p1|Whimsicott, L50, F|\n|poke|p1|Arcanine-Hisui, L50, F|\n|poke|p1|Steelix, L50, M|\n|poke|p1|Hippowdon, L50, M|\n|poke|p2|Slowking, L50, M|\n|poke|p2|Incineroar, L50, F|\n|poke|p2|Crabominable, L50, F|\n|poke|p2|Hatterene, L50, F|\n|poke|p2|Tsareena, L50, F|\n|poke|p2|Camerupt, L50, M|\n|teampreview|4\n|\n|t:|1776037423\n|teamsize|p1|4\n|teamsize|p2|4\n|start\n|switch|p1a: Skarmatron|Skarmory, L50, M|100/100\n|switch|p1b: Caine|Arcanine-Hisui, L50, F, shiny|100/100\n|switch|p2a: Slowking|Slowking, L50, M|100/100\n|switch|p2b: Incineroar|Incineroar, L50, F|100/100\n|-ability|p1b: Caine|Intimidate|boost\n|-fail|p2a: Slowking|unboost|Attack|[from] ability: Oblivious|[of] p2a: Slowking\n|-unboost|p2b: Incineroar|atk|1\n|-ability|p2b: Incineroar|Intimidate|boost\n|-unboost|p1a: Skarmatron|atk|1\n|-unboost|p1b: Caine|atk|1\n|turn|1\n|\n|t:|1776037452\n|switch|p1b: Woodang|Hippowdon, L50, M, shiny|100/100\n|-weather|Sandstorm|[from] ability: Sand Stream|[of] p1b: Woodang\n|move|p2b: Incineroar|Fake Out|p1b: Woodang\n|-damage|p1b: Woodang|93/100\n|move|p1a: Skarmatron|Substitute|p1a: Skarmatron\n|-start|p1a: Skarmatron|Substitute\n|-damage|p1a: Skarmatron|76/100\n|move|p2a: Slowking|Trick Room|p2a: Slowking\n|-fieldstart|move: Trick Room|[of] p2a: Slowking\n|\n|-weather|Sandstorm|[upkeep]\n|-damage|p2a: Slowking|95/100|[from] Sandstorm\n|-damage|p2b: Incineroar|95/100|[from] Sandstorm\n|-damage|p1a: Skarmatron|70/100|[from] Sandstorm\n|-heal|p1b: Woodang|99/100|[from] item: Leftovers\n|upkeep\n|turn|2\n|\n|t:|1776037477\n|-prepare|p2a: Slowking|Chilly Reception|[premajor]\n|move|p2a: Slowking|Chilly Reception|p2a: Slowking\n|-weather|Snowscape\n|\n|t:|1776037480\n|switch|p2a: Camerupt|Camerupt, L50, M|100/100|[from] Chilly Reception\n|move|p1b: Woodang|High Horsepower|p2b: Incineroar\n|-supereffective|p2b: Incineroar|1\n|-damage|p2b: Incineroar|1/100\n|-enditem|p2b: Incineroar|Sitrus Berry|[eat]\n|-heal|p2b: Incineroar|26/100|[from] item: Sitrus Berry\n|move|p2b: Incineroar|Flare Blitz|p1a: Skarmatron\n|-end|p1a: Skarmatron|Substitute\n|-damage|p2b: Incineroar|21/100|[from] Recoil|[of] p1a: Skarmatron\n|move|p1a: Skarmatron|Hyper Voice|p2b: Incineroar|[spread] p2a,p2b\n|-damage|p2a: Camerupt|51/100\n|-damage|p2b: Incineroar|0 fnt\n|faint|p2b: Incineroar\n|\n|-weather|Snowscape|[upkeep]\n|-heal|p1b: Woodang|100/100|[from] item: Leftovers\n|upkeep\n|\n|t:|1776037486\n|switch|p2b: Tsareena|Tsareena, L50, F|100/100\n|turn|3\n|\n|t:|1776037507\n|detailschange|p2a: Camerupt|Camerupt-Mega, L50, M\n|-mega|p2a: Camerupt|Camerupt|Cameruptite\n|move|p1b: Woodang|Protect|p1b: Woodang\n|-singleturn|p1b: Woodang|Protect\n|move|p1a: Skarmatron|Protect|p1a: Skarmatron\n|-singleturn|p1a: Skarmatron|Protect\n|move|p2a: Camerupt|Heat Wave|p1a: Skarmatron|[spread] \n|-activate|p1a: Skarmatron|move: Protect\n|-activate|p1b: Woodang|move: Protect\n|move|p2b: Tsareena|Power Whip|p1b: Woodang\n|-activate|p1b: Woodang|move: Protect\n|\n|-weather|Snowscape|[upkeep]\n|upkeep\n|turn|4\n|\n|t:|1776037530\n|switch|p1a: Caine|Arcanine-Hisui, L50, F, shiny|100/100\n|-ability|p1a: Caine|Intimidate|boost\n|-unboost|p2a: Camerupt|atk|1\n|-unboost|p2b: Tsareena|atk|1\n|move|p2a: Camerupt|Heat Wave|p1a: Caine|[spread] p1a,p1b\n|-resisted|p1a: Caine|2\n|-damage|p1a: Caine|84/100\n|-damage|p1b: Woodang|40/100\n|move|p1b: Woodang|High Horsepower|p2a: Camerupt\n|-supereffective|p2a: Camerupt|1\n|-damage|p2a: Camerupt|0 fnt\n|faint|p2a: Camerupt\n|move|p2b: Tsareena|Power Whip|p1b: Woodang\n|-supereffective|p1b: Woodang|1\n|-damage|p1b: Woodang|0 fnt\n|faint|p1b: Woodang\n|\n|-weather|Snowscape|[upkeep]\n|upkeep\n|\n|t:|1776037546\n|switch|p2a: Slowking|Slowking, L50, M|95/100\n|switch|p1b: Skarmatron|Skarmory, L50, M|100/100\n|turn|5\n|\n|t:|1776037568\n|switch|p1a: Caine|Arcanine-Hisui, L50, F, shiny|70/100\n|detailschange|p1b: Skarmatron|Skarmory-Mega, L50, M\n|-mega|p1b: Skarmatron|Skarmory|Skarmorite\n|move|p2a: Slowking|Scald|p1a: Caine\n|-damage|p1a: Caine|13/100\n|-status|p1a: Caine|brn\n|replace|p1a: Zoro|Zoroark-Hisui, L50, F\n|-end|p1a: Zoro|Illusion\n|move|p2b: Tsareena|Knock Off|p1b: Skarmatron\n|-damage|p1b: Skarmatron|81/100\n|move|p1b: Skarmatron|Swords Dance|p1b: Skarmatron\n|-boost|p1b: Skarmatron|atk|2\n|\n|-weather|Snowscape|[upkeep]\n|-damage|p1a: Zoro|7/100 brn|[from] brn\n|-fieldend|move: Trick Room\n|upkeep\n|turn|6\n|\n|t:|1776037583\n|move|p2b: Tsareena|Protect|p2b: Tsareena\n|-singleturn|p2b: Tsareena|Protect\n|move|p1a: Zoro|Bitter Malice|p2a: Slowking\n|-supereffective|p2a: Slowking|1\n|-damage|p2a: Slowking|37/100\n|-unboost|p2a: Slowking|atk|1\n|move|p1b: Skarmatron|Iron Head|p2b: Tsareena\n|-activate|p2b: Tsareena|move: Protect\n|move|p2a: Slowking|Trick Room|p2a: Slowking\n|-fieldstart|move: Trick Room|[of] p2a: Slowking\n|\n|-weather|none\n|-damage|p1a: Zoro|0 fnt|[from] brn\n|faint|p1a: Zoro\n|upkeep\n|\n|t:|1776037594\n|switch|p1a: Caine|Arcanine-Hisui, L50, F, shiny|84/100\n|-ability|p1a: Caine|Intimidate|boost\n|-fail|p2a: Slowking|unboost|Attack|[from] ability: Oblivious|[of] p2a: Slowking\n|-unboost|p2b: Tsareena|atk|1\n|turn|7\n|\n|t:|1776037609\n|move|p1a: Caine|Extreme Speed||[still]\n|cant|p2b: Tsareena|ability: Queenly Majesty|Extreme Speed|[of] p1a: Caine\n|move|p2a: Slowking|Scald|p1a: Caine\n|-supereffective|p1a: Caine|2\n|-damage|p1a: Caine|0 fnt\n|faint|p1a: Caine\n|move|p2b: Tsareena|Triple Axel|p1b: Skarmatron\n|-damage|p1b: Skarmatron|76/100\n|-damage|p1b: Skarmatron|67/100\n|-damage|p1b: Skarmatron|54/100\n|-hitcount|p1b: Skarmatron|3\n|move|p1b: Skarmatron|Rock Slide|p2a: Slowking|[spread] p2a,p2b\n|-damage|p2a: Slowking|1/100\n|-damage|p2b: Tsareena|57/100\n|\n|upkeep\n|turn|8\n|\n|t:|1776037626\n|move|p1b: Skarmatron|Protect|p1b: Skarmatron\n|-singleturn|p1b: Skarmatron|Protect\n|move|p2a: Slowking|Scald|p1b: Skarmatron\n|-activate|p1b: Skarmatron|move: Protect\n|move|p2b: Tsareena|Triple Axel|p1b: Skarmatron\n|-activate|p1b: Skarmatron|move: Protect\n|\n|upkeep\n|turn|9\n|\n|t:|1776037631\n|move|p2a: Slowking|Scald|p1b: Skarmatron\n|-damage|p1b: Skarmatron|20/100\n|move|p2b: Tsareena|Triple Axel|p1b: Skarmatron\n|-damage|p1b: Skarmatron|15/100\n|-damage|p1b: Skarmatron|5/100\n|-damage|p1b: Skarmatron|0 fnt\n|faint|p1b: Skarmatron\n|-hitcount|p1: Skarmatron|3\n|\n|win|kimius64\n|raw|kangkang's rating: 1202 &rarr; <strong>1176</strong><br />(-26 for losing)\n|raw|kimius64's rating: 1191 &rarr; <strong>1217</strong><br />(+26 for winning)\n",
  "uploadtime": 1776037635,
  "views": 11,
  "formatid": "gen9championsvgc2026regma",
  "rating": 1176,
  "private": 0,
  "password": null
}