{
  "id": "gen9championsvgc2026regma-2585138116",
  "format": "[Gen 9 Champions] VGC 2026 Reg M-A",
  "players": [
    "agregzildo",
    "imaguestcantchat"
  ],
  "log": "|j|\u2606agregzildo\n|j|\u2606imaguestcantchat\n|t:|1776316365\n|gametype|doubles\n|player|p1|agregzildo|crasherwake|1065\n|player|p2|imaguestcantchat|101|1000\n|gen|9\n|tier|[Gen 9 Champions] VGC 2026 Reg M-A\n|rated|\n|rule|Species Clause: Limit one of each Pok\u00e9mon\n|rule|Item Clause: Limit 1 of each item\n|clearpoke\n|poke|p1|Aegislash, L50, F|\n|poke|p1|Volcarona, L50, F|\n|poke|p1|Meganium, L50, M|\n|poke|p1|Tyranitar, L50, F|\n|poke|p1|Milotic, L50, M|\n|poke|p1|Rhyperior, L50, F|\n|poke|p2|Skarmory, L50, F|\n|poke|p2|Maushold-Four, L50|\n|poke|p2|Garchomp, L50, M|\n|poke|p2|Gardevoir, L50, F|\n|poke|p2|Tyranitar, L50, M|\n|poke|p2|Ampharos, L50, F|\n|teampreview|4\nimaguestcantchat has agreed to open team sheets.\n|\n|t:|1776316402\n|teamsize|p1|4\n|teamsize|p2|4\n|start\n|switch|p1a: Tyranitar|Tyranitar, L50, F|100/100\n|switch|p1b: Volcarona|Volcarona, L50, F|100/100\n|switch|p2a: Skarmory|Skarmory, L50, F|100/100\n|switch|p2b: Garchomp|Garchomp, L50, M|100/100\n|-weather|Sandstorm|[from] ability: Sand Stream|[of] p1a: Tyranitar\n|turn|1\n|\n|t:|1776316429\n|move|p2a: Skarmory|Protect|p2a: Skarmory\n|-singleturn|p2a: Skarmory|Protect\n|move|p2b: Garchomp|Rock Slide|p1a: Tyranitar|[spread] p1a,p1b\n|-supereffective|p1b: Volcarona|2\n|-crit|p1b: Volcarona\n|-damage|p1a: Tyranitar|82/100\n|-damage|p1b: Volcarona|0 fnt\n|faint|p1b: Volcarona\n|cant|p1a: Tyranitar|flinch\n|\n|-weather|Sandstorm|[upkeep]\n|upkeep\n|\n|t:|1776316441\n|switch|p1b: Rhyperior|Rhyperior, L50, F|100/100\n|turn|2\n|inactive|Battle timer is ON: inactive players will automatically lose when time's up. (requested by agregzildo)\n|\n|t:|1776316475\n|switch|p2b: Gardevoir|Gardevoir, L50, F|100/100\n|detailschange|p2a: Skarmory|Skarmory-Mega, L50, F\n|-mega|p2a: Skarmory|Skarmory|Skarmorite\n|move|p2a: Skarmory|Iron Head|p1b: Rhyperior\n|-supereffective|p1b: Rhyperior|1\n|-damage|p1b: Rhyperior|54/100\n|move|p1a: Tyranitar|Stealth Rock|p2b: Gardevoir\n|-sidestart|p2: imaguestcantchat|move: Stealth Rock\n|move|p1b: Rhyperior|Dragon Tail|p2b: Gardevoir\n|-immune|p2b: Gardevoir\n|\n|-weather|Sandstorm|[upkeep]\n|-damage|p2b: Gardevoir|94/100|[from] Sandstorm\n|upkeep\n|turn|3\n|inactive|imaguestcantchat has 30 seconds left.\n|\n|t:|1776316501\n|move|p2a: Skarmory|Protect|p2a: Skarmory\n|-singleturn|p2a: Skarmory|Protect\n|move|p2b: Gardevoir|Energy Ball|p1b: Rhyperior\n|-supereffective|p1b: Rhyperior|2\n|-enditem|p1b: Rhyperior|Rindo Berry|[eat]\n|-enditem|p1b: Rhyperior|Rindo Berry|[weaken]\n|-damage|p1b: Rhyperior|14/100\n|move|p1a: Tyranitar|Rock Slide|p2a: Skarmory|[spread] p2b\n|-activate|p2a: Skarmory|move: Protect\n|-damage|p2b: Gardevoir|49/100\n|move|p1b: Rhyperior|Rock Slide|p2a: Skarmory|[spread] p2b\n|-activate|p2a: Skarmory|move: Protect\n|-damage|p2b: Gardevoir|0 fnt\n|faint|p2b: Gardevoir\n|\n|-weather|Sandstorm|[upkeep]\n|upkeep\n|\n|t:|1776316521\n|switch|p2b: Garchomp|Garchomp, L50, M|100/100\n|-damage|p2b: Garchomp|95/100|[from] Stealth Rock\n|turn|4\n|\n|t:|1776316536\n|switch|p1a: Meganium|Meganium, L50, M|100/100\n|move|p2b: Garchomp|Protect|p2b: Garchomp\n|-singleturn|p2b: Garchomp|Protect\n|move|p2a: Skarmory|Iron Head|p1b: Rhyperior\n|-supereffective|p1b: Rhyperior|1\n|-damage|p1b: Rhyperior|0 fnt\n|faint|p1b: Rhyperior\n|\n|-weather|Sandstorm|[upkeep]\n|-damage|p1a: Meganium|95/100|[from] Sandstorm\n|upkeep\n|\n|t:|1776316549\n|switch|p1b: Tyranitar|Tyranitar, L50, F|82/100\n|turn|5\n|inactive|imaguestcantchat has 30 seconds left.\n|\n|t:|1776316574\n|detailschange|p1a: Meganium|Meganium-Mega, L50, M\n|-mega|p1a: Meganium|Meganium|Meganiumite\n|move|p2a: Skarmory|Brave Bird|p1a: Meganium\n|-supereffective|p1a: Meganium|1\n|-damage|p1a: Meganium|0 fnt\n|faint|p1a: Meganium\n|-damage|p2a: Skarmory|60/100|[from] Recoil\n|move|p2b: Garchomp|Earthquake|p1b: Tyranitar|[spread] p1b\n|-immune|p2a: Skarmory\n|-supereffective|p1b: Tyranitar|1\n|-damage|p1b: Tyranitar|0 fnt\n|faint|p1b: Tyranitar\n|\n|win|imaguestcantchat\n|raw|agregzildo's rating: 1065 &rarr; <strong>1042</strong><br />(-23 for losing)\n|raw|imaguestcantchat's rating: 1000 &rarr; <strong>1047</strong><br />(+47 for winning)\n|c|\u2606imaguestcantchat|ggs\n|l|\u2606imaguestcantchat\n|player|p2|\n",
  "uploadtime": 1776316596,
  "views": 18,
  "formatid": "gen9championsvgc2026regma",
  "rating": 1042,
  "private": 0,
  "password": null
}