{
  "id": "gen9championsvgc2026regma-2582314343",
  "format": "[Gen 9 Champions] VGC 2026 Reg M-A",
  "players": [
    "PrincessBernard",
    "A New Way"
  ],
  "log": "|j|\u2606PrincessBernard\n|j|\u2606A New Way\n|t:|1776082532\n|gametype|doubles\n|player|p1|PrincessBernard|265|1062\n|player|p2|A New Way|giovanni-gen3|1000\n|gen|9\n|tier|[Gen 9 Champions] VGC 2026 Reg M-A\n|rated|\n|rule|Species Clause: Limit one of each Pok\u00e9mon\n|rule|Item Clause: Limit 1 of each item\n|clearpoke\n|poke|p1|Golurk, L50|\n|poke|p1|Torkoal, L50, M|\n|poke|p1|Farigiraf, L50, F|\n|poke|p1|Incineroar, L50, F|\n|poke|p1|Sneasler, L50, F|\n|poke|p1|Venusaur, L50, M|\n|poke|p2|Salazzle, L50, F|\n|poke|p2|Glimmora, L50, M|\n|poke|p2|Sinistcha, L50|\n|poke|p2|Aggron, L50, F|\n|poke|p2|Ninetales-Alola, L50, F|\n|poke|p2|Dragapult, L50, M|\n|teampreview|4\n|inactive|Battle timer is ON: inactive players will automatically lose when time's up. (requested by A New Way)\n|inactive|PrincessBernard has 60 seconds left.\n|inactive|A New Way has 60 seconds left.\n|inactive|A New Way has 30 seconds left.\n|inactive|A New Way has 20 seconds left.\n|inactive|A New Way has 15 seconds left.\n|inactive|A New Way has 10 seconds left.\n|inactive|A New Way has 5 seconds left.\n|\n|t:|1776082621\n|teamsize|p1|4\n|teamsize|p2|4\n|start\n|switch|p1a: Farigiraf|Farigiraf, L50, F|100/100\n|switch|p1b: Incineroar|Incineroar, L50, F|100/100\n|switch|p2a: Aggron|Aggron, L50, F|100/100\n|switch|p2b: Salazzle|Salazzle, L50, F|100/100\n|-ability|p1b: Incineroar|Intimidate|boost\n|-unboost|p2a: Aggron|atk|1\n|-unboost|p2b: Salazzle|atk|1\n|turn|1\n|\n|t:|1776082646\n|detailschange|p2a: Aggron|Aggron-Mega, L50, F\n|-mega|p2a: Aggron|Aggron|Aggronite\n|move|p1b: Incineroar|Fake Out|p2a: Aggron\n|-resisted|p2a: Aggron|1\n|-crit|p2a: Aggron\n|-damage|p2a: Aggron|96/100\n|move|p2b: Salazzle|Knock Off|p1a: Farigiraf\n|-supereffective|p1a: Farigiraf|1\n|-damage|p1a: Farigiraf|78/100\n|-enditem|p1a: Farigiraf|Sitrus Berry|[from] move: Knock Off|[of] p2b: Salazzle\n|cant|p2a: Aggron|flinch\n|move|p1a: Farigiraf|Trick Room|p1a: Farigiraf\n|-fieldstart|move: Trick Room|[of] p1a: Farigiraf\n|\n|upkeep\n|turn|2\n|inactive|PrincessBernard has 30 seconds left.\n|inactive|A New Way has 30 seconds left.\n|\n|t:|1776082680\n|move|p2a: Aggron|Protect|p2a: Aggron\n|-singleturn|p2a: Aggron|Protect\n|move|p1a: Farigiraf|Psychic|p2b: Salazzle\n|-supereffective|p2b: Salazzle|1\n|-enditem|p2b: Salazzle|Focus Sash\n|-damage|p2b: Salazzle|1/100\n|move|p1b: Incineroar|Parting Shot|p2a: Aggron\n|-activate|p2a: Aggron|move: Protect\n|move|p2b: Salazzle|Toxic|p1a: Farigiraf\n|-status|p1a: Farigiraf|tox\n|\n|-damage|p1a: Farigiraf|72/100 tox|[from] psn\n|upkeep\n|turn|3\n|inactive|A New Way has 30 seconds left.\n|\n|t:|1776082711\n|move|p1a: Farigiraf|Helping Hand|p1b: Incineroar\n|-singleturn|p1b: Incineroar|Helping Hand|[of] p1a: Farigiraf\n|move|p2b: Salazzle|Protect|p2b: Salazzle\n|-singleturn|p2b: Salazzle|Protect\n|move|p2a: Aggron|Iron Defense|p2a: Aggron\n|-boost|p2a: Aggron|def|2\n|move|p1b: Incineroar|Flare Blitz|p2a: Aggron\n|-supereffective|p2a: Aggron|1\n|-damage|p2a: Aggron|70/100\n|-damage|p1b: Incineroar|93/100|[from] Recoil\n|-heal|p1b: Incineroar|96/100|[from] item: Shell Bell|[of] p2a: Aggron\n|\n|-damage|p1a: Farigiraf|60/100 tox|[from] psn\n|upkeep\n|turn|4\n|inactive|PrincessBernard has 30 seconds left.\n|\n|t:|1776082741\n|switch|p2b: Sinistcha|Sinistcha, L50|100/100\n|-heal|p2a: Aggron|95/100|[from] ability: Hospitality|[of] p2b: Sinistcha\n|move|p2a: Aggron|Body Press|p1b: Incineroar\n|-supereffective|p1b: Incineroar|1\n|-damage|p1b: Incineroar|0 fnt\n|faint|p1b: Incineroar\n|move|p1a: Farigiraf|Hyper Voice|p2b: Sinistcha|[spread] p2a\n|-immune|p2b: Sinistcha\n|-resisted|p2a: Aggron|1\n|-damage|p2a: Aggron|81/100\n|\n|-damage|p1a: Farigiraf|41/100 tox|[from] psn\n|upkeep\n|\n|t:|1776082754\n|switch|p1b: Torkoal|Torkoal, L50, M|100/100\n|-weather|SunnyDay|[from] ability: Drought|[of] p1b: Torkoal\n|turn|5\n|\n|t:|1776082763\n|switch|p1a: Golurk|Golurk, L50|100/100\n|switch|p2b: Salazzle|Salazzle, L50, F|1/100\n|move|p2a: Aggron|Protect|p2a: Aggron\n|-singleturn|p2a: Aggron|Protect\n|move|p1b: Torkoal|Eruption|p2a: Aggron|[spread] p2b\n|-activate|p2a: Aggron|move: Protect\n|-resisted|p2b: Salazzle|1\n|-damage|p2b: Salazzle|0 fnt\n|faint|p2b: Salazzle\n|\n|-weather|SunnyDay|[upkeep]\n|-fieldend|move: Trick Room\n|upkeep\n|\n|t:|1776082772\n|switch|p2b: Ninetales|Ninetales-Alola, L50, F|100/100\n|-weather|Snowscape|[from] ability: Snow Warning|[of] p2b: Ninetales\n|turn|6\n|\n|t:|1776082788\n|switch|p1b: Farigiraf|Farigiraf, L50, F|41/100 tox\n|detailschange|p1a: Golurk|Golurk-Mega, L50\n|-mega|p1a: Golurk|Golurk|Golurkite\n|move|p2b: Ninetales|Aurora Veil|p2b: Ninetales\n|-sidestart|p2: A New Way|move: Aurora Veil\n|move|p1a: Golurk|Headlong Rush|p2a: Aggron\n|-supereffective|p2a: Aggron|1\n|-damage|p2a: Aggron|59/100\n|-unboost|p1a: Golurk|def|1\n|-unboost|p1a: Golurk|spd|1\n|move|p2a: Aggron|Body Press|p1b: Farigiraf\n|-damage|p1b: Farigiraf|0 fnt\n|faint|p1b: Farigiraf\n|\n|-weather|Snowscape|[upkeep]\n|upkeep\n|\n|t:|1776082801\n|switch|p1b: Torkoal|Torkoal, L50, M|100/100\n|-weather|SunnyDay|[from] ability: Drought|[of] p1b: Torkoal\n|turn|7\n|\n|t:|1776082824\n|move|p2a: Aggron|Protect|p2a: Aggron\n|-singleturn|p2a: Aggron|Protect\n|move|p2b: Ninetales|Snowscape|p2b: Ninetales\n|-weather|Snowscape\n|move|p1a: Golurk|Headlong Rush|p2a: Aggron\n|-supereffective|p2a: Aggron|1\n|-ability|p1a: Golurk|Unseen Fist\n|-zbroken|p2a: Aggron\n|-damage|p2a: Aggron|55/100\n|-unboost|p1a: Golurk|def|1\n|-unboost|p1a: Golurk|spd|1\n|move|p1b: Torkoal|Eruption|p2b: Ninetales|[spread] p2b\n|-activate|p2a: Aggron|move: Protect\n|-supereffective|p2b: Ninetales|1\n|-damage|p2b: Ninetales|23/100\n|-enditem|p2b: Ninetales|Sitrus Berry|[eat]\n|-heal|p2b: Ninetales|48/100|[from] item: Sitrus Berry\n|\n|-weather|Snowscape|[upkeep]\n|upkeep\n|turn|8\n|\n|t:|1776082845\n|move|p2b: Ninetales|Blizzard|p1a: Golurk|[spread] p1a,p1b\n|-supereffective|p1a: Golurk|1\n|-resisted|p1b: Torkoal|1\n|-damage|p1a: Golurk|11/100\n|-damage|p1b: Torkoal|86/100\n|move|p1a: Golurk|Headlong Rush|p2a: Aggron\n|-supereffective|p2a: Aggron|1\n|-damage|p2a: Aggron|36/100\n|-unboost|p1a: Golurk|def|1\n|-unboost|p1a: Golurk|spd|1\n|move|p2a: Aggron|Body Press|p1b: Torkoal\n|-damage|p1b: Torkoal|30/100\n|move|p1b: Torkoal|Earth Power|p2a: Aggron\n|-supereffective|p2a: Aggron|1\n|-damage|p2a: Aggron|14/100\n|\n|-weather|Snowscape|[upkeep]\n|upkeep\n|turn|9\n|\n|t:|1776082868\n|move|p2b: Ninetales|Blizzard|p1b: Torkoal|[spread] p1a,p1b\n|-supereffective|p1a: Golurk|1\n|-resisted|p1b: Torkoal|1\n|-damage|p1a: Golurk|0 fnt\n|-damage|p1b: Torkoal|15/100\n|faint|p1a: Golurk\n|move|p2a: Aggron|Body Press|p1b: Torkoal\n|-damage|p1b: Torkoal|0 fnt\n|faint|p1b: Torkoal\n|\n|win|A New Way\n|raw|PrincessBernard's rating: 1062 &rarr; <strong>1039</strong><br />(-23 for losing)\n|raw|A New Way's rating: 1000 &rarr; <strong>1047</strong><br />(+47 for winning)\n|l|\u2606PrincessBernard\n|player|p1|\n",
  "uploadtime": 1776082884,
  "views": 16,
  "formatid": "gen9championsvgc2026regma",
  "rating": 1039,
  "private": 0,
  "password": null
}