{
  "id": "gen9championsvgc2026regma-2580992387",
  "format": "[Gen 9 Champions] VGC 2026 Reg M-A",
  "players": [
    "judocado",
    "Markiito18"
  ],
  "log": "|j|\u2606judocado\n|j|\u2606Markiito18\n|t:|1775949765\n|gametype|doubles\n|player|p1|judocado|skier|1146\n|player|p2|Markiito18|rood|1175\n|gen|9\n|tier|[Gen 9 Champions] VGC 2026 Reg M-A\n|rated|\n|rule|Species Clause: Limit one of each Pok\u00e9mon\n|rule|Item Clause: Limit 1 of each item\n|clearpoke\n|poke|p1|Camerupt, L50, M|\n|poke|p1|Farigiraf, L50, F|\n|poke|p1|Mimikyu, L50, F|\n|poke|p1|Sinistcha, L50|\n|poke|p1|Kingambit, L50, F|\n|poke|p1|Crabominable, L50, M|\n|poke|p2|Floette-Eternal, L50, F|\n|poke|p2|Incineroar, L50, M|\n|poke|p2|Garchomp, L50, M|\n|poke|p2|Sinistcha, L50|\n|poke|p2|Orthworm, L50, M|\n|poke|p2|Delphox, L50, F|\n|teampreview|4\n|inactive|Battle timer is ON: inactive players will automatically lose when time's up. (requested by judocado)\n|inactive|Markiito18 has 60 seconds left.\n|\n|t:|1775949859\n|teamsize|p1|4\n|teamsize|p2|4\n|start\n|switch|p1a: Kingambit|Kingambit, L50, F|100/100\n|switch|p1b: Mimikyu|Mimikyu, L50, F|100/100\n|switch|p2a: Orthworm|Orthworm, L50, M, shiny|100/100\n|switch|p2b: Incineroar|Incineroar, L50, M, shiny|100/100\n|-ability|p2b: Incineroar|Intimidate|boost\n|-unboost|p1a: Kingambit|atk|1\n|-ability|p1a: Kingambit|Defiant|boost\n|-boost|p1a: Kingambit|atk|2\n|-unboost|p1b: Mimikyu|atk|1\n|turn|1\n|inactive|judocado has 30 seconds left.\n|inactive|Markiito18 has 30 seconds left.\n|inactive|Markiito18 has 20 seconds left.\n|inactive|Markiito18 has 15 seconds left.\n|\n|t:|1775949903\n|move|p2b: Incineroar|Parting Shot|p1b: Mimikyu\n|-unboost|p1b: Mimikyu|atk|1\n|-unboost|p1b: Mimikyu|spa|1\n|\n|t:|1775949912\n|switch|p2b: Delphox|Delphox, L50, F, shiny|100/100|[from] Parting Shot\n|move|p2a: Orthworm|Body Press|p1a: Kingambit\n|-supereffective|p1a: Kingambit|2\n|-damage|p1a: Kingambit|0 fnt\n|faint|p1a: Kingambit\n|move|p1b: Mimikyu|Trick Room|p1b: Mimikyu\n|-fieldstart|move: Trick Room|[of] p1b: Mimikyu\n|\n|upkeep\n|\n|t:|1775949929\n|switch|p1a: Camerupt|Camerupt, L50, M|100/100\n|turn|2\n|inactive|Markiito18 has 30 seconds left.\n|inactive|Markiito18 has 20 seconds left.\n|inactive|Markiito18 has 15 seconds left.\n|inactive|Markiito18 has 10 seconds left.\n|\n|t:|1775949974\n|detailschange|p1a: Camerupt|Camerupt-Mega, L50, M\n|-mega|p1a: Camerupt|Camerupt|Cameruptite\n|detailschange|p2b: Delphox|Delphox-Mega, L50, F, shiny\n|-mega|p2b: Delphox|Delphox|Delphoxite\n|move|p2a: Orthworm|Protect|p2a: Orthworm\n|-singleturn|p2a: Orthworm|Protect\n|move|p1b: Mimikyu|Shadow Sneak|p2b: Delphox\n|-supereffective|p2b: Delphox|1\n|-damage|p2b: Delphox|71/100\n|move|p1a: Camerupt|Rock Slide|p2a: Orthworm|[spread] \n|-activate|p2a: Orthworm|move: Protect\n|-miss|p1a: Camerupt|p2b: Delphox\n|move|p2b: Delphox|Encore|p1a: Camerupt\n|-start|p1a: Camerupt|Encore\n|\n|upkeep\n|turn|3\n|\n|t:|1775949997\n|switch|p1b: Sinistcha|Sinistcha, L50|100/100\n|switch|p2b: Incineroar|Incineroar, L50, M, shiny|100/100\n|-ability|p2b: Incineroar|Intimidate|boost\n|-unboost|p1a: Camerupt|atk|1\n|-unboost|p1b: Sinistcha|atk|1\n|move|p1a: Camerupt|Rock Slide|p2a: Orthworm|[spread] p2a,p2b\n|-resisted|p2a: Orthworm|1\n|-supereffective|p2b: Incineroar|1\n|-damage|p2a: Orthworm|97/100\n|-damage|p2b: Incineroar|78/100\n|move|p2a: Orthworm|Shed Tail|p2a: Orthworm\n|-start|p2a: Orthworm|Substitute|[from] move: Shed Tail\n|-damage|p2a: Orthworm|47/100\n|inactive|Markiito18 has 30 seconds left.\n|inactive|Markiito18 has 20 seconds left.\n|inactive|Markiito18 has 15 seconds left.\n|inactive|Markiito18 has 10 seconds left.\n|inactive|Markiito18 has 5 seconds left.\n|\n|t:|1775950048\n|switch|p2a: Garchomp|Garchomp, L50, M|100/100|[from] Shed Tail\n|\n|upkeep\n|turn|4\n|\n|t:|1775950066\n|switch|p1a: Mimikyu|Mimikyu, L50, F|100/100\n|move|p1b: Sinistcha|Matcha Gotcha|p2a: Garchomp|[spread] p2a,p2b\n|-end|p2a: Garchomp|Substitute\n|-resisted|p2b: Incineroar|1\n|-damage|p2b: Incineroar|66/100\n|move|p2b: Incineroar|Parting Shot|p1a: Mimikyu\n|-unboost|p1a: Mimikyu|atk|1\n|-unboost|p1a: Mimikyu|spa|1\n|\n|t:|1775950076\n|switch|p2b: Orthworm|Orthworm, L50, M, shiny|47/100|[from] Parting Shot\n|move|p2a: Garchomp|Earthquake|p1a: Mimikyu|[spread] p1a,p1b\n|-heal|p2b: Orthworm|71/100|[from] ability: Earth Eater|[of] p2a: Garchomp\n|-resisted|p1b: Sinistcha|1\n|-activate|p1a: Mimikyu|ability: Disguise\n|-damage|p1a: Mimikyu|100/100\n|-damage|p1b: Sinistcha|81/100\n|detailschange|p1a: Mimikyu|Mimikyu-Busted, L50, F\n|-damage|p1a: Mimikyu|88/100|[from] pokemon: Mimikyu-Busted\n|\n|upkeep\n|turn|5\n|inactive|Markiito18 has 30 seconds left.\n|\n|t:|1775950106\n|switch|p2a: Incineroar|Incineroar, L50, M, shiny|66/100\n|-ability|p2a: Incineroar|Intimidate|boost\n|-unboost|p1a: Mimikyu|atk|1\n|-unboost|p1b: Sinistcha|atk|1\n|move|p2b: Orthworm|Iron Defense|p2b: Orthworm\n|-boost|p2b: Orthworm|def|2\n|move|p1b: Sinistcha|Trick Room|p1b: Sinistcha\n|-fieldend|move: Trick Room\n|move|p1a: Mimikyu|Trick Room|p1a: Mimikyu\n|-fieldstart|move: Trick Room|[of] p1a: Mimikyu\n|\n|upkeep\n|turn|6\n|inactive|judocado has 30 seconds left.\n|inactive|Markiito18 has 30 seconds left.\n|\n|t:|1775950137\n|switch|p1b: Camerupt|Camerupt-Mega, L50, M|100/100\n|move|p2a: Incineroar|Flare Blitz|p1b: Camerupt\n|-resisted|p1b: Camerupt|1\n|-damage|p1b: Camerupt|75/100\n|-damage|p2a: Incineroar|59/100|[from] Recoil\n|move|p2b: Orthworm|Iron Defense|p2b: Orthworm\n|-boost|p2b: Orthworm|def|2\n|move|p1a: Mimikyu|Curse|p2b: Orthworm\n|-start|p2b: Orthworm|Curse|[of] p1a: Mimikyu\n|-damage|p1a: Mimikyu|38/100\n|\n|-damage|p2b: Orthworm|47/100|[from] Curse\n|upkeep\n|turn|7\n|inactive|judocado has 30 seconds left.\n|inactive|Markiito18 has 30 seconds left.\n|\n|t:|1775950162\n|switch|p2a: Garchomp|Garchomp, L50, M|100/100\n|move|p2b: Orthworm|Protect|p2b: Orthworm\n|-singleturn|p2b: Orthworm|Protect\n|move|p1b: Camerupt|Heat Wave|p2a: Garchomp|[spread] p2a\n|-activate|p2b: Orthworm|move: Protect\n|-resisted|p2a: Garchomp|1\n|-damage|p2a: Garchomp|73/100\n|move|p1a: Mimikyu|Play Rough|p2a: Garchomp\n|-supereffective|p2a: Garchomp|1\n|-damage|p2a: Garchomp|33/100\n|-damage|p1a: Mimikyu|26/100|[from] ability: Rough Skin|[of] p2a: Garchomp\n|\n|-damage|p2b: Orthworm|22/100|[from] Curse\n|upkeep\n|turn|8\n|\n|t:|1775950182\n|switch|p2a: Incineroar|Incineroar, L50, M, shiny|59/100\n|-ability|p2a: Incineroar|Intimidate|boost\n|-unboost|p1a: Mimikyu|atk|1\n|-unboost|p1b: Camerupt|atk|1\n|move|p1a: Mimikyu|Shadow Sneak|p2a: Incineroar\n|-resisted|p2a: Incineroar|1\n|-damage|p2a: Incineroar|56/100\n|move|p1b: Camerupt|Heat Wave|p2a: Incineroar|[spread] p2a,p2b\n|-resisted|p2a: Incineroar|1\n|-supereffective|p2b: Orthworm|1\n|-damage|p2a: Incineroar|34/100\n|-damage|p2b: Orthworm|0 fnt\n|-enditem|p2a: Incineroar|Sitrus Berry|[eat]\n|-heal|p2a: Incineroar|59/100|[from] item: Sitrus Berry\n|faint|p2b: Orthworm\n|\n|upkeep\n|\n|t:|1775950195\n|switch|p2b: Delphox|Delphox-Mega, L50, F, shiny|71/100\n|turn|9\n|inactive|Markiito18 has 30 seconds left.\n|inactive|Markiito18 has 20 seconds left.\n|\n|t:|1775950233\n|switch|p1a: Sinistcha|Sinistcha, L50|81/100\n|-heal|p1b: Camerupt|99/100|[from] ability: Hospitality|[of] p1a: Sinistcha\n|move|p2b: Delphox|Protect|p2b: Delphox\n|-singleturn|p2b: Delphox|Protect\n|move|p1b: Camerupt|Earth Power|p2a: Incineroar\n|-supereffective|p2a: Incineroar|1\n|-damage|p2a: Incineroar|0 fnt\n|faint|p2a: Incineroar\n|\n|-fieldend|move: Trick Room\n|upkeep\n|\n|t:|1775950242\n|switch|p2a: Garchomp|Garchomp, L50, M|33/100\n|turn|10\n|inactive|judocado has 30 seconds left.\n|inactive|judocado has 20 seconds left.\n|\n|t:|1775950278\n|move|p2a: Garchomp|Earthquake|p1b: Camerupt|[spread] p1a,p1b\n|-immune|p2b: Delphox|[from] ability: Levitate\n|-resisted|p1a: Sinistcha|1\n|-supereffective|p1b: Camerupt|1\n|-damage|p1a: Sinistcha|63/100\n|-damage|p1b: Camerupt|20/100\n|move|p2b: Delphox|Heat Wave|p1b: Camerupt|[spread] p1a,p1b\n|-supereffective|p1a: Sinistcha|1\n|-resisted|p1b: Camerupt|1\n|-damage|p1a: Sinistcha|0 fnt\n|-damage|p1b: Camerupt|0 fnt\n|faint|p1a: Sinistcha\n|faint|p1b: Camerupt\n|\n|upkeep\n|\n|t:|1775950287\n|switch|p1b: Mimikyu|Mimikyu-Busted, L50, F|26/100\n|turn|11\n|\n|t:|1775950293\n|move|p1b: Mimikyu|Shadow Sneak|p2b: Delphox\n|-supereffective|p2b: Delphox|1\n|-damage|p2b: Delphox|16/100\n|move|p2a: Garchomp|Earthquake|p1b: Mimikyu|[spread] p1b\n|-immune|p2b: Delphox|[from] ability: Levitate\n|-damage|p1b: Mimikyu|0 fnt\n|faint|p1b: Mimikyu\n|\n|win|Markiito18\n|raw|judocado's rating: 1146 &rarr; <strong>1123</strong><br />(-23 for losing)\n|raw|Markiito18's rating: 1175 &rarr; <strong>1198</strong><br />(+23 for winning)\n|c|\u2606Markiito18|gg\n|l|\u2606judocado\n|player|p1|\n",
  "uploadtime": 1775950301,
  "views": 11,
  "formatid": "gen9championsvgc2026regma",
  "rating": 1123,
  "private": 0,
  "password": null
}