{
  "id": "gen9championsvgc2026regma-2583911985",
  "format": "[Gen 9 Champions] VGC 2026 Reg M-A",
  "players": [
    "DarthPug03",
    "It'sJustKen VGC"
  ],
  "log": "|j|\u2606DarthPug03\n|j|\u2606It'sJustKen VGC\n|t:|1776207657\n|gametype|doubles\n|player|p1|DarthPug03|morty|1395\n|player|p2|It'sJustKen VGC|2|1423\n|gen|9\n|tier|[Gen 9 Champions] VGC 2026 Reg M-A\n|rated|\n|rule|Species Clause: Limit one of each Pok\u00e9mon\n|rule|Item Clause: Limit 1 of each item\n|clearpoke\n|poke|p1|Tyranitar, L50, M|\n|poke|p1|Garchomp, L50, M|\n|poke|p1|Corviknight, L50, M|\n|poke|p1|Rotom-Wash, L50|\n|poke|p1|Sneasler, L50, F|\n|poke|p1|Sinistcha, L50|\n|poke|p2|Floette-Eternal, L50, F|\n|poke|p2|Espathra, L50, M|\n|poke|p2|Incineroar, L50, M|\n|poke|p2|Sneasler, L50, F|\n|poke|p2|Basculegion, L50, M|\n|poke|p2|Kingambit, L50, M|\n|teampreview|4\n|inactive|Battle timer is ON: inactive players will automatically lose when time's up. (requested by DarthPug03)\n|inactive|It'sJustKen VGC also wants the timer to be on.\n|inactive|DarthPug03 has 60 seconds left.\n|inactive|It'sJustKen VGC has 60 seconds left.\n|\n|t:|1776207701\n|teamsize|p1|4\n|teamsize|p2|4\n|start\n|switch|p1a: Tyranitar|Tyranitar, L50, M|100/100\n|switch|p1b: Sinistcha|Sinistcha, L50|100/100\n|switch|p2a: Die With A Smile|Kingambit, L50, M|100/100\n|switch|p2b: Paparazzi|Incineroar, L50, M|100/100\n|-weather|Sandstorm|[from] ability: Sand Stream|[of] p1a: Tyranitar\n|-ability|p2b: Paparazzi|Intimidate|boost\n|-unboost|p1a: Tyranitar|atk|1\n|-unboost|p1b: Sinistcha|atk|1\n|turn|1\n|inactive|It'sJustKen VGC has 30 seconds left.\n|inactive|It'sJustKen VGC has 20 seconds left.\n|inactive|It'sJustKen VGC has 15 seconds left.\n|inactive|It'sJustKen VGC has 10 seconds left.\n|\n|t:|1776207750\n|switch|p1a: Sneasler|Sneasler, L50, F|100/100\n|move|p1b: Sinistcha|Protect|p1b: Sinistcha\n|-singleturn|p1b: Sinistcha|Protect\n|move|p2b: Paparazzi|Fake Out|p1a: Sneasler\n|-damage|p1a: Sneasler|88/100\n|move|p2a: Die With A Smile|Kowtow Cleave|p1b: Sinistcha\n|-activate|p1b: Sinistcha|move: Protect\n|\n|-weather|Sandstorm|[upkeep]\n|-damage|p1a: Sneasler|82/100|[from] Sandstorm\n|-damage|p2b: Paparazzi|95/100|[from] Sandstorm\n|-damage|p1b: Sinistcha|94/100|[from] Sandstorm\n|upkeep\n|turn|2\n|\n|t:|1776207761\n|switch|p2b: Poker Face|Sneasler, L50, F|100/100\n|move|p2a: Die With A Smile|Protect|p2a: Die With A Smile\n|-singleturn|p2a: Die With A Smile|Protect\n|move|p1b: Sinistcha|Rage Powder|p1b: Sinistcha\n|-singleturn|p1b: Sinistcha|move: Rage Powder\n|move|p1a: Sneasler|Close Combat|p2a: Die With A Smile\n|-activate|p2a: Die With A Smile|move: Protect\n|\n|-weather|Sandstorm|[upkeep]\n|-damage|p2b: Poker Face|95/100|[from] Sandstorm\n|-damage|p1a: Sneasler|76/100|[from] Sandstorm\n|-damage|p1b: Sinistcha|88/100|[from] Sandstorm\n|upkeep\n|turn|3\n|\n|t:|1776207767\n|switch|p2a: Shallow|Basculegion, L50, M|100/100\n|move|p1b: Sinistcha|Rage Powder|p1b: Sinistcha\n|-singleturn|p1b: Sinistcha|move: Rage Powder\n|move|p2b: Poker Face|Dire Claw|p1b: Sinistcha\n|-damage|p1b: Sinistcha|45/100\n|-enditem|p1b: Sinistcha|Sitrus Berry|[eat]\n|-heal|p1b: Sinistcha|70/100|[from] item: Sitrus Berry\n|move|p1a: Sneasler|Close Combat|p2a: Shallow\n|-immune|p2a: Shallow\n|\n|-weather|Sandstorm|[upkeep]\n|-damage|p2a: Shallow|94/100|[from] Sandstorm\n|-damage|p2b: Poker Face|89/100|[from] Sandstorm\n|-damage|p1a: Sneasler|71/100|[from] Sandstorm\n|-damage|p1b: Sinistcha|64/100|[from] Sandstorm\n|upkeep\n|turn|4\n|inactive|It'sJustKen VGC has 30 seconds left.\n|inactive|It'sJustKen VGC has 20 seconds left.\n|\n|t:|1776207807\n|switch|p1a: Corviknight|Corviknight, L50, M|100/100\n|move|p2a: Shallow|Flip Turn|p1b: Sinistcha\n|-resisted|p1b: Sinistcha|1\n|-crit|p1b: Sinistcha\n|-damage|p1b: Sinistcha|35/100\n|\n|t:|1776207822\n|switch|p2a: Die With A Smile|Kingambit, L50, M|100/100|[from] Flip Turn\n|move|p2b: Poker Face|Dire Claw|p1b: Sinistcha\n|-damage|p1b: Sinistcha|0 fnt\n|faint|p1b: Sinistcha\n|\n|-weather|Sandstorm|[upkeep]\n|-damage|p2b: Poker Face|83/100|[from] Sandstorm\n|upkeep\n|\n|t:|1776207828\n|switch|p1b: Sneasler|Sneasler, L50, F|71/100\n|turn|5\n|\n|t:|1776207841\n|switch|p2b: Paparazzi|Incineroar, L50, M|95/100\n|-ability|p2b: Paparazzi|Intimidate|boost\n|-ability|p1a: Corviknight|Mirror Armor\n|-unboost|p2b: Paparazzi|atk|1\n|-unboost|p1b: Sneasler|atk|1\n|-enditem|p1b: Sneasler|White Herb\n|-clearnegativeboost|p1b: Sneasler|[silent]\n|move|p1b: Sneasler|Protect|p1b: Sneasler\n|-singleturn|p1b: Sneasler|Protect\n|move|p2a: Die With A Smile|Protect|p2a: Die With A Smile\n|-singleturn|p2a: Die With A Smile|Protect\n|move|p1a: Corviknight|Tailwind|p1a: Corviknight\n|-sidestart|p1: DarthPug03|move: Tailwind\n|\n|-weather|none\n|upkeep\n|turn|6\n|\n|t:|1776207859\n|move|p2b: Paparazzi|Fake Out|p1b: Sneasler\n|-damage|p1b: Sneasler|63/100\n|cant|p1b: Sneasler|flinch\n|move|p1a: Corviknight|Brave Bird|p2b: Paparazzi\n|-damage|p2b: Paparazzi|51/100\n|-damage|p1a: Corviknight|86/100|[from] Recoil\n|move|p2a: Die With A Smile|Swords Dance|p2a: Die With A Smile\n|-boost|p2a: Die With A Smile|atk|2\n|\n|upkeep\n|turn|7\n|inactive|It'sJustKen VGC has 30 seconds left.\n|inactive|It'sJustKen VGC has 20 seconds left.\n|\n|t:|1776207899\n|move|p2a: Die With A Smile|Sucker Punch|p1b: Sneasler\n|-resisted|p1b: Sneasler|1\n|-damage|p1b: Sneasler|14/100\n|move|p1b: Sneasler|Close Combat|p2a: Die With A Smile\n|-supereffective|p2a: Die With A Smile|2\n|-crit|p2a: Die With A Smile\n|-damage|p2a: Die With A Smile|0 fnt\n|-unboost|p1b: Sneasler|def|1\n|-unboost|p1b: Sneasler|spd|1\n|faint|p2a: Die With A Smile\n|move|p1a: Corviknight|Brave Bird|p2b: Paparazzi\n|-damage|p2b: Paparazzi|11/100\n|-enditem|p2b: Paparazzi|Sitrus Berry|[eat]\n|-heal|p2b: Paparazzi|36/100|[from] item: Sitrus Berry\n|-damage|p1a: Corviknight|72/100|[from] Recoil\n|move|p2b: Paparazzi|Taunt|p1a: Corviknight\n|-start|p1a: Corviknight|move: Taunt\n|\n|upkeep\n|\n|t:|1776207916\n|switch|p2a: Shallow|Basculegion, L50, M|94/100\n|turn|8\n|j| keemi\n|\n|t:|1776207931\n|move|p1b: Sneasler|Protect|p1b: Sneasler\n|-singleturn|p1b: Sneasler|Protect\n|move|p1a: Corviknight|Brave Bird|p2a: Shallow\n|-damage|p2a: Shallow|35/100\n|-damage|p1a: Corviknight|52/100|[from] Recoil\n|move|p2a: Shallow|Flip Turn|p1b: Sneasler\n|-activate|p1b: Sneasler|move: Protect\n|move|p2b: Paparazzi|Flare Blitz|p1a: Corviknight\n|-supereffective|p1a: Corviknight|1\n|-enditem|p1a: Corviknight|Occa Berry|[eat]\n|-enditem|p1a: Corviknight|Occa Berry|[weaken]\n|-damage|p1a: Corviknight|27/100\n|-damage|p2b: Paparazzi|28/100|[from] Recoil\n|\n|-sideend|p1: DarthPug03|move: Tailwind\n|upkeep\n|turn|9\n|\n|t:|1776207953\n|move|p1b: Sneasler|Dire Claw|p2a: Shallow\n|-resisted|p2a: Shallow|1\n|-damage|p2a: Shallow|10/100\n|move|p2a: Shallow|Flip Turn|p1b: Sneasler\n|-damage|p1b: Sneasler|0 fnt\n|faint|p1b: Sneasler\n|\n|t:|1776207962\n|switch|p2a: Poker Face|Sneasler, L50, F|83/100|[from] Flip Turn\n|move|p1a: Corviknight|Brave Bird|p2b: Paparazzi\n|-damage|p2b: Paparazzi|0 fnt\n|faint|p2b: Paparazzi\n|-damage|p1a: Corviknight|18/100|[from] Recoil\n|\n|upkeep\n|\n|t:|1776207967\n|switch|p1b: Tyranitar|Tyranitar, L50, M|100/100\n|switch|p2b: Shallow|Basculegion, L50, M|10/100\n|-weather|Sandstorm|[from] ability: Sand Stream|[of] p1b: Tyranitar\n|turn|10\n|\n|t:|1776207976\n|detailschange|p1b: Tyranitar|Tyranitar-Mega, L50, M\n|-mega|p1b: Tyranitar|Tyranitar|Tyranitarite\n|move|p2b: Shallow|Last Respects|p1a: Corviknight\n|-damage|p1a: Corviknight|0 fnt\n|faint|p1a: Corviknight\n|move|p2a: Poker Face|Close Combat|p1b: Tyranitar\n|-supereffective|p1b: Tyranitar|2\n|-damage|p1b: Tyranitar|0 fnt\n|-unboost|p2a: Poker Face|def|1\n|-unboost|p2a: Poker Face|spd|1\n|faint|p1b: Tyranitar\n|\n|win|It'sJustKen VGC\n|raw|DarthPug03's rating: 1395 &rarr; <strong>1377</strong><br />(-18 for losing)\n|raw|It&apos;sJustKen VGC's rating: 1423 &rarr; <strong>1441</strong><br />(+18 for winning)\n|j| alonso-m5\n|l|\u2606DarthPug03\n|player|p1|\n",
  "uploadtime": 1776207980,
  "views": 41,
  "formatid": "gen9championsvgc2026regma",
  "rating": 1377,
  "private": 0,
  "password": null
}