{
  "id": "gen9championsvgc2026regma-2583056973",
  "format": "[Gen 9 Champions] VGC 2026 Reg M-A",
  "players": [
    "tapedcrusader",
    "Filosomimus"
  ],
  "log": "|j|\u2606tapedcrusader\n|j|\u2606Filosomimus\n|t:|1776137363\n|gametype|doubles\n|player|p1|tapedcrusader|red|1179\n|player|p2|Filosomimus|benga|1128\n|gen|9\n|tier|[Gen 9 Champions] VGC 2026 Reg M-A\n|rated|\n|rule|Species Clause: Limit one of each Pok\u00e9mon\n|rule|Item Clause: Limit 1 of each item\n|clearpoke\n|poke|p1|Floette-Eternal, L50, F|\n|poke|p1|Gengar, L50, M|\n|poke|p1|Incineroar, L50, F|\n|poke|p1|Sneasler, L50, M|\n|poke|p1|Whimsicott, L50, M|\n|poke|p1|Basculegion, L50, M|\n|poke|p2|Pelipper, L50, F|\n|poke|p2|Scizor, L50, F|\n|poke|p2|Incineroar, L50, F|\n|poke|p2|Garchomp, L50, M|\n|poke|p2|Sneasler, L50, M|\n|poke|p2|Rotom-Wash, L50|\n|teampreview|4\n|inactive|Battle timer is ON: inactive players will automatically lose when time's up. (requested by tapedcrusader)\n|inactive|Filosomimus has 60 seconds left.\n|\n|t:|1776137400\n|teamsize|p1|4\n|teamsize|p2|4\n|start\n|switch|p1a: Floette|Floette-Eternal, L50, F|100/100\n|switch|p1b: Basculegion|Basculegion, L50, M|100/100\n|switch|p2a: Rotom|Rotom-Wash, L50|100/100\n|switch|p2b: Sneasler|Sneasler, L50, M|100/100\n|turn|1\n|\n|t:|1776137420\n|switch|p1a: Incineroar|Incineroar, L50, F|100/100\n|-ability|p1a: Incineroar|Intimidate|boost\n|-unboost|p2a: Rotom|atk|1\n|-unboost|p2b: Sneasler|atk|1\n|move|p1b: Basculegion|Flip Turn|p2b: Sneasler\n|-damage|p2b: Sneasler|24/100\n|\n|t:|1776137430\n|switch|p1b: Whimsicott|Whimsicott, L50, M|100/100|[from] Flip Turn\n|move|p2b: Sneasler|Dire Claw|p1a: Incineroar\n|-damage|p1a: Incineroar|76/100\n|move|p2a: Rotom|Thunderbolt|p1b: Whimsicott\n|-resisted|p1b: Whimsicott|1\n|-damage|p1b: Whimsicott|64/100\n|\n|upkeep\n|turn|2\n|inactive|Filosomimus has 30 seconds left.\n|\n|t:|1776137462\n|switch|p2b: Scizor|Scizor, L50, F|100/100\n|move|p1a: Incineroar|Fake Out|p2b: Scizor\n|-resisted|p2b: Scizor|1\n|-damage|p2b: Scizor|95/100\n|move|p1b: Whimsicott|Energy Ball|p2a: Rotom\n|-supereffective|p2a: Rotom|1\n|-damage|p2a: Rotom|24/100\n|-unboost|p2a: Rotom|spd|1\n|move|p2a: Rotom|Volt Switch|p1a: Incineroar\n|-damage|p1a: Incineroar|49/100\n|-enditem|p1a: Incineroar|Sitrus Berry|[eat]\n|-heal|p1a: Incineroar|74/100|[from] item: Sitrus Berry\n|\n|t:|1776137479\n|switch|p2a: Sneasler|Sneasler, L50, M|24/100|[from] Volt Switch\n|\n|upkeep\n|turn|3\n|\n|t:|1776137494\n|switch|p1a: Basculegion|Basculegion, L50, M|100/100\n|detailschange|p2b: Scizor|Scizor-Mega, L50, F\n|-mega|p2b: Scizor|Scizor|Scizorite\n|move|p2a: Sneasler|Fake Out|p1a: Basculegion\n|-immune|p1a: Basculegion\n|move|p1b: Whimsicott|Tailwind|p1b: Whimsicott\n|-sidestart|p1: tapedcrusader|move: Tailwind\n|move|p2b: Scizor|Swords Dance|p2b: Scizor\n|-boost|p2b: Scizor|atk|2\n|\n|upkeep\n|turn|4\n|inactive|Filosomimus has 30 seconds left.\n|\n|t:|1776137526\n|move|p1b: Whimsicott|Encore|p2b: Scizor\n|-start|p2b: Scizor|Encore\n|move|p1a: Basculegion|Flip Turn|p2a: Sneasler\n|-damage|p2a: Sneasler|0 fnt\n|faint|p2a: Sneasler\n|\n|t:|1776137534\n|switch|p1a: Floette|Floette-Eternal, L50, F|100/100|[from] Flip Turn\n|move|p2b: Scizor|Swords Dance|p2b: Scizor\n|-boost|p2b: Scizor|atk|2\n|\n|upkeep\n|\n|t:|1776137543\n|switch|p2a: Garchomp|Garchomp, L50, M|100/100\n|turn|5\n|\n|t:|1776137560\n|switch|p2b: Rotom|Rotom-Wash, L50|24/100\n|detailschange|p1a: Floette|Floette-Mega, L50, F\n|-mega|p1a: Floette|Floette|Floettite\n|-ability|p1a: Floette|Fairy Aura\n|move|p1b: Whimsicott|Energy Ball|p2b: Rotom\n|-supereffective|p2b: Rotom|1\n|-damage|p2b: Rotom|0 fnt\n|faint|p2b: Rotom\n|move|p1a: Floette|Moonblast|p2a: Garchomp\n|-supereffective|p2a: Garchomp|1\n|-damage|p2a: Garchomp|0 fnt\n|faint|p2a: Garchomp\n|\n|upkeep\n|\n|t:|1776137571\n|switch|p2b: Scizor|Scizor-Mega, L50, F|95/100\n|turn|6\n|\n|t:|1776137582\n|switch|p1b: Basculegion|Basculegion, L50, M|100/100\n|switch|p1a: Incineroar|Incineroar, L50, F|74/100\n|-ability|p1a: Incineroar|Intimidate|boost\n|-unboost|p2b: Scizor|atk|1\n|move|p2b: Scizor|Bullet Punch|p1b: Basculegion\n|-resisted|p1b: Basculegion|1\n|-damage|p1b: Basculegion|84/100\n|\n|-sideend|p1: tapedcrusader|move: Tailwind\n|upkeep\n|turn|7\n|\n|t:|1776137600\n|move|p1a: Incineroar|Fake Out|p2b: Scizor\n|-resisted|p2b: Scizor|1\n|-damage|p2b: Scizor|91/100\n|move|p1b: Basculegion|Wave Crash|p2b: Scizor\n|-damage|p2b: Scizor|27/100\n|-damage|p1b: Basculegion|65/100|[from] Recoil\n|cant|p2b: Scizor|flinch\n|\n|upkeep\n|turn|8\n|\n|t:|1776137611\n|move|p1b: Basculegion|Wave Crash|p2b: Scizor\n|-damage|p2b: Scizor|0 fnt\n|faint|p2b: Scizor\n|-damage|p1b: Basculegion|57/100|[from] Recoil\n|\n|win|tapedcrusader\n|raw|tapedcrusader's rating: 1179 &rarr; <strong>1200</strong><br />(+21 for winning)\n|raw|Filosomimus's rating: 1128 &rarr; <strong>1107</strong><br />(-21 for losing)\n|c|\u2606tapedcrusader|Gg\n|l|\u2606Filosomimus\n|player|p2|\n",
  "uploadtime": 1776137620,
  "views": 30,
  "formatid": "gen9championsvgc2026regma",
  "rating": 1107,
  "private": 0,
  "password": null
}