{
  "id": "gen9championsvgc2026regma-2583574714",
  "format": "[Gen 9 Champions] VGC 2026 Reg M-A",
  "players": [
    "sceptilean",
    "Blumagination"
  ],
  "log": "|j|\u2606sceptilean\n|j|\u2606Blumagination\n|t:|1776184230\n|gametype|doubles\n|player|p1|sceptilean|n|1299\n|player|p2|Blumagination|266|1383\n|gen|9\n|tier|[Gen 9 Champions] VGC 2026 Reg M-A\n|rated|\n|rule|Species Clause: Limit one of each Pok\u00e9mon\n|rule|Item Clause: Limit 1 of each item\n|clearpoke\n|poke|p1|Skarmory, L50, F|\n|poke|p1|Incineroar, L50, M|\n|poke|p1|Aerodactyl, L50, F|\n|poke|p1|Empoleon, L50, F|\n|poke|p1|Gallade, L50, M|\n|poke|p1|Sinistcha, L50|\n|poke|p2|Sinistcha, L50|\n|poke|p2|Tyranitar, L50, M|\n|poke|p2|Floette-Eternal, L50, F|\n|poke|p2|Sneasler, L50, F|\n|poke|p2|Basculegion, L50, M|\n|poke|p2|Dragonite, L50, M|\n|teampreview|4\n|inactive|Battle timer is ON: inactive players will automatically lose when time's up. (requested by sceptilean)\nBlumagination has agreed to open team sheets.\n|inactive|sceptilean has 60 seconds left.\n|inactive|Blumagination has 60 seconds left.\n|\n|t:|1776184267\n|teamsize|p1|4\n|teamsize|p2|4\n|start\n|switch|p1a: Aerodactyl|Aerodactyl, L50, F|100/100\n|switch|p1b: Sinistcha|Sinistcha, L50|100/100\n|switch|p2a: Sneasler|Sneasler, L50, F|100/100\n|switch|p2b: Basculegion|Basculegion, L50, M|100/100\n|-ability|p1a: Aerodactyl|Unnerve\n|turn|1\n|inactive|Blumagination has 30 seconds left.\n|inactive|Blumagination has 20 seconds left.\n|inactive|Blumagination has 15 seconds left.\n|\n|t:|1776184312\n|move|p1a: Aerodactyl|Protect|p1a: Aerodactyl\n|-singleturn|p1a: Aerodactyl|Protect\n|move|p2a: Sneasler|Fake Out|p1a: Aerodactyl\n|-activate|p1a: Aerodactyl|move: Protect\n|move|p2b: Basculegion|Flip Turn|p1b: Sinistcha\n|-resisted|p1b: Sinistcha|1\n|-damage|p1b: Sinistcha|83/100\n|\n|t:|1776184315\n|switch|p2b: Floette|Floette-Eternal, L50, F|100/100|[from] Flip Turn\n|move|p1b: Sinistcha|Matcha Gotcha|p2a: Sneasler|[spread] p2a,p2b\n|-resisted|p2a: Sneasler|1\n|-damage|p2a: Sneasler|82/100\n|-heal|p1b: Sinistcha|90/100|[from] drain|[of] p2a: Sneasler\n|-damage|p2b: Floette|79/100\n|-heal|p1b: Sinistcha|100/100|[from] drain|[of] p2b: Floette\n|\n|upkeep\n|turn|2\n|\n|t:|1776184327\n|detailschange|p2b: Floette|Floette-Mega, L50, F\n|-mega|p2b: Floette|Floette|Floettite\n|-ability|p2b: Floette|Fairy Aura\n|move|p2a: Sneasler|Protect|p2a: Sneasler\n|-singleturn|p2a: Sneasler|Protect\n|move|p1a: Aerodactyl|Tailwind|p1a: Aerodactyl\n|-sidestart|p1: sceptilean|move: Tailwind\n|move|p1b: Sinistcha|Matcha Gotcha|p2b: Floette|[spread] p2b\n|-activate|p2a: Sneasler|move: Protect\n|-damage|p2b: Floette|60/100\n|move|p2b: Floette|Dazzling Gleam|p1a: Aerodactyl|[spread] p1a,p1b\n|-damage|p1a: Aerodactyl|25/100\n|-damage|p1b: Sinistcha|53/100\n|\n|upkeep\n|turn|3\n|\n|t:|1776184343\n|move|p2a: Sneasler|Protect|p2a: Sneasler\n|-singleturn|p2a: Sneasler|Protect\n|move|p2b: Floette|Protect|p2b: Floette\n|-singleturn|p2b: Floette|Protect\n|move|p1a: Aerodactyl|Rock Slide|p2a: Sneasler|[spread] \n|-activate|p2a: Sneasler|move: Protect\n|-activate|p2b: Floette|move: Protect\n|move|p1b: Sinistcha|Matcha Gotcha|p2b: Floette|[spread] \n|-activate|p2a: Sneasler|move: Protect\n|-activate|p2b: Floette|move: Protect\n|\n|upkeep\n|turn|4\n|\n|t:|1776184355\n|switch|p2a: Sinistcha|Sinistcha, L50|100/100\n|-heal|p2b: Floette|85/100|[from] ability: Hospitality|[of] p2a: Sinistcha\n|move|p1a: Aerodactyl|Rock Slide|p2b: Floette|[spread] p2a\n|-miss|p1a: Aerodactyl|p2b: Floette\n|-crit|p2a: Sinistcha\n|-damage|p2a: Sinistcha|65/100\n|move|p1b: Sinistcha|Matcha Gotcha|p2a: Sinistcha|[spread] p2a,p2b\n|-resisted|p2a: Sinistcha|1\n|-damage|p2a: Sinistcha|53/100\n|-heal|p1b: Sinistcha|59/100|[from] drain|[of] p2a: Sinistcha\n|-damage|p2b: Floette|68/100\n|-heal|p1b: Sinistcha|68/100|[from] drain|[of] p2b: Floette\n|-status|p2b: Floette|brn\n|move|p2b: Floette|Dazzling Gleam|p1a: Aerodactyl|[spread] p1a,p1b\n|-damage|p1a: Aerodactyl|0 fnt\n|-damage|p1b: Sinistcha|18/100\n|faint|p1a: Aerodactyl\n|\n|-damage|p2b: Floette|62/100 brn|[from] brn\n|upkeep\n|\n|t:|1776184366\n|switch|p1a: Skarmory|Skarmory, L50, F, shiny|100/100\n|turn|5\n|\n|t:|1776184377\n|detailschange|p1a: Skarmory|Skarmory-Mega, L50, F, shiny\n|-mega|p1a: Skarmory|Skarmory|Skarmorite\n|move|p2b: Floette|Protect|p2b: Floette\n|-singleturn|p2b: Floette|Protect\n|move|p2a: Sinistcha|Protect|p2a: Sinistcha\n|-singleturn|p2a: Sinistcha|Protect\n|move|p1a: Skarmory|Drill Peck|p2a: Sinistcha\n|-activate|p2a: Sinistcha|move: Protect\n|move|p1b: Sinistcha|Shadow Ball|p2a: Sinistcha\n|-activate|p2a: Sinistcha|move: Protect\n|\n|-damage|p2b: Floette|56/100 brn|[from] brn\n|-sideend|p1: sceptilean|move: Tailwind\n|upkeep\n|turn|6\n|\n|t:|1776184386\n|move|p2a: Sinistcha|Rage Powder|p2a: Sinistcha\n|-singleturn|p2a: Sinistcha|move: Rage Powder\n|move|p1a: Skarmory|Iron Head|p2b: Floette\n|-supereffective|p2b: Floette|1\n|-damage|p2b: Floette|0 fnt\n|faint|p2b: Floette\n|move|p1b: Sinistcha|Shadow Ball|p2a: Sinistcha\n|-supereffective|p2a: Sinistcha|1\n|-damage|p2a: Sinistcha|0 fnt\n|faint|p2a: Sinistcha\n|\n|upkeep\n|\n|t:|1776184394\n|switch|p2b: Sneasler|Sneasler, L50, F|82/100\n|switch|p2a: Basculegion|Basculegion, L50, M|100/100\n|turn|7\n|c|\u2606sceptilean|Stalwart ignores redirect\n|c|\u2606Blumagination|Yeah well good to know\n|c|\u2606Blumagination|hahahaaha\n|\n|t:|1776184415\n|move|p1a: Skarmory|Protect|p1a: Skarmory\n|-singleturn|p1a: Skarmory|Protect\n|move|p1b: Sinistcha|Protect|p1b: Sinistcha\n|-singleturn|p1b: Sinistcha|Protect\n|move|p2b: Sneasler|Fake Out|p1a: Skarmory\n|-activate|p1a: Skarmory|move: Protect\n|move|p2a: Basculegion|Last Respects|p1b: Sinistcha\n|-activate|p1b: Sinistcha|move: Protect\n|\n|upkeep\n|turn|8\n|inactive|sceptilean has 30 seconds left.\n|inactive|Blumagination has 30 seconds left.\n|\n|t:|1776184446\n|move|p2a: Basculegion|Last Respects|p1a: Skarmory\n|-damage|p1a: Skarmory|0 fnt\n|faint|p1a: Skarmory\n|move|p2b: Sneasler|Close Combat|p1b: Sinistcha\n|-immune|p1b: Sinistcha\n|move|p1b: Sinistcha|Matcha Gotcha|p2b: Sneasler|[spread] p2a,p2b\n|-supereffective|p2a: Basculegion|1\n|-resisted|p2b: Sneasler|1\n|-damage|p2a: Basculegion|37/100\n|-heal|p1b: Sinistcha|54/100|[from] drain|[of] p2a: Basculegion\n|-damage|p2b: Sneasler|65/100\n|-heal|p1b: Sinistcha|62/100|[from] drain|[of] p2b: Sneasler\n|\n|upkeep\n|\n|t:|1776184451\n|switch|p1a: Empoleon|Empoleon, L50, F|100/100\n|turn|9\n|\n|t:|1776184459\n|move|p2a: Basculegion|Last Respects|p1b: Sinistcha|[miss]\n|-miss|p2a: Basculegion|p1b: Sinistcha\n|move|p2b: Sneasler|Close Combat|p1a: Empoleon\n|-supereffective|p1a: Empoleon|1\n|-enditem|p1a: Empoleon|Chople Berry|[eat]\n|-enditem|p1a: Empoleon|Chople Berry|[weaken]\n|-damage|p1a: Empoleon|36/100\n|-unboost|p2b: Sneasler|def|1\n|-unboost|p2b: Sneasler|spd|1\n|-enditem|p2b: Sneasler|White Herb\n|-clearnegativeboost|p2b: Sneasler|[silent]\n|move|p1b: Sinistcha|Matcha Gotcha|p2b: Sneasler|[spread] p2a,p2b\n|-supereffective|p2a: Basculegion|1\n|-resisted|p2b: Sneasler|1\n|-damage|p2a: Basculegion|0 fnt\n|-heal|p1b: Sinistcha|83/100|[from] drain|[of] p2a: Basculegion\n|-damage|p2b: Sneasler|48/100\n|-heal|p1b: Sinistcha|90/100|[from] drain|[of] p2b: Sneasler\n|faint|p2a: Basculegion\n|move|p1a: Empoleon|Chilling Water|p2b: Sneasler\n|-damage|p2b: Sneasler|13/100\n|-unboost|p2b: Sneasler|atk|1\n|\n|upkeep\n|turn|10\n|c|\u2606Blumagination|What do u mean missed\n|\n|t:|1776184480\n|move|p2b: Sneasler|Close Combat|p1a: Empoleon\n|-supereffective|p1a: Empoleon|1\n|-damage|p1a: Empoleon|0 fnt\n|-unboost|p2b: Sneasler|def|1\n|-unboost|p2b: Sneasler|spd|1\n|faint|p1a: Empoleon\n|move|p1b: Sinistcha|Shadow Ball|p2b: Sneasler\n|-damage|p2b: Sneasler|0 fnt\n|faint|p2b: Sneasler\n|\n|win|sceptilean\n|raw|sceptilean's rating: 1299 &rarr; <strong>1330</strong><br />(+31 for winning)\n|raw|Blumagination's rating: 1383 &rarr; <strong>1358</strong><br />(-25 for losing)\n|c|\u2606sceptilean|Bright powder\n|c|\u2606Blumagination|yeah but like\n|c|\u2606Blumagination|U lost like 50 games cause no sitrus berry\n|c|\u2606Blumagination|So u can have that one clutch 1/1000000 moment\n|l|\u2606Blumagination\n|player|p2|\n|c|\u2606sceptilean|Nah\n",
  "uploadtime": 1776184526,
  "views": 26,
  "formatid": "gen9championsvgc2026regma",
  "rating": 1330,
  "private": 0,
  "password": null
}