{
  "id": "gen9championsvgc2026regma-2582637561",
  "format": "[Gen 9 Champions] VGC 2026 Reg M-A",
  "players": [
    "luvv letters",
    "Marizo"
  ],
  "log": "|j|\u2606luvv letters\n|j|\u2606Marizo\n|t:|1776104169\n|gametype|doubles\n|player|p1|luvv letters|karen-gen2|1063\n|player|p2|Marizo|n|1000\n|gen|9\n|tier|[Gen 9 Champions] VGC 2026 Reg M-A\n|rated|\n|rule|Species Clause: Limit one of each Pok\u00e9mon\n|rule|Item Clause: Limit 1 of each item\n|clearpoke\n|poke|p1|Froslass, L50, F|\n|poke|p1|Rotom-Frost, L50|\n|poke|p1|Garchomp, L50, M|\n|poke|p1|Empoleon, L50, F|\n|poke|p1|Incineroar, L50, M|\n|poke|p1|Kingambit, L50, F|\n|poke|p2|Venusaur, L50, M|\n|poke|p2|Torkoal, L50, F|\n|poke|p2|Meganium, L50, M|\n|poke|p2|Armarouge, L50, M|\n|poke|p2|Klefki, L50, M|\n|poke|p2|Mudsdale, L50, M|\n|teampreview|4\n|inactive|Battle timer is ON: inactive players will automatically lose when time's up. (requested by luvv letters)\n|inactive|Marizo has 60 seconds left.\n|\n|t:|1776104207\n|teamsize|p1|4\n|teamsize|p2|4\n|start\n|switch|p1a: Froslass|Froslass, L50, F, shiny|100/100\n|switch|p1b: Rotom|Rotom-Frost, L50, shiny|100/100\n|switch|p2a: Klefki|Klefki, L50, M|100/100\n|switch|p2b: Mudsdale|Mudsdale, L50, M|100/100\n|turn|1\n|\n|t:|1776104232\n|switch|p2b: Torkoal|Torkoal, L50, F|100/100\n|-weather|SunnyDay|[from] ability: Drought|[of] p2b: Torkoal\n|detailschange|p1a: Froslass|Froslass-Mega, L50, F, shiny\n|-mega|p1a: Froslass|Froslass|Froslassite\n|-weather|Snowscape|[from] ability: Snow Warning|[of] p1a: Froslass\n|move|p2a: Klefki|Thunder Wave|p1a: Froslass|[miss]\n|-miss|p2a: Klefki|p1a: Froslass\n|move|p1b: Rotom|Blizzard|p2b: Torkoal|[spread] p2a,p2b\n|-resisted|p2a: Klefki|1\n|-resisted|p2b: Torkoal|1\n|-damage|p2a: Klefki|80/100\n|-damage|p2b: Torkoal|74/100\n|move|p1a: Froslass|Aurora Veil|p1a: Froslass\n|-sidestart|p1: luvv letters|move: Aurora Veil\n|\n|-weather|Snowscape|[upkeep]\n|-heal|p2a: Klefki|86/100|[from] item: Leftovers\n|upkeep\n|turn|2\n|inactive|Marizo has 30 seconds left.\n|inactive|Marizo has 20 seconds left.\n|\n|t:|1776104271\n|switch|p1b: Incineroar|Incineroar, L50, M|100/100\n|-ability|p1b: Incineroar|Intimidate|boost\n|-unboost|p2a: Klefki|atk|1\n|-unboost|p2b: Torkoal|atk|1\n|move|p2a: Klefki|Sunny Day|p2a: Klefki\n|-weather|SunnyDay\n|move|p1a: Froslass|Shadow Ball|p2a: Klefki\n|-damage|p2a: Klefki|41/100\n|move|p2b: Torkoal|Eruption|p1a: Froslass|[spread] p1a,p1b\n|-supereffective|p1a: Froslass|1\n|-crit|p1a: Froslass\n|-resisted|p1b: Incineroar|1\n|-damage|p1a: Froslass|0 fnt\n|-damage|p1b: Incineroar|83/100\n|faint|p1a: Froslass\n|\n|-weather|SunnyDay|[upkeep]\n|-heal|p2a: Klefki|47/100|[from] item: Leftovers\n|upkeep\n|\n|t:|1776104283\n|switch|p1a: Rotom|Rotom-Frost, L50, shiny|100/100\n|turn|3\n|\n|t:|1776104298\n|switch|p2a: Mudsdale|Mudsdale, L50, M|100/100\n|move|p1b: Incineroar|Fake Out|p2b: Torkoal\n|-damage|p2b: Torkoal|65/100\n|move|p1a: Rotom|Volt Switch|p2a: Mudsdale\n|-immune|p2a: Mudsdale\n|cant|p2b: Torkoal|flinch\n|\n|-weather|SunnyDay|[upkeep]\n|upkeep\n|turn|4\n|\n|t:|1776104310\n|switch|p1a: Garchomp|Garchomp, L50, M, shiny|100/100\n|move|p1b: Incineroar|Parting Shot|p2a: Mudsdale\n|-unboost|p2a: Mudsdale|atk|1\n|-unboost|p2a: Mudsdale|spa|1\n|\n|t:|1776104315\n|switch|p1b: Rotom|Rotom-Frost, L50, shiny|100/100|[from] Parting Shot\n|move|p2a: Mudsdale|Rock Slide|p1b: Rotom|[spread] p1a\n|-miss|p2a: Mudsdale|p1b: Rotom\n|-resisted|p1a: Garchomp|1\n|-damage|p1a: Garchomp|97/100\n|move|p2b: Torkoal|Eruption|p1a: Garchomp|[spread] p1a,p1b\n|-resisted|p1a: Garchomp|1\n|-supereffective|p1b: Rotom|1\n|-damage|p1a: Garchomp|77/100\n|-damage|p1b: Rotom|0 fnt\n|faint|p1b: Rotom\n|\n|-weather|SunnyDay|[upkeep]\n|upkeep\n|\n|t:|1776104325\n|switch|p1b: Incineroar|Incineroar, L50, M|83/100\n|-ability|p1b: Incineroar|Intimidate|boost\n|-unboost|p2a: Mudsdale|atk|1\n|-unboost|p2b: Torkoal|atk|1\n|turn|5\n|\n|t:|1776104341\n|move|p1b: Incineroar|Fake Out|p2a: Mudsdale\n|-damage|p2a: Mudsdale|92/100\n|-ability|p2a: Mudsdale|Stamina|boost\n|-boost|p2a: Mudsdale|def|1\n|move|p1a: Garchomp|Rock Slide|p2a: Mudsdale|[spread] p2a,p2b\n|-resisted|p2a: Mudsdale|1\n|-supereffective|p2b: Torkoal|1\n|-damage|p2a: Mudsdale|87/100\n|-damage|p2b: Torkoal|33/100\n|-ability|p2a: Mudsdale|Stamina|boost\n|-boost|p2a: Mudsdale|def|1\n|cant|p2a: Mudsdale|flinch\n|move|p2b: Torkoal|Will-O-Wisp|p1a: Garchomp\n|-status|p1a: Garchomp|brn\n|\n|-weather|SunnyDay|[upkeep]\n|-damage|p1a: Garchomp|71/100 brn|[from] brn\n|-sideend|p1: luvv letters|move: Aurora Veil\n|upkeep\n|turn|6\n|-message|luvv letters forfeited.\n|\n|win|Marizo\n|raw|luvv letters's rating: 1063 &rarr; <strong>1040</strong><br />(-23 for losing)\n|raw|Marizo's rating: 1000 &rarr; <strong>1047</strong><br />(+47 for winning)\n|l|\u2606luvv letters\n|player|p1|\n",
  "uploadtime": 1776104430,
  "views": 15,
  "formatid": "gen9championsvgc2026regma",
  "rating": 1040,
  "private": 0,
  "password": null
}