{
  "id": "gen9championsvgc2026regma-2584153916",
  "format": "[Gen 9 Champions] VGC 2026 Reg M-A",
  "players": [
    "Niko highway",
    "saya315"
  ],
  "log": "|j|\u2606Niko highway\n|j|\u2606saya315\n|t:|1776231559\n|gametype|doubles\n|player|p1|Niko highway|266|1420\n|player|p2|saya315|veteranf|1444\n|gen|9\n|tier|[Gen 9 Champions] VGC 2026 Reg M-A\n|rated|\n|rule|Species Clause: Limit one of each Pok\u00e9mon\n|rule|Item Clause: Limit 1 of each item\n|clearpoke\n|poke|p1|Incineroar, L50, M|\n|poke|p1|Conkeldurr, L50, M|\n|poke|p1|Sinistcha, L50|\n|poke|p1|Cofagrigus, L50, F|\n|poke|p1|Drampa, L50, M|\n|poke|p1|Aegislash, L50, F|\n|poke|p2|Froslass, L50, F|\n|poke|p2|Basculegion, L50, M|\n|poke|p2|Rotom-Heat, L50|\n|poke|p2|Kingambit, L50, M|\n|poke|p2|Aerodactyl, L50, F|\n|poke|p2|Sneasler, L50, F|\n|teampreview|4\n|inactive|Battle timer is ON: inactive players will automatically lose when time's up. (requested by saya315)\n|\n|t:|1776231583\n|teamsize|p1|4\n|teamsize|p2|4\n|start\n|switch|p1a: Cofagrigus|Cofagrigus, L50, F|100/100\n|switch|p1b: Conkeldurr|Conkeldurr, L50, M|100/100\n|switch|p2a: Froslass|Froslass, L50, F|100/100\n|switch|p2b: Basculegion|Basculegion, L50, M|100/100\n|turn|1\n|\n|t:|1776231599\n|switch|p1a: Incineroar|Incineroar, L50, M|100/100\n|-ability|p1a: Incineroar|Intimidate|boost\n|-unboost|p2a: Froslass|atk|1\n|-unboost|p2b: Basculegion|atk|1\n|detailschange|p2a: Froslass|Froslass-Mega, L50, F\n|-mega|p2a: Froslass|Froslass|Froslassite\n|-weather|Snowscape|[from] ability: Snow Warning|[of] p2a: Froslass\n|move|p2b: Basculegion|Last Respects|p1a: Incineroar\n|-resisted|p1a: Incineroar|1\n|-damage|p1a: Incineroar|90/100\n|move|p2a: Froslass|Blizzard|p1b: Conkeldurr|[spread] p1a,p1b\n|-resisted|p1a: Incineroar|1\n|-damage|p1a: Incineroar|69/100\n|-damage|p1b: Conkeldurr|51/100\n|move|p1b: Conkeldurr|Knock Off|p2b: Basculegion\n|-supereffective|p2b: Basculegion|1\n|-damage|p2b: Basculegion|1/100\n|-enditem|p2b: Basculegion|Choice Scarf|[from] move: Knock Off|[of] p1b: Conkeldurr\n|\n|-weather|Snowscape|[upkeep]\n|upkeep\n|turn|2\n|\n|t:|1776231622\n|move|p1b: Conkeldurr|Wide Guard|p1b: Conkeldurr\n|-singleturn|p1b: Conkeldurr|Wide Guard\n|move|p2a: Froslass|Blizzard|p1a: Incineroar|[spread] \n|-activate|p1a: Incineroar|move: Wide Guard\n|-activate|p1b: Conkeldurr|move: Wide Guard\n|move|p2b: Basculegion|Wave Crash|p1a: Incineroar\n|-supereffective|p1a: Incineroar|1\n|-damage|p1a: Incineroar|0 fnt\n|faint|p1a: Incineroar\n|-damage|p2b: Basculegion|0 fnt|[from] Recoil\n|faint|p2b: Basculegion\n|\n|-weather|Snowscape|[upkeep]\n|upkeep\n|\n|t:|1776231638\n|switch|p2b: Kingambit|Kingambit, L50, M|100/100\n|switch|p1a: Aegislash|Aegislash, L50, F|100/100\n|turn|3\n|\n|t:|1776231651\n|move|p1a: Aegislash|King's Shield|p1a: Aegislash\n|-singleturn|p1a: Aegislash|Protect\n|move|p2b: Kingambit|Sucker Punch|p1b: Conkeldurr\n|-resisted|p1b: Conkeldurr|1\n|-damage|p1b: Conkeldurr|31/100\n|move|p2a: Froslass|Blizzard|p1b: Conkeldurr|[spread] p1b\n|-activate|p1a: Aegislash|move: Protect\n|-damage|p1b: Conkeldurr|0 fnt\n|faint|p1b: Conkeldurr\n|\n|-weather|Snowscape|[upkeep]\n|upkeep\n|\n|t:|1776231659\n|switch|p1b: Cofagrigus|Cofagrigus, L50, F|100/100\n|turn|4\n|\n|t:|1776231667\n|move|p2a: Froslass|Shadow Ball|p1b: Cofagrigus\n|-supereffective|p1b: Cofagrigus|1\n|-damage|p1b: Cofagrigus|9/100\n|move|p2b: Kingambit|Kowtow Cleave|p1a: Aegislash\n|-supereffective|p1a: Aegislash|1\n|-damage|p1a: Aegislash|0 fnt\n|faint|p1a: Aegislash\n|move|p1b: Cofagrigus|Trick Room|p1b: Cofagrigus\n|-fieldstart|move: Trick Room|[of] p1b: Cofagrigus\n|\n|-weather|Snowscape|[upkeep]\n|-heal|p1b: Cofagrigus|15/100|[from] item: Leftovers\n|upkeep\n|turn|5\n|-message|Niko highway forfeited.\n|\n|win|saya315\n|raw|Niko highway's rating: 1420 &rarr; <strong>1401</strong><br />(-19 for losing)\n|raw|saya315's rating: 1444 &rarr; <strong>1463</strong><br />(+19 for winning)\n|l|\u2606saya315\n|player|p2|\n",
  "uploadtime": 1776231682,
  "views": 57,
  "formatid": "gen9championsvgc2026regma",
  "rating": 1401,
  "private": 0,
  "password": null
}