{
  "id": "gen9championsvgc2026regma-2583958682",
  "format": "[Gen 9 Champions] VGC 2026 Reg M-A",
  "players": [
    "SimMikaze",
    "Aurasteal"
  ],
  "log": "|j|\u2606SimMikaze\n|j|\u2606Aurasteal\n|t:|1776211839\n|gametype|doubles\n|player|p1|SimMikaze|miku-ghost|1211\n|player|p2|Aurasteal|caitlin|1170\n|gen|9\n|tier|[Gen 9 Champions] VGC 2026 Reg M-A\n|rated|\n|rule|Species Clause: Limit one of each Pok\u00e9mon\n|rule|Item Clause: Limit 1 of each item\n|clearpoke\n|poke|p1|Gengar, L50, M|\n|poke|p1|Sneasler, L50, F|\n|poke|p1|Incineroar, L50, M|\n|poke|p1|Sinistcha, L50|\n|poke|p1|Kommo-o, L50, F|\n|poke|p1|Blastoise, L50, M|\n|poke|p2|Floette-Eternal, L50, F|\n|poke|p2|Incineroar, L50, M|\n|poke|p2|Aerodactyl, L50, M|\n|poke|p2|Garchomp, L50, F|\n|poke|p2|Sinistcha, L50|\n|poke|p2|Basculegion, L50, M|\n|teampreview|4\n|\n|t:|1776211871\n|teamsize|p1|4\n|teamsize|p2|4\n|start\n|switch|p1a: Incineroar|Incineroar, L50, M, shiny|100/100\n|switch|p1b: Kommo-o|Kommo-o, L50, F|100/100\n|switch|p2a: Garchomp|Garchomp, L50, F|100/100\n|switch|p2b: Aerodactyl|Aerodactyl, L50, M, shiny|100/100\n|-ability|p2b: Aerodactyl|Unnerve\n|-ability|p1a: Incineroar|Intimidate|boost\n|-unboost|p2a: Garchomp|atk|1\n|-unboost|p2b: Aerodactyl|atk|1\n|turn|1\n|\n|t:|1776211898\n|move|p2b: Aerodactyl|Protect|p2b: Aerodactyl\n|-singleturn|p2b: Aerodactyl|Protect\n|move|p2a: Garchomp|Protect|p2a: Garchomp\n|-singleturn|p2a: Garchomp|Protect\n|move|p1a: Incineroar|Fake Out|p2b: Aerodactyl\n|-activate|p2b: Aerodactyl|move: Protect\n|move|p1b: Kommo-o|Iron Defense|p1b: Kommo-o\n|-boost|p1b: Kommo-o|def|2\n|\n|upkeep\n|turn|2\n|\n|t:|1776211919\n|switch|p2a: Floette|Floette-Eternal, L50, F|100/100\n|move|p2b: Aerodactyl|Tailwind|p2b: Aerodactyl\n|-sidestart|p2: Aurasteal|move: Tailwind\n|move|p1b: Kommo-o|Iron Defense|p1b: Kommo-o\n|-boost|p1b: Kommo-o|def|2\n|move|p1a: Incineroar|Parting Shot|p2a: Floette\n|-unboost|p2a: Floette|atk|1\n|-unboost|p2a: Floette|spa|1\n|\n|t:|1776211925\n|switch|p1a: Gengar|Gengar, L50, M, shiny|100/100|[from] Parting Shot\n|\n|upkeep\n|turn|3\n|\n|t:|1776211948\n|switch|p2b: Garchomp|Garchomp, L50, F|100/100\n|detailschange|p2a: Floette|Floette-Mega, L50, F\n|-mega|p2a: Floette|Floette|Floettite\n|-ability|p2a: Floette|Fairy Aura\n|detailschange|p1a: Gengar|Gengar-Mega, L50, M, shiny\n|-mega|p1a: Gengar|Gengar|Gengarite\n|move|p1b: Kommo-o|Protect|p1b: Kommo-o\n|-singleturn|p1b: Kommo-o|Protect\n|move|p2a: Floette|Dazzling Gleam|p1a: Gengar|[spread] p1a\n|-activate|p1b: Kommo-o|move: Protect\n|-resisted|p1a: Gengar|1\n|-damage|p1a: Gengar|81/100\n|move|p1a: Gengar|Perish Song|p1a: Gengar\n|-start|p1a: Gengar|perish3|[silent]\n|-immune|p1b: Kommo-o|[from] ability: Soundproof\n|-start|p2a: Floette|perish3|[silent]\n|-start|p2b: Garchomp|perish3|[silent]\n|-fieldactivate|move: Perish Song\n|\n|-start|p2b: Garchomp|perish3\n|-start|p2a: Floette|perish3\n|-start|p1a: Gengar|perish3\n|upkeep\n|turn|4\n|\n|t:|1776211984\n|switch|p1b: Incineroar|Incineroar, L50, M, shiny|100/100\n|-ability|p1b: Incineroar|Intimidate|boost\n|-unboost|p2a: Floette|atk|1\n|-unboost|p2b: Garchomp|atk|1\n|move|p1a: Gengar|Protect|p1a: Gengar\n|-singleturn|p1a: Gengar|Protect\n|move|p2b: Garchomp|Stomping Tantrum|p1a: Gengar\n|-activate|p1a: Gengar|move: Protect\n|move|p2a: Floette|Dazzling Gleam|p1b: Incineroar|[spread] p1b\n|-activate|p1a: Gengar|move: Protect\n|-damage|p1b: Incineroar|65/100\n|\n|-start|p2b: Garchomp|perish2\n|-start|p2a: Floette|perish2\n|-start|p1a: Gengar|perish2\n|upkeep\n|turn|5\n|\n|t:|1776212006\n|move|p2a: Floette|Protect|p2a: Floette\n|-singleturn|p2a: Floette|Protect\n|move|p1b: Incineroar|Fake Out|p2b: Garchomp\n|-damage|p2b: Garchomp|88/100\n|-damage|p1b: Incineroar|52/100|[from] ability: Rough Skin|[of] p2b: Garchomp\n|cant|p2b: Garchomp|flinch\n|move|p1a: Gengar|Substitute|p1a: Gengar\n|-start|p1a: Gengar|Substitute\n|-damage|p1a: Gengar|56/100\n|\n|-start|p2b: Garchomp|perish1\n|-start|p2a: Floette|perish1\n|-start|p1a: Gengar|perish1\n|-sideend|p2: Aurasteal|move: Tailwind\n|upkeep\n|turn|6\n|\n|t:|1776212033\n|switch|p1a: Sinistcha|Sinistcha, L50, shiny|100/100\n|-heal|p1b: Incineroar|77/100|[from] ability: Hospitality|[of] p1a: Sinistcha\n|move|p1b: Incineroar|Protect|p1b: Incineroar\n|-singleturn|p1b: Incineroar|Protect\n|move|p2b: Garchomp|Earthquake|p1b: Incineroar|[spread] p2a,p1a\n|-activate|p1b: Incineroar|move: Protect\n|-resisted|p1a: Sinistcha|1\n|-damage|p2a: Floette|61/100\n|-damage|p1a: Sinistcha|89/100\n|move|p2a: Floette|Dazzling Gleam|p1a: Sinistcha|[spread] p1a\n|-activate|p1b: Incineroar|move: Protect\n|-damage|p1a: Sinistcha|50/100\n|\n|-heal|p1a: Sinistcha|56/100|[from] item: Leftovers\n|-start|p2b: Garchomp|perish0\n|-start|p2a: Floette|perish0\n|faint|p2b: Garchomp\n|faint|p2a: Floette\n|upkeep\n|\n|t:|1776212036\n|switch|p2b: Basculegion|Basculegion, L50, M|100/100\n|switch|p2a: Aerodactyl|Aerodactyl, L50, M, shiny|100/100\n|-ability|p2a: Aerodactyl|Unnerve\n|turn|7\n|inactive|Battle timer is ON: inactive players will automatically lose when time's up. (requested by Aurasteal)\n|\n|t:|1776212077\n|move|p1a: Sinistcha|Protect|p1a: Sinistcha\n|-singleturn|p1a: Sinistcha|Protect\n|move|p2b: Basculegion|Last Respects|p1a: Sinistcha\n|-activate|p1a: Sinistcha|move: Protect\n|move|p2a: Aerodactyl|Rock Slide|p1b: Incineroar|[spread] p1b\n|-activate|p1a: Sinistcha|move: Protect\n|-supereffective|p1b: Incineroar|1\n|-damage|p1b: Incineroar|37/100\n|move|p1b: Incineroar|Parting Shot|p2b: Basculegion\n|-unboost|p2b: Basculegion|atk|1\n|-unboost|p2b: Basculegion|spa|1\n|\n|t:|1776212087\n|switch|p1b: Gengar|Gengar-Mega, L50, M, shiny|56/100|[from] Parting Shot\n|\n|-heal|p1a: Sinistcha|62/100|[from] item: Leftovers\n|upkeep\n|turn|8\n|inactive|SimMikaze has 30 seconds left.\n|\n|t:|1776212118\n|move|p1a: Sinistcha|Rage Powder|p1a: Sinistcha\n|-singleturn|p1a: Sinistcha|move: Rage Powder\n|move|p2b: Basculegion|Last Respects|p1a: Sinistcha\n|-supereffective|p1a: Sinistcha|1\n|-damage|p1a: Sinistcha|0 fnt\n|faint|p1a: Sinistcha\n|move|p2a: Aerodactyl|Dual Wingbeat|p1b: Gengar\n|-damage|p1b: Gengar|32/100\n|-damage|p1b: Gengar|6/100\n|-hitcount|p1b: Gengar|2\n|move|p1b: Gengar|Perish Song|p1b: Gengar\n|-start|p1b: Gengar|perish3|[silent]\n|-start|p2a: Aerodactyl|perish3|[silent]\n|-start|p2b: Basculegion|perish3|[silent]\n|-fieldactivate|move: Perish Song\n|\n|-start|p2b: Basculegion|perish3\n|-start|p1b: Gengar|perish3\n|-start|p2a: Aerodactyl|perish3\n|upkeep\n|\n|t:|1776212133\n|switch|p1a: Kommo-o|Kommo-o, L50, F|100/100\n|turn|9\n|\n|t:|1776212145\n|move|p1b: Gengar|Protect|p1b: Gengar\n|-singleturn|p1b: Gengar|Protect\n|move|p1a: Kommo-o|Protect|p1a: Kommo-o\n|-singleturn|p1a: Kommo-o|Protect\n|move|p2b: Basculegion|Last Respects|p1a: Kommo-o\n|-activate|p1a: Kommo-o|move: Protect\n|move|p2a: Aerodactyl|Dual Wingbeat|p1a: Kommo-o\n|-activate|p1a: Kommo-o|move: Protect\n|\n|-start|p2b: Basculegion|perish2\n|-start|p1b: Gengar|perish2\n|-start|p2a: Aerodactyl|perish2\n|upkeep\n|turn|10\n|\n|t:|1776212157\n|move|p2b: Basculegion|Last Respects|p1a: Kommo-o\n|-damage|p1a: Kommo-o|59/100\n|move|p1b: Gengar|Shadow Ball|p2b: Basculegion\n|-supereffective|p2b: Basculegion|1\n|-damage|p2b: Basculegion|0 fnt\n|faint|p2b: Basculegion\n|move|p2a: Aerodactyl|Rock Slide|p1b: Gengar|[spread] p1a\n|-miss|p2a: Aerodactyl|p1b: Gengar\n|-resisted|p1a: Kommo-o|1\n|-damage|p1a: Kommo-o|51/100\n|cant|p1a: Kommo-o|flinch\n|\n|-start|p2a: Aerodactyl|perish1\n|-start|p1b: Gengar|perish1\n|upkeep\n|turn|11\n|-message|Aurasteal forfeited.\n|\n|win|SimMikaze\n|raw|SimMikaze's rating: 1211 &rarr; <strong>1233</strong><br />(+22 for winning)\n|raw|Aurasteal's rating: 1170 &rarr; <strong>1148</strong><br />(-22 for losing)\n|l|\u2606Aurasteal\n|player|p2|\n",
  "uploadtime": 1776212169,
  "views": 15,
  "formatid": "gen9championsvgc2026regma",
  "rating": 1148,
  "private": 0,
  "password": null
}