{
  "id": "gen9championsvgc2026regma-2583156635",
  "format": "[Gen 9 Champions] VGC 2026 Reg M-A",
  "players": [
    "piedi nei piedi",
    "taimote"
  ],
  "log": "|j|\u2606piedi nei piedi\n|j|\u2606taimote\n|t:|1776148910\n|gametype|doubles\n|player|p1|piedi nei piedi|zinnia|1430\n|player|p2|taimote|266|1420\n|gen|9\n|tier|[Gen 9 Champions] VGC 2026 Reg M-A\n|rated|\n|rule|Species Clause: Limit one of each Pok\u00e9mon\n|rule|Item Clause: Limit 1 of each item\n|clearpoke\n|poke|p1|Maushold, L50|\n|poke|p1|Sneasler, L50, F|\n|poke|p1|Froslass, L50, F|\n|poke|p1|Samurott-Hisui, L50, F|\n|poke|p1|Arcanine-Hisui, L50, M|\n|poke|p1|Milotic, L50, M|\n|poke|p2|Incineroar, L50, M|\n|poke|p2|Floette-Eternal, L50, F|\n|poke|p2|Sneasler, L50, M|\n|poke|p2|Kommo-o, L50, M|\n|poke|p2|Basculegion, L50, M|\n|poke|p2|Pelipper, L50, M|\n|teampreview|4\n|l|\u2606piedi nei piedi\n|player|p1|\n|inactive|Battle timer is ON: inactive players will automatically lose when time's up. (requested by taimote)\n|j|\u2606piedi nei piedi\n|inactive|piedi nei piedi reconnected and has 90 seconds left.\n|player|p1|piedi nei piedi|zinnia|\n|\n|t:|1776148960\n|teamsize|p1|4\n|teamsize|p2|4\n|start\n|switch|p1a: Froslasso|Froslass, L50, F|100/100\n|switch|p1b: Sneaslerux|Sneasler, L50, F|100/100\n|switch|p2a: Incineroar|Incineroar, L50, M|100/100\n|switch|p2b: Floette|Floette-Eternal, L50, F|100/100\n|-ability|p2a: Incineroar|Intimidate|boost\n|-unboost|p1a: Froslasso|atk|1\n|-unboost|p1b: Sneaslerux|atk|1\n|-enditem|p1b: Sneaslerux|White Herb\n|-clearnegativeboost|p1b: Sneaslerux|[silent]\n|turn|1\n|inactive|taimote has 30 seconds left.\n|\n|t:|1776148985\n|detailschange|p1a: Froslasso|Froslass-Mega, L50, F\n|-mega|p1a: Froslasso|Froslass|Froslassite\n|-weather|Snowscape|[from] ability: Snow Warning|[of] p1a: Froslasso\n|detailschange|p2b: Floette|Floette-Mega, L50, F\n|-mega|p2b: Floette|Floette|Floettite\n|-ability|p2b: Floette|Fairy Aura\n|move|p2b: Floette|Protect|p2b: Floette\n|-singleturn|p2b: Floette|Protect\n|move|p1b: Sneaslerux|Fake Out|p2a: Incineroar\n|-damage|p2a: Incineroar|87/100\n|move|p1a: Froslasso|Aurora Veil|p1a: Froslasso\n|-sidestart|p1: piedi nei piedi|move: Aurora Veil\n|cant|p2a: Incineroar|flinch\n|\n|-weather|Snowscape|[upkeep]\n|upkeep\n|turn|2\n|\n|t:|1776149005\n|switch|p1a: Miloticus|Milotic, L50, M|100/100\n|switch|p2b: Basculegion|Basculegion, L50, M|100/100\n|switch|p2a: Pelipper|Pelipper, L50, M|100/100\n|-weather|RainDance|[from] ability: Drizzle|[of] p2a: Pelipper\n|move|p1b: Sneaslerux|Close Combat|p2a: Pelipper\n|-resisted|p2a: Pelipper|1\n|-damage|p2a: Pelipper|65/100\n|-unboost|p1b: Sneaslerux|def|1\n|-unboost|p1b: Sneaslerux|spd|1\n|\n|-weather|RainDance|[upkeep]\n|upkeep\n|turn|3\n|inactive|piedi nei piedi has 30 seconds left.\n|\n|t:|1776149031\n|move|p1b: Sneaslerux|Protect|p1b: Sneaslerux\n|-singleturn|p1b: Sneaslerux|Protect\n|move|p2b: Basculegion|Wave Crash|p1b: Sneaslerux\n|-activate|p1b: Sneaslerux|move: Protect\n|move|p1a: Miloticus|Coil|p1a: Miloticus\n|-boost|p1a: Miloticus|atk|1\n|-boost|p1a: Miloticus|def|1\n|-boost|p1a: Miloticus|accuracy|1\n|move|p2a: Pelipper|Tailwind|p2a: Pelipper\n|-sidestart|p2: taimote|move: Tailwind\n|\n|-weather|RainDance|[upkeep]\n|upkeep\n|turn|4\n|inactive|taimote has 30 seconds left.\n|\n|t:|1776149063\n|switch|p1b: Froslasso|Froslass-Mega, L50, F|100/100\n|-weather|Snowscape|[from] ability: Snow Warning|[of] p1b: Froslasso\n|move|p2b: Basculegion|Wave Crash|p1b: Froslasso\n|-damage|p1b: Froslasso|56/100\n|-damage|p2b: Basculegion|90/100|[from] Recoil\n|move|p2a: Pelipper|Hurricane|p1a: Miloticus|[miss]\n|-miss|p2a: Pelipper|p1a: Miloticus\n|move|p1a: Miloticus|Coil|p1a: Miloticus\n|-boost|p1a: Miloticus|atk|1\n|-boost|p1a: Miloticus|def|1\n|-boost|p1a: Miloticus|accuracy|1\n|\n|-weather|Snowscape|[upkeep]\n|upkeep\n|turn|5\n|inactive|taimote has 30 seconds left.\n|\n|t:|1776149098\n|switch|p2b: Incineroar|Incineroar, L50, M|87/100\n|-ability|p2b: Incineroar|Intimidate|boost\n|-unboost|p1a: Miloticus|atk|1\n|-ability|p1a: Miloticus|Competitive|boost\n|-boost|p1a: Miloticus|spa|2\n|-unboost|p1b: Froslasso|atk|1\n|switch|p2a: Floette|Floette-Mega, L50, F|100/100\n|-ability|p2a: Floette|Fairy Aura\n|move|p1b: Froslasso|Shadow Ball|p2b: Incineroar\n|-resisted|p2b: Incineroar|1\n|-damage|p2b: Incineroar|70/100\n|move|p1a: Miloticus|Hypnosis|p2a: Floette\n|-status|p2a: Floette|slp|[from] move: Hypnosis\n|\n|-weather|Snowscape|[upkeep]\n|-sideend|p1: piedi nei piedi|move: Aurora Veil\n|upkeep\n|turn|6\n|\n|t:|1776149122\n|switch|p1b: Maushold|Maushold, L50|100/100\n|move|p2b: Incineroar|Fake Out|p1a: Miloticus\n|-damage|p1a: Miloticus|97/100\n|cant|p2a: Floette|slp\n|cant|p1a: Miloticus|flinch\n|\n|-weather|Snowscape|[upkeep]\n|-heal|p1a: Miloticus|100/100|[from] item: Leftovers\n|-sideend|p2: taimote|move: Tailwind\n|upkeep\n|turn|7\n|j| Crvstal_K!tty\n|\n|t:|1776149139\n|move|p1b: Maushold|Follow Me|p1b: Maushold\n|-singleturn|p1b: Maushold|move: Follow Me\n|cant|p2a: Floette|slp\n|move|p1a: Miloticus|Muddy Water|p2a: Floette|[spread] p2a,p2b\n|-supereffective|p2b: Incineroar|1\n|-damage|p2a: Floette|55/100 slp\n|-damage|p2b: Incineroar|0 fnt\n|faint|p2b: Incineroar\n|\n|-weather|Snowscape|[upkeep]\n|upkeep\n|\n|t:|1776149150\n|switch|p2b: Basculegion|Basculegion, L50, M|90/100\n|turn|8\n|\n|t:|1776149160\n|move|p1b: Maushold|Follow Me|p1b: Maushold\n|-singleturn|p1b: Maushold|move: Follow Me\n|-curestatus|p2a: Floette|slp|[msg]\n|move|p2a: Floette|Dazzling Gleam|p1a: Miloticus|[spread] p1a,p1b\n|-damage|p1a: Miloticus|74/100\n|-damage|p1b: Maushold|38/100\n|move|p2b: Basculegion|Wave Crash|p1b: Maushold\n|-damage|p1b: Maushold|0 fnt\n|faint|p1b: Maushold\n|-damage|p2b: Basculegion|80/100|[from] Recoil\n|move|p1a: Miloticus|Hypnosis|p2b: Basculegion\n|-status|p2b: Basculegion|slp|[from] move: Hypnosis\n|\n|-weather|none\n|-heal|p1a: Miloticus|80/100|[from] item: Leftovers\n|upkeep\n|\n|t:|1776149172\n|switch|p1b: Sneaslerux|Sneasler, L50, F|100/100\n|turn|9\n|\n|t:|1776149188\n|move|p2a: Floette|Protect|p2a: Floette\n|-singleturn|p2a: Floette|Protect\n|move|p1b: Sneaslerux|Dire Claw|p2a: Floette\n|-activate|p2a: Floette|move: Protect\n|cant|p2b: Basculegion|slp\n|move|p1a: Miloticus|Muddy Water|p2a: Floette|[spread] p2b\n|-activate|p2a: Floette|move: Protect\n|-resisted|p2b: Basculegion|1\n|-damage|p2b: Basculegion|51/100 slp\n|\n|-heal|p1a: Miloticus|86/100|[from] item: Leftovers\n|upkeep\n|turn|10\n|\n|t:|1776149206\n|switch|p2a: Pelipper|Pelipper, L50, M|65/100\n|-weather|RainDance|[from] ability: Drizzle|[of] p2a: Pelipper\n|cant|p2b: Basculegion|slp\n|move|p1b: Sneaslerux|Dire Claw|p2a: Pelipper\n|-damage|p2a: Pelipper|18/100\n|-status|p2a: Pelipper|slp\n|move|p1a: Miloticus|Muddy Water|p2a: Pelipper|[spread] p2a,p2b\n|-resisted|p2a: Pelipper|1\n|-resisted|p2b: Basculegion|1\n|-damage|p2a: Pelipper|0 fnt\n|-damage|p2b: Basculegion|3/100 slp\n|faint|p2a: Pelipper\n|\n|-weather|RainDance|[upkeep]\n|-heal|p1a: Miloticus|92/100|[from] item: Leftovers\n|upkeep\n|j| deathprofessor21\n|\n|t:|1776149209\n|switch|p2a: Floette|Floette-Mega, L50, F|55/100\n|-ability|p2a: Floette|Fairy Aura\n|turn|11\n|\n|t:|1776149230\n|switch|p1b: Froslasso|Froslass-Mega, L50, F|56/100\n|-weather|Snowscape|[from] ability: Snow Warning|[of] p1b: Froslasso\n|move|p2a: Floette|Moonblast|p1a: Miloticus\n|-damage|p1a: Miloticus|33/100\n|-unboost|p1a: Miloticus|spa|1\n|-ability|p1a: Miloticus|Competitive|boost\n|-boost|p1a: Miloticus|spa|2\n|-curestatus|p2b: Basculegion|slp|[msg]\n|move|p2b: Basculegion|Wave Crash|p1b: Froslasso\n|-damage|p1b: Froslasso|0 fnt\n|faint|p1b: Froslasso\n|-damage|p2b: Basculegion|0 fnt|[from] Recoil\n|faint|p2b: Basculegion\n|move|p1a: Miloticus|Muddy Water|p2a: Floette\n|-damage|p2a: Floette|0 fnt\n|faint|p2a: Floette\n|\n|win|piedi nei piedi\n|raw|piedi nei piedi's rating: 1430 &rarr; <strong>1449</strong><br />(+19 for winning)\n|raw|taimote's rating: 1420 &rarr; <strong>1401</strong><br />(-19 for losing)\n",
  "uploadtime": 1776149249,
  "views": 29,
  "formatid": "gen9championsvgc2026regma",
  "rating": 1401,
  "private": 0,
  "password": null
}