{
  "id": "gen9championsvgc2026regma-2583766045",
  "format": "[Gen 9 Champions] VGC 2026 Reg M-A",
  "players": [
    "ch4mel30n",
    "1Neku"
  ],
  "log": "|j|\u2606ch4mel30n\n|j|\u26061Neku\n|t:|1776196245\n|gametype|doubles\n|player|p1|ch4mel30n|170|1221\n|player|p2|1Neku|170|1225\n|gen|9\n|tier|[Gen 9 Champions] VGC 2026 Reg M-A\n|rated|\n|rule|Species Clause: Limit one of each Pok\u00e9mon\n|rule|Item Clause: Limit 1 of each item\n|clearpoke\n|poke|p1|Glimmora, L50, M|\n|poke|p1|Whimsicott, L50, M|\n|poke|p1|Espathra, L50, M|\n|poke|p1|Garchomp, L50, F|\n|poke|p1|Incineroar, L50, F|\n|poke|p1|Primarina, L50, M|\n|poke|p2|Pelipper, L50, F|\n|poke|p2|Basculegion, L50, M|\n|poke|p2|Sinistcha, L50|\n|poke|p2|Archaludon, L50, F|\n|poke|p2|Sneasler, L50, F|\n|poke|p2|Dragonite, L50, M|\n|teampreview|4\n|\n|t:|1776196282\n|teamsize|p1|4\n|teamsize|p2|4\n|start\n|switch|p1a: Espathra|Espathra, L50, M|100/100\n|switch|p1b: Incineroar|Incineroar, L50, F|100/100\n|switch|p2a: Basculegion|Basculegion, L50, M|100/100\n|switch|p2b: Pelipper|Pelipper, L50, F, shiny|100/100\n|-weather|RainDance|[from] ability: Drizzle|[of] p2b: Pelipper\n|-ability|p1b: Incineroar|Intimidate|boost\n|-unboost|p2a: Basculegion|atk|1\n|-unboost|p2b: Pelipper|atk|1\n|turn|1\n|inactive|Battle timer is ON: inactive players will automatically lose when time's up. (requested by 1Neku)\n|\n|t:|1776196307\n|move|p1a: Espathra|Protect|p1a: Espathra\n|-singleturn|p1a: Espathra|Protect\n|move|p2b: Pelipper|Protect|p2b: Pelipper\n|-singleturn|p2b: Pelipper|Protect\n|move|p2a: Basculegion|Wave Crash|p1b: Incineroar\n|-supereffective|p1b: Incineroar|1\n|-damage|p1b: Incineroar|0 fnt\n|faint|p1b: Incineroar\n|-damage|p2a: Basculegion|66/100|[from] Recoil\n|\n|-weather|RainDance|[upkeep]\n|-ability|p1a: Espathra|Speed Boost|boost\n|-boost|p1a: Espathra|spe|1\n|upkeep\n|\n|t:|1776196317\n|switch|p1b: Primarina|Primarina, L50, M|100/100\n|turn|2\n|\n|t:|1776196341\n|switch|p2a: Archaludon|Archaludon, L50, F|100/100\n|move|p1a: Espathra|Calm Mind|p1a: Espathra\n|-boost|p1a: Espathra|spa|1\n|-boost|p1a: Espathra|spd|1\n|move|p2b: Pelipper|Tailwind|p2b: Pelipper\n|-sidestart|p2: 1Neku|move: Tailwind\n|move|p1b: Primarina|Moonblast|p2a: Archaludon\n|-damage|p2a: Archaludon|43/100\n|-unboost|p2a: Archaludon|spa|1\n|-ability|p2a: Archaludon|Stamina|boost\n|-boost|p2a: Archaludon|def|1\n|\n|-weather|RainDance|[upkeep]\n|-heal|p2a: Archaludon|49/100|[from] item: Leftovers\n|-ability|p1a: Espathra|Speed Boost|boost\n|-boost|p1a: Espathra|spe|1\n|upkeep\n|turn|3\n|inactive|ch4mel30n has 30 seconds left.\n|inactive|1Neku has 30 seconds left.\n|\n|t:|1776196370\n|move|p1a: Espathra|Lumina Crash|p2b: Pelipper\n|-damage|p2b: Pelipper|2/100\n|-unboost|p2b: Pelipper|spd|2\n|move|p2b: Pelipper|Hurricane|p1a: Espathra\n|-damage|p1a: Espathra|57/100\n|move|p2a: Archaludon|Electro Shot||[still]\n|-prepare|p2a: Archaludon|Electro Shot\n|-boost|p2a: Archaludon|spa|1\n|-anim|p2a: Archaludon|Electro Shot|p1b: Primarina\n|-supereffective|p1b: Primarina|1\n|-damage|p1b: Primarina|26/100\n|move|p1b: Primarina|Moonblast|p2a: Archaludon\n|-damage|p2a: Archaludon|0 fnt\n|faint|p2a: Archaludon\n|\n|-weather|RainDance|[upkeep]\n|-ability|p1a: Espathra|Speed Boost|boost\n|-boost|p1a: Espathra|spe|1\n|upkeep\n|\n|t:|1776196390\n|switch|p2a: Basculegion|Basculegion, L50, M|66/100\n|turn|4\n|\n|t:|1776196409\n|switch|p2b: Dragonite|Dragonite, L50, M|100/100\n|move|p1a: Espathra|Protect|p1a: Espathra\n|-singleturn|p1a: Espathra|Protect\n|move|p1b: Primarina|Protect|p1b: Primarina\n|-singleturn|p1b: Primarina|Protect\n|move|p2a: Basculegion|Flip Turn|p1a: Espathra\n|-activate|p1a: Espathra|move: Protect\n|\n|-weather|RainDance|[upkeep]\n|-ability|p1a: Espathra|Speed Boost|boost\n|-boost|p1a: Espathra|spe|1\n|upkeep\n|turn|5\n|inactive|ch4mel30n has 30 seconds left.\n|inactive|1Neku has 30 seconds left.\n|\n|t:|1776196437\n|detailschange|p2b: Dragonite|Dragonite-Mega, L50, M\n|-mega|p2b: Dragonite|Dragonite|Dragoninite\n|move|p2a: Basculegion|Flip Turn|p1a: Espathra\n|-crit|p1a: Espathra\n|-damage|p1a: Espathra|0 fnt\n|faint|p1a: Espathra\n|\n|t:|1776196458\n|switch|p2a: Pelipper|Pelipper, L50, F, shiny|2/100|[from] Flip Turn\n|move|p2b: Dragonite|Draco Meteor|p1b: Primarina\n|-immune|p1b: Primarina\n|move|p1b: Primarina|Moonblast|p2b: Dragonite\n|-supereffective|p2b: Dragonite|1\n|-damage|p2b: Dragonite|58/100\n|-unboost|p2b: Dragonite|spa|1\n|\n|-weather|none\n|-sideend|p2: 1Neku|move: Tailwind\n|upkeep\n|\n|t:|1776196469\n|switch|p1a: Glimmora|Glimmora, L50, M|100/100\n|turn|6\n|inactive|1Neku has 30 seconds left.\n|inactive|1Neku has 20 seconds left.\n|\n|t:|1776196505\n|switch|p2a: Basculegion|Basculegion, L50, M|66/100\n|detailschange|p1a: Glimmora|Glimmora-Mega, L50, M\n|-mega|p1a: Glimmora|Glimmora|Glimmoranite\n|move|p2b: Dragonite|Protect|p2b: Dragonite\n|-singleturn|p2b: Dragonite|Protect\n|move|p1a: Glimmora|Dazzling Gleam|p2b: Dragonite|[spread] p2a\n|-activate|p2b: Dragonite|move: Protect\n|-damage|p2a: Basculegion|41/100\n|move|p1b: Primarina|Icy Wind|p2a: Basculegion|[spread] p2a\n|-activate|p2b: Dragonite|move: Protect\n|-resisted|p2a: Basculegion|1\n|-damage|p2a: Basculegion|33/100\n|-unboost|p2a: Basculegion|spe|1\n|\n|upkeep\n|turn|7\n|inactive|1Neku has 30 seconds left.\n|inactive|1Neku has 20 seconds left.\n|inactive|1Neku has 15 seconds left.\n|\n|t:|1776196548\n|move|p1a: Glimmora|Spiky Shield|p1a: Glimmora\n|-singleturn|p1a: Glimmora|move: Protect\n|move|p2b: Dragonite|Hurricane|p1b: Primarina\n|-damage|p1b: Primarina|0 fnt\n|faint|p1b: Primarina\n|move|p2a: Basculegion|Flip Turn|p1a: Glimmora\n|-activate|p1a: Glimmora|move: Protect\n|-damage|p2a: Basculegion|20/100|[from] Spiky Shield|[of] p1a: Glimmora\n|\n|upkeep\n|turn|8\n|\n|t:|1776196566\n|move|p1a: Glimmora|Dazzling Gleam|p2b: Dragonite|[spread] p2a,p2b\n|-supereffective|p2b: Dragonite|1\n|-damage|p2a: Basculegion|0 fnt\n|-damage|p2b: Dragonite|14/100\n|faint|p2a: Basculegion\n|move|p2b: Dragonite|Ice Beam|p1a: Glimmora\n|-damage|p1a: Glimmora|71/100\n|\n|upkeep\n|\n|t:|1776196574\n|switch|p2a: Pelipper|Pelipper, L50, F, shiny|2/100\n|-weather|RainDance|[from] ability: Drizzle|[of] p2a: Pelipper\n|turn|9\n|c|\u2606ch4mel30n|gg\n|\n|t:|1776196598\n|move|p1a: Glimmora|Dazzling Gleam|p2b: Dragonite|[spread] p2a,p2b\n|-supereffective|p2b: Dragonite|1\n|-damage|p2a: Pelipper|0 fnt\n|-damage|p2b: Dragonite|0 fnt\n|faint|p2a: Pelipper\n|faint|p2b: Dragonite\n|\n|win|ch4mel30n\n|raw|ch4mel30n's rating: 1221 &rarr; <strong>1246</strong><br />(+25 for winning)\n|raw|1Neku's rating: 1225 &rarr; <strong>1200</strong><br />(-25 for losing)\n",
  "uploadtime": 1776196608,
  "views": 22,
  "formatid": "gen9championsvgc2026regma",
  "rating": 1200,
  "private": 0,
  "password": null
}