{
  "id": "gen9championsvgc2026regma-2584727330",
  "format": "[Gen 9 Champions] VGC 2026 Reg M-A",
  "players": [
    "Espitava",
    "thewxfr"
  ],
  "log": "|j|\u2606Espitava\n|j|\u2606thewxfr\n|t:|1776279416\n|gametype|doubles\n|player|p1|Espitava|169|1000\n|player|p2|thewxfr|1|1000\n|gen|9\n|tier|[Gen 9 Champions] VGC 2026 Reg M-A\n|rated|\n|rule|Species Clause: Limit one of each Pok\u00e9mon\n|rule|Item Clause: Limit 1 of each item\n|clearpoke\n|poke|p1|Aegislash, L50, M|\n|poke|p1|Excadrill, L50, F|\n|poke|p1|Dragapult, L50, M|\n|poke|p1|Rotom-Wash, L50|\n|poke|p1|Garchomp, L50, M|\n|poke|p1|Toxapex, L50, F|\n|poke|p2|Meganium, L50, F|\n|poke|p2|Aegislash, L50, F|\n|poke|p2|Clefable, L50, M|\n|poke|p2|Alcremie, L50, F|\n|poke|p2|Whimsicott, L50, M|\n|poke|p2|Oranguru, L50, F|\n|teampreview|4\nthewxfr rejected open team sheets.\n|\n|t:|1776279440\n|teamsize|p1|4\n|teamsize|p2|4\n|start\n|switch|p1a: Excadrill|Excadrill, L50, F, shiny|100/100\n|switch|p1b: Aegislash|Aegislash, L50, M, shiny|100/100\n|switch|p2a: Meganium|Meganium, L50, F|100/100\n|switch|p2b: Clefable|Clefable, L50, M|100/100\n|turn|1\n|\n|t:|1776279461\n|detailschange|p2a: Meganium|Meganium-Mega, L50, F\n|-mega|p2a: Meganium|Meganium|Meganiumite\n|move|p2b: Clefable|Follow Me|p2b: Clefable\n|-singleturn|p2b: Clefable|move: Follow Me\n|-formechange|p1b: Aegislash|Aegislash-Blade|\n|move|p1b: Aegislash|Shadow Sneak|p2b: Clefable\n|-damage|p2b: Clefable|82/100\n|move|p1a: Excadrill|Stealth Rock|p2a: Meganium\n|-sidestart|p2: thewxfr|move: Stealth Rock\n|move|p2a: Meganium|Weather Ball|p1a: Excadrill\n|-supereffective|p1a: Excadrill|1\n|-damage|p1a: Excadrill|0 fnt\n|faint|p1a: Excadrill\n|\n|upkeep\n|\n|t:|1776279475\n|switch|p1a: Dragapult|Dragapult, L50, M, shiny|100/100\n|turn|2\n|\n|t:|1776279485\n|move|p2b: Clefable|Follow Me|p2b: Clefable\n|-singleturn|p2b: Clefable|move: Follow Me\n|move|p1b: Aegislash|Shadow Sneak|p2b: Clefable\n|-damage|p2b: Clefable|64/100\n|move|p1a: Dragapult|Flamethrower|p2b: Clefable\n|-damage|p2b: Clefable|37/100\n|move|p2a: Meganium|Dazzling Gleam|p1b: Aegislash|[spread] p1a,p1b\n|-supereffective|p1a: Dragapult|1\n|-resisted|p1b: Aegislash|1\n|-damage|p1a: Dragapult|1/100\n|-damage|p1b: Aegislash|72/100\n|\n|upkeep\n|turn|3\n|\n|t:|1776279521\n|move|p2b: Clefable|Follow Me|p2b: Clefable\n|-singleturn|p2b: Clefable|move: Follow Me\n|move|p1b: Aegislash|Shadow Sneak|p2b: Clefable\n|-crit|p2b: Clefable\n|-damage|p2b: Clefable|9/100\n|move|p1a: Dragapult|Shadow Ball|p2b: Clefable\n|-damage|p2b: Clefable|0 fnt\n|faint|p2b: Clefable\n|move|p2a: Meganium|Dazzling Gleam|p1a: Dragapult|[spread] p1a,p1b\n|-supereffective|p1a: Dragapult|1\n|-resisted|p1b: Aegislash|1\n|-damage|p1a: Dragapult|0 fnt\n|-damage|p1b: Aegislash|41/100\n|faint|p1a: Dragapult\n|\n|upkeep\n|\n|t:|1776279535\n|switch|p1a: Rotom|Rotom-Wash, L50, shiny|100/100\n|switch|p2b: Alcremie|Alcremie, L50, F|100/100\n|-damage|p2b: Alcremie|88/100|[from] Stealth Rock\n|turn|4\n|\n|t:|1776279553\n|move|p1b: Aegislash|Shadow Sneak|p2a: Meganium\n|-damage|p2a: Meganium|80/100\n|move|p1a: Rotom|Volt Switch|p2a: Meganium\n|-resisted|p2a: Meganium|1\n|-damage|p2a: Meganium|66/100\n|move|p2b: Alcremie|Decorate|p2a: Meganium\n|-boost|p2a: Meganium|atk|2\n|-boost|p2a: Meganium|spa|2\n|move|p2a: Meganium|Dazzling Gleam|p1b: Aegislash|[spread] p1a,p1b\n|-resisted|p1b: Aegislash|1\n|-damage|p1a: Rotom|10/100\n|-damage|p1b: Aegislash|0 fnt\n|faint|p1b: Aegislash\n|\n|-heal|p1a: Rotom|16/100|[from] item: Leftovers\n|upkeep\n|turn|5\n|\n|t:|1776279592\n|move|p1a: Rotom|Pain Split|p2a: Meganium\n|-sethp|p2a: Meganium|38/100|[from] move: Pain Split|[silent]\n|-sethp|p1a: Rotom|54/100|[from] move: Pain Split\n|move|p2b: Alcremie|Decorate|p2a: Meganium\n|-boost|p2a: Meganium|atk|2\n|-boost|p2a: Meganium|spa|2\n|move|p2a: Meganium|Dazzling Gleam|p1a: Rotom\n|-damage|p1a: Rotom|0 fnt\n|faint|p1a: Rotom\n|\n|win|thewxfr\n|raw|Espitava's rating: 1000 &rarr; <strong>1000</strong><br />(+0 for losing)\n|raw|thewxfr's rating: 1000 &rarr; <strong>1040</strong><br />(+40 for winning)\n|c|\u2606thewxfr|gg\n|l|\u2606Espitava\n|player|p1|\n",
  "uploadtime": 1776279607,
  "views": 21,
  "formatid": "gen9championsvgc2026regma",
  "rating": 1000,
  "private": 0,
  "password": null
}