{
  "id": "gen9championsvgc2026regma-2581046695",
  "format": "[Gen 9 Champions] VGC 2026 Reg M-A",
  "players": [
    "SpicyyBoyy",
    "SleepyPumpk1n"
  ],
  "log": "|j|\u2606SpicyyBoyy\n|j|\u2606SleepyPumpk1n\n|t:|1775954841\n|gametype|doubles\n|player|p1|SpicyyBoyy|265|1000\n|player|p2|SleepyPumpk1n|red-masters3|1062\n|gen|9\n|tier|[Gen 9 Champions] VGC 2026 Reg M-A\n|rated|\n|rule|Species Clause: Limit one of each Pok\u00e9mon\n|rule|Item Clause: Limit 1 of each item\n|clearpoke\n|poke|p1|Tyranitar, L50, F|\n|poke|p1|Farigiraf, L50, F|\n|poke|p1|Camerupt, L50, M|\n|poke|p1|Aerodactyl, L50, F|\n|poke|p1|Tinkaton, L50, F|\n|poke|p1|Rotom-Wash, L50|\n|poke|p2|Meowstic, L50, M|\n|poke|p2|Alakazam, L50, M|\n|poke|p2|Hatterene, L50, F|\n|poke|p2|Slowking, L50, F|\n|poke|p2|Gallade, L50, M|\n|poke|p2|Armarouge, L50, M|\n|teampreview|4\n|inactive|Battle timer is ON: inactive players will automatically lose when time's up. (requested by SleepyPumpk1n)\nSpicyyBoyy rejected open team sheets.\n|inactive|SpicyyBoyy has 60 seconds left.\n|\n|t:|1775954901\n|teamsize|p1|4\n|teamsize|p2|4\n|start\n|switch|p1a: Tinkaton|Tinkaton, L50, F|100/100\n|switch|p1b: Camerupt|Camerupt, L50, M|100/100\n|switch|p2a: Meowstic|Meowstic, L50, M|100/100\n|switch|p2b: Alakazam|Alakazam, L50, M|100/100\n|-ability|p1a: Tinkaton|Mold Breaker\n|turn|1\n|\n|t:|1775954918\n|detailschange|p1b: Camerupt|Camerupt-Mega, L50, M\n|-mega|p1b: Camerupt|Camerupt|Cameruptite\n|move|p2b: Alakazam|Protect|p2b: Alakazam\n|-singleturn|p2b: Alakazam|Protect\n|move|p2a: Meowstic|Fake Out|p1a: Tinkaton\n|-resisted|p1a: Tinkaton|1\n|-damage|p1a: Tinkaton|98/100\n|cant|p1a: Tinkaton|flinch\n|move|p1b: Camerupt|Heat Wave|p2a: Meowstic|[spread] p2a\n|-activate|p2b: Alakazam|move: Protect\n|-damage|p2a: Meowstic|34/100\n|\n|upkeep\n|turn|2\n|inactive|SleepyPumpk1n has 30 seconds left.\n|\n|t:|1775954946\n|detailschange|p2b: Alakazam|Alakazam-Mega, L50, M\n|-mega|p2b: Alakazam|Alakazam|Alakazite\n|-ability|p2b: Alakazam|Mold Breaker|Trace|[from] ability: Trace|[of] p1a: Tinkaton\n|-ability|p2b: Alakazam|Mold Breaker\n|move|p2a: Meowstic|Psychic Terrain|p2a: Meowstic\n|-fieldstart|move: Psychic Terrain\n|move|p2b: Alakazam|Focus Blast|p1a: Tinkaton|[miss]\n|-miss|p2b: Alakazam|p1a: Tinkaton\n|move|p1a: Tinkaton|Gigaton Hammer|p2a: Meowstic\n|-damage|p2a: Meowstic|0 fnt\n|faint|p2a: Meowstic\n|move|p1b: Camerupt|Heat Wave|p2b: Alakazam\n|-damage|p2b: Alakazam|0 fnt\n|faint|p2b: Alakazam\n|\n|upkeep\n|\n|t:|1775954956\n|switch|p2b: Gallade|Gallade, L50, M, shiny|100/100\n|switch|p2a: Hatterene|Hatterene, L50, F|100/100\n|turn|3\n|\n|t:|1775954981\n|move|p2a: Hatterene|Helping Hand|p2b: Gallade\n|-singleturn|p2b: Gallade|Helping Hand|[of] p2a: Hatterene\n|move|p2b: Gallade|Psycho Cut|p1b: Camerupt\n|-crit|p1b: Camerupt\n|-damage|p1b: Camerupt|0 fnt\n|faint|p1b: Camerupt\n|move|p1a: Tinkaton|Thunder Wave|p2b: Gallade\n|-status|p2b: Gallade|par\n|\n|upkeep\n|\n|t:|1775954991\n|switch|p1b: Tyranitar|Tyranitar, L50, F|100/100\n|-weather|Sandstorm|[from] ability: Sand Stream|[of] p1b: Tyranitar\n|turn|4\n|\n|t:|1775955000\n|switch|p1a: Rotom|Rotom-Wash, L50|100/100\n|move|p1b: Tyranitar|Taunt|p2a: Hatterene\n|move|p2a: Hatterene|Taunt|p1b: Tyranitar|[from] ability: Magic Bounce\n|-start|p1b: Tyranitar|move: Taunt\n|cant|p2b: Gallade|par\n|move|p2a: Hatterene|Trick Room|p2a: Hatterene\n|-fieldstart|move: Trick Room|[of] p2a: Hatterene\n|\n|-weather|Sandstorm|[upkeep]\n|-damage|p2a: Hatterene|94/100|[from] Sandstorm\n|-damage|p2b: Gallade|94/100 par|[from] Sandstorm\n|-damage|p1a: Rotom|95/100|[from] Sandstorm\n|upkeep\n|turn|5\n|\n|t:|1775955022\n|move|p2a: Hatterene|Dazzling Gleam|p1b: Tyranitar|[spread] p1a,p1b\n|-supereffective|p1b: Tyranitar|1\n|-damage|p1a: Rotom|55/100\n|-damage|p1b: Tyranitar|72/100\n|move|p2b: Gallade|Sacred Sword|p1b: Tyranitar\n|-supereffective|p1b: Tyranitar|2\n|-damage|p1b: Tyranitar|0 fnt\n|faint|p1b: Tyranitar\n|move|p1a: Rotom|Volt Switch|p2b: Gallade\n|-damage|p2b: Gallade|51/100 par\n|\n|t:|1775955030\n|switch|p1a: Tinkaton|Tinkaton, L50, F|98/100|[from] Volt Switch\n|-ability|p1a: Tinkaton|Mold Breaker\n|\n|-weather|Sandstorm|[upkeep]\n|-damage|p2a: Hatterene|88/100|[from] Sandstorm\n|-damage|p2b: Gallade|45/100 par|[from] Sandstorm\n|upkeep\n|\n|t:|1775955036\n|switch|p1b: Rotom|Rotom-Wash, L50|55/100\n|turn|6\n|\n|t:|1775955059\n|move|p2a: Hatterene|Helping Hand|p2b: Gallade\n|-singleturn|p2b: Gallade|Helping Hand|[of] p2a: Hatterene\n|move|p2b: Gallade|Sacred Sword|p1a: Tinkaton\n|-damage|p1a: Tinkaton|0 fnt\n|faint|p1a: Tinkaton\n|move|p1b: Rotom|Discharge|p2b: Gallade|[spread] p2a,p2b\n|-damage|p2a: Hatterene|56/100\n|-damage|p2b: Gallade|7/100 par\n|\n|-weather|Sandstorm|[upkeep]\n|-damage|p2a: Hatterene|50/100|[from] Sandstorm\n|-damage|p2b: Gallade|1/100 par|[from] Sandstorm\n|-damage|p1b: Rotom|49/100|[from] Sandstorm\n|-fieldend|move: Psychic Terrain\n|upkeep\n|turn|7\n|\n|t:|1775955078\n|move|p2a: Hatterene|Dazzling Gleam|p1b: Rotom\n|-damage|p1b: Rotom|0 fnt\n|faint|p1b: Rotom\n|\n|win|SleepyPumpk1n\n|raw|SpicyyBoyy's rating: 1000 &rarr; <strong>1000</strong><br />(+0 for losing)\n|raw|SleepyPumpk1n's rating: 1062 &rarr; <strong>1087</strong><br />(+25 for winning)\n|l|\u2606SpicyyBoyy\n|player|p1|\n",
  "uploadtime": 1775955084,
  "views": 13,
  "formatid": "gen9championsvgc2026regma",
  "rating": 1000,
  "private": 0,
  "password": null
}