{
  "id": "gen9championsvgc2026regma-2585311340",
  "format": "[Gen 9 Champions] VGC 2026 Reg M-A",
  "players": [
    "Boline",
    "dashoebill"
  ],
  "log": "|j|\u2606Boline\n|j|\u2606dashoebill\n|t:|1776336539\n|gametype|doubles\n|player|p1|Boline|veteran|1083\n|player|p2|dashoebill|266|1086\n|gen|9\n|tier|[Gen 9 Champions] VGC 2026 Reg M-A\n|rated|\n|rule|Species Clause: Limit one of each Pok\u00e9mon\n|rule|Item Clause: Limit 1 of each item\n|clearpoke\n|poke|p1|Venusaur, L50, M|\n|poke|p1|Incineroar, L50, M|\n|poke|p1|Rotom-Wash, L50|\n|poke|p1|Garchomp, L50, M|\n|poke|p1|Sylveon, L50, F|\n|poke|p1|Tyranitar, L50, M|\n|poke|p2|Floette-Eternal, L50, F|\n|poke|p2|Delphox, L50, M|\n|poke|p2|Incineroar, L50, F|\n|poke|p2|Aerodactyl, L50, M|\n|poke|p2|Maushold-Four, L50|\n|poke|p2|Garchomp, L50, F|\n|teampreview|4\n|inactive|Battle timer is ON: inactive players will automatically lose when time's up. (requested by Boline)\n|inactive|Boline has 60 seconds left.\ndashoebill rejected open team sheets.\n|inactive|Boline has 30 seconds left.\n|inactive|Boline has 20 seconds left.\n|inactive|Boline has 15 seconds left.\n|inactive|Boline has 10 seconds left.\n|inactive|Boline has 5 seconds left.\n|\n|t:|1776336628\n|teamsize|p1|4\n|teamsize|p2|4\n|start\n|switch|p1a: Tyranitar|Tyranitar, L50, M|100/100\n|switch|p1b: Rotom|Rotom-Wash, L50|100/100\n|switch|p2a: Floette|Floette-Eternal, L50, F|100/100\n|switch|p2b: Maushold|Maushold-Four, L50|100/100\n|-weather|Sandstorm|[from] ability: Sand Stream|[of] p1a: Tyranitar\n|turn|1\n|\n|t:|1776336651\n|detailschange|p2a: Floette|Floette-Mega, L50, F\n|-mega|p2a: Floette|Floette|Floettite\n|-ability|p2a: Floette|Fairy Aura\n|move|p1a: Tyranitar|Rock Slide|p2a: Floette|[spread] p2a,p2b\n|-crit|p2b: Maushold\n|-damage|p2a: Floette|73/100\n|-damage|p2b: Maushold|50/100\n|move|p2a: Floette|Calm Mind|p2a: Floette\n|-boost|p2a: Floette|spa|1\n|-boost|p2a: Floette|spd|1\n|move|p2b: Maushold|Super Fang|p1b: Rotom\n|-damage|p1b: Rotom|51/100\n|move|p1b: Rotom|Will-O-Wisp|p2b: Maushold\n|-status|p2b: Maushold|brn\n|\n|-weather|Sandstorm|[upkeep]\n|-damage|p2a: Floette|67/100|[from] Sandstorm\n|-damage|p2b: Maushold|44/100 brn|[from] Sandstorm\n|-damage|p1b: Rotom|45/100|[from] Sandstorm\n|-heal|p1b: Rotom|51/100|[from] item: Leftovers\n|-damage|p2b: Maushold|38/100 brn|[from] brn\n|upkeep\n|turn|2\n|inactive|dashoebill has 30 seconds left.\n|\n|t:|1776336677\n|move|p1b: Rotom|Protect|p1b: Rotom\n|-singleturn|p1b: Rotom|Protect\n|move|p1a: Tyranitar|Rock Slide|p2a: Floette|[spread] p2a,p2b\n|-damage|p2a: Floette|40/100\n|-damage|p2b: Maushold|4/100 brn\n|move|p2a: Floette|Dazzling Gleam|p1a: Tyranitar|[spread] p1a\n|-activate|p1b: Rotom|move: Protect\n|-supereffective|p1a: Tyranitar|1\n|-damage|p1a: Tyranitar|9/100\n|move|p2b: Maushold|Super Fang|p1a: Tyranitar\n|-damage|p1a: Tyranitar|5/100\n|\n|-weather|Sandstorm|[upkeep]\n|-damage|p2a: Floette|34/100|[from] Sandstorm\n|-damage|p2b: Maushold|0 fnt|[from] Sandstorm\n|-damage|p1b: Rotom|45/100|[from] Sandstorm\n|faint|p2b: Maushold\n|-heal|p1b: Rotom|51/100|[from] item: Leftovers\n|upkeep\n|\n|t:|1776336697\n|switch|p2b: Incineroar|Incineroar, L50, F|100/100\n|turn|3\n|\n|t:|1776336708\n|switch|p1b: Venusaur|Venusaur, L50, M|100/100\n|move|p2b: Incineroar|Fake Out|p1a: Tyranitar\n|-resisted|p1a: Tyranitar|1\n|-damage|p1a: Tyranitar|0 fnt\n|faint|p1a: Tyranitar\n|move|p2a: Floette|Dazzling Gleam|p1b: Venusaur\n|-resisted|p1b: Venusaur|1\n|-damage|p1b: Venusaur|59/100\n|\n|-weather|Sandstorm|[upkeep]\n|-damage|p2a: Floette|28/100|[from] Sandstorm\n|-damage|p1b: Venusaur|53/100|[from] Sandstorm\n|-damage|p2b: Incineroar|95/100|[from] Sandstorm\n|upkeep\n|\n|t:|1776336716\n|switch|p1a: Rotom|Rotom-Wash, L50|51/100\n|turn|4\n|\n|t:|1776336726\n|detailschange|p1b: Venusaur|Venusaur-Mega, L50, M\n|-mega|p1b: Venusaur|Venusaur|Venusaurite\n|move|p2a: Floette|Protect|p2a: Floette\n|-singleturn|p2a: Floette|Protect\n|move|p1b: Venusaur|Sludge Bomb|p2a: Floette\n|-activate|p2a: Floette|move: Protect\n|move|p1a: Rotom|Will-O-Wisp|p2b: Incineroar|[miss]\n|-miss|p1a: Rotom|p2b: Incineroar\n|move|p2b: Incineroar|Flare Blitz|p1b: Venusaur\n|-supereffective|p1b: Venusaur|1\n|-damage|p1b: Venusaur|10/100\n|-damage|p2b: Incineroar|79/100|[from] Recoil\n|\n|-weather|Sandstorm|[upkeep]\n|-damage|p2a: Floette|22/100|[from] Sandstorm\n|-damage|p1b: Venusaur|4/100|[from] Sandstorm\n|-damage|p1a: Rotom|45/100|[from] Sandstorm\n|-damage|p2b: Incineroar|73/100|[from] Sandstorm\n|-heal|p1a: Rotom|51/100|[from] item: Leftovers\n|upkeep\n|turn|5\n|inactive|dashoebill has 30 seconds left.\n|\n|t:|1776336756\n|switch|p2a: Aerodactyl|Aerodactyl, L50, M|100/100\n|-ability|p2a: Aerodactyl|Unnerve\n|move|p1b: Venusaur|Protect|p1b: Venusaur\n|-singleturn|p1b: Venusaur|Protect\n|move|p1a: Rotom|Hydro Pump|p2a: Aerodactyl|[miss]\n|-miss|p1a: Rotom|p2a: Aerodactyl\n|move|p2b: Incineroar|Throat Chop|p1a: Rotom\n|-damage|p1a: Rotom|4/100\n|-start|p1a: Rotom|Throat Chop|[silent]\n|\n|-weather|none\n|-heal|p1a: Rotom|10/100|[from] item: Leftovers\n|upkeep\n|turn|6\n|\n|t:|1776336775\n|switch|p1b: Garchomp|Garchomp, L50, M|100/100\n|move|p2a: Aerodactyl|Dual Wingbeat|p1b: Garchomp\n|-damage|p1b: Garchomp|80/100\n|-damage|p2a: Aerodactyl|88/100|[from] ability: Rough Skin|[of] p1b: Garchomp\n|-damage|p1b: Garchomp|61/100\n|-damage|p2a: Aerodactyl|76/100|[from] ability: Rough Skin|[of] p1b: Garchomp\n|-hitcount|p1b: Garchomp|2\n|move|p1a: Rotom|Hydro Pump|p2a: Aerodactyl\n|-supereffective|p2a: Aerodactyl|1\n|-damage|p2a: Aerodactyl|0 fnt\n|faint|p2a: Aerodactyl\n|move|p2b: Incineroar|Throat Chop|p1a: Rotom\n|-damage|p1a: Rotom|0 fnt\n|faint|p1a: Rotom\n|\n|upkeep\n|\n|t:|1776336791\n|switch|p2a: Floette|Floette-Mega, L50, F|22/100\n|switch|p1a: Venusaur|Venusaur-Mega, L50, M|4/100\n|-ability|p2a: Floette|Fairy Aura\n|turn|7\n|\n|t:|1776336805\n|move|p1b: Garchomp|Earthquake|p2b: Incineroar|[spread] p1a,p2a,p2b\n|-supereffective|p2b: Incineroar|1\n|-damage|p1a: Venusaur|0 fnt\n|-damage|p2a: Floette|0 fnt\n|-damage|p2b: Incineroar|0 fnt\n|faint|p1a: Venusaur\n|faint|p2a: Floette\n|faint|p2b: Incineroar\n|\n|win|Boline\n|raw|Boline's rating: 1083 &rarr; <strong>1111</strong><br />(+28 for winning)\n|raw|dashoebill's rating: 1086 &rarr; <strong>1063</strong><br />(-23 for losing)\n|c|\u2606dashoebill|ggs\n|c|\u2606dashoebill|nice\n|c|\u2606Boline|Ggs bro\n|c|\u2606Boline|I didn't even know Garchomp will outspeed lmao\n",
  "uploadtime": 1776336852,
  "views": 21,
  "formatid": "gen9championsvgc2026regma",
  "rating": 1063,
  "private": 0,
  "password": null
}