{
  "id": "gen9championsvgc2026regma-2584353642",
  "format": "[Gen 9 Champions] VGC 2026 Reg M-A",
  "players": [
    "HiImGroote",
    "Zhi2"
  ],
  "log": "|j|\u2606HiImGroote\n|j|\u2606Zhi2\n|t:|1776254175\n|gametype|doubles\n|player|p1|HiImGroote|101|1122\n|player|p2|Zhi2|266|1218\n|gen|9\n|tier|[Gen 9 Champions] VGC 2026 Reg M-A\n|rated|\n|rule|Species Clause: Limit one of each Pok\u00e9mon\n|rule|Item Clause: Limit 1 of each item\n|clearpoke\n|poke|p1|Charizard, L50, M|\n|poke|p1|Whimsicott, L50, F|\n|poke|p1|Incineroar, L50, F|\n|poke|p1|Venusaur, L50, M|\n|poke|p1|Clefable, L50, M|\n|poke|p1|Torkoal, L50, F|\n|poke|p2|Pelipper, L50, F|\n|poke|p2|Blastoise, L50, M|\n|poke|p2|Starmie, L50|\n|poke|p2|Sinistcha, L50|\n|poke|p2|Kingambit, L50, M|\n|poke|p2|Garchomp, L50, F|\n|teampreview|4\n|inactive|Battle timer is ON: inactive players will automatically lose when time's up. (requested by HiImGroote)\n|inactive|HiImGroote has 60 seconds left.\n|inactive|Zhi2 has 60 seconds left.\n|\n|t:|1776254209\n|teamsize|p1|4\n|teamsize|p2|4\n|start\n|switch|p1a: Whimsicott|Whimsicott, L50, F|100/100\n|switch|p1b: Charizard|Charizard, L50, M|100/100\n|switch|p2a: Garchomp|Garchomp, L50, F|100/100\n|switch|p2b: Blastoise|Blastoise, L50, M|100/100\n|turn|1\n|inactive|HiImGroote has 30 seconds left.\n|\n|t:|1776254236\n|move|p1b: Charizard|Protect|p1b: Charizard\n|-singleturn|p1b: Charizard|Protect\n|move|p2b: Blastoise|Fake Out|p1a: Whimsicott\n|-damage|p1a: Whimsicott|89/100\n|cant|p1a: Whimsicott|flinch\n|move|p2a: Garchomp|Rock Slide|p1a: Whimsicott|[spread] p1a\n|-activate|p1b: Charizard|move: Protect\n|-damage|p1a: Whimsicott|57/100\n|\n|upkeep\n|turn|2\n|inactive|HiImGroote has 30 seconds left.\n|\n|t:|1776254268\n|detailschange|p1b: Charizard|Charizard-Mega-Y, L50, M\n|-mega|p1b: Charizard|Charizard|Charizardite Y\n|-weather|SunnyDay|[from] ability: Drought|[of] p1b: Charizard\n|move|p1a: Whimsicott|Tailwind|p1a: Whimsicott\n|-sidestart|p1: HiImGroote|move: Tailwind\n|move|p1b: Charizard|Heat Wave|p2b: Blastoise|[spread] p2b\n|-miss|p1b: Charizard|p2a: Garchomp\n|-resisted|p2b: Blastoise|1\n|-damage|p2b: Blastoise|62/100\n|move|p2a: Garchomp|Rock Slide|p1a: Whimsicott|[spread] p1a\n|-miss|p2a: Garchomp|p1b: Charizard\n|-damage|p1a: Whimsicott|27/100\n|move|p2b: Blastoise|Shell Smash|p2b: Blastoise\n|-unboost|p2b: Blastoise|def|1\n|-unboost|p2b: Blastoise|spd|1\n|-boost|p2b: Blastoise|atk|2\n|-boost|p2b: Blastoise|spa|2\n|-boost|p2b: Blastoise|spe|2\n|\n|-weather|SunnyDay|[upkeep]\n|upkeep\n|turn|3\n|inactive|HiImGroote has 30 seconds left.\n|inactive|HiImGroote has 20 seconds left.\n|\n|t:|1776254304\n|switch|p1b: Venusaur|Venusaur, L50, M|100/100\n|move|p1a: Whimsicott|Moonblast|p2a: Garchomp\n|-supereffective|p2a: Garchomp|1\n|-damage|p2a: Garchomp|19/100\n|move|p2b: Blastoise|Flip Turn|p1a: Whimsicott\n|-resisted|p1a: Whimsicott|1\n|-damage|p1a: Whimsicott|16/100\n|\n|t:|1776254314\n|switch|p2b: Starmie|Starmie, L50|100/100|[from] Flip Turn\n|move|p2a: Garchomp|Rock Slide|p1a: Whimsicott|[spread] p1b\n|-miss|p2a: Garchomp|p1a: Whimsicott\n|-damage|p1b: Venusaur|82/100\n|\n|-weather|SunnyDay|[upkeep]\n|upkeep\n|turn|4\n|inactive|HiImGroote has 30 seconds left.\n|inactive|Zhi2 has 30 seconds left.\n|\n|t:|1776254349\n|switch|p2a: Pelipper|Pelipper, L50, F|100/100\n|-weather|RainDance|[from] ability: Drizzle|[of] p2a: Pelipper\n|switch|p2b: Blastoise|Blastoise, L50, M|62/100\n|move|p1a: Whimsicott|Sunny Day|p1a: Whimsicott\n|-weather|SunnyDay\n|move|p1b: Venusaur|Giga Drain|p2a: Pelipper\n|-damage|p2a: Pelipper|64/100\n|-heal|p1b: Venusaur|100/100|[from] drain|[of] p2a: Pelipper\n|\n|-weather|SunnyDay|[upkeep]\n|upkeep\n|turn|5\n|\n|t:|1776254369\n|switch|p2a: Garchomp|Garchomp, L50, F|19/100\n|move|p2b: Blastoise|Fake Out|p1b: Venusaur\n|-damage|p1b: Venusaur|94/100\n|cant|p1b: Venusaur|flinch\n|move|p1a: Whimsicott|Moonblast|p2a: Garchomp\n|-supereffective|p2a: Garchomp|1\n|-damage|p2a: Garchomp|0 fnt\n|faint|p2a: Garchomp\n|\n|-weather|SunnyDay|[upkeep]\n|-sideend|p1: HiImGroote|move: Tailwind\n|upkeep\n|\n|t:|1776254377\n|switch|p2a: Starmie|Starmie, L50|100/100\n|turn|6\n|\n|t:|1776254391\n|detailschange|p2a: Starmie|Starmie-Mega, L50\n|-mega|p2a: Starmie|Starmie|Starminite\n|move|p1a: Whimsicott|Tailwind|p1a: Whimsicott\n|-sidestart|p1: HiImGroote|move: Tailwind\n|move|p1b: Venusaur|Giga Drain|p2a: Starmie\n|-supereffective|p2a: Starmie|1\n|-damage|p2a: Starmie|35/100\n|-heal|p1b: Venusaur|100/100|[from] drain|[of] p2a: Starmie\n|move|p2a: Starmie|Ice Spinner|p1b: Venusaur\n|-supereffective|p1b: Venusaur|1\n|-damage|p1b: Venusaur|10/100\n|move|p2b: Blastoise|Flip Turn|p1a: Whimsicott\n|-resisted|p1a: Whimsicott|1\n|-damage|p1a: Whimsicott|10/100\n|\n|t:|1776254403\n|switch|p2b: Pelipper|Pelipper, L50, F|64/100|[from] Flip Turn\n|-weather|RainDance|[from] ability: Drizzle|[of] p2b: Pelipper\n|\n|-weather|RainDance|[upkeep]\n|upkeep\n|turn|7\n|\n|t:|1776254424\n|move|p2a: Starmie|Protect|p2a: Starmie\n|-singleturn|p2a: Starmie|Protect\n|move|p1a: Whimsicott|Moonblast|p2b: Pelipper\n|-damage|p2b: Pelipper|19/100\n|-enditem|p2b: Pelipper|Sitrus Berry|[eat]\n|-heal|p2b: Pelipper|44/100|[from] item: Sitrus Berry\n|move|p1b: Venusaur|Giga Drain|p2a: Starmie\n|-activate|p2a: Starmie|move: Protect\n|move|p2b: Pelipper|U-turn|p1a: Whimsicott\n|-damage|p1a: Whimsicott|0 fnt\n|faint|p1a: Whimsicott\n|\n|t:|1776254435\n|switch|p2b: Blastoise|Blastoise, L50, M|62/100|[from] U-turn\n|\n|-weather|RainDance|[upkeep]\n|-heal|p2b: Blastoise|68/100|[from] ability: Rain Dish\n|upkeep\n|\n|t:|1776254445\n|switch|p1a: Incineroar|Incineroar, L50, F|100/100\n|-ability|p1a: Incineroar|Intimidate|boost\n|-unboost|p2a: Starmie|atk|1\n|-unboost|p2b: Blastoise|atk|1\n|turn|8\n|inactive|HiImGroote has 30 seconds left.\n|inactive|HiImGroote has 20 seconds left.\n|\n|t:|1776254483\n|switch|p2a: Pelipper|Pelipper, L50, F|44/100\n|move|p1a: Incineroar|Fake Out|p2a: Pelipper\n|-damage|p2a: Pelipper|32/100\n|move|p2b: Blastoise|Fake Out|p1b: Venusaur\n|-damage|p1b: Venusaur|5/100\n|cant|p1b: Venusaur|flinch\n|\n|-weather|RainDance|[upkeep]\n|-heal|p2b: Blastoise|74/100|[from] ability: Rain Dish\n|upkeep\n|turn|9\n|\n|t:|1776254505\n|move|p1a: Incineroar|Darkest Lariat|p2a: Pelipper\n|-damage|p2a: Pelipper|0 fnt\n|faint|p2a: Pelipper\n|move|p1b: Venusaur|Giga Drain|p2b: Blastoise\n|-supereffective|p2b: Blastoise|1\n|-damage|p2b: Blastoise|11/100\n|-heal|p1b: Venusaur|36/100|[from] drain|[of] p2b: Blastoise\n|move|p2b: Blastoise|Water Spout|p1b: Venusaur|[spread] p1a,p1b\n|-supereffective|p1a: Incineroar|1\n|-resisted|p1b: Venusaur|1\n|-damage|p1a: Incineroar|83/100\n|-damage|p1b: Venusaur|32/100\n|\n|-weather|RainDance|[upkeep]\n|-heal|p2b: Blastoise|17/100|[from] ability: Rain Dish\n|-sideend|p1: HiImGroote|move: Tailwind\n|upkeep\n|\n|t:|1776254513\n|switch|p2a: Starmie|Starmie-Mega, L50|35/100\n|turn|10\n|inactive|Zhi2 has 30 seconds left.\n|\n|t:|1776254540\n|switch|p1b: Charizard|Charizard-Mega-Y, L50, M|100/100\n|-weather|SunnyDay|[from] ability: Drought|[of] p1b: Charizard\n|move|p2a: Starmie|Ice Spinner|p1b: Charizard\n|-damage|p1b: Charizard|27/100\n|move|p2b: Blastoise|Flip Turn|p1a: Incineroar\n|-supereffective|p1a: Incineroar|1\n|-damage|p1a: Incineroar|71/100\n|move|p1a: Incineroar|Flare Blitz|p2a: Starmie\n|-resisted|p2a: Starmie|1\n|-damage|p2a: Starmie|0 fnt\n|faint|p2a: Starmie\n|-damage|p1a: Incineroar|62/100|[from] Recoil\n|\n|-weather|SunnyDay|[upkeep]\n|upkeep\n|turn|11\n|\n|t:|1776254560\n|move|p1b: Charizard|Solar Beam||[still]\n|-prepare|p1b: Charizard|Solar Beam\n|-anim|p1b: Charizard|Solar Beam|p2b: Blastoise\n|-supereffective|p2b: Blastoise|1\n|-damage|p2b: Blastoise|0 fnt\n|faint|p2b: Blastoise\n|\n|win|HiImGroote\n|raw|HiImGroote's rating: 1122 &rarr; <strong>1154</strong><br />(+32 for winning)\n|raw|Zhi2's rating: 1218 &rarr; <strong>1186</strong><br />(-32 for losing)\n|c|\u2606HiImGroote|gg\n",
  "uploadtime": 1776254563,
  "views": 32,
  "formatid": "gen9championsvgc2026regma",
  "rating": 1154,
  "private": 0,
  "password": null
}