{
  "id": "gen9championsvgc2026regma-2588265100",
  "format": "[Gen 9 Champions] VGC 2026 Reg M-A",
  "players": [
    "CappyCappy",
    "Joh Prime"
  ],
  "log": "|j|\u2606CappyCappy\n|j|\u2606Joh Prime\n|t:|1776619299\n|gametype|doubles\n|player|p1|CappyCappy|miku-fairy|1187\n|player|p2|Joh Prime|marley|1142\n|gen|9\n|tier|[Gen 9 Champions] VGC 2026 Reg M-A\n|rated|\n|rule|Species Clause: Limit one of each Pok\u00e9mon\n|rule|Item Clause: Limit 1 of each item\n|clearpoke\n|poke|p1|Basculegion, L50, M|\n|poke|p1|Politoed, L50, M, shiny|\n|poke|p1|Meganium, L50, F|\n|poke|p1|Sinistcha, L50|\n|poke|p1|Kingambit, L50, F|\n|poke|p1|Dragonite, L50, F, shiny|\n|poke|p2|Glimmora, L50, F|\n|poke|p2|Archaludon, L50, M, shiny|\n|poke|p2|Pelipper, L50, M|\n|poke|p2|Tyranitar, L50, F, shiny|\n|poke|p2|Empoleon, L50, M, shiny|\n|poke|p2|Tinkaton, L50, F|\n|teampreview|4\nCappyCappy rejected open team sheets.\n|inactive|Battle timer is ON: inactive players will automatically lose when time's up. (requested by Joh Prime)\n|inactive|CappyCappy also wants the timer to be on.\n|inactive|CappyCappy has 60 seconds left.\n|\n|t:|1776619375\n|teamsize|p1|4\n|teamsize|p2|4\n|start\n|switch|p1a: Basculegion|Basculegion, L50, M|100/100\n|switch|p1b: Kingambit|Kingambit, L50, F|100/100\n|switch|p2a: Empoleon|Empoleon, L50, M, shiny|100/100\n|switch|p2b: Tinkaton|Tinkaton, L50, F|100/100\n|turn|1\n|inactive|CappyCappy has 30 seconds left.\n|inactive|Joh Prime has 30 seconds left.\n|\n|t:|1776619404\n|move|p1a: Basculegion|Wave Crash|p2b: Tinkaton\n|-damage|p2b: Tinkaton|0 fnt\n|faint|p2b: Tinkaton\n|-damage|p1a: Basculegion|74/100|[from] Recoil\n|move|p2a: Empoleon|Chilling Water|p1a: Basculegion\n|-resisted|p1a: Basculegion|1\n|-damage|p1a: Basculegion|59/100\n|-unboost|p1a: Basculegion|atk|1\n|move|p1b: Kingambit|Low Kick|p2a: Empoleon\n|-supereffective|p2a: Empoleon|1\n|-damage|p2a: Empoleon|35/100\n|\n|-heal|p2a: Empoleon|41/100|[from] item: Leftovers\n|upkeep\n|\n|t:|1776619417\n|switch|p2b: Archaludon|Archaludon, L50, M, shiny|100/100\n|turn|2\n|inactive|CappyCappy has 30 seconds left.\n|\n|t:|1776619443\n|switch|p1a: Sinistcha|Sinistcha, L50|100/100\n|move|p2a: Empoleon|Vacuum Wave|p1b: Kingambit\n|-supereffective|p1b: Kingambit|2\n|-damage|p1b: Kingambit|44/100\n|move|p2b: Archaludon|Dragon Pulse|p1a: Sinistcha\n|-damage|p1a: Sinistcha|61/100\n|move|p1b: Kingambit|Low Kick|p2b: Archaludon\n|-supereffective|p2b: Archaludon|1\n|-damage|p2b: Archaludon|55/100\n|-ability|p2b: Archaludon|Stamina|boost\n|-boost|p2b: Archaludon|def|1\n|\n|-heal|p2a: Empoleon|47/100|[from] item: Leftovers\n|upkeep\n|turn|3\n|\n|t:|1776619468\n|switch|p1b: Meganium|Meganium, L50, F|100/100\n|move|p2a: Empoleon|Helping Hand|p2b: Archaludon\n|-singleturn|p2b: Archaludon|Helping Hand|[of] p2a: Empoleon\n|move|p2b: Archaludon|Dragon Pulse|p1a: Sinistcha\n|-damage|p1a: Sinistcha|4/100\n|-enditem|p1a: Sinistcha|Sitrus Berry|[eat]\n|-heal|p1a: Sinistcha|29/100|[from] item: Sitrus Berry\n|-heal|p2b: Archaludon|61/100|[from] item: Shell Bell|[of] p1a: Sinistcha\n|move|p1a: Sinistcha|Matcha Gotcha|p2a: Empoleon|[spread] p2a,p2b\n|-resisted|p2b: Archaludon|2\n|-damage|p2a: Empoleon|21/100\n|-heal|p1a: Sinistcha|40/100|[from] drain|[of] p2a: Empoleon\n|-damage|p2b: Archaludon|56/100\n|-heal|p1a: Sinistcha|43/100|[from] drain|[of] p2b: Archaludon\n|-ability|p2b: Archaludon|Stamina|boost\n|-boost|p2b: Archaludon|def|1\n|\n|-heal|p2a: Empoleon|27/100|[from] item: Leftovers\n|upkeep\n|turn|4\n|inactive|CappyCappy has 30 seconds left.\n|inactive|Joh Prime has 30 seconds left.\n|inactive|CappyCappy has 20 seconds left.\n|inactive|Joh Prime has 20 seconds left.\n|inactive|CappyCappy has 15 seconds left.\n|inactive|Joh Prime has 15 seconds left.\n|inactive|Joh Prime has 10 seconds left.\n|inactive|Joh Prime has 5 seconds left.\n|\n|t:|1776619518\n|detailschange|p1b: Meganium|Meganium-Mega, L50, F\n|-mega|p1b: Meganium|Meganium|Meganiumite\n|move|p1a: Sinistcha|Rage Powder|p1a: Sinistcha\n|-singleturn|p1a: Sinistcha|move: Rage Powder\n|move|p2b: Archaludon|Flash Cannon|p1a: Sinistcha\n|-damage|p1a: Sinistcha|7/100\n|-heal|p2b: Archaludon|60/100|[from] item: Shell Bell|[of] p1a: Sinistcha\n|move|p1b: Meganium|Solar Beam||[still]\n|-prepare|p1b: Meganium|Solar Beam\n|-activate|p1b: Meganium|ability: Mega Sol\n|-anim|p1b: Meganium|Solar Beam|p2a: Empoleon\n|-damage|p2a: Empoleon|0 fnt\n|faint|p2a: Empoleon\n|\n|upkeep\n|\n|t:|1776619532\n|switch|p2a: Glimmora|Glimmora, L50, F|100/100\n|turn|5\n|\n|t:|1776619553\n|move|p2a: Glimmora|Protect|p2a: Glimmora\n|-singleturn|p2a: Glimmora|Protect\n|move|p1a: Sinistcha|Rage Powder|p1a: Sinistcha\n|-singleturn|p1a: Sinistcha|move: Rage Powder\n|move|p2b: Archaludon|Flash Cannon|p1a: Sinistcha\n|-damage|p1a: Sinistcha|0 fnt\n|faint|p1a: Sinistcha\n|-heal|p2b: Archaludon|60/100|[from] item: Shell Bell|[of] p1: Sinistcha\n|move|p1b: Meganium|Weather Ball|p2b: Archaludon\n|-damage|p2b: Archaludon|6/100\n|-ability|p2b: Archaludon|Stamina|boost\n|-boost|p2b: Archaludon|def|1\n|\n|upkeep\n|\n|t:|1776619567\n|switch|p1a: Kingambit|Kingambit, L50, F|44/100\n|turn|6\n|\n|t:|1776619583\n|detailschange|p2a: Glimmora|Glimmora-Mega, L50, F\n|-mega|p2a: Glimmora|Glimmora|Glimmoranite\n|move|p1b: Meganium|Protect|p1b: Meganium\n|-singleturn|p1b: Meganium|Protect\n|move|p1a: Kingambit|Sucker Punch|p2b: Archaludon\n|-damage|p2b: Archaludon|0 fnt\n|faint|p2b: Archaludon\n|move|p2a: Glimmora|Sludge Bomb|p1b: Meganium\n|-activate|p1b: Meganium|move: Protect\n|\n|upkeep\n|turn|7\n|\n|t:|1776619602\n|move|p2a: Glimmora|Sludge Bomb|p1b: Meganium\n|-supereffective|p1b: Meganium|2\n|-damage|p1b: Meganium|0 fnt\n|faint|p1b: Meganium\n|move|p1a: Kingambit|Iron Head|p2a: Glimmora\n|-supereffective|p2a: Glimmora|1\n|-damage|p2a: Glimmora|0 fnt\n|faint|p2a: Glimmora\n|\n|win|CappyCappy\n|raw|CappyCappy's rating: 1187 &rarr; <strong>1209</strong><br />(+22 for winning)\n|raw|Joh Prime's rating: 1142 &rarr; <strong>1120</strong><br />(-22 for losing)\n",
  "uploadtime": 1776619602,
  "views": 9,
  "formatid": "gen9championsvgc2026regma",
  "rating": 1120,
  "private": 0,
  "password": null
}