{
  "id": "gen9championsvgc2026regma-2587481205",
  "format": "[Gen 9 Champions] VGC 2026 Reg M-A",
  "players": [
    "pamonhariadoseuze",
    "Jonysopod"
  ],
  "log": "|j|\u2606pamonhariadoseuze\n|j|\u2606Jonysopod\n|t:|1776535455\n|gametype|doubles\n|player|p1|pamonhariadoseuze|gentleman-gen4dp|1142\n|player|p2|Jonysopod|ingo|1177\n|gen|9\n|tier|[Gen 9 Champions] VGC 2026 Reg M-A\n|rated|\n|rule|Species Clause: Limit one of each Pok\u00e9mon\n|rule|Item Clause: Limit 1 of each item\n|clearpoke\n|poke|p1|Mr. Rime, L50, M, shiny|\n|poke|p1|Crabominable, L50, F|\n|poke|p1|Sneasler, L50, M|\n|poke|p1|Aerodactyl, L50, F|\n|poke|p1|Kangaskhan, L50, F, shiny|\n|poke|p1|Sinistcha, L50|\n|poke|p2|Basculegion, L50, M|\n|poke|p2|Blastoise, L50, M|\n|poke|p2|Incineroar, L50, F|\n|poke|p2|Archaludon, L50, M, shiny|\n|poke|p2|Pelipper, L50, F|\n|poke|p2|Maushold, L50|\n|teampreview|4\n|\n|t:|1776535469\n|teamsize|p1|4\n|teamsize|p2|4\n|start\n|switch|p1a: Mr. Rime|Mr. Rime, L50, M, shiny|100/100\n|switch|p1b: Sinistcha|Sinistcha, L50|100/100\n|switch|p2a: Pelipper|Pelipper, L50, F|100/100\n|switch|p2b: Blastoise|Blastoise, L50, M|100/100\n|-weather|RainDance|[from] ability: Drizzle|[of] p2a: Pelipper\n|turn|1\n|\n|t:|1776535485\n|detailschange|p2b: Blastoise|Blastoise-Mega, L50, M\n|-mega|p2b: Blastoise|Blastoise|Blastoisinite\n|move|p1b: Sinistcha|Rage Powder|p1b: Sinistcha\n|-singleturn|p1b: Sinistcha|move: Rage Powder\n|move|p2b: Blastoise|Shell Smash|p2b: Blastoise\n|-unboost|p2b: Blastoise|def|1\n|-unboost|p2b: Blastoise|spd|1\n|-boost|p2b: Blastoise|atk|2\n|-boost|p2b: Blastoise|spa|2\n|-boost|p2b: Blastoise|spe|2\n|move|p2a: Pelipper|Hurricane|p1b: Sinistcha\n|-supereffective|p1b: Sinistcha|1\n|-damage|p1b: Sinistcha|21/100\n|-start|p1b: Sinistcha|confusion\n|-enditem|p1b: Sinistcha|Sitrus Berry|[eat]\n|-heal|p1b: Sinistcha|46/100|[from] item: Sitrus Berry\n|move|p1a: Mr. Rime|Trick Room|p1a: Mr. Rime\n|-fieldstart|move: Trick Room|[of] p1a: Mr. Rime\n|\n|-weather|RainDance|[upkeep]\n|upkeep\n|turn|2\n|\n|t:|1776535519\n|move|p2b: Blastoise|Protect|p2b: Blastoise\n|-singleturn|p2b: Blastoise|Protect\n|move|p1a: Mr. Rime|Light Screen|p1a: Mr. Rime\n|-sidestart|p1: pamonhariadoseuze|move: Light Screen\n|move|p2a: Pelipper|Hurricane|p1b: Sinistcha\n|-supereffective|p1b: Sinistcha|1\n|-damage|p1b: Sinistcha|0 fnt\n|faint|p1b: Sinistcha\n|\n|-weather|RainDance|[upkeep]\n|upkeep\n|\n|t:|1776535523\n|switch|p1b: Crabominable|Crabominable, L50, F|100/100\n|turn|3\n|\n|t:|1776535542\n|switch|p2b: Basculegion|Basculegion, L50, M|100/100\n|move|p1a: Mr. Rime|Frost Breath|p1b: Crabominable\n|-resisted|p1b: Crabominable|1\n|-crit|p1b: Crabominable\n|-damage|p1b: Crabominable|80/100\n|-setboost|p1b: Crabominable|atk|6|[from] ability: Anger Point\n|move|p1b: Crabominable|Drain Punch|p2b: Basculegion\n|-immune|p2b: Basculegion\n|move|p2a: Pelipper|Hurricane|p1b: Crabominable\n|-supereffective|p1b: Crabominable|1\n|-damage|p1b: Crabominable|26/100\n|-start|p1b: Crabominable|confusion\n|\n|-weather|RainDance|[upkeep]\n|upkeep\n|turn|4\n|\n|t:|1776535573\n|switch|p1a: Sneasler|Sneasler, L50, M|100/100\n|switch|p2b: Incineroar|Incineroar, L50, F|100/100\n|-ability|p2b: Incineroar|Intimidate|boost\n|-unboost|p1a: Sneasler|atk|1\n|-unboost|p1b: Crabominable|atk|1\n|-enditem|p1a: Sneasler|White Herb\n|-clearnegativeboost|p1a: Sneasler|[silent]\n|detailschange|p1b: Crabominable|Crabominable-Mega, L50, F\n|-mega|p1b: Crabominable|Crabominable|Crabominite\n|-activate|p1b: Crabominable|confusion\n|move|p1b: Crabominable|Protect|p1b: Crabominable\n|-singleturn|p1b: Crabominable|Protect\n|move|p2a: Pelipper|Hurricane|p1b: Crabominable\n|-activate|p1b: Crabominable|move: Protect\n|\n|-weather|RainDance|[upkeep]\n|upkeep\n|turn|5\n|-activate|p2b: Incineroar|item: Quick Claw\n|\n|t:|1776535604\n|switch|p2a: Basculegion|Basculegion, L50, M|100/100\n|move|p2b: Incineroar|Protect|p2b: Incineroar\n|-singleturn|p2b: Incineroar|Protect\n|-activate|p1b: Crabominable|confusion\n|move|p1b: Crabominable|Rock Slide|p2b: Incineroar|[spread] p2a\n|-activate|p2b: Incineroar|move: Protect\n|-damage|p2a: Basculegion|0 fnt\n|faint|p2a: Basculegion\n|move|p1a: Sneasler|Close Combat|p2b: Incineroar\n|-activate|p2b: Incineroar|move: Protect\n|\n|-weather|none\n|-fieldend|move: Trick Room\n|upkeep\n|\n|t:|1776535625\n|switch|p2a: Blastoise|Blastoise-Mega, L50, M|100/100\n|turn|6\n|\n|t:|1776535634\n|switch|p2b: Pelipper|Pelipper, L50, F|100/100\n|-weather|RainDance|[from] ability: Drizzle|[of] p2b: Pelipper\n|-end|p1b: Crabominable|confusion\n|move|p1b: Crabominable|Protect|p1b: Crabominable\n|-singleturn|p1b: Crabominable|Protect\n|move|p1a: Sneasler|Close Combat|p2b: Pelipper\n|-resisted|p2b: Pelipper|1\n|-damage|p2b: Pelipper|71/100\n|-unboost|p1a: Sneasler|def|1\n|-unboost|p1a: Sneasler|spd|1\n|move|p2a: Blastoise|Aura Sphere|p1b: Crabominable\n|-activate|p1b: Crabominable|move: Protect\n|\n|-weather|RainDance|[upkeep]\n|-sideend|p1: pamonhariadoseuze|move: Light Screen\n|upkeep\n|turn|7\n|\n|t:|1776535659\n|move|p1a: Sneasler|Close Combat|p2a: Blastoise\n|-damage|p2a: Blastoise|45/100\n|-unboost|p1a: Sneasler|def|1\n|-unboost|p1a: Sneasler|spd|1\n|move|p2a: Blastoise|Water Spout|p1a: Sneasler|[spread] p1a,p1b\n|-damage|p1a: Sneasler|10/100\n|-damage|p1b: Crabominable|0 fnt\n|faint|p1b: Crabominable\n|move|p2b: Pelipper|Tailwind|p2b: Pelipper\n|-sidestart|p2: Jonysopod|move: Tailwind\n|\n|-weather|RainDance|[upkeep]\n|upkeep\n|\n|t:|1776535664\n|switch|p1b: Mr. Rime|Mr. Rime, L50, M, shiny|100/100\n|turn|8\n|\n|t:|1776535680\n|move|p1a: Sneasler|Protect|p1a: Sneasler\n|-singleturn|p1a: Sneasler|Protect\n|move|p2a: Blastoise|Water Spout|p1b: Mr. Rime|[spread] p1b\n|-activate|p1a: Sneasler|move: Protect\n|-damage|p1b: Mr. Rime|71/100\n|move|p2b: Pelipper|Hurricane|p1a: Sneasler\n|-activate|p1a: Sneasler|move: Protect\n|move|p1b: Mr. Rime|Frost Breath|p2b: Pelipper\n|-crit|p2b: Pelipper\n|-damage|p2b: Pelipper|36/100\n|\n|-weather|RainDance|[upkeep]\n|upkeep\n|turn|9\n|\n|t:|1776535704\n|switch|p2a: Incineroar|Incineroar, L50, F|100/100\n|-ability|p2a: Incineroar|Intimidate|boost\n|-unboost|p1a: Sneasler|atk|1\n|-unboost|p1b: Mr. Rime|atk|1\n|move|p1a: Sneasler|Close Combat|p2a: Incineroar\n|-supereffective|p2a: Incineroar|1\n|-damage|p2a: Incineroar|19/100\n|-unboost|p1a: Sneasler|def|1\n|-unboost|p1a: Sneasler|spd|1\n|move|p2b: Pelipper|U-turn|p1a: Sneasler\n|-resisted|p1a: Sneasler|2\n|-damage|p1a: Sneasler|1/100\n|\n|t:|1776535716\n|switch|p2b: Blastoise|Blastoise-Mega, L50, M|45/100|[from] U-turn\n|move|p1b: Mr. Rime|Trick Room|p1b: Mr. Rime\n|-fieldstart|move: Trick Room|[of] p1b: Mr. Rime\n|\n|-weather|RainDance|[upkeep]\n|upkeep\n|turn|10\n|\n|t:|1776535734\n|move|p1a: Sneasler|Protect|p1a: Sneasler\n|-singleturn|p1a: Sneasler|Protect\n|move|p2a: Incineroar|Fake Out|p1b: Mr. Rime\n|-crit|p1b: Mr. Rime\n|-damage|p1b: Mr. Rime|56/100\n|move|p2b: Blastoise|Water Spout|p1a: Sneasler|[spread] p1b\n|-activate|p1a: Sneasler|move: Protect\n|-damage|p1b: Mr. Rime|25/100\n|cant|p1b: Mr. Rime|flinch\n|\n|-weather|none\n|-sideend|p2: Jonysopod|move: Tailwind\n|upkeep\n|turn|11\n|\n|t:|1776535760\n|move|p1a: Sneasler|Protect||[still]\n|-fail|p1a: Sneasler\n|move|p2a: Incineroar|Parting Shot|p1b: Mr. Rime\n|-unboost|p1b: Mr. Rime|atk|1\n|-unboost|p1b: Mr. Rime|spa|1\n|\n|t:|1776535765\n|switch|p2a: Pelipper|Pelipper, L50, F|36/100|[from] Parting Shot\n|-weather|RainDance|[from] ability: Drizzle|[of] p2a: Pelipper\n|move|p2b: Blastoise|Water Spout|p1b: Mr. Rime|[spread] p1a,p1b\n|-damage|p1a: Sneasler|0 fnt\n|-damage|p1b: Mr. Rime|0 fnt\n|faint|p1a: Sneasler\n|faint|p1b: Mr. Rime\n|\n|win|Jonysopod\n|raw|pamonhariadoseuze's rating: 1142 &rarr; <strong>1120</strong><br />(-22 for losing)\n|raw|Jonysopod's rating: 1177 &rarr; <strong>1199</strong><br />(+22 for winning)\n|l|\u2606pamonhariadoseuze\n|player|p1|\n",
  "uploadtime": 1776535965,
  "views": 13,
  "formatid": "gen9championsvgc2026regma",
  "rating": 1120,
  "private": 0,
  "password": null
}