{
  "id": "gen9championsvgc2026regma-2589478905",
  "format": "[Gen 9 Champions] VGC 2026 Reg M-A",
  "players": [
    "shiver419",
    "melon storme"
  ],
  "log": "|j|\u2606shiver419\n|j|\u2606melon storme\n|t:|1776726637\n|gametype|doubles\n|player|p1|shiver419|169|1296\n|player|p2|melon storme|kieran-festival|1381\n|gen|9\n|tier|[Gen 9 Champions] VGC 2026 Reg M-A\n|rated|\n|rule|Species Clause: Limit one of each Pok\u00e9mon\n|rule|Item Clause: Limit 1 of each item\n|clearpoke\n|poke|p1|Aerodactyl, L50, F|\n|poke|p1|Sinistcha-Masterpiece, L50|\n|poke|p1|Garchomp, L50, M|\n|poke|p1|Rotom-Wash, L50|\n|poke|p1|Incineroar, L50, F|\n|poke|p1|Sneasler, L50, F|\n|poke|p2|Scovillain, L50, F|\n|poke|p2|Conkeldurr, L50, F|\n|poke|p2|Aerodactyl, L50, F|\n|poke|p2|Farigiraf, L50, F|\n|poke|p2|Dragapult, L50, F|\n|poke|p2|Kingambit, L50, F|\n|teampreview|4\n|\n|t:|1776726685\n|teamsize|p1|4\n|teamsize|p2|4\n|start\n|switch|p1a: Aerodactyl|Aerodactyl, L50, F|100/100\n|switch|p1b: Garchomp|Garchomp, L50, M|100/100\n|switch|p2a: Farigiraf|Farigiraf, L50, F|100/100\n|switch|p2b: Kingambit|Kingambit, L50, F|100/100\n|turn|1\n|\n|t:|1776726712\n|move|p2b: Kingambit|Protect|p2b: Kingambit\n|-singleturn|p2b: Kingambit|Protect\n|move|p1b: Garchomp|Earthquake|p2a: Farigiraf|[spread] p2a\n|-activate|p2b: Kingambit|move: Protect\n|-immune|p1a: Aerodactyl\n|-damage|p2a: Farigiraf|59/100\n|move|p1a: Aerodactyl|Dual Wingbeat|p2a: Farigiraf\n|-damage|p2a: Farigiraf|43/100\n|-enditem|p2a: Farigiraf|Sitrus Berry|[eat]\n|-heal|p2a: Farigiraf|68/100|[from] item: Sitrus Berry\n|-damage|p2a: Farigiraf|53/100\n|-hitcount|p2a: Farigiraf|2\n|move|p2a: Farigiraf|Trick Room|p2a: Farigiraf\n|-fieldstart|move: Trick Room|[of] p2a: Farigiraf\n|\n|upkeep\n|turn|2\n|\n|t:|1776726729\n|detailschange|p1a: Aerodactyl|Aerodactyl-Mega, L50, F\n|-mega|p1a: Aerodactyl|Aerodactyl|Aerodactylite\n|move|p2b: Kingambit|Kowtow Cleave|p1b: Garchomp\n|-damage|p1b: Garchomp|48/100\n|-damage|p2b: Kingambit|88/100|[from] ability: Rough Skin|[of] p1b: Garchomp\n|move|p2a: Farigiraf|Hyper Voice|p1a: Aerodactyl|[spread] p1a,p1b\n|-resisted|p1a: Aerodactyl|1\n|-crit|p1a: Aerodactyl\n|-damage|p1a: Aerodactyl|82/100\n|-damage|p1b: Garchomp|14/100\n|move|p1a: Aerodactyl|Dual Wingbeat|p2a: Farigiraf\n|-damage|p2a: Farigiraf|29/100\n|-damage|p2a: Farigiraf|4/100\n|-hitcount|p2a: Farigiraf|2\n|move|p1b: Garchomp|Earthquake|p2a: Farigiraf|[spread] p2a,p2b\n|-immune|p1a: Aerodactyl\n|-supereffective|p2b: Kingambit|1\n|-damage|p2a: Farigiraf|0 fnt\n|-damage|p2b: Kingambit|30/100\n|faint|p2a: Farigiraf\n|\n|upkeep\n|\n|t:|1776726740\n|switch|p2a: Conkeldurr|Conkeldurr, L50, F|100/100\n|turn|3\n|\n|t:|1776726757\n|move|p1a: Aerodactyl|Protect|p1a: Aerodactyl\n|-singleturn|p1a: Aerodactyl|Protect\n|move|p2a: Conkeldurr|Drain Punch|p1b: Garchomp\n|-damage|p1b: Garchomp|0 fnt\n|-damage|p2a: Conkeldurr|88/100|[from] ability: Rough Skin|[of] p1b: Garchomp\n|faint|p1b: Garchomp\n|move|p2b: Kingambit|Swords Dance|p2b: Kingambit\n|-boost|p2b: Kingambit|atk|2\n|\n|-heal|p2a: Conkeldurr|94/100|[from] item: Leftovers\n|upkeep\n|\n|t:|1776726765\n|switch|p1b: Rotom|Rotom-Wash, L50|100/100\n|turn|4\n|\n|t:|1776726775\n|switch|p1a: Incineroar|Incineroar, L50, F|100/100\n|-ability|p1a: Incineroar|Intimidate|boost\n|-unboost|p2a: Conkeldurr|atk|1\n|-unboost|p2b: Kingambit|atk|1\n|-ability|p2b: Kingambit|Defiant|boost\n|-boost|p2b: Kingambit|atk|2\n|move|p2a: Conkeldurr|Knock Off|p1b: Rotom\n|-damage|p1b: Rotom|78/100\n|-enditem|p1b: Rotom|Leftovers|[from] move: Knock Off|[of] p2a: Conkeldurr\n|move|p2b: Kingambit|Kowtow Cleave|p1a: Incineroar\n|-resisted|p1a: Incineroar|1\n|-damage|p1a: Incineroar|52/100\n|move|p1b: Rotom|Will-O-Wisp|p2b: Kingambit\n|-status|p2b: Kingambit|brn\n|\n|-heal|p2a: Conkeldurr|99/100|[from] item: Leftovers\n|-damage|p2b: Kingambit|25/100 brn|[from] brn\n|upkeep\n|turn|5\n|\n|t:|1776726799\n|move|p1a: Incineroar|Fake Out|p2a: Conkeldurr\n|-damage|p2a: Conkeldurr|90/100\n|cant|p2a: Conkeldurr|flinch\n|move|p2b: Kingambit|Kowtow Cleave|p1b: Rotom\n|-damage|p1b: Rotom|29/100\n|move|p1b: Rotom|Hydro Pump|p2b: Kingambit|[miss]\n|-miss|p1b: Rotom|p2b: Kingambit\n|\n|-heal|p2a: Conkeldurr|96/100|[from] item: Leftovers\n|-damage|p2b: Kingambit|19/100 brn|[from] brn\n|-fieldend|move: Trick Room\n|upkeep\n|turn|6\n|\n|t:|1776726834\n|move|p2b: Kingambit|Sucker Punch|p1b: Rotom\n|-damage|p1b: Rotom|0 fnt\n|faint|p1b: Rotom\n|move|p1a: Incineroar|Flare Blitz|p2b: Kingambit\n|-supereffective|p2b: Kingambit|1\n|-damage|p2b: Kingambit|0 fnt\n|faint|p2b: Kingambit\n|-damage|p1a: Incineroar|46/100|[from] Recoil\n|-enditem|p1a: Incineroar|Sitrus Berry|[eat]\n|-heal|p1a: Incineroar|71/100|[from] item: Sitrus Berry\n|move|p2a: Conkeldurr|Drain Punch|p1a: Incineroar\n|-supereffective|p1a: Incineroar|1\n|-crit|p1a: Incineroar\n|-damage|p1a: Incineroar|0 fnt\n|-heal|p2a: Conkeldurr|100/100|[from] drain|[of] p1a: Incineroar\n|faint|p1a: Incineroar\n|\n|upkeep\n|\n|t:|1776726839\n|switch|p1b: Aerodactyl|Aerodactyl-Mega, L50, F|82/100\n|switch|p2b: Scovillain|Scovillain, L50, F|100/100\n|turn|7\n|\n|t:|1776726847\n|move|p2b: Scovillain|Protect|p2b: Scovillain\n|-singleturn|p2b: Scovillain|Protect\n|move|p2a: Conkeldurr|Protect|p2a: Conkeldurr\n|-singleturn|p2a: Conkeldurr|Protect\n|move|p1b: Aerodactyl|Dual Wingbeat|p2a: Conkeldurr\n|-activate|p2a: Conkeldurr|move: Protect\n|\n|-ability|p2b: Scovillain|Moody|boost\n|-boost|p2b: Scovillain|spe|2\n|-unboost|p2b: Scovillain|def|1\n|upkeep\n|turn|8\n|\n|t:|1776726858\n|detailschange|p2b: Scovillain|Scovillain-Mega, L50, F\n|-mega|p2b: Scovillain|Scovillain|Scovillainite\n|move|p2b: Scovillain|Rage Powder|p2b: Scovillain\n|-singleturn|p2b: Scovillain|move: Rage Powder\n|move|p1b: Aerodactyl|Dual Wingbeat|p2b: Scovillain\n|-supereffective|p2b: Scovillain|1\n|-damage|p2b: Scovillain|10/100\n|-status|p1b: Aerodactyl|brn|[from] ability: Spicy Spray|[of] p2b: Scovillain\n|-supereffective|p2b: Scovillain|1\n|-damage|p2b: Scovillain|0 fnt\n|faint|p2b: Scovillain\n|-hitcount|p2: Scovillain|2\n|move|p2a: Conkeldurr|Drain Punch|p1b: Aerodactyl\n|-damage|p1b: Aerodactyl|53/100 brn\n|\n|-damage|p1b: Aerodactyl|47/100 brn|[from] brn\n|upkeep\n|turn|9\n|\n|t:|1776726870\n|move|p2a: Conkeldurr|Protect|p2a: Conkeldurr\n|-singleturn|p2a: Conkeldurr|Protect\n|move|p1b: Aerodactyl|Dual Wingbeat|p2a: Conkeldurr\n|-activate|p2a: Conkeldurr|move: Protect\n|\n|-damage|p1b: Aerodactyl|41/100 brn|[from] brn\n|upkeep\n|turn|10\n|\n|t:|1776726874\n|move|p1b: Aerodactyl|Dual Wingbeat|p2a: Conkeldurr\n|-supereffective|p2a: Conkeldurr|1\n|-damage|p2a: Conkeldurr|77/100\n|-supereffective|p2a: Conkeldurr|1\n|-damage|p2a: Conkeldurr|51/100\n|-hitcount|p2a: Conkeldurr|2\n|move|p2a: Conkeldurr|Drain Punch|p1b: Aerodactyl\n|-damage|p1b: Aerodactyl|10/100 brn\n|-heal|p2a: Conkeldurr|67/100|[from] drain|[of] p1b: Aerodactyl\n|\n|-heal|p2a: Conkeldurr|72/100|[from] item: Leftovers\n|-damage|p1b: Aerodactyl|4/100 brn|[from] brn\n|upkeep\n|turn|11\n|\n|t:|1776726884\n|move|p2a: Conkeldurr|Protect|p2a: Conkeldurr\n|-singleturn|p2a: Conkeldurr|Protect\n|move|p1b: Aerodactyl|Dual Wingbeat|p2a: Conkeldurr\n|-activate|p2a: Conkeldurr|move: Protect\n|\n|-heal|p2a: Conkeldurr|78/100|[from] item: Leftovers\n|-damage|p1b: Aerodactyl|0 fnt|[from] brn\n|faint|p1b: Aerodactyl\n|\n|win|melon storme\n|raw|shiver419's rating: 1296 &rarr; <strong>1277</strong><br />(-19 for losing)\n|raw|melon storme's rating: 1381 &rarr; <strong>1396</strong><br />(+15 for winning)\n|c|\u2606melon storme|ggs\n|l|\u2606shiver419\n|player|p1|\n",
  "uploadtime": 1776726904,
  "views": 6,
  "formatid": "gen9championsvgc2026regma",
  "rating": 1277,
  "private": 0,
  "password": null
}