{
  "id": "gen9championsvgc2026regma-2585878463",
  "format": "[Gen 9 Champions] VGC 2026 Reg M-A",
  "players": [
    "Strin",
    "Madness Flashback"
  ],
  "log": "|j|\u2606Strin\n|j|\u2606Madness Flashback\n|t:|1776377774\n|gametype|doubles\n|player|p1|Strin|266|1045\n|player|p2|Madness Flashback|elesa|1108\n|gen|9\n|tier|[Gen 9 Champions] VGC 2026 Reg M-A\n|rated|\n|rule|Species Clause: Limit one of each Pok\u00e9mon\n|rule|Item Clause: Limit 1 of each item\n|clearpoke\n|poke|p1|Drampa, L50, F|\n|poke|p1|Sinistcha, L50|\n|poke|p1|Wyrdeer, L50, F|\n|poke|p1|Incineroar, L50, F|\n|poke|p1|Milotic, L50, M|\n|poke|p1|Kingambit, L50, F|\n|poke|p2|Basculegion, L50, M|\n|poke|p2|Froslass, L50, F|\n|poke|p2|Passimian, L50, M|\n|poke|p2|Whimsicott, L50, M|\n|poke|p2|Rotom-Heat, L50|\n|poke|p2|Beartic, L50, F|\n|teampreview|4\n|inactive|Battle timer is ON: inactive players will automatically lose when time's up. (requested by Strin)\n|inactive|Madness Flashback has 60 seconds left.\n|\n|t:|1776377830\n|teamsize|p1|4\n|teamsize|p2|4\n|start\n|switch|p1a: Wyrdeer|Wyrdeer, L50, F|100/100\n|switch|p1b: Unc|Drampa, L50, F, shiny|100/100\n|switch|p2a: Passimian|Passimian, L50, M|100/100\n|switch|p2b: Froslass|Froslass, L50, F|100/100\n|-ability|p1a: Wyrdeer|Intimidate|boost\n|-unboost|p2a: Passimian|atk|1\n|-ability|p2a: Passimian|Defiant|boost\n|-boost|p2a: Passimian|atk|2\n|-unboost|p2b: Froslass|atk|1\n|-ability|p1b: Unc|Cloud Nine\n|turn|1\n|\n|t:|1776377846\n|detailschange|p2b: Froslass|Froslass-Mega, L50, F\n|-mega|p2b: Froslass|Froslass|Froslassite\n|-weather|Snowscape|[from] ability: Snow Warning|[of] p2b: Froslass\n|move|p1b: Unc|Protect|p1b: Unc\n|-singleturn|p1b: Unc|Protect\n|move|p2b: Froslass|Blizzard|p1a: Wyrdeer|[spread] p1a\n|-activate|p1b: Unc|move: Protect\n|-damage|p1a: Wyrdeer|60/100\n|move|p2a: Passimian|Close Combat|p1a: Wyrdeer\n|-damage|p1a: Wyrdeer|0 fnt\n|-unboost|p2a: Passimian|def|1\n|-unboost|p2a: Passimian|spd|1\n|faint|p1a: Wyrdeer\n|\n|-weather|Snowscape|[upkeep]\n|upkeep\n|\n|t:|1776377860\n|switch|p1a: Incineroar|Incineroar, L50, F|100/100\n|-ability|p1a: Incineroar|Intimidate|boost\n|-unboost|p2a: Passimian|atk|1\n|-ability|p2a: Passimian|Defiant|boost\n|-boost|p2a: Passimian|atk|2\n|-unboost|p2b: Froslass|atk|1\n|turn|2\n|\n|t:|1776377874\n|detailschange|p1b: Unc|Drampa-Mega, L50, F, shiny\n|-mega|p1b: Unc|Drampa|Drampanite\n|move|p2a: Passimian|Upper Hand|p1a: Incineroar\n|-supereffective|p1a: Incineroar|1\n|-damage|p1a: Incineroar|0 fnt\n|faint|p1a: Incineroar\n|move|p2b: Froslass|Blizzard|p1b: Unc\n|-supereffective|p1b: Unc|1\n|-damage|p1b: Unc|5/100\n|-ability|p1b: Unc|Berserk|boost\n|-boost|p1b: Unc|spa|1\n|move|p1b: Unc|Hyper Voice|p2a: Passimian|[spread] p2a\n|-immune|p2b: Froslass\n|-damage|p2a: Passimian|0 fnt\n|faint|p2a: Passimian\n|\n|-weather|Snowscape|[upkeep]\n|upkeep\n|\n|t:|1776377885\n|switch|p2a: Rotom|Rotom-Heat, L50|100/100\n|switch|p1a: Sinistcha|Sinistcha, L50|100/100\n|-heal|p1b: Unc|30/100|[from] ability: Hospitality|[of] p1a: Sinistcha\n|turn|3\n|\n|t:|1776377896\n|move|p1b: Unc|Protect|p1b: Unc\n|-singleturn|p1b: Unc|Protect\n|move|p2b: Froslass|Blizzard|p1a: Sinistcha|[spread] p1a\n|-activate|p1b: Unc|move: Protect\n|-supereffective|p1a: Sinistcha|1\n|-damage|p1a: Sinistcha|5/100\n|move|p2a: Rotom|Will-O-Wisp|p1a: Sinistcha\n|-status|p1a: Sinistcha|brn\n|move|p1a: Sinistcha|Trick Room|p1a: Sinistcha\n|-fieldstart|move: Trick Room|[of] p1a: Sinistcha\n|\n|-weather|Snowscape|[upkeep]\n|-damage|p1a: Sinistcha|0 fnt|[from] brn\n|faint|p1a: Sinistcha\n|upkeep\n|turn|4\n|\n|t:|1776377909\n|move|p1b: Unc|Draco Meteor|p2b: Froslass\n|-crit|p2b: Froslass\n|-damage|p2b: Froslass|0 fnt\n|-unboost|p1b: Unc|spa|2\n|faint|p2b: Froslass\n|move|p2a: Rotom|Thunderbolt|p1b: Unc\n|-resisted|p1b: Unc|1\n|-damage|p1b: Unc|16/100\n|\n|-weather|Snowscape|[upkeep]\n|upkeep\n|\n|t:|1776377912\n|switch|p2b: Basculegion|Basculegion, L50, M|100/100\n|turn|5\n|\n|t:|1776377923\n|move|p2b: Basculegion|Aqua Jet|p1b: Unc\n|-resisted|p1b: Unc|1\n|-damage|p1b: Unc|5/100\n|move|p1b: Unc|Draco Meteor|p2b: Basculegion\n|-damage|p2b: Basculegion|34/100\n|-unboost|p1b: Unc|spa|2\n|move|p2a: Rotom|Thunderbolt|p1b: Unc\n|-resisted|p1b: Unc|1\n|-damage|p1b: Unc|0 fnt\n|faint|p1b: Unc\n|\n|win|Madness Flashback\n|raw|Strin's rating: 1045 &rarr; <strong>1031</strong><br />(-14 for losing)\n|raw|Madness Flashback's rating: 1108 &rarr; <strong>1129</strong><br />(+21 for winning)\n|l|\u2606Madness Flashback\n|player|p2|\n",
  "uploadtime": 1776377932,
  "views": 26,
  "formatid": "gen9championsvgc2026regma",
  "rating": 1031,
  "private": 0,
  "password": null
}