{
  "id": "gen9championsvgc2026regma-2585620266",
  "format": "[Gen 9 Champions] VGC 2026 Reg M-A",
  "players": [
    "dragglez",
    "son of soulja"
  ],
  "log": "|j|\u2606dragglez\n|j|\u2606son of soulja\n|t:|1776359356\n|gametype|doubles\n|player|p1|dragglez|101|1296\n|player|p2|son of soulja|boarder|1305\n|gen|9\n|tier|[Gen 9 Champions] VGC 2026 Reg M-A\n|rated|\n|rule|Species Clause: Limit one of each Pok\u00e9mon\n|rule|Item Clause: Limit 1 of each item\n|clearpoke\n|poke|p1|Aerodactyl, L50, M|\n|poke|p1|Floette-Eternal, L50, F|\n|poke|p1|Incineroar, L50, F|\n|poke|p1|Basculegion, L50, M|\n|poke|p1|Sneasler, L50, M|\n|poke|p1|Garchomp, L50, M|\n|poke|p2|Charizard, L50, F|\n|poke|p2|Venusaur, L50, M|\n|poke|p2|Garchomp, L50, F|\n|poke|p2|Farigiraf, L50, M|\n|poke|p2|Kingambit, L50, F|\n|poke|p2|Sneasler, L50, M|\n|teampreview|4\n|inactive|Battle timer is ON: inactive players will automatically lose when time's up. (requested by son of soulja)\n|inactive|dragglez has 60 seconds left.\n|\n|t:|1776359406\n|teamsize|p1|4\n|teamsize|p2|4\n|start\n|switch|p1a: Incineroar|Incineroar, L50, F|100/100\n|switch|p1b: Aerodactyl|Aerodactyl, L50, M|100/100\n|switch|p2a: Kingambit|Kingambit, L50, F|100/100\n|switch|p2b: Farigiraf|Farigiraf, L50, M|100/100\n|-ability|p1b: Aerodactyl|Unnerve\n|-ability|p1a: Incineroar|Intimidate|boost\n|-unboost|p2a: Kingambit|atk|1\n|-ability|p2a: Kingambit|Defiant|boost\n|-boost|p2a: Kingambit|atk|2\n|-unboost|p2b: Farigiraf|atk|1\n|turn|1\n|inactive|dragglez has 30 seconds left.\n|inactive|dragglez has 20 seconds left.\n|inactive|dragglez has 15 seconds left.\n|\n|t:|1776359449\n|move|p2a: Kingambit|Protect|p2a: Kingambit\n|-singleturn|p2a: Kingambit|Protect\n|move|p1b: Aerodactyl|Dual Wingbeat|p2b: Farigiraf\n|-damage|p2b: Farigiraf|87/100\n|-damage|p2b: Farigiraf|74/100\n|-hitcount|p2b: Farigiraf|2\n|move|p1a: Incineroar|Flare Blitz|p2a: Kingambit\n|-activate|p2a: Kingambit|move: Protect\n|move|p2b: Farigiraf|Trick Room|p2b: Farigiraf\n|-fieldstart|move: Trick Room|[of] p2b: Farigiraf\n|\n|upkeep\n|turn|2\n|\n|t:|1776359464\n|move|p2a: Kingambit|Iron Head|p1b: Aerodactyl\n|-supereffective|p1b: Aerodactyl|1\n|-enditem|p1b: Aerodactyl|Focus Sash\n|-damage|p1b: Aerodactyl|1/100\n|move|p2b: Farigiraf|Hyper Voice|p1a: Incineroar|[spread] p1a,p1b\n|-resisted|p1b: Aerodactyl|1\n|-damage|p1a: Incineroar|81/100\n|-damage|p1b: Aerodactyl|0 fnt\n|faint|p1b: Aerodactyl\n|move|p1a: Incineroar|Flare Blitz|p2a: Kingambit\n|-supereffective|p2a: Kingambit|1\n|-damage|p2a: Kingambit|25/100\n|-damage|p1a: Incineroar|56/100|[from] Recoil\n|\n|upkeep\n|\n|t:|1776359487\n|switch|p1b: Basculegion|Basculegion, L50, M|100/100\n|turn|3\n|inactive|son of soulja has 30 seconds left.\n|inactive|son of soulja has 20 seconds left.\n|\n|t:|1776359523\n|switch|p1b: Floette|Floette-Eternal, L50, F|100/100\n|move|p2a: Kingambit|Kowtow Cleave|p1b: Floette\n|-resisted|p1b: Floette|1\n|-damage|p1b: Floette|27/100\n|move|p2b: Farigiraf|Hyper Voice|p1b: Floette|[spread] p1a,p1b\n|-damage|p1a: Incineroar|34/100\n|-damage|p1b: Floette|0 fnt\n|-enditem|p1a: Incineroar|Sitrus Berry|[eat]\n|-heal|p1a: Incineroar|58/100|[from] item: Sitrus Berry\n|faint|p1b: Floette\n|move|p1a: Incineroar|Flare Blitz|p2a: Kingambit\n|-supereffective|p2a: Kingambit|1\n|-damage|p2a: Kingambit|0 fnt\n|faint|p2a: Kingambit\n|-damage|p1a: Incineroar|50/100|[from] Recoil\n|\n|upkeep\n|\n|t:|1776359530\n|switch|p2a: Venusaur|Venusaur, L50, M|100/100\n|switch|p1b: Basculegion|Basculegion, L50, M|100/100\n|turn|4\n|\n|t:|1776359539\n|move|p2b: Farigiraf|Psychic|p1b: Basculegion\n|-damage|p1b: Basculegion|58/100\n|move|p1a: Incineroar|Flare Blitz|p2a: Venusaur\n|-supereffective|p2a: Venusaur|1\n|-enditem|p2a: Venusaur|Focus Sash\n|-damage|p2a: Venusaur|1/100\n|-damage|p1a: Incineroar|25/100|[from] Recoil\n|move|p2a: Venusaur|Energy Ball|p1b: Basculegion\n|-supereffective|p1b: Basculegion|1\n|-damage|p1b: Basculegion|0 fnt\n|faint|p1b: Basculegion\n|\n|upkeep\n|turn|5\n|\n|t:|1776359550\n|move|p2a: Venusaur|Protect|p2a: Venusaur\n|-singleturn|p2a: Venusaur|Protect\n|move|p2b: Farigiraf|Hyper Voice|p1a: Incineroar\n|-damage|p1a: Incineroar|0 fnt\n|faint|p1a: Incineroar\n|\n|win|son of soulja\n|raw|dragglez's rating: 1323 &rarr; <strong>1302</strong><br />(-21 for losing)\n|raw|son of soulja's rating: 1305 &rarr; <strong>1326</strong><br />(+21 for winning)\n",
  "uploadtime": 1776359556,
  "views": 52,
  "formatid": "gen9championsvgc2026regma",
  "rating": 1302,
  "private": 0,
  "password": null
}