{
  "id": "gen9championsvgc2026regma-2581406985",
  "format": "[Gen 9 Champions] VGC 2026 Reg M-A",
  "players": [
    "FelipeSamurai",
    "LeBlastoise"
  ],
  "log": "|j|\u2606FelipeSamurai\n|j|\u2606LeBlastoise\n|t:|1775997198\n|gametype|doubles\n|player|p1|FelipeSamurai|buck|1000\n|player|p2|LeBlastoise|265|1028\n|gen|9\n|tier|[Gen 9 Champions] VGC 2026 Reg M-A\n|rated|\n|rule|Species Clause: Limit one of each Pok\u00e9mon\n|rule|Item Clause: Limit 1 of each item\n|clearpoke\n|poke|p1|Charizard, L50, M|\n|poke|p1|Venusaur, L50, M|\n|poke|p1|Garchomp, L50, F|\n|poke|p1|Incineroar, L50, F|\n|poke|p1|Basculegion, L50, M|\n|poke|p1|Sneasler, L50, F|\n|poke|p2|Blastoise, L50, F|\n|poke|p2|Orthworm, L50, F|\n|poke|p2|Incineroar, L50, F|\n|poke|p2|Sinistcha, L50|\n|teampreview|4\n|\n|t:|1775997218\n|teamsize|p1|4\n|teamsize|p2|4\n|start\n|switch|p1a: Incineroar|Incineroar, L50, F|100/100\n|switch|p1b: Garchomp|Garchomp, L50, F|100/100\n|switch|p2a: Incineroar|Incineroar, L50, F|100/100\n|switch|p2b: Orthworm|Orthworm, L50, F|100/100\n|-ability|p1a: Incineroar|Intimidate|boost\n|-unboost|p2a: Incineroar|atk|1\n|-unboost|p2b: Orthworm|atk|1\n|-ability|p2a: Incineroar|Intimidate|boost\n|-unboost|p1a: Incineroar|atk|1\n|-unboost|p1b: Garchomp|atk|1\n|turn|1\n|\n|t:|1775997237\n|switch|p1a: Charizard|Charizard, L50, M, shiny|100/100\n|move|p2a: Incineroar|Fake Out|p1b: Garchomp\n|-damage|p1b: Garchomp|95/100\n|-damage|p2a: Incineroar|88/100|[from] ability: Rough Skin|[of] p1b: Garchomp\n|cant|p1b: Garchomp|flinch\n|move|p2b: Orthworm|Shed Tail|p2b: Orthworm\n|-start|p2b: Orthworm|Substitute|[from] move: Shed Tail\n|-damage|p2b: Orthworm|50/100\n|-enditem|p2b: Orthworm|Sitrus Berry|[eat]\n|-heal|p2b: Orthworm|75/100|[from] item: Sitrus Berry\n|\n|t:|1775997249\n|switch|p2b: Blastoise|Blastoise, L50, F|100/100|[from] Shed Tail\n|\n|upkeep\n|turn|2\n|\n|t:|1775997264\n|detailschange|p1a: Charizard|Charizard-Mega-Y, L50, M, shiny\n|-mega|p1a: Charizard|Charizard|Charizardite Y\n|-weather|SunnyDay|[from] ability: Drought|[of] p1a: Charizard\n|detailschange|p2b: Blastoise|Blastoise-Mega, L50, F\n|-mega|p2b: Blastoise|Blastoise|Blastoisinite\n|move|p1b: Garchomp|Earthquake|p2a: Incineroar|[spread] p2a,p2b\n|-immune|p1a: Charizard\n|-activate|p2b: Blastoise|move: Substitute|[damage]\n|-supereffective|p2a: Incineroar|1\n|-damage|p2a: Incineroar|38/100\n|move|p1a: Charizard|Heat Wave|p2a: Incineroar|[spread] p2b\n|-miss|p1a: Charizard|p2a: Incineroar\n|-resisted|p2b: Blastoise|1\n|-end|p2b: Blastoise|Substitute\n|move|p2b: Blastoise|Shell Smash|p2b: Blastoise\n|-unboost|p2b: Blastoise|def|1\n|-unboost|p2b: Blastoise|spd|1\n|-boost|p2b: Blastoise|atk|2\n|-boost|p2b: Blastoise|spa|2\n|-boost|p2b: Blastoise|spe|2\n|move|p2a: Incineroar|Parting Shot|p1a: Charizard\n|-unboost|p1a: Charizard|atk|1\n|-unboost|p1a: Charizard|spa|1\n|\n|t:|1775997283\n|switch|p2a: Sinistcha|Sinistcha, L50|100/100|[from] Parting Shot\n|\n|-weather|SunnyDay|[upkeep]\n|upkeep\n|turn|3\n|\n|t:|1775997305\n|switch|p1a: Venusaur|Venusaur, L50, M|100/100\n|move|p2a: Sinistcha|Rage Powder|p2a: Sinistcha\n|-singleturn|p2a: Sinistcha|move: Rage Powder\n|move|p2b: Blastoise|Water Spout|p1b: Garchomp|[spread] p1a,p1b\n|-resisted|p1a: Venusaur|1\n|-crit|p1b: Garchomp\n|-damage|p1a: Venusaur|64/100\n|-damage|p1b: Garchomp|0 fnt\n|faint|p1b: Garchomp\n|\n|-weather|SunnyDay|[upkeep]\n|upkeep\n|\n|t:|1775997316\n|switch|p1b: Incineroar|Incineroar, L50, F|100/100\n|-ability|p1b: Incineroar|Intimidate|boost\n|-unboost|p2a: Sinistcha|atk|1\n|-unboost|p2b: Blastoise|atk|1\n|turn|4\n|\n|t:|1775997346\n|move|p2a: Sinistcha|Rage Powder|p2a: Sinistcha\n|-singleturn|p2a: Sinistcha|move: Rage Powder\n|move|p1a: Venusaur|Sleep Powder|p2b: Blastoise\n|-status|p2b: Blastoise|slp|[from] move: Sleep Powder\n|cant|p2b: Blastoise|slp\n|move|p1b: Incineroar|Parting Shot|p2a: Sinistcha\n|-unboost|p2a: Sinistcha|atk|1\n|-unboost|p2a: Sinistcha|spa|1\n|\n|t:|1775997356\n|switch|p1b: Charizard|Charizard-Mega-Y, L50, M, shiny|100/100|[from] Parting Shot\n|\n|-weather|SunnyDay|[upkeep]\n|upkeep\n|turn|5\n|\n|t:|1775997374\n|move|p2a: Sinistcha|Rage Powder|p2a: Sinistcha\n|-singleturn|p2a: Sinistcha|move: Rage Powder\n|move|p1a: Venusaur|Energy Ball|p2b: Blastoise\n|-supereffective|p2b: Blastoise|1\n|-damage|p2b: Blastoise|0 fnt\n|faint|p2b: Blastoise\n|move|p1b: Charizard|Heat Wave|p2a: Sinistcha|[miss]\n|-miss|p1b: Charizard|p2a: Sinistcha\n|\n|-weather|SunnyDay|[upkeep]\n|upkeep\n|\n|t:|1775997385\n|switch|p2b: Incineroar|Incineroar, L50, F|38/100\n|-ability|p2b: Incineroar|Intimidate|boost\n|-unboost|p1a: Venusaur|atk|1\n|-unboost|p1b: Charizard|atk|1\n|turn|6\n|\n|t:|1775997399\n|move|p2b: Incineroar|Fake Out|p1b: Charizard\n|-damage|p1b: Charizard|89/100\n|move|p2a: Sinistcha|Rage Powder|p2a: Sinistcha\n|-singleturn|p2a: Sinistcha|move: Rage Powder\n|move|p1a: Venusaur|Earth Power|p2b: Incineroar\n|-supereffective|p2b: Incineroar|1\n|-damage|p2b: Incineroar|0 fnt\n|faint|p2b: Incineroar\n|cant|p1b: Charizard|flinch\n|\n|-weather|none\n|upkeep\n|\n|t:|1775997415\n|switch|p2b: Orthworm|Orthworm, L50, F|75/100\n|turn|7\n|\n|t:|1775997433\n|move|p2a: Sinistcha|Rage Powder|p2a: Sinistcha\n|-singleturn|p2a: Sinistcha|move: Rage Powder\n|move|p1b: Charizard|Heat Wave|p2b: Orthworm|[spread] p2a,p2b\n|-supereffective|p2a: Sinistcha|1\n|-supereffective|p2b: Orthworm|1\n|-damage|p2a: Sinistcha|0 fnt\n|-damage|p2b: Orthworm|0 fnt\n|faint|p2a: Sinistcha\n|faint|p2b: Orthworm\n|\n|win|FelipeSamurai\n|raw|FelipeSamurai's rating: 1000 &rarr; <strong>1043</strong><br />(+43 for winning)\n|raw|LeBlastoise's rating: 1028 &rarr; <strong>1013</strong><br />(-15 for losing)\n|l|\u2606LeBlastoise\n|player|p2|\n",
  "uploadtime": 1775997443,
  "views": 19,
  "formatid": "gen9championsvgc2026regma",
  "rating": 1013,
  "private": 0,
  "password": null
}