{
  "id": "gen9championsvgc2026regma-2586929803",
  "format": "[Gen 9 Champions] VGC 2026 Reg M-A",
  "players": [
    "Millygan15",
    "Mega Kingler X"
  ],
  "log": "|j|\u2606Millygan15\n|j|\u2606Mega Kingler X\n|t:|1776472827\n|gametype|doubles\n|player|p1|Millygan15|volkner|1037\n|player|p2|Mega Kingler X|clay|1027\n|gen|9\n|tier|[Gen 9 Champions] VGC 2026 Reg M-A\n|rated|\n|rule|Species Clause: Limit one of each Pok\u00e9mon\n|rule|Item Clause: Limit 1 of each item\n|clearpoke\n|poke|p1|Zoroark-Hisui, L50, M|\n|poke|p1|Ditto, L50|\n|poke|p1|Incineroar, L50, F|\n|poke|p1|Dragonite, L50, M|\n|poke|p1|Sneasler, L50, M|\n|poke|p1|Ninetales-Alola, L50, M|\n|poke|p2|Glalie, L50, M|\n|poke|p2|Alcremie, L50, F|\n|poke|p2|Slowbro-Galar, L50, F|\n|poke|p2|Rotom-Wash, L50|\n|poke|p2|Gallade, L50, M|\n|poke|p2|Lycanroc-Dusk, L50, M|\n|teampreview|4\n|inactive|Battle timer is ON: inactive players will automatically lose when time's up. (requested by Millygan15)\nMillygan15 rejected open team sheets.\n|\n|t:|1776472857\n|teamsize|p1|4\n|teamsize|p2|4\n|start\n|switch|p1a: Ditto|Ditto, L50|100/100\n|switch|p1b: Sneasler|Sneasler, L50, M|100/100\n|switch|p2a: Gallade|Gallade, L50, M|100/100\n|switch|p2b: Lycanroc|Lycanroc-Dusk, L50, M|100/100\n|-transform|p1a: Ditto|p2b: Lycanroc|[from] ability: Imposter\n|turn|1\n|inactive|Millygan15 has 30 seconds left.\n|inactive|Mega Kingler X has 30 seconds left.\n|\n|t:|1776472890\n|move|p1b: Sneasler|Icy Wind|p2a: Gallade|[spread] p2b\n|-miss|p1b: Sneasler|p2a: Gallade\n|-damage|p2b: Lycanroc|82/100\n|-unboost|p2b: Lycanroc|spe|1\n|move|p1a: Ditto|Psychic Fangs|p2a: Gallade\n|-damage|p2a: Gallade|31/100\n|move|p2a: Gallade|Psycho Cut|p1b: Sneasler\n|-damage|p1b: Sneasler|7/100\n|replace|p1b: Zoroark|Zoroark-Hisui, L50, M\n|-end|p1b: Zoroark|Illusion\n|move|p2b: Lycanroc|Psychic Fangs|p1b: Zoroark|[miss]\n|-miss|p2b: Lycanroc|p1b: Zoroark\n|\n|upkeep\n|turn|2\n|inactive|Millygan15 has 30 seconds left.\n|\n|t:|1776472928\n|move|p1a: Ditto|Protect|p1a: Ditto\n|-singleturn|p1a: Ditto|Protect\n|move|p2a: Gallade|Protect|p2a: Gallade\n|-singleturn|p2a: Gallade|Protect\n|move|p2b: Lycanroc|Accelerock|p1b: Zoroark\n|-damage|p1b: Zoroark|0 fnt\n|faint|p1b: Zoroark\n|\n|upkeep\n|\n|t:|1776472941\n|switch|p1b: Sneasler|Sneasler, L50, M|100/100\n|turn|3\n|\n|t:|1776472951\n|move|p1b: Sneasler|Fake Out|p2b: Lycanroc\n|-resisted|p2b: Lycanroc|1\n|-damage|p2b: Lycanroc|70/100\n|-status|p2b: Lycanroc|psn|[from] ability: Poison Touch|[of] p1b: Sneasler\n|move|p2a: Gallade|Upper Hand||[still]\n|-fail|p2a: Gallade\n|move|p1a: Ditto|Psychic Fangs|p2a: Gallade\n|-damage|p2a: Gallade|0 fnt\n|faint|p2a: Gallade\n|cant|p2b: Lycanroc|flinch\n|\n|-damage|p2b: Lycanroc|57/100 psn|[from] psn\n|upkeep\n|\n|t:|1776472963\n|switch|p2a: Alcremie|Alcremie, L50, F|100/100\n|turn|4\n|\n|t:|1776472973\n|move|p2b: Lycanroc|Protect|p2b: Lycanroc\n|-singleturn|p2b: Lycanroc|Protect\n|move|p1b: Sneasler|Dire Claw|p2a: Alcremie\n|-supereffective|p2a: Alcremie|1\n|-damage|p2a: Alcremie|9/100\n|move|p1a: Ditto|Rock Slide|p2a: Alcremie|[spread] p2a\n|-activate|p2b: Lycanroc|move: Protect\n|-damage|p2a: Alcremie|0 fnt\n|faint|p2a: Alcremie\n|\n|-damage|p2b: Lycanroc|45/100 psn|[from] psn\n|upkeep\n|\n|t:|1776472981\n|switch|p2a: Glalie|Glalie, L50, M|100/100\n|turn|5\n|\n|t:|1776472990\n|move|p1b: Sneasler|Protect|p1b: Sneasler\n|-singleturn|p1b: Sneasler|Protect\n|move|p2a: Glalie|Protect|p2a: Glalie\n|-singleturn|p2a: Glalie|Protect\n|move|p2b: Lycanroc|Accelerock|p1b: Sneasler\n|-activate|p1b: Sneasler|move: Protect\n|move|p1a: Ditto|Rock Slide|p2a: Glalie|[spread] p2b\n|-activate|p2a: Glalie|move: Protect\n|-damage|p2b: Lycanroc|0 fnt\n|faint|p2b: Lycanroc\n|\n|-ability|p2a: Glalie|Moody|boost\n|-boost|p2a: Glalie|spa|2\n|-unboost|p2a: Glalie|def|1\n|upkeep\n|turn|6\n|-message|Mega Kingler X forfeited.\n|\n|win|Millygan15\n|raw|Millygan15's rating: 1037 &rarr; <strong>1070</strong><br />(+33 for winning)\n|raw|Mega Kingler X's rating: 1027 &rarr; <strong>1013</strong><br />(-14 for losing)\n|l|\u2606Mega Kingler X\n|player|p2|\n",
  "uploadtime": 1776473009,
  "views": 18,
  "formatid": "gen9championsvgc2026regma",
  "rating": 1013,
  "private": 0,
  "password": null
}