{
  "id": "gen9championsvgc2026regma-2580740657",
  "format": "[Gen 9 Champions] VGC 2026 Reg M-A",
  "players": [
    "Mekadokato",
    "jukasinjakudo"
  ],
  "log": "|j|\u2606Mekadokato\n|j|\u2606jukasinjakudo\n|t:|1775928636\n|gametype|doubles\n|player|p1|Mekadokato|169|1121\n|player|p2|jukasinjakudo|n|1065\n|gen|9\n|tier|[Gen 9 Champions] VGC 2026 Reg M-A\n|rated|\n|rule|Species Clause: Limit one of each Pok\u00e9mon\n|rule|Item Clause: Limit 1 of each item\n|clearpoke\n|poke|p1|Palafin, L50, M|\n|poke|p1|Incineroar, L50, F|\n|poke|p1|Sinistcha, L50|\n|poke|p1|Raichu, L50, F|\n|poke|p1|Dragonite, L50, M|\n|poke|p1|Lucario, L50, F|\n|poke|p2|Pelipper, L50, M|\n|poke|p2|Archaludon, L50, F|\n|poke|p2|Dragonite, L50, F|\n|poke|p2|Incineroar, L50, F|\n|poke|p2|Kingambit, L50, M|\n|poke|p2|Milotic, L50, M|\n|teampreview|4\n|\n|t:|1775928675\n|teamsize|p1|4\n|teamsize|p2|4\n|start\n|switch|p1a: Palafin|Palafin, L50, M|100/100\n|switch|p1b: Raichu|Raichu, L50, F, shiny|100/100\n|switch|p2a: Kingambit|Kingambit, L50, M|100/100\n|switch|p2b: Milotic|Milotic, L50, M|100/100\n|turn|1\n|\n|t:|1775928705\n|detailschange|p1a: Palafin|Palafin-Hero, L50, M\n|switch|p1a: Lucario|Lucario, L50, F|100/100\n|switch|p2b: Incineroar|Incineroar, L50, F|100/100\n|-ability|p2b: Incineroar|Intimidate|boost\n|-fail|p1a: Lucario|unboost|Attack|[from] ability: Inner Focus|[of] p1a: Lucario\n|-unboost|p1b: Raichu|atk|1\n|move|p1b: Raichu|Fake Out|p2a: Kingambit\n|-resisted|p2a: Kingambit|1\n|-damage|p2a: Kingambit|99/100\n|cant|p2a: Kingambit|flinch\n|\n|upkeep\n|turn|2\n|\n|t:|1775928730\n|switch|p2a: Dragonite|Dragonite, L50, F|100/100\n|move|p1a: Lucario|Protect|p1a: Lucario\n|-singleturn|p1a: Lucario|Protect\n|move|p1b: Raichu|Volt Switch|p2b: Incineroar\n|-damage|p2b: Incineroar|75/100\n|\n|t:|1775928740\n|switch|p1b: Palafin|Palafin-Hero, L50, M|100/100|[from] Volt Switch\n|-activate|p1b: Palafin|ability: Zero to Hero\n|move|p2b: Incineroar|Flare Blitz|p1a: Lucario\n|-activate|p1a: Lucario|move: Protect\n|\n|upkeep\n|turn|3\n|\n|t:|1775928796\n|detailschange|p1a: Lucario|Lucario-Mega, L50, F\n|-mega|p1a: Lucario|Lucario|Lucarionite\n|detailschange|p2a: Dragonite|Dragonite-Mega, L50, F\n|-mega|p2a: Dragonite|Dragonite|Dragoninite\n|move|p1a: Lucario|Aura Sphere|p2b: Incineroar\n|-supereffective|p2b: Incineroar|1\n|-enditem|p2b: Incineroar|Chople Berry|[eat]\n|-enditem|p2b: Incineroar|Chople Berry|[weaken]\n|-damage|p2b: Incineroar|30/100\n|move|p2a: Dragonite|Hurricane|p1b: Palafin|[miss]\n|-miss|p2a: Dragonite|p1b: Palafin\n|move|p1b: Palafin|Wave Crash|p2b: Incineroar\n|-supereffective|p2b: Incineroar|1\n|-damage|p2b: Incineroar|0 fnt\n|faint|p2b: Incineroar\n|-damage|p1b: Palafin|90/100|[from] Recoil\n|\n|upkeep\n|\n|t:|1775928810\n|switch|p2b: Milotic|Milotic, L50, M|100/100\n|turn|4\n|\n|t:|1775928843\n|move|p2b: Milotic|Helping Hand|p2a: Dragonite\n|-singleturn|p2a: Dragonite|Helping Hand|[of] p2b: Milotic\n|move|p1a: Lucario|Flash Cannon|p2a: Dragonite\n|-damage|p2a: Dragonite|75/100\n|-unboost|p2a: Dragonite|spd|1\n|move|p2a: Dragonite|Hurricane|p1b: Palafin\n|-damage|p1b: Palafin|0 fnt\n|faint|p1b: Palafin\n|\n|upkeep\n|\n|t:|1775928861\n|switch|p1b: Raichu|Raichu, L50, F, shiny|100/100\n|turn|5\n|\n|t:|1775928885\n|switch|p2a: Kingambit|Kingambit, L50, M|99/100\n|move|p2b: Milotic|Protect|p2b: Milotic\n|-singleturn|p2b: Milotic|Protect\n|move|p1b: Raichu|Fake Out|p2a: Kingambit\n|-resisted|p2a: Kingambit|1\n|-damage|p2a: Kingambit|95/100\n|move|p1a: Lucario|Flash Cannon|p2a: Kingambit\n|-resisted|p2a: Kingambit|1\n|-damage|p2a: Kingambit|67/100\n|\n|upkeep\n|turn|6\n|\n|t:|1775928912\n|move|p2a: Kingambit|Protect|p2a: Kingambit\n|-singleturn|p2a: Kingambit|Protect\n|move|p1a: Lucario|Aura Sphere|p2a: Kingambit\n|-activate|p2a: Kingambit|move: Protect\n|move|p1b: Raichu|Volt Switch|p2b: Milotic\n|-supereffective|p2b: Milotic|1\n|-damage|p2b: Milotic|57/100\n|\n|t:|1775928920\n|switch|p1b: Sinistcha|Sinistcha, L50|100/100|[from] Volt Switch\n|move|p2b: Milotic|Scald|p1a: Lucario\n|-damage|p1a: Lucario|38/100\n|\n|upkeep\n|turn|7\n|\n|t:|1775928947\n|switch|p2a: Dragonite|Dragonite-Mega, L50, F|75/100\n|move|p1a: Lucario|Protect|p1a: Lucario\n|-singleturn|p1a: Lucario|Protect\n|move|p2b: Milotic|Ice Beam|p1b: Sinistcha\n|-supereffective|p1b: Sinistcha|1\n|-damage|p1b: Sinistcha|33/100\n|-enditem|p1b: Sinistcha|Sitrus Berry|[eat]\n|-heal|p1b: Sinistcha|58/100|[from] item: Sitrus Berry\n|move|p1b: Sinistcha|Matcha Gotcha|p2b: Milotic|[spread] p2a,p2b\n|-resisted|p2a: Dragonite|2\n|-supereffective|p2b: Milotic|1\n|-damage|p2a: Dragonite|70/100\n|-heal|p1b: Sinistcha|61/100|[from] drain|[of] p2a: Dragonite\n|-damage|p2b: Milotic|20/100\n|-heal|p1b: Sinistcha|81/100|[from] drain|[of] p2b: Milotic\n|-status|p2b: Milotic|brn\n|-enditem|p2b: Milotic|Sitrus Berry|[eat]\n|-heal|p2b: Milotic|45/100 brn|[from] item: Sitrus Berry\n|\n|-damage|p2b: Milotic|38/100 brn|[from] brn\n|upkeep\n|turn|8\n|\n|t:|1775928999\n|switch|p1a: Raichu|Raichu, L50, F, shiny|100/100\n|move|p2b: Milotic|Helping Hand|p2a: Dragonite\n|-singleturn|p2a: Dragonite|Helping Hand|[of] p2b: Milotic\n|move|p2a: Dragonite|Hurricane|p1a: Raichu\n|-resisted|p1a: Raichu|1\n|-damage|p1a: Raichu|30/100\n|move|p1b: Sinistcha|Matcha Gotcha|p2a: Dragonite|[spread] p2a,p2b\n|-resisted|p2a: Dragonite|2\n|-supereffective|p2b: Milotic|1\n|-damage|p2a: Dragonite|64/100\n|-heal|p1b: Sinistcha|84/100|[from] drain|[of] p2a: Dragonite\n|-damage|p2b: Milotic|0 fnt\n|-heal|p1b: Sinistcha|100/100|[from] drain|[of] p2b: Milotic\n|faint|p2b: Milotic\n|\n|upkeep\n|\n|t:|1775929015\n|switch|p2b: Kingambit|Kingambit, L50, M|67/100\n|turn|9\n|\n|t:|1775929053\n|move|p1a: Raichu|Fake Out|p2a: Dragonite\n|-damage|p2a: Dragonite|57/100\n|cant|p2a: Dragonite|flinch\n|move|p1b: Sinistcha|Matcha Gotcha|p2b: Kingambit|[spread] p2a,p2b\n|-resisted|p2a: Dragonite|2\n|-resisted|p2b: Kingambit|1\n|-damage|p2a: Dragonite|51/100\n|-damage|p2b: Kingambit|55/100\n|-status|p2b: Kingambit|brn\n|move|p2b: Kingambit|Swords Dance|p2b: Kingambit\n|-boost|p2b: Kingambit|atk|2\n|\n|-damage|p2b: Kingambit|49/100 brn|[from] brn\n|upkeep\n|turn|10\n|\n|t:|1775929085\n|move|p2b: Kingambit|Sucker Punch||[still]\n|-fail|p2b: Kingambit\n|move|p1a: Raichu|Encore|p2b: Kingambit\n|-start|p2b: Kingambit|Encore\n|move|p2a: Dragonite|Hurricane|p1b: Sinistcha\n|-supereffective|p1b: Sinistcha|1\n|-damage|p1b: Sinistcha|0 fnt\n|faint|p1b: Sinistcha\n|\n|-damage|p2b: Kingambit|43/100 brn|[from] brn\n|upkeep\n|\n|t:|1775929094\n|switch|p1b: Lucario|Lucario-Mega, L50, F|38/100\n|turn|11\n|\n|t:|1775929125\n|move|p1a: Raichu|Helping Hand|p1b: Lucario\n|-singleturn|p1b: Lucario|Helping Hand|[of] p1a: Raichu\n|move|p2b: Kingambit|Sucker Punch||[still]\n|-fail|p2b: Kingambit\n|move|p1b: Lucario|Flash Cannon|p2a: Dragonite\n|-damage|p2a: Dragonite|0 fnt\n|faint|p2a: Dragonite\n|\n|-damage|p2b: Kingambit|38/100 brn|[from] brn\n|upkeep\n|turn|12\n|-message|jukasinjakudo forfeited.\n|\n|win|Mekadokato\n|raw|Mekadokato's rating: 1121 &rarr; <strong>1142</strong><br />(+21 for winning)\n|raw|jukasinjakudo's rating: 1065 &rarr; <strong>1048</strong><br />(-17 for losing)\n|l|\u2606jukasinjakudo\n|player|p2|\n",
  "uploadtime": 1775929177,
  "views": 18,
  "formatid": "gen9championsvgc2026regma",
  "rating": 1048,
  "private": 0,
  "password": null
}