{
  "id": "gen9championsvgc2026regma-2582152973",
  "format": "[Gen 9 Champions] VGC 2026 Reg M-A",
  "players": [
    "Slafyx",
    "geminian"
  ],
  "log": "|j|\u2606Slafyx\n|j|\u2606geminian\n|t:|1776064809\n|gametype|doubles\n|player|p1|Slafyx|steven|1011\n|player|p2|geminian|veteran|1007\n|gen|9\n|tier|[Gen 9 Champions] VGC 2026 Reg M-A\n|rated|\n|rule|Species Clause: Limit one of each Pok\u00e9mon\n|rule|Item Clause: Limit 1 of each item\n|clearpoke\n|poke|p1|Primarina, L50, F|\n|poke|p1|Sneasler, L50, M|\n|poke|p1|Scovillain, L50, M|\n|poke|p1|Farigiraf, L50, F|\n|poke|p1|Kommo-o, L50, M|\n|poke|p1|Aegislash, L50, F|\n|poke|p2|Talonflame, L50, M|\n|poke|p2|Gyarados, L50, M|\n|poke|p2|Tsareena, L50, F|\n|poke|p2|Manectric, L50, M|\n|poke|p2|Incineroar, L50, F|\n|poke|p2|Sinistcha, L50|\n|teampreview|4\n|inactive|Battle timer is ON: inactive players will automatically lose when time's up. (requested by Slafyx)\n|inactive|geminian has 60 seconds left.\n|\n|t:|1776064846\n|teamsize|p1|4\n|teamsize|p2|4\n|start\n|switch|p1a: Sneasler|Sneasler, L50, M, shiny|100/100\n|switch|p1b: Kommo-o|Kommo-o, L50, M, shiny|100/100\n|switch|p2a: Talonflame|Talonflame, L50, M, shiny|100/100\n|switch|p2b: Manectric|Manectric, L50, M, shiny|100/100\n|turn|1\n|\n|t:|1776064871\n|detailschange|p2b: Manectric|Manectric-Mega, L50, M, shiny\n|-mega|p2b: Manectric|Manectric|Manectite\n|-ability|p2b: Manectric|Intimidate|boost\n|-unboost|p1a: Sneasler|atk|1\n|-unboost|p1b: Kommo-o|atk|1\n|move|p1a: Sneasler|Fake Out|p2a: Talonflame\n|-damage|p2a: Talonflame|87/100\n|move|p2b: Manectric|Volt Switch|p1a: Sneasler\n|-damage|p1a: Sneasler|48/100\n|\n|t:|1776064880\n|switch|p2b: Incineroar|Incineroar, L50, F, shiny|100/100|[from] Volt Switch\n|-ability|p2b: Incineroar|Intimidate|boost\n|-unboost|p1a: Sneasler|atk|1\n|-unboost|p1b: Kommo-o|atk|1\n|cant|p2a: Talonflame|flinch\n|move|p1b: Kommo-o|Clangorous Soul|p1b: Kommo-o\n|-boost|p1b: Kommo-o|atk|1\n|-boost|p1b: Kommo-o|def|1\n|-boost|p1b: Kommo-o|spa|1\n|-boost|p1b: Kommo-o|spd|1\n|-boost|p1b: Kommo-o|spe|1\n|-damage|p1b: Kommo-o|68/100\n|\n|-heal|p1b: Kommo-o|74/100|[from] item: Leftovers\n|upkeep\n|turn|2\n|\n|t:|1776064901\n|move|p1b: Kommo-o|Protect|p1b: Kommo-o\n|-singleturn|p1b: Kommo-o|Protect\n|move|p2b: Incineroar|Fake Out|p1b: Kommo-o\n|-activate|p1b: Kommo-o|move: Protect\n|move|p1a: Sneasler|Close Combat|p2b: Incineroar\n|-supereffective|p2b: Incineroar|1\n|-crit|p2b: Incineroar\n|-damage|p2b: Incineroar|0 fnt\n|-unboost|p1a: Sneasler|def|1\n|-unboost|p1a: Sneasler|spd|1\n|faint|p2b: Incineroar\n|move|p2a: Talonflame|Tailwind|p2a: Talonflame\n|-sidestart|p2: geminian|move: Tailwind\n|\n|-heal|p1b: Kommo-o|80/100|[from] item: Leftovers\n|upkeep\n|\n|t:|1776064918\n|switch|p2b: Tsareena|Tsareena, L50, F, shiny|100/100\n|turn|3\n|\n|t:|1776064927\n|move|p2b: Tsareena|Triple Axel|p1b: Kommo-o\n|-supereffective|p1b: Kommo-o|1\n|-damage|p1b: Kommo-o|70/100\n|-supereffective|p1b: Kommo-o|1\n|-damage|p1b: Kommo-o|50/100\n|-supereffective|p1b: Kommo-o|1\n|-damage|p1b: Kommo-o|26/100\n|-hitcount|p1b: Kommo-o|3\n|move|p2a: Talonflame|Dual Wingbeat|p1a: Sneasler\n|-supereffective|p1a: Sneasler|1\n|-damage|p1a: Sneasler|0 fnt\n|faint|p1a: Sneasler\n|-hitcount|p1: Sneasler|1\n|move|p1b: Kommo-o|Clanging Scales|p2b: Tsareena|[spread] p2a,p2b\n|-damage|p2a: Talonflame|0 fnt\n|-damage|p2b: Tsareena|28/100\n|faint|p2a: Talonflame\n|-unboost|p1b: Kommo-o|def|1\n|\n|-heal|p1b: Kommo-o|32/100|[from] item: Leftovers\n|upkeep\n|\n|t:|1776064947\n|switch|p1a: Scovillain|Scovillain, L50, M, shiny|100/100\n|switch|p2a: Manectric|Manectric-Mega, L50, M, shiny|100/100\n|-ability|p2a: Manectric|Intimidate|boost\n|-unboost|p1a: Scovillain|atk|1\n|-unboost|p1b: Kommo-o|atk|1\n|turn|4\n|inactive|geminian has 30 seconds left.\n|\n|t:|1776064975\n|detailschange|p1a: Scovillain|Scovillain-Mega, L50, M, shiny\n|-mega|p1a: Scovillain|Scovillain|Scovillainite\n|move|p2a: Manectric|Protect|p2a: Manectric\n|-singleturn|p2a: Manectric|Protect\n|move|p1a: Scovillain|Rage Powder|p1a: Scovillain\n|-singleturn|p1a: Scovillain|move: Rage Powder\n|move|p2b: Tsareena|Triple Axel|p1b: Kommo-o\n|-supereffective|p1b: Kommo-o|1\n|-damage|p1b: Kommo-o|19/100\n|-supereffective|p1b: Kommo-o|1\n|-damage|p1b: Kommo-o|0 fnt\n|faint|p1b: Kommo-o\n|-hitcount|p1: Kommo-o|2\n|\n|upkeep\n|\n|t:|1776064979\n|switch|p1b: Aegislash|Aegislash, L50, F, shiny|100/100\n|turn|5\n|inactive|geminian has 30 seconds left.\n|\n|t:|1776065004\n|move|p1a: Scovillain|Rage Powder|p1a: Scovillain\n|-singleturn|p1a: Scovillain|move: Rage Powder\n|move|p2b: Tsareena|Triple Axel|p1a: Scovillain\n|-damage|p1a: Scovillain|92/100\n|-status|p2b: Tsareena|brn|[from] ability: Spicy Spray|[of] p1a: Scovillain\n|-damage|p1a: Scovillain|85/100\n|-damage|p1a: Scovillain|74/100\n|-hitcount|p1a: Scovillain|3\n|move|p2a: Manectric|Flamethrower|p1a: Scovillain\n|-damage|p1a: Scovillain|39/100\n|-status|p2a: Manectric|brn|[from] ability: Spicy Spray|[of] p1a: Scovillain\n|-formechange|p1b: Aegislash|Aegislash-Blade|\n|move|p1b: Aegislash|Poltergeist|p2a: Manectric\n|-activate|p2a: Manectric|move: Poltergeist|Manectite\n|-damage|p2a: Manectric|8/100 brn\n|\n|-damage|p2b: Tsareena|22/100 brn|[from] brn\n|-damage|p2a: Manectric|2/100 brn|[from] brn\n|-sideend|p2: geminian|move: Tailwind\n|upkeep\n|turn|6\n|inactive|Slafyx has 30 seconds left.\n|inactive|geminian has 30 seconds left.\n|inactive|Slafyx has 20 seconds left.\n|inactive|Slafyx has 15 seconds left.\n|inactive|Slafyx has 10 seconds left.\n|\n|t:|1776065050\n|move|p1a: Scovillain|Protect|p1a: Scovillain\n|-singleturn|p1a: Scovillain|Protect\n|-formechange|p1b: Aegislash|Aegislash|\n|move|p1b: Aegislash|King's Shield|p1b: Aegislash\n|-singleturn|p1b: Aegislash|Protect\n|move|p2b: Tsareena|Triple Axel|p1a: Scovillain\n|-activate|p1a: Scovillain|move: Protect\n|move|p2a: Manectric|Flamethrower|p1b: Aegislash\n|-activate|p1b: Aegislash|move: Protect\n|\n|-damage|p2b: Tsareena|16/100 brn|[from] brn\n|-damage|p2a: Manectric|0 fnt|[from] brn\n|faint|p2a: Manectric\n|upkeep\n|turn|7\n|-message|geminian forfeited.\n|\n|win|Slafyx\n|raw|Slafyx's rating: 1011 &rarr; <strong>1049</strong><br />(+38 for winning)\n|raw|geminian's rating: 1007 &rarr; <strong>1000</strong><br />(-7 for losing)\n|l|\u2606geminian\n|player|p2|\n",
  "uploadtime": 1776065067,
  "views": 12,
  "formatid": "gen9championsvgc2026regma",
  "rating": 1000,
  "private": 0,
  "password": null
}