{
  "id": "gen9championsvgc2026regma-2580660500",
  "format": "[Gen 9 Champions] VGC 2026 Reg M-A",
  "players": [
    "pretzel_galaxian",
    "miguelmnc2"
  ],
  "log": "|j|\u2606pretzel_galaxian\n|j|\u2606miguelmnc2\n|t:|1775922150\n|gametype|doubles\n|player|p1|pretzel_galaxian|170|1002\n|player|p2|miguelmnc2|cynthia-gen4|1066\n|gen|9\n|tier|[Gen 9 Champions] VGC 2026 Reg M-A\n|rated|\n|rule|Species Clause: Limit one of each Pok\u00e9mon\n|rule|Item Clause: Limit 1 of each item\n|clearpoke\n|poke|p1|Medicham, L50, F|\n|poke|p1|Sneasler, L50, F|\n|poke|p1|Clefable, L50, F|\n|poke|p1|Runerigus, L50, F|\n|poke|p1|Torkoal, L50, M|\n|poke|p1|Scovillain, L50, F|\n|poke|p2|Froslass, L50, F|\n|poke|p2|Ninetales-Alola, L50, F|\n|poke|p2|Orthworm, L50, F|\n|poke|p2|Garchomp, L50, M|\n|poke|p2|Rotom-Frost, L50|\n|poke|p2|Sneasler, L50, M|\n|teampreview|4\n|inactive|Battle timer is ON: inactive players will automatically lose when time's up. (requested by miguelmnc2)\n|\n|t:|1775922192\n|teamsize|p1|4\n|teamsize|p2|4\n|start\n|switch|p1a: Medicham|Medicham, L50, F, shiny|100/100\n|switch|p1b: Sneasler|Sneasler, L50, F|100/100\n|switch|p2a: Ninetales|Ninetales-Alola, L50, F, shiny|100/100\n|switch|p2b: Sneasler|Sneasler, L50, M, shiny|100/100\n|-weather|Snowscape|[from] ability: Snow Warning|[of] p2a: Ninetales\n|turn|1\n|inactive|pretzel_galaxian has 30 seconds left.\n|inactive|miguelmnc2 has 30 seconds left.\n|\n|t:|1775922222\n|move|p2b: Sneasler|Fake Out|p1b: Sneasler\n|-damage|p1b: Sneasler|77/100\n|move|p1a: Medicham|Skill Swap|p1b: Sneasler\n|-activate|p1a: Medicham|Skill Swap|||[of] p1b: Sneasler\n|cant|p1b: Sneasler|flinch\n|move|p2a: Ninetales|Aurora Veil|p2a: Ninetales\n|-sidestart|p2: miguelmnc2|move: Aurora Veil\n|\n|-weather|Snowscape|[upkeep]\n|upkeep\n|turn|2\n|\n|t:|1775922245\n|switch|p1a: Torkoal|Torkoal, L50, M|100/100\n|-weather|SunnyDay|[from] ability: Drought|[of] p1a: Torkoal\n|move|p1b: Sneasler|Protect|p1b: Sneasler\n|-singleturn|p1b: Sneasler|Protect\n|move|p2b: Sneasler|Acrobatics|p1b: Sneasler\n|-activate|p1b: Sneasler|move: Protect\n|move|p2a: Ninetales|Encore||[still]\n|-fail|p2a: Ninetales\n|\n|-weather|SunnyDay|[upkeep]\n|upkeep\n|turn|3\n|inactive|pretzel_galaxian has 30 seconds left.\n|\n|t:|1775922271\n|move|p1b: Sneasler|Close Combat|p2b: Sneasler\n|-resisted|p2b: Sneasler|1\n|-damage|p2b: Sneasler|26/100\n|-unboost|p1b: Sneasler|def|1\n|-unboost|p1b: Sneasler|spd|1\n|move|p2b: Sneasler|Close Combat|p1a: Torkoal\n|-damage|p1a: Torkoal|50/100\n|-unboost|p2b: Sneasler|def|1\n|-unboost|p2b: Sneasler|spd|1\n|move|p2a: Ninetales|Encore|p1b: Sneasler\n|-start|p1b: Sneasler|Encore\n|move|p1a: Torkoal|Eruption|p2b: Sneasler|[spread] p2a,p2b\n|-supereffective|p2a: Ninetales|1\n|-damage|p2a: Ninetales|44/100\n|-damage|p2b: Sneasler|0 fnt\n|faint|p2b: Sneasler\n|\n|-weather|SunnyDay|[upkeep]\n|upkeep\n|\n|t:|1775922296\n|switch|p2b: Froslass|Froslass, L50, F, shiny|100/100\n|turn|4\n|\n|t:|1775922315\n|switch|p1a: Medicham|Medicham, L50, F, shiny|100/100\n|detailschange|p2b: Froslass|Froslass-Mega, L50, F, shiny\n|-mega|p2b: Froslass|Froslass|Froslassite\n|-weather|Snowscape|[from] ability: Snow Warning|[of] p2b: Froslass\n|move|p1b: Sneasler|Close Combat|p2a: Ninetales|[miss]\n|-miss|p1b: Sneasler|p2a: Ninetales\n|move|p2a: Ninetales|Dazzling Gleam|p1a: Medicham|[spread] p1a,p1b\n|-supereffective|p1a: Medicham|1\n|-damage|p1a: Medicham|46/100\n|-damage|p1b: Sneasler|42/100\n|move|p2b: Froslass|Nasty Plot|p2b: Froslass\n|-boost|p2b: Froslass|spa|2\n|\n|-weather|Snowscape|[upkeep]\n|upkeep\n|turn|5\n|\n|t:|1775922337\n|switch|p2a: Rotom|Rotom-Frost, L50|100/100\n|move|p1a: Medicham|Trick||[still]\n|-fail|p1a: Medicham\n|move|p1b: Sneasler|Close Combat|p2a: Rotom\n|-supereffective|p2a: Rotom|1\n|-damage|p2a: Rotom|0 fnt\n|-unboost|p1b: Sneasler|def|1\n|-unboost|p1b: Sneasler|spd|1\n|faint|p2a: Rotom\n|move|p2b: Froslass|Blizzard|p1b: Sneasler|[spread] p1a,p1b\n|-damage|p1a: Medicham|0 fnt\n|-damage|p1b: Sneasler|0 fnt\n|faint|p1a: Medicham\n|faint|p1b: Sneasler\n|\n|-weather|Snowscape|[upkeep]\n|-sideend|p2: miguelmnc2|move: Aurora Veil\n|upkeep\n|\n|t:|1775922355\n|switch|p1b: Scovillain|Scovillain, L50, F|100/100\n|switch|p1a: Torkoal|Torkoal, L50, M|50/100\n|switch|p2a: Ninetales|Ninetales-Alola, L50, F, shiny|44/100\n|-weather|SunnyDay|[from] ability: Drought|[of] p1a: Torkoal\n|turn|6\n|\n|t:|1775922377\n|move|p1a: Torkoal|Protect|p1a: Torkoal\n|-singleturn|p1a: Torkoal|Protect\n|move|p1b: Scovillain|Overheat|p2b: Froslass\n|-supereffective|p2b: Froslass|1\n|-damage|p2b: Froslass|0 fnt\n|-unboost|p1b: Scovillain|spa|2\n|faint|p2b: Froslass\n|-enditem|p1b: Scovillain|White Herb\n|-clearnegativeboost|p1b: Scovillain|[silent]\n|move|p2a: Ninetales|Dazzling Gleam|p1b: Scovillain|[spread] p1b\n|-activate|p1a: Torkoal|move: Protect\n|-resisted|p1b: Scovillain|1\n|-damage|p1b: Scovillain|85/100\n|\n|-weather|SunnyDay|[upkeep]\n|upkeep\n|turn|7\n|-message|miguelmnc2 forfeited.\n|\n|win|pretzel_galaxian\n|raw|pretzel_galaxian's rating: 1002 &rarr; <strong>1049</strong><br />(+47 for winning)\n|raw|miguelmnc2's rating: 1066 &rarr; <strong>1042</strong><br />(-24 for losing)\n|l|\u2606miguelmnc2\n|player|p2|\n",
  "uploadtime": 1775922401,
  "views": 11,
  "formatid": "gen9championsvgc2026regma",
  "rating": 1042,
  "private": 0,
  "password": null
}