{
  "id": "gen9championsvgc2026regma-2586266670",
  "format": "[Gen 9 Champions] VGC 2026 Reg M-A",
  "players": [
    "Leonmobile",
    "Icicle220"
  ],
  "log": "|j|\u2606Leonmobile\n|j|\u2606Icicle220\n|t:|1776419246\n|gametype|doubles\n|player|p1|Leonmobile|266|1129\n|player|p2|Icicle220|clemont|1222\n|gen|9\n|tier|[Gen 9 Champions] VGC 2026 Reg M-A\n|rated|\n|rule|Species Clause: Limit one of each Pok\u00e9mon\n|rule|Item Clause: Limit 1 of each item\n|clearpoke\n|poke|p1|Floette-Eternal, L50, F|\n|poke|p1|Whimsicott, L50, M|\n|poke|p1|Kingambit, L50, M|\n|poke|p1|Lucario, L50, F|\n|poke|p1|Typhlosion-Hisui, L50, F|\n|poke|p1|Blastoise, L50, F|\n|poke|p2|Rotom-Heat, L50|\n|poke|p2|Aegislash, L50, F|\n|poke|p2|Tyranitar, L50, F|\n|poke|p2|Starmie, L50|\n|poke|p2|Aerodactyl, L50, F|\n|poke|p2|Garchomp, L50, M|\n|teampreview|4\n|inactive|Battle timer is ON: inactive players will automatically lose when time's up. (requested by Leonmobile)\n|\n|t:|1776419276\n|teamsize|p1|4\n|teamsize|p2|4\n|start\n|switch|p1a: Whimsicott|Whimsicott, L50, M|100/100\n|switch|p1b: Blastoise|Blastoise, L50, F|100/100\n|switch|p2a: (name wip)|Aerodactyl, L50, F|100/100\n|switch|p2b: Godzilla|Tyranitar, L50, F, shiny|100/100\n|-ability|p2a: (name wip)|Unnerve\n|-weather|Sandstorm|[from] ability: Sand Stream|[of] p2b: Godzilla\n|turn|1\n|\n|t:|1776419287\n|detailschange|p1b: Blastoise|Blastoise-Mega, L50, F\n|-mega|p1b: Blastoise|Blastoise|Blastoisinite\n|move|p1a: Whimsicott|Tailwind|p1a: Whimsicott\n|-sidestart|p1: Leonmobile|move: Tailwind\n|move|p1b: Blastoise|Water Spout|p2b: Godzilla|[spread] p2a,p2b\n|-supereffective|p2a: (name wip)|1\n|-supereffective|p2b: Godzilla|1\n|-enditem|p2a: (name wip)|Focus Sash\n|-damage|p2a: (name wip)|1/100\n|-damage|p2b: Godzilla|11/100\n|move|p2a: (name wip)|Dual Wingbeat|p1a: Whimsicott\n|-supereffective|p1a: Whimsicott|1\n|-damage|p1a: Whimsicott|51/100\n|-supereffective|p1a: Whimsicott|1\n|-damage|p1a: Whimsicott|0 fnt\n|faint|p1a: Whimsicott\n|-hitcount|p1: Whimsicott|2\n|move|p2b: Godzilla|Rock Slide|p1b: Blastoise\n|-damage|p1b: Blastoise|62/100\n|\n|-weather|Sandstorm|[upkeep]\n|-damage|p1b: Blastoise|56/100|[from] Sandstorm\n|upkeep\n|\n|t:|1776419306\n|switch|p1a: Floette|Floette-Eternal, L50, F|100/100\n|turn|2\n|\n|t:|1776419323\n|move|p1a: Floette|Calm Mind|p1a: Floette\n|-boost|p1a: Floette|spa|1\n|-boost|p1a: Floette|spd|1\n|move|p1b: Blastoise|Water Spout|p2b: Godzilla|[spread] p2a,p2b\n|-supereffective|p2a: (name wip)|1\n|-supereffective|p2b: Godzilla|1\n|-damage|p2a: (name wip)|0 fnt\n|-damage|p2b: Godzilla|0 fnt\n|faint|p2a: (name wip)\n|faint|p2b: Godzilla\n|\n|-weather|Sandstorm|[upkeep]\n|-damage|p1a: Floette|95/100|[from] Sandstorm\n|-damage|p1b: Blastoise|50/100|[from] Sandstorm\n|upkeep\n|\n|t:|1776419328\n|switch|p2a: Fil|Rotom-Heat, L50, shiny|100/100\n|switch|p2b: COMBATTENTI|Starmie, L50|100/100\n|turn|3\n|\n|t:|1776419340\n|move|p2b: COMBATTENTI|Protect|p2b: COMBATTENTI\n|-singleturn|p2b: COMBATTENTI|Protect\n|move|p1a: Floette|Moonblast|p2b: COMBATTENTI\n|-activate|p2b: COMBATTENTI|move: Protect\n|move|p1b: Blastoise|Water Spout|p2b: COMBATTENTI|[spread] p2a\n|-activate|p2b: COMBATTENTI|move: Protect\n|-supereffective|p2a: Fil|1\n|-damage|p2a: Fil|27/100\n|-enditem|p2a: Fil|Sitrus Berry|[eat]\n|-heal|p2a: Fil|51/100|[from] item: Sitrus Berry\n|move|p2a: Fil|Thunderbolt|p1b: Blastoise\n|-supereffective|p1b: Blastoise|1\n|-damage|p1b: Blastoise|0 fnt\n|faint|p1b: Blastoise\n|\n|-weather|Sandstorm|[upkeep]\n|-damage|p1a: Floette|89/100|[from] Sandstorm\n|-damage|p2b: COMBATTENTI|95/100|[from] Sandstorm\n|-damage|p2a: Fil|46/100|[from] Sandstorm\n|upkeep\n|\n|t:|1776419354\n|switch|p1b: Kingambit|Kingambit, L50, M|100/100\n|turn|4\n|\n|t:|1776419370\n|detailschange|p2b: COMBATTENTI|Starmie-Mega, L50\n|-mega|p2b: COMBATTENTI|Starmie|Starminite\n|move|p2b: COMBATTENTI|Protect|p2b: COMBATTENTI\n|-singleturn|p2b: COMBATTENTI|Protect\n|move|p1b: Kingambit|Sucker Punch||[still]\n|-fail|p1b: Kingambit\n|move|p1a: Floette|Moonblast|p2b: COMBATTENTI\n|-activate|p2b: COMBATTENTI|move: Protect\n|move|p2a: Fil|Overheat|p1b: Kingambit\n|-supereffective|p1b: Kingambit|1\n|-damage|p1b: Kingambit|0 fnt\n|-unboost|p2a: Fil|spa|2\n|faint|p1b: Kingambit\n|\n|-weather|Sandstorm|[upkeep]\n|-damage|p1a: Floette|83/100|[from] Sandstorm\n|-damage|p2b: COMBATTENTI|89/100|[from] Sandstorm\n|-damage|p2a: Fil|40/100|[from] Sandstorm\n|-sideend|p1: Leonmobile|move: Tailwind\n|upkeep\n|turn|5\n|\n|t:|1776419387\n|move|p2a: Fil|Helping Hand|p2b: COMBATTENTI\n|-singleturn|p2b: COMBATTENTI|Helping Hand|[of] p2a: Fil\n|move|p2b: COMBATTENTI|Liquidation|p1a: Floette\n|-damage|p1a: Floette|0 fnt\n|faint|p1a: Floette\n|\n|win|Icicle220\n|raw|Leonmobile's rating: 1129 &rarr; <strong>1111</strong><br />(-18 for losing)\n|raw|Icicle220's rating: 1222 &rarr; <strong>1240</strong><br />(+18 for winning)\n",
  "uploadtime": 1776419396,
  "views": 43,
  "formatid": "gen9championsvgc2026regma",
  "rating": 1111,
  "private": 0,
  "password": null
}