{
  "id": "gen9championsvgc2026regma-2586608832",
  "format": "[Gen 9 Champions] VGC 2026 Reg M-A",
  "players": [
    "Phillip Blevin",
    "LewisCarroll"
  ],
  "log": "|j|\u2606Phillip Blevin\n|j|\u2606LewisCarroll\n|t:|1776446507\n|gametype|doubles\n|player|p1|Phillip Blevin|cynthia-masters4|1333\n|player|p2|LewisCarroll|lucas|1324\n|gen|9\n|tier|[Gen 9 Champions] VGC 2026 Reg M-A\n|rated|\n|rule|Species Clause: Limit one of each Pok\u00e9mon\n|rule|Item Clause: Limit 1 of each item\n|clearpoke\n|poke|p1|Froslass, L50, F|\n|poke|p1|Corviknight, L50, F|\n|poke|p1|Gyarados, L50, F|\n|poke|p1|Rotom-Wash, L50|\n|poke|p1|Sneasler, L50, M|\n|poke|p1|Garchomp, L50, F|\n|poke|p2|Pelipper, L50, F|\n|poke|p2|Maushold, L50|\n|poke|p2|Azumarill, L50, F|\n|poke|p2|Dragonite, L50, M|\n|poke|p2|Sinistcha-Masterpiece, L50|\n|poke|p2|Sneasler, L50, M|\n|teampreview|4\n|inactive|Battle timer is ON: inactive players will automatically lose when time's up. (requested by Phillip Blevin)\nPhillip Blevin has agreed to open team sheets.\n|\n|t:|1776446538\n|teamsize|p1|4\n|teamsize|p2|4\n|start\n|switch|p1a: Rotom|Rotom-Wash, L50|100/100\n|switch|p1b: Sneasler|Sneasler, L50, M|100/100\n|switch|p2a: Azumarill|Azumarill, L50, F|100/100\n|switch|p2b: Maushold|Maushold, L50|100/100\n|turn|1\n|inactive|Phillip Blevin has 30 seconds left.\n|inactive|LewisCarroll has 30 seconds left.\n|inactive|LewisCarroll has 20 seconds left.\n|inactive|LewisCarroll has 15 seconds left.\n|\n|t:|1776446581\n|move|p2a: Azumarill|Protect|p2a: Azumarill\n|-singleturn|p2a: Azumarill|Protect\n|move|p1b: Sneasler|Fake Out|p2b: Maushold\n|-damage|p2b: Maushold|84/100\n|move|p1a: Rotom|Trick|p2a: Azumarill\n|-activate|p2a: Azumarill|move: Protect\n|cant|p2b: Maushold|flinch\n|\n|upkeep\n|turn|2\n|\n|t:|1776446598\n|switch|p1a: Froslass|Froslass, L50, F|100/100\n|move|p2b: Maushold|Follow Me|p2b: Maushold\n|-singleturn|p2b: Maushold|move: Follow Me\n|move|p1b: Sneasler|Close Combat|p2b: Maushold\n|-supereffective|p2b: Maushold|1\n|-enditem|p2b: Maushold|Chople Berry|[eat]\n|-enditem|p2b: Maushold|Chople Berry|[weaken]\n|-damage|p2b: Maushold|15/100\n|-unboost|p1b: Sneasler|def|1\n|-unboost|p1b: Sneasler|spd|1\n|move|p2a: Azumarill|Belly Drum|p2a: Azumarill\n|-damage|p2a: Azumarill|50/100\n|-setboost|p2a: Azumarill|atk|6|[from] move: Belly Drum\n|-enditem|p2a: Azumarill|Sitrus Berry|[eat]\n|-heal|p2a: Azumarill|75/100|[from] item: Sitrus Berry\n|\n|upkeep\n|turn|3\n|\n|t:|1776446616\n|detailschange|p1a: Froslass|Froslass-Mega, L50, F\n|-mega|p1a: Froslass|Froslass|Froslassite\n|-weather|Snowscape|[from] ability: Snow Warning|[of] p1a: Froslass\n|move|p2b: Maushold|Follow Me|p2b: Maushold\n|-singleturn|p2b: Maushold|move: Follow Me\n|move|p2a: Azumarill|Aqua Jet|p1b: Sneasler\n|-enditem|p1b: Sneasler|Focus Sash\n|-damage|p1b: Sneasler|1/100\n|move|p1a: Froslass|Aurora Veil|p1a: Froslass\n|-sidestart|p1: Phillip Blevin|move: Aurora Veil\n|move|p1b: Sneasler|Dire Claw|p2b: Maushold\n|-damage|p2b: Maushold|0 fnt\n|faint|p2b: Maushold\n|\n|-weather|Snowscape|[upkeep]\n|upkeep\n|\n|t:|1776446635\n|switch|p2b: Sneasler|Sneasler, L50, M|100/100\n|turn|4\n|\n|t:|1776446648\n|move|p1a: Froslass|Protect|p1a: Froslass\n|-singleturn|p1a: Froslass|Protect\n|move|p2b: Sneasler|Fake Out|p1b: Sneasler\n|-damage|p1b: Sneasler|0 fnt\n|faint|p1b: Sneasler\n|move|p2a: Azumarill|Aqua Jet|p1a: Froslass\n|-activate|p1a: Froslass|move: Protect\n|\n|-weather|Snowscape|[upkeep]\n|upkeep\n|\n|t:|1776446654\n|switch|p1b: Rotom|Rotom-Wash, L50|100/100\n|turn|5\n|\n|t:|1776446663\n|switch|p2b: Sinistcha|Sinistcha-Masterpiece, L50|100/100\n|-heal|p2a: Azumarill|100/100|[from] ability: Hospitality|[of] p2b: Sinistcha\n|move|p2a: Azumarill|Protect|p2a: Azumarill\n|-singleturn|p2a: Azumarill|Protect\n|move|p1b: Rotom|Electroweb|p2b: Sinistcha|[spread] \n|-activate|p2a: Azumarill|move: Protect\n|-miss|p1b: Rotom|p2b: Sinistcha\n|move|p1a: Froslass|Blizzard|p2a: Azumarill|[spread] p2b\n|-activate|p2a: Azumarill|move: Protect\n|-supereffective|p2b: Sinistcha|1\n|-damage|p2b: Sinistcha|14/100\n|\n|-weather|Snowscape|[upkeep]\n|-heal|p2b: Sinistcha|20/100|[from] item: Leftovers\n|upkeep\n|turn|6\n|\n|t:|1776446681\n|move|p2b: Sinistcha|Protect|p2b: Sinistcha\n|-singleturn|p2b: Sinistcha|Protect\n|move|p1b: Rotom|Electroweb|p2b: Sinistcha|[spread] p2a\n|-activate|p2b: Sinistcha|move: Protect\n|-supereffective|p2a: Azumarill|1\n|-damage|p2a: Azumarill|63/100\n|-unboost|p2a: Azumarill|spe|1\n|move|p1a: Froslass|Blizzard|p2a: Azumarill|[spread] p2a\n|-activate|p2b: Sinistcha|move: Protect\n|-resisted|p2a: Azumarill|1\n|-damage|p2a: Azumarill|33/100\n|move|p2a: Azumarill|Play Rough|p1a: Froslass\n|-damage|p1a: Froslass|0 fnt\n|faint|p1a: Froslass\n|\n|-weather|Snowscape|[upkeep]\n|-heal|p2b: Sinistcha|26/100|[from] item: Leftovers\n|upkeep\n|\n|t:|1776446687\n|switch|p1a: Corviknight|Corviknight, L50, F|100/100\n|turn|7\n|\n|t:|1776446703\n|move|p2b: Sinistcha|Protect||[still]\n|-fail|p2b: Sinistcha\n|move|p2a: Azumarill|Protect|p2a: Azumarill\n|-singleturn|p2a: Azumarill|Protect\n|move|p1b: Rotom|Electroweb|p2b: Sinistcha|[spread] p2b\n|-activate|p2a: Azumarill|move: Protect\n|-resisted|p2b: Sinistcha|1\n|-damage|p2b: Sinistcha|19/100\n|-unboost|p2b: Sinistcha|spe|1\n|move|p1a: Corviknight|Bulk Up|p1a: Corviknight\n|-boost|p1a: Corviknight|atk|1\n|-boost|p1a: Corviknight|def|1\n|\n|-weather|none\n|-heal|p2b: Sinistcha|25/100|[from] item: Leftovers\n|-sideend|p1: Phillip Blevin|move: Aurora Veil\n|upkeep\n|turn|8\n|\n|t:|1776446716\n|move|p2b: Sinistcha|Rage Powder|p2b: Sinistcha\n|-singleturn|p2b: Sinistcha|move: Rage Powder\n|move|p2a: Azumarill|Aqua Jet|p1a: Corviknight\n|-damage|p1a: Corviknight|58/100\n|move|p1b: Rotom|Electroweb|p2b: Sinistcha|[spread] p2a\n|-miss|p1b: Rotom|p2b: Sinistcha\n|-supereffective|p2a: Azumarill|1\n|-damage|p2a: Azumarill|0 fnt\n|faint|p2a: Azumarill\n|move|p1a: Corviknight|Brave Bird|p2b: Sinistcha\n|-supereffective|p2b: Sinistcha|1\n|-damage|p2b: Sinistcha|0 fnt\n|faint|p2b: Sinistcha\n|-damage|p1a: Corviknight|52/100|[from] Recoil\n|\n|-heal|p1a: Corviknight|58/100|[from] item: Leftovers\n|upkeep\n|c|\u2606Phillip Blevin|gg\n|\n|t:|1776446726\n|switch|p2b: Sneasler|Sneasler, L50, M|100/100\n|turn|9\n|\n|t:|1776446729\n|move|p1b: Rotom|Electroweb|p2b: Sneasler\n|-damage|p2b: Sneasler|75/100\n|-unboost|p2b: Sneasler|spe|1\n|-enditem|p2b: Sneasler|White Herb\n|-clearnegativeboost|p2b: Sneasler|[silent]\n|move|p2b: Sneasler|Close Combat|p1a: Corviknight\n|-damage|p1a: Corviknight|30/100\n|-unboost|p2b: Sneasler|def|1\n|-unboost|p2b: Sneasler|spd|1\n|move|p1a: Corviknight|Roost|p1a: Corviknight\n|-heal|p1a: Corviknight|80/100\n|-singleturn|p1a: Corviknight|move: Roost\n|\n|-heal|p1a: Corviknight|86/100|[from] item: Leftovers\n|upkeep\n|turn|10\n|l|\u2606LewisCarroll\n|inactive|LewisCarroll disconnected and has a minute to reconnect!\n|player|p2|\n|inactive|LewisCarroll has 30 seconds left.\n|inactive|LewisCarroll has 20 seconds left.\n|inactive|LewisCarroll has 15 seconds left.\n|inactive|LewisCarroll has 10 seconds left.\n|inactive|LewisCarroll has 5 seconds left.\n|-message|LewisCarroll lost due to inactivity.\n|\n|win|Phillip Blevin\n|raw|Phillip Blevin's rating: 1333 &rarr; <strong>1352</strong><br />(+19 for winning)\n|raw|LewisCarroll's rating: 1324 &rarr; <strong>1305</strong><br />(-19 for losing)\n",
  "uploadtime": 1776446786,
  "views": 51,
  "formatid": "gen9championsvgc2026regma",
  "rating": 1305,
  "private": 0,
  "password": null
}