{
  "id": "gen9championsvgc2026regma-2582734060",
  "format": "[Gen 9 Champions] VGC 2026 Reg M-A",
  "players": [
    "Poliwhirl100",
    "7/11 doughnuts"
  ],
  "log": "|j|\u2606Poliwhirl100\n|j|\u26067/11 doughnuts\n|t:|1776110399\n|gametype|doubles\n|player|p1|Poliwhirl100|preschooler|1087\n|player|p2|7/11 doughnuts|101|1111\n|gen|9\n|tier|[Gen 9 Champions] VGC 2026 Reg M-A\n|rated|\n|rule|Species Clause: Limit one of each Pok\u00e9mon\n|rule|Item Clause: Limit 1 of each item\n|clearpoke\n|poke|p1|Ampharos, L50, M|\n|poke|p1|Farigiraf, L50, M|\n|poke|p1|Meowscarada, L50, M|\n|poke|p1|Conkeldurr, L50, F|\n|poke|p1|Incineroar, L50, F|\n|poke|p1|Steelix, L50, F|\n|poke|p2|Pelipper, L50, F|\n|poke|p2|Archaludon, L50, M|\n|poke|p2|Dragonite, L50, F|\n|poke|p2|Greninja-*, L50, M|\n|poke|p2|Sneasler, L50, M|\n|poke|p2|Palafin, L50, M|\n|teampreview|4\n7/11 doughnuts rejected open team sheets.\n|\n|t:|1776110427\n|teamsize|p1|4\n|teamsize|p2|4\n|start\n|switch|p1a: Meowscarada|Meowscarada, L50, M|100/100\n|switch|p1b: Ampharos|Ampharos, L50, M, shiny|100/100\n|switch|p2a: Sneasler|Sneasler, L50, M|100/100\n|switch|p2b: Palafin|Palafin, L50, M|100/100\n|turn|1\n|\n|t:|1776110444\n|switch|p1b: Farigiraf|Farigiraf, L50, M|100/100\n|move|p2a: Sneasler|Fake Out||[still]\n|cant|p1b: Farigiraf|ability: Armor Tail|Fake Out|[of] p2a: Sneasler\n|move|p2b: Palafin|Flip Turn|p1b: Farigiraf\n|-damage|p1b: Farigiraf|79/100\n|\n|t:|1776110450\n|detailschange|p2b: Palafin|Palafin-Hero, L50, M\n|switch|p2b: Pelipper|Pelipper, L50, F|100/100|[from] Flip Turn\n|-weather|RainDance|[from] ability: Drizzle|[of] p2b: Pelipper\n|move|p1a: Meowscarada|Trick Room|p1a: Meowscarada\n|-start|p1a: Meowscarada|typechange|Psychic|[from] ability: Protean\n|-fieldstart|move: Trick Room|[of] p1a: Meowscarada\n|\n|-weather|RainDance|[upkeep]\n|upkeep\n|turn|2\n|\n|t:|1776110476\n|switch|p2a: Greninja|Greninja, L50, M|100/100\n|move|p1b: Farigiraf|Twin Beam|p2a: Greninja\n|-immune|p2a: Greninja\n|move|p1a: Meowscarada|U-turn|p2b: Pelipper\n|-resisted|p2b: Pelipper|1\n|-damage|p2b: Pelipper|84/100\n|\n|t:|1776110480\n|switch|p1a: Ampharos|Ampharos, L50, M, shiny|100/100|[from] U-turn\n|move|p2b: Pelipper|Weather Ball|p1b: Farigiraf\n|-damage|p1b: Farigiraf|22/100\n|-enditem|p1b: Farigiraf|Sitrus Berry|[eat]\n|-heal|p1b: Farigiraf|47/100|[from] item: Sitrus Berry\n|\n|-weather|RainDance|[upkeep]\n|upkeep\n|turn|3\n|\n|t:|1776110507\n|detailschange|p1a: Ampharos|Ampharos-Mega, L50, M, shiny\n|-mega|p1a: Ampharos|Ampharos|Ampharosite\n|-ability|p1a: Ampharos|Mold Breaker\n|move|p1a: Ampharos|Thunderbolt|p2a: Greninja\n|-supereffective|p2a: Greninja|1\n|-enditem|p2a: Greninja|Focus Sash\n|-damage|p2a: Greninja|1/100\n|move|p1b: Farigiraf|Twin Beam|p2b: Pelipper\n|-crit|p2b: Pelipper\n|-damage|p2b: Pelipper|37/100\n|-damage|p2b: Pelipper|11/100\n|-hitcount|p2b: Pelipper|2\n|move|p2a: Greninja|Hydro Pump|p1b: Farigiraf\n|-start|p2a: Greninja|typechange|Water|[from] ability: Protean\n|-damage|p1b: Farigiraf|0 fnt\n|faint|p1b: Farigiraf\n|move|p2b: Pelipper|Weather Ball|p1a: Ampharos\n|-resisted|p1a: Ampharos|1\n|-damage|p1a: Ampharos|76/100\n|\n|-weather|RainDance|[upkeep]\n|upkeep\n|\n|t:|1776110516\n|switch|p1b: Conkeldurr|Conkeldurr, L50, F|100/100\n|turn|4\n|\n|t:|1776110545\n|switch|p2a: Sneasler|Sneasler, L50, M|100/100\n|move|p1b: Conkeldurr|Rock Slide|p2a: Sneasler|[spread] p2a\n|-miss|p1b: Conkeldurr|p2b: Pelipper\n|-resisted|p2a: Sneasler|1\n|-damage|p2a: Sneasler|69/100\n|move|p1a: Ampharos|Thunderbolt|p2a: Sneasler\n|-damage|p2a: Sneasler|0 fnt\n|faint|p2a: Sneasler\n|move|p2b: Pelipper|Weather Ball|p1b: Conkeldurr\n|-damage|p1b: Conkeldurr|31/100\n|\n|-weather|RainDance|[upkeep]\n|upkeep\n|\n|t:|1776110562\n|switch|p2a: Palafin|Palafin-Hero, L50, M|100/100\n|-activate|p2a: Palafin|ability: Zero to Hero\n|turn|5\n|\n|t:|1776110567\n|move|p2a: Palafin|Jet Punch|p1b: Conkeldurr\n|-damage|p1b: Conkeldurr|0 fnt\n|faint|p1b: Conkeldurr\n|move|p1a: Ampharos|Thunderbolt|p2a: Palafin\n|-supereffective|p2a: Palafin|1\n|-damage|p2a: Palafin|0 fnt\n|faint|p2a: Palafin\n|move|p2b: Pelipper|Weather Ball|p1a: Ampharos\n|-resisted|p1a: Ampharos|1\n|-damage|p1a: Ampharos|50/100\n|\n|-weather|none\n|-fieldend|move: Trick Room\n|upkeep\n|\n|t:|1776110572\n|switch|p2a: Greninja|Greninja, L50, M|1/100\n|switch|p1b: Meowscarada|Meowscarada, L50, M|100/100\n|turn|6\n|-message|7/11 doughnuts forfeited.\n|\n|win|Poliwhirl100\n|raw|Poliwhirl100's rating: 1087 &rarr; <strong>1116</strong><br />(+29 for winning)\n|raw|7&#x2f;11 doughnuts's rating: 1111 &rarr; <strong>1084</strong><br />(-27 for losing)\n|l|\u26067/11 doughnuts\n|player|p2|\n",
  "uploadtime": 1776110586,
  "views": 18,
  "formatid": "gen9championsvgc2026regma",
  "rating": 1084,
  "private": 0,
  "password": null
}