{
  "id": "gen9championsvgc2026regma-2585928986",
  "format": "[Gen 9 Champions] VGC 2026 Reg M-A",
  "players": [
    "techno active",
    "Yurufuz"
  ],
  "log": "|j|\u2606techno active\n|j|\u2606Yurufuz\n|t:|1776382346\n|gametype|doubles\n|player|p1|techno active|265|1110\n|player|p2|Yurufuz|iono|1085\n|gen|9\n|tier|[Gen 9 Champions] VGC 2026 Reg M-A\n|rated|\n|rule|Species Clause: Limit one of each Pok\u00e9mon\n|rule|Item Clause: Limit 1 of each item\n|clearpoke\n|poke|p1|Alakazam, L50, M|\n|poke|p1|Incineroar, L50, M|\n|poke|p1|Zoroark-Hisui, L50, M|\n|poke|p1|Feraligatr, L50, M|\n|poke|p1|Sneasler, L50, M|\n|poke|p1|Archaludon, L50, M|\n|poke|p2|Sinistcha, L50|\n|poke|p2|Kingambit, L50, M|\n|poke|p2|Incineroar, L50, M|\n|poke|p2|Floette-Eternal, L50, F|\n|poke|p2|Aerodactyl, L50, M|\n|poke|p2|Sneasler, L50, F|\n|teampreview|4\n|c|\u2606Yurufuz|waow\n|c|\u2606Yurufuz|wait\n|c|\u2606Yurufuz|hisuian zoroark\n|c|\u2606Yurufuz|thats lowk\n|c|\u2606Yurufuz|smart as fuck\n|\n|t:|1776382398\n|teamsize|p1|4\n|teamsize|p2|4\n|start\n|switch|p1a: Alakazam|Alakazam, L50, M|100/100\n|switch|p1b: Sneasler|Sneasler, L50, M|100/100\n|switch|p2a: Floette|Floette-Eternal, L50, F|100/100\n|switch|p2b: Aerodactyl|Aerodactyl, L50, M|100/100\n|-ability|p2b: Aerodactyl|Unnerve\n|-ability|p1b: Sneasler|Pressure\n|turn|1\n|\n|t:|1776382424\n|detailschange|p1a: Alakazam|Alakazam-Mega, L50, M\n|-mega|p1a: Alakazam|Alakazam|Alakazite\n|-ability|p1a: Alakazam|Unnerve|Trace|[from] ability: Trace|[of] p2b: Aerodactyl\n|-ability|p1a: Alakazam|Unnerve\n|move|p2a: Floette|Protect|p2a: Floette\n|-singleturn|p2a: Floette|Protect\n|move|p1b: Sneasler|Fake Out|p2a: Floette\n|-activate|p2a: Floette|move: Protect\n|move|p1a: Alakazam|Psychic|p2b: Aerodactyl\n|-damage|p2b: Aerodactyl|22/100\n|move|p2b: Aerodactyl|Dual Wingbeat|p1b: Sneasler|[miss]\n|-miss|p2b: Aerodactyl|p1b: Sneasler\n|\n|upkeep\n|turn|2\n|c|\u2606Yurufuz|SON.\n|c|\u2606techno active|Lmao\n|c|\u2606techno active|No way\n|\n|t:|1776382458\n|detailschange|p2a: Floette|Floette-Mega, L50, F\n|-mega|p2a: Floette|Floette|Floettite\n|-ability|p2a: Floette|Fairy Aura\n|move|p1a: Alakazam|Protect|p1a: Alakazam\n|-singleturn|p1a: Alakazam|Protect\n|move|p2b: Aerodactyl|Dual Wingbeat|p1b: Sneasler\n|-supereffective|p1b: Sneasler|1\n|-damage|p1b: Sneasler|39/100\n|-supereffective|p1b: Sneasler|1\n|-crit|p1b: Sneasler\n|-damage|p1b: Sneasler|0 fnt\n|faint|p1b: Sneasler\n|-hitcount|p1: Sneasler|2\n|move|p2a: Floette|Moonblast|p1a: Alakazam\n|-activate|p1a: Alakazam|move: Protect\n|\n|upkeep\n|\n|t:|1776382485\n|switch|p1b: Incineroar|Incineroar, L50, M|100/100\n|-ability|p1b: Incineroar|Intimidate|boost\n|-unboost|p2a: Floette|atk|1\n|-unboost|p2b: Aerodactyl|atk|1\n|turn|3\n|\n|t:|1776382499\n|move|p2b: Aerodactyl|Protect|p2b: Aerodactyl\n|-singleturn|p2b: Aerodactyl|Protect\n|move|p2a: Floette|Protect|p2a: Floette\n|-singleturn|p2a: Floette|Protect\n|move|p1b: Incineroar|Fake Out|p2a: Floette\n|-activate|p2a: Floette|move: Protect\n|move|p1a: Alakazam|Psychic|p2b: Aerodactyl\n|-activate|p2b: Aerodactyl|move: Protect\n|\n|upkeep\n|turn|4\n|\n|t:|1776382531\n|switch|p1b: Archaludon|Archaludon, L50, M|100/100\n|move|p1a: Alakazam|Dazzling Gleam|p2b: Aerodactyl|[spread] p2a,p2b\n|-damage|p2a: Floette|74/100\n|-damage|p2b: Aerodactyl|0 fnt\n|faint|p2b: Aerodactyl\n|move|p2a: Floette|Moonblast|p1b: Archaludon\n|-damage|p1b: Archaludon|2/100\n|-ability|p1b: Archaludon|Stamina|boost\n|-boost|p1b: Archaludon|def|1\n|\n|-heal|p1b: Archaludon|8/100|[from] item: Leftovers\n|upkeep\n|inactive|Battle timer is ON: inactive players will automatically lose when time's up. (requested by Yurufuz)\n|\n|t:|1776382547\n|switch|p2b: Kingambit|Kingambit, L50, M|100/100\n|turn|5\n|\n|t:|1776382557\n|move|p1a: Alakazam|Protect|p1a: Alakazam\n|-singleturn|p1a: Alakazam|Protect\n|move|p1b: Archaludon|Protect|p1b: Archaludon\n|-singleturn|p1b: Archaludon|Protect\n|move|p2b: Kingambit|Sucker Punch||[still]\n|-fail|p2b: Kingambit\n|move|p2a: Floette|Dazzling Gleam|p1a: Alakazam|[spread] \n|-activate|p1a: Alakazam|move: Protect\n|-activate|p1b: Archaludon|move: Protect\n|\n|-heal|p1b: Archaludon|14/100|[from] item: Leftovers\n|upkeep\n|turn|6\n|c|\u2606Yurufuz|aww it would've been fun if you used zoroark\n|\n|t:|1776382571\n|move|p2b: Kingambit|Sucker Punch||[still]\n|-fail|p2b: Kingambit\n|move|p1a: Alakazam|Disable|p2a: Floette\n|-start|p2a: Floette|Disable|Dazzling Gleam\n|cant|p2a: Floette|Disable|Dazzling Gleam\n|move|p1b: Archaludon|Flash Cannon|p2a: Floette\n|-supereffective|p2a: Floette|1\n|-damage|p2a: Floette|24/100\n|\n|-heal|p1b: Archaludon|20/100|[from] item: Leftovers\n|upkeep\n|turn|7\n|\n|t:|1776382587\n|switch|p1a: Incineroar|Incineroar, L50, M|100/100\n|-ability|p1a: Incineroar|Intimidate|boost\n|-unboost|p2a: Floette|atk|1\n|-unboost|p2b: Kingambit|atk|1\n|-ability|p2b: Kingambit|Defiant|boost\n|-boost|p2b: Kingambit|atk|2\n|move|p1b: Archaludon|Protect|p1b: Archaludon\n|-singleturn|p1b: Archaludon|Protect\n|move|p2a: Floette|Moonblast|p1b: Archaludon\n|-activate|p1b: Archaludon|move: Protect\n|move|p2b: Kingambit|Kowtow Cleave|p1a: Incineroar\n|-resisted|p1a: Incineroar|1\n|-damage|p1a: Incineroar|63/100\n|\n|-heal|p1b: Archaludon|26/100|[from] item: Leftovers\n|upkeep\n|turn|8\n|c|\u2606techno active|Bad matchup for Zoro\n|inactive|techno active has 30 seconds left.\n|inactive|techno active has 20 seconds left.\n|inactive|techno active has 15 seconds left.\n|\n|t:|1776382629\n|move|p2a: Floette|Protect|p2a: Floette\n|-singleturn|p2a: Floette|Protect\n|move|p2b: Kingambit|Protect|p2b: Kingambit\n|-singleturn|p2b: Kingambit|Protect\n|move|p1b: Archaludon|Substitute|p1b: Archaludon\n|-start|p1b: Archaludon|Substitute\n|-damage|p1b: Archaludon|1/100\n|move|p1a: Incineroar|Close Combat|p2b: Kingambit\n|-activate|p2b: Kingambit|move: Protect\n|\n|-heal|p1b: Archaludon|7/100|[from] item: Leftovers\n|upkeep\n|turn|9\n|inactive|Yurufuz has 30 seconds left.\n|\n|t:|1776382658\n|switch|p2a: Sneasler|Sneasler, L50, F|100/100\n|move|p2b: Kingambit|Sucker Punch|p1a: Incineroar\n|-resisted|p1a: Incineroar|1\n|-damage|p1a: Incineroar|30/100\n|-enditem|p1a: Incineroar|Sitrus Berry|[eat]\n|-heal|p1a: Incineroar|55/100|[from] item: Sitrus Berry\n|move|p1b: Archaludon|Flash Cannon|p2a: Sneasler\n|-damage|p2a: Sneasler|52/100\n|move|p1a: Incineroar|Close Combat|p2b: Kingambit\n|-supereffective|p2b: Kingambit|2\n|-damage|p2b: Kingambit|0 fnt\n|-unboost|p1a: Incineroar|def|1\n|-unboost|p1a: Incineroar|spd|1\n|faint|p2b: Kingambit\n|\n|-heal|p1b: Archaludon|13/100|[from] item: Leftovers\n|upkeep\n|\n|t:|1776382663\n|switch|p2b: Floette|Floette-Mega, L50, F|24/100\n|-ability|p2b: Floette|Fairy Aura\n|turn|10\n|\n|t:|1776382681\n|move|p2a: Sneasler|Close Combat|p1b: Archaludon\n|-supereffective|p1b: Archaludon|1\n|-end|p1b: Archaludon|Substitute\n|-unboost|p2a: Sneasler|def|1\n|-unboost|p2a: Sneasler|spd|1\n|-enditem|p2a: Sneasler|White Herb\n|-clearnegativeboost|p2a: Sneasler|[silent]\n|move|p2b: Floette|Dazzling Gleam|p1a: Incineroar|[spread] p1a,p1b\n|-damage|p1a: Incineroar|0 fnt\n|-damage|p1b: Archaludon|0 fnt\n|faint|p1a: Incineroar\n|faint|p1b: Archaludon\n|\n|upkeep\n|\n|t:|1776382690\n|switch|p1b: Alakazam|Alakazam-Mega, L50, M|100/100\n|-ability|p1b: Alakazam|Unburden|Trace|[from] ability: Trace|[of] p2a: Sneasler\n|turn|11\n|\n|t:|1776382698\n|move|p1b: Alakazam|Protect|p1b: Alakazam\n|-singleturn|p1b: Alakazam|Protect\n|move|p2a: Sneasler|Dire Claw|p1b: Alakazam\n|-activate|p1b: Alakazam|move: Protect\n|move|p2b: Floette|Moonblast|p1b: Alakazam\n|-activate|p1b: Alakazam|move: Protect\n|\n|upkeep\n|turn|12\n|\n|t:|1776382722\n|move|p2a: Sneasler|Dire Claw|p1b: Alakazam\n|-damage|p1b: Alakazam|24/100\n|move|p1b: Alakazam|Psychic|p2a: Sneasler\n|-supereffective|p2a: Sneasler|2\n|-damage|p2a: Sneasler|0 fnt\n|faint|p2a: Sneasler\n|move|p2b: Floette|Moonblast|p1b: Alakazam\n|-damage|p1b: Alakazam|0 fnt\n|faint|p1b: Alakazam\n|\n|win|Yurufuz\n|raw|techno active's rating: 1110 &rarr; <strong>1083</strong><br />(-27 for losing)\n|raw|Yurufuz's rating: 1085 &rarr; <strong>1114</strong><br />(+29 for winning)\n",
  "uploadtime": 1776382728,
  "views": 15,
  "formatid": "gen9championsvgc2026regma",
  "rating": 1083,
  "private": 0,
  "password": null
}