{
  "id": "gen9championsvgc2026regma-2582163273",
  "format": "[Gen 9 Champions] VGC 2026 Reg M-A",
  "players": [
    "Dag291",
    "f4r4w4y"
  ],
  "log": "|j|\u203dDag291\n|j|\u2606f4r4w4y\n|t:|1776066070\n|gametype|doubles\n|player|p1|Dag291|2|1079\n|player|p2|f4r4w4y|102|1074\n|gen|9\n|tier|[Gen 9 Champions] VGC 2026 Reg M-A\n|rated|\n|rule|Species Clause: Limit one of each Pok\u00e9mon\n|rule|Item Clause: Limit 1 of each item\n|clearpoke\n|poke|p1|Whimsicott, L50, F|\n|poke|p1|Charizard, L50, F|\n|poke|p1|Garchomp, L50, M|\n|poke|p1|Sneasler, L50, M|\n|poke|p1|Farigiraf, L50, F|\n|poke|p1|Incineroar, L50, M|\n|poke|p2|Palafin, L50, F|\n|poke|p2|Pelipper, L50, M|\n|poke|p2|Sableye, L50, M|\n|poke|p2|Scizor, L50, M|\n|poke|p2|Dragonite, L50, F|\n|poke|p2|Raichu, L50, M|\n|teampreview|4\n|inactive|Battle timer is ON: inactive players will automatically lose when time's up. (requested by Dag291)\n|inactive|Dag291 has 60 seconds left.\n|inactive|f4r4w4y has 60 seconds left.\n|inactive|f4r4w4y has 30 seconds left.\n|\n|t:|1776066132\n|teamsize|p1|4\n|teamsize|p2|4\n|start\n|switch|p1a: Whimsicott|Whimsicott, L50, F|100/100\n|switch|p1b: Charizard|Charizard, L50, F|100/100\n|switch|p2a: Sableye|Sableye, L50, M|100/100\n|switch|p2b: Palafin|Palafin, L50, F|100/100\n|turn|1\n|\n|t:|1776066145\n|detailschange|p1b: Charizard|Charizard-Mega-Y, L50, F\n|-mega|p1b: Charizard|Charizard|Charizardite Y\n|-weather|SunnyDay|[from] ability: Drought|[of] p1b: Charizard\n|move|p2a: Sableye|Light Screen|p2a: Sableye\n|-sidestart|p2: f4r4w4y|move: Light Screen\n|move|p1a: Whimsicott|Moonblast|p2b: Palafin\n|-damage|p2b: Palafin|65/100\n|move|p2b: Palafin|Flip Turn|p1b: Charizard\n|-supereffective|p1b: Charizard|1\n|-damage|p1b: Charizard|66/100\n|\n|t:|1776066155\n|detailschange|p2b: Palafin|Palafin-Hero, L50, F\n|switch|p2b: Raichu|Raichu, L50, M|100/100|[from] Flip Turn\n|move|p1b: Charizard|Weather Ball|p2b: Raichu\n|-damage|p2b: Raichu|15/100\n|\n|-weather|SunnyDay|[upkeep]\n|upkeep\n|turn|2\n|inactive|f4r4w4y has 30 seconds left.\n|\n|t:|1776066187\n|switch|p1b: Farigiraf|Farigiraf, L50, F|100/100\n|move|p2a: Sableye|Encore||[still]\n|cant|p1b: Farigiraf|ability: Armor Tail|Encore|[of] p2a: Sableye\n|move|p1a: Whimsicott|Moonblast|p2b: Raichu\n|-damage|p2b: Raichu|0 fnt\n|faint|p2b: Raichu\n|\n|-weather|SunnyDay|[upkeep]\n|upkeep\n|\n|t:|1776066196\n|switch|p2b: Dragonite|Dragonite, L50, F|100/100\n|turn|3\n|\n|t:|1776066207\n|move|p1a: Whimsicott|Moonblast|p2b: Dragonite\n|-supereffective|p2b: Dragonite|1\n|-damage|p2b: Dragonite|79/100\n|move|p2b: Dragonite|Ice Spinner|p1a: Whimsicott\n|-supereffective|p1a: Whimsicott|1\n|-enditem|p1a: Whimsicott|Focus Sash\n|-damage|p1a: Whimsicott|1/100\n|move|p1b: Farigiraf|Dazzling Gleam|p2b: Dragonite|[spread] p2a,p2b\n|-supereffective|p2a: Sableye|1\n|-supereffective|p2b: Dragonite|1\n|-damage|p2a: Sableye|72/100\n|-damage|p2b: Dragonite|54/100\n|move|p2a: Sableye|Foul Play|p1b: Farigiraf\n|-supereffective|p1b: Farigiraf|1\n|-damage|p1b: Farigiraf|46/100\n|\n|-weather|SunnyDay|[upkeep]\n|-heal|p1b: Farigiraf|52/100|[from] item: Leftovers\n|upkeep\n|turn|4\n|\n|t:|1776066230\n|switch|p2b: Palafin|Palafin-Hero, L50, F|65/100\n|-activate|p2b: Palafin|ability: Zero to Hero\n|move|p1a: Whimsicott|Protect|p1a: Whimsicott\n|-singleturn|p1a: Whimsicott|Protect\n|move|p1b: Farigiraf|Dazzling Gleam|p2b: Palafin|[spread] p2a,p2b\n|-supereffective|p2a: Sableye|1\n|-damage|p2a: Sableye|41/100\n|-damage|p2b: Palafin|50/100\n|-enditem|p2a: Sableye|Sitrus Berry|[eat]\n|-heal|p2a: Sableye|66/100|[from] item: Sitrus Berry\n|move|p2a: Sableye|Foul Play|p1a: Whimsicott\n|-activate|p1a: Whimsicott|move: Protect\n|\n|-weather|SunnyDay|[upkeep]\n|-heal|p1b: Farigiraf|59/100|[from] item: Leftovers\n|upkeep\n|turn|5\n|-message|f4r4w4y forfeited.\n|\n|win|Dag291\n|raw|Dag291's rating: 1079 &rarr; <strong>1107</strong><br />(+28 for winning)\n|raw|f4r4w4y's rating: 1074 &rarr; <strong>1053</strong><br />(-21 for losing)\n|l|\u2606f4r4w4y\n|player|p2|\n",
  "uploadtime": 1776066244,
  "views": 11,
  "formatid": "gen9championsvgc2026regma",
  "rating": 1053,
  "private": 0,
  "password": null
}