{
  "id": "gen9championsvgc2026regma-2586893149",
  "format": "[Gen 9 Champions] VGC 2026 Reg M-A",
  "players": [
    "jeremiaselfrio",
    "joshferd"
  ],
  "log": "|j|\u2606jeremiaselfrio\n|j|\u2606joshferd\n|t:|1776469244\n|gametype|doubles\n|player|p1|jeremiaselfrio|102|1280\n|player|p2|joshferd|169|1235\n|gen|9\n|tier|[Gen 9 Champions] VGC 2026 Reg M-A\n|rated|\n|rule|Species Clause: Limit one of each Pok\u00e9mon\n|rule|Item Clause: Limit 1 of each item\n|clearpoke\n|poke|p1|Incineroar, L50, M|\n|poke|p1|Gengar, L50, F|\n|poke|p1|Sinistcha, L50|\n|poke|p1|Tyranitar, L50, M|\n|poke|p1|Kommo-o, L50, F|\n|poke|p1|Corviknight, L50, F|\n|poke|p2|Altaria, L50, M|\n|poke|p2|Arcanine-Hisui, L50, M|\n|poke|p2|Scizor, L50, M|\n|poke|p2|Milotic, L50, M|\n|poke|p2|Sinistcha, L50|\n|poke|p2|Raichu-Alola, L50, M|\n|teampreview|4\n|\n|t:|1776469292\n|teamsize|p1|4\n|teamsize|p2|4\n|start\n|switch|p1a: Gengar|Gengar, L50, F|100/100\n|switch|p1b: Corviknight|Corviknight, L50, F|100/100\n|switch|p2a: Milotic|Milotic, L50, M|100/100\n|switch|p2b: Arcanine|Arcanine-Hisui, L50, M|100/100\n|-ability|p2b: Arcanine|Intimidate|boost\n|-unboost|p1a: Gengar|atk|1\n|-ability|p1b: Corviknight|Mirror Armor\n|-unboost|p2b: Arcanine|atk|1\n|-enditem|p2b: Arcanine|White Herb\n|-clearnegativeboost|p2b: Arcanine|[silent]\n|turn|1\n|\n|t:|1776469324\n|switch|p2a: Altaria|Altaria, L50, M|100/100\n|-ability|p2a: Altaria|Cloud Nine\n|detailschange|p1a: Gengar|Gengar-Mega, L50, F\n|-mega|p1a: Gengar|Gengar|Gengarite\n|move|p1a: Gengar|Protect|p1a: Gengar\n|-singleturn|p1a: Gengar|Protect\n|move|p2b: Arcanine|Flare Blitz|p1b: Corviknight\n|-supereffective|p1b: Corviknight|1\n|-enditem|p1b: Corviknight|Occa Berry|[eat]\n|-enditem|p1b: Corviknight|Occa Berry|[weaken]\n|-damage|p1b: Corviknight|62/100\n|-damage|p2b: Arcanine|85/100|[from] Recoil\n|move|p1b: Corviknight|Body Press|p2b: Arcanine\n|-supereffective|p2b: Arcanine|1\n|-damage|p2b: Arcanine|21/100\n|\n|upkeep\n|turn|2\n|\n|t:|1776469350\n|switch|p1b: Incineroar|Incineroar, L50, M|100/100\n|-ability|p1b: Incineroar|Intimidate|boost\n|-unboost|p2a: Altaria|atk|1\n|-unboost|p2b: Arcanine|atk|1\n|move|p2b: Arcanine|Protect|p2b: Arcanine\n|-singleturn|p2b: Arcanine|Protect\n|move|p1a: Gengar|Shadow Ball|p2b: Arcanine\n|-activate|p2b: Arcanine|move: Protect\n|move|p2a: Altaria|Tailwind|p2a: Altaria\n|-sidestart|p2: joshferd|move: Tailwind\n|\n|upkeep\n|turn|3\n|\n|t:|1776469375\n|detailschange|p2a: Altaria|Altaria-Mega, L50, M\n|-mega|p2a: Altaria|Altaria|Altarianite\n|move|p1b: Incineroar|Fake Out|p2a: Altaria\n|-damage|p2a: Altaria|92/100\n|move|p2b: Arcanine|Rock Slide|p1b: Incineroar|[spread] p1a,p1b\n|-supereffective|p1b: Incineroar|1\n|-damage|p1a: Gengar|77/100\n|-damage|p1b: Incineroar|68/100\n|cant|p2a: Altaria|flinch\n|move|p1a: Gengar|Shadow Ball|p2b: Arcanine\n|-damage|p2b: Arcanine|0 fnt\n|faint|p2b: Arcanine\n|\n|upkeep\n|\n|t:|1776469383\n|switch|p2b: Milotic|Milotic, L50, M|100/100\n|turn|4\n|\n|t:|1776469433\n|switch|p1b: Sinistcha|Sinistcha, L50|100/100\n|-heal|p1a: Gengar|100/100|[from] ability: Hospitality|[of] p1b: Sinistcha\n|move|p1a: Gengar|Protect|p1a: Gengar\n|-singleturn|p1a: Gengar|Protect\n|move|p2b: Milotic|Dragon Cheer|p2a: Altaria\n|-start|p2a: Altaria|move: Dragon Cheer\n|move|p2a: Altaria|Draco Meteor|p1a: Gengar\n|-activate|p1a: Gengar|move: Protect\n|\n|upkeep\n|turn|5\n|\n|t:|1776469456\n|move|p1b: Sinistcha|Rage Powder|p1b: Sinistcha\n|-singleturn|p1b: Sinistcha|move: Rage Powder\n|move|p2b: Milotic|Ice Beam|p1b: Sinistcha\n|-supereffective|p1b: Sinistcha|1\n|-damage|p1b: Sinistcha|49/100\n|-enditem|p1b: Sinistcha|Sitrus Berry|[eat]\n|-heal|p1b: Sinistcha|73/100|[from] item: Sitrus Berry\n|move|p2a: Altaria|Draco Meteor|p1b: Sinistcha\n|-crit|p1b: Sinistcha\n|-damage|p1b: Sinistcha|0 fnt\n|-unboost|p2a: Altaria|spa|2\n|faint|p1b: Sinistcha\n|move|p1a: Gengar|Perish Song|p1a: Gengar\n|-start|p1a: Gengar|perish3|[silent]\n|-start|p2a: Altaria|perish3|[silent]\n|-start|p2b: Milotic|perish3|[silent]\n|-fieldactivate|move: Perish Song\n|\n|-start|p2b: Milotic|perish3\n|-start|p2a: Altaria|perish3\n|-start|p1a: Gengar|perish3\n|-sideend|p2: joshferd|move: Tailwind\n|upkeep\n|inactive|Battle timer is ON: inactive players will automatically lose when time's up. (requested by joshferd)\n|\n|t:|1776469515\n|switch|p1b: Incineroar|Incineroar, L50, M|68/100\n|-ability|p1b: Incineroar|Intimidate|boost\n|-unboost|p2a: Altaria|atk|1\n|-unboost|p2b: Milotic|atk|1\n|-ability|p2b: Milotic|Competitive|boost\n|-boost|p2b: Milotic|spa|2\n|turn|6\n|\n|t:|1776469521\n|move|p1b: Incineroar|Fake Out|p2a: Altaria\n|-damage|p2a: Altaria|83/100\n|move|p1a: Gengar|Substitute|p1a: Gengar\n|-start|p1a: Gengar|Substitute\n|-damage|p1a: Gengar|75/100\n|move|p2b: Milotic|Scald|p1b: Incineroar\n|-supereffective|p1b: Incineroar|1\n|-damage|p1b: Incineroar|0 fnt\n|faint|p1b: Incineroar\n|cant|p2a: Altaria|flinch\n|\n|-start|p1a: Gengar|perish2\n|-start|p2b: Milotic|perish2\n|-start|p2a: Altaria|perish2\n|upkeep\n|\n|t:|1776469527\n|switch|p1b: Corviknight|Corviknight, L50, F|62/100\n|turn|7\n|inactive|jeremiaselfrio has 30 seconds left.\n|inactive|jeremiaselfrio has 20 seconds left.\n|inactive|jeremiaselfrio has 15 seconds left.\n|inactive|jeremiaselfrio has 10 seconds left.\n|inactive|jeremiaselfrio has 5 seconds left.\n|\n|t:|1776469582\n|move|p1a: Gengar|Shadow Ball|p2a: Altaria\n|-damage|p2a: Altaria|43/100\n|move|p2b: Milotic|Scald|p1b: Corviknight\n|-damage|p1b: Corviknight|0 fnt\n|faint|p1b: Corviknight\n|move|p2a: Altaria|Draco Meteor|p1a: Gengar\n|-end|p1a: Gengar|Substitute\n|-unboost|p2a: Altaria|spa|2\n|\n|-start|p1a: Gengar|perish1\n|-start|p2b: Milotic|perish1\n|-start|p2a: Altaria|perish1\n|upkeep\n|turn|8\n|-message|jeremiaselfrio forfeited.\n|\n|win|joshferd\n|raw|jeremiaselfrio's rating: 1280 &rarr; <strong>1252</strong><br />(-28 for losing)\n|raw|joshferd's rating: 1235 &rarr; <strong>1263</strong><br />(+28 for winning)\n|l|\u2606jeremiaselfrio\n|player|p1|\n",
  "uploadtime": 1776469610,
  "views": 43,
  "formatid": "gen9championsvgc2026regma",
  "rating": 1252,
  "private": 0,
  "password": null
}