{
  "id": "gen9championsvgc2026regma-2582798045",
  "format": "[Gen 9 Champions] VGC 2026 Reg M-A",
  "players": [
    "kingantwan2021!!!!",
    "Snog2273"
  ],
  "log": "|j|\u2606kingantwan2021!!!!\n|j|\u2606Snog2273\n|t:|1776114916\n|gametype|doubles\n|player|p1|kingantwan2021!!!!|iris|1145\n|player|p2|Snog2273|scientist-gen4|1146\n|gen|9\n|tier|[Gen 9 Champions] VGC 2026 Reg M-A\n|rated|\n|rule|Species Clause: Limit one of each Pok\u00e9mon\n|rule|Item Clause: Limit 1 of each item\n|clearpoke\n|poke|p1|Floette-Eternal, L50, F|\n|poke|p1|Aerodactyl, L50, F|\n|poke|p1|Garchomp, L50, M|\n|poke|p1|Maushold, L50|\n|poke|p1|Incineroar, L50, F|\n|poke|p1|Sneasler, L50, M|\n|poke|p2|Heliolisk, L50, F|\n|poke|p2|Charizard, L50, F|\n|poke|p2|Garchomp, L50, M|\n|poke|p2|Vivillon, L50, F|\n|poke|p2|Aegislash, L50, M|\n|poke|p2|Sneasler, L50, M|\n|teampreview|4\n|inactive|Battle timer is ON: inactive players will automatically lose when time's up. (requested by Snog2273)\nSnog2273 has agreed to open team sheets.\n|inactive|kingantwan2021!!!! has 60 seconds left.\nkingantwan2021!!!! rejected open team sheets.\n|inactive|kingantwan2021!!!! has 30 seconds left.\n|inactive|kingantwan2021!!!! has 20 seconds left.\n|\n|t:|1776114987\n|teamsize|p1|4\n|teamsize|p2|4\n|start\n|switch|p1a: Aerodactyl|Aerodactyl, L50, F|100/100\n|switch|p1b: Sneasler|Sneasler, L50, M|100/100\n|switch|p2a: Vivillon|Vivillon, L50, F|100/100\n|switch|p2b: Aegislash|Aegislash, L50, M|100/100\n|-ability|p1a: Aerodactyl|Unnerve\n|turn|1\n|inactive|Snog2273 has 30 seconds left.\n|inactive|Snog2273 has 20 seconds left.\n|\n|t:|1776115024\n|move|p2a: Vivillon|Protect|p2a: Vivillon\n|-singleturn|p2a: Vivillon|Protect\n|move|p1a: Aerodactyl|Dual Wingbeat|p2a: Vivillon\n|-activate|p2a: Vivillon|move: Protect\n|move|p1b: Sneasler|Rock Tomb|p2b: Aegislash\n|-resisted|p2b: Aegislash|1\n|-damage|p2b: Aegislash|92/100\n|-unboost|p2b: Aegislash|spe|1\n|-formechange|p2b: Aegislash|Aegislash-Blade|\n|move|p2b: Aegislash|Flash Cannon|p1b: Sneasler\n|-damage|p1b: Sneasler|35/100\n|\n|-heal|p2b: Aegislash|98/100|[from] item: Leftovers\n|upkeep\n|turn|2\n|\n|t:|1776115044\n|switch|p1b: Maushold|Maushold, L50|100/100\n|switch|p2a: Garchomp|Garchomp, L50, M|100/100\n|-formechange|p2b: Aegislash|Aegislash|\n|move|p2b: Aegislash|King's Shield|p2b: Aegislash\n|-singleturn|p2b: Aegislash|Protect\n|move|p1a: Aerodactyl|Rock Slide|p2a: Garchomp|[spread] p2a\n|-activate|p2b: Aegislash|move: Protect\n|-resisted|p2a: Garchomp|1\n|-damage|p2a: Garchomp|89/100\n|\n|-heal|p2b: Aegislash|100/100|[from] item: Leftovers\n|upkeep\n|turn|3\n|inactive|kingantwan2021!!!! has 30 seconds left.\n|inactive|Snog2273 has 30 seconds left.\n|inactive|kingantwan2021!!!! has 20 seconds left.\n|inactive|Snog2273 has 20 seconds left.\n|inactive|Snog2273 has 15 seconds left.\n|inactive|Snog2273 has 10 seconds left.\n|\n|t:|1776115093\n|move|p2a: Garchomp|Protect|p2a: Garchomp\n|-singleturn|p2a: Garchomp|Protect\n|move|p1a: Aerodactyl|Tailwind|p1a: Aerodactyl\n|-sidestart|p1: kingantwan2021!!!!|move: Tailwind\n|move|p1b: Maushold|Super Fang|p2a: Garchomp\n|-activate|p2a: Garchomp|move: Protect\n|-formechange|p2b: Aegislash|Aegislash-Blade|\n|move|p2b: Aegislash|Flash Cannon|p1a: Aerodactyl\n|-supereffective|p1a: Aerodactyl|1\n|-enditem|p1a: Aerodactyl|Focus Sash\n|-damage|p1a: Aerodactyl|1/100\n|\n|upkeep\n|turn|4\n|inactive|Snog2273 has 30 seconds left.\n|\n|t:|1776115119\n|move|p1b: Maushold|Helping Hand|p1a: Aerodactyl\n|-singleturn|p1a: Aerodactyl|Helping Hand|[of] p1b: Maushold\n|move|p1a: Aerodactyl|Rock Slide|p2a: Garchomp|[spread] p2a,p2b\n|-resisted|p2a: Garchomp|1\n|-resisted|p2b: Aegislash|1\n|-damage|p2a: Garchomp|69/100\n|-damage|p2b: Aegislash|66/100\n|cant|p2a: Garchomp|flinch\n|move|p2b: Aegislash|Flash Cannon|p1b: Maushold\n|-damage|p1b: Maushold|44/100\n|\n|-heal|p1b: Maushold|50/100|[from] item: Leftovers\n|-heal|p2b: Aegislash|72/100|[from] item: Leftovers\n|upkeep\n|turn|5\n|\n|t:|1776115136\n|switch|p1b: Sneasler|Sneasler, L50, M|35/100\n|move|p2a: Garchomp|Protect|p2a: Garchomp\n|-singleturn|p2a: Garchomp|Protect\n|-formechange|p2b: Aegislash|Aegislash|\n|move|p2b: Aegislash|King's Shield|p2b: Aegislash\n|-singleturn|p2b: Aegislash|Protect\n|move|p1a: Aerodactyl|Rock Slide|p2b: Aegislash|[spread] \n|-activate|p2a: Garchomp|move: Protect\n|-activate|p2b: Aegislash|move: Protect\n|\n|-heal|p2b: Aegislash|78/100|[from] item: Leftovers\n|upkeep\n|turn|6\n|\n|t:|1776115159\n|move|p1a: Aerodactyl|Protect|p1a: Aerodactyl\n|-singleturn|p1a: Aerodactyl|Protect\n|move|p1b: Sneasler|Fake Out|p2a: Garchomp\n|-damage|p2a: Garchomp|55/100\n|-damage|p1b: Sneasler|23/100|[from] ability: Rough Skin|[of] p2a: Garchomp\n|move|p2b: Aegislash|Wide Guard|p2b: Aegislash\n|-singleturn|p2b: Aegislash|Wide Guard\n|cant|p2a: Garchomp|flinch\n|\n|-heal|p2b: Aegislash|84/100|[from] item: Leftovers\n|-sideend|p1: kingantwan2021!!!!|move: Tailwind\n|upkeep\n|turn|7\n|\n|t:|1776115176\n|move|p2a: Garchomp|Protect|p2a: Garchomp\n|-singleturn|p2a: Garchomp|Protect\n|move|p1a: Aerodactyl|Tailwind|p1a: Aerodactyl\n|-sidestart|p1: kingantwan2021!!!!|move: Tailwind\n|move|p1b: Sneasler|Dire Claw|p2a: Garchomp\n|-activate|p2a: Garchomp|move: Protect\n|-formechange|p2b: Aegislash|Aegislash-Blade|\n|move|p2b: Aegislash|Flash Cannon|p1b: Sneasler\n|-damage|p1b: Sneasler|0 fnt\n|faint|p1b: Sneasler\n|\n|-heal|p2b: Aegislash|90/100|[from] item: Leftovers\n|upkeep\n|\n|t:|1776115189\n|switch|p1b: Floette|Floette-Eternal, L50, F|100/100\n|turn|8\n|inactive|Snog2273 has 30 seconds left.\n|\n|t:|1776115214\n|switch|p2a: Vivillon|Vivillon, L50, F|100/100\n|detailschange|p1b: Floette|Floette-Mega, L50, F\n|-mega|p1b: Floette|Floette|Floettite\n|-ability|p1b: Floette|Fairy Aura\n|move|p1b: Floette|Protect|p1b: Floette\n|-singleturn|p1b: Floette|Protect\n|-formechange|p2b: Aegislash|Aegislash|\n|move|p2b: Aegislash|King's Shield|p2b: Aegislash\n|-singleturn|p2b: Aegislash|Protect\n|move|p1a: Aerodactyl|Rock Slide|p2a: Vivillon|[spread] p2a\n|-activate|p2b: Aegislash|move: Protect\n|-supereffective|p2a: Vivillon|2\n|-enditem|p2a: Vivillon|Focus Sash\n|-damage|p2a: Vivillon|1/100\n|\n|-heal|p2b: Aegislash|96/100|[from] item: Leftovers\n|upkeep\n|turn|9\n|inactive|Snog2273 has 30 seconds left.\n|\n|t:|1776115240\n|move|p2a: Vivillon|Protect|p2a: Vivillon\n|-singleturn|p2a: Vivillon|Protect\n|move|p1a: Aerodactyl|Rock Slide|p2a: Vivillon|[spread] p2b\n|-activate|p2a: Vivillon|move: Protect\n|-resisted|p2b: Aegislash|1\n|-damage|p2b: Aegislash|85/100\n|move|p1b: Floette|Calm Mind|p1b: Floette\n|-boost|p1b: Floette|spa|1\n|-boost|p1b: Floette|spd|1\n|-formechange|p2b: Aegislash|Aegislash-Blade|\n|move|p2b: Aegislash|Flash Cannon|p1b: Floette\n|-supereffective|p1b: Floette|1\n|-damage|p1b: Floette|57/100\n|\n|-heal|p2b: Aegislash|91/100|[from] item: Leftovers\n|upkeep\n|turn|10\n|inactive|Snog2273 has 30 seconds left.\n|\n|t:|1776115266\n|move|p1a: Aerodactyl|Protect|p1a: Aerodactyl\n|-singleturn|p1a: Aerodactyl|Protect\n|move|p1b: Floette|Protect|p1b: Floette\n|-singleturn|p1b: Floette|Protect\n|move|p2b: Aegislash|Wide Guard|p2b: Aegislash\n|-singleturn|p2b: Aegislash|Wide Guard\n|move|p2a: Vivillon|Sleep Powder|p1b: Floette\n|-activate|p1b: Floette|move: Protect\n|\n|-heal|p2b: Aegislash|97/100|[from] item: Leftovers\n|-sideend|p1: kingantwan2021!!!!|move: Tailwind\n|upkeep\n|turn|11\n|\n|t:|1776115288\n|move|p2b: Aegislash|Wide Guard|p2b: Aegislash\n|-singleturn|p2b: Aegislash|Wide Guard\n|move|p1a: Aerodactyl|Tailwind|p1a: Aerodactyl\n|-sidestart|p1: kingantwan2021!!!!|move: Tailwind\n|move|p1b: Floette|Dazzling Gleam|p2b: Aegislash|[spread] \n|-activate|p2a: Vivillon|move: Wide Guard\n|-activate|p2b: Aegislash|move: Wide Guard\n|move|p2a: Vivillon|Sleep Powder|p1b: Floette\n|-status|p1b: Floette|slp|[from] move: Sleep Powder\n|\n|-heal|p2b: Aegislash|100/100|[from] item: Leftovers\n|upkeep\n|turn|12\n|\n|t:|1776115312\n|switch|p2a: Garchomp|Garchomp, L50, M|55/100\n|cant|p1b: Floette|slp\n|move|p1a: Aerodactyl|Rock Slide|p2a: Garchomp|[spread] p2a\n|-miss|p1a: Aerodactyl|p2b: Aegislash\n|-resisted|p2a: Garchomp|1\n|-damage|p2a: Garchomp|43/100\n|move|p2b: Aegislash|Flash Cannon|p1b: Floette\n|-supereffective|p1b: Floette|1\n|-damage|p1b: Floette|8/100 slp\n|\n|upkeep\n|turn|13\n|\n|t:|1776115329\n|cant|p1b: Floette|slp\n|move|p2a: Garchomp|Protect|p2a: Garchomp\n|-singleturn|p2a: Garchomp|Protect\n|move|p1a: Aerodactyl|Rock Slide|p2a: Garchomp|[spread] p2b\n|-activate|p2a: Garchomp|move: Protect\n|-resisted|p2b: Aegislash|1\n|-damage|p2b: Aegislash|79/100\n|cant|p2b: Aegislash|flinch\n|\n|-heal|p2b: Aegislash|85/100|[from] item: Leftovers\n|upkeep\n|turn|14\n|\n|t:|1776115356\n|switch|p2a: Vivillon|Vivillon, L50, F|1/100\n|-curestatus|p1b: Floette|slp|[msg]\n|move|p1b: Floette|Protect|p1b: Floette\n|-singleturn|p1b: Floette|Protect\n|-formechange|p2b: Aegislash|Aegislash|\n|move|p2b: Aegislash|King's Shield|p2b: Aegislash\n|-singleturn|p2b: Aegislash|Protect\n|move|p1a: Aerodactyl|Tailwind||[still]\n|-fail|p1a: Aerodactyl\n|\n|-heal|p2b: Aegislash|91/100|[from] item: Leftovers\n|-sideend|p1: kingantwan2021!!!!|move: Tailwind\n|upkeep\n|turn|15\n|\n|t:|1776115381\n|move|p1a: Aerodactyl|Tailwind|p1a: Aerodactyl\n|-sidestart|p1: kingantwan2021!!!!|move: Tailwind\n|move|p1b: Floette|Dazzling Gleam|p2b: Aegislash|[spread] p2a,p2b\n|-resisted|p2b: Aegislash|1\n|-damage|p2a: Vivillon|0 fnt\n|-damage|p2b: Aegislash|58/100\n|faint|p2a: Vivillon\n|-formechange|p2b: Aegislash|Aegislash-Blade|\n|move|p2b: Aegislash|Flash Cannon|p1b: Floette\n|-supereffective|p1b: Floette|1\n|-damage|p1b: Floette|0 fnt\n|faint|p1b: Floette\n|\n|-heal|p2b: Aegislash|64/100|[from] item: Leftovers\n|upkeep\n|\n|t:|1776115392\n|switch|p2a: Sneasler|Sneasler, L50, M|100/100\n|switch|p1b: Maushold|Maushold, L50|50/100\n|turn|16\n|-message|kingantwan2021!!!! forfeited.\n|\n|win|Snog2273\n|raw|kingantwan2021!!!!'s rating: 1145 &rarr; <strong>1120</strong><br />(-25 for losing)\n|raw|Snog2273's rating: 1146 &rarr; <strong>1171</strong><br />(+25 for winning)\n|l|\u2606kingantwan2021!!!!\n|player|p1|\n",
  "uploadtime": 1776115401,
  "views": 29,
  "formatid": "gen9championsvgc2026regma",
  "rating": 1120,
  "private": 0,
  "password": null
}