{
  "id": "gen9championsvgc2026regma-2584425849",
  "format": "[Gen 9 Champions] VGC 2026 Reg M-A",
  "players": [
    "callmehavoc",
    "Athlune"
  ],
  "log": "|j|\u2606callmehavoc\n|j|\u2606Athlune\n|t:|1776260013\n|gametype|doubles\n|player|p1|callmehavoc|bugcatcher-gen4dp|1075\n|player|p2|Athlune|pokemonrangerf-gen6|1114\n|gen|9\n|tier|[Gen 9 Champions] VGC 2026 Reg M-A\n|rated|\n|rule|Species Clause: Limit one of each Pok\u00e9mon\n|rule|Item Clause: Limit 1 of each item\n|clearpoke\n|poke|p1|Gardevoir, L50, M|\n|poke|p1|Dragapult, L50, M|\n|poke|p1|Pidgeot, L50, F|\n|poke|p1|Farigiraf, L50, F|\n|poke|p1|Incineroar, L50, M|\n|poke|p1|Archaludon, L50, M|\n|poke|p2|Glimmora, L50, M|\n|poke|p2|Whimsicott, L50, M|\n|poke|p2|Tyranitar, L50, M|\n|poke|p2|Excadrill, L50, M|\n|poke|p2|Garchomp, L50, F|\n|poke|p2|Clefable, L50, M|\n|teampreview|4\n|\n|t:|1776260066\n|teamsize|p1|4\n|teamsize|p2|4\n|start\n|switch|p1a: Farigiraf|Farigiraf, L50, F|100/100\n|switch|p1b: Incineroar|Incineroar, L50, M|100/100\n|switch|p2a: Whimsicott|Whimsicott, L50, M, shiny|100/100\n|switch|p2b: Glimmora|Glimmora, L50, M, shiny|100/100\n|-ability|p1b: Incineroar|Intimidate|boost\n|-unboost|p2a: Whimsicott|atk|1\n|-unboost|p2b: Glimmora|atk|1\n|turn|1\n|\n|t:|1776260094\n|detailschange|p2b: Glimmora|Glimmora-Mega, L50, M, shiny\n|-mega|p2b: Glimmora|Glimmora|Glimmoranite\n|move|p2a: Whimsicott|Helping Hand|p2b: Glimmora\n|-singleturn|p2b: Glimmora|Helping Hand|[of] p2a: Whimsicott\n|move|p2b: Glimmora|Power Gem|p1b: Incineroar\n|-supereffective|p1b: Incineroar|1\n|-damage|p1b: Incineroar|0 fnt\n|faint|p1b: Incineroar\n|move|p1a: Farigiraf|Trick Room|p1a: Farigiraf\n|-fieldstart|move: Trick Room|[of] p1a: Farigiraf\n|\n|upkeep\n|\n|t:|1776260124\n|switch|p1b: Archaludon|Archaludon, L50, M|100/100\n|turn|2\n|\n|t:|1776260146\n|move|p2b: Glimmora|Protect|p2b: Glimmora\n|-singleturn|p2b: Glimmora|Protect\n|move|p2a: Whimsicott|Encore|p1a: Farigiraf\n|-start|p1a: Farigiraf|Encore\n|-enditem|p1a: Farigiraf|Mental Herb\n|-end|p1a: Farigiraf|Encore\n|move|p1a: Farigiraf|Shadow Ball|p2a: Whimsicott\n|-damage|p2a: Whimsicott|75/100\n|move|p1b: Archaludon|Flash Cannon|p2b: Glimmora\n|-activate|p2b: Glimmora|move: Protect\n|\n|upkeep\n|turn|3\n|\n|t:|1776260171\n|switch|p2b: Tyranitar|Tyranitar, L50, M|100/100\n|-weather|Sandstorm|[from] ability: Sand Stream|[of] p2b: Tyranitar\n|move|p2a: Whimsicott|Protect|p2a: Whimsicott\n|-singleturn|p2a: Whimsicott|Protect\n|move|p1a: Farigiraf|Shadow Ball|p2a: Whimsicott\n|-activate|p2a: Whimsicott|move: Protect\n|move|p1b: Archaludon|Flash Cannon|p2b: Tyranitar\n|-supereffective|p2b: Tyranitar|1\n|-damage|p2b: Tyranitar|54/100\n|\n|-weather|Sandstorm|[upkeep]\n|-damage|p1a: Farigiraf|94/100|[from] Sandstorm\n|-damage|p2a: Whimsicott|69/100|[from] Sandstorm\n|upkeep\n|turn|4\n|\n|t:|1776260199\n|move|p2a: Whimsicott|Helping Hand|p2b: Tyranitar\n|-singleturn|p2b: Tyranitar|Helping Hand|[of] p2a: Whimsicott\n|move|p2b: Tyranitar|Knock Off|p1a: Farigiraf\n|-supereffective|p1a: Farigiraf|1\n|-damage|p1a: Farigiraf|18/100\n|move|p1a: Farigiraf|Shadow Ball|p2a: Whimsicott\n|-damage|p2a: Whimsicott|44/100\n|move|p1b: Archaludon|Aura Sphere|p2b: Tyranitar\n|-supereffective|p2b: Tyranitar|2\n|-damage|p2b: Tyranitar|0 fnt\n|faint|p2b: Tyranitar\n|\n|-weather|Sandstorm|[upkeep]\n|-damage|p1a: Farigiraf|12/100|[from] Sandstorm\n|-damage|p2a: Whimsicott|38/100|[from] Sandstorm\n|upkeep\n|\n|t:|1776260216\n|switch|p2b: Glimmora|Glimmora-Mega, L50, M, shiny|100/100\n|turn|5\n|\n|t:|1776260255\n|move|p2b: Glimmora|Protect|p2b: Glimmora\n|-singleturn|p2b: Glimmora|Protect\n|move|p2a: Whimsicott|Tailwind|p2a: Whimsicott\n|-sidestart|p2: Athlune|move: Tailwind\n|move|p1b: Archaludon|Flash Cannon|p2b: Glimmora\n|-activate|p2b: Glimmora|move: Protect\n|move|p1a: Farigiraf|Roar|p2a: Whimsicott\n|drag|p2a: Excadrill|Excadrill, L50, M, shiny|100/100\n|\n|-weather|Sandstorm|[upkeep]\n|-damage|p1a: Farigiraf|5/100|[from] Sandstorm\n|-fieldend|move: Trick Room\n|upkeep\n|turn|6\n|\n|t:|1776260299\n|move|p2a: Excadrill|Drill Run|p1b: Archaludon|[miss]\n|-miss|p2a: Excadrill|p1b: Archaludon\n|move|p2b: Glimmora|Power Gem|p1a: Farigiraf\n|-damage|p1a: Farigiraf|0 fnt\n|faint|p1a: Farigiraf\n|move|p1b: Archaludon|Flash Cannon|p2b: Glimmora\n|-supereffective|p2b: Glimmora|1\n|-damage|p2b: Glimmora|42/100\n|\n|-weather|Sandstorm|[upkeep]\n|upkeep\n|\n|t:|1776260308\n|switch|p1a: Gardevoir|Gardevoir, L50, M|100/100\n|turn|7\n|\n|t:|1776260329\n|detailschange|p1a: Gardevoir|Gardevoir-Mega, L50, M\n|-mega|p1a: Gardevoir|Gardevoir|Gardevoirite\n|move|p2a: Excadrill|Drill Run|p1b: Archaludon\n|-supereffective|p1b: Archaludon|1\n|-damage|p1b: Archaludon|9/100\n|move|p2b: Glimmora|Sludge Wave|p1b: Archaludon|[spread] p1a\n|-immune|p2a: Excadrill\n|-immune|p1b: Archaludon\n|-supereffective|p1a: Gardevoir|1\n|-damage|p1a: Gardevoir|4/100\n|move|p1a: Gardevoir|Psychic|p2b: Glimmora\n|-supereffective|p2b: Glimmora|1\n|-damage|p2b: Glimmora|0 fnt\n|faint|p2b: Glimmora\n|move|p1b: Archaludon|Aura Sphere|p2a: Excadrill\n|-supereffective|p2a: Excadrill|1\n|-damage|p2a: Excadrill|29/100\n|\n|-weather|none\n|-heal|p1b: Archaludon|15/100|[from] item: Leftovers\n|upkeep\n|\n|t:|1776260339\n|switch|p2b: Whimsicott|Whimsicott, L50, M, shiny|38/100\n|turn|8\n|\n|t:|1776260403\n|move|p2b: Whimsicott|Protect|p2b: Whimsicott\n|-singleturn|p2b: Whimsicott|Protect\n|move|p1a: Gardevoir|Protect|p1a: Gardevoir\n|-singleturn|p1a: Gardevoir|Protect\n|move|p2a: Excadrill|Drill Run|p1b: Archaludon\n|-supereffective|p1b: Archaludon|1\n|-damage|p1b: Archaludon|0 fnt\n|faint|p1b: Archaludon\n|\n|-sideend|p2: Athlune|move: Tailwind\n|upkeep\n|turn|9\n|\n|t:|1776260417\n|move|p2b: Whimsicott|Tailwind|p2b: Whimsicott\n|-sidestart|p2: Athlune|move: Tailwind\n|move|p2a: Excadrill|Drill Run|p1a: Gardevoir\n|-crit|p1a: Gardevoir\n|-damage|p1a: Gardevoir|0 fnt\n|faint|p1a: Gardevoir\n|\n|win|Athlune\n|raw|callmehavoc's rating: 1075 &rarr; <strong>1056</strong><br />(-19 for losing)\n|raw|Athlune's rating: 1114 &rarr; <strong>1136</strong><br />(+22 for winning)\n",
  "uploadtime": 1776260417,
  "views": 20,
  "formatid": "gen9championsvgc2026regma",
  "rating": 1056,
  "private": 0,
  "password": null
}