{
  "id": "gen9championsvgc2026regma-2582757232",
  "format": "[Gen 9 Champions] VGC 2026 Reg M-A",
  "players": [
    "brazzers777",
    "ogerdogi"
  ],
  "log": "|j|\u2606brazzers777\n|j|\u2606ogerdogi\n|t:|1776111975\n|gametype|doubles\n|player|p1|brazzers777|265|1178\n|player|p2|ogerdogi|red|1201\n|gen|9\n|tier|[Gen 9 Champions] VGC 2026 Reg M-A\n|rated|\n|rule|Species Clause: Limit one of each Pok\u00e9mon\n|rule|Item Clause: Limit 1 of each item\n|clearpoke\n|poke|p1|Meowscarada, L50, F|\n|poke|p1|Kangaskhan, L50, F|\n|poke|p1|Aegislash, L50, M|\n|poke|p1|Tauros-Paldea-Blaze, L50, M|\n|poke|p1|Aerodactyl, L50, F|\n|poke|p1|Milotic, L50, M|\n|poke|p2|Feraligatr, L50, M|\n|poke|p2|Archaludon, L50, M|\n|poke|p2|Pelipper, L50, F|\n|poke|p2|Excadrill, L50, M|\n|poke|p2|Morpeko, L50, F|\n|poke|p2|Sinistcha-Masterpiece, L50|\n|teampreview|4\n|inactive|Battle timer is ON: inactive players will automatically lose when time's up. (requested by brazzers777)\n|c|\u2606ogerdogi|OMG FLOWER TRICK TO GET TO PLUS SIX\n|inactive|brazzers777 has 60 seconds left.\n|inactive|ogerdogi has 60 seconds left.\n|c|\u2606ogerdogi|SO COOL\n|\n|t:|1776112034\n|teamsize|p1|4\n|teamsize|p2|4\n|start\n|switch|p1a: Kangaskhan|Kangaskhan, L50, F|100/100\n|switch|p1b: Tauros|Tauros-Paldea-Blaze, L50, M|100/100\n|switch|p2a: Pelipper|Pelipper, L50, F|100/100\n|switch|p2b: Morpeko|Morpeko, L50, F|100/100\n|-ability|p1b: Tauros|Intimidate|boost\n|-unboost|p2a: Pelipper|atk|1\n|-unboost|p2b: Morpeko|atk|1\n|-weather|RainDance|[from] ability: Drizzle|[of] p2a: Pelipper\n|turn|1\n|inactive|brazzers777 has 30 seconds left.\n|inactive|ogerdogi has 30 seconds left.\n|inactive|ogerdogi has 20 seconds left.\n|\n|t:|1776112069\n|detailschange|p1a: Kangaskhan|Kangaskhan-Mega, L50, F\n|-mega|p1a: Kangaskhan|Kangaskhan|Kangaskhanite\n|move|p1a: Kangaskhan|Fake Out|p2a: Pelipper\n|-damage|p2a: Pelipper|80/100\n|-damage|p2a: Pelipper|76/100\n|-hitcount|p2a: Pelipper|2\n|move|p2b: Morpeko|Fake Out|p1b: Tauros\n|-damage|p1b: Tauros|94/100\n|cant|p1b: Tauros|flinch\n|cant|p2a: Pelipper|flinch\n|\n|-weather|RainDance|[upkeep]\n|-formechange|p2b: Morpeko|Morpeko-Hangry|\n|upkeep\n|turn|2\n|inactive|ogerdogi has 30 seconds left.\n|\n|t:|1776112094\n|switch|p2b: Sinistcha|Sinistcha-Masterpiece, L50|100/100\n|-heal|p2a: Pelipper|100/100|[from] ability: Hospitality|[of] p2b: Sinistcha\n|move|p1a: Kangaskhan|Body Slam|p2a: Pelipper\n|-damage|p2a: Pelipper|59/100\n|-damage|p2a: Pelipper|50/100\n|-hitcount|p2a: Pelipper|2\n|move|p1b: Tauros|Body Press|p2b: Sinistcha\n|-immune|p2b: Sinistcha\n|move|p2a: Pelipper|Tailwind|p2a: Pelipper\n|-sidestart|p2: ogerdogi|move: Tailwind\n|\n|-weather|RainDance|[upkeep]\n|upkeep\n|turn|3\n|inactive|ogerdogi has 30 seconds left.\n|inactive|ogerdogi has 20 seconds left.\n|inactive|ogerdogi has 15 seconds left.\n|\n|t:|1776112135\n|move|p1b: Tauros|Protect|p1b: Tauros\n|-singleturn|p1b: Tauros|Protect\n|move|p2b: Sinistcha|Rage Powder|p2b: Sinistcha\n|-singleturn|p2b: Sinistcha|move: Rage Powder\n|move|p2a: Pelipper|Weather Ball|p1b: Tauros\n|-activate|p1b: Tauros|move: Protect\n|move|p1a: Kangaskhan|Bite|p2b: Sinistcha\n|-supereffective|p2b: Sinistcha|1\n|-damage|p2b: Sinistcha|68/100\n|-supereffective|p2b: Sinistcha|1\n|-damage|p2b: Sinistcha|61/100\n|-hitcount|p2b: Sinistcha|2\n|\n|-weather|RainDance|[upkeep]\n|upkeep\n|turn|4\n|inactive|ogerdogi has 30 seconds left.\n|\n|t:|1776112163\n|switch|p1b: Aegislash|Aegislash, L50, M|100/100\n|move|p2b: Sinistcha|Protect|p2b: Sinistcha\n|-singleturn|p2b: Sinistcha|Protect\n|move|p2a: Pelipper|Weather Ball|p1b: Aegislash\n|-damage|p1b: Aegislash|60/100\n|move|p1a: Kangaskhan|Bite|p2b: Sinistcha\n|-activate|p2b: Sinistcha|move: Protect\n|\n|-weather|RainDance|[upkeep]\n|upkeep\n|turn|5\n|-activate|p2a: Pelipper|item: Quick Claw\n|\n|t:|1776112183\n|move|p2a: Pelipper|Protect|p2a: Pelipper\n|-singleturn|p2a: Pelipper|Protect\n|move|p2b: Sinistcha|Shadow Ball|p1b: Aegislash\n|-supereffective|p1b: Aegislash|1\n|-damage|p1b: Aegislash|9/100\n|move|p1a: Kangaskhan|Body Slam|p2a: Pelipper\n|-activate|p2a: Pelipper|move: Protect\n|-formechange|p1b: Aegislash|Aegislash-Blade|\n|move|p1b: Aegislash|Shadow Ball|p2b: Sinistcha\n|-supereffective|p2b: Sinistcha|1\n|-damage|p2b: Sinistcha|0 fnt\n|faint|p2b: Sinistcha\n|\n|-weather|none\n|-sideend|p2: ogerdogi|move: Tailwind\n|upkeep\n|\n|t:|1776112200\n|switch|p2b: Morpeko|Morpeko, L50, F|100/100\n|turn|6\n|\n|t:|1776112209\n|move|p2b: Morpeko|Fake Out|p1a: Kangaskhan\n|-damage|p1a: Kangaskhan|89/100\n|cant|p1a: Kangaskhan|flinch\n|move|p2a: Pelipper|Tailwind|p2a: Pelipper\n|-sidestart|p2: ogerdogi|move: Tailwind\n|move|p1b: Aegislash|Shadow Ball|p2a: Pelipper\n|-damage|p2a: Pelipper|0 fnt\n|faint|p2a: Pelipper\n|\n|-formechange|p2b: Morpeko|Morpeko-Hangry|\n|upkeep\n|\n|t:|1776112222\n|switch|p2a: Feraligatr|Feraligatr, L50, M|100/100\n|turn|7\n|\n|t:|1776112245\n|detailschange|p2a: Feraligatr|Feraligatr-Mega, L50, M\n|-mega|p2a: Feraligatr|Feraligatr|Feraligite\n|move|p1a: Kangaskhan|Protect|p1a: Kangaskhan\n|-singleturn|p1a: Kangaskhan|Protect\n|-formechange|p1b: Aegislash|Aegislash|\n|move|p1b: Aegislash|King's Shield|p1b: Aegislash\n|-singleturn|p1b: Aegislash|Protect\n|move|p2b: Morpeko|Aura Wheel|p1b: Aegislash\n|-activate|p1b: Aegislash|move: Protect\n|move|p2a: Feraligatr|Body Slam|p1a: Kangaskhan\n|-activate|p1a: Kangaskhan|move: Protect\n|\n|-formechange|p2b: Morpeko|Morpeko|\n|upkeep\n|turn|8\n|inactive|ogerdogi has 30 seconds left.\n|\n|t:|1776112279\n|switch|p1b: Tauros|Tauros-Paldea-Blaze, L50, M|94/100\n|-ability|p1b: Tauros|Intimidate|boost\n|-unboost|p2a: Feraligatr|atk|1\n|-unboost|p2b: Morpeko|atk|1\n|move|p2b: Morpeko|Aura Wheel|p1b: Tauros\n|-crit|p1b: Tauros\n|-damage|p1b: Tauros|44/100\n|-boost|p2b: Morpeko|spe|1\n|-enditem|p1b: Tauros|Sitrus Berry|[eat]\n|-heal|p1b: Tauros|69/100|[from] item: Sitrus Berry\n|move|p2a: Feraligatr|Body Slam|p1a: Kangaskhan\n|-damage|p1a: Kangaskhan|52/100\n|move|p1a: Kangaskhan|Body Slam|p2b: Morpeko\n|-damage|p2b: Morpeko|8/100\n|-damage|p2b: Morpeko|0 fnt\n|faint|p2b: Morpeko\n|-hitcount|p2: Morpeko|2\n|\n|upkeep\n|turn|9\n|inactive|brazzers777 has 30 seconds left.\n|inactive|ogerdogi has 30 seconds left.\n|l|\u2606ogerdogi\n|inactive|ogerdogi disconnected and has a minute to reconnect!\n|player|p2|\n|inactive|ogerdogi has 20 seconds left.\n|inactive|ogerdogi has 15 seconds left.\n|inactive|ogerdogi has 10 seconds left.\n|inactive|ogerdogi has 5 seconds left.\n|-message|ogerdogi lost due to inactivity.\n|\n|win|brazzers777\n|raw|brazzers777's rating: 1178 &rarr; <strong>1205</strong><br />(+27 for winning)\n|raw|ogerdogi's rating: 1201 &rarr; <strong>1174</strong><br />(-27 for losing)\n",
  "uploadtime": 1776112341,
  "views": 23,
  "formatid": "gen9championsvgc2026regma",
  "rating": 1174,
  "private": 0,
  "password": null
}