{
  "id": "gen9championsvgc2026regma-2583049413",
  "format": "[Gen 9 Champions] VGC 2026 Reg M-A",
  "players": [
    "frozensolidvgc",
    "MamrazPM"
  ],
  "log": "|j|\u2606frozensolidvgc\n|j|\u2606MamrazPM\n|t:|1776136643\n|gametype|doubles\n|player|p1|frozensolidvgc|266|1034\n|player|p2|MamrazPM|blaine|1000\n|gen|9\n|tier|[Gen 9 Champions] VGC 2026 Reg M-A\n|rated|\n|rule|Species Clause: Limit one of each Pok\u00e9mon\n|rule|Item Clause: Limit 1 of each item\n|clearpoke\n|poke|p1|Sneasler, L50, M|\n|poke|p1|Sinistcha, L50|\n|poke|p1|Kingambit, L50, M|\n|poke|p1|Aegislash, L50, F|\n|poke|p1|Tyranitar, L50, M|\n|poke|p1|Aerodactyl, L50, M|\n|poke|p2|Blastoise, L50, F|\n|poke|p2|Whimsicott, L50, F|\n|poke|p2|Audino, L50, M|\n|poke|p2|Sinistcha, L50|\n|teampreview|4\nMamrazPM rejected open team sheets.\n|inactive|Battle timer is ON: inactive players will automatically lose when time's up. (requested by MamrazPM)\n|\n|t:|1776136679\n|teamsize|p1|4\n|teamsize|p2|4\n|start\n|switch|p1a: Aerodactyl|Aerodactyl, L50, M|100/100\n|switch|p1b: Tyranitar|Tyranitar, L50, M|100/100\n|switch|p2a: Blastoise|Blastoise, L50, F|100/100\n|switch|p2b: Whimsicott|Whimsicott, L50, F|100/100\n|-weather|Sandstorm|[from] ability: Sand Stream|[of] p1b: Tyranitar\n|turn|1\n|\n|t:|1776136703\n|detailschange|p2a: Blastoise|Blastoise-Mega, L50, F\n|-mega|p2a: Blastoise|Blastoise|Blastoisinite\n|detailschange|p1b: Tyranitar|Tyranitar-Mega, L50, M\n|-mega|p1b: Tyranitar|Tyranitar|Tyranitarite\n|move|p2b: Whimsicott|Tailwind|p2b: Whimsicott\n|-sidestart|p2: MamrazPM|move: Tailwind\n|move|p1a: Aerodactyl|Dual Wingbeat|p2b: Whimsicott\n|-supereffective|p2b: Whimsicott|1\n|-damage|p2b: Whimsicott|60/100\n|-supereffective|p2b: Whimsicott|1\n|-damage|p2b: Whimsicott|13/100\n|-hitcount|p2b: Whimsicott|2\n|move|p2a: Blastoise|Aura Sphere|p1b: Tyranitar\n|-supereffective|p1b: Tyranitar|2\n|-damage|p1b: Tyranitar|6/100\n|move|p1b: Tyranitar|Knock Off|p2a: Blastoise\n|-damage|p2a: Blastoise|66/100\n|\n|-weather|Sandstorm|[upkeep]\n|-damage|p2b: Whimsicott|7/100|[from] Sandstorm\n|-damage|p2a: Blastoise|60/100|[from] Sandstorm\n|upkeep\n|turn|2\n|inactive|frozensolidvgc has 30 seconds left.\n|inactive|MamrazPM has 30 seconds left.\n|inactive|frozensolidvgc has 20 seconds left.\n|\n|t:|1776136742\n|move|p1b: Tyranitar|Protect|p1b: Tyranitar\n|-singleturn|p1b: Tyranitar|Protect\n|move|p2b: Whimsicott|Grassy Terrain|p2b: Whimsicott\n|-fieldstart|move: Grassy Terrain\n|move|p2a: Blastoise|Aura Sphere|p1b: Tyranitar\n|-activate|p1b: Tyranitar|move: Protect\n|move|p1a: Aerodactyl|Rock Slide|p2a: Blastoise|[spread] p2a\n|-miss|p1a: Aerodactyl|p2b: Whimsicott\n|-damage|p2a: Blastoise|40/100\n|\n|-weather|Sandstorm|[upkeep]\n|-damage|p2b: Whimsicott|1/100|[from] Sandstorm\n|-damage|p2a: Blastoise|34/100|[from] Sandstorm\n|-heal|p2b: Whimsicott|7/100|[from] Grassy Terrain\n|-heal|p2a: Blastoise|40/100|[from] Grassy Terrain\n|-heal|p1b: Tyranitar|12/100|[from] Grassy Terrain\n|upkeep\n|turn|3\n|inactive|frozensolidvgc has 30 seconds left.\n|inactive|MamrazPM has 30 seconds left.\n|\n|t:|1776136783\n|switch|p2b: Sinistcha|Sinistcha, L50|100/100\n|-heal|p2a: Blastoise|65/100|[from] ability: Hospitality|[of] p2b: Sinistcha\n|switch|p1b: Sinistcha|Sinistcha, L50|100/100\n|move|p1a: Aerodactyl|Protect|p1a: Aerodactyl\n|-singleturn|p1a: Aerodactyl|Protect\n|move|p2a: Blastoise|Terrain Pulse|p1b: Sinistcha\n|-resisted|p1b: Sinistcha|1\n|-damage|p1b: Sinistcha|68/100\n|\n|-weather|Sandstorm|[upkeep]\n|-damage|p2a: Blastoise|59/100|[from] Sandstorm\n|-damage|p2b: Sinistcha|94/100|[from] Sandstorm\n|-damage|p1b: Sinistcha|62/100|[from] Sandstorm\n|-heal|p2a: Blastoise|65/100|[from] Grassy Terrain\n|-heal|p2b: Sinistcha|100/100|[from] Grassy Terrain\n|-heal|p1b: Sinistcha|68/100|[from] Grassy Terrain\n|upkeep\n|turn|4\n|inactive|frozensolidvgc has 30 seconds left.\n|\n|t:|1776136809\n|move|p1b: Sinistcha|Rage Powder|p1b: Sinistcha\n|-singleturn|p1b: Sinistcha|move: Rage Powder\n|move|p2a: Blastoise|Dark Pulse|p1b: Sinistcha\n|-supereffective|p1b: Sinistcha|1\n|-damage|p1b: Sinistcha|0 fnt\n|faint|p1b: Sinistcha\n|move|p1a: Aerodactyl|Dual Wingbeat|p2a: Blastoise\n|-damage|p2a: Blastoise|50/100\n|-damage|p2a: Blastoise|36/100\n|-hitcount|p2a: Blastoise|2\n|move|p2b: Sinistcha|Life Dew||[still]|[spread] p2a,p2b\n|-heal|p2a: Blastoise|61/100\n|-fail|p2b: Sinistcha|heal\n|\n|-weather|Sandstorm|[upkeep]\n|-damage|p2a: Blastoise|55/100|[from] Sandstorm\n|-damage|p2b: Sinistcha|94/100|[from] Sandstorm\n|-heal|p2a: Blastoise|61/100|[from] Grassy Terrain\n|-heal|p2b: Sinistcha|100/100|[from] Grassy Terrain\n|-sideend|p2: MamrazPM|move: Tailwind\n|upkeep\n|\n|t:|1776136828\n|switch|p1b: Sneasler|Sneasler, L50, M|100/100\n|turn|5\n|\n|t:|1776136850\n|switch|p2a: Whimsicott|Whimsicott, L50, F|7/100\n|switch|p2b: Audino|Audino, L50, M|100/100\n|move|p1a: Aerodactyl|Rock Slide|p2b: Audino|[spread] p2a,p2b\n|-damage|p2a: Whimsicott|0 fnt\n|-damage|p2b: Audino|82/100\n|faint|p2a: Whimsicott\n|move|p1b: Sneasler|Dire Claw|p2b: Audino\n|-damage|p2b: Audino|51/100\n|-status|p2b: Audino|slp\n|\n|-weather|none\n|-heal|p2b: Audino|57/100 slp|[from] Grassy Terrain\n|upkeep\n|\n|t:|1776136859\n|switch|p2a: Blastoise|Blastoise-Mega, L50, F|61/100\n|turn|6\n|\n|t:|1776136878\n|switch|p2b: Sinistcha|Sinistcha, L50|100/100\n|-heal|p2a: Blastoise|86/100|[from] ability: Hospitality|[of] p2b: Sinistcha\n|move|p1a: Aerodactyl|Protect|p1a: Aerodactyl\n|-singleturn|p1a: Aerodactyl|Protect\n|move|p1b: Sneasler|Coaching|p1a: Aerodactyl\n|-boost|p1a: Aerodactyl|atk|1\n|-boost|p1a: Aerodactyl|def|1\n|move|p2a: Blastoise|Terrain Pulse|p1a: Aerodactyl\n|-activate|p1a: Aerodactyl|move: Protect\n|\n|-heal|p2a: Blastoise|92/100|[from] Grassy Terrain\n|-fieldend|move: Grassy Terrain\n|upkeep\n|turn|7\n|inactive|MamrazPM has 30 seconds left.\n|\n|t:|1776136908\n|switch|p2b: Audino|Audino, L50, M|90/100 slp\n|move|p1a: Aerodactyl|Dual Wingbeat|p2b: Audino\n|-damage|p2b: Audino|68/100 slp\n|-damage|p2b: Audino|46/100 slp\n|-hitcount|p2b: Audino|2\n|move|p1b: Sneasler|Dire Claw|p2b: Audino\n|-damage|p2b: Audino|16/100 slp\n|move|p2a: Blastoise|Dragon Pulse|p1a: Aerodactyl\n|-damage|p1a: Aerodactyl|30/100\n|\n|upkeep\n|turn|8\n|\n|t:|1776136923\n|switch|p1b: Tyranitar|Tyranitar-Mega, L50, M|12/100\n|-weather|Sandstorm|[from] ability: Sand Stream|[of] p1b: Tyranitar\n|switch|p2b: Sinistcha|Sinistcha, L50|100/100\n|-heal|p2a: Blastoise|100/100|[from] ability: Hospitality|[of] p2b: Sinistcha\n|move|p1a: Aerodactyl|Rock Slide|p2a: Blastoise|[spread] p2a,p2b\n|-damage|p2a: Blastoise|66/100\n|-damage|p2b: Sinistcha|63/100\n|cant|p2a: Blastoise|flinch\n|\n|-weather|Sandstorm|[upkeep]\n|-damage|p2a: Blastoise|60/100|[from] Sandstorm\n|-damage|p2b: Sinistcha|57/100|[from] Sandstorm\n|-heal|p2b: Sinistcha|63/100|[from] item: Leftovers\n|upkeep\n|turn|9\n|inactive|frozensolidvgc has 30 seconds left.\n|\n|t:|1776136950\n|move|p1a: Aerodactyl|Tailwind|p1a: Aerodactyl\n|-sidestart|p1: frozensolidvgc|move: Tailwind\n|move|p1b: Tyranitar|Rock Slide|p2a: Blastoise|[spread] p2a,p2b\n|-damage|p2a: Blastoise|28/100\n|-damage|p2b: Sinistcha|31/100\n|move|p2a: Blastoise|Dragon Pulse|p1a: Aerodactyl\n|-damage|p1a: Aerodactyl|0 fnt\n|faint|p1a: Aerodactyl\n|move|p2b: Sinistcha|Life Dew|p2b: Sinistcha|[spread] p2a,p2b\n|-heal|p2a: Blastoise|53/100\n|-heal|p2b: Sinistcha|56/100\n|\n|-weather|Sandstorm|[upkeep]\n|-damage|p2a: Blastoise|47/100|[from] Sandstorm\n|-damage|p2b: Sinistcha|50/100|[from] Sandstorm\n|-heal|p2b: Sinistcha|56/100|[from] item: Leftovers\n|upkeep\n|\n|t:|1776136964\n|switch|p1a: Sneasler|Sneasler, L50, M|100/100\n|turn|10\n|\n|t:|1776136975\n|switch|p2a: Audino|Audino, L50, M|49/100 slp\n|move|p1a: Sneasler|Coaching|p1b: Tyranitar\n|-boost|p1b: Tyranitar|atk|1\n|-boost|p1b: Tyranitar|def|1\n|move|p1b: Tyranitar|Rock Slide|p2b: Sinistcha|[spread] p2a\n|-miss|p1b: Tyranitar|p2b: Sinistcha\n|-damage|p2a: Audino|4/100 slp\n|move|p2b: Sinistcha|Life Dew|p2b: Sinistcha|[spread] p2a,p2b\n|-heal|p2a: Audino|29/100 slp\n|-heal|p2b: Sinistcha|81/100\n|\n|-weather|Sandstorm|[upkeep]\n|-damage|p1a: Sneasler|95/100|[from] Sandstorm\n|-damage|p2b: Sinistcha|75/100|[from] Sandstorm\n|-damage|p2a: Audino|23/100 slp|[from] Sandstorm\n|-heal|p2b: Sinistcha|81/100|[from] item: Leftovers\n|upkeep\n|turn|11\n|\n|t:|1776137001\n|switch|p2b: Blastoise|Blastoise-Mega, L50, F|47/100\n|move|p1a: Sneasler|Coaching|p1b: Tyranitar\n|-boost|p1b: Tyranitar|atk|1\n|-boost|p1b: Tyranitar|def|1\n|move|p1b: Tyranitar|Knock Off|p2b: Blastoise\n|-damage|p2b: Blastoise|0 fnt\n|faint|p2b: Blastoise\n|cant|p2a: Audino|slp\n|\n|-weather|Sandstorm|[upkeep]\n|-damage|p1a: Sneasler|89/100|[from] Sandstorm\n|-damage|p2a: Audino|17/100 slp|[from] Sandstorm\n|upkeep\n|\n|t:|1776137008\n|switch|p2b: Sinistcha|Sinistcha, L50|81/100\n|-heal|p2a: Audino|42/100 slp|[from] ability: Hospitality|[of] p2b: Sinistcha\n|turn|12\n|\n|t:|1776137021\n|move|p1a: Sneasler|Close Combat|p2a: Audino\n|-supereffective|p2a: Audino|1\n|-damage|p2a: Audino|0 fnt\n|-unboost|p1a: Sneasler|def|1\n|-unboost|p1a: Sneasler|spd|1\n|faint|p2a: Audino\n|-enditem|p1a: Sneasler|White Herb\n|-clearnegativeboost|p1a: Sneasler|[silent]\n|move|p1b: Tyranitar|Knock Off|p2b: Sinistcha\n|-supereffective|p2b: Sinistcha|1\n|-damage|p2b: Sinistcha|0 fnt\n|-enditem|p2b: Sinistcha|Leftovers|[from] move: Knock Off|[of] p1b: Tyranitar\n|faint|p2b: Sinistcha\n|\n|win|frozensolidvgc\n|raw|frozensolidvgc's rating: 1034 &rarr; <strong>1065</strong><br />(+31 for winning)\n|raw|MamrazPM's rating: 1000 &rarr; <strong>1000</strong><br />(+0 for losing)\n|l|\u2606MamrazPM\n|player|p2|\n",
  "uploadtime": 1776137030,
  "views": 18,
  "formatid": "gen9championsvgc2026regma",
  "rating": 1000,
  "private": 0,
  "password": null
}