{
  "id": "gen9championsvgc2026regma-2581574302",
  "format": "[Gen 9 Champions] VGC 2026 Reg M-A",
  "players": [
    "EagleWizard",
    "soulo333"
  ],
  "log": "|j|\u2606EagleWizard\n|j|\u2606soulo333\n|t:|1776012108\n|gametype|doubles\n|player|p1|EagleWizard|169|1239\n|player|p2|soulo333|2|1333\n|gen|9\n|tier|[Gen 9 Champions] VGC 2026 Reg M-A\n|rated|\n|rule|Species Clause: Limit one of each Pok\u00e9mon\n|rule|Item Clause: Limit 1 of each item\n|clearpoke\n|poke|p1|Sneasler, L50, F|\n|poke|p1|Rotom-Heat, L50|\n|poke|p1|Incineroar, L50, M|\n|poke|p1|Kangaskhan, L50, F|\n|poke|p1|Gyarados, L50, M|\n|poke|p1|Sinistcha, L50|\n|poke|p2|Charizard, L50, M|\n|poke|p2|Rotom-Wash, L50|\n|poke|p2|Sneasler, L50, F|\n|poke|p2|Garchomp, L50, M|\n|poke|p2|Sinistcha, L50|\n|poke|p2|Kingambit, L50, F|\n|teampreview|4\n|\n|t:|1776012168\n|teamsize|p1|4\n|teamsize|p2|4\n|start\n|switch|p1a: Sneasler|Sneasler, L50, F|100/100\n|switch|p1b: Kangaskhan|Kangaskhan, L50, F|100/100\n|switch|p2a: Kingambit|Kingambit, L50, F|100/100\n|switch|p2b: Sneasler|Sneasler, L50, F|100/100\n|turn|1\n|\n|t:|1776012186\n|switch|p2a: Charizard|Charizard, L50, M|100/100\n|detailschange|p1b: Kangaskhan|Kangaskhan-Mega, L50, F\n|-mega|p1b: Kangaskhan|Kangaskhan|Kangaskhanite\n|move|p1b: Kangaskhan|Fake Out|p2b: Sneasler\n|-damage|p2b: Sneasler|59/100\n|-damage|p2b: Sneasler|50/100\n|-hitcount|p2b: Sneasler|2\n|cant|p2b: Sneasler|flinch\n|move|p1a: Sneasler|Coaching|p1b: Kangaskhan\n|-boost|p1b: Kangaskhan|atk|1\n|-boost|p1b: Kangaskhan|def|1\n|\n|upkeep\n|turn|2\n|\n|t:|1776012212\n|detailschange|p2a: Charizard|Charizard-Mega-X, L50, M\n|-mega|p2a: Charizard|Charizard|Charizardite X\n|move|p2b: Sneasler|Coaching|p2a: Charizard\n|-boost|p2a: Charizard|atk|1\n|-boost|p2a: Charizard|def|1\n|move|p1a: Sneasler|Close Combat|p2b: Sneasler\n|-resisted|p2b: Sneasler|1\n|-damage|p2b: Sneasler|0 fnt\n|-unboost|p1a: Sneasler|def|1\n|-unboost|p1a: Sneasler|spd|1\n|faint|p2b: Sneasler\n|move|p2a: Charizard|Scale Shot|p1a: Sneasler\n|-damage|p1a: Sneasler|55/100\n|-crit|p1a: Sneasler\n|-damage|p1a: Sneasler|0 fnt\n|faint|p1a: Sneasler\n|-hitcount|p1: Sneasler|2\n|-unboost|p2a: Charizard|def|1\n|-boost|p2a: Charizard|spe|1\n|move|p1b: Kangaskhan|Body Slam|p2a: Charizard\n|-damage|p2a: Charizard|38/100\n|-damage|p2a: Charizard|24/100\n|-hitcount|p2a: Charizard|2\n|\n|upkeep\n|\n|t:|1776012234\n|switch|p2b: Kingambit|Kingambit, L50, F|100/100\n|switch|p1a: Incineroar|Incineroar, L50, M|100/100\n|-ability|p1a: Incineroar|Intimidate|boost\n|-unboost|p2a: Charizard|atk|1\n|-unboost|p2b: Kingambit|atk|1\n|-ability|p2b: Kingambit|Defiant|boost\n|-boost|p2b: Kingambit|atk|2\n|turn|3\n|\n|t:|1776012248\n|move|p2a: Charizard|Protect|p2a: Charizard\n|-singleturn|p2a: Charizard|Protect\n|move|p2b: Kingambit|Protect|p2b: Kingambit\n|-singleturn|p2b: Kingambit|Protect\n|move|p1a: Incineroar|Fake Out|p2b: Kingambit\n|-activate|p2b: Kingambit|move: Protect\n|move|p1b: Kangaskhan|Sucker Punch||[still]\n|-fail|p1b: Kangaskhan\n|\n|upkeep\n|turn|4\n|\n|t:|1776012261\n|switch|p2b: Sinistcha|Sinistcha, L50|100/100\n|-heal|p2a: Charizard|49/100|[from] ability: Hospitality|[of] p2b: Sinistcha\n|move|p2a: Charizard|Dragon Dance|p2a: Charizard\n|-boost|p2a: Charizard|atk|1\n|-boost|p2a: Charizard|spe|1\n|move|p1b: Kangaskhan|Body Slam|p2a: Charizard\n|-damage|p2a: Charizard|0 fnt\n|faint|p2a: Charizard\n|-hitcount|p2: Charizard|1\n|move|p1a: Incineroar|Flare Blitz|p2b: Sinistcha\n|-supereffective|p2b: Sinistcha|1\n|-damage|p2b: Sinistcha|0 fnt\n|faint|p2b: Sinistcha\n|-damage|p1a: Incineroar|71/100|[from] Recoil\n|\n|upkeep\n|\n|t:|1776012266\n|switch|p2b: Kingambit|Kingambit, L50, F|100/100\n|turn|5\n|-message|soulo333 forfeited.\n|\n|win|EagleWizard\n|raw|EagleWizard's rating: 1239 &rarr; <strong>1271</strong><br />(+32 for winning)\n|raw|soulo333's rating: 1333 &rarr; <strong>1308</strong><br />(-25 for losing)\n",
  "uploadtime": 1776012269,
  "views": 26,
  "formatid": "gen9championsvgc2026regma",
  "rating": 1271,
  "private": 0,
  "password": null
}