{
  "id": "gen9championsvgc2026regma-2586102762",
  "format": "[Gen 9 Champions] VGC 2026 Reg M-A",
  "players": [
    "ScarfyX_X",
    "Ushddhd"
  ],
  "log": "|j|\u2606ScarfyX_X\n|j|\u203dUshddhd\n|t:|1776399306\n|gametype|doubles\n|player|p1|ScarfyX_X|hugh|1099\n|player|p2|Ushddhd|102|1034\n|gen|9\n|tier|[Gen 9 Champions] VGC 2026 Reg M-A\n|rated|\n|rule|Species Clause: Limit one of each Pok\u00e9mon\n|rule|Item Clause: Limit 1 of each item\n|clearpoke\n|poke|p1|Dragonite, L50, M|\n|poke|p1|Starmie, L50|\n|poke|p1|Torkoal, L50, M|\n|poke|p1|Venusaur, L50, M|\n|poke|p1|Tauros-Paldea-Blaze, L50, M|\n|poke|p1|Tinkaton, L50, F|\n|poke|p2|Typhlosion, L50, M|\n|poke|p2|Pangoro, L50, M|\n|poke|p2|Klefki, L50, F|\n|poke|p2|Castform, L50, F|\n|poke|p2|Venusaur, L50, F|\n|poke|p2|Blastoise, L50, F|\n|teampreview|4\n|inactive|Battle timer is ON: inactive players will automatically lose when time's up. (requested by ScarfyX_X)\n|inactive|ScarfyX_X has 60 seconds left.\n|\n|t:|1776399342\n|teamsize|p1|4\n|teamsize|p2|4\n|start\n|switch|p1a: Tauros|Tauros-Paldea-Blaze, L50, M|100/100\n|switch|p1b: Tinkaton|Tinkaton, L50, F|100/100\n|switch|p2a: Blastoise|Blastoise, L50, F|100/100\n|switch|p2b: Pangoro|Pangoro, L50, M|100/100\n|-ability|p1a: Tauros|Intimidate|boost\n|-unboost|p2a: Blastoise|atk|1\n|-unboost|p2b: Pangoro|atk|1\n|-ability|p1b: Tinkaton|Mold Breaker\n|turn|1\n|inactive|Ushddhd has 30 seconds left.\n|\n|t:|1776399374\n|move|p1b: Tinkaton|Fake Out|p2a: Blastoise\n|-damage|p2a: Blastoise|94/100\n|move|p1a: Tauros|Close Combat|p2b: Pangoro\n|-supereffective|p2b: Pangoro|1\n|-damage|p2b: Pangoro|0 fnt\n|-unboost|p1a: Tauros|def|1\n|-unboost|p1a: Tauros|spd|1\n|faint|p2b: Pangoro\n|-enditem|p1a: Tauros|White Herb\n|-clearnegativeboost|p1a: Tauros|[silent]\n|cant|p2a: Blastoise|flinch\n|\n|upkeep\n|\n|t:|1776399385\n|switch|p2b: Klefki|Klefki, L50, F|100/100\n|turn|2\n|\n|t:|1776399393\n|move|p2b: Klefki|Rain Dance|p2b: Klefki\n|-weather|RainDance\n|move|p1a: Tauros|Close Combat|p2a: Blastoise\n|-damage|p2a: Blastoise|35/100\n|-unboost|p1a: Tauros|def|1\n|-unboost|p1a: Tauros|spd|1\n|move|p1b: Tinkaton|Thunder Wave|p2a: Blastoise|[miss]\n|-miss|p1b: Tinkaton|p2a: Blastoise\n|move|p2a: Blastoise|Water Spout|p1a: Tauros|[spread] p1a,p1b\n|-supereffective|p1a: Tauros|1\n|-damage|p1a: Tauros|0 fnt\n|-damage|p1b: Tinkaton|72/100\n|faint|p1a: Tauros\n|\n|-weather|RainDance|[upkeep]\n|upkeep\n|\n|t:|1776399413\n|switch|p1a: Starmie|Starmie, L50, shiny|100/100\n|turn|3\n|\n|t:|1776399436\n|move|p2b: Klefki|Thunder Wave|p1a: Starmie\n|-status|p1a: Starmie|par\n|move|p1b: Tinkaton|Thunder Wave|p2a: Blastoise\n|-status|p2a: Blastoise|par\n|move|p1a: Starmie|Trick|p2b: Klefki\n|-activate|p1a: Starmie|move: Trick|[of] p2b: Klefki\n|-item|p2b: Klefki|Choice Scarf|[from] move: Trick\n|-item|p1a: Starmie|Mental Herb|[from] move: Trick\n|move|p2a: Blastoise|Dark Pulse|p1a: Starmie\n|-supereffective|p1a: Starmie|1\n|-damage|p1a: Starmie|28/100 par\n|\n|-weather|RainDance|[upkeep]\n|upkeep\n|turn|4\n|inactive|Ushddhd has 30 seconds left.\n|\n|t:|1776399464\n|move|p2b: Klefki|Thunder Wave|p1b: Tinkaton\n|-status|p1b: Tinkaton|par\n|move|p1a: Starmie|Power Gem|p2a: Blastoise\n|-damage|p2a: Blastoise|12/100 par\n|move|p1b: Tinkaton|Gigaton Hammer|p2b: Klefki\n|-damage|p2b: Klefki|61/100\n|move|p2a: Blastoise|Dark Pulse|p1a: Starmie\n|-supereffective|p1a: Starmie|1\n|-damage|p1a: Starmie|0 fnt\n|faint|p1a: Starmie\n|\n|-weather|RainDance|[upkeep]\n|upkeep\n|\n|t:|1776399473\n|switch|p1a: Dragonite|Dragonite, L50, M, shiny|100/100\n|turn|5\n|\n|t:|1776399497\n|detailschange|p1a: Dragonite|Dragonite-Mega, L50, M, shiny\n|-mega|p1a: Dragonite|Dragonite|Dragoninite\n|move|p2b: Klefki|Thunder Wave|p1a: Dragonite\n|-status|p1a: Dragonite|par\n|move|p1a: Dragonite|Thunderbolt|p2a: Blastoise\n|-supereffective|p2a: Blastoise|1\n|-damage|p2a: Blastoise|0 fnt\n|faint|p2a: Blastoise\n|move|p1b: Tinkaton|Thunder Wave|p2b: Klefki\n|-status|p2b: Klefki|par\n|\n|-weather|RainDance|[upkeep]\n|upkeep\n|\n|t:|1776399509\n|switch|p2a: Typhlosion|Typhlosion, L50, M|100/100\n|turn|6\n|\n|t:|1776399527\n|cant|p2b: Klefki|par\n|move|p2a: Typhlosion|Eruption|p1b: Tinkaton|[spread] p1a,p1b\n|-resisted|p1a: Dragonite|1\n|-supereffective|p1b: Tinkaton|1\n|-enditem|p1b: Tinkaton|Occa Berry|[eat]\n|-enditem|p1b: Tinkaton|Occa Berry|[weaken]\n|-damage|p1a: Dragonite|95/100 par\n|-damage|p1b: Tinkaton|46/100 par\n|move|p1a: Dragonite|Weather Ball|p2a: Typhlosion\n|-supereffective|p2a: Typhlosion|1\n|-enditem|p2a: Typhlosion|Focus Sash\n|-damage|p2a: Typhlosion|1/100\n|move|p1b: Tinkaton|Thunder Wave|p2a: Typhlosion\n|-status|p2a: Typhlosion|par\n|\n|-weather|none\n|upkeep\n|turn|7\n|\n|t:|1776399542\n|move|p1a: Dragonite|Extreme Speed|p2a: Typhlosion\n|-damage|p2a: Typhlosion|0 fnt\n|faint|p2a: Typhlosion\n|move|p2b: Klefki|Thunder Wave|p1a: Dragonite\n|-fail|p1a: Dragonite|par\n|move|p1b: Tinkaton|Endeavor|p2b: Klefki\n|-damage|p2b: Klefki|49/100 par\n|\n|upkeep\n|turn|8\n|-message|Ushddhd forfeited.\n|\n|win|ScarfyX_X\n|raw|ScarfyX_X's rating: 1099 &rarr; <strong>1119</strong><br />(+20 for winning)\n|raw|Ushddhd's rating: 1034 &rarr; <strong>1022</strong><br />(-12 for losing)\n|l|\u203dUshddhd\n|player|p2|\n",
  "uploadtime": 1776399562,
  "views": 15,
  "formatid": "gen9championsvgc2026regma",
  "rating": 1022,
  "private": 0,
  "password": null
}