{
  "id": "gen9championsvgc2026regma-2586432419",
  "format": "[Gen 9 Champions] VGC 2026 Reg M-A",
  "players": [
    "NegaiFreak",
    "zhz2021"
  ],
  "log": "|j|\u2606NegaiFreak\n|j|\u2606zhz2021\n|t:|1776434296\n|gametype|doubles\n|player|p1|NegaiFreak|266|1417\n|player|p2|zhz2021|marley|1478\n|gen|9\n|tier|[Gen 9 Champions] VGC 2026 Reg M-A\n|rated|\n|rule|Species Clause: Limit one of each Pok\u00e9mon\n|rule|Item Clause: Limit 1 of each item\n|clearpoke\n|poke|p1|Archaludon, L50, F|\n|poke|p1|Pelipper, L50, F|\n|poke|p1|Basculegion, L50, M|\n|poke|p1|Meganium, L50, F|\n|poke|p1|Maushold-Four, L50|\n|poke|p1|Farigiraf, L50, M|\n|poke|p2|Sableye, L50, F|\n|poke|p2|Archaludon, L50, F|\n|poke|p2|Scovillain, L50, F|\n|poke|p2|Basculegion-F, L50, F|\n|poke|p2|Primarina, L50, F|\n|poke|p2|Orthworm, L50, M|\n|teampreview|4\n|inactive|Battle timer is ON: inactive players will automatically lose when time's up. (requested by NegaiFreak)\n|\n|t:|1776434323\n|teamsize|p1|4\n|teamsize|p2|4\n|start\n|switch|p1a: Pelipper|Pelipper, L50, F|100/100\n|switch|p1b: Archaludon|Archaludon, L50, F|100/100\n|switch|p2a: Scovillain|Scovillain, L50, F, shiny|100/100\n|switch|p2b: Orthworm|Orthworm, L50, M|100/100\n|-weather|RainDance|[from] ability: Drizzle|[of] p1a: Pelipper\n|turn|1\n|c|\u2606NegaiFreak|GLHF\n|\n|t:|1776434340\n|detailschange|p2a: Scovillain|Scovillain-Mega, L50, F, shiny\n|-mega|p2a: Scovillain|Scovillain|Scovillainite\n|move|p2a: Scovillain|Rage Powder|p2a: Scovillain\n|-singleturn|p2a: Scovillain|move: Rage Powder\n|move|p1b: Archaludon|Electro Shot||[still]\n|-prepare|p1b: Archaludon|Electro Shot\n|-boost|p1b: Archaludon|spa|1\n|-anim|p1b: Archaludon|Electro Shot|p2a: Scovillain\n|-resisted|p2a: Scovillain|1\n|-crit|p2a: Scovillain\n|-damage|p2a: Scovillain|45/100\n|-status|p1b: Archaludon|brn|[from] ability: Spicy Spray|[of] p2a: Scovillain\n|move|p1a: Pelipper|Tailwind|p1a: Pelipper\n|-sidestart|p1: NegaiFreak|move: Tailwind\n|move|p2b: Orthworm|Shed Tail|p2b: Orthworm\n|-start|p2b: Orthworm|Substitute|[from] move: Shed Tail\n|-damage|p2b: Orthworm|50/100\n|-enditem|p2b: Orthworm|Sitrus Berry|[eat]\n|-heal|p2b: Orthworm|75/100|[from] item: Sitrus Berry\n|\n|t:|1776434346\n|switch|p2b: Basculegion|Basculegion-F, L50, F, shiny|100/100|[from] Shed Tail\n|\n|-weather|RainDance|[upkeep]\n|-damage|p1b: Archaludon|95/100 brn|[from] brn\n|upkeep\n|turn|2\n|j| suibiandajiba\n|inactive|NegaiFreak has 30 seconds left.\n|inactive|NegaiFreak has 20 seconds left.\n|inactive|NegaiFreak has 15 seconds left.\n|\n|t:|1776434390\n|move|p2a: Scovillain|Protect|p2a: Scovillain\n|-singleturn|p2a: Scovillain|Protect\n|move|p1b: Archaludon|Electro Shot||[still]\n|-prepare|p1b: Archaludon|Electro Shot\n|-boost|p1b: Archaludon|spa|1\n|-anim|p1b: Archaludon|Electro Shot|p2a: Scovillain\n|-activate|p2a: Scovillain|move: Protect\n|move|p1a: Pelipper|Hurricane|p2a: Scovillain\n|-activate|p2a: Scovillain|move: Protect\n|move|p2b: Basculegion|Hex|p1b: Archaludon\n|-damage|p1b: Archaludon|0 fnt\n|faint|p1b: Archaludon\n|\n|-weather|RainDance|[upkeep]\n|upkeep\n|l| suibiandajiba\n|l|\u2606zhz2021\n|inactive|zhz2021 disconnected and has a minute to reconnect!\n|player|p2|\n|\n|t:|1776434407\n|switch|p1b: Meganium|Meganium, L50, F|100/100\n|turn|3\n|j|\u2606zhz2021\n|inactive|zhz2021 reconnected and has 50 seconds left.\n|player|p2|zhz2021|marley|\n|\n|t:|1776434422\n|detailschange|p1b: Meganium|Meganium-Mega, L50, F\n|-mega|p1b: Meganium|Meganium|Meganiumite\n|move|p2a: Scovillain|Rage Powder|p2a: Scovillain\n|-singleturn|p2a: Scovillain|move: Rage Powder\n|move|p1a: Pelipper|Hurricane|p2a: Scovillain\n|-supereffective|p2a: Scovillain|1\n|-damage|p2a: Scovillain|0 fnt\n|-status|p1a: Pelipper|brn|[from] ability: Spicy Spray|[of] p2a: Scovillain\n|faint|p2a: Scovillain\n|move|p2b: Basculegion|Hex|p1a: Pelipper\n|-enditem|p1a: Pelipper|Focus Sash\n|-damage|p1a: Pelipper|1/100 brn\n|move|p1b: Meganium|Solar Beam||[still]\n|-prepare|p1b: Meganium|Solar Beam\n|-activate|p1b: Meganium|ability: Mega Sol\n|-anim|p1b: Meganium|Solar Beam|p2b: Basculegion\n|-supereffective|p2b: Basculegion|1\n|-crit|p2b: Basculegion\n|-end|p2b: Basculegion|Substitute\n|\n|-weather|RainDance|[upkeep]\n|-damage|p1a: Pelipper|0 fnt|[from] brn\n|faint|p1a: Pelipper\n|upkeep\n|\n|t:|1776434438\n|switch|p1a: Farigiraf|Farigiraf, L50, M|100/100\n|switch|p2a: Archaludon|Archaludon, L50, F|100/100\n|turn|4\n|\n|t:|1776434462\n|move|p2b: Basculegion|Muddy Water|p1b: Meganium|[spread] p1a,p1b\n|-resisted|p1b: Meganium|1\n|-damage|p1a: Farigiraf|54/100\n|-damage|p1b: Meganium|82/100\n|-unboost|p1b: Meganium|accuracy|1\n|move|p1b: Meganium|Weather Ball|p2a: Archaludon|[miss]\n|-miss|p1b: Meganium|p2a: Archaludon\n|move|p2a: Archaludon|Flash Cannon|p1b: Meganium\n|-supereffective|p1b: Meganium|1\n|-damage|p1b: Meganium|10/100\n|-unboost|p1b: Meganium|spd|1\n|move|p1a: Farigiraf|Trick Room|p1a: Farigiraf\n|-fieldstart|move: Trick Room|[of] p1a: Farigiraf\n|\n|-weather|RainDance|[upkeep]\n|-sideend|p1: NegaiFreak|move: Tailwind\n|upkeep\n|turn|5\n|\n|t:|1776434481\n|move|p1a: Farigiraf|Psychic|p2b: Basculegion\n|-damage|p2b: Basculegion|58/100\n|move|p1b: Meganium|Solar Beam||[still]\n|-prepare|p1b: Meganium|Solar Beam\n|-activate|p1b: Meganium|ability: Mega Sol\n|-anim|p1b: Meganium|Solar Beam|p2b: Basculegion\n|-supereffective|p2b: Basculegion|1\n|-crit|p2b: Basculegion\n|-damage|p2b: Basculegion|0 fnt\n|faint|p2b: Basculegion\n|move|p2a: Archaludon|Flash Cannon|p1b: Meganium\n|-supereffective|p1b: Meganium|1\n|-damage|p1b: Meganium|0 fnt\n|faint|p1b: Meganium\n|\n|-weather|none\n|upkeep\n|l|\u2606zhz2021\n|inactive|zhz2021 disconnected and has a minute to reconnect!\n|player|p2|\n|c|\u2606NegaiFreak|GG, WP\n|j|\u2606zhz2021\n|inactive|zhz2021 reconnected and has 40 seconds left.\n|player|p2|zhz2021|marley|\n|\n|t:|1776434499\n|switch|p2b: Orthworm|Orthworm, L50, M|75/100\n|turn|6\n|\n|t:|1776434509\n|move|p1a: Farigiraf|Psychic|p2a: Archaludon\n|-resisted|p2a: Archaludon|1\n|-damage|p2a: Archaludon|80/100\n|-ability|p2a: Archaludon|Stamina|boost\n|-boost|p2a: Archaludon|def|1\n|move|p2b: Orthworm|Body Press|p1a: Farigiraf\n|-damage|p1a: Farigiraf|30/100\n|move|p2a: Archaludon|Flash Cannon|p1a: Farigiraf\n|-damage|p1a: Farigiraf|0 fnt\n|faint|p1a: Farigiraf\n|\n|win|zhz2021\n|raw|NegaiFreak's rating: 1417 &rarr; <strong>1400</strong><br />(-17 for losing)\n|raw|zhz2021's rating: 1478 &rarr; <strong>1495</strong><br />(+17 for winning)\n|l|\u2606zhz2021\n|player|p2|\n",
  "uploadtime": 1776434524,
  "views": 46,
  "formatid": "gen9championsvgc2026regma",
  "rating": 1400,
  "private": 0,
  "password": null
}