{
  "id": "gen9championsvgc2026regma-2587527098",
  "format": "[Gen 9 Champions] VGC 2026 Reg M-A",
  "players": [
    "hjcwhj",
    "Brothraki"
  ],
  "log": "|j|\u2606hjcwhj\n|j|\u2606Brothraki\n|t:|1776539445\n|gametype|doubles\n|player|p1|hjcwhj|102|1326\n|player|p2|Brothraki|elesa-gen5bw2|1255\n|gen|9\n|tier|[Gen 9 Champions] VGC 2026 Reg M-A\n|rated|\n|rule|Species Clause: Limit one of each Pok\u00e9mon\n|rule|Item Clause: Limit 1 of each item\n|clearpoke\n|poke|p1|Froslass, L50, F, shiny|\n|poke|p1|Sneasler, L50, F, shiny|\n|poke|p1|Volcarona, L50, M, shiny|\n|poke|p1|Gyarados, L50, M, shiny|\n|poke|p1|Sinistcha, L50, shiny|\n|poke|p1|Kingambit, L50, M, shiny|\n|poke|p2|Slowking-Galar, L50, F|\n|poke|p2|Crabominable, L50, F|\n|poke|p2|Incineroar, L50, M|\n|poke|p2|Sinistcha-Masterpiece, L50|\n|poke|p2|Primarina, L50, F|\n|poke|p2|Kingambit, L50, M|\n|teampreview|4\n|inactive|Battle timer is ON: inactive players will automatically lose when time's up. (requested by hjcwhj)\n|l|\u2606Brothraki\n|inactive|Brothraki disconnected and has a minute to reconnect!\n|player|p2|\n|inactive|hjcwhj has 60 seconds left.\n|j|\u2606Brothraki\n|inactive|Brothraki reconnected and has 40 seconds left.\n|player|p2|Brothraki|elesa-gen5bw2|\n|inactive|Brothraki has 30 seconds left.\n|inactive|Brothraki has 20 seconds left.\n|\n|t:|1776539520\n|teamsize|p1|4\n|teamsize|p2|4\n|start\n|switch|p1a: Gyarados|Gyarados, L50, M, shiny|100/100\n|switch|p1b: Volcarona|Volcarona, L50, M, shiny|100/100\n|switch|p2a: Slowking|Slowking-Galar, L50, F|100/100\n|switch|p2b: Sinistcha|Sinistcha-Masterpiece, L50|100/100\n|-ability|p1a: Gyarados|Intimidate|boost\n|-unboost|p2a: Slowking|atk|1\n|-unboost|p2b: Sinistcha|atk|1\n|turn|1\n|\n|t:|1776539536\n|detailschange|p1a: Gyarados|Gyarados-Mega, L50, M, shiny\n|-mega|p1a: Gyarados|Gyarados|Gyaradosite\n|-ability|p1a: Gyarados|Mold Breaker\n|move|p1a: Gyarados|Dragon Dance|p1a: Gyarados\n|-boost|p1a: Gyarados|atk|1\n|-boost|p1a: Gyarados|spe|1\n|move|p1b: Volcarona|Quiver Dance|p1b: Volcarona\n|-boost|p1b: Volcarona|spa|1\n|-boost|p1b: Volcarona|spd|1\n|-boost|p1b: Volcarona|spe|1\n|-prepare|p2a: Slowking|Chilly Reception|[premajor]\n|move|p2a: Slowking|Chilly Reception|p2a: Slowking\n|-weather|Snowscape\n|\n|t:|1776539545\n|switch|p2a: Crabominable|Crabominable, L50, F|100/100|[from] Chilly Reception\n|move|p2b: Sinistcha|Trick Room|p2b: Sinistcha\n|-fieldstart|move: Trick Room|[of] p2b: Sinistcha\n|\n|-weather|Snowscape|[upkeep]\n|upkeep\n|turn|2\n|\n|t:|1776539560\n|detailschange|p2a: Crabominable|Crabominable-Mega, L50, F\n|-mega|p2a: Crabominable|Crabominable|Crabominite\n|move|p1b: Volcarona|Protect|p1b: Volcarona\n|-singleturn|p1b: Volcarona|Protect\n|move|p2b: Sinistcha|Rage Powder|p2b: Sinistcha\n|-singleturn|p2b: Sinistcha|move: Rage Powder\n|move|p2a: Crabominable|Drain Punch|p1a: Gyarados\n|-supereffective|p1a: Gyarados|1\n|-damage|p1a: Gyarados|0 fnt\n|faint|p1a: Gyarados\n|\n|-weather|Snowscape|[upkeep]\n|upkeep\n|\n|t:|1776539571\n|switch|p1a: Sneasler|Sneasler, L50, F, shiny|100/100\n|turn|3\n|\n|t:|1776539577\n|move|p2a: Crabominable|Protect|p2a: Crabominable\n|-singleturn|p2a: Crabominable|Protect\n|move|p1a: Sneasler|Fake Out|p2b: Sinistcha\n|-immune|p2b: Sinistcha\n|move|p2b: Sinistcha|Rage Powder|p2b: Sinistcha\n|-singleturn|p2b: Sinistcha|move: Rage Powder\n|move|p1b: Volcarona|Heat Wave|p2b: Sinistcha|[spread] \n|-activate|p2a: Crabominable|move: Protect\n|-miss|p1b: Volcarona|p2b: Sinistcha\n|\n|-weather|Snowscape|[upkeep]\n|upkeep\n|turn|4\n|\n|t:|1776539594\n|move|p2a: Crabominable|Ice Hammer|p1a: Sneasler\n|-crit|p1a: Sneasler\n|-damage|p1a: Sneasler|0 fnt\n|-unboost|p2a: Crabominable|spe|1\n|faint|p1a: Sneasler\n|move|p2b: Sinistcha|Matcha Gotcha|p1b: Volcarona\n|-resisted|p1b: Volcarona|2\n|-damage|p1b: Volcarona|95/100\n|move|p1b: Volcarona|Heat Wave|p2a: Crabominable|[spread] p2b\n|-miss|p1b: Volcarona|p2a: Crabominable\n|-supereffective|p2b: Sinistcha|1\n|-damage|p2b: Sinistcha|9/100\n|\n|-weather|Snowscape|[upkeep]\n|-heal|p1b: Volcarona|100/100|[from] item: Leftovers\n|upkeep\n|\n|t:|1776539599\n|switch|p1a: Kingambit|Kingambit, L50, M, shiny|100/100\n|turn|5\n|\n|t:|1776539607\n|move|p1a: Kingambit|Protect|p1a: Kingambit\n|-singleturn|p1a: Kingambit|Protect\n|move|p2b: Sinistcha|Rage Powder|p2b: Sinistcha\n|-singleturn|p2b: Sinistcha|move: Rage Powder\n|move|p2a: Crabominable|Drain Punch|p1a: Kingambit\n|-activate|p1a: Kingambit|move: Protect\n|move|p1b: Volcarona|Heat Wave|p2a: Crabominable|[spread] p2a,p2b\n|-supereffective|p2a: Crabominable|1\n|-supereffective|p2b: Sinistcha|1\n|-damage|p2a: Crabominable|21/100\n|-damage|p2b: Sinistcha|0 fnt\n|faint|p2b: Sinistcha\n|\n|-weather|none\n|-fieldend|move: Trick Room\n|upkeep\n|\n|t:|1776539618\n|switch|p2b: Slowking|Slowking-Galar, L50, F|100/100\n|turn|6\n|\n|t:|1776539627\n|move|p2a: Crabominable|Protect|p2a: Crabominable\n|-singleturn|p2a: Crabominable|Protect\n|move|p1a: Kingambit|Sucker Punch||[still]\n|-fail|p1a: Kingambit\n|move|p1b: Volcarona|Heat Wave|p2b: Slowking|[spread] p2b\n|-activate|p2a: Crabominable|move: Protect\n|-damage|p2b: Slowking|67/100\n|move|p2b: Slowking|Trick Room|p2b: Slowking\n|-fieldstart|move: Trick Room|[of] p2b: Slowking\n|\n|upkeep\n|turn|7\n|\n|t:|1776539640\n|move|p1a: Kingambit|Sucker Punch|p2a: Crabominable\n|-resisted|p2a: Crabominable|1\n|-damage|p2a: Crabominable|4/100\n|move|p2a: Crabominable|Drain Punch|p1a: Kingambit\n|-supereffective|p1a: Kingambit|2\n|-crit|p1a: Kingambit\n|-damage|p1a: Kingambit|0 fnt\n|-heal|p2a: Crabominable|53/100|[from] drain|[of] p1a: Kingambit\n|faint|p1a: Kingambit\n|-prepare|p2b: Slowking|Chilly Reception|[premajor]\n|move|p2b: Slowking|Chilly Reception|p2b: Slowking\n|-weather|Snowscape\n|\n|t:|1776539648\n|switch|p2b: Primarina|Primarina, L50, F|100/100|[from] Chilly Reception\n|move|p1b: Volcarona|Heat Wave|p2a: Crabominable|[spread] p2a,p2b\n|-supereffective|p2a: Crabominable|1\n|-resisted|p2b: Primarina|1\n|-damage|p2a: Crabominable|0 fnt\n|-damage|p2b: Primarina|80/100\n|faint|p2a: Crabominable\n|\n|-weather|Snowscape|[upkeep]\n|-heal|p2b: Primarina|86/100|[from] item: Leftovers\n|upkeep\n|\n|t:|1776539651\n|switch|p2a: Slowking|Slowking-Galar, L50, F|100/100\n|turn|8\n|\n|t:|1776539659\n|move|p2a: Slowking|Psychic Noise|p1b: Volcarona\n|-damage|p1b: Volcarona|82/100\n|-start|p1b: Volcarona|move: Heal Block\n|move|p2b: Primarina|Hyper Voice|p1b: Volcarona\n|-supereffective|p1b: Volcarona|1\n|-damage|p1b: Volcarona|21/100\n|cant|p1b: Volcarona|move: Heal Block|Giga Drain\n|\n|-weather|Snowscape|[upkeep]\n|-heal|p2b: Primarina|92/100|[from] item: Leftovers\n|upkeep\n|turn|9\n|-message|hjcwhj forfeited.\n|\n|win|Brothraki\n|raw|hjcwhj's rating: 1326 &rarr; <strong>1302</strong><br />(-24 for losing)\n|raw|Brothraki's rating: 1255 &rarr; <strong>1285</strong><br />(+30 for winning)\n|l|\u2606hjcwhj\n|player|p1|\n",
  "uploadtime": 1776539675,
  "views": 21,
  "formatid": "gen9championsvgc2026regma",
  "rating": 1285,
  "private": 0,
  "password": null
}