{
  "id": "gen9championsvgc2026regma-2580767922",
  "format": "[Gen 9 Champions] VGC 2026 Reg M-A",
  "players": [
    "TonySopranosWife",
    "Agastian"
  ],
  "log": "|j|\u2606TonySopranosWife\n|j|\u2606Agastian\n|t:|1775930883\n|gametype|doubles\n|player|p1|TonySopranosWife|battlegirl-gen4|1061\n|player|p2|Agastian|2|1050\n|gen|9\n|tier|[Gen 9 Champions] VGC 2026 Reg M-A\n|rated|\n|rule|Species Clause: Limit one of each Pok\u00e9mon\n|rule|Item Clause: Limit 1 of each item\n|clearpoke\n|poke|p1|Arcanine-Hisui, L50, M|\n|poke|p1|Starmie, L50|\n|poke|p1|Sinistcha, L50|\n|poke|p1|Volcarona, L50, F|\n|poke|p1|Farigiraf, L50, F|\n|poke|p1|Kingambit, L50, M|\n|poke|p2|Incineroar, L50, M|\n|poke|p2|Greninja-*, L50, F|\n|poke|p2|Farigiraf, L50, F|\n|poke|p2|Drampa, L50, F|\n|poke|p2|Whimsicott, L50, F|\n|poke|p2|Sinistcha, L50|\n|teampreview|4\n|\n|t:|1775930911\n|teamsize|p1|4\n|teamsize|p2|4\n|start\n|switch|p1a: Starmie|Starmie, L50|100/100\n|switch|p1b: Kingambit|Kingambit, L50, M|100/100\n|switch|p2a: Greninja|Greninja, L50, F, shiny|100/100\n|switch|p2b: Whimsicott|Whimsicott, L50, F|100/100\n|turn|1\n|\n|t:|1775930932\n|detailschange|p1a: Starmie|Starmie-Mega, L50\n|-mega|p1a: Starmie|Starmie|Starminite\n|move|p2b: Whimsicott|Tailwind|p2b: Whimsicott\n|-sidestart|p2: Agastian|move: Tailwind\n|move|p2a: Greninja|Hydro Pump|p1b: Kingambit\n|-start|p2a: Greninja|typechange|Water|[from] ability: Protean\n|-damage|p1b: Kingambit|52/100\n|move|p1a: Starmie|Skill Swap|p1b: Kingambit\n|-activate|p1a: Starmie|Skill Swap|||[of] p1b: Kingambit\n|move|p1b: Kingambit|Iron Head|p2b: Whimsicott\n|-supereffective|p2b: Whimsicott|1\n|-enditem|p2b: Whimsicott|Focus Sash\n|-damage|p2b: Whimsicott|1/100\n|\n|upkeep\n|turn|2\n|\n|t:|1775930949\n|switch|p1a: Farigiraf|Farigiraf, L50, F|100/100\n|move|p2b: Whimsicott|Encore||[still]\n|cant|p1a: Farigiraf|ability: Armor Tail|Encore|[of] p2b: Whimsicott\n|move|p1b: Kingambit|Sucker Punch|p2a: Greninja\n|-damage|p2a: Greninja|0 fnt\n|faint|p2a: Greninja\n|\n|upkeep\n|\n|t:|1775930960\n|switch|p2a: Incineroar|Incineroar, L50, M|100/100\n|-ability|p2a: Incineroar|Intimidate|boost\n|-unboost|p1a: Farigiraf|atk|1\n|-unboost|p1b: Kingambit|atk|1\n|turn|3\n|\n|t:|1775930999\n|move|p2a: Incineroar|Fake Out||[still]\n|cant|p1a: Farigiraf|ability: Armor Tail|Fake Out|[of] p2a: Incineroar\n|move|p1a: Farigiraf|Ally Switch|p1a: Farigiraf\n|swap|p1a: Farigiraf|1|[from] move: Ally Switch\n|move|p2b: Whimsicott|Moonblast|p1a: Kingambit\n|-damage|p1a: Kingambit|14/100\n|move|p1a: Kingambit|Low Sweep|p2a: Incineroar\n|-supereffective|p2a: Incineroar|1\n|-damage|p2a: Incineroar|39/100\n|-unboost|p2a: Incineroar|spe|1\n|-enditem|p2a: Incineroar|Sitrus Berry|[eat]\n|-heal|p2a: Incineroar|64/100|[from] item: Sitrus Berry\n|\n|upkeep\n|turn|4\n|\n|t:|1775931037\n|switch|p1b: Sinistcha|Sinistcha, L50|100/100\n|-heal|p1a: Kingambit|39/100|[from] ability: Hospitality|[of] p1b: Sinistcha\n|move|p2b: Whimsicott|Encore||[still]\n|-fail|p2b: Whimsicott\n|move|p1a: Kingambit|Sucker Punch||[still]\n|-fail|p1a: Kingambit\n|move|p2a: Incineroar|Flare Blitz|p1b: Sinistcha\n|-supereffective|p1b: Sinistcha|1\n|-damage|p1b: Sinistcha|32/100\n|-status|p1b: Sinistcha|brn\n|-damage|p2a: Incineroar|44/100|[from] Recoil\n|\n|-damage|p1b: Sinistcha|26/100 brn|[from] brn\n|-sideend|p2: Agastian|move: Tailwind\n|upkeep\n|turn|5\n|\n|t:|1775931081\n|move|p2b: Whimsicott|Protect|p2b: Whimsicott\n|-singleturn|p2b: Whimsicott|Protect\n|move|p1a: Kingambit|Protect|p1a: Kingambit\n|-singleturn|p1a: Kingambit|Protect\n|move|p1b: Sinistcha|Matcha Gotcha|p2a: Incineroar|[spread] p2a\n|-activate|p2b: Whimsicott|move: Protect\n|-resisted|p2a: Incineroar|1\n|-damage|p2a: Incineroar|36/100\n|-heal|p1b: Sinistcha|31/100 brn|[from] drain|[of] p2a: Incineroar\n|move|p2a: Incineroar|Parting Shot|p1a: Kingambit\n|-activate|p1a: Kingambit|move: Protect\n|\n|-damage|p1b: Sinistcha|25/100 brn|[from] brn\n|upkeep\n|turn|6\n|\n|t:|1775931118\n|switch|p2b: Sinistcha|Sinistcha, L50|100/100\n|-heal|p2a: Incineroar|61/100|[from] ability: Hospitality|[of] p2b: Sinistcha\n|move|p1b: Sinistcha|Rage Powder|p1b: Sinistcha\n|-singleturn|p1b: Sinistcha|move: Rage Powder\n|move|p1a: Kingambit|Iron Head|p2b: Sinistcha\n|-damage|p2b: Sinistcha|54/100\n|move|p2a: Incineroar|Darkest Lariat|p1b: Sinistcha\n|-supereffective|p1b: Sinistcha|1\n|-damage|p1b: Sinistcha|0 fnt\n|faint|p1b: Sinistcha\n|\n|upkeep\n|\n|t:|1775931128\n|switch|p1b: Starmie|Starmie-Mega, L50|100/100\n|turn|7\n|\n|t:|1775931153\n|move|p1b: Starmie|Zen Headbutt|p2b: Sinistcha|[miss]\n|-miss|p1b: Starmie|p2b: Sinistcha\n|move|p2b: Sinistcha|Strength Sap|p1a: Kingambit\n|-unboost|p1a: Kingambit|atk|1\n|-heal|p2b: Sinistcha|100/100\n|move|p1a: Kingambit|Iron Head|p2b: Sinistcha\n|-damage|p2b: Sinistcha|68/100\n|move|p2a: Incineroar|Darkest Lariat|p1b: Starmie\n|-supereffective|p1b: Starmie|1\n|-damage|p1b: Starmie|13/100\n|\n|upkeep\n|turn|8\n|\n|t:|1775931184\n|switch|p2b: Whimsicott|Whimsicott, L50, F|1/100\n|move|p1b: Starmie|Flip Turn|p2a: Incineroar\n|-supereffective|p2a: Incineroar|1\n|-damage|p2a: Incineroar|0 fnt\n|faint|p2a: Incineroar\n|\n|t:|1775931190\n|switch|p1b: Farigiraf|Farigiraf, L50, F|100/100|[from] Flip Turn\n|move|p1a: Kingambit|Low Sweep|p2b: Whimsicott\n|-resisted|p2b: Whimsicott|1\n|-damage|p2b: Whimsicott|0 fnt\n|faint|p2b: Whimsicott\n|\n|upkeep\n|\n|t:|1775931195\n|switch|p2b: Sinistcha|Sinistcha, L50|68/100\n|turn|9\n|\n|t:|1775931205\n|move|p2b: Sinistcha|Matcha Gotcha|p1a: Kingambit|[spread] p1a,p1b\n|-resisted|p1a: Kingambit|1\n|-damage|p1a: Kingambit|27/100\n|-heal|p2b: Sinistcha|75/100|[from] drain|[of] p1a: Kingambit\n|-damage|p1b: Farigiraf|75/100\n|-heal|p2b: Sinistcha|92/100|[from] drain|[of] p1b: Farigiraf\n|move|p1a: Kingambit|Iron Head|p2b: Sinistcha\n|-damage|p2b: Sinistcha|54/100\n|move|p1b: Farigiraf|Iron Head|p2b: Sinistcha|[miss]\n|-miss|p1b: Farigiraf|p2b: Sinistcha\n|\n|-heal|p1b: Farigiraf|80/100|[from] item: Leftovers\n|upkeep\n|turn|10\n|\n|t:|1775931225\n|move|p1a: Kingambit|Sucker Punch||[still]\n|-fail|p1a: Kingambit\n|move|p2b: Sinistcha|Strength Sap|p1a: Kingambit\n|-unboost|p1a: Kingambit|atk|1\n|-heal|p2b: Sinistcha|100/100\n|move|p1b: Farigiraf|Iron Head|p2b: Sinistcha\n|-damage|p2b: Sinistcha|85/100\n|\n|-heal|p1b: Farigiraf|86/100|[from] item: Leftovers\n|upkeep\n|turn|11\n|\n|t:|1775931246\n|move|p1a: Kingambit|Sucker Punch|p2b: Sinistcha\n|-supereffective|p2b: Sinistcha|1\n|-damage|p2b: Sinistcha|27/100\n|move|p2b: Sinistcha|Matcha Gotcha|p1a: Kingambit|[spread] p1a,p1b\n|-resisted|p1a: Kingambit|1\n|-damage|p1a: Kingambit|12/100\n|-heal|p2b: Sinistcha|36/100|[from] drain|[of] p1a: Kingambit\n|-damage|p1b: Farigiraf|62/100\n|-heal|p2b: Sinistcha|51/100|[from] drain|[of] p1b: Farigiraf\n|move|p1b: Farigiraf|Iron Head|p2b: Sinistcha\n|-damage|p2b: Sinistcha|34/100\n|\n|-heal|p1b: Farigiraf|68/100|[from] item: Leftovers\n|upkeep\n|turn|12\n|\n|t:|1775931265\n|move|p1b: Farigiraf|Ally Switch|p1b: Farigiraf\n|swap|p1b: Farigiraf|0|[from] move: Ally Switch\n|move|p2b: Sinistcha|Strength Sap|p1a: Farigiraf\n|-unboost|p1a: Farigiraf|atk|1\n|-heal|p2b: Sinistcha|100/100\n|move|p1b: Kingambit|Iron Head|p2b: Sinistcha\n|-damage|p2b: Sinistcha|75/100\n|\n|-heal|p1a: Farigiraf|74/100|[from] item: Leftovers\n|upkeep\n|turn|13\n|\n|t:|1775931283\n|switch|p1a: Starmie|Starmie-Mega, L50|13/100\n|move|p1b: Kingambit|Protect|p1b: Kingambit\n|-singleturn|p1b: Kingambit|Protect\n|move|p2b: Sinistcha|Matcha Gotcha|p1a: Starmie|[spread] p1a\n|-activate|p1b: Kingambit|move: Protect\n|-supereffective|p1a: Starmie|1\n|-damage|p1a: Starmie|0 fnt\n|-heal|p2b: Sinistcha|80/100|[from] drain|[of] p1a: Starmie\n|faint|p1a: Starmie\n|\n|upkeep\n|\n|t:|1775931291\n|switch|p1a: Farigiraf|Farigiraf, L50, F|74/100\n|turn|14\n|\n|t:|1775931303\n|move|p1b: Kingambit|Sucker Punch||[still]\n|-fail|p1b: Kingambit\n|move|p2b: Sinistcha|Strength Sap|p1a: Farigiraf\n|-unboost|p1a: Farigiraf|atk|1\n|-heal|p2b: Sinistcha|100/100\n|move|p1a: Farigiraf|Iron Head|p2b: Sinistcha\n|-damage|p2b: Sinistcha|89/100\n|\n|-heal|p1a: Farigiraf|80/100|[from] item: Leftovers\n|upkeep\n|turn|15\n|c|\u2606TonySopranosWife|gg man.\n|-message|TonySopranosWife forfeited.\n|\n|win|Agastian\n|raw|TonySopranosWife's rating: 1061 &rarr; <strong>1041</strong><br />(-20 for losing)\n|raw|Agastian's rating: 1050 &rarr; <strong>1084</strong><br />(+34 for winning)\n|l|\u2606TonySopranosWife\n|player|p1|\n|c|\u2606Agastian|gg\n",
  "uploadtime": 1775931327,
  "views": 33,
  "formatid": "gen9championsvgc2026regma",
  "rating": 1041,
  "private": 0,
  "password": null
}