{
  "id": "gen9championsvgc2026regma-2583267926",
  "format": "[Gen 9 Champions] VGC 2026 Reg M-A",
  "players": [
    "labubumechanics",
    "StaZix"
  ],
  "log": "|j|\u2606labubumechanics\n|j|\u2606StaZix\n|t:|1776161376\n|gametype|doubles\n|player|p1|labubumechanics|169|1025\n|player|p2|StaZix|101|1046\n|gen|9\n|tier|[Gen 9 Champions] VGC 2026 Reg M-A\n|rated|\n|rule|Species Clause: Limit one of each Pok\u00e9mon\n|rule|Item Clause: Limit 1 of each item\n|clearpoke\n|poke|p1|Alakazam, L50, F|\n|poke|p1|Meowstic, L50, M|\n|poke|p1|Incineroar, L50, M|\n|poke|p1|Sinistcha, L50|\n|poke|p1|Froslass, L50, F|\n|poke|p1|Milotic, L50, F|\n|poke|p2|Aegislash, L50, M|\n|poke|p2|Maushold-Four, L50|\n|poke|p2|Passimian, L50, F|\n|poke|p2|Whimsicott, L50, F|\n|poke|p2|Glimmora, L50, F|\n|poke|p2|Starmie, L50|\n|teampreview|4\n|\n|t:|1776161420\n|teamsize|p1|4\n|teamsize|p2|4\n|start\n|switch|p1a: Meowstic|Meowstic, L50, M|100/100\n|switch|p1b: Alakazam|Alakazam, L50, F|100/100\n|switch|p2a: Glee more|Glimmora, L50, F|100/100\n|switch|p2b: IG slash|Aegislash, L50, M|100/100\n|turn|1\n|c|\u2606StaZix|please if you're mega meowstic my life is yours\n|\n|t:|1776161447\n|detailschange|p1b: Alakazam|Alakazam-Mega, L50, F\n|-mega|p1b: Alakazam|Alakazam|Alakazite\n|-ability|p1b: Alakazam|Toxic Debris|Trace|[from] ability: Trace|[of] p2a: Glee more\n|move|p2a: Glee more|Protect|p2a: Glee more\n|-singleturn|p2a: Glee more|Protect\n|move|p1a: Meowstic|Psychic Terrain|p1a: Meowstic\n|-fieldstart|move: Psychic Terrain\n|-formechange|p2b: IG slash|Aegislash-Blade|\n|move|p2b: IG slash|Shadow Sneak|p1b: Alakazam\n|-activate|p1b: Alakazam|move: Psychic Terrain\n|move|p1b: Alakazam|Psychic|p2a: Glee more\n|-activate|p2a: Glee more|move: Protect\n|\n|upkeep\n|turn|2\n|c|\u2606StaZix|nooooooooo\n|c|\u2606labubumechanics|LMAO\n|c|\u2606StaZix|my babyyyyyyy\n|c|\u2606labubumechanics|:-p\n|c|\u2606StaZix|why did they give you traaaaace\n|\n|t:|1776161486\n|switch|p2a: Maw sold|Maushold-Four, L50|100/100\n|move|p1a: Meowstic|Helping Hand|p1b: Alakazam\n|-singleturn|p1b: Alakazam|Helping Hand|[of] p1a: Meowstic\n|move|p1b: Alakazam|Expanding Force|p2a: Maw sold|[spread] p2a,p2b\n|-resisted|p2b: IG slash|1\n|-damage|p2a: Maw sold|0 fnt\n|-damage|p2b: IG slash|29/100\n|faint|p2a: Maw sold\n|move|p2b: IG slash|Iron Head|p1b: Alakazam\n|-damage|p1b: Alakazam|27/100\n|-activate|p1b: Alakazam|ability: Toxic Debris\n|-sidestart|p2: StaZix|move: Toxic Spikes\n|\n|upkeep\n|\n|t:|1776161497\n|switch|p2a: Glee more|Glimmora, L50, F|100/100\n|-sideend|p2: StaZix|move: Toxic Spikes|[of] p2a: Glee more\n|turn|3\n|\n|t:|1776161506\n|detailschange|p2a: Glee more|Glimmora-Mega, L50, F\n|-mega|p2a: Glee more|Glimmora|Glimmoranite\n|move|p1b: Alakazam|Protect|p1b: Alakazam\n|-singleturn|p1b: Alakazam|Protect\n|move|p2b: IG slash|Wide Guard|p2b: IG slash\n|-singleturn|p2b: IG slash|Wide Guard\n|move|p2a: Glee more|Sludge Wave|p1a: Meowstic|[spread] p1a\n|-activate|p2b: IG slash|move: Wide Guard\n|-activate|p1b: Alakazam|move: Protect\n|-damage|p1a: Meowstic|34/100\n|move|p1a: Meowstic|Expanding Force|p2b: IG slash|[spread] \n|-activate|p2a: Glee more|move: Wide Guard\n|-activate|p2b: IG slash|move: Wide Guard\n|\n|upkeep\n|turn|4\n|\n|t:|1776161527\n|move|p2a: Glee more|Protect|p2a: Glee more\n|-singleturn|p2a: Glee more|Protect\n|-formechange|p2b: IG slash|Aegislash|\n|move|p2b: IG slash|King's Shield|p2b: IG slash\n|-singleturn|p2b: IG slash|Protect\n|move|p1b: Alakazam|Psychic|p2a: Glee more\n|-activate|p2a: Glee more|move: Protect\n|move|p1a: Meowstic|Expanding Force|p2a: Glee more|[spread] \n|-activate|p2a: Glee more|move: Protect\n|-activate|p2b: IG slash|move: Protect\n|\n|upkeep\n|turn|5\n|\n|t:|1776161560\n|switch|p2a: We biscotte|Whimsicott, L50, F|100/100\n|move|p1b: Alakazam|Psychic|p2a: We biscotte\n|-damage|p2a: We biscotte|5/100\n|-unboost|p2a: We biscotte|spd|1\n|move|p1a: Meowstic|Expanding Force|p2b: IG slash|[spread] p2a,p2b\n|-resisted|p2b: IG slash|1\n|-damage|p2a: We biscotte|0 fnt\n|-damage|p2b: IG slash|16/100\n|faint|p2a: We biscotte\n|-formechange|p2b: IG slash|Aegislash-Blade|\n|move|p2b: IG slash|Iron Head|p1b: Alakazam\n|-damage|p1b: Alakazam|0 fnt\n|-activate|p1b: Alakazam|ability: Toxic Debris\n|-sidestart|p2: StaZix|move: Toxic Spikes\n|faint|p1b: Alakazam\n|\n|-fieldend|move: Psychic Terrain\n|upkeep\n|\n|t:|1776161577\n|switch|p1b: Incineroar|Incineroar, L50, M|100/100\n|switch|p2a: Glee more|Glimmora-Mega, L50, F|100/100\n|-sideend|p2: StaZix|move: Toxic Spikes|[of] p2a: Glee more\n|-ability|p1b: Incineroar|Intimidate|boost\n|-unboost|p2a: Glee more|atk|1\n|-unboost|p2b: IG slash|atk|1\n|turn|6\n|\n|t:|1776161593\n|move|p1b: Incineroar|Fake Out|p2a: Glee more\n|-resisted|p2a: Glee more|1\n|-damage|p2a: Glee more|94/100\n|move|p1a: Meowstic|Psychic Terrain|p1a: Meowstic\n|-fieldstart|move: Psychic Terrain\n|move|p2b: IG slash|Shadow Sneak|p1a: Meowstic\n|-activate|p1a: Meowstic|move: Psychic Terrain\n|cant|p2a: Glee more|flinch\n|\n|upkeep\n|turn|7\n|\n|t:|1776161615\n|switch|p1a: Sinistcha|Sinistcha, L50|100/100\n|move|p2a: Glee more|Protect|p2a: Glee more\n|-singleturn|p2a: Glee more|Protect\n|-formechange|p2b: IG slash|Aegislash|\n|move|p2b: IG slash|King's Shield|p2b: IG slash\n|-singleturn|p2b: IG slash|Protect\n|move|p1b: Incineroar|Flare Blitz|p2b: IG slash\n|-activate|p2b: IG slash|move: Protect\n|-unboost|p1b: Incineroar|atk|1\n|\n|upkeep\n|turn|8\n|\n|t:|1776161638\n|move|p2b: IG slash|Wide Guard|p2b: IG slash\n|-singleturn|p2b: IG slash|Wide Guard\n|move|p1a: Sinistcha|Rage Powder|p1a: Sinistcha\n|-singleturn|p1a: Sinistcha|move: Rage Powder\n|move|p2a: Glee more|Power Gem|p1a: Sinistcha\n|-damage|p1a: Sinistcha|38/100\n|move|p1b: Incineroar|Flare Blitz|p2b: IG slash\n|-supereffective|p2b: IG slash|1\n|-damage|p2b: IG slash|0 fnt\n|faint|p2b: IG slash\n|-damage|p1b: Incineroar|96/100|[from] Recoil\n|\n|upkeep\n|turn|9\n|\n|t:|1776161653\n|move|p1a: Sinistcha|Rage Powder|p1a: Sinistcha\n|-singleturn|p1a: Sinistcha|move: Rage Powder\n|move|p2a: Glee more|Sludge Wave|p1b: Incineroar|[spread] p1a,p1b\n|-damage|p1a: Sinistcha|0 fnt\n|-damage|p1b: Incineroar|46/100\n|faint|p1a: Sinistcha\n|move|p1b: Incineroar|Parting Shot|p2a: Glee more\n|-unboost|p2a: Glee more|atk|1\n|-unboost|p2a: Glee more|spa|1\n|\n|t:|1776161660\n|switch|p1b: Meowstic|Meowstic, L50, M|34/100|[from] Parting Shot\n|\n|upkeep\n|\n|t:|1776161664\n|switch|p1a: Incineroar|Incineroar, L50, M|46/100\n|-ability|p1a: Incineroar|Intimidate|boost\n|-unboost|p2a: Glee more|atk|1\n|turn|10\n|c|\u2606StaZix|ggs\n|c|\u2606StaZix|i think you win\n|\n|t:|1776161690\n|move|p2a: Glee more|Protect|p2a: Glee more\n|-singleturn|p2a: Glee more|Protect\n|move|p1a: Incineroar|Fake Out|p2a: Glee more\n|-activate|p2a: Glee more|move: Psychic Terrain\n|move|p1b: Meowstic|Expanding Force|p2a: Glee more\n|-activate|p2a: Glee more|move: Protect\n|\n|-fieldend|move: Psychic Terrain\n|upkeep\n|turn|11\n|c|\u2606StaZix|actually no i have the win con-\n|\n|t:|1776161710\n|move|p2a: Glee more|Power Gem|p1b: Meowstic\n|-damage|p1b: Meowstic|0 fnt\n|faint|p1b: Meowstic\n|move|p1a: Incineroar|Parting Shot|p2a: Glee more\n|-unboost|p2a: Glee more|atk|1\n|-unboost|p2a: Glee more|spa|1\n|\n|upkeep\n|turn|12\n|c|\u2606labubumechanics|ggs <3\n|\n|t:|1776161727\n|move|p2a: Glee more|Power Gem|p1a: Incineroar\n|-supereffective|p1a: Incineroar|1\n|-damage|p1a: Incineroar|0 fnt\n|faint|p1a: Incineroar\n|\n|win|StaZix\n|raw|labubumechanics's rating: 1025 &rarr; <strong>1012</strong><br />(-13 for losing)\n|raw|StaZix's rating: 1046 &rarr; <strong>1077</strong><br />(+31 for winning)\n",
  "uploadtime": 1776161731,
  "views": 17,
  "formatid": "gen9championsvgc2026regma",
  "rating": 1012,
  "private": 0,
  "password": null
}