{
  "id": "gen9championsvgc2026regma-2582670608",
  "format": "[Gen 9 Champions] VGC 2026 Reg M-A",
  "players": [
    "bzdxfbzabg",
    "lfdgm"
  ],
  "log": "|j|\u2606bzdxfbzabg\n|j|\u2606lfdgm\n|t:|1776106242\n|gametype|doubles\n|player|p1|bzdxfbzabg|170|1119\n|player|p2|lfdgm|skyla|1091\n|gen|9\n|tier|[Gen 9 Champions] VGC 2026 Reg M-A\n|rated|\n|rule|Species Clause: Limit one of each Pok\u00e9mon\n|rule|Item Clause: Limit 1 of each item\n|clearpoke\n|poke|p1|Aggron, L50, F|\n|poke|p1|Incineroar, L50, M|\n|poke|p1|Pelipper, L50, F|\n|poke|p1|Sinistcha, L50|\n|poke|p1|Farigiraf, L50, M|\n|poke|p1|Basculegion, L50, M|\n|poke|p2|Drampa, L50, M|\n|poke|p2|Audino, L50, F|\n|poke|p2|Sinistcha, L50|\n|poke|p2|Torkoal, L50, F|\n|poke|p2|Scizor, L50, F|\n|poke|p2|Clefable, L50, M|\n|teampreview|4\n|\n|t:|1776106295\n|teamsize|p1|4\n|teamsize|p2|4\n|start\n|switch|p1a: Farigiraf|Farigiraf, L50, M|100/100\n|switch|p1b: Basculegion|Basculegion, L50, M|100/100\n|switch|p2a: Drampa|Drampa, L50, M|100/100\n|switch|p2b: Sinistcha|Sinistcha, L50|100/100\n|-ability|p2a: Drampa|Cloud Nine\n|turn|1\n|\n|t:|1776106313\n|switch|p2b: Audino|Audino, L50, F|100/100\n|detailschange|p2a: Drampa|Drampa-Mega, L50, M\n|-mega|p2a: Drampa|Drampa|Drampanite\n|move|p1b: Basculegion|Flip Turn|p2a: Drampa\n|-resisted|p2a: Drampa|1\n|-damage|p2a: Drampa|84/100\n|\n|t:|1776106324\n|switch|p1b: Aggron|Aggron, L50, F, shiny|100/100|[from] Flip Turn\n|move|p1a: Farigiraf|Twin Beam|p2a: Drampa\n|-damage|p2a: Drampa|70/100\n|-damage|p2a: Drampa|59/100\n|-hitcount|p2a: Drampa|2\n|move|p2a: Drampa|Dragon Pulse|p1b: Aggron\n|-resisted|p1b: Aggron|1\n|-damage|p1b: Aggron|75/100\n|\n|upkeep\n|turn|2\n|\n|t:|1776106344\n|detailschange|p1b: Aggron|Aggron-Mega, L50, F, shiny\n|-mega|p1b: Aggron|Aggron|Aggronite\n|move|p2b: Audino|Ally Switch|p2b: Audino\n|swap|p2b: Audino|0|[from] move: Ally Switch\n|move|p1b: Aggron|Heavy Slam|p2b: Drampa\n|-damage|p2b: Drampa|44/100\n|-ability|p2b: Drampa|Berserk|boost\n|-boost|p2b: Drampa|spa|1\n|move|p2b: Drampa|Earth Power|p1b: Aggron\n|-supereffective|p1b: Aggron|1\n|-damage|p1b: Aggron|12/100\n|move|p1a: Farigiraf|Trick Room|p1a: Farigiraf\n|-fieldstart|move: Trick Room|[of] p1a: Farigiraf\n|\n|upkeep\n|turn|3\n|n|\u2606bzdxfbzabg|bzdxfbzabg\n|c|\u2606bzdxfbzabg|really dude\n|inactive|Battle timer is ON: inactive players will automatically lose when time's up. (requested by lfdgm)\n|c|\u2606bzdxfbzabg|ally switch cheese in cts\n|c|\u2606bzdxfbzabg|degenrate behavior\n|\n|t:|1776106425\n|switch|p2a: Sinistcha|Sinistcha, L50|100/100\n|-heal|p2b: Drampa|69/100|[from] ability: Hospitality|[of] p2a: Sinistcha\n|move|p1a: Farigiraf|Helping Hand|p1b: Aggron\n|-singleturn|p1b: Aggron|Helping Hand|[of] p1a: Farigiraf\n|move|p2b: Drampa|Hyper Voice|p1a: Farigiraf|[spread] p1a,p1b\n|-resisted|p1b: Aggron|1\n|-damage|p1a: Farigiraf|51/100\n|-damage|p1b: Aggron|0 fnt\n|faint|p1b: Aggron\n|\n|upkeep\n|c|\u2606lfdgm|ally switch isnt cheese bro\n|c|\u2606lfdgm|youre just bad\n|c|\u2606bzdxfbzabg|shameful cheese in cts\n|c|\u2606lfdgm|not my fault you dont run body press\n|c|\u2606bzdxfbzabg|no wonder they stopped cts from regionals\n|inactive|bzdxfbzabg has 30 seconds left.\n|c|\u2606bzdxfbzabg|so losers like you cant cheese\n|\n|t:|1776106456\n|switch|p1b: Pelipper|Pelipper, L50, F|100/100\n|-weather|RainDance|[from] ability: Drizzle|[of] p1b: Pelipper\n|turn|4\n|\n|t:|1776106474\n|move|p1b: Pelipper|Wide Guard|p1b: Pelipper\n|-singleturn|p1b: Pelipper|Wide Guard\n|move|p2b: Drampa|Hyper Voice|p1a: Farigiraf|[spread] \n|-activate|p1a: Farigiraf|move: Wide Guard\n|-activate|p1b: Pelipper|move: Wide Guard\n|move|p1a: Farigiraf|Twin Beam|p2b: Drampa\n|-damage|p2b: Drampa|55/100\n|-damage|p2b: Drampa|43/100\n|-hitcount|p2b: Drampa|2\n|-ability|p2b: Drampa|Berserk|boost\n|-boost|p2b: Drampa|spa|1\n|move|p2a: Sinistcha|Matcha Gotcha|p1b: Pelipper|[spread] \n|-activate|p1a: Farigiraf|move: Wide Guard\n|-activate|p1b: Pelipper|move: Wide Guard\n|\n|-weather|RainDance|[upkeep]\n|upkeep\n|turn|5\n|c|\u2606bzdxfbzabg|when you place top 32 at a regionals come talk to me clown\n|\n|t:|1776106495\n|switch|p2a: Audino|Audino, L50, F|100/100\n|move|p2b: Drampa|Dragon Pulse|p1a: Farigiraf\n|-damage|p1a: Farigiraf|0 fnt\n|faint|p1a: Farigiraf\n|move|p1b: Pelipper|Hurricane|p2b: Drampa\n|-damage|p2b: Drampa|9/100\n|-start|p2b: Drampa|confusion\n|\n|-weather|RainDance|[upkeep]\n|upkeep\n|\n|t:|1776106500\n|switch|p1a: Basculegion|Basculegion, L50, M|100/100\n|turn|6\n|\n|t:|1776106519\n|switch|p2b: Sinistcha|Sinistcha, L50|100/100\n|move|p1a: Basculegion|Aqua Jet|p2a: Audino\n|-damage|p2a: Audino|68/100\n|move|p2a: Audino|Wish|p2a: Audino\n|move|p1b: Pelipper|Hurricane|p2a: Audino\n|-damage|p2a: Audino|30/100\n|-start|p2a: Audino|confusion\n|\n|-weather|RainDance|[upkeep]\n|-heal|p2a: Audino|37/100|[from] item: Leftovers\n|-fieldend|move: Trick Room\n|upkeep\n|turn|7\n|c|\u2606bzdxfbzabg|shame cheeser\n|\n|t:|1776106542\n|move|p2b: Sinistcha|Rage Powder|p2b: Sinistcha\n|-singleturn|p2b: Sinistcha|move: Rage Powder\n|move|p1a: Basculegion|Aqua Jet|p2b: Sinistcha\n|-resisted|p2b: Sinistcha|1\n|-damage|p2b: Sinistcha|85/100\n|move|p1b: Pelipper|Hurricane|p2b: Sinistcha\n|-supereffective|p2b: Sinistcha|1\n|-damage|p2b: Sinistcha|0 fnt\n|faint|p2b: Sinistcha\n|-activate|p2a: Audino|confusion\n|-damage|p2a: Audino|31/100|[from] confusion\n|\n|-weather|RainDance|[upkeep]\n|-heal|p2a: Audino|81/100|[from] move: Wish|[wisher] Audino\n|-heal|p2a: Audino|88/100|[from] item: Leftovers\n|upkeep\n|c|\u2606bzdxfbzabg|hope you dont wake up\n|c|\u2606bzdxfbzabg|ever\n|\n|t:|1776106553\n|switch|p2b: Torkoal|Torkoal, L50, F|100/100\n|-weather|SunnyDay|[from] ability: Drought|[of] p2b: Torkoal\n|turn|8\n|c|\u2606bzdxfbzabg|f ing loser\n|\n|t:|1776106565\n|move|p1b: Pelipper|Wide Guard|p1b: Pelipper\n|-singleturn|p1b: Pelipper|Wide Guard\n|move|p1a: Basculegion|Aqua Jet|p2b: Torkoal\n|-supereffective|p2b: Torkoal|1\n|-crit|p2b: Torkoal\n|-damage|p2b: Torkoal|78/100\n|move|p2b: Torkoal|Will-O-Wisp|p1a: Basculegion\n|-status|p1a: Basculegion|brn\n|-activate|p2a: Audino|confusion\n|move|p2a: Audino|Trick Room|p2a: Audino\n|-fieldstart|move: Trick Room|[of] p2a: Audino\n|\n|-weather|SunnyDay|[upkeep]\n|-heal|p2a: Audino|94/100|[from] item: Leftovers\n|-damage|p1a: Basculegion|94/100 brn|[from] brn\n|upkeep\n|turn|9\n|-message|bzdxfbzabg forfeited.\n|\n|win|lfdgm\n|raw|bzdxfbzabg's rating: 1119 &rarr; <strong>1092</strong><br />(-27 for losing)\n|raw|lfdgm's rating: 1091 &rarr; <strong>1119</strong><br />(+28 for winning)\n|l|\u2606bzdxfbzabg\n|player|p1|\n",
  "uploadtime": 1776106656,
  "views": 15,
  "formatid": "gen9championsvgc2026regma",
  "rating": 1092,
  "private": 0,
  "password": null
}