{
  "id": "gen9championsvgc2026regma-2584826090",
  "format": "[Gen 9 Champions] VGC 2026 Reg M-A",
  "players": [
    "benjiapollo",
    "Aacheryon"
  ],
  "log": "|j|\u2606benjiapollo\n|j|\u2606Aacheryon\n|t:|1776286594\n|gametype|doubles\n|player|p1|benjiapollo|giovanni|1202\n|player|p2|Aacheryon|roughneck|1236\n|gen|9\n|tier|[Gen 9 Champions] VGC 2026 Reg M-A\n|rated|\n|rule|Species Clause: Limit one of each Pok\u00e9mon\n|rule|Item Clause: Limit 1 of each item\n|clearpoke\n|poke|p1|Basculegion, L50, M|\n|poke|p1|Charizard, L50, F|\n|poke|p1|Kingambit, L50, M|\n|poke|p1|Sneasler, L50, M|\n|poke|p1|Venusaur, L50, F|\n|poke|p1|Talonflame, L50, M|\n|poke|p2|Slowking-Galar, L50, M|\n|poke|p2|Meowstic, L50, M|\n|poke|p2|Crabominable, L50, F|\n|poke|p2|Aggron, L50, F|\n|poke|p2|Sinistcha-Masterpiece, L50|\n|poke|p2|Primarina, L50, F|\n|teampreview|4\n|\n|t:|1776286623\n|teamsize|p1|4\n|teamsize|p2|4\n|start\n|switch|p1a: Talonflame|Talonflame, L50, M|100/100\n|switch|p1b: Charizard|Charizard, L50, F|100/100\n|switch|p2a: Aggron|Aggron, L50, F|100/100\n|switch|p2b: Meowstic|Meowstic, L50, M|100/100\n|turn|1\n|inactive|Battle timer is ON: inactive players will automatically lose when time's up. (requested by benjiapollo)\n|\n|t:|1776286650\n|switch|p2a: Slowking|Slowking-Galar, L50, M|100/100\n|move|p2b: Meowstic|Fake Out|p1b: Charizard\n|-damage|p1b: Charizard|93/100\n|move|p1a: Talonflame|Flare Blitz|p2b: Meowstic\n|-damage|p2b: Meowstic|47/100\n|-damage|p1a: Talonflame|80/100|[from] Recoil\n|cant|p1b: Charizard|flinch\n|\n|upkeep\n|turn|2\n|\n|t:|1776286673\n|detailschange|p1b: Charizard|Charizard-Mega-X, L50, F\n|-mega|p1b: Charizard|Charizard|Charizardite X\n|move|p2b: Meowstic|Reflect|p2b: Meowstic\n|-sidestart|p2: Aacheryon|Reflect\n|move|p1a: Talonflame|Flare Blitz|p2b: Meowstic\n|-damage|p2b: Meowstic|8/100\n|-damage|p1a: Talonflame|65/100|[from] Recoil\n|move|p1b: Charizard|Flare Blitz|p2a: Slowking\n|-damage|p2a: Slowking|42/100\n|-damage|p1b: Charizard|68/100|[from] Recoil\n|move|p2a: Slowking|Trick Room|p2a: Slowking\n|-fieldstart|move: Trick Room|[of] p2a: Slowking\n|\n|upkeep\n|turn|3\n|\n|t:|1776286694\n|move|p2b: Meowstic|Psychic Terrain|p2b: Meowstic\n|-fieldstart|move: Psychic Terrain\n|move|p2a: Slowking|Expanding Force|p1b: Charizard|[spread] p1a,p1b\n|-crit|p1a: Talonflame\n|-damage|p1a: Talonflame|0 fnt\n|-damage|p1b: Charizard|0 fnt\n|faint|p1a: Talonflame\n|faint|p1b: Charizard\n|\n|upkeep\n|\n|t:|1776286700\n|switch|p1b: Sneasler|Sneasler, L50, M|100/100\n|switch|p1a: Kingambit|Kingambit, L50, M|100/100\n|turn|4\n|\n|t:|1776286717\n|-prepare|p2a: Slowking|Chilly Reception|[premajor]\n|move|p2a: Slowking|Chilly Reception|p2a: Slowking\n|-weather|Snowscape\n|\n|t:|1776286720\n|switch|p2a: Aggron|Aggron, L50, F|100/100|[from] Chilly Reception\n|move|p1a: Kingambit|Kowtow Cleave|p2a: Aggron\n|-damage|p2a: Aggron|77/100\n|move|p2b: Meowstic|Expanding Force|p1b: Sneasler|[spread] p1b\n|-immune|p1a: Kingambit\n|-supereffective|p1b: Sneasler|2\n|-damage|p1b: Sneasler|0 fnt\n|faint|p1b: Sneasler\n|\n|-weather|Snowscape|[upkeep]\n|upkeep\n|turn|5\n|\n|t:|1776286736\n|switch|p2b: Sinistcha|Sinistcha-Masterpiece, L50|100/100\n|-heal|p2a: Aggron|100/100|[from] ability: Hospitality|[of] p2b: Sinistcha\n|detailschange|p2a: Aggron|Aggron-Mega, L50, F\n|-mega|p2a: Aggron|Aggron|Aggronite\n|move|p2a: Aggron|Iron Defense|p2a: Aggron\n|-boost|p2a: Aggron|def|2\n|move|p1a: Kingambit|Iron Head|p2a: Aggron\n|-resisted|p2a: Aggron|1\n|-damage|p2a: Aggron|97/100\n|\n|-weather|Snowscape|[upkeep]\n|upkeep\n|turn|6\n|-message|benjiapollo forfeited.\n|\n|win|Aacheryon\n|raw|benjiapollo's rating: 1202 &rarr; <strong>1179</strong><br />(-23 for losing)\n|raw|Aacheryon's rating: 1236 &rarr; <strong>1259</strong><br />(+23 for winning)\n|l|\u2606Aacheryon\n|player|p2|\n",
  "uploadtime": 1776286749,
  "views": 27,
  "formatid": "gen9championsvgc2026regma",
  "rating": 1179,
  "private": 0,
  "password": null
}