{
  "id": "gen9championsvgc2026regma-2584277696",
  "format": "[Gen 9 Champions] VGC 2026 Reg M-A",
  "players": [
    "TheSourikatas",
    "TheWonderfulGirl"
  ],
  "log": "|j|\u2606TheSourikatas\n|j|\u2606TheWonderfulGirl\n|t:|1776246299\n|gametype|doubles\n|player|p1|TheSourikatas|n|1068\n|player|p2|TheWonderfulGirl|pokekid|1122\n|gen|9\n|tier|[Gen 9 Champions] VGC 2026 Reg M-A\n|rated|\n|rule|Species Clause: Limit one of each Pok\u00e9mon\n|rule|Item Clause: Limit 1 of each item\n|clearpoke\n|poke|p1|Floette-Eternal, L50, F|\n|poke|p1|Whimsicott, L50, F|\n|poke|p1|Basculegion, L50, M|\n|poke|p1|Sneasler, L50, F|\n|poke|p1|Kingambit, L50, F|\n|poke|p1|Rotom-Heat, L50|\n|poke|p2|Froslass, L50, F|\n|poke|p2|Garchomp, L50, M|\n|poke|p2|Rotom-Frost, L50|\n|poke|p2|Empoleon, L50, F|\n|poke|p2|Incineroar, L50, M|\n|poke|p2|Kingambit, L50, F|\n|teampreview|4\n|inactive|Battle timer is ON: inactive players will automatically lose when time's up. (requested by TheWonderfulGirl)\n|inactive|TheWonderfulGirl has 60 seconds left.\n|\n|t:|1776246357\n|teamsize|p1|4\n|teamsize|p2|4\n|start\n|switch|p1a: Floette|Floette-Eternal, L50, F|100/100\n|switch|p1b: Whimsicott|Whimsicott, L50, F|100/100\n|switch|p2a: Froslass|Froslass, L50, F|100/100\n|switch|p2b: Rotom|Rotom-Frost, L50|100/100\n|turn|1\n|\n|t:|1776246381\n|detailschange|p2a: Froslass|Froslass-Mega, L50, F\n|-mega|p2a: Froslass|Froslass|Froslassite\n|-weather|Snowscape|[from] ability: Snow Warning|[of] p2a: Froslass\n|detailschange|p1a: Floette|Floette-Mega, L50, F\n|-mega|p1a: Floette|Floette|Floettite\n|-ability|p1a: Floette|Fairy Aura\n|move|p1a: Floette|Protect|p1a: Floette\n|-singleturn|p1a: Floette|Protect\n|move|p1b: Whimsicott|Tailwind|p1b: Whimsicott\n|-sidestart|p1: TheSourikatas|move: Tailwind\n|move|p2b: Rotom|Electroweb|p1b: Whimsicott|[spread] p1b\n|-activate|p1a: Floette|move: Protect\n|-resisted|p1b: Whimsicott|1\n|-damage|p1b: Whimsicott|87/100\n|-unboost|p1b: Whimsicott|spe|1\n|move|p2a: Froslass|Blizzard|p1a: Floette|[spread] p1b\n|-activate|p1a: Floette|move: Protect\n|-supereffective|p1b: Whimsicott|1\n|-damage|p1b: Whimsicott|0 fnt\n|faint|p1b: Whimsicott\n|\n|-weather|Snowscape|[upkeep]\n|upkeep\n|\n|t:|1776246401\n|switch|p1b: Rotom|Rotom-Heat, L50|100/100\n|turn|2\n|\n|t:|1776246425\n|switch|p2b: Empoleon|Empoleon, L50, F|100/100\n|move|p2a: Froslass|Protect|p2a: Froslass\n|-singleturn|p2a: Froslass|Protect\n|move|p1a: Floette|Moonblast|p2b: Empoleon\n|-resisted|p2b: Empoleon|1\n|-damage|p2b: Empoleon|67/100\n|move|p1b: Rotom|Overheat|p2a: Froslass\n|-activate|p2a: Froslass|move: Protect\n|\n|-weather|Snowscape|[upkeep]\n|-heal|p2b: Empoleon|73/100|[from] item: Leftovers\n|upkeep\n|turn|3\n|inactive|TheWonderfulGirl has 30 seconds left.\n|inactive|TheWonderfulGirl has 20 seconds left.\n|inactive|TheWonderfulGirl has 15 seconds left.\n|inactive|TheWonderfulGirl has 10 seconds left.\n|\n|t:|1776246473\n|switch|p2a: Garchomp|Garchomp, L50, M|100/100\n|move|p1a: Floette|Calm Mind|p1a: Floette\n|-boost|p1a: Floette|spa|1\n|-boost|p1a: Floette|spd|1\n|move|p1b: Rotom|Overheat|p2a: Garchomp\n|-resisted|p2a: Garchomp|1\n|-damage|p2a: Garchomp|76/100\n|-unboost|p1b: Rotom|spa|2\n|move|p2b: Empoleon|Water Pulse|p1b: Rotom\n|-supereffective|p1b: Rotom|1\n|-damage|p1b: Rotom|39/100\n|\n|-weather|Snowscape|[upkeep]\n|-heal|p1b: Rotom|45/100|[from] item: Leftovers\n|-heal|p2b: Empoleon|79/100|[from] item: Leftovers\n|upkeep\n|turn|4\n|inactive|TheWonderfulGirl has 30 seconds left.\n|\n|t:|1776246502\n|switch|p2b: Rotom|Rotom-Frost, L50|100/100\n|move|p2a: Garchomp|Protect|p2a: Garchomp\n|-singleturn|p2a: Garchomp|Protect\n|move|p1a: Floette|Moonblast|p2a: Garchomp\n|-activate|p2a: Garchomp|move: Protect\n|move|p1b: Rotom|Volt Switch|p2b: Rotom\n|-resisted|p2b: Rotom|1\n|-damage|p2b: Rotom|92/100\n|\n|t:|1776246512\n|switch|p1b: Sneasler|Sneasler, L50, F|100/100|[from] Volt Switch\n|\n|-weather|Snowscape|[upkeep]\n|-sideend|p1: TheSourikatas|move: Tailwind\n|upkeep\n|turn|5\n|\n|t:|1776246527\n|switch|p2a: Empoleon|Empoleon, L50, F|79/100\n|move|p2b: Rotom|Electroweb|p1b: Sneasler|[spread] p1a,p1b\n|-damage|p1a: Floette|90/100\n|-damage|p1b: Sneasler|74/100\n|-unboost|p1a: Floette|spe|1\n|-unboost|p1b: Sneasler|spe|1\n|-enditem|p1b: Sneasler|White Herb\n|-clearnegativeboost|p1b: Sneasler|[silent]\n|move|p1b: Sneasler|Close Combat|p2b: Rotom\n|-supereffective|p2b: Rotom|1\n|-damage|p2b: Rotom|0 fnt\n|-unboost|p1b: Sneasler|def|1\n|-unboost|p1b: Sneasler|spd|1\n|faint|p2b: Rotom\n|move|p1a: Floette|Moonblast|p2a: Empoleon\n|-resisted|p2a: Empoleon|1\n|-damage|p2a: Empoleon|25/100\n|\n|-weather|none\n|-heal|p2a: Empoleon|31/100|[from] item: Leftovers\n|upkeep\n|\n|t:|1776246549\n|switch|p2b: Froslass|Froslass-Mega, L50, F|100/100\n|-weather|Snowscape|[from] ability: Snow Warning|[of] p2b: Froslass\n|turn|6\n|\n|t:|1776246573\n|move|p1b: Sneasler|Close Combat|p2a: Empoleon\n|-supereffective|p2a: Empoleon|1\n|-damage|p2a: Empoleon|0 fnt\n|-unboost|p1b: Sneasler|def|1\n|-unboost|p1b: Sneasler|spd|1\n|faint|p2a: Empoleon\n|move|p2b: Froslass|Blizzard|p1a: Floette|[spread] p1a,p1b\n|-damage|p1a: Floette|60/100\n|-damage|p1b: Sneasler|0 fnt\n|faint|p1b: Sneasler\n|move|p1a: Floette|Moonblast|p2b: Froslass\n|-damage|p2b: Froslass|0 fnt\n|faint|p2b: Froslass\n|\n|-weather|Snowscape|[upkeep]\n|upkeep\n|\n|t:|1776246586\n|switch|p2b: Garchomp|Garchomp, L50, M|76/100\n|switch|p1b: Rotom|Rotom-Heat, L50|45/100\n|turn|7\n|\n|t:|1776246596\n|move|p1b: Rotom|Protect|p1b: Rotom\n|-singleturn|p1b: Rotom|Protect\n|move|p2b: Garchomp|Earthquake|p1a: Floette|[spread] p1a\n|-activate|p1b: Rotom|move: Protect\n|-damage|p1a: Floette|11/100\n|move|p1a: Floette|Moonblast|p2b: Garchomp\n|-supereffective|p2b: Garchomp|1\n|-crit|p2b: Garchomp\n|-damage|p2b: Garchomp|0 fnt\n|faint|p2b: Garchomp\n|\n|win|TheSourikatas\n|raw|TheSourikatas's rating: 1068 &rarr; <strong>1102</strong><br />(+34 for winning)\n|raw|TheWonderfulGirl's rating: 1122 &rarr; <strong>1093</strong><br />(-29 for losing)\n|l|\u2606TheSourikatas\n|player|p1|\n|c|\u2606TheWonderfulGirl|Gg\n",
  "uploadtime": 1776246610,
  "views": 26,
  "formatid": "gen9championsvgc2026regma",
  "rating": 1093,
  "private": 0,
  "password": null
}