{
  "id": "gen9championsvgc2026regma-2586771402",
  "format": "[Gen 9 Champions] VGC 2026 Reg M-A",
  "players": [
    "GVAXIII",
    "Yunobo7"
  ],
  "log": "|j|\u2606GVAXIII\n|j|\u2606Yunobo7\n|t:|1776458621\n|gametype|doubles\n|player|p1|GVAXIII|taunie|1406\n|player|p2|Yunobo7|miku-ghost|1404\n|gen|9\n|tier|[Gen 9 Champions] VGC 2026 Reg M-A\n|rated|\n|rule|Species Clause: Limit one of each Pok\u00e9mon\n|rule|Item Clause: Limit 1 of each item\n|clearpoke\n|poke|p1|Gardevoir, L50, F|\n|poke|p1|Sinistcha, L50|\n|poke|p1|Incineroar, L50, F|\n|poke|p1|Garchomp, L50, F|\n|poke|p1|Scizor, L50, M|\n|poke|p1|Basculegion, L50, M|\n|poke|p2|Venusaur, L50, F|\n|poke|p2|Milotic, L50, M|\n|poke|p2|Incineroar, L50, M|\n|poke|p2|Aegislash, L50, M|\n|poke|p2|Delphox, L50, M|\n|poke|p2|Sneasler, L50, F|\n|teampreview|4\n|inactive|Battle timer is ON: inactive players will automatically lose when time's up. (requested by Yunobo7)\n|inactive|GVAXIII has 60 seconds left.\n|inactive|Yunobo7 has 60 seconds left.\n|inactive|GVAXIII has 30 seconds left.\n|inactive|GVAXIII has 20 seconds left.\n|inactive|GVAXIII has 15 seconds left.\n|\n|t:|1776458697\n|teamsize|p1|4\n|teamsize|p2|4\n|start\n|switch|p1a: Gardevoir|Gardevoir, L50, F, shiny|100/100\n|switch|p1b: Garchomp|Garchomp, L50, F, shiny|100/100\n|switch|p2a: Milotic|Milotic, L50, M|100/100\n|switch|p2b: Sneasler|Sneasler, L50, F|100/100\n|turn|1\n|inactive|GVAXIII has 30 seconds left.\n|inactive|GVAXIII has 20 seconds left.\n|\n|t:|1776458737\n|switch|p2b: Incineroar|Incineroar, L50, M|100/100\n|-ability|p2b: Incineroar|Intimidate|boost\n|-unboost|p1a: Gardevoir|atk|1\n|-unboost|p1b: Garchomp|atk|1\n|detailschange|p1a: Gardevoir|Gardevoir-Mega, L50, F, shiny\n|-mega|p1a: Gardevoir|Gardevoir|Gardevoirite\n|move|p1b: Garchomp|Protect|p1b: Garchomp\n|-singleturn|p1b: Garchomp|Protect\n|move|p1a: Gardevoir|Calm Mind|p1a: Gardevoir\n|-boost|p1a: Gardevoir|spa|1\n|-boost|p1a: Gardevoir|spd|1\n|move|p2a: Milotic|Icy Wind|p1a: Gardevoir|[spread] p1a\n|-activate|p1b: Garchomp|move: Protect\n|-damage|p1a: Gardevoir|96/100\n|-unboost|p1a: Gardevoir|spe|1\n|\n|upkeep\n|turn|2\n|inactive|GVAXIII has 30 seconds left.\n|inactive|GVAXIII has 20 seconds left.\n|\n|t:|1776458776\n|switch|p1b: Basculegion|Basculegion, L50, M|100/100\n|move|p2a: Milotic|Icy Wind|p1b: Basculegion|[spread] p1a,p1b\n|-resisted|p1b: Basculegion|1\n|-damage|p1a: Gardevoir|91/100\n|-damage|p1b: Basculegion|95/100\n|-unboost|p1a: Gardevoir|spe|1\n|-unboost|p1b: Basculegion|spe|1\n|move|p2b: Incineroar|Parting Shot|p1a: Gardevoir\n|-unboost|p1a: Gardevoir|atk|1\n|-unboost|p1a: Gardevoir|spa|1\n|\n|t:|1776458786\n|switch|p2b: Venusaur|Venusaur, L50, F|100/100|[from] Parting Shot\n|move|p1a: Gardevoir|Hyper Voice|p2b: Venusaur|[spread] p2a,p2b\n|-resisted|p2b: Venusaur|1\n|-damage|p2a: Milotic|68/100\n|-damage|p2b: Venusaur|76/100\n|\n|-heal|p2a: Milotic|74/100|[from] item: Leftovers\n|upkeep\n|turn|3\n|\n|t:|1776458809\n|detailschange|p2b: Venusaur|Venusaur-Mega, L50, F\n|-mega|p2b: Venusaur|Venusaur|Venusaurite\n|move|p2b: Venusaur|Protect|p2b: Venusaur\n|-singleturn|p2b: Venusaur|Protect\n|move|p1b: Basculegion|Flip Turn|p2b: Venusaur\n|-activate|p2b: Venusaur|move: Protect\n|move|p2a: Milotic|Icy Wind|p1b: Basculegion|[spread] p1a,p1b\n|-resisted|p1b: Basculegion|1\n|-damage|p1a: Gardevoir|86/100\n|-damage|p1b: Basculegion|90/100\n|-unboost|p1a: Gardevoir|spe|1\n|-unboost|p1b: Basculegion|spe|1\n|move|p1a: Gardevoir|Psychic|p2b: Venusaur\n|-activate|p2b: Venusaur|move: Protect\n|\n|-heal|p2a: Milotic|80/100|[from] item: Leftovers\n|upkeep\n|turn|4\n|\n|t:|1776458831\n|switch|p2b: Incineroar|Incineroar, L50, M|100/100\n|-ability|p2b: Incineroar|Intimidate|boost\n|-unboost|p1a: Gardevoir|atk|1\n|-unboost|p1b: Basculegion|atk|1\n|switch|p1b: Garchomp|Garchomp, L50, F, shiny|100/100\n|move|p1a: Gardevoir|Protect|p1a: Gardevoir\n|-singleturn|p1a: Gardevoir|Protect\n|move|p2a: Milotic|Scald|p1b: Garchomp\n|-damage|p1b: Garchomp|67/100\n|\n|-heal|p2a: Milotic|86/100|[from] item: Leftovers\n|upkeep\n|turn|5\n|\n|t:|1776458853\n|move|p1b: Garchomp|Protect|p1b: Garchomp\n|-singleturn|p1b: Garchomp|Protect\n|move|p2a: Milotic|Scald|p1b: Garchomp\n|-activate|p1b: Garchomp|move: Protect\n|move|p2b: Incineroar|Flare Blitz|p1a: Gardevoir\n|-damage|p1a: Gardevoir|25/100\n|-damage|p2b: Incineroar|83/100|[from] Recoil\n|move|p1a: Gardevoir|Calm Mind|p1a: Gardevoir\n|-boost|p1a: Gardevoir|spa|1\n|-boost|p1a: Gardevoir|spd|1\n|\n|-heal|p2a: Milotic|92/100|[from] item: Leftovers\n|upkeep\n|turn|6\n|\n|t:|1776458875\n|move|p1a: Gardevoir|Protect|p1a: Gardevoir\n|-singleturn|p1a: Gardevoir|Protect\n|move|p1b: Garchomp|Earthquake|p2a: Milotic|[spread] p2a,p2b\n|-activate|p1a: Gardevoir|move: Protect\n|-supereffective|p2b: Incineroar|1\n|-damage|p2a: Milotic|57/100\n|-damage|p2b: Incineroar|5/100\n|-enditem|p2b: Incineroar|Sitrus Berry|[eat]\n|-heal|p2b: Incineroar|30/100|[from] item: Sitrus Berry\n|move|p2a: Milotic|Icy Wind|p1a: Gardevoir|[spread] p1b\n|-activate|p1a: Gardevoir|move: Protect\n|-supereffective|p1b: Garchomp|2\n|-damage|p1b: Garchomp|24/100\n|-unboost|p1b: Garchomp|spe|1\n|move|p2b: Incineroar|Flare Blitz|p1a: Gardevoir\n|-activate|p1a: Gardevoir|move: Protect\n|\n|-heal|p2a: Milotic|63/100|[from] item: Leftovers\n|upkeep\n|turn|7\n|inactive|GVAXIII has 30 seconds left.\n|inactive|Yunobo7 has 30 seconds left.\n|\n|t:|1776458908\n|switch|p1b: Basculegion|Basculegion, L50, M|90/100\n|switch|p1a: Incineroar|Incineroar, L50, F, shiny|100/100\n|-ability|p1a: Incineroar|Intimidate|boost\n|-unboost|p2a: Milotic|atk|1\n|-ability|p2a: Milotic|Competitive|boost\n|-boost|p2a: Milotic|spa|2\n|-unboost|p2b: Incineroar|atk|1\n|move|p2a: Milotic|Icy Wind|p1b: Basculegion|[spread] p1a,p1b\n|-resisted|p1a: Incineroar|1\n|-resisted|p1b: Basculegion|1\n|-damage|p1a: Incineroar|92/100\n|-damage|p1b: Basculegion|80/100\n|-unboost|p1a: Incineroar|spe|1\n|-unboost|p1b: Basculegion|spe|1\n|move|p2b: Incineroar|Flare Blitz|p1a: Incineroar\n|-resisted|p1a: Incineroar|1\n|-damage|p1a: Incineroar|75/100\n|-damage|p2b: Incineroar|24/100|[from] Recoil\n|\n|-heal|p2a: Milotic|69/100|[from] item: Leftovers\n|upkeep\n|turn|8\n|inactive|GVAXIII has 30 seconds left.\n|\n|t:|1776458938\n|switch|p2b: Venusaur|Venusaur-Mega, L50, F|76/100\n|move|p1a: Incineroar|Fake Out|p2a: Milotic\n|-damage|p2a: Milotic|58/100\n|move|p1b: Basculegion|Flip Turn|p2b: Venusaur\n|-resisted|p2b: Venusaur|1\n|-damage|p2b: Venusaur|58/100\n|\n|t:|1776458948\n|switch|p1b: Gardevoir|Gardevoir-Mega, L50, F, shiny|25/100|[from] Flip Turn\n|cant|p2a: Milotic|flinch\n|\n|-heal|p2a: Milotic|64/100|[from] item: Leftovers\n|upkeep\n|turn|9\n|\n|t:|1776458965\n|move|p1b: Gardevoir|Protect|p1b: Gardevoir\n|-singleturn|p1b: Gardevoir|Protect\n|move|p2b: Venusaur|Sleep Powder|p1a: Incineroar\n|-status|p1a: Incineroar|slp|[from] move: Sleep Powder\n|move|p2a: Milotic|Scald|p1b: Gardevoir\n|-activate|p1b: Gardevoir|move: Protect\n|cant|p1a: Incineroar|slp\n|\n|-heal|p2a: Milotic|70/100|[from] item: Leftovers\n|upkeep\n|turn|10\n|\n|t:|1776458985\n|switch|p2b: Incineroar|Incineroar, L50, M|24/100\n|-ability|p2b: Incineroar|Intimidate|boost\n|-unboost|p1a: Incineroar|atk|1\n|-unboost|p1b: Gardevoir|atk|1\n|move|p1b: Gardevoir|Hyper Voice|p2a: Milotic|[spread] p2a,p2b\n|-damage|p2a: Milotic|37/100\n|-damage|p2b: Incineroar|0 fnt\n|faint|p2b: Incineroar\n|move|p2a: Milotic|Scald|p1b: Gardevoir\n|-damage|p1b: Gardevoir|0 fnt\n|faint|p1b: Gardevoir\n|cant|p1a: Incineroar|slp\n|\n|-heal|p2a: Milotic|43/100|[from] item: Leftovers\n|upkeep\n|\n|t:|1776459004\n|switch|p1b: Garchomp|Garchomp, L50, F, shiny|24/100\n|switch|p2b: Sneasler|Sneasler, L50, F|100/100\n|turn|11\n|\n|t:|1776459013\n|move|p1b: Garchomp|Protect|p1b: Garchomp\n|-singleturn|p1b: Garchomp|Protect\n|move|p2b: Sneasler|Close Combat|p1b: Garchomp\n|-activate|p1b: Garchomp|move: Protect\n|move|p2a: Milotic|Recover|p2a: Milotic\n|-heal|p2a: Milotic|93/100\n|-curestatus|p1a: Incineroar|slp|[msg]\n|move|p1a: Incineroar|Flare Blitz|p2b: Sneasler\n|-damage|p2b: Sneasler|37/100\n|-damage|p1a: Incineroar|59/100|[from] Recoil\n|\n|-heal|p2a: Milotic|99/100|[from] item: Leftovers\n|upkeep\n|turn|12\n|\n|t:|1776459035\n|switch|p1b: Basculegion|Basculegion, L50, M|80/100\n|move|p2b: Sneasler|Protect|p2b: Sneasler\n|-singleturn|p2b: Sneasler|Protect\n|move|p2a: Milotic|Icy Wind|p1b: Basculegion|[spread] p1a,p1b\n|-resisted|p1a: Incineroar|1\n|-resisted|p1b: Basculegion|1\n|-damage|p1a: Incineroar|50/100\n|-damage|p1b: Basculegion|70/100\n|-unboost|p1a: Incineroar|spe|1\n|-unboost|p1b: Basculegion|spe|1\n|move|p1a: Incineroar|Flare Blitz|p2b: Sneasler\n|-activate|p2b: Sneasler|move: Protect\n|\n|-heal|p2a: Milotic|100/100|[from] item: Leftovers\n|upkeep\n|turn|13\n|\n|t:|1776459059\n|move|p2b: Sneasler|Close Combat|p1a: Incineroar\n|-supereffective|p1a: Incineroar|1\n|-enditem|p1a: Incineroar|Chople Berry|[eat]\n|-enditem|p1a: Incineroar|Chople Berry|[weaken]\n|-damage|p1a: Incineroar|0 fnt\n|-unboost|p2b: Sneasler|def|1\n|-unboost|p2b: Sneasler|spd|1\n|faint|p1a: Incineroar\n|-enditem|p2b: Sneasler|White Herb\n|-clearnegativeboost|p2b: Sneasler|[silent]\n|move|p1b: Basculegion|Flip Turn|p2b: Sneasler\n|-damage|p2b: Sneasler|0 fnt\n|faint|p2b: Sneasler\n|\n|t:|1776459072\n|switch|p1b: Garchomp|Garchomp, L50, F, shiny|24/100|[from] Flip Turn\n|move|p2a: Milotic|Scald|p1b: Garchomp\n|-damage|p1b: Garchomp|0 fnt\n|faint|p1b: Garchomp\n|\n|upkeep\n|\n|t:|1776459082\n|switch|p2b: Venusaur|Venusaur-Mega, L50, F|58/100\n|switch|p1a: Basculegion|Basculegion, L50, M|70/100\n|turn|14\n|\n|t:|1776459092\n|move|p1a: Basculegion|Last Respects|p2a: Milotic\n|-damage|p2a: Milotic|0 fnt\n|faint|p2a: Milotic\n|move|p2b: Venusaur|Giga Drain|p1a: Basculegion\n|-supereffective|p1a: Basculegion|1\n|-damage|p1a: Basculegion|0 fnt\n|-heal|p2b: Venusaur|95/100|[from] drain|[of] p1a: Basculegion\n|faint|p1a: Basculegion\n|\n|win|Yunobo7\n|raw|GVAXIII's rating: 1406 &rarr; <strong>1386</strong><br />(-20 for losing)\n|raw|Yunobo7's rating: 1404 &rarr; <strong>1424</strong><br />(+20 for winning)\n|l|\u2606GVAXIII\n|player|p1|\n",
  "uploadtime": 1776459104,
  "views": 58,
  "formatid": "gen9championsvgc2026regma",
  "rating": 1386,
  "private": 0,
  "password": null
}