{
  "id": "gen9championsvgc2026regma-2582182992",
  "format": "[Gen 9 Champions] VGC 2026 Reg M-A",
  "players": [
    "OwlsGoHooot",
    "Capitology"
  ],
  "log": "|j|\u2606OwlsGoHooot\n|j|\u2606Capitology\n|t:|1776068469\n|gametype|doubles\n|player|p1|OwlsGoHooot|102|1039\n|player|p2|Capitology|shadowtriad|1107\n|gen|9\n|tier|[Gen 9 Champions] VGC 2026 Reg M-A\n|rated|\n|rule|Species Clause: Limit one of each Pok\u00e9mon\n|rule|Item Clause: Limit 1 of each item\n|clearpoke\n|poke|p1|Rotom-Heat, L50|\n|poke|p1|Maushold, L50|\n|poke|p1|Ninetales-Alola, L50, F|\n|poke|p1|Sneasler, L50, F|\n|poke|p1|Starmie, L50|\n|poke|p1|Kingambit, L50, F|\n|poke|p2|Charizard, L50, F|\n|poke|p2|Torkoal, L50, F|\n|poke|p2|Whimsicott, L50, M|\n|poke|p2|Farigiraf, L50, F|\n|poke|p2|Garchomp, L50, F|\n|poke|p2|Clefable, L50, F|\n|teampreview|4\n|\n|t:|1776068486\n|teamsize|p1|4\n|teamsize|p2|4\n|start\n|switch|p1a: Maushold|Maushold, L50|100/100\n|switch|p1b: Rotom|Rotom-Heat, L50, shiny|100/100\n|switch|p2a: Whimsicott|Whimsicott, L50, M|100/100\n|switch|p2b: Charizard|Charizard, L50, F, shiny|100/100\n|turn|1\n|\n|t:|1776068524\n|move|p2b: Charizard|Protect|p2b: Charizard\n|-singleturn|p2b: Charizard|Protect\n|move|p2a: Whimsicott|Tailwind|p2a: Whimsicott\n|-sidestart|p2: Capitology|move: Tailwind\n|move|p1b: Rotom|Thunderbolt|p2b: Charizard\n|-activate|p2b: Charizard|move: Protect\n|move|p1a: Maushold|Taunt|p2a: Whimsicott\n|-start|p2a: Whimsicott|move: Taunt\n|\n|upkeep\n|turn|2\n|\n|t:|1776068563\n|switch|p1b: Ninetales|Ninetales-Alola, L50, F, shiny|100/100\n|-weather|Snowscape|[from] ability: Snow Warning|[of] p1b: Ninetales\n|move|p1a: Maushold|Follow Me|p1a: Maushold\n|-singleturn|p1a: Maushold|move: Follow Me\n|move|p2a: Whimsicott|Moonblast|p1a: Maushold\n|-damage|p1a: Maushold|55/100\n|move|p2b: Charizard|Heat Wave|p1a: Maushold|[spread] p1a,p1b\n|-supereffective|p1b: Ninetales|1\n|-damage|p1a: Maushold|14/100\n|-damage|p1b: Ninetales|40/100\n|\n|-weather|Snowscape|[upkeep]\n|upkeep\n|turn|3\n|inactive|Battle timer is ON: inactive players will automatically lose when time's up. (requested by Capitology)\n|\n|t:|1776068590\n|switch|p1b: Rotom|Rotom-Heat, L50, shiny|100/100\n|move|p1a: Maushold|Feint|p2a: Whimsicott\n|-damage|p2a: Whimsicott|89/100\n|move|p2a: Whimsicott|Moonblast|p1b: Rotom\n|-resisted|p1b: Rotom|1\n|-damage|p1b: Rotom|84/100\n|move|p2b: Charizard|Heat Wave|p1b: Rotom|[spread] p1a,p1b\n|-resisted|p1b: Rotom|1\n|-damage|p1a: Maushold|0 fnt\n|-damage|p1b: Rotom|68/100\n|faint|p1a: Maushold\n|\n|-weather|Snowscape|[upkeep]\n|upkeep\n|\n|t:|1776068595\n|switch|p1a: Starmie|Starmie, L50, shiny|100/100\n|turn|4\n|\n|t:|1776068619\n|detailschange|p2b: Charizard|Charizard-Mega-Y, L50, F, shiny\n|-mega|p2b: Charizard|Charizard|Charizardite Y\n|-weather|SunnyDay|[from] ability: Drought|[of] p2b: Charizard\n|move|p1a: Starmie|Protect|p1a: Starmie\n|-singleturn|p1a: Starmie|Protect\n|move|p2a: Whimsicott|Moonblast|p1a: Starmie\n|-activate|p1a: Starmie|move: Protect\n|move|p2b: Charizard|Solar Beam||[still]\n|-prepare|p2b: Charizard|Solar Beam\n|-anim|p2b: Charizard|Solar Beam|p1a: Starmie\n|-activate|p1a: Starmie|move: Protect\n|move|p1b: Rotom|Thunderbolt|p2b: Charizard\n|-supereffective|p2b: Charizard|1\n|-damage|p2b: Charizard|28/100\n|\n|-weather|SunnyDay|[upkeep]\n|-end|p2a: Whimsicott|move: Taunt\n|-sideend|p2: Capitology|move: Tailwind\n|upkeep\n|turn|5\n|\n|t:|1776068641\n|switch|p1a: Ninetales|Ninetales-Alola, L50, F, shiny|40/100\n|-weather|Snowscape|[from] ability: Snow Warning|[of] p1a: Ninetales\n|move|p2a: Whimsicott|Tailwind|p2a: Whimsicott\n|-sidestart|p2: Capitology|move: Tailwind\n|move|p2b: Charizard|Heat Wave|p1b: Rotom|[spread] p1a,p1b\n|-supereffective|p1a: Ninetales|1\n|-resisted|p1b: Rotom|1\n|-damage|p1a: Ninetales|0 fnt\n|-damage|p1b: Rotom|39/100\n|faint|p1a: Ninetales\n|move|p1b: Rotom|Thunderbolt|p2b: Charizard\n|-supereffective|p2b: Charizard|1\n|-damage|p2b: Charizard|0 fnt\n|faint|p2b: Charizard\n|\n|-weather|Snowscape|[upkeep]\n|upkeep\n|\n|t:|1776068657\n|switch|p1a: Starmie|Starmie, L50, shiny|100/100\n|switch|p2b: Garchomp|Garchomp, L50, F|100/100\n|turn|6\n|\n|t:|1776068678\n|switch|p2a: Clefable|Clefable, L50, F|100/100\n|move|p2b: Garchomp|Protect|p2b: Garchomp\n|-singleturn|p2b: Garchomp|Protect\n|move|p1b: Rotom|Thunderbolt|p2a: Clefable\n|-damage|p2a: Clefable|60/100\n|move|p1a: Starmie|Bulk Up|p1a: Starmie\n|-boost|p1a: Starmie|atk|1\n|-boost|p1a: Starmie|def|1\n|\n|-weather|Snowscape|[upkeep]\n|-heal|p2a: Clefable|66/100|[from] item: Leftovers\n|upkeep\n|turn|7\n|inactive|Capitology has 30 seconds left.\n|\n|t:|1776068706\n|detailschange|p1a: Starmie|Starmie-Mega, L50, shiny\n|-mega|p1a: Starmie|Starmie|Starminite\n|move|p2a: Clefable|Follow Me|p2a: Clefable\n|-singleturn|p2a: Clefable|move: Follow Me\n|move|p2b: Garchomp|Swords Dance|p2b: Garchomp\n|-boost|p2b: Garchomp|atk|2\n|move|p1b: Rotom|Thunderbolt|p2a: Clefable\n|-damage|p2a: Clefable|20/100\n|move|p1a: Starmie|Liquidation|p2a: Clefable\n|-damage|p2a: Clefable|0 fnt\n|faint|p2a: Clefable\n|\n|-weather|Snowscape|[upkeep]\n|upkeep\n|\n|t:|1776068722\n|switch|p2a: Whimsicott|Whimsicott, L50, M|89/100\n|turn|8\n|\n|t:|1776068729\n|move|p2a: Whimsicott|Helping Hand|p2b: Garchomp\n|-singleturn|p2b: Garchomp|Helping Hand|[of] p2a: Whimsicott\n|move|p2b: Garchomp|Dragon Claw|p1a: Starmie\n|-damage|p1a: Starmie|0 fnt\n|faint|p1a: Starmie\n|move|p1b: Rotom|Thunderbolt|p2a: Whimsicott\n|-resisted|p2a: Whimsicott|1\n|-damage|p2a: Whimsicott|52/100\n|-status|p2a: Whimsicott|par\n|\n|-weather|Snowscape|[upkeep]\n|-sideend|p2: Capitology|move: Tailwind\n|upkeep\n|turn|9\n|-message|OwlsGoHooot forfeited.\n|\n|win|Capitology\n|raw|OwlsGoHooot's rating: 1039 &rarr; <strong>1026</strong><br />(-13 for losing)\n|raw|Capitology's rating: 1107 &rarr; <strong>1127</strong><br />(+20 for winning)\n|l|\u2606OwlsGoHooot\n|player|p1|\n|l|\u2606Capitology\n|player|p2|\n|j|\u2606OwlsGoHooot\n|player|p1|OwlsGoHooot|102|\n",
  "uploadtime": 1776069065,
  "views": 16,
  "formatid": "gen9championsvgc2026regma",
  "rating": 1026,
  "private": 0,
  "password": null
}