{
  "id": "gen9championsvgc2026regma-2586454551",
  "format": "[Gen 9 Champions] VGC 2026 Reg M-A",
  "players": [
    "ScooteezyVGC",
    "NEMOASUKA"
  ],
  "log": "|j|\u2606ScooteezyVGC\n|j|\u2606NEMOASUKA\n|t:|1776435808\n|gametype|doubles\n|player|p1|ScooteezyVGC|red|1226\n|player|p2|NEMOASUKA|lucas|1298\n|gen|9\n|tier|[Gen 9 Champions] VGC 2026 Reg M-A\n|rated|\n|rule|Species Clause: Limit one of each Pok\u00e9mon\n|rule|Item Clause: Limit 1 of each item\n|clearpoke\n|poke|p1|Simipour, L50, M|\n|poke|p1|Floette-Eternal, L50, F|\n|poke|p1|Garchomp, L50, M|\n|poke|p1|Aerodactyl, L50, F|\n|poke|p1|Rotom-Heat, L50|\n|poke|p1|Archaludon, L50, F|\n|poke|p2|Meganium, L50, F|\n|poke|p2|Tyranitar, L50, F|\n|poke|p2|Aerodactyl, L50, M|\n|poke|p2|Garchomp, L50, M|\n|poke|p2|Basculegion, L50, M|\n|poke|p2|Sneasler, L50, F|\n|teampreview|4\n|inactive|Battle timer is ON: inactive players will automatically lose when time's up. (requested by NEMOASUKA)\n|inactive|ScooteezyVGC has 60 seconds left.\n|inactive|ScooteezyVGC has 30 seconds left.\n|\n|t:|1776435873\n|teamsize|p1|4\n|teamsize|p2|4\n|start\n|switch|p1a: Simipour|Simipour, L50, M|100/100\n|switch|p1b: Aerodactyl|Aerodactyl, L50, F|100/100\n|switch|p2a: Tyranitar|Tyranitar, L50, F|100/100\n|switch|p2b: Sneasler|Sneasler, L50, F|100/100\n|-weather|Sandstorm|[from] ability: Sand Stream|[of] p2a: Tyranitar\n|turn|1\n|\n|t:|1776435893\n|detailschange|p1b: Aerodactyl|Aerodactyl-Mega, L50, F\n|-mega|p1b: Aerodactyl|Aerodactyl|Aerodactylite\n|move|p2b: Sneasler|Protect|p2b: Sneasler\n|-singleturn|p2b: Sneasler|Protect\n|move|p1a: Simipour|Fake Out|p2a: Tyranitar\n|-resisted|p2a: Tyranitar|1\n|-damage|p2a: Tyranitar|97/100\n|move|p1b: Aerodactyl|Dual Wingbeat|p2b: Sneasler\n|-activate|p2b: Sneasler|move: Protect\n|cant|p2a: Tyranitar|flinch\n|\n|-weather|Sandstorm|[upkeep]\n|-damage|p2b: Sneasler|95/100|[from] Sandstorm\n|-damage|p1a: Simipour|94/100|[from] Sandstorm\n|upkeep\n|turn|2\n|\n|t:|1776435917\n|switch|p2b: Aerodactyl|Aerodactyl, L50, M|100/100\n|-ability|p2b: Aerodactyl|Unnerve\n|detailschange|p2a: Tyranitar|Tyranitar-Mega, L50, F\n|-mega|p2a: Tyranitar|Tyranitar|Tyranitarite\n|move|p1b: Aerodactyl|Tailwind|p1b: Aerodactyl\n|-sidestart|p1: ScooteezyVGC|move: Tailwind\n|move|p1a: Simipour|Scald|p2a: Tyranitar\n|-supereffective|p2a: Tyranitar|1\n|-damage|p2a: Tyranitar|61/100\n|-status|p2a: Tyranitar|brn\n|move|p2a: Tyranitar|Rock Slide|p1b: Aerodactyl|[spread] p1b\n|-miss|p2a: Tyranitar|p1a: Simipour\n|-supereffective|p1b: Aerodactyl|1\n|-damage|p1b: Aerodactyl|52/100\n|\n|-weather|Sandstorm|[upkeep]\n|-damage|p1a: Simipour|88/100|[from] Sandstorm\n|-damage|p2a: Tyranitar|55/100 brn|[from] brn\n|upkeep\n|turn|3\n|inactive|NEMOASUKA has 30 seconds left.\n|\n|t:|1776435945\n|move|p1b: Aerodactyl|Rock Slide|p2a: Tyranitar|[spread] p2a,p2b\n|-supereffective|p2b: Aerodactyl|1\n|-damage|p2a: Tyranitar|35/100 brn\n|-damage|p2b: Aerodactyl|11/100\n|move|p1a: Simipour|Scald|p2b: Aerodactyl\n|-supereffective|p2b: Aerodactyl|1\n|-damage|p2b: Aerodactyl|0 fnt\n|faint|p2b: Aerodactyl\n|move|p2a: Tyranitar|Rock Slide|p1a: Simipour|[spread] p1a,p1b\n|-supereffective|p1b: Aerodactyl|1\n|-damage|p1a: Simipour|56/100\n|-damage|p1b: Aerodactyl|4/100\n|\n|-weather|Sandstorm|[upkeep]\n|-damage|p1a: Simipour|50/100|[from] Sandstorm\n|-damage|p2a: Tyranitar|29/100 brn|[from] brn\n|upkeep\n|\n|t:|1776435955\n|switch|p2b: Basculegion|Basculegion, L50, M|100/100\n|turn|4\n|\n|t:|1776435968\n|move|p1b: Aerodactyl|Protect|p1b: Aerodactyl\n|-singleturn|p1b: Aerodactyl|Protect\n|move|p2b: Basculegion|Aqua Jet|p1b: Aerodactyl\n|-activate|p1b: Aerodactyl|move: Protect\n|move|p1a: Simipour|Scald|p2a: Tyranitar\n|-supereffective|p2a: Tyranitar|1\n|-damage|p2a: Tyranitar|0 fnt\n|faint|p2a: Tyranitar\n|\n|-weather|Sandstorm|[upkeep]\n|-damage|p1a: Simipour|44/100|[from] Sandstorm\n|-damage|p2b: Basculegion|94/100|[from] Sandstorm\n|upkeep\n|\n|t:|1776435975\n|switch|p2a: Sneasler|Sneasler, L50, F|95/100\n|turn|5\n|\n|t:|1776435989\n|switch|p1a: Rotom|Rotom-Heat, L50|100/100\n|move|p2b: Basculegion|Aqua Jet|p1b: Aerodactyl\n|-supereffective|p1b: Aerodactyl|1\n|-damage|p1b: Aerodactyl|0 fnt\n|faint|p1b: Aerodactyl\n|move|p2a: Sneasler|Close Combat|p1a: Rotom\n|-damage|p1a: Rotom|1/100\n|-unboost|p2a: Sneasler|def|1\n|-unboost|p2a: Sneasler|spd|1\n|-enditem|p2a: Sneasler|White Herb\n|-clearnegativeboost|p2a: Sneasler|[silent]\n|\n|-weather|none\n|-sideend|p1: ScooteezyVGC|move: Tailwind\n|upkeep\n|\n|t:|1776435996\n|switch|p1b: Simipour|Simipour, L50, M|44/100\n|turn|6\n|\n|t:|1776436018\n|move|p1b: Simipour|Fake Out|p2a: Sneasler\n|-damage|p2a: Sneasler|80/100\n|move|p2b: Basculegion|Aqua Jet|p1a: Rotom\n|-supereffective|p1a: Rotom|1\n|-damage|p1a: Rotom|0 fnt\n|faint|p1a: Rotom\n|cant|p2a: Sneasler|flinch\n|\n|upkeep\n|\n|t:|1776436022\n|switch|p1a: Archaludon|Archaludon, L50, F|100/100\n|turn|7\n|\n|t:|1776436032\n|move|p1a: Archaludon|Protect|p1a: Archaludon\n|-singleturn|p1a: Archaludon|Protect\n|move|p2b: Basculegion|Aqua Jet|p1b: Simipour\n|-resisted|p1b: Simipour|1\n|-damage|p1b: Simipour|24/100\n|move|p2a: Sneasler|Close Combat|p1a: Archaludon\n|-activate|p1a: Archaludon|move: Protect\n|move|p1b: Simipour|Scald|p2a: Sneasler\n|-damage|p2a: Sneasler|6/100\n|\n|upkeep\n|turn|8\n|\n|t:|1776436048\n|move|p2b: Basculegion|Aqua Jet|p1b: Simipour\n|-resisted|p1b: Simipour|1\n|-damage|p1b: Simipour|4/100\n|move|p2a: Sneasler|Close Combat|p1a: Archaludon\n|-supereffective|p1a: Archaludon|1\n|-ability|p1a: Archaludon|Sturdy\n|-damage|p1a: Archaludon|1/100\n|-unboost|p2a: Sneasler|def|1\n|-unboost|p2a: Sneasler|spd|1\n|move|p1b: Simipour|Scald|p2a: Sneasler\n|-damage|p2a: Sneasler|0 fnt\n|faint|p2a: Sneasler\n|move|p1a: Archaludon|Draco Meteor|p2b: Basculegion\n|-damage|p2b: Basculegion|5/100\n|-unboost|p1a: Archaludon|spa|2\n|-enditem|p1a: Archaludon|White Herb\n|-clearnegativeboost|p1a: Archaludon|[silent]\n|\n|upkeep\n|turn|9\n|\n|t:|1776436066\n|move|p2b: Basculegion|Aqua Jet|p1b: Simipour\n|-resisted|p1b: Simipour|1\n|-damage|p1b: Simipour|0 fnt\n|faint|p1b: Simipour\n|move|p1a: Archaludon|Flash Cannon|p2b: Basculegion\n|-resisted|p2b: Basculegion|1\n|-damage|p2b: Basculegion|0 fnt\n|faint|p2b: Basculegion\n|\n|win|ScooteezyVGC\n|raw|ScooteezyVGC's rating: 1226 &rarr; <strong>1256</strong><br />(+30 for winning)\n|raw|NEMOASUKA's rating: 1298 &rarr; <strong>1268</strong><br />(-30 for losing)\n",
  "uploadtime": 1776436068,
  "views": 31,
  "formatid": "gen9championsvgc2026regma",
  "rating": 1256,
  "private": 0,
  "password": null
}