{
  "id": "gen9championsvgc2026regma-2587017581",
  "format": "[Gen 9 Champions] VGC 2026 Reg M-A",
  "players": [
    "koxicity",
    "Garchimac"
  ],
  "log": "|j|\u2606koxicity\n|j|\u2606Garchimac\n|t:|1776481679\n|gametype|doubles\n|player|p1|koxicity|2|1010\n|player|p2|Garchimac|170|1047\n|gen|9\n|tier|[Gen 9 Champions] VGC 2026 Reg M-A\n|rated|\n|rule|Species Clause: Limit one of each Pok\u00e9mon\n|rule|Item Clause: Limit 1 of each item\n|clearpoke\n|poke|p1|Sableye, L50, M|\n|poke|p1|Incineroar, L50, F|\n|poke|p1|Milotic, L50, F|\n|poke|p1|Passimian, L50, F|\n|poke|p1|Basculegion, L50, M|\n|poke|p1|Aerodactyl, L50, M|\n|poke|p2|Aggron, L50, F|\n|poke|p2|Pelipper, L50, M|\n|poke|p2|Hatterene, L50, F|\n|poke|p2|Incineroar, L50, F|\n|poke|p2|Sinistcha, L50|\n|poke|p2|Drampa, L50, M|\n|teampreview|4\n|inactive|Battle timer is ON: inactive players will automatically lose when time's up. (requested by Garchimac)\n|inactive|Garchimac has 60 seconds left.\n|\n|t:|1776481729\n|teamsize|p1|4\n|teamsize|p2|4\n|start\n|switch|p1a: Sableye|Sableye, L50, M|100/100\n|switch|p1b: Milotic|Milotic, L50, F|100/100\n|switch|p2a: Aggron|Aggron, L50, F|100/100\n|switch|p2b: Sinistcha|Sinistcha, L50|100/100\n|turn|1\n|\n|t:|1776481753\n|move|p1a: Sableye|Taunt|p2b: Sinistcha\n|-start|p2b: Sinistcha|move: Taunt\n|move|p1b: Milotic|Ice Beam|p2b: Sinistcha\n|-supereffective|p2b: Sinistcha|1\n|-damage|p2b: Sinistcha|53/100\n|move|p2a: Aggron|Iron Defense|p2a: Aggron\n|-boost|p2a: Aggron|def|2\n|cant|p2b: Sinistcha|move: Taunt|Trick Room\n|\n|upkeep\n|turn|2\n|\n|t:|1776481774\n|switch|p1b: Aerodactyl|Aerodactyl, L50, M|100/100\n|move|p1a: Sableye|Encore|p2a: Aggron\n|-start|p2a: Aggron|Encore\n|move|p2b: Sinistcha|Matcha Gotcha|p1a: Sableye|[spread] p1a\n|-miss|p2b: Sinistcha|p1b: Aerodactyl\n|-damage|p1a: Sableye|67/100\n|-heal|p2b: Sinistcha|65/100|[from] drain|[of] p1a: Sableye\n|move|p2a: Aggron|Iron Defense|p2a: Aggron\n|-boost|p2a: Aggron|def|2\n|\n|upkeep\n|turn|3\n|inactive|koxicity has 30 seconds left.\n|inactive|Garchimac has 30 seconds left.\n|inactive|koxicity has 20 seconds left.\n|\n|t:|1776481811\n|switch|p2b: Incineroar|Incineroar, L50, F|100/100\n|-ability|p2b: Incineroar|Intimidate|boost\n|-unboost|p1a: Sableye|atk|1\n|-unboost|p1b: Aerodactyl|atk|1\n|detailschange|p1b: Aerodactyl|Aerodactyl-Mega, L50, M\n|-mega|p1b: Aerodactyl|Aerodactyl|Aerodactylite\n|move|p1a: Sableye|Protect|p1a: Sableye\n|-singleturn|p1a: Sableye|Protect\n|move|p1b: Aerodactyl|Fire Fang|p2a: Aggron\n|-damage|p2a: Aggron|95/100\n|move|p2a: Aggron|Iron Defense|p2a: Aggron\n|-boost|p2a: Aggron|def|2\n|\n|upkeep\n|turn|4\n|\n|t:|1776481834\n|switch|p1b: Milotic|Milotic, L50, F|100/100\n|move|p2b: Incineroar|Fake Out|p1b: Milotic\n|-damage|p1b: Milotic|89/100\n|move|p1a: Sableye|Skill Swap|p2b: Incineroar\n|-hint|Since gen 7, Dark is immune to Prankster moves.\n|-immune|p2b: Incineroar\n|move|p2a: Aggron|Iron Defense|p2a: Aggron\n|-boost|p2a: Aggron|def|0\n|\n|-end|p2a: Aggron|Encore\n|upkeep\n|turn|5\n|inactive|Garchimac has 30 seconds left.\n|inactive|koxicity has 30 seconds left.\n|\n|t:|1776481868\n|switch|p1b: Basculegion|Basculegion, L50, M|100/100\n|detailschange|p2a: Aggron|Aggron-Mega, L50, F\n|-mega|p2a: Aggron|Aggron|Aggronite\n|move|p1a: Sableye|Encore|p2a: Aggron\n|-start|p2a: Aggron|Encore\n|move|p2b: Incineroar|Parting Shot|p1b: Basculegion\n|-unboost|p1b: Basculegion|atk|1\n|-unboost|p1b: Basculegion|spa|1\n|\n|t:|1776481883\n|switch|p2b: Sinistcha|Sinistcha, L50|65/100|[from] Parting Shot\n|-heal|p2a: Aggron|100/100|[from] ability: Hospitality|[of] p2b: Sinistcha\n|move|p2a: Aggron|Iron Defense|p2a: Aggron\n|-boost|p2a: Aggron|def|0\n|\n|upkeep\n|turn|6\n|\n|t:|1776481905\n|move|p1a: Sableye|Protect|p1a: Sableye\n|-singleturn|p1a: Sableye|Protect\n|move|p1b: Basculegion|Last Respects|p2b: Sinistcha\n|-supereffective|p2b: Sinistcha|1\n|-damage|p2b: Sinistcha|20/100\n|-enditem|p2b: Sinistcha|Sitrus Berry|[eat]\n|-heal|p2b: Sinistcha|45/100|[from] item: Sitrus Berry\n|move|p2b: Sinistcha|Matcha Gotcha|p1b: Basculegion|[spread] p1b\n|-activate|p1a: Sableye|move: Protect\n|-supereffective|p1b: Basculegion|1\n|-damage|p1b: Basculegion|40/100\n|-heal|p2b: Sinistcha|79/100|[from] drain|[of] p1b: Basculegion\n|move|p2a: Aggron|Iron Defense|p2a: Aggron\n|-boost|p2a: Aggron|def|0\n|\n|upkeep\n|turn|7\n|inactive|koxicity has 30 seconds left.\n|inactive|koxicity has 20 seconds left.\n|inactive|koxicity has 15 seconds left.\n|\n|t:|1776481948\n|move|p1a: Sableye|Taunt|p2a: Aggron\n|-start|p2a: Aggron|move: Taunt\n|move|p1b: Basculegion|Last Respects|p2b: Sinistcha\n|-supereffective|p2b: Sinistcha|1\n|-damage|p2b: Sinistcha|36/100\n|cant|p2a: Aggron|move: Taunt|Iron Defense\n|move|p2b: Sinistcha|Trick Room|p2b: Sinistcha\n|-fieldstart|move: Trick Room|[of] p2b: Sinistcha\n|\n|-end|p2a: Aggron|Encore\n|upkeep\n|turn|8\n|\n|t:|1776481967\n|move|p1a: Sableye|Encore|p2a: Aggron\n|-start|p2a: Aggron|Encore\n|cant|p2a: Aggron|move: Taunt|Iron Defense\n|move|p2b: Sinistcha|Matcha Gotcha|p1b: Basculegion|[spread] p1a\n|-miss|p2b: Sinistcha|p1b: Basculegion\n|-damage|p1a: Sableye|31/100\n|-heal|p2b: Sinistcha|49/100|[from] drain|[of] p1a: Sableye\n|move|p1b: Basculegion|Last Respects|p2b: Sinistcha\n|-supereffective|p2b: Sinistcha|1\n|-damage|p2b: Sinistcha|8/100\n|\n|upkeep\n|turn|9\n|\n|t:|1776481985\n|switch|p1b: Aerodactyl|Aerodactyl-Mega, L50, M|100/100\n|move|p1a: Sableye|Protect|p1a: Sableye\n|-singleturn|p1a: Sableye|Protect\n|-activate|p2a: Aggron|move: Struggle\n|move|p2a: Aggron|Struggle|p1b: Aerodactyl\n|-damage|p1b: Aerodactyl|82/100\n|-damage|p2a: Aggron|76/100|[from] recoil\n|move|p2b: Sinistcha|Matcha Gotcha|p1b: Aerodactyl|[spread] \n|-activate|p1a: Sableye|move: Protect\n|-miss|p2b: Sinistcha|p1b: Aerodactyl\n|\n|-end|p2a: Aggron|move: Taunt\n|upkeep\n|turn|10\n|inactive|koxicity has 30 seconds left.\n|\n|t:|1776482015\n|switch|p2b: Incineroar|Incineroar, L50, F|100/100\n|-ability|p2b: Incineroar|Intimidate|boost\n|-unboost|p1a: Sableye|atk|1\n|-unboost|p1b: Aerodactyl|atk|1\n|move|p1a: Sableye|Protect||[still]\n|-fail|p1a: Sableye\n|move|p2a: Aggron|Iron Defense|p2a: Aggron\n|-boost|p2a: Aggron|def|0\n|move|p1b: Aerodactyl|Fire Fang|p2b: Incineroar\n|-resisted|p2b: Incineroar|1\n|-damage|p2b: Incineroar|91/100\n|\n|-end|p2a: Aggron|Encore\n|upkeep\n|turn|11\n|\n|t:|1776482038\n|move|p2b: Incineroar|Fake Out|p1a: Sableye\n|-immune|p1a: Sableye\n|move|p1a: Sableye|Encore|p2a: Aggron\n|-start|p2a: Aggron|Encore\n|move|p2a: Aggron|Iron Defense|p2a: Aggron\n|-boost|p2a: Aggron|def|0\n|move|p1b: Aerodactyl|Rock Slide|p2a: Aggron|[spread] p2b\n|-miss|p1b: Aerodactyl|p2a: Aggron\n|-supereffective|p2b: Incineroar|1\n|-damage|p2b: Incineroar|57/100\n|\n|-fieldend|move: Trick Room\n|upkeep\n|turn|12\n|\n|t:|1776482060\n|switch|p2a: Sinistcha|Sinistcha, L50|8/100\n|-heal|p2b: Incineroar|82/100|[from] ability: Hospitality|[of] p2a: Sinistcha\n|move|p1a: Sableye|Taunt|p2b: Incineroar\n|-hint|Since gen 7, Dark is immune to Prankster moves.\n|-immune|p2b: Incineroar\n|move|p1b: Aerodactyl|Rock Slide|p2b: Incineroar|[spread] p2a,p2b\n|-supereffective|p2b: Incineroar|1\n|-damage|p2a: Sinistcha|0 fnt\n|-damage|p2b: Incineroar|46/100\n|faint|p2a: Sinistcha\n|cant|p2b: Incineroar|flinch\n|\n|upkeep\n|\n|t:|1776482076\n|switch|p2a: Hatterene|Hatterene, L50, F|100/100\n|turn|13\n|\n|t:|1776482087\n|move|p1a: Sableye|Taunt|p2a: Hatterene\n|move|p2a: Hatterene|Taunt|p1a: Sableye|[from] ability: Magic Bounce\n|-start|p1a: Sableye|move: Taunt\n|move|p1b: Aerodactyl|Rock Slide|p2b: Incineroar|[spread] p2b\n|-miss|p1b: Aerodactyl|p2a: Hatterene\n|-supereffective|p2b: Incineroar|1\n|-damage|p2b: Incineroar|7/100\n|move|p2b: Incineroar|Darkest Lariat|p1a: Sableye\n|-damage|p1a: Sableye|0 fnt\n|faint|p1a: Sableye\n|move|p2a: Hatterene|Dazzling Gleam|p1b: Aerodactyl\n|-damage|p1b: Aerodactyl|29/100\n|\n|upkeep\n|\n|t:|1776482103\n|switch|p1a: Basculegion|Basculegion, L50, M|40/100\n|turn|14\n|\n|t:|1776482118\n|move|p1a: Basculegion|Last Respects|p2a: Hatterene\n|-supereffective|p2a: Hatterene|1\n|-damage|p2a: Hatterene|0 fnt\n|faint|p2a: Hatterene\n|move|p1b: Aerodactyl|Rock Slide|p2b: Incineroar\n|-supereffective|p2b: Incineroar|1\n|-damage|p2b: Incineroar|0 fnt\n|faint|p2b: Incineroar\n|\n|upkeep\n|\n|t:|1776482132\n|switch|p2b: Aggron|Aggron-Mega, L50, F|76/100\n|turn|15\n|\n|t:|1776482138\n|move|p1a: Basculegion|Last Respects|p2b: Aggron\n|-damage|p2b: Aggron|45/100\n|move|p1b: Aerodactyl|Fire Fang|p2b: Aggron\n|-supereffective|p2b: Aggron|1\n|-damage|p2b: Aggron|28/100\n|move|p2b: Aggron|Heavy Slam|p1a: Basculegion\n|-resisted|p1a: Basculegion|1\n|-damage|p1a: Basculegion|15/100\n|\n|upkeep\n|turn|16\n|\n|t:|1776482152\n|move|p1a: Basculegion|Last Respects|p2b: Aggron\n|-damage|p2b: Aggron|0 fnt\n|faint|p2b: Aggron\n|\n|win|koxicity\n|raw|koxicity's rating: 1010 &rarr; <strong>1053</strong><br />(+43 for winning)\n|raw|Garchimac's rating: 1047 &rarr; <strong>1028</strong><br />(-19 for losing)\n|c|\u2606koxicity|loser\n",
  "uploadtime": 1776482166,
  "views": 20,
  "formatid": "gen9championsvgc2026regma",
  "rating": 1028,
  "private": 0,
  "password": null
}