{
  "id": "gen9championsvgc2026regma-2588547793",
  "format": "[Gen 9 Champions] VGC 2026 Reg M-A",
  "players": [
    "OJ32",
    "thenoblepeasant"
  ],
  "log": "|j|\u2606OJ32\n|j|\u2606thenoblepeasant\n|t:|1776643794\n|gametype|doubles\n|player|p1|OJ32|1|1105\n|player|p2|thenoblepeasant|swimmer-gen4dp|1089\n|gen|9\n|tier|[Gen 9 Champions] VGC 2026 Reg M-A\n|rated|\n|rule|Species Clause: Limit one of each Pok\u00e9mon\n|rule|Item Clause: Limit 1 of each item\n|clearpoke\n|poke|p1|Sneasler, L50, F|\n|poke|p1|Garchomp, L50, F|\n|poke|p1|Sinistcha, L50|\n|poke|p1|Floette-Eternal, L50, F|\n|poke|p1|Aerodactyl, L50, F|\n|poke|p1|Milotic, L50, M|\n|poke|p2|Golurk, L50|\n|poke|p2|Farigiraf, L50, F|\n|poke|p2|Torkoal, L50, M|\n|poke|p2|Incineroar, L50, M|\n|poke|p2|Sneasler, L50, M|\n|poke|p2|Sinistcha-Masterpiece, L50|\n|teampreview|4\n|inactive|Battle timer is ON: inactive players will automatically lose when time's up. (requested by OJ32)\n|inactive|thenoblepeasant has 60 seconds left.\n|\n|t:|1776643842\n|teamsize|p1|4\n|teamsize|p2|4\n|start\n|switch|p1a: Milotic|Milotic, L50, M|100/100\n|switch|p1b: Garchomp|Garchomp, L50, F|100/100\n|switch|p2a: Farigiraf|Farigiraf, L50, F|100/100\n|switch|p2b: Incineroar|Incineroar, L50, M|100/100\n|-ability|p2b: Incineroar|Intimidate|boost\n|-unboost|p1a: Milotic|atk|1\n|-ability|p1a: Milotic|Competitive|boost\n|-boost|p1a: Milotic|spa|2\n|-unboost|p1b: Garchomp|atk|1\n|turn|1\n|inactive|thenoblepeasant has 30 seconds left.\n|\n|t:|1776643875\n|move|p1b: Garchomp|Rock Slide|p2a: Farigiraf|[spread] p2b\n|-miss|p1b: Garchomp|p2a: Farigiraf\n|-supereffective|p2b: Incineroar|1\n|-damage|p2b: Incineroar|81/100\n|move|p1a: Milotic|Scald|p2b: Incineroar\n|-supereffective|p2b: Incineroar|1\n|-damage|p2b: Incineroar|0 fnt\n|faint|p2b: Incineroar\n|move|p2a: Farigiraf|Trick Room|p2a: Farigiraf\n|-fieldstart|move: Trick Room|[of] p2a: Farigiraf\n|\n|upkeep\n|\n|t:|1776643887\n|switch|p2b: Sinistcha|Sinistcha-Masterpiece, L50|100/100\n|turn|2\n|\n|t:|1776643896\n|move|p1a: Milotic|Protect|p1a: Milotic\n|-singleturn|p1a: Milotic|Protect\n|move|p2a: Farigiraf|Hyper Voice|p1a: Milotic|[spread] p1b\n|-activate|p1a: Milotic|move: Protect\n|-damage|p1b: Garchomp|66/100\n|move|p2b: Sinistcha|Matcha Gotcha|p1b: Garchomp|[spread] p1b\n|-activate|p1a: Milotic|move: Protect\n|-damage|p1b: Garchomp|34/100\n|move|p1b: Garchomp|Rock Slide|p2a: Farigiraf|[spread] p2a,p2b\n|-damage|p2a: Farigiraf|90/100\n|-damage|p2b: Sinistcha|89/100\n|\n|-heal|p2b: Sinistcha|95/100|[from] item: Leftovers\n|upkeep\n|turn|3\n|\n|t:|1776643919\n|move|p2a: Farigiraf|Hyper Voice|p1a: Milotic|[spread] p1a,p1b\n|-damage|p1a: Milotic|80/100\n|-damage|p1b: Garchomp|3/100\n|move|p2b: Sinistcha|Matcha Gotcha|p1a: Milotic|[spread] p1a,p1b\n|-supereffective|p1a: Milotic|1\n|-damage|p1a: Milotic|32/100\n|-heal|p2b: Sinistcha|100/100|[from] drain|[of] p1a: Milotic\n|-damage|p1b: Garchomp|0 fnt\n|faint|p1b: Garchomp\n|move|p1a: Milotic|Scald|p2a: Farigiraf\n|-damage|p2a: Farigiraf|13/100\n|-enditem|p2a: Farigiraf|Sitrus Berry|[eat]\n|-heal|p2a: Farigiraf|38/100|[from] item: Sitrus Berry\n|\n|-heal|p1a: Milotic|38/100|[from] item: Leftovers\n|upkeep\n|\n|t:|1776643924\n|switch|p1b: Floette|Floette-Eternal, L50, F|100/100\n|turn|4\n|\n|t:|1776643947\n|detailschange|p1b: Floette|Floette-Mega, L50, F\n|-mega|p1b: Floette|Floette|Floettite\n|-ability|p1b: Floette|Fairy Aura\n|move|p1a: Milotic|Protect|p1a: Milotic\n|-singleturn|p1a: Milotic|Protect\n|move|p2a: Farigiraf|Hyper Voice|p1b: Floette|[spread] p1b\n|-activate|p1a: Milotic|move: Protect\n|-damage|p1b: Floette|78/100\n|move|p2b: Sinistcha|Matcha Gotcha|p1b: Floette|[spread] p1b\n|-activate|p1a: Milotic|move: Protect\n|-damage|p1b: Floette|54/100\n|-status|p1b: Floette|brn\n|move|p1b: Floette|Moonblast|p2b: Sinistcha\n|-damage|p2b: Sinistcha|11/100\n|\n|-heal|p2b: Sinistcha|17/100|[from] item: Leftovers\n|-heal|p1a: Milotic|44/100|[from] item: Leftovers\n|-damage|p1b: Floette|48/100 brn|[from] brn\n|upkeep\n|turn|5\n|inactive|thenoblepeasant has 30 seconds left.\n|\n|t:|1776643979\n|move|p1b: Floette|Protect|p1b: Floette\n|-singleturn|p1b: Floette|Protect\n|move|p2a: Farigiraf|Psychic|p1b: Floette\n|-activate|p1b: Floette|move: Protect\n|move|p2b: Sinistcha|Matcha Gotcha|p1a: Milotic|[spread] p1a\n|-activate|p1b: Floette|move: Protect\n|-supereffective|p1a: Milotic|1\n|-damage|p1a: Milotic|0 fnt\n|-heal|p2b: Sinistcha|41/100|[from] drain|[of] p1a: Milotic\n|faint|p1a: Milotic\n|\n|-heal|p2b: Sinistcha|47/100|[from] item: Leftovers\n|-damage|p1b: Floette|42/100 brn|[from] brn\n|-fieldend|move: Trick Room\n|upkeep\n|\n|t:|1776643982\n|switch|p1a: Aerodactyl|Aerodactyl, L50, F|100/100\n|-ability|p1a: Aerodactyl|Unnerve\n|turn|6\n|\n|t:|1776644001\n|move|p1a: Aerodactyl|Dual Wingbeat|p2b: Sinistcha\n|-supereffective|p2b: Sinistcha|1\n|-damage|p2b: Sinistcha|12/100\n|-supereffective|p2b: Sinistcha|1\n|-damage|p2b: Sinistcha|0 fnt\n|faint|p2b: Sinistcha\n|-hitcount|p2: Sinistcha|2\n|move|p1b: Floette|Dazzling Gleam|p2a: Farigiraf\n|-damage|p2a: Farigiraf|0 fnt\n|faint|p2a: Farigiraf\n|\n|-damage|p1b: Floette|36/100 brn|[from] brn\n|upkeep\n|\n|t:|1776644014\n|switch|p2a: Golurk|Golurk, L50|100/100\n|turn|7\n|\n|t:|1776644025\n|detailschange|p2a: Golurk|Golurk-Mega, L50\n|-mega|p2a: Golurk|Golurk|Golurkite\n|move|p1b: Floette|Protect|p1b: Floette\n|-singleturn|p1b: Floette|Protect\n|move|p1a: Aerodactyl|Dual Wingbeat|p2a: Golurk\n|-damage|p2a: Golurk|85/100\n|-damage|p2a: Golurk|67/100\n|-hitcount|p2a: Golurk|2\n|move|p2a: Golurk|Ice Punch|p1a: Aerodactyl\n|-supereffective|p1a: Aerodactyl|1\n|-enditem|p1a: Aerodactyl|Focus Sash\n|-damage|p1a: Aerodactyl|1/100\n|\n|-damage|p1b: Floette|30/100 brn|[from] brn\n|upkeep\n|turn|8\n|\n|t:|1776644048\n|move|p2a: Golurk|Protect|p2a: Golurk\n|-singleturn|p2a: Golurk|Protect\n|move|p1a: Aerodactyl|Dual Wingbeat|p2a: Golurk\n|-activate|p2a: Golurk|move: Protect\n|move|p1b: Floette|Moonblast|p2a: Golurk\n|-activate|p2a: Golurk|move: Protect\n|\n|-damage|p1b: Floette|24/100 brn|[from] brn\n|upkeep\n|turn|9\n|\n|t:|1776644067\n|move|p1a: Aerodactyl|Dual Wingbeat|p2a: Golurk\n|-damage|p2a: Golurk|52/100\n|-damage|p2a: Golurk|36/100\n|-hitcount|p2a: Golurk|2\n|move|p1b: Floette|Moonblast|p2a: Golurk\n|-damage|p2a: Golurk|0 fnt\n|faint|p2a: Golurk\n|\n|win|OJ32\n|raw|OJ32's rating: 1105 &rarr; <strong>1129</strong><br />(+24 for winning)\n|raw|thenoblepeasant's rating: 1089 &rarr; <strong>1067</strong><br />(-22 for losing)\n",
  "uploadtime": 1776644067,
  "views": 5,
  "formatid": "gen9championsvgc2026regma",
  "rating": 1067,
  "private": 0,
  "password": null
}