{
  "id": "gen9championsvgc2026regma-2583318414",
  "format": "[Gen 9 Champions] VGC 2026 Reg M-A",
  "players": [
    "GaussianFish",
    "luminary4711"
  ],
  "log": "|j|\u2606GaussianFish\n|j|\u2606luminary4711\n|t:|1776166423\n|gametype|doubles\n|player|p1|GaussianFish|265|1000\n|player|p2|luminary4711|170|1087\n|gen|9\n|tier|[Gen 9 Champions] VGC 2026 Reg M-A\n|rated|\n|rule|Species Clause: Limit one of each Pok\u00e9mon\n|rule|Item Clause: Limit 1 of each item\n|clearpoke\n|poke|p1|Oranguru, L50, M|\n|poke|p1|Torkoal, L50, M|\n|poke|p1|Drampa, L50, M|\n|poke|p1|Sinistcha, L50|\n|poke|p1|Rotom-Wash, L50|\n|poke|p1|Scizor, L50, M|\n|poke|p2|Aerodactyl, L50, F|\n|poke|p2|Luxray, L50, M|\n|poke|p2|Sneasler, L50, F|\n|poke|p2|Charizard, L50, M|\n|poke|p2|Venusaur, L50, F|\n|poke|p2|Rotom-Wash, L50|\n|teampreview|4\n|inactive|Battle timer is ON: inactive players will automatically lose when time's up. (requested by luminary4711)\n|\n|t:|1776166432\n|teamsize|p1|4\n|teamsize|p2|4\n|start\n|switch|p1a: Oranguru|Oranguru, L50, M|100/100\n|switch|p1b: Torkoal|Torkoal, L50, M|100/100\n|switch|p2a: Luxray|Luxray, L50, M|100/100\n|switch|p2b: Sneasler|Sneasler, L50, F|100/100\n|-ability|p2a: Luxray|Intimidate|boost\n|-fail|p1a: Oranguru|unboost|Attack|[from] ability: Inner Focus|[of] p1a: Oranguru\n|-unboost|p1b: Torkoal|atk|1\n|-weather|SunnyDay|[from] ability: Drought|[of] p1b: Torkoal\n|turn|1\n|\n|t:|1776166450\n|move|p1a: Oranguru|Protect|p1a: Oranguru\n|-singleturn|p1a: Oranguru|Protect\n|move|p2b: Sneasler|Fake Out|p1b: Torkoal\n|-damage|p1b: Torkoal|89/100\n|move|p2a: Luxray|Snarl|p1b: Torkoal|[spread] p1b\n|-activate|p1a: Oranguru|move: Protect\n|-damage|p1b: Torkoal|77/100\n|-unboost|p1b: Torkoal|spa|1\n|cant|p1b: Torkoal|flinch\n|\n|-weather|SunnyDay|[upkeep]\n|upkeep\n|turn|2\n|\n|t:|1776166471\n|switch|p1a: Sinistcha|Sinistcha, L50|100/100\n|-heal|p1b: Torkoal|100/100|[from] ability: Hospitality|[of] p1a: Sinistcha\n|move|p2b: Sneasler|Protect|p2b: Sneasler\n|-singleturn|p2b: Sneasler|Protect\n|move|p2a: Luxray|Snarl|p1b: Torkoal|[spread] p1a,p1b\n|-supereffective|p1a: Sinistcha|1\n|-damage|p1a: Sinistcha|78/100\n|-damage|p1b: Torkoal|89/100\n|-unboost|p1a: Sinistcha|spa|1\n|-unboost|p1b: Torkoal|spa|1\n|move|p1b: Torkoal|Eruption|p2a: Luxray|[spread] p2a\n|-activate|p2b: Sneasler|move: Protect\n|-damage|p2a: Luxray|62/100\n|\n|-weather|SunnyDay|[upkeep]\n|upkeep\n|turn|3\n|\n|t:|1776166494\n|switch|p1b: Drampa|Drampa, L50, M|100/100\n|move|p1a: Sinistcha|Rage Powder|p1a: Sinistcha\n|-singleturn|p1a: Sinistcha|move: Rage Powder\n|move|p2b: Sneasler|Dire Claw|p1a: Sinistcha\n|-damage|p1a: Sinistcha|43/100\n|-status|p1a: Sinistcha|par\n|move|p2a: Luxray|Snarl|p1a: Sinistcha|[spread] p1a,p1b\n|-supereffective|p1a: Sinistcha|1\n|-damage|p1a: Sinistcha|22/100 par\n|-damage|p1b: Drampa|91/100\n|-unboost|p1a: Sinistcha|spa|1\n|-unboost|p1b: Drampa|spa|1\n|\n|-weather|SunnyDay|[upkeep]\n|upkeep\n|turn|4\n|inactive|GaussianFish has 30 seconds left.\n|\n|t:|1776166521\n|switch|p1a: Oranguru|Oranguru, L50, M|100/100\n|detailschange|p1b: Drampa|Drampa-Mega, L50, M\n|-mega|p1b: Drampa|Drampa|Drampanite\n|move|p2b: Sneasler|Dire Claw|p1b: Drampa\n|-damage|p1b: Drampa|57/100\n|-status|p1b: Drampa|slp\n|move|p2a: Luxray|Snarl|p1a: Oranguru|[spread] p1a,p1b\n|-supereffective|p1a: Oranguru|1\n|-damage|p1a: Oranguru|87/100\n|-damage|p1b: Drampa|49/100 slp\n|-unboost|p1a: Oranguru|spa|1\n|-unboost|p1b: Drampa|spa|1\n|-ability|p1b: Drampa|Berserk|boost\n|-boost|p1b: Drampa|spa|1\n|cant|p1b: Drampa|slp\n|\n|-weather|SunnyDay|[upkeep]\n|upkeep\n|turn|5\n|-message|GaussianFish forfeited.\n|\n|win|luminary4711\n|raw|GaussianFish's rating: 1000 &rarr; <strong>1000</strong><br />(+0 for losing)\n|raw|luminary4711's rating: 1087 &rarr; <strong>1107</strong><br />(+20 for winning)\n|l|\u2606GaussianFish\n|player|p1|\n",
  "uploadtime": 1776166547,
  "views": 16,
  "formatid": "gen9championsvgc2026regma",
  "rating": 1000,
  "private": 0,
  "password": null
}