{
  "id": "gen9championsvgc2026regma-2585033153",
  "format": "[Gen 9 Champions] VGC 2026 Reg M-A",
  "players": [
    "EXSA",
    "BONJVGC"
  ],
  "log": "|j|\u2606EXSA\n|j|\u2606BONJVGC\n|t:|1776305180\n|gametype|doubles\n|player|p1|EXSA|102|1201\n|player|p2|BONJVGC|swimmer|1124\n|gen|9\n|tier|[Gen 9 Champions] VGC 2026 Reg M-A\n|rated|\n|rule|Species Clause: Limit one of each Pok\u00e9mon\n|rule|Item Clause: Limit 1 of each item\n|clearpoke\n|poke|p1|Orthworm, L50, F|\n|poke|p1|Talonflame, L50, F|\n|poke|p1|Garchomp, L50, F|\n|poke|p1|Tyranitar, L50, F|\n|poke|p1|Rotom-Wash, L50|\n|poke|p1|Sinistcha, L50|\n|poke|p2|Charizard, L50, M|\n|poke|p2|Whimsicott, L50, F|\n|poke|p2|Venusaur, L50, M|\n|poke|p2|Incineroar, L50, M|\n|poke|p2|Sneasler, L50, M|\n|poke|p2|Garchomp, L50, M|\n|teampreview|4\n|inactive|Battle timer is ON: inactive players will automatically lose when time's up. (requested by BONJVGC)\nBONJVGC has agreed to open team sheets.\n|inactive|BONJVGC has 60 seconds left.\n|\n|t:|1776305230\n|teamsize|p1|4\n|teamsize|p2|4\n|start\n|switch|p1a: Talonflame|Talonflame, L50, F, shiny|100/100\n|switch|p1b: Orthworm|Orthworm, L50, F, shiny|100/100\n|switch|p2a: Charizard|Charizard, L50, M|100/100\n|switch|p2b: Venusaur|Venusaur, L50, M|100/100\n|turn|1\n|\n|t:|1776305254\n|detailschange|p2a: Charizard|Charizard-Mega-Y, L50, M\n|-mega|p2a: Charizard|Charizard|Charizardite Y\n|-weather|SunnyDay|[from] ability: Drought|[of] p2a: Charizard\n|move|p1a: Talonflame|Tailwind|p1a: Talonflame\n|-sidestart|p1: EXSA|move: Tailwind\n|move|p2b: Venusaur|Sleep Powder|p1a: Talonflame|[miss]\n|-miss|p2b: Venusaur|p1a: Talonflame\n|move|p1b: Orthworm|Shed Tail|p1b: Orthworm\n|-start|p1b: Orthworm|Substitute|[from] move: Shed Tail\n|-damage|p1b: Orthworm|50/100\n|\n|t:|1776305268\n|switch|p1b: Tyranitar|Tyranitar, L50, F|100/100|[from] Shed Tail\n|-weather|Sandstorm|[from] ability: Sand Stream|[of] p1b: Tyranitar\n|move|p2a: Charizard|Overheat|p1b: Tyranitar\n|-resisted|p1b: Tyranitar|1\n|-end|p1b: Tyranitar|Substitute\n|-unboost|p2a: Charizard|spa|2\n|\n|-weather|Sandstorm|[upkeep]\n|-damage|p1a: Talonflame|95/100|[from] Sandstorm\n|-damage|p2a: Charizard|95/100|[from] Sandstorm\n|-damage|p2b: Venusaur|95/100|[from] Sandstorm\n|upkeep\n|turn|2\n|\n|t:|1776305288\n|switch|p2a: Whimsicott|Whimsicott, L50, F|100/100\n|move|p1a: Talonflame|Dual Wingbeat|p2b: Venusaur\n|-supereffective|p2b: Venusaur|1\n|-damage|p2b: Venusaur|49/100\n|-enditem|p2b: Venusaur|Sitrus Berry|[eat]\n|-heal|p2b: Venusaur|74/100|[from] item: Sitrus Berry\n|-supereffective|p2b: Venusaur|1\n|-damage|p2b: Venusaur|28/100\n|-hitcount|p2b: Venusaur|2\n|move|p1b: Tyranitar|Rock Slide|p2b: Venusaur|[spread] p2a,p2b\n|-damage|p2a: Whimsicott|59/100\n|-damage|p2b: Venusaur|0 fnt\n|faint|p2b: Venusaur\n|\n|-weather|Sandstorm|[upkeep]\n|-damage|p1a: Talonflame|89/100|[from] Sandstorm\n|-damage|p2a: Whimsicott|53/100|[from] Sandstorm\n|upkeep\n|\n|t:|1776305301\n|switch|p2b: Charizard|Charizard-Mega-Y, L50, M|95/100\n|-weather|SunnyDay|[from] ability: Drought|[of] p2b: Charizard\n|turn|3\n|\n|t:|1776305313\n|switch|p2b: Sneasler|Sneasler, L50, M|100/100\n|detailschange|p1b: Tyranitar|Tyranitar-Mega, L50, F\n|-mega|p1b: Tyranitar|Tyranitar|Tyranitarite\n|-weather|Sandstorm|[from] ability: Sand Stream|[of] p1b: Tyranitar\n|move|p2a: Whimsicott|Tailwind|p2a: Whimsicott\n|-sidestart|p2: BONJVGC|move: Tailwind\n|move|p1a: Talonflame|Dual Wingbeat|p2a: Whimsicott\n|-supereffective|p2a: Whimsicott|1\n|-damage|p2a: Whimsicott|15/100\n|-supereffective|p2a: Whimsicott|1\n|-damage|p2a: Whimsicott|0 fnt\n|faint|p2a: Whimsicott\n|-hitcount|p2: Whimsicott|2\n|move|p1b: Tyranitar|Rock Slide|p2b: Sneasler\n|-resisted|p2b: Sneasler|1\n|-damage|p2b: Sneasler|60/100\n|\n|-weather|Sandstorm|[upkeep]\n|-damage|p2b: Sneasler|55/100|[from] Sandstorm\n|-damage|p1a: Talonflame|83/100|[from] Sandstorm\n|upkeep\n|\n|t:|1776305323\n|switch|p2a: Charizard|Charizard-Mega-Y, L50, M|95/100\n|-weather|SunnyDay|[from] ability: Drought|[of] p2a: Charizard\n|turn|4\n|\n|t:|1776305339\n|switch|p1b: Orthworm|Orthworm, L50, F, shiny|50/100\n|move|p2b: Sneasler|Dire Claw|p1a: Talonflame\n|-damage|p1a: Talonflame|22/100\n|move|p2a: Charizard|Heat Wave|p1b: Orthworm|[spread] p1a,p1b\n|-resisted|p1a: Talonflame|1\n|-supereffective|p1b: Orthworm|1\n|-damage|p1a: Talonflame|0 fnt\n|-damage|p1b: Orthworm|0 fnt\n|faint|p1a: Talonflame\n|faint|p1b: Orthworm\n|\n|-weather|SunnyDay|[upkeep]\n|-sideend|p1: EXSA|move: Tailwind\n|upkeep\n|\n|t:|1776305348\n|switch|p1a: Tyranitar|Tyranitar-Mega, L50, F|100/100\n|switch|p1b: Garchomp|Garchomp, L50, F|100/100\n|-weather|Sandstorm|[from] ability: Sand Stream|[of] p1a: Tyranitar\n|turn|5\n|\n|t:|1776305360\n|move|p1a: Tyranitar|Protect|p1a: Tyranitar\n|-singleturn|p1a: Tyranitar|Protect\n|move|p2b: Sneasler|Dire Claw|p1b: Garchomp\n|-resisted|p1b: Garchomp|1\n|-damage|p1b: Garchomp|80/100\n|-damage|p2b: Sneasler|43/100|[from] ability: Rough Skin|[of] p1b: Garchomp\n|move|p2a: Charizard|Heat Wave|p1b: Garchomp|[spread] \n|-activate|p1a: Tyranitar|move: Protect\n|-miss|p2a: Charizard|p1b: Garchomp\n|move|p1b: Garchomp|Earthquake|p2a: Charizard|[spread] p2b\n|-activate|p1a: Tyranitar|move: Protect\n|-immune|p2a: Charizard\n|-supereffective|p2b: Sneasler|1\n|-damage|p2b: Sneasler|0 fnt\n|faint|p2b: Sneasler\n|\n|-weather|Sandstorm|[upkeep]\n|-damage|p2a: Charizard|89/100|[from] Sandstorm\n|upkeep\n|turn|6\n|\n|t:|1776305375\n|move|p2a: Charizard|Heat Wave|p1a: Tyranitar|[spread] p1b\n|-miss|p2a: Charizard|p1a: Tyranitar\n|-resisted|p1b: Garchomp|1\n|-damage|p1b: Garchomp|56/100\n|move|p1b: Garchomp|Dragon Claw|p2a: Charizard\n|-damage|p2a: Charizard|33/100\n|move|p1a: Tyranitar|Rock Slide|p2a: Charizard\n|-supereffective|p2a: Charizard|2\n|-damage|p2a: Charizard|0 fnt\n|faint|p2a: Charizard\n|\n|win|EXSA\n|raw|EXSA's rating: 1201 &rarr; <strong>1221</strong><br />(+20 for winning)\n|raw|BONJVGC's rating: 1124 &rarr; <strong>1104</strong><br />(-20 for losing)\n|l|\u2606BONJVGC\n|player|p2|\n",
  "uploadtime": 1776305385,
  "views": 24,
  "formatid": "gen9championsvgc2026regma",
  "rating": 1104,
  "private": 0,
  "password": null
}