{
  "id": "gen9championsvgc2026regma-2582765783",
  "format": "[Gen 9 Champions] VGC 2026 Reg M-A",
  "players": [
    "Bicycle Bandy",
    "zeroaryami"
  ],
  "log": "|j|\u2606Bicycle Bandy\n|j|\u2606zeroaryami\n|t:|1776112568\n|gametype|doubles\n|player|p1|Bicycle Bandy|2|1167\n|player|p2|zeroaryami|dawn|1261\n|gen|9\n|tier|[Gen 9 Champions] VGC 2026 Reg M-A\n|rated|\n|rule|Species Clause: Limit one of each Pok\u00e9mon\n|rule|Item Clause: Limit 1 of each item\n|clearpoke\n|poke|p1|Arcanine-Hisui, L50, M|\n|poke|p1|Scizor, L50, F|\n|poke|p1|Pelipper, L50, M|\n|poke|p1|Goodra-Hisui, L50, M|\n|poke|p1|Sinistcha, L50|\n|poke|p1|Basculegion, L50, M|\n|poke|p2|Floette-Eternal, L50, F|\n|poke|p2|Sinistcha, L50|\n|poke|p2|Garchomp, L50, F|\n|poke|p2|Rotom-Wash, L50|\n|poke|p2|Orthworm, L50, M|\n|poke|p2|Incineroar, L50, M|\n|teampreview|4\n|\n|t:|1776112609\n|teamsize|p1|4\n|teamsize|p2|4\n|start\n|switch|p1a: Scizor|Scizor, L50, F|100/100\n|switch|p1b: Arcanine|Arcanine-Hisui, L50, M|100/100\n|switch|p2a: Garchomp|Garchomp, L50, F|100/100\n|switch|p2b: Orthworm|Orthworm, L50, M|100/100\n|-ability|p1b: Arcanine|Intimidate|boost\n|-unboost|p2a: Garchomp|atk|1\n|-unboost|p2b: Orthworm|atk|1\n|turn|1\n|inactive|Battle timer is ON: inactive players will automatically lose when time's up. (requested by zeroaryami)\n|\n|t:|1776112664\n|detailschange|p1a: Scizor|Scizor-Mega, L50, F\n|-mega|p1a: Scizor|Scizor|Scizorite\n|move|p1b: Arcanine|Protect|p1b: Arcanine\n|-singleturn|p1b: Arcanine|Protect\n|move|p2a: Garchomp|Earthquake|p1b: Arcanine|[spread] p1a\n|-activate|p1b: Arcanine|move: Protect\n|-immune|p2b: Orthworm|[from] ability: Earth Eater\n|-damage|p1a: Scizor|80/100\n|move|p1a: Scizor|Swords Dance|p1a: Scizor\n|-boost|p1a: Scizor|atk|2\n|move|p2b: Orthworm|Shed Tail|p2b: Orthworm\n|-start|p2b: Orthworm|Substitute|[from] move: Shed Tail\n|-damage|p2b: Orthworm|50/100\n|-enditem|p2b: Orthworm|Sitrus Berry|[eat]\n|-heal|p2b: Orthworm|75/100|[from] item: Sitrus Berry\n|\n|t:|1776112680\n|switch|p2b: Floette|Floette-Eternal, L50, F|100/100|[from] Shed Tail\n|\n|upkeep\n|turn|2\n|\n|t:|1776112692\n|switch|p1b: Sinistcha|Sinistcha, L50|100/100\n|-heal|p1a: Scizor|100/100|[from] ability: Hospitality|[of] p1b: Sinistcha\n|move|p2b: Floette|Protect|p2b: Floette\n|-singleturn|p2b: Floette|Protect\n|move|p1a: Scizor|Bullet Punch|p2b: Floette\n|-activate|p2b: Floette|move: Protect\n|move|p2a: Garchomp|Earthquake|p1a: Scizor|[spread] p1a,p1b\n|-activate|p2b: Floette|move: Protect\n|-resisted|p1b: Sinistcha|1\n|-damage|p1a: Scizor|82/100\n|-damage|p1b: Sinistcha|89/100\n|\n|upkeep\n|turn|3\n|\n|t:|1776112716\n|switch|p2a: Rotom|Rotom-Wash, L50|100/100\n|switch|p1b: Arcanine|Arcanine-Hisui, L50, M|100/100\n|-ability|p1b: Arcanine|Intimidate|boost\n|-unboost|p2a: Rotom|atk|1\n|-immune|p2b: Floette\n|detailschange|p2b: Floette|Floette-Mega, L50, F\n|-mega|p2b: Floette|Floette|Floettite\n|-ability|p2b: Floette|Fairy Aura\n|move|p1a: Scizor|Bullet Punch|p2b: Floette\n|-supereffective|p2b: Floette|1\n|-end|p2b: Floette|Substitute\n|move|p2b: Floette|Light of Ruin|p1a: Scizor\n|-resisted|p1a: Scizor|1\n|-damage|p1a: Scizor|25/100\n|-damage|p2b: Floette|72/100|[from] Recoil\n|\n|upkeep\n|turn|4\n|inactive|zeroaryami has 30 seconds left.\n|\n|t:|1776112741\n|switch|p2b: Garchomp|Garchomp, L50, F|100/100\n|switch|p1b: Sinistcha|Sinistcha, L50|89/100\n|-heal|p1a: Scizor|50/100|[from] ability: Hospitality|[of] p1b: Sinistcha\n|move|p1a: Scizor|Protect|p1a: Scizor\n|-singleturn|p1a: Scizor|Protect\n|move|p2a: Rotom|Hydro Pump|p1b: Sinistcha\n|-resisted|p1b: Sinistcha|1\n|-damage|p1b: Sinistcha|65/100\n|\n|upkeep\n|turn|5\n|inactive|Bicycle Bandy has 30 seconds left.\n|\n|t:|1776112769\n|switch|p1b: Arcanine|Arcanine-Hisui, L50, M|100/100\n|-ability|p1b: Arcanine|Intimidate|boost\n|-unboost|p2a: Rotom|atk|1\n|-unboost|p2b: Garchomp|atk|1\n|move|p2a: Rotom|Helping Hand|p2b: Garchomp\n|-singleturn|p2b: Garchomp|Helping Hand|[of] p2a: Rotom\n|move|p2b: Garchomp|Earthquake|p1b: Arcanine|[spread] p1a,p1b\n|-immune|p2a: Rotom|[from] ability: Levitate\n|-supereffective|p1b: Arcanine|2\n|-damage|p1a: Scizor|20/100\n|-damage|p1b: Arcanine|0 fnt\n|faint|p1b: Arcanine\n|move|p1a: Scizor|Bug Bite|p2a: Rotom\n|-damage|p2a: Rotom|0 fnt\n|faint|p2a: Rotom\n|\n|upkeep\n|\n|t:|1776112786\n|switch|p1b: Sinistcha|Sinistcha, L50|65/100\n|switch|p2a: Orthworm|Orthworm, L50, M|75/100\n|-heal|p1a: Scizor|45/100|[from] ability: Hospitality|[of] p1b: Sinistcha\n|turn|6\n|inactive|Bicycle Bandy has 30 seconds left.\n|\n|t:|1776112816\n|move|p1a: Scizor|Bullet Punch|p2a: Orthworm\n|-resisted|p2a: Orthworm|1\n|-damage|p2a: Orthworm|54/100\n|move|p2b: Garchomp|Earthquake|p1b: Sinistcha|[spread] p1a,p1b\n|-heal|p2a: Orthworm|78/100|[from] ability: Earth Eater|[of] p2b: Garchomp\n|-resisted|p1b: Sinistcha|1\n|-damage|p1a: Scizor|26/100\n|-damage|p1b: Sinistcha|53/100\n|move|p1b: Sinistcha|Life Dew|p1b: Sinistcha|[spread] p1a,p1b\n|-heal|p1a: Scizor|51/100\n|-heal|p1b: Sinistcha|78/100\n|move|p2a: Orthworm|Iron Defense|p2a: Orthworm\n|-boost|p2a: Orthworm|def|2\n|\n|upkeep\n|turn|7\n|inactive|Bicycle Bandy has 30 seconds left.\n|\n|t:|1776112845\n|move|p2b: Garchomp|Earthquake|p1a: Scizor|[spread] p1a,p1b\n|-heal|p2a: Orthworm|100/100|[from] ability: Earth Eater|[of] p2b: Garchomp\n|-crit|p1a: Scizor\n|-resisted|p1b: Sinistcha|1\n|-damage|p1a: Scizor|2/100\n|-damage|p1b: Sinistcha|66/100\n|move|p1a: Scizor|Swords Dance|p1a: Scizor\n|-boost|p1a: Scizor|atk|2\n|move|p1b: Sinistcha|Life Dew|p1b: Sinistcha|[spread] p1a,p1b\n|-heal|p1a: Scizor|26/100\n|-heal|p1b: Sinistcha|91/100\n|move|p2a: Orthworm|Iron Defense|p2a: Orthworm\n|-boost|p2a: Orthworm|def|2\n|\n|upkeep\n|turn|8\n|\n|t:|1776112863\n|move|p1a: Scizor|Protect|p1a: Scizor\n|-singleturn|p1a: Scizor|Protect\n|move|p2b: Garchomp|Earthquake|p1b: Sinistcha|[spread] p1b\n|-activate|p1a: Scizor|move: Protect\n|-immune|p2a: Orthworm|[from] ability: Earth Eater\n|-resisted|p1b: Sinistcha|1\n|-damage|p1b: Sinistcha|77/100\n|move|p1b: Sinistcha|Life Dew|p1b: Sinistcha|[spread] p1a,p1b\n|-heal|p1a: Scizor|51/100\n|-heal|p1b: Sinistcha|100/100\n|move|p2a: Orthworm|Body Press|p1a: Scizor\n|-activate|p1a: Scizor|move: Protect\n|\n|upkeep\n|turn|9\n|inactive|Bicycle Bandy has 30 seconds left.\n|\n|t:|1776112890\n|move|p1b: Sinistcha|Rage Powder|p1b: Sinistcha\n|-singleturn|p1b: Sinistcha|move: Rage Powder\n|move|p2b: Garchomp|Earthquake|p1a: Scizor|[spread] p1a,p1b\n|-immune|p2a: Orthworm|[from] ability: Earth Eater\n|-resisted|p1b: Sinistcha|1\n|-damage|p1a: Scizor|30/100\n|-damage|p1b: Sinistcha|89/100\n|move|p1a: Scizor|Bug Bite|p2a: Orthworm\n|-resisted|p2a: Orthworm|1\n|-damage|p2a: Orthworm|84/100\n|move|p2a: Orthworm|Body Press|p1b: Sinistcha\n|-immune|p1b: Sinistcha\n|\n|upkeep\n|turn|10\n|\n|t:|1776112904\n|move|p1a: Scizor|Protect|p1a: Scizor\n|-singleturn|p1a: Scizor|Protect\n|move|p2b: Garchomp|Dragon Claw|p1b: Sinistcha\n|-damage|p1b: Sinistcha|63/100\n|move|p1b: Sinistcha|Life Dew|p1b: Sinistcha|[spread] p1a,p1b\n|-heal|p1a: Scizor|55/100\n|-heal|p1b: Sinistcha|89/100\n|move|p2a: Orthworm|Iron Defense|p2a: Orthworm\n|-boost|p2a: Orthworm|def|2\n|\n|upkeep\n|turn|11\n|inactive|Bicycle Bandy has 30 seconds left.\n|\n|t:|1776112934\n|move|p1b: Sinistcha|Rage Powder|p1b: Sinistcha\n|-singleturn|p1b: Sinistcha|move: Rage Powder\n|move|p2b: Garchomp|Earthquake|p1b: Sinistcha|[spread] p1a,p1b\n|-heal|p2a: Orthworm|100/100|[from] ability: Earth Eater|[of] p2b: Garchomp\n|-resisted|p1b: Sinistcha|1\n|-damage|p1a: Scizor|34/100\n|-damage|p1b: Sinistcha|75/100\n|move|p1a: Scizor|Bug Bite|p2b: Garchomp\n|-enditem|p2b: Garchomp|Focus Sash\n|-damage|p2b: Garchomp|1/100\n|-damage|p1a: Scizor|22/100|[from] ability: Rough Skin|[of] p2b: Garchomp\n|move|p2a: Orthworm|Heavy Slam|p1b: Sinistcha\n|-damage|p1b: Sinistcha|38/100\n|\n|upkeep\n|turn|12\n|inactive|Bicycle Bandy has 30 seconds left.\n|inactive|Bicycle Bandy has 20 seconds left.\n|\n|t:|1776112971\n|switch|p1b: Goodra|Goodra-Hisui, L50, M|100/100\n|move|p1a: Scizor|Bullet Punch|p2b: Garchomp\n|-damage|p2b: Garchomp|0 fnt\n|-damage|p1a: Scizor|10/100|[from] ability: Rough Skin|[of] p2b: Garchomp\n|faint|p2b: Garchomp\n|move|p2a: Orthworm|Heavy Slam|p1b: Goodra\n|-resisted|p1b: Goodra|1\n|-damage|p1b: Goodra|95/100\n|\n|-heal|p1b: Goodra|100/100|[from] item: Leftovers\n|upkeep\n|\n|t:|1776112975\n|switch|p2b: Floette|Floette-Mega, L50, F|72/100\n|-ability|p2b: Floette|Fairy Aura\n|turn|13\n|\n|t:|1776112998\n|move|p1a: Scizor|Protect|p1a: Scizor\n|-singleturn|p1a: Scizor|Protect\n|move|p2b: Floette|Dazzling Gleam|p1b: Goodra|[spread] p1b\n|-activate|p1a: Scizor|move: Protect\n|-damage|p1b: Goodra|64/100\n|move|p2a: Orthworm|Body Press|p1b: Goodra\n|-supereffective|p1b: Goodra|1\n|-damage|p1b: Goodra|0 fnt\n|faint|p1b: Goodra\n|\n|upkeep\n|\n|t:|1776113008\n|switch|p1b: Sinistcha|Sinistcha, L50|38/100\n|-heal|p1a: Scizor|34/100|[from] ability: Hospitality|[of] p1b: Sinistcha\n|turn|14\n|inactive|Bicycle Bandy has 30 seconds left.\n|inactive|Bicycle Bandy has 20 seconds left.\n|inactive|Bicycle Bandy has 15 seconds left.\n|inactive|Bicycle Bandy has 10 seconds left.\n|\n|t:|1776113055\n|move|p1b: Sinistcha|Rage Powder|p1b: Sinistcha\n|-singleturn|p1b: Sinistcha|move: Rage Powder\n|move|p1a: Scizor|Bullet Punch|p2b: Floette\n|-supereffective|p2b: Floette|1\n|-damage|p2b: Floette|0 fnt\n|faint|p2b: Floette\n|move|p2a: Orthworm|Heavy Slam|p1b: Sinistcha\n|-damage|p1b: Sinistcha|4/100\n|\n|upkeep\n|turn|15\n|\n|t:|1776113074\n|move|p1b: Sinistcha|Protect|p1b: Sinistcha\n|-singleturn|p1b: Sinistcha|Protect\n|move|p1a: Scizor|Bug Bite|p2a: Orthworm\n|-resisted|p2a: Orthworm|1\n|-damage|p2a: Orthworm|88/100\n|move|p2a: Orthworm|Heavy Slam|p1b: Sinistcha\n|-activate|p1b: Sinistcha|move: Protect\n|\n|upkeep\n|turn|16\n|\n|t:|1776113090\n|move|p1a: Scizor|Bug Bite|p2a: Orthworm\n|-resisted|p2a: Orthworm|1\n|-damage|p2a: Orthworm|76/100\n|move|p1b: Sinistcha|Matcha Gotcha|p2a: Orthworm\n|-resisted|p2a: Orthworm|1\n|-crit|p2a: Orthworm\n|-damage|p2a: Orthworm|45/100\n|-heal|p1b: Sinistcha|20/100|[from] drain|[of] p2a: Orthworm\n|-status|p2a: Orthworm|brn\n|move|p2a: Orthworm|Heavy Slam|p1b: Sinistcha\n|-damage|p1b: Sinistcha|3/100\n|\n|-damage|p2a: Orthworm|38/100 brn|[from] brn\n|upkeep\n|turn|17\n|-message|zeroaryami forfeited.\n|\n|win|Bicycle Bandy\n|raw|Bicycle Bandy's rating: 1167 &rarr; <strong>1199</strong><br />(+32 for winning)\n|raw|zeroaryami's rating: 1261 &rarr; <strong>1229</strong><br />(-32 for losing)\n|l|\u2606zeroaryami\n|player|p2|\n",
  "uploadtime": 1776113122,
  "views": 22,
  "formatid": "gen9championsvgc2026regma",
  "rating": 1199,
  "private": 0,
  "password": null
}