{
  "id": "gen9championsvgc2026regma-2582814327",
  "format": "[Gen 9 Champions] VGC 2026 Reg M-A",
  "players": [
    "NonTuaMadre",
    "Isidino"
  ],
  "log": "|j|\u2606NonTuaMadre\n|j|\u2606Isidino\n|t:|1776116134\n|gametype|doubles\n|player|p1|NonTuaMadre|265|1182\n|player|p2|Isidino|170|1104\n|gen|9\n|tier|[Gen 9 Champions] VGC 2026 Reg M-A\n|rated|\n|rule|Species Clause: Limit one of each Pok\u00e9mon\n|rule|Item Clause: Limit 1 of each item\n|clearpoke\n|poke|p1|Rotom-Wash, L50|\n|poke|p1|Garchomp, L50, F|\n|poke|p1|Kingambit, L50, F|\n|poke|p1|Gengar, L50, M|\n|poke|p1|Incineroar, L50, F|\n|poke|p1|Delphox, L50, F|\n|poke|p2|Pelipper, L50, M|\n|poke|p2|Basculegion-F, L50, F|\n|poke|p2|Starmie, L50|\n|poke|p2|Sneasler, L50, M|\n|poke|p2|Sableye, L50, M|\n|poke|p2|Archaludon, L50, F|\n|teampreview|4\n|inactive|Battle timer is ON: inactive players will automatically lose when time's up. (requested by Isidino)\n|j| atheill\n|inactive|NonTuaMadre has 60 seconds left.\n|inactive|NonTuaMadre has 30 seconds left.\n|inactive|Isidino has 60 seconds left.\n|\n|t:|1776116202\n|teamsize|p1|4\n|teamsize|p2|4\n|start\n|switch|p1a: Rotom|Rotom-Wash, L50|100/100\n|switch|p1b: Gengar|Gengar, L50, M|100/100\n|switch|p2a: Pelipper|Pelipper, L50, M|100/100\n|switch|p2b: Basculegion|Basculegion-F, L50, F, shiny|100/100\n|-weather|RainDance|[from] ability: Drizzle|[of] p2a: Pelipper\n|turn|1\n|\n|t:|1776116219\n|detailschange|p1b: Gengar|Gengar-Mega, L50, M\n|-mega|p1b: Gengar|Gengar|Gengarite\n|move|p1b: Gengar|Protect|p1b: Gengar\n|-singleturn|p1b: Gengar|Protect\n|move|p2b: Basculegion|Muddy Water|p1a: Rotom|[spread] p1a\n|-activate|p1b: Gengar|move: Protect\n|-resisted|p1a: Rotom|1\n|-damage|p1a: Rotom|74/100\n|move|p2a: Pelipper|Tailwind|p2a: Pelipper\n|-sidestart|p2: Isidino|move: Tailwind\n|move|p1a: Rotom|Will-O-Wisp|p2b: Basculegion\n|-status|p2b: Basculegion|brn\n|\n|-weather|RainDance|[upkeep]\n|-damage|p2b: Basculegion|94/100 brn|[from] brn\n|upkeep\n|turn|2\n|\n|t:|1776116240\n|move|p2b: Basculegion|Muddy Water|p1b: Gengar|[spread] \n|-miss|p2b: Basculegion|p1a: Rotom\n|-miss|p2b: Basculegion|p1b: Gengar\n|move|p2a: Pelipper|Weather Ball|p1b: Gengar\n|-damage|p1b: Gengar|13/100\n|move|p1b: Gengar|Icy Wind|p2a: Pelipper|[spread] p2b\n|-miss|p1b: Gengar|p2a: Pelipper\n|-resisted|p2b: Basculegion|1\n|-damage|p2b: Basculegion|84/100 brn\n|-unboost|p2b: Basculegion|spe|1\n|move|p1a: Rotom|Thunderbolt|p2a: Pelipper\n|-supereffective|p2a: Pelipper|2\n|-enditem|p2a: Pelipper|Focus Sash\n|-damage|p2a: Pelipper|1/100\n|\n|-weather|RainDance|[upkeep]\n|-damage|p2b: Basculegion|77/100 brn|[from] brn\n|upkeep\n|turn|3\n|\n|t:|1776116262\n|move|p1b: Gengar|Protect|p1b: Gengar\n|-singleturn|p1b: Gengar|Protect\n|move|p2b: Basculegion|Shadow Ball|p1a: Rotom\n|-damage|p1a: Rotom|35/100\n|-enditem|p1a: Rotom|Sitrus Berry|[eat]\n|-heal|p1a: Rotom|60/100|[from] item: Sitrus Berry\n|move|p2a: Pelipper|Hurricane|p1a: Rotom\n|-resisted|p1a: Rotom|1\n|-damage|p1a: Rotom|37/100\n|move|p1a: Rotom|Light Screen|p1a: Rotom\n|-sidestart|p1: NonTuaMadre|move: Light Screen\n|\n|-weather|RainDance|[upkeep]\n|-damage|p2b: Basculegion|71/100 brn|[from] brn\n|upkeep\n|turn|4\n|\n|t:|1776116286\n|switch|p1b: Garchomp|Garchomp, L50, F|100/100\n|move|p2b: Basculegion|Muddy Water|p1b: Garchomp|[spread] p1b\n|-miss|p2b: Basculegion|p1a: Rotom\n|-damage|p1b: Garchomp|73/100\n|-unboost|p1b: Garchomp|accuracy|1\n|-enditem|p1b: Garchomp|White Herb\n|-clearnegativeboost|p1b: Garchomp|[silent]\n|move|p2a: Pelipper|Hurricane|p1a: Rotom\n|-resisted|p1a: Rotom|1\n|-damage|p1a: Rotom|20/100\n|move|p1a: Rotom|Thunderbolt|p2a: Pelipper\n|-supereffective|p2a: Pelipper|2\n|-damage|p2a: Pelipper|0 fnt\n|faint|p2a: Pelipper\n|\n|-weather|RainDance|[upkeep]\n|-damage|p2b: Basculegion|65/100 brn|[from] brn\n|-sideend|p2: Isidino|move: Tailwind\n|upkeep\n|\n|t:|1776116297\n|switch|p2a: Starmie|Starmie, L50, shiny|100/100\n|turn|5\n|inactive|Isidino has 30 seconds left.\n|inactive|Isidino has 20 seconds left.\n|\n|t:|1776116335\n|detailschange|p2a: Starmie|Starmie-Mega, L50, shiny\n|-mega|p2a: Starmie|Starmie|Starminite\n|move|p2b: Basculegion|Muddy Water|p1a: Rotom|[spread] p1a,p1b\n|-resisted|p1a: Rotom|1\n|-damage|p1a: Rotom|4/100\n|-damage|p1b: Garchomp|47/100\n|move|p2a: Starmie|Ice Spinner|p1b: Garchomp\n|-supereffective|p1b: Garchomp|2\n|-damage|p1b: Garchomp|0 fnt\n|-damage|p2a: Starmie|89/100|[from] ability: Rough Skin|[of] p1b: Garchomp\n|faint|p1b: Garchomp\n|move|p1a: Rotom|Will-O-Wisp|p2a: Starmie\n|-status|p2a: Starmie|brn\n|\n|-weather|none\n|-damage|p2b: Basculegion|59/100 brn|[from] brn\n|-damage|p2a: Starmie|83/100 brn|[from] brn\n|upkeep\n|\n|t:|1776116354\n|switch|p1b: Gengar|Gengar-Mega, L50, M|13/100\n|turn|6\n|\n|t:|1776116363\n|move|p1b: Gengar|Protect|p1b: Gengar\n|-singleturn|p1b: Gengar|Protect\n|move|p2a: Starmie|Aqua Jet|p1b: Gengar\n|-activate|p1b: Gengar|move: Protect\n|move|p1a: Rotom|Thunderbolt|p2b: Basculegion\n|-supereffective|p2b: Basculegion|1\n|-damage|p2b: Basculegion|0 fnt\n|faint|p2b: Basculegion\n|\n|-damage|p2a: Starmie|77/100 brn|[from] brn\n|upkeep\n|\n|t:|1776116371\n|switch|p2b: Sneasler|Sneasler, L50, M|100/100\n|turn|7\n|inactive|NonTuaMadre has 30 seconds left.\n|\n|t:|1776116398\n|switch|p1a: Incineroar|Incineroar, L50, F|100/100\n|-ability|p1a: Incineroar|Intimidate|boost\n|-unboost|p2a: Starmie|atk|1\n|-unboost|p2b: Sneasler|atk|1\n|-enditem|p2b: Sneasler|White Herb\n|-clearnegativeboost|p2b: Sneasler|[silent]\n|move|p2a: Starmie|Aqua Jet|p1b: Gengar\n|-damage|p1b: Gengar|0 fnt\n|faint|p1b: Gengar\n|move|p2b: Sneasler|Dire Claw|p1a: Incineroar\n|-damage|p1a: Incineroar|61/100\n|\n|-damage|p2a: Starmie|71/100 brn|[from] brn\n|-sideend|p1: NonTuaMadre|move: Light Screen\n|upkeep\n|\n|t:|1776116409\n|switch|p1b: Rotom|Rotom-Wash, L50|4/100\n|turn|8\n|\n|t:|1776116424\n|move|p1a: Incineroar|Fake Out|p2a: Starmie\n|-damage|p2a: Starmie|57/100 brn\n|cant|p2a: Starmie|flinch\n|move|p2b: Sneasler|Dire Claw|p1b: Rotom\n|-damage|p1b: Rotom|0 fnt\n|faint|p1b: Rotom\n|\n|-damage|p2a: Starmie|51/100 brn|[from] brn\n|upkeep\n|turn|9\n|\n|t:|1776116436\n|move|p2b: Sneasler|Dire Claw|p1a: Incineroar\n|-damage|p1a: Incineroar|23/100\n|move|p2a: Starmie|Liquidation|p1a: Incineroar\n|-supereffective|p1a: Incineroar|1\n|-enditem|p1a: Incineroar|Passho Berry|[eat]\n|-enditem|p1a: Incineroar|Passho Berry|[weaken]\n|-damage|p1a: Incineroar|0 fnt\n|faint|p1a: Incineroar\n|\n|win|Isidino\n|raw|NonTuaMadre's rating: 1182 &rarr; <strong>1151</strong><br />(-31 for losing)\n|raw|Isidino's rating: 1104 &rarr; <strong>1135</strong><br />(+31 for winning)\n",
  "uploadtime": 1776116439,
  "views": 18,
  "formatid": "gen9championsvgc2026regma",
  "rating": 1135,
  "private": 0,
  "password": null
}