{
  "id": "gen9championsvgc2026regma-2588226586",
  "format": "[Gen 9 Champions] VGC 2026 Reg M-A",
  "players": [
    "Krzak20",
    "GSB13"
  ],
  "log": "|j|\u2606Krzak20\n|j|\u2606GSB13\n|t:|1776616078\n|gametype|doubles\n|player|p1|Krzak20|169|1120\n|player|p2|GSB13|benga|1066\n|gen|9\n|tier|[Gen 9 Champions] VGC 2026 Reg M-A\n|rated|\n|rule|Species Clause: Limit one of each Pok\u00e9mon\n|rule|Item Clause: Limit 1 of each item\n|clearpoke\n|poke|p1|Manectric, L50, F, shiny|\n|poke|p1|Froslass, L50, F|\n|poke|p1|Palafin, L50, F, shiny|\n|poke|p1|Talonflame, L50, F, shiny|\n|poke|p1|Raichu-Alola, L50, M, shiny|\n|poke|p1|Excadrill, L50, F|\n|poke|p2|Hawlucha, L50, M, shiny|\n|poke|p2|Milotic, L50, M|\n|poke|p2|Excadrill, L50, M|\n|poke|p2|Dragapult, L50, F|\n|poke|p2|Tyranitar, L50, F|\n|poke|p2|Rotom-Heat, L50|\n|teampreview|4\n|inactive|Battle timer is ON: inactive players will automatically lose when time's up. (requested by Krzak20)\n|c|\u2606Krzak20|glhf\n|inactive|Krzak20 has 60 seconds left.\n|inactive|GSB13 has 60 seconds left.\n|\n|t:|1776616138\n|teamsize|p1|4\n|teamsize|p2|4\n|start\n|switch|p1a: Raichu|Raichu-Alola, L50, M, shiny|100/100\n|switch|p1b: Palafin|Palafin, L50, F, shiny|100/100\n|switch|p2a: Rotom|Rotom-Heat, L50|100/100\n|switch|p2b: Tyranitar|Tyranitar, L50, F|100/100\n|-weather|Sandstorm|[from] ability: Sand Stream|[of] p2b: Tyranitar\n|turn|1\n|\n|t:|1776616162\n|detailschange|p1b: Palafin|Palafin-Hero, L50, F, shiny\n|switch|p1b: Manectric|Manectric, L50, F, shiny|100/100\n|move|p1a: Raichu|Discharge|p2a: Rotom|[spread] p2a,p2b\n|-ability|p1b: Manectric|Lightning Rod|boost\n|-boost|p1b: Manectric|spa|1\n|-resisted|p2a: Rotom|1\n|-damage|p2a: Rotom|89/100\n|-damage|p2b: Tyranitar|87/100\n|move|p2a: Rotom|Electroweb|p1a: Raichu|[spread] p1a\n|-ability|p1b: Manectric|Lightning Rod|boost\n|-boost|p1b: Manectric|spa|1\n|-resisted|p1a: Raichu|1\n|-damage|p1a: Raichu|89/100\n|-unboost|p1a: Raichu|spe|1\n|move|p2b: Tyranitar|Knock Off|p1a: Raichu\n|-supereffective|p1a: Raichu|1\n|-damage|p1a: Raichu|0 fnt\n|-enditem|p1a: Raichu|Focus Sash|[from] move: Knock Off|[of] p2b: Tyranitar\n|faint|p1a: Raichu\n|\n|-weather|Sandstorm|[upkeep]\n|-damage|p1b: Manectric|94/100|[from] Sandstorm\n|-damage|p2a: Rotom|83/100|[from] Sandstorm\n|upkeep\n|\n|t:|1776616186\n|switch|p1a: Palafin|Palafin-Hero, L50, F, shiny|100/100\n|-activate|p1a: Palafin|ability: Zero to Hero\n|turn|2\n|\n|t:|1776616203\n|detailschange|p1b: Manectric|Manectric-Mega, L50, F, shiny\n|-mega|p1b: Manectric|Manectric|Manectite\n|-ability|p1b: Manectric|Intimidate|boost\n|-unboost|p2a: Rotom|atk|1\n|-unboost|p2b: Tyranitar|atk|1\n|move|p1a: Palafin|Jet Punch|p2a: Rotom\n|-supereffective|p2a: Rotom|1\n|-damage|p2a: Rotom|11/100\n|-enditem|p2a: Rotom|Sitrus Berry|[eat]\n|-heal|p2a: Rotom|36/100|[from] item: Sitrus Berry\n|move|p1b: Manectric|Thunderbolt|p2b: Tyranitar\n|-crit|p2b: Tyranitar\n|-damage|p2b: Tyranitar|0 fnt\n|faint|p2b: Tyranitar\n|move|p2a: Rotom|Electroweb|p1a: Palafin|[spread] p1a,p1b\n|-supereffective|p1a: Palafin|1\n|-resisted|p1b: Manectric|1\n|-damage|p1a: Palafin|69/100\n|-damage|p1b: Manectric|83/100\n|-unboost|p1a: Palafin|spe|1\n|-unboost|p1b: Manectric|spe|1\n|-enditem|p1a: Palafin|White Herb\n|-clearnegativeboost|p1a: Palafin|[silent]\n|\n|-weather|Sandstorm|[upkeep]\n|-damage|p1a: Palafin|63/100|[from] Sandstorm\n|-damage|p1b: Manectric|77/100|[from] Sandstorm\n|-damage|p2a: Rotom|30/100|[from] Sandstorm\n|upkeep\n|\n|t:|1776616226\n|switch|p2b: Excadrill|Excadrill, L50, M|100/100\n|turn|3\n|inactive|Krzak20 has 30 seconds left.\n|\n|t:|1776616255\n|move|p1b: Manectric|Protect|p1b: Manectric\n|-singleturn|p1b: Manectric|Protect\n|move|p1a: Palafin|Jet Punch|p2a: Rotom\n|-supereffective|p2a: Rotom|1\n|-damage|p2a: Rotom|0 fnt\n|faint|p2a: Rotom\n|move|p2b: Excadrill|Earthquake|p1a: Palafin|[spread] p1a\n|-activate|p1b: Manectric|move: Protect\n|-damage|p1a: Palafin|17/100\n|\n|-weather|Sandstorm|[upkeep]\n|-damage|p1a: Palafin|11/100|[from] Sandstorm\n|-damage|p1b: Manectric|71/100|[from] Sandstorm\n|upkeep\n|\n|t:|1776616268\n|switch|p2a: Dragapult|Dragapult, L50, F|100/100\n|turn|4\n|\n|t:|1776616274\n|switch|p1b: Excadrill|Excadrill, L50, F|100/100\n|move|p2a: Dragapult|Protect|p2a: Dragapult\n|-singleturn|p2a: Dragapult|Protect\n|move|p1a: Palafin|Protect|p1a: Palafin\n|-singleturn|p1a: Palafin|Protect\n|move|p2b: Excadrill|Earthquake|p1a: Palafin|[spread] p1b\n|-activate|p2a: Dragapult|move: Protect\n|-activate|p1a: Palafin|move: Protect\n|-supereffective|p1b: Excadrill|1\n|-damage|p1b: Excadrill|0 fnt\n|faint|p1b: Excadrill\n|\n|-weather|Sandstorm|[upkeep]\n|-damage|p2a: Dragapult|95/100|[from] Sandstorm\n|-damage|p1a: Palafin|5/100|[from] Sandstorm\n|upkeep\n|\n|t:|1776616285\n|switch|p1b: Manectric|Manectric-Mega, L50, F, shiny|71/100\n|-ability|p1b: Manectric|Intimidate|boost\n|-fail|p2a: Dragapult|unboost|[from] ability: Clear Body|[of] p2a: Dragapult\n|-unboost|p2b: Excadrill|atk|1\n|turn|5\n|inactive|GSB13 has 30 seconds left.\n|\n|t:|1776616311\n|move|p2b: Excadrill|Protect|p2b: Excadrill\n|-singleturn|p2b: Excadrill|Protect\n|move|p1b: Manectric|Protect|p1b: Manectric\n|-singleturn|p1b: Manectric|Protect\n|move|p1a: Palafin|Jet Punch|p2b: Excadrill\n|-activate|p2b: Excadrill|move: Protect\n|move|p2a: Dragapult|Draco Meteor|p1b: Manectric\n|-activate|p1b: Manectric|move: Protect\n|\n|-weather|none\n|upkeep\n|turn|6\n|\n|t:|1776616335\n|move|p2a: Dragapult|Shadow Ball|p1a: Palafin\n|-damage|p1a: Palafin|0 fnt\n|faint|p1a: Palafin\n|move|p1b: Manectric|Flamethrower|p2b: Excadrill\n|-supereffective|p2b: Excadrill|1\n|-damage|p2b: Excadrill|27/100\n|move|p2b: Excadrill|Earthquake|p1b: Manectric|[spread] p2a,p1b\n|-supereffective|p1b: Manectric|1\n|-damage|p2a: Dragapult|57/100\n|-damage|p1b: Manectric|0 fnt\n|faint|p1b: Manectric\n|\n|win|GSB13\n|raw|Krzak20's rating: 1120 &rarr; <strong>1091</strong><br />(-29 for losing)\n|raw|GSB13's rating: 1066 &rarr; <strong>1101</strong><br />(+35 for winning)\n|l|\u2606Krzak20\n|player|p1|\n",
  "uploadtime": 1776616347,
  "views": 8,
  "formatid": "gen9championsvgc2026regma",
  "rating": 1091,
  "private": 0,
  "password": null
}