{
  "id": "gen9championsvgc2026regma-2582416805",
  "format": "[Gen 9 Champions] VGC 2026 Reg M-A",
  "players": [
    "jokmah123",
    "longhq"
  ],
  "log": "|j|\u2606jokmah123\n|j|\u2606longhq\n|t:|1776090293\n|gametype|doubles\n|player|p1|jokmah123|1|1228\n|player|p2|longhq|dawn|1227\n|gen|9\n|tier|[Gen 9 Champions] VGC 2026 Reg M-A\n|rated|\n|rule|Species Clause: Limit one of each Pok\u00e9mon\n|rule|Item Clause: Limit 1 of each item\n|clearpoke\n|poke|p1|Sneasler, L50, F|\n|poke|p1|Kingambit, L50, M|\n|poke|p1|Dragapult, L50, F|\n|poke|p1|Charizard, L50, M|\n|poke|p1|Maushold-Four, L50|\n|poke|p1|Garchomp, L50, F|\n|poke|p2|Aerodactyl, L50, M|\n|poke|p2|Sneasler, L50, F|\n|poke|p2|Kingambit, L50, M|\n|poke|p2|Blastoise, L50, F|\n|poke|p2|Rotom-Wash, L50|\n|poke|p2|Slowking-Galar, L50, M|\n|teampreview|4\n|inactive|Battle timer is ON: inactive players will automatically lose when time's up. (requested by jokmah123)\n|inactive|longhq has 60 seconds left.\n|\n|t:|1776090387\n|teamsize|p1|4\n|teamsize|p2|4\n|start\n|switch|p1a: Dragapult|Dragapult, L50, F|100/100\n|switch|p1b: Garchomp|Garchomp, L50, F|100/100\n|switch|p2a: Rotom|Rotom-Wash, L50, shiny|100/100\n|switch|p2b: Blastoise|Blastoise, L50, F, shiny|100/100\n|turn|1\n|inactive|jokmah123 has 30 seconds left.\n|inactive|jokmah123 has 20 seconds left.\n|inactive|jokmah123 has 15 seconds left.\n|inactive|jokmah123 has 10 seconds left.\n|inactive|jokmah123 has 5 seconds left.\n|\n|t:|1776090437\n|move|p2b: Blastoise|Protect|p2b: Blastoise\n|-singleturn|p2b: Blastoise|Protect\n|move|p1b: Garchomp|Rock Slide|p2a: Rotom|[spread] p2a\n|-activate|p2b: Blastoise|move: Protect\n|-damage|p2a: Rotom|75/100\n|cant|p2a: Rotom|flinch\n|move|p1a: Dragapult|Draco Meteor|p2b: Blastoise\n|-activate|p2b: Blastoise|move: Protect\n|\n|upkeep\n|turn|2\n|inactive|longhq has 30 seconds left.\n|inactive|longhq has 20 seconds left.\n|\n|t:|1776090477\n|switch|p2b: Kingambit|Kingambit, L50, M, shiny|100/100\n|move|p1b: Garchomp|Rock Slide|p2b: Kingambit|[spread] p2a,p2b\n|-resisted|p2b: Kingambit|1\n|-damage|p2a: Rotom|50/100\n|-damage|p2b: Kingambit|93/100\n|move|p2a: Rotom|Hydro Pump|p1b: Garchomp\n|-damage|p1b: Garchomp|48/100\n|move|p1a: Dragapult|Draco Meteor|p2b: Kingambit\n|-resisted|p2b: Kingambit|1\n|-damage|p2b: Kingambit|72/100\n|-unboost|p1a: Dragapult|spa|2\n|\n|upkeep\n|turn|3\n|\n|t:|1776090493\n|move|p1b: Garchomp|Rock Slide|p2a: Rotom|[spread] p2a,p2b\n|-resisted|p2b: Kingambit|1\n|-damage|p2a: Rotom|25/100\n|-damage|p2b: Kingambit|65/100\n|move|p2a: Rotom|Hydro Pump|p1b: Garchomp\n|-damage|p1b: Garchomp|4/100\n|move|p1a: Dragapult|Will-O-Wisp|p2b: Kingambit\n|-status|p2b: Kingambit|brn\n|cant|p2b: Kingambit|flinch\n|\n|-damage|p2b: Kingambit|59/100 brn|[from] brn\n|upkeep\n|turn|4\n|\n|t:|1776090509\n|move|p1b: Garchomp|Rock Slide|p2a: Rotom|[spread] p2a,p2b\n|-resisted|p2b: Kingambit|1\n|-damage|p2a: Rotom|2/100\n|-damage|p2b: Kingambit|51/100 brn\n|move|p2a: Rotom|Hydro Pump|p1b: Garchomp\n|-damage|p1b: Garchomp|0 fnt\n|faint|p1b: Garchomp\n|move|p1a: Dragapult|Will-O-Wisp|p2a: Rotom\n|-status|p2a: Rotom|brn\n|move|p2b: Kingambit|Kowtow Cleave|p1a: Dragapult\n|-supereffective|p1a: Dragapult|1\n|-damage|p1a: Dragapult|38/100\n|\n|-damage|p2a: Rotom|0 fnt|[from] brn\n|faint|p2a: Rotom\n|-damage|p2b: Kingambit|45/100 brn|[from] brn\n|upkeep\n|\n|t:|1776090524\n|switch|p1b: Charizard|Charizard, L50, M|100/100\n|switch|p2a: Aerodactyl|Aerodactyl, L50, M|100/100\n|-ability|p2a: Aerodactyl|Unnerve\n|turn|5\n|\n|t:|1776090553\n|detailschange|p1b: Charizard|Charizard-Mega-Y, L50, M\n|-mega|p1b: Charizard|Charizard|Charizardite Y\n|-weather|SunnyDay|[from] ability: Drought|[of] p1b: Charizard\n|move|p1b: Charizard|Protect|p1b: Charizard\n|-singleturn|p1b: Charizard|Protect\n|move|p2b: Kingambit|Sucker Punch||[still]\n|-fail|p2b: Kingambit\n|move|p1a: Dragapult|Will-O-Wisp|p2a: Aerodactyl\n|-status|p2a: Aerodactyl|brn\n|move|p2a: Aerodactyl|Tailwind|p2a: Aerodactyl\n|-sidestart|p2: longhq|move: Tailwind\n|\n|-weather|SunnyDay|[upkeep]\n|-damage|p2a: Aerodactyl|95/100 brn|[from] brn\n|-damage|p2b: Kingambit|40/100 brn|[from] brn\n|upkeep\n|turn|6\n|inactive|jokmah123 has 30 seconds left.\n|inactive|longhq has 30 seconds left.\n|inactive|jokmah123 has 20 seconds left.\n|inactive|jokmah123 has 15 seconds left.\n|\n|t:|1776090594\n|switch|p1b: Kingambit|Kingambit, L50, M|100/100\n|move|p2b: Kingambit|Sucker Punch|p1a: Dragapult\n|-supereffective|p1a: Dragapult|1\n|-damage|p1a: Dragapult|0 fnt\n|faint|p1a: Dragapult\n|move|p2a: Aerodactyl|Rock Slide|p1b: Kingambit\n|-resisted|p1b: Kingambit|1\n|-damage|p1b: Kingambit|94/100\n|\n|-weather|SunnyDay|[upkeep]\n|-damage|p2a: Aerodactyl|89/100 brn|[from] brn\n|-damage|p2b: Kingambit|34/100 brn|[from] brn\n|upkeep\n|\n|t:|1776090600\n|switch|p1a: Charizard|Charizard-Mega-Y, L50, M|100/100\n|turn|7\n|\n|t:|1776090608\n|switch|p2b: Blastoise|Blastoise, L50, F, shiny|100/100\n|move|p1b: Kingambit|Sucker Punch|p2a: Aerodactyl\n|-damage|p2a: Aerodactyl|10/100 brn\n|move|p2a: Aerodactyl|Rock Slide|p1a: Charizard|[spread] p1a,p1b\n|-supereffective|p1a: Charizard|2\n|-resisted|p1b: Kingambit|1\n|-damage|p1a: Charizard|44/100\n|-damage|p1b: Kingambit|89/100\n|move|p1a: Charizard|Heat Wave|p2a: Aerodactyl|[spread] p2a,p2b\n|-resisted|p2a: Aerodactyl|1\n|-resisted|p2b: Blastoise|1\n|-damage|p2a: Aerodactyl|0 fnt\n|-damage|p2b: Blastoise|68/100\n|faint|p2a: Aerodactyl\n|\n|-weather|SunnyDay|[upkeep]\n|upkeep\n|\n|t:|1776090612\n|switch|p2a: Kingambit|Kingambit, L50, M, shiny|34/100 brn\n|turn|8\n|\n|t:|1776090637\n|detailschange|p2b: Blastoise|Blastoise-Mega, L50, F, shiny\n|-mega|p2b: Blastoise|Blastoise|Blastoisinite\n|move|p1a: Charizard|Protect|p1a: Charizard\n|-singleturn|p1a: Charizard|Protect\n|move|p1b: Kingambit|Protect|p1b: Kingambit\n|-singleturn|p1b: Kingambit|Protect\n|move|p2a: Kingambit|Sucker Punch||[still]\n|-fail|p2a: Kingambit\n|move|p2b: Blastoise|Aura Sphere|p1b: Kingambit\n|-activate|p1b: Kingambit|move: Protect\n|\n|-weather|SunnyDay|[upkeep]\n|-damage|p2a: Kingambit|28/100 brn|[from] brn\n|-sideend|p2: longhq|move: Tailwind\n|upkeep\n|turn|9\n|\n|t:|1776090652\n|move|p2b: Blastoise|Protect|p2b: Blastoise\n|-singleturn|p2b: Blastoise|Protect\n|move|p2a: Kingambit|Protect|p2a: Kingambit\n|-singleturn|p2a: Kingambit|Protect\n|move|p1b: Kingambit|Sucker Punch||[still]\n|-fail|p1b: Kingambit\n|move|p1a: Charizard|Solar Beam||[still]\n|-prepare|p1a: Charizard|Solar Beam\n|-anim|p1a: Charizard|Solar Beam|p2b: Blastoise\n|-activate|p2b: Blastoise|move: Protect\n|\n|-weather|none\n|-damage|p2a: Kingambit|22/100 brn|[from] brn\n|upkeep\n|turn|10\n|\n|t:|1776090669\n|move|p1a: Charizard|Protect|p1a: Charizard\n|-singleturn|p1a: Charizard|Protect\n|move|p2a: Kingambit|Sucker Punch||[still]\n|-fail|p2a: Kingambit\n|move|p2b: Blastoise|Water Spout|p1a: Charizard|[spread] p1b\n|-activate|p1a: Charizard|move: Protect\n|-damage|p1b: Kingambit|45/100\n|move|p1b: Kingambit|Kowtow Cleave|p2a: Kingambit\n|-resisted|p2a: Kingambit|1\n|-crit|p2a: Kingambit\n|-damage|p2a: Kingambit|0 fnt\n|faint|p2a: Kingambit\n|\n|upkeep\n|turn|11\n|inactive|jokmah123 has 30 seconds left.\n|\n|t:|1776090698\n|move|p1b: Kingambit|Sucker Punch|p2b: Blastoise\n|-damage|p2b: Blastoise|29/100\n|move|p1a: Charizard|Overheat|p2b: Blastoise\n|-resisted|p2b: Blastoise|1\n|-damage|p2b: Blastoise|0 fnt\n|-unboost|p1a: Charizard|spa|2\n|faint|p2b: Blastoise\n|\n|win|jokmah123\n|raw|jokmah123's rating: 1228 &rarr; <strong>1253</strong><br />(+25 for winning)\n|raw|longhq's rating: 1227 &rarr; <strong>1202</strong><br />(-25 for losing)\n|l|\u2606longhq\n|player|p2|\n",
  "uploadtime": 1776090714,
  "views": 24,
  "formatid": "gen9championsvgc2026regma",
  "rating": 1202,
  "private": 0,
  "password": null
}