{
  "id": "gen9championsvgc2026regma-2580890318",
  "format": "[Gen 9 Champions] VGC 2026 Reg M-A",
  "players": [
    "Mentalsyndrome",
    "BobHatMan"
  ],
  "log": "|j|\u2606Mentalsyndrome\n|j|\u2606BobHatMan\n|t:|1775940885\n|gametype|doubles\n|player|p1|Mentalsyndrome|170|1025\n|player|p2|BobHatMan|juggler|1000\n|gen|9\n|tier|[Gen 9 Champions] VGC 2026 Reg M-A\n|rated|\n|rule|Species Clause: Limit one of each Pok\u00e9mon\n|rule|Item Clause: Limit 1 of each item\n|clearpoke\n|poke|p1|Bastiodon, L50, F|\n|poke|p1|Gengar, L50, M|\n|poke|p1|Garchomp, L50, M|\n|poke|p1|Clefable, L50, M|\n|poke|p1|Sinistcha, L50|\n|poke|p1|Incineroar, L50, F|\n|poke|p2|Hawlucha, L50, M|\n|poke|p2|Mr. Rime, L50, F|\n|poke|p2|Camerupt, L50, M|\n|poke|p2|Clefable, L50, F|\n|poke|p2|Rhyperior, L50, F|\n|poke|p2|Pelipper, L50, M|\n|teampreview|4\n|inactive|Battle timer is ON: inactive players will automatically lose when time's up. (requested by BobHatMan)\n|inactive|Mentalsyndrome also wants the timer to be on.\n|\n|t:|1775940908\n|teamsize|p1|4\n|teamsize|p2|4\n|start\n|switch|p1a: Clefable|Clefable, L50, M|100/100\n|switch|p1b: Gengar|Gengar, L50, M|100/100\n|switch|p2a: Sumo|Hawlucha, L50, M, shiny|100/100\n|switch|p2b: Best Shimy|Camerupt, L50, M, shiny|100/100\n|-ability|p2a: Sumo|Mold Breaker\n|turn|1\n|\n|t:|1775940918\n|detailschange|p2a: Sumo|Hawlucha-Mega, L50, M, shiny\n|-mega|p2a: Sumo|Hawlucha|Hawluchanite\n|detailschange|p1b: Gengar|Gengar-Mega, L50, M\n|-mega|p1b: Gengar|Gengar|Gengarite\n|move|p1a: Clefable|Follow Me|p1a: Clefable\n|-singleturn|p1a: Clefable|move: Follow Me\n|move|p1b: Gengar|Perish Song|p1b: Gengar\n|-start|p1a: Clefable|perish3|[silent]\n|-start|p1b: Gengar|perish3|[silent]\n|-start|p2a: Sumo|perish3|[silent]\n|-start|p2b: Best Shimy|perish3|[silent]\n|-fieldactivate|move: Perish Song\n|move|p2a: Sumo|Entrainment|p1a: Clefable\n|-ability|p1a: Clefable|No Guard|Unaware|[from] move: Entrainment|[of] p2a: Sumo\n|move|p2b: Best Shimy|Fissure|p1a: Clefable\n|-damage|p1a: Clefable|0 fnt\n|faint|p1a: Clefable\n|-ohko\n|\n|-start|p1b: Gengar|perish3\n|-start|p2a: Sumo|perish3\n|-start|p2b: Best Shimy|perish3\n|upkeep\n|\n|t:|1775940928\n|switch|p1a: Incineroar|Incineroar, L50, F|100/100\n|-ability|p1a: Incineroar|Intimidate|boost\n|-unboost|p2a: Sumo|atk|1\n|-unboost|p2b: Best Shimy|atk|1\n|turn|2\n|\n|t:|1775940949\n|move|p1a: Incineroar|Fake Out|p2a: Sumo\n|-damage|p2a: Sumo|88/100\n|move|p1b: Gengar|Disable|p2b: Best Shimy\n|-start|p2b: Best Shimy|Disable|Fissure\n|cant|p2a: Sumo|flinch\n|cant|p2b: Best Shimy|Disable|Fissure\n|\n|-start|p1b: Gengar|perish2\n|-start|p2a: Sumo|perish2\n|-start|p2b: Best Shimy|perish2\n|upkeep\n|turn|3\n|\n|t:|1775940966\n|switch|p1a: Sinistcha|Sinistcha, L50|100/100\n|move|p1b: Gengar|Shadow Ball|p2a: Sumo\n|-damage|p2a: Sumo|33/100\n|-unboost|p2a: Sumo|spd|1\n|move|p2a: Sumo|Encore|p1b: Gengar\n|-start|p1b: Gengar|Encore\n|move|p2b: Best Shimy|Earth Power|p1a: Sinistcha\n|-resisted|p1a: Sinistcha|1\n|-damage|p1a: Sinistcha|87/100\n|\n|-heal|p1a: Sinistcha|93/100|[from] item: Leftovers\n|-start|p1b: Gengar|perish1\n|-start|p2a: Sumo|perish1\n|-start|p2b: Best Shimy|perish1\n|upkeep\n|turn|4\n|\n|t:|1775940987\n|switch|p1b: Incineroar|Incineroar, L50, F|100/100\n|-ability|p1b: Incineroar|Intimidate|boost\n|-unboost|p2a: Sumo|atk|1\n|-unboost|p2b: Best Shimy|atk|1\n|move|p1a: Sinistcha|Rage Powder|p1a: Sinistcha\n|-singleturn|p1a: Sinistcha|move: Rage Powder\n|move|p2a: Sumo|U-turn|p1a: Sinistcha\n|-damage|p1a: Sinistcha|82/100\n|\n|t:|1775940996\n|switch|p2a: Teehee|Clefable, L50, F, shiny|100/100|[from] U-turn\n|move|p2b: Best Shimy|Earth Power|p1a: Sinistcha\n|-resisted|p1a: Sinistcha|1\n|-damage|p1a: Sinistcha|67/100\n|\n|-heal|p1a: Sinistcha|73/100|[from] item: Leftovers\n|-start|p2b: Best Shimy|perish0\n|upkeep\n|faint|p2b: Best Shimy\n|\n|t:|1775940999\n|switch|p2b: Charlie|Mr. Rime, L50, F, shiny|100/100\n|turn|5\n|\n|t:|1775941010\n|switch|p1a: Gengar|Gengar-Mega, L50, M|100/100\n|move|p1b: Incineroar|Fake Out|p2b: Charlie\n|-damage|p2b: Charlie|87/100\n|move|p2a: Teehee|Follow Me|p2a: Teehee\n|-singleturn|p2a: Teehee|move: Follow Me\n|cant|p2b: Charlie|flinch\n|\n|upkeep\n|turn|6\n|inactive|Mentalsyndrome has 30 seconds left.\n|\n|t:|1775941036\n|move|p2b: Charlie|Trick|p1b: Incineroar\n|-activate|p2b: Charlie|move: Trick|[of] p1b: Incineroar\n|-item|p1b: Incineroar|Choice Scarf|[from] move: Trick\n|-item|p2b: Charlie|Shuca Berry|[from] move: Trick\n|move|p1a: Gengar|Shadow Ball|p2b: Charlie\n|-supereffective|p2b: Charlie|1\n|-damage|p2b: Charlie|6/100\n|move|p1b: Incineroar|Parting Shot|p2b: Charlie\n|-unboost|p2b: Charlie|atk|1\n|-unboost|p2b: Charlie|spa|1\n|\n|t:|1775941044\n|switch|p1b: Sinistcha|Sinistcha, L50|73/100|[from] Parting Shot\n|move|p2a: Teehee|Encore|p1a: Gengar\n|-start|p1a: Gengar|Encore\n|\n|-heal|p1b: Sinistcha|79/100|[from] item: Leftovers\n|upkeep\n|turn|7\n|\n|t:|1775941057\n|switch|p1a: Incineroar|Incineroar, L50, F|100/100\n|-ability|p1a: Incineroar|Intimidate|boost\n|-unboost|p2a: Teehee|atk|1\n|-unboost|p2b: Charlie|atk|1\n|move|p1b: Sinistcha|Protect|p1b: Sinistcha\n|-singleturn|p1b: Sinistcha|Protect\n|move|p2a: Teehee|Follow Me|p2a: Teehee\n|-singleturn|p2a: Teehee|move: Follow Me\n|move|p2b: Charlie|Ice Beam|p1b: Sinistcha\n|-activate|p1b: Sinistcha|move: Protect\n|\n|-heal|p1b: Sinistcha|85/100|[from] item: Leftovers\n|upkeep\n|turn|8\n|\n|t:|1775941069\n|move|p2b: Charlie|Ice Beam|p1b: Sinistcha\n|-supereffective|p1b: Sinistcha|1\n|-damage|p1b: Sinistcha|45/100\n|move|p1a: Incineroar|Parting Shot|p2a: Teehee\n|-unboost|p2a: Teehee|atk|1\n|-unboost|p2a: Teehee|spa|1\n|\n|t:|1775941072\n|switch|p1a: Gengar|Gengar-Mega, L50, M|100/100|[from] Parting Shot\n|move|p1b: Sinistcha|Matcha Gotcha|p2b: Charlie|[spread] p2a,p2b\n|-damage|p2a: Teehee|80/100\n|-heal|p1b: Sinistcha|57/100|[from] drain|[of] p2a: Teehee\n|-damage|p2b: Charlie|0 fnt\n|-heal|p1b: Sinistcha|59/100|[from] drain|[of] p2b: Charlie\n|faint|p2b: Charlie\n|move|p2a: Teehee|Alluring Voice|p1a: Gengar\n|-resisted|p1a: Gengar|1\n|-damage|p1a: Gengar|91/100\n|\n|-heal|p1b: Sinistcha|66/100|[from] item: Leftovers\n|-heal|p2a: Teehee|86/100|[from] item: Leftovers\n|upkeep\n|\n|t:|1775941076\n|switch|p2b: Sumo|Hawlucha-Mega, L50, M, shiny|33/100\n|turn|9\n|\n|t:|1775941089\n|move|p1b: Sinistcha|Rage Powder|p1b: Sinistcha\n|-singleturn|p1b: Sinistcha|move: Rage Powder\n|move|p2a: Teehee|Follow Me|p2a: Teehee\n|-singleturn|p2a: Teehee|move: Follow Me\n|move|p1a: Gengar|Shadow Ball|p2a: Teehee\n|-damage|p2a: Teehee|51/100\n|move|p2b: Sumo|Stone Edge|p1b: Sinistcha\n|-damage|p1b: Sinistcha|35/100\n|\n|-heal|p1b: Sinistcha|42/100|[from] item: Leftovers\n|-heal|p2a: Teehee|57/100|[from] item: Leftovers\n|upkeep\n|turn|10\n|\n|t:|1775941102\n|move|p1a: Gengar|Shadow Ball|p2b: Sumo\n|-damage|p2b: Sumo|0 fnt\n|faint|p2b: Sumo\n|move|p1b: Sinistcha|Life Dew|p1b: Sinistcha|[spread] p1a,p1b\n|-heal|p1a: Gengar|100/100\n|-heal|p1b: Sinistcha|67/100\n|move|p2a: Teehee|Calm Mind|p2a: Teehee\n|-boost|p2a: Teehee|spa|1\n|-boost|p2a: Teehee|spd|1\n|\n|-heal|p1b: Sinistcha|73/100|[from] item: Leftovers\n|-heal|p2a: Teehee|63/100|[from] item: Leftovers\n|upkeep\n|turn|11\n|-message|BobHatMan forfeited.\n|\n|win|Mentalsyndrome\n|raw|Mentalsyndrome's rating: 1025 &rarr; <strong>1059</strong><br />(+34 for winning)\n|raw|BobHatMan's rating: 1000 &rarr; <strong>1000</strong><br />(+0 for losing)\n|l|\u2606BobHatMan\n|player|p2|\n",
  "uploadtime": 1775941109,
  "views": 13,
  "formatid": "gen9championsvgc2026regma",
  "rating": 1000,
  "private": 0,
  "password": null
}