{
  "id": "gen9championsvgc2026regma-2580603761",
  "format": "[Gen 9 Champions] VGC 2026 Reg M-A",
  "players": [
    "bagazkarap",
    "ciche"
  ],
  "log": "|j|\u203dbagazkarap\n|j|\u2606ciche\n|t:|1775917241\n|gametype|doubles\n|player|p1|bagazkarap|1|1062\n|player|p2|ciche|dawn|1000\n|gen|9\n|tier|[Gen 9 Champions] VGC 2026 Reg M-A\n|rated|\n|rule|Species Clause: Limit one of each Pok\u00e9mon\n|rule|Item Clause: Limit 1 of each item\n|clearpoke\n|poke|p1|Vivillon-Pokeball, L50, M|\n|poke|p1|Starmie, L50|\n|poke|p1|Mamoswine, L50, F|\n|poke|p1|Rampardos, L50, M|\n|poke|p1|Machamp, L50, F|\n|poke|p1|Sinistcha, L50|\n|poke|p2|Tyranitar, L50, F|\n|poke|p2|Garchomp, L50, M|\n|poke|p2|Corviknight, L50, M|\n|poke|p2|Rotom-Wash, L50|\n|poke|p2|Incineroar, L50, M|\n|poke|p2|Gengar, L50, M|\n|teampreview|4\n|inactive|Battle timer is ON: inactive players will automatically lose when time's up. (requested by ciche)\n|inactive|ciche has 60 seconds left.\n|inactive|ciche has 30 seconds left.\n|inactive|ciche has 20 seconds left.\n|inactive|ciche has 15 seconds left.\n|\n|t:|1775917317\n|teamsize|p1|4\n|teamsize|p2|4\n|start\n|switch|p1a: Vivillon|Vivillon-Pokeball, L50, M|100/100\n|switch|p1b: Machamp|Machamp, L50, F|100/100\n|switch|p2a: Incineroar|Incineroar, L50, M|100/100\n|switch|p2b: Corviknight|Corviknight, L50, M, shiny|100/100\n|-ability|p2a: Incineroar|Intimidate|boost\n|-unboost|p1a: Vivillon|atk|1\n|-unboost|p1b: Machamp|atk|1\n|turn|1\n|\n|t:|1775917333\n|move|p1a: Vivillon|Protect|p1a: Vivillon\n|-singleturn|p1a: Vivillon|Protect\n|move|p2a: Incineroar|Fake Out|p1a: Vivillon\n|-activate|p1a: Vivillon|move: Protect\n|move|p2b: Corviknight|Tailwind|p2b: Corviknight\n|-sidestart|p2: ciche|move: Tailwind\n|move|p1b: Machamp|Dynamic Punch|p2a: Incineroar\n|-supereffective|p2a: Incineroar|1\n|-damage|p2a: Incineroar|48/100\n|-start|p2a: Incineroar|confusion\n|-enditem|p2a: Incineroar|Sitrus Berry|[eat]\n|-heal|p2a: Incineroar|73/100|[from] item: Sitrus Berry\n|\n|upkeep\n|turn|2\n|inactive|ciche has 30 seconds left.\n|\n|t:|1775917362\n|switch|p2a: Garchomp|Garchomp, L50, M|100/100\n|move|p1b: Machamp|Protect|p1b: Machamp\n|-singleturn|p1b: Machamp|Protect\n|move|p2b: Corviknight|Bulk Up|p2b: Corviknight\n|-boost|p2b: Corviknight|atk|1\n|-boost|p2b: Corviknight|def|1\n|move|p1a: Vivillon|Sleep Powder|p2b: Corviknight\n|-status|p2b: Corviknight|slp|[from] move: Sleep Powder\n|\n|upkeep\n|turn|3\n|inactive|ciche has 30 seconds left.\n|\n|t:|1775917394\n|detailschange|p2a: Garchomp|Garchomp-Mega, L50, M\n|-mega|p2a: Garchomp|Garchomp|Garchompite\n|move|p1b: Machamp|Wide Guard|p1b: Machamp\n|-singleturn|p1b: Machamp|Wide Guard\n|move|p2a: Garchomp|Dragon Claw|p1a: Vivillon\n|-damage|p1a: Vivillon|7/100\n|cant|p2b: Corviknight|slp\n|move|p1a: Vivillon|Tailwind|p1a: Vivillon\n|-sidestart|p1: bagazkarap|move: Tailwind\n|\n|upkeep\n|turn|4\n|\n|t:|1775917410\n|move|p2a: Garchomp|Protect|p2a: Garchomp\n|-singleturn|p2a: Garchomp|Protect\n|move|p1a: Vivillon|Protect|p1a: Vivillon\n|-singleturn|p1a: Vivillon|Protect\n|cant|p2b: Corviknight|slp\n|move|p1b: Machamp|Dynamic Punch|p2a: Garchomp\n|-activate|p2a: Garchomp|move: Protect\n|\n|-sideend|p2: ciche|move: Tailwind\n|upkeep\n|turn|5\n|\n|t:|1775917431\n|switch|p1a: Mamoswine|Mamoswine, L50, F|100/100\n|switch|p2a: Incineroar|Incineroar, L50, M|73/100\n|-ability|p2a: Incineroar|Intimidate|boost\n|-fail|p1a: Mamoswine|unboost|Attack|[from] ability: Oblivious|[of] p1a: Mamoswine\n|-unboost|p1b: Machamp|atk|1\n|move|p1b: Machamp|Dynamic Punch|p2b: Corviknight\n|-damage|p2b: Corviknight|85/100 slp\n|-start|p2b: Corviknight|confusion\n|-curestatus|p2b: Corviknight|slp|[msg]\n|-activate|p2b: Corviknight|confusion\n|move|p2b: Corviknight|Brave Bird|p1a: Mamoswine\n|-damage|p1a: Mamoswine|28/100\n|-damage|p2b: Corviknight|60/100|[from] Recoil\n|\n|upkeep\n|turn|6\n|\n|t:|1775917456\n|switch|p1b: Starmie|Starmie, L50|100/100\n|move|p1a: Mamoswine|Protect|p1a: Mamoswine\n|-singleturn|p1a: Mamoswine|Protect\n|move|p2a: Incineroar|Fake Out|p1a: Mamoswine\n|-activate|p1a: Mamoswine|move: Protect\n|-activate|p2b: Corviknight|confusion\n|move|p2b: Corviknight|Roost|p2b: Corviknight\n|-heal|p2b: Corviknight|100/100\n|-singleturn|p2b: Corviknight|move: Roost\n|\n|-sideend|p1: bagazkarap|move: Tailwind\n|upkeep\n|turn|7\n|inactive|bagazkarap has 30 seconds left.\n|inactive|ciche has 30 seconds left.\n|inactive|bagazkarap has 20 seconds left.\n|inactive|ciche has 20 seconds left.\n|\n|t:|1775917495\n|switch|p2a: Tyranitar|Tyranitar, L50, F|100/100\n|-weather|Sandstorm|[from] ability: Sand Stream|[of] p2a: Tyranitar\n|detailschange|p1b: Starmie|Starmie-Mega, L50\n|-mega|p1b: Starmie|Starmie|Starminite\n|move|p1b: Starmie|Liquidation|p2a: Tyranitar\n|-supereffective|p2a: Tyranitar|1\n|-damage|p2a: Tyranitar|0 fnt\n|faint|p2a: Tyranitar\n|-activate|p2b: Corviknight|confusion\n|move|p2b: Corviknight|Tailwind|p2b: Corviknight\n|-sidestart|p2: ciche|move: Tailwind\n|move|p1a: Mamoswine|Icicle Spear|p2b: Corviknight\n|-damage|p2b: Corviknight|91/100\n|-damage|p2b: Corviknight|80/100\n|-damage|p2b: Corviknight|71/100\n|-damage|p2b: Corviknight|60/100\n|-damage|p2b: Corviknight|51/100\n|-hitcount|p2b: Corviknight|5\n|\n|-weather|Sandstorm|[upkeep]\n|-damage|p1b: Starmie|95/100|[from] Sandstorm\n|upkeep\n|\n|t:|1775917514\n|switch|p2a: Garchomp|Garchomp-Mega, L50, M|100/100\n|turn|8\n|\n|t:|1775917524\n|move|p1a: Mamoswine|Protect|p1a: Mamoswine\n|-singleturn|p1a: Mamoswine|Protect\n|move|p2a: Garchomp|Earthquake|p1a: Mamoswine|[spread] p1b\n|-activate|p1a: Mamoswine|move: Protect\n|-immune|p2b: Corviknight\n|-damage|p1b: Starmie|15/100\n|-end|p2b: Corviknight|confusion\n|move|p2b: Corviknight|Roost|p2b: Corviknight\n|-heal|p2b: Corviknight|100/100\n|-singleturn|p2b: Corviknight|move: Roost\n|move|p1b: Starmie|Ice Spinner|p2a: Garchomp\n|-supereffective|p2a: Garchomp|2\n|-damage|p2a: Garchomp|0 fnt\n|faint|p2a: Garchomp\n|\n|-weather|Sandstorm|[upkeep]\n|-damage|p1b: Starmie|9/100|[from] Sandstorm\n|upkeep\n|\n|t:|1775917539\n|switch|p2a: Incineroar|Incineroar, L50, M|73/100\n|-ability|p2a: Incineroar|Intimidate|boost\n|-fail|p1a: Mamoswine|unboost|Attack|[from] ability: Oblivious|[of] p1a: Mamoswine\n|-unboost|p1b: Starmie|atk|1\n|turn|9\n|\n|t:|1775917553\n|switch|p1b: Machamp|Machamp, L50, F|100/100\n|move|p2a: Incineroar|Fake Out|p1b: Machamp\n|-damage|p1b: Machamp|88/100\n|move|p2b: Corviknight|Brave Bird|p1a: Mamoswine\n|-damage|p1a: Mamoswine|0 fnt\n|faint|p1a: Mamoswine\n|-damage|p2b: Corviknight|91/100|[from] Recoil\n|\n|-weather|Sandstorm|[upkeep]\n|-damage|p2a: Incineroar|67/100|[from] Sandstorm\n|-damage|p1b: Machamp|82/100|[from] Sandstorm\n|upkeep\n|\n|t:|1775917565\n|switch|p1a: Vivillon|Vivillon-Pokeball, L50, M|7/100\n|turn|10\n|\n|t:|1775917584\n|move|p1a: Vivillon|Protect|p1a: Vivillon\n|-singleturn|p1a: Vivillon|Protect\n|move|p1b: Machamp|Protect|p1b: Machamp\n|-singleturn|p1b: Machamp|Protect\n|move|p2b: Corviknight|Bulk Up|p2b: Corviknight\n|-boost|p2b: Corviknight|atk|1\n|-boost|p2b: Corviknight|def|1\n|move|p2a: Incineroar|Will-O-Wisp|p1b: Machamp\n|-activate|p1b: Machamp|move: Protect\n|\n|-weather|Sandstorm|[upkeep]\n|-damage|p2a: Incineroar|61/100|[from] Sandstorm\n|-damage|p1a: Vivillon|1/100|[from] Sandstorm\n|-damage|p1b: Machamp|76/100|[from] Sandstorm\n|-sideend|p2: ciche|move: Tailwind\n|upkeep\n|turn|11\n|\n|t:|1775917604\n|move|p1a: Vivillon|Sleep Powder|p2b: Corviknight\n|-status|p2b: Corviknight|slp|[from] move: Sleep Powder\n|cant|p2b: Corviknight|slp\n|move|p2a: Incineroar|Will-O-Wisp|p1b: Machamp\n|-status|p1b: Machamp|brn\n|move|p1b: Machamp|Dynamic Punch|p2a: Incineroar\n|-supereffective|p2a: Incineroar|1\n|-damage|p2a: Incineroar|19/100\n|-start|p2a: Incineroar|confusion\n|\n|-weather|none\n|-damage|p1b: Machamp|70/100 brn|[from] brn\n|upkeep\n|turn|12\n|inactive|ciche has 30 seconds left.\n|inactive|ciche has 20 seconds left.\n|\n|t:|1775917640\n|move|p1a: Vivillon|Hurricane|p2b: Corviknight\n|-resisted|p2b: Corviknight|1\n|-damage|p2b: Corviknight|67/100 slp\n|-start|p2b: Corviknight|confusion\n|cant|p2b: Corviknight|slp\n|-activate|p2a: Incineroar|confusion\n|move|p2a: Incineroar|Flare Blitz|p1b: Machamp\n|-crit|p1b: Machamp\n|-damage|p1b: Machamp|0 fnt\n|faint|p1b: Machamp\n|-damage|p2a: Incineroar|0 fnt|[from] Recoil\n|faint|p2a: Incineroar\n|\n|upkeep\n|\n|t:|1775917651\n|switch|p1b: Starmie|Starmie-Mega, L50|9/100\n|turn|13\n|\n|t:|1775917659\n|move|p1b: Starmie|Liquidation|p2b: Corviknight\n|-damage|p2b: Corviknight|35/100 slp\n|move|p1a: Vivillon|Hurricane|p2b: Corviknight\n|-resisted|p2b: Corviknight|1\n|-damage|p2b: Corviknight|10/100 slp\n|-curestatus|p2b: Corviknight|slp|[msg]\n|-activate|p2b: Corviknight|confusion\n|move|p2b: Corviknight|Roost|p2b: Corviknight\n|-heal|p2b: Corviknight|60/100\n|-singleturn|p2b: Corviknight|move: Roost\n|\n|upkeep\n|turn|14\n|\n|t:|1775917671\n|move|p1b: Starmie|Liquidation|p2b: Corviknight\n|-damage|p2b: Corviknight|31/100\n|move|p1a: Vivillon|Sleep Powder|p2b: Corviknight\n|-status|p2b: Corviknight|slp|[from] move: Sleep Powder\n|cant|p2b: Corviknight|slp\n|\n|upkeep\n|turn|15\n|\n|t:|1775917679\n|move|p1b: Starmie|Liquidation|p2b: Corviknight\n|-damage|p2b: Corviknight|1/100 slp\n|move|p1a: Vivillon|Hurricane|p2b: Corviknight\n|-resisted|p2b: Corviknight|1\n|-damage|p2b: Corviknight|0 fnt\n|faint|p2b: Corviknight\n|\n|win|bagazkarap\n|raw|bagazkarap's rating: 1062 &rarr; <strong>1087</strong><br />(+25 for winning)\n|raw|ciche's rating: 1000 &rarr; <strong>1000</strong><br />(+0 for losing)\n",
  "uploadtime": 1775917686,
  "views": 29,
  "formatid": "gen9championsvgc2026regma",
  "rating": 1000,
  "private": 0,
  "password": null
}