{
  "id": "gen9championsvgc2026regma-2580843238",
  "format": "[Gen 9 Champions] VGC 2026 Reg M-A",
  "players": [
    "PPYYY",
    "WonJaeLeeBaby"
  ],
  "log": "|j|\u2606PPYYY\n|j|\u2606WonJaeLeeBaby\n|t:|1775937012\n|gametype|doubles\n|player|p1|PPYYY|miku-water|\n|player|p2|WonJaeLeeBaby|steven|\n|gen|9\n|tier|[Gen 9 Champions] VGC 2026 Reg M-A\n|rated|Tournament battle\n|rule|Species Clause: Limit one of each Pok\u00e9mon\n|rule|Item Clause: Limit 1 of each item\n|clearpoke\n|poke|p1|Gengar, L50, M|\n|poke|p1|Hydreigon, L50, M|\n|poke|p1|Corviknight, L50, M|\n|poke|p1|Incineroar, L50, M|\n|poke|p1|Typhlosion-Hisui, L50, M|\n|poke|p1|Milotic, L50, F|\n|poke|p2|Chimecho, L50, M|\n|poke|p2|Politoed, L50, F|\n|poke|p2|Basculegion-F, L50, F|\n|poke|p2|Jolteon, L50, M|\n|poke|p2|Kangaskhan, L50, F|\n|poke|p2|Kingambit, L50, F|\n|teampreview|4\n|j| altersquared III\nWonJaeLeeBaby has agreed to open team sheets.\n|l| altersquared III\nPPYYY rejected open team sheets.\n|inactive|Battle timer is ON: inactive players will automatically lose when time's up. (requested by WonJaeLeeBaby)\n|\n|t:|1775937054\n|teamsize|p1|4\n|teamsize|p2|4\n|start\n|switch|p1a: ll|Milotic, L50, F|100/100\n|switch|p1b: al|Gengar, L50, M|100/100\n|switch|p2a: Politoed|Politoed, L50, F, shiny|100/100\n|switch|p2b: Basculegion|Basculegion-F, L50, F|100/100\n|-weather|RainDance|[from] ability: Drizzle|[of] p2a: Politoed\n|turn|1\n|inactive|WonJaeLeeBaby has 30 seconds left.\n|inactive|WonJaeLeeBaby has 20 seconds left.\n|inactive|WonJaeLeeBaby has 15 seconds left.\n|inactive|WonJaeLeeBaby has 10 seconds left.\n|\n|t:|1775937101\n|detailschange|p1b: al|Gengar-Mega, L50, M\n|-mega|p1b: al|Gengar|Gengarite\n|move|p1b: al|Protect|p1b: al\n|-singleturn|p1b: al|Protect\n|move|p2a: Politoed|Protect|p2a: Politoed\n|-singleturn|p2a: Politoed|Protect\n|move|p2b: Basculegion|Substitute|p2b: Basculegion\n|-start|p2b: Basculegion|Substitute\n|-damage|p2b: Basculegion|76/100\n|move|p1a: ll|Coil|p1a: ll\n|-boost|p1a: ll|atk|1\n|-boost|p1a: ll|def|1\n|-boost|p1a: ll|accuracy|1\n|\n|-weather|RainDance|[upkeep]\n|upkeep\n|turn|2\n|inactive|PPYYY has 30 seconds left.\n|\n|t:|1775937134\n|switch|p1b: lal|Hydreigon, L50, M|100/100\n|move|p2a: Politoed|Helping Hand|p2b: Basculegion\n|-singleturn|p2b: Basculegion|Helping Hand|[of] p2a: Politoed\n|move|p2b: Basculegion|Shadow Ball|p1b: lal\n|-resisted|p1b: lal|1\n|-damage|p1b: lal|66/100\n|move|p1a: ll|Muddy Water|p2a: Politoed|[spread] p2a,p2b\n|-resisted|p2b: Basculegion|1\n|-activate|p2b: Basculegion|move: Substitute|[damage]\n|-resisted|p2a: Politoed|1\n|-damage|p2a: Politoed|80/100\n|-unboost|p2a: Politoed|accuracy|1\n|\n|-weather|RainDance|[upkeep]\n|upkeep\n|turn|3\n|\n|t:|1775937150\n|move|p2a: Politoed|Helping Hand|p2b: Basculegion\n|-singleturn|p2b: Basculegion|Helping Hand|[of] p2a: Politoed\n|move|p2b: Basculegion|Muddy Water|p1a: ll|[spread] p1a,p1b\n|-resisted|p1a: ll|1\n|-resisted|p1b: lal|1\n|-damage|p1a: ll|70/100\n|-damage|p1b: lal|18/100\n|-unboost|p1a: ll|accuracy|1\n|-ability|p1a: ll|Competitive|boost\n|-boost|p1a: ll|spa|2\n|-unboost|p1b: lal|accuracy|1\n|move|p1b: lal|Snarl|p2b: Basculegion|[spread] p2b\n|-miss|p1b: lal|p2a: Politoed\n|-supereffective|p2b: Basculegion|1\n|-damage|p2b: Basculegion|29/100\n|-unboost|p2b: Basculegion|spa|1\n|move|p1a: ll|Coil|p1a: ll\n|-boost|p1a: ll|atk|1\n|-boost|p1a: ll|def|1\n|-boost|p1a: ll|accuracy|1\n|\n|-weather|RainDance|[upkeep]\n|upkeep\n|turn|4\n|inactive|WonJaeLeeBaby has 30 seconds left.\n|inactive|WonJaeLeeBaby has 20 seconds left.\n|\n|t:|1775937188\n|move|p2a: Politoed|Helping Hand|p2b: Basculegion\n|-singleturn|p2b: Basculegion|Helping Hand|[of] p2a: Politoed\n|move|p1b: lal|Protect|p1b: lal\n|-singleturn|p1b: lal|Protect\n|move|p2b: Basculegion|Muddy Water|p1b: lal|[spread] p1a\n|-activate|p1b: lal|move: Protect\n|-resisted|p1a: ll|1\n|-damage|p1a: ll|49/100\n|move|p1a: ll|Muddy Water|p2b: Basculegion|[spread] p2a,p2b\n|-resisted|p2b: Basculegion|1\n|-end|p2b: Basculegion|Substitute\n|-resisted|p2a: Politoed|1\n|-damage|p2a: Politoed|42/100\n|-unboost|p2a: Politoed|accuracy|1\n|\n|-weather|RainDance|[upkeep]\n|upkeep\n|turn|5\n|\n|t:|1775937208\n|move|p2b: Basculegion|Protect|p2b: Basculegion\n|-singleturn|p2b: Basculegion|Protect\n|move|p1b: lal|Tailwind|p1b: lal\n|-sidestart|p1: PPYYY|move: Tailwind\n|move|p1a: ll|Muddy Water|p2a: Politoed|[spread] p2a\n|-activate|p2b: Basculegion|move: Protect\n|-resisted|p2a: Politoed|1\n|-damage|p2a: Politoed|4/100\n|move|p2a: Politoed|Ice Beam|p1b: lal|[miss]\n|-miss|p2a: Politoed|p1b: lal\n|\n|-weather|none\n|upkeep\n|turn|6\n|\n|t:|1775937220\n|switch|p1b: lll|Typhlosion-Hisui, L50, M|100/100\n|-item|p2a: Politoed|Bright Powder|[from] ability: Frisk|[of] p1b: lll\n|-item|p2b: Basculegion|Mystic Water|[from] ability: Frisk|[of] p1b: lll\n|switch|p2b: Kingambit|Kingambit, L50, F|100/100\n|switch|p2a: Kangaskhan|Kangaskhan, L50, F|100/100\n|move|p1a: ll|Muddy Water|p2b: Kingambit|[spread] p2a,p2b\n|-damage|p2a: Kangaskhan|43/100\n|-damage|p2b: Kingambit|53/100\n|\n|upkeep\n|turn|7\n|j| Mind goblin games\n|\n|t:|1775937238\n|detailschange|p2a: Kangaskhan|Kangaskhan-Mega, L50, F\n|-mega|p2a: Kangaskhan|Kangaskhan|Kangaskhanite\n|move|p2a: Kangaskhan|Fake Out|p1a: ll\n|-damage|p1a: ll|41/100\n|-damage|p1a: ll|39/100\n|-hitcount|p1a: ll|2\n|move|p2b: Kingambit|Sucker Punch|p1b: lll\n|-supereffective|p1b: lll|1\n|-damage|p1b: lll|0 fnt\n|faint|p1b: lll\n|cant|p1a: ll|flinch\n|\n|upkeep\n|\n|t:|1775937253\n|switch|p1b: lal|Hydreigon, L50, M|18/100\n|turn|8\n|inactive|WonJaeLeeBaby has 30 seconds left.\n|inactive|WonJaeLeeBaby has 20 seconds left.\n|\n|t:|1775937288\n|move|p2a: Kangaskhan|Sucker Punch|p1b: lal\n|-resisted|p1b: lal|1\n|-damage|p1b: lal|5/100\n|-resisted|p1b: lal|1\n|-damage|p1b: lal|2/100\n|-hitcount|p1b: lal|2\n|move|p2b: Kingambit|Sucker Punch|p1b: lal\n|-resisted|p1b: lal|1\n|-damage|p1b: lal|0 fnt\n|faint|p1b: lal\n|move|p1a: ll|Muddy Water|p2b: Kingambit|[spread] p2a,p2b\n|-damage|p2a: Kangaskhan|0 fnt\n|-damage|p2b: Kingambit|1/100\n|faint|p2a: Kangaskhan\n|\n|-sideend|p1: PPYYY|move: Tailwind\n|upkeep\n|\n|t:|1775937293\n|switch|p2a: Politoed|Politoed, L50, F, shiny|4/100\n|switch|p1b: al|Gengar-Mega, L50, M|100/100\n|-weather|RainDance|[from] ability: Drizzle|[of] p2a: Politoed\n|turn|9\n|\n|t:|1775937300\n|move|p2a: Politoed|Helping Hand|p2b: Kingambit\n|-singleturn|p2b: Kingambit|Helping Hand|[of] p2a: Politoed\n|move|p2b: Kingambit|Sucker Punch||[still]\n|-fail|p2b: Kingambit\n|move|p1b: al|Disable|p2b: Kingambit\n|-start|p2b: Kingambit|Disable|Sucker Punch\n|move|p1a: ll|Hypnosis|p2a: Politoed\n|-status|p2a: Politoed|slp|[from] move: Hypnosis\n|\n|-weather|RainDance|[upkeep]\n|upkeep\n|turn|10\n|\n|t:|1775937321\n|move|p1b: al|Protect|p1b: al\n|-singleturn|p1b: al|Protect\n|move|p2b: Kingambit|Protect|p2b: Kingambit\n|-singleturn|p2b: Kingambit|Protect\n|cant|p2a: Politoed|slp\n|move|p1a: ll|Muddy Water|p2a: Politoed|[spread] p2a\n|-activate|p2b: Kingambit|move: Protect\n|-resisted|p2a: Politoed|1\n|-damage|p2a: Politoed|0 fnt\n|faint|p2a: Politoed\n|\n|-weather|RainDance|[upkeep]\n|upkeep\n|\n|t:|1775937322\n|switch|p2a: Basculegion|Basculegion-F, L50, F|29/100\n|turn|11\n|l| Mind goblin games\n|\n|t:|1775937346\n|move|p2a: Basculegion|Shadow Ball|p1b: al\n|-supereffective|p1b: al|1\n|-damage|p1b: al|0 fnt\n|faint|p1b: al\n|move|p1a: ll|Muddy Water|p2b: Kingambit|[spread] p2a,p2b\n|-resisted|p2a: Basculegion|1\n|-damage|p2a: Basculegion|0 fnt\n|-damage|p2b: Kingambit|0 fnt\n|faint|p2a: Basculegion\n|faint|p2b: Kingambit\n|\n|win|PPYYY\n|n|\u2606PPYYY|ppyyy\n|n|\u2606WonJaeLeeBaby|wonjaeleebaby\n",
  "uploadtime": 1775937348,
  "views": 11,
  "formatid": "gen9championsvgc2026regma",
  "rating": null,
  "private": 0,
  "password": null
}