{
  "id": "gen9championsvgc2026regma-2584258065",
  "format": "[Gen 9 Champions] VGC 2026 Reg M-A",
  "players": [
    "mtaces",
    "Noobilio"
  ],
  "log": "|j|\u2606mtaces\n|j|\u2606Noobilio\n|t:|1776244106\n|gametype|doubles\n|player|p1|mtaces|2|1248\n|player|p2|Noobilio|nurse|1344\n|gen|9\n|tier|[Gen 9 Champions] VGC 2026 Reg M-A\n|rated|\n|rule|Species Clause: Limit one of each Pok\u00e9mon\n|rule|Item Clause: Limit 1 of each item\n|clearpoke\n|poke|p1|Meganium, L50, F|\n|poke|p1|Talonflame, L50, F|\n|poke|p1|Garchomp, L50, F|\n|poke|p1|Aegislash, L50, F|\n|poke|p1|Politoed, L50, F|\n|poke|p1|Primarina, L50, F|\n|poke|p2|Hawlucha, L50, F|\n|poke|p2|Floette-Eternal, L50, F|\n|poke|p2|Incineroar, L50, F|\n|poke|p2|Sinistcha, L50|\n|poke|p2|Snorlax, L50, M|\n|poke|p2|Rotom-Wash, L50|\n|teampreview|4\n|\n|t:|1776244141\n|teamsize|p1|4\n|teamsize|p2|4\n|start\n|switch|p1a: lebanese|Meganium, L50, F, shiny|100/100\n|switch|p1b: Talonflame|Talonflame, L50, F|100/100\n|switch|p2a: Hawlucha|Hawlucha, L50, F, shiny|100/100\n|switch|p2b: Snorlax|Snorlax, L50, M|100/100\n|-ability|p2a: Hawlucha|Mold Breaker\n|turn|1\n|\n|t:|1776244153\n|switch|p1a: Aegislash|Aegislash, L50, F, shiny|100/100\n|detailschange|p2a: Hawlucha|Hawlucha-Mega, L50, F, shiny\n|-mega|p2a: Hawlucha|Hawlucha|Hawluchanite\n|move|p1b: Talonflame|Will-O-Wisp|p2b: Snorlax\n|-status|p2b: Snorlax|brn\n|move|p2a: Hawlucha|Entrainment|p2b: Snorlax\n|-ability|p2b: Snorlax|No Guard|Thick Fat|[from] move: Entrainment|[of] p2a: Hawlucha\n|move|p2b: Snorlax|Fissure|p1a: Aegislash\n|-damage|p1a: Aegislash|0 fnt\n|faint|p1a: Aegislash\n|-ohko\n|\n|-damage|p2b: Snorlax|94/100 brn|[from] brn\n|upkeep\n|\n|t:|1776244190\n|switch|p1a: lebanese|Meganium, L50, F, shiny|100/100\n|turn|2\n|\n|t:|1776244200\n|detailschange|p1a: lebanese|Meganium-Mega, L50, F, shiny\n|-mega|p1a: lebanese|Meganium|Meganiumite\n|move|p1b: Talonflame|Hurricane|p2b: Snorlax\n|-damage|p2b: Snorlax|75/100 brn\n|move|p2a: Hawlucha|Brave Bird|p1a: lebanese\n|-supereffective|p1a: lebanese|1\n|-damage|p1a: lebanese|7/100\n|-damage|p2a: Hawlucha|68/100|[from] Recoil\n|move|p1a: lebanese|Solar Beam||[still]\n|-prepare|p1a: lebanese|Solar Beam\n|-activate|p1a: lebanese|ability: Mega Sol\n|-anim|p1a: lebanese|Solar Beam|p2b: Snorlax\n|-damage|p2b: Snorlax|36/100 brn\n|move|p2b: Snorlax|Smack Down|p1b: Talonflame\n|-supereffective|p1b: Talonflame|2\n|-damage|p1b: Talonflame|67/100\n|-start|p1b: Talonflame|Smack Down\n|\n|-heal|p2b: Snorlax|43/100 brn|[from] item: Leftovers\n|-damage|p2b: Snorlax|36/100 brn|[from] brn\n|upkeep\n|turn|3\n|\n|t:|1776244222\n|move|p1b: Talonflame|Tailwind|p1b: Talonflame\n|-sidestart|p1: mtaces|move: Tailwind\n|move|p1a: lebanese|Dazzling Gleam|p2b: Snorlax|[spread] p2a,p2b\n|-supereffective|p2a: Hawlucha|1\n|-damage|p2a: Hawlucha|0 fnt\n|-damage|p2b: Snorlax|15/100 brn\n|faint|p2a: Hawlucha\n|move|p2b: Snorlax|Body Slam|p1a: lebanese\n|-damage|p1a: lebanese|0 fnt\n|faint|p1a: lebanese\n|\n|-heal|p2b: Snorlax|21/100 brn|[from] item: Leftovers\n|-damage|p2b: Snorlax|15/100 brn|[from] brn\n|upkeep\n|\n|t:|1776244229\n|switch|p2a: Sinistcha|Sinistcha, L50|100/100\n|switch|p1a: Primarina|Primarina, L50, F, shiny|100/100\n|-heal|p2b: Snorlax|40/100 brn|[from] ability: Hospitality|[of] p2a: Sinistcha\n|turn|4\n|\n|t:|1776244246\n|move|p2a: Sinistcha|Rage Powder|p2a: Sinistcha\n|-singleturn|p2a: Sinistcha|move: Rage Powder\n|move|p1b: Talonflame|Hurricane|p2a: Sinistcha|[miss]\n|-miss|p1b: Talonflame|p2a: Sinistcha\n|move|p1a: Primarina|Hyper Voice|p2a: Sinistcha|[spread] p2a,p2b\n|-resisted|p2a: Sinistcha|1\n|-damage|p2a: Sinistcha|84/100\n|-damage|p2b: Snorlax|16/100 brn\n|move|p2b: Snorlax|Fissure|p1a: Primarina\n|-damage|p1a: Primarina|0 fnt\n|faint|p1a: Primarina\n|-ohko\n|\n|-heal|p2b: Snorlax|22/100 brn|[from] item: Leftovers\n|-damage|p2b: Snorlax|16/100 brn|[from] brn\n|upkeep\n|turn|5\n|-message|mtaces forfeited.\n|\n|win|Noobilio\n|raw|mtaces's rating: 1248 &rarr; <strong>1230</strong><br />(-18 for losing)\n|raw|Noobilio's rating: 1344 &rarr; <strong>1359</strong><br />(+15 for winning)\n|l|\u2606mtaces\n|player|p1|\n",
  "uploadtime": 1776244255,
  "views": 38,
  "formatid": "gen9championsvgc2026regma",
  "rating": 1230,
  "private": 0,
  "password": null
}