{
  "id": "gen9championsvgc2026regma-2587042396",
  "format": "[Gen 9 Champions] VGC 2026 Reg M-A",
  "players": [
    "Joedonnell2995",
    "Elite Fource"
  ],
  "log": "|j|\u2606Joedonnell2995\n|j|\u2606Elite Fource\n|t:|1776485697\n|gametype|doubles\n|player|p1|Joedonnell2995|blackbelt-gen4dp|1121\n|player|p2|Elite Fource|infielder|1112\n|gen|9\n|tier|[Gen 9 Champions] VGC 2026 Reg M-A\n|rated|\n|rule|Species Clause: Limit one of each Pok\u00e9mon\n|rule|Item Clause: Limit 1 of each item\n|clearpoke\n|poke|p1|Gengar, L50, F|\n|poke|p1|Slowking, L50, M|\n|poke|p1|Sinistcha, L50|\n|poke|p1|Incineroar, L50, M|\n|poke|p1|Orthworm, L50, M|\n|poke|p1|Garchomp, L50, M|\n|poke|p2|Crabominable, L50, F, shiny|\n|poke|p2|Araquanid, L50, F, shiny|\n|poke|p2|Arcanine, L50, M|\n|poke|p2|Sinistcha-Masterpiece, L50|\n|poke|p2|Jolteon, L50, M, shiny|\n|poke|p2|Floette-Eternal, L50, F|\n|teampreview|4\n|inactive|Battle timer is ON: inactive players will automatically lose when time's up. (requested by Joedonnell2995)\n|inactive|Elite Fource also wants the timer to be on.\n|inactive|Joedonnell2995 has 60 seconds left.\n|\n|t:|1776485734\n|teamsize|p1|4\n|teamsize|p2|4\n|start\n|switch|p1a: Gengar|Gengar, L50, F|100/100\n|switch|p1b: Incineroar|Incineroar, L50, M|100/100\n|switch|p2a: Wait for it|Arcanine, L50, M|100/100\n|switch|p2b: Ultraman|Araquanid, L50, F, shiny|100/100\n|-ability|p2a: Wait for it|Intimidate|boost\n|-unboost|p1a: Gengar|atk|1\n|-unboost|p1b: Incineroar|atk|1\n|-ability|p1b: Incineroar|Intimidate|boost\n|-unboost|p2a: Wait for it|atk|1\n|-unboost|p2b: Ultraman|atk|1\n|-enditem|p2a: Wait for it|White Herb\n|-clearnegativeboost|p2a: Wait for it|[silent]\n|turn|1\n|inactive|Joedonnell2995 has 30 seconds left.\n|inactive|Elite Fource has 30 seconds left.\n|inactive|Elite Fource has 20 seconds left.\n|inactive|Elite Fource has 15 seconds left.\n|-activate|p2b: Ultraman|item: Quick Claw\n|\n|t:|1776485776\n|detailschange|p1a: Gengar|Gengar-Mega, L50, F\n|-mega|p1a: Gengar|Gengar|Gengarite\n|move|p1b: Incineroar|Fake Out|p2a: Wait for it\n|-crit|p2a: Wait for it\n|-damage|p2a: Wait for it|81/100\n|move|p2b: Ultraman|Liquidation|p1b: Incineroar\n|-supereffective|p1b: Incineroar|1\n|-damage|p1b: Incineroar|42/100\n|-enditem|p1b: Incineroar|Sitrus Berry|[eat]\n|-heal|p1b: Incineroar|67/100|[from] item: Sitrus Berry\n|move|p1a: Gengar|Perish Song|p1a: Gengar\n|-start|p1a: Gengar|perish3|[silent]\n|-start|p1b: Incineroar|perish3|[silent]\n|-start|p2a: Wait for it|perish3|[silent]\n|-start|p2b: Ultraman|perish3|[silent]\n|-fieldactivate|move: Perish Song\n|cant|p2a: Wait for it|flinch\n|\n|-start|p1a: Gengar|perish3\n|-start|p2a: Wait for it|perish3\n|-start|p1b: Incineroar|perish3\n|-start|p2b: Ultraman|perish3\n|upkeep\n|turn|2\n|inactive|Joedonnell2995 has 30 seconds left.\n|\n|t:|1776485804\n|move|p1a: Gengar|Protect|p1a: Gengar\n|-singleturn|p1a: Gengar|Protect\n|move|p2a: Wait for it|Overheat|p1a: Gengar\n|-activate|p1a: Gengar|move: Protect\n|move|p1b: Incineroar|Parting Shot|p2a: Wait for it\n|-unboost|p2a: Wait for it|atk|1\n|-unboost|p2a: Wait for it|spa|1\n|\n|t:|1776485829\n|switch|p1b: Garchomp|Garchomp, L50, M|100/100|[from] Parting Shot\n|move|p2b: Ultraman|Liquidation|p1b: Garchomp\n|-damage|p1b: Garchomp|69/100\n|-damage|p2b: Ultraman|88/100|[from] ability: Rough Skin|[of] p1b: Garchomp\n|\n|-start|p1a: Gengar|perish2\n|-start|p2a: Wait for it|perish2\n|-start|p2b: Ultraman|perish2\n|upkeep\n|turn|3\n|\n|t:|1776485850\n|move|p1b: Garchomp|Rock Slide|p2b: Ultraman|[spread] p2a\n|-miss|p1b: Garchomp|p2b: Ultraman\n|-supereffective|p2a: Wait for it|1\n|-damage|p2a: Wait for it|44/100\n|move|p1a: Gengar|Shadow Ball|p2a: Wait for it\n|-damage|p2a: Wait for it|2/100\n|-unboost|p2a: Wait for it|spd|1\n|move|p2a: Wait for it|Overheat|p1a: Gengar\n|-damage|p1a: Gengar|68/100\n|-unboost|p2a: Wait for it|spa|2\n|move|p2b: Ultraman|Liquidation|p1a: Gengar\n|-damage|p1a: Gengar|31/100\n|-unboost|p1a: Gengar|def|1\n|\n|-start|p1a: Gengar|perish1\n|-start|p2a: Wait for it|perish1\n|-start|p2b: Ultraman|perish1\n|upkeep\n|turn|4\n|inactive|Elite Fource has 30 seconds left.\n|\n|t:|1776485879\n|switch|p1b: Incineroar|Incineroar, L50, M|67/100\n|-ability|p1b: Incineroar|Intimidate|boost\n|-unboost|p2a: Wait for it|atk|1\n|-unboost|p2b: Ultraman|atk|1\n|move|p1a: Gengar|Protect|p1a: Gengar\n|-singleturn|p1a: Gengar|Protect\n|move|p2a: Wait for it|Will-O-Wisp|p1b: Incineroar\n|-immune|p1b: Incineroar\n|move|p2b: Ultraman|Lunge|p1a: Gengar\n|-activate|p1a: Gengar|move: Protect\n|\n|-start|p1a: Gengar|perish0\n|-start|p2a: Wait for it|perish0\n|-start|p2b: Ultraman|perish0\n|faint|p1a: Gengar\n|faint|p2a: Wait for it\n|faint|p2b: Ultraman\n|upkeep\n|c|\u2606Elite Fource|lmao you're supposed to switch there\n|\n|t:|1776485903\n|switch|p1a: Garchomp|Garchomp, L50, M|69/100\n|switch|p2a: Armor Abs Krabs|Crabominable, L50, F, shiny|100/100\n|switch|p2b: no matcha???|Sinistcha-Masterpiece, L50|100/100\n|turn|5\n|c|\u2606Elite Fource|did you copy and paste this team?\n|inactive|Joedonnell2995 has 30 seconds left.\n|\n|t:|1776485931\n|detailschange|p2a: Armor Abs Krabs|Crabominable-Mega, L50, F, shiny\n|-mega|p2a: Armor Abs Krabs|Crabominable|Crabominite\n|move|p1a: Garchomp|Rock Slide|p2b: no matcha???|[spread] p2a,p2b\n|-damage|p2a: Armor Abs Krabs|83/100\n|-damage|p2b: no matcha???|84/100\n|move|p1b: Incineroar|Flare Blitz|p2b: no matcha???\n|-supereffective|p2b: no matcha???|1\n|-damage|p2b: no matcha???|3/100\n|-damage|p1b: Incineroar|42/100|[from] Recoil\n|cant|p2a: Armor Abs Krabs|flinch\n|move|p2b: no matcha???|Trick Room|p2b: no matcha???\n|-fieldstart|move: Trick Room|[of] p2b: no matcha???\n|\n|-heal|p2b: no matcha???|9/100|[from] item: Leftovers\n|upkeep\n|turn|6\n|inactive|Joedonnell2995 has 30 seconds left.\n|inactive|Elite Fource has 30 seconds left.\n|inactive|Joedonnell2995 has 20 seconds left.\n|inactive|Joedonnell2995 has 15 seconds left.\n|inactive|Joedonnell2995 has 10 seconds left.\n|inactive|Joedonnell2995 has 5 seconds left.\n|\n|t:|1776485986\n|move|p2b: no matcha???|Protect|p2b: no matcha???\n|-singleturn|p2b: no matcha???|Protect\n|move|p1b: Incineroar|Fake Out||[still]\n|-hint|Fake Out only works on your first turn out.\n|-fail|p1b: Incineroar\n|move|p2a: Armor Abs Krabs|Drain Punch|p1b: Incineroar\n|-supereffective|p1b: Incineroar|1\n|-damage|p1b: Incineroar|0 fnt\n|-heal|p2a: Armor Abs Krabs|100/100|[from] drain|[of] p1b: Incineroar\n|faint|p1b: Incineroar\n|move|p1a: Garchomp|Rock Slide|p2a: Armor Abs Krabs|[spread] p2a\n|-activate|p2b: no matcha???|move: Protect\n|-damage|p2a: Armor Abs Krabs|86/100\n|\n|-heal|p2b: no matcha???|16/100|[from] item: Leftovers\n|upkeep\n|inactive|Joedonnell2995 has 30 seconds left.\n|inactive|Joedonnell2995 has 20 seconds left.\n|inactive|Joedonnell2995 has 15 seconds left.\n|inactive|Joedonnell2995 has 10 seconds left.\n|inactive|Joedonnell2995 has 5 seconds left.\n|\n|t:|1776486041\n|switch|p1b: Orthworm|Orthworm, L50, M|100/100\n|turn|7\n|-message|Joedonnell2995 forfeited.\n|\n|win|Elite Fource\n|raw|Joedonnell2995's rating: 1121 &rarr; <strong>1095</strong><br />(-26 for losing)\n|raw|Elite Fource's rating: 1112 &rarr; <strong>1138</strong><br />(+26 for winning)\n|l|\u2606Joedonnell2995\n|player|p1|\n|c|\u2606Elite Fource|gg bro\n|c|\u2606Elite Fource|next time make your own team\n",
  "uploadtime": 1776486069,
  "views": 15,
  "formatid": "gen9championsvgc2026regma",
  "rating": 1095,
  "private": 0,
  "password": null
}