{
  "id": "gen9championsvgc2026regma-2585938508",
  "format": "[Gen 9 Champions] VGC 2026 Reg M-A",
  "players": [
    "bodhidelbarrio",
    "Joelypoley"
  ],
  "log": "|j|\u2606bodhidelbarrio\n|j|\u2606Joelypoley\n|t:|1776383222\n|gametype|doubles\n|player|p1|bodhidelbarrio|blackbelt|1303\n|player|p2|Joelypoley|li|1316\n|gen|9\n|tier|[Gen 9 Champions] VGC 2026 Reg M-A\n|rated|\n|rule|Species Clause: Limit one of each Pok\u00e9mon\n|rule|Item Clause: Limit 1 of each item\n|clearpoke\n|poke|p1|Torkoal, L50, F|\n|poke|p1|Farigiraf, L50, F|\n|poke|p1|Gallade, L50, M|\n|poke|p1|Charizard, L50, M|\n|poke|p1|Venusaur, L50, F|\n|poke|p1|Garchomp, L50, M|\n|poke|p2|Golurk, L50|\n|poke|p2|Blastoise, L50, M|\n|poke|p2|Rotom-Wash, L50|\n|poke|p2|Sneasler, L50, M|\n|poke|p2|Farigiraf, L50, M|\n|poke|p2|Torkoal, L50, M|\n|teampreview|4\n|\n|t:|1776383280\n|teamsize|p1|4\n|teamsize|p2|4\n|start\n|switch|p1a: Charizard|Charizard, L50, M, shiny|100/100\n|switch|p1b: Farigiraf|Farigiraf, L50, F|100/100\n|switch|p2a: Farigiraf|Farigiraf, L50, M|100/100\n|switch|p2b: Rotom|Rotom-Wash, L50|100/100\n|turn|1\n|inactive|Battle timer is ON: inactive players will automatically lose when time's up. (requested by bodhidelbarrio)\n|\n|t:|1776383337\n|detailschange|p1a: Charizard|Charizard-Mega-Y, L50, M, shiny\n|-mega|p1a: Charizard|Charizard|Charizardite Y\n|-weather|SunnyDay|[from] ability: Drought|[of] p1a: Charizard\n|move|p1a: Charizard|Overheat|p2a: Farigiraf\n|-damage|p2a: Farigiraf|0 fnt\n|-unboost|p1a: Charizard|spa|2\n|faint|p2a: Farigiraf\n|move|p2b: Rotom|Volt Switch|p1a: Charizard\n|-supereffective|p1a: Charizard|1\n|-damage|p1a: Charizard|25/100\n|\n|t:|1776383349\n|switch|p2b: Golurk|Golurk, L50|100/100|[from] Volt Switch\n|move|p1b: Farigiraf|Hyper Voice|p2b: Golurk\n|-immune|p2b: Golurk\n|\n|-weather|SunnyDay|[upkeep]\n|upkeep\n|\n|t:|1776383359\n|switch|p2a: Rotom|Rotom-Wash, L50|100/100\n|turn|2\n|\n|t:|1776383370\n|switch|p1a: Garchomp|Garchomp, L50, M|100/100\n|detailschange|p2b: Golurk|Golurk-Mega, L50\n|-mega|p2b: Golurk|Golurk|Golurkite\n|move|p2a: Rotom|Discharge|p1a: Garchomp|[spread] p1b\n|-immune|p2b: Golurk\n|-immune|p1a: Garchomp\n|-damage|p1b: Farigiraf|66/100\n|move|p1b: Farigiraf|Psychic|p2a: Rotom\n|-damage|p2a: Rotom|62/100\n|move|p2b: Golurk|Ice Punch|p1a: Garchomp\n|-supereffective|p1a: Garchomp|2\n|-crit|p1a: Garchomp\n|-damage|p1a: Garchomp|0 fnt\n|-damage|p2b: Golurk|88/100|[from] ability: Rough Skin|[of] p1a: Garchomp\n|faint|p1a: Garchomp\n|\n|-weather|SunnyDay|[upkeep]\n|upkeep\n|\n|t:|1776383389\n|switch|p1a: Charizard|Charizard-Mega-Y, L50, M, shiny|25/100\n|turn|3\n|\n|t:|1776383401\n|move|p1a: Charizard|Solar Beam||[still]\n|-prepare|p1a: Charizard|Solar Beam\n|-anim|p1a: Charizard|Solar Beam|p2b: Golurk\n|-supereffective|p2b: Golurk|1\n|-damage|p2b: Golurk|0 fnt\n|faint|p2b: Golurk\n|move|p2a: Rotom|Discharge|p1b: Farigiraf|[spread] p1a,p1b\n|-supereffective|p1a: Charizard|1\n|-damage|p1a: Charizard|0 fnt\n|-damage|p1b: Farigiraf|32/100\n|-status|p1b: Farigiraf|par\n|-enditem|p1b: Farigiraf|Sitrus Berry|[eat]\n|-heal|p1b: Farigiraf|57/100 par|[from] item: Sitrus Berry\n|faint|p1a: Charizard\n|move|p1b: Farigiraf|Psychic|p2a: Rotom\n|-damage|p2a: Rotom|21/100\n|\n|-weather|SunnyDay|[upkeep]\n|upkeep\n|inactive|Joelypoley has 30 seconds left.\n|\n|t:|1776383431\n|switch|p1a: Venusaur|Venusaur, L50, F|100/100\n|switch|p2b: Torkoal|Torkoal, L50, M|100/100\n|turn|4\n|\n|t:|1776383456\n|move|p1b: Farigiraf|Protect|p1b: Farigiraf\n|-singleturn|p1b: Farigiraf|Protect\n|move|p1a: Venusaur|Energy Ball|p2a: Rotom\n|-supereffective|p2a: Rotom|1\n|-damage|p2a: Rotom|0 fnt\n|faint|p2a: Rotom\n|move|p2b: Torkoal|Heat Wave|p1b: Farigiraf|[spread] p1a\n|-activate|p1b: Farigiraf|move: Protect\n|-supereffective|p1a: Venusaur|1\n|-enditem|p1a: Venusaur|Focus Sash\n|-damage|p1a: Venusaur|1/100\n|-status|p1a: Venusaur|brn\n|\n|-weather|SunnyDay|[upkeep]\n|-damage|p1a: Venusaur|0 fnt|[from] brn\n|faint|p1a: Venusaur\n|upkeep\n|turn|5\n|\n|t:|1776383475\n|cant|p1b: Farigiraf|par\n|move|p2b: Torkoal|Weather Ball|p1b: Farigiraf\n|-damage|p1b: Farigiraf|0 fnt\n|faint|p1b: Farigiraf\n|\n|win|Joelypoley\n|raw|bodhidelbarrio's rating: 1303 &rarr; <strong>1284</strong><br />(-19 for losing)\n|raw|Joelypoley's rating: 1316 &rarr; <strong>1335</strong><br />(+19 for winning)\n",
  "uploadtime": 1776383481,
  "views": 32,
  "formatid": "gen9championsvgc2026regma",
  "rating": 1284,
  "private": 0,
  "password": null
}