{
  "id": "gen9championsvgc2026regma-2582019414",
  "format": "[Gen 9 Champions] VGC 2026 Reg M-A",
  "players": [
    "zarifisthebest",
    "LesbianMawile"
  ],
  "log": "|j|\u2606zarifisthebest\n|j|\u2606LesbianMawile\n|t:|1776048925\n|gametype|doubles\n|player|p1|zarifisthebest|youngn|1152\n|player|p2|LesbianMawile|2|1081\n|gen|9\n|tier|[Gen 9 Champions] VGC 2026 Reg M-A\n|rated|\n|rule|Species Clause: Limit one of each Pok\u00e9mon\n|rule|Item Clause: Limit 1 of each item\n|clearpoke\n|poke|p1|Venusaur, L50, M|\n|poke|p1|Garchomp, L50, M|\n|poke|p1|Charizard, L50, F|\n|poke|p1|Sneasler, L50, F|\n|poke|p1|Incineroar, L50, F|\n|poke|p1|Rotom-Wash, L50|\n|poke|p2|Froslass, L50, F|\n|poke|p2|Tauros-Paldea-Aqua, L50, M|\n|poke|p2|Kingambit, L50, M|\n|poke|p2|Aerodactyl, L50, F|\n|poke|p2|Mamoswine, L50, F|\n|poke|p2|Sneasler, L50, F|\n|teampreview|4\n|inactive|Battle timer is ON: inactive players will automatically lose when time's up. (requested by zarifisthebest)\n|inactive|zarifisthebest has 60 seconds left.\n|inactive|LesbianMawile has 60 seconds left.\n|\n|t:|1776048971\n|teamsize|p1|4\n|teamsize|p2|4\n|start\n|switch|p1a: Sneasler|Sneasler, L50, F|100/100\n|switch|p1b: Incineroar|Incineroar, L50, F, shiny|100/100\n|switch|p2a: Mamoswine|Mamoswine, L50, F|100/100\n|switch|p2b: Froslass|Froslass, L50, F|100/100\n|-ability|p1b: Incineroar|Intimidate|boost\n|-fail|p2a: Mamoswine|unboost|Attack|[from] ability: Oblivious|[of] p2a: Mamoswine\n|-unboost|p2b: Froslass|atk|1\n|turn|1\n|inactive|zarifisthebest has 30 seconds left.\n|inactive|zarifisthebest has 20 seconds left.\n|\n|t:|1776049008\n|switch|p2b: Aerodactyl|Aerodactyl, L50, F|100/100\n|-ability|p2b: Aerodactyl|Unnerve\n|move|p2a: Mamoswine|Earthquake|p1a: Sneasler|[spread] p1a,p1b\n|-immune|p2b: Aerodactyl\n|-supereffective|p1a: Sneasler|1\n|-supereffective|p1b: Incineroar|1\n|-damage|p1a: Sneasler|0 fnt\n|-damage|p1b: Incineroar|23/100\n|faint|p1a: Sneasler\n|move|p1b: Incineroar|Parting Shot|p2b: Aerodactyl\n|-unboost|p2b: Aerodactyl|atk|1\n|-unboost|p2b: Aerodactyl|spa|1\n|\n|t:|1776049026\n|switch|p1b: Charizard|Charizard, L50, F, shiny|100/100|[from] Parting Shot\n|\n|upkeep\n|\n|t:|1776049031\n|switch|p1a: Garchomp|Garchomp, L50, M|100/100\n|turn|2\n|\n|t:|1776049042\n|switch|p2a: Tauros|Tauros-Paldea-Aqua, L50, M|100/100\n|detailschange|p1b: Charizard|Charizard-Mega-Y, L50, F, shiny\n|-mega|p1b: Charizard|Charizard|Charizardite Y\n|-weather|SunnyDay|[from] ability: Drought|[of] p1b: Charizard\n|move|p1a: Garchomp|Rock Slide|p2b: Aerodactyl|[spread] p2a,p2b\n|-resisted|p2a: Tauros|1\n|-supereffective|p2b: Aerodactyl|1\n|-damage|p2a: Tauros|91/100\n|-damage|p2b: Aerodactyl|31/100\n|move|p2b: Aerodactyl|Rock Slide|p1b: Charizard|[spread] p1a,p1b\n|-resisted|p1a: Garchomp|1\n|-supereffective|p1b: Charizard|2\n|-damage|p1a: Garchomp|94/100\n|-damage|p1b: Charizard|28/100\n|move|p1b: Charizard|Heat Wave|p2a: Tauros|[spread] p2a,p2b\n|-resisted|p2a: Tauros|1\n|-crit|p2a: Tauros\n|-resisted|p2b: Aerodactyl|1\n|-damage|p2a: Tauros|42/100\n|-damage|p2b: Aerodactyl|0 fnt\n|-setboost|p2a: Tauros|atk|6|[from] ability: Anger Point\n|-enditem|p2a: Tauros|Sitrus Berry|[eat]\n|-heal|p2a: Tauros|66/100|[from] item: Sitrus Berry\n|faint|p2b: Aerodactyl\n|\n|-weather|SunnyDay|[upkeep]\n|upkeep\n|c|\u2606zarifisthebest|??? ?? ??\n|\n|t:|1776049067\n|switch|p2b: Froslass|Froslass, L50, F|100/100\n|turn|3\n|c|\u2606zarifisthebest|GG LOL\n|c|\u2606zarifisthebest|wtf\n|\n|t:|1776049079\n|detailschange|p2b: Froslass|Froslass-Mega, L50, F\n|-mega|p2b: Froslass|Froslass|Froslassite\n|-weather|Snowscape|[from] ability: Snow Warning|[of] p2b: Froslass\n|move|p2a: Tauros|Aqua Jet|p1b: Charizard\n|-supereffective|p1b: Charizard|1\n|-damage|p1b: Charizard|0 fnt\n|faint|p1b: Charizard\n|move|p1a: Garchomp|Rock Slide|p2a: Tauros|[spread] p2a,p2b\n|-resisted|p2a: Tauros|1\n|-supereffective|p2b: Froslass|1\n|-damage|p2a: Tauros|57/100\n|-damage|p2b: Froslass|54/100\n|move|p2b: Froslass|Aurora Veil|p2b: Froslass\n|-sidestart|p2: LesbianMawile|move: Aurora Veil\n|\n|-weather|Snowscape|[upkeep]\n|upkeep\n|\n|t:|1776049089\n|switch|p1b: Incineroar|Incineroar, L50, F, shiny|23/100\n|-enditem|p1b: Incineroar|Sitrus Berry|[eat]\n|-heal|p1b: Incineroar|48/100|[from] item: Sitrus Berry\n|-ability|p1b: Incineroar|Intimidate|boost\n|-unboost|p2a: Tauros|atk|1\n|-unboost|p2b: Froslass|atk|1\n|turn|4\n|\n|t:|1776049102\n|move|p2a: Tauros|Protect|p2a: Tauros\n|-singleturn|p2a: Tauros|Protect\n|move|p1b: Incineroar|Fake Out|p2a: Tauros\n|-activate|p2a: Tauros|move: Protect\n|move|p1a: Garchomp|Rock Slide|p2b: Froslass|[spread] p2b\n|-activate|p2a: Tauros|move: Protect\n|-supereffective|p2b: Froslass|1\n|-damage|p2b: Froslass|21/100\n|move|p2b: Froslass|Blizzard|p1b: Incineroar|[spread] p1a,p1b\n|-supereffective|p1a: Garchomp|2\n|-resisted|p1b: Incineroar|1\n|-damage|p1a: Garchomp|0 fnt\n|-damage|p1b: Incineroar|28/100\n|-status|p1b: Incineroar|frz\n|faint|p1a: Garchomp\n|\n|-weather|Snowscape|[upkeep]\n|upkeep\n|turn|5\n|-message|zarifisthebest forfeited.\n|\n|win|LesbianMawile\n|raw|zarifisthebest's rating: 1152 &rarr; <strong>1122</strong><br />(-30 for losing)\n|raw|LesbianMawile's rating: 1081 &rarr; <strong>1114</strong><br />(+33 for winning)\n|l|\u2606zarifisthebest\n|player|p1|\n|c|\u2606LesbianMawile|the goal was frost breath lmao\n|l|\u2606LesbianMawile\n|player|p2|\n|j|\u2606LesbianMawile\n|player|p2|LesbianMawile|2|\n",
  "uploadtime": 1776049218,
  "views": 13,
  "formatid": "gen9championsvgc2026regma",
  "rating": 1114,
  "private": 0,
  "password": null
}