{
  "id": "gen9championsvgc2026regma-2581729376",
  "format": "[Gen 9 Champions] VGC 2026 Reg M-A",
  "players": [
    "JustAPoato",
    "RadarUndetectable"
  ],
  "log": "|j|\u2606JustAPoato\n|j|\u2606RadarUndetectable\n|t:|1776023939\n|gametype|doubles\n|player|p1|JustAPoato|pryce|1084\n|player|p2|RadarUndetectable|dawn|1012\n|gen|9\n|tier|[Gen 9 Champions] VGC 2026 Reg M-A\n|rated|\n|rule|Species Clause: Limit one of each Pok\u00e9mon\n|rule|Item Clause: Limit 1 of each item\n|clearpoke\n|poke|p1|Floette-Eternal, L50, F|\n|poke|p1|Whimsicott, L50, F|\n|poke|p1|Maushold-Four, L50|\n|poke|p1|Pelipper, L50, M|\n|poke|p1|Archaludon, L50, M|\n|poke|p1|Sneasler, L50, M|\n|poke|p2|Zoroark-Hisui, L50, F|\n|poke|p2|Altaria, L50, F|\n|poke|p2|Kingambit, L50, M|\n|poke|p2|Charizard, L50, M|\n|poke|p2|Sinistcha, L50|\n|poke|p2|Audino, L50, F|\n|teampreview|4\n|inactive|Battle timer is ON: inactive players will automatically lose when time's up. (requested by JustAPoato)\n|j| Pokey209\n|inactive|RadarUndetectable has 60 seconds left.\n|inactive|RadarUndetectable has 30 seconds left.\n|inactive|RadarUndetectable has 20 seconds left.\n|inactive|RadarUndetectable has 15 seconds left.\n|\n|t:|1776024016\n|teamsize|p1|4\n|teamsize|p2|4\n|start\n|switch|p1a: Floette|Floette-Eternal, L50, F|100/100\n|switch|p1b: Whimsicott|Whimsicott, L50, F|100/100\n|switch|p2a: Altaria|Altaria, L50, F|100/100\n|switch|p2b: Kingambit|Kingambit, L50, M|100/100\n|-ability|p2a: Altaria|Cloud Nine\n|turn|1\n|inactive|JustAPoato has 30 seconds left.\n|inactive|RadarUndetectable has 30 seconds left.\n|inactive|JustAPoato has 20 seconds left.\n|inactive|RadarUndetectable has 20 seconds left.\n|inactive|JustAPoato has 15 seconds left.\n|inactive|RadarUndetectable has 15 seconds left.\n|\n|t:|1776024059\n|detailschange|p1a: Floette|Floette-Mega, L50, F\n|-mega|p1a: Floette|Floette|Floettite\n|-ability|p1a: Floette|Fairy Aura\n|detailschange|p2a: Altaria|Altaria-Mega, L50, F\n|-mega|p2a: Altaria|Altaria|Altarianite\n|move|p2b: Kingambit|Protect|p2b: Kingambit\n|-singleturn|p2b: Kingambit|Protect\n|move|p1b: Whimsicott|Tailwind|p1b: Whimsicott\n|-sidestart|p1: JustAPoato|move: Tailwind\n|move|p1a: Floette|Dazzling Gleam|p2b: Kingambit|[spread] p2a\n|-activate|p2b: Kingambit|move: Protect\n|-supereffective|p2a: Altaria|1\n|-damage|p2a: Altaria|0 fnt\n|faint|p2a: Altaria\n|\n|upkeep\n|inactive|RadarUndetectable has 30 seconds left.\n|inactive|RadarUndetectable has 20 seconds left.\n|inactive|RadarUndetectable has 15 seconds left.\n|inactive|RadarUndetectable has 10 seconds left.\n|\n|t:|1776024106\n|switch|p2a: Kingambit|Kingambit, L50, M|100/100\n|turn|2\n|\n|t:|1776024119\n|move|p1a: Floette|Protect|p1a: Floette\n|-singleturn|p1a: Floette|Protect\n|move|p1b: Whimsicott|Moonblast|p2a: Kingambit\n|-damage|p2a: Kingambit|50/100\n|move|p2b: Kingambit|Poltergeist|p1a: Floette\n|-activate|p1a: Floette|move: Protect\n|move|p2a: Kingambit|Iron Head|p1a: Floette\n|-activate|p1a: Floette|move: Protect\n|\n|upkeep\n|turn|3\n|\n|t:|1776024136\n|move|p1a: Floette|Moonblast|p2b: Kingambit\n|-enditem|p2b: Kingambit|Focus Sash\n|-damage|p2b: Kingambit|1/100\n|replace|p2b: Zoroark|Zoroark-Hisui, L50, F, shiny\n|-end|p2b: Zoroark|Illusion\n|move|p1b: Whimsicott|Moonblast|p2a: Kingambit\n|-damage|p2a: Kingambit|7/100\n|-unboost|p2a: Kingambit|spa|1\n|-ability|p2a: Kingambit|Defiant|boost\n|-boost|p2a: Kingambit|atk|2\n|move|p2b: Zoroark|Knock Off|p1b: Whimsicott\n|-resisted|p1b: Whimsicott|1\n|-damage|p1b: Whimsicott|80/100\n|-enditem|p1b: Whimsicott|Mental Herb|[from] move: Knock Off|[of] p2b: Zoroark\n|move|p2a: Kingambit|Iron Head|p1a: Floette\n|-supereffective|p1a: Floette|1\n|-damage|p1a: Floette|0 fnt\n|faint|p1a: Floette\n|\n|upkeep\n|\n|t:|1776024152\n|switch|p1a: Sneasler|Sneasler, L50, M|100/100\n|turn|4\n|c|\u2606RadarUndetectable|gg\n|\n|t:|1776024171\n|move|p1a: Sneasler|Fake Out|p2a: Kingambit\n|-resisted|p2a: Kingambit|1\n|-damage|p2a: Kingambit|2/100\n|cant|p2a: Kingambit|flinch\n|move|p1b: Whimsicott|Moonblast|p2b: Zoroark\n|-damage|p2b: Zoroark|0 fnt\n|faint|p2b: Zoroark\n|\n|-sideend|p1: JustAPoato|move: Tailwind\n|upkeep\n|\n|t:|1776024179\n|switch|p2b: Sinistcha|Sinistcha, L50|100/100\n|-heal|p2a: Kingambit|27/100|[from] ability: Hospitality|[of] p2b: Sinistcha\n|turn|5\n|\n|t:|1776024201\n|move|p2b: Sinistcha|Rage Powder|p2b: Sinistcha\n|-singleturn|p2b: Sinistcha|move: Rage Powder\n|move|p1a: Sneasler|Close Combat|p2b: Sinistcha\n|-immune|p2b: Sinistcha\n|move|p1b: Whimsicott|Moonblast|p2b: Sinistcha\n|-damage|p2b: Sinistcha|61/100\n|move|p2a: Kingambit|Iron Head|p1b: Whimsicott\n|-supereffective|p1b: Whimsicott|1\n|-damage|p1b: Whimsicott|0 fnt\n|faint|p1b: Whimsicott\n|\n|-heal|p2b: Sinistcha|67/100|[from] item: Leftovers\n|upkeep\n|\n|t:|1776024213\n|switch|p1b: Maushold|Maushold-Four, L50|100/100\n|turn|6\n|inactive|RadarUndetectable has 30 seconds left.\n|\n|t:|1776024245\n|move|p1b: Maushold|Follow Me|p1b: Maushold\n|-singleturn|p1b: Maushold|move: Follow Me\n|move|p2b: Sinistcha|Rage Powder|p2b: Sinistcha\n|-singleturn|p2b: Sinistcha|move: Rage Powder\n|move|p1a: Sneasler|Dire Claw|p2b: Sinistcha\n|-damage|p2b: Sinistcha|25/100\n|move|p2a: Kingambit|Kowtow Cleave|p1b: Maushold\n|-damage|p1b: Maushold|16/100\n|\n|-heal|p1b: Maushold|22/100|[from] item: Leftovers\n|-heal|p2b: Sinistcha|31/100|[from] item: Leftovers\n|upkeep\n|turn|7\n|inactive|RadarUndetectable has 30 seconds left.\n|\n|t:|1776024278\n|move|p1b: Maushold|Follow Me|p1b: Maushold\n|-singleturn|p1b: Maushold|move: Follow Me\n|move|p1a: Sneasler|Dire Claw|p2b: Sinistcha\n|-damage|p2b: Sinistcha|0 fnt\n|faint|p2b: Sinistcha\n|move|p2a: Kingambit|Kowtow Cleave|p1b: Maushold\n|-crit|p1b: Maushold\n|-damage|p1b: Maushold|0 fnt\n|faint|p1b: Maushold\n|\n|upkeep\n|turn|8\n|\n|t:|1776024289\n|move|p2a: Kingambit|Sucker Punch|p1a: Sneasler\n|-resisted|p1a: Sneasler|1\n|-damage|p1a: Sneasler|27/100\n|move|p1a: Sneasler|Close Combat|p2a: Kingambit\n|-supereffective|p2a: Kingambit|2\n|-damage|p2a: Kingambit|0 fnt\n|-unboost|p1a: Sneasler|def|1\n|-unboost|p1a: Sneasler|spd|1\n|faint|p2a: Kingambit\n|\n|win|JustAPoato\n|raw|JustAPoato's rating: 1084 &rarr; <strong>1106</strong><br />(+22 for winning)\n|raw|RadarUndetectable's rating: 1012 &rarr; <strong>1003</strong><br />(-9 for losing)\n|c|\u2606RadarUndetectable|gg\n|c|\u2606JustAPoato|gg\n",
  "uploadtime": 1776024298,
  "views": 13,
  "formatid": "gen9championsvgc2026regma",
  "rating": 1003,
  "private": 0,
  "password": null
}