{
  "id": "gen9championsvgc2026regma-2586999741",
  "format": "[Gen 9 Champions] VGC 2026 Reg M-A",
  "players": [
    "extragrizzly",
    "TophBoom"
  ],
  "log": "|j|\u2606extragrizzly\n|j|\u2606TophBoom\n|t:|1776479822\n|gametype|doubles\n|player|p1|extragrizzly|byron|1233\n|player|p2|TophBoom|miku-fairy|1221\n|gen|9\n|tier|[Gen 9 Champions] VGC 2026 Reg M-A\n|rated|\n|rule|Species Clause: Limit one of each Pok\u00e9mon\n|rule|Item Clause: Limit 1 of each item\n|clearpoke\n|poke|p1|Kingambit, L50, F|\n|poke|p1|Farigiraf, L50, F|\n|poke|p1|Blastoise, L50, F|\n|poke|p1|Sinistcha, L50|\n|poke|p1|Kangaskhan, L50, F|\n|poke|p1|Aerodactyl, L50, M|\n|poke|p2|Chimecho, L50, M|\n|poke|p2|Tsareena, L50, F|\n|poke|p2|Tyranitar, L50, F|\n|poke|p2|Palafin, L50, M|\n|poke|p2|Incineroar, L50, M|\n|poke|p2|Garchomp, L50, M|\n|teampreview|4\n|\n|t:|1776479854\n|teamsize|p1|4\n|teamsize|p2|4\n|start\n|switch|p1a: Farigiraf|Farigiraf, L50, F, shiny|100/100\n|switch|p1b: Blastoise|Blastoise, L50, F, shiny|100/100\n|switch|p2a: Chimecho|Chimecho, L50, M, shiny|100/100\n|switch|p2b: Incineroar|Incineroar, L50, M|100/100\n|-ability|p2b: Incineroar|Intimidate|boost\n|-unboost|p1a: Farigiraf|atk|1\n|-unboost|p1b: Blastoise|atk|1\n|turn|1\n|\n|t:|1776479886\n|switch|p2b: Tsareena|Tsareena, L50, F, shiny|100/100\n|detailschange|p2a: Chimecho|Chimecho-Mega, L50, M, shiny\n|-mega|p2a: Chimecho|Chimecho|Chimechite\n|move|p1b: Blastoise|Fake Out||[still]\n|cant|p2b: Tsareena|ability: Queenly Majesty|Fake Out|[of] p1b: Blastoise\n|move|p1a: Farigiraf|Trick Room|p1a: Farigiraf\n|-fieldstart|move: Trick Room|[of] p1a: Farigiraf\n|move|p2a: Chimecho|Trick Room|p2a: Chimecho\n|-fieldend|move: Trick Room\n|\n|upkeep\n|turn|2\n|\n|t:|1776479918\n|detailschange|p1b: Blastoise|Blastoise-Mega, L50, F, shiny\n|-mega|p1b: Blastoise|Blastoise|Blastoisinite\n|move|p1a: Farigiraf|Helping Hand|p1b: Blastoise\n|-singleturn|p1b: Blastoise|Helping Hand|[of] p1a: Farigiraf\n|move|p1b: Blastoise|Dark Pulse|p2a: Chimecho\n|-supereffective|p2a: Chimecho|1\n|-damage|p2a: Chimecho|0 fnt\n|faint|p2a: Chimecho\n|move|p2b: Tsareena|Power Whip|p1b: Blastoise\n|-supereffective|p1b: Blastoise|1\n|-damage|p1b: Blastoise|0 fnt\n|faint|p1b: Blastoise\n|\n|upkeep\n|\n|t:|1776479933\n|switch|p1b: Kingambit|Kingambit, L50, F, shiny|100/100\n|switch|p2a: Tyranitar|Tyranitar, L50, F|100/100\n|-weather|Sandstorm|[from] ability: Sand Stream|[of] p2a: Tyranitar\n|turn|3\n|\n|t:|1776479948\n|move|p2b: Tsareena|Low Kick|p1b: Kingambit\n|-supereffective|p1b: Kingambit|2\n|-damage|p1b: Kingambit|0 fnt\n|faint|p1b: Kingambit\n|move|p2a: Tyranitar|Knock Off|p1a: Farigiraf\n|-supereffective|p1a: Farigiraf|1\n|-enditem|p1a: Farigiraf|Colbur Berry|[eat]\n|-enditem|p1a: Farigiraf|Colbur Berry|[weaken]\n|-damage|p1a: Farigiraf|61/100\n|move|p1a: Farigiraf|Rain Dance|p1a: Farigiraf\n|-weather|RainDance\n|\n|-weather|RainDance|[upkeep]\n|upkeep\n|\n|t:|1776479951\n|switch|p1b: Sinistcha|Sinistcha, L50|100/100\n|-heal|p1a: Farigiraf|86/100|[from] ability: Hospitality|[of] p1b: Sinistcha\n|turn|4\n|\n|t:|1776479964\n|move|p1a: Farigiraf|Helping Hand|p1b: Sinistcha\n|-singleturn|p1b: Sinistcha|Helping Hand|[of] p1a: Farigiraf\n|move|p2b: Tsareena|Triple Axel|p1b: Sinistcha\n|-supereffective|p1b: Sinistcha|1\n|-damage|p1b: Sinistcha|89/100\n|-supereffective|p1b: Sinistcha|1\n|-damage|p1b: Sinistcha|67/100\n|-supereffective|p1b: Sinistcha|1\n|-damage|p1b: Sinistcha|33/100\n|-enditem|p1b: Sinistcha|Sitrus Berry|[eat]\n|-heal|p1b: Sinistcha|58/100|[from] item: Sitrus Berry\n|-hitcount|p1b: Sinistcha|3\n|move|p1b: Sinistcha|Matcha Gotcha|p2b: Tsareena|[spread] p2a,p2b\n|-supereffective|p2a: Tyranitar|1\n|-resisted|p2b: Tsareena|1\n|-damage|p2a: Tyranitar|36/100\n|-heal|p1b: Sinistcha|95/100|[from] drain|[of] p2a: Tyranitar\n|-damage|p2b: Tsareena|82/100\n|-heal|p1b: Sinistcha|100/100|[from] drain|[of] p2b: Tsareena\n|move|p2a: Tyranitar|Knock Off|p1b: Sinistcha\n|-supereffective|p1b: Sinistcha|1\n|-damage|p1b: Sinistcha|50/100\n|\n|-weather|RainDance|[upkeep]\n|upkeep\n|turn|5\n|\n|t:|1776479997\n|switch|p2a: Incineroar|Incineroar, L50, M|100/100\n|-ability|p2a: Incineroar|Intimidate|boost\n|-unboost|p1a: Farigiraf|atk|1\n|-unboost|p1b: Sinistcha|atk|1\n|move|p2b: Tsareena|Triple Axel|p1b: Sinistcha\n|-supereffective|p1b: Sinistcha|1\n|-damage|p1b: Sinistcha|39/100\n|-supereffective|p1b: Sinistcha|1\n|-damage|p1b: Sinistcha|17/100\n|-supereffective|p1b: Sinistcha|1\n|-damage|p1b: Sinistcha|0 fnt\n|faint|p1b: Sinistcha\n|-hitcount|p1: Sinistcha|3\n|move|p1a: Farigiraf|Trick Room|p1a: Farigiraf\n|-fieldstart|move: Trick Room|[of] p1a: Farigiraf\n|\n|-weather|RainDance|[upkeep]\n|upkeep\n|turn|6\n|\n|t:|1776480013\n|move|p2a: Incineroar|Throat Chop|p1a: Farigiraf\n|-supereffective|p1a: Farigiraf|1\n|-damage|p1a: Farigiraf|42/100\n|-start|p1a: Farigiraf|Throat Chop|[silent]\n|move|p1a: Farigiraf|Psychic|p2b: Tsareena\n|-damage|p2b: Tsareena|46/100\n|move|p2b: Tsareena|Power Whip|p1a: Farigiraf\n|-damage|p1a: Farigiraf|0 fnt\n|faint|p1a: Farigiraf\n|\n|win|TophBoom\n|raw|extragrizzly's rating: 1233 &rarr; <strong>1207</strong><br />(-26 for losing)\n|raw|TophBoom's rating: 1221 &rarr; <strong>1247</strong><br />(+26 for winning)\n|l|\u2606extragrizzly\n|player|p1|\n",
  "uploadtime": 1776480024,
  "views": 30,
  "formatid": "gen9championsvgc2026regma",
  "rating": 1207,
  "private": 0,
  "password": null
}