{
  "id": "gen9championsvgc2026regma-2585257390",
  "format": "[Gen 9 Champions] VGC 2026 Reg M-A",
  "players": [
    "manolorampa",
    "loklastaji"
  ],
  "log": "|j|\u2606manolorampa\n|j|\u2606loklastaji\n|t:|1776330769\n|gametype|doubles\n|player|p1|manolorampa|lucas|1096\n|player|p2|loklastaji|102|1158\n|gen|9\n|tier|[Gen 9 Champions] VGC 2026 Reg M-A\n|rated|\n|rule|Species Clause: Limit one of each Pok\u00e9mon\n|rule|Item Clause: Limit 1 of each item\n|clearpoke\n|poke|p1|Incineroar, L50, F|\n|poke|p1|Farigiraf, L50, F|\n|poke|p1|Golurk, L50|\n|poke|p1|Sneasler, L50, F|\n|poke|p1|Torkoal, L50, M|\n|poke|p1|Venusaur, L50, M|\n|poke|p2|Samurott-Hisui, L50, F|\n|poke|p2|Delphox, L50, M|\n|poke|p2|Tinkaton, L50, F|\n|poke|p2|Decidueye-Hisui, L50, F|\n|poke|p2|Dragonite, L50, F|\n|poke|p2|Farigiraf, L50, F|\n|teampreview|4\n|c|\u2606manolorampa|Glhf!\n|\n|t:|1776330797\n|teamsize|p1|4\n|teamsize|p2|4\n|start\n|switch|p1a: Incineroar|Incineroar, L50, F, shiny|100/100\n|switch|p1b: Farigiraf|Farigiraf, L50, F|100/100\n|switch|p2a: Farigiraf|Farigiraf, L50, F|100/100\n|switch|p2b: Samurott|Samurott-Hisui, L50, F|100/100\n|-ability|p1a: Incineroar|Intimidate|boost\n|-unboost|p2a: Farigiraf|atk|1\n|-unboost|p2b: Samurott|atk|1\n|-enditem|p2b: Samurott|White Herb\n|-clearnegativeboost|p2b: Samurott|[silent]\n|turn|1\n|\n|t:|1776330817\n|move|p1b: Farigiraf|Helping Hand|p1a: Incineroar\n|-singleturn|p1a: Incineroar|Helping Hand|[of] p1b: Farigiraf\n|move|p2b: Samurott|Ceaseless Edge|p1b: Farigiraf\n|-supereffective|p1b: Farigiraf|1\n|-damage|p1b: Farigiraf|16/100\n|-sidestart|p1: manolorampa|Spikes\n|-enditem|p1b: Farigiraf|Sitrus Berry|[eat]\n|-heal|p1b: Farigiraf|41/100|[from] item: Sitrus Berry\n|move|p2a: Farigiraf|Hyper Voice|p1b: Farigiraf|[spread] p1a,p1b\n|-damage|p1a: Incineroar|72/100\n|-damage|p1b: Farigiraf|8/100\n|move|p1a: Incineroar|Throat Chop|p2a: Farigiraf\n|-supereffective|p2a: Farigiraf|1\n|-crit|p2a: Farigiraf\n|-enditem|p2a: Farigiraf|Colbur Berry|[eat]\n|-enditem|p2a: Farigiraf|Colbur Berry|[weaken]\n|-damage|p2a: Farigiraf|25/100\n|-start|p2a: Farigiraf|Throat Chop|[silent]\n|\n|upkeep\n|turn|2\n|\n|t:|1776330856\n|move|p2b: Samurott|Aqua Cutter|p1a: Incineroar\n|-supereffective|p1a: Incineroar|1\n|-damage|p1a: Incineroar|0 fnt\n|faint|p1a: Incineroar\n|move|p2a: Farigiraf|Expanding Force|p1b: Farigiraf\n|-resisted|p1b: Farigiraf|1\n|-damage|p1b: Farigiraf|0 fnt\n|faint|p1b: Farigiraf\n|\n|-end|p2a: Farigiraf|Throat Chop|[silent]\n|upkeep\n|\n|t:|1776330863\n|switch|p1a: Torkoal|Torkoal, L50, M|100/100\n|switch|p1b: Venusaur|Venusaur, L50, M, shiny|100/100\n|-damage|p1b: Venusaur|88/100|[from] Spikes\n|-damage|p1a: Torkoal|88/100|[from] Spikes\n|-weather|SunnyDay|[from] ability: Drought|[of] p1a: Torkoal\n|turn|3\n|\n|t:|1776330887\n|move|p1b: Venusaur|Leaf Storm|p2b: Samurott\n|-supereffective|p2b: Samurott|1\n|-damage|p2b: Samurott|0 fnt\n|-unboost|p1b: Venusaur|spa|2\n|faint|p2b: Samurott\n|move|p2a: Farigiraf|Psychic Terrain|p2a: Farigiraf\n|-fieldstart|move: Psychic Terrain\n|move|p1a: Torkoal|Weather Ball|p2a: Farigiraf\n|-damage|p2a: Farigiraf|0 fnt\n|faint|p2a: Farigiraf\n|\n|-weather|SunnyDay|[upkeep]\n|upkeep\n|\n|t:|1776330900\n|switch|p2b: Delphox|Delphox, L50, M|100/100\n|switch|p2a: Decidueye|Decidueye-Hisui, L50, F|100/100\n|turn|4\n|\n|t:|1776330934\n|detailschange|p2b: Delphox|Delphox-Mega, L50, M\n|-mega|p2b: Delphox|Delphox|Delphoxite\n|move|p1b: Venusaur|Sleep Powder|p2b: Delphox\n|-status|p2b: Delphox|slp|[from] move: Sleep Powder\n|cant|p2b: Delphox|slp\n|move|p2a: Decidueye|Close Combat|p1a: Torkoal\n|-damage|p1a: Torkoal|45/100\n|-unboost|p2a: Decidueye|def|1\n|-unboost|p2a: Decidueye|spd|1\n|move|p1a: Torkoal|Heat Wave|p2b: Delphox|[spread] p2a,p2b\n|-supereffective|p2a: Decidueye|1\n|-resisted|p2b: Delphox|1\n|-damage|p2a: Decidueye|0 fnt\n|-damage|p2b: Delphox|72/100 slp\n|faint|p2a: Decidueye\n|\n|-weather|SunnyDay|[upkeep]\n|upkeep\n|turn|5\n|\n|t:|1776330954\n|move|p1b: Venusaur|Sludge Bomb|p2b: Delphox\n|-damage|p2b: Delphox|52/100 slp\n|cant|p2b: Delphox|slp\n|move|p1a: Torkoal|Weather Ball|p2b: Delphox\n|-resisted|p2b: Delphox|1\n|-damage|p2b: Delphox|16/100 slp\n|\n|-weather|SunnyDay|[upkeep]\n|upkeep\n|turn|6\n|\n|t:|1776330967\n|-curestatus|p2b: Delphox|slp|[msg]\n|move|p2b: Delphox|Protect|p2b: Delphox\n|-singleturn|p2b: Delphox|Protect\n|move|p1b: Venusaur|Sludge Bomb|p2b: Delphox\n|-activate|p2b: Delphox|move: Protect\n|move|p1a: Torkoal|Weather Ball|p2b: Delphox\n|-activate|p2b: Delphox|move: Protect\n|\n|-weather|SunnyDay|[upkeep]\n|upkeep\n|turn|7\n|\n|t:|1776330989\n|move|p1b: Venusaur|Sleep Powder|p2b: Delphox\n|-status|p2b: Delphox|slp|[from] move: Sleep Powder\n|cant|p2b: Delphox|slp\n|move|p1a: Torkoal|Weather Ball|p2b: Delphox\n|-resisted|p2b: Delphox|1\n|-damage|p2b: Delphox|0 fnt\n|faint|p2b: Delphox\n|\n|win|manolorampa\n|raw|manolorampa's rating: 1096 &rarr; <strong>1126</strong><br />(+30 for winning)\n|raw|loklastaji's rating: 1158 &rarr; <strong>1129</strong><br />(-29 for losing)\n|c|\u2606manolorampa|GG\n",
  "uploadtime": 1776330999,
  "views": 25,
  "formatid": "gen9championsvgc2026regma",
  "rating": 1126,
  "private": 0,
  "password": null
}