{
  "id": "gen9championsvgc2026regma-2583986436",
  "format": "[Gen 9 Champions] VGC 2026 Reg M-A",
  "players": [
    "jiren2026",
    "jomf"
  ],
  "log": "|j|\u2606jiren2026\n|j|\u2606jomf\n|t:|1776214345\n|gametype|doubles\n|player|p1|jiren2026|266|1135\n|player|p2|jomf|musician|1101\n|gen|9\n|tier|[Gen 9 Champions] VGC 2026 Reg M-A\n|rated|\n|rule|Species Clause: Limit one of each Pok\u00e9mon\n|rule|Item Clause: Limit 1 of each item\n|clearpoke\n|poke|p1|Gengar, L50, M|\n|poke|p1|Whimsicott, L50, F|\n|poke|p1|Incineroar, L50, F|\n|poke|p1|Kommo-o, L50, F|\n|poke|p1|Clefable, L50, F|\n|poke|p1|Gyarados, L50, F|\n|poke|p2|Charizard, L50, M|\n|poke|p2|Venusaur, L50, M|\n|poke|p2|Maushold, L50|\n|poke|p2|Aerodactyl, L50, M|\n|poke|p2|Starmie, L50|\n|poke|p2|Basculegion, L50, M|\n|teampreview|4\n|inactive|Battle timer is ON: inactive players will automatically lose when time's up. (requested by jomf)\n|inactive|jomf has 60 seconds left.\n|\n|t:|1776214380\n|teamsize|p1|4\n|teamsize|p2|4\n|start\n|switch|p1a: Incineroar|Incineroar, L50, F|100/100\n|switch|p1b: Kommo-o|Kommo-o, L50, F|100/100\n|switch|p2a: Charizard|Charizard, L50, M|100/100\n|switch|p2b: Aerodactyl|Aerodactyl, L50, M|100/100\n|-ability|p2b: Aerodactyl|Unnerve\n|-ability|p1a: Incineroar|Intimidate|boost\n|-unboost|p2a: Charizard|atk|1\n|-unboost|p2b: Aerodactyl|atk|1\n|turn|1\n|\n|t:|1776214397\n|detailschange|p2a: Charizard|Charizard-Mega-Y, L50, M\n|-mega|p2a: Charizard|Charizard|Charizardite Y\n|-weather|SunnyDay|[from] ability: Drought|[of] p2a: Charizard\n|move|p2a: Charizard|Protect|p2a: Charizard\n|-singleturn|p2a: Charizard|Protect\n|move|p1a: Incineroar|Fake Out|p2b: Aerodactyl\n|-resisted|p2b: Aerodactyl|1\n|-damage|p2b: Aerodactyl|91/100\n|cant|p2b: Aerodactyl|flinch\n|move|p1b: Kommo-o|Clangorous Soul|p1b: Kommo-o\n|-boost|p1b: Kommo-o|atk|1\n|-boost|p1b: Kommo-o|def|1\n|-boost|p1b: Kommo-o|spa|1\n|-boost|p1b: Kommo-o|spd|1\n|-boost|p1b: Kommo-o|spe|1\n|-damage|p1b: Kommo-o|68/100\n|\n|-weather|SunnyDay|[upkeep]\n|upkeep\n|turn|2\n|\n|t:|1776214421\n|move|p1b: Kommo-o|Clanging Scales|p2a: Charizard|[spread] p2a,p2b\n|-damage|p2a: Charizard|28/100\n|-damage|p2b: Aerodactyl|3/100\n|-unboost|p1b: Kommo-o|def|1\n|move|p2b: Aerodactyl|Rock Slide|p1a: Incineroar|[spread] p1a,p1b\n|-supereffective|p1a: Incineroar|1\n|-resisted|p1b: Kommo-o|1\n|-damage|p1a: Incineroar|68/100\n|-damage|p1b: Kommo-o|60/100\n|move|p2a: Charizard|Heat Wave|p1b: Kommo-o|[spread] p1a,p1b\n|-resisted|p1a: Incineroar|1\n|-resisted|p1b: Kommo-o|1\n|-damage|p1a: Incineroar|44/100\n|-damage|p1b: Kommo-o|35/100\n|move|p1a: Incineroar|Flare Blitz|p2b: Aerodactyl\n|-resisted|p2b: Aerodactyl|1\n|-damage|p2b: Aerodactyl|0 fnt\n|faint|p2b: Aerodactyl\n|-damage|p1a: Incineroar|44/100|[from] Recoil\n|\n|-weather|SunnyDay|[upkeep]\n|-heal|p1a: Incineroar|50/100|[from] item: Leftovers\n|upkeep\n|\n|t:|1776214432\n|switch|p2b: Venusaur|Venusaur, L50, M|100/100\n|turn|3\n|\n|t:|1776214456\n|move|p1b: Kommo-o|Protect|p1b: Kommo-o\n|-singleturn|p1b: Kommo-o|Protect\n|move|p2a: Charizard|Protect|p2a: Charizard\n|-singleturn|p2a: Charizard|Protect\n|move|p2b: Venusaur|Sludge Wave|p1b: Kommo-o|[spread] p1a\n|-activate|p2a: Charizard|move: Protect\n|-activate|p1b: Kommo-o|move: Protect\n|-damage|p1a: Incineroar|25/100\n|move|p1a: Incineroar|Flare Blitz|p2b: Venusaur\n|-supereffective|p2b: Venusaur|1\n|-enditem|p2b: Venusaur|Occa Berry|[eat]\n|-enditem|p2b: Venusaur|Occa Berry|[weaken]\n|-damage|p2b: Venusaur|15/100\n|-damage|p1a: Incineroar|0 fnt|[from] Recoil\n|faint|p1a: Incineroar\n|\n|-weather|SunnyDay|[upkeep]\n|upkeep\n|\n|t:|1776214470\n|switch|p1a: Whimsicott|Whimsicott, L50, F|100/100\n|turn|4\n|\n|t:|1776214476\n|move|p1a: Whimsicott|Tailwind|p1a: Whimsicott\n|-sidestart|p1: jiren2026|move: Tailwind\n|move|p1b: Kommo-o|Clanging Scales|p2a: Charizard|[spread] p2a,p2b\n|-damage|p2a: Charizard|0 fnt\n|-damage|p2b: Venusaur|0 fnt\n|faint|p2a: Charizard\n|faint|p2b: Venusaur\n|-unboost|p1b: Kommo-o|def|1\n|\n|-weather|SunnyDay|[upkeep]\n|upkeep\n|\n|t:|1776214483\n|switch|p2b: Basculegion|Basculegion, L50, M|100/100\n|turn|5\n|\n|t:|1776214491\n|move|p1b: Kommo-o|Clanging Scales|p2b: Basculegion\n|-damage|p2b: Basculegion|0 fnt\n|faint|p2b: Basculegion\n|\n|win|jiren2026\n|raw|jiren2026's rating: 1135 &rarr; <strong>1158</strong><br />(+23 for winning)\n|raw|jomf's rating: 1101 &rarr; <strong>1078</strong><br />(-23 for losing)\n|l|\u2606jomf\n|player|p2|\n",
  "uploadtime": 1776214504,
  "views": 15,
  "formatid": "gen9championsvgc2026regma",
  "rating": 1078,
  "private": 0,
  "password": null
}