{
  "id": "gen9championsvgc2026regma-2581115064",
  "format": "[Gen 9 Champions] VGC 2026 Reg M-A",
  "players": [
    "Crookedseahawk",
    "AkiraVN"
  ],
  "log": "|j|\u2606Crookedseahawk\n|j|\u2606AkiraVN\n|t:|1775961291\n|gametype|doubles\n|player|p1|Crookedseahawk|170|1045\n|player|p2|AkiraVN|marnie-masters3|1137\n|gen|9\n|tier|[Gen 9 Champions] VGC 2026 Reg M-A\n|rated|\n|rule|Species Clause: Limit one of each Pok\u00e9mon\n|rule|Item Clause: Limit 1 of each item\n|clearpoke\n|poke|p1|Talonflame, L50, F|\n|poke|p1|Kangaskhan, L50, F|\n|poke|p1|Sneasler, L50, M|\n|poke|p1|Incineroar, L50, M|\n|poke|p1|Mimikyu, L50, F|\n|poke|p1|Alakazam, L50, M|\n|poke|p2|Floette-Eternal, L50, F|\n|poke|p2|Maushold-Four, L50|\n|poke|p2|Garchomp, L50, F|\n|poke|p2|Talonflame, L50, F|\n|poke|p2|Sneasler, L50, F|\n|poke|p2|Incineroar, L50, M|\n|teampreview|4\n|inactive|Battle timer is ON: inactive players will automatically lose when time's up. (requested by Crookedseahawk)\n|\n|t:|1775961321\n|teamsize|p1|4\n|teamsize|p2|4\n|start\n|switch|p1a: Kangaskhan|Kangaskhan, L50, F, shiny|100/100\n|switch|p1b: Incineroar|Incineroar, L50, M, shiny|100/100\n|switch|p2a: Floette|Floette-Eternal, L50, F|100/100\n|switch|p2b: Maushold|Maushold-Four, L50, shiny|100/100\n|-ability|p1b: Incineroar|Intimidate|boost\n|-unboost|p2a: Floette|atk|1\n|-unboost|p2b: Maushold|atk|1\n|turn|1\n|\n|t:|1775961339\n|detailschange|p2a: Floette|Floette-Mega, L50, F\n|-mega|p2a: Floette|Floette|Floettite\n|-ability|p2a: Floette|Fairy Aura\n|move|p2b: Maushold|Protect|p2b: Maushold\n|-singleturn|p2b: Maushold|Protect\n|move|p1b: Incineroar|Fake Out|p2a: Floette\n|-damage|p2a: Floette|90/100\n|cant|p2a: Floette|flinch\n|move|p1a: Kangaskhan|Drain Punch|p2b: Maushold\n|-activate|p2b: Maushold|move: Protect\n|\n|upkeep\n|turn|2\n|\n|t:|1775961361\n|switch|p2b: Incineroar|Incineroar, L50, M, shiny|100/100\n|-ability|p2b: Incineroar|Intimidate|boost\n|-fail|p1a: Kangaskhan|unboost|Attack|[from] ability: Scrappy|[of] p1a: Kangaskhan\n|-unboost|p1b: Incineroar|atk|1\n|move|p2a: Floette|Calm Mind|p2a: Floette\n|-boost|p2a: Floette|spa|1\n|-boost|p2a: Floette|spd|1\n|move|p1a: Kangaskhan|Drain Punch|p2b: Incineroar\n|-supereffective|p2b: Incineroar|1\n|-damage|p2b: Incineroar|73/100\n|move|p1b: Incineroar|Parting Shot|p2a: Floette\n|-unboost|p2a: Floette|atk|1\n|-unboost|p2a: Floette|spa|1\n|\n|t:|1775961376\n|switch|p1b: Sneasler|Sneasler, L50, M|100/100|[from] Parting Shot\n|\n|upkeep\n|turn|3\n|\n|t:|1775961390\n|detailschange|p1a: Kangaskhan|Kangaskhan-Mega, L50, F, shiny\n|-mega|p1a: Kangaskhan|Kangaskhan|Kangaskhanite\n|move|p2a: Floette|Protect|p2a: Floette\n|-singleturn|p2a: Floette|Protect\n|move|p1b: Sneasler|Fake Out|p2a: Floette\n|-activate|p2a: Floette|move: Protect\n|move|p1a: Kangaskhan|Drain Punch|p2b: Incineroar\n|-supereffective|p2b: Incineroar|1\n|-damage|p2b: Incineroar|36/100\n|-enditem|p2b: Incineroar|Sitrus Berry|[eat]\n|-heal|p2b: Incineroar|61/100|[from] item: Sitrus Berry\n|-supereffective|p2b: Incineroar|1\n|-damage|p2b: Incineroar|53/100\n|-hitcount|p2b: Incineroar|2\n|move|p2b: Incineroar|Parting Shot|p1a: Kangaskhan\n|-unboost|p1a: Kangaskhan|atk|1\n|-unboost|p1a: Kangaskhan|spa|1\n|\n|t:|1775961408\n|switch|p2b: Garchomp|Garchomp, L50, F, shiny|100/100|[from] Parting Shot\n|\n|upkeep\n|turn|4\n|\n|t:|1775961423\n|switch|p2a: Incineroar|Incineroar, L50, M, shiny|53/100\n|-ability|p2a: Incineroar|Intimidate|boost\n|-unboost|p1a: Kangaskhan|atk|1\n|-unboost|p1b: Sneasler|atk|1\n|move|p2b: Garchomp|Stomping Tantrum|p1b: Sneasler\n|-supereffective|p1b: Sneasler|1\n|-enditem|p1b: Sneasler|Focus Sash\n|-damage|p1b: Sneasler|1/100\n|move|p1b: Sneasler|Dire Claw|p2a: Incineroar\n|-damage|p2a: Incineroar|28/100\n|-status|p2a: Incineroar|par\n|move|p1a: Kangaskhan|Ice Punch|p2b: Garchomp\n|-supereffective|p2b: Garchomp|2\n|-damage|p2b: Garchomp|57/100\n|-status|p2b: Garchomp|frz\n|-damage|p1a: Kangaskhan|88/100|[from] ability: Rough Skin|[of] p2b: Garchomp\n|-supereffective|p2b: Garchomp|2\n|-damage|p2b: Garchomp|49/100 frz\n|-damage|p1a: Kangaskhan|76/100|[from] ability: Rough Skin|[of] p2b: Garchomp\n|-hitcount|p2b: Garchomp|2\n|\n|upkeep\n|turn|5\n|inactive|Crookedseahawk has 30 seconds left.\n|\n|t:|1775961456\n|switch|p1b: Incineroar|Incineroar, L50, M, shiny|100/100\n|-ability|p1b: Incineroar|Intimidate|boost\n|-unboost|p2a: Incineroar|atk|1\n|-unboost|p2b: Garchomp|atk|1\n|switch|p2b: Maushold|Maushold-Four, L50, shiny|100/100\n|cant|p2a: Incineroar|par\n|move|p1a: Kangaskhan|Ice Punch|p2b: Maushold\n|-damage|p2b: Maushold|89/100\n|-damage|p2b: Maushold|87/100\n|-hitcount|p2b: Maushold|2\n|\n|upkeep\n|turn|6\n|\n|t:|1775961476\n|switch|p1a: Alakazam|Alakazam, L50, M|100/100\n|move|p1b: Incineroar|Fake Out|p2b: Maushold\n|-damage|p2b: Maushold|76/100\n|cant|p2b: Maushold|flinch\n|move|p2a: Incineroar|Parting Shot|p1a: Alakazam\n|-unboost|p1a: Alakazam|atk|1\n|-unboost|p1a: Alakazam|spa|1\n|\n|t:|1775961487\n|switch|p2a: Floette|Floette-Mega, L50, F|90/100|[from] Parting Shot\n|-ability|p2a: Floette|Fairy Aura\n|\n|upkeep\n|turn|7\n|\n|t:|1775961505\n|move|p2b: Maushold|Follow Me|p2b: Maushold\n|-singleturn|p2b: Maushold|move: Follow Me\n|move|p1a: Alakazam|Psychic|p2b: Maushold\n|-damage|p2b: Maushold|39/100\n|move|p2a: Floette|Dazzling Gleam|p1a: Alakazam|[spread] p1a,p1b\n|-damage|p1a: Alakazam|30/100\n|-damage|p1b: Incineroar|47/100\n|move|p1b: Incineroar|Parting Shot|p2b: Maushold\n|-unboost|p2b: Maushold|atk|1\n|-unboost|p2b: Maushold|spa|1\n|\n|t:|1775961521\n|switch|p1b: Kangaskhan|Kangaskhan-Mega, L50, F, shiny|76/100|[from] Parting Shot\n|\n|upkeep\n|turn|8\n|inactive|AkiraVN has 30 seconds left.\n|inactive|AkiraVN has 20 seconds left.\n|inactive|AkiraVN has 15 seconds left.\n|inactive|AkiraVN has 10 seconds left.\n|inactive|AkiraVN has 5 seconds left.\n|\n|t:|1775961576\n|move|p2b: Maushold|Helping Hand|p2a: Floette\n|-singleturn|p2a: Floette|Helping Hand|[of] p2b: Maushold\n|move|p1a: Alakazam|Dazzling Gleam|p2a: Floette|[spread] p2a,p2b\n|-damage|p2a: Floette|79/100\n|-damage|p2b: Maushold|19/100\n|move|p2a: Floette|Dazzling Gleam|p1b: Kangaskhan|[spread] p1a,p1b\n|-damage|p1a: Alakazam|0 fnt\n|-damage|p1b: Kangaskhan|21/100\n|faint|p1a: Alakazam\n|move|p1b: Kangaskhan|Drain Punch|p2b: Maushold\n|-supereffective|p2b: Maushold|1\n|-enditem|p2b: Maushold|Chople Berry|[eat]\n|-enditem|p2b: Maushold|Chople Berry|[weaken]\n|-damage|p2b: Maushold|0 fnt\n|-heal|p1b: Kangaskhan|29/100|[from] drain|[of] p2b: Maushold\n|faint|p2b: Maushold\n|-hitcount|p2: Maushold|1\n|\n|upkeep\n|\n|t:|1775961593\n|switch|p1a: Incineroar|Incineroar, L50, M, shiny|47/100\n|switch|p2b: Incineroar|Incineroar, L50, M, shiny|28/100 par\n|-ability|p1a: Incineroar|Intimidate|boost\n|-unboost|p2a: Floette|atk|1\n|-unboost|p2b: Incineroar|atk|1\n|-ability|p2b: Incineroar|Intimidate|boost\n|-unboost|p1a: Incineroar|atk|1\n|-unboost|p1b: Kangaskhan|atk|1\n|turn|9\n|inactive|AkiraVN has 30 seconds left.\n|inactive|AkiraVN has 20 seconds left.\n|inactive|AkiraVN has 15 seconds left.\n|inactive|AkiraVN has 10 seconds left.\n|\n|t:|1775961641\n|move|p1a: Incineroar|Fake Out|p2a: Floette\n|-damage|p2a: Floette|70/100\n|move|p2b: Incineroar|Fake Out|p1b: Kangaskhan\n|-damage|p1b: Kangaskhan|22/100\n|cant|p2a: Floette|flinch\n|cant|p1b: Kangaskhan|flinch\n|\n|upkeep\n|turn|10\n|\n|t:|1775961657\n|switch|p2b: Garchomp|Garchomp, L50, F, shiny|49/100 frz\n|move|p2a: Floette|Dazzling Gleam|p1b: Kangaskhan|[spread] p1a,p1b\n|-damage|p1a: Incineroar|0 fnt\n|-damage|p1b: Kangaskhan|0 fnt\n|faint|p1a: Incineroar\n|faint|p1b: Kangaskhan\n|\n|upkeep\n|\n|t:|1775961663\n|switch|p1b: Sneasler|Sneasler, L50, M|1/100\n|turn|11\n|c|\u2606Crookedseahawk|gg\n|inactive|AkiraVN has 30 seconds left.\n|\n|t:|1775961690\n|cant|p2b: Garchomp|frz\n|move|p1b: Sneasler|Dire Claw|p2a: Floette\n|-supereffective|p2a: Floette|1\n|-damage|p2a: Floette|0 fnt\n|faint|p2a: Floette\n|\n|upkeep\n|\n|t:|1775961692\n|switch|p2a: Incineroar|Incineroar, L50, M, shiny|28/100 par\n|-ability|p2a: Incineroar|Intimidate|boost\n|-unboost|p1b: Sneasler|atk|1\n|turn|12\n|\n|t:|1775961705\n|move|p2a: Incineroar|Fake Out|p1b: Sneasler\n|-damage|p1b: Sneasler|0 fnt\n|faint|p1b: Sneasler\n|\n|win|AkiraVN\n|raw|Crookedseahawk's rating: 1045 &rarr; <strong>1033</strong><br />(-12 for losing)\n|raw|AkiraVN's rating: 1137 &rarr; <strong>1156</strong><br />(+19 for winning)\n|l|\u2606Crookedseahawk\n|player|p1|\n",
  "uploadtime": 1775961914,
  "views": 18,
  "formatid": "gen9championsvgc2026regma",
  "rating": 1033,
  "private": 0,
  "password": null
}