{
  "id": "gen9championsvgc2026regma-2584930640",
  "format": "[Gen 9 Champions] VGC 2026 Reg M-A",
  "players": [
    "kcgturtle",
    "Xalvadore"
  ],
  "log": "|j|\u2606kcgturtle\n|j|\u2606Xalvadore\n|t:|1776295572\n|gametype|doubles\n|player|p1|kcgturtle|scientist-gen4|1070\n|player|p2|Xalvadore|102|1117\n|gen|9\n|tier|[Gen 9 Champions] VGC 2026 Reg M-A\n|rated|\n|rule|Species Clause: Limit one of each Pok\u00e9mon\n|rule|Item Clause: Limit 1 of each item\n|clearpoke\n|poke|p1|Ampharos, L50, F|\n|poke|p1|Dragonite, L50, M|\n|poke|p1|Farigiraf, L50, M|\n|poke|p1|Incineroar, L50, F|\n|poke|p1|Basculegion, L50, M|\n|poke|p1|Pelipper, L50, F|\n|poke|p2|Meganium, L50, F|\n|poke|p2|Incineroar, L50, F|\n|poke|p2|Krookodile, L50, F|\n|poke|p2|Blastoise, L50, F|\n|poke|p2|Hydreigon, L50, F|\n|poke|p2|Scizor, L50, M|\n|teampreview|4\n|\n|t:|1776295642\n|teamsize|p1|4\n|teamsize|p2|4\n|start\n|switch|p1a: Farigiraf|Farigiraf, L50, M|100/100\n|switch|p1b: Ampharos|Ampharos, L50, F, shiny|100/100\n|switch|p2a: Krookodile|Krookodile, L50, F|100/100\n|switch|p2b: Hydreigon|Hydreigon, L50, F|100/100\n|-ability|p2a: Krookodile|Intimidate|boost\n|-unboost|p1a: Farigiraf|atk|1\n|-unboost|p1b: Ampharos|atk|1\n|turn|1\n|\n|t:|1776295664\n|detailschange|p1b: Ampharos|Ampharos-Mega, L50, F, shiny\n|-mega|p1b: Ampharos|Ampharos|Ampharosite\n|-ability|p1b: Ampharos|Mold Breaker\n|move|p1a: Farigiraf|Protect|p1a: Farigiraf\n|-singleturn|p1a: Farigiraf|Protect\n|move|p2a: Krookodile|Earthquake|p1a: Farigiraf|[spread] p1b\n|-activate|p1a: Farigiraf|move: Protect\n|-immune|p2b: Hydreigon|[from] ability: Levitate\n|-supereffective|p1b: Ampharos|1\n|-damage|p1b: Ampharos|39/100\n|move|p2b: Hydreigon|Taunt|p1a: Farigiraf\n|-activate|p1a: Farigiraf|move: Protect\n|move|p1b: Ampharos|Dazzling Gleam|p2b: Hydreigon|[spread] p2a,p2b\n|-supereffective|p2a: Krookodile|1\n|-supereffective|p2b: Hydreigon|2\n|-damage|p2a: Krookodile|31/100\n|-damage|p2b: Hydreigon|0 fnt\n|faint|p2b: Hydreigon\n|\n|upkeep\n|\n|t:|1776295682\n|switch|p2b: Meganium|Meganium, L50, F|100/100\n|turn|2\n|\n|t:|1776295697\n|detailschange|p2b: Meganium|Meganium-Mega, L50, F\n|-mega|p2b: Meganium|Meganium|Meganiumite\n|move|p1b: Ampharos|Protect|p1b: Ampharos\n|-singleturn|p1b: Ampharos|Protect\n|move|p2a: Krookodile|Earthquake|p1a: Farigiraf|[spread] p2b,p1a\n|-activate|p1b: Ampharos|move: Protect\n|-resisted|p2b: Meganium|1\n|-damage|p2b: Meganium|86/100\n|-damage|p1a: Farigiraf|71/100\n|move|p2b: Meganium|Dazzling Gleam|p1a: Farigiraf|[spread] p1a\n|-activate|p1b: Ampharos|move: Protect\n|-damage|p1a: Farigiraf|38/100\n|move|p1a: Farigiraf|Trick Room|p1a: Farigiraf\n|-fieldstart|move: Trick Room|[of] p1a: Farigiraf\n|\n|upkeep\n|turn|3\n|\n|t:|1776295715\n|move|p1b: Ampharos|Dazzling Gleam|p2b: Meganium|[spread] p2a,p2b\n|-supereffective|p2a: Krookodile|1\n|-damage|p2a: Krookodile|0 fnt\n|-damage|p2b: Meganium|64/100\n|faint|p2a: Krookodile\n|move|p1a: Farigiraf|Twin Beam|p2b: Meganium\n|-damage|p2b: Meganium|50/100\n|-damage|p2b: Meganium|35/100\n|-hitcount|p2b: Meganium|2\n|move|p2b: Meganium|Dazzling Gleam|p1b: Ampharos|[spread] p1a,p1b\n|-supereffective|p1b: Ampharos|1\n|-damage|p1a: Farigiraf|4/100\n|-damage|p1b: Ampharos|0 fnt\n|faint|p1b: Ampharos\n|\n|upkeep\n|\n|t:|1776295729\n|switch|p1b: Incineroar|Incineroar, L50, F|100/100\n|switch|p2a: Incineroar|Incineroar, L50, F|100/100\n|-ability|p1b: Incineroar|Intimidate|boost\n|-unboost|p2a: Incineroar|atk|1\n|-unboost|p2b: Meganium|atk|1\n|turn|4\n|\n|t:|1776295759\n|move|p1b: Incineroar|Fake Out|p2a: Incineroar\n|-damage|p2a: Incineroar|90/100\n|cant|p2a: Incineroar|flinch\n|move|p1a: Farigiraf|Imprison|p1a: Farigiraf\n|-start|p1a: Farigiraf|move: Imprison\n|move|p2b: Meganium|Dazzling Gleam|p1b: Incineroar|[spread] p1a,p1b\n|-damage|p1a: Farigiraf|0 fnt\n|-damage|p1b: Incineroar|77/100\n|faint|p1a: Farigiraf\n|\n|upkeep\n|\n|t:|1776295768\n|switch|p1a: Pelipper|Pelipper, L50, F, shiny|100/100\n|-weather|RainDance|[from] ability: Drizzle|[of] p1a: Pelipper\n|turn|5\n|\n|t:|1776295787\n|move|p2a: Incineroar|Helping Hand|p2b: Meganium\n|-singleturn|p2b: Meganium|Helping Hand|[of] p2a: Incineroar\n|move|p1b: Incineroar|Parting Shot|p2b: Meganium\n|-unboost|p2b: Meganium|atk|1\n|-unboost|p2b: Meganium|spa|1\n|move|p2b: Meganium|Solar Beam||[still]\n|-prepare|p2b: Meganium|Solar Beam\n|-activate|p2b: Meganium|ability: Mega Sol\n|-anim|p2b: Meganium|Solar Beam|p1a: Pelipper\n|-enditem|p1a: Pelipper|Focus Sash\n|-damage|p1a: Pelipper|1/100\n|move|p1a: Pelipper|Weather Ball|p2a: Incineroar\n|-supereffective|p2a: Incineroar|1\n|-damage|p2a: Incineroar|0 fnt\n|faint|p2a: Incineroar\n|\n|-weather|RainDance|[upkeep]\n|upkeep\n|turn|6\n|\n|t:|1776295813\n|move|p1b: Incineroar|Will-O-Wisp|p2b: Meganium\n|-status|p2b: Meganium|brn\n|move|p2b: Meganium|Dazzling Gleam|p1b: Incineroar|[spread] p1a,p1b\n|-damage|p1a: Pelipper|0 fnt\n|-damage|p1b: Incineroar|61/100\n|faint|p1a: Pelipper\n|\n|-weather|RainDance|[upkeep]\n|-damage|p2b: Meganium|29/100 brn|[from] brn\n|-fieldend|move: Trick Room\n|upkeep\n|turn|7\n|\n|t:|1776295829\n|move|p2b: Meganium|Synthesis|p2b: Meganium\n|-heal|p2b: Meganium|96/100 brn\n|move|p1b: Incineroar|Parting Shot|p2b: Meganium\n|-unboost|p2b: Meganium|atk|1\n|-unboost|p2b: Meganium|spa|1\n|\n|-weather|RainDance|[upkeep]\n|-damage|p2b: Meganium|90/100 brn|[from] brn\n|upkeep\n|turn|8\n|\n|t:|1776295844\n|move|p2b: Meganium|Solar Beam||[still]\n|-prepare|p2b: Meganium|Solar Beam\n|-activate|p2b: Meganium|ability: Mega Sol\n|-anim|p2b: Meganium|Solar Beam|p1b: Incineroar\n|-resisted|p1b: Incineroar|1\n|-damage|p1b: Incineroar|50/100\n|-enditem|p1b: Incineroar|Sitrus Berry|[eat]\n|-heal|p1b: Incineroar|74/100|[from] item: Sitrus Berry\n|move|p1b: Incineroar|Parting Shot|p2b: Meganium\n|-unboost|p2b: Meganium|atk|1\n|-unboost|p2b: Meganium|spa|1\n|\n|-weather|RainDance|[upkeep]\n|-damage|p2b: Meganium|84/100 brn|[from] brn\n|upkeep\n|turn|9\n|\n|t:|1776295862\n|move|p2b: Meganium|Dazzling Gleam|p1b: Incineroar\n|-damage|p1b: Incineroar|62/100\n|move|p1b: Incineroar|Parting Shot|p2b: Meganium\n|-unboost|p2b: Meganium|atk|1\n|-unboost|p2b: Meganium|spa|1\n|\n|-weather|none\n|-damage|p2b: Meganium|78/100 brn|[from] brn\n|upkeep\n|turn|10\n|\n|t:|1776295868\n|move|p2b: Meganium|Dazzling Gleam|p1b: Incineroar\n|-damage|p1b: Incineroar|51/100\n|move|p1b: Incineroar|Throat Chop|p2b: Meganium\n|-resisted|p2b: Meganium|1\n|-damage|p2b: Meganium|65/100 brn\n|-start|p2b: Meganium|Throat Chop|[silent]\n|\n|-damage|p2b: Meganium|59/100 brn|[from] brn\n|upkeep\n|turn|11\n|\n|t:|1776295876\n|move|p2b: Meganium|Dazzling Gleam|p1b: Incineroar\n|-damage|p1b: Incineroar|40/100\n|move|p1b: Incineroar|Throat Chop|p2b: Meganium\n|-resisted|p2b: Meganium|1\n|-damage|p2b: Meganium|46/100 brn\n|\n|-damage|p2b: Meganium|40/100 brn|[from] brn\n|-end|p2b: Meganium|Throat Chop|[silent]\n|upkeep\n|turn|12\n|\n|t:|1776295878\n|move|p2b: Meganium|Synthesis|p2b: Meganium\n|-heal|p2b: Meganium|100/100 brn\n|move|p1b: Incineroar|Throat Chop|p2b: Meganium\n|-resisted|p2b: Meganium|1\n|-damage|p2b: Meganium|89/100 brn\n|-start|p2b: Meganium|Throat Chop|[silent]\n|\n|-damage|p2b: Meganium|83/100 brn|[from] brn\n|upkeep\n|turn|13\n|\n|t:|1776295882\n|move|p2b: Meganium|Dazzling Gleam|p1b: Incineroar\n|-damage|p1b: Incineroar|29/100\n|move|p1b: Incineroar|Throat Chop|p2b: Meganium\n|-resisted|p2b: Meganium|1\n|-damage|p2b: Meganium|70/100 brn\n|\n|-damage|p2b: Meganium|64/100 brn|[from] brn\n|-end|p2b: Meganium|Throat Chop|[silent]\n|upkeep\n|turn|14\n|\n|t:|1776295888\n|move|p2b: Meganium|Dazzling Gleam|p1b: Incineroar\n|-damage|p1b: Incineroar|18/100\n|move|p1b: Incineroar|Throat Chop|p2b: Meganium\n|-resisted|p2b: Meganium|1\n|-damage|p2b: Meganium|50/100 brn\n|-start|p2b: Meganium|Throat Chop|[silent]\n|\n|-damage|p2b: Meganium|44/100 brn|[from] brn\n|upkeep\n|turn|15\n|\n|t:|1776295892\n|move|p2b: Meganium|Synthesis|p2b: Meganium\n|-heal|p2b: Meganium|100/100 brn\n|move|p1b: Incineroar|Throat Chop|p2b: Meganium\n|-resisted|p2b: Meganium|1\n|-crit|p2b: Meganium\n|-damage|p2b: Meganium|81/100 brn\n|\n|-damage|p2b: Meganium|75/100 brn|[from] brn\n|-end|p2b: Meganium|Throat Chop|[silent]\n|upkeep\n|turn|16\n|\n|t:|1776295895\n|move|p2b: Meganium|Dazzling Gleam|p1b: Incineroar\n|-damage|p1b: Incineroar|7/100\n|move|p1b: Incineroar|Throat Chop|p2b: Meganium\n|-resisted|p2b: Meganium|1\n|-damage|p2b: Meganium|63/100 brn\n|-start|p2b: Meganium|Throat Chop|[silent]\n|\n|-damage|p2b: Meganium|57/100 brn|[from] brn\n|upkeep\n|turn|17\n|\n|t:|1776295898\n|move|p2b: Meganium|Dazzling Gleam|p1b: Incineroar\n|-damage|p1b: Incineroar|0 fnt\n|faint|p1b: Incineroar\n|\n|win|Xalvadore\n|raw|kcgturtle's rating: 1070 &rarr; <strong>1052</strong><br />(-18 for losing)\n|raw|Xalvadore's rating: 1117 &rarr; <strong>1139</strong><br />(+22 for winning)\n|c|\u2606Xalvadore|gg\n|c|\u2606kcgturtle|Gg\n",
  "uploadtime": 1776295903,
  "views": 32,
  "formatid": "gen9championsvgc2026regma",
  "rating": 1052,
  "private": 0,
  "password": null
}