{
  "id": "gen9championsvgc2026regma-2583199798",
  "format": "[Gen 9 Champions] VGC 2026 Reg M-A",
  "players": [
    "25528989d",
    "oliverfakemawn"
  ],
  "log": "|j|\u260625528989d\n|j|\u2606oliverfakemawn\n|t:|1776153934\n|gametype|doubles\n|player|p1|25528989d|roxie-masters|1120\n|player|p2|oliverfakemawn|169|1225\n|gen|9\n|tier|[Gen 9 Champions] VGC 2026 Reg M-A\n|rated|\n|rule|Species Clause: Limit one of each Pok\u00e9mon\n|rule|Item Clause: Limit 1 of each item\n|clearpoke\n|poke|p1|Charizard, L50, F|\n|poke|p1|Tyranitar, L50, F|\n|poke|p1|Gyarados, L50, F|\n|poke|p1|Garchomp, L50, M|\n|poke|p1|Rotom-Mow, L50|\n|poke|p1|Lucario, L50, F|\n|poke|p2|Starmie, L50|\n|poke|p2|Incineroar, L50, M|\n|poke|p2|Corviknight, L50, M|\n|poke|p2|Sneasler, L50, F|\n|poke|p2|Hydreigon, L50, F|\n|poke|p2|Mamoswine, L50, F|\n|teampreview|4\n|\n|t:|1776153977\n|teamsize|p1|4\n|teamsize|p2|4\n|start\n|switch|p1a: Rotom|Rotom-Mow, L50|100/100\n|switch|p1b: Lucario|Lucario, L50, F|100/100\n|switch|p2a: kuku|Incineroar, L50, M|100/100\n|switch|p2b: therizinosaurus|Sneasler, L50, F|100/100\n|-ability|p2a: kuku|Intimidate|boost\n|-unboost|p1a: Rotom|atk|1\n|-fail|p1b: Lucario|unboost|Attack|[from] ability: Inner Focus|[of] p1b: Lucario\n|turn|1\n|\n|t:|1776154011\n|move|p2b: therizinosaurus|Fake Out|p1b: Lucario\n|-resisted|p1b: Lucario|1\n|-damage|p1b: Lucario|90/100\n|move|p1b: Lucario|Close Combat|p2a: kuku\n|-supereffective|p2a: kuku|1\n|-damage|p2a: kuku|22/100\n|-unboost|p1b: Lucario|def|1\n|-unboost|p1b: Lucario|spd|1\n|-enditem|p2a: kuku|Sitrus Berry|[eat]\n|-heal|p2a: kuku|47/100|[from] item: Sitrus Berry\n|move|p1a: Rotom|Will-O-Wisp|p2b: therizinosaurus\n|-status|p2b: therizinosaurus|brn\n|move|p2a: kuku|Parting Shot|p2b: therizinosaurus\n|-unboost|p2b: therizinosaurus|atk|1\n|-unboost|p2b: therizinosaurus|spa|1\n|\n|t:|1776154025\n|switch|p2a: *french dub*|Starmie, L50, shiny|100/100|[from] Parting Shot\n|-enditem|p2b: therizinosaurus|White Herb\n|-clearnegativeboost|p2b: therizinosaurus|[silent]\n|\n|-damage|p2b: therizinosaurus|95/100 brn|[from] brn\n|upkeep\n|turn|2\n|\n|t:|1776154042\n|detailschange|p2a: *french dub*|Starmie-Mega, L50, shiny\n|-mega|p2a: *french dub*|Starmie|Starminite\n|move|p1b: Lucario|Protect|p1b: Lucario\n|-singleturn|p1b: Lucario|Protect\n|move|p2b: therizinosaurus|Coaching|p2a: *french dub*\n|-boost|p2a: *french dub*|atk|1\n|-boost|p2a: *french dub*|def|1\n|move|p2a: *french dub*|Zen Headbutt|p1a: Rotom\n|-damage|p1a: Rotom|9/100\n|-enditem|p1a: Rotom|Sitrus Berry|[eat]\n|-heal|p1a: Rotom|34/100|[from] item: Sitrus Berry\n|cant|p1a: Rotom|flinch\n|\n|-damage|p2b: therizinosaurus|89/100 brn|[from] brn\n|upkeep\n|turn|3\n|\n|t:|1776154068\n|switch|p1a: Tyranitar|Tyranitar, L50, F|100/100\n|-weather|Sandstorm|[from] ability: Sand Stream|[of] p1a: Tyranitar\n|move|p2b: therizinosaurus|Coaching|p2a: *french dub*\n|-boost|p2a: *french dub*|atk|1\n|-boost|p2a: *french dub*|def|1\n|move|p2a: *french dub*|Liquidation|p1a: Tyranitar\n|-supereffective|p1a: Tyranitar|1\n|-enditem|p1a: Tyranitar|Focus Sash\n|-damage|p1a: Tyranitar|1/100\n|move|p1b: Lucario|Close Combat|p2b: therizinosaurus\n|-resisted|p2b: therizinosaurus|1\n|-damage|p2b: therizinosaurus|45/100 brn\n|-unboost|p1b: Lucario|def|1\n|-unboost|p1b: Lucario|spd|1\n|\n|-weather|Sandstorm|[upkeep]\n|-damage|p2b: therizinosaurus|39/100 brn|[from] Sandstorm\n|-damage|p2a: *french dub*|95/100|[from] Sandstorm\n|-damage|p2b: therizinosaurus|33/100 brn|[from] brn\n|upkeep\n|turn|4\n|\n|t:|1776154102\n|switch|p1b: Charizard|Charizard, L50, F|100/100\n|move|p2b: therizinosaurus|Coaching|p2a: *french dub*\n|-boost|p2a: *french dub*|atk|1\n|-boost|p2a: *french dub*|def|1\n|move|p2a: *french dub*|Liquidation|p1a: Tyranitar\n|-supereffective|p1a: Tyranitar|1\n|-damage|p1a: Tyranitar|0 fnt\n|faint|p1a: Tyranitar\n|\n|-weather|Sandstorm|[upkeep]\n|-damage|p2b: therizinosaurus|27/100 brn|[from] Sandstorm\n|-damage|p2a: *french dub*|89/100|[from] Sandstorm\n|-damage|p1b: Charizard|94/100|[from] Sandstorm\n|-damage|p2b: therizinosaurus|22/100 brn|[from] brn\n|upkeep\n|\n|t:|1776154116\n|switch|p1a: Rotom|Rotom-Mow, L50|34/100\n|turn|5\n|\n|t:|1776154134\n|detailschange|p1b: Charizard|Charizard-Mega-Y, L50, F\n|-mega|p1b: Charizard|Charizard|Charizardite Y\n|-weather|SunnyDay|[from] ability: Drought|[of] p1b: Charizard\n|move|p2a: *french dub*|Protect|p2a: *french dub*\n|-singleturn|p2a: *french dub*|Protect\n|move|p2b: therizinosaurus|Dire Claw|p1a: Rotom\n|-supereffective|p1a: Rotom|1\n|-damage|p1a: Rotom|0 fnt\n|faint|p1a: Rotom\n|move|p1b: Charizard|Air Slash|p2a: *french dub*\n|-activate|p2a: *french dub*|move: Protect\n|\n|-weather|SunnyDay|[upkeep]\n|-damage|p2b: therizinosaurus|16/100 brn|[from] brn\n|upkeep\n|\n|t:|1776154139\n|switch|p1a: Lucario|Lucario, L50, F|90/100\n|turn|6\n|\n|t:|1776154161\n|move|p1a: Lucario|Protect|p1a: Lucario\n|-singleturn|p1a: Lucario|Protect\n|move|p2b: therizinosaurus|Coaching|p2a: *french dub*\n|-boost|p2a: *french dub*|atk|1\n|-boost|p2a: *french dub*|def|1\n|move|p2a: *french dub*|Liquidation|p1b: Charizard\n|-supereffective|p1b: Charizard|1\n|-damage|p1b: Charizard|0 fnt\n|faint|p1b: Charizard\n|\n|-weather|SunnyDay|[upkeep]\n|-damage|p2b: therizinosaurus|10/100 brn|[from] brn\n|upkeep\n|turn|7\n|-message|25528989d forfeited.\n|\n|win|oliverfakemawn\n|raw|25528989d's rating: 1120 &rarr; <strong>1102</strong><br />(-18 for losing)\n|raw|oliverfakemawn's rating: 1225 &rarr; <strong>1243</strong><br />(+18 for winning)\n|l|\u260625528989d\n|player|p1|\n",
  "uploadtime": 1776154170,
  "views": 34,
  "formatid": "gen9championsvgc2026regma",
  "rating": 1102,
  "private": 0,
  "password": null
}