{
  "id": "gen9championsvgc2026regma-2588718863",
  "format": "[Gen 9 Champions] VGC 2026 Reg M-A",
  "players": [
    "nmq0901",
    "deeqyew"
  ],
  "log": "|j|\u2606nmq0901\n|j|\u2606deeqyew\n|t:|1776661609\n|gametype|doubles\n|player|p1|nmq0901|102|1069\n|player|p2|deeqyew|169|1049\n|gen|9\n|tier|[Gen 9 Champions] VGC 2026 Reg M-A\n|rated|\n|rule|Species Clause: Limit one of each Pok\u00e9mon\n|rule|Item Clause: Limit 1 of each item\n|clearpoke\n|poke|p1|Feraligatr, L50, M|\n|poke|p1|Aggron, L50, M|\n|poke|p1|Alakazam, L50, M|\n|poke|p1|Whimsicott, L50, M|\n|poke|p1|Pelipper, L50, M|\n|poke|p1|Tyranitar, L50, M|\n|poke|p2|Tyranitar, L50, M|\n|poke|p2|Meganium, L50, M|\n|poke|p2|Corviknight, L50, M|\n|poke|p2|Farigiraf, L50, M|\n|poke|p2|Glimmora, L50, M|\n|poke|p2|Sableye, L50, M|\n|teampreview|4\n|\n|t:|1776661629\n|teamsize|p1|4\n|teamsize|p2|4\n|start\n|switch|p1a: Aggron|Aggron, L50, M|100/100\n|switch|p1b: Whimsicott|Whimsicott, L50, M|100/100\n|switch|p2a: Tyranitar|Tyranitar, L50, M|100/100\n|switch|p2b: Farigiraf|Farigiraf, L50, M|100/100\n|-weather|Sandstorm|[from] ability: Sand Stream|[of] p2a: Tyranitar\n|turn|1\n|\n|t:|1776661651\n|switch|p2a: Corviknight|Corviknight, L50, M|100/100\n|detailschange|p1a: Aggron|Aggron-Mega, L50, M\n|-mega|p1a: Aggron|Aggron|Aggronite\n|move|p1b: Whimsicott|Light Screen|p1b: Whimsicott\n|-sidestart|p1: nmq0901|move: Light Screen\n|move|p1a: Aggron|Iron Defense|p1a: Aggron\n|-boost|p1a: Aggron|def|2\n|move|p2b: Farigiraf|Trick Room|p2b: Farigiraf\n|-fieldstart|move: Trick Room|[of] p2b: Farigiraf\n|\n|-weather|Sandstorm|[upkeep]\n|-damage|p2b: Farigiraf|94/100|[from] Sandstorm\n|-damage|p1b: Whimsicott|95/100|[from] Sandstorm\n|upkeep\n|turn|2\n|\n|t:|1776661678\n|move|p1b: Whimsicott|Encore||[still]\n|cant|p2b: Farigiraf|ability: Armor Tail|Encore|[of] p1b: Whimsicott\n|move|p1a: Aggron|Iron Defense|p1a: Aggron\n|-boost|p1a: Aggron|def|2\n|move|p2b: Farigiraf|Psychic|p1b: Whimsicott\n|-damage|p1b: Whimsicott|61/100\n|move|p2a: Corviknight|Taunt|p1a: Aggron\n|-start|p1a: Aggron|move: Taunt\n|\n|-weather|Sandstorm|[upkeep]\n|-damage|p2b: Farigiraf|88/100|[from] Sandstorm\n|-damage|p1b: Whimsicott|55/100|[from] Sandstorm\n|upkeep\n|turn|3\n|\n|t:|1776661701\n|move|p1b: Whimsicott|Encore||[still]\n|cant|p2b: Farigiraf|ability: Armor Tail|Encore|[of] p1b: Whimsicott\n|move|p1a: Aggron|Body Press|p2b: Farigiraf\n|-damage|p2b: Farigiraf|0 fnt\n|faint|p2b: Farigiraf\n|move|p2a: Corviknight|Body Press|p1a: Aggron\n|-supereffective|p1a: Aggron|1\n|-damage|p1a: Aggron|94/100\n|\n|-weather|Sandstorm|[upkeep]\n|-damage|p1b: Whimsicott|49/100|[from] Sandstorm\n|upkeep\n|\n|t:|1776661715\n|switch|p2b: Tyranitar|Tyranitar, L50, M|100/100\n|turn|4\n|\n|t:|1776661728\n|move|p1b: Whimsicott|Tailwind|p1b: Whimsicott\n|-sidestart|p1: nmq0901|move: Tailwind\n|move|p2b: Tyranitar|Low Kick|p1a: Aggron\n|-supereffective|p1a: Aggron|1\n|-damage|p1a: Aggron|82/100\n|move|p2a: Corviknight|Brave Bird|p1b: Whimsicott\n|-supereffective|p1b: Whimsicott|1\n|-damage|p1b: Whimsicott|0 fnt\n|faint|p1b: Whimsicott\n|-damage|p2a: Corviknight|85/100|[from] Recoil\n|move|p1a: Aggron|Body Press|p2b: Tyranitar\n|-supereffective|p2b: Tyranitar|2\n|-damage|p2b: Tyranitar|0 fnt\n|faint|p2b: Tyranitar\n|\n|-weather|Sandstorm|[upkeep]\n|-heal|p2a: Corviknight|91/100|[from] item: Leftovers\n|upkeep\n|\n|t:|1776661748\n|switch|p2b: Meganium|Meganium, L50, M|100/100\n|switch|p1b: Alakazam|Alakazam, L50, M|100/100\n|turn|5\n|\n|t:|1776661763\n|detailschange|p2b: Meganium|Meganium-Mega, L50, M\n|-mega|p2b: Meganium|Meganium|Meganiumite\n|move|p2a: Corviknight|Brave Bird|p1b: Alakazam\n|-enditem|p1b: Alakazam|Focus Sash\n|-damage|p1b: Alakazam|1/100\n|-damage|p2a: Corviknight|66/100|[from] Recoil\n|move|p2b: Meganium|Weather Ball|p1a: Aggron\n|-supereffective|p1a: Aggron|1\n|-damage|p1a: Aggron|22/100\n|move|p1a: Aggron|Body Press|p2a: Corviknight\n|-damage|p2a: Corviknight|0 fnt\n|faint|p2a: Corviknight\n|move|p1b: Alakazam|Speed Swap|p1a: Aggron\n|-activate|p1b: Alakazam|move: Speed Swap|[of] p1a: Aggron\n|\n|-weather|none\n|-end|p1a: Aggron|move: Taunt\n|-sideend|p1: nmq0901|move: Light Screen\n|-fieldend|move: Trick Room\n|upkeep\n|turn|6\n|inactive|Battle timer is ON: inactive players will automatically lose when time's up. (requested by deeqyew)\n|\n|t:|1776661791\n|move|p1a: Aggron|Body Press|p2b: Meganium\n|-resisted|p2b: Meganium|1\n|-damage|p2b: Meganium|45/100\n|move|p1b: Alakazam|Psychic|p2b: Meganium\n|-damage|p2b: Meganium|2/100\n|move|p2b: Meganium|Weather Ball|p1a: Aggron\n|-supereffective|p1a: Aggron|1\n|-damage|p1a: Aggron|0 fnt\n|faint|p1a: Aggron\n|\n|upkeep\n|\n|t:|1776661802\n|switch|p1a: Tyranitar|Tyranitar, L50, M|100/100\n|-weather|Sandstorm|[from] ability: Sand Stream|[of] p1a: Tyranitar\n|turn|7\n|\n|t:|1776661815\n|move|p1a: Tyranitar|Protect|p1a: Tyranitar\n|-singleturn|p1a: Tyranitar|Protect\n|move|p1b: Alakazam|Psychic|p2b: Meganium\n|-damage|p2b: Meganium|0 fnt\n|faint|p2b: Meganium\n|\n|win|nmq0901\n|raw|nmq0901's rating: 1069 &rarr; <strong>1097</strong><br />(+28 for winning)\n|raw|deeqyew's rating: 1049 &rarr; <strong>1033</strong><br />(-16 for losing)\n|l|\u2606deeqyew\n|player|p2|\n",
  "uploadtime": 1776661824,
  "views": 12,
  "formatid": "gen9championsvgc2026regma",
  "rating": 1033,
  "private": 0,
  "password": null
}