{
  "id": "gen9championsvgc2026regma-2587332746",
  "format": "[Gen 9 Champions] VGC 2026 Reg M-A",
  "players": [
    "teriyaki444",
    "soulo333"
  ],
  "log": "|j|\u2606teriyaki444\n|j|\u2606soulo333\n|t:|1776522842\n|gametype|doubles\n|player|p1|teriyaki444|hilbert|1296\n|player|p2|soulo333|102|1268\n|gen|9\n|tier|[Gen 9 Champions] VGC 2026 Reg M-A\n|rated|\n|rule|Species Clause: Limit one of each Pok\u00e9mon\n|rule|Item Clause: Limit 1 of each item\n|clearpoke\n|poke|p1|Froslass, L50, F, shiny|\n|poke|p1|Jolteon, L50, M|\n|poke|p1|Arcanine-Hisui, L50, M, shiny|\n|poke|p1|Sneasler, L50, F|\n|poke|p1|Hydreigon, L50, F|\n|poke|p1|Garchomp, L50, M|\n|poke|p2|Charizard, L50, M|\n|poke|p2|Sneasler, L50, M|\n|poke|p2|Sinistcha, L50|\n|poke|p2|Incineroar, L50, F|\n|poke|p2|Milotic, L50, M|\n|poke|p2|Tyranitar, L50, M|\n|teampreview|4\n|inactive|Battle timer is ON: inactive players will automatically lose when time's up. (requested by soulo333)\n|\n|t:|1776522888\n|teamsize|p1|4\n|teamsize|p2|4\n|start\n|switch|p1a: Sneasler|Sneasler, L50, F|100/100\n|switch|p1b: Hydreigon|Hydreigon, L50, F|100/100\n|switch|p2a: Milotic|Milotic, L50, M|100/100\n|switch|p2b: Sinistcha|Sinistcha, L50|100/100\n|turn|1\n|inactive|teriyaki444 has 30 seconds left.\n|\n|t:|1776522914\n|switch|p2b: Incineroar|Incineroar, L50, F|100/100\n|-ability|p2b: Incineroar|Intimidate|boost\n|-unboost|p1a: Sneasler|atk|1\n|-unboost|p1b: Hydreigon|atk|1\n|-enditem|p1a: Sneasler|White Herb\n|-clearnegativeboost|p1a: Sneasler|[silent]\n|move|p1a: Sneasler|Close Combat|p2a: Milotic\n|-damage|p2a: Milotic|40/100\n|-unboost|p1a: Sneasler|def|1\n|-unboost|p1a: Sneasler|spd|1\n|move|p1b: Hydreigon|Dark Pulse|p2b: Incineroar\n|-resisted|p2b: Incineroar|1\n|-damage|p2b: Incineroar|83/100\n|move|p2a: Milotic|Scald|p1a: Sneasler\n|-damage|p1a: Sneasler|39/100\n|\n|-heal|p2a: Milotic|46/100|[from] item: Leftovers\n|upkeep\n|turn|2\n|inactive|teriyaki444 has 30 seconds left.\n|\n|t:|1776522944\n|move|p1a: Sneasler|Protect|p1a: Sneasler\n|-singleturn|p1a: Sneasler|Protect\n|move|p1b: Hydreigon|Protect|p1b: Hydreigon\n|-singleturn|p1b: Hydreigon|Protect\n|move|p2b: Incineroar|Fake Out|p1a: Sneasler\n|-activate|p1a: Sneasler|move: Protect\n|move|p2a: Milotic|Icy Wind|p1b: Hydreigon|[spread] \n|-activate|p1a: Sneasler|move: Protect\n|-activate|p1b: Hydreigon|move: Protect\n|\n|-heal|p2a: Milotic|51/100|[from] item: Leftovers\n|upkeep\n|turn|3\n|inactive|teriyaki444 has 30 seconds left.\n|\n|t:|1776522970\n|switch|p2b: Sinistcha|Sinistcha, L50|100/100\n|-heal|p2a: Milotic|76/100|[from] ability: Hospitality|[of] p2b: Sinistcha\n|move|p1a: Sneasler|Close Combat|p2a: Milotic\n|-damage|p2a: Milotic|6/100\n|-unboost|p1a: Sneasler|def|1\n|-unboost|p1a: Sneasler|spd|1\n|move|p1b: Hydreigon|Snarl|p2b: Sinistcha|[spread] p2a,p2b\n|-supereffective|p2b: Sinistcha|1\n|-enditem|p2b: Sinistcha|Colbur Berry|[eat]\n|-enditem|p2b: Sinistcha|Colbur Berry|[weaken]\n|-damage|p2a: Milotic|0 fnt\n|-damage|p2b: Sinistcha|75/100\n|-unboost|p2b: Sinistcha|spa|1\n|faint|p2a: Milotic\n|\n|upkeep\n|\n|t:|1776522984\n|switch|p2a: Incineroar|Incineroar, L50, F|83/100\n|-ability|p2a: Incineroar|Intimidate|boost\n|-unboost|p1a: Sneasler|atk|1\n|-unboost|p1b: Hydreigon|atk|1\n|turn|4\n|\n|t:|1776522991\n|switch|p1a: Froslass|Froslass, L50, F, shiny|100/100\n|move|p2a: Incineroar|Fake Out|p1b: Hydreigon\n|-damage|p1b: Hydreigon|88/100\n|cant|p1b: Hydreigon|flinch\n|move|p2b: Sinistcha|Trick Room|p2b: Sinistcha\n|-fieldstart|move: Trick Room|[of] p2b: Sinistcha\n|\n|upkeep\n|turn|5\n|\n|t:|1776523009\n|detailschange|p1a: Froslass|Froslass-Mega, L50, F, shiny\n|-mega|p1a: Froslass|Froslass|Froslassite\n|-weather|Snowscape|[from] ability: Snow Warning|[of] p1a: Froslass\n|move|p1a: Froslass|Protect|p1a: Froslass\n|-singleturn|p1a: Froslass|Protect\n|move|p2a: Incineroar|Parting Shot|p1b: Hydreigon\n|-unboost|p1b: Hydreigon|atk|1\n|-unboost|p1b: Hydreigon|spa|1\n|\n|t:|1776523015\n|switch|p2a: Tyranitar|Tyranitar, L50, M|100/100|[from] Parting Shot\n|-weather|Sandstorm|[from] ability: Sand Stream|[of] p2a: Tyranitar\n|move|p2b: Sinistcha|Shadow Ball|p1a: Froslass\n|-activate|p1a: Froslass|move: Protect\n|move|p1b: Hydreigon|Dark Pulse|p2b: Sinistcha\n|-supereffective|p2b: Sinistcha|1\n|-damage|p2b: Sinistcha|4/100\n|\n|-weather|Sandstorm|[upkeep]\n|-damage|p2b: Sinistcha|0 fnt|[from] Sandstorm\n|-damage|p1b: Hydreigon|82/100|[from] Sandstorm\n|-damage|p1a: Froslass|94/100|[from] Sandstorm\n|faint|p2b: Sinistcha\n|upkeep\n|\n|t:|1776523021\n|switch|p2b: Incineroar|Incineroar, L50, F|83/100\n|-ability|p2b: Incineroar|Intimidate|boost\n|-unboost|p1a: Froslass|atk|1\n|-unboost|p1b: Hydreigon|atk|1\n|turn|6\n|inactive|teriyaki444 has 30 seconds left.\n|\n|t:|1776523047\n|switch|p1a: Jolteon|Jolteon, L50, M|100/100\n|detailschange|p2a: Tyranitar|Tyranitar-Mega, L50, M\n|-mega|p2a: Tyranitar|Tyranitar|Tyranitarite\n|move|p1b: Hydreigon|Protect|p1b: Hydreigon\n|-singleturn|p1b: Hydreigon|Protect\n|move|p2b: Incineroar|Flare Blitz|p1a: Jolteon\n|-damage|p1a: Jolteon|20/100\n|-damage|p2b: Incineroar|64/100|[from] Recoil\n|move|p2a: Tyranitar|Knock Off|p1b: Hydreigon\n|-activate|p1b: Hydreigon|move: Protect\n|\n|-weather|Sandstorm|[upkeep]\n|-damage|p2b: Incineroar|58/100|[from] Sandstorm\n|-damage|p1b: Hydreigon|76/100|[from] Sandstorm\n|-damage|p1a: Jolteon|14/100|[from] Sandstorm\n|upkeep\n|turn|7\n|inactive|teriyaki444 has 30 seconds left.\n|\n|t:|1776523076\n|move|p1a: Jolteon|Protect|p1a: Jolteon\n|-singleturn|p1a: Jolteon|Protect\n|move|p2b: Incineroar|Parting Shot|p1b: Hydreigon\n|-unboost|p1b: Hydreigon|atk|1\n|-unboost|p1b: Hydreigon|spa|1\n|move|p2a: Tyranitar|Rock Slide|p1b: Hydreigon|[spread] p1b\n|-activate|p1a: Jolteon|move: Protect\n|-damage|p1b: Hydreigon|35/100\n|-enditem|p1b: Hydreigon|Sitrus Berry|[eat]\n|-heal|p1b: Hydreigon|60/100|[from] item: Sitrus Berry\n|move|p1b: Hydreigon|Draco Meteor|p2b: Incineroar\n|-damage|p2b: Incineroar|30/100\n|-unboost|p1b: Hydreigon|spa|2\n|-enditem|p2b: Incineroar|Sitrus Berry|[eat]\n|-heal|p2b: Incineroar|54/100|[from] item: Sitrus Berry\n|\n|-weather|Sandstorm|[upkeep]\n|-damage|p2b: Incineroar|49/100|[from] Sandstorm\n|-damage|p1b: Hydreigon|54/100|[from] Sandstorm\n|-damage|p1a: Jolteon|8/100|[from] Sandstorm\n|upkeep\n|turn|8\n|\n|t:|1776523100\n|move|p1b: Hydreigon|Protect|p1b: Hydreigon\n|-singleturn|p1b: Hydreigon|Protect\n|move|p2b: Incineroar|Throat Chop|p1a: Jolteon\n|-damage|p1a: Jolteon|0 fnt\n|faint|p1a: Jolteon\n|move|p2a: Tyranitar|Rock Slide|p1b: Hydreigon\n|-activate|p1b: Hydreigon|move: Protect\n|\n|-weather|Sandstorm|[upkeep]\n|-damage|p2b: Incineroar|43/100|[from] Sandstorm\n|-damage|p1b: Hydreigon|48/100|[from] Sandstorm\n|-fieldend|move: Trick Room\n|upkeep\n|\n|t:|1776523111\n|switch|p1a: Froslass|Froslass-Mega, L50, F, shiny|94/100\n|-weather|Snowscape|[from] ability: Snow Warning|[of] p1a: Froslass\n|turn|9\n|inactive|teriyaki444 has 30 seconds left.\n|\n|t:|1776523141\n|move|p1a: Froslass|Protect|p1a: Froslass\n|-singleturn|p1a: Froslass|Protect\n|move|p1b: Hydreigon|Draco Meteor|p2b: Incineroar\n|-damage|p2b: Incineroar|26/100\n|-unboost|p1b: Hydreigon|spa|2\n|move|p2a: Tyranitar|Rock Slide|p1a: Froslass|[spread] p1b\n|-activate|p1a: Froslass|move: Protect\n|-damage|p1b: Hydreigon|6/100\n|move|p2b: Incineroar|Flare Blitz|p1a: Froslass\n|-activate|p1a: Froslass|move: Protect\n|\n|-weather|Snowscape|[upkeep]\n|upkeep\n|turn|10\n|\n|t:|1776523161\n|move|p1a: Froslass|Blizzard|p2a: Tyranitar|[spread] p2a,p2b\n|-resisted|p2b: Incineroar|1\n|-damage|p2a: Tyranitar|62/100\n|-damage|p2b: Incineroar|6/100\n|move|p1b: Hydreigon|Draco Meteor|p2b: Incineroar\n|-damage|p2b: Incineroar|0 fnt\n|faint|p2b: Incineroar\n|move|p2a: Tyranitar|Rock Slide|p1a: Froslass|[spread] p1a,p1b\n|-supereffective|p1a: Froslass|1\n|-damage|p1a: Froslass|10/100\n|-damage|p1b: Hydreigon|0 fnt\n|faint|p1b: Hydreigon\n|\n|-weather|Snowscape|[upkeep]\n|upkeep\n|\n|t:|1776523173\n|switch|p1b: Sneasler|Sneasler, L50, F|39/100\n|turn|11\n|-message|soulo333 forfeited.\n|\n|win|teriyaki444\n|raw|teriyaki444's rating: 1296 &rarr; <strong>1319</strong><br />(+23 for winning)\n|raw|soulo333's rating: 1268 &rarr; <strong>1245</strong><br />(-23 for losing)\n",
  "uploadtime": 1776523175,
  "views": 25,
  "formatid": "gen9championsvgc2026regma",
  "rating": 1245,
  "private": 0,
  "password": null
}