{
  "id": "gen9championsvgc2026regma-2580596968",
  "format": "[Gen 9 Champions] VGC 2026 Reg M-A",
  "players": [
    "divra7",
    "LelBoii"
  ],
  "log": "|j|\u2606divra7\n|j|\u2606LelBoii\n|html|<table width=\"100%\"><tr><td align=\"left\">divra7</td><td align=\"right\">LelBoii</tr><tr><td align=\"left\"><i class=\"fa fa-circle\"></i> <i class=\"fa fa-circle-o\"></i> </td><td align=\"right\"><i class=\"fa fa-circle-o\"></i> <i class=\"fa fa-circle\"></i> </tr></table>\n|uhtml|bestof|<h2><strong>Game 3</strong> of <a href=\"/game-bestof3-gen9championsvgc2026regma-2580591197\">a best-of-3</a></h2>\n|t:|1775916603\n|gametype|doubles\n|player|p1|divra7|flannery|\n|player|p2|LelBoii|cynthia-gen4|\n|gen|9\n|tier|[Gen 9 Champions] VGC 2026 Reg M-A\n|rated|Tournament battle\n|rule|Species Clause: Limit one of each Pok\u00e9mon\n|rule|Item Clause: Limit 1 of each item\n|raw|<div class=\"infobox\"><details class=\"readmore\" open><summary><strong>2 custom rules:</strong></summary> Force Open Team Sheets, Best of = 3</details></div>\n|clearpoke\n|poke|p1|Floette-Eternal, L50, F|\n|poke|p1|Sinistcha, L50|\n|poke|p1|Garchomp, L50, F|\n|poke|p1|Talonflame, L50, F|\n|poke|p1|Rotom-Wash, L50|\n|poke|p1|Aegislash, L50, M|\n|poke|p2|Garchomp, L50, M|\n|poke|p2|Sneasler, L50, F|\n|poke|p2|Delphox, L50, M|\n|poke|p2|Gyarados, L50, F|\n|poke|p2|Whimsicott, L50, M|\n|poke|p2|Aegislash, L50, F|\n|teampreview|4\n|showteam|p1|Floette-Eternal||Floettite|FlowerVeil|LightofRuin,DazzlingGleam,Substitute,Protect|||F|||50|]Sinistcha||Leftovers|Hospitality|MatchaGotcha,RagePowder,Protect,LifeDew||||||50|]Garchomp||SoftSand|RoughSkin|Earthquake,StompingTantrum,StoneEdge,Protect|||F|||50|]Talonflame|||GaleWings|Acrobatics,FlareBlitz,Tailwind,Protect|||F|||50|]Rotom-Wash||SitrusBerry|Levitate|HydroPump,VoltSwitch,Thunderbolt,HelpingHand||||||50|]Aegislash||SpellTag|StanceChange|Poltergeist,ShadowSneak,IronHead,KingsShield|||M|||50|\n|showteam|p2|Garchomp||ChoiceScarf|RoughSkin|StompingTantrum,Earthquake,DragonClaw,RockSlide|||M|||50|]Sneasler||WhiteHerb|Pressure|Protect,FakeOut,DireClaw,CloseCombat|||F|||50|]Delphox||Delphoxite|Blaze|Protect,Encore,HeatWave,Psychic|||M|||50|]Gyarados||SitrusBerry|Intimidate|Protect,Taunt,Waterfall,Earthquake|||F|||50|]Whimsicott||FocusSash|Prankster|Protect,Tailwind,Encore,Moonblast|||M|||50|]Aegislash||Leftovers|StanceChange|KingsShield,FlashCannon,ShadowBall,ShadowSneak|||F|||50|\n|inactive|Battle timer is ON: inactive players will automatically lose when time's up. (requested by divra7)\n|inactive|LelBoii has 60 seconds left.\n|\n|t:|1775916644\n|teamsize|p1|4\n|teamsize|p2|4\n|start\n|switch|p1a: Sinistcha|Sinistcha, L50|100/100\n|switch|p1b: Talonflame|Talonflame, L50, F|100/100\n|switch|p2a: Sneasler|Sneasler, L50, F|100/100\n|switch|p2b: Delphox|Delphox, L50, M|100/100\n|-ability|p2a: Sneasler|Pressure\n|turn|1\n|inactive|divra7 has 30 seconds left.\n|\n|t:|1775916675\n|detailschange|p2b: Delphox|Delphox-Mega, L50, M\n|-mega|p2b: Delphox|Delphox|Delphoxite\n|move|p1a: Sinistcha|Protect|p1a: Sinistcha\n|-singleturn|p1a: Sinistcha|Protect\n|move|p2a: Sneasler|Fake Out|p1b: Talonflame\n|-damage|p1b: Talonflame|75/100\n|move|p2b: Delphox|Heat Wave|p1b: Talonflame|[spread] p1b\n|-activate|p1a: Sinistcha|move: Protect\n|-resisted|p1b: Talonflame|1\n|-damage|p1b: Talonflame|47/100\n|cant|p1b: Talonflame|flinch\n|\n|upkeep\n|turn|2\n|inactive|LelBoii has 30 seconds left.\n|inactive|LelBoii has 20 seconds left.\n|\n|t:|1775916713\n|switch|p2a: Gyarados|Gyarados, L50, F|100/100\n|-ability|p2a: Gyarados|Intimidate|boost\n|-unboost|p1a: Sinistcha|atk|1\n|-unboost|p1b: Talonflame|atk|1\n|switch|p1a: Aegislash|Aegislash, L50, M|100/100\n|move|p2b: Delphox|Encore||[still]\n|-fail|p2b: Delphox\n|move|p1b: Talonflame|Acrobatics|p2a: Gyarados\n|-damage|p2a: Gyarados|73/100\n|\n|upkeep\n|turn|3\n|j| Solanum\n|inactive|LelBoii has 30 seconds left.\n|\n|t:|1775916740\n|switch|p1a: Sinistcha|Sinistcha, L50|100/100\n|-heal|p1b: Talonflame|71/100|[from] ability: Hospitality|[of] p1a: Sinistcha\n|move|p2b: Delphox|Protect|p2b: Delphox\n|-singleturn|p2b: Delphox|Protect\n|move|p1b: Talonflame|Tailwind|p1b: Talonflame\n|-sidestart|p1: divra7|move: Tailwind\n|move|p2a: Gyarados|Taunt|p1a: Sinistcha\n|-start|p1a: Sinistcha|move: Taunt\n|\n|upkeep\n|turn|4\n|\n|t:|1775916755\n|move|p1b: Talonflame|Acrobatics|p2b: Delphox\n|-damage|p2b: Delphox|62/100\n|move|p2b: Delphox|Heat Wave|p1a: Sinistcha|[spread] p1a,p1b\n|-supereffective|p1a: Sinistcha|1\n|-resisted|p1b: Talonflame|1\n|-damage|p1a: Sinistcha|33/100\n|-damage|p1b: Talonflame|42/100\n|move|p1a: Sinistcha|Matcha Gotcha|p2a: Gyarados|[spread] p2a,p2b\n|-resisted|p2b: Delphox|1\n|-damage|p2a: Gyarados|47/100\n|-heal|p1a: Sinistcha|47/100|[from] drain|[of] p2a: Gyarados\n|-damage|p2b: Delphox|51/100\n|-heal|p1a: Sinistcha|52/100|[from] drain|[of] p2b: Delphox\n|-enditem|p2a: Gyarados|Sitrus Berry|[eat]\n|-heal|p2a: Gyarados|72/100|[from] item: Sitrus Berry\n|move|p2a: Gyarados|Waterfall|p1b: Talonflame\n|-supereffective|p1b: Talonflame|1\n|-damage|p1b: Talonflame|0 fnt\n|faint|p1b: Talonflame\n|\n|-heal|p1a: Sinistcha|58/100|[from] item: Leftovers\n|upkeep\n|\n|t:|1775916775\n|switch|p1b: Floette|Floette-Eternal, L50, F|100/100\n|turn|5\n|\n|t:|1775916788\n|detailschange|p1b: Floette|Floette-Mega, L50, F\n|-mega|p1b: Floette|Floette|Floettite\n|-ability|p1b: Floette|Fairy Aura\n|move|p2b: Delphox|Protect|p2b: Delphox\n|-singleturn|p2b: Delphox|Protect\n|move|p2a: Gyarados|Protect|p2a: Gyarados\n|-singleturn|p2a: Gyarados|Protect\n|move|p1b: Floette|Dazzling Gleam|p2a: Gyarados|[spread] \n|-activate|p2a: Gyarados|move: Protect\n|-activate|p2b: Delphox|move: Protect\n|move|p1a: Sinistcha|Matcha Gotcha|p2a: Gyarados|[spread] \n|-activate|p2a: Gyarados|move: Protect\n|-activate|p2b: Delphox|move: Protect\n|\n|-heal|p1a: Sinistcha|65/100|[from] item: Leftovers\n|-end|p1a: Sinistcha|move: Taunt\n|upkeep\n|turn|6\n|inactive|divra7 has 30 seconds left.\n|inactive|LelBoii has 30 seconds left.\n|\n|t:|1775916822\n|move|p1a: Sinistcha|Rage Powder|p1a: Sinistcha\n|-singleturn|p1a: Sinistcha|move: Rage Powder\n|move|p1b: Floette|Dazzling Gleam|p2a: Gyarados|[spread] p2a,p2b\n|-resisted|p2b: Delphox|1\n|-damage|p2a: Gyarados|27/100\n|-damage|p2b: Delphox|25/100\n|move|p2b: Delphox|Heat Wave|p1a: Sinistcha|[spread] p1a,p1b\n|-supereffective|p1a: Sinistcha|1\n|-damage|p1a: Sinistcha|0 fnt\n|-damage|p1b: Floette|75/100\n|faint|p1a: Sinistcha\n|move|p2a: Gyarados|Taunt|p1b: Floette\n|-start|p1b: Floette|move: Taunt\n|\n|-sideend|p1: divra7|move: Tailwind\n|upkeep\n|\n|t:|1775916834\n|switch|p1a: Aegislash|Aegislash, L50, M|100/100\n|turn|7\n|\n|t:|1775916844\n|move|p2b: Delphox|Protect|p2b: Delphox\n|-singleturn|p2b: Delphox|Protect\n|-formechange|p1a: Aegislash|Aegislash-Blade|\n|move|p1a: Aegislash|Shadow Sneak|p2b: Delphox\n|-activate|p2b: Delphox|move: Protect\n|move|p1b: Floette|Dazzling Gleam|p2b: Delphox|[spread] p2a\n|-activate|p2b: Delphox|move: Protect\n|-damage|p2a: Gyarados|0 fnt\n|faint|p2a: Gyarados\n|\n|upkeep\n|\n|t:|1775916854\n|switch|p2a: Sneasler|Sneasler, L50, F|100/100\n|-ability|p2a: Sneasler|Pressure\n|turn|8\n|\n|t:|1775916866\n|move|p1a: Aegislash|Shadow Sneak|p2b: Delphox\n|-supereffective|p2b: Delphox|1\n|-damage|p2b: Delphox|0 fnt\n|faint|p2b: Delphox\n|move|p2a: Sneasler|Dire Claw|p1b: Floette\n|-supereffective|p1b: Floette|1\n|-damage|p1b: Floette|0 fnt\n|faint|p1b: Floette\n|\n|upkeep\n|\n|t:|1775916871\n|switch|p2b: Garchomp|Garchomp, L50, M, shiny|100/100\n|turn|9\n|\n|t:|1775916881\n|-formechange|p1a: Aegislash|Aegislash|\n|move|p1a: Aegislash|King's Shield|p1a: Aegislash\n|-singleturn|p1a: Aegislash|Protect\n|move|p2b: Garchomp|Earthquake|p1a: Aegislash|[spread] p2a\n|-activate|p1a: Aegislash|move: Protect\n|-supereffective|p2a: Sneasler|1\n|-damage|p2a: Sneasler|0 fnt\n|faint|p2a: Sneasler\n|\n|upkeep\n|turn|10\n|\n|t:|1775916895\n|move|p2b: Garchomp|Earthquake|p1a: Aegislash\n|-supereffective|p1a: Aegislash|1\n|-damage|p1a: Aegislash|24/100\n|-formechange|p1a: Aegislash|Aegislash-Blade|\n|move|p1a: Aegislash|Poltergeist|p2b: Garchomp\n|-activate|p2b: Garchomp|move: Poltergeist|Choice Scarf\n|-damage|p2b: Garchomp|27/100\n|\n|upkeep\n|turn|11\n|\n|t:|1775916904\n|move|p1a: Aegislash|Shadow Sneak|p2b: Garchomp\n|-damage|p2b: Garchomp|0 fnt\n|-damage|p1a: Aegislash|12/100|[from] ability: Rough Skin|[of] p2b: Garchomp\n|faint|p2b: Garchomp\n|\n|win|divra7\n",
  "uploadtime": 1775916904,
  "views": 9,
  "formatid": "gen9championsvgc2026regma",
  "rating": null,
  "private": 0,
  "password": null
}