{
  "id": "gen9championsvgc2026regma-2582938003",
  "format": "[Gen 9 Champions] VGC 2026 Reg M-A",
  "players": [
    "boysenorange",
    "mogharving"
  ],
  "log": "|j|\u2606boysenorange\n|j|\u2606mogharving\n|t:|1776126667\n|gametype|doubles\n|player|p1|boysenorange|turo|1049\n|player|p2|mogharving|swimmer-gen4|1062\n|gen|9\n|tier|[Gen 9 Champions] VGC 2026 Reg M-A\n|rated|\n|rule|Species Clause: Limit one of each Pok\u00e9mon\n|rule|Item Clause: Limit 1 of each item\n|clearpoke\n|poke|p1|Torkoal, L50, F|\n|poke|p1|Farigiraf, L50, M|\n|poke|p1|Maushold-Four, L50|\n|poke|p1|Camerupt, L50, M|\n|poke|p1|Hatterene, L50, F|\n|poke|p1|Meowstic, L50, M|\n|poke|p2|Skarmory, L50, M|\n|poke|p2|Garchomp, L50, M|\n|poke|p2|Aerodactyl, L50, M|\n|poke|p2|Sinistcha-Masterpiece, L50|\n|poke|p2|Rotom-Heat, L50|\n|poke|p2|Clefable, L50, F|\n|teampreview|4\nmogharving rejected open team sheets.\n|inactive|Battle timer is ON: inactive players will automatically lose when time's up. (requested by mogharving)\n|\n|t:|1776126695\n|teamsize|p1|4\n|teamsize|p2|4\n|start\n|switch|p1a: Maushold|Maushold-Four, L50|100/100\n|switch|p1b: Hatterene|Hatterene, L50, F|100/100\n|switch|p2a: Aerodactyl|Aerodactyl, L50, M|100/100\n|switch|p2b: Garchomp|Garchomp, L50, M|100/100\n|-ability|p2a: Aerodactyl|Unnerve\n|turn|1\n|inactive|mogharving has 30 seconds left.\n|\n|t:|1776126724\n|detailschange|p2a: Aerodactyl|Aerodactyl-Mega, L50, M\n|-mega|p2a: Aerodactyl|Aerodactyl|Aerodactylite\n|move|p1a: Maushold|Follow Me|p1a: Maushold\n|-singleturn|p1a: Maushold|move: Follow Me\n|move|p2a: Aerodactyl|Dual Wingbeat|p1a: Maushold|[miss]\n|-miss|p2a: Aerodactyl|p1a: Maushold\n|move|p2b: Garchomp|Earthquake|p1b: Hatterene|[spread] p1a,p1b\n|-immune|p2a: Aerodactyl\n|-damage|p1a: Maushold|43/100\n|-damage|p1b: Hatterene|69/100\n|move|p1b: Hatterene|Trick Room|p1b: Hatterene\n|-fieldstart|move: Trick Room|[of] p1b: Hatterene\n|\n|upkeep\n|turn|2\n|\n|t:|1776126739\n|move|p1a: Maushold|Helping Hand|p1b: Hatterene\n|-singleturn|p1b: Hatterene|Helping Hand|[of] p1a: Maushold\n|move|p2b: Garchomp|Protect|p2b: Garchomp\n|-singleturn|p2b: Garchomp|Protect\n|move|p1b: Hatterene|Dazzling Gleam|p2b: Garchomp|[spread] p2a\n|-activate|p2b: Garchomp|move: Protect\n|-damage|p2a: Aerodactyl|28/100\n|move|p2a: Aerodactyl|Rock Slide|p1b: Hatterene|[spread] p1a,p1b\n|-damage|p1a: Maushold|0 fnt\n|-damage|p1b: Hatterene|46/100\n|faint|p1a: Maushold\n|\n|upkeep\n|\n|t:|1776126753\n|switch|p1a: Torkoal|Torkoal, L50, F|100/100\n|-weather|SunnyDay|[from] ability: Drought|[of] p1a: Torkoal\n|turn|3\n|\n|t:|1776126760\n|move|p2b: Garchomp|Protect||[still]\n|-fail|p2b: Garchomp\n|move|p2a: Aerodactyl|Protect|p2a: Aerodactyl\n|-singleturn|p2a: Aerodactyl|Protect\n|move|p1a: Torkoal|Eruption|p2a: Aerodactyl|[spread] p2b\n|-activate|p2a: Aerodactyl|move: Protect\n|-resisted|p2b: Garchomp|1\n|-damage|p2b: Garchomp|51/100\n|move|p1b: Hatterene|Dazzling Gleam|p2b: Garchomp|[spread] p2b\n|-activate|p2a: Aerodactyl|move: Protect\n|-supereffective|p2b: Garchomp|1\n|-damage|p2b: Garchomp|0 fnt\n|faint|p2b: Garchomp\n|\n|-weather|SunnyDay|[upkeep]\n|upkeep\n|\n|t:|1776126773\n|switch|p2b: Rotom|Rotom-Heat, L50|100/100\n|turn|4\n|\n|t:|1776126790\n|switch|p1b: Camerupt|Camerupt, L50, M|100/100\n|switch|p2a: Clefable|Clefable, L50, F|100/100\n|move|p1a: Torkoal|Eruption|p2a: Clefable|[spread] p2a,p2b\n|-resisted|p2b: Rotom|1\n|-damage|p2a: Clefable|38/100\n|-damage|p2b: Rotom|45/100\n|move|p2b: Rotom|Discharge|p1b: Camerupt|[spread] p2a,p1a\n|-immune|p1b: Camerupt\n|-damage|p2a: Clefable|19/100\n|-damage|p1a: Torkoal|68/100\n|\n|-weather|SunnyDay|[upkeep]\n|upkeep\n|turn|5\n|-message|mogharving forfeited.\n|\n|win|boysenorange\n|raw|boysenorange's rating: 1049 &rarr; <strong>1083</strong><br />(+34 for winning)\n|raw|mogharving's rating: 1062 &rarr; <strong>1042</strong><br />(-20 for losing)\n|l|\u2606mogharving\n|player|p2|\n",
  "uploadtime": 1776126814,
  "views": 18,
  "formatid": "gen9championsvgc2026regma",
  "rating": 1042,
  "private": 0,
  "password": null
}