{
  "id": "gen9championsvgc2026regma-2581909216",
  "format": "[Gen 9 Champions] VGC 2026 Reg M-A",
  "players": [
    "KangarooToodleloo",
    "primeluke"
  ],
  "log": "|j|\u2606KangarooToodleloo\n|j|\u2606primeluke\n|t:|1776038837\n|gametype|doubles\n|player|p1|KangarooToodleloo|blue-masters|1079\n|player|p2|primeluke|101|1000\n|gen|9\n|tier|[Gen 9 Champions] VGC 2026 Reg M-A\n|rated|\n|rule|Species Clause: Limit one of each Pok\u00e9mon\n|rule|Item Clause: Limit 1 of each item\n|clearpoke\n|poke|p1|Gyarados, L50, M|\n|poke|p1|Incineroar, L50, F|\n|poke|p1|Sinistcha-Masterpiece, L50|\n|poke|p1|Kommo-o, L50, M|\n|poke|p1|Ninetales-Alola, L50, F|\n|poke|p1|Kangaskhan, L50, F|\n|poke|p2|Gengar, L50, M|\n|poke|p2|Sinistcha, L50|\n|poke|p2|Incineroar, L50, M|\n|poke|p2|Clefable, L50, F|\n|poke|p2|Maushold, L50|\n|poke|p2|Bastiodon, L50, M|\n|teampreview|4\n|\n|t:|1776038858\n|teamsize|p1|4\n|teamsize|p2|4\n|start\n|switch|p1a: Kommo-o|Kommo-o, L50, M|100/100\n|switch|p1b: Incineroar|Incineroar, L50, F|100/100\n|switch|p2a: Gengar|Gengar, L50, M, shiny|100/100\n|switch|p2b: Incineroar|Incineroar, L50, M|100/100\n|-ability|p1b: Incineroar|Intimidate|boost\n|-unboost|p2a: Gengar|atk|1\n|-unboost|p2b: Incineroar|atk|1\n|-ability|p2b: Incineroar|Intimidate|boost\n|-unboost|p1a: Kommo-o|atk|1\n|-unboost|p1b: Incineroar|atk|1\n|turn|1\n|\n|t:|1776038880\n|detailschange|p2a: Gengar|Gengar-Mega, L50, M, shiny\n|-mega|p2a: Gengar|Gengar|Gengarite\n|move|p2b: Incineroar|Fake Out|p1a: Kommo-o\n|-damage|p1a: Kommo-o|95/100\n|move|p2a: Gengar|Perish Song|p2a: Gengar\n|-start|p1a: Kommo-o|perish3|[silent]\n|-start|p1b: Incineroar|perish3|[silent]\n|-start|p2a: Gengar|perish3|[silent]\n|-start|p2b: Incineroar|perish3|[silent]\n|-fieldactivate|move: Perish Song\n|cant|p1a: Kommo-o|flinch\n|move|p1b: Incineroar|Throat Chop|p2a: Gengar\n|-supereffective|p2a: Gengar|1\n|-damage|p2a: Gengar|22/100\n|-start|p2a: Gengar|Throat Chop|[silent]\n|\n|-start|p2a: Gengar|perish3\n|-start|p1a: Kommo-o|perish3\n|-start|p1b: Incineroar|perish3\n|-start|p2b: Incineroar|perish3\n|upkeep\n|turn|2\n|\n|t:|1776038902\n|move|p2a: Gengar|Protect|p2a: Gengar\n|-singleturn|p2a: Gengar|Protect\n|move|p1a: Kommo-o|Aura Sphere|p2b: Incineroar\n|-supereffective|p2b: Incineroar|1\n|-damage|p2b: Incineroar|56/100\n|move|p1b: Incineroar|Parting Shot|p2b: Incineroar\n|-unboost|p2b: Incineroar|atk|1\n|-unboost|p2b: Incineroar|spa|1\n|\n|t:|1776038909\n|switch|p1b: Kangaskhan|Kangaskhan, L50, F|100/100|[from] Parting Shot\n|move|p2b: Incineroar|Parting Shot|p1a: Kommo-o\n|-unboost|p1a: Kommo-o|atk|1\n|-unboost|p1a: Kommo-o|spa|1\n|\n|t:|1776038916\n|switch|p2b: Sinistcha|Sinistcha, L50|100/100|[from] Parting Shot\n|-heal|p2a: Gengar|46/100|[from] ability: Hospitality|[of] p2b: Sinistcha\n|\n|-end|p2a: Gengar|Throat Chop|[silent]\n|-start|p2a: Gengar|perish2\n|-start|p1a: Kommo-o|perish2\n|upkeep\n|turn|3\n|\n|t:|1776038940\n|move|p1b: Kangaskhan|Fake Out|p2a: Gengar\n|-damage|p2a: Gengar|18/100\n|move|p2b: Sinistcha|Rage Powder|p2b: Sinistcha\n|-singleturn|p2b: Sinistcha|move: Rage Powder\n|cant|p2a: Gengar|flinch\n|move|p1a: Kommo-o|Clanging Scales|p2b: Sinistcha|[spread] p2a,p2b\n|-damage|p2a: Gengar|0 fnt\n|-damage|p2b: Sinistcha|75/100\n|faint|p2a: Gengar\n|-unboost|p1a: Kommo-o|def|1\n|\n|-heal|p2b: Sinistcha|81/100|[from] item: Leftovers\n|-start|p1a: Kommo-o|perish1\n|upkeep\n|\n|t:|1776038954\n|switch|p2a: Incineroar|Incineroar, L50, M|56/100\n|-ability|p2a: Incineroar|Intimidate|boost\n|-unboost|p1a: Kommo-o|atk|1\n|-fail|p1b: Kangaskhan|unboost|Attack|[from] ability: Scrappy|[of] p1b: Kangaskhan\n|turn|4\n|\n|t:|1776038970\n|switch|p1a: Incineroar|Incineroar, L50, F|100/100\n|-ability|p1a: Incineroar|Intimidate|boost\n|-unboost|p2a: Incineroar|atk|1\n|-unboost|p2b: Sinistcha|atk|1\n|switch|p1b: Sinistcha|Sinistcha-Masterpiece, L50|100/100\n|move|p2b: Sinistcha|Matcha Gotcha|p1b: Sinistcha|[spread] p1a,p1b\n|-resisted|p1a: Incineroar|1\n|-resisted|p1b: Sinistcha|1\n|-damage|p1a: Incineroar|87/100\n|-heal|p2b: Sinistcha|91/100|[from] drain|[of] p1a: Incineroar\n|-damage|p1b: Sinistcha|86/100\n|-heal|p2b: Sinistcha|99/100|[from] drain|[of] p1b: Sinistcha\n|-status|p1b: Sinistcha|brn\n|move|p2a: Incineroar|Parting Shot|p1b: Sinistcha\n|-unboost|p1b: Sinistcha|atk|1\n|-unboost|p1b: Sinistcha|spa|1\n|\n|t:|1776038988\n|switch|p2a: Bastiodon|Bastiodon, L50, M, shiny|100/100|[from] Parting Shot\n|\n|-heal|p2b: Sinistcha|100/100|[from] item: Leftovers\n|-damage|p1b: Sinistcha|80/100 brn|[from] brn\n|upkeep\n|turn|5\n|\n|t:|1776039001\n|move|p2a: Bastiodon|Wide Guard|p2a: Bastiodon\n|-singleturn|p2a: Bastiodon|Wide Guard\n|move|p1b: Sinistcha|Shadow Ball|p2b: Sinistcha\n|-supereffective|p2b: Sinistcha|1\n|-damage|p2b: Sinistcha|51/100\n|move|p2b: Sinistcha|Matcha Gotcha|p1b: Sinistcha|[spread] p1a,p1b\n|-resisted|p1a: Incineroar|1\n|-resisted|p1b: Sinistcha|1\n|-damage|p1a: Incineroar|73/100\n|-heal|p2b: Sinistcha|61/100|[from] drain|[of] p1a: Incineroar\n|-damage|p1b: Sinistcha|64/100 brn\n|-heal|p2b: Sinistcha|70/100|[from] drain|[of] p1b: Sinistcha\n|move|p1a: Incineroar|Parting Shot|p2a: Bastiodon\n|-immune|p2a: Bastiodon|[from] ability: Soundproof\n|\n|-heal|p2b: Sinistcha|77/100|[from] item: Leftovers\n|-damage|p1b: Sinistcha|58/100 brn|[from] brn\n|upkeep\n|turn|6\n|\n|t:|1776039027\n|move|p2b: Sinistcha|Protect|p2b: Sinistcha\n|-singleturn|p2b: Sinistcha|Protect\n|move|p1b: Sinistcha|Shadow Ball|p2b: Sinistcha\n|-activate|p2b: Sinistcha|move: Protect\n|move|p1a: Incineroar|Parting Shot|p2b: Sinistcha\n|-activate|p2b: Sinistcha|move: Protect\n|move|p2a: Bastiodon|Metal Burst||[still]\n|-fail|p2a: Bastiodon\n|\n|-heal|p2b: Sinistcha|83/100|[from] item: Leftovers\n|-damage|p1b: Sinistcha|52/100 brn|[from] brn\n|upkeep\n|turn|7\n|\n|t:|1776039046\n|switch|p1b: Kangaskhan|Kangaskhan, L50, F|100/100\n|move|p2b: Sinistcha|Matcha Gotcha|p1b: Kangaskhan|[spread] p1a,p1b\n|-resisted|p1a: Incineroar|1\n|-crit|p1a: Incineroar\n|-damage|p1a: Incineroar|53/100\n|-heal|p2b: Sinistcha|97/100|[from] drain|[of] p1a: Incineroar\n|-damage|p1b: Kangaskhan|69/100\n|-heal|p2b: Sinistcha|100/100|[from] drain|[of] p1b: Kangaskhan\n|move|p1a: Incineroar|Parting Shot|p2b: Sinistcha\n|-unboost|p2b: Sinistcha|atk|1\n|-unboost|p2b: Sinistcha|spa|1\n|\n|t:|1776039054\n|switch|p1a: Kommo-o|Kommo-o, L50, M|95/100|[from] Parting Shot\n|move|p2a: Bastiodon|Block|p1b: Kangaskhan\n|-activate|p1b: Kangaskhan|trapped\n|\n|upkeep\n|turn|8\n|\n|t:|1776039074\n|move|p2a: Bastiodon|Protect|p2a: Bastiodon\n|-singleturn|p2a: Bastiodon|Protect\n|move|p1b: Kangaskhan|Fake Out|p2b: Sinistcha\n|-damage|p2b: Sinistcha|80/100\n|move|p1a: Kommo-o|Clangorous Soul|p1a: Kommo-o\n|-boost|p1a: Kommo-o|atk|1\n|-boost|p1a: Kommo-o|def|1\n|-boost|p1a: Kommo-o|spa|1\n|-boost|p1a: Kommo-o|spd|1\n|-boost|p1a: Kommo-o|spe|1\n|-damage|p1a: Kommo-o|62/100\n|cant|p2b: Sinistcha|flinch\n|\n|-heal|p2b: Sinistcha|86/100|[from] item: Leftovers\n|upkeep\n|turn|9\n|\n|t:|1776039093\n|move|p2a: Bastiodon|Wide Guard|p2a: Bastiodon\n|-singleturn|p2a: Bastiodon|Wide Guard\n|move|p1a: Kommo-o|Clanging Scales|p2b: Sinistcha|[spread] \n|-activate|p2a: Bastiodon|move: Wide Guard\n|-activate|p2b: Sinistcha|move: Wide Guard\n|move|p1b: Kangaskhan|Double-Edge|p2b: Sinistcha\n|-damage|p2b: Sinistcha|28/100\n|-damage|p1b: Kangaskhan|56/100|[from] Recoil\n|move|p2b: Sinistcha|Matcha Gotcha|p1b: Kangaskhan|[spread] \n|-miss|p2b: Sinistcha|p1a: Kommo-o\n|-miss|p2b: Sinistcha|p1b: Kangaskhan\n|\n|-heal|p2b: Sinistcha|34/100|[from] item: Leftovers\n|upkeep\n|turn|10\n|\n|t:|1776039142\n|switch|p2a: Incineroar|Incineroar, L50, M|56/100\n|-ability|p2a: Incineroar|Intimidate|boost\n|-unboost|p1a: Kommo-o|atk|1\n|-fail|p1b: Kangaskhan|unboost|Attack|[from] ability: Scrappy|[of] p1b: Kangaskhan\n|move|p2b: Sinistcha|Protect|p2b: Sinistcha\n|-singleturn|p2b: Sinistcha|Protect\n|move|p1a: Kommo-o|Aura Sphere|p2a: Incineroar\n|-supereffective|p2a: Incineroar|1\n|-damage|p2a: Incineroar|0 fnt\n|faint|p2a: Incineroar\n|move|p1b: Kangaskhan|Double-Edge|p2b: Sinistcha\n|-activate|p2b: Sinistcha|move: Protect\n|\n|-heal|p2b: Sinistcha|40/100|[from] item: Leftovers\n|upkeep\n|\n|t:|1776039156\n|switch|p2a: Bastiodon|Bastiodon, L50, M, shiny|100/100\n|turn|11\n|\n|t:|1776039172\n|switch|p1b: Sinistcha|Sinistcha-Masterpiece, L50|52/100 brn\n|-heal|p1a: Kommo-o|86/100|[from] ability: Hospitality|[of] p1b: Sinistcha\n|move|p1a: Kommo-o|Aura Sphere|p2a: Bastiodon\n|-supereffective|p2a: Bastiodon|2\n|-enditem|p2a: Bastiodon|Focus Sash\n|-damage|p2a: Bastiodon|1/100\n|move|p2b: Sinistcha|Matcha Gotcha|p1a: Kommo-o|[spread] p1a,p1b\n|-resisted|p1a: Kommo-o|1\n|-resisted|p1b: Sinistcha|1\n|-damage|p1a: Kommo-o|80/100\n|-heal|p2b: Sinistcha|44/100|[from] drain|[of] p1a: Kommo-o\n|-damage|p1b: Sinistcha|43/100 brn\n|-heal|p2b: Sinistcha|50/100|[from] drain|[of] p1b: Sinistcha\n|move|p2a: Bastiodon|Metal Burst|p1a: Kommo-o\n|-damage|p1a: Kommo-o|0 fnt\n|faint|p1a: Kommo-o\n|\n|-heal|p2b: Sinistcha|56/100|[from] item: Leftovers\n|-damage|p1b: Sinistcha|36/100 brn|[from] brn\n|upkeep\n|\n|t:|1776039183\n|switch|p1a: Kangaskhan|Kangaskhan, L50, F|56/100\n|turn|12\n|\n|t:|1776039225\n|move|p2b: Sinistcha|Protect|p2b: Sinistcha\n|-singleturn|p2b: Sinistcha|Protect\n|move|p1a: Kangaskhan|Fake Out|p2a: Bastiodon\n|-resisted|p2a: Bastiodon|2\n|-damage|p2a: Bastiodon|0 fnt\n|faint|p2a: Bastiodon\n|move|p1b: Sinistcha|Shadow Ball|p2b: Sinistcha\n|-activate|p2b: Sinistcha|move: Protect\n|\n|-heal|p2b: Sinistcha|62/100|[from] item: Leftovers\n|-damage|p1b: Sinistcha|30/100 brn|[from] brn\n|upkeep\n|turn|13\n|\n|t:|1776039237\n|move|p1a: Kangaskhan|Double-Edge|p2b: Sinistcha\n|-damage|p2b: Sinistcha|0 fnt\n|faint|p2b: Sinistcha\n|-damage|p1a: Kangaskhan|42/100|[from] Recoil\n|\n|win|KangarooToodleloo\n|raw|KangarooToodleloo's rating: 1079 &rarr; <strong>1101</strong><br />(+22 for winning)\n|raw|primeluke's rating: 1000 &rarr; <strong>1000</strong><br />(+0 for losing)\n|l|\u2606primeluke\n|player|p2|\n",
  "uploadtime": 1776039241,
  "views": 11,
  "formatid": "gen9championsvgc2026regma",
  "rating": 1000,
  "private": 0,
  "password": null
}