{
  "id": "gen9championsvgc2026regma-2582105781",
  "format": "[Gen 9 Champions] VGC 2026 Reg M-A",
  "players": [
    "tasoki",
    "ChilemRaen"
  ],
  "log": "|j|\u2606tasoki\n|j|\u2606ChilemRaen\n|t:|1776058590\n|gametype|doubles\n|player|p1|tasoki|1|1079\n|player|p2|ChilemRaen|265|1144\n|gen|9\n|tier|[Gen 9 Champions] VGC 2026 Reg M-A\n|rated|\n|rule|Species Clause: Limit one of each Pok\u00e9mon\n|rule|Item Clause: Limit 1 of each item\n|clearpoke\n|poke|p1|Incineroar, L50, F|\n|poke|p1|Gengar, L50, M|\n|poke|p1|Kommo-o, L50, F|\n|poke|p1|Tyranitar, L50, F|\n|poke|p1|Kingambit, L50, F|\n|poke|p1|Sinistcha, L50|\n|poke|p2|Sneasler, L50, F|\n|poke|p2|Pangoro, L50, F|\n|poke|p2|Sinistcha-Masterpiece, L50|\n|poke|p2|Floette-Eternal, L50, F|\n|poke|p2|Whimsicott, L50, M|\n|poke|p2|Aerodactyl, L50, F|\n|teampreview|4\n|\n|t:|1776058631\n|teamsize|p1|4\n|teamsize|p2|4\n|start\n|switch|p1a: Gengar|Gengar, L50, M|100/100\n|switch|p1b: Incineroar|Incineroar, L50, F|100/100\n|switch|p2a: Pangoro|Pangoro, L50, F|100/100\n|switch|p2b: Aerodactyl|Aerodactyl, L50, F|100/100\n|-ability|p2b: Aerodactyl|Unnerve\n|-ability|p1b: Incineroar|Intimidate|boost\n|-fail|p2a: Pangoro|unboost|Attack|[from] ability: Scrappy|[of] p2a: Pangoro\n|-unboost|p2b: Aerodactyl|atk|1\n|turn|1\n|\n|t:|1776058669\n|detailschange|p1a: Gengar|Gengar-Mega, L50, M\n|-mega|p1a: Gengar|Gengar|Gengarite\n|move|p2a: Pangoro|Protect|p2a: Pangoro\n|-singleturn|p2a: Pangoro|Protect\n|move|p1b: Incineroar|Fake Out|p2a: Pangoro\n|-activate|p2a: Pangoro|move: Protect\n|move|p1a: Gengar|Perish Song|p1a: Gengar\n|-start|p1a: Gengar|perish3|[silent]\n|-start|p1b: Incineroar|perish3|[silent]\n|-start|p2a: Pangoro|perish3|[silent]\n|-start|p2b: Aerodactyl|perish3|[silent]\n|-fieldactivate|move: Perish Song\n|move|p2b: Aerodactyl|Rock Slide|p1a: Gengar|[spread] p1b\n|-miss|p2b: Aerodactyl|p1a: Gengar\n|-supereffective|p1b: Incineroar|1\n|-damage|p1b: Incineroar|70/100\n|\n|-start|p1a: Gengar|perish3\n|-start|p2b: Aerodactyl|perish3\n|-start|p2a: Pangoro|perish3\n|-start|p1b: Incineroar|perish3\n|upkeep\n|turn|2\n|\n|t:|1776058702\n|move|p2b: Aerodactyl|Rock Slide|p1b: Incineroar|[spread] p1a,p1b\n|-supereffective|p1b: Incineroar|1\n|-damage|p1a: Gengar|74/100\n|-damage|p1b: Incineroar|34/100\n|move|p1a: Gengar|Substitute|p1a: Gengar\n|-start|p1a: Gengar|Substitute\n|-damage|p1a: Gengar|49/100\n|move|p2a: Pangoro|Storm Throw|p1b: Incineroar\n|-supereffective|p1b: Incineroar|1\n|-crit|p1b: Incineroar\n|-damage|p1b: Incineroar|0 fnt\n|faint|p1b: Incineroar\n|\n|-start|p2b: Aerodactyl|perish2\n|-start|p1a: Gengar|perish2\n|-start|p2a: Pangoro|perish2\n|upkeep\n|\n|t:|1776058718\n|switch|p1b: Sinistcha|Sinistcha, L50|100/100\n|-heal|p1a: Gengar|74/100|[from] ability: Hospitality|[of] p1b: Sinistcha\n|turn|3\n|\n|t:|1776058744\n|move|p1a: Gengar|Protect|p1a: Gengar\n|-singleturn|p1a: Gengar|Protect\n|move|p2b: Aerodactyl|Dual Wingbeat|p1b: Sinistcha\n|-supereffective|p1b: Sinistcha|1\n|-crit|p1b: Sinistcha\n|-damage|p1b: Sinistcha|43/100\n|-supereffective|p1b: Sinistcha|1\n|-damage|p1b: Sinistcha|18/100\n|-hitcount|p1b: Sinistcha|2\n|move|p2a: Pangoro|Knock Off|p1b: Sinistcha\n|-supereffective|p1b: Sinistcha|1\n|-damage|p1b: Sinistcha|0 fnt\n|-enditem|p1b: Sinistcha|Sitrus Berry|[from] move: Knock Off|[of] p2a: Pangoro\n|faint|p1b: Sinistcha\n|\n|-start|p1a: Gengar|perish1\n|-start|p2b: Aerodactyl|perish1\n|-start|p2a: Pangoro|perish1\n|upkeep\n|\n|t:|1776058763\n|switch|p1b: Tyranitar|Tyranitar, L50, F|100/100\n|-weather|Sandstorm|[from] ability: Sand Stream|[of] p1b: Tyranitar\n|turn|4\n|\n|t:|1776058772\n|move|p1a: Gengar|Sludge Bomb|p2b: Aerodactyl\n|-resisted|p2b: Aerodactyl|1\n|-damage|p2b: Aerodactyl|75/100\n|-status|p2b: Aerodactyl|psn\n|move|p2b: Aerodactyl|Dual Wingbeat|p1a: Gengar\n|-activate|p1a: Gengar|move: Substitute|[damage]\n|-end|p1a: Gengar|Substitute\n|-hitcount|p1a: Gengar|2\n|move|p1b: Tyranitar|Rock Slide|p2a: Pangoro|[spread] p2a\n|-miss|p1b: Tyranitar|p2b: Aerodactyl\n|-resisted|p2a: Pangoro|1\n|-crit|p2a: Pangoro\n|-damage|p2a: Pangoro|79/100\n|move|p2a: Pangoro|Knock Off|p1a: Gengar\n|-supereffective|p1a: Gengar|1\n|-damage|p1a: Gengar|0 fnt\n|faint|p1a: Gengar\n|\n|-weather|Sandstorm|[upkeep]\n|-damage|p2a: Pangoro|73/100|[from] Sandstorm\n|-damage|p2b: Aerodactyl|62/100 psn|[from] psn\n|-start|p2b: Aerodactyl|perish0\n|-start|p2a: Pangoro|perish0\n|upkeep\n|faint|p2b: Aerodactyl\n|faint|p2a: Pangoro\n|\n|t:|1776058787\n|switch|p2b: Whimsicott|Whimsicott, L50, M|100/100\n|switch|p2a: Floette|Floette-Eternal, L50, F|100/100\n|turn|5\n|-message|tasoki forfeited.\n|\n|win|ChilemRaen\n|raw|tasoki's rating: 1079 &rarr; <strong>1062</strong><br />(-17 for losing)\n|raw|ChilemRaen's rating: 1164 &rarr; <strong>1183</strong><br />(+19 for winning)\n|l|\u2606tasoki\n|player|p1|\n",
  "uploadtime": 1776058793,
  "views": 14,
  "formatid": "gen9championsvgc2026regma",
  "rating": 1062,
  "private": 0,
  "password": null
}