{
  "id": "gen9championsvgc2026regma-2587469559",
  "format": "[Gen 9 Champions] VGC 2026 Reg M-A",
  "players": [
    "Chef204",
    "soulvalley"
  ],
  "log": "|j|\u2606Chef204\n|j|\u2606soulvalley\n|t:|1776534471\n|gametype|doubles\n|player|p1|Chef204|cynthia-gen4|1184\n|player|p2|soulvalley|unknown|1104\n|gen|9\n|tier|[Gen 9 Champions] VGC 2026 Reg M-A\n|rated|\n|rule|Species Clause: Limit one of each Pok\u00e9mon\n|rule|Item Clause: Limit 1 of each item\n|clearpoke\n|poke|p1|Milotic, L50, F|\n|poke|p1|Archaludon, L50, M|\n|poke|p1|Talonflame, L50, F|\n|poke|p1|Delphox, L50, F|\n|poke|p1|Sinistcha-Masterpiece, L50, shiny|\n|poke|p1|Gardevoir, L50, F|\n|poke|p2|Sableye, L50, M|\n|poke|p2|Gengar, L50, M|\n|poke|p2|Orthworm, L50, M|\n|poke|p2|Delphox, L50, F|\n|poke|p2|Farigiraf, L50, F|\n|poke|p2|Aerodactyl, L50, M|\n|teampreview|4\n|inactive|Battle timer is ON: inactive players will automatically lose when time's up. (requested by Chef204)\n|inactive|Chef204 has 60 seconds left.\n|inactive|soulvalley has 60 seconds left.\n|inactive|Chef204 has 30 seconds left.\n|\n|t:|1776534538\n|teamsize|p1|4\n|teamsize|p2|4\n|start\n|switch|p1a: Milotic|Milotic, L50, F|100/100\n|switch|p1b: Talonflame|Talonflame, L50, F|100/100\n|switch|p2a: Sableye|Sableye, L50, M|100/100\n|switch|p2b: Orthworm|Orthworm, L50, M|100/100\n|turn|1\n|\n|t:|1776534552\n|move|p2a: Sableye|Fake Out|p1a: Milotic\n|-damage|p1a: Milotic|94/100\n|move|p1b: Talonflame|Tailwind|p1b: Talonflame\n|-sidestart|p1: Chef204|move: Tailwind\n|cant|p1a: Milotic|flinch\n|move|p2b: Orthworm|Shed Tail|p2b: Orthworm\n|-start|p2b: Orthworm|Substitute|[from] move: Shed Tail\n|-damage|p2b: Orthworm|50/100\n|-enditem|p2b: Orthworm|Sitrus Berry|[eat]\n|-heal|p2b: Orthworm|75/100|[from] item: Sitrus Berry\n|\n|t:|1776534567\n|switch|p2b: Gengar|Gengar, L50, M|100/100|[from] Shed Tail\n|\n|-heal|p1a: Milotic|99/100|[from] item: Leftovers\n|upkeep\n|turn|2\n|\n|t:|1776534580\n|detailschange|p2b: Gengar|Gengar-Mega, L50, M\n|-mega|p2b: Gengar|Gengar|Gengarite\n|move|p1b: Talonflame|Acrobatics|p2b: Gengar\n|-end|p2b: Gengar|Substitute\n|move|p2a: Sableye|Encore|p1b: Talonflame\n|-start|p1b: Talonflame|Encore\n|move|p1a: Milotic|Muddy Water|p2b: Gengar|[spread] p2a,p2b\n|-damage|p2a: Sableye|61/100\n|-damage|p2b: Gengar|59/100\n|move|p2b: Gengar|Thunderbolt|p1a: Milotic\n|-supereffective|p1a: Milotic|1\n|-damage|p1a: Milotic|42/100\n|-status|p1a: Milotic|par\n|\n|-heal|p1a: Milotic|48/100 par|[from] item: Leftovers\n|upkeep\n|turn|3\n|\n|t:|1776534600\n|move|p1b: Talonflame|Acrobatics|p2b: Gengar\n|-damage|p2b: Gengar|4/100\n|move|p2a: Sableye|Gravity|p2a: Sableye\n|-fieldstart|move: Gravity\n|move|p2b: Gengar|Hypnosis|p1b: Talonflame\n|-status|p1b: Talonflame|slp|[from] move: Hypnosis\n|move|p1a: Milotic|Muddy Water|p2b: Gengar|[spread] p2a,p2b\n|-damage|p2a: Sableye|22/100\n|-damage|p2b: Gengar|0 fnt\n|faint|p2b: Gengar\n|\n|-heal|p1a: Milotic|54/100 par|[from] item: Leftovers\n|upkeep\n|\n|t:|1776534610\n|switch|p2b: Aerodactyl|Aerodactyl, L50, M|100/100\n|turn|4\n|\n|t:|1776534620\n|cant|p1b: Talonflame|slp\n|move|p2b: Aerodactyl|Rock Slide|p1a: Milotic|[spread] p1a,p1b\n|-supereffective|p1b: Talonflame|2\n|-damage|p1a: Milotic|31/100 par\n|-damage|p1b: Talonflame|0 fnt\n|faint|p1b: Talonflame\n|cant|p1a: Milotic|flinch\n|move|p2a: Sableye|Foul Play|p1a: Milotic\n|-damage|p1a: Milotic|14/100 par\n|\n|-heal|p1a: Milotic|20/100 par|[from] item: Leftovers\n|-sideend|p1: Chef204|move: Tailwind\n|upkeep\n|\n|t:|1776534630\n|switch|p1b: Archaludon|Archaludon, L50, M|100/100\n|turn|5\n|\n|t:|1776534647\n|switch|p2b: Orthworm|Orthworm, L50, M|75/100\n|move|p1b: Archaludon|Flash Cannon|p2b: Orthworm\n|-resisted|p2b: Orthworm|1\n|-damage|p2b: Orthworm|44/100\n|move|p2a: Sableye|Foul Play|p1a: Milotic\n|-damage|p1a: Milotic|2/100 par\n|move|p1a: Milotic|Muddy Water|p2a: Sableye|[spread] p2a,p2b\n|-damage|p2a: Sableye|0 fnt\n|-damage|p2b: Orthworm|7/100\n|faint|p2a: Sableye\n|\n|-heal|p1a: Milotic|8/100 par|[from] item: Leftovers\n|upkeep\n|\n|t:|1776534657\n|switch|p2a: Aerodactyl|Aerodactyl, L50, M|100/100\n|turn|6\n|\n|t:|1776534666\n|move|p2a: Aerodactyl|Tailwind|p2a: Aerodactyl\n|-sidestart|p2: soulvalley|move: Tailwind\n|move|p2b: Orthworm|Body Press|p1b: Archaludon\n|-supereffective|p1b: Archaludon|1\n|-damage|p1b: Archaludon|52/100\n|move|p1b: Archaludon|Aura Sphere|p2b: Orthworm\n|-supereffective|p2b: Orthworm|1\n|-damage|p2b: Orthworm|0 fnt\n|faint|p2b: Orthworm\n|move|p1a: Milotic|Recover|p1a: Milotic\n|-heal|p1a: Milotic|58/100 par\n|\n|-heal|p1a: Milotic|65/100 par|[from] item: Leftovers\n|upkeep\n|turn|7\n|\n|t:|1776534679\n|move|p2a: Aerodactyl|Rock Slide|p1a: Milotic|[spread] p1a,p1b\n|-resisted|p1b: Archaludon|1\n|-damage|p1a: Milotic|41/100 par\n|-damage|p1b: Archaludon|42/100\n|move|p1b: Archaludon|Thunderbolt|p2a: Aerodactyl\n|-supereffective|p2a: Aerodactyl|1\n|-enditem|p2a: Aerodactyl|Focus Sash\n|-damage|p2a: Aerodactyl|1/100\n|move|p1a: Milotic|Muddy Water|p2a: Aerodactyl\n|-supereffective|p2a: Aerodactyl|1\n|-damage|p2a: Aerodactyl|0 fnt\n|faint|p2a: Aerodactyl\n|\n|win|Chef204\n|raw|Chef204's rating: 1184 &rarr; <strong>1203</strong><br />(+19 for winning)\n|raw|soulvalley's rating: 1104 &rarr; <strong>1085</strong><br />(-19 for losing)\n|l|\u2606soulvalley\n|player|p2|\n",
  "uploadtime": 1776534692,
  "views": 30,
  "formatid": "gen9championsvgc2026regma",
  "rating": 1085,
  "private": 0,
  "password": null
}