{
  "id": "gen9championsvgc2026regma-2587805606",
  "format": "[Gen 9 Champions] VGC 2026 Reg M-A",
  "players": [
    "Ryderrrrr",
    "vanthoci"
  ],
  "log": "|j|\u2606Ryderrrrr\n|j|\u2606vanthoci\n|t:|1776565823\n|gametype|doubles\n|player|p1|Ryderrrrr|wallace|1396\n|player|p2|vanthoci|liko|1518\n|gen|9\n|tier|[Gen 9 Champions] VGC 2026 Reg M-A\n|rated|\n|rule|Species Clause: Limit one of each Pok\u00e9mon\n|rule|Item Clause: Limit 1 of each item\n|clearpoke\n|poke|p1|Floette-Eternal, L50, F|\n|poke|p1|Blastoise, L50, M|\n|poke|p1|Talonflame, L50, F|\n|poke|p1|Incineroar, L50, M|\n|poke|p1|Sinistcha, L50|\n|poke|p1|Kingambit, L50, F|\n|poke|p2|Scizor, L50, F|\n|poke|p2|Dragonite, L50, F|\n|poke|p2|Archaludon, L50, F|\n|poke|p2|Sneasler, L50, M|\n|poke|p2|Basculegion, L50, M|\n|poke|p2|Pelipper, L50, M|\n|teampreview|4\n|inactive|Battle timer is ON: inactive players will automatically lose when time's up. (requested by Ryderrrrr)\n|inactive|Ryderrrrr has 60 seconds left.\n|\n|t:|1776565863\n|teamsize|p1|4\n|teamsize|p2|4\n|start\n|switch|p1a: Incineroar|Incineroar, L50, M|100/100\n|switch|p1b: Blastoise|Blastoise, L50, M|100/100\n|switch|p2a: Sneasler|Sneasler, L50, M|100/100\n|switch|p2b: Scizor|Scizor, L50, F|100/100\n|-ability|p1a: Incineroar|Intimidate|boost\n|-unboost|p2a: Sneasler|atk|1\n|-unboost|p2b: Scizor|atk|1\n|-enditem|p2a: Sneasler|White Herb\n|-clearnegativeboost|p2a: Sneasler|[silent]\n|turn|1\n|inactive|Ryderrrrr has 30 seconds left.\n|\n|t:|1776565889\n|switch|p2b: Basculegion|Basculegion, L50, M|100/100\n|detailschange|p1b: Blastoise|Blastoise-Mega, L50, M\n|-mega|p1b: Blastoise|Blastoise|Blastoisinite\n|move|p1b: Blastoise|Protect|p1b: Blastoise\n|-singleturn|p1b: Blastoise|Protect\n|move|p2a: Sneasler|Taunt|p1b: Blastoise\n|-activate|p1b: Blastoise|move: Protect\n|move|p1a: Incineroar|Parting Shot|p2a: Sneasler\n|-unboost|p2a: Sneasler|atk|1\n|-unboost|p2a: Sneasler|spa|1\n|\n|t:|1776565902\n|switch|p1a: Talonflame|Talonflame, L50, F|100/100|[from] Parting Shot\n|\n|upkeep\n|turn|2\n|\n|t:|1776565918\n|switch|p1b: Incineroar|Incineroar, L50, M|100/100\n|-ability|p1b: Incineroar|Intimidate|boost\n|-unboost|p2a: Sneasler|atk|1\n|-unboost|p2b: Basculegion|atk|1\n|move|p1a: Talonflame|Protect|p1a: Talonflame\n|-singleturn|p1a: Talonflame|Protect\n|move|p2b: Basculegion|Aqua Jet|p1a: Talonflame\n|-activate|p1a: Talonflame|move: Protect\n|move|p2a: Sneasler|Taunt|p1b: Incineroar\n|-start|p1b: Incineroar|move: Taunt\n|\n|upkeep\n|turn|3\n|inactive|Ryderrrrr has 30 seconds left.\n|\n|t:|1776565945\n|switch|p2a: Pelipper|Pelipper, L50, M|100/100\n|-weather|RainDance|[from] ability: Drizzle|[of] p2a: Pelipper\n|switch|p2b: Scizor|Scizor, L50, F|100/100\n|move|p1a: Talonflame|Will-O-Wisp|p2b: Scizor\n|-status|p2b: Scizor|brn\n|move|p1b: Incineroar|Flare Blitz|p2a: Pelipper\n|-resisted|p2a: Pelipper|1\n|-damage|p2a: Pelipper|86/100\n|-damage|p1b: Incineroar|97/100|[from] Recoil\n|\n|-weather|RainDance|[upkeep]\n|-damage|p2b: Scizor|94/100 brn|[from] brn\n|upkeep\n|turn|4\n|inactive|vanthoci has 30 seconds left.\n|inactive|Ryderrrrr has 30 seconds left.\n|inactive|Ryderrrrr has 20 seconds left.\n|\n|t:|1776565986\n|switch|p1b: Blastoise|Blastoise-Mega, L50, M|100/100\n|detailschange|p2b: Scizor|Scizor-Mega, L50, F\n|-mega|p2b: Scizor|Scizor|Scizorite\n|move|p1a: Talonflame|Protect|p1a: Talonflame\n|-singleturn|p1a: Talonflame|Protect\n|move|p2b: Scizor|Bullet Punch|p1a: Talonflame\n|-activate|p1a: Talonflame|move: Protect\n|move|p2a: Pelipper|Weather Ball|p1b: Blastoise\n|-resisted|p1b: Blastoise|1\n|-damage|p1b: Blastoise|70/100\n|\n|-weather|RainDance|[upkeep]\n|-damage|p2b: Scizor|88/100 brn|[from] brn\n|upkeep\n|turn|5\n|j| Choklit Milk\n|\n|t:|1776566009\n|move|p1a: Talonflame|Tailwind|p1a: Talonflame\n|-sidestart|p1: Ryderrrrr|move: Tailwind\n|move|p2b: Scizor|Bullet Punch|p1a: Talonflame\n|-resisted|p1a: Talonflame|1\n|-damage|p1a: Talonflame|87/100\n|move|p1b: Blastoise|Water Spout|p2b: Scizor|[spread] p2a,p2b\n|-resisted|p2a: Pelipper|1\n|-crit|p2a: Pelipper\n|-damage|p2a: Pelipper|0 fnt\n|-damage|p2b: Scizor|16/100 brn\n|faint|p2a: Pelipper\n|\n|-weather|RainDance|[upkeep]\n|-damage|p2b: Scizor|10/100 brn|[from] brn\n|upkeep\n|l| Choklit Milk\n|\n|t:|1776566028\n|switch|p2a: Basculegion|Basculegion, L50, M|100/100\n|turn|6\n|inactive|vanthoci has 30 seconds left.\n|inactive|vanthoci has 20 seconds left.\n|inactive|vanthoci has 15 seconds left.\n|\n|t:|1776566070\n|switch|p1a: Sinistcha|Sinistcha, L50|100/100\n|-heal|p1b: Blastoise|95/100|[from] ability: Hospitality|[of] p1a: Sinistcha\n|move|p1b: Blastoise|Water Spout|p2a: Basculegion|[spread] p2a,p2b\n|-resisted|p2a: Basculegion|1\n|-damage|p2a: Basculegion|43/100\n|-damage|p2b: Scizor|0 fnt\n|faint|p2b: Scizor\n|move|p2a: Basculegion|Flip Turn|p1b: Blastoise\n|-resisted|p1b: Blastoise|1\n|-damage|p1b: Blastoise|70/100\n|\n|t:|1776566081\n|switch|p2a: Sneasler|Sneasler, L50, M|100/100|[from] Flip Turn\n|\n|-weather|RainDance|[upkeep]\n|upkeep\n|\n|t:|1776566082\n|switch|p2b: Basculegion|Basculegion, L50, M|43/100\n|turn|7\n|\n|t:|1776566096\n|switch|p1b: Incineroar|Incineroar, L50, M|97/100\n|-ability|p1b: Incineroar|Intimidate|boost\n|-unboost|p2a: Sneasler|atk|1\n|-unboost|p2b: Basculegion|atk|1\n|move|p2b: Basculegion|Last Respects|p1a: Sinistcha\n|-supereffective|p1a: Sinistcha|1\n|-enditem|p1a: Sinistcha|Kasib Berry|[eat]\n|-enditem|p1a: Sinistcha|Kasib Berry|[weaken]\n|-damage|p1a: Sinistcha|58/100\n|move|p2a: Sneasler|Close Combat|p1b: Incineroar\n|-supereffective|p1b: Incineroar|1\n|-damage|p1b: Incineroar|10/100\n|-unboost|p2a: Sneasler|def|1\n|-unboost|p2a: Sneasler|spd|1\n|move|p1a: Sinistcha|Matcha Gotcha|p2a: Sneasler|[spread] p2a,p2b\n|-resisted|p2a: Sneasler|1\n|-supereffective|p2b: Basculegion|1\n|-damage|p2a: Sneasler|75/100\n|-heal|p1a: Sinistcha|69/100|[from] drain|[of] p2a: Sneasler\n|-damage|p2b: Basculegion|0 fnt\n|-heal|p1a: Sinistcha|92/100|[from] drain|[of] p2b: Basculegion\n|faint|p2b: Basculegion\n|\n|-weather|none\n|upkeep\n|turn|8\n|\n|t:|1776566119\n|move|p1a: Sinistcha|Rage Powder|p1a: Sinistcha\n|-singleturn|p1a: Sinistcha|move: Rage Powder\n|move|p1b: Incineroar|Flare Blitz|p2a: Sneasler\n|-damage|p2a: Sneasler|0 fnt\n|faint|p2a: Sneasler\n|-damage|p1b: Incineroar|0 fnt|[from] Recoil\n|faint|p1b: Incineroar\n|\n|win|Ryderrrrr\n|raw|Ryderrrrr's rating: 1396 &rarr; <strong>1423</strong><br />(+27 for winning)\n|raw|vanthoci's rating: 1518 &rarr; <strong>1491</strong><br />(-27 for losing)\n",
  "uploadtime": 1776566124,
  "views": 14,
  "formatid": "gen9championsvgc2026regma",
  "rating": 1423,
  "private": 0,
  "password": null
}