{
  "id": "gen9championsvgc2026regma-2588225327",
  "format": "[Gen 9 Champions] VGC 2026 Reg M-A",
  "players": [
    "dososm",
    "Millygan15"
  ],
  "log": "|j|\u2606dososm\n|j|\u2606Millygan15\n|t:|1776615968\n|gametype|doubles\n|player|p1|dososm|worker|1218\n|player|p2|Millygan15|volkner|1195\n|gen|9\n|tier|[Gen 9 Champions] VGC 2026 Reg M-A\n|rated|\n|rule|Species Clause: Limit one of each Pok\u00e9mon\n|rule|Item Clause: Limit 1 of each item\n|clearpoke\n|poke|p1|Floette-Eternal, L50, F|\n|poke|p1|Kingambit, L50, F, shiny|\n|poke|p1|Sneasler, L50, M, shiny|\n|poke|p1|Garchomp, L50, F, shiny|\n|poke|p1|Basculegion, L50, M, shiny|\n|poke|p1|Froslass, L50, F, shiny|\n|poke|p2|Zoroark-Hisui, L50, M|\n|poke|p2|Ditto, L50|\n|poke|p2|Incineroar, L50, F|\n|poke|p2|Dragonite, L50, M|\n|poke|p2|Sneasler, L50, F|\n|poke|p2|Ninetales-Alola, L50, F|\n|teampreview|4\n|inactive|Battle timer is ON: inactive players will automatically lose when time's up. (requested by Millygan15)\nMillygan15 rejected open team sheets.\n|c|\u2606dososm|go go power rangeeeeer\n|\n|t:|1776616010\n|teamsize|p1|4\n|teamsize|p2|4\n|start\n|switch|p1a: Bochan|Kingambit, L50, F, shiny|100/100\n|switch|p1b: Illojuan lover|Froslass, L50, F, shiny|100/100\n|switch|p2a: Ninetales|Ninetales-Alola, L50, F|100/100\n|switch|p2b: Ditto|Ditto, L50|100/100\n|-transform|p2b: Ditto|p1a: Bochan|[from] ability: Imposter\n|turn|1\n|c|\u2606dososm|tuunnununununu\n|c|\u2606dososm|gogogogo power rangeeeers\n|inactive|dososm has 30 seconds left.\n|\n|t:|1776616039\n|detailschange|p1b: Illojuan lover|Froslass-Mega, L50, F, shiny\n|-mega|p1b: Illojuan lover|Froslass|Froslassite\n|-weather|Snowscape|[from] ability: Snow Warning|[of] p1b: Illojuan lover\n|move|p2a: Ninetales|Will-O-Wisp|p1a: Bochan\n|-status|p1a: Bochan|brn\n|move|p1b: Illojuan lover|Blizzard|p2a: Ninetales|[spread] p2a,p2b\n|-resisted|p2b: Ditto|1\n|-damage|p2a: Ninetales|32/100\n|-damage|p2b: Ditto|71/100\n|-status|p2a: Ninetales|frz\n|replace|p2a: Zoroark|Zoroark-Hisui, L50, M\n|-end|p2a: Zoroark|Illusion\n|move|p1a: Bochan|Low Kick|p2b: Ditto\n|-supereffective|p2b: Ditto|2\n|-damage|p2b: Ditto|3/100\n|move|p2b: Ditto|Kowtow Cleave|p1b: Illojuan lover\n|-supereffective|p1b: Illojuan lover|1\n|-damage|p1b: Illojuan lover|20/100\n|\n|-weather|Snowscape|[upkeep]\n|-damage|p1a: Bochan|95/100 brn|[from] brn\n|upkeep\n|turn|2\n|inactive|dososm has 30 seconds left.\n|inactive|Millygan15 has 30 seconds left.\n|\n|t:|1776616073\n|move|p2b: Ditto|Protect|p2b: Ditto\n|-singleturn|p2b: Ditto|Protect\n|cant|p2a: Zoroark|frz\n|move|p1b: Illojuan lover|Shadow Ball|p2b: Ditto\n|-activate|p2b: Ditto|move: Protect\n|move|p1a: Bochan|Kowtow Cleave|p2a: Zoroark\n|-supereffective|p2a: Zoroark|1\n|-damage|p2a: Zoroark|0 fnt\n|faint|p2a: Zoroark\n|\n|-weather|Snowscape|[upkeep]\n|-damage|p1a: Bochan|89/100 brn|[from] brn\n|upkeep\n|\n|t:|1776616085\n|switch|p2a: Ninetales|Ninetales-Alola, L50, F|100/100\n|turn|3\n|\n|t:|1776616104\n|move|p1a: Bochan|Sucker Punch|p2b: Ditto\n|-resisted|p2b: Ditto|1\n|-damage|p2b: Ditto|0 fnt\n|faint|p2b: Ditto\n|move|p2a: Ninetales|Blizzard|p1b: Illojuan lover|[spread] p1a,p1b\n|-resisted|p1a: Bochan|1\n|-resisted|p1b: Illojuan lover|1\n|-damage|p1a: Bochan|74/100 brn\n|-damage|p1b: Illojuan lover|6/100\n|move|p1b: Illojuan lover|Blizzard|p2a: Ninetales\n|-resisted|p2a: Ninetales|1\n|-damage|p2a: Ninetales|69/100\n|\n|-weather|Snowscape|[upkeep]\n|-damage|p1a: Bochan|69/100 brn|[from] brn\n|upkeep\n|\n|t:|1776616113\n|switch|p2b: Sneasler|Sneasler, L50, F|100/100\n|turn|4\n|\n|t:|1776616119\n|move|p1b: Illojuan lover|Protect|p1b: Illojuan lover\n|-singleturn|p1b: Illojuan lover|Protect\n|move|p1a: Bochan|Protect|p1a: Bochan\n|-singleturn|p1a: Bochan|Protect\n|move|p2b: Sneasler|Fake Out|p1a: Bochan\n|-activate|p1a: Bochan|move: Protect\n|move|p2a: Ninetales|Blizzard|p1a: Bochan|[spread] \n|-activate|p1a: Bochan|move: Protect\n|-activate|p1b: Illojuan lover|move: Protect\n|\n|-weather|Snowscape|[upkeep]\n|-damage|p1a: Bochan|63/100 brn|[from] brn\n|upkeep\n|turn|5\n|\n|t:|1776616137\n|move|p1a: Bochan|Sucker Punch|p2b: Sneasler\n|-resisted|p2b: Sneasler|1\n|-damage|p2b: Sneasler|84/100\n|move|p2a: Ninetales|Blizzard|p1b: Illojuan lover|[spread] p1a,p1b\n|-resisted|p1a: Bochan|1\n|-crit|p1a: Bochan\n|-resisted|p1b: Illojuan lover|1\n|-damage|p1a: Bochan|41/100 brn\n|-damage|p1b: Illojuan lover|0 fnt\n|faint|p1b: Illojuan lover\n|move|p2b: Sneasler|Close Combat|p1a: Bochan\n|-supereffective|p1a: Bochan|2\n|-enditem|p1a: Bochan|Chople Berry|[eat]\n|-enditem|p1a: Bochan|Chople Berry|[weaken]\n|-damage|p1a: Bochan|0 fnt\n|-unboost|p2b: Sneasler|def|1\n|-unboost|p2b: Sneasler|spd|1\n|faint|p1a: Bochan\n|\n|-weather|none\n|upkeep\n|\n|t:|1776616152\n|switch|p1b: Mss Floette 2026|Floette-Eternal, L50, F|100/100\n|switch|p1a: Miau|Sneasler, L50, M, shiny|100/100\n|turn|6\n|\n|t:|1776616166\n|move|p2b: Sneasler|Protect|p2b: Sneasler\n|-singleturn|p2b: Sneasler|Protect\n|move|p2a: Ninetales|Blizzard|p1b: Mss Floette 2026|[spread] p1a,p1b\n|-damage|p1a: Miau|61/100\n|-damage|p1b: Mss Floette 2026|71/100\n|move|p1a: Miau|Dire Claw|p2a: Ninetales\n|-supereffective|p2a: Ninetales|1\n|-damage|p2a: Ninetales|0 fnt\n|faint|p2a: Ninetales\n|move|p1b: Mss Floette 2026|Moonblast|p2b: Sneasler\n|-activate|p2b: Sneasler|move: Protect\n|\n|upkeep\n|turn|7\n|\n|t:|1776616183\n|move|p2b: Sneasler|Dire Claw|p1b: Mss Floette 2026\n|-supereffective|p1b: Mss Floette 2026|1\n|-damage|p1b: Mss Floette 2026|0 fnt\n|faint|p1b: Mss Floette 2026\n|move|p1a: Miau|Close Combat|p2b: Sneasler\n|-resisted|p2b: Sneasler|1\n|-damage|p2b: Sneasler|1/100\n|-unboost|p1a: Miau|def|1\n|-unboost|p1a: Miau|spd|1\n|-immune|p2b: Sneasler\n|\n|upkeep\n|turn|8\n|\n|t:|1776616198\n|move|p2b: Sneasler|Close Combat|p1a: Miau\n|-resisted|p1a: Miau|1\n|-damage|p1a: Miau|0 fnt\n|-unboost|p2b: Sneasler|def|1\n|-unboost|p2b: Sneasler|spd|1\n|faint|p1a: Miau\n|\n|win|Millygan15\n|raw|dososm's rating: 1218 &rarr; <strong>1191</strong><br />(-27 for losing)\n|raw|Millygan15's rating: 1195 &rarr; <strong>1222</strong><br />(+27 for winning)\n|c|\u2606dososm|66\n|c|\u2606Millygan15|gg\n|c|\u2606dososm|tg\n",
  "uploadtime": 1776616207,
  "views": 8,
  "formatid": "gen9championsvgc2026regma",
  "rating": 1191,
  "private": 0,
  "password": null
}