{
  "id": "gen9championsvgc2026regma-2587934112",
  "format": "[Gen 9 Champions] VGC 2026 Reg M-A",
  "players": [
    "Todo CCT",
    "Umanohito"
  ],
  "log": "|j|\u2606Todo CCT\n|j|\u2606Umanohito\n|t:|1776581196\n|gametype|doubles\n|player|p1|Todo CCT|giovanni|1306\n|player|p2|Umanohito|101|1271\n|gen|9\n|tier|[Gen 9 Champions] VGC 2026 Reg M-A\n|rated|\n|rule|Species Clause: Limit one of each Pok\u00e9mon\n|rule|Item Clause: Limit 1 of each item\n|clearpoke\n|poke|p1|Sneasler, L50, M|\n|poke|p1|Kingambit, L50, F|\n|poke|p1|Farigiraf, L50, F|\n|poke|p1|Torkoal, L50, M|\n|poke|p1|Whimsicott, L50, F|\n|poke|p1|Floette-Eternal, L50, F|\n|poke|p2|Slowbro, L50, M|\n|poke|p2|Incineroar, L50, M|\n|poke|p2|Sinistcha, L50|\n|poke|p2|Sneasler, L50, M|\n|poke|p2|Garchomp, L50, M|\n|poke|p2|Meowstic, L50, M|\n|teampreview|4\n|inactive|Battle timer is ON: inactive players will automatically lose when time's up. (requested by Todo CCT)\n|\n|t:|1776581268\n|teamsize|p1|4\n|teamsize|p2|4\n|start\n|switch|p1a: Floette|Floette-Eternal, L50, F|100/100\n|switch|p1b: Kingambit|Kingambit, L50, F|100/100\n|switch|p2a: Slowbro|Slowbro, L50, M|100/100\n|switch|p2b: Sneasler|Sneasler, L50, M|100/100\n|turn|1\n|inactive|Todo CCT has 30 seconds left.\n|inactive|Umanohito has 30 seconds left.\n|inactive|Umanohito has 20 seconds left.\n|inactive|Umanohito has 15 seconds left.\n|\n|t:|1776581309\n|switch|p1a: Whimsicott|Whimsicott, L50, F|100/100\n|detailschange|p2a: Slowbro|Slowbro-Mega, L50, M\n|-mega|p2a: Slowbro|Slowbro|Slowbronite\n|move|p2b: Sneasler|Toxic Spikes|p1b: Kingambit\n|-sidestart|p1: Todo CCT|move: Toxic Spikes\n|move|p1b: Kingambit|Kowtow Cleave|p2a: Slowbro\n|-supereffective|p2a: Slowbro|1\n|-damage|p2a: Slowbro|59/100\n|move|p2a: Slowbro|Amnesia|p2a: Slowbro\n|-boost|p2a: Slowbro|spd|2\n|\n|upkeep\n|turn|2\n|inactive|Umanohito has 30 seconds left.\n|inactive|Umanohito has 20 seconds left.\n|inactive|Umanohito has 15 seconds left.\n|inactive|Umanohito has 10 seconds left.\n|inactive|Umanohito has 5 seconds left.\n|\n|t:|1776581361\n|move|p1a: Whimsicott|Encore|p2b: Sneasler\n|-start|p2b: Sneasler|Encore\n|move|p2b: Sneasler|Toxic Spikes|p1a: Whimsicott\n|-sidestart|p1: Todo CCT|move: Toxic Spikes\n|move|p1b: Kingambit|Kowtow Cleave|p2a: Slowbro\n|-supereffective|p2a: Slowbro|1\n|-damage|p2a: Slowbro|14/100\n|move|p2a: Slowbro|Iron Defense|p2a: Slowbro\n|-boost|p2a: Slowbro|def|2\n|\n|upkeep\n|turn|3\n|\n|t:|1776581379\n|switch|p2b: Sinistcha|Sinistcha, L50|100/100\n|-heal|p2a: Slowbro|39/100|[from] ability: Hospitality|[of] p2b: Sinistcha\n|move|p1a: Whimsicott|Tailwind|p1a: Whimsicott\n|-sidestart|p1: Todo CCT|move: Tailwind\n|move|p1b: Kingambit|Kowtow Cleave|p2a: Slowbro\n|-supereffective|p2a: Slowbro|1\n|-damage|p2a: Slowbro|17/100\n|move|p2a: Slowbro|Slack Off|p2a: Slowbro\n|-heal|p2a: Slowbro|67/100\n|\n|upkeep\n|turn|4\n|\n|t:|1776581403\n|move|p1a: Whimsicott|Encore|p2a: Slowbro\n|-start|p2a: Slowbro|Encore\n|move|p1b: Kingambit|Kowtow Cleave|p2b: Sinistcha\n|-supereffective|p2b: Sinistcha|1\n|-damage|p2b: Sinistcha|13/100\n|move|p2b: Sinistcha|Life Dew|p2b: Sinistcha|[spread] p2a,p2b\n|-heal|p2a: Slowbro|93/100\n|-heal|p2b: Sinistcha|38/100\n|move|p2a: Slowbro|Slack Off|p2a: Slowbro\n|-heal|p2a: Slowbro|100/100\n|\n|-heal|p2b: Sinistcha|44/100|[from] item: Leftovers\n|upkeep\n|turn|5\n|inactive|Umanohito has 30 seconds left.\n|inactive|Umanohito has 20 seconds left.\n|\n|t:|1776581439\n|move|p1a: Whimsicott|Fake Tears|p2a: Slowbro\n|-unboost|p2a: Slowbro|spd|2\n|move|p1b: Kingambit|Kowtow Cleave|p2b: Sinistcha\n|-supereffective|p2b: Sinistcha|1\n|-damage|p2b: Sinistcha|0 fnt\n|faint|p2b: Sinistcha\n|move|p2a: Slowbro|Slack Off||[still]\n|-fail|p2a: Slowbro|heal\n|\n|upkeep\n|\n|t:|1776581458\n|switch|p2b: Sneasler|Sneasler, L50, M|100/100\n|turn|6\n|inactive|Umanohito has 30 seconds left.\n|\n|t:|1776581484\n|switch|p1b: Farigiraf|Farigiraf, L50, F|100/100\n|-status|p1b: Farigiraf|tox\n|move|p1a: Whimsicott|Fake Tears|p2a: Slowbro\n|-unboost|p2a: Slowbro|spd|2\n|move|p2b: Sneasler|Toxic|p1a: Whimsicott\n|-status|p1a: Whimsicott|tox\n|move|p2a: Slowbro|Slack Off||[still]\n|-fail|p2a: Slowbro|heal\n|\n|-damage|p1a: Whimsicott|95/100 tox|[from] psn\n|-damage|p1b: Farigiraf|94/100 tox|[from] psn\n|-end|p2a: Slowbro|Encore\n|-sideend|p1: Todo CCT|move: Tailwind\n|upkeep\n|turn|7\n|\n|t:|1776581504\n|switch|p2a: Incineroar|Incineroar, L50, M|100/100\n|-ability|p2a: Incineroar|Intimidate|boost\n|-unboost|p1a: Whimsicott|atk|1\n|-unboost|p1b: Farigiraf|atk|1\n|move|p2b: Sneasler|Protect|p2b: Sneasler\n|-singleturn|p2b: Sneasler|Protect\n|move|p1a: Whimsicott|Encore|p2a: Incineroar\n|-hint|Since gen 7, Dark is immune to Prankster moves.\n|-immune|p2a: Incineroar\n|move|p1b: Farigiraf|Twin Beam|p2b: Sneasler\n|-activate|p2b: Sneasler|move: Protect\n|\n|-damage|p1a: Whimsicott|83/100 tox|[from] psn\n|-damage|p1b: Farigiraf|82/100 tox|[from] psn\n|upkeep\n|turn|8\n|inactive|Umanohito has 30 seconds left.\n|\n|t:|1776581530\n|switch|p2b: Slowbro|Slowbro-Mega, L50, M|100/100\n|switch|p1a: Kingambit|Kingambit, L50, F|100/100\n|move|p1b: Farigiraf|Twin Beam|p2b: Slowbro\n|-resisted|p2b: Slowbro|1\n|-damage|p2b: Slowbro|94/100\n|-resisted|p2b: Slowbro|1\n|-damage|p2b: Slowbro|87/100\n|-hitcount|p2b: Slowbro|2\n|move|p2a: Incineroar|Parting Shot|p1a: Kingambit\n|-unboost|p1a: Kingambit|atk|1\n|-ability|p1a: Kingambit|Defiant|boost\n|-boost|p1a: Kingambit|atk|2\n|-unboost|p1a: Kingambit|spa|1\n|-ability|p1a: Kingambit|Defiant|boost\n|-boost|p1a: Kingambit|atk|2\n|\n|t:|1776581546\n|switch|p2a: Sneasler|Sneasler, L50, M|100/100|[from] Parting Shot\n|\n|-damage|p1b: Farigiraf|63/100 tox|[from] psn\n|upkeep\n|turn|9\n|\n|t:|1776581563\n|move|p2a: Sneasler|Fake Out||[still]\n|cant|p1b: Farigiraf|ability: Armor Tail|Fake Out|[of] p2a: Sneasler\n|move|p1a: Kingambit|Kowtow Cleave|p2b: Slowbro\n|-supereffective|p2b: Slowbro|1\n|-damage|p2b: Slowbro|0 fnt\n|faint|p2b: Slowbro\n|move|p1b: Farigiraf|Twin Beam|p2a: Sneasler\n|-supereffective|p2a: Sneasler|2\n|-damage|p2a: Sneasler|1/100\n|-supereffective|p2a: Sneasler|2\n|-damage|p2a: Sneasler|0 fnt\n|faint|p2a: Sneasler\n|-hitcount|p2: Sneasler|2\n|\n|-damage|p1b: Farigiraf|39/100 tox|[from] psn\n|upkeep\n|-message|Umanohito forfeited.\n|\n|win|Todo CCT\n|raw|Todo CCT's rating: 1306 &rarr; <strong>1324</strong><br />(+18 for winning)\n|raw|Umanohito's rating: 1271 &rarr; <strong>1249</strong><br />(-22 for losing)\n|l|\u2606Umanohito\n|player|p2|\n",
  "uploadtime": 1776581586,
  "views": 14,
  "formatid": "gen9championsvgc2026regma",
  "rating": 1249,
  "private": 0,
  "password": null
}