{
  "id": "gen9championsvgc2026regma-2589433012",
  "format": "[Gen 9 Champions] VGC 2026 Reg M-A",
  "players": [
    "Tunderboltz",
    "Jamyrok"
  ],
  "log": "|j|\u2606Tunderboltz\n|j|\u2606Jamyrok\n|t:|1776722522\n|gametype|doubles\n|player|p1|Tunderboltz|drayton|1375\n|player|p2|Jamyrok|265|1298\n|gen|9\n|tier|[Gen 9 Champions] VGC 2026 Reg M-A\n|rated|\n|rule|Species Clause: Limit one of each Pok\u00e9mon\n|rule|Item Clause: Limit 1 of each item\n|clearpoke\n|poke|p1|Garchomp, L50, M|\n|poke|p1|Aegislash, L50, M, shiny|\n|poke|p1|Pelipper, L50, M|\n|poke|p1|Archaludon, L50, M|\n|poke|p1|Greninja, L50, F, shiny|\n|poke|p1|Lopunny, L50, F|\n|poke|p2|Rotom-Wash, L50|\n|poke|p2|Incineroar, L50, F|\n|poke|p2|Venusaur, L50, M|\n|poke|p2|Kommo-o, L50, M|\n|poke|p2|Tyranitar, L50, F|\n|poke|p2|Corviknight, L50, M|\n|teampreview|4\n|inactive|Battle timer is ON: inactive players will automatically lose when time's up. (requested by Tunderboltz)\n|inactive|Tunderboltz has 60 seconds left.\n|inactive|Jamyrok has 60 seconds left.\n|\n|t:|1776722556\n|teamsize|p1|4\n|teamsize|p2|4\n|start\n|switch|p1a: Hachi|Greninja, L50, F, shiny|100/100\n|switch|p1b: Bellion|Archaludon, L50, M|100/100\n|switch|p2a: Kommo-o|Kommo-o, L50, M|100/100\n|switch|p2b: Rotom|Rotom-Wash, L50|100/100\n|turn|1\n|inactive|Tunderboltz has 30 seconds left.\n|\n|t:|1776722588\n|move|p1a: Hachi|Protect|p1a: Hachi\n|-singleturn|p1a: Hachi|Protect\n|move|p2b: Rotom|Volt Switch|p1a: Hachi\n|-activate|p1a: Hachi|move: Protect\n|move|p1b: Bellion|Draco Meteor|p2a: Kommo-o\n|-supereffective|p2a: Kommo-o|1\n|-damage|p2a: Kommo-o|0 fnt\n|-unboost|p1b: Bellion|spa|2\n|faint|p2a: Kommo-o\n|\n|upkeep\n|\n|t:|1776722608\n|switch|p2a: Venusaur|Venusaur, L50, M|100/100\n|turn|2\n|\n|t:|1776722632\n|switch|p1b: Percy|Pelipper, L50, M|100/100\n|-weather|RainDance|[from] ability: Drizzle|[of] p1b: Percy\n|detailschange|p2a: Venusaur|Venusaur-Mega, L50, M\n|-mega|p2a: Venusaur|Venusaur|Venusaurite\n|move|p2b: Rotom|Volt Switch|p1b: Percy\n|-supereffective|p1b: Percy|2\n|-damage|p1b: Percy|0 fnt\n|faint|p1b: Percy\n|\n|t:|1776722643\n|switch|p2b: Tyranitar|Tyranitar, L50, F|100/100|[from] Volt Switch\n|-weather|Sandstorm|[from] ability: Sand Stream|[of] p2b: Tyranitar\n|move|p1a: Hachi|Blizzard|p2a: Venusaur|[spread] p2a,p2b\n|-supereffective|p2a: Venusaur|1\n|-damage|p2a: Venusaur|82/100\n|-damage|p2b: Tyranitar|86/100\n|move|p2a: Venusaur|Leech Seed|p1a: Hachi\n|-start|p1a: Hachi|move: Leech Seed\n|\n|-weather|Sandstorm|[upkeep]\n|-damage|p1a: Hachi|94/100|[from] Sandstorm\n|-damage|p2a: Venusaur|76/100|[from] Sandstorm\n|-damage|p1a: Hachi|82/100|[from] Leech Seed|[of] p2a: Venusaur\n|-heal|p2a: Venusaur|86/100|[silent]\n|upkeep\n|\n|t:|1776722651\n|switch|p1b: Clover|Lopunny, L50, F|100/100\n|turn|3\n|inactive|Jamyrok has 30 seconds left.\n|\n|t:|1776722677\n|switch|p1a: Bellion|Archaludon, L50, M|100/100\n|detailschange|p1b: Clover|Lopunny-Mega, L50, F\n|-mega|p1b: Clover|Lopunny|Lopunnite\n|move|p2b: Tyranitar|Protect|p2b: Tyranitar\n|-singleturn|p2b: Tyranitar|Protect\n|move|p1b: Clover|Close Combat|p2b: Tyranitar\n|-activate|p2b: Tyranitar|move: Protect\n|move|p2a: Venusaur|Leech Seed|p1b: Clover\n|-start|p1b: Clover|move: Leech Seed\n|\n|-weather|Sandstorm|[upkeep]\n|-damage|p1b: Clover|95/100|[from] Sandstorm\n|-damage|p2a: Venusaur|80/100|[from] Sandstorm\n|-damage|p1b: Clover|83/100|[from] Leech Seed|[of] p2a: Venusaur\n|-heal|p2a: Venusaur|89/100|[silent]\n|upkeep\n|turn|4\n|inactive|Jamyrok has 30 seconds left.\n|\n|t:|1776722704\n|switch|p2b: Rotom|Rotom-Wash, L50|100/100\n|move|p1b: Clover|U-turn|p2b: Rotom\n|-damage|p2b: Rotom|63/100\n|\n|t:|1776722706\n|switch|p1b: Hachi|Greninja, L50, F, shiny|82/100|[from] U-turn\n|move|p1a: Bellion|Flash Cannon|p2a: Venusaur\n|-damage|p2a: Venusaur|61/100\n|move|p2a: Venusaur|Leech Seed|p1a: Bellion\n|-start|p1a: Bellion|move: Leech Seed\n|\n|-weather|Sandstorm|[upkeep]\n|-damage|p2b: Rotom|58/100|[from] Sandstorm\n|-damage|p1b: Hachi|76/100|[from] Sandstorm\n|-damage|p2a: Venusaur|56/100|[from] Sandstorm\n|-damage|p1a: Bellion|88/100|[from] Leech Seed|[of] p2a: Venusaur\n|-heal|p2a: Venusaur|66/100|[silent]\n|upkeep\n|turn|5\n|\n|t:|1776722727\n|move|p1b: Hachi|Protect|p1b: Hachi\n|-singleturn|p1b: Hachi|Protect\n|move|p2b: Rotom|Volt Switch|p1a: Bellion\n|-resisted|p1a: Bellion|1\n|-damage|p1a: Bellion|65/100\n|-ability|p1a: Bellion|Stamina|boost\n|-boost|p1a: Bellion|def|1\n|\n|t:|1776722734\n|switch|p2b: Tyranitar|Tyranitar, L50, F|86/100|[from] Volt Switch\n|move|p1a: Bellion|Draco Meteor|p2b: Tyranitar\n|-damage|p2b: Tyranitar|43/100\n|-unboost|p1a: Bellion|spa|2\n|move|p2a: Venusaur|Leech Seed|p1b: Hachi\n|-activate|p1b: Hachi|move: Protect\n|\n|-weather|Sandstorm|[upkeep]\n|-damage|p1b: Hachi|70/100|[from] Sandstorm\n|-damage|p2a: Venusaur|60/100|[from] Sandstorm\n|-damage|p1a: Bellion|53/100|[from] Leech Seed|[of] p2a: Venusaur\n|-heal|p2a: Venusaur|71/100|[silent]\n|upkeep\n|turn|6\n|\n|t:|1776722751\n|switch|p1a: Clover|Lopunny-Mega, L50, F|83/100\n|move|p1b: Hachi|Hydro Pump|p2b: Tyranitar\n|-supereffective|p2b: Tyranitar|1\n|-damage|p2b: Tyranitar|0 fnt\n|faint|p2b: Tyranitar\n|move|p2a: Venusaur|Giga Drain|p1a: Clover\n|-damage|p1a: Clover|44/100\n|-heal|p2a: Venusaur|86/100|[from] drain|[of] p1a: Clover\n|\n|-weather|none\n|upkeep\n|\n|t:|1776722761\n|switch|p2b: Rotom|Rotom-Wash, L50|58/100\n|turn|7\n|inactive|Jamyrok has 30 seconds left.\n|\n|t:|1776722787\n|move|p1a: Clover|Fake Out|p2b: Rotom\n|-damage|p2b: Rotom|25/100\n|cant|p2b: Rotom|flinch\n|move|p1b: Hachi|Hydro Pump|p2b: Rotom\n|-resisted|p2b: Rotom|1\n|-damage|p2b: Rotom|0 fnt\n|faint|p2b: Rotom\n|move|p2a: Venusaur|Giga Drain|p1b: Hachi\n|-supereffective|p1b: Hachi|1\n|-damage|p1b: Hachi|0 fnt\n|-heal|p2a: Venusaur|100/100|[from] drain|[of] p1b: Hachi\n|faint|p1b: Hachi\n|\n|upkeep\n|\n|t:|1776722790\n|switch|p1b: Bellion|Archaludon, L50, M|53/100\n|turn|8\n|\n|t:|1776722810\n|move|p1a: Clover|Triple Axel|p2a: Venusaur\n|-supereffective|p2a: Venusaur|1\n|-damage|p2a: Venusaur|94/100\n|-supereffective|p2a: Venusaur|1\n|-damage|p2a: Venusaur|81/100\n|-supereffective|p2a: Venusaur|1\n|-damage|p2a: Venusaur|64/100\n|-hitcount|p2a: Venusaur|3\n|move|p1b: Bellion|Flash Cannon|p2a: Venusaur\n|-crit|p2a: Venusaur\n|-damage|p2a: Venusaur|23/100\n|move|p2a: Venusaur|Sludge Bomb|p1a: Clover\n|-damage|p1a: Clover|0 fnt\n|faint|p1a: Clover\n|\n|upkeep\n|turn|9\n|\n|t:|1776722827\n|move|p2a: Venusaur|Protect|p2a: Venusaur\n|-singleturn|p2a: Venusaur|Protect\n|move|p1b: Bellion|Draco Meteor|p2a: Venusaur\n|-activate|p2a: Venusaur|move: Protect\n|\n|upkeep\n|turn|10\n|\n|t:|1776722834\n|move|p1b: Bellion|Draco Meteor|p2a: Venusaur\n|-damage|p2a: Venusaur|0 fnt\n|-unboost|p1b: Bellion|spa|2\n|faint|p2a: Venusaur\n|\n|win|Tunderboltz\n|raw|Tunderboltz's rating: 1394 &rarr; <strong>1409</strong><br />(+15 for winning)\n|raw|Jamyrok's rating: 1298 &rarr; <strong>1280</strong><br />(-18 for losing)\n|c|\u2606Tunderboltz|ggwp\n",
  "uploadtime": 1776722837,
  "views": 6,
  "formatid": "gen9championsvgc2026regma",
  "rating": 1280,
  "private": 0,
  "password": null
}