{
  "id": "gen9championsvgc2026regma-2582059479",
  "format": "[Gen 9 Champions] VGC 2026 Reg M-A",
  "players": [
    "LudiKO",
    "ChilemRaen"
  ],
  "log": "|j|\u2606LudiKO\n|j|\u2606ChilemRaen\n|t:|1776052993\n|gametype|doubles\n|player|p1|LudiKO|170|1024\n|player|p2|ChilemRaen|265|1013\n|gen|9\n|tier|[Gen 9 Champions] VGC 2026 Reg M-A\n|rated|\n|rule|Species Clause: Limit one of each Pok\u00e9mon\n|rule|Item Clause: Limit 1 of each item\n|clearpoke\n|poke|p1|Starmie, L50|\n|poke|p1|Infernape, L50, M|\n|poke|p1|Aegislash, L50, F|\n|poke|p1|Dragapult, L50, M|\n|poke|p1|Klefki, L50, M|\n|poke|p1|Liepard, L50, F|\n|poke|p2|Sneasler, L50, M|\n|poke|p2|Pangoro, L50, F|\n|poke|p2|Sinistcha-Masterpiece, L50|\n|poke|p2|Floette-Eternal, L50, F|\n|poke|p2|Whimsicott, L50, M|\n|poke|p2|Gengar, L50, F|\n|teampreview|4\n|inactive|Battle timer is ON: inactive players will automatically lose when time's up. (requested by LudiKO)\n|\n|t:|1776053013\n|teamsize|p1|4\n|teamsize|p2|4\n|start\n|switch|p1a: Starmie|Starmie, L50|100/100\n|switch|p1b: Infernape|Infernape, L50, M|100/100\n|switch|p2a: Whimsicott|Whimsicott, L50, M|100/100\n|switch|p2b: Pangoro|Pangoro, L50, F|100/100\n|turn|1\n|\n|t:|1776053027\n|detailschange|p1a: Starmie|Starmie-Mega, L50\n|-mega|p1a: Starmie|Starmie|Starminite\n|move|p1b: Infernape|Fake Out|p2a: Whimsicott\n|-damage|p2a: Whimsicott|86/100\n|cant|p2a: Whimsicott|flinch\n|move|p1a: Starmie|Skill Swap|p1b: Infernape\n|-activate|p1a: Starmie|Skill Swap|||[of] p1b: Infernape\n|move|p2b: Pangoro|Darkest Lariat|p1a: Starmie\n|-supereffective|p1a: Starmie|1\n|-damage|p1a: Starmie|0 fnt\n|faint|p1a: Starmie\n|\n|upkeep\n|\n|t:|1776053039\n|switch|p1a: Liepard|Liepard, L50, F|100/100\n|turn|2\n|\n|t:|1776053049\n|move|p1a: Liepard|Fake Out|p2a: Whimsicott\n|-crit|p2a: Whimsicott\n|-damage|p2a: Whimsicott|71/100\n|cant|p2a: Whimsicott|flinch\n|move|p1b: Infernape|Mach Punch|p2b: Pangoro\n|-supereffective|p2b: Pangoro|1\n|-enditem|p2b: Pangoro|Chople Berry|[eat]\n|-enditem|p2b: Pangoro|Chople Berry|[weaken]\n|-damage|p2b: Pangoro|62/100\n|move|p2b: Pangoro|Storm Throw|p1b: Infernape\n|-crit|p1b: Infernape\n|-damage|p1b: Infernape|26/100\n|\n|upkeep\n|turn|3\n|inactive|ChilemRaen has 30 seconds left.\n|\n|t:|1776053078\n|move|p1b: Infernape|Protect|p1b: Infernape\n|-singleturn|p1b: Infernape|Protect\n|move|p2a: Whimsicott|Encore|p1b: Infernape\n|-activate|p1b: Infernape|move: Protect\n|move|p1a: Liepard|U-turn|p2a: Whimsicott\n|-damage|p2a: Whimsicott|53/100\n|\n|t:|1776053084\n|switch|p1a: Aegislash|Aegislash, L50, F|100/100|[from] U-turn\n|move|p2b: Pangoro|Storm Throw|p1a: Aegislash\n|-supereffective|p1a: Aegislash|1\n|-crit|p1a: Aegislash\n|-damage|p1a: Aegislash|38/100\n|\n|-heal|p1a: Aegislash|44/100|[from] item: Leftovers\n|upkeep\n|turn|4\n|\n|t:|1776053101\n|move|p1a: Aegislash|King's Shield|p1a: Aegislash\n|-singleturn|p1a: Aegislash|Protect\n|move|p2a: Whimsicott|Encore|p1b: Infernape\n|-start|p1b: Infernape|Encore\n|move|p1b: Infernape|Protect|p1b: Infernape\n|-singleturn|p1b: Infernape|Protect\n|move|p2b: Pangoro|Storm Throw|p1a: Aegislash\n|-activate|p1a: Aegislash|move: Protect\n|-unboost|p2b: Pangoro|atk|1\n|\n|-heal|p1a: Aegislash|50/100|[from] item: Leftovers\n|upkeep\n|turn|5\n|\n|t:|1776053116\n|switch|p1a: Liepard|Liepard, L50, F|100/100\n|move|p1b: Infernape|Protect||[still]\n|-fail|p1b: Infernape\n|move|p2a: Whimsicott|Tailwind|p2a: Whimsicott\n|-sidestart|p2: ChilemRaen|move: Tailwind\n|move|p2b: Pangoro|Storm Throw|p1a: Liepard\n|-supereffective|p1a: Liepard|1\n|-crit|p1a: Liepard\n|-damage|p1a: Liepard|0 fnt\n|faint|p1a: Liepard\n|\n|upkeep\n|\n|t:|1776053126\n|switch|p1a: Aegislash|Aegislash, L50, F|50/100\n|turn|6\n|\n|t:|1776053134\n|move|p1b: Infernape|Protect|p1b: Infernape\n|-singleturn|p1b: Infernape|Protect\n|move|p2a: Whimsicott|Moonblast|p1b: Infernape\n|-activate|p1b: Infernape|move: Protect\n|move|p2b: Pangoro|Storm Throw|p1a: Aegislash\n|-supereffective|p1a: Aegislash|1\n|-crit|p1a: Aegislash\n|-damage|p1a: Aegislash|0 fnt\n|faint|p1a: Aegislash\n|\n|-end|p1b: Infernape|Encore\n|upkeep\n|turn|7\n|-message|LudiKO forfeited.\n|\n|win|ChilemRaen\n|raw|LudiKO's rating: 1024 &rarr; <strong>1010</strong><br />(-14 for losing)\n|raw|ChilemRaen's rating: 1013 &rarr; <strong>1052</strong><br />(+39 for winning)\n|l|\u2606LudiKO\n|player|p1|\n",
  "uploadtime": 1776053145,
  "views": 10,
  "formatid": "gen9championsvgc2026regma",
  "rating": 1010,
  "private": 0,
  "password": null
}