{
  "id": "gen9championsvgc2026regma-2587372350",
  "format": "[Gen 9 Champions] VGC 2026 Reg M-A",
  "players": [
    "X-Drone21",
    "PokeSanti03"
  ],
  "log": "|j|\u2606X-Drone21\n|j|\u2606PokeSanti03\n|t:|1776526283\n|gametype|doubles\n|player|p1|X-Drone21|101|1106\n|player|p2|PokeSanti03|102|1127\n|gen|9\n|tier|[Gen 9 Champions] VGC 2026 Reg M-A\n|rated|\n|rule|Species Clause: Limit one of each Pok\u00e9mon\n|rule|Item Clause: Limit 1 of each item\n|clearpoke\n|poke|p1|Spiritomb, L50, M|\n|poke|p1|Lucario, L50, M|\n|poke|p1|Gallade, L50, M|\n|poke|p1|Blastoise, L50, F|\n|poke|p1|Klefki, L50, M|\n|poke|p1|Steelix, L50, F|\n|poke|p2|Froslass, L50, F|\n|poke|p2|Basculegion, L50, M|\n|poke|p2|Garchomp, L50, F|\n|poke|p2|Sneasler, L50, M|\n|poke|p2|Kingambit, L50, M|\n|poke|p2|Rotom-Wash, L50|\n|teampreview|4\n|inactive|Battle timer is ON: inactive players will automatically lose when time's up. (requested by X-Drone21)\nX-Drone21 rejected open team sheets.\n|inactive|PokeSanti03 has 60 seconds left.\n|\n|t:|1776526361\n|teamsize|p1|4\n|teamsize|p2|4\n|start\n|switch|p1a: Gallade|Gallade, L50, M|100/100\n|switch|p1b: Lucario|Lucario, L50, M|100/100\n|switch|p2a: Rotom|Rotom-Wash, L50|100/100\n|switch|p2b: Kingambit|Kingambit, L50, M|100/100\n|turn|1\n|inactive|X-Drone21 has 30 seconds left.\n|inactive|PokeSanti03 has 30 seconds left.\n|inactive|PokeSanti03 has 20 seconds left.\n|\n|t:|1776526400\n|switch|p2b: Basculegion|Basculegion, L50, M|100/100\n|move|p1b: Lucario|Close Combat|p2a: Rotom\n|-damage|p2a: Rotom|50/100\n|-unboost|p1b: Lucario|def|1\n|-unboost|p1b: Lucario|spd|1\n|move|p1a: Gallade|Sacred Sword|p2b: Basculegion\n|-immune|p2b: Basculegion\n|move|p2a: Rotom|Will-O-Wisp|p1b: Lucario\n|-status|p1b: Lucario|brn\n|\n|-heal|p2a: Rotom|55/100|[from] item: Leftovers\n|-damage|p1b: Lucario|94/100 brn|[from] brn\n|upkeep\n|turn|2\n|inactive|PokeSanti03 has 30 seconds left.\n|inactive|PokeSanti03 has 20 seconds left.\n|inactive|PokeSanti03 has 15 seconds left.\n|\n|t:|1776526444\n|switch|p1b: Blastoise|Blastoise, L50, F|100/100\n|switch|p1a: Spiritomb|Spiritomb, L50, M|100/100\n|-ability|p1a: Spiritomb|Pressure\n|switch|p2a: Garchomp|Garchomp, L50, F|100/100\n|move|p2b: Basculegion|Wave Crash|p1a: Spiritomb\n|-damage|p1a: Spiritomb|18/100\n|-enditem|p1a: Spiritomb|Sitrus Berry|[eat]\n|-heal|p1a: Spiritomb|43/100|[from] item: Sitrus Berry\n|-damage|p2b: Basculegion|79/100|[from] Recoil\n|\n|upkeep\n|turn|3\n|inactive|X-Drone21 has 30 seconds left.\n|inactive|PokeSanti03 has 30 seconds left.\n|\n|t:|1776526473\n|detailschange|p1b: Blastoise|Blastoise-Mega, L50, F\n|-mega|p1b: Blastoise|Blastoise|Blastoisinite\n|move|p1a: Spiritomb|Protect|p1a: Spiritomb\n|-singleturn|p1a: Spiritomb|Protect\n|move|p2b: Basculegion|Wave Crash|p1a: Spiritomb\n|-activate|p1a: Spiritomb|move: Protect\n|move|p2a: Garchomp|Earthquake|p1b: Blastoise|[spread] p2b,p1b\n|-activate|p1a: Spiritomb|move: Protect\n|-damage|p2b: Basculegion|36/100\n|-damage|p1b: Blastoise|73/100\n|move|p1b: Blastoise|Ice Beam|p2a: Garchomp\n|-supereffective|p2a: Garchomp|2\n|-damage|p2a: Garchomp|0 fnt\n|faint|p2a: Garchomp\n|\n|upkeep\n|\n|t:|1776526489\n|switch|p2a: Rotom|Rotom-Wash, L50|55/100\n|turn|4\n|\n|t:|1776526502\n|switch|p1b: Lucario|Lucario, L50, M|94/100 brn\n|move|p2b: Basculegion|Wave Crash|p1a: Spiritomb\n|-damage|p1a: Spiritomb|0 fnt\n|faint|p1a: Spiritomb\n|-damage|p2b: Basculegion|25/100|[from] Recoil\n|move|p2a: Rotom|Thunderbolt|p1b: Lucario\n|-damage|p1b: Lucario|36/100 brn\n|\n|-heal|p2a: Rotom|61/100|[from] item: Leftovers\n|-damage|p1b: Lucario|30/100 brn|[from] brn\n|upkeep\n|\n|t:|1776526513\n|switch|p1a: Gallade|Gallade, L50, M|100/100\n|turn|5\n|inactive|PokeSanti03 has 30 seconds left.\n|\n|t:|1776526542\n|move|p2a: Rotom|Protect|p2a: Rotom\n|-singleturn|p2a: Rotom|Protect\n|move|p2b: Basculegion|Wave Crash|p1a: Gallade\n|-damage|p1a: Gallade|0 fnt\n|faint|p1a: Gallade\n|-damage|p2b: Basculegion|0 fnt|[from] Recoil\n|faint|p2b: Basculegion\n|move|p1b: Lucario|Psychic|p2a: Rotom\n|-activate|p2a: Rotom|move: Protect\n|\n|-heal|p2a: Rotom|67/100|[from] item: Leftovers\n|-damage|p1b: Lucario|24/100 brn|[from] brn\n|upkeep\n|\n|t:|1776526555\n|switch|p2b: Kingambit|Kingambit, L50, M|100/100\n|switch|p1a: Blastoise|Blastoise-Mega, L50, F|73/100\n|turn|6\n|\n|t:|1776526575\n|move|p1a: Blastoise|Protect|p1a: Blastoise\n|-singleturn|p1a: Blastoise|Protect\n|move|p2b: Kingambit|Sucker Punch|p1b: Lucario\n|-resisted|p1b: Lucario|1\n|-damage|p1b: Lucario|0 fnt\n|faint|p1b: Lucario\n|move|p2a: Rotom|Thunderbolt|p1a: Blastoise\n|-activate|p1a: Blastoise|move: Protect\n|\n|-heal|p2a: Rotom|73/100|[from] item: Leftovers\n|upkeep\n|turn|7\n|-message|X-Drone21 forfeited.\n|\n|win|PokeSanti03\n|raw|X-Drone21's rating: 1106 &rarr; <strong>1083</strong><br />(-23 for losing)\n|raw|PokeSanti03's rating: 1127 &rarr; <strong>1150</strong><br />(+23 for winning)\n|l|\u2606X-Drone21\n|player|p1|\n",
  "uploadtime": 1776526594,
  "views": 17,
  "formatid": "gen9championsvgc2026regma",
  "rating": 1083,
  "private": 0,
  "password": null
}