{
  "id": "gen9championsvgc2026regma-2589406154",
  "format": "[Gen 9 Champions] VGC 2026 Reg M-A",
  "players": [
    "TophBoom",
    "sotero23"
  ],
  "log": "|j|\u2606TophBoom\n|j|\u2606sotero23\n|t:|1776720332\n|gametype|doubles\n|player|p1|TophBoom|miku-fairy|1274\n|player|p2|sotero23|veteran|1357\n|gen|9\n|tier|[Gen 9 Champions] VGC 2026 Reg M-A\n|rated|\n|rule|Species Clause: Limit one of each Pok\u00e9mon\n|rule|Item Clause: Limit 1 of each item\n|clearpoke\n|poke|p1|Floette-Eternal, L50, F|\n|poke|p1|Banette, L50, M|\n|poke|p1|Sinistcha-Masterpiece, L50|\n|poke|p1|Incineroar, L50, F|\n|poke|p1|Palafin, L50, M, shiny|\n|poke|p1|Aerodactyl, L50, F|\n|poke|p2|Incineroar, L50, M|\n|poke|p2|Gardevoir, L50, M|\n|poke|p2|Sinistcha, L50|\n|poke|p2|Rotom-Wash, L50|\n|poke|p2|Garchomp, L50, M|\n|poke|p2|Sneasler, L50, F|\n|teampreview|4\n|inactive|Battle timer is ON: inactive players will automatically lose when time's up. (requested by TophBoom)\n|inactive|sotero23 has 60 seconds left.\n|\n|t:|1776720389\n|teamsize|p1|4\n|teamsize|p2|4\n|start\n|switch|p1a: Aerodactyl|Aerodactyl, L50, F|100/100\n|switch|p1b: Palafin|Palafin, L50, M, shiny|100/100\n|switch|p2a: Rotom|Rotom-Wash, L50|100/100\n|switch|p2b: Incineroar|Incineroar, L50, M|100/100\n|-ability|p1a: Aerodactyl|Unnerve\n|-ability|p2b: Incineroar|Intimidate|boost\n|-unboost|p1a: Aerodactyl|atk|1\n|-unboost|p1b: Palafin|atk|1\n|turn|1\n|\n|t:|1776720413\n|detailschange|p1b: Palafin|Palafin-Hero, L50, M, shiny\n|switch|p1b: Sinistcha|Sinistcha-Masterpiece, L50|100/100\n|move|p1a: Aerodactyl|Protect|p1a: Aerodactyl\n|-singleturn|p1a: Aerodactyl|Protect\n|move|p2b: Incineroar|Fake Out|p1b: Sinistcha\n|-immune|p1b: Sinistcha\n|move|p2a: Rotom|Thunderbolt|p1b: Sinistcha\n|-resisted|p1b: Sinistcha|1\n|-damage|p1b: Sinistcha|84/100\n|\n|upkeep\n|turn|2\n|\n|t:|1776720434\n|move|p1a: Aerodactyl|Tailwind|p1a: Aerodactyl\n|-sidestart|p1: TophBoom|move: Tailwind\n|move|p1b: Sinistcha|Matcha Gotcha|p2a: Rotom|[spread] p2a,p2b\n|-supereffective|p2a: Rotom|1\n|-resisted|p2b: Incineroar|1\n|-damage|p2a: Rotom|41/100\n|-heal|p1b: Sinistcha|100/100|[from] drain|[of] p2a: Rotom\n|-damage|p2b: Incineroar|92/100\n|move|p2a: Rotom|Electroweb|p1a: Aerodactyl|[spread] p1a,p1b\n|-supereffective|p1a: Aerodactyl|1\n|-resisted|p1b: Sinistcha|1\n|-damage|p1a: Aerodactyl|57/100\n|-damage|p1b: Sinistcha|94/100\n|-unboost|p1a: Aerodactyl|spe|1\n|-unboost|p1b: Sinistcha|spe|1\n|move|p2b: Incineroar|Throat Chop|p1a: Aerodactyl\n|-damage|p1a: Aerodactyl|9/100\n|-start|p1a: Aerodactyl|Throat Chop|[silent]\n|\n|upkeep\n|turn|3\n|\n|t:|1776720453\n|switch|p1a: Palafin|Palafin-Hero, L50, M, shiny|100/100\n|-enditem|p2a: Rotom|Sitrus Berry|[eat]\n|-heal|p2a: Rotom|65/100|[from] item: Sitrus Berry\n|-activate|p1a: Palafin|ability: Zero to Hero\n|move|p2a: Rotom|Protect|p2a: Rotom\n|-singleturn|p2a: Rotom|Protect\n|move|p1b: Sinistcha|Matcha Gotcha|p2a: Rotom|[spread] \n|-activate|p2a: Rotom|move: Protect\n|-miss|p1b: Sinistcha|p2b: Incineroar\n|move|p2b: Incineroar|Flare Blitz|p1b: Sinistcha\n|-supereffective|p1b: Sinistcha|1\n|-damage|p1b: Sinistcha|16/100\n|-damage|p2b: Incineroar|69/100|[from] Recoil\n|\n|upkeep\n|turn|4\n|inactive|sotero23 has 30 seconds left.\n|\n|t:|1776720485\n|switch|p2a: Sneasler|Sneasler, L50, F|100/100\n|move|p1a: Palafin|Wave Crash|p2b: Incineroar\n|-supereffective|p2b: Incineroar|1\n|-damage|p2b: Incineroar|0 fnt\n|faint|p2b: Incineroar\n|-damage|p1a: Palafin|77/100|[from] Recoil\n|move|p1b: Sinistcha|Matcha Gotcha|p2a: Sneasler|[miss]\n|-miss|p1b: Sinistcha|p2a: Sneasler\n|\n|upkeep\n|\n|t:|1776720498\n|switch|p2b: Rotom|Rotom-Wash, L50|65/100\n|turn|5\n|inactive|TophBoom has 30 seconds left.\n|inactive|TophBoom has 20 seconds left.\n|\n|t:|1776720535\n|move|p1a: Palafin|Wave Crash|p2a: Sneasler\n|-damage|p2a: Sneasler|0 fnt\n|faint|p2a: Sneasler\n|-damage|p1a: Palafin|50/100|[from] Recoil\n|move|p2b: Rotom|Electroweb|p1a: Palafin|[spread] p1a,p1b\n|-supereffective|p1a: Palafin|1\n|-resisted|p1b: Sinistcha|1\n|-damage|p1a: Palafin|22/100\n|-damage|p1b: Sinistcha|9/100\n|-unboost|p1a: Palafin|spe|1\n|-unboost|p1b: Sinistcha|spe|1\n|move|p1b: Sinistcha|Matcha Gotcha|p2b: Rotom\n|-supereffective|p2b: Rotom|1\n|-damage|p2b: Rotom|0 fnt\n|-heal|p1b: Sinistcha|37/100|[from] drain|[of] p2b: Rotom\n|faint|p2b: Rotom\n|\n|-sideend|p1: TophBoom|move: Tailwind\n|upkeep\n|\n|t:|1776720541\n|switch|p2b: Gardevoir|Gardevoir, L50, M|100/100\n|turn|6\n|\n|t:|1776720555\n|detailschange|p2b: Gardevoir|Gardevoir-Mega, L50, M\n|-mega|p2b: Gardevoir|Gardevoir|Gardevoirite\n|move|p1a: Palafin|Jet Punch|p2b: Gardevoir\n|-damage|p2b: Gardevoir|47/100\n|move|p2b: Gardevoir|Hyper Voice|p1a: Palafin|[spread] p1a,p1b\n|-damage|p1a: Palafin|0 fnt\n|-damage|p1b: Sinistcha|0 fnt\n|faint|p1a: Palafin\n|faint|p1b: Sinistcha\n|\n|upkeep\n|\n|t:|1776720561\n|switch|p1a: Aerodactyl|Aerodactyl, L50, F|9/100\n|switch|p1b: Floette|Floette-Eternal, L50, F|100/100\n|-ability|p1a: Aerodactyl|Unnerve\n|turn|7\n|\n|t:|1776720567\n|detailschange|p1b: Floette|Floette-Mega, L50, F\n|-mega|p1b: Floette|Floette|Floettite\n|-ability|p1b: Floette|Fairy Aura\n|move|p1a: Aerodactyl|Tailwind|p1a: Aerodactyl\n|-sidestart|p1: TophBoom|move: Tailwind\n|move|p1b: Floette|Moonblast|p2b: Gardevoir\n|-damage|p2b: Gardevoir|0 fnt\n|faint|p2b: Gardevoir\n|\n|win|TophBoom\n|raw|TophBoom's rating: 1274 &rarr; <strong>1305</strong><br />(+31 for winning)\n|raw|sotero23's rating: 1357 &rarr; <strong>1332</strong><br />(-25 for losing)\n|l|\u2606sotero23\n|player|p2|\n",
  "uploadtime": 1776720576,
  "views": 10,
  "formatid": "gen9championsvgc2026regma",
  "rating": 1305,
  "private": 0,
  "password": null
}