{
  "id": "gen9championsvgc2026regma-2588675521",
  "format": "[Gen 9 Champions] VGC 2026 Reg M-A",
  "players": [
    "sommeliersam",
    "a slippin jimmy"
  ],
  "log": "|badge|p1|bronze|gen9ou|100-9\n|uhtml|medal-msg|<div class=\"broadcast-blue\">Curious what those medals under the avatar are? PS now has Ladder Seasons! For more information, check out the <a href=\"https://www.smogon.com/forums/threads/3740067/\">thread on Smogon.</a></div>\n|j|\u2606sommeliersam\n|j|\u2606a slippin jimmy\n|t:|1776656477\n|gametype|doubles\n|player|p1|sommeliersam|265|1498\n|player|p2|a slippin jimmy|miku-ghost|1539\n|gen|9\n|tier|[Gen 9 Champions] VGC 2026 Reg M-A\n|rated|\n|rule|Species Clause: Limit one of each Pok\u00e9mon\n|rule|Item Clause: Limit 1 of each item\n|clearpoke\n|poke|p1|Floette-Eternal, L50, F|\n|poke|p1|Garchomp, L50, F|\n|poke|p1|Kingambit, L50, M|\n|poke|p1|Basculegion, L50, M|\n|poke|p1|Sneasler, L50, F|\n|poke|p1|Froslass, L50, F|\n|poke|p2|Gardevoir, L50, F|\n|poke|p2|Garchomp, L50, M|\n|poke|p2|Rotom-Wash, L50|\n|poke|p2|Volcarona, L50, M|\n|poke|p2|Maushold, L50|\n|poke|p2|Dragapult, L50, M|\n|teampreview|4\n|j| Rivelta Origin\n|\n|t:|1776656558\n|teamsize|p1|4\n|teamsize|p2|4\n|start\n|switch|p1a: Floette|Floette-Eternal, L50, F|100/100\n|switch|p1b: Sneasler|Sneasler, L50, F|100/100\n|switch|p2a: Rotom|Rotom-Wash, L50|100/100\n|switch|p2b: Dragapult|Dragapult, L50, M|100/100\n|turn|1\n|\n|t:|1776656582\n|detailschange|p1a: Floette|Floette-Mega, L50, F\n|-mega|p1a: Floette|Floette|Floettite\n|-ability|p1a: Floette|Fairy Aura\n|move|p2a: Rotom|Electroweb|p1a: Floette|[spread] p1a,p1b\n|-damage|p1a: Floette|87/100\n|-damage|p1b: Sneasler|74/100\n|-unboost|p1a: Floette|spe|1\n|-unboost|p1b: Sneasler|spe|1\n|move|p2b: Dragapult|Thunder Wave|p1a: Floette\n|-status|p1a: Floette|par\n|move|p1b: Sneasler|Close Combat|p2a: Rotom\n|-damage|p2a: Rotom|13/100\n|-unboost|p1b: Sneasler|def|1\n|-unboost|p1b: Sneasler|spd|1\n|move|p1a: Floette|Dazzling Gleam|p2a: Rotom|[spread] p2a,p2b\n|-supereffective|p2b: Dragapult|1\n|-damage|p2a: Rotom|0 fnt\n|-enditem|p2b: Dragapult|Focus Sash\n|-damage|p2b: Dragapult|1/100\n|faint|p2a: Rotom\n|\n|upkeep\n|j| lswagh\n|\n|t:|1776656603\n|switch|p2a: Gardevoir|Gardevoir, L50, F|100/100\n|turn|2\n|\n|t:|1776656619\n|detailschange|p2a: Gardevoir|Gardevoir-Mega, L50, F\n|-mega|p2a: Gardevoir|Gardevoir|Gardevoirite\n|move|p1b: Sneasler|Protect|p1b: Sneasler\n|-singleturn|p1b: Sneasler|Protect\n|move|p2b: Dragapult|Phantom Force||[still]\n|-prepare|p2b: Dragapult|Phantom Force\n|move|p2a: Gardevoir|Hyper Voice|p1b: Sneasler|[spread] p1a\n|-activate|p1b: Sneasler|move: Protect\n|-damage|p1a: Floette|30/100 par\n|cant|p1a: Floette|par\n|\n|upkeep\n|turn|3\n|inactive|Battle timer is ON: inactive players will automatically lose when time's up. (requested by a slippin jimmy)\n|\n|t:|1776656658\n|switch|p1b: Basculegion|Basculegion, L50, M|100/100\n|move|p2b: Dragapult|Phantom Force|p1a: Floette|[from] lockedmove\n|-damage|p1a: Floette|0 fnt\n|faint|p1a: Floette\n|move|p2a: Gardevoir|Psyshock|p1b: Basculegion\n|-crit|p1b: Basculegion\n|-damage|p1b: Basculegion|11/100\n|-enditem|p1b: Basculegion|Sitrus Berry|[eat]\n|-heal|p1b: Basculegion|35/100|[from] item: Sitrus Berry\n|\n|upkeep\n|\n|t:|1776656668\n|switch|p1a: Sneasler|Sneasler, L50, F|74/100\n|turn|4\n|\n|t:|1776656692\n|switch|p2b: Volcarona|Volcarona, L50, M|100/100\n|move|p2a: Gardevoir|Protect|p2a: Gardevoir\n|-singleturn|p2a: Gardevoir|Protect\n|move|p1b: Basculegion|Aqua Jet|p2b: Volcarona\n|-supereffective|p2b: Volcarona|1\n|-damage|p2b: Volcarona|46/100\n|-enditem|p2b: Volcarona|Sitrus Berry|[eat]\n|-heal|p2b: Volcarona|71/100|[from] item: Sitrus Berry\n|move|p1a: Sneasler|Dire Claw|p2a: Gardevoir\n|-activate|p2a: Gardevoir|move: Protect\n|\n|upkeep\n|turn|5\n|inactive|sommeliersam has 30 seconds left.\n|inactive|sommeliersam has 20 seconds left.\n|inactive|sommeliersam has 15 seconds left.\n|\n|t:|1776656733\n|move|p2b: Volcarona|Rage Powder|p2b: Volcarona\n|-singleturn|p2b: Volcarona|move: Rage Powder\n|move|p1a: Sneasler|Dire Claw|p2b: Volcarona\n|-damage|p2b: Volcarona|32/100\n|-status|p2b: Volcarona|slp\n|move|p2a: Gardevoir|Hyper Voice|p1b: Basculegion|[spread] p1a,p1b\n|-damage|p1a: Sneasler|6/100\n|-damage|p1b: Basculegion|0 fnt\n|faint|p1b: Basculegion\n|\n|upkeep\n|\n|t:|1776656743\n|switch|p1b: Garchomp|Garchomp, L50, F|100/100\n|turn|6\n|\n|t:|1776656750\n|move|p2a: Gardevoir|Protect|p2a: Gardevoir\n|-singleturn|p2a: Gardevoir|Protect\n|move|p1a: Sneasler|Dire Claw|p2a: Gardevoir\n|-activate|p2a: Gardevoir|move: Protect\n|move|p1b: Garchomp|Rock Slide|p2a: Gardevoir|[spread] p2b\n|-activate|p2a: Gardevoir|move: Protect\n|-supereffective|p2b: Volcarona|2\n|-damage|p2b: Volcarona|0 fnt\n|faint|p2b: Volcarona\n|\n|upkeep\n|\n|t:|1776656758\n|switch|p2b: Dragapult|Dragapult, L50, M|1/100\n|turn|7\n|inactive|sommeliersam has 30 seconds left.\n|inactive|sommeliersam has 20 seconds left.\n|inactive|sommeliersam has 15 seconds left.\n|inactive|sommeliersam has 10 seconds left.\n|inactive|sommeliersam has 5 seconds left.\n|\n|t:|1776656808\n|move|p2b: Dragapult|Dragon Darts|p1a: Sneasler\n|-damage|p1a: Sneasler|0 fnt\n|-anim|p2b: Dragapult|Dragon Darts|p1b: Garchomp\n|-supereffective|p1b: Garchomp|1\n|-enditem|p1b: Garchomp|Haban Berry|[eat]\n|-enditem|p1b: Garchomp|Haban Berry|[weaken]\n|-damage|p1b: Garchomp|80/100\n|faint|p1a: Sneasler\n|move|p2a: Gardevoir|Hyper Voice|p1b: Garchomp\n|-supereffective|p1b: Garchomp|1\n|-damage|p1b: Garchomp|0 fnt\n|faint|p1b: Garchomp\n|\n|win|a slippin jimmy\n|raw|sommeliersam's rating: 1498 &rarr; <strong>1480</strong><br />(-18 for losing)\n|raw|a slippin jimmy's rating: 1539 &rarr; <strong>1557</strong><br />(+18 for winning)\n|l|\u2606sommeliersam\n|player|p1|\n",
  "uploadtime": 1776656819,
  "views": 10,
  "formatid": "gen9championsvgc2026regma",
  "rating": 1480,
  "private": 0,
  "password": null
}