{
  "id": "gen9championsvgc2026regma-2581805946",
  "format": "[Gen 9 Champions] VGC 2026 Reg M-A",
  "players": [
    "doledragon",
    "Quaznick"
  ],
  "log": "|j|\u2606doledragon\n|j|\u2606Quaznick\n|t:|1776029892\n|gametype|doubles\n|player|p1|doledragon|juggler|1049\n|player|p2|Quaznick|pokemonbreeder-gen4|1030\n|gen|9\n|tier|[Gen 9 Champions] VGC 2026 Reg M-A\n|rated|\n|rule|Species Clause: Limit one of each Pok\u00e9mon\n|rule|Item Clause: Limit 1 of each item\n|clearpoke\n|poke|p1|Glimmora, L50, F|\n|poke|p1|Kingambit, L50, M|\n|poke|p1|Tyranitar, L50, M|\n|poke|p1|Incineroar, L50, M|\n|poke|p1|Meganium, L50, F|\n|poke|p1|Aerodactyl, L50, M|\n|poke|p2|Sneasler, L50, M|\n|poke|p2|Noivern, L50, F|\n|poke|p2|Gengar, L50, M|\n|poke|p2|Ditto, L50|\n|poke|p2|Incineroar, L50, F|\n|poke|p2|Arcanine-Hisui, L50, F|\n|teampreview|4\n|\n|t:|1776029939\n|teamsize|p1|4\n|teamsize|p2|4\n|start\n|switch|p1a: REO Speedwagon|Aerodactyl, L50, M|100/100\n|switch|p1b: Regina George|Glimmora, L50, F, shiny|100/100\n|switch|p2a: Noivern|Noivern, L50, F|100/100\n|switch|p2b: Sneasler|Sneasler, L50, M|100/100\n|-ability|p1a: REO Speedwagon|Unnerve\n|turn|1\n|\n|t:|1776029958\n|move|p1b: Regina George|Spiky Shield|p1b: Regina George\n|-singleturn|p1b: Regina George|move: Protect\n|move|p2b: Sneasler|Fake Out|p1a: REO Speedwagon\n|-resisted|p1a: REO Speedwagon|1\n|-damage|p1a: REO Speedwagon|90/100\n|cant|p1a: REO Speedwagon|flinch\n|move|p2a: Noivern|Tailwind|p2a: Noivern\n|-sidestart|p2: Quaznick|move: Tailwind\n|\n|upkeep\n|turn|2\n|\n|t:|1776029982\n|move|p2a: Noivern|Boomburst|p1b: Regina George|[spread] p2b,p1a,p1b\n|-resisted|p1a: REO Speedwagon|1\n|-resisted|p1b: Regina George|1\n|-damage|p2b: Sneasler|60/100\n|-damage|p1a: REO Speedwagon|71/100\n|-damage|p1b: Regina George|80/100\n|move|p2b: Sneasler|Dire Claw|p1a: REO Speedwagon\n|-resisted|p1a: REO Speedwagon|1\n|-damage|p1a: REO Speedwagon|40/100\n|move|p1a: REO Speedwagon|Tailwind|p1a: REO Speedwagon\n|-sidestart|p1: doledragon|move: Tailwind\n|move|p1b: Regina George|Power Gem|p2a: Noivern\n|-supereffective|p2a: Noivern|1\n|-damage|p2a: Noivern|0 fnt\n|faint|p2a: Noivern\n|\n|upkeep\n|\n|t:|1776029995\n|switch|p2a: Arcanine|Arcanine-Hisui, L50, F|100/100\n|turn|3\n|\n|t:|1776030020\n|move|p1b: Regina George|Spiky Shield|p1b: Regina George\n|-singleturn|p1b: Regina George|move: Protect\n|move|p1a: REO Speedwagon|Dual Wingbeat|p2b: Sneasler\n|-supereffective|p2b: Sneasler|1\n|-crit|p2b: Sneasler\n|-damage|p2b: Sneasler|0 fnt\n|faint|p2b: Sneasler\n|-hitcount|p2: Sneasler|1\n|move|p2a: Arcanine|Howl|p2a: Arcanine\n|-boost|p2a: Arcanine|atk|1\n|\n|upkeep\n|\n|t:|1776030030\n|switch|p2b: Incineroar|Incineroar, L50, F|100/100\n|-ability|p2b: Incineroar|Intimidate|boost\n|-unboost|p1a: REO Speedwagon|atk|1\n|-unboost|p1b: Regina George|atk|1\n|turn|4\n|-activate|p2a: Arcanine|item: Quick Claw\n|\n|t:|1776030047\n|move|p2b: Incineroar|Fake Out|p1a: REO Speedwagon\n|-resisted|p1a: REO Speedwagon|1\n|-damage|p1a: REO Speedwagon|32/100\n|move|p2a: Arcanine|Head Smash|p1b: Regina George|[miss]\n|-miss|p2a: Arcanine|p1b: Regina George\n|cant|p1a: REO Speedwagon|flinch\n|move|p1b: Regina George|Earth Power|p2a: Arcanine\n|-supereffective|p2a: Arcanine|2\n|-damage|p2a: Arcanine|0 fnt\n|faint|p2a: Arcanine\n|\n|-sideend|p2: Quaznick|move: Tailwind\n|upkeep\n|turn|5\n|c|\u2606Quaznick|bright powder? really?\n|-message|Quaznick forfeited.\n|\n|win|doledragon\n|raw|doledragon's rating: 1049 &rarr; <strong>1080</strong><br />(+31 for winning)\n|raw|Quaznick's rating: 1030 &rarr; <strong>1016</strong><br />(-14 for losing)\n|l|\u2606Quaznick\n|player|p2|\n",
  "uploadtime": 1776030078,
  "views": 16,
  "formatid": "gen9championsvgc2026regma",
  "rating": 1016,
  "private": 0,
  "password": null
}