{
  "id": "gen9championsvgc2026regma-2584577586",
  "format": "[Gen 9 Champions] VGC 2026 Reg M-A",
  "players": [
    "D Hazey",
    "Harven"
  ],
  "log": "|j|\u2606D Hazey\n|j|\u2606Harven\n|t:|1776269901\n|gametype|doubles\n|player|p1|D Hazey|cynthia-masters|1027\n|player|p2|Harven|ghetsis|1116\n|gen|9\n|tier|[Gen 9 Champions] VGC 2026 Reg M-A\n|rated|\n|rule|Species Clause: Limit one of each Pok\u00e9mon\n|rule|Item Clause: Limit 1 of each item\n|clearpoke\n|poke|p1|Meganium, L50, M|\n|poke|p1|Heliolisk, L50, M|\n|poke|p1|Ariados, L50, M|\n|poke|p1|Arcanine-Hisui, L50, F|\n|poke|p1|Incineroar, L50, M|\n|poke|p1|Azumarill, L50, F|\n|poke|p2|Meganium, L50, M|\n|poke|p2|Pelipper, L50, M|\n|poke|p2|Scizor, L50, F|\n|poke|p2|Basculegion, L50, M|\n|poke|p2|Heliolisk, L50, M|\n|poke|p2|Sneasler, L50, F|\n|teampreview|4\n|\n|t:|1776269933\n|teamsize|p1|4\n|teamsize|p2|4\n|start\n|switch|p1a: Meganium|Meganium, L50, M|100/100\n|switch|p1b: Arcanine|Arcanine-Hisui, L50, F|100/100\n|switch|p2a: Pepco|Pelipper, L50, M|100/100\n|switch|p2b: Vysh|Basculegion, L50, M, shiny|100/100\n|-ability|p1b: Arcanine|Intimidate|boost\n|-unboost|p2a: Pepco|atk|1\n|-unboost|p2b: Vysh|atk|1\n|-weather|RainDance|[from] ability: Drizzle|[of] p2a: Pepco\n|turn|1\n|\n|t:|1776269973\n|switch|p1b: Heliolisk|Heliolisk, L50, M|100/100\n|detailschange|p1a: Meganium|Meganium-Mega, L50, M\n|-mega|p1a: Meganium|Meganium|Meganiumite\n|move|p2b: Vysh|Flip Turn|p1b: Heliolisk\n|-immune|p1b: Heliolisk|[from] ability: Dry Skin\n|move|p2a: Pepco|Tailwind|p2a: Pepco\n|-sidestart|p2: Harven|move: Tailwind\n|move|p1a: Meganium|Solar Beam||[still]\n|-prepare|p1a: Meganium|Solar Beam\n|-activate|p1a: Meganium|ability: Mega Sol\n|-anim|p1a: Meganium|Solar Beam|p2a: Pepco\n|-enditem|p2a: Pepco|Focus Sash\n|-damage|p2a: Pepco|1/100\n|\n|-weather|RainDance|[upkeep]\n|upkeep\n|turn|2\n|\n|t:|1776270009\n|move|p1a: Meganium|Protect|p1a: Meganium\n|-singleturn|p1a: Meganium|Protect\n|move|p2b: Vysh|Flip Turn|p1a: Meganium\n|-activate|p1a: Meganium|move: Protect\n|move|p2a: Pepco|Hurricane|p1a: Meganium\n|-activate|p1a: Meganium|move: Protect\n|move|p1b: Heliolisk|Thunder|p2b: Vysh\n|-supereffective|p2b: Vysh|1\n|-damage|p2b: Vysh|0 fnt\n|faint|p2b: Vysh\n|\n|-weather|RainDance|[upkeep]\n|upkeep\n|\n|t:|1776270024\n|switch|p2b: Bib|Sneasler, L50, F|100/100\n|turn|3\n|\n|t:|1776270038\n|switch|p1b: Incineroar|Incineroar, L50, M|100/100\n|-ability|p1b: Incineroar|Intimidate|boost\n|-unboost|p2a: Pepco|atk|1\n|-unboost|p2b: Bib|atk|1\n|-enditem|p2b: Bib|White Herb\n|-clearnegativeboost|p2b: Bib|[silent]\n|switch|p1a: Arcanine|Arcanine-Hisui, L50, F|100/100\n|-ability|p1a: Arcanine|Intimidate|boost\n|-unboost|p2a: Pepco|atk|1\n|-unboost|p2b: Bib|atk|1\n|move|p2b: Bib|Fake Out|p1b: Incineroar\n|-damage|p1b: Incineroar|92/100\n|move|p2a: Pepco|Hurricane|p1a: Arcanine\n|-resisted|p1a: Arcanine|1\n|-damage|p1a: Arcanine|74/100\n|\n|-weather|RainDance|[upkeep]\n|upkeep\n|turn|4\n|\n|t:|1776270068\n|move|p1b: Incineroar|Fake Out|p2a: Pepco\n|-damage|p2a: Pepco|0 fnt\n|faint|p2a: Pepco\n|move|p2b: Bib|Close Combat|p1b: Incineroar\n|-supereffective|p1b: Incineroar|1\n|-damage|p1b: Incineroar|16/100\n|-unboost|p2b: Bib|def|1\n|-unboost|p2b: Bib|spd|1\n|move|p1a: Arcanine|Psychic Fangs|p2b: Bib\n|-supereffective|p2b: Bib|2\n|-damage|p2b: Bib|0 fnt\n|faint|p2b: Bib\n|\n|-weather|RainDance|[upkeep]\n|-sideend|p2: Harven|move: Tailwind\n|upkeep\n|\n|t:|1776270082\n|switch|p2a: Shush|Meganium, L50, M, shiny|100/100\n|turn|5\n|\n|t:|1776270097\n|switch|p1a: Meganium|Meganium-Mega, L50, M|100/100\n|detailschange|p2a: Shush|Meganium-Mega, L50, M, shiny\n|-mega|p2a: Shush|Meganium|Meganiumite\n|move|p2a: Shush|Dazzling Gleam|p1b: Incineroar|[spread] p1a,p1b\n|-damage|p1a: Meganium|73/100\n|-damage|p1b: Incineroar|0 fnt\n|faint|p1b: Incineroar\n|\n|-weather|none\n|upkeep\n|\n|t:|1776270106\n|switch|p1b: Arcanine|Arcanine-Hisui, L50, F|74/100\n|-ability|p1b: Arcanine|Intimidate|boost\n|-unboost|p2a: Shush|atk|1\n|turn|6\n|\n|t:|1776270119\n|move|p1b: Arcanine|Flare Blitz|p2a: Shush\n|-supereffective|p2a: Shush|1\n|-damage|p2a: Shush|0 fnt\n|faint|p2a: Shush\n|-damage|p1b: Arcanine|41/100|[from] Recoil\n|\n|win|D Hazey\n|raw|D Hazey's rating: 1027 &rarr; <strong>1072</strong><br />(+45 for winning)\n|raw|Harven's rating: 1116 &rarr; <strong>1085</strong><br />(-31 for losing)\n|l|\u2606Harven\n|player|p2|\n",
  "uploadtime": 1776270128,
  "views": 29,
  "formatid": "gen9championsvgc2026regma",
  "rating": 1072,
  "private": 0,
  "password": null
}