{
  "id": "gen9championsvgc2026regma-2581305188",
  "format": "[Gen 9 Champions] VGC 2026 Reg M-A",
  "players": [
    "9wtt",
    "kikkee_ac14"
  ],
  "log": "|j|\u26069wtt\n|j|\u2606kikkee_ac14\n|t:|1775984115\n|gametype|doubles\n|player|p1|9wtt|karen-gen2|1110\n|player|p2|kikkee_ac14|jogger|1171\n|gen|9\n|tier|[Gen 9 Champions] VGC 2026 Reg M-A\n|rated|\n|rule|Species Clause: Limit one of each Pok\u00e9mon\n|rule|Item Clause: Limit 1 of each item\n|clearpoke\n|poke|p1|Gengar, L50, F|\n|poke|p1|Garchomp, L50, F|\n|poke|p1|Politoed, L50, F|\n|poke|p1|Sneasler, L50, F|\n|poke|p1|Basculegion, L50, M|\n|poke|p1|Talonflame, L50, F|\n|poke|p2|Tyranitar, L50, M|\n|poke|p2|Rotom-Wash, L50|\n|poke|p2|Garchomp, L50, F|\n|poke|p2|Aerodactyl, L50, F|\n|poke|p2|Sinistcha, L50|\n|poke|p2|Sneasler, L50, M|\n|teampreview|4\n|\n|t:|1775984134\n|teamsize|p1|4\n|teamsize|p2|4\n|start\n|switch|p1a: Talonflame|Talonflame, L50, F, shiny|100/100\n|switch|p1b: Gengar|Gengar, L50, F, shiny|100/100\n|switch|p2a: mr clean|Rotom-Wash, L50|100/100\n|switch|p2b: pablo|Sneasler, L50, M|100/100\n|turn|1\n|\n|t:|1775984147\n|detailschange|p1b: Gengar|Gengar-Mega, L50, F, shiny\n|-mega|p1b: Gengar|Gengar|Gengarite\n|move|p1b: Gengar|Protect|p1b: Gengar\n|-singleturn|p1b: Gengar|Protect\n|move|p1a: Talonflame|Protect|p1a: Talonflame\n|-singleturn|p1a: Talonflame|Protect\n|move|p2b: pablo|Fake Out|p1a: Talonflame\n|-activate|p1a: Talonflame|move: Protect\n|move|p2a: mr clean|Electroweb|p1a: Talonflame|[spread] \n|-activate|p1a: Talonflame|move: Protect\n|-activate|p1b: Gengar|move: Protect\n|\n|upkeep\n|turn|2\n|inactive|Battle timer is ON: inactive players will automatically lose when time's up. (requested by kikkee_ac14)\n|\n|t:|1775984161\n|move|p1a: Talonflame|Tailwind|p1a: Talonflame\n|-sidestart|p1: 9wtt|move: Tailwind\n|move|p1b: Gengar|Shadow Ball|p2a: mr clean\n|-damage|p2a: mr clean|47/100\n|move|p2a: mr clean|Electroweb|p1a: Talonflame|[spread] p1a,p1b\n|-supereffective|p1a: Talonflame|1\n|-damage|p1a: Talonflame|70/100\n|-damage|p1b: Gengar|80/100\n|-unboost|p1a: Talonflame|spe|1\n|-unboost|p1b: Gengar|spe|1\n|move|p2b: pablo|Dire Claw|p1a: Talonflame\n|-damage|p1a: Talonflame|29/100\n|\n|upkeep\n|turn|3\n|\n|t:|1775984176\n|move|p1b: Gengar|Shadow Ball|p2a: mr clean\n|-damage|p2a: mr clean|0 fnt\n|faint|p2a: mr clean\n|move|p1a: Talonflame|Heat Wave|p2b: pablo\n|-damage|p2b: pablo|66/100\n|-status|p2b: pablo|brn\n|move|p2b: pablo|Dire Claw|p1a: Talonflame\n|-damage|p1a: Talonflame|9/100\n|\n|-damage|p2b: pablo|60/100 brn|[from] brn\n|upkeep\n|\n|t:|1775984186\n|switch|p2a: Lez Luthor|Tyranitar, L50, M, shiny|100/100\n|-weather|Sandstorm|[from] ability: Sand Stream|[of] p2a: Lez Luthor\n|turn|4\n|\n|t:|1775984199\n|detailschange|p2a: Lez Luthor|Tyranitar-Mega, L50, M, shiny\n|-mega|p2a: Lez Luthor|Tyranitar|Tyranitarite\n|move|p1b: Gengar|Shadow Ball|p2b: pablo\n|-damage|p2b: pablo|0 fnt\n|faint|p2b: pablo\n|move|p1a: Talonflame|Taunt|p2a: Lez Luthor\n|-start|p2a: Lez Luthor|move: Taunt\n|move|p2a: Lez Luthor|High Horsepower|p1b: Gengar\n|-supereffective|p1b: Gengar|1\n|-damage|p1b: Gengar|0 fnt\n|faint|p1b: Gengar\n|\n|-weather|Sandstorm|[upkeep]\n|-damage|p1a: Talonflame|3/100|[from] Sandstorm\n|upkeep\n|inactive|9wtt has 30 seconds left.\n|\n|t:|1775984226\n|switch|p1b: Basculegion|Basculegion, L50, M, shiny|100/100\n|switch|p2b: wiz khalifa|Sinistcha, L50|100/100\n|turn|5\n|\n|t:|1775984241\n|move|p1b: Basculegion|Protect|p1b: Basculegion\n|-singleturn|p1b: Basculegion|Protect\n|move|p2b: wiz khalifa|Rage Powder|p2b: wiz khalifa\n|-singleturn|p2b: wiz khalifa|move: Rage Powder\n|move|p1a: Talonflame|Taunt|p2b: wiz khalifa\n|-start|p2b: wiz khalifa|move: Taunt\n|move|p2a: Lez Luthor|Knock Off|p1b: Basculegion\n|-activate|p1b: Basculegion|move: Protect\n|\n|-weather|Sandstorm|[upkeep]\n|-damage|p1b: Basculegion|94/100|[from] Sandstorm\n|-damage|p1a: Talonflame|0 fnt|[from] Sandstorm\n|-damage|p2b: wiz khalifa|95/100|[from] Sandstorm\n|faint|p1a: Talonflame\n|-heal|p2b: wiz khalifa|100/100|[from] item: Leftovers\n|-sideend|p1: 9wtt|move: Tailwind\n|upkeep\n|\n|t:|1775984247\n|switch|p1a: Politoed|Politoed, L50, F, shiny|100/100\n|-weather|RainDance|[from] ability: Drizzle|[of] p1a: Politoed\n|turn|6\n|\n|t:|1775984258\n|move|p1b: Basculegion|Wave Crash|p2a: Lez Luthor\n|-supereffective|p2a: Lez Luthor|1\n|-damage|p2a: Lez Luthor|0 fnt\n|faint|p2a: Lez Luthor\n|-damage|p1b: Basculegion|62/100|[from] Recoil\n|move|p2b: wiz khalifa|Matcha Gotcha|p1b: Basculegion|[spread] p1a,p1b\n|-supereffective|p1a: Politoed|1\n|-supereffective|p1b: Basculegion|1\n|-damage|p1a: Politoed|61/100\n|-damage|p1b: Basculegion|6/100\n|move|p1a: Politoed|Perish Song|p1a: Politoed\n|-start|p1a: Politoed|perish3|[silent]\n|-start|p1b: Basculegion|perish3|[silent]\n|-start|p2b: wiz khalifa|perish3|[silent]\n|-fieldactivate|move: Perish Song\n|\n|-weather|RainDance|[upkeep]\n|-heal|p1a: Politoed|67/100|[from] item: Leftovers\n|-start|p1b: Basculegion|perish3\n|-start|p2b: wiz khalifa|perish3\n|-start|p1a: Politoed|perish3\n|upkeep\n|turn|7\n|\n|t:|1775984272\n|move|p1b: Basculegion|Last Respects|p2b: wiz khalifa\n|-supereffective|p2b: wiz khalifa|1\n|-damage|p2b: wiz khalifa|0 fnt\n|faint|p2b: wiz khalifa\n|\n|win|9wtt\n|raw|9wtt's rating: 1110 &rarr; <strong>1139</strong><br />(+29 for winning)\n|raw|kikkee_ac14's rating: 1171 &rarr; <strong>1142</strong><br />(-29 for losing)\n",
  "uploadtime": 1775984275,
  "views": 19,
  "formatid": "gen9championsvgc2026regma",
  "rating": 1139,
  "private": 0,
  "password": null
}