{
  "id": "gen9championsvgc2026regma-2582649841",
  "format": "[Gen 9 Champions] VGC 2026 Reg M-A",
  "players": [
    "danieldanie",
    "TorkoalWQuickclaw"
  ],
  "log": "|j|\u2606danieldanie\n|j|\u2606TorkoalWQuickclaw\n|t:|1776104926\n|gametype|doubles\n|player|p1|danieldanie|102|1201\n|player|p2|TorkoalWQuickclaw|gwynn|1182\n|gen|9\n|tier|[Gen 9 Champions] VGC 2026 Reg M-A\n|rated|\n|rule|Species Clause: Limit one of each Pok\u00e9mon\n|rule|Item Clause: Limit 1 of each item\n|clearpoke\n|poke|p1|Pelipper, L50, M|\n|poke|p1|Meganium, L50, M|\n|poke|p1|Basculegion, L50, M|\n|poke|p1|Tinkaton, L50, F|\n|poke|p1|Aerodactyl, L50, M|\n|poke|p1|Sinistcha, L50|\n|poke|p2|Floette-Eternal, L50, F|\n|poke|p2|Maushold, L50|\n|poke|p2|Garchomp, L50, M|\n|poke|p2|Talonflame, L50, F|\n|poke|p2|Rotom-Wash, L50|\n|poke|p2|Aegislash, L50, M|\n|teampreview|4\n|inactive|Battle timer is ON: inactive players will automatically lose when time's up. (requested by TorkoalWQuickclaw)\nTorkoalWQuickclaw has agreed to open team sheets.\n|inactive|danieldanie has 60 seconds left.\n|\n|t:|1776104958\n|teamsize|p1|4\n|teamsize|p2|4\n|start\n|switch|p1a: Tinkaton|Tinkaton, L50, F|100/100\n|switch|p1b: Aerodactyl|Aerodactyl, L50, M|100/100\n|switch|p2a: Floette|Floette-Eternal, L50, F|100/100\n|switch|p2b: Maushold|Maushold, L50|100/100\n|-ability|p1b: Aerodactyl|Unnerve\n|turn|1\n|inactive|danieldanie has 30 seconds left.\n|\n|t:|1776104986\n|detailschange|p2a: Floette|Floette-Mega, L50, F\n|-mega|p2a: Floette|Floette|Floettite\n|-ability|p2a: Floette|Fairy Aura\n|move|p1a: Tinkaton|Fake Out|p2a: Floette\n|-damage|p2a: Floette|93/100\n|move|p2b: Maushold|Follow Me|p2b: Maushold\n|-singleturn|p2b: Maushold|move: Follow Me\n|move|p1b: Aerodactyl|Tailwind|p1b: Aerodactyl\n|-sidestart|p1: danieldanie|move: Tailwind\n|cant|p2a: Floette|flinch\n|\n|upkeep\n|turn|2\n|inactive|danieldanie has 30 seconds left.\n|\n|t:|1776105020\n|move|p2a: Floette|Protect|p2a: Floette\n|-singleturn|p2a: Floette|Protect\n|move|p1b: Aerodactyl|Rock Slide|p2b: Maushold|[spread] \n|-activate|p2a: Floette|move: Protect\n|-miss|p1b: Aerodactyl|p2b: Maushold\n|move|p1a: Tinkaton|Gigaton Hammer|p2a: Floette\n|-activate|p2a: Floette|move: Protect\n|move|p2b: Maushold|Super Fang|p1a: Tinkaton\n|-damage|p1a: Tinkaton|50/100\n|-enditem|p1a: Tinkaton|Sitrus Berry|[eat]\n|-heal|p1a: Tinkaton|75/100|[from] item: Sitrus Berry\n|\n|upkeep\n|turn|3\n|\n|t:|1776105040\n|switch|p2a: Aegislash|Aegislash, L50, M|100/100\n|move|p2b: Maushold|Follow Me|p2b: Maushold\n|-singleturn|p2b: Maushold|move: Follow Me\n|move|p1b: Aerodactyl|Taunt|p2b: Maushold\n|-start|p2b: Maushold|move: Taunt\n|move|p1a: Tinkaton|Knock Off|p2b: Maushold\n|-damage|p2b: Maushold|74/100\n|-enditem|p2b: Maushold|Focus Sash|[from] move: Knock Off|[of] p1a: Tinkaton\n|\n|upkeep\n|turn|4\n|inactive|danieldanie has 30 seconds left.\n|\n|t:|1776105069\n|switch|p1b: Meganium|Meganium, L50, M|100/100\n|move|p1a: Tinkaton|Knock Off|p2a: Aegislash\n|-supereffective|p2a: Aegislash|1\n|-crit|p2a: Aegislash\n|-damage|p2a: Aegislash|62/100\n|-enditem|p2a: Aegislash|Spell Tag|[from] move: Knock Off|[of] p1a: Tinkaton\n|move|p2b: Maushold|Super Fang|p1b: Meganium\n|-damage|p1b: Meganium|51/100\n|-formechange|p2a: Aegislash|Aegislash-Blade|\n|move|p2a: Aegislash|Iron Head|p1b: Meganium\n|-damage|p1b: Meganium|7/100\n|\n|-sideend|p1: danieldanie|move: Tailwind\n|upkeep\n|turn|5\n|inactive|danieldanie has 30 seconds left.\n|\n|t:|1776105100\n|detailschange|p1b: Meganium|Meganium-Mega, L50, M\n|-mega|p1b: Meganium|Meganium|Meganiumite\n|move|p2a: Aegislash|Shadow Sneak|p1b: Meganium\n|-damage|p1b: Meganium|0 fnt\n|faint|p1b: Meganium\n|move|p2b: Maushold|Super Fang|p1a: Tinkaton\n|-damage|p1a: Tinkaton|38/100\n|move|p1a: Tinkaton|Gigaton Hammer|p2b: Maushold\n|-damage|p2b: Maushold|14/100\n|\n|upkeep\n|\n|t:|1776105108\n|switch|p1b: Aerodactyl|Aerodactyl, L50, M|100/100\n|-ability|p1b: Aerodactyl|Unnerve\n|turn|6\n|\n|t:|1776105129\n|move|p1b: Aerodactyl|Rock Slide|p2b: Maushold|[spread] p2a,p2b\n|-resisted|p2a: Aegislash|1\n|-damage|p2a: Aegislash|45/100\n|-damage|p2b: Maushold|0 fnt\n|faint|p2b: Maushold\n|move|p1a: Tinkaton|Knock Off|p2a: Aegislash\n|-supereffective|p2a: Aegislash|1\n|-damage|p2a: Aegislash|0 fnt\n|faint|p2a: Aegislash\n|\n|upkeep\n|\n|t:|1776105132\n|switch|p2b: Floette|Floette-Mega, L50, F|93/100\n|switch|p2a: Talonflame|Talonflame, L50, F|100/100\n|-ability|p2b: Floette|Fairy Aura\n|turn|7\n|\n|t:|1776105153\n|move|p2a: Talonflame|Tailwind|p2a: Talonflame\n|-sidestart|p2: TorkoalWQuickclaw|move: Tailwind\n|move|p2b: Floette|Dazzling Gleam|p1a: Tinkaton|[spread] p1a,p1b\n|-resisted|p1a: Tinkaton|1\n|-damage|p1a: Tinkaton|16/100\n|-damage|p1b: Aerodactyl|24/100\n|move|p1b: Aerodactyl|Rock Slide|p2a: Talonflame|[spread] p2a,p2b\n|-supereffective|p2a: Talonflame|2\n|-damage|p2a: Talonflame|0 fnt\n|-damage|p2b: Floette|67/100\n|faint|p2a: Talonflame\n|move|p1a: Tinkaton|Gigaton Hammer|p2b: Floette\n|-supereffective|p2b: Floette|1\n|-damage|p2b: Floette|0 fnt\n|faint|p2b: Floette\n|\n|win|danieldanie\n|raw|danieldanie's rating: 1201 &rarr; <strong>1225</strong><br />(+24 for winning)\n|raw|TorkoalWQuickclaw's rating: 1182 &rarr; <strong>1158</strong><br />(-24 for losing)\n|l|\u2606TorkoalWQuickclaw\n|player|p2|\n",
  "uploadtime": 1776105168,
  "views": 22,
  "formatid": "gen9championsvgc2026regma",
  "rating": 1158,
  "private": 0,
  "password": null
}