{
  "id": "gen9championsvgc2026regma-2581727994",
  "format": "[Gen 9 Champions] VGC 2026 Reg M-A",
  "players": [
    "KUTF1",
    "leao_anthony"
  ],
  "log": "|j|\u2606KUTF1\n|j|\u2606leao_anthony\n|t:|1776023832\n|gametype|doubles\n|player|p1|KUTF1|firebreather|1155\n|player|p2|leao_anthony|102|1178\n|gen|9\n|tier|[Gen 9 Champions] VGC 2026 Reg M-A\n|rated|\n|rule|Species Clause: Limit one of each Pok\u00e9mon\n|rule|Item Clause: Limit 1 of each item\n|clearpoke\n|poke|p1|Charizard, L50, F|\n|poke|p1|Venusaur, L50, M|\n|poke|p1|Garchomp, L50, M|\n|poke|p1|Rotom-Heat, L50|\n|poke|p1|Sneasler, L50, M|\n|poke|p1|Incineroar, L50, F|\n|poke|p2|Meganium, L50, F|\n|poke|p2|Pelipper, L50, M|\n|poke|p2|Incineroar, L50, M|\n|poke|p2|Basculegion, L50, M|\n|poke|p2|Sinistcha, L50|\n|poke|p2|Archaludon, L50, M|\n|teampreview|4\n|inactive|Battle timer is ON: inactive players will automatically lose when time's up. (requested by KUTF1)\n|inactive|leao_anthony has 60 seconds left.\n|\n|t:|1776023871\n|teamsize|p1|4\n|teamsize|p2|4\n|start\n|switch|p1a: Garchomp|Garchomp, L50, M|100/100\n|switch|p1b: Rotom|Rotom-Heat, L50|100/100\n|switch|p2a: Meganium|Meganium, L50, F|100/100\n|switch|p2b: Pelipper|Pelipper, L50, M, shiny|100/100\n|-weather|RainDance|[from] ability: Drizzle|[of] p2b: Pelipper\n|turn|1\n|\n|t:|1776023892\n|switch|p2b: Incineroar|Incineroar, L50, M, shiny|100/100\n|-ability|p2b: Incineroar|Intimidate|boost\n|-unboost|p1a: Garchomp|atk|1\n|-unboost|p1b: Rotom|atk|1\n|detailschange|p2a: Meganium|Meganium-Mega, L50, F\n|-mega|p2a: Meganium|Meganium|Meganiumite\n|move|p1a: Garchomp|Rock Slide|p2a: Meganium|[spread] p2a,p2b\n|-crit|p2a: Meganium\n|-supereffective|p2b: Incineroar|1\n|-damage|p2a: Meganium|69/100\n|-damage|p2b: Incineroar|75/100\n|move|p1b: Rotom|Thunderbolt|p2b: Incineroar\n|-damage|p2b: Incineroar|48/100\n|cant|p2a: Meganium|flinch\n|\n|-weather|RainDance|[upkeep]\n|upkeep\n|turn|2\n|\n|t:|1776023910\n|move|p1b: Rotom|Protect|p1b: Rotom\n|-singleturn|p1b: Rotom|Protect\n|move|p2b: Incineroar|Fake Out|p1a: Garchomp\n|-damage|p1a: Garchomp|90/100\n|-damage|p2b: Incineroar|36/100|[from] ability: Rough Skin|[of] p1a: Garchomp\n|cant|p1a: Garchomp|flinch\n|move|p2a: Meganium|Dazzling Gleam|p1a: Garchomp|[spread] p1a\n|-activate|p1b: Rotom|move: Protect\n|-supereffective|p1a: Garchomp|1\n|-damage|p1a: Garchomp|4/100\n|\n|-weather|RainDance|[upkeep]\n|upkeep\n|turn|3\n|\n|t:|1776023931\n|move|p1a: Garchomp|Rock Slide|p2b: Incineroar|[spread] p2a,p2b\n|-supereffective|p2b: Incineroar|1\n|-crit|p2b: Incineroar\n|-damage|p2a: Meganium|57/100\n|-damage|p2b: Incineroar|0 fnt\n|faint|p2b: Incineroar\n|move|p1b: Rotom|Overheat|p2a: Meganium\n|-supereffective|p2a: Meganium|1\n|-damage|p2a: Meganium|0 fnt\n|-unboost|p1b: Rotom|spa|2\n|faint|p2a: Meganium\n|\n|-weather|RainDance|[upkeep]\n|upkeep\n|\n|t:|1776023939\n|switch|p2a: Basculegion|Basculegion, L50, M|100/100\n|switch|p2b: Pelipper|Pelipper, L50, M, shiny|100/100\n|turn|4\n|\n|t:|1776023952\n|move|p2a: Basculegion|Wave Crash|p1b: Rotom\n|-supereffective|p1b: Rotom|1\n|-damage|p1b: Rotom|0 fnt\n|faint|p1b: Rotom\n|-damage|p2a: Basculegion|79/100|[from] Recoil\n|move|p1a: Garchomp|Rock Slide|p2b: Pelipper|[spread] p2a,p2b\n|-supereffective|p2b: Pelipper|1\n|-damage|p2a: Basculegion|62/100\n|-damage|p2b: Pelipper|80/100\n|move|p2b: Pelipper|Tailwind|p2b: Pelipper\n|-sidestart|p2: leao_anthony|move: Tailwind\n|\n|-weather|RainDance|[upkeep]\n|upkeep\n|\n|t:|1776023955\n|switch|p1b: Venusaur|Venusaur, L50, M|100/100\n|turn|5\n|\n|t:|1776023971\n|move|p1b: Venusaur|Protect|p1b: Venusaur\n|-singleturn|p1b: Venusaur|Protect\n|move|p2b: Pelipper|Wide Guard|p2b: Pelipper\n|-singleturn|p2b: Pelipper|Wide Guard\n|move|p2a: Basculegion|Last Respects|p1b: Venusaur\n|-activate|p1b: Venusaur|move: Protect\n|move|p1a: Garchomp|Rock Slide|p2a: Basculegion|[spread] \n|-activate|p2a: Basculegion|move: Wide Guard\n|-activate|p2b: Pelipper|move: Wide Guard\n|\n|-weather|none\n|upkeep\n|turn|6\n|\n|t:|1776023988\n|switch|p1a: Charizard|Charizard, L50, F|100/100\n|move|p2b: Pelipper|Wide Guard|p2b: Pelipper\n|-singleturn|p2b: Pelipper|Wide Guard\n|move|p2a: Basculegion|Last Respects|p1b: Venusaur\n|-enditem|p1b: Venusaur|Focus Sash\n|-damage|p1b: Venusaur|1/100\n|move|p1b: Venusaur|Sleep Powder|p2b: Pelipper|[miss]\n|-miss|p1b: Venusaur|p2b: Pelipper\n|\n|upkeep\n|turn|7\n|inactive|leao_anthony has 30 seconds left.\n|\n|t:|1776024016\n|detailschange|p1a: Charizard|Charizard-Mega-Y, L50, F\n|-mega|p1a: Charizard|Charizard|Charizardite Y\n|-weather|SunnyDay|[from] ability: Drought|[of] p1a: Charizard\n|move|p1b: Venusaur|Sleep Powder|p2a: Basculegion\n|-status|p2a: Basculegion|slp|[from] move: Sleep Powder\n|cant|p2a: Basculegion|slp\n|move|p2b: Pelipper|Weather Ball|p1b: Venusaur\n|-supereffective|p1b: Venusaur|1\n|-damage|p1b: Venusaur|0 fnt\n|faint|p1b: Venusaur\n|move|p1a: Charizard|Heat Wave|p2a: Basculegion|[spread] p2a,p2b\n|-resisted|p2a: Basculegion|1\n|-resisted|p2b: Pelipper|1\n|-damage|p2a: Basculegion|26/100 slp\n|-damage|p2b: Pelipper|35/100\n|-enditem|p2b: Pelipper|Sitrus Berry|[eat]\n|-heal|p2b: Pelipper|59/100|[from] item: Sitrus Berry\n|\n|-weather|SunnyDay|[upkeep]\n|-sideend|p2: leao_anthony|move: Tailwind\n|upkeep\n|\n|t:|1776024025\n|switch|p1b: Garchomp|Garchomp, L50, M|4/100\n|turn|8\n|\n|t:|1776024040\n|move|p2b: Pelipper|Wide Guard|p2b: Pelipper\n|-singleturn|p2b: Pelipper|Wide Guard\n|cant|p2a: Basculegion|slp\n|move|p1b: Garchomp|Rock Slide|p2b: Pelipper|[spread] \n|-activate|p2a: Basculegion|move: Wide Guard\n|-activate|p2b: Pelipper|move: Wide Guard\n|move|p1a: Charizard|Heat Wave|p2b: Pelipper|[spread] \n|-activate|p2a: Basculegion|move: Wide Guard\n|-activate|p2b: Pelipper|move: Wide Guard\n|\n|-weather|SunnyDay|[upkeep]\n|upkeep\n|turn|9\n|\n|t:|1776024058\n|move|p2b: Pelipper|Wide Guard|p2b: Pelipper\n|-singleturn|p2b: Pelipper|Wide Guard\n|-curestatus|p2a: Basculegion|slp|[msg]\n|move|p2a: Basculegion|Aqua Jet|p1a: Charizard\n|-supereffective|p1a: Charizard|1\n|-damage|p1a: Charizard|66/100\n|move|p1b: Garchomp|Rock Slide|p2b: Pelipper|[spread] \n|-activate|p2a: Basculegion|move: Wide Guard\n|-activate|p2b: Pelipper|move: Wide Guard\n|move|p1a: Charizard|Weather Ball|p2a: Basculegion\n|-resisted|p2a: Basculegion|1\n|-damage|p2a: Basculegion|0 fnt\n|faint|p2a: Basculegion\n|\n|-weather|SunnyDay|[upkeep]\n|upkeep\n|turn|10\n|-message|leao_anthony forfeited.\n|\n|win|KUTF1\n|raw|KUTF1's rating: 1155 &rarr; <strong>1182</strong><br />(+27 for winning)\n|raw|leao_anthony's rating: 1178 &rarr; <strong>1151</strong><br />(-27 for losing)\n|l|\u2606leao_anthony\n|player|p2|\n",
  "uploadtime": 1776024081,
  "views": 18,
  "formatid": "gen9championsvgc2026regma",
  "rating": 1151,
  "private": 0,
  "password": null
}