{
  "id": "gen9championsvgc2026regma-2581485413",
  "format": "[Gen 9 Champions] VGC 2026 Reg M-A",
  "players": [
    "97radicole",
    "nusocs-m"
  ],
  "log": "|j|\u260697radicole\n|j|\u2606nusocs-m\n|t:|1776004854\n|gametype|doubles\n|player|p1|97radicole|blaine|1117\n|player|p2|nusocs-m|unknown|1196\n|gen|9\n|tier|[Gen 9 Champions] VGC 2026 Reg M-A\n|rated|\n|rule|Species Clause: Limit one of each Pok\u00e9mon\n|rule|Item Clause: Limit 1 of each item\n|clearpoke\n|poke|p1|Crabominable, L50, M|\n|poke|p1|Incineroar, L50, F|\n|poke|p1|Slowking, L50, M|\n|poke|p1|Sinistcha, L50|\n|poke|p1|Clefable, L50, F|\n|poke|p1|Snorlax, L50, F|\n|poke|p2|Charizard, L50, M|\n|poke|p2|Aerodactyl, L50, M|\n|poke|p2|Garchomp, L50, F|\n|poke|p2|Glimmora, L50, F|\n|poke|p2|Incineroar, L50, F|\n|poke|p2|Venusaur, L50, M|\n|teampreview|4\n|\n|t:|1776004885\n|teamsize|p1|4\n|teamsize|p2|4\n|start\n|switch|p1a: Incineroar|Incineroar, L50, F|100/100\n|switch|p1b: Slowking|Slowking, L50, M|100/100\n|switch|p2a: Incineroar|Incineroar, L50, F|100/100\n|switch|p2b: Glimmora|Glimmora, L50, F|100/100\n|-ability|p2a: Incineroar|Intimidate|boost\n|-unboost|p1a: Incineroar|atk|1\n|-fail|p1b: Slowking|unboost|Attack|[from] ability: Oblivious|[of] p1b: Slowking\n|-ability|p1a: Incineroar|Intimidate|boost\n|-unboost|p2a: Incineroar|atk|1\n|-unboost|p2b: Glimmora|atk|1\n|turn|1\n|\n|t:|1776004907\n|detailschange|p2b: Glimmora|Glimmora-Mega, L50, F\n|-mega|p2b: Glimmora|Glimmora|Glimmoranite\n|move|p2a: Incineroar|Fake Out|p1b: Slowking\n|-damage|p1b: Slowking|94/100\n|move|p1a: Incineroar|Fake Out|p2a: Incineroar\n|-damage|p2a: Incineroar|94/100\n|move|p2b: Glimmora|Power Gem|p1a: Incineroar\n|-supereffective|p1a: Incineroar|1\n|-damage|p1a: Incineroar|5/100\n|-enditem|p1a: Incineroar|Sitrus Berry|[eat]\n|-heal|p1a: Incineroar|30/100|[from] item: Sitrus Berry\n|cant|p1b: Slowking|flinch\n|\n|upkeep\n|turn|2\n|\n|t:|1776004933\n|move|p2b: Glimmora|Spiky Shield|p2b: Glimmora\n|-singleturn|p2b: Glimmora|move: Protect\n|move|p2a: Incineroar|Parting Shot|p1b: Slowking\n|-unboost|p1b: Slowking|atk|1\n|-unboost|p1b: Slowking|spa|1\n|\n|t:|1776004940\n|switch|p2a: Venusaur|Venusaur, L50, M|100/100|[from] Parting Shot\n|move|p1a: Incineroar|Darkest Lariat|p2b: Glimmora\n|-activate|p2b: Glimmora|move: Protect\n|-damage|p1a: Incineroar|18/100|[from] Spiky Shield|[of] p2b: Glimmora\n|move|p1b: Slowking|Trick Room|p1b: Slowking\n|-fieldstart|move: Trick Room|[of] p1b: Slowking\n|\n|upkeep\n|turn|3\n|\n|t:|1776004966\n|switch|p2b: Garchomp|Garchomp, L50, F|100/100\n|move|p2a: Venusaur|Protect|p2a: Venusaur\n|-singleturn|p2a: Venusaur|Protect\n|-prepare|p1b: Slowking|Chilly Reception|[premajor]\n|move|p1b: Slowking|Chilly Reception|p1b: Slowking\n|-weather|Snowscape\n|\n|t:|1776004974\n|switch|p1b: Crabominable|Crabominable, L50, M|100/100|[from] Chilly Reception\n|move|p1a: Incineroar|Parting Shot|p2b: Garchomp\n|-unboost|p2b: Garchomp|atk|1\n|-unboost|p2b: Garchomp|spa|1\n|\n|t:|1776004980\n|switch|p1a: Slowking|Slowking, L50, M|94/100|[from] Parting Shot\n|\n|-weather|Snowscape|[upkeep]\n|upkeep\n|turn|4\n|\n|t:|1776005027\n|switch|p2a: Incineroar|Incineroar, L50, F|94/100\n|-ability|p2a: Incineroar|Intimidate|boost\n|-fail|p1a: Slowking|unboost|Attack|[from] ability: Oblivious|[of] p1a: Slowking\n|-fail|p1b: Crabominable|unboost|Attack|[from] ability: Hyper Cutter|[of] p1b: Crabominable\n|move|p1b: Crabominable|Protect|p1b: Crabominable\n|-singleturn|p1b: Crabominable|Protect\n|move|p2b: Garchomp|Protect|p2b: Garchomp\n|-singleturn|p2b: Garchomp|Protect\n|move|p1a: Slowking|Scald|p2a: Incineroar\n|-supereffective|p2a: Incineroar|1\n|-damage|p2a: Incineroar|47/100\n|\n|-weather|Snowscape|[upkeep]\n|upkeep\n|turn|5\n|\n|t:|1776005060\n|detailschange|p1b: Crabominable|Crabominable-Mega, L50, M\n|-mega|p1b: Crabominable|Crabominable|Crabominite\n|move|p2a: Incineroar|Fake Out|p1b: Crabominable\n|-damage|p1b: Crabominable|95/100\n|move|p1a: Slowking|Psyshock|p2b: Garchomp\n|-damage|p2b: Garchomp|71/100\n|cant|p1b: Crabominable|flinch\n|move|p2b: Garchomp|Dragon Claw|p1b: Crabominable\n|-crit|p1b: Crabominable\n|-damage|p1b: Crabominable|65/100\n|\n|-weather|Snowscape|[upkeep]\n|upkeep\n|turn|6\n|\n|t:|1776005098\n|move|p1a: Slowking|Psyshock|p2a: Incineroar\n|-immune|p2a: Incineroar\n|move|p1b: Crabominable|Drain Punch|p2a: Incineroar\n|-supereffective|p2a: Incineroar|1\n|-damage|p2a: Incineroar|0 fnt\n|-heal|p1b: Crabominable|88/100|[from] drain|[of] p2a: Incineroar\n|faint|p2a: Incineroar\n|move|p2b: Garchomp|Dragon Claw|p1a: Slowking\n|-damage|p1a: Slowking|69/100\n|\n|-weather|Snowscape|[upkeep]\n|-fieldend|move: Trick Room\n|upkeep\n|\n|t:|1776005108\n|switch|p2a: Glimmora|Glimmora-Mega, L50, F|100/100\n|turn|7\n|\n|t:|1776005138\n|move|p1b: Crabominable|Mach Punch|p2a: Glimmora\n|-damage|p2a: Glimmora|67/100\n|move|p2b: Garchomp|Rock Slide|p1b: Crabominable|[spread] p1a,p1b\n|-damage|p1a: Slowking|58/100\n|-damage|p1b: Crabominable|81/100\n|move|p2a: Glimmora|Power Gem|p1b: Crabominable\n|-damage|p1b: Crabominable|34/100\n|move|p1a: Slowking|Trick Room|p1a: Slowking\n|-fieldstart|move: Trick Room|[of] p1a: Slowking\n|\n|-weather|none\n|upkeep\n|turn|8\n|\n|t:|1776005180\n|move|p2a: Glimmora|Spiky Shield|p2a: Glimmora\n|-singleturn|p2a: Glimmora|move: Protect\n|move|p2b: Garchomp|Protect|p2b: Garchomp\n|-singleturn|p2b: Garchomp|Protect\n|-prepare|p1a: Slowking|Chilly Reception|[premajor]\n|move|p1a: Slowking|Chilly Reception|p1a: Slowking\n|-weather|Snowscape\n|\n|t:|1776005187\n|switch|p1a: Incineroar|Incineroar, L50, F|18/100|[from] Chilly Reception\n|-ability|p1a: Incineroar|Intimidate|boost\n|-unboost|p2a: Glimmora|atk|1\n|-unboost|p2b: Garchomp|atk|1\n|move|p1b: Crabominable|Ice Hammer|p2b: Garchomp\n|-activate|p2b: Garchomp|move: Protect\n|\n|-weather|Snowscape|[upkeep]\n|upkeep\n|turn|9\n|\n|t:|1776005206\n|switch|p1a: Sinistcha|Sinistcha, L50|100/100\n|-heal|p1b: Crabominable|59/100|[from] ability: Hospitality|[of] p1a: Sinistcha\n|move|p1b: Crabominable|Ice Hammer|p2b: Garchomp\n|-supereffective|p2b: Garchomp|2\n|-damage|p2b: Garchomp|0 fnt\n|-unboost|p1b: Crabominable|spe|1\n|-damage|p1b: Crabominable|47/100|[from] ability: Rough Skin|[of] p2b: Garchomp\n|faint|p2b: Garchomp\n|move|p2a: Glimmora|Power Gem|p1b: Crabominable\n|-damage|p1b: Crabominable|4/100\n|\n|-weather|Snowscape|[upkeep]\n|upkeep\n|\n|t:|1776005215\n|switch|p2b: Venusaur|Venusaur, L50, M|100/100\n|turn|10\n|\n|t:|1776005244\n|move|p2b: Venusaur|Protect|p2b: Venusaur\n|-singleturn|p2b: Venusaur|Protect\n|move|p1a: Sinistcha|Rage Powder|p1a: Sinistcha\n|-singleturn|p1a: Sinistcha|move: Rage Powder\n|move|p1b: Crabominable|Ice Hammer|p2b: Venusaur\n|-activate|p2b: Venusaur|move: Protect\n|move|p2a: Glimmora|Power Gem|p1a: Sinistcha\n|-damage|p1a: Sinistcha|44/100\n|\n|-weather|Snowscape|[upkeep]\n|upkeep\n|turn|11\n|\n|t:|1776005259\n|move|p2b: Venusaur|Protect|p2b: Venusaur\n|-singleturn|p2b: Venusaur|Protect\n|move|p2a: Glimmora|Spiky Shield|p2a: Glimmora\n|-singleturn|p2a: Glimmora|move: Protect\n|move|p1a: Sinistcha|Rage Powder|p1a: Sinistcha\n|-singleturn|p1a: Sinistcha|move: Rage Powder\n|move|p1b: Crabominable|Ice Hammer|p2b: Venusaur\n|-activate|p2b: Venusaur|move: Protect\n|\n|-weather|Snowscape|[upkeep]\n|-fieldend|move: Trick Room\n|upkeep\n|turn|12\n|\n|t:|1776005292\n|move|p1a: Sinistcha|Rage Powder|p1a: Sinistcha\n|-singleturn|p1a: Sinistcha|move: Rage Powder\n|move|p2a: Glimmora|Power Gem|p1a: Sinistcha\n|-damage|p1a: Sinistcha|0 fnt\n|faint|p1a: Sinistcha\n|move|p2b: Venusaur|Sludge Bomb|p1b: Crabominable\n|-crit|p1b: Crabominable\n|-damage|p1b: Crabominable|0 fnt\n|faint|p1b: Crabominable\n|\n|-weather|none\n|upkeep\n|\n|t:|1776005299\n|switch|p1a: Slowking|Slowking, L50, M|58/100\n|switch|p1b: Incineroar|Incineroar, L50, F|18/100\n|-ability|p1b: Incineroar|Intimidate|boost\n|-unboost|p2a: Glimmora|atk|1\n|-unboost|p2b: Venusaur|atk|1\n|turn|13\n|\n|t:|1776005317\n|move|p1b: Incineroar|Fake Out|p2b: Venusaur\n|-damage|p2b: Venusaur|83/100\n|move|p2a: Glimmora|Power Gem|p1b: Incineroar\n|-supereffective|p1b: Incineroar|1\n|-damage|p1b: Incineroar|0 fnt\n|faint|p1b: Incineroar\n|cant|p2b: Venusaur|flinch\n|move|p1a: Slowking|Scald|p2a: Glimmora\n|-supereffective|p2a: Glimmora|1\n|-damage|p2a: Glimmora|0 fnt\n|faint|p2a: Glimmora\n|\n|-heal|p2b: Venusaur|89/100|[from] item: Leftovers\n|upkeep\n|turn|14\n|\n|t:|1776005332\n|move|p2b: Venusaur|Leaf Storm|p1a: Slowking\n|-supereffective|p1a: Slowking|1\n|-damage|p1a: Slowking|0 fnt\n|-unboost|p2b: Venusaur|spa|2\n|faint|p1a: Slowking\n|\n|win|nusocs-m\n|raw|97radicole's rating: 1117 &rarr; <strong>1098</strong><br />(-19 for losing)\n|raw|nusocs-m's rating: 1196 &rarr; <strong>1215</strong><br />(+19 for winning)\n",
  "uploadtime": 1776005339,
  "views": 11,
  "formatid": "gen9championsvgc2026regma",
  "rating": 1098,
  "private": 0,
  "password": null
}