{
  "id": "gen9championsvgc2026regma-2583867917",
  "format": "[Gen 9 Champions] VGC 2026 Reg M-A",
  "players": [
    "T'Bois",
    "monocococo"
  ],
  "log": "|j|\u2606T'Bois\n|j|\u2606monocococo\n|t:|1776203985\n|gametype|doubles\n|player|p1|T'Bois|1|1104\n|player|p2|monocococo|dragontamer|1116\n|gen|9\n|tier|[Gen 9 Champions] VGC 2026 Reg M-A\n|rated|\n|rule|Species Clause: Limit one of each Pok\u00e9mon\n|rule|Item Clause: Limit 1 of each item\n|clearpoke\n|poke|p1|Drampa, L50, F|\n|poke|p1|Sinistcha-Masterpiece, L50|\n|poke|p1|Tinkaton, L50, F|\n|poke|p1|Milotic, L50, F|\n|poke|p2|Typhlosion, L50, M|\n|poke|p2|Whimsicott, L50, F|\n|poke|p2|Blastoise, L50, F|\n|poke|p2|Glimmora, L50, M|\n|poke|p2|Tsareena, L50, F|\n|poke|p2|Sinistcha-Masterpiece, L50|\n|teampreview|4\n|\n|t:|1776204004\n|teamsize|p1|4\n|teamsize|p2|4\n|start\n|switch|p1a: Tinkaton|Tinkaton, L50, F|100/100\n|switch|p1b: Sinistcha|Sinistcha-Masterpiece, L50|100/100\n|switch|p2a: Blastoise|Blastoise, L50, F, shiny|100/100\n|switch|p2b: Sinistcha|Sinistcha-Masterpiece, L50, shiny|100/100\n|turn|1\n|inactive|Battle timer is ON: inactive players will automatically lose when time's up. (requested by monocococo)\n|inactive|T'Bois has 60 seconds left.\n|\n|t:|1776204053\n|switch|p2a: Typhlosion|Typhlosion, L50, M, shiny|100/100\n|switch|p1b: Drampa|Drampa, L50, F|100/100\n|-ability|p1b: Drampa|Cloud Nine\n|move|p1a: Tinkaton|Fake Out|p2a: Typhlosion\n|-damage|p2a: Typhlosion|88/100\n|move|p2b: Sinistcha|Life Dew||[still]|[spread] p2a,p2b\n|-heal|p2a: Typhlosion|100/100\n|-fail|p2b: Sinistcha|heal\n|\n|upkeep\n|turn|2\n|inactive|T'Bois has 30 seconds left.\n|\n|t:|1776204082\n|switch|p1a: Milotic|Milotic, L50, F|100/100\n|switch|p2b: Whimsicott|Whimsicott, L50, F, shiny|100/100\n|detailschange|p1b: Drampa|Drampa-Mega, L50, F\n|-mega|p1b: Drampa|Drampa|Drampanite\n|move|p2a: Typhlosion|Eruption|p1b: Drampa|[spread] p1a,p1b\n|-resisted|p1a: Milotic|1\n|-resisted|p1b: Drampa|1\n|-damage|p1a: Milotic|80/100\n|-damage|p1b: Drampa|75/100\n|move|p1b: Drampa|Flamethrower|p2b: Whimsicott\n|-supereffective|p2b: Whimsicott|1\n|-enditem|p2b: Whimsicott|Focus Sash\n|-damage|p2b: Whimsicott|1/100\n|\n|upkeep\n|turn|3\n|inactive|T'Bois has 30 seconds left.\n|\n|t:|1776204109\n|switch|p2a: Sinistcha|Sinistcha-Masterpiece, L50, shiny|100/100\n|-heal|p2b: Whimsicott|26/100|[from] ability: Hospitality|[of] p2a: Sinistcha\n|move|p2b: Whimsicott|Tailwind|p2b: Whimsicott\n|-sidestart|p2: monocococo|move: Tailwind\n|move|p1a: Milotic|Muddy Water|p2b: Whimsicott|[spread] p2a,p2b\n|-resisted|p2a: Sinistcha|1\n|-resisted|p2b: Whimsicott|1\n|-damage|p2a: Sinistcha|82/100\n|-damage|p2b: Whimsicott|0 fnt\n|faint|p2b: Whimsicott\n|move|p1b: Drampa|Dragon Pulse|p2a: Sinistcha\n|-damage|p2a: Sinistcha|29/100\n|-enditem|p2a: Sinistcha|Sitrus Berry|[eat]\n|-heal|p2a: Sinistcha|54/100|[from] item: Sitrus Berry\n|\n|upkeep\n|\n|t:|1776204127\n|switch|p2b: Blastoise|Blastoise, L50, F, shiny|100/100\n|turn|4\n|\n|t:|1776204151\n|switch|p1a: Sinistcha|Sinistcha-Masterpiece, L50|100/100\n|-heal|p1b: Drampa|99/100|[from] ability: Hospitality|[of] p1a: Sinistcha\n|detailschange|p2b: Blastoise|Blastoise-Mega, L50, F, shiny\n|-mega|p2b: Blastoise|Blastoise|Blastoisinite\n|move|p2b: Blastoise|Aura Sphere|p1b: Drampa\n|-supereffective|p1b: Drampa|1\n|-damage|p1b: Drampa|17/100\n|-ability|p1b: Drampa|Berserk|boost\n|-boost|p1b: Drampa|spa|1\n|move|p2a: Sinistcha|Life Dew||[still]|[spread] p2a,p2b\n|-heal|p2a: Sinistcha|79/100\n|-fail|p2b: Blastoise|heal\n|move|p1b: Drampa|Flamethrower|p2a: Sinistcha\n|-supereffective|p2a: Sinistcha|1\n|-damage|p2a: Sinistcha|0 fnt\n|faint|p2a: Sinistcha\n|\n|upkeep\n|\n|t:|1776204167\n|switch|p2a: Typhlosion|Typhlosion, L50, M, shiny|100/100\n|turn|5\n|inactive|T'Bois has 30 seconds left.\n|inactive|T'Bois has 20 seconds left.\n|\n|t:|1776204206\n|switch|p1a: Milotic|Milotic, L50, F|80/100\n|move|p1b: Drampa|Protect|p1b: Drampa\n|-singleturn|p1b: Drampa|Protect\n|move|p2a: Typhlosion|Eruption|p1b: Drampa|[spread] p1a\n|-activate|p1b: Drampa|move: Protect\n|-resisted|p1a: Milotic|1\n|-damage|p1a: Milotic|55/100\n|move|p2b: Blastoise|Water Spout|p1a: Milotic|[spread] p1a\n|-activate|p1b: Drampa|move: Protect\n|-resisted|p1a: Milotic|1\n|-damage|p1a: Milotic|29/100\n|\n|upkeep\n|turn|6\n|inactive|T'Bois has 30 seconds left.\n|\n|t:|1776204231\n|switch|p1b: Sinistcha|Sinistcha-Masterpiece, L50|100/100\n|-heal|p1a: Milotic|53/100|[from] ability: Hospitality|[of] p1b: Sinistcha\n|move|p2a: Typhlosion|Eruption|p1b: Sinistcha|[spread] p1a,p1b\n|-resisted|p1a: Milotic|1\n|-supereffective|p1b: Sinistcha|1\n|-damage|p1a: Milotic|31/100\n|-damage|p1b: Sinistcha|0 fnt\n|faint|p1b: Sinistcha\n|move|p2b: Blastoise|Water Spout|p1a: Milotic\n|-resisted|p1a: Milotic|1\n|-damage|p1a: Milotic|0 fnt\n|faint|p1a: Milotic\n|\n|-sideend|p2: monocococo|move: Tailwind\n|upkeep\n|\n|t:|1776204251\n|switch|p1a: Drampa|Drampa-Mega, L50, F|17/100\n|switch|p1b: Tinkaton|Tinkaton, L50, F|100/100\n|turn|7\n|\n|t:|1776204271\n|move|p2a: Typhlosion|Protect|p2a: Typhlosion\n|-singleturn|p2a: Typhlosion|Protect\n|move|p1b: Tinkaton|Fake Out|p2a: Typhlosion\n|-activate|p2a: Typhlosion|move: Protect\n|move|p2b: Blastoise|Water Spout|p1a: Drampa|[spread] p1a,p1b\n|-resisted|p1a: Drampa|1\n|-damage|p1a: Drampa|0 fnt\n|-damage|p1b: Tinkaton|30/100\n|faint|p1a: Drampa\n|\n|upkeep\n|turn|8\n|-message|T'Bois forfeited.\n|\n|win|monocococo\n|raw|T&apos;Bois's rating: 1104 &rarr; <strong>1080</strong><br />(-24 for losing)\n|raw|monocococo's rating: 1116 &rarr; <strong>1140</strong><br />(+24 for winning)\n|l|\u2606T'Bois\n|player|p1|\n",
  "uploadtime": 1776204283,
  "views": 18,
  "formatid": "gen9championsvgc2026regma",
  "rating": 1080,
  "private": 0,
  "password": null
}