{
  "id": "gen9championsvgc2026regma-2585749432",
  "format": "[Gen 9 Champions] VGC 2026 Reg M-A",
  "players": [
    "kunna1",
    "khanhnguyen11"
  ],
  "log": "|j|\u2606kunna1\n|j|\u2606khanhnguyen11\n|t:|1776367942\n|gametype|doubles\n|player|p1|kunna1|1|1263\n|player|p2|khanhnguyen11|lance|1206\n|gen|9\n|tier|[Gen 9 Champions] VGC 2026 Reg M-A\n|rated|\n|rule|Species Clause: Limit one of each Pok\u00e9mon\n|rule|Item Clause: Limit 1 of each item\n|clearpoke\n|poke|p1|Meganium, L50, M|\n|poke|p1|Archaludon, L50, F|\n|poke|p1|Basculegion, L50, M|\n|poke|p1|Maushold, L50|\n|poke|p1|Politoed, L50, M|\n|poke|p1|Talonflame, L50, F|\n|poke|p2|Aerodactyl, L50, M|\n|poke|p2|Incineroar, L50, M|\n|poke|p2|Floette-Eternal, L50, F|\n|poke|p2|Basculegion, L50, M|\n|poke|p2|Garchomp, L50, M|\n|poke|p2|Sneasler, L50, F|\n|teampreview|4\n|inactive|Battle timer is ON: inactive players will automatically lose when time's up. (requested by khanhnguyen11)\nkhanhnguyen11 rejected open team sheets.\n|inactive|kunna1 has 60 seconds left.\n|inactive|khanhnguyen11 has 60 seconds left.\n|\n|t:|1776367994\n|teamsize|p1|4\n|teamsize|p2|4\n|start\n|switch|p1a: Talonflame|Talonflame, L50, F|100/100\n|switch|p1b: Archaludon|Archaludon, L50, F|100/100\n|switch|p2a: Incineroar|Incineroar, L50, M|100/100\n|switch|p2b: Sneasler|Sneasler, L50, F|100/100\n|-ability|p2a: Incineroar|Intimidate|boost\n|-unboost|p1a: Talonflame|atk|1\n|-unboost|p1b: Archaludon|atk|1\n|-enditem|p1b: Archaludon|White Herb\n|-clearnegativeboost|p1b: Archaludon|[silent]\n|turn|1\n|inactive|khanhnguyen11 has 30 seconds left.\n|inactive|kunna1 has 30 seconds left.\n|inactive|kunna1 has 20 seconds left.\n|\n|t:|1776368036\n|move|p1a: Talonflame|Quick Guard|p1a: Talonflame\n|-singleturn|p1a: Talonflame|Quick Guard\n|move|p2a: Incineroar|Fake Out|p1a: Talonflame\n|-activate|p1a: Talonflame|move: Quick Guard\n|move|p2b: Sneasler|Rock Tomb|p1a: Talonflame\n|-supereffective|p1a: Talonflame|2\n|-damage|p1a: Talonflame|0 fnt\n|faint|p1a: Talonflame\n|move|p1b: Archaludon|Draco Meteor|p2b: Sneasler\n|-damage|p2b: Sneasler|8/100\n|-unboost|p1b: Archaludon|spa|2\n|\n|upkeep\n|inactive|kunna1 has 30 seconds left.\n|\n|t:|1776368062\n|switch|p1a: Basculegion|Basculegion, L50, M|100/100\n|turn|2\n|inactive|khanhnguyen11 has 30 seconds left.\n|inactive|khanhnguyen11 has 20 seconds left.\n|\n|t:|1776368103\n|move|p2b: Sneasler|Protect|p2b: Sneasler\n|-singleturn|p2b: Sneasler|Protect\n|move|p1b: Archaludon|Flash Cannon|p2b: Sneasler\n|-activate|p2b: Sneasler|move: Protect\n|move|p1a: Basculegion|Wave Crash|p2a: Incineroar\n|-supereffective|p2a: Incineroar|1\n|-damage|p2a: Incineroar|0 fnt\n|faint|p2a: Incineroar\n|-damage|p1a: Basculegion|66/100|[from] Recoil\n|\n|upkeep\n|\n|t:|1776368120\n|switch|p2a: Aerodactyl|Aerodactyl, L50, M|100/100\n|-ability|p2a: Aerodactyl|Unnerve\n|turn|3\n|\n|t:|1776368127\n|switch|p1b: Meganium|Meganium, L50, M|100/100\n|move|p1a: Basculegion|Aqua Jet|p2b: Sneasler\n|-damage|p2b: Sneasler|0 fnt\n|faint|p2b: Sneasler\n|move|p2a: Aerodactyl|Tailwind|p2a: Aerodactyl\n|-sidestart|p2: khanhnguyen11|move: Tailwind\n|\n|upkeep\n|\n|t:|1776368134\n|switch|p2b: Floette|Floette-Eternal, L50, F|100/100\n|turn|4\n|\n|t:|1776368147\n|detailschange|p2b: Floette|Floette-Mega, L50, F\n|-mega|p2b: Floette|Floette|Floettite\n|-ability|p2b: Floette|Fairy Aura\n|detailschange|p1b: Meganium|Meganium-Mega, L50, M\n|-mega|p1b: Meganium|Meganium|Meganiumite\n|move|p2a: Aerodactyl|Dual Wingbeat|p1b: Meganium\n|-supereffective|p1b: Meganium|1\n|-damage|p1b: Meganium|65/100\n|-supereffective|p1b: Meganium|1\n|-damage|p1b: Meganium|28/100\n|-hitcount|p1b: Meganium|2\n|move|p2b: Floette|Dazzling Gleam|p1b: Meganium|[spread] p1a,p1b\n|-damage|p1a: Basculegion|11/100\n|-damage|p1b: Meganium|0 fnt\n|faint|p1b: Meganium\n|move|p1a: Basculegion|Wave Crash|p2b: Floette\n|-damage|p2b: Floette|1/100\n|-damage|p1a: Basculegion|0 fnt|[from] Recoil\n|faint|p1a: Basculegion\n|\n|upkeep\n|\n|t:|1776368164\n|switch|p1b: Archaludon|Archaludon, L50, F|100/100\n|turn|5\n|\n|t:|1776368174\n|move|p1b: Archaludon|Protect|p1b: Archaludon\n|-singleturn|p1b: Archaludon|Protect\n|move|p2a: Aerodactyl|Rock Slide|p1b: Archaludon\n|-activate|p1b: Archaludon|move: Protect\n|move|p2b: Floette|Moonblast|p1b: Archaludon\n|-activate|p1b: Archaludon|move: Protect\n|\n|upkeep\n|turn|6\n|\n|t:|1776368185\n|move|p2a: Aerodactyl|Rock Slide|p1b: Archaludon\n|-resisted|p1b: Archaludon|1\n|-damage|p1b: Archaludon|87/100\n|move|p2b: Floette|Moonblast|p1b: Archaludon\n|-damage|p1b: Archaludon|0 fnt\n|faint|p1b: Archaludon\n|\n|win|khanhnguyen11\n|raw|kunna1's rating: 1263 &rarr; <strong>1234</strong><br />(-29 for losing)\n|raw|khanhnguyen11's rating: 1206 &rarr; <strong>1235</strong><br />(+29 for winning)\n|c|\u2606khanhnguyen11|GG\n|l|\u2606kunna1\n|player|p1|\n",
  "uploadtime": 1776368195,
  "views": 21,
  "formatid": "gen9championsvgc2026regma",
  "rating": 1234,
  "private": 0,
  "password": null
}