{
  "id": "gen9championsvgc2026regma-2586002983",
  "format": "[Gen 9 Champions] VGC 2026 Reg M-A",
  "players": [
    "Noone123456789",
    "Phillip Blevin"
  ],
  "log": "|j|\u2606Noone123456789\n|j|\u2606Phillip Blevin\n|t:|1776389280\n|gametype|doubles\n|player|p1|Noone123456789|2|1237\n|player|p2|Phillip Blevin|cynthia-masters4|1241\n|gen|9\n|tier|[Gen 9 Champions] VGC 2026 Reg M-A\n|rated|\n|rule|Species Clause: Limit one of each Pok\u00e9mon\n|rule|Item Clause: Limit 1 of each item\n|clearpoke\n|poke|p1|Charizard, L50, M|\n|poke|p1|Venusaur, L50, M|\n|poke|p1|Garchomp, L50, F|\n|poke|p1|Rotom-Wash, L50|\n|poke|p1|Sneasler, L50, M|\n|poke|p1|Incineroar, L50, F|\n|poke|p2|Froslass, L50, F|\n|poke|p2|Corviknight, L50, F|\n|poke|p2|Sneasler, L50, M|\n|poke|p2|Rotom-Mow, L50|\n|poke|p2|Incineroar, L50, F|\n|poke|p2|Gyarados, L50, M|\n|teampreview|4\n|inactive|Battle timer is ON: inactive players will automatically lose when time's up. (requested by Phillip Blevin)\n|inactive|Noone123456789 also wants the timer to be on.\nPhillip Blevin has agreed to open team sheets.\n|inactive|Noone123456789 has 60 seconds left.\n|\n|t:|1776389328\n|teamsize|p1|4\n|teamsize|p2|4\n|start\n|switch|p1a: Charizard|Charizard, L50, M|100/100\n|switch|p1b: Incineroar|Incineroar, L50, F|100/100\n|switch|p2a: Rotom|Rotom-Mow, L50|100/100\n|switch|p2b: Incineroar|Incineroar, L50, F|100/100\n|-ability|p1b: Incineroar|Intimidate|boost\n|-unboost|p2a: Rotom|atk|1\n|-unboost|p2b: Incineroar|atk|1\n|-ability|p2b: Incineroar|Intimidate|boost\n|-unboost|p1a: Charizard|atk|1\n|-unboost|p1b: Incineroar|atk|1\n|turn|1\n|\n|t:|1776389339\n|switch|p2a: Gyarados|Gyarados, L50, M|100/100\n|-ability|p2a: Gyarados|Intimidate|boost\n|-unboost|p1a: Charizard|atk|1\n|-unboost|p1b: Incineroar|atk|1\n|move|p1a: Charizard|Protect|p1a: Charizard\n|-singleturn|p1a: Charizard|Protect\n|move|p1b: Incineroar|Fake Out|p2a: Gyarados\n|-damage|p2a: Gyarados|92/100\n|move|p2b: Incineroar|Fake Out|p1a: Charizard\n|-activate|p1a: Charizard|move: Protect\n|\n|upkeep\n|turn|2\n|\n|t:|1776389364\n|switch|p1a: Garchomp|Garchomp, L50, F|100/100\n|move|p2a: Gyarados|Dragon Dance|p2a: Gyarados\n|-boost|p2a: Gyarados|atk|1\n|-boost|p2a: Gyarados|spe|1\n|move|p1b: Incineroar|Parting Shot|p2a: Gyarados\n|-unboost|p2a: Gyarados|atk|1\n|-unboost|p2a: Gyarados|spa|1\n|\n|t:|1776389376\n|switch|p1b: Sneasler|Sneasler, L50, M|100/100|[from] Parting Shot\n|move|p2b: Incineroar|Parting Shot|p1a: Garchomp\n|-unboost|p1a: Garchomp|atk|1\n|-unboost|p1a: Garchomp|spa|1\n|\n|t:|1776389380\n|switch|p2b: Froslass|Froslass, L50, F|100/100|[from] Parting Shot\n|\n|upkeep\n|turn|3\n|\n|t:|1776389400\n|switch|p1a: Incineroar|Incineroar, L50, F|100/100\n|-ability|p1a: Incineroar|Intimidate|boost\n|-unboost|p2a: Gyarados|atk|1\n|-unboost|p2b: Froslass|atk|1\n|detailschange|p2b: Froslass|Froslass-Mega, L50, F\n|-mega|p2b: Froslass|Froslass|Froslassite\n|-weather|Snowscape|[from] ability: Snow Warning|[of] p2b: Froslass\n|move|p2b: Froslass|Aurora Veil|p2b: Froslass\n|-sidestart|p2: Phillip Blevin|move: Aurora Veil\n|move|p1b: Sneasler|Rock Tomb|p2b: Froslass\n|-supereffective|p2b: Froslass|1\n|-damage|p2b: Froslass|71/100\n|-unboost|p2b: Froslass|spe|1\n|move|p2a: Gyarados|Ice Fang|p1a: Incineroar\n|-resisted|p1a: Incineroar|1\n|-damage|p1a: Incineroar|93/100\n|\n|-weather|Snowscape|[upkeep]\n|upkeep\n|turn|4\n|inactive|Noone123456789 has 30 seconds left.\n|\n|t:|1776389428\n|move|p1a: Incineroar|Fake Out|p2a: Gyarados\n|-damage|p2a: Gyarados|81/100\n|move|p1b: Sneasler|Rock Tomb|p2b: Froslass|[miss]\n|-miss|p1b: Sneasler|p2b: Froslass\n|cant|p2a: Gyarados|flinch\n|move|p2b: Froslass|Blizzard|p1b: Sneasler|[spread] p1a,p1b\n|-resisted|p1a: Incineroar|1\n|-damage|p1a: Incineroar|72/100\n|-damage|p1b: Sneasler|36/100\n|-status|p1a: Incineroar|frz\n|\n|-weather|Snowscape|[upkeep]\n|upkeep\n|turn|5\n|\n|t:|1776389451\n|move|p1b: Sneasler|Rock Tomb|p2b: Froslass|[miss]\n|-miss|p1b: Sneasler|p2b: Froslass\n|move|p2a: Gyarados|Dragon Dance|p2a: Gyarados\n|-boost|p2a: Gyarados|atk|1\n|-boost|p2a: Gyarados|spe|1\n|move|p2b: Froslass|Blizzard|p1b: Sneasler|[spread] p1a,p1b\n|-resisted|p1a: Incineroar|1\n|-damage|p1a: Incineroar|51/100 frz\n|-damage|p1b: Sneasler|0 fnt\n|faint|p1b: Sneasler\n|-curestatus|p1a: Incineroar|frz|[from] move: Flare Blitz\n|move|p1a: Incineroar|Flare Blitz|p2b: Froslass\n|-supereffective|p2b: Froslass|1\n|-damage|p2b: Froslass|0 fnt\n|faint|p2b: Froslass\n|-damage|p1a: Incineroar|34/100|[from] Recoil\n|-enditem|p1a: Incineroar|Sitrus Berry|[eat]\n|-heal|p1a: Incineroar|59/100|[from] item: Sitrus Berry\n|\n|-weather|Snowscape|[upkeep]\n|upkeep\n|inactive|Noone123456789 has 30 seconds left.\n|\n|t:|1776389485\n|switch|p2b: Incineroar|Incineroar, L50, F|100/100\n|switch|p1b: Charizard|Charizard, L50, M|100/100\n|-ability|p2b: Incineroar|Intimidate|boost\n|-unboost|p1a: Incineroar|atk|1\n|-unboost|p1b: Charizard|atk|1\n|turn|6\n|\n|t:|1776389493\n|detailschange|p1b: Charizard|Charizard-Mega-Y, L50, M\n|-mega|p1b: Charizard|Charizard|Charizardite Y\n|-weather|SunnyDay|[from] ability: Drought|[of] p1b: Charizard\n|move|p1b: Charizard|Protect|p1b: Charizard\n|-singleturn|p1b: Charizard|Protect\n|move|p2b: Incineroar|Fake Out|p1a: Incineroar\n|-damage|p1a: Incineroar|49/100\n|move|p2a: Gyarados|Dragon Dance|p2a: Gyarados\n|-boost|p2a: Gyarados|atk|1\n|-boost|p2a: Gyarados|spe|1\n|cant|p1a: Incineroar|flinch\n|\n|-weather|SunnyDay|[upkeep]\n|upkeep\n|turn|7\n|inactive|Noone123456789 has 30 seconds left.\n|\n|t:|1776389525\n|switch|p1b: Garchomp|Garchomp, L50, F|100/100\n|move|p2a: Gyarados|Dragon Dance|p2a: Gyarados\n|-boost|p2a: Gyarados|atk|1\n|-boost|p2a: Gyarados|spe|1\n|move|p1a: Incineroar|Parting Shot|p2a: Gyarados\n|-unboost|p2a: Gyarados|atk|1\n|-unboost|p2a: Gyarados|spa|1\n|\n|t:|1776389533\n|switch|p1a: Charizard|Charizard-Mega-Y, L50, M|100/100|[from] Parting Shot\n|move|p2b: Incineroar|Darkest Lariat|p1b: Garchomp\n|-damage|p1b: Garchomp|64/100\n|-damage|p2b: Incineroar|88/100|[from] ability: Rough Skin|[of] p1b: Garchomp\n|\n|-weather|SunnyDay|[upkeep]\n|-sideend|p2: Phillip Blevin|move: Aurora Veil\n|upkeep\n|turn|8\n|inactive|Noone123456789 has 30 seconds left.\n|\n|t:|1776389562\n|switch|p1b: Incineroar|Incineroar, L50, F|49/100\n|-ability|p1b: Incineroar|Intimidate|boost\n|-unboost|p2a: Gyarados|atk|1\n|-unboost|p2b: Incineroar|atk|1\n|switch|p2b: Rotom|Rotom-Mow, L50|100/100\n|move|p1a: Charizard|Protect|p1a: Charizard\n|-singleturn|p1a: Charizard|Protect\n|move|p2a: Gyarados|Ice Fang|p1b: Incineroar\n|-resisted|p1b: Incineroar|1\n|-damage|p1b: Incineroar|38/100\n|\n|-weather|SunnyDay|[upkeep]\n|upkeep\n|turn|9\n|inactive|Noone123456789 has 30 seconds left.\n|\n|t:|1776389588\n|move|p1b: Incineroar|Fake Out|p2a: Gyarados\n|-damage|p2a: Gyarados|66/100\n|cant|p2a: Gyarados|flinch\n|move|p2b: Rotom|Electroweb|p1a: Charizard|[spread] p1a,p1b\n|-supereffective|p1a: Charizard|1\n|-damage|p1a: Charizard|62/100\n|-damage|p1b: Incineroar|19/100\n|-unboost|p1a: Charizard|spe|1\n|-unboost|p1b: Incineroar|spe|1\n|move|p1a: Charizard|Solar Beam||[still]\n|-prepare|p1a: Charizard|Solar Beam\n|-anim|p1a: Charizard|Solar Beam|p2a: Gyarados\n|-damage|p2a: Gyarados|18/100\n|-enditem|p2a: Gyarados|Sitrus Berry|[eat]\n|-heal|p2a: Gyarados|43/100|[from] item: Sitrus Berry\n|\n|-weather|SunnyDay|[upkeep]\n|upkeep\n|turn|10\n|\n|t:|1776389610\n|switch|p1b: Garchomp|Garchomp, L50, F|64/100\n|move|p2a: Gyarados|Protect|p2a: Gyarados\n|-singleturn|p2a: Gyarados|Protect\n|move|p2b: Rotom|Electroweb|p1a: Charizard|[spread] p1a\n|-immune|p1b: Garchomp\n|-supereffective|p1a: Charizard|1\n|-damage|p1a: Charizard|23/100\n|-unboost|p1a: Charizard|spe|1\n|move|p1a: Charizard|Heat Wave|p2a: Gyarados|[spread] \n|-activate|p2a: Gyarados|move: Protect\n|-miss|p1a: Charizard|p2b: Rotom\n|\n|-weather|none\n|upkeep\n|turn|11\n|inactive|Noone123456789 has 30 seconds left.\n|inactive|Noone123456789 has 20 seconds left.\n|inactive|Noone123456789 has 15 seconds left.\n|inactive|Noone123456789 has 10 seconds left.\n|\n|t:|1776389657\n|switch|p1b: Incineroar|Incineroar, L50, F|19/100\n|-ability|p1b: Incineroar|Intimidate|boost\n|-unboost|p2a: Gyarados|atk|1\n|-unboost|p2b: Rotom|atk|1\n|move|p2a: Gyarados|Ice Fang|p1b: Incineroar\n|-resisted|p1b: Incineroar|1\n|-damage|p1b: Incineroar|12/100\n|move|p2b: Rotom|Electroweb|p1b: Incineroar|[spread] p1a,p1b\n|-supereffective|p1a: Charizard|1\n|-damage|p1a: Charizard|0 fnt\n|-damage|p1b: Incineroar|0 fnt\n|faint|p1a: Charizard\n|faint|p1b: Incineroar\n|\n|upkeep\n|-message|Noone123456789 forfeited.\n|\n|win|Phillip Blevin\n|raw|Noone123456789's rating: 1237 &rarr; <strong>1212</strong><br />(-25 for losing)\n|raw|Phillip Blevin's rating: 1241 &rarr; <strong>1266</strong><br />(+25 for winning)\n",
  "uploadtime": 1776389667,
  "views": 23,
  "formatid": "gen9championsvgc2026regma",
  "rating": 1212,
  "private": 0,
  "password": null
}