{
  "id": "gen9championsvgc2026regma-2588594499",
  "format": "[Gen 9 Champions] VGC 2026 Reg M-A",
  "players": [
    "Tomi2384",
    "OJ32"
  ],
  "log": "|j|\u2606Tomi2384\n|j|\u2606OJ32\n|t:|1776648365\n|gametype|doubles\n|player|p1|Tomi2384|lucas|1171\n|player|p2|OJ32|1|1174\n|gen|9\n|tier|[Gen 9 Champions] VGC 2026 Reg M-A\n|rated|\n|rule|Species Clause: Limit one of each Pok\u00e9mon\n|rule|Item Clause: Limit 1 of each item\n|clearpoke\n|poke|p1|Charizard, L50, F|\n|poke|p1|Incineroar, L50, M|\n|poke|p1|Venusaur, L50, M|\n|poke|p1|Aerodactyl, L50, M|\n|poke|p1|Sneasler, L50, F|\n|poke|p1|Sableye, L50, F|\n|poke|p2|Sneasler, L50, M|\n|poke|p2|Garchomp, L50, F|\n|poke|p2|Sinistcha, L50|\n|poke|p2|Floette-Eternal, L50, F|\n|poke|p2|Aerodactyl, L50, F|\n|poke|p2|Milotic, L50, F|\n|teampreview|4\n|inactive|Battle timer is ON: inactive players will automatically lose when time's up. (requested by OJ32)\n|inactive|Tomi2384 has 60 seconds left.\n|\n|t:|1776648414\n|teamsize|p1|4\n|teamsize|p2|4\n|start\n|switch|p1a: Charizard|Charizard, L50, F|100/100\n|switch|p1b: Venusaur|Venusaur, L50, M|100/100\n|switch|p2a: Milotic|Milotic, L50, F|100/100\n|switch|p2b: Sneasler|Sneasler, L50, M|100/100\n|turn|1\n|\n|t:|1776648430\n|move|p1a: Charizard|Protect|p1a: Charizard\n|-singleturn|p1a: Charizard|Protect\n|move|p1b: Venusaur|Protect|p1b: Venusaur\n|-singleturn|p1b: Venusaur|Protect\n|move|p2b: Sneasler|Fake Out|p1b: Venusaur\n|-activate|p1b: Venusaur|move: Protect\n|move|p2a: Milotic|Icy Wind|p1a: Charizard|[spread] \n|-activate|p1a: Charizard|move: Protect\n|-activate|p1b: Venusaur|move: Protect\n|\n|upkeep\n|turn|2\n|inactive|Tomi2384 has 30 seconds left.\n|inactive|Tomi2384 has 20 seconds left.\n|\n|t:|1776648468\n|detailschange|p1a: Charizard|Charizard-Mega-Y, L50, F\n|-mega|p1a: Charizard|Charizard|Charizardite Y\n|-weather|SunnyDay|[from] ability: Drought|[of] p1a: Charizard\n|move|p2b: Sneasler|Dire Claw|p1b: Venusaur\n|-damage|p1b: Venusaur|54/100\n|move|p1a: Charizard|Air Slash|p2b: Sneasler\n|-supereffective|p2b: Sneasler|1\n|-damage|p2b: Sneasler|0 fnt\n|faint|p2b: Sneasler\n|move|p1b: Venusaur|Sleep Powder|p2a: Milotic|[miss]\n|-miss|p1b: Venusaur|p2a: Milotic\n|move|p2a: Milotic|Icy Wind|p1b: Venusaur|[spread] p1a,p1b\n|-supereffective|p1b: Venusaur|1\n|-damage|p1a: Charizard|89/100\n|-damage|p1b: Venusaur|29/100\n|-unboost|p1a: Charizard|spe|1\n|-unboost|p1b: Venusaur|spe|1\n|\n|-weather|SunnyDay|[upkeep]\n|upkeep\n|\n|t:|1776648479\n|switch|p2b: Aerodactyl|Aerodactyl, L50, F|100/100\n|-ability|p2b: Aerodactyl|Unnerve\n|turn|3\n|inactive|Tomi2384 has 30 seconds left.\n|inactive|Tomi2384 has 20 seconds left.\n|inactive|Tomi2384 has 15 seconds left.\n|inactive|Tomi2384 has 10 seconds left.\n|inactive|Tomi2384 has 5 seconds left.\n|\n|t:|1776648532\n|move|p2b: Aerodactyl|Dual Wingbeat|p1b: Venusaur\n|-supereffective|p1b: Venusaur|1\n|-damage|p1b: Venusaur|0 fnt\n|faint|p1b: Venusaur\n|-hitcount|p1: Venusaur|1\n|move|p2a: Milotic|Scald|p1a: Charizard\n|-supereffective|p1a: Charizard|1\n|-damage|p1a: Charizard|57/100\n|move|p1a: Charizard|Solar Beam||[still]\n|-prepare|p1a: Charizard|Solar Beam\n|-anim|p1a: Charizard|Solar Beam|p2a: Milotic\n|-supereffective|p2a: Milotic|1\n|-damage|p2a: Milotic|28/100\n|\n|-weather|SunnyDay|[upkeep]\n|-heal|p2a: Milotic|34/100|[from] item: Leftovers\n|upkeep\n|\n|t:|1776648536\n|switch|p1b: Sneasler|Sneasler, L50, F|100/100\n|turn|4\n|\n|t:|1776648549\n|move|p2b: Aerodactyl|Protect|p2b: Aerodactyl\n|-singleturn|p2b: Aerodactyl|Protect\n|move|p2a: Milotic|Protect|p2a: Milotic\n|-singleturn|p2a: Milotic|Protect\n|move|p1b: Sneasler|Fake Out|p2b: Aerodactyl\n|-activate|p2b: Aerodactyl|move: Protect\n|move|p1a: Charizard|Solar Beam||[still]\n|-prepare|p1a: Charizard|Solar Beam\n|-anim|p1a: Charizard|Solar Beam|p2b: Aerodactyl\n|-activate|p2b: Aerodactyl|move: Protect\n|\n|-weather|SunnyDay|[upkeep]\n|-heal|p2a: Milotic|40/100|[from] item: Leftovers\n|upkeep\n|turn|5\n|\n|t:|1776648564\n|switch|p1b: Aerodactyl|Aerodactyl, L50, M|100/100\n|move|p2b: Aerodactyl|Dual Wingbeat|p1b: Aerodactyl\n|-resisted|p1b: Aerodactyl|1\n|-damage|p1b: Aerodactyl|86/100\n|-resisted|p1b: Aerodactyl|1\n|-damage|p1b: Aerodactyl|72/100\n|-hitcount|p1b: Aerodactyl|2\n|move|p2a: Milotic|Icy Wind|p1b: Aerodactyl|[spread] p1a,p1b\n|-supereffective|p1b: Aerodactyl|1\n|-damage|p1a: Charizard|46/100\n|-damage|p1b: Aerodactyl|39/100\n|-unboost|p1a: Charizard|spe|1\n|-unboost|p1b: Aerodactyl|spe|1\n|move|p1a: Charizard|Solar Beam||[still]\n|-prepare|p1a: Charizard|Solar Beam\n|-anim|p1a: Charizard|Solar Beam|p2a: Milotic\n|-supereffective|p2a: Milotic|1\n|-damage|p2a: Milotic|0 fnt\n|faint|p2a: Milotic\n|\n|-weather|SunnyDay|[upkeep]\n|upkeep\n|\n|t:|1776648569\n|switch|p2a: Floette|Floette-Eternal, L50, F|100/100\n|turn|6\n|\n|t:|1776648585\n|detailschange|p2a: Floette|Floette-Mega, L50, F\n|-mega|p2a: Floette|Floette|Floettite\n|-ability|p2a: Floette|Fairy Aura\n|move|p1a: Charizard|Protect|p1a: Charizard\n|-singleturn|p1a: Charizard|Protect\n|move|p2b: Aerodactyl|Tailwind|p2b: Aerodactyl\n|-sidestart|p2: OJ32|move: Tailwind\n|move|p2a: Floette|Dazzling Gleam|p1b: Aerodactyl|[spread] p1b\n|-activate|p1a: Charizard|move: Protect\n|-damage|p1b: Aerodactyl|0 fnt\n|faint|p1b: Aerodactyl\n|\n|-weather|none\n|upkeep\n|\n|t:|1776648587\n|switch|p1b: Sneasler|Sneasler, L50, F|100/100\n|turn|7\n|inactive|Tomi2384 has 30 seconds left.\n|\n|t:|1776648615\n|move|p2b: Aerodactyl|Protect|p2b: Aerodactyl\n|-singleturn|p2b: Aerodactyl|Protect\n|move|p2a: Floette|Protect|p2a: Floette\n|-singleturn|p2a: Floette|Protect\n|move|p1b: Sneasler|Fake Out|p2b: Aerodactyl\n|-activate|p2b: Aerodactyl|move: Protect\n|move|p1a: Charizard|Air Slash|p2a: Floette\n|-activate|p2a: Floette|move: Protect\n|\n|upkeep\n|turn|8\n|\n|t:|1776648626\n|move|p2b: Aerodactyl|Dual Wingbeat|p1b: Sneasler\n|-supereffective|p1b: Sneasler|1\n|-damage|p1b: Sneasler|39/100\n|-supereffective|p1b: Sneasler|1\n|-damage|p1b: Sneasler|0 fnt\n|faint|p1b: Sneasler\n|-hitcount|p1: Sneasler|2\n|move|p2a: Floette|Moonblast|p1a: Charizard\n|-resisted|p1a: Charizard|1\n|-damage|p1a: Charizard|13/100\n|move|p1a: Charizard|Air Slash|p2b: Aerodactyl\n|-resisted|p2b: Aerodactyl|1\n|-damage|p2b: Aerodactyl|67/100\n|\n|upkeep\n|turn|9\n|-message|Tomi2384 forfeited.\n|\n|win|OJ32\n|raw|Tomi2384's rating: 1171 &rarr; <strong>1146</strong><br />(-25 for losing)\n|raw|OJ32's rating: 1174 &rarr; <strong>1199</strong><br />(+25 for winning)\n",
  "uploadtime": 1776648634,
  "views": 5,
  "formatid": "gen9championsvgc2026regma",
  "rating": 1146,
  "private": 0,
  "password": null
}