{
  "id": "gen9championsvgc2026regma-2584800032",
  "format": "[Gen 9 Champions] VGC 2026 Reg M-A",
  "players": [
    "thealex610",
    "Krook01"
  ],
  "log": "|j|\u2606thealex610\n|j|\u2606Krook01\n|t:|1776284571\n|gametype|doubles\n|player|p1|thealex610|101|1180\n|player|p2|Krook01|benga|1187\n|gen|9\n|tier|[Gen 9 Champions] VGC 2026 Reg M-A\n|rated|\n|rule|Species Clause: Limit one of each Pok\u00e9mon\n|rule|Item Clause: Limit 1 of each item\n|clearpoke\n|poke|p1|Sneasler, L50, M|\n|poke|p1|Talonflame, L50, F|\n|poke|p1|Milotic, L50, F|\n|poke|p1|Aegislash, L50, F|\n|poke|p1|Scizor, L50, F|\n|poke|p1|Tyranitar, L50, F|\n|poke|p2|Scovillain, L50, F|\n|poke|p2|Farigiraf, L50, M|\n|poke|p2|Sneasler, L50, M|\n|poke|p2|Primarina, L50, F|\n|poke|p2|Incineroar, L50, M|\n|poke|p2|Krookodile, L50, F|\n|teampreview|4\n|inactive|Battle timer is ON: inactive players will automatically lose when time's up. (requested by thealex610)\n|\n|t:|1776284600\n|teamsize|p1|4\n|teamsize|p2|4\n|start\n|switch|p1a: Sneasler|Sneasler, L50, M|100/100\n|switch|p1b: Tyranitar|Tyranitar, L50, F|100/100\n|switch|p2a: Scovillain|Scovillain, L50, F|100/100\n|switch|p2b: Farigiraf|Farigiraf, L50, M|100/100\n|-weather|Sandstorm|[from] ability: Sand Stream|[of] p1b: Tyranitar\n|turn|1\n|inactive|Krook01 has 30 seconds left.\n|\n|t:|1776284626\n|detailschange|p1b: Tyranitar|Tyranitar-Mega, L50, F\n|-mega|p1b: Tyranitar|Tyranitar|Tyranitarite\n|detailschange|p2a: Scovillain|Scovillain-Mega, L50, F\n|-mega|p2a: Scovillain|Scovillain|Scovillainite\n|move|p2a: Scovillain|Protect|p2a: Scovillain\n|-singleturn|p2a: Scovillain|Protect\n|move|p1a: Sneasler|Close Combat|p2b: Farigiraf\n|-damage|p2b: Farigiraf|49/100\n|-unboost|p1a: Sneasler|def|1\n|-unboost|p1a: Sneasler|spd|1\n|-enditem|p2b: Farigiraf|Sitrus Berry|[eat]\n|-heal|p2b: Farigiraf|74/100|[from] item: Sitrus Berry\n|-enditem|p1a: Sneasler|White Herb\n|-clearnegativeboost|p1a: Sneasler|[silent]\n|move|p1b: Tyranitar|Knock Off|p2b: Farigiraf\n|-supereffective|p2b: Farigiraf|1\n|-damage|p2b: Farigiraf|2/100\n|move|p2b: Farigiraf|Twin Beam|p1a: Sneasler\n|-supereffective|p1a: Sneasler|2\n|-damage|p1a: Sneasler|23/100\n|-supereffective|p1a: Sneasler|2\n|-damage|p1a: Sneasler|0 fnt\n|faint|p1a: Sneasler\n|-hitcount|p1: Sneasler|2\n|\n|-weather|Sandstorm|[upkeep]\n|-damage|p2a: Scovillain|95/100|[from] Sandstorm\n|-damage|p2b: Farigiraf|0 fnt|[from] Sandstorm\n|faint|p2b: Farigiraf\n|upkeep\n|inactive|thealex610 has 30 seconds left.\n|\n|t:|1776284656\n|switch|p1a: Milotic|Milotic, L50, F|100/100\n|switch|p2b: Incineroar|Incineroar, L50, M|100/100\n|-ability|p2b: Incineroar|Intimidate|boost\n|-unboost|p1a: Milotic|atk|1\n|-ability|p1a: Milotic|Competitive|boost\n|-boost|p1a: Milotic|spa|2\n|-unboost|p1b: Tyranitar|atk|1\n|turn|2\n|\n|t:|1776284680\n|move|p2b: Incineroar|Fake Out|p1a: Milotic\n|-damage|p1a: Milotic|85/100\n|cant|p1a: Milotic|flinch\n|move|p1b: Tyranitar|Rock Slide|p2b: Incineroar|[spread] p2a,p2b\n|-supereffective|p2a: Scovillain|1\n|-supereffective|p2b: Incineroar|1\n|-damage|p2a: Scovillain|26/100\n|-damage|p2b: Incineroar|55/100\n|-status|p1b: Tyranitar|brn|[from] ability: Spicy Spray|[of] p2a: Scovillain\n|move|p2a: Scovillain|Giga Drain|p1a: Milotic\n|-supereffective|p1a: Milotic|1\n|-damage|p1a: Milotic|6/100\n|-heal|p2a: Scovillain|73/100|[from] drain|[of] p1a: Milotic\n|\n|-weather|Sandstorm|[upkeep]\n|-damage|p1a: Milotic|0 fnt|[from] Sandstorm\n|-damage|p2a: Scovillain|67/100|[from] Sandstorm\n|-damage|p2b: Incineroar|49/100|[from] Sandstorm\n|faint|p1a: Milotic\n|-damage|p1b: Tyranitar|95/100 brn|[from] brn\n|upkeep\n|\n|t:|1776284697\n|switch|p1a: Aegislash|Aegislash, L50, F|100/100\n|turn|3\n|\n|t:|1776284705\n|switch|p2b: Primarina|Primarina, L50, F|100/100\n|move|p2a: Scovillain|Protect|p2a: Scovillain\n|-singleturn|p2a: Scovillain|Protect\n|move|p1b: Tyranitar|Rock Slide|p2a: Scovillain|[spread] \n|-activate|p2a: Scovillain|move: Protect\n|-miss|p1b: Tyranitar|p2b: Primarina\n|-formechange|p1a: Aegislash|Aegislash-Blade|\n|move|p1a: Aegislash|Sacred Sword|p2b: Primarina\n|-resisted|p2b: Primarina|1\n|-damage|p2b: Primarina|80/100\n|\n|-weather|Sandstorm|[upkeep]\n|-damage|p2a: Scovillain|62/100|[from] Sandstorm\n|-damage|p2b: Primarina|74/100|[from] Sandstorm\n|-heal|p2b: Primarina|80/100|[from] item: Leftovers\n|-damage|p1b: Tyranitar|89/100 brn|[from] brn\n|upkeep\n|turn|4\n|inactive|thealex610 has 30 seconds left.\n|\n|t:|1776284736\n|switch|p2b: Incineroar|Incineroar, L50, M|49/100\n|-ability|p2b: Incineroar|Intimidate|boost\n|-unboost|p1a: Aegislash|atk|1\n|-unboost|p1b: Tyranitar|atk|1\n|-formechange|p1a: Aegislash|Aegislash|\n|move|p1a: Aegislash|King's Shield|p1a: Aegislash\n|-singleturn|p1a: Aegislash|Protect\n|move|p1b: Tyranitar|Rock Slide|p2a: Scovillain|[spread] p2a,p2b\n|-supereffective|p2a: Scovillain|1\n|-supereffective|p2b: Incineroar|1\n|-damage|p2a: Scovillain|36/100\n|-damage|p2b: Incineroar|30/100\n|move|p2a: Scovillain|Giga Drain|p1b: Tyranitar\n|-supereffective|p1b: Tyranitar|1\n|-damage|p1b: Tyranitar|38/100 brn\n|-heal|p2a: Scovillain|67/100|[from] drain|[of] p1b: Tyranitar\n|\n|-weather|Sandstorm|[upkeep]\n|-damage|p2a: Scovillain|62/100|[from] Sandstorm\n|-damage|p2b: Incineroar|24/100|[from] Sandstorm\n|-damage|p1b: Tyranitar|32/100 brn|[from] brn\n|upkeep\n|turn|5\n|inactive|thealex610 has 30 seconds left.\n|\n|t:|1776284765\n|switch|p2b: Primarina|Primarina, L50, F|80/100\n|move|p1b: Tyranitar|Protect|p1b: Tyranitar\n|-singleturn|p1b: Tyranitar|Protect\n|move|p2a: Scovillain|Protect|p2a: Scovillain\n|-singleturn|p2a: Scovillain|Protect\n|-formechange|p1a: Aegislash|Aegislash-Blade|\n|move|p1a: Aegislash|Sacred Sword|p2b: Primarina\n|-resisted|p2b: Primarina|1\n|-damage|p2b: Primarina|68/100\n|\n|-weather|none\n|-heal|p2b: Primarina|74/100|[from] item: Leftovers\n|-damage|p1b: Tyranitar|26/100 brn|[from] brn\n|upkeep\n|turn|6\n|inactive|thealex610 has 30 seconds left.\n|\n|t:|1776284794\n|switch|p2b: Incineroar|Incineroar, L50, M|24/100\n|-ability|p2b: Incineroar|Intimidate|boost\n|-unboost|p1a: Aegislash|atk|1\n|-unboost|p1b: Tyranitar|atk|1\n|move|p1a: Aegislash|Shadow Sneak|p2b: Incineroar\n|-resisted|p2b: Incineroar|1\n|-damage|p2b: Incineroar|19/100\n|move|p1b: Tyranitar|Rock Slide|p2a: Scovillain|[spread] p2a,p2b\n|-supereffective|p2a: Scovillain|1\n|-supereffective|p2b: Incineroar|1\n|-damage|p2a: Scovillain|39/100\n|-damage|p2b: Incineroar|4/100\n|cant|p2a: Scovillain|flinch\n|\n|-damage|p1b: Tyranitar|20/100 brn|[from] brn\n|upkeep\n|turn|7\n|\n|t:|1776284816\n|switch|p2b: Primarina|Primarina, L50, F|74/100\n|move|p2a: Scovillain|Protect|p2a: Scovillain\n|-singleturn|p2a: Scovillain|Protect\n|move|p1a: Aegislash|Shadow Sneak|p2b: Primarina\n|-damage|p2b: Primarina|60/100\n|move|p1b: Tyranitar|Rock Slide|p2a: Scovillain|[spread] p2b\n|-activate|p2a: Scovillain|move: Protect\n|-damage|p2b: Primarina|50/100\n|\n|-heal|p2b: Primarina|56/100|[from] item: Leftovers\n|-damage|p1b: Tyranitar|15/100 brn|[from] brn\n|upkeep\n|turn|8\n|\n|t:|1776284836\n|switch|p2b: Incineroar|Incineroar, L50, M|4/100\n|-ability|p2b: Incineroar|Intimidate|boost\n|-unboost|p1a: Aegislash|atk|1\n|-unboost|p1b: Tyranitar|atk|1\n|move|p1a: Aegislash|Shadow Sneak|p2b: Incineroar\n|-resisted|p2b: Incineroar|1\n|-damage|p2b: Incineroar|0 fnt\n|faint|p2b: Incineroar\n|move|p1b: Tyranitar|Rock Slide|p2a: Scovillain\n|-supereffective|p2a: Scovillain|1\n|-damage|p2a: Scovillain|13/100\n|move|p2a: Scovillain|Giga Drain|p1b: Tyranitar\n|-supereffective|p1b: Tyranitar|1\n|-damage|p1b: Tyranitar|0 fnt\n|-heal|p2a: Scovillain|22/100|[from] drain|[of] p1b: Tyranitar\n|faint|p1b: Tyranitar\n|\n|upkeep\n|\n|t:|1776284840\n|switch|p2b: Primarina|Primarina, L50, F|56/100\n|turn|9\n|\n|t:|1776284859\n|move|p2b: Primarina|Protect|p2b: Primarina\n|-singleturn|p2b: Primarina|Protect\n|move|p2a: Scovillain|Overheat|p1a: Aegislash\n|-supereffective|p1a: Aegislash|1\n|-damage|p1a: Aegislash|0 fnt\n|-unboost|p2a: Scovillain|spa|2\n|faint|p1a: Aegislash\n|\n|win|Krook01\n|raw|thealex610's rating: 1180 &rarr; <strong>1156</strong><br />(-24 for losing)\n|raw|Krook01's rating: 1187 &rarr; <strong>1211</strong><br />(+24 for winning)\n|l|\u2606Krook01\n|player|p2|\n",
  "uploadtime": 1776284868,
  "views": 23,
  "formatid": "gen9championsvgc2026regma",
  "rating": 1156,
  "private": 0,
  "password": null
}