{
  "id": "gen9championsvgc2026regma-2584518803",
  "format": "[Gen 9 Champions] VGC 2026 Reg M-A",
  "players": [
    "MatchMeUP",
    "soulo333"
  ],
  "log": "|j|\u2606MatchMeUP\n|j|\u2606soulo333\n|t:|1776266162\n|gametype|doubles\n|player|p1|MatchMeUP|ninjaboy|1125\n|player|p2|soulo333|169|1200\n|gen|9\n|tier|[Gen 9 Champions] VGC 2026 Reg M-A\n|rated|\n|rule|Species Clause: Limit one of each Pok\u00e9mon\n|rule|Item Clause: Limit 1 of each item\n|clearpoke\n|poke|p1|Meganium, L50, M|\n|poke|p1|Pelipper, L50, M|\n|poke|p1|Archaludon, L50, M|\n|poke|p1|Basculegion, L50, M|\n|poke|p1|Rotom-Wash, L50|\n|poke|p1|Sneasler, L50, F|\n|poke|p2|Charizard, L50, M|\n|poke|p2|Sneasler, L50, F|\n|poke|p2|Sinistcha, L50|\n|poke|p2|Incineroar, L50, M|\n|poke|p2|Milotic, L50, F|\n|poke|p2|Tyranitar, L50, F|\n|teampreview|4\n|\n|t:|1776266194\n|teamsize|p1|4\n|teamsize|p2|4\n|start\n|switch|p1a: Sneasler|Sneasler, L50, F|100/100\n|switch|p1b: Archaludon|Archaludon, L50, M|100/100\n|switch|p2a: Sneasler|Sneasler, L50, F|100/100\n|switch|p2b: Incineroar|Incineroar, L50, M|100/100\n|-ability|p2b: Incineroar|Intimidate|boost\n|-unboost|p1a: Sneasler|atk|1\n|-unboost|p1b: Archaludon|atk|1\n|-enditem|p1a: Sneasler|White Herb\n|-clearnegativeboost|p1a: Sneasler|[silent]\n|turn|1\n|\n|t:|1776266229\n|move|p2a: Sneasler|Protect|p2a: Sneasler\n|-singleturn|p2a: Sneasler|Protect\n|move|p1a: Sneasler|Fake Out|p2a: Sneasler\n|-activate|p2a: Sneasler|move: Protect\n|move|p1b: Archaludon|Flash Cannon|p2a: Sneasler\n|-activate|p2a: Sneasler|move: Protect\n|move|p2b: Incineroar|Parting Shot|p1b: Archaludon\n|-unboost|p1b: Archaludon|atk|1\n|-unboost|p1b: Archaludon|spa|1\n|\n|t:|1776266239\n|switch|p2b: Sinistcha|Sinistcha, L50|100/100|[from] Parting Shot\n|\n|upkeep\n|turn|2\n|\n|t:|1776266267\n|switch|p2a: Incineroar|Incineroar, L50, M|100/100\n|-ability|p2a: Incineroar|Intimidate|boost\n|-unboost|p1a: Sneasler|atk|1\n|-unboost|p1b: Archaludon|atk|1\n|move|p1b: Archaludon|Protect|p1b: Archaludon\n|-singleturn|p1b: Archaludon|Protect\n|move|p1a: Sneasler|Dire Claw|p2b: Sinistcha\n|-crit|p2b: Sinistcha\n|-damage|p2b: Sinistcha|44/100\n|move|p2b: Sinistcha|Shadow Ball|p1b: Archaludon\n|-activate|p1b: Archaludon|move: Protect\n|\n|upkeep\n|turn|3\n|\n|t:|1776266285\n|switch|p1b: Pelipper|Pelipper, L50, M|100/100\n|-weather|RainDance|[from] ability: Drizzle|[of] p1b: Pelipper\n|move|p1a: Sneasler|Protect|p1a: Sneasler\n|-singleturn|p1a: Sneasler|Protect\n|move|p2a: Incineroar|Fake Out|p1a: Sneasler\n|-activate|p1a: Sneasler|move: Protect\n|move|p2b: Sinistcha|Life Dew||[still]|[spread] p2a,p2b\n|-fail|p2a: Incineroar|heal\n|-heal|p2b: Sinistcha|70/100\n|\n|-weather|RainDance|[upkeep]\n|upkeep\n|turn|4\n|\n|t:|1776266303\n|switch|p2b: Tyranitar|Tyranitar, L50, F|100/100\n|-weather|Sandstorm|[from] ability: Sand Stream|[of] p2b: Tyranitar\n|move|p1a: Sneasler|Dire Claw|p2b: Tyranitar\n|-resisted|p2b: Tyranitar|1\n|-damage|p2b: Tyranitar|89/100\n|move|p1b: Pelipper|Hurricane|p2b: Tyranitar\n|-resisted|p2b: Tyranitar|1\n|-damage|p2b: Tyranitar|76/100\n|move|p2a: Incineroar|Parting Shot|p1a: Sneasler\n|-unboost|p1a: Sneasler|atk|1\n|-unboost|p1a: Sneasler|spa|1\n|\n|t:|1776266314\n|switch|p2a: Sinistcha|Sinistcha, L50|70/100|[from] Parting Shot\n|-heal|p2b: Tyranitar|100/100|[from] ability: Hospitality|[of] p2a: Sinistcha\n|\n|-weather|Sandstorm|[upkeep]\n|-damage|p1a: Sneasler|95/100|[from] Sandstorm\n|-damage|p2a: Sinistcha|63/100|[from] Sandstorm\n|-damage|p1b: Pelipper|95/100|[from] Sandstorm\n|upkeep\n|turn|5\n|\n|t:|1776266342\n|switch|p2b: Incineroar|Incineroar, L50, M|100/100\n|-ability|p2b: Incineroar|Intimidate|boost\n|-unboost|p1a: Sneasler|atk|1\n|-unboost|p1b: Pelipper|atk|1\n|move|p1a: Sneasler|Dire Claw|p2a: Sinistcha\n|-damage|p2a: Sinistcha|48/100\n|move|p2a: Sinistcha|Life Dew||[still]|[spread] p2a,p2b\n|-heal|p2a: Sinistcha|74/100\n|-fail|p2b: Incineroar|heal\n|move|p1b: Pelipper|Hurricane|p2a: Sinistcha|[miss]\n|-miss|p1b: Pelipper|p2a: Sinistcha\n|\n|-weather|Sandstorm|[upkeep]\n|-damage|p1a: Sneasler|89/100|[from] Sandstorm\n|-damage|p2a: Sinistcha|67/100|[from] Sandstorm\n|-damage|p1b: Pelipper|89/100|[from] Sandstorm\n|-damage|p2b: Incineroar|95/100|[from] Sandstorm\n|upkeep\n|turn|6\n|\n|t:|1776266369\n|switch|p1a: Archaludon|Archaludon, L50, M|100/100\n|move|p2a: Sinistcha|Matcha Gotcha|p1b: Pelipper|[spread] p1b\n|-miss|p2a: Sinistcha|p1a: Archaludon\n|-damage|p1b: Pelipper|48/100\n|-heal|p2a: Sinistcha|86/100|[from] drain|[of] p1b: Pelipper\n|-status|p1b: Pelipper|brn\n|move|p1b: Pelipper|Tailwind|p1b: Pelipper\n|-sidestart|p1: MatchMeUP|move: Tailwind\n|move|p2b: Incineroar|Flare Blitz|p1a: Archaludon\n|-damage|p1a: Archaludon|65/100\n|-ability|p1a: Archaludon|Stamina|boost\n|-boost|p1a: Archaludon|def|1\n|-damage|p2b: Incineroar|83/100|[from] Recoil\n|\n|-weather|Sandstorm|[upkeep]\n|-damage|p1b: Pelipper|42/100 brn|[from] Sandstorm\n|-damage|p2a: Sinistcha|80/100|[from] Sandstorm\n|-damage|p2b: Incineroar|77/100|[from] Sandstorm\n|-heal|p1a: Archaludon|71/100|[from] item: Leftovers\n|-damage|p1b: Pelipper|36/100 brn|[from] brn\n|upkeep\n|turn|7\n|\n|t:|1776266393\n|switch|p1b: Sneasler|Sneasler, L50, F|89/100\n|move|p1a: Archaludon|Protect|p1a: Archaludon\n|-singleturn|p1a: Archaludon|Protect\n|move|p2b: Incineroar|Parting Shot|p1b: Sneasler\n|-unboost|p1b: Sneasler|atk|1\n|-unboost|p1b: Sneasler|spa|1\n|\n|t:|1776266400\n|switch|p2b: Tyranitar|Tyranitar, L50, F|100/100|[from] Parting Shot\n|move|p2a: Sinistcha|Trick Room|p2a: Sinistcha\n|-fieldstart|move: Trick Room|[of] p2a: Sinistcha\n|\n|-weather|Sandstorm|[upkeep]\n|-damage|p2a: Sinistcha|74/100|[from] Sandstorm\n|-damage|p1b: Sneasler|83/100|[from] Sandstorm\n|-heal|p1a: Archaludon|77/100|[from] item: Leftovers\n|upkeep\n|turn|8\n|\n|t:|1776266438\n|switch|p2b: Incineroar|Incineroar, L50, M|77/100\n|-ability|p2b: Incineroar|Intimidate|boost\n|-unboost|p1a: Archaludon|atk|1\n|-unboost|p1b: Sneasler|atk|1\n|move|p1b: Sneasler|Fake Out|p2a: Sinistcha\n|-immune|p2a: Sinistcha\n|move|p2a: Sinistcha|Shadow Ball|p1a: Archaludon\n|-damage|p1a: Archaludon|36/100\n|-ability|p1a: Archaludon|Stamina|boost\n|-boost|p1a: Archaludon|def|1\n|move|p1a: Archaludon|Flash Cannon|p2b: Incineroar\n|-resisted|p2b: Incineroar|1\n|-damage|p2b: Incineroar|65/100\n|\n|-weather|none\n|-heal|p1a: Archaludon|42/100|[from] item: Leftovers\n|upkeep\n|turn|9\n|\n|t:|1776266462\n|switch|p1b: Pelipper|Pelipper, L50, M|36/100 brn\n|-weather|RainDance|[from] ability: Drizzle|[of] p1b: Pelipper\n|move|p2b: Incineroar|Fake Out|p1b: Pelipper\n|-damage|p1b: Pelipper|25/100 brn\n|move|p2a: Sinistcha|Shadow Ball|p1a: Archaludon\n|-damage|p1a: Archaludon|0 fnt\n|faint|p1a: Archaludon\n|\n|-weather|RainDance|[upkeep]\n|-damage|p1b: Pelipper|19/100 brn|[from] brn\n|-sideend|p1: MatchMeUP|move: Tailwind\n|upkeep\n|\n|t:|1776266474\n|switch|p1a: Sneasler|Sneasler, L50, F|83/100\n|turn|10\n|\n|t:|1776266480\n|move|p2b: Incineroar|Parting Shot|p1a: Sneasler\n|-unboost|p1a: Sneasler|atk|1\n|-unboost|p1a: Sneasler|spa|1\n|\n|t:|1776266483\n|switch|p2b: Tyranitar|Tyranitar, L50, F|100/100|[from] Parting Shot\n|-weather|Sandstorm|[from] ability: Sand Stream|[of] p2b: Tyranitar\n|move|p1b: Pelipper|Weather Ball|p2a: Sinistcha\n|-damage|p2a: Sinistcha|42/100\n|move|p2a: Sinistcha|Matcha Gotcha|p1a: Sneasler|[spread] p1b\n|-miss|p2a: Sinistcha|p1a: Sneasler\n|-damage|p1b: Pelipper|0 fnt\n|-heal|p2a: Sinistcha|50/100|[from] drain|[of] p1b: Pelipper\n|faint|p1b: Pelipper\n|move|p1a: Sneasler|Dire Claw|p2a: Sinistcha\n|-damage|p2a: Sinistcha|21/100\n|\n|-weather|Sandstorm|[upkeep]\n|-damage|p2a: Sinistcha|15/100|[from] Sandstorm\n|-damage|p1a: Sneasler|78/100|[from] Sandstorm\n|upkeep\n|\n|t:|1776266500\n|switch|p1b: Basculegion|Basculegion, L50, M|100/100\n|turn|11\n|\n|t:|1776266526\n|switch|p2a: Incineroar|Incineroar, L50, M|65/100\n|-ability|p2a: Incineroar|Intimidate|boost\n|-unboost|p1a: Sneasler|atk|1\n|-unboost|p1b: Basculegion|atk|1\n|detailschange|p2b: Tyranitar|Tyranitar-Mega, L50, F\n|-mega|p2b: Tyranitar|Tyranitar|Tyranitarite\n|move|p2b: Tyranitar|Knock Off|p1b: Basculegion\n|-supereffective|p1b: Basculegion|1\n|-damage|p1b: Basculegion|0 fnt\n|-enditem|p1b: Basculegion|Choice Scarf|[from] move: Knock Off|[of] p2b: Tyranitar\n|faint|p1b: Basculegion\n|move|p1a: Sneasler|Dire Claw|p2a: Incineroar\n|-damage|p2a: Incineroar|49/100\n|-status|p2a: Incineroar|slp\n|-enditem|p2a: Incineroar|Sitrus Berry|[eat]\n|-heal|p2a: Incineroar|73/100 slp|[from] item: Sitrus Berry\n|\n|-weather|Sandstorm|[upkeep]\n|-damage|p2a: Incineroar|67/100 slp|[from] Sandstorm\n|-damage|p1a: Sneasler|72/100|[from] Sandstorm\n|-fieldend|move: Trick Room\n|upkeep\n|turn|12\n|-message|MatchMeUP forfeited.\n|\n|win|soulo333\n|raw|MatchMeUP's rating: 1125 &rarr; <strong>1105</strong><br />(-20 for losing)\n|raw|soulo333's rating: 1200 &rarr; <strong>1220</strong><br />(+20 for winning)\n",
  "uploadtime": 1776266539,
  "views": 19,
  "formatid": "gen9championsvgc2026regma",
  "rating": 1105,
  "private": 0,
  "password": null
}