{
  "id": "gen9championsvgc2026regma-2582329482",
  "format": "[Gen 9 Champions] VGC 2026 Reg M-A",
  "players": [
    "JayTodd13",
    "NobleSeven"
  ],
  "log": "|j|\u2606JayTodd13\n|j|\u2606NobleSeven\n|t:|1776083846\n|gametype|doubles\n|player|p1|JayTodd13|101|1115\n|player|p2|NobleSeven|266|1105\n|gen|9\n|tier|[Gen 9 Champions] VGC 2026 Reg M-A\n|rated|\n|rule|Species Clause: Limit one of each Pok\u00e9mon\n|rule|Item Clause: Limit 1 of each item\n|clearpoke\n|poke|p1|Sneasler, L50, F|\n|poke|p1|Tyranitar, L50, M|\n|poke|p1|Rotom-Wash, L50|\n|poke|p1|Whimsicott, L50, F|\n|poke|p1|Floette-Eternal, L50, F|\n|poke|p1|Aegislash, L50, F|\n|poke|p2|Pelipper, L50, M|\n|poke|p2|Archaludon, L50, F|\n|poke|p2|Meganium, L50, M|\n|poke|p2|Sneasler, L50, M|\n|poke|p2|Basculegion, L50, M|\n|poke|p2|Sinistcha, L50|\n|teampreview|4\n|\n|t:|1776083894\n|teamsize|p1|4\n|teamsize|p2|4\n|start\n|switch|p1a: Whimsicott|Whimsicott, L50, F|100/100\n|switch|p1b: Rotom|Rotom-Wash, L50|100/100\n|switch|p2a: Basculegion|Basculegion, L50, M|100/100\n|switch|p2b: Sneasler|Sneasler, L50, M|100/100\n|turn|1\n|\n|t:|1776083916\n|move|p2b: Sneasler|Fake Out|p1b: Rotom\n|-damage|p1b: Rotom|78/100\n|move|p1a: Whimsicott|Tailwind|p1a: Whimsicott\n|-sidestart|p1: JayTodd13|move: Tailwind\n|cant|p1b: Rotom|flinch\n|move|p2a: Basculegion|Wave Crash|p1b: Rotom\n|-resisted|p1b: Rotom|1\n|-damage|p1b: Rotom|26/100\n|-damage|p2a: Basculegion|90/100|[from] Recoil\n|\n|upkeep\n|turn|2\n|\n|t:|1776083933\n|switch|p2a: Meganium|Meganium, L50, M|100/100\n|move|p1b: Rotom|Volt Switch|p2a: Meganium\n|-resisted|p2a: Meganium|1\n|-damage|p2a: Meganium|84/100\n|\n|t:|1776083939\n|switch|p1b: Sneasler|Sneasler, L50, F|100/100|[from] Volt Switch\n|move|p1a: Whimsicott|Moonblast|p2b: Sneasler\n|-damage|p2b: Sneasler|66/100\n|move|p2b: Sneasler|Dire Claw|p1a: Whimsicott\n|-supereffective|p1a: Whimsicott|2\n|-enditem|p1a: Whimsicott|Focus Sash\n|-damage|p1a: Whimsicott|1/100\n|\n|upkeep\n|turn|3\n|\n|t:|1776083956\n|detailschange|p2a: Meganium|Meganium-Mega, L50, M\n|-mega|p2a: Meganium|Meganium|Meganiumite\n|move|p1a: Whimsicott|Protect|p1a: Whimsicott\n|-singleturn|p1a: Whimsicott|Protect\n|move|p2a: Meganium|Protect|p2a: Meganium\n|-singleturn|p2a: Meganium|Protect\n|move|p1b: Sneasler|Acrobatics|p2b: Sneasler\n|-supereffective|p2b: Sneasler|1\n|-damage|p2b: Sneasler|0 fnt\n|faint|p2b: Sneasler\n|\n|upkeep\n|\n|t:|1776083967\n|switch|p2b: Pelipper|Pelipper, L50, M|100/100\n|-weather|RainDance|[from] ability: Drizzle|[of] p2b: Pelipper\n|turn|4\n|\n|t:|1776083977\n|switch|p1a: Tyranitar|Tyranitar, L50, M|100/100\n|-weather|Sandstorm|[from] ability: Sand Stream|[of] p1a: Tyranitar\n|switch|p2a: Basculegion|Basculegion, L50, M|90/100\n|move|p1b: Sneasler|Dire Claw|p2a: Basculegion\n|-resisted|p2a: Basculegion|1\n|-damage|p2a: Basculegion|60/100\n|-status|p2a: Basculegion|slp\n|move|p2b: Pelipper|Hurricane|p1b: Sneasler\n|-supereffective|p1b: Sneasler|1\n|-damage|p1b: Sneasler|0 fnt\n|faint|p1b: Sneasler\n|\n|-weather|Sandstorm|[upkeep]\n|-damage|p2a: Basculegion|54/100 slp|[from] Sandstorm\n|-damage|p2b: Pelipper|95/100|[from] Sandstorm\n|-sideend|p1: JayTodd13|move: Tailwind\n|upkeep\n|\n|t:|1776083996\n|switch|p1b: Rotom|Rotom-Wash, L50|26/100\n|turn|5\n|\n|t:|1776084008\n|switch|p2b: Meganium|Meganium-Mega, L50, M|84/100\n|detailschange|p1a: Tyranitar|Tyranitar-Mega, L50, M\n|-mega|p1a: Tyranitar|Tyranitar|Tyranitarite\n|move|p1b: Rotom|Electroweb|p2a: Basculegion|[spread] p2a,p2b\n|-supereffective|p2a: Basculegion|1\n|-resisted|p2b: Meganium|1\n|-damage|p2a: Basculegion|12/100 slp\n|-damage|p2b: Meganium|76/100\n|-unboost|p2a: Basculegion|spe|1\n|-unboost|p2b: Meganium|spe|1\n|cant|p2a: Basculegion|slp\n|move|p1a: Tyranitar|Ice Punch|p2b: Meganium\n|-supereffective|p2b: Meganium|1\n|-damage|p2b: Meganium|22/100\n|\n|-weather|Sandstorm|[upkeep]\n|-damage|p1b: Rotom|20/100|[from] Sandstorm\n|-damage|p2a: Basculegion|6/100 slp|[from] Sandstorm\n|-damage|p2b: Meganium|16/100|[from] Sandstorm\n|upkeep\n|turn|6\n|\n|t:|1776084026\n|move|p2b: Meganium|Protect|p2b: Meganium\n|-singleturn|p2b: Meganium|Protect\n|move|p1b: Rotom|Electroweb|p2b: Meganium|[spread] p2a\n|-activate|p2b: Meganium|move: Protect\n|-supereffective|p2a: Basculegion|1\n|-damage|p2a: Basculegion|0 fnt\n|faint|p2a: Basculegion\n|move|p1a: Tyranitar|Rock Slide|p2b: Meganium\n|-activate|p2b: Meganium|move: Protect\n|\n|-weather|Sandstorm|[upkeep]\n|-damage|p1b: Rotom|15/100|[from] Sandstorm\n|-damage|p2b: Meganium|10/100|[from] Sandstorm\n|upkeep\n|\n|t:|1776084039\n|switch|p2a: Pelipper|Pelipper, L50, M|95/100\n|-weather|RainDance|[from] ability: Drizzle|[of] p2a: Pelipper\n|turn|7\n|\n|t:|1776084050\n|switch|p1a: Whimsicott|Whimsicott, L50, F|1/100\n|move|p2a: Pelipper|Protect|p2a: Pelipper\n|-singleturn|p2a: Pelipper|Protect\n|move|p1b: Rotom|Electroweb|p2b: Meganium|[spread] p2b\n|-activate|p2a: Pelipper|move: Protect\n|-resisted|p2b: Meganium|1\n|-damage|p2b: Meganium|3/100\n|-unboost|p2b: Meganium|spe|1\n|move|p2b: Meganium|Solar Beam||[still]\n|-prepare|p2b: Meganium|Solar Beam\n|-activate|p2b: Meganium|ability: Mega Sol\n|-anim|p2b: Meganium|Solar Beam|p1a: Whimsicott\n|-resisted|p1a: Whimsicott|1\n|-damage|p1a: Whimsicott|0 fnt\n|faint|p1a: Whimsicott\n|\n|-weather|RainDance|[upkeep]\n|upkeep\n|\n|t:|1776084055\n|switch|p1a: Tyranitar|Tyranitar-Mega, L50, M|100/100\n|-weather|Sandstorm|[from] ability: Sand Stream|[of] p1a: Tyranitar\n|turn|8\n|-message|NobleSeven forfeited.\n|\n|win|JayTodd13\n|raw|JayTodd13's rating: 1115 &rarr; <strong>1139</strong><br />(+24 for winning)\n|raw|NobleSeven's rating: 1105 &rarr; <strong>1081</strong><br />(-24 for losing)\n|l|\u2606NobleSeven\n|player|p2|\n",
  "uploadtime": 1776084077,
  "views": 16,
  "formatid": "gen9championsvgc2026regma",
  "rating": 1081,
  "private": 0,
  "password": null
}