{
  "id": "gen9championsvgc2026regma-2587942946",
  "format": "[Gen 9 Champions] VGC 2026 Reg M-A",
  "players": [
    "BasslineYatteru",
    "be battling yo"
  ],
  "log": "|j|\u2606BasslineYatteru\n|j|\u203dbe battling yo\n|t:|1776582505\n|gametype|doubles\n|player|p1|BasslineYatteru|mira|1000\n|player|p2|be battling yo|ethan|1098\n|gen|9\n|tier|[Gen 9 Champions] VGC 2026 Reg M-A\n|rated|\n|rule|Species Clause: Limit one of each Pok\u00e9mon\n|rule|Item Clause: Limit 1 of each item\n|clearpoke\n|poke|p1|Tinkaton, L50, F|\n|poke|p1|Floette-Eternal, L50, F|\n|poke|p1|Aerodactyl, L50, M|\n|poke|p1|Basculegion, L50, M|\n|poke|p1|Kingambit, L50, F|\n|poke|p1|Incineroar, L50, F|\n|poke|p2|Sneasler, L50, M, shiny|\n|poke|p2|Volcarona, L50, M, shiny|\n|poke|p2|Palafin, L50, F, shiny|\n|poke|p2|Raichu, L50, F, shiny|\n|poke|p2|Floette-Eternal, L50, F|\n|poke|p2|Kangaskhan, L50, F|\n|teampreview|4\n|l|\u2606BasslineYatteru\n|player|p1|\n|j|\u2606BasslineYatteru\n|player|p1|BasslineYatteru|mira|\n|inactive|Battle timer is ON: inactive players will automatically lose when time's up. (requested by be battling yo)\n|\n|t:|1776582575\n|teamsize|p1|4\n|teamsize|p2|4\n|start\n|switch|p1a: Aerodactyl|Aerodactyl, L50, M|100/100\n|switch|p1b: Incineroar|Incineroar, L50, F|100/100\n|switch|p2a: Palafin|Palafin, L50, F, shiny|100/100\n|switch|p2b: Sneasler|Sneasler, L50, M, shiny|100/100\n|-ability|p1a: Aerodactyl|Unnerve\n|-ability|p1b: Incineroar|Intimidate|boost\n|-unboost|p2a: Palafin|atk|1\n|-unboost|p2b: Sneasler|atk|1\n|-enditem|p2b: Sneasler|White Herb\n|-clearnegativeboost|p2b: Sneasler|[silent]\n|turn|1\n|l|\u2606BasslineYatteru\n|inactive|BasslineYatteru disconnected and has a minute to reconnect!\n|player|p1|\n|j|\u2606BasslineYatteru\n|inactive|BasslineYatteru reconnected and has 35 seconds left.\n|player|p1|BasslineYatteru|mira|\n|inactive|BasslineYatteru has 30 seconds left.\n|inactive|be battling yo has 30 seconds left.\n|\n|t:|1776582608\n|detailschange|p2a: Palafin|Palafin-Hero, L50, F, shiny\n|switch|p2a: Raichu|Raichu, L50, F, shiny|100/100\n|move|p2b: Sneasler|Fake Out|p1a: Aerodactyl\n|-resisted|p1a: Aerodactyl|1\n|-damage|p1a: Aerodactyl|90/100\n|move|p1b: Incineroar|Fake Out|p2a: Raichu\n|-damage|p2a: Raichu|77/100\n|cant|p1a: Aerodactyl|flinch\n|\n|upkeep\n|turn|2\n|\n|t:|1776582628\n|move|p1a: Aerodactyl|Protect|p1a: Aerodactyl\n|-singleturn|p1a: Aerodactyl|Protect\n|move|p2a: Raichu|Fake Out|p1a: Aerodactyl\n|-activate|p1a: Aerodactyl|move: Protect\n|move|p2b: Sneasler|Close Combat|p1b: Incineroar\n|-supereffective|p1b: Incineroar|1\n|-damage|p1b: Incineroar|0 fnt\n|-unboost|p2b: Sneasler|def|1\n|-unboost|p2b: Sneasler|spd|1\n|faint|p1b: Incineroar\n|\n|upkeep\n|\n|t:|1776582640\n|switch|p1b: Tinkaton|Tinkaton, L50, F|100/100\n|-ability|p1b: Tinkaton|Mold Breaker\n|turn|3\n|\n|t:|1776582663\n|switch|p2b: Palafin|Palafin-Hero, L50, F, shiny|100/100\n|-activate|p2b: Palafin|ability: Zero to Hero\n|move|p1b: Tinkaton|Fake Out|p2b: Palafin\n|-crit|p2b: Palafin\n|-damage|p2b: Palafin|87/100\n|move|p1a: Aerodactyl|Tailwind|p1a: Aerodactyl\n|-sidestart|p1: BasslineYatteru|move: Tailwind\n|move|p2a: Raichu|Nuzzle|p1a: Aerodactyl\n|-supereffective|p1a: Aerodactyl|1\n|-damage|p1a: Aerodactyl|69/100\n|-status|p1a: Aerodactyl|par\n|\n|upkeep\n|turn|4\n|l|\u2606BasslineYatteru\n|inactive|BasslineYatteru disconnected and has a minute to reconnect!\n|player|p1|\n|inactive|BasslineYatteru has 30 seconds left.\n|j|\u2606BasslineYatteru\n|inactive|BasslineYatteru reconnected and has 30 seconds left.\n|player|p1|BasslineYatteru|mira|\n|inactive|BasslineYatteru has 20 seconds left.\n|\n|t:|1776582701\n|move|p2b: Palafin|Jet Punch|p1a: Aerodactyl\n|-supereffective|p1a: Aerodactyl|1\n|-damage|p1a: Aerodactyl|0 fnt\n|faint|p1a: Aerodactyl\n|move|p1b: Tinkaton|Gigaton Hammer|p2a: Raichu\n|-resisted|p2a: Raichu|1\n|-damage|p2a: Raichu|1/100\n|move|p2a: Raichu|Nuzzle|p1b: Tinkaton\n|-damage|p1b: Tinkaton|94/100\n|-status|p1b: Tinkaton|par\n|\n|upkeep\n|\n|t:|1776582711\n|switch|p1a: Floette|Floette-Eternal, L50, F|100/100\n|turn|5\n|\n|t:|1776582728\n|detailschange|p1a: Floette|Floette-Mega, L50, F\n|-mega|p1a: Floette|Floette|Floettite\n|-ability|p1a: Floette|Fairy Aura\n|move|p2b: Palafin|Protect|p2b: Palafin\n|-singleturn|p2b: Palafin|Protect\n|move|p1a: Floette|Dazzling Gleam|p2a: Raichu|[spread] p2a\n|-activate|p2b: Palafin|move: Protect\n|-damage|p2a: Raichu|0 fnt\n|faint|p2a: Raichu\n|move|p1b: Tinkaton|Play Rough|p2b: Palafin\n|-activate|p2b: Palafin|move: Protect\n|\n|upkeep\n|inactive|be battling yo has 30 seconds left.\n|inactive|be battling yo has 20 seconds left.\n|inactive|be battling yo has 15 seconds left.\n|inactive|be battling yo has 10 seconds left.\n|\n|t:|1776582774\n|switch|p2a: Sneasler|Sneasler, L50, M, shiny|100/100\n|turn|6\n|\n|t:|1776582786\n|move|p1a: Floette|Protect|p1a: Floette\n|-singleturn|p1a: Floette|Protect\n|move|p2a: Sneasler|Fake Out|p1a: Floette\n|-activate|p1a: Floette|move: Protect\n|move|p2b: Palafin|Wave Crash|p1b: Tinkaton\n|-damage|p1b: Tinkaton|4/100 par\n|-damage|p2b: Palafin|58/100|[from] Recoil\n|move|p1b: Tinkaton|Play Rough|p2a: Sneasler\n|-damage|p2a: Sneasler|13/100\n|\n|-sideend|p1: BasslineYatteru|move: Tailwind\n|upkeep\n|turn|7\n|l|\u2606BasslineYatteru\n|inactive|BasslineYatteru disconnected and has a minute to reconnect!\n|player|p1|\n|j|\u2606BasslineYatteru\n|inactive|BasslineYatteru reconnected and has 35 seconds left.\n|player|p1|BasslineYatteru|mira|\n|inactive|BasslineYatteru has 30 seconds left.\n|inactive|be battling yo has 30 seconds left.\n|\n|t:|1776582820\n|move|p2a: Sneasler|Dire Claw|p1a: Floette\n|-supereffective|p1a: Floette|1\n|-damage|p1a: Floette|0 fnt\n|faint|p1a: Floette\n|move|p2b: Palafin|Wave Crash|p1b: Tinkaton\n|-damage|p1b: Tinkaton|0 fnt\n|faint|p1b: Tinkaton\n|-damage|p2b: Palafin|57/100|[from] Recoil\n|\n|win|be battling yo\n|raw|BasslineYatteru's rating: 1000 &rarr; <strong>1000</strong><br />(+0 for losing)\n|raw|be battling yo's rating: 1098 &rarr; <strong>1116</strong><br />(+18 for winning)\n|l|\u2606BasslineYatteru\n|player|p1|\n|l|\u203dbe battling yo\n|player|p2|\n|j|\u203dbe battling yo\n|player|p2|be battling yo|ethan|\n|n|\u203dbe battling yo|bebattlingyo\n|n|\u203dbe battling yo|bebattlingyo\n|n|\u203dbe battling yo|bebattlingyo\n|n|\u203dbe battling yo|bebattlingyo\n|n|\u203dbe battling yo|bebattlingyo\n",
  "uploadtime": 1776582943,
  "views": 14,
  "formatid": "gen9championsvgc2026regma",
  "rating": 1000,
  "private": 0,
  "password": null
}