{
  "id": "gen9championsvgc2026regma-2584772421",
  "format": "[Gen 9 Champions] VGC 2026 Reg M-A",
  "players": [
    "f1ish",
    "Hao_poke"
  ],
  "log": "|j|\u203df1ish\n|j|\u2606Hao_poke\n|t:|1776282589\n|gametype|doubles\n|player|p1|f1ish|101|1340\n|player|p2|Hao_poke|1|1341\n|gen|9\n|tier|[Gen 9 Champions] VGC 2026 Reg M-A\n|rated|\n|rule|Species Clause: Limit one of each Pok\u00e9mon\n|rule|Item Clause: Limit 1 of each item\n|clearpoke\n|poke|p1|Politoed, L50, F|\n|poke|p1|Primarina, L50, M|\n|poke|p1|Sableye, L50, F|\n|poke|p1|Incineroar, L50, M|\n|poke|p1|Sinistcha, L50|\n|poke|p1|Gengar, L50, M|\n|poke|p2|Incineroar, L50, M|\n|poke|p2|Sylveon, L50, F|\n|poke|p2|Primarina, L50, F|\n|poke|p2|Oranguru, L50, M|\n|poke|p2|Basculegion, L50, M|\n|poke|p2|Golurk, L50|\n|teampreview|4\n|inactive|Battle timer is ON: inactive players will automatically lose when time's up. (requested by f1ish)\n|inactive|f1ish has 60 seconds left.\n|inactive|Hao_poke has 60 seconds left.\n|j| nickenwings\n|inactive|f1ish has 30 seconds left.\n|\n|t:|1776282658\n|teamsize|p1|4\n|teamsize|p2|4\n|start\n|switch|p1a: Sableye|Sableye, L50, F|100/100\n|switch|p1b: Gengar|Gengar, L50, M|100/100\n|switch|p2a: Incineroar|Incineroar, L50, M|100/100\n|switch|p2b: Oranguru|Oranguru, L50, M|100/100\n|-ability|p2a: Incineroar|Intimidate|boost\n|-unboost|p1a: Sableye|atk|1\n|-unboost|p1b: Gengar|atk|1\n|turn|1\n|\n|t:|1776282672\n|detailschange|p1b: Gengar|Gengar-Mega, L50, M\n|-mega|p1b: Gengar|Gengar|Gengarite\n|move|p1a: Sableye|Fake Out|p2a: Incineroar\n|-damage|p2a: Incineroar|96/100\n|move|p1b: Gengar|Perish Song|p1b: Gengar\n|-start|p1a: Sableye|perish3|[silent]\n|-start|p1b: Gengar|perish3|[silent]\n|-start|p2a: Incineroar|perish3|[silent]\n|-start|p2b: Oranguru|perish3|[silent]\n|-fieldactivate|move: Perish Song\n|cant|p2a: Incineroar|flinch\n|move|p2b: Oranguru|Trick Room|p2b: Oranguru\n|-fieldstart|move: Trick Room|[of] p2b: Oranguru\n|\n|-heal|p2a: Incineroar|100/100|[from] item: Leftovers\n|-start|p1a: Sableye|perish3\n|-start|p2a: Incineroar|perish3\n|-start|p2b: Oranguru|perish3\n|-start|p1b: Gengar|perish3\n|upkeep\n|turn|2\n|inactive|Hao_poke has 30 seconds left.\n|\n|t:|1776282700\n|move|p1b: Gengar|Protect|p1b: Gengar\n|-singleturn|p1b: Gengar|Protect\n|move|p1a: Sableye|Encore|p2b: Oranguru\n|-start|p2b: Oranguru|Encore\n|move|p2a: Incineroar|Parting Shot|p2b: Oranguru\n|-unboost|p2b: Oranguru|atk|1\n|-unboost|p2b: Oranguru|spa|1\n|\n|t:|1776282720\n|switch|p2a: Primarina|Primarina, L50, F|100/100|[from] Parting Shot\n|move|p2b: Oranguru|Trick Room|p2b: Oranguru\n|-fieldend|move: Trick Room\n|\n|-start|p1b: Gengar|perish2\n|-start|p2b: Oranguru|perish2\n|-start|p1a: Sableye|perish2\n|upkeep\n|turn|3\n|inactive|f1ish has 30 seconds left.\n|inactive|f1ish has 20 seconds left.\n|inactive|f1ish has 15 seconds left.\n|inactive|f1ish has 10 seconds left.\n|\n|t:|1776282769\n|switch|p1a: Primarina|Primarina, L50, M|100/100\n|move|p1b: Gengar|Protect||[still]\n|-fail|p1b: Gengar\n|move|p2a: Primarina|Hyper Voice|p1b: Gengar|[spread] p1a,p1b\n|-resisted|p1a: Primarina|1\n|-damage|p1a: Primarina|86/100\n|-damage|p1b: Gengar|52/100\n|move|p2b: Oranguru|Trick Room|p2b: Oranguru\n|-fieldstart|move: Trick Room|[of] p2b: Oranguru\n|\n|-heal|p1a: Primarina|92/100|[from] item: Leftovers\n|-start|p2b: Oranguru|perish1\n|-start|p1b: Gengar|perish1\n|upkeep\n|turn|4\n|inactive|f1ish has 30 seconds left.\n|inactive|Hao_poke has 30 seconds left.\n|inactive|f1ish has 20 seconds left.\n|inactive|Hao_poke has 20 seconds left.\n|\n|t:|1776282814\n|switch|p1b: Sableye|Sableye, L50, F|100/100\n|move|p2a: Primarina|Hyper Voice|p1a: Primarina|[spread] p1a,p1b\n|-resisted|p1a: Primarina|1\n|-damage|p1a: Primarina|77/100\n|-damage|p1b: Sableye|26/100\n|move|p1a: Primarina|Encore|p2a: Primarina\n|-start|p2a: Primarina|Encore\n|move|p2b: Oranguru|Trick Room|p2b: Oranguru\n|-fieldend|move: Trick Room\n|\n|-heal|p1a: Primarina|83/100|[from] item: Leftovers\n|-end|p2b: Oranguru|Encore\n|-start|p2b: Oranguru|perish0\n|upkeep\n|faint|p2b: Oranguru\n|\n|t:|1776282831\n|switch|p2b: Basculegion|Basculegion, L50, M|100/100\n|turn|5\n|\n|t:|1776282853\n|move|p1b: Sableye|Disable|p2a: Primarina\n|-start|p2a: Primarina|Disable|Hyper Voice\n|move|p2b: Basculegion|Last Respects|p1a: Primarina\n|-damage|p1a: Primarina|7/100\n|move|p1a: Primarina|Moonblast|p2b: Basculegion\n|-damage|p2b: Basculegion|50/100\n|cant|p2a: Primarina|Disable|Hyper Voice\n|\n|-heal|p1a: Primarina|13/100|[from] item: Leftovers\n|upkeep\n|turn|6\n|\n|t:|1776282869\n|switch|p2a: Incineroar|Incineroar, L50, M|100/100\n|-ability|p2a: Incineroar|Intimidate|boost\n|-unboost|p1a: Primarina|atk|1\n|-unboost|p1b: Sableye|atk|1\n|move|p1b: Sableye|Disable|p2b: Basculegion\n|-start|p2b: Basculegion|Disable|Last Respects\n|cant|p2b: Basculegion|Disable|Last Respects\n|move|p1a: Primarina|Moonblast|p2b: Basculegion\n|-damage|p2b: Basculegion|3/100\n|\n|-heal|p1a: Primarina|19/100|[from] item: Leftovers\n|upkeep\n|turn|7\n|inactive|f1ish has 30 seconds left.\n|\n|t:|1776282897\n|switch|p2b: Primarina|Primarina, L50, F|100/100\n|move|p1b: Sableye|Encore||[still]\n|-fail|p1b: Sableye\n|move|p1a: Primarina|Perish Song|p1a: Primarina\n|-start|p1a: Primarina|perish3|[silent]\n|-start|p1b: Sableye|perish3|[silent]\n|-start|p2a: Incineroar|perish3|[silent]\n|-start|p2b: Primarina|perish3|[silent]\n|-fieldactivate|move: Perish Song\n|move|p2a: Incineroar|Parting Shot|p1a: Primarina\n|-unboost|p1a: Primarina|atk|1\n|-unboost|p1a: Primarina|spa|1\n|\n|t:|1776282907\n|switch|p2a: Basculegion|Basculegion, L50, M|3/100|[from] Parting Shot\n|\n|-heal|p1a: Primarina|25/100|[from] item: Leftovers\n|-start|p1a: Primarina|perish3\n|-start|p2b: Primarina|perish3\n|-start|p1b: Sableye|perish3\n|upkeep\n|turn|8\n|\n|t:|1776282920\n|switch|p2b: Incineroar|Incineroar, L50, M|100/100\n|-ability|p2b: Incineroar|Intimidate|boost\n|-unboost|p1a: Primarina|atk|1\n|-unboost|p1b: Sableye|atk|1\n|move|p1b: Sableye|Protect|p1b: Sableye\n|-singleturn|p1b: Sableye|Protect\n|move|p1a: Primarina|Protect|p1a: Primarina\n|-singleturn|p1a: Primarina|Protect\n|move|p2a: Basculegion|Last Respects|p1a: Primarina\n|-activate|p1a: Primarina|move: Protect\n|\n|-heal|p1a: Primarina|30/100|[from] item: Leftovers\n|-start|p1a: Primarina|perish2\n|-start|p1b: Sableye|perish2\n|upkeep\n|turn|9\n|\n|t:|1776282937\n|switch|p1b: Incineroar|Incineroar, L50, M|100/100\n|-ability|p1b: Incineroar|Intimidate|boost\n|-unboost|p2a: Basculegion|atk|1\n|-unboost|p2b: Incineroar|atk|1\n|move|p2a: Basculegion|Last Respects|p1a: Primarina\n|-damage|p1a: Primarina|0 fnt\n|faint|p1a: Primarina\n|move|p2b: Incineroar|Darkest Lariat|p1b: Incineroar\n|-resisted|p1b: Incineroar|1\n|-damage|p1b: Incineroar|85/100\n|\n|upkeep\n|inactive|f1ish has 30 seconds left.\n|\n|t:|1776282966\n|switch|p1a: Gengar|Gengar-Mega, L50, M|52/100\n|turn|10\n|\n|t:|1776282979\n|switch|p2a: Primarina|Primarina, L50, F|100/100\n|move|p1a: Gengar|Protect|p1a: Gengar\n|-singleturn|p1a: Gengar|Protect\n|move|p1b: Incineroar|Snarl|p2b: Incineroar|[spread] p2a,p2b\n|-resisted|p2a: Primarina|1\n|-resisted|p2b: Incineroar|1\n|-damage|p2a: Primarina|96/100\n|-damage|p2b: Incineroar|95/100\n|-unboost|p2a: Primarina|spa|1\n|-unboost|p2b: Incineroar|spa|1\n|move|p2b: Incineroar|Flare Blitz|p1a: Gengar\n|-activate|p1a: Gengar|move: Protect\n|\n|-heal|p2b: Incineroar|100/100|[from] item: Leftovers\n|upkeep\n|turn|11\n|inactive|f1ish has 30 seconds left.\n|inactive|f1ish has 20 seconds left.\n|\n|t:|1776283015\n|move|p1a: Gengar|Disable|p2b: Incineroar\n|-start|p2b: Incineroar|Disable|Flare Blitz\n|move|p2b: Incineroar|Darkest Lariat|p1a: Gengar\n|-supereffective|p1a: Gengar|1\n|-damage|p1a: Gengar|0 fnt\n|faint|p1a: Gengar\n|move|p2a: Primarina|Hyper Voice|p1b: Incineroar\n|-supereffective|p1b: Incineroar|1\n|-damage|p1b: Incineroar|32/100\n|-enditem|p1b: Incineroar|Sitrus Berry|[eat]\n|-heal|p1b: Incineroar|56/100|[from] item: Sitrus Berry\n|move|p1b: Incineroar|Parting Shot|p2a: Primarina\n|-unboost|p2a: Primarina|atk|1\n|-unboost|p2a: Primarina|spa|1\n|-message|f1ish forfeited.\n|\n|win|Hao_poke\n|raw|f1ish's rating: 1340 &rarr; <strong>1320</strong><br />(-20 for losing)\n|raw|Hao_poke's rating: 1341 &rarr; <strong>1361</strong><br />(+20 for winning)\n|l|\u203df1ish\n|player|p1|\n|l| nickenwings\n|l|\u2606Hao_poke\n|player|p2|\n|j|\u203df1ish\n|player|p1|f1ish|101|\n",
  "uploadtime": 1776283051,
  "views": 61,
  "formatid": "gen9championsvgc2026regma",
  "rating": 1320,
  "private": 0,
  "password": null
}