{
  "id": "gen9championsvgc2026regma-2585980921",
  "format": "[Gen 9 Champions] VGC 2026 Reg M-A",
  "players": [
    "J0taEme",
    "itsjustsomni"
  ],
  "log": "|j|\u2606J0taEme\n|j|\u2606itsjustsomni\n|t:|1776387211\n|gametype|doubles\n|player|p1|J0taEme|170|1045\n|player|p2|itsjustsomni|cyrus|1110\n|gen|9\n|tier|[Gen 9 Champions] VGC 2026 Reg M-A\n|rated|\n|rule|Species Clause: Limit one of each Pok\u00e9mon\n|rule|Item Clause: Limit 1 of each item\n|clearpoke\n|poke|p1|Torkoal, L50, M|\n|poke|p1|Hatterene, L50, F|\n|poke|p1|Farigiraf, L50, F|\n|poke|p1|Aggron, L50, M|\n|poke|p1|Cofagrigus, L50, F|\n|poke|p1|Drampa, L50, M|\n|poke|p2|Aggron, L50, M|\n|poke|p2|Sinistcha, L50|\n|poke|p2|Hydreigon, L50, M|\n|poke|p2|Rotom-Wash, L50|\n|poke|p2|Incineroar, L50, F|\n|poke|p2|Aerodactyl, L50, M|\n|teampreview|4\n|inactive|Battle timer is ON: inactive players will automatically lose when time's up. (requested by itsjustsomni)\n|inactive|itsjustsomni has 60 seconds left.\n|\n|t:|1776387241\n|teamsize|p1|4\n|teamsize|p2|4\n|start\n|switch|p1a: Farigiraf|Farigiraf, L50, F|100/100\n|switch|p1b: Torkoal|Torkoal, L50, M|100/100\n|switch|p2a: Incineroar|Incineroar, L50, F|100/100\n|switch|p2b: Hydreigon|Hydreigon, L50, M|100/100\n|-ability|p2a: Incineroar|Intimidate|boost\n|-unboost|p1a: Farigiraf|atk|1\n|-unboost|p1b: Torkoal|atk|1\n|-weather|SunnyDay|[from] ability: Drought|[of] p1b: Torkoal\n|turn|1\n|\n|t:|1776387255\n|move|p1b: Torkoal|Protect|p1b: Torkoal\n|-singleturn|p1b: Torkoal|Protect\n|move|p2b: Hydreigon|Snarl|p1b: Torkoal|[spread] \n|-activate|p1b: Torkoal|move: Protect\n|-miss|p2b: Hydreigon|p1a: Farigiraf\n|move|p2a: Incineroar|Taunt|p1a: Farigiraf\n|-start|p1a: Farigiraf|move: Taunt\n|cant|p1a: Farigiraf|move: Taunt|Trick Room\n|\n|-weather|SunnyDay|[upkeep]\n|upkeep\n|turn|2\n|inactive|itsjustsomni has 30 seconds left.\n|\n|t:|1776387287\n|move|p2b: Hydreigon|Draco Meteor|p1b: Torkoal\n|-damage|p1b: Torkoal|7/100\n|-unboost|p2b: Hydreigon|spa|2\n|move|p2a: Incineroar|Flare Blitz|p1b: Torkoal\n|-resisted|p1b: Torkoal|1\n|-crit|p1b: Torkoal\n|-damage|p1b: Torkoal|0 fnt\n|faint|p1b: Torkoal\n|-damage|p2a: Incineroar|99/100|[from] Recoil\n|move|p1a: Farigiraf|Hyper Voice|p2a: Incineroar|[spread] p2a,p2b\n|-damage|p2a: Incineroar|69/100\n|-damage|p2b: Hydreigon|63/100\n|\n|-weather|SunnyDay|[upkeep]\n|upkeep\n|\n|t:|1776387295\n|switch|p1b: Drampa|Drampa, L50, M|100/100\n|turn|3\n|\n|t:|1776387310\n|switch|p2b: Sinistcha|Sinistcha, L50|100/100\n|-heal|p2a: Incineroar|94/100|[from] ability: Hospitality|[of] p2b: Sinistcha\n|detailschange|p1b: Drampa|Drampa-Mega, L50, M\n|-mega|p1b: Drampa|Drampa|Drampanite\n|move|p2a: Incineroar|Parting Shot|p1b: Drampa\n|-unboost|p1b: Drampa|atk|1\n|-unboost|p1b: Drampa|spa|1\n|\n|t:|1776387321\n|switch|p2a: Aerodactyl|Aerodactyl, L50, M|100/100|[from] Parting Shot\n|-ability|p2a: Aerodactyl|Unnerve\n|move|p1a: Farigiraf|Hyper Voice|p2a: Aerodactyl|[spread] p2a\n|-immune|p2b: Sinistcha\n|-resisted|p2a: Aerodactyl|1\n|-damage|p2a: Aerodactyl|77/100\n|move|p1b: Drampa|Hyper Voice|p2a: Aerodactyl|[spread] p2a\n|-immune|p2b: Sinistcha\n|-resisted|p2a: Aerodactyl|1\n|-damage|p2a: Aerodactyl|56/100\n|\n|-weather|SunnyDay|[upkeep]\n|-end|p1a: Farigiraf|move: Taunt\n|upkeep\n|turn|4\n|inactive|itsjustsomni has 30 seconds left.\n|\n|t:|1776387352\n|detailschange|p2a: Aerodactyl|Aerodactyl-Mega, L50, M\n|-mega|p2a: Aerodactyl|Aerodactyl|Aerodactylite\n|move|p2a: Aerodactyl|Ice Fang|p1b: Drampa\n|-supereffective|p1b: Drampa|1\n|-damage|p1b: Drampa|34/100\n|-ability|p1b: Drampa|Berserk|boost\n|-boost|p1b: Drampa|spa|1\n|move|p2b: Sinistcha|Life Dew||[still]|[spread] p2a,p2b\n|-heal|p2a: Aerodactyl|81/100\n|-fail|p2b: Sinistcha|heal\n|move|p1a: Farigiraf|Psychic|p2b: Sinistcha\n|-damage|p2b: Sinistcha|63/100\n|move|p1b: Drampa|Thunderbolt|p2a: Aerodactyl\n|-supereffective|p2a: Aerodactyl|1\n|-damage|p2a: Aerodactyl|0 fnt\n|faint|p2a: Aerodactyl\n|\n|-weather|SunnyDay|[upkeep]\n|-heal|p2b: Sinistcha|70/100|[from] item: Leftovers\n|upkeep\n|\n|t:|1776387372\n|switch|p2a: Hydreigon|Hydreigon, L50, M|63/100\n|turn|5\n|inactive|itsjustsomni has 30 seconds left.\n|\n|t:|1776387401\n|move|p1b: Drampa|Protect|p1b: Drampa\n|-singleturn|p1b: Drampa|Protect\n|move|p2a: Hydreigon|Draco Meteor|p1b: Drampa\n|-activate|p1b: Drampa|move: Protect\n|move|p2b: Sinistcha|Life Dew|p2b: Sinistcha|[spread] p2a,p2b\n|-heal|p2a: Hydreigon|87/100\n|-heal|p2b: Sinistcha|95/100\n|move|p1a: Farigiraf|Trick Room|p1a: Farigiraf\n|-fieldstart|move: Trick Room|[of] p1a: Farigiraf\n|\n|-weather|none\n|-heal|p2b: Sinistcha|100/100|[from] item: Leftovers\n|upkeep\n|turn|6\n|\n|t:|1776387417\n|move|p2a: Hydreigon|Protect|p2a: Hydreigon\n|-singleturn|p2a: Hydreigon|Protect\n|move|p1b: Drampa|Draco Meteor|p2a: Hydreigon\n|-activate|p2a: Hydreigon|move: Protect\n|move|p1a: Farigiraf|Psychic|p2b: Sinistcha\n|-damage|p2b: Sinistcha|58/100\n|-unboost|p2b: Sinistcha|spd|1\n|move|p2b: Sinistcha|Trick Room|p2b: Sinistcha\n|-fieldend|move: Trick Room\n|\n|-heal|p2b: Sinistcha|65/100|[from] item: Leftovers\n|upkeep\n|turn|7\n|\n|t:|1776387437\n|switch|p2b: Incineroar|Incineroar, L50, F|94/100\n|-ability|p2b: Incineroar|Intimidate|boost\n|-unboost|p1a: Farigiraf|atk|1\n|-unboost|p1b: Drampa|atk|1\n|move|p1b: Drampa|Protect|p1b: Drampa\n|-singleturn|p1b: Drampa|Protect\n|move|p2a: Hydreigon|Draco Meteor|p1b: Drampa\n|-activate|p1b: Drampa|move: Protect\n|move|p1a: Farigiraf|Psychic|p2b: Incineroar\n|-immune|p2b: Incineroar\n|\n|upkeep\n|turn|8\n|\n|t:|1776387462\n|switch|p1b: Aggron|Aggron, L50, M|100/100\n|move|p2a: Hydreigon|Draco Meteor|p1b: Aggron\n|-resisted|p1b: Aggron|1\n|-crit|p1b: Aggron\n|-damage|p1b: Aggron|25/100\n|-unboost|p2a: Hydreigon|spa|2\n|move|p2b: Incineroar|Parting Shot|p1b: Aggron\n|-unboost|p1b: Aggron|atk|1\n|-unboost|p1b: Aggron|spa|1\n|\n|t:|1776387473\n|switch|p2b: Sinistcha|Sinistcha, L50|65/100|[from] Parting Shot\n|-heal|p2a: Hydreigon|100/100|[from] ability: Hospitality|[of] p2b: Sinistcha\n|move|p1a: Farigiraf|Hyper Voice|p2a: Hydreigon|[spread] p2a\n|-immune|p2b: Sinistcha\n|-damage|p2a: Hydreigon|66/100\n|\n|-heal|p2b: Sinistcha|71/100|[from] item: Leftovers\n|upkeep\n|turn|9\n|\n|t:|1776387486\n|move|p2a: Hydreigon|Snarl|p1b: Aggron|[spread] p1a,p1b\n|-supereffective|p1a: Farigiraf|1\n|-damage|p1a: Farigiraf|81/100\n|-damage|p1b: Aggron|11/100\n|-unboost|p1a: Farigiraf|spa|1\n|-unboost|p1b: Aggron|spa|1\n|move|p2b: Sinistcha|Matcha Gotcha|p1b: Aggron|[spread] p1a,p1b\n|-damage|p1a: Farigiraf|58/100\n|-heal|p2b: Sinistcha|84/100|[from] drain|[of] p1a: Farigiraf\n|-damage|p1b: Aggron|0 fnt\n|-heal|p2b: Sinistcha|88/100|[from] drain|[of] p1b: Aggron\n|faint|p1b: Aggron\n|move|p1a: Farigiraf|Psychic|p2b: Sinistcha\n|-crit|p2b: Sinistcha\n|-damage|p2b: Sinistcha|25/100\n|\n|-heal|p2b: Sinistcha|31/100|[from] item: Leftovers\n|upkeep\n|\n|t:|1776387495\n|switch|p1b: Drampa|Drampa-Mega, L50, M|34/100\n|turn|10\n|\n|t:|1776387509\n|move|p1b: Drampa|Protect|p1b: Drampa\n|-singleturn|p1b: Drampa|Protect\n|move|p2a: Hydreigon|Draco Meteor|p1b: Drampa\n|-activate|p1b: Drampa|move: Protect\n|move|p2b: Sinistcha|Matcha Gotcha|p1a: Farigiraf|[spread] p1a\n|-activate|p1b: Drampa|move: Protect\n|-damage|p1a: Farigiraf|36/100\n|-heal|p2b: Sinistcha|43/100|[from] drain|[of] p1a: Farigiraf\n|-enditem|p1a: Farigiraf|Sitrus Berry|[eat]\n|-heal|p1a: Farigiraf|61/100|[from] item: Sitrus Berry\n|move|p1a: Farigiraf|Trick Room|p1a: Farigiraf\n|-fieldstart|move: Trick Room|[of] p1a: Farigiraf\n|\n|-heal|p2b: Sinistcha|49/100|[from] item: Leftovers\n|upkeep\n|turn|11\n|inactive|J0taEme has 30 seconds left.\n|inactive|itsjustsomni has 30 seconds left.\n|\n|t:|1776387538\n|move|p2a: Hydreigon|Protect|p2a: Hydreigon\n|-singleturn|p2a: Hydreigon|Protect\n|move|p1b: Drampa|Thunderbolt|p2b: Sinistcha\n|-resisted|p2b: Sinistcha|1\n|-damage|p2b: Sinistcha|30/100\n|-status|p2b: Sinistcha|par\n|move|p2b: Sinistcha|Life Dew|p2b: Sinistcha|[spread] p2a,p2b\n|-heal|p2a: Hydreigon|91/100\n|-heal|p2b: Sinistcha|55/100 par\n|move|p1a: Farigiraf|Psychic|p2b: Sinistcha\n|-damage|p2b: Sinistcha|27/100 par\n|\n|-heal|p2b: Sinistcha|34/100 par|[from] item: Leftovers\n|upkeep\n|turn|12\n|inactive|itsjustsomni has 30 seconds left.\n|inactive|itsjustsomni has 20 seconds left.\n|\n|t:|1776387573\n|switch|p2a: Incineroar|Incineroar, L50, F|94/100\n|-ability|p2a: Incineroar|Intimidate|boost\n|-unboost|p1a: Farigiraf|atk|1\n|-unboost|p1b: Drampa|atk|1\n|move|p1b: Drampa|Draco Meteor|p2a: Incineroar\n|-damage|p2a: Incineroar|22/100\n|-unboost|p1b: Drampa|spa|2\n|-enditem|p2a: Incineroar|Sitrus Berry|[eat]\n|-heal|p2a: Incineroar|47/100|[from] item: Sitrus Berry\n|move|p1a: Farigiraf|Psychic|p2b: Sinistcha\n|-damage|p2b: Sinistcha|8/100 par\n|move|p2b: Sinistcha|Trick Room|p2b: Sinistcha\n|-fieldend|move: Trick Room\n|\n|-heal|p2b: Sinistcha|14/100 par|[from] item: Leftovers\n|upkeep\n|turn|13\n|\n|t:|1776387594\n|move|p1b: Drampa|Protect|p1b: Drampa\n|-singleturn|p1b: Drampa|Protect\n|move|p2a: Incineroar|Flare Blitz|p1b: Drampa\n|-activate|p1b: Drampa|move: Protect\n|move|p1a: Farigiraf|Hyper Voice|p2a: Incineroar|[spread] p2a\n|-immune|p2b: Sinistcha\n|-damage|p2a: Incineroar|27/100\n|move|p2b: Sinistcha|Matcha Gotcha|p1a: Farigiraf|[spread] p1a\n|-activate|p1b: Drampa|move: Protect\n|-damage|p1a: Farigiraf|39/100\n|-heal|p2b: Sinistcha|26/100 par|[from] drain|[of] p1a: Farigiraf\n|\n|-heal|p2b: Sinistcha|32/100 par|[from] item: Leftovers\n|upkeep\n|turn|14\n|inactive|itsjustsomni has 30 seconds left.\n|\n|t:|1776387620\n|move|p2a: Incineroar|Flare Blitz|p1b: Drampa\n|-resisted|p1b: Drampa|1\n|-damage|p1b: Drampa|10/100\n|-status|p1b: Drampa|brn\n|-damage|p2a: Incineroar|21/100|[from] Recoil\n|move|p1b: Drampa|Hyper Voice|p2b: Sinistcha|[spread] p2a\n|-immune|p2b: Sinistcha\n|-damage|p2a: Incineroar|1/100\n|move|p2b: Sinistcha|Matcha Gotcha|p1a: Farigiraf|[spread] p1a,p1b\n|-resisted|p1b: Drampa|1\n|-damage|p1a: Farigiraf|18/100\n|-heal|p2b: Sinistcha|44/100 par|[from] drain|[of] p1a: Farigiraf\n|-damage|p1b: Drampa|0 fnt\n|-heal|p2b: Sinistcha|48/100 par|[from] drain|[of] p1b: Drampa\n|faint|p1b: Drampa\n|move|p1a: Farigiraf|Trick Room|p1a: Farigiraf\n|-fieldstart|move: Trick Room|[of] p1a: Farigiraf\n|\n|-heal|p2b: Sinistcha|54/100 par|[from] item: Leftovers\n|upkeep\n|turn|15\n|inactive|itsjustsomni has 30 seconds left.\n|\n|t:|1776387646\n|move|p2b: Sinistcha|Matcha Gotcha|p1a: Farigiraf\n|-damage|p1a: Farigiraf|0 fnt\n|-heal|p2b: Sinistcha|64/100 par|[from] drain|[of] p1a: Farigiraf\n|faint|p1a: Farigiraf\n|\n|win|itsjustsomni\n|raw|J0taEme's rating: 1045 &rarr; <strong>1031</strong><br />(-14 for losing)\n|raw|itsjustsomni's rating: 1110 &rarr; <strong>1130</strong><br />(+20 for winning)\n",
  "uploadtime": 1776387650,
  "views": 19,
  "formatid": "gen9championsvgc2026regma",
  "rating": 1031,
  "private": 0,
  "password": null
}