{
  "id": "gen9championsvgc2026regma-2584195827",
  "format": "[Gen 9 Champions] VGC 2026 Reg M-A",
  "players": [
    "ecnjcnjoqncvqv",
    "Purplkat"
  ],
  "log": "|j|\u2606ecnjcnjoqncvqv\n|j|\u2606Purplkat\n|t:|1776236885\n|gametype|doubles\n|player|p1|ecnjcnjoqncvqv|gentleman-gen4|1044\n|player|p2|Purplkat|170|1114\n|gen|9\n|tier|[Gen 9 Champions] VGC 2026 Reg M-A\n|rated|\n|rule|Species Clause: Limit one of each Pok\u00e9mon\n|rule|Item Clause: Limit 1 of each item\n|clearpoke\n|poke|p1|Chandelure, L50, M|\n|poke|p1|Farigiraf, L50, M|\n|poke|p1|Kingambit, L50, M|\n|poke|p1|Clefable, L50, M|\n|poke|p1|Machamp, L50, F|\n|poke|p1|Incineroar, L50, F|\n|poke|p2|Camerupt, L50, F|\n|poke|p2|Trevenant, L50, M|\n|poke|p2|Araquanid, L50, M|\n|poke|p2|Scovillain, L50, M|\n|poke|p2|Garchomp, L50, F|\n|poke|p2|Torkoal, L50, M|\n|teampreview|4\n|inactive|Battle timer is ON: inactive players will automatically lose when time's up. (requested by Purplkat)\nPurplkat rejected open team sheets.\n|inactive|ecnjcnjoqncvqv has 60 seconds left.\n|\n|t:|1776236976\n|teamsize|p1|4\n|teamsize|p2|4\n|start\n|switch|p1a: Chandelure|Chandelure, L50, M|100/100\n|switch|p1b: Incineroar|Incineroar, L50, F|100/100\n|switch|p2a: Garchomp|Garchomp, L50, F|100/100\n|switch|p2b: Trevenant|Trevenant, L50, M|100/100\n|-ability|p1b: Incineroar|Intimidate|boost\n|-unboost|p2a: Garchomp|atk|1\n|-unboost|p2b: Trevenant|atk|1\n|turn|1\n|inactive|ecnjcnjoqncvqv has 30 seconds left.\n|inactive|Purplkat has 30 seconds left.\n|\n|t:|1776237004\n|detailschange|p1a: Chandelure|Chandelure-Mega, L50, M\n|-mega|p1a: Chandelure|Chandelure|Chandelurite\n|move|p2b: Trevenant|Protect|p2b: Trevenant\n|-singleturn|p2b: Trevenant|Protect\n|move|p1b: Incineroar|Fake Out|p2a: Garchomp\n|-damage|p2a: Garchomp|85/100\n|-damage|p1b: Incineroar|88/100|[from] ability: Rough Skin|[of] p2a: Garchomp\n|cant|p2a: Garchomp|flinch\n|move|p1a: Chandelure|Will-O-Wisp|p2a: Garchomp\n|-status|p2a: Garchomp|brn\n|\n|-damage|p2a: Garchomp|79/100 brn|[from] brn\n|upkeep\n|turn|2\n|\n|t:|1776237022\n|move|p2a: Garchomp|Earthquake|p1b: Incineroar|[spread] p2b,p1a,p1b\n|-resisted|p2b: Trevenant|1\n|-supereffective|p1a: Chandelure|1\n|-supereffective|p1b: Incineroar|1\n|-crit|p1b: Incineroar\n|-damage|p2b: Trevenant|93/100\n|-damage|p1a: Chandelure|79/100\n|-damage|p1b: Incineroar|30/100\n|-enditem|p1b: Incineroar|Sitrus Berry|[eat]\n|-heal|p1b: Incineroar|54/100|[from] item: Sitrus Berry\n|move|p1a: Chandelure|Hex|p2a: Garchomp\n|-damage|p2a: Garchomp|0 fnt\n|faint|p2a: Garchomp\n|move|p1b: Incineroar|Darkest Lariat|p2b: Trevenant\n|-supereffective|p2b: Trevenant|1\n|-damage|p2b: Trevenant|0 fnt\n|faint|p2b: Trevenant\n|\n|upkeep\n|\n|t:|1776237036\n|switch|p2a: Camerupt|Camerupt, L50, F|100/100\n|switch|p2b: Torkoal|Torkoal, L50, M|100/100\n|-weather|SunnyDay|[from] ability: Drought|[of] p2b: Torkoal\n|turn|3\n|inactive|ecnjcnjoqncvqv has 30 seconds left.\n|\n|t:|1776237067\n|detailschange|p2a: Camerupt|Camerupt-Mega, L50, F\n|-mega|p2a: Camerupt|Camerupt|Cameruptite\n|move|p1a: Chandelure|Protect|p1a: Chandelure\n|-singleturn|p1a: Chandelure|Protect\n|move|p1b: Incineroar|Parting Shot|p2a: Camerupt\n|-unboost|p2a: Camerupt|atk|1\n|-unboost|p2a: Camerupt|spa|1\n|\n|t:|1776237074\n|switch|p1b: Clefable|Clefable, L50, M|100/100|[from] Parting Shot\n|move|p2b: Torkoal|Body Press|p1b: Clefable\n|-resisted|p1b: Clefable|1\n|-damage|p1b: Clefable|90/100\n|move|p2a: Camerupt|Earth Power|p1a: Chandelure\n|-activate|p1a: Chandelure|move: Protect\n|\n|-weather|SunnyDay|[upkeep]\n|-heal|p1b: Clefable|96/100|[from] item: Leftovers\n|upkeep\n|turn|4\n|inactive|ecnjcnjoqncvqv has 30 seconds left.\n|inactive|ecnjcnjoqncvqv has 20 seconds left.\n|\n|t:|1776237112\n|switch|p1a: Machamp|Machamp, L50, F|100/100\n|move|p1b: Clefable|Wish|p1b: Clefable\n|move|p2b: Torkoal|Overheat|p1b: Clefable\n|-damage|p1b: Clefable|28/100\n|-unboost|p2b: Torkoal|spa|2\n|move|p2a: Camerupt|Growth|p2a: Camerupt\n|-boost|p2a: Camerupt|atk|2\n|-boost|p2a: Camerupt|spa|2\n|\n|-weather|SunnyDay|[upkeep]\n|-heal|p1b: Clefable|34/100|[from] item: Leftovers\n|upkeep\n|turn|5\n|\n|t:|1776237133\n|move|p1b: Clefable|Protect|p1b: Clefable\n|-singleturn|p1b: Clefable|Protect\n|move|p1a: Machamp|Dynamic Punch|p2a: Camerupt\n|-damage|p2a: Camerupt|48/100\n|-start|p2a: Camerupt|confusion\n|move|p2b: Torkoal|Eruption|p1a: Machamp|[spread] p1a\n|-activate|p1b: Clefable|move: Protect\n|-damage|p1a: Machamp|68/100\n|-activate|p2a: Camerupt|confusion\n|move|p2a: Camerupt|Heat Wave|p1b: Clefable|[spread] p1a\n|-activate|p1b: Clefable|move: Protect\n|-damage|p1a: Machamp|0 fnt\n|faint|p1a: Machamp\n|\n|-weather|SunnyDay|[upkeep]\n|-heal|p1b: Clefable|84/100|[from] move: Wish|[wisher] Clefable\n|-heal|p1b: Clefable|90/100|[from] item: Leftovers\n|upkeep\n|inactive|ecnjcnjoqncvqv has 30 seconds left.\n|\n|t:|1776237158\n|switch|p1a: Incineroar|Incineroar, L50, F|54/100\n|-ability|p1a: Incineroar|Intimidate|boost\n|-unboost|p2a: Camerupt|atk|1\n|-unboost|p2b: Torkoal|atk|1\n|turn|6\n|\n|t:|1776237176\n|-activate|p2a: Camerupt|confusion\n|move|p2a: Camerupt|Protect|p2a: Camerupt\n|-singleturn|p2a: Camerupt|Protect\n|move|p1a: Incineroar|Parting Shot|p2b: Torkoal\n|-unboost|p2b: Torkoal|atk|1\n|-unboost|p2b: Torkoal|spa|1\n|\n|t:|1776237180\n|switch|p1a: Chandelure|Chandelure-Mega, L50, M|79/100|[from] Parting Shot\n|move|p1b: Clefable|Moonblast|p2a: Camerupt\n|-activate|p2a: Camerupt|move: Protect\n|move|p2b: Torkoal|Body Press|p1a: Chandelure\n|-immune|p1a: Chandelure\n|\n|-weather|SunnyDay|[upkeep]\n|-heal|p1b: Clefable|96/100|[from] item: Leftovers\n|upkeep\n|turn|7\n|\n|t:|1776237191\n|move|p1a: Chandelure|Hex|p2a: Camerupt\n|-crit|p2a: Camerupt\n|-damage|p2a: Camerupt|0 fnt\n|faint|p2a: Camerupt\n|move|p1b: Clefable|Moonblast|p2b: Torkoal\n|-resisted|p2b: Torkoal|1\n|-damage|p2b: Torkoal|77/100\n|move|p2b: Torkoal|Eruption|p1b: Clefable|[spread] p1a,p1b\n|-resisted|p1a: Chandelure|1\n|-damage|p1a: Chandelure|68/100\n|-damage|p1b: Clefable|78/100\n|\n|-weather|none\n|-heal|p1b: Clefable|84/100|[from] item: Leftovers\n|-heal|p2b: Torkoal|83/100|[from] item: Leftovers\n|upkeep\n|turn|8\n|-message|Purplkat forfeited.\n|\n|win|ecnjcnjoqncvqv\n|raw|ecnjcnjoqncvqv's rating: 1044 &rarr; <strong>1084</strong><br />(+40 for winning)\n|raw|Purplkat's rating: 1114 &rarr; <strong>1084</strong><br />(-30 for losing)\n|l|\u2606Purplkat\n|player|p2|\n",
  "uploadtime": 1776237835,
  "views": 23,
  "formatid": "gen9championsvgc2026regma",
  "rating": 1084,
  "private": 0,
  "password": null
}