{
  "id": "gen9championsvgc2026regma-2587134126",
  "format": "[Gen 9 Champions] VGC 2026 Reg M-A",
  "players": [
    "Pointee",
    "magicalarcher57"
  ],
  "log": "|j|\u2606Pointee\n|j|\u2606magicalarcher57\n|html|<table width=\"100%\"><tr><td align=\"left\">Pointee</td><td align=\"right\">magicalarcher57</tr><tr><td align=\"left\"><i class=\"fa fa-circle\"></i> <i class=\"fa fa-circle-o\"></i> </td><td align=\"right\"><i class=\"fa fa-circle-o\"></i> <i class=\"fa fa-circle-o\"></i> </tr></table>\n|uhtml|bestof|<h2><strong>Game 2</strong> of <a href=\"/game-bestof3-gen9championsvgc2026regma-2587130971\">a best-of-3</a></h2>\n|t:|1776498325\n|gametype|doubles\n|player|p1|Pointee|collector-masters|\n|player|p2|magicalarcher57|valerie|\n|gen|9\n|tier|[Gen 9 Champions] VGC 2026 Reg M-A\n|rated|Tournament battle\n|rule|Species Clause: Limit one of each Pok\u00e9mon\n|rule|Item Clause: Limit 1 of each item\n|raw|<div class=\"infobox\"><details class=\"readmore\" open><summary><strong>2 custom rules:</strong></summary> Force Open Team Sheets, Best of = 3</details></div>\n|clearpoke\n|poke|p1|Floette-Eternal, L50, F|\n|poke|p1|Incineroar, L50, F, shiny|\n|poke|p1|Sinistcha-Masterpiece, L50|\n|poke|p1|Tyranitar, L50, M, shiny|\n|poke|p1|Corviknight, L50, F, shiny|\n|poke|p1|Sneasler, L50, M, shiny|\n|poke|p2|Kangaskhan, L50, F, shiny|\n|poke|p2|Farigiraf, L50, M, shiny|\n|poke|p2|Basculegion, L50, M, shiny|\n|poke|p2|Talonflame, L50, F, shiny|\n|poke|p2|Floette-Eternal, L50, F|\n|poke|p2|Sneasler, L50, M, shiny|\n|teampreview|4\n|showteam|p1|Floette-Eternal||Floettite|FlowerVeil|DazzlingGleam,Moonblast,Protect,CalmMind|||F|||50|]Incineroar||ChopleBerry|Intimidate|FakeOut,FlareBlitz,ThroatChop,PartingShot|||F|||50|]Sinistcha-Masterpiece||Leftovers|Hospitality|TrickRoom,RagePowder,Protect,MatchaGotcha||||||50|]Tyranitar||Tyranitarite|SandStream|DragonDance,RockSlide,Crunch,Protect|||M|||50|]Corviknight||SitrusBerry|MirrorArmor|BraveBird,BulkUp,Tailwind,BodyPress|||F|||50|]Sneasler||WhiteHerb|Unburden|FakeOut,DireClaw,CloseCombat,RockTomb|||M|||50|\n|showteam|p2|Kangaskhan||Kangaskhanite|Scrappy|FakeOut,HammerArm,DoubleEdge,Crunch|||F|||50|]Farigiraf||ColburBerry|ArmorTail|ShadowBall,HyperVoice,TrickRoom,Psychic|||M|||50|]Basculegion||MysticWater|Adaptability|WaveCrash,LastRespects,AquaJet,Protect|||M|||50|]Talonflame||SharpBeak|GaleWings|Tailwind,Taunt,Overheat,BraveBird|||F|||50|]Floette-Eternal||Floettite|FlowerVeil|Moonblast,LightofRuin,DazzlingGleam,Protect|||F|||50|]Sneasler||FocusSash|Unburden|FakeOut,CloseCombat,DireClaw,Protect|||M|||50|\n|\n|t:|1776498355\n|teamsize|p1|4\n|teamsize|p2|4\n|start\n|switch|p1a: Tyranitar|Tyranitar, L50, M, shiny|100/100\n|switch|p1b: Corviknight|Corviknight, L50, F, shiny|100/100\n|switch|p2a: Kangaskhan|Kangaskhan, L50, F, shiny|100/100\n|switch|p2b: Sneasler|Sneasler, L50, M, shiny|100/100\n|-weather|Sandstorm|[from] ability: Sand Stream|[of] p1a: Tyranitar\n|turn|1\n|c|\u2606Pointee|focus sash is suprising\n|\n|t:|1776498398\n|switch|p1b: Sinistcha|Sinistcha-Masterpiece, L50|100/100\n|move|p1a: Tyranitar|Protect|p1a: Tyranitar\n|-singleturn|p1a: Tyranitar|Protect\n|move|p2a: Kangaskhan|Fake Out|p1b: Sinistcha\n|-damage|p1b: Sinistcha|83/100\n|move|p2b: Sneasler|Close Combat|p1a: Tyranitar\n|-activate|p1a: Tyranitar|move: Protect\n|\n|-weather|Sandstorm|[upkeep]\n|-damage|p2b: Sneasler|95/100|[from] Sandstorm\n|-damage|p2a: Kangaskhan|94/100|[from] Sandstorm\n|-damage|p1b: Sinistcha|77/100|[from] Sandstorm\n|-heal|p1b: Sinistcha|83/100|[from] item: Leftovers\n|upkeep\n|turn|2\n|c|\u2606magicalarcher57|lol\n|c|\u2606Pointee|ive been avoiding bringin incin since i thought it was herbed\n|\n|t:|1776498442\n|move|p1b: Sinistcha|Rage Powder|p1b: Sinistcha\n|-singleturn|p1b: Sinistcha|move: Rage Powder\n|move|p2b: Sneasler|Dire Claw|p1b: Sinistcha\n|-damage|p1b: Sinistcha|42/100\n|-status|p1b: Sinistcha|psn\n|move|p1a: Tyranitar|Dragon Dance|p1a: Tyranitar\n|-boost|p1a: Tyranitar|atk|1\n|-boost|p1a: Tyranitar|spe|1\n|move|p2a: Kangaskhan|Double-Edge|p1b: Sinistcha\n|-damage|p1b: Sinistcha|0 fnt\n|faint|p1b: Sinistcha\n|-damage|p2a: Kangaskhan|83/100|[from] Recoil\n|\n|-weather|Sandstorm|[upkeep]\n|-damage|p2b: Sneasler|89/100|[from] Sandstorm\n|-damage|p2a: Kangaskhan|77/100|[from] Sandstorm\n|upkeep\n|\n|t:|1776498468\n|switch|p1b: Corviknight|Corviknight, L50, F, shiny|100/100\n|turn|3\n|\n|t:|1776498472\n|move|p1a: Tyranitar|Protect|p1a: Tyranitar\n|-singleturn|p1a: Tyranitar|Protect\n|move|p2b: Sneasler|Close Combat|p1a: Tyranitar\n|-activate|p1a: Tyranitar|move: Protect\n|move|p2a: Kangaskhan|Hammer Arm|p1b: Corviknight\n|-damage|p1b: Corviknight|79/100\n|-unboost|p2a: Kangaskhan|spe|1\n|move|p1b: Corviknight|Tailwind|p1b: Corviknight\n|-sidestart|p1: Pointee|move: Tailwind\n|\n|-weather|Sandstorm|[upkeep]\n|-damage|p2b: Sneasler|83/100|[from] Sandstorm\n|-damage|p2a: Kangaskhan|71/100|[from] Sandstorm\n|upkeep\n|turn|4\n|\n|t:|1776498483\n|detailschange|p1a: Tyranitar|Tyranitar-Mega, L50, M, shiny\n|-mega|p1a: Tyranitar|Tyranitar|Tyranitarite\n|move|p1a: Tyranitar|Crunch|p2a: Kangaskhan\n|-damage|p2a: Kangaskhan|0 fnt\n|faint|p2a: Kangaskhan\n|move|p1b: Corviknight|Brave Bird|p2b: Sneasler\n|-supereffective|p2b: Sneasler|1\n|-damage|p2b: Sneasler|0 fnt\n|faint|p2b: Sneasler\n|-damage|p1b: Corviknight|58/100|[from] Recoil\n|\n|-weather|Sandstorm|[upkeep]\n|upkeep\n|\n|t:|1776498490\n|switch|p2b: Floette|Floette-Eternal, L50, F|100/100\n|switch|p2a: Athena|Talonflame, L50, F, shiny|100/100\n|turn|5\n|c|\u2606magicalarcher57|i think i should have lead floette in all honestly\n|c|\u2606magicalarcher57|kinda bad of me not to\n|c|\u2606magicalarcher57|gg tho!\n|c|\u2606Pointee|i mean i think i see an out for you it aint that over!\n|j| Crookedseahawk\n|\n|t:|1776498563\n|switch|p1b: Sneasler|Sneasler, L50, M, shiny|100/100\n|detailschange|p2b: Floette|Floette-Mega, L50, F\n|-mega|p2b: Floette|Floette|Floettite\n|-ability|p2b: Floette|Fairy Aura\n|move|p2a: Athena|Tailwind|p2a: Athena\n|-sidestart|p2: magicalarcher57|move: Tailwind\n|move|p1a: Tyranitar|Rock Slide|p2a: Athena|[spread] p2a,p2b\n|-supereffective|p2a: Athena|2\n|-damage|p2a: Athena|0 fnt\n|-damage|p2b: Floette|34/100\n|faint|p2a: Athena\n|move|p2b: Floette|Dazzling Gleam|p1a: Tyranitar|[spread] p1a,p1b\n|-supereffective|p1a: Tyranitar|1\n|-damage|p1a: Tyranitar|41/100\n|-damage|p1b: Sneasler|28/100\n|\n|-weather|none\n|upkeep\n|turn|6\n|j|@llefface\n|\n|t:|1776498608\n|move|p2b: Floette|Protect|p2b: Floette\n|-singleturn|p2b: Floette|Protect\n|move|p1b: Sneasler|Fake Out|p2b: Floette\n|-activate|p2b: Floette|move: Protect\n|move|p1a: Tyranitar|Dragon Dance|p1a: Tyranitar\n|-boost|p1a: Tyranitar|atk|1\n|-boost|p1a: Tyranitar|spe|1\n|\n|-sideend|p1: Pointee|move: Tailwind\n|upkeep\n|turn|7\n|\n|t:|1776498636\n|move|p1a: Tyranitar|Protect|p1a: Tyranitar\n|-singleturn|p1a: Tyranitar|Protect\n|move|p2b: Floette|Dazzling Gleam|p1a: Tyranitar|[spread] p1b\n|-activate|p1a: Tyranitar|move: Protect\n|-damage|p1b: Sneasler|0 fnt\n|faint|p1b: Sneasler\n|\n|upkeep\n|\n|t:|1776498641\n|switch|p1b: Corviknight|Corviknight, L50, F, shiny|58/100\n|turn|8\n|\n|t:|1776498657\n|move|p2b: Floette|Dazzling Gleam|p1b: Corviknight|[spread] p1a,p1b\n|-supereffective|p1a: Tyranitar|1\n|-resisted|p1b: Corviknight|1\n|-damage|p1a: Tyranitar|0 fnt\n|-damage|p1b: Corviknight|33/100\n|-enditem|p1b: Corviknight|Sitrus Berry|[eat]\n|-heal|p1b: Corviknight|58/100|[from] item: Sitrus Berry\n|faint|p1a: Tyranitar\n|move|p1b: Corviknight|Brave Bird|p2b: Floette\n|-damage|p2b: Floette|0 fnt\n|faint|p2b: Floette\n|-damage|p1b: Corviknight|50/100|[from] Recoil\n|\n|win|Pointee\n",
  "uploadtime": 1776498657,
  "views": 11,
  "formatid": "gen9championsvgc2026regma",
  "rating": null,
  "private": 0,
  "password": null
}