{
  "id": "gen9championsvgc2026regma-2585115027",
  "format": "[Gen 9 Champions] VGC 2026 Reg M-A",
  "players": [
    "RK9 Only",
    "mynamegrassgreen"
  ],
  "log": "|j|\u2606RK9 Only\n|j|\u2606mynamegrassgreen\n|t:|1776313474\n|gametype|doubles\n|player|p1|RK9 Only|crasherwake|\n|player|p2|mynamegrassgreen|102|\n|gen|9\n|tier|[Gen 9 Champions] VGC 2026 Reg M-A\n|rated|Tournament battle\n|rule|Species Clause: Limit one of each Pok\u00e9mon\n|rule|Item Clause: Limit 1 of each item\n|clearpoke\n|poke|p1|Klefki, L50, M|\n|poke|p1|Venusaur, L50, M|\n|poke|p1|Archaludon, L50, M|\n|poke|p1|Slowking-Galar, L50, M|\n|poke|p1|Incineroar, L50, M|\n|poke|p1|Gyarados, L50, F|\n|poke|p2|Kommo-o, L50, M|\n|poke|p2|Gengar, L50, M|\n|poke|p2|Whimsicott, L50, F|\n|poke|p2|Sinistcha-Masterpiece, L50|\n|poke|p2|Incineroar, L50, F|\n|poke|p2|Tyranitar, L50, M|\n|teampreview|4\nRK9 Only rejected open team sheets.\n|c|\u2606RK9 Only|yo\n|inactive|Battle timer is ON: inactive players will automatically lose when time's up. (requested by RK9 Only)\n|c|\u2606mynamegrassgreen|yo\n|c|\u2606mynamegrassgreen|glhf\n|c|\u2606RK9 Only|u2 buddy\n|c|\u2606mynamegrassgreen|i know imma get walled by ega venu\n|c|\u2606mynamegrassgreen|n0 need for teams heeta :sob:\n|c|\u2606RK9 Only|well see aha\n|inactive|RK9 Only has 60 seconds left.\n|inactive|mynamegrassgreen has 60 seconds left.\n|inactive|RK9 Only has 30 seconds left.\n|\n|t:|1776313543\n|teamsize|p1|4\n|teamsize|p2|4\n|start\n|switch|p1a: Klefki|Klefki, L50, M|100/100\n|switch|p1b: Incineroar|Incineroar, L50, M|100/100\n|switch|p2a: STAY WITH ME \ud83c\udfb5|Gengar, L50, M|100/100\n|switch|p2b: The King|Incineroar, L50, F|100/100\n|-ability|p1b: Incineroar|Intimidate|boost\n|-unboost|p2a: STAY WITH ME \ud83c\udfb5|atk|1\n|-unboost|p2b: The King|atk|1\n|-ability|p2b: The King|Intimidate|boost\n|-unboost|p1a: Klefki|atk|1\n|-unboost|p1b: Incineroar|atk|1\n|turn|1\n|inactive|RK9 Only has 30 seconds left.\n|\n|t:|1776313572\n|switch|p2b: thinking of name|Tyranitar, L50, M|100/100\n|-weather|Sandstorm|[from] ability: Sand Stream|[of] p2b: thinking of name\n|detailschange|p2a: STAY WITH ME \ud83c\udfb5|Gengar-Mega, L50, M\n|-mega|p2a: STAY WITH ME \ud83c\udfb5|Gengar|Gengarite\n|move|p2a: STAY WITH ME \ud83c\udfb5|Protect|p2a: STAY WITH ME \ud83c\udfb5\n|-singleturn|p2a: STAY WITH ME \ud83c\udfb5|Protect\n|move|p1a: Klefki|Thunder Wave|p2a: STAY WITH ME \ud83c\udfb5\n|-activate|p2a: STAY WITH ME \ud83c\udfb5|move: Protect\n|move|p1b: Incineroar|Parting Shot|p2a: STAY WITH ME \ud83c\udfb5\n|-activate|p2a: STAY WITH ME \ud83c\udfb5|move: Protect\n|\n|-weather|Sandstorm|[upkeep]\n|-damage|p2a: STAY WITH ME \ud83c\udfb5|95/100|[from] Sandstorm\n|-damage|p1b: Incineroar|94/100|[from] Sandstorm\n|upkeep\n|turn|2\n|inactive|RK9 Only has 30 seconds left.\n|\n|t:|1776313603\n|switch|p2a: The King|Incineroar, L50, F|100/100\n|-ability|p2a: The King|Intimidate|boost\n|-unboost|p1a: Klefki|atk|1\n|-unboost|p1b: Incineroar|atk|1\n|move|p1a: Klefki|Reflect|p1a: Klefki\n|-sidestart|p1: RK9 Only|Reflect\n|move|p2b: thinking of name|Stone Edge|p1b: Incineroar\n|-supereffective|p1b: Incineroar|1\n|-damage|p1b: Incineroar|24/100\n|-enditem|p1b: Incineroar|Sitrus Berry|[eat]\n|-heal|p1b: Incineroar|49/100|[from] item: Sitrus Berry\n|move|p1b: Incineroar|Darkest Lariat|p2a: The King\n|-resisted|p2a: The King|1\n|-damage|p2a: The King|92/100\n|\n|-weather|Sandstorm|[upkeep]\n|-damage|p1b: Incineroar|43/100|[from] Sandstorm\n|-damage|p2a: The King|86/100|[from] Sandstorm\n|upkeep\n|turn|3\n|j| Rainpelt103\n|inactive|RK9 Only has 30 seconds left.\n|j|+holdingb\n|\n|t:|1776313637\n|switch|p1b: Venusaur|Venusaur, L50, M|100/100\n|move|p1a: Klefki|Rain Dance|p1a: Klefki\n|-weather|RainDance\n|move|p2b: thinking of name|Stone Edge|p1b: Venusaur\n|-damage|p1b: Venusaur|66/100\n|move|p2a: The King|Flare Blitz|p1a: Klefki\n|-supereffective|p1a: Klefki|1\n|-damage|p1a: Klefki|66/100\n|-damage|p2a: The King|77/100|[from] Recoil\n|\n|-weather|RainDance|[upkeep]\n|upkeep\n|turn|4\n|\n|t:|1776313658\n|switch|p2b: beer|Sinistcha-Masterpiece, L50|100/100\n|-heal|p2a: The King|100/100|[from] ability: Hospitality|[of] p2b: beer\n|detailschange|p1b: Venusaur|Venusaur-Mega, L50, M\n|-mega|p1b: Venusaur|Venusaur|Venusaurite\n|move|p1a: Klefki|Light Screen|p1a: Klefki\n|-sidestart|p1: RK9 Only|move: Light Screen\n|move|p1b: Venusaur|Leech Seed|p2b: beer\n|-immune|p2b: beer\n|move|p2a: The King|Parting Shot|p1a: Klefki\n|-unboost|p1a: Klefki|atk|1\n|-unboost|p1a: Klefki|spa|1\n|\n|t:|1776313668\n|switch|p2a: STAY WITH ME \ud83c\udfb5|Gengar-Mega, L50, M|95/100|[from] Parting Shot\n|\n|-weather|RainDance|[upkeep]\n|upkeep\n|turn|5\n|c|\u2606mynamegrassgreen|time to start singing\n|\n|t:|1776313691\n|move|p2b: beer|Rage Powder|p2b: beer\n|-singleturn|p2b: beer|move: Rage Powder\n|move|p1a: Klefki|Thunder Wave|p2b: beer\n|-status|p2b: beer|par\n|move|p2a: STAY WITH ME \ud83c\udfb5|Perish Song|p2a: STAY WITH ME \ud83c\udfb5\n|-start|p1a: Klefki|perish3|[silent]\n|-start|p1b: Venusaur|perish3|[silent]\n|-start|p2a: STAY WITH ME \ud83c\udfb5|perish3|[silent]\n|-start|p2b: beer|perish3|[silent]\n|-fieldactivate|move: Perish Song\n|move|p1b: Venusaur|Leech Seed|p2a: STAY WITH ME \ud83c\udfb5\n|-start|p2a: STAY WITH ME \ud83c\udfb5|move: Leech Seed\n|\n|-weather|RainDance|[upkeep]\n|-damage|p2a: STAY WITH ME \ud83c\udfb5|83/100|[from] Leech Seed|[of] p1b: Venusaur\n|-heal|p1b: Venusaur|77/100|[silent]\n|-start|p2a: STAY WITH ME \ud83c\udfb5|perish3\n|-start|p1b: Venusaur|perish3\n|-start|p1a: Klefki|perish3\n|-start|p2b: beer|perish3\n|upkeep\n|turn|6\n|c|\u2606RK9 Only|oh boi\n|inactive|RK9 Only has 30 seconds left.\n|inactive|mynamegrassgreen has 30 seconds left.\n|\n|t:|1776313719\n|switch|p2b: The King|Incineroar, L50, F|100/100\n|-ability|p2b: The King|Intimidate|boost\n|-unboost|p1a: Klefki|atk|1\n|-unboost|p1b: Venusaur|atk|1\n|move|p2a: STAY WITH ME \ud83c\udfb5|Protect|p2a: STAY WITH ME \ud83c\udfb5\n|-singleturn|p2a: STAY WITH ME \ud83c\udfb5|Protect\n|move|p1a: Klefki|Thunder Wave|p2a: STAY WITH ME \ud83c\udfb5\n|-activate|p2a: STAY WITH ME \ud83c\udfb5|move: Protect\n|move|p1b: Venusaur|Giga Drain|p2a: STAY WITH ME \ud83c\udfb5\n|-activate|p2a: STAY WITH ME \ud83c\udfb5|move: Protect\n|\n|-weather|RainDance|[upkeep]\n|-damage|p2a: STAY WITH ME \ud83c\udfb5|71/100|[from] Leech Seed|[of] p1b: Venusaur\n|-heal|p1b: Venusaur|88/100|[silent]\n|-start|p2a: STAY WITH ME \ud83c\udfb5|perish2\n|-start|p1b: Venusaur|perish2\n|-start|p1a: Klefki|perish2\n|-sideend|p1: RK9 Only|Reflect\n|upkeep\n|turn|7\n|j| Scapegoat11\n|\n|t:|1776313740\n|move|p2b: The King|Fake Out|p1a: Klefki\n|-resisted|p1a: Klefki|1\n|-damage|p1a: Klefki|61/100\n|cant|p1a: Klefki|flinch\n|move|p2a: STAY WITH ME \ud83c\udfb5|Substitute|p2a: STAY WITH ME \ud83c\udfb5\n|-start|p2a: STAY WITH ME \ud83c\udfb5|Substitute\n|-damage|p2a: STAY WITH ME \ud83c\udfb5|46/100\n|move|p1b: Venusaur|Toxic|p2b: The King\n|-status|p2b: The King|tox\n|\n|-weather|none\n|-damage|p2a: STAY WITH ME \ud83c\udfb5|34/100|[from] Leech Seed|[of] p1b: Venusaur\n|-heal|p1b: Venusaur|98/100|[silent]\n|-damage|p2b: The King|95/100 tox|[from] psn\n|-start|p2a: STAY WITH ME \ud83c\udfb5|perish1\n|-start|p1b: Venusaur|perish1\n|-start|p1a: Klefki|perish1\n|upkeep\n|turn|8\n|\n|t:|1776313764\n|switch|p2a: beer|Sinistcha-Masterpiece, L50|100/100 par\n|-heal|p2b: The King|100/100 tox|[from] ability: Hospitality|[of] p2a: beer\n|move|p1a: Klefki|Reflect|p1a: Klefki\n|-sidestart|p1: RK9 Only|Reflect\n|move|p1b: Venusaur|Giga Drain|p2a: beer\n|-resisted|p2a: beer|1\n|-damage|p2a: beer|84/100 par\n|-heal|p1b: Venusaur|100/100|[from] drain|[of] p2a: beer\n|move|p2b: The King|Parting Shot|p1b: Venusaur\n|-unboost|p1b: Venusaur|atk|1\n|-unboost|p1b: Venusaur|spa|1\n|\n|t:|1776313772\n|switch|p2b: thinking of name|Tyranitar, L50, M|100/100|[from] Parting Shot\n|-weather|Sandstorm|[from] ability: Sand Stream|[of] p2b: thinking of name\n|\n|-weather|Sandstorm|[upkeep]\n|-damage|p1b: Venusaur|95/100|[from] Sandstorm\n|-damage|p2a: beer|77/100 par|[from] Sandstorm\n|-start|p1b: Venusaur|perish0\n|-start|p1a: Klefki|perish0\n|faint|p1b: Venusaur\n|faint|p1a: Klefki\n|-sideend|p1: RK9 Only|move: Light Screen\n|upkeep\n|\n|t:|1776313782\n|switch|p1b: Archaludon|Archaludon, L50, M|100/100\n|switch|p1a: Incineroar|Incineroar, L50, M|43/100\n|-ability|p1a: Incineroar|Intimidate|boost\n|-unboost|p2a: beer|atk|1\n|-unboost|p2b: thinking of name|atk|1\n|turn|9\n|\n|t:|1776313803\n|switch|p2a: The King|Incineroar, L50, F|100/100 tox\n|-ability|p2a: The King|Intimidate|boost\n|-unboost|p1a: Incineroar|atk|1\n|-unboost|p1b: Archaludon|atk|1\n|move|p1a: Incineroar|Fake Out|p2b: thinking of name\n|-resisted|p2b: thinking of name|1\n|-damage|p2b: thinking of name|97/100\n|cant|p2b: thinking of name|flinch\n|move|p1b: Archaludon|Snarl|p2b: thinking of name|[spread] p2a,p2b\n|-resisted|p2a: The King|1\n|-resisted|p2b: thinking of name|1\n|-damage|p2a: The King|96/100 tox\n|-damage|p2b: thinking of name|93/100\n|-unboost|p2a: The King|spa|1\n|-unboost|p2b: thinking of name|spa|1\n|\n|-weather|Sandstorm|[upkeep]\n|-damage|p1a: Incineroar|37/100|[from] Sandstorm\n|-damage|p2a: The King|90/100 tox|[from] Sandstorm\n|-damage|p2a: The King|84/100 tox|[from] psn\n|upkeep\n|turn|10\n|c|\u2606RK9 Only|gg\n|-message|RK9 Only forfeited.\n|\n|win|mynamegrassgreen\n|n|\u2606RK9 Only|rk9only\n|n|\u2606mynamegrassgreen|mynamegrassgreen\n|n| Rainpelt103|rainpelt103\n|n| holdingb|holdingb\n|n| Scapegoat11|scapegoat11\n|l|\u2606RK9 Only\n|player|p1|\n|c|\u2606mynamegrassgreen|ggs wp\n|l| Rainpelt103\n|l|\u2606mynamegrassgreen\n|player|p2|\n",
  "uploadtime": 1776313933,
  "views": 22,
  "formatid": "gen9championsvgc2026regma",
  "rating": null,
  "private": 0,
  "password": null
}