{
  "id": "gen9championsvgc2026regma-2587608226",
  "format": "[Gen 9 Champions] VGC 2026 Reg M-A",
  "players": [
    "capt_dx",
    "NeatoIsNeat"
  ],
  "log": "|j|\u2606capt_dx\n|j|\u2606NeatoIsNeat\n|t:|1776546552\n|gametype|doubles\n|player|p1|capt_dx|cynthia-gen4|1177\n|player|p2|NeatoIsNeat|101|1123\n|gen|9\n|tier|[Gen 9 Champions] VGC 2026 Reg M-A\n|rated|\n|rule|Species Clause: Limit one of each Pok\u00e9mon\n|rule|Item Clause: Limit 1 of each item\n|clearpoke\n|poke|p1|Froslass, L50, F|\n|poke|p1|Glaceon, L50, F|\n|poke|p1|Aerodactyl, L50, F|\n|poke|p1|Orthworm, L50, M|\n|poke|p1|Garchomp, L50, M|\n|poke|p1|Milotic, L50, M|\n|poke|p2|Garchomp, L50, F|\n|poke|p2|Orthworm, L50, F|\n|poke|p2|Incineroar, L50, M|\n|poke|p2|Floette-Eternal, L50, F|\n|poke|p2|Aerodactyl, L50, M|\n|poke|p2|Basculegion, L50, M|\n|teampreview|4\n|inactive|Battle timer is ON: inactive players will automatically lose when time's up. (requested by NeatoIsNeat)\n|inactive|NeatoIsNeat has 60 seconds left.\n|\n|t:|1776546590\n|teamsize|p1|4\n|teamsize|p2|4\n|start\n|switch|p1a: Glaceon|Glaceon, L50, F|100/100\n|switch|p1b: Froslass|Froslass, L50, F|100/100\n|switch|p2a: Orthworm|Orthworm, L50, F|100/100\n|switch|p2b: Basculegion|Basculegion, L50, M|100/100\n|turn|1\n|\n|t:|1776546604\n|detailschange|p1b: Froslass|Froslass-Mega, L50, F\n|-mega|p1b: Froslass|Froslass|Froslassite\n|-weather|Snowscape|[from] ability: Snow Warning|[of] p1b: Froslass\n|move|p1b: Froslass|Protect|p1b: Froslass\n|-singleturn|p1b: Froslass|Protect\n|move|p2b: Basculegion|Wave Crash|p1b: Froslass\n|-activate|p1b: Froslass|move: Protect\n|move|p1a: Glaceon|Calm Mind|p1a: Glaceon\n|-boost|p1a: Glaceon|spa|1\n|-boost|p1a: Glaceon|spd|1\n|move|p2a: Orthworm|Shed Tail|p2a: Orthworm\n|-start|p2a: Orthworm|Substitute|[from] move: Shed Tail\n|-damage|p2a: Orthworm|50/100\n|-enditem|p2a: Orthworm|Sitrus Berry|[eat]\n|-heal|p2a: Orthworm|75/100|[from] item: Sitrus Berry\n|\n|t:|1776546614\n|switch|p2a: Floette|Floette-Eternal, L50, F|100/100|[from] Shed Tail\n|\n|-weather|Snowscape|[upkeep]\n|upkeep\n|turn|2\n|\n|t:|1776546627\n|switch|p1b: Garchomp|Garchomp, L50, M|100/100\n|detailschange|p2a: Floette|Floette-Mega, L50, F\n|-mega|p2a: Floette|Floette|Floettite\n|-ability|p2a: Floette|Fairy Aura\n|move|p2b: Basculegion|Wave Crash|p1a: Glaceon\n|-damage|p1a: Glaceon|35/100\n|-damage|p2b: Basculegion|84/100|[from] Recoil\n|move|p2a: Floette|Calm Mind|p2a: Floette\n|-boost|p2a: Floette|spa|1\n|-boost|p2a: Floette|spd|1\n|move|p1a: Glaceon|Freeze-Dry|p2b: Basculegion\n|-supereffective|p2b: Basculegion|1\n|-damage|p2b: Basculegion|0 fnt\n|faint|p2b: Basculegion\n|\n|-weather|Snowscape|[upkeep]\n|upkeep\n|\n|t:|1776546645\n|switch|p2b: Orthworm|Orthworm, L50, F|75/100\n|turn|3\n|\n|t:|1776546656\n|move|p1b: Garchomp|Iron Head|p2a: Floette\n|-supereffective|p2a: Floette|1\n|-end|p2a: Floette|Substitute\n|move|p2a: Floette|Dazzling Gleam|p1b: Garchomp|[spread] p1b\n|-miss|p2a: Floette|p1a: Glaceon\n|-supereffective|p1b: Garchomp|1\n|-damage|p1b: Garchomp|0 fnt\n|faint|p1b: Garchomp\n|move|p1a: Glaceon|Blizzard|p2b: Orthworm|[spread] p2a,p2b\n|-resisted|p2b: Orthworm|1\n|-crit|p2b: Orthworm\n|-damage|p2a: Floette|59/100\n|-damage|p2b: Orthworm|4/100\n|-status|p2a: Floette|frz\n|move|p2b: Orthworm|Shed Tail|p2b: Orthworm\n|-fail|p2b: Orthworm|move: Shed Tail|[weak]\n|\n|-weather|Snowscape|[upkeep]\n|upkeep\n|\n|t:|1776546664\n|switch|p1b: Froslass|Froslass-Mega, L50, F|100/100\n|turn|4\n|\n|t:|1776546670\n|switch|p2b: Incineroar|Incineroar, L50, M|100/100\n|-ability|p2b: Incineroar|Intimidate|boost\n|-unboost|p1a: Glaceon|atk|1\n|-unboost|p1b: Froslass|atk|1\n|cant|p2a: Floette|frz\n|move|p1b: Froslass|Blizzard|p2b: Incineroar|[spread] p2a,p2b\n|-resisted|p2b: Incineroar|1\n|-damage|p2a: Floette|37/100 frz\n|-damage|p2b: Incineroar|82/100\n|move|p1a: Glaceon|Blizzard|p2b: Incineroar|[spread] p2a,p2b\n|-resisted|p2b: Incineroar|1\n|-damage|p2a: Floette|0 fnt\n|-damage|p2b: Incineroar|48/100\n|faint|p2a: Floette\n|\n|-weather|Snowscape|[upkeep]\n|upkeep\n|\n|t:|1776546681\n|switch|p2a: Orthworm|Orthworm, L50, F|4/100\n|turn|5\n|\n|t:|1776546693\n|move|p1b: Froslass|Blizzard|p2b: Incineroar|[spread] p2a,p2b\n|-resisted|p2a: Orthworm|1\n|-resisted|p2b: Incineroar|1\n|-damage|p2a: Orthworm|0 fnt\n|-damage|p2b: Incineroar|28/100\n|faint|p2a: Orthworm\n|move|p1a: Glaceon|Blizzard|p2b: Incineroar\n|-resisted|p2b: Incineroar|1\n|-damage|p2b: Incineroar|0 fnt\n|faint|p2b: Incineroar\n|\n|win|capt_dx\n|raw|capt_dx's rating: 1177 &rarr; <strong>1198</strong><br />(+21 for winning)\n|raw|NeatoIsNeat's rating: 1123 &rarr; <strong>1102</strong><br />(-21 for losing)\n",
  "uploadtime": 1776546693,
  "views": 11,
  "formatid": "gen9championsvgc2026regma",
  "rating": 1102,
  "private": 0,
  "password": null
}