{
  "id": "gen9championsvgc2026regma-2586852788",
  "format": "[Gen 9 Champions] VGC 2026 Reg M-A",
  "players": [
    "Bacowl",
    "pictochatvgc"
  ],
  "log": "|j|\u2606Bacowl\n|j|\u2606pictochatvgc\n|t:|1776465450\n|gametype|doubles\n|player|p1|Bacowl|bugcatcher-gen4dp|1094\n|player|p2|pictochatvgc|skier|1165\n|gen|9\n|tier|[Gen 9 Champions] VGC 2026 Reg M-A\n|rated|\n|rule|Species Clause: Limit one of each Pok\u00e9mon\n|rule|Item Clause: Limit 1 of each item\n|clearpoke\n|poke|p1|Floette-Eternal, L50, F|\n|poke|p1|Crabominable, L50, F|\n|poke|p1|Farigiraf, L50, F|\n|poke|p1|Alakazam, L50, F|\n|poke|p1|Abomasnow, L50, F|\n|poke|p1|Mr. Rime, L50, F|\n|poke|p2|Alakazam, L50, M|\n|poke|p2|Meowstic, L50, M|\n|poke|p2|Flapple, L50, F|\n|poke|p2|Slowking-Galar, L50, F|\n|poke|p2|Drampa, L50, M|\n|poke|p2|Aerodactyl, L50, F|\n|teampreview|4\n|\n|t:|1776465501\n|teamsize|p1|4\n|teamsize|p2|4\n|start\n|switch|p1a: Farigiraf|Farigiraf, L50, F|100/100\n|switch|p1b: Mr. Rime|Mr. Rime, L50, F|100/100\n|switch|p2a: Alakazam|Alakazam, L50, M|100/100\n|switch|p2b: Meowstic|Meowstic, L50, M|100/100\n|turn|1\n|c|\u2606pictochatvgc|Pls tell me its frost bresth anger point. Id love to see someone make it work\n|c|\u2606Bacowl|what\n|c|\u2606pictochatvgc|Crabominable gets anger point and mr rime gets frost breath\n|c|\u2606Bacowl|oh thats cool\n|\n|t:|1776465569\n|move|p1b: Mr. Rime|Fake Out|p2b: Meowstic\n|-damage|p2b: Meowstic|93/100\n|cant|p2b: Meowstic|flinch\n|move|p2a: Alakazam|Shadow Ball|p1b: Mr. Rime\n|-supereffective|p1b: Mr. Rime|1\n|-damage|p1b: Mr. Rime|52/100\n|move|p1a: Farigiraf|Trick Room|p1a: Farigiraf\n|-fieldstart|move: Trick Room|[of] p1a: Farigiraf\n|\n|upkeep\n|turn|2\n|\n|t:|1776465596\n|switch|p1a: Crabominable|Crabominable, L50, F|100/100\n|switch|p2b: Drampa|Drampa, L50, M|100/100\n|move|p1b: Mr. Rime|Frost Breath|p1a: Crabominable\n|-resisted|p1a: Crabominable|1\n|-crit|p1a: Crabominable\n|-damage|p1a: Crabominable|83/100\n|-setboost|p1a: Crabominable|atk|6|[from] ability: Anger Point\n|move|p2a: Alakazam|Shadow Ball|p1b: Mr. Rime\n|-supereffective|p1b: Mr. Rime|1\n|-crit|p1b: Mr. Rime\n|-damage|p1b: Mr. Rime|0 fnt\n|faint|p1b: Mr. Rime\n|\n|upkeep\n|c|\u2606Bacowl|lmfao\n|c|\u2606pictochatvgc|Lmao\n|\n|t:|1776465610\n|switch|p1b: Abomasnow|Abomasnow, L50, F|100/100\n|-weather|Snowscape|[from] ability: Snow Warning|[of] p1b: Abomasnow\n|turn|3\n|c|\u2606Bacowl|baited\n|c|\u2606Bacowl|W call tho\n|c|\u2606pictochatvgc|Ive got a team for it too\n|c|\u2606Bacowl|this is the best ive gotten it so far\n|c|\u2606pictochatvgc|The one ive got in game is vanilluxe\n|c|\u2606Bacowl|its mad gimmicky\n|c|\u2606Bacowl|but like the past 4 or 5 games ive missed frost breath\n|c|\u2606Bacowl|its been wild\n|\n|t:|1776465682\n|detailschange|p2b: Drampa|Drampa-Mega, L50, M\n|-mega|p2b: Drampa|Drampa|Drampanite\n|detailschange|p1a: Crabominable|Crabominable-Mega, L50, F\n|-mega|p1a: Crabominable|Crabominable|Crabominite\n|move|p2b: Drampa|Draco Meteor|p1a: Crabominable\n|-damage|p1a: Crabominable|18/100\n|-unboost|p2b: Drampa|spa|2\n|move|p1a: Crabominable|Rock Slide|p2a: Alakazam|[spread] p2a,p2b\n|-damage|p2a: Alakazam|0 fnt\n|-damage|p2b: Drampa|30/100\n|faint|p2a: Alakazam\n|-ability|p2b: Drampa|Berserk|boost\n|-boost|p2b: Drampa|spa|1\n|move|p1b: Abomasnow|Aurora Veil|p1b: Abomasnow\n|-sidestart|p1: Bacowl|move: Aurora Veil\n|\n|-weather|Snowscape|[upkeep]\n|upkeep\n|\n|t:|1776465696\n|switch|p2a: Meowstic|Meowstic, L50, M|93/100\n|turn|4\n|c|\u2606pictochatvgc|Rip the miss. Man that chance haunts me\n|\n|t:|1776465722\n|move|p1a: Crabominable|Protect|p1a: Crabominable\n|-singleturn|p1a: Crabominable|Protect\n|move|p2a: Meowstic|Psychic Terrain|p2a: Meowstic\n|-fieldstart|move: Psychic Terrain\n|move|p2b: Drampa|Roost|p2b: Drampa\n|-heal|p2b: Drampa|80/100\n|-singleturn|p2b: Drampa|move: Roost\n|move|p1b: Abomasnow|Blizzard|p2b: Drampa|[spread] p2a,p2b\n|-supereffective|p2b: Drampa|1\n|-damage|p2a: Meowstic|63/100\n|-damage|p2b: Drampa|40/100\n|-ability|p2b: Drampa|Berserk|boost\n|-boost|p2b: Drampa|spa|1\n|\n|-weather|Snowscape|[upkeep]\n|upkeep\n|turn|5\n|\n|t:|1776465748\n|switch|p1b: Farigiraf|Farigiraf, L50, F|100/100\n|move|p2b: Drampa|Draco Meteor|p1a: Crabominable\n|-damage|p1a: Crabominable|0 fnt\n|-unboost|p2b: Drampa|spa|2\n|faint|p1a: Crabominable\n|move|p2a: Meowstic|Expanding Force|p1b: Farigiraf\n|-resisted|p1b: Farigiraf|1\n|-damage|p1b: Farigiraf|89/100\n|\n|-weather|Snowscape|[upkeep]\n|-fieldend|move: Trick Room\n|upkeep\n|\n|t:|1776465753\n|switch|p1a: Abomasnow|Abomasnow, L50, F|100/100\n|turn|6\n|\n|t:|1776465783\n|move|p2a: Meowstic|Expanding Force|p1a: Abomasnow|[spread] p1a,p1b\n|-resisted|p1b: Farigiraf|1\n|-damage|p1a: Abomasnow|82/100\n|-damage|p1b: Farigiraf|81/100\n|move|p1a: Abomasnow|Blizzard|p2b: Drampa|[spread] p2a,p2b\n|-supereffective|p2b: Drampa|1\n|-damage|p2a: Meowstic|31/100\n|-damage|p2b: Drampa|0 fnt\n|faint|p2b: Drampa\n|move|p1b: Farigiraf|Hyper Voice|p2a: Meowstic\n|-damage|p2a: Meowstic|0 fnt\n|faint|p2a: Meowstic\n|\n|-weather|Snowscape|[upkeep]\n|upkeep\n|\n|t:|1776465787\n|switch|p2b: Slowking|Slowking-Galar, L50, F|100/100\n|turn|7\n|\n|t:|1776465795\n|move|p2b: Slowking|Protect|p2b: Slowking\n|-singleturn|p2b: Slowking|Protect\n|move|p1a: Abomasnow|Blizzard|p2b: Slowking\n|-activate|p2b: Slowking|move: Protect\n|move|p1b: Farigiraf|Hyper Voice|p2b: Slowking\n|-activate|p2b: Slowking|move: Protect\n|\n|-weather|none\n|-sideend|p1: Bacowl|move: Aurora Veil\n|upkeep\n|turn|8\n|\n|t:|1776465803\n|move|p1a: Abomasnow|Blizzard|p2b: Slowking|[miss]\n|-miss|p1a: Abomasnow|p2b: Slowking\n|move|p1b: Farigiraf|Psychic|p2b: Slowking\n|-damage|p2b: Slowking|61/100\n|move|p2b: Slowking|Sludge Bomb|p1a: Abomasnow\n|-supereffective|p1a: Abomasnow|1\n|-damage|p1a: Abomasnow|5/100\n|-status|p1a: Abomasnow|psn\n|\n|-damage|p1a: Abomasnow|0 fnt|[from] psn\n|faint|p1a: Abomasnow\n|-fieldend|move: Psychic Terrain\n|upkeep\n|turn|9\n|\n|t:|1776465818\n|move|p1b: Farigiraf|Psychic|p2b: Slowking\n|-damage|p2b: Slowking|34/100\n|move|p2b: Slowking|Sludge Bomb|p1b: Farigiraf\n|-damage|p1b: Farigiraf|40/100\n|\n|upkeep\n|turn|10\n|\n|t:|1776465827\n|move|p1b: Farigiraf|Psychic|p2b: Slowking\n|-damage|p2b: Slowking|3/100\n|move|p2b: Slowking|Sludge Bomb|p1b: Farigiraf\n|-damage|p1b: Farigiraf|0 fnt\n|faint|p1b: Farigiraf\n|\n|win|pictochatvgc\n|raw|Bacowl's rating: 1094 &rarr; <strong>1075</strong><br />(-19 for losing)\n|raw|pictochatvgc's rating: 1165 &rarr; <strong>1185</strong><br />(+20 for winning)\n|c|\u2606Bacowl|gg\n|c|\u2606Bacowl|ill get there one da\n|c|\u2606pictochatvgc|Gg\n|c|\u2606Bacowl|i promise\n|l|\u2606Bacowl\n|player|p1|\n|c|\u2606pictochatvgc|I believe\n",
  "uploadtime": 1776465840,
  "views": 36,
  "formatid": "gen9championsvgc2026regma",
  "rating": 1075,
  "private": 0,
  "password": null
}