{
  "id": "gen9championsvgc2026regma-2585755505",
  "format": "[Gen 9 Champions] VGC 2026 Reg M-A",
  "players": [
    "skywalkingchris",
    "evanjensen"
  ],
  "log": "|j|\u2606skywalkingchris\n|j|\u2606evanjensen\n|t:|1776368365\n|gametype|doubles\n|player|p1|skywalkingchris|1|1116\n|player|p2|evanjensen|101|1211\n|gen|9\n|tier|[Gen 9 Champions] VGC 2026 Reg M-A\n|rated|\n|rule|Species Clause: Limit one of each Pok\u00e9mon\n|rule|Item Clause: Limit 1 of each item\n|clearpoke\n|poke|p1|Garchomp, L50, F|\n|poke|p1|Chimecho, L50, F|\n|poke|p1|Tyranitar, L50, F|\n|poke|p1|Excadrill, L50, M|\n|poke|p1|Glimmora, L50, M|\n|poke|p1|Kangaskhan, L50, F|\n|poke|p2|Dragonite, L50, F|\n|poke|p2|Pelipper, L50, F|\n|poke|p2|Aggron, L50, M|\n|poke|p2|Incineroar, L50, F|\n|poke|p2|Basculegion, L50, M|\n|poke|p2|Sinistcha, L50|\n|teampreview|4\n|inactive|Battle timer is ON: inactive players will automatically lose when time's up. (requested by evanjensen)\n|\n|t:|1776368425\n|teamsize|p1|4\n|teamsize|p2|4\n|start\n|switch|p1a: Kangaskhan|Kangaskhan, L50, F|100/100\n|switch|p1b: Glimmora|Glimmora, L50, M|100/100\n|switch|p2a: Dragonite|Dragonite, L50, F|100/100\n|switch|p2b: Incineroar|Incineroar, L50, F|100/100\n|-ability|p2b: Incineroar|Intimidate|boost\n|-fail|p1a: Kangaskhan|unboost|Attack|[from] ability: Scrappy|[of] p1a: Kangaskhan\n|-unboost|p1b: Glimmora|atk|1\n|turn|1\n|\n|t:|1776368447\n|detailschange|p1a: Kangaskhan|Kangaskhan-Mega, L50, F\n|-mega|p1a: Kangaskhan|Kangaskhan|Kangaskhanite\n|detailschange|p2a: Dragonite|Dragonite-Mega, L50, F\n|-mega|p2a: Dragonite|Dragonite|Dragoninite\n|move|p1a: Kangaskhan|Fake Out|p2b: Incineroar\n|-damage|p2b: Incineroar|77/100\n|-damage|p2b: Incineroar|72/100\n|-hitcount|p2b: Incineroar|2\n|cant|p2b: Incineroar|flinch\n|move|p2a: Dragonite|Draco Meteor|p1b: Glimmora\n|-damage|p1b: Glimmora|45/100\n|-unboost|p2a: Dragonite|spa|2\n|move|p1b: Glimmora|Power Gem|p2a: Dragonite\n|-supereffective|p2a: Dragonite|1\n|-damage|p2a: Dragonite|67/100\n|\n|-heal|p1b: Glimmora|51/100|[from] item: Leftovers\n|upkeep\n|turn|2\n|inactive|skywalkingchris has 30 seconds left.\n|inactive|evanjensen has 30 seconds left.\n|inactive|evanjensen has 20 seconds left.\n|\n|t:|1776368483\n|switch|p2b: Pelipper|Pelipper, L50, F|100/100\n|-weather|RainDance|[from] ability: Drizzle|[of] p2b: Pelipper\n|move|p2a: Dragonite|Protect|p2a: Dragonite\n|-singleturn|p2a: Dragonite|Protect\n|move|p1a: Kangaskhan|Body Slam|p2a: Dragonite\n|-activate|p2a: Dragonite|move: Protect\n|move|p1b: Glimmora|Mortal Spin|p2a: Dragonite|[spread] p2b\n|-activate|p2a: Dragonite|move: Protect\n|-damage|p2b: Pelipper|98/100\n|-status|p2b: Pelipper|psn\n|\n|-weather|RainDance|[upkeep]\n|-heal|p1b: Glimmora|57/100|[from] item: Leftovers\n|-damage|p2b: Pelipper|85/100 psn|[from] psn\n|upkeep\n|turn|3\n|inactive|skywalkingchris has 30 seconds left.\n|\n|t:|1776368509\n|switch|p2a: Incineroar|Incineroar, L50, F|72/100\n|-ability|p2a: Incineroar|Intimidate|boost\n|-unboost|p1a: Kangaskhan|atk|1\n|-unboost|p1b: Glimmora|atk|1\n|move|p1a: Kangaskhan|Body Slam|p2a: Incineroar\n|-damage|p2a: Incineroar|40/100\n|-status|p2a: Incineroar|par\n|-enditem|p2a: Incineroar|Sitrus Berry|[eat]\n|-heal|p2a: Incineroar|65/100 par|[from] item: Sitrus Berry\n|-damage|p2a: Incineroar|58/100 par\n|-hitcount|p2a: Incineroar|2\n|move|p1b: Glimmora|Power Gem|p2b: Pelipper\n|-supereffective|p2b: Pelipper|1\n|-damage|p2b: Pelipper|0 fnt\n|faint|p2b: Pelipper\n|\n|-weather|RainDance|[upkeep]\n|-heal|p1b: Glimmora|63/100|[from] item: Leftovers\n|upkeep\n|\n|t:|1776368524\n|switch|p2b: Basculegion|Basculegion, L50, M|100/100\n|turn|4\n|\n|t:|1776368531\n|switch|p1a: Tyranitar|Tyranitar, L50, F|100/100\n|-weather|Sandstorm|[from] ability: Sand Stream|[of] p1a: Tyranitar\n|move|p1b: Glimmora|Endure|p1b: Glimmora\n|-singleturn|p1b: Glimmora|move: Endure\n|move|p2a: Incineroar|Fake Out|p1a: Tyranitar\n|-resisted|p1a: Tyranitar|1\n|-damage|p1a: Tyranitar|95/100\n|move|p2b: Basculegion|Wave Crash|p1b: Glimmora\n|-supereffective|p1b: Glimmora|1\n|-activate|p1b: Glimmora|move: Endure\n|-damage|p1b: Glimmora|1/100\n|-activate|p1b: Glimmora|ability: Toxic Debris\n|-sidestart|p2: evanjensen|move: Toxic Spikes\n|-damage|p2b: Basculegion|81/100|[from] Recoil\n|\n|-weather|Sandstorm|[upkeep]\n|-damage|p2b: Basculegion|75/100|[from] Sandstorm\n|-damage|p2a: Incineroar|52/100 par|[from] Sandstorm\n|-heal|p1b: Glimmora|7/100|[from] item: Leftovers\n|upkeep\n|turn|5\n|\n|t:|1776368553\n|move|p1a: Tyranitar|Protect|p1a: Tyranitar\n|-singleturn|p1a: Tyranitar|Protect\n|move|p2b: Basculegion|Wave Crash|p1a: Tyranitar\n|-activate|p1a: Tyranitar|move: Protect\n|move|p1b: Glimmora|Power Gem|p2a: Incineroar\n|-supereffective|p2a: Incineroar|1\n|-damage|p2a: Incineroar|0 fnt\n|faint|p2a: Incineroar\n|\n|-weather|Sandstorm|[upkeep]\n|-damage|p2b: Basculegion|69/100|[from] Sandstorm\n|-heal|p1b: Glimmora|13/100|[from] item: Leftovers\n|upkeep\n|\n|t:|1776368562\n|switch|p2a: Dragonite|Dragonite-Mega, L50, F|67/100\n|turn|6\n|\n|t:|1776368574\n|move|p2a: Dragonite|Extreme Speed|p1b: Glimmora\n|-resisted|p1b: Glimmora|1\n|-damage|p1b: Glimmora|0 fnt\n|-activate|p1b: Glimmora|ability: Toxic Debris\n|-sidestart|p2: evanjensen|move: Toxic Spikes\n|faint|p1b: Glimmora\n|move|p2b: Basculegion|Wave Crash|p1a: Tyranitar\n|-supereffective|p1a: Tyranitar|1\n|-damage|p1a: Tyranitar|0 fnt\n|faint|p1a: Tyranitar\n|-damage|p2b: Basculegion|36/100|[from] Recoil\n|\n|-weather|Sandstorm|[upkeep]\n|-damage|p2b: Basculegion|30/100|[from] Sandstorm\n|-damage|p2a: Dragonite|61/100|[from] Sandstorm\n|upkeep\n|\n|t:|1776368587\n|switch|p1b: Chimecho|Chimecho, L50, F|100/100\n|switch|p1a: Kangaskhan|Kangaskhan-Mega, L50, F|100/100\n|turn|7\n|\n|t:|1776368603\n|move|p1a: Kangaskhan|Sucker Punch|p2b: Basculegion\n|-supereffective|p2b: Basculegion|1\n|-damage|p2b: Basculegion|0 fnt\n|faint|p2b: Basculegion\n|-hitcount|p2: Basculegion|1\n|move|p2a: Dragonite|Hurricane|p1a: Kangaskhan\n|-damage|p1a: Kangaskhan|49/100\n|-start|p1a: Kangaskhan|confusion\n|move|p1b: Chimecho|Dazzling Gleam|p2a: Dragonite\n|-supereffective|p2a: Dragonite|1\n|-damage|p2a: Dragonite|16/100\n|\n|-weather|Sandstorm|[upkeep]\n|-damage|p2a: Dragonite|10/100|[from] Sandstorm\n|-damage|p1a: Kangaskhan|43/100|[from] Sandstorm\n|-damage|p1b: Chimecho|94/100|[from] Sandstorm\n|upkeep\n|turn|8\n|\n|t:|1776368622\n|move|p1b: Chimecho|Protect|p1b: Chimecho\n|-singleturn|p1b: Chimecho|Protect\n|-activate|p1a: Kangaskhan|confusion\n|-damage|p1a: Kangaskhan|30/100|[from] confusion\n|move|p2a: Dragonite|Draco Meteor|p1b: Chimecho\n|-activate|p1b: Chimecho|move: Protect\n|\n|-weather|none\n|upkeep\n|turn|9\n|\n|t:|1776368632\n|-activate|p1a: Kangaskhan|confusion\n|move|p1a: Kangaskhan|Sucker Punch|p2a: Dragonite\n|-damage|p2a: Dragonite|0 fnt\n|faint|p2a: Dragonite\n|-hitcount|p2: Dragonite|1\n|\n|win|skywalkingchris\n|raw|skywalkingchris's rating: 1116 &rarr; <strong>1148</strong><br />(+32 for winning)\n|raw|evanjensen's rating: 1211 &rarr; <strong>1179</strong><br />(-32 for losing)\n|l|\u2606evanjensen\n|player|p2|\n",
  "uploadtime": 1776368637,
  "views": 17,
  "formatid": "gen9championsvgc2026regma",
  "rating": 1148,
  "private": 0,
  "password": null
}