{
  "id": "gen9championsvgc2026regma-2580675802",
  "format": "[Gen 9 Champions] VGC 2026 Reg M-A",
  "players": [
    "silkandiron",
    "jp212"
  ],
  "log": "|j|\u2606silkandiron\n|j|\u2606jp212\n|t:|1775923384\n|gametype|doubles\n|player|p1|silkandiron|102|1104\n|player|p2|jp212|101|1067\n|gen|9\n|tier|[Gen 9 Champions] VGC 2026 Reg M-A\n|rated|\n|rule|Species Clause: Limit one of each Pok\u00e9mon\n|rule|Item Clause: Limit 1 of each item\n|clearpoke\n|poke|p1|Charizard, L50, F|\n|poke|p1|Maushold, L50|\n|poke|p1|Sneasler, L50, F|\n|poke|p1|Dragapult, L50, M|\n|poke|p1|Kingambit, L50, M|\n|poke|p1|Garchomp, L50, M|\n|poke|p2|Pelipper, L50, M|\n|poke|p2|Archaludon, L50, M|\n|poke|p2|Maushold-Four, L50|\n|poke|p2|Basculegion, L50, M|\n|poke|p2|Dragonite, L50, M|\n|poke|p2|Sinistcha, L50|\n|teampreview|4\n|\n|t:|1775923433\n|teamsize|p1|4\n|teamsize|p2|4\n|start\n|switch|p1a: Sneasler|Sneasler, L50, F|100/100\n|switch|p1b: Dragapult|Dragapult, L50, M, shiny|100/100\n|switch|p2a: Pelipper|Pelipper, L50, M|100/100\n|switch|p2b: Dragonite|Dragonite, L50, M|100/100\n|-weather|RainDance|[from] ability: Drizzle|[of] p2a: Pelipper\n|turn|1\n|inactive|Battle timer is ON: inactive players will automatically lose when time's up. (requested by jp212)\n|\n|t:|1775923452\n|move|p2b: Dragonite|Protect|p2b: Dragonite\n|-singleturn|p2b: Dragonite|Protect\n|move|p1a: Sneasler|Fake Out|p2a: Pelipper\n|-damage|p2a: Pelipper|81/100\n|move|p1b: Dragapult|U-turn|p2b: Dragonite\n|-activate|p2b: Dragonite|move: Protect\n|cant|p2a: Pelipper|flinch\n|\n|-weather|RainDance|[upkeep]\n|upkeep\n|turn|2\n|inactive|silkandiron has 30 seconds left.\n|\n|t:|1775923481\n|detailschange|p2b: Dragonite|Dragonite-Mega, L50, M\n|-mega|p2b: Dragonite|Dragonite|Dragoninite\n|move|p1b: Dragapult|U-turn|p2b: Dragonite\n|-resisted|p2b: Dragonite|1\n|-damage|p2b: Dragonite|97/100\n|\n|t:|1775923487\n|switch|p1b: Garchomp|Garchomp, L50, M|100/100|[from] U-turn\n|move|p1a: Sneasler|Dire Claw|p2a: Pelipper\n|-damage|p2a: Pelipper|15/100\n|move|p2b: Dragonite|Hurricane|p1a: Sneasler\n|-supereffective|p1a: Sneasler|1\n|-damage|p1a: Sneasler|0 fnt\n|faint|p1a: Sneasler\n|move|p2a: Pelipper|Tailwind|p2a: Pelipper\n|-sidestart|p2: jp212|move: Tailwind\n|\n|-weather|RainDance|[upkeep]\n|upkeep\n|\n|t:|1775923501\n|switch|p1a: Charizard|Charizard, L50, F, shiny|100/100\n|turn|3\n|\n|t:|1775923511\n|switch|p2a: Sinistcha|Sinistcha, L50|100/100\n|-heal|p2b: Dragonite|100/100|[from] ability: Hospitality|[of] p2a: Sinistcha\n|detailschange|p1a: Charizard|Charizard-Mega-Y, L50, F, shiny\n|-mega|p1a: Charizard|Charizard|Charizardite Y\n|-weather|SunnyDay|[from] ability: Drought|[of] p1a: Charizard\n|move|p2b: Dragonite|Thunder|p1a: Charizard|[miss]\n|-miss|p2b: Dragonite|p1a: Charizard\n|move|p1b: Garchomp|Rock Slide|p2b: Dragonite|[spread] p2a,p2b\n|-supereffective|p2b: Dragonite|1\n|-damage|p2a: Sinistcha|87/100\n|-damage|p2b: Dragonite|81/100\n|move|p1a: Charizard|Heat Wave|p2b: Dragonite|[spread] p2a,p2b\n|-supereffective|p2a: Sinistcha|1\n|-resisted|p2b: Dragonite|1\n|-damage|p2a: Sinistcha|0 fnt\n|-damage|p2b: Dragonite|50/100\n|faint|p2a: Sinistcha\n|\n|-weather|SunnyDay|[upkeep]\n|upkeep\n|\n|t:|1775923525\n|switch|p2a: Pelipper|Pelipper, L50, M|15/100\n|-weather|RainDance|[from] ability: Drizzle|[of] p2a: Pelipper\n|turn|4\n|\n|t:|1775923538\n|switch|p1a: Dragapult|Dragapult, L50, M, shiny|100/100\n|move|p2a: Pelipper|Protect|p2a: Pelipper\n|-singleturn|p2a: Pelipper|Protect\n|move|p2b: Dragonite|Thunder|p1a: Dragapult\n|-resisted|p1a: Dragapult|1\n|-damage|p1a: Dragapult|73/100\n|move|p1b: Garchomp|Rock Slide|p2a: Pelipper|[spread] p2b\n|-activate|p2a: Pelipper|move: Protect\n|-supereffective|p2b: Dragonite|1\n|-damage|p2b: Dragonite|11/100\n|\n|-weather|RainDance|[upkeep]\n|upkeep\n|turn|5\n|inactive|jp212 has 30 seconds left.\n|\n|t:|1775923565\n|move|p2b: Dragonite|Draco Meteor|p1b: Garchomp\n|-supereffective|p1b: Garchomp|1\n|-damage|p1b: Garchomp|0 fnt\n|-unboost|p2b: Dragonite|spa|2\n|faint|p1b: Garchomp\n|move|p2a: Pelipper|Weather Ball|p1a: Dragapult\n|-resisted|p1a: Dragapult|1\n|-damage|p1a: Dragapult|28/100\n|move|p1a: Dragapult|Shadow Ball|p2b: Dragonite\n|-damage|p2b: Dragonite|0 fnt\n|faint|p2b: Dragonite\n|\n|-weather|RainDance|[upkeep]\n|-sideend|p2: jp212|move: Tailwind\n|upkeep\n|\n|t:|1775923581\n|switch|p1b: Charizard|Charizard-Mega-Y, L50, F, shiny|100/100\n|switch|p2b: Basculegion|Basculegion, L50, M|100/100\n|-weather|SunnyDay|[from] ability: Drought|[of] p1b: Charizard\n|turn|6\n|\n|t:|1775923596\n|move|p2a: Pelipper|Protect|p2a: Pelipper\n|-singleturn|p2a: Pelipper|Protect\n|move|p2b: Basculegion|Aqua Jet|p1b: Charizard\n|-supereffective|p1b: Charizard|1\n|-damage|p1b: Charizard|73/100\n|move|p1a: Dragapult|Shadow Ball|p2b: Basculegion\n|-supereffective|p2b: Basculegion|1\n|-damage|p2b: Basculegion|26/100\n|move|p1b: Charizard|Heat Wave|p2b: Basculegion|[spread] p2b\n|-activate|p2a: Pelipper|move: Protect\n|-resisted|p2b: Basculegion|1\n|-damage|p2b: Basculegion|0 fnt\n|faint|p2b: Basculegion\n|\n|-weather|SunnyDay|[upkeep]\n|upkeep\n|turn|7\n|\n|t:|1775923610\n|move|p1a: Dragapult|Shadow Ball|p2a: Pelipper\n|-damage|p2a: Pelipper|0 fnt\n|faint|p2a: Pelipper\n|\n|win|silkandiron\n|raw|silkandiron's rating: 1104 &rarr; <strong>1126</strong><br />(+22 for winning)\n|raw|jp212's rating: 1067 &rarr; <strong>1049</strong><br />(-18 for losing)\n",
  "uploadtime": 1775923619,
  "views": 22,
  "formatid": "gen9championsvgc2026regma",
  "rating": 1049,
  "private": 0,
  "password": null
}