{
  "id": "gen9championsvgc2026regma-2582915211",
  "format": "[Gen 9 Champions] VGC 2026 Reg M-A",
  "players": [
    "GMagikarp",
    "Mentalsyndrome"
  ],
  "log": "|j|\u2606GMagikarp\n|j|\u2606Mentalsyndrome\n|t:|1776124623\n|gametype|doubles\n|player|p1|GMagikarp|sage|1262\n|player|p2|Mentalsyndrome|101|1270\n|gen|9\n|tier|[Gen 9 Champions] VGC 2026 Reg M-A\n|rated|\n|rule|Species Clause: Limit one of each Pok\u00e9mon\n|rule|Item Clause: Limit 1 of each item\n|clearpoke\n|poke|p1|Lopunny, L50, F|\n|poke|p1|Garchomp, L50, F|\n|poke|p1|Rotom-Wash, L50|\n|poke|p1|Starmie, L50|\n|poke|p1|Aerodactyl, L50, F|\n|poke|p1|Typhlosion, L50, M|\n|poke|p2|Hawlucha, L50, M|\n|poke|p2|Milotic, L50, F|\n|poke|p2|Excadrill, L50, M|\n|poke|p2|Farigiraf, L50, M|\n|poke|p2|Tyranitar, L50, M|\n|poke|p2|Whimsicott, L50, M|\n|teampreview|4\n|inactive|Battle timer is ON: inactive players will automatically lose when time's up. (requested by Mentalsyndrome)\n|inactive|GMagikarp has 60 seconds left.\n|inactive|Mentalsyndrome has 60 seconds left.\n|\n|t:|1776124657\n|teamsize|p1|4\n|teamsize|p2|4\n|start\n|switch|p1a: Lopunny|Lopunny, L50, F|100/100\n|switch|p1b: Rotom|Rotom-Wash, L50|100/100\n|switch|p2a: Milotic|Milotic, L50, F|100/100\n|switch|p2b: Whimsicott|Whimsicott, L50, M|100/100\n|turn|1\n|\n|t:|1776124674\n|detailschange|p1a: Lopunny|Lopunny-Mega, L50, F\n|-mega|p1a: Lopunny|Lopunny|Lopunnite\n|move|p2b: Whimsicott|Protect|p2b: Whimsicott\n|-singleturn|p2b: Whimsicott|Protect\n|move|p1a: Lopunny|Fake Out|p2b: Whimsicott\n|-activate|p2b: Whimsicott|move: Protect\n|move|p1b: Rotom|Thunder|p2a: Milotic\n|-supereffective|p2a: Milotic|1\n|-damage|p2a: Milotic|26/100\n|-status|p2a: Milotic|par\n|move|p2a: Milotic|Coil|p2a: Milotic\n|-boost|p2a: Milotic|atk|1\n|-boost|p2a: Milotic|def|1\n|-boost|p2a: Milotic|accuracy|1\n|\n|-heal|p2a: Milotic|32/100 par|[from] item: Leftovers\n|upkeep\n|turn|2\n|inactive|GMagikarp has 30 seconds left.\n|\n|t:|1776124703\n|switch|p1a: Garchomp|Garchomp, L50, F|100/100\n|move|p2a: Milotic|Protect|p2a: Milotic\n|-singleturn|p2a: Milotic|Protect\n|move|p2b: Whimsicott|Moonblast|p1a: Garchomp\n|-supereffective|p1a: Garchomp|1\n|-enditem|p1a: Garchomp|Roseli Berry|[eat]\n|-enditem|p1a: Garchomp|Roseli Berry|[weaken]\n|-damage|p1a: Garchomp|63/100\n|move|p1b: Rotom|Discharge|p2b: Whimsicott|[spread] p2b\n|-activate|p2a: Milotic|move: Protect\n|-immune|p1a: Garchomp\n|-resisted|p2b: Whimsicott|1\n|-damage|p2b: Whimsicott|74/100\n|\n|-heal|p2a: Milotic|38/100 par|[from] item: Leftovers\n|upkeep\n|turn|3\n|inactive|Mentalsyndrome has 30 seconds left.\n|\n|t:|1776124731\n|move|p1a: Garchomp|Protect|p1a: Garchomp\n|-singleturn|p1a: Garchomp|Protect\n|move|p2b: Whimsicott|Moonblast|p1a: Garchomp\n|-activate|p1a: Garchomp|move: Protect\n|move|p1b: Rotom|Discharge|p2a: Milotic|[spread] p2a,p2b\n|-activate|p1a: Garchomp|move: Protect\n|-supereffective|p2a: Milotic|1\n|-resisted|p2b: Whimsicott|1\n|-damage|p2a: Milotic|1/100 par\n|-damage|p2b: Whimsicott|50/100\n|move|p2a: Milotic|Hypnosis|p1b: Rotom|[miss]\n|-miss|p2a: Milotic|p1b: Rotom\n|\n|-heal|p2a: Milotic|7/100 par|[from] item: Leftovers\n|upkeep\n|turn|4\n|inactive|GMagikarp has 30 seconds left.\n|inactive|GMagikarp has 20 seconds left.\n|inactive|GMagikarp has 15 seconds left.\n|inactive|GMagikarp has 10 seconds left.\n|\n|t:|1776124780\n|switch|p1a: Aerodactyl|Aerodactyl, L50, F|100/100\n|move|p2b: Whimsicott|Moonblast|p1a: Aerodactyl\n|-damage|p1a: Aerodactyl|45/100\n|move|p1b: Rotom|Hydro Pump|p2a: Milotic\n|-resisted|p2a: Milotic|1\n|-damage|p2a: Milotic|0 fnt\n|faint|p2a: Milotic\n|\n|upkeep\n|\n|t:|1776124802\n|switch|p2a: Excadrill|Excadrill, L50, M|100/100\n|turn|5\n|\n|t:|1776124815\n|switch|p2b: Tyranitar|Tyranitar, L50, M|100/100\n|-weather|Sandstorm|[from] ability: Sand Stream|[of] p2b: Tyranitar\n|move|p2a: Excadrill|Rock Slide|p1a: Aerodactyl|[spread] p1a,p1b\n|-supereffective|p1a: Aerodactyl|1\n|-damage|p1a: Aerodactyl|0 fnt\n|-damage|p1b: Rotom|78/100\n|faint|p1a: Aerodactyl\n|move|p1b: Rotom|Hydro Pump|p2a: Excadrill\n|-supereffective|p2a: Excadrill|1\n|-damage|p2a: Excadrill|0 fnt\n|faint|p2a: Excadrill\n|\n|-weather|Sandstorm|[upkeep]\n|-damage|p1b: Rotom|72/100|[from] Sandstorm\n|-heal|p1b: Rotom|78/100|[from] item: Leftovers\n|upkeep\n|inactive|Mentalsyndrome has 30 seconds left.\n|\n|t:|1776124841\n|switch|p1a: Garchomp|Garchomp, L50, F|63/100\n|switch|p2a: Whimsicott|Whimsicott, L50, M|50/100\n|turn|6\n|\n|t:|1776124850\n|detailschange|p2b: Tyranitar|Tyranitar-Mega, L50, M\n|-mega|p2b: Tyranitar|Tyranitar|Tyranitarite\n|move|p2a: Whimsicott|Moonblast|p1b: Rotom\n|-damage|p1b: Rotom|37/100\n|move|p1a: Garchomp|Iron Head|p2a: Whimsicott\n|-supereffective|p2a: Whimsicott|1\n|-crit|p2a: Whimsicott\n|-damage|p2a: Whimsicott|0 fnt\n|faint|p2a: Whimsicott\n|move|p2b: Tyranitar|Dragon Dance|p2b: Tyranitar\n|-boost|p2b: Tyranitar|atk|1\n|-boost|p2b: Tyranitar|spe|1\n|move|p1b: Rotom|Hydro Pump|p2b: Tyranitar\n|-supereffective|p2b: Tyranitar|1\n|-damage|p2b: Tyranitar|43/100\n|\n|-weather|Sandstorm|[upkeep]\n|-damage|p1b: Rotom|32/100|[from] Sandstorm\n|-heal|p1b: Rotom|37/100|[from] item: Leftovers\n|upkeep\n|turn|7\n|\n|t:|1776124865\n|move|p1a: Garchomp|Iron Head|p2b: Tyranitar\n|-supereffective|p2b: Tyranitar|1\n|-damage|p2b: Tyranitar|11/100\n|cant|p2b: Tyranitar|flinch\n|move|p1b: Rotom|Hydro Pump|p2b: Tyranitar\n|-supereffective|p2b: Tyranitar|1\n|-damage|p2b: Tyranitar|0 fnt\n|faint|p2b: Tyranitar\n|\n|win|GMagikarp\n|raw|GMagikarp's rating: 1262 &rarr; <strong>1288</strong><br />(+26 for winning)\n|raw|Mentalsyndrome's rating: 1270 &rarr; <strong>1244</strong><br />(-26 for losing)\n|l|\u2606Mentalsyndrome\n|player|p2|\n|j|\u2606Mentalsyndrome\n|player|p2|Mentalsyndrome|101|\n",
  "uploadtime": 1776124882,
  "views": 27,
  "formatid": "gen9championsvgc2026regma",
  "rating": 1244,
  "private": 0,
  "password": null
}