{
  "id": "gen9championsvgc2026regma-2587391644",
  "format": "[Gen 9 Champions] VGC 2026 Reg M-A",
  "players": [
    "brojonski",
    "bobby0616"
  ],
  "log": "|j|\u2606brojonski\n|j|\u2606bobby0616\n|t:|1776527951\n|gametype|doubles\n|player|p1|brojonski|brock|1421\n|player|p2|bobby0616|102|1430\n|gen|9\n|tier|[Gen 9 Champions] VGC 2026 Reg M-A\n|rated|\n|rule|Species Clause: Limit one of each Pok\u00e9mon\n|rule|Item Clause: Limit 1 of each item\n|clearpoke\n|poke|p1|Tyranitar, L50, F|\n|poke|p1|Zoroark-Hisui, L50, F|\n|poke|p1|Primarina, L50, F|\n|poke|p1|Garchomp, L50, F|\n|poke|p1|Hawlucha, L50, M|\n|poke|p1|Excadrill, L50, M|\n|poke|p2|Garchomp, L50, M|\n|poke|p2|Charizard, L50, F|\n|poke|p2|Rotom-Wash, L50|\n|poke|p2|Venusaur, L50, M|\n|poke|p2|Incineroar, L50, F|\n|poke|p2|Aegislash, L50, F|\n|teampreview|4\n|inactive|Battle timer is ON: inactive players will automatically lose when time's up. (requested by brojonski)\n|inactive|brojonski has 60 seconds left.\n|inactive|bobby0616 has 60 seconds left.\n|inactive|brojonski has 30 seconds left.\n|inactive|brojonski has 20 seconds left.\n|inactive|brojonski has 15 seconds left.\n|\n|t:|1776528029\n|teamsize|p1|4\n|teamsize|p2|4\n|start\n|switch|p1a: Hawlucha|Hawlucha, L50, M|100/100\n|switch|p1b: Tyranitar|Tyranitar, L50, F|100/100\n|switch|p2a: Incineroar|Incineroar, L50, F|100/100\n|switch|p2b: Venusaur|Venusaur, L50, M|100/100\n|-weather|Sandstorm|[from] ability: Sand Stream|[of] p1b: Tyranitar\n|-ability|p2a: Incineroar|Intimidate|boost\n|-unboost|p1a: Hawlucha|atk|1\n|-unboost|p1b: Tyranitar|atk|1\n|turn|1\n|inactive|brojonski has 30 seconds left.\n|inactive|bobby0616 has 30 seconds left.\n|inactive|brojonski has 20 seconds left.\n|inactive|bobby0616 has 20 seconds left.\n|inactive|bobby0616 has 15 seconds left.\n|\n|t:|1776528071\n|detailschange|p2b: Venusaur|Venusaur-Mega, L50, M\n|-mega|p2b: Venusaur|Venusaur|Venusaurite\n|move|p2a: Incineroar|Fake Out|p1a: Hawlucha\n|-immune|p1a: Hawlucha\n|move|p1a: Hawlucha|Hyper Voice|p2a: Incineroar|[spread] p2a,p2b\n|-damage|p2a: Incineroar|69/100\n|-damage|p2b: Venusaur|73/100\n|move|p2b: Venusaur|Giga Drain|p1b: Tyranitar\n|-supereffective|p1b: Tyranitar|1\n|-damage|p1b: Tyranitar|65/100\n|-heal|p2b: Venusaur|93/100|[from] drain|[of] p1b: Tyranitar\n|move|p1b: Tyranitar|Rock Slide|p2a: Incineroar|[spread] p2b\n|-miss|p1b: Tyranitar|p2a: Incineroar\n|-damage|p2b: Venusaur|76/100\n|\n|-weather|Sandstorm|[upkeep]\n|-damage|p1a: Hawlucha|94/100|[from] Sandstorm\n|-damage|p2b: Venusaur|71/100|[from] Sandstorm\n|-damage|p2a: Incineroar|63/100|[from] Sandstorm\n|upkeep\n|turn|2\n|inactive|bobby0616 has 30 seconds left.\n|inactive|brojonski has 30 seconds left.\n|\n|t:|1776528109\n|switch|p1b: Hawlucha|Hawlucha, L50, M|100/100\n|move|p1a: Hawlucha|Hyper Voice|p2b: Venusaur|[spread] p2a,p2b\n|-damage|p2a: Incineroar|33/100\n|-damage|p2b: Venusaur|42/100\n|-enditem|p2a: Incineroar|Sitrus Berry|[eat]\n|-heal|p2a: Incineroar|57/100|[from] item: Sitrus Berry\n|move|p2b: Venusaur|Giga Drain|p1b: Hawlucha\n|-resisted|p1b: Hawlucha|1\n|-crit|p1b: Hawlucha\n|-damage|p1b: Hawlucha|62/100\n|-heal|p2b: Venusaur|58/100|[from] drain|[of] p1b: Hawlucha\n|move|p2a: Incineroar|Parting Shot|p1a: Hawlucha\n|-unboost|p1a: Hawlucha|atk|1\n|-unboost|p1a: Hawlucha|spa|1\n|j| GentleH\n|\n|t:|1776528129\n|switch|p2a: Rotom|Rotom-Wash, L50|100/100|[from] Parting Shot\n|\n|-weather|Sandstorm|[upkeep]\n|-damage|p1a: Hawlucha|88/100|[from] Sandstorm\n|-damage|p1b: Hawlucha|56/100|[from] Sandstorm\n|-damage|p2a: Rotom|95/100|[from] Sandstorm\n|-damage|p2b: Venusaur|52/100|[from] Sandstorm\n|-heal|p2a: Rotom|100/100|[from] item: Leftovers\n|upkeep\n|turn|3\n|inactive|bobby0616 has 30 seconds left.\n|\n|t:|1776528156\n|switch|p1b: Garchomp|Garchomp, L50, F|100/100\n|switch|p2b: Aegislash|Aegislash, L50, F|100/100\n|move|p1a: Hawlucha|Hyper Voice|p2a: Rotom|[spread] p2a\n|-immune|p2b: Aegislash\n|-damage|p2a: Rotom|74/100\n|move|p2a: Rotom|Thunderbolt|p1a: Hawlucha\n|-damage|p1a: Hawlucha|7/100\n|replace|p1a: Zoroark|Zoroark-Hisui, L50, F\n|-end|p1a: Zoroark|Illusion\n|\n|-weather|Sandstorm|[upkeep]\n|-damage|p1a: Zoroark|1/100|[from] Sandstorm\n|-damage|p2a: Rotom|68/100|[from] Sandstorm\n|-heal|p2a: Rotom|74/100|[from] item: Leftovers\n|upkeep\n|turn|4\n|\n|t:|1776528178\n|move|p2a: Rotom|Protect|p2a: Rotom\n|-singleturn|p2a: Rotom|Protect\n|move|p2b: Aegislash|King's Shield|p2b: Aegislash\n|-singleturn|p2b: Aegislash|Protect\n|move|p1a: Zoroark|Hyper Voice|p2a: Rotom|[spread] \n|-activate|p2a: Rotom|move: Protect\n|-activate|p2b: Aegislash|move: Protect\n|move|p1b: Garchomp|Dragon Claw|p2a: Rotom\n|-activate|p2a: Rotom|move: Protect\n|\n|-weather|Sandstorm|[upkeep]\n|-damage|p1a: Zoroark|0 fnt|[from] Sandstorm\n|-damage|p2a: Rotom|68/100|[from] Sandstorm\n|faint|p1a: Zoroark\n|-heal|p2a: Rotom|74/100|[from] item: Leftovers\n|upkeep\n|l| GentleH\n|\n|t:|1776528191\n|switch|p1a: Tyranitar|Tyranitar, L50, F|65/100\n|turn|5\n|\n|t:|1776528201\n|switch|p2b: Incineroar|Incineroar, L50, F|57/100\n|-ability|p2b: Incineroar|Intimidate|boost\n|-unboost|p1a: Tyranitar|atk|1\n|-unboost|p1b: Garchomp|atk|1\n|move|p1b: Garchomp|Dragon Claw|p2a: Rotom\n|-damage|p2a: Rotom|45/100\n|move|p2a: Rotom|Will-O-Wisp|p1b: Garchomp\n|-status|p1b: Garchomp|brn\n|move|p1a: Tyranitar|Low Kick|p2b: Incineroar\n|-supereffective|p2b: Incineroar|1\n|-damage|p2b: Incineroar|29/100\n|\n|-weather|none\n|-heal|p2a: Rotom|51/100|[from] item: Leftovers\n|-damage|p1b: Garchomp|95/100 brn|[from] brn\n|upkeep\n|turn|6\n|j| GentleH\n|-message|brojonski forfeited.\n|\n|win|bobby0616\n|raw|brojonski's rating: 1421 &rarr; <strong>1402</strong><br />(-19 for losing)\n|raw|bobby0616's rating: 1430 &rarr; <strong>1449</strong><br />(+19 for winning)\n",
  "uploadtime": 1776528216,
  "views": 40,
  "formatid": "gen9championsvgc2026regma",
  "rating": 1402,
  "private": 0,
  "password": null
}