{
  "id": "gen9championsvgc2026regma-2583227188",
  "format": "[Gen 9 Champions] VGC 2026 Reg M-A",
  "players": [
    "ColdSilver835",
    "Twigsoup"
  ],
  "log": "|j|\u2606ColdSilver835\n|j|\u2606Twigsoup\n|t:|1776156969\n|gametype|doubles\n|player|p1|ColdSilver835|erika|1086\n|player|p2|Twigsoup|gambler|1000\n|gen|9\n|tier|[Gen 9 Champions] VGC 2026 Reg M-A\n|rated|\n|rule|Species Clause: Limit one of each Pok\u00e9mon\n|rule|Item Clause: Limit 1 of each item\n|clearpoke\n|poke|p1|Zoroark-Hisui, L50, F|\n|poke|p1|Garchomp, L50, M|\n|poke|p1|Alakazam, L50, F|\n|poke|p1|Basculegion, L50, M|\n|poke|p1|Aerodactyl, L50, F|\n|poke|p1|Tyranitar, L50, M|\n|poke|p2|Golurk, L50|\n|poke|p2|Farigiraf, L50, M|\n|poke|p2|Decidueye, L50, F|\n|poke|p2|Orthworm, L50, M|\n|poke|p2|Torkoal, L50, M|\n|poke|p2|Incineroar, L50, F|\n|teampreview|4\n|\n|t:|1776157011\n|teamsize|p1|4\n|teamsize|p2|4\n|start\n|switch|p1a: Garchomp|Garchomp, L50, M|100/100\n|switch|p1b: Alakazam|Alakazam, L50, F|100/100\n|switch|p2a: Farigiraf|Farigiraf, L50, M|100/100\n|switch|p2b: Torkoal|Torkoal, L50, M|100/100\n|-weather|SunnyDay|[from] ability: Drought|[of] p2b: Torkoal\n|turn|1\n|\n|t:|1776157056\n|detailschange|p1a: Garchomp|Garchomp-Mega, L50, M\n|-mega|p1a: Garchomp|Garchomp|Garchompite\n|move|p2b: Torkoal|Protect|p2b: Torkoal\n|-singleturn|p2b: Torkoal|Protect\n|move|p1b: Alakazam|Taunt|p2a: Farigiraf\n|-start|p2a: Farigiraf|move: Taunt\n|move|p1a: Garchomp|Earthquake|p2b: Torkoal|[spread] p1b,p2a\n|-activate|p2b: Torkoal|move: Protect\n|-enditem|p1b: Alakazam|Focus Sash\n|-damage|p1b: Alakazam|1/100\n|-damage|p2a: Farigiraf|51/100\n|cant|p2a: Farigiraf|move: Taunt|Trick Room\n|\n|-weather|SunnyDay|[upkeep]\n|upkeep\n|turn|2\n|\n|t:|1776157078\n|move|p1b: Alakazam|Speed Swap|p1a: Garchomp\n|-activate|p1b: Alakazam|move: Speed Swap|[of] p1a: Garchomp\n|move|p1a: Garchomp|Earthquake|p2b: Torkoal|[spread] p1b,p2a,p2b\n|-supereffective|p2b: Torkoal|1\n|-damage|p1b: Alakazam|0 fnt\n|-damage|p2a: Farigiraf|8/100\n|-damage|p2b: Torkoal|32/100\n|faint|p1b: Alakazam\n|move|p2a: Farigiraf|Psychic|p1a: Garchomp\n|-damage|p1a: Garchomp|58/100\n|move|p2b: Torkoal|Eruption|p1a: Garchomp\n|-resisted|p1a: Garchomp|1\n|-damage|p1a: Garchomp|46/100\n|\n|-weather|SunnyDay|[upkeep]\n|upkeep\n|\n|t:|1776157095\n|switch|p1b: Basculegion|Basculegion, L50, M|100/100\n|turn|3\n|\n|t:|1776157118\n|switch|p2a: Incineroar|Incineroar, L50, F|100/100\n|-ability|p2a: Incineroar|Intimidate|boost\n|-unboost|p1a: Garchomp|atk|1\n|-unboost|p1b: Basculegion|atk|1\n|move|p2b: Torkoal|Protect|p2b: Torkoal\n|-singleturn|p2b: Torkoal|Protect\n|move|p1b: Basculegion|Aqua Jet|p2a: Incineroar\n|-supereffective|p2a: Incineroar|1\n|-damage|p2a: Incineroar|80/100\n|move|p1a: Garchomp|Dragon Claw|p2b: Torkoal\n|-activate|p2b: Torkoal|move: Protect\n|\n|-weather|SunnyDay|[upkeep]\n|upkeep\n|turn|4\n|\n|t:|1776157170\n|move|p1a: Garchomp|Earthquake|p2b: Torkoal|[spread] p1b,p2a,p2b\n|-supereffective|p2a: Incineroar|1\n|-supereffective|p2b: Torkoal|1\n|-damage|p1b: Basculegion|58/100\n|-damage|p2a: Incineroar|13/100\n|-damage|p2b: Torkoal|0 fnt\n|faint|p2b: Torkoal\n|move|p1b: Basculegion|Wave Crash|p2a: Incineroar\n|-supereffective|p2a: Incineroar|1\n|-damage|p2a: Incineroar|0 fnt\n|faint|p2a: Incineroar\n|-damage|p1b: Basculegion|54/100|[from] Recoil\n|\n|-weather|SunnyDay|[upkeep]\n|upkeep\n|\n|t:|1776157183\n|switch|p2a: Farigiraf|Farigiraf, L50, M|8/100\n|switch|p2b: Golurk|Golurk, L50, shiny|100/100\n|turn|5\n|\n|t:|1776157203\n|detailschange|p2b: Golurk|Golurk-Mega, L50, shiny\n|-mega|p2b: Golurk|Golurk|Golurkite\n|move|p1a: Garchomp|Dragon Claw|p2b: Golurk\n|-damage|p2b: Golurk|71/100\n|move|p1b: Basculegion|Wave Crash|p2a: Farigiraf\n|-damage|p2a: Farigiraf|0 fnt\n|faint|p2a: Farigiraf\n|-damage|p1b: Basculegion|52/100|[from] Recoil\n|move|p2b: Golurk|Earthquake|p1b: Basculegion|[spread] p1a,p1b\n|-damage|p1a: Garchomp|7/100\n|-damage|p1b: Basculegion|0 fnt\n|faint|p1b: Basculegion\n|\n|-weather|none\n|upkeep\n|\n|t:|1776157216\n|switch|p1b: Zoroark|Zoroark-Hisui, L50, F, shiny|100/100\n|turn|6\n|\n|t:|1776157226\n|move|p1a: Garchomp|Dragon Claw|p2b: Golurk\n|-damage|p2b: Golurk|46/100\n|move|p1b: Zoroark|Bitter Malice|p2b: Golurk\n|-supereffective|p2b: Golurk|1\n|-damage|p2b: Golurk|0 fnt\n|faint|p2b: Golurk\n|\n|win|ColdSilver835\n|raw|ColdSilver835's rating: 1086 &rarr; <strong>1107</strong><br />(+21 for winning)\n|raw|Twigsoup's rating: 1000 &rarr; <strong>1000</strong><br />(+0 for losing)\n|l|\u2606Twigsoup\n|player|p2|\n",
  "uploadtime": 1776157265,
  "views": 20,
  "formatid": "gen9championsvgc2026regma",
  "rating": 1000,
  "private": 0,
  "password": null
}