{
  "id": "gen9championsvgc2026regma-2582599045",
  "format": "[Gen 9 Champions] VGC 2026 Reg M-A",
  "players": [
    "Zaranius",
    "Caldijr"
  ],
  "log": "|j|\u2606Zaranius\n|j|\u2606Caldijr\n|t:|1776101798\n|gametype|doubles\n|player|p1|Zaranius|veteran|1000\n|player|p2|Caldijr|2|1040\n|gen|9\n|tier|[Gen 9 Champions] VGC 2026 Reg M-A\n|rated|\n|rule|Species Clause: Limit one of each Pok\u00e9mon\n|rule|Item Clause: Limit 1 of each item\n|clearpoke\n|poke|p1|Farigiraf, L50, F|\n|poke|p1|Kingambit, L50, M|\n|poke|p1|Golurk, L50|\n|poke|p1|Sinistcha, L50|\n|poke|p1|Ninetales-Alola, L50, F|\n|poke|p1|Incineroar, L50, M|\n|poke|p2|Milotic, L50, F|\n|poke|p2|Sableye, L50, M|\n|poke|p2|Garchomp, L50, M|\n|poke|p2|Espathra, L50, F|\n|poke|p2|Gardevoir, L50, M|\n|poke|p2|Charizard, L50, M|\n|teampreview|4\nZaranius has agreed to open team sheets.\n|\n|t:|1776101873\n|teamsize|p1|4\n|teamsize|p2|4\n|start\n|switch|p1a: Kingambit|Kingambit, L50, M, shiny|100/100\n|switch|p1b: Farigiraf|Farigiraf, L50, F|100/100\n|switch|p2a: Sableye|Sableye, L50, M, shiny|100/100\n|switch|p2b: Charizard|Charizard, L50, M, shiny|100/100\n|turn|1\n|\n|t:|1776101915\n|detailschange|p2b: Charizard|Charizard-Mega-Y, L50, M, shiny\n|-mega|p2b: Charizard|Charizard|Charizardite Y\n|-weather|SunnyDay|[from] ability: Drought|[of] p2b: Charizard\n|move|p1a: Kingambit|Protect|p1a: Kingambit\n|-singleturn|p1a: Kingambit|Protect\n|move|p2a: Sableye|Gravity|p2a: Sableye\n|-fieldstart|move: Gravity\n|move|p2b: Charizard|Heat Wave|p1a: Kingambit|[spread] p1b\n|-activate|p1a: Kingambit|move: Protect\n|-crit|p1b: Farigiraf\n|-damage|p1b: Farigiraf|11/100\n|move|p1b: Farigiraf|Trick Room|p1b: Farigiraf\n|-fieldstart|move: Trick Room|[of] p1b: Farigiraf\n|\n|-weather|SunnyDay|[upkeep]\n|-heal|p1b: Farigiraf|17/100|[from] item: Leftovers\n|upkeep\n|turn|2\n|\n|t:|1776101959\n|switch|p2a: Gardevoir|Gardevoir, L50, M, shiny|100/100\n|switch|p1b: Ninetales|Ninetales-Alola, L50, F|100/100\n|-weather|Snowscape|[from] ability: Snow Warning|[of] p1b: Ninetales\n|move|p1a: Kingambit|Sucker Punch|p2b: Charizard\n|-damage|p2b: Charizard|42/100\n|move|p2b: Charizard|Heat Wave|p1a: Kingambit|[spread] p1a,p1b\n|-supereffective|p1a: Kingambit|1\n|-supereffective|p1b: Ninetales|1\n|-damage|p1a: Kingambit|18/100\n|-damage|p1b: Ninetales|6/100\n|\n|-weather|Snowscape|[upkeep]\n|upkeep\n|turn|3\n|\n|t:|1776101985\n|switch|p2b: Garchomp|Garchomp, L50, M|100/100\n|move|p1a: Kingambit|Protect|p1a: Kingambit\n|-singleturn|p1a: Kingambit|Protect\n|move|p1b: Ninetales|Aurora Veil|p1b: Ninetales\n|-sidestart|p1: Zaranius|move: Aurora Veil\n|move|p2a: Gardevoir|Dazzling Gleam|p1a: Kingambit|[spread] p1b\n|-activate|p1a: Kingambit|move: Protect\n|-damage|p1b: Ninetales|0 fnt\n|faint|p1b: Ninetales\n|\n|-weather|Snowscape|[upkeep]\n|upkeep\n|\n|t:|1776101995\n|switch|p1b: Sinistcha|Sinistcha, L50|100/100\n|-heal|p1a: Kingambit|43/100|[from] ability: Hospitality|[of] p1b: Sinistcha\n|turn|4\n|\n|t:|1776102014\n|switch|p2a: Charizard|Charizard-Mega-Y, L50, M, shiny|42/100\n|-weather|SunnyDay|[from] ability: Drought|[of] p2a: Charizard\n|move|p1a: Kingambit|Iron Head|p2a: Charizard\n|-resisted|p2a: Charizard|1\n|-damage|p2a: Charizard|11/100\n|move|p1b: Sinistcha|Matcha Gotcha|p2b: Garchomp|[spread] p2a,p2b\n|-resisted|p2a: Charizard|2\n|-damage|p2a: Charizard|5/100\n|-damage|p2b: Garchomp|77/100\n|move|p2b: Garchomp|Earthquake|p1b: Sinistcha|[spread] p2a,p1a,p1b\n|-supereffective|p2a: Charizard|1\n|-supereffective|p1a: Kingambit|1\n|-resisted|p1b: Sinistcha|1\n|-damage|p2a: Charizard|0 fnt\n|-damage|p1a: Kingambit|6/100\n|-damage|p1b: Sinistcha|89/100\n|faint|p2a: Charizard\n|\n|-weather|SunnyDay|[upkeep]\n|upkeep\n|\n|t:|1776102035\n|switch|p2a: Sableye|Sableye, L50, M, shiny|100/100\n|turn|5\n|\n|t:|1776102046\n|switch|p1b: Farigiraf|Farigiraf, L50, F|17/100\n|move|p1a: Kingambit|Protect|p1a: Kingambit\n|-singleturn|p1a: Kingambit|Protect\n|move|p2a: Sableye|Fake Out||[still]\n|cant|p1b: Farigiraf|ability: Armor Tail|Fake Out|[of] p2a: Sableye\n|move|p2b: Garchomp|Dragon Claw|p1b: Farigiraf\n|-damage|p1b: Farigiraf|0 fnt\n|faint|p1b: Farigiraf\n|\n|-weather|SunnyDay|[upkeep]\n|-fieldend|move: Trick Room\n|-fieldend|move: Gravity\n|upkeep\n|\n|t:|1776102054\n|switch|p1b: Sinistcha|Sinistcha, L50|89/100\n|-heal|p1a: Kingambit|31/100|[from] ability: Hospitality|[of] p1b: Sinistcha\n|turn|6\n|\n|t:|1776102074\n|move|p1a: Kingambit|Sucker Punch|p2b: Garchomp\n|-damage|p2b: Garchomp|30/100\n|-damage|p1a: Kingambit|19/100|[from] ability: Rough Skin|[of] p2b: Garchomp\n|move|p2b: Garchomp|Dragon Claw|p1b: Sinistcha\n|-crit|p1b: Sinistcha\n|-damage|p1b: Sinistcha|34/100\n|move|p1b: Sinistcha|Strength Sap|p2b: Garchomp\n|-unboost|p2b: Garchomp|atk|1\n|-heal|p1b: Sinistcha|100/100\n|-enditem|p2b: Garchomp|White Herb\n|-clearnegativeboost|p2b: Garchomp|[silent]\n|move|p2a: Sableye|Foul Play|p1b: Sinistcha\n|-supereffective|p1b: Sinistcha|1\n|-damage|p1b: Sinistcha|77/100\n|\n|-weather|SunnyDay|[upkeep]\n|upkeep\n|turn|7\n|\n|t:|1776102096\n|move|p2b: Garchomp|Protect|p2b: Garchomp\n|-singleturn|p2b: Garchomp|Protect\n|move|p1a: Kingambit|Sucker Punch||[still]\n|-fail|p1a: Kingambit\n|move|p1b: Sinistcha|Strength Sap|p2b: Garchomp\n|-activate|p2b: Garchomp|move: Protect\n|move|p2a: Sableye|Foul Play|p1b: Sinistcha\n|-supereffective|p1b: Sinistcha|1\n|-damage|p1b: Sinistcha|53/100\n|\n|-weather|SunnyDay|[upkeep]\n|-sideend|p1: Zaranius|move: Aurora Veil\n|upkeep\n|turn|8\n|\n|t:|1776102122\n|switch|p2b: Gardevoir|Gardevoir, L50, M, shiny|100/100\n|move|p1a: Kingambit|Sucker Punch||[still]\n|-fail|p1a: Kingambit\n|move|p1b: Sinistcha|Strength Sap|p2a: Sableye\n|-unboost|p2a: Sableye|atk|1\n|-heal|p1b: Sinistcha|100/100\n|move|p2a: Sableye|Foul Play|p1b: Sinistcha\n|-supereffective|p1b: Sinistcha|1\n|-damage|p1b: Sinistcha|66/100\n|\n|-weather|none\n|upkeep\n|turn|9\n|\n|t:|1776102144\n|move|p1a: Kingambit|Sucker Punch|p2b: Gardevoir\n|-damage|p2b: Gardevoir|17/100\n|move|p2b: Gardevoir|Expanding Force|p1b: Sinistcha\n|-damage|p1b: Sinistcha|25/100\n|move|p1b: Sinistcha|Matcha Gotcha|p2a: Sableye|[spread] p2a,p2b\n|-damage|p2a: Sableye|73/100\n|-heal|p1b: Sinistcha|39/100|[from] drain|[of] p2a: Sableye\n|-damage|p2b: Gardevoir|0 fnt\n|-heal|p1b: Sinistcha|47/100|[from] drain|[of] p2b: Gardevoir\n|faint|p2b: Gardevoir\n|move|p2a: Sableye|Foul Play|p1b: Sinistcha\n|-supereffective|p1b: Sinistcha|1\n|-damage|p1b: Sinistcha|13/100\n|\n|-heal|p2a: Sableye|79/100|[from] item: Leftovers\n|upkeep\n|\n|t:|1776102162\n|switch|p2b: Garchomp|Garchomp, L50, M|30/100\n|turn|10\n|\n|t:|1776102172\n|move|p2b: Garchomp|Protect|p2b: Garchomp\n|-singleturn|p2b: Garchomp|Protect\n|move|p1a: Kingambit|Sucker Punch||[still]\n|-fail|p1a: Kingambit\n|move|p1b: Sinistcha|Strength Sap|p2a: Sableye\n|-unboost|p2a: Sableye|atk|1\n|-heal|p1b: Sinistcha|53/100\n|move|p2a: Sableye|Foul Play|p1b: Sinistcha\n|-supereffective|p1b: Sinistcha|1\n|-damage|p1b: Sinistcha|15/100\n|\n|-heal|p2a: Sableye|85/100|[from] item: Leftovers\n|upkeep\n|turn|11\n|\n|t:|1776102192\n|move|p1b: Sinistcha|Protect|p1b: Sinistcha\n|-singleturn|p1b: Sinistcha|Protect\n|move|p2a: Sableye|Feint|p1a: Kingambit\n|-resisted|p1a: Kingambit|1\n|-damage|p1a: Kingambit|18/100\n|move|p1a: Kingambit|Sucker Punch|p2b: Garchomp\n|-damage|p2b: Garchomp|0 fnt\n|-damage|p1a: Kingambit|6/100|[from] ability: Rough Skin|[of] p2b: Garchomp\n|faint|p2b: Garchomp\n|\n|-heal|p2a: Sableye|90/100|[from] item: Leftovers\n|upkeep\n|turn|12\n|\n|t:|1776102216\n|move|p1b: Sinistcha|Matcha Gotcha|p2a: Sableye\n|-damage|p2a: Sableye|51/100\n|-heal|p1b: Sinistcha|34/100|[from] drain|[of] p2a: Sableye\n|-status|p2a: Sableye|brn\n|move|p2a: Sableye|Foul Play|p1b: Sinistcha\n|-supereffective|p1b: Sinistcha|1\n|-damage|p1b: Sinistcha|15/100\n|move|p1a: Kingambit|Kowtow Cleave|p2a: Sableye\n|-crit|p2a: Sableye\n|-damage|p2a: Sableye|0 fnt\n|faint|p2a: Sableye\n|\n|win|Zaranius\n|raw|Zaranius's rating: 1000 &rarr; <strong>1045</strong><br />(+45 for winning)\n|raw|Caldijr's rating: 1040 &rarr; <strong>1022</strong><br />(-18 for losing)\n|l|\u2606Zaranius\n|player|p1|\n|l|\u2606Caldijr\n|player|p2|\n|j|\u2606Zaranius\n|player|p1|Zaranius|veteran|\n",
  "uploadtime": 1776102307,
  "views": 15,
  "formatid": "gen9championsvgc2026regma",
  "rating": 1022,
  "private": 0,
  "password": null
}