{
  "id": "gen9championsvgc2026regma-2581236733",
  "format": "[Gen 9 Champions] VGC 2026 Reg M-A",
  "players": [
    "PhantomzTK",
    "DragonairJordan23"
  ],
  "log": "|j|\u2606PhantomzTK\n|j|\u2606DragonairJordan23\n|t:|1775974484\n|gametype|doubles\n|player|p1|PhantomzTK|caitlin|1028\n|player|p2|DragonairJordan23|dancer|1044\n|gen|9\n|tier|[Gen 9 Champions] VGC 2026 Reg M-A\n|rated|\n|rule|Species Clause: Limit one of each Pok\u00e9mon\n|rule|Item Clause: Limit 1 of each item\n|clearpoke\n|poke|p1|Froslass, L50, F|\n|poke|p1|Tsareena, L50, F|\n|poke|p1|Primarina, L50, F|\n|poke|p1|Talonflame, L50, M|\n|poke|p1|Garchomp, L50, F|\n|poke|p1|Chimecho, L50, M|\n|poke|p2|Aegislash, L50, F|\n|poke|p2|Pelipper, L50, M|\n|poke|p2|Kangaskhan, L50, F|\n|poke|p2|Archaludon, L50, F|\n|poke|p2|Meowscarada, L50, M|\n|teampreview|4\n|\n|t:|1775974522\n|teamsize|p1|4\n|teamsize|p2|4\n|start\n|switch|p1a: Tsareena|Tsareena, L50, F|100/100\n|switch|p1b: Garchomp|Garchomp, L50, F|100/100\n|switch|p2a: Pelipper|Pelipper, L50, M|100/100\n|switch|p2b: Archaludon|Archaludon, L50, F|100/100\n|-weather|RainDance|[from] ability: Drizzle|[of] p2a: Pelipper\n|turn|1\n|\n|t:|1775974537\n|move|p2b: Archaludon|Protect|p2b: Archaludon\n|-singleturn|p2b: Archaludon|Protect\n|move|p1b: Garchomp|Rock Slide|p2b: Archaludon|[spread] p2a\n|-activate|p2b: Archaludon|move: Protect\n|-supereffective|p2a: Pelipper|1\n|-damage|p2a: Pelipper|43/100\n|move|p2a: Pelipper|Icy Wind|p1b: Garchomp|[spread] p1a,p1b\n|-supereffective|p1a: Tsareena|1\n|-supereffective|p1b: Garchomp|2\n|-crit|p1b: Garchomp\n|-damage|p1a: Tsareena|78/100\n|-damage|p1b: Garchomp|17/100\n|-unboost|p1a: Tsareena|spe|1\n|-unboost|p1b: Garchomp|spe|1\n|move|p1a: Tsareena|Low Kick|p2b: Archaludon\n|-activate|p2b: Archaludon|move: Protect\n|\n|-weather|RainDance|[upkeep]\n|upkeep\n|turn|2\n|\n|t:|1775974563\n|move|p2a: Pelipper|Icy Wind|p1b: Garchomp|[spread] p1a,p1b\n|-supereffective|p1a: Tsareena|1\n|-crit|p1a: Tsareena\n|-supereffective|p1b: Garchomp|2\n|-damage|p1a: Tsareena|42/100\n|-damage|p1b: Garchomp|0 fnt\n|-unboost|p1a: Tsareena|spe|1\n|faint|p1b: Garchomp\n|move|p2b: Archaludon|Draco Meteor|p1a: Tsareena\n|-damage|p1a: Tsareena|0 fnt\n|-unboost|p2b: Archaludon|spa|2\n|faint|p1a: Tsareena\n|\n|-weather|RainDance|[upkeep]\n|upkeep\n|\n|t:|1775974568\n|switch|p1b: Chimecho|Chimecho, L50, M|100/100\n|switch|p1a: Talonflame|Talonflame, L50, M|100/100\n|turn|3\n|\n|t:|1775974593\n|switch|p2a: Aegislash|Aegislash, L50, F|100/100\n|detailschange|p1b: Chimecho|Chimecho-Mega, L50, M\n|-mega|p1b: Chimecho|Chimecho|Chimechite\n|move|p1b: Chimecho|Protect|p1b: Chimecho\n|-singleturn|p1b: Chimecho|Protect\n|move|p1a: Talonflame|Tailwind|p1a: Talonflame\n|-sidestart|p1: PhantomzTK|move: Tailwind\n|move|p2b: Archaludon|Electro Shot||[still]\n|-prepare|p2b: Archaludon|Electro Shot\n|-boost|p2b: Archaludon|spa|1\n|-anim|p2b: Archaludon|Electro Shot|p1a: Talonflame\n|-supereffective|p1a: Talonflame|1\n|-enditem|p1a: Talonflame|Focus Sash\n|-damage|p1a: Talonflame|1/100\n|\n|-weather|RainDance|[upkeep]\n|upkeep\n|turn|4\n|\n|t:|1775974614\n|move|p1a: Talonflame|Flare Blitz|p2a: Aegislash\n|-supereffective|p2a: Aegislash|1\n|-damage|p2a: Aegislash|63/100\n|-damage|p1a: Talonflame|0 fnt|[from] Recoil\n|faint|p1a: Talonflame\n|move|p1b: Chimecho|Psychic|p2a: Aegislash\n|-resisted|p2a: Aegislash|1\n|-damage|p2a: Aegislash|46/100\n|move|p2b: Archaludon|Electro Shot||[still]\n|-prepare|p2b: Archaludon|Electro Shot\n|-boost|p2b: Archaludon|spa|1\n|-anim|p2b: Archaludon|Electro Shot|p1b: Chimecho\n|-damage|p1b: Chimecho|55/100\n|move|p2a: Aegislash|Substitute|p2a: Aegislash\n|-start|p2a: Aegislash|Substitute\n|-damage|p2a: Aegislash|21/100\n|\n|-weather|RainDance|[upkeep]\n|-heal|p2a: Aegislash|27/100|[from] item: Leftovers\n|upkeep\n|turn|5\n|\n|t:|1775974631\n|move|p1b: Chimecho|Psychic|p2b: Archaludon\n|-resisted|p2b: Archaludon|1\n|-damage|p2b: Archaludon|66/100\n|move|p2b: Archaludon|Electro Shot||[still]\n|-prepare|p2b: Archaludon|Electro Shot\n|-boost|p2b: Archaludon|spa|1\n|-anim|p2b: Archaludon|Electro Shot|p1b: Chimecho\n|-damage|p1b: Chimecho|0 fnt\n|faint|p1b: Chimecho\n|\n|win|DragonairJordan23\n|raw|PhantomzTK's rating: 1028 &rarr; <strong>1014</strong><br />(-14 for losing)\n|raw|DragonairJordan23's rating: 1044 &rarr; <strong>1076</strong><br />(+32 for winning)\n",
  "uploadtime": 1775974632,
  "views": 13,
  "formatid": "gen9championsvgc2026regma",
  "rating": 1014,
  "private": 0,
  "password": null
}