{
  "id": "gen9championsvgc2026regma-2586361092",
  "format": "[Gen 9 Champions] VGC 2026 Reg M-A",
  "players": [
    "Samiaou",
    "VlXl"
  ],
  "log": "|j|\u2606Samiaou\n|j|\u2606VlXl\n|t:|1776428760\n|gametype|doubles\n|player|p1|Samiaou|265|1165\n|player|p2|VlXl|hilbert|1096\n|gen|9\n|tier|[Gen 9 Champions] VGC 2026 Reg M-A\n|rated|\n|rule|Species Clause: Limit one of each Pok\u00e9mon\n|rule|Item Clause: Limit 1 of each item\n|clearpoke\n|poke|p1|Meowstic-F, L50, F|\n|poke|p1|Talonflame, L50, F|\n|poke|p1|Sneasler, L50, M|\n|poke|p1|Primarina, L50, F|\n|poke|p1|Floette-Eternal, L50, F|\n|poke|p1|Basculegion, L50, M|\n|poke|p2|Meganium, L50, M|\n|poke|p2|Kangaskhan, L50, F|\n|poke|p2|Aerodactyl, L50, F|\n|poke|p2|Archaludon, L50, F|\n|poke|p2|Tauros-Paldea-Aqua, L50, M|\n|poke|p2|Typhlosion-Hisui, L50, M|\n|teampreview|4\n|\n|t:|1776428801\n|teamsize|p1|4\n|teamsize|p2|4\n|start\n|switch|p1a: Sneasler|Sneasler, L50, M|100/100\n|switch|p1b: Meowstic|Meowstic-F, L50, F|100/100\n|switch|p2a: Aerodactyl|Aerodactyl, L50, F|100/100\n|switch|p2b: Kangaskhan|Kangaskhan, L50, F|100/100\n|-ability|p2a: Aerodactyl|Unnerve\n|turn|1\n|\n|t:|1776428824\n|move|p1a: Sneasler|Fake Out|p2a: Aerodactyl\n|-resisted|p2a: Aerodactyl|1\n|-damage|p2a: Aerodactyl|88/100\n|move|p1b: Meowstic|Fake Out|p2b: Kangaskhan\n|-damage|p2b: Kangaskhan|95/100\n|move|p2b: Kangaskhan|Sucker Punch||[still]\n|-fail|p2b: Kangaskhan\n|cant|p2a: Aerodactyl|flinch\n|\n|upkeep\n|turn|2\n|\n|t:|1776428844\n|detailschange|p2b: Kangaskhan|Kangaskhan-Mega, L50, F\n|-mega|p2b: Kangaskhan|Kangaskhan|Kangaskhanite\n|move|p1b: Meowstic|Protect|p1b: Meowstic\n|-singleturn|p1b: Meowstic|Protect\n|move|p2b: Kangaskhan|Sucker Punch||[still]\n|-fail|p2b: Kangaskhan\n|move|p2a: Aerodactyl|Tailwind|p2a: Aerodactyl\n|-sidestart|p2: VlXl|move: Tailwind\n|move|p1a: Sneasler|Close Combat|p2a: Aerodactyl\n|-damage|p2a: Aerodactyl|0 fnt\n|-unboost|p1a: Sneasler|def|1\n|-unboost|p1a: Sneasler|spd|1\n|faint|p2a: Aerodactyl\n|-enditem|p1a: Sneasler|White Herb\n|-clearnegativeboost|p1a: Sneasler|[silent]\n|\n|upkeep\n|\n|t:|1776428858\n|switch|p2a: Tauros|Tauros-Paldea-Aqua, L50, M|100/100\n|-ability|p2a: Tauros|Intimidate|boost\n|-unboost|p1a: Sneasler|atk|1\n|-unboost|p1b: Meowstic|atk|1\n|-ability|p1b: Meowstic|Competitive|boost\n|-boost|p1b: Meowstic|spa|2\n|turn|3\n|\n|t:|1776428884\n|detailschange|p1b: Meowstic|Meowstic-F-Mega, L50, F\n|-mega|p1b: Meowstic|Meowstic|Meowsticite\n|-ability|p1b: Meowstic|Parental Bond|Trace|[from] ability: Trace|[of] p2b: Kangaskhan\n|move|p1b: Meowstic|Protect||[still]\n|-fail|p1b: Meowstic\n|move|p2b: Kangaskhan|Sucker Punch||[still]\n|-fail|p2b: Kangaskhan\n|move|p1a: Sneasler|Close Combat|p2b: Kangaskhan\n|-supereffective|p2b: Kangaskhan|1\n|-damage|p2b: Kangaskhan|18/100\n|-unboost|p1a: Sneasler|def|1\n|-unboost|p1a: Sneasler|spd|1\n|move|p2a: Tauros|Wave Crash|p1a: Sneasler\n|-damage|p1a: Sneasler|0 fnt\n|faint|p1a: Sneasler\n|-damage|p2a: Tauros|67/100|[from] Recoil\n|\n|upkeep\n|\n|t:|1776428903\n|switch|p1a: Primarina|Primarina, L50, F|100/100\n|turn|4\n|\n|t:|1776428920\n|move|p1b: Meowstic|Protect|p1b: Meowstic\n|-singleturn|p1b: Meowstic|Protect\n|move|p2a: Tauros|Wave Crash|p1b: Meowstic\n|-activate|p1b: Meowstic|move: Protect\n|move|p2b: Kangaskhan|Double-Edge|p1a: Primarina\n|-damage|p1a: Primarina|49/100\n|-damage|p1a: Primarina|36/100\n|-hitcount|p1a: Primarina|2\n|-damage|p2b: Kangaskhan|0 fnt|[from] Recoil\n|faint|p2b: Kangaskhan\n|move|p1a: Primarina|Dazzling Gleam|p2a: Tauros\n|-supereffective|p2a: Tauros|1\n|-damage|p2a: Tauros|0 fnt\n|faint|p2a: Tauros\n|\n|upkeep\n|\n|t:|1776428950\n|switch|p2b: Archaludon|Archaludon, L50, F|100/100\n|turn|5\n|\n|t:|1776428957\n|move|p2b: Archaludon|Thunderbolt|p1a: Primarina\n|-supereffective|p1a: Primarina|1\n|-damage|p1a: Primarina|0 fnt\n|faint|p1a: Primarina\n|move|p1b: Meowstic|Alluring Voice|p2b: Archaludon\n|-ability|p2b: Archaludon|Sturdy\n|-damage|p2b: Archaludon|1/100\n|-damage|p2b: Archaludon|0 fnt\n|faint|p2b: Archaludon\n|-hitcount|p2: Archaludon|2\n|\n|win|Samiaou\n|raw|Samiaou's rating: 1165 &rarr; <strong>1185</strong><br />(+20 for winning)\n|raw|VlXl's rating: 1096 &rarr; <strong>1076</strong><br />(-20 for losing)\n",
  "uploadtime": 1776428973,
  "views": 37,
  "formatid": "gen9championsvgc2026regma",
  "rating": 1076,
  "private": 0,
  "password": null
}