{
  "id": "gen9championsvgc2026regma-2580786704",
  "format": "[Gen 9 Champions] VGC 2026 Reg M-A",
  "players": [
    "vitzilantis",
    "gab1199"
  ],
  "log": "|j|\u2606vitzilantis\n|j|\u2606gab1199\n|t:|1775932407\n|gametype|doubles\n|player|p1|vitzilantis|2|1051\n|player|p2|gab1199|hilbert-wonderlauncher|1059\n|gen|9\n|tier|[Gen 9 Champions] VGC 2026 Reg M-A\n|rated|\n|rule|Species Clause: Limit one of each Pok\u00e9mon\n|rule|Item Clause: Limit 1 of each item\n|clearpoke\n|poke|p1|Scovillain, L50, F|\n|poke|p1|Dragapult, L50, F|\n|poke|p1|Conkeldurr, L50, M|\n|poke|p1|Incineroar, L50, F|\n|poke|p1|Reuniclus, L50, F|\n|poke|p1|Basculegion-F, L50, F|\n|poke|p2|Whimsicott, L50, M|\n|poke|p2|Rotom-Wash, L50|\n|poke|p2|Incineroar, L50, F|\n|poke|p2|Sneasler, L50, M|\n|poke|p2|Heracross, L50, F|\n|poke|p2|Garchomp, L50, F|\n|teampreview|4\n|inactive|Battle timer is ON: inactive players will automatically lose when time's up. (requested by vitzilantis)\n|\n|t:|1775932451\n|teamsize|p1|4\n|teamsize|p2|4\n|start\n|switch|p1a: Scovillain|Scovillain, L50, F|100/100\n|switch|p1b: Incineroar|Incineroar, L50, F|100/100\n|switch|p2a: Heracross|Heracross, L50, F|100/100\n|switch|p2b: Incineroar|Incineroar, L50, F|100/100\n|-ability|p1b: Incineroar|Intimidate|boost\n|-unboost|p2a: Heracross|atk|1\n|-unboost|p2b: Incineroar|atk|1\n|turn|1\n|\n|t:|1775932467\n|switch|p2a: Rotom|Rotom-Wash, L50|100/100\n|move|p1a: Scovillain|Protect|p1a: Scovillain\n|-singleturn|p1a: Scovillain|Protect\n|move|p2b: Incineroar|Fake Out|p1b: Incineroar\n|-damage|p1b: Incineroar|94/100\n|cant|p1b: Incineroar|flinch\n|\n|-ability|p1a: Scovillain|Moody|boost\n|-boost|p1a: Scovillain|def|2\n|-unboost|p1a: Scovillain|atk|1\n|upkeep\n|turn|2\n|inactive|gab1199 has 30 seconds left.\n|\n|t:|1775932492\n|detailschange|p1a: Scovillain|Scovillain-Mega, L50, F\n|-mega|p1a: Scovillain|Scovillain|Scovillainite\n|move|p2a: Rotom|Hydro Pump|p1a: Scovillain|[miss]\n|-miss|p2a: Rotom|p1a: Scovillain\n|move|p1a: Scovillain|Leaf Storm|p2a: Rotom\n|-supereffective|p2a: Rotom|1\n|-damage|p2a: Rotom|0 fnt\n|-unboost|p1a: Scovillain|spa|2\n|faint|p2a: Rotom\n|move|p1b: Incineroar|Parting Shot|p2b: Incineroar\n|-unboost|p2b: Incineroar|atk|1\n|-unboost|p2b: Incineroar|spa|1\n|\n|t:|1775932506\n|switch|p1b: Conkeldurr|Conkeldurr, L50, M|100/100|[from] Parting Shot\n|move|p2b: Incineroar|Flare Blitz|p1a: Scovillain\n|-damage|p1a: Scovillain|87/100\n|-immune|p2b: Incineroar\n|-damage|p2b: Incineroar|97/100|[from] Recoil\n|\n|upkeep\n|\n|t:|1775932516\n|switch|p2a: Sneasler|Sneasler, L50, M|100/100\n|turn|3\n|\n|t:|1775932525\n|move|p1a: Scovillain|Rage Powder|p1a: Scovillain\n|-singleturn|p1a: Scovillain|move: Rage Powder\n|move|p2a: Sneasler|Dire Claw|p1a: Scovillain\n|-supereffective|p1a: Scovillain|1\n|-damage|p1a: Scovillain|40/100\n|-status|p2a: Sneasler|brn|[from] ability: Spicy Spray|[of] p1a: Scovillain\n|move|p2b: Incineroar|Parting Shot|p1a: Scovillain\n|-unboost|p1a: Scovillain|atk|1\n|-unboost|p1a: Scovillain|spa|1\n|\n|t:|1775932533\n|switch|p2b: Heracross|Heracross, L50, F|100/100|[from] Parting Shot\n|move|p1b: Conkeldurr|Earthquake|p2b: Heracross|[spread] p1a,p2a,p2b\n|-supereffective|p2a: Sneasler|1\n|-resisted|p2b: Heracross|1\n|-damage|p1a: Scovillain|22/100\n|-enditem|p2a: Sneasler|Focus Sash\n|-damage|p2a: Sneasler|1/100 brn\n|-damage|p2b: Heracross|78/100\n|-status|p1b: Conkeldurr|brn|[from] ability: Spicy Spray|[of] p1a: Scovillain\n|\n|-damage|p2a: Sneasler|0 fnt|[from] brn\n|faint|p2a: Sneasler\n|-damage|p1b: Conkeldurr|94/100 brn|[from] brn\n|upkeep\n|\n|t:|1775932536\n|switch|p2a: Incineroar|Incineroar, L50, F|97/100\n|turn|4\n|\n|t:|1775932551\n|switch|p1b: Incineroar|Incineroar, L50, F|94/100\n|-ability|p1b: Incineroar|Intimidate|boost\n|-unboost|p2a: Incineroar|atk|1\n|-unboost|p2b: Heracross|atk|1\n|detailschange|p2b: Heracross|Heracross-Mega, L50, F\n|-mega|p2b: Heracross|Heracross|Heracronite\n|move|p1a: Scovillain|Protect|p1a: Scovillain\n|-singleturn|p1a: Scovillain|Protect\n|move|p2b: Heracross|Bullet Seed|p1b: Incineroar\n|-resisted|p1b: Incineroar|1\n|-damage|p1b: Incineroar|90/100\n|-resisted|p1b: Incineroar|1\n|-damage|p1b: Incineroar|86/100\n|-resisted|p1b: Incineroar|1\n|-damage|p1b: Incineroar|82/100\n|-resisted|p1b: Incineroar|1\n|-damage|p1b: Incineroar|77/100\n|-resisted|p1b: Incineroar|1\n|-damage|p1b: Incineroar|73/100\n|-hitcount|p1b: Incineroar|5\n|move|p2a: Incineroar|Flare Blitz|p1a: Scovillain\n|-activate|p1a: Scovillain|move: Protect\n|\n|upkeep\n|turn|5\n|\n|t:|1775932572\n|move|p1a: Scovillain|Rage Powder|p1a: Scovillain\n|-singleturn|p1a: Scovillain|move: Rage Powder\n|move|p2b: Heracross|Rock Blast|p1a: Scovillain\n|-supereffective|p1a: Scovillain|1\n|-crit|p1a: Scovillain\n|-damage|p1a: Scovillain|0 fnt\n|-status|p2b: Heracross|brn|[from] ability: Spicy Spray|[of] p1a: Scovillain\n|faint|p1a: Scovillain\n|-hitcount|p1: Scovillain|1\n|move|p2a: Incineroar|Flare Blitz|p1b: Incineroar\n|-resisted|p1b: Incineroar|1\n|-damage|p1b: Incineroar|56/100\n|-damage|p2a: Incineroar|92/100|[from] Recoil\n|move|p1b: Incineroar|Flare Blitz|p2b: Heracross\n|-supereffective|p2b: Heracross|1\n|-damage|p2b: Heracross|0 fnt\n|faint|p2b: Heracross\n|-damage|p1b: Incineroar|37/100|[from] Recoil\n|-enditem|p1b: Incineroar|Sitrus Berry|[eat]\n|-heal|p1b: Incineroar|61/100|[from] item: Sitrus Berry\n|\n|upkeep\n|l|\u2606gab1199\n|inactive|gab1199 disconnected and has a minute to reconnect!\n|player|p2|\n|\n|t:|1775932587\n|switch|p1a: Conkeldurr|Conkeldurr, L50, M|94/100 brn\n|turn|6\n|inactive|gab1199 has 30 seconds left.\n|inactive|gab1199 has 20 seconds left.\n|inactive|gab1199 has 15 seconds left.\n|inactive|gab1199 has 10 seconds left.\n|inactive|gab1199 has 5 seconds left.\n|-message|gab1199 lost due to inactivity.\n|\n|win|vitzilantis\n|raw|vitzilantis's rating: 1051 &rarr; <strong>1084</strong><br />(+33 for winning)\n|raw|gab1199's rating: 1059 &rarr; <strong>1040</strong><br />(-19 for losing)\n",
  "uploadtime": 1775932654,
  "views": 15,
  "formatid": "gen9championsvgc2026regma",
  "rating": 1040,
  "private": 0,
  "password": null
}