{
  "id": "gen9championsvgc2026regma-2587142820",
  "format": "[Gen 9 Champions] VGC 2026 Reg M-A",
  "players": [
    "guyq",
    "Steeledanenjoyer"
  ],
  "log": "|j|\u2606guyq\n|j|\u2606Steeledanenjoyer\n|t:|1776499658\n|gametype|doubles\n|player|p1|guyq|rosa|1281\n|player|p2|Steeledanenjoyer|musician|1234\n|gen|9\n|tier|[Gen 9 Champions] VGC 2026 Reg M-A\n|rated|\n|rule|Species Clause: Limit one of each Pok\u00e9mon\n|rule|Item Clause: Limit 1 of each item\n|clearpoke\n|poke|p1|Floette-Eternal, L50, F|\n|poke|p1|Maushold-Four, L50|\n|poke|p1|Talonflame, L50, M|\n|poke|p1|Garchomp, L50, F|\n|poke|p1|Aegislash, L50, F|\n|poke|p1|Rotom-Wash, L50|\n|poke|p2|Tyranitar, L50, M|\n|poke|p2|Excadrill, L50, F|\n|poke|p2|Corviknight, L50, M|\n|poke|p2|Primarina, L50, F|\n|poke|p2|Sinistcha, L50|\n|poke|p2|Incineroar, L50, F|\n|teampreview|4\n|\n|t:|1776499703\n|teamsize|p1|4\n|teamsize|p2|4\n|start\n|switch|p1a: Floette|Floette-Eternal, L50, F|100/100\n|switch|p1b: Maushold|Maushold-Four, L50|100/100\n|switch|p2a: Primarina|Primarina, L50, F|100/100\n|switch|p2b: Incineroar|Incineroar, L50, F|100/100\n|-ability|p2b: Incineroar|Intimidate|boost\n|-unboost|p1a: Floette|atk|1\n|-unboost|p1b: Maushold|atk|1\n|turn|1\n|\n|t:|1776499732\n|detailschange|p1a: Floette|Floette-Mega, L50, F\n|-mega|p1a: Floette|Floette|Floettite\n|-ability|p1a: Floette|Fairy Aura\n|move|p2b: Incineroar|Fake Out|p1a: Floette\n|-damage|p1a: Floette|92/100\n|move|p1b: Maushold|Super Fang|p2a: Primarina|[miss]\n|-miss|p1b: Maushold|p2a: Primarina\n|cant|p1a: Floette|flinch\n|move|p2a: Primarina|Hyper Voice|p1b: Maushold|[spread] p1a,p1b\n|-damage|p1a: Floette|70/100\n|-damage|p1b: Maushold|60/100\n|\n|upkeep\n|turn|2\n|\n|t:|1776499752\n|move|p1b: Maushold|Taunt|p2b: Incineroar\n|-start|p2b: Incineroar|move: Taunt\n|move|p1a: Floette|Calm Mind|p1a: Floette\n|-boost|p1a: Floette|spa|1\n|-boost|p1a: Floette|spd|1\n|move|p2a: Primarina|Hyper Voice|p1b: Maushold|[spread] p1a,p1b\n|-damage|p1a: Floette|58/100\n|-damage|p1b: Maushold|20/100\n|cant|p2b: Incineroar|move: Taunt|Parting Shot\n|\n|upkeep\n|turn|3\n|\n|t:|1776499767\n|move|p1b: Maushold|Protect|p1b: Maushold\n|-singleturn|p1b: Maushold|Protect\n|move|p1a: Floette|Dazzling Gleam|p2a: Primarina|[spread] p2a,p2b\n|-damage|p2a: Primarina|37/100\n|-damage|p2b: Incineroar|36/100\n|-enditem|p2a: Primarina|Sitrus Berry|[eat]\n|-heal|p2a: Primarina|62/100|[from] item: Sitrus Berry\n|move|p2a: Primarina|Haze|p2a: Primarina\n|-clearallboost\n|move|p2b: Incineroar|Darkest Lariat|p1b: Maushold\n|-activate|p1b: Maushold|move: Protect\n|\n|upkeep\n|turn|4\n|\n|t:|1776499788\n|switch|p2b: Corviknight|Corviknight, L50, M|100/100\n|move|p1b: Maushold|Super Fang|p2a: Primarina\n|-damage|p2a: Primarina|32/100\n|move|p1a: Floette|Dazzling Gleam|p2a: Primarina|[spread] p2a,p2b\n|-resisted|p2b: Corviknight|1\n|-damage|p2a: Primarina|0 fnt\n|-damage|p2b: Corviknight|77/100\n|faint|p2a: Primarina\n|\n|-heal|p2b: Corviknight|83/100|[from] item: Leftovers\n|upkeep\n|\n|t:|1776499798\n|switch|p2a: Tyranitar|Tyranitar, L50, M|100/100\n|-weather|Sandstorm|[from] ability: Sand Stream|[of] p2a: Tyranitar\n|turn|5\n|\n|t:|1776499813\n|detailschange|p2a: Tyranitar|Tyranitar-Mega, L50, M\n|-mega|p2a: Tyranitar|Tyranitar|Tyranitarite\n|move|p1a: Floette|Protect|p1a: Floette\n|-singleturn|p1a: Floette|Protect\n|move|p2a: Tyranitar|Protect|p2a: Tyranitar\n|-singleturn|p2a: Tyranitar|Protect\n|move|p1b: Maushold|Taunt|p2b: Corviknight\n|-start|p2b: Corviknight|move: Taunt\n|move|p2b: Corviknight|Brave Bird|p1a: Floette\n|-activate|p1a: Floette|move: Protect\n|\n|-weather|Sandstorm|[upkeep]\n|-damage|p1b: Maushold|14/100|[from] Sandstorm\n|-damage|p1a: Floette|52/100|[from] Sandstorm\n|-heal|p2b: Corviknight|90/100|[from] item: Leftovers\n|upkeep\n|turn|6\n|\n|t:|1776499832\n|move|p1b: Maushold|Follow Me|p1b: Maushold\n|-singleturn|p1b: Maushold|move: Follow Me\n|move|p1a: Floette|Moonblast|p2a: Tyranitar\n|-supereffective|p2a: Tyranitar|1\n|-damage|p2a: Tyranitar|35/100\n|move|p2a: Tyranitar|Rock Slide|p1a: Floette|[spread] p1a,p1b\n|-damage|p1a: Floette|24/100\n|-damage|p1b: Maushold|0 fnt\n|faint|p1b: Maushold\n|move|p2b: Corviknight|Brave Bird|p1a: Floette\n|-damage|p1a: Floette|0 fnt\n|faint|p1a: Floette\n|-damage|p2b: Corviknight|83/100|[from] Recoil\n|\n|-weather|Sandstorm|[upkeep]\n|-heal|p2b: Corviknight|89/100|[from] item: Leftovers\n|upkeep\n|\n|t:|1776499838\n|switch|p1b: Garchomp|Garchomp, L50, F|100/100\n|switch|p1a: Aegislash|Aegislash, L50, F|100/100\n|turn|7\n|j| megaxasher\n|\n|t:|1776499866\n|switch|p2a: Incineroar|Incineroar, L50, F|36/100\n|-ability|p2a: Incineroar|Intimidate|boost\n|-unboost|p1a: Aegislash|atk|1\n|-unboost|p1b: Garchomp|atk|1\n|move|p1b: Garchomp|Rock Slide|p2b: Corviknight|[spread] p2a,p2b\n|-supereffective|p2a: Incineroar|1\n|-damage|p2a: Incineroar|16/100\n|-damage|p2b: Corviknight|79/100\n|cant|p2b: Corviknight|flinch\n|-formechange|p1a: Aegislash|Aegislash-Blade|\n|move|p1a: Aegislash|Shadow Ball|p2b: Corviknight\n|-damage|p2b: Corviknight|36/100\n|\n|-weather|Sandstorm|[upkeep]\n|-damage|p2a: Incineroar|10/100|[from] Sandstorm\n|-heal|p2b: Corviknight|42/100|[from] item: Leftovers\n|-end|p2b: Corviknight|move: Taunt\n|upkeep\n|turn|8\n|\n|t:|1776499894\n|-formechange|p1a: Aegislash|Aegislash|\n|move|p1a: Aegislash|King's Shield|p1a: Aegislash\n|-singleturn|p1a: Aegislash|Protect\n|move|p1b: Garchomp|Rock Slide|p2b: Corviknight|[spread] p2a,p2b\n|-supereffective|p2a: Incineroar|1\n|-damage|p2a: Incineroar|0 fnt\n|-damage|p2b: Corviknight|31/100\n|faint|p2a: Incineroar\n|move|p2b: Corviknight|Roost|p2b: Corviknight\n|-heal|p2b: Corviknight|81/100\n|-singleturn|p2b: Corviknight|move: Roost\n|\n|-weather|Sandstorm|[upkeep]\n|-heal|p2b: Corviknight|88/100|[from] item: Leftovers\n|upkeep\n|\n|t:|1776499904\n|switch|p2a: Tyranitar|Tyranitar-Mega, L50, M|35/100\n|turn|9\n|\n|t:|1776499917\n|move|p2a: Tyranitar|Protect|p2a: Tyranitar\n|-singleturn|p2a: Tyranitar|Protect\n|move|p1a: Aegislash|Wide Guard|p1a: Aegislash\n|-singleturn|p1a: Aegislash|Wide Guard\n|move|p1b: Garchomp|Earthquake|p2b: Corviknight|[spread] \n|-activate|p1a: Aegislash|move: Wide Guard\n|-activate|p2a: Tyranitar|move: Protect\n|-immune|p2b: Corviknight\n|move|p2b: Corviknight|Bulk Up|p2b: Corviknight\n|-boost|p2b: Corviknight|atk|1\n|-boost|p2b: Corviknight|def|1\n|\n|-weather|none\n|-heal|p2b: Corviknight|94/100|[from] item: Leftovers\n|upkeep\n|turn|10\n|\n|t:|1776499939\n|move|p1b: Garchomp|Stomping Tantrum|p2a: Tyranitar\n|-supereffective|p2a: Tyranitar|1\n|-damage|p2a: Tyranitar|0 fnt\n|faint|p2a: Tyranitar\n|move|p2b: Corviknight|Bulk Up|p2b: Corviknight\n|-boost|p2b: Corviknight|atk|1\n|-boost|p2b: Corviknight|def|1\n|-formechange|p1a: Aegislash|Aegislash-Blade|\n|move|p1a: Aegislash|Shadow Ball|p2b: Corviknight\n|-damage|p2b: Corviknight|50/100\n|\n|-heal|p2b: Corviknight|56/100|[from] item: Leftovers\n|upkeep\n|turn|11\n|\n|t:|1776499959\n|move|p2b: Corviknight|Protect|p2b: Corviknight\n|-singleturn|p2b: Corviknight|Protect\n|-formechange|p1a: Aegislash|Aegislash|\n|move|p1a: Aegislash|King's Shield|p1a: Aegislash\n|-singleturn|p1a: Aegislash|Protect\n|move|p1b: Garchomp|Rock Slide|p2b: Corviknight\n|-activate|p2b: Corviknight|move: Protect\n|\n|-heal|p2b: Corviknight|63/100|[from] item: Leftovers\n|upkeep\n|turn|12\n|\n|t:|1776499975\n|move|p1b: Garchomp|Rock Slide|p2b: Corviknight\n|-damage|p2b: Corviknight|55/100\n|cant|p2b: Corviknight|flinch\n|-formechange|p1a: Aegislash|Aegislash-Blade|\n|move|p1a: Aegislash|Shadow Ball|p2b: Corviknight\n|-damage|p2b: Corviknight|10/100\n|\n|-heal|p2b: Corviknight|17/100|[from] item: Leftovers\n|upkeep\n|turn|13\n|l| megaxasher\n|\n|t:|1776499987\n|move|p2b: Corviknight|Protect|p2b: Corviknight\n|-singleturn|p2b: Corviknight|Protect\n|-formechange|p1a: Aegislash|Aegislash|\n|move|p1a: Aegislash|King's Shield|p1a: Aegislash\n|-singleturn|p1a: Aegislash|Protect\n|move|p1b: Garchomp|Rock Slide|p2b: Corviknight\n|-activate|p2b: Corviknight|move: Protect\n|\n|-heal|p2b: Corviknight|23/100|[from] item: Leftovers\n|upkeep\n|turn|14\n|\n|t:|1776499995\n|move|p1b: Garchomp|Rock Slide|p2b: Corviknight\n|-damage|p2b: Corviknight|16/100\n|move|p2b: Corviknight|Roost|p2b: Corviknight\n|-heal|p2b: Corviknight|66/100\n|-singleturn|p2b: Corviknight|move: Roost\n|-formechange|p1a: Aegislash|Aegislash-Blade|\n|move|p1a: Aegislash|Shadow Ball|p2b: Corviknight\n|-damage|p2b: Corviknight|24/100\n|\n|-heal|p2b: Corviknight|31/100|[from] item: Leftovers\n|upkeep\n|turn|15\n|\n|t:|1776500015\n|-formechange|p1a: Aegislash|Aegislash|\n|move|p1a: Aegislash|King's Shield|p1a: Aegislash\n|-singleturn|p1a: Aegislash|Protect\n|move|p1b: Garchomp|Rock Slide|p2b: Corviknight\n|-damage|p2b: Corviknight|23/100\n|cant|p2b: Corviknight|flinch\n|\n|-heal|p2b: Corviknight|29/100|[from] item: Leftovers\n|upkeep\n|turn|16\n|\n|t:|1776500027\n|move|p1b: Garchomp|Rock Slide|p2b: Corviknight\n|-damage|p2b: Corviknight|22/100\n|move|p2b: Corviknight|Roost|p2b: Corviknight\n|-heal|p2b: Corviknight|72/100\n|-singleturn|p2b: Corviknight|move: Roost\n|-formechange|p1a: Aegislash|Aegislash-Blade|\n|move|p1a: Aegislash|Shadow Ball|p2b: Corviknight\n|-damage|p2b: Corviknight|28/100\n|\n|-heal|p2b: Corviknight|34/100|[from] item: Leftovers\n|upkeep\n|turn|17\n|\n|t:|1776500040\n|move|p1b: Garchomp|Rock Slide|p2b: Corviknight\n|-damage|p2b: Corviknight|27/100\n|move|p2b: Corviknight|Roost|p2b: Corviknight\n|-heal|p2b: Corviknight|77/100\n|-singleturn|p2b: Corviknight|move: Roost\n|move|p1a: Aegislash|Shadow Ball|p2b: Corviknight\n|-damage|p2b: Corviknight|35/100\n|\n|-heal|p2b: Corviknight|41/100|[from] item: Leftovers\n|upkeep\n|turn|18\n|\n|t:|1776500061\n|-formechange|p1a: Aegislash|Aegislash|\n|move|p1a: Aegislash|King's Shield|p1a: Aegislash\n|-singleturn|p1a: Aegislash|Protect\n|move|p1b: Garchomp|Rock Slide|p2b: Corviknight\n|-damage|p2b: Corviknight|34/100\n|move|p2b: Corviknight|Roost|p2b: Corviknight\n|-heal|p2b: Corviknight|84/100\n|-singleturn|p2b: Corviknight|move: Roost\n|\n|-heal|p2b: Corviknight|91/100|[from] item: Leftovers\n|upkeep\n|turn|19\n|\n|t:|1776500071\n|move|p1b: Garchomp|Rock Slide|p2b: Corviknight\n|-damage|p2b: Corviknight|83/100\n|cant|p2b: Corviknight|flinch\n|-formechange|p1a: Aegislash|Aegislash-Blade|\n|move|p1a: Aegislash|Shadow Ball|p2b: Corviknight\n|-damage|p2b: Corviknight|38/100\n|\n|-heal|p2b: Corviknight|44/100|[from] item: Leftovers\n|upkeep\n|turn|20\n|\n|t:|1776500082\n|move|p1b: Garchomp|Rock Slide|p2b: Corviknight\n|-damage|p2b: Corviknight|37/100\n|move|p2b: Corviknight|Roost|p2b: Corviknight\n|-heal|p2b: Corviknight|87/100\n|-singleturn|p2b: Corviknight|move: Roost\n|move|p1a: Aegislash|Shadow Ball|p2b: Corviknight\n|-damage|p2b: Corviknight|42/100\n|\n|-heal|p2b: Corviknight|48/100|[from] item: Leftovers\n|upkeep\n|turn|21\n|\n|t:|1776500099\n|move|p2b: Corviknight|Protect|p2b: Corviknight\n|-singleturn|p2b: Corviknight|Protect\n|move|p1b: Garchomp|Stomping Tantrum|p2b: Corviknight\n|-activate|p2b: Corviknight|move: Protect\n|move|p1a: Aegislash|Shadow Ball|p2b: Corviknight\n|-activate|p2b: Corviknight|move: Protect\n|\n|-heal|p2b: Corviknight|54/100|[from] item: Leftovers\n|upkeep\n|turn|22\n|\n|t:|1776500116\n|-formechange|p1a: Aegislash|Aegislash|\n|move|p1a: Aegislash|King's Shield|p1a: Aegislash\n|-singleturn|p1a: Aegislash|Protect\n|move|p1b: Garchomp|Stomping Tantrum|p2b: Corviknight\n|-immune|p2b: Corviknight\n|move|p2b: Corviknight|Roost|p2b: Corviknight\n|-heal|p2b: Corviknight|100/100\n|-singleturn|p2b: Corviknight|move: Roost\n|\n|upkeep\n|turn|23\n|\n|t:|1776500130\n|move|p1b: Garchomp|Stomping Tantrum|p2b: Corviknight\n|-immune|p2b: Corviknight\n|move|p2b: Corviknight|Bulk Up|p2b: Corviknight\n|-boost|p2b: Corviknight|atk|1\n|-boost|p2b: Corviknight|def|1\n|-formechange|p1a: Aegislash|Aegislash-Blade|\n|move|p1a: Aegislash|Shadow Ball|p2b: Corviknight\n|-damage|p2b: Corviknight|56/100\n|\n|-heal|p2b: Corviknight|63/100|[from] item: Leftovers\n|upkeep\n|turn|24\n|\n|t:|1776500145\n|move|p1b: Garchomp|Protect|p1b: Garchomp\n|-singleturn|p1b: Garchomp|Protect\n|move|p2b: Corviknight|Bulk Up|p2b: Corviknight\n|-boost|p2b: Corviknight|atk|1\n|-boost|p2b: Corviknight|def|1\n|move|p1a: Aegislash|Shadow Ball|p2b: Corviknight\n|-damage|p2b: Corviknight|14/100\n|\n|-heal|p2b: Corviknight|20/100|[from] item: Leftovers\n|upkeep\n|turn|25\n|\n|t:|1776500156\n|move|p1b: Garchomp|Protect|p1b: Garchomp\n|-singleturn|p1b: Garchomp|Protect\n|-formechange|p1a: Aegislash|Aegislash|\n|move|p1a: Aegislash|King's Shield|p1a: Aegislash\n|-singleturn|p1a: Aegislash|Protect\n|move|p2b: Corviknight|Roost|p2b: Corviknight\n|-heal|p2b: Corviknight|70/100\n|-singleturn|p2b: Corviknight|move: Roost\n|\n|-heal|p2b: Corviknight|77/100|[from] item: Leftovers\n|upkeep\n|turn|26\n|\n|t:|1776500165\n|move|p2b: Corviknight|Protect|p2b: Corviknight\n|-singleturn|p2b: Corviknight|Protect\n|move|p1b: Garchomp|Stomping Tantrum|p2b: Corviknight\n|-activate|p2b: Corviknight|move: Protect\n|-formechange|p1a: Aegislash|Aegislash-Blade|\n|move|p1a: Aegislash|Shadow Ball|p2b: Corviknight\n|-activate|p2b: Corviknight|move: Protect\n|\n|-heal|p2b: Corviknight|83/100|[from] item: Leftovers\n|upkeep\n|turn|27\n|\n|t:|1776500185\n|-formechange|p1a: Aegislash|Aegislash|\n|move|p1a: Aegislash|King's Shield|p1a: Aegislash\n|-singleturn|p1a: Aegislash|Protect\n|move|p1b: Garchomp|Stomping Tantrum|p2b: Corviknight\n|-immune|p2b: Corviknight\n|move|p2b: Corviknight|Bulk Up|p2b: Corviknight\n|-boost|p2b: Corviknight|atk|1\n|-boost|p2b: Corviknight|def|1\n|\n|-heal|p2b: Corviknight|89/100|[from] item: Leftovers\n|upkeep\n|turn|28\n|\n|t:|1776500203\n|move|p2b: Corviknight|Protect|p2b: Corviknight\n|-singleturn|p2b: Corviknight|Protect\n|move|p1a: Aegislash|Wide Guard|p1a: Aegislash\n|-singleturn|p1a: Aegislash|Wide Guard\n|move|p1b: Garchomp|Stomping Tantrum|p2b: Corviknight\n|-activate|p2b: Corviknight|move: Protect\n|\n|-heal|p2b: Corviknight|95/100|[from] item: Leftovers\n|upkeep\n|turn|29\n|\n|t:|1776500215\n|move|p1b: Garchomp|Stomping Tantrum|p2b: Corviknight\n|-immune|p2b: Corviknight\n|move|p2b: Corviknight|Bulk Up|p2b: Corviknight\n|-boost|p2b: Corviknight|atk|1\n|-boost|p2b: Corviknight|def|1\n|-formechange|p1a: Aegislash|Aegislash-Blade|\n|move|p1a: Aegislash|Shadow Ball|p2b: Corviknight\n|-damage|p2b: Corviknight|53/100\n|\n|-heal|p2b: Corviknight|60/100|[from] item: Leftovers\n|upkeep\n|turn|30\n|\n|t:|1776500230\n|move|p2b: Corviknight|Protect|p2b: Corviknight\n|-singleturn|p2b: Corviknight|Protect\n|move|p1a: Aegislash|Wide Guard|p1a: Aegislash\n|-singleturn|p1a: Aegislash|Wide Guard\n|move|p1b: Garchomp|Stomping Tantrum|p2b: Corviknight\n|-activate|p2b: Corviknight|move: Protect\n|\n|-heal|p2b: Corviknight|66/100|[from] item: Leftovers\n|upkeep\n|turn|31\n|\n|t:|1776500249\n|move|p1b: Garchomp|Stomping Tantrum|p2b: Corviknight\n|-immune|p2b: Corviknight\n|move|p2b: Corviknight|Brave Bird|p1a: Aegislash\n|-resisted|p1a: Aegislash|1\n|-damage|p1a: Aegislash|0 fnt\n|faint|p1a: Aegislash\n|-damage|p2b: Corviknight|37/100|[from] Recoil\n|\n|-heal|p2b: Corviknight|44/100|[from] item: Leftovers\n|upkeep\n|turn|32\n|-message|guyq forfeited.\n|\n|win|Steeledanenjoyer\n|raw|guyq's rating: 1281 &rarr; <strong>1253</strong><br />(-28 for losing)\n|raw|Steeledanenjoyer's rating: 1234 &rarr; <strong>1262</strong><br />(+28 for winning)\n|l|\u2606guyq\n|player|p1|\n|l|\u2606Steeledanenjoyer\n|player|p2|\n|j|\u2606Steeledanenjoyer\n|player|p2|Steeledanenjoyer|musician|\n",
  "uploadtime": 1776500431,
  "views": 24,
  "formatid": "gen9championsvgc2026regma",
  "rating": 1253,
  "private": 0,
  "password": null
}