{
  "id": "gen9championsvgc2026regma-2585372900",
  "format": "[Gen 9 Champions] VGC 2026 Reg M-A",
  "players": [
    "Bubbaboi137",
    "ShaggyMetagross"
  ],
  "log": "|j|\u2606Bubbaboi137\n|j|\u2606ShaggyMetagross\n|t:|1776342312\n|gametype|doubles\n|player|p1|Bubbaboi137|cynthia|1149\n|player|p2|ShaggyMetagross|cyrus|1239\n|gen|9\n|tier|[Gen 9 Champions] VGC 2026 Reg M-A\n|rated|\n|rule|Species Clause: Limit one of each Pok\u00e9mon\n|rule|Item Clause: Limit 1 of each item\n|clearpoke\n|poke|p1|Kommo-o, L50, M|\n|poke|p1|Luxray, L50, F|\n|poke|p1|Charizard, L50, F|\n|poke|p1|Gardevoir, L50, F|\n|poke|p1|Whimsicott, L50, F|\n|poke|p1|Incineroar, L50, M|\n|poke|p2|Pelipper, L50, F|\n|poke|p2|Basculegion-F, L50, F|\n|poke|p2|Scizor, L50, M|\n|poke|p2|Sinistcha, L50|\n|poke|p2|Sneasler, L50, M|\n|poke|p2|Rhyperior, L50, F|\n|teampreview|4\nShaggyMetagross rejected open team sheets.\n|\n|t:|1776342356\n|teamsize|p1|4\n|teamsize|p2|4\n|start\n|switch|p1a: Luxray|Luxray, L50, F, shiny|100/100\n|switch|p1b: Whimsicott|Whimsicott, L50, F, shiny|100/100\n|switch|p2a: Scizor|Scizor, L50, M|100/100\n|switch|p2b: Basculegion|Basculegion-F, L50, F|100/100\n|-ability|p1a: Luxray|Intimidate|boost\n|-unboost|p2a: Scizor|atk|1\n|-unboost|p2b: Basculegion|atk|1\n|turn|1\n|\n|t:|1776342374\n|detailschange|p2a: Scizor|Scizor-Mega, L50, M\n|-mega|p2a: Scizor|Scizor|Scizorite\n|move|p1b: Whimsicott|Tailwind|p1b: Whimsicott\n|-sidestart|p1: Bubbaboi137|move: Tailwind\n|move|p2a: Scizor|Bullet Punch|p1b: Whimsicott\n|-supereffective|p1b: Whimsicott|1\n|-damage|p1b: Whimsicott|44/100\n|move|p1a: Luxray|Supercell Slam|p2b: Basculegion\n|-supereffective|p2b: Basculegion|1\n|-damage|p2b: Basculegion|0 fnt\n|faint|p2b: Basculegion\n|\n|upkeep\n|\n|t:|1776342394\n|switch|p2b: Rhyperior|Rhyperior, L50, F|100/100\n|turn|2\n|\n|t:|1776342406\n|move|p1b: Whimsicott|Protect|p1b: Whimsicott\n|-singleturn|p1b: Whimsicott|Protect\n|move|p2a: Scizor|Bullet Punch|p1b: Whimsicott\n|-activate|p1b: Whimsicott|move: Protect\n|move|p1a: Luxray|Supercell Slam|p2b: Rhyperior\n|-activate|p2b: Rhyperior|ability: Lightning Rod\n|-ability|p2b: Rhyperior|Lightning Rod|boost\n|-boost|p2b: Rhyperior|spa|1\n|-damage|p1a: Luxray|51/100|[from] supercellslam\n|move|p2b: Rhyperior|Rock Slide|p1a: Luxray|[spread] p1a\n|-activate|p1b: Whimsicott|move: Protect\n|-damage|p1a: Luxray|24/100\n|\n|upkeep\n|turn|3\n|\n|t:|1776342426\n|move|p1b: Whimsicott|Leech Seed|p2b: Rhyperior\n|-start|p2b: Rhyperior|move: Leech Seed\n|move|p2a: Scizor|Bullet Punch|p1b: Whimsicott\n|-supereffective|p1b: Whimsicott|1\n|-damage|p1b: Whimsicott|0 fnt\n|faint|p1b: Whimsicott\n|move|p1a: Luxray|Crunch|p2a: Scizor\n|-damage|p2a: Scizor|83/100\n|move|p2b: Rhyperior|Rock Slide|p1a: Luxray\n|-damage|p1a: Luxray|0 fnt\n|faint|p1a: Luxray\n|\n|upkeep\n|\n|t:|1776342432\n|switch|p1b: Charizard|Charizard, L50, F, shiny|100/100\n|switch|p1a: Incineroar|Incineroar, L50, M, shiny|100/100\n|-ability|p1a: Incineroar|Intimidate|boost\n|-unboost|p2a: Scizor|atk|1\n|-unboost|p2b: Rhyperior|atk|1\n|turn|4\n|\n|t:|1776342449\n|detailschange|p1b: Charizard|Charizard-Mega-Y, L50, F, shiny\n|-mega|p1b: Charizard|Charizard|Charizardite Y\n|-weather|SunnyDay|[from] ability: Drought|[of] p1b: Charizard\n|move|p2a: Scizor|Protect|p2a: Scizor\n|-singleturn|p2a: Scizor|Protect\n|move|p1a: Incineroar|Fake Out|p2b: Rhyperior\n|-resisted|p2b: Rhyperior|1\n|-damage|p2b: Rhyperior|97/100\n|move|p1b: Charizard|Heat Wave|p2b: Rhyperior|[spread] p2b\n|-activate|p2a: Scizor|move: Protect\n|-resisted|p2b: Rhyperior|1\n|-damage|p2b: Rhyperior|70/100\n|cant|p2b: Rhyperior|flinch\n|\n|-weather|SunnyDay|[upkeep]\n|-damage|p2b: Rhyperior|58/100|[from] Leech Seed|[of] p1b: Charizard\n|-sideend|p1: Bubbaboi137|move: Tailwind\n|upkeep\n|turn|5\n|\n|t:|1776342483\n|switch|p2a: Pelipper|Pelipper, L50, F, shiny|100/100\n|-weather|RainDance|[from] ability: Drizzle|[of] p2a: Pelipper\n|move|p1b: Charizard|Dragon Pulse|p2b: Rhyperior\n|-damage|p2b: Rhyperior|28/100\n|move|p1a: Incineroar|Darkest Lariat|p2b: Rhyperior\n|-damage|p2b: Rhyperior|8/100\n|move|p2b: Rhyperior|Rock Slide|p1a: Incineroar|[spread] p1b\n|-miss|p2b: Rhyperior|p1a: Incineroar\n|-supereffective|p1b: Charizard|2\n|-damage|p1b: Charizard|12/100\n|\n|-weather|RainDance|[upkeep]\n|-damage|p2b: Rhyperior|0 fnt|[from] Leech Seed|[of] p1b: Charizard\n|-heal|p1b: Charizard|23/100|[silent]\n|faint|p2b: Rhyperior\n|upkeep\n|\n|t:|1776342501\n|switch|p2b: Scizor|Scizor-Mega, L50, M|83/100\n|turn|6\n|\n|t:|1776342517\n|move|p1b: Charizard|Protect|p1b: Charizard\n|-singleturn|p1b: Charizard|Protect\n|move|p2b: Scizor|Protect|p2b: Scizor\n|-singleturn|p2b: Scizor|Protect\n|move|p2a: Pelipper|Weather Ball|p1a: Incineroar\n|-supereffective|p1a: Incineroar|1\n|-damage|p1a: Incineroar|0 fnt\n|faint|p1a: Incineroar\n|\n|-weather|RainDance|[upkeep]\n|upkeep\n|turn|7\n|\n|t:|1776342532\n|move|p2b: Scizor|Bullet Punch|p1b: Charizard\n|-resisted|p1b: Charizard|1\n|-damage|p1b: Charizard|0 fnt\n|faint|p1b: Charizard\n|\n|win|ShaggyMetagross\n|raw|Bubbaboi137's rating: 1149 &rarr; <strong>1130</strong><br />(-19 for losing)\n|raw|ShaggyMetagross's rating: 1239 &rarr; <strong>1258</strong><br />(+19 for winning)\n",
  "uploadtime": 1776342544,
  "views": 20,
  "formatid": "gen9championsvgc2026regma",
  "rating": 1130,
  "private": 0,
  "password": null
}