{
  "id": "gen9championsvgc2026regma-2585756565",
  "format": "[Gen 9 Champions] VGC 2026 Reg M-A",
  "players": [
    "JulianSST",
    "toxmyself"
  ],
  "log": "|j|\u2606JulianSST\n|j|\u2606toxmyself\n|t:|1776368437\n|gametype|doubles\n|player|p1|JulianSST|169|1251\n|player|p2|toxmyself|norman|1245\n|gen|9\n|tier|[Gen 9 Champions] VGC 2026 Reg M-A\n|rated|\n|rule|Species Clause: Limit one of each Pok\u00e9mon\n|rule|Item Clause: Limit 1 of each item\n|clearpoke\n|poke|p1|Drampa, L50, M|\n|poke|p1|Oranguru, L50, F|\n|poke|p1|Torkoal, L50, F|\n|poke|p1|Sneasler, L50, F|\n|poke|p1|Incineroar, L50, M|\n|poke|p1|Sinistcha, L50|\n|poke|p2|Charizard, L50, M|\n|poke|p2|Milotic, L50, F|\n|poke|p2|Aegislash, L50, F|\n|poke|p2|Sneasler, L50, F|\n|poke|p2|Aerodactyl, L50, M|\n|poke|p2|Sylveon, L50, M|\n|teampreview|4\n|inactive|Battle timer is ON: inactive players will automatically lose when time's up. (requested by toxmyself)\n|inactive|toxmyself has 60 seconds left.\n|\n|t:|1776368470\n|teamsize|p1|4\n|teamsize|p2|4\n|start\n|switch|p1a: Oranguru|Oranguru, L50, F|100/100\n|switch|p1b: Sneasler|Sneasler, L50, F|100/100\n|switch|p2a: Sylveon|Sylveon, L50, M|100/100\n|switch|p2b: Milotic|Milotic, L50, F|100/100\n|turn|1\n|\n|t:|1776368483\n|move|p1b: Sneasler|Dire Claw|p2b: Milotic\n|-damage|p2b: Milotic|66/100\n|-status|p2b: Milotic|slp\n|cant|p2b: Milotic|slp\n|move|p2a: Sylveon|Hyper Beam|p1a: Oranguru\n|-damage|p1a: Oranguru|38/100\n|-mustrecharge|p2a: Sylveon\n|move|p1a: Oranguru|Instruct|p1b: Sneasler\n|-singleturn|p1b: Sneasler|move: Instruct|[of] p1a: Oranguru\n|move|p1b: Sneasler|Dire Claw|p2b: Milotic\n|-damage|p2b: Milotic|28/100 slp\n|\n|-heal|p2b: Milotic|34/100 slp|[from] item: Leftovers\n|upkeep\n|turn|2\n|\n|t:|1776368503\n|switch|p1b: Drampa|Drampa, L50, M|100/100\n|-ability|p1b: Drampa|Cloud Nine\n|cant|p2b: Milotic|slp\n|cant|p2a: Sylveon|recharge\n|move|p1a: Oranguru|Trick Room|p1a: Oranguru\n|-fieldstart|move: Trick Room|[of] p1a: Oranguru\n|\n|-heal|p2b: Milotic|41/100 slp|[from] item: Leftovers\n|upkeep\n|turn|3\n|\n|t:|1776368521\n|detailschange|p1b: Drampa|Drampa-Mega, L50, M\n|-mega|p1b: Drampa|Drampa|Drampanite\n|-curestatus|p2b: Milotic|slp|[msg]\n|move|p2b: Milotic|Protect|p2b: Milotic\n|-singleturn|p2b: Milotic|Protect\n|move|p1b: Drampa|Hyper Voice|p2a: Sylveon|[spread] p2a\n|-activate|p2b: Milotic|move: Protect\n|-damage|p2a: Sylveon|69/100\n|move|p1a: Oranguru|Instruct|p1b: Drampa\n|-singleturn|p1b: Drampa|move: Instruct|[of] p1a: Oranguru\n|move|p1b: Drampa|Hyper Voice|p2b: Milotic|[spread] p2a\n|-activate|p2b: Milotic|move: Protect\n|-damage|p2a: Sylveon|40/100\n|move|p2a: Sylveon|Hyper Voice|p1b: Drampa|[spread] p1a,p1b\n|-supereffective|p1b: Drampa|1\n|-damage|p1a: Oranguru|10/100\n|-damage|p1b: Drampa|26/100\n|-ability|p1b: Drampa|Berserk|boost\n|-boost|p1b: Drampa|spa|1\n|\n|-heal|p2b: Milotic|47/100|[from] item: Leftovers\n|upkeep\n|turn|4\n|inactive|toxmyself has 30 seconds left.\n|\n|t:|1776368547\n|move|p2a: Sylveon|Quick Attack|p1b: Drampa\n|-supereffective|p1b: Drampa|1\n|-damage|p1b: Drampa|2/100\n|move|p1b: Drampa|Hyper Voice|p2a: Sylveon|[spread] p2a,p2b\n|-damage|p2a: Sylveon|0 fnt\n|-damage|p2b: Milotic|0 fnt\n|faint|p2a: Sylveon\n|faint|p2b: Milotic\n|move|p1a: Oranguru|Instruct|p1b: Drampa\n|-singleturn|p1b: Drampa|move: Instruct|[of] p1a: Oranguru\n|move|p1b: Drampa|Hyper Voice|p2: Sylveon|[notarget]\n|-fail|p1b: Drampa\n|\n|upkeep\n|c|\u2606toxmyself|man\n|\n|t:|1776368560\n|switch|p2a: Aerodactyl|Aerodactyl, L50, M|100/100\n|switch|p2b: Charizard|Charizard, L50, M|100/100\n|turn|5\n|c|\u2606JulianSST|wow\n|c|\u2606JulianSST|that sucks tbh\n|\n|t:|1776368575\n|move|p2b: Charizard|Protect|p2b: Charizard\n|-singleturn|p2b: Charizard|Protect\n|move|p2a: Aerodactyl|Protect|p2a: Aerodactyl\n|-singleturn|p2a: Aerodactyl|Protect\n|move|p1b: Drampa|Hyper Voice|p2b: Charizard|[spread] \n|-activate|p2a: Aerodactyl|move: Protect\n|-activate|p2b: Charizard|move: Protect\n|move|p1a: Oranguru|Instruct|p1b: Drampa\n|-singleturn|p1b: Drampa|move: Instruct|[of] p1a: Oranguru\n|move|p1b: Drampa|Hyper Voice|p2b: Charizard|[spread] \n|-activate|p2a: Aerodactyl|move: Protect\n|-activate|p2b: Charizard|move: Protect\n|\n|upkeep\n|turn|6\n|c|\u2606toxmyself|idk if thats even a roll lol. but w/e g\n|c|\u2606toxmyself|g\n|c|\u2606JulianSST|no idea I assume it has to be a roll\n|inactive|JulianSST has 30 seconds left.\n|c|\u2606JulianSST|I feel like that kills like 70%\n|\n|t:|1776368607\n|detailschange|p2b: Charizard|Charizard-Mega-X, L50, M\n|-mega|p2b: Charizard|Charizard|Charizardite X\n|move|p1b: Drampa|Hyper Voice|p2a: Aerodactyl|[spread] p2a,p2b\n|-resisted|p2a: Aerodactyl|1\n|-damage|p2a: Aerodactyl|48/100\n|-damage|p2b: Charizard|26/100\n|move|p1a: Oranguru|Instruct|p1b: Drampa\n|-singleturn|p1b: Drampa|move: Instruct|[of] p1a: Oranguru\n|move|p1b: Drampa|Hyper Voice|p2a: Aerodactyl|[spread] p2a,p2b\n|-resisted|p2a: Aerodactyl|1\n|-damage|p2a: Aerodactyl|4/100\n|-damage|p2b: Charizard|0 fnt\n|faint|p2b: Charizard\n|move|p2a: Aerodactyl|Tailwind|p2a: Aerodactyl\n|-sidestart|p2: toxmyself|move: Tailwind\n|\n|-fieldend|move: Trick Room\n|upkeep\n|turn|7\n|c|\u2606toxmyself|\ud83e\udd37\n|c|\u2606JulianSST|gg\n|\n|t:|1776368623\n|move|p2a: Aerodactyl|Rock Slide|p1a: Oranguru|[spread] p1a,p1b\n|-damage|p1a: Oranguru|0 fnt\n|-damage|p1b: Drampa|0 fnt\n|faint|p1a: Oranguru\n|faint|p1b: Drampa\n|\n|upkeep\n|\n|t:|1776368629\n|switch|p1a: Sneasler|Sneasler, L50, F|100/100\n|switch|p1b: Torkoal|Torkoal, L50, F|100/100\n|-weather|SunnyDay|[from] ability: Drought|[of] p1b: Torkoal\n|turn|8\n|\n|t:|1776368638\n|move|p1a: Sneasler|Fake Out|p2a: Aerodactyl\n|-resisted|p2a: Aerodactyl|1\n|-damage|p2a: Aerodactyl|0 fnt\n|faint|p2a: Aerodactyl\n|\n|win|JulianSST\n|raw|JulianSST's rating: 1251 &rarr; <strong>1276</strong><br />(+25 for winning)\n|raw|toxmyself's rating: 1245 &rarr; <strong>1220</strong><br />(-25 for losing)\n",
  "uploadtime": 1776368638,
  "views": 19,
  "formatid": "gen9championsvgc2026regma",
  "rating": 1220,
  "private": 0,
  "password": null
}