{
  "id": "gen9championsvgc2026regma-2581101121",
  "format": "[Gen 9 Champions] VGC 2026 Reg M-A",
  "players": [
    "UnovaUnited",
    "Xelemental 4ever"
  ],
  "log": "|j|\u2606UnovaUnited\n|j|\u2606Xelemental 4ever\n|t:|1775959945\n|gametype|doubles\n|player|p1|UnovaUnited|102|1045\n|player|p2|Xelemental 4ever|170|1035\n|gen|9\n|tier|[Gen 9 Champions] VGC 2026 Reg M-A\n|rated|\n|rule|Species Clause: Limit one of each Pok\u00e9mon\n|rule|Item Clause: Limit 1 of each item\n|clearpoke\n|poke|p1|Meganium, L50, F|\n|poke|p1|Klefki, L50, M|\n|poke|p1|Incineroar, L50, M|\n|poke|p1|Conkeldurr, L50, M|\n|poke|p1|Toxapex, L50, M|\n|poke|p1|Tyranitar, L50, M|\n|poke|p2|Incineroar, L50, F|\n|poke|p2|Crabominable, L50, M|\n|poke|p2|Farigiraf, L50, M|\n|poke|p2|Drampa, L50, F|\n|poke|p2|Sinistcha, L50|\n|poke|p2|Scizor, L50, M|\n|teampreview|4\n|c|\u2606Xelemental 4ever|gl hf\n|c|\u2606UnovaUnited|glhf\n|\n|t:|1775959968\n|teamsize|p1|4\n|teamsize|p2|4\n|start\n|switch|p1a: Klefki|Klefki, L50, M|100/100\n|switch|p1b: Incineroar|Incineroar, L50, M|100/100\n|switch|p2a: Giraffe|Farigiraf, L50, M|100/100\n|switch|p2b: Never leaving|Incineroar, L50, F|100/100\n|-ability|p2b: Never leaving|Intimidate|boost\n|-unboost|p1a: Klefki|atk|1\n|-unboost|p1b: Incineroar|atk|1\n|-ability|p1b: Incineroar|Intimidate|boost\n|-unboost|p2a: Giraffe|atk|1\n|-unboost|p2b: Never leaving|atk|1\n|turn|1\n|\n|t:|1775959993\n|move|p2b: Never leaving|Fake Out|p1a: Klefki\n|-resisted|p1a: Klefki|1\n|-damage|p1a: Klefki|97/100\n|move|p1b: Incineroar|Fake Out||[still]\n|cant|p2a: Giraffe|ability: Armor Tail|Fake Out|[of] p1b: Incineroar\n|cant|p1a: Klefki|flinch\n|move|p2a: Giraffe|Trick Room|p2a: Giraffe\n|-fieldstart|move: Trick Room|[of] p2a: Giraffe\n|\n|upkeep\n|turn|2\n|\n|t:|1775960025\n|move|p2a: Giraffe|Helping Hand|p2b: Never leaving\n|-singleturn|p2b: Never leaving|Helping Hand|[of] p2a: Giraffe\n|move|p1a: Klefki|Thunder Wave||[still]\n|cant|p2a: Giraffe|ability: Armor Tail|Thunder Wave|[of] p1a: Klefki\n|move|p1b: Incineroar|Darkest Lariat|p2a: Giraffe\n|-supereffective|p2a: Giraffe|1\n|-enditem|p2a: Giraffe|Colbur Berry|[eat]\n|-enditem|p2a: Giraffe|Colbur Berry|[weaken]\n|-damage|p2a: Giraffe|70/100\n|move|p2b: Never leaving|Flare Blitz|p1a: Klefki\n|-supereffective|p1a: Klefki|1\n|-damage|p1a: Klefki|0 fnt\n|faint|p1a: Klefki\n|-damage|p2b: Never leaving|75/100|[from] Recoil\n|\n|upkeep\n|\n|t:|1775960044\n|switch|p1a: Tyranitar|Tyranitar, L50, M|100/100\n|-weather|Sandstorm|[from] ability: Sand Stream|[of] p1a: Tyranitar\n|turn|3\n|\n|t:|1775960058\n|switch|p2a: Angry Rave|Crabominable, L50, M|100/100\n|move|p1a: Tyranitar|Rock Slide|p2b: Never leaving|[spread] p2a\n|-miss|p1a: Tyranitar|p2b: Never leaving\n|-damage|p2a: Angry Rave|62/100\n|move|p1b: Incineroar|Darkest Lariat|p2a: Angry Rave\n|-resisted|p2a: Angry Rave|1\n|-damage|p2a: Angry Rave|44/100\n|move|p2b: Never leaving|Parting Shot|p1a: Tyranitar\n|-unboost|p1a: Tyranitar|atk|1\n|-unboost|p1a: Tyranitar|spa|1\n|\n|t:|1775960070\n|switch|p2b: Have a Tea|Sinistcha, L50|100/100|[from] Parting Shot\n|-heal|p2a: Angry Rave|69/100|[from] ability: Hospitality|[of] p2b: Have a Tea\n|\n|-weather|Sandstorm|[upkeep]\n|-damage|p2a: Angry Rave|63/100|[from] Sandstorm\n|-damage|p1b: Incineroar|95/100|[from] Sandstorm\n|-damage|p2b: Have a Tea|94/100|[from] Sandstorm\n|upkeep\n|turn|4\n|\n|t:|1775960083\n|switch|p1a: Meganium|Meganium, L50, F|100/100\n|detailschange|p2a: Angry Rave|Crabominable-Mega, L50, M\n|-mega|p2a: Angry Rave|Crabominable|Crabominite\n|move|p2a: Angry Rave|Drain Punch|p1b: Incineroar\n|-supereffective|p1b: Incineroar|1\n|-crit|p1b: Incineroar\n|-damage|p1b: Incineroar|0 fnt\n|-heal|p2a: Angry Rave|100/100|[from] drain|[of] p1b: Incineroar\n|faint|p1b: Incineroar\n|move|p2b: Have a Tea|Matcha Gotcha|p1a: Meganium\n|-resisted|p1a: Meganium|1\n|-damage|p1a: Meganium|88/100\n|-heal|p2b: Have a Tea|100/100|[from] drain|[of] p1a: Meganium\n|\n|-weather|Sandstorm|[upkeep]\n|-damage|p2a: Angry Rave|95/100|[from] Sandstorm\n|-damage|p1a: Meganium|82/100|[from] Sandstorm\n|-damage|p2b: Have a Tea|94/100|[from] Sandstorm\n|upkeep\n|\n|t:|1775960094\n|switch|p1b: Tyranitar|Tyranitar, L50, M|100/100\n|turn|5\n|\n|t:|1775960111\n|detailschange|p1a: Meganium|Meganium-Mega, L50, F\n|-mega|p1a: Meganium|Meganium|Meganiumite\n|move|p2a: Angry Rave|Ice Hammer|p1a: Meganium\n|-supereffective|p1a: Meganium|1\n|-damage|p1a: Meganium|0 fnt\n|-unboost|p2a: Angry Rave|spe|1\n|faint|p1a: Meganium\n|move|p1b: Tyranitar|Knock Off|p2b: Have a Tea\n|-supereffective|p2b: Have a Tea|1\n|-damage|p2b: Have a Tea|13/100\n|-enditem|p2b: Have a Tea|Mental Herb|[from] move: Knock Off|[of] p1b: Tyranitar\n|move|p2b: Have a Tea|Matcha Gotcha|p1b: Tyranitar\n|-supereffective|p1b: Tyranitar|1\n|-damage|p1b: Tyranitar|60/100\n|-heal|p2b: Have a Tea|37/100|[from] drain|[of] p1b: Tyranitar\n|\n|-weather|Sandstorm|[upkeep]\n|-damage|p2a: Angry Rave|89/100|[from] Sandstorm\n|-damage|p2b: Have a Tea|31/100|[from] Sandstorm\n|-fieldend|move: Trick Room\n|upkeep\n|turn|6\n|-message|UnovaUnited forfeited.\n|\n|win|Xelemental 4ever\n|raw|UnovaUnited's rating: 1045 &rarr; <strong>1028</strong><br />(-17 for losing)\n|raw|Xelemental 4ever's rating: 1035 &rarr; <strong>1071</strong><br />(+36 for winning)\n|l|\u2606UnovaUnited\n|player|p1|\n",
  "uploadtime": 1775960126,
  "views": 10,
  "formatid": "gen9championsvgc2026regma",
  "rating": 1028,
  "private": 0,
  "password": null
}