{
  "id": "gen9championsvgc2026regma-2587752524",
  "format": "[Gen 9 Champions] VGC 2026 Reg M-A",
  "players": [
    "ojdokasod",
    "viroxzyn"
  ],
  "log": "|j|\u2606ojdokasod\n|j|\u2606viroxzyn\n|t:|1776560463\n|gametype|doubles\n|player|p1|ojdokasod|265|1156\n|player|p2|viroxzyn|veteran|1262\n|gen|9\n|tier|[Gen 9 Champions] VGC 2026 Reg M-A\n|rated|\n|rule|Species Clause: Limit one of each Pok\u00e9mon\n|rule|Item Clause: Limit 1 of each item\n|clearpoke\n|poke|p1|Victreebel, L50, M|\n|poke|p1|Incineroar, L50, M|\n|poke|p1|Kingambit, L50, M|\n|poke|p1|Farigiraf, L50, M|\n|poke|p1|Garchomp, L50, F|\n|poke|p1|Ninetales-Alola, L50, F|\n|poke|p2|Aggron, L50, M|\n|poke|p2|Pelipper, L50, M|\n|poke|p2|Sinistcha, L50|\n|poke|p2|Archaludon, L50, F|\n|poke|p2|Garchomp, L50, F|\n|poke|p2|Slowbro, L50, F|\n|teampreview|4\n|inactive|Battle timer is ON: inactive players will automatically lose when time's up. (requested by viroxzyn)\n|\n|t:|1776560490\n|teamsize|p1|4\n|teamsize|p2|4\n|start\n|switch|p1a: Incineroar|Incineroar, L50, M|100/100\n|switch|p1b: Farigiraf|Farigiraf, L50, M|100/100\n|switch|p2a: Pelipper|Pelipper, L50, M|100/100\n|switch|p2b: Slowbro|Slowbro, L50, F|100/100\n|-weather|RainDance|[from] ability: Drizzle|[of] p2a: Pelipper\n|-ability|p1a: Incineroar|Intimidate|boost\n|-unboost|p2a: Pelipper|atk|1\n|-unboost|p2b: Slowbro|atk|1\n|turn|1\n|\n|t:|1776560516\n|switch|p2a: Sinistcha|Sinistcha, L50|100/100\n|move|p1a: Incineroar|Fake Out|p2a: Sinistcha\n|-immune|p2a: Sinistcha\n|move|p1b: Farigiraf|Imprison|p1b: Farigiraf\n|-start|p1b: Farigiraf|move: Imprison\n|move|p2b: Slowbro|Scald|p1a: Incineroar\n|-supereffective|p1a: Incineroar|1\n|-damage|p1a: Incineroar|5/100\n|-enditem|p1a: Incineroar|Sitrus Berry|[eat]\n|-heal|p1a: Incineroar|30/100|[from] item: Sitrus Berry\n|\n|-weather|RainDance|[upkeep]\n|upkeep\n|turn|2\n|inactive|ojdokasod has 30 seconds left.\n|inactive|viroxzyn has 30 seconds left.\n|\n|t:|1776560549\n|switch|p2a: Pelipper|Pelipper, L50, M|100/100\n|move|p1a: Incineroar|Parting Shot|p2b: Slowbro\n|-unboost|p2b: Slowbro|atk|1\n|-unboost|p2b: Slowbro|spa|1\n|\n|t:|1776560555\n|switch|p1a: Kingambit|Kingambit, L50, M|100/100|[from] Parting Shot\n|move|p1b: Farigiraf|Hyper Voice|p2a: Pelipper|[spread] p2a,p2b\n|-damage|p2a: Pelipper|35/100\n|-damage|p2b: Slowbro|75/100\n|move|p2b: Slowbro|Scald|p1a: Kingambit\n|-damage|p1a: Kingambit|66/100\n|-status|p1a: Kingambit|brn\n|\n|-weather|RainDance|[upkeep]\n|-damage|p1a: Kingambit|60/100 brn|[from] brn\n|upkeep\n|turn|3\n|\n|t:|1776560573\n|switch|p2b: Aggron|Aggron, L50, M|100/100\n|move|p2a: Pelipper|Wide Guard|p2a: Pelipper\n|-singleturn|p2a: Pelipper|Wide Guard\n|move|p1a: Kingambit|Swords Dance|p1a: Kingambit\n|-boost|p1a: Kingambit|atk|2\n|move|p1b: Farigiraf|Hyper Voice|p2b: Aggron|[spread] \n|-activate|p2a: Pelipper|move: Wide Guard\n|-activate|p2b: Aggron|move: Wide Guard\n|\n|-weather|RainDance|[upkeep]\n|-damage|p1a: Kingambit|54/100 brn|[from] brn\n|upkeep\n|turn|4\n|\n|t:|1776560593\n|switch|p1a: Incineroar|Incineroar, L50, M|30/100\n|-ability|p1a: Incineroar|Intimidate|boost\n|-unboost|p2a: Pelipper|atk|1\n|-unboost|p2b: Aggron|atk|1\n|detailschange|p2b: Aggron|Aggron-Mega, L50, M\n|-mega|p2b: Aggron|Aggron|Aggronite\n|move|p2a: Pelipper|Tailwind|p2a: Pelipper\n|-sidestart|p2: viroxzyn|move: Tailwind\n|move|p2b: Aggron|Body Press|p1a: Incineroar\n|-supereffective|p1a: Incineroar|1\n|-damage|p1a: Incineroar|0 fnt\n|faint|p1a: Incineroar\n|move|p1b: Farigiraf|Psychic|p2a: Pelipper\n|-damage|p2a: Pelipper|0 fnt\n|faint|p2a: Pelipper\n|\n|-weather|RainDance|[upkeep]\n|upkeep\n|\n|t:|1776560610\n|switch|p2a: Slowbro|Slowbro, L50, F|100/100\n|switch|p1a: Kingambit|Kingambit, L50, M|54/100 brn\n|turn|5\n|\n|t:|1776560625\n|switch|p2a: Sinistcha|Sinistcha, L50|100/100\n|move|p1a: Kingambit|Sucker Punch||[still]\n|-fail|p1a: Kingambit\n|move|p2b: Aggron|Body Press|p1a: Kingambit\n|-supereffective|p1a: Kingambit|2\n|-enditem|p1a: Kingambit|Chople Berry|[eat]\n|-enditem|p1a: Kingambit|Chople Berry|[weaken]\n|-damage|p1a: Kingambit|0 fnt\n|faint|p1a: Kingambit\n|move|p1b: Farigiraf|Hyper Voice|p2b: Aggron|[spread] p2b\n|-immune|p2a: Sinistcha\n|-resisted|p2b: Aggron|1\n|-damage|p2b: Aggron|82/100\n|\n|-weather|none\n|upkeep\n|\n|t:|1776560637\n|switch|p1a: Garchomp|Garchomp, L50, F|100/100\n|turn|6\n|\n|t:|1776560643\n|switch|p2b: Slowbro|Slowbro, L50, F|100/100\n|move|p1a: Garchomp|Earth Power|p2b: Slowbro\n|-damage|p2b: Slowbro|71/100\n|move|p2a: Sinistcha|Matcha Gotcha|p1a: Garchomp|[spread] p1a,p1b\n|-damage|p1a: Garchomp|74/100\n|-damage|p1b: Farigiraf|76/100\n|move|p1b: Farigiraf|Imprison||[still]\n|-fail|p1b: Farigiraf\n|\n|upkeep\n|turn|7\n|\n|t:|1776560664\n|move|p1a: Garchomp|Earth Power|p2b: Slowbro\n|-damage|p2b: Slowbro|41/100\n|move|p2a: Sinistcha|Matcha Gotcha|p1b: Farigiraf|[spread] p1a,p1b\n|-damage|p1a: Garchomp|48/100\n|-damage|p1b: Farigiraf|49/100\n|move|p2b: Slowbro|Scald|p1a: Garchomp\n|-crit|p1a: Garchomp\n|-damage|p1a: Garchomp|9/100\n|-status|p1a: Garchomp|brn\n|move|p1b: Farigiraf|Psychic|p2a: Sinistcha\n|-damage|p2a: Sinistcha|50/100\n|-enditem|p2a: Sinistcha|Sitrus Berry|[eat]\n|-heal|p2a: Sinistcha|75/100|[from] item: Sitrus Berry\n|\n|-damage|p1a: Garchomp|3/100 brn|[from] brn\n|-sideend|p2: viroxzyn|move: Tailwind\n|upkeep\n|turn|8\n|-message|ojdokasod forfeited.\n|\n|win|viroxzyn\n|raw|ojdokasod's rating: 1156 &rarr; <strong>1138</strong><br />(-18 for losing)\n|raw|viroxzyn's rating: 1262 &rarr; <strong>1280</strong><br />(+18 for winning)\n|l|\u2606ojdokasod\n|player|p1|\n",
  "uploadtime": 1776560683,
  "views": 18,
  "formatid": "gen9championsvgc2026regma",
  "rating": 1138,
  "private": 0,
  "password": null
}