{
  "id": "gen9championsvgc2026regma-2584143668",
  "format": "[Gen 9 Champions] VGC 2026 Reg M-A",
  "players": [
    "Beckycita",
    "treeckomain"
  ],
  "log": "|j|\u2606Beckycita\n|j|\u2606treeckomain\n|t:|1776230198\n|gametype|doubles\n|player|p1|Beckycita|burgh|1090\n|player|p2|treeckomain|266|1000\n|gen|9\n|tier|[Gen 9 Champions] VGC 2026 Reg M-A\n|rated|\n|rule|Species Clause: Limit one of each Pok\u00e9mon\n|rule|Item Clause: Limit 1 of each item\n|clearpoke\n|poke|p1|Chesnaught, L50, M|\n|poke|p1|Glimmora, L50, M|\n|poke|p1|Klefki, L50, M|\n|poke|p1|Starmie, L50|\n|poke|p1|Samurott-Hisui, L50, F|\n|poke|p1|Raichu-Alola, L50, M|\n|poke|p2|Klefki, L50, F|\n|poke|p2|Basculegion, L50, M|\n|poke|p2|Archaludon, L50, M|\n|poke|p2|Pelipper, L50, M|\n|poke|p2|Meganium, L50, F|\n|poke|p2|Incineroar, L50, F|\n|teampreview|4\n|\n|t:|1776230228\n|teamsize|p1|4\n|teamsize|p2|4\n|start\n|switch|p1a: Chesnaught|Chesnaught, L50, M|100/100\n|switch|p1b: Raichu|Raichu-Alola, L50, M|100/100\n|switch|p2a: Pelipper|Pelipper, L50, M|100/100\n|switch|p2b: Archaludon|Archaludon, L50, M|100/100\n|-weather|RainDance|[from] ability: Drizzle|[of] p2a: Pelipper\n|turn|1\n|\n|t:|1776230251\n|detailschange|p1a: Chesnaught|Chesnaught-Mega, L50, M\n|-mega|p1a: Chesnaught|Chesnaught|Chesnaughtite\n|move|p1a: Chesnaught|Spiky Shield|p1a: Chesnaught\n|-singleturn|p1a: Chesnaught|move: Protect\n|move|p1b: Raichu|Fake Out|p2a: Pelipper\n|-damage|p2a: Pelipper|93/100\n|move|p2b: Archaludon|Electro Shot||[still]\n|-prepare|p2b: Archaludon|Electro Shot\n|-boost|p2b: Archaludon|spa|1\n|-anim|p2b: Archaludon|Electro Shot|p1a: Chesnaught\n|-activate|p1a: Chesnaught|move: Protect\n|cant|p2a: Pelipper|flinch\n|\n|-weather|RainDance|[upkeep]\n|upkeep\n|turn|2\n|\n|t:|1776230286\n|move|p2a: Pelipper|Protect|p2a: Pelipper\n|-singleturn|p2a: Pelipper|Protect\n|move|p1b: Raichu|Thunder|p2a: Pelipper\n|-activate|p2a: Pelipper|move: Protect\n|move|p2b: Archaludon|Draco Meteor|p1a: Chesnaught|[miss]\n|-miss|p2b: Archaludon|p1a: Chesnaught\n|move|p1a: Chesnaught|Iron Defense|p1a: Chesnaught\n|-boost|p1a: Chesnaught|def|2\n|\n|-weather|RainDance|[upkeep]\n|upkeep\n|turn|3\n|\n|t:|1776230309\n|switch|p2a: Meganium|Meganium, L50, F|100/100\n|move|p1b: Raichu|Thunder|p2a: Meganium\n|-resisted|p2a: Meganium|1\n|-damage|p2a: Meganium|73/100\n|move|p2b: Archaludon|Draco Meteor|p1b: Raichu\n|-damage|p1b: Raichu|0 fnt\n|-unboost|p2b: Archaludon|spa|2\n|faint|p1b: Raichu\n|move|p1a: Chesnaught|Body Press|p2b: Archaludon\n|-supereffective|p2b: Archaludon|1\n|-damage|p2b: Archaludon|0 fnt\n|faint|p2b: Archaludon\n|\n|-weather|RainDance|[upkeep]\n|upkeep\n|\n|t:|1776230331\n|switch|p1b: Glimmora|Glimmora, L50, M|100/100\n|switch|p2b: Basculegion|Basculegion, L50, M|100/100\n|turn|4\n|\n|t:|1776230360\n|detailschange|p2a: Meganium|Meganium-Mega, L50, F\n|-mega|p2a: Meganium|Meganium|Meganiumite\n|move|p2b: Basculegion|Wave Crash|p1b: Glimmora\n|-supereffective|p1b: Glimmora|1\n|-enditem|p1b: Glimmora|Focus Sash\n|-damage|p1b: Glimmora|1/100\n|-activate|p1b: Glimmora|ability: Toxic Debris\n|-sidestart|p2: treeckomain|move: Toxic Spikes\n|-damage|p2b: Basculegion|74/100|[from] Recoil\n|move|p1b: Glimmora|Sludge Bomb|p2a: Meganium\n|-supereffective|p2a: Meganium|2\n|-damage|p2a: Meganium|0 fnt\n|faint|p2a: Meganium\n|move|p1a: Chesnaught|Knock Off|p2b: Basculegion\n|-supereffective|p2b: Basculegion|1\n|-damage|p2b: Basculegion|1/100\n|-enditem|p2b: Basculegion|Choice Scarf|[from] move: Knock Off|[of] p1a: Chesnaught\n|\n|-weather|RainDance|[upkeep]\n|upkeep\n|\n|t:|1776230375\n|switch|p2a: Pelipper|Pelipper, L50, M|93/100\n|turn|5\n|\n|t:|1776230401\n|move|p1a: Chesnaught|Spiky Shield|p1a: Chesnaught\n|-singleturn|p1a: Chesnaught|move: Protect\n|move|p1b: Glimmora|Power Gem|p2a: Pelipper\n|-supereffective|p2a: Pelipper|1\n|-damage|p2a: Pelipper|0 fnt\n|faint|p2a: Pelipper\n|move|p2b: Basculegion|Last Respects|p1b: Glimmora\n|-damage|p1b: Glimmora|0 fnt\n|-activate|p1b: Glimmora|ability: Toxic Debris\n|-sidestart|p2: treeckomain|move: Toxic Spikes\n|faint|p1b: Glimmora\n|\n|-weather|none\n|upkeep\n|\n|t:|1776230410\n|switch|p1b: Samurott|Samurott-Hisui, L50, F|100/100\n|turn|6\n|\n|t:|1776230421\n|move|p1b: Samurott|Ceaseless Edge|p2b: Basculegion\n|-supereffective|p2b: Basculegion|1\n|-damage|p2b: Basculegion|0 fnt\n|-sidestart|p2: treeckomain|Spikes\n|faint|p2b: Basculegion\n|\n|win|Beckycita\n|raw|Beckycita's rating: 1090 &rarr; <strong>1110</strong><br />(+20 for winning)\n|raw|treeckomain's rating: 1000 &rarr; <strong>1000</strong><br />(+0 for losing)\n|l|\u2606treeckomain\n|player|p2|\n|c|\u2606Beckycita|finally it worked lmao\n",
  "uploadtime": 1776230459,
  "views": 15,
  "formatid": "gen9championsvgc2026regma",
  "rating": 1000,
  "private": 0,
  "password": null
}