{
  "id": "gen9championsvgc2026regma-2588915121",
  "format": "[Gen 9 Champions] VGC 2026 Reg M-A",
  "players": [
    "Pazou<3",
    "ray_game0"
  ],
  "log": "|j|\u2606Pazou<3\n|j|\u2606ray_game0\n|t:|1776685457\n|gametype|doubles\n|player|p1|Pazou<3|ninjaboy|1131\n|player|p2|ray_game0|2|1084\n|gen|9\n|tier|[Gen 9 Champions] VGC 2026 Reg M-A\n|rated|\n|rule|Species Clause: Limit one of each Pok\u00e9mon\n|rule|Item Clause: Limit 1 of each item\n|clearpoke\n|poke|p1|Lucario, L50, M|\n|poke|p1|Clefable, L50, F|\n|poke|p1|Scovillain, L50, F|\n|poke|p1|Sneasler, L50, M|\n|poke|p1|Basculegion, L50, M|\n|poke|p1|Weavile, L50, F|\n|poke|p2|Basculegion, L50, M|\n|poke|p2|Glalie, L50, M|\n|poke|p2|Whimsicott, L50, F|\n|poke|p2|Sneasler, L50, M|\n|poke|p2|Gardevoir, L50, F|\n|poke|p2|Hatterene, L50, F|\n|teampreview|4\n|c|\u2606Pazou<3|hf\n|\n|t:|1776685485\n|teamsize|p1|4\n|teamsize|p2|4\n|start\n|switch|p1a: vilemoggler|Weavile, L50, F|100/100\n|switch|p1b: AURAFARMED|Lucario, L50, M|100/100\n|switch|p2a: Glalie|Glalie, L50, M|100/100\n|switch|p2b: Whimsicott|Whimsicott, L50, F|100/100\n|turn|1\n|\n|t:|1776685503\n|detailschange|p1b: AURAFARMED|Lucario-Mega, L50, M\n|-mega|p1b: AURAFARMED|Lucario|Lucarionite\n|move|p2b: Whimsicott|Protect|p2b: Whimsicott\n|-singleturn|p2b: Whimsicott|Protect\n|move|p2a: Glalie|Protect|p2a: Glalie\n|-singleturn|p2a: Glalie|Protect\n|move|p1a: vilemoggler|Fake Out|p2b: Whimsicott\n|-activate|p2b: Whimsicott|move: Protect\n|move|p1b: AURAFARMED|Close Combat|p2a: Glalie\n|-activate|p2a: Glalie|move: Protect\n|\n|upkeep\n|turn|2\n|\n|t:|1776685523\n|detailschange|p2a: Glalie|Glalie-Mega, L50, M\n|-mega|p2a: Glalie|Glalie|Glalitite\n|move|p1b: AURAFARMED|Protect|p1b: AURAFARMED\n|-singleturn|p1b: AURAFARMED|Protect\n|move|p1a: vilemoggler|Upper Hand||[still]\n|-fail|p1a: vilemoggler\n|move|p2b: Whimsicott|Tailwind|p2b: Whimsicott\n|-sidestart|p2: ray_game0|move: Tailwind\n|move|p2a: Glalie|Explosion|p1a: vilemoggler|[spread] p2b,p1a\n|-activate|p1b: AURAFARMED|move: Protect\n|-supereffective|p2b: Whimsicott|1\n|-resisted|p1a: vilemoggler|1\n|-damage|p2b: Whimsicott|0 fnt\n|-enditem|p1a: vilemoggler|Focus Sash\n|-damage|p1a: vilemoggler|1/100\n|faint|p2a: Glalie\n|faint|p2b: Whimsicott\n|\n|upkeep\n|c|\u2606Pazou<3|wth xD\n|\n|t:|1776685538\n|switch|p2b: Sneasler|Sneasler, L50, M|100/100\n|switch|p2a: Basculegion|Basculegion, L50, M|100/100\n|turn|3\n|\n|t:|1776685549\n|move|p2b: Sneasler|Fake Out|p1b: AURAFARMED\n|-resisted|p1b: AURAFARMED|1\n|-damage|p1b: AURAFARMED|89/100\n|move|p1a: vilemoggler|Upper Hand||[still]\n|-fail|p1a: vilemoggler\n|move|p2a: Basculegion|Aqua Jet|p1a: vilemoggler\n|-damage|p1a: vilemoggler|0 fnt\n|faint|p1a: vilemoggler\n|cant|p1b: AURAFARMED|flinch\n|\n|upkeep\n|\n|t:|1776685557\n|switch|p1a: moggler|Sneasler, L50, M|100/100\n|turn|4\n|\n|t:|1776685575\n|move|p1a: moggler|Fake Out|p2b: Sneasler\n|-damage|p2b: Sneasler|77/100\n|cant|p2b: Sneasler|flinch\n|move|p2a: Basculegion|Last Respects|p1b: AURAFARMED\n|-damage|p1b: AURAFARMED|0 fnt\n|faint|p1b: AURAFARMED\n|\n|upkeep\n|\n|t:|1776685581\n|switch|p1b: mogglegion|Basculegion, L50, M|100/100\n|turn|5\n|c|\u2606Pazou<3|gg\n|\n|t:|1776685593\n|move|p2b: Sneasler|Close Combat|p1a: moggler\n|-resisted|p1a: moggler|1\n|-damage|p1a: moggler|42/100\n|-unboost|p2b: Sneasler|def|1\n|-unboost|p2b: Sneasler|spd|1\n|-enditem|p2b: Sneasler|White Herb\n|-clearnegativeboost|p2b: Sneasler|[silent]\n|move|p2a: Basculegion|Last Respects|p1b: mogglegion\n|-supereffective|p1b: mogglegion|1\n|-damage|p1b: mogglegion|0 fnt\n|faint|p1b: mogglegion\n|move|p1a: moggler|Close Combat|p2b: Sneasler\n|-resisted|p2b: Sneasler|1\n|-damage|p2b: Sneasler|25/100\n|-unboost|p1a: moggler|def|1\n|-unboost|p1a: moggler|spd|1\n|-enditem|p1a: moggler|White Herb\n|-clearnegativeboost|p1a: moggler|[silent]\n|\n|-sideend|p2: ray_game0|move: Tailwind\n|upkeep\n|turn|6\n|\n|t:|1776685612\n|move|p1a: moggler|Close Combat|p2b: Sneasler\n|-resisted|p2b: Sneasler|1\n|-damage|p2b: Sneasler|0 fnt\n|-unboost|p1a: moggler|def|1\n|-unboost|p1a: moggler|spd|1\n|faint|p2b: Sneasler\n|move|p2a: Basculegion|Last Respects|p1a: moggler\n|-damage|p1a: moggler|0 fnt\n|faint|p1a: moggler\n|\n|win|ray_game0\n",
  "uploadtime": 1776685460,
  "views": 9,
  "formatid": "gen9championsvgc2026regma",
  "rating": null,
  "private": 0,
  "password": null
}