{
  "id": "gen9championsvgc2026regma-2583620695",
  "format": "[Gen 9 Champions] VGC 2026 Reg M-A",
  "players": [
    "MegaJanicool",
    "Sverios"
  ],
  "log": "|j|\u2606MegaJanicool\n|j|\u2606Sverios\n|t:|1776187012\n|gametype|doubles\n|player|p1|MegaJanicool|volkner|1053\n|player|p2|Sverios|ghetsis|1075\n|gen|9\n|tier|[Gen 9 Champions] VGC 2026 Reg M-A\n|rated|\n|rule|Species Clause: Limit one of each Pok\u00e9mon\n|rule|Item Clause: Limit 1 of each item\n|clearpoke\n|poke|p1|Toxapex, L50, M|\n|poke|p1|Umbreon, L50, F|\n|poke|p1|Golurk, L50|\n|poke|p1|Bastiodon, L50, M|\n|poke|p1|Tyranitar, L50, F|\n|poke|p1|Incineroar, L50, F|\n|poke|p2|Tyranitar, L50, F|\n|poke|p2|Excadrill, L50, M|\n|poke|p2|Incineroar, L50, M|\n|poke|p2|Sneasler, L50, M|\n|poke|p2|Milotic, L50, M|\n|poke|p2|Whimsicott, L50, F|\n|teampreview|4\n|inactive|Battle timer is ON: inactive players will automatically lose when time's up. (requested by MegaJanicool)\nMegaJanicool has agreed to open team sheets.\n|\n|t:|1776187042\n|teamsize|p1|4\n|teamsize|p2|4\n|start\n|switch|p1a: Golurk|Golurk, L50|100/100\n|switch|p1b: Umbreon|Umbreon, L50, F|100/100\n|switch|p2a: Sneasler|Sneasler, L50, M|100/100\n|switch|p2b: Incineroar|Incineroar, L50, M|100/100\n|turn|1\n|\n|t:|1776187055\n|move|p2b: Incineroar|Fake Out|p1b: Umbreon\n|-damage|p1b: Umbreon|89/100\n|move|p2a: Sneasler|Close Combat|p1b: Umbreon\n|-supereffective|p1b: Umbreon|1\n|-damage|p1b: Umbreon|0 fnt\n|-unboost|p2a: Sneasler|def|1\n|-unboost|p2a: Sneasler|spd|1\n|faint|p1b: Umbreon\n|-enditem|p2a: Sneasler|White Herb\n|-clearnegativeboost|p2a: Sneasler|[silent]\n|move|p1a: Golurk|Dynamic Punch|p2b: Incineroar\n|-supereffective|p2b: Incineroar|1\n|-damage|p2b: Incineroar|49/100\n|-start|p2b: Incineroar|confusion\n|\n|upkeep\n|\n|t:|1776187071\n|switch|p1b: Tyranitar|Tyranitar, L50, F|100/100\n|-weather|Sandstorm|[from] ability: Sand Stream|[of] p1b: Tyranitar\n|turn|2\n|-activate|p2b: Incineroar|item: Quick Claw\n|\n|t:|1776187089\n|move|p2a: Sneasler|Protect|p2a: Sneasler\n|-singleturn|p2a: Sneasler|Protect\n|move|p1b: Tyranitar|Protect|p1b: Tyranitar\n|-singleturn|p1b: Tyranitar|Protect\n|-activate|p2b: Incineroar|confusion\n|-damage|p2b: Incineroar|37/100|[from] confusion\n|move|p1a: Golurk|Reflect|p1a: Golurk\n|-sidestart|p1: MegaJanicool|Reflect\n|\n|-weather|Sandstorm|[upkeep]\n|-damage|p2a: Sneasler|95/100|[from] Sandstorm\n|-damage|p2b: Incineroar|31/100|[from] Sandstorm\n|upkeep\n|turn|3\n|\n|t:|1776187101\n|detailschange|p1b: Tyranitar|Tyranitar-Mega, L50, F\n|-mega|p1b: Tyranitar|Tyranitar|Tyranitarite\n|move|p2a: Sneasler|Close Combat|p1b: Tyranitar\n|-supereffective|p1b: Tyranitar|2\n|-damage|p1b: Tyranitar|0 fnt\n|-unboost|p2a: Sneasler|def|1\n|-unboost|p2a: Sneasler|spd|1\n|faint|p1b: Tyranitar\n|-activate|p2b: Incineroar|confusion\n|move|p2b: Incineroar|Parting Shot|p1a: Golurk\n|-unboost|p1a: Golurk|atk|1\n|-unboost|p1a: Golurk|spa|1\n|\n|t:|1776187111\n|switch|p2b: Excadrill|Excadrill, L50, M|100/100|[from] Parting Shot\n|move|p1a: Golurk|Dynamic Punch|p2a: Sneasler\n|-resisted|p2a: Sneasler|1\n|-damage|p2a: Sneasler|70/100\n|-start|p2a: Sneasler|confusion\n|\n|-weather|Sandstorm|[upkeep]\n|-damage|p2a: Sneasler|64/100|[from] Sandstorm\n|upkeep\n|\n|t:|1776187121\n|switch|p1b: Bastiodon|Bastiodon, L50, M|100/100\n|turn|4\n|\n|t:|1776187130\n|-activate|p2a: Sneasler|confusion\n|-damage|p2a: Sneasler|23/100|[from] confusion\n|move|p2b: Excadrill|Earthquake|p1b: Bastiodon|[spread] p2a,p1a,p1b\n|-supereffective|p2a: Sneasler|1\n|-supereffective|p1b: Bastiodon|2\n|-damage|p2a: Sneasler|0 fnt\n|-damage|p1a: Golurk|65/100\n|-damage|p1b: Bastiodon|41/100\n|faint|p2a: Sneasler\n|move|p1a: Golurk|Dynamic Punch|p2b: Excadrill\n|-supereffective|p2b: Excadrill|1\n|-damage|p2b: Excadrill|49/100\n|-start|p2b: Excadrill|confusion\n|move|p1b: Bastiodon|Body Press|p2b: Excadrill\n|-supereffective|p2b: Excadrill|1\n|-damage|p2b: Excadrill|0 fnt\n|faint|p2b: Excadrill\n|\n|-weather|Sandstorm|[upkeep]\n|-heal|p1b: Bastiodon|47/100|[from] item: Leftovers\n|upkeep\n|\n|t:|1776187146\n|switch|p2a: Tyranitar|Tyranitar, L50, F|100/100\n|switch|p2b: Incineroar|Incineroar, L50, M|31/100\n|turn|5\n|\n|t:|1776187158\n|detailschange|p2a: Tyranitar|Tyranitar-Mega, L50, F\n|-mega|p2a: Tyranitar|Tyranitar|Tyranitarite\n|move|p2b: Incineroar|Fake Out|p1b: Bastiodon\n|-resisted|p1b: Bastiodon|2\n|-damage|p1b: Bastiodon|46/100\n|move|p2a: Tyranitar|Knock Off|p1a: Golurk\n|-supereffective|p1a: Golurk|1\n|-damage|p1a: Golurk|0 fnt\n|-enditem|p1a: Golurk|Focus Sash|[from] move: Knock Off|[of] p2a: Tyranitar\n|faint|p1a: Golurk\n|cant|p1b: Bastiodon|flinch\n|\n|-weather|Sandstorm|[upkeep]\n|-damage|p2b: Incineroar|25/100|[from] Sandstorm\n|-heal|p1b: Bastiodon|52/100|[from] item: Leftovers\n|upkeep\n|turn|6\n|\n|t:|1776187175\n|move|p2a: Tyranitar|Low Kick|p1b: Bastiodon\n|-supereffective|p1b: Bastiodon|2\n|-damage|p1b: Bastiodon|0 fnt\n|faint|p1b: Bastiodon\n|\n|win|Sverios\n|raw|MegaJanicool's rating: 1053 &rarr; <strong>1036</strong><br />(-17 for losing)\n|raw|Sverios's rating: 1075 &rarr; <strong>1102</strong><br />(+27 for winning)\n|l|\u2606MegaJanicool\n|player|p1|\n",
  "uploadtime": 1776187187,
  "views": 15,
  "formatid": "gen9championsvgc2026regma",
  "rating": 1036,
  "private": 0,
  "password": null
}