{
  "id": "gen9championsvgc2026regma-2584228147",
  "format": "[Gen 9 Champions] VGC 2026 Reg M-A",
  "players": [
    "MareeohYT",
    "mynamegrassgreen"
  ],
  "log": "|j|\u2606MareeohYT\n|j|\u2606mynamegrassgreen\n|t:|1776240695\n|gametype|doubles\n|player|p1|MareeohYT|#smogonxnpa2025draftee|\n|player|p2|mynamegrassgreen|170|\n|gen|9\n|tier|[Gen 9 Champions] VGC 2026 Reg M-A\n|rated|Tournament battle\n|rule|Species Clause: Limit one of each Pok\u00e9mon\n|rule|Item Clause: Limit 1 of each item\n|raw|<div class=\"infobox\"><details class=\"readmore\" open><summary><strong>1 custom rule:</strong></summary> Force Open Team Sheets</details></div>\n|clearpoke\n|poke|p1|Sneasler, L50, F|\n|poke|p1|Delphox, L50, F|\n|poke|p1|Clefable, L50, F|\n|poke|p1|Kingambit, L50, F|\n|poke|p1|Garchomp, L50, F|\n|poke|p1|Basculegion, L50, M|\n|poke|p2|Kommo-o, L50, F|\n|poke|p2|Gengar, L50, M|\n|poke|p2|Whimsicott, L50, F|\n|poke|p2|Sinistcha-Masterpiece, L50|\n|poke|p2|Incineroar, L50, M|\n|poke|p2|Tyranitar, L50, M|\n|teampreview|4\n|showteam|p1|Sneasler||WhiteHerb|Unburden|CloseCombat,DireClaw,FakeOut,Protect|||F|||50|]Delphox||Delphoxite|Blaze|HeatWave,Psychic,Substitute,Protect|||F|||50|]Clefable||SitrusBerry|Unaware|HelpingHand,FollowMe,Moonblast,Protect|||F|||50|]Kingambit||BlackGlasses|Defiant|KowtowCleave,SuckerPunch,Protect,SwordsDance|||F|||50|]Garchomp||HabanBerry|RoughSkin|Earthquake,ScaleShot,RockSlide,Protect|||F|||50|]Basculegion||ChoiceScarf|Adaptability|WaveCrash,FlipTurn,LastRespects,AquaJet|||M|||50|\n|showteam|p2|Kommo-o||Leftovers|Overcoat|ClangorousSoul,ClangingScales,AuraSphere,Protect|||F|||50|]Gengar||Gengarite|CursedBody|ShadowBall,PerishSong,Substitute,Protect|||M|||50|]Whimsicott||FocusSash|Prankster|Moonblast,Encore,Tailwind,Protect|||F|||50|]Sinistcha-Masterpiece||SitrusBerry|Hospitality|MatchaGotcha,RagePowder,TrickRoom,StrengthSap||||||50|]Incineroar||ShucaBerry|Intimidate|FakeOut,FlareBlitz,Protect,PartingShot|||M|||50|]Tyranitar||ChoiceScarf|SandStream|RockSlide,KnockOff,StoneEdge,LowKick|||M|||50|\n|j| fyfyyalt1\n|j|%defiantvgc\n|c|\u2606mynamegrassgreen|glhf\n|c|\u2606mynamegrassgreen|so can u send out that koraidon?\n|j|%llefface\n|c|\u2606MareeohYT|no\n|c|\u2606mynamegrassgreen|weak\n|c|\u2606MareeohYT|I can not\n|c|%defiantvgc|mareeoh actually can summon sun whenever he wants\n|c|\u2606mynamegrassgreen|learn from ask Ketchum\n|c|%llefface|Side perk of being australian\n|c|%llefface|People from arizona also get it\n|c|\u2606MareeohYT|I burn the sun\n|c|\u2606mynamegrassgreen|besides from walking upside down ;D\n|c|%defiantvgc|\"I burn the sun\" are u chuck norris\n|c|\u2606mynamegrassgreen|I have a piece of rock and IM NOT afraid to use it\n|c|\u2606mynamegrassgreen|!dt hapan\n|error|'hapan' doesn't match any Pok\u00e9mon, item, move, ability or nature. (Check your spelling?)\n|c|\u2606mynamegrassgreen|!dt haban\n|c|\u2606mynamegrassgreen|/raw <ul class=\"utilichart\"><li class=\"result\"><span class=\"col itemiconcol\"><psicon item=\"habanberry\"></span> <span class=\"col namecol\"><a href=\"https://dex.pokemonshowdown.com/items/habanberry\">Haban Berry</a></span> <span class=\"col itemdesccol\">Halves damage taken from a supereffective Dragon-type attack. Single use.</span> </li><li style=\"clear:both\"></li></ul>\n|c|\u2606mynamegrassgreen|/raw <font size=\"1\"><font color=\"#686868\">Gen:</font> 4&nbsp;|&ThickSpace;<font color=\"#686868\">Fling Base Power:</font> 10&nbsp;|&ThickSpace;<font color=\"#686868\">Fling Effect:</font> Activates the Berry's effect on the target.&nbsp;|&ThickSpace;<font color=\"#686868\">Natural Gift Type:</font> Dragon&nbsp;|&ThickSpace;<font color=\"#686868\">Natural Gift Base Power:</font> 80</font>\n\n|c|\u2606mynamegrassgreen|mhmhmmh\n|c|%llefface|L\n|c|\u2606mynamegrassgreen|!dt L\n|error|'L' doesn't match any Pok\u00e9mon, item, move, ability or nature. (Check your spelling?)\n|j| pancham9\n|\n|t:|1776240850\n|teamsize|p1|4\n|teamsize|p2|4\n|start\n|switch|p1a: Kingambit|Kingambit, L50, F|100/100\n|switch|p1b: Clefable|Clefable, L50, F|100/100\n|switch|p2a: STAY WITH ME \ud83c\udfb5|Gengar, L50, M|100/100\n|switch|p2b: thinking of name|Tyranitar, L50, M|100/100\n|-weather|Sandstorm|[from] ability: Sand Stream|[of] p2b: thinking of name\n|turn|1\n|\n|t:|1776240876\n|detailschange|p2a: STAY WITH ME \ud83c\udfb5|Gengar-Mega, L50, M\n|-mega|p2a: STAY WITH ME \ud83c\udfb5|Gengar|Gengarite\n|move|p1b: Clefable|Follow Me|p1b: Clefable\n|-singleturn|p1b: Clefable|move: Follow Me\n|move|p2a: STAY WITH ME \ud83c\udfb5|Substitute|p2a: STAY WITH ME \ud83c\udfb5\n|-start|p2a: STAY WITH ME \ud83c\udfb5|Substitute\n|-damage|p2a: STAY WITH ME \ud83c\udfb5|76/100\n|move|p2b: thinking of name|Low Kick|p1b: Clefable\n|-resisted|p1b: Clefable|1\n|-damage|p1b: Clefable|92/100\n|move|p1a: Kingambit|Kowtow Cleave|p2a: STAY WITH ME \ud83c\udfb5\n|-supereffective|p2a: STAY WITH ME \ud83c\udfb5|1\n|-end|p2a: STAY WITH ME \ud83c\udfb5|Substitute\n|\n|-weather|Sandstorm|[upkeep]\n|-damage|p2a: STAY WITH ME \ud83c\udfb5|70/100|[from] Sandstorm\n|-damage|p1b: Clefable|86/100|[from] Sandstorm\n|upkeep\n|turn|2\n|j| A Regu1ar Guy\n|j| Copper05\n|\n|t:|1776240900\n|switch|p2a: LET IT RIP|Kommo-o, L50, F|100/100\n|move|p1b: Clefable|Follow Me|p1b: Clefable\n|-singleturn|p1b: Clefable|move: Follow Me\n|move|p2b: thinking of name|Low Kick|p1b: Clefable\n|-resisted|p1b: Clefable|1\n|-damage|p1b: Clefable|77/100\n|move|p1a: Kingambit|Kowtow Cleave|p2a: LET IT RIP\n|-resisted|p2a: LET IT RIP|1\n|-damage|p2a: LET IT RIP|78/100\n|\n|-weather|Sandstorm|[upkeep]\n|-damage|p1b: Clefable|71/100|[from] Sandstorm\n|-heal|p2a: LET IT RIP|84/100|[from] item: Leftovers\n|upkeep\n|turn|3\n|\n|t:|1776240919\n|move|p2a: LET IT RIP|Protect|p2a: LET IT RIP\n|-singleturn|p2a: LET IT RIP|Protect\n|move|p1a: Kingambit|Protect|p1a: Kingambit\n|-singleturn|p1a: Kingambit|Protect\n|move|p2b: thinking of name|Low Kick|p1a: Kingambit\n|-activate|p1a: Kingambit|move: Protect\n|move|p1b: Clefable|Moonblast|p2a: LET IT RIP\n|-activate|p2a: LET IT RIP|move: Protect\n|\n|-weather|Sandstorm|[upkeep]\n|-damage|p1b: Clefable|65/100|[from] Sandstorm\n|-heal|p2a: LET IT RIP|90/100|[from] item: Leftovers\n|upkeep\n|turn|4\n|\n|t:|1776240939\n|switch|p2b: :3|Whimsicott, L50, F|100/100\n|switch|p2a: STAY WITH ME \ud83c\udfb5|Gengar-Mega, L50, M|70/100\n|move|p1b: Clefable|Moonblast|p2a: STAY WITH ME \ud83c\udfb5\n|-resisted|p2a: STAY WITH ME \ud83c\udfb5|1\n|-damage|p2a: STAY WITH ME \ud83c\udfb5|53/100\n|move|p1a: Kingambit|Kowtow Cleave|p2a: STAY WITH ME \ud83c\udfb5\n|-supereffective|p2a: STAY WITH ME \ud83c\udfb5|1\n|-damage|p2a: STAY WITH ME \ud83c\udfb5|0 fnt\n|faint|p2a: STAY WITH ME \ud83c\udfb5\n|\n|-weather|Sandstorm|[upkeep]\n|-damage|p2b: :3|95/100|[from] Sandstorm\n|-damage|p1b: Clefable|59/100|[from] Sandstorm\n|upkeep\n|c|\u2606mynamegrassgreen|well this is hopeless\n|\n|t:|1776240951\n|switch|p2a: thinking of name|Tyranitar, L50, M|100/100\n|turn|5\n|\n|t:|1776240960\n|move|p1b: Clefable|Follow Me|p1b: Clefable\n|-singleturn|p1b: Clefable|move: Follow Me\n|move|p2a: thinking of name|Stone Edge|p1b: Clefable\n|-damage|p1b: Clefable|18/100\n|-enditem|p1b: Clefable|Sitrus Berry|[eat]\n|-heal|p1b: Clefable|43/100|[from] item: Sitrus Berry\n|move|p2b: :3|Moonblast|p1b: Clefable\n|-damage|p1b: Clefable|16/100\n|-unboost|p1b: Clefable|spa|1\n|move|p1a: Kingambit|Swords Dance|p1a: Kingambit\n|-boost|p1a: Kingambit|atk|2\n|\n|-weather|none\n|upkeep\n|turn|6\n|\n|t:|1776240975\n|switch|p2a: LET IT RIP|Kommo-o, L50, F|90/100\n|move|p1b: Clefable|Helping Hand|p1a: Kingambit\n|-singleturn|p1a: Kingambit|Helping Hand|[of] p1b: Clefable\n|move|p2b: :3|Moonblast|p1b: Clefable\n|-damage|p1b: Clefable|0 fnt\n|faint|p1b: Clefable\n|move|p1a: Kingambit|Kowtow Cleave|p2b: :3\n|-resisted|p2b: :3|1\n|-damage|p2b: :3|0 fnt\n|faint|p2b: :3\n|\n|-heal|p2a: LET IT RIP|96/100|[from] item: Leftovers\n|upkeep\n|\n|t:|1776240985\n|switch|p2b: thinking of name|Tyranitar, L50, M|100/100\n|switch|p1b: Sneasler|Sneasler, L50, F|100/100\n|-weather|Sandstorm|[from] ability: Sand Stream|[of] p2b: thinking of name\n|turn|7\n|\n|t:|1776241001\n|move|p1a: Kingambit|Sucker Punch||[still]\n|-fail|p1a: Kingambit\n|move|p1b: Sneasler|Close Combat|p2b: thinking of name\n|-supereffective|p2b: thinking of name|2\n|-damage|p2b: thinking of name|0 fnt\n|-unboost|p1b: Sneasler|def|1\n|-unboost|p1b: Sneasler|spd|1\n|faint|p2b: thinking of name\n|-enditem|p1b: Sneasler|White Herb\n|-clearnegativeboost|p1b: Sneasler|[silent]\n|move|p2a: LET IT RIP|Clangorous Soul|p2a: LET IT RIP\n|-boost|p2a: LET IT RIP|atk|1\n|-boost|p2a: LET IT RIP|def|1\n|-boost|p2a: LET IT RIP|spa|1\n|-boost|p2a: LET IT RIP|spd|1\n|-boost|p2a: LET IT RIP|spe|1\n|-damage|p2a: LET IT RIP|63/100\n|\n|-weather|Sandstorm|[upkeep]\n|-damage|p1b: Sneasler|95/100|[from] Sandstorm\n|-heal|p2a: LET IT RIP|70/100|[from] item: Leftovers\n|upkeep\n|turn|8\n|\n|t:|1776241008\n|move|p2a: LET IT RIP|Protect|p2a: LET IT RIP\n|-singleturn|p2a: LET IT RIP|Protect\n|move|p1a: Kingambit|Sucker Punch||[still]\n|-fail|p1a: Kingambit\n|move|p1b: Sneasler|Close Combat|p2a: LET IT RIP\n|-activate|p2a: LET IT RIP|move: Protect\n|\n|-weather|Sandstorm|[upkeep]\n|-damage|p1b: Sneasler|89/100|[from] Sandstorm\n|-heal|p2a: LET IT RIP|76/100|[from] item: Leftovers\n|upkeep\n|turn|9\n|\n|t:|1776241017\n|move|p1a: Kingambit|Sucker Punch|p2a: LET IT RIP\n|-resisted|p2a: LET IT RIP|1\n|-damage|p2a: LET IT RIP|50/100\n|move|p1b: Sneasler|Close Combat|p2a: LET IT RIP\n|-damage|p2a: LET IT RIP|18/100\n|-unboost|p1b: Sneasler|def|1\n|-unboost|p1b: Sneasler|spd|1\n|move|p2a: LET IT RIP|Aura Sphere|p1a: Kingambit\n|-supereffective|p1a: Kingambit|2\n|-damage|p1a: Kingambit|0 fnt\n|faint|p1a: Kingambit\n|\n|-weather|Sandstorm|[upkeep]\n|-damage|p1b: Sneasler|83/100|[from] Sandstorm\n|-heal|p2a: LET IT RIP|24/100|[from] item: Leftovers\n|upkeep\n|\n|t:|1776241022\n|switch|p1a: Delphox|Delphox, L50, F|100/100\n|turn|10\n|\n|t:|1776241028\n|detailschange|p1a: Delphox|Delphox-Mega, L50, F\n|-mega|p1a: Delphox|Delphox|Delphoxite\n|move|p1b: Sneasler|Close Combat|p2a: LET IT RIP\n|-damage|p2a: LET IT RIP|0 fnt\n|-unboost|p1b: Sneasler|def|1\n|-unboost|p1b: Sneasler|spd|1\n|faint|p2a: LET IT RIP\n|\n|win|MareeohYT\n|n|\u2606MareeohYT|mareeohyt\n|n|\u2606mynamegrassgreen|mynamegrassgreen\n|n| fyfyyalt1|fyfyyalt1\n|n| defiantvgc|defiantvgc\n|n| llefface|llefface\n|n| pancham9|pancham9\n|n| A Regu1ar Guy|aregu1arguy\n|n| Copper05|copper05\n",
  "uploadtime": 1776241028,
  "views": 15,
  "formatid": "gen9championsvgc2026regma",
  "rating": null,
  "private": 0,
  "password": null
}