{
  "id": "gen9championsvgc2026regma-2587098049",
  "format": "[Gen 9 Champions] VGC 2026 Reg M-A",
  "players": [
    "Daketsu",
    "Anditto612"
  ],
  "log": "|j|\u2606Daketsu\n|j|\u2606Anditto612\n|t:|1776493078\n|gametype|doubles\n|player|p1|Daketsu|swimmerf|1000\n|player|p2|Anditto612|169|1074\n|gen|9\n|tier|[Gen 9 Champions] VGC 2026 Reg M-A\n|rated|\n|rule|Species Clause: Limit one of each Pok\u00e9mon\n|rule|Item Clause: Limit 1 of each item\n|clearpoke\n|poke|p1|Beedrill, L50, M, shiny|\n|poke|p1|Kingambit, L50, F, shiny|\n|poke|p1|Weavile, L50, M|\n|poke|p1|Sinistcha, L50|\n|poke|p1|Toucannon, L50, F, shiny|\n|poke|p1|Blastoise, L50, M|\n|poke|p2|Typhlosion-Hisui, L50, M|\n|poke|p2|Whimsicott, L50, F|\n|poke|p2|Garchomp, L50, M|\n|poke|p2|Farigiraf, L50, F|\n|poke|p2|Primarina, L50, F|\n|poke|p2|Venusaur, L50, M|\n|teampreview|4\nAnditto612 has agreed to open team sheets.\n|c|\u2606Anditto612|Gl\nDaketsu rejected open team sheets.\n|\n|t:|1776493157\n|teamsize|p1|4\n|teamsize|p2|4\n|start\n|switch|p1a: Vibe Check|Beedrill, L50, M, shiny|100/100\n|switch|p1b: Weavile|Weavile, L50, M|100/100\n|switch|p2a: Whimsicott|Whimsicott, L50, F|100/100\n|switch|p2b: Igni|Typhlosion-Hisui, L50, M|100/100\n|-ability|p1b: Weavile|Pressure\n|-item|p1a: Vibe Check|Beedrillite|[from] ability: Frisk|[of] p2b: Igni\n|-item|p1b: Weavile|Focus Sash|[from] ability: Frisk|[of] p2b: Igni\n|turn|1\n|\n|t:|1776493179\n|detailschange|p1a: Vibe Check|Beedrill-Mega, L50, M, shiny\n|-mega|p1a: Vibe Check|Beedrill|Beedrillite\n|move|p1a: Vibe Check|Protect|p1a: Vibe Check\n|-singleturn|p1a: Vibe Check|Protect\n|move|p1b: Weavile|Fake Out|p2a: Whimsicott\n|-damage|p2a: Whimsicott|81/100\n|cant|p2a: Whimsicott|flinch\n|move|p2b: Igni|Eruption|p1a: Vibe Check|[spread] p1b\n|-activate|p1a: Vibe Check|move: Protect\n|-supereffective|p1b: Weavile|1\n|-enditem|p1b: Weavile|Focus Sash\n|-damage|p1b: Weavile|1/100\n|\n|upkeep\n|turn|2\n|inactive|Battle timer is ON: inactive players will automatically lose when time's up. (requested by Anditto612)\n|inactive|Daketsu has 60 seconds left.\n|\n|t:|1776493276\n|move|p2a: Whimsicott|Tailwind|p2a: Whimsicott\n|-sidestart|p2: Anditto612|move: Tailwind\n|move|p2b: Igni|Eruption|p1b: Weavile|[spread] p1a,p1b\n|-supereffective|p1a: Vibe Check|1\n|-supereffective|p1b: Weavile|1\n|-damage|p1a: Vibe Check|0 fnt\n|-damage|p1b: Weavile|0 fnt\n|faint|p1a: Vibe Check\n|faint|p1b: Weavile\n|\n|upkeep\n|\n|t:|1776493284\n|switch|p1a: Toucannon|Toucannon, L50, F, shiny|100/100\n|switch|p1b: Kingambit|Kingambit, L50, F, shiny|100/100\n|turn|3\n|inactive|Daketsu has 30 seconds left.\n|inactive|Anditto612 has 30 seconds left.\n|inactive|Daketsu has 20 seconds left.\n|inactive|Daketsu has 15 seconds left.\n|inactive|Daketsu has 10 seconds left.\n|inactive|Anditto612 has 20 seconds left.\n|inactive|Anditto612 has 15 seconds left.\n|\n|t:|1776493336\n|switch|p2b: Razor|Venusaur, L50, M|100/100\n|move|p2a: Whimsicott|Sunny Day|p2a: Whimsicott\n|-weather|SunnyDay\n|move|p1b: Kingambit|Sucker Punch||[still]\n|-fail|p1b: Kingambit\n|move|p1a: Toucannon|Tailwind|p1a: Toucannon\n|-sidestart|p1: Daketsu|move: Tailwind\n|\n|-weather|SunnyDay|[upkeep]\n|upkeep\n|turn|4\n|\n|t:|1776493361\n|move|p2a: Whimsicott|Encore|p1a: Toucannon\n|-start|p1a: Toucannon|Encore\n|move|p1b: Kingambit|Sucker Punch||[still]\n|-fail|p1b: Kingambit\n|move|p2b: Razor|Sleep Powder|p1b: Kingambit\n|-status|p1b: Kingambit|slp|[from] move: Sleep Powder\n|move|p1a: Toucannon|Tailwind||[still]\n|-fail|p1a: Toucannon\n|\n|-weather|SunnyDay|[upkeep]\n|upkeep\n|turn|5\n|\n|t:|1776493374\n|detailschange|p2b: Razor|Venusaur-Mega, L50, M\n|-mega|p2b: Razor|Venusaur|Venusaurite\n|move|p2a: Whimsicott|Moonblast|p1a: Toucannon\n|-damage|p1a: Toucannon|50/100\n|move|p1a: Toucannon|Tailwind||[still]\n|-fail|p1a: Toucannon\n|move|p2b: Razor|Earth Power|p1b: Kingambit\n|-supereffective|p1b: Kingambit|1\n|-damage|p1b: Kingambit|55/100 slp\n|cant|p1b: Kingambit|slp\n|\n|-weather|SunnyDay|[upkeep]\n|-heal|p1a: Toucannon|56/100|[from] item: Leftovers\n|-sideend|p2: Anditto612|move: Tailwind\n|upkeep\n|turn|6\n|\n|t:|1776493392\n|move|p1a: Toucannon|Tailwind||[still]\n|-fail|p1a: Toucannon\n|move|p2a: Whimsicott|Moonblast|p1b: Kingambit\n|-damage|p1b: Kingambit|29/100 slp\n|cant|p1b: Kingambit|slp\n|move|p2b: Razor|Earth Power|p1b: Kingambit\n|-supereffective|p1b: Kingambit|1\n|-damage|p1b: Kingambit|0 fnt\n|faint|p1b: Kingambit\n|\n|-weather|SunnyDay|[upkeep]\n|-heal|p1a: Toucannon|62/100|[from] item: Leftovers\n|-end|p1a: Toucannon|Encore\n|-sideend|p1: Daketsu|move: Tailwind\n|upkeep\n|turn|7\n|\n|t:|1776493407\n|move|p2a: Whimsicott|Moonblast|p1a: Toucannon\n|-damage|p1a: Toucannon|18/100\n|move|p1a: Toucannon|Rock Blast|p2a: Whimsicott\n|-damage|p2a: Whimsicott|66/100\n|-damage|p2a: Whimsicott|52/100\n|-damage|p2a: Whimsicott|39/100\n|-damage|p2a: Whimsicott|25/100\n|-damage|p2a: Whimsicott|10/100\n|-hitcount|p2a: Whimsicott|5\n|move|p2b: Razor|Sludge Bomb|p1a: Toucannon\n|-damage|p1a: Toucannon|0 fnt\n|faint|p1a: Toucannon\n|\n|win|Anditto612\n|raw|Daketsu's rating: 1000 &rarr; <strong>1000</strong><br />(+0 for losing)\n|raw|Anditto612's rating: 1074 &rarr; <strong>1097</strong><br />(+23 for winning)\n|l|\u2606Daketsu\n|player|p1|\n",
  "uploadtime": 1776493422,
  "views": 16,
  "formatid": "gen9championsvgc2026regma",
  "rating": 1000,
  "private": 0,
  "password": null
}