{
  "id": "gen9championsvgc2026regma-2587959411",
  "format": "[Gen 9 Champions] VGC 2026 Reg M-A",
  "players": [
    "Tb0lt",
    "cippino3"
  ],
  "log": "|j|\u2606Tb0lt\n|j|\u2606cippino3\n|html|<table width=\"100%\"><tr><td align=\"left\">Tb0lt</td><td align=\"right\">cippino3</tr><tr><td align=\"left\"><i class=\"fa fa-circle\"></i> <i class=\"fa fa-circle-o\"></i> </td><td align=\"right\"><i class=\"fa fa-circle-o\"></i> <i class=\"fa fa-circle\"></i> </tr></table>\n|uhtml|bestof|<h2><strong>Game 3</strong> of <a href=\"/game-bestof3-gen9championsvgc2026regma-2587954236\">a best-of-3</a></h2>\n|t:|1776584970\n|gametype|doubles\n|player|p1|Tb0lt|#tb0lt|\n|player|p2|cippino3|poppy|\n|gen|9\n|tier|[Gen 9 Champions] VGC 2026 Reg M-A\n|rated|Tournament battle\n|rule|Species Clause: Limit one of each Pok\u00e9mon\n|rule|Item Clause: Limit 1 of each item\n|raw|<div class=\"infobox\"><details class=\"readmore\" open><summary><strong>2 custom rules:</strong></summary> Force Open Team Sheets, Best of = 3</details></div>\n|clearpoke\n|poke|p1|Aegislash, L50, F|\n|poke|p1|Floette-Eternal, L50, F|\n|poke|p1|Sneasler, L50, M|\n|poke|p1|Incineroar, L50, M|\n|poke|p1|Rotom-Wash, L50|\n|poke|p1|Sinistcha, L50|\n|poke|p2|Chandelure, L50, F|\n|poke|p2|Azumarill, L50, F|\n|poke|p2|Sneasler, L50, F|\n|poke|p2|Farigiraf, L50, M|\n|poke|p2|Sableye, L50, M|\n|poke|p2|Vivillon, L50, M|\n|teampreview|4\n|showteam|p1|Aegislash||Leftovers|StanceChange|IronHead,ShadowBall,KingsShield,Substitute|||F|||50|]Floette-Eternal||Floettite|FlowerVeil|CalmMind,DazzlingGleam,DrainingKiss,Protect|||F|||50|]Sneasler||FocusSash|Unburden|FakeOut,DireClaw,CloseCombat,Protect|||M|||50|]Incineroar||ChopleBerry|Intimidate|FakeOut,FlareBlitz,DarkestLariat,PartingShot|||M|||50|]Rotom-Wash||SitrusBerry|Levitate|HydroPump,Thunderbolt,WillOWisp,Protect||||||50|]Sinistcha||OccaBerry|Hospitality|MatchaGotcha,ShadowBall,RagePowder,TrickRoom||||||50|\n|showteam|p2|Chandelure||Chandelurite|FlashFire|Protect,CalmMind,Hex,HeatWave|||F|||50|]Azumarill||MysticWater|HugePower|Protect,Liquidation,PlayRough,AquaJet|||F|||50|]Sneasler||WhiteHerb|Unburden|SwordsDance,DireClaw,CloseCombat,Protect|||F|||50|]Farigiraf||LumBerry|ArmorTail|Protect,TrickRoom,HyperVoice,LowKick|||M|||50|]Sableye||BrightPowder|Prankster|WillOWisp,ThunderWave,LightScreen,FoulPlay|||M|||50|]Vivillon||FocusSash|FriendGuard|Protect,RagePowder,SleepPowder,PollenPuff|||M|||50|\n|inactive|Battle timer is ON: inactive players will automatically lose when time's up. (requested by cippino3)\n|j| mynamegrassgreen\n|j| Bulbasaur001VGC\n|\n|t:|1776585000\n|teamsize|p1|4\n|teamsize|p2|4\n|start\n|switch|p1a: Incineroar|Incineroar, L50, M|100/100\n|switch|p1b: Sinistcha|Sinistcha, L50|100/100\n|switch|p2a: Sneasler|Sneasler, L50, F|100/100\n|switch|p2b: Azumarill|Azumarill, L50, F|100/100\n|-ability|p1a: Incineroar|Intimidate|boost\n|-unboost|p2a: Sneasler|atk|1\n|-unboost|p2b: Azumarill|atk|1\n|-enditem|p2a: Sneasler|White Herb\n|-clearnegativeboost|p2a: Sneasler|[silent]\n|turn|1\n|inactive|Tb0lt has 30 seconds left.\n|inactive|Tb0lt has 20 seconds left.\n|\n|t:|1776585035\n|switch|p1a: Rotom|Rotom-Wash, L50|100/100\n|move|p2a: Sneasler|Protect|p2a: Sneasler\n|-singleturn|p2a: Sneasler|Protect\n|move|p2b: Azumarill|Protect|p2b: Azumarill\n|-singleturn|p2b: Azumarill|Protect\n|move|p1b: Sinistcha|Shadow Ball|p2a: Sneasler\n|-activate|p2a: Sneasler|move: Protect\n|\n|upkeep\n|turn|2\n|\n|t:|1776585051\n|switch|p2b: Sableye|Sableye, L50, M|100/100\n|move|p1a: Rotom|Protect|p1a: Rotom\n|-singleturn|p1a: Rotom|Protect\n|move|p2a: Sneasler|Swords Dance|p2a: Sneasler\n|-boost|p2a: Sneasler|atk|2\n|move|p1b: Sinistcha|Shadow Ball|p2b: Sableye\n|-damage|p2b: Sableye|62/100\n|\n|upkeep\n|turn|3\n|\n|t:|1776585068\n|switch|p1b: Incineroar|Incineroar, L50, M|100/100\n|-ability|p1b: Incineroar|Intimidate|boost\n|-unboost|p2a: Sneasler|atk|1\n|-unboost|p2b: Sableye|atk|1\n|move|p2b: Sableye|Light Screen|p2b: Sableye\n|-sidestart|p2: cippino3|move: Light Screen\n|move|p2a: Sneasler|Swords Dance|p2a: Sneasler\n|-boost|p2a: Sneasler|atk|2\n|move|p1a: Rotom|Will-O-Wisp|p2a: Sneasler\n|-status|p2a: Sneasler|brn\n|\n|-damage|p2a: Sneasler|95/100 brn|[from] brn\n|upkeep\n|turn|4\n|\n|t:|1776585092\n|switch|p1b: Sinistcha|Sinistcha, L50|100/100\n|move|p2b: Sableye|Will-O-Wisp|p1a: Rotom\n|-status|p1a: Rotom|brn\n|move|p2a: Sneasler|Close Combat|p1b: Sinistcha\n|-immune|p1b: Sinistcha\n|move|p1a: Rotom|Thunderbolt|p2a: Sneasler\n|-damage|p2a: Sneasler|71/100 brn\n|\n|-damage|p2a: Sneasler|65/100 brn|[from] brn\n|-damage|p1a: Rotom|95/100 brn|[from] brn\n|upkeep\n|turn|5\n|inactive|Tb0lt has 30 seconds left.\n|\n|t:|1776585117\n|move|p2b: Sableye|Thunder Wave|p1b: Sinistcha\n|-status|p1b: Sinistcha|par\n|move|p2a: Sneasler|Dire Claw|p1b: Sinistcha\n|-damage|p1b: Sinistcha|68/100 par\n|move|p1a: Rotom|Thunderbolt|p2a: Sneasler\n|-damage|p2a: Sneasler|42/100 brn\n|move|p1b: Sinistcha|Matcha Gotcha|p2a: Sneasler|[spread] p2a,p2b\n|-resisted|p2a: Sneasler|1\n|-crit|p2b: Sableye\n|-damage|p2a: Sneasler|32/100 brn\n|-heal|p1b: Sinistcha|74/100 par|[from] drain|[of] p2a: Sneasler\n|-damage|p2b: Sableye|22/100\n|-heal|p1b: Sinistcha|94/100 par|[from] drain|[of] p2b: Sableye\n|\n|-damage|p2a: Sneasler|26/100 brn|[from] brn\n|-damage|p1a: Rotom|89/100 brn|[from] brn\n|upkeep\n|turn|6\n|j| SaltyHabanero\n|inactive|Tb0lt has 30 seconds left.\n|inactive|Tb0lt has 20 seconds left.\n|\n|t:|1776585154\n|move|p2a: Sneasler|Close Combat|p1a: Rotom\n|-damage|p1a: Rotom|34/100 brn\n|-unboost|p2a: Sneasler|def|1\n|-unboost|p2a: Sneasler|spd|1\n|-enditem|p1a: Rotom|Sitrus Berry|[eat]\n|-heal|p1a: Rotom|59/100 brn|[from] item: Sitrus Berry\n|move|p1a: Rotom|Thunderbolt|p2b: Sableye\n|-damage|p2b: Sableye|0 fnt\n|faint|p2b: Sableye\n|move|p1b: Sinistcha|Trick Room|p1b: Sinistcha\n|-fieldstart|move: Trick Room|[of] p1b: Sinistcha\n|\n|-damage|p1a: Rotom|53/100 brn|[from] brn\n|-damage|p2a: Sneasler|20/100 brn|[from] brn\n|upkeep\n|\n|t:|1776585166\n|switch|p2b: Inno di Atena|Chandelure, L50, F|100/100\n|turn|7\n|\n|t:|1776585175\n|switch|p1a: Incineroar|Incineroar, L50, M|100/100\n|-ability|p1a: Incineroar|Intimidate|boost\n|-unboost|p2a: Sneasler|atk|1\n|-unboost|p2b: Inno di Atena|atk|1\n|detailschange|p2b: Inno di Atena|Chandelure-Mega, L50, F\n|-mega|p2b: Inno di Atena|Chandelure|Chandelurite\n|move|p1b: Sinistcha|Shadow Ball|p2b: Inno di Atena\n|-supereffective|p2b: Inno di Atena|1\n|-damage|p2b: Inno di Atena|57/100\n|move|p2b: Inno di Atena|Calm Mind|p2b: Inno di Atena\n|-boost|p2b: Inno di Atena|spa|1\n|-boost|p2b: Inno di Atena|spd|1\n|move|p2a: Sneasler|Dire Claw|p1b: Sinistcha\n|-damage|p1b: Sinistcha|66/100 par\n|\n|-damage|p2a: Sneasler|14/100 brn|[from] brn\n|-sideend|p2: cippino3|move: Light Screen\n|upkeep\n|turn|8\n|\n|t:|1776585194\n|switch|p1b: Aegislash|Aegislash, L50, F|100/100\n|move|p2b: Inno di Atena|Protect|p2b: Inno di Atena\n|-singleturn|p2b: Inno di Atena|Protect\n|move|p1a: Incineroar|Darkest Lariat|p2b: Inno di Atena\n|-activate|p2b: Inno di Atena|move: Protect\n|move|p2a: Sneasler|Close Combat|p1a: Incineroar\n|-supereffective|p1a: Incineroar|1\n|-enditem|p1a: Incineroar|Chople Berry|[eat]\n|-enditem|p1a: Incineroar|Chople Berry|[weaken]\n|-damage|p1a: Incineroar|54/100\n|-unboost|p2a: Sneasler|def|1\n|-unboost|p2a: Sneasler|spd|1\n|\n|-damage|p2a: Sneasler|9/100 brn|[from] brn\n|upkeep\n|turn|9\n|\n|t:|1776585214\n|switch|p2b: Azumarill|Azumarill, L50, F|100/100\n|-formechange|p1b: Aegislash|Aegislash-Blade|\n|move|p1b: Aegislash|Shadow Ball|p2a: Sneasler\n|-damage|p2a: Sneasler|0 fnt\n|faint|p2a: Sneasler\n|move|p1a: Incineroar|Darkest Lariat|p2b: Azumarill\n|-resisted|p2b: Azumarill|1\n|-damage|p2b: Azumarill|85/100\n|\n|upkeep\n|\n|t:|1776585220\n|switch|p2a: Inno di Atena|Chandelure-Mega, L50, F|57/100\n|turn|10\n|inactive|Tb0lt has 30 seconds left.\n|\n|t:|1776585249\n|switch|p1b: Sinistcha|Sinistcha, L50|66/100 par\n|-heal|p1a: Incineroar|79/100|[from] ability: Hospitality|[of] p1b: Sinistcha\n|switch|p1a: Rotom|Rotom-Wash, L50|53/100 brn\n|move|p2b: Azumarill|Liquidation|p1a: Rotom\n|-resisted|p1a: Rotom|1\n|-damage|p1a: Rotom|27/100 brn\n|move|p2a: Inno di Atena|Calm Mind|p2a: Inno di Atena\n|-boost|p2a: Inno di Atena|spa|1\n|-boost|p2a: Inno di Atena|spd|1\n|\n|-damage|p1a: Rotom|21/100 brn|[from] brn\n|-fieldend|move: Trick Room\n|upkeep\n|turn|11\n|\n|t:|1776585273\n|move|p2a: Inno di Atena|Protect|p2a: Inno di Atena\n|-singleturn|p2a: Inno di Atena|Protect\n|move|p1a: Rotom|Hydro Pump|p2a: Inno di Atena\n|-activate|p2a: Inno di Atena|move: Protect\n|move|p2b: Azumarill|Play Rough|p1a: Rotom\n|-damage|p1a: Rotom|0 fnt\n|faint|p1a: Rotom\n|move|p1b: Sinistcha|Matcha Gotcha|p2b: Azumarill|[spread] p2b\n|-activate|p2a: Inno di Atena|move: Protect\n|-supereffective|p2b: Azumarill|1\n|-damage|p2b: Azumarill|39/100\n|-heal|p1b: Sinistcha|97/100 par|[from] drain|[of] p2b: Azumarill\n|\n|upkeep\n|\n|t:|1776585277\n|switch|p1a: Incineroar|Incineroar, L50, M|79/100\n|-ability|p1a: Incineroar|Intimidate|boost\n|-unboost|p2a: Inno di Atena|atk|1\n|-unboost|p2b: Azumarill|atk|1\n|turn|12\n|\n|t:|1776585297\n|move|p1b: Sinistcha|Rage Powder|p1b: Sinistcha\n|-singleturn|p1b: Sinistcha|move: Rage Powder\n|move|p2a: Inno di Atena|Hex|p1b: Sinistcha\n|-supereffective|p1b: Sinistcha|1\n|-damage|p1b: Sinistcha|0 fnt\n|faint|p1b: Sinistcha\n|move|p1a: Incineroar|Darkest Lariat|p2a: Inno di Atena\n|-supereffective|p2a: Inno di Atena|1\n|-damage|p2a: Inno di Atena|9/100\n|move|p2b: Azumarill|Liquidation|p1a: Incineroar\n|-supereffective|p1a: Incineroar|1\n|-damage|p1a: Incineroar|7/100\n|-unboost|p1a: Incineroar|def|1\n|\n|upkeep\n|\n|t:|1776585301\n|switch|p1b: Aegislash|Aegislash, L50, F|100/100\n|turn|13\n|\n|t:|1776585318\n|move|p2b: Azumarill|Aqua Jet|p1a: Incineroar\n|-supereffective|p1a: Incineroar|1\n|-damage|p1a: Incineroar|0 fnt\n|faint|p1a: Incineroar\n|move|p2a: Inno di Atena|Hex|p1b: Aegislash\n|-supereffective|p1b: Aegislash|1\n|-damage|p1b: Aegislash|13/100\n|-formechange|p1b: Aegislash|Aegislash-Blade|\n|move|p1b: Aegislash|Shadow Ball|p2a: Inno di Atena\n|-supereffective|p2a: Inno di Atena|1\n|-damage|p2a: Inno di Atena|0 fnt\n|faint|p2a: Inno di Atena\n|\n|-heal|p1b: Aegislash|19/100|[from] item: Leftovers\n|upkeep\n|turn|14\n|\n|t:|1776585327\n|-formechange|p1b: Aegislash|Aegislash|\n|move|p1b: Aegislash|King's Shield|p1b: Aegislash\n|-singleturn|p1b: Aegislash|Protect\n|move|p2b: Azumarill|Protect||[still]\n|-fail|p2b: Azumarill\n|\n|-heal|p1b: Aegislash|25/100|[from] item: Leftovers\n|upkeep\n|turn|15\n|\n|t:|1776585351\n|move|p1b: Aegislash|King's Shield|p1b: Aegislash\n|-singleturn|p1b: Aegislash|Protect\n|move|p2b: Azumarill|Liquidation|p1b: Aegislash\n|-activate|p1b: Aegislash|move: Protect\n|-unboost|p2b: Azumarill|atk|1\n|\n|-heal|p1b: Aegislash|31/100|[from] item: Leftovers\n|upkeep\n|turn|16\n|c|\u2606Tb0lt|why are all of these Pokemon -speed\n|inactive|Tb0lt has 30 seconds left.\n|\n|t:|1776585379\n|move|p1b: Aegislash|Substitute|p1b: Aegislash\n|-start|p1b: Aegislash|Substitute\n|-damage|p1b: Aegislash|6/100\n|move|p2b: Azumarill|Liquidation|p1b: Aegislash\n|-activate|p1b: Aegislash|move: Substitute|[damage]\n|\n|-heal|p1b: Aegislash|12/100|[from] item: Leftovers\n|upkeep\n|turn|17\n|\n|t:|1776585390\n|move|p2b: Azumarill|Protect|p2b: Azumarill\n|-singleturn|p2b: Azumarill|Protect\n|-formechange|p1b: Aegislash|Aegislash-Blade|\n|move|p1b: Aegislash|Shadow Ball|p2b: Azumarill\n|-activate|p2b: Azumarill|move: Protect\n|\n|-heal|p1b: Aegislash|18/100|[from] item: Leftovers\n|upkeep\n|turn|18\n|\n|t:|1776585397\n|-formechange|p1b: Aegislash|Aegislash|\n|move|p1b: Aegislash|King's Shield|p1b: Aegislash\n|-singleturn|p1b: Aegislash|Protect\n|move|p2b: Azumarill|Liquidation|p1b: Aegislash\n|-activate|p1b: Aegislash|move: Protect\n|-unboost|p2b: Azumarill|atk|1\n|\n|-heal|p1b: Aegislash|24/100|[from] item: Leftovers\n|upkeep\n|turn|19\n|\n|t:|1776585407\n|-formechange|p1b: Aegislash|Aegislash-Blade|\n|move|p1b: Aegislash|Shadow Ball|p2b: Azumarill\n|-damage|p2b: Azumarill|0 fnt\n|faint|p2b: Azumarill\n|\n|win|Tb0lt\n|c|\u2606Tb0lt|gg\n|c|\u2606cippino3|Gg\n|j| llefface\n|l| llefface\n|l| Bulbasaur001VGC\n|c|\u2606cippino3|Tb0lt only my Farigraf have the nature -speed\n|l| SaltyHabanero\n|c|\u2606Tb0lt|!statcalc 55 0ev lv50\n|c|%Tb0lt|/raw <div class=\"infobox\">Base 55  at level 50 with 31 IVs, 0 EVs: <b>75</b>.</div>\n|c|\u2606Tb0lt|wow\n|c|\u2606Tb0lt|oh wait\n|c|\u2606Tb0lt|wrong base\n|c|\u2606Tb0lt|!statcalc 50 0ev lv50\n|c|%Tb0lt|/raw <div class=\"infobox\">Base 50  at level 50 with 31 IVs, 0 EVs: <b>70</b>.</div>\n|c|\u2606Tb0lt|ok that makes more sense\n|c|\u2606cippino3|Is only 0ev\n|c|\u2606Tb0lt|azu is just slow\n|c|\u2606Tb0lt|who knew\n|l| mynamegrassgreen\n|c|\u2606cippino3|Whit 50 speed i think i can't ouspeed whitout tw or Tr\n|c|\u2606Tb0lt|how much attack invest is your azu?\n|c|\u2606cippino3|27\n|c|\u2606cippino3|Whitout nature\n|c|\u2606Tb0lt|no +atk nature?\n|c|\u2606cippino3|No atk nature\n|c|\u2606Tb0lt|-2 27 Atk Mystic Water Huge Power Azumarill Liquidation vs. 32 HP / 0 Def Gengar: 34-42 (20.3 - 25.1%) -- 6.3% chance to OHKO\n|c|\u2606cippino3|Why gengar?\n|c|\u2606Tb0lt|the champions calc doesn't have Aegislash yet\n|c|\u2606Tb0lt|fsr\n",
  "uploadtime": 1776585846,
  "views": 8,
  "formatid": "gen9championsvgc2026regma",
  "rating": null,
  "private": 0,
  "password": null
}