{
  "id": "gen9championsvgc2026regma-2582702848",
  "format": "[Gen 9 Champions] VGC 2026 Reg M-A",
  "players": [
    "Damiscus",
    "BlackCity Sandiles"
  ],
  "log": "|j|\u2606Damiscus\n|j|\u2606BlackCity Sandiles\n|t:|1776108335\n|gametype|doubles\n|player|p1|Damiscus|colress|1029\n|player|p2|BlackCity Sandiles|roughneck|1000\n|gen|9\n|tier|[Gen 9 Champions] VGC 2026 Reg M-A\n|rated|\n|rule|Species Clause: Limit one of each Pok\u00e9mon\n|rule|Item Clause: Limit 1 of each item\n|clearpoke\n|poke|p1|Froslass, L50, F|\n|poke|p1|Garchomp, L50, M|\n|poke|p1|Incineroar, L50, M|\n|poke|p1|Orthworm, L50, M|\n|poke|p1|Basculegion, L50, M|\n|poke|p1|Rotom-Frost, L50|\n|poke|p2|Crabominable, L50, M|\n|poke|p2|Avalugg, L50, M|\n|poke|p2|Slowking-Galar, L50, F|\n|poke|p2|Mr. Rime, L50, M|\n|teampreview|4\nDamiscus has agreed to open team sheets.\n|\n|t:|1776108398\n|teamsize|p1|4\n|teamsize|p2|4\n|start\n|switch|p1a: Cupcake|Garchomp, L50, M|100/100\n|switch|p1b: Niche Pick|Incineroar, L50, M|100/100\n|switch|p2a: Slowking|Slowking-Galar, L50, F|100/100\n|switch|p2b: Avalugg|Avalugg, L50, M|100/100\n|-ability|p1b: Niche Pick|Intimidate|boost\n|-unboost|p2a: Slowking|atk|1\n|-unboost|p2b: Avalugg|atk|1\n|turn|1\n|\n|t:|1776108481\n|move|p1a: Cupcake|Rock Slide|p2a: Slowking|[spread] p2a,p2b\n|-supereffective|p2b: Avalugg|1\n|-damage|p2a: Slowking|87/100\n|-damage|p2b: Avalugg|79/100\n|move|p1b: Niche Pick|Darkest Lariat|p2a: Slowking\n|-supereffective|p2a: Slowking|1\n|-damage|p2a: Slowking|18/100\n|-enditem|p2a: Slowking|Sitrus Berry|[eat]\n|-heal|p2a: Slowking|43/100|[from] item: Sitrus Berry\n|move|p2b: Avalugg|Body Press|p1b: Niche Pick\n|-supereffective|p1b: Niche Pick|1\n|-damage|p1b: Niche Pick|40/100\n|move|p2a: Slowking|Trick Room|p2a: Slowking\n|-fieldstart|move: Trick Room|[of] p2a: Slowking\n|\n|upkeep\n|turn|2\n|\n|t:|1776108549\n|switch|p1b: Me when your mom|Orthworm, L50, M|100/100\n|-prepare|p2a: Slowking|Chilly Reception|[premajor]\n|move|p2a: Slowking|Chilly Reception|p2a: Slowking\n|-weather|Snowscape\n|\n|t:|1776108555\n|switch|p2a: Crabominable|Crabominable, L50, M|100/100|[from] Chilly Reception\n|move|p2b: Avalugg|Aurora Veil|p2b: Avalugg\n|-sidestart|p2: BlackCity Sandiles|move: Aurora Veil\n|move|p1a: Cupcake|Earthquake|p2a: Crabominable|[spread] p2a,p2b\n|-immune|p1b: Me when your mom|[from] ability: Earth Eater\n|-damage|p2a: Crabominable|80/100\n|-damage|p2b: Avalugg|70/100\n|\n|-weather|Snowscape|[upkeep]\n|upkeep\n|turn|3\n|\n|t:|1776108590\n|move|p2b: Avalugg|Frost Breath|p2a: Crabominable\n|-resisted|p2a: Crabominable|1\n|-crit|p2a: Crabominable\n|-damage|p2a: Crabominable|70/100\n|-setboost|p2a: Crabominable|atk|6|[from] ability: Anger Point\n|move|p2a: Crabominable|Drain Punch|p1b: Me when your mom\n|-supereffective|p1b: Me when your mom|1\n|-damage|p1b: Me when your mom|0 fnt\n|-heal|p2a: Crabominable|100/100|[from] drain|[of] p1b: Me when your mom\n|faint|p1b: Me when your mom\n|move|p1a: Cupcake|Earthquake|p2b: Avalugg|[spread] p2a,p2b\n|-damage|p2a: Crabominable|80/100\n|-damage|p2b: Avalugg|61/100\n|\n|-weather|Snowscape|[upkeep]\n|upkeep\n|\n|t:|1776108602\n|switch|p1b: Fish the dead one|Basculegion, L50, M|100/100\n|turn|4\n|\n|t:|1776108642\n|detailschange|p2a: Crabominable|Crabominable-Mega, L50, M\n|-mega|p2a: Crabominable|Crabominable|Crabominite\n|move|p2a: Crabominable|Ice Hammer|p1b: Fish the dead one\n|-resisted|p1b: Fish the dead one|1\n|-damage|p1b: Fish the dead one|0 fnt\n|-unboost|p2a: Crabominable|spe|1\n|faint|p1b: Fish the dead one\n|move|p2b: Avalugg|Frost Breath|p1a: Cupcake|[miss]\n|-miss|p2b: Avalugg|p1a: Cupcake\n|move|p1a: Cupcake|Rock Slide|p2a: Crabominable|[spread] p2a,p2b\n|-supereffective|p2b: Avalugg|1\n|-damage|p2a: Crabominable|74/100\n|-damage|p2b: Avalugg|51/100\n|\n|-weather|Snowscape|[upkeep]\n|upkeep\n|\n|t:|1776108644\n|switch|p1b: Niche Pick|Incineroar, L50, M|40/100\n|-ability|p1b: Niche Pick|Intimidate|boost\n|-unboost|p2a: Crabominable|atk|1\n|-unboost|p2b: Avalugg|atk|1\n|turn|5\n|\n|t:|1776108657\n|move|p1b: Niche Pick|Fake Out|p2a: Crabominable\n|-damage|p2a: Crabominable|68/100\n|cant|p2a: Crabominable|flinch\n|move|p2b: Avalugg|Frost Breath|p1a: Cupcake\n|-supereffective|p1a: Cupcake|2\n|-crit|p1a: Cupcake\n|-damage|p1a: Cupcake|23/100\n|move|p1a: Cupcake|Rock Slide|p2a: Crabominable|[spread] p2a,p2b\n|-supereffective|p2b: Avalugg|1\n|-damage|p2a: Crabominable|62/100\n|-damage|p2b: Avalugg|41/100\n|\n|-weather|Snowscape|[upkeep]\n|-fieldend|move: Trick Room\n|upkeep\n|turn|6\n|\n|t:|1776108681\n|move|p1a: Cupcake|Protect|p1a: Cupcake\n|-singleturn|p1a: Cupcake|Protect\n|move|p2b: Avalugg|Wide Guard|p2b: Avalugg\n|-singleturn|p2b: Avalugg|Wide Guard\n|move|p2a: Crabominable|Mach Punch|p1b: Niche Pick\n|-supereffective|p1b: Niche Pick|1\n|-crit|p1b: Niche Pick\n|-damage|p1b: Niche Pick|0 fnt\n|faint|p1b: Niche Pick\n|\n|-weather|none\n|-sideend|p2: BlackCity Sandiles|move: Aurora Veil\n|upkeep\n|turn|7\n|\n|t:|1776108696\n|move|p2a: Crabominable|Protect|p2a: Crabominable\n|-singleturn|p2a: Crabominable|Protect\n|move|p1a: Cupcake|Rock Slide|p2b: Avalugg|[spread] \n|-activate|p2a: Crabominable|move: Protect\n|-miss|p1a: Cupcake|p2b: Avalugg\n|move|p2b: Avalugg|Frost Breath|p1a: Cupcake\n|-supereffective|p1a: Cupcake|2\n|-crit|p1a: Cupcake\n|-damage|p1a: Cupcake|0 fnt\n|faint|p1a: Cupcake\n|\n|win|BlackCity Sandiles\n|raw|Damiscus's rating: 1029 &rarr; <strong>1013</strong><br />(-16 for losing)\n|raw|BlackCity Sandiles's rating: 1000 &rarr; <strong>1043</strong><br />(+43 for winning)\n|c|\u2606Damiscus|gg\n|l|\u2606Damiscus\n|player|p1|\n|l|\u2606BlackCity Sandiles\n|player|p2|\n|j|\u2606BlackCity Sandiles\n|player|p2|BlackCity Sandiles|roughneck|\n",
  "uploadtime": 1776108732,
  "views": 18,
  "formatid": "gen9championsvgc2026regma",
  "rating": 1013,
  "private": 0,
  "password": null
}