{
  "id": "gen9championsvgc2026regma-2586370651",
  "format": "[Gen 9 Champions] VGC 2026 Reg M-A",
  "players": [
    "OuiMus_KXYRIU9",
    "sirae"
  ],
  "log": "|j|\u2606OuiMus_KXYRIU9\n|j|\u2606sirae\n|t:|1776429592\n|gametype|doubles\n|player|p1|OuiMus_KXYRIU9|2|1148\n|player|p2|sirae|caitlin|1116\n|gen|9\n|tier|[Gen 9 Champions] VGC 2026 Reg M-A\n|rated|\n|rule|Species Clause: Limit one of each Pok\u00e9mon\n|rule|Item Clause: Limit 1 of each item\n|clearpoke\n|poke|p1|Gengar, L50, M|\n|poke|p1|Politoed, L50, F|\n|poke|p1|Volcarona, L50, F|\n|poke|p1|Incineroar, L50, F|\n|poke|p1|Rotom-Wash, L50|\n|poke|p1|Scizor, L50, M|\n|poke|p2|Gengar, L50, F|\n|poke|p2|Farigiraf, L50, F|\n|poke|p2|Incineroar, L50, F|\n|poke|p2|Sylveon, L50, F|\n|poke|p2|Sinistcha, L50|\n|poke|p2|Feraligatr, L50, M|\n|teampreview|4\n|inactive|Battle timer is ON: inactive players will automatically lose when time's up. (requested by sirae)\n|inactive|OuiMus_KXYRIU9 also wants the timer to be on.\n|inactive|sirae has 60 seconds left.\n|inactive|sirae has 30 seconds left.\n|\n|t:|1776429662\n|teamsize|p1|4\n|teamsize|p2|4\n|start\n|switch|p1a: Gengar|Gengar, L50, M|100/100\n|switch|p1b: Volcarona|Volcarona, L50, F|100/100\n|switch|p2a: Farigiraf|Farigiraf, L50, F|100/100\n|switch|p2b: Incineroar|Incineroar, L50, F|100/100\n|-ability|p2b: Incineroar|Intimidate|boost\n|-unboost|p1a: Gengar|atk|1\n|-unboost|p1b: Volcarona|atk|1\n|turn|1\n|\n|t:|1776429684\n|detailschange|p1a: Gengar|Gengar-Mega, L50, M\n|-mega|p1a: Gengar|Gengar|Gengarite\n|move|p2b: Incineroar|Fake Out|p1b: Volcarona\n|-damage|p1b: Volcarona|90/100\n|cant|p1b: Volcarona|flinch\n|move|p1a: Gengar|Perish Song|p1a: Gengar\n|-start|p1a: Gengar|perish3|[silent]\n|-start|p1b: Volcarona|perish3|[silent]\n|-start|p2a: Farigiraf|perish3|[silent]\n|-start|p2b: Incineroar|perish3|[silent]\n|-fieldactivate|move: Perish Song\n|move|p2a: Farigiraf|Imprison|p2a: Farigiraf\n|-start|p2a: Farigiraf|move: Imprison\n|\n|-start|p1a: Gengar|perish3\n|-start|p1b: Volcarona|perish3\n|-start|p2b: Incineroar|perish3\n|-start|p2a: Farigiraf|perish3\n|upkeep\n|turn|2\n|inactive|OuiMus_KXYRIU9 has 30 seconds left.\n|inactive|OuiMus_KXYRIU9 has 20 seconds left.\n|\n|t:|1776429720\n|switch|p1a: Scizor|Scizor, L50, M|100/100\n|move|p1b: Volcarona|U-turn|p2a: Farigiraf\n|-supereffective|p2a: Farigiraf|1\n|-damage|p2a: Farigiraf|82/100\n|\n|t:|1776429725\n|switch|p1b: Gengar|Gengar-Mega, L50, M|100/100|[from] U-turn\n|move|p2b: Incineroar|Darkest Lariat|p1a: Scizor\n|-damage|p1a: Scizor|65/100\n|move|p2a: Farigiraf|Psychic|p1a: Scizor\n|-resisted|p1a: Scizor|1\n|-damage|p1a: Scizor|42/100\n|\n|-start|p2b: Incineroar|perish2\n|-start|p2a: Farigiraf|perish2\n|upkeep\n|turn|3\n|inactive|OuiMus_KXYRIU9 has 30 seconds left.\n|inactive|OuiMus_KXYRIU9 has 20 seconds left.\n|\n|t:|1776429761\n|switch|p1b: Incineroar|Incineroar, L50, F|100/100\n|-ability|p1b: Incineroar|Intimidate|boost\n|-unboost|p2a: Farigiraf|atk|1\n|-unboost|p2b: Incineroar|atk|1\n|move|p2b: Incineroar|Darkest Lariat|p1b: Incineroar\n|-resisted|p1b: Incineroar|1\n|-damage|p1b: Incineroar|93/100\n|move|p1a: Scizor|U-turn|p2a: Farigiraf\n|-supereffective|p2a: Farigiraf|1\n|-crit|p2a: Farigiraf\n|-damage|p2a: Farigiraf|0 fnt\n|faint|p2a: Farigiraf\n|\n|t:|1776429772\n|switch|p1a: Gengar|Gengar-Mega, L50, M|100/100|[from] U-turn\n|\n|-heal|p1b: Incineroar|99/100|[from] item: Leftovers\n|-start|p2b: Incineroar|perish1\n|upkeep\n|\n|t:|1776429781\n|switch|p2a: Feraligatr|Feraligatr, L50, M|100/100\n|turn|4\n|\n|t:|1776429795\n|detailschange|p2a: Feraligatr|Feraligatr-Mega, L50, M\n|-mega|p2a: Feraligatr|Feraligatr|Feraligite\n|move|p1a: Gengar|Protect|p1a: Gengar\n|-singleturn|p1a: Gengar|Protect\n|move|p1b: Incineroar|Fake Out|p2a: Feraligatr\n|-damage|p2a: Feraligatr|92/100\n|move|p2b: Incineroar|Parting Shot|p1b: Incineroar\n|-unboost|p1b: Incineroar|atk|1\n|-unboost|p1b: Incineroar|spa|1\n|\n|t:|1776429804\n|switch|p2b: Sylveon|Sylveon, L50, F|100/100|[from] Parting Shot\n|cant|p2a: Feraligatr|flinch\n|\n|-heal|p1b: Incineroar|100/100|[from] item: Leftovers\n|upkeep\n|turn|5\n|\n|t:|1776429820\n|move|p1a: Gengar|Perish Song|p1a: Gengar\n|-start|p1a: Gengar|perish3|[silent]\n|-start|p1b: Incineroar|perish3|[silent]\n|-start|p2a: Feraligatr|perish3|[silent]\n|-start|p2b: Sylveon|perish3|[silent]\n|-fieldactivate|move: Perish Song\n|move|p2b: Sylveon|Psychic|p1a: Gengar\n|-supereffective|p1a: Gengar|1\n|-damage|p1a: Gengar|20/100\n|move|p2a: Feraligatr|Liquidation|p1b: Incineroar\n|-supereffective|p1b: Incineroar|1\n|-damage|p1b: Incineroar|25/100\n|move|p1b: Incineroar|Parting Shot|p2a: Feraligatr\n|-unboost|p2a: Feraligatr|atk|1\n|-unboost|p2a: Feraligatr|spa|1\n|\n|t:|1776429831\n|switch|p1b: Volcarona|Volcarona, L50, F|90/100|[from] Parting Shot\n|\n|-start|p1a: Gengar|perish3\n|-start|p2b: Sylveon|perish3\n|-start|p2a: Feraligatr|perish3\n|upkeep\n|turn|6\n|\n|t:|1776429849\n|move|p1a: Gengar|Protect|p1a: Gengar\n|-singleturn|p1a: Gengar|Protect\n|move|p1b: Volcarona|Protect|p1b: Volcarona\n|-singleturn|p1b: Volcarona|Protect\n|move|p2b: Sylveon|Psychic|p1b: Volcarona\n|-activate|p1b: Volcarona|move: Protect\n|move|p2a: Feraligatr|Liquidation|p1b: Volcarona\n|-activate|p1b: Volcarona|move: Protect\n|\n|-start|p1a: Gengar|perish2\n|-start|p2b: Sylveon|perish2\n|-start|p2a: Feraligatr|perish2\n|upkeep\n|turn|7\n|inactive|OuiMus_KXYRIU9 has 30 seconds left.\n|inactive|sirae has 30 seconds left.\n|inactive|OuiMus_KXYRIU9 has 20 seconds left.\n|\n|t:|1776429888\n|switch|p1a: Incineroar|Incineroar, L50, F|25/100\n|-ability|p1a: Incineroar|Intimidate|boost\n|-unboost|p2a: Feraligatr|atk|1\n|-unboost|p2b: Sylveon|atk|1\n|move|p2b: Sylveon|Psychic|p1b: Volcarona\n|-damage|p1b: Volcarona|65/100\n|move|p1b: Volcarona|U-turn|p2a: Feraligatr\n|-damage|p2a: Feraligatr|80/100\n|\n|t:|1776429896\n|switch|p1b: Gengar|Gengar-Mega, L50, M|20/100|[from] U-turn\n|move|p2a: Feraligatr|Liquidation|p1b: Gengar\n|-damage|p1b: Gengar|0 fnt\n|faint|p1b: Gengar\n|\n|-heal|p1a: Incineroar|31/100|[from] item: Leftovers\n|-start|p2b: Sylveon|perish1\n|-start|p2a: Feraligatr|perish1\n|upkeep\n|\n|t:|1776429908\n|switch|p1b: Volcarona|Volcarona, L50, F|65/100\n|turn|8\n|\n|t:|1776429927\n|switch|p2a: Incineroar|Incineroar, L50, F|100/100\n|-ability|p2a: Incineroar|Intimidate|boost\n|-unboost|p1a: Incineroar|atk|1\n|-unboost|p1b: Volcarona|atk|1\n|move|p1a: Incineroar|Fake Out|p2b: Sylveon\n|-damage|p2b: Sylveon|89/100\n|cant|p2b: Sylveon|flinch\n|move|p1b: Volcarona|U-turn|p2a: Incineroar\n|-damage|p2a: Incineroar|90/100\n|\n|t:|1776429941\n|switch|p1b: Scizor|Scizor, L50, M|42/100|[from] U-turn\n|\n|-heal|p1a: Incineroar|37/100|[from] item: Leftovers\n|-start|p2b: Sylveon|perish0\n|upkeep\n|faint|p2b: Sylveon\n|\n|t:|1776429944\n|switch|p2b: Feraligatr|Feraligatr-Mega, L50, M|80/100\n|turn|9\n|\n|t:|1776429961\n|move|p2a: Incineroar|Fake Out|p1b: Scizor\n|-resisted|p1b: Scizor|1\n|-damage|p1b: Scizor|37/100\n|move|p2b: Feraligatr|Aqua Jet|p1a: Incineroar\n|-supereffective|p1a: Incineroar|1\n|-damage|p1a: Incineroar|0 fnt\n|faint|p1a: Incineroar\n|cant|p1b: Scizor|flinch\n|\n|upkeep\n|\n|t:|1776429970\n|switch|p1a: Volcarona|Volcarona, L50, F|65/100\n|turn|10\n|\n|t:|1776429983\n|move|p1a: Volcarona|Protect|p1a: Volcarona\n|-singleturn|p1a: Volcarona|Protect\n|move|p2b: Feraligatr|Aqua Jet|p1a: Volcarona\n|-activate|p1a: Volcarona|move: Protect\n|move|p2a: Incineroar|Flare Blitz|p1b: Scizor\n|-supereffective|p1b: Scizor|2\n|-damage|p1b: Scizor|0 fnt\n|faint|p1b: Scizor\n|-damage|p2a: Incineroar|78/100|[from] Recoil\n|\n|upkeep\n|turn|11\n|\n|t:|1776430000\n|move|p1a: Volcarona|U-turn|p2a: Incineroar\n|-damage|p2a: Incineroar|62/100\n|move|p2a: Incineroar|Darkest Lariat|p1a: Volcarona\n|-damage|p1a: Volcarona|32/100\n|move|p2b: Feraligatr|Liquidation|p1a: Volcarona\n|-supereffective|p1a: Volcarona|1\n|-damage|p1a: Volcarona|0 fnt\n|-status|p2b: Feraligatr|brn|[from] ability: Flame Body|[of] p1a: Volcarona\n|faint|p1a: Volcarona\n|\n|win|sirae\n|raw|OuiMus_KXYRIU9's rating: 1148 &rarr; <strong>1121</strong><br />(-27 for losing)\n|raw|sirae's rating: 1116 &rarr; <strong>1143</strong><br />(+27 for winning)\n",
  "uploadtime": 1776430008,
  "views": 36,
  "formatid": "gen9championsvgc2026regma",
  "rating": 1121,
  "private": 0,
  "password": null
}