{
  "id": "gen9championsvgc2026regma-2586168872",
  "format": "[Gen 9 Champions] VGC 2026 Reg M-A",
  "players": [
    "Party gengar",
    "sisi1"
  ],
  "log": "|j|\u2606Party gengar\n|j|\u2606sisi1\n|t:|1776407774\n|gametype|doubles\n|player|p1|Party gengar|maid|1155\n|player|p2|sisi1|dawn|1132\n|gen|9\n|tier|[Gen 9 Champions] VGC 2026 Reg M-A\n|rated|\n|rule|Species Clause: Limit one of each Pok\u00e9mon\n|rule|Item Clause: Limit 1 of each item\n|clearpoke\n|poke|p1|Garchomp, L50, M|\n|poke|p1|Tyranitar, L50, M|\n|poke|p1|Gyarados, L50, F|\n|poke|p1|Hydrapple, L50, M|\n|poke|p1|Hatterene, L50, F|\n|poke|p1|Gourgeist-*, L50, F|\n|poke|p2|Maushold, L50|\n|poke|p2|Meowstic, L50, M|\n|poke|p2|Basculegion, L50, M|\n|poke|p2|Talonflame, L50, M|\n|poke|p2|Alakazam, L50, F|\n|poke|p2|Gallade, L50, M|\n|teampreview|4\n|\n|t:|1776407815\n|teamsize|p1|4\n|teamsize|p2|4\n|start\n|switch|p1a: Ford F-150|Garchomp, L50, M|100/100\n|switch|p1b: Megumi|Tyranitar, L50, M|100/100\n|switch|p2a: Gallade|Gallade, L50, M|100/100\n|switch|p2b: Basculegion|Basculegion, L50, M|100/100\n|-weather|Sandstorm|[from] ability: Sand Stream|[of] p1b: Megumi\n|turn|1\n|\n|t:|1776407846\n|move|p1b: Megumi|Protect|p1b: Megumi\n|-singleturn|p1b: Megumi|Protect\n|move|p2b: Basculegion|Flip Turn|p1a: Ford F-150\n|-damage|p1a: Ford F-150|64/100\n|-damage|p2b: Basculegion|88/100|[from] ability: Rough Skin|[of] p1a: Ford F-150\n|\n|t:|1776407852\n|switch|p2b: Meowstic|Meowstic, L50, M|100/100|[from] Flip Turn\n|move|p1a: Ford F-150|Scale Shot|p2b: Meowstic\n|-damage|p2b: Meowstic|87/100\n|-damage|p2b: Meowstic|73/100\n|-damage|p2b: Meowstic|61/100\n|-hitcount|p2b: Meowstic|3\n|-unboost|p1a: Ford F-150|def|1\n|-boost|p1a: Ford F-150|spe|1\n|move|p2a: Gallade|Sacred Sword|p1b: Megumi\n|-activate|p1b: Megumi|move: Protect\n|\n|-weather|Sandstorm|[upkeep]\n|-damage|p2b: Meowstic|55/100|[from] Sandstorm\n|-damage|p2a: Gallade|95/100|[from] Sandstorm\n|upkeep\n|turn|2\n|\n|t:|1776407873\n|detailschange|p1a: Ford F-150|Garchomp-Mega, L50, M\n|-mega|p1a: Ford F-150|Garchomp|Garchompite\n|move|p1b: Megumi|Helping Hand|p1a: Ford F-150\n|-singleturn|p1a: Ford F-150|Helping Hand|[of] p1b: Megumi\n|move|p2b: Meowstic|Fake Out|p1a: Ford F-150\n|-damage|p1a: Ford F-150|58/100\n|cant|p1a: Ford F-150|flinch\n|move|p2a: Gallade|Sacred Sword|p1b: Megumi\n|-supereffective|p1b: Megumi|2\n|-enditem|p1b: Megumi|Chople Berry|[eat]\n|-enditem|p1b: Megumi|Chople Berry|[weaken]\n|-damage|p1b: Megumi|0 fnt\n|faint|p1b: Megumi\n|\n|-weather|Sandstorm|[upkeep]\n|-damage|p2b: Meowstic|49/100|[from] Sandstorm\n|-damage|p2a: Gallade|89/100|[from] Sandstorm\n|upkeep\n|\n|t:|1776407895\n|switch|p1b: Rawr!|Gyarados, L50, F|100/100\n|-ability|p1b: Rawr!|Intimidate|boost\n|-unboost|p2a: Gallade|atk|1\n|-unboost|p2b: Meowstic|atk|1\n|-enditem|p2a: Gallade|White Herb\n|-clearnegativeboost|p2a: Gallade|[silent]\n|turn|3\n|\n|t:|1776407908\n|move|p2b: Meowstic|Psychic Terrain|p2b: Meowstic\n|-fieldstart|move: Psychic Terrain\n|move|p1a: Ford F-150|Earthquake|p2b: Meowstic|[spread] p2a,p2b\n|-immune|p1b: Rawr!\n|-damage|p2a: Gallade|5/100\n|-damage|p2b: Meowstic|0 fnt\n|faint|p2b: Meowstic\n|move|p1b: Rawr!|Dragon Dance|p1b: Rawr!\n|-boost|p1b: Rawr!|atk|1\n|-boost|p1b: Rawr!|spe|1\n|move|p2a: Gallade|Psycho Cut|p1a: Ford F-150\n|-damage|p1a: Ford F-150|0 fnt\n|faint|p1a: Ford F-150\n|\n|-weather|Sandstorm|[upkeep]\n|-damage|p1b: Rawr!|94/100|[from] Sandstorm\n|-damage|p2a: Gallade|0 fnt|[from] Sandstorm\n|faint|p2a: Gallade\n|upkeep\n|\n|t:|1776407922\n|switch|p1a: Trick NOW|Gourgeist-Super, L50, F|100/100\n|switch|p2b: Alakazam|Alakazam, L50, F|100/100\n|switch|p2a: Basculegion|Basculegion, L50, M|88/100\n|-item|p2a: Basculegion|Choice Scarf|[from] ability: Frisk|[of] p1a: Trick NOW\n|-item|p2b: Alakazam|Alakazite|[from] ability: Frisk|[of] p1a: Trick NOW\n|turn|4\n|\n|t:|1776407962\n|detailschange|p2b: Alakazam|Alakazam-Mega, L50, F\n|-mega|p2b: Alakazam|Alakazam|Alakazite\n|-ability|p2b: Alakazam|Intimidate|Trace|[from] ability: Trace|[of] p1b: Rawr!\n|-ability|p2b: Alakazam|Intimidate|boost\n|-unboost|p1a: Trick NOW|atk|1\n|-unboost|p1b: Rawr!|atk|1\n|move|p1a: Trick NOW|Ally Switch|p1a: Trick NOW\n|swap|p1a: Trick NOW|1|[from] move: Ally Switch\n|move|p2b: Alakazam|Expanding Force|p1b: Trick NOW|[spread] p1a,p1b\n|-damage|p1a: Rawr!|26/100\n|-damage|p1b: Trick NOW|35/100\n|move|p2a: Basculegion|Last Respects|p1b: Trick NOW\n|-supereffective|p1b: Trick NOW|1\n|-damage|p1b: Trick NOW|0 fnt\n|faint|p1b: Trick NOW\n|move|p1a: Rawr!|Crunch|p2a: Basculegion\n|-supereffective|p2a: Basculegion|1\n|-damage|p2a: Basculegion|18/100\n|\n|-weather|Sandstorm|[upkeep]\n|-damage|p2b: Alakazam|94/100|[from] Sandstorm\n|-damage|p2a: Basculegion|12/100|[from] Sandstorm\n|-damage|p1a: Rawr!|20/100|[from] Sandstorm\n|upkeep\n|turn|5\n|-message|Party gengar forfeited.\n|\n|win|sisi1\n|raw|Party gengar's rating: 1155 &rarr; <strong>1128</strong><br />(-27 for losing)\n|raw|sisi1's rating: 1132 &rarr; <strong>1159</strong><br />(+27 for winning)\n|l|\u2606Party gengar\n|player|p1|\n",
  "uploadtime": 1776407996,
  "views": 21,
  "formatid": "gen9championsvgc2026regma",
  "rating": 1128,
  "private": 0,
  "password": null
}