{
  "id": "gen9championsvgc2026regma-2585952333",
  "format": "[Gen 9 Champions] VGC 2026 Reg M-A",
  "players": [
    "pictochatvgc",
    "THE_Boykisser9"
  ],
  "log": "|j|\u2606pictochatvgc\n|j|\u2606THE_Boykisser9\n|t:|1776384539\n|gametype|doubles\n|player|p1|pictochatvgc|skier|1233\n|player|p2|THE_Boykisser9|2|1268\n|gen|9\n|tier|[Gen 9 Champions] VGC 2026 Reg M-A\n|rated|\n|rule|Species Clause: Limit one of each Pok\u00e9mon\n|rule|Item Clause: Limit 1 of each item\n|clearpoke\n|poke|p1|Alakazam, L50, M|\n|poke|p1|Meowstic, L50, M|\n|poke|p1|Flapple, L50, F|\n|poke|p1|Slowking-Galar, L50, F|\n|poke|p1|Drampa, L50, F|\n|poke|p1|Arcanine-Hisui, L50, M|\n|poke|p2|Excadrill, L50, F|\n|poke|p2|Aerodactyl, L50, M|\n|poke|p2|Tyranitar, L50, F|\n|poke|p2|Lopunny, L50, F|\n|poke|p2|Heliolisk, L50, M|\n|poke|p2|Ditto, L50|\n|teampreview|4\n|\n|t:|1776384564\n|teamsize|p1|4\n|teamsize|p2|4\n|start\n|switch|p1a: Meowstic|Meowstic, L50, M|100/100\n|switch|p1b: Flapple|Flapple, L50, F|100/100\n|switch|p2a: Gonna do it Batman|Lopunny, L50, F|100/100\n|switch|p2b: Flying Rock|Aerodactyl, L50, M|100/100\n|-ability|p2b: Flying Rock|Unnerve\n|turn|1\n|\n|t:|1776384590\n|detailschange|p2a: Gonna do it Batman|Lopunny-Mega, L50, F\n|-mega|p2a: Gonna do it Batman|Lopunny|Lopunnite\n|move|p2a: Gonna do it Batman|Fake Out|p1a: Meowstic\n|-damage|p1a: Meowstic|81/100\n|cant|p1a: Meowstic|flinch\n|move|p2b: Flying Rock|Tailwind|p2b: Flying Rock\n|-sidestart|p2: THE_Boykisser9|move: Tailwind\n|move|p1b: Flapple|U-turn|p2b: Flying Rock\n|-resisted|p2b: Flying Rock|1\n|-crit|p2b: Flying Rock\n|-damage|p2b: Flying Rock|60/100\n|\n|t:|1776384600\n|switch|p1b: Slowking|Slowking-Galar, L50, F|100/100|[from] U-turn\n|\n|upkeep\n|turn|2\n|\n|t:|1776384615\n|switch|p2a: Have you seen him?|Heliolisk, L50, M|100/100\n|move|p1a: Meowstic|Psychic Terrain|p1a: Meowstic\n|-fieldstart|move: Psychic Terrain\n|move|p2b: Flying Rock|Rock Slide|p1b: Slowking|[spread] p1a\n|-miss|p2b: Flying Rock|p1b: Slowking\n|-damage|p1a: Meowstic|59/100\n|move|p1b: Slowking|Trick Room|p1b: Slowking\n|-fieldstart|move: Trick Room|[of] p1b: Slowking\n|\n|upkeep\n|turn|3\n|\n|t:|1776384631\n|move|p2b: Flying Rock|Protect|p2b: Flying Rock\n|-singleturn|p2b: Flying Rock|Protect\n|move|p1b: Slowking|Expanding Force|p2b: Flying Rock|[spread] p2a\n|-activate|p2b: Flying Rock|move: Protect\n|-damage|p2a: Have you seen him?|23/100\n|-enditem|p2a: Have you seen him?|Sitrus Berry|[eat]\n|-heal|p2a: Have you seen him?|47/100|[from] item: Sitrus Berry\n|move|p1a: Meowstic|Expanding Force|p2b: Flying Rock|[spread] p2a\n|-activate|p2b: Flying Rock|move: Protect\n|-crit|p2a: Have you seen him?\n|-damage|p2a: Have you seen him?|0 fnt\n|faint|p2a: Have you seen him?\n|\n|upkeep\n|\n|t:|1776384644\n|switch|p2a: Gonna do it Batman|Lopunny-Mega, L50, F|100/100\n|turn|4\n|\n|t:|1776384661\n|move|p2a: Gonna do it Batman|Protect|p2a: Gonna do it Batman\n|-singleturn|p2a: Gonna do it Batman|Protect\n|move|p1b: Slowking|Expanding Force|p2a: Gonna do it Batman|[spread] p2b\n|-activate|p2a: Gonna do it Batman|move: Protect\n|-damage|p2b: Flying Rock|0 fnt\n|faint|p2b: Flying Rock\n|move|p1a: Meowstic|Expanding Force|p2a: Gonna do it Batman\n|-activate|p2a: Gonna do it Batman|move: Protect\n|\n|-sideend|p2: THE_Boykisser9|move: Tailwind\n|upkeep\n|\n|t:|1776384670\n|switch|p2b: Yoink|Ditto, L50, shiny|100/100\n|-transform|p2b: Yoink|p1a: Meowstic|[from] ability: Imposter\n|turn|5\n|\n|t:|1776384699\n|move|p1b: Slowking|Expanding Force|p2a: Gonna do it Batman|[spread] p2a,p2b\n|-supereffective|p2a: Gonna do it Batman|1\n|-resisted|p2b: Yoink|1\n|-damage|p2a: Gonna do it Batman|0 fnt\n|-damage|p2b: Yoink|58/100\n|faint|p2a: Gonna do it Batman\n|move|p1a: Meowstic|Expanding Force|p2b: Yoink\n|-resisted|p2b: Yoink|1\n|-damage|p2b: Yoink|25/100\n|move|p2b: Yoink|Expanding Force|p1a: Meowstic|[spread] p1a,p1b\n|-resisted|p1a: Meowstic|1\n|-damage|p1a: Meowstic|39/100\n|-damage|p1b: Slowking|74/100\n|\n|upkeep\n|turn|6\n|-message|THE_Boykisser9 forfeited.\n|\n|win|pictochatvgc\n|raw|pictochatvgc's rating: 1233 &rarr; <strong>1261</strong><br />(+28 for winning)\n|raw|THE_Boykisser9's rating: 1268 &rarr; <strong>1240</strong><br />(-28 for losing)\n|l|\u2606THE_Boykisser9\n|player|p2|\n",
  "uploadtime": 1776384712,
  "views": 41,
  "formatid": "gen9championsvgc2026regma",
  "rating": 1240,
  "private": 0,
  "password": null
}