{
  "id": "gen9championsvgc2026regma-2585810523",
  "format": "[Gen 9 Champions] VGC 2026 Reg M-A",
  "players": [
    "myluckisthatbad",
    "Stillhung"
  ],
  "log": "|j|\u2606myluckisthatbad\n|j|\u2606Stillhung\n|t:|1776372303\n|gametype|doubles\n|player|p1|myluckisthatbad|n|1130\n|player|p2|Stillhung|169|1095\n|gen|9\n|tier|[Gen 9 Champions] VGC 2026 Reg M-A\n|rated|\n|rule|Species Clause: Limit one of each Pok\u00e9mon\n|rule|Item Clause: Limit 1 of each item\n|clearpoke\n|poke|p1|Hawlucha, L50, M|\n|poke|p1|Snorlax, L50, F|\n|poke|p1|Meowstic, L50, M|\n|poke|p1|Garchomp, L50, F|\n|poke|p1|Gardevoir, L50, F|\n|poke|p1|Starmie, L50|\n|poke|p2|Kangaskhan, L50, F|\n|poke|p2|Sneasler, L50, M|\n|poke|p2|Whimsicott, L50, M|\n|poke|p2|Ninetales, L50, F|\n|poke|p2|Garchomp, L50, F|\n|poke|p2|Arcanine-Hisui, L50, F|\n|teampreview|4\n|inactive|Battle timer is ON: inactive players will automatically lose when time's up. (requested by Stillhung)\n|inactive|Stillhung has 60 seconds left.\n|\n|t:|1776372343\n|teamsize|p1|4\n|teamsize|p2|4\n|start\n|switch|p1a: Funny dude|Starmie, L50|100/100\n|switch|p1b: Monster 2.0|Garchomp, L50, F|100/100\n|switch|p2a: Whimsicott|Whimsicott, L50, M|100/100\n|switch|p2b: Kangaskhan|Kangaskhan, L50, F|100/100\n|turn|1\n|\n|t:|1776372354\n|detailschange|p1a: Funny dude|Starmie-Mega, L50\n|-mega|p1a: Funny dude|Starmie|Starminite\n|detailschange|p2b: Kangaskhan|Kangaskhan-Mega, L50, F\n|-mega|p2b: Kangaskhan|Kangaskhan|Kangaskhanite\n|move|p2b: Kangaskhan|Fake Out|p1a: Funny dude\n|-damage|p1a: Funny dude|76/100\n|-damage|p1a: Funny dude|71/100\n|-hitcount|p1a: Funny dude|2\n|move|p1b: Monster 2.0|Earthquake|p2b: Kangaskhan|[spread] p1a,p2a,p2b\n|-resisted|p2a: Whimsicott|1\n|-damage|p1a: Funny dude|27/100\n|-damage|p2a: Whimsicott|79/100\n|-damage|p2b: Kangaskhan|66/100\n|cant|p1a: Funny dude|flinch\n|move|p2a: Whimsicott|Moonblast|p1b: Monster 2.0\n|-supereffective|p1b: Monster 2.0|1\n|-damage|p1b: Monster 2.0|41/100\n|\n|upkeep\n|turn|2\n|\n|t:|1776372376\n|move|p2a: Whimsicott|Tailwind|p2a: Whimsicott\n|-sidestart|p2: Stillhung|move: Tailwind\n|move|p2b: Kangaskhan|Double-Edge|p1a: Funny dude\n|-damage|p1a: Funny dude|0 fnt\n|faint|p1a: Funny dude\n|-hitcount|p1: Funny dude|1\n|-damage|p2b: Kangaskhan|60/100|[from] Recoil\n|move|p1b: Monster 2.0|Earthquake|p2b: Kangaskhan|[spread] p2a,p2b\n|-resisted|p2a: Whimsicott|1\n|-damage|p2a: Whimsicott|57/100\n|-damage|p2b: Kangaskhan|29/100\n|\n|upkeep\n|\n|t:|1776372382\n|switch|p1a: Haha dragon immune|Gardevoir, L50, F|100/100\n|turn|3\n|\n|t:|1776372390\n|move|p2a: Whimsicott|Moonblast|p1b: Monster 2.0\n|-supereffective|p1b: Monster 2.0|1\n|-damage|p1b: Monster 2.0|0 fnt\n|faint|p1b: Monster 2.0\n|move|p2b: Kangaskhan|Double-Edge|p1a: Haha dragon immune\n|-damage|p1a: Haha dragon immune|12/100\n|-damage|p1a: Haha dragon immune|0 fnt\n|faint|p1a: Haha dragon immune\n|-hitcount|p1: Haha dragon immune|2\n|-damage|p2b: Kangaskhan|6/100|[from] Recoil\n|\n|upkeep\n|\n|t:|1776372394\n|switch|p1a: Deny|Meowstic, L50, M|100/100\n|turn|4\n|\n|t:|1776372402\n|move|p1a: Deny|Fake Out|p2b: Kangaskhan\n|-damage|p2b: Kangaskhan|1/100\n|cant|p2b: Kangaskhan|flinch\n|move|p2a: Whimsicott|Moonblast|p1a: Deny\n|-damage|p1a: Deny|76/100\n|\n|upkeep\n|turn|5\n|-message|myluckisthatbad forfeited.\n|\n|win|Stillhung\n|raw|myluckisthatbad's rating: 1130 &rarr; <strong>1102</strong><br />(-28 for losing)\n|raw|Stillhung's rating: 1095 &rarr; <strong>1123</strong><br />(+28 for winning)\n|l|\u2606myluckisthatbad\n|player|p1|\n",
  "uploadtime": 1776372419,
  "views": 32,
  "formatid": "gen9championsvgc2026regma",
  "rating": 1102,
  "private": 0,
  "password": null
}