{
  "id": "gen9championsvgc2026regma-2581551213",
  "format": "[Gen 9 Champions] VGC 2026 Reg M-A",
  "players": [
    "juqiantangnang",
    "reisterr"
  ],
  "log": "|j|\u2606juqiantangnang\n|j|\u2606reisterr\n|t:|1776010282\n|gametype|doubles\n|player|p1|juqiantangnang|cynthia|1126\n|player|p2|reisterr|1|1091\n|gen|9\n|tier|[Gen 9 Champions] VGC 2026 Reg M-A\n|rated|\n|rule|Species Clause: Limit one of each Pok\u00e9mon\n|rule|Item Clause: Limit 1 of each item\n|clearpoke\n|poke|p1|Meganium, L50, M|\n|poke|p1|Garchomp, L50, M|\n|poke|p1|Basculegion, L50, M|\n|poke|p1|Kingambit, L50, F|\n|poke|p1|Sneasler, L50, M|\n|poke|p1|Rotom-Wash, L50|\n|poke|p2|Alakazam, L50, F|\n|poke|p2|Drampa, L50, M|\n|poke|p2|Pelipper, L50, F|\n|poke|p2|Sableye, L50, F|\n|poke|p2|Aegislash, L50, F|\n|poke|p2|Alcremie, L50, F|\n|teampreview|4\n|inactive|Battle timer is ON: inactive players will automatically lose when time's up. (requested by reisterr)\n|inactive|juqiantangnang also wants the timer to be on.\n|\n|t:|1776010301\n|teamsize|p1|4\n|teamsize|p2|4\n|start\n|switch|p1a: Rotom|Rotom-Wash, L50|100/100\n|switch|p1b: Meganium|Meganium, L50, M|100/100\n|switch|p2a: Alakazam|Alakazam, L50, F|100/100\n|switch|p2b: Drampa|Drampa, L50, M|100/100\n|turn|1\n|inactive|juqiantangnang has 30 seconds left.\n|inactive|juqiantangnang has 20 seconds left.\n|inactive|juqiantangnang has 15 seconds left.\n|inactive|juqiantangnang has 10 seconds left.\n|\n|t:|1776010347\n|detailschange|p1b: Meganium|Meganium-Mega, L50, M\n|-mega|p1b: Meganium|Meganium|Meganiumite\n|detailschange|p2b: Drampa|Drampa-Mega, L50, M\n|-mega|p2b: Drampa|Drampa|Drampanite\n|move|p2a: Alakazam|Speed Swap|p2b: Drampa\n|-activate|p2a: Alakazam|move: Speed Swap|[of] p2b: Drampa\n|move|p2b: Drampa|Substitute|p2b: Drampa\n|-start|p2b: Drampa|Substitute\n|-damage|p2b: Drampa|76/100\n|move|p1a: Rotom|Hydro Pump|p2a: Alakazam|[miss]\n|-miss|p1a: Rotom|p2a: Alakazam\n|move|p1b: Meganium|Dazzling Gleam|p2a: Alakazam|[spread] p2a,p2b\n|-supereffective|p2b: Drampa|1\n|-end|p2b: Drampa|Substitute\n|-damage|p2a: Alakazam|48/100\n|\n|upkeep\n|turn|2\n|inactive|reisterr has 30 seconds left.\n|inactive|reisterr has 20 seconds left.\n|inactive|reisterr has 15 seconds left.\n|\n|t:|1776010391\n|switch|p2a: Pelipper|Pelipper, L50, F|100/100\n|-weather|RainDance|[from] ability: Drizzle|[of] p2a: Pelipper\n|move|p2b: Drampa|Substitute|p2b: Drampa\n|-start|p2b: Drampa|Substitute\n|-damage|p2b: Drampa|51/100\n|move|p1a: Rotom|Thunderbolt|p2a: Pelipper\n|-supereffective|p2a: Pelipper|2\n|-enditem|p2a: Pelipper|Focus Sash\n|-damage|p2a: Pelipper|1/100\n|move|p1b: Meganium|Dazzling Gleam|p2a: Pelipper|[spread] p2a,p2b\n|-supereffective|p2b: Drampa|1\n|-end|p2b: Drampa|Substitute\n|-damage|p2a: Pelipper|0 fnt\n|faint|p2a: Pelipper\n|\n|-weather|RainDance|[upkeep]\n|upkeep\n|\n|t:|1776010411\n|switch|p2a: Aegislash|Aegislash, L50, F|100/100\n|turn|3\n|\n|t:|1776010431\n|move|p2b: Drampa|Substitute|p2b: Drampa\n|-start|p2b: Drampa|Substitute\n|-damage|p2b: Drampa|26/100\n|-formechange|p2a: Aegislash|Aegislash-Blade|\n|move|p2a: Aegislash|Iron Head|p1b: Meganium\n|-supereffective|p1b: Meganium|1\n|-damage|p1b: Meganium|16/100\n|move|p1a: Rotom|Hydro Pump|p2a: Aegislash|[miss]\n|-miss|p1a: Rotom|p2a: Aegislash\n|cant|p1b: Meganium|flinch\n|\n|-weather|RainDance|[upkeep]\n|upkeep\n|turn|4\n|\n|t:|1776010450\n|move|p1b: Meganium|Protect|p1b: Meganium\n|-singleturn|p1b: Meganium|Protect\n|move|p2a: Aegislash|Shadow Sneak|p1b: Meganium\n|-activate|p1b: Meganium|move: Protect\n|move|p2b: Drampa|Hyper Voice|p1b: Meganium|[spread] p1a\n|-activate|p1b: Meganium|move: Protect\n|-damage|p1a: Rotom|56/100\n|move|p1a: Rotom|Will-O-Wisp|p2a: Aegislash\n|-status|p2a: Aegislash|brn\n|\n|-weather|RainDance|[upkeep]\n|-damage|p2a: Aegislash|95/100 brn|[from] brn\n|upkeep\n|turn|5\n|inactive|reisterr has 30 seconds left.\n|\n|t:|1776010481\n|switch|p1b: Kingambit|Kingambit, L50, F|100/100\n|move|p2a: Aegislash|Shadow Sneak|p1a: Rotom\n|-damage|p1a: Rotom|42/100\n|-enditem|p1a: Rotom|Sitrus Berry|[eat]\n|-heal|p1a: Rotom|67/100|[from] item: Sitrus Berry\n|move|p2b: Drampa|Hyper Voice|p1b: Kingambit|[spread] p1a,p1b\n|-resisted|p1b: Kingambit|1\n|-damage|p1a: Rotom|20/100\n|-damage|p1b: Kingambit|85/100\n|move|p1a: Rotom|Hydro Pump|p2b: Drampa|[miss]\n|-miss|p1a: Rotom|p2b: Drampa\n|\n|-weather|RainDance|[upkeep]\n|-damage|p2a: Aegislash|89/100 brn|[from] brn\n|upkeep\n|turn|6\n|\n|t:|1776010504\n|-formechange|p2a: Aegislash|Aegislash|\n|move|p2a: Aegislash|King's Shield|p2a: Aegislash\n|-singleturn|p2a: Aegislash|Protect\n|move|p1b: Kingambit|Sucker Punch|p2b: Drampa\n|-end|p2b: Drampa|Substitute\n|move|p2b: Drampa|Thunder|p1b: Kingambit\n|-damage|p1b: Kingambit|49/100\n|move|p1a: Rotom|Hydro Pump|p2b: Drampa\n|-resisted|p2b: Drampa|1\n|-damage|p2b: Drampa|2/100\n|\n|-weather|none\n|-damage|p2a: Aegislash|83/100 brn|[from] brn\n|upkeep\n|turn|7\n|\n|t:|1776010528\n|move|p1b: Kingambit|Protect|p1b: Kingambit\n|-singleturn|p1b: Kingambit|Protect\n|-formechange|p2a: Aegislash|Aegislash-Blade|\n|move|p2a: Aegislash|Shadow Sneak|p1a: Rotom\n|-damage|p1a: Rotom|6/100\n|move|p2b: Drampa|Hyper Voice|p1a: Rotom|[spread] p1a\n|-activate|p1b: Kingambit|move: Protect\n|-damage|p1a: Rotom|0 fnt\n|faint|p1a: Rotom\n|\n|-damage|p2a: Aegislash|77/100 brn|[from] brn\n|upkeep\n|\n|t:|1776010539\n|switch|p1a: Meganium|Meganium-Mega, L50, M|16/100\n|turn|8\n|\n|t:|1776010552\n|move|p1a: Meganium|Protect|p1a: Meganium\n|-singleturn|p1a: Meganium|Protect\n|move|p1b: Kingambit|Sucker Punch||[still]\n|-fail|p1b: Kingambit\n|move|p2b: Drampa|Substitute|p2b: Drampa\n|-fail|p2b: Drampa|move: Substitute|[weak]\n|move|p2a: Aegislash|Iron Head|p1a: Meganium\n|-activate|p1a: Meganium|move: Protect\n|\n|-damage|p2a: Aegislash|71/100 brn|[from] brn\n|upkeep\n|turn|9\n|\n|t:|1776010569\n|move|p2a: Aegislash|Shadow Sneak|p1a: Meganium\n|-damage|p1a: Meganium|5/100\n|move|p1b: Kingambit|Sucker Punch||[still]\n|-fail|p1b: Kingambit\n|move|p2b: Drampa|Substitute|p2b: Drampa\n|-fail|p2b: Drampa|move: Substitute|[weak]\n|move|p1a: Meganium|Weather Ball|p2a: Aegislash\n|-supereffective|p2a: Aegislash|1\n|-damage|p2a: Aegislash|0 fnt\n|faint|p2a: Aegislash\n|\n|upkeep\n|\n|t:|1776010579\n|switch|p2a: Alakazam|Alakazam, L50, F|48/100\n|turn|10\n|\n|t:|1776010589\n|move|p2a: Alakazam|Ally Switch|p2a: Alakazam\n|swap|p2a: Alakazam|1|[from] move: Ally Switch\n|move|p1b: Kingambit|Sucker Punch||[still]\n|-fail|p1b: Kingambit\n|move|p2a: Drampa|Hyper Voice|p1a: Meganium|[spread] p1a,p1b\n|-resisted|p1b: Kingambit|1\n|-damage|p1a: Meganium|0 fnt\n|-damage|p1b: Kingambit|32/100\n|faint|p1a: Meganium\n|\n|upkeep\n|\n|t:|1776010595\n|switch|p1a: Garchomp|Garchomp, L50, M|100/100\n|turn|11\n|\n|t:|1776010610\n|move|p1b: Kingambit|Protect|p1b: Kingambit\n|-singleturn|p1b: Kingambit|Protect\n|move|p2a: Drampa|Hyper Voice|p1a: Garchomp|[spread] p1a\n|-activate|p1b: Kingambit|move: Protect\n|-damage|p1a: Garchomp|57/100\n|move|p2b: Alakazam|Psychic|p1a: Garchomp\n|-damage|p1a: Garchomp|5/100\n|move|p1a: Garchomp|Earthquake|p2a: Drampa|[spread] p2a,p2b\n|-activate|p1b: Kingambit|move: Protect\n|-damage|p2a: Drampa|0 fnt\n|-damage|p2b: Alakazam|0 fnt\n|faint|p2a: Drampa\n|faint|p2b: Alakazam\n|\n|win|juqiantangnang\n|raw|juqiantangnang's rating: 1126 &rarr; <strong>1148</strong><br />(+22 for winning)\n|raw|reisterr's rating: 1091 &rarr; <strong>1070</strong><br />(-21 for losing)\n|l|\u2606reisterr\n|player|p2|\n",
  "uploadtime": 1776010627,
  "views": 13,
  "formatid": "gen9championsvgc2026regma",
  "rating": 1070,
  "private": 0,
  "password": null
}