{
  "id": "gen9championsvgc2026regma-2581286713",
  "format": "[Gen 9 Champions] VGC 2026 Reg M-A",
  "players": [
    "daedae007",
    "ConnerTEP"
  ],
  "log": "|j|\u2606daedae007\n|j|\u2606ConnerTEP\n|t:|1775981539\n|gametype|doubles\n|player|p1|daedae007|1|1328\n|player|p2|ConnerTEP|acerola-masters2|1469\n|gen|9\n|tier|[Gen 9 Champions] VGC 2026 Reg M-A\n|rated|\n|rule|Species Clause: Limit one of each Pok\u00e9mon\n|rule|Item Clause: Limit 1 of each item\n|clearpoke\n|poke|p1|Greninja-*, L50, M|\n|poke|p1|Kingambit, L50, M|\n|poke|p1|Kommo-o, L50, M|\n|poke|p1|Sinistcha-Masterpiece, L50|\n|poke|p1|Incineroar, L50, F|\n|poke|p1|Aerodactyl, L50, M|\n|poke|p2|Aerodactyl, L50, F|\n|poke|p2|Garchomp, L50, M|\n|poke|p2|Gardevoir, L50, M|\n|poke|p2|Kingambit, L50, F|\n|poke|p2|Kangaskhan, L50, F|\n|poke|p2|Sinistcha, L50|\n|teampreview|4\n|inactive|Battle timer is ON: inactive players will automatically lose when time's up. (requested by ConnerTEP)\n|j| gE1xjZRtuhW2DdT0AK\n|j| jungro\n|inactive|ConnerTEP has 60 seconds left.\n|\n|t:|1775981579\n|teamsize|p1|4\n|teamsize|p2|4\n|start\n|switch|p1a: Greninja|Greninja, L50, M|100/100\n|switch|p1b: Aerodactyl|Aerodactyl, L50, M|100/100\n|switch|p2a: Gardevoir|Gardevoir, L50, M|100/100\n|switch|p2b: Kangaskhan|Kangaskhan, L50, F|100/100\n|-ability|p1b: Aerodactyl|Unnerve\n|-ability|p2a: Gardevoir|Protean|Trace|[from] ability: Trace|[of] p1a: Greninja\n|turn|1\n|\n|t:|1775981595\n|switch|p1a: Incineroar|Incineroar, L50, F|100/100\n|-ability|p1a: Incineroar|Intimidate|boost\n|-unboost|p2a: Gardevoir|atk|1\n|-fail|p2b: Kangaskhan|unboost|Attack|[from] ability: Scrappy|[of] p2b: Kangaskhan\n|detailschange|p2a: Gardevoir|Gardevoir-Mega, L50, M\n|-mega|p2a: Gardevoir|Gardevoir|Gardevoirite\n|move|p1b: Aerodactyl|Protect|p1b: Aerodactyl\n|-singleturn|p1b: Aerodactyl|Protect\n|move|p2b: Kangaskhan|Fake Out|p1b: Aerodactyl\n|-activate|p1b: Aerodactyl|move: Protect\n|move|p2a: Gardevoir|Hyper Voice|p1a: Incineroar|[spread] p1a\n|-activate|p1b: Aerodactyl|move: Protect\n|-damage|p1a: Incineroar|51/100\n|\n|upkeep\n|turn|2\n|inactive|ConnerTEP has 30 seconds left.\n|inactive|daedae007 has 30 seconds left.\n|\n|t:|1775981629\n|switch|p2a: Kingambit|Kingambit, L50, F|100/100\n|move|p1b: Aerodactyl|Rock Slide|p2a: Kingambit|[spread] p2a,p2b\n|-resisted|p2a: Kingambit|1\n|-damage|p2a: Kingambit|92/100\n|-damage|p2b: Kangaskhan|78/100\n|move|p2b: Kangaskhan|Drain Punch|p1a: Incineroar\n|-supereffective|p1a: Incineroar|1\n|-enditem|p1a: Incineroar|Chople Berry|[eat]\n|-enditem|p1a: Incineroar|Chople Berry|[weaken]\n|-damage|p1a: Incineroar|30/100\n|-heal|p2b: Kangaskhan|90/100|[from] drain|[of] p1a: Incineroar\n|move|p1a: Incineroar|Parting Shot|p2a: Kingambit\n|-unboost|p2a: Kingambit|atk|1\n|-ability|p2a: Kingambit|Defiant|boost\n|-boost|p2a: Kingambit|atk|2\n|-unboost|p2a: Kingambit|spa|1\n|-ability|p2a: Kingambit|Defiant|boost\n|-boost|p2a: Kingambit|atk|2\n|\n|t:|1775981644\n|switch|p1a: Greninja|Greninja, L50, M|100/100|[from] Parting Shot\n|\n|upkeep\n|turn|3\n|inactive|ConnerTEP has 30 seconds left.\n|\n|t:|1775981672\n|detailschange|p1a: Greninja|Greninja-Mega, L50, M\n|-mega|p1a: Greninja|Greninja|Greninjite\n|move|p1a: Greninja|Hydro Pump|p2a: Kingambit\n|-start|p1a: Greninja|typechange|Water|[from] ability: Protean\n|-damage|p2a: Kingambit|46/100\n|move|p1b: Aerodactyl|Rock Slide|p2b: Kangaskhan|[spread] p2a,p2b\n|-resisted|p2a: Kingambit|1\n|-damage|p2a: Kingambit|38/100\n|-damage|p2b: Kangaskhan|69/100\n|move|p2b: Kangaskhan|Drain Punch|p1b: Aerodactyl\n|-damage|p1b: Aerodactyl|71/100\n|-heal|p2b: Kangaskhan|84/100|[from] drain|[of] p1b: Aerodactyl\n|move|p2a: Kingambit|Iron Head|p1b: Aerodactyl\n|-supereffective|p1b: Aerodactyl|1\n|-damage|p1b: Aerodactyl|0 fnt\n|faint|p1b: Aerodactyl\n|\n|upkeep\n|\n|t:|1775981686\n|switch|p1b: Sinistcha|Sinistcha-Masterpiece, L50|100/100\n|turn|4\n|\n|t:|1775981702\n|move|p2a: Kingambit|Protect|p2a: Kingambit\n|-singleturn|p2a: Kingambit|Protect\n|move|p1b: Sinistcha|Rage Powder|p1b: Sinistcha\n|-singleturn|p1b: Sinistcha|move: Rage Powder\n|move|p1a: Greninja|Hydro Pump|p2b: Kangaskhan\n|-damage|p2b: Kangaskhan|18/100\n|move|p2b: Kangaskhan|Double-Edge|p1b: Sinistcha\n|-damage|p1b: Sinistcha|46/100\n|-enditem|p1b: Sinistcha|Sitrus Berry|[eat]\n|-heal|p1b: Sinistcha|71/100|[from] item: Sitrus Berry\n|-damage|p2b: Kangaskhan|0 fnt|[from] Recoil\n|faint|p2b: Kangaskhan\n|\n|upkeep\n|\n|t:|1775981711\n|switch|p2b: Gardevoir|Gardevoir-Mega, L50, M|100/100\n|turn|5\n|\n|t:|1775981720\n|move|p1b: Sinistcha|Rage Powder|p1b: Sinistcha\n|-singleturn|p1b: Sinistcha|move: Rage Powder\n|move|p1a: Greninja|Hydro Pump|p2a: Kingambit\n|-damage|p2a: Kingambit|0 fnt\n|faint|p2a: Kingambit\n|move|p2b: Gardevoir|Hyper Voice|p1b: Sinistcha|[spread] p1a,p1b\n|-crit|p1a: Greninja\n|-damage|p1a: Greninja|0 fnt\n|-damage|p1b: Sinistcha|29/100\n|faint|p1a: Greninja\n|\n|upkeep\n|\n|t:|1775981729\n|switch|p1a: Incineroar|Incineroar, L50, F|30/100\n|switch|p2a: Aerodactyl|Aerodactyl, L50, F|100/100\n|-ability|p2a: Aerodactyl|Unnerve\n|-ability|p1a: Incineroar|Intimidate|boost\n|-unboost|p2a: Aerodactyl|atk|1\n|-unboost|p2b: Gardevoir|atk|1\n|turn|6\n|c|\u2606ConnerTEP|Mbad\n|-message|daedae007 forfeited.\n|\n|win|ConnerTEP\n|raw|daedae007's rating: 1328 &rarr; <strong>1316</strong><br />(-12 for losing)\n|raw|ConnerTEP's rating: 1469 &rarr; <strong>1481</strong><br />(+12 for winning)\n|l|\u2606daedae007\n|player|p1|\n|l|\u2606ConnerTEP\n|player|p2|\n",
  "uploadtime": 1775981749,
  "views": 32,
  "formatid": "gen9championsvgc2026regma",
  "rating": 1316,
  "private": 0,
  "password": null
}