{
  "id": "gen9championsvgc2026regma-2585700033",
  "format": "[Gen 9 Champions] VGC 2026 Reg M-A",
  "players": [
    "guillehue",
    "Wolfe Flick"
  ],
  "log": "|j|\u2606guillehue\n|j|\u2606Wolfe Flick\n|t:|1776364609\n|gametype|doubles\n|player|p1|guillehue|ghetsis-gen5bw|1524\n|player|p2|Wolfe Flick|leon-tower|1520\n|gen|9\n|tier|[Gen 9 Champions] VGC 2026 Reg M-A\n|rated|\n|rule|Species Clause: Limit one of each Pok\u00e9mon\n|rule|Item Clause: Limit 1 of each item\n|clearpoke\n|poke|p1|Meganium, L50, M|\n|poke|p1|Dragonite, L50, M|\n|poke|p1|Pelipper, L50, M|\n|poke|p1|Basculegion, L50, M|\n|poke|p1|Sneasler, L50, F|\n|poke|p1|Kingambit, L50, M|\n|poke|p2|Floette-Eternal, L50, F|\n|poke|p2|Kingambit, L50, F|\n|poke|p2|Sneasler, L50, M|\n|poke|p2|Garchomp, L50, F|\n|poke|p2|Basculegion, L50, M|\n|poke|p2|Froslass, L50, F|\n|teampreview|4\n|inactive|Battle timer is ON: inactive players will automatically lose when time's up. (requested by guillehue)\n|inactive|Wolfe Flick has 60 seconds left.\n|\n|t:|1776364663\n|teamsize|p1|4\n|teamsize|p2|4\n|start\n|switch|p1a: Sneasler|Sneasler, L50, F|100/100\n|switch|p1b: Meganium|Meganium, L50, M|100/100\n|switch|p2a: Floette|Floette-Eternal, L50, F|100/100\n|switch|p2b: Sneasler|Sneasler, L50, M|100/100\n|turn|1\n|inactive|Wolfe Flick has 30 seconds left.\n|\n|t:|1776364692\n|switch|p1b: Kingambit|Kingambit, L50, M|100/100\n|move|p2a: Floette|Protect|p2a: Floette\n|-singleturn|p2a: Floette|Protect\n|move|p1a: Sneasler|Dire Claw|p2a: Floette\n|-activate|p2a: Floette|move: Protect\n|move|p2b: Sneasler|Dire Claw|p1b: Kingambit\n|-immune|p1b: Kingambit\n|\n|upkeep\n|turn|2\n|\n|t:|1776364715\n|switch|p2a: Garchomp|Garchomp, L50, F|100/100\n|move|p1a: Sneasler|Close Combat|p2b: Sneasler\n|-resisted|p2b: Sneasler|1\n|-damage|p2b: Sneasler|43/100\n|-unboost|p1a: Sneasler|def|1\n|-unboost|p1a: Sneasler|spd|1\n|-enditem|p1a: Sneasler|White Herb\n|-clearnegativeboost|p1a: Sneasler|[silent]\n|move|p2b: Sneasler|Close Combat|p1b: Kingambit\n|-supereffective|p1b: Kingambit|2\n|-enditem|p1b: Kingambit|Chople Berry|[eat]\n|-enditem|p1b: Kingambit|Chople Berry|[weaken]\n|-damage|p1b: Kingambit|2/100\n|-unboost|p2b: Sneasler|def|1\n|-unboost|p2b: Sneasler|spd|1\n|move|p1b: Kingambit|Iron Head|p2b: Sneasler\n|-damage|p2b: Sneasler|0 fnt\n|faint|p2b: Sneasler\n|\n|upkeep\n|\n|t:|1776364736\n|switch|p2b: Basculegion|Basculegion, L50, M|100/100\n|turn|3\n|\n|t:|1776364747\n|switch|p1a: Pelipper|Pelipper, L50, M|100/100\n|-weather|RainDance|[from] ability: Drizzle|[of] p1a: Pelipper\n|move|p2b: Basculegion|Protect|p2b: Basculegion\n|-singleturn|p2b: Basculegion|Protect\n|move|p1b: Kingambit|Protect|p1b: Kingambit\n|-singleturn|p1b: Kingambit|Protect\n|move|p2a: Garchomp|Earthquake|p1b: Kingambit|[spread] \n|-activate|p2b: Basculegion|move: Protect\n|-activate|p1b: Kingambit|move: Protect\n|-immune|p1a: Pelipper\n|\n|-weather|RainDance|[upkeep]\n|upkeep\n|turn|4\n|j| Davidlor21\n|inactive|guillehue has 30 seconds left.\n|inactive|Wolfe Flick has 30 seconds left.\n|\n|t:|1776364779\n|move|p1b: Kingambit|Sucker Punch|p2b: Basculegion\n|-supereffective|p2b: Basculegion|1\n|-damage|p2b: Basculegion|14/100\n|-enditem|p2b: Basculegion|Sitrus Berry|[eat]\n|-heal|p2b: Basculegion|39/100|[from] item: Sitrus Berry\n|move|p2a: Garchomp|Rock Slide|p1a: Pelipper|[spread] p1a,p1b\n|-supereffective|p1a: Pelipper|1\n|-resisted|p1b: Kingambit|1\n|-damage|p1a: Pelipper|54/100\n|-damage|p1b: Kingambit|0 fnt\n|faint|p1b: Kingambit\n|move|p1a: Pelipper|Tailwind|p1a: Pelipper\n|-sidestart|p1: guillehue|move: Tailwind\n|move|p2b: Basculegion|Last Respects|p1a: Pelipper\n|-damage|p1a: Pelipper|0 fnt\n|faint|p1a: Pelipper\n|\n|-weather|RainDance|[upkeep]\n|upkeep\n|\n|t:|1776364793\n|switch|p1a: Sneasler|Sneasler, L50, F|100/100\n|switch|p1b: Meganium|Meganium, L50, M|100/100\n|turn|5\n|\n|t:|1776364816\n|detailschange|p1b: Meganium|Meganium-Mega, L50, M\n|-mega|p1b: Meganium|Meganium|Meganiumite\n|move|p1a: Sneasler|Protect|p1a: Sneasler\n|-singleturn|p1a: Sneasler|Protect\n|move|p2a: Garchomp|Protect|p2a: Garchomp\n|-singleturn|p2a: Garchomp|Protect\n|move|p2b: Basculegion|Protect|p2b: Basculegion\n|-singleturn|p2b: Basculegion|Protect\n|move|p1b: Meganium|Dazzling Gleam|p2b: Basculegion|[spread] \n|-activate|p2a: Garchomp|move: Protect\n|-activate|p2b: Basculegion|move: Protect\n|\n|-weather|RainDance|[upkeep]\n|upkeep\n|turn|6\n|inactive|guillehue has 30 seconds left.\n|inactive|Wolfe Flick has 30 seconds left.\n|\n|t:|1776364851\n|switch|p2a: Floette|Floette-Eternal, L50, F|100/100\n|move|p1a: Sneasler|Protect||[still]\n|-fail|p1a: Sneasler\n|move|p2b: Basculegion|Aqua Jet|p1a: Sneasler\n|-damage|p1a: Sneasler|27/100\n|move|p1b: Meganium|Dazzling Gleam|p2a: Floette|[spread] p2a,p2b\n|-damage|p2a: Floette|69/100\n|-damage|p2b: Basculegion|7/100\n|\n|-weather|RainDance|[upkeep]\n|upkeep\n|turn|7\n|inactive|Wolfe Flick has 30 seconds left.\n|\n|t:|1776364878\n|move|p2a: Floette|Protect|p2a: Floette\n|-singleturn|p2a: Floette|Protect\n|move|p2b: Basculegion|Protect|p2b: Basculegion\n|-singleturn|p2b: Basculegion|Protect\n|move|p1a: Sneasler|Dire Claw|p2a: Floette\n|-activate|p2a: Floette|move: Protect\n|move|p1b: Meganium|Dazzling Gleam|p2b: Basculegion|[spread] \n|-activate|p2a: Floette|move: Protect\n|-activate|p2b: Basculegion|move: Protect\n|\n|-weather|none\n|-sideend|p1: guillehue|move: Tailwind\n|upkeep\n|turn|8\n|inactive|guillehue has 30 seconds left.\n|\n|t:|1776364910\n|detailschange|p2a: Floette|Floette-Mega, L50, F\n|-mega|p2a: Floette|Floette|Floettite\n|-ability|p2a: Floette|Fairy Aura\n|move|p1a: Sneasler|Protect|p1a: Sneasler\n|-singleturn|p1a: Sneasler|Protect\n|move|p2b: Basculegion|Aqua Jet|p1a: Sneasler\n|-activate|p1a: Sneasler|move: Protect\n|move|p2a: Floette|Light of Ruin|p1b: Meganium\n|-damage|p1b: Meganium|11/100\n|-damage|p2a: Floette|17/100|[from] Recoil\n|move|p1b: Meganium|Dazzling Gleam|p2a: Floette|[spread] p2a,p2b\n|-damage|p2a: Floette|0 fnt\n|-damage|p2b: Basculegion|0 fnt\n|faint|p2a: Floette\n|faint|p2b: Basculegion\n|\n|upkeep\n|\n|t:|1776364924\n|switch|p2b: Garchomp|Garchomp, L50, F|100/100\n|turn|9\n|inactive|guillehue has 30 seconds left.\n|\n|t:|1776364954\n|move|p1a: Sneasler|Dire Claw|p2b: Garchomp\n|-resisted|p2b: Garchomp|1\n|-damage|p2b: Garchomp|82/100\n|-damage|p1a: Sneasler|15/100|[from] ability: Rough Skin|[of] p2b: Garchomp\n|move|p2b: Garchomp|Earthquake|p1a: Sneasler|[spread] p1a,p1b\n|-supereffective|p1a: Sneasler|1\n|-resisted|p1b: Meganium|1\n|-damage|p1a: Sneasler|0 fnt\n|-damage|p1b: Meganium|0 fnt\n|faint|p1a: Sneasler\n|faint|p1b: Meganium\n|\n|win|Wolfe Flick\n|raw|guillehue's rating: 1524 &rarr; <strong>1504</strong><br />(-20 for losing)\n|raw|Wolfe Flick's rating: 1520 &rarr; <strong>1540</strong><br />(+20 for winning)\n|l|\u2606Wolfe Flick\n|player|p2|\n|l|\u2606guillehue\n|player|p1|\n|l| Davidlor21\n",
  "uploadtime": 1776364978,
  "views": 54,
  "formatid": "gen9championsvgc2026regma",
  "rating": 1504,
  "private": 0,
  "password": null
}