{
  "id": "gen9championsvgc2026regma-2582616213",
  "format": "[Gen 9 Champions] VGC 2026 Reg M-A",
  "players": [
    "bladimir17",
    "Heracross Catcher"
  ],
  "log": "|j|\u2606bladimir17\n|j|\u2606Heracross Catcher\n|t:|1776102840\n|gametype|doubles\n|player|p1|bladimir17|hilbert|1047\n|player|p2|Heracross Catcher|baker|1133\n|gen|9\n|tier|[Gen 9 Champions] VGC 2026 Reg M-A\n|rated|\n|rule|Species Clause: Limit one of each Pok\u00e9mon\n|rule|Item Clause: Limit 1 of each item\n|clearpoke\n|poke|p1|Pelipper, L50, M|\n|poke|p1|Basculegion, L50, M|\n|poke|p1|Archaludon, L50, M|\n|poke|p1|Sinistcha, L50|\n|poke|p1|Dragonite, L50, F|\n|poke|p1|Sneasler, L50, F|\n|poke|p2|Kangaskhan, L50, F|\n|poke|p2|Talonflame, L50, M|\n|poke|p2|Zoroark-Hisui, L50, M|\n|poke|p2|Typhlosion-Hisui, L50, M|\n|poke|p2|Kingambit, L50, F|\n|poke|p2|Espeon, L50, M|\n|teampreview|4\n|\n|t:|1776102918\n|teamsize|p1|4\n|teamsize|p2|4\n|start\n|switch|p1a: Sneasler|Sneasler, L50, F|100/100\n|switch|p1b: Dragonite|Dragonite, L50, F|100/100\n|switch|p2a: Talonflame|Talonflame, L50, M|100/100\n|switch|p2b: Kangaskhan|Kangaskhan, L50, F|100/100\n|turn|1\n|\n|t:|1776102964\n|switch|p1a: Basculegion|Basculegion, L50, M|100/100\n|detailschange|p1b: Dragonite|Dragonite-Mega, L50, F\n|-mega|p1b: Dragonite|Dragonite|Dragoninite\n|move|p2a: Talonflame|Protect|p2a: Talonflame\n|-singleturn|p2a: Talonflame|Protect\n|move|p2b: Kangaskhan|Fake Out|p1a: Basculegion\n|-damage|p1a: Basculegion|80/100\n|move|p1b: Dragonite|Dragon Pulse|p2b: Kangaskhan\n|-damage|p2b: Kangaskhan|38/100\n|\n|upkeep\n|turn|2\n|\n|t:|1776103005\n|detailschange|p2b: Kangaskhan|Kangaskhan-Mega, L50, F\n|-mega|p2b: Kangaskhan|Kangaskhan|Kangaskhanite\n|move|p1a: Basculegion|Protect|p1a: Basculegion\n|-singleturn|p1a: Basculegion|Protect\n|move|p2a: Talonflame|Brave Bird|p1b: Dragonite\n|-damage|p1b: Dragonite|77/100\n|-damage|p2a: Talonflame|92/100|[from] Recoil\n|move|p2b: Kangaskhan|Sucker Punch||[still]\n|-fail|p2b: Kangaskhan\n|move|p1b: Dragonite|Dragon Pulse|p2b: Kangaskhan\n|-damage|p2b: Kangaskhan|0 fnt\n|faint|p2b: Kangaskhan\n|\n|upkeep\n|\n|t:|1776103016\n|switch|p2b: Kingambit|Kingambit, L50, F|100/100\n|turn|3\n|\n|t:|1776103031\n|switch|p1a: Pelipper|Pelipper, L50, M|100/100\n|-weather|RainDance|[from] ability: Drizzle|[of] p1a: Pelipper\n|move|p1b: Dragonite|Protect|p1b: Dragonite\n|-singleturn|p1b: Dragonite|Protect\n|move|p2a: Talonflame|Tailwind|p2a: Talonflame\n|-sidestart|p2: Heracross Catcher|move: Tailwind\n|move|p2b: Kingambit|Shadow Ball|p1a: Pelipper\n|-damage|p1a: Pelipper|26/100\n|-unboost|p1a: Pelipper|spd|1\n|\n|-weather|RainDance|[upkeep]\n|upkeep\n|turn|4\n|\n|t:|1776103068\n|move|p2a: Talonflame|Brave Bird|p1b: Dragonite\n|-damage|p1b: Dragonite|23/100\n|-damage|p2a: Talonflame|73/100|[from] Recoil\n|move|p2b: Kingambit|Hyper Voice|p1b: Dragonite|[spread] p1a,p1b\n|-damage|p1a: Pelipper|0 fnt\n|-damage|p1b: Dragonite|0 fnt\n|faint|p1a: Pelipper\n|faint|p1b: Dragonite\n|\n|-weather|RainDance|[upkeep]\n|upkeep\n|\n|t:|1776103077\n|switch|p1b: Basculegion|Basculegion, L50, M|80/100\n|switch|p1a: Sneasler|Sneasler, L50, F|100/100\n|turn|5\n|\n|t:|1776103092\n|move|p2a: Talonflame|Protect|p2a: Talonflame\n|-singleturn|p2a: Talonflame|Protect\n|move|p1a: Sneasler|Fake Out|p2a: Talonflame\n|-activate|p2a: Talonflame|move: Protect\n|move|p2b: Kingambit|Shadow Ball|p1b: Basculegion\n|-supereffective|p1b: Basculegion|1\n|-damage|p1b: Basculegion|0 fnt\n|faint|p1b: Basculegion\n|\n|-weather|RainDance|[upkeep]\n|upkeep\n|turn|6\n|inactive|Battle timer is ON: inactive players will automatically lose when time's up. (requested by Heracross Catcher)\n|inactive|bladimir17 has 60 seconds left.\n|inactive|bladimir17 has 30 seconds left.\n|inactive|bladimir17 has 20 seconds left.\n|inactive|bladimir17 has 15 seconds left.\n|inactive|bladimir17 has 10 seconds left.\n|inactive|bladimir17 has 5 seconds left.\n|\n|t:|1776103243\n|move|p2a: Talonflame|Brave Bird|p1a: Sneasler\n|-supereffective|p1a: Sneasler|1\n|-damage|p1a: Sneasler|0 fnt\n|faint|p1a: Sneasler\n|-damage|p2a: Talonflame|36/100|[from] Recoil\n|\n|win|Heracross Catcher\n|raw|bladimir17's rating: 1047 &rarr; <strong>1034</strong><br />(-13 for losing)\n|raw|Heracross Catcher's rating: 1133 &rarr; <strong>1152</strong><br />(+19 for winning)\n",
  "uploadtime": 1776103254,
  "views": 10,
  "formatid": "gen9championsvgc2026regma",
  "rating": 1034,
  "private": 0,
  "password": null
}