{
  "id": "gen9championsvgc2026regma-2587344543",
  "format": "[Gen 9 Champions] VGC 2026 Reg M-A",
  "players": [
    "lolgz",
    "rockeater9000"
  ],
  "log": "|j|\u2606lolgz\n|j|\u2606rockeater9000\n|t:|1776523889\n|gametype|doubles\n|player|p1|lolgz|dawn|1344\n|player|p2|rockeater9000|cheryl|1278\n|gen|9\n|tier|[Gen 9 Champions] VGC 2026 Reg M-A\n|rated|\n|rule|Species Clause: Limit one of each Pok\u00e9mon\n|rule|Item Clause: Limit 1 of each item\n|clearpoke\n|poke|p1|Charizard, L50, F|\n|poke|p1|Basculegion, L50, M|\n|poke|p1|Garchomp, L50, F|\n|poke|p1|Floette-Eternal, L50, F|\n|poke|p1|Aerodactyl, L50, M|\n|poke|p1|Sinistcha, L50|\n|poke|p2|Aerodactyl, L50, F|\n|poke|p2|Garchomp, L50, F|\n|poke|p2|Tyranitar, L50, F|\n|poke|p2|Excadrill, L50, M|\n|poke|p2|Meganium, L50, F|\n|poke|p2|Gyarados, L50, M|\n|teampreview|4\n|\n|t:|1776523940\n|teamsize|p1|4\n|teamsize|p2|4\n|start\n|switch|p1a: Aerodactyl|Aerodactyl, L50, M|100/100\n|switch|p1b: Garchomp|Garchomp, L50, F|100/100\n|switch|p2a: Aerodactyl|Aerodactyl, L50, F|100/100\n|switch|p2b: Garchomp|Garchomp, L50, F|100/100\n|-ability|p2a: Aerodactyl|Unnerve\n|-ability|p1a: Aerodactyl|Unnerve\n|turn|1\n|\n|t:|1776523956\n|move|p2a: Aerodactyl|Tailwind|p2a: Aerodactyl\n|-sidestart|p2: rockeater9000|move: Tailwind\n|move|p2b: Garchomp|Rock Slide|p1a: Aerodactyl|[spread] p1a,p1b\n|-supereffective|p1a: Aerodactyl|1\n|-resisted|p1b: Garchomp|1\n|-damage|p1a: Aerodactyl|35/100\n|-damage|p1b: Garchomp|91/100\n|move|p1a: Aerodactyl|Tailwind|p1a: Aerodactyl\n|-sidestart|p1: lolgz|move: Tailwind\n|cant|p1b: Garchomp|flinch\n|\n|upkeep\n|turn|2\n|\n|t:|1776523967\n|move|p2a: Aerodactyl|Rock Slide|p1b: Garchomp|[spread] p1b\n|-miss|p2a: Aerodactyl|p1a: Aerodactyl\n|-resisted|p1b: Garchomp|1\n|-damage|p1b: Garchomp|78/100\n|move|p1a: Aerodactyl|Rock Slide|p2b: Garchomp|[spread] p2a,p2b\n|-supereffective|p2a: Aerodactyl|1\n|-resisted|p2b: Garchomp|1\n|-damage|p2a: Aerodactyl|23/100\n|-damage|p2b: Garchomp|87/100\n|move|p1b: Garchomp|Dragon Claw|p2b: Garchomp|[miss]\n|-miss|p1b: Garchomp|p2b: Garchomp\n|move|p2b: Garchomp|Rock Slide|p1a: Aerodactyl|[spread] p1a,p1b\n|-supereffective|p1a: Aerodactyl|1\n|-resisted|p1b: Garchomp|1\n|-damage|p1a: Aerodactyl|0 fnt\n|-damage|p1b: Garchomp|67/100\n|faint|p1a: Aerodactyl\n|\n|upkeep\n|\n|t:|1776523979\n|switch|p1a: Floette|Floette-Eternal, L50, F|100/100\n|turn|3\n|\n|t:|1776523990\n|switch|p2a: Tyranitar|Tyranitar, L50, F|100/100\n|-weather|Sandstorm|[from] ability: Sand Stream|[of] p2a: Tyranitar\n|detailschange|p1a: Floette|Floette-Mega, L50, F\n|-mega|p1a: Floette|Floette|Floettite\n|-ability|p1a: Floette|Fairy Aura\n|move|p1a: Floette|Dazzling Gleam|p2b: Garchomp|[spread] p2a,p2b\n|-supereffective|p2a: Tyranitar|1\n|-supereffective|p2b: Garchomp|1\n|-crit|p2b: Garchomp\n|-damage|p2a: Tyranitar|32/100\n|-damage|p2b: Garchomp|0 fnt\n|faint|p2b: Garchomp\n|move|p1b: Garchomp|Dragon Claw|p2a: Tyranitar\n|-damage|p2a: Tyranitar|0 fnt\n|faint|p2a: Tyranitar\n|\n|-weather|Sandstorm|[upkeep]\n|-damage|p1a: Floette|94/100|[from] Sandstorm\n|upkeep\n|\n|t:|1776524001\n|switch|p2b: Excadrill|Excadrill, L50, M|100/100\n|switch|p2a: Aerodactyl|Aerodactyl, L50, F|23/100\n|-ability|p2a: Aerodactyl|Unnerve\n|turn|4\n|\n|t:|1776524010\n|move|p1a: Floette|Protect|p1a: Floette\n|-singleturn|p1a: Floette|Protect\n|move|p2b: Excadrill|Iron Head|p1a: Floette\n|-activate|p1a: Floette|move: Protect\n|move|p2a: Aerodactyl|Rock Slide|p1a: Floette|[spread] p1b\n|-activate|p1a: Floette|move: Protect\n|-resisted|p1b: Garchomp|1\n|-damage|p1b: Garchomp|54/100\n|move|p1b: Garchomp|Earthquake|p2a: Aerodactyl|[spread] p2b\n|-activate|p1a: Floette|move: Protect\n|-immune|p2a: Aerodactyl\n|-supereffective|p2b: Excadrill|1\n|-damage|p2b: Excadrill|0 fnt\n|faint|p2b: Excadrill\n|\n|-weather|Sandstorm|[upkeep]\n|-damage|p1a: Floette|88/100|[from] Sandstorm\n|-sideend|p2: rockeater9000|move: Tailwind\n|-sideend|p1: lolgz|move: Tailwind\n|upkeep\n|turn|5\n|-message|rockeater9000 forfeited.\n|\n|win|lolgz\n|raw|lolgz's rating: 1344 &rarr; <strong>1360</strong><br />(+16 for winning)\n|raw|rockeater9000's rating: 1278 &rarr; <strong>1258</strong><br />(-20 for losing)\n",
  "uploadtime": 1776524014,
  "views": 39,
  "formatid": "gen9championsvgc2026regma",
  "rating": 1258,
  "private": 0,
  "password": null
}