{
  "id": "gen9championsvgc2026regma-2585577185",
  "format": "[Gen 9 Champions] VGC 2026 Reg M-A",
  "players": [
    "afrothegiant2",
    "bretinator92"
  ],
  "log": "|j|\u2606afrothegiant2\n|j|\u2606bretinator92\n|t:|1776356629\n|gametype|doubles\n|player|p1|afrothegiant2|linebacker|1121\n|player|p2|bretinator92|102|1040\n|gen|9\n|tier|[Gen 9 Champions] VGC 2026 Reg M-A\n|rated|\n|rule|Species Clause: Limit one of each Pok\u00e9mon\n|rule|Item Clause: Limit 1 of each item\n|clearpoke\n|poke|p1|Delphox, L50, M|\n|poke|p1|Garchomp, L50, M|\n|poke|p1|Orthworm, L50, M|\n|poke|p1|Tyranitar, L50, M|\n|poke|p1|Aerodactyl, L50, M|\n|poke|p1|Rotom-Wash, L50|\n|poke|p2|Tyranitar, L50, M|\n|poke|p2|Dragonite, L50, M|\n|poke|p2|Sinistcha, L50|\n|poke|p2|Incineroar, L50, F|\n|poke|p2|Orthworm, L50, F|\n|poke|p2|Banette, L50, F|\n|teampreview|4\nbretinator92 rejected open team sheets.\n|inactive|Battle timer is ON: inactive players will automatically lose when time's up. (requested by afrothegiant2)\n|inactive|bretinator92 has 60 seconds left.\n|\n|t:|1776356688\n|teamsize|p1|4\n|teamsize|p2|4\n|start\n|switch|p1a: Tyranitar|Tyranitar, L50, M|100/100\n|switch|p1b: Aerodactyl|Aerodactyl, L50, M|100/100\n|switch|p2a: Orthworm|Orthworm, L50, F|100/100\n|switch|p2b: Incineroar|Incineroar, L50, F|100/100\n|-ability|p1b: Aerodactyl|Unnerve\n|-ability|p2b: Incineroar|Intimidate|boost\n|-unboost|p1a: Tyranitar|atk|1\n|-unboost|p1b: Aerodactyl|atk|1\n|-weather|Sandstorm|[from] ability: Sand Stream|[of] p1a: Tyranitar\n|turn|1\n|inactive|bretinator92 has 30 seconds left.\n|inactive|bretinator92 has 20 seconds left.\n|inactive|bretinator92 has 15 seconds left.\n|inactive|bretinator92 has 10 seconds left.\n|inactive|bretinator92 has 5 seconds left.\n|\n|t:|1776356742\n|move|p2b: Incineroar|Fake Out|p1a: Tyranitar\n|-resisted|p1a: Tyranitar|1\n|-damage|p1a: Tyranitar|95/100\n|move|p1b: Aerodactyl|Tailwind|p1b: Aerodactyl\n|-sidestart|p1: afrothegiant2|move: Tailwind\n|cant|p1a: Tyranitar|flinch\n|move|p2a: Orthworm|Shed Tail|p2a: Orthworm\n|-start|p2a: Orthworm|Substitute|[from] move: Shed Tail\n|-damage|p2a: Orthworm|50/100\n|\n|t:|1776356754\n|switch|p2a: Banette|Banette, L50, F|100/100|[from] Shed Tail\n|\n|-weather|Sandstorm|[upkeep]\n|-damage|p2b: Incineroar|95/100|[from] Sandstorm\n|-damage|p2a: Banette|95/100|[from] Sandstorm\n|upkeep\n|turn|2\n|\n|t:|1776356771\n|detailschange|p2a: Banette|Banette-Mega, L50, F\n|-mega|p2a: Banette|Banette|Banettite\n|move|p2a: Banette|Encore|p1b: Aerodactyl\n|-start|p1b: Aerodactyl|Encore\n|move|p1b: Aerodactyl|Tailwind||[still]\n|-fail|p1b: Aerodactyl\n|move|p1a: Tyranitar|Crunch|p2a: Banette\n|-supereffective|p2a: Banette|1\n|-end|p2a: Banette|Substitute\n|move|p2b: Incineroar|Parting Shot|p1a: Tyranitar\n|-unboost|p1a: Tyranitar|atk|1\n|-unboost|p1a: Tyranitar|spa|1\n|inactive|bretinator92 has 30 seconds left.\n|inactive|bretinator92 has 20 seconds left.\n|inactive|bretinator92 has 15 seconds left.\n|\n|t:|1776356813\n|switch|p2b: Orthworm|Orthworm, L50, F|50/100|[from] Parting Shot\n|\n|-weather|Sandstorm|[upkeep]\n|-damage|p2a: Banette|89/100|[from] Sandstorm\n|upkeep\n|turn|3\n|inactive|bretinator92 has 30 seconds left.\n|\n|t:|1776356845\n|switch|p1b: Delphox|Delphox, L50, M|100/100\n|-enditem|p2b: Orthworm|Sitrus Berry|[eat]\n|-heal|p2b: Orthworm|75/100|[from] item: Sitrus Berry\n|switch|p1a: Garchomp|Garchomp, L50, M|100/100\n|move|p2a: Banette|Disable||[still]\n|-fail|p2a: Banette\n|move|p2b: Orthworm|Shed Tail|p2b: Orthworm\n|-start|p2b: Orthworm|Substitute|[from] move: Shed Tail\n|-damage|p2b: Orthworm|25/100\n|inactive|bretinator92 has 30 seconds left.\n|\n|t:|1776356877\n|switch|p2b: Incineroar|Incineroar, L50, F|95/100|[from] Shed Tail\n|-ability|p2b: Incineroar|Intimidate|boost\n|-unboost|p1a: Garchomp|atk|1\n|-unboost|p1b: Delphox|atk|1\n|\n|-weather|Sandstorm|[upkeep]\n|-damage|p1b: Delphox|94/100|[from] Sandstorm\n|-damage|p2b: Incineroar|89/100|[from] Sandstorm\n|-damage|p2a: Banette|83/100|[from] Sandstorm\n|upkeep\n|turn|4\n|inactive|bretinator92 has 30 seconds left.\n|inactive|bretinator92 has 20 seconds left.\n|inactive|bretinator92 has 15 seconds left.\n|inactive|bretinator92 has 10 seconds left.\n|\n|t:|1776356927\n|switch|p2a: Orthworm|Orthworm, L50, F|25/100\n|detailschange|p1b: Delphox|Delphox-Mega, L50, M\n|-mega|p1b: Delphox|Delphox|Delphoxite\n|move|p2b: Incineroar|Fake Out|p1b: Delphox\n|-damage|p1b: Delphox|73/100\n|cant|p1b: Delphox|flinch\n|move|p1a: Garchomp|Earthquake|p2b: Incineroar|[spread] p2b\n|-heal|p2a: Orthworm|50/100|[from] ability: Earth Eater|[of] p1a: Garchomp\n|-immune|p1b: Delphox|[from] ability: Levitate\n|-supereffective|p2b: Incineroar|1\n|-end|p2b: Incineroar|Substitute\n|\n|-weather|Sandstorm|[upkeep]\n|-damage|p1b: Delphox|67/100|[from] Sandstorm\n|-damage|p2b: Incineroar|83/100|[from] Sandstorm\n|-sideend|p1: afrothegiant2|move: Tailwind\n|upkeep\n|turn|5\n|inactive|bretinator92 has 30 seconds left.\n|inactive|bretinator92 has 20 seconds left.\n|inactive|bretinator92 has 15 seconds left.\n|inactive|bretinator92 has 10 seconds left.\n|inactive|bretinator92 has 5 seconds left.\n|\n|t:|1776356980\n|switch|p1b: Aerodactyl|Aerodactyl, L50, M|100/100\n|-ability|p1b: Aerodactyl|Unnerve\n|move|p1a: Garchomp|Rock Slide|p2b: Incineroar|[spread] p2b\n|-miss|p1a: Garchomp|p2a: Orthworm\n|-supereffective|p2b: Incineroar|1\n|-damage|p2b: Incineroar|52/100\n|move|p2b: Incineroar|Earthquake|p1b: Aerodactyl|[spread] p1a\n|-heal|p2a: Orthworm|75/100|[from] ability: Earth Eater|[of] p2b: Incineroar\n|-immune|p1b: Aerodactyl\n|-damage|p1a: Garchomp|75/100\n|move|p2a: Orthworm|Shed Tail|p2a: Orthworm\n|-start|p2a: Orthworm|Substitute|[from] move: Shed Tail\n|-damage|p2a: Orthworm|24/100\n|inactive|bretinator92 has 30 seconds left.\n|\n|t:|1776357012\n|switch|p2a: Dragonite|Dragonite, L50, M|100/100|[from] Shed Tail\n|\n|-weather|none\n|upkeep\n|turn|6\n|inactive|bretinator92 has 30 seconds left.\n|\n|t:|1776357037\n|move|p1b: Aerodactyl|Tailwind|p1b: Aerodactyl\n|-sidestart|p1: afrothegiant2|move: Tailwind\n|move|p1a: Garchomp|Dragon Claw|p2a: Dragonite\n|-supereffective|p2a: Dragonite|1\n|-activate|p2a: Dragonite|move: Substitute|[damage]\n|move|p2b: Incineroar|Parting Shot|p1b: Aerodactyl\n|-unboost|p1b: Aerodactyl|atk|1\n|-unboost|p1b: Aerodactyl|spa|1\n|\n|t:|1776357052\n|switch|p2b: Banette|Banette-Mega, L50, F|83/100|[from] Parting Shot\n|move|p2a: Dragonite|Dragon Dance|p2a: Dragonite\n|-boost|p2a: Dragonite|atk|1\n|-boost|p2a: Dragonite|spe|1\n|\n|upkeep\n|turn|7\n|-message|afrothegiant2 forfeited.\n|\n|win|bretinator92\n|raw|afrothegiant2's rating: 1121 &rarr; <strong>1090</strong><br />(-31 for losing)\n|raw|bretinator92's rating: 1040 &rarr; <strong>1082</strong><br />(+42 for winning)\n|l|\u2606afrothegiant2\n|player|p1|\n",
  "uploadtime": 1776357208,
  "views": 15,
  "formatid": "gen9championsvgc2026regma",
  "rating": 1082,
  "private": 0,
  "password": null
}