{
  "id": "gen9championsvgc2026regma-2584539632",
  "format": "[Gen 9 Champions] VGC 2026 Reg M-A",
  "players": [
    "irohvish",
    "nikbutawesome"
  ],
  "log": "|j|\u2606irohvish\n|j|\u2606nikbutawesome\n|t:|1776267480\n|gametype|doubles\n|player|p1|irohvish|1|1175\n|player|p2|nikbutawesome|265|1170\n|gen|9\n|tier|[Gen 9 Champions] VGC 2026 Reg M-A\n|rated|\n|rule|Species Clause: Limit one of each Pok\u00e9mon\n|rule|Item Clause: Limit 1 of each item\n|clearpoke\n|poke|p1|Farigiraf, L50, F|\n|poke|p1|Aggron, L50, F|\n|poke|p1|Camerupt, L50, F|\n|poke|p1|Incineroar, L50, F|\n|poke|p1|Basculegion, L50, M|\n|poke|p1|Sableye, L50, M|\n|poke|p2|Scizor, L50, F|\n|poke|p2|Tyranitar, L50, F|\n|poke|p2|Incineroar, L50, M|\n|poke|p2|Aerodactyl, L50, M|\n|poke|p2|Rotom-Wash, L50|\n|poke|p2|Maushold-Four, L50|\n|teampreview|4\n|inactive|Battle timer is ON: inactive players will automatically lose when time's up. (requested by irohvish)\n|\n|t:|1776267519\n|teamsize|p1|4\n|teamsize|p2|4\n|start\n|switch|p1a: Farigiraf|Farigiraf, L50, F, shiny|100/100\n|switch|p1b: Sableye|Sableye, L50, M|100/100\n|switch|p2a: Tyranitar|Tyranitar, L50, F|100/100\n|switch|p2b: Aerodactyl|Aerodactyl, L50, M|100/100\n|-ability|p2b: Aerodactyl|Unnerve\n|-weather|Sandstorm|[from] ability: Sand Stream|[of] p2a: Tyranitar\n|turn|1\n|inactive|irohvish has 30 seconds left.\n|inactive|irohvish has 20 seconds left.\n|\n|t:|1776267556\n|move|p1b: Sableye|Fake Out|p2a: Tyranitar\n|-resisted|p2a: Tyranitar|1\n|-damage|p2a: Tyranitar|97/100\n|move|p2b: Aerodactyl|Rock Slide|p1a: Farigiraf|[spread] p1a,p1b\n|-crit|p1a: Farigiraf\n|-damage|p1a: Farigiraf|63/100\n|-damage|p1b: Sableye|68/100\n|cant|p2a: Tyranitar|flinch\n|move|p1a: Farigiraf|Trick Room|p1a: Farigiraf\n|-fieldstart|move: Trick Room|[of] p1a: Farigiraf\n|\n|-weather|Sandstorm|[upkeep]\n|-damage|p1b: Sableye|62/100|[from] Sandstorm\n|-damage|p1a: Farigiraf|57/100|[from] Sandstorm\n|-heal|p1b: Sableye|68/100|[from] item: Leftovers\n|upkeep\n|turn|2\n|\n|t:|1776267579\n|switch|p1a: Aggron|Aggron, L50, F|100/100\n|move|p1b: Sableye|Will-O-Wisp|p2a: Tyranitar\n|-hint|Since gen 7, Dark is immune to Prankster moves.\n|-immune|p2a: Tyranitar\n|move|p2a: Tyranitar|Rock Slide|p1b: Sableye|[spread] p1a,p1b\n|-resisted|p1a: Aggron|1\n|-damage|p1a: Aggron|90/100\n|-damage|p1b: Sableye|31/100\n|move|p2b: Aerodactyl|Rock Slide|p1b: Sableye|[spread] p1a,p1b\n|-resisted|p1a: Aggron|1\n|-damage|p1a: Aggron|83/100\n|-damage|p1b: Sableye|0 fnt\n|faint|p1b: Sableye\n|\n|-weather|Sandstorm|[upkeep]\n|upkeep\n|\n|t:|1776267587\n|switch|p1b: Farigiraf|Farigiraf, L50, F, shiny|57/100\n|turn|3\n|\n|t:|1776267601\n|detailschange|p1a: Aggron|Aggron-Mega, L50, F\n|-mega|p1a: Aggron|Aggron|Aggronite\n|move|p2b: Aerodactyl|Wide Guard|p2b: Aerodactyl\n|-singleturn|p2b: Aerodactyl|Wide Guard\n|move|p1a: Aggron|Body Press|p2a: Tyranitar\n|-supereffective|p2a: Tyranitar|2\n|-damage|p2a: Tyranitar|0 fnt\n|faint|p2a: Tyranitar\n|move|p1b: Farigiraf|Hyper Voice|p2b: Aerodactyl\n|-activate|p2b: Aerodactyl|move: Wide Guard\n|\n|-weather|Sandstorm|[upkeep]\n|-damage|p1b: Farigiraf|51/100|[from] Sandstorm\n|upkeep\n|\n|t:|1776267617\n|switch|p2a: Rotom|Rotom-Wash, L50|100/100\n|turn|4\n|\n|t:|1776267633\n|move|p1a: Aggron|Heavy Slam|p2a: Rotom\n|-resisted|p2a: Rotom|2\n|-damage|p2a: Rotom|78/100\n|move|p1b: Farigiraf|Hyper Voice|p2b: Aerodactyl|[spread] p2a,p2b\n|-resisted|p2b: Aerodactyl|1\n|-damage|p2a: Rotom|47/100\n|-damage|p2b: Aerodactyl|87/100\n|move|p2b: Aerodactyl|Rock Slide|p1a: Aggron|[spread] p1a,p1b\n|-resisted|p1a: Aggron|1\n|-damage|p1a: Aggron|77/100\n|-damage|p1b: Farigiraf|25/100\n|move|p2a: Rotom|Hydro Pump|p1a: Aggron\n|-damage|p1a: Aggron|23/100\n|\n|-weather|Sandstorm|[upkeep]\n|-damage|p1b: Farigiraf|19/100|[from] Sandstorm\n|-damage|p2a: Rotom|41/100|[from] Sandstorm\n|upkeep\n|turn|5\n|\n|t:|1776267651\n|move|p2b: Aerodactyl|Wide Guard|p2b: Aerodactyl\n|-singleturn|p2b: Aerodactyl|Wide Guard\n|move|p1a: Aggron|Body Press|p2a: Rotom\n|-damage|p2a: Rotom|0 fnt\n|faint|p2a: Rotom\n|move|p1b: Farigiraf|Hyper Voice|p2b: Aerodactyl\n|-activate|p2b: Aerodactyl|move: Wide Guard\n|\n|-weather|none\n|-fieldend|move: Trick Room\n|upkeep\n|\n|t:|1776267656\n|switch|p2a: Scizor|Scizor, L50, F|100/100\n|turn|6\n|\n|t:|1776267671\n|detailschange|p2a: Scizor|Scizor-Mega, L50, F\n|-mega|p2a: Scizor|Scizor|Scizorite\n|move|p1a: Aggron|Protect|p1a: Aggron\n|-singleturn|p1a: Aggron|Protect\n|move|p2b: Aerodactyl|Dual Wingbeat|p1b: Farigiraf\n|-damage|p1b: Farigiraf|0 fnt\n|faint|p1b: Farigiraf\n|-hitcount|p1: Farigiraf|1\n|move|p2a: Scizor|Dual Wingbeat|p1a: Aggron\n|-activate|p1a: Aggron|move: Protect\n|\n|upkeep\n|\n|t:|1776267680\n|switch|p1b: Basculegion|Basculegion, L50, M|100/100\n|turn|7\n|\n|t:|1776267705\n|move|p2b: Aerodactyl|Rock Slide|p1b: Basculegion|[spread] p1b\n|-miss|p2b: Aerodactyl|p1a: Aggron\n|-damage|p1b: Basculegion|67/100\n|move|p2a: Scizor|Dual Wingbeat|p1b: Basculegion\n|-damage|p1b: Basculegion|38/100\n|-damage|p1b: Basculegion|8/100\n|-hitcount|p1b: Basculegion|2\n|move|p1b: Basculegion|Wave Crash|p2b: Aerodactyl\n|-supereffective|p2b: Aerodactyl|1\n|-damage|p2b: Aerodactyl|0 fnt\n|faint|p2b: Aerodactyl\n|-damage|p1b: Basculegion|0 fnt|[from] Recoil\n|faint|p1b: Basculegion\n|move|p1a: Aggron|Body Press|p2a: Scizor\n|-damage|p2a: Scizor|64/100\n|\n|upkeep\n|turn|8\n|\n|t:|1776267724\n|move|p2a: Scizor|Dual Wingbeat|p1a: Aggron\n|-resisted|p1a: Aggron|1\n|-crit|p1a: Aggron\n|-damage|p1a: Aggron|13/100\n|-resisted|p1a: Aggron|1\n|-damage|p1a: Aggron|7/100\n|-hitcount|p1a: Aggron|2\n|move|p1a: Aggron|Iron Defense|p1a: Aggron\n|-boost|p1a: Aggron|def|2\n|\n|upkeep\n|turn|9\n|\n|t:|1776267732\n|move|p2a: Scizor|Dual Wingbeat|p1a: Aggron\n|-resisted|p1a: Aggron|1\n|-damage|p1a: Aggron|4/100\n|-resisted|p1a: Aggron|1\n|-damage|p1a: Aggron|1/100\n|-hitcount|p1a: Aggron|2\n|move|p1a: Aggron|Body Press|p2a: Scizor\n|-damage|p2a: Scizor|0 fnt\n|faint|p2a: Scizor\n|\n|win|irohvish\n|raw|irohvish's rating: 1175 &rarr; <strong>1200</strong><br />(+25 for winning)\n|raw|nikbutawesome's rating: 1170 &rarr; <strong>1145</strong><br />(-25 for losing)\n",
  "uploadtime": 1776267739,
  "views": 20,
  "formatid": "gen9championsvgc2026regma",
  "rating": 1145,
  "private": 0,
  "password": null
}