{
  "id": "gen9championsvgc2026regma-2588567749",
  "format": "[Gen 9 Champions] VGC 2026 Reg M-A",
  "players": [
    "soulo333",
    "JustThatFish"
  ],
  "log": "|j|\u2606soulo333\n|j|\u2606JustThatFish\n|t:|1776645751\n|gametype|doubles\n|player|p1|soulo333|102|1285\n|player|p2|JustThatFish|beauty-gen4dp|1309\n|gen|9\n|tier|[Gen 9 Champions] VGC 2026 Reg M-A\n|rated|\n|rule|Species Clause: Limit one of each Pok\u00e9mon\n|rule|Item Clause: Limit 1 of each item\n|clearpoke\n|poke|p1|Charizard, L50, M|\n|poke|p1|Sneasler, L50, F|\n|poke|p1|Sinistcha, L50|\n|poke|p1|Incineroar, L50, F|\n|poke|p1|Milotic, L50, M|\n|poke|p1|Tyranitar, L50, M|\n|poke|p2|Basculegion, L50, M|\n|poke|p2|Sinistcha-Masterpiece, L50|\n|poke|p2|Pelipper, L50, F, shiny|\n|poke|p2|Sneasler, L50, F|\n|poke|p2|Aggron, L50, M|\n|poke|p2|Incineroar, L50, F|\n|teampreview|4\n|inactive|Battle timer is ON: inactive players will automatically lose when time's up. (requested by JustThatFish)\n|inactive|JustThatFish has 60 seconds left.\n|\n|t:|1776645793\n|teamsize|p1|4\n|teamsize|p2|4\n|start\n|switch|p1a: Milotic|Milotic, L50, M|100/100\n|switch|p1b: Incineroar|Incineroar, L50, F|100/100\n|switch|p2a: Basculegion|Basculegion, L50, M|100/100\n|switch|p2b: Aggron|Aggron, L50, M|100/100\n|-ability|p1b: Incineroar|Intimidate|boost\n|-unboost|p2a: Basculegion|atk|1\n|-unboost|p2b: Aggron|atk|1\n|turn|1\n|\n|t:|1776645815\n|detailschange|p2b: Aggron|Aggron-Mega, L50, M\n|-mega|p2b: Aggron|Aggron|Aggronite\n|move|p2a: Basculegion|Wave Crash|p1b: Incineroar\n|-supereffective|p1b: Incineroar|1\n|-damage|p1b: Incineroar|0 fnt\n|faint|p1b: Incineroar\n|-damage|p2a: Basculegion|67/100|[from] Recoil\n|move|p1a: Milotic|Scald|p2b: Aggron\n|-damage|p2b: Aggron|70/100\n|move|p2b: Aggron|Iron Defense|p2b: Aggron\n|-boost|p2b: Aggron|def|2\n|\n|upkeep\n|\n|t:|1776645825\n|switch|p1b: Sinistcha|Sinistcha, L50|100/100\n|turn|2\n|\n|t:|1776645838\n|move|p2a: Basculegion|Flip Turn|p1b: Sinistcha\n|-resisted|p1b: Sinistcha|1\n|-damage|p1b: Sinistcha|87/100\n|\n|t:|1776645844\n|switch|p2a: Sneasler|Sneasler, L50, F|100/100|[from] Flip Turn\n|move|p1a: Milotic|Scald|p2b: Aggron\n|-damage|p2b: Aggron|38/100\n|move|p1b: Sinistcha|Matcha Gotcha|p2a: Sneasler|[spread] p2a,p2b\n|-resisted|p2a: Sneasler|1\n|-resisted|p2b: Aggron|1\n|-damage|p2a: Sneasler|83/100\n|-heal|p1b: Sinistcha|95/100|[from] drain|[of] p2a: Sneasler\n|-damage|p2b: Aggron|23/100\n|-heal|p1b: Sinistcha|100/100|[from] drain|[of] p2b: Aggron\n|move|p2b: Aggron|Heavy Slam|p1b: Sinistcha\n|-crit|p1b: Sinistcha\n|-damage|p1b: Sinistcha|36/100\n|\n|upkeep\n|turn|3\n|inactive|JustThatFish has 30 seconds left.\n|\n|t:|1776645873\n|move|p2a: Sneasler|Fake Out|p1a: Milotic\n|-damage|p1a: Milotic|87/100\n|cant|p1a: Milotic|flinch\n|move|p1b: Sinistcha|Life Dew|p1b: Sinistcha|[spread] p1a,p1b\n|-heal|p1a: Milotic|100/100\n|-heal|p1b: Sinistcha|60/100\n|move|p2b: Aggron|Heavy Slam|p1b: Sinistcha\n|-damage|p1b: Sinistcha|32/100\n|\n|upkeep\n|turn|4\n|\n|t:|1776645887\n|move|p2b: Aggron|Protect|p2b: Aggron\n|-singleturn|p2b: Aggron|Protect\n|move|p2a: Sneasler|Dire Claw|p1b: Sinistcha\n|-damage|p1b: Sinistcha|0 fnt\n|faint|p1b: Sinistcha\n|move|p1a: Milotic|Scald|p2a: Sneasler\n|-damage|p2a: Sneasler|43/100\n|\n|upkeep\n|\n|t:|1776645892\n|switch|p1b: Charizard|Charizard, L50, M|100/100\n|turn|5\n|\n|t:|1776645906\n|move|p2a: Sneasler|Dire Claw|p1b: Charizard\n|-damage|p1b: Charizard|41/100\n|move|p1b: Charizard|Dragon Dance|p1b: Charizard\n|-boost|p1b: Charizard|atk|1\n|-boost|p1b: Charizard|spe|1\n|move|p1a: Milotic|Scald|p2a: Sneasler\n|-damage|p2a: Sneasler|2/100\n|move|p2b: Aggron|Body Press|p1a: Milotic\n|-damage|p1a: Milotic|13/100\n|\n|-heal|p1a: Milotic|19/100|[from] item: Leftovers\n|upkeep\n|turn|6\n|\n|t:|1776645931\n|switch|p2a: Basculegion|Basculegion, L50, M|67/100\n|move|p1b: Charizard|Protect|p1b: Charizard\n|-singleturn|p1b: Charizard|Protect\n|move|p2b: Aggron|Protect|p2b: Aggron\n|-singleturn|p2b: Aggron|Protect\n|move|p1a: Milotic|Icy Wind|p2b: Aggron|[spread] p2a\n|-activate|p2b: Aggron|move: Protect\n|-resisted|p2a: Basculegion|1\n|-damage|p2a: Basculegion|61/100\n|-unboost|p2a: Basculegion|spe|1\n|\n|-heal|p1a: Milotic|25/100|[from] item: Leftovers\n|upkeep\n|turn|7\n|\n|t:|1776645947\n|switch|p2b: Pelipper|Pelipper, L50, F, shiny|100/100\n|-weather|RainDance|[from] ability: Drizzle|[of] p2b: Pelipper\n|detailschange|p1b: Charizard|Charizard-Mega-X, L50, M\n|-mega|p1b: Charizard|Charizard|Charizardite X\n|move|p2a: Basculegion|Aqua Jet|p1b: Charizard\n|-damage|p1b: Charizard|0 fnt\n|faint|p1b: Charizard\n|move|p1a: Milotic|Scald|p2b: Pelipper\n|-resisted|p2b: Pelipper|1\n|-damage|p2b: Pelipper|64/100\n|\n|-weather|RainDance|[upkeep]\n|-heal|p1a: Milotic|31/100|[from] item: Leftovers\n|upkeep\n|turn|8\n|-message|soulo333 forfeited.\n|\n|win|JustThatFish\n|raw|soulo333's rating: 1285 &rarr; <strong>1262</strong><br />(-23 for losing)\n|raw|JustThatFish's rating: 1309 &rarr; <strong>1328</strong><br />(+19 for winning)\n",
  "uploadtime": 1776645957,
  "views": 8,
  "formatid": "gen9championsvgc2026regma",
  "rating": 1262,
  "private": 0,
  "password": null
}