{
  "id": "gen9championsvgc2026regma-2587139572",
  "format": "[Gen 9 Champions] VGC 2026 Reg M-A",
  "players": [
    "NoxxinVGC",
    "Shacou"
  ],
  "log": "|j|\u2606NoxxinVGC\n|j|\u2606Shacou\n|t:|1776499162\n|gametype|doubles\n|player|p1|NoxxinVGC|giovanni|1208\n|player|p2|Shacou|hilbert|1271\n|gen|9\n|tier|[Gen 9 Champions] VGC 2026 Reg M-A\n|rated|\n|rule|Species Clause: Limit one of each Pok\u00e9mon\n|rule|Item Clause: Limit 1 of each item\n|clearpoke\n|poke|p1|Delphox, L50, M, shiny|\n|poke|p1|Basculegion, L50, M|\n|poke|p1|Clefable, L50, M|\n|poke|p1|Kingambit, L50, M|\n|poke|p1|Dragonite, L50, M, shiny|\n|poke|p1|Sneasler, L50, M|\n|poke|p2|Talonflame, L50, M|\n|poke|p2|Garchomp, L50, F|\n|poke|p2|Floette-Eternal, L50, F|\n|poke|p2|Rotom-Wash, L50|\n|poke|p2|Corviknight, L50, F|\n|poke|p2|Sinistcha-Masterpiece, L50|\n|teampreview|4\n|inactive|Battle timer is ON: inactive players will automatically lose when time's up. (requested by NoxxinVGC)\nNoxxinVGC has agreed to open team sheets.\n|inactive|NoxxinVGC has 60 seconds left.\n|inactive|Shacou has 60 seconds left.\n|\n|t:|1776499207\n|teamsize|p1|4\n|teamsize|p2|4\n|start\n|switch|p1a: Dragonite|Dragonite, L50, M, shiny|100/100\n|switch|p1b: Sneasler|Sneasler, L50, M|100/100\n|switch|p2a: Garchomp|Garchomp, L50, F|100/100\n|switch|p2b: Rotom|Rotom-Wash, L50|100/100\n|turn|1\n|\n|t:|1776499226\n|move|p2a: Garchomp|Protect|p2a: Garchomp\n|-singleturn|p2a: Garchomp|Protect\n|move|p2b: Rotom|Protect|p2b: Rotom\n|-singleturn|p2b: Rotom|Protect\n|move|p1b: Sneasler|Fake Out|p2a: Garchomp\n|-activate|p2a: Garchomp|move: Protect\n|move|p1a: Dragonite|Scale Shot|p2b: Rotom\n|-activate|p2b: Rotom|move: Protect\n|\n|upkeep\n|turn|2\n|inactive|Shacou has 30 seconds left.\n|\n|t:|1776499254\n|move|p1b: Sneasler|Close Combat|p2b: Rotom\n|-damage|p2b: Rotom|36/100\n|-unboost|p1b: Sneasler|def|1\n|-unboost|p1b: Sneasler|spd|1\n|move|p2a: Garchomp|Rock Slide|p1b: Sneasler|[spread] p1a,p1b\n|-supereffective|p1a: Dragonite|1\n|-resisted|p1b: Sneasler|1\n|-damage|p1a: Dragonite|79/100\n|-damage|p1b: Sneasler|74/100\n|move|p1a: Dragonite|Scale Shot|p2a: Garchomp\n|-supereffective|p2a: Garchomp|1\n|-damage|p2a: Garchomp|68/100\n|-supereffective|p2a: Garchomp|1\n|-damage|p2a: Garchomp|38/100\n|-supereffective|p2a: Garchomp|1\n|-damage|p2a: Garchomp|5/100\n|-supereffective|p2a: Garchomp|1\n|-damage|p2a: Garchomp|0 fnt\n|faint|p2a: Garchomp\n|-hitcount|p2: Garchomp|4\n|-unboost|p1a: Dragonite|def|1\n|-boost|p1a: Dragonite|spe|1\n|move|p2b: Rotom|Thunder|p1a: Dragonite\n|-damage|p1a: Dragonite|14/100\n|\n|upkeep\n|inactive|Shacou has 30 seconds left.\n|\n|t:|1776499281\n|switch|p2a: Talonflame|Talonflame, L50, M|100/100\n|turn|3\n|\n|t:|1776499302\n|move|p1b: Sneasler|Protect|p1b: Sneasler\n|-singleturn|p1b: Sneasler|Protect\n|move|p1a: Dragonite|Extreme Speed|p2a: Talonflame\n|-damage|p2a: Talonflame|56/100\n|move|p2a: Talonflame|Dual Wingbeat|p1a: Dragonite\n|-damage|p1a: Dragonite|0 fnt\n|faint|p1a: Dragonite\n|-hitcount|p1: Dragonite|1\n|move|p2b: Rotom|Thunder|p1b: Sneasler\n|-activate|p1b: Sneasler|move: Protect\n|\n|upkeep\n|\n|t:|1776499317\n|switch|p1a: Clefable|Clefable, L50, M|100/100\n|turn|4\n|\n|t:|1776499333\n|move|p2a: Talonflame|Dual Wingbeat|p1b: Sneasler\n|-supereffective|p1b: Sneasler|1\n|-damage|p1b: Sneasler|0 fnt\n|faint|p1b: Sneasler\n|-hitcount|p1: Sneasler|1\n|move|p2b: Rotom|Volt Switch|p1a: Clefable\n|-damage|p1a: Clefable|61/100\n|\n|t:|1776499340\n|switch|p2b: Corviknight|Corviknight, L50, F|100/100|[from] Volt Switch\n|move|p1a: Clefable|Moonblast|p2b: Corviknight\n|-resisted|p2b: Corviknight|1\n|-damage|p2b: Corviknight|85/100\n|\n|-heal|p2b: Corviknight|91/100|[from] item: Leftovers\n|upkeep\n|\n|t:|1776499348\n|switch|p1b: Basculegion|Basculegion, L50, M|100/100\n|turn|5\n|\n|t:|1776499360\n|move|p1a: Clefable|Helping Hand|p1b: Basculegion\n|-singleturn|p1b: Basculegion|Helping Hand|[of] p1a: Clefable\n|move|p2a: Talonflame|Protect|p2a: Talonflame\n|-singleturn|p2a: Talonflame|Protect\n|move|p1b: Basculegion|Last Respects|p2a: Talonflame\n|-activate|p2a: Talonflame|move: Protect\n|move|p2b: Corviknight|Tailwind|p2b: Corviknight\n|-sidestart|p2: Shacou|move: Tailwind\n|\n|-heal|p2b: Corviknight|97/100|[from] item: Leftovers\n|upkeep\n|turn|6\n|\n|t:|1776499384\n|move|p1a: Clefable|Helping Hand|p1b: Basculegion\n|-singleturn|p1b: Basculegion|Helping Hand|[of] p1a: Clefable\n|move|p2a: Talonflame|Dual Wingbeat|p1b: Basculegion\n|-damage|p1b: Basculegion|80/100\n|-damage|p1b: Basculegion|62/100\n|-hitcount|p1b: Basculegion|2\n|move|p2b: Corviknight|Brave Bird|p1b: Basculegion\n|-damage|p1b: Basculegion|12/100\n|-damage|p2b: Corviknight|81/100|[from] Recoil\n|move|p1b: Basculegion|Last Respects|p2a: Talonflame\n|-damage|p2a: Talonflame|0 fnt\n|faint|p2a: Talonflame\n|\n|-heal|p2b: Corviknight|87/100|[from] item: Leftovers\n|upkeep\n|\n|t:|1776499400\n|switch|p2a: Rotom|Rotom-Wash, L50|36/100\n|turn|7\n|\n|t:|1776499409\n|move|p1a: Clefable|Follow Me|p1a: Clefable\n|-singleturn|p1a: Clefable|move: Follow Me\n|move|p2a: Rotom|Thunder|p1a: Clefable\n|-damage|p1a: Clefable|1/100\n|-enditem|p1a: Clefable|Sitrus Berry|[eat]\n|-heal|p1a: Clefable|26/100|[from] item: Sitrus Berry\n|move|p2b: Corviknight|Iron Head|p1a: Clefable\n|-supereffective|p1a: Clefable|1\n|-damage|p1a: Clefable|0 fnt\n|faint|p1a: Clefable\n|move|p1b: Basculegion|Last Respects|p2b: Corviknight\n|-damage|p2b: Corviknight|0 fnt\n|faint|p2b: Corviknight\n|\n|upkeep\n|turn|8\n|\n|t:|1776499425\n|move|p2a: Rotom|Thunder|p1b: Basculegion\n|-supereffective|p1b: Basculegion|1\n|-damage|p1b: Basculegion|0 fnt\n|faint|p1b: Basculegion\n|\n|win|Shacou\n|raw|NoxxinVGC's rating: 1208 &rarr; <strong>1187</strong><br />(-21 for losing)\n|raw|Shacou's rating: 1271 &rarr; <strong>1292</strong><br />(+21 for winning)\n",
  "uploadtime": 1776499425,
  "views": 16,
  "formatid": "gen9championsvgc2026regma",
  "rating": 1187,
  "private": 0,
  "password": null
}