{
  "id": "gen9championsvgc2026regma-2588376219",
  "format": "[Gen 9 Champions] VGC 2026 Reg M-A",
  "players": [
    "amateur 27",
    "showlesk"
  ],
  "log": "|j|\u2606amateur 27\n|j|\u2606showlesk\n|t:|1776628355\n|gametype|doubles\n|player|p1|amateur 27|1|1323\n|player|p2|showlesk|2|1319\n|gen|9\n|tier|[Gen 9 Champions] VGC 2026 Reg M-A\n|rated|\n|rule|Species Clause: Limit one of each Pok\u00e9mon\n|rule|Item Clause: Limit 1 of each item\n|clearpoke\n|poke|p1|Charizard, L50, F|\n|poke|p1|Incineroar, L50, F|\n|poke|p1|Gardevoir, L50, M|\n|poke|p1|Sneasler, L50, F|\n|poke|p1|Kingambit, L50, M|\n|poke|p1|Dragonite, L50, M|\n|poke|p2|Tyranitar, L50, F|\n|poke|p2|Excadrill, L50, M|\n|poke|p2|Meganium, L50, F|\n|poke|p2|Dragapult, L50, F|\n|poke|p2|Rotom-Wash, L50|\n|poke|p2|Sneasler, L50, M|\n|teampreview|4\n|inactive|Battle timer is ON: inactive players will automatically lose when time's up. (requested by showlesk)\nshowlesk rejected open team sheets.\n|\n|t:|1776628406\n|teamsize|p1|4\n|teamsize|p2|4\n|start\n|switch|p1a: Dragonite|Dragonite, L50, M|100/100\n|switch|p1b: Sneasler|Sneasler, L50, F|100/100\n|switch|p2a: Dragapult|Dragapult, L50, F|100/100\n|switch|p2b: Excadrill|Excadrill, L50, M|100/100\n|turn|1\n|\n|t:|1776628421\n|move|p1b: Sneasler|Protect|p1b: Sneasler\n|-singleturn|p1b: Sneasler|Protect\n|move|p2a: Dragapult|Psychic Fangs|p1b: Sneasler\n|-activate|p1b: Sneasler|move: Protect\n|move|p2b: Excadrill|Rock Slide|p1a: Dragonite|[spread] \n|-activate|p1b: Sneasler|move: Protect\n|-miss|p2b: Excadrill|p1a: Dragonite\n|move|p1a: Dragonite|Tailwind|p1a: Dragonite\n|-sidestart|p1: amateur 27|move: Tailwind\n|\n|upkeep\n|turn|2\n|inactive|amateur 27 has 30 seconds left.\n|\n|t:|1776628455\n|switch|p1b: Incineroar|Incineroar, L50, F|100/100\n|-ability|p1b: Incineroar|Intimidate|boost\n|-fail|p2a: Dragapult|unboost|[from] ability: Clear Body|[of] p2a: Dragapult\n|-unboost|p2b: Excadrill|atk|1\n|switch|p2a: Tyranitar|Tyranitar, L50, F|100/100\n|-weather|Sandstorm|[from] ability: Sand Stream|[of] p2a: Tyranitar\n|move|p2b: Excadrill|Rock Slide|p1a: Dragonite|[spread] p1a,p1b\n|-supereffective|p1a: Dragonite|1\n|-supereffective|p1b: Incineroar|1\n|-damage|p1a: Dragonite|78/100\n|-damage|p1b: Incineroar|76/100\n|move|p1a: Dragonite|Breaking Swipe|p2a: Tyranitar|[spread] p2a,p2b\n|-resisted|p2b: Excadrill|1\n|-damage|p2a: Tyranitar|83/100\n|-damage|p2b: Excadrill|84/100\n|-unboost|p2a: Tyranitar|atk|1\n|-unboost|p2b: Excadrill|atk|1\n|\n|-weather|Sandstorm|[upkeep]\n|-damage|p1a: Dragonite|72/100|[from] Sandstorm\n|-damage|p1b: Incineroar|70/100|[from] Sandstorm\n|upkeep\n|turn|3\n|inactive|amateur 27 has 30 seconds left.\n|inactive|showlesk has 30 seconds left.\n|inactive|amateur 27 has 20 seconds left.\n|inactive|amateur 27 has 15 seconds left.\n|\n|t:|1776628496\n|move|p1b: Incineroar|Fake Out|p2b: Excadrill\n|-resisted|p2b: Excadrill|1\n|-damage|p2b: Excadrill|76/100\n|cant|p2b: Excadrill|flinch\n|move|p1a: Dragonite|Low Kick|p2a: Tyranitar\n|-supereffective|p2a: Tyranitar|2\n|-crit|p2a: Tyranitar\n|-enditem|p2a: Tyranitar|Chople Berry|[eat]\n|-enditem|p2a: Tyranitar|Chople Berry|[weaken]\n|-damage|p2a: Tyranitar|0 fnt\n|faint|p2a: Tyranitar\n|\n|-weather|Sandstorm|[upkeep]\n|-damage|p1a: Dragonite|66/100|[from] Sandstorm\n|-damage|p1b: Incineroar|64/100|[from] Sandstorm\n|upkeep\n|\n|t:|1776628515\n|switch|p2a: Dragapult|Dragapult, L50, F|100/100\n|turn|4\n|inactive|amateur 27 has 30 seconds left.\n|\n|t:|1776628544\n|switch|p2b: Sneasler|Sneasler, L50, M|100/100\n|move|p2a: Dragapult|Protect|p2a: Dragapult\n|-singleturn|p2a: Dragapult|Protect\n|move|p1a: Dragonite|Breaking Swipe|p2b: Sneasler|[spread] p2b\n|-activate|p2a: Dragapult|move: Protect\n|-damage|p2b: Sneasler|69/100\n|-unboost|p2b: Sneasler|atk|1\n|-enditem|p2b: Sneasler|White Herb\n|-clearnegativeboost|p2b: Sneasler|[silent]\n|move|p1b: Incineroar|Darkest Lariat|p2a: Dragapult\n|-activate|p2a: Dragapult|move: Protect\n|\n|-weather|Sandstorm|[upkeep]\n|-damage|p2b: Sneasler|64/100|[from] Sandstorm\n|-damage|p2a: Dragapult|94/100|[from] Sandstorm\n|-damage|p1a: Dragonite|60/100|[from] Sandstorm\n|-damage|p1b: Incineroar|58/100|[from] Sandstorm\n|-sideend|p1: amateur 27|move: Tailwind\n|upkeep\n|turn|5\n|\n|t:|1776628567\n|switch|p1b: Charizard|Charizard, L50, F|100/100\n|move|p2b: Sneasler|Close Combat|p1b: Charizard\n|-resisted|p1b: Charizard|1\n|-damage|p1b: Charizard|51/100\n|-unboost|p2b: Sneasler|def|1\n|-unboost|p2b: Sneasler|spd|1\n|move|p2a: Dragapult|Dragon Darts|p1a: Dragonite\n|-supereffective|p1a: Dragonite|1\n|-damage|p1a: Dragonite|20/100\n|-anim|p2a: Dragapult|Dragon Darts|p1b: Charizard\n|-damage|p1b: Charizard|19/100\n|move|p1a: Dragonite|Breaking Swipe|p2a: Dragapult|[spread] p2a,p2b\n|-supereffective|p2a: Dragapult|1\n|-damage|p2a: Dragapult|30/100\n|-damage|p2b: Sneasler|9/100\n|-unboost|p2b: Sneasler|atk|1\n|\n|-weather|Sandstorm|[upkeep]\n|-damage|p2b: Sneasler|3/100|[from] Sandstorm\n|-damage|p2a: Dragapult|24/100|[from] Sandstorm\n|-damage|p1b: Charizard|14/100|[from] Sandstorm\n|-damage|p1a: Dragonite|14/100|[from] Sandstorm\n|upkeep\n|turn|6\n|inactive|amateur 27 has 30 seconds left.\n|inactive|amateur 27 has 20 seconds left.\n|\n|t:|1776628604\n|switch|p2b: Excadrill|Excadrill, L50, M|76/100\n|switch|p1b: Incineroar|Incineroar, L50, F|58/100\n|-ability|p1b: Incineroar|Intimidate|boost\n|-fail|p2a: Dragapult|unboost|[from] ability: Clear Body|[of] p2a: Dragapult\n|-unboost|p2b: Excadrill|atk|1\n|move|p2a: Dragapult|Dragon Darts|p1b: Incineroar\n|-damage|p1b: Incineroar|39/100\n|-enditem|p1b: Incineroar|Sitrus Berry|[eat]\n|-heal|p1b: Incineroar|63/100|[from] item: Sitrus Berry\n|-anim|p2a: Dragapult|Dragon Darts|p1a: Dragonite\n|-supereffective|p1a: Dragonite|1\n|-damage|p1a: Dragonite|0 fnt\n|faint|p1a: Dragonite\n|\n|-weather|none\n|upkeep\n|\n|t:|1776628627\n|switch|p1a: Sneasler|Sneasler, L50, F|100/100\n|turn|7\n|\n|t:|1776628635\n|switch|p2b: Sneasler|Sneasler, L50, M|3/100\n|move|p2a: Dragapult|Protect|p2a: Dragapult\n|-singleturn|p2a: Dragapult|Protect\n|move|p1a: Sneasler|Protect|p1a: Sneasler\n|-singleturn|p1a: Sneasler|Protect\n|move|p1b: Incineroar|Darkest Lariat|p2a: Dragapult\n|-activate|p2a: Dragapult|move: Protect\n|\n|upkeep\n|turn|8\n|inactive|showlesk has 30 seconds left.\n|\n|t:|1776628662\n|switch|p1a: Charizard|Charizard, L50, F|14/100\n|move|p1b: Incineroar|Protect|p1b: Incineroar\n|-singleturn|p1b: Incineroar|Protect\n|move|p2a: Dragapult|Psychic Fangs|p1a: Charizard\n|-damage|p1a: Charizard|0 fnt\n|faint|p1a: Charizard\n|move|p2b: Sneasler|Close Combat|p1b: Incineroar\n|-activate|p1b: Incineroar|move: Protect\n|\n|upkeep\n|\n|t:|1776628672\n|switch|p1a: Sneasler|Sneasler, L50, F|100/100\n|turn|9\n|inactive|amateur 27 has 30 seconds left.\n|inactive|amateur 27 has 20 seconds left.\n|\n|t:|1776628709\n|move|p2a: Dragapult|Protect|p2a: Dragapult\n|-singleturn|p2a: Dragapult|Protect\n|move|p2b: Sneasler|Protect|p2b: Sneasler\n|-singleturn|p2b: Sneasler|Protect\n|move|p1b: Incineroar|Protect||[still]\n|-fail|p1b: Incineroar\n|move|p1a: Sneasler|Close Combat|p2b: Sneasler\n|-activate|p2b: Sneasler|move: Protect\n|\n|upkeep\n|turn|10\n|\n|t:|1776628726\n|move|p2a: Dragapult|Psychic Fangs|p1a: Sneasler\n|-supereffective|p1a: Sneasler|2\n|-damage|p1a: Sneasler|0 fnt\n|faint|p1a: Sneasler\n|move|p2b: Sneasler|Close Combat|p1b: Incineroar\n|-supereffective|p1b: Incineroar|1\n|-crit|p1b: Incineroar\n|-damage|p1b: Incineroar|0 fnt\n|-unboost|p2b: Sneasler|def|1\n|-unboost|p2b: Sneasler|spd|1\n|faint|p1b: Incineroar\n|\n|win|showlesk\n|raw|amateur 27's rating: 1323 &rarr; <strong>1303</strong><br />(-20 for losing)\n|raw|showlesk's rating: 1319 &rarr; <strong>1339</strong><br />(+20 for winning)\n|l|\u2606amateur 27\n|player|p1|\n",
  "uploadtime": 1776628738,
  "views": 14,
  "formatid": "gen9championsvgc2026regma",
  "rating": 1303,
  "private": 0,
  "password": null
}