{
  "id": "gen9championsvgc2026regma-2587438598",
  "format": "[Gen 9 Champions] VGC 2026 Reg M-A",
  "players": [
    "tonybravais",
    "Toguell1"
  ],
  "log": "|j|\u2606tonybravais\n|j|\u2606Toguell1\n|t:|1776531851\n|gametype|doubles\n|player|p1|tonybravais|265|1178\n|player|p2|Toguell1|unknown|1224\n|gen|9\n|tier|[Gen 9 Champions] VGC 2026 Reg M-A\n|rated|\n|rule|Species Clause: Limit one of each Pok\u00e9mon\n|rule|Item Clause: Limit 1 of each item\n|clearpoke\n|poke|p1|Farigiraf, L50, M|\n|poke|p1|Slowking-Galar, L50, M|\n|poke|p1|Glaceon, L50, M|\n|poke|p1|Empoleon, L50, M|\n|poke|p1|Golurk, L50|\n|poke|p1|Camerupt, L50, M|\n|poke|p2|Froslass, L50, F, shiny|\n|poke|p2|Rotom-Frost, L50, shiny|\n|poke|p2|Sneasler, L50, F, shiny|\n|poke|p2|Aerodactyl, L50, F, shiny|\n|poke|p2|Empoleon, L50, M, shiny|\n|poke|p2|Sinistcha-Masterpiece, L50, shiny|\n|teampreview|4\n|\n|t:|1776531896\n|teamsize|p1|4\n|teamsize|p2|4\n|start\n|switch|p1a: Farigiraf|Farigiraf, L50, M|100/100\n|switch|p1b: Empoleon|Empoleon, L50, M|100/100\n|switch|p2a: Froslass|Froslass, L50, F, shiny|100/100\n|switch|p2b: Sneasler|Sneasler, L50, F, shiny|100/100\n|turn|1\n|\n|t:|1776531929\n|detailschange|p2a: Froslass|Froslass-Mega, L50, F, shiny\n|-mega|p2a: Froslass|Froslass|Froslassite\n|-weather|Snowscape|[from] ability: Snow Warning|[of] p2a: Froslass\n|move|p2b: Sneasler|Close Combat|p1b: Empoleon\n|-supereffective|p1b: Empoleon|1\n|-damage|p1b: Empoleon|0 fnt\n|-unboost|p2b: Sneasler|def|1\n|-unboost|p2b: Sneasler|spd|1\n|faint|p1b: Empoleon\n|-enditem|p2b: Sneasler|White Herb\n|-clearnegativeboost|p2b: Sneasler|[silent]\n|move|p2a: Froslass|Blizzard|p1a: Farigiraf\n|-damage|p1a: Farigiraf|38/100\n|-status|p1a: Farigiraf|frz\n|-curestatus|p1a: Farigiraf|frz|[msg]\n|move|p1a: Farigiraf|Trick Room|p1a: Farigiraf\n|-fieldstart|move: Trick Room|[of] p1a: Farigiraf\n|\n|-weather|Snowscape|[upkeep]\n|-heal|p1a: Farigiraf|44/100|[from] item: Leftovers\n|upkeep\n|\n|t:|1776531950\n|switch|p1b: Camerupt|Camerupt, L50, M|100/100\n|turn|2\n|\n|t:|1776531962\n|switch|p2a: Empoleon|Empoleon, L50, M, shiny|100/100\n|detailschange|p1b: Camerupt|Camerupt-Mega, L50, M\n|-mega|p1b: Camerupt|Camerupt|Cameruptite\n|move|p1b: Camerupt|Heat Wave|p2a: Empoleon|[spread] p2a,p2b\n|-damage|p2a: Empoleon|50/100\n|-damage|p2b: Sneasler|27/100\n|-enditem|p2a: Empoleon|Sitrus Berry|[eat]\n|-heal|p2a: Empoleon|75/100|[from] item: Sitrus Berry\n|move|p1a: Farigiraf|Psychic|p2b: Sneasler\n|-supereffective|p2b: Sneasler|2\n|-damage|p2b: Sneasler|0 fnt\n|faint|p2b: Sneasler\n|\n|-weather|Snowscape|[upkeep]\n|-heal|p1a: Farigiraf|50/100|[from] item: Leftovers\n|upkeep\n|\n|t:|1776531977\n|switch|p2b: Sinistcha|Sinistcha-Masterpiece, L50, shiny|100/100\n|-heal|p2a: Empoleon|99/100|[from] ability: Hospitality|[of] p2b: Sinistcha\n|turn|3\n|\n|t:|1776532002\n|switch|p1b: Glaceon|Glaceon, L50, M|100/100\n|move|p2b: Sinistcha|Protect|p2b: Sinistcha\n|-singleturn|p2b: Sinistcha|Protect\n|move|p1a: Farigiraf|Psychic|p2b: Sinistcha\n|-activate|p2b: Sinistcha|move: Protect\n|move|p2a: Empoleon|Liquidation|p1b: Glaceon\n|-damage|p1b: Glaceon|86/100\n|\n|-weather|Snowscape|[upkeep]\n|-heal|p1a: Farigiraf|56/100|[from] item: Leftovers\n|upkeep\n|turn|4\n|\n|t:|1776532024\n|move|p1a: Farigiraf|Imprison|p1a: Farigiraf\n|-start|p1a: Farigiraf|move: Imprison\n|move|p1b: Glaceon|Blizzard|p2a: Empoleon|[spread] p2a,p2b\n|-resisted|p2a: Empoleon|2\n|-crit|p2a: Empoleon\n|-supereffective|p2b: Sinistcha|1\n|-damage|p2a: Empoleon|84/100\n|-damage|p2b: Sinistcha|0 fnt\n|faint|p2b: Sinistcha\n|move|p2a: Empoleon|Flash Cannon|p1b: Glaceon\n|-supereffective|p1b: Glaceon|1\n|-damage|p1b: Glaceon|9/100\n|\n|-weather|Snowscape|[upkeep]\n|-heal|p1a: Farigiraf|63/100|[from] item: Leftovers\n|upkeep\n|\n|t:|1776532035\n|switch|p2b: Froslass|Froslass-Mega, L50, F, shiny|100/100\n|turn|5\n|\n|t:|1776532063\n|move|p1a: Farigiraf|Psychic|p2b: Froslass\n|-damage|p2b: Froslass|58/100\n|move|p1b: Glaceon|Shadow Ball|p2b: Froslass\n|-supereffective|p2b: Froslass|1\n|-damage|p2b: Froslass|0 fnt\n|faint|p2b: Froslass\n|move|p2a: Empoleon|Liquidation|p1b: Glaceon\n|-damage|p1b: Glaceon|0 fnt\n|faint|p1b: Glaceon\n|\n|-weather|none\n|-heal|p1a: Farigiraf|69/100|[from] item: Leftovers\n|-fieldend|move: Trick Room\n|upkeep\n|\n|t:|1776532074\n|switch|p1b: Camerupt|Camerupt-Mega, L50, M|100/100\n|turn|6\n|\n|t:|1776532085\n|move|p1b: Camerupt|Protect|p1b: Camerupt\n|-singleturn|p1b: Camerupt|Protect\n|move|p2a: Empoleon|Liquidation|p1b: Camerupt\n|-activate|p1b: Camerupt|move: Protect\n|move|p1a: Farigiraf|Trick Room|p1a: Farigiraf\n|-fieldstart|move: Trick Room|[of] p1a: Farigiraf\n|\n|-heal|p1a: Farigiraf|75/100|[from] item: Leftovers\n|upkeep\n|turn|7\n|\n|t:|1776532101\n|move|p1b: Camerupt|Earth Power|p2a: Empoleon\n|-supereffective|p2a: Empoleon|1\n|-damage|p2a: Empoleon|0 fnt\n|faint|p2a: Empoleon\n|\n|win|tonybravais\n|raw|tonybravais's rating: 1178 &rarr; <strong>1206</strong><br />(+28 for winning)\n|raw|Toguell1's rating: 1224 &rarr; <strong>1196</strong><br />(-28 for losing)\n|l|\u2606Toguell1\n|player|p2|\n",
  "uploadtime": 1776532107,
  "views": 16,
  "formatid": "gen9championsvgc2026regma",
  "rating": 1196,
  "private": 0,
  "password": null
}