{
  "id": "gen9championsvgc2026regma-2584011456",
  "format": "[Gen 9 Champions] VGC 2026 Reg M-A",
  "players": [
    "itsjustsomni",
    "Dr. Gambino"
  ],
  "log": "|j|\u2606itsjustsomni\n|j|\u2606Dr. Gambino\n|t:|1776216603\n|gametype|doubles\n|player|p1|itsjustsomni|cyrus|1070\n|player|p2|Dr. Gambino|266|1139\n|gen|9\n|tier|[Gen 9 Champions] VGC 2026 Reg M-A\n|rated|\n|rule|Species Clause: Limit one of each Pok\u00e9mon\n|rule|Item Clause: Limit 1 of each item\n|clearpoke\n|poke|p1|Aggron, L50, M|\n|poke|p1|Sinistcha, L50|\n|poke|p1|Hydreigon, L50, M|\n|poke|p1|Incineroar, L50, F|\n|poke|p1|Rotom-Wash, L50|\n|poke|p1|Gyarados, L50, M|\n|poke|p2|Delphox, L50, M|\n|poke|p2|Noivern, L50, F|\n|poke|p2|Aerodactyl, L50, M|\n|poke|p2|Garchomp, L50, M|\n|poke|p2|Weavile, L50, M|\n|poke|p2|Kommo-o, L50, M|\n|teampreview|4\n|inactive|Battle timer is ON: inactive players will automatically lose when time's up. (requested by itsjustsomni)\n|\n|t:|1776216625\n|teamsize|p1|4\n|teamsize|p2|4\n|start\n|switch|p1a: Hydreigon|Hydreigon, L50, M|100/100\n|switch|p1b: Incineroar|Incineroar, L50, F|100/100\n|switch|p2a: Delphox|Delphox, L50, M|100/100\n|switch|p2b: Weavile|Weavile, L50, M|100/100\n|-ability|p2b: Weavile|Pressure\n|-ability|p1b: Incineroar|Intimidate|boost\n|-unboost|p2a: Delphox|atk|1\n|-unboost|p2b: Weavile|atk|1\n|turn|1\n|inactive|itsjustsomni has 30 seconds left.\n|\n|t:|1776216653\n|detailschange|p2a: Delphox|Delphox-Mega, L50, M\n|-mega|p2a: Delphox|Delphox|Delphoxite\n|move|p2b: Weavile|Upper Hand|p1b: Incineroar\n|-supereffective|p1b: Incineroar|1\n|-damage|p1b: Incineroar|75/100\n|cant|p1b: Incineroar|flinch\n|move|p2a: Delphox|Heat Wave|p1a: Hydreigon|[spread] p1a,p1b\n|-resisted|p1a: Hydreigon|1\n|-resisted|p1b: Incineroar|1\n|-damage|p1a: Hydreigon|75/100\n|-damage|p1b: Incineroar|58/100\n|move|p1a: Hydreigon|Snarl|p2a: Delphox|[spread] p2a,p2b\n|-supereffective|p2a: Delphox|1\n|-resisted|p2b: Weavile|1\n|-damage|p2a: Delphox|52/100\n|-damage|p2b: Weavile|81/100\n|-unboost|p2a: Delphox|spa|1\n|-unboost|p2b: Weavile|spa|1\n|\n|upkeep\n|turn|2\n|inactive|itsjustsomni has 30 seconds left.\n|inactive|itsjustsomni has 20 seconds left.\n|\n|t:|1776216688\n|move|p2a: Delphox|Heat Wave|p1a: Hydreigon|[spread] p1a,p1b\n|-resisted|p1a: Hydreigon|1\n|-resisted|p1b: Incineroar|1\n|-damage|p1a: Hydreigon|59/100\n|-damage|p1b: Incineroar|47/100\n|-enditem|p1b: Incineroar|Sitrus Berry|[eat]\n|-heal|p1b: Incineroar|72/100|[from] item: Sitrus Berry\n|move|p2b: Weavile|Triple Axel|p1a: Hydreigon\n|-supereffective|p1a: Hydreigon|1\n|-damage|p1a: Hydreigon|41/100\n|-supereffective|p1a: Hydreigon|1\n|-damage|p1a: Hydreigon|8/100\n|-supereffective|p1a: Hydreigon|1\n|-damage|p1a: Hydreigon|0 fnt\n|faint|p1a: Hydreigon\n|-hitcount|p1: Hydreigon|3\n|move|p1b: Incineroar|Parting Shot|p2b: Weavile\n|-unboost|p2b: Weavile|atk|1\n|-unboost|p2b: Weavile|spa|1\n|\n|t:|1776216706\n|switch|p1b: Aggron|Aggron, L50, M|100/100|[from] Parting Shot\n|\n|upkeep\n|\n|t:|1776216714\n|switch|p1a: Incineroar|Incineroar, L50, F|72/100\n|-ability|p1a: Incineroar|Intimidate|boost\n|-unboost|p2a: Delphox|atk|1\n|-unboost|p2b: Weavile|atk|1\n|turn|3\n|\n|t:|1776216738\n|detailschange|p1b: Aggron|Aggron-Mega, L50, M\n|-mega|p1b: Aggron|Aggron|Aggronite\n|move|p2b: Weavile|Upper Hand|p1a: Incineroar\n|-supereffective|p1a: Incineroar|1\n|-damage|p1a: Incineroar|55/100\n|cant|p1a: Incineroar|flinch\n|move|p2a: Delphox|Heat Wave|p1b: Aggron|[spread] p1a,p1b\n|-resisted|p1a: Incineroar|1\n|-supereffective|p1b: Aggron|1\n|-damage|p1a: Incineroar|45/100\n|-damage|p1b: Aggron|64/100\n|move|p1b: Aggron|Body Press|p2b: Weavile\n|-supereffective|p2b: Weavile|2\n|-damage|p2b: Weavile|0 fnt\n|faint|p2b: Weavile\n|\n|upkeep\n|inactive|Dr. Gambino has 30 seconds left.\n|\n|t:|1776216764\n|switch|p2b: Kommo-o|Kommo-o, L50, M|100/100\n|turn|4\n|\n|t:|1776216781\n|move|p1b: Aggron|Protect|p1b: Aggron\n|-singleturn|p1b: Aggron|Protect\n|move|p2a: Delphox|Heat Wave|p1b: Aggron|[spread] p1a\n|-activate|p1b: Aggron|move: Protect\n|-resisted|p1a: Incineroar|1\n|-damage|p1a: Incineroar|33/100\n|move|p2b: Kommo-o|Drain Punch|p1a: Incineroar\n|-supereffective|p1a: Incineroar|1\n|-damage|p1a: Incineroar|0 fnt\n|faint|p1a: Incineroar\n|\n|upkeep\n|\n|t:|1776216793\n|switch|p1a: Sinistcha|Sinistcha, L50|100/100\n|-heal|p1b: Aggron|89/100|[from] ability: Hospitality|[of] p1a: Sinistcha\n|turn|5\n|\n|t:|1776216813\n|switch|p2a: Aerodactyl|Aerodactyl, L50, M|100/100\n|-ability|p2a: Aerodactyl|Unnerve\n|move|p2b: Kommo-o|Substitute|p2b: Kommo-o\n|-start|p2b: Kommo-o|Substitute\n|-damage|p2b: Kommo-o|76/100\n|move|p1b: Aggron|Iron Defense|p1b: Aggron\n|-boost|p1b: Aggron|def|2\n|move|p1a: Sinistcha|Trick Room|p1a: Sinistcha\n|-fieldstart|move: Trick Room|[of] p1a: Sinistcha\n|\n|upkeep\n|turn|6\n|\n|t:|1776216834\n|move|p1b: Aggron|Body Press|p2a: Aerodactyl\n|-damage|p2a: Aerodactyl|0 fnt\n|faint|p2a: Aerodactyl\n|move|p1a: Sinistcha|Matcha Gotcha|p2b: Kommo-o\n|-resisted|p2b: Kommo-o|1\n|-activate|p2b: Kommo-o|move: Substitute|[damage]\n|move|p2b: Kommo-o|Clangorous Soul|p2b: Kommo-o\n|-boost|p2b: Kommo-o|atk|1\n|-boost|p2b: Kommo-o|def|1\n|-boost|p2b: Kommo-o|spa|1\n|-boost|p2b: Kommo-o|spd|1\n|-boost|p2b: Kommo-o|spe|1\n|-damage|p2b: Kommo-o|43/100\n|\n|upkeep\n|\n|t:|1776216848\n|switch|p2a: Delphox|Delphox-Mega, L50, M|52/100\n|turn|7\n|\n|t:|1776216862\n|move|p1b: Aggron|Body Press|p2a: Delphox\n|-resisted|p2a: Delphox|1\n|-damage|p2a: Delphox|0 fnt\n|faint|p2a: Delphox\n|move|p1a: Sinistcha|Matcha Gotcha|p2b: Kommo-o\n|-resisted|p2b: Kommo-o|1\n|-end|p2b: Kommo-o|Substitute\n|move|p2b: Kommo-o|Drain Punch|p1b: Aggron\n|-supereffective|p1b: Aggron|1\n|-damage|p1b: Aggron|67/100\n|-heal|p2b: Kommo-o|56/100|[from] drain|[of] p1b: Aggron\n|\n|upkeep\n|turn|8\n|\n|t:|1776216886\n|move|p1a: Sinistcha|Rage Powder|p1a: Sinistcha\n|-singleturn|p1a: Sinistcha|move: Rage Powder\n|move|p1b: Aggron|Body Press|p2b: Kommo-o\n|-damage|p2b: Kommo-o|2/100\n|move|p2b: Kommo-o|Substitute|p2b: Kommo-o\n|-fail|p2b: Kommo-o|move: Substitute|[weak]\n|\n|upkeep\n|turn|9\n|\n|t:|1776216896\n|move|p1a: Sinistcha|Rage Powder|p1a: Sinistcha\n|-singleturn|p1a: Sinistcha|move: Rage Powder\n|move|p1b: Aggron|Body Press|p2b: Kommo-o\n|-damage|p2b: Kommo-o|0 fnt\n|faint|p2b: Kommo-o\n|\n|win|itsjustsomni\n|raw|itsjustsomni's rating: 1070 &rarr; <strong>1105</strong><br />(+35 for winning)\n|raw|Dr. Gambino's rating: 1139 &rarr; <strong>1109</strong><br />(-30 for losing)\n",
  "uploadtime": 1776216899,
  "views": 18,
  "formatid": "gen9championsvgc2026regma",
  "rating": 1105,
  "private": 0,
  "password": null
}