{
  "id": "gen9championsvgc2026regma-2582225358",
  "format": "[Gen 9 Champions] VGC 2026 Reg M-A",
  "players": [
    "pmtang",
    "irzagx"
  ],
  "log": "|j|\u2606pmtang\n|j|\u2606irzagx\n|t:|1776073379\n|gametype|doubles\n|player|p1|pmtang|az|1113\n|player|p2|irzagx|benga|1023\n|gen|9\n|tier|[Gen 9 Champions] VGC 2026 Reg M-A\n|rated|\n|rule|Species Clause: Limit one of each Pok\u00e9mon\n|rule|Item Clause: Limit 1 of each item\n|clearpoke\n|poke|p1|Golurk, L50|\n|poke|p1|Sinistcha, L50|\n|poke|p1|Farigiraf, L50, M|\n|poke|p1|Torkoal, L50, F|\n|poke|p1|Primarina, L50, F|\n|poke|p1|Ampharos, L50, F|\n|poke|p2|Charizard, L50, M|\n|poke|p2|Maushold-Four, L50|\n|poke|p2|Sneasler, L50, F|\n|poke|p2|Kingambit, L50, M|\n|poke|p2|Dragapult, L50, M|\n|poke|p2|Garchomp, L50, M|\n|teampreview|4\nirzagx rejected open team sheets.\n|\n|t:|1776073413\n|teamsize|p1|4\n|teamsize|p2|4\n|start\n|switch|p1a: Farigiraf|Farigiraf, L50, M|100/100\n|switch|p1b: Golurk|Golurk, L50, shiny|100/100\n|switch|p2a: Sneasler|Sneasler, L50, F, shiny|100/100\n|switch|p2b: Kingambit|Kingambit, L50, M, shiny|100/100\n|turn|1\n|l|\u2606pmtang\n|player|p1|\n|\n|t:|1776073448\n|detailschange|p1b: Golurk|Golurk-Mega, L50, shiny\n|-mega|p1b: Golurk|Golurk|Golurkite\n|move|p2a: Sneasler|Fake Out||[still]\n|cant|p1a: Farigiraf|ability: Armor Tail|Fake Out|[of] p2a: Sneasler\n|move|p2b: Kingambit|Kowtow Cleave|p1a: Farigiraf\n|-supereffective|p1a: Farigiraf|1\n|-damage|p1a: Farigiraf|0 fnt\n|faint|p1a: Farigiraf\n|move|p1b: Golurk|Drain Punch|p2b: Kingambit\n|-supereffective|p2b: Kingambit|2\n|-damage|p2b: Kingambit|0 fnt\n|faint|p2b: Kingambit\n|\n|upkeep\n|j|\u2606pmtang\n|player|p1|pmtang|az|\n|\n|t:|1776073471\n|switch|p2b: Maushold|Maushold-Four, L50, shiny|100/100\n|switch|p1a: Primarina|Primarina, L50, F|100/100\n|turn|2\n|inactive|Battle timer is ON: inactive players will automatically lose when time's up. (requested by pmtang)\n|\n|t:|1776073489\n|move|p2a: Sneasler|Dire Claw|p1a: Primarina\n|-supereffective|p1a: Primarina|1\n|-damage|p1a: Primarina|0 fnt\n|faint|p1a: Primarina\n|move|p2b: Maushold|Super Fang|p1b: Golurk\n|-immune|p1b: Golurk\n|move|p1b: Golurk|High Horsepower|p2a: Sneasler|[miss]\n|-miss|p1b: Golurk|p2a: Sneasler\n|\n|upkeep\n|\n|t:|1776073499\n|switch|p1a: Ampharos|Ampharos, L50, F|100/100\n|turn|3\n|inactive|irzagx has 30 seconds left.\n|\n|t:|1776073524\n|switch|p2a: Dragapult|Dragapult, L50, M, shiny|100/100\n|move|p2b: Maushold|Follow Me|p2b: Maushold\n|-singleturn|p2b: Maushold|move: Follow Me\n|move|p1a: Ampharos|Dragon Pulse|p2b: Maushold\n|-damage|p2b: Maushold|61/100\n|move|p1b: Golurk|Drain Punch|p2b: Maushold\n|-supereffective|p2b: Maushold|1\n|-enditem|p2b: Maushold|Chople Berry|[eat]\n|-enditem|p2b: Maushold|Chople Berry|[weaken]\n|-damage|p2b: Maushold|17/100\n|\n|upkeep\n|turn|4\n|inactive|irzagx has 30 seconds left.\n|\n|t:|1776073554\n|move|p2b: Maushold|Follow Me|p2b: Maushold\n|-singleturn|p2b: Maushold|move: Follow Me\n|move|p2a: Dragapult|Draco Meteor|p1b: Golurk\n|-damage|p1b: Golurk|48/100\n|-unboost|p2a: Dragapult|spa|2\n|move|p1a: Ampharos|Dazzling Gleam|p2a: Dragapult|[spread] p2a,p2b\n|-supereffective|p2a: Dragapult|1\n|-damage|p2a: Dragapult|56/100\n|-damage|p2b: Maushold|0 fnt\n|faint|p2b: Maushold\n|move|p1b: Golurk|Ice Punch|p2a: Dragapult\n|-supereffective|p2a: Dragapult|1\n|-damage|p2a: Dragapult|0 fnt\n|faint|p2a: Dragapult\n|\n|upkeep\n|\n|t:|1776073569\n|switch|p2b: Sneasler|Sneasler, L50, F, shiny|100/100\n|turn|5\n|\n|t:|1776073579\n|move|p2b: Sneasler|Dire Claw|p1b: Golurk\n|-resisted|p1b: Golurk|2\n|-damage|p1b: Golurk|38/100\n|move|p1a: Ampharos|Thunderbolt|p2b: Sneasler\n|-damage|p2b: Sneasler|31/100\n|move|p1b: Golurk|High Horsepower|p2b: Sneasler\n|-supereffective|p2b: Sneasler|1\n|-damage|p2b: Sneasler|0 fnt\n|faint|p2b: Sneasler\n|\n|win|pmtang\n|raw|pmtang's rating: 1113 &rarr; <strong>1132</strong><br />(+19 for winning)\n|raw|irzagx's rating: 1023 &rarr; <strong>1013</strong><br />(-10 for losing)\n|l|\u2606irzagx\n|player|p2|\n",
  "uploadtime": 1776073592,
  "views": 13,
  "formatid": "gen9championsvgc2026regma",
  "rating": 1013,
  "private": 0,
  "password": null
}