{
  "id": "gen9championsvgc2026regma-2582217557",
  "format": "[Gen 9 Champions] VGC 2026 Reg M-A",
  "players": [
    "cottonface",
    "cheungh"
  ],
  "log": "|j|\u2606cottonface\n|j|\u2606cheungh\n|t:|1776072515\n|gametype|doubles\n|player|p1|cottonface|collector|1089\n|player|p2|cheungh|benga|1039\n|gen|9\n|tier|[Gen 9 Champions] VGC 2026 Reg M-A\n|rated|\n|rule|Species Clause: Limit one of each Pok\u00e9mon\n|rule|Item Clause: Limit 1 of each item\n|clearpoke\n|poke|p1|Tauros, L50, M|\n|poke|p1|Snorlax, L50, M|\n|poke|p1|Audino, L50, M|\n|poke|p1|Toucannon, L50, M|\n|poke|p1|Zoroark-Hisui, L50, F|\n|poke|p1|Ditto, L50|\n|poke|p2|Charizard, L50, M|\n|poke|p2|Venusaur, L50, F|\n|poke|p2|Garchomp, L50, M|\n|poke|p2|Incineroar, L50, M|\n|poke|p2|Rotom-Wash, L50|\n|poke|p2|Sneasler, L50, F|\n|teampreview|4\n|\n|t:|1776072561\n|teamsize|p1|4\n|teamsize|p2|4\n|start\n|switch|p1a: Tauros|Tauros, L50, M|100/100\n|switch|p1b: Ditto|Ditto, L50|100/100\n|switch|p2a: Charizard|Charizard, L50, M|100/100\n|switch|p2b: Garchomp|Garchomp, L50, M|100/100\n|-transform|p1b: Ditto|p2a: Charizard|[from] ability: Imposter\n|turn|1\n|\n|t:|1776072610\n|move|p2a: Charizard|Protect|p2a: Charizard\n|-singleturn|p2a: Charizard|Protect\n|move|p2b: Garchomp|Rock Slide|p1a: Tauros|[spread] p1a,p1b\n|-crit|p1a: Tauros\n|-supereffective|p1b: Ditto|2\n|-damage|p1a: Tauros|66/100\n|-damage|p1b: Ditto|0 fnt\n|faint|p1b: Ditto\n|move|p1a: Tauros|Body Slam|p2a: Charizard\n|-activate|p2a: Charizard|move: Protect\n|\n|upkeep\n|\n|t:|1776072620\n|switch|p1b: Audino|Audino, L50, M|100/100\n|turn|2\n|-activate|p1a: Tauros|item: Quick Claw\n|\n|t:|1776072632\n|detailschange|p2a: Charizard|Charizard-Mega-Y, L50, M\n|-mega|p2a: Charizard|Charizard|Charizardite Y\n|-weather|SunnyDay|[from] ability: Drought|[of] p2a: Charizard\n|detailschange|p1b: Audino|Audino-Mega, L50, M\n|-mega|p1b: Audino|Audino|Audinite\n|move|p1a: Tauros|Body Slam|p2b: Garchomp\n|-crit|p2b: Garchomp\n|-damage|p2b: Garchomp|29/100\n|-damage|p1a: Tauros|54/100|[from] ability: Rough Skin|[of] p2b: Garchomp\n|move|p2b: Garchomp|Rock Slide|p1a: Tauros|[spread] p1a,p1b\n|-damage|p1a: Tauros|31/100\n|-damage|p1b: Audino|87/100\n|move|p2a: Charizard|Heat Wave|p1a: Tauros|[spread] p1a,p1b\n|-damage|p1a: Tauros|0 fnt\n|-damage|p1b: Audino|52/100\n|faint|p1a: Tauros\n|move|p1b: Audino|Trick Room|p1b: Audino\n|-fieldstart|move: Trick Room|[of] p1b: Audino\n|\n|-weather|SunnyDay|[upkeep]\n|upkeep\n|\n|t:|1776072649\n|switch|p1a: Snorlax|Snorlax, L50, M|100/100\n|turn|3\n|\n|t:|1776072675\n|move|p1a: Snorlax|Curse|p1a: Snorlax\n|-unboost|p1a: Snorlax|spe|1\n|-boost|p1a: Snorlax|atk|1\n|-boost|p1a: Snorlax|def|1\n|move|p1b: Audino|Wish|p1b: Audino\n|move|p2a: Charizard|Heat Wave|p1b: Audino|[spread] p1a,p1b\n|-damage|p1a: Snorlax|80/100\n|-damage|p1b: Audino|19/100\n|move|p2b: Garchomp|Rock Slide|p1b: Audino|[spread] p1a,p1b\n|-damage|p1a: Snorlax|71/100\n|-damage|p1b: Audino|4/100\n|\n|-weather|SunnyDay|[upkeep]\n|-heal|p1a: Snorlax|77/100|[from] item: Leftovers\n|upkeep\n|turn|4\n|\n|t:|1776072695\n|move|p1b: Audino|Protect|p1b: Audino\n|-singleturn|p1b: Audino|Protect\n|move|p1a: Snorlax|Double-Edge|p2a: Charizard\n|-damage|p2a: Charizard|0 fnt\n|faint|p2a: Charizard\n|-damage|p1a: Snorlax|57/100|[from] Recoil\n|move|p2b: Garchomp|Rock Slide|p1a: Snorlax|[spread] p1a\n|-activate|p1b: Audino|move: Protect\n|-damage|p1a: Snorlax|48/100\n|\n|-weather|SunnyDay|[upkeep]\n|-heal|p1b: Audino|54/100|[from] move: Wish|[wisher] Audino\n|-heal|p1a: Snorlax|54/100|[from] item: Leftovers\n|upkeep\n|\n|t:|1776072712\n|switch|p2a: Sneasler|Sneasler, L50, F|100/100\n|turn|5\n|\n|t:|1776072720\n|move|p2a: Sneasler|Fake Out|p1a: Snorlax\n|-damage|p1a: Snorlax|47/100\n|cant|p1a: Snorlax|flinch\n|move|p1b: Audino|Wish|p1b: Audino\n|move|p2b: Garchomp|Rock Slide|p1b: Audino|[spread] p1a,p1b\n|-damage|p1a: Snorlax|38/100\n|-damage|p1b: Audino|40/100\n|\n|-weather|SunnyDay|[upkeep]\n|-heal|p1a: Snorlax|44/100|[from] item: Leftovers\n|upkeep\n|turn|6\n|\n|t:|1776072733\n|move|p1b: Audino|Protect|p1b: Audino\n|-singleturn|p1b: Audino|Protect\n|move|p1a: Snorlax|Double-Edge|p2a: Sneasler\n|-damage|p2a: Sneasler|0 fnt\n|faint|p2a: Sneasler\n|-damage|p1a: Snorlax|25/100|[from] Recoil\n|move|p2b: Garchomp|Rock Slide|p1a: Snorlax|[spread] \n|-activate|p1b: Audino|move: Protect\n|-miss|p2b: Garchomp|p1a: Snorlax\n|\n|-weather|none\n|-heal|p1b: Audino|90/100|[from] move: Wish|[wisher] Audino\n|-heal|p1a: Snorlax|31/100|[from] item: Leftovers\n|-fieldend|move: Trick Room\n|upkeep\n|\n|t:|1776072740\n|switch|p2a: Venusaur|Venusaur, L50, F|100/100\n|turn|7\n|\n|t:|1776072750\n|move|p2b: Garchomp|Rock Slide|p1a: Snorlax|[spread] p1a,p1b\n|-damage|p1a: Snorlax|21/100\n|-damage|p1b: Audino|77/100\n|move|p2a: Venusaur|Sleep Powder|p1a: Snorlax\n|-status|p1a: Snorlax|slp|[from] move: Sleep Powder\n|cant|p1a: Snorlax|slp\n|move|p1b: Audino|Trick Room|p1b: Audino\n|-fieldstart|move: Trick Room|[of] p1b: Audino\n|\n|-heal|p1a: Snorlax|27/100 slp|[from] item: Leftovers\n|upkeep\n|turn|8\n|\n|t:|1776072764\n|move|p1b: Audino|Ally Switch|p1b: Audino\n|swap|p1b: Audino|0|[from] move: Ally Switch\n|-curestatus|p1b: Snorlax|slp|[msg]\n|move|p1b: Snorlax|Rest|p1b: Snorlax\n|-status|p1b: Snorlax|slp|[from] move: Rest\n|-heal|p1b: Snorlax|100/100 slp|[silent]\n|move|p2a: Venusaur|Sludge Bomb|p1b: Snorlax\n|-damage|p1b: Snorlax|78/100 slp\n|move|p2b: Garchomp|Rock Slide|p1a: Audino|[spread] p1a,p1b\n|-damage|p1a: Audino|64/100\n|-damage|p1b: Snorlax|69/100 slp\n|\n|-heal|p1b: Snorlax|75/100 slp|[from] item: Leftovers\n|upkeep\n|turn|9\n|\n|t:|1776072786\n|cant|p1b: Snorlax|slp\n|move|p1a: Audino|Wish|p1a: Audino\n|move|p2a: Venusaur|Sludge Bomb|p1b: Snorlax\n|-damage|p1b: Snorlax|49/100 slp\n|move|p2b: Garchomp|Rock Slide|p1a: Audino|[spread] p1b\n|-miss|p2b: Garchomp|p1a: Audino\n|-damage|p1b: Snorlax|40/100 slp\n|\n|-heal|p1b: Snorlax|46/100 slp|[from] item: Leftovers\n|upkeep\n|turn|10\n|\n|t:|1776072825\n|move|p1a: Audino|Ally Switch|p1a: Audino\n|swap|p1a: Audino|1|[from] move: Ally Switch\n|cant|p1a: Snorlax|slp\n|move|p2a: Venusaur|Sleep Powder|p1b: Audino\n|-status|p1b: Audino|slp|[from] move: Sleep Powder\n|move|p2b: Garchomp|Rock Slide|p1b: Audino|[spread] p1a,p1b\n|-damage|p1a: Snorlax|37/100 slp\n|-damage|p1b: Audino|50/100 slp\n|\n|-heal|p1a: Snorlax|77/100 slp|[from] move: Wish|[wisher] Audino\n|-heal|p1a: Snorlax|83/100 slp|[from] item: Leftovers\n|-activate|p1b: Audino|ability: Healer\n|-curestatus|p1a: Snorlax|slp|[msg]\n|upkeep\n|turn|11\n|\n|t:|1776072848\n|move|p2a: Venusaur|Protect|p2a: Venusaur\n|-singleturn|p2a: Venusaur|Protect\n|cant|p1b: Audino|slp\n|move|p1a: Snorlax|Crunch|p2b: Garchomp\n|-damage|p2b: Garchomp|0 fnt\n|-damage|p1a: Snorlax|71/100|[from] ability: Rough Skin|[of] p2b: Garchomp\n|faint|p2b: Garchomp\n|\n|-heal|p1a: Snorlax|77/100|[from] item: Leftovers\n|-fieldend|move: Trick Room\n|upkeep\n|turn|12\n|\n|t:|1776072863\n|move|p2a: Venusaur|Sleep Powder|p1a: Snorlax\n|-status|p1a: Snorlax|slp|[from] move: Sleep Powder\n|cant|p1a: Snorlax|slp\n|-curestatus|p1b: Audino|slp|[msg]\n|move|p1b: Audino|Trick Room|p1b: Audino\n|-fieldstart|move: Trick Room|[of] p1b: Audino\n|\n|-heal|p1a: Snorlax|83/100 slp|[from] item: Leftovers\n|upkeep\n|turn|13\n|\n|t:|1776072875\n|move|p1b: Audino|Protect|p1b: Audino\n|-singleturn|p1b: Audino|Protect\n|cant|p1a: Snorlax|slp\n|move|p2a: Venusaur|Sludge Bomb|p1b: Audino\n|-activate|p1b: Audino|move: Protect\n|\n|-heal|p1a: Snorlax|89/100 slp|[from] item: Leftovers\n|-activate|p1b: Audino|ability: Healer\n|-curestatus|p1a: Snorlax|slp|[msg]\n|upkeep\n|turn|14\n|\n|t:|1776072888\n|move|p1a: Snorlax|Double-Edge|p2a: Venusaur\n|-damage|p2a: Venusaur|8/100\n|-damage|p1a: Snorlax|71/100|[from] Recoil\n|move|p1b: Audino|Wish|p1b: Audino\n|move|p2a: Venusaur|Sludge Bomb|p1b: Audino\n|-supereffective|p1b: Audino|1\n|-damage|p1b: Audino|4/100\n|\n|-heal|p1a: Snorlax|77/100|[from] item: Leftovers\n|upkeep\n|turn|15\n|-message|cheungh forfeited.\n|\n|win|cottonface\n|raw|cottonface's rating: 1089 &rarr; <strong>1112</strong><br />(+23 for winning)\n|raw|cheungh's rating: 1039 &rarr; <strong>1025</strong><br />(-14 for losing)\n|l|\u2606cheungh\n|player|p2|\n|c|\u2606cottonface|gg\n",
  "uploadtime": 1776072906,
  "views": 25,
  "formatid": "gen9championsvgc2026regma",
  "rating": 1025,
  "private": 0,
  "password": null
}