{
  "id": "gen9championsvgc2026regma-2585666483",
  "format": "[Gen 9 Champions] VGC 2026 Reg M-A",
  "players": [
    "AlexxLoranca",
    "heroplayer2026"
  ],
  "log": "|j|\u2606AlexxLoranca\n|j|\u2606heroplayer2026\n|t:|1776362308\n|gametype|doubles\n|player|p1|AlexxLoranca|lance|1130\n|player|p2|heroplayer2026|fisherman-gen4|1183\n|gen|9\n|tier|[Gen 9 Champions] VGC 2026 Reg M-A\n|rated|\n|rule|Species Clause: Limit one of each Pok\u00e9mon\n|rule|Item Clause: Limit 1 of each item\n|clearpoke\n|poke|p1|Floette-Eternal, L50, F|\n|poke|p1|Aegislash, L50, F|\n|poke|p1|Talonflame, L50, M|\n|poke|p1|Incineroar, L50, M|\n|poke|p1|Garchomp, L50, M|\n|poke|p1|Rotom-Wash, L50|\n|poke|p2|Torkoal, L50, F|\n|poke|p2|Incineroar, L50, M|\n|poke|p2|Farigiraf, L50, M|\n|poke|p2|Golurk, L50|\n|poke|p2|Conkeldurr, L50, M|\n|poke|p2|Garchomp, L50, M|\n|teampreview|4\n|inactive|Battle timer is ON: inactive players will automatically lose when time's up. (requested by AlexxLoranca)\nAlexxLoranca rejected open team sheets.\n|inactive|AlexxLoranca has 60 seconds left.\n|inactive|heroplayer2026 has 60 seconds left.\n|inactive|heroplayer2026 has 30 seconds left.\n|inactive|heroplayer2026 has 20 seconds left.\n|inactive|heroplayer2026 has 15 seconds left.\n|\n|t:|1776362385\n|teamsize|p1|4\n|teamsize|p2|4\n|start\n|switch|p1a: Incineroar|Incineroar, L50, M|100/100\n|switch|p1b: Rotom|Rotom-Wash, L50|100/100\n|switch|p2a: Farigiraf|Farigiraf, L50, M|100/100\n|switch|p2b: Torkoal|Torkoal, L50, F|100/100\n|-ability|p1a: Incineroar|Intimidate|boost\n|-unboost|p2a: Farigiraf|atk|1\n|-unboost|p2b: Torkoal|atk|1\n|-weather|SunnyDay|[from] ability: Drought|[of] p2b: Torkoal\n|turn|1\n|\n|t:|1776362403\n|move|p2b: Torkoal|Protect|p2b: Torkoal\n|-singleturn|p2b: Torkoal|Protect\n|move|p1b: Rotom|Volt Switch|p2a: Farigiraf\n|-damage|p2a: Farigiraf|72/100\n|\n|t:|1776362410\n|switch|p1b: Floette|Floette-Eternal, L50, F|100/100|[from] Volt Switch\n|move|p1a: Incineroar|Flare Blitz|p2a: Farigiraf\n|-damage|p2a: Farigiraf|22/100\n|-damage|p1a: Incineroar|82/100|[from] Recoil\n|move|p2a: Farigiraf|Trick Room|p2a: Farigiraf\n|-fieldstart|move: Trick Room|[of] p2a: Farigiraf\n|\n|-weather|SunnyDay|[upkeep]\n|-heal|p1a: Incineroar|88/100|[from] item: Leftovers\n|upkeep\n|turn|2\n|\n|t:|1776362430\n|switch|p1a: Rotom|Rotom-Wash, L50|100/100\n|detailschange|p1b: Floette|Floette-Mega, L50, F\n|-mega|p1b: Floette|Floette|Floettite\n|-ability|p1b: Floette|Fairy Aura\n|move|p2a: Farigiraf|Helping Hand|p2b: Torkoal\n|-singleturn|p2b: Torkoal|Helping Hand|[of] p2a: Farigiraf\n|move|p2b: Torkoal|Eruption|p1a: Rotom|[spread] p1a,p1b\n|-resisted|p1a: Rotom|1\n|-damage|p1a: Rotom|27/100\n|-damage|p1b: Floette|3/100\n|-enditem|p1a: Rotom|Sitrus Berry|[eat]\n|-heal|p1a: Rotom|52/100|[from] item: Sitrus Berry\n|move|p1b: Floette|Dazzling Gleam|p2a: Farigiraf|[spread] p2a,p2b\n|-resisted|p2b: Torkoal|1\n|-damage|p2a: Farigiraf|0 fnt\n|-damage|p2b: Torkoal|73/100\n|faint|p2a: Farigiraf\n|\n|-weather|SunnyDay|[upkeep]\n|upkeep\n|\n|t:|1776362442\n|switch|p2a: Golurk|Golurk, L50|100/100\n|turn|3\n|\n|t:|1776362456\n|detailschange|p2a: Golurk|Golurk-Mega, L50\n|-mega|p2a: Golurk|Golurk|Golurkite\n|move|p1b: Floette|Protect|p1b: Floette\n|-singleturn|p1b: Floette|Protect\n|move|p2b: Torkoal|Eruption|p1a: Rotom|[spread] p1a\n|-activate|p1b: Floette|move: Protect\n|-resisted|p1a: Rotom|1\n|-damage|p1a: Rotom|17/100\n|move|p2a: Golurk|Knock Off|p1a: Rotom\n|-damage|p1a: Rotom|0 fnt\n|faint|p1a: Rotom\n|\n|-weather|SunnyDay|[upkeep]\n|upkeep\n|\n|t:|1776362466\n|switch|p1a: Incineroar|Incineroar, L50, M|88/100\n|-ability|p1a: Incineroar|Intimidate|boost\n|-unboost|p2a: Golurk|atk|1\n|-unboost|p2b: Torkoal|atk|1\n|turn|4\n|inactive|heroplayer2026 has 30 seconds left.\n|\n|t:|1776362496\n|move|p2b: Torkoal|Protect|p2b: Torkoal\n|-singleturn|p2b: Torkoal|Protect\n|move|p1a: Incineroar|Fake Out|p2b: Torkoal\n|-activate|p2b: Torkoal|move: Protect\n|move|p2a: Golurk|Knock Off|p1b: Floette\n|-resisted|p1b: Floette|1\n|-damage|p1b: Floette|0 fnt\n|faint|p1b: Floette\n|\n|-weather|SunnyDay|[upkeep]\n|-heal|p1a: Incineroar|94/100|[from] item: Leftovers\n|upkeep\n|\n|t:|1776362503\n|switch|p1b: Aegislash|Aegislash, L50, F|100/100\n|turn|5\n|\n|t:|1776362515\n|move|p1b: Aegislash|King's Shield|p1b: Aegislash\n|-singleturn|p1b: Aegislash|Protect\n|move|p2b: Torkoal|Eruption|p1a: Incineroar|[spread] p1a\n|-activate|p1b: Aegislash|move: Protect\n|-resisted|p1a: Incineroar|1\n|-damage|p1a: Incineroar|70/100\n|move|p2a: Golurk|Drain Punch|p1a: Incineroar\n|-supereffective|p1a: Incineroar|1\n|-damage|p1a: Incineroar|29/100\n|move|p1a: Incineroar|Darkest Lariat|p2a: Golurk\n|-supereffective|p2a: Golurk|1\n|-damage|p2a: Golurk|36/100\n|\n|-weather|none\n|-heal|p1a: Incineroar|35/100|[from] item: Leftovers\n|-fieldend|move: Trick Room\n|upkeep\n|turn|6\n|inactive|AlexxLoranca has 30 seconds left.\n|\n|t:|1776362547\n|-formechange|p1b: Aegislash|Aegislash-Blade|\n|move|p1b: Aegislash|Poltergeist|p2a: Golurk\n|-activate|p2a: Golurk|move: Poltergeist|Golurkite\n|-supereffective|p2a: Golurk|1\n|-damage|p2a: Golurk|0 fnt\n|faint|p2a: Golurk\n|move|p1a: Incineroar|Darkest Lariat|p2b: Torkoal\n|-damage|p2b: Torkoal|47/100\n|move|p2b: Torkoal|Flamethrower|p1b: Aegislash\n|-supereffective|p1b: Aegislash|1\n|-damage|p1b: Aegislash|0 fnt\n|faint|p1b: Aegislash\n|\n|-heal|p1a: Incineroar|41/100|[from] item: Leftovers\n|upkeep\n|\n|t:|1776362560\n|switch|p2a: Garchomp|Garchomp, L50, M|100/100\n|turn|7\n|\n|t:|1776362567\n|move|p2a: Garchomp|Outrage|p1a: Incineroar\n|-damage|p1a: Incineroar|0 fnt\n|faint|p1a: Incineroar\n|\n|win|heroplayer2026\n|raw|AlexxLoranca's rating: 1130 &rarr; <strong>1109</strong><br />(-21 for losing)\n|raw|heroplayer2026's rating: 1183 &rarr; <strong>1204</strong><br />(+21 for winning)\n|l|\u2606AlexxLoranca\n|player|p1|\n",
  "uploadtime": 1776362570,
  "views": 24,
  "formatid": "gen9championsvgc2026regma",
  "rating": 1109,
  "private": 0,
  "password": null
}