{
  "id": "gen9championsvgc2026regma-2587621663",
  "format": "[Gen 9 Champions] VGC 2026 Reg M-A",
  "players": [
    "iman shumppet",
    "emmmmmmn"
  ],
  "log": "|j|\u2606iman shumppet\n|j|\u2606emmmmmmn\n|t:|1776547751\n|gametype|doubles\n|player|p1|iman shumppet|169|1109\n|player|p2|emmmmmmn|dawn-gen4pt|1149\n|gen|9\n|tier|[Gen 9 Champions] VGC 2026 Reg M-A\n|rated|\n|rule|Species Clause: Limit one of each Pok\u00e9mon\n|rule|Item Clause: Limit 1 of each item\n|clearpoke\n|poke|p1|Whimsicott, L50, M|\n|poke|p1|Gardevoir, L50, F|\n|poke|p1|Garchomp, L50, F|\n|poke|p1|Incineroar, L50, F|\n|poke|p1|Sneasler, L50, M|\n|poke|p1|Farigiraf, L50, M|\n|poke|p2|Gardevoir, L50, F|\n|poke|p2|Aerodactyl, L50, F|\n|poke|p2|Incineroar, L50, F|\n|poke|p2|Kingambit, L50, M|\n|poke|p2|Garchomp, L50, F|\n|poke|p2|Basculegion, L50, M|\n|teampreview|4\n|inactive|Battle timer is ON: inactive players will automatically lose when time's up. (requested by iman shumppet)\n|\n|t:|1776547783\n|teamsize|p1|4\n|teamsize|p2|4\n|start\n|switch|p1a: Gardevoir|Gardevoir, L50, F|100/100\n|switch|p1b: Farigiraf|Farigiraf, L50, M|100/100\n|switch|p2a: Aerodactyl|Aerodactyl, L50, F|100/100\n|switch|p2b: Basculegion|Basculegion, L50, M|100/100\n|-ability|p2a: Aerodactyl|Unnerve\n|-ability|p1a: Gardevoir|Unnerve|Trace|[from] ability: Trace|[of] p2a: Aerodactyl\n|-ability|p1a: Gardevoir|Unnerve\n|turn|1\n|\n|t:|1776547806\n|move|p1a: Gardevoir|Protect|p1a: Gardevoir\n|-singleturn|p1a: Gardevoir|Protect\n|move|p2a: Aerodactyl|Rock Slide|p1a: Gardevoir|[spread] p1b\n|-activate|p1a: Gardevoir|move: Protect\n|-damage|p1b: Farigiraf|79/100\n|move|p2b: Basculegion|Flip Turn|p1b: Farigiraf\n|-damage|p1b: Farigiraf|39/100\n|\n|t:|1776547817\n|switch|p2b: Kingambit|Kingambit, L50, M|100/100|[from] Flip Turn\n|move|p1b: Farigiraf|Trick Room|p1b: Farigiraf\n|-fieldstart|move: Trick Room|[of] p1b: Farigiraf\n|\n|upkeep\n|turn|2\n|\n|t:|1776547832\n|detailschange|p1a: Gardevoir|Gardevoir-Mega, L50, F\n|-mega|p1a: Gardevoir|Gardevoir|Gardevoirite\n|move|p2b: Kingambit|Protect|p2b: Kingambit\n|-singleturn|p2b: Kingambit|Protect\n|move|p2a: Aerodactyl|Protect|p2a: Aerodactyl\n|-singleturn|p2a: Aerodactyl|Protect\n|move|p1b: Farigiraf|Hyper Voice|p2a: Aerodactyl|[spread] \n|-activate|p2a: Aerodactyl|move: Protect\n|-activate|p2b: Kingambit|move: Protect\n|move|p1a: Gardevoir|Hyper Voice|p2b: Kingambit|[spread] \n|-activate|p2a: Aerodactyl|move: Protect\n|-activate|p2b: Kingambit|move: Protect\n|\n|upkeep\n|turn|3\n|inactive|emmmmmmn has 30 seconds left.\n|inactive|emmmmmmn has 20 seconds left.\n|\n|t:|1776547867\n|switch|p1b: Sneasler|Sneasler, L50, M|100/100\n|switch|p1a: Incineroar|Incineroar, L50, F|100/100\n|-ability|p1a: Incineroar|Intimidate|boost\n|-unboost|p2a: Aerodactyl|atk|1\n|-unboost|p2b: Kingambit|atk|1\n|-ability|p2b: Kingambit|Defiant|boost\n|-boost|p2b: Kingambit|atk|2\n|move|p2b: Kingambit|Kowtow Cleave|p1b: Sneasler\n|-resisted|p1b: Sneasler|1\n|-damage|p1b: Sneasler|22/100\n|move|p2a: Aerodactyl|Dual Wingbeat|p1a: Incineroar\n|-damage|p1a: Incineroar|89/100\n|-damage|p1a: Incineroar|78/100\n|-hitcount|p1a: Incineroar|2\n|\n|-heal|p1a: Incineroar|84/100|[from] item: Leftovers\n|upkeep\n|turn|4\n|\n|t:|1776547891\n|move|p2b: Kingambit|Protect|p2b: Kingambit\n|-singleturn|p2b: Kingambit|Protect\n|move|p2a: Aerodactyl|Protect|p2a: Aerodactyl\n|-singleturn|p2a: Aerodactyl|Protect\n|move|p1b: Sneasler|Fake Out|p2a: Aerodactyl\n|-activate|p2a: Aerodactyl|move: Protect\n|move|p1a: Incineroar|Flare Blitz|p2b: Kingambit\n|-activate|p2b: Kingambit|move: Protect\n|\n|-heal|p1a: Incineroar|90/100|[from] item: Leftovers\n|upkeep\n|turn|5\n|inactive|emmmmmmn has 30 seconds left.\n|\n|t:|1776547920\n|switch|p2b: Basculegion|Basculegion, L50, M|100/100\n|move|p1b: Sneasler|Protect|p1b: Sneasler\n|-singleturn|p1b: Sneasler|Protect\n|move|p1a: Incineroar|Parting Shot|p2a: Aerodactyl\n|-unboost|p2a: Aerodactyl|atk|1\n|-unboost|p2a: Aerodactyl|spa|1\n|\n|t:|1776547929\n|switch|p1a: Farigiraf|Farigiraf, L50, M|39/100|[from] Parting Shot\n|move|p2a: Aerodactyl|Dual Wingbeat|p1b: Sneasler\n|-activate|p1b: Sneasler|move: Protect\n|\n|-fieldend|move: Trick Room\n|upkeep\n|turn|6\n|\n|t:|1776547947\n|switch|p2a: Kingambit|Kingambit, L50, M|100/100\n|-enditem|p1a: Farigiraf|Sitrus Berry|[eat]\n|-heal|p1a: Farigiraf|64/100|[from] item: Sitrus Berry\n|switch|p1b: Incineroar|Incineroar, L50, F|90/100\n|-ability|p1b: Incineroar|Intimidate|boost\n|-unboost|p2a: Kingambit|atk|1\n|-ability|p2a: Kingambit|Defiant|boost\n|-boost|p2a: Kingambit|atk|2\n|-unboost|p2b: Basculegion|atk|1\n|move|p2b: Basculegion|Flip Turn|p1a: Farigiraf\n|-damage|p1a: Farigiraf|40/100\n|\n|t:|1776547963\n|switch|p2b: Gardevoir|Gardevoir, L50, F|100/100|[from] Flip Turn\n|move|p1a: Farigiraf|Trick Room|p1a: Farigiraf\n|-fieldstart|move: Trick Room|[of] p1a: Farigiraf\n|\n|-heal|p1b: Incineroar|96/100|[from] item: Leftovers\n|upkeep\n|turn|7\n|\n|t:|1776547976\n|switch|p1a: Sneasler|Sneasler, L50, M|22/100\n|detailschange|p2b: Gardevoir|Gardevoir-Mega, L50, F\n|-mega|p2b: Gardevoir|Gardevoir|Gardevoirite\n|move|p2a: Kingambit|Kowtow Cleave|p1a: Sneasler\n|-resisted|p1a: Sneasler|1\n|-damage|p1a: Sneasler|0 fnt\n|faint|p1a: Sneasler\n|move|p1b: Incineroar|Flare Blitz|p2a: Kingambit\n|-supereffective|p2a: Kingambit|1\n|-damage|p2a: Kingambit|22/100\n|-damage|p1b: Incineroar|69/100|[from] Recoil\n|move|p2b: Gardevoir|Trick Room|p2b: Gardevoir\n|-fieldend|move: Trick Room\n|\n|-heal|p1b: Incineroar|75/100|[from] item: Leftovers\n|upkeep\n|\n|t:|1776547995\n|switch|p1a: Farigiraf|Farigiraf, L50, M|40/100\n|turn|8\n|\n|t:|1776548010\n|switch|p2a: Aerodactyl|Aerodactyl, L50, F|100/100\n|-ability|p2a: Aerodactyl|Unnerve\n|move|p2b: Gardevoir|Hyper Voice|p1b: Incineroar|[spread] p1a,p1b\n|-damage|p1a: Farigiraf|0 fnt\n|-damage|p1b: Incineroar|29/100\n|faint|p1a: Farigiraf\n|move|p1b: Incineroar|Throat Chop|p2b: Gardevoir\n|-damage|p2b: Gardevoir|54/100\n|-start|p2b: Gardevoir|Throat Chop|[silent]\n|\n|-heal|p1b: Incineroar|35/100|[from] item: Leftovers\n|upkeep\n|\n|t:|1776548022\n|switch|p1a: Gardevoir|Gardevoir-Mega, L50, F|100/100\n|turn|9\n|\n|t:|1776548035\n|move|p2a: Aerodactyl|Rock Slide|p1b: Incineroar|[spread] p1a,p1b\n|-supereffective|p1b: Incineroar|1\n|-damage|p1a: Gardevoir|61/100\n|-damage|p1b: Incineroar|0 fnt\n|faint|p1b: Incineroar\n|move|p2b: Gardevoir|Psychic|p1a: Gardevoir\n|-resisted|p1a: Gardevoir|1\n|-crit|p1a: Gardevoir\n|-damage|p1a: Gardevoir|27/100\n|move|p1a: Gardevoir|Calm Mind|p1a: Gardevoir\n|-boost|p1a: Gardevoir|spa|1\n|-boost|p1a: Gardevoir|spd|1\n|\n|-end|p2b: Gardevoir|Throat Chop|[silent]\n|upkeep\n|turn|10\n|\n|t:|1776548047\n|move|p2a: Aerodactyl|Dual Wingbeat|p1a: Gardevoir\n|-damage|p1a: Gardevoir|0 fnt\n|faint|p1a: Gardevoir\n|-hitcount|p1: Gardevoir|1\n|\n|win|emmmmmmn\n|raw|iman shumppet's rating: 1109 &rarr; <strong>1087</strong><br />(-22 for losing)\n|raw|emmmmmmn's rating: 1149 &rarr; <strong>1171</strong><br />(+22 for winning)\n|l|\u2606iman shumppet\n|player|p1|\n",
  "uploadtime": 1776548059,
  "views": 13,
  "formatid": "gen9championsvgc2026regma",
  "rating": 1087,
  "private": 0,
  "password": null
}