{
  "id": "gen9championsvgc2026regma-2586609328",
  "format": "[Gen 9 Champions] VGC 2026 Reg M-A",
  "players": [
    "SilverGrape",
    "abuenono"
  ],
  "log": "|j|\u2606SilverGrape\n|j|\u2606abuenono\n|t:|1776446540\n|gametype|doubles\n|player|p1|SilverGrape|1|1125\n|player|p2|abuenono|preschooler|1085\n|gen|9\n|tier|[Gen 9 Champions] VGC 2026 Reg M-A\n|rated|\n|rule|Species Clause: Limit one of each Pok\u00e9mon\n|rule|Item Clause: Limit 1 of each item\n|clearpoke\n|poke|p1|Sandaconda, L50, F|\n|poke|p1|Golurk, L50|\n|poke|p1|Hippowdon, L50, F|\n|poke|p1|Sinistcha-Masterpiece, L50|\n|poke|p1|Milotic, L50, F|\n|poke|p1|Farigiraf, L50, F|\n|poke|p2|Floette-Eternal, L50, F|\n|poke|p2|Incineroar, L50, M|\n|poke|p2|Garchomp, L50, M|\n|poke|p2|Sneasler, L50, F|\n|poke|p2|Aerodactyl, L50, F|\n|poke|p2|Rotom-Wash, L50|\n|teampreview|4\n|\n|t:|1776446567\n|teamsize|p1|4\n|teamsize|p2|4\n|start\n|switch|p1a: Sandaconda|Sandaconda, L50, F|100/100\n|switch|p1b: Hippowdon|Hippowdon, L50, F|100/100\n|switch|p2a: Aerodactyl|Aerodactyl, L50, F|100/100\n|switch|p2b: Incineroar|Incineroar, L50, M|100/100\n|-ability|p2a: Aerodactyl|Unnerve\n|-ability|p2b: Incineroar|Intimidate|boost\n|-unboost|p1a: Sandaconda|atk|1\n|-unboost|p1b: Hippowdon|atk|1\n|-weather|Sandstorm|[from] ability: Sand Stream|[of] p1b: Hippowdon\n|turn|1\n|\n|t:|1776446593\n|move|p1a: Sandaconda|Protect|p1a: Sandaconda\n|-singleturn|p1a: Sandaconda|Protect\n|move|p1b: Hippowdon|Protect|p1b: Hippowdon\n|-singleturn|p1b: Hippowdon|Protect\n|move|p2a: Aerodactyl|Tailwind|p2a: Aerodactyl\n|-sidestart|p2: abuenono|move: Tailwind\n|move|p2b: Incineroar|Parting Shot|p1b: Hippowdon\n|-activate|p1b: Hippowdon|move: Protect\n|\n|-weather|Sandstorm|[upkeep]\n|-damage|p2b: Incineroar|95/100|[from] Sandstorm\n|upkeep\n|turn|2\n|\n|t:|1776446637\n|switch|p2a: Garchomp|Garchomp, L50, M|100/100\n|move|p2b: Incineroar|Flare Blitz|p1b: Hippowdon\n|-damage|p1b: Hippowdon|67/100\n|-damage|p2b: Incineroar|83/100|[from] Recoil\n|move|p1a: Sandaconda|Minimize|p1a: Sandaconda\n|-boost|p1a: Sandaconda|evasion|2\n|move|p1b: Hippowdon|Ice Fang|p2a: Garchomp\n|-supereffective|p2a: Garchomp|2\n|-damage|p2a: Garchomp|41/100\n|-damage|p1b: Hippowdon|54/100|[from] ability: Rough Skin|[of] p2a: Garchomp\n|\n|-weather|Sandstorm|[upkeep]\n|-damage|p2b: Incineroar|77/100|[from] Sandstorm\n|upkeep\n|turn|3\n|\n|t:|1776446666\n|switch|p2b: Aerodactyl|Aerodactyl, L50, F|100/100\n|-ability|p2b: Aerodactyl|Unnerve\n|move|p2a: Garchomp|Earthquake|p1a: Sandaconda|[spread] p1a,p1b\n|-immune|p2b: Aerodactyl\n|-damage|p1a: Sandaconda|60/100\n|-damage|p1b: Hippowdon|24/100\n|move|p1a: Sandaconda|Minimize|p1a: Sandaconda\n|-boost|p1a: Sandaconda|evasion|2\n|move|p1b: Hippowdon|Ice Fang|p2a: Garchomp\n|-supereffective|p2a: Garchomp|2\n|-damage|p2a: Garchomp|0 fnt\n|-damage|p1b: Hippowdon|12/100|[from] ability: Rough Skin|[of] p2a: Garchomp\n|faint|p2a: Garchomp\n|\n|-weather|Sandstorm|[upkeep]\n|upkeep\n|\n|t:|1776446681\n|switch|p2a: Floette|Floette-Eternal, L50, F|100/100\n|turn|4\n|\n|t:|1776446712\n|switch|p1b: Farigiraf|Farigiraf, L50, F|100/100\n|detailschange|p2a: Floette|Floette-Mega, L50, F\n|-mega|p2a: Floette|Floette|Floettite\n|-ability|p2a: Floette|Fairy Aura\n|move|p2b: Aerodactyl|Protect|p2b: Aerodactyl\n|-singleturn|p2b: Aerodactyl|Protect\n|move|p2a: Floette|Calm Mind|p2a: Floette\n|-boost|p2a: Floette|spa|1\n|-boost|p2a: Floette|spd|1\n|move|p1a: Sandaconda|Minimize|p1a: Sandaconda\n|-boost|p1a: Sandaconda|evasion|2\n|\n|-weather|Sandstorm|[upkeep]\n|-damage|p2a: Floette|94/100|[from] Sandstorm\n|-damage|p1b: Farigiraf|94/100|[from] Sandstorm\n|-heal|p1b: Farigiraf|100/100|[from] item: Leftovers\n|-sideend|p2: abuenono|move: Tailwind\n|upkeep\n|turn|5\n|\n|t:|1776446738\n|move|p2b: Aerodactyl|Tailwind|p2b: Aerodactyl\n|-sidestart|p2: abuenono|move: Tailwind\n|move|p2a: Floette|Dazzling Gleam|p1a: Sandaconda|[spread] p1a,p1b\n|-crit|p1a: Sandaconda\n|-damage|p1a: Sandaconda|0 fnt\n|-damage|p1b: Farigiraf|53/100\n|faint|p1a: Sandaconda\n|move|p1b: Farigiraf|Trick Room|p1b: Farigiraf\n|-fieldstart|move: Trick Room|[of] p1b: Farigiraf\n|\n|-weather|none\n|-heal|p1b: Farigiraf|59/100|[from] item: Leftovers\n|upkeep\n|\n|t:|1776446748\n|switch|p1a: Hippowdon|Hippowdon, L50, F|12/100\n|-weather|Sandstorm|[from] ability: Sand Stream|[of] p1a: Hippowdon\n|turn|6\n|\n|t:|1776446767\n|move|p2a: Floette|Protect|p2a: Floette\n|-singleturn|p2a: Floette|Protect\n|move|p1a: Hippowdon|Ice Fang|p2b: Aerodactyl\n|-supereffective|p2b: Aerodactyl|1\n|-damage|p2b: Aerodactyl|31/100\n|move|p1b: Farigiraf|Psychic|p2a: Floette\n|-activate|p2a: Floette|move: Protect\n|move|p2b: Aerodactyl|Dual Wingbeat|p1a: Hippowdon\n|-crit|p1a: Hippowdon\n|-damage|p1a: Hippowdon|0 fnt\n|faint|p1a: Hippowdon\n|-hitcount|p1: Hippowdon|1\n|\n|-weather|Sandstorm|[upkeep]\n|-damage|p1b: Farigiraf|53/100|[from] Sandstorm\n|-damage|p2a: Floette|88/100|[from] Sandstorm\n|-heal|p1b: Farigiraf|59/100|[from] item: Leftovers\n|upkeep\n|\n|t:|1776446782\n|switch|p1a: Golurk|Golurk, L50|100/100\n|turn|7\n|\n|t:|1776446800\n|detailschange|p1a: Golurk|Golurk-Mega, L50\n|-mega|p1a: Golurk|Golurk|Golurkite\n|move|p1a: Golurk|Rock Slide|p2a: Floette|[spread] p2a,p2b\n|-supereffective|p2b: Aerodactyl|1\n|-damage|p2a: Floette|64/100\n|-damage|p2b: Aerodactyl|0 fnt\n|faint|p2b: Aerodactyl\n|move|p1b: Farigiraf|Hyper Voice|p2a: Floette\n|-damage|p2a: Floette|49/100\n|move|p2a: Floette|Moonblast|p1a: Golurk\n|-damage|p1a: Golurk|4/100\n|\n|-weather|Sandstorm|[upkeep]\n|-damage|p1b: Farigiraf|53/100|[from] Sandstorm\n|-damage|p2a: Floette|43/100|[from] Sandstorm\n|-heal|p1b: Farigiraf|59/100|[from] item: Leftovers\n|upkeep\n|\n|t:|1776446813\n|switch|p2b: Incineroar|Incineroar, L50, M|77/100\n|-ability|p2b: Incineroar|Intimidate|boost\n|-unboost|p1a: Golurk|atk|1\n|-unboost|p1b: Farigiraf|atk|1\n|turn|8\n|\n|t:|1776446834\n|move|p2a: Floette|Protect|p2a: Floette\n|-singleturn|p2a: Floette|Protect\n|move|p1a: Golurk|Drain Punch|p2b: Incineroar\n|-supereffective|p2b: Incineroar|1\n|-damage|p2b: Incineroar|45/100\n|-heal|p1a: Golurk|20/100|[from] drain|[of] p2b: Incineroar\n|-enditem|p2b: Incineroar|Sitrus Berry|[eat]\n|-heal|p2b: Incineroar|70/100|[from] item: Sitrus Berry\n|move|p1b: Farigiraf|Psychic|p2a: Floette\n|-activate|p2a: Floette|move: Protect\n|move|p2b: Incineroar|Throat Chop|p1a: Golurk\n|-supereffective|p1a: Golurk|1\n|-damage|p1a: Golurk|0 fnt\n|faint|p1a: Golurk\n|\n|-weather|Sandstorm|[upkeep]\n|-damage|p1b: Farigiraf|53/100|[from] Sandstorm\n|-damage|p2b: Incineroar|64/100|[from] Sandstorm\n|-damage|p2a: Floette|37/100|[from] Sandstorm\n|-heal|p1b: Farigiraf|59/100|[from] item: Leftovers\n|-sideend|p2: abuenono|move: Tailwind\n|upkeep\n|turn|9\n|\n|t:|1776446860\n|move|p1b: Farigiraf|Psychic|p2a: Floette\n|-damage|p2a: Floette|20/100\n|-unboost|p2a: Floette|spd|1\n|move|p2b: Incineroar|Parting Shot|p1b: Farigiraf\n|-unboost|p1b: Farigiraf|atk|1\n|-unboost|p1b: Farigiraf|spa|1\n|move|p2a: Floette|Moonblast|p1b: Farigiraf\n|-damage|p1b: Farigiraf|0 fnt\n|faint|p1b: Farigiraf\n|\n|win|abuenono\n|raw|SilverGrape's rating: 1125 &rarr; <strong>1097</strong><br />(-28 for losing)\n|raw|abuenono's rating: 1085 &rarr; <strong>1115</strong><br />(+30 for winning)\n|l|\u2606SilverGrape\n|player|p1|\n",
  "uploadtime": 1776446883,
  "views": 40,
  "formatid": "gen9championsvgc2026regma",
  "rating": 1097,
  "private": 0,
  "password": null
}