{
  "id": "gen9championsvgc2026regma-2585955261",
  "format": "[Gen 9 Champions] VGC 2026 Reg M-A",
  "players": [
    "chloeLUVR",
    "Missed Ledgedash"
  ],
  "log": "|j|\u2606chloeLUVR\n|j|\u2606Missed Ledgedash\n|t:|1776384814\n|gametype|doubles\n|player|p1|chloeLUVR|preschooler|1116\n|player|p2|Missed Ledgedash|juan-gen3|1195\n|gen|9\n|tier|[Gen 9 Champions] VGC 2026 Reg M-A\n|rated|\n|rule|Species Clause: Limit one of each Pok\u00e9mon\n|rule|Item Clause: Limit 1 of each item\n|clearpoke\n|poke|p1|Gardevoir, L50, F|\n|poke|p1|Rotom-Heat, L50|\n|poke|p1|Aegislash, L50, M|\n|poke|p1|Hydreigon, L50, M|\n|poke|p1|Aerodactyl, L50, F|\n|poke|p1|Tauros-Paldea-Aqua, L50, M|\n|poke|p2|Incineroar, L50, F|\n|poke|p2|Gengar, L50, F|\n|poke|p2|Gyarados, L50, M|\n|poke|p2|Tyranitar, L50, M|\n|poke|p2|Sneasler, L50, F|\n|poke|p2|Excadrill, L50, F|\n|teampreview|4\n|inactive|Battle timer is ON: inactive players will automatically lose when time's up. (requested by chloeLUVR)\n|inactive|Missed Ledgedash has 60 seconds left.\n|inactive|Missed Ledgedash has 30 seconds left.\n|inactive|Missed Ledgedash has 20 seconds left.\n|inactive|Missed Ledgedash has 15 seconds left.\n|\n|t:|1776384935\n|teamsize|p1|4\n|teamsize|p2|4\n|start\n|switch|p1a: zeronos|Tauros-Paldea-Aqua, L50, M|100/100\n|switch|p1b: flight|Aerodactyl, L50, F|100/100\n|switch|p2a: Gengar|Gengar, L50, F|100/100\n|switch|p2b: Incineroar|Incineroar, L50, F|100/100\n|-ability|p1b: flight|Unnerve\n|-ability|p1a: zeronos|Intimidate|boost\n|-unboost|p2a: Gengar|atk|1\n|-unboost|p2b: Incineroar|atk|1\n|-ability|p2b: Incineroar|Intimidate|boost\n|-unboost|p1a: zeronos|atk|1\n|-unboost|p1b: flight|atk|1\n|turn|1\n|\n|t:|1776384958\n|switch|p1a: fork|Aegislash, L50, M, shiny|100/100\n|detailschange|p2a: Gengar|Gengar-Mega, L50, F\n|-mega|p2a: Gengar|Gengar|Gengarite\n|move|p1b: flight|Protect|p1b: flight\n|-singleturn|p1b: flight|Protect\n|move|p2b: Incineroar|Fake Out|p1a: fork\n|-immune|p1a: fork\n|move|p2a: Gengar|Perish Song|p2a: Gengar\n|-start|p1a: fork|perish3|[silent]\n|-start|p1b: flight|perish3|[silent]\n|-start|p2a: Gengar|perish3|[silent]\n|-start|p2b: Incineroar|perish3|[silent]\n|-fieldactivate|move: Perish Song\n|\n|-start|p1b: flight|perish3\n|-start|p2a: Gengar|perish3\n|-start|p1a: fork|perish3\n|-start|p2b: Incineroar|perish3\n|upkeep\n|turn|2\n|\n|t:|1776384980\n|move|p2a: Gengar|Protect|p2a: Gengar\n|-singleturn|p2a: Gengar|Protect\n|move|p1a: fork|King's Shield|p1a: fork\n|-singleturn|p1a: fork|Protect\n|move|p1b: flight|Tailwind|p1b: flight\n|-sidestart|p1: chloeLUVR|move: Tailwind\n|move|p2b: Incineroar|Throat Chop|p1a: fork\n|-activate|p1a: fork|move: Protect\n|-unboost|p2b: Incineroar|atk|1\n|\n|-start|p1b: flight|perish2\n|-start|p1a: fork|perish2\n|-start|p2a: Gengar|perish2\n|-start|p2b: Incineroar|perish2\n|upkeep\n|turn|3\n|\n|t:|1776384997\n|switch|p2a: Tyranitar|Tyranitar, L50, M|100/100\n|-weather|Sandstorm|[from] ability: Sand Stream|[of] p2a: Tyranitar\n|move|p1b: flight|Rock Slide|p2b: Incineroar|[spread] p2a,p2b\n|-supereffective|p2b: Incineroar|1\n|-damage|p2a: Tyranitar|88/100\n|-damage|p2b: Incineroar|76/100\n|-formechange|p1a: fork|Aegislash-Blade|\n|move|p1a: fork|Poltergeist|p2a: Tyranitar\n|-activate|p2a: Tyranitar|move: Poltergeist|Tyranitarite\n|-resisted|p2a: Tyranitar|1\n|-damage|p2a: Tyranitar|62/100\n|cant|p2b: Incineroar|flinch\n|\n|-weather|Sandstorm|[upkeep]\n|-damage|p2b: Incineroar|70/100|[from] Sandstorm\n|-start|p1b: flight|perish1\n|-start|p1a: fork|perish1\n|-start|p2b: Incineroar|perish1\n|upkeep\n|turn|4\n|\n|t:|1776385022\n|switch|p1b: zeronos|Tauros-Paldea-Aqua, L50, M|100/100\n|-ability|p1b: zeronos|Intimidate|boost\n|-unboost|p2a: Tyranitar|atk|1\n|-unboost|p2b: Incineroar|atk|1\n|switch|p1a: tkc|Gardevoir, L50, F, shiny|100/100\n|switch|p2b: Gengar|Gengar-Mega, L50, F|100/100\n|move|p2a: Tyranitar|Rock Slide|p1b: zeronos|[spread] p1b\n|-miss|p2a: Tyranitar|p1a: tkc\n|-resisted|p1b: zeronos|1\n|-damage|p1b: zeronos|90/100\n|\n|-weather|Sandstorm|[upkeep]\n|-damage|p1b: zeronos|84/100|[from] Sandstorm\n|-damage|p1a: tkc|95/100|[from] Sandstorm\n|-damage|p2b: Gengar|94/100|[from] Sandstorm\n|upkeep\n|turn|5\n|inactive|chloeLUVR has 30 seconds left.\n|\n|t:|1776385048\n|switch|p2a: Incineroar|Incineroar, L50, F|70/100\n|-ability|p2a: Incineroar|Intimidate|boost\n|-unboost|p1a: tkc|atk|1\n|-unboost|p1b: zeronos|atk|1\n|detailschange|p1a: tkc|Gardevoir-Mega, L50, F, shiny\n|-mega|p1a: tkc|Gardevoir|Gardevoirite\n|move|p2b: Gengar|Protect|p2b: Gengar\n|-singleturn|p2b: Gengar|Protect\n|move|p1b: zeronos|Aqua Jet|p2b: Gengar\n|-activate|p2b: Gengar|move: Protect\n|move|p1a: tkc|Psyshock|p2b: Gengar\n|-activate|p2b: Gengar|move: Protect\n|\n|-weather|Sandstorm|[upkeep]\n|-damage|p1a: tkc|89/100|[from] Sandstorm\n|-damage|p1b: zeronos|78/100|[from] Sandstorm\n|-damage|p2b: Gengar|88/100|[from] Sandstorm\n|-damage|p2a: Incineroar|64/100|[from] Sandstorm\n|-sideend|p1: chloeLUVR|move: Tailwind\n|upkeep\n|turn|6\n|inactive|chloeLUVR has 30 seconds left.\n|\n|t:|1776385074\n|move|p2a: Incineroar|Fake Out|p1a: tkc\n|-crit|p1a: tkc\n|-damage|p1a: tkc|68/100\n|move|p2b: Gengar|Perish Song|p2b: Gengar\n|-start|p1a: tkc|perish3|[silent]\n|-start|p1b: zeronos|perish3|[silent]\n|-start|p2a: Incineroar|perish3|[silent]\n|-start|p2b: Gengar|perish3|[silent]\n|-fieldactivate|move: Perish Song\n|cant|p1a: tkc|flinch\n|move|p1b: zeronos|Close Combat|p2a: Incineroar\n|-supereffective|p2a: Incineroar|1\n|-damage|p2a: Incineroar|18/100\n|-unboost|p1b: zeronos|def|1\n|-unboost|p1b: zeronos|spd|1\n|\n|-weather|Sandstorm|[upkeep]\n|-damage|p2b: Gengar|82/100|[from] Sandstorm\n|-damage|p1a: tkc|63/100|[from] Sandstorm\n|-damage|p1b: zeronos|72/100|[from] Sandstorm\n|-damage|p2a: Incineroar|12/100|[from] Sandstorm\n|-start|p2b: Gengar|perish3\n|-start|p1a: tkc|perish3\n|-start|p1b: zeronos|perish3\n|-start|p2a: Incineroar|perish3\n|upkeep\n|turn|7\n|\n|t:|1776385099\n|move|p2b: Gengar|Protect|p2b: Gengar\n|-singleturn|p2b: Gengar|Protect\n|move|p2a: Incineroar|Protect|p2a: Incineroar\n|-singleturn|p2a: Incineroar|Protect\n|move|p1b: zeronos|Aqua Jet|p2a: Incineroar\n|-activate|p2a: Incineroar|move: Protect\n|move|p1a: tkc|Calm Mind|p1a: tkc\n|-boost|p1a: tkc|spa|1\n|-boost|p1a: tkc|spd|1\n|\n|-weather|none\n|-start|p2b: Gengar|perish2\n|-start|p1a: tkc|perish2\n|-start|p1b: zeronos|perish2\n|-start|p2a: Incineroar|perish2\n|upkeep\n|turn|8\n|inactive|Missed Ledgedash has 30 seconds left.\n|\n|t:|1776385129\n|switch|p2b: Tyranitar|Tyranitar, L50, M|62/100\n|-weather|Sandstorm|[from] ability: Sand Stream|[of] p2b: Tyranitar\n|move|p1a: tkc|Psyshock|p2b: Tyranitar\n|-immune|p2b: Tyranitar\n|move|p1b: zeronos|Wave Crash|p2b: Tyranitar\n|-supereffective|p2b: Tyranitar|1\n|-damage|p2b: Tyranitar|0 fnt\n|faint|p2b: Tyranitar\n|-damage|p1b: zeronos|49/100|[from] Recoil\n|move|p2a: Incineroar|Parting Shot|p1b: zeronos\n|-unboost|p1b: zeronos|atk|1\n|-unboost|p1b: zeronos|spa|1\n|\n|t:|1776385145\n|switch|p2a: Gengar|Gengar-Mega, L50, F|82/100|[from] Parting Shot\n|\n|-weather|Sandstorm|[upkeep]\n|-damage|p2a: Gengar|76/100|[from] Sandstorm\n|-damage|p1a: tkc|57/100|[from] Sandstorm\n|-damage|p1b: zeronos|42/100|[from] Sandstorm\n|-start|p1a: tkc|perish1\n|-start|p1b: zeronos|perish1\n|upkeep\n|\n|t:|1776385150\n|switch|p2b: Excadrill|Excadrill, L50, F|100/100\n|turn|9\n|\n|t:|1776385166\n|move|p2b: Excadrill|Protect|p2b: Excadrill\n|-singleturn|p2b: Excadrill|Protect\n|move|p2a: Gengar|Protect|p2a: Gengar\n|-singleturn|p2a: Gengar|Protect\n|move|p1a: tkc|Psyshock|p2b: Excadrill\n|-activate|p2b: Excadrill|move: Protect\n|move|p1b: zeronos|Close Combat|p2b: Excadrill\n|-activate|p2b: Excadrill|move: Protect\n|\n|-weather|Sandstorm|[upkeep]\n|-damage|p2a: Gengar|70/100|[from] Sandstorm\n|-damage|p1a: tkc|51/100|[from] Sandstorm\n|-damage|p1b: zeronos|36/100|[from] Sandstorm\n|-start|p1a: tkc|perish0\n|-start|p1b: zeronos|perish0\n|faint|p1a: tkc\n|faint|p1b: zeronos\n|upkeep\n|\n|t:|1776385186\n|switch|p1a: fork|Aegislash, L50, M, shiny|100/100\n|switch|p1b: flight|Aerodactyl, L50, F|100/100\n|-ability|p1b: flight|Unnerve\n|turn|10\n|inactive|chloeLUVR has 30 seconds left.\n|\n|t:|1776385215\n|move|p2b: Excadrill|Iron Head|p1b: flight\n|-supereffective|p1b: flight|1\n|-enditem|p1b: flight|Focus Sash\n|-damage|p1b: flight|1/100\n|move|p1b: flight|Tailwind|p1b: flight\n|-sidestart|p1: chloeLUVR|move: Tailwind\n|-formechange|p1a: fork|Aegislash-Blade|\n|move|p1a: fork|Poltergeist|p2a: Gengar\n|-activate|p2a: Gengar|move: Poltergeist|Gengarite\n|-supereffective|p2a: Gengar|1\n|-damage|p2a: Gengar|0 fnt\n|faint|p2a: Gengar\n|\n|-weather|Sandstorm|[upkeep]\n|upkeep\n|\n|t:|1776385225\n|switch|p2a: Incineroar|Incineroar, L50, F|12/100\n|-ability|p2a: Incineroar|Intimidate|boost\n|-unboost|p1a: fork|atk|1\n|-unboost|p1b: flight|atk|1\n|turn|11\n|\n|t:|1776385233\n|move|p1b: flight|Protect|p1b: flight\n|-singleturn|p1b: flight|Protect\n|-formechange|p1a: fork|Aegislash|\n|move|p1a: fork|King's Shield|p1a: fork\n|-singleturn|p1a: fork|Protect\n|move|p2a: Incineroar|Fake Out|p1b: flight\n|-activate|p1b: flight|move: Protect\n|move|p2b: Excadrill|Rock Slide|p1a: fork|[spread] \n|-activate|p1a: fork|move: Protect\n|-activate|p1b: flight|move: Protect\n|\n|-weather|Sandstorm|[upkeep]\n|-damage|p2a: Incineroar|6/100|[from] Sandstorm\n|upkeep\n|turn|12\n|\n|t:|1776385254\n|move|p2a: Incineroar|Protect|p2a: Incineroar\n|-singleturn|p2a: Incineroar|Protect\n|move|p1b: flight|Rock Slide|p2b: Excadrill|[spread] p2b\n|-activate|p2a: Incineroar|move: Protect\n|-resisted|p2b: Excadrill|2\n|-damage|p2b: Excadrill|95/100\n|move|p2b: Excadrill|Rock Slide|p1b: flight|[spread] p1a,p1b\n|-resisted|p1a: fork|1\n|-supereffective|p1b: flight|1\n|-damage|p1a: fork|93/100\n|-damage|p1b: flight|0 fnt\n|faint|p1b: flight\n|-formechange|p1a: fork|Aegislash-Blade|\n|move|p1a: fork|Poltergeist|p2b: Excadrill\n|-activate|p2b: Excadrill|move: Poltergeist|Focus Sash\n|-damage|p2b: Excadrill|30/100\n|\n|-weather|none\n|upkeep\n|turn|13\n|inactive|chloeLUVR has 30 seconds left.\n|inactive|chloeLUVR has 20 seconds left.\n|inactive|chloeLUVR has 15 seconds left.\n|\n|t:|1776385296\n|move|p2b: Excadrill|Protect|p2b: Excadrill\n|-singleturn|p2b: Excadrill|Protect\n|move|p2a: Incineroar|Protect|p2a: Incineroar\n|-singleturn|p2a: Incineroar|Protect\n|move|p1a: fork|Shadow Sneak|p2a: Incineroar\n|-activate|p2a: Incineroar|move: Protect\n|\n|-sideend|p1: chloeLUVR|move: Tailwind\n|upkeep\n|turn|14\n|\n|t:|1776385309\n|-formechange|p1a: fork|Aegislash|\n|move|p1a: fork|King's Shield|p1a: fork\n|-singleturn|p1a: fork|Protect\n|move|p2b: Excadrill|High Horsepower|p1a: fork\n|-activate|p1a: fork|move: Protect\n|-unboost|p2b: Excadrill|atk|1\n|move|p2a: Incineroar|Throat Chop|p1a: fork\n|-activate|p1a: fork|move: Protect\n|-unboost|p2a: Incineroar|atk|1\n|\n|upkeep\n|turn|15\n|\n|t:|1776385328\n|move|p2b: Excadrill|High Horsepower|p1a: fork\n|-supereffective|p1a: fork|1\n|-damage|p1a: fork|35/100\n|-formechange|p1a: fork|Aegislash-Blade|\n|move|p1a: fork|Poltergeist|p2b: Excadrill\n|-activate|p2b: Excadrill|move: Poltergeist|Focus Sash\n|-damage|p2b: Excadrill|0 fnt\n|faint|p2b: Excadrill\n|move|p2a: Incineroar|Throat Chop|p1a: fork\n|-supereffective|p1a: fork|1\n|-damage|p1a: fork|0 fnt\n|faint|p1a: fork\n|\n|win|Missed Ledgedash\n|raw|chloeLUVR's rating: 1116 &rarr; <strong>1097</strong><br />(-19 for losing)\n|raw|Missed Ledgedash's rating: 1195 &rarr; <strong>1214</strong><br />(+19 for winning)\n",
  "uploadtime": 1776385328,
  "views": 17,
  "formatid": "gen9championsvgc2026regma",
  "rating": 1097,
  "private": 0,
  "password": null
}