{
  "id": "gen9championsvgc2026regma-2582963596",
  "format": "[Gen 9 Champions] VGC 2026 Reg M-A",
  "players": [
    "OneRandomMawile",
    "Jaywal"
  ],
  "log": "|j|\u2606OneRandomMawile\n|j|\u2606Jaywal\n|t:|1776128936\n|gametype|doubles\n|player|p1|OneRandomMawile|miku-water|\n|player|p2|Jaywal|plasmagrunt|\n|gen|9\n|tier|[Gen 9 Champions] VGC 2026 Reg M-A\n|rule|Species Clause: Limit one of each Pok\u00e9mon\n|rule|Item Clause: Limit 1 of each item\n|clearpoke\n|poke|p1|Crabominable, L50, F|\n|poke|p1|Sinistcha-Masterpiece, L50|\n|poke|p1|Incineroar, L50, M|\n|poke|p1|Archaludon, L50, M|\n|poke|p1|Basculegion, L50, M|\n|poke|p1|Pelipper, L50, M|\n|poke|p2|Meowscarada, L50, M|\n|poke|p2|Ceruledge, L50, F|\n|poke|p2|Froslass, L50, F|\n|poke|p2|Rotom-Wash, L50|\n|poke|p2|Sylveon, L50, M|\n|poke|p2|Zoroark-Hisui, L50, M|\n|teampreview|4\n|j| NeoNecrozma504\n|c| NeoNecrozma504|can i get a :3 in chat for those who can\n|c|\u2606OneRandomMawile|:3\n|\n|t:|1776128987\n|teamsize|p1|4\n|teamsize|p2|4\n|start\n|switch|p1a: Jungle Inferno|Crabominable, L50, F|100/100\n|switch|p1b: Wicker|Sinistcha-Masterpiece, L50|100/100\n|switch|p2a: Trix|Meowscarada, L50, M|100/100\n|switch|p2b: Blake|Froslass, L50, F|100/100\n|turn|1\n|\n|t:|1776129041\n|move|p1b: Wicker|Protect|p1b: Wicker\n|-singleturn|p1b: Wicker|Protect\n|move|p2a: Trix|Flower Trick|p1a: Jungle Inferno\n|-crit|p1a: Jungle Inferno\n|-damage|p1a: Jungle Inferno|52/100\n|move|p2b: Blake|Icy Wind|p1b: Wicker|[spread] p1a\n|-activate|p1b: Wicker|move: Protect\n|-resisted|p1a: Jungle Inferno|1\n|-damage|p1a: Jungle Inferno|45/100\n|-unboost|p1a: Jungle Inferno|spe|1\n|move|p1a: Jungle Inferno|Ice Hammer|p2a: Trix\n|-supereffective|p2a: Trix|1\n|-damage|p2a: Trix|0 fnt\n|-unboost|p1a: Jungle Inferno|spe|1\n|faint|p2a: Trix\n|\n|upkeep\n|\n|t:|1776129056\n|switch|p2a: Blade|Ceruledge, L50, F|100/100\n|turn|2\n|\n|t:|1776129106\n|switch|p1b: Lippa|Pelipper, L50, M|100/100\n|-weather|RainDance|[from] ability: Drizzle|[of] p1b: Lippa\n|detailschange|p1a: Jungle Inferno|Crabominable-Mega, L50, F\n|-mega|p1a: Jungle Inferno|Crabominable|Crabominite\n|move|p2b: Blake|Bitter Malice|p1b: Lippa\n|-damage|p1b: Lippa|39/100\n|-unboost|p1b: Lippa|atk|1\n|move|p2a: Blade|Bitter Blade|p1a: Jungle Inferno\n|-supereffective|p1a: Jungle Inferno|1\n|-damage|p1a: Jungle Inferno|9/100\n|move|p1a: Jungle Inferno|Ice Hammer|p2b: Blake\n|-enditem|p2b: Blake|Focus Sash\n|-damage|p2b: Blake|1/100\n|-unboost|p1a: Jungle Inferno|spe|1\n|replace|p2b: Lyre|Zoroark-Hisui, L50, M\n|-end|p2b: Lyre|Illusion\n|\n|-weather|RainDance|[upkeep]\n|upkeep\n|turn|3\n|\n|t:|1776129165\n|move|p1a: Jungle Inferno|Protect|p1a: Jungle Inferno\n|-singleturn|p1a: Jungle Inferno|Protect\n|move|p2a: Blade|Shadow Sneak|p1a: Jungle Inferno\n|-activate|p1a: Jungle Inferno|move: Protect\n|move|p2b: Lyre|Bitter Malice|p1b: Lippa\n|-damage|p1b: Lippa|0 fnt\n|faint|p1b: Lippa\n|\n|-weather|RainDance|[upkeep]\n|upkeep\n|\n|t:|1776129181\n|switch|p1b: Tactical Fish|Basculegion, L50, M|100/100\n|turn|4\n|\n|t:|1776129208\n|move|p2a: Blade|Shadow Sneak|p1b: Tactical Fish\n|-supereffective|p1b: Tactical Fish|1\n|-damage|p1b: Tactical Fish|51/100\n|move|p1b: Tactical Fish|Flip Turn|p2a: Blade\n|-supereffective|p2a: Blade|1\n|-damage|p2a: Blade|0 fnt\n|faint|p2a: Blade\n|\n|t:|1776129214\n|switch|p1b: Wicker|Sinistcha-Masterpiece, L50|100/100|[from] Flip Turn\n|-heal|p1a: Jungle Inferno|34/100|[from] ability: Hospitality|[of] p1b: Wicker\n|move|p2b: Lyre|Icy Wind|p1b: Wicker|[spread] p1a,p1b\n|-resisted|p1a: Jungle Inferno|1\n|-supereffective|p1b: Wicker|1\n|-damage|p1a: Jungle Inferno|29/100\n|-damage|p1b: Wicker|70/100\n|-unboost|p1a: Jungle Inferno|spe|1\n|-unboost|p1b: Wicker|spe|1\n|move|p1a: Jungle Inferno|Ice Hammer|p2b: Lyre\n|-damage|p2b: Lyre|0 fnt\n|-unboost|p1a: Jungle Inferno|spe|1\n|faint|p2b: Lyre\n|\n|-weather|RainDance|[upkeep]\n|upkeep\n|\n|t:|1776129235\n|switch|p2b: Blake|Froslass, L50, F|100/100\n|turn|5\n|\n|t:|1776129252\n|detailschange|p2b: Blake|Froslass-Mega, L50, F\n|-mega|p2b: Blake|Froslass|Froslassite\n|-weather|Snowscape|[from] ability: Snow Warning|[of] p2b: Blake\n|move|p2b: Blake|Blizzard|p1b: Wicker|[spread] p1a,p1b\n|-resisted|p1a: Jungle Inferno|1\n|-supereffective|p1b: Wicker|1\n|-damage|p1a: Jungle Inferno|13/100\n|-damage|p1b: Wicker|0 fnt\n|faint|p1b: Wicker\n|move|p1a: Jungle Inferno|Ice Hammer|p2b: Blake\n|-resisted|p2b: Blake|1\n|-damage|p2b: Blake|58/100\n|-unboost|p1a: Jungle Inferno|spe|1\n|\n|-weather|Snowscape|[upkeep]\n|upkeep\n|\n|t:|1776129263\n|switch|p1b: Tactical Fish|Basculegion, L50, M|51/100\n|turn|6\n|\n|t:|1776129276\n|move|p1b: Tactical Fish|Last Respects|p2b: Blake\n|-supereffective|p2b: Blake|1\n|-damage|p2b: Blake|0 fnt\n|faint|p2b: Blake\n|\n|win|OneRandomMawile\n|l|\u2606Jaywal\n|player|p2|\n",
  "uploadtime": 1776129298,
  "views": 13,
  "formatid": "gen9championsvgc2026regma",
  "rating": null,
  "private": 0,
  "password": null
}