{
  "id": "gen9championsvgc2026regma-2588384094",
  "format": "[Gen 9 Champions] VGC 2026 Reg M-A",
  "players": [
    "CavaloGD08",
    "er cielo"
  ],
  "log": "|j|\u2606CavaloGD08\n|j|\u2606er cielo\n|t:|1776629000\n|gametype|doubles\n|player|p1|CavaloGD08|266|1234\n|player|p2|er cielo|1|1167\n|gen|9\n|tier|[Gen 9 Champions] VGC 2026 Reg M-A\n|rated|\n|rule|Species Clause: Limit one of each Pok\u00e9mon\n|rule|Item Clause: Limit 1 of each item\n|clearpoke\n|poke|p1|Scovillain, L50, M|\n|poke|p1|Oranguru, L50, M|\n|poke|p1|Sinistcha, L50|\n|poke|p1|Camerupt, L50, M|\n|poke|p1|Sneasler, L50, F|\n|poke|p1|Azumarill, L50, F|\n|poke|p2|Charizard, L50, M|\n|poke|p2|Typhlosion-Hisui, L50, M|\n|poke|p2|Sneasler, L50, F|\n|poke|p2|Basculegion, L50, M|\n|poke|p2|Venusaur, L50, F|\n|poke|p2|Garchomp, L50, M|\n|teampreview|4\n|inactive|Battle timer is ON: inactive players will automatically lose when time's up. (requested by CavaloGD08)\n|\n|t:|1776629020\n|teamsize|p1|4\n|teamsize|p2|4\n|start\n|switch|p1a: Sneasler|Sneasler, L50, F|100/100\n|switch|p1b: Oranguru|Oranguru, L50, M|100/100\n|switch|p2a: Charizard|Charizard, L50, M|100/100\n|switch|p2b: Venusaur|Venusaur, L50, F|100/100\n|turn|1\n|\n|t:|1776629040\n|detailschange|p2a: Charizard|Charizard-Mega-Y, L50, M\n|-mega|p2a: Charizard|Charizard|Charizardite Y\n|-weather|SunnyDay|[from] ability: Drought|[of] p2a: Charizard\n|move|p1a: Sneasler|Fake Out|p2a: Charizard\n|-damage|p2a: Charizard|79/100\n|move|p2b: Venusaur|Sleep Powder|p1b: Oranguru\n|-status|p1b: Oranguru|slp|[from] move: Sleep Powder\n|cant|p2a: Charizard|flinch\n|cant|p1b: Oranguru|slp\n|\n|-weather|SunnyDay|[upkeep]\n|upkeep\n|turn|2\n|\n|t:|1776629057\n|switch|p1a: Camerupt|Camerupt, L50, M|100/100\n|move|p2b: Venusaur|Earth Power|p1a: Camerupt\n|-supereffective|p1a: Camerupt|1\n|-damage|p1a: Camerupt|45/100\n|move|p2a: Charizard|Heat Wave|p1a: Camerupt|[spread] p1a\n|-miss|p2a: Charizard|p1b: Oranguru\n|-resisted|p1a: Camerupt|1\n|-damage|p1a: Camerupt|8/100\n|cant|p1b: Oranguru|slp\n|\n|-weather|SunnyDay|[upkeep]\n|upkeep\n|turn|3\n|\n|t:|1776629074\n|move|p1a: Camerupt|Protect|p1a: Camerupt\n|-singleturn|p1a: Camerupt|Protect\n|move|p2b: Venusaur|Earth Power|p1a: Camerupt\n|-activate|p1a: Camerupt|move: Protect\n|move|p2a: Charizard|Overheat|p1b: Oranguru\n|-damage|p1b: Oranguru|11/100 slp\n|-unboost|p2a: Charizard|spa|2\n|-curestatus|p1b: Oranguru|slp|[msg]\n|move|p1b: Oranguru|Trick Room|p1b: Oranguru\n|-fieldstart|move: Trick Room|[of] p1b: Oranguru\n|\n|-weather|SunnyDay|[upkeep]\n|upkeep\n|turn|4\n|n|!er cielo|ercielo\n|inactive|er cielo has 30 seconds left.\n|\n|t:|1776629107\n|switch|p1b: Sinistcha|Sinistcha, L50|100/100\n|-heal|p1a: Camerupt|33/100|[from] ability: Hospitality|[of] p1b: Sinistcha\n|detailschange|p1a: Camerupt|Camerupt-Mega, L50, M\n|-mega|p1a: Camerupt|Camerupt|Cameruptite\n|move|p2a: Charizard|Protect|p2a: Charizard\n|-singleturn|p2a: Charizard|Protect\n|move|p1a: Camerupt|Eruption|p2a: Charizard|[spread] p2b\n|-activate|p2a: Charizard|move: Protect\n|-supereffective|p2b: Venusaur|1\n|-damage|p2b: Venusaur|20/100\n|move|p2b: Venusaur|Earth Power|p1a: Camerupt\n|-supereffective|p1a: Camerupt|1\n|-damage|p1a: Camerupt|0 fnt\n|faint|p1a: Camerupt\n|\n|-weather|SunnyDay|[upkeep]\n|-heal|p2b: Venusaur|26/100|[from] item: Leftovers\n|upkeep\n|\n|t:|1776629120\n|switch|p1a: Oranguru|Oranguru, L50, M|11/100\n|turn|5\n|\n|t:|1776629134\n|move|p2b: Venusaur|Protect|p2b: Venusaur\n|-singleturn|p2b: Venusaur|Protect\n|move|p1a: Oranguru|Psychic|p2b: Venusaur\n|-activate|p2b: Venusaur|move: Protect\n|move|p1b: Sinistcha|Life Dew||[still]|[spread] p1a,p1b\n|-heal|p1a: Oranguru|36/100\n|-fail|p1b: Sinistcha|heal\n|move|p2a: Charizard|Heat Wave|p1a: Oranguru|[spread] p1a,p1b\n|-supereffective|p1b: Sinistcha|1\n|-damage|p1a: Oranguru|12/100\n|-damage|p1b: Sinistcha|37/100\n|\n|-weather|none\n|-heal|p1b: Sinistcha|43/100|[from] item: Leftovers\n|-heal|p2b: Venusaur|32/100|[from] item: Leftovers\n|upkeep\n|turn|6\n|\n|t:|1776629154\n|switch|p2b: Basculegion|Basculegion, L50, M|100/100\n|move|p1a: Oranguru|Psychic|p2b: Basculegion\n|-damage|p2b: Basculegion|71/100\n|-unboost|p2b: Basculegion|spd|1\n|move|p1b: Sinistcha|Strength Sap|p2a: Charizard\n|-unboost|p2a: Charizard|atk|1\n|-heal|p1b: Sinistcha|100/100\n|move|p2a: Charizard|Heat Wave|p1b: Sinistcha|[spread] p1b\n|-miss|p2a: Charizard|p1a: Oranguru\n|-supereffective|p1b: Sinistcha|1\n|-damage|p1b: Sinistcha|58/100\n|\n|-heal|p1b: Sinistcha|64/100|[from] item: Leftovers\n|upkeep\n|turn|7\n|\n|t:|1776629174\n|switch|p2a: Sneasler|Sneasler, L50, F|100/100\n|move|p2b: Basculegion|Aqua Jet|p1a: Oranguru\n|-damage|p1a: Oranguru|0 fnt\n|faint|p1a: Oranguru\n|move|p1b: Sinistcha|Matcha Gotcha|p2b: Basculegion|[spread] p2a,p2b\n|-resisted|p2a: Sneasler|1\n|-supereffective|p2b: Basculegion|1\n|-damage|p2a: Sneasler|84/100\n|-heal|p1b: Sinistcha|73/100|[from] drain|[of] p2a: Sneasler\n|-damage|p2b: Basculegion|0 fnt\n|-heal|p1b: Sinistcha|100/100|[from] drain|[of] p2b: Basculegion\n|faint|p2b: Basculegion\n|\n|-fieldend|move: Trick Room\n|upkeep\n|-message|CavaloGD08 forfeited.\n|\n|win|er cielo\n",
  "uploadtime": 1776629092,
  "views": 7,
  "formatid": "gen9championsvgc2026regma",
  "rating": null,
  "private": 0,
  "password": null
}