{
  "id": "gen9championsvgc2026regma-2587789382",
  "format": "[Gen 9 Champions] VGC 2026 Reg M-A",
  "players": [
    "coberdt",
    "bodeylee"
  ],
  "log": "|j|\u2606coberdt\n|j|\u2606bodeylee\n|t:|1776564184\n|gametype|doubles\n|player|p1|coberdt|lebanne|1314\n|player|p2|bodeylee|102|1223\n|gen|9\n|tier|[Gen 9 Champions] VGC 2026 Reg M-A\n|rated|\n|rule|Species Clause: Limit one of each Pok\u00e9mon\n|rule|Item Clause: Limit 1 of each item\n|clearpoke\n|poke|p1|Archaludon, L50, M|\n|poke|p1|Pelipper, L50, F|\n|poke|p1|Basculegion, L50, M|\n|poke|p1|Incineroar, L50, M|\n|poke|p1|Sneasler, L50, F|\n|poke|p1|Gengar, L50, F|\n|poke|p2|Meganium, L50, F|\n|poke|p2|Charizard, L50, M|\n|poke|p2|Whimsicott, L50, M|\n|poke|p2|Hydreigon, L50, F|\n|poke|p2|Typhlosion-Hisui, L50, M|\n|poke|p2|Mudsdale, L50, F|\n|teampreview|4\ncoberdt has agreed to open team sheets.\n|inactive|Battle timer is ON: inactive players will automatically lose when time's up. (requested by coberdt)\n|\n|t:|1776564209\n|teamsize|p1|4\n|teamsize|p2|4\n|start\n|switch|p1a: Gengar|Gengar, L50, F|100/100\n|switch|p1b: Basculegion|Basculegion, L50, M|100/100\n|switch|p2a: Mudsdale|Mudsdale, L50, F|100/100\n|switch|p2b: Meganium|Meganium, L50, F|100/100\n|turn|1\n|\n|t:|1776564230\n|move|p1a: Gengar|Protect|p1a: Gengar\n|-singleturn|p1a: Gengar|Protect\n|move|p2b: Meganium|Protect|p2b: Meganium\n|-singleturn|p2b: Meganium|Protect\n|move|p1b: Basculegion|Flip Turn|p2a: Mudsdale\n|-supereffective|p2a: Mudsdale|1\n|-damage|p2a: Mudsdale|56/100\n|-ability|p2a: Mudsdale|Stamina|boost\n|-boost|p2a: Mudsdale|def|1\n|\n|t:|1776564238\n|switch|p1b: Pelipper|Pelipper, L50, F|100/100|[from] Flip Turn\n|-weather|RainDance|[from] ability: Drizzle|[of] p1b: Pelipper\n|move|p2a: Mudsdale|Earthquake|p1a: Gengar|[spread] \n|-activate|p2b: Meganium|move: Protect\n|-activate|p1a: Gengar|move: Protect\n|-immune|p1b: Pelipper\n|\n|-weather|RainDance|[upkeep]\n|-heal|p2a: Mudsdale|62/100|[from] item: Leftovers\n|upkeep\n|turn|2\n|inactive|bodeylee has 30 seconds left.\n|\n|t:|1776564266\n|switch|p2a: Hydreigon|Hydreigon, L50, F|100/100\n|detailschange|p1a: Gengar|Gengar-Mega, L50, F\n|-mega|p1a: Gengar|Gengar|Gengarite\n|move|p1a: Gengar|Sludge Bomb|p2b: Meganium\n|-supereffective|p2b: Meganium|1\n|-damage|p2b: Meganium|8/100\n|move|p1b: Pelipper|Weather Ball|p2a: Hydreigon\n|-resisted|p2a: Hydreigon|1\n|-damage|p2a: Hydreigon|66/100\n|move|p2b: Meganium|Weather Ball|p1a: Gengar\n|-damage|p1a: Gengar|49/100\n|\n|-weather|RainDance|[upkeep]\n|upkeep\n|turn|3\n|inactive|coberdt has 30 seconds left.\n|inactive|bodeylee has 30 seconds left.\n|\n|t:|1776564296\n|move|p2a: Hydreigon|Dark Pulse|p1a: Gengar\n|-supereffective|p1a: Gengar|1\n|-damage|p1a: Gengar|0 fnt\n|faint|p1a: Gengar\n|move|p1b: Pelipper|Tailwind|p1b: Pelipper\n|-sidestart|p1: coberdt|move: Tailwind\n|move|p2b: Meganium|Leech Seed|p1b: Pelipper\n|-start|p1b: Pelipper|move: Leech Seed\n|\n|-weather|RainDance|[upkeep]\n|-damage|p1b: Pelipper|88/100|[from] Leech Seed|[of] p2b: Meganium\n|-heal|p2b: Meganium|18/100|[silent]\n|upkeep\n|\n|t:|1776564304\n|switch|p1a: Archaludon|Archaludon, L50, M|100/100\n|turn|4\n|\n|t:|1776564316\n|move|p2b: Meganium|Protect|p2b: Meganium\n|-singleturn|p2b: Meganium|Protect\n|move|p1b: Pelipper|Hurricane|p2b: Meganium\n|-activate|p2b: Meganium|move: Protect\n|move|p2a: Hydreigon|Dark Pulse|p1b: Pelipper\n|-damage|p1b: Pelipper|4/100\n|move|p1a: Archaludon|Dragon Pulse|p2a: Hydreigon\n|-supereffective|p2a: Hydreigon|1\n|-damage|p2a: Hydreigon|0 fnt\n|faint|p2a: Hydreigon\n|\n|-weather|RainDance|[upkeep]\n|-damage|p1b: Pelipper|0 fnt|[from] Leech Seed|[of] p2b: Meganium\n|-heal|p2b: Meganium|22/100|[silent]\n|faint|p1b: Pelipper\n|upkeep\n|\n|t:|1776564333\n|switch|p2a: Charizard|Charizard, L50, M|100/100\n|switch|p1b: Basculegion|Basculegion, L50, M|100/100\n|turn|5\n|\n|t:|1776564351\n|detailschange|p2a: Charizard|Charizard-Mega-Y, L50, M\n|-mega|p2a: Charizard|Charizard|Charizardite Y\n|-weather|SunnyDay|[from] ability: Drought|[of] p2a: Charizard\n|move|p1b: Basculegion|Last Respects|p2a: Charizard\n|-damage|p2a: Charizard|0 fnt\n|faint|p2a: Charizard\n|move|p1a: Archaludon|Dragon Pulse|p2b: Meganium\n|-damage|p2b: Meganium|0 fnt\n|faint|p2b: Meganium\n|\n|-weather|SunnyDay|[upkeep]\n|upkeep\n|\n|t:|1776564367\n|switch|p2b: Mudsdale|Mudsdale, L50, F|62/100\n|turn|6\n|\n|t:|1776564372\n|move|p1b: Basculegion|Last Respects|p2b: Mudsdale\n|-damage|p2b: Mudsdale|0 fnt\n|faint|p2b: Mudsdale\n|\n|win|coberdt\n|raw|coberdt's rating: 1314 &rarr; <strong>1329</strong><br />(+15 for winning)\n|raw|bodeylee's rating: 1223 &rarr; <strong>1204</strong><br />(-19 for losing)\n|l|\u2606bodeylee\n|player|p2|\n",
  "uploadtime": 1776564377,
  "views": 78,
  "formatid": "gen9championsvgc2026regma",
  "rating": 1204,
  "private": 0,
  "password": null
}