{
  "id": "gen9championsvgc2026regma-2588337672",
  "format": "[Gen 9 Champions] VGC 2026 Reg M-A",
  "players": [
    "Maxizard4",
    "sam sulek fanpage"
  ],
  "log": "|j|\u2606Maxizard4\n|j|\u2606sam sulek fanpage\n|t:|1776625252\n|gametype|doubles\n|player|p1|Maxizard4|falkner|1216\n|player|p2|sam sulek fanpage|unknown|1234\n|gen|9\n|tier|[Gen 9 Champions] VGC 2026 Reg M-A\n|rated|\n|rule|Species Clause: Limit one of each Pok\u00e9mon\n|rule|Item Clause: Limit 1 of each item\n|clearpoke\n|poke|p1|Gengar, L50, F|\n|poke|p1|Ninetales-Alola, L50, F|\n|poke|p1|Incineroar, L50, M|\n|poke|p1|Farigiraf, L50, M|\n|poke|p1|Aerodactyl, L50, F|\n|poke|p1|Basculegion, L50, M|\n|poke|p2|Floette-Eternal, L50, F|\n|poke|p2|Sneasler, L50, M|\n|poke|p2|Basculegion, L50, M|\n|poke|p2|Garchomp, L50, M|\n|poke|p2|Maushold, L50|\n|poke|p2|Aerodactyl, L50, M|\n|teampreview|4\n|\n|t:|1776625305\n|teamsize|p1|4\n|teamsize|p2|4\n|start\n|switch|p1a: Aerodactyl|Aerodactyl, L50, F|100/100\n|switch|p1b: Farigiraf|Farigiraf, L50, M|100/100\n|switch|p2a: Garchomp|Garchomp, L50, M|100/100\n|switch|p2b: Maushold|Maushold, L50|100/100\n|-ability|p1a: Aerodactyl|Unnerve\n|turn|1\n|\n|t:|1776625325\n|move|p1a: Aerodactyl|Tailwind|p1a: Aerodactyl\n|-sidestart|p1: Maxizard4|move: Tailwind\n|move|p2a: Garchomp|Rock Slide|p1a: Aerodactyl|[spread] p1a,p1b\n|-supereffective|p1a: Aerodactyl|1\n|-damage|p1a: Aerodactyl|43/100\n|-damage|p1b: Farigiraf|81/100\n|move|p2b: Maushold|Taunt|p1b: Farigiraf\n|-start|p1b: Farigiraf|move: Taunt\n|cant|p1b: Farigiraf|flinch\n|\n|upkeep\n|turn|2\n|c|\u2606sam sulek fanpage|crazy lead lol\n|\n|t:|1776625361\n|move|p2b: Maushold|Follow Me|p2b: Maushold\n|-singleturn|p2b: Maushold|move: Follow Me\n|move|p1a: Aerodactyl|Rock Slide|p2b: Maushold|[spread] p2a,p2b\n|-resisted|p2a: Garchomp|1\n|-damage|p2a: Garchomp|91/100\n|-damage|p2b: Maushold|69/100\n|move|p2a: Garchomp|Rock Slide|p1b: Farigiraf|[spread] p1a,p1b\n|-supereffective|p1a: Aerodactyl|1\n|-damage|p1a: Aerodactyl|0 fnt\n|-damage|p1b: Farigiraf|64/100\n|faint|p1a: Aerodactyl\n|move|p1b: Farigiraf|Psychic|p2b: Maushold\n|-damage|p2b: Maushold|11/100\n|\n|upkeep\n|c|\u2606Maxizard4|flinch was tuff\n|\n|t:|1776625372\n|switch|p1a: Ninetales|Ninetales-Alola, L50, F|100/100\n|-weather|Snowscape|[from] ability: Snow Warning|[of] p1a: Ninetales\n|turn|3\n|c|\u2606sam sulek fanpage|what were u gonna use turn 1? on farig\n|c|\u2606Maxizard4|psychic\n|c|\u2606Maxizard4|woulda got that maus damage a turn earlier\n|\n|t:|1776625410\n|switch|p2a: Basculegion|Basculegion, L50, M|100/100\n|switch|p1b: Basculegion|Basculegion, L50, M|100/100\n|move|p2b: Maushold|Protect|p2b: Maushold\n|-singleturn|p2b: Maushold|Protect\n|move|p1a: Ninetales|Blizzard|p2b: Maushold|[spread] p2a\n|-activate|p2b: Maushold|move: Protect\n|-resisted|p2a: Basculegion|1\n|-damage|p2a: Basculegion|88/100\n|\n|-weather|Snowscape|[upkeep]\n|upkeep\n|turn|4\n|\n|t:|1776625439\n|move|p2b: Maushold|Follow Me|p2b: Maushold\n|-singleturn|p2b: Maushold|move: Follow Me\n|move|p1b: Basculegion|Flip Turn|p2b: Maushold\n|-damage|p2b: Maushold|0 fnt\n|faint|p2b: Maushold\n|\n|t:|1776625444\n|switch|p1b: Farigiraf|Farigiraf, L50, M|64/100|[from] Flip Turn\n|move|p1a: Ninetales|Aurora Veil|p1a: Ninetales\n|-sidestart|p1: Maxizard4|move: Aurora Veil\n|move|p2a: Basculegion|Last Respects|p1b: Farigiraf\n|-immune|p1b: Farigiraf\n|\n|-weather|Snowscape|[upkeep]\n|-sideend|p1: Maxizard4|move: Tailwind\n|upkeep\n|c|\u2606sam sulek fanpage|><\n|\n|t:|1776625460\n|switch|p2b: Aerodactyl|Aerodactyl, L50, M|100/100\n|-ability|p2b: Aerodactyl|Unnerve\n|turn|5\n|\n|t:|1776625478\n|move|p2b: Aerodactyl|Rock Slide|p1a: Ninetales|[spread] p1a,p1b\n|-supereffective|p1a: Ninetales|1\n|-damage|p1a: Ninetales|65/100\n|-damage|p1b: Farigiraf|48/100\n|move|p2a: Basculegion|Last Respects|p1a: Ninetales\n|-damage|p1a: Ninetales|23/100\n|move|p1a: Ninetales|Blizzard|p2b: Aerodactyl|[spread] p2a,p2b\n|-resisted|p2a: Basculegion|1\n|-supereffective|p2b: Aerodactyl|1\n|-damage|p2a: Basculegion|70/100\n|-damage|p2b: Aerodactyl|8/100\n|-status|p2b: Aerodactyl|frz\n|move|p1b: Farigiraf|Psychic|p2a: Basculegion\n|-damage|p2a: Basculegion|11/100\n|\n|-weather|Snowscape|[upkeep]\n|upkeep\n|turn|6\n|c|\u2606Maxizard4|guess its my turn to get lucky XD\n|\n|t:|1776625501\n|move|p1a: Ninetales|Protect|p1a: Ninetales\n|-singleturn|p1a: Ninetales|Protect\n|cant|p2b: Aerodactyl|frz\n|move|p2a: Basculegion|Last Respects|p1a: Ninetales\n|-activate|p1a: Ninetales|move: Protect\n|move|p1b: Farigiraf|Psychic|p2b: Aerodactyl\n|-damage|p2b: Aerodactyl|0 fnt\n|faint|p2b: Aerodactyl\n|\n|-weather|Snowscape|[upkeep]\n|upkeep\n|\n|t:|1776625514\n|switch|p2b: Garchomp|Garchomp, L50, M|91/100\n|turn|7\n|\n|t:|1776625521\n|switch|p1a: Basculegion|Basculegion, L50, M|100/100\n|move|p2a: Basculegion|Last Respects|p1a: Basculegion\n|-supereffective|p1a: Basculegion|1\n|-damage|p1a: Basculegion|0 fnt\n|faint|p1a: Basculegion\n|move|p2b: Garchomp|Earthquake|p1b: Farigiraf|[spread] p2a,p1b\n|-crit|p2a: Basculegion\n|-damage|p2a: Basculegion|0 fnt\n|-damage|p1b: Farigiraf|21/100\n|faint|p2a: Basculegion\n|move|p1b: Farigiraf|Psychic|p2b: Garchomp\n|-damage|p2b: Garchomp|33/100\n|-enditem|p2b: Garchomp|Sitrus Berry|[eat]\n|-heal|p2b: Garchomp|57/100|[from] item: Sitrus Berry\n|\n|-weather|none\n|upkeep\n|\n|t:|1776625535\n|switch|p1a: Ninetales|Ninetales-Alola, L50, F|23/100\n|-weather|Snowscape|[from] ability: Snow Warning|[of] p1a: Ninetales\n|turn|8\n|c|\u2606Maxizard4|ggwp\n|\n|t:|1776625543\n|move|p2b: Garchomp|Protect|p2b: Garchomp\n|-singleturn|p2b: Garchomp|Protect\n|move|p1a: Ninetales|Blizzard|p2b: Garchomp\n|-activate|p2b: Garchomp|move: Protect\n|move|p1b: Farigiraf|Psychic|p2b: Garchomp\n|-activate|p2b: Garchomp|move: Protect\n|\n|-weather|Snowscape|[upkeep]\n|-sideend|p1: Maxizard4|move: Aurora Veil\n|upkeep\n|turn|9\n|\n|t:|1776625552\n|move|p1a: Ninetales|Blizzard|p2b: Garchomp\n|-supereffective|p2b: Garchomp|2\n|-damage|p2b: Garchomp|0 fnt\n|faint|p2b: Garchomp\n|\n|win|Maxizard4\n|raw|Maxizard4's rating: 1216 &rarr; <strong>1242</strong><br />(+26 for winning)\n|raw|sam sulek fanpage's rating: 1234 &rarr; <strong>1208</strong><br />(-26 for losing)\n|c|\u2606sam sulek fanpage|gg\n|c|\u2606sam sulek fanpage|wp\n|l|\u2606sam sulek fanpage\n|player|p2|\n",
  "uploadtime": 1776625570,
  "views": 12,
  "formatid": "gen9championsvgc2026regma",
  "rating": 1208,
  "private": 0,
  "password": null
}