{
  "id": "gen9championsvgc2026regma-2586388579",
  "format": "[Gen 9 Champions] VGC 2026 Reg M-A",
  "players": [
    "fuecocofan6789",
    "Navia324"
  ],
  "log": "|j|\u2606fuecocofan6789\n|j|\u2606Navia324\n|t:|1776431072\n|gametype|doubles\n|player|p1|fuecocofan6789|miku-flying|1098\n|player|p2|Navia324|101|1000\n|gen|9\n|tier|[Gen 9 Champions] VGC 2026 Reg M-A\n|rated|\n|rule|Species Clause: Limit one of each Pok\u00e9mon\n|rule|Item Clause: Limit 1 of each item\n|clearpoke\n|poke|p1|Aerodactyl, L50, M|\n|poke|p1|Garchomp, L50, M|\n|poke|p1|Excadrill, L50, M|\n|poke|p1|Tyranitar, L50, M|\n|poke|p1|Sinistcha, L50|\n|poke|p1|Talonflame, L50, F|\n|poke|p2|Floette-Eternal, L50, F|\n|poke|p2|Aerodactyl, L50, M|\n|poke|p2|Incineroar, L50, F|\n|poke|p2|Sinistcha-Masterpiece, L50|\n|poke|p2|Sneasler, L50, F|\n|poke|p2|Ditto, L50|\n|teampreview|4\nfuecocofan6789 has agreed to open team sheets.\n|inactive|Battle timer is ON: inactive players will automatically lose when time's up. (requested by Navia324)\n|\n|t:|1776431166\n|teamsize|p1|4\n|teamsize|p2|4\n|start\n|switch|p1a: Aerodactyl|Aerodactyl, L50, M|100/100\n|switch|p1b: Garchomp|Garchomp, L50, M|100/100\n|switch|p2a: Incineroar|Incineroar, L50, F|100/100\n|switch|p2b: Sneasler|Sneasler, L50, F|100/100\n|-ability|p1a: Aerodactyl|Unnerve\n|-ability|p2a: Incineroar|Intimidate|boost\n|-unboost|p1a: Aerodactyl|atk|1\n|-unboost|p1b: Garchomp|atk|1\n|turn|1\n|inactive|Navia324 has 30 seconds left.\n|inactive|Navia324 has 20 seconds left.\n|inactive|Navia324 has 15 seconds left.\n|inactive|Navia324 has 10 seconds left.\n|inactive|Navia324 has 5 seconds left.\n|\n|t:|1776431217\n|switch|p2b: Ditto|Ditto, L50|100/100\n|-transform|p2b: Ditto|p1a: Aerodactyl|[from] ability: Imposter\n|-ability|p2b: Ditto|Unnerve\n|move|p1a: Aerodactyl|Protect|p1a: Aerodactyl\n|-singleturn|p1a: Aerodactyl|Protect\n|move|p1b: Garchomp|Protect|p1b: Garchomp\n|-singleturn|p1b: Garchomp|Protect\n|move|p2a: Incineroar|Fake Out|p1b: Garchomp\n|-activate|p1b: Garchomp|move: Protect\n|\n|upkeep\n|turn|2\n|inactive|Navia324 has 30 seconds left.\n|\n|t:|1776431248\n|move|p2b: Ditto|Tailwind|p2b: Ditto\n|-sidestart|p2: Navia324|move: Tailwind\n|move|p1a: Aerodactyl|Tailwind|p1a: Aerodactyl\n|-sidestart|p1: fuecocofan6789|move: Tailwind\n|move|p1b: Garchomp|Rock Slide|p2a: Incineroar|[spread] p2a,p2b\n|-supereffective|p2a: Incineroar|1\n|-supereffective|p2b: Ditto|1\n|-damage|p2a: Incineroar|80/100\n|-damage|p2b: Ditto|54/100\n|cant|p2a: Incineroar|flinch\n|\n|upkeep\n|turn|3\n|\n|t:|1776431263\n|switch|p2b: Sinistcha|Sinistcha-Masterpiece, L50|100/100\n|-heal|p2a: Incineroar|100/100|[from] ability: Hospitality|[of] p2b: Sinistcha\n|move|p1a: Aerodactyl|Rock Slide|p2a: Incineroar|[spread] p2a\n|-miss|p1a: Aerodactyl|p2b: Sinistcha\n|-supereffective|p2a: Incineroar|1\n|-damage|p2a: Incineroar|73/100\n|move|p1b: Garchomp|Earthquake|p2a: Incineroar|[spread] p2a,p2b\n|-immune|p1a: Aerodactyl\n|-supereffective|p2a: Incineroar|1\n|-resisted|p2b: Sinistcha|1\n|-damage|p2a: Incineroar|19/100\n|-damage|p2b: Sinistcha|86/100\n|move|p2a: Incineroar|Parting Shot|p1b: Garchomp\n|-unboost|p1b: Garchomp|atk|1\n|-unboost|p1b: Garchomp|spa|1\n|\n|t:|1776431284\n|switch|p2a: Sneasler|Sneasler, L50, F|100/100|[from] Parting Shot\n|\n|upkeep\n|turn|4\n|\n|t:|1776431295\n|move|p1b: Garchomp|Protect|p1b: Garchomp\n|-singleturn|p1b: Garchomp|Protect\n|move|p2a: Sneasler|Fake Out|p1a: Aerodactyl\n|-resisted|p1a: Aerodactyl|1\n|-damage|p1a: Aerodactyl|89/100\n|cant|p1a: Aerodactyl|flinch\n|move|p2b: Sinistcha|Matcha Gotcha|p1a: Aerodactyl|[spread] p1a\n|-activate|p1b: Garchomp|move: Protect\n|-damage|p1a: Aerodactyl|55/100\n|-heal|p2b: Sinistcha|100/100|[from] drain|[of] p1a: Aerodactyl\n|-status|p1a: Aerodactyl|brn\n|\n|-damage|p1a: Aerodactyl|50/100 brn|[from] brn\n|upkeep\n|turn|5\n|\n|t:|1776431310\n|move|p1a: Aerodactyl|Rock Slide|p2b: Sinistcha|[spread] p2a,p2b\n|-resisted|p2a: Sneasler|1\n|-damage|p2a: Sneasler|93/100\n|-damage|p2b: Sinistcha|93/100\n|move|p2a: Sneasler|Close Combat|p1b: Garchomp\n|-damage|p1b: Garchomp|40/100\n|-unboost|p2a: Sneasler|def|1\n|-unboost|p2a: Sneasler|spd|1\n|-damage|p2a: Sneasler|81/100|[from] ability: Rough Skin|[of] p1b: Garchomp\n|-enditem|p2a: Sneasler|White Herb\n|-clearnegativeboost|p2a: Sneasler|[silent]\n|move|p1b: Garchomp|Earthquake|p2a: Sneasler|[spread] p2a,p2b\n|-immune|p1a: Aerodactyl\n|-supereffective|p2a: Sneasler|1\n|-resisted|p2b: Sinistcha|1\n|-damage|p2a: Sneasler|4/100\n|-damage|p2b: Sinistcha|83/100\n|cant|p2b: Sinistcha|flinch\n|\n|-damage|p1a: Aerodactyl|44/100 brn|[from] brn\n|-sideend|p2: Navia324|move: Tailwind\n|-sideend|p1: fuecocofan6789|move: Tailwind\n|upkeep\n|turn|6\n|inactive|Navia324 has 30 seconds left.\n|inactive|Navia324 has 20 seconds left.\n|\n|t:|1776431346\n|move|p2a: Sneasler|Protect|p2a: Sneasler\n|-singleturn|p2a: Sneasler|Protect\n|move|p1a: Aerodactyl|Protect|p1a: Aerodactyl\n|-singleturn|p1a: Aerodactyl|Protect\n|move|p1b: Garchomp|Earthquake|p2b: Sinistcha|[spread] p2b\n|-activate|p1a: Aerodactyl|move: Protect\n|-activate|p2a: Sneasler|move: Protect\n|-resisted|p2b: Sinistcha|1\n|-damage|p2b: Sinistcha|73/100\n|move|p2b: Sinistcha|Life Dew|p2b: Sinistcha|[spread] p2a,p2b\n|-heal|p2a: Sneasler|29/100\n|-heal|p2b: Sinistcha|98/100\n|\n|-damage|p1a: Aerodactyl|38/100 brn|[from] brn\n|upkeep\n|turn|7\n|\n|t:|1776431367\n|switch|p1a: Excadrill|Excadrill, L50, M|100/100\n|move|p2a: Sneasler|Close Combat|p1b: Garchomp\n|-damage|p1b: Garchomp|0 fnt\n|-unboost|p2a: Sneasler|def|1\n|-unboost|p2a: Sneasler|spd|1\n|-damage|p2a: Sneasler|17/100|[from] ability: Rough Skin|[of] p1b: Garchomp\n|faint|p1b: Garchomp\n|move|p2b: Sinistcha|Life Dew|p2b: Sinistcha|[spread] p2a,p2b\n|-heal|p2a: Sneasler|42/100\n|-heal|p2b: Sinistcha|100/100\n|\n|upkeep\n|\n|t:|1776431372\n|switch|p1b: Talonflame|Talonflame, L50, F|100/100\n|turn|8\n|\n|t:|1776431394\n|detailschange|p1a: Excadrill|Excadrill-Mega, L50, M\n|-mega|p1a: Excadrill|Excadrill|Excadrite\n|move|p2a: Sneasler|Protect|p2a: Sneasler\n|-singleturn|p2a: Sneasler|Protect\n|move|p1b: Talonflame|Acrobatics|p2a: Sneasler\n|-activate|p2a: Sneasler|move: Protect\n|move|p1a: Excadrill|Iron Head|p2b: Sinistcha\n|-damage|p2b: Sinistcha|56/100\n|move|p2b: Sinistcha|Matcha Gotcha|p1b: Talonflame|[spread] p1b\n|-miss|p2b: Sinistcha|p1a: Excadrill\n|-resisted|p1b: Talonflame|2\n|-damage|p1b: Talonflame|91/100\n|-heal|p2b: Sinistcha|61/100|[from] drain|[of] p1b: Talonflame\n|\n|upkeep\n|turn|9\n|inactive|Navia324 has 30 seconds left.\n|\n|t:|1776431429\n|move|p2a: Sneasler|Close Combat|p1a: Excadrill\n|-supereffective|p1a: Excadrill|1\n|-damage|p1a: Excadrill|0 fnt\n|-unboost|p2a: Sneasler|def|1\n|-unboost|p2a: Sneasler|spd|1\n|faint|p1a: Excadrill\n|move|p1b: Talonflame|Acrobatics|p2b: Sinistcha\n|-supereffective|p2b: Sinistcha|1\n|-damage|p2b: Sinistcha|0 fnt\n|faint|p2b: Sinistcha\n|\n|upkeep\n|\n|t:|1776431440\n|switch|p1a: Aerodactyl|Aerodactyl, L50, M|38/100 brn\n|switch|p2b: Incineroar|Incineroar, L50, F|19/100\n|-enditem|p2b: Incineroar|Sitrus Berry|[eat]\n|-heal|p2b: Incineroar|44/100|[from] item: Sitrus Berry\n|-ability|p1a: Aerodactyl|Unnerve\n|-ability|p2b: Incineroar|Intimidate|boost\n|-unboost|p1a: Aerodactyl|atk|1\n|-unboost|p1b: Talonflame|atk|1\n|turn|10\n|\n|t:|1776431456\n|move|p1a: Aerodactyl|Protect|p1a: Aerodactyl\n|-singleturn|p1a: Aerodactyl|Protect\n|move|p2b: Incineroar|Fake Out|p1b: Talonflame\n|-damage|p1b: Talonflame|74/100\n|move|p2a: Sneasler|Dire Claw|p1b: Talonflame\n|-damage|p1b: Talonflame|0 fnt\n|faint|p1b: Talonflame\n|\n|-damage|p1a: Aerodactyl|32/100 brn|[from] brn\n|upkeep\n|turn|11\n|-message|fuecocofan6789 forfeited.\n|\n|win|Navia324\n|raw|fuecocofan6789's rating: 1098 &rarr; <strong>1067</strong><br />(-31 for losing)\n|raw|Navia324's rating: 1000 &rarr; <strong>1051</strong><br />(+51 for winning)\n|l|\u2606fuecocofan6789\n|player|p1|\n|c|\u2606Navia324|ggs\n",
  "uploadtime": 1776431488,
  "views": 24,
  "formatid": "gen9championsvgc2026regma",
  "rating": 1051,
  "private": 0,
  "password": null
}