{
  "id": "gen9championsvgc2026regma-2582439022",
  "format": "[Gen 9 Champions] VGC 2026 Reg M-A",
  "players": [
    "gurbederbeste",
    "Zzzuraaa"
  ],
  "log": "|j|\u2606gurbederbeste\n|j|\u2606Zzzuraaa\n|t:|1776091746\n|gametype|doubles\n|player|p1|gurbederbeste|pryce|1223\n|player|p2|Zzzuraaa|unknown|1219\n|gen|9\n|tier|[Gen 9 Champions] VGC 2026 Reg M-A\n|rated|\n|rule|Species Clause: Limit one of each Pok\u00e9mon\n|rule|Item Clause: Limit 1 of each item\n|clearpoke\n|poke|p1|Aggron, L50, M|\n|poke|p1|Sinistcha, L50|\n|poke|p1|Incineroar, L50, M|\n|poke|p1|Kleavor, L50, F|\n|poke|p1|Gengar, L50, M|\n|poke|p1|Politoed, L50, M|\n|poke|p2|Delphox, L50, F|\n|poke|p2|Clefable, L50, F|\n|poke|p2|Kingambit, L50, F|\n|poke|p2|Sneasler, L50, F|\n|poke|p2|Dragonite, L50, M|\n|poke|p2|Basculegion, L50, M|\n|teampreview|4\n|\n|t:|1776091786\n|teamsize|p1|4\n|teamsize|p2|4\n|start\n|switch|p1a: Kleavor|Kleavor, L50, F|100/100\n|switch|p1b: Aggron|Aggron, L50, M|100/100\n|switch|p2a: Kingambit|Kingambit, L50, F|100/100\n|switch|p2b: Sneasler|Sneasler, L50, F|100/100\n|turn|1\n|inactive|Battle timer is ON: inactive players will automatically lose when time's up. (requested by Zzzuraaa)\n|\n|t:|1776091803\n|move|p1a: Kleavor|Protect|p1a: Kleavor\n|-singleturn|p1a: Kleavor|Protect\n|move|p1b: Aggron|Protect|p1b: Aggron\n|-singleturn|p1b: Aggron|Protect\n|move|p2b: Sneasler|Fake Out|p1b: Aggron\n|-activate|p1b: Aggron|move: Protect\n|move|p2a: Kingambit|Swords Dance|p2a: Kingambit\n|-boost|p2a: Kingambit|atk|2\n|\n|upkeep\n|turn|2\n|\n|t:|1776091821\n|detailschange|p1b: Aggron|Aggron-Mega, L50, M\n|-mega|p1b: Aggron|Aggron|Aggronite\n|move|p2a: Kingambit|Sucker Punch|p1a: Kleavor\n|-enditem|p1a: Kleavor|Focus Sash\n|-damage|p1a: Kleavor|1/100\n|move|p2b: Sneasler|Close Combat|p1b: Aggron\n|-supereffective|p1b: Aggron|1\n|-damage|p1b: Aggron|56/100\n|-unboost|p2b: Sneasler|def|1\n|-unboost|p2b: Sneasler|spd|1\n|move|p1a: Kleavor|Stone Axe|p2b: Sneasler\n|-resisted|p2b: Sneasler|1\n|-damage|p2b: Sneasler|31/100\n|-sidestart|p2: Zzzuraaa|move: Stealth Rock\n|move|p1b: Aggron|Body Press|p2a: Kingambit\n|-supereffective|p2a: Kingambit|2\n|-damage|p2a: Kingambit|0 fnt\n|faint|p2a: Kingambit\n|\n|upkeep\n|\n|t:|1776091838\n|switch|p2a: Delphox|Delphox, L50, F|100/100\n|-damage|p2a: Delphox|76/100|[from] Stealth Rock\n|turn|3\n|\n|t:|1776091848\n|switch|p1b: Politoed|Politoed, L50, M|100/100\n|-weather|RainDance|[from] ability: Drizzle|[of] p1b: Politoed\n|detailschange|p2a: Delphox|Delphox-Mega, L50, F\n|-mega|p2a: Delphox|Delphox|Delphoxite\n|move|p1a: Kleavor|Protect|p1a: Kleavor\n|-singleturn|p1a: Kleavor|Protect\n|move|p2a: Delphox|Heat Wave|p1a: Kleavor|[spread] p1b\n|-activate|p1a: Kleavor|move: Protect\n|-resisted|p1b: Politoed|1\n|-damage|p1b: Politoed|92/100\n|move|p2b: Sneasler|Close Combat|p1b: Politoed\n|-damage|p1b: Politoed|36/100\n|-unboost|p2b: Sneasler|def|1\n|-unboost|p2b: Sneasler|spd|1\n|\n|-weather|RainDance|[upkeep]\n|-heal|p1b: Politoed|42/100|[from] item: Leftovers\n|upkeep\n|turn|4\n|inactive|Zzzuraaa has 30 seconds left.\n|\n|t:|1776091878\n|move|p1b: Politoed|Protect|p1b: Politoed\n|-singleturn|p1b: Politoed|Protect\n|move|p2a: Delphox|Psychic|p1a: Kleavor\n|-damage|p1a: Kleavor|0 fnt\n|faint|p1a: Kleavor\n|move|p2b: Sneasler|Dire Claw|p1b: Politoed\n|-activate|p1b: Politoed|move: Protect\n|\n|-weather|RainDance|[upkeep]\n|-heal|p1b: Politoed|48/100|[from] item: Leftovers\n|upkeep\n|\n|t:|1776091889\n|switch|p1a: Aggron|Aggron-Mega, L50, M|56/100\n|turn|5\n|\n|t:|1776091908\n|switch|p1b: Sinistcha|Sinistcha, L50|100/100\n|-heal|p1a: Aggron|81/100|[from] ability: Hospitality|[of] p1b: Sinistcha\n|move|p2a: Delphox|Protect|p2a: Delphox\n|-singleturn|p2a: Delphox|Protect\n|move|p2b: Sneasler|Close Combat|p1a: Aggron\n|-supereffective|p1a: Aggron|1\n|-damage|p1a: Aggron|38/100\n|-unboost|p2b: Sneasler|def|1\n|-unboost|p2b: Sneasler|spd|1\n|move|p1a: Aggron|Body Press|p2a: Delphox\n|-activate|p2a: Delphox|move: Protect\n|\n|-weather|RainDance|[upkeep]\n|upkeep\n|turn|6\n|\n|t:|1776091930\n|move|p1a: Aggron|Protect|p1a: Aggron\n|-singleturn|p1a: Aggron|Protect\n|move|p2a: Delphox|Heat Wave|p1b: Sinistcha|[spread] \n|-activate|p1a: Aggron|move: Protect\n|-miss|p2a: Delphox|p1b: Sinistcha\n|move|p2b: Sneasler|Close Combat|p1a: Aggron\n|-activate|p1a: Aggron|move: Protect\n|move|p1b: Sinistcha|Trick Room|p1b: Sinistcha\n|-fieldstart|move: Trick Room|[of] p1b: Sinistcha\n|\n|-weather|RainDance|[upkeep]\n|upkeep\n|turn|7\n|\n|t:|1776091954\n|move|p2a: Delphox|Protect|p2a: Delphox\n|-singleturn|p2a: Delphox|Protect\n|move|p1a: Aggron|Heavy Slam|p2b: Sneasler\n|-damage|p2b: Sneasler|0 fnt\n|faint|p2b: Sneasler\n|move|p1b: Sinistcha|Life Dew||[still]|[spread] p1a,p1b\n|-heal|p1a: Aggron|63/100\n|-fail|p1b: Sinistcha|heal\n|\n|-weather|none\n|upkeep\n|\n|t:|1776091965\n|switch|p2b: Basculegion|Basculegion, L50, M|100/100\n|-damage|p2b: Basculegion|88/100|[from] Stealth Rock\n|turn|8\n|inactive|gurbederbeste has 30 seconds left.\n|\n|t:|1776091993\n|switch|p1a: Politoed|Politoed, L50, M|48/100\n|-weather|RainDance|[from] ability: Drizzle|[of] p1a: Politoed\n|move|p1b: Sinistcha|Matcha Gotcha|p2a: Delphox|[spread] p2a,p2b\n|-resisted|p2a: Delphox|1\n|-supereffective|p2b: Basculegion|1\n|-damage|p2a: Delphox|63/100\n|-damage|p2b: Basculegion|35/100\n|move|p2b: Basculegion|Last Respects|p1a: Politoed\n|-damage|p1a: Politoed|0 fnt\n|faint|p1a: Politoed\n|move|p2a: Delphox|Heat Wave|p1b: Sinistcha|[miss]\n|-miss|p2a: Delphox|p1b: Sinistcha\n|\n|-weather|RainDance|[upkeep]\n|upkeep\n|\n|t:|1776092007\n|switch|p1a: Aggron|Aggron-Mega, L50, M|63/100\n|turn|9\n|\n|t:|1776092021\n|move|p1a: Aggron|Body Press|p2a: Delphox\n|-resisted|p2a: Delphox|1\n|-damage|p2a: Delphox|35/100\n|move|p1b: Sinistcha|Matcha Gotcha|p2a: Delphox|[spread] p2b\n|-miss|p1b: Sinistcha|p2a: Delphox\n|-supereffective|p2b: Basculegion|1\n|-damage|p2b: Basculegion|0 fnt\n|faint|p2b: Basculegion\n|move|p2a: Delphox|Heat Wave|p1b: Sinistcha|[spread] p1a,p1b\n|-supereffective|p1a: Aggron|1\n|-supereffective|p1b: Sinistcha|1\n|-damage|p1a: Aggron|39/100\n|-damage|p1b: Sinistcha|67/100\n|\n|-weather|RainDance|[upkeep]\n|upkeep\n|turn|10\n|-message|Zzzuraaa forfeited.\n|\n|win|gurbederbeste\n|raw|gurbederbeste's rating: 1223 &rarr; <strong>1248</strong><br />(+25 for winning)\n|raw|Zzzuraaa's rating: 1219 &rarr; <strong>1194</strong><br />(-25 for losing)\n|l|\u2606Zzzuraaa\n|player|p2|\n",
  "uploadtime": 1776092038,
  "views": 20,
  "formatid": "gen9championsvgc2026regma",
  "rating": 1194,
  "private": 0,
  "password": null
}