{
  "id": "gen9championsvgc2026regma-2581522424",
  "format": "[Gen 9 Champions] VGC 2026 Reg M-A",
  "players": [
    "Mojoe93",
    "thealex610"
  ],
  "log": "|j|\u2606Mojoe93\n|j|\u2606thealex610\n|t:|1776007954\n|gametype|doubles\n|player|p1|Mojoe93|2|1118\n|player|p2|thealex610|170|1136\n|gen|9\n|tier|[Gen 9 Champions] VGC 2026 Reg M-A\n|rated|\n|rule|Species Clause: Limit one of each Pok\u00e9mon\n|rule|Item Clause: Limit 1 of each item\n|clearpoke\n|poke|p1|Gengar, L50, M|\n|poke|p1|Garchomp, L50, M|\n|poke|p1|Rotom-Wash, L50|\n|poke|p1|Incineroar, L50, F|\n|poke|p1|Clefable, L50, M|\n|poke|p1|Delphox, L50, M|\n|poke|p2|Sneasler, L50, M|\n|poke|p2|Talonflame, L50, F|\n|poke|p2|Milotic, L50, F|\n|poke|p2|Aegislash, L50, F|\n|poke|p2|Scizor, L50, F|\n|poke|p2|Tyranitar, L50, F|\n|teampreview|4\n|inactive|Battle timer is ON: inactive players will automatically lose when time's up. (requested by thealex610)\n|\n|t:|1776008002\n|teamsize|p1|4\n|teamsize|p2|4\n|start\n|switch|p1a: Garchomp|Garchomp, L50, M|100/100\n|switch|p1b: Clefable|Clefable, L50, M|100/100\n|switch|p2a: Sneasler|Sneasler, L50, M|100/100\n|switch|p2b: Milotic|Milotic, L50, F|100/100\n|turn|1\n|inactive|Mojoe93 has 30 seconds left.\n|\n|t:|1776008027\n|move|p1a: Garchomp|Protect|p1a: Garchomp\n|-singleturn|p1a: Garchomp|Protect\n|move|p2a: Sneasler|Fake Out|p1a: Garchomp\n|-activate|p1a: Garchomp|move: Protect\n|move|p2b: Milotic|Icy Wind|p1a: Garchomp|[spread] p1b\n|-activate|p1a: Garchomp|move: Protect\n|-damage|p1b: Clefable|92/100\n|-unboost|p1b: Clefable|spe|1\n|move|p1b: Clefable|Moonblast|p2a: Sneasler\n|-damage|p2a: Sneasler|56/100\n|\n|upkeep\n|turn|2\n|\n|t:|1776008047\n|move|p1b: Clefable|Follow Me|p1b: Clefable\n|-singleturn|p1b: Clefable|move: Follow Me\n|move|p2a: Sneasler|Close Combat|p1b: Clefable\n|-resisted|p1b: Clefable|1\n|-damage|p1b: Clefable|62/100\n|-unboost|p2a: Sneasler|def|1\n|-unboost|p2a: Sneasler|spd|1\n|-enditem|p2a: Sneasler|White Herb\n|-clearnegativeboost|p2a: Sneasler|[silent]\n|move|p1a: Garchomp|Earthquake|p2a: Sneasler|[spread] p1b,p2a,p2b\n|-supereffective|p2a: Sneasler|1\n|-damage|p1b: Clefable|27/100\n|-damage|p2a: Sneasler|0 fnt\n|-damage|p2b: Milotic|49/100\n|-enditem|p1b: Clefable|Sitrus Berry|[eat]\n|-heal|p1b: Clefable|51/100|[from] item: Sitrus Berry\n|faint|p2a: Sneasler\n|move|p2b: Milotic|Icy Wind|p1a: Garchomp|[spread] p1a,p1b\n|-supereffective|p1a: Garchomp|2\n|-crit|p1a: Garchomp\n|-damage|p1a: Garchomp|13/100\n|-damage|p1b: Clefable|43/100\n|-unboost|p1a: Garchomp|spe|1\n|-unboost|p1b: Clefable|spe|1\n|\n|-heal|p1a: Garchomp|19/100|[from] item: Leftovers\n|upkeep\n|\n|t:|1776008069\n|switch|p2a: Scizor|Scizor, L50, F, shiny|100/100\n|turn|3\n|\n|t:|1776008080\n|switch|p1a: Rotom|Rotom-Wash, L50|100/100\n|switch|p1b: Delphox|Delphox, L50, M|100/100\n|detailschange|p2a: Scizor|Scizor-Mega, L50, F, shiny\n|-mega|p2a: Scizor|Scizor|Scizorite\n|move|p2b: Milotic|Icy Wind|p1a: Rotom|[spread] p1a,p1b\n|-resisted|p1a: Rotom|1\n|-resisted|p1b: Delphox|1\n|-damage|p1a: Rotom|95/100\n|-damage|p1b: Delphox|93/100\n|-unboost|p1a: Rotom|spe|1\n|-unboost|p1b: Delphox|spe|1\n|move|p2a: Scizor|Swords Dance|p2a: Scizor\n|-boost|p2a: Scizor|atk|2\n|\n|upkeep\n|turn|4\n|inactive|thealex610 has 30 seconds left.\n|\n|t:|1776008114\n|switch|p1b: Clefable|Clefable, L50, M|43/100\n|move|p2b: Milotic|Scald|p1b: Clefable\n|-damage|p1b: Clefable|14/100\n|-status|p1b: Clefable|brn\n|move|p2a: Scizor|Dual Wingbeat|p1b: Clefable\n|-damage|p1b: Clefable|0 fnt\n|faint|p1b: Clefable\n|-hitcount|p1: Clefable|1\n|move|p1a: Rotom|Will-O-Wisp|p2a: Scizor|[miss]\n|-miss|p1a: Rotom|p2a: Scizor\n|\n|upkeep\n|\n|t:|1776008127\n|switch|p1b: Delphox|Delphox, L50, M|93/100\n|turn|5\n|\n|t:|1776008146\n|detailschange|p1b: Delphox|Delphox-Mega, L50, M\n|-mega|p1b: Delphox|Delphox|Delphoxite\n|move|p2a: Scizor|Protect|p2a: Scizor\n|-singleturn|p2a: Scizor|Protect\n|move|p1b: Delphox|Substitute|p1b: Delphox\n|-start|p1b: Delphox|Substitute\n|-damage|p1b: Delphox|68/100\n|move|p2b: Milotic|Icy Wind|p1a: Rotom|[spread] p1a,p1b\n|-resisted|p1b: Delphox|1\n|-activate|p1b: Delphox|move: Substitute|[damage]\n|-resisted|p1a: Rotom|1\n|-damage|p1a: Rotom|88/100\n|-unboost|p1a: Rotom|spe|1\n|move|p1a: Rotom|Will-O-Wisp|p2b: Milotic|[miss]\n|-miss|p1a: Rotom|p2b: Milotic\n|\n|upkeep\n|turn|6\n|\n|t:|1776008168\n|move|p1b: Delphox|Heat Wave|p2a: Scizor|[spread] p2a\n|-miss|p1b: Delphox|p2b: Milotic\n|-supereffective|p2a: Scizor|2\n|-damage|p2a: Scizor|0 fnt\n|faint|p2a: Scizor\n|move|p2b: Milotic|Scald|p1b: Delphox\n|-supereffective|p1b: Delphox|1\n|-end|p1b: Delphox|Substitute\n|move|p1a: Rotom|Will-O-Wisp|p2b: Milotic\n|-status|p2b: Milotic|brn\n|\n|-damage|p2b: Milotic|43/100 brn|[from] brn\n|upkeep\n|\n|t:|1776008180\n|switch|p2a: Aegislash|Aegislash, L50, F|100/100\n|turn|7\n|\n|t:|1776008194\n|move|p1b: Delphox|Protect|p1b: Delphox\n|-singleturn|p1b: Delphox|Protect\n|-formechange|p2a: Aegislash|Aegislash-Blade|\n|move|p2a: Aegislash|Shadow Sneak|p1b: Delphox\n|-activate|p1b: Delphox|move: Protect\n|move|p2b: Milotic|Scald|p1b: Delphox\n|-activate|p1b: Delphox|move: Protect\n|move|p1a: Rotom|Will-O-Wisp|p2a: Aegislash\n|-status|p2a: Aegislash|brn\n|\n|-damage|p2b: Milotic|38/100 brn|[from] brn\n|-damage|p2a: Aegislash|95/100 brn|[from] brn\n|upkeep\n|turn|8\n|inactive|thealex610 has 30 seconds left.\n|\n|t:|1776008219\n|switch|p1a: Garchomp|Garchomp, L50, M|19/100\n|move|p2a: Aegislash|Shadow Sneak|p1b: Delphox\n|-supereffective|p1b: Delphox|1\n|-damage|p1b: Delphox|37/100\n|move|p1b: Delphox|Psychic|p2b: Milotic\n|-damage|p2b: Milotic|0 fnt\n|faint|p2b: Milotic\n|\n|-heal|p1a: Garchomp|25/100|[from] item: Leftovers\n|-heal|p2a: Aegislash|100/100 brn|[from] item: Leftovers\n|-damage|p2a: Aegislash|95/100 brn|[from] brn\n|upkeep\n|turn|9\n|\n|t:|1776008235\n|move|p1b: Delphox|Protect|p1b: Delphox\n|-singleturn|p1b: Delphox|Protect\n|move|p2a: Aegislash|Shadow Sneak|p1b: Delphox\n|-activate|p1b: Delphox|move: Protect\n|move|p1a: Garchomp|Earthquake|p2a: Aegislash|[spread] p2a\n|-activate|p1b: Delphox|move: Protect\n|-supereffective|p2a: Aegislash|1\n|-damage|p2a: Aegislash|0 fnt\n|faint|p2a: Aegislash\n|\n|win|Mojoe93\n|raw|Mojoe93's rating: 1118 &rarr; <strong>1144</strong><br />(+26 for winning)\n|raw|thealex610's rating: 1136 &rarr; <strong>1110</strong><br />(-26 for losing)\n",
  "uploadtime": 1776008246,
  "views": 41,
  "formatid": "gen9championsvgc2026regma",
  "rating": 1110,
  "private": 0,
  "password": null
}