{
  "id": "gen9championsvgc2026regma-2586528368",
  "format": "[Gen 9 Champions] VGC 2026 Reg M-A",
  "players": [
    "roseberryr27",
    "bluejayx2"
  ],
  "log": "|j|\u2606roseberryr27\n|j|\u203dbluejayx2\n|t:|1776440817\n|gametype|doubles\n|player|p1|roseberryr27|1|1030\n|player|p2|bluejayx2|marley|1122\n|gen|9\n|tier|[Gen 9 Champions] VGC 2026 Reg M-A\n|rated|\n|rule|Species Clause: Limit one of each Pok\u00e9mon\n|rule|Item Clause: Limit 1 of each item\n|clearpoke\n|poke|p1|Volcarona, L50, M|\n|poke|p1|Araquanid, L50, M|\n|poke|p1|Kleavor, L50, M|\n|poke|p1|Scizor, L50, M|\n|poke|p1|Beedrill, L50, F|\n|poke|p1|Vivillon-Jungle, L50, M|\n|poke|p2|Pinsir, L50, F|\n|poke|p2|Clefable, L50, F|\n|poke|p2|Absol, L50, F|\n|poke|p2|Charizard, L50, F|\n|poke|p2|Politoed, L50, M|\n|poke|p2|Sableye, L50, F|\n|teampreview|4\n|inactive|Battle timer is ON: inactive players will automatically lose when time's up. (requested by bluejayx2)\n|inactive|roseberryr27 has 60 seconds left.\n|\n|t:|1776440862\n|teamsize|p1|4\n|teamsize|p2|4\n|start\n|switch|p1a: Kleavor|Kleavor, L50, M|100/100\n|switch|p1b: Volcarona|Volcarona, L50, M|100/100\n|switch|p2a: Sableye|Sableye, L50, F, shiny|100/100\n|switch|p2b: Charizard|Charizard, L50, F, shiny|100/100\n|turn|1\n|inactive|roseberryr27 has 30 seconds left.\n|\n|t:|1776440895\n|move|p2a: Sableye|Sunny Day|p2a: Sableye\n|-weather|SunnyDay\n|move|p2b: Charizard|Heat Wave|p1b: Volcarona|[spread] p1a\n|-miss|p2b: Charizard|p1b: Volcarona\n|-damage|p1a: Kleavor|0 fnt\n|faint|p1a: Kleavor\n|move|p1b: Volcarona|Fiery Dance|p2a: Sableye\n|-damage|p2a: Sableye|41/100\n|-boost|p1b: Volcarona|spa|1\n|\n|-weather|SunnyDay|[upkeep]\n|-damage|p2b: Charizard|88/100|[from] ability: Solar Power|[of] p2b: Charizard\n|upkeep\n|\n|t:|1776440909\n|switch|p1a: Araquanid|Araquanid, L50, M|100/100\n|turn|2\n|inactive|roseberryr27 has 30 seconds left.\n|inactive|bluejayx2 has 30 seconds left.\n|\n|t:|1776440951\n|switch|p2b: Pinsir|Pinsir, L50, F, shiny|100/100\n|move|p1a: Araquanid|Wide Guard|p1a: Araquanid\n|-singleturn|p1a: Araquanid|Wide Guard\n|move|p1b: Volcarona|Fiery Dance|p2a: Sableye\n|-damage|p2a: Sableye|0 fnt\n|-boost|p1b: Volcarona|spa|1\n|faint|p2a: Sableye\n|\n|-weather|SunnyDay|[upkeep]\n|upkeep\n|\n|t:|1776440968\n|switch|p2a: Charizard|Charizard, L50, F, shiny|88/100\n|turn|3\n|inactive|roseberryr27 has 30 seconds left.\n|inactive|roseberryr27 has 20 seconds left.\n|\n|t:|1776441005\n|switch|p2b: Politoed|Politoed, L50, M|100/100\n|-weather|RainDance|[from] ability: Drizzle|[of] p2b: Politoed\n|move|p2a: Charizard|Hurricane|p1b: Volcarona\n|-supereffective|p1b: Volcarona|1\n|-damage|p1b: Volcarona|0 fnt\n|faint|p1b: Volcarona\n|move|p1a: Araquanid|Rain Dance||[still]\n|-fail|p1a: Araquanid\n|\n|-weather|RainDance|[upkeep]\n|upkeep\n|inactive|roseberryr27 has 30 seconds left.\n|inactive|roseberryr27 has 20 seconds left.\n|\n|t:|1776441044\n|switch|p1b: Beedrill|Beedrill, L50, F|100/100\n|turn|4\n|inactive|roseberryr27 has 30 seconds left.\n|\n|t:|1776441075\n|move|p2a: Charizard|Hurricane|p1b: Beedrill\n|-supereffective|p1b: Beedrill|1\n|-damage|p1b: Beedrill|0 fnt\n|faint|p1b: Beedrill\n|move|p2b: Politoed|Perish Song|p2b: Politoed\n|-start|p1a: Araquanid|perish3|[silent]\n|-start|p2a: Charizard|perish3|[silent]\n|-start|p2b: Politoed|perish3|[silent]\n|-fieldactivate|move: Perish Song\n|move|p1a: Araquanid|Liquidation|p2a: Charizard\n|-supereffective|p2a: Charizard|1\n|-damage|p2a: Charizard|0 fnt\n|faint|p2a: Charizard\n|\n|-weather|RainDance|[upkeep]\n|-start|p2b: Politoed|perish3\n|-start|p1a: Araquanid|perish3\n|upkeep\n|\n|t:|1776441090\n|switch|p2a: Pinsir|Pinsir, L50, F, shiny|100/100\n|turn|5\n|\n|t:|1776441100\n|move|p2a: Pinsir|Protect|p2a: Pinsir\n|-singleturn|p2a: Pinsir|Protect\n|move|p2b: Politoed|Icy Wind|p1a: Araquanid\n|-resisted|p1a: Araquanid|1\n|-damage|p1a: Araquanid|94/100\n|-unboost|p1a: Araquanid|spe|1\n|move|p1a: Araquanid|Liquidation|p2a: Pinsir\n|-activate|p2a: Pinsir|move: Protect\n|\n|-weather|RainDance|[upkeep]\n|-heal|p1a: Araquanid|100/100|[from] item: Leftovers\n|-start|p2b: Politoed|perish2\n|-start|p1a: Araquanid|perish2\n|upkeep\n|turn|6\n|-activate|p2b: Politoed|item: Quick Claw\n|\n|t:|1776441120\n|detailschange|p2a: Pinsir|Pinsir-Mega, L50, F, shiny\n|-mega|p2a: Pinsir|Pinsir|Pinsirite\n|move|p2b: Politoed|Weather Ball|p1a: Araquanid\n|-resisted|p1a: Araquanid|1\n|-damage|p1a: Araquanid|76/100\n|move|p2a: Pinsir|Giga Impact|p1a: Araquanid\n|-supereffective|p1a: Araquanid|1\n|-damage|p1a: Araquanid|0 fnt\n|-mustrecharge|p2a: Pinsir\n|faint|p1a: Araquanid\n|\n|win|bluejayx2\n|raw|roseberryr27's rating: 1030 &rarr; <strong>1019</strong><br />(-11 for losing)\n|raw|bluejayx2's rating: 1122 &rarr; <strong>1141</strong><br />(+19 for winning)\n|l|\u2606roseberryr27\n|player|p1|\n",
  "uploadtime": 1776441144,
  "views": 19,
  "formatid": "gen9championsvgc2026regma",
  "rating": 1019,
  "private": 0,
  "password": null
}