{
  "id": "gen9championsvgc2026regma-2586702416",
  "format": "[Gen 9 Champions] VGC 2026 Reg M-A",
  "players": [
    "mrguy888",
    "La voz favorita"
  ],
  "log": "|j|\u2606mrguy888\n|j|\u2606La voz favorita\n|t:|1776453355\n|gametype|doubles\n|player|p1|mrguy888|noland-gen3|1333\n|player|p2|La voz favorita|marnie-league|1316\n|gen|9\n|tier|[Gen 9 Champions] VGC 2026 Reg M-A\n|rated|\n|rule|Species Clause: Limit one of each Pok\u00e9mon\n|rule|Item Clause: Limit 1 of each item\n|clearpoke\n|poke|p1|Floette-Eternal, L50, F|\n|poke|p1|Aerodactyl, L50, F|\n|poke|p1|Tauros-Paldea-Aqua, L50, M|\n|poke|p1|Kangaskhan, L50, F|\n|poke|p1|Rotom-Heat, L50|\n|poke|p1|Aegislash, L50, F|\n|poke|p2|Floette-Eternal, L50, F|\n|poke|p2|Maushold, L50|\n|poke|p2|Aegislash, L50, F|\n|poke|p2|Garchomp, L50, F|\n|poke|p2|Sneasler, L50, F|\n|poke|p2|Rotom-Wash, L50|\n|teampreview|4\n|inactive|Battle timer is ON: inactive players will automatically lose when time's up. (requested by mrguy888)\nLa voz favorita has agreed to open team sheets.\n|inactive|mrguy888 has 60 seconds left.\n|inactive|La voz favorita has 60 seconds left.\n|inactive|mrguy888 has 30 seconds left.\n|\n|t:|1776453423\n|teamsize|p1|4\n|teamsize|p2|4\n|start\n|switch|p1a: Aerodactyl|Aerodactyl, L50, F|100/100\n|switch|p1b: Kangaskhan|Kangaskhan, L50, F|100/100\n|switch|p2a: Garchomp|Garchomp, L50, F|100/100\n|switch|p2b: Sneasler|Sneasler, L50, F|100/100\n|-ability|p1a: Aerodactyl|Unnerve\n|turn|1\n|inactive|mrguy888 has 30 seconds left.\n|inactive|La voz favorita has 30 seconds left.\n|inactive|mrguy888 has 20 seconds left.\n|inactive|La voz favorita has 20 seconds left.\n|inactive|La voz favorita has 15 seconds left.\n|inactive|mrguy888 has 15 seconds left.\n|inactive|La voz favorita has 10 seconds left.\n|\n|t:|1776453470\n|detailschange|p1b: Kangaskhan|Kangaskhan-Mega, L50, F\n|-mega|p1b: Kangaskhan|Kangaskhan|Kangaskhanite\n|move|p2b: Sneasler|Fake Out|p1b: Kangaskhan\n|-damage|p1b: Kangaskhan|89/100\n|move|p2a: Garchomp|Rock Slide|p1a: Aerodactyl|[spread] p1a,p1b\n|-supereffective|p1a: Aerodactyl|1\n|-damage|p1a: Aerodactyl|35/100\n|-damage|p1b: Kangaskhan|69/100\n|move|p1a: Aerodactyl|Dual Wingbeat|p2b: Sneasler\n|-supereffective|p2b: Sneasler|1\n|-damage|p2b: Sneasler|35/100\n|-supereffective|p2b: Sneasler|1\n|-damage|p2b: Sneasler|0 fnt\n|faint|p2b: Sneasler\n|-hitcount|p2: Sneasler|2\n|cant|p1b: Kangaskhan|flinch\n|\n|upkeep\n|\n|t:|1776453488\n|switch|p2b: Floette|Floette-Eternal, L50, F|100/100\n|turn|2\n|\n|t:|1776453512\n|switch|p1a: Tauros|Tauros-Paldea-Aqua, L50, M|100/100\n|-ability|p1a: Tauros|Intimidate|boost\n|-unboost|p2a: Garchomp|atk|1\n|-unboost|p2b: Floette|atk|1\n|switch|p1b: Aegislash|Aegislash, L50, F|100/100\n|detailschange|p2b: Floette|Floette-Mega, L50, F\n|-mega|p2b: Floette|Floette|Floettite\n|-ability|p2b: Floette|Fairy Aura\n|move|p2a: Garchomp|Rock Slide|p1b: Aegislash|[spread] p1a,p1b\n|-resisted|p1a: Tauros|1\n|-resisted|p1b: Aegislash|1\n|-damage|p1a: Tauros|93/100\n|-damage|p1b: Aegislash|94/100\n|move|p2b: Floette|Moonblast|p1b: Aegislash\n|-resisted|p1b: Aegislash|1\n|-damage|p1b: Aegislash|63/100\n|\n|upkeep\n|turn|3\n|inactive|mrguy888 has 30 seconds left.\n|\n|t:|1776453545\n|switch|p2a: Rotom|Rotom-Wash, L50|100/100\n|move|p2b: Floette|Protect|p2b: Floette\n|-singleturn|p2b: Floette|Protect\n|move|p1a: Tauros|Close Combat|p2a: Rotom\n|-damage|p2a: Rotom|31/100\n|-unboost|p1a: Tauros|def|1\n|-unboost|p1a: Tauros|spd|1\n|-enditem|p2a: Rotom|Sitrus Berry|[eat]\n|-heal|p2a: Rotom|56/100|[from] item: Sitrus Berry\n|-enditem|p1a: Tauros|White Herb\n|-clearnegativeboost|p1a: Tauros|[silent]\n|-formechange|p1b: Aegislash|Aegislash-Blade|\n|move|p1b: Aegislash|Iron Head|p2b: Floette\n|-activate|p2b: Floette|move: Protect\n|\n|upkeep\n|turn|4\n|\n|t:|1776453561\n|move|p1a: Tauros|Protect|p1a: Tauros\n|-singleturn|p1a: Tauros|Protect\n|-formechange|p1b: Aegislash|Aegislash|\n|move|p1b: Aegislash|King's Shield|p1b: Aegislash\n|-singleturn|p1b: Aegislash|Protect\n|move|p2b: Floette|Moonblast|p1b: Aegislash\n|-activate|p1b: Aegislash|move: Protect\n|move|p2a: Rotom|Thunderbolt|p1a: Tauros\n|-activate|p1a: Tauros|move: Protect\n|\n|upkeep\n|turn|5\n|\n|t:|1776453573\n|switch|p2a: Garchomp|Garchomp, L50, F|100/100\n|move|p2b: Floette|Protect|p2b: Floette\n|-singleturn|p2b: Floette|Protect\n|move|p1a: Tauros|Close Combat|p2a: Garchomp\n|-damage|p2a: Garchomp|38/100\n|-unboost|p1a: Tauros|def|1\n|-unboost|p1a: Tauros|spd|1\n|-damage|p1a: Tauros|80/100|[from] ability: Rough Skin|[of] p2a: Garchomp\n|-formechange|p1b: Aegislash|Aegislash-Blade|\n|move|p1b: Aegislash|Iron Head|p2b: Floette\n|-activate|p2b: Floette|move: Protect\n|\n|upkeep\n|turn|6\n|\n|t:|1776453588\n|switch|p1a: Kangaskhan|Kangaskhan-Mega, L50, F|69/100\n|switch|p2b: Rotom|Rotom-Wash, L50|56/100\n|switch|p1b: Aerodactyl|Aerodactyl, L50, F|35/100\n|-ability|p1b: Aerodactyl|Unnerve\n|move|p2a: Garchomp|Earthquake|p1b: Aerodactyl|[spread] p1a\n|-immune|p2b: Rotom|[from] ability: Levitate\n|-immune|p1b: Aerodactyl\n|-damage|p1a: Kangaskhan|33/100\n|\n|upkeep\n|turn|7\n|\n|t:|1776453607\n|move|p2a: Garchomp|Earthquake|p1a: Kangaskhan|[spread] p1a\n|-immune|p2b: Rotom|[from] ability: Levitate\n|-immune|p1b: Aerodactyl\n|-damage|p1a: Kangaskhan|0 fnt\n|faint|p1a: Kangaskhan\n|move|p1b: Aerodactyl|Tailwind|p1b: Aerodactyl\n|-sidestart|p1: mrguy888|move: Tailwind\n|move|p2b: Rotom|Thunderbolt|p1b: Aerodactyl\n|-supereffective|p1b: Aerodactyl|1\n|-damage|p1b: Aerodactyl|0 fnt\n|faint|p1b: Aerodactyl\n|\n|upkeep\n|\n|t:|1776453615\n|switch|p1b: Aegislash|Aegislash, L50, F|63/100\n|switch|p1a: Tauros|Tauros-Paldea-Aqua, L50, M|80/100\n|-ability|p1a: Tauros|Intimidate|boost\n|-unboost|p2a: Garchomp|atk|1\n|-unboost|p2b: Rotom|atk|1\n|turn|8\n|inactive|mrguy888 has 30 seconds left.\n|\n|t:|1776453644\n|move|p1b: Aegislash|King's Shield|p1b: Aegislash\n|-singleturn|p1b: Aegislash|Protect\n|move|p1a: Tauros|Close Combat|p2b: Rotom\n|-crit|p2b: Rotom\n|-damage|p2b: Rotom|0 fnt\n|-unboost|p1a: Tauros|def|1\n|-unboost|p1a: Tauros|spd|1\n|faint|p2b: Rotom\n|move|p2a: Garchomp|Earthquake|p1a: Tauros|[spread] p1a\n|-activate|p1b: Aegislash|move: Protect\n|-damage|p1a: Tauros|32/100\n|\n|upkeep\n|\n|t:|1776453649\n|switch|p2b: Floette|Floette-Mega, L50, F|100/100\n|-ability|p2b: Floette|Fairy Aura\n|turn|9\n|\n|t:|1776453660\n|move|p1a: Tauros|Close Combat|p2a: Garchomp\n|-crit|p2a: Garchomp\n|-damage|p2a: Garchomp|0 fnt\n|-unboost|p1a: Tauros|def|1\n|-unboost|p1a: Tauros|spd|1\n|-damage|p1a: Tauros|20/100|[from] ability: Rough Skin|[of] p2a: Garchomp\n|faint|p2a: Garchomp\n|-formechange|p1b: Aegislash|Aegislash-Blade|\n|move|p1b: Aegislash|Iron Head|p2b: Floette\n|-supereffective|p2b: Floette|1\n|-damage|p2b: Floette|0 fnt\n|faint|p2b: Floette\n|\n|win|mrguy888\n|raw|mrguy888's rating: 1333 &rarr; <strong>1352</strong><br />(+19 for winning)\n|raw|La voz favorita's rating: 1316 &rarr; <strong>1297</strong><br />(-19 for losing)\n|l|\u2606La voz favorita\n|player|p2|\n",
  "uploadtime": 1776453673,
  "views": 63,
  "formatid": "gen9championsvgc2026regma",
  "rating": 1297,
  "private": 0,
  "password": null
}