{
  "id": "gen9championsvgc2026regma-2585618162",
  "format": "[Gen 9 Champions] VGC 2026 Reg M-A",
  "players": [
    "ED_AMI<3",
    "Aurasteal"
  ],
  "log": "|j|\u2606ED_AMI<3\n|j|\u2606Aurasteal\n|t:|1776359225\n|gametype|doubles\n|player|p1|ED_AMI<3|101|1354\n|player|p2|Aurasteal|caitlin|1460\n|gen|9\n|tier|[Gen 9 Champions] VGC 2026 Reg M-A\n|rated|\n|rule|Species Clause: Limit one of each Pok\u00e9mon\n|rule|Item Clause: Limit 1 of each item\n|clearpoke\n|poke|p1|Farigiraf, L50, F|\n|poke|p1|Froslass, L50, F|\n|poke|p1|Incineroar, L50, M|\n|poke|p1|Sneasler, L50, M|\n|poke|p1|Milotic, L50, F|\n|poke|p1|Rotom-Mow, L50|\n|poke|p2|Blastoise, L50, M|\n|poke|p2|Sinistcha, L50|\n|poke|p2|Basculegion, L50, M|\n|poke|p2|Talonflame, L50, M|\n|poke|p2|Kingambit, L50, M|\n|poke|p2|Meganium, L50, F|\n|teampreview|4\n|inactive|Battle timer is ON: inactive players will automatically lose when time's up. (requested by ED_AMI<3)\n|inactive|ED_AMI<3 has 60 seconds left.\n|\n|t:|1776359269\n|teamsize|p1|4\n|teamsize|p2|4\n|start\n|switch|p1a: Incineroar|Incineroar, L50, M|100/100\n|switch|p1b: Farigiraf|Farigiraf, L50, F|100/100\n|switch|p2a: Kingambit|Kingambit, L50, M, shiny|100/100\n|switch|p2b: Basculegion|Basculegion, L50, M|100/100\n|-ability|p1a: Incineroar|Intimidate|boost\n|-unboost|p2a: Kingambit|atk|1\n|-ability|p2a: Kingambit|Defiant|boost\n|-boost|p2a: Kingambit|atk|2\n|-unboost|p2b: Basculegion|atk|1\n|turn|1\n|\n|t:|1776359288\n|switch|p1b: Sneasler|Sneasler, L50, M|100/100\n|move|p2b: Basculegion|Flip Turn|p1a: Incineroar\n|-supereffective|p1a: Incineroar|1\n|-damage|p1a: Incineroar|55/100\n|\n|t:|1776359303\n|switch|p2b: Meganium|Meganium, L50, F, shiny|100/100|[from] Flip Turn\n|move|p2a: Kingambit|Kowtow Cleave|p1b: Sneasler\n|-resisted|p1b: Sneasler|1\n|-damage|p1b: Sneasler|45/100\n|move|p1a: Incineroar|Flare Blitz|p2a: Kingambit\n|-supereffective|p2a: Kingambit|1\n|-damage|p2a: Kingambit|4/100\n|-status|p2a: Kingambit|brn\n|-damage|p1a: Incineroar|27/100|[from] Recoil\n|-enditem|p1a: Incineroar|Sitrus Berry|[eat]\n|-heal|p1a: Incineroar|52/100|[from] item: Sitrus Berry\n|\n|-damage|p2a: Kingambit|0 fnt|[from] brn\n|faint|p2a: Kingambit\n|upkeep\n|\n|t:|1776359313\n|switch|p2a: Basculegion|Basculegion, L50, M|100/100\n|turn|2\n|inactive|ED_AMI<3 has 30 seconds left.\n|inactive|ED_AMI<3 has 20 seconds left.\n|inactive|ED_AMI<3 has 15 seconds left.\n|\n|t:|1776359357\n|switch|p1a: Farigiraf|Farigiraf, L50, F|100/100\n|detailschange|p2b: Meganium|Meganium-Mega, L50, F, shiny\n|-mega|p2b: Meganium|Meganium|Meganiumite\n|move|p1b: Sneasler|Protect|p1b: Sneasler\n|-singleturn|p1b: Sneasler|Protect\n|move|p2b: Meganium|Protect|p2b: Meganium\n|-singleturn|p2b: Meganium|Protect\n|move|p2a: Basculegion|Wave Crash|p1a: Farigiraf\n|-damage|p1a: Farigiraf|16/100\n|-damage|p2a: Basculegion|68/100|[from] Recoil\n|\n|upkeep\n|turn|3\n|\n|t:|1776359370\n|move|p2a: Basculegion|Wave Crash|p1b: Sneasler\n|-damage|p1b: Sneasler|0 fnt\n|faint|p1b: Sneasler\n|-damage|p2a: Basculegion|57/100|[from] Recoil\n|move|p2b: Meganium|Dazzling Gleam|p1a: Farigiraf\n|-damage|p1a: Farigiraf|0 fnt\n|faint|p1a: Farigiraf\n|\n|upkeep\n|\n|t:|1776359374\n|switch|p1b: Incineroar|Incineroar, L50, M|52/100\n|switch|p1a: Rotom|Rotom-Mow, L50|100/100\n|-ability|p1b: Incineroar|Intimidate|boost\n|-unboost|p2a: Basculegion|atk|1\n|-unboost|p2b: Meganium|atk|1\n|turn|4\n|\n|t:|1776359386\n|move|p2b: Meganium|Protect|p2b: Meganium\n|-singleturn|p2b: Meganium|Protect\n|move|p2a: Basculegion|Wave Crash|p1b: Incineroar\n|-supereffective|p1b: Incineroar|1\n|-damage|p1b: Incineroar|0 fnt\n|faint|p1b: Incineroar\n|-damage|p2a: Basculegion|39/100|[from] Recoil\n|move|p1a: Rotom|Thunderbolt|p2a: Basculegion\n|-supereffective|p2a: Basculegion|1\n|-damage|p2a: Basculegion|0 fnt\n|faint|p2a: Basculegion\n|\n|upkeep\n|\n|t:|1776359391\n|switch|p2a: Sinistcha|Sinistcha, L50|100/100\n|turn|5\n|\n|t:|1776359408\n|move|p2a: Sinistcha|Rage Powder|p2a: Sinistcha\n|-singleturn|p2a: Sinistcha|move: Rage Powder\n|move|p1a: Rotom|Thunderbolt|p2a: Sinistcha\n|-resisted|p2a: Sinistcha|1\n|-damage|p2a: Sinistcha|81/100\n|move|p2b: Meganium|Weather Ball|p1a: Rotom\n|-supereffective|p1a: Rotom|1\n|-damage|p1a: Rotom|0 fnt\n|faint|p1a: Rotom\n|\n|win|Aurasteal\n|raw|ED_AMI&lt;3's rating: 1354 &rarr; <strong>1340</strong><br />(-14 for losing)\n|raw|Aurasteal's rating: 1460 &rarr; <strong>1474</strong><br />(+14 for winning)\n",
  "uploadtime": 1776359413,
  "views": 55,
  "formatid": "gen9championsvgc2026regma",
  "rating": 1340,
  "private": 0,
  "password": null
}