{
  "id": "gen9championsvgc2026regma-2580950002",
  "format": "[Gen 9 Champions] VGC 2026 Reg M-A",
  "players": [
    "Naptto",
    "avulcanooo"
  ],
  "log": "|j|\u2606Naptto\n|j|\u2606avulcanooo\n|html|<table width=\"100%\"><tr><td align=\"left\">Naptto</td><td align=\"right\">avulcanooo</tr><tr><td align=\"left\"><i class=\"fa fa-circle\"></i> <i class=\"fa fa-circle-o\"></i> </td><td align=\"right\"><i class=\"fa fa-circle-o\"></i> <i class=\"fa fa-circle\"></i> </tr></table>\n|uhtml|bestof|<h2><strong>Game 3</strong> of <a href=\"/game-bestof3-gen9championsvgc2026regma-2580945211\">a best-of-3</a></h2>\n|t:|1775945973\n|gametype|doubles\n|player|p1|Naptto|jacinthe|\n|player|p2|avulcanooo|marley|\n|gen|9\n|tier|[Gen 9 Champions] VGC 2026 Reg M-A\n|rule|Species Clause: Limit one of each Pok\u00e9mon\n|rule|Item Clause: Limit 1 of each item\n|raw|<div class=\"infobox\"><details class=\"readmore\" open><summary><strong>1 custom rule:</strong></summary> Best of = 3</details></div>\n|clearpoke\n|poke|p1|Charizard, L50, F|\n|poke|p1|Whimsicott, L50, M|\n|poke|p1|Incineroar, L50, M|\n|poke|p1|Venusaur, L50, M|\n|poke|p1|Maushold, L50|\n|poke|p1|Garchomp, L50, M|\n|poke|p2|Sneasler, L50, F|\n|poke|p2|Kingambit, L50, M|\n|poke|p2|Clefable, L50, M|\n|poke|p2|Delphox, L50, M|\n|poke|p2|Dragonite, L50, F|\n|poke|p2|Basculegion, L50, M|\n|teampreview|4\n|inactive|Battle timer is ON: inactive players will automatically lose when time's up. (requested by Naptto)\n|\n|t:|1775945997\n|teamsize|p1|4\n|teamsize|p2|4\n|start\n|switch|p1a: Charizard|Charizard, L50, F|100/100\n|switch|p1b: Venusaur|Venusaur, L50, M|100/100\n|switch|p2a: Sneasler|Sneasler, L50, F|100/100\n|switch|p2b: Dragonite|Dragonite, L50, F|100/100\n|turn|1\n|\n|t:|1775946012\n|detailschange|p1a: Charizard|Charizard-Mega-Y, L50, F\n|-mega|p1a: Charizard|Charizard|Charizardite Y\n|-weather|SunnyDay|[from] ability: Drought|[of] p1a: Charizard\n|detailschange|p2b: Dragonite|Dragonite-Mega, L50, F\n|-mega|p2b: Dragonite|Dragonite|Dragoninite\n|move|p2a: Sneasler|Fake Out|p1a: Charizard\n|-damage|p1a: Charizard|80/100\n|move|p1b: Venusaur|Sleep Powder|p2a: Sneasler\n|-status|p2a: Sneasler|slp|[from] move: Sleep Powder\n|cant|p1a: Charizard|flinch\n|move|p2b: Dragonite|Ice Spinner|p1b: Venusaur\n|-supereffective|p1b: Venusaur|1\n|-damage|p1b: Venusaur|35/100\n|\n|-weather|SunnyDay|[upkeep]\n|upkeep\n|turn|2\n|inactive|Naptto has 30 seconds left.\n|inactive|avulcanooo has 30 seconds left.\n|inactive|avulcanooo has 20 seconds left.\n|\n|t:|1775946047\n|switch|p1b: Incineroar|Incineroar, L50, M|100/100\n|-ability|p1b: Incineroar|Intimidate|boost\n|-unboost|p2a: Sneasler|atk|1\n|-unboost|p2b: Dragonite|atk|1\n|move|p2b: Dragonite|Protect|p2b: Dragonite\n|-singleturn|p2b: Dragonite|Protect\n|cant|p2a: Sneasler|slp\n|move|p1a: Charizard|Heat Wave|p2a: Sneasler|[spread] p2a\n|-activate|p2b: Dragonite|move: Protect\n|-damage|p2a: Sneasler|11/100 slp\n|\n|-weather|SunnyDay|[upkeep]\n|upkeep\n|turn|3\n|inactive|avulcanooo has 30 seconds left.\n|\n|t:|1775946076\n|move|p1b: Incineroar|Fake Out|p2b: Dragonite\n|-damage|p2b: Dragonite|96/100\n|cant|p2a: Sneasler|slp\n|move|p1a: Charizard|Heat Wave|p2b: Dragonite|[spread] p2a,p2b\n|-resisted|p2b: Dragonite|1\n|-damage|p2a: Sneasler|0 fnt\n|-damage|p2b: Dragonite|70/100\n|faint|p2a: Sneasler\n|cant|p2b: Dragonite|flinch\n|\n|-weather|SunnyDay|[upkeep]\n|upkeep\n|\n|t:|1775946083\n|switch|p2a: Kingambit|Kingambit, L50, M|100/100\n|turn|4\n|inactive|avulcanooo has 30 seconds left.\n|\n|t:|1775946114\n|move|p2a: Kingambit|Protect|p2a: Kingambit\n|-singleturn|p2a: Kingambit|Protect\n|move|p1a: Charizard|Heat Wave|p2b: Dragonite|[spread] p2b\n|-activate|p2a: Kingambit|move: Protect\n|-resisted|p2b: Dragonite|1\n|-damage|p2b: Dragonite|46/100\n|-status|p2b: Dragonite|brn\n|move|p2b: Dragonite|Scale Shot|p1a: Charizard\n|-damage|p1a: Charizard|74/100\n|-damage|p1a: Charizard|68/100\n|-damage|p1a: Charizard|62/100\n|-damage|p1a: Charizard|55/100\n|-hitcount|p1a: Charizard|4\n|-unboost|p2b: Dragonite|def|1\n|-boost|p2b: Dragonite|spe|1\n|move|p1b: Incineroar|Parting Shot|p2b: Dragonite\n|-unboost|p2b: Dragonite|atk|1\n|-unboost|p2b: Dragonite|spa|1\n|\n|t:|1775946131\n|switch|p1b: Maushold|Maushold, L50|100/100|[from] Parting Shot\n|\n|-weather|SunnyDay|[upkeep]\n|-damage|p2b: Dragonite|40/100 brn|[from] brn\n|upkeep\n|turn|5\n|\n|t:|1775946142\n|move|p2b: Dragonite|Extreme Speed|p1a: Charizard\n|-damage|p1a: Charizard|49/100\n|move|p1b: Maushold|Follow Me|p1b: Maushold\n|-singleturn|p1b: Maushold|move: Follow Me\n|move|p1a: Charizard|Heat Wave|p2a: Kingambit|[spread] p2a,p2b\n|-supereffective|p2a: Kingambit|1\n|-resisted|p2b: Dragonite|1\n|-damage|p2a: Kingambit|0 fnt\n|-damage|p2b: Dragonite|16/100 brn\n|faint|p2a: Kingambit\n|\n|-weather|none\n|-damage|p2b: Dragonite|10/100 brn|[from] brn\n|upkeep\n|\n|t:|1775946148\n|switch|p2a: Basculegion|Basculegion, L50, M|100/100\n|turn|6\n|\n|t:|1775946159\n|move|p1b: Maushold|Follow Me|p1b: Maushold\n|-singleturn|p1b: Maushold|move: Follow Me\n|move|p2a: Basculegion|Last Respects|p1b: Maushold\n|-immune|p1b: Maushold\n|move|p2b: Dragonite|Ice Spinner|p1b: Maushold\n|-damage|p1b: Maushold|91/100\n|move|p1a: Charizard|Solar Beam||[still]\n|-prepare|p1a: Charizard|Solar Beam\n|\n|-damage|p2b: Dragonite|4/100 brn|[from] brn\n|upkeep\n|turn|7\n|\n|t:|1775946177\n|move|p2b: Dragonite|Extreme Speed|p1b: Maushold\n|-damage|p1b: Maushold|80/100\n|move|p1b: Maushold|Follow Me|p1b: Maushold\n|-singleturn|p1b: Maushold|move: Follow Me\n|move|p2a: Basculegion|Last Respects|p1b: Maushold\n|-immune|p1b: Maushold\n|move|p1a: Charizard|Solar Beam|p2a: Basculegion|[from] lockedmove\n|-supereffective|p2a: Basculegion|1\n|-damage|p2a: Basculegion|0 fnt\n|faint|p2a: Basculegion\n|\n|-damage|p2b: Dragonite|0 fnt|[from] brn\n|faint|p2b: Dragonite\n|\n|win|Naptto\n|l|\u2606avulcanooo\n|player|p2|\n",
  "uploadtime": 1775946200,
  "views": 9,
  "formatid": "gen9championsvgc2026regma",
  "rating": null,
  "private": 0,
  "password": null
}