{
  "id": "gen9championsvgc2026regma-2585966833",
  "format": "[Gen 9 Champions] VGC 2026 Reg M-A",
  "players": [
    "clpb",
    "kslfdslkjf"
  ],
  "log": "|j|\u2606clpb\n|j|\u2606kslfdslkjf\n|t:|1776385893\n|gametype|doubles\n|player|p1|clpb|2|1086\n|player|p2|kslfdslkjf|2|1050\n|gen|9\n|tier|[Gen 9 Champions] VGC 2026 Reg M-A\n|rated|\n|rule|Species Clause: Limit one of each Pok\u00e9mon\n|rule|Item Clause: Limit 1 of each item\n|clearpoke\n|poke|p1|Tinkaton, L50, F|\n|poke|p1|Altaria, L50, F|\n|poke|p1|Basculegion, L50, M|\n|poke|p1|Excadrill, L50, F|\n|poke|p1|Floette-Eternal, L50, F|\n|poke|p1|Rotom-Wash, L50|\n|poke|p2|Meganium, L50, M|\n|poke|p2|Aerodactyl, L50, F|\n|poke|p2|Archaludon, L50, M|\n|poke|p2|Typhlosion-Hisui, L50, M|\n|poke|p2|Kangaskhan, L50, F|\n|poke|p2|Tauros-Paldea-Aqua, L50, M|\n|teampreview|4\n|inactive|Battle timer is ON: inactive players will automatically lose when time's up. (requested by clpb)\nkslfdslkjf rejected open team sheets.\n|\n|t:|1776385911\n|teamsize|p1|4\n|teamsize|p2|4\n|start\n|switch|p1a: Altaria|Altaria, L50, F|100/100\n|switch|p1b: Tinkaton|Tinkaton, L50, F|100/100\n|switch|p2a: Archaludon|Archaludon, L50, M|100/100\n|switch|p2b: Aerodactyl|Aerodactyl, L50, F|100/100\n|-ability|p2b: Aerodactyl|Unnerve\n|-ability|p1a: Altaria|Cloud Nine\n|turn|1\n|\n|t:|1776385922\n|switch|p2a: Kangaskhan|Kangaskhan, L50, F|100/100\n|move|p1b: Tinkaton|Fake Out|p2b: Aerodactyl\n|-resisted|p2b: Aerodactyl|1\n|-damage|p2b: Aerodactyl|93/100\n|cant|p2b: Aerodactyl|flinch\n|move|p1a: Altaria|Tailwind|p1a: Altaria\n|-sidestart|p1: clpb|move: Tailwind\n|\n|upkeep\n|turn|2\n|\n|t:|1776385940\n|detailschange|p2a: Kangaskhan|Kangaskhan-Mega, L50, F\n|-mega|p2a: Kangaskhan|Kangaskhan|Kangaskhanite\n|move|p2a: Kangaskhan|Fake Out|p1a: Altaria\n|-damage|p1a: Altaria|74/100\n|-damage|p1a: Altaria|68/100\n|-hitcount|p1a: Altaria|2\n|move|p1b: Tinkaton|Gigaton Hammer|p2b: Aerodactyl\n|-supereffective|p2b: Aerodactyl|1\n|-damage|p2b: Aerodactyl|0 fnt\n|faint|p2b: Aerodactyl\n|cant|p1a: Altaria|flinch\n|\n|upkeep\n|\n|t:|1776385950\n|switch|p2b: Typhlosion|Typhlosion-Hisui, L50, M|100/100\n|-item|p1a: Altaria|Focus Sash|[from] ability: Frisk|[of] p2b: Typhlosion\n|-item|p1b: Tinkaton|Metal Coat|[from] ability: Frisk|[of] p2b: Typhlosion\n|turn|3\n|\n|t:|1776385968\n|move|p2a: Kangaskhan|Sucker Punch|p1a: Altaria\n|-damage|p1a: Altaria|36/100\n|-damage|p1a: Altaria|28/100\n|-hitcount|p1a: Altaria|2\n|move|p1b: Tinkaton|Knock Off|p2b: Typhlosion\n|-supereffective|p2b: Typhlosion|1\n|-damage|p2b: Typhlosion|33/100\n|-enditem|p2b: Typhlosion|Choice Scarf|[from] move: Knock Off|[of] p1b: Tinkaton\n|move|p1a: Altaria|Draco Meteor|p2a: Kangaskhan\n|-damage|p2a: Kangaskhan|67/100\n|-unboost|p1a: Altaria|spa|2\n|move|p2b: Typhlosion|Eruption|p1b: Tinkaton|[spread] p1a,p1b\n|-resisted|p1a: Altaria|1\n|-supereffective|p1b: Tinkaton|1\n|-damage|p1a: Altaria|20/100\n|-damage|p1b: Tinkaton|62/100\n|\n|upkeep\n|turn|4\n|inactive|clpb has 30 seconds left.\n|inactive|kslfdslkjf has 30 seconds left.\n|\n|t:|1776386000\n|move|p1a: Altaria|Protect|p1a: Altaria\n|-singleturn|p1a: Altaria|Protect\n|move|p2a: Kangaskhan|Sucker Punch||[still]\n|-fail|p2a: Kangaskhan\n|move|p1b: Tinkaton|Knock Off|p2b: Typhlosion\n|-supereffective|p2b: Typhlosion|1\n|-damage|p2b: Typhlosion|0 fnt\n|faint|p2b: Typhlosion\n|\n|-sideend|p1: clpb|move: Tailwind\n|upkeep\n|\n|t:|1776386003\n|switch|p2b: Archaludon|Archaludon, L50, M|100/100\n|turn|5\n|-message|kslfdslkjf forfeited.\n|\n|win|clpb\n|raw|clpb's rating: 1086 &rarr; <strong>1110</strong><br />(+24 for winning)\n|raw|kslfdslkjf's rating: 1050 &rarr; <strong>1034</strong><br />(-16 for losing)\n|l|\u2606kslfdslkjf\n|player|p2|\n",
  "uploadtime": 1776386029,
  "views": 21,
  "formatid": "gen9championsvgc2026regma",
  "rating": 1034,
  "private": 0,
  "password": null
}