{
  "id": "gen9championsvgc2026regma-2581628820",
  "format": "[Gen 9 Champions] VGC 2026 Reg M-A",
  "players": [
    "Kao Liang",
    "red12121"
  ],
  "log": "|j|\u2606Kao Liang\n|j|\u2606red12121\n|t:|1776016345\n|gametype|doubles\n|player|p1|Kao Liang|kieran-champion|1191\n|player|p2|red12121|red|1238\n|gen|9\n|tier|[Gen 9 Champions] VGC 2026 Reg M-A\n|rated|\n|rule|Species Clause: Limit one of each Pok\u00e9mon\n|rule|Item Clause: Limit 1 of each item\n|clearpoke\n|poke|p1|Charizard, L50, M|\n|poke|p1|Incineroar, L50, M|\n|poke|p1|Oranguru, L50, M|\n|poke|p1|Torkoal, L50, F|\n|poke|p1|Golurk, L50|\n|poke|p1|Maushold, L50|\n|poke|p2|Orthworm, L50, M|\n|poke|p2|Basculegion, L50, M|\n|poke|p2|Incineroar, L50, M|\n|poke|p2|Dragonite, L50, M|\n|poke|p2|Garchomp, L50, M|\n|poke|p2|Pelipper, L50, F|\n|teampreview|4\n|inactive|Battle timer is ON: inactive players will automatically lose when time's up. (requested by Kao Liang)\n|\n|t:|1776016371\n|teamsize|p1|4\n|teamsize|p2|4\n|start\n|switch|p1a: Incineroar|Incineroar, L50, M|100/100\n|switch|p1b: Oranguru|Oranguru, L50, M|100/100\n|switch|p2a: Garchomp|Garchomp, L50, M|100/100\n|switch|p2b: Orthworm|Orthworm, L50, M|100/100\n|-ability|p1a: Incineroar|Intimidate|boost\n|-unboost|p2a: Garchomp|atk|1\n|-unboost|p2b: Orthworm|atk|1\n|turn|1\n|\n|t:|1776016393\n|move|p2a: Garchomp|Protect|p2a: Garchomp\n|-singleturn|p2a: Garchomp|Protect\n|move|p2b: Orthworm|Protect|p2b: Orthworm\n|-singleturn|p2b: Orthworm|Protect\n|move|p1a: Incineroar|Fake Out|p2a: Garchomp\n|-activate|p2a: Garchomp|move: Protect\n|move|p1b: Oranguru|Trick Room|p1b: Oranguru\n|-fieldstart|move: Trick Room|[of] p1b: Oranguru\n|\n|upkeep\n|turn|2\n|inactive|red12121 has 30 seconds left.\n|inactive|red12121 has 20 seconds left.\n|inactive|red12121 has 15 seconds left.\n|\n|t:|1776016437\n|switch|p2a: Pelipper|Pelipper, L50, F|100/100\n|-weather|RainDance|[from] ability: Drizzle|[of] p2a: Pelipper\n|move|p1a: Incineroar|Flare Blitz|p2b: Orthworm\n|-supereffective|p2b: Orthworm|1\n|-damage|p2b: Orthworm|62/100\n|-damage|p1a: Incineroar|90/100|[from] Recoil\n|move|p1b: Oranguru|Encore||[still]\n|-fail|p1b: Oranguru\n|move|p2b: Orthworm|Shed Tail|p2b: Orthworm\n|-start|p2b: Orthworm|Substitute|[from] move: Shed Tail\n|-damage|p2b: Orthworm|12/100\n|-enditem|p2b: Orthworm|Sitrus Berry|[eat]\n|-heal|p2b: Orthworm|37/100|[from] item: Sitrus Berry\n|\n|t:|1776016452\n|switch|p2b: Dragonite|Dragonite, L50, M|100/100|[from] Shed Tail\n|\n|-weather|RainDance|[upkeep]\n|upkeep\n|turn|3\n|inactive|red12121 has 30 seconds left.\n|\n|t:|1776016478\n|detailschange|p2b: Dragonite|Dragonite-Mega, L50, M\n|-mega|p2b: Dragonite|Dragonite|Dragoninite\n|move|p1a: Incineroar|Parting Shot|p2b: Dragonite\n|-unboost|p2b: Dragonite|atk|1\n|-unboost|p2b: Dragonite|spa|1\n|\n|t:|1776016484\n|switch|p1a: Torkoal|Torkoal, L50, F|100/100|[from] Parting Shot\n|-weather|SunnyDay|[from] ability: Drought|[of] p1a: Torkoal\n|move|p1b: Oranguru|Psychic|p2a: Pelipper\n|-damage|p2a: Pelipper|71/100\n|move|p2a: Pelipper|Weather Ball|p1a: Torkoal\n|-resisted|p1a: Torkoal|1\n|-damage|p1a: Torkoal|78/100\n|move|p2b: Dragonite|Hurricane|p1a: Torkoal|[miss]\n|-miss|p2b: Dragonite|p1a: Torkoal\n|\n|-weather|SunnyDay|[upkeep]\n|-heal|p2a: Pelipper|77/100|[from] item: Leftovers\n|upkeep\n|turn|4\n|inactive|red12121 has 30 seconds left.\n|\n|t:|1776016517\n|switch|p2a: Orthworm|Orthworm, L50, M|37/100\n|move|p2b: Dragonite|Protect|p2b: Dragonite\n|-singleturn|p2b: Dragonite|Protect\n|move|p1a: Torkoal|Weather Ball|p2a: Orthworm\n|-supereffective|p2a: Orthworm|1\n|-damage|p2a: Orthworm|0 fnt\n|faint|p2a: Orthworm\n|move|p1b: Oranguru|Encore|p2b: Dragonite\n|-activate|p2b: Dragonite|move: Protect\n|\n|-weather|SunnyDay|[upkeep]\n|upkeep\n|\n|t:|1776016530\n|switch|p2a: Pelipper|Pelipper, L50, F|77/100\n|-weather|RainDance|[from] ability: Drizzle|[of] p2a: Pelipper\n|turn|5\n|inactive|red12121 has 30 seconds left.\n|\n|t:|1776016560\n|switch|p1a: Incineroar|Incineroar, L50, M|90/100\n|-ability|p1a: Incineroar|Intimidate|boost\n|-unboost|p2a: Pelipper|atk|1\n|-immune|p2b: Dragonite\n|move|p1b: Oranguru|Encore|p2b: Dragonite\n|-start|p2b: Dragonite|Encore\n|move|p2b: Dragonite|Protect||[still]\n|-fail|p2b: Dragonite\n|move|p2a: Pelipper|Weather Ball|p1a: Incineroar\n|-supereffective|p1a: Incineroar|1\n|-damage|p1a: Incineroar|0 fnt\n|faint|p1a: Incineroar\n|\n|-weather|RainDance|[upkeep]\n|-heal|p2a: Pelipper|83/100|[from] item: Leftovers\n|-fieldend|move: Trick Room\n|upkeep\n|\n|t:|1776016574\n|switch|p1a: Torkoal|Torkoal, L50, F|78/100\n|-weather|SunnyDay|[from] ability: Drought|[of] p1a: Torkoal\n|turn|6\n|\n|t:|1776016592\n|switch|p2a: Garchomp|Garchomp, L50, M|100/100\n|move|p2b: Dragonite|Protect|p2b: Dragonite\n|-singleturn|p2b: Dragonite|Protect\n|move|p1a: Torkoal|Eruption|p2b: Dragonite|[spread] p2a\n|-activate|p2b: Dragonite|move: Protect\n|-resisted|p2a: Garchomp|1\n|-damage|p2a: Garchomp|62/100\n|move|p1b: Oranguru|Trick Room|p1b: Oranguru\n|-fieldstart|move: Trick Room|[of] p1b: Oranguru\n|\n|-weather|SunnyDay|[upkeep]\n|upkeep\n|turn|7\n|inactive|Kao Liang has 30 seconds left.\n|inactive|red12121 has 30 seconds left.\n|\n|t:|1776016625\n|switch|p1a: Golurk|Golurk, L50|100/100\n|switch|p2a: Pelipper|Pelipper, L50, F|83/100\n|-weather|RainDance|[from] ability: Drizzle|[of] p2a: Pelipper\n|move|p2b: Dragonite|Protect||[still]\n|-fail|p2b: Dragonite\n|move|p1b: Oranguru|Psychic|p2a: Pelipper\n|-damage|p2a: Pelipper|56/100\n|\n|-weather|RainDance|[upkeep]\n|-heal|p2a: Pelipper|62/100|[from] item: Leftovers\n|-end|p2b: Dragonite|Encore\n|upkeep\n|turn|8\n|inactive|Kao Liang has 30 seconds left.\n|inactive|red12121 has 30 seconds left.\n|inactive|red12121 has 20 seconds left.\n|inactive|red12121 has 15 seconds left.\n|\n|t:|1776016669\n|detailschange|p1a: Golurk|Golurk-Mega, L50\n|-mega|p1a: Golurk|Golurk|Golurkite\n|move|p1a: Golurk|Thunder Punch|p2a: Pelipper\n|-supereffective|p2a: Pelipper|2\n|-damage|p2a: Pelipper|0 fnt\n|faint|p2a: Pelipper\n|move|p1b: Oranguru|Encore|p2b: Dragonite\n|-start|p2b: Dragonite|Encore\n|move|p2b: Dragonite|Protect|p2b: Dragonite\n|-singleturn|p2b: Dragonite|Protect\n|\n|-weather|RainDance|[upkeep]\n|upkeep\n|\n|t:|1776016679\n|switch|p2a: Garchomp|Garchomp, L50, M|62/100\n|turn|9\n|\n|t:|1776016696\n|move|p2b: Dragonite|Protect|p2b: Dragonite\n|-singleturn|p2b: Dragonite|Protect\n|move|p1a: Golurk|Poltergeist|p2a: Garchomp|[miss]\n|-miss|p1a: Golurk|p2a: Garchomp\n|move|p1b: Oranguru|Instruct|p1a: Golurk\n|-singleturn|p1a: Golurk|move: Instruct|[of] p1b: Oranguru\n|move|p1a: Golurk|Poltergeist|p2a: Garchomp\n|-activate|p2a: Garchomp|move: Poltergeist|Focus Sash\n|-crit|p2a: Garchomp\n|-damage|p2a: Garchomp|0 fnt\n|faint|p2a: Garchomp\n|\n|-weather|RainDance|[upkeep]\n|upkeep\n|turn|10\n|\n|t:|1776016714\n|move|p2b: Dragonite|Protect||[still]\n|-fail|p2b: Dragonite\n|move|p1a: Golurk|Poltergeist|p2b: Dragonite\n|-activate|p2b: Dragonite|move: Poltergeist|Dragoninite\n|-end|p2b: Dragonite|Substitute\n|move|p1b: Oranguru|Instruct|p1a: Golurk\n|-singleturn|p1a: Golurk|move: Instruct|[of] p1b: Oranguru\n|move|p1a: Golurk|Poltergeist|p2b: Dragonite\n|-activate|p2b: Dragonite|move: Poltergeist|Dragoninite\n|-crit|p2b: Dragonite\n|-damage|p2b: Dragonite|51/100\n|\n|-weather|RainDance|[upkeep]\n|-end|p2b: Dragonite|Encore\n|-fieldend|move: Trick Room\n|upkeep\n|turn|11\n|\n|t:|1776016731\n|move|p1a: Golurk|Protect|p1a: Golurk\n|-singleturn|p1a: Golurk|Protect\n|move|p2b: Dragonite|Dragon Pulse|p1b: Oranguru\n|-damage|p1b: Oranguru|78/100\n|move|p1b: Oranguru|Trick Room|p1b: Oranguru\n|-fieldstart|move: Trick Room|[of] p1b: Oranguru\n|\n|-weather|none\n|upkeep\n|turn|12\n|\n|t:|1776016746\n|move|p1a: Golurk|Thunder Punch|p2b: Dragonite\n|-damage|p2b: Dragonite|20/100\n|move|p1b: Oranguru|Instruct|p1a: Golurk\n|-singleturn|p1a: Golurk|move: Instruct|[of] p1b: Oranguru\n|move|p1a: Golurk|Thunder Punch|p2b: Dragonite\n|-damage|p2b: Dragonite|0 fnt\n|faint|p2b: Dragonite\n|\n|win|Kao Liang\n|raw|Kao Liang's rating: 1191 &rarr; <strong>1219</strong><br />(+28 for winning)\n|raw|red12121's rating: 1238 &rarr; <strong>1210</strong><br />(-28 for losing)\n|l|\u2606red12121\n|player|p2|\n|l|\u2606Kao Liang\n|player|p1|\n|j|\u2606Kao Liang\n|player|p1|Kao Liang|kieran-champion|\n",
  "uploadtime": 1776016760,
  "views": 19,
  "formatid": "gen9championsvgc2026regma",
  "rating": 1210,
  "private": 0,
  "password": null
}