{
  "id": "gen9championsvgc2026regma-2584862707",
  "format": "[Gen 9 Champions] VGC 2026 Reg M-A",
  "players": [
    "yuriimon",
    "zvsdfs"
  ],
  "log": "|j|\u2606yuriimon\n|j|\u2606zvsdfs\n|t:|1776289584\n|gametype|doubles\n|player|p1|yuriimon|waitress-gen4|1083\n|player|p2|zvsdfs|2|1030\n|gen|9\n|tier|[Gen 9 Champions] VGC 2026 Reg M-A\n|rated|\n|rule|Species Clause: Limit one of each Pok\u00e9mon\n|rule|Item Clause: Limit 1 of each item\n|clearpoke\n|poke|p1|Glimmora, L50, F|\n|poke|p1|Incineroar, L50, M|\n|poke|p1|Archaludon, L50, F|\n|poke|p1|Politoed, L50, M|\n|poke|p1|Basculegion, L50, M|\n|poke|p1|Chesnaught, L50, F|\n|poke|p2|Zoroark-Hisui, L50, F|\n|poke|p2|Sneasler, L50, F|\n|poke|p2|Kingambit, L50, M|\n|poke|p2|Primarina, L50, F|\n|poke|p2|Dragonite, L50, F|\n|poke|p2|Sinistcha, L50|\n|teampreview|4\n|inactive|Battle timer is ON: inactive players will automatically lose when time's up. (requested by yuriimon)\n|inactive|yuriimon has 60 seconds left.\n|\n|t:|1776289629\n|teamsize|p1|4\n|teamsize|p2|4\n|start\n|switch|p1a: Incineroar|Incineroar, L50, M|100/100\n|switch|p1b: Basculegion|Basculegion, L50, M|100/100\n|switch|p2a: Dragonite|Dragonite, L50, F|100/100\n|switch|p2b: Sneasler|Sneasler, L50, F|100/100\n|-ability|p1a: Incineroar|Intimidate|boost\n|-unboost|p2a: Dragonite|atk|1\n|-unboost|p2b: Sneasler|atk|1\n|turn|1\n|\n|t:|1776289643\n|detailschange|p2a: Dragonite|Dragonite-Mega, L50, F\n|-mega|p2a: Dragonite|Dragonite|Dragoninite\n|move|p2b: Sneasler|Fake Out|p1a: Incineroar\n|-crit|p1a: Incineroar\n|-damage|p1a: Incineroar|81/100\n|cant|p1a: Incineroar|flinch\n|move|p2a: Dragonite|Thunder|p1b: Basculegion|[miss]\n|-miss|p2a: Dragonite|p1b: Basculegion\n|move|p1b: Basculegion|Psychic Fangs|p2b: Sneasler\n|-supereffective|p2b: Sneasler|2\n|-damage|p2b: Sneasler|0 fnt\n|faint|p2b: Sneasler\n|\n|upkeep\n|\n|t:|1776289656\n|switch|p2b: Sinistcha|Sinistcha, L50|100/100\n|turn|2\n|\n|t:|1776289671\n|switch|p1b: Archaludon|Archaludon, L50, F|100/100\n|move|p2a: Dragonite|Thunder|p1b: Archaludon\n|-resisted|p1b: Archaludon|1\n|-damage|p1b: Archaludon|76/100\n|-ability|p1b: Archaludon|Stamina|boost\n|-boost|p1b: Archaludon|def|1\n|move|p2b: Sinistcha|Matcha Gotcha|p1b: Archaludon|[spread] p1a,p1b\n|-resisted|p1a: Incineroar|1\n|-resisted|p1b: Archaludon|2\n|-damage|p1a: Incineroar|67/100\n|-damage|p1b: Archaludon|68/100\n|-status|p1b: Archaludon|brn\n|-ability|p1b: Archaludon|Stamina|boost\n|-boost|p1b: Archaludon|def|1\n|move|p1a: Incineroar|Parting Shot|p2a: Dragonite\n|-unboost|p2a: Dragonite|atk|1\n|-unboost|p2a: Dragonite|spa|1\n|\n|t:|1776289688\n|switch|p1a: Basculegion|Basculegion, L50, M|100/100|[from] Parting Shot\n|\n|-damage|p1b: Archaludon|62/100 brn|[from] brn\n|upkeep\n|turn|3\n|\n|t:|1776289705\n|move|p1a: Basculegion|Aqua Jet|p2a: Dragonite\n|-resisted|p2a: Dragonite|1\n|-damage|p2a: Dragonite|95/100\n|move|p2a: Dragonite|Ice Beam|p1b: Archaludon\n|-damage|p1b: Archaludon|39/100 brn\n|-ability|p1b: Archaludon|Stamina|boost\n|-boost|p1b: Archaludon|def|1\n|move|p2b: Sinistcha|Matcha Gotcha|p1a: Basculegion|[spread] p1a,p1b\n|-supereffective|p1a: Basculegion|1\n|-resisted|p1b: Archaludon|2\n|-damage|p1a: Basculegion|20/100\n|-damage|p1b: Archaludon|31/100 brn\n|-ability|p1b: Archaludon|Stamina|boost\n|-boost|p1b: Archaludon|def|1\n|move|p1b: Archaludon|Draco Meteor|p2a: Dragonite\n|-supereffective|p2a: Dragonite|1\n|-damage|p2a: Dragonite|0 fnt\n|-unboost|p1b: Archaludon|spa|2\n|faint|p2a: Dragonite\n|\n|-damage|p1b: Archaludon|25/100 brn|[from] brn\n|upkeep\n|\n|t:|1776289723\n|switch|p2a: Kingambit|Kingambit, L50, M|100/100\n|turn|4\n|inactive|yuriimon has 30 seconds left.\n|inactive|yuriimon has 20 seconds left.\n|inactive|yuriimon has 15 seconds left.\n|\n|t:|1776289764\n|switch|p1a: Politoed|Politoed, L50, M|100/100\n|-weather|RainDance|[from] ability: Drizzle|[of] p1a: Politoed\n|move|p2b: Sinistcha|Scald|p1b: Archaludon\n|-resisted|p1b: Archaludon|1\n|-damage|p1b: Archaludon|2/100 brn\n|-ability|p1b: Archaludon|Stamina|boost\n|-boost|p1b: Archaludon|def|1\n|move|p1b: Archaludon|Electro Shot||[still]\n|-prepare|p1b: Archaludon|Electro Shot\n|-boost|p1b: Archaludon|spa|1\n|-anim|p1b: Archaludon|Electro Shot|p2a: Kingambit\n|-damage|p2a: Kingambit|72/100\n|move|p2a: Kingambit|Kowtow Cleave|p1a: Politoed\n|-damage|p1a: Politoed|43/100\n|\n|-weather|RainDance|[upkeep]\n|-damage|p1b: Archaludon|0 fnt|[from] brn\n|faint|p1b: Archaludon\n|upkeep\n|\n|t:|1776289779\n|switch|p1b: Basculegion|Basculegion, L50, M|20/100\n|turn|5\n|inactive|yuriimon has 30 seconds left.\n|inactive|yuriimon has 20 seconds left.\n|inactive|yuriimon has 15 seconds left.\n|inactive|yuriimon has 10 seconds left.\n|inactive|yuriimon has 5 seconds left.\n|\n|t:|1776289834\n|move|p1b: Basculegion|Last Respects|p2b: Sinistcha\n|-supereffective|p2b: Sinistcha|1\n|-damage|p2b: Sinistcha|0 fnt\n|faint|p2b: Sinistcha\n|move|p1a: Politoed|Weather Ball|p2a: Kingambit\n|-damage|p2a: Kingambit|20/100\n|move|p2a: Kingambit|Kowtow Cleave|p1b: Basculegion\n|-supereffective|p1b: Basculegion|1\n|-damage|p1b: Basculegion|0 fnt\n|faint|p1b: Basculegion\n|\n|-weather|RainDance|[upkeep]\n|upkeep\n|\n|t:|1776289847\n|switch|p1b: Incineroar|Incineroar, L50, M|67/100\n|-ability|p1b: Incineroar|Intimidate|boost\n|-unboost|p2a: Kingambit|atk|1\n|-ability|p2a: Kingambit|Defiant|boost\n|-boost|p2a: Kingambit|atk|2\n|turn|6\n|\n|t:|1776289857\n|move|p1b: Incineroar|Fake Out|p2a: Kingambit\n|-resisted|p2a: Kingambit|1\n|-damage|p2a: Kingambit|16/100\n|move|p1a: Politoed|Weather Ball|p2a: Kingambit\n|-damage|p2a: Kingambit|0 fnt\n|faint|p2a: Kingambit\n|\n|win|yuriimon\n|raw|yuriimon's rating: 1083 &rarr; <strong>1106</strong><br />(+23 for winning)\n|raw|zvsdfs's rating: 1030 &rarr; <strong>1018</strong><br />(-12 for losing)\n|c|\u2606yuriimon|gg\n",
  "uploadtime": 1776289867,
  "views": 23,
  "formatid": "gen9championsvgc2026regma",
  "rating": 1018,
  "private": 0,
  "password": null
}