{
  "id": "gen9championsvgc2026regma-2588402262",
  "format": "[Gen 9 Champions] VGC 2026 Reg M-A",
  "players": [
    "morton cologne",
    "Snow_Rob"
  ],
  "log": "|j|\u2606morton cologne\n|j|\u2606Snow_Rob\n|t:|1776630497\n|gametype|doubles\n|player|p1|morton cologne|pokemonrangerf|1067\n|player|p2|Snow_Rob|workerice|1000\n|gen|9\n|tier|[Gen 9 Champions] VGC 2026 Reg M-A\n|rated|\n|rule|Species Clause: Limit one of each Pok\u00e9mon\n|rule|Item Clause: Limit 1 of each item\n|clearpoke\n|poke|p1|Aerodactyl, L50, F|\n|poke|p1|Froslass, L50, F|\n|poke|p1|Raichu, L50, M|\n|poke|p1|Garchomp, L50, F|\n|poke|p1|Manectric, L50, M|\n|poke|p1|Hydreigon, L50, M|\n|poke|p2|Froslass, L50, F|\n|poke|p2|Rotom-Frost, L50|\n|poke|p2|Garchomp, L50, F|\n|poke|p2|Milotic, L50, F|\n|poke|p2|Sneasler, L50, M|\n|poke|p2|Talonflame, L50, M|\n|teampreview|4\n|\n|t:|1776630522\n|teamsize|p1|4\n|teamsize|p2|4\n|start\n|switch|p1a: Manectric|Manectric, L50, M|100/100\n|switch|p1b: Raichu|Raichu, L50, M|100/100\n|switch|p2a: Talonflame|Talonflame, L50, M|100/100\n|switch|p2b: Garchomp|Garchomp, L50, F|100/100\n|turn|1\n|\n|t:|1776630540\n|switch|p1a: Aerodactyl|Aerodactyl, L50, F|100/100\n|-ability|p1a: Aerodactyl|Unnerve\n|move|p2a: Talonflame|Protect|p2a: Talonflame\n|-singleturn|p2a: Talonflame|Protect\n|move|p1b: Raichu|Fake Out|p2a: Talonflame\n|-activate|p2a: Talonflame|move: Protect\n|move|p2b: Garchomp|Earthquake|p1b: Raichu|[spread] p1b\n|-activate|p2a: Talonflame|move: Protect\n|-immune|p1a: Aerodactyl\n|-supereffective|p1b: Raichu|1\n|-enditem|p1b: Raichu|Focus Sash\n|-damage|p1b: Raichu|1/100\n|\n|upkeep\n|turn|2\n|\n|t:|1776630566\n|move|p1b: Raichu|Protect|p1b: Raichu\n|-singleturn|p1b: Raichu|Protect\n|move|p2a: Talonflame|Tailwind|p2a: Talonflame\n|-sidestart|p2: Snow_Rob|move: Tailwind\n|move|p2b: Garchomp|Earthquake|p1a: Aerodactyl|[spread] \n|-activate|p1b: Raichu|move: Protect\n|-immune|p2a: Talonflame\n|-immune|p1a: Aerodactyl\n|move|p1a: Aerodactyl|Rock Slide|p2a: Talonflame|[spread] p2a,p2b\n|-supereffective|p2a: Talonflame|2\n|-resisted|p2b: Garchomp|1\n|-enditem|p2a: Talonflame|Focus Sash\n|-damage|p2a: Talonflame|1/100\n|-damage|p2b: Garchomp|88/100\n|\n|upkeep\n|turn|3\n|\n|t:|1776630603\n|switch|p2b: Rotom|Rotom-Frost, L50|100/100\n|move|p2a: Talonflame|Brave Bird|p1b: Raichu\n|-resisted|p1b: Raichu|1\n|-damage|p1b: Raichu|0 fnt\n|faint|p1b: Raichu\n|-damage|p2a: Talonflame|0 fnt|[from] Recoil\n|faint|p2a: Talonflame\n|move|p1a: Aerodactyl|Tailwind|p1a: Aerodactyl\n|-sidestart|p1: morton cologne|move: Tailwind\n|\n|upkeep\n|\n|t:|1776630615\n|switch|p2a: Froslass|Froslass, L50, F|100/100\n|switch|p1b: Manectric|Manectric, L50, M|100/100\n|turn|4\n|\n|t:|1776630625\n|detailschange|p1b: Manectric|Manectric-Mega, L50, M\n|-mega|p1b: Manectric|Manectric|Manectite\n|-ability|p1b: Manectric|Intimidate|boost\n|-unboost|p2a: Froslass|atk|1\n|-unboost|p2b: Rotom|atk|1\n|detailschange|p2a: Froslass|Froslass-Mega, L50, F\n|-mega|p2a: Froslass|Froslass|Froslassite\n|-weather|Snowscape|[from] ability: Snow Warning|[of] p2a: Froslass\n|move|p1b: Manectric|Snarl|p2b: Rotom|[spread] p2a,p2b\n|-supereffective|p2a: Froslass|1\n|-damage|p2a: Froslass|62/100\n|-damage|p2b: Rotom|87/100\n|-unboost|p2a: Froslass|spa|1\n|-unboost|p2b: Rotom|spa|1\n|move|p1a: Aerodactyl|Rock Slide|p2a: Froslass|[spread] p2b\n|-miss|p1a: Aerodactyl|p2a: Froslass\n|-supereffective|p2b: Rotom|1\n|-damage|p2b: Rotom|51/100\n|move|p2a: Froslass|Aurora Veil|p2a: Froslass\n|-sidestart|p2: Snow_Rob|move: Aurora Veil\n|move|p2b: Rotom|Nasty Plot|p2b: Rotom\n|-boost|p2b: Rotom|spa|2\n|\n|-weather|Snowscape|[upkeep]\n|upkeep\n|turn|5\n|\n|t:|1776630652\n|move|p1b: Manectric|Snarl|p2b: Rotom|[spread] p2a,p2b\n|-supereffective|p2a: Froslass|1\n|-damage|p2a: Froslass|37/100\n|-damage|p2b: Rotom|42/100\n|-unboost|p2a: Froslass|spa|1\n|-unboost|p2b: Rotom|spa|1\n|move|p1a: Aerodactyl|Rock Slide|p2a: Froslass|[spread] p2b\n|-miss|p1a: Aerodactyl|p2a: Froslass\n|-supereffective|p2b: Rotom|1\n|-damage|p2b: Rotom|18/100\n|move|p2a: Froslass|Blizzard|p1a: Aerodactyl|[spread] p1a,p1b\n|-supereffective|p1a: Aerodactyl|1\n|-damage|p1a: Aerodactyl|27/100\n|-damage|p1b: Manectric|66/100\n|move|p2b: Rotom|Blizzard|p1a: Aerodactyl|[spread] p1a,p1b\n|-supereffective|p1a: Aerodactyl|1\n|-damage|p1a: Aerodactyl|0 fnt\n|-damage|p1b: Manectric|24/100\n|-enditem|p2b: Rotom|Sitrus Berry|[eat]\n|-heal|p2b: Rotom|42/100|[from] item: Sitrus Berry\n|faint|p1a: Aerodactyl\n|\n|-weather|Snowscape|[upkeep]\n|-sideend|p2: Snow_Rob|move: Tailwind\n|upkeep\n|\n|t:|1776630669\n|switch|p1a: Froslass|Froslass, L50, F|100/100\n|turn|6\n|\n|t:|1776630684\n|switch|p2a: Garchomp|Garchomp, L50, F|88/100\n|move|p1b: Manectric|Flamethrower|p2a: Garchomp\n|-resisted|p2a: Garchomp|1\n|-damage|p2a: Garchomp|78/100\n|move|p1a: Froslass|Blizzard|p2b: Rotom|[spread] p2a,p2b\n|-supereffective|p2a: Garchomp|2\n|-resisted|p2b: Rotom|1\n|-damage|p2a: Garchomp|0 fnt\n|-damage|p2b: Rotom|32/100\n|faint|p2a: Garchomp\n|move|p2b: Rotom|Thunderbolt|p1a: Froslass\n|-damage|p1a: Froslass|45/100\n|-status|p1a: Froslass|par\n|-start|p2b: Rotom|Disable|Thunderbolt|[from] ability: Cursed Body|[of] p1a: Froslass\n|\n|-weather|Snowscape|[upkeep]\n|-sideend|p1: morton cologne|move: Tailwind\n|upkeep\n|\n|t:|1776630702\n|switch|p2a: Froslass|Froslass-Mega, L50, F|37/100\n|turn|7\n|\n|t:|1776630715\n|move|p2a: Froslass|Protect|p2a: Froslass\n|-singleturn|p2a: Froslass|Protect\n|move|p1b: Manectric|Flamethrower|p2a: Froslass\n|-activate|p2a: Froslass|move: Protect\n|move|p2b: Rotom|Blizzard|p1b: Manectric|[spread] p1a,p1b\n|-resisted|p1a: Froslass|1\n|-damage|p1a: Froslass|20/100 par\n|-damage|p1b: Manectric|0 fnt\n|faint|p1b: Manectric\n|move|p1a: Froslass|Blizzard|p2a: Froslass|[spread] p2b\n|-activate|p2a: Froslass|move: Protect\n|-resisted|p2b: Rotom|1\n|-damage|p2b: Rotom|22/100\n|\n|-weather|Snowscape|[upkeep]\n|upkeep\n|turn|8\n|\n|t:|1776630733\n|move|p2b: Rotom|Protect|p2b: Rotom\n|-singleturn|p2b: Rotom|Protect\n|move|p2a: Froslass|Shadow Ball|p1a: Froslass\n|-supereffective|p1a: Froslass|1\n|-damage|p1a: Froslass|0 fnt\n|faint|p1a: Froslass\n|\n|win|Snow_Rob\n|raw|morton cologne's rating: 1067 &rarr; <strong>1043</strong><br />(-24 for losing)\n|raw|Snow_Rob's rating: 1000 &rarr; <strong>1048</strong><br />(+48 for winning)\n|l|\u2606morton cologne\n|player|p1|\n",
  "uploadtime": 1776630788,
  "views": 10,
  "formatid": "gen9championsvgc2026regma",
  "rating": 1043,
  "private": 0,
  "password": null
}