{
  "id": "gen9championsvgc2026regma-2586170967",
  "format": "[Gen 9 Champions] VGC 2026 Reg M-A",
  "players": [
    "Navicula",
    "MvillMpersonality"
  ],
  "log": "|j|\u2606Navicula\n|j|\u2606MvillMpersonality\n|t:|1776408034\n|gametype|doubles\n|player|p1|Navicula|scientist-gen4|1150\n|player|p2|MvillMpersonality|pokemaniac|1210\n|gen|9\n|tier|[Gen 9 Champions] VGC 2026 Reg M-A\n|rated|\n|rule|Species Clause: Limit one of each Pok\u00e9mon\n|rule|Item Clause: Limit 1 of each item\n|clearpoke\n|poke|p1|Audino, L50, M|\n|poke|p1|Kommo-o, L50, M|\n|poke|p1|Sinistcha, L50|\n|poke|p1|Primarina, L50, F|\n|poke|p1|Toucannon, L50, F|\n|poke|p1|Skarmory, L50, F|\n|poke|p2|Scovillain, L50, M|\n|poke|p2|Sinistcha, L50|\n|poke|p2|Hatterene, L50, F|\n|poke|p2|Kingambit, L50, F|\n|poke|p2|Rhyperior, L50, M|\n|poke|p2|Tyranitar, L50, M|\n|teampreview|4\n|c|\u2606MvillMpersonality|glhf\n|\n|t:|1776408095\n|teamsize|p1|4\n|teamsize|p2|4\n|start\n|switch|p1a: Moop|Audino, L50, M, shiny|100/100\n|switch|p1b: Freud Loops|Toucannon, L50, F, shiny|100/100\n|switch|p2a: Scovillain|Scovillain, L50, M|100/100\n|switch|p2b: Rhyperior|Rhyperior, L50, M|100/100\n|turn|1\n|\n|t:|1776408119\n|detailschange|p2a: Scovillain|Scovillain-Mega, L50, M\n|-mega|p2a: Scovillain|Scovillain|Scovillainite\n|-singleturn|p1b: Freud Loops|move: Beak Blast\n|move|p1a: Moop|Ally Switch|p1a: Moop\n|swap|p1a: Moop|1|[from] move: Ally Switch\n|move|p2a: Scovillain|Overheat|p1a: Freud Loops\n|-damage|p1a: Freud Loops|32/100\n|-unboost|p2a: Scovillain|spa|2\n|move|p2b: Rhyperior|Rock Slide|p1b: Moop|[spread] p1a,p1b\n|-supereffective|p1a: Freud Loops|1\n|-damage|p1a: Freud Loops|0 fnt\n|-damage|p1b: Moop|66/100\n|faint|p1a: Freud Loops\n|\n|upkeep\n|\n|t:|1776408138\n|switch|p1a: Rangus Bumclappa|Kommo-o, L50, M|100/100\n|turn|2\n|\n|t:|1776408150\n|switch|p2b: Hatterene|Hatterene, L50, F|100/100\n|move|p2a: Scovillain|Rage Powder|p2a: Scovillain\n|-singleturn|p2a: Scovillain|move: Rage Powder\n|move|p1b: Moop|Simple Beam|p2a: Scovillain\n|-ability|p2a: Scovillain|Simple|Spicy Spray|[from] move: Simple Beam\n|move|p1a: Rangus Bumclappa|Clangorous Soul|p1a: Rangus Bumclappa\n|-boost|p1a: Rangus Bumclappa|atk|1\n|-boost|p1a: Rangus Bumclappa|def|1\n|-boost|p1a: Rangus Bumclappa|spa|1\n|-boost|p1a: Rangus Bumclappa|spd|1\n|-boost|p1a: Rangus Bumclappa|spe|1\n|-damage|p1a: Rangus Bumclappa|68/100\n|\n|upkeep\n|turn|3\n|\n|t:|1776408184\n|switch|p2a: Rhyperior|Rhyperior, L50, M|100/100\n|move|p1a: Rangus Bumclappa|Protect|p1a: Rangus Bumclappa\n|-singleturn|p1a: Rangus Bumclappa|Protect\n|move|p1b: Moop|Wish|p1b: Moop\n|move|p2b: Hatterene|Trick Room|p2b: Hatterene\n|-fieldstart|move: Trick Room|[of] p2b: Hatterene\n|\n|upkeep\n|turn|4\n|\n|t:|1776408217\n|switch|p2b: Scovillain|Scovillain-Mega, L50, M|100/100\n|move|p2a: Rhyperior|Protect|p2a: Rhyperior\n|-singleturn|p2a: Rhyperior|Protect\n|move|p1b: Moop|Simple Beam|p1a: Rangus Bumclappa\n|-ability|p1a: Rangus Bumclappa|Simple|Soundproof|[from] move: Simple Beam\n|move|p1a: Rangus Bumclappa|Drain Punch|p2a: Rhyperior\n|-activate|p2a: Rhyperior|move: Protect\n|\n|-heal|p1b: Moop|100/100|[from] move: Wish|[wisher] Moop\n|upkeep\n|turn|5\n|\n|t:|1776408260\n|switch|p2a: Sinistcha|Sinistcha, L50|100/100\n|move|p1a: Rangus Bumclappa|Protect|p1a: Rangus Bumclappa\n|-singleturn|p1a: Rangus Bumclappa|Protect\n|move|p2b: Scovillain|Overheat|p1a: Rangus Bumclappa\n|-activate|p1a: Rangus Bumclappa|move: Protect\n|move|p1b: Moop|Wish|p1b: Moop\n|\n|upkeep\n|turn|6\n|\n|t:|1776408285\n|switch|p2a: Rhyperior|Rhyperior, L50, M|100/100\n|move|p1b: Moop|Ally Switch|p1b: Moop\n|swap|p1b: Moop|0|[from] move: Ally Switch\n|move|p2b: Scovillain|Overheat|p1a: Moop\n|-damage|p1a: Moop|44/100\n|-unboost|p2b: Scovillain|spa|2\n|move|p1b: Rangus Bumclappa|Clangorous Soul|p1b: Rangus Bumclappa\n|-boost|p1b: Rangus Bumclappa|atk|2\n|-boost|p1b: Rangus Bumclappa|def|2\n|-boost|p1b: Rangus Bumclappa|spa|2\n|-boost|p1b: Rangus Bumclappa|spd|2\n|-boost|p1b: Rangus Bumclappa|spe|2\n|-damage|p1b: Rangus Bumclappa|35/100\n|-enditem|p1b: Rangus Bumclappa|Sitrus Berry|[eat]\n|-heal|p1b: Rangus Bumclappa|59/100|[from] item: Sitrus Berry\n|\n|-heal|p1b: Rangus Bumclappa|100/100|[from] move: Wish|[wisher] Moop\n|upkeep\n|turn|7\n|\n|t:|1776408324\n|switch|p2b: Hatterene|Hatterene, L50, F|100/100\n|move|p2a: Rhyperior|High Horsepower|p1a: Moop\n|-damage|p1a: Moop|0 fnt\n|faint|p1a: Moop\n|move|p1b: Rangus Bumclappa|Drain Punch|p2a: Rhyperior\n|-supereffective|p2a: Rhyperior|1\n|-damage|p2a: Rhyperior|25/100\n|\n|-fieldend|move: Trick Room\n|upkeep\n|\n|t:|1776408334\n|switch|p1a: Brewtwo|Sinistcha, L50|100/100\n|turn|8\n|\n|t:|1776408349\n|switch|p2a: Scovillain|Scovillain-Mega, L50, M|100/100\n|move|p2b: Hatterene|Protect|p2b: Hatterene\n|-singleturn|p2b: Hatterene|Protect\n|move|p1b: Rangus Bumclappa|Flash Cannon|p2b: Hatterene\n|-activate|p2b: Hatterene|move: Protect\n|move|p1a: Brewtwo|Psych Up|p1b: Rangus Bumclappa\n|-copyboost|p1a: Brewtwo|p1b: Rangus Bumclappa|[from] move: Psych Up\n|\n|upkeep\n|turn|9\n|c|\u2606MvillMpersonality|Insane tech btw\n|\n|t:|1776408371\n|move|p2a: Scovillain|Rage Powder|p2a: Scovillain\n|-singleturn|p2a: Scovillain|move: Rage Powder\n|move|p1b: Rangus Bumclappa|Drain Punch|p2a: Scovillain\n|-damage|p2a: Scovillain|30/100\n|-status|p1b: Rangus Bumclappa|brn|[from] ability: Spicy Spray|[of] p2a: Scovillain\n|move|p1a: Brewtwo|Matcha Gotcha|p2b: Hatterene|[spread] p2a,p2b\n|-resisted|p2a: Scovillain|2\n|-damage|p2a: Scovillain|16/100\n|-damage|p2b: Hatterene|36/100\n|-status|p1a: Brewtwo|brn|[from] ability: Spicy Spray|[of] p2a: Scovillain\n|-enditem|p2b: Hatterene|Sitrus Berry|[eat]\n|-heal|p2b: Hatterene|61/100|[from] item: Sitrus Berry\n|move|p2b: Hatterene|Trick Room|p2b: Hatterene\n|-fieldstart|move: Trick Room|[of] p2b: Hatterene\n|\n|-damage|p1a: Brewtwo|94/100 brn|[from] brn\n|-damage|p1b: Rangus Bumclappa|94/100 brn|[from] brn\n|upkeep\n|turn|10\n|c|\u2606Navicula|lol ty\n|\n|t:|1776408392\n|move|p2b: Hatterene|Expanding Force|p1b: Rangus Bumclappa\n|-supereffective|p1b: Rangus Bumclappa|1\n|-damage|p1b: Rangus Bumclappa|60/100 brn\n|move|p2a: Scovillain|Overheat|p1a: Brewtwo\n|-supereffective|p1a: Brewtwo|1\n|-damage|p1a: Brewtwo|47/100 brn\n|-unboost|p2a: Scovillain|spa|2\n|move|p1a: Brewtwo|Matcha Gotcha|p2b: Hatterene|[spread] p2a,p2b\n|-resisted|p2a: Scovillain|2\n|-damage|p2a: Scovillain|2/100\n|-heal|p1a: Brewtwo|54/100 brn|[from] drain|[of] p2a: Scovillain\n|-damage|p2b: Hatterene|0 fnt\n|-heal|p1a: Brewtwo|82/100 brn|[from] drain|[of] p2b: Hatterene\n|faint|p2b: Hatterene\n|move|p1b: Rangus Bumclappa|Flash Cannon|p2a: Scovillain\n|-resisted|p2a: Scovillain|1\n|-crit|p2a: Scovillain\n|-damage|p2a: Scovillain|0 fnt\n|faint|p2a: Scovillain\n|\n|-damage|p1a: Brewtwo|76/100 brn|[from] brn\n|-damage|p1b: Rangus Bumclappa|54/100 brn|[from] brn\n|upkeep\n|\n|t:|1776408413\n|switch|p2b: Sinistcha|Sinistcha, L50|100/100\n|switch|p2a: Rhyperior|Rhyperior, L50, M|25/100\n|-heal|p2a: Rhyperior|49/100|[from] ability: Hospitality|[of] p2b: Sinistcha\n|turn|11\n|\n|t:|1776408425\n|move|p1b: Rangus Bumclappa|Protect|p1b: Rangus Bumclappa\n|-singleturn|p1b: Rangus Bumclappa|Protect\n|move|p2a: Rhyperior|Rock Slide|p1b: Rangus Bumclappa|[spread] p1a\n|-activate|p1b: Rangus Bumclappa|move: Protect\n|-damage|p1a: Brewtwo|62/100 brn\n|move|p2b: Sinistcha|Nasty Plot|p2b: Sinistcha\n|-boost|p2b: Sinistcha|spa|2\n|move|p1a: Brewtwo|Life Dew|p1a: Brewtwo|[spread] p1a,p1b\n|-heal|p1a: Brewtwo|87/100 brn\n|-heal|p1b: Rangus Bumclappa|80/100 brn\n|\n|-damage|p1a: Brewtwo|81/100 brn|[from] brn\n|-damage|p1b: Rangus Bumclappa|74/100 brn|[from] brn\n|upkeep\n|turn|12\n|\n|t:|1776408473\n|move|p2a: Rhyperior|Rock Slide|p1a: Brewtwo|[spread] p1a\n|-miss|p2a: Rhyperior|p1b: Rangus Bumclappa\n|-damage|p1a: Brewtwo|67/100 brn\n|move|p2b: Sinistcha|Matcha Gotcha|p1b: Rangus Bumclappa|[spread] p1a\n|-miss|p2b: Sinistcha|p1b: Rangus Bumclappa\n|-resisted|p1a: Brewtwo|1\n|-damage|p1a: Brewtwo|53/100 brn\n|move|p1a: Brewtwo|Matcha Gotcha|p2b: Sinistcha|[spread] p2a,p2b\n|-supereffective|p2a: Rhyperior|2\n|-resisted|p2b: Sinistcha|1\n|-damage|p2a: Rhyperior|0 fnt\n|-heal|p1a: Brewtwo|80/100 brn|[from] drain|[of] p2a: Rhyperior\n|-damage|p2b: Sinistcha|62/100\n|-heal|p1a: Brewtwo|99/100 brn|[from] drain|[of] p2b: Sinistcha\n|-status|p2b: Sinistcha|brn\n|faint|p2a: Rhyperior\n|move|p1b: Rangus Bumclappa|Flash Cannon|p2b: Sinistcha\n|-damage|p2b: Sinistcha|6/100 brn\n|\n|-damage|p2b: Sinistcha|0 fnt|[from] brn\n|faint|p2b: Sinistcha\n|\n|win|Navicula\n|raw|Navicula's rating: 1150 &rarr; <strong>1179</strong><br />(+29 for winning)\n|raw|MvillMpersonality's rating: 1210 &rarr; <strong>1181</strong><br />(-29 for losing)\n|c|\u2606MvillMpersonality|Cause why would I get flinches when I could miss 2x\n|c|\u2606MvillMpersonality|God the hax are unreal\n|c|\u2606Navicula|yea sorry\n|c|\u2606Navicula|ggs tho\n|c|\u2606MvillMpersonality|Gg\n",
  "uploadtime": 1776408504,
  "views": 22,
  "formatid": "gen9championsvgc2026regma",
  "rating": 1179,
  "private": 0,
  "password": null
}