{
  "id": "gen9championsvgc2026regma-2580812594",
  "format": "[Gen 9 Champions] VGC 2026 Reg M-A",
  "players": [
    "ferenainexi",
    "bugawup"
  ],
  "log": "|j|\u2606ferenainexi\n|j|\u2606bugawup\n|html|<table width=\"100%\"><tr><td align=\"left\">ferenainexi</td><td align=\"right\">bugawup</tr><tr><td align=\"left\"><i class=\"fa fa-circle-o\"></i> <i class=\"fa fa-circle-o\"></i> </td><td align=\"right\"><i class=\"fa fa-circle-o\"></i> <i class=\"fa fa-circle-o\"></i> </tr></table>\n|uhtml|bestof|<h2><strong>Game 1</strong> of <a href=\"/game-bestof3-gen9championsvgc2026regma-2580812593\">a best-of-3</a></h2>\n|t:|1775934508\n|gametype|doubles\n|player|p1|ferenainexi|scientistf|\n|player|p2|bugawup|101|\n|gen|9\n|tier|[Gen 9 Champions] VGC 2026 Reg M-A\n|rule|Species Clause: Limit one of each Pok\u00e9mon\n|rule|Item Clause: Limit 1 of each item\n|raw|<div class=\"infobox\"><details class=\"readmore\" open><summary><strong>1 custom rule:</strong></summary> Best of = 3</details></div>\n|clearpoke\n|poke|p1|Pinsir, L50, M|\n|poke|p1|Heracross, L50, M|\n|poke|p1|Vivillon, L50, M|\n|poke|p1|Orthworm, L50, F|\n|poke|p1|Kleavor, L50, M|\n|poke|p1|Clawitzer, L50, F|\n|poke|p2|Meowscarada, L50, F|\n|poke|p2|Mudsdale, L50, M|\n|poke|p2|Skarmory, L50, F|\n|poke|p2|Lucario, L50, F|\n|poke|p2|Whimsicott, L50, M|\n|poke|p2|Zoroark-Hisui, L50, M|\n|teampreview|4\nferenainexi rejected open team sheets.\n|l|\u2606ferenainexi\n|player|p1|\n|\n|t:|1775934762\n|teamsize|p1|4\n|teamsize|p2|4\n|start\n|switch|p1a: Orthworm|Orthworm, L50, F|100/100\n|switch|p1b: Kleavor|Kleavor, L50, M|100/100\n|switch|p2a: Mudsdale|Mudsdale, L50, M|100/100\n|switch|p2b: Skarmory|Skarmory, L50, F|100/100\n|turn|1\n|c|\u2606bugawup|data check\n|j|\u2606ferenainexi\n|player|p1|ferenainexi|scientistf|\n|\n|t:|1775934901\n|detailschange|p2b: Skarmory|Skarmory-Mega, L50, F\n|-mega|p2b: Skarmory|Skarmory|Skarmorite\n|move|p2b: Skarmory|Iron Head|p1b: Kleavor\n|-supereffective|p1b: Kleavor|1\n|-damage|p1b: Kleavor|0 fnt\n|faint|p1b: Kleavor\n|move|p1a: Orthworm|Iron Defense|p1a: Orthworm\n|-boost|p1a: Orthworm|def|2\n|move|p2a: Mudsdale|Earthquake|p1a: Orthworm|[spread] \n|-immune|p1a: Orthworm|[from] ability: Earth Eater\n|-immune|p2b: Skarmory\n|\n|upkeep\n|\n|t:|1775934921\n|switch|p1b: Heracross|Heracross, L50, M|100/100\n|turn|2\n|c|\u2606ferenainexi|hello?\n|\n|t:|1775935042\n|move|p1b: Heracross|Protect|p1b: Heracross\n|-singleturn|p1b: Heracross|Protect\n|move|p2b: Skarmory|Brave Bird|p1b: Heracross\n|-activate|p1b: Heracross|move: Protect\n|move|p1a: Orthworm|Body Press|p2b: Skarmory\n|-damage|p2b: Skarmory|39/100\n|move|p2a: Mudsdale|Curse|p2a: Mudsdale\n|-unboost|p2a: Mudsdale|spe|1\n|-boost|p2a: Mudsdale|atk|1\n|-boost|p2a: Mudsdale|def|1\n|\n|upkeep\n|turn|3\n|\n|t:|1775935071\n|switch|p1b: Clawitzer|Clawitzer, L50, F|100/100\n|move|p2b: Skarmory|Brave Bird|p1b: Clawitzer\n|-damage|p1b: Clawitzer|21/100\n|-damage|p2b: Skarmory|5/100|[from] Recoil\n|move|p1a: Orthworm|Body Press|p2b: Skarmory\n|-crit|p2b: Skarmory\n|-damage|p2b: Skarmory|0 fnt\n|faint|p2b: Skarmory\n|move|p2a: Mudsdale|Curse|p2a: Mudsdale\n|-unboost|p2a: Mudsdale|spe|1\n|-boost|p2a: Mudsdale|atk|1\n|-boost|p2a: Mudsdale|def|1\n|\n|upkeep\n|\n|t:|1775935090\n|switch|p2b: Whimsicott|Whimsicott, L50, M|100/100\n|turn|4\n|\n|t:|1775935135\n|move|p2b: Whimsicott|Hyper Voice|p1b: Clawitzer|[spread] p1a,p1b\n|-resisted|p1a: Orthworm|1\n|-damage|p1a: Orthworm|79/100\n|-damage|p1b: Clawitzer|0 fnt\n|faint|p1b: Clawitzer\n|move|p1a: Orthworm|Iron Defense|p1a: Orthworm\n|-boost|p1a: Orthworm|def|2\n|move|p2a: Mudsdale|Close Combat|p1a: Orthworm\n|-supereffective|p1a: Orthworm|1\n|-damage|p1a: Orthworm|34/100\n|-unboost|p2a: Mudsdale|def|1\n|-unboost|p2a: Mudsdale|spd|1\n|\n|-heal|p1a: Orthworm|39/100|[from] item: Leftovers\n|upkeep\n|\n|t:|1775935145\n|switch|p1b: Heracross|Heracross, L50, M|100/100\n|turn|5\n|\n|t:|1775935189\n|detailschange|p1b: Heracross|Heracross-Mega, L50, M\n|-mega|p1b: Heracross|Heracross|Heracronite\n|move|p2b: Whimsicott|Bitter Malice|p1b: Heracross\n|-damage|p1b: Heracross|54/100\n|-unboost|p1b: Heracross|atk|1\n|move|p1b: Heracross|Rock Blast|p2b: Whimsicott\n|-damage|p2b: Whimsicott|84/100\n|replace|p2b: Zoroark|Zoroark-Hisui, L50, M\n|-end|p2b: Zoroark|Illusion\n|-damage|p2b: Zoroark|67/100\n|-damage|p2b: Zoroark|50/100\n|-damage|p2b: Zoroark|33/100\n|-damage|p2b: Zoroark|17/100\n|-hitcount|p2b: Zoroark|5\n|move|p1a: Orthworm|Body Press|p2b: Zoroark\n|-immune|p2b: Zoroark\n|move|p2a: Mudsdale|Curse|p2a: Mudsdale\n|-unboost|p2a: Mudsdale|spe|1\n|-boost|p2a: Mudsdale|atk|1\n|-boost|p2a: Mudsdale|def|1\n|\n|-heal|p1a: Orthworm|45/100|[from] item: Leftovers\n|upkeep\n|turn|6\n|\n|t:|1775935257\n|move|p1b: Heracross|Protect|p1b: Heracross\n|-singleturn|p1b: Heracross|Protect\n|move|p2b: Zoroark|Flamethrower|p1a: Orthworm\n|-supereffective|p1a: Orthworm|1\n|-damage|p1a: Orthworm|0 fnt\n|faint|p1a: Orthworm\n|move|p2a: Mudsdale|Curse|p2a: Mudsdale\n|-unboost|p2a: Mudsdale|spe|1\n|-boost|p2a: Mudsdale|atk|1\n|-boost|p2a: Mudsdale|def|1\n|\n|upkeep\n|turn|7\n|\n|t:|1775935320\n|move|p2b: Zoroark|Flamethrower|p1b: Heracross\n|-supereffective|p1b: Heracross|1\n|-damage|p1b: Heracross|0 fnt\n|faint|p1b: Heracross\n|\n|win|bugawup\n||ferenainexi is ready for game 2.\n",
  "uploadtime": 1775935328,
  "views": 12,
  "formatid": "gen9championsvgc2026regma",
  "rating": null,
  "private": 0,
  "password": null
}