{
  "id": "gen9championsvgc2026regma-2581277617",
  "format": "[Gen 9 Champions] VGC 2026 Reg M-A",
  "players": [
    "moonone",
    "ConnerTEP"
  ],
  "log": "|j|\u2606moonone\n|j|\u2606ConnerTEP\n|t:|1775980253\n|gametype|doubles\n|player|p1|moonone|265|1331\n|player|p2|ConnerTEP|acerola-masters2|1489\n|gen|9\n|tier|[Gen 9 Champions] VGC 2026 Reg M-A\n|rated|\n|rule|Species Clause: Limit one of each Pok\u00e9mon\n|rule|Item Clause: Limit 1 of each item\n|clearpoke\n|poke|p1|Gengar, L50, M|\n|poke|p1|Basculegion, L50, M|\n|poke|p1|Incineroar, L50, M|\n|poke|p1|Pelipper, L50, F|\n|poke|p1|Kingambit, L50, M|\n|poke|p1|Kommo-o, L50, M|\n|poke|p2|Aerodactyl, L50, M|\n|poke|p2|Garchomp, L50, M|\n|poke|p2|Gardevoir, L50, M|\n|poke|p2|Kingambit, L50, F|\n|poke|p2|Kangaskhan, L50, F|\n|poke|p2|Sinistcha, L50|\n|teampreview|4\n|inactive|Battle timer is ON: inactive players will automatically lose when time's up. (requested by ConnerTEP)\n|inactive|moonone has 60 seconds left.\n|j| gE1xjZRtuhW2DdT0AK\n|\n|t:|1775980312\n|teamsize|p1|4\n|teamsize|p2|4\n|start\n|switch|p1a: Gengar|Gengar, L50, M, shiny|100/100\n|switch|p1b: Kommo-o|Kommo-o, L50, M|100/100\n|switch|p2a: Aerodactyl|Aerodactyl, L50, M|100/100\n|switch|p2b: Garchomp|Garchomp, L50, M|100/100\n|-ability|p2a: Aerodactyl|Unnerve\n|turn|1\n|inactive|moonone has 30 seconds left.\n|\n|t:|1775980342\n|switch|p1b: Incineroar|Incineroar, L50, M|100/100\n|-ability|p1b: Incineroar|Intimidate|boost\n|-unboost|p2a: Aerodactyl|atk|1\n|-unboost|p2b: Garchomp|atk|1\n|-enditem|p2b: Garchomp|White Herb\n|-clearnegativeboost|p2b: Garchomp|[silent]\n|detailschange|p1a: Gengar|Gengar-Mega, L50, M, shiny\n|-mega|p1a: Gengar|Gengar|Gengarite\n|move|p2b: Garchomp|Protect|p2b: Garchomp\n|-singleturn|p2b: Garchomp|Protect\n|move|p1a: Gengar|Perish Song|p1a: Gengar\n|-start|p1a: Gengar|perish3|[silent]\n|-start|p1b: Incineroar|perish3|[silent]\n|-start|p2a: Aerodactyl|perish3|[silent]\n|-start|p2b: Garchomp|perish3|[silent]\n|-fieldactivate|move: Perish Song\n|move|p2a: Aerodactyl|Tailwind|p2a: Aerodactyl\n|-sidestart|p2: ConnerTEP|move: Tailwind\n|\n|-start|p2a: Aerodactyl|perish3\n|-start|p2b: Garchomp|perish3\n|-start|p1a: Gengar|perish3\n|-start|p1b: Incineroar|perish3\n|upkeep\n|turn|2\n|\n|t:|1775980362\n|move|p1a: Gengar|Protect|p1a: Gengar\n|-singleturn|p1a: Gengar|Protect\n|move|p1b: Incineroar|Protect|p1b: Incineroar\n|-singleturn|p1b: Incineroar|Protect\n|move|p2a: Aerodactyl|Rock Slide|p1a: Gengar|[spread] \n|-activate|p1a: Gengar|move: Protect\n|-activate|p1b: Incineroar|move: Protect\n|move|p2b: Garchomp|Stomping Tantrum|p1a: Gengar\n|-activate|p1a: Gengar|move: Protect\n|\n|-start|p2a: Aerodactyl|perish2\n|-start|p2b: Garchomp|perish2\n|-start|p1a: Gengar|perish2\n|-start|p1b: Incineroar|perish2\n|upkeep\n|turn|3\n|\n|t:|1775980383\n|switch|p1a: Kommo-o|Kommo-o, L50, M|100/100\n|move|p2a: Aerodactyl|Rock Slide|p1a: Kommo-o|[spread] p1b\n|-miss|p2a: Aerodactyl|p1a: Kommo-o\n|-supereffective|p1b: Incineroar|1\n|-damage|p1b: Incineroar|76/100\n|move|p2b: Garchomp|Stomping Tantrum|p1b: Incineroar\n|-supereffective|p1b: Incineroar|1\n|-damage|p1b: Incineroar|18/100\n|cant|p1b: Incineroar|flinch\n|\n|-start|p2a: Aerodactyl|perish1\n|-start|p2b: Garchomp|perish1\n|-start|p1b: Incineroar|perish1\n|upkeep\n|turn|4\n|c|\u2606moonone|cool\n|inactive|moonone has 30 seconds left.\n|inactive|ConnerTEP has 30 seconds left.\n|c|\u2606ConnerTEP|Missed one flinched one\n|inactive|ConnerTEP has 20 seconds left.\n|inactive|ConnerTEP has 15 seconds left.\n|inactive|ConnerTEP has 10 seconds left.\n|c|\u2606moonone|you\n|c|\u2606moonone|are\n|\n|t:|1775980432\n|switch|p2a: Gardevoir|Gardevoir, L50, M|100/100\n|-enditem|p1b: Incineroar|Sitrus Berry|[eat]\n|-heal|p1b: Incineroar|43/100|[from] item: Sitrus Berry\n|-ability|p2a: Gardevoir|Soundproof|Trace|[from] ability: Trace|[of] p1a: Kommo-o\n|switch|p2b: Sinistcha|Sinistcha, L50|100/100\n|move|p1a: Kommo-o|Clangorous Soul|p1a: Kommo-o\n|-boost|p1a: Kommo-o|atk|1\n|-boost|p1a: Kommo-o|def|1\n|-boost|p1a: Kommo-o|spa|1\n|-boost|p1a: Kommo-o|spd|1\n|-boost|p1a: Kommo-o|spe|1\n|-damage|p1a: Kommo-o|68/100\n|move|p1b: Incineroar|Parting Shot|p2b: Sinistcha\n|-unboost|p2b: Sinistcha|atk|1\n|-unboost|p2b: Sinistcha|spa|1\n|c|\u2606moonone|lucky\n|c|\u2606ConnerTEP|The goat !!!!\n|c|\u2606ConnerTEP|You used the wrong word\n|inactive|moonone has 30 seconds left.\n|inactive|moonone has 20 seconds left.\n|inactive|moonone has 15 seconds left.\n|\n|t:|1775980476\n|switch|p1b: Basculegion|Basculegion, L50, M|100/100|[from] Parting Shot\n|\n|-heal|p1a: Kommo-o|74/100|[from] item: Leftovers\n|-sideend|p2: ConnerTEP|move: Tailwind\n|upkeep\n|turn|5\n|j| Defintely not Maya\n|inactive|moonone has 30 seconds left.\n|inactive|moonone has 20 seconds left.\n|\n|t:|1775980513\n|detailschange|p2a: Gardevoir|Gardevoir-Mega, L50, M\n|-mega|p2a: Gardevoir|Gardevoir|Gardevoirite\n|move|p1a: Kommo-o|Protect|p1a: Kommo-o\n|-singleturn|p1a: Kommo-o|Protect\n|move|p2b: Sinistcha|Rage Powder|p2b: Sinistcha\n|-singleturn|p2b: Sinistcha|move: Rage Powder\n|move|p1b: Basculegion|Flip Turn|p2b: Sinistcha\n|-resisted|p2b: Sinistcha|1\n|-damage|p2b: Sinistcha|81/100\n|\n|t:|1775980520\n|switch|p1b: Gengar|Gengar-Mega, L50, M, shiny|100/100|[from] Flip Turn\n|move|p2a: Gardevoir|Moonblast|p1a: Kommo-o\n|-activate|p1a: Kommo-o|move: Protect\n|\n|-heal|p1a: Kommo-o|80/100|[from] item: Leftovers\n|upkeep\n|turn|6\n|\n|t:|1775980541\n|move|p2b: Sinistcha|Rage Powder|p2b: Sinistcha\n|-singleturn|p2b: Sinistcha|move: Rage Powder\n|move|p1b: Gengar|Shadow Ball|p2b: Sinistcha\n|-supereffective|p2b: Sinistcha|1\n|-enditem|p2b: Sinistcha|Kasib Berry|[eat]\n|-enditem|p2b: Sinistcha|Kasib Berry|[weaken]\n|-damage|p2b: Sinistcha|34/100\n|move|p1a: Kommo-o|Clanging Scales|p2b: Sinistcha|[spread] p2b\n|-immune|p2a: Gardevoir\n|-damage|p2b: Sinistcha|0 fnt\n|faint|p2b: Sinistcha\n|-unboost|p1a: Kommo-o|def|1\n|move|p2a: Gardevoir|Moonblast|p1a: Kommo-o\n|-supereffective|p1a: Kommo-o|2\n|-damage|p1a: Kommo-o|0 fnt\n|faint|p1a: Kommo-o\n|\n|upkeep\n|inactive|ConnerTEP has 30 seconds left.\n|\n|t:|1775980570\n|switch|p1a: Incineroar|Incineroar, L50, M|43/100\n|switch|p2b: Garchomp|Garchomp, L50, M|100/100\n|-ability|p1a: Incineroar|Intimidate|boost\n|-unboost|p2a: Gardevoir|atk|1\n|-unboost|p2b: Garchomp|atk|1\n|turn|7\n|\n|t:|1775980592\n|move|p1b: Gengar|Protect|p1b: Gengar\n|-singleturn|p1b: Gengar|Protect\n|move|p2b: Garchomp|Earthquake|p1a: Incineroar|[spread] p2a,p1a\n|-activate|p1b: Gengar|move: Protect\n|-crit|p2a: Gardevoir\n|-supereffective|p1a: Incineroar|1\n|-damage|p2a: Gardevoir|0 fnt\n|-damage|p1a: Incineroar|0 fnt\n|faint|p2a: Gardevoir\n|faint|p1a: Incineroar\n|\n|upkeep\n|\n|t:|1775980602\n|switch|p2a: Aerodactyl|Aerodactyl, L50, M|100/100\n|switch|p1a: Basculegion|Basculegion, L50, M|100/100\n|-ability|p2a: Aerodactyl|Unnerve\n|turn|8\n|j| wqewerert\n|\n|t:|1775980619\n|move|p2b: Garchomp|Protect|p2b: Garchomp\n|-singleturn|p2b: Garchomp|Protect\n|move|p1a: Basculegion|Last Respects|p2b: Garchomp\n|-activate|p2b: Garchomp|move: Protect\n|move|p1b: Gengar|Shadow Ball|p2a: Aerodactyl\n|-damage|p2a: Aerodactyl|37/100\n|move|p2a: Aerodactyl|Tailwind|p2a: Aerodactyl\n|-sidestart|p2: ConnerTEP|move: Tailwind\n|\n|upkeep\n|turn|9\n|\n|t:|1775980634\n|move|p2a: Aerodactyl|Rock Slide|p1b: Gengar|[spread] p1a,p1b\n|-damage|p1a: Basculegion|71/100\n|-damage|p1b: Gengar|66/100\n|move|p2b: Garchomp|Earthquake|p1b: Gengar|[spread] p1a,p1b\n|-immune|p2a: Aerodactyl\n|-crit|p1a: Basculegion\n|-supereffective|p1b: Gengar|1\n|-damage|p1a: Basculegion|0 fnt\n|-damage|p1b: Gengar|0 fnt\n|faint|p1a: Basculegion\n|faint|p1b: Gengar\n|\n|win|ConnerTEP\n|raw|moonone's rating: 1331 &rarr; <strong>1320</strong><br />(-11 for losing)\n|raw|ConnerTEP's rating: 1489 &rarr; <strong>1500</strong><br />(+11 for winning)\n|l|\u2606moonone\n|player|p1|\n|c|\u2606ConnerTEP|Ok\n|c|\u2606ConnerTEP|Now I'm lucky\n|l|\u2606ConnerTEP\n|player|p2|\n",
  "uploadtime": 1775980650,
  "views": 31,
  "formatid": "gen9championsvgc2026regma",
  "rating": 1320,
  "private": 0,
  "password": null
}