{
  "id": "gen9championsvgc2026regma-2586375060",
  "format": "[Gen 9 Champions] VGC 2026 Reg M-A",
  "players": [
    "jojojoestar7",
    "jhcgkugtx"
  ],
  "log": "|j|\u2606jojojoestar7\n|j|\u2606jhcgkugtx\n|t:|1776429959\n|gametype|doubles\n|player|p1|jojojoestar7|266|1075\n|player|p2|jhcgkugtx|170|1048\n|gen|9\n|tier|[Gen 9 Champions] VGC 2026 Reg M-A\n|rated|\n|rule|Species Clause: Limit one of each Pok\u00e9mon\n|rule|Item Clause: Limit 1 of each item\n|clearpoke\n|poke|p1|Chimecho, L50, M|\n|poke|p1|Sinistcha-Masterpiece, L50|\n|poke|p1|Garchomp, L50, F|\n|poke|p1|Orthworm, L50, M|\n|poke|p1|Gyarados, L50, F|\n|poke|p1|Aerodactyl, L50, F|\n|poke|p2|Sneasler, L50, F|\n|poke|p2|Torkoal, L50, M|\n|poke|p2|Tyranitar, L50, M|\n|poke|p2|Oranguru, L50, M|\n|poke|p2|Banette, L50, M|\n|poke|p2|Slowking-Galar, L50, M|\n|teampreview|4\n|inactive|Battle timer is ON: inactive players will automatically lose when time's up. (requested by jhcgkugtx)\n|\n|t:|1776429998\n|teamsize|p1|4\n|teamsize|p2|4\n|start\n|switch|p1a: Garchomp|Garchomp, L50, F|100/100\n|switch|p1b: Orthworm|Orthworm, L50, M|100/100\n|switch|p2a: Slowking|Slowking-Galar, L50, M|100/100\n|switch|p2b: Tyranitar|Tyranitar, L50, M|100/100\n|-weather|Sandstorm|[from] ability: Sand Stream|[of] p2b: Tyranitar\n|-clearboost|p2b: Tyranitar|[from] ability: Curious Medicine|[of] p2a: Slowking\n|turn|1\n|inactive|jojojoestar7 has 30 seconds left.\n|\n|t:|1776430025\n|detailschange|p2b: Tyranitar|Tyranitar-Mega, L50, M\n|-mega|p2b: Tyranitar|Tyranitar|Tyranitarite\n|move|p1a: Garchomp|Earthquake|p2a: Slowking|[spread] p2a,p2b\n|-immune|p1b: Orthworm|[from] ability: Earth Eater\n|-supereffective|p2a: Slowking|1\n|-supereffective|p2b: Tyranitar|1\n|-damage|p2a: Slowking|17/100\n|-damage|p2b: Tyranitar|51/100\n|move|p2b: Tyranitar|Ice Beam|p1a: Garchomp\n|-supereffective|p1a: Garchomp|2\n|-damage|p1a: Garchomp|18/100\n|move|p1b: Orthworm|Shed Tail|p1b: Orthworm\n|-start|p1b: Orthworm|Substitute|[from] move: Shed Tail\n|-damage|p1b: Orthworm|50/100\n|-enditem|p1b: Orthworm|Sitrus Berry|[eat]\n|-heal|p1b: Orthworm|75/100|[from] item: Sitrus Berry\n|\n|t:|1776430040\n|switch|p1b: Chimecho|Chimecho, L50, M|100/100|[from] Shed Tail\n|move|p2a: Slowking|Trick Room|p2a: Slowking\n|-fieldstart|move: Trick Room|[of] p2a: Slowking\n|\n|-weather|Sandstorm|[upkeep]\n|-damage|p2a: Slowking|11/100|[from] Sandstorm\n|-damage|p1b: Chimecho|94/100|[from] Sandstorm\n|upkeep\n|turn|2\n|\n|t:|1776430055\n|switch|p2a: Oranguru|Oranguru, L50, M|100/100\n|switch|p1a: Orthworm|Orthworm, L50, M|75/100\n|detailschange|p1b: Chimecho|Chimecho-Mega, L50, M\n|-mega|p1b: Chimecho|Chimecho|Chimechite\n|move|p1b: Chimecho|Cosmic Power|p1b: Chimecho\n|-boost|p1b: Chimecho|def|1\n|-boost|p1b: Chimecho|spd|1\n|move|p2b: Tyranitar|Rock Slide|p1b: Chimecho|[spread] p1a,p1b\n|-resisted|p1b: Chimecho|1\n|-activate|p1b: Chimecho|move: Substitute|[damage]\n|-resisted|p1a: Orthworm|1\n|-damage|p1a: Orthworm|64/100\n|\n|-weather|Sandstorm|[upkeep]\n|-damage|p2a: Oranguru|94/100|[from] Sandstorm\n|upkeep\n|turn|3\n|inactive|jojojoestar7 has 30 seconds left.\n|inactive|jhcgkugtx has 30 seconds left.\n|\n|t:|1776430084\n|move|p2a: Oranguru|Foul Play|p1b: Chimecho\n|-supereffective|p1b: Chimecho|1\n|-end|p1b: Chimecho|Substitute\n|move|p1a: Orthworm|Body Press|p2b: Tyranitar\n|-supereffective|p2b: Tyranitar|2\n|-damage|p2b: Tyranitar|0 fnt\n|faint|p2b: Tyranitar\n|move|p1b: Chimecho|Cosmic Power|p1b: Chimecho\n|-boost|p1b: Chimecho|def|1\n|-boost|p1b: Chimecho|spd|1\n|\n|-weather|Sandstorm|[upkeep]\n|-damage|p2a: Oranguru|88/100|[from] Sandstorm\n|upkeep\n|\n|t:|1776430097\n|switch|p2b: Sneasler|Sneasler, L50, F|100/100\n|turn|4\n|\n|t:|1776430120\n|move|p1a: Orthworm|Protect|p1a: Orthworm\n|-singleturn|p1a: Orthworm|Protect\n|move|p1b: Chimecho|Protect|p1b: Chimecho\n|-singleturn|p1b: Chimecho|Protect\n|move|p2b: Sneasler|Fake Out|p1b: Chimecho\n|-activate|p1b: Chimecho|move: Protect\n|move|p2a: Oranguru|Foul Play|p1b: Chimecho\n|-activate|p1b: Chimecho|move: Protect\n|\n|-weather|Sandstorm|[upkeep]\n|-damage|p2a: Oranguru|82/100|[from] Sandstorm\n|-damage|p2b: Sneasler|95/100|[from] Sandstorm\n|upkeep\n|turn|5\n|inactive|jojojoestar7 has 30 seconds left.\n|inactive|jojojoestar7 has 20 seconds left.\n|\n|t:|1776430158\n|move|p2a: Oranguru|Instruct|p1b: Chimecho\n|-singleturn|p1b: Chimecho|move: Instruct|[of] p2a: Oranguru\n|move|p1b: Chimecho|Protect||[still]\n|-fail|p1b: Chimecho\n|move|p1a: Orthworm|Body Press|p2a: Oranguru\n|-damage|p2a: Oranguru|49/100\n|move|p1b: Chimecho|Cosmic Power|p1b: Chimecho\n|-boost|p1b: Chimecho|def|1\n|-boost|p1b: Chimecho|spd|1\n|move|p2b: Sneasler|Close Combat|p1a: Orthworm\n|-supereffective|p1a: Orthworm|1\n|-damage|p1a: Orthworm|0 fnt\n|-unboost|p2b: Sneasler|def|1\n|-unboost|p2b: Sneasler|spd|1\n|faint|p1a: Orthworm\n|-enditem|p2b: Sneasler|White Herb\n|-clearnegativeboost|p2b: Sneasler|[silent]\n|-activate|p2a: Oranguru|ability: Symbiosis|Mental Herb|[of] p2b: Sneasler\n|\n|-weather|none\n|-fieldend|move: Trick Room\n|upkeep\n|\n|t:|1776430175\n|switch|p1a: Garchomp|Garchomp, L50, F|18/100\n|turn|6\n|\n|t:|1776430190\n|move|p2a: Oranguru|Protect|p2a: Oranguru\n|-singleturn|p2a: Oranguru|Protect\n|move|p1a: Garchomp|Earthquake|p2b: Sneasler|[spread] p2b\n|-activate|p2a: Oranguru|move: Protect\n|-immune|p1b: Chimecho|[from] ability: Levitate\n|-supereffective|p2b: Sneasler|1\n|-damage|p2b: Sneasler|0 fnt\n|faint|p2b: Sneasler\n|move|p1b: Chimecho|Stored Power|p2a: Oranguru\n|-activate|p2a: Oranguru|move: Protect\n|\n|upkeep\n|\n|t:|1776430198\n|switch|p2b: Slowking|Slowking-Galar, L50, M|11/100\n|-clearboost|p2a: Oranguru|[from] ability: Curious Medicine|[of] p2b: Slowking\n|turn|7\n|\n|t:|1776430203\n|move|p1a: Garchomp|Earthquake|p2b: Slowking|[spread] p2a,p2b\n|-immune|p1b: Chimecho|[from] ability: Levitate\n|-supereffective|p2b: Slowking|1\n|-damage|p2a: Oranguru|0 fnt\n|-damage|p2b: Slowking|0 fnt\n|faint|p2a: Oranguru\n|faint|p2b: Slowking\n|\n|win|jojojoestar7\n|raw|jojojoestar7's rating: 1075 &rarr; <strong>1102</strong><br />(+27 for winning)\n|raw|jhcgkugtx's rating: 1048 &rarr; <strong>1032</strong><br />(-16 for losing)\n|l|\u2606jhcgkugtx\n|player|p2|\n",
  "uploadtime": 1776430223,
  "views": 34,
  "formatid": "gen9championsvgc2026regma",
  "rating": 1032,
  "private": 0,
  "password": null
}