{
  "id": "gen9championsvgc2026regma-2585920912",
  "format": "[Gen 9 Champions] VGC 2026 Reg M-A",
  "players": [
    "SunnySleepy",
    "theyoler"
  ],
  "log": "|j|\u2606SunnySleepy\n|j|\u2606theyoler\n|t:|1776381606\n|gametype|doubles\n|player|p1|SunnySleepy|1|1298\n|player|p2|theyoler|lucas|1339\n|gen|9\n|tier|[Gen 9 Champions] VGC 2026 Reg M-A\n|rated|\n|rule|Species Clause: Limit one of each Pok\u00e9mon\n|rule|Item Clause: Limit 1 of each item\n|clearpoke\n|poke|p1|Drampa, L50, M|\n|poke|p1|Camerupt, L50, F|\n|poke|p1|Tyranitar, L50, F|\n|poke|p1|Primarina, L50, M|\n|poke|p1|Sinistcha, L50|\n|poke|p1|Oranguru, L50, M|\n|poke|p2|Kingambit, L50, M|\n|poke|p2|Dragonite, L50, M|\n|poke|p2|Sneasler, L50, M|\n|poke|p2|Incineroar, L50, F|\n|poke|p2|Venusaur, L50, M|\n|poke|p2|Basculegion, L50, M|\n|teampreview|4\n|\n|t:|1776381632\n|teamsize|p1|4\n|teamsize|p2|4\n|start\n|switch|p1a: Sinistcha|Sinistcha, L50|100/100\n|switch|p1b: Oranguru|Oranguru, L50, M|100/100\n|switch|p2a: Kingambit|Kingambit, L50, M|100/100\n|switch|p2b: Sneasler|Sneasler, L50, M|100/100\n|turn|1\n|inactive|Battle timer is ON: inactive players will automatically lose when time's up. (requested by SunnySleepy)\n|\n|t:|1776381660\n|move|p1a: Sinistcha|Rage Powder|p1a: Sinistcha\n|-singleturn|p1a: Sinistcha|move: Rage Powder\n|move|p2b: Sneasler|Dire Claw|p1a: Sinistcha\n|-damage|p1a: Sinistcha|55/100\n|-status|p1a: Sinistcha|psn\n|move|p2a: Kingambit|Swords Dance|p2a: Kingambit\n|-boost|p2a: Kingambit|atk|2\n|move|p1b: Oranguru|Trick Room|p1b: Oranguru\n|-fieldstart|move: Trick Room|[of] p1b: Oranguru\n|\n|-damage|p1a: Sinistcha|43/100 psn|[from] psn\n|upkeep\n|turn|2\n|\n|t:|1776381677\n|move|p2a: Kingambit|Protect|p2a: Kingambit\n|-singleturn|p2a: Kingambit|Protect\n|move|p2b: Sneasler|Protect|p2b: Sneasler\n|-singleturn|p2b: Sneasler|Protect\n|move|p1a: Sinistcha|Rage Powder|p1a: Sinistcha\n|-singleturn|p1a: Sinistcha|move: Rage Powder\n|move|p1b: Oranguru|Psychic|p2b: Sneasler\n|-activate|p2b: Sneasler|move: Protect\n|\n|-damage|p1a: Sinistcha|31/100 psn|[from] psn\n|upkeep\n|turn|3\n|\n|t:|1776381692\n|move|p1a: Sinistcha|Rage Powder|p1a: Sinistcha\n|-singleturn|p1a: Sinistcha|move: Rage Powder\n|move|p2a: Kingambit|Sucker Punch||[still]\n|-fail|p2a: Kingambit\n|move|p1b: Oranguru|Psychic|p2b: Sneasler\n|-supereffective|p2b: Sneasler|2\n|-enditem|p2b: Sneasler|Focus Sash\n|-damage|p2b: Sneasler|1/100\n|move|p2b: Sneasler|Dire Claw|p1a: Sinistcha\n|-damage|p1a: Sinistcha|0 fnt\n|faint|p1a: Sinistcha\n|\n|upkeep\n|\n|t:|1776381704\n|switch|p1a: Camerupt|Camerupt, L50, F|100/100\n|turn|4\n|\n|t:|1776381711\n|detailschange|p1a: Camerupt|Camerupt-Mega, L50, F\n|-mega|p1a: Camerupt|Camerupt|Cameruptite\n|move|p2a: Kingambit|Protect|p2a: Kingambit\n|-singleturn|p2a: Kingambit|Protect\n|move|p1b: Oranguru|Protect|p1b: Oranguru\n|-singleturn|p1b: Oranguru|Protect\n|move|p2b: Sneasler|Protect|p2b: Sneasler\n|-singleturn|p2b: Sneasler|Protect\n|move|p1a: Camerupt|Heat Wave|p2b: Sneasler|[spread] \n|-activate|p2a: Kingambit|move: Protect\n|-activate|p2b: Sneasler|move: Protect\n|\n|upkeep\n|turn|5\n|\n|t:|1776381733\n|switch|p2b: Basculegion|Basculegion, L50, M|100/100\n|move|p1b: Oranguru|Protect|p1b: Oranguru\n|-singleturn|p1b: Oranguru|Protect\n|move|p2a: Kingambit|Sucker Punch||[still]\n|-fail|p2a: Kingambit\n|move|p1a: Camerupt|Heat Wave|p2a: Kingambit|[spread] p2a,p2b\n|-supereffective|p2a: Kingambit|1\n|-resisted|p2b: Basculegion|1\n|-damage|p2a: Kingambit|0 fnt\n|-damage|p2b: Basculegion|69/100\n|faint|p2a: Kingambit\n|\n|-fieldend|move: Trick Room\n|upkeep\n|\n|t:|1776381756\n|switch|p2a: Sneasler|Sneasler, L50, M|1/100\n|turn|6\n|\n|t:|1776381762\n|move|p1a: Camerupt|Protect|p1a: Camerupt\n|-singleturn|p1a: Camerupt|Protect\n|move|p2b: Basculegion|Wave Crash|p1a: Camerupt\n|-activate|p1a: Camerupt|move: Protect\n|move|p2a: Sneasler|Close Combat|p1b: Oranguru\n|-damage|p1b: Oranguru|44/100\n|-unboost|p2a: Sneasler|def|1\n|-unboost|p2a: Sneasler|spd|1\n|move|p1b: Oranguru|Trick Room|p1b: Oranguru\n|-fieldstart|move: Trick Room|[of] p1b: Oranguru\n|\n|upkeep\n|turn|7\n|\n|t:|1776381783\n|move|p2a: Sneasler|Protect|p2a: Sneasler\n|-singleturn|p2a: Sneasler|Protect\n|move|p1a: Camerupt|Earth Power|p2b: Basculegion\n|-damage|p2b: Basculegion|0 fnt\n|faint|p2b: Basculegion\n|move|p1b: Oranguru|Psychic|p2a: Sneasler\n|-activate|p2a: Sneasler|move: Protect\n|\n|upkeep\n|\n|t:|1776381792\n|switch|p2b: Venusaur|Venusaur, L50, M|100/100\n|turn|8\n|c|\u2606SunnySleepy|Gg\n|\n|t:|1776381806\n|detailschange|p2b: Venusaur|Venusaur-Mega, L50, M\n|-mega|p2b: Venusaur|Venusaur|Venusaurite\n|move|p2a: Sneasler|Protect|p2a: Sneasler\n|-singleturn|p2a: Sneasler|Protect\n|move|p1a: Camerupt|Eruption|p2b: Venusaur|[spread] p2b\n|-activate|p2a: Sneasler|move: Protect\n|-supereffective|p2b: Venusaur|1\n|-damage|p2b: Venusaur|43/100\n|move|p1b: Oranguru|Instruct|p1a: Camerupt\n|-singleturn|p1a: Camerupt|move: Instruct|[of] p1b: Oranguru\n|move|p1a: Camerupt|Eruption|p2a: Sneasler|[spread] p2b\n|-activate|p2a: Sneasler|move: Protect\n|-supereffective|p2b: Venusaur|1\n|-damage|p2b: Venusaur|0 fnt\n|faint|p2b: Venusaur\n|\n|upkeep\n|turn|9\n|-message|theyoler forfeited.\n|\n|win|SunnySleepy\n|raw|SunnySleepy's rating: 1298 &rarr; <strong>1326</strong><br />(+28 for winning)\n|raw|theyoler's rating: 1339 &rarr; <strong>1317</strong><br />(-22 for losing)\n|l|\u2606theyoler\n|player|p2|\n|l|\u2606SunnySleepy\n|player|p1|\n|j|\u2606SunnySleepy\n|player|p1|SunnySleepy|1|\n",
  "uploadtime": 1776381856,
  "views": 39,
  "formatid": "gen9championsvgc2026regma",
  "rating": 1317,
  "private": 0,
  "password": null
}