{
  "id": "gen9championsvgc2026regma-2583491741",
  "format": "[Gen 9 Champions] VGC 2026 Reg M-A",
  "players": [
    "ghostyq8",
    "siunhanech"
  ],
  "log": "|j|\u2606ghostyq8\n|j|\u2606siunhanech\n|t:|1776179055\n|gametype|doubles\n|player|p1|ghostyq8|102|1338\n|player|p2|siunhanech|2|1382\n|gen|9\n|tier|[Gen 9 Champions] VGC 2026 Reg M-A\n|rated|\n|rule|Species Clause: Limit one of each Pok\u00e9mon\n|rule|Item Clause: Limit 1 of each item\n|clearpoke\n|poke|p1|Pelipper, L50, F|\n|poke|p1|Sneasler, L50, F|\n|poke|p1|Kingambit, L50, F|\n|poke|p1|Blastoise, L50, M|\n|poke|p1|Basculegion, L50, M|\n|poke|p1|Incineroar, L50, M|\n|poke|p2|Blastoise, L50, M|\n|poke|p2|Sableye, L50, M|\n|poke|p2|Basculegion, L50, M|\n|poke|p2|Sneasler, L50, F|\n|poke|p2|Sinistcha, L50|\n|poke|p2|Rotom-Wash, L50|\n|teampreview|4\n|inactive|Battle timer is ON: inactive players will automatically lose when time's up. (requested by ghostyq8)\n|inactive|siunhanech also wants the timer to be on.\n|inactive|ghostyq8 has 60 seconds left.\n|\n|t:|1776179110\n|teamsize|p1|4\n|teamsize|p2|4\n|start\n|switch|p1a: Blastoise|Blastoise, L50, M|100/100\n|switch|p1b: Kingambit|Kingambit, L50, F|100/100\n|switch|p2a: Ch\u1ed3n l\u00f9i|Sneasler, L50, F|100/100\n|switch|p2b: Sinh vi\u00ean|Sableye, L50, M|100/100\n|turn|1\n|\n|t:|1776179129\n|detailschange|p1a: Blastoise|Blastoise-Mega, L50, M\n|-mega|p1a: Blastoise|Blastoise|Blastoisinite\n|move|p2b: Sinh vi\u00ean|Fake Out|p1b: Kingambit\n|-resisted|p1b: Kingambit|1\n|-damage|p1b: Kingambit|98/100\n|move|p2a: Ch\u1ed3n l\u00f9i|Close Combat|p1b: Kingambit\n|-supereffective|p1b: Kingambit|2\n|-enditem|p1b: Kingambit|Chople Berry|[eat]\n|-enditem|p1b: Kingambit|Chople Berry|[weaken]\n|-damage|p1b: Kingambit|7/100\n|-unboost|p2a: Ch\u1ed3n l\u00f9i|def|1\n|-unboost|p2a: Ch\u1ed3n l\u00f9i|spd|1\n|-enditem|p2a: Ch\u1ed3n l\u00f9i|White Herb\n|-clearnegativeboost|p2a: Ch\u1ed3n l\u00f9i|[silent]\n|move|p1a: Blastoise|Water Pulse|p2a: Ch\u1ed3n l\u00f9i\n|-damage|p2a: Ch\u1ed3n l\u00f9i|27/100\n|cant|p1b: Kingambit|flinch\n|\n|upkeep\n|turn|2\n|\n|t:|1776179150\n|move|p2b: Sinh vi\u00ean|Disable|p1a: Blastoise\n|-start|p1a: Blastoise|Disable|Water Pulse\n|move|p1b: Kingambit|Sucker Punch|p2a: Ch\u1ed3n l\u00f9i\n|-resisted|p2a: Ch\u1ed3n l\u00f9i|1\n|-damage|p2a: Ch\u1ed3n l\u00f9i|0 fnt\n|faint|p2a: Ch\u1ed3n l\u00f9i\n|cant|p1a: Blastoise|Disable|Water Pulse\n|\n|upkeep\n|\n|t:|1776179156\n|switch|p2a: B\u1eafn t\u00f9m lum|Blastoise, L50, M|100/100\n|turn|3\n|\n|t:|1776179169\n|detailschange|p2a: B\u1eafn t\u00f9m lum|Blastoise-Mega, L50, M\n|-mega|p2a: B\u1eafn t\u00f9m lum|Blastoise|Blastoisinite\n|move|p2b: Sinh vi\u00ean|Encore|p1a: Blastoise\n|-start|p1a: Blastoise|Encore\n|move|p1b: Kingambit|Sucker Punch||[still]\n|-fail|p1b: Kingambit\n|cant|p1a: Blastoise|Disable|Water Pulse\n|move|p2a: B\u1eafn t\u00f9m lum|Shell Smash|p2a: B\u1eafn t\u00f9m lum\n|-unboost|p2a: B\u1eafn t\u00f9m lum|def|1\n|-unboost|p2a: B\u1eafn t\u00f9m lum|spd|1\n|-boost|p2a: B\u1eafn t\u00f9m lum|atk|2\n|-boost|p2a: B\u1eafn t\u00f9m lum|spa|2\n|-boost|p2a: B\u1eafn t\u00f9m lum|spe|2\n|\n|upkeep\n|turn|4\n|\n|t:|1776179187\n|switch|p1a: Sneasler|Sneasler, L50, F|100/100\n|move|p2b: Sinh vi\u00ean|Rain Dance|p2b: Sinh vi\u00ean\n|-weather|RainDance\n|move|p1b: Kingambit|Sucker Punch|p2a: B\u1eafn t\u00f9m lum\n|-crit|p2a: B\u1eafn t\u00f9m lum\n|-damage|p2a: B\u1eafn t\u00f9m lum|21/100\n|move|p2a: B\u1eafn t\u00f9m lum|Water Spout|p1a: Sneasler|[spread] p1a,p1b\n|-damage|p1a: Sneasler|44/100\n|-damage|p1b: Kingambit|0 fnt\n|faint|p1b: Kingambit\n|\n|-weather|RainDance|[upkeep]\n|upkeep\n|\n|t:|1776179201\n|switch|p1b: Basculegion|Basculegion, L50, M|100/100\n|turn|5\n|\n|t:|1776179217\n|switch|p2b: Tr\u00e0 t\u1eeb tay|Sinistcha, L50|100/100\n|-heal|p2a: B\u1eafn t\u00f9m lum|46/100|[from] ability: Hospitality|[of] p2b: Tr\u00e0 t\u1eeb tay\n|move|p1b: Basculegion|Flip Turn|p2b: Tr\u00e0 t\u1eeb tay\n|-resisted|p2b: Tr\u00e0 t\u1eeb tay|1\n|-damage|p2b: Tr\u00e0 t\u1eeb tay|74/100\n|\n|t:|1776179225\n|switch|p1b: Blastoise|Blastoise-Mega, L50, M|100/100|[from] Flip Turn\n|move|p2a: B\u1eafn t\u00f9m lum|Water Spout|p1a: Sneasler|[spread] p1a,p1b\n|-resisted|p1b: Blastoise|1\n|-crit|p1b: Blastoise\n|-damage|p1a: Sneasler|0 fnt\n|-damage|p1b: Blastoise|38/100\n|faint|p1a: Sneasler\n|\n|-weather|RainDance|[upkeep]\n|upkeep\n|\n|t:|1776179233\n|switch|p1a: Basculegion|Basculegion, L50, M|100/100\n|turn|6\n|\n|t:|1776179244\n|move|p1b: Blastoise|Protect|p1b: Blastoise\n|-singleturn|p1b: Blastoise|Protect\n|move|p2b: Tr\u00e0 t\u1eeb tay|Rage Powder|p2b: Tr\u00e0 t\u1eeb tay\n|-singleturn|p2b: Tr\u00e0 t\u1eeb tay|move: Rage Powder\n|move|p1a: Basculegion|Last Respects|p2b: Tr\u00e0 t\u1eeb tay\n|-supereffective|p2b: Tr\u00e0 t\u1eeb tay|1\n|-damage|p2b: Tr\u00e0 t\u1eeb tay|0 fnt\n|faint|p2b: Tr\u00e0 t\u1eeb tay\n|move|p2a: B\u1eafn t\u00f9m lum|Shell Smash|p2a: B\u1eafn t\u00f9m lum\n|-unboost|p2a: B\u1eafn t\u00f9m lum|def|1\n|-unboost|p2a: B\u1eafn t\u00f9m lum|spd|1\n|-boost|p2a: B\u1eafn t\u00f9m lum|atk|2\n|-boost|p2a: B\u1eafn t\u00f9m lum|spa|2\n|-boost|p2a: B\u1eafn t\u00f9m lum|spe|2\n|\n|-weather|RainDance|[upkeep]\n|upkeep\n|\n|t:|1776179250\n|switch|p2b: Sinh vi\u00ean|Sableye, L50, M|100/100\n|turn|7\n|\n|t:|1776179264\n|move|p2b: Sinh vi\u00ean|Disable|p1a: Basculegion\n|-start|p1a: Basculegion|Disable|Last Respects\n|move|p2a: B\u1eafn t\u00f9m lum|Water Spout|p1b: Blastoise|[spread] p1a,p1b\n|-resisted|p1a: Basculegion|1\n|-crit|p1a: Basculegion\n|-resisted|p1b: Blastoise|1\n|-damage|p1a: Basculegion|0 fnt\n|-damage|p1b: Blastoise|0 fnt\n|faint|p1a: Basculegion\n|faint|p1b: Blastoise\n|\n|win|siunhanech\n|raw|ghostyq8's rating: 1338 &rarr; <strong>1321</strong><br />(-17 for losing)\n|raw|siunhanech's rating: 1382 &rarr; <strong>1399</strong><br />(+17 for winning)\n",
  "uploadtime": 1776179271,
  "views": 23,
  "formatid": "gen9championsvgc2026regma",
  "rating": 1321,
  "private": 0,
  "password": null
}