{
  "id": "gen9championsvgc2026regma-2586832469",
  "format": "[Gen 9 Champions] VGC 2026 Reg M-A",
  "players": [
    "NathanaelW19",
    "ImPhen"
  ],
  "log": "|j|\u2606NathanaelW19\n|j|\u2606ImPhen\n|t:|1776463655\n|gametype|doubles\n|player|p1|NathanaelW19|dragontamer|1172\n|player|p2|ImPhen|265|1215\n|gen|9\n|tier|[Gen 9 Champions] VGC 2026 Reg M-A\n|rated|\n|rule|Species Clause: Limit one of each Pok\u00e9mon\n|rule|Item Clause: Limit 1 of each item\n|clearpoke\n|poke|p1|Medicham, L50, M|\n|poke|p1|Banette, L50, F|\n|poke|p1|Ninetales-Alola, L50, M|\n|poke|p1|Arcanine-Hisui, L50, M|\n|poke|p1|Kommo-o, L50, F|\n|poke|p1|Corviknight, L50, M|\n|poke|p2|Tyranitar, L50, F|\n|poke|p2|Excadrill, L50, M|\n|poke|p2|Corviknight, L50, F|\n|poke|p2|Sinistcha, L50|\n|poke|p2|Incineroar, L50, M|\n|poke|p2|Rotom-Wash, L50|\n|teampreview|4\n|inactive|Battle timer is ON: inactive players will automatically lose when time's up. (requested by NathanaelW19)\n|inactive|ImPhen also wants the timer to be on.\n|inactive|ImPhen has 60 seconds left.\n|inactive|ImPhen has 30 seconds left.\n|inactive|ImPhen has 20 seconds left.\n|\n|t:|1776463729\n|teamsize|p1|4\n|teamsize|p2|4\n|start\n|switch|p1a: Kommo-o|Kommo-o, L50, F|100/100\n|switch|p1b: Corviknight|Corviknight, L50, M, shiny|100/100\n|switch|p2a: Corviknight|Corviknight, L50, F|100/100\n|switch|p2b: Tyranitar|Tyranitar, L50, F|100/100\n|-weather|Sandstorm|[from] ability: Sand Stream|[of] p2b: Tyranitar\n|turn|1\n|\n|t:|1776463754\n|move|p2b: Tyranitar|Protect|p2b: Tyranitar\n|-singleturn|p2b: Tyranitar|Protect\n|move|p1a: Kommo-o|Aura Sphere|p2b: Tyranitar\n|-activate|p2b: Tyranitar|move: Protect\n|move|p2a: Corviknight|Tailwind|p2a: Corviknight\n|-sidestart|p2: ImPhen|move: Tailwind\n|move|p1b: Corviknight|Iron Defense|p1b: Corviknight\n|-boost|p1b: Corviknight|def|2\n|\n|-weather|Sandstorm|[upkeep]\n|-damage|p1a: Kommo-o|94/100|[from] Sandstorm\n|upkeep\n|turn|2\n|\n|t:|1776463778\n|detailschange|p2b: Tyranitar|Tyranitar-Mega, L50, F\n|-mega|p2b: Tyranitar|Tyranitar|Tyranitarite\n|move|p1a: Kommo-o|Vacuum Wave|p2b: Tyranitar\n|-supereffective|p2b: Tyranitar|2\n|-damage|p2b: Tyranitar|65/100\n|move|p2a: Corviknight|Bulk Up|p2a: Corviknight\n|-boost|p2a: Corviknight|atk|1\n|-boost|p2a: Corviknight|def|1\n|move|p2b: Tyranitar|Rock Slide|p1a: Kommo-o|[spread] p1b\n|-miss|p2b: Tyranitar|p1a: Kommo-o\n|-damage|p1b: Corviknight|89/100\n|cant|p1b: Corviknight|flinch\n|\n|-weather|Sandstorm|[upkeep]\n|-damage|p1a: Kommo-o|88/100|[from] Sandstorm\n|-heal|p1b: Corviknight|95/100|[from] item: Leftovers\n|upkeep\n|turn|3\n|\n|t:|1776463799\n|move|p2a: Corviknight|Bulk Up|p2a: Corviknight\n|-boost|p2a: Corviknight|atk|1\n|-boost|p2a: Corviknight|def|1\n|move|p2b: Tyranitar|Rock Slide|p1b: Corviknight|[spread] p1a,p1b\n|-resisted|p1a: Kommo-o|1\n|-damage|p1a: Kommo-o|72/100\n|-damage|p1b: Corviknight|82/100\n|cant|p1a: Kommo-o|flinch\n|move|p1b: Corviknight|Body Press|p2b: Tyranitar\n|-supereffective|p2b: Tyranitar|2\n|-damage|p2b: Tyranitar|0 fnt\n|faint|p2b: Tyranitar\n|\n|-weather|Sandstorm|[upkeep]\n|-damage|p1a: Kommo-o|66/100|[from] Sandstorm\n|-heal|p1b: Corviknight|88/100|[from] item: Leftovers\n|upkeep\n|\n|t:|1776463818\n|switch|p2b: Incineroar|Incineroar, L50, M|100/100\n|-ability|p2b: Incineroar|Intimidate|boost\n|-unboost|p1a: Kommo-o|atk|1\n|-ability|p1b: Corviknight|Mirror Armor\n|-unboost|p2b: Incineroar|atk|1\n|turn|4\n|\n|t:|1776463834\n|move|p1a: Kommo-o|Protect|p1a: Kommo-o\n|-singleturn|p1a: Kommo-o|Protect\n|move|p1b: Corviknight|Protect|p1b: Corviknight\n|-singleturn|p1b: Corviknight|Protect\n|move|p2b: Incineroar|Fake Out|p1b: Corviknight\n|-activate|p1b: Corviknight|move: Protect\n|move|p2a: Corviknight|Brave Bird|p1a: Kommo-o\n|-activate|p1a: Kommo-o|move: Protect\n|\n|-weather|Sandstorm|[upkeep]\n|-damage|p2b: Incineroar|94/100|[from] Sandstorm\n|-damage|p1a: Kommo-o|60/100|[from] Sandstorm\n|-heal|p1b: Corviknight|94/100|[from] item: Leftovers\n|-sideend|p2: ImPhen|move: Tailwind\n|upkeep\n|turn|5\n|inactive|ImPhen has 30 seconds left.\n|\n|t:|1776463861\n|move|p1a: Kommo-o|Aura Sphere|p2b: Incineroar\n|-supereffective|p2b: Incineroar|1\n|-damage|p2b: Incineroar|34/100\n|move|p2a: Corviknight|Brave Bird|p1a: Kommo-o\n|-supereffective|p1a: Kommo-o|1\n|-damage|p1a: Kommo-o|0 fnt\n|faint|p1a: Kommo-o\n|-damage|p2a: Corviknight|82/100|[from] Recoil\n|move|p1b: Corviknight|Body Press|p2b: Incineroar\n|-supereffective|p2b: Incineroar|1\n|-damage|p2b: Incineroar|0 fnt\n|faint|p2b: Incineroar\n|\n|-weather|none\n|-heal|p2a: Corviknight|89/100|[from] item: Leftovers\n|-heal|p1b: Corviknight|99/100|[from] item: Leftovers\n|upkeep\n|\n|t:|1776463879\n|switch|p1a: Medicham|Medicham, L50, M, shiny|100/100\n|switch|p2b: Excadrill|Excadrill, L50, M|100/100\n|turn|6\n|\n|t:|1776463888\n|move|p2b: Excadrill|Protect|p2b: Excadrill\n|-singleturn|p2b: Excadrill|Protect\n|move|p1a: Medicham|Fake Out|p2a: Corviknight\n|-resisted|p2a: Corviknight|1\n|-damage|p2a: Corviknight|85/100\n|cant|p2a: Corviknight|flinch\n|move|p1b: Corviknight|Iron Defense|p1b: Corviknight\n|-boost|p1b: Corviknight|def|2\n|\n|-heal|p2a: Corviknight|91/100|[from] item: Leftovers\n|-heal|p1b: Corviknight|100/100|[from] item: Leftovers\n|upkeep\n|turn|7\n|\n|t:|1776463907\n|move|p1a: Medicham|Close Combat|p2b: Excadrill\n|-supereffective|p2b: Excadrill|1\n|-enditem|p2b: Excadrill|Focus Sash\n|-damage|p2b: Excadrill|1/100\n|-unboost|p1a: Medicham|def|1\n|-unboost|p1a: Medicham|spd|1\n|move|p2b: Excadrill|Rock Slide|p1a: Medicham|[spread] \n|-miss|p2b: Excadrill|p1a: Medicham\n|-miss|p2b: Excadrill|p1b: Corviknight\n|move|p2a: Corviknight|Brave Bird|p1a: Medicham\n|-supereffective|p1a: Medicham|1\n|-enditem|p1a: Medicham|Focus Sash\n|-damage|p1a: Medicham|1/100\n|-damage|p2a: Corviknight|65/100|[from] Recoil\n|move|p1b: Corviknight|Body Press|p2b: Excadrill\n|-supereffective|p2b: Excadrill|1\n|-damage|p2b: Excadrill|0 fnt\n|faint|p2b: Excadrill\n|\n|-heal|p2a: Corviknight|72/100|[from] item: Leftovers\n|upkeep\n|turn|8\n|c|\u2606ImPhen|Pure rng\n|-message|ImPhen forfeited.\n|\n|win|NathanaelW19\n|raw|NathanaelW19's rating: 1172 &rarr; <strong>1200</strong><br />(+28 for winning)\n|raw|ImPhen's rating: 1215 &rarr; <strong>1187</strong><br />(-28 for losing)\n|l|\u2606ImPhen\n|player|p2|\n",
  "uploadtime": 1776463932,
  "views": 23,
  "formatid": "gen9championsvgc2026regma",
  "rating": 1187,
  "private": 0,
  "password": null
}