{
  "id": "gen9championsvgc2026regma-2580801508",
  "format": "[Gen 9 Champions] VGC 2026 Reg M-A",
  "players": [
    "Kibadda12345",
    "vtcy65f7yuivb"
  ],
  "log": "|j|\u2606Kibadda12345\n|j|\u2606vtcy65f7yuivb\n|t:|1775933609\n|gametype|doubles\n|player|p1|Kibadda12345|169|1048\n|player|p2|vtcy65f7yuivb|1|1000\n|gen|9\n|tier|[Gen 9 Champions] VGC 2026 Reg M-A\n|rated|\n|rule|Species Clause: Limit one of each Pok\u00e9mon\n|rule|Item Clause: Limit 1 of each item\n|clearpoke\n|poke|p1|Armarouge, L50, F|\n|poke|p1|Hydreigon, L50, F|\n|poke|p1|Dragonite, L50, F|\n|poke|p1|Excadrill, L50, M|\n|poke|p1|Hawlucha, L50, M|\n|poke|p1|Manectric, L50, F|\n|poke|p2|Garchomp, L50, F|\n|poke|p2|Incineroar, L50, F|\n|poke|p2|Kingambit, L50, M|\n|poke|p2|Basculegion, L50, M|\n|poke|p2|Pelipper, L50, M|\n|poke|p2|Farigiraf, L50, M|\n|teampreview|4\n|\n|t:|1775933631\n|teamsize|p1|4\n|teamsize|p2|4\n|start\n|switch|p1a: Hydreigon|Hydreigon, L50, F|100/100\n|switch|p1b: Dragonite|Dragonite, L50, F|100/100\n|switch|p2a: Incineroar|Incineroar, L50, F|100/100\n|switch|p2b: Pelipper|Pelipper, L50, M|100/100\n|-weather|RainDance|[from] ability: Drizzle|[of] p2b: Pelipper\n|-ability|p2a: Incineroar|Intimidate|boost\n|-unboost|p1a: Hydreigon|atk|1\n|-fail|p1b: Dragonite|unboost|Attack|[from] ability: Inner Focus|[of] p1b: Dragonite\n|turn|1\n|\n|t:|1775933677\n|move|p2a: Incineroar|Fake Out|p1b: Dragonite\n|-damage|p1b: Dragonite|87/100\n|move|p1a: Hydreigon|Draco Meteor|p2b: Pelipper\n|-damage|p2b: Pelipper|1/100\n|-unboost|p1a: Hydreigon|spa|2\n|move|p1b: Dragonite|Ice Beam|p2b: Pelipper\n|-damage|p2b: Pelipper|0 fnt\n|faint|p2b: Pelipper\n|\n|-weather|RainDance|[upkeep]\n|upkeep\n|inactive|Battle timer is ON: inactive players will automatically lose when time's up. (requested by Kibadda12345)\n|\n|t:|1775933701\n|switch|p2b: Farigiraf|Farigiraf, L50, M|100/100\n|turn|2\n|inactive|vtcy65f7yuivb has 30 seconds left.\n|\n|t:|1775933732\n|detailschange|p1b: Dragonite|Dragonite-Mega, L50, F\n|-mega|p1b: Dragonite|Dragonite|Dragoninite\n|move|p1b: Dragonite|Draco Meteor|p2b: Farigiraf\n|-damage|p2b: Farigiraf|15/100\n|-unboost|p1b: Dragonite|spa|2\n|move|p1a: Hydreigon|Dark Pulse|p2b: Farigiraf\n|-supereffective|p2b: Farigiraf|1\n|-damage|p2b: Farigiraf|0 fnt\n|faint|p2b: Farigiraf\n|move|p2a: Incineroar|Flare Blitz|p1b: Dragonite\n|-resisted|p1b: Dragonite|1\n|-damage|p1b: Dragonite|77/100\n|-damage|p2a: Incineroar|98/100|[from] Recoil\n|\n|-weather|RainDance|[upkeep]\n|upkeep\n|\n|t:|1775933738\n|switch|p2b: Garchomp|Garchomp, L50, F|100/100\n|turn|3\n|inactive|Kibadda12345 has 30 seconds left.\n|\n|t:|1775933764\n|detailschange|p2b: Garchomp|Garchomp-Mega, L50, F\n|-mega|p2b: Garchomp|Garchomp|Garchompite\n|move|p2a: Incineroar|Protect|p2a: Incineroar\n|-singleturn|p2a: Incineroar|Protect\n|move|p1b: Dragonite|Dragon Cheer|p1a: Hydreigon\n|-start|p1a: Hydreigon|move: Dragon Cheer\n|move|p1a: Hydreigon|Tailwind|p1a: Hydreigon\n|-sidestart|p1: Kibadda12345|move: Tailwind\n|move|p2b: Garchomp|Rock Slide|p1a: Hydreigon|[spread] p1a,p1b\n|-supereffective|p1b: Dragonite|1\n|-damage|p1a: Hydreigon|67/100\n|-damage|p1b: Dragonite|26/100\n|\n|-weather|RainDance|[upkeep]\n|upkeep\n|turn|4\n|\n|t:|1775933784\n|switch|p1b: Hawlucha|Hawlucha, L50, M|100/100\n|move|p1a: Hydreigon|Draco Meteor|p2b: Garchomp\n|-supereffective|p2b: Garchomp|1\n|-crit|p2b: Garchomp\n|-damage|p2b: Garchomp|0 fnt\n|-unboost|p1a: Hydreigon|spa|2\n|faint|p2b: Garchomp\n|move|p2a: Incineroar|Darkest Lariat|p1a: Hydreigon\n|-resisted|p1a: Hydreigon|1\n|-damage|p1a: Hydreigon|49/100\n|\n|-weather|RainDance|[upkeep]\n|upkeep\n|turn|5\n|\n|t:|1775933799\n|move|p1a: Hydreigon|Draco Meteor|p2a: Incineroar\n|-crit|p2a: Incineroar\n|-damage|p2a: Incineroar|22/100\n|-unboost|p1a: Hydreigon|spa|2\n|-enditem|p2a: Incineroar|Sitrus Berry|[eat]\n|-heal|p2a: Incineroar|47/100|[from] item: Sitrus Berry\n|move|p1b: Hawlucha|Taunt|p2a: Incineroar\n|-start|p2a: Incineroar|move: Taunt\n|move|p2a: Incineroar|Flare Blitz|p1b: Hawlucha\n|-damage|p1b: Hawlucha|77/100\n|-damage|p2a: Incineroar|41/100|[from] Recoil\n|\n|-weather|none\n|upkeep\n|turn|6\n|-message|vtcy65f7yuivb forfeited.\n|\n|win|Kibadda12345\n|raw|Kibadda12345's rating: 1048 &rarr; <strong>1076</strong><br />(+28 for winning)\n|raw|vtcy65f7yuivb's rating: 1000 &rarr; <strong>1000</strong><br />(+0 for losing)\n|l|\u2606vtcy65f7yuivb\n|player|p2|\n",
  "uploadtime": 1775933821,
  "views": 21,
  "formatid": "gen9championsvgc2026regma",
  "rating": 1000,
  "private": 0,
  "password": null
}