{
  "id": "gen9championsvgc2026regma-2585545619",
  "format": "[Gen 9 Champions] VGC 2026 Reg M-A",
  "players": [
    "oversoul47",
    "D4mia"
  ],
  "log": "|j|\u2606oversoul47\n|j|\u2606D4mia\n|t:|1776354622\n|gametype|doubles\n|player|p1|oversoul47|hilbert|1010\n|player|p2|D4mia|gambler|1070\n|gen|9\n|tier|[Gen 9 Champions] VGC 2026 Reg M-A\n|rated|\n|rule|Species Clause: Limit one of each Pok\u00e9mon\n|rule|Item Clause: Limit 1 of each item\n|clearpoke\n|poke|p1|Politoed, L50, M|\n|poke|p1|Dragonite, L50, M|\n|poke|p1|Raichu, L50, F|\n|poke|p1|Meganium, L50, F|\n|poke|p1|Vivillon, L50, F|\n|poke|p1|Sneasler, L50, M|\n|poke|p2|Venusaur, L50, F|\n|poke|p2|Incineroar, L50, M|\n|poke|p2|Garchomp, L50, F|\n|poke|p2|Charizard, L50, F|\n|poke|p2|Whimsicott, L50, M|\n|poke|p2|Rotom-Wash, L50|\n|teampreview|4\n|\n|t:|1776354635\n|teamsize|p1|4\n|teamsize|p2|4\n|start\n|switch|p1a: Raichu|Raichu, L50, F|100/100\n|switch|p1b: Sneasler|Sneasler, L50, M|100/100\n|switch|p2a: Whimsicott|Whimsicott, L50, M|100/100\n|switch|p2b: Charizard|Charizard, L50, F|100/100\n|turn|1\n|\n|t:|1776354653\n|move|p1b: Sneasler|Fake Out|p2a: Whimsicott\n|-damage|p2a: Whimsicott|81/100\n|cant|p2a: Whimsicott|flinch\n|move|p1a: Raichu|Volt Switch|p2b: Charizard\n|-supereffective|p2b: Charizard|1\n|-damage|p2b: Charizard|31/100\n|\n|t:|1776354664\n|switch|p1a: Dragonite|Dragonite, L50, M|100/100|[from] Volt Switch\n|move|p2b: Charizard|Heat Wave|p1b: Sneasler|[spread] p1a,p1b\n|-resisted|p1a: Dragonite|1\n|-damage|p1a: Dragonite|84/100\n|-damage|p1b: Sneasler|16/100\n|\n|upkeep\n|turn|2\n|\n|t:|1776354675\n|detailschange|p1a: Dragonite|Dragonite-Mega, L50, M\n|-mega|p1a: Dragonite|Dragonite|Dragoninite\n|move|p2b: Charizard|Protect|p2b: Charizard\n|-singleturn|p2b: Charizard|Protect\n|move|p2a: Whimsicott|Sunny Day|p2a: Whimsicott\n|-weather|SunnyDay\n|move|p1b: Sneasler|Dire Claw|p2a: Whimsicott\n|-supereffective|p2a: Whimsicott|2\n|-damage|p2a: Whimsicott|0 fnt\n|faint|p2a: Whimsicott\n|move|p1a: Dragonite|Tailwind|p1a: Dragonite\n|-sidestart|p1: oversoul47|move: Tailwind\n|\n|-weather|SunnyDay|[upkeep]\n|upkeep\n|\n|t:|1776354690\n|switch|p2a: Garchomp|Garchomp, L50, F|100/100\n|turn|3\n|\n|t:|1776354722\n|switch|p1a: Politoed|Politoed, L50, M|100/100\n|-weather|RainDance|[from] ability: Drizzle|[of] p1a: Politoed\n|move|p1b: Sneasler|Protect|p1b: Sneasler\n|-singleturn|p1b: Sneasler|Protect\n|move|p2a: Garchomp|Rock Slide|p1a: Politoed|[spread] p1a\n|-activate|p1b: Sneasler|move: Protect\n|-damage|p1a: Politoed|83/100\n|move|p2b: Charizard|Air Slash|p1a: Politoed\n|-damage|p1a: Politoed|48/100\n|-enditem|p1a: Politoed|Sitrus Berry|[eat]\n|-heal|p1a: Politoed|73/100|[from] item: Sitrus Berry\n|\n|-weather|RainDance|[upkeep]\n|upkeep\n|turn|4\n|\n|t:|1776354771\n|move|p1b: Sneasler|Close Combat|p2a: Garchomp\n|-damage|p2a: Garchomp|42/100\n|-unboost|p1b: Sneasler|def|1\n|-unboost|p1b: Sneasler|spd|1\n|-damage|p1b: Sneasler|4/100|[from] ability: Rough Skin|[of] p2a: Garchomp\n|-enditem|p1b: Sneasler|White Herb\n|-clearnegativeboost|p1b: Sneasler|[silent]\n|move|p1a: Politoed|Icy Wind|p2b: Charizard|[spread] p2a,p2b\n|-supereffective|p2a: Garchomp|2\n|-damage|p2a: Garchomp|0 fnt\n|-damage|p2b: Charizard|19/100\n|-unboost|p2b: Charizard|spe|1\n|faint|p2a: Garchomp\n|move|p2b: Charizard|Air Slash|p1a: Politoed\n|-damage|p1a: Politoed|39/100\n|\n|-weather|RainDance|[upkeep]\n|upkeep\n|\n|t:|1776354784\n|switch|p2a: Venusaur|Venusaur, L50, F|100/100\n|turn|5\n|\n|t:|1776354805\n|move|p1a: Politoed|Protect|p1a: Politoed\n|-singleturn|p1a: Politoed|Protect\n|move|p2a: Venusaur|Protect|p2a: Venusaur\n|-singleturn|p2a: Venusaur|Protect\n|move|p1b: Sneasler|Close Combat|p2b: Charizard\n|-resisted|p2b: Charizard|1\n|-damage|p2b: Charizard|0 fnt\n|-unboost|p1b: Sneasler|def|1\n|-unboost|p1b: Sneasler|spd|1\n|faint|p2b: Charizard\n|\n|-weather|RainDance|[upkeep]\n|-sideend|p1: oversoul47|move: Tailwind\n|upkeep\n|turn|6\n|\n|t:|1776354820\n|switch|p1a: Dragonite|Dragonite-Mega, L50, M|84/100\n|move|p1b: Sneasler|Protect|p1b: Sneasler\n|-singleturn|p1b: Sneasler|Protect\n|move|p2a: Venusaur|Leech Seed|p1b: Sneasler\n|-activate|p1b: Sneasler|move: Protect\n|\n|-weather|RainDance|[upkeep]\n|upkeep\n|turn|7\n|\n|t:|1776354839\n|move|p1b: Sneasler|Dire Claw|p2a: Venusaur\n|-crit|p2a: Venusaur\n|-damage|p2a: Venusaur|36/100\n|move|p1a: Dragonite|Hurricane|p2a: Venusaur\n|-supereffective|p2a: Venusaur|1\n|-damage|p2a: Venusaur|0 fnt\n|faint|p2a: Venusaur\n|\n|win|oversoul47\n|raw|oversoul47's rating: 1010 &rarr; <strong>1055</strong><br />(+45 for winning)\n|raw|D4mia's rating: 1070 &rarr; <strong>1046</strong><br />(-24 for losing)\n|l|\u2606D4mia\n|player|p2|\n",
  "uploadtime": 1776354964,
  "views": 29,
  "formatid": "gen9championsvgc2026regma",
  "rating": 1046,
  "private": 0,
  "password": null
}