{
  "id": "gen9championsvgc2026regma-2588108259",
  "format": "[Gen 9 Champions] VGC 2026 Reg M-A",
  "players": [
    "chaarlyyyyy",
    "kari_0817"
  ],
  "log": "|j|\u2606chaarlyyyyy\n|j|\u2606kari_0817\n|t:|1776605161\n|gametype|doubles\n|player|p1|chaarlyyyyy|2|1164\n|player|p2|kari_0817|265|1118\n|gen|9\n|tier|[Gen 9 Champions] VGC 2026 Reg M-A\n|rated|\n|rule|Species Clause: Limit one of each Pok\u00e9mon\n|rule|Item Clause: Limit 1 of each item\n|clearpoke\n|poke|p1|Maushold-Four, L50|\n|poke|p1|Gardevoir, L50, F, shiny|\n|poke|p1|Sinistcha, L50|\n|poke|p1|Kangaskhan, L50, F|\n|poke|p1|Politoed, L50, M, shiny|\n|poke|p1|Corviknight, L50, M|\n|poke|p2|Slowbro, L50, M, shiny|\n|poke|p2|Pikachu, L50, F, shiny|\n|poke|p2|Clefable, L50, M|\n|poke|p2|Sneasler, L50, M, shiny|\n|poke|p2|Alcremie-Salted-Cream, L50, F|\n|poke|p2|Floette-Eternal, L50, F|\n|teampreview|4\n|inactive|Battle timer is ON: inactive players will automatically lose when time's up. (requested by chaarlyyyyy)\n|\n|t:|1776605210\n|teamsize|p1|4\n|teamsize|p2|4\n|start\n|switch|p1a: TUMAMI|Kangaskhan, L50, F|100/100\n|switch|p1b: Gardevoir|Gardevoir, L50, F, shiny|100/100\n|switch|p2a: Slowbro|Slowbro, L50, M, shiny|100/100\n|switch|p2b: Floette|Floette-Eternal, L50, F|100/100\n|-ability|p1b: Gardevoir|Flower Veil|Trace|[from] ability: Trace|[of] p2b: Floette\n|turn|1\n|inactive|kari_0817 has 30 seconds left.\n|\n|t:|1776605237\n|detailschange|p1b: Gardevoir|Gardevoir-Mega, L50, F, shiny\n|-mega|p1b: Gardevoir|Gardevoir|Gardevoirite\n|move|p1a: TUMAMI|Fake Out|p2b: Floette\n|-damage|p2b: Floette|71/100\n|cant|p2b: Floette|flinch\n|move|p1b: Gardevoir|Hyper Voice|p2a: Slowbro|[spread] p2a,p2b\n|-damage|p2a: Slowbro|60/100\n|-damage|p2b: Floette|17/100\n|move|p2a: Slowbro|Amnesia|p2a: Slowbro\n|-boost|p2a: Slowbro|spd|2\n|\n|upkeep\n|turn|2\n|inactive|kari_0817 has 30 seconds left.\n|\n|t:|1776605267\n|detailschange|p2a: Slowbro|Slowbro-Mega, L50, M, shiny\n|-mega|p2a: Slowbro|Slowbro|Slowbronite\n|move|p2b: Floette|Light of Ruin|p1a: TUMAMI|[miss]\n|-miss|p2b: Floette|p1a: TUMAMI\n|move|p1b: Gardevoir|Hyper Voice|p2a: Slowbro|[spread] p2a,p2b\n|-damage|p2a: Slowbro|42/100\n|-damage|p2b: Floette|0 fnt\n|faint|p2b: Floette\n|move|p1a: TUMAMI|Double-Edge|p2a: Slowbro\n|-damage|p2a: Slowbro|12/100\n|-damage|p1a: TUMAMI|91/100|[from] Recoil\n|move|p2a: Slowbro|Slack Off|p2a: Slowbro\n|-heal|p2a: Slowbro|62/100\n|\n|upkeep\n|\n|t:|1776605283\n|switch|p2b: Sneasler|Sneasler, L50, M, shiny|100/100\n|turn|3\n|inactive|kari_0817 has 30 seconds left.\n|\n|t:|1776605312\n|move|p2b: Sneasler|Dire Claw|p1b: Gardevoir\n|-supereffective|p1b: Gardevoir|1\n|-damage|p1b: Gardevoir|0 fnt\n|faint|p1b: Gardevoir\n|move|p1a: TUMAMI|Double-Edge|p2a: Slowbro\n|-damage|p2a: Slowbro|33/100\n|-damage|p1a: TUMAMI|81/100|[from] Recoil\n|move|p2a: Slowbro|Slack Off|p2a: Slowbro\n|-heal|p2a: Slowbro|83/100\n|\n|upkeep\n|\n|t:|1776605322\n|switch|p1b: Corviknight|Corviknight, L50, M|100/100\n|turn|4\n|inactive|kari_0817 has 30 seconds left.\n|inactive|kari_0817 has 20 seconds left.\n|\n|t:|1776605362\n|switch|p1a: CHCHCHINITA|Sinistcha, L50|100/100\n|move|p2b: Sneasler|Close Combat|p1a: CHCHCHINITA\n|-immune|p1a: CHCHCHINITA\n|move|p1b: Corviknight|Bulk Up|p1b: Corviknight\n|-boost|p1b: Corviknight|atk|1\n|-boost|p1b: Corviknight|def|1\n|move|p2a: Slowbro|Iron Defense|p2a: Slowbro\n|-boost|p2a: Slowbro|def|2\n|\n|upkeep\n|turn|5\n|\n|t:|1776605378\n|move|p2b: Sneasler|Dire Claw|p1a: CHCHCHINITA\n|-damage|p1a: CHCHCHINITA|62/100\n|move|p1a: CHCHCHINITA|Matcha Gotcha|p2a: Slowbro|[spread] p2a,p2b\n|-supereffective|p2a: Slowbro|1\n|-resisted|p2b: Sneasler|1\n|-damage|p2a: Slowbro|62/100\n|-heal|p1a: CHCHCHINITA|74/100|[from] drain|[of] p2a: Slowbro\n|-damage|p2b: Sneasler|84/100\n|-heal|p1a: CHCHCHINITA|81/100|[from] drain|[of] p2b: Sneasler\n|-status|p2a: Slowbro|brn\n|move|p1b: Corviknight|Bulk Up|p1b: Corviknight\n|-boost|p1b: Corviknight|atk|1\n|-boost|p1b: Corviknight|def|1\n|move|p2a: Slowbro|Iron Defense|p2a: Slowbro\n|-boost|p2a: Slowbro|def|2\n|\n|-damage|p2a: Slowbro|56/100 brn|[from] brn\n|upkeep\n|turn|6\n|c|\u2606chaarlyyyyy|metapos fight\n|inactive|kari_0817 has 30 seconds left.\n|inactive|kari_0817 has 20 seconds left.\n|\n|t:|1776605417\n|move|p2b: Sneasler|Toxic|p1a: CHCHCHINITA\n|-status|p1a: CHCHCHINITA|tox\n|move|p1a: CHCHCHINITA|Matcha Gotcha|p2b: Sneasler|[spread] p2a,p2b\n|-supereffective|p2a: Slowbro|1\n|-resisted|p2b: Sneasler|1\n|-damage|p2a: Slowbro|38/100 brn\n|-heal|p1a: CHCHCHINITA|92/100 tox|[from] drain|[of] p2a: Slowbro\n|-damage|p2b: Sneasler|67/100\n|-heal|p1a: CHCHCHINITA|99/100 tox|[from] drain|[of] p2b: Sneasler\n|move|p1b: Corviknight|Bulk Up|p1b: Corviknight\n|-boost|p1b: Corviknight|atk|1\n|-boost|p1b: Corviknight|def|1\n|move|p2a: Slowbro|Stored Power|p1a: CHCHCHINITA\n|-damage|p1a: CHCHCHINITA|39/100 tox\n|-enditem|p1a: CHCHCHINITA|Sitrus Berry|[eat]\n|-heal|p1a: CHCHCHINITA|64/100 tox|[from] item: Sitrus Berry\n|\n|-damage|p1a: CHCHCHINITA|58/100 tox|[from] psn\n|-damage|p2a: Slowbro|32/100 brn|[from] brn\n|upkeep\n|turn|7\n|c|\u2606chaarlyyyyy|oh wait\n|\n|t:|1776605440\n|move|p2b: Sneasler|Dire Claw|p1a: CHCHCHINITA\n|-damage|p1a: CHCHCHINITA|20/100 tox\n|move|p1a: CHCHCHINITA|Matcha Gotcha|p2a: Slowbro|[spread] p2a\n|-miss|p1a: CHCHCHINITA|p2b: Sneasler\n|-supereffective|p2a: Slowbro|1\n|-damage|p2a: Slowbro|14/100 brn\n|-heal|p1a: CHCHCHINITA|30/100 tox|[from] drain|[of] p2a: Slowbro\n|move|p1b: Corviknight|Iron Head|p2a: Slowbro\n|-resisted|p2a: Slowbro|1\n|-damage|p2a: Slowbro|8/100 brn\n|move|p2a: Slowbro|Slack Off|p2a: Slowbro\n|-heal|p2a: Slowbro|58/100 brn\n|\n|-damage|p1a: CHCHCHINITA|18/100 tox|[from] psn\n|-damage|p2a: Slowbro|52/100 brn|[from] brn\n|upkeep\n|turn|8\n|\n|t:|1776605465\n|switch|p2b: Alcremie|Alcremie-Salted-Cream, L50, F|100/100\n|move|p1a: CHCHCHINITA|Matcha Gotcha|p2a: Slowbro|[spread] p2a,p2b\n|-supereffective|p2a: Slowbro|1\n|-damage|p2a: Slowbro|33/100 brn\n|-heal|p1a: CHCHCHINITA|29/100 tox|[from] drain|[of] p2a: Slowbro\n|-damage|p2b: Alcremie|80/100\n|-heal|p1a: CHCHCHINITA|39/100 tox|[from] drain|[of] p2b: Alcremie\n|move|p1b: Corviknight|Bulk Up|p1b: Corviknight\n|-boost|p1b: Corviknight|atk|1\n|-boost|p1b: Corviknight|def|1\n|move|p2a: Slowbro|Slack Off|p2a: Slowbro\n|-heal|p2a: Slowbro|83/100 brn\n|\n|-damage|p1a: CHCHCHINITA|20/100 tox|[from] psn\n|-damage|p2a: Slowbro|77/100 brn|[from] brn\n|upkeep\n|turn|9\n|\n|t:|1776605490\n|move|p1a: CHCHCHINITA|Rage Powder|p1a: CHCHCHINITA\n|-singleturn|p1a: CHCHCHINITA|move: Rage Powder\n|move|p1b: Corviknight|Iron Head|p2b: Alcremie\n|-supereffective|p2b: Alcremie|1\n|-damage|p2b: Alcremie|0 fnt\n|faint|p2b: Alcremie\n|move|p2a: Slowbro|Iron Defense|p2a: Slowbro\n|-boost|p2a: Slowbro|def|2\n|\n|-damage|p1a: CHCHCHINITA|0 fnt|[from] psn\n|faint|p1a: CHCHCHINITA\n|-damage|p2a: Slowbro|71/100 brn|[from] brn\n|upkeep\n|\n|t:|1776605501\n|switch|p1a: TUMAMI|Kangaskhan, L50, F|81/100\n|switch|p2b: Sneasler|Sneasler, L50, M, shiny|67/100\n|turn|10\n|\n|t:|1776605516\n|move|p1a: TUMAMI|Fake Out|p2b: Sneasler\n|-damage|p2b: Sneasler|37/100\n|cant|p2b: Sneasler|flinch\n|move|p1b: Corviknight|Iron Head|p2b: Sneasler\n|-damage|p2b: Sneasler|0 fnt\n|faint|p2b: Sneasler\n|move|p2a: Slowbro|Iron Defense|p2a: Slowbro\n|-boost|p2a: Slowbro|def|0\n|\n|-damage|p2a: Slowbro|65/100 brn|[from] brn\n|upkeep\n|turn|11\n|\n|t:|1776605530\n|move|p1a: TUMAMI|Sucker Punch||[still]\n|-fail|p1a: TUMAMI\n|move|p1b: Corviknight|Bulk Up|p1b: Corviknight\n|-boost|p1b: Corviknight|atk|1\n|-boost|p1b: Corviknight|def|1\n|move|p2a: Slowbro|Slack Off|p2a: Slowbro\n|-heal|p2a: Slowbro|100/100 brn\n|\n|-damage|p2a: Slowbro|95/100 brn|[from] brn\n|upkeep\n|turn|12\n|\n|t:|1776605539\n|move|p1a: TUMAMI|Double-Edge|p2a: Slowbro\n|-damage|p2a: Slowbro|87/100 brn\n|-damage|p1a: TUMAMI|79/100|[from] Recoil\n|move|p1b: Corviknight|Bulk Up|p1b: Corviknight\n|-boost|p1b: Corviknight|atk|1\n|-boost|p1b: Corviknight|def|1\n|move|p2a: Slowbro|Stored Power|p1a: TUMAMI\n|-damage|p1a: TUMAMI|0 fnt\n|faint|p1a: TUMAMI\n|\n|-damage|p2a: Slowbro|81/100 brn|[from] brn\n|upkeep\n|turn|13\n|c|\u2606chaarlyyyyy|oh wait\n|\n|t:|1776605564\n|move|p1b: Corviknight|Bulk Up|p1b: Corviknight\n|-boost|p1b: Corviknight|atk|0\n|-boost|p1b: Corviknight|def|0\n|move|p2a: Slowbro|Amnesia|p2a: Slowbro\n|-boost|p2a: Slowbro|spd|2\n|\n|-damage|p2a: Slowbro|75/100 brn|[from] brn\n|upkeep\n|turn|14\n|c|\u2606chaarlyyyyy|true stored power gg\n|c|\u2606chaarlyyyyy|flinch\n|\n|t:|1776605576\n|move|p1b: Corviknight|Iron Head|p2a: Slowbro\n|-resisted|p2a: Slowbro|1\n|-damage|p2a: Slowbro|68/100 brn\n|move|p2a: Slowbro|Amnesia|p2a: Slowbro\n|-boost|p2a: Slowbro|spd|2\n|\n|-damage|p2a: Slowbro|62/100 brn|[from] brn\n|upkeep\n|turn|15\n|c|\u2606chaarlyyyyy|flinch\n|\n|t:|1776605582\n|move|p1b: Corviknight|Iron Head|p2a: Slowbro\n|-resisted|p2a: Slowbro|1\n|-damage|p2a: Slowbro|54/100 brn\n|move|p2a: Slowbro|Stored Power|p1b: Corviknight\n|-resisted|p1b: Corviknight|1\n|-damage|p1b: Corviknight|54/100\n|\n|-heal|p1b: Corviknight|60/100|[from] item: Leftovers\n|-damage|p2a: Slowbro|49/100 brn|[from] brn\n|upkeep\n|turn|16\n|\n|t:|1776605590\n|move|p1b: Corviknight|Iron Head|p2a: Slowbro\n|-resisted|p2a: Slowbro|1\n|-damage|p2a: Slowbro|41/100 brn\n|cant|p2a: Slowbro|flinch\n|\n|-heal|p1b: Corviknight|66/100|[from] item: Leftovers\n|-damage|p2a: Slowbro|35/100 brn|[from] brn\n|upkeep\n|turn|17\n|c|\u2606kari_0817|lol\n|\n|t:|1776605598\n|move|p1b: Corviknight|Iron Head|p2a: Slowbro\n|-resisted|p2a: Slowbro|1\n|-damage|p2a: Slowbro|29/100 brn\n|move|p2a: Slowbro|Slack Off|p2a: Slowbro\n|-heal|p2a: Slowbro|79/100 brn\n|\n|-heal|p1b: Corviknight|73/100|[from] item: Leftovers\n|-damage|p2a: Slowbro|73/100 brn|[from] brn\n|upkeep\n|turn|18\n|c|\u2606kari_0817|oh god I really flinched\n|\n|t:|1776605607\n|move|p1b: Corviknight|Body Press|p2a: Slowbro\n|-resisted|p2a: Slowbro|1\n|-damage|p2a: Slowbro|68/100 brn\n|move|p2a: Slowbro|Stored Power|p1b: Corviknight\n|-resisted|p1b: Corviknight|1\n|-damage|p1b: Corviknight|31/100\n|\n|-heal|p1b: Corviknight|37/100|[from] item: Leftovers\n|-damage|p2a: Slowbro|62/100 brn|[from] brn\n|upkeep\n|turn|19\n|c|\u2606chaarlyyyyy|once\n|\n|t:|1776605617\n|move|p1b: Corviknight|Protect|p1b: Corviknight\n|-singleturn|p1b: Corviknight|Protect\n|move|p2a: Slowbro|Stored Power|p1b: Corviknight\n|-activate|p1b: Corviknight|move: Protect\n|\n|-heal|p1b: Corviknight|43/100|[from] item: Leftovers\n|-damage|p2a: Slowbro|56/100 brn|[from] brn\n|upkeep\n|turn|20\n|\n|t:|1776605622\n|move|p1b: Corviknight|Protect||[still]\n|-fail|p1b: Corviknight\n|move|p2a: Slowbro|Stored Power|p1b: Corviknight\n|-resisted|p1b: Corviknight|1\n|-damage|p1b: Corviknight|0 fnt\n|faint|p1b: Corviknight\n|\n|win|kari_0817\n|raw|chaarlyyyyy's rating: 1164 &rarr; <strong>1136</strong><br />(-28 for losing)\n|raw|kari_0817's rating: 1118 &rarr; <strong>1146</strong><br />(+28 for winning)\n",
  "uploadtime": 1776605622,
  "views": 6,
  "formatid": "gen9championsvgc2026regma",
  "rating": 1136,
  "private": 0,
  "password": null
}