{
  "id": "gen9championsvgc2026regma-2585013798",
  "format": "[Gen 9 Champions] VGC 2026 Reg M-A",
  "players": [
    "subii",
    "reisquaza1"
  ],
  "log": "|j|\u2606subii\n|j|\u2606reisquaza1\n|t:|1776303383\n|gametype|doubles\n|player|p1|subii|2|1312\n|player|p2|reisquaza1|flannery|1343\n|gen|9\n|tier|[Gen 9 Champions] VGC 2026 Reg M-A\n|rated|\n|rule|Species Clause: Limit one of each Pok\u00e9mon\n|rule|Item Clause: Limit 1 of each item\n|clearpoke\n|poke|p1|Meganium, L50, M|\n|poke|p1|Aerodactyl, L50, M|\n|poke|p1|Tauros-Paldea-Aqua, L50, M|\n|poke|p1|Archaludon, L50, F|\n|poke|p1|Typhlosion-Hisui, L50, F|\n|poke|p1|Kangaskhan, L50, F|\n|poke|p2|Floette-Eternal, L50, F|\n|poke|p2|Kingambit, L50, M|\n|poke|p2|Delphox, L50, F|\n|poke|p2|Incineroar, L50, M|\n|poke|p2|Sneasler, L50, F|\n|poke|p2|Garchomp, L50, F|\n|teampreview|4\n|inactive|Battle timer is ON: inactive players will automatically lose when time's up. (requested by subii)\n|\n|t:|1776303424\n|teamsize|p1|4\n|teamsize|p2|4\n|start\n|switch|p1a: Typhlosion|Typhlosion-Hisui, L50, F|100/100\n|switch|p1b: Kangaskhan|Kangaskhan, L50, F|100/100\n|switch|p2a: Floette|Floette-Eternal, L50, F|100/100\n|switch|p2b: Incineroar|Incineroar, L50, M|100/100\n|-item|p2a: Floette|Floettite|[from] ability: Frisk|[of] p1a: Typhlosion\n|-item|p2b: Incineroar|Leftovers|[from] ability: Frisk|[of] p1a: Typhlosion\n|-ability|p2b: Incineroar|Intimidate|boost\n|-unboost|p1a: Typhlosion|atk|1\n|-unboost|p1b: Kangaskhan|atk|1\n|turn|1\n|inactive|subii has 30 seconds left.\n|inactive|reisquaza1 has 30 seconds left.\n|inactive|reisquaza1 has 20 seconds left.\n|inactive|reisquaza1 has 15 seconds left.\n|\n|t:|1776303467\n|switch|p1b: Meganium|Meganium, L50, M|100/100\n|detailschange|p2a: Floette|Floette-Mega, L50, F\n|-mega|p2a: Floette|Floette|Floettite\n|-ability|p2a: Floette|Fairy Aura\n|move|p1a: Typhlosion|Eruption|p2b: Incineroar|[spread] p2a,p2b\n|-resisted|p2b: Incineroar|1\n|-damage|p2a: Floette|61/100\n|-damage|p2b: Incineroar|72/100\n|move|p2a: Floette|Dazzling Gleam|p1b: Meganium|[spread] p1a,p1b\n|-resisted|p1a: Typhlosion|1\n|-damage|p1a: Typhlosion|72/100\n|-damage|p1b: Meganium|56/100\n|move|p2b: Incineroar|Throat Chop|p1a: Typhlosion\n|-supereffective|p1a: Typhlosion|1\n|-damage|p1a: Typhlosion|0 fnt\n|faint|p1a: Typhlosion\n|\n|-heal|p2b: Incineroar|78/100|[from] item: Leftovers\n|upkeep\n|\n|t:|1776303482\n|switch|p1a: Aerodactyl|Aerodactyl, L50, M|100/100\n|-ability|p1a: Aerodactyl|Unnerve\n|turn|2\n|inactive|reisquaza1 has 30 seconds left.\n|\n|t:|1776303509\n|detailschange|p1b: Meganium|Meganium-Mega, L50, M\n|-mega|p1b: Meganium|Meganium|Meganiumite\n|move|p1a: Aerodactyl|Rock Slide|p2a: Floette|[spread] p2a,p2b\n|-supereffective|p2b: Incineroar|1\n|-damage|p2a: Floette|34/100\n|-damage|p2b: Incineroar|42/100\n|move|p2a: Floette|Draining Kiss|p1a: Aerodactyl\n|-damage|p1a: Aerodactyl|43/100\n|-heal|p2a: Floette|72/100|[from] drain|[of] p1a: Aerodactyl\n|move|p1b: Meganium|Solar Beam||[still]\n|-prepare|p1b: Meganium|Solar Beam\n|-activate|p1b: Meganium|ability: Mega Sol\n|-anim|p1b: Meganium|Solar Beam|p2a: Floette\n|-damage|p2a: Floette|20/100\n|move|p2b: Incineroar|Flare Blitz|p1b: Meganium\n|-supereffective|p1b: Meganium|1\n|-damage|p1b: Meganium|0 fnt\n|faint|p1b: Meganium\n|-damage|p2b: Incineroar|28/100|[from] Recoil\n|\n|-heal|p2b: Incineroar|34/100|[from] item: Leftovers\n|upkeep\n|\n|t:|1776303523\n|switch|p1b: Kangaskhan|Kangaskhan, L50, F|100/100\n|turn|3\n|\n|t:|1776303533\n|switch|p2b: Garchomp|Garchomp, L50, F|100/100\n|move|p2a: Floette|Protect|p2a: Floette\n|-singleturn|p2a: Floette|Protect\n|move|p1b: Kangaskhan|Fake Out|p2a: Floette\n|-activate|p2a: Floette|move: Protect\n|move|p1a: Aerodactyl|Rock Slide|p2a: Floette|[spread] p2b\n|-activate|p2a: Floette|move: Protect\n|-resisted|p2b: Garchomp|1\n|-damage|p2b: Garchomp|90/100\n|\n|upkeep\n|turn|4\n|inactive|reisquaza1 has 30 seconds left.\n|\n|t:|1776303558\n|move|p1a: Aerodactyl|Dual Wingbeat|p2a: Floette\n|-damage|p2a: Floette|0 fnt\n|faint|p2a: Floette\n|-hitcount|p2: Floette|1\n|move|p1b: Kangaskhan|Drain Punch|p2b: Garchomp\n|-damage|p2b: Garchomp|69/100\n|-damage|p1b: Kangaskhan|88/100|[from] ability: Rough Skin|[of] p2b: Garchomp\n|move|p2b: Garchomp|Rock Slide|p1b: Kangaskhan|[spread] p1a,p1b\n|-supereffective|p1a: Aerodactyl|1\n|-damage|p1a: Aerodactyl|0 fnt\n|-damage|p1b: Kangaskhan|64/100\n|faint|p1a: Aerodactyl\n|\n|upkeep\n|\n|t:|1776303569\n|switch|p2a: Incineroar|Incineroar, L50, M|34/100\n|-ability|p2a: Incineroar|Intimidate|boost\n|-unboost|p1b: Kangaskhan|atk|1\n|turn|5\n|\n|t:|1776303584\n|switch|p2a: Sneasler|Sneasler, L50, F|100/100\n|move|p1b: Kangaskhan|Drain Punch|p2a: Sneasler\n|-resisted|p2a: Sneasler|1\n|-damage|p2a: Sneasler|88/100\n|-heal|p1b: Kangaskhan|69/100|[from] drain|[of] p2a: Sneasler\n|move|p2b: Garchomp|Dragon Claw|p1b: Kangaskhan\n|-damage|p1b: Kangaskhan|21/100\n|\n|upkeep\n|turn|6\n|\n|t:|1776303594\n|move|p2a: Sneasler|Fake Out|p1b: Kangaskhan\n|-damage|p1b: Kangaskhan|2/100\n|cant|p1b: Kangaskhan|flinch\n|move|p2b: Garchomp|Dragon Claw|p1b: Kangaskhan\n|-damage|p1b: Kangaskhan|0 fnt\n|faint|p1b: Kangaskhan\n|\n|win|reisquaza1\n|raw|subii's rating: 1312 &rarr; <strong>1294</strong><br />(-18 for losing)\n|raw|reisquaza1's rating: 1343 &rarr; <strong>1361</strong><br />(+18 for winning)\n|l|\u2606subii\n|player|p1|\n",
  "uploadtime": 1776303607,
  "views": 29,
  "formatid": "gen9championsvgc2026regma",
  "rating": 1294,
  "private": 0,
  "password": null
}