{
  "id": "gen9championsvgc2026regma-2583028349",
  "format": "[Gen 9 Champions] VGC 2026 Reg M-A",
  "players": [
    "DudeOfAllTests",
    "Chef204"
  ],
  "log": "|j|\u2606DudeOfAllTests\n|j|\u2606Chef204\n|t:|1776134711\n|gametype|doubles\n|player|p1|DudeOfAllTests|barry|1100\n|player|p2|Chef204|cynthia-gen4|1130\n|gen|9\n|tier|[Gen 9 Champions] VGC 2026 Reg M-A\n|rated|\n|rule|Species Clause: Limit one of each Pok\u00e9mon\n|rule|Item Clause: Limit 1 of each item\n|clearpoke\n|poke|p1|Abomasnow, L50, F|\n|poke|p1|Empoleon, L50, M|\n|poke|p1|Slowking, L50, F|\n|poke|p1|Beartic, L50, M|\n|poke|p1|Maushold-Four, L50|\n|poke|p1|Typhlosion, L50, M|\n|poke|p2|Floette-Eternal, L50, F|\n|poke|p2|Maushold-Four, L50|\n|poke|p2|Garchomp, L50, F|\n|poke|p2|Talonflame, L50, M|\n|poke|p2|Scizor, L50, M|\n|poke|p2|Rotom-Wash, L50|\n|teampreview|4\n|inactive|Battle timer is ON: inactive players will automatically lose when time's up. (requested by Chef204)\n|\n|t:|1776134736\n|teamsize|p1|4\n|teamsize|p2|4\n|start\n|switch|p1a: Slowking|Slowking, L50, F|100/100\n|switch|p1b: Empoleon|Empoleon, L50, M|100/100\n|switch|p2a: Scizor|Scizor, L50, M, shiny|100/100\n|switch|p2b: Maushold|Maushold-Four, L50|100/100\n|turn|1\n|\n|t:|1776134746\n|move|p2b: Maushold|Follow Me|p2b: Maushold\n|-singleturn|p2b: Maushold|move: Follow Me\n|move|p2a: Scizor|Swords Dance|p2a: Scizor\n|-boost|p2a: Scizor|atk|2\n|move|p1b: Empoleon|Hydro Pump|p2b: Maushold\n|-damage|p2b: Maushold|21/100\n|move|p1a: Slowking|Trick Room|p1a: Slowking\n|-fieldstart|move: Trick Room|[of] p1a: Slowking\n|\n|upkeep\n|turn|2\n|\n|t:|1776134758\n|detailschange|p2a: Scizor|Scizor-Mega, L50, M, shiny\n|-mega|p2a: Scizor|Scizor|Scizorite\n|move|p2b: Maushold|Follow Me|p2b: Maushold\n|-singleturn|p2b: Maushold|move: Follow Me\n|move|p2a: Scizor|Bullet Punch|p1a: Slowking\n|-resisted|p1a: Slowking|1\n|-damage|p1a: Slowking|71/100\n|move|p1a: Slowking|Muddy Water|p2a: Scizor|[spread] p2a\n|-miss|p1a: Slowking|p2b: Maushold\n|-crit|p2a: Scizor\n|-damage|p2a: Scizor|77/100\n|move|p1b: Empoleon|Hydro Pump|p2b: Maushold\n|-damage|p2b: Maushold|0 fnt\n|faint|p2b: Maushold\n|\n|-heal|p1a: Slowking|77/100|[from] item: Leftovers\n|upkeep\n|\n|t:|1776134764\n|switch|p2b: Garchomp|Garchomp, L50, F|100/100\n|turn|3\n|\n|t:|1776134774\n|move|p2a: Scizor|Protect|p2a: Scizor\n|-singleturn|p2a: Scizor|Protect\n|-prepare|p1a: Slowking|Chilly Reception|[premajor]\n|move|p1a: Slowking|Chilly Reception|p1a: Slowking\n|-weather|Snowscape\n|\n|t:|1776134780\n|switch|p1a: Abomasnow|Abomasnow, L50, F|100/100|[from] Chilly Reception\n|move|p1b: Empoleon|Hydro Pump|p2a: Scizor\n|-activate|p2a: Scizor|move: Protect\n|move|p2b: Garchomp|Earthquake|p1b: Empoleon|[spread] p1a,p1b\n|-activate|p2a: Scizor|move: Protect\n|-resisted|p1a: Abomasnow|1\n|-supereffective|p1b: Empoleon|1\n|-damage|p1a: Abomasnow|83/100\n|-damage|p1b: Empoleon|2/100\n|-enditem|p1b: Empoleon|Sitrus Berry|[eat]\n|-heal|p1b: Empoleon|27/100|[from] item: Sitrus Berry\n|\n|-weather|Snowscape|[upkeep]\n|upkeep\n|turn|4\n|\n|t:|1776134795\n|detailschange|p1a: Abomasnow|Abomasnow-Mega, L50, F\n|-mega|p1a: Abomasnow|Abomasnow|Abomasite\n|move|p2a: Scizor|Bullet Punch|p1a: Abomasnow\n|-supereffective|p1a: Abomasnow|1\n|-damage|p1a: Abomasnow|0 fnt\n|faint|p1a: Abomasnow\n|move|p1b: Empoleon|Hydro Pump|p2a: Scizor|[miss]\n|-miss|p1b: Empoleon|p2a: Scizor\n|move|p2b: Garchomp|Stomping Tantrum|p1b: Empoleon\n|-supereffective|p1b: Empoleon|1\n|-damage|p1b: Empoleon|0 fnt\n|faint|p1b: Empoleon\n|\n|-weather|Snowscape|[upkeep]\n|upkeep\n|\n|t:|1776134814\n|switch|p1a: Typhlosion|Typhlosion, L50, M|100/100\n|switch|p1b: Slowking|Slowking, L50, F|77/100\n|turn|5\n|\n|t:|1776134822\n|move|p2a: Scizor|Protect|p2a: Scizor\n|-singleturn|p2a: Scizor|Protect\n|move|p2b: Garchomp|Protect|p2b: Garchomp\n|-singleturn|p2b: Garchomp|Protect\n|move|p1b: Slowking|Muddy Water|p2b: Garchomp|[spread] \n|-activate|p2a: Scizor|move: Protect\n|-activate|p2b: Garchomp|move: Protect\n|move|p1a: Typhlosion|Heat Wave|p2b: Garchomp|[spread] \n|-activate|p2a: Scizor|move: Protect\n|-activate|p2b: Garchomp|move: Protect\n|\n|-weather|Snowscape|[upkeep]\n|-heal|p1b: Slowking|83/100|[from] item: Leftovers\n|-fieldend|move: Trick Room\n|upkeep\n|turn|6\n|\n|t:|1776134831\n|move|p2a: Scizor|Helping Hand|p2b: Garchomp\n|-singleturn|p2b: Garchomp|Helping Hand|[of] p2a: Scizor\n|move|p1a: Typhlosion|Heat Wave|p2a: Scizor|[spread] p2a,p2b\n|-supereffective|p2a: Scizor|2\n|-resisted|p2b: Garchomp|1\n|-damage|p2a: Scizor|0 fnt\n|-damage|p2b: Garchomp|82/100\n|faint|p2a: Scizor\n|move|p2b: Garchomp|Earthquake|p1b: Slowking|[spread] p1a,p1b\n|-supereffective|p1a: Typhlosion|1\n|-damage|p1a: Typhlosion|0 fnt\n|-damage|p1b: Slowking|29/100\n|faint|p1a: Typhlosion\n|move|p1b: Slowking|Muddy Water|p2b: Garchomp\n|-damage|p2b: Garchomp|49/100\n|-unboost|p2b: Garchomp|accuracy|1\n|\n|-weather|Snowscape|[upkeep]\n|-heal|p1b: Slowking|35/100|[from] item: Leftovers\n|upkeep\n|\n|t:|1776134844\n|switch|p2a: Talonflame|Talonflame, L50, M|100/100\n|turn|7\n|\n|t:|1776134849\n|move|p2a: Talonflame|Acrobatics|p1b: Slowking\n|-damage|p1b: Slowking|3/100\n|move|p2b: Garchomp|Stomping Tantrum|p1b: Slowking|[miss]\n|-miss|p2b: Garchomp|p1b: Slowking\n|move|p1b: Slowking|Trick Room|p1b: Slowking\n|-fieldstart|move: Trick Room|[of] p1b: Slowking\n|\n|-weather|none\n|-heal|p1b: Slowking|9/100|[from] item: Leftovers\n|upkeep\n|turn|8\n|\n|t:|1776134854\n|move|p2a: Talonflame|Acrobatics|p1b: Slowking\n|-damage|p1b: Slowking|0 fnt\n|faint|p1b: Slowking\n|\n|win|Chef204\n|raw|DudeOfAllTests's rating: 1100 &rarr; <strong>1077</strong><br />(-23 for losing)\n|raw|Chef204's rating: 1130 &rarr; <strong>1153</strong><br />(+23 for winning)\n",
  "uploadtime": 1776134856,
  "views": 40,
  "formatid": "gen9championsvgc2026regma",
  "rating": 1077,
  "private": 0,
  "password": null
}