{
  "id": "gen9championsvgc2026regma-2585601702",
  "format": "[Gen 9 Champions] VGC 2026 Reg M-A",
  "players": [
    "adr7",
    "iccr"
  ],
  "log": "|j|\u2606adr7\n|j|\u2606iccr\n|t:|1776358184\n|gametype|doubles\n|player|p1|adr7|ethan|1117\n|player|p2|iccr|266|1175\n|gen|9\n|tier|[Gen 9 Champions] VGC 2026 Reg M-A\n|rated|\n|rule|Species Clause: Limit one of each Pok\u00e9mon\n|rule|Item Clause: Limit 1 of each item\n|clearpoke\n|poke|p1|Crabominable, L50, M|\n|poke|p1|Slowking, L50, M|\n|poke|p1|Sinistcha, L50|\n|poke|p1|Kingambit, L50, F|\n|poke|p1|Arcanine-Hisui, L50, F|\n|poke|p1|Pelipper, L50, M|\n|poke|p2|Pelipper, L50, M|\n|poke|p2|Basculegion-F, L50, F|\n|poke|p2|Starmie, L50|\n|poke|p2|Sneasler, L50, M|\n|poke|p2|Sableye, L50, M|\n|poke|p2|Dragapult, L50, M|\n|teampreview|4\n|inactive|Battle timer is ON: inactive players will automatically lose when time's up. (requested by iccr)\n|inactive|adr7 has 60 seconds left.\n|\n|t:|1776358220\n|teamsize|p1|4\n|teamsize|p2|4\n|start\n|switch|p1a: Arcanine|Arcanine-Hisui, L50, F|100/100\n|switch|p1b: Sinistcha|Sinistcha, L50|100/100\n|switch|p2a: Sneasler|Sneasler, L50, M|100/100\n|switch|p2b: Dragapult|Dragapult, L50, M, shiny|100/100\n|-ability|p1a: Arcanine|Intimidate|boost\n|-unboost|p2a: Sneasler|atk|1\n|-unboost|p2b: Dragapult|atk|1\n|-enditem|p2a: Sneasler|White Herb\n|-clearnegativeboost|p2a: Sneasler|[silent]\n|turn|1\n|\n|t:|1776358244\n|move|p2a: Sneasler|Fake Out|p1a: Arcanine\n|-resisted|p1a: Arcanine|1\n|-damage|p1a: Arcanine|95/100\n|move|p2b: Dragapult|Shadow Ball|p1b: Sinistcha\n|-supereffective|p1b: Sinistcha|1\n|-damage|p1b: Sinistcha|6/100\n|-unboost|p1b: Sinistcha|spd|1\n|cant|p1a: Arcanine|flinch\n|move|p1b: Sinistcha|Trick Room|p1b: Sinistcha\n|-fieldstart|move: Trick Room|[of] p1b: Sinistcha\n|\n|-heal|p1b: Sinistcha|12/100|[from] item: Leftovers\n|upkeep\n|turn|2\n|inactive|adr7 has 30 seconds left.\n|inactive|adr7 has 20 seconds left.\n|\n|t:|1776358280\n|move|p1b: Sinistcha|Strength Sap|p2a: Sneasler\n|-unboost|p2a: Sneasler|atk|1\n|-heal|p1b: Sinistcha|100/100\n|move|p1a: Arcanine|Will-O-Wisp|p2a: Sneasler\n|-status|p2a: Sneasler|brn\n|move|p2b: Dragapult|Shadow Ball|p1b: Sinistcha\n|-supereffective|p1b: Sinistcha|1\n|-damage|p1b: Sinistcha|0 fnt\n|faint|p1b: Sinistcha\n|move|p2a: Sneasler|Close Combat|p1a: Arcanine\n|-supereffective|p1a: Arcanine|1\n|-damage|p1a: Arcanine|62/100\n|-unboost|p2a: Sneasler|def|1\n|-unboost|p2a: Sneasler|spd|1\n|\n|-damage|p2a: Sneasler|95/100 brn|[from] brn\n|upkeep\n|\n|t:|1776358290\n|switch|p1b: Crabominable|Crabominable, L50, M, shiny|100/100\n|turn|3\n|\n|t:|1776358301\n|switch|p2a: Pelipper|Pelipper, L50, M|100/100\n|-weather|RainDance|[from] ability: Drizzle|[of] p2a: Pelipper\n|detailschange|p1b: Crabominable|Crabominable-Mega, L50, M, shiny\n|-mega|p1b: Crabominable|Crabominable|Crabominite\n|move|p1b: Crabominable|Ice Hammer|p2b: Dragapult\n|-supereffective|p2b: Dragapult|1\n|-damage|p2b: Dragapult|0 fnt\n|-unboost|p1b: Crabominable|spe|1\n|faint|p2b: Dragapult\n|move|p1a: Arcanine|Rock Slide|p2a: Pelipper\n|-supereffective|p2a: Pelipper|1\n|-damage|p2a: Pelipper|17/100\n|\n|-weather|RainDance|[upkeep]\n|upkeep\n|\n|t:|1776358316\n|switch|p2b: Sneasler|Sneasler, L50, M|95/100 brn\n|turn|4\n|\n|t:|1776358334\n|move|p2a: Pelipper|Protect|p2a: Pelipper\n|-singleturn|p2a: Pelipper|Protect\n|move|p2b: Sneasler|Fake Out|p1b: Crabominable\n|-damage|p1b: Crabominable|95/100\n|cant|p1b: Crabominable|flinch\n|move|p1a: Arcanine|Rock Slide|p2a: Pelipper|[spread] p2b\n|-activate|p2a: Pelipper|move: Protect\n|-resisted|p2b: Sneasler|1\n|-damage|p2b: Sneasler|77/100 brn\n|\n|-weather|RainDance|[upkeep]\n|-damage|p2b: Sneasler|71/100 brn|[from] brn\n|upkeep\n|turn|5\n|\n|t:|1776358358\n|switch|p2a: Starmie|Starmie, L50, shiny|100/100\n|move|p1b: Crabominable|Ice Hammer|p2b: Sneasler\n|-damage|p2b: Sneasler|0 fnt\n|-unboost|p1b: Crabominable|spe|1\n|faint|p2b: Sneasler\n|move|p1a: Arcanine|Rock Slide|p2a: Starmie\n|-damage|p2a: Starmie|64/100\n|\n|-weather|RainDance|[upkeep]\n|-fieldend|move: Trick Room\n|upkeep\n|\n|t:|1776358364\n|switch|p2b: Pelipper|Pelipper, L50, M|17/100\n|turn|6\n|\n|t:|1776358379\n|detailschange|p2a: Starmie|Starmie-Mega, L50, shiny\n|-mega|p2a: Starmie|Starmie|Starminite\n|move|p2a: Starmie|Liquidation|p1b: Crabominable\n|-damage|p1b: Crabominable|8/100\n|move|p2b: Pelipper|Weather Ball|p1a: Arcanine\n|-supereffective|p1a: Arcanine|2\n|-damage|p1a: Arcanine|0 fnt\n|faint|p1a: Arcanine\n|move|p1b: Crabominable|Thunder Punch|p2a: Starmie\n|-supereffective|p2a: Starmie|1\n|-damage|p2a: Starmie|0 fnt\n|faint|p2a: Starmie\n|\n|-weather|RainDance|[upkeep]\n|upkeep\n|\n|t:|1776358391\n|switch|p1a: Kingambit|Kingambit, L50, F|100/100\n|turn|7\n|\n|t:|1776358397\n|move|p1a: Kingambit|Sucker Punch|p2b: Pelipper\n|-damage|p2b: Pelipper|0 fnt\n|faint|p2b: Pelipper\n|\n|win|adr7\n|raw|adr7's rating: 1117 &rarr; <strong>1146</strong><br />(+29 for winning)\n|raw|iccr's rating: 1175 &rarr; <strong>1146</strong><br />(-29 for losing)\n|l|\u2606adr7\n|player|p1|\n",
  "uploadtime": 1776358402,
  "views": 28,
  "formatid": "gen9championsvgc2026regma",
  "rating": 1146,
  "private": 0,
  "password": null
}