{
  "id": "gen9championsvgc2026regma-2586033925",
  "format": "[Gen 9 Champions] VGC 2026 Reg M-A",
  "players": [
    "ricebadge",
    "GringleBerry"
  ],
  "log": "|j|\u2606ricebadge\n|j|\u2606GringleBerry\n|t:|1776392244\n|gametype|doubles\n|player|p1|ricebadge|acetrainer-gen4dp|1046\n|player|p2|GringleBerry|101|1138\n|gen|9\n|tier|[Gen 9 Champions] VGC 2026 Reg M-A\n|rated|\n|rule|Species Clause: Limit one of each Pok\u00e9mon\n|rule|Item Clause: Limit 1 of each item\n|clearpoke\n|poke|p1|Golurk, L50|\n|poke|p1|Farigiraf, L50, M|\n|poke|p1|Incineroar, L50, F|\n|poke|p1|Froslass, L50, F|\n|poke|p1|Aerodactyl, L50, F|\n|poke|p1|Kingambit, L50, M|\n|poke|p2|Gallade, L50, M|\n|poke|p2|Maushold-Four, L50|\n|poke|p2|Aerodactyl, L50, M|\n|poke|p2|Archaludon, L50, M|\n|poke|p2|Incineroar, L50, M|\n|poke|p2|Meganium, L50, F|\n|teampreview|4\n|\n|t:|1776392285\n|teamsize|p1|4\n|teamsize|p2|4\n|start\n|switch|p1a: Aerodactyl|Aerodactyl, L50, F|100/100\n|switch|p1b: Froslass|Froslass, L50, F|100/100\n|switch|p2a: Aerodactyl|Aerodactyl, L50, M|100/100\n|switch|p2b: Incineroar|Incineroar, L50, M|100/100\n|-ability|p2a: Aerodactyl|Unnerve\n|-ability|p2b: Incineroar|Intimidate|boost\n|-unboost|p1a: Aerodactyl|atk|1\n|-unboost|p1b: Froslass|atk|1\n|turn|1\n|inactive|Battle timer is ON: inactive players will automatically lose when time's up. (requested by ricebadge)\n|\n|t:|1776392337\n|detailschange|p1b: Froslass|Froslass-Mega, L50, F\n|-mega|p1b: Froslass|Froslass|Froslassite\n|-weather|Snowscape|[from] ability: Snow Warning|[of] p1b: Froslass\n|move|p2b: Incineroar|Fake Out|p1a: Aerodactyl\n|-resisted|p1a: Aerodactyl|1\n|-damage|p1a: Aerodactyl|90/100\n|move|p2a: Aerodactyl|Tailwind|p2a: Aerodactyl\n|-sidestart|p2: GringleBerry|move: Tailwind\n|cant|p1a: Aerodactyl|flinch\n|move|p1b: Froslass|Aurora Veil|p1b: Froslass\n|-sidestart|p1: ricebadge|move: Aurora Veil\n|\n|-weather|Snowscape|[upkeep]\n|upkeep\n|turn|2\n|inactive|GringleBerry has 30 seconds left.\n|\n|t:|1776392368\n|move|p2a: Aerodactyl|Rock Slide|p1a: Aerodactyl|[spread] p1a,p1b\n|-supereffective|p1a: Aerodactyl|1\n|-supereffective|p1b: Froslass|1\n|-damage|p1a: Aerodactyl|39/100\n|-damage|p1b: Froslass|64/100\n|move|p2b: Incineroar|Flare Blitz|p1b: Froslass\n|-supereffective|p1b: Froslass|1\n|-damage|p1b: Froslass|0 fnt\n|faint|p1b: Froslass\n|-damage|p2b: Incineroar|85/100|[from] Recoil\n|move|p1a: Aerodactyl|Tailwind|p1a: Aerodactyl\n|-sidestart|p1: ricebadge|move: Tailwind\n|\n|-weather|Snowscape|[upkeep]\n|-heal|p2b: Incineroar|91/100|[from] item: Leftovers\n|upkeep\n|\n|t:|1776392382\n|switch|p1b: Incineroar|Incineroar, L50, F|100/100\n|-ability|p1b: Incineroar|Intimidate|boost\n|-unboost|p2a: Aerodactyl|atk|1\n|-unboost|p2b: Incineroar|atk|1\n|turn|3\n|\n|t:|1776392394\n|move|p1b: Incineroar|Fake Out|p2a: Aerodactyl\n|-resisted|p2a: Aerodactyl|1\n|-damage|p2a: Aerodactyl|90/100\n|move|p1a: Aerodactyl|Rock Slide|p2b: Incineroar|[spread] p2a,p2b\n|-supereffective|p2a: Aerodactyl|1\n|-supereffective|p2b: Incineroar|1\n|-crit|p2b: Incineroar\n|-damage|p2a: Aerodactyl|41/100\n|-damage|p2b: Incineroar|14/100\n|cant|p2a: Aerodactyl|flinch\n|move|p2b: Incineroar|Parting Shot|p1b: Incineroar\n|-unboost|p1b: Incineroar|atk|1\n|-unboost|p1b: Incineroar|spa|1\n|\n|t:|1776392410\n|switch|p2b: Meganium|Meganium, L50, F|100/100|[from] Parting Shot\n|\n|-weather|Snowscape|[upkeep]\n|upkeep\n|turn|4\n|\n|t:|1776392426\n|detailschange|p2b: Meganium|Meganium-Mega, L50, F\n|-mega|p2b: Meganium|Meganium|Meganiumite\n|move|p1a: Aerodactyl|Protect|p1a: Aerodactyl\n|-singleturn|p1a: Aerodactyl|Protect\n|move|p2a: Aerodactyl|Rock Slide|p1b: Incineroar|[spread] p1b\n|-activate|p1a: Aerodactyl|move: Protect\n|-supereffective|p1b: Incineroar|1\n|-crit|p1b: Incineroar\n|-damage|p1b: Incineroar|25/100\n|move|p2b: Meganium|Dazzling Gleam|p1a: Aerodactyl|[spread] p1b\n|-activate|p1a: Aerodactyl|move: Protect\n|-damage|p1b: Incineroar|5/100\n|move|p1b: Incineroar|Parting Shot|p2b: Meganium\n|-unboost|p2b: Meganium|atk|1\n|-unboost|p2b: Meganium|spa|1\n|\n|t:|1776392440\n|switch|p1b: Kingambit|Kingambit, L50, M|100/100|[from] Parting Shot\n|\n|-weather|Snowscape|[upkeep]\n|-sideend|p2: GringleBerry|move: Tailwind\n|upkeep\n|turn|5\n|\n|t:|1776392460\n|move|p2a: Aerodactyl|Protect|p2a: Aerodactyl\n|-singleturn|p2a: Aerodactyl|Protect\n|move|p2b: Meganium|Protect|p2b: Meganium\n|-singleturn|p2b: Meganium|Protect\n|move|p1a: Aerodactyl|Rock Slide|p2b: Meganium|[spread] \n|-activate|p2a: Aerodactyl|move: Protect\n|-activate|p2b: Meganium|move: Protect\n|move|p1b: Kingambit|Iron Head|p2b: Meganium\n|-activate|p2b: Meganium|move: Protect\n|\n|-weather|none\n|-sideend|p1: ricebadge|move: Tailwind\n|-sideend|p1: ricebadge|move: Aurora Veil\n|upkeep\n|turn|6\n|\n|t:|1776392479\n|move|p2a: Aerodactyl|Tailwind|p2a: Aerodactyl\n|-sidestart|p2: GringleBerry|move: Tailwind\n|move|p2b: Meganium|Weather Ball|p1b: Kingambit\n|-supereffective|p1b: Kingambit|1\n|-damage|p1b: Kingambit|24/100\n|move|p1a: Aerodactyl|Tailwind|p1a: Aerodactyl\n|-sidestart|p1: ricebadge|move: Tailwind\n|move|p1b: Kingambit|Iron Head|p2b: Meganium\n|-supereffective|p2b: Meganium|1\n|-damage|p2b: Meganium|0 fnt\n|faint|p2b: Meganium\n|\n|upkeep\n|\n|t:|1776392494\n|switch|p2b: Incineroar|Incineroar, L50, M|14/100\n|-ability|p2b: Incineroar|Intimidate|boost\n|-unboost|p1a: Aerodactyl|atk|1\n|-unboost|p1b: Kingambit|atk|1\n|-ability|p1b: Kingambit|Defiant|boost\n|-boost|p1b: Kingambit|atk|2\n|turn|7\n|\n|t:|1776392506\n|switch|p1a: Incineroar|Incineroar, L50, F|5/100\n|-ability|p1a: Incineroar|Intimidate|boost\n|-unboost|p2a: Aerodactyl|atk|1\n|-unboost|p2b: Incineroar|atk|1\n|move|p1b: Kingambit|Protect|p1b: Kingambit\n|-singleturn|p1b: Kingambit|Protect\n|move|p2b: Incineroar|Fake Out|p1b: Kingambit\n|-activate|p1b: Kingambit|move: Protect\n|move|p2a: Aerodactyl|Rock Slide|p1b: Kingambit|[spread] p1a\n|-activate|p1b: Kingambit|move: Protect\n|-supereffective|p1a: Incineroar|1\n|-damage|p1a: Incineroar|0 fnt\n|faint|p1a: Incineroar\n|\n|-heal|p2b: Incineroar|20/100|[from] item: Leftovers\n|upkeep\n|\n|t:|1776392520\n|switch|p1a: Aerodactyl|Aerodactyl, L50, F|39/100\n|turn|8\n|inactive|GringleBerry has 30 seconds left.\n|\n|t:|1776392545\n|switch|p2b: Maushold|Maushold-Four, L50|100/100\n|move|p1b: Kingambit|Sucker Punch|p2a: Aerodactyl\n|-damage|p2a: Aerodactyl|0 fnt\n|faint|p2a: Aerodactyl\n|move|p1a: Aerodactyl|Rock Slide|p2b: Maushold\n|-damage|p2b: Maushold|57/100\n|\n|upkeep\n|\n|t:|1776392555\n|switch|p2a: Incineroar|Incineroar, L50, M|20/100\n|-ability|p2a: Incineroar|Intimidate|boost\n|-unboost|p1a: Aerodactyl|atk|1\n|-unboost|p1b: Kingambit|atk|1\n|-ability|p1b: Kingambit|Defiant|boost\n|-boost|p1b: Kingambit|atk|2\n|turn|9\n|inactive|GringleBerry has 30 seconds left.\n|\n|t:|1776392589\n|move|p1a: Aerodactyl|Protect|p1a: Aerodactyl\n|-singleturn|p1a: Aerodactyl|Protect\n|move|p2b: Maushold|Protect|p2b: Maushold\n|-singleturn|p2b: Maushold|Protect\n|move|p2a: Incineroar|Fake Out|p1a: Aerodactyl\n|-activate|p1a: Aerodactyl|move: Protect\n|move|p1b: Kingambit|Sucker Punch||[still]\n|-fail|p1b: Kingambit\n|\n|-heal|p2a: Incineroar|26/100|[from] item: Leftovers\n|-sideend|p2: GringleBerry|move: Tailwind\n|-sideend|p1: ricebadge|move: Tailwind\n|upkeep\n|turn|10\n|inactive|ricebadge has 30 seconds left.\n|\n|t:|1776392615\n|move|p1b: Kingambit|Sucker Punch|p2a: Incineroar\n|-resisted|p2a: Incineroar|1\n|-crit|p2a: Incineroar\n|-damage|p2a: Incineroar|0 fnt\n|faint|p2a: Incineroar\n|move|p1a: Aerodactyl|Tailwind|p1a: Aerodactyl\n|-sidestart|p1: ricebadge|move: Tailwind\n|move|p2b: Maushold|Encore|p1a: Aerodactyl\n|-start|p1a: Aerodactyl|Encore\n|\n|upkeep\n|turn|11\n|\n|t:|1776392628\n|move|p1a: Aerodactyl|Tailwind||[still]\n|-fail|p1a: Aerodactyl\n|move|p2b: Maushold|Beat Up|p1b: Kingambit\n|-resisted|p1b: Kingambit|1\n|-damage|p1b: Kingambit|23/100\n|-hitcount|p1b: Kingambit|1\n|move|p1b: Kingambit|Iron Head|p2b: Maushold\n|-damage|p2b: Maushold|0 fnt\n|faint|p2b: Maushold\n|\n|win|ricebadge\n|raw|ricebadge's rating: 1046 &rarr; <strong>1088</strong><br />(+42 for winning)\n|raw|GringleBerry's rating: 1138 &rarr; <strong>1107</strong><br />(-31 for losing)\n|l|\u2606GringleBerry\n|player|p2|\n|c|\u2606ricebadge|gg\n",
  "uploadtime": 1776392641,
  "views": 21,
  "formatid": "gen9championsvgc2026regma",
  "rating": 1088,
  "private": 0,
  "password": null
}