{
  "id": "gen9championsvgc2026regma-2582712456",
  "format": "[Gen 9 Champions] VGC 2026 Reg M-A",
  "players": [
    "Gledet",
    "Solaris231231"
  ],
  "log": "|j|\u2606Gledet\n|j|\u2606Solaris231231\n|t:|1776108970\n|gametype|doubles\n|player|p1|Gledet|101|1208\n|player|p2|Solaris231231|169|1230\n|gen|9\n|tier|[Gen 9 Champions] VGC 2026 Reg M-A\n|rated|\n|rule|Species Clause: Limit one of each Pok\u00e9mon\n|rule|Item Clause: Limit 1 of each item\n|clearpoke\n|poke|p1|Palafin, L50, F|\n|poke|p1|Dragapult, L50, M|\n|poke|p1|Talonflame, L50, F|\n|poke|p1|Tyranitar, L50, F|\n|poke|p1|Passimian, L50, F|\n|poke|p1|Sinistcha, L50|\n|poke|p2|Scovillain, L50, F|\n|poke|p2|Garchomp, L50, F|\n|poke|p2|Primarina, L50, M|\n|poke|p2|Kingambit, L50, F|\n|poke|p2|Aerodactyl, L50, F|\n|poke|p2|Sneasler, L50, M|\n|teampreview|4\n|inactive|Battle timer is ON: inactive players will automatically lose when time's up. (requested by Gledet)\n|\n|t:|1776109044\n|teamsize|p1|4\n|teamsize|p2|4\n|start\n|switch|p1a: Talonflame|Talonflame, L50, F|100/100\n|switch|p1b: Palafin|Palafin, L50, F|100/100\n|switch|p2a: Scovillain|Scovillain, L50, F|100/100\n|switch|p2b: Garchomp|Garchomp, L50, F|100/100\n|turn|1\n|inactive|Gledet has 30 seconds left.\n|inactive|Gledet has 20 seconds left.\n|\n|t:|1776109079\n|detailschange|p1b: Palafin|Palafin-Hero, L50, F\n|switch|p1b: Sinistcha|Sinistcha, L50|100/100\n|move|p1a: Talonflame|Protect|p1a: Talonflame\n|-singleturn|p1a: Talonflame|Protect\n|move|p2a: Scovillain|Protect|p2a: Scovillain\n|-singleturn|p2a: Scovillain|Protect\n|move|p2b: Garchomp|Rock Slide|p1b: Sinistcha|[spread] p1b\n|-activate|p1a: Talonflame|move: Protect\n|-damage|p1b: Sinistcha|83/100\n|\n|-ability|p2a: Scovillain|Moody|boost\n|-boost|p2a: Scovillain|spe|2\n|-unboost|p2a: Scovillain|spa|1\n|upkeep\n|turn|2\n|inactive|Gledet has 30 seconds left.\n|inactive|Solaris231231 has 30 seconds left.\n|\n|t:|1776109107\n|switch|p2a: Kingambit|Kingambit, L50, F|100/100\n|move|p1a: Talonflame|Dual Wingbeat|p2a: Kingambit\n|-resisted|p2a: Kingambit|1\n|-damage|p2a: Kingambit|93/100\n|-resisted|p2a: Kingambit|1\n|-damage|p2a: Kingambit|85/100\n|-hitcount|p2a: Kingambit|2\n|move|p2b: Garchomp|Rock Slide|p1b: Sinistcha|[spread] p1a,p1b\n|-supereffective|p1a: Talonflame|2\n|-damage|p1a: Talonflame|0 fnt\n|-damage|p1b: Sinistcha|66/100\n|faint|p1a: Talonflame\n|move|p1b: Sinistcha|Calm Mind|p1b: Sinistcha\n|-boost|p1b: Sinistcha|spa|1\n|-boost|p1b: Sinistcha|spd|1\n|\n|upkeep\n|\n|t:|1776109128\n|switch|p1a: Palafin|Palafin-Hero, L50, F|100/100\n|-activate|p1a: Palafin|ability: Zero to Hero\n|turn|3\n|\n|t:|1776109145\n|move|p1a: Palafin|Close Combat|p2a: Kingambit\n|-supereffective|p2a: Kingambit|2\n|-crit|p2a: Kingambit\n|-damage|p2a: Kingambit|0 fnt\n|-unboost|p1a: Palafin|def|1\n|-unboost|p1a: Palafin|spd|1\n|faint|p2a: Kingambit\n|move|p2b: Garchomp|Dragon Claw|p1b: Sinistcha\n|-damage|p1b: Sinistcha|33/100\n|-enditem|p1b: Sinistcha|Sitrus Berry|[eat]\n|-heal|p1b: Sinistcha|57/100|[from] item: Sitrus Berry\n|move|p1b: Sinistcha|Matcha Gotcha|p2b: Garchomp\n|-damage|p2b: Garchomp|44/100\n|-heal|p1b: Sinistcha|87/100|[from] drain|[of] p2b: Garchomp\n|\n|upkeep\n|\n|t:|1776109153\n|switch|p2a: Scovillain|Scovillain, L50, F|100/100\n|turn|4\n|\n|t:|1776109176\n|switch|p1a: Dragapult|Dragapult, L50, M|100/100\n|move|p2b: Garchomp|Protect|p2b: Garchomp\n|-singleturn|p2b: Garchomp|Protect\n|move|p2a: Scovillain|Protect|p2a: Scovillain\n|-singleturn|p2a: Scovillain|Protect\n|move|p1b: Sinistcha|Matcha Gotcha|p2b: Garchomp|[spread] \n|-activate|p2a: Scovillain|move: Protect\n|-activate|p2b: Garchomp|move: Protect\n|\n|-ability|p2a: Scovillain|Moody|boost\n|-boost|p2a: Scovillain|def|2\n|-unboost|p2a: Scovillain|spd|1\n|upkeep\n|turn|5\n|inactive|Gledet has 30 seconds left.\n|inactive|Solaris231231 has 30 seconds left.\n|inactive|Gledet has 20 seconds left.\n|inactive|Gledet has 15 seconds left.\n|inactive|Gledet has 10 seconds left.\n|\n|t:|1776109222\n|move|p1a: Dragapult|Dragon Darts|p2b: Garchomp\n|-supereffective|p2b: Garchomp|1\n|-damage|p2b: Garchomp|0 fnt\n|-anim|p1a: Dragapult|Dragon Darts|p2a: Scovillain\n|-damage|p2a: Scovillain|86/100\n|faint|p2b: Garchomp\n|move|p2a: Scovillain|Flamethrower|p1b: Sinistcha\n|-supereffective|p1b: Sinistcha|1\n|-damage|p1b: Sinistcha|43/100\n|move|p1b: Sinistcha|Calm Mind|p1b: Sinistcha\n|-boost|p1b: Sinistcha|spa|1\n|-boost|p1b: Sinistcha|spd|1\n|\n|-ability|p2a: Scovillain|Moody|boost\n|-boost|p2a: Scovillain|spd|2\n|-unboost|p2a: Scovillain|atk|1\n|upkeep\n|\n|t:|1776109237\n|switch|p2b: Primarina|Primarina, L50, M|100/100\n|turn|6\n|inactive|Gledet has 30 seconds left.\n|\n|t:|1776109265\n|detailschange|p2a: Scovillain|Scovillain-Mega, L50, F\n|-mega|p2a: Scovillain|Scovillain|Scovillainite\n|move|p2b: Primarina|Protect|p2b: Primarina\n|-singleturn|p2b: Primarina|Protect\n|move|p1a: Dragapult|Light Screen|p1a: Dragapult\n|-sidestart|p1: Gledet|move: Light Screen\n|move|p2a: Scovillain|Flamethrower|p1b: Sinistcha\n|-supereffective|p1b: Sinistcha|1\n|-damage|p1b: Sinistcha|18/100\n|move|p1b: Sinistcha|Life Dew||[still]|[spread] p1a,p1b\n|-fail|p1a: Dragapult|heal\n|-heal|p1b: Sinistcha|43/100\n|\n|upkeep\n|turn|7\n|inactive|Gledet has 30 seconds left.\n|\n|t:|1776109300\n|move|p1a: Dragapult|Will-O-Wisp|p2b: Primarina|[miss]\n|-miss|p1a: Dragapult|p2b: Primarina\n|move|p2a: Scovillain|Flamethrower|p1b: Sinistcha\n|-supereffective|p1b: Sinistcha|1\n|-damage|p1b: Sinistcha|18/100\n|move|p1b: Sinistcha|Matcha Gotcha|p2a: Scovillain|[spread] p2a\n|-miss|p1b: Sinistcha|p2b: Primarina\n|-resisted|p2a: Scovillain|2\n|-damage|p2a: Scovillain|78/100\n|-heal|p1b: Sinistcha|22/100|[from] drain|[of] p2a: Scovillain\n|-status|p1b: Sinistcha|brn|[from] ability: Spicy Spray|[of] p2a: Scovillain\n|move|p2b: Primarina|Calm Mind|p2b: Primarina\n|-boost|p2b: Primarina|spa|1\n|-boost|p2b: Primarina|spd|1\n|\n|-damage|p1b: Sinistcha|16/100 brn|[from] brn\n|upkeep\n|turn|8\n|\n|t:|1776109320\n|move|p1a: Dragapult|Will-O-Wisp|p2b: Primarina\n|-status|p2b: Primarina|brn\n|move|p2a: Scovillain|Flamethrower|p1b: Sinistcha\n|-supereffective|p1b: Sinistcha|1\n|-damage|p1b: Sinistcha|0 fnt\n|faint|p1b: Sinistcha\n|move|p2b: Primarina|Moonblast|p1a: Dragapult\n|-supereffective|p1a: Dragapult|1\n|-damage|p1a: Dragapult|0 fnt\n|faint|p1a: Dragapult\n|\n|-damage|p2b: Primarina|95/100 brn|[from] brn\n|upkeep\n|\n|t:|1776109330\n|switch|p1b: Palafin|Palafin-Hero, L50, F|100/100\n|turn|9\n|\n|t:|1776109337\n|move|p1b: Palafin|Wave Crash|p2a: Scovillain\n|-damage|p2a: Scovillain|38/100\n|-status|p1b: Palafin|brn|[from] ability: Spicy Spray|[of] p2a: Scovillain\n|-damage|p1b: Palafin|88/100 brn|[from] Recoil\n|move|p2a: Scovillain|Giga Drain|p1b: Palafin\n|-supereffective|p1b: Palafin|1\n|-damage|p1b: Palafin|37/100 brn\n|-heal|p2a: Scovillain|64/100|[from] drain|[of] p1b: Palafin\n|move|p2b: Primarina|Moonblast|p1b: Palafin\n|-damage|p1b: Palafin|0 fnt\n|faint|p1b: Palafin\n|\n|win|Solaris231231\n|raw|Gledet's rating: 1208 &rarr; <strong>1182</strong><br />(-26 for losing)\n|raw|Solaris231231's rating: 1200 &rarr; <strong>1226</strong><br />(+26 for winning)\n|l|\u2606Solaris231231\n|player|p2|\n|l|\u2606Gledet\n|player|p1|\n|j|\u2606Solaris231231\n|player|p2|Solaris231231|169|\n",
  "uploadtime": 1776109350,
  "views": 13,
  "formatid": "gen9championsvgc2026regma",
  "rating": 1182,
  "private": 0,
  "password": null
}