{
  "id": "gen9championsvgc2026regma-2583782468",
  "format": "[Gen 9 Champions] VGC 2026 Reg M-A",
  "players": [
    "saintzbankai",
    "porygon-epilepz"
  ],
  "log": "|j|\u2606saintzbankai\n|j|\u2606porygon-epilepz\n|t:|1776197341\n|gametype|doubles\n|player|p1|saintzbankai|psychicf-gen4|1260\n|player|p2|porygon-epilepz|hiker-gen4|1241\n|gen|9\n|tier|[Gen 9 Champions] VGC 2026 Reg M-A\n|rated|\n|rule|Species Clause: Limit one of each Pok\u00e9mon\n|rule|Item Clause: Limit 1 of each item\n|clearpoke\n|poke|p1|Kangaskhan, L50, F|\n|poke|p1|Incineroar, L50, M|\n|poke|p1|Dragapult, L50, M|\n|poke|p1|Primarina, L50, M|\n|poke|p1|Farigiraf, L50, F|\n|poke|p1|Sneasler, L50, F|\n|poke|p2|Gardevoir, L50, F|\n|poke|p2|Incineroar, L50, F|\n|poke|p2|Garchomp, L50, M|\n|poke|p2|Aerodactyl, L50, F|\n|poke|p2|Sneasler, L50, M|\n|poke|p2|Basculegion, L50, M|\n|teampreview|4\n|inactive|Battle timer is ON: inactive players will automatically lose when time's up. (requested by saintzbankai)\n|inactive|saintzbankai has 60 seconds left.\n|j| 1#miraidonhater\n|\n|t:|1776197396\n|teamsize|p1|4\n|teamsize|p2|4\n|start\n|switch|p1a: Kangaskhan|Kangaskhan, L50, F|100/100\n|switch|p1b: Dragapult|Dragapult, L50, M|100/100\n|switch|p2a: Sneasler|Sneasler, L50, M|100/100\n|switch|p2b: Gardevoir|Gardevoir, L50, F|100/100\n|turn|1\n|inactive|saintzbankai has 30 seconds left.\n|\n|t:|1776197430\n|detailschange|p1a: Kangaskhan|Kangaskhan-Mega, L50, F\n|-mega|p1a: Kangaskhan|Kangaskhan|Kangaskhanite\n|move|p2b: Gardevoir|Protect|p2b: Gardevoir\n|-singleturn|p2b: Gardevoir|Protect\n|move|p1a: Kangaskhan|Fake Out|p2a: Sneasler\n|-damage|p2a: Sneasler|68/100\n|-damage|p2a: Sneasler|59/100\n|-hitcount|p2a: Sneasler|2\n|move|p1b: Dragapult|U-turn|p2b: Gardevoir\n|-activate|p2b: Gardevoir|move: Protect\n|cant|p2a: Sneasler|flinch\n|\n|upkeep\n|turn|2\n|\n|t:|1776197454\n|detailschange|p2b: Gardevoir|Gardevoir-Mega, L50, F\n|-mega|p2b: Gardevoir|Gardevoir|Gardevoirite\n|move|p1b: Dragapult|U-turn|p2b: Gardevoir\n|-damage|p2b: Gardevoir|61/100\n|\n|t:|1776197458\n|switch|p1b: Incineroar|Incineroar, L50, M|100/100|[from] U-turn\n|-ability|p1b: Incineroar|Intimidate|boost\n|-unboost|p2a: Sneasler|atk|1\n|-unboost|p2b: Gardevoir|atk|1\n|-enditem|p2a: Sneasler|White Herb\n|-clearnegativeboost|p2a: Sneasler|[silent]\n|move|p2a: Sneasler|Close Combat|p1a: Kangaskhan\n|-supereffective|p1a: Kangaskhan|1\n|-damage|p1a: Kangaskhan|0 fnt\n|-unboost|p2a: Sneasler|def|1\n|-unboost|p2a: Sneasler|spd|1\n|faint|p1a: Kangaskhan\n|move|p2b: Gardevoir|Hyper Voice|p1b: Incineroar\n|-damage|p1b: Incineroar|41/100\n|-enditem|p1b: Incineroar|Sitrus Berry|[eat]\n|-heal|p1b: Incineroar|66/100|[from] item: Sitrus Berry\n|\n|upkeep\n|\n|t:|1776197477\n|switch|p1a: Dragapult|Dragapult, L50, M|100/100\n|turn|3\n|inactive|saintzbankai has 30 seconds left.\n|\n|t:|1776197510\n|move|p2b: Gardevoir|Protect|p2b: Gardevoir\n|-singleturn|p2b: Gardevoir|Protect\n|move|p1b: Incineroar|Fake Out|p2b: Gardevoir\n|-activate|p2b: Gardevoir|move: Protect\n|move|p2a: Sneasler|Dire Claw|p1a: Dragapult\n|-resisted|p1a: Dragapult|1\n|-damage|p1a: Dragapult|71/100\n|move|p1a: Dragapult|Dragon Darts|p2a: Sneasler\n|-damage|p2a: Sneasler|0 fnt\n|faint|p2a: Sneasler\n|\n|upkeep\n|\n|t:|1776197520\n|switch|p2a: Basculegion|Basculegion, L50, M|100/100\n|turn|4\n|\n|t:|1776197544\n|move|p1a: Dragapult|Protect|p1a: Dragapult\n|-singleturn|p1a: Dragapult|Protect\n|move|p2a: Basculegion|Last Respects|p1a: Dragapult\n|-activate|p1a: Dragapult|move: Protect\n|move|p2b: Gardevoir|Hyper Voice|p1a: Dragapult|[spread] p1b\n|-activate|p1a: Dragapult|move: Protect\n|-damage|p1b: Incineroar|14/100\n|move|p1b: Incineroar|Flare Blitz|p2b: Gardevoir\n|-damage|p2b: Gardevoir|0 fnt\n|faint|p2b: Gardevoir\n|-damage|p1b: Incineroar|0 fnt|[from] Recoil\n|faint|p1b: Incineroar\n|\n|upkeep\n|\n|t:|1776197557\n|switch|p2b: Aerodactyl|Aerodactyl, L50, F|100/100\n|switch|p1b: Primarina|Primarina, L50, M|100/100\n|-ability|p2b: Aerodactyl|Unnerve\n|turn|5\n|\n|t:|1776197573\n|move|p2a: Basculegion|Last Respects|p1a: Dragapult\n|-supereffective|p1a: Dragapult|1\n|-damage|p1a: Dragapult|0 fnt\n|faint|p1a: Dragapult\n|move|p2b: Aerodactyl|Tailwind|p2b: Aerodactyl\n|-sidestart|p2: porygon-epilepz|move: Tailwind\n|move|p1b: Primarina|Hyper Voice|p2b: Aerodactyl|[spread] p2a,p2b\n|-resisted|p2a: Basculegion|1\n|-supereffective|p2b: Aerodactyl|1\n|-damage|p2a: Basculegion|77/100\n|-enditem|p2b: Aerodactyl|Focus Sash\n|-damage|p2b: Aerodactyl|1/100\n|\n|upkeep\n|turn|6\n|\n|t:|1776197588\n|move|p2a: Basculegion|Last Respects|p1b: Primarina\n|-damage|p1b: Primarina|0 fnt\n|faint|p1b: Primarina\n|\n|win|porygon-epilepz\n|raw|saintzbankai's rating: 1260 &rarr; <strong>1234</strong><br />(-26 for losing)\n|raw|porygon-epilepz's rating: 1241 &rarr; <strong>1267</strong><br />(+26 for winning)\n|l|\u2606saintzbankai\n|player|p1|\n|l| 1#miraidonhater\n|j| 1#miraidonhater\n|j| QuazaVGC\n|l| QuazaVGC\n|l| 1#miraidonhater\n|j| 1#miraidonhater\n|l| 1#miraidonhater\n",
  "uploadtime": 1776197343,
  "views": 69,
  "formatid": "gen9championsvgc2026regma",
  "rating": 1234,
  "private": 0,
  "password": null
}