{
  "id": "gen9championsvgc2026regma-2583722532",
  "format": "[Gen 9 Champions] VGC 2026 Reg M-A",
  "players": [
    "guysguyswhoisjoe",
    "ventus888"
  ],
  "log": "|j|\u2606guysguyswhoisjoe\n|j|\u2606ventus888\n|t:|1776193264\n|gametype|doubles\n|player|p1|guysguyswhoisjoe|169|1160\n|player|p2|ventus888|265|1142\n|gen|9\n|tier|[Gen 9 Champions] VGC 2026 Reg M-A\n|rated|\n|rule|Species Clause: Limit one of each Pok\u00e9mon\n|rule|Item Clause: Limit 1 of each item\n|clearpoke\n|poke|p1|Typhlosion-Hisui, L50, M|\n|poke|p1|Torkoal, L50, M|\n|poke|p1|Gengar, L50, M|\n|poke|p1|Sneasler, L50, F|\n|poke|p1|Oranguru, L50, F|\n|poke|p1|Garchomp, L50, M|\n|poke|p2|Dragonite, L50, F|\n|poke|p2|Kingambit, L50, F|\n|poke|p2|Sneasler, L50, F|\n|poke|p2|Venusaur, L50, F|\n|poke|p2|Incineroar, L50, M|\n|poke|p2|Basculegion, L50, M|\n|teampreview|4\n|\n|t:|1776193293\n|teamsize|p1|4\n|teamsize|p2|4\n|start\n|switch|p1a: Gengar|Gengar, L50, M, shiny|100/100\n|switch|p1b: Sneasler|Sneasler, L50, F|100/100\n|switch|p2a: Basculegion|Basculegion, L50, M|100/100\n|switch|p2b: Incineroar|Incineroar, L50, M|100/100\n|-ability|p2b: Incineroar|Intimidate|boost\n|-unboost|p1a: Gengar|atk|1\n|-unboost|p1b: Sneasler|atk|1\n|-enditem|p1b: Sneasler|White Herb\n|-clearnegativeboost|p1b: Sneasler|[silent]\n|turn|1\n|\n|t:|1776193322\n|detailschange|p1a: Gengar|Gengar-Mega, L50, M, shiny\n|-mega|p1a: Gengar|Gengar|Gengarite\n|move|p1b: Sneasler|Fake Out|p2b: Incineroar\n|-damage|p2b: Incineroar|88/100\n|cant|p2b: Incineroar|flinch\n|move|p2a: Basculegion|Last Respects|p1a: Gengar\n|-supereffective|p1a: Gengar|1\n|-damage|p1a: Gengar|36/100\n|move|p1a: Gengar|Perish Song|p1a: Gengar\n|-start|p1a: Gengar|perish3|[silent]\n|-start|p1b: Sneasler|perish3|[silent]\n|-start|p2a: Basculegion|perish3|[silent]\n|-start|p2b: Incineroar|perish3|[silent]\n|-fieldactivate|move: Perish Song\n|\n|-start|p1b: Sneasler|perish3\n|-start|p2a: Basculegion|perish3\n|-start|p1a: Gengar|perish3\n|-start|p2b: Incineroar|perish3\n|upkeep\n|turn|2\n|\n|t:|1776193345\n|move|p1a: Gengar|Protect|p1a: Gengar\n|-singleturn|p1a: Gengar|Protect\n|move|p1b: Sneasler|Close Combat|p2b: Incineroar\n|-supereffective|p2b: Incineroar|1\n|-damage|p2b: Incineroar|0 fnt\n|-unboost|p1b: Sneasler|def|1\n|-unboost|p1b: Sneasler|spd|1\n|faint|p2b: Incineroar\n|move|p2a: Basculegion|Last Respects|p1a: Gengar\n|-activate|p1a: Gengar|move: Protect\n|\n|-start|p1b: Sneasler|perish2\n|-start|p2a: Basculegion|perish2\n|-start|p1a: Gengar|perish2\n|upkeep\n|\n|t:|1776193360\n|switch|p2b: Sneasler|Sneasler, L50, F|100/100\n|turn|3\n|\n|t:|1776193375\n|move|p1b: Sneasler|Close Combat|p2b: Sneasler\n|-resisted|p2b: Sneasler|1\n|-damage|p2b: Sneasler|41/100\n|-unboost|p1b: Sneasler|def|1\n|-unboost|p1b: Sneasler|spd|1\n|move|p2a: Basculegion|Last Respects|p1a: Gengar\n|-supereffective|p1a: Gengar|1\n|-damage|p1a: Gengar|0 fnt\n|faint|p1a: Gengar\n|move|p2b: Sneasler|Rock Tomb|p1b: Sneasler\n|-resisted|p1b: Sneasler|1\n|-damage|p1b: Sneasler|67/100\n|-unboost|p1b: Sneasler|spe|1\n|\n|-start|p1b: Sneasler|perish1\n|-start|p2a: Basculegion|perish1\n|upkeep\n|\n|t:|1776193384\n|switch|p1a: Typhlosion|Typhlosion-Hisui, L50, M|100/100\n|-item|p2a: Basculegion|Choice Scarf|[from] ability: Frisk|[of] p1a: Typhlosion\n|-item|p2b: Sneasler|Focus Sash|[from] ability: Frisk|[of] p1a: Typhlosion\n|turn|4\n|\n|t:|1776193411\n|switch|p1b: Torkoal|Torkoal, L50, M|100/100\n|-weather|SunnyDay|[from] ability: Drought|[of] p1b: Torkoal\n|switch|p2a: Dragonite|Dragonite, L50, F|100/100\n|move|p1a: Typhlosion|Eruption|p2b: Sneasler|[spread] p2a,p2b\n|-resisted|p2a: Dragonite|1\n|-damage|p2a: Dragonite|82/100\n|-damage|p2b: Sneasler|0 fnt\n|faint|p2b: Sneasler\n|\n|-weather|SunnyDay|[upkeep]\n|upkeep\n|\n|t:|1776193422\n|switch|p2b: Basculegion|Basculegion, L50, M|100/100\n|turn|5\n|\n|t:|1776193445\n|detailschange|p2a: Dragonite|Dragonite-Mega, L50, F\n|-mega|p2a: Dragonite|Dragonite|Dragoninite\n|move|p1b: Torkoal|Helping Hand|p1a: Typhlosion\n|-singleturn|p1a: Typhlosion|Helping Hand|[of] p1b: Torkoal\n|move|p1a: Typhlosion|Eruption|p2b: Basculegion|[spread] p2a,p2b\n|-resisted|p2a: Dragonite|1\n|-resisted|p2b: Basculegion|1\n|-damage|p2a: Dragonite|33/100\n|-damage|p2b: Basculegion|27/100\n|move|p2b: Basculegion|Wave Crash|p1a: Typhlosion\n|-supereffective|p1a: Typhlosion|1\n|-damage|p1a: Typhlosion|0 fnt\n|faint|p1a: Typhlosion\n|-damage|p2b: Basculegion|2/100|[from] Recoil\n|move|p2a: Dragonite|Dragon Pulse|p1b: Torkoal\n|-damage|p1b: Torkoal|29/100\n|\n|-weather|SunnyDay|[upkeep]\n|upkeep\n|\n|t:|1776193453\n|switch|p1a: Sneasler|Sneasler, L50, F|67/100\n|turn|6\n|\n|t:|1776193479\n|move|p2a: Dragonite|Protect|p2a: Dragonite\n|-singleturn|p2a: Dragonite|Protect\n|move|p2b: Basculegion|Wave Crash|p1a: Sneasler\n|-damage|p1a: Sneasler|2/100\n|-damage|p2b: Basculegion|0 fnt|[from] Recoil\n|faint|p2b: Basculegion\n|move|p1a: Sneasler|Dire Claw|p2a: Dragonite\n|-activate|p2a: Dragonite|move: Protect\n|move|p1b: Torkoal|Eruption|p2a: Dragonite\n|-activate|p2a: Dragonite|move: Protect\n|\n|-weather|SunnyDay|[upkeep]\n|upkeep\n|turn|7\n|\n|t:|1776193518\n|move|p1b: Torkoal|Helping Hand|p1a: Sneasler\n|-singleturn|p1a: Sneasler|Helping Hand|[of] p1b: Torkoal\n|move|p1a: Sneasler|Dire Claw|p2a: Dragonite\n|-damage|p2a: Dragonite|0 fnt\n|faint|p2a: Dragonite\n|\n|win|guysguyswhoisjoe\n|raw|guysguyswhoisjoe's rating: 1160 &rarr; <strong>1184</strong><br />(+24 for winning)\n|raw|ventus888's rating: 1142 &rarr; <strong>1118</strong><br />(-24 for losing)\n|l|\u2606ventus888\n|player|p2|\n",
  "uploadtime": 1776193527,
  "views": 17,
  "formatid": "gen9championsvgc2026regma",
  "rating": 1118,
  "private": 0,
  "password": null
}