{
  "id": "gen9championsvgc2026regma-2582598615",
  "format": "[Gen 9 Champions] VGC 2026 Reg M-A",
  "players": [
    "zane121",
    "toxapextoglory"
  ],
  "log": "|j|\u2606zane121\n|j|\u2606toxapextoglory\n|t:|1776101773\n|gametype|doubles\n|player|p1|zane121|swimmerf-gen4dp|1155\n|player|p2|toxapextoglory|hilbert|1143\n|gen|9\n|tier|[Gen 9 Champions] VGC 2026 Reg M-A\n|rated|\n|rule|Species Clause: Limit one of each Pok\u00e9mon\n|rule|Item Clause: Limit 1 of each item\n|clearpoke\n|poke|p1|Kleavor, L50, F|\n|poke|p1|Scizor, L50, M|\n|poke|p1|Pinsir, L50, F|\n|poke|p1|Meganium, L50, F|\n|poke|p1|Pelipper, L50, M|\n|poke|p1|Basculegion, L50, M|\n|poke|p2|Sneasler, L50, F|\n|poke|p2|Kingambit, L50, M|\n|poke|p2|Froslass, L50, F|\n|poke|p2|Basculegion, L50, M|\n|poke|p2|Garchomp, L50, F|\n|poke|p2|Whimsicott, L50, F|\n|teampreview|4\n|inactive|Battle timer is ON: inactive players will automatically lose when time's up. (requested by toxapextoglory)\n|\n|t:|1776101831\n|teamsize|p1|4\n|teamsize|p2|4\n|start\n|switch|p1a: Pelipper|Pelipper, L50, M|100/100\n|switch|p1b: Basculegion|Basculegion, L50, M|100/100\n|switch|p2a: Sneasler|Sneasler, L50, F|100/100\n|switch|p2b: Froslass|Froslass, L50, F|100/100\n|-weather|RainDance|[from] ability: Drizzle|[of] p1a: Pelipper\n|turn|1\n|inactive|zane121 has 30 seconds left.\n|inactive|toxapextoglory has 30 seconds left.\n|\n|t:|1776101860\n|detailschange|p2b: Froslass|Froslass-Mega, L50, F\n|-mega|p2b: Froslass|Froslass|Froslassite\n|-weather|Snowscape|[from] ability: Snow Warning|[of] p2b: Froslass\n|move|p2a: Sneasler|Fake Out|p1a: Pelipper\n|-damage|p1a: Pelipper|79/100\n|cant|p1a: Pelipper|flinch\n|move|p2b: Froslass|Shadow Ball|p1b: Basculegion\n|-supereffective|p1b: Basculegion|1\n|-damage|p1b: Basculegion|0 fnt\n|faint|p1b: Basculegion\n|\n|-weather|Snowscape|[upkeep]\n|upkeep\n|inactive|zane121 has 30 seconds left.\n|inactive|zane121 has 20 seconds left.\n|\n|t:|1776101900\n|switch|p1b: Kleavor|Kleavor, L50, F|100/100\n|turn|2\n|\n|t:|1776101918\n|move|p1b: Kleavor|Stone Axe|p2b: Froslass\n|-supereffective|p2b: Froslass|1\n|-damage|p2b: Froslass|0 fnt\n|-sidestart|p2: toxapextoglory|move: Stealth Rock\n|faint|p2b: Froslass\n|move|p2a: Sneasler|Close Combat|p1b: Kleavor\n|-damage|p1b: Kleavor|9/100\n|-unboost|p2a: Sneasler|def|1\n|-unboost|p2a: Sneasler|spd|1\n|-enditem|p2a: Sneasler|White Herb\n|-clearnegativeboost|p2a: Sneasler|[silent]\n|move|p1a: Pelipper|Tailwind|p1a: Pelipper\n|-sidestart|p1: zane121|move: Tailwind\n|\n|-weather|Snowscape|[upkeep]\n|upkeep\n|\n|t:|1776101931\n|switch|p2b: Basculegion|Basculegion, L50, M|100/100\n|-damage|p2b: Basculegion|88/100|[from] Stealth Rock\n|turn|3\n|\n|t:|1776101947\n|move|p2b: Basculegion|Aqua Jet|p1b: Kleavor\n|-supereffective|p1b: Kleavor|1\n|-damage|p1b: Kleavor|0 fnt\n|faint|p1b: Kleavor\n|move|p2a: Sneasler|Dire Claw|p1a: Pelipper\n|-damage|p1a: Pelipper|15/100\n|move|p1a: Pelipper|Weather Ball|p2b: Basculegion\n|-resisted|p2b: Basculegion|1\n|-damage|p2b: Basculegion|72/100\n|\n|-weather|Snowscape|[upkeep]\n|upkeep\n|\n|t:|1776101957\n|switch|p1b: Pinsir|Pinsir, L50, F|100/100\n|turn|4\n|\n|t:|1776101974\n|detailschange|p1b: Pinsir|Pinsir-Mega, L50, F\n|-mega|p1b: Pinsir|Pinsir|Pinsirite\n|move|p2b: Basculegion|Aqua Jet|p1a: Pelipper\n|-resisted|p1a: Pelipper|1\n|-damage|p1a: Pelipper|0 fnt\n|faint|p1a: Pelipper\n|move|p2a: Sneasler|Dire Claw|p1b: Pinsir\n|-damage|p1b: Pinsir|58/100\n|move|p1b: Pinsir|Body Slam|p2a: Sneasler\n|-supereffective|p2a: Sneasler|1\n|-damage|p2a: Sneasler|0 fnt\n|faint|p2a: Sneasler\n|\n|-weather|Snowscape|[upkeep]\n|upkeep\n|\n|t:|1776101986\n|switch|p2a: Whimsicott|Whimsicott, L50, F|100/100\n|-damage|p2a: Whimsicott|89/100|[from] Stealth Rock\n|turn|5\n|\n|t:|1776102009\n|move|p2b: Basculegion|Aqua Jet|p1b: Pinsir\n|-damage|p1b: Pinsir|32/100\n|move|p1b: Pinsir|Body Slam|p2a: Whimsicott\n|-supereffective|p2a: Whimsicott|1\n|-damage|p2a: Whimsicott|0 fnt\n|faint|p2a: Whimsicott\n|\n|-weather|none\n|-sideend|p1: zane121|move: Tailwind\n|upkeep\n|turn|6\n|\n|t:|1776102033\n|move|p2b: Basculegion|Aqua Jet|p1b: Pinsir\n|-damage|p1b: Pinsir|6/100\n|move|p1b: Pinsir|Body Slam|p2b: Basculegion\n|-damage|p2b: Basculegion|0 fnt\n|faint|p2b: Basculegion\n|\n|win|zane121\n|raw|zane121's rating: 1155 &rarr; <strong>1179</strong><br />(+24 for winning)\n|raw|toxapextoglory's rating: 1143 &rarr; <strong>1119</strong><br />(-24 for losing)\n|l|\u2606toxapextoglory\n|player|p2|\n|c|\u2606zane121|gs\n",
  "uploadtime": 1776102053,
  "views": 19,
  "formatid": "gen9championsvgc2026regma",
  "rating": 1119,
  "private": 0,
  "password": null
}