{
  "id": "gen9championsvgc2026regma-2588547877",
  "format": "[Gen 9 Champions] VGC 2026 Reg M-A",
  "players": [
    "SakikoPlushie",
    "Vikin"
  ],
  "log": "|j|\u2606SakikoPlushie\n|j|\u2606Vikin\n|t:|1776643804\n|gametype|doubles\n|player|p1|SakikoPlushie|miku-ghost|\n|player|p2|Vikin|169|\n|gen|9\n|tier|[Gen 9 Champions] VGC 2026 Reg M-A\n|rule|Species Clause: Limit one of each Pok\u00e9mon\n|rule|Item Clause: Limit 1 of each item\n|clearpoke\n|poke|p1|Archaludon, L50, F|\n|poke|p1|Politoed, L50, M|\n|poke|p1|Toxicroak, L50, M|\n|poke|p1|Corviknight, L50, M|\n|poke|p1|Chimecho, L50, M|\n|poke|p1|Basculegion-F, L50, F|\n|poke|p2|Farigiraf, L50, M|\n|poke|p2|Crabominable, L50, M|\n|poke|p2|Oranguru, L50, M|\n|poke|p2|Hatterene, L50, F|\n|poke|p2|Araquanid, L50, M|\n|poke|p2|Goodra-Hisui, L50, M|\n|teampreview|4\nVikin has agreed to open team sheets.\n|inactive|Battle timer is ON: inactive players will automatically lose when time's up. (requested by Vikin)\n|c|\u2606Vikin|ui\nSakikoPlushie has agreed to open team sheets.\n|showteam|p1|Archaludon||DragonFang|Stamina|DracoMeteor,ElectroShot,FlashCannon,Protect|||F|||50|]Politoed||SitrusBerry|Drizzle|Protect,WeatherBall,Hypnosis,Encore|||M|||50|]Toxicroak||PoisonBarb|DrySkin|FakeOut,CloseCombat,Coaching,GunkShot|||M|||50|]Corviknight||Leftovers|MirrorArmor|Tailwind,BraveBird,Roost,Taunt|||M|||50|]Chimecho||Chimechite|Levitate|Psychic,CosmicPower,Recover,BatonPass|||M|||50|]Basculegion-F||MysticWater|Adaptability|IcyWind,ShadowBall,Surf,Protect|||F|||50|\n|showteam|p2|Farigiraf||SitrusBerry|ArmorTail|TrickRoom,Psychic,Protect,Roar|||M|||50|]Crabominable||Crabominite|IronFist|DrainPunch,IceHammer,Protect,MachPunch|||M|||50|]Oranguru||MentalHerb|Telepathy|Instruct,TrickRoom,Protect,Psychic|||M|||50|]Hatterene||FairyFeather|MagicBounce|TrickRoom,DazzlingGleam,Psychic,Protect|||F|||50|]Araquanid||MysticWater|WaterBubble|WideGuard,Infestation,Liquidation,LeechLife|||M|||50|]Goodra-Hisui||ShucaBerry|Gooey|LifeDew,Shelter,BodyPress,HeavySlam|||M|||50|\n|c|\u2606SakikoPlushie|Luego de esto a pelear\n|c|\u2606SakikoPlushie|Hm\n|inactive|SakikoPlushie has 60 seconds left.\n|inactive|Vikin has 60 seconds left.\n|inactive|Vikin has 30 seconds left.\n|\n|t:|1776643874\n|teamsize|p1|4\n|teamsize|p2|4\n|start\n|switch|p1a: Archaludon|Archaludon, L50, F|100/100\n|switch|p1b: Politoed|Politoed, L50, M|100/100\n|switch|p2a: Farigiraf|Farigiraf, L50, M|100/100\n|switch|p2b: Hatterene|Hatterene, L50, F|100/100\n|-weather|RainDance|[from] ability: Drizzle|[of] p1b: Politoed\n|turn|1\n|\n|t:|1776643898\n|move|p2b: Hatterene|Protect|p2b: Hatterene\n|-singleturn|p2b: Hatterene|Protect\n|move|p1a: Archaludon|Electro Shot||[still]\n|-prepare|p1a: Archaludon|Electro Shot\n|-boost|p1a: Archaludon|spa|1\n|-anim|p1a: Archaludon|Electro Shot|p2b: Hatterene\n|-activate|p2b: Hatterene|move: Protect\n|move|p1b: Politoed|Weather Ball|p2a: Farigiraf\n|-damage|p2a: Farigiraf|49/100\n|-enditem|p2a: Farigiraf|Sitrus Berry|[eat]\n|-heal|p2a: Farigiraf|73/100|[from] item: Sitrus Berry\n|move|p2a: Farigiraf|Trick Room|p2a: Farigiraf\n|-fieldstart|move: Trick Room|[of] p2a: Farigiraf\n|\n|-weather|RainDance|[upkeep]\n|upkeep\n|turn|2\n|inactive|SakikoPlushie has 30 seconds left.\n|inactive|Vikin has 30 seconds left.\n|\n|t:|1776643928\n|switch|p2a: Goodra|Goodra-Hisui, L50, M|100/100\n|switch|p1b: Corviknight|Corviknight, L50, M|100/100\n|move|p2b: Hatterene|Dazzling Gleam|p1b: Corviknight|[spread] p1a,p1b\n|-resisted|p1b: Corviknight|1\n|-damage|p1a: Archaludon|43/100\n|-damage|p1b: Corviknight|81/100\n|-ability|p1a: Archaludon|Stamina|boost\n|-boost|p1a: Archaludon|def|1\n|move|p1a: Archaludon|Flash Cannon|p2b: Hatterene\n|-supereffective|p2b: Hatterene|1\n|-damage|p2b: Hatterene|0 fnt\n|faint|p2b: Hatterene\n|\n|-weather|RainDance|[upkeep]\n|-heal|p1b: Corviknight|87/100|[from] item: Leftovers\n|upkeep\n|\n|t:|1776643951\n|switch|p2b: Crabominable|Crabominable, L50, M|100/100\n|turn|3\n|\n|t:|1776643969\n|detailschange|p2b: Crabominable|Crabominable-Mega, L50, M\n|-mega|p2b: Crabominable|Crabominable|Crabominite\n|move|p1a: Archaludon|Protect|p1a: Archaludon\n|-singleturn|p1a: Archaludon|Protect\n|move|p2b: Crabominable|Drain Punch|p1b: Corviknight\n|-damage|p1b: Corviknight|42/100\n|move|p2a: Goodra|Heavy Slam|p1a: Archaludon\n|-activate|p1a: Archaludon|move: Protect\n|move|p1b: Corviknight|Brave Bird|p2b: Crabominable\n|-supereffective|p2b: Crabominable|1\n|-damage|p2b: Crabominable|39/100\n|-damage|p1b: Corviknight|21/100|[from] Recoil\n|\n|-weather|RainDance|[upkeep]\n|-heal|p1b: Corviknight|27/100|[from] item: Leftovers\n|upkeep\n|turn|4\n|\n|t:|1776643989\n|switch|p1b: Toxicroak|Toxicroak, L50, M|100/100\n|move|p2b: Crabominable|Drain Punch|p1a: Archaludon\n|-supereffective|p1a: Archaludon|1\n|-crit|p1a: Archaludon\n|-damage|p1a: Archaludon|0 fnt\n|-heal|p2b: Crabominable|59/100|[from] drain|[of] p1a: Archaludon\n|faint|p1a: Archaludon\n|move|p2a: Goodra|Life Dew||[still]|[spread] p2a,p2b\n|-fail|p2a: Goodra|heal\n|-heal|p2b: Crabominable|84/100\n|\n|-weather|RainDance|[upkeep]\n|upkeep\n|\n|t:|1776643999\n|switch|p1a: Corviknight|Corviknight, L50, M|27/100\n|turn|5\n|\n|t:|1776644010\n|move|p2b: Crabominable|Protect|p2b: Crabominable\n|-singleturn|p2b: Crabominable|Protect\n|move|p1b: Toxicroak|Fake Out|p2b: Crabominable\n|-activate|p2b: Crabominable|move: Protect\n|move|p2a: Goodra|Shelter|p2a: Goodra\n|-boost|p2a: Goodra|def|2\n|move|p1a: Corviknight|Roost|p1a: Corviknight\n|-heal|p1a: Corviknight|78/100\n|-singleturn|p1a: Corviknight|move: Roost\n|\n|-weather|none\n|-heal|p1a: Corviknight|83/100|[from] item: Leftovers\n|-fieldend|move: Trick Room\n|upkeep\n|turn|6\n|inactive|Vikin has 30 seconds left.\n|\n|t:|1776644039\n|move|p1b: Toxicroak|Coaching|p1a: Corviknight\n|-boost|p1a: Corviknight|atk|1\n|-boost|p1a: Corviknight|def|1\n|move|p1a: Corviknight|Brave Bird|p2b: Crabominable\n|-supereffective|p2b: Crabominable|1\n|-damage|p2b: Crabominable|0 fnt\n|faint|p2b: Crabominable\n|-damage|p1a: Corviknight|56/100|[from] Recoil\n|move|p2a: Goodra|Body Press|p1b: Toxicroak\n|-resisted|p1b: Toxicroak|1\n|-damage|p1b: Toxicroak|73/100\n|\n|-heal|p1a: Corviknight|62/100|[from] item: Leftovers\n|upkeep\n|\n|t:|1776644051\n|switch|p2b: Farigiraf|Farigiraf, L50, M|73/100\n|turn|7\n|\n|t:|1776644067\n|move|p1b: Toxicroak|Close Combat|p2a: Goodra\n|-supereffective|p2a: Goodra|1\n|-damage|p2a: Goodra|52/100\n|-unboost|p1b: Toxicroak|def|1\n|-unboost|p1b: Toxicroak|spd|1\n|-ability|p2a: Goodra|Gooey\n|-unboost|p1b: Toxicroak|spe|1\n|move|p1a: Corviknight|Taunt|p2b: Farigiraf\n|-start|p2b: Farigiraf|move: Taunt\n|move|p2a: Goodra|Shelter|p2a: Goodra\n|-boost|p2a: Goodra|def|2\n|move|p2b: Farigiraf|Psychic|p1b: Toxicroak\n|-supereffective|p1b: Toxicroak|2\n|-damage|p1b: Toxicroak|0 fnt\n|faint|p1b: Toxicroak\n|\n|-heal|p1a: Corviknight|68/100|[from] item: Leftovers\n|upkeep\n|\n|t:|1776644081\n|switch|p1b: Politoed|Politoed, L50, M|100/100\n|-weather|RainDance|[from] ability: Drizzle|[of] p1b: Politoed\n|turn|8\n|\n|t:|1776644099\n|move|p1b: Politoed|Hypnosis|p2a: Goodra\n|-status|p2a: Goodra|slp|[from] move: Hypnosis\n|move|p1a: Corviknight|Brave Bird|p2b: Farigiraf\n|-damage|p2b: Farigiraf|15/100\n|-damage|p1a: Corviknight|46/100|[from] Recoil\n|cant|p2a: Goodra|slp\n|move|p2b: Farigiraf|Psychic|p1a: Corviknight\n|-resisted|p1a: Corviknight|1\n|-damage|p1a: Corviknight|29/100\n|\n|-weather|RainDance|[upkeep]\n|-heal|p1a: Corviknight|35/100|[from] item: Leftovers\n|upkeep\n|turn|9\n|\n|t:|1776644114\n|move|p1b: Politoed|Weather Ball|p2b: Farigiraf\n|-damage|p2b: Farigiraf|0 fnt\n|faint|p2b: Farigiraf\n|move|p1a: Corviknight|Roost|p1a: Corviknight\n|-heal|p1a: Corviknight|85/100\n|-singleturn|p1a: Corviknight|move: Roost\n|cant|p2a: Goodra|slp\n|\n|-weather|RainDance|[upkeep]\n|-heal|p1a: Corviknight|91/100|[from] item: Leftovers\n|upkeep\n|turn|10\n|\n|t:|1776644126\n|move|p1b: Politoed|Weather Ball|p2a: Goodra\n|-resisted|p2a: Goodra|1\n|-damage|p2a: Goodra|36/100 slp\n|move|p1a: Corviknight|Brave Bird|p2a: Goodra\n|-resisted|p2a: Goodra|1\n|-damage|p2a: Goodra|25/100 slp\n|-ability|p2a: Goodra|Gooey\n|-ability|p1a: Corviknight|Mirror Armor\n|-unboost|p2a: Goodra|spe|1\n|-damage|p1a: Corviknight|88/100|[from] Recoil\n|-curestatus|p2a: Goodra|slp|[msg]\n|move|p2a: Goodra|Life Dew|p2a: Goodra\n|-heal|p2a: Goodra|50/100\n|\n|-weather|RainDance|[upkeep]\n|-heal|p1a: Corviknight|94/100|[from] item: Leftovers\n|upkeep\n|turn|11\n|\n|t:|1776644145\n|move|p1b: Politoed|Hypnosis|p2a: Goodra\n|-status|p2a: Goodra|slp|[from] move: Hypnosis\n|move|p1a: Corviknight|Brave Bird|p2a: Goodra\n|-resisted|p2a: Goodra|1\n|-damage|p2a: Goodra|40/100 slp\n|-ability|p2a: Goodra|Gooey\n|-ability|p1a: Corviknight|Mirror Armor\n|-unboost|p2a: Goodra|spe|1\n|-damage|p1a: Corviknight|90/100|[from] Recoil\n|cant|p2a: Goodra|slp\n|\n|-weather|RainDance|[upkeep]\n|-heal|p1a: Corviknight|96/100|[from] item: Leftovers\n|upkeep\n|turn|12\n|\n|t:|1776644152\n|move|p1b: Politoed|Weather Ball|p2a: Goodra\n|-resisted|p2a: Goodra|1\n|-damage|p2a: Goodra|25/100 slp\n|move|p1a: Corviknight|Brave Bird|p2a: Goodra\n|-resisted|p2a: Goodra|1\n|-damage|p2a: Goodra|15/100 slp\n|-ability|p2a: Goodra|Gooey\n|-ability|p1a: Corviknight|Mirror Armor\n|-unboost|p2a: Goodra|spe|1\n|-damage|p1a: Corviknight|93/100|[from] Recoil\n|-curestatus|p2a: Goodra|slp|[msg]\n|move|p2a: Goodra|Life Dew|p2a: Goodra\n|-heal|p2a: Goodra|41/100\n|\n|-weather|none\n|-heal|p1a: Corviknight|99/100|[from] item: Leftovers\n|upkeep\n|turn|13\n|c|\u2606SakikoPlushie|bua\n|c|\u2606SakikoPlushie|ya dejemos aqu\u00ed que debo jugar xdd\n|\n|t:|1776644172\n|move|p1b: Politoed|Encore|p2a: Goodra\n|-start|p2a: Goodra|Encore\n|move|p1a: Corviknight|Brave Bird|p2a: Goodra\n|-resisted|p2a: Goodra|1\n|-damage|p2a: Goodra|32/100\n|-ability|p2a: Goodra|Gooey\n|-ability|p1a: Corviknight|Mirror Armor\n|-unboost|p2a: Goodra|spe|1\n|-damage|p1a: Corviknight|96/100|[from] Recoil\n|move|p2a: Goodra|Life Dew|p2a: Goodra\n|-heal|p2a: Goodra|57/100\n|\n|-heal|p1a: Corviknight|100/100|[from] item: Leftovers\n|upkeep\n|turn|14\n|\n|t:|1776644186\n|move|p1b: Politoed|Weather Ball|p2a: Goodra\n|-resisted|p2a: Goodra|1\n|-damage|p2a: Goodra|53/100\n|move|p1a: Corviknight|Taunt|p2a: Goodra\n|-start|p2a: Goodra|move: Taunt\n|cant|p2a: Goodra|move: Taunt|Life Dew\n|\n|upkeep\n|turn|15\n|\n|t:|1776644196\n|move|p1b: Politoed|Weather Ball|p2a: Goodra\n|-resisted|p2a: Goodra|1\n|-damage|p2a: Goodra|49/100\n|move|p1a: Corviknight|Brave Bird|p2a: Goodra\n|-resisted|p2a: Goodra|1\n|-damage|p2a: Goodra|40/100\n|-ability|p2a: Goodra|Gooey\n|-ability|p1a: Corviknight|Mirror Armor\n|-unboost|p2a: Goodra|spe|1\n|-damage|p1a: Corviknight|98/100|[from] Recoil\n|-activate|p2a: Goodra|move: Struggle\n|move|p2a: Goodra|Struggle|p1a: Corviknight\n|-damage|p1a: Corviknight|91/100\n|-damage|p2a: Goodra|14/100|[from] recoil\n|\n|-heal|p1a: Corviknight|97/100|[from] item: Leftovers\n|-end|p2a: Goodra|Encore\n|upkeep\n|turn|16\n|c|\u2606Vikin|sisi\n|j| Jirowoo\n|c|\u2606Vikin|suerte en tu combate\n|j| zCamii\n|c|\u2606SakikoPlushie|tty\n|l| zCamii\n|-message|Vikin forfeited.\n|\n|win|SakikoPlushie\n",
  "uploadtime": 1776643807,
  "views": 6,
  "formatid": "gen9championsvgc2026regma",
  "rating": null,
  "private": 0,
  "password": null
}