{
  "id": "gen9championsvgc2026regma-2584903790",
  "format": "[Gen 9 Champions] VGC 2026 Reg M-A",
  "players": [
    "mr0ffline",
    "Venomzito"
  ],
  "log": "|j|\u2606mr0ffline\n|j|\u2606Venomzito\n|t:|1776293108\n|gametype|doubles\n|player|p1|mr0ffline|1|1068\n|player|p2|Venomzito|benga|1130\n|gen|9\n|tier|[Gen 9 Champions] VGC 2026 Reg M-A\n|rated|\n|rule|Species Clause: Limit one of each Pok\u00e9mon\n|rule|Item Clause: Limit 1 of each item\n|clearpoke\n|poke|p1|Sinistcha, L50|\n|poke|p1|Incineroar, L50, M|\n|poke|p1|Kingambit, L50, F|\n|poke|p1|Kommo-o, L50, M|\n|poke|p1|Basculegion, L50, M|\n|poke|p1|Gengar, L50, F|\n|poke|p2|Floette-Eternal, L50, F|\n|poke|p2|Incineroar, L50, F|\n|poke|p2|Sinistcha, L50|\n|poke|p2|Garchomp, L50, F|\n|poke|p2|Aerodactyl, L50, M|\n|poke|p2|Primarina, L50, M|\n|teampreview|4\n|inactive|Battle timer is ON: inactive players will automatically lose when time's up. (requested by Venomzito)\n|\n|t:|1776293159\n|teamsize|p1|4\n|teamsize|p2|4\n|start\n|switch|p1a: Incineroar|Incineroar, L50, M|100/100\n|switch|p1b: Gengar|Gengar, L50, F|100/100\n|switch|p2a: Incineroar|Incineroar, L50, F, shiny|100/100\n|switch|p2b: Aerodactyl|Aerodactyl, L50, M, shiny|100/100\n|-ability|p2b: Aerodactyl|Unnerve\n|-ability|p2a: Incineroar|Intimidate|boost\n|-unboost|p1a: Incineroar|atk|1\n|-unboost|p1b: Gengar|atk|1\n|-ability|p1a: Incineroar|Intimidate|boost\n|-unboost|p2a: Incineroar|atk|1\n|-unboost|p2b: Aerodactyl|atk|1\n|turn|1\n|\n|t:|1776293181\n|detailschange|p1b: Gengar|Gengar-Mega, L50, F\n|-mega|p1b: Gengar|Gengar|Gengarite\n|move|p2a: Incineroar|Fake Out|p1a: Incineroar\n|-damage|p1a: Incineroar|95/100\n|cant|p1a: Incineroar|flinch\n|move|p1b: Gengar|Perish Song|p1b: Gengar\n|-start|p1a: Incineroar|perish3|[silent]\n|-start|p1b: Gengar|perish3|[silent]\n|-start|p2a: Incineroar|perish3|[silent]\n|-start|p2b: Aerodactyl|perish3|[silent]\n|-fieldactivate|move: Perish Song\n|move|p2b: Aerodactyl|Rock Slide|p1a: Incineroar|[spread] p1a,p1b\n|-supereffective|p1a: Incineroar|1\n|-damage|p1a: Incineroar|71/100\n|-damage|p1b: Gengar|82/100\n|\n|-start|p1b: Gengar|perish3\n|-start|p2b: Aerodactyl|perish3\n|-start|p2a: Incineroar|perish3\n|-start|p1a: Incineroar|perish3\n|upkeep\n|turn|2\n|inactive|mr0ffline has 30 seconds left.\n|\n|t:|1776293211\n|move|p1b: Gengar|Protect|p1b: Gengar\n|-singleturn|p1b: Gengar|Protect\n|move|p1a: Incineroar|Protect|p1a: Incineroar\n|-singleturn|p1a: Incineroar|Protect\n|move|p2b: Aerodactyl|Tailwind|p2b: Aerodactyl\n|-sidestart|p2: Venomzito|move: Tailwind\n|move|p2a: Incineroar|Flare Blitz|p1b: Gengar\n|-activate|p1b: Gengar|move: Protect\n|\n|-start|p2b: Aerodactyl|perish2\n|-start|p1b: Gengar|perish2\n|-start|p2a: Incineroar|perish2\n|-start|p1a: Incineroar|perish2\n|upkeep\n|turn|3\n|\n|t:|1776293236\n|switch|p1b: Basculegion|Basculegion, L50, M|100/100\n|move|p2b: Aerodactyl|Rock Slide|p1a: Incineroar|[spread] p1a,p1b\n|-supereffective|p1a: Incineroar|1\n|-damage|p1a: Incineroar|50/100\n|-damage|p1b: Basculegion|83/100\n|move|p2a: Incineroar|Parting Shot|p1b: Basculegion\n|-unboost|p1b: Basculegion|atk|1\n|-unboost|p1b: Basculegion|spa|1\n|\n|t:|1776293242\n|switch|p2a: Garchomp|Garchomp, L50, F|100/100|[from] Parting Shot\n|cant|p1a: Incineroar|flinch\n|\n|-start|p2b: Aerodactyl|perish1\n|-start|p1a: Incineroar|perish1\n|upkeep\n|turn|4\n|inactive|mr0ffline has 30 seconds left.\n|\n|t:|1776293268\n|switch|p2b: Incineroar|Incineroar, L50, F, shiny|100/100\n|-ability|p2b: Incineroar|Intimidate|boost\n|-unboost|p1a: Incineroar|atk|1\n|-unboost|p1b: Basculegion|atk|1\n|switch|p1a: Sinistcha|Sinistcha, L50|100/100\n|-heal|p1b: Basculegion|100/100|[from] ability: Hospitality|[of] p1a: Sinistcha\n|move|p2a: Garchomp|Dragon Claw|p1b: Basculegion\n|-damage|p1b: Basculegion|50/100\n|move|p1b: Basculegion|Flip Turn|p2a: Garchomp\n|-damage|p2a: Garchomp|83/100\n|-damage|p1b: Basculegion|38/100|[from] ability: Rough Skin|[of] p2a: Garchomp\n|\n|t:|1776293281\n|switch|p1b: Incineroar|Incineroar, L50, M|50/100|[from] Flip Turn\n|-ability|p1b: Incineroar|Intimidate|boost\n|-unboost|p2a: Garchomp|atk|1\n|-unboost|p2b: Incineroar|atk|1\n|\n|upkeep\n|turn|5\n|\n|t:|1776293294\n|switch|p2a: Aerodactyl|Aerodactyl, L50, M, shiny|100/100\n|-ability|p2a: Aerodactyl|Unnerve\n|move|p1b: Incineroar|Protect|p1b: Incineroar\n|-singleturn|p1b: Incineroar|Protect\n|move|p2b: Incineroar|Flare Blitz|p1a: Sinistcha\n|-supereffective|p1a: Sinistcha|1\n|-damage|p1a: Sinistcha|42/100\n|-damage|p2b: Incineroar|83/100|[from] Recoil\n|move|p1a: Sinistcha|Life Dew|p1a: Sinistcha|[spread] p1a,p1b\n|-heal|p1a: Sinistcha|67/100\n|-heal|p1b: Incineroar|75/100\n|\n|-sideend|p2: Venomzito|move: Tailwind\n|upkeep\n|turn|6\n|\n|t:|1776293317\n|move|p2a: Aerodactyl|Dual Wingbeat|p1a: Sinistcha\n|-supereffective|p1a: Sinistcha|1\n|-damage|p1a: Sinistcha|39/100\n|-supereffective|p1a: Sinistcha|1\n|-damage|p1a: Sinistcha|6/100\n|-hitcount|p1a: Sinistcha|2\n|move|p2b: Incineroar|Flare Blitz|p1a: Sinistcha\n|-supereffective|p1a: Sinistcha|1\n|-damage|p1a: Sinistcha|0 fnt\n|faint|p1a: Sinistcha\n|-damage|p2b: Incineroar|82/100|[from] Recoil\n|move|p1b: Incineroar|Parting Shot|p2b: Incineroar\n|-unboost|p2b: Incineroar|atk|1\n|-unboost|p2b: Incineroar|spa|1\n|\n|t:|1776293323\n|switch|p1b: Basculegion|Basculegion, L50, M|38/100|[from] Parting Shot\n|\n|upkeep\n|\n|t:|1776293327\n|switch|p1a: Incineroar|Incineroar, L50, M|75/100\n|-ability|p1a: Incineroar|Intimidate|boost\n|-unboost|p2a: Aerodactyl|atk|1\n|-unboost|p2b: Incineroar|atk|1\n|turn|7\n|\n|t:|1776293336\n|move|p2a: Aerodactyl|Protect|p2a: Aerodactyl\n|-singleturn|p2a: Aerodactyl|Protect\n|move|p1a: Incineroar|Fake Out|p2a: Aerodactyl\n|-activate|p2a: Aerodactyl|move: Protect\n|move|p1b: Basculegion|Wave Crash|p2b: Incineroar\n|-supereffective|p2b: Incineroar|1\n|-damage|p2b: Incineroar|0 fnt\n|faint|p2b: Incineroar\n|-damage|p1b: Basculegion|15/100|[from] Recoil\n|\n|upkeep\n|\n|t:|1776293343\n|switch|p2b: Garchomp|Garchomp, L50, F|83/100\n|turn|8\n|\n|t:|1776293353\n|switch|p1b: Gengar|Gengar-Mega, L50, F|82/100\n|move|p2a: Aerodactyl|Tailwind|p2a: Aerodactyl\n|-sidestart|p2: Venomzito|move: Tailwind\n|move|p2b: Garchomp|Rock Slide|p1a: Incineroar|[spread] \n|-miss|p2b: Garchomp|p1a: Incineroar\n|-miss|p2b: Garchomp|p1b: Gengar\n|move|p1a: Incineroar|Parting Shot|p2b: Garchomp\n|-unboost|p2b: Garchomp|atk|1\n|-unboost|p2b: Garchomp|spa|1\n|\n|t:|1776293363\n|switch|p1a: Basculegion|Basculegion, L50, M|15/100|[from] Parting Shot\n|\n|upkeep\n|turn|9\n|inactive|mr0ffline has 30 seconds left.\n|\n|t:|1776293392\n|switch|p1a: Incineroar|Incineroar, L50, M|75/100\n|-ability|p1a: Incineroar|Intimidate|boost\n|-unboost|p2a: Aerodactyl|atk|1\n|-unboost|p2b: Garchomp|atk|1\n|move|p1b: Gengar|Protect|p1b: Gengar\n|-singleturn|p1b: Gengar|Protect\n|move|p2a: Aerodactyl|Rock Slide|p1a: Incineroar|[spread] p1a\n|-activate|p1b: Gengar|move: Protect\n|-supereffective|p1a: Incineroar|1\n|-damage|p1a: Incineroar|59/100\n|move|p2b: Garchomp|Stomping Tantrum|p1b: Gengar\n|-activate|p1b: Gengar|move: Protect\n|\n|upkeep\n|turn|10\n|\n|t:|1776293413\n|move|p2a: Aerodactyl|Protect|p2a: Aerodactyl\n|-singleturn|p2a: Aerodactyl|Protect\n|move|p1a: Incineroar|Fake Out|p2b: Garchomp\n|-damage|p2b: Garchomp|73/100\n|-damage|p1a: Incineroar|47/100|[from] ability: Rough Skin|[of] p2b: Garchomp\n|cant|p2b: Garchomp|flinch\n|move|p1b: Gengar|Substitute|p1b: Gengar\n|-start|p1b: Gengar|Substitute\n|-damage|p1b: Gengar|57/100\n|\n|upkeep\n|turn|11\n|\n|t:|1776293429\n|move|p1a: Incineroar|Protect|p1a: Incineroar\n|-singleturn|p1a: Incineroar|Protect\n|move|p2a: Aerodactyl|Dual Wingbeat|p1b: Gengar\n|-activate|p1b: Gengar|move: Substitute|[damage]\n|-activate|p1b: Gengar|move: Substitute|[damage]\n|-hitcount|p1b: Gengar|2\n|move|p2b: Garchomp|Stomping Tantrum|p1b: Gengar\n|-supereffective|p1b: Gengar|1\n|-end|p1b: Gengar|Substitute\n|move|p1b: Gengar|Shadow Ball|p2a: Aerodactyl\n|-damage|p2a: Aerodactyl|44/100\n|\n|-sideend|p2: Venomzito|move: Tailwind\n|upkeep\n|turn|12\n|inactive|mr0ffline has 30 seconds left.\n|\n|t:|1776293464\n|move|p1b: Gengar|Shadow Ball|p2a: Aerodactyl\n|-damage|p2a: Aerodactyl|0 fnt\n|faint|p2a: Aerodactyl\n|move|p2b: Garchomp|Stomping Tantrum|p1b: Gengar\n|-supereffective|p1b: Gengar|1\n|-damage|p1b: Gengar|2/100\n|move|p1a: Incineroar|Parting Shot|p2b: Garchomp\n|-unboost|p2b: Garchomp|atk|1\n|-unboost|p2b: Garchomp|spa|1\n|\n|t:|1776293470\n|switch|p1a: Basculegion|Basculegion, L50, M|15/100|[from] Parting Shot\n|\n|upkeep\n|\n|t:|1776293471\n|switch|p2a: Floette|Floette-Eternal, L50, F|100/100\n|turn|13\n|inactive|mr0ffline has 30 seconds left.\n|inactive|mr0ffline has 20 seconds left.\n|inactive|mr0ffline has 15 seconds left.\n|\n|t:|1776293513\n|switch|p1a: Incineroar|Incineroar, L50, M|47/100\n|-ability|p1a: Incineroar|Intimidate|boost\n|-unboost|p2a: Floette|atk|1\n|-unboost|p2b: Garchomp|atk|1\n|detailschange|p2a: Floette|Floette-Mega, L50, F\n|-mega|p2a: Floette|Floette|Floettite\n|-ability|p2a: Floette|Fairy Aura\n|move|p1b: Gengar|Shadow Ball|p2a: Floette\n|-damage|p2a: Floette|68/100\n|move|p2b: Garchomp|Rock Slide|p1b: Gengar|[spread] p1a,p1b\n|-supereffective|p1a: Incineroar|1\n|-damage|p1a: Incineroar|36/100\n|-damage|p1b: Gengar|0 fnt\n|faint|p1b: Gengar\n|move|p2a: Floette|Dazzling Gleam|p1a: Incineroar\n|-damage|p1a: Incineroar|0 fnt\n|faint|p1a: Incineroar\n|\n|upkeep\n|\n|t:|1776293526\n|switch|p1b: Basculegion|Basculegion, L50, M|15/100\n|turn|14\n|\n|t:|1776293531\n|move|p2b: Garchomp|Dragon Claw|p1b: Basculegion\n|-damage|p1b: Basculegion|0 fnt\n|faint|p1b: Basculegion\n|\n|win|Venomzito\n|raw|mr0ffline's rating: 1068 &rarr; <strong>1051</strong><br />(-17 for losing)\n|raw|Venomzito's rating: 1130 &rarr; <strong>1151</strong><br />(+21 for winning)\n",
  "uploadtime": 1776293537,
  "views": 27,
  "formatid": "gen9championsvgc2026regma",
  "rating": 1051,
  "private": 0,
  "password": null
}