{
  "id": "gen9championsvgc2026regma-2584232110",
  "format": "[Gen 9 Champions] VGC 2026 Reg M-A",
  "players": [
    "yumlll",
    "Idkillchooselater"
  ],
  "log": "|j|\u2606yumlll\n|j|\u2606Idkillchooselater\n|t:|1776241148\n|gametype|doubles\n|player|p1|yumlll|falkner|1000\n|player|p2|Idkillchooselater|hilbert-wonderlauncher|1000\n|gen|9\n|tier|[Gen 9 Champions] VGC 2026 Reg M-A\n|rated|\n|rule|Species Clause: Limit one of each Pok\u00e9mon\n|rule|Item Clause: Limit 1 of each item\n|clearpoke\n|poke|p1|Sableye, L50, M|\n|poke|p1|Steelix, L50, M|\n|poke|p1|Klefki, L50, F|\n|poke|p1|Gengar, L50, F|\n|poke|p1|Altaria, L50, F|\n|poke|p1|Bastiodon, L50, M|\n|poke|p2|Aggron, L50, F|\n|poke|p2|Hawlucha, L50, F|\n|poke|p2|Sinistcha, L50|\n|poke|p2|Manectric, L50, M|\n|poke|p2|Slowking, L50, F|\n|poke|p2|Hatterene, L50, F|\n|teampreview|4\n|\n|t:|1776241179\n|teamsize|p1|4\n|teamsize|p2|4\n|start\n|switch|p1a: Klefki|Klefki, L50, F|100/100\n|switch|p1b: Gengar|Gengar, L50, F|100/100\n|switch|p2a: Hatterene|Hatterene, L50, F, shiny|100/100\n|switch|p2b: Hawlucha|Hawlucha, L50, F|100/100\n|-ability|p2b: Hawlucha|Mold Breaker\n|turn|1\n|\n|t:|1776241219\n|detailschange|p1b: Gengar|Gengar-Mega, L50, F\n|-mega|p1b: Gengar|Gengar|Gengarite\n|move|p1a: Klefki|Light Screen|p1a: Klefki\n|-sidestart|p1: yumlll|move: Light Screen\n|move|p2b: Hawlucha|Flying Press|p1a: Klefki\n|-resisted|p1a: Klefki|1\n|-damage|p1a: Klefki|83/100\n|move|p1b: Gengar|Perish Song|p1b: Gengar\n|-start|p1a: Klefki|perish3|[silent]\n|-start|p1b: Gengar|perish3|[silent]\n|-start|p2a: Hatterene|perish3|[silent]\n|-start|p2b: Hawlucha|perish3|[silent]\n|-fieldactivate|move: Perish Song\n|move|p2a: Hatterene|Trick Room|p2a: Hatterene\n|-fieldstart|move: Trick Room|[of] p2a: Hatterene\n|\n|-start|p2a: Hatterene|perish3\n|-start|p1a: Klefki|perish3\n|-start|p1b: Gengar|perish3\n|-start|p2b: Hawlucha|perish3\n|upkeep\n|turn|2\n|\n|t:|1776241259\n|switch|p1b: Sableye|Sableye, L50, M|100/100\n|move|p1a: Klefki|Fairy Lock|p1a: Klefki\n|-fieldactivate|move: Fairy Lock\n|move|p2a: Hatterene|Light Screen|p2a: Hatterene\n|-sidestart|p2: Idkillchooselater|move: Light Screen\n|move|p2b: Hawlucha|Coaching|p2a: Hatterene\n|-boost|p2a: Hatterene|atk|1\n|-boost|p2a: Hatterene|def|1\n|\n|-start|p2a: Hatterene|perish2\n|-start|p1a: Klefki|perish2\n|-start|p2b: Hawlucha|perish2\n|upkeep\n|turn|3\n|\n|t:|1776241293\n|move|p2b: Hawlucha|Protect|p2b: Hawlucha\n|-singleturn|p2b: Hawlucha|Protect\n|move|p1b: Sableye|Fake Out|p2a: Hatterene\n|-damage|p2a: Hatterene|96/100\n|move|p1a: Klefki|Fairy Lock||[still]\n|-fail|p1a: Klefki\n|cant|p2a: Hatterene|flinch\n|\n|-start|p2a: Hatterene|perish1\n|-start|p1a: Klefki|perish1\n|-start|p2b: Hawlucha|perish1\n|upkeep\n|turn|4\n|\n|t:|1776241333\n|switch|p2a: Aggron|Aggron, L50, F|100/100\n|switch|p1b: Steelix|Steelix, L50, M|100/100\n|switch|p1a: Gengar|Gengar-Mega, L50, F|100/100\n|switch|p2b: Sinistcha|Sinistcha, L50, shiny|100/100\n|\n|upkeep\n|turn|5\n|\n|t:|1776241353\n|detailschange|p2a: Aggron|Aggron-Mega, L50, F\n|-mega|p2a: Aggron|Aggron|Aggronite\n|move|p1b: Steelix|Body Press|p2a: Aggron\n|-supereffective|p2a: Aggron|1\n|-damage|p2a: Aggron|73/100\n|move|p2a: Aggron|Iron Defense|p2a: Aggron\n|-boost|p2a: Aggron|def|2\n|move|p2b: Sinistcha|Matcha Gotcha|p1b: Steelix|[spread] p1a,p1b\n|-resisted|p1a: Gengar|1\n|-damage|p1a: Gengar|92/100\n|-damage|p1b: Steelix|85/100\n|move|p1a: Gengar|Shadow Ball|p2b: Sinistcha\n|-supereffective|p2b: Sinistcha|1\n|-damage|p2b: Sinistcha|49/100\n|-unboost|p2b: Sinistcha|spd|1\n|\n|-sideend|p1: yumlll|move: Light Screen\n|-fieldend|move: Trick Room\n|upkeep\n|turn|6\n|\n|t:|1776241407\n|switch|p2b: Hatterene|Hatterene, L50, F, shiny|96/100\n|move|p1a: Gengar|Shadow Ball|p2b: Hatterene\n|-supereffective|p2b: Hatterene|1\n|-damage|p2b: Hatterene|42/100\n|move|p2a: Aggron|Body Press|p1b: Steelix\n|-supereffective|p1b: Steelix|1\n|-damage|p1b: Steelix|7/100\n|move|p1b: Steelix|Body Press|p2a: Aggron\n|-supereffective|p2a: Aggron|1\n|-damage|p2a: Aggron|58/100\n|\n|-sideend|p2: Idkillchooselater|move: Light Screen\n|upkeep\n|turn|7\n|\n|t:|1776241462\n|switch|p1b: Sableye|Sableye, L50, M|100/100\n|move|p1a: Gengar|Shadow Ball|p2b: Hatterene\n|-supereffective|p2b: Hatterene|1\n|-damage|p2b: Hatterene|0 fnt\n|faint|p2b: Hatterene\n|move|p2a: Aggron|Iron Defense|p2a: Aggron\n|-boost|p2a: Aggron|def|2\n|\n|upkeep\n|\n|t:|1776241472\n|switch|p2b: Sinistcha|Sinistcha, L50, shiny|49/100\n|-heal|p2a: Aggron|83/100|[from] ability: Hospitality|[of] p2b: Sinistcha\n|turn|8\n|\n|t:|1776241486\n|move|p1b: Sableye|Fake Out|p2a: Aggron\n|-resisted|p2a: Aggron|1\n|-damage|p2a: Aggron|82/100\n|move|p1a: Gengar|Shadow Ball|p2b: Sinistcha\n|-supereffective|p2b: Sinistcha|1\n|-damage|p2b: Sinistcha|0 fnt\n|faint|p2b: Sinistcha\n|cant|p2a: Aggron|flinch\n|\n|upkeep\n|\n|t:|1776241496\n|switch|p2b: Hawlucha|Hawlucha, L50, F|100/100\n|-ability|p2b: Hawlucha|Mold Breaker\n|turn|9\n|\n|t:|1776241543\n|move|p2b: Hawlucha|Protect|p2b: Hawlucha\n|-singleturn|p2b: Hawlucha|Protect\n|move|p1a: Gengar|Perish Song|p1a: Gengar\n|-start|p1a: Gengar|perish3|[silent]\n|-start|p1b: Sableye|perish3|[silent]\n|-start|p2a: Aggron|perish3|[silent]\n|-start|p2b: Hawlucha|perish3|[silent]\n|-fieldactivate|move: Perish Song\n|move|p1b: Sableye|Foul Play|p2b: Hawlucha\n|-activate|p2b: Hawlucha|move: Protect\n|move|p2a: Aggron|Iron Head|p1a: Gengar\n|-damage|p1a: Gengar|49/100\n|\n|-start|p2b: Hawlucha|perish3\n|-start|p1a: Gengar|perish3\n|-start|p1b: Sableye|perish3\n|-start|p2a: Aggron|perish3\n|upkeep\n|turn|10\n|\n|t:|1776241571\n|move|p1b: Sableye|Protect|p1b: Sableye\n|-singleturn|p1b: Sableye|Protect\n|move|p1a: Gengar|Protect|p1a: Gengar\n|-singleturn|p1a: Gengar|Protect\n|move|p2b: Hawlucha|Coaching|p2a: Aggron\n|-boost|p2a: Aggron|atk|1\n|-boost|p2a: Aggron|def|1\n|move|p2a: Aggron|Iron Head|p1a: Gengar\n|-activate|p1a: Gengar|move: Protect\n|\n|-start|p2b: Hawlucha|perish2\n|-start|p1a: Gengar|perish2\n|-start|p1b: Sableye|perish2\n|-start|p2a: Aggron|perish2\n|upkeep\n|turn|11\n|\n|t:|1776241594\n|move|p1b: Sableye|Protect||[still]\n|-fail|p1b: Sableye\n|move|p1a: Gengar|Protect|p1a: Gengar\n|-singleturn|p1a: Gengar|Protect\n|move|p2b: Hawlucha|Coaching|p2a: Aggron\n|-boost|p2a: Aggron|atk|1\n|-boost|p2a: Aggron|def|1\n|move|p2a: Aggron|Iron Head|p1a: Gengar\n|-activate|p1a: Gengar|move: Protect\n|\n|-start|p2b: Hawlucha|perish1\n|-start|p1a: Gengar|perish1\n|-start|p1b: Sableye|perish1\n|-start|p2a: Aggron|perish1\n|upkeep\n|turn|12\n|\n|t:|1776241623\n|move|p2b: Hawlucha|Coaching|p2a: Aggron\n|-boost|p2a: Aggron|atk|1\n|-boost|p2a: Aggron|def|0\n|move|p1a: Gengar|Destiny Bond|p1a: Gengar\n|-singlemove|p1a: Gengar|Destiny Bond\n|move|p1b: Sableye|Foul Play|p2a: Aggron\n|-damage|p2a: Aggron|67/100\n|move|p2a: Aggron|Iron Head|p1a: Gengar\n|-damage|p1a: Gengar|0 fnt\n|faint|p1a: Gengar\n|-activate|p1a: Gengar|move: Destiny Bond\n|faint|p2a: Aggron\n|\n|-start|p2b: Hawlucha|perish0\n|-start|p1b: Sableye|perish0\n|upkeep\n|faint|p2b: Hawlucha\n|faint|p1b: Sableye\n|\n|win|yumlll\n|raw|yumlll's rating: 1000 &rarr; <strong>1040</strong><br />(+40 for winning)\n|raw|Idkillchooselater's rating: 1000 &rarr; <strong>1000</strong><br />(+0 for losing)\n|l|\u2606Idkillchooselater\n|player|p2|\n",
  "uploadtime": 1776241650,
  "views": 17,
  "formatid": "gen9championsvgc2026regma",
  "rating": 1000,
  "private": 0,
  "password": null
}