{
  "id": "gen9championsvgc2026regma-2582265201",
  "format": "[Gen 9 Champions] VGC 2026 Reg M-A",
  "players": [
    "alacran",
    "Arch1bold"
  ],
  "log": "|j|\u2606alacran\n|j|\u2606Arch1bold\n|t:|1776077738\n|gametype|doubles\n|player|p1|alacran|169|1095\n|player|p2|Arch1bold|clerk|1000\n|gen|9\n|tier|[Gen 9 Champions] VGC 2026 Reg M-A\n|rated|\n|rule|Species Clause: Limit one of each Pok\u00e9mon\n|rule|Item Clause: Limit 1 of each item\n|clearpoke\n|poke|p1|Incineroar, L50, F|\n|poke|p1|Farigiraf, L50, F|\n|poke|p1|Kangaskhan, L50, F|\n|poke|p1|Ninetales-Alola, L50, F|\n|poke|p1|Sinistcha, L50|\n|poke|p1|Ditto, L50|\n|poke|p2|Charizard, L50, M|\n|poke|p2|Incineroar, L50, F|\n|poke|p2|Floette-Eternal, L50, F|\n|poke|p2|Whimsicott, L50, M|\n|poke|p2|Sinistcha-Masterpiece, L50|\n|poke|p2|Venusaur, L50, F|\n|teampreview|4\nArch1bold has agreed to open team sheets.\n|\n|t:|1776077803\n|teamsize|p1|4\n|teamsize|p2|4\n|start\n|switch|p1a: Farigiraf|Farigiraf, L50, F|100/100\n|switch|p1b: Kangaskhan|Kangaskhan, L50, F|100/100\n|switch|p2a: WolfyVGC|Incineroar, L50, F|100/100\n|switch|p2b: Sheeple|Whimsicott, L50, M, shiny|100/100\n|-ability|p2a: WolfyVGC|Intimidate|boost\n|-unboost|p1a: Farigiraf|atk|1\n|-fail|p1b: Kangaskhan|unboost|Attack|[from] ability: Scrappy|[of] p1b: Kangaskhan\n|turn|1\n|\n|t:|1776077835\n|detailschange|p1b: Kangaskhan|Kangaskhan-Mega, L50, F\n|-mega|p1b: Kangaskhan|Kangaskhan|Kangaskhanite\n|move|p1a: Farigiraf|Protect|p1a: Farigiraf\n|-singleturn|p1a: Farigiraf|Protect\n|move|p1b: Kangaskhan|Fake Out|p2a: WolfyVGC\n|-damage|p2a: WolfyVGC|82/100\n|-damage|p2a: WolfyVGC|79/100\n|-hitcount|p2a: WolfyVGC|2\n|move|p2b: Sheeple|Tailwind|p2b: Sheeple\n|-sidestart|p2: Arch1bold|move: Tailwind\n|cant|p2a: WolfyVGC|flinch\n|\n|upkeep\n|turn|2\n|\n|t:|1776077860\n|move|p2b: Sheeple|Encore||[still]\n|cant|p1a: Farigiraf|ability: Armor Tail|Encore|[of] p2b: Sheeple\n|move|p2a: WolfyVGC|Parting Shot|p1a: Farigiraf\n|-unboost|p1a: Farigiraf|atk|1\n|-unboost|p1a: Farigiraf|spa|1\n|\n|t:|1776077872\n|switch|p2a: Charcoal|Charizard, L50, M, shiny|100/100|[from] Parting Shot\n|move|p1b: Kangaskhan|Drain Punch|p2a: Charcoal\n|-resisted|p2a: Charcoal|1\n|-damage|p2a: Charcoal|84/100\n|-resisted|p2a: Charcoal|1\n|-damage|p2a: Charcoal|79/100\n|-hitcount|p2a: Charcoal|2\n|move|p1a: Farigiraf|Trick Room|p1a: Farigiraf\n|-fieldstart|move: Trick Room|[of] p1a: Farigiraf\n|\n|upkeep\n|turn|3\n|\n|t:|1776077900\n|detailschange|p2a: Charcoal|Charizard-Mega-Y, L50, M, shiny\n|-mega|p2a: Charcoal|Charizard|Charizardite Y\n|-weather|SunnyDay|[from] ability: Drought|[of] p2a: Charcoal\n|move|p2b: Sheeple|Helping Hand|p2a: Charcoal\n|-singleturn|p2a: Charcoal|Helping Hand|[of] p2b: Sheeple\n|move|p1a: Farigiraf|Thunderbolt|p2a: Charcoal\n|-supereffective|p2a: Charcoal|1\n|-damage|p2a: Charcoal|53/100\n|-status|p2a: Charcoal|par\n|move|p1b: Kangaskhan|Double-Edge|p2a: Charcoal\n|-damage|p2a: Charcoal|0 fnt\n|faint|p2a: Charcoal\n|-hitcount|p2: Charcoal|1\n|-damage|p1b: Kangaskhan|86/100|[from] Recoil\n|\n|-weather|SunnyDay|[upkeep]\n|upkeep\n|\n|t:|1776077917\n|switch|p2a: Flowey|Floette-Eternal, L50, F|100/100\n|turn|4\n|\n|t:|1776077944\n|switch|p1a: Ninetales|Ninetales-Alola, L50, F|100/100\n|-weather|Snowscape|[from] ability: Snow Warning|[of] p1a: Ninetales\n|move|p1b: Kangaskhan|Double-Edge|p2a: Flowey\n|-damage|p2a: Flowey|6/100\n|-damage|p2a: Flowey|0 fnt\n|faint|p2a: Flowey\n|-hitcount|p2: Flowey|2\n|-damage|p1b: Kangaskhan|58/100|[from] Recoil\n|move|p2b: Sheeple|Moonblast|p1b: Kangaskhan\n|-damage|p1b: Kangaskhan|35/100\n|\n|-weather|Snowscape|[upkeep]\n|-sideend|p2: Arch1bold|move: Tailwind\n|upkeep\n|\n|t:|1776077957\n|switch|p2a: WolfyVGC|Incineroar, L50, F|79/100\n|-ability|p2a: WolfyVGC|Intimidate|boost\n|-unboost|p1a: Ninetales|atk|1\n|-unboost|p1b: Kangaskhan|atk|1\n|turn|5\n|\n|t:|1776077986\n|move|p2a: WolfyVGC|Fake Out|p1a: Ninetales\n|-damage|p1a: Ninetales|90/100\n|move|p1b: Kangaskhan|Drain Punch|p2a: WolfyVGC\n|-supereffective|p2a: WolfyVGC|1\n|-damage|p2a: WolfyVGC|52/100\n|-heal|p1b: Kangaskhan|48/100|[from] drain|[of] p2a: WolfyVGC\n|-supereffective|p2a: WolfyVGC|1\n|-damage|p2a: WolfyVGC|45/100\n|-heal|p1b: Kangaskhan|51/100|[from] drain|[of] p2a: WolfyVGC\n|-hitcount|p2a: WolfyVGC|2\n|cant|p1a: Ninetales|flinch\n|move|p2b: Sheeple|Moonblast|p1b: Kangaskhan\n|-damage|p1b: Kangaskhan|28/100\n|\n|-weather|Snowscape|[upkeep]\n|upkeep\n|turn|6\n|\n|t:|1776078014\n|switch|p1b: Ditto|Ditto, L50|100/100\n|-transform|p1b: Ditto|p2a: WolfyVGC|[from] ability: Imposter\n|-ability|p1b: Ditto|Intimidate|boost\n|-unboost|p2a: WolfyVGC|atk|1\n|-unboost|p2b: Sheeple|atk|1\n|-enditem|p2a: WolfyVGC|White Herb\n|-clearnegativeboost|p2a: WolfyVGC|[silent]\n|move|p1a: Ninetales|Protect|p1a: Ninetales\n|-singleturn|p1a: Ninetales|Protect\n|move|p2a: WolfyVGC|Flare Blitz|p1a: Ninetales\n|-activate|p1a: Ninetales|move: Protect\n|move|p2b: Sheeple|Moonblast|p1b: Ditto\n|-damage|p1b: Ditto|65/100\n|\n|-weather|Snowscape|[upkeep]\n|-fieldend|move: Trick Room\n|upkeep\n|turn|7\n|\n|t:|1776078040\n|move|p2b: Sheeple|Helping Hand|p2a: WolfyVGC\n|-singleturn|p2a: WolfyVGC|Helping Hand|[of] p2b: Sheeple\n|move|p1a: Ninetales|Aurora Veil|p1a: Ninetales\n|-sidestart|p1: alacran|move: Aurora Veil\n|move|p1b: Ditto|Parting Shot|p2a: WolfyVGC\n|-unboost|p2a: WolfyVGC|atk|1\n|-unboost|p2a: WolfyVGC|spa|1\n|\n|t:|1776078049\n|switch|p1b: Kangaskhan|Kangaskhan-Mega, L50, F|28/100|[from] Parting Shot\n|move|p2a: WolfyVGC|Flare Blitz|p1a: Ninetales\n|-supereffective|p1a: Ninetales|1\n|-damage|p1a: Ninetales|17/100\n|-damage|p2a: WolfyVGC|27/100|[from] Recoil\n|\n|-weather|Snowscape|[upkeep]\n|upkeep\n|turn|8\n|\n|t:|1776078076\n|move|p1b: Kangaskhan|Fake Out|p2a: WolfyVGC\n|-damage|p2a: WolfyVGC|9/100\n|-damage|p2a: WolfyVGC|5/100\n|-hitcount|p2a: WolfyVGC|2\n|move|p2b: Sheeple|Tailwind|p2b: Sheeple\n|-sidestart|p2: Arch1bold|move: Tailwind\n|cant|p2a: WolfyVGC|flinch\n|move|p1a: Ninetales|Blizzard|p2a: WolfyVGC|[spread] p2a,p2b\n|-resisted|p2a: WolfyVGC|1\n|-supereffective|p2b: Sheeple|1\n|-damage|p2a: WolfyVGC|0 fnt\n|-damage|p2b: Sheeple|20/100\n|faint|p2a: WolfyVGC\n|\n|-weather|none\n|upkeep\n|turn|9\n|\n|t:|1776078096\n|move|p1b: Kangaskhan|Sucker Punch|p2b: Sheeple\n|-resisted|p2b: Sheeple|1\n|-crit|p2b: Sheeple\n|-damage|p2b: Sheeple|0 fnt\n|faint|p2b: Sheeple\n|-hitcount|p2: Sheeple|1\n|\n|win|alacran\n|raw|alacran's rating: 1095 &rarr; <strong>1114</strong><br />(+19 for winning)\n|raw|Arch1bold's rating: 1000 &rarr; <strong>1000</strong><br />(+0 for losing)\n",
  "uploadtime": 1776078104,
  "views": 21,
  "formatid": "gen9championsvgc2026regma",
  "rating": 1000,
  "private": 0,
  "password": null
}