{
  "id": "gen9championsvgc2026regma-2580380621",
  "format": "[Gen 9 Champions] VGC 2026 Reg M-A",
  "players": [
    "nrld",
    "yamzinyobooty"
  ],
  "log": "|j|\u203dnrld\n|j|\u2606yamzinyobooty\n|t:|1775887954\n|gametype|doubles\n|player|p1|nrld|2|1061\n|player|p2|yamzinyobooty|170|1164\n|gen|9\n|tier|[Gen 9 Champions] VGC 2026 Reg M-A\n|rated|\n|rule|Species Clause: Limit one of each Pok\u00e9mon\n|rule|Item Clause: Limit 1 of each item\n|clearpoke\n|poke|p1|Zoroark-Hisui, L50, F|\n|poke|p1|Kangaskhan, L50, F|\n|poke|p1|Cofagrigus, L50, M|\n|poke|p1|Abomasnow, L50, F|\n|poke|p1|Avalugg-Hisui, L50, F|\n|poke|p1|Oranguru, L50, M|\n|poke|p2|Tyranitar, L50, M|\n|poke|p2|Excadrill, L50, M|\n|poke|p2|Rotom-Wash, L50|\n|poke|p2|Basculegion, L50, M|\n|poke|p2|Meganium, L50, F|\n|poke|p2|Talonflame, L50, M|\n|teampreview|4\n|inactive|Battle timer is ON: inactive players will automatically lose when time's up. (requested by yamzinyobooty)\n|inactive|nrld has 60 seconds left.\n|\n|t:|1775888003\n|teamsize|p1|4\n|teamsize|p2|4\n|start\n|switch|p1a: Kangaskhan|Kangaskhan, L50, F|100/100\n|switch|p1b: Oranguru|Oranguru, L50, M|100/100\n|switch|p2a: Rotom|Rotom-Wash, L50, shiny|100/100\n|switch|p2b: Basculegion|Basculegion, L50, M|100/100\n|turn|1\n|\n|t:|1775888024\n|switch|p2b: Excadrill|Excadrill, L50, M|100/100\n|detailschange|p1a: Kangaskhan|Kangaskhan-Mega, L50, F\n|-mega|p1a: Kangaskhan|Kangaskhan|Kangaskhanite\n|move|p1a: Kangaskhan|Fake Out|p2b: Excadrill\n|-resisted|p2b: Excadrill|1\n|-damage|p2b: Excadrill|84/100\n|-resisted|p2b: Excadrill|1\n|-damage|p2b: Excadrill|81/100\n|-hitcount|p2b: Excadrill|2\n|move|p2a: Rotom|Discharge|p1a: Kangaskhan|[spread] p1a,p1b\n|-immune|p2b: Excadrill\n|-damage|p1a: Kangaskhan|84/100\n|-damage|p1b: Oranguru|82/100\n|-status|p1a: Kangaskhan|par\n|-status|p1b: Oranguru|par\n|move|p1b: Oranguru|Trick Room|p1b: Oranguru\n|-fieldstart|move: Trick Room|[of] p1b: Oranguru\n|\n|upkeep\n|turn|2\n|inactive|yamzinyobooty has 30 seconds left.\n|\n|t:|1775888053\n|move|p1b: Oranguru|Foul Play|p2b: Excadrill\n|-damage|p2b: Excadrill|30/100\n|cant|p1a: Kangaskhan|par\n|move|p2a: Rotom|Hydro Pump|p1b: Oranguru\n|-damage|p1b: Oranguru|51/100 par\n|move|p2b: Excadrill|Earthquake|p1b: Oranguru|[spread] p1a,p1b\n|-immune|p2a: Rotom|[from] ability: Levitate\n|-crit|p1a: Kangaskhan\n|-damage|p1a: Kangaskhan|31/100 par\n|-damage|p1b: Oranguru|24/100 par\n|\n|upkeep\n|turn|3\n|\n|t:|1775888073\n|move|p2b: Excadrill|Protect|p2b: Excadrill\n|-singleturn|p2b: Excadrill|Protect\n|move|p1b: Oranguru|Foul Play|p2b: Excadrill\n|-activate|p2b: Excadrill|move: Protect\n|cant|p1a: Kangaskhan|par\n|move|p2a: Rotom|Discharge|p1b: Oranguru|[spread] p1a,p1b\n|-activate|p2b: Excadrill|move: Protect\n|-damage|p1a: Kangaskhan|13/100 par\n|-damage|p1b: Oranguru|7/100 par\n|\n|upkeep\n|turn|4\n|\n|t:|1775888090\n|switch|p2b: Tyranitar|Tyranitar, L50, M|100/100\n|-weather|Sandstorm|[from] ability: Sand Stream|[of] p2b: Tyranitar\n|move|p1b: Oranguru|Foul Play|p2b: Tyranitar\n|-resisted|p2b: Tyranitar|1\n|-damage|p2b: Tyranitar|90/100\n|move|p1a: Kangaskhan|Hammer Arm|p2a: Rotom\n|-damage|p2a: Rotom|55/100\n|-unboost|p1a: Kangaskhan|spe|1\n|-damage|p2a: Rotom|45/100\n|-unboost|p1a: Kangaskhan|spe|1\n|-enditem|p2a: Rotom|Sitrus Berry|[eat]\n|-heal|p2a: Rotom|70/100|[from] item: Sitrus Berry\n|-hitcount|p2a: Rotom|2\n|move|p2a: Rotom|Discharge|p1a: Kangaskhan|[spread] p2b,p1a,p1b\n|-damage|p2b: Tyranitar|77/100\n|-damage|p1a: Kangaskhan|0 fnt\n|-damage|p1b: Oranguru|0 fnt\n|-status|p2b: Tyranitar|par\n|faint|p1a: Kangaskhan\n|faint|p1b: Oranguru\n|\n|-weather|Sandstorm|[upkeep]\n|-damage|p2a: Rotom|64/100|[from] Sandstorm\n|upkeep\n|\n|t:|1775888093\n|switch|p1b: Cofagrigus|Cofagrigus, L50, M|100/100\n|switch|p1a: Avalugg|Avalugg-Hisui, L50, F|100/100\n|turn|5\n|\n|t:|1775888118\n|move|p2a: Rotom|Protect|p2a: Rotom\n|-singleturn|p2a: Rotom|Protect\n|move|p2b: Tyranitar|Knock Off|p1b: Cofagrigus\n|-supereffective|p1b: Cofagrigus|1\n|-damage|p1b: Cofagrigus|30/100\n|-activate|p1b: Cofagrigus|ability: Mummy|p2b: Tyranitar|[ability] Sand Stream\n|-enditem|p1b: Cofagrigus|Leftovers|[from] move: Knock Off|[of] p2b: Tyranitar\n|move|p1b: Cofagrigus|Body Press|p2b: Tyranitar\n|-supereffective|p2b: Tyranitar|2\n|-enditem|p2b: Tyranitar|Chople Berry|[eat]\n|-enditem|p2b: Tyranitar|Chople Berry|[weaken]\n|-damage|p2b: Tyranitar|42/100 par\n|move|p1a: Avalugg|Rock Slide|p2b: Tyranitar|[spread] p2b\n|-activate|p2a: Rotom|move: Protect\n|-damage|p2b: Tyranitar|20/100 par\n|\n|-weather|Sandstorm|[upkeep]\n|-damage|p1b: Cofagrigus|24/100|[from] Sandstorm\n|-damage|p2a: Rotom|58/100|[from] Sandstorm\n|-fieldend|move: Trick Room\n|upkeep\n|turn|6\n|-message|nrld forfeited.\n|\n|win|yamzinyobooty\n|raw|nrld's rating: 1061 &rarr; <strong>1047</strong><br />(-14 for losing)\n|raw|yamzinyobooty's rating: 1164 &rarr; <strong>1182</strong><br />(+18 for winning)\n",
  "uploadtime": 1775888134,
  "views": 19,
  "formatid": "gen9championsvgc2026regma",
  "rating": 1047,
  "private": 0,
  "password": null
}