{
  "id": "gen9championsvgc2026regma-2584886386",
  "format": "[Gen 9 Champions] VGC 2026 Reg M-A",
  "players": [
    "PlayerArrugginito",
    "Preschooler Mia"
  ],
  "log": "|j|\u2606PlayerArrugginito\n|j|\u2606Preschooler Mia\n|t:|1776291583\n|gametype|doubles\n|player|p1|PlayerArrugginito|170|1348\n|player|p2|Preschooler Mia|twins-gen4dp|1333\n|gen|9\n|tier|[Gen 9 Champions] VGC 2026 Reg M-A\n|rated|\n|rule|Species Clause: Limit one of each Pok\u00e9mon\n|rule|Item Clause: Limit 1 of each item\n|clearpoke\n|poke|p1|Charizard, L50, M|\n|poke|p1|Sneasler, L50, F|\n|poke|p1|Basculegion, L50, M|\n|poke|p1|Garchomp, L50, M|\n|poke|p1|Incineroar, L50, F|\n|poke|p1|Venusaur, L50, F|\n|poke|p2|Sableye, L50, F|\n|poke|p2|Floette-Eternal, L50, F|\n|poke|p2|Meowscarada, L50, F|\n|poke|p2|Milotic, L50, F|\n|poke|p2|Delphox, L50, F|\n|poke|p2|Sneasler, L50, M|\n|teampreview|4\n|inactive|Battle timer is ON: inactive players will automatically lose when time's up. (requested by PlayerArrugginito)\n|c|\u2606PlayerArrugginito|gl hf\n|c|\u2606Preschooler Mia|gl young lady\n|inactive|PlayerArrugginito has 60 seconds left.\n|\n|t:|1776291641\n|teamsize|p1|4\n|teamsize|p2|4\n|start\n|switch|p1a: Basculegion|Basculegion, L50, M|100/100\n|switch|p1b: Sneasler|Sneasler, L50, F|100/100\n|switch|p2a: Sneasler|Sneasler, L50, M|100/100\n|switch|p2b: Delphox|Delphox, L50, F, shiny|100/100\n|turn|1\n|\n|t:|1776291665\n|detailschange|p2b: Delphox|Delphox-Mega, L50, F, shiny\n|-mega|p2b: Delphox|Delphox|Delphoxite\n|move|p2b: Delphox|Protect|p2b: Delphox\n|-singleturn|p2b: Delphox|Protect\n|move|p2a: Sneasler|Protect|p2a: Sneasler\n|-singleturn|p2a: Sneasler|Protect\n|move|p1a: Basculegion|Wave Crash|p2b: Delphox\n|-activate|p2b: Delphox|move: Protect\n|move|p1b: Sneasler|Close Combat|p2a: Sneasler\n|-activate|p2a: Sneasler|move: Protect\n|\n|upkeep\n|turn|2\n|\n|t:|1776291681\n|switch|p2b: Milotic|Milotic, L50, F, shiny|100/100\n|move|p1a: Basculegion|Wave Crash|p2b: Milotic\n|-resisted|p2b: Milotic|1\n|-damage|p2b: Milotic|69/100\n|-damage|p1a: Basculegion|90/100|[from] Recoil\n|move|p2a: Sneasler|Dire Claw|p1a: Basculegion\n|-resisted|p1a: Basculegion|1\n|-damage|p1a: Basculegion|65/100\n|-status|p1a: Basculegion|par\n|move|p1b: Sneasler|Close Combat|p2a: Sneasler\n|-resisted|p2a: Sneasler|1\n|-damage|p2a: Sneasler|46/100\n|-unboost|p1b: Sneasler|def|1\n|-unboost|p1b: Sneasler|spd|1\n|-enditem|p1b: Sneasler|White Herb\n|-clearnegativeboost|p1b: Sneasler|[silent]\n|\n|upkeep\n|turn|3\n|inactive|PlayerArrugginito has 30 seconds left.\n|inactive|Preschooler Mia has 30 seconds left.\n|\n|t:|1776291715\n|move|p1b: Sneasler|Close Combat|p2b: Milotic\n|-damage|p2b: Milotic|17/100\n|-unboost|p1b: Sneasler|def|1\n|-unboost|p1b: Sneasler|spd|1\n|-enditem|p2b: Milotic|Sitrus Berry|[eat]\n|-heal|p2b: Milotic|42/100|[from] item: Sitrus Berry\n|move|p2a: Sneasler|Dire Claw|p1a: Basculegion\n|-resisted|p1a: Basculegion|1\n|-damage|p1a: Basculegion|39/100 par\n|move|p1a: Basculegion|Wave Crash|p2a: Sneasler\n|-crit|p2a: Sneasler\n|-damage|p2a: Sneasler|0 fnt\n|faint|p2a: Sneasler\n|-damage|p1a: Basculegion|27/100 par|[from] Recoil\n|move|p2b: Milotic|Scald|p1b: Sneasler\n|-damage|p1b: Sneasler|40/100\n|-status|p1b: Sneasler|brn\n|\n|-damage|p1b: Sneasler|35/100 brn|[from] brn\n|upkeep\n|\n|t:|1776291735\n|switch|p2a: Delphox|Delphox-Mega, L50, F, shiny|100/100\n|turn|4\n|\n|t:|1776291743\n|move|p2a: Delphox|Protect|p2a: Delphox\n|-singleturn|p2a: Delphox|Protect\n|move|p1b: Sneasler|Rock Slide|p2a: Delphox|[spread] p2b\n|-activate|p2a: Delphox|move: Protect\n|-damage|p2b: Milotic|33/100\n|cant|p1a: Basculegion|par\n|cant|p2b: Milotic|flinch\n|\n|-damage|p1b: Sneasler|29/100 brn|[from] brn\n|upkeep\n|turn|5\n|\n|t:|1776291761\n|move|p1b: Sneasler|Rock Slide|p2b: Milotic|[spread] p2a,p2b\n|-supereffective|p2a: Delphox|1\n|-damage|p2a: Delphox|66/100\n|-damage|p2b: Milotic|25/100\n|move|p2a: Delphox|Psychic|p1a: Basculegion\n|-damage|p1a: Basculegion|0 fnt\n|faint|p1a: Basculegion\n|move|p2b: Milotic|Recover|p2b: Milotic\n|-heal|p2b: Milotic|75/100\n|\n|-damage|p1b: Sneasler|23/100 brn|[from] brn\n|upkeep\n|\n|t:|1776291773\n|switch|p1a: Charizard|Charizard, L50, M|100/100\n|turn|6\n|\n|t:|1776291793\n|move|p1a: Charizard|Protect|p1a: Charizard\n|-singleturn|p1a: Charizard|Protect\n|move|p2b: Milotic|Protect|p2b: Milotic\n|-singleturn|p2b: Milotic|Protect\n|move|p1b: Sneasler|Rock Slide|p2a: Delphox|[spread] p2a\n|-activate|p2b: Milotic|move: Protect\n|-supereffective|p2a: Delphox|1\n|-damage|p2a: Delphox|34/100\n|move|p2a: Delphox|Heat Wave|p1a: Charizard|[spread] p1b\n|-activate|p1a: Charizard|move: Protect\n|-crit|p1b: Sneasler\n|-damage|p1b: Sneasler|0 fnt\n|faint|p1b: Sneasler\n|\n|upkeep\n|\n|t:|1776291808\n|switch|p1b: Venusaur|Venusaur, L50, F|100/100\n|turn|7\n|\n|t:|1776291826\n|detailschange|p1a: Charizard|Charizard-Mega-Y, L50, M\n|-mega|p1a: Charizard|Charizard|Charizardite Y\n|-weather|SunnyDay|[from] ability: Drought|[of] p1a: Charizard\n|move|p1b: Venusaur|Sleep Powder|p2a: Delphox\n|-status|p2a: Delphox|slp|[from] move: Sleep Powder\n|cant|p2a: Delphox|slp\n|move|p1a: Charizard|Heat Wave|p2b: Milotic|[spread] p2a,p2b\n|-resisted|p2a: Delphox|1\n|-resisted|p2b: Milotic|1\n|-damage|p2a: Delphox|2/100 slp\n|-damage|p2b: Milotic|50/100\n|move|p2b: Milotic|Icy Wind|p1b: Venusaur|[spread] p1a,p1b\n|-supereffective|p1b: Venusaur|1\n|-damage|p1a: Charizard|92/100\n|-damage|p1b: Venusaur|76/100\n|-unboost|p1a: Charizard|spe|1\n|-unboost|p1b: Venusaur|spe|1\n|\n|-weather|SunnyDay|[upkeep]\n|upkeep\n|turn|8\n|inactive|PlayerArrugginito has 30 seconds left.\n|inactive|PlayerArrugginito has 20 seconds left.\n|inactive|PlayerArrugginito has 15 seconds left.\n|inactive|PlayerArrugginito has 10 seconds left.\n|inactive|PlayerArrugginito has 5 seconds left.\n|\n|t:|1776291876\n|-curestatus|p2a: Delphox|slp|[msg]\n|move|p2a: Delphox|Protect|p2a: Delphox\n|-singleturn|p2a: Delphox|Protect\n|move|p2b: Milotic|Protect|p2b: Milotic\n|-singleturn|p2b: Milotic|Protect\n|move|p1b: Venusaur|Energy Ball|p2b: Milotic\n|-activate|p2b: Milotic|move: Protect\n|move|p1a: Charizard|Weather Ball|p2a: Delphox\n|-activate|p2a: Delphox|move: Protect\n|\n|-weather|SunnyDay|[upkeep]\n|upkeep\n|turn|9\n|\n|t:|1776291897\n|move|p2a: Delphox|Heat Wave|p1b: Venusaur|[spread] p1a,p1b\n|-resisted|p1a: Charizard|1\n|-supereffective|p1b: Venusaur|1\n|-damage|p1a: Charizard|57/100\n|-damage|p1b: Venusaur|0 fnt\n|faint|p1b: Venusaur\n|move|p2b: Milotic|Recover|p2b: Milotic\n|-heal|p2b: Milotic|99/100\n|move|p1a: Charizard|Air Slash|p2b: Milotic\n|-damage|p2b: Milotic|62/100\n|\n|-weather|SunnyDay|[upkeep]\n|upkeep\n|turn|10\n|-message|PlayerArrugginito forfeited.\n|\n|win|Preschooler Mia\n|raw|PlayerArrugginito's rating: 1348 &rarr; <strong>1327</strong><br />(-21 for losing)\n|raw|Preschooler Mia's rating: 1333 &rarr; <strong>1354</strong><br />(+21 for winning)\n|c|\u2606PlayerArrugginito|gg\n|c|\u2606Preschooler Mia|gg\n|l|\u2606Preschooler Mia\n|player|p2|\n|l|\u2606PlayerArrugginito\n|player|p1|\n|j|\u2606Preschooler Mia\n|player|p2|Preschooler Mia|twins-gen4dp|\n",
  "uploadtime": 1776291989,
  "views": 29,
  "formatid": "gen9championsvgc2026regma",
  "rating": 1327,
  "private": 0,
  "password": null
}