{
  "id": "gen9championsvgc2026regma-2582469523",
  "format": "[Gen 9 Champions] VGC 2026 Reg M-A",
  "players": [
    "drakogold",
    "Jah_08"
  ],
  "log": "|j|\u2606drakogold\n|j|\u2606Jah_08\n|t:|1776093719\n|gametype|doubles\n|player|p1|drakogold|102|1308\n|player|p2|Jah_08|alder|1380\n|gen|9\n|tier|[Gen 9 Champions] VGC 2026 Reg M-A\n|rated|\n|rule|Species Clause: Limit one of each Pok\u00e9mon\n|rule|Item Clause: Limit 1 of each item\n|clearpoke\n|poke|p1|Meganium, L50, F|\n|poke|p1|Pelipper, L50, M|\n|poke|p1|Basculegion, L50, M|\n|poke|p1|Corviknight, L50, M|\n|poke|p1|Sneasler, L50, F|\n|poke|p1|Arcanine, L50, F|\n|poke|p2|Excadrill, L50, M|\n|poke|p2|Whimsicott, L50, M|\n|poke|p2|Volcarona, L50, F|\n|poke|p2|Zoroark-Hisui, L50, F|\n|poke|p2|Basculegion, L50, M|\n|poke|p2|Conkeldurr, L50, M|\n|teampreview|4\n|inactive|Battle timer is ON: inactive players will automatically lose when time's up. (requested by drakogold)\n|inactive|drakogold has 60 seconds left.\n|inactive|Jah_08 has 60 seconds left.\n|\n|t:|1776093772\n|teamsize|p1|4\n|teamsize|p2|4\n|start\n|switch|p1a: Meganium|Meganium, L50, F|100/100\n|switch|p1b: Basculegion|Basculegion, L50, M|100/100\n|switch|p2a: Basculegion|Basculegion, L50, M|100/100\n|switch|p2b: Whimsicott|Whimsicott, L50, M, shiny|100/100\n|turn|1\n|\n|t:|1776093792\n|switch|p1b: Arcanine|Arcanine, L50, F|100/100\n|-ability|p1b: Arcanine|Intimidate|boost\n|-unboost|p2a: Basculegion|atk|1\n|-unboost|p2b: Whimsicott|atk|1\n|detailschange|p1a: Meganium|Meganium-Mega, L50, F\n|-mega|p1a: Meganium|Meganium|Meganiumite\n|move|p2b: Whimsicott|Tailwind|p2b: Whimsicott\n|-sidestart|p2: Jah_08|move: Tailwind\n|move|p2a: Basculegion|Sludge Bomb|p1a: Meganium\n|-supereffective|p1a: Meganium|2\n|-damage|p1a: Meganium|0 fnt\n|faint|p1a: Meganium\n|\n|upkeep\n|\n|t:|1776093803\n|switch|p1a: Basculegion|Basculegion, L50, M|100/100\n|turn|2\n|\n|t:|1776093813\n|move|p2a: Basculegion|Shadow Ball|p1a: Basculegion\n|-supereffective|p1a: Basculegion|1\n|-damage|p1a: Basculegion|9/100\n|move|p2b: Whimsicott|Moonblast|p1a: Basculegion\n|-damage|p1a: Basculegion|0 fnt\n|faint|p1a: Basculegion\n|move|p1b: Arcanine|Flare Blitz|p2b: Whimsicott\n|-supereffective|p2b: Whimsicott|1\n|-enditem|p2b: Whimsicott|Focus Sash\n|-damage|p2b: Whimsicott|1/100\n|-damage|p1b: Arcanine|73/100|[from] Recoil\n|\n|upkeep\n|\n|t:|1776093817\n|switch|p1a: Sneasler|Sneasler, L50, F|100/100\n|turn|3\n|inactive|Jah_08 has 30 seconds left.\n|inactive|Jah_08 has 20 seconds left.\n|inactive|Jah_08 has 15 seconds left.\n|inactive|Jah_08 has 10 seconds left.\n|\n|t:|1776093867\n|move|p1a: Sneasler|Fake Out|p2b: Whimsicott\n|-crit|p2b: Whimsicott\n|-damage|p2b: Whimsicott|0 fnt\n|faint|p2b: Whimsicott\n|move|p2a: Basculegion|Icy Wind|p1a: Sneasler|[spread] p1a,p1b\n|-resisted|p1b: Arcanine|1\n|-damage|p1a: Sneasler|81/100\n|-damage|p1b: Arcanine|64/100\n|-unboost|p1a: Sneasler|spe|1\n|-unboost|p1b: Arcanine|spe|1\n|-enditem|p1a: Sneasler|White Herb\n|-clearnegativeboost|p1a: Sneasler|[silent]\n|move|p1b: Arcanine|Flare Blitz|p2a: Basculegion\n|-damage|p2a: Basculegion|0 fnt\n|replace|p2a: Zoroark|Zoroark-Hisui, L50, F\n|-end|p2a: Zoroark|Illusion\n|faint|p2a: Zoroark\n|-damage|p1b: Arcanine|42/100|[from] Recoil\n|-enditem|p1b: Arcanine|Sitrus Berry|[eat]\n|-heal|p1b: Arcanine|67/100|[from] item: Sitrus Berry\n|\n|upkeep\n|\n|t:|1776093887\n|switch|p2a: Volcarona|Volcarona, L50, F|100/100\n|switch|p2b: Basculegion|Basculegion, L50, M|100/100\n|turn|4\n|\n|t:|1776093904\n|move|p1b: Arcanine|Protect|p1b: Arcanine\n|-singleturn|p1b: Arcanine|Protect\n|move|p2a: Volcarona|Rage Powder|p2a: Volcarona\n|-singleturn|p2a: Volcarona|move: Rage Powder\n|move|p2b: Basculegion|Last Respects|p1a: Sneasler\n|-damage|p1a: Sneasler|0 fnt\n|faint|p1a: Sneasler\n|\n|-sideend|p2: Jah_08|move: Tailwind\n|upkeep\n|turn|5\n|-message|drakogold forfeited.\n|\n|win|Jah_08\n|raw|drakogold's rating: 1308 &rarr; <strong>1292</strong><br />(-16 for losing)\n|raw|Jah_08's rating: 1380 &rarr; <strong>1396</strong><br />(+16 for winning)\n|l|\u2606drakogold\n|player|p1|\n",
  "uploadtime": 1776093920,
  "views": 37,
  "formatid": "gen9championsvgc2026regma",
  "rating": 1292,
  "private": 0,
  "password": null
}