{
  "id": "gen9championsvgc2026regma-2582070600",
  "format": "[Gen 9 Champions] VGC 2026 Reg M-A",
  "players": [
    "Bigmanbattle",
    "lazerlikessyrup"
  ],
  "log": "|j|\u2606Bigmanbattle\n|j|\u2606lazerlikessyrup\n|t:|1776054248\n|gametype|doubles\n|player|p1|Bigmanbattle|crasherwake|\n|player|p2|lazerlikessyrup|101|\n|gen|9\n|tier|[Gen 9 Champions] VGC 2026 Reg M-A\n|rule|Species Clause: Limit one of each Pok\u00e9mon\n|rule|Item Clause: Limit 1 of each item\n|clearpoke\n|poke|p1|Greninja-*, L50, M|\n|poke|p1|Aegislash, L50, M|\n|poke|p1|Sneasler, L50, F|\n|poke|p1|Garchomp, L50, M|\n|poke|p1|Talonflame, L50, M|\n|poke|p1|Ninetales-Alola, L50, F|\n|poke|p2|Hatterene, L50, F|\n|poke|p2|Farigiraf, L50, M|\n|poke|p2|Crabominable, L50, F|\n|poke|p2|Alcremie, L50, F|\n|poke|p2|Torkoal, L50, F|\n|poke|p2|Kingambit, L50, M|\n|teampreview|4\n|\n|t:|1776054277\n|teamsize|p1|4\n|teamsize|p2|4\n|start\n|switch|p1a: Ninetales|Ninetales-Alola, L50, F|100/100\n|switch|p1b: Greninja|Greninja, L50, M, shiny|100/100\n|switch|p2a: Hatterene|Hatterene, L50, F, shiny|100/100\n|switch|p2b: Crabominable|Crabominable, L50, F|100/100\n|-weather|Snowscape|[from] ability: Snow Warning|[of] p1a: Ninetales\n|turn|1\n|inactive|Battle timer is ON: inactive players will automatically lose when time's up. (requested by lazerlikessyrup)\n|\n|t:|1776054313\n|detailschange|p2b: Crabominable|Crabominable-Mega, L50, F\n|-mega|p2b: Crabominable|Crabominable|Crabominite\n|move|p1a: Ninetales|Aurora Veil|p1a: Ninetales\n|-sidestart|p1: Bigmanbattle|move: Aurora Veil\n|move|p1b: Greninja|Extrasensory|p2a: Hatterene\n|-start|p1b: Greninja|typechange|Psychic|[from] ability: Protean\n|-resisted|p2a: Hatterene|1\n|-damage|p2a: Hatterene|81/100\n|move|p2b: Crabominable|Bulk Up|p2b: Crabominable\n|-boost|p2b: Crabominable|atk|1\n|-boost|p2b: Crabominable|def|1\n|move|p2a: Hatterene|Trick Room|p2a: Hatterene\n|-fieldstart|move: Trick Room|[of] p2a: Hatterene\n|\n|-weather|Snowscape|[upkeep]\n|upkeep\n|turn|2\n|inactive|Bigmanbattle has 30 seconds left.\n|inactive|lazerlikessyrup has 30 seconds left.\n|\n|t:|1776054345\n|detailschange|p1b: Greninja|Greninja-Mega, L50, M, shiny\n|-mega|p1b: Greninja|Greninja|Greninjite\n|move|p2a: Hatterene|Draining Kiss|p1b: Greninja\n|-supereffective|p1b: Greninja|1\n|-damage|p1b: Greninja|40/100\n|-heal|p2a: Hatterene|100/100|[from] drain|[of] p1b: Greninja\n|move|p2b: Crabominable|Ice Punch|p1b: Greninja\n|-resisted|p1b: Greninja|1\n|-damage|p1b: Greninja|0 fnt\n|faint|p1b: Greninja\n|move|p1a: Ninetales|Blizzard|p2b: Crabominable|[spread] p2a,p2b\n|-crit|p2a: Hatterene\n|-resisted|p2b: Crabominable|1\n|-damage|p2a: Hatterene|47/100\n|-damage|p2b: Crabominable|88/100\n|-enditem|p2a: Hatterene|Sitrus Berry|[eat]\n|-heal|p2a: Hatterene|72/100|[from] item: Sitrus Berry\n|\n|-weather|Snowscape|[upkeep]\n|upkeep\n|\n|t:|1776054361\n|switch|p1b: Sneasler|Sneasler, L50, F|100/100\n|turn|3\n|\n|t:|1776054374\n|switch|p2a: Farigiraf|Farigiraf, L50, M|100/100\n|move|p1b: Sneasler|Fake Out||[still]\n|cant|p2a: Farigiraf|ability: Armor Tail|Fake Out|[of] p1b: Sneasler\n|move|p2b: Crabominable|Ice Punch|p1b: Sneasler\n|-crit|p1b: Sneasler\n|-enditem|p1b: Sneasler|Focus Sash\n|-damage|p1b: Sneasler|1/100\n|move|p1a: Ninetales|Moonblast|p2b: Crabominable\n|-supereffective|p2b: Crabominable|1\n|-damage|p2b: Crabominable|26/100\n|\n|-weather|Snowscape|[upkeep]\n|upkeep\n|turn|4\n|inactive|Bigmanbattle has 30 seconds left.\n|inactive|lazerlikessyrup has 30 seconds left.\n|\n|t:|1776054404\n|switch|p2b: Hatterene|Hatterene, L50, F, shiny|72/100\n|move|p1a: Ninetales|Protect|p1a: Ninetales\n|-singleturn|p1a: Ninetales|Protect\n|move|p2a: Farigiraf|Hyper Voice|p1a: Ninetales|[spread] p1b\n|-activate|p1a: Ninetales|move: Protect\n|-damage|p1b: Sneasler|0 fnt\n|faint|p1b: Sneasler\n|\n|-weather|Snowscape|[upkeep]\n|upkeep\n|\n|t:|1776054420\n|switch|p1b: Talonflame|Talonflame, L50, M|100/100\n|turn|5\n|\n|t:|1776054433\n|move|p1b: Talonflame|Upper Hand||[still]\n|cant|p2a: Farigiraf|ability: Armor Tail|Upper Hand|[of] p1b: Talonflame\n|move|p2b: Hatterene|Healing Wish|p2b: Hatterene\n|faint|p2b: Hatterene\n|move|p2a: Farigiraf|Hyper Voice|p1b: Talonflame|[spread] p1a,p1b\n|-damage|p1a: Ninetales|75/100\n|-damage|p1b: Talonflame|67/100\n|move|p1a: Ninetales|Blizzard|p2a: Farigiraf\n|-damage|p2a: Farigiraf|60/100\n|\n|-weather|none\n|-heal|p1a: Ninetales|82/100|[from] item: Leftovers\n|-sideend|p1: Bigmanbattle|move: Aurora Veil\n|-fieldend|move: Trick Room\n|upkeep\n|\n|t:|1776054445\n|switch|p2b: Crabominable|Crabominable-Mega, L50, F|26/100\n|-heal|p2b: Crabominable|100/100|[from] move: Healing Wish\n|turn|6\n|\n|t:|1776054464\n|move|p1b: Talonflame|Tailwind|p1b: Talonflame\n|-sidestart|p1: Bigmanbattle|move: Tailwind\n|move|p1a: Ninetales|Blizzard|p2a: Farigiraf|[spread] p2a,p2b\n|-resisted|p2b: Crabominable|1\n|-damage|p2a: Farigiraf|26/100\n|-damage|p2b: Crabominable|89/100\n|move|p2b: Crabominable|Drain Punch|p1a: Ninetales\n|-damage|p1a: Ninetales|0 fnt\n|-heal|p2b: Crabominable|100/100|[from] drain|[of] p1a: Ninetales\n|faint|p1a: Ninetales\n|move|p2a: Farigiraf|Trick Room|p2a: Farigiraf\n|-fieldstart|move: Trick Room|[of] p2a: Farigiraf\n|\n|upkeep\n|turn|7\n|\n|t:|1776054483\n|move|p2b: Crabominable|Bulk Up|p2b: Crabominable\n|-boost|p2b: Crabominable|atk|1\n|-boost|p2b: Crabominable|def|1\n|move|p2a: Farigiraf|Calm Mind|p2a: Farigiraf\n|-boost|p2a: Farigiraf|spa|1\n|-boost|p2a: Farigiraf|spd|1\n|move|p1b: Talonflame|Flare Blitz|p2b: Crabominable\n|-supereffective|p2b: Crabominable|1\n|-damage|p2b: Crabominable|56/100\n|-damage|p1b: Talonflame|47/100|[from] Recoil\n|\n|upkeep\n|turn|8\n|-message|Bigmanbattle forfeited.\n|\n|win|lazerlikessyrup\n|l|\u2606Bigmanbattle\n|player|p1|\n",
  "uploadtime": 1776054497,
  "views": 12,
  "formatid": "gen9championsvgc2026regma",
  "rating": null,
  "private": 0,
  "password": null
}