{
  "id": "gen9championsvgc2026regma-2583294085",
  "format": "[Gen 9 Champions] VGC 2026 Reg M-A",
  "players": [
    "KeckleonKidVGC",
    "Lurantis_solar156"
  ],
  "log": "|j|\u2606KeckleonKidVGC\n|j|\u203dLurantis_solar156\n|t:|1776164053\n|gametype|doubles\n|player|p1|KeckleonKidVGC|1|1000\n|player|p2|Lurantis_solar156|cynthia|1017\n|gen|9\n|tier|[Gen 9 Champions] VGC 2026 Reg M-A\n|rated|\n|rule|Species Clause: Limit one of each Pok\u00e9mon\n|rule|Item Clause: Limit 1 of each item\n|clearpoke\n|poke|p1|Politoed, L50, M|\n|poke|p1|Basculegion, L50, M|\n|poke|p1|Feraligatr, L50, M|\n|poke|p1|Archaludon, L50, M|\n|poke|p1|Gyarados, L50, M|\n|poke|p1|Ditto, L50|\n|poke|p2|Crabominable, L50, M|\n|poke|p2|Beartic, L50, M|\n|poke|p2|Farigiraf, L50, M|\n|poke|p2|Sneasler, L50, F|\n|poke|p2|Incineroar, L50, M|\n|poke|p2|Sinistcha, L50|\n|teampreview|4\n|inactive|Battle timer is ON: inactive players will automatically lose when time's up. (requested by KeckleonKidVGC)\n|\n|t:|1776164074\n|teamsize|p1|4\n|teamsize|p2|4\n|start\n|switch|p1a: Politoed|Politoed, L50, M|100/100\n|switch|p1b: Basculegion|Basculegion, L50, M|100/100\n|switch|p2a: Beartic|Beartic, L50, M|100/100\n|switch|p2b: Farigiraf|Farigiraf, L50, M|100/100\n|-weather|RainDance|[from] ability: Drizzle|[of] p1a: Politoed\n|turn|1\n|\n|t:|1776164091\n|move|p1b: Basculegion|Flip Turn|p2b: Farigiraf\n|-damage|p2b: Farigiraf|32/100\n|\n|t:|1776164094\n|switch|p1b: Archaludon|Archaludon, L50, M|100/100|[from] Flip Turn\n|move|p1a: Politoed|Weather Ball|p2b: Farigiraf\n|-damage|p2b: Farigiraf|0 fnt\n|faint|p2b: Farigiraf\n|move|p2a: Beartic|Snowscape|p2a: Beartic\n|-weather|Snowscape\n|\n|-weather|Snowscape|[upkeep]\n|upkeep\n|\n|t:|1776164103\n|switch|p2b: Crabominable|Crabominable, L50, M|100/100\n|turn|2\n|\n|t:|1776164114\n|switch|p1a: Basculegion|Basculegion, L50, M|100/100\n|move|p1b: Archaludon|Protect|p1b: Archaludon\n|-singleturn|p1b: Archaludon|Protect\n|move|p2b: Crabominable|Mach Punch|p1b: Archaludon\n|-activate|p1b: Archaludon|move: Protect\n|move|p2a: Beartic|Frost Breath|p2b: Crabominable\n|-resisted|p2b: Crabominable|1\n|-crit|p2b: Crabominable\n|-damage|p2b: Crabominable|91/100\n|-setboost|p2b: Crabominable|atk|6|[from] ability: Anger Point\n|\n|-weather|Snowscape|[upkeep]\n|upkeep\n|turn|3\n|c|\u2606KeckleonKidVGC|thats cool\n|inactive|Lurantis_solar156 has 30 seconds left.\n|\n|t:|1776164141\n|switch|p1b: Politoed|Politoed, L50, M|100/100\n|-weather|RainDance|[from] ability: Drizzle|[of] p1b: Politoed\n|switch|p2a: Sinistcha|Sinistcha, L50|100/100\n|-heal|p2b: Crabominable|100/100|[from] ability: Hospitality|[of] p2a: Sinistcha\n|detailschange|p2b: Crabominable|Crabominable-Mega, L50, M\n|-mega|p2b: Crabominable|Crabominable|Crabominite\n|move|p2b: Crabominable|Mach Punch|p1b: Politoed\n|-damage|p1b: Politoed|0 fnt\n|faint|p1b: Politoed\n|move|p1a: Basculegion|Wave Crash|p2b: Crabominable\n|-damage|p2b: Crabominable|8/100\n|-damage|p1a: Basculegion|69/100|[from] Recoil\n|\n|-weather|RainDance|[upkeep]\n|upkeep\n|\n|t:|1776164158\n|switch|p1b: Archaludon|Archaludon, L50, M|100/100\n|turn|4\n|\n|t:|1776164184\n|move|p2a: Sinistcha|Rage Powder|p2a: Sinistcha\n|-singleturn|p2a: Sinistcha|move: Rage Powder\n|move|p1a: Basculegion|Wave Crash|p2a: Sinistcha\n|-resisted|p2a: Sinistcha|1\n|-damage|p2a: Sinistcha|49/100\n|-damage|p1a: Basculegion|54/100|[from] Recoil\n|move|p1b: Archaludon|Flash Cannon|p2a: Sinistcha\n|-damage|p2a: Sinistcha|0 fnt\n|faint|p2a: Sinistcha\n|move|p2b: Crabominable|Crabhammer|p1a: Basculegion\n|-resisted|p1a: Basculegion|1\n|-crit|p1a: Basculegion\n|-damage|p1a: Basculegion|0 fnt\n|faint|p1a: Basculegion\n|\n|-weather|RainDance|[upkeep]\n|upkeep\n|\n|t:|1776164198\n|switch|p1a: Feraligatr|Feraligatr, L50, M|100/100\n|switch|p2a: Beartic|Beartic, L50, M|100/100\n|turn|5\n|inactive|Lurantis_solar156 has 30 seconds left.\n|\n|t:|1776164223\n|move|p2b: Crabominable|Mach Punch|p1a: Feraligatr\n|-damage|p1a: Feraligatr|10/100\n|move|p1b: Archaludon|Flash Cannon|p2b: Crabominable\n|-supereffective|p2b: Crabominable|1\n|-damage|p2b: Crabominable|0 fnt\n|faint|p2b: Crabominable\n|move|p1a: Feraligatr|Liquidation|p2a: Beartic\n|-damage|p2a: Beartic|54/100\n|move|p2a: Beartic|Snowscape|p2a: Beartic\n|-weather|Snowscape\n|\n|-weather|Snowscape|[upkeep]\n|upkeep\n|turn|6\n|\n|t:|1776164239\n|detailschange|p1a: Feraligatr|Feraligatr-Mega, L50, M\n|-mega|p1a: Feraligatr|Feraligatr|Feraligite\n|move|p1b: Archaludon|Flash Cannon|p2a: Beartic\n|-supereffective|p2a: Beartic|1\n|-damage|p2a: Beartic|0 fnt\n|faint|p2a: Beartic\n|\n|win|KeckleonKidVGC\n|raw|KeckleonKidVGC's rating: 1000 &rarr; <strong>1042</strong><br />(+42 for winning)\n|raw|Lurantis_solar156's rating: 1017 &rarr; <strong>1004</strong><br />(-13 for losing)\n|c|\u2606KeckleonKidVGC|gg\n|l|\u203dLurantis_solar156\n|player|p2|\n",
  "uploadtime": 1776164247,
  "views": 24,
  "formatid": "gen9championsvgc2026regma",
  "rating": 1004,
  "private": 0,
  "password": null
}