{
  "id": "gen9championsvgc2026regma-2581273369",
  "format": "[Gen 9 Champions] VGC 2026 Reg M-A",
  "players": [
    "TEST-CV01",
    "radoovak"
  ],
  "log": "|j|\u2606TEST-CV01\n|j|\u2606radoovak\n|t:|1775979630\n|gametype|doubles\n|player|p1|TEST-CV01|miku-fire|1207\n|player|p2|radoovak|steven|1326\n|gen|9\n|tier|[Gen 9 Champions] VGC 2026 Reg M-A\n|rated|\n|rule|Species Clause: Limit one of each Pok\u00e9mon\n|rule|Item Clause: Limit 1 of each item\n|clearpoke\n|poke|p1|Tyranitar, L50, F|\n|poke|p1|Excadrill, L50, F|\n|poke|p1|Sinistcha, L50|\n|poke|p1|Gardevoir, L50, F|\n|poke|p1|Gyarados, L50, M|\n|poke|p1|Rotom-Heat, L50|\n|poke|p2|Gengar, L50, F|\n|poke|p2|Sneasler, L50, M|\n|poke|p2|Incineroar, L50, F|\n|poke|p2|Whimsicott, L50, F|\n|poke|p2|Hydreigon, L50, F|\n|poke|p2|Palafin, L50, M|\n|teampreview|4\n|inactive|Battle timer is ON: inactive players will automatically lose when time's up. (requested by radoovak)\n|j| gE1xjZRtuhW2DdT0AK\n|inactive|TEST-CV01 has 60 seconds left.\n|\n|t:|1775979687\n|teamsize|p1|4\n|teamsize|p2|4\n|start\n|switch|p1a: Gyarados|Gyarados, L50, M|100/100\n|switch|p1b: Rotom|Rotom-Heat, L50|100/100\n|switch|p2a: Sneasler|Sneasler, L50, M|100/100\n|switch|p2b: Palafin|Palafin, L50, M|100/100\n|-ability|p1a: Gyarados|Intimidate|boost\n|-unboost|p2a: Sneasler|atk|1\n|-unboost|p2b: Palafin|atk|1\n|-enditem|p2a: Sneasler|White Herb\n|-clearnegativeboost|p2a: Sneasler|[silent]\n|turn|1\n|inactive|TEST-CV01 has 30 seconds left.\n|\n|t:|1775979717\n|move|p2b: Palafin|Jet Punch|p1b: Rotom\n|-supereffective|p1b: Rotom|1\n|-damage|p1b: Rotom|58/100\n|move|p2a: Sneasler|Dire Claw|p1b: Rotom\n|-damage|p1b: Rotom|10/100\n|move|p1b: Rotom|Volt Switch|p2a: Sneasler\n|-damage|p2a: Sneasler|58/100\n|\n|t:|1775979727\n|switch|p1b: Tyranitar|Tyranitar, L50, F|100/100|[from] Volt Switch\n|-weather|Sandstorm|[from] ability: Sand Stream|[of] p1b: Tyranitar\n|move|p1a: Gyarados|Waterfall|p2a: Sneasler\n|-damage|p2a: Sneasler|0 fnt\n|faint|p2a: Sneasler\n|\n|-weather|Sandstorm|[upkeep]\n|-damage|p2b: Palafin|94/100|[from] Sandstorm\n|-damage|p1a: Gyarados|95/100|[from] Sandstorm\n|-heal|p1a: Gyarados|100/100|[from] item: Leftovers\n|upkeep\n|\n|t:|1775979734\n|switch|p2a: Hydreigon|Hydreigon, L50, F|100/100\n|turn|2\n|\n|t:|1775979749\n|detailschange|p2b: Palafin|Palafin-Hero, L50, M\n|switch|p2b: Incineroar|Incineroar, L50, F|100/100\n|-ability|p2b: Incineroar|Intimidate|boost\n|-unboost|p1a: Gyarados|atk|1\n|-unboost|p1b: Tyranitar|atk|1\n|move|p1b: Tyranitar|Protect|p1b: Tyranitar\n|-singleturn|p1b: Tyranitar|Protect\n|move|p2a: Hydreigon|Dark Pulse|p1a: Gyarados\n|-damage|p1a: Gyarados|69/100\n|move|p1a: Gyarados|Thunder Wave|p2b: Incineroar\n|-status|p2b: Incineroar|par\n|\n|-weather|Sandstorm|[upkeep]\n|-damage|p2a: Hydreigon|95/100|[from] Sandstorm\n|-damage|p1a: Gyarados|63/100|[from] Sandstorm\n|-damage|p2b: Incineroar|95/100 par|[from] Sandstorm\n|-heal|p1a: Gyarados|69/100|[from] item: Leftovers\n|upkeep\n|turn|3\n|inactive|TEST-CV01 has 30 seconds left.\n|\n|t:|1775979775\n|detailschange|p1b: Tyranitar|Tyranitar-Mega, L50, F\n|-mega|p1b: Tyranitar|Tyranitar|Tyranitarite\n|move|p2a: Hydreigon|Dark Pulse|p1a: Gyarados\n|-damage|p1a: Gyarados|36/100\n|move|p1b: Tyranitar|Rock Slide|p2b: Incineroar|[spread] p2a,p2b\n|-supereffective|p2b: Incineroar|1\n|-damage|p2a: Hydreigon|66/100\n|-damage|p2b: Incineroar|52/100 par\n|move|p1a: Gyarados|Thunder Wave|p2a: Hydreigon\n|-status|p2a: Hydreigon|par\n|move|p2b: Incineroar|Parting Shot|p1b: Tyranitar\n|-unboost|p1b: Tyranitar|atk|1\n|-unboost|p1b: Tyranitar|spa|1\n|\n|t:|1775979787\n|switch|p2b: Palafin|Palafin-Hero, L50, M|94/100|[from] Parting Shot\n|-activate|p2b: Palafin|ability: Zero to Hero\n|\n|-weather|Sandstorm|[upkeep]\n|-damage|p2b: Palafin|88/100|[from] Sandstorm\n|-damage|p2a: Hydreigon|60/100 par|[from] Sandstorm\n|-damage|p1a: Gyarados|30/100|[from] Sandstorm\n|-heal|p1a: Gyarados|36/100|[from] item: Leftovers\n|upkeep\n|turn|4\n|\n|t:|1775979809\n|switch|p1b: Rotom|Rotom-Heat, L50|10/100\n|switch|p2a: Incineroar|Incineroar, L50, F|52/100 par\n|-ability|p2a: Incineroar|Intimidate|boost\n|-unboost|p1a: Gyarados|atk|1\n|-unboost|p1b: Rotom|atk|1\n|move|p2b: Palafin|Wave Crash|p1a: Gyarados\n|-resisted|p1a: Gyarados|1\n|-damage|p1a: Gyarados|0 fnt\n|faint|p1a: Gyarados\n|-damage|p2b: Palafin|76/100|[from] Recoil\n|\n|-weather|Sandstorm|[upkeep]\n|-damage|p1b: Rotom|5/100|[from] Sandstorm\n|-damage|p2b: Palafin|70/100|[from] Sandstorm\n|-damage|p2a: Incineroar|46/100 par|[from] Sandstorm\n|-enditem|p2a: Incineroar|Sitrus Berry|[eat]\n|-heal|p2a: Incineroar|71/100 par|[from] item: Sitrus Berry\n|upkeep\n|\n|t:|1775979827\n|switch|p1a: Excadrill|Excadrill, L50, F|100/100\n|turn|5\n|\n|t:|1775979837\n|move|p2a: Incineroar|Fake Out|p1b: Rotom\n|-damage|p1b: Rotom|0 fnt\n|faint|p1b: Rotom\n|move|p1a: Excadrill|Earthquake|p2b: Palafin|[spread] p2a,p2b\n|-supereffective|p2a: Incineroar|1\n|-damage|p2a: Incineroar|0 fnt\n|-damage|p2b: Palafin|34/100\n|faint|p2a: Incineroar\n|move|p2b: Palafin|Drain Punch|p1a: Excadrill\n|-supereffective|p1a: Excadrill|1\n|-damage|p1a: Excadrill|5/100\n|-heal|p2b: Palafin|79/100|[from] drain|[of] p1a: Excadrill\n|\n|-weather|none\n|upkeep\n|\n|t:|1775979849\n|switch|p1b: Tyranitar|Tyranitar-Mega, L50, F|100/100\n|switch|p2a: Hydreigon|Hydreigon, L50, F|60/100 par\n|-weather|Sandstorm|[from] ability: Sand Stream|[of] p1b: Tyranitar\n|turn|6\n|\n|t:|1775979870\n|move|p1a: Excadrill|Iron Head|p2b: Palafin\n|-resisted|p2b: Palafin|1\n|-damage|p2b: Palafin|57/100\n|move|p1b: Tyranitar|Dragon Dance|p1b: Tyranitar\n|-boost|p1b: Tyranitar|atk|1\n|-boost|p1b: Tyranitar|spe|1\n|move|p2b: Palafin|Drain Punch|p1b: Tyranitar\n|-supereffective|p1b: Tyranitar|2\n|-damage|p1b: Tyranitar|10/100\n|-heal|p2b: Palafin|97/100|[from] drain|[of] p1b: Tyranitar\n|move|p2a: Hydreigon|Dark Pulse|p1a: Excadrill\n|-damage|p1a: Excadrill|0 fnt\n|faint|p1a: Excadrill\n|\n|-weather|Sandstorm|[upkeep]\n|-damage|p2b: Palafin|91/100|[from] Sandstorm\n|-damage|p2a: Hydreigon|54/100 par|[from] Sandstorm\n|upkeep\n|turn|7\n|\n|t:|1775979889\n|move|p1b: Tyranitar|Rock Slide|p2a: Hydreigon|[spread] p2a,p2b\n|-damage|p2a: Hydreigon|0 fnt\n|-damage|p2b: Palafin|40/100\n|faint|p2a: Hydreigon\n|move|p2b: Palafin|Drain Punch|p1b: Tyranitar\n|-supereffective|p1b: Tyranitar|2\n|-damage|p1b: Tyranitar|0 fnt\n|-heal|p2b: Palafin|44/100|[from] drain|[of] p1b: Tyranitar\n|faint|p1b: Tyranitar\n|\n|win|radoovak\n|raw|TEST-CV01's rating: 1207 &rarr; <strong>1190</strong><br />(-17 for losing)\n|raw|radoovak's rating: 1326 &rarr; <strong>1339</strong><br />(+13 for winning)\n|l|\u2606TEST-CV01\n|player|p1|\n|c|\u2606radoovak|gg\n|l|\u2606radoovak\n|player|p2|\n",
  "uploadtime": 1775979915,
  "views": 12,
  "formatid": "gen9championsvgc2026regma",
  "rating": 1190,
  "private": 0,
  "password": null
}