{
  "id": "gen9championsvgc2026regma-2581123540",
  "format": "[Gen 9 Champions] VGC 2026 Reg M-A",
  "players": [
    "SpiderKash",
    "520zhb"
  ],
  "log": "|j|\u2606SpiderKash\n|j|\u2606520zhb\n|t:|1775962125\n|gametype|doubles\n|player|p1|SpiderKash|2|1401\n|player|p2|520zhb|169|1383\n|gen|9\n|tier|[Gen 9 Champions] VGC 2026 Reg M-A\n|rated|\n|rule|Species Clause: Limit one of each Pok\u00e9mon\n|rule|Item Clause: Limit 1 of each item\n|clearpoke\n|poke|p1|Charizard, L50, F|\n|poke|p1|Incineroar, L50, M|\n|poke|p1|Dragapult, L50, M|\n|poke|p1|Sneasler, L50, M|\n|poke|p1|Whimsicott, L50, F|\n|poke|p1|Floette-Eternal, L50, F|\n|poke|p2|Floette-Eternal, L50, F|\n|poke|p2|Aerodactyl, L50, F|\n|poke|p2|Incineroar, L50, F|\n|poke|p2|Garchomp, L50, F|\n|poke|p2|Delphox, L50, F|\n|poke|p2|Maushold, L50|\n|teampreview|4\n|inactive|Battle timer is ON: inactive players will automatically lose when time's up. (requested by 520zhb)\n|inactive|SpiderKash has 60 seconds left.\n|inactive|520zhb has 60 seconds left.\n|\n|t:|1775962161\n|teamsize|p1|4\n|teamsize|p2|4\n|start\n|switch|p1a: Dragapult|Dragapult, L50, M|100/100\n|switch|p1b: Incineroar|Incineroar, L50, M|100/100\n|switch|p2a: Floette|Floette-Eternal, L50, F|100/100\n|switch|p2b: Maushold|Maushold, L50|100/100\n|-ability|p1b: Incineroar|Intimidate|boost\n|-unboost|p2a: Floette|atk|1\n|-unboost|p2b: Maushold|atk|1\n|turn|1\n|\n|t:|1775962181\n|detailschange|p2a: Floette|Floette-Mega, L50, F\n|-mega|p2a: Floette|Floette|Floettite\n|-ability|p2a: Floette|Fairy Aura\n|move|p1b: Incineroar|Fake Out|p2a: Floette\n|-damage|p2a: Floette|91/100\n|move|p1a: Dragapult|Dragon Dance|p1a: Dragapult\n|-boost|p1a: Dragapult|atk|1\n|-boost|p1a: Dragapult|spe|1\n|move|p2b: Maushold|Super Fang|p1b: Incineroar\n|-damage|p1b: Incineroar|50/100\n|cant|p2a: Floette|flinch\n|\n|upkeep\n|turn|2\n|\n|t:|1775962199\n|move|p1a: Dragapult|Protect|p1a: Dragapult\n|-singleturn|p1a: Dragapult|Protect\n|move|p2b: Maushold|Follow Me|p2b: Maushold\n|-singleturn|p2b: Maushold|move: Follow Me\n|move|p2a: Floette|Dazzling Gleam|p1b: Incineroar|[spread] p1b\n|-activate|p1a: Dragapult|move: Protect\n|-damage|p1b: Incineroar|12/100\n|move|p1b: Incineroar|Parting Shot|p2b: Maushold\n|-unboost|p2b: Maushold|atk|1\n|-unboost|p2b: Maushold|spa|1\n|\n|t:|1775962206\n|switch|p1b: Sneasler|Sneasler, L50, M|100/100|[from] Parting Shot\n|\n|upkeep\n|turn|3\n|\n|t:|1775962229\n|move|p2b: Maushold|Protect|p2b: Maushold\n|-singleturn|p2b: Maushold|Protect\n|move|p2a: Floette|Protect|p2a: Floette\n|-singleturn|p2a: Floette|Protect\n|move|p1b: Sneasler|Fake Out|p2a: Floette\n|-activate|p2a: Floette|move: Protect\n|move|p1a: Dragapult|Dragon Dance|p1a: Dragapult\n|-boost|p1a: Dragapult|atk|1\n|-boost|p1a: Dragapult|spe|1\n|\n|upkeep\n|turn|4\n|\n|t:|1775962242\n|move|p2b: Maushold|Follow Me|p2b: Maushold\n|-singleturn|p2b: Maushold|move: Follow Me\n|move|p1a: Dragapult|Dragon Darts|p2b: Maushold\n|-damage|p2b: Maushold|30/100\n|-anim|p1a: Dragapult|Dragon Darts|p2b: Maushold\n|-damage|p2b: Maushold|0 fnt\n|faint|p2b: Maushold\n|move|p1b: Sneasler|Dire Claw|p2a: Floette\n|-supereffective|p2a: Floette|1\n|-damage|p2a: Floette|0 fnt\n|faint|p2a: Floette\n|\n|upkeep\n|\n|t:|1775962255\n|switch|p2b: Aerodactyl|Aerodactyl, L50, F|100/100\n|switch|p2a: Garchomp|Garchomp, L50, F|100/100\n|-ability|p2b: Aerodactyl|Unnerve\n|turn|5\n|-message|520zhb forfeited.\n|\n|win|SpiderKash\n|raw|SpiderKash's rating: 1420 &rarr; <strong>1438</strong><br />(+18 for winning)\n|raw|520zhb's rating: 1383 &rarr; <strong>1365</strong><br />(-18 for losing)\n|l|\u2606520zhb\n|player|p2|\n|l|\u2606SpiderKash\n|player|p1|\n",
  "uploadtime": 1775962289,
  "views": 63,
  "formatid": "gen9championsvgc2026regma",
  "rating": 1365,
  "private": 0,
  "password": null
}