{
  "id": "gen9championsvgc2026regma-2588367140",
  "format": "[Gen 9 Champions] VGC 2026 Reg M-A",
  "players": [
    "n3rXis",
    "MvillMpersonality"
  ],
  "log": "|j|\u2606n3rXis\n|j|\u2606MvillMpersonality\n|t:|1776627618\n|gametype|doubles\n|player|p1|n3rXis|101|1180\n|player|p2|MvillMpersonality|169|1141\n|gen|9\n|tier|[Gen 9 Champions] VGC 2026 Reg M-A\n|rated|\n|rule|Species Clause: Limit one of each Pok\u00e9mon\n|rule|Item Clause: Limit 1 of each item\n|clearpoke\n|poke|p1|Floette-Eternal, L50, F|\n|poke|p1|Garchomp, L50, F|\n|poke|p1|Kingambit, L50, F|\n|poke|p1|Basculegion, L50, M|\n|poke|p1|Sneasler, L50, M|\n|poke|p1|Froslass, L50, F|\n|poke|p2|Scovillain, L50, F|\n|poke|p2|Rhyperior, L50, F|\n|poke|p2|Sinistcha, L50|\n|poke|p2|Empoleon, L50, F|\n|poke|p2|Tyranitar, L50, M|\n|poke|p2|Aegislash, L50, F|\n|teampreview|4\n|inactive|Battle timer is ON: inactive players will automatically lose when time's up. (requested by n3rXis)\n|inactive|n3rXis has 60 seconds left.\n|c|\u2606MvillMpersonality|glhf\n|\n|t:|1776627669\n|teamsize|p1|4\n|teamsize|p2|4\n|start\n|switch|p1a: Basculegion|Basculegion, L50, M|100/100\n|switch|p1b: Garchomp|Garchomp, L50, F|100/100\n|switch|p2a: The Antagonist|Scovillain, L50, F|100/100\n|switch|p2b: Empoleon|Empoleon, L50, F|100/100\n|turn|1\n|c|\u2606n3rXis|gl\n|inactive|MvillMpersonality has 30 seconds left.\n|\n|t:|1776627696\n|detailschange|p2a: The Antagonist|Scovillain-Mega, L50, F\n|-mega|p2a: The Antagonist|Scovillain|Scovillainite\n|move|p1a: Basculegion|Protect|p1a: Basculegion\n|-singleturn|p1a: Basculegion|Protect\n|move|p2b: Empoleon|Protect|p2b: Empoleon\n|-singleturn|p2b: Empoleon|Protect\n|move|p1b: Garchomp|Earthquake|p2b: Empoleon|[spread] p2a\n|-activate|p1a: Basculegion|move: Protect\n|-activate|p2b: Empoleon|move: Protect\n|-damage|p2a: The Antagonist|67/100\n|-status|p1b: Garchomp|brn|[from] ability: Spicy Spray|[of] p2a: The Antagonist\n|move|p2a: The Antagonist|Leaf Storm|p1a: Basculegion\n|-activate|p1a: Basculegion|move: Protect\n|\n|-damage|p1b: Garchomp|94/100 brn|[from] brn\n|upkeep\n|turn|2\n|inactive|n3rXis has 30 seconds left.\n|inactive|n3rXis has 20 seconds left.\n|\n|t:|1776627734\n|move|p2a: The Antagonist|Rage Powder|p2a: The Antagonist\n|-singleturn|p2a: The Antagonist|move: Rage Powder\n|move|p1b: Garchomp|Dragon Claw|p2a: The Antagonist\n|-crit|p2a: The Antagonist\n|-damage|p2a: The Antagonist|34/100\n|move|p1a: Basculegion|Wave Crash|p2a: The Antagonist\n|-damage|p2a: The Antagonist|0 fnt\n|-status|p1a: Basculegion|brn|[from] ability: Spicy Spray|[of] p2a: The Antagonist\n|faint|p2a: The Antagonist\n|-damage|p1a: Basculegion|92/100 brn|[from] Recoil\n|move|p2b: Empoleon|Ice Beam|p1b: Garchomp\n|-supereffective|p1b: Garchomp|2\n|-damage|p1b: Garchomp|0 fnt\n|faint|p1b: Garchomp\n|\n|-damage|p1a: Basculegion|86/100 brn|[from] brn\n|upkeep\n|inactive|MvillMpersonality has 30 seconds left.\n|\n|t:|1776627760\n|switch|p1b: Sneasler|Sneasler, L50, M|100/100\n|switch|p2a: Tyranitar|Tyranitar, L50, M|100/100\n|-weather|Sandstorm|[from] ability: Sand Stream|[of] p2a: Tyranitar\n|turn|3\n|\n|t:|1776627773\n|move|p2b: Empoleon|Protect|p2b: Empoleon\n|-singleturn|p2b: Empoleon|Protect\n|move|p2a: Tyranitar|Protect|p2a: Tyranitar\n|-singleturn|p2a: Tyranitar|Protect\n|move|p1b: Sneasler|Close Combat|p2b: Empoleon\n|-activate|p2b: Empoleon|move: Protect\n|move|p1a: Basculegion|Wave Crash|p2a: Tyranitar\n|-activate|p2a: Tyranitar|move: Protect\n|\n|-weather|Sandstorm|[upkeep]\n|-damage|p1b: Sneasler|95/100|[from] Sandstorm\n|-damage|p1a: Basculegion|80/100 brn|[from] Sandstorm\n|-damage|p1a: Basculegion|74/100 brn|[from] brn\n|upkeep\n|turn|4\n|\n|t:|1776627794\n|switch|p2b: Aegislash|Aegislash, L50, F|100/100\n|move|p1b: Sneasler|Close Combat|p2a: Tyranitar\n|-supereffective|p2a: Tyranitar|2\n|-enditem|p2a: Tyranitar|Chople Berry|[eat]\n|-enditem|p2a: Tyranitar|Chople Berry|[weaken]\n|-damage|p2a: Tyranitar|0 fnt\n|-unboost|p1b: Sneasler|def|1\n|-unboost|p1b: Sneasler|spd|1\n|faint|p2a: Tyranitar\n|move|p1a: Basculegion|Wave Crash|p2b: Aegislash\n|-damage|p2b: Aegislash|64/100\n|-damage|p1a: Basculegion|64/100 brn|[from] Recoil\n|\n|-weather|Sandstorm|[upkeep]\n|-damage|p1b: Sneasler|89/100|[from] Sandstorm\n|-damage|p1a: Basculegion|58/100 brn|[from] Sandstorm\n|-heal|p2b: Aegislash|70/100|[from] item: Leftovers\n|-damage|p1a: Basculegion|52/100 brn|[from] brn\n|upkeep\n|c|\u2606MvillMpersonality|nice read\n|\n|t:|1776627812\n|switch|p2a: Empoleon|Empoleon, L50, F|100/100\n|turn|5\n|inactive|MvillMpersonality has 30 seconds left.\n|\n|t:|1776627838\n|move|p2a: Empoleon|Protect|p2a: Empoleon\n|-singleturn|p2a: Empoleon|Protect\n|move|p1b: Sneasler|Close Combat|p2a: Empoleon\n|-activate|p2a: Empoleon|move: Protect\n|move|p1a: Basculegion|Last Respects|p2b: Aegislash\n|-supereffective|p2b: Aegislash|1\n|-damage|p2b: Aegislash|18/100\n|move|p2b: Aegislash|Swords Dance|p2b: Aegislash\n|-boost|p2b: Aegislash|atk|2\n|\n|-weather|Sandstorm|[upkeep]\n|-damage|p1b: Sneasler|83/100|[from] Sandstorm\n|-damage|p1a: Basculegion|46/100 brn|[from] Sandstorm\n|-enditem|p1a: Basculegion|Sitrus Berry|[eat]\n|-heal|p1a: Basculegion|71/100 brn|[from] item: Sitrus Berry\n|-heal|p2b: Aegislash|24/100|[from] item: Leftovers\n|-damage|p1a: Basculegion|65/100 brn|[from] brn\n|upkeep\n|turn|6\n|inactive|MvillMpersonality has 30 seconds left.\n|inactive|MvillMpersonality has 20 seconds left.\n|\n|t:|1776627875\n|-formechange|p2b: Aegislash|Aegislash-Blade|\n|move|p2b: Aegislash|Shadow Sneak|p1b: Sneasler\n|-damage|p1b: Sneasler|0 fnt\n|faint|p1b: Sneasler\n|move|p1a: Basculegion|Last Respects|p2a: Empoleon\n|-damage|p2a: Empoleon|43/100\n|move|p2a: Empoleon|Flash Cannon|p1a: Basculegion\n|-resisted|p1a: Basculegion|1\n|-damage|p1a: Basculegion|44/100 brn\n|-unboost|p1a: Basculegion|spd|1\n|\n|-weather|Sandstorm|[upkeep]\n|-damage|p1a: Basculegion|38/100 brn|[from] Sandstorm\n|-heal|p2b: Aegislash|30/100|[from] item: Leftovers\n|-damage|p1a: Basculegion|32/100 brn|[from] brn\n|upkeep\n|\n|t:|1776627881\n|switch|p1b: Froslass|Froslass, L50, F|100/100\n|turn|7\n|inactive|MvillMpersonality has 30 seconds left.\n|inactive|MvillMpersonality has 20 seconds left.\n|\n|t:|1776627920\n|detailschange|p1b: Froslass|Froslass-Mega, L50, F\n|-mega|p1b: Froslass|Froslass|Froslassite\n|-weather|Snowscape|[from] ability: Snow Warning|[of] p1b: Froslass\n|move|p1b: Froslass|Protect|p1b: Froslass\n|-singleturn|p1b: Froslass|Protect\n|move|p2b: Aegislash|Shadow Sneak|p1a: Basculegion\n|-supereffective|p1a: Basculegion|1\n|-damage|p1a: Basculegion|0 fnt\n|faint|p1a: Basculegion\n|move|p2a: Empoleon|Flash Cannon|p1b: Froslass\n|-activate|p1b: Froslass|move: Protect\n|\n|-weather|Snowscape|[upkeep]\n|-heal|p2b: Aegislash|36/100|[from] item: Leftovers\n|upkeep\n|turn|8\n|\n|t:|1776627935\n|move|p2b: Aegislash|Shadow Sneak|p1b: Froslass\n|-supereffective|p1b: Froslass|1\n|-damage|p1b: Froslass|17/100\n|move|p1b: Froslass|Shadow Ball|p2b: Aegislash\n|-supereffective|p2b: Aegislash|1\n|-damage|p2b: Aegislash|0 fnt\n|faint|p2b: Aegislash\n|move|p2a: Empoleon|Flash Cannon|p1b: Froslass\n|-supereffective|p1b: Froslass|1\n|-damage|p1b: Froslass|0 fnt\n|faint|p1b: Froslass\n|\n|win|MvillMpersonality\n|raw|n3rXis's rating: 1180 &rarr; <strong>1152</strong><br />(-28 for losing)\n|raw|MvillMpersonality's rating: 1141 &rarr; <strong>1169</strong><br />(+28 for winning)\n|c|\u2606MvillMpersonality|Great game\n",
  "uploadtime": 1776627958,
  "views": 18,
  "formatid": "gen9championsvgc2026regma",
  "rating": 1152,
  "private": 0,
  "password": null
}