{
  "id": "gen9championsvgc2026regma-2587948542",
  "format": "[Gen 9 Champions] VGC 2026 Reg M-A",
  "players": [
    "CN-Vedmon",
    "faric"
  ],
  "log": "|j|\u2606CN-Vedmon\n|j|\u2606faric\n|t:|1776583337\n|gametype|doubles\n|player|p1|CN-Vedmon|169|1348\n|player|p2|faric|101|1314\n|gen|9\n|tier|[Gen 9 Champions] VGC 2026 Reg M-A\n|rated|\n|rule|Species Clause: Limit one of each Pok\u00e9mon\n|rule|Item Clause: Limit 1 of each item\n|clearpoke\n|poke|p1|Froslass, L50, F|\n|poke|p1|Greninja, L50, M|\n|poke|p1|Volcarona, L50, F|\n|poke|p1|Aegislash, L50, M|\n|poke|p1|Garchomp, L50, M|\n|poke|p1|Rotom-Frost, L50|\n|poke|p2|Charizard, L50, F|\n|poke|p2|Garchomp, L50, F|\n|poke|p2|Rotom-Wash, L50|\n|poke|p2|Incineroar, L50, M|\n|poke|p2|Sneasler, L50, F|\n|poke|p2|Whimsicott, L50, F|\n|teampreview|4\n|inactive|Battle timer is ON: inactive players will automatically lose when time's up. (requested by CN-Vedmon)\n|inactive|faric has 60 seconds left.\n|\n|t:|1776583394\n|teamsize|p1|4\n|teamsize|p2|4\n|start\n|switch|p1a: Froslass|Froslass, L50, F|100/100\n|switch|p1b: Greninja|Greninja, L50, M|100/100\n|switch|p2a: Charizard|Charizard, L50, F|100/100\n|switch|p2b: Whimsicott|Whimsicott, L50, F|100/100\n|turn|1\n|inactive|CN-Vedmon has 30 seconds left.\n|inactive|CN-Vedmon has 20 seconds left.\n|\n|t:|1776583433\n|move|p2b: Whimsicott|Protect|p2b: Whimsicott\n|-singleturn|p2b: Whimsicott|Protect\n|move|p1b: Greninja|Protect|p1b: Greninja\n|-start|p1b: Greninja|typechange|Normal|[from] ability: Protean\n|-singleturn|p1b: Greninja|Protect\n|move|p1a: Froslass|Protect|p1a: Froslass\n|-singleturn|p1a: Froslass|Protect\n|move|p2a: Charizard|Protect||[still]\n|-fail|p2a: Charizard\n|\n|upkeep\n|turn|2\n|inactive|CN-Vedmon has 30 seconds left.\n|inactive|faric has 30 seconds left.\n|inactive|CN-Vedmon has 20 seconds left.\n|inactive|CN-Vedmon has 15 seconds left.\n|inactive|faric has 20 seconds left.\n|inactive|CN-Vedmon has 10 seconds left.\n|inactive|faric has 15 seconds left.\n|\n|t:|1776583479\n|switch|p1a: Garchomp|Garchomp, L50, M|100/100\n|detailschange|p2a: Charizard|Charizard-Mega-Y, L50, F\n|-mega|p2a: Charizard|Charizard|Charizardite Y\n|-weather|SunnyDay|[from] ability: Drought|[of] p2a: Charizard\n|move|p2b: Whimsicott|Encore||[still]\n|-fail|p2b: Whimsicott\n|move|p1b: Greninja|Dark Pulse|p2a: Charizard\n|-damage|p2a: Charizard|76/100\n|move|p2a: Charizard|Heat Wave|p1a: Garchomp|[spread] p1a\n|-miss|p2a: Charizard|p1b: Greninja\n|-resisted|p1a: Garchomp|1\n|-damage|p1a: Garchomp|66/100\n|\n|-weather|SunnyDay|[upkeep]\n|upkeep\n|turn|3\n|\n|t:|1776583505\n|switch|p1b: Froslass|Froslass, L50, F|100/100\n|move|p2a: Charizard|Protect|p2a: Charizard\n|-singleturn|p2a: Charizard|Protect\n|move|p2b: Whimsicott|Tailwind|p2b: Whimsicott\n|-sidestart|p2: faric|move: Tailwind\n|move|p1a: Garchomp|Rock Slide|p2a: Charizard|[spread] p2b\n|-activate|p2a: Charizard|move: Protect\n|-damage|p2b: Whimsicott|64/100\n|\n|-weather|SunnyDay|[upkeep]\n|upkeep\n|turn|4\n|\n|t:|1776583523\n|detailschange|p1b: Froslass|Froslass-Mega, L50, F\n|-mega|p1b: Froslass|Froslass|Froslassite\n|-weather|Snowscape|[from] ability: Snow Warning|[of] p1b: Froslass\n|move|p2b: Whimsicott|Moonblast|p1a: Garchomp\n|-supereffective|p1a: Garchomp|1\n|-damage|p1a: Garchomp|0 fnt\n|faint|p1a: Garchomp\n|move|p2a: Charizard|Heat Wave|p1b: Froslass\n|-supereffective|p1b: Froslass|1\n|-damage|p1b: Froslass|0 fnt\n|faint|p1b: Froslass\n|\n|-weather|Snowscape|[upkeep]\n|upkeep\n|inactive|CN-Vedmon has 30 seconds left.\n|inactive|CN-Vedmon has 20 seconds left.\n|inactive|CN-Vedmon has 15 seconds left.\n|inactive|CN-Vedmon has 10 seconds left.\n|inactive|CN-Vedmon has 5 seconds left.\n|\n|t:|1776583578\n|switch|p1b: Greninja|Greninja, L50, M|100/100\n|switch|p1a: Rotom|Rotom-Frost, L50|100/100\n|turn|5\n|inactive|CN-Vedmon has 30 seconds left.\n|inactive|CN-Vedmon has 20 seconds left.\n|inactive|CN-Vedmon has 15 seconds left.\n|inactive|CN-Vedmon has 10 seconds left.\n|inactive|CN-Vedmon has 5 seconds left.\n|\n|t:|1776583633\n|switch|p2a: Rotom|Rotom-Wash, L50|100/100\n|move|p2b: Whimsicott|Protect|p2b: Whimsicott\n|-singleturn|p2b: Whimsicott|Protect\n|move|p1a: Rotom|Blizzard|p2b: Whimsicott|[spread] p2a\n|-activate|p2b: Whimsicott|move: Protect\n|-resisted|p2a: Rotom|1\n|-damage|p2a: Rotom|79/100\n|move|p1b: Greninja|Blizzard|p2a: Rotom|[spread] p2a\n|-start|p1b: Greninja|typechange|Ice|[from] ability: Protean\n|-activate|p2b: Whimsicott|move: Protect\n|-resisted|p2a: Rotom|1\n|-damage|p2a: Rotom|61/100\n|\n|-weather|Snowscape|[upkeep]\n|-heal|p2a: Rotom|67/100|[from] item: Leftovers\n|upkeep\n|turn|6\n|c|\u2606faric|Just forfeit if you\u2019re gonna waste time dude\n|inactive|CN-Vedmon has 30 seconds left.\n|inactive|faric has 30 seconds left.\n|inactive|CN-Vedmon has 20 seconds left.\n|inactive|faric has 20 seconds left.\n|inactive|CN-Vedmon has 15 seconds left.\n|inactive|CN-Vedmon has 10 seconds left.\n|inactive|CN-Vedmon has 5 seconds left.\n|\n|t:|1776583688\n|switch|p2b: Garchomp|Garchomp, L50, F|100/100\n|move|p1a: Rotom|Blizzard|p2b: Garchomp|[spread] p2a,p2b\n|-resisted|p2a: Rotom|1\n|-supereffective|p2b: Garchomp|2\n|-damage|p2a: Rotom|47/100\n|-damage|p2b: Garchomp|0 fnt\n|-status|p2a: Rotom|frz\n|faint|p2b: Garchomp\n|-curestatus|p2a: Rotom|frz|[msg]\n|move|p2a: Rotom|Volt Switch|p1b: Greninja\n|-damage|p1b: Greninja|46/100\n|\n|t:|1776583699\n|switch|p2a: Charizard|Charizard-Mega-Y, L50, F|76/100|[from] Volt Switch\n|-weather|SunnyDay|[from] ability: Drought|[of] p2a: Charizard\n|move|p1b: Greninja|Blizzard|p2a: Charizard\n|-damage|p2a: Charizard|28/100\n|\n|-weather|SunnyDay|[upkeep]\n|-sideend|p2: faric|move: Tailwind\n|upkeep\n|\n|t:|1776583701\n|switch|p2b: Whimsicott|Whimsicott, L50, F|64/100\n|turn|7\n|inactive|CN-Vedmon has 30 seconds left.\n|inactive|CN-Vedmon has 20 seconds left.\n|inactive|CN-Vedmon has 15 seconds left.\n|j| noahtdiditfirst\n|l| noahtdiditfirst\n|inactive|CN-Vedmon has 10 seconds left.\n|inactive|CN-Vedmon has 5 seconds left.\n|\n|t:|1776583756\n|move|p2a: Charizard|Protect|p2a: Charizard\n|-singleturn|p2a: Charizard|Protect\n|move|p2b: Whimsicott|Tailwind|p2b: Whimsicott\n|-sidestart|p2: faric|move: Tailwind\n|move|p1a: Rotom|Blizzard|p2b: Whimsicott|[spread] p2b\n|-activate|p2a: Charizard|move: Protect\n|-supereffective|p2b: Whimsicott|1\n|-damage|p2b: Whimsicott|0 fnt\n|faint|p2b: Whimsicott\n|move|p1b: Greninja|Blizzard|p2a: Charizard\n|-activate|p2a: Charizard|move: Protect\n|\n|-weather|SunnyDay|[upkeep]\n|upkeep\n|\n|t:|1776583762\n|switch|p2b: Rotom|Rotom-Wash, L50|47/100\n|turn|8\n|inactive|CN-Vedmon has 30 seconds left.\n|inactive|CN-Vedmon has 20 seconds left.\n|inactive|CN-Vedmon has 15 seconds left.\n|inactive|CN-Vedmon has 10 seconds left.\n|inactive|CN-Vedmon has 5 seconds left.\n|\n|t:|1776583817\n|move|p2a: Charizard|Heat Wave|p1a: Rotom|[spread] p1a,p1b\n|-supereffective|p1a: Rotom|1\n|-supereffective|p1b: Greninja|1\n|-damage|p1a: Rotom|0 fnt\n|-damage|p1b: Greninja|0 fnt\n|faint|p1a: Rotom\n|faint|p1b: Greninja\n|\n|win|faric\n|raw|CN-Vedmon's rating: 1378 &rarr; <strong>1354</strong><br />(-24 for losing)\n|raw|faric's rating: 1314 &rarr; <strong>1338</strong><br />(+24 for winning)\n",
  "uploadtime": 1776583827,
  "views": 22,
  "formatid": "gen9championsvgc2026regma",
  "rating": 1338,
  "private": 0,
  "password": null
}