{
  "id": "gen9championsvgc2026regma-2585471907",
  "format": "[Gen 9 Champions] VGC 2026 Reg M-A",
  "players": [
    "siunhanech",
    "campeondelfitness"
  ],
  "log": "|j|\u2606siunhanech\n|j|\u2606campeondelfitness\n|t:|1776349538\n|gametype|doubles\n|player|p1|siunhanech|cynthia-gen4|1276\n|player|p2|campeondelfitness|swimmer|1196\n|gen|9\n|tier|[Gen 9 Champions] VGC 2026 Reg M-A\n|rated|\n|rule|Species Clause: Limit one of each Pok\u00e9mon\n|rule|Item Clause: Limit 1 of each item\n|clearpoke\n|poke|p1|Sneasler, L50, M|\n|poke|p1|Garchomp, L50, M|\n|poke|p1|Rotom-Wash, L50|\n|poke|p1|Talonflame, L50, F|\n|poke|p1|Floette-Eternal, L50, F|\n|poke|p1|Sinistcha, L50|\n|poke|p2|Tyranitar, L50, M|\n|poke|p2|Garchomp, L50, F|\n|poke|p2|Heliolisk, L50, M|\n|poke|p2|Rotom-Heat, L50|\n|poke|p2|Orthworm, L50, F|\n|poke|p2|Aerodactyl, L50, M|\n|teampreview|4\n|inactive|Battle timer is ON: inactive players will automatically lose when time's up. (requested by campeondelfitness)\n|inactive|campeondelfitness has 60 seconds left.\n|\n|t:|1776349579\n|teamsize|p1|4\n|teamsize|p2|4\n|start\n|switch|p1a: Garchomp|Garchomp, L50, M|100/100\n|switch|p1b: Sneasler|Sneasler, L50, M, shiny|100/100\n|switch|p2a: Aerodactyl|Aerodactyl, L50, M|100/100\n|switch|p2b: Orthworm|Orthworm, L50, F|100/100\n|-ability|p2a: Aerodactyl|Unnerve\n|turn|1\n|inactive|campeondelfitness has 30 seconds left.\n|\n|t:|1776349607\n|move|p1b: Sneasler|Fake Out|p2b: Orthworm\n|-resisted|p2b: Orthworm|1\n|-damage|p2b: Orthworm|97/100\n|move|p1a: Garchomp|Rock Slide|p2a: Aerodactyl|[spread] p2a,p2b\n|-supereffective|p2a: Aerodactyl|1\n|-resisted|p2b: Orthworm|1\n|-crit|p2b: Orthworm\n|-damage|p2a: Aerodactyl|26/100\n|-damage|p2b: Orthworm|88/100\n|move|p2a: Aerodactyl|Tailwind|p2a: Aerodactyl\n|-sidestart|p2: campeondelfitness|move: Tailwind\n|cant|p2b: Orthworm|flinch\n|\n|-heal|p2b: Orthworm|94/100|[from] item: Leftovers\n|upkeep\n|turn|2\n|inactive|campeondelfitness has 30 seconds left.\n|\n|t:|1776349643\n|switch|p2a: Tyranitar|Tyranitar, L50, M|100/100\n|-weather|Sandstorm|[from] ability: Sand Stream|[of] p2a: Tyranitar\n|switch|p1b: Rotom|Rotom-Wash, L50|100/100\n|move|p1a: Garchomp|Rock Slide|p2a: Tyranitar|[spread] p2a,p2b\n|-resisted|p2b: Orthworm|1\n|-damage|p2a: Tyranitar|86/100\n|-damage|p2b: Orthworm|88/100\n|move|p2b: Orthworm|Iron Defense|p2b: Orthworm\n|-boost|p2b: Orthworm|def|2\n|\n|-weather|Sandstorm|[upkeep]\n|-damage|p1b: Rotom|95/100|[from] Sandstorm\n|-heal|p2b: Orthworm|94/100|[from] item: Leftovers\n|-heal|p1b: Rotom|100/100|[from] item: Leftovers\n|upkeep\n|turn|3\n|inactive|siunhanech has 30 seconds left.\n|\n|t:|1776349677\n|switch|p1a: Floette|Floette-Eternal, L50, F|100/100\n|move|p2b: Orthworm|Body Press|p1b: Rotom\n|-damage|p1b: Rotom|32/100\n|move|p2a: Tyranitar|Knock Off|p1b: Rotom\n|-damage|p1b: Rotom|0 fnt\n|-enditem|p1b: Rotom|Leftovers|[from] move: Knock Off|[of] p2a: Tyranitar\n|faint|p1b: Rotom\n|\n|-weather|Sandstorm|[upkeep]\n|-damage|p1a: Floette|95/100|[from] Sandstorm\n|-heal|p2b: Orthworm|99/100|[from] item: Leftovers\n|upkeep\n|\n|t:|1776349689\n|switch|p1b: Sneasler|Sneasler, L50, M, shiny|100/100\n|turn|4\n|inactive|campeondelfitness has 30 seconds left.\n|inactive|campeondelfitness has 20 seconds left.\n|inactive|campeondelfitness has 15 seconds left.\n|inactive|campeondelfitness has 10 seconds left.\n|\n|t:|1776349734\n|detailschange|p1a: Floette|Floette-Mega, L50, F\n|-mega|p1a: Floette|Floette|Floettite\n|-ability|p1a: Floette|Fairy Aura\n|move|p1b: Sneasler|Fake Out|p2b: Orthworm\n|-resisted|p2b: Orthworm|1\n|-damage|p2b: Orthworm|98/100\n|cant|p2b: Orthworm|flinch\n|move|p1a: Floette|Calm Mind|p1a: Floette\n|-boost|p1a: Floette|spa|1\n|-boost|p1a: Floette|spd|1\n|move|p2a: Tyranitar|Icy Wind|p1b: Sneasler|[spread] p1a,p1b\n|-damage|p1a: Floette|89/100\n|-damage|p1b: Sneasler|87/100\n|-unboost|p1a: Floette|spe|1\n|-unboost|p1b: Sneasler|spe|1\n|-enditem|p1b: Sneasler|White Herb\n|-clearnegativeboost|p1b: Sneasler|[silent]\n|\n|-weather|Sandstorm|[upkeep]\n|-damage|p1b: Sneasler|81/100|[from] Sandstorm\n|-damage|p1a: Floette|83/100|[from] Sandstorm\n|-heal|p2b: Orthworm|100/100|[from] item: Leftovers\n|-sideend|p2: campeondelfitness|move: Tailwind\n|upkeep\n|turn|5\n|inactive|campeondelfitness has 30 seconds left.\n|\n|t:|1776349875\n|move|p2a: Tyranitar|Protect|p2a: Tyranitar\n|-singleturn|p2a: Tyranitar|Protect\n|move|p1b: Sneasler|Close Combat|p2b: Orthworm\n|-supereffective|p2b: Orthworm|1\n|-damage|p2b: Orthworm|67/100\n|-unboost|p1b: Sneasler|def|1\n|-unboost|p1b: Sneasler|spd|1\n|move|p1a: Floette|Moonblast|p2b: Orthworm\n|-resisted|p2b: Orthworm|1\n|-damage|p2b: Orthworm|0 fnt\n|faint|p2b: Orthworm\n|\n|-weather|Sandstorm|[upkeep]\n|-damage|p1b: Sneasler|76/100|[from] Sandstorm\n|-damage|p1a: Floette|77/100|[from] Sandstorm\n|upkeep\n|l|\u2606siunhanech\n|inactive|siunhanech disconnected and has a minute to reconnect!\n|player|p1|\n|inactive|campeondelfitness has 30 seconds left.\n|c|\u2606campeondelfitness|?\n|c|\u2606campeondelfitness|?\n|inactive|campeondelfitness has 20 seconds left.\n|inactive|campeondelfitness has 15 seconds left.\n|inactive|campeondelfitness has 10 seconds left.\n|inactive|campeondelfitness has 5 seconds left.\n|\n|t:|1776349947\n|switch|p2b: Aerodactyl|Aerodactyl, L50, M|26/100\n|-ability|p2b: Aerodactyl|Unnerve\n|turn|6\n|inactive|siunhanech has 30 seconds left.\n|inactive|siunhanech has 20 seconds left.\n|inactive|siunhanech has 15 seconds left.\n|inactive|siunhanech has 10 seconds left.\n|inactive|siunhanech has 5 seconds left.\n|-message|siunhanech lost due to inactivity.\n|\n|win|campeondelfitness\n|raw|siunhanech's rating: 1276 &rarr; <strong>1245</strong><br />(-31 for losing)\n|raw|campeondelfitness's rating: 1196 &rarr; <strong>1227</strong><br />(+31 for winning)\n",
  "uploadtime": 1776350008,
  "views": 76,
  "formatid": "gen9championsvgc2026regma",
  "rating": 1227,
  "private": 0,
  "password": null
}