{
  "id": "gen9championsvgc2026regma-2581172755",
  "format": "[Gen 9 Champions] VGC 2026 Reg M-A",
  "players": [
    "Trans Grill",
    "disciple of blahaj"
  ],
  "log": "|j|\u2606Trans Grill\n|j|\u2606disciple of blahaj\n|t:|1775967020\n|gametype|doubles\n|player|p1|Trans Grill|lady|1023\n|player|p2|disciple of blahaj|jacinthe|1066\n|gen|9\n|tier|[Gen 9 Champions] VGC 2026 Reg M-A\n|rated|\n|rule|Species Clause: Limit one of each Pok\u00e9mon\n|rule|Item Clause: Limit 1 of each item\n|clearpoke\n|poke|p1|Vivillon, L50, M|\n|poke|p1|Whimsicott, L50, F|\n|poke|p1|Gyarados, L50, M|\n|poke|p1|Incineroar, L50, M|\n|poke|p1|Aegislash, L50, M|\n|poke|p1|Dragonite, L50, M|\n|poke|p2|Lopunny, L50, M|\n|poke|p2|Aegislash, L50, F|\n|poke|p2|Sylveon, L50, M|\n|poke|p2|Arcanine-Hisui, L50, F|\n|poke|p2|Vanilluxe, L50, M|\n|poke|p2|Rotom-Wash, L50|\n|teampreview|4\n|inactive|Battle timer is ON: inactive players will automatically lose when time's up. (requested by disciple of blahaj)\n|\n|t:|1775967073\n|teamsize|p1|4\n|teamsize|p2|4\n|start\n|switch|p1a: Vivillon|Vivillon, L50, M|100/100\n|switch|p1b: Gyarados|Gyarados, L50, M|100/100\n|switch|p2a: Lopunny|Lopunny, L50, M, shiny|100/100\n|switch|p2b: Arcanine|Arcanine-Hisui, L50, F|100/100\n|-ability|p2b: Arcanine|Intimidate|boost\n|-unboost|p1a: Vivillon|atk|1\n|-unboost|p1b: Gyarados|atk|1\n|-ability|p1b: Gyarados|Intimidate|boost\n|-unboost|p2a: Lopunny|atk|1\n|-unboost|p2b: Arcanine|atk|1\n|turn|1\n|\n|t:|1775967093\n|detailschange|p2a: Lopunny|Lopunny-Mega, L50, M, shiny\n|-mega|p2a: Lopunny|Lopunny|Lopunnite\n|detailschange|p1b: Gyarados|Gyarados-Mega, L50, M\n|-mega|p1b: Gyarados|Gyarados|Gyaradosite\n|-ability|p1b: Gyarados|Mold Breaker\n|move|p1b: Gyarados|Protect|p1b: Gyarados\n|-singleturn|p1b: Gyarados|Protect\n|move|p2a: Lopunny|Fake Out|p1a: Vivillon\n|-damage|p1a: Vivillon|78/100\n|cant|p1a: Vivillon|flinch\n|move|p2b: Arcanine|Rock Slide|p1b: Gyarados|[spread] p1a\n|-activate|p1b: Gyarados|move: Protect\n|-supereffective|p1a: Vivillon|2\n|-enditem|p1a: Vivillon|Charti Berry|[eat]\n|-enditem|p1a: Vivillon|Charti Berry|[weaken]\n|-damage|p1a: Vivillon|17/100\n|\n|upkeep\n|turn|2\n|inactive|Trans Grill has 30 seconds left.\n|inactive|disciple of blahaj has 30 seconds left.\n|\n|t:|1775967120\n|switch|p1a: Incineroar|Incineroar, L50, M|100/100\n|-ability|p1a: Incineroar|Intimidate|boost\n|-fail|p2a: Lopunny|unboost|Attack|[from] ability: Scrappy|[of] p2a: Lopunny\n|-unboost|p2b: Arcanine|atk|1\n|move|p2a: Lopunny|Close Combat|p1b: Gyarados\n|-supereffective|p1b: Gyarados|1\n|-damage|p1b: Gyarados|22/100\n|-unboost|p2a: Lopunny|def|1\n|-unboost|p2a: Lopunny|spd|1\n|move|p2b: Arcanine|Rock Slide|p1a: Incineroar|[spread] p1a,p1b\n|-supereffective|p1a: Incineroar|1\n|-damage|p1a: Incineroar|71/100\n|-damage|p1b: Gyarados|9/100\n|cant|p1b: Gyarados|flinch\n|\n|upkeep\n|turn|3\n|inactive|Trans Grill has 30 seconds left.\n|inactive|disciple of blahaj has 30 seconds left.\n|inactive|Trans Grill has 20 seconds left.\n|inactive|disciple of blahaj has 20 seconds left.\n|\n|t:|1775967158\n|switch|p2a: Rotom|Rotom-Wash, L50|100/100\n|move|p1a: Incineroar|Fake Out|p2a: Rotom\n|-damage|p2a: Rotom|90/100\n|move|p2b: Arcanine|Rock Slide|p1b: Gyarados|[spread] p1b\n|-miss|p2b: Arcanine|p1a: Incineroar\n|-damage|p1b: Gyarados|0 fnt\n|faint|p1b: Gyarados\n|\n|upkeep\n|\n|t:|1775967173\n|switch|p1b: Dragonite|Dragonite, L50, M|100/100\n|turn|4\n|\n|t:|1775967182\n|switch|p1a: Vivillon|Vivillon, L50, M|17/100\n|move|p1b: Dragonite|Earthquake|p2a: Rotom|[spread] p2b\n|-immune|p1a: Vivillon\n|-immune|p2a: Rotom|[from] ability: Levitate\n|-supereffective|p2b: Arcanine|2\n|-enditem|p2b: Arcanine|Focus Sash\n|-damage|p2b: Arcanine|1/100\n|move|p2b: Arcanine|Rock Slide|p1a: Vivillon|[spread] p1a,p1b\n|-supereffective|p1a: Vivillon|2\n|-crit|p1a: Vivillon\n|-supereffective|p1b: Dragonite|1\n|-damage|p1a: Vivillon|0 fnt\n|-damage|p1b: Dragonite|77/100\n|faint|p1a: Vivillon\n|move|p2a: Rotom|Will-O-Wisp|p1b: Dragonite\n|-status|p1b: Dragonite|brn\n|\n|-damage|p1b: Dragonite|71/100 brn|[from] brn\n|upkeep\n|\n|t:|1775967193\n|switch|p1a: Incineroar|Incineroar, L50, M|71/100\n|-ability|p1a: Incineroar|Intimidate|boost\n|-unboost|p2a: Rotom|atk|1\n|-unboost|p2b: Arcanine|atk|1\n|turn|5\n|-message|Trans Grill forfeited.\n|\n|win|disciple of blahaj\n|raw|Trans Grill's rating: 1023 &rarr; <strong>1011</strong><br />(-12 for losing)\n|raw|disciple of blahaj's rating: 1066 &rarr; <strong>1092</strong><br />(+26 for winning)\n|l|\u2606Trans Grill\n|player|p1|\n",
  "uploadtime": 1775967209,
  "views": 14,
  "formatid": "gen9championsvgc2026regma",
  "rating": 1011,
  "private": 0,
  "password": null
}