{
  "id": "gen9championsvgc2026regma-2588709816",
  "format": "[Gen 9 Champions] VGC 2026 Reg M-A",
  "players": [
    "lilyflows",
    "DooDooTheClown"
  ],
  "log": "|j|\u2606lilyflows\n|j|\u2606DooDooTheClown\n|t:|1776660470\n|gametype|doubles\n|player|p1|lilyflows|n|1072\n|player|p2|DooDooTheClown|harlequin|1171\n|gen|9\n|tier|[Gen 9 Champions] VGC 2026 Reg M-A\n|rated|\n|rule|Species Clause: Limit one of each Pok\u00e9mon\n|rule|Item Clause: Limit 1 of each item\n|clearpoke\n|poke|p1|Glimmora, L50, M|\n|poke|p1|Altaria, L50, M|\n|poke|p1|Milotic, L50, M|\n|poke|p1|Garchomp, L50, F|\n|poke|p1|Kingambit, L50, M|\n|poke|p1|Sinistcha, L50|\n|poke|p2|Farigiraf, L50, F|\n|poke|p2|Kingambit, L50, M|\n|poke|p2|Dragapult, L50, M|\n|poke|p2|Incineroar, L50, M|\n|poke|p2|Drampa, L50, M|\n|poke|p2|Scovillain, L50, M|\n|teampreview|4\n|inactive|Battle timer is ON: inactive players will automatically lose when time's up. (requested by lilyflows)\n|inactive|DooDooTheClown has 60 seconds left.\n|\n|t:|1776660506\n|teamsize|p1|4\n|teamsize|p2|4\n|start\n|switch|p1a: Kingambit|Kingambit, L50, M|100/100\n|switch|p1b: Glimmora|Glimmora, L50, M|100/100\n|switch|p2a: Farigiraf|Farigiraf, L50, F|100/100\n|switch|p2b: Incineroar|Incineroar, L50, M|100/100\n|-ability|p2b: Incineroar|Intimidate|boost\n|-unboost|p1a: Kingambit|atk|1\n|-ability|p1a: Kingambit|Defiant|boost\n|-boost|p1a: Kingambit|atk|2\n|-unboost|p1b: Glimmora|atk|1\n|turn|1\n|\n|t:|1776660530\n|detailschange|p1b: Glimmora|Glimmora-Mega, L50, M\n|-mega|p1b: Glimmora|Glimmora|Glimmoranite\n|move|p2b: Incineroar|Fake Out|p1a: Kingambit\n|-resisted|p1a: Kingambit|1\n|-damage|p1a: Kingambit|95/100\n|move|p1b: Glimmora|Power Gem|p2a: Farigiraf\n|-damage|p2a: Farigiraf|45/100\n|cant|p1a: Kingambit|flinch\n|move|p2a: Farigiraf|Trick Room|p2a: Farigiraf\n|-fieldstart|move: Trick Room|[of] p2a: Farigiraf\n|\n|upkeep\n|turn|2\n|\n|t:|1776660554\n|switch|p1a: Milotic|Milotic, L50, M|100/100\n|move|p2a: Farigiraf|Protect|p2a: Farigiraf\n|-singleturn|p2a: Farigiraf|Protect\n|move|p2b: Incineroar|Parting Shot|p1b: Glimmora\n|-unboost|p1b: Glimmora|atk|1\n|-unboost|p1b: Glimmora|spa|1\n|\n|t:|1776660568\n|switch|p2b: Scovillain|Scovillain, L50, M|100/100|[from] Parting Shot\n|move|p1b: Glimmora|Sludge Wave|p2a: Farigiraf|[spread] p1a,p2b\n|-activate|p2a: Farigiraf|move: Protect\n|-supereffective|p2b: Scovillain|1\n|-damage|p1a: Milotic|74/100\n|-damage|p2b: Scovillain|21/100\n|\n|-heal|p1a: Milotic|80/100|[from] item: Leftovers\n|-ability|p2b: Scovillain|Moody|boost\n|-boost|p2b: Scovillain|spd|2\n|-unboost|p2b: Scovillain|def|1\n|upkeep\n|turn|3\n|inactive|lilyflows has 30 seconds left.\n|inactive|DooDooTheClown has 30 seconds left.\n|\n|t:|1776660600\n|switch|p1b: Sinistcha|Sinistcha, L50|100/100\n|-heal|p1a: Milotic|100/100|[from] ability: Hospitality|[of] p1b: Sinistcha\n|move|p2b: Scovillain|Protect|p2b: Scovillain\n|-singleturn|p2b: Scovillain|Protect\n|move|p2a: Farigiraf|Psychic Noise|p1a: Milotic\n|-damage|p1a: Milotic|79/100\n|-start|p1a: Milotic|move: Heal Block\n|move|p1a: Milotic|Scald|p2b: Scovillain\n|-activate|p2b: Scovillain|move: Protect\n|\n|-ability|p2b: Scovillain|Moody|boost\n|-boost|p2b: Scovillain|spd|2\n|-unboost|p2b: Scovillain|spa|1\n|upkeep\n|turn|4\n|inactive|DooDooTheClown has 30 seconds left.\n|\n|t:|1776660627\n|switch|p2a: Dragapult|Dragapult, L50, M|100/100\n|detailschange|p2b: Scovillain|Scovillain-Mega, L50, M\n|-mega|p2b: Scovillain|Scovillain|Scovillainite\n|move|p2b: Scovillain|Spicy Extract|p2a: Dragapult\n|-fail|p2a: Dragapult|unboost|[from] ability: Clear Body|[of] p2a: Dragapult\n|-boost|p2a: Dragapult|atk|2\n|move|p1b: Sinistcha|Night Shade|p2b: Scovillain\n|-damage|p2b: Scovillain|0 fnt\n|-status|p1b: Sinistcha|brn|[from] ability: Spicy Spray|[of] p2b: Scovillain\n|faint|p2b: Scovillain\n|move|p1a: Milotic|Scald|p2a: Dragapult\n|-resisted|p2a: Dragapult|1\n|-crit|p2a: Dragapult\n|-damage|p2a: Dragapult|73/100\n|\n|-damage|p1b: Sinistcha|95/100 brn|[from] brn\n|-end|p1a: Milotic|move: Heal Block\n|upkeep\n|\n|t:|1776660647\n|switch|p2b: Incineroar|Incineroar, L50, M|100/100\n|-ability|p2b: Incineroar|Intimidate|boost\n|-unboost|p1a: Milotic|atk|1\n|-ability|p1a: Milotic|Competitive|boost\n|-boost|p1a: Milotic|spa|2\n|-unboost|p1b: Sinistcha|atk|1\n|turn|5\n|\n|t:|1776660669\n|move|p2a: Dragapult|Protect|p2a: Dragapult\n|-singleturn|p2a: Dragapult|Protect\n|move|p2b: Incineroar|Fake Out|p1a: Milotic\n|-damage|p1a: Milotic|70/100\n|move|p1b: Sinistcha|Night Shade|p2a: Dragapult\n|-activate|p2a: Dragapult|move: Protect\n|cant|p1a: Milotic|flinch\n|\n|-heal|p1a: Milotic|76/100|[from] item: Leftovers\n|-damage|p1b: Sinistcha|89/100 brn|[from] brn\n|-fieldend|move: Trick Room\n|upkeep\n|turn|6\n|inactive|DooDooTheClown has 30 seconds left.\n|\n|t:|1776660697\n|move|p1b: Sinistcha|Protect|p1b: Sinistcha\n|-singleturn|p1b: Sinistcha|Protect\n|move|p2b: Incineroar|Protect|p2b: Incineroar\n|-singleturn|p2b: Incineroar|Protect\n|move|p2a: Dragapult|Phantom Force||[still]\n|-prepare|p2a: Dragapult|Phantom Force\n|move|p1a: Milotic|Alluring Voice|p2a: Dragapult|[miss]\n|-miss|p1a: Milotic|p2a: Dragapult\n|\n|-heal|p1a: Milotic|82/100|[from] item: Leftovers\n|-damage|p1b: Sinistcha|83/100 brn|[from] brn\n|upkeep\n|turn|7\n|\n|t:|1776660714\n|switch|p1b: Kingambit|Kingambit, L50, M|95/100\n|move|p1a: Milotic|Protect|p1a: Milotic\n|-singleturn|p1a: Milotic|Protect\n|move|p2a: Dragapult|Phantom Force|p1a: Milotic|[from] lockedmove\n|-activate|p1a: Milotic|move: Phantom Force|[broken]\n|-damage|p1a: Milotic|18/100\n|move|p2b: Incineroar|Throat Chop|p1b: Kingambit\n|-resisted|p1b: Kingambit|1\n|-damage|p1b: Kingambit|80/100\n|-start|p1b: Kingambit|Throat Chop|[silent]\n|\n|-heal|p1a: Milotic|24/100|[from] item: Leftovers\n|upkeep\n|turn|8\n|inactive|DooDooTheClown has 30 seconds left.\n|inactive|DooDooTheClown has 20 seconds left.\n|inactive|DooDooTheClown has 15 seconds left.\n|inactive|DooDooTheClown has 10 seconds left.\n|inactive|DooDooTheClown has 5 seconds left.\n|\n|t:|1776660765\n|switch|p2b: Farigiraf|Farigiraf, L50, F|45/100\n|move|p1b: Kingambit|Sucker Punch||[still]\n|cant|p2b: Farigiraf|ability: Armor Tail|Sucker Punch|[of] p1b: Kingambit\n|move|p2a: Dragapult|Dragon Darts|p1a: Milotic\n|-damage|p1a: Milotic|0 fnt\n|-anim|p2a: Dragapult|Dragon Darts|p1b: Kingambit\n|-resisted|p1b: Kingambit|1\n|-damage|p1b: Kingambit|58/100\n|faint|p1a: Milotic\n|\n|-end|p1b: Kingambit|Throat Chop|[silent]\n|upkeep\n|\n|t:|1776660777\n|switch|p1a: Sinistcha|Sinistcha, L50|83/100 brn\n|-heal|p1b: Kingambit|82/100|[from] ability: Hospitality|[of] p1a: Sinistcha\n|turn|9\n|\n|t:|1776660797\n|move|p2b: Farigiraf|Protect|p2b: Farigiraf\n|-singleturn|p2b: Farigiraf|Protect\n|move|p2a: Dragapult|Phantom Force||[still]\n|-prepare|p2a: Dragapult|Phantom Force\n|move|p1b: Kingambit|Kowtow Cleave|p2b: Farigiraf\n|-activate|p2b: Farigiraf|move: Protect\n|move|p1a: Sinistcha|Matcha Gotcha|p2b: Farigiraf|[spread] \n|-miss|p1a: Sinistcha|p2a: Dragapult\n|-activate|p2b: Farigiraf|move: Protect\n|\n|-damage|p1a: Sinistcha|77/100 brn|[from] brn\n|upkeep\n|turn|10\n|\n|t:|1776660816\n|move|p1a: Sinistcha|Protect|p1a: Sinistcha\n|-singleturn|p1a: Sinistcha|Protect\n|move|p2a: Dragapult|Phantom Force|p1a: Sinistcha|[from] lockedmove\n|-activate|p1a: Sinistcha|move: Phantom Force|[broken]\n|-supereffective|p1a: Sinistcha|1\n|-damage|p1a: Sinistcha|0 fnt\n|faint|p1a: Sinistcha\n|move|p1b: Kingambit|Kowtow Cleave|p2a: Dragapult\n|-supereffective|p2a: Dragapult|1\n|-enditem|p2a: Dragapult|Colbur Berry|[eat]\n|-enditem|p2a: Dragapult|Colbur Berry|[weaken]\n|-damage|p2a: Dragapult|0 fnt\n|faint|p2a: Dragapult\n|move|p2b: Farigiraf|Hyper Voice|p1b: Kingambit\n|-resisted|p1b: Kingambit|1\n|-crit|p1b: Kingambit\n|-damage|p1b: Kingambit|53/100\n|\n|upkeep\n|\n|t:|1776660831\n|switch|p2a: Incineroar|Incineroar, L50, M|100/100\n|switch|p1a: Glimmora|Glimmora-Mega, L50, M|100/100\n|-ability|p2a: Incineroar|Intimidate|boost\n|-unboost|p1a: Glimmora|atk|1\n|-unboost|p1b: Kingambit|atk|1\n|-ability|p1b: Kingambit|Defiant|boost\n|-boost|p1b: Kingambit|atk|2\n|turn|11\n|\n|t:|1776660854\n|move|p2a: Incineroar|Fake Out|p1b: Kingambit\n|-resisted|p1b: Kingambit|1\n|-damage|p1b: Kingambit|47/100\n|move|p1a: Glimmora|Sludge Wave|p2b: Farigiraf|[spread] p2a,p2b\n|-immune|p1b: Kingambit\n|-damage|p2a: Incineroar|52/100\n|-damage|p2b: Farigiraf|0 fnt\n|faint|p2b: Farigiraf\n|cant|p1b: Kingambit|flinch\n|\n|upkeep\n|turn|12\n|-message|DooDooTheClown forfeited.\n|\n|win|lilyflows\n|raw|lilyflows's rating: 1072 &rarr; <strong>1109</strong><br />(+37 for winning)\n|raw|DooDooTheClown's rating: 1171 &rarr; <strong>1139</strong><br />(-32 for losing)\n|l|\u2606DooDooTheClown\n|player|p2|\n",
  "uploadtime": 1776660872,
  "views": 9,
  "formatid": "gen9championsvgc2026regma",
  "rating": 1109,
  "private": 0,
  "password": null
}