{
  "id": "gen9championsvgc2026regma-2588556684",
  "format": "[Gen 9 Champions] VGC 2026 Reg M-A",
  "players": [
    "DEEBEEY",
    "lun4rspace"
  ],
  "log": "|j|\u2606DEEBEEY\n|j|\u2606lun4rspace\n|t:|1776644676\n|gametype|doubles\n|player|p1|DEEBEEY|hiker-gen4|1178\n|player|p2|lun4rspace|266|1242\n|gen|9\n|tier|[Gen 9 Champions] VGC 2026 Reg M-A\n|rated|\n|rule|Species Clause: Limit one of each Pok\u00e9mon\n|rule|Item Clause: Limit 1 of each item\n|clearpoke\n|poke|p1|Rhyperior, L50, M|\n|poke|p1|Gengar, L50, M|\n|poke|p1|Reuniclus, L50, M|\n|poke|p1|Milotic, L50, M|\n|poke|p1|Chandelure, L50, F|\n|poke|p1|Dragonite, L50, F|\n|poke|p2|Aerodactyl, L50, M|\n|poke|p2|Basculegion, L50, M|\n|poke|p2|Kommo-o, L50, F|\n|poke|p2|Scizor, L50, F|\n|poke|p2|Scovillain, L50, F|\n|poke|p2|Sneasler, L50, F|\n|teampreview|4\nlun4rspace rejected open team sheets.\n|\n|t:|1776644719\n|teamsize|p1|4\n|teamsize|p2|4\n|start\n|switch|p1a: Gengar|Gengar, L50, M|100/100\n|switch|p1b: Rhyperior|Rhyperior, L50, M|100/100\n|switch|p2a: Scovillain|Scovillain, L50, F|100/100\n|switch|p2b: Basculegion|Basculegion, L50, M|100/100\n|turn|1\n|\n|t:|1776644733\n|detailschange|p2a: Scovillain|Scovillain-Mega, L50, F\n|-mega|p2a: Scovillain|Scovillain|Scovillainite\n|move|p1b: Rhyperior|Protect|p1b: Rhyperior\n|-singleturn|p1b: Rhyperior|Protect\n|move|p2a: Scovillain|Rage Powder|p2a: Scovillain\n|-singleturn|p2a: Scovillain|move: Rage Powder\n|move|p1a: Gengar|Shadow Ball|p2a: Scovillain\n|-crit|p2a: Scovillain\n|-damage|p2a: Scovillain|32/100\n|-status|p1a: Gengar|brn|[from] ability: Spicy Spray|[of] p2a: Scovillain\n|move|p2b: Basculegion|Wave Crash|p1b: Rhyperior\n|-activate|p1b: Rhyperior|move: Protect\n|\n|-damage|p1a: Gengar|95/100 brn|[from] brn\n|upkeep\n|turn|2\n|\n|t:|1776644752\n|switch|p1b: Reuniclus|Reuniclus, L50, M|100/100\n|move|p2a: Scovillain|Rage Powder|p2a: Scovillain\n|-singleturn|p2a: Scovillain|move: Rage Powder\n|move|p1a: Gengar|Shadow Ball|p2a: Scovillain\n|-damage|p2a: Scovillain|0 fnt\n|faint|p2a: Scovillain\n|move|p2b: Basculegion|Wave Crash|p1b: Reuniclus\n|-damage|p1b: Reuniclus|21/100\n|-damage|p2b: Basculegion|76/100|[from] Recoil\n|\n|-damage|p1a: Gengar|89/100 brn|[from] brn\n|upkeep\n|\n|t:|1776644765\n|switch|p2a: Sneasler|Sneasler, L50, F|100/100\n|turn|3\n|\n|t:|1776644791\n|move|p2a: Sneasler|Fake Out|p1b: Reuniclus\n|-damage|p1b: Reuniclus|7/100\n|move|p1a: Gengar|Shadow Ball|p2b: Basculegion\n|-supereffective|p2b: Basculegion|1\n|-damage|p2b: Basculegion|0 fnt\n|faint|p2b: Basculegion\n|cant|p1b: Reuniclus|flinch\n|\n|-damage|p1a: Gengar|83/100 brn|[from] brn\n|upkeep\n|\n|t:|1776644804\n|switch|p2b: Scizor|Scizor, L50, F|100/100\n|turn|4\n|\n|t:|1776644822\n|move|p1b: Reuniclus|Protect|p1b: Reuniclus\n|-singleturn|p1b: Reuniclus|Protect\n|move|p2b: Scizor|Bullet Punch|p1a: Gengar\n|-damage|p1a: Gengar|1/100 brn\n|-start|p2b: Scizor|Disable|Bullet Punch|[from] ability: Cursed Body|[of] p1a: Gengar\n|move|p1a: Gengar|Shadow Ball|p2a: Sneasler\n|-damage|p2a: Sneasler|45/100\n|move|p2a: Sneasler|Dire Claw|p1a: Gengar\n|-resisted|p1a: Gengar|2\n|-damage|p1a: Gengar|0 fnt\n|faint|p1a: Gengar\n|\n|upkeep\n|\n|t:|1776644838\n|switch|p1a: Rhyperior|Rhyperior, L50, M|100/100\n|turn|5\n|\n|t:|1776644858\n|move|p2b: Scizor|Protect|p2b: Scizor\n|-singleturn|p2b: Scizor|Protect\n|move|p1a: Rhyperior|Protect|p1a: Rhyperior\n|-singleturn|p1a: Rhyperior|Protect\n|move|p2a: Sneasler|Close Combat|p1a: Rhyperior\n|-activate|p1a: Rhyperior|move: Protect\n|move|p1b: Reuniclus|Trick Room|p1b: Reuniclus\n|-fieldstart|move: Trick Room|[of] p1b: Reuniclus\n|\n|upkeep\n|turn|6\n|\n|t:|1776644873\n|move|p2a: Sneasler|Protect|p2a: Sneasler\n|-singleturn|p2a: Sneasler|Protect\n|move|p1b: Reuniclus|Rock Slide|p2a: Sneasler|[spread] p2b\n|-activate|p2a: Sneasler|move: Protect\n|-damage|p2b: Scizor|91/100\n|move|p1a: Rhyperior|Rock Slide|p2a: Sneasler|[spread] p2b\n|-activate|p2a: Sneasler|move: Protect\n|-damage|p2b: Scizor|53/100\n|cant|p2b: Scizor|flinch\n|\n|upkeep\n|turn|7\n|\n|t:|1776644888\n|move|p1b: Reuniclus|Rock Slide|p2a: Sneasler|[spread] p2a,p2b\n|-resisted|p2a: Sneasler|1\n|-damage|p2a: Sneasler|37/100\n|-damage|p2b: Scizor|43/100\n|move|p1a: Rhyperior|Rock Slide|p2b: Scizor|[spread] p2a,p2b\n|-resisted|p2a: Sneasler|1\n|-damage|p2a: Sneasler|4/100\n|-damage|p2b: Scizor|0 fnt\n|faint|p2b: Scizor\n|cant|p2a: Sneasler|flinch\n|\n|upkeep\n|turn|8\n|\n|t:|1776644901\n|move|p1b: Reuniclus|Recover|p1b: Reuniclus\n|-heal|p1b: Reuniclus|57/100\n|move|p1a: Rhyperior|Iron Head|p2a: Sneasler\n|-damage|p2a: Sneasler|0 fnt\n|faint|p2a: Sneasler\n|\n|win|DEEBEEY\n|raw|DEEBEEY's rating: 1178 &rarr; <strong>1208</strong><br />(+30 for winning)\n|raw|lun4rspace's rating: 1242 &rarr; <strong>1212</strong><br />(-30 for losing)\n",
  "uploadtime": 1776644902,
  "views": 14,
  "formatid": "gen9championsvgc2026regma",
  "rating": 1208,
  "private": 0,
  "password": null
}