{
  "id": "gen9championsvgc2026regma-2583220384",
  "format": "[Gen 9 Champions] VGC 2026 Reg M-A",
  "players": [
    "k3ksmann",
    "AlmondsVGC"
  ],
  "log": "|j|\u2606k3ksmann\n|j|\u2606AlmondsVGC\n|html|<table width=\"100%\"><tr><td align=\"left\">k3ksmann</td><td align=\"right\">AlmondsVGC</tr><tr><td align=\"left\"><i class=\"fa fa-circle-o\"></i> <i class=\"fa fa-circle-o\"></i> </td><td align=\"right\"><i class=\"fa fa-circle-o\"></i> <i class=\"fa fa-circle\"></i> </tr></table>\n|uhtml|bestof|<h2><strong>Game 2</strong> of <a href=\"/game-bestof3-gen9championsvgc2026regma-2583217216\">a best-of-3</a></h2>\n|t:|1776156236\n|gametype|doubles\n|player|p1|k3ksmann|whitney|\n|player|p2|AlmondsVGC|1|\n|gen|9\n|tier|[Gen 9 Champions] VGC 2026 Reg M-A\n|rule|Species Clause: Limit one of each Pok\u00e9mon\n|rule|Item Clause: Limit 1 of each item\n|raw|<div class=\"infobox\"><details class=\"readmore\" open><summary><strong>1 custom rule:</strong></summary> Best of = 3</details></div>\n|clearpoke\n|poke|p1|Delphox, L50, M|\n|poke|p1|Tinkaton, L50, F|\n|poke|p1|Araquanid, L50, F|\n|poke|p1|Garchomp, L50, F|\n|poke|p1|Aerodactyl, L50, M|\n|poke|p1|Pangoro, L50, F|\n|poke|p2|Gengar, L50, F|\n|poke|p2|Hydreigon, L50, F|\n|poke|p2|Primarina, L50, M|\n|poke|p2|Incineroar, L50, F|\n|poke|p2|Snorlax, L50, F|\n|poke|p2|Farigiraf, L50, F|\n|teampreview|4\nk3ksmann rejected open team sheets.\n|c|\u2606k3ksmann|oh i kinda missed the destiny bond, whoops\n|\n|t:|1776156303\n|teamsize|p1|4\n|teamsize|p2|4\n|start\n|switch|p1a: Delphox|Delphox, L50, M|100/100\n|switch|p1b: Tinkaton|Tinkaton, L50, F|100/100\n|switch|p2a: Incineroar|Incineroar, L50, F|100/100\n|switch|p2b: Gengar|Gengar, L50, F|100/100\n|-ability|p1b: Tinkaton|Mold Breaker\n|-ability|p2a: Incineroar|Intimidate|boost\n|-unboost|p1a: Delphox|atk|1\n|-unboost|p1b: Tinkaton|atk|1\n|turn|1\n|\n|t:|1776156318\n|switch|p2b: Hydreigon|Hydreigon, L50, F|100/100\n|switch|p2a: Primarina|Primarina, L50, M|100/100\n|detailschange|p1a: Delphox|Delphox-Mega, L50, M\n|-mega|p1a: Delphox|Delphox|Delphoxite\n|move|p1b: Tinkaton|Fake Out|p2a: Primarina\n|-crit|p2a: Primarina\n|-damage|p2a: Primarina|81/100\n|move|p1a: Delphox|Psyshock|p2b: Hydreigon\n|-immune|p2b: Hydreigon\n|\n|upkeep\n|turn|2\n|\n|t:|1776156336\n|switch|p2b: Incineroar|Incineroar, L50, F|100/100\n|-ability|p2b: Incineroar|Intimidate|boost\n|-unboost|p1a: Delphox|atk|1\n|-unboost|p1b: Tinkaton|atk|1\n|move|p1a: Delphox|Dazzling Gleam|p2a: Primarina|[spread] p2a,p2b\n|-damage|p2a: Primarina|61/100\n|-damage|p2b: Incineroar|77/100\n|move|p1b: Tinkaton|Gigaton Hammer|p2a: Primarina\n|-damage|p2a: Primarina|17/100\n|move|p2a: Primarina|Hyper Voice|p1a: Delphox|[spread] p1a,p1b\n|-supereffective|p1a: Delphox|1\n|-damage|p1a: Delphox|14/100\n|-damage|p1b: Tinkaton|61/100\n|\n|upkeep\n|turn|3\n|\n|t:|1776156357\n|move|p1a: Delphox|Protect|p1a: Delphox\n|-singleturn|p1a: Delphox|Protect\n|move|p1b: Tinkaton|Play Rough|p2a: Primarina|[miss]\n|-miss|p1b: Tinkaton|p2a: Primarina\n|move|p2a: Primarina|Hyper Voice|p1a: Delphox|[spread] p1b\n|-activate|p1a: Delphox|move: Protect\n|-damage|p1b: Tinkaton|17/100\n|move|p2b: Incineroar|Will-O-Wisp|p1b: Tinkaton\n|-status|p1b: Tinkaton|brn\n|\n|-damage|p1b: Tinkaton|11/100 brn|[from] brn\n|upkeep\n|turn|4\n|\n|t:|1776156394\n|move|p1a: Delphox|Scorching Sands|p2b: Incineroar\n|-supereffective|p2b: Incineroar|1\n|-enditem|p2b: Incineroar|Shuca Berry|[eat]\n|-enditem|p2b: Incineroar|Shuca Berry|[weaken]\n|-damage|p2b: Incineroar|47/100\n|move|p1b: Tinkaton|Play Rough|p2a: Primarina\n|-damage|p2a: Primarina|5/100\n|move|p2a: Primarina|Hyper Voice|p1a: Delphox|[spread] p1a,p1b\n|-supereffective|p1a: Delphox|1\n|-damage|p1a: Delphox|0 fnt\n|-damage|p1b: Tinkaton|0 fnt\n|faint|p1a: Delphox\n|faint|p1b: Tinkaton\n|move|p2b: Incineroar|Parting Shot|p1: Delphox|[notarget]\n|-fail|p2b: Incineroar\n|\n|upkeep\n|\n|t:|1776156401\n|switch|p1a: Araquanid|Araquanid, L50, F|100/100\n|switch|p1b: Pangoro|Pangoro, L50, F|100/100\n|turn|5\n|\n|t:|1776156452\n|move|p1b: Pangoro|Darkest Lariat|p2a: Primarina\n|-resisted|p2a: Primarina|1\n|-damage|p2a: Primarina|0 fnt\n|faint|p2a: Primarina\n|move|p2b: Incineroar|Parting Shot|p1a: Araquanid\n|-unboost|p1a: Araquanid|atk|1\n|-unboost|p1a: Araquanid|spa|1\n|\n|t:|1776156459\n|switch|p2b: Hydreigon|Hydreigon, L50, F|100/100|[from] Parting Shot\n|move|p1a: Araquanid|Liquidation|p2b: Hydreigon\n|-resisted|p2b: Hydreigon|1\n|-damage|p2b: Hydreigon|69/100\n|\n|upkeep\n|\n|t:|1776156468\n|switch|p2a: Incineroar|Incineroar, L50, F|47/100\n|-ability|p2a: Incineroar|Intimidate|boost\n|-unboost|p1a: Araquanid|atk|1\n|-fail|p1b: Pangoro|unboost|Attack|[from] ability: Scrappy|[of] p1b: Pangoro\n|turn|6\n|\n|t:|1776156508\n|move|p2a: Incineroar|Fake Out|p1b: Pangoro\n|-damage|p1b: Pangoro|87/100\n|move|p2b: Hydreigon|Head Smash|p1a: Araquanid|[miss]\n|-miss|p2b: Hydreigon|p1a: Araquanid\n|cant|p1b: Pangoro|flinch\n|move|p1a: Araquanid|Lunge|p2b: Hydreigon\n|-supereffective|p2b: Hydreigon|1\n|-damage|p2b: Hydreigon|33/100\n|-unboost|p2b: Hydreigon|atk|1\n|\n|upkeep\n|turn|7\n|\n|t:|1776156533\n|switch|p2b: Gengar|Gengar, L50, F|100/100\n|move|p1a: Araquanid|Protect|p1a: Araquanid\n|-singleturn|p1a: Araquanid|Protect\n|move|p1b: Pangoro|Darkest Lariat|p2b: Gengar\n|-supereffective|p2b: Gengar|1\n|-damage|p2b: Gengar|0 fnt\n|faint|p2b: Gengar\n|move|p2a: Incineroar|Will-O-Wisp|p1b: Pangoro|[miss]\n|-miss|p2a: Incineroar|p1b: Pangoro\n|\n|upkeep\n|\n|t:|1776156540\n|switch|p2b: Hydreigon|Hydreigon, L50, F|33/100\n|turn|8\n|\n|t:|1776156551\n|move|p2b: Hydreigon|Draco Meteor|p1b: Pangoro\n|-damage|p1b: Pangoro|8/100\n|-unboost|p2b: Hydreigon|spa|2\n|move|p1b: Pangoro|Darkest Lariat|p2b: Hydreigon\n|-resisted|p2b: Hydreigon|1\n|-damage|p2b: Hydreigon|6/100\n|move|p2a: Incineroar|Darkest Lariat|p1a: Araquanid\n|-damage|p1a: Araquanid|59/100\n|move|p1a: Araquanid|Liquidation|p2a: Incineroar\n|-supereffective|p2a: Incineroar|1\n|-damage|p2a: Incineroar|0 fnt\n|faint|p2a: Incineroar\n|\n|upkeep\n|turn|9\n|\n|t:|1776156561\n|move|p2b: Hydreigon|Draco Meteor|p1b: Pangoro\n|-damage|p1b: Pangoro|0 fnt\n|-unboost|p2b: Hydreigon|spa|2\n|faint|p1b: Pangoro\n|move|p1a: Araquanid|Lunge|p2b: Hydreigon\n|-supereffective|p2b: Hydreigon|1\n|-damage|p2b: Hydreigon|0 fnt\n|faint|p2b: Hydreigon\n|\n|win|k3ksmann\n||k3ksmann is ready for game 3.\n||AlmondsVGC is ready for game 3.\n|uhtml|next|Next: <a href=\"/battle-gen9championsvgc2026regma-2583223428\"><strong>Game 3 of 3</strong></a>\n",
  "uploadtime": 1776156569,
  "views": 57,
  "formatid": "gen9championsvgc2026regma",
  "rating": null,
  "private": 0,
  "password": null
}