{
  "id": "gen9championsvgc2026regma-2587186326",
  "format": "[Gen 9 Champions] VGC 2026 Reg M-A",
  "players": [
    "fangyusuhe",
    "LieWithin"
  ],
  "log": "|j|\u2606fangyusuhe\n|j|\u2606LieWithin\n|t:|1776506013\n|gametype|doubles\n|player|p1|fangyusuhe|dawn|1509\n|player|p2|LieWithin|1|1477\n|gen|9\n|tier|[Gen 9 Champions] VGC 2026 Reg M-A\n|rated|\n|rule|Species Clause: Limit one of each Pok\u00e9mon\n|rule|Item Clause: Limit 1 of each item\n|clearpoke\n|poke|p1|Floette-Eternal, L50, F|\n|poke|p1|Garchomp, L50, F|\n|poke|p1|Sinistcha, L50|\n|poke|p1|Kingambit, L50, M|\n|poke|p1|Delphox, L50, M|\n|poke|p1|Aerodactyl, L50, M|\n|poke|p2|Incineroar, L50, F|\n|poke|p2|Floette-Eternal, L50, F|\n|poke|p2|Talonflame, L50, F|\n|poke|p2|Garchomp, L50, M|\n|poke|p2|Sinistcha-Masterpiece, L50|\n|poke|p2|Maushold-Four, L50|\n|teampreview|4\n|\n|t:|1776506034\n|teamsize|p1|4\n|teamsize|p2|4\n|start\n|switch|p1a: Floette|Floette-Eternal, L50, F|100/100\n|switch|p1b: Aerodactyl|Aerodactyl, L50, M|100/100\n|switch|p2a: Floette|Floette-Eternal, L50, F|100/100\n|switch|p2b: Incineroar|Incineroar, L50, F|100/100\n|-ability|p1b: Aerodactyl|Unnerve\n|-ability|p2b: Incineroar|Intimidate|boost\n|-unboost|p1a: Floette|atk|1\n|-unboost|p1b: Aerodactyl|atk|1\n|turn|1\n|inactive|Battle timer is ON: inactive players will automatically lose when time's up. (requested by fangyusuhe)\n|inactive|LieWithin also wants the timer to be on.\n|\n|t:|1776506056\n|detailschange|p1a: Floette|Floette-Mega, L50, F\n|-mega|p1a: Floette|Floette|Floettite\n|-ability|p1a: Floette|Fairy Aura\n|detailschange|p2a: Floette|Floette-Mega, L50, F\n|-mega|p2a: Floette|Floette|Floettite\n|-ability|p2a: Floette|Fairy Aura\n|move|p1b: Aerodactyl|Protect|p1b: Aerodactyl\n|-singleturn|p1b: Aerodactyl|Protect\n|move|p2b: Incineroar|Fake Out|p1b: Aerodactyl\n|-activate|p1b: Aerodactyl|move: Protect\n|move|p1a: Floette|Dazzling Gleam|p2a: Floette|[spread] p2a,p2b\n|-damage|p2a: Floette|67/100\n|-damage|p2b: Incineroar|54/100\n|move|p2a: Floette|Calm Mind|p2a: Floette\n|-boost|p2a: Floette|spa|1\n|-boost|p2a: Floette|spd|1\n|\n|upkeep\n|turn|2\n|inactive|LieWithin has 30 seconds left.\n|inactive|LieWithin has 20 seconds left.\n|inactive|LieWithin has 15 seconds left.\n|inactive|LieWithin has 10 seconds left.\n|inactive|LieWithin has 5 seconds left.\n|\n|t:|1776506106\n|switch|p2b: Sinistcha|Sinistcha-Masterpiece, L50|100/100\n|-heal|p2a: Floette|92/100|[from] ability: Hospitality|[of] p2b: Sinistcha\n|move|p1b: Aerodactyl|Rock Slide|p2a: Floette|[spread] p2a,p2b\n|-damage|p2a: Floette|76/100\n|-damage|p2b: Sinistcha|86/100\n|move|p1a: Floette|Dazzling Gleam|p2b: Sinistcha|[spread] p2a,p2b\n|-damage|p2a: Floette|53/100\n|-damage|p2b: Sinistcha|39/100\n|cant|p2a: Floette|flinch\n|\n|-heal|p2b: Sinistcha|45/100|[from] item: Leftovers\n|upkeep\n|turn|3\n|\n|t:|1776506129\n|move|p2a: Floette|Protect|p2a: Floette\n|-singleturn|p2a: Floette|Protect\n|move|p1b: Aerodactyl|Rock Slide|p2a: Floette|[spread] \n|-activate|p2a: Floette|move: Protect\n|-miss|p1b: Aerodactyl|p2b: Sinistcha\n|move|p1a: Floette|Dazzling Gleam|p2b: Sinistcha|[spread] p2b\n|-activate|p2a: Floette|move: Protect\n|-damage|p2b: Sinistcha|0 fnt\n|faint|p2b: Sinistcha\n|\n|upkeep\n|\n|t:|1776506147\n|switch|p2b: Incineroar|Incineroar, L50, F|54/100\n|-ability|p2b: Incineroar|Intimidate|boost\n|-unboost|p1a: Floette|atk|1\n|-unboost|p1b: Aerodactyl|atk|1\n|turn|4\n|inactive|LieWithin has 30 seconds left.\n|\n|t:|1776506172\n|move|p1b: Aerodactyl|Protect|p1b: Aerodactyl\n|-singleturn|p1b: Aerodactyl|Protect\n|move|p1a: Floette|Protect|p1a: Floette\n|-singleturn|p1a: Floette|Protect\n|move|p2b: Incineroar|Fake Out|p1a: Floette\n|-activate|p1a: Floette|move: Protect\n|move|p2a: Floette|Dazzling Gleam|p1b: Aerodactyl|[spread] \n|-activate|p1a: Floette|move: Protect\n|-activate|p1b: Aerodactyl|move: Protect\n|\n|upkeep\n|turn|5\n|\n|t:|1776506184\n|move|p1b: Aerodactyl|Rock Slide|p2a: Floette|[spread] \n|-miss|p1b: Aerodactyl|p2a: Floette\n|-miss|p1b: Aerodactyl|p2b: Incineroar\n|move|p1a: Floette|Dazzling Gleam|p2b: Incineroar|[spread] p2a,p2b\n|-damage|p2a: Floette|31/100\n|-damage|p2b: Incineroar|6/100\n|move|p2a: Floette|Draining Kiss|p1a: Floette\n|-damage|p1a: Floette|51/100\n|-heal|p2a: Floette|62/100|[from] drain|[of] p1a: Floette\n|move|p2b: Incineroar|Parting Shot|p1a: Floette\n|-unboost|p1a: Floette|atk|1\n|-unboost|p1a: Floette|spa|1\n|\n|t:|1776506196\n|switch|p2b: Maushold|Maushold-Four, L50|100/100|[from] Parting Shot\n|\n|upkeep\n|turn|6\n|l|\u2606LieWithin\n|inactive|LieWithin disconnected and has a minute to reconnect!\n|player|p2|\n|inactive|LieWithin has 30 seconds left.\n|inactive|LieWithin has 20 seconds left.\n|inactive|LieWithin has 15 seconds left.\n|inactive|LieWithin has 10 seconds left.\n|inactive|LieWithin has 5 seconds left.\n|-message|LieWithin lost due to inactivity.\n|\n|win|fangyusuhe\n|raw|fangyusuhe's rating: 1488 &rarr; <strong>1507</strong><br />(+19 for winning)\n|raw|LieWithin's rating: 1477 &rarr; <strong>1458</strong><br />(-19 for losing)\n|j| jasonrfry\n|l|\u2606fangyusuhe\n|player|p1|\n|l| jasonrfry\n",
  "uploadtime": 1776506378,
  "views": 44,
  "formatid": "gen9championsvgc2026regma",
  "rating": 1458,
  "private": 0,
  "password": null
}