{
  "id": "gen9championsvgc2026regma-2584080093",
  "format": "[Gen 9 Champions] VGC 2026 Reg M-A",
  "players": [
    "asiar004",
    "DryIceBros"
  ],
  "log": "|j|\u2606asiar004\n|j|\u2606DryIceBros\n|t:|1776223085\n|gametype|doubles\n|player|p1|asiar004|169|1103\n|player|p2|DryIceBros|mars|1198\n|gen|9\n|tier|[Gen 9 Champions] VGC 2026 Reg M-A\n|rated|\n|rule|Species Clause: Limit one of each Pok\u00e9mon\n|rule|Item Clause: Limit 1 of each item\n|clearpoke\n|poke|p1|Floette-Eternal, L50, F|\n|poke|p1|Maushold, L50|\n|poke|p1|Incineroar, L50, M|\n|poke|p1|Garchomp, L50, M|\n|poke|p1|Talonflame, L50, F|\n|poke|p1|Greninja-*, L50, M|\n|poke|p2|Crabominable, L50, F|\n|poke|p2|Slowking-Galar, L50, M|\n|poke|p2|Incineroar, L50, M|\n|poke|p2|Sinistcha, L50|\n|poke|p2|Primarina, L50, M|\n|poke|p2|Kingambit, L50, M|\n|teampreview|4\nDryIceBros has agreed to open team sheets.\n|\n|t:|1776223109\n|teamsize|p1|4\n|teamsize|p2|4\n|start\n|switch|p1a: Incineroar|Incineroar, L50, M|100/100\n|switch|p1b: Talonflame|Talonflame, L50, F|100/100\n|switch|p2a: Incineroar|Incineroar, L50, M|100/100\n|switch|p2b: Slowking|Slowking-Galar, L50, M|100/100\n|-ability|p2a: Incineroar|Intimidate|boost\n|-unboost|p1a: Incineroar|atk|1\n|-unboost|p1b: Talonflame|atk|1\n|-ability|p1a: Incineroar|Intimidate|boost\n|-unboost|p2a: Incineroar|atk|1\n|-unboost|p2b: Slowking|atk|1\n|turn|1\n|\n|t:|1776223127\n|switch|p2b: Primarina|Primarina, L50, M|100/100\n|move|p2a: Incineroar|Fake Out|p1b: Talonflame\n|-damage|p1b: Talonflame|91/100\n|move|p1a: Incineroar|Fake Out|p2a: Incineroar\n|-damage|p2a: Incineroar|92/100\n|cant|p1b: Talonflame|flinch\n|\n|upkeep\n|turn|2\n|\n|t:|1776223146\n|move|p1b: Talonflame|Tailwind|p1b: Talonflame\n|-sidestart|p1: asiar004|move: Tailwind\n|move|p1a: Incineroar|Parting Shot|p2b: Primarina\n|-unboost|p2b: Primarina|atk|1\n|-unboost|p2b: Primarina|spa|1\n|\n|t:|1776223152\n|switch|p1a: Floette|Floette-Eternal, L50, F|100/100|[from] Parting Shot\n|move|p2b: Primarina|Hyper Voice|p1a: Floette|[spread] p1a,p1b\n|-supereffective|p1b: Talonflame|1\n|-damage|p1a: Floette|78/100\n|-damage|p1b: Talonflame|20/100\n|move|p2a: Incineroar|Throat Chop|p1b: Talonflame\n|-damage|p1b: Talonflame|0 fnt\n|faint|p1b: Talonflame\n|\n|upkeep\n|\n|t:|1776223163\n|switch|p1b: Incineroar|Incineroar, L50, M|100/100\n|-ability|p1b: Incineroar|Intimidate|boost\n|-unboost|p2a: Incineroar|atk|1\n|-unboost|p2b: Primarina|atk|1\n|turn|3\n|\n|t:|1776223177\n|switch|p2b: Slowking|Slowking-Galar, L50, M|100/100\n|detailschange|p1a: Floette|Floette-Mega, L50, F\n|-mega|p1a: Floette|Floette|Floettite\n|-ability|p1a: Floette|Fairy Aura\n|move|p1b: Incineroar|Fake Out|p2b: Slowking\n|-damage|p2b: Slowking|87/100\n|move|p1a: Floette|Dazzling Gleam|p2b: Slowking|[spread] p2a,p2b\n|-resisted|p2b: Slowking|1\n|-damage|p2a: Incineroar|56/100\n|-damage|p2b: Slowking|71/100\n|move|p2a: Incineroar|Parting Shot|p1a: Floette\n|-unboost|p1a: Floette|atk|1\n|-unboost|p1a: Floette|spa|1\n|\n|t:|1776223189\n|switch|p2a: Primarina|Primarina, L50, M|100/100|[from] Parting Shot\n|\n|upkeep\n|turn|4\n|\n|t:|1776223201\n|switch|p1a: Garchomp|Garchomp, L50, M|100/100\n|move|p1b: Incineroar|Darkest Lariat|p2b: Slowking\n|-supereffective|p2b: Slowking|1\n|-enditem|p2b: Slowking|Colbur Berry|[eat]\n|-enditem|p2b: Slowking|Colbur Berry|[weaken]\n|-damage|p2b: Slowking|30/100\n|move|p2a: Primarina|Hyper Voice|p1b: Incineroar|[spread] p1a,p1b\n|-supereffective|p1b: Incineroar|1\n|-damage|p1a: Garchomp|61/100\n|-damage|p1b: Incineroar|16/100\n|-enditem|p1b: Incineroar|Sitrus Berry|[eat]\n|-heal|p1b: Incineroar|40/100|[from] item: Sitrus Berry\n|move|p2b: Slowking|Trick Room|p2b: Slowking\n|-fieldstart|move: Trick Room|[of] p2b: Slowking\n|\n|upkeep\n|turn|5\n|\n|t:|1776223234\n|-prepare|p2b: Slowking|Chilly Reception|[premajor]\n|move|p2b: Slowking|Chilly Reception|p2b: Slowking\n|-weather|Snowscape\n|\n|t:|1776223239\n|switch|p2b: Incineroar|Incineroar, L50, M|56/100|[from] Chilly Reception\n|-ability|p2b: Incineroar|Intimidate|boost\n|-unboost|p1a: Garchomp|atk|1\n|-unboost|p1b: Incineroar|atk|1\n|move|p2a: Primarina|Hyper Voice|p1a: Garchomp|[spread] p1a,p1b\n|-supereffective|p1b: Incineroar|1\n|-damage|p1a: Garchomp|22/100\n|-damage|p1b: Incineroar|0 fnt\n|faint|p1b: Incineroar\n|move|p1a: Garchomp|Dragon Claw|p2b: Incineroar\n|-damage|p2b: Incineroar|33/100\n|-enditem|p2b: Incineroar|Sitrus Berry|[eat]\n|-heal|p2b: Incineroar|57/100|[from] item: Sitrus Berry\n|\n|-weather|Snowscape|[upkeep]\n|-sideend|p1: asiar004|move: Tailwind\n|upkeep\n|\n|t:|1776223252\n|switch|p1b: Floette|Floette-Mega, L50, F|78/100\n|-ability|p1b: Floette|Fairy Aura\n|turn|6\n|\n|t:|1776223264\n|move|p2b: Incineroar|Fake Out|p1b: Floette\n|-damage|p1b: Floette|64/100\n|move|p2a: Primarina|Calm Mind|p2a: Primarina\n|-boost|p2a: Primarina|spa|1\n|-boost|p2a: Primarina|spd|1\n|cant|p1b: Floette|flinch\n|move|p1a: Garchomp|Dragon Claw|p2b: Incineroar\n|-damage|p2b: Incineroar|36/100\n|\n|-weather|Snowscape|[upkeep]\n|upkeep\n|turn|7\n|\n|t:|1776223279\n|move|p2b: Incineroar|Flare Blitz|p1b: Floette\n|-damage|p1b: Floette|5/100\n|-damage|p2b: Incineroar|22/100|[from] Recoil\n|move|p2a: Primarina|Hyper Voice|p1a: Garchomp|[spread] p1a,p1b\n|-damage|p1a: Garchomp|0 fnt\n|-damage|p1b: Floette|0 fnt\n|faint|p1a: Garchomp\n|faint|p1b: Floette\n|\n|win|DryIceBros\n|raw|asiar004's rating: 1103 &rarr; <strong>1085</strong><br />(-18 for losing)\n|raw|DryIceBros's rating: 1198 &rarr; <strong>1216</strong><br />(+18 for winning)\n",
  "uploadtime": 1776223288,
  "views": 15,
  "formatid": "gen9championsvgc2026regma",
  "rating": 1085,
  "private": 0,
  "password": null
}