{
  "id": "gen9championsvgc2026regma-2583942119",
  "format": "[Gen 9 Champions] VGC 2026 Reg M-A",
  "players": [
    "smp on whimsicott",
    "onmega34"
  ],
  "log": "|j|\u2606smp on whimsicott\n|j|\u2606onmega34\n|t:|1776210325\n|gametype|doubles\n|player|p1|smp on whimsicott|artist-gen4|1137\n|player|p2|onmega34|waiter-gen4|1138\n|gen|9\n|tier|[Gen 9 Champions] VGC 2026 Reg M-A\n|rated|\n|rule|Species Clause: Limit one of each Pok\u00e9mon\n|rule|Item Clause: Limit 1 of each item\n|clearpoke\n|poke|p1|Floette-Eternal, L50, F|\n|poke|p1|Aegislash, L50, M|\n|poke|p1|Talonflame, L50, M|\n|poke|p1|Basculegion, L50, M|\n|poke|p1|Milotic, L50, F|\n|poke|p1|Garchomp, L50, M|\n|poke|p2|Milotic, L50, F|\n|poke|p2|Incineroar, L50, F|\n|poke|p2|Pelipper, L50, F|\n|poke|p2|Meganium, L50, F|\n|poke|p2|Whimsicott, L50, M|\n|poke|p2|Basculegion, L50, M|\n|teampreview|4\n|inactive|Battle timer is ON: inactive players will automatically lose when time's up. (requested by onmega34)\n|inactive|onmega34 has 60 seconds left.\n|\n|t:|1776210359\n|teamsize|p1|4\n|teamsize|p2|4\n|start\n|switch|p1a: Basculegion|Basculegion, L50, M|100/100\n|switch|p1b: Garchomp|Garchomp, L50, M|100/100\n|switch|p2a: Milotic|Milotic, L50, F|100/100\n|switch|p2b: Incineroar|Incineroar, L50, F|100/100\n|-ability|p2b: Incineroar|Intimidate|boost\n|-unboost|p1a: Basculegion|atk|1\n|-unboost|p1b: Garchomp|atk|1\n|-enditem|p1b: Garchomp|White Herb\n|-clearnegativeboost|p1b: Garchomp|[silent]\n|turn|1\n|\n|t:|1776210383\n|move|p1b: Garchomp|Protect|p1b: Garchomp\n|-singleturn|p1b: Garchomp|Protect\n|move|p2b: Incineroar|Fake Out|p1b: Garchomp\n|-activate|p1b: Garchomp|move: Protect\n|move|p1a: Basculegion|Flip Turn|p2b: Incineroar\n|-supereffective|p2b: Incineroar|1\n|-damage|p2b: Incineroar|49/100\n|-enditem|p2b: Incineroar|Sitrus Berry|[eat]\n|-heal|p2b: Incineroar|74/100|[from] item: Sitrus Berry\n|\n|t:|1776210391\n|switch|p1a: Talonflame|Talonflame, L50, M|100/100|[from] Flip Turn\n|move|p2a: Milotic|Icy Wind|p1b: Garchomp|[spread] p1a\n|-activate|p1b: Garchomp|move: Protect\n|-damage|p1a: Talonflame|83/100\n|-unboost|p1a: Talonflame|spe|1\n|\n|upkeep\n|turn|2\n|inactive|onmega34 has 30 seconds left.\n|\n|t:|1776210425\n|move|p1b: Garchomp|Earthquake|p2a: Milotic|[spread] p2a,p2b\n|-immune|p1a: Talonflame\n|-supereffective|p2b: Incineroar|1\n|-damage|p2a: Milotic|64/100\n|-damage|p2b: Incineroar|0 fnt\n|faint|p2b: Incineroar\n|move|p1a: Talonflame|Tailwind|p1a: Talonflame\n|-sidestart|p1: smp on whimsicott|move: Tailwind\n|move|p2a: Milotic|Icy Wind|p1b: Garchomp|[spread] p1a,p1b\n|-supereffective|p1b: Garchomp|2\n|-damage|p1a: Talonflame|66/100\n|-damage|p1b: Garchomp|61/100\n|-unboost|p1a: Talonflame|spe|1\n|-unboost|p1b: Garchomp|spe|1\n|\n|-heal|p2a: Milotic|70/100|[from] item: Leftovers\n|upkeep\n|\n|t:|1776210434\n|switch|p2b: Meganium|Meganium, L50, F|100/100\n|turn|3\n|\n|t:|1776210454\n|detailschange|p2b: Meganium|Meganium-Mega, L50, F\n|-mega|p2b: Meganium|Meganium|Meganiumite\n|move|p2b: Meganium|Protect|p2b: Meganium\n|-singleturn|p2b: Meganium|Protect\n|move|p1a: Talonflame|Dual Wingbeat|p2b: Meganium\n|-activate|p2b: Meganium|move: Protect\n|move|p1b: Garchomp|Dragon Claw|p2a: Milotic\n|-damage|p2a: Milotic|31/100\n|move|p2a: Milotic|Muddy Water|p1b: Garchomp|[spread] p1a,p1b\n|-supereffective|p1a: Talonflame|1\n|-damage|p1a: Talonflame|0 fnt\n|-damage|p1b: Garchomp|37/100\n|faint|p1a: Talonflame\n|\n|-heal|p2a: Milotic|37/100|[from] item: Leftovers\n|upkeep\n|\n|t:|1776210464\n|switch|p1a: Floette|Floette-Eternal, L50, F|100/100\n|turn|4\n|\n|t:|1776210478\n|detailschange|p1a: Floette|Floette-Mega, L50, F\n|-mega|p1a: Floette|Floette|Floettite\n|-ability|p1a: Floette|Fairy Aura\n|move|p2a: Milotic|Protect|p2a: Milotic\n|-singleturn|p2a: Milotic|Protect\n|move|p1a: Floette|Calm Mind|p1a: Floette\n|-boost|p1a: Floette|spa|1\n|-boost|p1a: Floette|spd|1\n|move|p1b: Garchomp|Dragon Claw|p2a: Milotic\n|-activate|p2a: Milotic|move: Protect\n|move|p2b: Meganium|Solar Beam||[still]\n|-prepare|p2b: Meganium|Solar Beam\n|-activate|p2b: Meganium|ability: Mega Sol\n|-anim|p2b: Meganium|Solar Beam|p1b: Garchomp\n|-damage|p1b: Garchomp|0 fnt\n|faint|p1b: Garchomp\n|\n|-heal|p2a: Milotic|42/100|[from] item: Leftovers\n|upkeep\n|\n|t:|1776210484\n|switch|p1b: Basculegion|Basculegion, L50, M|100/100\n|turn|5\n|\n|t:|1776210506\n|move|p2b: Meganium|Protect|p2b: Meganium\n|-singleturn|p2b: Meganium|Protect\n|move|p1b: Basculegion|Last Respects|p2b: Meganium\n|-activate|p2b: Meganium|move: Protect\n|move|p1a: Floette|Dazzling Gleam|p2a: Milotic|[spread] p2a\n|-activate|p2b: Meganium|move: Protect\n|-damage|p2a: Milotic|0 fnt\n|faint|p2a: Milotic\n|\n|-sideend|p1: smp on whimsicott|move: Tailwind\n|upkeep\n|\n|t:|1776210515\n|switch|p2a: Basculegion|Basculegion, L50, M|100/100\n|turn|6\n|\n|t:|1776210533\n|move|p1a: Floette|Protect|p1a: Floette\n|-singleturn|p1a: Floette|Protect\n|move|p1b: Basculegion|Last Respects|p2a: Basculegion\n|-supereffective|p2a: Basculegion|1\n|-damage|p2a: Basculegion|0 fnt\n|faint|p2a: Basculegion\n|move|p2b: Meganium|Solar Beam||[still]\n|-prepare|p2b: Meganium|Solar Beam\n|-activate|p2b: Meganium|ability: Mega Sol\n|-anim|p2b: Meganium|Solar Beam|p1a: Floette\n|-activate|p1a: Floette|move: Protect\n|\n|upkeep\n|turn|7\n|inactive|onmega34 has 30 seconds left.\n|\n|t:|1776210565\n|move|p1b: Basculegion|Last Respects|p2b: Meganium\n|-damage|p2b: Meganium|18/100\n|move|p1a: Floette|Moonblast|p2b: Meganium\n|-damage|p2b: Meganium|0 fnt\n|faint|p2b: Meganium\n|\n|win|smp on whimsicott\n|raw|smp on whimsicott's rating: 1137 &rarr; <strong>1162</strong><br />(+25 for winning)\n|raw|onmega34's rating: 1138 &rarr; <strong>1113</strong><br />(-25 for losing)\n",
  "uploadtime": 1776210565,
  "views": 15,
  "formatid": "gen9championsvgc2026regma",
  "rating": 1113,
  "private": 0,
  "password": null
}