{
  "id": "gen9championsvgc2026regma-2583788746",
  "format": "[Gen 9 Champions] VGC 2026 Reg M-A",
  "players": [
    "leetlegamer",
    "Isidino"
  ],
  "log": "|j|\u2606leetlegamer\n|j|\u2606Isidino\n|t:|1776197788\n|gametype|doubles\n|player|p1|leetlegamer|preschooler|1258\n|player|p2|Isidino|102|1193\n|gen|9\n|tier|[Gen 9 Champions] VGC 2026 Reg M-A\n|rated|\n|rule|Species Clause: Limit one of each Pok\u00e9mon\n|rule|Item Clause: Limit 1 of each item\n|clearpoke\n|poke|p1|Farigiraf, L50, M|\n|poke|p1|Camerupt, L50, F|\n|poke|p1|Maushold-Four, L50|\n|poke|p1|Sylveon, L50, M|\n|poke|p1|Kingambit, L50, M|\n|poke|p1|Dragonite, L50, F|\n|poke|p2|Pelipper, L50, M|\n|poke|p2|Basculegion-F, L50, F|\n|poke|p2|Starmie, L50|\n|poke|p2|Sneasler, L50, M|\n|poke|p2|Sableye, L50, M|\n|poke|p2|Dragapult, L50, M|\n|teampreview|4\n|inactive|Battle timer is ON: inactive players will automatically lose when time's up. (requested by Isidino)\n|\n|t:|1776197815\n|teamsize|p1|4\n|teamsize|p2|4\n|start\n|switch|p1a: Farigiraf|Farigiraf, L50, M|100/100\n|switch|p1b: Maushold|Maushold-Four, L50|100/100\n|switch|p2a: Pelipper|Pelipper, L50, M|100/100\n|switch|p2b: Basculegion|Basculegion-F, L50, F, shiny|100/100\n|-weather|RainDance|[from] ability: Drizzle|[of] p2a: Pelipper\n|turn|1\n|\n|t:|1776197822\n|move|p1b: Maushold|Follow Me|p1b: Maushold\n|-singleturn|p1b: Maushold|move: Follow Me\n|move|p2b: Basculegion|Muddy Water|p1b: Maushold|[spread] p1a,p1b\n|-damage|p1a: Farigiraf|67/100\n|-damage|p1b: Maushold|44/100\n|-unboost|p1b: Maushold|accuracy|1\n|move|p2a: Pelipper|Weather Ball|p1b: Maushold\n|-damage|p1b: Maushold|0 fnt\n|faint|p1b: Maushold\n|move|p1a: Farigiraf|Trick Room|p1a: Farigiraf\n|-fieldstart|move: Trick Room|[of] p1a: Farigiraf\n|\n|-weather|RainDance|[upkeep]\n|upkeep\n|\n|t:|1776197836\n|switch|p1b: Kingambit|Kingambit, L50, M|100/100\n|turn|2\n|\n|t:|1776197842\n|move|p1b: Kingambit|Kowtow Cleave|p2b: Basculegion\n|-supereffective|p2b: Basculegion|1\n|-damage|p2b: Basculegion|0 fnt\n|faint|p2b: Basculegion\n|move|p1a: Farigiraf|Psychic|p2a: Pelipper\n|-damage|p2a: Pelipper|32/100\n|move|p2a: Pelipper|Weather Ball|p1b: Kingambit\n|-damage|p1b: Kingambit|40/100\n|\n|-weather|RainDance|[upkeep]\n|upkeep\n|\n|t:|1776197856\n|switch|p2b: Starmie|Starmie, L50, shiny|100/100\n|turn|3\n|\n|t:|1776197865\n|move|p2b: Starmie|Protect|p2b: Starmie\n|-singleturn|p2b: Starmie|Protect\n|move|p1b: Kingambit|Kowtow Cleave|p2b: Starmie\n|-activate|p2b: Starmie|move: Protect\n|move|p1a: Farigiraf|Psychic|p2a: Pelipper\n|-damage|p2a: Pelipper|0 fnt\n|faint|p2a: Pelipper\n|\n|-weather|RainDance|[upkeep]\n|upkeep\n|\n|t:|1776197875\n|switch|p2a: Sneasler|Sneasler, L50, M|100/100\n|turn|4\n|\n|t:|1776197892\n|detailschange|p2b: Starmie|Starmie-Mega, L50, shiny\n|-mega|p2b: Starmie|Starmie|Starminite\n|move|p1b: Kingambit|Kowtow Cleave|p2b: Starmie\n|-supereffective|p2b: Starmie|1\n|-damage|p2b: Starmie|2/100\n|move|p1a: Farigiraf|Psychic|p2a: Sneasler\n|-supereffective|p2a: Sneasler|2\n|-damage|p2a: Sneasler|0 fnt\n|faint|p2a: Sneasler\n|move|p2b: Starmie|Liquidation|p1b: Kingambit\n|-damage|p1b: Kingambit|0 fnt\n|faint|p1b: Kingambit\n|\n|-weather|RainDance|[upkeep]\n|upkeep\n|\n|t:|1776197899\n|switch|p1b: Sylveon|Sylveon, L50, M|100/100\n|turn|5\n|\n|t:|1776197906\n|move|p2b: Starmie|Protect|p2b: Starmie\n|-singleturn|p2b: Starmie|Protect\n|move|p1b: Sylveon|Quick Attack|p2b: Starmie\n|-activate|p2b: Starmie|move: Protect\n|move|p1a: Farigiraf|Psychic|p2b: Starmie\n|-activate|p2b: Starmie|move: Protect\n|\n|-weather|none\n|-fieldend|move: Trick Room\n|upkeep\n|turn|6\n|\n|t:|1776197909\n|move|p1b: Sylveon|Quick Attack|p2b: Starmie\n|-damage|p2b: Starmie|0 fnt\n|faint|p2b: Starmie\n|\n|win|leetlegamer\n|raw|leetlegamer's rating: 1258 &rarr; <strong>1278</strong><br />(+20 for winning)\n|raw|Isidino's rating: 1193 &rarr; <strong>1173</strong><br />(-20 for losing)\n",
  "uploadtime": 1776197911,
  "views": 20,
  "formatid": "gen9championsvgc2026regma",
  "rating": 1173,
  "private": 0,
  "password": null
}