{
  "id": "gen9championsvgc2026regma-2583529965",
  "format": "[Gen 9 Champions] VGC 2026 Reg M-A",
  "players": [
    "storm93ita",
    "AphroditeSiren"
  ],
  "log": "|j|\u2606storm93ita\n|j|\u2606AphroditeSiren\n|t:|1776181443\n|gametype|doubles\n|player|p1|storm93ita|volkner|1090\n|player|p2|AphroditeSiren|bellelba|1068\n|gen|9\n|tier|[Gen 9 Champions] VGC 2026 Reg M-A\n|rated|\n|rule|Species Clause: Limit one of each Pok\u00e9mon\n|rule|Item Clause: Limit 1 of each item\n|clearpoke\n|poke|p1|Alakazam, L50, F|\n|poke|p1|Meowstic-F, L50, F|\n|poke|p1|Sinistcha, L50|\n|poke|p1|Corviknight, L50, F|\n|poke|p1|Tyranitar, L50, M|\n|poke|p1|Excadrill, L50, F|\n|poke|p2|Scovillain, L50, M|\n|poke|p2|Maushold-Four, L50|\n|poke|p2|Sinistcha, L50|\n|poke|p2|Ninetales-Alola, L50, M|\n|poke|p2|Incineroar, L50, M|\n|poke|p2|Conkeldurr, L50, F|\n|teampreview|4\n|inactive|Battle timer is ON: inactive players will automatically lose when time's up. (requested by storm93ita)\n|\n|t:|1776181466\n|teamsize|p1|4\n|teamsize|p2|4\n|start\n|switch|p1a: Alakazam|Alakazam, L50, F|100/100\n|switch|p1b: Meowstic|Meowstic-F, L50, F|100/100\n|switch|p2a: Conkeldurr|Conkeldurr, L50, F|100/100\n|switch|p2b: Scovillain|Scovillain, L50, M|100/100\n|turn|1\n|inactive|storm93ita has 30 seconds left.\n|\n|t:|1776181495\n|detailschange|p1a: Alakazam|Alakazam-Mega, L50, F\n|-mega|p1a: Alakazam|Alakazam|Alakazite\n|-ability|p1a: Alakazam|Moody|Trace|[from] ability: Trace|[of] p2b: Scovillain\n|detailschange|p2b: Scovillain|Scovillain-Mega, L50, M\n|-mega|p2b: Scovillain|Scovillain|Scovillainite\n|move|p1a: Alakazam|Protect|p1a: Alakazam\n|-singleturn|p1a: Alakazam|Protect\n|move|p2b: Scovillain|Rage Powder|p2b: Scovillain\n|-singleturn|p2b: Scovillain|move: Rage Powder\n|move|p1b: Meowstic|Psychic Terrain|p1b: Meowstic\n|-fieldstart|move: Psychic Terrain\n|move|p2a: Conkeldurr|Grass Knot|p2b: Scovillain\n|-resisted|p2b: Scovillain|2\n|-damage|p2b: Scovillain|99/100\n|-status|p2a: Conkeldurr|brn|[from] ability: Spicy Spray|[of] p2b: Scovillain\n|\n|-damage|p2a: Conkeldurr|94/100 brn|[from] brn\n|-ability|p1a: Alakazam|Moody|boost\n|-boost|p1a: Alakazam|atk|2\n|-unboost|p1a: Alakazam|spe|1\n|upkeep\n|turn|2\n|inactive|storm93ita has 30 seconds left.\n|\n|t:|1776181522\n|switch|p2b: Sinistcha|Sinistcha, L50|100/100\n|-heal|p2a: Conkeldurr|100/100 brn|[from] ability: Hospitality|[of] p2b: Sinistcha\n|switch|p2a: Incineroar|Incineroar, L50, M|100/100\n|-ability|p2a: Incineroar|Intimidate|boost\n|-unboost|p1a: Alakazam|atk|1\n|-unboost|p1b: Meowstic|atk|1\n|-ability|p1b: Meowstic|Competitive|boost\n|-boost|p1b: Meowstic|spa|2\n|move|p1b: Meowstic|Expanding Force|p2b: Sinistcha|[spread] p2b\n|-immune|p2a: Incineroar\n|-damage|p2b: Sinistcha|22/100\n|move|p1a: Alakazam|Expanding Force|p2b: Sinistcha|[spread] p2b\n|-immune|p2a: Incineroar\n|-damage|p2b: Sinistcha|0 fnt\n|faint|p2b: Sinistcha\n|\n|-ability|p1a: Alakazam|Moody|boost\n|-boost|p1a: Alakazam|def|2\n|-unboost|p1a: Alakazam|atk|1\n|upkeep\n|\n|t:|1776181544\n|switch|p2b: Scovillain|Scovillain-Mega, L50, M|99/100\n|turn|3\n|\n|t:|1776181563\n|move|p2b: Scovillain|Protect|p2b: Scovillain\n|-singleturn|p2b: Scovillain|Protect\n|move|p1b: Meowstic|Expanding Force|p2a: Incineroar|[spread] \n|-activate|p2b: Scovillain|move: Protect\n|-immune|p2a: Incineroar\n|move|p1a: Alakazam|Dazzling Gleam|p2a: Incineroar|[spread] p2a\n|-activate|p2b: Scovillain|move: Protect\n|-damage|p2a: Incineroar|72/100\n|move|p2a: Incineroar|Darkest Lariat|p1a: Alakazam\n|-supereffective|p1a: Alakazam|1\n|-damage|p1a: Alakazam|0 fnt\n|faint|p1a: Alakazam\n|\n|-heal|p2a: Incineroar|78/100|[from] item: Leftovers\n|upkeep\n|\n|t:|1776181580\n|switch|p1a: Tyranitar|Tyranitar, L50, M|100/100\n|-weather|Sandstorm|[from] ability: Sand Stream|[of] p1a: Tyranitar\n|turn|4\n|\n|t:|1776181592\n|move|p2b: Scovillain|Rage Powder|p2b: Scovillain\n|-singleturn|p2b: Scovillain|move: Rage Powder\n|move|p1b: Meowstic|Expanding Force|p2a: Incineroar|[spread] p2b\n|-immune|p2a: Incineroar\n|-damage|p2b: Scovillain|19/100\n|-status|p1b: Meowstic|brn|[from] ability: Spicy Spray|[of] p2b: Scovillain\n|move|p1a: Tyranitar|Rock Slide|p2a: Incineroar|[spread] p2a,p2b\n|-supereffective|p2a: Incineroar|1\n|-supereffective|p2b: Scovillain|1\n|-damage|p2a: Incineroar|13/100\n|-damage|p2b: Scovillain|0 fnt\n|-status|p1a: Tyranitar|brn|[from] ability: Spicy Spray|[of] p2b: Scovillain\n|faint|p2b: Scovillain\n|move|p2a: Incineroar|Darkest Lariat|p1b: Meowstic\n|-supereffective|p1b: Meowstic|1\n|-enditem|p1b: Meowstic|Colbur Berry|[eat]\n|-enditem|p1b: Meowstic|Colbur Berry|[weaken]\n|-damage|p1b: Meowstic|47/100 brn\n|\n|-weather|Sandstorm|[upkeep]\n|-damage|p1b: Meowstic|41/100 brn|[from] Sandstorm\n|-damage|p2a: Incineroar|7/100|[from] Sandstorm\n|-heal|p2a: Incineroar|13/100|[from] item: Leftovers\n|-damage|p1b: Meowstic|35/100 brn|[from] brn\n|-damage|p1a: Tyranitar|95/100 brn|[from] brn\n|upkeep\n|\n|t:|1776181608\n|switch|p2b: Conkeldurr|Conkeldurr, L50, F|100/100 brn\n|turn|5\n|\n|t:|1776181623\n|move|p1b: Meowstic|Expanding Force|p2b: Conkeldurr|[spread] p2b\n|-immune|p2a: Incineroar\n|-supereffective|p2b: Conkeldurr|1\n|-damage|p2b: Conkeldurr|0 fnt\n|faint|p2b: Conkeldurr\n|move|p1a: Tyranitar|Rock Slide|p2a: Incineroar\n|-supereffective|p2a: Incineroar|1\n|-damage|p2a: Incineroar|0 fnt\n|faint|p2a: Incineroar\n|\n|win|storm93ita\n|raw|storm93ita's rating: 1090 &rarr; <strong>1115</strong><br />(+25 for winning)\n|raw|AphroditeSiren's rating: 1068 &rarr; <strong>1049</strong><br />(-19 for losing)\n|l|\u2606AphroditeSiren\n|player|p2|\n",
  "uploadtime": 1776181633,
  "views": 12,
  "formatid": "gen9championsvgc2026regma",
  "rating": 1049,
  "private": 0,
  "password": null
}