{
  "id": "gen9championsvgc2026regma-2586415358",
  "format": "[Gen 9 Champions] VGC 2026 Reg M-A",
  "players": [
    "foxnaldo",
    "luke4now"
  ],
  "log": "|j|\u2606foxnaldo\n|j|\u2606luke4now\n|t:|1776433079\n|gametype|doubles\n|player|p1|foxnaldo|cynthia|1171\n|player|p2|luke4now|169|1266\n|gen|9\n|tier|[Gen 9 Champions] VGC 2026 Reg M-A\n|rated|\n|rule|Species Clause: Limit one of each Pok\u00e9mon\n|rule|Item Clause: Limit 1 of each item\n|clearpoke\n|poke|p1|Farigiraf, L50, M|\n|poke|p1|Camerupt, L50, M|\n|poke|p1|Sinistcha, L50|\n|poke|p1|Kingambit, L50, F|\n|poke|p1|Emboar, L50, F|\n|poke|p1|Basculegion, L50, M|\n|poke|p2|Charizard, L50, M|\n|poke|p2|Venusaur, L50, F|\n|poke|p2|Aerodactyl, L50, M|\n|poke|p2|Incineroar, L50, F|\n|poke|p2|Sneasler, L50, M|\n|poke|p2|Garchomp, L50, M|\n|teampreview|4\n|inactive|Battle timer is ON: inactive players will automatically lose when time's up. (requested by luke4now)\n|\n|t:|1776433101\n|teamsize|p1|4\n|teamsize|p2|4\n|start\n|switch|p1a: Farigiraf|Farigiraf, L50, M, shiny|100/100\n|switch|p1b: Basculegion|Basculegion, L50, M, shiny|100/100\n|switch|p2a: Sneasler|Sneasler, L50, M, shiny|100/100\n|switch|p2b: Charizard|Charizard, L50, M, shiny|100/100\n|turn|1\n|inactive|foxnaldo has 30 seconds left.\n|inactive|luke4now has 30 seconds left.\n|inactive|luke4now has 20 seconds left.\n|inactive|luke4now has 15 seconds left.\n|inactive|luke4now has 10 seconds left.\n|inactive|luke4now has 5 seconds left.\n|\n|t:|1776433151\n|detailschange|p2b: Charizard|Charizard-Mega-Y, L50, M, shiny\n|-mega|p2b: Charizard|Charizard|Charizardite Y\n|-weather|SunnyDay|[from] ability: Drought|[of] p2b: Charizard\n|move|p1b: Basculegion|Protect|p1b: Basculegion\n|-singleturn|p1b: Basculegion|Protect\n|move|p2a: Sneasler|Close Combat|p1a: Farigiraf\n|-damage|p1a: Farigiraf|42/100\n|-unboost|p2a: Sneasler|def|1\n|-unboost|p2a: Sneasler|spd|1\n|move|p2b: Charizard|Heat Wave|p1a: Farigiraf|[spread] p1a\n|-activate|p1b: Basculegion|move: Protect\n|-damage|p1a: Farigiraf|0 fnt\n|faint|p1a: Farigiraf\n|\n|-weather|SunnyDay|[upkeep]\n|upkeep\n|inactive|foxnaldo has 30 seconds left.\n|\n|t:|1776433179\n|switch|p1a: Emboar|Emboar, L50, F, shiny|100/100\n|turn|2\n|\n|t:|1776433202\n|move|p2a: Sneasler|Dire Claw|p1a: Emboar\n|-damage|p1a: Emboar|55/100\n|move|p2b: Charizard|Scorching Sands|p1a: Emboar\n|-supereffective|p1a: Emboar|1\n|-damage|p1a: Emboar|0 fnt\n|faint|p1a: Emboar\n|move|p1b: Basculegion|Wave Crash|p2b: Charizard\n|-supereffective|p2b: Charizard|1\n|-damage|p2b: Charizard|0 fnt\n|faint|p2b: Charizard\n|-damage|p1b: Basculegion|75/100|[from] Recoil\n|\n|-weather|SunnyDay|[upkeep]\n|upkeep\n|\n|t:|1776433217\n|switch|p2b: Venusaur|Venusaur, L50, F, shiny|100/100\n|switch|p1a: Camerupt|Camerupt, L50, M, shiny|100/100\n|turn|3\n|\n|t:|1776433238\n|detailschange|p1a: Camerupt|Camerupt-Mega, L50, M, shiny\n|-mega|p1a: Camerupt|Camerupt|Cameruptite\n|move|p1b: Basculegion|Protect|p1b: Basculegion\n|-singleturn|p1b: Basculegion|Protect\n|move|p2b: Venusaur|Leaf Storm|p1b: Basculegion\n|-activate|p1b: Basculegion|move: Protect\n|move|p2a: Sneasler|Close Combat|p1a: Camerupt\n|-damage|p1a: Camerupt|36/100\n|-unboost|p2a: Sneasler|def|1\n|-unboost|p2a: Sneasler|spd|1\n|move|p1a: Camerupt|Heat Wave|p2a: Sneasler|[spread] p2a,p2b\n|-supereffective|p2b: Venusaur|1\n|-enditem|p2b: Venusaur|Occa Berry|[eat]\n|-enditem|p2b: Venusaur|Occa Berry|[weaken]\n|-damage|p2a: Sneasler|0 fnt\n|-damage|p2b: Venusaur|17/100\n|faint|p2a: Sneasler\n|\n|-weather|SunnyDay|[upkeep]\n|upkeep\n|\n|t:|1776433254\n|switch|p2a: Garchomp|Garchomp, L50, M|100/100\n|turn|4\n|inactive|foxnaldo has 30 seconds left.\n|inactive|foxnaldo has 20 seconds left.\n|inactive|foxnaldo has 15 seconds left.\n|\n|t:|1776433295\n|move|p2a: Garchomp|Rock Slide|p1a: Camerupt|[spread] p1a,p1b\n|-damage|p1a: Camerupt|16/100\n|-damage|p1b: Basculegion|50/100\n|move|p2b: Venusaur|Leaf Storm|p1b: Basculegion\n|-supereffective|p1b: Basculegion|1\n|-damage|p1b: Basculegion|0 fnt\n|-unboost|p2b: Venusaur|spa|2\n|faint|p1b: Basculegion\n|move|p1a: Camerupt|Heat Wave|p2a: Garchomp|[spread] p2a,p2b\n|-resisted|p2a: Garchomp|1\n|-supereffective|p2b: Venusaur|1\n|-damage|p2a: Garchomp|57/100\n|-damage|p2b: Venusaur|0 fnt\n|faint|p2b: Venusaur\n|\n|-weather|SunnyDay|[upkeep]\n|upkeep\n|turn|5\n|-message|foxnaldo forfeited.\n|\n|win|luke4now\n|raw|foxnaldo's rating: 1171 &rarr; <strong>1153</strong><br />(-18 for losing)\n|raw|luke4now's rating: 1266 &rarr; <strong>1284</strong><br />(+18 for winning)\n|l|\u2606foxnaldo\n|player|p1|\n",
  "uploadtime": 1776433314,
  "views": 24,
  "formatid": "gen9championsvgc2026regma",
  "rating": 1153,
  "private": 0,
  "password": null
}