{
  "id": "gen9championsvgc2026regma-2589381028",
  "format": "[Gen 9 Champions] VGC 2026 Reg M-A",
  "players": [
    "ivanpema",
    "breloomb01"
  ],
  "log": "|j|\u2606ivanpema\n|j|\u2606breloomb01\n|t:|1776718420\n|gametype|doubles\n|player|p1|ivanpema|1|1366\n|player|p2|breloomb01|roughneck|1459\n|gen|9\n|tier|[Gen 9 Champions] VGC 2026 Reg M-A\n|rated|\n|rule|Species Clause: Limit one of each Pok\u00e9mon\n|rule|Item Clause: Limit 1 of each item\n|clearpoke\n|poke|p1|Manectric, L50, M|\n|poke|p1|Incineroar, L50, M|\n|poke|p1|Sinistcha, L50|\n|poke|p1|Primarina, L50, F|\n|poke|p1|Garchomp, L50, M|\n|poke|p1|Scizor, L50, M|\n|poke|p2|Charizard, L50, F|\n|poke|p2|Tyranitar, L50, M|\n|poke|p2|Milotic, L50, F|\n|poke|p2|Sneasler, L50, F|\n|poke|p2|Incineroar, L50, M|\n|poke|p2|Sinistcha, L50|\n|teampreview|4\n|\n|t:|1776718451\n|teamsize|p1|4\n|teamsize|p2|4\n|start\n|switch|p1a: Manectric|Manectric, L50, M|100/100\n|switch|p1b: Garchomp|Garchomp, L50, M|100/100\n|switch|p2a: Milotic|Milotic, L50, F|100/100\n|switch|p2b: Incineroar|Incineroar, L50, M|100/100\n|-ability|p2b: Incineroar|Intimidate|boost\n|-unboost|p1a: Manectric|atk|1\n|-unboost|p1b: Garchomp|atk|1\n|turn|1\n|\n|t:|1776718468\n|move|p1a: Manectric|Protect|p1a: Manectric\n|-singleturn|p1a: Manectric|Protect\n|move|p1b: Garchomp|Protect|p1b: Garchomp\n|-singleturn|p1b: Garchomp|Protect\n|move|p2a: Milotic|Protect|p2a: Milotic\n|-singleturn|p2a: Milotic|Protect\n|move|p2b: Incineroar|Parting Shot|p1a: Manectric\n|-activate|p1a: Manectric|move: Protect\n|\n|upkeep\n|turn|2\n|\n|t:|1776718497\n|switch|p1b: Incineroar|Incineroar, L50, M|100/100\n|-ability|p1b: Incineroar|Intimidate|boost\n|-unboost|p2a: Milotic|atk|1\n|-ability|p2a: Milotic|Competitive|boost\n|-boost|p2a: Milotic|spa|2\n|-unboost|p2b: Incineroar|atk|1\n|switch|p2a: Sinistcha|Sinistcha, L50|100/100\n|move|p1a: Manectric|Volt Switch|p2a: Sinistcha\n|-resisted|p2a: Sinistcha|1\n|-damage|p2a: Sinistcha|84/100\n|\n|t:|1776718511\n|switch|p1a: Garchomp|Garchomp, L50, M|100/100|[from] Volt Switch\n|move|p2b: Incineroar|Parting Shot|p1a: Garchomp\n|-unboost|p1a: Garchomp|atk|1\n|-unboost|p1a: Garchomp|spa|1\n|\n|t:|1776718516\n|switch|p2b: Charizard|Charizard, L50, F|100/100|[from] Parting Shot\n|\n|upkeep\n|turn|3\n|\n|t:|1776718532\n|switch|p2a: Incineroar|Incineroar, L50, M|100/100\n|-ability|p2a: Incineroar|Intimidate|boost\n|-unboost|p1a: Garchomp|atk|1\n|-unboost|p1b: Incineroar|atk|1\n|move|p1b: Incineroar|Fake Out|p2b: Charizard\n|-damage|p2b: Charizard|90/100\n|move|p1a: Garchomp|Rock Slide|p2b: Charizard|[spread] p2a,p2b\n|-supereffective|p2a: Incineroar|1\n|-supereffective|p2b: Charizard|2\n|-damage|p2a: Incineroar|83/100\n|-damage|p2b: Charizard|42/100\n|cant|p2b: Charizard|flinch\n|\n|upkeep\n|turn|4\n|\n|t:|1776718578\n|switch|p2a: Sinistcha|Sinistcha, L50|84/100\n|-heal|p2b: Charizard|67/100|[from] ability: Hospitality|[of] p2a: Sinistcha\n|detailschange|p2b: Charizard|Charizard-Mega-X, L50, F\n|-mega|p2b: Charizard|Charizard|Charizardite X\n|move|p1a: Garchomp|Protect|p1a: Garchomp\n|-singleturn|p1a: Garchomp|Protect\n|move|p2b: Charizard|Dragon Dance|p2b: Charizard\n|-boost|p2b: Charizard|atk|1\n|-boost|p2b: Charizard|spe|1\n|move|p1b: Incineroar|Parting Shot|p2b: Charizard\n|-unboost|p2b: Charizard|atk|1\n|-unboost|p2b: Charizard|spa|1\n|\n|t:|1776718600\n|switch|p1b: Sinistcha|Sinistcha, L50|100/100|[from] Parting Shot\n|\n|upkeep\n|turn|5\n|\n|t:|1776718609\n|switch|p1a: Incineroar|Incineroar, L50, M|100/100\n|-ability|p1a: Incineroar|Intimidate|boost\n|-unboost|p2a: Sinistcha|atk|1\n|-unboost|p2b: Charizard|atk|1\n|move|p2b: Charizard|Dragon Dance|p2b: Charizard\n|-boost|p2b: Charizard|atk|1\n|-boost|p2b: Charizard|spe|1\n|move|p2a: Sinistcha|Matcha Gotcha|p1b: Sinistcha|[spread] p1a,p1b\n|-resisted|p1a: Incineroar|1\n|-resisted|p1b: Sinistcha|1\n|-damage|p1a: Incineroar|90/100\n|-heal|p2a: Sinistcha|89/100|[from] drain|[of] p1a: Incineroar\n|-damage|p1b: Sinistcha|90/100\n|-heal|p2a: Sinistcha|95/100|[from] drain|[of] p1b: Sinistcha\n|move|p1b: Sinistcha|Trick Room|p1b: Sinistcha\n|-fieldstart|move: Trick Room|[of] p1b: Sinistcha\n|\n|upkeep\n|turn|6\n|\n|t:|1776718640\n|switch|p2a: Incineroar|Incineroar, L50, M|83/100\n|-ability|p2a: Incineroar|Intimidate|boost\n|-unboost|p1a: Incineroar|atk|1\n|-unboost|p1b: Sinistcha|atk|1\n|move|p1a: Incineroar|Fake Out|p2b: Charizard\n|-damage|p2b: Charizard|58/100\n|move|p1b: Sinistcha|Shadow Ball|p2a: Incineroar\n|-resisted|p2a: Incineroar|1\n|-damage|p2a: Incineroar|70/100\n|-unboost|p2a: Incineroar|spd|1\n|cant|p2b: Charizard|flinch\n|\n|upkeep\n|turn|7\n|\n|t:|1776718665\n|switch|p1b: Manectric|Manectric, L50, M|100/100\n|switch|p2b: Milotic|Milotic, L50, F|100/100\n|move|p1a: Incineroar|Parting Shot|p2b: Milotic\n|-unboost|p2b: Milotic|atk|1\n|-ability|p2b: Milotic|Competitive|boost\n|-boost|p2b: Milotic|spa|2\n|-unboost|p2b: Milotic|spa|1\n|-ability|p2b: Milotic|Competitive|boost\n|-boost|p2b: Milotic|spa|2\n|\n|t:|1776718679\n|switch|p1a: Sinistcha|Sinistcha, L50|90/100|[from] Parting Shot\n|move|p2a: Incineroar|Parting Shot|p1b: Manectric\n|-unboost|p1b: Manectric|atk|1\n|-unboost|p1b: Manectric|spa|1\n|\n|t:|1776718682\n|switch|p2a: Sinistcha|Sinistcha, L50|95/100|[from] Parting Shot\n|\n|upkeep\n|turn|8\n|\n|t:|1776718698\n|switch|p2a: Incineroar|Incineroar, L50, M|70/100\n|-ability|p2a: Incineroar|Intimidate|boost\n|-unboost|p1a: Sinistcha|atk|1\n|-unboost|p1b: Manectric|atk|1\n|detailschange|p1b: Manectric|Manectric-Mega, L50, M\n|-mega|p1b: Manectric|Manectric|Manectite\n|-ability|p1b: Manectric|Intimidate|boost\n|-unboost|p2a: Incineroar|atk|1\n|-unboost|p2b: Milotic|atk|1\n|-ability|p2b: Milotic|Competitive|boost\n|-boost|p2b: Milotic|spa|2\n|move|p1a: Sinistcha|Matcha Gotcha|p2b: Milotic|[spread] p2a\n|-miss|p1a: Sinistcha|p2b: Milotic\n|-resisted|p2a: Incineroar|1\n|-damage|p2a: Incineroar|59/100\n|-heal|p1a: Sinistcha|96/100|[from] drain|[of] p2a: Incineroar\n|move|p2b: Milotic|Scald|p1b: Manectric\n|-damage|p1b: Manectric|0 fnt\n|faint|p1b: Manectric\n|\n|upkeep\n|\n|t:|1776718717\n|switch|p1b: Garchomp|Garchomp, L50, M|100/100\n|turn|9\n|\n|t:|1776718726\n|move|p1b: Garchomp|Protect|p1b: Garchomp\n|-singleturn|p1b: Garchomp|Protect\n|move|p2a: Incineroar|Parting Shot|p1a: Sinistcha\n|-unboost|p1a: Sinistcha|atk|1\n|-unboost|p1a: Sinistcha|spa|1\n|\n|t:|1776718729\n|switch|p2a: Charizard|Charizard-Mega-X, L50, F|58/100|[from] Parting Shot\n|move|p1a: Sinistcha|Matcha Gotcha|p2b: Milotic|[spread] p2a,p2b\n|-resisted|p2a: Charizard|2\n|-supereffective|p2b: Milotic|1\n|-damage|p2a: Charizard|54/100\n|-heal|p1a: Sinistcha|98/100|[from] drain|[of] p2a: Charizard\n|-damage|p2b: Milotic|75/100\n|-heal|p1a: Sinistcha|100/100|[from] drain|[of] p2b: Milotic\n|move|p2b: Milotic|Icy Wind|p1a: Sinistcha|[spread] p1a\n|-activate|p1b: Garchomp|move: Protect\n|-supereffective|p1a: Sinistcha|1\n|-damage|p1a: Sinistcha|33/100\n|-unboost|p1a: Sinistcha|spe|1\n|-enditem|p1a: Sinistcha|Sitrus Berry|[eat]\n|-heal|p1a: Sinistcha|58/100|[from] item: Sitrus Berry\n|\n|-heal|p2b: Milotic|81/100|[from] item: Leftovers\n|-fieldend|move: Trick Room\n|upkeep\n|turn|10\n|\n|t:|1776718764\n|switch|p2a: Incineroar|Incineroar, L50, M|59/100\n|-ability|p2a: Incineroar|Intimidate|boost\n|-unboost|p1a: Sinistcha|atk|1\n|-unboost|p1b: Garchomp|atk|1\n|move|p1b: Garchomp|Swords Dance|p1b: Garchomp\n|-boost|p1b: Garchomp|atk|2\n|move|p2b: Milotic|Icy Wind|p1b: Garchomp|[spread] p1a,p1b\n|-supereffective|p1a: Sinistcha|1\n|-supereffective|p1b: Garchomp|2\n|-damage|p1a: Sinistcha|0 fnt\n|-damage|p1b: Garchomp|0 fnt\n|faint|p1a: Sinistcha\n|faint|p1b: Garchomp\n|\n|-heal|p2b: Milotic|87/100|[from] item: Leftovers\n|upkeep\n|-message|ivanpema forfeited.\n|\n|win|breloomb01\n|raw|ivanpema's rating: 1366 &rarr; <strong>1351</strong><br />(-15 for losing)\n|raw|breloomb01's rating: 1459 &rarr; <strong>1474</strong><br />(+15 for winning)\n|l|\u2606ivanpema\n|player|p1|\n|l|\u2606breloomb01\n|player|p2|\n|j|\u2606breloomb01\n|player|p2|breloomb01|roughneck|\n",
  "uploadtime": 1776718867,
  "views": 12,
  "formatid": "gen9championsvgc2026regma",
  "rating": 1351,
  "private": 0,
  "password": null
}