{
  "id": "gen9championsvgc2026regma-2583710437",
  "format": "[Gen 9 Champions] VGC 2026 Reg M-A",
  "players": [
    "massivity",
    "FirusDR"
  ],
  "log": "|j|\u2606massivity\n|j|\u2606FirusDR\n|t:|1776192496\n|gametype|doubles\n|player|p1|massivity|biker-gen4|1172\n|player|p2|FirusDR|blue|1197\n|gen|9\n|tier|[Gen 9 Champions] VGC 2026 Reg M-A\n|rated|\n|rule|Species Clause: Limit one of each Pok\u00e9mon\n|rule|Item Clause: Limit 1 of each item\n|clearpoke\n|poke|p1|Snorlax, L50, M|\n|poke|p1|Camerupt, L50, F|\n|poke|p1|Rotom-Wash, L50|\n|poke|p1|Dragapult, L50, M|\n|poke|p1|Zoroark-Hisui, L50, M|\n|poke|p1|Meganium, L50, F|\n|poke|p2|Charizard, L50, F|\n|poke|p2|Sneasler, L50, M|\n|poke|p2|Basculegion, L50, M|\n|poke|p2|Garchomp, L50, F|\n|poke|p2|Incineroar, L50, F|\n|poke|p2|Venusaur, L50, F|\n|teampreview|4\n|inactive|Battle timer is ON: inactive players will automatically lose when time's up. (requested by massivity)\n|\n|t:|1776192525\n|teamsize|p1|4\n|teamsize|p2|4\n|start\n|switch|p1a: Dragapult|Dragapult, L50, M|100/100\n|switch|p1b: Meganium|Meganium, L50, F|100/100\n|switch|p2a: BurnBabyBurn|Charizard, L50, F, shiny|100/100\n|switch|p2b: EstoNoPegaHno|Venusaur, L50, F|100/100\n|turn|1\n|\n|t:|1776192540\n|detailschange|p2a: BurnBabyBurn|Charizard-Mega-Y, L50, F, shiny\n|-mega|p2a: BurnBabyBurn|Charizard|Charizardite Y\n|-weather|SunnyDay|[from] ability: Drought|[of] p2a: BurnBabyBurn\n|move|p2b: EstoNoPegaHno|Sleep Powder|p1a: Dragapult\n|-status|p1a: Dragapult|slp|[from] move: Sleep Powder\n|cant|p1a: Dragapult|slp\n|move|p1b: Meganium|Hyper Voice|p2a: BurnBabyBurn|[spread] p2a,p2b\n|-damage|p2a: BurnBabyBurn|60/100\n|-damage|p2b: EstoNoPegaHno|58/100\n|move|p2a: BurnBabyBurn|Heat Wave|p1a: Dragapult|[spread] p1a,p1b\n|-resisted|p1a: Dragapult|1\n|-damage|p1a: Dragapult|62/100 slp\n|-enditem|p1b: Meganium|Focus Sash\n|-damage|p1b: Meganium|1/100\n|replace|p1b: Zoroark|Zoroark-Hisui, L50, M\n|-end|p1b: Zoroark|Illusion\n|\n|-weather|SunnyDay|[upkeep]\n|upkeep\n|turn|2\n|inactive|FirusDR has 30 seconds left.\n|\n|t:|1776192571\n|move|p1b: Zoroark|Protect|p1b: Zoroark\n|-singleturn|p1b: Zoroark|Protect\n|move|p2b: EstoNoPegaHno|Energy Ball|p1b: Zoroark\n|-activate|p1b: Zoroark|move: Protect\n|cant|p1a: Dragapult|slp\n|move|p2a: BurnBabyBurn|Air Slash|p1a: Dragapult\n|-damage|p1a: Dragapult|13/100 slp\n|\n|-weather|SunnyDay|[upkeep]\n|upkeep\n|turn|3\n|\n|t:|1776192588\n|switch|p1b: Snorlax|Snorlax, L50, M|100/100\n|move|p2b: EstoNoPegaHno|Energy Ball|p1a: Dragapult\n|-resisted|p1a: Dragapult|1\n|-damage|p1a: Dragapult|0 fnt\n|faint|p1a: Dragapult\n|move|p2a: BurnBabyBurn|Heat Wave|p1b: Snorlax\n|-damage|p1b: Snorlax|74/100\n|\n|-weather|SunnyDay|[upkeep]\n|-heal|p1b: Snorlax|80/100|[from] item: Leftovers\n|upkeep\n|\n|t:|1776192597\n|switch|p1a: Meganium|Meganium, L50, F|1/100\n|turn|4\n|inactive|FirusDR has 30 seconds left.\n|inactive|FirusDR has 20 seconds left.\n|inactive|FirusDR has 15 seconds left.\n|inactive|FirusDR has 10 seconds left.\n|inactive|FirusDR has 5 seconds left.\n|\n|t:|1776192652\n|move|p2b: EstoNoPegaHno|Energy Ball|p1a: Meganium\n|-damage|p1a: Meganium|0 fnt\n|replace|p1a: Zoroark|Zoroark-Hisui, L50, M\n|-end|p1a: Zoroark|Illusion\n|faint|p1a: Zoroark\n|move|p2a: BurnBabyBurn|Heat Wave|p1b: Snorlax\n|-damage|p1b: Snorlax|53/100\n|move|p1b: Snorlax|Rock Slide|p2b: EstoNoPegaHno|[spread] p2a,p2b\n|-supereffective|p2a: BurnBabyBurn|2\n|-damage|p2a: BurnBabyBurn|0 fnt\n|-damage|p2b: EstoNoPegaHno|37/100\n|faint|p2a: BurnBabyBurn\n|\n|-weather|SunnyDay|[upkeep]\n|-heal|p1b: Snorlax|59/100|[from] item: Leftovers\n|upkeep\n|inactive|FirusDR has 30 seconds left.\n|inactive|FirusDR has 20 seconds left.\n|inactive|FirusDR has 15 seconds left.\n|inactive|FirusDR has 10 seconds left.\n|inactive|FirusDR has 5 seconds left.\n|\n|t:|1776192707\n|switch|p1a: Meganium|Meganium, L50, F|100/100\n|switch|p2a: I Go Roar|Incineroar, L50, F, shiny|100/100\n|-ability|p2a: I Go Roar|Intimidate|boost\n|-unboost|p1a: Meganium|atk|1\n|-unboost|p1b: Snorlax|atk|1\n|turn|5\n|inactive|FirusDR has 30 seconds left.\n|inactive|FirusDR has 20 seconds left.\n|inactive|FirusDR has 15 seconds left.\n|inactive|FirusDR has 10 seconds left.\n|inactive|FirusDR has 5 seconds left.\n|\n|t:|1776192762\n|move|p1a: Meganium|Protect|p1a: Meganium\n|-singleturn|p1a: Meganium|Protect\n|move|p1b: Snorlax|Protect|p1b: Snorlax\n|-singleturn|p1b: Snorlax|Protect\n|move|p2b: EstoNoPegaHno|Energy Ball|p1a: Meganium\n|-activate|p1a: Meganium|move: Protect\n|move|p2a: I Go Roar|Flare Blitz|p1a: Meganium\n|-activate|p1a: Meganium|move: Protect\n|\n|-weather|none\n|-heal|p1b: Snorlax|65/100|[from] item: Leftovers\n|upkeep\n|turn|6\n|inactive|FirusDR has 30 seconds left.\n|inactive|FirusDR has 20 seconds left.\n|inactive|FirusDR has 15 seconds left.\n|inactive|FirusDR has 10 seconds left.\n|inactive|FirusDR has 5 seconds left.\n|\n|t:|1776192817\n|detailschange|p1a: Meganium|Meganium-Mega, L50, F\n|-mega|p1a: Meganium|Meganium|Meganiumite\n|move|p2b: EstoNoPegaHno|Energy Ball|p1b: Snorlax\n|-damage|p1b: Snorlax|39/100\n|move|p1a: Meganium|Dazzling Gleam|p2a: I Go Roar|[spread] p2a,p2b\n|-resisted|p2b: EstoNoPegaHno|1\n|-damage|p2a: I Go Roar|71/100\n|-damage|p2b: EstoNoPegaHno|16/100\n|move|p2a: I Go Roar|Flare Blitz|p1a: Meganium\n|-supereffective|p1a: Meganium|1\n|-damage|p1a: Meganium|20/100\n|-damage|p2a: I Go Roar|46/100|[from] Recoil\n|-enditem|p2a: I Go Roar|Sitrus Berry|[eat]\n|-heal|p2a: I Go Roar|71/100|[from] item: Sitrus Berry\n|move|p1b: Snorlax|Rock Slide|p2a: I Go Roar|[spread] p2a,p2b\n|-supereffective|p2a: I Go Roar|1\n|-damage|p2a: I Go Roar|50/100\n|-damage|p2b: EstoNoPegaHno|1/100\n|\n|-heal|p1b: Snorlax|45/100|[from] item: Leftovers\n|upkeep\n|turn|7\n|inactive|massivity has 30 seconds left.\n|inactive|FirusDR has 30 seconds left.\n|inactive|massivity has 20 seconds left.\n|inactive|FirusDR has 20 seconds left.\n|inactive|massivity has 15 seconds left.\n|inactive|FirusDR has 15 seconds left.\n|inactive|massivity has 10 seconds left.\n|inactive|FirusDR has 10 seconds left.\n|inactive|FirusDR has 5 seconds left.\n|\n|t:|1776192872\n|move|p1a: Meganium|Protect|p1a: Meganium\n|-singleturn|p1a: Meganium|Protect\n|move|p2b: EstoNoPegaHno|Energy Ball|p1b: Snorlax\n|-damage|p1b: Snorlax|20/100\n|move|p2a: I Go Roar|Flare Blitz|p1b: Snorlax\n|-damage|p1b: Snorlax|0 fnt\n|faint|p1b: Snorlax\n|-damage|p2a: I Go Roar|42/100|[from] Recoil\n|\n|upkeep\n|turn|8\n|-message|massivity forfeited.\n|\n|win|FirusDR\n|raw|massivity's rating: 1172 &rarr; <strong>1149</strong><br />(-23 for losing)\n|raw|FirusDR's rating: 1197 &rarr; <strong>1220</strong><br />(+23 for winning)\n|l|\u2606massivity\n|player|p1|\n|c|\u2606FirusDR|I won AFK lol\n",
  "uploadtime": 1776193194,
  "views": 34,
  "formatid": "gen9championsvgc2026regma",
  "rating": 1149,
  "private": 0,
  "password": null
}