{
  "id": "gen9championsvgc2026regma-2589518299",
  "format": "[Gen 9 Champions] VGC 2026 Reg M-A",
  "players": [
    "Azreal29",
    "Jaihmo25"
  ],
  "log": "|j|\u2606Azreal29\n|j|\u203dJaihmo25\n|t:|1776730269\n|gametype|doubles\n|player|p1|Azreal29|unknown|1231\n|player|p2|Jaihmo25|gambler|1149\n|gen|9\n|tier|[Gen 9 Champions] VGC 2026 Reg M-A\n|rated|\n|rule|Species Clause: Limit one of each Pok\u00e9mon\n|rule|Item Clause: Limit 1 of each item\n|clearpoke\n|poke|p1|Scovillain, L50, M|\n|poke|p1|Sneasler, L50, F, shiny|\n|poke|p1|Primarina, L50, F|\n|poke|p1|Kingambit, L50, M|\n|poke|p1|Aerodactyl, L50, M|\n|poke|p1|Garchomp, L50, M|\n|poke|p2|Farigiraf, L50, F, shiny|\n|poke|p2|Aggron, L50, M, shiny|\n|poke|p2|Milotic, L50, M, shiny|\n|poke|p2|Sinistcha, L50, shiny|\n|poke|p2|Tyranitar, L50, M, shiny|\n|poke|p2|Hatterene, L50, F, shiny|\n|teampreview|4\n|inactive|Battle timer is ON: inactive players will automatically lose when time's up. (requested by Azreal29)\n|inactive|Jaihmo25 has 60 seconds left.\n|\n|t:|1776730318\n|teamsize|p1|4\n|teamsize|p2|4\n|start\n|switch|p1a: Scovillain|Scovillain, L50, M|100/100\n|switch|p1b: Primarina|Primarina, L50, F|100/100\n|switch|p2a: Farigiraf|Farigiraf, L50, F, shiny|100/100\n|switch|p2b: Tyranitar|Tyranitar, L50, M, shiny|100/100\n|-weather|Sandstorm|[from] ability: Sand Stream|[of] p2b: Tyranitar\n|turn|1\n|\n|t:|1776730332\n|detailschange|p2b: Tyranitar|Tyranitar-Mega, L50, M, shiny\n|-mega|p2b: Tyranitar|Tyranitar|Tyranitarite\n|move|p1a: Scovillain|Protect|p1a: Scovillain\n|-singleturn|p1a: Scovillain|Protect\n|move|p2a: Farigiraf|Ally Switch|p2a: Farigiraf\n|swap|p2a: Farigiraf|1|[from] move: Ally Switch\n|move|p2a: Tyranitar|Rock Slide|p1a: Scovillain|[spread] p1b\n|-activate|p1a: Scovillain|move: Protect\n|-damage|p1b: Primarina|65/100\n|cant|p1b: Primarina|flinch\n|\n|-weather|Sandstorm|[upkeep]\n|-damage|p1a: Scovillain|95/100|[from] Sandstorm\n|-damage|p1b: Primarina|59/100|[from] Sandstorm\n|-damage|p2b: Farigiraf|94/100|[from] Sandstorm\n|-heal|p1b: Primarina|65/100|[from] item: Leftovers\n|-ability|p1a: Scovillain|Moody|boost\n|-boost|p1a: Scovillain|def|2\n|-unboost|p1a: Scovillain|spa|1\n|upkeep\n|turn|2\n|inactive|Azreal29 has 30 seconds left.\n|\n|t:|1776730363\n|detailschange|p1a: Scovillain|Scovillain-Mega, L50, M\n|-mega|p1a: Scovillain|Scovillain|Scovillainite\n|move|p1a: Scovillain|Leech Seed|p2a: Tyranitar\n|-start|p2a: Tyranitar|move: Leech Seed\n|move|p2a: Tyranitar|Rock Slide|p1b: Primarina|[spread] p1a,p1b\n|-supereffective|p1a: Scovillain|1\n|-damage|p1a: Scovillain|67/100\n|-damage|p1b: Primarina|33/100\n|-status|p2a: Tyranitar|brn|[from] ability: Spicy Spray|[of] p1a: Scovillain\n|move|p1b: Primarina|Calm Mind|p1b: Primarina\n|-boost|p1b: Primarina|spa|1\n|-boost|p1b: Primarina|spd|1\n|move|p2b: Farigiraf|Hyper Voice|p1a: Scovillain|[spread] p1a,p1b\n|-damage|p1a: Scovillain|40/100\n|-damage|p1b: Primarina|18/100\n|-status|p2b: Farigiraf|brn|[from] ability: Spicy Spray|[of] p1a: Scovillain\n|\n|-weather|Sandstorm|[upkeep]\n|-damage|p1a: Scovillain|34/100|[from] Sandstorm\n|-damage|p1b: Primarina|12/100|[from] Sandstorm\n|-damage|p2b: Farigiraf|88/100 brn|[from] Sandstorm\n|-heal|p1b: Primarina|18/100|[from] item: Leftovers\n|-damage|p2a: Tyranitar|88/100 brn|[from] Leech Seed|[of] p1a: Scovillain\n|-heal|p1a: Scovillain|49/100|[silent]\n|-damage|p2a: Tyranitar|82/100 brn|[from] brn\n|-damage|p2b: Farigiraf|82/100 brn|[from] brn\n|upkeep\n|turn|3\n|inactive|Jaihmo25 has 30 seconds left.\n|inactive|Azreal29 has 30 seconds left.\n|\n|t:|1776730398\n|switch|p2a: Hatterene|Hatterene, L50, F, shiny|100/100\n|move|p1a: Scovillain|Protect|p1a: Scovillain\n|-singleturn|p1a: Scovillain|Protect\n|move|p1b: Primarina|Protect|p1b: Primarina\n|-singleturn|p1b: Primarina|Protect\n|move|p2b: Farigiraf|Hyper Voice|p1a: Scovillain|[spread] \n|-activate|p1a: Scovillain|move: Protect\n|-activate|p1b: Primarina|move: Protect\n|\n|-weather|Sandstorm|[upkeep]\n|-damage|p1a: Scovillain|43/100|[from] Sandstorm\n|-damage|p1b: Primarina|12/100|[from] Sandstorm\n|-damage|p2b: Farigiraf|76/100 brn|[from] Sandstorm\n|-damage|p2a: Hatterene|94/100|[from] Sandstorm\n|-heal|p1b: Primarina|18/100|[from] item: Leftovers\n|-activate|p2a: Hatterene|ability: Healer\n|-curestatus|p2b: Farigiraf|brn|[msg]\n|upkeep\n|turn|4\n|\n|t:|1776730414\n|switch|p2b: Tyranitar|Tyranitar-Mega, L50, M, shiny|82/100 brn\n|move|p1a: Scovillain|Leech Seed|p2a: Hatterene\n|-start|p2a: Hatterene|move: Leech Seed\n|move|p1b: Primarina|Hyper Voice|p2a: Hatterene|[spread] p2a,p2b\n|-supereffective|p2b: Tyranitar|1\n|-damage|p2a: Hatterene|37/100\n|-damage|p2b: Tyranitar|42/100 brn\n|-enditem|p2a: Hatterene|Sitrus Berry|[eat]\n|-heal|p2a: Hatterene|62/100|[from] item: Sitrus Berry\n|move|p2a: Hatterene|Heal Pulse|p2b: Tyranitar\n|-heal|p2b: Tyranitar|92/100 brn\n|\n|-weather|Sandstorm|[upkeep]\n|-damage|p1a: Scovillain|37/100|[from] Sandstorm\n|-damage|p1b: Primarina|12/100|[from] Sandstorm\n|-damage|p2a: Hatterene|56/100|[from] Sandstorm\n|-heal|p1b: Primarina|18/100|[from] item: Leftovers\n|-activate|p2a: Hatterene|ability: Healer\n|-curestatus|p2b: Tyranitar|brn|[msg]\n|-damage|p2a: Hatterene|44/100|[from] Leech Seed|[of] p1a: Scovillain\n|-heal|p1a: Scovillain|49/100|[silent]\n|upkeep\n|turn|5\n|inactive|Azreal29 has 30 seconds left.\n|inactive|Jaihmo25 has 30 seconds left.\n|\n|t:|1776730444\n|move|p1b: Primarina|Protect|p1b: Primarina\n|-singleturn|p1b: Primarina|Protect\n|move|p1a: Scovillain|Leech Seed|p2b: Tyranitar\n|-start|p2b: Tyranitar|move: Leech Seed\n|move|p2b: Tyranitar|Rock Slide|p1a: Scovillain|[spread] p1a\n|-activate|p1b: Primarina|move: Protect\n|-supereffective|p1a: Scovillain|1\n|-damage|p1a: Scovillain|16/100\n|-status|p2b: Tyranitar|brn|[from] ability: Spicy Spray|[of] p1a: Scovillain\n|move|p2a: Hatterene|Dazzling Gleam|p1a: Scovillain|[spread] p1a\n|-activate|p1b: Primarina|move: Protect\n|-resisted|p1a: Scovillain|1\n|-damage|p1a: Scovillain|4/100\n|-status|p2a: Hatterene|brn|[from] ability: Spicy Spray|[of] p1a: Scovillain\n|\n|-weather|none\n|-heal|p1b: Primarina|24/100|[from] item: Leftovers\n|-damage|p2b: Tyranitar|79/100 brn|[from] Leech Seed|[of] p1a: Scovillain\n|-heal|p1a: Scovillain|19/100|[silent]\n|-damage|p2a: Hatterene|31/100 brn|[from] Leech Seed|[of] p1a: Scovillain\n|-heal|p1a: Scovillain|30/100|[silent]\n|-damage|p2b: Tyranitar|73/100 brn|[from] brn\n|-damage|p2a: Hatterene|25/100 brn|[from] brn\n|upkeep\n|turn|6\n|inactive|Azreal29 has 30 seconds left.\n|\n|t:|1776730474\n|move|p1a: Scovillain|Flamethrower|p2a: Hatterene\n|-damage|p2a: Hatterene|0 fnt\n|faint|p2a: Hatterene\n|move|p2b: Tyranitar|Rock Slide|p1b: Primarina|[spread] p1a,p1b\n|-supereffective|p1a: Scovillain|1\n|-damage|p1a: Scovillain|14/100\n|-damage|p1b: Primarina|7/100\n|move|p1b: Primarina|Hyper Voice|p2b: Tyranitar\n|-supereffective|p2b: Tyranitar|1\n|-damage|p2b: Tyranitar|0 fnt\n|faint|p2b: Tyranitar\n|\n|-heal|p1b: Primarina|13/100|[from] item: Leftovers\n|upkeep\n|\n|t:|1776730483\n|switch|p2b: Milotic|Milotic, L50, M, shiny|100/100\n|switch|p2a: Farigiraf|Farigiraf, L50, F, shiny|76/100\n|turn|7\n|\n|t:|1776730498\n|move|p1b: Primarina|Protect|p1b: Primarina\n|-singleturn|p1b: Primarina|Protect\n|move|p2b: Milotic|Scald|p1a: Scovillain\n|-damage|p1a: Scovillain|0 fnt\n|-status|p2b: Milotic|brn|[from] ability: Spicy Spray|[of] p1a: Scovillain\n|faint|p1a: Scovillain\n|move|p2a: Farigiraf|Hyper Voice|p1b: Primarina\n|-activate|p1b: Primarina|move: Protect\n|\n|-heal|p1b: Primarina|19/100|[from] item: Leftovers\n|-damage|p2b: Milotic|95/100 brn|[from] brn\n|upkeep\n|\n|t:|1776730511\n|switch|p1a: Kingambit|Kingambit, L50, M|100/100\n|turn|8\n|\n|t:|1776730523\n|move|p2a: Farigiraf|Ally Switch|p2a: Farigiraf\n|swap|p2a: Farigiraf|1|[from] move: Ally Switch\n|move|p2a: Milotic|Scald|p1a: Kingambit\n|-crit|p1a: Kingambit\n|-damage|p1a: Kingambit|58/100\n|-status|p1a: Kingambit|brn\n|move|p1b: Primarina|Moonblast|p2b: Farigiraf\n|-damage|p2b: Farigiraf|7/100\n|move|p1a: Kingambit|Kowtow Cleave|p2a: Milotic\n|-damage|p2a: Milotic|74/100 brn\n|\n|-heal|p2a: Milotic|80/100 brn|[from] item: Leftovers\n|-heal|p1b: Primarina|25/100|[from] item: Leftovers\n|-damage|p2a: Milotic|74/100 brn|[from] brn\n|-damage|p1a: Kingambit|52/100 brn|[from] brn\n|upkeep\n|turn|9\n|inactive|Jaihmo25 has 30 seconds left.\n|\n|t:|1776730549\n|move|p2b: Farigiraf|Ally Switch||[still]\n|-fail|p2b: Farigiraf\n|move|p2a: Milotic|Scald|p1a: Kingambit\n|-damage|p1a: Kingambit|24/100 brn\n|move|p1b: Primarina|Moonblast|p2b: Farigiraf\n|-crit|p2b: Farigiraf\n|-damage|p2b: Farigiraf|0 fnt\n|faint|p2b: Farigiraf\n|move|p1a: Kingambit|Kowtow Cleave|p2a: Milotic\n|-damage|p2a: Milotic|52/100 brn\n|\n|-heal|p2a: Milotic|58/100 brn|[from] item: Leftovers\n|-heal|p1b: Primarina|31/100|[from] item: Leftovers\n|-damage|p2a: Milotic|52/100 brn|[from] brn\n|-damage|p1a: Kingambit|18/100 brn|[from] brn\n|upkeep\n|turn|10\n|\n|t:|1776730569\n|move|p1b: Primarina|Moonblast|p2a: Milotic\n|-damage|p2a: Milotic|0 fnt\n|faint|p2a: Milotic\n|\n|win|Azreal29\n|raw|Azreal29's rating: 1231 &rarr; <strong>1250</strong><br />(+19 for winning)\n|raw|Jaihmo25's rating: 1149 &rarr; <strong>1130</strong><br />(-19 for losing)\n|l|\u203dJaihmo25\n|player|p2|\n|c|\u2606Azreal29|imagine\n",
  "uploadtime": 1776730586,
  "views": 3,
  "formatid": "gen9championsvgc2026regma",
  "rating": 1130,
  "private": 0,
  "password": null
}