{
  "id": "gen9championsvgc2026regma-2587327475",
  "format": "[Gen 9 Champions] VGC 2026 Reg M-A",
  "players": [
    "shangenb",
    "The Jagged Queen"
  ],
  "log": "|j|\u2606shangenb\n|j|\u203dThe Jagged Queen\n|t:|1776522363\n|gametype|doubles\n|player|p1|shangenb|102|1207\n|player|p2|The Jagged Queen|caitlin|1117\n|gen|9\n|tier|[Gen 9 Champions] VGC 2026 Reg M-A\n|rated|\n|rule|Species Clause: Limit one of each Pok\u00e9mon\n|rule|Item Clause: Limit 1 of each item\n|clearpoke\n|poke|p1|Floette-Eternal, L50, F|\n|poke|p1|Garchomp, L50, F|\n|poke|p1|Sneasler, L50, F|\n|poke|p1|Basculegion-F, L50, F|\n|poke|p1|Aerodactyl, L50, F|\n|poke|p1|Incineroar, L50, M|\n|poke|p2|Pelipper, L50, M|\n|poke|p2|Meganium, L50, F|\n|poke|p2|Incineroar, L50, M|\n|poke|p2|Rotom-Wash, L50|\n|poke|p2|Archaludon, L50, M|\n|poke|p2|Sableye, L50, F|\n|teampreview|4\n|inactive|Battle timer is ON: inactive players will automatically lose when time's up. (requested by shangenb)\n|inactive|shangenb has 60 seconds left.\n|\n|t:|1776522400\n|teamsize|p1|4\n|teamsize|p2|4\n|start\n|switch|p1a: Aerodactyl|Aerodactyl, L50, F|100/100\n|switch|p1b: Floette|Floette-Eternal, L50, F|100/100\n|switch|p2a: Sableye|Sableye, L50, F|100/100\n|switch|p2b: Incineroar|Incineroar, L50, M|100/100\n|-ability|p1a: Aerodactyl|Unnerve\n|-ability|p2b: Incineroar|Intimidate|boost\n|-unboost|p1a: Aerodactyl|atk|1\n|-unboost|p1b: Floette|atk|1\n|turn|1\n|\n|t:|1776522420\n|detailschange|p1b: Floette|Floette-Mega, L50, F\n|-mega|p1b: Floette|Floette|Floettite\n|-ability|p1b: Floette|Fairy Aura\n|move|p2b: Incineroar|Fake Out|p1b: Floette\n|-damage|p1b: Floette|88/100\n|move|p2a: Sableye|Taunt|p1a: Aerodactyl\n|-start|p1a: Aerodactyl|move: Taunt\n|move|p1a: Aerodactyl|Rock Slide|p2a: Sableye|[spread] p2a,p2b\n|-supereffective|p2b: Incineroar|1\n|-damage|p2a: Sableye|85/100\n|-damage|p2b: Incineroar|71/100\n|cant|p1b: Floette|flinch\n|\n|upkeep\n|turn|2\n|inactive|The Jagged Queen has 30 seconds left.\n|\n|t:|1776522454\n|switch|p1a: Basculegion|Basculegion-F, L50, F|100/100\n|move|p2a: Sableye|Taunt|p1b: Floette\n|-start|p1b: Floette|move: Taunt\n|move|p1b: Floette|Dazzling Gleam|p2b: Incineroar|[spread] p2a,p2b\n|-supereffective|p2a: Sableye|1\n|-damage|p2a: Sableye|0 fnt\n|-damage|p2b: Incineroar|32/100\n|-enditem|p2b: Incineroar|Sitrus Berry|[eat]\n|-heal|p2b: Incineroar|57/100|[from] item: Sitrus Berry\n|faint|p2a: Sableye\n|move|p2b: Incineroar|Parting Shot|p1b: Floette\n|-unboost|p1b: Floette|atk|1\n|-unboost|p1b: Floette|spa|1\n|\n|t:|1776522467\n|switch|p2b: Meganium|Meganium, L50, F|100/100|[from] Parting Shot\n|\n|upkeep\n|\n|t:|1776522470\n|switch|p2a: Incineroar|Incineroar, L50, M|57/100\n|-ability|p2a: Incineroar|Intimidate|boost\n|-unboost|p1a: Basculegion|atk|1\n|-unboost|p1b: Floette|atk|1\n|turn|3\n|\n|t:|1776522489\n|switch|p1a: Sneasler|Sneasler, L50, F|100/100\n|detailschange|p2b: Meganium|Meganium-Mega, L50, F\n|-mega|p2b: Meganium|Meganium|Meganiumite\n|move|p2a: Incineroar|Fake Out|p1b: Floette\n|-damage|p1b: Floette|73/100\n|cant|p1b: Floette|flinch\n|move|p2b: Meganium|Solar Beam||[still]\n|-prepare|p2b: Meganium|Solar Beam\n|-activate|p2b: Meganium|ability: Mega Sol\n|-anim|p2b: Meganium|Solar Beam|p1a: Sneasler\n|-resisted|p1a: Sneasler|1\n|-damage|p1a: Sneasler|63/100\n|\n|upkeep\n|turn|4\n|\n|t:|1776522512\n|switch|p1b: Aerodactyl|Aerodactyl, L50, F|100/100\n|-ability|p1b: Aerodactyl|Unnerve\n|switch|p2a: Pelipper|Pelipper, L50, M|100/100\n|-weather|RainDance|[from] ability: Drizzle|[of] p2a: Pelipper\n|move|p1a: Sneasler|Close Combat|p2a: Pelipper\n|-resisted|p2a: Pelipper|1\n|-damage|p2a: Pelipper|77/100\n|-unboost|p1a: Sneasler|def|1\n|-unboost|p1a: Sneasler|spd|1\n|-enditem|p1a: Sneasler|White Herb\n|-clearnegativeboost|p1a: Sneasler|[silent]\n|move|p2b: Meganium|Solar Beam||[still]\n|-prepare|p2b: Meganium|Solar Beam\n|-activate|p2b: Meganium|ability: Mega Sol\n|-anim|p2b: Meganium|Solar Beam|p1b: Aerodactyl\n|-damage|p1b: Aerodactyl|11/100\n|\n|-weather|RainDance|[upkeep]\n|upkeep\n|turn|5\n|inactive|shangenb has 30 seconds left.\n|\n|t:|1776522538\n|move|p2b: Meganium|Protect|p2b: Meganium\n|-singleturn|p2b: Meganium|Protect\n|move|p1a: Sneasler|Dire Claw|p2b: Meganium\n|-activate|p2b: Meganium|move: Protect\n|move|p1b: Aerodactyl|Tailwind|p1b: Aerodactyl\n|-sidestart|p1: shangenb|move: Tailwind\n|move|p2a: Pelipper|Tailwind|p2a: Pelipper\n|-sidestart|p2: The Jagged Queen|move: Tailwind\n|\n|-weather|RainDance|[upkeep]\n|upkeep\n|turn|6\n|\n|t:|1776522558\n|move|p1a: Sneasler|Dire Claw|p2a: Pelipper\n|-damage|p2a: Pelipper|46/100\n|move|p1b: Aerodactyl|Rock Slide|p2a: Pelipper|[spread] p2a,p2b\n|-supereffective|p2a: Pelipper|1\n|-damage|p2a: Pelipper|9/100\n|-damage|p2b: Meganium|81/100\n|cant|p2b: Meganium|flinch\n|cant|p2a: Pelipper|flinch\n|\n|-weather|RainDance|[upkeep]\n|upkeep\n|turn|7\n|\n|t:|1776522574\n|move|p2a: Pelipper|Wide Guard|p2a: Pelipper\n|-singleturn|p2a: Pelipper|Wide Guard\n|move|p1a: Sneasler|Dire Claw|p2b: Meganium\n|-supereffective|p2b: Meganium|2\n|-damage|p2b: Meganium|0 fnt\n|faint|p2b: Meganium\n|move|p1b: Aerodactyl|Rock Slide|p2a: Pelipper\n|-activate|p2a: Pelipper|move: Wide Guard\n|\n|-weather|RainDance|[upkeep]\n|upkeep\n|\n|t:|1776522579\n|switch|p2b: Incineroar|Incineroar, L50, M|57/100\n|-ability|p2b: Incineroar|Intimidate|boost\n|-unboost|p1a: Sneasler|atk|1\n|-unboost|p1b: Aerodactyl|atk|1\n|turn|8\n|\n|t:|1776522590\n|move|p1a: Sneasler|Protect|p1a: Sneasler\n|-singleturn|p1a: Sneasler|Protect\n|move|p1b: Aerodactyl|Protect|p1b: Aerodactyl\n|-singleturn|p1b: Aerodactyl|Protect\n|move|p2b: Incineroar|Fake Out|p1b: Aerodactyl\n|-activate|p1b: Aerodactyl|move: Protect\n|move|p2a: Pelipper|Weather Ball|p1a: Sneasler\n|-activate|p1a: Sneasler|move: Protect\n|\n|-weather|none\n|-sideend|p2: The Jagged Queen|move: Tailwind\n|-sideend|p1: shangenb|move: Tailwind\n|upkeep\n|turn|9\n|\n|t:|1776522613\n|move|p2a: Pelipper|Wide Guard|p2a: Pelipper\n|-singleturn|p2a: Pelipper|Wide Guard\n|move|p1a: Sneasler|Dire Claw|p2a: Pelipper\n|-damage|p2a: Pelipper|0 fnt\n|faint|p2a: Pelipper\n|move|p1b: Aerodactyl|Rock Slide|p2b: Incineroar\n|-activate|p2b: Incineroar|move: Wide Guard\n|move|p2b: Incineroar|Flare Blitz|p1a: Sneasler\n|-damage|p1a: Sneasler|0 fnt\n|faint|p1a: Sneasler\n|-damage|p2b: Incineroar|39/100|[from] Recoil\n|\n|upkeep\n|\n|t:|1776522628\n|switch|p1a: Floette|Floette-Mega, L50, F|73/100\n|-ability|p1a: Floette|Fairy Aura\n|turn|10\n|\n|t:|1776522635\n|move|p1b: Aerodactyl|Rock Slide|p2b: Incineroar\n|-supereffective|p2b: Incineroar|1\n|-damage|p2b: Incineroar|1/100\n|move|p1a: Floette|Moonblast|p2b: Incineroar\n|-damage|p2b: Incineroar|0 fnt\n|faint|p2b: Incineroar\n|\n|win|shangenb\n|raw|shangenb's rating: 1207 &rarr; <strong>1226</strong><br />(+19 for winning)\n|raw|The Jagged Queen's rating: 1117 &rarr; <strong>1098</strong><br />(-19 for losing)\n|l|\u203dThe Jagged Queen\n|player|p2|\n",
  "uploadtime": 1776522647,
  "views": 16,
  "formatid": "gen9championsvgc2026regma",
  "rating": 1098,
  "private": 0,
  "password": null
}