{
  "id": "gen9championsvgc2026regma-2584307339",
  "format": "[Gen 9 Champions] VGC 2026 Reg M-A",
  "players": [
    "Thanh16",
    "lunakeys"
  ],
  "log": "|j|\u2606Thanh16\n|j|\u2606lunakeys\n|t:|1776249542\n|gametype|doubles\n|player|p1|Thanh16|roxie|1142\n|player|p2|lunakeys|gwynn|1213\n|gen|9\n|tier|[Gen 9 Champions] VGC 2026 Reg M-A\n|rated|\n|rule|Species Clause: Limit one of each Pok\u00e9mon\n|rule|Item Clause: Limit 1 of each item\n|clearpoke\n|poke|p1|Typhlosion-Hisui, L50, M|\n|poke|p1|Sneasler, L50, M|\n|poke|p1|Glimmora, L50, M|\n|poke|p1|Sinistcha, L50|\n|poke|p1|Crabominable, L50, M|\n|poke|p1|Farigiraf, L50, M|\n|poke|p2|Banette, L50, F|\n|poke|p2|Sneasler, L50, F|\n|poke|p2|Whimsicott, L50, F|\n|poke|p2|Maushold-Four, L50|\n|poke|p2|Incineroar, L50, F|\n|poke|p2|Araquanid, L50, F|\n|teampreview|4\n|inactive|Battle timer is ON: inactive players will automatically lose when time's up. (requested by Thanh16)\n|inactive|lunakeys has 60 seconds left.\n|\n|t:|1776249589\n|teamsize|p1|4\n|teamsize|p2|4\n|start\n|switch|p1a: Velves|Typhlosion-Hisui, L50, M, shiny|100/100\n|switch|p1b: Tim|Sneasler, L50, M, shiny|100/100\n|switch|p2a: Banette|Banette, L50, F, shiny|100/100\n|switch|p2b: Araquanid|Araquanid, L50, F|100/100\n|-item|p1a: Velves|Choice Scarf|[from] ability: Frisk|[of] p2a: Banette\n|-item|p1b: Tim|White Herb|[from] ability: Frisk|[of] p2a: Banette\n|turn|1\n|\n|t:|1776249609\n|detailschange|p2a: Banette|Banette-Mega, L50, F, shiny\n|-mega|p2a: Banette|Banette|Banettite\n|move|p2b: Araquanid|Wide Guard|p2b: Araquanid\n|-singleturn|p2b: Araquanid|Wide Guard\n|move|p2a: Banette|Shadow Sneak|p1a: Velves\n|-supereffective|p1a: Velves|1\n|-damage|p1a: Velves|22/100\n|move|p1a: Velves|Eruption|p2b: Araquanid|[spread] \n|-activate|p2a: Banette|move: Wide Guard\n|-activate|p2b: Araquanid|move: Wide Guard\n|move|p1b: Tim|Close Combat|p2b: Araquanid\n|-resisted|p2b: Araquanid|1\n|-damage|p2b: Araquanid|76/100\n|-unboost|p1b: Tim|def|1\n|-unboost|p1b: Tim|spd|1\n|-enditem|p1b: Tim|White Herb\n|-clearnegativeboost|p1b: Tim|[silent]\n|\n|-heal|p2b: Araquanid|82/100|[from] item: Leftovers\n|upkeep\n|turn|2\n|inactive|lunakeys has 30 seconds left.\n|\n|t:|1776249635\n|move|p2a: Banette|Shadow Sneak|p1b: Tim\n|-damage|p1b: Tim|55/100\n|move|p1b: Tim|Dire Claw|p2a: Banette\n|-resisted|p2a: Banette|1\n|-damage|p2a: Banette|67/100\n|move|p1a: Velves|Eruption|p2b: Araquanid|[spread] p2a,p2b\n|-damage|p2a: Banette|41/100\n|-damage|p2b: Araquanid|75/100\n|move|p2b: Araquanid|Liquidation|p1b: Tim\n|-crit|p1b: Tim\n|-damage|p1b: Tim|0 fnt\n|faint|p1b: Tim\n|\n|-heal|p2b: Araquanid|81/100|[from] item: Leftovers\n|upkeep\n|\n|t:|1776249641\n|switch|p1b: Farigiraf|Farigiraf, L50, M, shiny|100/100\n|turn|3\n|\n|t:|1776249651\n|move|p1a: Velves|Eruption|p2b: Araquanid|[spread] p2a,p2b\n|-damage|p2a: Banette|14/100\n|-damage|p2b: Araquanid|74/100\n|move|p2a: Banette|Poltergeist|p1a: Velves\n|-activate|p1a: Velves|move: Poltergeist|Choice Scarf\n|-supereffective|p1a: Velves|1\n|-damage|p1a: Velves|0 fnt\n|faint|p1a: Velves\n|move|p2b: Araquanid|Leech Life|p1b: Farigiraf\n|-supereffective|p1b: Farigiraf|1\n|-damage|p1b: Farigiraf|48/100\n|-heal|p2b: Araquanid|100/100|[from] drain|[of] p1b: Farigiraf\n|-enditem|p1b: Farigiraf|Sitrus Berry|[eat]\n|-heal|p1b: Farigiraf|73/100|[from] item: Sitrus Berry\n|move|p1b: Farigiraf|Trick Room|p1b: Farigiraf\n|-fieldstart|move: Trick Room|[of] p1b: Farigiraf\n|\n|upkeep\n|\n|t:|1776249656\n|switch|p1a: Crabominable|Crabominable, L50, M, shiny|100/100\n|turn|4\n|\n|t:|1776249675\n|detailschange|p1a: Crabominable|Crabominable-Mega, L50, M, shiny\n|-mega|p1a: Crabominable|Crabominable|Crabominite\n|move|p2a: Banette|Protect|p2a: Banette\n|-singleturn|p2a: Banette|Protect\n|move|p1a: Crabominable|Ice Hammer|p2b: Araquanid\n|-resisted|p2b: Araquanid|1\n|-damage|p2b: Araquanid|67/100\n|-unboost|p1a: Crabominable|spe|1\n|move|p2b: Araquanid|Leech Life|p1b: Farigiraf\n|-supereffective|p1b: Farigiraf|1\n|-damage|p1b: Farigiraf|23/100\n|-heal|p2b: Araquanid|97/100|[from] drain|[of] p1b: Farigiraf\n|move|p1b: Farigiraf|Dazzling Gleam|p2b: Araquanid|[spread] p2b\n|-activate|p2a: Banette|move: Protect\n|-damage|p2b: Araquanid|81/100\n|\n|-heal|p2b: Araquanid|87/100|[from] item: Leftovers\n|upkeep\n|turn|5\n|\n|t:|1776249695\n|switch|p2a: Incineroar|Incineroar, L50, F|100/100\n|-ability|p2a: Incineroar|Intimidate|boost\n|-unboost|p1a: Crabominable|atk|1\n|-unboost|p1b: Farigiraf|atk|1\n|move|p1a: Crabominable|Ice Hammer|p2b: Araquanid\n|-resisted|p2b: Araquanid|1\n|-damage|p2b: Araquanid|66/100\n|-unboost|p1a: Crabominable|spe|1\n|move|p2b: Araquanid|Liquidation|p1b: Farigiraf\n|-damage|p1b: Farigiraf|0 fnt\n|faint|p1b: Farigiraf\n|\n|-heal|p2b: Araquanid|72/100|[from] item: Leftovers\n|upkeep\n|turn|6\n|inactive|lunakeys has 30 seconds left.\n|inactive|lunakeys has 20 seconds left.\n|inactive|lunakeys has 15 seconds left.\n|\n|t:|1776249738\n|move|p2a: Incineroar|Fake Out|p1a: Crabominable\n|-crit|p1a: Crabominable\n|-damage|p1a: Crabominable|89/100\n|cant|p1a: Crabominable|flinch\n|move|p2b: Araquanid|Liquidation|p1a: Crabominable\n|-damage|p1a: Crabominable|54/100\n|\n|-heal|p2b: Araquanid|78/100|[from] item: Leftovers\n|upkeep\n|turn|7\n|-message|Thanh16 forfeited.\n|\n|win|lunakeys\n|raw|Thanh16's rating: 1142 &rarr; <strong>1122</strong><br />(-20 for losing)\n|raw|lunakeys's rating: 1213 &rarr; <strong>1233</strong><br />(+20 for winning)\n|l|\u2606Thanh16\n|player|p1|\n",
  "uploadtime": 1776249756,
  "views": 26,
  "formatid": "gen9championsvgc2026regma",
  "rating": 1122,
  "private": 0,
  "password": null
}