{
  "id": "gen9championsvgc2026regma-2582919443",
  "format": "[Gen 9 Champions] VGC 2026 Reg M-A",
  "players": [
    "YakonSavikov",
    "JesHX11"
  ],
  "log": "|j|\u203dYakonSavikov\n|j|\u2606JesHX11\n|t:|1776124992\n|gametype|doubles\n|player|p1|YakonSavikov|drayton|1159\n|player|p2|JesHX11|266|1183\n|gen|9\n|tier|[Gen 9 Champions] VGC 2026 Reg M-A\n|rated|\n|rule|Species Clause: Limit one of each Pok\u00e9mon\n|rule|Item Clause: Limit 1 of each item\n|clearpoke\n|poke|p1|Lopunny, L50, M|\n|poke|p1|Gardevoir, L50, F|\n|poke|p1|Aerodactyl, L50, M|\n|poke|p1|Chesnaught, L50, M|\n|poke|p1|Rotom-Heat, L50|\n|poke|p1|Garchomp, L50, F|\n|poke|p2|Gyarados, L50, F|\n|poke|p2|Ampharos, L50, M|\n|poke|p2|Farigiraf, L50, F|\n|poke|p2|Crabominable, L50, F|\n|poke|p2|Sinistcha, L50|\n|poke|p2|Torkoal, L50, F|\n|teampreview|4\n|inactive|Battle timer is ON: inactive players will automatically lose when time's up. (requested by JesHX11)\n|\n|t:|1776125027\n|teamsize|p1|4\n|teamsize|p2|4\n|start\n|switch|p1a: Lopunny|Lopunny, L50, M|100/100\n|switch|p1b: Chesnaught|Chesnaught, L50, M|100/100\n|switch|p2a: Crabominable|Crabominable, L50, F|100/100\n|switch|p2b: Farigiraf|Farigiraf, L50, F|100/100\n|turn|1\n|\n|t:|1776125044\n|detailschange|p1b: Chesnaught|Chesnaught-Mega, L50, M\n|-mega|p1b: Chesnaught|Chesnaught|Chesnaughtite\n|move|p2a: Crabominable|Protect|p2a: Crabominable\n|-singleturn|p2a: Crabominable|Protect\n|move|p1a: Lopunny|U-turn|p2b: Farigiraf\n|-supereffective|p2b: Farigiraf|1\n|-damage|p2b: Farigiraf|71/100\n|\n|t:|1776125053\n|switch|p1a: Rotom|Rotom-Heat, L50|100/100|[from] U-turn\n|move|p1b: Chesnaught|Body Press|p2a: Crabominable\n|-activate|p2a: Crabominable|move: Protect\n|move|p2b: Farigiraf|Trick Room|p2b: Farigiraf\n|-fieldstart|move: Trick Room|[of] p2b: Farigiraf\n|\n|upkeep\n|turn|2\n|inactive|JesHX11 has 30 seconds left.\n|\n|t:|1776125079\n|detailschange|p2a: Crabominable|Crabominable-Mega, L50, F\n|-mega|p2a: Crabominable|Crabominable|Crabominite\n|move|p2b: Farigiraf|Helping Hand|p2a: Crabominable\n|-singleturn|p2a: Crabominable|Helping Hand|[of] p2b: Farigiraf\n|move|p1b: Chesnaught|Spiky Shield|p1b: Chesnaught\n|-singleturn|p1b: Chesnaught|move: Protect\n|move|p2a: Crabominable|Drain Punch|p1a: Rotom\n|-damage|p1a: Rotom|10/100\n|-enditem|p1a: Rotom|Sitrus Berry|[eat]\n|-heal|p1a: Rotom|35/100|[from] item: Sitrus Berry\n|move|p1a: Rotom|Will-O-Wisp|p2a: Crabominable|[miss]\n|-miss|p1a: Rotom|p2a: Crabominable\n|\n|upkeep\n|turn|3\n|inactive|JesHX11 has 30 seconds left.\n|inactive|YakonSavikov has 30 seconds left.\n|\n|t:|1776125110\n|move|p2a: Crabominable|Drain Punch|p1a: Rotom\n|-damage|p1a: Rotom|0 fnt\n|faint|p1a: Rotom\n|move|p1b: Chesnaught|Body Press|p2a: Crabominable\n|-supereffective|p2a: Crabominable|1\n|-damage|p2a: Crabominable|26/100\n|move|p2b: Farigiraf|Dazzling Gleam|p1b: Chesnaught\n|-supereffective|p1b: Chesnaught|1\n|-damage|p1b: Chesnaught|67/100\n|\n|upkeep\n|\n|t:|1776125126\n|switch|p1a: Garchomp|Garchomp, L50, F|100/100\n|turn|4\n|\n|t:|1776125137\n|move|p2a: Crabominable|Ice Hammer|p1a: Garchomp\n|-supereffective|p1a: Garchomp|2\n|-enditem|p1a: Garchomp|Yache Berry|[eat]\n|-enditem|p1a: Garchomp|Yache Berry|[weaken]\n|-damage|p1a: Garchomp|0 fnt\n|-unboost|p2a: Crabominable|spe|1\n|-damage|p2a: Crabominable|14/100|[from] ability: Rough Skin|[of] p1a: Garchomp\n|faint|p1a: Garchomp\n|move|p1b: Chesnaught|Leech Seed|p2b: Farigiraf\n|-start|p2b: Farigiraf|move: Leech Seed\n|move|p2b: Farigiraf|Dazzling Gleam|p1b: Chesnaught\n|-supereffective|p1b: Chesnaught|1\n|-damage|p1b: Chesnaught|31/100\n|\n|-damage|p2b: Farigiraf|59/100|[from] Leech Seed|[of] p1b: Chesnaught\n|-heal|p1b: Chesnaught|48/100|[silent]\n|upkeep\n|\n|t:|1776125153\n|switch|p1a: Lopunny|Lopunny, L50, M|100/100\n|turn|5\n|\n|t:|1776125167\n|move|p2b: Farigiraf|Helping Hand|p2a: Crabominable\n|-singleturn|p2a: Crabominable|Helping Hand|[of] p2b: Farigiraf\n|move|p1b: Chesnaught|Spiky Shield|p1b: Chesnaught\n|-singleturn|p1b: Chesnaught|move: Protect\n|move|p2a: Crabominable|Drain Punch|p1a: Lopunny\n|-supereffective|p1a: Lopunny|1\n|-damage|p1a: Lopunny|0 fnt\n|-heal|p2a: Crabominable|53/100|[from] drain|[of] p1a: Lopunny\n|faint|p1a: Lopunny\n|\n|-damage|p2b: Farigiraf|47/100|[from] Leech Seed|[of] p1b: Chesnaught\n|-heal|p1b: Chesnaught|65/100|[silent]\n|-fieldend|move: Trick Room\n|upkeep\n|turn|6\n|\n|t:|1776125190\n|move|p2b: Farigiraf|Dazzling Gleam|p1b: Chesnaught\n|-supereffective|p1b: Chesnaught|1\n|-damage|p1b: Chesnaught|25/100\n|move|p1b: Chesnaught|Body Press|p2b: Farigiraf\n|-damage|p2b: Farigiraf|0 fnt\n|faint|p2b: Farigiraf\n|move|p2a: Crabominable|Ice Hammer|p1b: Chesnaught\n|-supereffective|p1b: Chesnaught|1\n|-damage|p1b: Chesnaught|0 fnt\n|-unboost|p2a: Crabominable|spe|1\n|faint|p1b: Chesnaught\n|\n|win|JesHX11\n|raw|YakonSavikov's rating: 1159 &rarr; <strong>1136</strong><br />(-23 for losing)\n|raw|JesHX11's rating: 1183 &rarr; <strong>1206</strong><br />(+23 for winning)\n",
  "uploadtime": 1776125203,
  "views": 17,
  "formatid": "gen9championsvgc2026regma",
  "rating": 1136,
  "private": 0,
  "password": null
}