{
  "id": "gen9championsvgc2026regma-2581281823",
  "format": "[Gen 9 Champions] VGC 2026 Reg M-A",
  "players": [
    "sonic1",
    "sjysjy"
  ],
  "log": "|j|\u2606sonic1\n|j|\u2606sjysjy\n|t:|1775980847\n|gametype|doubles\n|player|p1|sonic1|169|1313\n|player|p2|sjysjy|265|1360\n|gen|9\n|tier|[Gen 9 Champions] VGC 2026 Reg M-A\n|rated|\n|rule|Species Clause: Limit one of each Pok\u00e9mon\n|rule|Item Clause: Limit 1 of each item\n|clearpoke\n|poke|p1|Whimsicott, L50, F|\n|poke|p1|Charizard, L50, F|\n|poke|p1|Sneasler, L50, M|\n|poke|p1|Garchomp, L50, M|\n|poke|p1|Kingambit, L50, F|\n|poke|p1|Farigiraf, L50, M|\n|poke|p2|Gengar, L50, F|\n|poke|p2|Garchomp, L50, M|\n|poke|p2|Whimsicott, L50, M|\n|poke|p2|Typhlosion-Hisui, L50, F|\n|poke|p2|Kingambit, L50, M|\n|poke|p2|Rotom-Wash, L50|\n|teampreview|4\n|inactive|Battle timer is ON: inactive players will automatically lose when time's up. (requested by sonic1)\n|inactive|sonic1 has 60 seconds left.\n|j| gE1xjZRtuhW2DdT0AK\n|\n|t:|1775980892\n|teamsize|p1|4\n|teamsize|p2|4\n|start\n|switch|p1a: Farigiraf|Farigiraf, L50, M|100/100\n|switch|p1b: Kingambit|Kingambit, L50, F|100/100\n|switch|p2a: Rotom|Rotom-Wash, L50|100/100\n|switch|p2b: Garchomp|Garchomp, L50, M|100/100\n|turn|1\n|\n|t:|1775980911\n|move|p1b: Kingambit|Protect|p1b: Kingambit\n|-singleturn|p1b: Kingambit|Protect\n|move|p2b: Garchomp|Earthquake|p1b: Kingambit|[spread] p1a\n|-activate|p1b: Kingambit|move: Protect\n|-immune|p2a: Rotom|[from] ability: Levitate\n|-damage|p1a: Farigiraf|60/100\n|move|p2a: Rotom|Volt Switch|p1a: Farigiraf\n|-damage|p1a: Farigiraf|30/100\n|-enditem|p1a: Farigiraf|Sitrus Berry|[eat]\n|-heal|p1a: Farigiraf|55/100|[from] item: Sitrus Berry\n|\n|t:|1775980916\n|switch|p2a: Kingambit|Kingambit, L50, M|100/100|[from] Volt Switch\n|move|p1a: Farigiraf|Trick Room|p1a: Farigiraf\n|-fieldstart|move: Trick Room|[of] p1a: Farigiraf\n|\n|upkeep\n|turn|2\n|inactive|sonic1 has 30 seconds left.\n|\n|t:|1775980942\n|switch|p1b: Charizard|Charizard, L50, F|100/100\n|move|p2b: Garchomp|Protect|p2b: Garchomp\n|-singleturn|p2b: Garchomp|Protect\n|move|p1a: Farigiraf|Hyper Voice|p2b: Garchomp|[spread] p2a\n|-activate|p2b: Garchomp|move: Protect\n|-resisted|p2a: Kingambit|1\n|-damage|p2a: Kingambit|82/100\n|move|p2a: Kingambit|Low Kick|p1b: Charizard\n|-resisted|p1b: Charizard|1\n|-damage|p1b: Charizard|83/100\n|\n|upkeep\n|turn|3\n|\n|t:|1775980962\n|detailschange|p1b: Charizard|Charizard-Mega-Y, L50, F\n|-mega|p1b: Charizard|Charizard|Charizardite Y\n|-weather|SunnyDay|[from] ability: Drought|[of] p1b: Charizard\n|move|p1a: Farigiraf|Helping Hand|p1b: Charizard\n|-singleturn|p1b: Charizard|Helping Hand|[of] p1a: Farigiraf\n|move|p2a: Kingambit|Kowtow Cleave|p1a: Farigiraf\n|-supereffective|p1a: Farigiraf|1\n|-damage|p1a: Farigiraf|0 fnt\n|faint|p1a: Farigiraf\n|move|p1b: Charizard|Heat Wave|p2b: Garchomp|[spread] p2a,p2b\n|-supereffective|p2a: Kingambit|1\n|-resisted|p2b: Garchomp|1\n|-damage|p2a: Kingambit|0 fnt\n|-damage|p2b: Garchomp|48/100\n|faint|p2a: Kingambit\n|move|p2b: Garchomp|Rock Slide|p1b: Charizard\n|-supereffective|p1b: Charizard|2\n|-damage|p1b: Charizard|0 fnt\n|faint|p1b: Charizard\n|\n|-weather|SunnyDay|[upkeep]\n|-heal|p2b: Garchomp|53/100|[from] item: Leftovers\n|upkeep\n|\n|t:|1775980980\n|switch|p2a: Rotom|Rotom-Wash, L50|100/100\n|switch|p1a: Kingambit|Kingambit, L50, F|100/100\n|switch|p1b: Garchomp|Garchomp, L50, M|100/100\n|turn|4\n|\n|t:|1775980998\n|move|p2b: Garchomp|Protect|p2b: Garchomp\n|-singleturn|p2b: Garchomp|Protect\n|move|p1a: Kingambit|Kowtow Cleave|p2a: Rotom\n|-damage|p2a: Rotom|34/100\n|-enditem|p2a: Rotom|Sitrus Berry|[eat]\n|-heal|p2a: Rotom|58/100|[from] item: Sitrus Berry\n|move|p2a: Rotom|Will-O-Wisp|p1b: Garchomp\n|-status|p1b: Garchomp|brn\n|move|p1b: Garchomp|Stomping Tantrum|p2b: Garchomp\n|-activate|p2b: Garchomp|move: Protect\n|\n|-weather|SunnyDay|[upkeep]\n|-heal|p2b: Garchomp|59/100|[from] item: Leftovers\n|-damage|p1b: Garchomp|95/100 brn|[from] brn\n|upkeep\n|turn|5\n|\n|t:|1775981015\n|move|p1a: Kingambit|Kowtow Cleave|p2a: Rotom\n|-damage|p2a: Rotom|0 fnt\n|faint|p2a: Rotom\n|move|p2b: Garchomp|Earthquake|p1b: Garchomp|[spread] p1a,p1b\n|-supereffective|p1a: Kingambit|1\n|-damage|p1a: Kingambit|44/100\n|-damage|p1b: Garchomp|55/100 brn\n|move|p1b: Garchomp|Stomping Tantrum|p2b: Garchomp\n|-damage|p2b: Garchomp|39/100\n|-damage|p1b: Garchomp|43/100 brn|[from] ability: Rough Skin|[of] p2b: Garchomp\n|\n|-weather|SunnyDay|[upkeep]\n|-heal|p2b: Garchomp|45/100|[from] item: Leftovers\n|-damage|p1b: Garchomp|37/100 brn|[from] brn\n|-fieldend|move: Trick Room\n|upkeep\n|\n|t:|1775981024\n|switch|p2a: Gengar|Gengar, L50, F|100/100\n|turn|6\n|\n|t:|1775981048\n|detailschange|p2a: Gengar|Gengar-Mega, L50, F\n|-mega|p2a: Gengar|Gengar|Gengarite\n|move|p2b: Garchomp|Protect|p2b: Garchomp\n|-singleturn|p2b: Garchomp|Protect\n|move|p1b: Garchomp|Stomping Tantrum|p2a: Gengar\n|-supereffective|p2a: Gengar|1\n|-damage|p2a: Gengar|43/100\n|move|p2a: Gengar|Icy Wind|p1a: Kingambit|[spread] p1a,p1b\n|-resisted|p1a: Kingambit|1\n|-crit|p1a: Kingambit\n|-supereffective|p1b: Garchomp|2\n|-damage|p1a: Kingambit|30/100\n|-damage|p1b: Garchomp|0 fnt\n|-unboost|p1a: Kingambit|spe|1\n|-ability|p1a: Kingambit|Defiant|boost\n|-boost|p1a: Kingambit|atk|2\n|faint|p1b: Garchomp\n|move|p1a: Kingambit|Kowtow Cleave|p2b: Garchomp\n|-activate|p2b: Garchomp|move: Protect\n|\n|-weather|SunnyDay|[upkeep]\n|-heal|p2b: Garchomp|51/100|[from] item: Leftovers\n|upkeep\n|turn|7\n|-message|sonic1 forfeited.\n|\n|win|sjysjy\n|raw|sonic1's rating: 1313 &rarr; <strong>1296</strong><br />(-17 for losing)\n|raw|sjysjy's rating: 1360 &rarr; <strong>1377</strong><br />(+17 for winning)\n|l|\u2606sonic1\n|player|p1|\n|l|\u2606sjysjy\n|player|p2|\n",
  "uploadtime": 1775981092,
  "views": 21,
  "formatid": "gen9championsvgc2026regma",
  "rating": 1296,
  "private": 0,
  "password": null
}