{
  "id": "gen9championsvgc2026regma-2584865179",
  "format": "[Gen 9 Champions] VGC 2026 Reg M-A",
  "players": [
    "Quetzal06",
    "Justdock"
  ],
  "log": "|j|\u2606Quetzal06\n|j|\u2606Justdock\n|t:|1776289785\n|gametype|doubles\n|player|p1|Quetzal06|volkner|1105\n|player|p2|Justdock|169|1083\n|gen|9\n|tier|[Gen 9 Champions] VGC 2026 Reg M-A\n|rated|\n|rule|Species Clause: Limit one of each Pok\u00e9mon\n|rule|Item Clause: Limit 1 of each item\n|clearpoke\n|poke|p1|Tyranitar, L50, F|\n|poke|p1|Excadrill, L50, F|\n|poke|p1|Corviknight, L50, M|\n|poke|p1|Sinistcha, L50|\n|poke|p1|Sneasler, L50, M|\n|poke|p1|Rotom-Wash, L50|\n|poke|p2|Milotic, L50, M|\n|poke|p2|Snorlax, L50, M|\n|poke|p2|Dragonite, L50, F|\n|poke|p2|Sneasler, L50, M|\n|poke|p2|Chesnaught, L50, M|\n|poke|p2|Sinistcha, L50|\n|teampreview|4\n|inactive|Battle timer is ON: inactive players will automatically lose when time's up. (requested by Justdock)\n|\n|t:|1776289834\n|teamsize|p1|4\n|teamsize|p2|4\n|start\n|switch|p1a: Sneasler|Sneasler, L50, M|100/100\n|switch|p1b: Sinistcha|Sinistcha, L50|100/100\n|switch|p2a: Chesnaught|Chesnaught, L50, M|100/100\n|switch|p2b: Sneasler|Sneasler, L50, M|100/100\n|turn|1\n|inactive|Quetzal06 has 30 seconds left.\n|inactive|Quetzal06 has 20 seconds left.\n|inactive|Quetzal06 has 15 seconds left.\n|inactive|Quetzal06 has 10 seconds left.\n|\n|t:|1776289883\n|detailschange|p2a: Chesnaught|Chesnaught-Mega, L50, M\n|-mega|p2a: Chesnaught|Chesnaught|Chesnaughtite\n|move|p1a: Sneasler|Fake Out|p2a: Chesnaught\n|-damage|p2a: Chesnaught|94/100\n|move|p2b: Sneasler|Dire Claw|p1b: Sinistcha\n|-damage|p1b: Sinistcha|75/100\n|-status|p1b: Sinistcha|par\n|cant|p2a: Chesnaught|flinch\n|move|p1b: Sinistcha|Strength Sap|p2a: Chesnaught\n|-unboost|p2a: Chesnaught|atk|1\n|-heal|p1b: Sinistcha|100/100 par\n|\n|upkeep\n|turn|2\n|inactive|Quetzal06 has 30 seconds left.\n|inactive|Justdock has 30 seconds left.\n|\n|t:|1776289920\n|cant|p1b: Sinistcha|par\n|move|p1a: Sneasler|Dire Claw|p2a: Chesnaught\n|-supereffective|p2a: Chesnaught|1\n|-damage|p2a: Chesnaught|59/100\n|move|p2b: Sneasler|Dire Claw|p1a: Sneasler\n|-resisted|p1a: Sneasler|1\n|-damage|p1a: Sneasler|70/100\n|move|p2a: Chesnaught|Iron Defense|p2a: Chesnaught\n|-boost|p2a: Chesnaught|def|2\n|\n|upkeep\n|turn|3\n|inactive|Quetzal06 has 30 seconds left.\n|inactive|Quetzal06 has 20 seconds left.\n|inactive|Quetzal06 has 15 seconds left.\n|inactive|Quetzal06 has 10 seconds left.\n|inactive|Quetzal06 has 5 seconds left.\n|\n|t:|1776289974\n|switch|p2b: Sinistcha|Sinistcha, L50|100/100\n|-heal|p2a: Chesnaught|84/100|[from] ability: Hospitality|[of] p2b: Sinistcha\n|switch|p1a: Corviknight|Corviknight, L50, M|100/100\n|move|p2a: Chesnaught|Protect|p2a: Chesnaught\n|-singleturn|p2a: Chesnaught|Protect\n|move|p1b: Sinistcha|Strength Sap|p2a: Chesnaught\n|-activate|p2a: Chesnaught|move: Protect\n|\n|upkeep\n|turn|4\n|inactive|Justdock has 30 seconds left.\n|\n|t:|1776290003\n|switch|p2b: Dragonite|Dragonite, L50, F|100/100\n|move|p1b: Sinistcha|Protect|p1b: Sinistcha\n|-singleturn|p1b: Sinistcha|Protect\n|move|p1a: Corviknight|Tailwind|p1a: Corviknight\n|-sidestart|p1: Quetzal06|move: Tailwind\n|move|p2a: Chesnaught|Knock Off|p1b: Sinistcha\n|-activate|p1b: Sinistcha|move: Protect\n|\n|upkeep\n|turn|5\n|\n|t:|1776290027\n|move|p1b: Sinistcha|Rage Powder|p1b: Sinistcha\n|-singleturn|p1b: Sinistcha|move: Rage Powder\n|move|p1a: Corviknight|Brave Bird|p2a: Chesnaught\n|-supereffective|p2a: Chesnaught|2\n|-damage|p2a: Chesnaught|51/100\n|-damage|p1a: Corviknight|90/100|[from] Recoil\n|move|p2b: Dragonite|Flamethrower|p1b: Sinistcha\n|-supereffective|p1b: Sinistcha|1\n|-damage|p1b: Sinistcha|48/100 par\n|-enditem|p1b: Sinistcha|Sitrus Berry|[eat]\n|-heal|p1b: Sinistcha|72/100 par|[from] item: Sitrus Berry\n|move|p2a: Chesnaught|Knock Off|p1b: Sinistcha\n|-supereffective|p1b: Sinistcha|1\n|-damage|p1b: Sinistcha|52/100 par\n|\n|-heal|p1a: Corviknight|96/100|[from] item: Leftovers\n|upkeep\n|turn|6\n|\n|t:|1776290049\n|switch|p1b: Tyranitar|Tyranitar, L50, F|100/100\n|-weather|Sandstorm|[from] ability: Sand Stream|[of] p1b: Tyranitar\n|move|p1a: Corviknight|Brave Bird|p2a: Chesnaught\n|-supereffective|p2a: Chesnaught|2\n|-damage|p2a: Chesnaught|18/100\n|-damage|p1a: Corviknight|86/100|[from] Recoil\n|move|p2b: Dragonite|Flamethrower|p1b: Tyranitar\n|-resisted|p1b: Tyranitar|1\n|-damage|p1b: Tyranitar|91/100\n|move|p2a: Chesnaught|Iron Defense|p2a: Chesnaught\n|-boost|p2a: Chesnaught|def|2\n|\n|-weather|Sandstorm|[upkeep]\n|-damage|p2b: Dragonite|95/100|[from] Sandstorm\n|-damage|p2a: Chesnaught|12/100|[from] Sandstorm\n|-heal|p1a: Corviknight|92/100|[from] item: Leftovers\n|upkeep\n|turn|7\n|inactive|Quetzal06 has 30 seconds left.\n|inactive|Quetzal06 has 20 seconds left.\n|inactive|Quetzal06 has 15 seconds left.\n|inactive|Quetzal06 has 10 seconds left.\n|\n|t:|1776290097\n|switch|p2b: Sinistcha|Sinistcha, L50|100/100\n|-heal|p2a: Chesnaught|36/100|[from] ability: Hospitality|[of] p2b: Sinistcha\n|detailschange|p1b: Tyranitar|Tyranitar-Mega, L50, F\n|-mega|p1b: Tyranitar|Tyranitar|Tyranitarite\n|move|p2a: Chesnaught|Protect|p2a: Chesnaught\n|-singleturn|p2a: Chesnaught|Protect\n|move|p1b: Tyranitar|Rock Slide|p2a: Chesnaught|[spread] p2b\n|-activate|p2a: Chesnaught|move: Protect\n|-damage|p2b: Sinistcha|73/100\n|move|p1a: Corviknight|Brave Bird|p2b: Sinistcha\n|-supereffective|p2b: Sinistcha|1\n|-damage|p2b: Sinistcha|18/100\n|-damage|p1a: Corviknight|77/100|[from] Recoil\n|\n|-weather|Sandstorm|[upkeep]\n|-damage|p2b: Sinistcha|12/100|[from] Sandstorm\n|-damage|p2a: Chesnaught|30/100|[from] Sandstorm\n|-heal|p1a: Corviknight|83/100|[from] item: Leftovers\n|-sideend|p1: Quetzal06|move: Tailwind\n|upkeep\n|turn|8\n|\n|t:|1776290120\n|move|p1b: Tyranitar|Protect|p1b: Tyranitar\n|-singleturn|p1b: Tyranitar|Protect\n|move|p2b: Sinistcha|Rage Powder|p2b: Sinistcha\n|-singleturn|p2b: Sinistcha|move: Rage Powder\n|move|p1a: Corviknight|Tailwind|p1a: Corviknight\n|-sidestart|p1: Quetzal06|move: Tailwind\n|move|p2a: Chesnaught|Body Press|p1b: Tyranitar\n|-activate|p1b: Tyranitar|move: Protect\n|\n|-weather|Sandstorm|[upkeep]\n|-damage|p2b: Sinistcha|6/100|[from] Sandstorm\n|-damage|p2a: Chesnaught|24/100|[from] Sandstorm\n|-heal|p1a: Corviknight|89/100|[from] item: Leftovers\n|upkeep\n|turn|9\n|-message|Justdock forfeited.\n|\n|win|Quetzal06\n|raw|Quetzal06's rating: 1105 &rarr; <strong>1128</strong><br />(+23 for winning)\n|raw|Justdock's rating: 1083 &rarr; <strong>1062</strong><br />(-21 for losing)\n|l|\u2606Justdock\n|player|p2|\n",
  "uploadtime": 1776290160,
  "views": 25,
  "formatid": "gen9championsvgc2026regma",
  "rating": 1062,
  "private": 0,
  "password": null
}