{
  "id": "gen9championsvgc2026regma-2582425346",
  "format": "[Gen 9 Champions] VGC 2026 Reg M-A",
  "players": [
    "Art-en-ciel",
    "fjl89"
  ],
  "log": "|j|\u2606Art-en-ciel\n|j|\u2606fjl89\n|t:|1776090860\n|gametype|doubles\n|player|p1|Art-en-ciel|rika|1097\n|player|p2|fjl89|roxie|1000\n|gen|9\n|tier|[Gen 9 Champions] VGC 2026 Reg M-A\n|rated|\n|rule|Species Clause: Limit one of each Pok\u00e9mon\n|rule|Item Clause: Limit 1 of each item\n|clearpoke\n|poke|p1|Gengar, L50, F|\n|poke|p1|Pelipper, L50, F|\n|poke|p1|Basculegion, L50, M|\n|poke|p1|Sneasler, L50, M|\n|poke|p1|Primarina, L50, M|\n|poke|p1|Incineroar, L50, M|\n|poke|p2|Gengar, L50, M|\n|poke|p2|Incineroar, L50, F|\n|poke|p2|Sinistcha, L50|\n|poke|p2|Kingambit, L50, M|\n|poke|p2|Tyranitar, L50, M|\n|poke|p2|Kommo-o, L50, M|\n|teampreview|4\n|\n|t:|1776090931\n|teamsize|p1|4\n|teamsize|p2|4\n|start\n|switch|p1a: Basculegion|Basculegion, L50, M|100/100\n|switch|p1b: Gengar|Gengar, L50, F|100/100\n|switch|p2a: Gengar|Gengar, L50, M|100/100\n|switch|p2b: Incineroar|Incineroar, L50, F|100/100\n|-ability|p2b: Incineroar|Intimidate|boost\n|-unboost|p1a: Basculegion|atk|1\n|-unboost|p1b: Gengar|atk|1\n|turn|1\n|\n|t:|1776090980\n|switch|p2b: Tyranitar|Tyranitar, L50, M|100/100\n|-weather|Sandstorm|[from] ability: Sand Stream|[of] p2b: Tyranitar\n|detailschange|p1b: Gengar|Gengar-Mega, L50, F\n|-mega|p1b: Gengar|Gengar|Gengarite\n|detailschange|p2a: Gengar|Gengar-Mega, L50, M\n|-mega|p2a: Gengar|Gengar|Gengarite\n|move|p1b: Gengar|Sludge Wave|p2b: Tyranitar|[spread] p1a,p2a,p2b\n|-resisted|p1a: Basculegion|1\n|-resisted|p2a: Gengar|2\n|-resisted|p2b: Tyranitar|1\n|-crit|p2b: Tyranitar\n|-damage|p1a: Basculegion|78/100\n|-damage|p2a: Gengar|88/100\n|-damage|p2b: Tyranitar|78/100\n|move|p2a: Gengar|Shadow Ball|p1a: Basculegion\n|-supereffective|p1a: Basculegion|1\n|-damage|p1a: Basculegion|0 fnt\n|faint|p1a: Basculegion\n|\n|-weather|Sandstorm|[upkeep]\n|-damage|p1b: Gengar|95/100|[from] Sandstorm\n|-damage|p2a: Gengar|82/100|[from] Sandstorm\n|upkeep\n|\n|t:|1776090996\n|switch|p1a: Pelipper|Pelipper, L50, F|100/100\n|-weather|RainDance|[from] ability: Drizzle|[of] p1a: Pelipper\n|turn|2\n|\n|t:|1776091014\n|move|p1a: Pelipper|Wide Guard|p1a: Pelipper\n|-singleturn|p1a: Pelipper|Wide Guard\n|move|p1b: Gengar|Shadow Ball|p2a: Gengar\n|-supereffective|p2a: Gengar|1\n|-damage|p2a: Gengar|0 fnt\n|faint|p2a: Gengar\n|move|p2b: Tyranitar|Rock Slide|p1a: Pelipper|[spread] \n|-activate|p1a: Pelipper|move: Wide Guard\n|-activate|p1b: Gengar|move: Wide Guard\n|\n|-weather|RainDance|[upkeep]\n|upkeep\n|\n|t:|1776091023\n|switch|p2a: Incineroar|Incineroar, L50, F|100/100\n|-ability|p2a: Incineroar|Intimidate|boost\n|-unboost|p1a: Pelipper|atk|1\n|-unboost|p1b: Gengar|atk|1\n|turn|3\n|\n|t:|1776091037\n|switch|p1b: Primarina|Primarina, L50, M|100/100\n|move|p1a: Pelipper|Wide Guard|p1a: Pelipper\n|-singleturn|p1a: Pelipper|Wide Guard\n|move|p2a: Incineroar|Fake Out|p1a: Pelipper\n|-damage|p1a: Pelipper|86/100\n|move|p2b: Tyranitar|Rock Slide|p1a: Pelipper|[spread] \n|-activate|p1a: Pelipper|move: Wide Guard\n|-activate|p1b: Primarina|move: Wide Guard\n|\n|-weather|RainDance|[upkeep]\n|upkeep\n|turn|4\n|\n|t:|1776091063\n|switch|p2b: Kommo-o|Kommo-o, L50, M|100/100\n|move|p1a: Pelipper|Wide Guard|p1a: Pelipper\n|-singleturn|p1a: Pelipper|Wide Guard\n|move|p2a: Incineroar|Parting Shot|p1a: Pelipper\n|-unboost|p1a: Pelipper|atk|1\n|-unboost|p1a: Pelipper|spa|1\n|\n|t:|1776091072\n|switch|p2a: Tyranitar|Tyranitar, L50, M|78/100|[from] Parting Shot\n|-weather|Sandstorm|[from] ability: Sand Stream|[of] p2a: Tyranitar\n|move|p1b: Primarina|Hyper Voice|p2a: Tyranitar|[spread] p2a\n|-immune|p2b: Kommo-o|[from] ability: Soundproof\n|-supereffective|p2a: Tyranitar|1\n|-damage|p2a: Tyranitar|23/100\n|\n|-weather|Sandstorm|[upkeep]\n|-damage|p1a: Pelipper|80/100|[from] Sandstorm\n|-damage|p2b: Kommo-o|95/100|[from] Sandstorm\n|-damage|p1b: Primarina|95/100|[from] Sandstorm\n|-heal|p2b: Kommo-o|100/100|[from] item: Leftovers\n|-heal|p1b: Primarina|100/100|[from] item: Leftovers\n|upkeep\n|turn|5\n|\n|t:|1776091103\n|switch|p2b: Incineroar|Incineroar, L50, F|100/100\n|-ability|p2b: Incineroar|Intimidate|boost\n|-unboost|p1a: Pelipper|atk|1\n|-unboost|p1b: Primarina|atk|1\n|move|p1a: Pelipper|Wide Guard|p1a: Pelipper\n|-singleturn|p1a: Pelipper|Wide Guard\n|move|p2a: Tyranitar|Stone Edge|p1a: Pelipper|[miss]\n|-miss|p2a: Tyranitar|p1a: Pelipper\n|move|p1b: Primarina|Moonblast|p2b: Incineroar\n|-damage|p2b: Incineroar|54/100\n|\n|-weather|Sandstorm|[upkeep]\n|-damage|p1a: Pelipper|74/100|[from] Sandstorm\n|-damage|p2b: Incineroar|48/100|[from] Sandstorm\n|-damage|p1b: Primarina|95/100|[from] Sandstorm\n|-heal|p1b: Primarina|100/100|[from] item: Leftovers\n|upkeep\n|turn|6\n|\n|t:|1776091130\n|switch|p1a: Gengar|Gengar-Mega, L50, F|95/100\n|move|p2b: Incineroar|Fake Out|p1b: Primarina\n|-damage|p1b: Primarina|88/100\n|move|p2a: Tyranitar|Stone Edge|p1a: Gengar\n|-damage|p1a: Gengar|0 fnt\n|faint|p1a: Gengar\n|cant|p1b: Primarina|flinch\n|\n|-weather|Sandstorm|[upkeep]\n|-damage|p2b: Incineroar|42/100|[from] Sandstorm\n|-damage|p1b: Primarina|82/100|[from] Sandstorm\n|-heal|p1b: Primarina|88/100|[from] item: Leftovers\n|upkeep\n|\n|t:|1776091135\n|switch|p1a: Pelipper|Pelipper, L50, F|74/100\n|-weather|RainDance|[from] ability: Drizzle|[of] p1a: Pelipper\n|turn|7\n|\n|t:|1776091143\n|move|p1a: Pelipper|Wide Guard|p1a: Pelipper\n|-singleturn|p1a: Pelipper|Wide Guard\n|move|p2a: Tyranitar|Stone Edge|p1a: Pelipper\n|-supereffective|p1a: Pelipper|1\n|-damage|p1a: Pelipper|0 fnt\n|faint|p1a: Pelipper\n|move|p2b: Incineroar|Throat Chop|p1b: Primarina\n|-resisted|p1b: Primarina|1\n|-damage|p1b: Primarina|69/100\n|-start|p1b: Primarina|Throat Chop|[silent]\n|cant|p1b: Primarina|move: Throat Chop\n|\n|-weather|RainDance|[upkeep]\n|-heal|p1b: Primarina|75/100|[from] item: Leftovers\n|upkeep\n|turn|8\n|\n|t:|1776091160\n|move|p2a: Tyranitar|Stone Edge|p1b: Primarina\n|-damage|p1b: Primarina|6/100\n|move|p2b: Incineroar|Parting Shot|p1b: Primarina\n|-unboost|p1b: Primarina|atk|1\n|-unboost|p1b: Primarina|spa|1\n|\n|t:|1776091166\n|switch|p2b: Kommo-o|Kommo-o, L50, M|100/100|[from] Parting Shot\n|move|p1b: Primarina|Surf|p2b: Kommo-o|[spread] p2a,p2b\n|-supereffective|p2a: Tyranitar|1\n|-resisted|p2b: Kommo-o|1\n|-damage|p2a: Tyranitar|0 fnt\n|-damage|p2b: Kommo-o|84/100\n|faint|p2a: Tyranitar\n|\n|-weather|RainDance|[upkeep]\n|-heal|p2b: Kommo-o|89/100|[from] item: Leftovers\n|-heal|p1b: Primarina|12/100|[from] item: Leftovers\n|-end|p1b: Primarina|Throat Chop|[silent]\n|upkeep\n|\n|t:|1776091172\n|switch|p2a: Incineroar|Incineroar, L50, F|42/100\n|-ability|p2a: Incineroar|Intimidate|boost\n|-unboost|p1b: Primarina|atk|1\n|turn|9\n|\n|t:|1776091183\n|move|p2a: Incineroar|Fake Out|p1b: Primarina\n|-damage|p1b: Primarina|0 fnt\n|faint|p1b: Primarina\n|\n|win|fjl89\n|raw|Art-en-ciel's rating: 1097 &rarr; <strong>1066</strong><br />(-31 for losing)\n|raw|fjl89's rating: 1000 &rarr; <strong>1051</strong><br />(+51 for winning)\n|c|\u2606Art-en-ciel|Wp\n",
  "uploadtime": 1776091187,
  "views": 11,
  "formatid": "gen9championsvgc2026regma",
  "rating": 1051,
  "private": 0,
  "password": null
}