{
  "id": "gen9championsvgc2026regma-2588268302",
  "format": "[Gen 9 Champions] VGC 2026 Reg M-A",
  "players": [
    "clavess",
    "Steelludde"
  ],
  "log": "|j|\u2606clavess\n|j|\u2606Steelludde\n|t:|1776619573\n|gametype|doubles\n|player|p1|clavess|gardenia|1000\n|player|p2|Steelludde|swimmer-gen4dp|1000\n|gen|9\n|tier|[Gen 9 Champions] VGC 2026 Reg M-A\n|rated|\n|rule|Species Clause: Limit one of each Pok\u00e9mon\n|rule|Item Clause: Limit 1 of each item\n|clearpoke\n|poke|p1|Meowstic, L50, M|\n|poke|p1|Hydrapple, L50, M|\n|poke|p1|Toxicroak, L50, M|\n|poke|p1|Kleavor, L50, F|\n|poke|p1|Zoroark-Hisui, L50, F|\n|poke|p1|Maushold-Four, L50|\n|poke|p2|Incineroar, L50, F|\n|poke|p2|Tyranitar, L50, F|\n|poke|p2|Farigiraf, L50, F|\n|poke|p2|Aggron, L50, F|\n|poke|p2|Sinistcha, L50|\n|poke|p2|Sneasler, L50, M|\n|teampreview|4\n|\n|t:|1776619593\n|teamsize|p1|4\n|teamsize|p2|4\n|start\n|switch|p1a: Meowstic|Meowstic, L50, M|100/100\n|switch|p1b: Hydrapple|Hydrapple, L50, M|100/100\n|switch|p2a: Aggron|Aggron, L50, F|100/100\n|switch|p2b: Farigiraf|Farigiraf, L50, F|100/100\n|-ability|p1b: Hydrapple|Supersweet Syrup\n|-unboost|p2a: Aggron|evasion|1\n|-unboost|p2b: Farigiraf|evasion|1\n|turn|1\n|\n|t:|1776619614\n|detailschange|p1a: Meowstic|Meowstic-M-Mega, L50, M\n|-mega|p1a: Meowstic|Meowstic|Meowsticite\n|-ability|p1a: Meowstic|Armor Tail|Trace|[from] ability: Trace|[of] p2b: Farigiraf\n|detailschange|p2a: Aggron|Aggron-Mega, L50, F\n|-mega|p2a: Aggron|Aggron|Aggronite\n|move|p1a: Meowstic|Thunder Wave|p2a: Aggron\n|-status|p2a: Aggron|par\n|move|p1b: Hydrapple|Hydro Pump|p2a: Aggron\n|-damage|p2a: Aggron|55/100 par\n|move|p2a: Aggron|Iron Defense|p2a: Aggron\n|-boost|p2a: Aggron|def|2\n|move|p2b: Farigiraf|Trick Room|p2b: Farigiraf\n|-fieldstart|move: Trick Room|[of] p2b: Farigiraf\n|\n|upkeep\n|turn|2\n|\n|t:|1776619641\n|switch|p1b: Hydrapple|Hydrapple, L50, M|100/100\n|move|p2a: Aggron|Body Press|p1a: Meowstic\n|-resisted|p1a: Meowstic|1\n|-damage|p1a: Meowstic|36/100\n|move|p2b: Farigiraf|Hyper Voice|p1b: Hydrapple|[spread] p1a\n|-immune|p1b: Hydrapple\n|-damage|p1a: Meowstic|8/100\n|move|p1a: Meowstic|Gravity|p1a: Meowstic\n|-fieldstart|move: Gravity\n|\n|upkeep\n|turn|3\n|\n|t:|1776619674\n|move|p2a: Aggron|Body Press|p1b: Hydrapple\n|-immune|p1b: Hydrapple\n|move|p2b: Farigiraf|Psychic|p1a: Meowstic\n|-resisted|p1a: Meowstic|1\n|-damage|p1a: Meowstic|0 fnt\n|faint|p1a: Meowstic\n|move|p1b: Hydrapple|Focus Blast|p2a: Aggron\n|-supereffective|p2a: Aggron|1\n|-damage|p2a: Aggron|0 fnt\n|faint|p2a: Aggron\n|\n|upkeep\n|\n|t:|1776619687\n|switch|p2a: Incineroar|Incineroar, L50, F|100/100\n|switch|p1a: Toxicroak|Toxicroak, L50, M|100/100\n|-ability|p2a: Incineroar|Intimidate|boost\n|-unboost|p1a: Toxicroak|atk|1\n|-unboost|p1b: Hydrapple|atk|1\n|turn|4\n|\n|t:|1776619706\n|move|p2a: Incineroar|Fake Out|p1a: Toxicroak\n|-crit|p1a: Toxicroak\n|-damage|p1a: Toxicroak|67/100\n|cant|p1a: Toxicroak|flinch\n|move|p2b: Farigiraf|Psychic|p1a: Toxicroak\n|-supereffective|p1a: Toxicroak|2\n|-enditem|p1a: Toxicroak|Payapa Berry|[eat]\n|-enditem|p1a: Toxicroak|Payapa Berry|[weaken]\n|-damage|p1a: Toxicroak|0 fnt\n|faint|p1a: Toxicroak\n|move|p1b: Hydrapple|Focus Blast|p2a: Incineroar\n|-supereffective|p2a: Incineroar|1\n|-damage|p2a: Incineroar|34/100\n|-enditem|p2a: Incineroar|Sitrus Berry|[eat]\n|-heal|p2a: Incineroar|59/100|[from] item: Sitrus Berry\n|\n|upkeep\n|\n|t:|1776619718\n|switch|p1a: Hydrapple|Hydrapple, L50, M|100/100\n|turn|5\n|\n|t:|1776619744\n|move|p1a: Hydrapple|Hydro Pump|p2a: Incineroar\n|-supereffective|p2a: Incineroar|1\n|-damage|p2a: Incineroar|0 fnt\n|faint|p2a: Incineroar\n|move|p2b: Farigiraf|Psychic|p1b: Hydrapple\n|-damage|p1b: Hydrapple|35/100\n|replace|p1b: Zoroark|Zoroark-Hisui, L50, F\n|-end|p1b: Zoroark|Illusion\n|move|p1b: Zoroark|Hyper Voice|p2b: Farigiraf\n|-damage|p2b: Farigiraf|52/100\n|\n|-fieldend|move: Trick Room\n|upkeep\n|\n|t:|1776619754\n|switch|p2a: Sinistcha|Sinistcha, L50|100/100\n|-heal|p2b: Farigiraf|76/100|[from] ability: Hospitality|[of] p2a: Sinistcha\n|turn|6\n|\n|t:|1776619783\n|move|p1b: Zoroark|Bitter Malice|p2a: Sinistcha\n|-supereffective|p2a: Sinistcha|1\n|-damage|p2a: Sinistcha|0 fnt\n|faint|p2a: Sinistcha\n|move|p2b: Farigiraf|Psychic|p1a: Hydrapple\n|-damage|p1a: Hydrapple|63/100\n|move|p1a: Hydrapple|Draco Meteor|p2b: Farigiraf\n|-damage|p2b: Farigiraf|10/100\n|-unboost|p1a: Hydrapple|spa|2\n|\n|-heal|p1a: Hydrapple|69/100|[from] item: Leftovers\n|-fieldend|move: Gravity\n|upkeep\n|turn|7\n|\n|t:|1776619800\n|move|p1b: Zoroark|Hyper Voice|p2b: Farigiraf\n|-damage|p2b: Farigiraf|0 fnt\n|faint|p2b: Farigiraf\n|\n|win|clavess\n|raw|clavess's rating: 1000 &rarr; <strong>1040</strong><br />(+40 for winning)\n|raw|Steelludde's rating: 1000 &rarr; <strong>1000</strong><br />(+0 for losing)\n",
  "uploadtime": 1776619806,
  "views": 10,
  "formatid": "gen9championsvgc2026regma",
  "rating": 1000,
  "private": 0,
  "password": null
}