{
  "id": "gen9championsvgc2026regma-2584690265",
  "format": "[Gen 9 Champions] VGC 2026 Reg M-A",
  "players": [
    "M0hri",
    "geuxsage"
  ],
  "log": "|j|\u2606M0hri\n|j|\u2606geuxsage\n|t:|1776277012\n|gametype|doubles\n|player|p1|M0hri|169|1150\n|player|p2|geuxsage|sage|1152\n|gen|9\n|tier|[Gen 9 Champions] VGC 2026 Reg M-A\n|rated|\n|rule|Species Clause: Limit one of each Pok\u00e9mon\n|rule|Item Clause: Limit 1 of each item\n|clearpoke\n|poke|p1|Floette-Eternal, L50, F|\n|poke|p1|Maushold-Four, L50|\n|poke|p1|Garchomp, L50, M|\n|poke|p1|Talonflame, L50, F|\n|poke|p1|Aegislash, L50, M|\n|poke|p1|Rotom-Wash, L50|\n|poke|p2|Avalugg-Hisui, L50, M|\n|poke|p2|Drampa, L50, M|\n|poke|p2|Sinistcha-Masterpiece, L50|\n|poke|p2|Oranguru, L50, M|\n|poke|p2|Camerupt, L50, F|\n|poke|p2|Incineroar, L50, F|\n|teampreview|4\n|\n|t:|1776277066\n|teamsize|p1|4\n|teamsize|p2|4\n|start\n|switch|p1a: Floette|Floette-Eternal, L50, F|100/100\n|switch|p1b: Maushold|Maushold-Four, L50|100/100\n|switch|p2a: Camerupt|Camerupt, L50, F|100/100\n|switch|p2b: Oranguru|Oranguru, L50, M|100/100\n|turn|1\n|\n|t:|1776277091\n|detailschange|p1a: Floette|Floette-Mega, L50, F\n|-mega|p1a: Floette|Floette|Floettite\n|-ability|p1a: Floette|Fairy Aura\n|detailschange|p2a: Camerupt|Camerupt-Mega, L50, F\n|-mega|p2a: Camerupt|Camerupt|Cameruptite\n|move|p1b: Maushold|Taunt|p2b: Oranguru\n|-start|p2b: Oranguru|move: Taunt\n|-enditem|p2b: Oranguru|Mental Herb\n|-end|p2b: Oranguru|move: Taunt\n|move|p1a: Floette|Calm Mind|p1a: Floette\n|-boost|p1a: Floette|spa|1\n|-boost|p1a: Floette|spd|1\n|move|p2a: Camerupt|Eruption|p1a: Floette|[spread] p1a,p1b\n|-crit|p1b: Maushold\n|-damage|p1a: Floette|77/100\n|-damage|p1b: Maushold|0 fnt\n|faint|p1b: Maushold\n|move|p2b: Oranguru|Trick Room|p2b: Oranguru\n|-fieldstart|move: Trick Room|[of] p2b: Oranguru\n|\n|upkeep\n|\n|t:|1776277108\n|switch|p1b: Garchomp|Garchomp, L50, M|100/100\n|turn|2\n|\n|t:|1776277114\n|switch|p2a: Incineroar|Incineroar, L50, F|100/100\n|-ability|p2a: Incineroar|Intimidate|boost\n|-unboost|p1a: Floette|atk|1\n|-unboost|p1b: Garchomp|atk|1\n|move|p1a: Floette|Protect|p1a: Floette\n|-singleturn|p1a: Floette|Protect\n|move|p2b: Oranguru|Encore|p1a: Floette\n|-activate|p1a: Floette|move: Protect\n|move|p1b: Garchomp|Earthquake|p2a: Incineroar|[spread] p2a,p2b\n|-activate|p1a: Floette|move: Protect\n|-supereffective|p2a: Incineroar|1\n|-damage|p2a: Incineroar|56/100\n|-damage|p2b: Oranguru|78/100\n|\n|upkeep\n|turn|3\n|\n|t:|1776277130\n|move|p2a: Incineroar|Will-O-Wisp|p1b: Garchomp|[miss]\n|-miss|p2a: Incineroar|p1b: Garchomp\n|move|p2b: Oranguru|Encore|p1a: Floette\n|-start|p1a: Floette|Encore\n|move|p1a: Floette|Protect|p1a: Floette\n|-singleturn|p1a: Floette|Protect\n|move|p1b: Garchomp|Stomping Tantrum|p2a: Incineroar\n|-supereffective|p2a: Incineroar|1\n|-damage|p2a: Incineroar|16/100\n|\n|upkeep\n|turn|4\n|\n|t:|1776277165\n|switch|p2b: Sinistcha|Sinistcha-Masterpiece, L50|100/100\n|-heal|p2a: Incineroar|41/100|[from] ability: Hospitality|[of] p2b: Sinistcha\n|switch|p1a: Rotom|Rotom-Wash, L50, shiny|100/100\n|move|p2a: Incineroar|Will-O-Wisp|p1b: Garchomp\n|-status|p1b: Garchomp|brn\n|move|p1b: Garchomp|Stomping Tantrum|p2a: Incineroar\n|-supereffective|p2a: Incineroar|1\n|-damage|p2a: Incineroar|21/100\n|\n|-damage|p1b: Garchomp|95/100 brn|[from] brn\n|upkeep\n|turn|5\n|\n|t:|1776277185\n|switch|p2b: Oranguru|Oranguru, L50, M|78/100\n|move|p2a: Incineroar|Parting Shot|p1b: Garchomp\n|-unboost|p1b: Garchomp|atk|1\n|-unboost|p1b: Garchomp|spa|1\n|\n|t:|1776277191\n|switch|p2a: Sinistcha|Sinistcha-Masterpiece, L50|100/100|[from] Parting Shot\n|-heal|p2b: Oranguru|100/100|[from] ability: Hospitality|[of] p2a: Sinistcha\n|move|p1a: Rotom|Volt Switch|p2b: Oranguru\n|-damage|p2b: Oranguru|72/100\n|\n|t:|1776277196\n|switch|p1a: Floette|Floette-Mega, L50, F|77/100|[from] Volt Switch\n|-ability|p1a: Floette|Fairy Aura\n|move|p1b: Garchomp|Earthquake|p2a: Sinistcha|[spread] p1a,p2a,p2b\n|-resisted|p2a: Sinistcha|1\n|-damage|p1a: Floette|65/100\n|-damage|p2a: Sinistcha|97/100\n|-damage|p2b: Oranguru|63/100\n|\n|-damage|p1b: Garchomp|89/100 brn|[from] brn\n|-fieldend|move: Trick Room\n|upkeep\n|turn|6\n|\n|t:|1776277210\n|move|p1b: Garchomp|Stone Edge|p2b: Oranguru\n|-damage|p2b: Oranguru|56/100\n|move|p1a: Floette|Moonblast|p2b: Oranguru\n|-damage|p2b: Oranguru|0 fnt\n|faint|p2b: Oranguru\n|move|p2a: Sinistcha|Trick Room|p2a: Sinistcha\n|-fieldstart|move: Trick Room|[of] p2a: Sinistcha\n|\n|-damage|p1b: Garchomp|83/100 brn|[from] brn\n|upkeep\n|\n|t:|1776277221\n|switch|p2b: Camerupt|Camerupt-Mega, L50, F|100/100\n|turn|7\n|\n|t:|1776277229\n|switch|p1b: Rotom|Rotom-Wash, L50, shiny|100/100\n|move|p1a: Floette|Protect|p1a: Floette\n|-singleturn|p1a: Floette|Protect\n|move|p2b: Camerupt|Eruption|p1b: Rotom|[spread] p1b\n|-activate|p1a: Floette|move: Protect\n|-resisted|p1b: Rotom|1\n|-damage|p1b: Rotom|65/100\n|move|p2a: Sinistcha|Matcha Gotcha|p1a: Floette|[spread] \n|-activate|p1a: Floette|move: Protect\n|-miss|p2a: Sinistcha|p1b: Rotom\n|\n|upkeep\n|turn|8\n|\n|t:|1776277246\n|switch|p1a: Garchomp|Garchomp, L50, M|83/100 brn\n|move|p2b: Camerupt|Eruption|p1b: Rotom|[spread] p1a,p1b\n|-resisted|p1a: Garchomp|1\n|-resisted|p1b: Rotom|1\n|-damage|p1a: Garchomp|42/100 brn\n|-damage|p1b: Rotom|28/100\n|-enditem|p1b: Rotom|Sitrus Berry|[eat]\n|-heal|p1b: Rotom|53/100|[from] item: Sitrus Berry\n|move|p2a: Sinistcha|Matcha Gotcha|p1b: Rotom|[spread] p1a,p1b\n|-supereffective|p1b: Rotom|1\n|-damage|p1a: Garchomp|14/100 brn\n|-heal|p2a: Sinistcha|100/100|[from] drain|[of] p1a: Garchomp\n|-damage|p1b: Rotom|3/100\n|move|p1b: Rotom|Hydro Pump|p2b: Camerupt\n|-supereffective|p2b: Camerupt|2\n|-damage|p2b: Camerupt|0 fnt\n|faint|p2b: Camerupt\n|\n|-damage|p1a: Garchomp|8/100 brn|[from] brn\n|upkeep\n|\n|t:|1776277264\n|switch|p2b: Incineroar|Incineroar, L50, F|21/100\n|-ability|p2b: Incineroar|Intimidate|boost\n|-unboost|p1a: Garchomp|atk|1\n|-unboost|p1b: Rotom|atk|1\n|turn|9\n|\n|t:|1776277288\n|move|p1a: Garchomp|Protect|p1a: Garchomp\n|-singleturn|p1a: Garchomp|Protect\n|move|p2b: Incineroar|Parting Shot|p1a: Garchomp\n|-activate|p1a: Garchomp|move: Protect\n|move|p2a: Sinistcha|Matcha Gotcha|p1b: Rotom|[spread] p1b\n|-activate|p1a: Garchomp|move: Protect\n|-supereffective|p1b: Rotom|1\n|-damage|p1b: Rotom|0 fnt\n|faint|p1b: Rotom\n|\n|-damage|p1a: Garchomp|2/100 brn|[from] brn\n|upkeep\n|\n|t:|1776277296\n|switch|p1b: Floette|Floette-Mega, L50, F|65/100\n|-ability|p1b: Floette|Fairy Aura\n|turn|10\n|\n|t:|1776277303\n|move|p1b: Floette|Protect|p1b: Floette\n|-singleturn|p1b: Floette|Protect\n|move|p2b: Incineroar|Parting Shot|p1b: Floette\n|-activate|p1b: Floette|move: Protect\n|move|p2a: Sinistcha|Matcha Gotcha|p1b: Floette|[spread] p1a\n|-activate|p1b: Floette|move: Protect\n|-damage|p1a: Garchomp|0 fnt\n|faint|p1a: Garchomp\n|\n|-fieldend|move: Trick Room\n|upkeep\n|turn|11\n|\n|t:|1776277315\n|move|p1b: Floette|Dazzling Gleam|p2a: Sinistcha|[spread] p2a,p2b\n|-damage|p2a: Sinistcha|35/100\n|-damage|p2b: Incineroar|0 fnt\n|-enditem|p2a: Sinistcha|Sitrus Berry|[eat]\n|-heal|p2a: Sinistcha|59/100|[from] item: Sitrus Berry\n|faint|p2b: Incineroar\n|move|p2a: Sinistcha|Trick Room|p2a: Sinistcha\n|-fieldstart|move: Trick Room|[of] p2a: Sinistcha\n|\n|upkeep\n|turn|12\n|\n|t:|1776277323\n|move|p2a: Sinistcha|Matcha Gotcha|p1b: Floette\n|-damage|p1b: Floette|42/100\n|-heal|p2a: Sinistcha|71/100|[from] drain|[of] p1b: Floette\n|move|p1b: Floette|Moonblast|p2a: Sinistcha\n|-damage|p2a: Sinistcha|0 fnt\n|faint|p2a: Sinistcha\n|\n|win|M0hri\n|raw|M0hri's rating: 1150 &rarr; <strong>1175</strong><br />(+25 for winning)\n|raw|geuxsage's rating: 1152 &rarr; <strong>1127</strong><br />(-25 for losing)\n|c|\u2606M0hri|gg\n|l|\u2606geuxsage\n|player|p2|\n",
  "uploadtime": 1776277340,
  "views": 16,
  "formatid": "gen9championsvgc2026regma",
  "rating": 1127,
  "private": 0,
  "password": null
}