{
  "id": "gen9championsvgc2026regma-2586210131",
  "format": "[Gen 9 Champions] VGC 2026 Reg M-A",
  "players": [
    "Prtbl_Trash",
    "Jaaaace"
  ],
  "log": "|j|\u2606Prtbl_Trash\n|j|\u2606Jaaaace\n|t:|1776412768\n|gametype|doubles\n|player|p1|Prtbl_Trash|ortega|1172\n|player|p2|Jaaaace|brycen|1078\n|gen|9\n|tier|[Gen 9 Champions] VGC 2026 Reg M-A\n|rated|\n|rule|Species Clause: Limit one of each Pok\u00e9mon\n|rule|Item Clause: Limit 1 of each item\n|clearpoke\n|poke|p1|Chimecho, L50, F|\n|poke|p1|Incineroar, L50, M|\n|poke|p1|Garchomp, L50, F|\n|poke|p1|Sinistcha, L50|\n|poke|p1|Rotom-Wash, L50|\n|poke|p1|Conkeldurr, L50, F|\n|poke|p2|Tyranitar, L50, M|\n|poke|p2|Hippowdon, L50, M|\n|poke|p2|Excadrill, L50, M|\n|poke|p2|Aerodactyl, L50, M|\n|poke|p2|Corviknight, L50, M|\n|poke|p2|Orthworm, L50, M|\n|teampreview|4\n|\n|t:|1776412790\n|teamsize|p1|4\n|teamsize|p2|4\n|start\n|switch|p1a: Chimecho|Chimecho, L50, F|100/100\n|switch|p1b: Incineroar|Incineroar, L50, M|100/100\n|switch|p2a: Hippowdon|Hippowdon, L50, M|100/100\n|switch|p2b: Orthworm|Orthworm, L50, M|100/100\n|-ability|p1b: Incineroar|Intimidate|boost\n|-unboost|p2a: Hippowdon|atk|1\n|-unboost|p2b: Orthworm|atk|1\n|-weather|Sandstorm|[from] ability: Sand Stream|[of] p2a: Hippowdon\n|turn|1\n|\n|t:|1776412809\n|detailschange|p1a: Chimecho|Chimecho-Mega, L50, F\n|-mega|p1a: Chimecho|Chimecho|Chimechite\n|move|p1b: Incineroar|Fake Out|p2b: Orthworm\n|-resisted|p2b: Orthworm|1\n|-damage|p2b: Orthworm|97/100\n|move|p1a: Chimecho|Calm Mind|p1a: Chimecho\n|-boost|p1a: Chimecho|spa|1\n|-boost|p1a: Chimecho|spd|1\n|cant|p2b: Orthworm|flinch\n|move|p2a: Hippowdon|Stealth Rock|p1b: Incineroar\n|-sidestart|p1: Prtbl_Trash|move: Stealth Rock\n|\n|-weather|Sandstorm|[upkeep]\n|-damage|p1b: Incineroar|95/100|[from] Sandstorm\n|upkeep\n|turn|2\n|\n|t:|1776412831\n|move|p1b: Incineroar|Flare Blitz|p2b: Orthworm\n|-supereffective|p2b: Orthworm|1\n|-damage|p2b: Orthworm|25/100\n|-enditem|p2b: Orthworm|Sitrus Berry|[eat]\n|-heal|p2b: Orthworm|50/100|[from] item: Sitrus Berry\n|-damage|p1b: Incineroar|74/100|[from] Recoil\n|move|p1a: Chimecho|Calm Mind|p1a: Chimecho\n|-boost|p1a: Chimecho|spa|1\n|-boost|p1a: Chimecho|spd|1\n|move|p2b: Orthworm|Shed Tail|p2b: Orthworm\n|-fail|p2b: Orthworm|move: Shed Tail|[weak]\n|move|p2a: Hippowdon|Earthquake|p1b: Incineroar|[spread] p1b\n|-heal|p2b: Orthworm|75/100|[from] ability: Earth Eater|[of] p2a: Hippowdon\n|-immune|p1a: Chimecho|[from] ability: Levitate\n|-supereffective|p1b: Incineroar|1\n|-damage|p1b: Incineroar|43/100\n|-enditem|p1b: Incineroar|Sitrus Berry|[eat]\n|-heal|p1b: Incineroar|68/100|[from] item: Sitrus Berry\n|\n|-weather|Sandstorm|[upkeep]\n|-damage|p1b: Incineroar|62/100|[from] Sandstorm\n|upkeep\n|turn|3\n|\n|t:|1776412855\n|move|p1a: Chimecho|Stored Power|p2b: Orthworm\n|-resisted|p2b: Orthworm|1\n|-damage|p2b: Orthworm|24/100\n|move|p1b: Incineroar|Flare Blitz|p2b: Orthworm\n|-supereffective|p2b: Orthworm|1\n|-damage|p2b: Orthworm|0 fnt\n|faint|p2b: Orthworm\n|-damage|p1b: Incineroar|55/100|[from] Recoil\n|move|p2a: Hippowdon|Earthquake|p1b: Incineroar|[spread] p1b\n|-immune|p1a: Chimecho|[from] ability: Levitate\n|-supereffective|p1b: Incineroar|1\n|-damage|p1b: Incineroar|27/100\n|\n|-weather|Sandstorm|[upkeep]\n|-damage|p1b: Incineroar|21/100|[from] Sandstorm\n|upkeep\n|\n|t:|1776412870\n|switch|p2b: Aerodactyl|Aerodactyl, L50, M|100/100\n|-ability|p2b: Aerodactyl|Unnerve\n|turn|4\n|\n|t:|1776412883\n|detailschange|p2b: Aerodactyl|Aerodactyl-Mega, L50, M\n|-mega|p2b: Aerodactyl|Aerodactyl|Aerodactylite\n|move|p1a: Chimecho|Protect|p1a: Chimecho\n|-singleturn|p1a: Chimecho|Protect\n|move|p2b: Aerodactyl|Rock Slide|p1b: Incineroar|[spread] p1b\n|-activate|p1a: Chimecho|move: Protect\n|-supereffective|p1b: Incineroar|1\n|-damage|p1b: Incineroar|0 fnt\n|faint|p1b: Incineroar\n|move|p2a: Hippowdon|Earthquake|p1a: Chimecho|[spread] \n|-activate|p1a: Chimecho|move: Protect\n|-immune|p2b: Aerodactyl\n|\n|-weather|Sandstorm|[upkeep]\n|upkeep\n|\n|t:|1776412892\n|switch|p1b: Rotom|Rotom-Wash, L50|100/100\n|-damage|p1b: Rotom|89/100|[from] Stealth Rock\n|turn|5\n|inactive|Battle timer is ON: inactive players will automatically lose when time's up. (requested by Prtbl_Trash)\n|\n|t:|1776412909\n|switch|p2a: Corviknight|Corviknight, L50, M|100/100\n|move|p1b: Rotom|Hydro Pump|p2b: Aerodactyl\n|-supereffective|p2b: Aerodactyl|1\n|-damage|p2b: Aerodactyl|18/100\n|move|p2b: Aerodactyl|Rock Slide|p1a: Chimecho|[spread] p1a,p1b\n|-resisted|p1a: Chimecho|1\n|-damage|p1a: Chimecho|88/100\n|-damage|p1b: Rotom|50/100\n|move|p1a: Chimecho|Stored Power|p2a: Corviknight\n|-resisted|p2a: Corviknight|1\n|-damage|p2a: Corviknight|65/100\n|\n|-weather|none\n|-heal|p2a: Corviknight|71/100|[from] item: Leftovers\n|upkeep\n|turn|6\n|inactive|Jaaaace has 30 seconds left.\n|\n|t:|1776412934\n|switch|p2b: Hippowdon|Hippowdon, L50, M|100/100\n|-weather|Sandstorm|[from] ability: Sand Stream|[of] p2b: Hippowdon\n|move|p1b: Rotom|Hydro Pump|p2b: Hippowdon\n|-supereffective|p2b: Hippowdon|1\n|-enditem|p2b: Hippowdon|Passho Berry|[eat]\n|-enditem|p2b: Hippowdon|Passho Berry|[weaken]\n|-damage|p2b: Hippowdon|63/100\n|move|p2a: Corviknight|Roost|p2a: Corviknight\n|-heal|p2a: Corviknight|100/100\n|-singleturn|p2a: Corviknight|move: Roost\n|move|p1a: Chimecho|Calm Mind|p1a: Chimecho\n|-boost|p1a: Chimecho|spa|1\n|-boost|p1a: Chimecho|spd|1\n|\n|-weather|Sandstorm|[upkeep]\n|-damage|p1b: Rotom|45/100|[from] Sandstorm\n|upkeep\n|turn|7\n|\n|t:|1776412953\n|switch|p1b: Conkeldurr|Conkeldurr, L50, F|100/100\n|-damage|p1b: Conkeldurr|94/100|[from] Stealth Rock\n|move|p2a: Corviknight|Bulk Up|p2a: Corviknight\n|-boost|p2a: Corviknight|atk|1\n|-boost|p2a: Corviknight|def|1\n|move|p1a: Chimecho|Stored Power|p2b: Hippowdon\n|-damage|p2b: Hippowdon|0 fnt\n|faint|p2b: Hippowdon\n|\n|-weather|Sandstorm|[upkeep]\n|-damage|p1b: Conkeldurr|88/100|[from] Sandstorm\n|upkeep\n|\n|t:|1776412965\n|switch|p2b: Aerodactyl|Aerodactyl-Mega, L50, M|18/100\n|turn|8\n|\n|t:|1776412971\n|move|p1b: Conkeldurr|Mach Punch|p2b: Aerodactyl\n|-damage|p2b: Aerodactyl|0 fnt\n|faint|p2b: Aerodactyl\n|move|p2a: Corviknight|Bulk Up|p2a: Corviknight\n|-boost|p2a: Corviknight|atk|1\n|-boost|p2a: Corviknight|def|1\n|move|p1a: Chimecho|Stored Power|p2a: Corviknight\n|-resisted|p2a: Corviknight|1\n|-damage|p2a: Corviknight|40/100\n|\n|-weather|Sandstorm|[upkeep]\n|-damage|p1b: Conkeldurr|82/100|[from] Sandstorm\n|-heal|p2a: Corviknight|45/100|[from] item: Leftovers\n|upkeep\n|turn|9\n|\n|t:|1776412983\n|move|p1b: Conkeldurr|Mach Punch|p2a: Corviknight\n|-damage|p2a: Corviknight|32/100\n|move|p2a: Corviknight|Roost|p2a: Corviknight\n|-heal|p2a: Corviknight|82/100\n|-singleturn|p2a: Corviknight|move: Roost\n|move|p1a: Chimecho|Stored Power|p2a: Corviknight\n|-resisted|p2a: Corviknight|1\n|-damage|p2a: Corviknight|21/100\n|\n|-weather|Sandstorm|[upkeep]\n|-damage|p1b: Conkeldurr|75/100|[from] Sandstorm\n|-heal|p2a: Corviknight|27/100|[from] item: Leftovers\n|upkeep\n|turn|10\n|-message|Jaaaace forfeited.\n|\n|win|Prtbl_Trash\n|raw|Prtbl_Trash's rating: 1172 &rarr; <strong>1190</strong><br />(+18 for winning)\n|raw|Jaaaace's rating: 1078 &rarr; <strong>1062</strong><br />(-16 for losing)\n|l|\u2606Jaaaace\n|player|p2|\n",
  "uploadtime": 1776412997,
  "views": 18,
  "formatid": "gen9championsvgc2026regma",
  "rating": 1062,
  "private": 0,
  "password": null
}