{
  "id": "gen9championsvgc2026regma-2589430923",
  "format": "[Gen 9 Champions] VGC 2026 Reg M-A",
  "players": [
    "My name is c00lkid",
    "brenes23"
  ],
  "log": "|j|\u2606My name is c00lkid\n|j|\u2606brenes23\n|t:|1776722346\n|gametype|doubles\n|player|p1|My name is c00lkid|iris-gen5bw2|1042\n|player|p2|brenes23|1|1129\n|gen|9\n|tier|[Gen 9 Champions] VGC 2026 Reg M-A\n|rated|\n|rule|Species Clause: Limit one of each Pok\u00e9mon\n|rule|Item Clause: Limit 1 of each item\n|clearpoke\n|poke|p1|Sneasler, L50, F, shiny|\n|poke|p1|Feraligatr, L50, F|\n|poke|p1|Talonflame, L50, M, shiny|\n|poke|p1|Sinistcha-Masterpiece, L50|\n|poke|p1|Kingambit, L50, F, shiny|\n|poke|p1|Gardevoir, L50, M|\n|poke|p2|Pelipper, L50, M|\n|poke|p2|Dragonite, L50, F|\n|poke|p2|Basculegion, L50, M|\n|poke|p2|Archaludon, L50, F|\n|poke|p2|Sinistcha, L50|\n|poke|p2|Politoed, L50, M|\n|teampreview|4\n|inactive|Battle timer is ON: inactive players will automatically lose when time's up. (requested by brenes23)\n|inactive|My name is c00lkid also wants the timer to be on.\n|\n|t:|1776722380\n|teamsize|p1|4\n|teamsize|p2|4\n|start\n|switch|p1a: Gardevoir|Gardevoir, L50, M|100/100\n|switch|p1b: Sneasler|Sneasler, L50, F, shiny|100/100\n|switch|p2a: Pelipper|Pelipper, L50, M|100/100\n|switch|p2b: Basculegion|Basculegion, L50, M|100/100\n|-weather|RainDance|[from] ability: Drizzle|[of] p2a: Pelipper\n|turn|1\n|\n|t:|1776722397\n|detailschange|p1a: Gardevoir|Gardevoir-Mega, L50, M\n|-mega|p1a: Gardevoir|Gardevoir|Gardevoirite\n|move|p2a: Pelipper|Protect|p2a: Pelipper\n|-singleturn|p2a: Pelipper|Protect\n|move|p2b: Basculegion|Wave Crash|p1b: Sneasler\n|-enditem|p1b: Sneasler|Focus Sash\n|-damage|p1b: Sneasler|1/100\n|-damage|p2b: Basculegion|74/100|[from] Recoil\n|move|p1b: Sneasler|Dire Claw|p2a: Pelipper\n|-activate|p2a: Pelipper|move: Protect\n|move|p1a: Gardevoir|Trick Room|p1a: Gardevoir\n|-fieldstart|move: Trick Room|[of] p1a: Gardevoir\n|\n|-weather|RainDance|[upkeep]\n|upkeep\n|turn|2\n|inactive|brenes23 has 30 seconds left.\n|inactive|brenes23 has 20 seconds left.\n|\n|t:|1776722436\n|move|p2b: Basculegion|Protect|p2b: Basculegion\n|-singleturn|p2b: Basculegion|Protect\n|move|p1a: Gardevoir|Hyper Voice|p2a: Pelipper|[spread] p2a\n|-activate|p2b: Basculegion|move: Protect\n|-crit|p2a: Pelipper\n|-enditem|p2a: Pelipper|Focus Sash\n|-damage|p2a: Pelipper|1/100\n|move|p2a: Pelipper|Hurricane|p1b: Sneasler\n|-supereffective|p1b: Sneasler|1\n|-damage|p1b: Sneasler|0 fnt\n|faint|p1b: Sneasler\n|\n|-weather|RainDance|[upkeep]\n|upkeep\n|\n|t:|1776722452\n|switch|p1b: Kingambit|Kingambit, L50, F, shiny|100/100\n|turn|3\n|inactive|brenes23 has 30 seconds left.\n|\n|t:|1776722478\n|switch|p2b: Politoed|Politoed, L50, M|100/100\n|move|p2a: Pelipper|Protect|p2a: Pelipper\n|-singleturn|p2a: Pelipper|Protect\n|move|p1b: Kingambit|Sucker Punch||[still]\n|-fail|p1b: Kingambit\n|move|p1a: Gardevoir|Hyper Voice|p2b: Politoed|[spread] p2b\n|-activate|p2a: Pelipper|move: Protect\n|-damage|p2b: Politoed|53/100\n|\n|-weather|RainDance|[upkeep]\n|upkeep\n|turn|4\n|\n|t:|1776722503\n|move|p1a: Gardevoir|Protect|p1a: Gardevoir\n|-singleturn|p1a: Gardevoir|Protect\n|move|p2a: Pelipper|Protect||[still]\n|-fail|p2a: Pelipper\n|move|p1b: Kingambit|Kowtow Cleave|p2b: Politoed\n|-damage|p2b: Politoed|0 fnt\n|faint|p2b: Politoed\n|\n|-weather|RainDance|[upkeep]\n|upkeep\n|\n|t:|1776722514\n|switch|p2b: Dragonite|Dragonite, L50, F|100/100\n|turn|5\n|\n|t:|1776722533\n|detailschange|p2b: Dragonite|Dragonite-Mega, L50, F\n|-mega|p2b: Dragonite|Dragonite|Dragoninite\n|move|p1b: Kingambit|Protect|p1b: Kingambit\n|-singleturn|p1b: Kingambit|Protect\n|move|p2a: Pelipper|Protect|p2a: Pelipper\n|-singleturn|p2a: Pelipper|Protect\n|move|p1a: Gardevoir|Hyper Voice|p2a: Pelipper|[spread] p2b\n|-activate|p2a: Pelipper|move: Protect\n|-supereffective|p2b: Dragonite|1\n|-damage|p2b: Dragonite|58/100\n|move|p2b: Dragonite|Hurricane|p1a: Gardevoir\n|-damage|p1a: Gardevoir|42/100\n|-start|p1a: Gardevoir|confusion\n|\n|-weather|none\n|-fieldend|move: Trick Room\n|upkeep\n|turn|6\n|\n|t:|1776722556\n|switch|p2b: Basculegion|Basculegion, L50, M|74/100\n|move|p1b: Kingambit|Sucker Punch||[still]\n|-fail|p1b: Kingambit\n|move|p2a: Pelipper|Tailwind|p2a: Pelipper\n|-sidestart|p2: brenes23|move: Tailwind\n|-activate|p1a: Gardevoir|confusion\n|-damage|p1a: Gardevoir|34/100|[from] confusion\n|\n|upkeep\n|turn|7\n|\n|t:|1776722573\n|switch|p2a: Dragonite|Dragonite-Mega, L50, F|58/100\n|switch|p1b: Sinistcha|Sinistcha-Masterpiece, L50|100/100\n|-heal|p1a: Gardevoir|59/100|[from] ability: Hospitality|[of] p1b: Sinistcha\n|move|p2b: Basculegion|Protect|p2b: Basculegion\n|-singleturn|p2b: Basculegion|Protect\n|-activate|p1a: Gardevoir|confusion\n|move|p1a: Gardevoir|Trick Room|p1a: Gardevoir\n|-fieldstart|move: Trick Room|[of] p1a: Gardevoir\n|\n|upkeep\n|turn|8\n|\n|t:|1776722592\n|switch|p2a: Pelipper|Pelipper, L50, M|1/100\n|-weather|RainDance|[from] ability: Drizzle|[of] p2a: Pelipper\n|move|p1b: Sinistcha|Shadow Ball|p2b: Basculegion\n|-supereffective|p2b: Basculegion|1\n|-damage|p2b: Basculegion|0 fnt\n|faint|p2b: Basculegion\n|-activate|p1a: Gardevoir|confusion\n|move|p1a: Gardevoir|Hyper Voice|p2a: Pelipper\n|-damage|p2a: Pelipper|0 fnt\n|faint|p2a: Pelipper\n|\n|-weather|RainDance|[upkeep]\n|upkeep\n|-message|brenes23 forfeited.\n|\n|win|My name is c00lkid\n|raw|My name is c00lkid's rating: 1042 &rarr; <strong>1084</strong><br />(+42 for winning)\n|raw|brenes23's rating: 1129 &rarr; <strong>1098</strong><br />(-31 for losing)\n|l|\u2606brenes23\n|player|p2|\n",
  "uploadtime": 1776722609,
  "views": 3,
  "formatid": "gen9championsvgc2026regma",
  "rating": 1084,
  "private": 0,
  "password": null
}