{
  "id": "gen9championsvgc2026regma-2581569760",
  "format": "[Gen 9 Champions] VGC 2026 Reg M-A",
  "players": [
    "Woadi",
    "gonegeb"
  ],
  "log": "|j|\u2606Woadi\n|j|\u2606gonegeb\n|t:|1776011752\n|gametype|doubles\n|player|p1|Woadi|gentleman|1095\n|player|p2|gonegeb|corbeau|1083\n|gen|9\n|tier|[Gen 9 Champions] VGC 2026 Reg M-A\n|rated|\n|rule|Species Clause: Limit one of each Pok\u00e9mon\n|rule|Item Clause: Limit 1 of each item\n|clearpoke\n|poke|p1|Clefable, L50, M|\n|poke|p1|Arbok, L50, F|\n|poke|p1|Alakazam, L50, M|\n|poke|p1|Snorlax, L50, F|\n|poke|p1|Cofagrigus, L50, F|\n|poke|p1|Meowstic, L50, M|\n|poke|p2|Lucario, L50, M|\n|poke|p2|Umbreon, L50, M|\n|poke|p2|Arcanine, L50, F|\n|poke|p2|Ceruledge, L50, M|\n|poke|p2|Corviknight, L50, M|\n|poke|p2|Whimsicott, L50, F|\n|teampreview|4\n|\n|t:|1776011794\n|teamsize|p1|4\n|teamsize|p2|4\n|start\n|switch|p1a: Snorlax|Snorlax, L50, F|100/100\n|switch|p1b: Clefable|Clefable, L50, M, shiny|100/100\n|switch|p2a: Umbreon|Umbreon, L50, M, shiny|100/100\n|switch|p2b: Whimsicott|Whimsicott, L50, F, shiny|100/100\n|turn|1\n|\n|t:|1776011818\n|move|p1b: Clefable|Follow Me|p1b: Clefable\n|-singleturn|p1b: Clefable|move: Follow Me\n|move|p2b: Whimsicott|Taunt|p1b: Clefable\n|-start|p1b: Clefable|move: Taunt\n|move|p2a: Umbreon|Yawn|p1b: Clefable\n|-start|p1b: Clefable|move: Yawn|[of] p2a: Umbreon\n|move|p1a: Snorlax|Belly Drum|p1a: Snorlax\n|-damage|p1a: Snorlax|50/100\n|-setboost|p1a: Snorlax|atk|6|[from] move: Belly Drum\n|-enditem|p1a: Snorlax|Sitrus Berry|[eat]\n|-heal|p1a: Snorlax|75/100|[from] item: Sitrus Berry\n|\n|upkeep\n|turn|2\n|\n|t:|1776011835\n|switch|p1b: Meowstic|Meowstic, L50, M|100/100\n|move|p1a: Snorlax|Protect|p1a: Snorlax\n|-singleturn|p1a: Snorlax|Protect\n|move|p2b: Whimsicott|Encore|p1a: Snorlax\n|-activate|p1a: Snorlax|move: Protect\n|move|p2a: Umbreon|Foul Play|p1a: Snorlax\n|-activate|p1a: Snorlax|move: Protect\n|\n|upkeep\n|turn|3\n|\n|t:|1776011861\n|switch|p1a: Clefable|Clefable, L50, M, shiny|100/100\n|move|p1b: Meowstic|Psychic Terrain|p1b: Meowstic\n|-fieldstart|move: Psychic Terrain\n|move|p2b: Whimsicott|Encore|p1a: Clefable\n|-activate|p1a: Clefable|move: Psychic Terrain\n|move|p2a: Umbreon|Snarl|p1a: Clefable|[spread] p1a,p1b\n|-resisted|p1a: Clefable|1\n|-supereffective|p1b: Meowstic|1\n|-damage|p1a: Clefable|97/100\n|-damage|p1b: Meowstic|73/100\n|-unboost|p1a: Clefable|spa|1\n|-unboost|p1b: Meowstic|spa|1\n|\n|upkeep\n|turn|4\n|\n|t:|1776011878\n|switch|p1b: Snorlax|Snorlax, L50, F|75/100\n|move|p2b: Whimsicott|Tailwind|p2b: Whimsicott\n|-sidestart|p2: gonegeb|move: Tailwind\n|move|p2a: Umbreon|Snarl|p1a: Clefable|[spread] p1a,p1b\n|-resisted|p1a: Clefable|1\n|-damage|p1a: Clefable|92/100\n|-damage|p1b: Snorlax|70/100\n|-unboost|p1a: Clefable|spa|1\n|-unboost|p1b: Snorlax|spa|1\n|move|p1a: Clefable|Dazzling Gleam|p2a: Umbreon|[spread] p2a,p2b\n|-supereffective|p2a: Umbreon|1\n|-damage|p2a: Umbreon|89/100\n|-damage|p2b: Whimsicott|88/100\n|\n|-heal|p2a: Umbreon|95/100|[from] item: Leftovers\n|upkeep\n|turn|5\n|\n|t:|1776011906\n|switch|p2b: Lucario|Lucario, L50, M|100/100\n|move|p1a: Clefable|Follow Me|p1a: Clefable\n|-singleturn|p1a: Clefable|move: Follow Me\n|move|p2a: Umbreon|Yawn|p1a: Clefable\n|-start|p1a: Clefable|move: Yawn|[of] p2a: Umbreon\n|move|p1b: Snorlax|Belly Drum|p1b: Snorlax\n|-damage|p1b: Snorlax|20/100\n|-setboost|p1b: Snorlax|atk|6|[from] move: Belly Drum\n|\n|-heal|p2a: Umbreon|100/100|[from] item: Leftovers\n|upkeep\n|turn|6\n|\n|t:|1776011925\n|detailschange|p2b: Lucario|Lucario-Mega, L50, M\n|-mega|p2b: Lucario|Lucario|Lucarionite\n|move|p1a: Clefable|Follow Me|p1a: Clefable\n|-singleturn|p1a: Clefable|move: Follow Me\n|move|p2b: Lucario|Meteor Mash|p1a: Clefable\n|-supereffective|p1a: Clefable|1\n|-damage|p1a: Clefable|0 fnt\n|-boost|p2b: Lucario|atk|1\n|faint|p1a: Clefable\n|move|p2a: Umbreon|Foul Play|p1b: Snorlax\n|-damage|p1b: Snorlax|0 fnt\n|faint|p1b: Snorlax\n|\n|upkeep\n|\n|t:|1776011939\n|switch|p1a: Alakazam|Alakazam, L50, M|100/100\n|switch|p1b: Meowstic|Meowstic, L50, M|73/100\n|turn|7\n|\n|t:|1776011960\n|move|p1b: Meowstic|Protect|p1b: Meowstic\n|-singleturn|p1b: Meowstic|Protect\n|move|p1a: Alakazam|Protect|p1a: Alakazam\n|-singleturn|p1a: Alakazam|Protect\n|move|p2b: Lucario|Meteor Mash|p1a: Alakazam\n|-activate|p1a: Alakazam|move: Protect\n|move|p2a: Umbreon|Snarl|p1b: Meowstic|[spread] \n|-activate|p1a: Alakazam|move: Protect\n|-activate|p1b: Meowstic|move: Protect\n|\n|-sideend|p2: gonegeb|move: Tailwind\n|-fieldend|move: Psychic Terrain\n|upkeep\n|turn|8\n|\n|t:|1776011982\n|detailschange|p1b: Meowstic|Meowstic-M-Mega, L50, M\n|-mega|p1b: Meowstic|Meowstic|Meowsticite\n|-ability|p1b: Meowstic|Adaptability|Trace|[from] ability: Trace|[of] p2b: Lucario\n|move|p1b: Meowstic|Expanding Force|p2b: Lucario\n|-damage|p2b: Lucario|1/100\n|move|p1a: Alakazam|Dazzling Gleam|p2b: Lucario|[spread] p2a,p2b\n|-supereffective|p2a: Umbreon|1\n|-damage|p2a: Umbreon|70/100\n|-damage|p2b: Lucario|0 fnt\n|faint|p2b: Lucario\n|move|p2a: Umbreon|Snarl|p1b: Meowstic|[spread] p1a,p1b\n|-supereffective|p1a: Alakazam|1\n|-supereffective|p1b: Meowstic|1\n|-damage|p1a: Alakazam|73/100\n|-damage|p1b: Meowstic|51/100\n|-unboost|p1a: Alakazam|spa|1\n|-unboost|p1b: Meowstic|spa|1\n|\n|-heal|p2a: Umbreon|76/100|[from] item: Leftovers\n|upkeep\n|\n|t:|1776011993\n|switch|p2b: Whimsicott|Whimsicott, L50, F, shiny|88/100\n|turn|9\n|\n|t:|1776012013\n|move|p2b: Whimsicott|Taunt|p1b: Meowstic\n|-start|p1b: Meowstic|move: Taunt\n|move|p1b: Meowstic|Expanding Force|p2b: Whimsicott\n|-damage|p2b: Whimsicott|34/100\n|move|p1a: Alakazam|Dazzling Gleam|p2b: Whimsicott|[spread] p2a,p2b\n|-supereffective|p2a: Umbreon|1\n|-crit|p2b: Whimsicott\n|-damage|p2a: Umbreon|58/100\n|-damage|p2b: Whimsicott|0 fnt\n|faint|p2b: Whimsicott\n|move|p2a: Umbreon|Snarl|p1a: Alakazam|[spread] p1a,p1b\n|-supereffective|p1a: Alakazam|1\n|-supereffective|p1b: Meowstic|1\n|-damage|p1a: Alakazam|46/100\n|-damage|p1b: Meowstic|30/100\n|-unboost|p1a: Alakazam|spa|1\n|-unboost|p1b: Meowstic|spa|1\n|\n|-heal|p2a: Umbreon|64/100|[from] item: Leftovers\n|upkeep\n|\n|t:|1776012020\n|switch|p2b: Ceruledge|Ceruledge, L50, M|100/100\n|turn|10\n|\n|t:|1776012039\n|move|p1b: Meowstic|Expanding Force|p2b: Ceruledge\n|-damage|p2b: Ceruledge|80/100\n|move|p1a: Alakazam|Dazzling Gleam|p2b: Ceruledge|[spread] p2a,p2b\n|-supereffective|p2a: Umbreon|1\n|-resisted|p2b: Ceruledge|1\n|-damage|p2a: Umbreon|50/100\n|-damage|p2b: Ceruledge|76/100\n|move|p2b: Ceruledge|Bulk Up|p2b: Ceruledge\n|-boost|p2b: Ceruledge|atk|1\n|-boost|p2b: Ceruledge|def|1\n|move|p2a: Umbreon|Snarl|p1a: Alakazam|[spread] p1a,p1b\n|-supereffective|p1a: Alakazam|1\n|-supereffective|p1b: Meowstic|1\n|-damage|p1a: Alakazam|19/100\n|-damage|p1b: Meowstic|9/100\n|-unboost|p1a: Alakazam|spa|1\n|-unboost|p1b: Meowstic|spa|1\n|\n|-heal|p2a: Umbreon|56/100|[from] item: Leftovers\n|upkeep\n|turn|11\n|-message|Woadi forfeited.\n|\n|win|gonegeb\n|raw|Woadi's rating: 1095 &rarr; <strong>1070</strong><br />(-25 for losing)\n|raw|gonegeb's rating: 1083 &rarr; <strong>1112</strong><br />(+29 for winning)\n|l|\u2606Woadi\n|player|p1|\n",
  "uploadtime": 1776012050,
  "views": 19,
  "formatid": "gen9championsvgc2026regma",
  "rating": 1070,
  "private": 0,
  "password": null
}