{
  "id": "gen9championsvgc2026regma-2582825413",
  "format": "[Gen 9 Champions] VGC 2026 Reg M-A",
  "players": [
    "Devta",
    "Leuman06"
  ],
  "log": "|j|\u2606Devta\n|j|\u2606Leuman06\n|t:|1776116985\n|gametype|doubles\n|player|p1|Devta|hexmaniac-gen6|1112\n|player|p2|Leuman06|benga|1152\n|gen|9\n|tier|[Gen 9 Champions] VGC 2026 Reg M-A\n|rated|\n|rule|Species Clause: Limit one of each Pok\u00e9mon\n|rule|Item Clause: Limit 1 of each item\n|clearpoke\n|poke|p1|Gardevoir, L50, M|\n|poke|p1|Hydreigon, L50, M|\n|poke|p1|Aegislash, L50, M|\n|poke|p1|Maushold, L50|\n|poke|p1|Talonflame, L50, M|\n|poke|p1|Sneasler, L50, M|\n|poke|p2|Tyranitar, L50, M|\n|poke|p2|Excadrill, L50, M|\n|poke|p2|Rotom-Heat, L50|\n|poke|p2|Sinistcha, L50|\n|poke|p2|Sneasler, L50, M|\n|poke|p2|Milotic, L50, F|\n|teampreview|4\n|inactive|Battle timer is ON: inactive players will automatically lose when time's up. (requested by Devta)\n|inactive|Devta has 60 seconds left.\n|inactive|Leuman06 has 60 seconds left.\n|inactive|Devta has 30 seconds left.\n|inactive|Devta has 20 seconds left.\n|\n|t:|1776117067\n|teamsize|p1|4\n|teamsize|p2|4\n|start\n|switch|p1a: Sneasler|Sneasler, L50, M|100/100\n|switch|p1b: Hydreigon|Hydreigon, L50, M|100/100\n|switch|p2a: Rotom|Rotom-Heat, L50|100/100\n|switch|p2b: Sneasler|Sneasler, L50, M|100/100\n|turn|1\n|inactive|Leuman06 has 30 seconds left.\n|inactive|Devta has 30 seconds left.\n|\n|t:|1776117112\n|move|p1a: Sneasler|Protect|p1a: Sneasler\n|-singleturn|p1a: Sneasler|Protect\n|move|p2b: Sneasler|Fake Out|p1b: Hydreigon\n|-damage|p1b: Hydreigon|83/100\n|cant|p1b: Hydreigon|flinch\n|move|p2a: Rotom|Will-O-Wisp|p1a: Sneasler\n|-activate|p1a: Sneasler|move: Protect\n|\n|upkeep\n|turn|2\n|inactive|Devta has 30 seconds left.\n|inactive|Leuman06 has 30 seconds left.\n|inactive|Devta has 20 seconds left.\n|inactive|Leuman06 has 20 seconds left.\n|inactive|Devta has 15 seconds left.\n|\n|t:|1776117156\n|move|p1b: Hydreigon|Draco Meteor|p2b: Sneasler\n|-damage|p2b: Sneasler|3/100\n|-unboost|p1b: Hydreigon|spa|2\n|move|p1a: Sneasler|Close Combat|p2a: Rotom\n|-damage|p2a: Rotom|47/100\n|-unboost|p1a: Sneasler|def|1\n|-unboost|p1a: Sneasler|spd|1\n|-enditem|p1a: Sneasler|White Herb\n|-clearnegativeboost|p1a: Sneasler|[silent]\n|move|p2b: Sneasler|Close Combat|p1b: Hydreigon\n|-supereffective|p1b: Hydreigon|1\n|-damage|p1b: Hydreigon|0 fnt\n|-unboost|p2b: Sneasler|def|1\n|-unboost|p2b: Sneasler|spd|1\n|faint|p1b: Hydreigon\n|-enditem|p2b: Sneasler|White Herb\n|-clearnegativeboost|p2b: Sneasler|[silent]\n|move|p2a: Rotom|Will-O-Wisp|p1a: Sneasler\n|-status|p1a: Sneasler|brn\n|\n|-damage|p1a: Sneasler|95/100 brn|[from] brn\n|upkeep\n|\n|t:|1776117169\n|switch|p1b: Aegislash|Aegislash, L50, M, shiny|100/100\n|turn|3\n|inactive|Leuman06 has 30 seconds left.\n|inactive|Leuman06 has 20 seconds left.\n|inactive|Leuman06 has 15 seconds left.\n|inactive|Leuman06 has 10 seconds left.\n|\n|t:|1776117217\n|switch|p2b: Tyranitar|Tyranitar, L50, M|100/100\n|-weather|Sandstorm|[from] ability: Sand Stream|[of] p2b: Tyranitar\n|move|p1b: Aegislash|King's Shield|p1b: Aegislash\n|-singleturn|p1b: Aegislash|Protect\n|move|p1a: Sneasler|Close Combat|p2a: Rotom\n|-damage|p2a: Rotom|19/100\n|-unboost|p1a: Sneasler|def|1\n|-unboost|p1a: Sneasler|spd|1\n|move|p2a: Rotom|Volt Switch|p1b: Aegislash\n|-activate|p1b: Aegislash|move: Protect\n|\n|-weather|Sandstorm|[upkeep]\n|-damage|p1a: Sneasler|89/100 brn|[from] Sandstorm\n|-damage|p2a: Rotom|13/100|[from] Sandstorm\n|-damage|p1a: Sneasler|83/100 brn|[from] brn\n|upkeep\n|turn|4\n|inactive|Leuman06 has 30 seconds left.\n|inactive|Leuman06 has 20 seconds left.\n|\n|t:|1776117256\n|move|p2b: Tyranitar|Protect|p2b: Tyranitar\n|-singleturn|p2b: Tyranitar|Protect\n|-formechange|p1b: Aegislash|Aegislash-Blade|\n|move|p1b: Aegislash|Shadow Sneak|p2a: Rotom\n|-damage|p2a: Rotom|0 fnt\n|faint|p2a: Rotom\n|move|p1a: Sneasler|Close Combat|p2b: Tyranitar\n|-activate|p2b: Tyranitar|move: Protect\n|\n|-weather|Sandstorm|[upkeep]\n|-damage|p1a: Sneasler|78/100 brn|[from] Sandstorm\n|-damage|p1a: Sneasler|72/100 brn|[from] brn\n|upkeep\n|\n|t:|1776117262\n|switch|p2a: Excadrill|Excadrill, L50, M|100/100\n|turn|5\n|inactive|Leuman06 has 30 seconds left.\n|\n|t:|1776117294\n|detailschange|p2b: Tyranitar|Tyranitar-Mega, L50, M\n|-mega|p2b: Tyranitar|Tyranitar|Tyranitarite\n|-formechange|p1b: Aegislash|Aegislash|\n|move|p1b: Aegislash|King's Shield|p1b: Aegislash\n|-singleturn|p1b: Aegislash|Protect\n|move|p1a: Sneasler|Close Combat|p2a: Excadrill\n|-supereffective|p2a: Excadrill|1\n|-damage|p2a: Excadrill|3/100\n|-unboost|p1a: Sneasler|def|1\n|-unboost|p1a: Sneasler|spd|1\n|move|p2a: Excadrill|Rock Slide|p1b: Aegislash|[spread] p1a\n|-activate|p1b: Aegislash|move: Protect\n|-resisted|p1a: Sneasler|1\n|-damage|p1a: Sneasler|33/100 brn\n|move|p2b: Tyranitar|Assurance|p1b: Aegislash\n|-activate|p1b: Aegislash|move: Protect\n|-unboost|p2b: Tyranitar|atk|1\n|\n|-weather|Sandstorm|[upkeep]\n|-damage|p1a: Sneasler|27/100 brn|[from] Sandstorm\n|-damage|p1a: Sneasler|22/100 brn|[from] brn\n|upkeep\n|turn|6\n|inactive|Leuman06 has 30 seconds left.\n|\n|t:|1776117326\n|move|p2a: Excadrill|Protect|p2a: Excadrill\n|-singleturn|p2a: Excadrill|Protect\n|-formechange|p1b: Aegislash|Aegislash-Blade|\n|move|p1b: Aegislash|Shadow Sneak|p2a: Excadrill\n|-activate|p2a: Excadrill|move: Protect\n|move|p1a: Sneasler|Close Combat|p2b: Tyranitar\n|-supereffective|p2b: Tyranitar|2\n|-damage|p2b: Tyranitar|28/100\n|-unboost|p1a: Sneasler|def|1\n|-unboost|p1a: Sneasler|spd|1\n|move|p2b: Tyranitar|Assurance|p1b: Aegislash\n|-supereffective|p1b: Aegislash|1\n|-damage|p1b: Aegislash|6/100\n|\n|-weather|Sandstorm|[upkeep]\n|-damage|p1a: Sneasler|16/100 brn|[from] Sandstorm\n|-heal|p1b: Aegislash|12/100|[from] item: Leftovers\n|-damage|p1a: Sneasler|10/100 brn|[from] brn\n|upkeep\n|turn|7\n|inactive|Leuman06 has 30 seconds left.\n|inactive|Leuman06 has 20 seconds left.\n|inactive|Leuman06 has 15 seconds left.\n|\n|t:|1776117369\n|move|p2b: Tyranitar|Protect|p2b: Tyranitar\n|-singleturn|p2b: Tyranitar|Protect\n|move|p1b: Aegislash|Shadow Sneak|p2a: Excadrill\n|-damage|p2a: Excadrill|0 fnt\n|faint|p2a: Excadrill\n|move|p1a: Sneasler|Close Combat|p2b: Tyranitar\n|-activate|p2b: Tyranitar|move: Protect\n|\n|-weather|none\n|-heal|p1b: Aegislash|18/100|[from] item: Leftovers\n|-damage|p1a: Sneasler|4/100 brn|[from] brn\n|upkeep\n|\n|t:|1776117374\n|switch|p2a: Sneasler|Sneasler, L50, M|3/100\n|turn|8\n|inactive|Leuman06 has 30 seconds left.\n|\n|t:|1776117402\n|move|p2a: Sneasler|Fake Out|p1a: Sneasler\n|-damage|p1a: Sneasler|0 fnt\n|faint|p1a: Sneasler\n|move|p1b: Aegislash|Shadow Sneak|p2a: Sneasler\n|-crit|p2a: Sneasler\n|-damage|p2a: Sneasler|0 fnt\n|faint|p2a: Sneasler\n|move|p2b: Tyranitar|Rock Slide|p1b: Aegislash\n|-resisted|p1b: Aegislash|1\n|-damage|p1b: Aegislash|0 fnt\n|faint|p1b: Aegislash\n|\n|upkeep\n|\n|t:|1776117406\n|switch|p1b: Gardevoir|Gardevoir, L50, M, shiny|100/100\n|turn|9\n|\n|t:|1776117412\n|detailschange|p1b: Gardevoir|Gardevoir-Mega, L50, M, shiny\n|-mega|p1b: Gardevoir|Gardevoir|Gardevoirite\n|move|p1b: Gardevoir|Vacuum Wave|p2b: Tyranitar\n|-supereffective|p2b: Tyranitar|2\n|-damage|p2b: Tyranitar|0 fnt\n|faint|p2b: Tyranitar\n|\n|win|Devta\n|raw|Devta's rating: 1112 &rarr; <strong>1140</strong><br />(+28 for winning)\n|raw|Leuman06's rating: 1152 &rarr; <strong>1124</strong><br />(-28 for losing)\n",
  "uploadtime": 1776117412,
  "views": 15,
  "formatid": "gen9championsvgc2026regma",
  "rating": 1124,
  "private": 0,
  "password": null
}