{
  "id": "gen9championsvgc2026regma-2587489852",
  "format": "[Gen 9 Champions] VGC 2026 Reg M-A",
  "players": [
    "dohawyth",
    "xgemmz"
  ],
  "log": "|j|\u2606dohawyth\n|j|\u2606xgemmz\n|t:|1776536196\n|gametype|doubles\n|player|p1|dohawyth|265|1288\n|player|p2|xgemmz|266|1310\n|gen|9\n|tier|[Gen 9 Champions] VGC 2026 Reg M-A\n|rated|\n|rule|Species Clause: Limit one of each Pok\u00e9mon\n|rule|Item Clause: Limit 1 of each item\n|clearpoke\n|poke|p1|Incineroar, L50, M|\n|poke|p1|Crabominable, L50, F|\n|poke|p1|Kingambit, L50, M|\n|poke|p1|Slowking-Galar, L50, F|\n|poke|p1|Sinistcha, L50|\n|poke|p1|Primarina, L50, F|\n|poke|p2|Charizard, L50, F, shiny|\n|poke|p2|Umbreon, L50, M, shiny|\n|poke|p2|Incineroar, L50, M|\n|poke|p2|Torkoal, L50, F|\n|poke|p2|Farigiraf, L50, M|\n|poke|p2|Venusaur, L50, F|\n|teampreview|4\ndohawyth rejected open team sheets.\n|inactive|Battle timer is ON: inactive players will automatically lose when time's up. (requested by dohawyth)\n|\n|t:|1776536247\n|teamsize|p1|4\n|teamsize|p2|4\n|start\n|switch|p1a: Sinistcha|Sinistcha, L50|100/100\n|switch|p1b: Crabominable|Crabominable, L50, F|100/100\n|switch|p2a: Charizard|Charizard, L50, F, shiny|100/100\n|switch|p2b: Farigiraf|Farigiraf, L50, M|100/100\n|turn|1\n|inactive|dohawyth has 30 seconds left.\n|inactive|xgemmz has 30 seconds left.\n|inactive|dohawyth has 20 seconds left.\n|inactive|dohawyth has 15 seconds left.\n|\n|t:|1776536289\n|switch|p2b: Torkoal|Torkoal, L50, F|100/100\n|-weather|SunnyDay|[from] ability: Drought|[of] p2b: Torkoal\n|move|p1b: Crabominable|Protect|p1b: Crabominable\n|-singleturn|p1b: Crabominable|Protect\n|move|p2a: Charizard|Heat Wave|p1a: Sinistcha|[spread] p1a\n|-activate|p1b: Crabominable|move: Protect\n|-supereffective|p1a: Sinistcha|1\n|-enditem|p1a: Sinistcha|Occa Berry|[eat]\n|-enditem|p1a: Sinistcha|Occa Berry|[weaken]\n|-damage|p1a: Sinistcha|53/100\n|move|p1a: Sinistcha|Shadow Ball|p2a: Charizard\n|-damage|p2a: Charizard|45/100\n|-unboost|p2a: Charizard|spd|1\n|\n|-weather|SunnyDay|[upkeep]\n|-damage|p2a: Charizard|33/100|[from] ability: Solar Power|[of] p2a: Charizard\n|upkeep\n|turn|2\n|\n|t:|1776536313\n|switch|p1b: Primarina|Primarina, L50, F|100/100\n|move|p2a: Charizard|Heat Wave|p1a: Sinistcha|[spread] p1a\n|-miss|p2a: Charizard|p1b: Primarina\n|-supereffective|p1a: Sinistcha|1\n|-damage|p1a: Sinistcha|0 fnt\n|faint|p1a: Sinistcha\n|move|p2b: Torkoal|Eruption|p1b: Primarina\n|-resisted|p1b: Primarina|1\n|-damage|p1b: Primarina|54/100\n|\n|-weather|SunnyDay|[upkeep]\n|-damage|p2a: Charizard|20/100|[from] ability: Solar Power|[of] p2a: Charizard\n|-heal|p1b: Primarina|60/100|[from] item: Leftovers\n|upkeep\n|\n|t:|1776536328\n|switch|p1a: Crabominable|Crabominable, L50, F|100/100\n|turn|3\n|inactive|xgemmz has 30 seconds left.\n|\n|t:|1776536357\n|detailschange|p1a: Crabominable|Crabominable-Mega, L50, F\n|-mega|p1a: Crabominable|Crabominable|Crabominite\n|move|p1a: Crabominable|Mach Punch|p2a: Charizard\n|-resisted|p2a: Charizard|1\n|-damage|p2a: Charizard|0 fnt\n|faint|p2a: Charizard\n|move|p1b: Primarina|Hyper Voice|p2b: Torkoal\n|-supereffective|p2b: Torkoal|1\n|-damage|p2b: Torkoal|33/100\n|move|p2b: Torkoal|Eruption|p1b: Primarina|[spread] p1a,p1b\n|-supereffective|p1a: Crabominable|1\n|-resisted|p1b: Primarina|1\n|-damage|p1a: Crabominable|56/100\n|-damage|p1b: Primarina|47/100\n|\n|-weather|SunnyDay|[upkeep]\n|-heal|p1b: Primarina|53/100|[from] item: Leftovers\n|upkeep\n|\n|t:|1776536379\n|switch|p2a: Farigiraf|Farigiraf, L50, M|100/100\n|turn|4\n|\n|t:|1776536384\n|switch|p2b: Venusaur|Venusaur, L50, F|100/100\n|move|p2a: Farigiraf|Psychic|p1a: Crabominable\n|-supereffective|p1a: Crabominable|1\n|-damage|p1a: Crabominable|3/100\n|move|p1b: Primarina|Hyper Voice|p2a: Farigiraf|[spread] p2a,p2b\n|-resisted|p2b: Venusaur|1\n|-damage|p2a: Farigiraf|85/100\n|-damage|p2b: Venusaur|91/100\n|move|p1a: Crabominable|Drain Punch|p2a: Farigiraf\n|-damage|p2a: Farigiraf|36/100\n|-heal|p1a: Crabominable|31/100|[from] drain|[of] p2a: Farigiraf\n|-enditem|p2a: Farigiraf|Sitrus Berry|[eat]\n|-heal|p2a: Farigiraf|61/100|[from] item: Sitrus Berry\n|\n|-weather|SunnyDay|[upkeep]\n|-heal|p1b: Primarina|59/100|[from] item: Leftovers\n|upkeep\n|turn|5\n|inactive|dohawyth has 30 seconds left.\n|\n|t:|1776536409\n|switch|p1b: Kingambit|Kingambit, L50, M|100/100\n|detailschange|p2b: Venusaur|Venusaur-Mega, L50, F\n|-mega|p2b: Venusaur|Venusaur|Venusaurite\n|move|p1a: Crabominable|Protect|p1a: Crabominable\n|-singleturn|p1a: Crabominable|Protect\n|move|p2b: Venusaur|Giga Drain|p1b: Kingambit\n|-resisted|p1b: Kingambit|1\n|-damage|p1b: Kingambit|82/100\n|-heal|p2b: Venusaur|100/100|[from] drain|[of] p1b: Kingambit\n|move|p2a: Farigiraf|Psychic|p1a: Crabominable\n|-activate|p1a: Crabominable|move: Protect\n|\n|-weather|none\n|upkeep\n|turn|6\n|\n|t:|1776536424\n|move|p2b: Venusaur|Sleep Powder|p1b: Kingambit|[miss]\n|-miss|p2b: Venusaur|p1b: Kingambit\n|move|p2a: Farigiraf|Psychic|p1a: Crabominable\n|-supereffective|p1a: Crabominable|1\n|-damage|p1a: Crabominable|0 fnt\n|faint|p1a: Crabominable\n|move|p1b: Kingambit|Kowtow Cleave|p2a: Farigiraf\n|-supereffective|p2a: Farigiraf|1\n|-damage|p2a: Farigiraf|0 fnt\n|faint|p2a: Farigiraf\n|\n|upkeep\n|\n|t:|1776536433\n|switch|p2a: Torkoal|Torkoal, L50, F|33/100\n|switch|p1a: Primarina|Primarina, L50, F|59/100\n|-weather|SunnyDay|[from] ability: Drought|[of] p2a: Torkoal\n|turn|7\n|\n|t:|1776536446\n|move|p2a: Torkoal|Protect|p2a: Torkoal\n|-singleturn|p2a: Torkoal|Protect\n|move|p2b: Venusaur|Sleep Powder|p1b: Kingambit|[miss]\n|-miss|p2b: Venusaur|p1b: Kingambit\n|move|p1a: Primarina|Hyper Voice|p2a: Torkoal|[spread] p2b\n|-activate|p2a: Torkoal|move: Protect\n|-resisted|p2b: Venusaur|1\n|-damage|p2b: Venusaur|92/100\n|move|p1b: Kingambit|Kowtow Cleave|p2a: Torkoal\n|-activate|p2a: Torkoal|move: Protect\n|\n|-weather|SunnyDay|[upkeep]\n|-heal|p1a: Primarina|65/100|[from] item: Leftovers\n|upkeep\n|turn|8\n|\n|t:|1776536471\n|move|p2b: Venusaur|Sleep Powder|p1b: Kingambit\n|-status|p1b: Kingambit|slp|[from] move: Sleep Powder\n|move|p1a: Primarina|Hyper Voice|p2a: Torkoal|[spread] p2a,p2b\n|-supereffective|p2a: Torkoal|1\n|-resisted|p2b: Venusaur|1\n|-damage|p2a: Torkoal|0 fnt\n|-damage|p2b: Venusaur|84/100\n|faint|p2a: Torkoal\n|cant|p1b: Kingambit|slp\n|\n|-weather|SunnyDay|[upkeep]\n|-heal|p1a: Primarina|71/100|[from] item: Leftovers\n|upkeep\n|turn|9\n|\n|t:|1776536481\n|move|p1a: Primarina|Protect|p1a: Primarina\n|-singleturn|p1a: Primarina|Protect\n|cant|p1b: Kingambit|slp\n|move|p2b: Venusaur|Giga Drain|p1b: Kingambit\n|-resisted|p1b: Kingambit|1\n|-damage|p1b: Kingambit|65/100 slp\n|-heal|p2b: Venusaur|94/100|[from] drain|[of] p1b: Kingambit\n|\n|-weather|SunnyDay|[upkeep]\n|-heal|p1a: Primarina|76/100|[from] item: Leftovers\n|upkeep\n|turn|10\n|\n|t:|1776536491\n|-curestatus|p1b: Kingambit|slp|[msg]\n|move|p1b: Kingambit|Protect|p1b: Kingambit\n|-singleturn|p1b: Kingambit|Protect\n|move|p2b: Venusaur|Giga Drain|p1b: Kingambit\n|-activate|p1b: Kingambit|move: Protect\n|move|p1a: Primarina|Moonblast|p2b: Venusaur\n|-resisted|p2b: Venusaur|1\n|-damage|p2b: Venusaur|71/100\n|-unboost|p2b: Venusaur|spa|1\n|\n|-weather|SunnyDay|[upkeep]\n|-heal|p1a: Primarina|82/100|[from] item: Leftovers\n|upkeep\n|turn|11\n|\n|t:|1776536501\n|move|p1b: Kingambit|Sucker Punch||[still]\n|-fail|p1b: Kingambit\n|move|p2b: Venusaur|Sleep Powder|p1b: Kingambit\n|-status|p1b: Kingambit|slp|[from] move: Sleep Powder\n|move|p1a: Primarina|Moonblast|p2b: Venusaur\n|-resisted|p2b: Venusaur|1\n|-damage|p2b: Venusaur|48/100\n|\n|-weather|none\n|-heal|p1a: Primarina|88/100|[from] item: Leftovers\n|upkeep\n|turn|12\n|\n|t:|1776536513\n|cant|p1b: Kingambit|slp\n|move|p2b: Venusaur|Giga Drain|p1a: Primarina\n|-supereffective|p1a: Primarina|1\n|-damage|p1a: Primarina|49/100\n|-heal|p2b: Venusaur|68/100|[from] drain|[of] p1a: Primarina\n|move|p1a: Primarina|Moonblast|p2b: Venusaur\n|-resisted|p2b: Venusaur|1\n|-damage|p2b: Venusaur|44/100\n|\n|-heal|p1a: Primarina|55/100|[from] item: Leftovers\n|upkeep\n|turn|13\n|\n|t:|1776536521\n|cant|p1b: Kingambit|slp\n|move|p2b: Venusaur|Giga Drain|p1a: Primarina\n|-supereffective|p1a: Primarina|1\n|-damage|p1a: Primarina|10/100\n|-heal|p2b: Venusaur|66/100|[from] drain|[of] p1a: Primarina\n|move|p1a: Primarina|Moonblast|p2b: Venusaur\n|-resisted|p2b: Venusaur|1\n|-damage|p2b: Venusaur|46/100\n|\n|-heal|p1a: Primarina|15/100|[from] item: Leftovers\n|upkeep\n|turn|14\n|\n|t:|1776536534\n|move|p2b: Venusaur|Sleep Powder|p1b: Kingambit|[miss]\n|-miss|p2b: Venusaur|p1b: Kingambit\n|move|p1a: Primarina|Moonblast|p2b: Venusaur\n|-resisted|p2b: Venusaur|1\n|-damage|p2b: Venusaur|25/100\n|-curestatus|p1b: Kingambit|slp|[msg]\n|move|p1b: Kingambit|Kowtow Cleave|p2b: Venusaur\n|-damage|p2b: Venusaur|0 fnt\n|faint|p2b: Venusaur\n|\n|win|dohawyth\n|raw|dohawyth's rating: 1288 &rarr; <strong>1315</strong><br />(+27 for winning)\n|raw|xgemmz's rating: 1310 &rarr; <strong>1289</strong><br />(-21 for losing)\n|l|\u2606xgemmz\n|player|p2|\n",
  "uploadtime": 1776536538,
  "views": 21,
  "formatid": "gen9championsvgc2026regma",
  "rating": 1289,
  "private": 0,
  "password": null
}