{
  "id": "gen9championsvgc2026regma-2583007554",
  "format": "[Gen 9 Champions] VGC 2026 Reg M-A",
  "players": [
    "Lenghong",
    "Jah_08"
  ],
  "log": "|j|\u2606Lenghong\n|j|\u2606Jah_08\n|t:|1776132826\n|gametype|doubles\n|player|p1|Lenghong|hilda|1255\n|player|p2|Jah_08|alder|1334\n|gen|9\n|tier|[Gen 9 Champions] VGC 2026 Reg M-A\n|rated|\n|rule|Species Clause: Limit one of each Pok\u00e9mon\n|rule|Item Clause: Limit 1 of each item\n|clearpoke\n|poke|p1|Espathra, L50, F|\n|poke|p1|Meowstic, L50, M|\n|poke|p1|Whimsicott, L50, F|\n|poke|p1|Charizard, L50, F|\n|poke|p1|Gardevoir, L50, F|\n|poke|p1|Incineroar, L50, F|\n|poke|p2|Excadrill, L50, F|\n|poke|p2|Whimsicott, L50, M|\n|poke|p2|Chandelure, L50, F|\n|poke|p2|Zoroark-Hisui, L50, M|\n|poke|p2|Basculegion, L50, M|\n|poke|p2|Conkeldurr, L50, F|\n|teampreview|4\nJah_08 rejected open team sheets.\n|inactive|Battle timer is ON: inactive players will automatically lose when time's up. (requested by Lenghong)\n|\n|t:|1776132925\n|teamsize|p1|4\n|teamsize|p2|4\n|start\n|switch|p1a: Charizard|Charizard, L50, F|100/100\n|switch|p1b: Whimsicott|Whimsicott, L50, F|100/100\n|switch|p2a: Whimsicott|Whimsicott, L50, M, shiny|100/100\n|switch|p2b: Excadrill|Excadrill, L50, F|100/100\n|-ability|p2b: Excadrill|Mold Breaker\n|turn|1\n|\n|t:|1776132943\n|switch|p1a: Incineroar|Incineroar, L50, F|100/100\n|-ability|p1a: Incineroar|Intimidate|boost\n|-unboost|p2a: Whimsicott|atk|1\n|-unboost|p2b: Excadrill|atk|1\n|move|p1b: Whimsicott|Tailwind|p1b: Whimsicott\n|-sidestart|p1: Lenghong|move: Tailwind\n|move|p2a: Whimsicott|Tailwind|p2a: Whimsicott\n|-sidestart|p2: Jah_08|move: Tailwind\n|move|p2b: Excadrill|Rock Slide|p1a: Incineroar|[spread] p1a,p1b\n|-supereffective|p1a: Incineroar|1\n|-damage|p1a: Incineroar|79/100\n|-damage|p1b: Whimsicott|83/100\n|\n|upkeep\n|turn|2\n|inactive|Jah_08 has 30 seconds left.\n|\n|t:|1776132972\n|move|p2a: Whimsicott|Protect|p2a: Whimsicott\n|-singleturn|p2a: Whimsicott|Protect\n|move|p2b: Excadrill|Protect|p2b: Excadrill\n|-singleturn|p2b: Excadrill|Protect\n|move|p1a: Incineroar|Fake Out|p2b: Excadrill\n|-activate|p2b: Excadrill|move: Protect\n|move|p1b: Whimsicott|Sunny Day|p1b: Whimsicott\n|-weather|SunnyDay\n|\n|-weather|SunnyDay|[upkeep]\n|upkeep\n|turn|3\n|\n|t:|1776132989\n|move|p1b: Whimsicott|Encore|p2b: Excadrill\n|-start|p2b: Excadrill|Encore\n|move|p2b: Excadrill|Protect||[still]\n|-fail|p2b: Excadrill\n|move|p2a: Whimsicott|Moonblast|p1a: Incineroar\n|-damage|p1a: Incineroar|47/100\n|-enditem|p1a: Incineroar|Sitrus Berry|[eat]\n|-heal|p1a: Incineroar|72/100|[from] item: Sitrus Berry\n|move|p1a: Incineroar|Flare Blitz|p2a: Whimsicott\n|-supereffective|p2a: Whimsicott|1\n|-damage|p2a: Whimsicott|0 fnt\n|faint|p2a: Whimsicott\n|-damage|p1a: Incineroar|45/100|[from] Recoil\n|\n|-weather|SunnyDay|[upkeep]\n|upkeep\n|\n|t:|1776133010\n|switch|p2a: Basculegion|Basculegion, L50, M|100/100\n|turn|4\n|\n|t:|1776133019\n|switch|p2b: Conkeldurr|Conkeldurr, L50, F, shiny|100/100\n|move|p2a: Basculegion|Wave Crash|p1a: Incineroar\n|-supereffective|p1a: Incineroar|1\n|-damage|p1a: Incineroar|0 fnt\n|faint|p1a: Incineroar\n|-damage|p2a: Basculegion|86/100|[from] Recoil\n|move|p1b: Whimsicott|Moonblast|p2a: Basculegion\n|-damage|p2a: Basculegion|56/100\n|\n|-weather|SunnyDay|[upkeep]\n|-sideend|p2: Jah_08|move: Tailwind\n|-sideend|p1: Lenghong|move: Tailwind\n|upkeep\n|\n|t:|1776133025\n|switch|p1a: Charizard|Charizard, L50, F|100/100\n|turn|5\n|inactive|Jah_08 has 30 seconds left.\n|inactive|Jah_08 has 20 seconds left.\n|\n|t:|1776133063\n|move|p1b: Whimsicott|Tailwind|p1b: Whimsicott\n|-sidestart|p1: Lenghong|move: Tailwind\n|move|p1a: Charizard|Heat Wave|p2a: Basculegion|[spread] p2a,p2b\n|-resisted|p2a: Basculegion|1\n|-damage|p2a: Basculegion|9/100\n|-damage|p2b: Conkeldurr|12/100\n|-status|p2b: Conkeldurr|brn\n|move|p2a: Basculegion|Wave Crash|p1a: Charizard\n|-supereffective|p1a: Charizard|1\n|-damage|p1a: Charizard|2/100\n|-damage|p2a: Basculegion|0 fnt|[from] Recoil\n|faint|p2a: Basculegion\n|move|p2b: Conkeldurr|Knock Off|p1a: Charizard\n|-damage|p1a: Charizard|0 fnt\n|-enditem|p1a: Charizard|Choice Scarf|[from] move: Knock Off|[of] p2b: Conkeldurr\n|faint|p1a: Charizard\n|\n|-weather|SunnyDay|[upkeep]\n|-damage|p2b: Conkeldurr|6/100 brn|[from] brn\n|upkeep\n|\n|t:|1776133083\n|switch|p1a: Gardevoir|Gardevoir, L50, F, shiny|100/100\n|switch|p2a: Excadrill|Excadrill, L50, F|100/100\n|-ability|p1a: Gardevoir|Iron Fist|Trace|[from] ability: Trace|[of] p2b: Conkeldurr\n|-ability|p2a: Excadrill|Mold Breaker\n|turn|6\n|inactive|Jah_08 has 30 seconds left.\n|\n|t:|1776133115\n|detailschange|p1a: Gardevoir|Gardevoir-Mega, L50, F, shiny\n|-mega|p1a: Gardevoir|Gardevoir|Gardevoirite\n|move|p1a: Gardevoir|Protect|p1a: Gardevoir\n|-singleturn|p1a: Gardevoir|Protect\n|move|p1b: Whimsicott|Moonblast|p2a: Excadrill\n|-resisted|p2a: Excadrill|1\n|-damage|p2a: Excadrill|81/100\n|move|p2a: Excadrill|Iron Head|p1a: Gardevoir\n|-activate|p1a: Gardevoir|move: Protect\n|move|p2b: Conkeldurr|Knock Off|p1a: Gardevoir\n|-activate|p1a: Gardevoir|move: Protect\n|\n|-weather|none\n|-damage|p2b: Conkeldurr|0 fnt|[from] brn\n|faint|p2b: Conkeldurr\n|upkeep\n|turn|7\n|\n|t:|1776133134\n|move|p1b: Whimsicott|Moonblast|p2a: Excadrill\n|-resisted|p2a: Excadrill|1\n|-damage|p2a: Excadrill|63/100\n|move|p1a: Gardevoir|Hyper Voice|p2a: Excadrill\n|-resisted|p2a: Excadrill|1\n|-damage|p2a: Excadrill|11/100\n|move|p2a: Excadrill|Iron Head|p1a: Gardevoir\n|-supereffective|p1a: Gardevoir|1\n|-crit|p1a: Gardevoir\n|-damage|p1a: Gardevoir|0 fnt\n|faint|p1a: Gardevoir\n|\n|upkeep\n|turn|8\n|\n|t:|1776133149\n|move|p1b: Whimsicott|Moonblast|p2a: Excadrill\n|-resisted|p2a: Excadrill|1\n|-damage|p2a: Excadrill|0 fnt\n|faint|p2a: Excadrill\n|\n|win|Lenghong\n|raw|Lenghong's rating: 1255 &rarr; <strong>1286</strong><br />(+31 for winning)\n|raw|Jah_08's rating: 1334 &rarr; <strong>1310</strong><br />(-24 for losing)\n|l|\u2606Lenghong\n|player|p1|\n",
  "uploadtime": 1776133157,
  "views": 32,
  "formatid": "gen9championsvgc2026regma",
  "rating": 1286,
  "private": 0,
  "password": null
}