{
  "id": "gen9championsvgc2026regma-2582334887",
  "format": "[Gen 9 Champions] VGC 2026 Reg M-A",
  "players": [
    "Spiritomb0722",
    "Cereales_Hacendado"
  ],
  "log": "|j|\u2606Spiritomb0722\n|j|\u2606Cereales_Hacendado\n|t:|1776084295\n|gametype|doubles\n|player|p1|Spiritomb0722|cynthia-gen4|1243\n|player|p2|Cereales_Hacendado|265|1278\n|gen|9\n|tier|[Gen 9 Champions] VGC 2026 Reg M-A\n|rated|\n|rule|Species Clause: Limit one of each Pok\u00e9mon\n|rule|Item Clause: Limit 1 of each item\n|clearpoke\n|poke|p1|Sinistcha, L50|\n|poke|p1|Tyranitar, L50, M|\n|poke|p1|Incineroar, L50, F|\n|poke|p1|Scovillain, L50, M|\n|poke|p1|Manectric, L50, F|\n|poke|p1|Azumarill, L50, F|\n|poke|p2|Pinsir, L50, F|\n|poke|p2|Milotic, L50, F|\n|poke|p2|Corviknight, L50, M|\n|poke|p2|Rotom-Heat, L50|\n|poke|p2|Glimmora, L50, F|\n|poke|p2|Scovillain, L50, F|\n|teampreview|4\nCereales_Hacendado rejected open team sheets.\n|\n|t:|1776084391\n|teamsize|p1|4\n|teamsize|p2|4\n|start\n|switch|p1a: Manectric|Manectric, L50, F|100/100\n|switch|p1b: Incineroar|Incineroar, L50, F|100/100\n|switch|p2a: La Exploradora|Glimmora, L50, F, shiny|100/100\n|switch|p2b: Edgar Allan Poe|Corviknight, L50, M, shiny|100/100\n|-ability|p1b: Incineroar|Intimidate|boost\n|-unboost|p2a: La Exploradora|atk|1\n|-ability|p2b: Edgar Allan Poe|Mirror Armor\n|-unboost|p1b: Incineroar|atk|1\n|turn|1\n|\n|t:|1776084416\n|move|p2a: La Exploradora|Spiky Shield|p2a: La Exploradora\n|-singleturn|p2a: La Exploradora|move: Protect\n|move|p1b: Incineroar|Fake Out|p2a: La Exploradora\n|-activate|p2a: La Exploradora|move: Protect\n|-damage|p1b: Incineroar|88/100|[from] Spiky Shield|[of] p2a: La Exploradora\n|move|p1a: Manectric|Thunderbolt|p2b: Edgar Allan Poe\n|-supereffective|p2b: Edgar Allan Poe|1\n|-damage|p2b: Edgar Allan Poe|56/100\n|move|p2b: Edgar Allan Poe|Body Press|p1b: Incineroar\n|-supereffective|p1b: Incineroar|1\n|-damage|p1b: Incineroar|50/100\n|\n|upkeep\n|turn|2\n|\n|t:|1776084451\n|switch|p2b: Happy Meal|Rotom-Heat, L50, shiny|100/100\n|move|p1a: Manectric|Thunderbolt|p2b: Happy Meal\n|-resisted|p2b: Happy Meal|1\n|-damage|p2b: Happy Meal|85/100\n|move|p2a: La Exploradora|Power Gem|p1b: Incineroar\n|-supereffective|p1b: Incineroar|1\n|-damage|p1b: Incineroar|0 fnt\n|faint|p1b: Incineroar\n|\n|-heal|p2b: Happy Meal|91/100|[from] item: Leftovers\n|upkeep\n|\n|t:|1776084481\n|switch|p1b: Azumarill|Azumarill, L50, F|100/100\n|turn|3\n|\n|t:|1776084509\n|detailschange|p1a: Manectric|Manectric-Mega, L50, F\n|-mega|p1a: Manectric|Manectric|Manectite\n|-ability|p1a: Manectric|Intimidate|boost\n|-unboost|p2a: La Exploradora|atk|1\n|-unboost|p2b: Happy Meal|atk|1\n|move|p2b: Happy Meal|Protect|p2b: Happy Meal\n|-singleturn|p2b: Happy Meal|Protect\n|move|p1b: Azumarill|Protect|p1b: Azumarill\n|-singleturn|p1b: Azumarill|Protect\n|move|p1a: Manectric|Snarl|p2b: Happy Meal|[spread] p2a\n|-activate|p2b: Happy Meal|move: Protect\n|-damage|p2a: La Exploradora|84/100\n|-unboost|p2a: La Exploradora|spa|1\n|move|p2a: La Exploradora|Sludge Wave|p1b: Azumarill|[spread] p1a\n|-activate|p2b: Happy Meal|move: Protect\n|-activate|p1b: Azumarill|move: Protect\n|-damage|p1a: Manectric|72/100\n|\n|-heal|p2b: Happy Meal|97/100|[from] item: Leftovers\n|upkeep\n|turn|4\n|\n|t:|1776084541\n|move|p1b: Azumarill|Aqua Jet|p2a: La Exploradora\n|-supereffective|p2a: La Exploradora|1\n|-damage|p2a: La Exploradora|27/100\n|-activate|p2a: La Exploradora|ability: Toxic Debris\n|-sidestart|p1: Spiritomb0722|move: Toxic Spikes\n|move|p1a: Manectric|Thunderbolt|p2a: La Exploradora\n|-damage|p2a: La Exploradora|0 fnt\n|faint|p2a: La Exploradora\n|move|p2b: Happy Meal|Will-O-Wisp|p1b: Azumarill\n|-status|p1b: Azumarill|brn\n|\n|-heal|p2b: Happy Meal|100/100|[from] item: Leftovers\n|-damage|p1b: Azumarill|95/100 brn|[from] brn\n|upkeep\n|\n|t:|1776084554\n|switch|p2a: Bipolar disorder|Scovillain, L50, F, shiny|100/100\n|turn|5\n|\n|t:|1776084565\n|detailschange|p2a: Bipolar disorder|Scovillain-Mega, L50, F, shiny\n|-mega|p2a: Bipolar disorder|Scovillain|Scovillainite\n|move|p1a: Manectric|Snarl|p2a: Bipolar disorder|[spread] p2a,p2b\n|-damage|p2a: Bipolar disorder|89/100\n|-damage|p2b: Happy Meal|90/100\n|-unboost|p2a: Bipolar disorder|spa|1\n|-unboost|p2b: Happy Meal|spa|1\n|-status|p1a: Manectric|brn|[from] ability: Spicy Spray|[of] p2a: Bipolar disorder\n|move|p2b: Happy Meal|Will-O-Wisp|p1a: Manectric\n|-fail|p1a: Manectric|brn\n|move|p2a: Bipolar disorder|Giga Drain|p1b: Azumarill\n|-supereffective|p1b: Azumarill|1\n|-damage|p1b: Azumarill|46/100 brn\n|-heal|p2a: Bipolar disorder|100/100|[from] drain|[of] p1b: Azumarill\n|-enditem|p1b: Azumarill|Sitrus Berry|[eat]\n|-heal|p1b: Azumarill|71/100 brn|[from] item: Sitrus Berry\n|move|p1b: Azumarill|Belly Drum|p1b: Azumarill\n|-damage|p1b: Azumarill|21/100 brn\n|-setboost|p1b: Azumarill|atk|6|[from] move: Belly Drum\n|\n|-heal|p2b: Happy Meal|95/100|[from] item: Leftovers\n|-damage|p1a: Manectric|67/100 brn|[from] brn\n|-damage|p1b: Azumarill|15/100 brn|[from] brn\n|upkeep\n|turn|6\n|\n|t:|1776084593\n|move|p2b: Happy Meal|Protect|p2b: Happy Meal\n|-singleturn|p2b: Happy Meal|Protect\n|move|p1b: Azumarill|Aqua Jet|p2a: Bipolar disorder\n|-damage|p2a: Bipolar disorder|48/100\n|move|p1a: Manectric|Snarl|p2a: Bipolar disorder|[spread] p2a\n|-activate|p2b: Happy Meal|move: Protect\n|-damage|p2a: Bipolar disorder|36/100\n|-unboost|p2a: Bipolar disorder|spa|1\n|move|p2a: Bipolar disorder|Giga Drain|p1b: Azumarill\n|-supereffective|p1b: Azumarill|1\n|-damage|p1b: Azumarill|0 fnt\n|-heal|p2a: Bipolar disorder|45/100|[from] drain|[of] p1b: Azumarill\n|faint|p1b: Azumarill\n|\n|-heal|p2b: Happy Meal|100/100|[from] item: Leftovers\n|-damage|p1a: Manectric|61/100 brn|[from] brn\n|upkeep\n|\n|t:|1776084609\n|switch|p1b: Scovillain|Scovillain, L50, M|100/100\n|-status|p1b: Scovillain|psn\n|turn|7\n|\n|t:|1776084628\n|switch|p2b: Edgar Allan Poe|Corviknight, L50, M, shiny|56/100\n|move|p2a: Bipolar disorder|Protect|p2a: Bipolar disorder\n|-singleturn|p2a: Bipolar disorder|Protect\n|move|p1a: Manectric|Thunderbolt|p2b: Edgar Allan Poe\n|-supereffective|p2b: Edgar Allan Poe|1\n|-damage|p2b: Edgar Allan Poe|3/100\n|-enditem|p2b: Edgar Allan Poe|Sitrus Berry|[eat]\n|-heal|p2b: Edgar Allan Poe|28/100|[from] item: Sitrus Berry\n|move|p1b: Scovillain|Flamethrower|p2b: Edgar Allan Poe\n|-supereffective|p2b: Edgar Allan Poe|1\n|-damage|p2b: Edgar Allan Poe|0 fnt\n|faint|p2b: Edgar Allan Poe\n|\n|-damage|p1b: Scovillain|88/100 psn|[from] psn\n|-damage|p1a: Manectric|55/100 brn|[from] brn\n|upkeep\n|\n|t:|1776084643\n|switch|p2b: Happy Meal|Rotom-Heat, L50, shiny|100/100\n|turn|8\n|\n|t:|1776084660\n|move|p1a: Manectric|Snarl|p2a: Bipolar disorder|[spread] p2a,p2b\n|-damage|p2a: Bipolar disorder|33/100\n|-damage|p2b: Happy Meal|90/100\n|-unboost|p2a: Bipolar disorder|spa|1\n|-unboost|p2b: Happy Meal|spa|1\n|move|p2b: Happy Meal|Overheat|p1b: Scovillain|[miss]\n|-miss|p2b: Happy Meal|p1b: Scovillain\n|move|p1b: Scovillain|Leech Seed|p2b: Happy Meal\n|-start|p2b: Happy Meal|move: Leech Seed\n|move|p2a: Bipolar disorder|Giga Drain|p1a: Manectric\n|-damage|p1a: Manectric|38/100 brn\n|-heal|p2a: Bipolar disorder|42/100|[from] drain|[of] p1a: Manectric\n|\n|-heal|p2b: Happy Meal|96/100|[from] item: Leftovers\n|-damage|p2b: Happy Meal|84/100|[from] Leech Seed|[of] p1b: Scovillain\n|-heal|p1b: Scovillain|99/100 psn|[silent]\n|-damage|p1b: Scovillain|87/100 psn|[from] psn\n|-damage|p1a: Manectric|32/100 brn|[from] brn\n|upkeep\n|turn|9\n|\n|t:|1776084688\n|move|p1a: Manectric|Snarl|p2a: Bipolar disorder|[spread] p2a,p2b\n|-damage|p2a: Bipolar disorder|30/100\n|-damage|p2b: Happy Meal|72/100\n|-unboost|p2a: Bipolar disorder|spa|1\n|-unboost|p2b: Happy Meal|spa|1\n|move|p2b: Happy Meal|Overheat|p1b: Scovillain\n|-damage|p1b: Scovillain|57/100 psn\n|-unboost|p2b: Happy Meal|spa|2\n|move|p2a: Bipolar disorder|Giga Drain|p1a: Manectric\n|-damage|p1a: Manectric|18/100 brn\n|-heal|p2a: Bipolar disorder|38/100|[from] drain|[of] p1a: Manectric\n|move|p1b: Scovillain|Flamethrower|p2a: Bipolar disorder\n|-damage|p2a: Bipolar disorder|5/100\n|\n|-heal|p2b: Happy Meal|78/100|[from] item: Leftovers\n|-damage|p2b: Happy Meal|66/100|[from] Leech Seed|[of] p1b: Scovillain\n|-heal|p1b: Scovillain|69/100 psn|[silent]\n|-damage|p1b: Scovillain|56/100 psn|[from] psn\n|-damage|p1a: Manectric|12/100 brn|[from] brn\n|upkeep\n|turn|10\n|\n|t:|1776084715\n|move|p2a: Bipolar disorder|Protect|p2a: Bipolar disorder\n|-singleturn|p2a: Bipolar disorder|Protect\n|move|p1a: Manectric|Snarl|p2b: Happy Meal|[spread] p2b\n|-activate|p2a: Bipolar disorder|move: Protect\n|-damage|p2b: Happy Meal|55/100\n|-unboost|p2b: Happy Meal|spa|1\n|move|p2b: Happy Meal|Electroweb|p1a: Manectric|[spread] p1a,p1b\n|-resisted|p1a: Manectric|1\n|-resisted|p1b: Scovillain|1\n|-damage|p1a: Manectric|10/100 brn\n|-damage|p1b: Scovillain|53/100 psn\n|-unboost|p1a: Manectric|spe|1\n|-unboost|p1b: Scovillain|spe|1\n|move|p1b: Scovillain|Flamethrower|p2b: Happy Meal\n|-resisted|p2b: Happy Meal|1\n|-damage|p2b: Happy Meal|41/100\n|\n|-heal|p2b: Happy Meal|46/100|[from] item: Leftovers\n|-damage|p2b: Happy Meal|34/100|[from] Leech Seed|[of] p1b: Scovillain\n|-heal|p1b: Scovillain|64/100 psn|[silent]\n|-damage|p1b: Scovillain|52/100 psn|[from] psn\n|-damage|p1a: Manectric|4/100 brn|[from] brn\n|upkeep\n|turn|11\n|\n|t:|1776084745\n|move|p2a: Bipolar disorder|Protect|p2a: Bipolar disorder\n|-singleturn|p2a: Bipolar disorder|Protect\n|move|p1a: Manectric|Thunderbolt|p2a: Bipolar disorder\n|-activate|p2a: Bipolar disorder|move: Protect\n|move|p2b: Happy Meal|Overheat|p1b: Scovillain\n|-damage|p1b: Scovillain|38/100 psn\n|-unboost|p2b: Happy Meal|spa|1\n|move|p1b: Scovillain|Flamethrower|p2b: Happy Meal\n|-resisted|p2b: Happy Meal|1\n|-damage|p2b: Happy Meal|20/100\n|\n|-heal|p2b: Happy Meal|26/100|[from] item: Leftovers\n|-damage|p2b: Happy Meal|14/100|[from] Leech Seed|[of] p1b: Scovillain\n|-heal|p1b: Scovillain|49/100 psn|[silent]\n|-damage|p1b: Scovillain|37/100 psn|[from] psn\n|-damage|p1a: Manectric|0 fnt|[from] brn\n|faint|p1a: Manectric\n|upkeep\n|turn|12\n|\n|t:|1776084767\n|move|p2b: Happy Meal|Overheat|p1b: Scovillain\n|-damage|p1b: Scovillain|23/100 psn\n|move|p2a: Bipolar disorder|Flamethrower|p1b: Scovillain\n|-damage|p1b: Scovillain|7/100 psn\n|move|p1b: Scovillain|Flamethrower|p2a: Bipolar disorder\n|-damage|p2a: Bipolar disorder|0 fnt\n|faint|p2a: Bipolar disorder\n|\n|-heal|p2b: Happy Meal|20/100|[from] item: Leftovers\n|-damage|p2b: Happy Meal|8/100|[from] Leech Seed|[of] p1b: Scovillain\n|-heal|p1b: Scovillain|18/100 psn|[silent]\n|-damage|p1b: Scovillain|6/100 psn|[from] psn\n|upkeep\n|turn|13\n|\n|t:|1776084782\n|move|p1b: Scovillain|Protect|p1b: Scovillain\n|-singleturn|p1b: Scovillain|Protect\n|move|p2b: Happy Meal|Overheat|p1b: Scovillain\n|-activate|p1b: Scovillain|move: Protect\n|\n|-heal|p2b: Happy Meal|13/100|[from] item: Leftovers\n|-damage|p2b: Happy Meal|1/100|[from] Leech Seed|[of] p1b: Scovillain\n|-heal|p1b: Scovillain|17/100 psn|[silent]\n|-damage|p1b: Scovillain|5/100 psn|[from] psn\n|upkeep\n|turn|14\n|\n|t:|1776084794\n|move|p1b: Scovillain|Protect||[still]\n|-fail|p1b: Scovillain\n|move|p2b: Happy Meal|Overheat|p1b: Scovillain\n|-damage|p1b: Scovillain|0 fnt\n|faint|p1b: Scovillain\n|\n|win|Cereales_Hacendado\n|raw|Spiritomb0722's rating: 1243 &rarr; <strong>1221</strong><br />(-22 for losing)\n|raw|Cereales_Hacendado's rating: 1278 &rarr; <strong>1300</strong><br />(+22 for winning)\n|c|\u2606Cereales_Hacendado|gg\n",
  "uploadtime": 1776084801,
  "views": 16,
  "formatid": "gen9championsvgc2026regma",
  "rating": 1221,
  "private": 0,
  "password": null
}