{
  "id": "gen9championsvgc2026regma-2582925024",
  "format": "[Gen 9 Champions] VGC 2026 Reg M-A",
  "players": [
    "Dirt_W0man",
    "jdjdhdehehhje"
  ],
  "log": "|j|\u2606Dirt_W0man\n|j|\u2606jdjdhdehehhje\n|t:|1776125491\n|gametype|doubles\n|player|p1|Dirt_W0man|iris-gen5bw2|1089\n|player|p2|jdjdhdehehhje|102|1000\n|gen|9\n|tier|[Gen 9 Champions] VGC 2026 Reg M-A\n|rated|\n|rule|Species Clause: Limit one of each Pok\u00e9mon\n|rule|Item Clause: Limit 1 of each item\n|clearpoke\n|poke|p1|Charizard, L50, F|\n|poke|p1|Garchomp, L50, F|\n|poke|p1|Venusaur, L50, M|\n|poke|p1|Incineroar, L50, M|\n|poke|p1|Sneasler, L50, F|\n|poke|p1|Basculegion, L50, M|\n|poke|p2|Talonflame, L50, F|\n|poke|p2|Garchomp, L50, M|\n|poke|p2|Araquanid, L50, F|\n|poke|p2|Aurorus, L50, F|\n|poke|p2|Gardevoir, L50, M|\n|poke|p2|Sneasler, L50, M|\n|teampreview|4\nDirt_W0man rejected open team sheets.\n|\n|t:|1776125544\n|teamsize|p1|4\n|teamsize|p2|4\n|start\n|switch|p1a: Charizard|Charizard, L50, F, shiny|100/100\n|switch|p1b: Venusaur|Venusaur, L50, M, shiny|100/100\n|switch|p2a: Sneasler|Sneasler, L50, M|100/100\n|switch|p2b: Garchomp|Garchomp, L50, M|100/100\n|turn|1\n|\n|t:|1776125577\n|detailschange|p1a: Charizard|Charizard-Mega-Y, L50, F, shiny\n|-mega|p1a: Charizard|Charizard|Charizardite Y\n|-weather|SunnyDay|[from] ability: Drought|[of] p1a: Charizard\n|move|p1a: Charizard|Protect|p1a: Charizard\n|-singleturn|p1a: Charizard|Protect\n|move|p2a: Sneasler|Fake Out|p1b: Venusaur\n|-damage|p1b: Venusaur|83/100\n|cant|p1b: Venusaur|flinch\n|move|p2b: Garchomp|Rock Slide|p1b: Venusaur|[spread] p1b\n|-activate|p1a: Charizard|move: Protect\n|-damage|p1b: Venusaur|59/100\n|\n|-weather|SunnyDay|[upkeep]\n|-heal|p1b: Venusaur|65/100|[from] item: Leftovers\n|upkeep\n|turn|2\n|\n|t:|1776125604\n|switch|p2a: Aurorus|Aurorus, L50, F, shiny|100/100\n|-weather|Snowscape|[from] ability: Snow Warning|[of] p2a: Aurorus\n|move|p2b: Garchomp|Rock Slide|p1a: Charizard|[spread] p1a,p1b\n|-supereffective|p1a: Charizard|2\n|-damage|p1a: Charizard|0 fnt\n|-damage|p1b: Venusaur|42/100\n|faint|p1a: Charizard\n|move|p1b: Venusaur|Giga Drain|p2b: Garchomp\n|-damage|p2b: Garchomp|68/100\n|-heal|p1b: Venusaur|58/100|[from] drain|[of] p2b: Garchomp\n|\n|-weather|Snowscape|[upkeep]\n|-heal|p1b: Venusaur|64/100|[from] item: Leftovers\n|upkeep\n|\n|t:|1776125626\n|switch|p1a: Incineroar|Incineroar, L50, M|100/100\n|-ability|p1a: Incineroar|Intimidate|boost\n|-unboost|p2a: Aurorus|atk|1\n|-unboost|p2b: Garchomp|atk|1\n|turn|3\n|\n|t:|1776125642\n|switch|p2b: Sneasler|Sneasler, L50, M|100/100\n|move|p1a: Incineroar|Fake Out|p2b: Sneasler\n|-damage|p2b: Sneasler|83/100\n|move|p1b: Venusaur|Sunny Day|p1b: Venusaur\n|-weather|SunnyDay\n|move|p2a: Aurorus|Blizzard|p1a: Incineroar|[spread] p1b\n|-miss|p2a: Aurorus|p1a: Incineroar\n|-supereffective|p1b: Venusaur|1\n|-damage|p1b: Venusaur|15/100\n|\n|-weather|SunnyDay|[upkeep]\n|-heal|p1b: Venusaur|21/100|[from] item: Leftovers\n|upkeep\n|turn|4\n|\n|t:|1776125671\n|switch|p2a: Gardevoir|Gardevoir, L50, M, shiny|100/100\n|move|p1b: Venusaur|Protect|p1b: Venusaur\n|-singleturn|p1b: Venusaur|Protect\n|move|p2b: Sneasler|Dire Claw|p1b: Venusaur\n|-activate|p1b: Venusaur|move: Protect\n|move|p1a: Incineroar|Parting Shot|p2b: Sneasler\n|-unboost|p2b: Sneasler|atk|1\n|-unboost|p2b: Sneasler|spa|1\n|\n|t:|1776125685\n|switch|p1a: Basculegion|Basculegion, L50, M, shiny|100/100|[from] Parting Shot\n|-enditem|p2b: Sneasler|White Herb\n|-clearnegativeboost|p2b: Sneasler|[silent]\n|\n|-weather|SunnyDay|[upkeep]\n|-heal|p1b: Venusaur|27/100|[from] item: Leftovers\n|upkeep\n|turn|5\n|\n|t:|1776125705\n|move|p2a: Gardevoir|Protect|p2a: Gardevoir\n|-singleturn|p2a: Gardevoir|Protect\n|move|p2b: Sneasler|Dire Claw|p1b: Venusaur\n|-crit|p1b: Venusaur\n|-damage|p1b: Venusaur|0 fnt\n|faint|p1b: Venusaur\n|move|p1a: Basculegion|Last Respects|p2a: Gardevoir\n|-activate|p2a: Gardevoir|move: Protect\n|\n|-weather|SunnyDay|[upkeep]\n|upkeep\n|\n|t:|1776125717\n|switch|p1b: Incineroar|Incineroar, L50, M|100/100\n|-ability|p1b: Incineroar|Intimidate|boost\n|-unboost|p2a: Gardevoir|atk|1\n|-unboost|p2b: Sneasler|atk|1\n|turn|6\n|\n|t:|1776125744\n|switch|p2a: Aurorus|Aurorus, L50, F, shiny|100/100\n|-weather|Snowscape|[from] ability: Snow Warning|[of] p2a: Aurorus\n|move|p1b: Incineroar|Fake Out|p2b: Sneasler\n|-damage|p2b: Sneasler|63/100\n|cant|p2b: Sneasler|flinch\n|move|p1a: Basculegion|Last Respects|p2a: Aurorus\n|-damage|p2a: Aurorus|24/100\n|\n|-weather|Snowscape|[upkeep]\n|upkeep\n|turn|7\n|\n|t:|1776125781\n|move|p2b: Sneasler|Close Combat|p1b: Incineroar\n|-supereffective|p1b: Incineroar|1\n|-damage|p1b: Incineroar|26/100\n|-unboost|p2b: Sneasler|def|1\n|-unboost|p2b: Sneasler|spd|1\n|-enditem|p1b: Incineroar|Sitrus Berry|[eat]\n|-heal|p1b: Incineroar|51/100|[from] item: Sitrus Berry\n|move|p1a: Basculegion|Last Respects|p2b: Sneasler\n|-damage|p2b: Sneasler|0 fnt\n|faint|p2b: Sneasler\n|move|p2a: Aurorus|Thunderbolt|p1a: Basculegion\n|-supereffective|p1a: Basculegion|1\n|-damage|p1a: Basculegion|40/100\n|move|p1b: Incineroar|Flare Blitz|p2a: Aurorus\n|-damage|p2a: Aurorus|0 fnt\n|faint|p2a: Aurorus\n|-damage|p1b: Incineroar|42/100|[from] Recoil\n|\n|-weather|Snowscape|[upkeep]\n|upkeep\n|\n|t:|1776125820\n|switch|p2b: Gardevoir|Gardevoir, L50, M, shiny|100/100\n|switch|p2a: Garchomp|Garchomp, L50, M|68/100\n|turn|8\n|\n|t:|1776125840\n|move|p2b: Gardevoir|Protect|p2b: Gardevoir\n|-singleturn|p2b: Gardevoir|Protect\n|move|p1a: Basculegion|Last Respects|p2b: Gardevoir\n|-activate|p2b: Gardevoir|move: Protect\n|move|p2a: Garchomp|Earthquake|p1b: Incineroar|[spread] p1a,p1b\n|-activate|p2b: Gardevoir|move: Protect\n|-supereffective|p1b: Incineroar|1\n|-damage|p1a: Basculegion|0 fnt\n|-damage|p1b: Incineroar|0 fnt\n|faint|p1a: Basculegion\n|faint|p1b: Incineroar\n|\n|win|jdjdhdehehhje\n|raw|Dirt_W0man's rating: 1089 &rarr; <strong>1060</strong><br />(-29 for losing)\n|raw|jdjdhdehehhje's rating: 1000 &rarr; <strong>1050</strong><br />(+50 for winning)\n",
  "uploadtime": 1776125853,
  "views": 18,
  "formatid": "gen9championsvgc2026regma",
  "rating": 1050,
  "private": 0,
  "password": null
}