{
  "id": "gen9championsvgc2026regma-2589419588",
  "format": "[Gen 9 Champions] VGC 2026 Reg M-A",
  "players": [
    "Cayde6ix",
    "SDLT LucaIaria63"
  ],
  "log": "|raw|<div class=\"broadcast-blue\"><strong>This battle is required to be public due to a player having a name starting with 'sdlt'.</div>\n|j|\u2606Cayde6ix\n|j|\u2606SDLT LucaIaria63\n|t:|1776721405\n|gametype|doubles\n|player|p1|Cayde6ix|red|1178\n|player|p2|SDLT LucaIaria63|colress|1087\n|gen|9\n|tier|[Gen 9 Champions] VGC 2026 Reg M-A\n|rated|\n|rule|Species Clause: Limit one of each Pok\u00e9mon\n|rule|Item Clause: Limit 1 of each item\n|clearpoke\n|poke|p1|Tyranitar, L50, M, shiny|\n|poke|p1|Steelix, L50, F, shiny|\n|poke|p1|Milotic, L50, F, shiny|\n|poke|p1|Gardevoir, L50, F, shiny|\n|poke|p1|Garchomp, L50, M, shiny|\n|poke|p1|Decidueye-Hisui, L50, F|\n|poke|p2|Gardevoir, L50, F|\n|poke|p2|Sinistcha, L50|\n|poke|p2|Politoed, L50, F|\n|poke|p2|Noivern, L50, M|\n|poke|p2|Garchomp, L50, M|\n|poke|p2|Rotom-Wash, L50|\n|teampreview|4\n|inactive|Battle timer is ON: inactive players will automatically lose when time's up. (requested by Cayde6ix)\n|inactive|Cayde6ix has 60 seconds left.\n|\n|t:|1776721454\n|teamsize|p1|4\n|teamsize|p2|4\n|start\n|switch|p1a: Gardevoir|Gardevoir, L50, F, shiny|100/100\n|switch|p1b: Garchomp|Garchomp, L50, M, shiny|100/100\n|switch|p2a: Noivern|Noivern, L50, M|100/100\n|switch|p2b: Gardevoir|Gardevoir, L50, F|100/100\n|-item|p1a: Gardevoir|Mental Herb|[from] ability: Frisk|[of] p2a: Noivern\n|-item|p1b: Garchomp|Soft Sand|[from] ability: Frisk|[of] p2a: Noivern\n|-ability|p2b: Gardevoir|Rough Skin|Trace|[from] ability: Trace|[of] p1b: Garchomp\n|turn|1\n|\n|t:|1776721472\n|detailschange|p2b: Gardevoir|Gardevoir-Mega, L50, F\n|-mega|p2b: Gardevoir|Gardevoir|Gardevoirite\n|move|p2a: Noivern|Super Fang|p1a: Gardevoir\n|-damage|p1a: Gardevoir|51/100\n|move|p1b: Garchomp|Dragon Claw|p2a: Noivern\n|-supereffective|p2a: Noivern|1\n|-enditem|p2a: Noivern|Focus Sash\n|-damage|p2a: Noivern|1/100\n|move|p2b: Gardevoir|Hyper Voice|p1b: Garchomp|[spread] p1a,p1b\n|-supereffective|p1b: Garchomp|1\n|-damage|p1a: Gardevoir|15/100\n|-damage|p1b: Garchomp|0 fnt\n|faint|p1b: Garchomp\n|move|p1a: Gardevoir|Moonblast|p2a: Noivern\n|-supereffective|p2a: Noivern|1\n|-damage|p2a: Noivern|0 fnt\n|faint|p2a: Noivern\n|\n|upkeep\n|\n|t:|1776721493\n|switch|p2a: Rotom|Rotom-Wash, L50|100/100\n|switch|p1b: Tyranitar|Tyranitar, L50, M, shiny|100/100\n|-weather|Sandstorm|[from] ability: Sand Stream|[of] p1b: Tyranitar\n|turn|2\n|\n|t:|1776721511\n|move|p1a: Gardevoir|Protect|p1a: Gardevoir\n|-singleturn|p1a: Gardevoir|Protect\n|move|p2b: Gardevoir|Hyper Voice|p1a: Gardevoir|[spread] p1b\n|-activate|p1a: Gardevoir|move: Protect\n|-supereffective|p1b: Tyranitar|1\n|-damage|p1b: Tyranitar|45/100\n|move|p2a: Rotom|Will-O-Wisp|p1b: Tyranitar|[miss]\n|-miss|p2a: Rotom|p1b: Tyranitar\n|move|p1b: Tyranitar|Crunch|p2b: Gardevoir\n|-damage|p2b: Gardevoir|42/100\n|\n|-weather|Sandstorm|[upkeep]\n|-damage|p2b: Gardevoir|36/100|[from] Sandstorm\n|-damage|p2a: Rotom|95/100|[from] Sandstorm\n|-damage|p1a: Gardevoir|9/100|[from] Sandstorm\n|-heal|p2a: Rotom|100/100|[from] item: Leftovers\n|upkeep\n|turn|3\n|inactive|Cayde6ix has 30 seconds left.\n|inactive|Cayde6ix has 20 seconds left.\n|inactive|Cayde6ix has 15 seconds left.\n|inactive|Cayde6ix has 10 seconds left.\n|\n|t:|1776721559\n|switch|p1a: Milotic|Milotic, L50, F, shiny|100/100\n|move|p1b: Tyranitar|Protect|p1b: Tyranitar\n|-singleturn|p1b: Tyranitar|Protect\n|move|p2b: Gardevoir|Hyper Voice|p1b: Tyranitar|[spread] p1a\n|-activate|p1b: Tyranitar|move: Protect\n|-damage|p1a: Milotic|60/100\n|move|p2a: Rotom|Thunderbolt|p1a: Milotic\n|-supereffective|p1a: Milotic|1\n|-damage|p1a: Milotic|9/100\n|\n|-weather|Sandstorm|[upkeep]\n|-damage|p2b: Gardevoir|31/100|[from] Sandstorm\n|-damage|p2a: Rotom|95/100|[from] Sandstorm\n|-damage|p1a: Milotic|3/100|[from] Sandstorm\n|-heal|p2a: Rotom|100/100|[from] item: Leftovers\n|-heal|p1a: Milotic|9/100|[from] item: Leftovers\n|upkeep\n|turn|4\n|\n|t:|1776721576\n|move|p2b: Gardevoir|Hyper Voice|p1a: Milotic|[spread] p1a,p1b\n|-supereffective|p1b: Tyranitar|1\n|-damage|p1a: Milotic|0 fnt\n|-damage|p1b: Tyranitar|0 fnt\n|faint|p1a: Milotic\n|faint|p1b: Tyranitar\n|move|p2a: Rotom|Hydro Pump|p1: Milotic|[notarget]\n|-fail|p2a: Rotom\n|\n|-weather|Sandstorm|[upkeep]\n|-damage|p2b: Gardevoir|25/100|[from] Sandstorm\n|-damage|p2a: Rotom|95/100|[from] Sandstorm\n|-heal|p2a: Rotom|100/100|[from] item: Leftovers\n|upkeep\n|\n|t:|1776721579\n|switch|p1a: Gardevoir|Gardevoir, L50, F, shiny|9/100\n|turn|5\n|\n|t:|1776721588\n|move|p1a: Gardevoir|Protect|p1a: Gardevoir\n|-singleturn|p1a: Gardevoir|Protect\n|move|p2b: Gardevoir|Hyper Voice|p1a: Gardevoir\n|-activate|p1a: Gardevoir|move: Protect\n|move|p2a: Rotom|Thunderbolt|p1a: Gardevoir\n|-activate|p1a: Gardevoir|move: Protect\n|\n|-weather|Sandstorm|[upkeep]\n|-damage|p2b: Gardevoir|19/100|[from] Sandstorm\n|-damage|p2a: Rotom|95/100|[from] Sandstorm\n|-damage|p1a: Gardevoir|3/100|[from] Sandstorm\n|-heal|p2a: Rotom|100/100|[from] item: Leftovers\n|upkeep\n|turn|6\n|\n|t:|1776721613\n|move|p2b: Gardevoir|Hyper Voice|p1a: Gardevoir\n|-damage|p1a: Gardevoir|0 fnt\n|faint|p1a: Gardevoir\n|\n|win|SDLT LucaIaria63\n|raw|Cayde6ix's rating: 1178 &rarr; <strong>1147</strong><br />(-31 for losing)\n|raw|SDLT LucaIaria63's rating: 1087 &rarr; <strong>1121</strong><br />(+34 for winning)\n",
  "uploadtime": 1776721622,
  "views": 3,
  "formatid": "gen9championsvgc2026regma",
  "rating": 1121,
  "private": 0,
  "password": null
}