{
  "id": "gen9championsvgc2026regma-2585790023",
  "format": "[Gen 9 Champions] VGC 2026 Reg M-A",
  "players": [
    "manicallyhex",
    "monsimian?"
  ],
  "log": "|j|\u2606manicallyhex\n|j|\u2606monsimian?\n|t:|1776370811\n|gametype|doubles\n|player|p1|manicallyhex|hexmaniac-gen6|1152\n|player|p2|monsimian?|rosa|1059\n|gen|9\n|tier|[Gen 9 Champions] VGC 2026 Reg M-A\n|rated|\n|rule|Species Clause: Limit one of each Pok\u00e9mon\n|rule|Item Clause: Limit 1 of each item\n|clearpoke\n|poke|p1|Maushold, L50|\n|poke|p1|Meganium, L50, F|\n|poke|p1|Skarmory, L50, M|\n|poke|p1|Talonflame, L50, F|\n|poke|p1|Excadrill, L50, F|\n|poke|p1|Pelipper, L50, M|\n|poke|p2|Charizard, L50, M|\n|poke|p2|Venusaur, L50, M|\n|poke|p2|Milotic, L50, F|\n|poke|p2|Garchomp, L50, F|\n|poke|p2|Gardevoir, L50, M|\n|poke|p2|Incineroar, L50, F|\n|teampreview|4\n|inactive|Battle timer is ON: inactive players will automatically lose when time's up. (requested by monsimian?)\n|\n|t:|1776370852\n|teamsize|p1|4\n|teamsize|p2|4\n|start\n|switch|p1a: Maushold|Maushold, L50|100/100\n|switch|p1b: Pelipper|Pelipper, L50, M|100/100\n|switch|p2a: Incineroar|Incineroar, L50, F|100/100\n|switch|p2b: Charizard|Charizard, L50, M, shiny|100/100\n|-ability|p2a: Incineroar|Intimidate|boost\n|-unboost|p1a: Maushold|atk|1\n|-unboost|p1b: Pelipper|atk|1\n|-weather|RainDance|[from] ability: Drizzle|[of] p1b: Pelipper\n|turn|1\n|\n|t:|1776370872\n|switch|p1b: Excadrill|Excadrill, L50, F|100/100\n|-ability|p1b: Excadrill|Mold Breaker\n|detailschange|p2b: Charizard|Charizard-Mega-Y, L50, M, shiny\n|-mega|p2b: Charizard|Charizard|Charizardite Y\n|-weather|SunnyDay|[from] ability: Drought|[of] p2b: Charizard\n|move|p1a: Maushold|Protect|p1a: Maushold\n|-singleturn|p1a: Maushold|Protect\n|move|p2a: Incineroar|Fake Out|p1a: Maushold\n|-activate|p1a: Maushold|move: Protect\n|move|p2b: Charizard|Solar Beam||[still]\n|-prepare|p2b: Charizard|Solar Beam\n|-anim|p2b: Charizard|Solar Beam|p1b: Excadrill\n|-damage|p1b: Excadrill|48/100\n|\n|-weather|SunnyDay|[upkeep]\n|upkeep\n|turn|2\n|\n|t:|1776370897\n|switch|p2b: Venusaur|Venusaur, L50, M, shiny|100/100\n|move|p1b: Excadrill|Rock Slide|p2a: Incineroar|[spread] p2a,p2b\n|-supereffective|p2a: Incineroar|1\n|-damage|p2a: Incineroar|65/100\n|-damage|p2b: Venusaur|79/100\n|move|p1a: Maushold|Encore|p2a: Incineroar\n|-start|p2a: Incineroar|Encore\n|move|p2a: Incineroar|Fake Out||[still]\n|-hint|Fake Out only works on your first turn out.\n|-fail|p2a: Incineroar\n|\n|-weather|SunnyDay|[upkeep]\n|upkeep\n|turn|3\n|\n|t:|1776370917\n|switch|p1b: Pelipper|Pelipper, L50, M|100/100\n|-weather|RainDance|[from] ability: Drizzle|[of] p1b: Pelipper\n|switch|p2a: Milotic|Milotic, L50, F, shiny|100/100\n|move|p1a: Maushold|Super Fang|p2b: Venusaur\n|-damage|p2b: Venusaur|40/100\n|move|p2b: Venusaur|Leaf Storm|p1b: Pelipper\n|-damage|p1b: Pelipper|37/100\n|-unboost|p2b: Venusaur|spa|2\n|\n|-weather|RainDance|[upkeep]\n|-heal|p1b: Pelipper|43/100|[from] item: Leftovers\n|upkeep\n|turn|4\n|\n|t:|1776370935\n|switch|p2b: Charizard|Charizard-Mega-Y, L50, M, shiny|100/100\n|-weather|SunnyDay|[from] ability: Drought|[of] p2b: Charizard\n|move|p1a: Maushold|Super Fang|p2a: Milotic\n|-damage|p2a: Milotic|50/100\n|move|p2a: Milotic|Ice Beam|p1b: Pelipper\n|-damage|p1b: Pelipper|17/100\n|move|p1b: Pelipper|U-turn|p2b: Charizard\n|-resisted|p2b: Charizard|2\n|-damage|p2b: Charizard|98/100\n|\n|t:|1776370951\n|switch|p1b: Excadrill|Excadrill, L50, F|48/100|[from] U-turn\n|-ability|p1b: Excadrill|Mold Breaker\n|\n|-weather|SunnyDay|[upkeep]\n|-heal|p2a: Milotic|56/100|[from] item: Leftovers\n|upkeep\n|turn|5\n|\n|t:|1776370972\n|switch|p1a: Pelipper|Pelipper, L50, M|17/100\n|-weather|RainDance|[from] ability: Drizzle|[of] p1a: Pelipper\n|move|p1b: Excadrill|Earthquake|p2a: Milotic|[spread] p2a\n|-immune|p1a: Pelipper\n|-immune|p2b: Charizard\n|-damage|p2a: Milotic|22/100\n|move|p2b: Charizard|Solar Beam||[still]\n|-prepare|p2b: Charizard|Solar Beam\n|move|p2a: Milotic|Ice Beam|p1a: Pelipper\n|-damage|p1a: Pelipper|0 fnt\n|faint|p1a: Pelipper\n|\n|-weather|RainDance|[upkeep]\n|-heal|p2a: Milotic|28/100|[from] item: Leftovers\n|upkeep\n|\n|t:|1776370981\n|switch|p1a: Meganium|Meganium, L50, F|100/100\n|turn|6\n|\n|t:|1776371001\n|switch|p1b: Maushold|Maushold, L50|100/100\n|detailschange|p1a: Meganium|Meganium-Mega, L50, F\n|-mega|p1a: Meganium|Meganium|Meganiumite\n|move|p2b: Charizard|Solar Beam|p1b: Maushold|[from] lockedmove\n|-damage|p1b: Maushold|72/100\n|move|p1a: Meganium|Solar Beam||[still]\n|-prepare|p1a: Meganium|Solar Beam\n|-activate|p1a: Meganium|ability: Mega Sol\n|-anim|p1a: Meganium|Solar Beam|p2a: Milotic\n|-supereffective|p2a: Milotic|1\n|-crit|p2a: Milotic\n|-damage|p2a: Milotic|0 fnt\n|faint|p2a: Milotic\n|\n|-weather|RainDance|[upkeep]\n|upkeep\n|\n|t:|1776371017\n|switch|p2a: Incineroar|Incineroar, L50, F|65/100\n|-ability|p2a: Incineroar|Intimidate|boost\n|-unboost|p1a: Meganium|atk|1\n|-unboost|p1b: Maushold|atk|1\n|turn|7\n|\n|t:|1776371030\n|switch|p2b: Venusaur|Venusaur, L50, M, shiny|40/100\n|move|p1b: Maushold|Protect|p1b: Maushold\n|-singleturn|p1b: Maushold|Protect\n|move|p1a: Meganium|Protect|p1a: Meganium\n|-singleturn|p1a: Meganium|Protect\n|move|p2a: Incineroar|Parting Shot|p1a: Meganium\n|-activate|p1a: Meganium|move: Protect\n|\n|-weather|RainDance|[upkeep]\n|upkeep\n|turn|8\n|\n|t:|1776371047\n|switch|p2a: Charizard|Charizard-Mega-Y, L50, M, shiny|98/100\n|-weather|SunnyDay|[from] ability: Drought|[of] p2a: Charizard\n|move|p1b: Maushold|Follow Me|p1b: Maushold\n|-singleturn|p1b: Maushold|move: Follow Me\n|move|p2b: Venusaur|Sludge Bomb|p1b: Maushold\n|-damage|p1b: Maushold|25/100\n|move|p1a: Meganium|Weather Ball|p2b: Venusaur\n|-supereffective|p2b: Venusaur|1\n|-damage|p2b: Venusaur|0 fnt\n|faint|p2b: Venusaur\n|\n|-weather|SunnyDay|[upkeep]\n|upkeep\n|\n|t:|1776371062\n|switch|p2b: Incineroar|Incineroar, L50, F|65/100\n|-ability|p2b: Incineroar|Intimidate|boost\n|-unboost|p1a: Meganium|atk|1\n|-unboost|p1b: Maushold|atk|1\n|turn|9\n|\n|t:|1776371073\n|move|p1b: Maushold|Protect|p1b: Maushold\n|-singleturn|p1b: Maushold|Protect\n|move|p1a: Meganium|Protect|p1a: Meganium\n|-singleturn|p1a: Meganium|Protect\n|move|p2b: Incineroar|Fake Out|p1a: Meganium\n|-activate|p1a: Meganium|move: Protect\n|move|p2a: Charizard|Weather Ball|p1a: Meganium\n|-activate|p1a: Meganium|move: Protect\n|\n|-weather|SunnyDay|[upkeep]\n|upkeep\n|turn|10\n|inactive|monsimian? has 30 seconds left.\n|\n|t:|1776371098\n|move|p1b: Maushold|Encore|p2b: Incineroar\n|-start|p2b: Incineroar|Encore\n|move|p2b: Incineroar|Fake Out||[still]\n|-hint|Fake Out only works on your first turn out.\n|-fail|p2b: Incineroar\n|move|p2a: Charizard|Heat Wave|p1b: Maushold|[spread] p1a,p1b\n|-supereffective|p1a: Meganium|1\n|-damage|p1a: Meganium|8/100\n|-damage|p1b: Maushold|0 fnt\n|faint|p1b: Maushold\n|move|p1a: Meganium|Dazzling Gleam|p2a: Charizard|[spread] p2a,p2b\n|-resisted|p2a: Charizard|1\n|-damage|p2a: Charizard|81/100\n|-damage|p2b: Incineroar|33/100\n|-enditem|p2b: Incineroar|Sitrus Berry|[eat]\n|-heal|p2b: Incineroar|58/100|[from] item: Sitrus Berry\n|\n|-weather|SunnyDay|[upkeep]\n|upkeep\n|\n|t:|1776371103\n|switch|p1b: Excadrill|Excadrill, L50, F|48/100\n|-ability|p1b: Excadrill|Mold Breaker\n|turn|11\n|\n|t:|1776371118\n|move|p2a: Charizard|Protect|p2a: Charizard\n|-singleturn|p2a: Charizard|Protect\n|move|p1b: Excadrill|Rock Slide|p2b: Incineroar|[spread] p2b\n|-activate|p2a: Charizard|move: Protect\n|-supereffective|p2b: Incineroar|1\n|-damage|p2b: Incineroar|18/100\n|move|p1a: Meganium|Dazzling Gleam|p2a: Charizard|[spread] p2b\n|-activate|p2a: Charizard|move: Protect\n|-damage|p2b: Incineroar|0 fnt\n|faint|p2b: Incineroar\n|\n|-weather|SunnyDay|[upkeep]\n|upkeep\n|turn|12\n|\n|t:|1776371136\n|move|p1b: Excadrill|Rock Slide|p2a: Charizard\n|-supereffective|p2a: Charizard|2\n|-damage|p2a: Charizard|0 fnt\n|faint|p2a: Charizard\n|\n|win|manicallyhex\n|raw|manicallyhex's rating: 1152 &rarr; <strong>1170</strong><br />(+18 for winning)\n|raw|monsimian?'s rating: 1059 &rarr; <strong>1045</strong><br />(-14 for losing)\n|l|\u2606monsimian?\n|player|p2|\n",
  "uploadtime": 1776371146,
  "views": 17,
  "formatid": "gen9championsvgc2026regma",
  "rating": 1045,
  "private": 0,
  "password": null
}