{
  "id": "gen9championsvgc2026regma-2586373151",
  "format": "[Gen 9 Champions] VGC 2026 Reg M-A",
  "players": [
    "huchuachua",
    "peggy101"
  ],
  "log": "|j|\u2606huchuachua\n|j|\u2606peggy101\n|t:|1776429798\n|gametype|doubles\n|player|p1|huchuachua|102|1213\n|player|p2|peggy101|ethan|1173\n|gen|9\n|tier|[Gen 9 Champions] VGC 2026 Reg M-A\n|rated|\n|rule|Species Clause: Limit one of each Pok\u00e9mon\n|rule|Item Clause: Limit 1 of each item\n|clearpoke\n|poke|p1|Kingambit, L50, F|\n|poke|p1|Gardevoir, L50, M|\n|poke|p1|Aerodactyl, L50, M|\n|poke|p1|Maushold, L50|\n|poke|p1|Incineroar, L50, M|\n|poke|p1|Sneasler, L50, M|\n|poke|p2|Charizard, L50, M|\n|poke|p2|Venusaur, L50, M|\n|poke|p2|Kingambit, L50, M|\n|poke|p2|Milotic, L50, F|\n|poke|p2|Garchomp, L50, F|\n|poke|p2|Sneasler, L50, M|\n|teampreview|4\n|inactive|Battle timer is ON: inactive players will automatically lose when time's up. (requested by peggy101)\n|\n|t:|1776429820\n|teamsize|p1|4\n|teamsize|p2|4\n|start\n|switch|p1a: Aerodactyl|Aerodactyl, L50, M|100/100\n|switch|p1b: Sneasler|Sneasler, L50, M|100/100\n|switch|p2a: Milotic|Milotic, L50, F|100/100\n|switch|p2b: Garchomp|Garchomp, L50, F|100/100\n|-ability|p1a: Aerodactyl|Pressure\n|turn|1\n|\n|t:|1776429832\n|move|p1b: Sneasler|Fake Out|p2b: Garchomp\n|-damage|p2b: Garchomp|86/100\n|-damage|p1b: Sneasler|88/100|[from] ability: Rough Skin|[of] p2b: Garchomp\n|cant|p2b: Garchomp|flinch\n|move|p1a: Aerodactyl|Tailwind|p1a: Aerodactyl\n|-sidestart|p1: huchuachua|move: Tailwind\n|move|p2a: Milotic|Icy Wind|p1a: Aerodactyl|[spread] p1a,p1b\n|-supereffective|p1a: Aerodactyl|1\n|-damage|p1a: Aerodactyl|60/100\n|-damage|p1b: Sneasler|70/100\n|-unboost|p1a: Aerodactyl|spe|1\n|-unboost|p1b: Sneasler|spe|1\n|-enditem|p1b: Sneasler|White Herb\n|-clearnegativeboost|p1b: Sneasler|[silent]\n|\n|upkeep\n|turn|2\n|\n|t:|1776429851\n|move|p1b: Sneasler|Dire Claw|p2a: Milotic\n|-damage|p2a: Milotic|60/100\n|move|p2b: Garchomp|Rock Slide|p1a: Aerodactyl|[spread] p1a,p1b\n|-supereffective|p1a: Aerodactyl|1\n|-resisted|p1b: Sneasler|1\n|-damage|p1a: Aerodactyl|0 fnt\n|-damage|p1b: Sneasler|52/100\n|faint|p1a: Aerodactyl\n|move|p2a: Milotic|Icy Wind|p1b: Sneasler\n|-damage|p1b: Sneasler|26/100\n|-unboost|p1b: Sneasler|spe|1\n|\n|upkeep\n|\n|t:|1776429860\n|switch|p1a: Gardevoir|Gardevoir, L50, M|100/100\n|-ability|p1a: Gardevoir|Competitive|Trace|[from] ability: Trace|[of] p2a: Milotic\n|turn|3\n|\n|t:|1776429870\n|switch|p1b: Maushold|Maushold, L50|100/100\n|detailschange|p1a: Gardevoir|Gardevoir-Mega, L50, M\n|-mega|p1a: Gardevoir|Gardevoir|Gardevoirite\n|move|p1a: Gardevoir|Hyper Voice|p2b: Garchomp|[spread] p2a,p2b\n|-crit|p2a: Milotic\n|-supereffective|p2b: Garchomp|1\n|-damage|p2a: Milotic|0 fnt\n|-damage|p2b: Garchomp|0 fnt\n|faint|p2a: Milotic\n|faint|p2b: Garchomp\n|\n|upkeep\n|\n|t:|1776429879\n|switch|p2b: Venusaur|Venusaur, L50, M|100/100\n|switch|p2a: Charizard|Charizard, L50, M, shiny|100/100\n|turn|4\n|\n|t:|1776429886\n|detailschange|p2a: Charizard|Charizard-Mega-Y, L50, M, shiny\n|-mega|p2a: Charizard|Charizard|Charizardite Y\n|-weather|SunnyDay|[from] ability: Drought|[of] p2a: Charizard\n|move|p1b: Maushold|Follow Me|p1b: Maushold\n|-singleturn|p1b: Maushold|move: Follow Me\n|move|p2b: Venusaur|Sludge Bomb|p1b: Maushold\n|-damage|p1b: Maushold|52/100\n|move|p1a: Gardevoir|Psychic|p2b: Venusaur\n|-supereffective|p2b: Venusaur|1\n|-damage|p2b: Venusaur|0 fnt\n|faint|p2b: Venusaur\n|move|p2a: Charizard|Heat Wave|p1a: Gardevoir|[spread] p1b\n|-miss|p2a: Charizard|p1a: Gardevoir\n|-damage|p1b: Maushold|0 fnt\n|faint|p1b: Maushold\n|\n|-weather|SunnyDay|[upkeep]\n|-sideend|p1: huchuachua|move: Tailwind\n|upkeep\n|\n|t:|1776429899\n|switch|p1b: Sneasler|Sneasler, L50, M|26/100\n|turn|5\n|\n|t:|1776429905\n|move|p1b: Sneasler|Fake Out|p2a: Charizard\n|-damage|p2a: Charizard|80/100\n|cant|p2a: Charizard|flinch\n|move|p1a: Gardevoir|Psychic|p2a: Charizard\n|-damage|p2a: Charizard|22/100\n|\n|-weather|SunnyDay|[upkeep]\n|upkeep\n|turn|6\n|\n|t:|1776429913\n|move|p1b: Sneasler|Dire Claw|p2a: Charizard\n|-damage|p2a: Charizard|0 fnt\n|faint|p2a: Charizard\n|\n|win|huchuachua\n|raw|huchuachua's rating: 1213 &rarr; <strong>1235</strong><br />(+22 for winning)\n|raw|peggy101's rating: 1173 &rarr; <strong>1151</strong><br />(-22 for losing)\n|l|\u2606peggy101\n|player|p2|\n",
  "uploadtime": 1776429920,
  "views": 28,
  "formatid": "gen9championsvgc2026regma",
  "rating": 1151,
  "private": 0,
  "password": null
}