{
  "id": "gen9championsvgc2026regma-2582441178",
  "format": "[Gen 9 Champions] VGC 2026 Reg M-A",
  "players": [
    "Bhjuddre",
    "colfox"
  ],
  "log": "|j|\u2606Bhjuddre\n|j|\u2606colfox\n|t:|1776091886\n|gametype|doubles\n|player|p1|Bhjuddre|1|1160\n|player|p2|colfox|265|1176\n|gen|9\n|tier|[Gen 9 Champions] VGC 2026 Reg M-A\n|rated|\n|rule|Species Clause: Limit one of each Pok\u00e9mon\n|rule|Item Clause: Limit 1 of each item\n|clearpoke\n|poke|p1|Charizard, L50, M|\n|poke|p1|Whimsicott, L50, M|\n|poke|p1|Venusaur, L50, M|\n|poke|p1|Milotic, L50, F|\n|poke|p1|Dragonite, L50, F|\n|poke|p1|Scizor, L50, F|\n|poke|p2|Ninetales, L50, F|\n|poke|p2|Dragonite, L50, M|\n|poke|p2|Sylveon, L50, F|\n|poke|p2|Milotic, L50, M|\n|poke|p2|Delphox, L50, M|\n|poke|p2|Garchomp, L50, F|\n|teampreview|4\n|inactive|Battle timer is ON: inactive players will automatically lose when time's up. (requested by Bhjuddre)\n|inactive|Bhjuddre has 60 seconds left.\n|inactive|colfox has 60 seconds left.\n|\n|t:|1776091938\n|teamsize|p1|4\n|teamsize|p2|4\n|start\n|switch|p1a: Charizard|Charizard, L50, M|100/100\n|switch|p1b: Venusaur|Venusaur, L50, M|100/100\n|switch|p2a: Garchomp|Garchomp, L50, F|100/100\n|switch|p2b: Ninetales|Ninetales, L50, F|100/100\n|-weather|SunnyDay|[from] ability: Drought|[of] p2b: Ninetales\n|turn|1\n|\n|t:|1776091955\n|detailschange|p1a: Charizard|Charizard-Mega-Y, L50, M\n|-mega|p1a: Charizard|Charizard|Charizardite Y\n|move|p2b: Ninetales|Helping Hand|p2a: Garchomp\n|-singleturn|p2a: Garchomp|Helping Hand|[of] p2b: Ninetales\n|move|p1b: Venusaur|Sleep Powder|p2a: Garchomp\n|-status|p2a: Garchomp|slp|[from] move: Sleep Powder\n|cant|p2a: Garchomp|slp\n|move|p1a: Charizard|Scorching Sands|p2b: Ninetales\n|-supereffective|p2b: Ninetales|1\n|-damage|p2b: Ninetales|39/100\n|\n|-weather|SunnyDay|[upkeep]\n|upkeep\n|turn|2\n|\n|t:|1776091974\n|switch|p1b: Whimsicott|Whimsicott, L50, M|100/100\n|move|p2b: Ninetales|Helping Hand|p2a: Garchomp\n|-singleturn|p2a: Garchomp|Helping Hand|[of] p2b: Ninetales\n|-curestatus|p2a: Garchomp|slp|[msg]\n|move|p2a: Garchomp|Rock Slide|p1a: Charizard|[spread] p1a\n|-miss|p2a: Garchomp|p1b: Whimsicott\n|-supereffective|p1a: Charizard|2\n|-damage|p1a: Charizard|0 fnt\n|faint|p1a: Charizard\n|\n|-weather|SunnyDay|[upkeep]\n|upkeep\n|\n|t:|1776091987\n|switch|p1a: Venusaur|Venusaur, L50, M|100/100\n|turn|3\n|\n|t:|1776092006\n|move|p2a: Garchomp|Protect|p2a: Garchomp\n|-singleturn|p2a: Garchomp|Protect\n|move|p1b: Whimsicott|Tailwind|p1b: Whimsicott\n|-sidestart|p1: Bhjuddre|move: Tailwind\n|move|p1a: Venusaur|Sleep Powder|p2b: Ninetales|[miss]\n|-miss|p1a: Venusaur|p2b: Ninetales\n|move|p2b: Ninetales|Heat Wave|p1a: Venusaur|[spread] p1a,p1b\n|-supereffective|p1a: Venusaur|1\n|-supereffective|p1b: Whimsicott|1\n|-damage|p1a: Venusaur|20/100\n|-enditem|p1b: Whimsicott|Focus Sash\n|-damage|p1b: Whimsicott|1/100\n|-status|p1b: Whimsicott|brn\n|-enditem|p1a: Venusaur|Sitrus Berry|[eat]\n|-heal|p1a: Venusaur|45/100|[from] item: Sitrus Berry\n|\n|-weather|SunnyDay|[upkeep]\n|-damage|p1b: Whimsicott|0 fnt|[from] brn\n|faint|p1b: Whimsicott\n|upkeep\n|\n|t:|1776092025\n|switch|p1b: Milotic|Milotic, L50, F|100/100\n|turn|4\n|\n|t:|1776092042\n|move|p2b: Ninetales|Helping Hand|p2a: Garchomp\n|-singleturn|p2a: Garchomp|Helping Hand|[of] p2b: Ninetales\n|move|p1a: Venusaur|Sleep Powder|p2b: Ninetales\n|-status|p2b: Ninetales|slp|[from] move: Sleep Powder\n|move|p1b: Milotic|Ice Beam|p2a: Garchomp\n|-supereffective|p2a: Garchomp|2\n|-enditem|p2a: Garchomp|Yache Berry|[eat]\n|-enditem|p2a: Garchomp|Yache Berry|[weaken]\n|-damage|p2a: Garchomp|45/100\n|move|p2a: Garchomp|Earthquake|p1b: Milotic|[spread] p2b,p1a,p1b\n|-supereffective|p2b: Ninetales|1\n|-damage|p2b: Ninetales|0 fnt\n|-damage|p1a: Venusaur|0 fnt\n|-damage|p1b: Milotic|47/100\n|faint|p2b: Ninetales\n|faint|p1a: Venusaur\n|\n|-weather|SunnyDay|[upkeep]\n|-heal|p1b: Milotic|54/100|[from] item: Leftovers\n|upkeep\n|\n|t:|1776092064\n|switch|p2b: Dragonite|Dragonite, L50, M|100/100\n|turn|5\n|\n|t:|1776092070\n|move|p2a: Garchomp|Protect|p2a: Garchomp\n|-singleturn|p2a: Garchomp|Protect\n|move|p2b: Dragonite|Extreme Speed|p1b: Milotic\n|-damage|p1b: Milotic|23/100\n|move|p1b: Milotic|Scald|p2a: Garchomp\n|-activate|p2a: Garchomp|move: Protect\n|\n|-weather|none\n|-heal|p1b: Milotic|29/100|[from] item: Leftovers\n|upkeep\n|turn|6\n|-message|Bhjuddre forfeited.\n|\n|win|colfox\n|raw|Bhjuddre's rating: 1160 &rarr; <strong>1136</strong><br />(-24 for losing)\n|raw|colfox's rating: 1176 &rarr; <strong>1200</strong><br />(+24 for winning)\n|l|\u2606Bhjuddre\n|player|p1|\n",
  "uploadtime": 1776092093,
  "views": 26,
  "formatid": "gen9championsvgc2026regma",
  "rating": 1136,
  "private": 0,
  "password": null
}