{
  "id": "gen9championsvgc2026regma-2580328014",
  "format": "[Gen 9 Champions] VGC 2026 Reg M-A",
  "players": [
    "Phersya",
    "Olivotec"
  ],
  "log": "|j|\u2606Phersya\n|j|\u2606Olivotec\n|t:|1775880990\n|gametype|doubles\n|player|p1|Phersya|170|1000\n|player|p2|Olivotec|101|1016\n|gen|9\n|tier|[Gen 9 Champions] VGC 2026 Reg M-A\n|rated|\n|rule|Species Clause: Limit one of each Pok\u00e9mon\n|rule|Item Clause: Limit 1 of each item\n|clearpoke\n|poke|p1|Incineroar, L50, M|\n|poke|p1|Sinistcha, L50|\n|poke|p1|Sneasler, L50, F|\n|poke|p1|Floette-Eternal, L50, F|\n|poke|p1|Garchomp, L50, M|\n|poke|p1|Archaludon, L50, M|\n|poke|p2|Oranguru, L50, M|\n|poke|p2|Rhyperior, L50, M|\n|poke|p2|Crabominable, L50, F|\n|poke|p2|Sinistcha, L50|\n|poke|p2|Basculegion, L50, M|\n|poke|p2|Incineroar, L50, F|\n|teampreview|4\n|inactive|Battle timer is ON: inactive players will automatically lose when time's up. (requested by Olivotec)\n|inactive|Phersya has 60 seconds left.\n|inactive|Olivotec has 60 seconds left.\n|\n|t:|1775881050\n|teamsize|p1|4\n|teamsize|p2|4\n|start\n|switch|p1a: Sneasler|Sneasler, L50, F|100/100\n|switch|p1b: Garchomp|Garchomp, L50, M|100/100\n|switch|p2a: Oranguru|Oranguru, L50, M|100/100\n|switch|p2b: Incineroar|Incineroar, L50, F|100/100\n|-ability|p2b: Incineroar|Intimidate|boost\n|-unboost|p1a: Sneasler|atk|1\n|-unboost|p1b: Garchomp|atk|1\n|turn|1\n|inactive|Phersya has 30 seconds left.\n|inactive|Phersya has 20 seconds left.\n|\n|t:|1775881086\n|switch|p1b: Incineroar|Incineroar, L50, M|100/100\n|-ability|p1b: Incineroar|Intimidate|boost\n|-fail|p2a: Oranguru|unboost|Attack|[from] ability: Inner Focus|[of] p2a: Oranguru\n|-unboost|p2b: Incineroar|atk|1\n|-enditem|p2b: Incineroar|White Herb\n|-clearnegativeboost|p2b: Incineroar|[silent]\n|move|p1a: Sneasler|Fake Out|p2a: Oranguru\n|-damage|p2a: Oranguru|93/100\n|move|p2b: Incineroar|Fake Out|p1a: Sneasler\n|-damage|p1a: Sneasler|83/100\n|move|p2a: Oranguru|Trick Room|p2a: Oranguru\n|-fieldstart|move: Trick Room|[of] p2a: Oranguru\n|\n|upkeep\n|turn|2\n|inactive|Phersya has 30 seconds left.\n|inactive|Olivotec has 30 seconds left.\n|inactive|Olivotec has 20 seconds left.\n|\n|t:|1775881122\n|switch|p1a: Garchomp|Garchomp, L50, M|100/100\n|move|p1b: Incineroar|Fake Out|p2b: Incineroar\n|-damage|p2b: Incineroar|92/100\n|cant|p2b: Incineroar|flinch\n|move|p2a: Oranguru|Psychic|p1a: Garchomp\n|-damage|p1a: Garchomp|66/100\n|-unboost|p1a: Garchomp|spd|1\n|\n|upkeep\n|turn|3\n|\n|t:|1775881138\n|move|p1a: Garchomp|Protect|p1a: Garchomp\n|-singleturn|p1a: Garchomp|Protect\n|move|p2b: Incineroar|Throat Chop|p1a: Garchomp\n|-activate|p1a: Garchomp|move: Protect\n|move|p2a: Oranguru|Instruct|p2b: Incineroar\n|-singleturn|p2b: Incineroar|move: Instruct|[of] p2a: Oranguru\n|move|p2b: Incineroar|Throat Chop|p1a: Garchomp\n|-activate|p1a: Garchomp|move: Protect\n|move|p1b: Incineroar|Parting Shot|p2b: Incineroar\n|-unboost|p2b: Incineroar|atk|1\n|-unboost|p2b: Incineroar|spa|1\n|\n|t:|1775881157\n|switch|p1b: Sneasler|Sneasler, L50, F|83/100|[from] Parting Shot\n|\n|upkeep\n|turn|4\n|\n|t:|1775881182\n|move|p1b: Sneasler|Protect|p1b: Sneasler\n|-singleturn|p1b: Sneasler|Protect\n|move|p2b: Incineroar|Parting Shot|p1a: Garchomp\n|-unboost|p1a: Garchomp|atk|1\n|-unboost|p1a: Garchomp|spa|1\n|\n|t:|1775881188\n|switch|p2b: Crabominable|Crabominable, L50, F|100/100|[from] Parting Shot\n|move|p2a: Oranguru|Psychic|p1b: Sneasler\n|-activate|p1b: Sneasler|move: Protect\n|move|p1a: Garchomp|Stomping Tantrum|p2b: Crabominable\n|-damage|p2b: Crabominable|70/100\n|\n|upkeep\n|turn|5\n|inactive|Olivotec has 30 seconds left.\n|\n|t:|1775881223\n|switch|p1b: Incineroar|Incineroar, L50, M|100/100\n|-ability|p1b: Incineroar|Intimidate|boost\n|-fail|p2a: Oranguru|unboost|Attack|[from] ability: Inner Focus|[of] p2a: Oranguru\n|-fail|p2b: Crabominable|unboost|Attack|[from] ability: Hyper Cutter|[of] p2b: Crabominable\n|move|p1a: Garchomp|Protect|p1a: Garchomp\n|-singleturn|p1a: Garchomp|Protect\n|move|p2b: Crabominable|Ice Punch|p1a: Garchomp\n|-activate|p1a: Garchomp|move: Protect\n|move|p2a: Oranguru|Instruct|p2b: Crabominable\n|-singleturn|p2b: Crabominable|move: Instruct|[of] p2a: Oranguru\n|move|p2b: Crabominable|Ice Punch|p1a: Garchomp\n|-activate|p1a: Garchomp|move: Protect\n|\n|-fieldend|move: Trick Room\n|upkeep\n|turn|6\n|inactive|Phersya has 30 seconds left.\n|\n|t:|1775881257\n|move|p2b: Crabominable|Protect|p2b: Crabominable\n|-singleturn|p2b: Crabominable|Protect\n|move|p1a: Garchomp|Rock Slide|p2a: Oranguru|[spread] \n|-activate|p2b: Crabominable|move: Protect\n|-miss|p1a: Garchomp|p2a: Oranguru\n|move|p1b: Incineroar|Darkest Lariat|p2a: Oranguru\n|-supereffective|p2a: Oranguru|1\n|-damage|p2a: Oranguru|41/100\n|move|p2a: Oranguru|Trick Room|p2a: Oranguru\n|-fieldstart|move: Trick Room|[of] p2a: Oranguru\n|\n|upkeep\n|turn|7\n|inactive|Olivotec has 30 seconds left.\n|\n|t:|1775881290\n|detailschange|p2b: Crabominable|Crabominable-Mega, L50, F\n|-mega|p2b: Crabominable|Crabominable|Crabominite\n|move|p1a: Garchomp|Protect|p1a: Garchomp\n|-singleturn|p1a: Garchomp|Protect\n|move|p2b: Crabominable|Drain Punch|p1b: Incineroar\n|-supereffective|p1b: Incineroar|1\n|-damage|p1b: Incineroar|4/100\n|-heal|p2b: Crabominable|100/100|[from] drain|[of] p1b: Incineroar\n|move|p2a: Oranguru|Instruct|p2b: Crabominable\n|-singleturn|p2b: Crabominable|move: Instruct|[of] p2a: Oranguru\n|move|p2b: Crabominable|Drain Punch|p1b: Incineroar\n|-supereffective|p1b: Incineroar|1\n|-damage|p1b: Incineroar|0 fnt\n|faint|p1b: Incineroar\n|\n|upkeep\n|\n|t:|1775881306\n|switch|p1b: Sneasler|Sneasler, L50, F|83/100\n|turn|8\n|\n|t:|1775881317\n|move|p1b: Sneasler|Fake Out|p2b: Crabominable\n|-damage|p2b: Crabominable|89/100\n|cant|p2b: Crabominable|flinch\n|move|p2a: Oranguru|Psychic|p1b: Sneasler\n|-supereffective|p1b: Sneasler|2\n|-damage|p1b: Sneasler|0 fnt\n|faint|p1b: Sneasler\n|move|p1a: Garchomp|Dragon Claw|p2a: Oranguru\n|-damage|p2a: Oranguru|19/100\n|\n|upkeep\n|\n|t:|1775881327\n|switch|p1b: Floette|Floette-Eternal, L50, F|100/100\n|turn|9\n|\n|t:|1775881339\n|detailschange|p1b: Floette|Floette-Mega, L50, F\n|-mega|p1b: Floette|Floette|Floettite\n|-ability|p1b: Floette|Fairy Aura\n|move|p1b: Floette|Protect|p1b: Floette\n|-singleturn|p1b: Floette|Protect\n|move|p2b: Crabominable|Ice Punch|p1b: Floette\n|-activate|p1b: Floette|move: Protect\n|move|p2a: Oranguru|Instruct|p2b: Crabominable\n|-singleturn|p2b: Crabominable|move: Instruct|[of] p2a: Oranguru\n|move|p2b: Crabominable|Ice Punch|p1b: Floette\n|-activate|p1b: Floette|move: Protect\n|move|p1a: Garchomp|Rock Slide|p2a: Oranguru|[spread] p2a,p2b\n|-damage|p2a: Oranguru|8/100\n|-damage|p2b: Crabominable|79/100\n|\n|upkeep\n|turn|10\n|inactive|Phersya has 30 seconds left.\n|\n|t:|1775881370\n|move|p1b: Floette|Protect||[still]\n|-fail|p1b: Floette\n|move|p1a: Garchomp|Protect|p1a: Garchomp\n|-singleturn|p1a: Garchomp|Protect\n|move|p2b: Crabominable|Ice Punch|p1b: Floette\n|-damage|p1b: Floette|42/100\n|move|p2a: Oranguru|Instruct|p2b: Crabominable\n|-singleturn|p2b: Crabominable|move: Instruct|[of] p2a: Oranguru\n|move|p2b: Crabominable|Ice Punch|p1b: Floette\n|-damage|p1b: Floette|0 fnt\n|faint|p1b: Floette\n|\n|-fieldend|move: Trick Room\n|upkeep\n|turn|11\n|\n|t:|1775881387\n|move|p1a: Garchomp|Rock Slide|p2b: Crabominable|[spread] p2a,p2b\n|-damage|p2a: Oranguru|0 fnt\n|-damage|p2b: Crabominable|70/100\n|faint|p2a: Oranguru\n|move|p2b: Crabominable|Ice Punch|p1a: Garchomp\n|-supereffective|p1a: Garchomp|2\n|-damage|p1a: Garchomp|0 fnt\n|-damage|p2b: Crabominable|57/100|[from] ability: Rough Skin|[of] p1a: Garchomp\n|faint|p1a: Garchomp\n|\n|win|Olivotec\n|raw|Phersya's rating: 1000 &rarr; <strong>1000</strong><br />(+0 for losing)\n|raw|Olivotec's rating: 1016 &rarr; <strong>1052</strong><br />(+36 for winning)\n|l|\u2606Phersya\n|player|p1|\n",
  "uploadtime": 1775881399,
  "views": 13,
  "formatid": "gen9championsvgc2026regma",
  "rating": 1000,
  "private": 0,
  "password": null
}