{
  "id": "gen9championsvgc2026regma-2582056865",
  "format": "[Gen 9 Champions] VGC 2026 Reg M-A",
  "players": [
    "M4gnumOpus",
    "ioiimaspyioi"
  ],
  "log": "|j|\u2606M4gnumOpus\n|j|\u2606ioiimaspyioi\n|t:|1776052702\n|gametype|doubles\n|player|p1|M4gnumOpus|cynthia|1213\n|player|p2|ioiimaspyioi|morty|1196\n|gen|9\n|tier|[Gen 9 Champions] VGC 2026 Reg M-A\n|rated|\n|rule|Species Clause: Limit one of each Pok\u00e9mon\n|rule|Item Clause: Limit 1 of each item\n|clearpoke\n|poke|p1|Incineroar, L50, M|\n|poke|p1|Hatterene, L50, F|\n|poke|p1|Farigiraf, L50, M|\n|poke|p1|Torkoal, L50, F|\n|poke|p1|Kingambit, L50, M|\n|poke|p1|Crabominable, L50, M|\n|poke|p2|Charizard, L50, M|\n|poke|p2|Sneasler, L50, F|\n|poke|p2|Rotom-Wash, L50|\n|poke|p2|Kingambit, L50, F|\n|poke|p2|Garchomp, L50, F|\n|poke|p2|Whimsicott, L50, F|\n|teampreview|4\n|inactive|Battle timer is ON: inactive players will automatically lose when time's up. (requested by M4gnumOpus)\n|\n|t:|1776052726\n|teamsize|p1|4\n|teamsize|p2|4\n|start\n|switch|p1a: Incineroar|Incineroar, L50, M, shiny|100/100\n|switch|p1b: Farigiraf|Farigiraf, L50, M|100/100\n|switch|p2a: Kingambit|Kingambit, L50, F, shiny|100/100\n|switch|p2b: Charizard|Charizard, L50, M, shiny|100/100\n|-ability|p1a: Incineroar|Intimidate|boost\n|-unboost|p2a: Kingambit|atk|1\n|-ability|p2a: Kingambit|Defiant|boost\n|-boost|p2a: Kingambit|atk|2\n|-unboost|p2b: Charizard|atk|1\n|turn|1\n|\n|t:|1776052733\n|detailschange|p2b: Charizard|Charizard-Mega-Y, L50, M, shiny\n|-mega|p2b: Charizard|Charizard|Charizardite Y\n|-weather|SunnyDay|[from] ability: Drought|[of] p2b: Charizard\n|move|p1a: Incineroar|Fake Out|p2a: Kingambit\n|-resisted|p2a: Kingambit|1\n|-damage|p2a: Kingambit|96/100\n|move|p2b: Charizard|Weather Ball|p1b: Farigiraf\n|-damage|p1b: Farigiraf|16/100\n|-enditem|p1b: Farigiraf|Sitrus Berry|[eat]\n|-heal|p1b: Farigiraf|41/100|[from] item: Sitrus Berry\n|cant|p2a: Kingambit|flinch\n|move|p1b: Farigiraf|Trick Room|p1b: Farigiraf\n|-fieldstart|move: Trick Room|[of] p1b: Farigiraf\n|\n|-weather|SunnyDay|[upkeep]\n|upkeep\n|turn|2\n|\n|t:|1776052756\n|move|p1b: Farigiraf|Protect|p1b: Farigiraf\n|-singleturn|p1b: Farigiraf|Protect\n|move|p2a: Kingambit|Kowtow Cleave|p1b: Farigiraf\n|-activate|p1b: Farigiraf|move: Protect\n|move|p1a: Incineroar|Parting Shot|p2b: Charizard\n|-unboost|p2b: Charizard|atk|1\n|-unboost|p2b: Charizard|spa|1\n|\n|t:|1776052763\n|switch|p1a: Torkoal|Torkoal, L50, F|100/100|[from] Parting Shot\n|move|p2b: Charizard|Heat Wave|p1b: Farigiraf|[spread] p1a\n|-activate|p1b: Farigiraf|move: Protect\n|-resisted|p1a: Torkoal|1\n|-damage|p1a: Torkoal|71/100\n|\n|-weather|SunnyDay|[upkeep]\n|upkeep\n|turn|3\n|\n|t:|1776052785\n|move|p2a: Kingambit|Protect|p2a: Kingambit\n|-singleturn|p2a: Kingambit|Protect\n|move|p1a: Torkoal|Eruption|p2a: Kingambit|[spread] p2b\n|-activate|p2a: Kingambit|move: Protect\n|-resisted|p2b: Charizard|1\n|-crit|p2b: Charizard\n|-damage|p2b: Charizard|61/100\n|move|p1b: Farigiraf|Hyper Voice|p2a: Kingambit|[spread] p2b\n|-activate|p2a: Kingambit|move: Protect\n|-damage|p2b: Charizard|39/100\n|move|p2b: Charizard|Heat Wave|p1a: Torkoal|[spread] p1a,p1b\n|-resisted|p1a: Torkoal|1\n|-damage|p1a: Torkoal|43/100\n|-damage|p1b: Farigiraf|1/100\n|\n|-weather|SunnyDay|[upkeep]\n|upkeep\n|turn|4\n|inactive|ioiimaspyioi has 30 seconds left.\n|inactive|ioiimaspyioi has 20 seconds left.\n|inactive|ioiimaspyioi has 15 seconds left.\n|inactive|ioiimaspyioi has 10 seconds left.\n|\n|t:|1776052835\n|switch|p2a: Whimsicott|Whimsicott, L50, F|100/100\n|move|p1a: Torkoal|Weather Ball|p2a: Whimsicott\n|-supereffective|p2a: Whimsicott|1\n|-enditem|p2a: Whimsicott|Focus Sash\n|-damage|p2a: Whimsicott|1/100\n|move|p1b: Farigiraf|Psychic|p2b: Charizard\n|-damage|p2b: Charizard|9/100\n|move|p2b: Charizard|Heat Wave|p1b: Farigiraf|[spread] p1a,p1b\n|-resisted|p1a: Torkoal|1\n|-damage|p1a: Torkoal|15/100\n|-damage|p1b: Farigiraf|0 fnt\n|faint|p1b: Farigiraf\n|\n|-weather|SunnyDay|[upkeep]\n|upkeep\n|\n|t:|1776052846\n|switch|p1b: Crabominable|Crabominable, L50, M|100/100\n|turn|5\n|inactive|M4gnumOpus has 30 seconds left.\n|inactive|ioiimaspyioi has 30 seconds left.\n|inactive|ioiimaspyioi has 20 seconds left.\n|inactive|ioiimaspyioi has 15 seconds left.\n|\n|t:|1776052888\n|detailschange|p1b: Crabominable|Crabominable-Mega, L50, M\n|-mega|p1b: Crabominable|Crabominable|Crabominite\n|move|p2b: Charizard|Protect|p2b: Charizard\n|-singleturn|p2b: Charizard|Protect\n|move|p1a: Torkoal|Weather Ball|p2b: Charizard\n|-activate|p2b: Charizard|move: Protect\n|move|p1b: Crabominable|Drain Punch|p2a: Whimsicott\n|-resisted|p2a: Whimsicott|1\n|-damage|p2a: Whimsicott|0 fnt\n|faint|p2a: Whimsicott\n|\n|-weather|none\n|-fieldend|move: Trick Room\n|upkeep\n|\n|t:|1776052901\n|switch|p2a: Sneasler|Sneasler, L50, F|100/100\n|turn|6\n|\n|t:|1776052912\n|switch|p1a: Incineroar|Incineroar, L50, M, shiny|100/100\n|-ability|p1a: Incineroar|Intimidate|boost\n|-unboost|p2a: Sneasler|atk|1\n|-unboost|p2b: Charizard|atk|1\n|-enditem|p2a: Sneasler|White Herb\n|-clearnegativeboost|p2a: Sneasler|[silent]\n|move|p1b: Crabominable|Protect|p1b: Crabominable\n|-singleturn|p1b: Crabominable|Protect\n|move|p2a: Sneasler|Fake Out|p1b: Crabominable\n|-activate|p1b: Crabominable|move: Protect\n|move|p2b: Charizard|Heat Wave|p1b: Crabominable|[spread] \n|-activate|p1b: Crabominable|move: Protect\n|-miss|p2b: Charizard|p1a: Incineroar\n|\n|upkeep\n|turn|7\n|\n|t:|1776052933\n|move|p2a: Sneasler|Protect|p2a: Sneasler\n|-singleturn|p2a: Sneasler|Protect\n|move|p2b: Charizard|Protect|p2b: Charizard\n|-singleturn|p2b: Charizard|Protect\n|move|p1a: Incineroar|Fake Out|p2a: Sneasler\n|-activate|p2a: Sneasler|move: Protect\n|move|p1b: Crabominable|Mach Punch|p2b: Charizard\n|-activate|p2b: Charizard|move: Protect\n|\n|upkeep\n|turn|8\n|inactive|M4gnumOpus has 30 seconds left.\n|inactive|ioiimaspyioi has 30 seconds left.\n|\n|t:|1776052965\n|move|p1b: Crabominable|Mach Punch|p2b: Charizard\n|-resisted|p2b: Charizard|1\n|-damage|p2b: Charizard|0 fnt\n|faint|p2b: Charizard\n|move|p2a: Sneasler|Close Combat|p1a: Incineroar\n|-supereffective|p1a: Incineroar|1\n|-damage|p1a: Incineroar|0 fnt\n|-unboost|p2a: Sneasler|def|1\n|-unboost|p2a: Sneasler|spd|1\n|faint|p1a: Incineroar\n|\n|upkeep\n|\n|t:|1776052976\n|switch|p2b: Kingambit|Kingambit, L50, F, shiny|96/100\n|switch|p1a: Torkoal|Torkoal, L50, F|15/100\n|-weather|SunnyDay|[from] ability: Drought|[of] p1a: Torkoal\n|turn|9\n|\n|t:|1776052991\n|move|p2b: Kingambit|Sucker Punch|p1a: Torkoal\n|-damage|p1a: Torkoal|0 fnt\n|faint|p1a: Torkoal\n|move|p2a: Sneasler|Close Combat|p1b: Crabominable\n|-supereffective|p1b: Crabominable|1\n|-damage|p1b: Crabominable|0 fnt\n|-unboost|p2a: Sneasler|def|1\n|-unboost|p2a: Sneasler|spd|1\n|faint|p1b: Crabominable\n|\n|win|ioiimaspyioi\n|raw|M4gnumOpus's rating: 1213 &rarr; <strong>1187</strong><br />(-26 for losing)\n|raw|ioiimaspyioi's rating: 1196 &rarr; <strong>1222</strong><br />(+26 for winning)\n|l|\u2606M4gnumOpus\n|player|p1|\n",
  "uploadtime": 1776053091,
  "views": 18,
  "formatid": "gen9championsvgc2026regma",
  "rating": 1187,
  "private": 0,
  "password": null
}