{
  "id": "gen9championsvgc2026regma-2583437206",
  "format": "[Gen 9 Champions] VGC 2026 Reg M-A",
  "players": [
    "privatepurelove",
    "Timmmmmmmmmmmmm"
  ],
  "log": "|j|\u2606privatepurelove\n|j|\u2606Timmmmmmmmmmmmm\n|t:|1776175598\n|gametype|doubles\n|player|p1|privatepurelove|lady-gen4|1242\n|player|p2|Timmmmmmmmmmmmm|alder|1219\n|gen|9\n|tier|[Gen 9 Champions] VGC 2026 Reg M-A\n|rated|\n|rule|Species Clause: Limit one of each Pok\u00e9mon\n|rule|Item Clause: Limit 1 of each item\n|clearpoke\n|poke|p1|Tyranitar, L50, F|\n|poke|p1|Milotic, L50, M|\n|poke|p1|Garchomp, L50, M|\n|poke|p1|Whimsicott, L50, F|\n|poke|p1|Sneasler, L50, F|\n|poke|p1|Gengar, L50, F|\n|poke|p2|Hawlucha, L50, F|\n|poke|p2|Sinistcha, L50|\n|poke|p2|Maushold, L50|\n|poke|p2|Pelipper, L50, F|\n|poke|p2|Archaludon, L50, M|\n|poke|p2|Kingambit, L50, F|\n|teampreview|4\n|inactive|Battle timer is ON: inactive players will automatically lose when time's up. (requested by privatepurelove)\n|inactive|privatepurelove has 60 seconds left.\n|inactive|privatepurelove has 30 seconds left.\n|inactive|privatepurelove has 20 seconds left.\n|inactive|privatepurelove has 15 seconds left.\nTimmmmmmmmmmmmm rejected open team sheets.\n|\n|t:|1776175679\n|teamsize|p1|4\n|teamsize|p2|4\n|start\n|switch|p1a: Gengar|Gengar, L50, F|100/100\n|switch|p1b: Whimsicott|Whimsicott, L50, F|100/100\n|switch|p2a: Staples|Archaludon, L50, M|100/100\n|switch|p2b: The Big E|Maushold, L50|100/100\n|turn|1\n|\n|t:|1776175695\n|detailschange|p1a: Gengar|Gengar-Mega, L50, F\n|-mega|p1a: Gengar|Gengar|Gengarite\n|move|p1b: Whimsicott|Protect|p1b: Whimsicott\n|-singleturn|p1b: Whimsicott|Protect\n|move|p1a: Gengar|Protect|p1a: Gengar\n|-singleturn|p1a: Gengar|Protect\n|move|p2b: The Big E|Population Bomb|p2a: Staples\n|-resisted|p2a: Staples|1\n|-damage|p2a: Staples|98/100\n|-ability|p2a: Staples|Stamina|boost\n|-boost|p2a: Staples|def|1\n|-resisted|p2a: Staples|1\n|-damage|p2a: Staples|97/100\n|-ability|p2a: Staples|Stamina|boost\n|-boost|p2a: Staples|def|1\n|-resisted|p2a: Staples|1\n|-damage|p2a: Staples|96/100\n|-ability|p2a: Staples|Stamina|boost\n|-boost|p2a: Staples|def|1\n|-resisted|p2a: Staples|1\n|-damage|p2a: Staples|95/100\n|-ability|p2a: Staples|Stamina|boost\n|-boost|p2a: Staples|def|1\n|-resisted|p2a: Staples|1\n|-damage|p2a: Staples|95/100\n|-ability|p2a: Staples|Stamina|boost\n|-boost|p2a: Staples|def|1\n|-resisted|p2a: Staples|1\n|-damage|p2a: Staples|94/100\n|-ability|p2a: Staples|Stamina|boost\n|-boost|p2a: Staples|def|1\n|-resisted|p2a: Staples|1\n|-damage|p2a: Staples|94/100\n|-resisted|p2a: Staples|1\n|-damage|p2a: Staples|93/100\n|-resisted|p2a: Staples|1\n|-damage|p2a: Staples|93/100\n|-resisted|p2a: Staples|1\n|-damage|p2a: Staples|92/100\n|-hitcount|p2a: Staples|10\n|move|p2a: Staples|Dragon Pulse|p1a: Gengar\n|-activate|p1a: Gengar|move: Protect\n|\n|-heal|p2a: Staples|98/100|[from] item: Leftovers\n|upkeep\n|turn|2\n|inactive|Timmmmmmmmmmmmm has 30 seconds left.\n|\n|t:|1776175728\n|move|p1b: Whimsicott|Encore|p2a: Staples\n|-start|p2a: Staples|Encore\n|move|p1a: Gengar|Disable|p2a: Staples\n|-start|p2a: Staples|Disable|Dragon Pulse\n|move|p2b: The Big E|After You|p2a: Staples\n|-activate|p2a: Staples|move: After You\n|cant|p2a: Staples|Disable|Dragon Pulse\n|\n|-heal|p2a: Staples|100/100|[from] item: Leftovers\n|upkeep\n|turn|3\n|\n|t:|1776175739\n|move|p1b: Whimsicott|Encore|p2b: The Big E\n|-start|p2b: The Big E|Encore\n|move|p1a: Gengar|Disable|p2b: The Big E\n|-start|p2b: The Big E|Disable|After You\n|cant|p2b: The Big E|Disable|After You\n|-activate|p2a: Staples|move: Struggle\n|move|p2a: Staples|Struggle|p1a: Gengar\n|-damage|p1a: Gengar|84/100\n|-damage|p2a: Staples|76/100|[from] recoil\n|\n|-heal|p2a: Staples|82/100|[from] item: Leftovers\n|upkeep\n|turn|4\n|inactive|Timmmmmmmmmmmmm has 30 seconds left.\n|inactive|Timmmmmmmmmmmmm has 20 seconds left.\n|inactive|Timmmmmmmmmmmmm has 15 seconds left.\n|inactive|Timmmmmmmmmmmmm has 10 seconds left.\n|inactive|Timmmmmmmmmmmmm has 5 seconds left.\n|\n|t:|1776175794\n|move|p1a: Gengar|Shadow Ball|p2a: Staples\n|-damage|p2a: Staples|36/100\n|move|p1b: Whimsicott|Moonblast|p2a: Staples\n|-damage|p2a: Staples|0 fnt\n|faint|p2a: Staples\n|-activate|p2b: The Big E|move: Struggle\n|move|p2b: The Big E|Struggle|p1a: Gengar\n|-damage|p1a: Gengar|65/100\n|-damage|p2b: The Big E|76/100|[from] recoil\n|\n|upkeep\n|\n|t:|1776175798\n|switch|p2a: Netanyahu|Pelipper, L50, F|100/100\n|-weather|RainDance|[from] ability: Drizzle|[of] p2a: Netanyahu\n|turn|5\n|\n|t:|1776175807\n|move|p1b: Whimsicott|Protect|p1b: Whimsicott\n|-singleturn|p1b: Whimsicott|Protect\n|move|p1a: Gengar|Protect|p1a: Gengar\n|-singleturn|p1a: Gengar|Protect\n|-activate|p2b: The Big E|move: Struggle\n|move|p2b: The Big E|Struggle|p1a: Gengar\n|-activate|p1a: Gengar|move: Protect\n|move|p2a: Netanyahu|Hurricane|p1a: Gengar\n|-activate|p1a: Gengar|move: Protect\n|\n|-weather|RainDance|[upkeep]\n|-end|p2b: The Big E|Encore\n|upkeep\n|turn|6\n|inactive|privatepurelove has 30 seconds left.\n|j| ducblackkk\n|\n|t:|1776175838\n|move|p1b: Whimsicott|Encore|p2a: Netanyahu\n|-start|p2a: Netanyahu|Encore\n|move|p1a: Gengar|Disable|p2a: Netanyahu\n|-start|p2a: Netanyahu|Disable|Hurricane\n|move|p2b: The Big E|Population Bomb|p1b: Whimsicott\n|-damage|p1b: Whimsicott|89/100\n|-damage|p1b: Whimsicott|78/100\n|-damage|p1b: Whimsicott|67/100\n|-hitcount|p1b: Whimsicott|3\n|cant|p2a: Netanyahu|Disable|Hurricane\n|\n|-weather|RainDance|[upkeep]\n|-end|p2b: The Big E|Disable\n|upkeep\n|turn|7\n|\n|t:|1776175852\n|move|p1b: Whimsicott|Encore|p2b: The Big E\n|-start|p2b: The Big E|Encore\n|move|p1a: Gengar|Disable|p2b: The Big E\n|-start|p2b: The Big E|Disable|Population Bomb\n|cant|p2b: The Big E|Disable|Population Bomb\n|-activate|p2a: Netanyahu|move: Struggle\n|move|p2a: Netanyahu|Struggle|p1b: Whimsicott\n|-damage|p1b: Whimsicott|57/100\n|-damage|p2a: Netanyahu|76/100|[from] recoil\n|\n|-weather|RainDance|[upkeep]\n|upkeep\n|turn|8\n|\n|t:|1776175864\n|move|p1a: Gengar|Shadow Ball|p2a: Netanyahu\n|-damage|p2a: Netanyahu|5/100\n|move|p1b: Whimsicott|Moonblast|p2a: Netanyahu\n|-damage|p2a: Netanyahu|0 fnt\n|faint|p2a: Netanyahu\n|-activate|p2b: The Big E|move: Struggle\n|move|p2b: The Big E|Struggle|p1a: Gengar\n|-damage|p1a: Gengar|47/100\n|-damage|p2b: The Big E|51/100|[from] recoil\n|\n|-weather|RainDance|[upkeep]\n|upkeep\n|inactive|Timmmmmmmmmmmmm has 30 seconds left.\n|inactive|Timmmmmmmmmmmmm has 20 seconds left.\n|inactive|Timmmmmmmmmmmmm has 15 seconds left.\n|inactive|Timmmmmmmmmmmmm has 10 seconds left.\n|inactive|Timmmmmmmmmmmmm has 5 seconds left.\n|\n|t:|1776175919\n|switch|p2a: Trump|Sinistcha, L50|100/100\n|-heal|p2b: The Big E|76/100|[from] ability: Hospitality|[of] p2a: Trump\n|turn|9\n|c|\u2606privatepurelove|whos this duc guy watching my games\n|inactive|Timmmmmmmmmmmmm has 30 seconds left.\n|inactive|Timmmmmmmmmmmmm has 20 seconds left.\n|inactive|Timmmmmmmmmmmmm has 15 seconds left.\n|inactive|Timmmmmmmmmmmmm has 10 seconds left.\n|inactive|Timmmmmmmmmmmmm has 5 seconds left.\n|\n|t:|1776175974\n|move|p1b: Whimsicott|Protect|p1b: Whimsicott\n|-singleturn|p1b: Whimsicott|Protect\n|move|p1a: Gengar|Protect|p1a: Gengar\n|-singleturn|p1a: Gengar|Protect\n|-activate|p2b: The Big E|move: Struggle\n|move|p2b: The Big E|Struggle|p1b: Whimsicott\n|-activate|p1b: Whimsicott|move: Protect\n|move|p2a: Trump|Matcha Gotcha|p1a: Gengar|[spread] \n|-activate|p1a: Gengar|move: Protect\n|-activate|p1b: Whimsicott|move: Protect\n|\n|-weather|none\n|-end|p2b: The Big E|Encore\n|upkeep\n|turn|10\n|inactive|Timmmmmmmmmmmmm has 30 seconds left.\n|inactive|Timmmmmmmmmmmmm has 20 seconds left.\n|inactive|Timmmmmmmmmmmmm has 15 seconds left.\n|inactive|Timmmmmmmmmmmmm has 10 seconds left.\n|inactive|Timmmmmmmmmmmmm has 5 seconds left.\n|\n|t:|1776176028\n|move|p2b: The Big E|Protect|p2b: The Big E\n|-singleturn|p2b: The Big E|Protect\n|move|p2a: Trump|Rage Powder|p2a: Trump\n|-singleturn|p2a: Trump|move: Rage Powder\n|move|p1b: Whimsicott|Encore|p2a: Trump\n|-start|p2a: Trump|Encore\n|move|p1a: Gengar|Disable|p2a: Trump\n|-start|p2a: Trump|Disable|Rage Powder\n|\n|-end|p2b: The Big E|Disable\n|upkeep\n|turn|11\n|\n|t:|1776176038\n|move|p1b: Whimsicott|Encore|p2b: The Big E\n|-start|p2b: The Big E|Encore\n|move|p2b: The Big E|Protect||[still]\n|-fail|p2b: The Big E\n|move|p1a: Gengar|Disable|p2b: The Big E\n|-start|p2b: The Big E|Disable|Protect\n|-activate|p2a: Trump|move: Struggle\n|move|p2a: Trump|Struggle|p1a: Gengar\n|-damage|p1a: Gengar|37/100\n|-damage|p2a: Trump|75/100|[from] recoil\n|\n|upkeep\n|turn|12\n|c|\u2606Timmmmmmmmmmmmm|evil ahhh team bro\n|c|\u2606privatepurelove|if u bring kingambit this is free\n|inactive|privatepurelove has 30 seconds left.\n|\n|t:|1776176064\n|move|p1a: Gengar|Shadow Ball|p2a: Trump\n|-supereffective|p2a: Trump|1\n|-damage|p2a: Trump|0 fnt\n|faint|p2a: Trump\n|move|p1b: Whimsicott|Moonblast|p2b: The Big E\n|-damage|p2b: The Big E|27/100\n|-activate|p2b: The Big E|move: Struggle\n|move|p2b: The Big E|Struggle|p1b: Whimsicott\n|-damage|p1b: Whimsicott|39/100\n|-damage|p2b: The Big E|2/100|[from] recoil\n|\n|upkeep\n|turn|13\n|c|\u2606privatepurelove|ggwp\n|inactive|Timmmmmmmmmmmmm has 30 seconds left.\n|c|\u2606Timmmmmmmmmmmmm|maybe\n|\n|t:|1776176092\n|move|p1a: Gengar|Sludge Bomb|p2b: The Big E\n|-damage|p2b: The Big E|0 fnt\n|faint|p2b: The Big E\n|\n|win|privatepurelove\n|raw|privatepurelove's rating: 1242 &rarr; <strong>1265</strong><br />(+23 for winning)\n|raw|Timmmmmmmmmmmmm's rating: 1219 &rarr; <strong>1196</strong><br />(-23 for losing)\n|c|\u2606Timmmmmmmmmmmmm|gg\n",
  "uploadtime": 1776176100,
  "views": 13,
  "formatid": "gen9championsvgc2026regma",
  "rating": 1196,
  "private": 0,
  "password": null
}