{
  "id": "gen9championsvgc2026regma-2584840420",
  "format": "[Gen 9 Champions] VGC 2026 Reg M-A",
  "players": [
    "Poke_Marcos_23",
    "Lordlollig"
  ],
  "log": "|j|\u2606Poke_Marcos_23\n|j|\u2606Lordlollig\n|t:|1776287754\n|gametype|doubles\n|player|p1|Poke_Marcos_23|ethan|1051\n|player|p2|Lordlollig|265|1002\n|gen|9\n|tier|[Gen 9 Champions] VGC 2026 Reg M-A\n|rated|\n|rule|Species Clause: Limit one of each Pok\u00e9mon\n|rule|Item Clause: Limit 1 of each item\n|clearpoke\n|poke|p1|Floette-Eternal, L50, F|\n|poke|p1|Milotic, L50, M|\n|poke|p1|Incineroar, L50, M|\n|poke|p1|Kingambit, L50, F|\n|poke|p1|Maushold, L50|\n|poke|p1|Garchomp, L50, M|\n|poke|p2|Sinistcha, L50|\n|poke|p2|Froslass, L50, F|\n|poke|p2|Tinkaton, L50, F|\n|poke|p2|Farigiraf, L50, F|\n|poke|p2|Weavile, L50, F|\n|poke|p2|Gallade, L50, M|\n|teampreview|4\n|inactive|Battle timer is ON: inactive players will automatically lose when time's up. (requested by Lordlollig)\n|\n|t:|1776287801\n|teamsize|p1|4\n|teamsize|p2|4\n|start\n|switch|p1a: Kingambit|Kingambit, L50, F|100/100\n|switch|p1b: Incineroar|Incineroar, L50, M|100/100\n|switch|p2a: Sinistcha|Sinistcha, L50|100/100\n|switch|p2b: Froslass|Froslass, L50, F|100/100\n|-ability|p1b: Incineroar|Intimidate|boost\n|-unboost|p2a: Sinistcha|atk|1\n|-unboost|p2b: Froslass|atk|1\n|turn|1\n|\n|t:|1776287816\n|move|p2a: Sinistcha|Rage Powder|p2a: Sinistcha\n|-singleturn|p2a: Sinistcha|move: Rage Powder\n|move|p2b: Froslass|Nasty Plot|p2b: Froslass\n|-boost|p2b: Froslass|spa|2\n|move|p1b: Incineroar|Taunt|p2a: Sinistcha\n|-start|p2a: Sinistcha|move: Taunt\n|-enditem|p2a: Sinistcha|Mental Herb\n|-end|p2a: Sinistcha|move: Taunt\n|move|p1a: Kingambit|Kowtow Cleave|p2a: Sinistcha\n|-supereffective|p2a: Sinistcha|1\n|-damage|p2a: Sinistcha|0 fnt\n|faint|p2a: Sinistcha\n|\n|upkeep\n|inactive|Lordlollig has 30 seconds left.\n|\n|t:|1776287842\n|switch|p2a: Weavile|Weavile, L50, F|100/100\n|turn|2\n|\n|t:|1776287858\n|detailschange|p2b: Froslass|Froslass-Mega, L50, F\n|-mega|p2b: Froslass|Froslass|Froslassite\n|-weather|Snowscape|[from] ability: Snow Warning|[of] p2b: Froslass\n|move|p1a: Kingambit|Protect|p1a: Kingambit\n|-singleturn|p1a: Kingambit|Protect\n|move|p2a: Weavile|Low Kick|p1a: Kingambit\n|-activate|p1a: Kingambit|move: Protect\n|move|p2b: Froslass|Blizzard|p1b: Incineroar|[spread] p1b\n|-activate|p1a: Kingambit|move: Protect\n|-resisted|p1b: Incineroar|1\n|-damage|p1b: Incineroar|69/100\n|move|p1b: Incineroar|Flare Blitz|p2b: Froslass\n|-supereffective|p2b: Froslass|1\n|-damage|p2b: Froslass|0 fnt\n|faint|p2b: Froslass\n|-damage|p1b: Incineroar|45/100|[from] Recoil\n|-enditem|p1b: Incineroar|Sitrus Berry|[eat]\n|-heal|p1b: Incineroar|70/100|[from] item: Sitrus Berry\n|\n|-weather|Snowscape|[upkeep]\n|upkeep\n|\n|t:|1776287877\n|switch|p2b: Tinkaton|Tinkaton, L50, F|100/100\n|-ability|p2b: Tinkaton|Mold Breaker\n|turn|3\n|\n|t:|1776287888\n|move|p2b: Tinkaton|Fake Out|p1b: Incineroar\n|-damage|p1b: Incineroar|63/100\n|move|p2a: Weavile|Low Kick|p1a: Kingambit\n|-supereffective|p1a: Kingambit|2\n|-damage|p1a: Kingambit|0 fnt\n|faint|p1a: Kingambit\n|cant|p1b: Incineroar|flinch\n|\n|-weather|Snowscape|[upkeep]\n|upkeep\n|\n|t:|1776287898\n|switch|p1a: Floette|Floette-Eternal, L50, F|100/100\n|turn|4\n|\n|t:|1776287907\n|move|p1a: Floette|Protect|p1a: Floette\n|-singleturn|p1a: Floette|Protect\n|move|p2a: Weavile|Low Kick|p1b: Incineroar\n|-supereffective|p1b: Incineroar|1\n|-damage|p1b: Incineroar|10/100\n|move|p2b: Tinkaton|Gigaton Hammer|p1a: Floette\n|-activate|p1a: Floette|move: Protect\n|move|p1b: Incineroar|Flare Blitz|p2a: Weavile\n|-supereffective|p2a: Weavile|1\n|-damage|p2a: Weavile|0 fnt\n|faint|p2a: Weavile\n|-damage|p1b: Incineroar|0 fnt|[from] Recoil\n|faint|p1b: Incineroar\n|\n|-weather|Snowscape|[upkeep]\n|upkeep\n|\n|t:|1776287916\n|switch|p1b: Garchomp|Garchomp, L50, M|100/100\n|turn|5\n|-message|Lordlollig forfeited.\n|\n|win|Poke_Marcos_23\n|raw|Poke_Marcos_23's rating: 1051 &rarr; <strong>1079</strong><br />(+28 for winning)\n|raw|Lordlollig's rating: 1002 &rarr; <strong>1000</strong><br />(-2 for losing)\n|l|\u2606Lordlollig\n|player|p2|\n",
  "uploadtime": 1776287929,
  "views": 23,
  "formatid": "gen9championsvgc2026regma",
  "rating": 1000,
  "private": 0,
  "password": null
}