{
  "id": "gen9championsvgc2026regma-2585427772",
  "format": "[Gen 9 Champions] VGC 2026 Reg M-A",
  "players": [
    "Pokeventurer",
    "shelmerVGC"
  ],
  "log": "|j|\u2606Pokeventurer\n|j|\u2606shelmerVGC\n|t:|1776346588\n|gametype|doubles\n|player|p1|Pokeventurer|265|1321\n|player|p2|shelmerVGC|2|1366\n|gen|9\n|tier|[Gen 9 Champions] VGC 2026 Reg M-A\n|rated|\n|rule|Species Clause: Limit one of each Pok\u00e9mon\n|rule|Item Clause: Limit 1 of each item\n|clearpoke\n|poke|p1|Basculegion, L50, M|\n|poke|p1|Kingambit, L50, M|\n|poke|p1|Garchomp, L50, M|\n|poke|p1|Aerodactyl, L50, M|\n|poke|p1|Tsareena, L50, F|\n|poke|p1|Charizard, L50, F|\n|poke|p2|Floette-Eternal, L50, F|\n|poke|p2|Delphox, L50, F|\n|poke|p2|Aerodactyl, L50, M|\n|poke|p2|Maushold-Four, L50|\n|poke|p2|Garchomp, L50, M|\n|poke|p2|Incineroar, L50, F|\n|teampreview|4\n|inactive|Battle timer is ON: inactive players will automatically lose when time's up. (requested by shelmerVGC)\n|inactive|shelmerVGC has 60 seconds left.\n|\n|t:|1776346624\n|teamsize|p1|4\n|teamsize|p2|4\n|start\n|switch|p1a: Charizard|Charizard, L50, F|100/100\n|switch|p1b: Garchomp|Garchomp, L50, M|100/100\n|switch|p2a: Garchomp|Garchomp, L50, M|100/100\n|switch|p2b: Aerodactyl|Aerodactyl, L50, M|100/100\n|-ability|p2b: Aerodactyl|Unnerve\n|turn|1\n|\n|t:|1776346639\n|move|p1a: Charizard|Protect|p1a: Charizard\n|-singleturn|p1a: Charizard|Protect\n|move|p2b: Aerodactyl|Tailwind|p2b: Aerodactyl\n|-sidestart|p2: shelmerVGC|move: Tailwind\n|move|p2a: Garchomp|Dragon Claw|p1b: Garchomp\n|-supereffective|p1b: Garchomp|1\n|-damage|p1b: Garchomp|16/100\n|-damage|p2a: Garchomp|88/100|[from] ability: Rough Skin|[of] p1b: Garchomp\n|move|p1b: Garchomp|Dragon Claw|p2a: Garchomp\n|-supereffective|p2a: Garchomp|1\n|-damage|p2a: Garchomp|15/100\n|-damage|p1b: Garchomp|4/100|[from] ability: Rough Skin|[of] p2a: Garchomp\n|\n|upkeep\n|turn|2\n|\n|t:|1776346657\n|switch|p1a: Basculegion|Basculegion, L50, M|100/100\n|move|p1b: Garchomp|Protect|p1b: Garchomp\n|-singleturn|p1b: Garchomp|Protect\n|move|p2b: Aerodactyl|Rock Slide|p1b: Garchomp|[spread] p1a\n|-activate|p1b: Garchomp|move: Protect\n|-damage|p1a: Basculegion|71/100\n|move|p2a: Garchomp|Rock Slide|p1a: Basculegion|[spread] p1a\n|-activate|p1b: Garchomp|move: Protect\n|-damage|p1a: Basculegion|47/100\n|\n|upkeep\n|turn|3\n|\n|t:|1776346677\n|switch|p1b: Aerodactyl|Aerodactyl, L50, M|100/100\n|-ability|p1b: Aerodactyl|Unnerve\n|move|p2b: Aerodactyl|Rock Slide|p1b: Aerodactyl|[spread] p1a,p1b\n|-supereffective|p1b: Aerodactyl|1\n|-damage|p1a: Basculegion|14/100\n|-damage|p1b: Aerodactyl|20/100\n|move|p2a: Garchomp|Earthquake|p1b: Aerodactyl|[spread] p1a\n|-immune|p2b: Aerodactyl\n|-immune|p1b: Aerodactyl\n|-damage|p1a: Basculegion|0 fnt\n|faint|p1a: Basculegion\n|\n|upkeep\n|\n|t:|1776346691\n|switch|p1a: Charizard|Charizard, L50, F|100/100\n|turn|4\n|\n|t:|1776346696\n|detailschange|p1a: Charizard|Charizard-Mega-Y, L50, F\n|-mega|p1a: Charizard|Charizard|Charizardite Y\n|-weather|SunnyDay|[from] ability: Drought|[of] p1a: Charizard\n|move|p1b: Aerodactyl|Wide Guard|p1b: Aerodactyl\n|-singleturn|p1b: Aerodactyl|Wide Guard\n|move|p2b: Aerodactyl|Rock Slide|p1b: Aerodactyl|[spread] \n|-activate|p1a: Charizard|move: Wide Guard\n|-activate|p1b: Aerodactyl|move: Wide Guard\n|move|p2a: Garchomp|Rock Slide|p1b: Aerodactyl|[spread] \n|-activate|p1a: Charizard|move: Wide Guard\n|-activate|p1b: Aerodactyl|move: Wide Guard\n|move|p1a: Charizard|Heat Wave|p2a: Garchomp|[spread] p2b\n|-miss|p1a: Charizard|p2a: Garchomp\n|-resisted|p2b: Aerodactyl|1\n|-damage|p2b: Aerodactyl|54/100\n|\n|-weather|SunnyDay|[upkeep]\n|-sideend|p2: shelmerVGC|move: Tailwind\n|upkeep\n|turn|5\n|j| 1#MiraidonHater\n|\n|t:|1776346721\n|move|p1b: Aerodactyl|Rock Slide|p2a: Garchomp|[spread] p2a,p2b\n|-resisted|p2a: Garchomp|1\n|-supereffective|p2b: Aerodactyl|1\n|-damage|p2a: Garchomp|4/100\n|-damage|p2b: Aerodactyl|0 fnt\n|faint|p2b: Aerodactyl\n|move|p2a: Garchomp|Dragon Claw|p1b: Aerodactyl\n|-damage|p1b: Aerodactyl|0 fnt\n|faint|p1b: Aerodactyl\n|move|p1a: Charizard|Heat Wave|p2a: Garchomp|[miss]\n|-miss|p1a: Charizard|p2a: Garchomp\n|\n|-weather|SunnyDay|[upkeep]\n|upkeep\n|\n|t:|1776346732\n|switch|p1b: Garchomp|Garchomp, L50, M|4/100\n|switch|p2b: Delphox|Delphox, L50, F|100/100\n|turn|6\n|\n|t:|1776346741\n|detailschange|p2b: Delphox|Delphox-Mega, L50, F\n|-mega|p2b: Delphox|Delphox|Delphoxite\n|move|p2b: Delphox|Psychic|p1a: Charizard\n|-damage|p1a: Charizard|58/100\n|move|p1b: Garchomp|Dragon Claw|p2a: Garchomp\n|-supereffective|p2a: Garchomp|1\n|-damage|p2a: Garchomp|0 fnt\n|-damage|p1b: Garchomp|0 fnt|[from] ability: Rough Skin|[of] p2a: Garchomp\n|faint|p2a: Garchomp\n|faint|p1b: Garchomp\n|move|p1a: Charizard|Heat Wave|p2b: Delphox\n|-resisted|p2b: Delphox|1\n|-damage|p2b: Delphox|62/100\n|\n|-weather|SunnyDay|[upkeep]\n|upkeep\n|\n|t:|1776346754\n|switch|p2a: Maushold|Maushold-Four, L50|100/100\n|turn|7\n|\n|t:|1776346757\n|move|p2b: Delphox|Protect|p2b: Delphox\n|-singleturn|p2b: Delphox|Protect\n|move|p2a: Maushold|Super Fang|p1a: Charizard\n|-damage|p1a: Charizard|30/100\n|move|p1a: Charizard|Heat Wave|p2a: Maushold|[spread] p2a\n|-activate|p2b: Delphox|move: Protect\n|-damage|p2a: Maushold|17/100\n|\n|-weather|SunnyDay|[upkeep]\n|upkeep\n|turn|8\n|-message|Pokeventurer forfeited.\n|\n|win|shelmerVGC\n",
  "uploadtime": 1776346702,
  "views": 29,
  "formatid": "gen9championsvgc2026regma",
  "rating": null,
  "private": 0,
  "password": null
}