{
  "id": "gen9championsvgc2026regma-2587363210",
  "format": "[Gen 9 Champions] VGC 2026 Reg M-A",
  "players": [
    "Tesourasigma",
    "SSGuille"
  ],
  "log": "|j|\u2606Tesourasigma\n|j|\u2606SSGuille\n|t:|1776525499\n|gametype|doubles\n|player|p1|Tesourasigma|lyra|1007\n|player|p2|SSGuille|n|1046\n|gen|9\n|tier|[Gen 9 Champions] VGC 2026 Reg M-A\n|rated|\n|rule|Species Clause: Limit one of each Pok\u00e9mon\n|rule|Item Clause: Limit 1 of each item\n|clearpoke\n|poke|p1|Gliscor, L50, M, shiny|\n|poke|p1|Clefable, L50, F|\n|poke|p1|Dragonite, L50, M, shiny|\n|poke|p1|Vivillon, L50, F, shiny|\n|poke|p1|Sinistcha, L50|\n|poke|p1|Chimecho, L50, M|\n|poke|p2|Alakazam, L50, M, shiny|\n|poke|p2|Aegislash, L50, M|\n|poke|p2|Sinistcha, L50|\n|poke|p2|Sneasler, L50, F, shiny|\n|poke|p2|Incineroar, L50, F|\n|poke|p2|Garchomp, L50, F|\n|teampreview|4\n|\n|t:|1776525515\n|teamsize|p1|4\n|teamsize|p2|4\n|start\n|switch|p1a: Gliscor|Gliscor, L50, M, shiny|100/100\n|switch|p1b: Vivillon|Vivillon, L50, F, shiny|100/100\n|switch|p2a: Alakazam|Alakazam, L50, M, shiny|100/100\n|switch|p2b: Sinistcha|Sinistcha, L50|100/100\n|turn|1\n|\n|t:|1776525537\n|detailschange|p2a: Alakazam|Alakazam-Mega, L50, M, shiny\n|-mega|p2a: Alakazam|Alakazam|Alakazite\n|-ability|p2a: Alakazam|Compound Eyes|Trace|[from] ability: Trace|[of] p1b: Vivillon\n|move|p2a: Alakazam|Dazzling Gleam|p1a: Gliscor|[spread] p1a,p1b\n|-damage|p1a: Gliscor|72/100\n|-damage|p1b: Vivillon|69/100\n|move|p1b: Vivillon|Tailwind|p1b: Vivillon\n|-sidestart|p1: Tesourasigma|move: Tailwind\n|move|p1a: Gliscor|Swords Dance|p1a: Gliscor\n|-boost|p1a: Gliscor|atk|2\n|move|p2b: Sinistcha|Matcha Gotcha|p1b: Vivillon|[spread] p1b\n|-miss|p2b: Sinistcha|p1a: Gliscor\n|-resisted|p1b: Vivillon|2\n|-damage|p1b: Vivillon|61/100\n|\n|upkeep\n|turn|2\n|\n|t:|1776525579\n|move|p2b: Sinistcha|Rage Powder|p2b: Sinistcha\n|-singleturn|p2b: Sinistcha|move: Rage Powder\n|move|p1b: Vivillon|Poison Powder|p2b: Sinistcha\n|-immune|p2b: Sinistcha\n|move|p1a: Gliscor|Swords Dance|p1a: Gliscor\n|-boost|p1a: Gliscor|atk|2\n|move|p2a: Alakazam|Psychic|p1b: Vivillon\n|-damage|p1b: Vivillon|0 fnt\n|faint|p1b: Vivillon\n|\n|upkeep\n|\n|t:|1776525588\n|switch|p1b: Dragonite|Dragonite, L50, M, shiny|100/100\n|turn|3\n|\n|t:|1776525598\n|move|p2b: Sinistcha|Rage Powder|p2b: Sinistcha\n|-singleturn|p2b: Sinistcha|move: Rage Powder\n|move|p1b: Dragonite|Dragon Pulse|p2b: Sinistcha\n|-damage|p2b: Sinistcha|68/100\n|move|p1a: Gliscor|Facade|p2b: Sinistcha\n|-immune|p2b: Sinistcha\n|move|p2a: Alakazam|Dazzling Gleam|p1a: Gliscor|[spread] p1a,p1b\n|-supereffective|p1b: Dragonite|1\n|-damage|p1a: Gliscor|42/100\n|-damage|p1b: Dragonite|74/100\n|\n|upkeep\n|turn|4\n|\n|t:|1776525621\n|move|p1b: Dragonite|Air Slash|p2b: Sinistcha\n|-supereffective|p2b: Sinistcha|1\n|-damage|p2b: Sinistcha|10/100\n|-enditem|p2b: Sinistcha|Sitrus Berry|[eat]\n|-heal|p2b: Sinistcha|35/100|[from] item: Sitrus Berry\n|move|p1a: Gliscor|Earthquake|p2a: Alakazam|[spread] p2a,p2b\n|-immune|p1b: Dragonite\n|-resisted|p2b: Sinistcha|1\n|-damage|p2a: Alakazam|0 fnt\n|-damage|p2b: Sinistcha|4/100\n|faint|p2a: Alakazam\n|cant|p2b: Sinistcha|flinch\n|\n|-sideend|p1: Tesourasigma|move: Tailwind\n|upkeep\n|\n|t:|1776525641\n|switch|p2a: Aegislash|Aegislash, L50, M|100/100\n|turn|5\n|\n|t:|1776525659\n|move|p2b: Sinistcha|Rage Powder|p2b: Sinistcha\n|-singleturn|p2b: Sinistcha|move: Rage Powder\n|move|p1b: Dragonite|Air Slash|p2b: Sinistcha\n|-supereffective|p2b: Sinistcha|1\n|-damage|p2b: Sinistcha|0 fnt\n|faint|p2b: Sinistcha\n|move|p1a: Gliscor|Earthquake|p2a: Aegislash|[spread] p2a\n|-immune|p1b: Dragonite\n|-supereffective|p2a: Aegislash|1\n|-damage|p2a: Aegislash|0 fnt\n|faint|p2a: Aegislash\n|\n|upkeep\n|\n|t:|1776525673\n|switch|p2b: Sneasler|Sneasler, L50, F, shiny|100/100\n|-ability|p2b: Sneasler|Pressure\n|turn|6\n|\n|t:|1776525684\n|move|p2b: Sneasler|Fake Out|p1a: Gliscor\n|-damage|p1a: Gliscor|30/100\n|move|p1b: Dragonite|Air Slash|p2b: Sneasler\n|-supereffective|p2b: Sneasler|1\n|-damage|p2b: Sneasler|16/100\n|cant|p1a: Gliscor|flinch\n|\n|upkeep\n|turn|7\n|\n|t:|1776525697\n|move|p2b: Sneasler|Dire Claw|p1b: Dragonite\n|-damage|p1b: Dragonite|27/100\n|move|p1b: Dragonite|Air Slash|p2b: Sneasler\n|-supereffective|p2b: Sneasler|1\n|-damage|p2b: Sneasler|0 fnt\n|faint|p2b: Sneasler\n|\n|win|Tesourasigma\n|raw|Tesourasigma's rating: 1007 &rarr; <strong>1050</strong><br />(+43 for winning)\n|raw|SSGuille's rating: 1046 &rarr; <strong>1027</strong><br />(-19 for losing)\n|l|\u2606SSGuille\n|player|p2|\n",
  "uploadtime": 1776525711,
  "views": 15,
  "formatid": "gen9championsvgc2026regma",
  "rating": 1027,
  "private": 0,
  "password": null
}