{
  "id": "gen9championsvgc2026regma-2584828963",
  "format": "[Gen 9 Champions] VGC 2026 Reg M-A",
  "players": [
    "SVasyl",
    "shin-tv07"
  ],
  "log": "|j|\u2606SVasyl\n|j|\u2606shin-tv07\n|t:|1776286828\n|gametype|doubles\n|player|p1|SVasyl|bugcatcher-gen4dp|1075\n|player|p2|shin-tv07|twins-gen4dp|1042\n|gen|9\n|tier|[Gen 9 Champions] VGC 2026 Reg M-A\n|rated|\n|rule|Species Clause: Limit one of each Pok\u00e9mon\n|rule|Item Clause: Limit 1 of each item\n|clearpoke\n|poke|p1|Froslass, L50, F|\n|poke|p1|Sneasler, L50, F|\n|poke|p1|Aerodactyl, L50, F|\n|poke|p1|Garchomp, L50, M|\n|poke|p1|Kingambit, L50, M|\n|poke|p1|Rotom-Wash, L50|\n|poke|p2|Tauros-Paldea-Aqua, L50, M|\n|poke|p2|Froslass, L50, F|\n|poke|p2|Whimsicott, L50, F|\n|poke|p2|Farigiraf, L50, M|\n|poke|p2|Palafin, L50, M|\n|poke|p2|Floette-Eternal, L50, F|\n|teampreview|4\n|inactive|Battle timer is ON: inactive players will automatically lose when time's up. (requested by SVasyl)\n|inactive|SVasyl has 60 seconds left.\n|\n|t:|1776286926\n|teamsize|p1|4\n|teamsize|p2|4\n|start\n|switch|p1a: Sneasler|Sneasler, L50, F|100/100\n|switch|p1b: Aerodactyl|Aerodactyl, L50, F|100/100\n|switch|p2a: Tauros|Tauros-Paldea-Aqua, L50, M|100/100\n|switch|p2b: Froslass|Froslass, L50, F|100/100\n|-ability|p1b: Aerodactyl|Unnerve\n|turn|1\n|inactive|SVasyl has 30 seconds left.\n|inactive|SVasyl has 20 seconds left.\n|inactive|SVasyl has 15 seconds left.\n|inactive|SVasyl has 10 seconds left.\n|inactive|SVasyl has 5 seconds left.\n|\n|t:|1776286979\n|move|p1a: Sneasler|Protect|p1a: Sneasler\n|-singleturn|p1a: Sneasler|Protect\n|move|p2b: Froslass|Frost Breath|p2a: Tauros\n|-resisted|p2a: Tauros|1\n|-crit|p2a: Tauros\n|-damage|p2a: Tauros|84/100\n|-setboost|p2a: Tauros|atk|6|[from] ability: Anger Point\n|move|p2a: Tauros|Rock Slide|p1b: Aerodactyl|[spread] p1b\n|-activate|p1a: Sneasler|move: Protect\n|-supereffective|p1b: Aerodactyl|1\n|-enditem|p1b: Aerodactyl|Focus Sash\n|-damage|p1b: Aerodactyl|1/100\n|move|p1b: Aerodactyl|Rock Slide|p2b: Froslass|[spread] p2a,p2b\n|-resisted|p2a: Tauros|1\n|-supereffective|p2b: Froslass|1\n|-damage|p2a: Tauros|69/100\n|-damage|p2b: Froslass|8/100\n|\n|upkeep\n|turn|2\n|inactive|SVasyl has 30 seconds left.\n|inactive|shin-tv07 has 30 seconds left.\n|\n|t:|1776287011\n|switch|p2b: Whimsicott|Whimsicott, L50, F|100/100\n|switch|p1a: Kingambit|Kingambit, L50, M|100/100\n|move|p2a: Tauros|Protect|p2a: Tauros\n|-singleturn|p2a: Tauros|Protect\n|move|p1b: Aerodactyl|Rock Slide|p2b: Whimsicott|[spread] p2b\n|-activate|p2a: Tauros|move: Protect\n|-damage|p2b: Whimsicott|55/100\n|\n|upkeep\n|turn|3\n|\n|t:|1776287034\n|move|p2b: Whimsicott|Tailwind|p2b: Whimsicott\n|-sidestart|p2: shin-tv07|move: Tailwind\n|move|p2a: Tauros|Aqua Jet|p1b: Aerodactyl\n|-supereffective|p1b: Aerodactyl|1\n|-damage|p1b: Aerodactyl|0 fnt\n|faint|p1b: Aerodactyl\n|move|p1a: Kingambit|Iron Head|p2b: Whimsicott\n|-supereffective|p2b: Whimsicott|1\n|-damage|p2b: Whimsicott|0 fnt\n|faint|p2b: Whimsicott\n|\n|upkeep\n|\n|t:|1776287049\n|switch|p2b: Palafin|Palafin, L50, M|100/100\n|switch|p1b: Sneasler|Sneasler, L50, F|100/100\n|turn|4\n|inactive|SVasyl has 30 seconds left.\n|inactive|SVasyl has 20 seconds left.\n|inactive|SVasyl has 15 seconds left.\n|\n|t:|1776287090\n|move|p2a: Tauros|Protect|p2a: Tauros\n|-singleturn|p2a: Tauros|Protect\n|move|p1a: Kingambit|Sucker Punch||[still]\n|-fail|p1a: Kingambit\n|move|p2b: Palafin|Flip Turn|p1b: Sneasler\n|-damage|p1b: Sneasler|76/100\n|\n|t:|1776287098\n|detailschange|p2b: Palafin|Palafin-Hero, L50, M\n|switch|p2b: Froslass|Froslass, L50, F|8/100|[from] Flip Turn\n|move|p1b: Sneasler|Dire Claw|p2b: Froslass\n|-resisted|p2b: Froslass|1\n|-damage|p2b: Froslass|0 fnt\n|faint|p2b: Froslass\n|\n|upkeep\n|\n|t:|1776287101\n|switch|p2b: Palafin|Palafin-Hero, L50, M|100/100\n|-activate|p2b: Palafin|ability: Zero to Hero\n|turn|5\n|inactive|SVasyl has 30 seconds left.\n|inactive|SVasyl has 20 seconds left.\n|inactive|SVasyl has 15 seconds left.\n|inactive|SVasyl has 10 seconds left.\n|inactive|SVasyl has 5 seconds left.\n|\n|t:|1776287154\n|move|p1b: Sneasler|Fake Out||[still]\n|-hint|Fake Out only works on your first turn out.\n|-fail|p1b: Sneasler\n|move|p1a: Kingambit|Sucker Punch|p2a: Tauros\n|-resisted|p2a: Tauros|1\n|-damage|p2a: Tauros|48/100\n|move|p2b: Palafin|Close Combat|p1a: Kingambit\n|-supereffective|p1a: Kingambit|2\n|-damage|p1a: Kingambit|0 fnt\n|-unboost|p2b: Palafin|def|1\n|-unboost|p2b: Palafin|spd|1\n|faint|p1a: Kingambit\n|move|p2a: Tauros|Close Combat|p1b: Sneasler\n|-resisted|p1b: Sneasler|1\n|-damage|p1b: Sneasler|0 fnt\n|-unboost|p2a: Tauros|def|1\n|-unboost|p2a: Tauros|spd|1\n|faint|p1b: Sneasler\n|\n|upkeep\n|\n|t:|1776287179\n|switch|p1b: Froslass|Froslass, L50, F|100/100\n|turn|6\n|\n|t:|1776287194\n|detailschange|p1b: Froslass|Froslass-Mega, L50, F\n|-mega|p1b: Froslass|Froslass|Froslassite\n|-weather|Snowscape|[from] ability: Snow Warning|[of] p1b: Froslass\n|move|p2a: Tauros|Aqua Jet|p1b: Froslass\n|-damage|p1b: Froslass|39/100\n|move|p2b: Palafin|Close Combat|p1b: Froslass\n|-immune|p1b: Froslass\n|move|p1b: Froslass|Aurora Veil|p1b: Froslass\n|-sidestart|p1: SVasyl|move: Aurora Veil\n|\n|-weather|Snowscape|[upkeep]\n|-sideend|p2: shin-tv07|move: Tailwind\n|upkeep\n|turn|7\n|\n|t:|1776287206\n|move|p2a: Tauros|Aqua Jet|p1b: Froslass\n|-damage|p1b: Froslass|0 fnt\n|faint|p1b: Froslass\n|\n|win|shin-tv07\n|raw|SVasyl's rating: 1075 &rarr; <strong>1052</strong><br />(-23 for losing)\n|raw|shin-tv07's rating: 1042 &rarr; <strong>1079</strong><br />(+37 for winning)\n",
  "uploadtime": 1776287212,
  "views": 20,
  "formatid": "gen9championsvgc2026regma",
  "rating": 1052,
  "private": 0,
  "password": null
}