{
  "id": "gen9championsvgc2026regma-2580806645",
  "format": "[Gen 9 Champions] VGC 2026 Reg M-A",
  "players": [
    "friasevan",
    "Sampad123"
  ],
  "log": "|j|\u2606friasevan\n|j|\u2606Sampad123\n|t:|1775934020\n|gametype|doubles\n|player|p1|friasevan|101|1000\n|player|p2|Sampad123|101|1000\n|gen|9\n|tier|[Gen 9 Champions] VGC 2026 Reg M-A\n|rated|\n|rule|Species Clause: Limit one of each Pok\u00e9mon\n|rule|Item Clause: Limit 1 of each item\n|clearpoke\n|poke|p1|Charizard, L50, M|\n|poke|p1|Whimsicott, L50, F|\n|poke|p1|Incineroar, L50, M|\n|poke|p1|Venusaur, L50, F|\n|poke|p1|Hydreigon, L50, F|\n|poke|p1|Basculegion, L50, M|\n|poke|p2|Alakazam, L50, M|\n|poke|p2|Drampa, L50, F|\n|poke|p2|Farigiraf, L50, M|\n|poke|p2|Alcremie, L50, F|\n|poke|p2|Kingambit, L50, M|\n|poke|p2|Snorlax, L50, F|\n|teampreview|4\n|\n|t:|1775934056\n|teamsize|p1|4\n|teamsize|p2|4\n|start\n|switch|p1a: Charizard|Charizard, L50, M, shiny|100/100\n|switch|p1b: Whimsicott|Whimsicott, L50, F|100/100\n|switch|p2a: Alakazam|Alakazam, L50, M|100/100\n|switch|p2b: Drampa|Drampa, L50, F|100/100\n|-ability|p2b: Drampa|Cloud Nine\n|turn|1\n|\n|t:|1775934104\n|detailschange|p1a: Charizard|Charizard-Mega-Y, L50, M, shiny\n|-mega|p1a: Charizard|Charizard|Charizardite Y\n|-weather|SunnyDay|[from] ability: Drought|[of] p1a: Charizard\n|move|p2b: Drampa|Protect|p2b: Drampa\n|-singleturn|p2b: Drampa|Protect\n|move|p1b: Whimsicott|Tailwind|p1b: Whimsicott\n|-sidestart|p1: friasevan|move: Tailwind\n|move|p1a: Charizard|Heat Wave|p2b: Drampa|[spread] p2a\n|-activate|p2b: Drampa|move: Protect\n|-damage|p2a: Alakazam|54/100\n|-status|p2a: Alakazam|brn\n|move|p2a: Alakazam|Light Screen|p2a: Alakazam\n|-sidestart|p2: Sampad123|move: Light Screen\n|\n|-weather|SunnyDay|[upkeep]\n|-damage|p2a: Alakazam|47/100 brn|[from] brn\n|upkeep\n|turn|2\n|\n|t:|1775934165\n|detailschange|p2b: Drampa|Drampa-Mega, L50, F\n|-mega|p2b: Drampa|Drampa|Drampanite\n|move|p1a: Charizard|Heat Wave|p2a: Alakazam|[spread] p2a\n|-miss|p1a: Charizard|p2b: Drampa\n|-damage|p2a: Alakazam|0 fnt\n|faint|p2a: Alakazam\n|move|p1b: Whimsicott|Moonblast|p2b: Drampa\n|-supereffective|p2b: Drampa|1\n|-damage|p2b: Drampa|72/100\n|-unboost|p2b: Drampa|spa|1\n|move|p2b: Drampa|Hyper Voice|p1a: Charizard|[spread] p1a,p1b\n|-damage|p1a: Charizard|71/100\n|-damage|p1b: Whimsicott|65/100\n|\n|-weather|SunnyDay|[upkeep]\n|upkeep\n|\n|t:|1775934183\n|switch|p2a: Snorlax|Snorlax, L50, F|100/100\n|turn|3\n|\n|t:|1775934203\n|switch|p1a: Venusaur|Venusaur, L50, F|100/100\n|move|p1b: Whimsicott|Protect|p1b: Whimsicott\n|-singleturn|p1b: Whimsicott|Protect\n|move|p2b: Drampa|Flamethrower|p1b: Whimsicott\n|-activate|p1b: Whimsicott|move: Protect\n|move|p2a: Snorlax|Double-Edge|p1a: Venusaur\n|-damage|p1a: Venusaur|16/100\n|-damage|p2a: Snorlax|84/100|[from] Recoil\n|\n|-weather|SunnyDay|[upkeep]\n|upkeep\n|turn|4\n|\n|t:|1775934246\n|switch|p1b: Hydreigon|Hydreigon, L50, F|100/100\n|move|p2b: Drampa|Protect|p2b: Drampa\n|-singleturn|p2b: Drampa|Protect\n|move|p1a: Venusaur|Sleep Powder|p2b: Drampa\n|-activate|p2b: Drampa|move: Protect\n|move|p2a: Snorlax|Heat Crash|p1a: Venusaur\n|-supereffective|p1a: Venusaur|1\n|-damage|p1a: Venusaur|0 fnt\n|faint|p1a: Venusaur\n|\n|-weather|SunnyDay|[upkeep]\n|-sideend|p1: friasevan|move: Tailwind\n|upkeep\n|\n|t:|1775934260\n|switch|p1a: Whimsicott|Whimsicott, L50, F|65/100\n|turn|5\n|\n|t:|1775934278\n|move|p1a: Whimsicott|Tailwind|p1a: Whimsicott\n|-sidestart|p1: friasevan|move: Tailwind\n|move|p1b: Hydreigon|Draco Meteor|p2b: Drampa\n|-supereffective|p2b: Drampa|1\n|-damage|p2b: Drampa|1/100\n|-unboost|p1b: Hydreigon|spa|2\n|-ability|p2b: Drampa|Berserk|boost\n|-boost|p2b: Drampa|spa|1\n|-enditem|p1b: Hydreigon|White Herb\n|-clearnegativeboost|p1b: Hydreigon|[silent]\n|move|p2b: Drampa|Draco Meteor|p1b: Hydreigon\n|-supereffective|p1b: Hydreigon|1\n|-damage|p1b: Hydreigon|0 fnt\n|-unboost|p2b: Drampa|spa|2\n|faint|p1b: Hydreigon\n|move|p2a: Snorlax|Heat Crash|p1a: Whimsicott\n|-supereffective|p1a: Whimsicott|1\n|-damage|p1a: Whimsicott|0 fnt\n|faint|p1a: Whimsicott\n|\n|-weather|none\n|-sideend|p2: Sampad123|move: Light Screen\n|upkeep\n|\n|t:|1775934302\n|switch|p1a: Charizard|Charizard-Mega-Y, L50, M, shiny|71/100\n|-weather|SunnyDay|[from] ability: Drought|[of] p1a: Charizard\n|turn|6\n|\n|t:|1775934314\n|move|p1a: Charizard|Heat Wave|p2b: Drampa|[spread] p2a,p2b\n|-resisted|p2b: Drampa|1\n|-damage|p2a: Snorlax|63/100\n|-damage|p2b: Drampa|0 fnt\n|faint|p2b: Drampa\n|move|p2a: Snorlax|Double-Edge|p1a: Charizard\n|-damage|p1a: Charizard|0 fnt\n|faint|p1a: Charizard\n|-damage|p2a: Snorlax|49/100|[from] Recoil\n|\n|win|Sampad123\n|raw|friasevan's rating: 1000 &rarr; <strong>1000</strong><br />(+0 for losing)\n|raw|Sampad123's rating: 1000 &rarr; <strong>1040</strong><br />(+40 for winning)\n|l|\u2606friasevan\n|player|p1|\n",
  "uploadtime": 1775934324,
  "views": 16,
  "formatid": "gen9championsvgc2026regma",
  "rating": 1000,
  "private": 0,
  "password": null
}