{
  "id": "gen9championsvgc2026regma-2584891995",
  "format": "[Gen 9 Champions] VGC 2026 Reg M-A",
  "players": [
    "ZakoDboX",
    "kodokoto"
  ],
  "log": "|j|\u2606ZakoDboX\n|j|\u2606kodokoto\n|t:|1776292072\n|gametype|doubles\n|player|p1|ZakoDboX|1|1000\n|player|p2|kodokoto|265|1000\n|gen|9\n|tier|[Gen 9 Champions] VGC 2026 Reg M-A\n|rated|\n|rule|Species Clause: Limit one of each Pok\u00e9mon\n|rule|Item Clause: Limit 1 of each item\n|clearpoke\n|poke|p1|Raichu-Alola, L50, M|\n|poke|p1|Heliolisk, L50, F|\n|poke|p1|Rotom-Wash, L50|\n|poke|p1|Ampharos, L50, M|\n|poke|p1|Stunfisk, L50, M|\n|poke|p1|Jolteon, L50, F|\n|poke|p2|Gengar, L50, F|\n|poke|p2|Incineroar, L50, F|\n|poke|p2|Politoed, L50, M|\n|poke|p2|Basculegion, L50, M|\n|poke|p2|Sneasler, L50, M|\n|poke|p2|Sableye, L50, M|\n|teampreview|4\n|c|\u2606ZakoDboX|aprende a jugar sin sneasler puto xuxetumare\n|inactive|Battle timer is ON: inactive players will automatically lose when time's up. (requested by kodokoto)\n|\n|t:|1776292117\n|teamsize|p1|4\n|teamsize|p2|4\n|start\n|switch|p1a: Jolteon|Jolteon, L50, F|100/100\n|switch|p1b: Raichu|Raichu-Alola, L50, M|100/100\n|switch|p2a: Sneasler|Sneasler, L50, M|100/100\n|switch|p2b: Incineroar|Incineroar, L50, F|100/100\n|turn|1\n|c|\u2606kodokoto|lol, mad?\n|inactive|kodokoto has 30 seconds left.\n|c|\u2606ZakoDboX|puTazo reculiado\n|\n|t:|1776292152\n|move|p2a: Sneasler|Fake Out|p1b: Raichu\n|-damage|p1b: Raichu|79/100\n|move|p1a: Jolteon|Electric Terrain|p1a: Jolteon\n|-fieldstart|move: Electric Terrain\n|cant|p1b: Raichu|flinch\n|move|p2b: Incineroar|Parting Shot|p1a: Jolteon\n|-unboost|p1a: Jolteon|atk|1\n|-unboost|p1a: Jolteon|spa|1\n|\n|t:|1776292164\n|switch|p2b: Sableye|Sableye, L50, M|100/100|[from] Parting Shot\n|\n|upkeep\n|turn|2\n|\n|t:|1776292186\n|switch|p1a: Ampharos|Ampharos, L50, M|100/100\n|move|p2a: Sneasler|Protect|p2a: Sneasler\n|-singleturn|p2a: Sneasler|Protect\n|move|p2b: Sableye|Encore||[still]\n|-fail|p2b: Sableye\n|move|p1b: Raichu|Psychic|p2a: Sneasler\n|-activate|p2a: Sneasler|move: Protect\n|\n|upkeep\n|turn|3\n|inactive|ZakoDboX has 30 seconds left.\n|inactive|ZakoDboX has 20 seconds left.\n|\n|t:|1776292222\n|detailschange|p1a: Ampharos|Ampharos-Mega, L50, M\n|-mega|p1a: Ampharos|Ampharos|Ampharosite\n|-ability|p1a: Ampharos|Mold Breaker\n|move|p2b: Sableye|Disable|p1b: Raichu\n|-start|p1b: Raichu|Disable|Psychic\n|move|p1b: Raichu|Encore|p2a: Sneasler\n|-start|p2a: Sneasler|Encore\n|move|p2a: Sneasler|Protect||[still]\n|-fail|p2a: Sneasler\n|move|p1a: Ampharos|Dragon Pulse|p2b: Sableye\n|-damage|p2b: Sableye|36/100\n|-enditem|p2b: Sableye|Sitrus Berry|[eat]\n|-heal|p2b: Sableye|60/100|[from] item: Sitrus Berry\n|\n|upkeep\n|turn|4\n|inactive|kodokoto has 30 seconds left.\n|\n|t:|1776292250\n|switch|p2a: Gengar|Gengar, L50, F|100/100\n|move|p2b: Sableye|Disable|p1a: Ampharos\n|-start|p1a: Ampharos|Disable|Dragon Pulse\n|move|p1b: Raichu|Hyper Beam|p2a: Gengar\n|-immune|p2a: Gengar\n|cant|p1a: Ampharos|Disable|Dragon Pulse\n|\n|upkeep\n|turn|5\n|\n|t:|1776292270\n|switch|p1b: Jolteon|Jolteon, L50, F|100/100\n|detailschange|p2a: Gengar|Gengar-Mega, L50, F\n|-mega|p2a: Gengar|Gengar|Gengarite\n|move|p2b: Sableye|Encore||[still]\n|-fail|p2b: Sableye\n|move|p2a: Gengar|Perish Song|p2a: Gengar\n|-start|p1a: Ampharos|perish3|[silent]\n|-start|p1b: Jolteon|perish3|[silent]\n|-start|p2a: Gengar|perish3|[silent]\n|-start|p2b: Sableye|perish3|[silent]\n|-fieldactivate|move: Perish Song\n|move|p1a: Ampharos|Discharge|p2b: Sableye|[spread] p1b,p2a,p2b\n|-resisted|p1b: Jolteon|1\n|-damage|p1b: Jolteon|65/100\n|-damage|p2a: Gengar|25/100\n|-damage|p2b: Sableye|6/100\n|-status|p2a: Gengar|par\n|\n|-start|p1b: Jolteon|perish3\n|-start|p2a: Gengar|perish3\n|-start|p2b: Sableye|perish3\n|-start|p1a: Ampharos|perish3\n|-fieldend|move: Electric Terrain\n|upkeep\n|turn|6\n|inactive|ZakoDboX has 30 seconds left.\n|\n|t:|1776292296\n|switch|p2b: Incineroar|Incineroar, L50, F|100/100\n|move|p2a: Gengar|Protect|p2a: Gengar\n|-singleturn|p2a: Gengar|Protect\n|move|p1b: Jolteon|Rain Dance|p1b: Jolteon\n|-weather|RainDance\n|move|p1a: Ampharos|Discharge|p2b: Incineroar|[spread] p1b,p2b\n|-activate|p2a: Gengar|move: Protect\n|-resisted|p1b: Jolteon|1\n|-damage|p1b: Jolteon|40/100\n|-damage|p2b: Incineroar|70/100\n|-status|p2b: Incineroar|par\n|\n|-weather|RainDance|[upkeep]\n|-start|p1b: Jolteon|perish2\n|-start|p2a: Gengar|perish2\n|-start|p1a: Ampharos|perish2\n|upkeep\n|turn|7\n|inactive|ZakoDboX has 30 seconds left.\n|inactive|kodokoto has 30 seconds left.\n|\n|t:|1776292326\n|move|p2b: Incineroar|Fake Out|p1b: Jolteon\n|-damage|p1b: Jolteon|26/100\n|cant|p1b: Jolteon|flinch\n|move|p2a: Gengar|Disable||[still]\n|-fail|p2a: Gengar\n|move|p1a: Ampharos|Focus Blast|p2b: Incineroar\n|-supereffective|p2b: Incineroar|1\n|-enditem|p2b: Incineroar|Chople Berry|[eat]\n|-enditem|p2b: Incineroar|Chople Berry|[weaken]\n|-damage|p2b: Incineroar|26/100 par\n|\n|-weather|RainDance|[upkeep]\n|-end|p1a: Ampharos|Disable\n|-start|p1b: Jolteon|perish1\n|-start|p2a: Gengar|perish1\n|-start|p1a: Ampharos|perish1\n|upkeep\n|turn|8\n|\n|t:|1776292348\n|switch|p2a: Sableye|Sableye, L50, M|6/100\n|move|p2b: Incineroar|Protect|p2b: Incineroar\n|-singleturn|p2b: Incineroar|Protect\n|move|p1b: Jolteon|Shadow Ball|p2a: Sableye\n|-damage|p2a: Sableye|0 fnt\n|faint|p2a: Sableye\n|move|p1a: Ampharos|Discharge|p2b: Incineroar|[spread] p1b\n|-activate|p2b: Incineroar|move: Protect\n|-resisted|p1b: Jolteon|1\n|-damage|p1b: Jolteon|1/100\n|\n|-weather|RainDance|[upkeep]\n|-start|p1b: Jolteon|perish0\n|-start|p1a: Ampharos|perish0\n|faint|p1b: Jolteon\n|faint|p1a: Ampharos\n|upkeep\n|\n|t:|1776292366\n|switch|p1b: Raichu|Raichu-Alola, L50, M|79/100\n|switch|p2a: Sneasler|Sneasler, L50, M|100/100\n|switch|p1a: Heliolisk|Heliolisk, L50, F|100/100\n|turn|9\n|\n|t:|1776292388\n|move|p2a: Sneasler|Fake Out|p1b: Raichu\n|-damage|p1b: Raichu|60/100\n|move|p1a: Heliolisk|Parabolic Charge|p2a: Sneasler|[spread] p1b,p2a,p2b\n|-resisted|p1b: Raichu|1\n|-damage|p1b: Raichu|42/100\n|-damage|p2a: Sneasler|67/100\n|-damage|p2b: Incineroar|6/100 par\n|cant|p1b: Raichu|flinch\n|move|p2b: Incineroar|Darkest Lariat|p1b: Raichu\n|-supereffective|p1b: Raichu|1\n|-damage|p1b: Raichu|0 fnt\n|faint|p1b: Raichu\n|\n|-weather|RainDance|[upkeep]\n|upkeep\n|turn|10\n|c|\u2606kodokoto|mad?\n|inactive|kodokoto has 30 seconds left.\n|c|\u2606kodokoto|sneasler scary?\n|c|\u2606ZakoDboX|cxhupame el pico reculiao\n|inactive|kodokoto has 20 seconds left.\n|inactive|kodokoto has 15 seconds left.\n|inactive|kodokoto has 10 seconds left.\n|c|\u2606kodokoto|must be sad to be from latm\n|\n|t:|1776292436\n|move|p2a: Sneasler|Close Combat|p1a: Heliolisk\n|-supereffective|p1a: Heliolisk|1\n|-crit|p1a: Heliolisk\n|-damage|p1a: Heliolisk|0 fnt\n|-unboost|p2a: Sneasler|def|1\n|-unboost|p2a: Sneasler|spd|1\n|faint|p1a: Heliolisk\n|\n|win|kodokoto\n",
  "uploadtime": 1776292107,
  "views": 15,
  "formatid": "gen9championsvgc2026regma",
  "rating": null,
  "private": 0,
  "password": null
}