{
  "id": "gen9championsvgc2026regma-2581097541",
  "format": "[Gen 9 Champions] VGC 2026 Reg M-A",
  "players": [
    "srgserg",
    "Moldy Mickey"
  ],
  "log": "|j|\u2606srgserg\n|j|\u2606Moldy Mickey\n|t:|1775959599\n|gametype|doubles\n|player|p1|srgserg|170|1194\n|player|p2|Moldy Mickey|265|1214\n|gen|9\n|tier|[Gen 9 Champions] VGC 2026 Reg M-A\n|rated|\n|rule|Species Clause: Limit one of each Pok\u00e9mon\n|rule|Item Clause: Limit 1 of each item\n|clearpoke\n|poke|p1|Meowstic, L50, M|\n|poke|p1|Meganium, L50, M|\n|poke|p1|Gallade, L50, M|\n|poke|p1|Milotic, L50, M|\n|poke|p1|Aegislash, L50, M|\n|poke|p1|Rotom-Heat, L50|\n|poke|p2|Sinistcha-Masterpiece, L50|\n|poke|p2|Tyranitar, L50, F|\n|poke|p2|Sneasler, L50, F|\n|poke|p2|Garchomp, L50, M|\n|poke|p2|Aegislash, L50, F|\n|poke|p2|Gardevoir, L50, M|\n|teampreview|4\n|\n|t:|1775959629\n|teamsize|p1|4\n|teamsize|p2|4\n|start\n|switch|p1a: Meowstic|Meowstic, L50, M|100/100\n|switch|p1b: Gallade|Gallade, L50, M|100/100\n|switch|p2a: Aegislash|Aegislash, L50, F, shiny|100/100\n|switch|p2b: Sneasler|Sneasler, L50, F|100/100\n|turn|1\n|\n|t:|1775959652\n|move|p2b: Sneasler|Fake Out|p1b: Gallade\n|-damage|p1b: Gallade|72/100\n|move|p1a: Meowstic|Reflect|p1a: Meowstic\n|-sidestart|p1: srgserg|Reflect\n|cant|p1b: Gallade|flinch\n|-formechange|p2a: Aegislash|Aegislash-Blade|\n|move|p2a: Aegislash|Shadow Ball|p1a: Meowstic\n|-supereffective|p1a: Meowstic|1\n|-damage|p1a: Meowstic|33/100\n|-unboost|p1a: Meowstic|spd|1\n|\n|upkeep\n|turn|2\n|\n|t:|1775959664\n|move|p1a: Meowstic|Light Screen|p1a: Meowstic\n|-sidestart|p1: srgserg|move: Light Screen\n|move|p2b: Sneasler|Dire Claw|p1a: Meowstic\n|-damage|p1a: Meowstic|0 fnt\n|faint|p1a: Meowstic\n|move|p1b: Gallade|Psycho Cut|p2b: Sneasler\n|-supereffective|p2b: Sneasler|2\n|-crit|p2b: Sneasler\n|-damage|p2b: Sneasler|0 fnt\n|faint|p2b: Sneasler\n|move|p2a: Aegislash|Shadow Ball|p1b: Gallade\n|-supereffective|p1b: Gallade|1\n|-damage|p1b: Gallade|14/100\n|\n|upkeep\n|\n|t:|1775959672\n|switch|p2b: Tyranitar|Tyranitar, L50, F, shiny|100/100\n|switch|p1a: Meganium|Meganium, L50, M|100/100\n|-weather|Sandstorm|[from] ability: Sand Stream|[of] p2b: Tyranitar\n|turn|3\n|\n|t:|1775959684\n|detailschange|p1a: Meganium|Meganium-Mega, L50, M\n|-mega|p1a: Meganium|Meganium|Meganiumite\n|detailschange|p2b: Tyranitar|Tyranitar-Mega, L50, F, shiny\n|-mega|p2b: Tyranitar|Tyranitar|Tyranitarite\n|move|p1b: Gallade|Protect|p1b: Gallade\n|-singleturn|p1b: Gallade|Protect\n|move|p2b: Tyranitar|Dragon Dance|p2b: Tyranitar\n|-boost|p2b: Tyranitar|atk|1\n|-boost|p2b: Tyranitar|spe|1\n|move|p1a: Meganium|Weather Ball|p2a: Aegislash\n|-supereffective|p2a: Aegislash|1\n|-damage|p2a: Aegislash|0 fnt\n|faint|p2a: Aegislash\n|\n|-weather|Sandstorm|[upkeep]\n|-damage|p1b: Gallade|7/100|[from] Sandstorm\n|-damage|p1a: Meganium|95/100|[from] Sandstorm\n|upkeep\n|\n|t:|1775959694\n|switch|p2a: Garchomp|Garchomp, L50, M|100/100\n|turn|4\n|\n|t:|1775959703\n|move|p2b: Tyranitar|Protect|p2b: Tyranitar\n|-singleturn|p2b: Tyranitar|Protect\n|move|p2a: Garchomp|Earthquake|p1b: Gallade|[spread] p1a,p1b\n|-activate|p2b: Tyranitar|move: Protect\n|-resisted|p1a: Meganium|1\n|-damage|p1a: Meganium|81/100\n|-damage|p1b: Gallade|0 fnt\n|faint|p1b: Gallade\n|move|p1a: Meganium|Solar Beam||[still]\n|-prepare|p1a: Meganium|Solar Beam\n|-activate|p1a: Meganium|ability: Mega Sol\n|-anim|p1a: Meganium|Solar Beam|p2b: Tyranitar\n|-activate|p2b: Tyranitar|move: Protect\n|\n|-weather|Sandstorm|[upkeep]\n|-damage|p1a: Meganium|75/100|[from] Sandstorm\n|upkeep\n|\n|t:|1775959705\n|switch|p1b: Aegislash|Aegislash, L50, M|100/100\n|turn|5\n|\n|t:|1775959723\n|move|p2a: Garchomp|Stomping Tantrum|p1b: Aegislash\n|-supereffective|p1b: Aegislash|1\n|-damage|p1b: Aegislash|53/100\n|move|p2b: Tyranitar|Knock Off|p1b: Aegislash\n|-supereffective|p1b: Aegislash|1\n|-damage|p1b: Aegislash|0 fnt\n|-enditem|p1b: Aegislash|White Herb|[from] move: Knock Off|[of] p2b: Tyranitar\n|faint|p1b: Aegislash\n|move|p1a: Meganium|Solar Beam||[still]\n|-prepare|p1a: Meganium|Solar Beam\n|-activate|p1a: Meganium|ability: Mega Sol\n|-anim|p1a: Meganium|Solar Beam|p2b: Tyranitar\n|-supereffective|p2b: Tyranitar|1\n|-damage|p2b: Tyranitar|0 fnt\n|faint|p2b: Tyranitar\n|\n|-weather|Sandstorm|[upkeep]\n|-damage|p1a: Meganium|69/100|[from] Sandstorm\n|-sideend|p1: srgserg|Reflect\n|upkeep\n|turn|6\n|\n|t:|1775959740\n|move|p2a: Garchomp|Stomping Tantrum|p1a: Meganium\n|-resisted|p1a: Meganium|1\n|-damage|p1a: Meganium|50/100\n|move|p1a: Meganium|Synthesis|p1a: Meganium\n|-heal|p1a: Meganium|100/100\n|\n|-weather|Sandstorm|[upkeep]\n|-damage|p1a: Meganium|95/100|[from] Sandstorm\n|-sideend|p1: srgserg|move: Light Screen\n|upkeep\n|turn|7\n|\n|t:|1775959755\n|move|p2a: Garchomp|Stomping Tantrum|p1a: Meganium\n|-resisted|p1a: Meganium|1\n|-damage|p1a: Meganium|75/100\n|move|p1a: Meganium|Solar Beam||[still]\n|-prepare|p1a: Meganium|Solar Beam\n|-activate|p1a: Meganium|ability: Mega Sol\n|-anim|p1a: Meganium|Solar Beam|p2a: Garchomp\n|-damage|p2a: Garchomp|28/100\n|\n|-weather|none\n|upkeep\n|turn|8\n|\n|t:|1775959765\n|move|p2a: Garchomp|Stomping Tantrum|p1a: Meganium\n|-resisted|p1a: Meganium|1\n|-damage|p1a: Meganium|55/100\n|move|p1a: Meganium|Solar Beam||[still]\n|-prepare|p1a: Meganium|Solar Beam\n|-activate|p1a: Meganium|ability: Mega Sol\n|-anim|p1a: Meganium|Solar Beam|p2a: Garchomp\n|-damage|p2a: Garchomp|0 fnt\n|faint|p2a: Garchomp\n|\n|win|srgserg\n|raw|srgserg's rating: 1194 &rarr; <strong>1220</strong><br />(+26 for winning)\n|raw|Moldy Mickey's rating: 1214 &rarr; <strong>1188</strong><br />(-26 for losing)\n|l|\u2606Moldy Mickey\n|player|p2|\n",
  "uploadtime": 1775959777,
  "views": 13,
  "formatid": "gen9championsvgc2026regma",
  "rating": 1188,
  "private": 0,
  "password": null
}