{
  "id": "gen9championsvgc2026regma-2585127525",
  "format": "[Gen 9 Champions] VGC 2026 Reg M-A",
  "players": [
    "PKsHEXi",
    "Senpai_1987"
  ],
  "log": "|j|\u2606PKsHEXi\n|j|\u2606Senpai_1987\n|t:|1776315016\n|gametype|doubles\n|player|p1|PKsHEXi|n|1371\n|player|p2|Senpai_1987|aromalady|1448\n|gen|9\n|tier|[Gen 9 Champions] VGC 2026 Reg M-A\n|rated|\n|rule|Species Clause: Limit one of each Pok\u00e9mon\n|rule|Item Clause: Limit 1 of each item\n|clearpoke\n|poke|p1|Gengar, L50, M|\n|poke|p1|Whimsicott, L50, F|\n|poke|p1|Volcarona, L50, M|\n|poke|p1|Gallade, L50, M|\n|poke|p1|Farigiraf, L50, M|\n|poke|p1|Incineroar, L50, F|\n|poke|p2|Pelipper, L50, M|\n|poke|p2|Basculegion, L50, M|\n|poke|p2|Archaludon, L50, F|\n|poke|p2|Feraligatr, L50, F|\n|poke|p2|Scizor, L50, F|\n|poke|p2|Incineroar, L50, M|\n|teampreview|4\n|inactive|Battle timer is ON: inactive players will automatically lose when time's up. (requested by PKsHEXi)\n|\n|t:|1776315036\n|teamsize|p1|4\n|teamsize|p2|4\n|start\n|switch|p1a: Gengar|Gengar, L50, M|100/100\n|switch|p1b: Whimsicott|Whimsicott, L50, F|100/100\n|switch|p2a: The Sink|Archaludon, L50, F|100/100\n|switch|p2b: The Curry|Incineroar, L50, M|100/100\n|-ability|p2b: The Curry|Intimidate|boost\n|-unboost|p1a: Gengar|atk|1\n|-unboost|p1b: Whimsicott|atk|1\n|turn|1\n|inactive|PKsHEXi has 30 seconds left.\n|\n|t:|1776315061\n|detailschange|p1a: Gengar|Gengar-Mega, L50, M\n|-mega|p1a: Gengar|Gengar|Gengarite\n|move|p1a: Gengar|Protect|p1a: Gengar\n|-singleturn|p1a: Gengar|Protect\n|move|p2b: The Curry|Fake Out|p1b: Whimsicott\n|-damage|p1b: Whimsicott|84/100\n|cant|p1b: Whimsicott|flinch\n|move|p2a: The Sink|Draco Meteor|p1a: Gengar\n|-activate|p1a: Gengar|move: Protect\n|\n|upkeep\n|turn|2\n|inactive|Senpai_1987 has 30 seconds left.\n|\n|t:|1776315093\n|move|p1b: Whimsicott|Encore|p2a: The Sink\n|-start|p2a: The Sink|Encore\n|move|p1a: Gengar|Disable|p2a: The Sink\n|-start|p2a: The Sink|Disable|Draco Meteor\n|cant|p2a: The Sink|Disable|Draco Meteor\n|move|p2b: The Curry|Roar|p1a: Gengar\n|drag|p1a: Volcarona|Volcarona, L50, M|100/100\n|\n|upkeep\n|turn|3\n|inactive|PKsHEXi has 30 seconds left.\n|inactive|PKsHEXi has 20 seconds left.\n|\n|t:|1776315128\n|switch|p2a: The Bowl|Pelipper, L50, M|100/100\n|-weather|RainDance|[from] ability: Drizzle|[of] p2a: The Bowl\n|move|p1b: Whimsicott|Tailwind|p1b: Whimsicott\n|-sidestart|p1: PKsHEXi|move: Tailwind\n|move|p1a: Volcarona|Quiver Dance|p1a: Volcarona\n|-boost|p1a: Volcarona|spa|1\n|-boost|p1a: Volcarona|spd|1\n|-boost|p1a: Volcarona|spe|1\n|move|p2b: The Curry|Parting Shot|p1a: Volcarona\n|-unboost|p1a: Volcarona|atk|1\n|-unboost|p1a: Volcarona|spa|1\n|\n|t:|1776315138\n|switch|p2b: The Log|Basculegion, L50, M, shiny|100/100|[from] Parting Shot\n|\n|-weather|RainDance|[upkeep]\n|upkeep\n|turn|4\n|inactive|PKsHEXi has 30 seconds left.\n|\n|t:|1776315164\n|move|p1b: Whimsicott|Helping Hand|p1a: Volcarona\n|-singleturn|p1a: Volcarona|Helping Hand|[of] p1b: Whimsicott\n|move|p2b: The Log|Aqua Jet|p1a: Volcarona\n|-supereffective|p1a: Volcarona|1\n|-damage|p1a: Volcarona|23/100\n|-status|p2b: The Log|brn|[from] ability: Flame Body|[of] p1a: Volcarona\n|move|p1a: Volcarona|Bug Buzz|p2b: The Log\n|-resisted|p2b: The Log|1\n|-damage|p2b: The Log|69/100 brn\n|-unboost|p2b: The Log|spd|1\n|move|p2a: The Bowl|Hurricane|p1b: Whimsicott\n|-supereffective|p1b: Whimsicott|1\n|-damage|p1b: Whimsicott|0 fnt\n|faint|p1b: Whimsicott\n|\n|-weather|RainDance|[upkeep]\n|-heal|p1a: Volcarona|30/100|[from] item: Leftovers\n|-damage|p2b: The Log|62/100 brn|[from] brn\n|upkeep\n|\n|t:|1776315183\n|switch|p1b: Gallade|Gallade, L50, M|100/100\n|turn|5\n|\n|t:|1776315203\n|move|p1a: Volcarona|Protect|p1a: Volcarona\n|-singleturn|p1a: Volcarona|Protect\n|move|p2b: The Log|Aqua Jet|p1a: Volcarona\n|-activate|p1a: Volcarona|move: Protect\n|move|p1b: Gallade|Psycho Cut|p2a: The Bowl\n|-damage|p2a: The Bowl|22/100\n|move|p2a: The Bowl|Hurricane|p1b: Gallade\n|-supereffective|p1b: Gallade|1\n|-damage|p1b: Gallade|15/100\n|-start|p1b: Gallade|confusion\n|\n|-weather|RainDance|[upkeep]\n|-heal|p1a: Volcarona|36/100|[from] item: Leftovers\n|-damage|p2b: The Log|56/100 brn|[from] brn\n|upkeep\n|turn|6\n|\n|t:|1776315218\n|move|p2b: The Log|Aqua Jet|p1a: Volcarona\n|-supereffective|p1a: Volcarona|1\n|-damage|p1a: Volcarona|0 fnt\n|faint|p1a: Volcarona\n|-activate|p1b: Gallade|confusion\n|-damage|p1b: Gallade|0 fnt|[from] confusion\n|faint|p1b: Gallade\n|move|p2a: The Bowl|Hurricane|p1: Volcarona|[notarget]\n|-fail|p2a: The Bowl\n|\n|-weather|RainDance|[upkeep]\n|-damage|p2b: The Log|50/100 brn|[from] brn\n|-sideend|p1: PKsHEXi|move: Tailwind\n|upkeep\n|\n|t:|1776315222\n|switch|p1a: Gengar|Gengar-Mega, L50, M|100/100\n|turn|7\n|\n|t:|1776315233\n|move|p1a: Gengar|Protect|p1a: Gengar\n|-singleturn|p1a: Gengar|Protect\n|move|p2b: The Log|Aqua Jet|p1a: Gengar\n|-activate|p1a: Gengar|move: Protect\n|move|p2a: The Bowl|Weather Ball|p1a: Gengar\n|-activate|p1a: Gengar|move: Protect\n|\n|-weather|none\n|-damage|p2b: The Log|44/100 brn|[from] brn\n|upkeep\n|turn|8\n|\n|t:|1776315238\n|move|p2b: The Log|Aqua Jet|p1a: Gengar\n|-damage|p1a: Gengar|80/100\n|move|p1a: Gengar|Shadow Ball|p2a: The Bowl\n|-damage|p2a: The Bowl|0 fnt\n|faint|p2a: The Bowl\n|\n|-damage|p2b: The Log|38/100 brn|[from] brn\n|upkeep\n|\n|t:|1776315245\n|switch|p2a: The Sink|Archaludon, L50, F|100/100\n|turn|9\n|\n|t:|1776315253\n|switch|p2b: The Curry|Incineroar, L50, M|100/100\n|-ability|p2b: The Curry|Intimidate|boost\n|-unboost|p1a: Gengar|atk|1\n|move|p1a: Gengar|Protect|p1a: Gengar\n|-singleturn|p1a: Gengar|Protect\n|move|p2a: The Sink|Draco Meteor|p1a: Gengar\n|-activate|p1a: Gengar|move: Protect\n|\n|upkeep\n|turn|10\n|\n|t:|1776315264\n|move|p1a: Gengar|Disable|p2a: The Sink\n|-start|p2a: The Sink|Disable|Draco Meteor\n|cant|p2a: The Sink|Disable|Draco Meteor\n|move|p2b: The Curry|Throat Chop|p1a: Gengar\n|-supereffective|p1a: Gengar|1\n|-crit|p1a: Gengar\n|-damage|p1a: Gengar|0 fnt\n|faint|p1a: Gengar\n|\n|win|Senpai_1987\n|raw|PKsHEXi's rating: 1371 &rarr; <strong>1355</strong><br />(-16 for losing)\n|raw|Senpai_1987's rating: 1448 &rarr; <strong>1464</strong><br />(+16 for winning)\n|l|\u2606PKsHEXi\n|player|p1|\n",
  "uploadtime": 1776315275,
  "views": 53,
  "formatid": "gen9championsvgc2026regma",
  "rating": 1355,
  "private": 0,
  "password": null
}