{
  "id": "gen9championsvgc2026regma-2583289419",
  "format": "[Gen 9 Champions] VGC 2026 Reg M-A",
  "players": [
    "PepperKV",
    "shin-tv07"
  ],
  "log": "|j|\u2606PepperKV\n|j|\u2606shin-tv07\n|t:|1776163586\n|gametype|doubles\n|player|p1|PepperKV|hilbert|1129\n|player|p2|shin-tv07|twins-gen4dp|1121\n|gen|9\n|tier|[Gen 9 Champions] VGC 2026 Reg M-A\n|rated|\n|rule|Species Clause: Limit one of each Pok\u00e9mon\n|rule|Item Clause: Limit 1 of each item\n|clearpoke\n|poke|p1|Delphox, L50, M|\n|poke|p1|Whimsicott, L50, M|\n|poke|p1|Basculegion, L50, M|\n|poke|p1|Garchomp, L50, F|\n|poke|p1|Archaludon, L50, F|\n|poke|p1|Milotic, L50, M|\n|poke|p2|Tauros-Paldea-Aqua, L50, M|\n|poke|p2|Froslass, L50, F|\n|poke|p2|Whimsicott, L50, M|\n|poke|p2|Farigiraf, L50, F|\n|poke|p2|Palafin, L50, F|\n|poke|p2|Floette-Eternal, L50, F|\n|teampreview|4\n|inactive|Battle timer is ON: inactive players will automatically lose when time's up. (requested by shin-tv07)\nshin-tv07 rejected open team sheets.\n|\n|t:|1776163650\n|teamsize|p1|4\n|teamsize|p2|4\n|start\n|switch|p1a: Whimsicott|Whimsicott, L50, M|100/100\n|switch|p1b: Delphox|Delphox, L50, M|100/100\n|switch|p2a: Tauros|Tauros-Paldea-Aqua, L50, M|100/100\n|switch|p2b: Froslass|Froslass, L50, F|100/100\n|turn|1\n|inactive|PepperKV has 30 seconds left.\n|inactive|PepperKV has 20 seconds left.\n|\n|t:|1776163689\n|detailschange|p1b: Delphox|Delphox-Mega, L50, M\n|-mega|p1b: Delphox|Delphox|Delphoxite\n|move|p1b: Delphox|Protect|p1b: Delphox\n|-singleturn|p1b: Delphox|Protect\n|move|p1a: Whimsicott|Sunny Day|p1a: Whimsicott\n|-weather|SunnyDay\n|move|p2b: Froslass|Frost Breath|p2a: Tauros\n|-resisted|p2a: Tauros|1\n|-crit|p2a: Tauros\n|-damage|p2a: Tauros|85/100\n|-setboost|p2a: Tauros|atk|6|[from] ability: Anger Point\n|move|p2a: Tauros|Rock Slide|p1a: Whimsicott|[spread] p1a\n|-activate|p1b: Delphox|move: Protect\n|-damage|p1a: Whimsicott|14/100\n|\n|-weather|SunnyDay|[upkeep]\n|upkeep\n|turn|2\n|inactive|PepperKV has 30 seconds left.\n|inactive|PepperKV has 20 seconds left.\n|inactive|PepperKV has 15 seconds left.\n|inactive|PepperKV has 10 seconds left.\n|c|\u2606shin-tv07|shocked?\n|\n|t:|1776163738\n|detailschange|p2b: Froslass|Froslass-Mega, L50, F\n|-mega|p2b: Froslass|Froslass|Froslassite\n|-weather|Snowscape|[from] ability: Snow Warning|[of] p2b: Froslass\n|move|p1a: Whimsicott|Tailwind|p1a: Whimsicott\n|-sidestart|p1: PepperKV|move: Tailwind\n|move|p2a: Tauros|Aqua Jet|p1b: Delphox\n|-supereffective|p1b: Delphox|1\n|-damage|p1b: Delphox|0 fnt\n|faint|p1b: Delphox\n|move|p2b: Froslass|Blizzard|p1a: Whimsicott\n|-supereffective|p1a: Whimsicott|1\n|-damage|p1a: Whimsicott|0 fnt\n|faint|p1a: Whimsicott\n|\n|-weather|Snowscape|[upkeep]\n|upkeep\n|c|\u2606shin-tv07|confused?\n|\n|t:|1776163754\n|switch|p1b: Basculegion|Basculegion, L50, M|100/100\n|switch|p1a: Milotic|Milotic, L50, M|100/100\n|turn|3\n|inactive|PepperKV has 30 seconds left.\n|inactive|shin-tv07 has 30 seconds left.\n|\n|t:|1776163784\n|move|p2a: Tauros|Protect|p2a: Tauros\n|-singleturn|p2a: Tauros|Protect\n|move|p1b: Basculegion|Last Respects|p2b: Froslass\n|-supereffective|p2b: Froslass|1\n|-damage|p2b: Froslass|0 fnt\n|faint|p2b: Froslass\n|move|p1a: Milotic|Surf|p2a: Tauros|[spread] p1b\n|-activate|p2a: Tauros|move: Protect\n|-resisted|p1b: Basculegion|1\n|-damage|p1b: Basculegion|85/100\n|\n|-weather|Snowscape|[upkeep]\n|upkeep\n|\n|t:|1776163797\n|switch|p2b: Whimsicott|Whimsicott, L50, M|100/100\n|turn|4\n|\n|t:|1776163819\n|move|p2b: Whimsicott|Tailwind|p2b: Whimsicott\n|-sidestart|p2: shin-tv07|move: Tailwind\n|move|p1b: Basculegion|Last Respects|p2a: Tauros\n|-damage|p2a: Tauros|0 fnt\n|faint|p2a: Tauros\n|move|p1a: Milotic|Surf|p2b: Whimsicott|[spread] p1b\n|-miss|p1a: Milotic|p2b: Whimsicott\n|-resisted|p1b: Basculegion|1\n|-damage|p1b: Basculegion|71/100\n|\n|-weather|Snowscape|[upkeep]\n|upkeep\n|\n|t:|1776163825\n|switch|p2a: Floette|Floette-Eternal, L50, F|100/100\n|turn|5\n|\n|t:|1776163846\n|move|p2a: Floette|Protect|p2a: Floette\n|-singleturn|p2a: Floette|Protect\n|move|p1b: Basculegion|Last Respects|p2a: Floette\n|-activate|p2a: Floette|move: Protect\n|move|p2b: Whimsicott|Moonblast|p1b: Basculegion\n|-damage|p1b: Basculegion|29/100\n|move|p1a: Milotic|Ice Beam|p2a: Floette\n|-activate|p2a: Floette|move: Protect\n|\n|-weather|Snowscape|[upkeep]\n|-sideend|p1: PepperKV|move: Tailwind\n|upkeep\n|turn|6\n|inactive|shin-tv07 has 30 seconds left.\n|\n|t:|1776163871\n|move|p2b: Whimsicott|Moonblast|p1b: Basculegion\n|-damage|p1b: Basculegion|0 fnt\n|faint|p1b: Basculegion\n|move|p2a: Floette|Dazzling Gleam|p1a: Milotic\n|-damage|p1a: Milotic|71/100\n|move|p1a: Milotic|Ice Beam|p2a: Floette\n|-damage|p2a: Floette|77/100\n|\n|-weather|none\n|upkeep\n|turn|7\n|\n|t:|1776163884\n|move|p2b: Whimsicott|Taunt|p1a: Milotic\n|-start|p1a: Milotic|move: Taunt\n|move|p2a: Floette|Moonblast|p1a: Milotic\n|-crit|p1a: Milotic\n|-damage|p1a: Milotic|14/100\n|-unboost|p1a: Milotic|spa|1\n|-ability|p1a: Milotic|Competitive|boost\n|-boost|p1a: Milotic|spa|2\n|-enditem|p1a: Milotic|Sitrus Berry|[eat]\n|-heal|p1a: Milotic|39/100|[from] item: Sitrus Berry\n|move|p1a: Milotic|Icy Wind|p2a: Floette|[spread] p2a,p2b\n|-supereffective|p2b: Whimsicott|1\n|-damage|p2a: Floette|60/100\n|-damage|p2b: Whimsicott|48/100\n|-unboost|p2a: Floette|spe|1\n|\n|-sideend|p2: shin-tv07|move: Tailwind\n|upkeep\n|turn|8\n|c|\u2606shin-tv07|gg\n|c|\u2606shin-tv07|you tried\n|inactive|PepperKV has 30 seconds left.\n|\n|t:|1776163917\n|move|p2b: Whimsicott|Moonblast|p1a: Milotic\n|-damage|p1a: Milotic|14/100\n|move|p2a: Floette|Moonblast|p1a: Milotic\n|-damage|p1a: Milotic|0 fnt\n|faint|p1a: Milotic\n|\n|win|shin-tv07\n|raw|PepperKV's rating: 1129 &rarr; <strong>1103</strong><br />(-26 for losing)\n|raw|shin-tv07's rating: 1121 &rarr; <strong>1147</strong><br />(+26 for winning)\n",
  "uploadtime": 1776163924,
  "views": 14,
  "formatid": "gen9championsvgc2026regma",
  "rating": 1103,
  "private": 0,
  "password": null
}