{
  "id": "gen9championsvgc2026regma-2583727602",
  "format": "[Gen 9 Champions] VGC 2026 Reg M-A",
  "players": [
    "Lol i am noob",
    "SimMikaze"
  ],
  "log": "|j|\u2606Lol i am noob\n|j|\u2606SimMikaze\n|t:|1776193606\n|gametype|doubles\n|player|p1|Lol i am noob|169|1345\n|player|p2|SimMikaze|miku-ghost|1394\n|gen|9\n|tier|[Gen 9 Champions] VGC 2026 Reg M-A\n|rated|\n|rule|Species Clause: Limit one of each Pok\u00e9mon\n|rule|Item Clause: Limit 1 of each item\n|clearpoke\n|poke|p1|Incineroar, L50, F|\n|poke|p1|Sylveon, L50, M|\n|poke|p1|Scizor, L50, F|\n|poke|p1|Sinistcha-Masterpiece, L50|\n|poke|p1|Palafin, L50, M|\n|poke|p1|Dragonite, L50, M|\n|poke|p2|Aggron, L50, M|\n|poke|p2|Alakazam, L50, M|\n|poke|p2|Sinistcha, L50|\n|poke|p2|Politoed, L50, F|\n|poke|p2|Incineroar, L50, M|\n|poke|p2|Gengar, L50, M|\n|teampreview|4\n|inactive|Battle timer is ON: inactive players will automatically lose when time's up. (requested by Lol i am noob)\n|\n|t:|1776193626\n|teamsize|p1|4\n|teamsize|p2|4\n|start\n|switch|p1a: Hate Floette|Scizor, L50, F|100/100\n|switch|p1b: THEY GAVE UP ON ME|Palafin, L50, M|100/100\n|switch|p2a: Aggron|Aggron, L50, M|100/100\n|switch|p2b: Alakazam|Alakazam, L50, M|100/100\n|turn|1\n|\n|t:|1776193650\n|detailschange|p1a: Hate Floette|Scizor-Mega, L50, F\n|-mega|p1a: Hate Floette|Scizor|Scizorite\n|detailschange|p2a: Aggron|Aggron-Mega, L50, M\n|-mega|p2a: Aggron|Aggron|Aggronite\n|move|p1b: THEY GAVE UP ON ME|Jet Punch|p2b: Alakazam\n|-damage|p2b: Alakazam|50/100\n|move|p2b: Alakazam|Reflect|p2b: Alakazam\n|-sidestart|p2: SimMikaze|Reflect\n|move|p1a: Hate Floette|Bug Bite|p2b: Alakazam\n|-supereffective|p2b: Alakazam|1\n|-damage|p2b: Alakazam|0 fnt\n|faint|p2b: Alakazam\n|move|p2a: Aggron|Iron Defense|p2a: Aggron\n|-boost|p2a: Aggron|def|2\n|\n|upkeep\n|\n|t:|1776193668\n|switch|p2b: Sinistcha|Sinistcha, L50, shiny|100/100\n|turn|2\n|\n|t:|1776193691\n|detailschange|p1b: THEY GAVE UP ON ME|Palafin-Hero, L50, M\n|switch|p1b: Obligatory|Incineroar, L50, F|100/100\n|-ability|p1b: Obligatory|Intimidate|boost\n|-unboost|p2a: Aggron|atk|1\n|-unboost|p2b: Sinistcha|atk|1\n|move|p2b: Sinistcha|Protect|p2b: Sinistcha\n|-singleturn|p2b: Sinistcha|Protect\n|move|p1a: Hate Floette|Swords Dance|p1a: Hate Floette\n|-boost|p1a: Hate Floette|atk|2\n|move|p2a: Aggron|Body Press|p1b: Obligatory\n|-supereffective|p1b: Obligatory|1\n|-damage|p1b: Obligatory|0 fnt\n|faint|p1b: Obligatory\n|\n|upkeep\n|\n|t:|1776193703\n|switch|p1b: RIP Amoonguss|Sinistcha-Masterpiece, L50, shiny|100/100\n|turn|3\n|\n|t:|1776193715\n|switch|p2b: Politoed|Politoed, L50, F|100/100\n|-weather|RainDance|[from] ability: Drizzle|[of] p2b: Politoed\n|move|p1a: Hate Floette|Bug Bite|p2b: Politoed\n|-damage|p2b: Politoed|40/100\n|move|p1b: RIP Amoonguss|Strength Sap|p2a: Aggron\n|-unboost|p2a: Aggron|atk|1\n|move|p2a: Aggron|Iron Defense|p2a: Aggron\n|-boost|p2a: Aggron|def|2\n|\n|-weather|RainDance|[upkeep]\n|-heal|p2b: Politoed|46/100|[from] item: Leftovers\n|upkeep\n|turn|4\n|inactive|SimMikaze has 30 seconds left.\n|\n|t:|1776193743\n|move|p2b: Politoed|Protect|p2b: Politoed\n|-singleturn|p2b: Politoed|Protect\n|move|p1a: Hate Floette|Bug Bite|p2b: Politoed\n|-activate|p2b: Politoed|move: Protect\n|move|p1b: RIP Amoonguss|Strength Sap|p2a: Aggron\n|-unboost|p2a: Aggron|atk|1\n|move|p2a: Aggron|Body Press|p1a: Hate Floette\n|-damage|p1a: Hate Floette|20/100\n|\n|-weather|RainDance|[upkeep]\n|-heal|p2b: Politoed|52/100|[from] item: Leftovers\n|upkeep\n|turn|5\n|\n|t:|1776193761\n|switch|p2b: Sinistcha|Sinistcha, L50, shiny|100/100\n|move|p1b: RIP Amoonguss|Rage Powder|p1b: RIP Amoonguss\n|-singleturn|p1b: RIP Amoonguss|move: Rage Powder\n|move|p1a: Hate Floette|Bug Bite|p2b: Sinistcha\n|-damage|p2b: Sinistcha|40/100\n|-enditem|p2b: Sinistcha|Sitrus Berry|[from] stealeat|[move] Bug Bite|[of] p1a: Hate Floette\n|-heal|p1a: Hate Floette|45/100|[from] item: Sitrus Berry\n|move|p2a: Aggron|Body Press|p1b: RIP Amoonguss\n|-immune|p1b: RIP Amoonguss\n|\n|-weather|RainDance|[upkeep]\n|-sideend|p2: SimMikaze|Reflect\n|upkeep\n|turn|6\n|inactive|SimMikaze has 30 seconds left.\n|inactive|SimMikaze has 20 seconds left.\n|inactive|SimMikaze has 15 seconds left.\n|\n|t:|1776193801\n|move|p1b: RIP Amoonguss|Rage Powder|p1b: RIP Amoonguss\n|-singleturn|p1b: RIP Amoonguss|move: Rage Powder\n|move|p1a: Hate Floette|Bug Bite|p2b: Sinistcha\n|-damage|p2b: Sinistcha|0 fnt\n|faint|p2b: Sinistcha\n|move|p2a: Aggron|Body Press|p1b: RIP Amoonguss\n|-immune|p1b: RIP Amoonguss\n|\n|-weather|RainDance|[upkeep]\n|upkeep\n|\n|t:|1776193806\n|switch|p2b: Politoed|Politoed, L50, F|52/100\n|turn|7\n|\n|t:|1776193828\n|move|p2b: Politoed|Protect|p2b: Politoed\n|-singleturn|p2b: Politoed|Protect\n|move|p1b: RIP Amoonguss|Rage Powder|p1b: RIP Amoonguss\n|-singleturn|p1b: RIP Amoonguss|move: Rage Powder\n|move|p1a: Hate Floette|Bug Bite|p2b: Politoed\n|-activate|p2b: Politoed|move: Protect\n|move|p2a: Aggron|Heavy Slam|p1b: RIP Amoonguss\n|-damage|p1b: RIP Amoonguss|82/100\n|\n|-weather|none\n|-heal|p2b: Politoed|58/100|[from] item: Leftovers\n|upkeep\n|turn|8\n|\n|t:|1776193848\n|move|p1b: RIP Amoonguss|Rage Powder|p1b: RIP Amoonguss\n|-singleturn|p1b: RIP Amoonguss|move: Rage Powder\n|move|p1a: Hate Floette|Bug Bite|p2b: Politoed\n|-crit|p2b: Politoed\n|-damage|p2b: Politoed|0 fnt\n|faint|p2b: Politoed\n|move|p2a: Aggron|Heavy Slam|p1b: RIP Amoonguss\n|-damage|p1b: RIP Amoonguss|63/100\n|\n|upkeep\n|turn|9\n|c|\u2606SimMikaze|Nooo\n|c|\u2606SimMikaze|That crit\n|\n|t:|1776193869\n|move|p1a: Hate Floette|Bug Bite|p2a: Aggron\n|-resisted|p2a: Aggron|1\n|-damage|p2a: Aggron|91/100\n|move|p1b: RIP Amoonguss|Strength Sap|p2a: Aggron\n|-unboost|p2a: Aggron|atk|1\n|-heal|p1b: RIP Amoonguss|99/100\n|move|p2a: Aggron|Iron Defense|p2a: Aggron\n|-boost|p2a: Aggron|def|2\n|\n|upkeep\n|turn|10\n|\n|t:|1776193885\n|move|p1b: RIP Amoonguss|Rage Powder|p1b: RIP Amoonguss\n|-singleturn|p1b: RIP Amoonguss|move: Rage Powder\n|move|p1a: Hate Floette|Swords Dance|p1a: Hate Floette\n|-boost|p1a: Hate Floette|atk|2\n|move|p2a: Aggron|Heavy Slam|p1b: RIP Amoonguss\n|-damage|p1b: RIP Amoonguss|83/100\n|\n|upkeep\n|turn|11\n|\n|t:|1776193896\n|move|p1b: RIP Amoonguss|Rage Powder|p1b: RIP Amoonguss\n|-singleturn|p1b: RIP Amoonguss|move: Rage Powder\n|move|p1a: Hate Floette|Swords Dance|p1a: Hate Floette\n|-boost|p1a: Hate Floette|atk|2\n|move|p2a: Aggron|Heavy Slam|p1b: RIP Amoonguss\n|-damage|p1b: RIP Amoonguss|68/100\n|\n|upkeep\n|turn|12\n|\n|t:|1776193901\n|move|p2a: Aggron|Protect|p2a: Aggron\n|-singleturn|p2a: Aggron|Protect\n|move|p1a: Hate Floette|Bug Bite|p2a: Aggron\n|-activate|p2a: Aggron|move: Protect\n|move|p1b: RIP Amoonguss|Strength Sap|p2a: Aggron\n|-activate|p2a: Aggron|move: Protect\n|\n|upkeep\n|turn|13\n|\n|t:|1776193908\n|move|p1a: Hate Floette|Bug Bite|p2a: Aggron\n|-resisted|p2a: Aggron|1\n|-damage|p2a: Aggron|77/100\n|move|p1b: RIP Amoonguss|Strength Sap|p2a: Aggron\n|-unboost|p2a: Aggron|atk|1\n|-heal|p1b: RIP Amoonguss|98/100\n|move|p2a: Aggron|Body Press|p1a: Hate Floette\n|-damage|p1a: Hate Floette|0 fnt\n|faint|p1a: Hate Floette\n|\n|upkeep\n|\n|t:|1776193914\n|switch|p1a: THEY GAVE UP ON ME|Palafin-Hero, L50, M|100/100\n|-activate|p1a: THEY GAVE UP ON ME|ability: Zero to Hero\n|turn|14\n|\n|t:|1776193926\n|move|p2a: Aggron|Protect|p2a: Aggron\n|-singleturn|p2a: Aggron|Protect\n|move|p1b: RIP Amoonguss|Rage Powder|p1b: RIP Amoonguss\n|-singleturn|p1b: RIP Amoonguss|move: Rage Powder\n|move|p1a: THEY GAVE UP ON ME|Wave Crash|p2a: Aggron\n|-activate|p2a: Aggron|move: Protect\n|\n|upkeep\n|turn|15\n|\n|t:|1776193934\n|move|p1b: RIP Amoonguss|Rage Powder|p1b: RIP Amoonguss\n|-singleturn|p1b: RIP Amoonguss|move: Rage Powder\n|move|p1a: THEY GAVE UP ON ME|Wave Crash|p2a: Aggron\n|-damage|p2a: Aggron|65/100\n|-damage|p1a: THEY GAVE UP ON ME|97/100|[from] Recoil\n|move|p2a: Aggron|Heavy Slam|p1b: RIP Amoonguss\n|-damage|p1b: RIP Amoonguss|84/100\n|\n|upkeep\n|turn|16\n|\n|t:|1776193950\n|move|p2a: Aggron|Protect|p2a: Aggron\n|-singleturn|p2a: Aggron|Protect\n|move|p1b: RIP Amoonguss|Rage Powder|p1b: RIP Amoonguss\n|-singleturn|p1b: RIP Amoonguss|move: Rage Powder\n|move|p1a: THEY GAVE UP ON ME|Wave Crash|p2a: Aggron\n|-activate|p2a: Aggron|move: Protect\n|\n|upkeep\n|turn|17\n|\n|t:|1776193961\n|move|p1b: RIP Amoonguss|Rage Powder|p1b: RIP Amoonguss\n|-singleturn|p1b: RIP Amoonguss|move: Rage Powder\n|move|p1a: THEY GAVE UP ON ME|Jet Punch|p2a: Aggron\n|-damage|p2a: Aggron|60/100\n|move|p2a: Aggron|Heavy Slam|p1b: RIP Amoonguss\n|-damage|p1b: RIP Amoonguss|71/100\n|\n|upkeep\n|turn|18\n|\n|t:|1776193971\n|move|p2a: Aggron|Protect|p2a: Aggron\n|-singleturn|p2a: Aggron|Protect\n|move|p1a: THEY GAVE UP ON ME|Jet Punch|p2a: Aggron\n|-activate|p2a: Aggron|move: Protect\n|move|p1b: RIP Amoonguss|Matcha Gotcha|p2a: Aggron\n|-activate|p2a: Aggron|move: Protect\n|\n|upkeep\n|turn|19\n|\n|t:|1776193983\n|move|p1b: RIP Amoonguss|Rage Powder|p1b: RIP Amoonguss\n|-singleturn|p1b: RIP Amoonguss|move: Rage Powder\n|move|p1a: THEY GAVE UP ON ME|Wave Crash|p2a: Aggron\n|-damage|p2a: Aggron|48/100\n|-damage|p1a: THEY GAVE UP ON ME|93/100|[from] Recoil\n|move|p2a: Aggron|Body Press|p1b: RIP Amoonguss\n|-immune|p1b: RIP Amoonguss\n|\n|upkeep\n|turn|20\n|\n|t:|1776193995\n|move|p1a: THEY GAVE UP ON ME|Jet Punch|p2a: Aggron\n|-damage|p2a: Aggron|42/100\n|move|p1b: RIP Amoonguss|Matcha Gotcha|p2a: Aggron|[miss]\n|-miss|p1b: RIP Amoonguss|p2a: Aggron\n|move|p2a: Aggron|Heavy Slam|p1b: RIP Amoonguss\n|-damage|p1b: RIP Amoonguss|57/100\n|\n|upkeep\n|turn|21\n|\n|t:|1776194003\n|move|p2a: Aggron|Protect|p2a: Aggron\n|-singleturn|p2a: Aggron|Protect\n|move|p1a: THEY GAVE UP ON ME|Wave Crash|p2a: Aggron\n|-activate|p2a: Aggron|move: Protect\n|move|p1b: RIP Amoonguss|Strength Sap|p2a: Aggron\n|-activate|p2a: Aggron|move: Protect\n|\n|upkeep\n|turn|22\n|\n|t:|1776194011\n|move|p1b: RIP Amoonguss|Rage Powder|p1b: RIP Amoonguss\n|-singleturn|p1b: RIP Amoonguss|move: Rage Powder\n|move|p1a: THEY GAVE UP ON ME|Wave Crash|p2a: Aggron\n|-damage|p2a: Aggron|30/100\n|-damage|p1a: THEY GAVE UP ON ME|89/100|[from] Recoil\n|move|p2a: Aggron|Body Press|p1b: RIP Amoonguss\n|-immune|p1b: RIP Amoonguss\n|\n|upkeep\n|turn|23\n|\n|t:|1776194022\n|move|p1a: THEY GAVE UP ON ME|Wave Crash|p2a: Aggron\n|-damage|p2a: Aggron|19/100\n|-damage|p1a: THEY GAVE UP ON ME|85/100|[from] Recoil\n|move|p1b: RIP Amoonguss|Strength Sap|p2a: Aggron\n|-unboost|p2a: Aggron|atk|1\n|-heal|p1b: RIP Amoonguss|83/100\n|move|p2a: Aggron|Body Press|p1a: THEY GAVE UP ON ME\n|-damage|p1a: THEY GAVE UP ON ME|0 fnt\n|faint|p1a: THEY GAVE UP ON ME\n|\n|upkeep\n|turn|24\n|\n|t:|1776194042\n|move|p2a: Aggron|Protect|p2a: Aggron\n|-singleturn|p2a: Aggron|Protect\n|move|p1b: RIP Amoonguss|Strength Sap|p2a: Aggron\n|-activate|p2a: Aggron|move: Protect\n|\n|upkeep\n|turn|25\n|\n|t:|1776194047\n|move|p1b: RIP Amoonguss|Strength Sap||[still]\n|-fail|p1b: RIP Amoonguss\n|move|p2a: Aggron|Heavy Slam|p1b: RIP Amoonguss\n|-damage|p1b: RIP Amoonguss|70/100\n|\n|upkeep\n|turn|26\n|\n|t:|1776194053\n|move|p1b: RIP Amoonguss|Matcha Gotcha|p2a: Aggron\n|-resisted|p2a: Aggron|1\n|-damage|p2a: Aggron|4/100\n|-heal|p1b: RIP Amoonguss|77/100|[from] drain|[of] p2a: Aggron\n|move|p2a: Aggron|Heavy Slam|p1b: RIP Amoonguss\n|-damage|p1b: RIP Amoonguss|66/100\n|\n|upkeep\n|turn|27\n|\n|t:|1776194063\n|move|p2a: Aggron|Protect|p2a: Aggron\n|-singleturn|p2a: Aggron|Protect\n|move|p1b: RIP Amoonguss|Matcha Gotcha|p2a: Aggron\n|-activate|p2a: Aggron|move: Protect\n|\n|upkeep\n|turn|28\n|\n|t:|1776194069\n|move|p1b: RIP Amoonguss|Matcha Gotcha|p2a: Aggron\n|-resisted|p2a: Aggron|1\n|-damage|p2a: Aggron|0 fnt\n|-heal|p1b: RIP Amoonguss|67/100|[from] drain|[of] p2a: Aggron\n|faint|p2a: Aggron\n|\n|win|Lol i am noob\n|raw|Lol i am noob's rating: 1345 &rarr; <strong>1368</strong><br />(+23 for winning)\n|raw|SimMikaze's rating: 1394 &rarr; <strong>1371</strong><br />(-23 for losing)\n|l|\u2606Lol i am noob\n|player|p1|\n|c|\u2606SimMikaze|That crit was everything\n",
  "uploadtime": 1776194081,
  "views": 25,
  "formatid": "gen9championsvgc2026regma",
  "rating": 1368,
  "private": 0,
  "password": null
}