{
  "id": "gen9championsvgc2026regma-2584771522",
  "format": "[Gen 9 Champions] VGC 2026 Reg M-A",
  "players": [
    "dededelete this03",
    "valentiniga"
  ],
  "log": "|j|\u2606dededelete this03\n|j|\u2606valentiniga\n|t:|1776282526\n|gametype|doubles\n|player|p1|dededelete this03|clown|1128\n|player|p2|valentiniga|266|1117\n|gen|9\n|tier|[Gen 9 Champions] VGC 2026 Reg M-A\n|rated|\n|rule|Species Clause: Limit one of each Pok\u00e9mon\n|rule|Item Clause: Limit 1 of each item\n|clearpoke\n|poke|p1|Mimikyu, L50, M|\n|poke|p1|Crabominable, L50, M|\n|poke|p1|Ninetales-Alola, L50, F|\n|poke|p1|Sinistcha, L50|\n|poke|p1|Incineroar, L50, M|\n|poke|p1|Gengar, L50, M|\n|poke|p2|Archaludon, L50, M|\n|poke|p2|Pelipper, L50, F|\n|poke|p2|Basculegion, L50, M|\n|poke|p2|Dragonite, L50, M|\n|poke|p2|Sinistcha-Masterpiece, L50|\n|poke|p2|Sneasler, L50, M|\n|teampreview|4\n|\n|t:|1776282559\n|teamsize|p1|4\n|teamsize|p2|4\n|start\n|switch|p1a: RichesToRags|Mimikyu, L50, M|100/100\n|switch|p1b: Hala|Crabominable, L50, M|100/100\n|switch|p2a: Pelipper|Pelipper, L50, F|100/100\n|switch|p2b: Basculegion|Basculegion, L50, M|100/100\n|-weather|RainDance|[from] ability: Drizzle|[of] p2a: Pelipper\n|turn|1\n|\n|t:|1776282583\n|move|p1b: Hala|Protect|p1b: Hala\n|-singleturn|p1b: Hala|Protect\n|move|p2b: Basculegion|Flip Turn|p1a: RichesToRags\n|-activate|p1a: RichesToRags|ability: Disguise\n|-damage|p1a: RichesToRags|100/100\n|detailschange|p1a: RichesToRags|Mimikyu-Busted, L50, M\n|-damage|p1a: RichesToRags|88/100|[from] pokemon: Mimikyu-Busted\n|\n|t:|1776282594\n|switch|p2b: Sneasler|Sneasler, L50, M|100/100|[from] Flip Turn\n|move|p2a: Pelipper|Hurricane|p1b: Hala\n|-activate|p1b: Hala|move: Protect\n|move|p1a: RichesToRags|Trick Room|p1a: RichesToRags\n|-fieldstart|move: Trick Room|[of] p1a: RichesToRags\n|\n|-weather|RainDance|[upkeep]\n|upkeep\n|turn|2\n|\n|t:|1776282628\n|switch|p1a: Veyle|Ninetales-Alola, L50, F|100/100\n|-weather|Snowscape|[from] ability: Snow Warning|[of] p1a: Veyle\n|detailschange|p1b: Hala|Crabominable-Mega, L50, M\n|-mega|p1b: Hala|Crabominable|Crabominite\n|move|p2b: Sneasler|Fake Out|p1b: Hala\n|-damage|p1b: Hala|94/100\n|cant|p1b: Hala|flinch\n|move|p2a: Pelipper|Hurricane|p1b: Hala\n|-supereffective|p1b: Hala|1\n|-damage|p1b: Hala|32/100\n|\n|-weather|Snowscape|[upkeep]\n|upkeep\n|turn|3\n|\n|t:|1776282655\n|switch|p2a: Basculegion|Basculegion, L50, M|100/100\n|move|p1b: Hala|Protect|p1b: Hala\n|-singleturn|p1b: Hala|Protect\n|move|p1a: Veyle|Aurora Veil|p1a: Veyle\n|-sidestart|p1: dededelete this03|move: Aurora Veil\n|move|p2b: Sneasler|Dire Claw|p1a: Veyle\n|-supereffective|p1a: Veyle|1\n|-enditem|p1a: Veyle|Kebia Berry|[eat]\n|-enditem|p1a: Veyle|Kebia Berry|[weaken]\n|-damage|p1a: Veyle|78/100\n|\n|-weather|Snowscape|[upkeep]\n|upkeep\n|turn|4\n|\n|t:|1776282679\n|move|p1b: Hala|Ice Hammer|p2a: Basculegion\n|-resisted|p2a: Basculegion|1\n|-damage|p2a: Basculegion|52/100\n|-unboost|p1b: Hala|spe|1\n|move|p1a: Veyle|Blizzard|p2a: Basculegion|[spread] p2a,p2b\n|-resisted|p2a: Basculegion|1\n|-damage|p2a: Basculegion|38/100\n|-damage|p2b: Sneasler|68/100\n|move|p2b: Sneasler|Dire Claw|p1a: Veyle\n|-supereffective|p1a: Veyle|1\n|-damage|p1a: Veyle|28/100\n|-status|p1a: Veyle|slp\n|move|p2a: Basculegion|Liquidation|p1b: Hala\n|-damage|p1b: Hala|16/100\n|\n|-weather|Snowscape|[upkeep]\n|upkeep\n|turn|5\n|\n|t:|1776282721\n|switch|p1a: FoxeyTCG|Incineroar, L50, M, shiny|100/100\n|-ability|p1a: FoxeyTCG|Intimidate|boost\n|-unboost|p2a: Basculegion|atk|1\n|-unboost|p2b: Sneasler|atk|1\n|move|p1b: Hala|Protect|p1b: Hala\n|-singleturn|p1b: Hala|Protect\n|move|p2b: Sneasler|Dire Claw|p1a: FoxeyTCG\n|-damage|p1a: FoxeyTCG|83/100\n|move|p2a: Basculegion|Liquidation|p1b: Hala\n|-activate|p1b: Hala|move: Protect\n|\n|-weather|Snowscape|[upkeep]\n|-fieldend|move: Trick Room\n|upkeep\n|turn|6\n|\n|t:|1776282744\n|switch|p1b: RichesToRags|Mimikyu-Busted, L50, M|88/100\n|move|p2b: Sneasler|Protect|p2b: Sneasler\n|-singleturn|p2b: Sneasler|Protect\n|move|p1a: FoxeyTCG|Fake Out|p2b: Sneasler\n|-activate|p2b: Sneasler|move: Protect\n|move|p2a: Basculegion|Liquidation|p1a: FoxeyTCG\n|-supereffective|p1a: FoxeyTCG|1\n|-damage|p1a: FoxeyTCG|43/100\n|-unboost|p1a: FoxeyTCG|def|1\n|-enditem|p1a: FoxeyTCG|Sitrus Berry|[eat]\n|-heal|p1a: FoxeyTCG|68/100|[from] item: Sitrus Berry\n|\n|-weather|none\n|upkeep\n|turn|7\n|\n|t:|1776282785\n|switch|p2a: Archaludon|Archaludon, L50, M|100/100\n|move|p2b: Sneasler|Dire Claw|p1b: RichesToRags\n|-damage|p1b: RichesToRags|66/100\n|-status|p1b: RichesToRags|par\n|move|p1a: FoxeyTCG|Darkest Lariat|p2a: Archaludon\n|-damage|p2a: Archaludon|67/100\n|-ability|p2a: Archaludon|Stamina|boost\n|-boost|p2a: Archaludon|def|1\n|cant|p1b: RichesToRags|par\n|\n|-heal|p2a: Archaludon|73/100|[from] item: Leftovers\n|-sideend|p1: dededelete this03|move: Aurora Veil\n|upkeep\n|turn|8\n|\n|t:|1776282807\n|move|p2b: Sneasler|Close Combat|p1a: FoxeyTCG\n|-supereffective|p1a: FoxeyTCG|1\n|-damage|p1a: FoxeyTCG|0 fnt\n|-unboost|p2b: Sneasler|def|1\n|-unboost|p2b: Sneasler|spd|1\n|faint|p1a: FoxeyTCG\n|move|p2a: Archaludon|Flash Cannon|p1b: RichesToRags\n|-supereffective|p1b: RichesToRags|1\n|-damage|p1b: RichesToRags|0 fnt\n|faint|p1b: RichesToRags\n|\n|-heal|p2a: Archaludon|79/100|[from] item: Leftovers\n|upkeep\n|-message|dededelete this03 forfeited.\n|\n|win|valentiniga\n|raw|dededelete this03's rating: 1128 &rarr; <strong>1102</strong><br />(-26 for losing)\n|raw|valentiniga's rating: 1117 &rarr; <strong>1143</strong><br />(+26 for winning)\n",
  "uploadtime": 1776282863,
  "views": 25,
  "formatid": "gen9championsvgc2026regma",
  "rating": 1102,
  "private": 0,
  "password": null
}