{
  "id": "gen9championsvgc2026regma-2583922405",
  "format": "[Gen 9 Champions] VGC 2026 Reg M-A",
  "players": [
    "Corvin Fulgur",
    "NoxxinVGC"
  ],
  "log": "|j|\u2606Corvin Fulgur\n|j|\u2606NoxxinVGC\n|t:|1776208583\n|gametype|doubles\n|player|p1|Corvin Fulgur|veteranf|1158\n|player|p2|NoxxinVGC|giovanni|1148\n|gen|9\n|tier|[Gen 9 Champions] VGC 2026 Reg M-A\n|rated|\n|rule|Species Clause: Limit one of each Pok\u00e9mon\n|rule|Item Clause: Limit 1 of each item\n|clearpoke\n|poke|p1|Starmie, L50|\n|poke|p1|Tsareena, L50, F|\n|poke|p1|Mamoswine, L50, F|\n|poke|p1|Aegislash, L50, F|\n|poke|p1|Aerodactyl, L50, F|\n|poke|p1|Rotom-Wash, L50|\n|poke|p2|Delphox, L50, F|\n|poke|p2|Basculegion, L50, M|\n|poke|p2|Clefable, L50, M|\n|poke|p2|Kingambit, L50, M|\n|poke|p2|Dragonite, L50, M|\n|poke|p2|Sneasler, L50, M|\n|teampreview|4\n|inactive|Battle timer is ON: inactive players will automatically lose when time's up. (requested by NoxxinVGC)\n|j| Proface1309\n|inactive|NoxxinVGC has 60 seconds left.\n|\n|t:|1776208616\n|teamsize|p1|4\n|teamsize|p2|4\n|start\n|switch|p1a: Tsareena|Tsareena, L50, F|100/100\n|switch|p1b: Starmie|Starmie, L50|100/100\n|switch|p2a: Delphox|Delphox, L50, F, shiny|100/100\n|switch|p2b: Basculegion|Basculegion, L50, M|100/100\n|turn|1\n|inactive|Corvin Fulgur has 30 seconds left.\n|inactive|NoxxinVGC has 30 seconds left.\n|\n|t:|1776208648\n|switch|p1a: Rotom|Rotom-Wash, L50|100/100\n|detailschange|p1b: Starmie|Starmie-Mega, L50\n|-mega|p1b: Starmie|Starmie|Starminite\n|move|p2a: Delphox|Protect|p2a: Delphox\n|-singleturn|p2a: Delphox|Protect\n|move|p2b: Basculegion|Last Respects|p1b: Starmie\n|-supereffective|p1b: Starmie|1\n|-damage|p1b: Starmie|36/100\n|move|p1b: Starmie|Liquidation|p2a: Delphox\n|-activate|p2a: Delphox|move: Protect\n|\n|upkeep\n|turn|2\n|inactive|NoxxinVGC has 30 seconds left.\n|l| Proface1309\n|inactive|NoxxinVGC has 20 seconds left.\n|\n|t:|1776208687\n|switch|p2b: Kingambit|Kingambit, L50, M|100/100\n|switch|p2a: Sneasler|Sneasler, L50, M|100/100\n|move|p1b: Starmie|Protect|p1b: Starmie\n|-singleturn|p1b: Starmie|Protect\n|move|p1a: Rotom|Volt Switch|p2b: Kingambit\n|-damage|p2b: Kingambit|69/100\n|\n|t:|1776208696\n|switch|p1a: Tsareena|Tsareena, L50, F|100/100|[from] Volt Switch\n|\n|upkeep\n|turn|3\n|\n|t:|1776208707\n|move|p2b: Kingambit|Sucker Punch||[still]\n|cant|p1a: Tsareena|ability: Queenly Majesty|Sucker Punch|[of] p2b: Kingambit\n|move|p2a: Sneasler|Dire Claw|p1a: Tsareena\n|-supereffective|p1a: Tsareena|1\n|-damage|p1a: Tsareena|0 fnt\n|faint|p1a: Tsareena\n|move|p1b: Starmie|Skill Swap|p1: Tsareena|[notarget]\n|-fail|p1b: Starmie\n|\n|upkeep\n|\n|t:|1776208717\n|switch|p1a: Rotom|Rotom-Wash, L50|100/100\n|turn|4\n|\n|t:|1776208740\n|switch|p1b: Aerodactyl|Aerodactyl, L50, F|100/100\n|-ability|p1b: Aerodactyl|Unnerve\n|move|p2a: Sneasler|Dire Claw|p1b: Aerodactyl\n|-resisted|p1b: Aerodactyl|1\n|-damage|p1b: Aerodactyl|70/100\n|move|p1a: Rotom|Thunderbolt|p2b: Kingambit\n|-damage|p2b: Kingambit|29/100\n|move|p2b: Kingambit|Swords Dance|p2b: Kingambit\n|-boost|p2b: Kingambit|atk|2\n|\n|upkeep\n|turn|5\n|\n|t:|1776208764\n|move|p2b: Kingambit|Sucker Punch|p1a: Rotom\n|-damage|p1a: Rotom|0 fnt\n|faint|p1a: Rotom\n|move|p1b: Aerodactyl|Dual Wingbeat|p2a: Sneasler\n|-supereffective|p2a: Sneasler|1\n|-damage|p2a: Sneasler|37/100\n|-supereffective|p2a: Sneasler|1\n|-damage|p2a: Sneasler|0 fnt\n|faint|p2a: Sneasler\n|-hitcount|p2: Sneasler|2\n|\n|upkeep\n|\n|t:|1776208775\n|switch|p2a: Basculegion|Basculegion, L50, M|100/100\n|switch|p1a: Starmie|Starmie-Mega, L50|36/100\n|turn|6\n|\n|t:|1776208784\n|move|p2b: Kingambit|Sucker Punch||[still]\n|-fail|p2b: Kingambit\n|move|p1b: Aerodactyl|Rock Slide|p2b: Kingambit|[spread] p2b\n|-miss|p1b: Aerodactyl|p2a: Basculegion\n|-resisted|p2b: Kingambit|1\n|-damage|p2b: Kingambit|21/100\n|move|p2a: Basculegion|Wave Crash|p1b: Aerodactyl\n|-supereffective|p1b: Aerodactyl|1\n|-damage|p1b: Aerodactyl|0 fnt\n|faint|p1b: Aerodactyl\n|-damage|p2a: Basculegion|82/100|[from] Recoil\n|move|p1a: Starmie|Skill Swap|p1: Aerodactyl|[notarget]\n|-fail|p1a: Starmie\n|\n|upkeep\n|turn|7\n|-message|Corvin Fulgur forfeited.\n|\n|win|NoxxinVGC\n|raw|Corvin Fulgur's rating: 1158 &rarr; <strong>1132</strong><br />(-26 for losing)\n|raw|NoxxinVGC's rating: 1148 &rarr; <strong>1174</strong><br />(+26 for winning)\n",
  "uploadtime": 1776208801,
  "views": 17,
  "formatid": "gen9championsvgc2026regma",
  "rating": 1132,
  "private": 0,
  "password": null
}