{
  "id": "gen9championsvgc2026regma-2587014874",
  "format": "[Gen 9 Champions] VGC 2026 Reg M-A",
  "players": [
    "Chidarou",
    "mrguy888"
  ],
  "log": "|j|\u2606Chidarou\n|j|\u2606mrguy888\n|t:|1776481395\n|gametype|doubles\n|player|p1|Chidarou|266|1260\n|player|p2|mrguy888|noland-gen3|1306\n|gen|9\n|tier|[Gen 9 Champions] VGC 2026 Reg M-A\n|rated|\n|rule|Species Clause: Limit one of each Pok\u00e9mon\n|rule|Item Clause: Limit 1 of each item\n|clearpoke\n|poke|p1|Sneasler, L50, F|\n|poke|p1|Incineroar, L50, F|\n|poke|p1|Pelipper, L50, M|\n|poke|p1|Dragonite, L50, M|\n|poke|p1|Meganium, L50, M|\n|poke|p1|Whimsicott, L50, F|\n|poke|p2|Floette-Eternal, L50, F|\n|poke|p2|Aerodactyl, L50, M|\n|poke|p2|Tauros-Paldea-Aqua, L50, M|\n|poke|p2|Kangaskhan, L50, F|\n|poke|p2|Rotom-Heat, L50|\n|poke|p2|Aegislash, L50, M|\n|teampreview|4\n|inactive|Battle timer is ON: inactive players will automatically lose when time's up. (requested by mrguy888)\n|inactive|mrguy888 has 60 seconds left.\n|\n|t:|1776481435\n|teamsize|p1|4\n|teamsize|p2|4\n|start\n|switch|p1a: Incineroar|Incineroar, L50, F|100/100\n|switch|p1b: Sneasler|Sneasler, L50, F|100/100\n|switch|p2a: Rotom|Rotom-Heat, L50|100/100\n|switch|p2b: Aegislash|Aegislash, L50, M|100/100\n|-ability|p1a: Incineroar|Intimidate|boost\n|-unboost|p2a: Rotom|atk|1\n|-unboost|p2b: Aegislash|atk|1\n|turn|1\n|\n|t:|1776481453\n|switch|p2b: Aerodactyl|Aerodactyl, L50, M|100/100\n|-ability|p2b: Aerodactyl|Unnerve\n|move|p1b: Sneasler|Fake Out|p2a: Rotom\n|-damage|p2a: Rotom|82/100\n|cant|p2a: Rotom|flinch\n|move|p1a: Incineroar|Parting Shot|p2b: Aerodactyl\n|-unboost|p2b: Aerodactyl|atk|1\n|-unboost|p2b: Aerodactyl|spa|1\n|\n|t:|1776481467\n|switch|p1a: Pelipper|Pelipper, L50, M|100/100|[from] Parting Shot\n|-weather|RainDance|[from] ability: Drizzle|[of] p1a: Pelipper\n|\n|-weather|RainDance|[upkeep]\n|upkeep\n|turn|2\n|\n|t:|1776481487\n|switch|p1a: Incineroar|Incineroar, L50, F|100/100\n|-ability|p1a: Incineroar|Intimidate|boost\n|-unboost|p2a: Rotom|atk|1\n|-unboost|p2b: Aerodactyl|atk|1\n|move|p2a: Rotom|Volt Switch|p1a: Incineroar\n|-damage|p1a: Incineroar|78/100\n|\n|t:|1776481494\n|switch|p2a: Aegislash|Aegislash, L50, M|100/100|[from] Volt Switch\n|move|p2b: Aerodactyl|Rock Slide|p1a: Incineroar|[spread] p1b\n|-miss|p2b: Aerodactyl|p1a: Incineroar\n|-resisted|p1b: Sneasler|1\n|-damage|p1b: Sneasler|91/100\n|move|p1b: Sneasler|Rock Slide|p2b: Aerodactyl|[spread] p2a,p2b\n|-resisted|p2a: Aegislash|1\n|-supereffective|p2b: Aerodactyl|1\n|-damage|p2a: Aegislash|92/100\n|-damage|p2b: Aerodactyl|28/100\n|\n|-weather|RainDance|[upkeep]\n|-heal|p1a: Incineroar|84/100|[from] item: Leftovers\n|upkeep\n|turn|3\n|\n|t:|1776481517\n|move|p2b: Aerodactyl|Protect|p2b: Aerodactyl\n|-singleturn|p2b: Aerodactyl|Protect\n|move|p1b: Sneasler|Rock Slide|p2b: Aerodactyl|[spread] p2a\n|-activate|p2b: Aerodactyl|move: Protect\n|-resisted|p2a: Aegislash|1\n|-damage|p2a: Aegislash|84/100\n|-formechange|p2a: Aegislash|Aegislash-Blade|\n|move|p2a: Aegislash|Iron Head|p1b: Sneasler\n|-damage|p1b: Sneasler|16/100\n|move|p1a: Incineroar|Darkest Lariat|p2a: Aegislash\n|-supereffective|p2a: Aegislash|1\n|-damage|p2a: Aegislash|0 fnt\n|faint|p2a: Aegislash\n|\n|-weather|RainDance|[upkeep]\n|-heal|p1a: Incineroar|90/100|[from] item: Leftovers\n|upkeep\n|\n|t:|1776481533\n|switch|p2a: Floette|Floette-Eternal, L50, F|100/100\n|turn|4\n|\n|t:|1776481553\n|switch|p1b: Pelipper|Pelipper, L50, M|100/100\n|detailschange|p2a: Floette|Floette-Mega, L50, F\n|-mega|p2a: Floette|Floette|Floettite\n|-ability|p2a: Floette|Fairy Aura\n|move|p2b: Aerodactyl|Tailwind|p2b: Aerodactyl\n|-sidestart|p2: mrguy888|move: Tailwind\n|move|p2a: Floette|Dazzling Gleam|p1a: Incineroar|[spread] p1a,p1b\n|-damage|p1a: Incineroar|43/100\n|-damage|p1b: Pelipper|29/100\n|move|p1a: Incineroar|Parting Shot|p2a: Floette\n|-unboost|p2a: Floette|atk|1\n|-unboost|p2a: Floette|spa|1\n|\n|t:|1776481566\n|switch|p1a: Dragonite|Dragonite, L50, M|100/100|[from] Parting Shot\n|\n|-weather|RainDance|[upkeep]\n|upkeep\n|turn|5\n|\n|t:|1776481572\n|detailschange|p1a: Dragonite|Dragonite-Mega, L50, M\n|-mega|p1a: Dragonite|Dragonite|Dragoninite\n|move|p1b: Pelipper|Wide Guard|p1b: Pelipper\n|-singleturn|p1b: Pelipper|Wide Guard\n|move|p2b: Aerodactyl|Rock Slide|p1b: Pelipper|[spread] \n|-activate|p1a: Dragonite|move: Wide Guard\n|-activate|p1b: Pelipper|move: Wide Guard\n|move|p2a: Floette|Moonblast|p1a: Dragonite\n|-supereffective|p1a: Dragonite|1\n|-damage|p1a: Dragonite|56/100\n|move|p1a: Dragonite|Hurricane|p2a: Floette\n|-damage|p2a: Floette|57/100\n|\n|-weather|none\n|upkeep\n|turn|6\n|\n|t:|1776481593\n|switch|p2b: Rotom|Rotom-Heat, L50|82/100\n|-enditem|p1b: Pelipper|Sitrus Berry|[eat]\n|-heal|p1b: Pelipper|53/100|[from] item: Sitrus Berry\n|move|p1a: Dragonite|Protect|p1a: Dragonite\n|-singleturn|p1a: Dragonite|Protect\n|move|p2a: Floette|Moonblast|p1a: Dragonite\n|-activate|p1a: Dragonite|move: Protect\n|move|p1b: Pelipper|Tailwind|p1b: Pelipper\n|-sidestart|p1: Chidarou|move: Tailwind\n|\n|upkeep\n|turn|7\n|\n|t:|1776481615\n|switch|p1a: Incineroar|Incineroar, L50, F|43/100\n|-ability|p1a: Incineroar|Intimidate|boost\n|-unboost|p2a: Floette|atk|1\n|-unboost|p2b: Rotom|atk|1\n|move|p2b: Rotom|Volt Switch|p1b: Pelipper\n|-supereffective|p1b: Pelipper|2\n|-crit|p1b: Pelipper\n|-damage|p1b: Pelipper|0 fnt\n|faint|p1b: Pelipper\n|\n|t:|1776481624\n|switch|p2b: Aerodactyl|Aerodactyl, L50, M|28/100|[from] Volt Switch\n|-ability|p2b: Aerodactyl|Unnerve\n|move|p2a: Floette|Moonblast|p1a: Incineroar\n|-damage|p1a: Incineroar|0 fnt\n|faint|p1a: Incineroar\n|\n|-sideend|p2: mrguy888|move: Tailwind\n|upkeep\n|\n|t:|1776481629\n|switch|p1b: Dragonite|Dragonite-Mega, L50, M|56/100\n|switch|p1a: Sneasler|Sneasler, L50, F|16/100\n|turn|8\n|\n|t:|1776481644\n|move|p2b: Aerodactyl|Protect|p2b: Aerodactyl\n|-singleturn|p2b: Aerodactyl|Protect\n|move|p2a: Floette|Protect|p2a: Floette\n|-singleturn|p2a: Floette|Protect\n|move|p1a: Sneasler|Dire Claw|p2a: Floette\n|-activate|p2a: Floette|move: Protect\n|move|p1b: Dragonite|Hurricane|p2b: Aerodactyl\n|-activate|p2b: Aerodactyl|move: Protect\n|\n|upkeep\n|turn|9\n|\n|t:|1776481660\n|switch|p2a: Rotom|Rotom-Heat, L50|82/100\n|move|p1a: Sneasler|Dire Claw|p2a: Rotom\n|-damage|p2a: Rotom|30/100\n|move|p1b: Dragonite|Hurricane|p2b: Aerodactyl|[miss]\n|-miss|p1b: Dragonite|p2b: Aerodactyl\n|move|p2b: Aerodactyl|Tailwind|p2b: Aerodactyl\n|-sidestart|p2: mrguy888|move: Tailwind\n|\n|-sideend|p1: Chidarou|move: Tailwind\n|upkeep\n|turn|10\n|-message|Chidarou forfeited.\n|\n|win|mrguy888\n|raw|Chidarou's rating: 1260 &rarr; <strong>1238</strong><br />(-22 for losing)\n|raw|mrguy888's rating: 1306 &rarr; <strong>1323</strong><br />(+17 for winning)\n",
  "uploadtime": 1776481676,
  "views": 24,
  "formatid": "gen9championsvgc2026regma",
  "rating": 1238,
  "private": 0,
  "password": null
}