{
  "id": "gen9championsvgc2026regma-2588444299",
  "format": "[Gen 9 Champions] VGC 2026 Reg M-A",
  "players": [
    "seattleseadrasfpl",
    "Forbranna"
  ],
  "log": "|j|\u2606seattleseadrasfpl\n|j|\u2606Forbranna\n|t:|1776634075\n|gametype|doubles\n|player|p1|seattleseadrasfpl|fisherman-gen4|1422\n|player|p2|Forbranna|102|1514\n|gen|9\n|tier|[Gen 9 Champions] VGC 2026 Reg M-A\n|rated|\n|rule|Species Clause: Limit one of each Pok\u00e9mon\n|rule|Item Clause: Limit 1 of each item\n|clearpoke\n|poke|p1|Incineroar, L50, M|\n|poke|p1|Floette-Eternal, L50, F|\n|poke|p1|Kommo-o, L50, M|\n|poke|p1|Aegislash, L50, F|\n|poke|p1|Rotom-Wash, L50|\n|poke|p1|Sneasler, L50, F|\n|poke|p2|Meganium, L50, F|\n|poke|p2|Tyranitar, L50, M, shiny|\n|poke|p2|Excadrill, L50, F, shiny|\n|poke|p2|Aegislash, L50, M|\n|poke|p2|Sinistcha, L50|\n|poke|p2|Talonflame, L50, M, shiny|\n|teampreview|4\n|inactive|Battle timer is ON: inactive players will automatically lose when time's up. (requested by Forbranna)\n|inactive|seattleseadrasfpl has 60 seconds left.\n|\n|t:|1776634120\n|teamsize|p1|4\n|teamsize|p2|4\n|start\n|switch|p1a: Kommo-o|Kommo-o, L50, M|100/100\n|switch|p1b: Sneasler|Sneasler, L50, F|100/100\n|switch|p2a: Malcom X|Talonflame, L50, M, shiny|100/100\n|switch|p2b: Sappho|Meganium, L50, F|100/100\n|turn|1\n|\n|t:|1776634139\n|switch|p1a: Incineroar|Incineroar, L50, M|100/100\n|-ability|p1a: Incineroar|Intimidate|boost\n|-unboost|p2a: Malcom X|atk|1\n|-unboost|p2b: Sappho|atk|1\n|move|p1b: Sneasler|Protect|p1b: Sneasler\n|-singleturn|p1b: Sneasler|Protect\n|move|p2b: Sappho|Protect|p2b: Sappho\n|-singleturn|p2b: Sappho|Protect\n|move|p2a: Malcom X|Tailwind|p2a: Malcom X\n|-sidestart|p2: Forbranna|move: Tailwind\n|\n|upkeep\n|turn|2\n|\n|t:|1776634156\n|switch|p2b: Robespierre|Excadrill, L50, F, shiny|100/100\n|move|p1a: Incineroar|Fake Out|p2a: Malcom X\n|-crit|p2a: Malcom X\n|-damage|p2a: Malcom X|75/100\n|cant|p2a: Malcom X|flinch\n|move|p1b: Sneasler|Dire Claw|p2b: Robespierre\n|-immune|p2b: Robespierre\n|\n|-heal|p2a: Malcom X|81/100|[from] item: Leftovers\n|upkeep\n|turn|3\n|inactive|seattleseadrasfpl has 30 seconds left.\n|\n|t:|1776634190\n|switch|p1a: Rotom|Rotom-Wash, L50|100/100\n|move|p1b: Sneasler|Protect|p1b: Sneasler\n|-singleturn|p1b: Sneasler|Protect\n|move|p2a: Malcom X|Dual Wingbeat|p1b: Sneasler\n|-activate|p1b: Sneasler|move: Protect\n|move|p2b: Robespierre|Earthquake|p1a: Rotom|[spread] \n|-activate|p1b: Sneasler|move: Protect\n|-immune|p2a: Malcom X\n|-immune|p1a: Rotom|[from] ability: Levitate\n|\n|-heal|p2a: Malcom X|87/100|[from] item: Leftovers\n|upkeep\n|turn|4\n|\n|t:|1776634214\n|switch|p2a: Ivan IV|Tyranitar, L50, M, shiny|100/100\n|-weather|Sandstorm|[from] ability: Sand Stream|[of] p2a: Ivan IV\n|switch|p1b: Incineroar|Incineroar, L50, M|100/100\n|-ability|p1b: Incineroar|Intimidate|boost\n|-unboost|p2a: Ivan IV|atk|1\n|-unboost|p2b: Robespierre|atk|1\n|-enditem|p2a: Ivan IV|White Herb\n|-clearnegativeboost|p2a: Ivan IV|[silent]\n|move|p2b: Robespierre|Earthquake|p1b: Incineroar|[spread] p2a,p1b\n|-immune|p1a: Rotom|[from] ability: Levitate\n|-supereffective|p2a: Ivan IV|1\n|-supereffective|p1b: Incineroar|1\n|-damage|p2a: Ivan IV|52/100\n|-damage|p1b: Incineroar|55/100\n|move|p1a: Rotom|Will-O-Wisp|p2b: Robespierre\n|-status|p2b: Robespierre|brn\n|\n|-weather|Sandstorm|[upkeep]\n|-damage|p1a: Rotom|95/100|[from] Sandstorm\n|-damage|p1b: Incineroar|49/100|[from] Sandstorm\n|-enditem|p1b: Incineroar|Sitrus Berry|[eat]\n|-heal|p1b: Incineroar|74/100|[from] item: Sitrus Berry\n|-damage|p2b: Robespierre|95/100 brn|[from] brn\n|-sideend|p2: Forbranna|move: Tailwind\n|upkeep\n|turn|5\n|inactive|seattleseadrasfpl has 30 seconds left.\n|inactive|Forbranna has 30 seconds left.\n|\n|t:|1776634245\n|switch|p2b: Sappho|Meganium, L50, F|100/100\n|move|p1b: Incineroar|Fake Out|p2b: Sappho\n|-damage|p2b: Sappho|91/100\n|move|p1a: Rotom|Will-O-Wisp|p2a: Ivan IV|[miss]\n|-miss|p1a: Rotom|p2a: Ivan IV\n|move|p2a: Ivan IV|Rock Slide|p1b: Incineroar|[spread] p1a,p1b\n|-supereffective|p1b: Incineroar|1\n|-damage|p1a: Rotom|52/100\n|-damage|p1b: Incineroar|23/100\n|\n|-weather|Sandstorm|[upkeep]\n|-damage|p1a: Rotom|46/100|[from] Sandstorm\n|-damage|p2b: Sappho|85/100|[from] Sandstorm\n|-damage|p1b: Incineroar|17/100|[from] Sandstorm\n|upkeep\n|turn|6\n|\n|t:|1776634266\n|detailschange|p2b: Sappho|Meganium-Mega, L50, F\n|-mega|p2b: Sappho|Meganium|Meganiumite\n|move|p2a: Ivan IV|Protect|p2a: Ivan IV\n|-singleturn|p2a: Ivan IV|Protect\n|move|p1a: Rotom|Will-O-Wisp|p2a: Ivan IV\n|-activate|p2a: Ivan IV|move: Protect\n|move|p2b: Sappho|Solar Beam||[still]\n|-prepare|p2b: Sappho|Solar Beam\n|-activate|p2b: Sappho|ability: Mega Sol\n|-anim|p2b: Sappho|Solar Beam|p1a: Rotom\n|-supereffective|p1a: Rotom|1\n|-damage|p1a: Rotom|0 fnt\n|faint|p1a: Rotom\n|move|p1b: Incineroar|Parting Shot|p2b: Sappho\n|-unboost|p2b: Sappho|atk|1\n|-unboost|p2b: Sappho|spa|1\n|\n|t:|1776634270\n|switch|p1b: Sneasler|Sneasler, L50, F|100/100|[from] Parting Shot\n|\n|-weather|Sandstorm|[upkeep]\n|-damage|p1b: Sneasler|95/100|[from] Sandstorm\n|-damage|p2b: Sappho|79/100|[from] Sandstorm\n|upkeep\n|inactive|seattleseadrasfpl has 30 seconds left.\n|\n|t:|1776634302\n|switch|p1a: Incineroar|Incineroar, L50, M|17/100\n|-ability|p1a: Incineroar|Intimidate|boost\n|-unboost|p2a: Ivan IV|atk|1\n|-unboost|p2b: Sappho|atk|1\n|turn|7\n|inactive|seattleseadrasfpl has 30 seconds left.\n|inactive|Forbranna has 30 seconds left.\n|\n|t:|1776634328\n|move|p2b: Sappho|Protect|p2b: Sappho\n|-singleturn|p2b: Sappho|Protect\n|move|p1a: Incineroar|Fake Out|p2b: Sappho\n|-activate|p2b: Sappho|move: Protect\n|move|p1b: Sneasler|Close Combat|p2a: Ivan IV\n|-supereffective|p2a: Ivan IV|2\n|-damage|p2a: Ivan IV|0 fnt\n|-unboost|p1b: Sneasler|def|1\n|-unboost|p1b: Sneasler|spd|1\n|faint|p2a: Ivan IV\n|-enditem|p1b: Sneasler|White Herb\n|-clearnegativeboost|p1b: Sneasler|[silent]\n|\n|-weather|Sandstorm|[upkeep]\n|-damage|p1b: Sneasler|89/100|[from] Sandstorm\n|-damage|p2b: Sappho|73/100|[from] Sandstorm\n|-damage|p1a: Incineroar|11/100|[from] Sandstorm\n|upkeep\n|\n|t:|1776634344\n|switch|p2a: Malcom X|Talonflame, L50, M, shiny|87/100\n|turn|8\n|inactive|seattleseadrasfpl has 30 seconds left.\n|\n|t:|1776634373\n|switch|p2b: Robespierre|Excadrill, L50, F, shiny|95/100 brn\n|move|p1b: Sneasler|Dire Claw|p2b: Robespierre\n|-immune|p2b: Robespierre\n|move|p2a: Malcom X|Tailwind|p2a: Malcom X\n|-sidestart|p2: Forbranna|move: Tailwind\n|move|p1a: Incineroar|Flare Blitz|p2b: Robespierre\n|-supereffective|p2b: Robespierre|1\n|-damage|p2b: Robespierre|0 fnt\n|faint|p2b: Robespierre\n|-damage|p1a: Incineroar|0 fnt|[from] Recoil\n|faint|p1a: Incineroar\n|\n|-weather|none\n|-heal|p2a: Malcom X|93/100|[from] item: Leftovers\n|upkeep\n|\n|t:|1776634390\n|switch|p2b: Sappho|Meganium-Mega, L50, F|73/100\n|switch|p1a: Kommo-o|Kommo-o, L50, M|100/100\n|turn|9\n|\n|t:|1776634397\n|move|p1b: Sneasler|Protect|p1b: Sneasler\n|-singleturn|p1b: Sneasler|Protect\n|move|p1a: Kommo-o|Protect|p1a: Kommo-o\n|-singleturn|p1a: Kommo-o|Protect\n|move|p2a: Malcom X|Dual Wingbeat|p1b: Sneasler\n|-activate|p1b: Sneasler|move: Protect\n|move|p2b: Sappho|Dazzling Gleam|p1a: Kommo-o|[spread] \n|-activate|p1a: Kommo-o|move: Protect\n|-activate|p1b: Sneasler|move: Protect\n|\n|-heal|p2a: Malcom X|99/100|[from] item: Leftovers\n|upkeep\n|turn|10\n|inactive|seattleseadrasfpl has 30 seconds left.\n|inactive|seattleseadrasfpl has 20 seconds left.\n|\n|t:|1776634432\n|move|p1b: Sneasler|Dire Claw|p2b: Sappho\n|-supereffective|p2b: Sappho|2\n|-crit|p2b: Sappho\n|-damage|p2b: Sappho|0 fnt\n|faint|p2b: Sappho\n|move|p2a: Malcom X|Dual Wingbeat|p1b: Sneasler\n|-supereffective|p1b: Sneasler|1\n|-damage|p1b: Sneasler|31/100\n|-supereffective|p1b: Sneasler|1\n|-damage|p1b: Sneasler|0 fnt\n|faint|p1b: Sneasler\n|-hitcount|p1: Sneasler|2\n|move|p1a: Kommo-o|Clanging Scales|p2a: Malcom X\n|-damage|p2a: Malcom X|27/100\n|-unboost|p1a: Kommo-o|def|1\n|\n|-heal|p2a: Malcom X|33/100|[from] item: Leftovers\n|upkeep\n|turn|11\n|\n|t:|1776634450\n|move|p1a: Kommo-o|Protect|p1a: Kommo-o\n|-singleturn|p1a: Kommo-o|Protect\n|move|p2a: Malcom X|Dual Wingbeat|p1a: Kommo-o\n|-activate|p1a: Kommo-o|move: Protect\n|\n|-heal|p2a: Malcom X|39/100|[from] item: Leftovers\n|-sideend|p2: Forbranna|move: Tailwind\n|upkeep\n|turn|12\n|\n|t:|1776634459\n|move|p2a: Malcom X|Dual Wingbeat|p1a: Kommo-o\n|-supereffective|p1a: Kommo-o|1\n|-damage|p1a: Kommo-o|49/100\n|-supereffective|p1a: Kommo-o|1\n|-damage|p1a: Kommo-o|0 fnt\n|faint|p1a: Kommo-o\n|-hitcount|p1: Kommo-o|2\n|\n|win|Forbranna\n|raw|seattleseadrasfpl's rating: 1422 &rarr; <strong>1407</strong><br />(-15 for losing)\n|raw|Forbranna's rating: 1514 &rarr; <strong>1529</strong><br />(+15 for winning)\n|l|\u2606seattleseadrasfpl\n|player|p1|\n|l|\u2606Forbranna\n|player|p2|\n|j|\u2606Forbranna\n|player|p2|Forbranna|102|\n|l|\u2606Forbranna\n|player|p2|\n",
  "uploadtime": 1776636058,
  "views": 11,
  "formatid": "gen9championsvgc2026regma",
  "rating": 1407,
  "private": 0,
  "password": null
}