{
  "id": "gen9championsvgc2026regma-2585768229",
  "format": "[Gen 9 Champions] VGC 2026 Reg M-A",
  "players": [
    "balloonatic",
    "yuriimon"
  ],
  "log": "|j|\u2606balloonatic\n|j|\u2606yuriimon\n|t:|1776369248\n|gametype|doubles\n|player|p1|balloonatic|169|1133\n|player|p2|yuriimon|waitress-gen4|1150\n|gen|9\n|tier|[Gen 9 Champions] VGC 2026 Reg M-A\n|rated|\n|rule|Species Clause: Limit one of each Pok\u00e9mon\n|rule|Item Clause: Limit 1 of each item\n|clearpoke\n|poke|p1|Gengar, L50, F|\n|poke|p1|Incineroar, L50, F|\n|poke|p1|Sinistcha, L50|\n|poke|p1|Tyranitar, L50, M|\n|poke|p1|Kingambit, L50, F|\n|poke|p1|Kommo-o, L50, M|\n|poke|p2|Glimmora, L50, F|\n|poke|p2|Incineroar, L50, M|\n|poke|p2|Politoed, L50, M|\n|poke|p2|Basculegion, L50, M|\n|poke|p2|Chesnaught, L50, F|\n|poke|p2|Dragapult, L50, F|\n|teampreview|4\n|inactive|Battle timer is ON: inactive players will automatically lose when time's up. (requested by yuriimon)\n|inactive|balloonatic has 60 seconds left.\n|inactive|yuriimon has 60 seconds left.\n|inactive|balloonatic has 30 seconds left.\n|\n|t:|1776369309\n|teamsize|p1|4\n|teamsize|p2|4\n|start\n|switch|p1a: Kingambit|Kingambit, L50, F|100/100\n|switch|p1b: Incineroar|Incineroar, L50, F|100/100\n|switch|p2a: Basculegion|Basculegion, L50, M|100/100\n|switch|p2b: Incineroar|Incineroar, L50, M|100/100\n|-ability|p1b: Incineroar|Intimidate|boost\n|-unboost|p2a: Basculegion|atk|1\n|-unboost|p2b: Incineroar|atk|1\n|-ability|p2b: Incineroar|Intimidate|boost\n|-unboost|p1a: Kingambit|atk|1\n|-ability|p1a: Kingambit|Defiant|boost\n|-boost|p1a: Kingambit|atk|2\n|-unboost|p1b: Incineroar|atk|1\n|turn|1\n|\n|t:|1776369330\n|switch|p2a: Chesnaught|Chesnaught, L50, F|100/100\n|move|p1b: Incineroar|Fake Out|p2b: Incineroar\n|-damage|p2b: Incineroar|95/100\n|move|p1a: Kingambit|Sucker Punch||[still]\n|-fail|p1a: Kingambit\n|cant|p2b: Incineroar|flinch\n|\n|upkeep\n|turn|2\n|inactive|balloonatic has 30 seconds left.\n|inactive|balloonatic has 20 seconds left.\n|inactive|balloonatic has 15 seconds left.\n|\n|t:|1776369372\n|switch|p1b: Gengar|Gengar, L50, F|100/100\n|detailschange|p2a: Chesnaught|Chesnaught-Mega, L50, F\n|-mega|p2a: Chesnaught|Chesnaught|Chesnaughtite\n|move|p1a: Kingambit|Protect|p1a: Kingambit\n|-singleturn|p1a: Kingambit|Protect\n|move|p2b: Incineroar|Parting Shot|p1b: Gengar\n|-unboost|p1b: Gengar|atk|1\n|-unboost|p1b: Gengar|spa|1\n|\n|t:|1776369386\n|switch|p2b: Politoed|Politoed, L50, M|100/100|[from] Parting Shot\n|-weather|RainDance|[from] ability: Drizzle|[of] p2b: Politoed\n|move|p2a: Chesnaught|Iron Defense|p2a: Chesnaught\n|-boost|p2a: Chesnaught|def|2\n|\n|-weather|RainDance|[upkeep]\n|upkeep\n|turn|3\n|inactive|balloonatic has 30 seconds left.\n|inactive|balloonatic has 20 seconds left.\n|\n|t:|1776369428\n|switch|p1a: Incineroar|Incineroar, L50, F|100/100\n|-ability|p1a: Incineroar|Intimidate|boost\n|-unboost|p2a: Chesnaught|atk|1\n|-unboost|p2b: Politoed|atk|1\n|detailschange|p1b: Gengar|Gengar-Mega, L50, F\n|-mega|p1b: Gengar|Gengar|Gengarite\n|move|p1b: Gengar|Perish Song|p1b: Gengar\n|-start|p1a: Incineroar|perish3|[silent]\n|-start|p1b: Gengar|perish3|[silent]\n|-start|p2a: Chesnaught|perish3|[silent]\n|-start|p2b: Politoed|perish3|[silent]\n|-fieldactivate|move: Perish Song\n|move|p2b: Politoed|Weather Ball|p1b: Gengar\n|-damage|p1b: Gengar|45/100\n|move|p2a: Chesnaught|Body Press|p1a: Incineroar\n|-supereffective|p1a: Incineroar|1\n|-damage|p1a: Incineroar|0 fnt\n|faint|p1a: Incineroar\n|\n|-weather|RainDance|[upkeep]\n|-start|p1b: Gengar|perish3\n|-start|p2b: Politoed|perish3\n|-start|p2a: Chesnaught|perish3\n|upkeep\n|\n|t:|1776369445\n|switch|p1a: Kingambit|Kingambit, L50, F|100/100\n|turn|4\n|\n|t:|1776369454\n|move|p1b: Gengar|Protect|p1b: Gengar\n|-singleturn|p1b: Gengar|Protect\n|move|p1a: Kingambit|Protect|p1a: Kingambit\n|-singleturn|p1a: Kingambit|Protect\n|move|p2b: Politoed|Weather Ball|p1b: Gengar\n|-activate|p1b: Gengar|move: Protect\n|move|p2a: Chesnaught|Body Press|p1a: Kingambit\n|-activate|p1a: Kingambit|move: Protect\n|\n|-weather|RainDance|[upkeep]\n|-start|p1b: Gengar|perish2\n|-start|p2b: Politoed|perish2\n|-start|p2a: Chesnaught|perish2\n|upkeep\n|turn|5\n|inactive|balloonatic has 30 seconds left.\n|\n|t:|1776369480\n|move|p1a: Kingambit|Sucker Punch|p2b: Politoed\n|-damage|p2b: Politoed|65/100\n|move|p1b: Gengar|Substitute|p1b: Gengar\n|-start|p1b: Gengar|Substitute\n|-damage|p1b: Gengar|20/100\n|move|p2b: Politoed|Weather Ball|p1b: Gengar\n|-end|p1b: Gengar|Substitute\n|move|p2a: Chesnaught|Body Press|p1a: Kingambit\n|-supereffective|p1a: Kingambit|2\n|-enditem|p1a: Kingambit|Chople Berry|[eat]\n|-enditem|p1a: Kingambit|Chople Berry|[weaken]\n|-damage|p1a: Kingambit|0 fnt\n|faint|p1a: Kingambit\n|\n|-weather|RainDance|[upkeep]\n|-start|p1b: Gengar|perish1\n|-start|p2b: Politoed|perish1\n|-start|p2a: Chesnaught|perish1\n|upkeep\n|\n|t:|1776369496\n|switch|p1a: Tyranitar|Tyranitar, L50, M|100/100\n|-weather|Sandstorm|[from] ability: Sand Stream|[of] p1a: Tyranitar\n|turn|6\n|\n|t:|1776369506\n|move|p1b: Gengar|Protect|p1b: Gengar\n|-singleturn|p1b: Gengar|Protect\n|move|p1a: Tyranitar|Ice Punch|p2a: Chesnaught\n|-supereffective|p2a: Chesnaught|1\n|-damage|p2a: Chesnaught|85/100\n|move|p2b: Politoed|Encore|p1a: Tyranitar\n|-start|p1a: Tyranitar|Encore\n|move|p2a: Chesnaught|Body Press|p1a: Tyranitar\n|-supereffective|p1a: Tyranitar|2\n|-damage|p1a: Tyranitar|0 fnt\n|faint|p1a: Tyranitar\n|\n|-weather|Sandstorm|[upkeep]\n|-damage|p1b: Gengar|14/100|[from] Sandstorm\n|-damage|p2b: Politoed|59/100|[from] Sandstorm\n|-damage|p2a: Chesnaught|78/100|[from] Sandstorm\n|-start|p1b: Gengar|perish0\n|-start|p2b: Politoed|perish0\n|-start|p2a: Chesnaught|perish0\n|faint|p1b: Gengar\n|faint|p2b: Politoed\n|faint|p2a: Chesnaught\n|\n|win|yuriimon\n|raw|balloonatic's rating: 1133 &rarr; <strong>1109</strong><br />(-24 for losing)\n|raw|yuriimon's rating: 1150 &rarr; <strong>1174</strong><br />(+24 for winning)\n|c|\u2606yuriimon|gg\n|l|\u2606balloonatic\n|player|p1|\n",
  "uploadtime": 1776369525,
  "views": 24,
  "formatid": "gen9championsvgc2026regma",
  "rating": 1109,
  "private": 0,
  "password": null
}