{
  "id": "gen9championsvgc2026regma-2586704451",
  "format": "[Gen 9 Champions] VGC 2026 Reg M-A",
  "players": [
    "Yaoshi",
    "PotbellyDemon"
  ],
  "log": "|j|\u2606Yaoshi\n|j|\u2606PotbellyDemon\n|t:|1776453507\n|gametype|doubles\n|player|p1|Yaoshi|steven-masters3|1143\n|player|p2|PotbellyDemon|1|1162\n|gen|9\n|tier|[Gen 9 Champions] VGC 2026 Reg M-A\n|rated|\n|rule|Species Clause: Limit one of each Pok\u00e9mon\n|rule|Item Clause: Limit 1 of each item\n|clearpoke\n|poke|p1|Ampharos, L50, M|\n|poke|p1|Reuniclus, L50, M|\n|poke|p1|Cofagrigus, L50, M|\n|poke|p1|Rampardos, L50, M|\n|poke|p1|Crabominable, L50, M|\n|poke|p1|Ninetales-Alola, L50, M|\n|poke|p2|Charizard, L50, F|\n|poke|p2|Venusaur, L50, F|\n|poke|p2|Sneasler, L50, F|\n|poke|p2|Ninetales-Alola, L50, M|\n|poke|p2|Basculegion, L50, M|\n|poke|p2|Corviknight, L50, M|\n|teampreview|4\n|inactive|Battle timer is ON: inactive players will automatically lose when time's up. (requested by Yaoshi)\n|\n|t:|1776453527\n|teamsize|p1|4\n|teamsize|p2|4\n|start\n|switch|p1a: Rampardos|Rampardos, L50, M, shiny|100/100\n|switch|p1b: Reuniclus|Reuniclus, L50, M, shiny|100/100\n|switch|p2a: Sneasler|Sneasler, L50, F|100/100\n|switch|p2b: Charizard|Charizard, L50, F|100/100\n|-ability|p1a: Rampardos|Mold Breaker\n|turn|1\n|\n|t:|1776453536\n|switch|p2b: Basculegion|Basculegion, L50, M|100/100\n|move|p1a: Rampardos|Protect|p1a: Rampardos\n|-singleturn|p1a: Rampardos|Protect\n|move|p1b: Reuniclus|Protect|p1b: Reuniclus\n|-singleturn|p1b: Reuniclus|Protect\n|move|p2a: Sneasler|Fake Out|p1b: Reuniclus\n|-activate|p1b: Reuniclus|move: Protect\n|\n|upkeep\n|turn|2\n|\n|t:|1776453552\n|switch|p1a: Cofagrigus|Cofagrigus, L50, M, shiny|100/100\n|move|p2b: Basculegion|Wave Crash|p1b: Reuniclus\n|-damage|p1b: Reuniclus|18/100\n|-enditem|p1b: Reuniclus|Sitrus Berry|[eat]\n|-heal|p1b: Reuniclus|42/100|[from] item: Sitrus Berry\n|-damage|p2b: Basculegion|70/100|[from] Recoil\n|move|p2a: Sneasler|Close Combat|p1a: Cofagrigus\n|-immune|p1a: Cofagrigus\n|move|p1b: Reuniclus|Trick Room|p1b: Reuniclus\n|-fieldstart|move: Trick Room|[of] p1b: Reuniclus\n|\n|upkeep\n|turn|3\n|\n|t:|1776453568\n|switch|p1b: Rampardos|Rampardos, L50, M, shiny|100/100\n|-ability|p1b: Rampardos|Mold Breaker\n|switch|p2b: Ninetales|Ninetales-Alola, L50, M|100/100\n|-weather|Snowscape|[from] ability: Snow Warning|[of] p2b: Ninetales\n|move|p1a: Cofagrigus|Shadow Ball|p2b: Ninetales\n|-damage|p2b: Ninetales|70/100\n|move|p2a: Sneasler|Dire Claw|p1b: Rampardos\n|-resisted|p1b: Rampardos|1\n|-damage|p1b: Rampardos|73/100\n|\n|-weather|Snowscape|[upkeep]\n|upkeep\n|turn|4\n|\n|t:|1776453580\n|move|p1a: Cofagrigus|Will-O-Wisp|p2a: Sneasler\n|-status|p2a: Sneasler|brn\n|move|p1b: Rampardos|Rock Slide|p2a: Sneasler|[spread] p2a,p2b\n|-resisted|p2a: Sneasler|1\n|-supereffective|p2b: Ninetales|1\n|-damage|p2a: Sneasler|69/100 brn\n|-damage|p2b: Ninetales|0 fnt\n|faint|p2b: Ninetales\n|cant|p2a: Sneasler|flinch\n|\n|-weather|Snowscape|[upkeep]\n|-damage|p2a: Sneasler|64/100 brn|[from] brn\n|upkeep\n|\n|t:|1776453589\n|switch|p2b: Basculegion|Basculegion, L50, M|70/100\n|turn|5\n|\n|t:|1776453595\n|move|p2b: Basculegion|Aqua Jet|p1b: Rampardos\n|-supereffective|p1b: Rampardos|1\n|-damage|p1b: Rampardos|10/100\n|move|p1a: Cofagrigus|Shadow Ball|p2b: Basculegion\n|-supereffective|p2b: Basculegion|1\n|-damage|p2b: Basculegion|3/100\n|move|p1b: Rampardos|Rock Slide|p2a: Sneasler|[spread] p2a,p2b\n|-resisted|p2a: Sneasler|1\n|-damage|p2a: Sneasler|32/100 brn\n|-damage|p2b: Basculegion|0 fnt\n|faint|p2b: Basculegion\n|move|p2a: Sneasler|Close Combat|p1b: Rampardos\n|-supereffective|p1b: Rampardos|1\n|-damage|p1b: Rampardos|0 fnt\n|-unboost|p2a: Sneasler|def|1\n|-unboost|p2a: Sneasler|spd|1\n|faint|p1b: Rampardos\n|-enditem|p2a: Sneasler|White Herb\n|-clearnegativeboost|p2a: Sneasler|[silent]\n|\n|-weather|Snowscape|[upkeep]\n|-damage|p2a: Sneasler|27/100 brn|[from] brn\n|upkeep\n|\n|t:|1776453602\n|switch|p1b: Ampharos|Ampharos, L50, M, shiny|100/100\n|switch|p2b: Charizard|Charizard, L50, F|100/100\n|turn|6\n|\n|t:|1776453609\n|detailschange|p1b: Ampharos|Ampharos-Mega, L50, M, shiny\n|-mega|p1b: Ampharos|Ampharos|Ampharosite\n|-ability|p1b: Ampharos|Mold Breaker\n|move|p2b: Charizard|Protect|p2b: Charizard\n|-singleturn|p2b: Charizard|Protect\n|move|p2a: Sneasler|Protect|p2a: Sneasler\n|-singleturn|p2a: Sneasler|Protect\n|move|p1a: Cofagrigus|Shadow Ball|p2b: Charizard\n|-activate|p2b: Charizard|move: Protect\n|move|p1b: Ampharos|Discharge|p2a: Sneasler|[spread] p1a\n|-activate|p2a: Sneasler|move: Protect\n|-activate|p2b: Charizard|move: Protect\n|-damage|p1a: Cofagrigus|60/100\n|\n|-weather|Snowscape|[upkeep]\n|-damage|p2a: Sneasler|21/100 brn|[from] brn\n|-fieldend|move: Trick Room\n|upkeep\n|turn|7\n|\n|t:|1776453632\n|detailschange|p2b: Charizard|Charizard-Mega-X, L50, F\n|-mega|p2b: Charizard|Charizard|Charizardite X\n|move|p2a: Sneasler|Dire Claw|p1a: Cofagrigus\n|-resisted|p1a: Cofagrigus|1\n|-damage|p1a: Cofagrigus|54/100\n|-status|p1a: Cofagrigus|slp\n|-activate|p1a: Cofagrigus|ability: Mummy|p2a: Sneasler|[ability] Unburden\n|move|p2b: Charizard|Dragon Claw|p1b: Ampharos\n|-supereffective|p1b: Ampharos|1\n|-damage|p1b: Ampharos|6/100\n|move|p1b: Ampharos|Discharge|p2a: Sneasler|[spread] p1a,p2a,p2b\n|-resisted|p2b: Charizard|1\n|-damage|p1a: Cofagrigus|11/100 slp\n|-damage|p2a: Sneasler|0 fnt\n|-damage|p2b: Charizard|77/100\n|faint|p2a: Sneasler\n|cant|p1a: Cofagrigus|slp\n|\n|-weather|none\n|upkeep\n|turn|8\n|\n|t:|1776453651\n|switch|p1b: Reuniclus|Reuniclus, L50, M, shiny|42/100\n|cant|p1a: Cofagrigus|slp\n|move|p2b: Charizard|Dragon Claw|p1b: Reuniclus\n|-damage|p1b: Reuniclus|0 fnt\n|faint|p1b: Reuniclus\n|\n|upkeep\n|\n|t:|1776453655\n|switch|p1b: Ampharos|Ampharos-Mega, L50, M, shiny|6/100\n|-ability|p1b: Ampharos|Mold Breaker\n|turn|9\n|\n|t:|1776453659\n|move|p2b: Charizard|Dragon Claw|p1b: Ampharos\n|-supereffective|p1b: Ampharos|1\n|-damage|p1b: Ampharos|0 fnt\n|faint|p1b: Ampharos\n|-curestatus|p1a: Cofagrigus|slp|[msg]\n|move|p1a: Cofagrigus|Shadow Ball|p2b: Charizard\n|-damage|p2b: Charizard|42/100\n|\n|upkeep\n|turn|10\n|\n|t:|1776453663\n|move|p2b: Charizard|Dragon Claw|p1a: Cofagrigus\n|-damage|p1a: Cofagrigus|0 fnt\n|-activate|p1a: Cofagrigus|ability: Mummy|p2b: Charizard|[ability] Tough Claws\n|faint|p1a: Cofagrigus\n|\n|win|PotbellyDemon\n",
  "uploadtime": 1776453510,
  "views": 28,
  "formatid": "gen9championsvgc2026regma",
  "rating": null,
  "private": 0,
  "password": null
}