{
  "id": "gen9championsvgc2026regma-2586038108",
  "format": "[Gen 9 Champions] VGC 2026 Reg M-A",
  "players": [
    "jamel1",
    "Sublox"
  ],
  "log": "|j|\u2606jamel1\n|j|\u2606Sublox\n|t:|1776392647\n|gametype|doubles\n|player|p1|jamel1|cyrus|1002\n|player|p2|Sublox|102|1085\n|gen|9\n|tier|[Gen 9 Champions] VGC 2026 Reg M-A\n|rated|\n|rule|Species Clause: Limit one of each Pok\u00e9mon\n|rule|Item Clause: Limit 1 of each item\n|clearpoke\n|poke|p1|Garchomp, L50, M|\n|poke|p1|Hippowdon, L50, F|\n|poke|p1|Tyranitar, L50, F|\n|poke|p1|Excadrill, L50, M|\n|poke|p1|Crabominable, L50, M|\n|poke|p1|Mr. Rime, L50, F|\n|poke|p2|Floette-Eternal, L50, F|\n|poke|p2|Talonflame, L50, M|\n|poke|p2|Glimmora, L50, F|\n|poke|p2|Garchomp, L50, F|\n|poke|p2|Corviknight, L50, M|\n|poke|p2|Maushold, L50|\n|teampreview|4\n|\n|t:|1776392667\n|teamsize|p1|4\n|teamsize|p2|4\n|start\n|switch|p1a: Garchomp|Garchomp, L50, M|100/100\n|switch|p1b: Tyranitar|Tyranitar, L50, F|100/100\n|switch|p2a: Talonflame|Talonflame, L50, M|100/100\n|switch|p2b: Garchomp|Garchomp, L50, F|100/100\n|-weather|Sandstorm|[from] ability: Sand Stream|[of] p1b: Tyranitar\n|turn|1\n|\n|t:|1776392681\n|switch|p1a: Hippowdon|Hippowdon, L50, F|100/100\n|detailschange|p2b: Garchomp|Garchomp-Mega, L50, F\n|-mega|p2b: Garchomp|Garchomp|Garchompite\n|move|p2a: Talonflame|Tailwind|p2a: Talonflame\n|-sidestart|p2: Sublox|move: Tailwind\n|move|p2b: Garchomp|Earthquake|p1a: Hippowdon|[spread] p1a,p1b\n|-immune|p2a: Talonflame\n|-supereffective|p1b: Tyranitar|1\n|-damage|p1a: Hippowdon|65/100\n|-damage|p1b: Tyranitar|0 fnt\n|faint|p1b: Tyranitar\n|\n|-weather|Sandstorm|[upkeep]\n|-damage|p2a: Talonflame|95/100|[from] Sandstorm\n|-heal|p1a: Hippowdon|71/100|[from] item: Leftovers\n|upkeep\n|\n|t:|1776392692\n|switch|p1b: Garchomp|Garchomp, L50, M|100/100\n|turn|2\n|\n|t:|1776392707\n|detailschange|p1b: Garchomp|Garchomp-Mega, L50, M\n|-mega|p1b: Garchomp|Garchomp|Garchompite\n|move|p2a: Talonflame|Brave Bird|p1b: Garchomp\n|-damage|p1b: Garchomp|51/100\n|-damage|p2a: Talonflame|75/100|[from] Recoil\n|move|p2b: Garchomp|Dragon Claw|p1b: Garchomp\n|-supereffective|p1b: Garchomp|1\n|-damage|p1b: Garchomp|0 fnt\n|faint|p1b: Garchomp\n|move|p1a: Hippowdon|Curse|p1a: Hippowdon\n|-unboost|p1a: Hippowdon|spe|1\n|-boost|p1a: Hippowdon|atk|1\n|-boost|p1a: Hippowdon|def|1\n|\n|-weather|Sandstorm|[upkeep]\n|-damage|p2a: Talonflame|70/100|[from] Sandstorm\n|-heal|p1a: Hippowdon|77/100|[from] item: Leftovers\n|upkeep\n|\n|t:|1776392719\n|switch|p1b: Excadrill|Excadrill, L50, M|100/100\n|turn|3\n|\n|t:|1776392730\n|move|p2a: Talonflame|Flare Blitz|p1b: Excadrill\n|-supereffective|p1b: Excadrill|1\n|-damage|p1b: Excadrill|0 fnt\n|faint|p1b: Excadrill\n|-damage|p2a: Talonflame|30/100|[from] Recoil\n|move|p2b: Garchomp|Earthquake|p1a: Hippowdon|[spread] p1a\n|-immune|p2a: Talonflame\n|-damage|p1a: Hippowdon|55/100\n|move|p1a: Hippowdon|Ice Fang|p2b: Garchomp\n|-supereffective|p2b: Garchomp|2\n|-damage|p2b: Garchomp|16/100\n|\n|-weather|Sandstorm|[upkeep]\n|-damage|p2a: Talonflame|24/100|[from] Sandstorm\n|-heal|p1a: Hippowdon|61/100|[from] item: Leftovers\n|upkeep\n|turn|4\n|\n|t:|1776392750\n|move|p2a: Talonflame|Brave Bird|p1a: Hippowdon\n|-damage|p1a: Hippowdon|41/100\n|-damage|p2a: Talonflame|15/100|[from] Recoil\n|move|p2b: Garchomp|Dragon Claw|p1a: Hippowdon\n|-damage|p1a: Hippowdon|23/100\n|move|p1a: Hippowdon|Slack Off|p1a: Hippowdon\n|-heal|p1a: Hippowdon|73/100\n|\n|-weather|Sandstorm|[upkeep]\n|-damage|p2a: Talonflame|10/100|[from] Sandstorm\n|-heal|p1a: Hippowdon|79/100|[from] item: Leftovers\n|-sideend|p2: Sublox|move: Tailwind\n|upkeep\n|turn|5\n|\n|t:|1776392766\n|move|p2a: Talonflame|Brave Bird|p1a: Hippowdon\n|-damage|p1a: Hippowdon|59/100\n|-damage|p2a: Talonflame|0 fnt|[from] Recoil\n|faint|p2a: Talonflame\n|move|p2b: Garchomp|Earthquake|p1a: Hippowdon\n|-damage|p1a: Hippowdon|25/100\n|move|p1a: Hippowdon|Curse|p1a: Hippowdon\n|-unboost|p1a: Hippowdon|spe|1\n|-boost|p1a: Hippowdon|atk|1\n|-boost|p1a: Hippowdon|def|1\n|\n|-weather|none\n|-heal|p1a: Hippowdon|31/100|[from] item: Leftovers\n|upkeep\n|\n|t:|1776392782\n|switch|p2a: Floette|Floette-Eternal, L50, F|100/100\n|turn|6\n|-message|jamel1 forfeited.\n|\n|win|Sublox\n|raw|jamel1's rating: 1002 &rarr; <strong>1000</strong><br />(-2 for losing)\n|raw|Sublox's rating: 1085 &rarr; <strong>1106</strong><br />(+21 for winning)\n|l|\u2606jamel1\n|player|p1|\n",
  "uploadtime": 1776392790,
  "views": 14,
  "formatid": "gen9championsvgc2026regma",
  "rating": 1000,
  "private": 0,
  "password": null
}