{
  "id": "gen9championsvgc2026regma-2581114563",
  "format": "[Gen 9 Champions] VGC 2026 Reg M-A",
  "players": [
    "9wtt",
    "TheDrakovish"
  ],
  "log": "|j|\u26069wtt\n|j|\u2606TheDrakovish\n|t:|1775961246\n|gametype|doubles\n|player|p1|9wtt|karen-gen2|1105\n|player|p2|TheDrakovish|bugcatcher-gen4dp|1141\n|gen|9\n|tier|[Gen 9 Champions] VGC 2026 Reg M-A\n|rated|\n|rule|Species Clause: Limit one of each Pok\u00e9mon\n|rule|Item Clause: Limit 1 of each item\n|clearpoke\n|poke|p1|Gengar, L50, F|\n|poke|p1|Garchomp, L50, F|\n|poke|p1|Politoed, L50, F|\n|poke|p1|Sneasler, L50, F|\n|poke|p1|Basculegion, L50, M|\n|poke|p1|Talonflame, L50, F|\n|poke|p2|Froslass, L50, F|\n|poke|p2|Tauros-Paldea-Blaze, L50, M|\n|poke|p2|Tsareena, L50, F|\n|poke|p2|Zoroark-Hisui, L50, M|\n|poke|p2|Kleavor, L50, F|\n|poke|p2|Ninetales-Alola, L50, M|\n|teampreview|4\n|\n|t:|1775961301\n|teamsize|p1|4\n|teamsize|p2|4\n|start\n|switch|p1a: Talonflame|Talonflame, L50, F, shiny|100/100\n|switch|p1b: Garchomp|Garchomp, L50, F, shiny|100/100\n|switch|p2a: Kleavor|Kleavor, L50, F, shiny|100/100\n|switch|p2b: Tsareena|Tsareena, L50, F, shiny|100/100\n|turn|1\n|\n|t:|1775961330\n|move|p1b: Garchomp|Protect|p1b: Garchomp\n|-singleturn|p1b: Garchomp|Protect\n|move|p1a: Talonflame|Protect|p1a: Talonflame\n|-singleturn|p1a: Talonflame|Protect\n|move|p2b: Tsareena|Protect|p2b: Tsareena\n|-singleturn|p2b: Tsareena|Protect\n|move|p2a: Kleavor|Icy Wind|p1a: Talonflame|[spread] \n|-activate|p1a: Talonflame|move: Protect\n|-activate|p1b: Garchomp|move: Protect\n|\n|upkeep\n|turn|2\n|\n|t:|1775961360\n|detailschange|p1b: Garchomp|Garchomp-Mega, L50, F, shiny\n|-mega|p1b: Garchomp|Garchomp|Garchompite\n|move|p2a: Kleavor|Detect|p2a: Kleavor\n|-singleturn|p2a: Kleavor|Protect\n|move|p1a: Talonflame|Heat Wave|p2b: Tsareena|[spread] p2b\n|-activate|p2a: Kleavor|move: Protect\n|-supereffective|p2b: Tsareena|1\n|-damage|p2b: Tsareena|66/100\n|move|p1b: Garchomp|Earthquake|p2a: Kleavor|[spread] p2b\n|-activate|p2a: Kleavor|move: Protect\n|-immune|p1a: Talonflame\n|-resisted|p2b: Tsareena|1\n|-damage|p2b: Tsareena|40/100\n|move|p2b: Tsareena|Triple Axel|p1b: Garchomp\n|-supereffective|p1b: Garchomp|2\n|-damage|p1b: Garchomp|76/100\n|-supereffective|p1b: Garchomp|2\n|-damage|p1b: Garchomp|31/100\n|-supereffective|p1b: Garchomp|2\n|-damage|p1b: Garchomp|0 fnt\n|faint|p1b: Garchomp\n|-hitcount|p1: Garchomp|3\n|\n|upkeep\n|\n|t:|1775961368\n|switch|p1b: Basculegion|Basculegion, L50, M, shiny|100/100\n|turn|3\n|\n|t:|1775961405\n|move|p2b: Tsareena|Protect|p2b: Tsareena\n|-singleturn|p2b: Tsareena|Protect\n|move|p1a: Talonflame|Tailwind|p1a: Talonflame\n|-sidestart|p1: 9wtt|move: Tailwind\n|move|p1b: Basculegion|Last Respects|p2b: Tsareena\n|-activate|p2b: Tsareena|move: Protect\n|move|p2a: Kleavor|Bitter Malice|p1b: Basculegion\n|-supereffective|p1b: Basculegion|1\n|-damage|p1b: Basculegion|8/100\n|-unboost|p1b: Basculegion|atk|1\n|\n|upkeep\n|turn|4\n|\n|t:|1775961447\n|move|p1a: Talonflame|Heat Wave|p2b: Tsareena|[spread] p2a,p2b\n|-supereffective|p2b: Tsareena|1\n|-damage|p2a: Kleavor|58/100\n|-damage|p2b: Tsareena|7/100\n|replace|p2a: Zoroark|Zoroark-Hisui, L50, M, shiny\n|-end|p2a: Zoroark|Illusion\n|move|p1b: Basculegion|Last Respects|p2b: Tsareena\n|-damage|p2b: Tsareena|0 fnt\n|faint|p2b: Tsareena\n|move|p2a: Zoroark|Icy Wind|p1a: Talonflame|[spread] p1a,p1b\n|-resisted|p1b: Basculegion|1\n|-damage|p1a: Talonflame|87/100\n|-damage|p1b: Basculegion|0 fnt\n|-unboost|p1a: Talonflame|spe|1\n|faint|p1b: Basculegion\n|\n|upkeep\n|\n|t:|1775961465\n|switch|p1b: Politoed|Politoed, L50, F, shiny|100/100\n|switch|p2b: Kleavor|Kleavor, L50, F, shiny|100/100\n|-weather|RainDance|[from] ability: Drizzle|[of] p1b: Politoed\n|turn|5\n|\n|t:|1775961495\n|move|p1a: Talonflame|Protect|p1a: Talonflame\n|-singleturn|p1a: Talonflame|Protect\n|move|p2b: Kleavor|Night Slash|p1a: Talonflame\n|-activate|p1a: Talonflame|move: Protect\n|move|p2a: Zoroark|Bitter Malice|p1b: Politoed\n|-damage|p1b: Politoed|69/100\n|-unboost|p1b: Politoed|atk|1\n|move|p1b: Politoed|Weather Ball|p2a: Zoroark\n|-damage|p2a: Zoroark|0 fnt\n|faint|p2a: Zoroark\n|\n|-weather|RainDance|[upkeep]\n|-heal|p1b: Politoed|75/100|[from] item: Leftovers\n|upkeep\n|\n|t:|1775961509\n|switch|p2a: Ninetales|Ninetales-Alola, L50, M|100/100\n|-weather|Snowscape|[from] ability: Snow Warning|[of] p2a: Ninetales\n|turn|6\n|\n|t:|1775961519\n|move|p2a: Ninetales|Protect|p2a: Ninetales\n|-singleturn|p2a: Ninetales|Protect\n|move|p2b: Kleavor|Night Slash|p1a: Talonflame\n|-damage|p1a: Talonflame|47/100\n|move|p1a: Talonflame|Taunt|p2a: Ninetales\n|-activate|p2a: Ninetales|move: Protect\n|move|p1b: Politoed|Perish Song|p1b: Politoed\n|-start|p1a: Talonflame|perish3|[silent]\n|-start|p1b: Politoed|perish3|[silent]\n|-start|p2a: Ninetales|perish3|[silent]\n|-start|p2b: Kleavor|perish3|[silent]\n|-fieldactivate|move: Perish Song\n|\n|-weather|Snowscape|[upkeep]\n|-heal|p1b: Politoed|81/100|[from] item: Leftovers\n|-start|p2b: Kleavor|perish3\n|-start|p1a: Talonflame|perish3\n|-start|p2a: Ninetales|perish3\n|-start|p1b: Politoed|perish3\n|-sideend|p1: 9wtt|move: Tailwind\n|upkeep\n|turn|7\n|\n|t:|1775961537\n|move|p1a: Talonflame|Protect|p1a: Talonflame\n|-singleturn|p1a: Talonflame|Protect\n|move|p2b: Kleavor|Night Slash|p1a: Talonflame\n|-activate|p1a: Talonflame|move: Protect\n|move|p2a: Ninetales|Freeze-Dry|p1b: Politoed\n|-supereffective|p1b: Politoed|1\n|-damage|p1b: Politoed|35/100\n|move|p1b: Politoed|Substitute|p1b: Politoed\n|-start|p1b: Politoed|Substitute\n|-damage|p1b: Politoed|10/100\n|\n|-weather|Snowscape|[upkeep]\n|-heal|p1b: Politoed|16/100|[from] item: Leftovers\n|-start|p2b: Kleavor|perish2\n|-start|p2a: Ninetales|perish2\n|-start|p1a: Talonflame|perish2\n|-start|p1b: Politoed|perish2\n|upkeep\n|turn|8\n|-message|TheDrakovish forfeited.\n|\n|win|9wtt\n|raw|9wtt's rating: 1105 &rarr; <strong>1133</strong><br />(+28 for winning)\n|raw|TheDrakovish's rating: 1141 &rarr; <strong>1113</strong><br />(-28 for losing)\n|l|\u2606TheDrakovish\n|player|p2|\n",
  "uploadtime": 1775961550,
  "views": 15,
  "formatid": "gen9championsvgc2026regma",
  "rating": 1113,
  "private": 0,
  "password": null
}