{
  "id": "gen9championsvgc2026regma-2587654021",
  "format": "[Gen 9 Champions] VGC 2026 Reg M-A",
  "players": [
    "PyProd.",
    "Olympicsvgc"
  ],
  "log": "|j|\u2606PyProd.\n|j|\u2606Olympicsvgc\n|t:|1776550746\n|gametype|doubles\n|player|p1|PyProd.|#lcplxiskittycommittee|1277\n|player|p2|Olympicsvgc|dawn|1282\n|gen|9\n|tier|[Gen 9 Champions] VGC 2026 Reg M-A\n|rated|\n|rule|Species Clause: Limit one of each Pok\u00e9mon\n|rule|Item Clause: Limit 1 of each item\n|clearpoke\n|poke|p1|Aerodactyl, L50, F|\n|poke|p1|Garchomp, L50, M|\n|poke|p1|Floette-Eternal, L50, F|\n|poke|p1|Arcanine-Hisui, L50, F|\n|poke|p1|Sneasler, L50, M|\n|poke|p1|Rotom-Wash, L50|\n|poke|p2|Camerupt, L50, F|\n|poke|p2|Oranguru, L50, F|\n|poke|p2|Sinistcha-Masterpiece, L50|\n|poke|p2|Primarina, L50, F|\n|poke|p2|Orthworm, L50, M|\n|poke|p2|Garchomp, L50, M|\n|teampreview|4\n|\n|t:|1776550777\n|teamsize|p1|4\n|teamsize|p2|4\n|start\n|switch|p1a: Floette|Floette-Eternal, L50, F|100/100\n|switch|p1b: Rotom|Rotom-Wash, L50|100/100\n|switch|p2a: Oranguru|Oranguru, L50, F|100/100\n|switch|p2b: Orthworm|Orthworm, L50, M|100/100\n|turn|1\n|\n|t:|1776550795\n|detailschange|p1a: Floette|Floette-Mega, L50, F\n|-mega|p1a: Floette|Floette|Floettite\n|-ability|p1a: Floette|Fairy Aura\n|move|p1a: Floette|Moonblast|p2a: Oranguru\n|-damage|p2a: Oranguru|37/100\n|move|p1b: Rotom|Volt Switch|p2a: Oranguru\n|-damage|p2a: Oranguru|15/100\n|\n|t:|1776550801\n|switch|p1b: Sneasler|Sneasler, L50, M|100/100|[from] Volt Switch\n|-ability|p1b: Sneasler|Pressure\n|move|p2b: Orthworm|Iron Head|p1a: Floette\n|-supereffective|p1a: Floette|1\n|-damage|p1a: Floette|36/100\n|move|p2a: Oranguru|Trick Room|p2a: Oranguru\n|-fieldstart|move: Trick Room|[of] p2a: Oranguru\n|\n|upkeep\n|turn|2\n|\n|t:|1776550818\n|move|p1b: Sneasler|Fake Out|p2b: Orthworm\n|-resisted|p2b: Orthworm|1\n|-damage|p2b: Orthworm|95/100\n|move|p2a: Oranguru|Psychic|p1b: Sneasler\n|-supereffective|p1b: Sneasler|2\n|-damage|p1b: Sneasler|0 fnt\n|faint|p1b: Sneasler\n|cant|p2b: Orthworm|flinch\n|move|p1a: Floette|Dazzling Gleam|p2b: Orthworm|[spread] p2a,p2b\n|-resisted|p2b: Orthworm|1\n|-damage|p2a: Oranguru|0 fnt\n|-damage|p2b: Orthworm|71/100\n|faint|p2a: Oranguru\n|\n|upkeep\n|\n|t:|1776550825\n|switch|p2a: Primarina|Primarina, L50, F|100/100\n|switch|p1b: Rotom|Rotom-Wash, L50|100/100\n|turn|3\n|\n|t:|1776550834\n|move|p1a: Floette|Protect|p1a: Floette\n|-singleturn|p1a: Floette|Protect\n|move|p2a: Primarina|Calm Mind|p2a: Primarina\n|-boost|p2a: Primarina|spa|1\n|-boost|p2a: Primarina|spd|1\n|move|p2b: Orthworm|Iron Head|p1a: Floette\n|-activate|p1a: Floette|move: Protect\n|move|p1b: Rotom|Will-O-Wisp|p2b: Orthworm\n|-status|p2b: Orthworm|brn\n|\n|-damage|p2b: Orthworm|64/100 brn|[from] brn\n|upkeep\n|turn|4\n|\n|t:|1776550846\n|move|p2a: Primarina|Moonblast|p1b: Rotom\n|-damage|p1b: Rotom|0 fnt\n|faint|p1b: Rotom\n|move|p2b: Orthworm|Iron Head|p1a: Floette\n|-supereffective|p1a: Floette|1\n|-damage|p1a: Floette|3/100\n|move|p1a: Floette|Moonblast|p2a: Primarina\n|-damage|p2a: Primarina|58/100\n|\n|-heal|p2a: Primarina|64/100|[from] item: Leftovers\n|-damage|p2b: Orthworm|58/100 brn|[from] brn\n|upkeep\n|\n|t:|1776550850\n|switch|p1b: Garchomp|Garchomp, L50, M|100/100\n|turn|5\n|\n|t:|1776550865\n|move|p1b: Garchomp|Protect|p1b: Garchomp\n|-singleturn|p1b: Garchomp|Protect\n|move|p1a: Floette|Protect|p1a: Floette\n|-singleturn|p1a: Floette|Protect\n|move|p2a: Primarina|Hyper Voice|p1b: Garchomp|[spread] \n|-activate|p1a: Floette|move: Protect\n|-activate|p1b: Garchomp|move: Protect\n|move|p2b: Orthworm|Iron Defense|p2b: Orthworm\n|-boost|p2b: Orthworm|def|2\n|\n|-heal|p2a: Primarina|70/100|[from] item: Leftovers\n|-damage|p2b: Orthworm|52/100 brn|[from] brn\n|-fieldend|move: Trick Room\n|upkeep\n|turn|6\n|\n|t:|1776550901\n|move|p2b: Orthworm|Protect|p2b: Orthworm\n|-singleturn|p2b: Orthworm|Protect\n|move|p2a: Primarina|Protect|p2a: Primarina\n|-singleturn|p2a: Primarina|Protect\n|move|p1b: Garchomp|Stomping Tantrum|p2a: Primarina\n|-activate|p2a: Primarina|move: Protect\n|move|p1a: Floette|Moonblast|p2a: Primarina\n|-activate|p2a: Primarina|move: Protect\n|\n|-heal|p2a: Primarina|76/100|[from] item: Leftovers\n|-damage|p2b: Orthworm|46/100 brn|[from] brn\n|upkeep\n|-enditem|p2b: Orthworm|Sitrus Berry|[eat]\n|-heal|p2b: Orthworm|71/100 brn|[from] item: Sitrus Berry\n|turn|7\n|\n|t:|1776550923\n|move|p1b: Garchomp|Stomping Tantrum|p2a: Primarina\n|-damage|p2a: Primarina|19/100\n|move|p1a: Floette|Dazzling Gleam|p2a: Primarina|[spread] p2a,p2b\n|-resisted|p2b: Orthworm|1\n|-damage|p2a: Primarina|0 fnt\n|-damage|p2b: Orthworm|45/100 brn\n|faint|p2a: Primarina\n|move|p2b: Orthworm|Iron Head|p1a: Floette\n|-supereffective|p1a: Floette|1\n|-damage|p1a: Floette|0 fnt\n|faint|p1a: Floette\n|\n|-damage|p2b: Orthworm|39/100 brn|[from] brn\n|upkeep\n|\n|t:|1776550930\n|switch|p2a: Camerupt|Camerupt, L50, F|100/100\n|turn|8\n|\n|t:|1776550948\n|move|p1b: Garchomp|Protect|p1b: Garchomp\n|-singleturn|p1b: Garchomp|Protect\n|move|p2b: Orthworm|Body Press|p1b: Garchomp\n|-activate|p1b: Garchomp|move: Protect\n|move|p2a: Camerupt|Earth Power|p1b: Garchomp\n|-activate|p1b: Garchomp|move: Protect\n|\n|-damage|p2b: Orthworm|33/100 brn|[from] brn\n|upkeep\n|turn|9\n|\n|t:|1776550965\n|move|p1b: Garchomp|Stomping Tantrum|p2a: Camerupt\n|-supereffective|p2a: Camerupt|1\n|-damage|p2a: Camerupt|12/100\n|move|p2b: Orthworm|Iron Defense|p2b: Orthworm\n|-boost|p2b: Orthworm|def|2\n|move|p2a: Camerupt|Earth Power|p2b: Orthworm\n|-heal|p2b: Orthworm|58/100 brn|[from] ability: Earth Eater|[of] p2a: Camerupt\n|\n|-damage|p2b: Orthworm|51/100 brn|[from] brn\n|upkeep\n|turn|10\n|\n|t:|1776550988\n|move|p2a: Camerupt|Protect|p2a: Camerupt\n|-singleturn|p2a: Camerupt|Protect\n|move|p1b: Garchomp|Dragon Claw|p2b: Orthworm\n|-resisted|p2b: Orthworm|1\n|-crit|p2b: Orthworm\n|-damage|p2b: Orthworm|28/100 brn\n|move|p2b: Orthworm|Body Press|p1b: Garchomp\n|-damage|p1b: Garchomp|59/100\n|-damage|p2b: Orthworm|15/100 brn|[from] ability: Rough Skin|[of] p1b: Garchomp\n|\n|-damage|p2b: Orthworm|9/100 brn|[from] brn\n|upkeep\n|turn|11\n|\n|t:|1776550998\n|move|p1b: Garchomp|Stomping Tantrum|p2a: Camerupt\n|-supereffective|p2a: Camerupt|1\n|-damage|p2a: Camerupt|0 fnt\n|faint|p2a: Camerupt\n|move|p2b: Orthworm|Body Press|p1b: Garchomp\n|-damage|p1b: Garchomp|20/100\n|-damage|p2b: Orthworm|0 fnt|[from] ability: Rough Skin|[of] p1b: Garchomp\n|faint|p2b: Orthworm\n|\n|win|PyProd.\n|raw|PyProd.'s rating: 1277 &rarr; <strong>1302</strong><br />(+25 for winning)\n|raw|Olympicsvgc's rating: 1282 &rarr; <strong>1257</strong><br />(-25 for losing)\n|c|\u2606PyProd.|whew\n|l|\u2606Olympicsvgc\n|player|p2|\n",
  "uploadtime": 1776551008,
  "views": 17,
  "formatid": "gen9championsvgc2026regma",
  "rating": 1257,
  "private": 0,
  "password": null
}