{
  "id": "gen9championsvgc2026regma-2588247779",
  "format": "[Gen 9 Champions] VGC 2026 Reg M-A",
  "players": [
    "azorions",
    "TheBallistic1"
  ],
  "log": "|j|\u2606azorions\n|j|\u2606TheBallistic1\n|html|<table width=\"100%\"><tr><td align=\"left\">azorions</td><td align=\"right\">TheBallistic1</tr><tr><td align=\"left\"><i class=\"fa fa-circle\"></i> <i class=\"fa fa-circle-o\"></i> </td><td align=\"right\"><i class=\"fa fa-circle-o\"></i> <i class=\"fa fa-circle\"></i> </tr></table>\n|uhtml|bestof|<h2><strong>Game 3</strong> of <a href=\"/game-bestof3-gen9championsvgc2026regma-2588243001\">a best-of-3</a></h2>\n|t:|1776617858\n|gametype|doubles\n|player|p1|azorions|falkner|\n|player|p2|TheBallistic1|colress|\n|gen|9\n|tier|[Gen 9 Champions] VGC 2026 Reg M-A\n|rated|Tournament battle\n|rule|Species Clause: Limit one of each Pok\u00e9mon\n|rule|Item Clause: Limit 1 of each item\n|raw|<div class=\"infobox\"><details class=\"readmore\" open><summary><strong>1 custom rule:</strong></summary> Best of = 3</details></div>\n|clearpoke\n|poke|p1|Corviknight, L50, F, shiny|\n|poke|p1|Volcarona, L50, F, shiny|\n|poke|p1|Ninetales-Alola, L50, F, shiny|\n|poke|p1|Sneasler, L50, F, shiny|\n|poke|p1|Basculegion, L50, M, shiny|\n|poke|p1|Manectric, L50, F, shiny|\n|poke|p2|Floette-Eternal, L50, F|\n|poke|p2|Charizard, L50, F|\n|poke|p2|Sneasler, L50, M|\n|poke|p2|Milotic, L50, F|\n|poke|p2|Incineroar, L50, M|\n|poke|p2|Sinistcha, L50|\n|teampreview|4\n|inactive|Battle timer is ON: inactive players will automatically lose when time's up. (requested by azorions)\n|c|\u2606azorions|Ggwp\n|c|\u2606azorions|Glhf\n|inactive|azorions has 60 seconds left.\n|\n|t:|1776617889\n|teamsize|p1|4\n|teamsize|p2|4\n|start\n|switch|p1a: Manectric|Manectric, L50, F, shiny|100/100\n|switch|p1b: Volcarona|Volcarona, L50, F, shiny|100/100\n|switch|p2a: Charizard|Charizard, L50, F|100/100\n|switch|p2b: Sneasler|Sneasler, L50, M|100/100\n|turn|1\n|\n|t:|1776617913\n|switch|p2a: Sinistcha|Sinistcha, L50|100/100\n|detailschange|p1a: Manectric|Manectric-Mega, L50, F, shiny\n|-mega|p1a: Manectric|Manectric|Manectite\n|-ability|p1a: Manectric|Intimidate|boost\n|-unboost|p2a: Sinistcha|atk|1\n|-unboost|p2b: Sneasler|atk|1\n|-enditem|p2b: Sneasler|White Herb\n|-clearnegativeboost|p2b: Sneasler|[silent]\n|move|p1b: Volcarona|Protect|p1b: Volcarona\n|-singleturn|p1b: Volcarona|Protect\n|move|p2b: Sneasler|Close Combat|p1b: Volcarona\n|-activate|p1b: Volcarona|move: Protect\n|move|p1a: Manectric|Volt Switch|p2a: Sinistcha\n|-resisted|p2a: Sinistcha|1\n|-damage|p2a: Sinistcha|78/100\n|\n|t:|1776617930\n|switch|p1a: Basculegion|Basculegion, L50, M, shiny|100/100|[from] Volt Switch\n|\n|upkeep\n|turn|2\n|\n|t:|1776617955\n|move|p2b: Sneasler|Throat Chop|p1a: Basculegion\n|-supereffective|p1a: Basculegion|1\n|-damage|p1a: Basculegion|36/100\n|-start|p1a: Basculegion|Throat Chop|[silent]\n|move|p1a: Basculegion|Flip Turn|p2a: Sinistcha\n|-resisted|p2a: Sinistcha|1\n|-damage|p2a: Sinistcha|64/100\n|\n|t:|1776617962\n|switch|p1a: Manectric|Manectric-Mega, L50, F, shiny|100/100|[from] Flip Turn\n|-ability|p1a: Manectric|Intimidate|boost\n|-unboost|p2a: Sinistcha|atk|1\n|-unboost|p2b: Sneasler|atk|1\n|move|p1b: Volcarona|Heat Wave|p2b: Sneasler|[spread] p2a,p2b\n|-supereffective|p2a: Sinistcha|1\n|-crit|p2a: Sinistcha\n|-damage|p2a: Sinistcha|0 fnt\n|-damage|p2b: Sneasler|53/100\n|faint|p2a: Sinistcha\n|\n|upkeep\n|\n|t:|1776617968\n|switch|p2a: Charizard|Charizard, L50, F|100/100\n|turn|3\n|\n|t:|1776617982\n|move|p2a: Charizard|Protect|p2a: Charizard\n|-singleturn|p2a: Charizard|Protect\n|move|p2b: Sneasler|Close Combat|p1a: Manectric\n|-damage|p1a: Manectric|37/100\n|-unboost|p2b: Sneasler|def|1\n|-unboost|p2b: Sneasler|spd|1\n|move|p1a: Manectric|Snarl|p2a: Charizard|[spread] p2b\n|-activate|p2a: Charizard|move: Protect\n|-resisted|p2b: Sneasler|1\n|-damage|p2b: Sneasler|39/100\n|-unboost|p2b: Sneasler|spa|1\n|move|p1b: Volcarona|Heat Wave|p2a: Charizard|[spread] p2b\n|-activate|p2a: Charizard|move: Protect\n|-damage|p2b: Sneasler|0 fnt\n|faint|p2b: Sneasler\n|\n|upkeep\n|\n|t:|1776617988\n|switch|p2b: Milotic|Milotic, L50, F|100/100\n|turn|4\n|\n|t:|1776618011\n|detailschange|p2a: Charizard|Charizard-Mega-Y, L50, F\n|-mega|p2a: Charizard|Charizard|Charizardite Y\n|-weather|SunnyDay|[from] ability: Drought|[of] p2a: Charizard\n|move|p1a: Manectric|Thunderbolt|p2a: Charizard\n|-supereffective|p2a: Charizard|1\n|-damage|p2a: Charizard|0 fnt\n|faint|p2a: Charizard\n|move|p1b: Volcarona|Quiver Dance|p1b: Volcarona\n|-boost|p1b: Volcarona|spa|1\n|-boost|p1b: Volcarona|spd|1\n|-boost|p1b: Volcarona|spe|1\n|move|p2b: Milotic|Scald|p1b: Volcarona\n|-supereffective|p1b: Volcarona|1\n|-damage|p1b: Volcarona|78/100\n|\n|-weather|SunnyDay|[upkeep]\n|-heal|p1b: Volcarona|84/100|[from] item: Leftovers\n|upkeep\n|turn|5\n|-message|TheBallistic1 forfeited.\n|\n|win|azorions\n",
  "uploadtime": 1776618026,
  "views": 12,
  "formatid": "gen9championsvgc2026regma",
  "rating": null,
  "private": 0,
  "password": null
}