{
  "id": "gen9championsvgc2026regma-2586422016",
  "format": "[Gen 9 Champions] VGC 2026 Reg M-A",
  "players": [
    "KaFe-03",
    "Trial003x"
  ],
  "log": "|j|\u2606KaFe-03\n|j|\u2606Trial003x\n|t:|1776433557\n|gametype|doubles\n|player|p1|KaFe-03|crispin|1056\n|player|p2|Trial003x|169|1017\n|gen|9\n|tier|[Gen 9 Champions] VGC 2026 Reg M-A\n|rated|\n|rule|Species Clause: Limit one of each Pok\u00e9mon\n|rule|Item Clause: Limit 1 of each item\n|clearpoke\n|poke|p1|Archaludon, L50, F|\n|poke|p1|Pelipper, L50, F|\n|poke|p1|Sinistcha-Masterpiece, L50|\n|poke|p1|Sneasler, L50, M|\n|poke|p1|Dragonite, L50, M|\n|poke|p1|Basculegion, L50, M|\n|poke|p2|Farigiraf, L50, M|\n|poke|p2|Clefable, L50, F|\n|poke|p2|Rhyperior, L50, M|\n|poke|p2|Primarina, L50, F|\n|poke|p2|Torkoal, L50, M|\n|poke|p2|Kingambit, L50, F|\n|teampreview|4\n|inactive|Battle timer is ON: inactive players will automatically lose when time's up. (requested by KaFe-03)\n|inactive|KaFe-03 has 60 seconds left.\n|\n|t:|1776433593\n|teamsize|p1|4\n|teamsize|p2|4\n|start\n|switch|p1a: Sneasler|Sneasler, L50, M|100/100\n|switch|p1b: Dragonite|Dragonite, L50, M|100/100\n|switch|p2a: Farigiraf|Farigiraf, L50, M|100/100\n|switch|p2b: Clefable|Clefable, L50, F|100/100\n|turn|1\n|inactive|KaFe-03 has 30 seconds left.\n|\n|t:|1776433624\n|detailschange|p1b: Dragonite|Dragonite-Mega, L50, M\n|-mega|p1b: Dragonite|Dragonite|Dragoninite\n|move|p2b: Clefable|Follow Me|p2b: Clefable\n|-singleturn|p2b: Clefable|move: Follow Me\n|move|p1a: Sneasler|Dire Claw|p2b: Clefable\n|-supereffective|p2b: Clefable|1\n|-damage|p2b: Clefable|7/100\n|move|p1b: Dragonite|Draco Meteor|p2b: Clefable\n|-immune|p2b: Clefable\n|move|p2a: Farigiraf|Trick Room|p2a: Farigiraf\n|-fieldstart|move: Trick Room|[of] p2a: Farigiraf\n|\n|upkeep\n|turn|2\n|inactive|KaFe-03 has 30 seconds left.\n|inactive|Trial003x has 30 seconds left.\n|\n|t:|1776433658\n|switch|p1a: Archaludon|Archaludon, L50, F|100/100\n|move|p2b: Clefable|Moonblast|p1b: Dragonite\n|-supereffective|p1b: Dragonite|1\n|-damage|p1b: Dragonite|71/100\n|move|p2a: Farigiraf|Psychic|p1a: Archaludon\n|-resisted|p1a: Archaludon|1\n|-damage|p1a: Archaludon|74/100\n|move|p1b: Dragonite|Hurricane|p2b: Clefable|[miss]\n|-miss|p1b: Dragonite|p2b: Clefable\n|\n|upkeep\n|turn|3\n|inactive|Trial003x has 30 seconds left.\n|\n|t:|1776433683\n|move|p1b: Dragonite|Protect|p1b: Dragonite\n|-singleturn|p1b: Dragonite|Protect\n|move|p2b: Clefable|Moonblast|p1a: Archaludon\n|-damage|p1a: Archaludon|21/100\n|move|p2a: Farigiraf|Hyper Voice|p1b: Dragonite|[spread] p1a\n|-activate|p1b: Dragonite|move: Protect\n|-resisted|p1a: Archaludon|1\n|-damage|p1a: Archaludon|0 fnt\n|faint|p1a: Archaludon\n|\n|upkeep\n|inactive|KaFe-03 has 30 seconds left.\n|inactive|KaFe-03 has 20 seconds left.\n|\n|t:|1776433719\n|switch|p1a: Pelipper|Pelipper, L50, F|100/100\n|-weather|RainDance|[from] ability: Drizzle|[of] p1a: Pelipper\n|turn|4\n|\n|t:|1776433736\n|switch|p2b: Primarina|Primarina, L50, F|100/100\n|move|p2a: Farigiraf|Protect|p2a: Farigiraf\n|-singleturn|p2a: Farigiraf|Protect\n|move|p1a: Pelipper|Weather Ball|p2a: Farigiraf\n|-activate|p2a: Farigiraf|move: Protect\n|move|p1b: Dragonite|Hurricane|p2b: Primarina\n|-damage|p2b: Primarina|45/100\n|-start|p2b: Primarina|confusion\n|\n|-weather|RainDance|[upkeep]\n|-heal|p2b: Primarina|51/100|[from] item: Leftovers\n|upkeep\n|turn|5\n|\n|t:|1776433756\n|-activate|p2b: Primarina|confusion\n|move|p2b: Primarina|Ice Beam|p1b: Dragonite\n|-supereffective|p1b: Dragonite|2\n|-damage|p1b: Dragonite|0 fnt\n|faint|p1b: Dragonite\n|move|p2a: Farigiraf|Hyper Voice|p1a: Pelipper\n|-damage|p1a: Pelipper|45/100\n|move|p1a: Pelipper|Weather Ball|p2a: Farigiraf\n|-damage|p2a: Farigiraf|42/100\n|\n|-weather|RainDance|[upkeep]\n|-heal|p2b: Primarina|57/100|[from] item: Leftovers\n|-fieldend|move: Trick Room\n|upkeep\n|\n|t:|1776433759\n|switch|p1b: Sneasler|Sneasler, L50, M|100/100\n|turn|6\n|\n|t:|1776433781\n|switch|p2b: Clefable|Clefable, L50, F|7/100\n|move|p2a: Farigiraf|Protect|p2a: Farigiraf\n|-singleturn|p2a: Farigiraf|Protect\n|move|p1b: Sneasler|Close Combat|p2a: Farigiraf\n|-activate|p2a: Farigiraf|move: Protect\n|move|p1a: Pelipper|Hurricane|p2b: Clefable\n|-damage|p2b: Clefable|0 fnt\n|faint|p2b: Clefable\n|\n|-weather|RainDance|[upkeep]\n|upkeep\n|inactive|Trial003x has 30 seconds left.\n|\n|t:|1776433810\n|switch|p2b: Kingambit|Kingambit, L50, F|100/100\n|turn|7\n|\n|t:|1776433825\n|move|p1a: Pelipper|Protect|p1a: Pelipper\n|-singleturn|p1a: Pelipper|Protect\n|move|p2b: Kingambit|Sucker Punch|p1b: Sneasler\n|-resisted|p1b: Sneasler|1\n|-damage|p1b: Sneasler|62/100\n|move|p1b: Sneasler|Close Combat|p2a: Farigiraf\n|-damage|p2a: Farigiraf|0 fnt\n|-unboost|p1b: Sneasler|def|1\n|-unboost|p1b: Sneasler|spd|1\n|faint|p2a: Farigiraf\n|-enditem|p1b: Sneasler|White Herb\n|-clearnegativeboost|p1b: Sneasler|[silent]\n|\n|-weather|RainDance|[upkeep]\n|upkeep\n|\n|t:|1776433838\n|switch|p2a: Primarina|Primarina, L50, F|57/100\n|turn|8\n|inactive|KaFe-03 has 30 seconds left.\n|\n|t:|1776433864\n|move|p2a: Primarina|Protect|p2a: Primarina\n|-singleturn|p2a: Primarina|Protect\n|move|p1b: Sneasler|Dire Claw|p2a: Primarina\n|-activate|p2a: Primarina|move: Protect\n|move|p1a: Pelipper|Hurricane|p2a: Primarina\n|-activate|p2a: Primarina|move: Protect\n|move|p2b: Kingambit|Iron Head|p1b: Sneasler\n|-damage|p1b: Sneasler|0 fnt\n|faint|p1b: Sneasler\n|\n|-weather|none\n|-heal|p2a: Primarina|63/100|[from] item: Leftovers\n|upkeep\n|turn|9\n|\n|t:|1776433883\n|move|p1a: Pelipper|Hurricane|p2a: Primarina\n|-damage|p2a: Primarina|21/100\n|move|p2a: Primarina|Ice Beam|p1a: Pelipper\n|-damage|p1a: Pelipper|0 fnt\n|faint|p1a: Pelipper\n|\n|win|Trial003x\n|raw|KaFe-03's rating: 1056 &rarr; <strong>1036</strong><br />(-20 for losing)\n|raw|Trial003x's rating: 1017 &rarr; <strong>1059</strong><br />(+42 for winning)\n",
  "uploadtime": 1776433886,
  "views": 23,
  "formatid": "gen9championsvgc2026regma",
  "rating": 1036,
  "private": 0,
  "password": null
}