{
  "id": "gen9championsvgc2026regma-2583276639",
  "format": "[Gen 9 Champions] VGC 2026 Reg M-A",
  "players": [
    "RafaTheForth",
    "RandomGuyInSchool"
  ],
  "log": "|j|\u2606RafaTheForth\n|j|\u2606RandomGuyInSchool\n|t:|1776162284\n|gametype|doubles\n|player|p1|RafaTheForth|ballguy|1150\n|player|p2|RandomGuyInSchool|schoolkid-gen4|1149\n|gen|9\n|tier|[Gen 9 Champions] VGC 2026 Reg M-A\n|rated|\n|rule|Species Clause: Limit one of each Pok\u00e9mon\n|rule|Item Clause: Limit 1 of each item\n|clearpoke\n|poke|p1|Archaludon, L50, M|\n|poke|p1|Pelipper, L50, M|\n|poke|p1|Floette-Eternal, L50, F|\n|poke|p1|Sinistcha, L50|\n|poke|p1|Meganium, L50, F|\n|poke|p1|Incineroar, L50, F|\n|poke|p2|Rotom-Wash, L50|\n|poke|p2|Incineroar, L50, M|\n|poke|p2|Sinistcha, L50|\n|poke|p2|Drampa, L50, M|\n|poke|p2|Floette-Eternal, L50, F|\n|poke|p2|Sneasler, L50, F|\n|teampreview|4\n|inactive|Battle timer is ON: inactive players will automatically lose when time's up. (requested by RandomGuyInSchool)\nRandomGuyInSchool rejected open team sheets.\n|inactive|RafaTheForth has 60 seconds left.\n|inactive|RandomGuyInSchool has 60 seconds left.\n|\n|t:|1776162333\n|teamsize|p1|4\n|teamsize|p2|4\n|start\n|switch|p1a: Pelipper|Pelipper, L50, M|100/100\n|switch|p1b: Floette|Floette-Eternal, L50, F|100/100\n|switch|p2a: Sinistcha|Sinistcha, L50|100/100\n|switch|p2b: Incineroar|Incineroar, L50, M|100/100\n|-weather|RainDance|[from] ability: Drizzle|[of] p1a: Pelipper\n|-ability|p2b: Incineroar|Intimidate|boost\n|-unboost|p1a: Pelipper|atk|1\n|-unboost|p1b: Floette|atk|1\n|turn|1\n|\n|t:|1776162351\n|detailschange|p1b: Floette|Floette-Mega, L50, F\n|-mega|p1b: Floette|Floette|Floettite\n|-ability|p1b: Floette|Fairy Aura\n|move|p2b: Incineroar|Fake Out|p1a: Pelipper\n|-damage|p1a: Pelipper|86/100\n|cant|p1a: Pelipper|flinch\n|move|p1b: Floette|Calm Mind|p1b: Floette\n|-boost|p1b: Floette|spa|1\n|-boost|p1b: Floette|spd|1\n|move|p2a: Sinistcha|Trick Room|p2a: Sinistcha\n|-fieldstart|move: Trick Room|[of] p2a: Sinistcha\n|\n|-weather|RainDance|[upkeep]\n|upkeep\n|turn|2\n|\n|t:|1776162373\n|move|p2b: Incineroar|Parting Shot|p1b: Floette\n|-unboost|p1b: Floette|atk|1\n|-unboost|p1b: Floette|spa|1\n|\n|t:|1776162377\n|switch|p2b: Drampa|Drampa, L50, M|100/100|[from] Parting Shot\n|-ability|p2b: Drampa|Cloud Nine\n|move|p2a: Sinistcha|Matcha Gotcha|p1b: Floette|[spread] p1a,p1b\n|-damage|p1a: Pelipper|39/100\n|-damage|p1b: Floette|89/100\n|move|p1b: Floette|Calm Mind|p1b: Floette\n|-boost|p1b: Floette|spa|1\n|-boost|p1b: Floette|spd|1\n|move|p1a: Pelipper|Hurricane|p2a: Sinistcha\n|-supereffective|p2a: Sinistcha|1\n|-damage|p2a: Sinistcha|20/100\n|-enditem|p2a: Sinistcha|Sitrus Berry|[eat]\n|-heal|p2a: Sinistcha|44/100|[from] item: Sitrus Berry\n|\n|-weather|RainDance|[upkeep]\n|upkeep\n|turn|3\n|\n|t:|1776162407\n|switch|p2a: Incineroar|Incineroar, L50, M|100/100\n|-ability|p2a: Incineroar|Intimidate|boost\n|-unboost|p1a: Pelipper|atk|1\n|-unboost|p1b: Floette|atk|1\n|move|p2b: Drampa|Protect|p2b: Drampa\n|-singleturn|p2b: Drampa|Protect\n|move|p1b: Floette|Dazzling Gleam|p2b: Drampa|[spread] p2a\n|-activate|p2b: Drampa|move: Protect\n|-damage|p2a: Incineroar|27/100\n|move|p1a: Pelipper|Hurricane|p2a: Incineroar|[miss]\n|-miss|p1a: Pelipper|p2a: Incineroar\n|\n|-weather|RainDance|[upkeep]\n|upkeep\n|turn|4\n|\n|t:|1776162429\n|detailschange|p2b: Drampa|Drampa-Mega, L50, M\n|-mega|p2b: Drampa|Drampa|Drampanite\n|move|p2a: Incineroar|Fake Out|p1b: Floette\n|-damage|p1b: Floette|78/100\n|move|p2b: Drampa|Hyper Voice|p1b: Floette|[spread] p1a,p1b\n|-damage|p1a: Pelipper|0 fnt\n|-damage|p1b: Floette|63/100\n|faint|p1a: Pelipper\n|cant|p1b: Floette|flinch\n|\n|-weather|RainDance|[upkeep]\n|upkeep\n|\n|t:|1776162444\n|switch|p1a: Incineroar|Incineroar, L50, F|100/100\n|-ability|p1a: Incineroar|Intimidate|boost\n|-unboost|p2a: Incineroar|atk|1\n|-unboost|p2b: Drampa|atk|1\n|turn|5\n|\n|t:|1776162454\n|move|p2b: Drampa|Protect|p2b: Drampa\n|-singleturn|p2b: Drampa|Protect\n|move|p1a: Incineroar|Fake Out|p2b: Drampa\n|-activate|p2b: Drampa|move: Protect\n|move|p2a: Incineroar|Parting Shot|p1b: Floette\n|-unboost|p1b: Floette|atk|1\n|-unboost|p1b: Floette|spa|1\n|\n|t:|1776162464\n|switch|p2a: Sneasler|Sneasler, L50, F|100/100|[from] Parting Shot\n|move|p1b: Floette|Calm Mind|p1b: Floette\n|-boost|p1b: Floette|spa|1\n|-boost|p1b: Floette|spd|1\n|\n|-weather|none\n|-fieldend|move: Trick Room\n|upkeep\n|turn|6\n|inactive|RandomGuyInSchool has 30 seconds left.\n|\n|t:|1776162494\n|move|p2a: Sneasler|Dire Claw|p1b: Floette\n|-supereffective|p1b: Floette|1\n|-damage|p1b: Floette|0 fnt\n|faint|p1b: Floette\n|move|p1a: Incineroar|Parting Shot|p2a: Sneasler\n|-unboost|p2a: Sneasler|atk|1\n|-unboost|p2a: Sneasler|spa|1\n|\n|t:|1776162497\n|switch|p1a: Archaludon|Archaludon, L50, M|100/100|[from] Parting Shot\n|-enditem|p2a: Sneasler|White Herb\n|-clearnegativeboost|p2a: Sneasler|[silent]\n|move|p2b: Drampa|Calm Mind|p2b: Drampa\n|-boost|p2b: Drampa|spa|1\n|-boost|p2b: Drampa|spd|1\n|\n|upkeep\n|\n|t:|1776162499\n|switch|p1b: Incineroar|Incineroar, L50, F|100/100\n|-ability|p1b: Incineroar|Intimidate|boost\n|-unboost|p2a: Sneasler|atk|1\n|-unboost|p2b: Drampa|atk|1\n|turn|7\n|inactive|RandomGuyInSchool has 30 seconds left.\n|\n|t:|1776162526\n|switch|p2a: Sinistcha|Sinistcha, L50|44/100\n|move|p2b: Drampa|Protect|p2b: Drampa\n|-singleturn|p2b: Drampa|Protect\n|move|p1b: Incineroar|Fake Out|p2a: Sinistcha\n|-immune|p2a: Sinistcha\n|move|p1a: Archaludon|Draco Meteor|p2b: Drampa\n|-activate|p2b: Drampa|move: Protect\n|\n|upkeep\n|turn|8\n|\n|t:|1776162547\n|move|p2a: Sinistcha|Rage Powder|p2a: Sinistcha\n|-singleturn|p2a: Sinistcha|move: Rage Powder\n|move|p1a: Archaludon|Draco Meteor|p2a: Sinistcha\n|-damage|p2a: Sinistcha|0 fnt\n|-unboost|p1a: Archaludon|spa|2\n|faint|p2a: Sinistcha\n|-enditem|p1a: Archaludon|White Herb\n|-clearnegativeboost|p1a: Archaludon|[silent]\n|move|p1b: Incineroar|Flare Blitz|p2b: Drampa\n|-resisted|p2b: Drampa|1\n|-damage|p2b: Drampa|80/100\n|-damage|p1b: Incineroar|94/100|[from] Recoil\n|move|p2b: Drampa|Earth Power|p1b: Incineroar\n|-supereffective|p1b: Incineroar|1\n|-damage|p1b: Incineroar|8/100\n|-enditem|p1b: Incineroar|Sitrus Berry|[eat]\n|-heal|p1b: Incineroar|33/100|[from] item: Sitrus Berry\n|\n|upkeep\n|\n|t:|1776162565\n|switch|p2a: Incineroar|Incineroar, L50, M|27/100\n|-ability|p2a: Incineroar|Intimidate|boost\n|-unboost|p1a: Archaludon|atk|1\n|-unboost|p1b: Incineroar|atk|1\n|turn|9\n|\n|t:|1776162575\n|move|p2a: Incineroar|Fake Out|p1a: Archaludon\n|-resisted|p1a: Archaludon|1\n|-damage|p1a: Archaludon|96/100\n|-ability|p1a: Archaludon|Stamina|boost\n|-boost|p1a: Archaludon|def|1\n|cant|p1a: Archaludon|flinch\n|move|p1b: Incineroar|Snarl|p2a: Incineroar|[spread] p2a,p2b\n|-resisted|p2a: Incineroar|1\n|-damage|p2a: Incineroar|22/100\n|-damage|p2b: Drampa|74/100\n|-unboost|p2a: Incineroar|spa|1\n|-unboost|p2b: Drampa|spa|1\n|move|p2b: Drampa|Hyper Voice|p1a: Archaludon|[spread] p1a,p1b\n|-resisted|p1a: Archaludon|1\n|-damage|p1a: Archaludon|63/100\n|-damage|p1b: Incineroar|0 fnt\n|-ability|p1a: Archaludon|Stamina|boost\n|-boost|p1a: Archaludon|def|1\n|faint|p1b: Incineroar\n|\n|upkeep\n|turn|10\n|\n|t:|1776162594\n|move|p2b: Drampa|Protect|p2b: Drampa\n|-singleturn|p2b: Drampa|Protect\n|move|p1a: Archaludon|Draco Meteor|p2b: Drampa\n|-activate|p2b: Drampa|move: Protect\n|move|p2a: Incineroar|Parting Shot|p1a: Archaludon\n|-unboost|p1a: Archaludon|atk|1\n|-unboost|p1a: Archaludon|spa|1\n|\n|t:|1776162600\n|switch|p2a: Sneasler|Sneasler, L50, F|100/100|[from] Parting Shot\n|\n|upkeep\n|turn|11\n|c|\u2606RafaTheForth|omg so annoying kid jesus fucking christ\n|-message|RafaTheForth forfeited.\n|\n|win|RandomGuyInSchool\n|raw|RafaTheForth's rating: 1150 &rarr; <strong>1125</strong><br />(-25 for losing)\n|raw|RandomGuyInSchool's rating: 1149 &rarr; <strong>1174</strong><br />(+25 for winning)\n|l|\u2606RafaTheForth\n|player|p1|\n|j|\u2606RafaTheForth\n|player|p1|RafaTheForth|ballguy|\n",
  "uploadtime": 1776162611,
  "views": 15,
  "formatid": "gen9championsvgc2026regma",
  "rating": 1125,
  "private": 0,
  "password": null
}