{
  "id": "gen9championsvgc2026regma-2582315948",
  "format": "[Gen 9 Champions] VGC 2026 Reg M-A",
  "players": [
    "lucasmalt",
    "OwlsGoHooot"
  ],
  "log": "|j|\u2606lucasmalt\n|j|\u2606OwlsGoHooot\n|t:|1776082678\n|gametype|doubles\n|player|p1|lucasmalt|102|1265\n|player|p2|OwlsGoHooot|102|1183\n|gen|9\n|tier|[Gen 9 Champions] VGC 2026 Reg M-A\n|rated|\n|rule|Species Clause: Limit one of each Pok\u00e9mon\n|rule|Item Clause: Limit 1 of each item\n|clearpoke\n|poke|p1|Tyranitar, L50, M|\n|poke|p1|Garchomp, L50, M|\n|poke|p1|Milotic, L50, M|\n|poke|p1|Sinistcha, L50|\n|poke|p1|Incineroar, L50, F|\n|poke|p1|Corviknight, L50, M|\n|poke|p2|Starmie, L50|\n|poke|p2|Sneasler, L50, M|\n|poke|p2|Sinistcha, L50|\n|poke|p2|Kingambit, L50, M|\n|poke|p2|Dragonite, L50, F|\n|poke|p2|Pelipper, L50, M|\n|teampreview|4\n|inactive|Battle timer is ON: inactive players will automatically lose when time's up. (requested by lucasmalt)\n|inactive|lucasmalt has 60 seconds left.\n|\n|t:|1776082745\n|teamsize|p1|4\n|teamsize|p2|4\n|start\n|switch|p1a: Tyranitar|Tyranitar, L50, M, shiny|100/100\n|switch|p1b: Milotic|Milotic, L50, M, shiny|100/100\n|switch|p2a: Sneasler|Sneasler, L50, M|100/100\n|switch|p2b: Starmie|Starmie, L50|100/100\n|-weather|Sandstorm|[from] ability: Sand Stream|[of] p1a: Tyranitar\n|turn|1\n|\n|t:|1776082758\n|detailschange|p2b: Starmie|Starmie-Mega, L50\n|-mega|p2b: Starmie|Starmie|Starminite\n|move|p1a: Tyranitar|Protect|p1a: Tyranitar\n|-singleturn|p1a: Tyranitar|Protect\n|move|p2a: Sneasler|Fake Out|p1b: Milotic\n|-damage|p1b: Milotic|88/100\n|move|p2b: Starmie|Liquidation|p1a: Tyranitar\n|-activate|p1a: Tyranitar|move: Protect\n|cant|p1b: Milotic|flinch\n|\n|-weather|Sandstorm|[upkeep]\n|-damage|p2a: Sneasler|95/100|[from] Sandstorm\n|-damage|p2b: Starmie|95/100|[from] Sandstorm\n|-damage|p1b: Milotic|82/100|[from] Sandstorm\n|-heal|p1b: Milotic|88/100|[from] item: Leftovers\n|upkeep\n|turn|2\n|\n|t:|1776082780\n|switch|p2a: Pelipper|Pelipper, L50, M|100/100\n|-weather|RainDance|[from] ability: Drizzle|[of] p2a: Pelipper\n|switch|p1a: Sinistcha|Sinistcha, L50|100/100\n|-heal|p1b: Milotic|100/100|[from] ability: Hospitality|[of] p1a: Sinistcha\n|move|p2b: Starmie|Liquidation|p1a: Sinistcha\n|-resisted|p1a: Sinistcha|1\n|-damage|p1a: Sinistcha|50/100\n|-enditem|p1a: Sinistcha|Sitrus Berry|[eat]\n|-heal|p1a: Sinistcha|75/100|[from] item: Sitrus Berry\n|move|p1b: Milotic|Muddy Water|p2b: Starmie|[spread] p2a,p2b\n|-resisted|p2a: Pelipper|1\n|-crit|p2a: Pelipper\n|-resisted|p2b: Starmie|1\n|-damage|p2a: Pelipper|52/100\n|-damage|p2b: Starmie|73/100\n|-unboost|p2a: Pelipper|accuracy|1\n|\n|-weather|RainDance|[upkeep]\n|upkeep\n|turn|3\n|\n|t:|1776082804\n|move|p2a: Pelipper|Hurricane|p1a: Sinistcha\n|-supereffective|p1a: Sinistcha|1\n|-damage|p1a: Sinistcha|0 fnt\n|faint|p1a: Sinistcha\n|move|p2b: Starmie|Psycho Cut|p1b: Milotic\n|-damage|p1b: Milotic|44/100\n|move|p1b: Milotic|Coil|p1b: Milotic\n|-boost|p1b: Milotic|atk|1\n|-boost|p1b: Milotic|def|1\n|-boost|p1b: Milotic|accuracy|1\n|\n|-weather|RainDance|[upkeep]\n|-heal|p1b: Milotic|50/100|[from] item: Leftovers\n|upkeep\n|\n|t:|1776082817\n|switch|p1a: Tyranitar|Tyranitar, L50, M, shiny|100/100\n|-weather|Sandstorm|[from] ability: Sand Stream|[of] p1a: Tyranitar\n|turn|4\n|\n|t:|1776082826\n|switch|p2a: Sinistcha|Sinistcha, L50|100/100\n|-heal|p2b: Starmie|98/100|[from] ability: Hospitality|[of] p2a: Sinistcha\n|detailschange|p1a: Tyranitar|Tyranitar-Mega, L50, M, shiny\n|-mega|p1a: Tyranitar|Tyranitar|Tyranitarite\n|move|p2b: Starmie|Protect|p2b: Starmie\n|-singleturn|p2b: Starmie|Protect\n|move|p1b: Milotic|Recover|p1b: Milotic\n|-heal|p1b: Milotic|99/100\n|move|p1a: Tyranitar|Rock Slide|p2b: Starmie|[spread] p2a\n|-activate|p2b: Starmie|move: Protect\n|-damage|p2a: Sinistcha|72/100\n|\n|-weather|Sandstorm|[upkeep]\n|-damage|p2b: Starmie|92/100|[from] Sandstorm\n|-damage|p1b: Milotic|94/100|[from] Sandstorm\n|-damage|p2a: Sinistcha|65/100|[from] Sandstorm\n|-heal|p1b: Milotic|99/100|[from] item: Leftovers\n|upkeep\n|turn|5\n|inactive|OwlsGoHooot has 30 seconds left.\n|\n|t:|1776082857\n|switch|p1a: Corviknight|Corviknight, L50, M, shiny|100/100\n|move|p2b: Starmie|Liquidation|p1a: Corviknight\n|-damage|p1a: Corviknight|40/100\n|move|p1b: Milotic|Muddy Water|p2b: Starmie|[spread] p2a,p2b\n|-resisted|p2a: Sinistcha|1\n|-resisted|p2b: Starmie|1\n|-damage|p2a: Sinistcha|55/100\n|-damage|p2b: Starmie|78/100\n|move|p2a: Sinistcha|Matcha Gotcha|p1a: Corviknight|[spread] p1a,p1b\n|-resisted|p1a: Corviknight|2\n|-supereffective|p1b: Milotic|1\n|-damage|p1a: Corviknight|35/100\n|-heal|p2a: Sinistcha|58/100|[from] drain|[of] p1a: Corviknight\n|-damage|p1b: Milotic|67/100\n|-heal|p2a: Sinistcha|77/100|[from] drain|[of] p1b: Milotic\n|\n|-weather|Sandstorm|[upkeep]\n|-damage|p2b: Starmie|73/100|[from] Sandstorm\n|-damage|p1b: Milotic|61/100|[from] Sandstorm\n|-damage|p2a: Sinistcha|71/100|[from] Sandstorm\n|-heal|p1b: Milotic|67/100|[from] item: Leftovers\n|upkeep\n|turn|6\n|\n|t:|1776082882\n|move|p2b: Starmie|Liquidation|p1a: Corviknight\n|-damage|p1a: Corviknight|0 fnt\n|faint|p1a: Corviknight\n|move|p1b: Milotic|Ice Beam|p2a: Sinistcha\n|-supereffective|p2a: Sinistcha|1\n|-damage|p2a: Sinistcha|30/100\n|-enditem|p2a: Sinistcha|Sitrus Berry|[eat]\n|-heal|p2a: Sinistcha|55/100|[from] item: Sitrus Berry\n|move|p2a: Sinistcha|Matcha Gotcha|p1b: Milotic\n|-supereffective|p1b: Milotic|1\n|-damage|p1b: Milotic|21/100\n|-heal|p2a: Sinistcha|81/100|[from] drain|[of] p1b: Milotic\n|\n|-weather|Sandstorm|[upkeep]\n|-damage|p2b: Starmie|67/100|[from] Sandstorm\n|-damage|p1b: Milotic|15/100|[from] Sandstorm\n|-damage|p2a: Sinistcha|75/100|[from] Sandstorm\n|-heal|p1b: Milotic|21/100|[from] item: Leftovers\n|upkeep\n|\n|t:|1776082886\n|switch|p1a: Tyranitar|Tyranitar-Mega, L50, M, shiny|100/100\n|turn|7\n|\n|t:|1776082903\n|move|p2a: Sinistcha|Rage Powder|p2a: Sinistcha\n|-singleturn|p2a: Sinistcha|move: Rage Powder\n|move|p2b: Starmie|Psycho Cut|p1b: Milotic\n|-damage|p1b: Milotic|0 fnt\n|faint|p1b: Milotic\n|move|p1a: Tyranitar|Rock Slide|p2b: Starmie|[spread] p2a\n|-miss|p1a: Tyranitar|p2b: Starmie\n|-crit|p2a: Sinistcha\n|-damage|p2a: Sinistcha|25/100\n|\n|-weather|Sandstorm|[upkeep]\n|-damage|p2b: Starmie|61/100|[from] Sandstorm\n|-damage|p2a: Sinistcha|19/100|[from] Sandstorm\n|upkeep\n|turn|8\n|\n|t:|1776082916\n|switch|p2a: Pelipper|Pelipper, L50, M|52/100\n|-weather|RainDance|[from] ability: Drizzle|[of] p2a: Pelipper\n|move|p2b: Starmie|Liquidation|p1a: Tyranitar\n|-supereffective|p1a: Tyranitar|1\n|-damage|p1a: Tyranitar|0 fnt\n|faint|p1a: Tyranitar\n|\n|win|OwlsGoHooot\n|raw|lucasmalt's rating: 1265 &rarr; <strong>1234</strong><br />(-31 for losing)\n|raw|OwlsGoHooot's rating: 1183 &rarr; <strong>1214</strong><br />(+31 for winning)\n|l|\u2606lucasmalt\n|player|p1|\n",
  "uploadtime": 1776082934,
  "views": 25,
  "formatid": "gen9championsvgc2026regma",
  "rating": 1214,
  "private": 0,
  "password": null
}