{
  "id": "gen9championsvgc2026regma-2586192325",
  "format": "[Gen 9 Champions] VGC 2026 Reg M-A",
  "players": [
    "thomaple",
    "gltch_grl"
  ],
  "log": "|j|\u2606thomaple\n|j|\u2606gltch_grl\n|t:|1776410644\n|gametype|doubles\n|player|p1|thomaple|may-masters2|1109\n|player|p2|gltch_grl|2|1028\n|gen|9\n|tier|[Gen 9 Champions] VGC 2026 Reg M-A\n|rated|\n|rule|Species Clause: Limit one of each Pok\u00e9mon\n|rule|Item Clause: Limit 1 of each item\n|clearpoke\n|poke|p1|Gardevoir, L50, F|\n|poke|p1|Aerodactyl, L50, F|\n|poke|p1|Kingambit, L50, M|\n|poke|p1|Maushold-Four, L50|\n|poke|p1|Incineroar, L50, M|\n|poke|p1|Sneasler, L50, F|\n|poke|p2|Sinistcha, L50|\n|poke|p2|Aerodactyl, L50, F|\n|poke|p2|Archaludon, L50, F|\n|poke|p2|Gyarados, L50, F|\n|poke|p2|Meowscarada, L50, F|\n|poke|p2|Farigiraf, L50, F|\n|teampreview|4\n|\n|t:|1776410675\n|teamsize|p1|4\n|teamsize|p2|4\n|start\n|switch|p1a: Gardevoir|Gardevoir, L50, F, shiny|100/100\n|switch|p1b: Maushold|Maushold-Four, L50, shiny|100/100\n|switch|p2a: Farigiraf|Farigiraf, L50, F|100/100\n|switch|p2b: Aerodactyl|Aerodactyl, L50, F|100/100\n|-ability|p2b: Aerodactyl|Unnerve\n|-ability|p1a: Gardevoir|Unnerve|Trace|[from] ability: Trace|[of] p2b: Aerodactyl\n|-ability|p1a: Gardevoir|Unnerve\n|turn|1\n|\n|t:|1776410695\n|detailschange|p1a: Gardevoir|Gardevoir-Mega, L50, F, shiny\n|-mega|p1a: Gardevoir|Gardevoir|Gardevoirite\n|move|p2a: Farigiraf|Protect|p2a: Farigiraf\n|-singleturn|p2a: Farigiraf|Protect\n|move|p2b: Aerodactyl|Tailwind|p2b: Aerodactyl\n|-sidestart|p2: gltch_grl|move: Tailwind\n|move|p1a: Gardevoir|Hyper Voice|p2a: Farigiraf|[spread] p2b\n|-activate|p2a: Farigiraf|move: Protect\n|-damage|p2b: Aerodactyl|32/100\n|move|p1b: Maushold|Super Fang|p2a: Farigiraf\n|-activate|p2a: Farigiraf|move: Protect\n|\n|upkeep\n|turn|2\n|\n|t:|1776410715\n|move|p1b: Maushold|Follow Me|p1b: Maushold\n|-singleturn|p1b: Maushold|move: Follow Me\n|move|p2b: Aerodactyl|Rock Slide|p1a: Gardevoir|[spread] p1a,p1b\n|-crit|p1a: Gardevoir\n|-damage|p1a: Gardevoir|52/100\n|-damage|p1b: Maushold|78/100\n|move|p2a: Farigiraf|Imprison|p2a: Farigiraf\n|-start|p2a: Farigiraf|move: Imprison\n|cant|p1a: Gardevoir|move: Imprison|Hyper Voice\n|\n|upkeep\n|turn|3\n|\n|t:|1776410741\n|switch|p1b: Aerodactyl|Aerodactyl, L50, F, shiny|100/100\n|-ability|p1b: Aerodactyl|Unnerve\n|move|p2a: Farigiraf|Protect|p2a: Farigiraf\n|-singleturn|p2a: Farigiraf|Protect\n|move|p2b: Aerodactyl|Rock Slide|p1b: Aerodactyl|[spread] p1a,p1b\n|-supereffective|p1b: Aerodactyl|1\n|-damage|p1a: Gardevoir|11/100\n|-damage|p1b: Aerodactyl|24/100\n|move|p1a: Gardevoir|Psychic|p2b: Aerodactyl\n|-damage|p2b: Aerodactyl|0 fnt\n|faint|p2b: Aerodactyl\n|\n|upkeep\n|\n|t:|1776410767\n|switch|p2b: Gyarados|Gyarados, L50, F|100/100\n|-ability|p2b: Gyarados|Intimidate|boost\n|-unboost|p1a: Gardevoir|atk|1\n|-unboost|p1b: Aerodactyl|atk|1\n|turn|4\n|\n|t:|1776410792\n|switch|p1a: Incineroar|Incineroar, L50, M, shiny|100/100\n|-ability|p1a: Incineroar|Intimidate|boost\n|-unboost|p2a: Farigiraf|atk|1\n|-unboost|p2b: Gyarados|atk|1\n|move|p2b: Gyarados|Protect|p2b: Gyarados\n|-singleturn|p2b: Gyarados|Protect\n|move|p2a: Farigiraf|Hyper Voice|p1b: Aerodactyl|[spread] p1a,p1b\n|-resisted|p1b: Aerodactyl|1\n|-damage|p1a: Incineroar|64/100\n|-damage|p1b: Aerodactyl|0 fnt\n|faint|p1b: Aerodactyl\n|\n|-sideend|p2: gltch_grl|move: Tailwind\n|upkeep\n|\n|t:|1776410807\n|switch|p1b: Maushold|Maushold-Four, L50, shiny|78/100\n|turn|5\n|\n|t:|1776410822\n|switch|p2a: Sinistcha|Sinistcha, L50|100/100\n|detailschange|p2b: Gyarados|Gyarados-Mega, L50, F\n|-mega|p2b: Gyarados|Gyarados|Gyaradosite\n|-ability|p2b: Gyarados|Mold Breaker\n|move|p1a: Incineroar|Fake Out|p2b: Gyarados\n|-crit|p2b: Gyarados\n|-damage|p2b: Gyarados|85/100\n|cant|p2b: Gyarados|flinch\n|move|p1b: Maushold|Super Fang|p2a: Sinistcha\n|-immune|p2a: Sinistcha\n|\n|upkeep\n|turn|6\n|\n|t:|1776410842\n|move|p2a: Sinistcha|Rage Powder|p2a: Sinistcha\n|-singleturn|p2a: Sinistcha|move: Rage Powder\n|move|p2b: Gyarados|Waterfall|p1a: Incineroar\n|-supereffective|p1a: Incineroar|1\n|-damage|p1a: Incineroar|10/100\n|-enditem|p1a: Incineroar|Sitrus Berry|[eat]\n|-heal|p1a: Incineroar|35/100|[from] item: Sitrus Berry\n|move|p1b: Maushold|Super Fang|p2a: Sinistcha\n|-immune|p2a: Sinistcha\n|move|p1a: Incineroar|Parting Shot|p2a: Sinistcha\n|-unboost|p2a: Sinistcha|atk|1\n|-unboost|p2a: Sinistcha|spa|1\n|\n|t:|1776410852\n|switch|p1a: Gardevoir|Gardevoir-Mega, L50, F, shiny|11/100|[from] Parting Shot\n|\n|upkeep\n|turn|7\n|\n|t:|1776410862\n|move|p2b: Gyarados|Protect|p2b: Gyarados\n|-singleturn|p2b: Gyarados|Protect\n|move|p1b: Maushold|Follow Me|p1b: Maushold\n|-singleturn|p1b: Maushold|move: Follow Me\n|move|p1a: Gardevoir|Hyper Voice|p2b: Gyarados|[spread] p2a\n|-activate|p2b: Gyarados|move: Protect\n|-damage|p2a: Sinistcha|42/100\n|-enditem|p2a: Sinistcha|Sitrus Berry|[eat]\n|-heal|p2a: Sinistcha|66/100|[from] item: Sitrus Berry\n|move|p2a: Sinistcha|Matcha Gotcha|p1a: Gardevoir|[spread] p1a,p1b\n|-damage|p1a: Gardevoir|0 fnt\n|-heal|p2a: Sinistcha|71/100|[from] drain|[of] p1a: Gardevoir\n|-damage|p1b: Maushold|58/100\n|-heal|p2a: Sinistcha|81/100|[from] drain|[of] p1b: Maushold\n|faint|p1a: Gardevoir\n|\n|upkeep\n|-message|thomaple forfeited.\n|\n|win|gltch_grl\n|raw|thomaple's rating: 1109 &rarr; <strong>1078</strong><br />(-31 for losing)\n|raw|gltch_grl's rating: 1028 &rarr; <strong>1072</strong><br />(+44 for winning)\n|l|\u2606thomaple\n|player|p1|\n",
  "uploadtime": 1776410880,
  "views": 30,
  "formatid": "gen9championsvgc2026regma",
  "rating": 1072,
  "private": 0,
  "password": null
}