{
  "id": "gen9championsvgc2026regma-2588790127",
  "format": "[Gen 9 Champions] VGC 2026 Reg M-A",
  "players": [
    "DarkothQi",
    "mizutiga"
  ],
  "log": "|j|\u2606DarkothQi\n|j|\u2606mizutiga\n|t:|1776671121\n|gametype|doubles\n|player|p1|DarkothQi|miku-ground|1044\n|player|p2|mizutiga|266|1109\n|gen|9\n|tier|[Gen 9 Champions] VGC 2026 Reg M-A\n|rated|\n|rule|Species Clause: Limit one of each Pok\u00e9mon\n|rule|Item Clause: Limit 1 of each item\n|clearpoke\n|poke|p1|Scovillain, L50, F|\n|poke|p1|Dragapult, L50, M|\n|poke|p1|Gyarados, L50, M|\n|poke|p1|Corviknight, L50, F|\n|poke|p1|Diggersby, L50, M|\n|poke|p1|Rotom-Wash, L50|\n|poke|p2|Serperior, L50, F, shiny|\n|poke|p2|Incineroar, L50, M|\n|poke|p2|Tauros-Paldea-Aqua, L50, M|\n|poke|p2|Pelipper, L50, F|\n|poke|p2|Dragonite, L50, F|\n|poke|p2|Milotic, L50, M|\n|teampreview|4\n|\n|t:|1776671157\n|teamsize|p1|4\n|teamsize|p2|4\n|start\n|switch|p1a: Scovillain|Scovillain, L50, F|100/100\n|switch|p1b: Dragapult|Dragapult, L50, M|100/100\n|switch|p2a: Milotic|Milotic, L50, M|100/100\n|switch|p2b: Serperior|Serperior, L50, F, shiny|100/100\n|turn|1\n|\n|t:|1776671177\n|switch|p2b: Pelipper|Pelipper, L50, F|100/100\n|-weather|RainDance|[from] ability: Drizzle|[of] p2b: Pelipper\n|move|p1a: Scovillain|Protect|p1a: Scovillain\n|-singleturn|p1a: Scovillain|Protect\n|move|p1b: Dragapult|Light Screen|p1b: Dragapult\n|-sidestart|p1: DarkothQi|move: Light Screen\n|move|p2a: Milotic|Alluring Voice|p1b: Dragapult\n|-supereffective|p1b: Dragapult|1\n|-damage|p1b: Dragapult|64/100\n|\n|-weather|RainDance|[upkeep]\n|-ability|p1a: Scovillain|Moody|boost\n|-boost|p1a: Scovillain|spe|2\n|-unboost|p1a: Scovillain|atk|1\n|upkeep\n|turn|2\n|\n|t:|1776671239\n|switch|p1b: Rotom|Rotom-Wash, L50|100/100\n|detailschange|p1a: Scovillain|Scovillain-Mega, L50, F\n|-mega|p1a: Scovillain|Scovillain|Scovillainite\n|move|p1a: Scovillain|Leech Seed|p2a: Milotic\n|-start|p2a: Milotic|move: Leech Seed\n|move|p2a: Milotic|Icy Wind|p1b: Rotom|[spread] p1a,p1b\n|-resisted|p1b: Rotom|1\n|-damage|p1a: Scovillain|93/100\n|-damage|p1b: Rotom|97/100\n|-unboost|p1a: Scovillain|spe|1\n|-unboost|p1b: Rotom|spe|1\n|-status|p2a: Milotic|brn|[from] ability: Spicy Spray|[of] p1a: Scovillain\n|move|p2b: Pelipper|Hurricane|p1a: Scovillain\n|-supereffective|p1a: Scovillain|1\n|-damage|p1a: Scovillain|38/100\n|-status|p2b: Pelipper|brn|[from] ability: Spicy Spray|[of] p1a: Scovillain\n|\n|-weather|RainDance|[upkeep]\n|-damage|p2a: Milotic|88/100 brn|[from] Leech Seed|[of] p1a: Scovillain\n|-heal|p1a: Scovillain|55/100|[silent]\n|-damage|p2a: Milotic|82/100 brn|[from] brn\n|-damage|p2b: Pelipper|95/100 brn|[from] brn\n|upkeep\n|turn|3\n|\n|t:|1776671271\n|move|p1a: Scovillain|Protect|p1a: Scovillain\n|-singleturn|p1a: Scovillain|Protect\n|move|p2a: Milotic|Muddy Water|p1a: Scovillain|[spread] p1b\n|-activate|p1a: Scovillain|move: Protect\n|-resisted|p1b: Rotom|1\n|-damage|p1b: Rotom|84/100\n|move|p2b: Pelipper|Hurricane|p1a: Scovillain\n|-activate|p1a: Scovillain|move: Protect\n|move|p1b: Rotom|Electroweb|p2b: Pelipper|[spread] p2a,p2b\n|-supereffective|p2a: Milotic|1\n|-supereffective|p2b: Pelipper|2\n|-damage|p2a: Milotic|55/100 brn\n|-damage|p2b: Pelipper|0 fnt\n|-unboost|p2a: Milotic|spe|1\n|-ability|p2a: Milotic|Competitive|boost\n|-boost|p2a: Milotic|spa|2\n|faint|p2b: Pelipper\n|\n|-weather|RainDance|[upkeep]\n|-heal|p2a: Milotic|61/100 brn|[from] item: Leftovers\n|-damage|p2a: Milotic|49/100 brn|[from] Leech Seed|[of] p1a: Scovillain\n|-heal|p1a: Scovillain|73/100|[silent]\n|-damage|p2a: Milotic|43/100 brn|[from] brn\n|upkeep\n|\n|t:|1776671279\n|switch|p2b: Serperior|Serperior, L50, F, shiny|100/100\n|turn|4\n|\n|t:|1776671314\n|move|p2b: Serperior|Leaf Storm|p1b: Rotom\n|-supereffective|p1b: Rotom|1\n|-enditem|p1b: Rotom|Rindo Berry|[eat]\n|-enditem|p1b: Rotom|Rindo Berry|[weaken]\n|-damage|p1b: Rotom|44/100\n|-boost|p2b: Serperior|spa|2\n|move|p1a: Scovillain|Flamethrower|p2b: Serperior\n|-supereffective|p2b: Serperior|1\n|-damage|p2b: Serperior|36/100\n|move|p1b: Rotom|Electroweb|p2b: Serperior|[spread] p2a,p2b\n|-supereffective|p2a: Milotic|1\n|-resisted|p2b: Serperior|1\n|-damage|p2a: Milotic|16/100 brn\n|-damage|p2b: Serperior|25/100\n|-unboost|p2a: Milotic|spe|1\n|-ability|p2a: Milotic|Competitive|boost\n|-boost|p2a: Milotic|spa|2\n|-boost|p2b: Serperior|spe|1\n|move|p2a: Milotic|Muddy Water|p1b: Rotom|[spread] p1a,p1b\n|-resisted|p1b: Rotom|1\n|-damage|p1a: Scovillain|0 fnt\n|-damage|p1b: Rotom|8/100\n|faint|p1a: Scovillain\n|\n|-weather|RainDance|[upkeep]\n|-heal|p2a: Milotic|22/100 brn|[from] item: Leftovers\n|-damage|p2a: Milotic|16/100 brn|[from] brn\n|upkeep\n|\n|t:|1776671338\n|switch|p1a: Dragapult|Dragapult, L50, M|64/100\n|turn|5\n|\n|t:|1776671358\n|move|p1b: Rotom|Protect|p1b: Rotom\n|-singleturn|p1b: Rotom|Protect\n|move|p2b: Serperior|Dragon Pulse|p1a: Dragapult\n|-supereffective|p1a: Dragapult|1\n|-damage|p1a: Dragapult|0 fnt\n|faint|p1a: Dragapult\n|move|p2a: Milotic|Icy Wind|p1b: Rotom\n|-activate|p1b: Rotom|move: Protect\n|\n|-weather|none\n|-heal|p2a: Milotic|22/100 brn|[from] item: Leftovers\n|-damage|p2a: Milotic|16/100 brn|[from] brn\n|-sideend|p1: DarkothQi|move: Light Screen\n|upkeep\n|\n|t:|1776671372\n|switch|p1a: Diggersby|Diggersby, L50, M|100/100\n|turn|6\n|\n|t:|1776671403\n|move|p2b: Serperior|Leaf Storm|p1a: Diggersby\n|-supereffective|p1a: Diggersby|1\n|-damage|p1a: Diggersby|0 fnt\n|-boost|p2b: Serperior|spa|2\n|faint|p1a: Diggersby\n|move|p1b: Rotom|Electroweb|p2a: Milotic|[spread] p2a,p2b\n|-supereffective|p2a: Milotic|1\n|-crit|p2a: Milotic\n|-resisted|p2b: Serperior|1\n|-damage|p2a: Milotic|0 fnt\n|-damage|p2b: Serperior|13/100\n|-boost|p2b: Serperior|spe|1\n|faint|p2a: Milotic\n|\n|upkeep\n|\n|t:|1776671428\n|switch|p2a: Dragonite|Dragonite, L50, F|100/100\n|turn|7\n|-message|DarkothQi forfeited.\n|\n|win|mizutiga\n|raw|DarkothQi's rating: 1044 &rarr; <strong>1030</strong><br />(-14 for losing)\n|raw|mizutiga's rating: 1109 &rarr; <strong>1129</strong><br />(+20 for winning)\n|l|\u2606DarkothQi\n|player|p1|\n",
  "uploadtime": 1776671433,
  "views": 11,
  "formatid": "gen9championsvgc2026regma",
  "rating": 1030,
  "private": 0,
  "password": null
}