{
  "id": "gen9championsvgc2026regma-2585566306",
  "format": "[Gen 9 Champions] VGC 2026 Reg M-A",
  "players": [
    "impassw",
    "goat.mode.activate"
  ],
  "log": "|j|\u2606impassw\n|j|\u2606goat.mode.activate\n|t:|1776355945\n|gametype|doubles\n|player|p1|impassw|2|1049\n|player|p2|goat.mode.activate|flannery|1144\n|gen|9\n|tier|[Gen 9 Champions] VGC 2026 Reg M-A\n|rated|\n|rule|Species Clause: Limit one of each Pok\u00e9mon\n|rule|Item Clause: Limit 1 of each item\n|clearpoke\n|poke|p1|Gardevoir, L50, F|\n|poke|p1|Sneasler, L50, M|\n|poke|p1|Archaludon, L50, M|\n|poke|p1|Pelipper, L50, M|\n|poke|p1|Sinistcha, L50|\n|poke|p1|Basculegion, L50, M|\n|poke|p2|Delphox, L50, F|\n|poke|p2|Farigiraf, L50, F|\n|poke|p2|Whimsicott, L50, F|\n|poke|p2|Incineroar, L50, F|\n|poke|p2|Froslass, L50, F|\n|poke|p2|Aerodactyl, L50, F|\n|teampreview|4\nimpassw has agreed to open team sheets.\n|\n|t:|1776355983\n|teamsize|p1|4\n|teamsize|p2|4\n|start\n|switch|p1a: Pelipper|Pelipper, L50, M|100/100\n|switch|p1b: Basculegion|Basculegion, L50, M|100/100\n|switch|p2a: Incineroar|Incineroar, L50, F|100/100\n|switch|p2b: Farigiraf|Farigiraf, L50, F|100/100\n|-weather|RainDance|[from] ability: Drizzle|[of] p1a: Pelipper\n|-ability|p2a: Incineroar|Intimidate|boost\n|-unboost|p1a: Pelipper|atk|1\n|-unboost|p1b: Basculegion|atk|1\n|turn|1\n|inactive|Battle timer is ON: inactive players will automatically lose when time's up. (requested by impassw)\n|inactive|goat.mode.activate has 60 seconds left.\n|\n|t:|1776356027\n|switch|p1a: Archaludon|Archaludon, L50, M|100/100\n|move|p1b: Basculegion|Flip Turn|p2a: Incineroar\n|-supereffective|p2a: Incineroar|1\n|-damage|p2a: Incineroar|24/100\n|-enditem|p2a: Incineroar|Sitrus Berry|[eat]\n|-heal|p2a: Incineroar|48/100|[from] item: Sitrus Berry\n|\n|t:|1776356039\n|switch|p1b: Gardevoir|Gardevoir, L50, F|100/100|[from] Flip Turn\n|move|p2b: Farigiraf|Gravity|p2b: Farigiraf\n|-fieldstart|move: Gravity\n|move|p2a: Incineroar|Throat Chop|p1b: Gardevoir\n|-damage|p1b: Gardevoir|25/100\n|-start|p1b: Gardevoir|Throat Chop|[silent]\n|\n|-weather|RainDance|[upkeep]\n|upkeep\n|turn|2\n|inactive|impassw has 30 seconds left.\n|\n|t:|1776356069\n|move|p1b: Gardevoir|Protect|p1b: Gardevoir\n|-singleturn|p1b: Gardevoir|Protect\n|move|p1a: Archaludon|Electro Shot||[still]\n|-prepare|p1a: Archaludon|Electro Shot\n|-boost|p1a: Archaludon|spa|1\n|-anim|p1a: Archaludon|Electro Shot|p2a: Incineroar\n|-damage|p2a: Incineroar|0 fnt\n|faint|p2a: Incineroar\n|move|p2b: Farigiraf|Psychic Terrain|p2b: Farigiraf\n|-fieldstart|move: Psychic Terrain\n|\n|-weather|RainDance|[upkeep]\n|-end|p1b: Gardevoir|Throat Chop|[silent]\n|upkeep\n|\n|t:|1776356080\n|switch|p2a: Meganfox|Delphox, L50, F|100/100\n|turn|3\n|inactive|impassw has 30 seconds left.\n|inactive|impassw has 20 seconds left.\n|inactive|impassw has 15 seconds left.\n|\n|t:|1776356122\n|switch|p2b: Whimsicott|Whimsicott, L50, F|100/100\n|detailschange|p2a: Meganfox|Delphox-Mega, L50, F\n|-mega|p2a: Meganfox|Delphox|Delphoxite\n|detailschange|p1b: Gardevoir|Gardevoir-Mega, L50, F\n|-mega|p1b: Gardevoir|Gardevoir|Gardevoirite\n|move|p2a: Meganfox|Protect|p2a: Meganfox\n|-singleturn|p2a: Meganfox|Protect\n|move|p1b: Gardevoir|Protect||[still]\n|-fail|p1b: Gardevoir\n|move|p1a: Archaludon|Draco Meteor|p2a: Meganfox\n|-activate|p2a: Meganfox|move: Protect\n|\n|-weather|RainDance|[upkeep]\n|upkeep\n|turn|4\n|inactive|impassw has 30 seconds left.\n|inactive|goat.mode.activate has 30 seconds left.\n|inactive|goat.mode.activate has 20 seconds left.\n|\n|t:|1776356157\n|switch|p1a: Basculegion|Basculegion, L50, M|100/100\n|move|p2b: Whimsicott|Sunny Day|p2b: Whimsicott\n|-weather|SunnyDay\n|move|p2a: Meganfox|Expanding Force|p1a: Basculegion|[spread] p1a,p1b\n|-resisted|p1b: Gardevoir|1\n|-damage|p1a: Basculegion|18/100\n|-damage|p1b: Gardevoir|0 fnt\n|faint|p1b: Gardevoir\n|\n|-weather|SunnyDay|[upkeep]\n|upkeep\n|\n|t:|1776356175\n|switch|p1b: Archaludon|Archaludon, L50, M|100/100\n|turn|5\n|\n|t:|1776356198\n|switch|p1b: Pelipper|Pelipper, L50, M|100/100\n|-weather|RainDance|[from] ability: Drizzle|[of] p1b: Pelipper\n|move|p2b: Whimsicott|Tailwind|p2b: Whimsicott\n|-sidestart|p2: goat.mode.activate|move: Tailwind\n|move|p2a: Meganfox|Expanding Force|p1a: Basculegion|[spread] p1a,p1b\n|-damage|p1a: Basculegion|0 fnt\n|-enditem|p1b: Pelipper|Focus Sash\n|-damage|p1b: Pelipper|1/100\n|faint|p1a: Basculegion\n|\n|-weather|RainDance|[upkeep]\n|-fieldend|move: Gravity\n|upkeep\n|\n|t:|1776356219\n|switch|p1a: Archaludon|Archaludon, L50, M|100/100\n|turn|6\n|inactive|impassw has 30 seconds left.\n|inactive|impassw has 20 seconds left.\n|\n|t:|1776356258\n|move|p1b: Pelipper|Wide Guard|p1b: Pelipper\n|-singleturn|p1b: Pelipper|Wide Guard\n|move|p2b: Whimsicott|Sunny Day|p2b: Whimsicott\n|-weather|SunnyDay\n|move|p2a: Meganfox|Heat Wave|p1b: Pelipper|[spread] \n|-activate|p1a: Archaludon|move: Wide Guard\n|-activate|p1b: Pelipper|move: Wide Guard\n|move|p1a: Archaludon|Draco Meteor|p2a: Meganfox\n|-damage|p2a: Meganfox|35/100\n|-unboost|p1a: Archaludon|spa|2\n|\n|-weather|SunnyDay|[upkeep]\n|-fieldend|move: Psychic Terrain\n|upkeep\n|turn|7\n|inactive|goat.mode.activate has 30 seconds left.\n|inactive|goat.mode.activate has 20 seconds left.\n|inactive|goat.mode.activate has 15 seconds left.\n|\n|t:|1776356300\n|move|p1b: Pelipper|Wide Guard|p1b: Pelipper\n|-singleturn|p1b: Pelipper|Wide Guard\n|move|p2a: Meganfox|Expanding Force|p1b: Pelipper\n|-damage|p1b: Pelipper|0 fnt\n|faint|p1b: Pelipper\n|move|p2b: Whimsicott|Moonblast|p1a: Archaludon\n|-damage|p1a: Archaludon|39/100\n|-unboost|p1a: Archaludon|spa|1\n|-ability|p1a: Archaludon|Stamina|boost\n|-boost|p1a: Archaludon|def|1\n|move|p1a: Archaludon|Flash Cannon|p2b: Whimsicott\n|-supereffective|p2b: Whimsicott|1\n|-damage|p2b: Whimsicott|52/100\n|\n|-weather|SunnyDay|[upkeep]\n|upkeep\n|turn|8\n|-message|impassw forfeited.\n|\n|win|goat.mode.activate\n|raw|impassw's rating: 1049 &rarr; <strong>1036</strong><br />(-13 for losing)\n|raw|goat.mode.activate's rating: 1144 &rarr; <strong>1162</strong><br />(+18 for winning)\n|l|\u2606impassw\n|player|p1|\n",
  "uploadtime": 1776356321,
  "views": 37,
  "formatid": "gen9championsvgc2026regma",
  "rating": 1036,
  "private": 0,
  "password": null
}