{
  "id": "gen9championsvgc2026regma-2587229629",
  "format": "[Gen 9 Champions] VGC 2026 Reg M-A",
  "players": [
    "brojonski",
    "Senor Roshi"
  ],
  "log": "|j|\u2606brojonski\n|j|\u2606Senor Roshi\n|t:|1776511893\n|gametype|doubles\n|player|p1|brojonski|brock|1273\n|player|p2|Senor Roshi|pokemaniac|1303\n|gen|9\n|tier|[Gen 9 Champions] VGC 2026 Reg M-A\n|rated|\n|rule|Species Clause: Limit one of each Pok\u00e9mon\n|rule|Item Clause: Limit 1 of each item\n|clearpoke\n|poke|p1|Crabominable, L50, M|\n|poke|p1|Zoroark-Hisui, L50, F|\n|poke|p1|Slowking, L50, F|\n|poke|p1|Incineroar, L50, F|\n|poke|p1|Tsareena, L50, F|\n|poke|p1|Glimmora, L50, F|\n|poke|p2|Golurk, L50|\n|poke|p2|Farigiraf, L50, M|\n|poke|p2|Torkoal, L50, M|\n|poke|p2|Ampharos, L50, F|\n|poke|p2|Sneasler, L50, M|\n|poke|p2|Meowscarada, L50, M|\n|teampreview|4\n|inactive|Battle timer is ON: inactive players will automatically lose when time's up. (requested by brojonski)\n|inactive|brojonski has 60 seconds left.\n|inactive|Senor Roshi has 60 seconds left.\n|inactive|brojonski has 30 seconds left.\n|\n|t:|1776511957\n|teamsize|p1|4\n|teamsize|p2|4\n|start\n|switch|p1a: Slowking|Slowking, L50, F|100/100\n|switch|p1b: Incineroar|Incineroar, L50, F|100/100\n|switch|p2a: Farigiraf|Farigiraf, L50, M|100/100\n|switch|p2b: Sneasler|Sneasler, L50, M|100/100\n|-ability|p1b: Incineroar|Intimidate|boost\n|-unboost|p2a: Farigiraf|atk|1\n|-unboost|p2b: Sneasler|atk|1\n|-enditem|p2b: Sneasler|White Herb\n|-clearnegativeboost|p2b: Sneasler|[silent]\n|turn|1\n|inactive|brojonski has 30 seconds left.\n|inactive|brojonski has 20 seconds left.\n|inactive|brojonski has 15 seconds left.\n|inactive|brojonski has 10 seconds left.\n|\n|t:|1776512004\n|move|p2b: Sneasler|Fake Out|p1b: Incineroar\n|-damage|p1b: Incineroar|86/100\n|move|p1a: Slowking|Bitter Malice|p2b: Sneasler\n|-damage|p2b: Sneasler|48/100\n|-unboost|p2b: Sneasler|atk|1\n|cant|p1b: Incineroar|flinch\n|move|p2a: Farigiraf|Trick Room|p2a: Farigiraf\n|-fieldstart|move: Trick Room|[of] p2a: Farigiraf\n|\n|upkeep\n|turn|2\n|inactive|brojonski has 30 seconds left.\n|inactive|Senor Roshi has 30 seconds left.\n|\n|t:|1776512036\n|switch|p2b: Golurk|Golurk, L50|100/100\n|move|p2a: Farigiraf|Hyper Voice|p1a: Slowking|[spread] p1b\n|-immune|p1a: Slowking\n|-crit|p1b: Incineroar\n|-damage|p1b: Incineroar|55/100\n|move|p1b: Incineroar|Parting Shot|p2b: Golurk\n|-unboost|p2b: Golurk|atk|1\n|-unboost|p2b: Golurk|spa|1\n|\n|t:|1776512054\n|switch|p1b: Slowking|Slowking, L50, F|100/100|[from] Parting Shot\n|move|p1a: Slowking|Taunt|p2b: Golurk\n|-start|p2b: Golurk|move: Taunt\n|\n|upkeep\n|turn|3\n|inactive|Senor Roshi has 30 seconds left.\n|\n|t:|1776512081\n|detailschange|p2b: Golurk|Golurk-Mega, L50\n|-mega|p2b: Golurk|Golurk|Golurkite\n|move|p2a: Farigiraf|Helping Hand|p2b: Golurk\n|-singleturn|p2b: Golurk|Helping Hand|[of] p2a: Farigiraf\n|move|p1b: Slowking|Scald|p2b: Golurk\n|-supereffective|p2b: Golurk|1\n|-damage|p2b: Golurk|47/100\n|move|p2b: Golurk|Poltergeist|p1b: Slowking\n|-activate|p1b: Slowking|move: Poltergeist|Colbur Berry\n|-supereffective|p1b: Slowking|1\n|-damage|p1b: Slowking|0 fnt\n|faint|p1b: Slowking\n|move|p1a: Slowking|Bitter Malice|p2b: Golurk\n|-supereffective|p2b: Golurk|1\n|-damage|p2b: Golurk|0 fnt\n|faint|p2b: Golurk\n|\n|upkeep\n|inactive|brojonski has 30 seconds left.\n|inactive|brojonski has 20 seconds left.\n|\n|t:|1776512121\n|switch|p1b: Glimmora|Glimmora, L50, F|100/100\n|switch|p2b: Torkoal|Torkoal, L50, M|100/100\n|-weather|SunnyDay|[from] ability: Drought|[of] p2b: Torkoal\n|turn|4\n|inactive|brojonski has 30 seconds left.\n|\n|t:|1776512148\n|switch|p1a: Incineroar|Incineroar, L50, F|55/100\n|-ability|p1a: Incineroar|Intimidate|boost\n|-unboost|p2a: Farigiraf|atk|1\n|-unboost|p2b: Torkoal|atk|1\n|move|p1b: Glimmora|Spiky Shield|p1b: Glimmora\n|-singleturn|p1b: Glimmora|move: Protect\n|move|p2b: Torkoal|Eruption|p1b: Glimmora|[spread] p1a\n|-activate|p1b: Glimmora|move: Protect\n|-resisted|p1a: Incineroar|1\n|-damage|p1a: Incineroar|21/100\n|-enditem|p1a: Incineroar|Sitrus Berry|[eat]\n|-heal|p1a: Incineroar|45/100|[from] item: Sitrus Berry\n|move|p2a: Farigiraf|Hyper Voice|p1a: Incineroar|[spread] p1a\n|-activate|p1b: Glimmora|move: Protect\n|-damage|p1a: Incineroar|25/100\n|\n|-weather|SunnyDay|[upkeep]\n|upkeep\n|turn|5\n|inactive|brojonski has 30 seconds left.\n|\n|t:|1776512180\n|detailschange|p1b: Glimmora|Glimmora-Mega, L50, F\n|-mega|p1b: Glimmora|Glimmora|Glimmoranite\n|move|p2a: Farigiraf|Helping Hand|p2b: Torkoal\n|-singleturn|p2b: Torkoal|Helping Hand|[of] p2a: Farigiraf\n|move|p2b: Torkoal|Eruption|p1b: Glimmora|[spread] p1a,p1b\n|-resisted|p1a: Incineroar|1\n|-resisted|p1b: Glimmora|1\n|-damage|p1a: Incineroar|0 fnt\n|-damage|p1b: Glimmora|33/100\n|faint|p1a: Incineroar\n|move|p1b: Glimmora|Power Gem|p2b: Torkoal\n|-supereffective|p2b: Torkoal|1\n|-damage|p2b: Torkoal|0 fnt\n|faint|p2b: Torkoal\n|\n|-weather|SunnyDay|[upkeep]\n|-fieldend|move: Trick Room\n|upkeep\n|\n|t:|1776512201\n|switch|p1a: Glimmora|Glimmora-Mega, L50, F|100/100\n|switch|p2b: Sneasler|Sneasler, L50, M|48/100\n|turn|6\n|inactive|brojonski has 30 seconds left.\n|inactive|Senor Roshi has 30 seconds left.\n|inactive|brojonski has 20 seconds left.\n|inactive|brojonski has 15 seconds left.\n|\n|t:|1776512245\n|move|p2a: Farigiraf|Helping Hand|p2b: Sneasler\n|-singleturn|p2b: Sneasler|Helping Hand|[of] p2a: Farigiraf\n|move|p1b: Glimmora|Spiky Shield|p1b: Glimmora\n|-singleturn|p1b: Glimmora|move: Protect\n|move|p1a: Glimmora|Hyper Beam|p2b: Sneasler|[miss]\n|-miss|p1a: Glimmora|p2b: Sneasler\n|move|p2b: Sneasler|Dire Claw|p1a: Glimmora\n|-resisted|p1a: Glimmora|1\n|-damage|p1a: Glimmora|25/100\n|replace|p1a: Zoroark|Zoroark-Hisui, L50, F\n|-end|p1a: Zoroark|Illusion\n|\n|-weather|SunnyDay|[upkeep]\n|upkeep\n|turn|7\n|inactive|Senor Roshi has 30 seconds left.\n|\n|t:|1776512278\n|move|p1a: Zoroark|Bitter Malice|p2b: Sneasler\n|-damage|p2b: Sneasler|0 fnt\n|faint|p2b: Sneasler\n|move|p1b: Glimmora|Earth Power|p2a: Farigiraf\n|-damage|p2a: Farigiraf|70/100\n|-unboost|p2a: Farigiraf|spd|1\n|move|p2a: Farigiraf|Hyper Voice|p1b: Glimmora|[spread] p1b\n|-immune|p1a: Zoroark\n|-resisted|p1b: Glimmora|1\n|-damage|p1b: Glimmora|19/100\n|\n|-weather|SunnyDay|[upkeep]\n|upkeep\n|turn|8\n|\n|t:|1776512295\n|move|p1a: Zoroark|Hyper Beam|p2a: Farigiraf\n|-damage|p2a: Farigiraf|0 fnt\n|-mustrecharge|p1a: Zoroark\n|faint|p2a: Farigiraf\n|\n|win|brojonski\n|raw|brojonski's rating: 1273 &rarr; <strong>1300</strong><br />(+27 for winning)\n|raw|Senor Roshi's rating: 1303 &rarr; <strong>1281</strong><br />(-22 for losing)\n",
  "uploadtime": 1776512309,
  "views": 27,
  "formatid": "gen9championsvgc2026regma",
  "rating": 1281,
  "private": 0,
  "password": null
}