{
  "id": "gen9championsvgc2026regma-2581274597",
  "format": "[Gen 9 Champions] VGC 2026 Reg M-A",
  "players": [
    "lolgz",
    "gthtsl"
  ],
  "log": "|j|\u2606lolgz\n|j|\u2606gthtsl\n|t:|1775979812\n|gametype|doubles\n|player|p1|lolgz|170|1237\n|player|p2|gthtsl|pryce|1319\n|gen|9\n|tier|[Gen 9 Champions] VGC 2026 Reg M-A\n|rated|\n|rule|Species Clause: Limit one of each Pok\u00e9mon\n|rule|Item Clause: Limit 1 of each item\n|clearpoke\n|poke|p1|Charizard, L50, F|\n|poke|p1|Whimsicott, L50, F|\n|poke|p1|Milotic, L50, M|\n|poke|p1|Dragapult, L50, M|\n|poke|p1|Sneasler, L50, F|\n|poke|p1|Floette-Eternal, L50, F|\n|poke|p2|Ampharos, L50, F|\n|poke|p2|Oranguru, L50, M|\n|poke|p2|Primarina, L50, F|\n|poke|p2|Volcarona, L50, F|\n|poke|p2|Sableye, L50, M|\n|poke|p2|Scizor, L50, M|\n|teampreview|4\n|inactive|Battle timer is ON: inactive players will automatically lose when time's up. (requested by gthtsl)\n|\n|t:|1775979834\n|teamsize|p1|4\n|teamsize|p2|4\n|start\n|switch|p1a: Charizard|Charizard, L50, F|100/100\n|switch|p1b: Dragapult|Dragapult, L50, M|100/100\n|switch|p2a: Oranguru|Oranguru, L50, M|100/100\n|switch|p2b: Volcarona|Volcarona, L50, F|100/100\n|turn|1\n|\n|t:|1775979857\n|detailschange|p1a: Charizard|Charizard-Mega-Y, L50, F\n|-mega|p1a: Charizard|Charizard|Charizardite Y\n|-weather|SunnyDay|[from] ability: Drought|[of] p1a: Charizard\n|move|p2b: Volcarona|Rage Powder|p2b: Volcarona\n|-singleturn|p2b: Volcarona|move: Rage Powder\n|move|p1b: Dragapult|Dragon Darts|p2b: Volcarona\n|-damage|p2b: Volcarona|72/100\n|-anim|p1b: Dragapult|Dragon Darts|p2b: Volcarona\n|-damage|p2b: Volcarona|41/100\n|-enditem|p2b: Volcarona|Sitrus Berry|[eat]\n|-heal|p2b: Volcarona|66/100|[from] item: Sitrus Berry\n|move|p1a: Charizard|Weather Ball|p2b: Volcarona\n|-damage|p2b: Volcarona|0 fnt\n|faint|p2b: Volcarona\n|move|p2a: Oranguru|Trick Room|p2a: Oranguru\n|-fieldstart|move: Trick Room|[of] p2a: Oranguru\n|\n|-weather|SunnyDay|[upkeep]\n|upkeep\n|\n|t:|1775979874\n|switch|p2b: Ampharos|Ampharos, L50, F|100/100\n|turn|2\n|\n|t:|1775979888\n|detailschange|p2b: Ampharos|Ampharos-Mega, L50, F\n|-mega|p2b: Ampharos|Ampharos|Ampharosite\n|-ability|p2b: Ampharos|Mold Breaker\n|move|p2b: Ampharos|Dragon Pulse|p1a: Charizard\n|-damage|p1a: Charizard|40/100\n|move|p2a: Oranguru|Instruct|p2b: Ampharos\n|-singleturn|p2b: Ampharos|move: Instruct|[of] p2a: Oranguru\n|move|p2b: Ampharos|Dragon Pulse|p1a: Charizard\n|-damage|p1a: Charizard|0 fnt\n|faint|p1a: Charizard\n|move|p1b: Dragapult|Dragon Darts|p2b: Ampharos\n|-supereffective|p2b: Ampharos|1\n|-damage|p2b: Ampharos|52/100\n|-anim|p1b: Dragapult|Dragon Darts|p2a: Oranguru\n|-damage|p2a: Oranguru|77/100\n|\n|-weather|SunnyDay|[upkeep]\n|upkeep\n|\n|t:|1775979904\n|switch|p1a: Sneasler|Sneasler, L50, F|100/100\n|turn|3\n|\n|t:|1775979912\n|move|p2b: Ampharos|Protect|p2b: Ampharos\n|-singleturn|p2b: Ampharos|Protect\n|move|p1a: Sneasler|Fake Out|p2b: Ampharos\n|-activate|p2b: Ampharos|move: Protect\n|move|p2a: Oranguru|Psychic Noise|p1a: Sneasler\n|-supereffective|p1a: Sneasler|2\n|-damage|p1a: Sneasler|0 fnt\n|faint|p1a: Sneasler\n|move|p1b: Dragapult|Dragon Darts|p2a: Oranguru\n|-damage|p2a: Oranguru|54/100\n|-anim|p1b: Dragapult|Dragon Darts|p2a: Oranguru\n|-damage|p2a: Oranguru|31/100\n|\n|-weather|SunnyDay|[upkeep]\n|upkeep\n|\n|t:|1775979924\n|switch|p1a: Milotic|Milotic, L50, M|100/100\n|turn|4\n|\n|t:|1775979943\n|move|p2b: Ampharos|Dragon Pulse|p1b: Dragapult\n|-supereffective|p1b: Dragapult|1\n|-damage|p1b: Dragapult|0 fnt\n|faint|p1b: Dragapult\n|move|p2a: Oranguru|Instruct|p2b: Ampharos\n|-singleturn|p2b: Ampharos|move: Instruct|[of] p2a: Oranguru\n|move|p2b: Ampharos|Dragon Pulse|p1a: Milotic\n|-damage|p1a: Milotic|45/100\n|move|p1a: Milotic|Scald|p2b: Ampharos\n|-resisted|p2b: Ampharos|1\n|-damage|p2b: Ampharos|45/100\n|\n|-weather|SunnyDay|[upkeep]\n|upkeep\n|turn|5\n|\n|t:|1775979953\n|move|p2b: Ampharos|Thunderbolt|p1a: Milotic\n|-supereffective|p1a: Milotic|1\n|-damage|p1a: Milotic|0 fnt\n|faint|p1a: Milotic\n|\n|win|gthtsl\n|raw|lolgz's rating: 1237 &rarr; <strong>1218</strong><br />(-19 for losing)\n|raw|gthtsl's rating: 1319 &rarr; <strong>1334</strong><br />(+15 for winning)\n",
  "uploadtime": 1775979954,
  "views": 21,
  "formatid": "gen9championsvgc2026regma",
  "rating": 1218,
  "private": 0,
  "password": null
}