{
  "id": "gen9championsvgc2026regma-2580895088",
  "format": "[Gen 9 Champions] VGC 2026 Reg M-A",
  "players": [
    "kikkee_ac14",
    "Ivyzinha089"
  ],
  "log": "|j|\u2606kikkee_ac14\n|j|\u2606Ivyzinha089\n|t:|1775941285\n|gametype|doubles\n|player|p1|kikkee_ac14|jogger|1193\n|player|p2|Ivyzinha089|dawn|1183\n|gen|9\n|tier|[Gen 9 Champions] VGC 2026 Reg M-A\n|rated|\n|rule|Species Clause: Limit one of each Pok\u00e9mon\n|rule|Item Clause: Limit 1 of each item\n|clearpoke\n|poke|p1|Tyranitar, L50, F|\n|poke|p1|Rotom-Wash, L50|\n|poke|p1|Garchomp, L50, F|\n|poke|p1|Aerodactyl, L50, F|\n|poke|p1|Sinistcha, L50|\n|poke|p1|Sneasler, L50, F|\n|poke|p2|Froslass, L50, F|\n|poke|p2|Sneasler, L50, M|\n|poke|p2|Kingambit, L50, F|\n|poke|p2|Garchomp, L50, M|\n|poke|p2|Whimsicott, L50, M|\n|poke|p2|Milotic, L50, M|\n|teampreview|4\n|inactive|Battle timer is ON: inactive players will automatically lose when time's up. (requested by Ivyzinha089)\n|\n|t:|1775941312\n|teamsize|p1|4\n|teamsize|p2|4\n|start\n|switch|p1a: pablo|Sneasler, L50, F|100/100\n|switch|p1b: mr clean|Rotom-Wash, L50|100/100\n|switch|p2a: Sneasler|Sneasler, L50, M|100/100\n|switch|p2b: Milotic|Milotic, L50, M|100/100\n|turn|1\n|\n|t:|1775941324\n|move|p2a: Sneasler|Protect|p2a: Sneasler\n|-singleturn|p2a: Sneasler|Protect\n|move|p2b: Milotic|Protect|p2b: Milotic\n|-singleturn|p2b: Milotic|Protect\n|move|p1a: pablo|Fake Out|p2a: Sneasler\n|-activate|p2a: Sneasler|move: Protect\n|move|p1b: mr clean|Trick|p2b: Milotic\n|-activate|p2b: Milotic|move: Protect\n|\n|upkeep\n|turn|2\n|inactive|Ivyzinha089 has 30 seconds left.\n|\n|t:|1775941351\n|switch|p2b: Froslass|Froslass, L50, F|100/100\n|move|p1b: mr clean|Trick|p2a: Sneasler\n|-activate|p1b: mr clean|move: Trick|[of] p2a: Sneasler\n|-item|p2a: Sneasler|Choice Scarf|[from] move: Trick\n|-item|p1b: mr clean|White Herb|[from] move: Trick\n|move|p2a: Sneasler|Dire Claw|p1b: mr clean\n|-damage|p1b: mr clean|55/100\n|move|p1a: pablo|Close Combat|p2b: Froslass\n|-immune|p2b: Froslass\n|\n|upkeep\n|turn|3\n|\n|t:|1775941372\n|detailschange|p2b: Froslass|Froslass-Mega, L50, F\n|-mega|p2b: Froslass|Froslass|Froslassite\n|-weather|Snowscape|[from] ability: Snow Warning|[of] p2b: Froslass\n|move|p2a: Sneasler|Dire Claw|p1b: mr clean\n|-damage|p1b: mr clean|10/100\n|move|p1a: pablo|Dire Claw|p2b: Froslass\n|-resisted|p2b: Froslass|1\n|-damage|p2b: Froslass|77/100\n|move|p2b: Froslass|Blizzard|p1a: pablo|[spread] p1a,p1b\n|-resisted|p1b: mr clean|1\n|-damage|p1a: pablo|40/100\n|-damage|p1b: mr clean|0 fnt\n|faint|p1b: mr clean\n|\n|-weather|Snowscape|[upkeep]\n|upkeep\n|\n|t:|1775941383\n|switch|p1b: Lez Luthor|Tyranitar, L50, F, shiny|100/100\n|-weather|Sandstorm|[from] ability: Sand Stream|[of] p1b: Lez Luthor\n|turn|4\n|\n|t:|1775941391\n|switch|p2a: Milotic|Milotic, L50, M|100/100\n|switch|p2b: Garchomp|Garchomp, L50, M|100/100\n|switch|p1a: wiz khalifa|Sinistcha, L50|100/100\n|detailschange|p1b: Lez Luthor|Tyranitar-Mega, L50, F, shiny\n|-mega|p1b: Lez Luthor|Tyranitar|Tyranitarite\n|move|p1b: Lez Luthor|Protect||[still]\n|-fail|p1b: Lez Luthor\n|\n|-weather|Sandstorm|[upkeep]\n|-damage|p2a: Milotic|95/100|[from] Sandstorm\n|-damage|p1a: wiz khalifa|95/100|[from] Sandstorm\n|-heal|p2a: Milotic|100/100|[from] item: Leftovers\n|-heal|p1a: wiz khalifa|100/100|[from] item: Leftovers\n|upkeep\n|turn|5\n|\n|t:|1775941410\n|move|p2b: Garchomp|Dragon Claw|p1a: wiz khalifa\n|-damage|p1a: wiz khalifa|68/100\n|move|p1b: Lez Luthor|Knock Off|p2b: Garchomp\n|-damage|p2b: Garchomp|40/100\n|-damage|p1b: Lez Luthor|88/100|[from] ability: Rough Skin|[of] p2b: Garchomp\n|-enditem|p2b: Garchomp|Soft Sand|[from] move: Knock Off|[of] p1b: Lez Luthor\n|move|p2a: Milotic|Icy Wind|p1b: Lez Luthor|[spread] p1a,p1b\n|-supereffective|p1a: wiz khalifa|1\n|-damage|p1a: wiz khalifa|44/100\n|-damage|p1b: Lez Luthor|82/100\n|-unboost|p1a: wiz khalifa|spe|1\n|-unboost|p1b: Lez Luthor|spe|1\n|move|p1a: wiz khalifa|Matcha Gotcha|p2a: Milotic|[spread] p2a,p2b\n|-supereffective|p2a: Milotic|1\n|-damage|p2a: Milotic|70/100\n|-heal|p1a: wiz khalifa|62/100|[from] drain|[of] p2a: Milotic\n|-damage|p2b: Garchomp|13/100\n|-heal|p1a: wiz khalifa|77/100|[from] drain|[of] p2b: Garchomp\n|\n|-weather|Sandstorm|[upkeep]\n|-damage|p2a: Milotic|64/100|[from] Sandstorm\n|-damage|p1a: wiz khalifa|71/100|[from] Sandstorm\n|-heal|p2a: Milotic|70/100|[from] item: Leftovers\n|-heal|p1a: wiz khalifa|77/100|[from] item: Leftovers\n|upkeep\n|turn|6\n|\n|t:|1775941431\n|move|p2a: Milotic|Protect|p2a: Milotic\n|-singleturn|p2a: Milotic|Protect\n|move|p2b: Garchomp|Earthquake|p1b: Lez Luthor|[spread] p1a,p1b\n|-activate|p2a: Milotic|move: Protect\n|-resisted|p1a: wiz khalifa|1\n|-supereffective|p1b: Lez Luthor|1\n|-damage|p1a: wiz khalifa|61/100\n|-damage|p1b: Lez Luthor|32/100\n|move|p1b: Lez Luthor|Rock Slide|p2a: Milotic|[spread] p2b\n|-activate|p2a: Milotic|move: Protect\n|-resisted|p2b: Garchomp|1\n|-damage|p2b: Garchomp|0 fnt\n|faint|p2b: Garchomp\n|move|p1a: wiz khalifa|Life Dew|p1a: wiz khalifa|[spread] p1a,p1b\n|-heal|p1a: wiz khalifa|86/100\n|-heal|p1b: Lez Luthor|57/100\n|\n|-weather|Sandstorm|[upkeep]\n|-damage|p2a: Milotic|64/100|[from] Sandstorm\n|-damage|p1a: wiz khalifa|80/100|[from] Sandstorm\n|-heal|p2a: Milotic|70/100|[from] item: Leftovers\n|-heal|p1a: wiz khalifa|86/100|[from] item: Leftovers\n|upkeep\n|\n|t:|1775941445\n|switch|p2b: Froslass|Froslass-Mega, L50, F|77/100\n|-weather|Snowscape|[from] ability: Snow Warning|[of] p2b: Froslass\n|turn|7\n|\n|t:|1775941455\n|move|p1a: wiz khalifa|Rage Powder|p1a: wiz khalifa\n|-singleturn|p1a: wiz khalifa|move: Rage Powder\n|move|p2b: Froslass|Blizzard|p1b: Lez Luthor|[spread] p1a,p1b\n|-supereffective|p1a: wiz khalifa|1\n|-crit|p1b: Lez Luthor\n|-damage|p1a: wiz khalifa|0 fnt\n|-damage|p1b: Lez Luthor|6/100\n|faint|p1a: wiz khalifa\n|move|p2a: Milotic|Muddy Water|p1b: Lez Luthor\n|-supereffective|p1b: Lez Luthor|1\n|-damage|p1b: Lez Luthor|0 fnt\n|faint|p1b: Lez Luthor\n|\n|-weather|Snowscape|[upkeep]\n|-heal|p2a: Milotic|76/100|[from] item: Leftovers\n|upkeep\n|-message|kikkee_ac14 forfeited.\n|\n|win|Ivyzinha089\n|raw|kikkee_ac14's rating: 1193 &rarr; <strong>1167</strong><br />(-26 for losing)\n|raw|Ivyzinha089's rating: 1183 &rarr; <strong>1209</strong><br />(+26 for winning)\n|l|\u2606kikkee_ac14\n|player|p1|\n",
  "uploadtime": 1775941631,
  "views": 24,
  "formatid": "gen9championsvgc2026regma",
  "rating": 1167,
  "private": 0,
  "password": null
}