{
  "id": "gen9championsvgc2026regma-2584818263",
  "format": "[Gen 9 Champions] VGC 2026 Reg M-A",
  "players": [
    "agregzildo",
    "jack zelong"
  ],
  "log": "|j|\u2606agregzildo\n|j|\u2606jack zelong\n|t:|1776285960\n|gametype|doubles\n|player|p1|agregzildo|crasherwake|1015\n|player|p2|jack zelong|swimmer|1000\n|gen|9\n|tier|[Gen 9 Champions] VGC 2026 Reg M-A\n|rated|\n|rule|Species Clause: Limit one of each Pok\u00e9mon\n|rule|Item Clause: Limit 1 of each item\n|clearpoke\n|poke|p1|Pelipper, L50, F|\n|poke|p1|Corviknight, L50, M|\n|poke|p1|Jolteon, L50, M|\n|poke|p1|Farigiraf, L50, M|\n|poke|p1|Araquanid, L50, F|\n|poke|p1|Absol, L50, F|\n|poke|p2|Crabominable, L50, F|\n|poke|p2|Aromatisse, L50, F|\n|poke|p2|Kingambit, L50, F|\n|poke|p2|Conkeldurr, L50, M|\n|poke|p2|Farigiraf, L50, F|\n|poke|p2|Aegislash, L50, M|\n|teampreview|4\n|inactive|Battle timer is ON: inactive players will automatically lose when time's up. (requested by agregzildo)\nagregzildo rejected open team sheets.\n|inactive|jack zelong has 60 seconds left.\n|\n|t:|1776286048\n|teamsize|p1|4\n|teamsize|p2|4\n|start\n|switch|p1a: Jolteon|Jolteon, L50, M|100/100\n|switch|p1b: Farigiraf|Farigiraf, L50, M|100/100\n|switch|p2a: Aegislash|Aegislash, L50, M|100/100\n|switch|p2b: Aromatisse|Aromatisse, L50, F|100/100\n|turn|1\n|inactive|agregzildo has 30 seconds left.\n|\n|t:|1776286077\n|move|p1a: Jolteon|Volt Switch|p2b: Aromatisse\n|-damage|p2b: Aromatisse|70/100\n|\n|t:|1776286086\n|switch|p1a: Absol|Absol, L50, F|100/100|[from] Volt Switch\n|move|p1b: Farigiraf|Thunder Wave|p2a: Aegislash\n|-status|p2a: Aegislash|par\n|cant|p2a: Aegislash|par\n|move|p2b: Aromatisse|Trick Room|p2b: Aromatisse\n|-fieldstart|move: Trick Room|[of] p2b: Aromatisse\n|\n|-activate|p2b: Aromatisse|ability: Healer\n|-curestatus|p2a: Aegislash|par|[msg]\n|upkeep\n|turn|2\n|inactive|agregzildo has 30 seconds left.\n|inactive|jack zelong has 30 seconds left.\n|\n|t:|1776286115\n|move|p2b: Aromatisse|Ally Switch|p2b: Aromatisse\n|swap|p2b: Aromatisse|0|[from] move: Ally Switch\n|-formechange|p2b: Aegislash|Aegislash-Blade|\n|move|p2b: Aegislash|Flash Cannon|p1a: Absol\n|-damage|p1a: Absol|17/100\n|move|p1b: Farigiraf|Future Sight|p2a: Aromatisse\n|-start|p1b: Farigiraf|move: Future Sight\n|move|p1a: Absol|Night Slash|p2a: Aromatisse\n|-resisted|p2a: Aromatisse|1\n|-crit|p2a: Aromatisse\n|-damage|p2a: Aromatisse|47/100\n|\n|upkeep\n|turn|3\n|\n|t:|1776286136\n|move|p1a: Absol|Protect|p1a: Absol\n|-singleturn|p1a: Absol|Protect\n|move|p2a: Aromatisse|Encore|p1b: Farigiraf\n|-start|p1b: Farigiraf|Encore\n|move|p2b: Aegislash|Shadow Ball|p1a: Absol\n|-activate|p1a: Absol|move: Protect\n|move|p1b: Farigiraf|Future Sight|p2b: Aegislash\n|-start|p1b: Farigiraf|move: Future Sight\n|\n|upkeep\n|turn|4\n|inactive|agregzildo has 30 seconds left.\n|inactive|jack zelong has 30 seconds left.\n|inactive|agregzildo has 20 seconds left.\n|inactive|agregzildo has 15 seconds left.\n|inactive|jack zelong has 20 seconds left.\n|inactive|jack zelong has 15 seconds left.\n|\n|t:|1776286186\n|switch|p2a: Kingambit|Kingambit, L50, F|100/100\n|switch|p1b: Araquanid|Araquanid, L50, F|100/100\n|move|p1a: Absol|Protect||[still]\n|-fail|p1a: Absol\n|move|p2b: Aegislash|Flash Cannon|p1a: Absol\n|-damage|p1a: Absol|0 fnt\n|faint|p1a: Absol\n|\n|-end|p2a: Kingambit|move: Future Sight\n|-immune|p2a: Kingambit\n|upkeep\n|\n|t:|1776286207\n|switch|p1a: Farigiraf|Farigiraf, L50, M|100/100\n|turn|5\n|\n|t:|1776286224\n|-formechange|p2b: Aegislash|Aegislash|\n|move|p2b: Aegislash|King's Shield|p2b: Aegislash\n|-singleturn|p2b: Aegislash|Protect\n|move|p1b: Araquanid|Liquidation|p2a: Kingambit\n|-damage|p2a: Kingambit|52/100\n|-unboost|p2a: Kingambit|def|1\n|-ability|p2a: Kingambit|Defiant|boost\n|-boost|p2a: Kingambit|atk|2\n|move|p2a: Kingambit|Kowtow Cleave|p1a: Farigiraf\n|-supereffective|p1a: Farigiraf|1\n|-damage|p1a: Farigiraf|0 fnt\n|faint|p1a: Farigiraf\n|\n|-end|p2b: Aegislash|move: Future Sight\n|-resisted|p2b: Aegislash|1\n|-damage|p2b: Aegislash|81/100\n|-fieldend|move: Trick Room\n|upkeep\n|\n|t:|1776286244\n|switch|p1a: Jolteon|Jolteon, L50, M|100/100\n|turn|6\n|-activate|p1b: Araquanid|item: Quick Claw\n|\n|t:|1776286257\n|move|p2a: Kingambit|Sucker Punch|p1a: Jolteon\n|-damage|p1a: Jolteon|0 fnt\n|faint|p1a: Jolteon\n|move|p1b: Araquanid|Liquidation|p2b: Aegislash\n|-damage|p2b: Aegislash|30/100\n|-unboost|p2b: Aegislash|def|1\n|-formechange|p2b: Aegislash|Aegislash-Blade|\n|move|p2b: Aegislash|Shadow Ball|p1b: Araquanid\n|-damage|p1b: Araquanid|58/100\n|-unboost|p1b: Araquanid|spd|1\n|\n|upkeep\n|turn|7\n|-message|agregzildo forfeited.\n|\n|win|jack zelong\n|raw|agregzildo's rating: 1015 &rarr; <strong>1002</strong><br />(-13 for losing)\n|raw|jack zelong's rating: 1000 &rarr; <strong>1042</strong><br />(+42 for winning)\n|l|\u2606agregzildo\n|player|p1|\n",
  "uploadtime": 1776286272,
  "views": 25,
  "formatid": "gen9championsvgc2026regma",
  "rating": 1002,
  "private": 0,
  "password": null
}