{
  "id": "gen9championsvgc2026regma-2584030608",
  "format": "[Gen 9 Champions] VGC 2026 Reg M-A",
  "players": [
    "slinky redfoot",
    "joej m"
  ],
  "log": "|j|\u2606slinky redfoot\n|j|\u2606joej m\n|t:|1776218359\n|gametype|doubles\n|player|p1|slinky redfoot|shadowtriad|1310\n|player|p2|joej m|102|1403\n|gen|9\n|tier|[Gen 9 Champions] VGC 2026 Reg M-A\n|rated|\n|rule|Species Clause: Limit one of each Pok\u00e9mon\n|rule|Item Clause: Limit 1 of each item\n|clearpoke\n|poke|p1|Scizor, L50, F|\n|poke|p1|Typhlosion-Hisui, L50, F|\n|poke|p1|Milotic, L50, F|\n|poke|p1|Tyranitar, L50, F|\n|poke|p1|Sinistcha, L50|\n|poke|p1|Sneasler, L50, M|\n|poke|p2|Floette-Eternal, L50, F|\n|poke|p2|Aerodactyl, L50, F|\n|poke|p2|Garchomp, L50, F|\n|poke|p2|Sneasler, L50, F|\n|poke|p2|Incineroar, L50, F|\n|poke|p2|Rotom-Wash, L50|\n|teampreview|4\n|j| S.S Anne da Conda\n|inactive|Battle timer is ON: inactive players will automatically lose when time's up. (requested by slinky redfoot)\nslinky redfoot has agreed to open team sheets.\njoej m has agreed to open team sheets.\n|showteam|p1|Scizor||Scizorite|Technician|Protect,BulletPunch,DualWingbeat,SwordsDance|||F|||50|]Typhlosion-Hisui||ChoiceScarf|Blaze|Eruption,HeatWave,ShadowBall,Extrasensory|||F|||50|]Milotic||Leftovers|Competitive|Protect,Scald,IcyWind,Recover|||F|||50|]Tyranitar||ShucaBerry|SandStream|Protect,KnockOff,RockSlide,HighHorsepower|||F|||50|]Sinistcha||SitrusBerry|Hospitality|Protect,MatchaGotcha,RagePowder,TrickRoom||||||50|]Sneasler||WhiteHerb|Unburden|Protect,DireClaw,CloseCombat,FakeOut|||M|||50|\n|showteam|p2|Floette-Eternal||Floettite|FlowerVeil|Moonblast,DazzlingGleam,CalmMind,Protect|||F|||50|]Aerodactyl||FocusSash|Unnerve|RockSlide,DualWingbeat,Tailwind,Protect|||F|||50|]Garchomp||SoftSand|RoughSkin|StompingTantrum,DragonClaw,RockSlide,Protect|||F|||50|]Sneasler||WhiteHerb|Unburden|CloseCombat,DireClaw,FakeOut,Protect|||F|||50|]Incineroar||SitrusBerry|Intimidate|FlareBlitz,FakeOut,ThroatChop,PartingShot|||F|||50|]Rotom-Wash||ChoiceScarf|Levitate|VoltSwitch,Electroweb,WillOWisp,HydroPump||||||50|\n|inactive|slinky redfoot has 60 seconds left.\n|inactive|joej m has 60 seconds left.\n|inactive|slinky redfoot has 30 seconds left.\n|\n|t:|1776218436\n|teamsize|p1|4\n|teamsize|p2|4\n|start\n|switch|p1a: Milotic|Milotic, L50, F|100/100\n|switch|p1b: Scizor|Scizor, L50, F|100/100\n|switch|p2a: Rotom|Rotom-Wash, L50|100/100\n|switch|p2b: Aerodactyl|Aerodactyl, L50, F|100/100\n|-ability|p2b: Aerodactyl|Unnerve\n|turn|1\n|inactive|slinky redfoot has 30 seconds left.\n|inactive|joej m has 30 seconds left.\n|\n|t:|1776218462\n|detailschange|p1b: Scizor|Scizor-Mega, L50, F\n|-mega|p1b: Scizor|Scizor|Scizorite\n|move|p2b: Aerodactyl|Protect|p2b: Aerodactyl\n|-singleturn|p2b: Aerodactyl|Protect\n|move|p2a: Rotom|Volt Switch|p1a: Milotic\n|-supereffective|p1a: Milotic|1\n|-damage|p1a: Milotic|59/100\n|\n|t:|1776218465\n|switch|p2a: Garchomp|Garchomp, L50, F|100/100|[from] Volt Switch\n|move|p1a: Milotic|Icy Wind|p2a: Garchomp|[spread] p2a\n|-activate|p2b: Aerodactyl|move: Protect\n|-supereffective|p2a: Garchomp|2\n|-damage|p2a: Garchomp|45/100\n|-unboost|p2a: Garchomp|spe|1\n|move|p1b: Scizor|Swords Dance|p1b: Scizor\n|-boost|p1b: Scizor|atk|2\n|\n|-heal|p1a: Milotic|65/100|[from] item: Leftovers\n|upkeep\n|turn|2\n|\n|t:|1776218482\n|switch|p2a: Incineroar|Incineroar, L50, F|100/100\n|-ability|p2a: Incineroar|Intimidate|boost\n|-unboost|p1a: Milotic|atk|1\n|-ability|p1a: Milotic|Competitive|boost\n|-boost|p1a: Milotic|spa|2\n|-unboost|p1b: Scizor|atk|1\n|move|p1b: Scizor|Bullet Punch|p2b: Aerodactyl\n|-supereffective|p2b: Aerodactyl|1\n|-enditem|p2b: Aerodactyl|Focus Sash\n|-damage|p2b: Aerodactyl|1/100\n|move|p2b: Aerodactyl|Tailwind|p2b: Aerodactyl\n|-sidestart|p2: joej m|move: Tailwind\n|move|p1a: Milotic|Icy Wind|p2b: Aerodactyl|[spread] p2a\n|-miss|p1a: Milotic|p2b: Aerodactyl\n|-resisted|p2a: Incineroar|1\n|-damage|p2a: Incineroar|89/100\n|-unboost|p2a: Incineroar|spe|1\n|\n|-heal|p1a: Milotic|71/100|[from] item: Leftovers\n|upkeep\n|turn|3\n|inactive|slinky redfoot has 30 seconds left.\n|inactive|slinky redfoot has 20 seconds left.\n|\n|t:|1776218520\n|switch|p2b: Rotom|Rotom-Wash, L50|100/100\n|move|p2a: Incineroar|Fake Out|p1a: Milotic\n|-damage|p1a: Milotic|59/100\n|cant|p1a: Milotic|flinch\n|move|p1b: Scizor|Swords Dance|p1b: Scizor\n|-boost|p1b: Scizor|atk|2\n|\n|-heal|p1a: Milotic|65/100|[from] item: Leftovers\n|upkeep\n|turn|4\n|c|\u2606joej m|wow this is a really strong lead\n|inactive|joej m has 30 seconds left.\n|\n|t:|1776218547\n|move|p1b: Scizor|Bullet Punch|p2b: Rotom\n|-resisted|p2b: Rotom|2\n|-damage|p2b: Rotom|74/100\n|move|p2b: Rotom|Volt Switch|p1a: Milotic\n|-supereffective|p1a: Milotic|1\n|-damage|p1a: Milotic|24/100\n|c|\u2606slinky redfoot|yerr\n|\n|t:|1776218554\n|switch|p2b: Aerodactyl|Aerodactyl, L50, F|1/100|[from] Volt Switch\n|-ability|p2b: Aerodactyl|Unnerve\n|move|p2a: Incineroar|Flare Blitz|p1b: Scizor\n|-supereffective|p1b: Scizor|2\n|-damage|p1b: Scizor|0 fnt\n|faint|p1b: Scizor\n|-damage|p2a: Incineroar|60/100|[from] Recoil\n|move|p1a: Milotic|Scald|p2a: Incineroar\n|-supereffective|p2a: Incineroar|1\n|-damage|p2a: Incineroar|0 fnt\n|faint|p2a: Incineroar\n|\n|-heal|p1a: Milotic|31/100|[from] item: Leftovers\n|upkeep\n|\n|t:|1776218570\n|switch|p1b: Sneasler|Sneasler, L50, M|100/100\n|switch|p2a: Rotom|Rotom-Wash, L50|74/100\n|turn|5\n|\n|t:|1776218586\n|move|p1b: Sneasler|Fake Out|p2a: Rotom\n|-damage|p2a: Rotom|57/100\n|cant|p2a: Rotom|flinch\n|move|p2b: Aerodactyl|Dual Wingbeat|p1b: Sneasler\n|-supereffective|p1b: Sneasler|1\n|-damage|p1b: Sneasler|36/100\n|-supereffective|p1b: Sneasler|1\n|-damage|p1b: Sneasler|0 fnt\n|faint|p1b: Sneasler\n|-hitcount|p1: Sneasler|2\n|move|p1a: Milotic|Icy Wind|p2a: Rotom|[spread] p2a,p2b\n|-resisted|p2a: Rotom|1\n|-supereffective|p2b: Aerodactyl|1\n|-damage|p2a: Rotom|42/100\n|-damage|p2b: Aerodactyl|0 fnt\n|-unboost|p2a: Rotom|spe|1\n|faint|p2b: Aerodactyl\n|\n|-heal|p1a: Milotic|37/100|[from] item: Leftovers\n|-sideend|p2: joej m|move: Tailwind\n|upkeep\n|\n|t:|1776218594\n|switch|p2b: Garchomp|Garchomp, L50, F|45/100\n|switch|p1b: Typhlosion|Typhlosion-Hisui, L50, F|100/100\n|turn|6\n|inactive|slinky redfoot has 30 seconds left.\n|\n|t:|1776218623\n|move|p2b: Garchomp|Protect|p2b: Garchomp\n|-singleturn|p2b: Garchomp|Protect\n|move|p1b: Typhlosion|Eruption|p2b: Garchomp|[spread] p2a\n|-activate|p2b: Garchomp|move: Protect\n|-resisted|p2a: Rotom|1\n|-damage|p2a: Rotom|10/100\n|move|p2a: Rotom|Hydro Pump|p1b: Typhlosion\n|-supereffective|p1b: Typhlosion|1\n|-damage|p1b: Typhlosion|0 fnt\n|faint|p1b: Typhlosion\n|move|p1a: Milotic|Icy Wind|p2b: Garchomp|[spread] p2a\n|-activate|p2b: Garchomp|move: Protect\n|-resisted|p2a: Rotom|1\n|-damage|p2a: Rotom|0 fnt\n|faint|p2a: Rotom\n|\n|-heal|p1a: Milotic|43/100|[from] item: Leftovers\n|upkeep\n|turn|7\n|\n|t:|1776218634\n|move|p2b: Garchomp|Stomping Tantrum|p1a: Milotic\n|-damage|p1a: Milotic|0 fnt\n|faint|p1a: Milotic\n|\n|win|joej m\n|raw|slinky redfoot's rating: 1310 &rarr; <strong>1295</strong><br />(-15 for losing)\n|raw|joej m's rating: 1403 &rarr; <strong>1418</strong><br />(+15 for winning)\n|l|\u2606slinky redfoot\n|player|p1|\n|l| S.S Anne da Conda\n",
  "uploadtime": 1776218651,
  "views": 45,
  "formatid": "gen9championsvgc2026regma",
  "rating": 1295,
  "private": 0,
  "password": null
}