{
  "id": "gen9championsvgc2026regma-2583913481",
  "format": "[Gen 9 Champions] VGC 2026 Reg M-A",
  "players": [
    "Duelyst II",
    "23456ujhgrew"
  ],
  "log": "|j|\u2606Duelyst II\n|j|\u260623456ujhgrew\n|t:|1776207786\n|gametype|doubles\n|player|p1|Duelyst II|rose|\n|player|p2|23456ujhgrew|lucas|\n|gen|9\n|tier|[Gen 9 Champions] VGC 2026 Reg M-A\n|rated|Tournament battle\n|rule|Species Clause: Limit one of each Pok\u00e9mon\n|rule|Item Clause: Limit 1 of each item\n|raw|<div class=\"infobox\"><details class=\"readmore\" open><summary><strong>1 custom rule:</strong></summary> Force Open Team Sheets</details></div>\n|clearpoke\n|poke|p1|Decidueye-Hisui, L50, F|\n|poke|p1|Oranguru, L50, M|\n|poke|p1|Tyranitar, L50, F|\n|poke|p1|Skarmory, L50, F|\n|poke|p1|Rotom-Wash, L50|\n|poke|p1|Alcremie, L50, F|\n|poke|p2|Charizard, L50, F|\n|poke|p2|Venusaur, L50, F|\n|poke|p2|Incineroar, L50, F|\n|poke|p2|Farigiraf, L50, F|\n|poke|p2|Conkeldurr, L50, F|\n|poke|p2|Garchomp, L50, F|\n|teampreview|4\n|showteam|p1|Decidueye-Hisui||ScopeLens|Scrappy|TripleArrows,LeafBlade,Protect,SuckerPunch|||F|||50|]Oranguru||LumBerry|InnerFocus|Instruct,TrickRoom,Psychic,Protect|||M|||50|]Tyranitar||Tyranitarite|SandStream|RockSlide,KnockOff,Protect,Curse|||F|||50|]Skarmory||Skarmorite|WeakArmor|BraveBird,IronHead,Tailwind,Protect|||F|||50|]Rotom-Wash||Leftovers|Levitate|VoltSwitch,Thunderbolt,Protect,HydroPump||||||50|]Alcremie||ChoiceScarf|SweetVeil|Decorate,DazzlingGleam,Encore,LightScreen|||F|||50|\n|showteam|p2|Charizard||CharizarditeY|Blaze|WeatherBall,HeatWave,SolarBeam,Protect|||F|||50|]Venusaur||FocusSash|Chlorophyll|EnergyBall,SludgeBomb,SleepPowder,Protect|||F|||50|]Incineroar||LumBerry|Intimidate|FlareBlitz,DarkestLariat,FakeOut,PartingShot|||F|||50|]Farigiraf||SitrusBerry|ArmorTail|HyperVoice,Psychic,Thunder,TrickRoom|||F|||50|]Conkeldurr||WhiteHerb|SheerForce|CloseCombat,PoisonJab,IcePunch,MachPunch|||F|||50|]Garchomp||ChoiceScarf|RoughSkin|DragonClaw,StompingTantrum,Earthquake,RockSlide|||F|||50|\n|j| WishMkrLucy\n|j| Thogi_\n|j| Ducktile@!\n|j| saokaon1\n|j|@Radio Free C-Side\n|l| Thogi_\n|j| ShatteredTemp3st\n|\n|t:|1776207864\n|teamsize|p1|4\n|teamsize|p2|4\n|start\n|switch|p1a: Oranguru|Oranguru, L50, M|100/100\n|switch|p1b: Rotom|Rotom-Wash, L50|100/100\n|switch|p2a: Charizard|Charizard, L50, F|100/100\n|switch|p2b: Venusaur|Venusaur, L50, F|100/100\n|turn|1\n|c| saokaon1|gl\n|\n|t:|1776207901\n|detailschange|p2a: Charizard|Charizard-Mega-Y, L50, F\n|-mega|p2a: Charizard|Charizard|Charizardite Y\n|-weather|SunnyDay|[from] ability: Drought|[of] p2a: Charizard\n|move|p1b: Rotom|Protect|p1b: Rotom\n|-singleturn|p1b: Rotom|Protect\n|move|p2b: Venusaur|Sleep Powder|p1b: Rotom\n|-activate|p1b: Rotom|move: Protect\n|move|p2a: Charizard|Weather Ball|p1a: Oranguru\n|-crit|p1a: Oranguru\n|-damage|p1a: Oranguru|0 fnt\n|faint|p1a: Oranguru\n|\n|-weather|SunnyDay|[upkeep]\n|upkeep\n|c|\u2606Duelyst II|well that's basically game\n|c|\u2606Duelyst II|idk what the calc is for that though\n|\n|t:|1776207926\n|switch|p1a: Skarmory|Skarmory, L50, F|100/100\n|turn|2\n|\n|t:|1776207956\n|move|p1a: Skarmory|Protect|p1a: Skarmory\n|-singleturn|p1a: Skarmory|Protect\n|move|p2b: Venusaur|Sleep Powder|p1b: Rotom|[miss]\n|-miss|p2b: Venusaur|p1b: Rotom\n|move|p2a: Charizard|Heat Wave|p1b: Rotom|[spread] p1b\n|-activate|p1a: Skarmory|move: Protect\n|-resisted|p1b: Rotom|1\n|-damage|p1b: Rotom|69/100\n|move|p1b: Rotom|Thunderbolt|p2a: Charizard\n|-supereffective|p2a: Charizard|1\n|-damage|p2a: Charizard|31/100\n|\n|-weather|SunnyDay|[upkeep]\n|-heal|p1b: Rotom|74/100|[from] item: Leftovers\n|upkeep\n|turn|3\n|l| saokaon1\n|\n|t:|1776207992\n|detailschange|p1a: Skarmory|Skarmory-Mega, L50, F\n|-mega|p1a: Skarmory|Skarmory|Skarmorite\n|move|p2a: Charizard|Protect|p2a: Charizard\n|-singleturn|p2a: Charizard|Protect\n|move|p2b: Venusaur|Sleep Powder|p1a: Skarmory|[miss]\n|-miss|p2b: Venusaur|p1a: Skarmory\n|move|p1a: Skarmory|Brave Bird|p2b: Venusaur\n|-supereffective|p2b: Venusaur|1\n|-enditem|p2b: Venusaur|Focus Sash\n|-damage|p2b: Venusaur|1/100\n|-damage|p1a: Skarmory|64/100|[from] Recoil\n|move|p1b: Rotom|Volt Switch|p2b: Venusaur\n|-resisted|p2b: Venusaur|1\n|-damage|p2b: Venusaur|0 fnt\n|faint|p2b: Venusaur\n|\n|t:|1776208008\n|switch|p1b: Decidueye|Decidueye-Hisui, L50, F|100/100|[from] Volt Switch\n|\n|-weather|SunnyDay|[upkeep]\n|upkeep\n|\n|t:|1776208033\n|switch|p2b: Incineroar|Incineroar, L50, F|100/100\n|-ability|p2b: Incineroar|Intimidate|boost\n|-unboost|p1a: Skarmory|atk|1\n|-fail|p1b: Decidueye|unboost|Attack|[from] ability: Scrappy|[of] p1b: Decidueye\n|turn|4\n|\n|t:|1776208060\n|switch|p2a: Garchomp|Garchomp, L50, F|100/100\n|switch|p1a: Rotom|Rotom-Wash, L50|74/100\n|move|p1b: Decidueye|Protect|p1b: Decidueye\n|-singleturn|p1b: Decidueye|Protect\n|move|p2b: Incineroar|Fake Out|p1b: Decidueye\n|-activate|p1b: Decidueye|move: Protect\n|\n|-weather|SunnyDay|[upkeep]\n|-heal|p1a: Rotom|80/100|[from] item: Leftovers\n|upkeep\n|turn|5\n|\n|t:|1776208092\n|move|p2a: Garchomp|Dragon Claw|p1a: Rotom\n|-damage|p1a: Rotom|37/100\n|move|p1a: Rotom|Hydro Pump|p2a: Garchomp\n|-damage|p2a: Garchomp|81/100\n|move|p2b: Incineroar|Flare Blitz|p1b: Decidueye\n|-supereffective|p1b: Decidueye|1\n|-damage|p1b: Decidueye|0 fnt\n|faint|p1b: Decidueye\n|-damage|p2b: Incineroar|69/100|[from] Recoil\n|\n|-weather|none\n|-heal|p1a: Rotom|43/100|[from] item: Leftovers\n|upkeep\n|\n|t:|1776208104\n|switch|p1b: Skarmory|Skarmory-Mega, L50, F|64/100\n|turn|6\n|l| WishMkrLucy\n|\n|t:|1776208126\n|move|p2a: Garchomp|Dragon Claw|p1a: Rotom\n|-damage|p1a: Rotom|6/100\n|move|p1b: Skarmory|Brave Bird|p2b: Incineroar\n|-damage|p2b: Incineroar|12/100\n|-damage|p1b: Skarmory|37/100|[from] Recoil\n|move|p1a: Rotom|Thunderbolt|p2b: Incineroar\n|-crit|p2b: Incineroar\n|-damage|p2b: Incineroar|0 fnt\n|faint|p2b: Incineroar\n|\n|-heal|p1a: Rotom|12/100|[from] item: Leftovers\n|upkeep\n|\n|t:|1776208135\n|switch|p2b: Charizard|Charizard-Mega-Y, L50, F|31/100\n|-weather|SunnyDay|[from] ability: Drought|[of] p2b: Charizard\n|turn|7\n|\n|t:|1776208178\n|move|p2b: Charizard|Protect|p2b: Charizard\n|-singleturn|p2b: Charizard|Protect\n|move|p1a: Rotom|Protect|p1a: Rotom\n|-singleturn|p1a: Rotom|Protect\n|move|p2a: Garchomp|Dragon Claw|p1b: Skarmory\n|-resisted|p1b: Skarmory|1\n|-damage|p1b: Skarmory|11/100\n|move|p1b: Skarmory|Iron Head|p2a: Garchomp\n|-damage|p2a: Garchomp|36/100\n|-damage|p1b: Skarmory|0 fnt|[from] ability: Rough Skin|[of] p2a: Garchomp\n|faint|p1b: Skarmory\n|\n|-weather|SunnyDay|[upkeep]\n|-heal|p1a: Rotom|18/100|[from] item: Leftovers\n|upkeep\n|turn|8\n|c|\u2606Duelyst II|gg\n|c|\u2606Duelyst II|kinda threw decid there\n|\n|t:|1776208199\n|move|p2a: Garchomp|Dragon Claw|p1a: Rotom\n|-damage|p1a: Rotom|0 fnt\n|faint|p1a: Rotom\n|\n|win|23456ujhgrew\n|n|\u2606Duelyst II|duelystii\n|n|\u260623456ujhgrew|23456ujhgrew\n|n| Ducktile@!|ducktile\n|n|+Radio Free C-Side|radiofreecside\n|n| ShatteredTemp3st|shatteredtemp3st\n",
  "uploadtime": 1776208199,
  "views": 20,
  "formatid": "gen9championsvgc2026regma",
  "rating": null,
  "private": 0,
  "password": null
}