{
  "id": "gen9championsvgc2026regma-2587107070",
  "format": "[Gen 9 Champions] VGC 2026 Reg M-A",
  "players": [
    "ADV169",
    "entrenador jaen"
  ],
  "log": "|j|\u2606ADV169\n|j|\u2606entrenador jaen\n|t:|1776494351\n|gametype|doubles\n|player|p1|ADV169|cynthia-gen4|1075\n|player|p2|entrenador jaen|blackbelt-gen4dp|1129\n|gen|9\n|tier|[Gen 9 Champions] VGC 2026 Reg M-A\n|rated|\n|rule|Species Clause: Limit one of each Pok\u00e9mon\n|rule|Item Clause: Limit 1 of each item\n|clearpoke\n|poke|p1|Gardevoir, L50, M|\n|poke|p1|Farigiraf, L50, F|\n|poke|p1|Incineroar, L50, F|\n|poke|p1|Rotom-Wash, L50|\n|poke|p1|Archaludon, L50, F|\n|poke|p1|Sinistcha, L50|\n|poke|p2|Tyranitar, L50, M|\n|poke|p2|Sinistcha, L50|\n|poke|p2|Milotic, L50, M|\n|poke|p2|Sneasler, L50, F|\n|poke|p2|Arcanine-Hisui, L50, M|\n|poke|p2|Excadrill, L50, F|\n|teampreview|4\n|inactive|Battle timer is ON: inactive players will automatically lose when time's up. (requested by ADV169)\n|\n|t:|1776494371\n|teamsize|p1|4\n|teamsize|p2|4\n|start\n|switch|p1a: Poppy juice|Sinistcha, L50|100/100\n|switch|p1b: Current|Rotom-Wash, L50|100/100\n|switch|p2a: Tyranitar|Tyranitar, L50, M|100/100\n|switch|p2b: Milotic|Milotic, L50, M|100/100\n|-weather|Sandstorm|[from] ability: Sand Stream|[of] p2a: Tyranitar\n|turn|1\n|\n|t:|1776494390\n|switch|p2b: Excadrill|Excadrill, L50, F|100/100\n|detailschange|p2a: Tyranitar|Tyranitar-Mega, L50, M\n|-mega|p2a: Tyranitar|Tyranitar|Tyranitarite\n|move|p2a: Tyranitar|Dragon Dance|p2a: Tyranitar\n|-boost|p2a: Tyranitar|atk|1\n|-boost|p2a: Tyranitar|spe|1\n|move|p1b: Current|Hydro Pump|p2a: Tyranitar|[miss]\n|-miss|p1b: Current|p2a: Tyranitar\n|move|p1a: Poppy juice|Matcha Gotcha|p2b: Excadrill|[spread] p2a,p2b\n|-supereffective|p2a: Tyranitar|1\n|-damage|p2a: Tyranitar|70/100\n|-damage|p2b: Excadrill|66/100\n|\n|-weather|Sandstorm|[upkeep]\n|-damage|p1b: Current|95/100|[from] Sandstorm\n|-damage|p1a: Poppy juice|94/100|[from] Sandstorm\n|upkeep\n|turn|2\n|inactive|entrenador jaen has 30 seconds left.\n|inactive|entrenador jaen has 20 seconds left.\n|\n|t:|1776494429\n|move|p2b: Excadrill|Brick Break|p1b: Current\n|-crit|p1b: Current\n|-damage|p1b: Current|50/100\n|move|p2a: Tyranitar|Rock Slide|p1b: Current|[spread] p1a,p1b\n|-damage|p1a: Poppy juice|48/100\n|-damage|p1b: Current|0 fnt\n|faint|p1b: Current\n|move|p1a: Poppy juice|Trick Room|p1a: Poppy juice\n|-fieldstart|move: Trick Room|[of] p1a: Poppy juice\n|\n|-weather|Sandstorm|[upkeep]\n|-damage|p1a: Poppy juice|42/100|[from] Sandstorm\n|upkeep\n|\n|t:|1776494441\n|switch|p1b: Carcosa|Farigiraf, L50, F|100/100\n|turn|3\n|\n|t:|1776494448\n|switch|p2b: Sinistcha|Sinistcha, L50|100/100\n|-heal|p2a: Tyranitar|95/100|[from] ability: Hospitality|[of] p2b: Sinistcha\n|move|p1a: Poppy juice|Matcha Gotcha|p2b: Sinistcha|[spread] p2a,p2b\n|-supereffective|p2a: Tyranitar|1\n|-resisted|p2b: Sinistcha|1\n|-damage|p2a: Tyranitar|68/100\n|-heal|p1a: Poppy juice|56/100|[from] drain|[of] p2a: Tyranitar\n|-damage|p2b: Sinistcha|86/100\n|-heal|p1a: Poppy juice|63/100|[from] drain|[of] p2b: Sinistcha\n|move|p1b: Carcosa|Rain Dance|p1b: Carcosa\n|-weather|RainDance\n|move|p2a: Tyranitar|Crunch|p1b: Carcosa\n|-supereffective|p1b: Carcosa|1\n|-damage|p1b: Carcosa|0 fnt\n|faint|p1b: Carcosa\n|\n|-weather|RainDance|[upkeep]\n|upkeep\n|\n|t:|1776494464\n|switch|p1b: Babylon|Archaludon, L50, F|100/100\n|turn|4\n|\n|t:|1776494484\n|move|p2b: Sinistcha|Rage Powder|p2b: Sinistcha\n|-singleturn|p2b: Sinistcha|move: Rage Powder\n|move|p1a: Poppy juice|Shadow Ball|p2b: Sinistcha\n|-supereffective|p2b: Sinistcha|1\n|-damage|p2b: Sinistcha|12/100\n|-unboost|p2b: Sinistcha|spd|1\n|-enditem|p2b: Sinistcha|Sitrus Berry|[eat]\n|-heal|p2b: Sinistcha|37/100|[from] item: Sitrus Berry\n|move|p1b: Babylon|Electro Shot||[still]\n|-prepare|p1b: Babylon|Electro Shot\n|-boost|p1b: Babylon|spa|1\n|-anim|p1b: Babylon|Electro Shot|p2b: Sinistcha\n|-resisted|p2b: Sinistcha|1\n|-damage|p2b: Sinistcha|0 fnt\n|faint|p2b: Sinistcha\n|move|p2a: Tyranitar|Crunch|p1a: Poppy juice\n|-supereffective|p1a: Poppy juice|1\n|-damage|p1a: Poppy juice|0 fnt\n|faint|p1a: Poppy juice\n|\n|-weather|RainDance|[upkeep]\n|upkeep\n|\n|t:|1776494504\n|switch|p2b: Milotic|Milotic, L50, M|100/100\n|turn|5\n|\n|t:|1776494524\n|move|p2b: Milotic|Helping Hand|p2a: Tyranitar\n|-singleturn|p2a: Tyranitar|Helping Hand|[of] p2b: Milotic\n|move|p1b: Babylon|Aura Sphere|p2a: Tyranitar\n|-supereffective|p2a: Tyranitar|2\n|-damage|p2a: Tyranitar|0 fnt\n|faint|p2a: Tyranitar\n|\n|-weather|RainDance|[upkeep]\n|upkeep\n|\n|t:|1776494533\n|switch|p2a: Excadrill|Excadrill, L50, F|66/100\n|turn|6\n|\n|t:|1776494539\n|move|p2a: Excadrill|Protect|p2a: Excadrill\n|-singleturn|p2a: Excadrill|Protect\n|move|p1b: Babylon|Aura Sphere|p2a: Excadrill\n|-activate|p2a: Excadrill|move: Protect\n|move|p2b: Milotic|Life Dew||[still]|[spread] p2a,p2b\n|-heal|p2a: Excadrill|91/100\n|-fail|p2b: Milotic|heal\n|\n|-weather|RainDance|[upkeep]\n|-fieldend|move: Trick Room\n|upkeep\n|turn|7\n|\n|t:|1776494555\n|move|p2a: Excadrill|Brick Break|p1b: Babylon\n|-supereffective|p1b: Babylon|1\n|-damage|p1b: Babylon|60/100\n|-ability|p1b: Babylon|Stamina|boost\n|-boost|p1b: Babylon|def|1\n|move|p2b: Milotic|Life Dew||[still]|[spread] p2a,p2b\n|-heal|p2a: Excadrill|100/100\n|-fail|p2b: Milotic|heal\n|move|p1b: Babylon|Aura Sphere|p2a: Excadrill\n|-supereffective|p2a: Excadrill|1\n|-damage|p2a: Excadrill|15/100\n|\n|-weather|none\n|-heal|p1b: Babylon|66/100|[from] item: Leftovers\n|upkeep\n|turn|8\n|\n|t:|1776494578\n|move|p1b: Babylon|Protect|p1b: Babylon\n|-singleturn|p1b: Babylon|Protect\n|move|p2a: Excadrill|Brick Break|p1b: Babylon\n|-activate|p1b: Babylon|move: Protect\n|move|p2b: Milotic|Scald|p1b: Babylon\n|-activate|p1b: Babylon|move: Protect\n|\n|-heal|p1b: Babylon|72/100|[from] item: Leftovers\n|upkeep\n|turn|9\n|\n|t:|1776494592\n|move|p2a: Excadrill|Brick Break|p1b: Babylon\n|-supereffective|p1b: Babylon|1\n|-damage|p1b: Babylon|45/100\n|-ability|p1b: Babylon|Stamina|boost\n|-boost|p1b: Babylon|def|1\n|move|p2b: Milotic|Scald|p1b: Babylon\n|-resisted|p1b: Babylon|1\n|-damage|p1b: Babylon|33/100\n|-ability|p1b: Babylon|Stamina|boost\n|-boost|p1b: Babylon|def|1\n|move|p1b: Babylon|Aura Sphere|p2a: Excadrill\n|-supereffective|p2a: Excadrill|1\n|-damage|p2a: Excadrill|0 fnt\n|faint|p2a: Excadrill\n|\n|-heal|p1b: Babylon|40/100|[from] item: Leftovers\n|upkeep\n|turn|10\n|\n|t:|1776494609\n|move|p1b: Babylon|Protect|p1b: Babylon\n|-singleturn|p1b: Babylon|Protect\n|move|p2b: Milotic|Scald|p1b: Babylon\n|-activate|p1b: Babylon|move: Protect\n|\n|-heal|p1b: Babylon|46/100|[from] item: Leftovers\n|upkeep\n|turn|11\n|\n|t:|1776494619\n|move|p2b: Milotic|Scald|p1b: Babylon\n|-resisted|p1b: Babylon|1\n|-damage|p1b: Babylon|33/100\n|-ability|p1b: Babylon|Stamina|boost\n|-boost|p1b: Babylon|def|1\n|move|p1b: Babylon|Electro Shot||[still]\n|-prepare|p1b: Babylon|Electro Shot\n|-boost|p1b: Babylon|spa|1\n|\n|-heal|p1b: Babylon|39/100|[from] item: Leftovers\n|upkeep\n|turn|12\n|\n|t:|1776494631\n|move|p2b: Milotic|Scald|p1b: Babylon\n|-resisted|p1b: Babylon|1\n|-damage|p1b: Babylon|26/100\n|-status|p1b: Babylon|brn\n|-ability|p1b: Babylon|Stamina|boost\n|-boost|p1b: Babylon|def|1\n|move|p1b: Babylon|Electro Shot|p2b: Milotic|[from] lockedmove\n|-supereffective|p2b: Milotic|1\n|-damage|p2b: Milotic|0 fnt\n|faint|p2b: Milotic\n|\n|win|ADV169\n|raw|ADV169's rating: 1075 &rarr; <strong>1108</strong><br />(+33 for winning)\n|raw|entrenador jaen's rating: 1129 &rarr; <strong>1100</strong><br />(-29 for losing)\n|l|\u2606entrenador jaen\n|player|p2|\n|c|\u2606ADV169|Gg\n",
  "uploadtime": 1776494646,
  "views": 28,
  "formatid": "gen9championsvgc2026regma",
  "rating": 1100,
  "private": 0,
  "password": null
}