{
  "id": "gen9championsvgc2026regma-2583844051",
  "format": "[Gen 9 Champions] VGC 2026 Reg M-A",
  "players": [
    "euouaeps",
    "AurelioF321"
  ],
  "log": "|j|\u2606euouaeps\n|j|\u2606AurelioF321\n|t:|1776202103\n|gametype|doubles\n|player|p1|euouaeps|harlequin|1093\n|player|p2|AurelioF321|2|1025\n|gen|9\n|tier|[Gen 9 Champions] VGC 2026 Reg M-A\n|rated|\n|rule|Species Clause: Limit one of each Pok\u00e9mon\n|rule|Item Clause: Limit 1 of each item\n|clearpoke\n|poke|p1|Castform, L50, M|\n|poke|p1|Charizard, L50, M|\n|poke|p1|Pelipper, L50, F|\n|poke|p1|Incineroar, L50, F|\n|poke|p1|Whimsicott, L50, M|\n|poke|p1|Basculegion, L50, M|\n|poke|p2|Scizor, L50, F|\n|poke|p2|Pelipper, L50, F|\n|poke|p2|Sableye, L50, M|\n|poke|p2|Garchomp, L50, F|\n|poke|p2|Aerodactyl, L50, F|\n|poke|p2|Meowscarada, L50, M|\n|teampreview|4\n|inactive|Battle timer is ON: inactive players will automatically lose when time's up. (requested by euouaeps)\n|\n|t:|1776202129\n|teamsize|p1|4\n|teamsize|p2|4\n|start\n|switch|p1a: Charizard|Charizard, L50, M|100/100\n|switch|p1b: Castform|Castform, L50, M|100/100\n|switch|p2a: Sableye|Sableye, L50, M|100/100\n|switch|p2b: Garchomp|Garchomp, L50, F|100/100\n|turn|1\n|\n|t:|1776202151\n|detailschange|p1a: Charizard|Charizard-Mega-Y, L50, M\n|-mega|p1a: Charizard|Charizard|Charizardite Y\n|-weather|SunnyDay|[from] ability: Drought|[of] p1a: Charizard\n|-formechange|p1b: Castform|Castform-Sunny|[msg]|[from] ability: Forecast\n|move|p2a: Sableye|Rain Dance|p2a: Sableye\n|-weather|RainDance\n|-formechange|p1b: Castform|Castform-Rainy|[msg]|[from] ability: Forecast\n|move|p1b: Castform|Ice Beam|p2b: Garchomp\n|-supereffective|p2b: Garchomp|2\n|-damage|p2b: Garchomp|4/100\n|move|p1a: Charizard|Heat Wave|p2b: Garchomp|[spread] p2b\n|-miss|p1a: Charizard|p2a: Sableye\n|-resisted|p2b: Garchomp|1\n|-damage|p2b: Garchomp|0 fnt\n|faint|p2b: Garchomp\n|\n|-weather|RainDance|[upkeep]\n|upkeep\n|inactive|AurelioF321 has 30 seconds left.\n|\n|t:|1776202179\n|switch|p2b: Meowscarada|Meowscarada, L50, M|100/100\n|turn|2\n|inactive|euouaeps has 30 seconds left.\n|\n|t:|1776202208\n|switch|p1b: Incineroar|Incineroar, L50, F|100/100\n|-ability|p1b: Incineroar|Intimidate|boost\n|-unboost|p2a: Sableye|atk|1\n|-unboost|p2b: Meowscarada|atk|1\n|move|p1a: Charizard|Protect|p1a: Charizard\n|-singleturn|p1a: Charizard|Protect\n|move|p2a: Sableye|Encore|p1a: Charizard\n|-activate|p1a: Charizard|move: Protect\n|move|p2b: Meowscarada|Thunder Punch|p1b: Incineroar\n|-start|p2b: Meowscarada|typechange|Electric|[from] ability: Protean\n|-damage|p1b: Incineroar|80/100\n|\n|-weather|RainDance|[upkeep]\n|upkeep\n|turn|3\n|inactive|euouaeps has 30 seconds left.\n|inactive|euouaeps has 20 seconds left.\n|\n|t:|1776202244\n|switch|p2b: Pelipper|Pelipper, L50, F|100/100\n|move|p1b: Incineroar|Fake Out|p2b: Pelipper\n|-damage|p2b: Pelipper|88/100\n|move|p2a: Sableye|Encore|p1a: Charizard\n|-start|p1a: Charizard|Encore\n|move|p1a: Charizard|Protect||[still]\n|-fail|p1a: Charizard\n|\n|-weather|RainDance|[upkeep]\n|upkeep\n|turn|4\n|\n|t:|1776202266\n|switch|p1a: Castform|Castform, L50, M|100/100\n|-formechange|p1a: Castform|Castform-Rainy|[msg]|[from] ability: Forecast\n|move|p2a: Sableye|Protect|p2a: Sableye\n|-singleturn|p2a: Sableye|Protect\n|move|p2b: Pelipper|Tailwind|p2b: Pelipper\n|-sidestart|p2: AurelioF321|move: Tailwind\n|move|p1b: Incineroar|Parting Shot|p2b: Pelipper\n|-unboost|p2b: Pelipper|atk|1\n|-unboost|p2b: Pelipper|spa|1\n|\n|t:|1776202276\n|switch|p1b: Charizard|Charizard-Mega-Y, L50, M|100/100|[from] Parting Shot\n|-weather|SunnyDay|[from] ability: Drought|[of] p1b: Charizard\n|-formechange|p1a: Castform|Castform-Sunny|[msg]|[from] ability: Forecast\n|\n|-weather|SunnyDay|[upkeep]\n|upkeep\n|turn|5\n|\n|t:|1776202291\n|move|p2a: Sableye|Rain Dance|p2a: Sableye\n|-weather|RainDance\n|-formechange|p1a: Castform|Castform-Rainy|[msg]|[from] ability: Forecast\n|move|p2b: Pelipper|Surf|p1b: Charizard|[spread] p2a,p1a,p1b\n|-resisted|p1a: Castform|1\n|-supereffective|p1b: Charizard|1\n|-damage|p2a: Sableye|62/100\n|-damage|p1a: Castform|77/100\n|-damage|p1b: Charizard|44/100\n|move|p1a: Castform|Weather Ball|p2b: Pelipper\n|-resisted|p2b: Pelipper|1\n|-damage|p2b: Pelipper|41/100\n|move|p1b: Charizard|Heat Wave|p2a: Sableye|[spread] p2a,p2b\n|-crit|p2a: Sableye\n|-resisted|p2b: Pelipper|1\n|-crit|p2b: Pelipper\n|-damage|p2a: Sableye|14/100\n|-damage|p2b: Pelipper|17/100\n|\n|-weather|RainDance|[upkeep]\n|upkeep\n|turn|6\n|inactive|euouaeps has 30 seconds left.\n|\n|t:|1776202318\n|move|p2a: Sableye|Protect|p2a: Sableye\n|-singleturn|p2a: Sableye|Protect\n|move|p2b: Pelipper|Surf|p1b: Charizard|[spread] p1a,p1b\n|-activate|p2a: Sableye|move: Protect\n|-resisted|p1a: Castform|1\n|-supereffective|p1b: Charizard|1\n|-damage|p1a: Castform|54/100\n|-damage|p1b: Charizard|0 fnt\n|faint|p1b: Charizard\n|move|p1a: Castform|Weather Ball|p2b: Pelipper\n|-resisted|p2b: Pelipper|1\n|-damage|p2b: Pelipper|0 fnt\n|faint|p2b: Pelipper\n|\n|-weather|RainDance|[upkeep]\n|upkeep\n|\n|t:|1776202333\n|switch|p1b: Incineroar|Incineroar, L50, F|80/100\n|switch|p2b: Meowscarada|Meowscarada, L50, M|100/100\n|-ability|p1b: Incineroar|Intimidate|boost\n|-unboost|p2a: Sableye|atk|1\n|-unboost|p2b: Meowscarada|atk|1\n|turn|7\n|inactive|AurelioF321 has 30 seconds left.\n|inactive|AurelioF321 has 20 seconds left.\n|\n|t:|1776202369\n|move|p1b: Incineroar|Fake Out|p2b: Meowscarada\n|-damage|p2b: Meowscarada|83/100\n|move|p2a: Sableye|Encore|p1b: Incineroar\n|-hint|Since gen 7, Dark is immune to Prankster moves.\n|-immune|p1b: Incineroar\n|cant|p2b: Meowscarada|flinch\n|move|p1a: Castform|Weather Ball|p2a: Sableye\n|-damage|p2a: Sableye|0 fnt\n|faint|p2a: Sableye\n|\n|-weather|RainDance|[upkeep]\n|-sideend|p2: AurelioF321|move: Tailwind\n|upkeep\n|turn|8\n|inactive|euouaeps has 30 seconds left.\n|\n|t:|1776202395\n|switch|p1a: Pelipper|Pelipper, L50, F|100/100\n|move|p2b: Meowscarada|Thunder Punch|p1a: Pelipper\n|-start|p2b: Meowscarada|typechange|Electric|[from] ability: Protean\n|-supereffective|p1a: Pelipper|2\n|-enditem|p1a: Pelipper|Focus Sash\n|-damage|p1a: Pelipper|1/100\n|move|p1b: Incineroar|Parting Shot|p2b: Meowscarada\n|-unboost|p2b: Meowscarada|atk|1\n|-unboost|p2b: Meowscarada|spa|1\n|\n|t:|1776202404\n|switch|p1b: Castform|Castform, L50, M|54/100|[from] Parting Shot\n|-formechange|p1b: Castform|Castform-Rainy|[msg]|[from] ability: Forecast\n|\n|-weather|RainDance|[upkeep]\n|upkeep\n|turn|9\n|\n|t:|1776202419\n|move|p1a: Pelipper|Helping Hand|p1b: Castform\n|-singleturn|p1b: Castform|Helping Hand|[of] p1a: Pelipper\n|move|p1b: Castform|Weather Ball|p2b: Meowscarada\n|-damage|p2b: Meowscarada|0 fnt\n|faint|p2b: Meowscarada\n|\n|win|euouaeps\n|raw|euouaeps's rating: 1093 &rarr; <strong>1114</strong><br />(+21 for winning)\n|raw|AurelioF321's rating: 1025 &rarr; <strong>1014</strong><br />(-11 for losing)\n",
  "uploadtime": 1776202428,
  "views": 17,
  "formatid": "gen9championsvgc2026regma",
  "rating": 1014,
  "private": 0,
  "password": null
}