{
  "id": "gen9championsvgc2026regma-2589563014",
  "format": "[Gen 9 Champions] VGC 2026 Reg M-A",
  "players": [
    "dsvvseesvs",
    "Spoofbit"
  ],
  "log": "|j|\u2606dsvvseesvs\n|j|\u2606Spoofbit\n|t:|1776734443\n|gametype|doubles\n|player|p1|dsvvseesvs|170|1209\n|player|p2|Spoofbit|n|1197\n|gen|9\n|tier|[Gen 9 Champions] VGC 2026 Reg M-A\n|rated|\n|rule|Species Clause: Limit one of each Pok\u00e9mon\n|rule|Item Clause: Limit 1 of each item\n|clearpoke\n|poke|p1|Emolga, L50, M|\n|poke|p1|Incineroar, L50, M|\n|poke|p1|Sinistcha, L50|\n|poke|p1|Aggron, L50, M|\n|poke|p1|Milotic, L50, F|\n|poke|p1|Gengar, L50, M|\n|poke|p2|Serperior, L50, F, shiny|\n|poke|p2|Primarina, L50, F|\n|poke|p2|Rotom-Heat, L50|\n|poke|p2|Golurk, L50, shiny|\n|poke|p2|Slowking-Galar, L50, F|\n|poke|p2|Crabominable, L50, M|\n|teampreview|4\n|inactive|Battle timer is ON: inactive players will automatically lose when time's up. (requested by Spoofbit)\n|inactive|dsvvseesvs has 60 seconds left.\n|inactive|Spoofbit has 60 seconds left.\n|inactive|Spoofbit has 30 seconds left.\n|\n|t:|1776734504\n|teamsize|p1|4\n|teamsize|p2|4\n|start\n|switch|p1a: thunderus ?|Emolga, L50, M|100/100\n|switch|p1b: Incineroar|Incineroar, L50, M|100/100\n|switch|p2a: Rotom|Rotom-Heat, L50|100/100\n|switch|p2b: Slowking|Slowking-Galar, L50, F|100/100\n|-ability|p1b: Incineroar|Intimidate|boost\n|-unboost|p2a: Rotom|atk|1\n|-unboost|p2b: Slowking|atk|1\n|turn|1\n|inactive|dsvvseesvs has 30 seconds left.\n|inactive|Spoofbit has 30 seconds left.\n|inactive|dsvvseesvs has 20 seconds left.\n|inactive|Spoofbit has 20 seconds left.\n|inactive|dsvvseesvs has 15 seconds left.\n|\n|t:|1776734550\n|move|p1b: Incineroar|Fake Out|p2a: Rotom\n|-damage|p2a: Rotom|88/100\n|move|p1a: thunderus ?|Taunt|p2b: Slowking\n|-start|p2b: Slowking|move: Taunt\n|-enditem|p2b: Slowking|Mental Herb\n|-end|p2b: Slowking|move: Taunt\n|cant|p2a: Rotom|flinch\n|move|p2b: Slowking|Trick Room|p2b: Slowking\n|-fieldstart|move: Trick Room|[of] p2b: Slowking\n|\n|-heal|p2a: Rotom|94/100|[from] item: Leftovers\n|upkeep\n|turn|2\n|\n|t:|1776734567\n|move|p2b: Slowking|Sludge Bomb|p1b: Incineroar\n|-damage|p1b: Incineroar|71/100\n|move|p1b: Incineroar|Parting Shot|p2b: Slowking\n|-unboost|p2b: Slowking|atk|1\n|-unboost|p2b: Slowking|spa|1\n|\n|t:|1776734588\n|switch|p1b: Aggron|Aggron, L50, M|100/100|[from] Parting Shot\n|move|p2a: Rotom|Thunderbolt|p1b: Aggron\n|-damage|p1b: Aggron|59/100\n|-status|p1b: Aggron|par\n|move|p1a: thunderus ?|Rain Dance|p1a: thunderus ?\n|-weather|RainDance\n|\n|-weather|RainDance|[upkeep]\n|-heal|p2a: Rotom|100/100|[from] item: Leftovers\n|upkeep\n|turn|3\n|inactive|Spoofbit has 30 seconds left.\n|\n|t:|1776734620\n|detailschange|p1b: Aggron|Aggron-Mega, L50, M\n|-mega|p1b: Aggron|Aggron|Aggronite\n|move|p1b: Aggron|Protect|p1b: Aggron\n|-singleturn|p1b: Aggron|Protect\n|move|p2b: Slowking|Sludge Bomb|p1a: thunderus ?\n|-damage|p1a: thunderus ?|60/100\n|-status|p1a: thunderus ?|psn\n|-enditem|p1a: thunderus ?|Lum Berry|[eat]\n|-curestatus|p1a: thunderus ?|psn|[msg]\n|move|p2a: Rotom|Overheat|p1b: Aggron\n|-activate|p1b: Aggron|move: Protect\n|move|p1a: thunderus ?|Eerie Impulse|p2a: Rotom\n|-unboost|p2a: Rotom|spa|2\n|\n|-weather|RainDance|[upkeep]\n|upkeep\n|turn|4\n|inactive|Spoofbit has 30 seconds left.\n|\n|t:|1776734645\n|switch|p1b: Incineroar|Incineroar, L50, M|71/100\n|-ability|p1b: Incineroar|Intimidate|boost\n|-unboost|p2a: Rotom|atk|1\n|-unboost|p2b: Slowking|atk|1\n|move|p2b: Slowking|Psychic|p1b: Incineroar\n|-immune|p1b: Incineroar\n|move|p2a: Rotom|Overheat|p1b: Incineroar|[miss]\n|-miss|p2a: Rotom|p1b: Incineroar\n|move|p1a: thunderus ?|Eerie Impulse|p2b: Slowking\n|-unboost|p2b: Slowking|spa|2\n|\n|-weather|RainDance|[upkeep]\n|upkeep\n|turn|5\n|\n|t:|1776734669\n|move|p2b: Slowking|Protect|p2b: Slowking\n|-singleturn|p2b: Slowking|Protect\n|move|p1b: Incineroar|Fake Out|p2a: Rotom\n|-damage|p2a: Rotom|88/100\n|cant|p2a: Rotom|flinch\n|move|p1a: thunderus ?|Taunt|p2b: Slowking\n|-activate|p2b: Slowking|move: Protect\n|\n|-weather|RainDance|[upkeep]\n|-heal|p2a: Rotom|94/100|[from] item: Leftovers\n|-fieldend|move: Trick Room\n|upkeep\n|turn|6\n|inactive|dsvvseesvs has 30 seconds left.\n|\n|t:|1776734701\n|move|p1a: thunderus ?|Eerie Impulse|p2a: Rotom\n|-unboost|p2a: Rotom|spa|2\n|move|p2a: Rotom|Volt Switch|p1a: thunderus ?\n|-ability|p1a: thunderus ?|Motor Drive|boost\n|-boost|p1a: thunderus ?|spe|1\n|move|p1b: Incineroar|Parting Shot|p2b: Slowking\n|-unboost|p2b: Slowking|atk|1\n|-unboost|p2b: Slowking|spa|1\n|\n|t:|1776734711\n|switch|p1b: Aggron|Aggron-Mega, L50, M|59/100 par|[from] Parting Shot\n|move|p2b: Slowking|Sludge Bomb|p1a: thunderus ?\n|-damage|p1a: thunderus ?|41/100\n|-status|p1a: thunderus ?|psn\n|\n|-weather|none\n|-heal|p2a: Rotom|99/100|[from] item: Leftovers\n|-damage|p1a: thunderus ?|28/100 psn|[from] psn\n|upkeep\n|turn|7\n|inactive|Spoofbit has 30 seconds left.\n|\n|t:|1776734742\n|switch|p2a: Serperior|Serperior, L50, F, shiny|100/100\n|switch|p2b: Primarina|Primarina, L50, F|100/100\n|move|p1a: thunderus ?|Rain Dance|p1a: thunderus ?\n|-weather|RainDance\n|move|p1b: Aggron|Iron Defense|p1b: Aggron\n|-boost|p1b: Aggron|def|2\n|\n|-weather|RainDance|[upkeep]\n|-damage|p1a: thunderus ?|16/100 psn|[from] psn\n|upkeep\n|turn|8\n|inactive|dsvvseesvs has 30 seconds left.\n|inactive|dsvvseesvs has 20 seconds left.\n|\n|t:|1776734779\n|move|p2a: Serperior|Leaf Storm|p1b: Aggron\n|-resisted|p1b: Aggron|1\n|-damage|p1b: Aggron|39/100 par\n|-boost|p2a: Serperior|spa|2\n|move|p1a: thunderus ?|Eerie Impulse|p2b: Primarina\n|-unboost|p2b: Primarina|spa|2\n|move|p2b: Primarina|Hyper Voice|p1a: thunderus ?|[spread] p1a,p1b\n|-crit|p1b: Aggron\n|-damage|p1a: thunderus ?|0 fnt\n|-damage|p1b: Aggron|0 fnt\n|faint|p1a: thunderus ?\n|faint|p1b: Aggron\n|\n|-weather|RainDance|[upkeep]\n|upkeep\n|\n|t:|1776734794\n|switch|p1a: Sinistcha|Sinistcha, L50|100/100\n|switch|p1b: Incineroar|Incineroar, L50, M|71/100\n|-ability|p1b: Incineroar|Intimidate|boost\n|-boost|p2a: Serperior|atk|1\n|-unboost|p2b: Primarina|atk|1\n|-heal|p1b: Incineroar|96/100|[from] ability: Hospitality|[of] p1a: Sinistcha\n|turn|9\n|inactive|Spoofbit has 30 seconds left.\n|inactive|Spoofbit has 20 seconds left.\n|inactive|Spoofbit has 15 seconds left.\n|inactive|Spoofbit has 10 seconds left.\n|\n|t:|1776734842\n|move|p1b: Incineroar|Fake Out|p2a: Serperior\n|-damage|p2a: Serperior|86/100\n|cant|p2a: Serperior|flinch\n|move|p1a: Sinistcha|Matcha Gotcha|p2a: Serperior|[spread] p2a,p2b\n|-resisted|p2a: Serperior|1\n|-supereffective|p2b: Primarina|1\n|-crit|p2b: Primarina\n|-damage|p2a: Serperior|70/100\n|-damage|p2b: Primarina|44/100\n|move|p2b: Primarina|Hyper Voice|p1a: Sinistcha|[spread] p1a,p1b\n|-resisted|p1a: Sinistcha|1\n|-supereffective|p1b: Incineroar|1\n|-enditem|p1b: Incineroar|Passho Berry|[eat]\n|-enditem|p1b: Incineroar|Passho Berry|[weaken]\n|-damage|p1a: Sinistcha|84/100\n|-damage|p1b: Incineroar|69/100\n|\n|-weather|RainDance|[upkeep]\n|upkeep\n|turn|10\n|inactive|dsvvseesvs has 30 seconds left.\n|inactive|dsvvseesvs has 20 seconds left.\n|inactive|dsvvseesvs has 15 seconds left.\n|inactive|dsvvseesvs has 10 seconds left.\n|\n|t:|1776734890\n|switch|p2b: Rotom|Rotom-Heat, L50|99/100\n|move|p2a: Serperior|Leaf Storm|p1b: Incineroar\n|-resisted|p1b: Incineroar|1\n|-damage|p1b: Incineroar|27/100\n|-boost|p2a: Serperior|spa|2\n|move|p1a: Sinistcha|Matcha Gotcha|p2a: Serperior|[spread] p2a,p2b\n|-resisted|p2a: Serperior|1\n|-resisted|p2b: Rotom|1\n|-damage|p2a: Serperior|55/100\n|-heal|p1a: Sinistcha|90/100|[from] drain|[of] p2a: Serperior\n|-damage|p2b: Rotom|85/100\n|-heal|p1a: Sinistcha|96/100|[from] drain|[of] p2b: Rotom\n|move|p1b: Incineroar|Flare Blitz|p2a: Serperior\n|-supereffective|p2a: Serperior|1\n|-damage|p2a: Serperior|0 fnt\n|faint|p2a: Serperior\n|-damage|p1b: Incineroar|13/100|[from] Recoil\n|\n|-weather|RainDance|[upkeep]\n|-heal|p2b: Rotom|91/100|[from] item: Leftovers\n|upkeep\n|inactive|Spoofbit has 30 seconds left.\n|\n|t:|1776734921\n|switch|p2a: Slowking|Slowking-Galar, L50, F|100/100\n|turn|11\n|inactive|dsvvseesvs has 30 seconds left.\n|inactive|dsvvseesvs has 20 seconds left.\n|inactive|dsvvseesvs has 15 seconds left.\n|inactive|dsvvseesvs has 10 seconds left.\n|\n|t:|1776734970\n|move|p2b: Rotom|Overheat|p1a: Sinistcha\n|-supereffective|p1a: Sinistcha|1\n|-damage|p1a: Sinistcha|35/100\n|-unboost|p2b: Rotom|spa|2\n|-enditem|p1a: Sinistcha|Sitrus Berry|[eat]\n|-heal|p1a: Sinistcha|60/100|[from] item: Sitrus Berry\n|move|p1a: Sinistcha|Life Dew|p1a: Sinistcha|[spread] p1a,p1b\n|-heal|p1a: Sinistcha|85/100\n|-heal|p1b: Incineroar|38/100\n|move|p1b: Incineroar|Parting Shot|p2b: Rotom\n|-unboost|p2b: Rotom|atk|1\n|-unboost|p2b: Rotom|spa|1\n|move|p2a: Slowking|Trick Room|p2a: Slowking\n|-fieldstart|move: Trick Room|[of] p2a: Slowking\n|\n|-weather|none\n|-heal|p2b: Rotom|97/100|[from] item: Leftovers\n|upkeep\n|turn|12\n|inactive|dsvvseesvs has 30 seconds left.\n|inactive|Spoofbit has 30 seconds left.\n|\n|t:|1776735005\n|move|p2a: Slowking|Sludge Bomb|p1b: Incineroar\n|-damage|p1b: Incineroar|9/100\n|move|p1b: Incineroar|Parting Shot|p2a: Slowking\n|-unboost|p2a: Slowking|atk|1\n|-unboost|p2a: Slowking|spa|1\n|move|p1a: Sinistcha|Life Dew|p1a: Sinistcha|[spread] p1a,p1b\n|-heal|p1a: Sinistcha|100/100\n|-heal|p1b: Incineroar|34/100\n|move|p2b: Rotom|Volt Switch|p1b: Incineroar\n|-damage|p1b: Incineroar|23/100\n|\n|t:|1776735016\n|switch|p2b: Primarina|Primarina, L50, F|44/100|[from] Volt Switch\n|\n|upkeep\n|turn|13\n|\n|t:|1776735034\n|move|p2a: Slowking|Sludge Bomb|p1b: Incineroar\n|-damage|p1b: Incineroar|2/100\n|move|p2b: Primarina|Hyper Voice|p1b: Incineroar|[spread] p1a,p1b\n|-resisted|p1a: Sinistcha|1\n|-supereffective|p1b: Incineroar|1\n|-damage|p1a: Sinistcha|79/100\n|-damage|p1b: Incineroar|0 fnt\n|faint|p1b: Incineroar\n|move|p1a: Sinistcha|Matcha Gotcha|p2a: Slowking|[spread] p2a,p2b\n|-resisted|p2a: Slowking|1\n|-supereffective|p2b: Primarina|1\n|-damage|p2a: Slowking|93/100\n|-heal|p1a: Sinistcha|83/100|[from] drain|[of] p2a: Slowking\n|-damage|p2b: Primarina|7/100\n|-heal|p1a: Sinistcha|100/100|[from] drain|[of] p2b: Primarina\n|\n|upkeep\n|turn|14\n|\n|t:|1776735053\n|move|p2a: Slowking|Sludge Bomb|p1a: Sinistcha\n|-damage|p1a: Sinistcha|74/100\n|move|p2b: Primarina|Moonblast|p1a: Sinistcha\n|-damage|p1a: Sinistcha|22/100\n|move|p1a: Sinistcha|Matcha Gotcha|p2b: Primarina|[spread] p2b\n|-miss|p1a: Sinistcha|p2a: Slowking\n|-supereffective|p2b: Primarina|1\n|-damage|p2b: Primarina|0 fnt\n|-heal|p1a: Sinistcha|26/100|[from] drain|[of] p2b: Primarina\n|faint|p2b: Primarina\n|\n|upkeep\n|\n|t:|1776735064\n|switch|p2b: Rotom|Rotom-Heat, L50|97/100\n|turn|15\n|-message|dsvvseesvs forfeited.\n|\n|win|Spoofbit\n|raw|dsvvseesvs's rating: 1209 &rarr; <strong>1183</strong><br />(-26 for losing)\n|raw|Spoofbit's rating: 1197 &rarr; <strong>1223</strong><br />(+26 for winning)\n|l|\u2606dsvvseesvs\n|player|p1|\n",
  "uploadtime": 1776735076,
  "views": 3,
  "formatid": "gen9championsvgc2026regma",
  "rating": 1183,
  "private": 0,
  "password": null
}