{
  "id": "gen9championsvgc2026regma-2583380102",
  "format": "[Gen 9 Champions] VGC 2026 Reg M-A",
  "players": [
    "hsjjjajananb",
    "tangorella"
  ],
  "log": "|j|\u2606hsjjjajananb\n|j|\u2606tangorella\n|t:|1776171594\n|gametype|doubles\n|player|p1|hsjjjajananb|170|1123\n|player|p2|tangorella|2|1047\n|gen|9\n|tier|[Gen 9 Champions] VGC 2026 Reg M-A\n|rated|\n|rule|Species Clause: Limit one of each Pok\u00e9mon\n|rule|Item Clause: Limit 1 of each item\n|clearpoke\n|poke|p1|Zoroark-Hisui, L50, M|\n|poke|p1|Incineroar, L50, M|\n|poke|p1|Whimsicott, L50, M|\n|poke|p1|Sneasler, L50, F|\n|poke|p1|Farigiraf, L50, F|\n|poke|p1|Meganium, L50, M|\n|poke|p2|Gardevoir, L50, M|\n|poke|p2|Incineroar, L50, M|\n|poke|p2|Sinistcha, L50|\n|poke|p2|Garchomp, L50, M|\n|poke|p2|Aerodactyl, L50, M|\n|poke|p2|Kingambit, L50, M|\n|teampreview|4\n|\n|t:|1776171645\n|teamsize|p1|4\n|teamsize|p2|4\n|start\n|switch|p1a: Meganium|Meganium, L50, M, shiny|100/100\n|switch|p1b: Sneasler|Sneasler, L50, F, shiny|100/100\n|switch|p2a: Garchomp|Garchomp, L50, M|100/100\n|switch|p2b: Sinistcha|Sinistcha, L50|100/100\n|turn|1\n|\n|t:|1776171687\n|move|p2a: Garchomp|Protect|p2a: Garchomp\n|-singleturn|p2a: Garchomp|Protect\n|move|p1b: Sneasler|Fake Out|p2a: Garchomp\n|-activate|p2a: Garchomp|move: Protect\n|move|p1a: Meganium|Bitter Malice|p2b: Sinistcha\n|-supereffective|p2b: Sinistcha|1\n|-damage|p2b: Sinistcha|18/100\n|-unboost|p2b: Sinistcha|atk|1\n|-enditem|p2b: Sinistcha|Sitrus Berry|[eat]\n|-heal|p2b: Sinistcha|43/100|[from] item: Sitrus Berry\n|move|p2b: Sinistcha|Matcha Gotcha|p1a: Meganium|[spread] p1a,p1b\n|-resisted|p1b: Sneasler|1\n|-crit|p1b: Sneasler\n|-damage|p1a: Meganium|52/100\n|-heal|p2b: Sinistcha|61/100|[from] drain|[of] p1a: Meganium\n|-damage|p1b: Sneasler|76/100\n|-heal|p2b: Sinistcha|72/100|[from] drain|[of] p1b: Sneasler\n|replace|p1a: Zoroark|Zoroark-Hisui, L50, M\n|-end|p1a: Zoroark|Illusion\n|\n|upkeep\n|turn|2\n|\n|t:|1776171726\n|switch|p1b: Whimsicott|Whimsicott, L50, M|100/100\n|switch|p2b: Kingambit|Kingambit, L50, M|100/100\n|move|p1a: Zoroark|Bitter Malice|p2b: Kingambit\n|-resisted|p2b: Kingambit|1\n|-damage|p2b: Kingambit|79/100\n|-unboost|p2b: Kingambit|atk|1\n|-ability|p2b: Kingambit|Defiant|boost\n|-boost|p2b: Kingambit|atk|2\n|move|p2a: Garchomp|Earthquake|p1a: Zoroark|[spread] p2b,p1a,p1b\n|-supereffective|p2b: Kingambit|1\n|-resisted|p1b: Whimsicott|1\n|-damage|p2b: Kingambit|18/100\n|-damage|p1a: Zoroark|0 fnt\n|-damage|p1b: Whimsicott|80/100\n|faint|p1a: Zoroark\n|\n|-heal|p1b: Whimsicott|86/100|[from] item: Leftovers\n|upkeep\n|\n|t:|1776171748\n|switch|p1a: Sneasler|Sneasler, L50, F, shiny|76/100\n|turn|3\n|\n|t:|1776171773\n|move|p1a: Sneasler|Protect|p1a: Sneasler\n|-singleturn|p1a: Sneasler|Protect\n|move|p2b: Kingambit|Protect|p2b: Kingambit\n|-singleturn|p2b: Kingambit|Protect\n|move|p1b: Whimsicott|Leech Seed|p2a: Garchomp\n|-start|p2a: Garchomp|move: Leech Seed\n|move|p2a: Garchomp|Earthquake|p1a: Sneasler|[spread] p1b\n|-activate|p2b: Kingambit|move: Protect\n|-activate|p1a: Sneasler|move: Protect\n|-resisted|p1b: Whimsicott|1\n|-damage|p1b: Whimsicott|66/100\n|\n|-heal|p1b: Whimsicott|72/100|[from] item: Leftovers\n|-damage|p2a: Garchomp|88/100|[from] Leech Seed|[of] p1b: Whimsicott\n|-heal|p1b: Whimsicott|86/100|[silent]\n|upkeep\n|turn|4\n|\n|t:|1776171808\n|move|p2b: Kingambit|Protect|p2b: Kingambit\n|-singleturn|p2b: Kingambit|Protect\n|move|p1b: Whimsicott|Encore|p2b: Kingambit\n|-activate|p2b: Kingambit|move: Protect\n|move|p1a: Sneasler|Close Combat|p2b: Kingambit\n|-activate|p2b: Kingambit|move: Protect\n|move|p2a: Garchomp|Earthquake|p1a: Sneasler|[spread] p1a,p1b\n|-activate|p2b: Kingambit|move: Protect\n|-supereffective|p1a: Sneasler|1\n|-resisted|p1b: Whimsicott|1\n|-damage|p1a: Sneasler|0 fnt\n|-damage|p1b: Whimsicott|66/100\n|faint|p1a: Sneasler\n|\n|-heal|p1b: Whimsicott|72/100|[from] item: Leftovers\n|-damage|p2a: Garchomp|76/100|[from] Leech Seed|[of] p1b: Whimsicott\n|-heal|p1b: Whimsicott|86/100|[silent]\n|upkeep\n|\n|t:|1776171827\n|switch|p1a: Meganium|Meganium, L50, M, shiny|100/100\n|turn|5\n|\n|t:|1776171847\n|switch|p2b: Sinistcha|Sinistcha, L50|72/100\n|-heal|p2a: Garchomp|100/100|[from] ability: Hospitality|[of] p2b: Sinistcha\n|detailschange|p1a: Meganium|Meganium-Mega, L50, M, shiny\n|-mega|p1a: Meganium|Meganium|Meganiumite\n|move|p1b: Whimsicott|Leech Seed|p2b: Sinistcha\n|-immune|p2b: Sinistcha\n|move|p2a: Garchomp|Rock Slide|p1a: Meganium|[spread] p1a,p1b\n|-damage|p1a: Meganium|77/100\n|-damage|p1b: Whimsicott|64/100\n|move|p1a: Meganium|Dazzling Gleam|p2a: Garchomp|[spread] p2a,p2b\n|-supereffective|p2a: Garchomp|1\n|-damage|p2a: Garchomp|12/100\n|-damage|p2b: Sinistcha|38/100\n|\n|-heal|p1b: Whimsicott|70/100|[from] item: Leftovers\n|-damage|p2a: Garchomp|0 fnt|[from] Leech Seed|[of] p1b: Whimsicott\n|-heal|p1b: Whimsicott|83/100|[silent]\n|faint|p2a: Garchomp\n|upkeep\n|\n|t:|1776171864\n|switch|p2a: Gardevoir|Gardevoir, L50, M|100/100\n|turn|6\n|\n|t:|1776171891\n|detailschange|p2a: Gardevoir|Gardevoir-Mega, L50, M\n|-mega|p2a: Gardevoir|Gardevoir|Gardevoirite\n|move|p2b: Sinistcha|Rage Powder|p2b: Sinistcha\n|-singleturn|p2b: Sinistcha|move: Rage Powder\n|move|p1b: Whimsicott|Leech Seed|p2a: Gardevoir\n|-start|p2a: Gardevoir|move: Leech Seed\n|move|p2a: Gardevoir|Hyper Voice|p1a: Meganium|[spread] p1a,p1b\n|-damage|p1a: Meganium|18/100\n|-damage|p1b: Whimsicott|23/100\n|move|p1a: Meganium|Dazzling Gleam|p2b: Sinistcha|[spread] p2a,p2b\n|-damage|p2a: Gardevoir|65/100\n|-damage|p2b: Sinistcha|7/100\n|\n|-heal|p1b: Whimsicott|29/100|[from] item: Leftovers\n|-damage|p2a: Gardevoir|52/100|[from] Leech Seed|[of] p1b: Whimsicott\n|-heal|p1b: Whimsicott|40/100|[silent]\n|upkeep\n|turn|7\n|\n|t:|1776171916\n|switch|p2b: Kingambit|Kingambit, L50, M|18/100\n|move|p1b: Whimsicott|Tailwind|p1b: Whimsicott\n|-sidestart|p1: hsjjjajananb|move: Tailwind\n|move|p1a: Meganium|Dazzling Gleam|p2b: Kingambit|[spread] p2a,p2b\n|-crit|p2b: Kingambit\n|-damage|p2a: Gardevoir|19/100\n|-damage|p2b: Kingambit|0 fnt\n|faint|p2b: Kingambit\n|move|p2a: Gardevoir|Hyper Voice|p1b: Whimsicott|[spread] p1a,p1b\n|-damage|p1a: Meganium|0 fnt\n|-damage|p1b: Whimsicott|0 fnt\n|faint|p1a: Meganium\n|faint|p1b: Whimsicott\n|\n|win|tangorella\n|raw|hsjjjajananb's rating: 1123 &rarr; <strong>1093</strong><br />(-30 for losing)\n|raw|tangorella's rating: 1047 &rarr; <strong>1087</strong><br />(+40 for winning)\n",
  "uploadtime": 1776171932,
  "views": 12,
  "formatid": "gen9championsvgc2026regma",
  "rating": 1087,
  "private": 0,
  "password": null
}