{
  "id": "gen9championsvgc2026regma-2588743186",
  "format": "[Gen 9 Champions] VGC 2026 Reg M-A",
  "players": [
    "steven he vgc",
    "Hoshinaaa"
  ],
  "log": "|j|\u2606steven he vgc\n|j|\u2606Hoshinaaa\n|t:|1776664866\n|gametype|doubles\n|player|p1|steven he vgc|101|1670\n|player|p2|Hoshinaaa|rosa|1771\n|gen|9\n|tier|[Gen 9 Champions] VGC 2026 Reg M-A\n|rated|\n|rule|Species Clause: Limit one of each Pok\u00e9mon\n|rule|Item Clause: Limit 1 of each item\n|clearpoke\n|poke|p1|Floette-Eternal, L50, F|\n|poke|p1|Sneasler, L50, F|\n|poke|p1|Incineroar, L50, F|\n|poke|p1|Kingambit, L50, M|\n|poke|p1|Palafin, L50, M|\n|poke|p1|Rotom-Mow, L50|\n|poke|p2|Starmie, L50|\n|poke|p2|Incineroar, L50, M|\n|poke|p2|Sinistcha-Masterpiece, L50|\n|poke|p2|Kingambit, L50, F|\n|poke|p2|Glimmora, L50, M|\n|poke|p2|Corviknight, L50, M|\n|teampreview|4\n|inactive|Battle timer is ON: inactive players will automatically lose when time's up. (requested by Hoshinaaa)\n|j| M0AK\n|inactive|Hoshinaaa has 60 seconds left.\n|\n|t:|1776664905\n|teamsize|p1|4\n|teamsize|p2|4\n|start\n|switch|p1a: Rotom|Rotom-Mow, L50|100/100\n|switch|p1b: Floette|Floette-Eternal, L50, F|100/100\n|switch|p2a: Sinistcha|Sinistcha-Masterpiece, L50|100/100\n|switch|p2b: Starmie|Starmie, L50|100/100\n|turn|1\n|inactive|steven he vgc has 30 seconds left.\n|j| Oathkewpwr\n|\n|t:|1776664940\n|detailschange|p2b: Starmie|Starmie-Mega, L50\n|-mega|p2b: Starmie|Starmie|Starminite\n|detailschange|p1b: Floette|Floette-Mega, L50, F\n|-mega|p1b: Floette|Floette|Floettite\n|-ability|p1b: Floette|Fairy Aura\n|move|p1a: Rotom|Will-O-Wisp|p2b: Starmie\n|-status|p2b: Starmie|brn\n|move|p2b: Starmie|Liquidation|p1b: Floette\n|-damage|p1b: Floette|67/100\n|move|p1b: Floette|Calm Mind|p1b: Floette\n|-boost|p1b: Floette|spa|1\n|-boost|p1b: Floette|spd|1\n|move|p2a: Sinistcha|Matcha Gotcha|p1a: Rotom|[spread] p1a,p1b\n|-resisted|p1a: Rotom|1\n|-damage|p1a: Rotom|85/100\n|-damage|p1b: Floette|56/100\n|\n|-damage|p2b: Starmie|95/100 brn|[from] brn\n|upkeep\n|turn|2\n|inactive|Hoshinaaa has 30 seconds left.\n|\n|t:|1776664973\n|switch|p1a: Incineroar|Incineroar, L50, F|100/100\n|-ability|p1a: Incineroar|Intimidate|boost\n|-unboost|p2a: Sinistcha|atk|1\n|-unboost|p2b: Starmie|atk|1\n|move|p2b: Starmie|Liquidation|p1a: Incineroar\n|-supereffective|p1a: Incineroar|1\n|-damage|p1a: Incineroar|52/100\n|move|p1b: Floette|Draining Kiss|p2a: Sinistcha\n|-damage|p2a: Sinistcha|48/100\n|-heal|p1b: Floette|94/100|[from] drain|[of] p2a: Sinistcha\n|move|p2a: Sinistcha|Matcha Gotcha|p1b: Floette|[spread] p1a,p1b\n|-resisted|p1a: Incineroar|1\n|-damage|p1a: Incineroar|44/100\n|-heal|p2a: Sinistcha|53/100|[from] drain|[of] p1a: Incineroar\n|-damage|p1b: Floette|83/100\n|-heal|p2a: Sinistcha|59/100|[from] drain|[of] p1b: Floette\n|-enditem|p1a: Incineroar|Sitrus Berry|[eat]\n|-heal|p1a: Incineroar|68/100|[from] item: Sitrus Berry\n|\n|-damage|p2b: Starmie|89/100 brn|[from] brn\n|upkeep\n|turn|3\n|inactive|Hoshinaaa has 30 seconds left.\n|\n|t:|1776665006\n|switch|p1a: Rotom|Rotom-Mow, L50|85/100\n|move|p2b: Starmie|Liquidation|p1b: Floette\n|-damage|p1b: Floette|61/100\n|move|p1b: Floette|Dazzling Gleam|p2a: Sinistcha|[spread] p2a,p2b\n|-damage|p2a: Sinistcha|0 fnt\n|-damage|p2b: Starmie|10/100 brn\n|faint|p2a: Sinistcha\n|\n|-damage|p2b: Starmie|4/100 brn|[from] brn\n|upkeep\n|\n|t:|1776665019\n|switch|p2a: Glimmora|Glimmora, L50, M|100/100\n|turn|4\n|\n|t:|1776665027\n|move|p2a: Glimmora|Spiky Shield|p2a: Glimmora\n|-singleturn|p2a: Glimmora|move: Protect\n|move|p1b: Floette|Protect|p1b: Floette\n|-singleturn|p1b: Floette|Protect\n|move|p1a: Rotom|Volt Switch|p2a: Glimmora\n|-activate|p2a: Glimmora|move: Protect\n|move|p2b: Starmie|Liquidation|p1b: Floette\n|-activate|p1b: Floette|move: Protect\n|\n|-damage|p2b: Starmie|0 fnt|[from] brn\n|faint|p2b: Starmie\n|upkeep\n|\n|t:|1776665041\n|switch|p2b: Kingambit|Kingambit, L50, F|100/100\n|turn|5\n|\n|t:|1776665051\n|move|p1a: Rotom|Volt Switch|p2a: Glimmora\n|-damage|p2a: Glimmora|59/100\n|j| HazelA7X\n|\n|t:|1776665054\n|switch|p1a: Kingambit|Kingambit, L50, M|100/100|[from] Volt Switch\n|move|p2a: Glimmora|Sludge Bomb|p1b: Floette\n|-supereffective|p1b: Floette|1\n|-damage|p1b: Floette|10/100\n|-status|p1b: Floette|psn\n|move|p1b: Floette|Draining Kiss|p2b: Kingambit\n|-damage|p2b: Kingambit|60/100\n|-heal|p1b: Floette|44/100 psn|[from] drain|[of] p2b: Kingambit\n|move|p2b: Kingambit|Iron Head|p1b: Floette\n|-supereffective|p1b: Floette|1\n|-damage|p1b: Floette|0 fnt\n|faint|p1b: Floette\n|\n|upkeep\n|\n|t:|1776665068\n|switch|p1b: Rotom|Rotom-Mow, L50|85/100\n|turn|6\n|\n|t:|1776665077\n|move|p1a: Kingambit|Protect|p1a: Kingambit\n|-singleturn|p1a: Kingambit|Protect\n|move|p1b: Rotom|Volt Switch|p2b: Kingambit\n|-crit|p2b: Kingambit\n|-damage|p2b: Kingambit|28/100\n|\n|t:|1776665081\n|switch|p1b: Incineroar|Incineroar, L50, F|68/100|[from] Volt Switch\n|-ability|p1b: Incineroar|Intimidate|boost\n|-unboost|p2a: Glimmora|atk|1\n|-unboost|p2b: Kingambit|atk|1\n|-ability|p2b: Kingambit|Defiant|boost\n|-boost|p2b: Kingambit|atk|2\n|move|p2a: Glimmora|Sludge Bomb|p1b: Incineroar\n|-damage|p1b: Incineroar|29/100\n|move|p2b: Kingambit|Low Kick|p1a: Kingambit\n|-activate|p1a: Kingambit|move: Protect\n|\n|upkeep\n|turn|7\n|inactive|Hoshinaaa has 30 seconds left.\n|\n|t:|1776665109\n|move|p1b: Incineroar|Fake Out|p2b: Kingambit\n|-resisted|p2b: Kingambit|1\n|-damage|p2b: Kingambit|24/100\n|move|p2a: Glimmora|Sludge Bomb|p1b: Incineroar\n|-damage|p1b: Incineroar|0 fnt\n|faint|p1b: Incineroar\n|cant|p2b: Kingambit|flinch\n|move|p1a: Kingambit|Kowtow Cleave|p2b: Kingambit\n|-resisted|p2b: Kingambit|1\n|-damage|p2b: Kingambit|3/100\n|\n|upkeep\n|\n|t:|1776665118\n|switch|p1b: Rotom|Rotom-Mow, L50|85/100\n|turn|8\n|\n|t:|1776665130\n|move|p2b: Kingambit|Sucker Punch|p1b: Rotom\n|-damage|p1b: Rotom|31/100\n|move|p1a: Kingambit|Sucker Punch|p2a: Glimmora\n|-damage|p2a: Glimmora|0 fnt\n|-activate|p2a: Glimmora|ability: Toxic Debris\n|-sidestart|p1: steven he vgc|move: Toxic Spikes\n|faint|p2a: Glimmora\n|move|p1b: Rotom|Volt Switch|p2b: Kingambit\n|-damage|p2b: Kingambit|0 fnt\n|faint|p2b: Kingambit\n|\n|win|steven he vgc\n|raw|steven he vgc's rating: 1689 &rarr; <strong>1714</strong><br />(+25 for winning)\n|raw|Hoshinaaa's rating: 1771 &rarr; <strong>1746</strong><br />(-25 for losing)\n",
  "uploadtime": 1776665136,
  "views": 38,
  "formatid": "gen9championsvgc2026regma",
  "rating": 1714,
  "private": 0,
  "password": null
}