{
  "id": "gen9championsvgc2026regma-2582845128",
  "format": "[Gen 9 Champions] VGC 2026 Reg M-A",
  "players": [
    "Pikachar2",
    "zanski"
  ],
  "log": "|j|\u2606Pikachar2\n|j|\u2606zanski\n|t:|1776118585\n|gametype|doubles\n|player|p1|Pikachar2|hilbert|1134\n|player|p2|zanski|ltsurge-gen2|1160\n|gen|9\n|tier|[Gen 9 Champions] VGC 2026 Reg M-A\n|rated|\n|rule|Species Clause: Limit one of each Pok\u00e9mon\n|rule|Item Clause: Limit 1 of each item\n|clearpoke\n|poke|p1|Glimmora, L50, M|\n|poke|p1|Tinkaton, L50, F|\n|poke|p1|Pelipper, L50, F|\n|poke|p1|Mamoswine, L50, F|\n|poke|p1|Noivern, L50, F|\n|poke|p1|Incineroar, L50, M|\n|poke|p2|Primarina, L50, M|\n|poke|p2|Farigiraf, L50, M|\n|poke|p2|Torkoal, L50, F|\n|poke|p2|Incineroar, L50, M|\n|poke|p2|Golurk, L50|\n|poke|p2|Venusaur, L50, M|\n|teampreview|4\n|inactive|Battle timer is ON: inactive players will automatically lose when time's up. (requested by Pikachar2)\n|inactive|Pikachar2 has 60 seconds left.\n|\n|t:|1776118634\n|teamsize|p1|4\n|teamsize|p2|4\n|start\n|switch|p1a: Glimmora|Glimmora, L50, M|100/100\n|switch|p1b: Tinkaton|Tinkaton, L50, F|100/100\n|switch|p2a: Farigiraf|Farigiraf, L50, M|100/100\n|switch|p2b: Primarina|Primarina, L50, M|100/100\n|-ability|p1b: Tinkaton|Mold Breaker\n|turn|1\n|inactive|zanski has 30 seconds left.\n|\n|t:|1776118665\n|move|p1b: Tinkaton|Feint|p1a: Glimmora\n|-resisted|p1a: Glimmora|1\n|-damage|p1a: Glimmora|97/100\n|-activate|p1a: Glimmora|ability: Toxic Debris\n|-sidestart|p2: zanski|move: Toxic Spikes\n|move|p1a: Glimmora|Sludge Wave|p2b: Primarina|[spread] p2a,p2b\n|-immune|p1b: Tinkaton\n|-supereffective|p2b: Primarina|1\n|-damage|p2a: Farigiraf|69/100\n|-damage|p2b: Primarina|48/100\n|move|p2b: Primarina|Calm Mind|p2b: Primarina\n|-boost|p2b: Primarina|spa|1\n|-boost|p2b: Primarina|spd|1\n|move|p2a: Farigiraf|Trick Room|p2a: Farigiraf\n|-fieldstart|move: Trick Room|[of] p2a: Farigiraf\n|\n|-heal|p2b: Primarina|54/100|[from] item: Leftovers\n|upkeep\n|turn|2\n|c|\u2606zanski|god i love tinkaton\n|\n|t:|1776118688\n|switch|p2a: Golurk|Golurk, L50|100/100\n|-status|p2a: Golurk|psn\n|move|p1a: Glimmora|Spiky Shield|p1a: Glimmora\n|-singleturn|p1a: Glimmora|move: Protect\n|move|p2b: Primarina|Hyper Voice|p1b: Tinkaton|[spread] p1b\n|-activate|p1a: Glimmora|move: Protect\n|-damage|p1b: Tinkaton|57/100\n|move|p1b: Tinkaton|Gigaton Hammer|p2b: Primarina\n|-damage|p2b: Primarina|0 fnt\n|faint|p2b: Primarina\n|\n|-damage|p2a: Golurk|88/100 psn|[from] psn\n|upkeep\n|\n|t:|1776118712\n|switch|p2b: Torkoal|Torkoal, L50, F, shiny|100/100\n|-status|p2b: Torkoal|psn\n|-weather|SunnyDay|[from] ability: Drought|[of] p2b: Torkoal\n|turn|3\n|\n|t:|1776118725\n|switch|p1b: Incineroar|Incineroar, L50, M|100/100\n|-ability|p1b: Incineroar|Intimidate|boost\n|-unboost|p2a: Golurk|atk|1\n|-unboost|p2b: Torkoal|atk|1\n|detailschange|p2a: Golurk|Golurk-Mega, L50\n|-mega|p2a: Golurk|Golurk|Golurkite\n|detailschange|p1a: Glimmora|Glimmora-Mega, L50, M\n|-mega|p1a: Glimmora|Glimmora|Glimmoranite\n|move|p1a: Glimmora|Spiky Shield|p1a: Glimmora\n|-singleturn|p1a: Glimmora|move: Protect\n|move|p2b: Torkoal|Eruption|p1a: Glimmora|[spread] p1b\n|-activate|p1a: Glimmora|move: Protect\n|-resisted|p1b: Incineroar|1\n|-damage|p1b: Incineroar|63/100\n|move|p2a: Golurk|Headlong Rush|p1a: Glimmora\n|-supereffective|p1a: Glimmora|2\n|-ability|p2a: Golurk|Unseen Fist\n|-zbroken|p1a: Glimmora\n|-damage|p1a: Glimmora|43/100\n|-unboost|p2a: Golurk|def|1\n|-unboost|p2a: Golurk|spd|1\n|\n|-weather|SunnyDay|[upkeep]\n|-damage|p2b: Torkoal|88/100 psn|[from] psn\n|-damage|p2a: Golurk|76/100 psn|[from] psn\n|upkeep\n|turn|4\n|inactive|Pikachar2 has 30 seconds left.\n|inactive|zanski has 30 seconds left.\n|\n|t:|1776118755\n|switch|p1a: Mamoswine|Mamoswine, L50, F|100/100\n|move|p2b: Torkoal|Protect|p2b: Torkoal\n|-singleturn|p2b: Torkoal|Protect\n|move|p1b: Incineroar|Fake Out|p2b: Torkoal\n|-activate|p2b: Torkoal|move: Protect\n|move|p2a: Golurk|Headlong Rush|p1a: Mamoswine\n|-damage|p1a: Mamoswine|45/100\n|-unboost|p2a: Golurk|def|1\n|-unboost|p2a: Golurk|spd|1\n|\n|-weather|SunnyDay|[upkeep]\n|-damage|p2b: Torkoal|76/100 psn|[from] psn\n|-damage|p2a: Golurk|64/100 psn|[from] psn\n|upkeep\n|turn|5\n|\n|t:|1776118779\n|move|p1a: Mamoswine|Ice Shard|p2a: Golurk\n|-supereffective|p2a: Golurk|1\n|-damage|p2a: Golurk|0 fnt\n|faint|p2a: Golurk\n|move|p2b: Torkoal|Eruption|p1a: Mamoswine|[spread] p1a,p1b\n|-supereffective|p1a: Mamoswine|1\n|-resisted|p1b: Incineroar|1\n|-damage|p1a: Mamoswine|0 fnt\n|-damage|p1b: Incineroar|35/100\n|-enditem|p1b: Incineroar|Sitrus Berry|[eat]\n|-heal|p1b: Incineroar|60/100|[from] item: Sitrus Berry\n|faint|p1a: Mamoswine\n|move|p1b: Incineroar|Parting Shot|p2b: Torkoal\n|-unboost|p2b: Torkoal|atk|1\n|-unboost|p2b: Torkoal|spa|1\n|\n|t:|1776118785\n|switch|p1b: Glimmora|Glimmora-Mega, L50, M|43/100|[from] Parting Shot\n|\n|-weather|SunnyDay|[upkeep]\n|-damage|p2b: Torkoal|63/100 psn|[from] psn\n|-fieldend|move: Trick Room\n|upkeep\n|inactive|zanski has 30 seconds left.\n|c|\u2606Pikachar2|I enjoy Tinkaton too. ;)\n|\n|t:|1776118815\n|switch|p1a: Tinkaton|Tinkaton, L50, F|57/100\n|switch|p2a: Farigiraf|Farigiraf, L50, M|69/100\n|-ability|p1a: Tinkaton|Mold Breaker\n|-status|p2a: Farigiraf|psn\n|turn|6\n|c|\u2606zanski|what a beast\n|c|\u2606zanski|i have an exact copy of this team i'm using but tink instead of prima\n|inactive|zanski has 30 seconds left.\n|c|\u2606zanski|it's hilarious with sitrus berry pickpocket\n|inactive|zanski has 20 seconds left.\n|inactive|zanski has 15 seconds left.\n|inactive|zanski has 10 seconds left.\n|c|\u2606Pikachar2|oh i bet.\n|inactive|zanski has 5 seconds left.\n|\n|t:|1776118865\n|move|p1b: Glimmora|Sludge Wave|p2a: Farigiraf|[spread] p2a,p2b\n|-immune|p1a: Tinkaton\n|-damage|p2a: Farigiraf|20/100 psn\n|-damage|p2b: Torkoal|0 fnt\n|-enditem|p2a: Farigiraf|Sitrus Berry|[eat]\n|-heal|p2a: Farigiraf|45/100 psn|[from] item: Sitrus Berry\n|faint|p2b: Torkoal\n|move|p1a: Tinkaton|Gigaton Hammer|p2a: Farigiraf\n|-damage|p2a: Farigiraf|1/100 psn\n|move|p2a: Farigiraf|Trick Room|p2a: Farigiraf\n|-fieldstart|move: Trick Room|[of] p2a: Farigiraf\n|\n|-weather|SunnyDay|[upkeep]\n|-damage|p2a: Farigiraf|0 fnt|[from] psn\n|faint|p2a: Farigiraf\n|\n|win|Pikachar2\n|raw|Pikachar2's rating: 1134 &rarr; <strong>1161</strong><br />(+27 for winning)\n|raw|zanski's rating: 1160 &rarr; <strong>1133</strong><br />(-27 for losing)\n|c|\u2606zanski|lol gg wp\n|l|\u2606zanski\n|player|p2|\n|c|\u2606Pikachar2|gg :)\n",
  "uploadtime": 1776118988,
  "views": 17,
  "formatid": "gen9championsvgc2026regma",
  "rating": 1133,
  "private": 0,
  "password": null
}