{
  "id": "gen9championsvgc2026regma-2581214309",
  "format": "[Gen 9 Champions] VGC 2026 Reg M-A",
  "players": [
    "aethrx",
    "ArielsHusband"
  ],
  "log": "|j|\u2606aethrx\n|j|\u2606ArielsHusband\n|t:|1775971664\n|gametype|doubles\n|player|p1|aethrx|169|1063\n|player|p2|ArielsHusband|pokemonranger-gen4|1000\n|gen|9\n|tier|[Gen 9 Champions] VGC 2026 Reg M-A\n|rated|\n|rule|Species Clause: Limit one of each Pok\u00e9mon\n|rule|Item Clause: Limit 1 of each item\n|clearpoke\n|poke|p1|Dragapult, L50, F|\n|poke|p1|Tyranitar, L50, M|\n|poke|p1|Excadrill, L50, M|\n|poke|p1|Clefable, L50, F|\n|poke|p1|Rotom-Wash, L50|\n|poke|p1|Incineroar, L50, M|\n|poke|p2|Golurk, L50|\n|poke|p2|Oranguru, L50, F|\n|poke|p2|Araquanid, L50, M|\n|poke|p2|Mr. Rime, L50, F|\n|poke|p2|Torkoal, L50, M|\n|poke|p2|Venusaur, L50, M|\n|teampreview|4\n|inactive|Battle timer is ON: inactive players will automatically lose when time's up. (requested by ArielsHusband)\nArielsHusband has agreed to open team sheets.\n|\n|t:|1775971701\n|teamsize|p1|4\n|teamsize|p2|4\n|start\n|switch|p1a: Dragapult|Dragapult, L50, F|100/100\n|switch|p1b: Incineroar|Incineroar, L50, M|100/100\n|switch|p2a: Oranguru|Oranguru, L50, F|100/100\n|switch|p2b: Golurk|Golurk, L50|100/100\n|-ability|p1b: Incineroar|Intimidate|boost\n|-fail|p2a: Oranguru|unboost|Attack|[from] ability: Inner Focus|[of] p2a: Oranguru\n|-unboost|p2b: Golurk|atk|1\n|turn|1\n|\n|t:|1775971718\n|move|p2b: Golurk|Protect|p2b: Golurk\n|-singleturn|p2b: Golurk|Protect\n|move|p1b: Incineroar|Fake Out|p2a: Oranguru\n|-damage|p2a: Oranguru|89/100\n|move|p1a: Dragapult|Shadow Ball|p2b: Golurk\n|-activate|p2b: Golurk|move: Protect\n|move|p2a: Oranguru|Trick Room|p2a: Oranguru\n|-fieldstart|move: Trick Room|[of] p2a: Oranguru\n|\n|upkeep\n|turn|2\n|inactive|ArielsHusband has 30 seconds left.\n|\n|t:|1775971746\n|detailschange|p2b: Golurk|Golurk-Mega, L50\n|-mega|p2b: Golurk|Golurk|Golurkite\n|move|p1a: Dragapult|Protect|p1a: Dragapult\n|-singleturn|p1a: Dragapult|Protect\n|move|p2b: Golurk|Poltergeist|p1a: Dragapult\n|-activate|p1a: Dragapult|move: Protect\n|move|p2a: Oranguru|Instruct|p2b: Golurk\n|-singleturn|p2b: Golurk|move: Instruct|[of] p2a: Oranguru\n|move|p2b: Golurk|Poltergeist|p1a: Dragapult\n|-activate|p1a: Dragapult|move: Protect\n|move|p1b: Incineroar|Darkest Lariat|p2b: Golurk\n|-supereffective|p2b: Golurk|1\n|-damage|p2b: Golurk|35/100\n|\n|upkeep\n|turn|3\n|inactive|aethrx has 30 seconds left.\n|c|\u2606aethrx|am i dumb\n|c|\u2606aethrx|why did unseen fist not work\n|inactive|aethrx has 20 seconds left.\n|\n|t:|1775971783\n|move|p2b: Golurk|Poltergeist|p1a: Dragapult\n|-activate|p1a: Dragapult|move: Poltergeist|Spell Tag\n|-supereffective|p1a: Dragapult|1\n|-damage|p1a: Dragapult|0 fnt\n|faint|p1a: Dragapult\n|move|p2a: Oranguru|Instruct|p2b: Golurk\n|-singleturn|p2b: Golurk|move: Instruct|[of] p2a: Oranguru\n|move|p2b: Golurk|Poltergeist|p1b: Incineroar\n|-activate|p1b: Incineroar|move: Poltergeist|Sitrus Berry\n|-resisted|p1b: Incineroar|1\n|-damage|p1b: Incineroar|75/100\n|move|p1b: Incineroar|Darkest Lariat|p2a: Oranguru\n|-supereffective|p2a: Oranguru|1\n|-damage|p2a: Oranguru|8/100\n|\n|upkeep\n|c|\u2606ArielsHusband|IKR?!\n|c|\u2606aethrx|slightly seen fist lmao\n|\n|t:|1775971798\n|switch|p1a: Excadrill|Excadrill, L50, M|100/100\n|turn|4\n|\n|t:|1775971810\n|move|p1a: Excadrill|Protect|p1a: Excadrill\n|-singleturn|p1a: Excadrill|Protect\n|move|p2b: Golurk|Drain Punch|p1b: Incineroar\n|-supereffective|p1b: Incineroar|1\n|-damage|p1b: Incineroar|26/100\n|-heal|p2b: Golurk|59/100|[from] drain|[of] p1b: Incineroar\n|-enditem|p1b: Incineroar|Sitrus Berry|[eat]\n|-heal|p1b: Incineroar|51/100|[from] item: Sitrus Berry\n|move|p2a: Oranguru|Instruct|p2b: Golurk\n|-singleturn|p2b: Golurk|move: Instruct|[of] p2a: Oranguru\n|move|p2b: Golurk|Drain Punch|p1b: Incineroar\n|-supereffective|p1b: Incineroar|1\n|-crit|p1b: Incineroar\n|-damage|p1b: Incineroar|0 fnt\n|-heal|p2b: Golurk|83/100|[from] drain|[of] p1b: Incineroar\n|faint|p1b: Incineroar\n|\n|upkeep\n|\n|t:|1775971824\n|switch|p1b: Tyranitar|Tyranitar, L50, M|100/100\n|-weather|Sandstorm|[from] ability: Sand Stream|[of] p1b: Tyranitar\n|turn|5\n|\n|t:|1775971834\n|move|p2b: Golurk|Drain Punch|p1a: Excadrill\n|-supereffective|p1a: Excadrill|1\n|-damage|p1a: Excadrill|36/100\n|-heal|p2b: Golurk|100/100|[from] drain|[of] p1a: Excadrill\n|move|p2a: Oranguru|Instruct|p2b: Golurk\n|-singleturn|p2b: Golurk|move: Instruct|[of] p2a: Oranguru\n|move|p2b: Golurk|Drain Punch|p1a: Excadrill\n|-supereffective|p1a: Excadrill|1\n|-damage|p1a: Excadrill|0 fnt\n|faint|p1a: Excadrill\n|move|p1b: Tyranitar|Knock Off|p2a: Oranguru\n|-supereffective|p2a: Oranguru|1\n|-damage|p2a: Oranguru|0 fnt\n|-enditem|p2a: Oranguru|Mental Herb|[from] move: Knock Off|[of] p1b: Tyranitar\n|faint|p2a: Oranguru\n|\n|-weather|Sandstorm|[upkeep]\n|-fieldend|move: Trick Room\n|upkeep\n|-message|aethrx forfeited.\n|\n|win|ArielsHusband\n|raw|aethrx's rating: 1063 &rarr; <strong>1040</strong><br />(-23 for losing)\n|raw|ArielsHusband's rating: 1000 &rarr; <strong>1047</strong><br />(+47 for winning)\n|l|\u2606aethrx\n|player|p1|\n",
  "uploadtime": 1775971862,
  "views": 21,
  "formatid": "gen9championsvgc2026regma",
  "rating": 1040,
  "private": 0,
  "password": null
}