{
  "id": "gen9championsvgc2026regma-2583100815",
  "format": "[Gen 9 Champions] VGC 2026 Reg M-A",
  "players": [
    "hayniu",
    "cityd169"
  ],
  "log": "|j|\u2606hayniu\n|j|\u2606cityd169\n|t:|1776142062\n|gametype|doubles\n|player|p1|hayniu|265|1085\n|player|p2|cityd169|cynthia-masters4|1109\n|gen|9\n|tier|[Gen 9 Champions] VGC 2026 Reg M-A\n|rated|\n|rule|Species Clause: Limit one of each Pok\u00e9mon\n|rule|Item Clause: Limit 1 of each item\n|clearpoke\n|poke|p1|Camerupt, L50, F|\n|poke|p1|Chesnaught, L50, M|\n|poke|p1|Crabominable, L50, M|\n|poke|p1|Aurorus, L50, F|\n|poke|p1|Mimikyu, L50, F|\n|poke|p1|Floette-Eternal, L50, F|\n|poke|p2|Decidueye-Hisui, L50, M|\n|poke|p2|Feraligatr, L50, M|\n|poke|p2|Farigiraf, L50, F|\n|poke|p2|Milotic, L50, M|\n|poke|p2|Arcanine-Hisui, L50, M|\n|poke|p2|Froslass, L50, F|\n|teampreview|4\n|\n|t:|1776142118\n|teamsize|p1|4\n|teamsize|p2|4\n|start\n|switch|p1a: Mimikyu|Mimikyu, L50, F|100/100\n|switch|p1b: Chesnaught|Chesnaught, L50, M|100/100\n|switch|p2a: Arcanine|Arcanine-Hisui, L50, M, shiny|100/100\n|switch|p2b: Froslass|Froslass, L50, F, shiny|100/100\n|-ability|p2a: Arcanine|Intimidate|boost\n|-unboost|p1a: Mimikyu|atk|1\n|-unboost|p1b: Chesnaught|atk|1\n|turn|1\n|\n|t:|1776142136\n|detailschange|p2b: Froslass|Froslass-Mega, L50, F, shiny\n|-mega|p2b: Froslass|Froslass|Froslassite\n|-weather|Snowscape|[from] ability: Snow Warning|[of] p2b: Froslass\n|move|p1b: Chesnaught|Wide Guard|p1b: Chesnaught\n|-singleturn|p1b: Chesnaught|Wide Guard\n|move|p2a: Arcanine|Flare Blitz|p1b: Chesnaught\n|-supereffective|p1b: Chesnaught|1\n|-damage|p1b: Chesnaught|30/100\n|-enditem|p1b: Chesnaught|Sitrus Berry|[eat]\n|-heal|p1b: Chesnaught|55/100|[from] item: Sitrus Berry\n|-damage|p2a: Arcanine|77/100|[from] Recoil\n|move|p2b: Froslass|Blizzard|p1a: Mimikyu|[spread] \n|-activate|p1a: Mimikyu|move: Wide Guard\n|-activate|p1b: Chesnaught|move: Wide Guard\n|move|p1a: Mimikyu|Trick Room|p1a: Mimikyu\n|-fieldstart|move: Trick Room|[of] p1a: Mimikyu\n|\n|-weather|Snowscape|[upkeep]\n|upkeep\n|turn|2\n|\n|t:|1776142151\n|move|p1b: Chesnaught|Body Press|p2a: Arcanine\n|-supereffective|p2a: Arcanine|1\n|-damage|p2a: Arcanine|0 fnt\n|faint|p2a: Arcanine\n|move|p1a: Mimikyu|Play Rough|p2b: Froslass\n|-damage|p2b: Froslass|73/100\n|move|p2b: Froslass|Aurora Veil|p2b: Froslass\n|-sidestart|p2: cityd169|move: Aurora Veil\n|\n|-weather|Snowscape|[upkeep]\n|upkeep\n|\n|t:|1776142165\n|switch|p2a: Decidueye|Decidueye-Hisui, L50, M|100/100\n|turn|3\n|\n|t:|1776142173\n|move|p2a: Decidueye|Dual Wingbeat|p1b: Chesnaught\n|-supereffective|p1b: Chesnaught|2\n|-damage|p1b: Chesnaught|18/100\n|-supereffective|p1b: Chesnaught|2\n|-damage|p1b: Chesnaught|0 fnt\n|faint|p1b: Chesnaught\n|-hitcount|p1: Chesnaught|2\n|move|p1a: Mimikyu|Play Rough|p2a: Decidueye\n|-supereffective|p2a: Decidueye|1\n|-damage|p2a: Decidueye|59/100\n|move|p2b: Froslass|Shadow Ball|p1a: Mimikyu\n|-activate|p1a: Mimikyu|ability: Disguise\n|-damage|p1a: Mimikyu|100/100\n|-unboost|p1a: Mimikyu|spd|1\n|detailschange|p1a: Mimikyu|Mimikyu-Busted, L50, F\n|-damage|p1a: Mimikyu|88/100|[from] pokemon: Mimikyu-Busted\n|\n|-weather|Snowscape|[upkeep]\n|upkeep\n|\n|t:|1776142178\n|switch|p1b: Camerupt|Camerupt, L50, F|100/100\n|turn|4\n|\n|t:|1776142202\n|switch|p2a: Farigiraf|Farigiraf, L50, F, shiny|100/100\n|switch|p1a: Crabominable|Crabominable, L50, M|100/100\n|detailschange|p1b: Camerupt|Camerupt-Mega, L50, F\n|-mega|p1b: Camerupt|Camerupt|Cameruptite\n|move|p2b: Froslass|Protect|p2b: Froslass\n|-singleturn|p2b: Froslass|Protect\n|move|p1b: Camerupt|Heat Wave|p2a: Farigiraf|[spread] p2a\n|-activate|p2b: Froslass|move: Protect\n|-damage|p2a: Farigiraf|68/100\n|\n|-weather|Snowscape|[upkeep]\n|upkeep\n|turn|5\n|\n|t:|1776142229\n|switch|p2b: Decidueye|Decidueye-Hisui, L50, M|59/100\n|move|p1b: Camerupt|Heat Wave|p2a: Farigiraf|[spread] p2a,p2b\n|-supereffective|p2b: Decidueye|1\n|-damage|p2a: Farigiraf|33/100\n|-damage|p2b: Decidueye|0 fnt\n|-enditem|p2a: Farigiraf|Sitrus Berry|[eat]\n|-heal|p2a: Farigiraf|58/100|[from] item: Sitrus Berry\n|faint|p2b: Decidueye\n|move|p1a: Crabominable|Ice Hammer|p2a: Farigiraf\n|-damage|p2a: Farigiraf|20/100\n|-unboost|p1a: Crabominable|spe|1\n|move|p2a: Farigiraf|Psychic|p1a: Crabominable\n|-supereffective|p1a: Crabominable|1\n|-damage|p1a: Crabominable|30/100\n|\n|-weather|none\n|-fieldend|move: Trick Room\n|upkeep\n|\n|t:|1776142242\n|switch|p2b: Froslass|Froslass-Mega, L50, F, shiny|73/100\n|-weather|Snowscape|[from] ability: Snow Warning|[of] p2b: Froslass\n|turn|6\n|\n|t:|1776142250\n|move|p1a: Crabominable|Protect|p1a: Crabominable\n|-singleturn|p1a: Crabominable|Protect\n|move|p2b: Froslass|Blizzard|p1b: Camerupt|[spread] p1b\n|-activate|p1a: Crabominable|move: Protect\n|-crit|p1b: Camerupt\n|-damage|p1b: Camerupt|27/100\n|move|p2a: Farigiraf|Psychic|p1a: Crabominable\n|-activate|p1a: Crabominable|move: Protect\n|move|p1b: Camerupt|Heat Wave|p2b: Froslass|[spread] p2a,p2b\n|-supereffective|p2b: Froslass|1\n|-damage|p2a: Farigiraf|0 fnt\n|-damage|p2b: Froslass|0 fnt\n|faint|p2a: Farigiraf\n|faint|p2b: Froslass\n|\n|win|hayniu\n|raw|hayniu's rating: 1085 &rarr; <strong>1114</strong><br />(+29 for winning)\n|raw|cityd169's rating: 1109 &rarr; <strong>1082</strong><br />(-27 for losing)\n|c|\u2606cityd169|nice luck\n|c|\u2606hayniu|i had shadow sneak mimikyu\n",
  "uploadtime": 1776142353,
  "views": 18,
  "formatid": "gen9championsvgc2026regma",
  "rating": 1082,
  "private": 0,
  "password": null
}