{
  "id": "gen9championsvgc2026regma-2585902360",
  "format": "[Gen 9 Champions] VGC 2026 Reg M-A",
  "players": [
    "helpmesand",
    "phoenixfire18"
  ],
  "log": "|j|\u2606helpmesand\n|j|\u2606phoenixfire18\n|t:|1776379894\n|gametype|doubles\n|player|p1|helpmesand|n|1113\n|player|p2|phoenixfire18|gambler|1123\n|gen|9\n|tier|[Gen 9 Champions] VGC 2026 Reg M-A\n|rated|\n|rule|Species Clause: Limit one of each Pok\u00e9mon\n|rule|Item Clause: Limit 1 of each item\n|clearpoke\n|poke|p1|Beartic, L50, F|\n|poke|p1|Alakazam, L50, M|\n|poke|p1|Meowstic, L50, M|\n|poke|p1|Clawitzer, L50, F|\n|poke|p1|Aegislash, L50, M|\n|poke|p1|Froslass, L50, F|\n|poke|p2|Charizard, L50, M|\n|poke|p2|Typhlosion-Hisui, L50, F|\n|poke|p2|Whimsicott, L50, F|\n|poke|p2|Garchomp, L50, F|\n|poke|p2|Sneasler, L50, F|\n|poke|p2|Venusaur, L50, F|\n|teampreview|4\n|inactive|Battle timer is ON: inactive players will automatically lose when time's up. (requested by phoenixfire18)\n|inactive|helpmesand also wants the timer to be on.\n|\n|t:|1776379910\n|teamsize|p1|4\n|teamsize|p2|4\n|start\n|switch|p1a: Clawitzer|Clawitzer, L50, F|100/100\n|switch|p1b: Aegislash|Aegislash, L50, M|100/100\n|switch|p2a: Charizard|Charizard, L50, M, shiny|100/100\n|switch|p2b: Typhlosion|Typhlosion-Hisui, L50, F|100/100\n|turn|1\n|\n|t:|1776379922\n|switch|p2b: Venusaur|Venusaur, L50, F|100/100\n|detailschange|p2a: Charizard|Charizard-Mega-Y, L50, M, shiny\n|-mega|p2a: Charizard|Charizard|Charizardite Y\n|-weather|SunnyDay|[from] ability: Drought|[of] p2a: Charizard\n|move|p1b: Aegislash|King's Shield|p1b: Aegislash\n|-singleturn|p1b: Aegislash|Protect\n|move|p1a: Clawitzer|Water Pulse|p2a: Charizard\n|-supereffective|p2a: Charizard|1\n|-damage|p2a: Charizard|54/100\n|-start|p2a: Charizard|confusion\n|-activate|p2a: Charizard|confusion\n|-damage|p2a: Charizard|42/100|[from] confusion\n|\n|-weather|SunnyDay|[upkeep]\n|upkeep\n|turn|2\n|\n|t:|1776379938\n|-formechange|p1b: Aegislash|Aegislash-Blade|\n|move|p1b: Aegislash|Shadow Sneak|p2a: Charizard\n|-damage|p2a: Charizard|7/100\n|move|p2b: Venusaur|Solar Beam||[still]\n|-prepare|p2b: Venusaur|Solar Beam\n|-anim|p2b: Venusaur|Solar Beam|p1a: Clawitzer\n|-supereffective|p1a: Clawitzer|1\n|-damage|p1a: Clawitzer|0 fnt\n|faint|p1a: Clawitzer\n|-activate|p2a: Charizard|confusion\n|-damage|p2a: Charizard|0 fnt|[from] confusion\n|faint|p2a: Charizard\n|\n|-weather|SunnyDay|[upkeep]\n|upkeep\n|c|\u2606phoenixfire18|fucking bullshit\n|\n|t:|1776379953\n|switch|p2a: Garchomp|Garchomp, L50, F|100/100\n|switch|p1a: Meowstic|Meowstic, L50, M|100/100\n|turn|3\n|\n|t:|1776379969\n|move|p1a: Meowstic|Fake Out|p2a: Garchomp\n|-crit|p2a: Garchomp\n|-damage|p2a: Garchomp|91/100\n|-damage|p1a: Meowstic|89/100|[from] ability: Rough Skin|[of] p2a: Garchomp\n|move|p1b: Aegislash|Shadow Sneak|p2a: Garchomp\n|-damage|p2a: Garchomp|65/100\n|-damage|p1b: Aegislash|89/100|[from] ability: Rough Skin|[of] p2a: Garchomp\n|move|p2b: Venusaur|Solar Beam||[still]\n|-prepare|p2b: Venusaur|Solar Beam\n|-anim|p2b: Venusaur|Solar Beam|p1a: Meowstic\n|-damage|p1a: Meowstic|4/100\n|cant|p2a: Garchomp|flinch\n|\n|-weather|SunnyDay|[upkeep]\n|-heal|p1b: Aegislash|95/100|[from] item: Leftovers\n|upkeep\n|turn|4\n|\n|t:|1776379983\n|move|p1a: Meowstic|Psychic Terrain|p1a: Meowstic\n|-fieldstart|move: Psychic Terrain\n|move|p1b: Aegislash|Shadow Sneak|p2a: Garchomp\n|-activate|p2a: Garchomp|move: Psychic Terrain\n|move|p2b: Venusaur|Weather Ball|p1b: Aegislash\n|-supereffective|p1b: Aegislash|1\n|-damage|p1b: Aegislash|0 fnt\n|faint|p1b: Aegislash\n|move|p2a: Garchomp|Dragon Claw|p1a: Meowstic\n|-crit|p1a: Meowstic\n|-damage|p1a: Meowstic|0 fnt\n|faint|p1a: Meowstic\n|\n|-weather|SunnyDay|[upkeep]\n|upkeep\n|\n|t:|1776379985\n|switch|p1b: Alakazam|Alakazam, L50, M|100/100\n|turn|5\n|\n|t:|1776380001\n|detailschange|p1b: Alakazam|Alakazam-Mega, L50, M\n|-mega|p1b: Alakazam|Alakazam|Alakazite\n|-ability|p1b: Alakazam|Rough Skin|Trace|[from] ability: Trace|[of] p2a: Garchomp\n|move|p2b: Venusaur|Sleep Powder|p1b: Alakazam|[miss]\n|-miss|p2b: Venusaur|p1b: Alakazam\n|move|p1b: Alakazam|Expanding Force|p2b: Venusaur|[spread] p2a,p2b\n|-supereffective|p2b: Venusaur|1\n|-damage|p2a: Garchomp|0 fnt\n|-damage|p2b: Venusaur|0 fnt\n|faint|p2a: Garchomp\n|faint|p2b: Venusaur\n|\n|-weather|none\n|upkeep\n|\n|t:|1776380010\n|switch|p2a: Typhlosion|Typhlosion-Hisui, L50, F|100/100\n|turn|6\n|c|\u2606helpmesand|Domain expansion\n|c|\u2606helpmesand|Dea\n|c|\u2606phoenixfire18|yawn\n|c|\u2606helpmesand|Why am i being cut off in my message\ud83d\ude2d\n|inactive|helpmesand has 30 seconds left.\n|\n|t:|1776380038\n|move|p1b: Alakazam|Expanding Force|p2a: Typhlosion\n|-damage|p2a: Typhlosion|0 fnt\n|faint|p2a: Typhlosion\n|\n|win|helpmesand\n",
  "uploadtime": 1776379950,
  "views": 14,
  "formatid": "gen9championsvgc2026regma",
  "rating": null,
  "private": 0,
  "password": null
}