{
  "id": "gen9championsvgc2026regma-2580814744",
  "format": "[Gen 9 Champions] VGC 2026 Reg M-A",
  "players": [
    "Strawbs",
    "Gilgamon"
  ],
  "log": "|j|\u2606Strawbs\n|j|\u2606Gilgamon\n|t:|1775934683\n|gametype|doubles\n|player|p1|Strawbs|volkner|1048\n|player|p2|Gilgamon|psychic-gen4|1013\n|gen|9\n|tier|[Gen 9 Champions] VGC 2026 Reg M-A\n|rated|\n|rule|Species Clause: Limit one of each Pok\u00e9mon\n|rule|Item Clause: Limit 1 of each item\n|clearpoke\n|poke|p1|Decidueye-Hisui, L50, F|\n|poke|p1|Gengar, L50, M|\n|poke|p1|Kingambit, L50, F|\n|poke|p1|Meowstic, L50, M|\n|poke|p1|Vivillon, L50, F|\n|poke|p1|Empoleon, L50, M|\n|poke|p2|Alakazam, L50, M|\n|poke|p2|Meowstic, L50, M|\n|poke|p2|Tyranitar, L50, F|\n|poke|p2|Feraligatr, L50, M|\n|poke|p2|Aggron, L50, F|\n|poke|p2|Empoleon, L50, M|\n|teampreview|4\n|\n|t:|1775934721\n|teamsize|p1|4\n|teamsize|p2|4\n|start\n|switch|p1a: Gengar|Gengar, L50, M|100/100\n|switch|p1b: Vivillon|Vivillon, L50, F|100/100\n|switch|p2a: Alakazam|Alakazam, L50, M|100/100\n|switch|p2b: Meowstic|Meowstic, L50, M|100/100\n|turn|1\n|\n|t:|1775934737\n|detailschange|p1a: Gengar|Gengar-Mega, L50, M\n|-mega|p1a: Gengar|Gengar|Gengarite\n|move|p2a: Alakazam|Protect|p2a: Alakazam\n|-singleturn|p2a: Alakazam|Protect\n|move|p1b: Vivillon|Rage Powder|p1b: Vivillon\n|-singleturn|p1b: Vivillon|move: Rage Powder\n|move|p2b: Meowstic|Psychic Terrain|p2b: Meowstic\n|-fieldstart|move: Psychic Terrain\n|move|p1a: Gengar|Trick Room|p1a: Gengar\n|-fieldstart|move: Trick Room|[of] p1a: Gengar\n|\n|upkeep\n|turn|2\n|\n|t:|1775934768\n|move|p2b: Meowstic|Light Screen|p2b: Meowstic\n|-sidestart|p2: Gilgamon|move: Light Screen\n|move|p1a: Gengar|Shadow Ball|p2a: Alakazam\n|-supereffective|p2a: Alakazam|1\n|-enditem|p2a: Alakazam|Focus Sash\n|-damage|p2a: Alakazam|1/100\n|-unboost|p2a: Alakazam|spd|1\n|move|p1b: Vivillon|Pollen Puff|p2b: Meowstic\n|-supereffective|p2b: Meowstic|1\n|-damage|p2b: Meowstic|45/100\n|move|p2a: Alakazam|Expanding Force|p1b: Vivillon|[spread] p1a,p1b\n|-supereffective|p1a: Gengar|1\n|-damage|p1a: Gengar|0 fnt\n|-enditem|p1b: Vivillon|Focus Sash\n|-damage|p1b: Vivillon|1/100\n|faint|p1a: Gengar\n|\n|upkeep\n|\n|t:|1775934790\n|switch|p1a: Decidueye|Decidueye-Hisui, L50, F|100/100\n|turn|3\n|\n|t:|1775934802\n|switch|p2b: Aggron|Aggron, L50, F|100/100\n|move|p2a: Alakazam|Protect|p2a: Alakazam\n|-singleturn|p2a: Alakazam|Protect\n|move|p1a: Decidueye|Shadow Claw|p2b: Aggron\n|-damage|p2b: Aggron|85/100\n|move|p1b: Vivillon|Pollen Puff|p2a: Alakazam\n|-activate|p2a: Alakazam|move: Protect\n|\n|upkeep\n|turn|4\n|\n|t:|1775934838\n|detailschange|p2b: Aggron|Aggron-Mega, L50, F\n|-mega|p2b: Aggron|Aggron|Aggronite\n|move|p2b: Aggron|Iron Defense|p2b: Aggron\n|-boost|p2b: Aggron|def|2\n|move|p1a: Decidueye|Triple Arrows|p2a: Alakazam\n|-resisted|p2a: Alakazam|1\n|-damage|p2a: Alakazam|0 fnt\n|faint|p2a: Alakazam\n|move|p1b: Vivillon|Pollen Puff|p2b: Aggron\n|-resisted|p2b: Aggron|1\n|-damage|p2b: Aggron|72/100\n|\n|upkeep\n|\n|t:|1775934851\n|switch|p2a: Meowstic|Meowstic, L50, M|45/100\n|turn|5\n|\n|t:|1775934878\n|move|p2a: Meowstic|Helping Hand|p2b: Aggron\n|-singleturn|p2b: Aggron|Helping Hand|[of] p2a: Meowstic\n|move|p1b: Vivillon|Rage Powder|p1b: Vivillon\n|-singleturn|p1b: Vivillon|move: Rage Powder\n|move|p2b: Aggron|Iron Head|p1b: Vivillon\n|-damage|p1b: Vivillon|0 fnt\n|faint|p1b: Vivillon\n|move|p1a: Decidueye|Triple Arrows|p2b: Aggron\n|-supereffective|p2b: Aggron|1\n|-crit|p2b: Aggron\n|-damage|p2b: Aggron|12/100\n|-unboost|p2b: Aggron|def|1\n|\n|-fieldend|move: Trick Room\n|-fieldend|move: Psychic Terrain\n|upkeep\n|\n|t:|1775934890\n|switch|p1b: Kingambit|Kingambit, L50, F|100/100\n|turn|6\n|\n|t:|1775934914\n|move|p2a: Meowstic|Helping Hand|p2b: Aggron\n|-singleturn|p2b: Aggron|Helping Hand|[of] p2a: Meowstic\n|move|p1a: Decidueye|Triple Arrows|p2b: Aggron\n|-supereffective|p2b: Aggron|1\n|-crit|p2b: Aggron\n|-damage|p2b: Aggron|0 fnt\n|faint|p2b: Aggron\n|move|p1b: Kingambit|Swords Dance|p1b: Kingambit\n|-boost|p1b: Kingambit|atk|2\n|\n|-sideend|p2: Gilgamon|move: Light Screen\n|upkeep\n|\n|t:|1775934937\n|switch|p2b: Empoleon|Empoleon, L50, M|100/100\n|turn|7\n|\n|t:|1775934960\n|move|p2a: Meowstic|Helping Hand|p2b: Empoleon\n|-singleturn|p2b: Empoleon|Helping Hand|[of] p2a: Meowstic\n|move|p2b: Empoleon|Vacuum Wave|p1b: Kingambit\n|-supereffective|p1b: Kingambit|2\n|-damage|p1b: Kingambit|25/100\n|move|p1b: Kingambit|Sucker Punch||[still]\n|-fail|p1b: Kingambit\n|move|p1a: Decidueye|Triple Arrows|p2b: Empoleon\n|-supereffective|p2b: Empoleon|1\n|-crit|p2b: Empoleon\n|-damage|p2b: Empoleon|0 fnt\n|faint|p2b: Empoleon\n|\n|upkeep\n|turn|8\n|-message|Gilgamon forfeited.\n|\n|win|Strawbs\n|raw|Strawbs's rating: 1048 &rarr; <strong>1078</strong><br />(+30 for winning)\n|raw|Gilgamon's rating: 1013 &rarr; <strong>1002</strong><br />(-11 for losing)\n|l|\u2606Gilgamon\n|player|p2|\n",
  "uploadtime": 1775934993,
  "views": 18,
  "formatid": "gen9championsvgc2026regma",
  "rating": 1002,
  "private": 0,
  "password": null
}