{
  "id": "gen9championsvgc2026regma-2580859006",
  "format": "[Gen 9 Champions] VGC 2026 Reg M-A",
  "players": [
    "Loffi999",
    "femboykitte"
  ],
  "log": "|j|\u2606Loffi999\n|j|\u2606femboykitte\n|t:|1775938325\n|gametype|doubles\n|player|p1|Loffi999|iris-gen5bw2|1095\n|player|p2|femboykitte|170|1055\n|gen|9\n|tier|[Gen 9 Champions] VGC 2026 Reg M-A\n|rated|\n|rule|Species Clause: Limit one of each Pok\u00e9mon\n|rule|Item Clause: Limit 1 of each item\n|clearpoke\n|poke|p1|Froslass, L50, F|\n|poke|p1|Orthworm, L50, M|\n|poke|p1|Garchomp, L50, F|\n|poke|p1|Rotom-Frost, L50|\n|poke|p1|Incineroar, L50, F|\n|poke|p1|Basculegion, L50, M|\n|poke|p2|Floette-Eternal, L50, F|\n|poke|p2|Sinistcha-Masterpiece, L50|\n|poke|p2|Meowstic, L50, M|\n|poke|p2|Talonflame, L50, M|\n|poke|p2|Alcremie, L50, F|\n|poke|p2|Empoleon, L50, F|\n|teampreview|4\n|inactive|Battle timer is ON: inactive players will automatically lose when time's up. (requested by Loffi999)\n|\n|t:|1775938348\n|teamsize|p1|4\n|teamsize|p2|4\n|start\n|switch|p1a: Orth Eater|Orthworm, L50, M, shiny|100/100\n|switch|p1b: Fridge|Rotom-Frost, L50, shiny|100/100\n|switch|p2a: Talonflame|Talonflame, L50, M|100/100\n|switch|p2b: Alcremie|Alcremie, L50, F|100/100\n|turn|1\n|c|\u2606femboykitte|Glhf\n|\n|t:|1775938372\n|move|p2a: Talonflame|Tailwind|p2a: Talonflame\n|-sidestart|p2: femboykitte|move: Tailwind\n|move|p2b: Alcremie|Calm Mind|p2b: Alcremie\n|-boost|p2b: Alcremie|spa|1\n|-boost|p2b: Alcremie|spd|1\n|move|p1b: Fridge|Thunderbolt|p2a: Talonflame\n|-supereffective|p2a: Talonflame|1\n|-damage|p2a: Talonflame|0 fnt\n|faint|p2a: Talonflame\n|move|p1a: Orth Eater|Shed Tail|p1a: Orth Eater\n|-start|p1a: Orth Eater|Substitute|[from] move: Shed Tail\n|-damage|p1a: Orth Eater|50/100\n|-enditem|p1a: Orth Eater|Sitrus Berry|[eat]\n|-heal|p1a: Orth Eater|75/100|[from] item: Sitrus Berry\n|\n|t:|1775938396\n|switch|p1a: Dead Fish|Basculegion, L50, M|100/100|[from] Shed Tail\n|\n|upkeep\n|\n|t:|1775938400\n|switch|p2a: Floette|Floette-Eternal, L50, F|100/100\n|turn|2\n|\n|t:|1775938412\n|detailschange|p2a: Floette|Floette-Mega, L50, F\n|-mega|p2a: Floette|Floette|Floettite\n|-ability|p2a: Floette|Fairy Aura\n|move|p1b: Fridge|Helping Hand|p1a: Dead Fish\n|-singleturn|p1a: Dead Fish|Helping Hand|[of] p1b: Fridge\n|move|p2a: Floette|Dazzling Gleam|p1b: Fridge|[spread] p1a,p1b\n|-end|p1a: Dead Fish|Substitute\n|-damage|p1b: Fridge|36/100\n|move|p1a: Dead Fish|Wave Crash|p2a: Floette\n|-damage|p2a: Floette|0 fnt\n|faint|p2a: Floette\n|-damage|p1a: Dead Fish|73/100|[from] Recoil\n|move|p2b: Alcremie|Acid Armor|p2b: Alcremie\n|-boost|p2b: Alcremie|def|2\n|\n|upkeep\n|\n|t:|1775938424\n|switch|p2a: Sinistcha|Sinistcha-Masterpiece, L50|100/100\n|turn|3\n|\n|t:|1775938443\n|switch|p1a: Orth Eater|Orthworm, L50, M, shiny|75/100\n|move|p2a: Sinistcha|Matcha Gotcha|p1a: Orth Eater|[spread] p1a,p1b\n|-resisted|p1a: Orth Eater|1\n|-damage|p1a: Orth Eater|63/100\n|-damage|p1b: Fridge|1/100\n|move|p2b: Alcremie|Calm Mind|p2b: Alcremie\n|-boost|p2b: Alcremie|spa|1\n|-boost|p2b: Alcremie|spd|1\n|move|p1b: Fridge|Blizzard|p2a: Sinistcha|[spread] p2b\n|-miss|p1b: Fridge|p2a: Sinistcha\n|-damage|p2b: Alcremie|86/100\n|\n|-heal|p2b: Alcremie|92/100|[from] item: Leftovers\n|upkeep\n|turn|4\n|inactive|Loffi999 has 30 seconds left.\n|\n|t:|1775938476\n|move|p2b: Alcremie|Acid Armor|p2b: Alcremie\n|-boost|p2b: Alcremie|def|2\n|move|p1b: Fridge|Blizzard|p2a: Sinistcha|[spread] p2a,p2b\n|-supereffective|p2a: Sinistcha|1\n|-damage|p2a: Sinistcha|15/100\n|-damage|p2b: Alcremie|76/100\n|-enditem|p2a: Sinistcha|Sitrus Berry|[eat]\n|-heal|p2a: Sinistcha|40/100|[from] item: Sitrus Berry\n|move|p1a: Orth Eater|Iron Defense|p1a: Orth Eater\n|-boost|p1a: Orth Eater|def|2\n|move|p2a: Sinistcha|Trick Room|p2a: Sinistcha\n|-fieldstart|move: Trick Room|[of] p2a: Sinistcha\n|\n|-heal|p2b: Alcremie|82/100|[from] item: Leftovers\n|-sideend|p2: femboykitte|move: Tailwind\n|upkeep\n|turn|5\n|inactive|Loffi999 has 30 seconds left.\n|\n|t:|1775938503\n|move|p1b: Fridge|Protect|p1b: Fridge\n|-singleturn|p1b: Fridge|Protect\n|move|p2b: Alcremie|Acid Armor|p2b: Alcremie\n|-boost|p2b: Alcremie|def|2\n|move|p1a: Orth Eater|Heavy Slam|p2b: Alcremie\n|-supereffective|p2b: Alcremie|1\n|-damage|p2b: Alcremie|57/100\n|move|p2a: Sinistcha|Life Dew|p2a: Sinistcha|[spread] p2a,p2b\n|-heal|p2a: Sinistcha|65/100\n|-heal|p2b: Alcremie|82/100\n|\n|-heal|p2b: Alcremie|88/100|[from] item: Leftovers\n|upkeep\n|turn|6\n|inactive|Loffi999 has 30 seconds left.\n|\n|t:|1775938532\n|switch|p1b: Stupid Cat|Incineroar, L50, F, shiny|100/100\n|-ability|p1b: Stupid Cat|Intimidate|boost\n|-unboost|p2a: Sinistcha|atk|1\n|-unboost|p2b: Alcremie|atk|1\n|move|p2b: Alcremie|Calm Mind|p2b: Alcremie\n|-boost|p2b: Alcremie|spa|1\n|-boost|p2b: Alcremie|spd|1\n|move|p1a: Orth Eater|Shed Tail|p1a: Orth Eater\n|-start|p1a: Orth Eater|Substitute|[from] move: Shed Tail\n|-damage|p1a: Orth Eater|13/100\n|\n|t:|1775938541\n|switch|p1a: Dead Fish|Basculegion, L50, M|73/100|[from] Shed Tail\n|move|p2a: Sinistcha|Life Dew|p2a: Sinistcha|[spread] p2a,p2b\n|-heal|p2a: Sinistcha|90/100\n|-heal|p2b: Alcremie|100/100\n|\n|upkeep\n|turn|7\n|inactive|Loffi999 has 30 seconds left.\n|\n|t:|1775938568\n|move|p1b: Stupid Cat|Fake Out|p2b: Alcremie\n|-damage|p2b: Alcremie|96/100\n|move|p2a: Sinistcha|Rage Powder|p2a: Sinistcha\n|-singleturn|p2a: Sinistcha|move: Rage Powder\n|cant|p2b: Alcremie|flinch\n|move|p1a: Dead Fish|Last Respects|p2a: Sinistcha\n|-supereffective|p2a: Sinistcha|1\n|-damage|p2a: Sinistcha|36/100\n|\n|-heal|p2b: Alcremie|100/100|[from] item: Leftovers\n|upkeep\n|turn|8\n|\n|t:|1775938586\n|move|p1b: Stupid Cat|Parting Shot|p2a: Sinistcha\n|-unboost|p2a: Sinistcha|atk|1\n|-unboost|p2a: Sinistcha|spa|1\n|\n|t:|1775938590\n|switch|p1b: Fridge|Rotom-Frost, L50, shiny|1/100|[from] Parting Shot\n|move|p2b: Alcremie|Dazzling Gleam|p1a: Dead Fish|[spread] p1a,p1b\n|-end|p1a: Dead Fish|Substitute\n|-damage|p1b: Fridge|0 fnt\n|faint|p1b: Fridge\n|move|p2a: Sinistcha|Life Dew||[still]|[spread] p2a,p2b\n|-heal|p2a: Sinistcha|62/100\n|-fail|p2b: Alcremie|heal\n|move|p1a: Dead Fish|Last Respects|p2a: Sinistcha\n|-supereffective|p2a: Sinistcha|1\n|-damage|p2a: Sinistcha|0 fnt\n|faint|p2a: Sinistcha\n|\n|-fieldend|move: Trick Room\n|upkeep\n|\n|t:|1775938601\n|switch|p1b: Orth Eater|Orthworm, L50, M, shiny|13/100\n|turn|9\n|\n|t:|1775938616\n|switch|p1a: Stupid Cat|Incineroar, L50, F, shiny|100/100\n|-ability|p1a: Stupid Cat|Intimidate|boost\n|-unboost|p2b: Alcremie|atk|1\n|move|p1b: Orth Eater|Heavy Slam|p2b: Alcremie\n|-supereffective|p2b: Alcremie|1\n|-damage|p2b: Alcremie|76/100\n|move|p2b: Alcremie|Calm Mind|p2b: Alcremie\n|-boost|p2b: Alcremie|spa|1\n|-boost|p2b: Alcremie|spd|1\n|\n|-heal|p2b: Alcremie|82/100|[from] item: Leftovers\n|upkeep\n|turn|10\n|c|\u2606femboykitte|This sucks\n|c|\u2606femboykitte|Im soo scared\n|\n|t:|1775938627\n|move|p1a: Stupid Cat|Fake Out|p2b: Alcremie\n|-damage|p2b: Alcremie|78/100\n|move|p1b: Orth Eater|Iron Defense|p1b: Orth Eater\n|-boost|p1b: Orth Eater|def|2\n|cant|p2b: Alcremie|flinch\n|\n|-heal|p2b: Alcremie|84/100|[from] item: Leftovers\n|upkeep\n|turn|11\n|\n|t:|1775938640\n|move|p1b: Orth Eater|Heavy Slam|p2b: Alcremie\n|-supereffective|p2b: Alcremie|1\n|-damage|p2b: Alcremie|60/100\n|move|p2b: Alcremie|Dazzling Gleam|p1a: Stupid Cat|[spread] p1a,p1b\n|-resisted|p1b: Orth Eater|1\n|-damage|p1a: Stupid Cat|35/100\n|-damage|p1b: Orth Eater|0 fnt\n|faint|p1b: Orth Eater\n|move|p1a: Stupid Cat|Flare Blitz|p2b: Alcremie\n|-damage|p2b: Alcremie|44/100\n|-damage|p1a: Stupid Cat|30/100|[from] Recoil\n|\n|-heal|p2b: Alcremie|50/100|[from] item: Leftovers\n|upkeep\n|\n|t:|1775938643\n|switch|p1b: Dead Fish|Basculegion, L50, M|73/100\n|turn|12\n|\n|t:|1775938653\n|move|p1b: Dead Fish|Last Respects|p2b: Alcremie\n|-damage|p2b: Alcremie|22/100\n|move|p2b: Alcremie|Recover|p2b: Alcremie\n|-heal|p2b: Alcremie|72/100\n|move|p1a: Stupid Cat|Flare Blitz|p2b: Alcremie\n|-damage|p2b: Alcremie|57/100\n|-damage|p1a: Stupid Cat|25/100|[from] Recoil\n|\n|-heal|p2b: Alcremie|63/100|[from] item: Leftovers\n|upkeep\n|turn|13\n|\n|t:|1775938661\n|move|p1b: Dead Fish|Last Respects|p2b: Alcremie\n|-damage|p2b: Alcremie|38/100\n|move|p2b: Alcremie|Recover|p2b: Alcremie\n|-heal|p2b: Alcremie|88/100\n|move|p1a: Stupid Cat|Flare Blitz|p2b: Alcremie\n|-damage|p2b: Alcremie|70/100\n|-damage|p1a: Stupid Cat|20/100|[from] Recoil\n|\n|-heal|p2b: Alcremie|76/100|[from] item: Leftovers\n|upkeep\n|turn|14\n|\n|t:|1775938667\n|move|p1b: Dead Fish|Last Respects|p2b: Alcremie\n|-damage|p2b: Alcremie|46/100\n|move|p2b: Alcremie|Dazzling Gleam|p1a: Stupid Cat|[spread] p1a,p1b\n|-crit|p1b: Dead Fish\n|-damage|p1a: Stupid Cat|0 fnt\n|-damage|p1b: Dead Fish|0 fnt\n|faint|p1a: Stupid Cat\n|faint|p1b: Dead Fish\n|\n|win|femboykitte\n|raw|Loffi999's rating: 1095 &rarr; <strong>1068</strong><br />(-27 for losing)\n|raw|femboykitte's rating: 1055 &rarr; <strong>1090</strong><br />(+35 for winning)\n|c|\u2606femboykitte|Oh gof\n",
  "uploadtime": 1775938675,
  "views": 45,
  "formatid": "gen9championsvgc2026regma",
  "rating": 1068,
  "private": 0,
  "password": null
}