{
  "id": "gen9championsvgc2026regma-2586706321",
  "format": "[Gen 9 Champions] VGC 2026 Reg M-A",
  "players": [
    "LancelotFaberge",
    "Mence"
  ],
  "log": "|j|\u2606LancelotFaberge\n|j|\u2606Mence\n|t:|1776453649\n|gametype|doubles\n|player|p1|LancelotFaberge|101|\n|player|p2|Mence|169|\n|gen|9\n|tier|[Gen 9 Champions] VGC 2026 Reg M-A\n|rule|Species Clause: Limit one of each Pok\u00e9mon\n|rule|Item Clause: Limit 1 of each item\n|clearpoke\n|poke|p1|Froslass, L50, F|\n|poke|p1|Rotom-Wash, L50|\n|poke|p1|Sneasler, L50, M|\n|poke|p1|Arcanine-Hisui, L50, M|\n|poke|p1|Glaceon, L50, F|\n|poke|p1|Garchomp, L50, F|\n|poke|p2|Scovillain, L50, F|\n|poke|p2|Incineroar, L50, F|\n|poke|p2|Farigiraf, L50, F|\n|poke|p2|Gallade, L50, M|\n|poke|p2|Kingambit, L50, F|\n|poke|p2|Pelipper, L50, F|\n|teampreview|4\n|\n|t:|1776453700\n|teamsize|p1|4\n|teamsize|p2|4\n|start\n|switch|p1a: FEISTY|Froslass, L50, F, shiny|100/100\n|switch|p1b: Gwen|Glaceon, L50, F, shiny|100/100\n|switch|p2a: Scovillain|Scovillain, L50, F|100/100\n|switch|p2b: Farigiraf|Farigiraf, L50, F|100/100\n|turn|1\n|\n|t:|1776453729\n|detailschange|p1a: FEISTY|Froslass-Mega, L50, F, shiny\n|-mega|p1a: FEISTY|Froslass|Froslassite\n|-weather|Snowscape|[from] ability: Snow Warning|[of] p1a: FEISTY\n|detailschange|p2a: Scovillain|Scovillain-Mega, L50, F\n|-mega|p2a: Scovillain|Scovillain|Scovillainite\n|move|p2a: Scovillain|Protect|p2a: Scovillain\n|-singleturn|p2a: Scovillain|Protect\n|move|p1a: FEISTY|Blizzard|p2a: Scovillain|[spread] p2b\n|-activate|p2a: Scovillain|move: Protect\n|-damage|p2b: Farigiraf|57/100\n|move|p1b: Gwen|Blizzard|p2b: Farigiraf|[spread] p2b\n|-activate|p2a: Scovillain|move: Protect\n|-damage|p2b: Farigiraf|6/100\n|-enditem|p2b: Farigiraf|Sitrus Berry|[eat]\n|-heal|p2b: Farigiraf|30/100|[from] item: Sitrus Berry\n|move|p2b: Farigiraf|Trick Room|p2b: Farigiraf\n|-fieldstart|move: Trick Room|[of] p2b: Farigiraf\n|\n|-weather|Snowscape|[upkeep]\n|upkeep\n|turn|2\n|\n|t:|1776453767\n|move|p2b: Farigiraf|Nasty Plot|p2b: Farigiraf\n|-boost|p2b: Farigiraf|spa|2\n|move|p2a: Scovillain|Overheat|p1b: Gwen\n|-supereffective|p1b: Gwen|1\n|-damage|p1b: Gwen|0 fnt\n|-unboost|p2a: Scovillain|spa|2\n|faint|p1b: Gwen\n|move|p1a: FEISTY|Blizzard|p2b: Farigiraf|[spread] p2a,p2b\n|-damage|p2a: Scovillain|60/100\n|-damage|p2b: Farigiraf|0 fnt\n|-status|p1a: FEISTY|brn|[from] ability: Spicy Spray|[of] p2a: Scovillain\n|faint|p2b: Farigiraf\n|\n|-weather|Snowscape|[upkeep]\n|-damage|p1a: FEISTY|94/100 brn|[from] brn\n|upkeep\n|\n|t:|1776453786\n|switch|p2b: Pelipper|Pelipper, L50, F|100/100\n|switch|p1b: Ross|Rotom-Wash, L50, shiny|100/100\n|-weather|RainDance|[from] ability: Drizzle|[of] p2b: Pelipper\n|turn|3\n|inactive|Battle timer is ON: inactive players will automatically lose when time's up. (requested by LancelotFaberge)\n|\n|t:|1776453914\n|move|p2a: Scovillain|Leaf Storm|p1b: Ross|[miss]\n|-miss|p2a: Scovillain|p1b: Ross\n|move|p2b: Pelipper|Weather Ball|p1b: Ross\n|-resisted|p1b: Ross|1\n|-damage|p1b: Ross|58/100\n|move|p1b: Ross|Thunderbolt|p2b: Pelipper\n|-supereffective|p2b: Pelipper|2\n|-damage|p2b: Pelipper|0 fnt\n|faint|p2b: Pelipper\n|move|p1a: FEISTY|Blizzard|p2a: Scovillain\n|-damage|p2a: Scovillain|4/100\n|\n|-weather|RainDance|[upkeep]\n|-damage|p1a: FEISTY|88/100 brn|[from] brn\n|upkeep\n|\n|t:|1776453927\n|switch|p2b: Kingambit|Kingambit, L50, F|100/100\n|turn|4\n|inactive|LancelotFaberge has 30 seconds left.\n|inactive|Mence has 30 seconds left.\n|inactive|LancelotFaberge has 20 seconds left.\n|inactive|Mence has 20 seconds left.\n|inactive|LancelotFaberge has 15 seconds left.\n|inactive|Mence has 15 seconds left.\n|\n|t:|1776453971\n|move|p2b: Kingambit|Sucker Punch|p1a: FEISTY\n|-supereffective|p1a: FEISTY|1\n|-damage|p1a: FEISTY|0 fnt\n|faint|p1a: FEISTY\n|move|p2a: Scovillain|Leaf Storm|p1b: Ross\n|-supereffective|p1b: Ross|1\n|-damage|p1b: Ross|0 fnt\n|-unboost|p2a: Scovillain|spa|2\n|faint|p1b: Ross\n|\n|-weather|RainDance|[upkeep]\n|upkeep\n|\n|t:|1776453981\n|switch|p1b: Dana|Garchomp, L50, F, shiny|100/100\n|turn|5\n|\n|t:|1776453995\n|move|p2a: Scovillain|Protect|p2a: Scovillain\n|-singleturn|p2a: Scovillain|Protect\n|move|p2b: Kingambit|Kowtow Cleave|p1b: Dana\n|-damage|p1b: Dana|36/100\n|-damage|p2b: Kingambit|88/100|[from] ability: Rough Skin|[of] p1b: Dana\n|move|p1b: Dana|Earthquake|p2a: Scovillain|[spread] p2b\n|-activate|p2a: Scovillain|move: Protect\n|-supereffective|p2b: Kingambit|1\n|-damage|p2b: Kingambit|33/100\n|\n|-weather|RainDance|[upkeep]\n|-fieldend|move: Trick Room\n|upkeep\n|turn|6\n|\n|t:|1776454021\n|move|p2a: Scovillain|Rage Powder|p2a: Scovillain\n|-singleturn|p2a: Scovillain|move: Rage Powder\n|move|p2b: Kingambit|Sucker Punch|p1b: Dana\n|-damage|p1b: Dana|0 fnt\n|-damage|p2b: Kingambit|21/100|[from] ability: Rough Skin|[of] p1b: Dana\n|faint|p1b: Dana\n|\n|win|Mence\n|l|\u2606LancelotFaberge\n|player|p1|\n",
  "uploadtime": 1776454047,
  "views": 25,
  "formatid": "gen9championsvgc2026regma",
  "rating": null,
  "private": 0,
  "password": null
}