{
  "id": "gen9championsvgc2026regma-2589471163",
  "format": "[Gen 9 Champions] VGC 2026 Reg M-A",
  "players": [
    "Rocket Bear",
    "Puppygirl Autumn"
  ],
  "log": "|j|\u2606Rocket Bear\n|j|\u2606Puppygirl Autumn\n|t:|1776725911\n|gametype|doubles\n|player|p1|Rocket Bear|102|1315\n|player|p2|Puppygirl Autumn|dawn-gen4pt|1241\n|gen|9\n|tier|[Gen 9 Champions] VGC 2026 Reg M-A\n|rated|\n|rule|Species Clause: Limit one of each Pok\u00e9mon\n|rule|Item Clause: Limit 1 of each item\n|clearpoke\n|poke|p1|Tyranitar, L50, F|\n|poke|p1|Excadrill, L50, M|\n|poke|p1|Sinistcha, L50|\n|poke|p1|Gyarados, L50, F|\n|poke|p1|Rotom-Heat, L50|\n|poke|p1|Garchomp, L50, F|\n|poke|p2|Froslass, L50, F|\n|poke|p2|Kingambit, L50, F|\n|poke|p2|Rotom-Heat, L50|\n|poke|p2|Milotic, L50, F|\n|poke|p2|Aerodactyl, L50, M|\n|poke|p2|Meganium, L50, M|\n|teampreview|4\n|\n|t:|1776725963\n|teamsize|p1|4\n|teamsize|p2|4\n|start\n|switch|p1a: Tyranitar|Tyranitar, L50, F|100/100\n|switch|p1b: Rotom|Rotom-Heat, L50|100/100\n|switch|p2a: Meganium|Meganium, L50, M|100/100\n|switch|p2b: Milotic|Milotic, L50, F|100/100\n|-weather|Sandstorm|[from] ability: Sand Stream|[of] p1a: Tyranitar\n|turn|1\n|\n|t:|1776725994\n|move|p2a: Meganium|Protect|p2a: Meganium\n|-singleturn|p2a: Meganium|Protect\n|move|p1a: Tyranitar|Protect|p1a: Tyranitar\n|-singleturn|p1a: Tyranitar|Protect\n|move|p1b: Rotom|Volt Switch|p2b: Milotic\n|-supereffective|p2b: Milotic|1\n|-damage|p2b: Milotic|53/100\n|\n|t:|1776726003\n|switch|p1b: Garchomp|Garchomp, L50, F|100/100|[from] Volt Switch\n|move|p2b: Milotic|Muddy Water|p1a: Tyranitar|[spread] \n|-activate|p1a: Tyranitar|move: Protect\n|-miss|p2b: Milotic|p1b: Garchomp\n|\n|-weather|Sandstorm|[upkeep]\n|-damage|p2a: Meganium|95/100|[from] Sandstorm\n|-damage|p2b: Milotic|47/100|[from] Sandstorm\n|-heal|p2b: Milotic|53/100|[from] item: Leftovers\n|upkeep\n|turn|2\n|\n|t:|1776726037\n|detailschange|p2a: Meganium|Meganium-Mega, L50, M\n|-mega|p2a: Meganium|Meganium|Meganiumite\n|move|p1b: Garchomp|Rock Slide|p2a: Meganium|[spread] p2b\n|-miss|p1b: Garchomp|p2a: Meganium\n|-damage|p2b: Milotic|34/100\n|move|p2a: Meganium|Dazzling Gleam|p1a: Tyranitar|[spread] p1a,p1b\n|-supereffective|p1a: Tyranitar|1\n|-supereffective|p1b: Garchomp|1\n|-damage|p1a: Tyranitar|31/100\n|-damage|p1b: Garchomp|25/100\n|move|p1a: Tyranitar|Rock Slide|p2a: Meganium|[spread] p2a,p2b\n|-damage|p2a: Meganium|65/100\n|-damage|p2b: Milotic|2/100\n|move|p2b: Milotic|Life Dew|p2b: Milotic|[spread] p2a,p2b\n|-heal|p2a: Meganium|90/100\n|-heal|p2b: Milotic|28/100\n|\n|-weather|Sandstorm|[upkeep]\n|-damage|p2a: Meganium|84/100|[from] Sandstorm\n|-damage|p2b: Milotic|22/100|[from] Sandstorm\n|-heal|p2b: Milotic|28/100|[from] item: Leftovers\n|upkeep\n|turn|3\n|\n|t:|1776726075\n|move|p1a: Tyranitar|Protect|p1a: Tyranitar\n|-singleturn|p1a: Tyranitar|Protect\n|move|p2b: Milotic|Protect|p2b: Milotic\n|-singleturn|p2b: Milotic|Protect\n|move|p1b: Garchomp|Dragon Claw|p2b: Milotic\n|-activate|p2b: Milotic|move: Protect\n|move|p2a: Meganium|Dazzling Gleam|p1b: Garchomp|[spread] p1b\n|-activate|p1a: Tyranitar|move: Protect\n|-supereffective|p1b: Garchomp|1\n|-damage|p1b: Garchomp|0 fnt\n|faint|p1b: Garchomp\n|\n|-weather|Sandstorm|[upkeep]\n|-damage|p2a: Meganium|79/100|[from] Sandstorm\n|-damage|p2b: Milotic|22/100|[from] Sandstorm\n|-heal|p2b: Milotic|28/100|[from] item: Leftovers\n|upkeep\n|\n|t:|1776726093\n|switch|p1b: Rotom|Rotom-Heat, L50|100/100\n|turn|4\n|\n|t:|1776726103\n|move|p2a: Meganium|Protect|p2a: Meganium\n|-singleturn|p2a: Meganium|Protect\n|move|p1b: Rotom|Overheat|p2a: Meganium\n|-activate|p2a: Meganium|move: Protect\n|move|p1a: Tyranitar|Crunch|p2b: Milotic\n|-crit|p2b: Milotic\n|-damage|p2b: Milotic|0 fnt\n|faint|p2b: Milotic\n|\n|-weather|Sandstorm|[upkeep]\n|-damage|p1b: Rotom|95/100|[from] Sandstorm\n|-damage|p2a: Meganium|73/100|[from] Sandstorm\n|upkeep\n|\n|t:|1776726130\n|switch|p2b: Kingambit|Kingambit, L50, F|100/100\n|turn|5\n|\n|t:|1776726143\n|switch|p2a: Rotom|Rotom-Heat, L50|100/100\n|move|p1a: Tyranitar|Protect|p1a: Tyranitar\n|-singleturn|p1a: Tyranitar|Protect\n|move|p1b: Rotom|Overheat|p2a: Rotom\n|-resisted|p2a: Rotom|1\n|-crit|p2a: Rotom\n|-damage|p2a: Rotom|40/100\n|-unboost|p1b: Rotom|spa|2\n|move|p2b: Kingambit|Iron Head|p1a: Tyranitar\n|-activate|p1a: Tyranitar|move: Protect\n|\n|-weather|none\n|upkeep\n|turn|6\n|\n|t:|1776726169\n|detailschange|p1a: Tyranitar|Tyranitar-Mega, L50, F\n|-mega|p1a: Tyranitar|Tyranitar|Tyranitarite\n|-weather|Sandstorm|[from] ability: Sand Stream|[of] p1a: Tyranitar\n|move|p1b: Rotom|Overheat|p2b: Kingambit|[miss]\n|-miss|p1b: Rotom|p2b: Kingambit\n|move|p2a: Rotom|Thunderbolt|p1a: Tyranitar\n|-damage|p1a: Tyranitar|6/100\n|move|p1a: Tyranitar|Rock Slide|p2b: Kingambit|[spread] p2a,p2b\n|-supereffective|p2a: Rotom|1\n|-resisted|p2b: Kingambit|1\n|-damage|p2a: Rotom|0 fnt\n|-damage|p2b: Kingambit|89/100\n|faint|p2a: Rotom\n|move|p2b: Kingambit|Iron Head|p1b: Rotom\n|-resisted|p1b: Rotom|2\n|-damage|p1b: Rotom|80/100\n|\n|-weather|Sandstorm|[upkeep]\n|-damage|p1b: Rotom|74/100|[from] Sandstorm\n|upkeep\n|\n|t:|1776726189\n|switch|p2a: Meganium|Meganium-Mega, L50, M|73/100\n|turn|7\n|\n|t:|1776726233\n|switch|p1b: Excadrill|Excadrill, L50, M|100/100\n|move|p2b: Kingambit|Sucker Punch||[still]\n|-fail|p2b: Kingambit\n|move|p1a: Tyranitar|Rock Slide|p2a: Meganium|[spread] p2a,p2b\n|-resisted|p2b: Kingambit|1\n|-damage|p2a: Meganium|35/100\n|-damage|p2b: Kingambit|77/100\n|move|p2a: Meganium|Dazzling Gleam|p1a: Tyranitar|[spread] p1a,p1b\n|-supereffective|p1a: Tyranitar|1\n|-resisted|p1b: Excadrill|1\n|-damage|p1a: Tyranitar|0 fnt\n|-damage|p1b: Excadrill|75/100\n|faint|p1a: Tyranitar\n|\n|-weather|Sandstorm|[upkeep]\n|-damage|p2a: Meganium|30/100|[from] Sandstorm\n|upkeep\n|\n|t:|1776726249\n|switch|p1a: Rotom|Rotom-Heat, L50|74/100\n|turn|8\n|\n|t:|1776726296\n|move|p2b: Kingambit|Sucker Punch|p1b: Excadrill\n|-damage|p1b: Excadrill|19/100\n|move|p1b: Excadrill|Iron Head|p2a: Meganium\n|-supereffective|p2a: Meganium|1\n|-damage|p2a: Meganium|0 fnt\n|faint|p2a: Meganium\n|move|p1a: Rotom|Overheat|p2b: Kingambit\n|-supereffective|p2b: Kingambit|1\n|-damage|p2b: Kingambit|0 fnt\n|-unboost|p1a: Rotom|spa|2\n|faint|p2b: Kingambit\n|\n|win|Rocket Bear\n|raw|Rocket Bear's rating: 1315 &rarr; <strong>1331</strong><br />(+16 for winning)\n|raw|Puppygirl Autumn's rating: 1241 &rarr; <strong>1221</strong><br />(-20 for losing)\n|c|\u2606Puppygirl Autumn|ggwp\n|l|\u2606Puppygirl Autumn\n|player|p2|\n",
  "uploadtime": 1776726309,
  "views": 18,
  "formatid": "gen9championsvgc2026regma",
  "rating": 1221,
  "private": 0,
  "password": null
}