{
  "id": "gen9championsvgc2026regma-2581278521",
  "format": "[Gen 9 Champions] VGC 2026 Reg M-A",
  "players": [
    "cagadadejuego",
    "sonic1"
  ],
  "log": "|j|\u2606cagadadejuego\n|j|\u2606sonic1\n|t:|1775980382\n|gametype|doubles\n|player|p1|cagadadejuego|169|1261\n|player|p2|sonic1|169|1263\n|gen|9\n|tier|[Gen 9 Champions] VGC 2026 Reg M-A\n|rated|\n|rule|Species Clause: Limit one of each Pok\u00e9mon\n|rule|Item Clause: Limit 1 of each item\n|clearpoke\n|poke|p1|Politoed, L50, M|\n|poke|p1|Incineroar, L50, M|\n|poke|p1|Gengar, L50, M|\n|poke|p1|Garchomp, L50, M|\n|poke|p1|Whimsicott, L50, M|\n|poke|p1|Kingambit, L50, M|\n|poke|p2|Whimsicott, L50, M|\n|poke|p2|Charizard, L50, F|\n|poke|p2|Sneasler, L50, F|\n|poke|p2|Garchomp, L50, M|\n|poke|p2|Kingambit, L50, F|\n|poke|p2|Farigiraf, L50, F|\n|teampreview|4\n|inactive|Battle timer is ON: inactive players will automatically lose when time's up. (requested by sonic1)\n|j| gE1xjZRtuhW2DdT0AK\n|inactive|cagadadejuego has 60 seconds left.\n|inactive|sonic1 has 60 seconds left.\n|inactive|sonic1 has 30 seconds left.\n|\n|t:|1775980448\n|teamsize|p1|4\n|teamsize|p2|4\n|start\n|switch|p1a: Garchomp|Garchomp, L50, M|100/100\n|switch|p1b: Gengar|Gengar, L50, M|100/100\n|switch|p2a: Sneasler|Sneasler, L50, F|100/100\n|switch|p2b: Farigiraf|Farigiraf, L50, F|100/100\n|turn|1\n|\n|t:|1775980461\n|detailschange|p1b: Gengar|Gengar-Mega, L50, M\n|-mega|p1b: Gengar|Gengar|Gengarite\n|move|p2a: Sneasler|Fake Out|p1a: Garchomp\n|-damage|p1a: Garchomp|86/100\n|-damage|p2a: Sneasler|88/100|[from] ability: Rough Skin|[of] p1a: Garchomp\n|cant|p1a: Garchomp|flinch\n|move|p1b: Gengar|Sludge Bomb|p2b: Farigiraf\n|-damage|p2b: Farigiraf|48/100\n|-enditem|p2b: Farigiraf|Sitrus Berry|[eat]\n|-heal|p2b: Farigiraf|72/100|[from] item: Sitrus Berry\n|move|p2b: Farigiraf|Trick Room|p2b: Farigiraf\n|-fieldstart|move: Trick Room|[of] p2b: Farigiraf\n|\n|upkeep\n|turn|2\n|\n|t:|1775980486\n|move|p2a: Sneasler|Protect|p2a: Sneasler\n|-singleturn|p2a: Sneasler|Protect\n|move|p2b: Farigiraf|Psychic|p1b: Gengar\n|-supereffective|p1b: Gengar|1\n|-damage|p1b: Gengar|0 fnt\n|faint|p1b: Gengar\n|move|p1a: Garchomp|Stomping Tantrum|p2a: Sneasler\n|-activate|p2a: Sneasler|move: Protect\n|\n|upkeep\n|\n|t:|1775980491\n|switch|p1b: Kingambit|Kingambit, L50, M|100/100\n|turn|3\n|\n|t:|1775980508\n|switch|p2b: Kingambit|Kingambit, L50, F|100/100\n|switch|p2a: Charizard|Charizard, L50, F|100/100\n|move|p1b: Kingambit|Protect|p1b: Kingambit\n|-singleturn|p1b: Kingambit|Protect\n|move|p1a: Garchomp|Stomping Tantrum|p2a: Charizard\n|-immune|p2a: Charizard\n|\n|upkeep\n|turn|4\n|\n|t:|1775980525\n|detailschange|p2a: Charizard|Charizard-Mega-Y, L50, F\n|-mega|p2a: Charizard|Charizard|Charizardite Y\n|-weather|SunnyDay|[from] ability: Drought|[of] p2a: Charizard\n|move|p1b: Kingambit|Kowtow Cleave|p2a: Charizard\n|-damage|p2a: Charizard|48/100\n|move|p2b: Kingambit|Swords Dance|p2b: Kingambit\n|-boost|p2b: Kingambit|atk|2\n|move|p2a: Charizard|Heat Wave|p1b: Kingambit|[spread] p1a,p1b\n|-resisted|p1a: Garchomp|1\n|-supereffective|p1b: Kingambit|1\n|-damage|p1a: Garchomp|45/100\n|-damage|p1b: Kingambit|0 fnt\n|-status|p1a: Garchomp|brn\n|faint|p1b: Kingambit\n|move|p1a: Garchomp|Stomping Tantrum|p2b: Kingambit\n|-supereffective|p2b: Kingambit|1\n|-damage|p2b: Kingambit|32/100\n|\n|-weather|SunnyDay|[upkeep]\n|-damage|p1a: Garchomp|39/100 brn|[from] brn\n|upkeep\n|\n|t:|1775980536\n|switch|p1b: Politoed|Politoed, L50, M|100/100\n|-weather|RainDance|[from] ability: Drizzle|[of] p1b: Politoed\n|turn|5\n|\n|t:|1775980554\n|move|p2b: Kingambit|Kowtow Cleave|p1b: Politoed\n|-damage|p1b: Politoed|0 fnt\n|faint|p1b: Politoed\n|move|p2a: Charizard|Weather Ball|p1a: Garchomp\n|-damage|p1a: Garchomp|0 fnt\n|faint|p1a: Garchomp\n|\n|win|sonic1\n|raw|cagadadejuego's rating: 1261 &rarr; <strong>1236</strong><br />(-25 for losing)\n|raw|sonic1's rating: 1263 &rarr; <strong>1288</strong><br />(+25 for winning)\n|l|\u2606cagadadejuego\n|player|p1|\n|l|\u2606sonic1\n|player|p2|\n",
  "uploadtime": 1775980588,
  "views": 19,
  "formatid": "gen9championsvgc2026regma",
  "rating": 1236,
  "private": 0,
  "password": null
}