{
  "id": "gen9championsvgc2026regma-2583413126",
  "format": "[Gen 9 Champions] VGC 2026 Reg M-A",
  "players": [
    "soulo333",
    "BlRD BOY"
  ],
  "log": "|j|\u2606soulo333\n|j|\u2606BlRD BOY\n|t:|1776173982\n|gametype|doubles\n|player|p1|soulo333|101|1198\n|player|p2|BlRD BOY|brycen|1254\n|gen|9\n|tier|[Gen 9 Champions] VGC 2026 Reg M-A\n|rated|\n|rule|Species Clause: Limit one of each Pok\u00e9mon\n|rule|Item Clause: Limit 1 of each item\n|clearpoke\n|poke|p1|Charizard, L50, F|\n|poke|p1|Sneasler, L50, M|\n|poke|p1|Sinistcha, L50|\n|poke|p1|Incineroar, L50, F|\n|poke|p1|Milotic, L50, F|\n|poke|p1|Tyranitar, L50, M|\n|poke|p2|Garchomp, L50, M|\n|poke|p2|Froslass, L50, F|\n|poke|p2|Rotom-Frost, L50|\n|poke|p2|Aerodactyl, L50, M|\n|poke|p2|Kingambit, L50, M|\n|poke|p2|Sableye, L50, F|\n|teampreview|4\n|\n|t:|1776174028\n|teamsize|p1|4\n|teamsize|p2|4\n|start\n|switch|p1a: Charizard|Charizard, L50, F|100/100\n|switch|p1b: Sneasler|Sneasler, L50, M|100/100\n|switch|p2a: Garchomp|Garchomp, L50, M|100/100\n|switch|p2b: Rotom|Rotom-Frost, L50, shiny|100/100\n|turn|1\n|inactive|Battle timer is ON: inactive players will automatically lose when time's up. (requested by BlRD BOY)\n|\n|t:|1776174052\n|detailschange|p1a: Charizard|Charizard-Mega-X, L50, F\n|-mega|p1a: Charizard|Charizard|Charizardite X\n|move|p2b: Rotom|Electroweb|p1a: Charizard|[spread] p1a,p1b\n|-resisted|p1a: Charizard|1\n|-damage|p1a: Charizard|91/100\n|-damage|p1b: Sneasler|75/100\n|-unboost|p1a: Charizard|spe|1\n|-unboost|p1b: Sneasler|spe|1\n|move|p2a: Garchomp|Rock Slide|p1a: Charizard|[spread] p1a,p1b\n|-supereffective|p1a: Charizard|1\n|-resisted|p1b: Sneasler|1\n|-damage|p1a: Charizard|56/100\n|-damage|p1b: Sneasler|58/100\n|cant|p1b: Sneasler|flinch\n|cant|p1a: Charizard|flinch\n|\n|upkeep\n|turn|2\n|c|\u2606soulo333|cool, love rock slide\n|\n|t:|1776174073\n|move|p1a: Charizard|Protect|p1a: Charizard\n|-singleturn|p1a: Charizard|Protect\n|move|p2b: Rotom|Electroweb|p1a: Charizard|[spread] p1b\n|-activate|p1a: Charizard|move: Protect\n|-damage|p1b: Sneasler|32/100\n|-unboost|p1b: Sneasler|spe|1\n|move|p2a: Garchomp|Earthquake|p1b: Sneasler|[spread] p1b\n|-activate|p1a: Charizard|move: Protect\n|-immune|p2b: Rotom|[from] ability: Levitate\n|-supereffective|p1b: Sneasler|1\n|-damage|p1b: Sneasler|0 fnt\n|faint|p1b: Sneasler\n|\n|upkeep\n|\n|t:|1776174082\n|switch|p1b: Milotic|Milotic, L50, F|100/100\n|turn|3\n|\n|t:|1776174085\n|switch|p1a: Tyranitar|Tyranitar, L50, M|100/100\n|-weather|Sandstorm|[from] ability: Sand Stream|[of] p1a: Tyranitar\n|move|p2b: Rotom|Electroweb|p1b: Milotic|[spread] p1a,p1b\n|-supereffective|p1b: Milotic|1\n|-damage|p1a: Tyranitar|90/100\n|-damage|p1b: Milotic|77/100\n|-unboost|p1a: Tyranitar|spe|1\n|-unboost|p1b: Milotic|spe|1\n|-ability|p1b: Milotic|Competitive|boost\n|-boost|p1b: Milotic|spa|2\n|move|p2a: Garchomp|Earthquake|p1b: Milotic|[spread] p1a,p1b\n|-immune|p2b: Rotom|[from] ability: Levitate\n|-supereffective|p1a: Tyranitar|1\n|-damage|p1a: Tyranitar|9/100\n|-damage|p1b: Milotic|31/100\n|move|p1b: Milotic|Icy Wind|p2a: Garchomp|[spread] p2a,p2b\n|-supereffective|p2a: Garchomp|2\n|-resisted|p2b: Rotom|1\n|-damage|p2a: Garchomp|8/100\n|-damage|p2b: Rotom|89/100\n|-unboost|p2a: Garchomp|spe|1\n|-unboost|p2b: Rotom|spe|1\n|\n|-weather|Sandstorm|[upkeep]\n|-damage|p2b: Rotom|83/100|[from] Sandstorm\n|-damage|p1b: Milotic|25/100|[from] Sandstorm\n|-heal|p1b: Milotic|31/100|[from] item: Leftovers\n|upkeep\n|turn|4\n|\n|t:|1776174109\n|move|p1b: Milotic|Protect|p1b: Milotic\n|-singleturn|p1b: Milotic|Protect\n|move|p2b: Rotom|Electroweb|p1b: Milotic|[spread] p1a\n|-activate|p1b: Milotic|move: Protect\n|-damage|p1a: Tyranitar|0 fnt\n|faint|p1a: Tyranitar\n|move|p2a: Garchomp|Earthquake|p1b: Milotic|[spread] \n|-activate|p1b: Milotic|move: Protect\n|-immune|p2b: Rotom|[from] ability: Levitate\n|\n|-weather|Sandstorm|[upkeep]\n|-damage|p2b: Rotom|78/100|[from] Sandstorm\n|-damage|p1b: Milotic|25/100|[from] Sandstorm\n|-heal|p1b: Milotic|31/100|[from] item: Leftovers\n|upkeep\n|\n|t:|1776174110\n|switch|p1a: Charizard|Charizard-Mega-X, L50, F|56/100\n|turn|5\n|\n|t:|1776174117\n|switch|p2b: Kingambit|Kingambit, L50, M|100/100\n|move|p2a: Garchomp|Protect|p2a: Garchomp\n|-singleturn|p2a: Garchomp|Protect\n|move|p1a: Charizard|Dragon Claw|p2a: Garchomp\n|-activate|p2a: Garchomp|move: Protect\n|move|p1b: Milotic|Icy Wind|p2a: Garchomp|[spread] p2b\n|-activate|p2a: Garchomp|move: Protect\n|-resisted|p2b: Kingambit|1\n|-damage|p2b: Kingambit|90/100\n|-unboost|p2b: Kingambit|spe|1\n|-ability|p2b: Kingambit|Defiant|boost\n|-boost|p2b: Kingambit|atk|2\n|\n|-weather|Sandstorm|[upkeep]\n|-damage|p1a: Charizard|50/100|[from] Sandstorm\n|-damage|p1b: Milotic|25/100|[from] Sandstorm\n|-heal|p1b: Milotic|31/100|[from] item: Leftovers\n|upkeep\n|turn|6\n|\n|t:|1776174134\n|switch|p2a: Froslass|Froslass, L50, F|100/100\n|move|p1a: Charizard|Protect|p1a: Charizard\n|-singleturn|p1a: Charizard|Protect\n|move|p2b: Kingambit|Sucker Punch||[still]\n|-fail|p2b: Kingambit\n|move|p1b: Milotic|Recover|p1b: Milotic\n|-heal|p1b: Milotic|81/100\n|\n|-weather|Sandstorm|[upkeep]\n|-damage|p2a: Froslass|94/100|[from] Sandstorm\n|-damage|p1a: Charizard|44/100|[from] Sandstorm\n|-damage|p1b: Milotic|75/100|[from] Sandstorm\n|-heal|p1b: Milotic|81/100|[from] item: Leftovers\n|upkeep\n|turn|7\n|\n|t:|1776174153\n|detailschange|p2a: Froslass|Froslass-Mega, L50, F\n|-mega|p2a: Froslass|Froslass|Froslassite\n|-weather|Snowscape|[from] ability: Snow Warning|[of] p2a: Froslass\n|move|p2b: Kingambit|Sucker Punch|p1b: Milotic\n|-crit|p1b: Milotic\n|-damage|p1b: Milotic|0 fnt\n|faint|p1b: Milotic\n|move|p2a: Froslass|Blizzard|p1a: Charizard\n|-damage|p1a: Charizard|0 fnt\n|faint|p1a: Charizard\n|\n|win|BlRD BOY\n|raw|soulo333's rating: 1198 &rarr; <strong>1177</strong><br />(-21 for losing)\n|raw|BlRD BOY's rating: 1254 &rarr; <strong>1275</strong><br />(+21 for winning)\n",
  "uploadtime": 1776174154,
  "views": 12,
  "formatid": "gen9championsvgc2026regma",
  "rating": 1177,
  "private": 0,
  "password": null
}