{
  "id": "gen9championsvgc2026regma-2585456321",
  "format": "[Gen 9 Champions] VGC 2026 Reg M-A",
  "players": [
    "Kaastrup98",
    "campeondelfitness"
  ],
  "log": "|j|\u2606Kaastrup98\n|j|\u2606campeondelfitness\n|t:|1776348517\n|gametype|doubles\n|player|p1|Kaastrup98|169|1098\n|player|p2|campeondelfitness|swimmer|1121\n|gen|9\n|tier|[Gen 9 Champions] VGC 2026 Reg M-A\n|rated|\n|rule|Species Clause: Limit one of each Pok\u00e9mon\n|rule|Item Clause: Limit 1 of each item\n|clearpoke\n|poke|p1|Gengar, L50, M|\n|poke|p1|Politoed, L50, M|\n|poke|p1|Incineroar, L50, M|\n|poke|p1|Milotic, L50, M|\n|poke|p1|Sinistcha, L50|\n|poke|p1|Sneasler, L50, M|\n|poke|p2|Tyranitar, L50, F|\n|poke|p2|Garchomp, L50, F|\n|poke|p2|Heliolisk, L50, M|\n|poke|p2|Rotom-Heat, L50|\n|poke|p2|Orthworm, L50, M|\n|poke|p2|Aerodactyl, L50, M|\n|teampreview|4\n|inactive|Battle timer is ON: inactive players will automatically lose when time's up. (requested by campeondelfitness)\n|inactive|Kaastrup98 has 60 seconds left.\n|inactive|campeondelfitness has 60 seconds left.\n|inactive|Kaastrup98 has 30 seconds left.\n|inactive|Kaastrup98 has 20 seconds left.\n|\n|t:|1776348591\n|teamsize|p1|4\n|teamsize|p2|4\n|start\n|switch|p1a: Incineroar|Incineroar, L50, M|100/100\n|switch|p1b: Sneasler|Sneasler, L50, M|100/100\n|switch|p2a: Orthworm|Orthworm, L50, M|100/100\n|switch|p2b: Aerodactyl|Aerodactyl, L50, M|100/100\n|-ability|p2b: Aerodactyl|Unnerve\n|-ability|p1a: Incineroar|Intimidate|boost\n|-unboost|p2a: Orthworm|atk|1\n|-unboost|p2b: Aerodactyl|atk|1\n|turn|1\n|\n|t:|1776348612\n|move|p1a: Incineroar|Fake Out|p2b: Aerodactyl\n|-resisted|p2b: Aerodactyl|1\n|-damage|p2b: Aerodactyl|89/100\n|cant|p2b: Aerodactyl|flinch\n|move|p1b: Sneasler|Close Combat|p2a: Orthworm\n|-supereffective|p2a: Orthworm|1\n|-damage|p2a: Orthworm|25/100\n|-unboost|p1b: Sneasler|def|1\n|-unboost|p1b: Sneasler|spd|1\n|-enditem|p1b: Sneasler|White Herb\n|-clearnegativeboost|p1b: Sneasler|[silent]\n|move|p2a: Orthworm|Shed Tail|p2a: Orthworm\n|-fail|p2a: Orthworm|move: Shed Tail|[weak]\n|\n|-heal|p2a: Orthworm|31/100|[from] item: Leftovers\n|upkeep\n|turn|2\n|inactive|Kaastrup98 has 30 seconds left.\n|inactive|campeondelfitness has 30 seconds left.\n|\n|t:|1776348645\n|switch|p2b: Tyranitar|Tyranitar, L50, F|100/100\n|-weather|Sandstorm|[from] ability: Sand Stream|[of] p2b: Tyranitar\n|switch|p1a: Gengar|Gengar, L50, M|100/100\n|move|p1b: Sneasler|Rock Slide|p2a: Orthworm|[spread] p2a\n|-miss|p1b: Sneasler|p2b: Tyranitar\n|-resisted|p2a: Orthworm|1\n|-damage|p2a: Orthworm|25/100\n|cant|p2a: Orthworm|flinch\n|\n|-weather|Sandstorm|[upkeep]\n|-damage|p1b: Sneasler|95/100|[from] Sandstorm\n|-damage|p1a: Gengar|95/100|[from] Sandstorm\n|-heal|p2a: Orthworm|31/100|[from] item: Leftovers\n|upkeep\n|turn|3\n|inactive|Kaastrup98 has 30 seconds left.\n|inactive|campeondelfitness has 30 seconds left.\n|\n|t:|1776348673\n|detailschange|p1a: Gengar|Gengar-Mega, L50, M\n|-mega|p1a: Gengar|Gengar|Gengarite\n|move|p1b: Sneasler|Close Combat|p2b: Tyranitar\n|-supereffective|p2b: Tyranitar|2\n|-enditem|p2b: Tyranitar|Focus Sash\n|-damage|p2b: Tyranitar|1/100\n|-unboost|p1b: Sneasler|def|1\n|-unboost|p1b: Sneasler|spd|1\n|move|p1a: Gengar|Shadow Ball|p2a: Orthworm\n|-damage|p2a: Orthworm|0 fnt\n|faint|p2a: Orthworm\n|move|p2b: Tyranitar|Knock Off|p1a: Gengar\n|-supereffective|p1a: Gengar|1\n|-damage|p1a: Gengar|36/100\n|\n|-weather|Sandstorm|[upkeep]\n|-damage|p1b: Sneasler|89/100|[from] Sandstorm\n|-damage|p1a: Gengar|30/100|[from] Sandstorm\n|upkeep\n|\n|t:|1776348690\n|switch|p2a: Aerodactyl|Aerodactyl, L50, M|89/100\n|-ability|p2a: Aerodactyl|Unnerve\n|turn|4\n|inactive|campeondelfitness has 30 seconds left.\n|inactive|Kaastrup98 has 30 seconds left.\n|\n|t:|1776348727\n|switch|p1b: Incineroar|Incineroar, L50, M|100/100\n|-ability|p1b: Incineroar|Intimidate|boost\n|-unboost|p2a: Aerodactyl|atk|1\n|-unboost|p2b: Tyranitar|atk|1\n|move|p1a: Gengar|Protect|p1a: Gengar\n|-singleturn|p1a: Gengar|Protect\n|move|p2a: Aerodactyl|Tailwind|p2a: Aerodactyl\n|-sidestart|p2: campeondelfitness|move: Tailwind\n|move|p2b: Tyranitar|Icy Wind|p1b: Incineroar|[spread] p1b\n|-activate|p1a: Gengar|move: Protect\n|-resisted|p1b: Incineroar|1\n|-damage|p1b: Incineroar|97/100\n|-unboost|p1b: Incineroar|spe|1\n|\n|-weather|Sandstorm|[upkeep]\n|-damage|p1a: Gengar|24/100|[from] Sandstorm\n|-damage|p1b: Incineroar|91/100|[from] Sandstorm\n|upkeep\n|turn|5\n|inactive|Kaastrup98 has 30 seconds left.\n|inactive|campeondelfitness has 30 seconds left.\n|inactive|Kaastrup98 has 20 seconds left.\n|inactive|Kaastrup98 has 15 seconds left.\n|inactive|campeondelfitness has 20 seconds left.\n|inactive|campeondelfitness has 15 seconds left.\n|\n|t:|1776348776\n|move|p2b: Tyranitar|Helping Hand|p2a: Aerodactyl\n|-singleturn|p2a: Aerodactyl|Helping Hand|[of] p2b: Tyranitar\n|move|p1b: Incineroar|Fake Out|p2a: Aerodactyl\n|-resisted|p2a: Aerodactyl|1\n|-damage|p2a: Aerodactyl|79/100\n|cant|p2a: Aerodactyl|flinch\n|move|p1a: Gengar|Shadow Ball|p2b: Tyranitar\n|-resisted|p2b: Tyranitar|1\n|-damage|p2b: Tyranitar|0 fnt\n|faint|p2b: Tyranitar\n|\n|-weather|Sandstorm|[upkeep]\n|-damage|p1a: Gengar|18/100|[from] Sandstorm\n|-damage|p1b: Incineroar|85/100|[from] Sandstorm\n|upkeep\n|\n|t:|1776348789\n|switch|p2b: Garchomp|Garchomp, L50, F|100/100\n|turn|6\n|inactive|Kaastrup98 has 30 seconds left.\n|inactive|Kaastrup98 has 20 seconds left.\n|\n|t:|1776348828\n|switch|p1b: Milotic|Milotic, L50, M|100/100\n|detailschange|p2b: Garchomp|Garchomp-Mega, L50, F\n|-mega|p2b: Garchomp|Garchomp|Garchompite\n|move|p1a: Gengar|Protect|p1a: Gengar\n|-singleturn|p1a: Gengar|Protect\n|move|p2a: Aerodactyl|Rock Slide|p1b: Milotic|[spread] \n|-activate|p1a: Gengar|move: Protect\n|-miss|p2a: Aerodactyl|p1b: Milotic\n|move|p2b: Garchomp|Earthquake|p1b: Milotic|[spread] p1b\n|-activate|p1a: Gengar|move: Protect\n|-immune|p2a: Aerodactyl\n|-damage|p1b: Milotic|39/100\n|\n|-weather|none\n|upkeep\n|turn|7\n|inactive|Kaastrup98 has 30 seconds left.\n|inactive|campeondelfitness has 30 seconds left.\n|\n|t:|1776348857\n|switch|p1a: Incineroar|Incineroar, L50, M|85/100\n|-ability|p1a: Incineroar|Intimidate|boost\n|-unboost|p2a: Aerodactyl|atk|1\n|-unboost|p2b: Garchomp|atk|1\n|move|p2a: Aerodactyl|Rock Slide|p1b: Milotic|[spread] p1a,p1b\n|-supereffective|p1a: Incineroar|1\n|-damage|p1a: Incineroar|58/100\n|-damage|p1b: Milotic|24/100\n|move|p2b: Garchomp|Earthquake|p1a: Incineroar|[spread] p1a,p1b\n|-immune|p2a: Aerodactyl\n|-supereffective|p1a: Incineroar|1\n|-damage|p1a: Incineroar|0 fnt\n|-damage|p1b: Milotic|0 fnt\n|faint|p1a: Incineroar\n|faint|p1b: Milotic\n|\n|-sideend|p2: campeondelfitness|move: Tailwind\n|upkeep\n|\n|t:|1776348874\n|switch|p1b: Gengar|Gengar-Mega, L50, M|18/100\n|switch|p1a: Sneasler|Sneasler, L50, M|89/100\n|turn|8\n|inactive|Kaastrup98 has 30 seconds left.\n|inactive|campeondelfitness has 30 seconds left.\n|inactive|Kaastrup98 has 20 seconds left.\n|inactive|campeondelfitness has 20 seconds left.\n|inactive|Kaastrup98 has 15 seconds left.\n|\n|t:|1776348917\n|move|p2a: Aerodactyl|Dual Wingbeat|p1a: Sneasler\n|-supereffective|p1a: Sneasler|1\n|-damage|p1a: Sneasler|55/100\n|-supereffective|p1a: Sneasler|1\n|-damage|p1a: Sneasler|15/100\n|-hitcount|p1a: Sneasler|2\n|move|p1a: Sneasler|Rock Slide|p2b: Garchomp|[spread] p2a,p2b\n|-supereffective|p2a: Aerodactyl|1\n|-resisted|p2b: Garchomp|1\n|-damage|p2a: Aerodactyl|13/100\n|-damage|p2b: Garchomp|92/100\n|move|p2b: Garchomp|Earthquake|p1b: Gengar|[spread] p1a,p1b\n|-immune|p2a: Aerodactyl\n|-supereffective|p1a: Sneasler|1\n|-supereffective|p1b: Gengar|1\n|-damage|p1a: Sneasler|0 fnt\n|-damage|p1b: Gengar|0 fnt\n|faint|p1a: Sneasler\n|faint|p1b: Gengar\n|\n|win|campeondelfitness\n|raw|Kaastrup98's rating: 1098 &rarr; <strong>1075</strong><br />(-23 for losing)\n|raw|campeondelfitness's rating: 1121 &rarr; <strong>1144</strong><br />(+23 for winning)\n",
  "uploadtime": 1776348934,
  "views": 49,
  "formatid": "gen9championsvgc2026regma",
  "rating": 1075,
  "private": 0,
  "password": null
}