{
  "id": "gen9championsvgc2026regma-2586926744",
  "format": "[Gen 9 Champions] VGC 2026 Reg M-A",
  "players": [
    "AzzWeCooked",
    "jctknight"
  ],
  "log": "|j|\u2606AzzWeCooked\n|j|\u2606jctknight\n|t:|1776472531\n|gametype|doubles\n|player|p1|AzzWeCooked|102|1000\n|player|p2|jctknight|drayden|1047\n|gen|9\n|tier|[Gen 9 Champions] VGC 2026 Reg M-A\n|rated|\n|rule|Species Clause: Limit one of each Pok\u00e9mon\n|rule|Item Clause: Limit 1 of each item\n|clearpoke\n|poke|p1|Altaria, L50, F|\n|poke|p1|Gengar, L50, F|\n|poke|p1|Sinistcha, L50|\n|poke|p1|Gallade, L50, M|\n|poke|p1|Incineroar, L50, M|\n|poke|p1|Mamoswine, L50, M|\n|poke|p2|Tyranitar, L50, M|\n|poke|p2|Excadrill, L50, F|\n|poke|p2|Primarina, L50, F|\n|poke|p2|Rotom-Heat, L50|\n|poke|p2|Corviknight, L50, M|\n|poke|p2|Gallade, L50, M|\n|teampreview|4\n|inactive|Battle timer is ON: inactive players will automatically lose when time's up. (requested by jctknight)\n|inactive|jctknight has 60 seconds left.\n|\n|t:|1776472574\n|teamsize|p1|4\n|teamsize|p2|4\n|start\n|switch|p1a: Tampon|Altaria, L50, F, shiny|100/100\n|switch|p1b: Gallade|Gallade, L50, M|100/100\n|switch|p2a: Excadrill|Excadrill, L50, F|100/100\n|switch|p2b: Rotom|Rotom-Heat, L50|100/100\n|-ability|p1a: Tampon|Cloud Nine\n|turn|1\n|inactive|AzzWeCooked has 30 seconds left.\n|\n|t:|1776472607\n|detailschange|p1b: Gallade|Gallade-Mega, L50, M\n|-mega|p1b: Gallade|Gallade|Galladite\n|move|p2a: Excadrill|Protect|p2a: Excadrill\n|-singleturn|p2a: Excadrill|Protect\n|move|p1a: Tampon|Hyper Voice|p2a: Excadrill|[spread] p2b\n|-activate|p2a: Excadrill|move: Protect\n|-damage|p2b: Rotom|81/100\n|move|p1b: Gallade|Sacred Sword|p2a: Excadrill\n|-activate|p2a: Excadrill|move: Protect\n|move|p2b: Rotom|Will-O-Wisp|p1b: Gallade\n|-status|p1b: Gallade|brn\n|\n|-damage|p1b: Gallade|95/100 brn|[from] brn\n|upkeep\n|turn|2\n|\n|t:|1776472633\n|switch|p2a: Corviknight|Corviknight, L50, M, shiny|100/100\n|move|p1a: Tampon|Heat Wave|p2a: Corviknight|[spread] p2a,p2b\n|-supereffective|p2a: Corviknight|1\n|-resisted|p2b: Rotom|1\n|-damage|p2a: Corviknight|67/100\n|-damage|p2b: Rotom|72/100\n|move|p1b: Gallade|Swords Dance|p1b: Gallade\n|-boost|p1b: Gallade|atk|2\n|move|p2b: Rotom|Volt Switch|p1a: Tampon\n|-damage|p1a: Tampon|54/100\n|\n|t:|1776472649\n|switch|p2b: Excadrill|Excadrill, L50, F|100/100|[from] Volt Switch\n|\n|-damage|p1b: Gallade|89/100 brn|[from] brn\n|upkeep\n|turn|3\n|\n|t:|1776472667\n|move|p2b: Excadrill|Iron Head|p1a: Tampon\n|-damage|p1a: Tampon|1/100\n|move|p1a: Tampon|Heat Wave|p2a: Corviknight|[spread] p2a,p2b\n|-supereffective|p2a: Corviknight|1\n|-supereffective|p2b: Excadrill|1\n|-damage|p2a: Corviknight|37/100\n|-damage|p2b: Excadrill|58/100\n|-enditem|p2a: Corviknight|Sitrus Berry|[eat]\n|-heal|p2a: Corviknight|62/100|[from] item: Sitrus Berry\n|move|p2a: Corviknight|Bulk Up|p2a: Corviknight\n|-boost|p2a: Corviknight|atk|1\n|-boost|p2a: Corviknight|def|1\n|move|p1b: Gallade|Sacred Sword|p2b: Excadrill\n|-supereffective|p2b: Excadrill|1\n|-damage|p2b: Excadrill|0 fnt\n|faint|p2b: Excadrill\n|\n|-damage|p1b: Gallade|83/100 brn|[from] brn\n|upkeep\n|\n|t:|1776472686\n|switch|p2b: Tyranitar|Tyranitar, L50, M|100/100\n|-weather|Sandstorm|[from] ability: Sand Stream|[of] p2b: Tyranitar\n|turn|4\n|\n|t:|1776472709\n|switch|p2b: Rotom|Rotom-Heat, L50|72/100\n|move|p1a: Tampon|Protect|p1a: Tampon\n|-singleturn|p1a: Tampon|Protect\n|move|p2a: Corviknight|Roost|p2a: Corviknight\n|-heal|p2a: Corviknight|100/100\n|-singleturn|p2a: Corviknight|move: Roost\n|move|p1b: Gallade|Sacred Sword|p2b: Rotom\n|-damage|p2b: Rotom|3/100\n|\n|-weather|Sandstorm|[upkeep]\n|-damage|p1b: Gallade|78/100 brn|[from] brn\n|upkeep\n|turn|5\n|inactive|AzzWeCooked has 30 seconds left.\n|inactive|AzzWeCooked has 20 seconds left.\n|\n|t:|1776472744\n|move|p1a: Tampon|Heat Wave|p2b: Rotom|[spread] p2a,p2b\n|-supereffective|p2a: Corviknight|1\n|-resisted|p2b: Rotom|1\n|-damage|p2a: Corviknight|69/100\n|-damage|p2b: Rotom|0 fnt\n|faint|p2b: Rotom\n|move|p2a: Corviknight|Bulk Up|p2a: Corviknight\n|-boost|p2a: Corviknight|atk|1\n|-boost|p2a: Corviknight|def|1\n|move|p1b: Gallade|Sacred Sword|p2a: Corviknight\n|-damage|p2a: Corviknight|18/100\n|\n|-weather|Sandstorm|[upkeep]\n|-damage|p1b: Gallade|72/100 brn|[from] brn\n|upkeep\n|-message|jctknight forfeited.\n|\n|win|AzzWeCooked\n|raw|AzzWeCooked's rating: 1000 &rarr; <strong>1045</strong><br />(+45 for winning)\n|raw|jctknight's rating: 1047 &rarr; <strong>1028</strong><br />(-19 for losing)\n|l|\u2606jctknight\n|player|p2|\n",
  "uploadtime": 1776472762,
  "views": 20,
  "formatid": "gen9championsvgc2026regma",
  "rating": 1028,
  "private": 0,
  "password": null
}