{
  "id": "gen9championsvgc2026regma-2582454652",
  "format": "[Gen 9 Champions] VGC 2026 Reg M-A",
  "players": [
    "beni_9",
    "RUBICON-9"
  ],
  "log": "|j|\u2606beni_9\n|j|\u2606RUBICON-9\n|t:|1776092764\n|gametype|doubles\n|player|p1|beni_9|alder|1196\n|player|p2|RUBICON-9|shauntal|1247\n|gen|9\n|tier|[Gen 9 Champions] VGC 2026 Reg M-A\n|rated|\n|rule|Species Clause: Limit one of each Pok\u00e9mon\n|rule|Item Clause: Limit 1 of each item\n|clearpoke\n|poke|p1|Clefable, L50, F|\n|poke|p1|Sneasler, L50, F|\n|poke|p1|Dragonite, L50, F|\n|poke|p1|Delphox, L50, F|\n|poke|p1|Basculegion, L50, M|\n|poke|p1|Kingambit, L50, M|\n|poke|p2|Basculegion, L50, M|\n|poke|p2|Floette-Eternal, L50, F|\n|poke|p2|Incineroar, L50, F|\n|poke|p2|Sneasler, L50, F|\n|poke|p2|Froslass, L50, F|\n|poke|p2|Archaludon, L50, M|\n|teampreview|4\n|l|\u2606beni_9\n|player|p1|\n|c|\u2606RUBICON-9|this match will get red hot\n|inactive|Battle timer is ON: inactive players will automatically lose when time's up. (requested by RUBICON-9)\n|j|\u2606beni_9\n|inactive|beni_9 reconnected and has 90 seconds left.\n|player|p1|beni_9|alder|\nRUBICON-9 rejected open team sheets.\n|\n|t:|1776092843\n|teamsize|p1|4\n|teamsize|p2|4\n|start\n|switch|p1a: Sneasler|Sneasler, L50, F|100/100\n|switch|p1b: Kingambit|Kingambit, L50, M|100/100\n|switch|p2a: Crawler|Basculegion, L50, M|100/100\n|switch|p2b: Burnscar|Incineroar, L50, F|100/100\n|-ability|p2b: Burnscar|Intimidate|boost\n|-unboost|p1a: Sneasler|atk|1\n|-unboost|p1b: Kingambit|atk|1\n|-ability|p1b: Kingambit|Defiant|boost\n|-boost|p1b: Kingambit|atk|2\n|turn|1\n|\n|t:|1776092864\n|move|p1a: Sneasler|Fake Out|p2b: Burnscar\n|-damage|p2b: Burnscar|92/100\n|move|p1b: Kingambit|Sucker Punch|p2a: Crawler\n|-supereffective|p2a: Crawler|1\n|-damage|p2a: Crawler|0 fnt\n|faint|p2a: Crawler\n|cant|p2b: Burnscar|flinch\n|\n|upkeep\n|c|\u2606RUBICON-9|fuuuuuuckckckckckcik\n|c|\u2606beni_9|lol\n|c|\u2606RUBICON-9|i hate this goddamn chess piece duuuuddee\n|\n|t:|1776092888\n|switch|p2a: Jack Slash|Sneasler, L50, F|100/100\n|turn|2\n|\n|t:|1776092910\n|move|p1b: Kingambit|Protect|p1b: Kingambit\n|-singleturn|p1b: Kingambit|Protect\n|move|p2a: Jack Slash|Fake Out|p1a: Sneasler\n|-damage|p1a: Sneasler|77/100\n|cant|p1a: Sneasler|flinch\n|move|p2b: Burnscar|Flare Blitz|p1b: Kingambit\n|-activate|p1b: Kingambit|move: Protect\n|\n|upkeep\n|turn|3\n|inactive|beni_9 has 30 seconds left.\n|inactive|RUBICON-9 has 30 seconds left.\n|\n|t:|1776092952\n|switch|p2a: The Siberian|Froslass, L50, F|100/100\n|move|p1b: Kingambit|Sucker Punch||[still]\n|-fail|p1b: Kingambit\n|move|p1a: Sneasler|Dire Claw|p2b: Burnscar\n|-damage|p2b: Burnscar|66/100\n|move|p2b: Burnscar|Flare Blitz|p1b: Kingambit\n|-supereffective|p1b: Kingambit|1\n|-damage|p1b: Kingambit|8/100\n|-damage|p2b: Burnscar|35/100|[from] Recoil\n|\n|upkeep\n|turn|4\n|inactive|beni_9 has 30 seconds left.\n|inactive|RUBICON-9 has 30 seconds left.\n|\n|t:|1776092990\n|detailschange|p2a: The Siberian|Froslass-Mega, L50, F\n|-mega|p2a: The Siberian|Froslass|Froslassite\n|-weather|Snowscape|[from] ability: Snow Warning|[of] p2a: The Siberian\n|move|p1b: Kingambit|Sucker Punch||[still]\n|-fail|p1b: Kingambit\n|move|p2a: The Siberian|Nasty Plot|p2a: The Siberian\n|-boost|p2a: The Siberian|spa|2\n|move|p1a: Sneasler|Dire Claw|p2b: Burnscar\n|-damage|p2b: Burnscar|10/100\n|-status|p2b: Burnscar|slp\n|cant|p2b: Burnscar|slp\n|\n|-weather|Snowscape|[upkeep]\n|upkeep\n|turn|5\n|\n|t:|1776093015\n|switch|p1a: Delphox|Delphox, L50, F, shiny|100/100\n|move|p2a: The Siberian|Protect|p2a: The Siberian\n|-singleturn|p2a: The Siberian|Protect\n|move|p1b: Kingambit|Sucker Punch||[still]\n|-fail|p1b: Kingambit\n|cant|p2b: Burnscar|slp\n|\n|-weather|Snowscape|[upkeep]\n|upkeep\n|turn|6\n|c|\u2606RUBICON-9|burnscar lock in PLEASE\n|inactive|beni_9 has 30 seconds left.\n|inactive|RUBICON-9 has 30 seconds left.\n|\n|t:|1776093044\n|switch|p2a: Jack Slash|Sneasler, L50, F|100/100\n|detailschange|p1a: Delphox|Delphox-Mega, L50, F, shiny\n|-mega|p1a: Delphox|Delphox|Delphoxite\n|move|p1b: Kingambit|Sucker Punch||[still]\n|-fail|p1b: Kingambit\n|move|p1a: Delphox|Substitute|p1a: Delphox\n|-start|p1a: Delphox|Substitute\n|-damage|p1a: Delphox|76/100\n|-curestatus|p2b: Burnscar|slp|[msg]\n|move|p2b: Burnscar|Throat Chop|p1a: Delphox\n|-supereffective|p1a: Delphox|1\n|-end|p1a: Delphox|Substitute\n|\n|-weather|Snowscape|[upkeep]\n|upkeep\n|turn|7\n|\n|t:|1776093065\n|move|p1a: Delphox|Protect|p1a: Delphox\n|-singleturn|p1a: Delphox|Protect\n|move|p1b: Kingambit|Protect|p1b: Kingambit\n|-singleturn|p1b: Kingambit|Protect\n|move|p2a: Jack Slash|Fake Out|p1a: Delphox\n|-activate|p1a: Delphox|move: Protect\n|move|p2b: Burnscar|Throat Chop|p1a: Delphox\n|-activate|p1a: Delphox|move: Protect\n|\n|-weather|Snowscape|[upkeep]\n|upkeep\n|turn|8\n|\n|t:|1776093084\n|move|p1b: Kingambit|Sucker Punch|p2b: Burnscar\n|-resisted|p2b: Burnscar|1\n|-damage|p2b: Burnscar|0 fnt\n|faint|p2b: Burnscar\n|move|p1a: Delphox|Psychic|p2a: Jack Slash\n|-supereffective|p2a: Jack Slash|2\n|-enditem|p2a: Jack Slash|Focus Sash\n|-damage|p2a: Jack Slash|1/100\n|move|p2a: Jack Slash|Close Combat|p1b: Kingambit\n|-supereffective|p1b: Kingambit|2\n|-damage|p1b: Kingambit|0 fnt\n|-unboost|p2a: Jack Slash|def|1\n|-unboost|p2a: Jack Slash|spd|1\n|faint|p1b: Kingambit\n|\n|-weather|none\n|upkeep\n|\n|t:|1776093099\n|switch|p2b: The Siberian|Froslass-Mega, L50, F|100/100\n|switch|p1b: Sneasler|Sneasler, L50, F|77/100\n|-weather|Snowscape|[from] ability: Snow Warning|[of] p2b: The Siberian\n|turn|9\n|\n|t:|1776093112\n|move|p2b: The Siberian|Protect|p2b: The Siberian\n|-singleturn|p2b: The Siberian|Protect\n|move|p1b: Sneasler|Fake Out|p2a: Jack Slash\n|-crit|p2a: Jack Slash\n|-damage|p2a: Jack Slash|0 fnt\n|faint|p2a: Jack Slash\n|move|p1a: Delphox|Heat Wave|p2b: The Siberian\n|-activate|p2b: The Siberian|move: Protect\n|\n|-weather|Snowscape|[upkeep]\n|upkeep\n|turn|10\n|c|\u2606beni_9|gg\n|c|\u2606RUBICON-9|damn\n|c|\u2606RUBICON-9|gg\n|\n|t:|1776093126\n|move|p1a: Delphox|Heat Wave|p2b: The Siberian\n|-supereffective|p2b: The Siberian|1\n|-damage|p2b: The Siberian|0 fnt\n|faint|p2b: The Siberian\n|\n|win|beni_9\n",
  "uploadtime": 1776092873,
  "views": 10,
  "formatid": "gen9championsvgc2026regma",
  "rating": null,
  "private": 0,
  "password": null
}