{
  "id": "gen9championsvgc2026regma-2582797470",
  "format": "[Gen 9 Champions] VGC 2026 Reg M-A",
  "players": [
    "Qwazay",
    "lakeandbake"
  ],
  "log": "|j|\u2606Qwazay\n|j|\u203dlakeandbake\n|t:|1776114874\n|gametype|doubles\n|player|p1|Qwazay|rood|1206\n|player|p2|lakeandbake|iono-masters|1179\n|gen|9\n|tier|[Gen 9 Champions] VGC 2026 Reg M-A\n|rated|\n|rule|Species Clause: Limit one of each Pok\u00e9mon\n|rule|Item Clause: Limit 1 of each item\n|clearpoke\n|poke|p1|Dragonite, L50, F|\n|poke|p1|Rotom-Wash, L50|\n|poke|p1|Floette-Eternal, L50, F|\n|poke|p1|Garchomp, L50, F|\n|poke|p1|Incineroar, L50, M|\n|poke|p1|Aegislash, L50, F|\n|poke|p2|Floette-Eternal, L50, F|\n|poke|p2|Incineroar, L50, F|\n|poke|p2|Ninetales-Alola, L50, F|\n|poke|p2|Sinistcha, L50|\n|poke|p2|Garchomp, L50, M|\n|poke|p2|Maushold, L50|\n|teampreview|4\n|\n|t:|1776114947\n|teamsize|p1|4\n|teamsize|p2|4\n|start\n|switch|p1a: Incineroar|Incineroar, L50, M, shiny|100/100\n|switch|p1b: Floette|Floette-Eternal, L50, F|100/100\n|switch|p2a: Ninetales|Ninetales-Alola, L50, F|100/100\n|switch|p2b: Garchomp|Garchomp, L50, M|100/100\n|-weather|Snowscape|[from] ability: Snow Warning|[of] p2a: Ninetales\n|-ability|p1a: Incineroar|Intimidate|boost\n|-unboost|p2a: Ninetales|atk|1\n|-unboost|p2b: Garchomp|atk|1\n|turn|1\n|\n|t:|1776114982\n|detailschange|p1b: Floette|Floette-Mega, L50, F\n|-mega|p1b: Floette|Floette|Floettite\n|-ability|p1b: Floette|Fairy Aura\n|move|p1a: Incineroar|Fake Out|p2a: Ninetales\n|-damage|p2a: Ninetales|92/100\n|move|p2b: Garchomp|Rock Slide|p1a: Incineroar|[spread] p1a,p1b\n|-supereffective|p1a: Incineroar|1\n|-damage|p1a: Incineroar|73/100\n|-damage|p1b: Floette|84/100\n|cant|p2a: Ninetales|flinch\n|cant|p1b: Floette|flinch\n|\n|-weather|Snowscape|[upkeep]\n|upkeep\n|turn|2\n|\n|t:|1776115041\n|switch|p2b: Floette|Floette-Eternal, L50, F|100/100\n|switch|p1a: Rotom|Rotom-Wash, L50, shiny|100/100\n|move|p1b: Floette|Protect|p1b: Floette\n|-singleturn|p1b: Floette|Protect\n|move|p2a: Ninetales|Aurora Veil|p2a: Ninetales\n|-sidestart|p2: lakeandbake|move: Aurora Veil\n|\n|-weather|Snowscape|[upkeep]\n|upkeep\n|turn|3\n|\n|t:|1776115067\n|switch|p1b: Aegislash|Aegislash, L50, F, shiny|100/100\n|switch|p1a: Incineroar|Incineroar, L50, M, shiny|73/100\n|-ability|p1a: Incineroar|Intimidate|boost\n|-unboost|p2a: Ninetales|atk|1\n|-unboost|p2b: Floette|atk|1\n|detailschange|p2b: Floette|Floette-Mega, L50, F\n|-mega|p2b: Floette|Floette|Floettite\n|-ability|p2b: Floette|Fairy Aura\n|move|p2a: Ninetales|Freeze-Dry|p1a: Incineroar\n|-resisted|p1a: Incineroar|1\n|-crit|p1a: Incineroar\n|-damage|p1a: Incineroar|62/100\n|move|p2b: Floette|Calm Mind|p2b: Floette\n|-boost|p2b: Floette|spa|1\n|-boost|p2b: Floette|spd|1\n|\n|-weather|Snowscape|[upkeep]\n|upkeep\n|turn|4\n|\n|t:|1776115108\n|switch|p2a: Garchomp|Garchomp, L50, M|100/100\n|move|p2b: Floette|Calm Mind|p2b: Floette\n|-boost|p2b: Floette|spa|1\n|-boost|p2b: Floette|spd|1\n|move|p1a: Incineroar|Flare Blitz|p2b: Floette\n|-damage|p2b: Floette|59/100\n|-status|p2b: Floette|brn\n|-damage|p1a: Incineroar|49/100|[from] Recoil\n|-formechange|p1b: Aegislash|Aegislash-Blade|\n|move|p1b: Aegislash|Flash Cannon|p2a: Garchomp\n|-damage|p2a: Garchomp|65/100\n|\n|-weather|Snowscape|[upkeep]\n|-damage|p2b: Floette|54/100 brn|[from] brn\n|upkeep\n|turn|5\n|\n|t:|1776115158\n|switch|p1a: Rotom|Rotom-Wash, L50, shiny|100/100\n|-formechange|p1b: Aegislash|Aegislash|\n|move|p1b: Aegislash|King's Shield|p1b: Aegislash\n|-singleturn|p1b: Aegislash|Protect\n|move|p2a: Garchomp|Rock Slide|p1b: Aegislash|[spread] p1a\n|-activate|p1b: Aegislash|move: Protect\n|-damage|p1a: Rotom|81/100\n|move|p2b: Floette|Draining Kiss|p1a: Rotom\n|-damage|p1a: Rotom|0 fnt\n|-heal|p2b: Floette|100/100 brn|[from] drain|[of] p1a: Rotom\n|faint|p1a: Rotom\n|\n|-weather|none\n|-damage|p2b: Floette|95/100 brn|[from] brn\n|upkeep\n|\n|t:|1776115177\n|switch|p1a: Incineroar|Incineroar, L50, M, shiny|49/100\n|-ability|p1a: Incineroar|Intimidate|boost\n|-unboost|p2a: Garchomp|atk|1\n|-unboost|p2b: Floette|atk|1\n|turn|6\n|\n|t:|1776115184\n|switch|p2a: Ninetales|Ninetales-Alola, L50, F|92/100\n|-weather|Snowscape|[from] ability: Snow Warning|[of] p2a: Ninetales\n|move|p2b: Floette|Protect|p2b: Floette\n|-singleturn|p2b: Floette|Protect\n|move|p1a: Incineroar|Fake Out|p2a: Ninetales\n|-damage|p2a: Ninetales|86/100\n|-formechange|p1b: Aegislash|Aegislash-Blade|\n|move|p1b: Aegislash|Flash Cannon|p2b: Floette\n|-activate|p2b: Floette|move: Protect\n|\n|-weather|Snowscape|[upkeep]\n|-damage|p2b: Floette|89/100 brn|[from] brn\n|-sideend|p2: lakeandbake|move: Aurora Veil\n|upkeep\n|turn|7\n|\n|t:|1776115201\n|move|p2a: Ninetales|Aurora Veil|p2a: Ninetales\n|-sidestart|p2: lakeandbake|move: Aurora Veil\n|move|p2b: Floette|Dazzling Gleam|p1a: Incineroar|[spread] p1a,p1b\n|-resisted|p1b: Aegislash|1\n|-damage|p1a: Incineroar|0 fnt\n|-damage|p1b: Aegislash|12/100\n|faint|p1a: Incineroar\n|move|p1b: Aegislash|Flash Cannon|p2a: Ninetales\n|-supereffective|p2a: Ninetales|2\n|-damage|p2a: Ninetales|0 fnt\n|faint|p2a: Ninetales\n|\n|-weather|Snowscape|[upkeep]\n|-damage|p2b: Floette|83/100 brn|[from] brn\n|upkeep\n|\n|t:|1776115213\n|switch|p2a: Garchomp|Garchomp, L50, M|65/100\n|switch|p1a: Floette|Floette-Mega, L50, F|84/100\n|-ability|p1a: Floette|Fairy Aura\n|turn|8\n|-message|Qwazay forfeited.\n|\n|win|lakeandbake\n|raw|Qwazay's rating: 1206 &rarr; <strong>1177</strong><br />(-29 for losing)\n|raw|lakeandbake's rating: 1155 &rarr; <strong>1184</strong><br />(+29 for winning)\n",
  "uploadtime": 1776115214,
  "views": 15,
  "formatid": "gen9championsvgc2026regma",
  "rating": 1177,
  "private": 0,
  "password": null
}