{
  "id": "gen9championsvgc2026regma-2582358568",
  "format": "[Gen 9 Champions] VGC 2026 Reg M-A",
  "players": [
    "cabrino",
    "MikuFan69"
  ],
  "log": "|j|\u2606cabrino\n|j|\u2606MikuFan69\n|t:|1776086190\n|gametype|doubles\n|player|p1|cabrino|depotagent|1425\n|player|p2|MikuFan69|miku-ground|1443\n|gen|9\n|tier|[Gen 9 Champions] VGC 2026 Reg M-A\n|rated|\n|rule|Species Clause: Limit one of each Pok\u00e9mon\n|rule|Item Clause: Limit 1 of each item\n|clearpoke\n|poke|p1|Sneasler, L50, M|\n|poke|p1|Charizard, L50, M|\n|poke|p1|Aerodactyl, L50, F|\n|poke|p1|Farigiraf, L50, M|\n|poke|p1|Garchomp, L50, M|\n|poke|p1|Kingambit, L50, M|\n|poke|p2|Kingambit, L50, F|\n|poke|p2|Kangaskhan, L50, F|\n|poke|p2|Basculegion, L50, M|\n|poke|p2|Garchomp, L50, M|\n|poke|p2|Talonflame, L50, F|\n|poke|p2|Sinistcha, L50|\n|teampreview|4\n|inactive|Battle timer is ON: inactive players will automatically lose when time's up. (requested by MikuFan69)\n|inactive|cabrino has 60 seconds left.\n|\n|t:|1776086229\n|teamsize|p1|4\n|teamsize|p2|4\n|start\n|switch|p1a: Garchalipe|Garchomp, L50, M|100/100\n|switch|p1b: AeroNarfi|Aerodactyl, L50, F, shiny|100/100\n|switch|p2a: Kangaskhan|Kangaskhan, L50, F|100/100\n|switch|p2b: Basculegion|Basculegion, L50, M|100/100\n|-ability|p1b: AeroNarfi|Unnerve\n|turn|1\n|\n|t:|1776086249\n|move|p1b: AeroNarfi|Protect|p1b: AeroNarfi\n|-singleturn|p1b: AeroNarfi|Protect\n|move|p1a: Garchalipe|Protect|p1a: Garchalipe\n|-singleturn|p1a: Garchalipe|Protect\n|move|p2a: Kangaskhan|Fake Out|p1b: AeroNarfi\n|-activate|p1b: AeroNarfi|move: Protect\n|move|p2b: Basculegion|Flip Turn|p1a: Garchalipe\n|-activate|p1a: Garchalipe|move: Protect\n|\n|upkeep\n|turn|2\n|\n|t:|1776086269\n|detailschange|p2a: Kangaskhan|Kangaskhan-Mega, L50, F\n|-mega|p2a: Kangaskhan|Kangaskhan|Kangaskhanite\n|move|p1b: AeroNarfi|Tailwind|p1b: AeroNarfi\n|-sidestart|p1: cabrino|move: Tailwind\n|move|p1a: Garchalipe|Earthquake|p2a: Kangaskhan|[spread] p2a,p2b\n|-immune|p1b: AeroNarfi\n|-damage|p2a: Kangaskhan|62/100\n|-damage|p2b: Basculegion|46/100\n|move|p2b: Basculegion|Flip Turn|p1b: AeroNarfi\n|-supereffective|p1b: AeroNarfi|1\n|-enditem|p1b: AeroNarfi|Focus Sash\n|-damage|p1b: AeroNarfi|1/100\n|\n|t:|1776086280\n|switch|p2b: Talonflame|Talonflame, L50, F|100/100|[from] Flip Turn\n|move|p2a: Kangaskhan|Drain Punch|p1b: AeroNarfi\n|-damage|p1b: AeroNarfi|0 fnt\n|-heal|p2a: Kangaskhan|62/100|[from] drain|[of] p1b: AeroNarfi\n|faint|p1b: AeroNarfi\n|-hitcount|p1: AeroNarfi|1\n|\n|upkeep\n|\n|t:|1776086290\n|switch|p1b: Cabrizard|Charizard, L50, M, shiny|100/100\n|turn|3\n|\n|t:|1776086298\n|detailschange|p1b: Cabrizard|Charizard-Mega-Y, L50, M, shiny\n|-mega|p1b: Cabrizard|Charizard|Charizardite Y\n|-weather|SunnyDay|[from] ability: Drought|[of] p1b: Cabrizard\n|move|p2b: Talonflame|Tailwind|p2b: Talonflame\n|-sidestart|p2: MikuFan69|move: Tailwind\n|move|p1a: Garchalipe|Rock Slide|p2b: Talonflame|[spread] p2a,p2b\n|-supereffective|p2b: Talonflame|2\n|-damage|p2a: Kangaskhan|44/100\n|-damage|p2b: Talonflame|7/100\n|move|p2a: Kangaskhan|Body Slam|p1b: Cabrizard\n|-damage|p1b: Cabrizard|53/100\n|-status|p1b: Cabrizard|par\n|-crit|p1b: Cabrizard\n|-damage|p1b: Cabrizard|35/100 par\n|-hitcount|p1b: Cabrizard|2\n|move|p1b: Cabrizard|Weather Ball|p2a: Kangaskhan\n|-damage|p2a: Kangaskhan|0 fnt\n|faint|p2a: Kangaskhan\n|\n|-weather|SunnyDay|[upkeep]\n|upkeep\n|\n|t:|1776086316\n|switch|p2a: Basculegion|Basculegion, L50, M|46/100\n|turn|4\n|\n|t:|1776086327\n|move|p2a: Basculegion|Flip Turn|p1b: Cabrizard\n|-supereffective|p1b: Cabrizard|1\n|-damage|p1b: Cabrizard|0 fnt\n|faint|p1b: Cabrizard\n|\n|t:|1776086331\n|switch|p2a: Garchomp|Garchomp, L50, M|100/100|[from] Flip Turn\n|move|p2b: Talonflame|Will-O-Wisp|p1a: Garchalipe\n|-status|p1a: Garchalipe|brn\n|move|p1a: Garchalipe|Earthquake|p2b: Talonflame|[spread] p2a\n|-immune|p2b: Talonflame\n|-damage|p2a: Garchomp|80/100\n|\n|-weather|SunnyDay|[upkeep]\n|-damage|p1a: Garchalipe|94/100 brn|[from] brn\n|upkeep\n|\n|t:|1776086335\n|switch|p1b: Kishibe|Kingambit, L50, M, shiny|100/100\n|turn|5\n|\n|t:|1776086350\n|move|p1b: Kishibe|Protect|p1b: Kishibe\n|-singleturn|p1b: Kishibe|Protect\n|move|p2b: Talonflame|Overheat|p1b: Kishibe\n|-activate|p1b: Kishibe|move: Protect\n|move|p2a: Garchomp|Earthquake|p1b: Kishibe|[spread] p1a\n|-activate|p1b: Kishibe|move: Protect\n|-immune|p2b: Talonflame\n|-damage|p1a: Garchalipe|52/100 brn\n|move|p1a: Garchalipe|Rock Slide|p2a: Garchomp|[spread] p2a,p2b\n|-resisted|p2a: Garchomp|1\n|-supereffective|p2b: Talonflame|2\n|-damage|p2a: Garchomp|75/100\n|-damage|p2b: Talonflame|0 fnt\n|faint|p2b: Talonflame\n|\n|-weather|SunnyDay|[upkeep]\n|-damage|p1a: Garchalipe|46/100 brn|[from] brn\n|-sideend|p1: cabrino|move: Tailwind\n|upkeep\n|\n|t:|1776086353\n|switch|p2b: Basculegion|Basculegion, L50, M|46/100\n|turn|6\n|\n|t:|1776086364\n|move|p1b: Kishibe|Sucker Punch|p2b: Basculegion\n|-supereffective|p2b: Basculegion|1\n|-damage|p2b: Basculegion|0 fnt\n|faint|p2b: Basculegion\n|move|p2a: Garchomp|Earthquake|p1a: Garchalipe|[spread] p1a,p1b\n|-supereffective|p1b: Kishibe|1\n|-damage|p1a: Garchalipe|6/100 brn\n|-damage|p1b: Kishibe|33/100\n|move|p1a: Garchalipe|Dragon Claw|p2a: Garchomp\n|-supereffective|p2a: Garchomp|1\n|-damage|p2a: Garchomp|32/100\n|-damage|p1a: Garchalipe|0 fnt|[from] ability: Rough Skin|[of] p2a: Garchomp\n|faint|p1a: Garchalipe\n|\n|-weather|SunnyDay|[upkeep]\n|-sideend|p2: MikuFan69|move: Tailwind\n|upkeep\n|turn|7\n|\n|t:|1776086373\n|move|p1b: Kishibe|Sucker Punch|p2a: Garchomp\n|-damage|p2a: Garchomp|0 fnt\n|-damage|p1b: Kishibe|20/100|[from] ability: Rough Skin|[of] p2a: Garchomp\n|faint|p2a: Garchomp\n|\n|win|cabrino\n|raw|cabrino's rating: 1425 &rarr; <strong>1446</strong><br />(+21 for winning)\n|raw|MikuFan69's rating: 1443 &rarr; <strong>1422</strong><br />(-21 for losing)\n|l|\u2606MikuFan69\n|player|p2|\n",
  "uploadtime": 1776086387,
  "views": 57,
  "formatid": "gen9championsvgc2026regma",
  "rating": 1422,
  "private": 0,
  "password": null
}