{
  "id": "gen9championsvgc2026regma-2582642452",
  "format": "[Gen 9 Champions] VGC 2026 Reg M-A",
  "players": [
    "really_tireeed",
    "NotTheRealAdo"
  ],
  "log": "|j|\u2606really_tireeed\n|j|\u2606NotTheRealAdo\n|t:|1776104470\n|gametype|doubles\n|player|p1|really_tireeed|pilot|1077\n|player|p2|NotTheRealAdo|karen|1000\n|gen|9\n|tier|[Gen 9 Champions] VGC 2026 Reg M-A\n|rated|\n|rule|Species Clause: Limit one of each Pok\u00e9mon\n|rule|Item Clause: Limit 1 of each item\n|clearpoke\n|poke|p1|Golurk, L50|\n|poke|p1|Sneasler, L50, M|\n|poke|p1|Farigiraf, L50, M|\n|poke|p1|Pelipper, L50, F|\n|poke|p1|Basculegion, L50, M|\n|poke|p1|Sinistcha, L50|\n|poke|p2|Floette-Eternal, L50, F|\n|poke|p2|Incineroar, L50, F|\n|poke|p2|Garchomp, L50, M|\n|poke|p2|Sneasler, L50, M|\n|poke|p2|Rotom-Wash, L50|\n|poke|p2|Aerodactyl, L50, F|\n|teampreview|4\n|inactive|Battle timer is ON: inactive players will automatically lose when time's up. (requested by really_tireeed)\n|inactive|really_tireeed has 60 seconds left.\n|inactive|NotTheRealAdo has 60 seconds left.\n|inactive|NotTheRealAdo has 30 seconds left.\n|\n|t:|1776104543\n|teamsize|p1|4\n|teamsize|p2|4\n|start\n|switch|p1a: Pelipper|Pelipper, L50, F|100/100\n|switch|p1b: Farigiraf|Farigiraf, L50, M|100/100\n|switch|p2a: Mary Poppins|Floette-Eternal, L50, F|100/100\n|switch|p2b: Rotom|Rotom-Wash, L50|100/100\n|-weather|RainDance|[from] ability: Drizzle|[of] p1a: Pelipper\n|turn|1\n|inactive|really_tireeed has 30 seconds left.\n|inactive|really_tireeed has 20 seconds left.\n|inactive|really_tireeed has 15 seconds left.\n|inactive|really_tireeed has 10 seconds left.\n|\n|t:|1776104588\n|switch|p1a: Golurk|Golurk, L50, shiny|100/100\n|detailschange|p2a: Mary Poppins|Floette-Mega, L50, F\n|-mega|p2a: Mary Poppins|Floette|Floettite\n|-ability|p2a: Mary Poppins|Fairy Aura\n|move|p2b: Rotom|Volt Switch|p1a: Golurk\n|-immune|p1a: Golurk\n|move|p2a: Mary Poppins|Calm Mind|p2a: Mary Poppins\n|-boost|p2a: Mary Poppins|spa|1\n|-boost|p2a: Mary Poppins|spd|1\n|move|p1b: Farigiraf|Trick Room|p1b: Farigiraf\n|-fieldstart|move: Trick Room|[of] p1b: Farigiraf\n|\n|-weather|RainDance|[upkeep]\n|upkeep\n|turn|2\n|inactive|really_tireeed has 30 seconds left.\n|inactive|NotTheRealAdo has 30 seconds left.\n|inactive|really_tireeed has 20 seconds left.\n|inactive|NotTheRealAdo has 20 seconds left.\n|inactive|really_tireeed has 15 seconds left.\n|inactive|NotTheRealAdo has 15 seconds left.\n|inactive|really_tireeed has 10 seconds left.\n|inactive|NotTheRealAdo has 10 seconds left.\n|\n|t:|1776104638\n|switch|p2b: Incineroar|Incineroar, L50, F|100/100\n|-ability|p2b: Incineroar|Intimidate|boost\n|-unboost|p1a: Golurk|atk|1\n|-unboost|p1b: Farigiraf|atk|1\n|move|p1a: Golurk|Protect|p1a: Golurk\n|-singleturn|p1a: Golurk|Protect\n|move|p2a: Mary Poppins|Protect|p2a: Mary Poppins\n|-singleturn|p2a: Mary Poppins|Protect\n|move|p1b: Farigiraf|Psychic Terrain|p1b: Farigiraf\n|-fieldstart|move: Psychic Terrain\n|\n|-weather|RainDance|[upkeep]\n|upkeep\n|turn|3\n|inactive|really_tireeed has 30 seconds left.\n|inactive|NotTheRealAdo has 30 seconds left.\n|inactive|NotTheRealAdo has 20 seconds left.\n|inactive|NotTheRealAdo has 15 seconds left.\n|\n|t:|1776104679\n|detailschange|p1a: Golurk|Golurk-Mega, L50, shiny\n|-mega|p1a: Golurk|Golurk|Golurkite\n|move|p1a: Golurk|Headlong Rush|p2a: Mary Poppins\n|-damage|p2a: Mary Poppins|44/100\n|-unboost|p1a: Golurk|def|1\n|-unboost|p1a: Golurk|spd|1\n|move|p1b: Farigiraf|Expanding Force|p2a: Mary Poppins|[spread] p2a\n|-immune|p2b: Incineroar\n|-damage|p2a: Mary Poppins|25/100\n|move|p2b: Incineroar|Throat Chop|p1b: Farigiraf\n|-supereffective|p1b: Farigiraf|1\n|-damage|p1b: Farigiraf|56/100\n|-start|p1b: Farigiraf|Throat Chop|[silent]\n|move|p2a: Mary Poppins|Moonblast|p1a: Golurk\n|-damage|p1a: Golurk|0 fnt\n|faint|p1a: Golurk\n|\n|-weather|RainDance|[upkeep]\n|upkeep\n|\n|t:|1776104696\n|switch|p1a: Pelipper|Pelipper, L50, F|100/100\n|turn|4\n|inactive|really_tireeed has 30 seconds left.\n|inactive|really_tireeed has 20 seconds left.\n|inactive|NotTheRealAdo has 30 seconds left.\n|inactive|really_tireeed has 15 seconds left.\n|inactive|really_tireeed has 10 seconds left.\n|inactive|NotTheRealAdo has 20 seconds left.\n|inactive|NotTheRealAdo has 15 seconds left.\n|\n|t:|1776104747\n|switch|p1b: Basculegion|Basculegion, L50, M|100/100\n|move|p2a: Mary Poppins|Protect|p2a: Mary Poppins\n|-singleturn|p2a: Mary Poppins|Protect\n|move|p1a: Pelipper|Weather Ball|p2a: Mary Poppins\n|-activate|p2a: Mary Poppins|move: Protect\n|move|p2b: Incineroar|Parting Shot|p1b: Basculegion\n|-unboost|p1b: Basculegion|atk|1\n|-unboost|p1b: Basculegion|spa|1\n|\n|t:|1776104757\n|switch|p2b: Rotom|Rotom-Wash, L50|100/100|[from] Parting Shot\n|\n|-weather|RainDance|[upkeep]\n|upkeep\n|turn|5\n|inactive|really_tireeed has 30 seconds left.\n|inactive|really_tireeed has 20 seconds left.\n|inactive|really_tireeed has 15 seconds left.\n|inactive|really_tireeed has 10 seconds left.\n|inactive|really_tireeed has 5 seconds left.\n|\n|t:|1776104810\n|switch|p2a: Incineroar|Incineroar, L50, F|100/100\n|-ability|p2a: Incineroar|Intimidate|boost\n|-unboost|p1a: Pelipper|atk|1\n|-unboost|p1b: Basculegion|atk|1\n|switch|p1b: Farigiraf|Farigiraf, L50, M|56/100\n|move|p1a: Pelipper|Weather Ball|p2a: Incineroar\n|-supereffective|p2a: Incineroar|1\n|-damage|p2a: Incineroar|7/100\n|-enditem|p2a: Incineroar|Sitrus Berry|[eat]\n|-heal|p2a: Incineroar|32/100|[from] item: Sitrus Berry\n|move|p2b: Rotom|Electroweb|p1a: Pelipper|[spread] p1a,p1b\n|-supereffective|p1a: Pelipper|2\n|-damage|p1a: Pelipper|36/100\n|-damage|p1b: Farigiraf|41/100\n|-unboost|p1a: Pelipper|spe|1\n|-unboost|p1b: Farigiraf|spe|1\n|-enditem|p1a: Pelipper|Sitrus Berry|[eat]\n|-heal|p1a: Pelipper|60/100|[from] item: Sitrus Berry\n|\n|-weather|none\n|-fieldend|move: Trick Room\n|upkeep\n|turn|6\n|inactive|really_tireeed has 30 seconds left.\n|inactive|NotTheRealAdo has 30 seconds left.\n|inactive|really_tireeed has 20 seconds left.\n|inactive|really_tireeed has 15 seconds left.\n|inactive|really_tireeed has 10 seconds left.\n|inactive|really_tireeed has 5 seconds left.\n|\n|t:|1776104865\n|switch|p1b: Basculegion|Basculegion, L50, M|100/100\n|move|p2b: Rotom|Electroweb|p1a: Pelipper|[spread] p1a,p1b\n|-supereffective|p1a: Pelipper|2\n|-supereffective|p1b: Basculegion|1\n|-damage|p1a: Pelipper|0 fnt\n|-damage|p1b: Basculegion|66/100\n|-unboost|p1b: Basculegion|spe|1\n|faint|p1a: Pelipper\n|move|p2a: Incineroar|Throat Chop|p1b: Basculegion\n|-supereffective|p1b: Basculegion|1\n|-damage|p1b: Basculegion|0 fnt\n|faint|p1b: Basculegion\n|\n|-fieldend|move: Psychic Terrain\n|upkeep\n|-message|really_tireeed forfeited.\n|\n|win|NotTheRealAdo\n|raw|really_tireeed's rating: 1077 &rarr; <strong>1051</strong><br />(-26 for losing)\n|raw|NotTheRealAdo's rating: 1000 &rarr; <strong>1049</strong><br />(+49 for winning)\n|l|\u2606really_tireeed\n|player|p1|\n",
  "uploadtime": 1776104887,
  "views": 12,
  "formatid": "gen9championsvgc2026regma",
  "rating": 1049,
  "private": 0,
  "password": null
}