{
  "id": "gen9championsvgc2026regma-2589391542",
  "format": "[Gen 9 Champions] VGC 2026 Reg M-A",
  "players": [
    "ZaxbysSauce",
    "jakewater"
  ],
  "log": "|j|\u2606ZaxbysSauce\n|j|\u2606jakewater\n|t:|1776719216\n|gametype|doubles\n|player|p1|ZaxbysSauce|burgh|1149\n|player|p2|jakewater|blue|1134\n|gen|9\n|tier|[Gen 9 Champions] VGC 2026 Reg M-A\n|rated|\n|rule|Species Clause: Limit one of each Pok\u00e9mon\n|rule|Item Clause: Limit 1 of each item\n|clearpoke\n|poke|p1|Farigiraf, L50, F|\n|poke|p1|Sneasler, L50, M|\n|poke|p1|Incineroar, L50, M|\n|poke|p1|Venusaur, L50, F|\n|poke|p1|Torkoal, L50, F|\n|poke|p1|Golurk, L50|\n|poke|p2|Meganium, L50, M|\n|poke|p2|Aerodactyl, L50, F|\n|poke|p2|Politoed, L50, F|\n|poke|p2|Gardevoir, L50, F|\n|poke|p2|Ditto, L50|\n|poke|p2|Tyranitar, L50, M|\n|teampreview|4\n|inactive|Battle timer is ON: inactive players will automatically lose when time's up. (requested by ZaxbysSauce)\n|\n|t:|1776719246\n|teamsize|p1|4\n|teamsize|p2|4\n|start\n|switch|p1a: Farigiraf|Farigiraf, L50, F|100/100\n|switch|p1b: Sneasler|Sneasler, L50, M|100/100\n|switch|p2a: Aerodactyl|Aerodactyl, L50, F|100/100\n|switch|p2b: Ditto|Ditto, L50|100/100\n|-transform|p2b: Ditto|p1a: Farigiraf|[from] ability: Imposter\n|turn|1\n|inactive|jakewater has 30 seconds left.\n|inactive|jakewater has 20 seconds left.\n|inactive|jakewater has 15 seconds left.\n|inactive|jakewater has 10 seconds left.\n|\n|t:|1776719294\n|move|p2a: Aerodactyl|Tailwind|p2a: Aerodactyl\n|-sidestart|p2: jakewater|move: Tailwind\n|move|p2b: Ditto|Hyper Voice|p1a: Farigiraf|[spread] p1a,p1b\n|-damage|p1a: Farigiraf|75/100\n|-damage|p1b: Sneasler|64/100\n|move|p1b: Sneasler|Dire Claw|p2a: Aerodactyl\n|-resisted|p2a: Aerodactyl|1\n|-damage|p2a: Aerodactyl|64/100\n|move|p1a: Farigiraf|Hyper Voice|p2a: Aerodactyl|[spread] p2a,p2b\n|-resisted|p2a: Aerodactyl|1\n|-damage|p2a: Aerodactyl|44/100\n|-damage|p2b: Ditto|64/100\n|\n|upkeep\n|turn|2\n|inactive|ZaxbysSauce has 30 seconds left.\n|inactive|jakewater has 30 seconds left.\n|inactive|jakewater has 20 seconds left.\n|\n|t:|1776719333\n|move|p2a: Aerodactyl|Psychic Fangs|p1b: Sneasler\n|-supereffective|p1b: Sneasler|2\n|-damage|p1b: Sneasler|0 fnt\n|faint|p1b: Sneasler\n|move|p2b: Ditto|Hyper Voice|p1a: Farigiraf\n|-damage|p1a: Farigiraf|37/100\n|-enditem|p1a: Farigiraf|Sitrus Berry|[eat]\n|-heal|p1a: Farigiraf|61/100|[from] item: Sitrus Berry\n|move|p1a: Farigiraf|Trick Room|p1a: Farigiraf\n|-fieldstart|move: Trick Room|[of] p1a: Farigiraf\n|\n|upkeep\n|\n|t:|1776719345\n|switch|p1b: Golurk|Golurk, L50|100/100\n|turn|3\n|\n|t:|1776719360\n|switch|p2b: Politoed|Politoed, L50, F|100/100\n|-weather|RainDance|[from] ability: Drizzle|[of] p2b: Politoed\n|detailschange|p1b: Golurk|Golurk-Mega, L50\n|-mega|p1b: Golurk|Golurk|Golurkite\n|move|p1b: Golurk|Headlong Rush|p2b: Politoed\n|-damage|p2b: Politoed|1/100\n|-unboost|p1b: Golurk|def|1\n|-unboost|p1b: Golurk|spd|1\n|move|p1a: Farigiraf|Psychic|p2a: Aerodactyl\n|-damage|p2a: Aerodactyl|0 fnt\n|faint|p2a: Aerodactyl\n|\n|-weather|RainDance|[upkeep]\n|-heal|p2b: Politoed|7/100|[from] item: Leftovers\n|upkeep\n|\n|t:|1776719374\n|switch|p2a: Ditto|Ditto, L50|64/100\n|-transform|p2a: Ditto|p1b: Golurk|[from] ability: Imposter\n|turn|4\n|\n|t:|1776719389\n|switch|p1b: Venusaur|Venusaur, L50, F|100/100\n|move|p1a: Farigiraf|Psychic|p2b: Politoed\n|-damage|p2b: Politoed|0 fnt\n|faint|p2b: Politoed\n|move|p2a: Ditto|Poltergeist|p1b: Venusaur\n|-activate|p1b: Venusaur|move: Poltergeist|Focus Sash\n|-damage|p1b: Venusaur|6/100\n|\n|-weather|RainDance|[upkeep]\n|-sideend|p2: jakewater|move: Tailwind\n|upkeep\n|\n|t:|1776719399\n|switch|p2b: Meganium|Meganium, L50, M|100/100\n|turn|5\n|\n|t:|1776719409\n|detailschange|p2b: Meganium|Meganium-Mega, L50, M\n|-mega|p2b: Meganium|Meganium|Meganiumite\n|move|p1a: Farigiraf|Psychic|p2b: Meganium\n|-damage|p2b: Meganium|71/100\n|move|p2a: Ditto|Poltergeist|p1b: Venusaur\n|-activate|p1b: Venusaur|move: Poltergeist|Focus Sash\n|-damage|p1b: Venusaur|0 fnt\n|faint|p1b: Venusaur\n|move|p2b: Meganium|Dazzling Gleam|p1a: Farigiraf\n|-damage|p1a: Farigiraf|13/100\n|\n|-weather|RainDance|[upkeep]\n|upkeep\n|\n|t:|1776719422\n|switch|p1b: Golurk|Golurk-Mega, L50|100/100\n|turn|6\n|\n|t:|1776719436\n|move|p1b: Golurk|Poltergeist|p2b: Meganium\n|-activate|p2b: Meganium|move: Poltergeist|Meganiumite\n|-damage|p2b: Meganium|13/100\n|move|p1a: Farigiraf|Psychic|p2b: Meganium\n|-damage|p2b: Meganium|0 fnt\n|faint|p2b: Meganium\n|move|p2a: Ditto|Poltergeist|p1b: Golurk\n|-activate|p1b: Golurk|move: Poltergeist|Golurkite\n|-supereffective|p1b: Golurk|1\n|-damage|p1b: Golurk|0 fnt\n|faint|p1b: Golurk\n|\n|-weather|RainDance|[upkeep]\n|-fieldend|move: Trick Room\n|upkeep\n|turn|7\n|\n|t:|1776719453\n|move|p2a: Ditto|Poltergeist||[still]\n|-fail|p2a: Ditto\n|move|p1a: Farigiraf|Psychic|p2a: Ditto\n|-damage|p2a: Ditto|13/100\n|\n|-weather|none\n|upkeep\n|turn|8\n|\n|t:|1776719461\n|move|p2a: Ditto|Poltergeist||[still]\n|-fail|p2a: Ditto\n|move|p1a: Farigiraf|Psychic|p2a: Ditto\n|-damage|p2a: Ditto|0 fnt\n|faint|p2a: Ditto\n|\n|win|ZaxbysSauce\n|raw|ZaxbysSauce's rating: 1149 &rarr; <strong>1173</strong><br />(+24 for winning)\n|raw|jakewater's rating: 1134 &rarr; <strong>1110</strong><br />(-24 for losing)\n|l|\u2606jakewater\n|player|p2|\n",
  "uploadtime": 1776719474,
  "views": 9,
  "formatid": "gen9championsvgc2026regma",
  "rating": 1110,
  "private": 0,
  "password": null
}