{
  "id": "gen9championsvgc2026regma-2583885167",
  "format": "[Gen 9 Champions] VGC 2026 Reg M-A",
  "players": [
    "Nupt",
    "angemorgs"
  ],
  "log": "|j|\u2606Nupt\n|j|\u2606angemorgs\n|t:|1776205403\n|gametype|doubles\n|player|p1|Nupt|101|1090\n|player|p2|angemorgs|backersf|1013\n|gen|9\n|tier|[Gen 9 Champions] VGC 2026 Reg M-A\n|rated|\n|rule|Species Clause: Limit one of each Pok\u00e9mon\n|rule|Item Clause: Limit 1 of each item\n|clearpoke\n|poke|p1|Azumarill, L50, M|\n|poke|p1|Sinistcha, L50|\n|poke|p1|Pelipper, L50, M|\n|poke|p1|Sneasler, L50, F|\n|poke|p1|Dragonite, L50, M|\n|poke|p1|Raichu, L50, F|\n|poke|p2|Floette-Eternal, L50, F|\n|poke|p2|Garchomp, L50, F|\n|poke|p2|Sneasler, L50, M|\n|poke|p2|Rotom-Wash, L50|\n|poke|p2|Aerodactyl, L50, M|\n|poke|p2|Incineroar, L50, F|\n|teampreview|4\n|inactive|Battle timer is ON: inactive players will automatically lose when time's up. (requested by angemorgs)\n|inactive|Nupt has 60 seconds left.\n|\n|t:|1776205468\n|teamsize|p1|4\n|teamsize|p2|4\n|start\n|switch|p1a: Azumarill|Azumarill, L50, M|100/100\n|switch|p1b: Sneasler|Sneasler, L50, F|100/100\n|switch|p2a: Aerodactyl|Aerodactyl, L50, M|100/100\n|switch|p2b: Rotom|Rotom-Wash, L50|100/100\n|-ability|p2a: Aerodactyl|Unnerve\n|turn|1\n|inactive|Nupt has 30 seconds left.\n|inactive|angemorgs has 30 seconds left.\n|inactive|Nupt has 20 seconds left.\n|\n|t:|1776205506\n|switch|p1b: Raichu|Raichu, L50, F|100/100\n|move|p1a: Azumarill|Protect|p1a: Azumarill\n|-singleturn|p1a: Azumarill|Protect\n|move|p2b: Rotom|Volt Switch|p1b: Raichu\n|-activate|p1b: Raichu|ability: Lightning Rod\n|-ability|p1b: Raichu|Lightning Rod|boost\n|-boost|p1b: Raichu|spa|1\n|move|p2a: Aerodactyl|Tailwind|p2a: Aerodactyl\n|-sidestart|p2: angemorgs|move: Tailwind\n|\n|upkeep\n|turn|2\n|\n|t:|1776205526\n|switch|p2b: Floette|Floette-Eternal, L50, F|100/100\n|move|p2a: Aerodactyl|Protect|p2a: Aerodactyl\n|-singleturn|p2a: Aerodactyl|Protect\n|move|p1b: Raichu|Fake Out|p2a: Aerodactyl\n|-activate|p2a: Aerodactyl|move: Protect\n|move|p1a: Azumarill|Belly Drum|p1a: Azumarill\n|-damage|p1a: Azumarill|50/100\n|-setboost|p1a: Azumarill|atk|6|[from] move: Belly Drum\n|\n|upkeep\n|turn|3\n|inactive|Nupt has 30 seconds left.\n|inactive|angemorgs has 30 seconds left.\n|\n|t:|1776205553\n|switch|p1b: Sneasler|Sneasler, L50, F|100/100\n|move|p2b: Floette|Protect|p2b: Floette\n|-singleturn|p2b: Floette|Protect\n|move|p1a: Azumarill|Protect|p1a: Azumarill\n|-singleturn|p1a: Azumarill|Protect\n|move|p2a: Aerodactyl|Dual Wingbeat|p1a: Azumarill\n|-activate|p1a: Azumarill|move: Protect\n|\n|upkeep\n|turn|4\n|\n|t:|1776205573\n|switch|p2b: Rotom|Rotom-Wash, L50|100/100\n|move|p1b: Sneasler|Fake Out|p2a: Aerodactyl\n|-resisted|p2a: Aerodactyl|1\n|-damage|p2a: Aerodactyl|90/100\n|move|p1a: Azumarill|Aqua Jet|p2b: Rotom\n|-resisted|p2b: Rotom|1\n|-damage|p2b: Rotom|46/100\n|cant|p2a: Aerodactyl|flinch\n|\n|-sideend|p2: angemorgs|move: Tailwind\n|upkeep\n|turn|5\n|inactive|Nupt has 30 seconds left.\n|\n|t:|1776205603\n|switch|p1b: Raichu|Raichu, L50, F|100/100\n|move|p1a: Azumarill|Protect|p1a: Azumarill\n|-singleturn|p1a: Azumarill|Protect\n|move|p2b: Rotom|Will-O-Wisp|p1b: Raichu\n|-status|p1b: Raichu|brn\n|move|p2a: Aerodactyl|Dual Wingbeat|p1a: Azumarill\n|-activate|p1a: Azumarill|move: Protect\n|\n|-damage|p1b: Raichu|95/100 brn|[from] brn\n|upkeep\n|turn|6\n|\n|t:|1776205627\n|switch|p2b: Sneasler|Sneasler, L50, M|100/100\n|move|p1b: Raichu|Fake Out|p2a: Aerodactyl\n|-resisted|p2a: Aerodactyl|1\n|-damage|p2a: Aerodactyl|86/100\n|move|p1a: Azumarill|Aqua Jet|p2b: Sneasler\n|-damage|p2b: Sneasler|0 fnt\n|faint|p2b: Sneasler\n|cant|p2a: Aerodactyl|flinch\n|\n|-damage|p1b: Raichu|89/100 brn|[from] brn\n|upkeep\n|\n|t:|1776205639\n|switch|p2b: Rotom|Rotom-Wash, L50|46/100\n|turn|7\n|inactive|Nupt has 30 seconds left.\n|inactive|Nupt has 20 seconds left.\n|inactive|Nupt has 15 seconds left.\n|inactive|Nupt has 10 seconds left.\n|\n|t:|1776205684\n|move|p1b: Raichu|Protect|p1b: Raichu\n|-singleturn|p1b: Raichu|Protect\n|move|p1a: Azumarill|Aqua Jet|p2a: Aerodactyl\n|-supereffective|p2a: Aerodactyl|1\n|-damage|p2a: Aerodactyl|0 fnt\n|-enditem|p1a: Azumarill|Sitrus Berry|[eat]\n|-heal|p1a: Azumarill|75/100|[from] item: Sitrus Berry\n|faint|p2a: Aerodactyl\n|move|p2b: Rotom|Hydro Pump|p1a: Azumarill\n|-resisted|p1a: Azumarill|1\n|-damage|p1a: Azumarill|53/100\n|\n|-damage|p1b: Raichu|83/100 brn|[from] brn\n|upkeep\n|\n|t:|1776205695\n|switch|p2a: Floette|Floette-Eternal, L50, F|100/100\n|turn|8\n|-message|angemorgs forfeited.\n|\n|win|Nupt\n",
  "uploadtime": 1776205405,
  "views": 17,
  "formatid": "gen9championsvgc2026regma",
  "rating": null,
  "private": 0,
  "password": null
}