{
  "id": "gen9championsvgc2026regma-2588398207",
  "format": "[Gen 9 Champions] VGC 2026 Reg M-A",
  "players": [
    "Loganv3",
    "flurrage"
  ],
  "log": "|j|\u2606Loganv3\n|j|\u2606flurrage\n|t:|1776630159\n|gametype|doubles\n|player|p1|Loganv3|lass-gen4|1376\n|player|p2|flurrage|caitlin|1463\n|gen|9\n|tier|[Gen 9 Champions] VGC 2026 Reg M-A\n|rated|\n|rule|Species Clause: Limit one of each Pok\u00e9mon\n|rule|Item Clause: Limit 1 of each item\n|clearpoke\n|poke|p1|Sneasler, L50, M|\n|poke|p1|Tyranitar, L50, F|\n|poke|p1|Garchomp, L50, M|\n|poke|p1|Skarmory, L50, F|\n|poke|p1|Rotom-Heat, L50|\n|poke|p1|Mimikyu, L50, F|\n|poke|p2|Tyranitar, L50, M|\n|poke|p2|Rotom-Wash, L50|\n|poke|p2|Venusaur, L50, F|\n|poke|p2|Garchomp, L50, F|\n|poke|p2|Corviknight, L50, M|\n|poke|p2|Farigiraf, L50, M|\n|teampreview|4\n|inactive|Battle timer is ON: inactive players will automatically lose when time's up. (requested by Loganv3)\n|inactive|flurrage has 60 seconds left.\n|\n|t:|1776630249\n|teamsize|p1|4\n|teamsize|p2|4\n|start\n|switch|p1a: Sneasler|Sneasler, L50, M|100/100\n|switch|p1b: Rotom|Rotom-Heat, L50|100/100\n|switch|p2a: Rotom|Rotom-Wash, L50|100/100\n|switch|p2b: Garchomp|Garchomp, L50, F|100/100\n|turn|1\n|\n|t:|1776630272\n|move|p1a: Sneasler|Fake Out|p2b: Garchomp\n|-damage|p2b: Garchomp|85/100\n|-damage|p1a: Sneasler|88/100|[from] ability: Rough Skin|[of] p2b: Garchomp\n|move|p1b: Rotom|Volt Switch|p2a: Rotom\n|-damage|p2a: Rotom|76/100\n|\n|t:|1776630281\n|switch|p1b: Mimikyu|Mimikyu, L50, F|100/100|[from] Volt Switch\n|cant|p2b: Garchomp|flinch\n|move|p2a: Rotom|Hydro Pump|p1b: Mimikyu\n|-activate|p1b: Mimikyu|ability: Disguise\n|-damage|p1b: Mimikyu|100/100\n|detailschange|p1b: Mimikyu|Mimikyu-Busted, L50, F\n|-damage|p1b: Mimikyu|88/100|[from] pokemon: Mimikyu-Busted\n|\n|upkeep\n|turn|2\n|\n|t:|1776630295\n|move|p1a: Sneasler|Close Combat|p2a: Rotom\n|-damage|p2a: Rotom|6/100\n|-unboost|p1a: Sneasler|def|1\n|-unboost|p1a: Sneasler|spd|1\n|-enditem|p1a: Sneasler|White Herb\n|-clearnegativeboost|p1a: Sneasler|[silent]\n|move|p2b: Garchomp|Earthquake|p1b: Mimikyu|[spread] p1a,p1b\n|-immune|p2a: Rotom|[from] ability: Levitate\n|-supereffective|p1a: Sneasler|1\n|-damage|p1a: Sneasler|0 fnt\n|-damage|p1b: Mimikyu|33/100\n|-enditem|p1b: Mimikyu|Sitrus Berry|[eat]\n|-heal|p1b: Mimikyu|57/100|[from] item: Sitrus Berry\n|faint|p1a: Sneasler\n|move|p1b: Mimikyu|Play Rough|p2b: Garchomp\n|-supereffective|p2b: Garchomp|1\n|-damage|p2b: Garchomp|7/100\n|-unboost|p2b: Garchomp|atk|1\n|-damage|p1b: Mimikyu|45/100|[from] ability: Rough Skin|[of] p2b: Garchomp\n|-enditem|p2b: Garchomp|White Herb\n|-clearnegativeboost|p2b: Garchomp|[silent]\n|move|p2a: Rotom|Discharge|p1b: Mimikyu|[spread] p1b\n|-immune|p2b: Garchomp\n|-damage|p1b: Mimikyu|15/100\n|\n|upkeep\n|\n|t:|1776630316\n|switch|p1a: Rotom|Rotom-Heat, L50|100/100\n|turn|3\n|\n|t:|1776630326\n|move|p1b: Mimikyu|Shadow Sneak|p2b: Garchomp\n|-damage|p2b: Garchomp|0 fnt\n|-damage|p1b: Mimikyu|3/100|[from] ability: Rough Skin|[of] p2b: Garchomp\n|faint|p2b: Garchomp\n|move|p1a: Rotom|Volt Switch|p2a: Rotom\n|-damage|p2a: Rotom|0 fnt\n|faint|p2a: Rotom\n|\n|t:|1776630331\n|switch|p1a: Tyranitar|Tyranitar, L50, F|100/100|[from] Volt Switch\n|-weather|Sandstorm|[from] ability: Sand Stream|[of] p1a: Tyranitar\n|\n|-weather|Sandstorm|[upkeep]\n|-damage|p1b: Mimikyu|0 fnt|[from] Sandstorm\n|faint|p1b: Mimikyu\n|upkeep\n|\n|t:|1776630334\n|switch|p2b: Venusaur|Venusaur, L50, F|100/100\n|switch|p1b: Rotom|Rotom-Heat, L50|100/100\n|switch|p2a: Farigiraf|Farigiraf, L50, M|100/100\n|turn|4\n|inactive|flurrage has 30 seconds left.\n|inactive|flurrage has 20 seconds left.\n|\n|t:|1776630370\n|detailschange|p2b: Venusaur|Venusaur-Mega, L50, F\n|-mega|p2b: Venusaur|Venusaur|Venusaurite\n|detailschange|p1a: Tyranitar|Tyranitar-Mega, L50, F\n|-mega|p1a: Tyranitar|Tyranitar|Tyranitarite\n|move|p1b: Rotom|Overheat|p2b: Venusaur\n|-supereffective|p2b: Venusaur|1\n|-damage|p2b: Venusaur|68/100\n|-unboost|p1b: Rotom|spa|2\n|move|p2b: Venusaur|Giga Drain|p1a: Tyranitar\n|-supereffective|p1a: Tyranitar|1\n|-damage|p1a: Tyranitar|68/100\n|-heal|p2b: Venusaur|86/100|[from] drain|[of] p1a: Tyranitar\n|move|p1a: Tyranitar|Knock Off|p2a: Farigiraf\n|-supereffective|p2a: Farigiraf|1\n|-damage|p2a: Farigiraf|0 fnt\n|-enditem|p2a: Farigiraf|Leftovers|[from] move: Knock Off|[of] p1a: Tyranitar\n|faint|p2a: Farigiraf\n|\n|-weather|Sandstorm|[upkeep]\n|-damage|p1b: Rotom|95/100|[from] Sandstorm\n|-damage|p2b: Venusaur|80/100|[from] Sandstorm\n|upkeep\n|turn|5\n|\n|t:|1776630393\n|move|p1a: Tyranitar|Protect|p1a: Tyranitar\n|-singleturn|p1a: Tyranitar|Protect\n|move|p1b: Rotom|Overheat|p2b: Venusaur\n|-supereffective|p2b: Venusaur|1\n|-damage|p2b: Venusaur|63/100\n|-unboost|p1b: Rotom|spa|2\n|move|p2b: Venusaur|Giga Drain|p1a: Tyranitar\n|-activate|p1a: Tyranitar|move: Protect\n|\n|-weather|Sandstorm|[upkeep]\n|-damage|p1b: Rotom|89/100|[from] Sandstorm\n|-damage|p2b: Venusaur|57/100|[from] Sandstorm\n|upkeep\n|turn|6\n|\n|t:|1776630411\n|move|p1b: Rotom|Overheat|p2b: Venusaur\n|-supereffective|p2b: Venusaur|1\n|-damage|p2b: Venusaur|46/100\n|-unboost|p1b: Rotom|spa|2\n|move|p2b: Venusaur|Giga Drain|p1a: Tyranitar\n|-supereffective|p1a: Tyranitar|1\n|-damage|p1a: Tyranitar|38/100\n|-heal|p2b: Venusaur|63/100|[from] drain|[of] p1a: Tyranitar\n|move|p1a: Tyranitar|Rock Slide|p2b: Venusaur\n|-damage|p2b: Venusaur|32/100\n|\n|-weather|Sandstorm|[upkeep]\n|-damage|p1b: Rotom|83/100|[from] Sandstorm\n|-damage|p2b: Venusaur|26/100|[from] Sandstorm\n|upkeep\n|turn|7\n|\n|t:|1776630428\n|move|p2b: Venusaur|Protect|p2b: Venusaur\n|-singleturn|p2b: Venusaur|Protect\n|move|p1b: Rotom|Overheat|p2b: Venusaur\n|-activate|p2b: Venusaur|move: Protect\n|move|p1a: Tyranitar|Rock Slide|p2b: Venusaur\n|-activate|p2b: Venusaur|move: Protect\n|\n|-weather|none\n|upkeep\n|turn|8\n|\n|t:|1776630436\n|move|p1a: Tyranitar|Protect|p1a: Tyranitar\n|-singleturn|p1a: Tyranitar|Protect\n|move|p1b: Rotom|Overheat|p2b: Venusaur\n|-supereffective|p2b: Venusaur|1\n|-damage|p2b: Venusaur|17/100\n|move|p2b: Venusaur|Sludge Bomb|p1b: Rotom\n|-damage|p1b: Rotom|43/100\n|\n|upkeep\n|turn|9\n|\n|t:|1776630451\n|move|p1a: Tyranitar|Protect|p1a: Tyranitar\n|-singleturn|p1a: Tyranitar|Protect\n|move|p1b: Rotom|Overheat|p2b: Venusaur\n|-supereffective|p2b: Venusaur|1\n|-damage|p2b: Venusaur|7/100\n|move|p2b: Venusaur|Giga Drain|p1a: Tyranitar\n|-activate|p1a: Tyranitar|move: Protect\n|\n|upkeep\n|turn|10\n|\n|t:|1776630471\n|move|p1b: Rotom|Overheat|p2b: Venusaur\n|-supereffective|p2b: Venusaur|1\n|-damage|p2b: Venusaur|0 fnt\n|faint|p2b: Venusaur\n|\n|win|Loganv3\n|raw|Loganv3's rating: 1376 &rarr; <strong>1401</strong><br />(+25 for winning)\n|raw|flurrage's rating: 1463 &rarr; <strong>1438</strong><br />(-25 for losing)\n",
  "uploadtime": 1776630476,
  "views": 13,
  "formatid": "gen9championsvgc2026regma",
  "rating": 1401,
  "private": 0,
  "password": null
}