{
  "id": "gen9championsvgc2026regma-2584838367",
  "format": "[Gen 9 Champions] VGC 2026 Reg M-A",
  "players": [
    "Forjadordevinculos",
    "catpotatt"
  ],
  "log": "|j|\u2606Forjadordevinculos\n|j|\u2606catpotatt\n|t:|1776287591\n|gametype|doubles\n|player|p1|Forjadordevinculos|veteran|1263\n|player|p2|catpotatt|roxie|1345\n|gen|9\n|tier|[Gen 9 Champions] VGC 2026 Reg M-A\n|rated|\n|rule|Species Clause: Limit one of each Pok\u00e9mon\n|rule|Item Clause: Limit 1 of each item\n|clearpoke\n|poke|p1|Aggron, L50, M|\n|poke|p1|Incineroar, L50, M|\n|poke|p1|Lycanroc, L50, M|\n|poke|p1|Sinistcha, L50|\n|poke|p1|Hippowdon, L50, F|\n|poke|p1|Pelipper, L50, F|\n|poke|p2|Basculegion, L50, M|\n|poke|p2|Floette-Eternal, L50, F|\n|poke|p2|Talonflame, L50, M|\n|poke|p2|Garchomp, L50, M|\n|poke|p2|Gardevoir, L50, F|\n|poke|p2|Rotom-Heat, L50|\n|teampreview|4\n|inactive|Battle timer is ON: inactive players will automatically lose when time's up. (requested by catpotatt)\n|inactive|Forjadordevinculos has 60 seconds left.\n|inactive|Forjadordevinculos has 30 seconds left.\n|inactive|Forjadordevinculos has 20 seconds left.\n|inactive|Forjadordevinculos has 15 seconds left.\n|inactive|Forjadordevinculos has 10 seconds left.\n|\n|t:|1776287748\n|teamsize|p1|4\n|teamsize|p2|4\n|start\n|switch|p1a: Aggron|Aggron, L50, M, shiny|100/100\n|switch|p1b: Hippowdon|Hippowdon, L50, F|100/100\n|switch|p2a: Talonflame|Talonflame, L50, M|100/100\n|switch|p2b: Garchomp|Garchomp, L50, M|100/100\n|-weather|Sandstorm|[from] ability: Sand Stream|[of] p1b: Hippowdon\n|turn|1\n|\n|t:|1776287763\n|detailschange|p1a: Aggron|Aggron-Mega, L50, M, shiny\n|-mega|p1a: Aggron|Aggron|Aggronite\n|move|p2a: Talonflame|Tailwind|p2a: Talonflame\n|-sidestart|p2: catpotatt|move: Tailwind\n|move|p2b: Garchomp|Earthquake|p1a: Aggron|[spread] p1a,p1b\n|-immune|p2a: Talonflame\n|-supereffective|p1a: Aggron|1\n|-damage|p1a: Aggron|69/100\n|-damage|p1b: Hippowdon|75/100\n|move|p1a: Aggron|Iron Defense|p1a: Aggron\n|-boost|p1a: Aggron|def|2\n|move|p1b: Hippowdon|Stealth Rock|p2b: Garchomp\n|-sidestart|p2: catpotatt|move: Stealth Rock\n|\n|-weather|Sandstorm|[upkeep]\n|-damage|p2a: Talonflame|95/100|[from] Sandstorm\n|-heal|p1b: Hippowdon|81/100|[from] item: Leftovers\n|upkeep\n|turn|2\n|inactive|Forjadordevinculos has 30 seconds left.\n|\n|t:|1776287790\n|move|p1a: Aggron|Protect|p1a: Aggron\n|-singleturn|p1a: Aggron|Protect\n|move|p2a: Talonflame|Overheat|p1a: Aggron\n|-activate|p1a: Aggron|move: Protect\n|move|p2b: Garchomp|Earthquake|p1b: Hippowdon|[spread] p1b\n|-activate|p1a: Aggron|move: Protect\n|-immune|p2a: Talonflame\n|-damage|p1b: Hippowdon|53/100\n|move|p1b: Hippowdon|Earthquake|p2a: Talonflame|[spread] p2b\n|-activate|p1a: Aggron|move: Protect\n|-immune|p2a: Talonflame\n|-damage|p2b: Garchomp|74/100\n|\n|-weather|Sandstorm|[upkeep]\n|-damage|p2a: Talonflame|89/100|[from] Sandstorm\n|-heal|p1b: Hippowdon|59/100|[from] item: Leftovers\n|upkeep\n|turn|3\n|inactive|Forjadordevinculos has 30 seconds left.\n|inactive|Forjadordevinculos has 20 seconds left.\n|inactive|Forjadordevinculos has 15 seconds left.\n|inactive|Forjadordevinculos has 10 seconds left.\n|inactive|Forjadordevinculos has 5 seconds left.\n|\n|t:|1776287840\n|switch|p1b: Sinistcha|Sinistcha, L50|100/100\n|-heal|p1a: Aggron|94/100|[from] ability: Hospitality|[of] p1b: Sinistcha\n|move|p2a: Talonflame|Overheat|p1a: Aggron\n|-supereffective|p1a: Aggron|1\n|-damage|p1a: Aggron|51/100\n|-unboost|p2a: Talonflame|spa|2\n|move|p2b: Garchomp|Earthquake|p1a: Aggron|[spread] p1a,p1b\n|-immune|p2a: Talonflame\n|-supereffective|p1a: Aggron|1\n|-resisted|p1b: Sinistcha|1\n|-damage|p1a: Aggron|36/100\n|-damage|p1b: Sinistcha|82/100\n|move|p1a: Aggron|Body Press|p2b: Garchomp\n|-damage|p2b: Garchomp|0 fnt\n|-damage|p1a: Aggron|24/100|[from] ability: Rough Skin|[of] p2b: Garchomp\n|faint|p2b: Garchomp\n|\n|-weather|Sandstorm|[upkeep]\n|-damage|p2a: Talonflame|83/100|[from] Sandstorm\n|-damage|p1b: Sinistcha|76/100|[from] Sandstorm\n|upkeep\n|inactive|catpotatt has 30 seconds left.\n|\n|t:|1776287873\n|switch|p2b: Floette|Floette-Eternal, L50, F|100/100\n|-damage|p2b: Floette|89/100|[from] Stealth Rock\n|turn|4\n|\n|t:|1776287902\n|detailschange|p2b: Floette|Floette-Mega, L50, F\n|-mega|p2b: Floette|Floette|Floettite\n|-ability|p2b: Floette|Fairy Aura\n|move|p2b: Floette|Protect|p2b: Floette\n|-singleturn|p2b: Floette|Protect\n|move|p1a: Aggron|Protect|p1a: Aggron\n|-singleturn|p1a: Aggron|Protect\n|move|p2a: Talonflame|Overheat|p1b: Sinistcha\n|-supereffective|p1b: Sinistcha|1\n|-enditem|p1b: Sinistcha|Occa Berry|[eat]\n|-enditem|p1b: Sinistcha|Occa Berry|[weaken]\n|-damage|p1b: Sinistcha|56/100\n|-unboost|p2a: Talonflame|spa|2\n|move|p1b: Sinistcha|Trick Room|p1b: Sinistcha\n|-fieldstart|move: Trick Room|[of] p1b: Sinistcha\n|\n|-weather|Sandstorm|[upkeep]\n|-damage|p1b: Sinistcha|49/100|[from] Sandstorm\n|-damage|p2b: Floette|83/100|[from] Sandstorm\n|-damage|p2a: Talonflame|77/100|[from] Sandstorm\n|-sideend|p2: catpotatt|move: Tailwind\n|upkeep\n|turn|5\n|inactive|catpotatt has 30 seconds left.\n|inactive|catpotatt has 20 seconds left.\n|\n|t:|1776287939\n|switch|p2b: Basculegion|Basculegion, L50, M|100/100\n|-damage|p2b: Basculegion|88/100|[from] Stealth Rock\n|move|p2a: Talonflame|Protect|p2a: Talonflame\n|-singleturn|p2a: Talonflame|Protect\n|move|p1a: Aggron|Heavy Slam|p2b: Basculegion\n|-resisted|p2b: Basculegion|1\n|-damage|p2b: Basculegion|64/100\n|move|p1b: Sinistcha|Life Dew|p1b: Sinistcha|[spread] p1a,p1b\n|-heal|p1a: Aggron|49/100\n|-heal|p1b: Sinistcha|75/100\n|\n|-weather|none\n|upkeep\n|turn|6\n|inactive|Forjadordevinculos has 30 seconds left.\n|inactive|Forjadordevinculos has 20 seconds left.\n|\n|t:|1776287974\n|move|p1b: Sinistcha|Rage Powder|p1b: Sinistcha\n|-singleturn|p1b: Sinistcha|move: Rage Powder\n|move|p1a: Aggron|Body Press|p2a: Talonflame\n|-resisted|p2a: Talonflame|1\n|-damage|p2a: Talonflame|7/100\n|move|p2a: Talonflame|Dual Wingbeat|p1b: Sinistcha\n|-supereffective|p1b: Sinistcha|1\n|-damage|p1b: Sinistcha|44/100\n|-supereffective|p1b: Sinistcha|1\n|-damage|p1b: Sinistcha|9/100\n|-hitcount|p1b: Sinistcha|2\n|move|p2b: Basculegion|Last Respects|p1b: Sinistcha\n|-supereffective|p1b: Sinistcha|1\n|-damage|p1b: Sinistcha|0 fnt\n|faint|p1b: Sinistcha\n|\n|upkeep\n|\n|t:|1776287996\n|switch|p1b: Pelipper|Pelipper, L50, F, shiny|100/100\n|-weather|RainDance|[from] ability: Drizzle|[of] p1b: Pelipper\n|turn|7\n|inactive|catpotatt has 30 seconds left.\n|\n|t:|1776288029\n|move|p1a: Aggron|Heavy Slam|p2b: Basculegion\n|-resisted|p2b: Basculegion|1\n|-damage|p2b: Basculegion|42/100\n|move|p1b: Pelipper|Hurricane|p2b: Basculegion\n|-damage|p2b: Basculegion|2/100\n|-start|p2b: Basculegion|confusion\n|move|p2a: Talonflame|Dual Wingbeat|p1b: Pelipper|[miss]\n|-miss|p2a: Talonflame|p1b: Pelipper\n|-activate|p2b: Basculegion|confusion\n|move|p2b: Basculegion|Last Respects|p1b: Pelipper\n|-crit|p1b: Pelipper\n|-damage|p1b: Pelipper|0 fnt\n|faint|p1b: Pelipper\n|\n|-weather|RainDance|[upkeep]\n|upkeep\n|\n|t:|1776288041\n|switch|p1b: Hippowdon|Hippowdon, L50, F|59/100\n|-weather|Sandstorm|[from] ability: Sand Stream|[of] p1b: Hippowdon\n|turn|8\n|\n|t:|1776288052\n|move|p1a: Aggron|Protect|p1a: Aggron\n|-singleturn|p1a: Aggron|Protect\n|move|p1b: Hippowdon|Slack Off|p1b: Hippowdon\n|-heal|p1b: Hippowdon|100/100\n|move|p2a: Talonflame|Overheat|p1a: Aggron\n|-activate|p1a: Aggron|move: Protect\n|-activate|p2b: Basculegion|confusion\n|move|p2b: Basculegion|Last Respects|p1b: Hippowdon\n|-damage|p1b: Hippowdon|61/100\n|\n|-weather|Sandstorm|[upkeep]\n|-damage|p2a: Talonflame|1/100|[from] Sandstorm\n|-damage|p2b: Basculegion|0 fnt|[from] Sandstorm\n|faint|p2b: Basculegion\n|-heal|p1b: Hippowdon|67/100|[from] item: Leftovers\n|-fieldend|move: Trick Room\n|upkeep\n|\n|t:|1776288062\n|switch|p2b: Floette|Floette-Mega, L50, F|83/100\n|-damage|p2b: Floette|71/100|[from] Stealth Rock\n|-ability|p2b: Floette|Fairy Aura\n|turn|9\n|\n|t:|1776288087\n|move|p2a: Talonflame|Overheat|p1a: Aggron\n|-supereffective|p1a: Aggron|1\n|-damage|p1a: Aggron|33/100\n|-unboost|p2a: Talonflame|spa|2\n|move|p2b: Floette|Moonblast|p1a: Aggron\n|-resisted|p1a: Aggron|1\n|-damage|p1a: Aggron|0 fnt\n|faint|p1a: Aggron\n|move|p1b: Hippowdon|High Horsepower|p2b: Floette\n|-damage|p2b: Floette|22/100\n|\n|-weather|Sandstorm|[upkeep]\n|-damage|p2a: Talonflame|0 fnt|[from] Sandstorm\n|-damage|p2b: Floette|16/100|[from] Sandstorm\n|faint|p2a: Talonflame\n|-heal|p1b: Hippowdon|74/100|[from] item: Leftovers\n|upkeep\n|turn|10\n|\n|t:|1776288106\n|move|p2b: Floette|Light of Ruin|p1b: Hippowdon\n|-damage|p1b: Hippowdon|0 fnt\n|faint|p1b: Hippowdon\n|-damage|p2b: Floette|0 fnt|[from] Recoil\n|faint|p2b: Floette\n|\n|win|catpotatt\n|raw|Forjadordevinculos's rating: 1263 &rarr; <strong>1244</strong><br />(-19 for losing)\n|raw|catpotatt's rating: 1345 &rarr; <strong>1360</strong><br />(+15 for winning)\n|c|\u2606Forjadordevinculos|no way\n|c|\u2606catpotatt|gg\n|c|\u2606Forjadordevinculos|f\n",
  "uploadtime": 1776288119,
  "views": 30,
  "formatid": "gen9championsvgc2026regma",
  "rating": 1244,
  "private": 0,
  "password": null
}