{
  "id": "gen9championsvgc2026regma-2581547243",
  "format": "[Gen 9 Champions] VGC 2026 Reg M-A",
  "players": [
    "ricardinho44",
    "GoatSixSevenn"
  ],
  "log": "|j|\u2606ricardinho44\n|j|\u2606GoatSixSevenn\n|t:|1776009960\n|gametype|doubles\n|player|p1|ricardinho44|giovanni|1148\n|player|p2|GoatSixSevenn|unknown|1220\n|gen|9\n|tier|[Gen 9 Champions] VGC 2026 Reg M-A\n|rated|\n|rule|Species Clause: Limit one of each Pok\u00e9mon\n|rule|Item Clause: Limit 1 of each item\n|clearpoke\n|poke|p1|Delphox, L50, F|\n|poke|p1|Tyranitar, L50, M|\n|poke|p1|Sinistcha-Masterpiece, L50|\n|poke|p1|Alcremie-Rainbow-Swirl, L50, F|\n|poke|p1|Rotom-Wash, L50|\n|poke|p1|Excadrill, L50, F|\n|poke|p2|Froslass, L50, F|\n|poke|p2|Incineroar, L50, M|\n|poke|p2|Rotom-Frost, L50|\n|poke|p2|Orthworm, L50, F|\n|poke|p2|Basculegion, L50, M|\n|poke|p2|Garchomp, L50, M|\n|teampreview|4\n|c|\u2606ricardinho44|Good luck\n|c|\u2606ricardinho44|Luck***\n|\n|t:|1776010036\n|teamsize|p1|4\n|teamsize|p2|4\n|start\n|switch|p1a: Daniela|Delphox, L50, F|100/100\n|switch|p1b: Do You want Tea?|Sinistcha-Masterpiece, L50|100/100\n|switch|p2a: Incineroar|Incineroar, L50, M|100/100\n|switch|p2b: Orthworm|Orthworm, L50, F|100/100\n|-ability|p2a: Incineroar|Intimidate|boost\n|-unboost|p1a: Daniela|atk|1\n|-unboost|p1b: Do You want Tea?|atk|1\n|turn|1\n|inactive|Battle timer is ON: inactive players will automatically lose when time's up. (requested by ricardinho44)\n|\n|t:|1776010089\n|move|p1a: Daniela|Protect|p1a: Daniela\n|-singleturn|p1a: Daniela|Protect\n|move|p2a: Incineroar|Fake Out|p1a: Daniela\n|-activate|p1a: Daniela|move: Protect\n|move|p1b: Do You want Tea?|Shadow Ball|p2b: Orthworm\n|-damage|p2b: Orthworm|63/100\n|-unboost|p2b: Orthworm|spd|1\n|move|p2b: Orthworm|Shed Tail|p2b: Orthworm\n|-start|p2b: Orthworm|Substitute|[from] move: Shed Tail\n|-damage|p2b: Orthworm|13/100\n|-enditem|p2b: Orthworm|Sitrus Berry|[eat]\n|-heal|p2b: Orthworm|38/100|[from] item: Sitrus Berry\n|\n|t:|1776010104\n|switch|p2b: Basculegion|Basculegion, L50, M|100/100|[from] Shed Tail\n|\n|upkeep\n|turn|2\n|\n|t:|1776010112\n|detailschange|p1a: Daniela|Delphox-Mega, L50, F\n|-mega|p1a: Daniela|Delphox|Delphoxite\n|move|p1b: Do You want Tea?|Rage Powder|p1b: Do You want Tea?\n|-singleturn|p1b: Do You want Tea?|move: Rage Powder\n|move|p2b: Basculegion|Last Respects|p1b: Do You want Tea?\n|-supereffective|p1b: Do You want Tea?|1\n|-damage|p1b: Do You want Tea?|55/100\n|move|p1a: Daniela|Nasty Plot|p1a: Daniela\n|-boost|p1a: Daniela|spa|2\n|move|p2a: Incineroar|Throat Chop|p1b: Do You want Tea?\n|-supereffective|p1b: Do You want Tea?|1\n|-damage|p1b: Do You want Tea?|0 fnt\n|faint|p1b: Do You want Tea?\n|\n|upkeep\n|\n|t:|1776010126\n|switch|p1b: Cremita|Alcremie-Rainbow-Swirl, L50, F|100/100\n|turn|3\n|\n|t:|1776010139\n|move|p2b: Basculegion|Last Respects|p1a: Daniela\n|-supereffective|p1a: Daniela|1\n|-crit|p1a: Daniela\n|-damage|p1a: Daniela|0 fnt\n|faint|p1a: Daniela\n|move|p1b: Cremita|Energy Ball|p2b: Basculegion\n|-supereffective|p2b: Basculegion|1\n|-end|p2b: Basculegion|Substitute\n|move|p2a: Incineroar|Throat Chop|p1b: Cremita\n|-resisted|p1b: Cremita|1\n|-damage|p1b: Cremita|78/100\n|-start|p1b: Cremita|Throat Chop|[silent]\n|\n|upkeep\n|\n|t:|1776010150\n|switch|p1a: Godzilla|Tyranitar, L50, M|100/100\n|-weather|Sandstorm|[from] ability: Sand Stream|[of] p1a: Godzilla\n|turn|4\n|\n|t:|1776010159\n|switch|p2a: Orthworm|Orthworm, L50, F|38/100\n|move|p2b: Basculegion|Last Respects|p1b: Cremita\n|-damage|p1b: Cremita|45/100\n|move|p1b: Cremita|Dazzling Gleam|p2a: Orthworm|[spread] p2a,p2b\n|-resisted|p2a: Orthworm|1\n|-damage|p2a: Orthworm|23/100\n|-damage|p2b: Basculegion|69/100\n|move|p1a: Godzilla|Crunch|p2b: Basculegion\n|-supereffective|p2b: Basculegion|1\n|-damage|p2b: Basculegion|0 fnt\n|faint|p2b: Basculegion\n|\n|-weather|Sandstorm|[upkeep]\n|-damage|p1b: Cremita|40/100|[from] Sandstorm\n|-end|p1b: Cremita|Throat Chop|[silent]\n|upkeep\n|\n|t:|1776010167\n|switch|p2b: Incineroar|Incineroar, L50, M|100/100\n|-ability|p2b: Incineroar|Intimidate|boost\n|-unboost|p1a: Godzilla|atk|1\n|-unboost|p1b: Cremita|atk|1\n|turn|5\n|\n|t:|1776010177\n|move|p1a: Godzilla|Protect|p1a: Godzilla\n|-singleturn|p1a: Godzilla|Protect\n|move|p2b: Incineroar|Fake Out|p1a: Godzilla\n|-activate|p1a: Godzilla|move: Protect\n|move|p1b: Cremita|Energy Ball|p2a: Orthworm\n|-resisted|p2a: Orthworm|1\n|-damage|p2a: Orthworm|7/100\n|move|p2a: Orthworm|Body Press|p1a: Godzilla\n|-activate|p1a: Godzilla|move: Protect\n|\n|-weather|Sandstorm|[upkeep]\n|-damage|p1b: Cremita|34/100|[from] Sandstorm\n|-damage|p2b: Incineroar|95/100|[from] Sandstorm\n|upkeep\n|turn|6\n|inactive|GoatSixSevenn has 30 seconds left.\n|\n|t:|1776010202\n|move|p1b: Cremita|Dazzling Gleam|p2b: Incineroar|[spread] p2a,p2b\n|-resisted|p2a: Orthworm|1\n|-damage|p2a: Orthworm|0 fnt\n|-damage|p2b: Incineroar|75/100\n|faint|p2a: Orthworm\n|move|p1a: Godzilla|Rock Slide|p2b: Incineroar\n|-supereffective|p2b: Incineroar|1\n|-damage|p2b: Incineroar|19/100\n|cant|p2b: Incineroar|flinch\n|\n|-weather|Sandstorm|[upkeep]\n|-damage|p1b: Cremita|28/100|[from] Sandstorm\n|-damage|p2b: Incineroar|13/100|[from] Sandstorm\n|upkeep\n|\n|t:|1776010211\n|switch|p2a: Froslass|Froslass, L50, F|100/100\n|turn|7\n|\n|t:|1776010222\n|detailschange|p2a: Froslass|Froslass-Mega, L50, F\n|-mega|p2a: Froslass|Froslass|Froslassite\n|-weather|Snowscape|[from] ability: Snow Warning|[of] p2a: Froslass\n|move|p1b: Cremita|Helping Hand|p1a: Godzilla\n|-singleturn|p1a: Godzilla|Helping Hand|[of] p1b: Cremita\n|move|p2a: Froslass|Blizzard|p1b: Cremita|[spread] p1a,p1b\n|-damage|p1a: Godzilla|56/100\n|-damage|p1b: Cremita|0 fnt\n|-status|p1a: Godzilla|frz\n|faint|p1b: Cremita\n|cant|p1a: Godzilla|frz\n|move|p2b: Incineroar|Flare Blitz|p1a: Godzilla\n|-resisted|p1a: Godzilla|1\n|-damage|p1a: Godzilla|39/100 frz\n|-curestatus|p1a: Godzilla|frz|[msg]\n|-enditem|p1a: Godzilla|Sitrus Berry|[eat]\n|-heal|p1a: Godzilla|64/100|[from] item: Sitrus Berry\n|-damage|p2b: Incineroar|8/100|[from] Recoil\n|\n|-weather|Snowscape|[upkeep]\n|upkeep\n|turn|8\n|\n|t:|1776010243\n|move|p2a: Froslass|Blizzard|p1a: Godzilla\n|-damage|p1a: Godzilla|13/100\n|-status|p1a: Godzilla|frz\n|cant|p1a: Godzilla|frz\n|move|p2b: Incineroar|Flare Blitz|p1a: Godzilla\n|-resisted|p1a: Godzilla|1\n|-damage|p1a: Godzilla|0 fnt\n|faint|p1a: Godzilla\n|-damage|p2b: Incineroar|4/100|[from] Recoil\n|\n|win|GoatSixSevenn\n|raw|ricardinho44's rating: 1148 &rarr; <strong>1128</strong><br />(-20 for losing)\n|raw|GoatSixSevenn's rating: 1220 &rarr; <strong>1240</strong><br />(+20 for winning)\n|c|\u2606ricardinho44|...\n",
  "uploadtime": 1776010272,
  "views": 22,
  "formatid": "gen9championsvgc2026regma",
  "rating": 1128,
  "private": 0,
  "password": null
}