{
  "id": "gen9championsvgc2026regma-2582947606",
  "format": "[Gen 9 Champions] VGC 2026 Reg M-A",
  "players": [
    "torrmentor20",
    "boysenorange"
  ],
  "log": "|j|\u2606torrmentor20\n|j|\u2606boysenorange\n|t:|1776127517\n|gametype|doubles\n|player|p1|torrmentor20|volo|1126\n|player|p2|boysenorange|turo|1057\n|gen|9\n|tier|[Gen 9 Champions] VGC 2026 Reg M-A\n|rated|\n|rule|Species Clause: Limit one of each Pok\u00e9mon\n|rule|Item Clause: Limit 1 of each item\n|clearpoke\n|poke|p1|Garchomp, L50, M|\n|poke|p1|Tyranitar, L50, M|\n|poke|p1|Whimsicott, L50, M|\n|poke|p1|Orthworm, L50, M|\n|poke|p1|Rotom-Wash, L50|\n|poke|p1|Volcarona, L50, M|\n|poke|p2|Torkoal, L50, F|\n|poke|p2|Farigiraf, L50, M|\n|poke|p2|Maushold-Four, L50|\n|poke|p2|Camerupt, L50, F|\n|poke|p2|Hatterene, L50, F|\n|poke|p2|Meowstic, L50, M|\n|teampreview|4\n|inactive|Battle timer is ON: inactive players will automatically lose when time's up. (requested by torrmentor20)\n|\n|t:|1776127557\n|teamsize|p1|4\n|teamsize|p2|4\n|start\n|switch|p1a: Garchomp|Garchomp, L50, M, shiny|100/100\n|switch|p1b: Orthworm|Orthworm, L50, M, shiny|100/100\n|switch|p2a: Farigiraf|Farigiraf, L50, M|100/100\n|switch|p2b: Maushold|Maushold-Four, L50|100/100\n|turn|1\n|inactive|torrmentor20 has 30 seconds left.\n|\n|t:|1776127592\n|move|p2b: Maushold|Follow Me|p2b: Maushold\n|-singleturn|p2b: Maushold|move: Follow Me\n|move|p1a: Garchomp|Earthquake|p2b: Maushold|[spread] p2a,p2b\n|-immune|p1b: Orthworm|[from] ability: Earth Eater\n|-damage|p2a: Farigiraf|75/100\n|-damage|p2b: Maushold|43/100\n|move|p1b: Orthworm|Body Press|p2b: Maushold\n|-supereffective|p2b: Maushold|1\n|-damage|p2b: Maushold|0 fnt\n|faint|p2b: Maushold\n|move|p2a: Farigiraf|Trick Room|p2a: Farigiraf\n|-fieldstart|move: Trick Room|[of] p2a: Farigiraf\n|\n|upkeep\n|\n|t:|1776127603\n|switch|p2b: Camerupt|Camerupt, L50, F|100/100\n|turn|2\n|\n|t:|1776127623\n|switch|p2a: Meowstic|Meowstic, L50, M|100/100\n|switch|p1b: Tyranitar|Tyranitar, L50, M, shiny|100/100\n|-weather|Sandstorm|[from] ability: Sand Stream|[of] p1b: Tyranitar\n|detailschange|p2b: Camerupt|Camerupt-Mega, L50, F\n|-mega|p2b: Camerupt|Camerupt|Cameruptite\n|move|p1a: Garchomp|Protect|p1a: Garchomp\n|-singleturn|p1a: Garchomp|Protect\n|move|p2b: Camerupt|Eruption|p1a: Garchomp|[spread] p1b\n|-activate|p1a: Garchomp|move: Protect\n|-resisted|p1b: Tyranitar|1\n|-damage|p1b: Tyranitar|80/100\n|\n|-weather|Sandstorm|[upkeep]\n|-damage|p2a: Meowstic|95/100|[from] Sandstorm\n|upkeep\n|turn|3\n|\n|t:|1776127642\n|switch|p1b: Rotom|Rotom-Wash, L50, shiny|100/100\n|detailschange|p1a: Garchomp|Garchomp-Mega, L50, M, shiny\n|-mega|p1a: Garchomp|Garchomp|Garchompite\n|move|p2a: Meowstic|Sunny Day|p2a: Meowstic\n|-weather|SunnyDay\n|move|p2b: Camerupt|Eruption|p1a: Garchomp|[spread] p1a,p1b\n|-resisted|p1a: Garchomp|1\n|-resisted|p1b: Rotom|1\n|-damage|p1a: Garchomp|44/100\n|-damage|p1b: Rotom|44/100\n|move|p1a: Garchomp|Earthquake|p2b: Camerupt|[spread] p2a,p2b\n|-immune|p1b: Rotom|[from] ability: Levitate\n|-supereffective|p2b: Camerupt|1\n|-damage|p2a: Meowstic|18/100\n|-damage|p2b: Camerupt|4/100\n|\n|-weather|SunnyDay|[upkeep]\n|-heal|p1b: Rotom|49/100|[from] item: Leftovers\n|upkeep\n|turn|4\n|inactive|boysenorange has 30 seconds left.\n|inactive|boysenorange has 20 seconds left.\n|\n|t:|1776127678\n|switch|p1b: Tyranitar|Tyranitar, L50, M, shiny|80/100\n|-weather|Sandstorm|[from] ability: Sand Stream|[of] p1b: Tyranitar\n|move|p2a: Meowstic|Psychic Terrain|p2a: Meowstic\n|-fieldstart|move: Psychic Terrain\n|move|p2b: Camerupt|Flamethrower|p1a: Garchomp\n|-resisted|p1a: Garchomp|1\n|-damage|p1a: Garchomp|5/100\n|move|p1a: Garchomp|Rock Slide|p2b: Camerupt|[spread] p2b\n|-miss|p1a: Garchomp|p2a: Meowstic\n|-damage|p2b: Camerupt|0 fnt\n|faint|p2b: Camerupt\n|\n|-weather|Sandstorm|[upkeep]\n|-damage|p2a: Meowstic|12/100|[from] Sandstorm\n|upkeep\n|\n|t:|1776127688\n|switch|p2b: Farigiraf|Farigiraf, L50, M|75/100\n|turn|5\n|\n|t:|1776127702\n|switch|p1a: Orthworm|Orthworm, L50, M, shiny|100/100\n|move|p2a: Meowstic|Helping Hand|p2b: Farigiraf\n|-singleturn|p2b: Farigiraf|Helping Hand|[of] p2a: Meowstic\n|move|p2b: Farigiraf|Hyper Voice|p1b: Tyranitar|[spread] p1a,p1b\n|-resisted|p1a: Orthworm|1\n|-resisted|p1b: Tyranitar|1\n|-damage|p1a: Orthworm|67/100\n|-damage|p1b: Tyranitar|69/100\n|move|p1b: Tyranitar|Rock Slide|p2a: Meowstic|[spread] p2a,p2b\n|-damage|p2a: Meowstic|0 fnt\n|-damage|p2b: Farigiraf|34/100\n|-enditem|p2b: Farigiraf|Sitrus Berry|[eat]\n|-heal|p2b: Farigiraf|59/100|[from] item: Sitrus Berry\n|faint|p2a: Meowstic\n|\n|-weather|Sandstorm|[upkeep]\n|-damage|p2b: Farigiraf|53/100|[from] Sandstorm\n|-fieldend|move: Trick Room\n|upkeep\n|turn|6\n|-message|boysenorange forfeited.\n|\n|win|torrmentor20\n|raw|torrmentor20's rating: 1126 &rarr; <strong>1146</strong><br />(+20 for winning)\n|raw|boysenorange's rating: 1057 &rarr; <strong>1042</strong><br />(-15 for losing)\n",
  "uploadtime": 1776127718,
  "views": 11,
  "formatid": "gen9championsvgc2026regma",
  "rating": 1042,
  "private": 0,
  "password": null
}