{
  "id": "gen9championsvgc2026regma-2584000943",
  "format": "[Gen 9 Champions] VGC 2026 Reg M-A",
  "players": [
    "sisi1",
    "phoenixfire18"
  ],
  "log": "|j|\u2606sisi1\n|j|\u2606phoenixfire18\n|t:|1776215637\n|gametype|doubles\n|player|p1|sisi1|dawn|1118\n|player|p2|phoenixfire18|gambler|1110\n|gen|9\n|tier|[Gen 9 Champions] VGC 2026 Reg M-A\n|rated|\n|rule|Species Clause: Limit one of each Pok\u00e9mon\n|rule|Item Clause: Limit 1 of each item\n|clearpoke\n|poke|p1|Maushold, L50|\n|poke|p1|Meowstic, L50, M|\n|poke|p1|Talonflame, L50, F|\n|poke|p1|Gallade, L50, M|\n|poke|p1|Alakazam, L50, F|\n|poke|p1|Ninetales-Alola, L50, F|\n|poke|p2|Charizard, L50, M|\n|poke|p2|Typhlosion-Hisui, L50, M|\n|poke|p2|Whimsicott, L50, F|\n|poke|p2|Garchomp, L50, F|\n|poke|p2|Venusaur, L50, F|\n|poke|p2|Incineroar, L50, M|\n|teampreview|4\n|\n|t:|1776215654\n|teamsize|p1|4\n|teamsize|p2|4\n|start\n|switch|p1a: Meowstic|Meowstic, L50, M|100/100\n|switch|p1b: Gallade|Gallade, L50, M|100/100\n|switch|p2a: Charizard|Charizard, L50, M, shiny|100/100\n|switch|p2b: Typhlosion|Typhlosion-Hisui, L50, M|100/100\n|turn|1\n|\n|t:|1776215694\n|switch|p1a: Talonflame|Talonflame, L50, F|100/100\n|detailschange|p2a: Charizard|Charizard-Mega-Y, L50, M, shiny\n|-mega|p2a: Charizard|Charizard|Charizardite Y\n|-weather|SunnyDay|[from] ability: Drought|[of] p2a: Charizard\n|move|p1b: Gallade|Wide Guard|p1b: Gallade\n|-singleturn|p1b: Gallade|Wide Guard\n|move|p2b: Typhlosion|Eruption|p1a: Talonflame|[spread] \n|-activate|p1a: Talonflame|move: Wide Guard\n|-activate|p1b: Gallade|move: Wide Guard\n|move|p2a: Charizard|Heat Wave|p1a: Talonflame|[spread] \n|-activate|p1a: Talonflame|move: Wide Guard\n|-activate|p1b: Gallade|move: Wide Guard\n|\n|-weather|SunnyDay|[upkeep]\n|upkeep\n|turn|2\n|inactive|Battle timer is ON: inactive players will automatically lose when time's up. (requested by phoenixfire18)\n|\n|t:|1776215723\n|switch|p2b: Incineroar|Incineroar, L50, M|100/100\n|-ability|p2b: Incineroar|Intimidate|boost\n|-unboost|p1a: Talonflame|atk|1\n|-unboost|p1b: Gallade|atk|1\n|-enditem|p1b: Gallade|White Herb\n|-clearnegativeboost|p1b: Gallade|[silent]\n|move|p1b: Gallade|Wide Guard|p1b: Gallade\n|-singleturn|p1b: Gallade|Wide Guard\n|move|p1a: Talonflame|Brave Bird|p2b: Incineroar\n|-damage|p2b: Incineroar|63/100\n|-damage|p1a: Talonflame|84/100|[from] Recoil\n|move|p2a: Charizard|Heat Wave|p1b: Gallade|[spread] \n|-activate|p1a: Talonflame|move: Wide Guard\n|-activate|p1b: Gallade|move: Wide Guard\n|\n|-weather|SunnyDay|[upkeep]\n|-heal|p2b: Incineroar|69/100|[from] item: Leftovers\n|upkeep\n|turn|3\n|\n|t:|1776215745\n|move|p2b: Incineroar|Fake Out|p1a: Talonflame\n|-damage|p1a: Talonflame|68/100\n|cant|p1a: Talonflame|flinch\n|move|p2a: Charizard|Solar Beam||[still]\n|-prepare|p2a: Charizard|Solar Beam\n|-anim|p2a: Charizard|Solar Beam|p1b: Gallade\n|-damage|p1b: Gallade|49/100\n|move|p1b: Gallade|Sacred Sword|p2b: Incineroar\n|-supereffective|p2b: Incineroar|1\n|-damage|p2b: Incineroar|0 fnt\n|faint|p2b: Incineroar\n|\n|-weather|SunnyDay|[upkeep]\n|upkeep\n|\n|t:|1776215757\n|switch|p2b: Typhlosion|Typhlosion-Hisui, L50, M|100/100\n|turn|4\n|\n|t:|1776215763\n|move|p1b: Gallade|Wide Guard|p1b: Gallade\n|-singleturn|p1b: Gallade|Wide Guard\n|move|p2b: Typhlosion|Shadow Ball|p1a: Talonflame\n|-damage|p1a: Talonflame|5/100\n|move|p1a: Talonflame|Tailwind|p1a: Talonflame\n|-sidestart|p1: sisi1|move: Tailwind\n|move|p2a: Charizard|Solar Beam||[still]\n|-prepare|p2a: Charizard|Solar Beam\n|-anim|p2a: Charizard|Solar Beam|p1b: Gallade\n|-damage|p1b: Gallade|0 fnt\n|faint|p1b: Gallade\n|\n|-weather|SunnyDay|[upkeep]\n|upkeep\n|\n|t:|1776215776\n|switch|p1b: Meowstic|Meowstic, L50, M|100/100\n|turn|5\n|\n|t:|1776215785\n|move|p1b: Meowstic|Fake Out|p2a: Charizard\n|-crit|p2a: Charizard\n|-damage|p2a: Charizard|90/100\n|move|p1a: Talonflame|Brave Bird|p2b: Typhlosion\n|-damage|p2b: Typhlosion|38/100\n|-damage|p1a: Talonflame|0 fnt|[from] Recoil\n|faint|p1a: Talonflame\n|move|p2b: Typhlosion|Shadow Ball|p1b: Meowstic\n|-supereffective|p1b: Meowstic|1\n|-damage|p1b: Meowstic|18/100\n|cant|p2a: Charizard|flinch\n|\n|-weather|none\n|upkeep\n|\n|t:|1776215797\n|switch|p1a: Alakazam|Alakazam, L50, F|100/100\n|turn|6\n|\n|t:|1776215806\n|switch|p2a: Venusaur|Venusaur, L50, F|100/100\n|detailschange|p1a: Alakazam|Alakazam-Mega, L50, F\n|-mega|p1a: Alakazam|Alakazam|Alakazite\n|-ability|p1a: Alakazam|Blaze|Trace|[from] ability: Trace|[of] p2b: Typhlosion\n|move|p1b: Meowstic|Psychic Terrain|p1b: Meowstic\n|-fieldstart|move: Psychic Terrain\n|move|p1a: Alakazam|Expanding Force|p2b: Typhlosion|[spread] p2a,p2b\n|-supereffective|p2a: Venusaur|1\n|-damage|p2a: Venusaur|0 fnt\n|-damage|p2b: Typhlosion|0 fnt\n|faint|p2a: Venusaur\n|faint|p2b: Typhlosion\n|\n|upkeep\n|\n|t:|1776215826\n|switch|p2a: Charizard|Charizard-Mega-Y, L50, M, shiny|90/100\n|-weather|SunnyDay|[from] ability: Drought|[of] p2a: Charizard\n|turn|7\n|\n|t:|1776215831\n|move|p1b: Meowstic|Helping Hand|p1a: Alakazam\n|-singleturn|p1a: Alakazam|Helping Hand|[of] p1b: Meowstic\n|move|p2a: Charizard|Protect|p2a: Charizard\n|-singleturn|p2a: Charizard|Protect\n|move|p1a: Alakazam|Expanding Force|p2a: Charizard\n|-activate|p2a: Charizard|move: Protect\n|\n|-weather|SunnyDay|[upkeep]\n|-sideend|p1: sisi1|move: Tailwind\n|upkeep\n|turn|8\n|\n|t:|1776215841\n|move|p1b: Meowstic|Helping Hand|p1a: Alakazam\n|-singleturn|p1a: Alakazam|Helping Hand|[of] p1b: Meowstic\n|move|p1a: Alakazam|Expanding Force|p2a: Charizard\n|-crit|p2a: Charizard\n|-damage|p2a: Charizard|0 fnt\n|faint|p2a: Charizard\n|\n|win|sisi1\n|raw|sisi1's rating: 1118 &rarr; <strong>1142</strong><br />(+24 for winning)\n|raw|phoenixfire18's rating: 1110 &rarr; <strong>1086</strong><br />(-24 for losing)\n|l|\u2606phoenixfire18\n|player|p2|\n",
  "uploadtime": 1776215850,
  "views": 26,
  "formatid": "gen9championsvgc2026regma",
  "rating": 1086,
  "private": 0,
  "password": null
}