{
  "id": "gen9championsvgc2026regma-2585807290",
  "format": "[Gen 9 Champions] VGC 2026 Reg M-A",
  "players": [
    "dazu",
    "mrguy888"
  ],
  "log": "|j|\u2606dazu\n|j|\u2606mrguy888\n|t:|1776372065\n|gametype|doubles\n|player|p1|dazu|266|1203\n|player|p2|mrguy888|noland-gen3|1187\n|gen|9\n|tier|[Gen 9 Champions] VGC 2026 Reg M-A\n|rated|\n|rule|Species Clause: Limit one of each Pok\u00e9mon\n|rule|Item Clause: Limit 1 of each item\n|clearpoke\n|poke|p1|Blastoise, L50, F|\n|poke|p1|Talonflame, L50, M|\n|poke|p1|Farigiraf, L50, M|\n|poke|p1|Sinistcha, L50|\n|poke|p1|Kingambit, L50, M|\n|poke|p1|Ninetales-Alola, L50, M|\n|poke|p2|Floette-Eternal, L50, F|\n|poke|p2|Aerodactyl, L50, M|\n|poke|p2|Tauros-Paldea-Aqua, L50, M|\n|poke|p2|Kangaskhan, L50, F|\n|poke|p2|Rotom-Heat, L50|\n|poke|p2|Aegislash, L50, F|\n|teampreview|4\n|inactive|Battle timer is ON: inactive players will automatically lose when time's up. (requested by mrguy888)\n|inactive|dazu has 60 seconds left.\n|inactive|mrguy888 has 60 seconds left.\n|\n|t:|1776372109\n|teamsize|p1|4\n|teamsize|p2|4\n|start\n|switch|p1a: Blastoise|Blastoise, L50, F|100/100\n|switch|p1b: Sinistcha|Sinistcha, L50|100/100\n|switch|p2a: Floette|Floette-Eternal, L50, F|100/100\n|switch|p2b: Aegislash|Aegislash, L50, F|100/100\n|turn|1\n|inactive|mrguy888 has 30 seconds left.\n|\n|t:|1776372136\n|switch|p1b: Kingambit|Kingambit, L50, M|100/100\n|detailschange|p2a: Floette|Floette-Mega, L50, F\n|-mega|p2a: Floette|Floette|Floettite\n|-ability|p2a: Floette|Fairy Aura\n|move|p1a: Blastoise|Fake Out|p2a: Floette\n|-damage|p2a: Floette|91/100\n|cant|p2a: Floette|flinch\n|-formechange|p2b: Aegislash|Aegislash-Blade|\n|move|p2b: Aegislash|Poltergeist|p1b: Kingambit\n|-activate|p1b: Kingambit|move: Poltergeist|Chople Berry\n|-resisted|p1b: Kingambit|1\n|-damage|p1b: Kingambit|72/100\n|\n|upkeep\n|turn|2\n|inactive|dazu has 30 seconds left.\n|inactive|mrguy888 has 30 seconds left.\n|inactive|dazu has 20 seconds left.\n|\n|t:|1776372176\n|detailschange|p1a: Blastoise|Blastoise-Mega, L50, F\n|-mega|p1a: Blastoise|Blastoise|Blastoisinite\n|-formechange|p2b: Aegislash|Aegislash|\n|move|p2b: Aegislash|King's Shield|p2b: Aegislash\n|-singleturn|p2b: Aegislash|Protect\n|move|p2a: Floette|Moonblast|p1b: Kingambit\n|-damage|p1b: Kingambit|0 fnt\n|faint|p1b: Kingambit\n|move|p1a: Blastoise|Water Spout|p2b: Aegislash|[spread] p2a\n|-activate|p2b: Aegislash|move: Protect\n|-damage|p2a: Floette|47/100\n|\n|upkeep\n|\n|t:|1776372193\n|switch|p1b: Talonflame|Talonflame, L50, M|100/100\n|turn|3\n|inactive|mrguy888 has 30 seconds left.\n|inactive|mrguy888 has 20 seconds left.\n|inactive|mrguy888 has 15 seconds left.\n|inactive|mrguy888 has 10 seconds left.\n|inactive|mrguy888 has 5 seconds left.\n|\n|t:|1776372247\n|switch|p2a: Tauros|Tauros-Paldea-Aqua, L50, M|100/100\n|-ability|p2a: Tauros|Intimidate|boost\n|-unboost|p1a: Blastoise|atk|1\n|-unboost|p1b: Talonflame|atk|1\n|move|p1b: Talonflame|Tailwind|p1b: Talonflame\n|-sidestart|p1: dazu|move: Tailwind\n|-formechange|p2b: Aegislash|Aegislash-Blade|\n|move|p2b: Aegislash|Shadow Sneak|p1a: Blastoise\n|-damage|p1a: Blastoise|76/100\n|move|p1a: Blastoise|Water Spout|p2a: Tauros|[spread] p2a,p2b\n|-resisted|p2a: Tauros|1\n|-damage|p2a: Tauros|64/100\n|-damage|p2b: Aegislash|13/100\n|\n|upkeep\n|turn|4\n|\n|t:|1776372267\n|-formechange|p2b: Aegislash|Aegislash|\n|move|p2b: Aegislash|King's Shield|p2b: Aegislash\n|-singleturn|p2b: Aegislash|Protect\n|move|p1b: Talonflame|Acrobatics|p2a: Tauros\n|-supereffective|p2a: Tauros|1\n|-damage|p2a: Tauros|0 fnt\n|faint|p2a: Tauros\n|move|p1a: Blastoise|Water Spout|p2b: Aegislash\n|-activate|p2b: Aegislash|move: Protect\n|\n|upkeep\n|\n|t:|1776372280\n|switch|p2a: Floette|Floette-Mega, L50, F|47/100\n|-ability|p2a: Floette|Fairy Aura\n|turn|5\n|\n|t:|1776372288\n|move|p2a: Floette|Protect|p2a: Floette\n|-singleturn|p2a: Floette|Protect\n|move|p1b: Talonflame|Acrobatics|p2a: Floette\n|-activate|p2a: Floette|move: Protect\n|-formechange|p2b: Aegislash|Aegislash-Blade|\n|move|p2b: Aegislash|Shadow Sneak|p1a: Blastoise\n|-damage|p1a: Blastoise|52/100\n|move|p1a: Blastoise|Water Spout|p2a: Floette|[spread] p2b\n|-activate|p2a: Floette|move: Protect\n|-damage|p2b: Aegislash|0 fnt\n|faint|p2b: Aegislash\n|\n|upkeep\n|\n|t:|1776372296\n|switch|p2b: Rotom|Rotom-Heat, L50|100/100\n|turn|6\n|inactive|dazu has 30 seconds left.\n|\n|t:|1776372328\n|move|p2a: Floette|Protect|p2a: Floette\n|-singleturn|p2a: Floette|Protect\n|move|p1b: Talonflame|Acrobatics|p2a: Floette\n|-activate|p2a: Floette|move: Protect\n|move|p2b: Rotom|Electroweb|p1a: Blastoise|[spread] p1a,p1b\n|-supereffective|p1a: Blastoise|1\n|-supereffective|p1b: Talonflame|1\n|-damage|p1a: Blastoise|25/100\n|-damage|p1b: Talonflame|53/100\n|-unboost|p1a: Blastoise|spe|1\n|-unboost|p1b: Talonflame|spe|1\n|move|p1a: Blastoise|Water Spout|p2a: Floette|[spread] p2b\n|-activate|p2a: Floette|move: Protect\n|-supereffective|p2b: Rotom|1\n|-damage|p2b: Rotom|65/100\n|\n|-sideend|p1: dazu|move: Tailwind\n|upkeep\n|turn|7\n|\n|t:|1776372351\n|move|p2b: Rotom|Electroweb|p1a: Blastoise|[spread] p1a,p1b\n|-supereffective|p1a: Blastoise|1\n|-supereffective|p1b: Talonflame|1\n|-damage|p1a: Blastoise|0 fnt\n|-damage|p1b: Talonflame|8/100\n|-unboost|p1b: Talonflame|spe|1\n|faint|p1a: Blastoise\n|move|p2a: Floette|Moonblast|p1b: Talonflame\n|-resisted|p1b: Talonflame|1\n|-damage|p1b: Talonflame|0 fnt\n|faint|p1b: Talonflame\n|\n|upkeep\n|-message|dazu forfeited.\n|\n|win|mrguy888\n|raw|dazu's rating: 1203 &rarr; <strong>1177</strong><br />(-26 for losing)\n|raw|mrguy888's rating: 1187 &rarr; <strong>1213</strong><br />(+26 for winning)\n|l|\u2606dazu\n|player|p1|\n",
  "uploadtime": 1776372381,
  "views": 32,
  "formatid": "gen9championsvgc2026regma",
  "rating": 1177,
  "private": 0,
  "password": null
}