{
  "id": "gen9championsvgc2026regma-2588330464",
  "format": "[Gen 9 Champions] VGC 2026 Reg M-A",
  "players": [
    "shadowluffy2002",
    "elektriktoad"
  ],
  "log": "|j|\u2606shadowluffy2002\n|j|\u2606elektriktoad\n|t:|1776624666\n|gametype|doubles\n|player|p1|shadowluffy2002|170|1446\n|player|p2|elektriktoad|janine|1455\n|gen|9\n|tier|[Gen 9 Champions] VGC 2026 Reg M-A\n|rated|\n|rule|Species Clause: Limit one of each Pok\u00e9mon\n|rule|Item Clause: Limit 1 of each item\n|clearpoke\n|poke|p1|Basculegion, L50, M|\n|poke|p1|Pelipper, L50, M|\n|poke|p1|Delphox, L50, F|\n|poke|p1|Farigiraf, L50, F|\n|poke|p1|Archaludon, L50, M|\n|poke|p1|Garchomp, L50, F|\n|poke|p2|Meowstic, L50, M|\n|poke|p2|Alakazam, L50, F|\n|poke|p2|Hatterene, L50, F|\n|poke|p2|Tyranitar, L50, F|\n|poke|p2|Kingambit, L50, F|\n|poke|p2|Liepard, L50, F|\n|teampreview|4\n|\n|t:|1776624744\n|teamsize|p1|4\n|teamsize|p2|4\n|start\n|switch|p1a: Garchomp|Garchomp, L50, F|100/100\n|switch|p1b: Basculegion|Basculegion, L50, M|100/100\n|switch|p2a: Meowstic|Meowstic, L50, M|100/100\n|switch|p2b: Hatterene|Hatterene, L50, F|100/100\n|turn|1\n|\n|t:|1776624761\n|move|p2a: Meowstic|Fake Out|p1a: Garchomp\n|-damage|p1a: Garchomp|96/100\n|-damage|p2a: Meowstic|88/100|[from] ability: Rough Skin|[of] p1a: Garchomp\n|move|p1b: Basculegion|Flip Turn|p2b: Hatterene\n|-damage|p2b: Hatterene|69/100\n|\n|t:|1776624767\n|switch|p1b: Farigiraf|Farigiraf, L50, F|100/100|[from] Flip Turn\n|cant|p1a: Garchomp|flinch\n|move|p2b: Hatterene|Trick Room|p2b: Hatterene\n|-fieldstart|move: Trick Room|[of] p2b: Hatterene\n|\n|upkeep\n|turn|2\n|inactive|Battle timer is ON: inactive players will automatically lose when time's up. (requested by shadowluffy2002)\n|\n|t:|1776624787\n|move|p1a: Garchomp|Protect|p1a: Garchomp\n|-singleturn|p1a: Garchomp|Protect\n|move|p2a: Meowstic|Psychic Terrain|p2a: Meowstic\n|-fieldstart|move: Psychic Terrain\n|move|p2b: Hatterene|Dazzling Gleam|p1b: Farigiraf|[spread] p1b\n|-activate|p1a: Garchomp|move: Protect\n|-damage|p1b: Farigiraf|72/100\n|move|p1b: Farigiraf|Trick Room|p1b: Farigiraf\n|-fieldend|move: Trick Room\n|\n|upkeep\n|turn|3\n|\n|t:|1776624809\n|detailschange|p2a: Meowstic|Meowstic-M-Mega, L50, M\n|-mega|p2a: Meowstic|Meowstic|Meowsticite\n|-ability|p2a: Meowstic|Armor Tail|Trace|[from] ability: Trace|[of] p1b: Farigiraf\n|move|p2a: Meowstic|Expanding Force|p1b: Farigiraf|[spread] p1a,p1b\n|-resisted|p1b: Farigiraf|1\n|-damage|p1a: Garchomp|27/100\n|-damage|p1b: Farigiraf|47/100\n|-enditem|p1b: Farigiraf|Sitrus Berry|[eat]\n|-heal|p1b: Farigiraf|71/100|[from] item: Sitrus Berry\n|move|p1a: Garchomp|Swords Dance|p1a: Garchomp\n|-boost|p1a: Garchomp|atk|2\n|move|p1b: Farigiraf|Imprison|p1b: Farigiraf\n|-start|p1b: Farigiraf|move: Imprison\n|move|p2b: Hatterene|Dazzling Gleam|p1b: Farigiraf|[spread] p1a,p1b\n|-supereffective|p1a: Garchomp|1\n|-damage|p1a: Garchomp|0 fnt\n|-damage|p1b: Farigiraf|42/100\n|faint|p1a: Garchomp\n|\n|upkeep\n|\n|t:|1776624825\n|switch|p1a: Basculegion|Basculegion, L50, M|100/100\n|turn|4\n|\n|t:|1776624840\n|switch|p2b: Tyranitar|Tyranitar, L50, F|100/100\n|-weather|Sandstorm|[from] ability: Sand Stream|[of] p2b: Tyranitar\n|move|p1b: Farigiraf|Protect|p1b: Farigiraf\n|-singleturn|p1b: Farigiraf|Protect\n|move|p1a: Basculegion|Last Respects|p2a: Meowstic\n|-supereffective|p2a: Meowstic|1\n|-damage|p2a: Meowstic|0 fnt\n|faint|p2a: Meowstic\n|\n|-weather|Sandstorm|[upkeep]\n|-damage|p1a: Basculegion|94/100|[from] Sandstorm\n|-damage|p1b: Farigiraf|36/100|[from] Sandstorm\n|upkeep\n|\n|t:|1776624857\n|switch|p2a: Hatterene|Hatterene, L50, F|69/100\n|turn|5\n|\n|t:|1776624875\n|switch|p1a: Pelipper|Pelipper, L50, M|100/100\n|-weather|RainDance|[from] ability: Drizzle|[of] p1a: Pelipper\n|move|p1b: Farigiraf|Protect|p1b: Farigiraf\n|-singleturn|p1b: Farigiraf|Protect\n|move|p2b: Tyranitar|Rock Slide|p1b: Farigiraf|[spread] p1a\n|-activate|p1b: Farigiraf|move: Protect\n|-supereffective|p1a: Pelipper|1\n|-damage|p1a: Pelipper|11/100\n|move|p2a: Hatterene|Expanding Force|p1b: Farigiraf|[spread] p1a\n|-activate|p1b: Farigiraf|move: Protect\n|-damage|p1a: Pelipper|0 fnt\n|faint|p1a: Pelipper\n|\n|-weather|RainDance|[upkeep]\n|upkeep\n|\n|t:|1776624883\n|switch|p1a: Basculegion|Basculegion, L50, M|94/100\n|turn|6\n|\n|t:|1776624904\n|move|p1b: Farigiraf|Helping Hand|p1a: Basculegion\n|-singleturn|p1a: Basculegion|Helping Hand|[of] p1b: Farigiraf\n|move|p1a: Basculegion|Flip Turn|p2a: Hatterene\n|-damage|p2a: Hatterene|0 fnt\n|faint|p2a: Hatterene\n|move|p2b: Tyranitar|Knock Off|p1b: Farigiraf\n|-supereffective|p1b: Farigiraf|1\n|-damage|p1b: Farigiraf|0 fnt\n|faint|p1b: Farigiraf\n|\n|-weather|RainDance|[upkeep]\n|-fieldend|move: Psychic Terrain\n|upkeep\n|\n|t:|1776624910\n|switch|p2a: Kingambit|Kingambit, L50, F|100/100\n|turn|7\n|-message|shadowluffy2002 forfeited.\n|\n|win|elektriktoad\n|raw|shadowluffy2002's rating: 1446 &rarr; <strong>1427</strong><br />(-19 for losing)\n|raw|elektriktoad's rating: 1455 &rarr; <strong>1474</strong><br />(+19 for winning)\n|l|\u2606shadowluffy2002\n|player|p1|\n",
  "uploadtime": 1776624920,
  "views": 13,
  "formatid": "gen9championsvgc2026regma",
  "rating": 1427,
  "private": 0,
  "password": null
}