{
  "id": "gen9championsvgc2026regma-2581485190",
  "format": "[Gen 9 Champions] VGC 2026 Reg M-A",
  "players": [
    "s3618",
    "PPYYY"
  ],
  "log": "|j|\u2606s3618\n|j|\u2606PPYYY\n|t:|1776004834\n|gametype|doubles\n|player|p1|s3618|hilda|\n|player|p2|PPYYY|miku-water|\n|gen|9\n|tier|[Gen 9 Champions] VGC 2026 Reg M-A\n|rated|Tournament battle\n|rule|Species Clause: Limit one of each Pok\u00e9mon\n|rule|Item Clause: Limit 1 of each item\n|clearpoke\n|poke|p1|Incineroar, L50, M|\n|poke|p1|Gengar, L50, F|\n|poke|p1|Aerodactyl, L50, F|\n|poke|p1|Rotom-Mow, L50|\n|poke|p1|Torkoal, L50, F|\n|poke|p1|Farigiraf, L50, M|\n|poke|p2|Corviknight, L50, F|\n|poke|p2|Tyranitar, L50, M|\n|poke|p2|Garchomp, L50, M|\n|poke|p2|Delphox, L50, M|\n|poke|p2|Rotom-Wash, L50|\n|poke|p2|Sinistcha, L50|\n|teampreview|4\n|inactive|Battle timer is ON: inactive players will automatically lose when time's up. (requested by s3618)\n|j| psclVGC\n|l| psclVGC\n|\n|t:|1776004859\n|teamsize|p1|4\n|teamsize|p2|4\n|start\n|switch|p1a: Farigiraf|Farigiraf, L50, M|100/100\n|switch|p1b: Gengar|Gengar, L50, F|100/100\n|switch|p2a: Tyranitar|Tyranitar, L50, M|100/100\n|switch|p2b: Garchomp|Garchomp, L50, M|100/100\n|-weather|Sandstorm|[from] ability: Sand Stream|[of] p2a: Tyranitar\n|turn|1\n|j| viaaaaaan\n|\n|t:|1776004882\n|switch|p1a: Incineroar|Incineroar, L50, M|100/100\n|-ability|p1a: Incineroar|Intimidate|boost\n|-unboost|p2a: Tyranitar|atk|1\n|-unboost|p2b: Garchomp|atk|1\n|move|p1b: Gengar|Protect|p1b: Gengar\n|-singleturn|p1b: Gengar|Protect\n|move|p2a: Tyranitar|Rock Slide|p1a: Incineroar|[spread] p1a\n|-activate|p1b: Gengar|move: Protect\n|-supereffective|p1a: Incineroar|1\n|-damage|p1a: Incineroar|69/100\n|move|p2b: Garchomp|Substitute|p2b: Garchomp\n|-start|p2b: Garchomp|Substitute\n|-damage|p2b: Garchomp|76/100\n|\n|-weather|Sandstorm|[upkeep]\n|-damage|p1b: Gengar|95/100|[from] Sandstorm\n|-damage|p1a: Incineroar|63/100|[from] Sandstorm\n|upkeep\n|turn|2\n|\n|t:|1776004896\n|move|p1a: Incineroar|Fake Out|p2a: Tyranitar\n|-resisted|p2a: Tyranitar|1\n|-damage|p2a: Tyranitar|95/100\n|cant|p2a: Tyranitar|flinch\n|move|p1b: Gengar|Perish Song|p1b: Gengar\n|-start|p1a: Incineroar|perish3|[silent]\n|-start|p1b: Gengar|perish3|[silent]\n|-start|p2a: Tyranitar|perish3|[silent]\n|-start|p2b: Garchomp|perish3|[silent]\n|-fieldactivate|move: Perish Song\n|move|p2b: Garchomp|Dragon Claw|p1b: Gengar\n|-crit|p1b: Gengar\n|-damage|p1b: Gengar|26/100\n|\n|-weather|Sandstorm|[upkeep]\n|-damage|p1b: Gengar|20/100|[from] Sandstorm\n|-damage|p1a: Incineroar|56/100|[from] Sandstorm\n|-start|p2a: Tyranitar|perish3\n|-start|p1b: Gengar|perish3\n|-start|p2b: Garchomp|perish3\n|-start|p1a: Incineroar|perish3\n|upkeep\n|turn|3\n|\n|t:|1776004916\n|switch|p2a: Sinistcha|Sinistcha, L50|100/100\n|detailschange|p1b: Gengar|Gengar-Mega, L50, F\n|-mega|p1b: Gengar|Gengar|Gengarite\n|move|p1b: Gengar|Protect|p1b: Gengar\n|-singleturn|p1b: Gengar|Protect\n|move|p1a: Incineroar|Protect|p1a: Incineroar\n|-singleturn|p1a: Incineroar|Protect\n|move|p2b: Garchomp|Earthquake|p1a: Incineroar|[spread] p2a\n|-activate|p1a: Incineroar|move: Protect\n|-activate|p1b: Gengar|move: Protect\n|-resisted|p2a: Sinistcha|1\n|-damage|p2a: Sinistcha|89/100\n|\n|-weather|Sandstorm|[upkeep]\n|-damage|p1b: Gengar|14/100|[from] Sandstorm\n|-damage|p2a: Sinistcha|83/100|[from] Sandstorm\n|-damage|p1a: Incineroar|50/100|[from] Sandstorm\n|-enditem|p1a: Incineroar|Sitrus Berry|[eat]\n|-heal|p1a: Incineroar|75/100|[from] item: Sitrus Berry\n|-start|p1b: Gengar|perish2\n|-start|p2b: Garchomp|perish2\n|-start|p1a: Incineroar|perish2\n|upkeep\n|turn|4\n|inactive|PPYYY has 30 seconds left.\n|\n|t:|1776004947\n|switch|p1b: Farigiraf|Farigiraf, L50, M|100/100\n|move|p2b: Garchomp|Earthquake|p1a: Incineroar|[spread] p2a,p1a,p1b\n|-resisted|p2a: Sinistcha|1\n|-supereffective|p1a: Incineroar|1\n|-damage|p2a: Sinistcha|72/100\n|-damage|p1a: Incineroar|28/100\n|-damage|p1b: Farigiraf|72/100\n|move|p2a: Sinistcha|Matcha Gotcha|p1b: Farigiraf|[spread] p1a,p1b\n|-resisted|p1a: Incineroar|1\n|-damage|p1a: Incineroar|15/100\n|-heal|p2a: Sinistcha|79/100|[from] drain|[of] p1a: Incineroar\n|-damage|p1b: Farigiraf|50/100\n|-heal|p2a: Sinistcha|91/100|[from] drain|[of] p1b: Farigiraf\n|move|p1a: Incineroar|Parting Shot|p2a: Sinistcha\n|-unboost|p2a: Sinistcha|atk|1\n|-unboost|p2a: Sinistcha|spa|1\n|\n|t:|1776004972\n|switch|p1a: Gengar|Gengar-Mega, L50, F|14/100|[from] Parting Shot\n|\n|-weather|Sandstorm|[upkeep]\n|-damage|p1a: Gengar|8/100|[from] Sandstorm\n|-damage|p2a: Sinistcha|85/100|[from] Sandstorm\n|-damage|p1b: Farigiraf|44/100|[from] Sandstorm\n|-start|p2b: Garchomp|perish1\n|upkeep\n|turn|5\n|j| jaichi mv\n|inactive|s3618 has 30 seconds left.\n|inactive|s3618 has 20 seconds left.\n|j| Nytter877\n|inactive|s3618 has 15 seconds left.\n|inactive|s3618 has 10 seconds left.\n|\n|t:|1776005019\n|move|p1a: Gengar|Protect|p1a: Gengar\n|-singleturn|p1a: Gengar|Protect\n|move|p2b: Garchomp|Dragon Claw|p1b: Farigiraf\n|-damage|p1b: Farigiraf|15/100\n|move|p2a: Sinistcha|Matcha Gotcha|p1a: Gengar|[spread] p1b\n|-activate|p1a: Gengar|move: Protect\n|-damage|p1b: Farigiraf|0 fnt\n|-heal|p2a: Sinistcha|93/100|[from] drain|[of] p1b: Farigiraf\n|faint|p1b: Farigiraf\n|\n|-weather|none\n|-start|p2b: Garchomp|perish0\n|faint|p2b: Garchomp\n|upkeep\n|l| Nytter877\n|j| reanschawrzer\n|\n|t:|1776005029\n|switch|p2b: Tyranitar|Tyranitar, L50, M|95/100\n|switch|p1b: Torkoal|Torkoal, L50, F|100/100\n|-weather|Sandstorm|[from] ability: Sand Stream|[of] p2b: Tyranitar\n|-weather|SunnyDay|[from] ability: Drought|[of] p1b: Torkoal\n|turn|6\n|j| tastyfloop\n|\n|t:|1776005038\n|switch|p1a: Incineroar|Incineroar, L50, M|15/100\n|-ability|p1a: Incineroar|Intimidate|boost\n|-unboost|p2a: Sinistcha|atk|1\n|-unboost|p2b: Tyranitar|atk|1\n|move|p1b: Torkoal|Protect|p1b: Torkoal\n|-singleturn|p1b: Torkoal|Protect\n|move|p2b: Tyranitar|Rock Slide|p1b: Torkoal|[spread] p1a\n|-activate|p1b: Torkoal|move: Protect\n|-supereffective|p1a: Incineroar|1\n|-damage|p1a: Incineroar|0 fnt\n|faint|p1a: Incineroar\n|move|p2a: Sinistcha|Matcha Gotcha|p1b: Torkoal\n|-activate|p1b: Torkoal|move: Protect\n|\n|-weather|SunnyDay|[upkeep]\n|upkeep\n|\n|t:|1776005041\n|switch|p1a: Gengar|Gengar-Mega, L50, F|8/100\n|turn|7\n|j| AlbannachVGC\n|\n|t:|1776005050\n|move|p2b: Tyranitar|Rock Slide|p1b: Torkoal|[spread] p1a,p1b\n|-supereffective|p1b: Torkoal|1\n|-damage|p1a: Gengar|0 fnt\n|-damage|p1b: Torkoal|68/100\n|faint|p1a: Gengar\n|move|p2a: Sinistcha|Matcha Gotcha|p1b: Torkoal\n|-resisted|p1b: Torkoal|1\n|-damage|p1b: Torkoal|53/100\n|-heal|p2a: Sinistcha|100/100|[from] drain|[of] p1b: Torkoal\n|move|p1b: Torkoal|Eruption|p2b: Tyranitar|[spread] p2a,p2b\n|-supereffective|p2a: Sinistcha|1\n|-resisted|p2b: Tyranitar|1\n|-damage|p2a: Sinistcha|57/100\n|-damage|p2b: Tyranitar|72/100\n|\n|-weather|SunnyDay|[upkeep]\n|upkeep\n|turn|8\n|-message|s3618 forfeited.\n|\n|win|PPYYY\n|n|\u2606s3618|s3618\n|n|\u2606PPYYY|ppyyy\n|n| viaaaaaan|viaaaaaan\n|n| jaichi mv|jaichimv\n|n| reanschawrzer|reanschawrzer\n|n| tastyfloop|tastyfloop\n|n| AlbannachVGC|albannachvgc\n|l|\u2606s3618\n|player|p1|\n",
  "uploadtime": 1776005064,
  "views": 9,
  "formatid": "gen9championsvgc2026regma",
  "rating": null,
  "private": 0,
  "password": null
}