{
  "id": "gen9championsvgc2026regma-2586063978",
  "format": "[Gen 9 Champions] VGC 2026 Reg M-A",
  "players": [
    "aj_wildones",
    "crakchead"
  ],
  "log": "|j|\u2606aj_wildones\n|j|\u2606crakchead\n|t:|1776395167\n|gametype|doubles\n|player|p1|aj_wildones|101|1106\n|player|p2|crakchead|falkner|1052\n|gen|9\n|tier|[Gen 9 Champions] VGC 2026 Reg M-A\n|rated|\n|rule|Species Clause: Limit one of each Pok\u00e9mon\n|rule|Item Clause: Limit 1 of each item\n|clearpoke\n|poke|p1|Kingambit, L50, M|\n|poke|p1|Floette-Eternal, L50, F|\n|poke|p1|Garchomp, L50, M|\n|poke|p1|Rotom-Wash, L50|\n|poke|p1|Whimsicott, L50, F|\n|poke|p1|Armarouge, L50, F|\n|poke|p2|Hydreigon, L50, M|\n|poke|p2|Aegislash, L50, M|\n|poke|p2|Gardevoir, L50, F|\n|poke|p2|Tauros-Paldea-Aqua, L50, M|\n|poke|p2|Rotom-Heat, L50|\n|poke|p2|Kangaskhan, L50, F|\n|teampreview|4\naj_wildones rejected open team sheets.\n|inactive|Battle timer is ON: inactive players will automatically lose when time's up. (requested by crakchead)\n|\n|t:|1776395253\n|teamsize|p1|4\n|teamsize|p2|4\n|start\n|switch|p1a: Whimsicott|Whimsicott, L50, F, shiny|100/100\n|switch|p1b: Rotom|Rotom-Wash, L50, shiny|100/100\n|switch|p2a: Rotom|Rotom-Heat, L50|100/100\n|switch|p2b: Hydreigon|Hydreigon, L50, M|100/100\n|turn|1\n|inactive|aj_wildones has 30 seconds left.\n|inactive|crakchead has 30 seconds left.\n|inactive|aj_wildones has 20 seconds left.\n|inactive|aj_wildones has 15 seconds left.\n|\n|t:|1776395294\n|move|p1a: Whimsicott|Tailwind|p1a: Whimsicott\n|-sidestart|p1: aj_wildones|move: Tailwind\n|move|p1b: Rotom|Hydro Pump|p2a: Rotom\n|-supereffective|p2a: Rotom|1\n|-damage|p2a: Rotom|0 fnt\n|faint|p2a: Rotom\n|move|p2b: Hydreigon|Tailwind|p2b: Hydreigon\n|-sidestart|p2: crakchead|move: Tailwind\n|\n|upkeep\n|\n|t:|1776395304\n|switch|p2a: Gardevoir|Gardevoir, L50, F|100/100\n|turn|2\n|\n|t:|1776395318\n|detailschange|p2a: Gardevoir|Gardevoir-Mega, L50, F\n|-mega|p2a: Gardevoir|Gardevoir|Gardevoirite\n|move|p1b: Rotom|Hydro Pump|p2a: Gardevoir|[miss]\n|-miss|p1b: Rotom|p2a: Gardevoir\n|move|p1a: Whimsicott|Moonblast|p2b: Hydreigon\n|-supereffective|p2b: Hydreigon|2\n|-enditem|p2b: Hydreigon|Focus Sash\n|-damage|p2b: Hydreigon|1/100\n|move|p2a: Gardevoir|Calm Mind|p2a: Gardevoir\n|-boost|p2a: Gardevoir|spa|1\n|-boost|p2a: Gardevoir|spd|1\n|move|p2b: Hydreigon|Dark Pulse|p1a: Whimsicott\n|-resisted|p1a: Whimsicott|1\n|-damage|p1a: Whimsicott|69/100\n|\n|upkeep\n|turn|3\n|inactive|aj_wildones has 30 seconds left.\n|\n|t:|1776395351\n|switch|p1b: Kingambit|Kingambit, L50, M, shiny|100/100\n|move|p2b: Hydreigon|Protect|p2b: Hydreigon\n|-singleturn|p2b: Hydreigon|Protect\n|move|p1a: Whimsicott|Moonblast|p2b: Hydreigon\n|-activate|p2b: Hydreigon|move: Protect\n|move|p2a: Gardevoir|Calm Mind|p2a: Gardevoir\n|-boost|p2a: Gardevoir|spa|1\n|-boost|p2a: Gardevoir|spd|1\n|\n|upkeep\n|turn|4\n|\n|t:|1776395374\n|switch|p2b: Tauros|Tauros-Paldea-Aqua, L50, M|100/100\n|-ability|p2b: Tauros|Intimidate|boost\n|-unboost|p1a: Whimsicott|atk|1\n|-unboost|p1b: Kingambit|atk|1\n|-ability|p1b: Kingambit|Defiant|boost\n|-boost|p1b: Kingambit|atk|2\n|move|p1a: Whimsicott|Moonblast|p2b: Tauros\n|-supereffective|p2b: Tauros|1\n|-damage|p2b: Tauros|0 fnt\n|faint|p2b: Tauros\n|move|p2a: Gardevoir|Hyper Voice|p1a: Whimsicott|[spread] p1a,p1b\n|-damage|p1a: Whimsicott|0 fnt\n|-damage|p1b: Kingambit|0 fnt\n|faint|p1a: Whimsicott\n|faint|p1b: Kingambit\n|\n|-sideend|p2: crakchead|move: Tailwind\n|-sideend|p1: aj_wildones|move: Tailwind\n|upkeep\n|\n|t:|1776395388\n|switch|p1a: Floette|Floette-Eternal, L50, F|100/100\n|switch|p2b: Hydreigon|Hydreigon, L50, M|1/100\n|switch|p1b: Rotom|Rotom-Wash, L50, shiny|100/100\n|turn|5\n|\n|t:|1776395406\n|move|p1a: Floette|Protect|p1a: Floette\n|-singleturn|p1a: Floette|Protect\n|move|p1b: Rotom|Electroweb|p2a: Gardevoir|[spread] p2a,p2b\n|-resisted|p2b: Hydreigon|1\n|-damage|p2a: Gardevoir|90/100\n|-damage|p2b: Hydreigon|0 fnt\n|-unboost|p2a: Gardevoir|spe|1\n|faint|p2b: Hydreigon\n|move|p2a: Gardevoir|Hyper Voice|p1b: Rotom|[spread] p1b\n|-activate|p1a: Floette|move: Protect\n|-damage|p1b: Rotom|0 fnt\n|faint|p1b: Rotom\n|\n|upkeep\n|turn|6\n|\n|t:|1776395425\n|detailschange|p1a: Floette|Floette-Mega, L50, F\n|-mega|p1a: Floette|Floette|Floettite\n|-ability|p1a: Floette|Fairy Aura\n|move|p1a: Floette|Moonblast|p2a: Gardevoir\n|-damage|p2a: Gardevoir|50/100\n|move|p2a: Gardevoir|Psychic|p1a: Floette\n|-damage|p1a: Floette|6/100\n|\n|upkeep\n|turn|7\n|\n|t:|1776395434\n|move|p1a: Floette|Moonblast|p2a: Gardevoir\n|-damage|p2a: Gardevoir|10/100\n|move|p2a: Gardevoir|Psychic|p1a: Floette\n|-damage|p1a: Floette|0 fnt\n|faint|p1a: Floette\n|\n|win|crakchead\n|raw|aj_wildones's rating: 1106 &rarr; <strong>1077</strong><br />(-29 for losing)\n|raw|crakchead's rating: 1052 &rarr; <strong>1089</strong><br />(+37 for winning)\n",
  "uploadtime": 1776395446,
  "views": 15,
  "formatid": "gen9championsvgc2026regma",
  "rating": 1077,
  "private": 0,
  "password": null
}