{
  "id": "gen9championsvgc2026regma-2583624768",
  "format": "[Gen 9 Champions] VGC 2026 Reg M-A",
  "players": [
    "9y00g0gij",
    "catpotatt"
  ],
  "log": "|j|\u26069y00g0gij\n|j|\u2606catpotatt\n|t:|1776187250\n|gametype|doubles\n|player|p1|9y00g0gij|170|1090\n|player|p2|catpotatt|roxie|1158\n|gen|9\n|tier|[Gen 9 Champions] VGC 2026 Reg M-A\n|rated|\n|rule|Species Clause: Limit one of each Pok\u00e9mon\n|rule|Item Clause: Limit 1 of each item\n|clearpoke\n|poke|p1|Farigiraf, L50, M|\n|poke|p1|Incineroar, L50, M|\n|poke|p1|Torkoal, L50, M|\n|poke|p1|Charizard, L50, F|\n|poke|p1|Hatterene, L50, F|\n|poke|p1|Kingambit, L50, M|\n|poke|p2|Skarmory, L50, F|\n|poke|p2|Sneasler, L50, M|\n|poke|p2|Sinistcha, L50|\n|poke|p2|Milotic, L50, F|\n|poke|p2|Incineroar, L50, F|\n|poke|p2|Feraligatr, L50, M|\n|teampreview|4\n|\n|t:|1776187275\n|teamsize|p1|4\n|teamsize|p2|4\n|start\n|switch|p1a: Farigiraf|Farigiraf, L50, M|100/100\n|switch|p1b: Charizard|Charizard, L50, F|100/100\n|switch|p2a: Feraligatr|Feraligatr, L50, M|100/100\n|switch|p2b: Milotic|Milotic, L50, F|100/100\n|turn|1\n|\n|t:|1776187294\n|detailschange|p1b: Charizard|Charizard-Mega-Y, L50, F\n|-mega|p1b: Charizard|Charizard|Charizardite Y\n|-weather|SunnyDay|[from] ability: Drought|[of] p1b: Charizard\n|detailschange|p2a: Feraligatr|Feraligatr-Mega, L50, M\n|-mega|p2a: Feraligatr|Feraligatr|Feraligite\n|move|p1b: Charizard|Solar Beam||[still]\n|-prepare|p1b: Charizard|Solar Beam\n|-anim|p1b: Charizard|Solar Beam|p2b: Milotic\n|-supereffective|p2b: Milotic|1\n|-damage|p2b: Milotic|27/100\n|-enditem|p2b: Milotic|Sitrus Berry|[eat]\n|-heal|p2b: Milotic|52/100|[from] item: Sitrus Berry\n|move|p2a: Feraligatr|Double-Edge|p1b: Charizard\n|-crit|p1b: Charizard\n|-damage|p1b: Charizard|0 fnt\n|faint|p1b: Charizard\n|-damage|p2a: Feraligatr|73/100|[from] Recoil\n|move|p2b: Milotic|Icy Wind|p1a: Farigiraf\n|-damage|p1a: Farigiraf|86/100\n|-unboost|p1a: Farigiraf|spe|1\n|move|p1a: Farigiraf|Trick Room|p1a: Farigiraf\n|-fieldstart|move: Trick Room|[of] p1a: Farigiraf\n|\n|-weather|SunnyDay|[upkeep]\n|upkeep\n|\n|t:|1776187313\n|switch|p1b: Hatterene|Hatterene, L50, F|100/100\n|turn|2\n|\n|t:|1776187328\n|switch|p2a: Incineroar|Incineroar, L50, F|100/100\n|-ability|p2a: Incineroar|Intimidate|boost\n|-unboost|p1a: Farigiraf|atk|1\n|-unboost|p1b: Hatterene|atk|1\n|move|p1b: Hatterene|Calm Mind|p1b: Hatterene\n|-boost|p1b: Hatterene|spa|1\n|-boost|p1b: Hatterene|spd|1\n|move|p1a: Farigiraf|Imprison|p1a: Farigiraf\n|-start|p1a: Farigiraf|move: Imprison\n|move|p2b: Milotic|Life Dew||[still]|[spread] p2a,p2b\n|-fail|p2a: Incineroar|heal\n|-heal|p2b: Milotic|77/100\n|\n|-weather|SunnyDay|[upkeep]\n|upkeep\n|turn|3\n|\n|t:|1776187360\n|move|p1b: Hatterene|Dazzling Gleam|p2b: Milotic|[spread] p2a,p2b\n|-damage|p2a: Incineroar|40/100\n|-damage|p2b: Milotic|31/100\n|move|p1a: Farigiraf|Hyper Voice|p2b: Milotic|[spread] p2a,p2b\n|-damage|p2a: Incineroar|14/100\n|-damage|p2b: Milotic|11/100\n|move|p2a: Incineroar|Parting Shot|p1b: Hatterene\n|move|p1b: Hatterene|Parting Shot|p2a: Incineroar|[from] ability: Magic Bounce\n|-unboost|p2a: Incineroar|atk|1\n|-unboost|p2a: Incineroar|spa|1\n|\n|t:|1776187374\n|switch|p1b: Torkoal|Torkoal, L50, M|100/100|[from] Parting Shot\n|move|p2b: Milotic|Scald|p1b: Torkoal\n|-supereffective|p1b: Torkoal|1\n|-damage|p1b: Torkoal|53/100\n|\n|-weather|SunnyDay|[upkeep]\n|upkeep\n|turn|4\n|inactive|Battle timer is ON: inactive players will automatically lose when time's up. (requested by 9y00g0gij)\n|\n|t:|1776187432\n|move|p1b: Torkoal|Earth Power|p2a: Incineroar\n|-supereffective|p2a: Incineroar|1\n|-enditem|p2a: Incineroar|Shuca Berry|[eat]\n|-enditem|p2a: Incineroar|Shuca Berry|[weaken]\n|-damage|p2a: Incineroar|0 fnt\n|faint|p2a: Incineroar\n|move|p1a: Farigiraf|Hyper Voice|p2b: Milotic\n|-damage|p2b: Milotic|0 fnt\n|faint|p2b: Milotic\n|\n|-weather|SunnyDay|[upkeep]\n|upkeep\n|\n|t:|1776187439\n|switch|p2a: Sneasler|Sneasler, L50, M|100/100\n|switch|p2b: Feraligatr|Feraligatr-Mega, L50, M|73/100\n|turn|5\n|inactive|catpotatt has 30 seconds left.\n|\n|t:|1776187472\n|move|p1a: Farigiraf|Protect|p1a: Farigiraf\n|-singleturn|p1a: Farigiraf|Protect\n|move|p1b: Torkoal|Earth Power|p2a: Sneasler\n|-supereffective|p2a: Sneasler|1\n|-damage|p2a: Sneasler|33/100\n|move|p2b: Feraligatr|Double-Edge|p1a: Farigiraf\n|-activate|p1a: Farigiraf|move: Protect\n|move|p2a: Sneasler|Rock Tomb|p1b: Torkoal\n|-supereffective|p1b: Torkoal|1\n|-damage|p1b: Torkoal|23/100\n|-unboost|p1b: Torkoal|spe|1\n|\n|-weather|none\n|-fieldend|move: Trick Room\n|upkeep\n|turn|6\n|\n|t:|1776187492\n|move|p1b: Torkoal|Protect|p1b: Torkoal\n|-singleturn|p1b: Torkoal|Protect\n|move|p2a: Sneasler|Close Combat|p1b: Torkoal\n|-activate|p1b: Torkoal|move: Protect\n|move|p2b: Feraligatr|Double-Edge|p1a: Farigiraf\n|-crit|p1a: Farigiraf\n|-damage|p1a: Farigiraf|0 fnt\n|faint|p1a: Farigiraf\n|-damage|p2b: Feraligatr|39/100|[from] Recoil\n|\n|upkeep\n|\n|t:|1776187504\n|switch|p1a: Hatterene|Hatterene, L50, F|100/100\n|turn|7\n|inactive|9y00g0gij has 30 seconds left.\n|\n|t:|1776187538\n|move|p1b: Torkoal|Protect||[still]\n|-fail|p1b: Torkoal\n|move|p2a: Sneasler|Rock Tomb|p1a: Hatterene\n|-damage|p1a: Hatterene|76/100\n|-unboost|p1a: Hatterene|spe|1\n|move|p2b: Feraligatr|Liquidation|p1a: Hatterene\n|-damage|p1a: Hatterene|10/100\n|-unboost|p1a: Hatterene|def|1\n|move|p1a: Hatterene|Psychic|p2a: Sneasler\n|-supereffective|p2a: Sneasler|2\n|-damage|p2a: Sneasler|0 fnt\n|faint|p2a: Sneasler\n|\n|upkeep\n|turn|8\n|\n|t:|1776187556\n|move|p2b: Feraligatr|Liquidation|p1a: Hatterene\n|-damage|p1a: Hatterene|0 fnt\n|faint|p1a: Hatterene\n|move|p1b: Torkoal|Earth Power|p2b: Feraligatr\n|-damage|p2b: Feraligatr|11/100\n|\n|upkeep\n|turn|9\n|-message|9y00g0gij forfeited.\n|\n|win|catpotatt\n|raw|9y00g0gij's rating: 1090 &rarr; <strong>1071</strong><br />(-19 for losing)\n|raw|catpotatt's rating: 1158 &rarr; <strong>1178</strong><br />(+20 for winning)\n|l|\u26069y00g0gij\n|player|p1|\n|c|\u2606catpotatt|gg\n",
  "uploadtime": 1776187568,
  "views": 14,
  "formatid": "gen9championsvgc2026regma",
  "rating": 1071,
  "private": 0,
  "password": null
}