{
  "id": "gen9championsvgc2026regma-2583908886",
  "format": "[Gen 9 Champions] VGC 2026 Reg M-A",
  "players": [
    "TerraFunny",
    "Thechienchien"
  ],
  "log": "|j|\u2606TerraFunny\n|j|\u2606Thechienchien\n|t:|1776207384\n|gametype|doubles\n|player|p1|TerraFunny|1|1346\n|player|p2|Thechienchien|1|1345\n|gen|9\n|tier|[Gen 9 Champions] VGC 2026 Reg M-A\n|rated|\n|rule|Species Clause: Limit one of each Pok\u00e9mon\n|rule|Item Clause: Limit 1 of each item\n|clearpoke\n|poke|p1|Glimmora, L50, F|\n|poke|p1|Garchomp, L50, M|\n|poke|p1|Meowscarada, L50, F|\n|poke|p1|Talonflame, L50, M|\n|poke|p1|Basculegion, L50, M|\n|poke|p1|Kingambit, L50, F|\n|poke|p2|Froslass, L50, F|\n|poke|p2|Mimikyu, L50, M|\n|poke|p2|Goodra-Hisui, L50, F|\n|poke|p2|Sneasler, L50, F|\n|poke|p2|Primarina, L50, F|\n|poke|p2|Incineroar, L50, M|\n|teampreview|4\n|inactive|Battle timer is ON: inactive players will automatically lose when time's up. (requested by Thechienchien)\n|inactive|TerraFunny has 60 seconds left.\n|\n|t:|1776207420\n|teamsize|p1|4\n|teamsize|p2|4\n|start\n|switch|p1a: Basculegion|Basculegion, L50, M|100/100\n|switch|p1b: Kingambit|Kingambit, L50, F|100/100\n|switch|p2a: Froslass|Froslass, L50, F|100/100\n|switch|p2b: Goodra|Goodra-Hisui, L50, F|100/100\n|turn|1\n|j| number86\n|l| number86\n|inactive|TerraFunny has 30 seconds left.\n|inactive|TerraFunny has 20 seconds left.\n|inactive|TerraFunny has 15 seconds left.\n|inactive|TerraFunny has 10 seconds left.\n|\n|t:|1776207468\n|detailschange|p2a: Froslass|Froslass-Mega, L50, F\n|-mega|p2a: Froslass|Froslass|Froslassite\n|-weather|Snowscape|[from] ability: Snow Warning|[of] p2a: Froslass\n|move|p1b: Kingambit|Protect|p1b: Kingambit\n|-singleturn|p1b: Kingambit|Protect\n|move|p1a: Basculegion|Flip Turn|p2b: Goodra\n|-resisted|p2b: Goodra|1\n|-damage|p2b: Goodra|87/100\n|\n|t:|1776207476\n|switch|p1a: Glimmora|Glimmora, L50, F|100/100|[from] Flip Turn\n|move|p2a: Froslass|Aurora Veil|p2a: Froslass\n|-sidestart|p2: Thechienchien|move: Aurora Veil\n|move|p2b: Goodra|Shelter|p2b: Goodra\n|-boost|p2b: Goodra|def|2\n|\n|-weather|Snowscape|[upkeep]\n|-heal|p2b: Goodra|92/100|[from] item: Leftovers\n|upkeep\n|turn|2\n|inactive|TerraFunny has 30 seconds left.\n|inactive|TerraFunny has 20 seconds left.\n|inactive|TerraFunny has 15 seconds left.\n|inactive|Thechienchien has 30 seconds left.\n|\n|t:|1776207521\n|switch|p2a: Primarina|Primarina, L50, F|100/100\n|detailschange|p1a: Glimmora|Glimmora-Mega, L50, F\n|-mega|p1a: Glimmora|Glimmora|Glimmoranite\n|move|p1a: Glimmora|Earth Power|p2b: Goodra\n|-supereffective|p2b: Goodra|1\n|-damage|p2b: Goodra|62/100\n|move|p1b: Kingambit|Kowtow Cleave|p2b: Goodra\n|-damage|p2b: Goodra|46/100\n|move|p2b: Goodra|Heavy Slam|p1a: Glimmora\n|-supereffective|p1a: Glimmora|1\n|-damage|p1a: Glimmora|25/100\n|\n|-weather|Snowscape|[upkeep]\n|-heal|p2b: Goodra|52/100|[from] item: Leftovers\n|upkeep\n|turn|3\n|inactive|TerraFunny has 30 seconds left.\n|\n|t:|1776207549\n|move|p1a: Glimmora|Spiky Shield|p1a: Glimmora\n|-singleturn|p1a: Glimmora|move: Protect\n|move|p1b: Kingambit|Kowtow Cleave|p2b: Goodra\n|-damage|p2b: Goodra|36/100\n|move|p2a: Primarina|Hyper Voice|p1a: Glimmora|[spread] p1b\n|-activate|p1a: Glimmora|move: Protect\n|-damage|p1b: Kingambit|48/100\n|move|p2b: Goodra|Life Dew||[still]|[spread] p2a,p2b\n|-fail|p2a: Primarina|heal\n|-heal|p2b: Goodra|61/100\n|\n|-weather|Snowscape|[upkeep]\n|-heal|p2b: Goodra|67/100|[from] item: Leftovers\n|upkeep\n|turn|4\n|\n|t:|1776207567\n|move|p1a: Glimmora|Sludge Bomb|p2a: Primarina\n|-supereffective|p2a: Primarina|1\n|-damage|p2a: Primarina|26/100\n|-status|p2a: Primarina|psn\n|move|p1b: Kingambit|Iron Head|p2a: Primarina\n|-damage|p2a: Primarina|0 fnt\n|faint|p2a: Primarina\n|move|p2b: Goodra|Shelter|p2b: Goodra\n|-boost|p2b: Goodra|def|2\n|\n|-weather|Snowscape|[upkeep]\n|-heal|p2b: Goodra|73/100|[from] item: Leftovers\n|upkeep\n|\n|t:|1776207576\n|switch|p2a: Froslass|Froslass-Mega, L50, F|100/100\n|turn|5\n|\n|t:|1776207586\n|switch|p2a: Sneasler|Sneasler, L50, F|100/100\n|move|p1a: Glimmora|Spiky Shield|p1a: Glimmora\n|-singleturn|p1a: Glimmora|move: Protect\n|move|p1b: Kingambit|Sucker Punch||[still]\n|-fail|p1b: Kingambit\n|move|p2b: Goodra|Body Press|p1b: Kingambit\n|-supereffective|p1b: Kingambit|2\n|-damage|p1b: Kingambit|0 fnt\n|faint|p1b: Kingambit\n|\n|-weather|none\n|-heal|p2b: Goodra|79/100|[from] item: Leftovers\n|-sideend|p2: Thechienchien|move: Aurora Veil\n|upkeep\n|\n|t:|1776207609\n|switch|p1b: Meowscarada|Meowscarada, L50, F|100/100\n|turn|6\n|\n|t:|1776207632\n|switch|p1a: Basculegion|Basculegion, L50, M|100/100\n|move|p2a: Sneasler|Fake Out|p1b: Meowscarada\n|-damage|p1b: Meowscarada|80/100\n|cant|p1b: Meowscarada|flinch\n|move|p2b: Goodra|Heavy Slam|p1a: Basculegion\n|-resisted|p1a: Basculegion|1\n|-damage|p1a: Basculegion|84/100\n|\n|-heal|p2b: Goodra|84/100|[from] item: Leftovers\n|upkeep\n|turn|7\n|\n|t:|1776207655\n|move|p1a: Basculegion|Last Respects|p2b: Goodra\n|-damage|p2b: Goodra|69/100\n|move|p1b: Meowscarada|Triple Axel|p2a: Sneasler\n|-start|p1b: Meowscarada|typechange|Ice|[from] ability: Protean\n|-damage|p2a: Sneasler|83/100\n|-damage|p2a: Sneasler|51/100\n|-damage|p2a: Sneasler|6/100\n|-hitcount|p2a: Sneasler|3\n|move|p2a: Sneasler|Close Combat|p1b: Meowscarada\n|-supereffective|p1b: Meowscarada|1\n|-damage|p1b: Meowscarada|0 fnt\n|-unboost|p2a: Sneasler|def|1\n|-unboost|p2a: Sneasler|spd|1\n|faint|p1b: Meowscarada\n|-enditem|p2a: Sneasler|White Herb\n|-clearnegativeboost|p2a: Sneasler|[silent]\n|move|p2b: Goodra|Shelter|p2b: Goodra\n|-boost|p2b: Goodra|def|2\n|\n|-heal|p2b: Goodra|75/100|[from] item: Leftovers\n|upkeep\n|\n|t:|1776207668\n|switch|p1b: Glimmora|Glimmora-Mega, L50, F|25/100\n|turn|8\n|inactive|TerraFunny has 30 seconds left.\n|\n|t:|1776207694\n|move|p2a: Sneasler|Protect|p2a: Sneasler\n|-singleturn|p2a: Sneasler|Protect\n|move|p1a: Basculegion|Last Respects|p2a: Sneasler\n|-activate|p2a: Sneasler|move: Protect\n|move|p1b: Glimmora|Earth Power|p2b: Goodra\n|-supereffective|p2b: Goodra|1\n|-damage|p2b: Goodra|32/100\n|move|p2b: Goodra|Life Dew|p2b: Goodra|[spread] p2a,p2b\n|-heal|p2a: Sneasler|31/100\n|-heal|p2b: Goodra|57/100\n|\n|-heal|p2b: Goodra|63/100|[from] item: Leftovers\n|upkeep\n|turn|9\n|inactive|TerraFunny has 30 seconds left.\n|inactive|TerraFunny has 20 seconds left.\n|\n|t:|1776207729\n|move|p2a: Sneasler|Close Combat|p1b: Glimmora\n|-damage|p1b: Glimmora|0 fnt\n|-unboost|p2a: Sneasler|def|1\n|-unboost|p2a: Sneasler|spd|1\n|faint|p1b: Glimmora\n|move|p1a: Basculegion|Last Respects|p2b: Goodra\n|-damage|p2b: Goodra|41/100\n|move|p2b: Goodra|Life Dew|p2b: Goodra|[spread] p2a,p2b\n|-heal|p2a: Sneasler|57/100\n|-heal|p2b: Goodra|66/100\n|\n|-heal|p2b: Goodra|72/100|[from] item: Leftovers\n|upkeep\n|turn|10\n|\n|t:|1776207742\n|move|p2a: Sneasler|Dire Claw|p1a: Basculegion\n|-resisted|p1a: Basculegion|1\n|-damage|p1a: Basculegion|58/100\n|-status|p1a: Basculegion|par\n|move|p1a: Basculegion|Last Respects|p2a: Sneasler\n|-damage|p2a: Sneasler|0 fnt\n|faint|p2a: Sneasler\n|move|p2b: Goodra|Life Dew|p2b: Goodra\n|-heal|p2b: Goodra|97/100\n|\n|-heal|p2b: Goodra|100/100|[from] item: Leftovers\n|upkeep\n|\n|t:|1776207746\n|switch|p2a: Froslass|Froslass-Mega, L50, F|100/100\n|-weather|Snowscape|[from] ability: Snow Warning|[of] p2a: Froslass\n|turn|11\n|\n|t:|1776207761\n|move|p2a: Froslass|Aurora Veil|p2a: Froslass\n|-sidestart|p2: Thechienchien|move: Aurora Veil\n|cant|p1a: Basculegion|par\n|move|p2b: Goodra|Heavy Slam|p1a: Basculegion\n|-resisted|p1a: Basculegion|1\n|-damage|p1a: Basculegion|41/100 par\n|\n|-weather|Snowscape|[upkeep]\n|upkeep\n|turn|12\n|\n|t:|1776207769\n|move|p2a: Froslass|Shadow Ball|p1a: Basculegion\n|-supereffective|p1a: Basculegion|1\n|-damage|p1a: Basculegion|0 fnt\n|faint|p1a: Basculegion\n|\n|win|Thechienchien\n|raw|TerraFunny's rating: 1346 &rarr; <strong>1326</strong><br />(-20 for losing)\n|raw|Thechienchien's rating: 1345 &rarr; <strong>1365</strong><br />(+20 for winning)\n",
  "uploadtime": 1776207772,
  "views": 27,
  "formatid": "gen9championsvgc2026regma",
  "rating": 1326,
  "private": 0,
  "password": null
}