{
  "id": "gen9championsvgc2026regma-2583938419",
  "format": "[Gen 9 Champions] VGC 2026 Reg M-A",
  "players": [
    "ShadowS3raph",
    "Grabloct5"
  ],
  "log": "|j|\u2606ShadowS3raph\n|j|\u2606Grabloct5\n|t:|1776209993\n|gametype|doubles\n|player|p1|ShadowS3raph|170|1115\n|player|p2|Grabloct5|grimsley|1154\n|gen|9\n|tier|[Gen 9 Champions] VGC 2026 Reg M-A\n|rated|\n|rule|Species Clause: Limit one of each Pok\u00e9mon\n|rule|Item Clause: Limit 1 of each item\n|clearpoke\n|poke|p1|Lopunny, L50, F|\n|poke|p1|Gengar, L50, M|\n|poke|p1|Incineroar, L50, M|\n|poke|p1|Sinistcha, L50|\n|poke|p1|Glimmora, L50, F|\n|poke|p1|Dragonite, L50, F|\n|poke|p2|Hatterene, L50, F|\n|poke|p2|Golurk, L50|\n|poke|p2|Mimikyu, L50, M|\n|poke|p2|Volcarona, L50, M|\n|poke|p2|Drampa, L50, F|\n|poke|p2|Incineroar, L50, M|\n|teampreview|4\n|inactive|Battle timer is ON: inactive players will automatically lose when time's up. (requested by Grabloct5)\n|inactive|ShadowS3raph has 60 seconds left.\n|inactive|Grabloct5 has 60 seconds left.\n|\n|t:|1776210048\n|teamsize|p1|4\n|teamsize|p2|4\n|start\n|switch|p1a: Lopunny|Lopunny, L50, F|100/100\n|switch|p1b: Incineroar|Incineroar, L50, M|100/100\n|switch|p2a: Hatterene|Hatterene, L50, F|100/100\n|switch|p2b: Golurk|Golurk, L50|100/100\n|-ability|p1b: Incineroar|Intimidate|boost\n|-unboost|p2a: Hatterene|atk|1\n|-unboost|p2b: Golurk|atk|1\n|turn|1\n|inactive|ShadowS3raph has 30 seconds left.\n|\n|t:|1776210080\n|switch|p2b: Incineroar|Incineroar, L50, M, shiny|100/100\n|-ability|p2b: Incineroar|Intimidate|boost\n|-unboost|p1a: Lopunny|atk|1\n|-unboost|p1b: Incineroar|atk|1\n|detailschange|p1a: Lopunny|Lopunny-Mega, L50, F\n|-mega|p1a: Lopunny|Lopunny|Lopunnite\n|move|p2a: Hatterene|Protect|p2a: Hatterene\n|-singleturn|p2a: Hatterene|Protect\n|move|p1a: Lopunny|Fake Out|p2a: Hatterene\n|-activate|p2a: Hatterene|move: Protect\n|move|p1b: Incineroar|Parting Shot|p2b: Incineroar\n|-unboost|p2b: Incineroar|atk|1\n|-unboost|p2b: Incineroar|spa|1\n|\n|t:|1776210097\n|switch|p1b: Gengar|Gengar, L50, M|100/100|[from] Parting Shot\n|\n|upkeep\n|turn|2\n|\n|t:|1776210109\n|move|p2b: Incineroar|Fake Out|p1a: Lopunny\n|-damage|p1a: Lopunny|90/100\n|cant|p1a: Lopunny|flinch\n|move|p1b: Gengar|Shadow Ball|p2a: Hatterene\n|-supereffective|p2a: Hatterene|1\n|-damage|p2a: Hatterene|19/100\n|move|p2a: Hatterene|Trick Room|p2a: Hatterene\n|-fieldstart|move: Trick Room|[of] p2a: Hatterene\n|\n|-heal|p2a: Hatterene|25/100|[from] item: Leftovers\n|upkeep\n|turn|3\n|\n|t:|1776210131\n|switch|p1a: Incineroar|Incineroar, L50, M|100/100\n|-ability|p1a: Incineroar|Intimidate|boost\n|-unboost|p2a: Hatterene|atk|1\n|-unboost|p2b: Incineroar|atk|1\n|move|p1b: Gengar|Protect|p1b: Gengar\n|-singleturn|p1b: Gengar|Protect\n|move|p2a: Hatterene|Psychic Noise|p1b: Gengar\n|-activate|p1b: Gengar|move: Protect\n|move|p2b: Incineroar|Will-O-Wisp|p1a: Incineroar\n|-immune|p1a: Incineroar\n|\n|-heal|p2a: Hatterene|30/100|[from] item: Leftovers\n|upkeep\n|turn|4\n|inactive|ShadowS3raph has 30 seconds left.\n|inactive|Grabloct5 has 30 seconds left.\n|inactive|ShadowS3raph has 20 seconds left.\n|inactive|ShadowS3raph has 15 seconds left.\n|inactive|ShadowS3raph has 10 seconds left.\n|\n|t:|1776210177\n|switch|p2a: Drampa|Drampa, L50, F|100/100\n|switch|p2b: Golurk|Golurk, L50|100/100\n|move|p1a: Incineroar|Fake Out|p2b: Golurk\n|-immune|p2b: Golurk\n|move|p1b: Gengar|Shadow Ball|p2a: Drampa\n|-immune|p2a: Drampa\n|\n|upkeep\n|turn|5\n|inactive|Grabloct5 has 30 seconds left.\n|\n|t:|1776210210\n|detailschange|p2b: Golurk|Golurk-Mega, L50\n|-mega|p2b: Golurk|Golurk|Golurkite\n|move|p1b: Gengar|Protect|p1b: Gengar\n|-singleturn|p1b: Gengar|Protect\n|move|p2a: Drampa|Heat Wave|p1b: Gengar|[spread] \n|-activate|p1b: Gengar|move: Protect\n|-miss|p2a: Drampa|p1a: Incineroar\n|move|p2b: Golurk|Close Combat|p1a: Incineroar\n|-supereffective|p1a: Incineroar|1\n|-damage|p1a: Incineroar|25/100\n|-unboost|p2b: Golurk|def|1\n|-unboost|p2b: Golurk|spd|1\n|-enditem|p1a: Incineroar|Sitrus Berry|[eat]\n|-heal|p1a: Incineroar|50/100|[from] item: Sitrus Berry\n|move|p1a: Incineroar|Parting Shot|p2a: Drampa\n|-unboost|p2a: Drampa|atk|1\n|-unboost|p2a: Drampa|spa|1\n|\n|t:|1776210233\n|switch|p1a: Lopunny|Lopunny-Mega, L50, F|90/100|[from] Parting Shot\n|\n|upkeep\n|turn|6\n|\n|t:|1776210246\n|switch|p1a: Sinistcha|Sinistcha, L50|100/100\n|move|p2b: Golurk|Protect|p2b: Golurk\n|-singleturn|p2b: Golurk|Protect\n|move|p2a: Drampa|Hyper Voice|p1a: Sinistcha|[spread] \n|-immune|p1a: Sinistcha\n|-immune|p1b: Gengar\n|move|p1b: Gengar|Will-O-Wisp|p2b: Golurk\n|-activate|p2b: Golurk|move: Protect\n|\n|-fieldend|move: Trick Room\n|upkeep\n|turn|7\n|\n|t:|1776210267\n|switch|p1b: Incineroar|Incineroar, L50, M|50/100\n|-ability|p1b: Incineroar|Intimidate|boost\n|-unboost|p2a: Drampa|atk|1\n|-unboost|p2b: Golurk|atk|1\n|move|p1a: Sinistcha|Rage Powder|p1a: Sinistcha\n|-singleturn|p1a: Sinistcha|move: Rage Powder\n|move|p2b: Golurk|Heat Crash|p1a: Sinistcha\n|-supereffective|p1a: Sinistcha|1\n|-enditem|p1a: Sinistcha|Occa Berry|[eat]\n|-enditem|p1a: Sinistcha|Occa Berry|[weaken]\n|-damage|p1a: Sinistcha|65/100\n|move|p2a: Drampa|Heat Wave|p1a: Sinistcha|[spread] p1a,p1b\n|-supereffective|p1a: Sinistcha|1\n|-resisted|p1b: Incineroar|1\n|-damage|p1a: Sinistcha|33/100\n|-damage|p1b: Incineroar|43/100\n|\n|upkeep\n|turn|8\n|inactive|ShadowS3raph has 30 seconds left.\n|inactive|Grabloct5 has 30 seconds left.\n|\n|t:|1776210296\n|move|p2a: Drampa|Protect|p2a: Drampa\n|-singleturn|p2a: Drampa|Protect\n|move|p1a: Sinistcha|Life Dew|p1a: Sinistcha|[spread] p1a,p1b\n|-heal|p1a: Sinistcha|58/100\n|-heal|p1b: Incineroar|68/100\n|move|p1b: Incineroar|Throat Chop|p2b: Golurk\n|-supereffective|p2b: Golurk|1\n|-damage|p2b: Golurk|20/100\n|-start|p2b: Golurk|Throat Chop|[silent]\n|move|p2b: Golurk|Headlong Rush|p1b: Incineroar\n|-supereffective|p1b: Incineroar|1\n|-damage|p1b: Incineroar|0 fnt\n|-unboost|p2b: Golurk|def|1\n|-unboost|p2b: Golurk|spd|1\n|faint|p1b: Incineroar\n|\n|upkeep\n|\n|t:|1776210315\n|switch|p1b: Lopunny|Lopunny-Mega, L50, F|90/100\n|turn|9\n|\n|t:|1776210323\n|switch|p2b: Incineroar|Incineroar, L50, M, shiny|100/100\n|-ability|p2b: Incineroar|Intimidate|boost\n|-unboost|p1a: Sinistcha|atk|1\n|-fail|p1b: Lopunny|unboost|Attack|[from] ability: Scrappy|[of] p1b: Lopunny\n|move|p1a: Sinistcha|Rage Powder|p1a: Sinistcha\n|-singleturn|p1a: Sinistcha|move: Rage Powder\n|move|p1b: Lopunny|Close Combat|p2a: Drampa\n|-supereffective|p2a: Drampa|1\n|-damage|p2a: Drampa|0 fnt\n|-unboost|p1b: Lopunny|def|1\n|-unboost|p1b: Lopunny|spd|1\n|faint|p2a: Drampa\n|\n|upkeep\n|\n|t:|1776210335\n|switch|p2a: Hatterene|Hatterene, L50, F|30/100\n|turn|10\n|\n|t:|1776210345\n|move|p1a: Sinistcha|Rage Powder|p1a: Sinistcha\n|-singleturn|p1a: Sinistcha|move: Rage Powder\n|move|p1b: Lopunny|U-turn|p2a: Hatterene\n|-crit|p2a: Hatterene\n|-damage|p2a: Hatterene|0 fnt\n|faint|p2a: Hatterene\n|\n|t:|1776210351\n|switch|p1b: Gengar|Gengar, L50, M|100/100|[from] U-turn\n|move|p2b: Incineroar|Flare Blitz|p1a: Sinistcha\n|-supereffective|p1a: Sinistcha|1\n|-crit|p1a: Sinistcha\n|-damage|p1a: Sinistcha|0 fnt\n|faint|p1a: Sinistcha\n|-damage|p2b: Incineroar|82/100|[from] Recoil\n|\n|upkeep\n|\n|t:|1776210365\n|switch|p1a: Lopunny|Lopunny-Mega, L50, F|90/100\n|switch|p2a: Golurk|Golurk-Mega, L50|20/100\n|turn|11\n|\n|t:|1776210378\n|move|p2a: Golurk|Protect|p2a: Golurk\n|-singleturn|p2a: Golurk|Protect\n|move|p1a: Lopunny|Close Combat|p2b: Incineroar\n|-supereffective|p2b: Incineroar|1\n|-damage|p2b: Incineroar|0 fnt\n|-unboost|p1a: Lopunny|def|1\n|-unboost|p1a: Lopunny|spd|1\n|faint|p2b: Incineroar\n|move|p1b: Gengar|Shadow Ball|p2a: Golurk\n|-activate|p2a: Golurk|move: Protect\n|\n|upkeep\n|turn|12\n|-message|Grabloct5 forfeited.\n|\n|win|ShadowS3raph\n|raw|ShadowS3raph's rating: 1115 &rarr; <strong>1143</strong><br />(+28 for winning)\n|raw|Grabloct5's rating: 1154 &rarr; <strong>1126</strong><br />(-28 for losing)\n|l|\u2606Grabloct5\n|player|p2|\n|c|\u2606ShadowS3raph|Gg\n",
  "uploadtime": 1776210396,
  "views": 19,
  "formatid": "gen9championsvgc2026regma",
  "rating": 1126,
  "private": 0,
  "password": null
}