{
  "id": "gen9championsvgc2026regma-2583234583",
  "format": "[Gen 9 Champions] VGC 2026 Reg M-A",
  "players": [
    "M4DM3TH",
    "Lathius"
  ],
  "log": "|j|\u2606M4DM3TH\n|j|\u2606Lathius\n|t:|1776157807\n|gametype|doubles\n|player|p1|M4DM3TH|169|1081\n|player|p2|Lathius|101|1067\n|gen|9\n|tier|[Gen 9 Champions] VGC 2026 Reg M-A\n|rated|\n|rule|Species Clause: Limit one of each Pok\u00e9mon\n|rule|Item Clause: Limit 1 of each item\n|clearpoke\n|poke|p1|Gengar, L50, M|\n|poke|p1|Noivern, L50, F|\n|poke|p1|Sneasler, L50, F|\n|poke|p1|Garchomp, L50, M|\n|poke|p1|Kingambit, L50, F|\n|poke|p1|Sinistcha, L50|\n|poke|p2|Charizard, L50, F|\n|poke|p2|Venusaur, L50, F|\n|poke|p2|Whimsicott, L50, F|\n|poke|p2|Milotic, L50, M|\n|poke|p2|Sneasler, L50, M|\n|poke|p2|Archaludon, L50, F|\n|teampreview|4\n|\n|t:|1776157862\n|teamsize|p1|4\n|teamsize|p2|4\n|start\n|switch|p1a: Noivern|Noivern, L50, F|100/100\n|switch|p1b: Garchomp|Garchomp, L50, M|100/100\n|switch|p2a: Sneasler|Sneasler, L50, M|100/100\n|switch|p2b: Charizard|Charizard, L50, F|100/100\n|turn|1\n|\n|t:|1776157906\n|move|p2a: Sneasler|Fake Out|p1b: Garchomp\n|-damage|p1b: Garchomp|87/100\n|cant|p1b: Garchomp|flinch\n|move|p1a: Noivern|Draco Meteor|p2a: Sneasler\n|-damage|p2a: Sneasler|24/100\n|-unboost|p1a: Noivern|spa|2\n|move|p2b: Charizard|Dragon Claw|p1b: Garchomp\n|-supereffective|p1b: Garchomp|1\n|-damage|p1b: Garchomp|46/100\n|\n|upkeep\n|turn|2\n|\n|t:|1776157938\n|switch|p2a: Milotic|Milotic, L50, M|100/100\n|detailschange|p2b: Charizard|Charizard-Mega-X, L50, F\n|-mega|p2b: Charizard|Charizard|Charizardite X\n|move|p1b: Garchomp|Stone Edge|p2b: Charizard\n|-supereffective|p2b: Charizard|1\n|-damage|p2b: Charizard|31/100\n|move|p1a: Noivern|Tailwind|p1a: Noivern\n|-sidestart|p1: M4DM3TH|move: Tailwind\n|move|p2b: Charizard|Dragon Claw|p1b: Garchomp\n|-supereffective|p1b: Garchomp|1\n|-damage|p1b: Garchomp|0 fnt\n|faint|p1b: Garchomp\n|\n|upkeep\n|\n|t:|1776157951\n|switch|p1b: Sneasler|Sneasler, L50, F|100/100\n|turn|3\n|\n|t:|1776157970\n|move|p2b: Charizard|Protect|p2b: Charizard\n|-singleturn|p2b: Charizard|Protect\n|move|p1b: Sneasler|Fake Out|p2a: Milotic\n|-damage|p2a: Milotic|83/100\n|move|p1a: Noivern|Boomburst|p2b: Charizard|[spread] p1b,p2a\n|-activate|p2b: Charizard|move: Protect\n|-damage|p1b: Sneasler|84/100\n|-damage|p2a: Milotic|75/100\n|cant|p2a: Milotic|flinch\n|\n|-heal|p2a: Milotic|81/100|[from] item: Leftovers\n|upkeep\n|turn|4\n|\n|t:|1776157996\n|switch|p2b: Archaludon|Archaludon, L50, F|100/100\n|move|p1a: Noivern|Boomburst|p2b: Archaludon|[spread] p1b,p2a,p2b\n|-resisted|p2b: Archaludon|1\n|-damage|p1b: Sneasler|66/100\n|-damage|p2a: Milotic|72/100\n|-damage|p2b: Archaludon|90/100\n|move|p1b: Sneasler|Close Combat|p2b: Archaludon\n|-supereffective|p2b: Archaludon|1\n|-damage|p2b: Archaludon|0 fnt\n|-unboost|p1b: Sneasler|def|1\n|-unboost|p1b: Sneasler|spd|1\n|faint|p2b: Archaludon\n|-enditem|p1b: Sneasler|White Herb\n|-clearnegativeboost|p1b: Sneasler|[silent]\n|move|p2a: Milotic|Life Dew|p2a: Milotic\n|-heal|p2a: Milotic|97/100\n|\n|-heal|p2a: Milotic|100/100|[from] item: Leftovers\n|upkeep\n|\n|t:|1776158016\n|switch|p2b: Sneasler|Sneasler, L50, M|24/100\n|turn|5\n|\n|t:|1776158031\n|switch|p1a: Kingambit|Kingambit, L50, F|100/100\n|move|p1b: Sneasler|Protect|p1b: Sneasler\n|-singleturn|p1b: Sneasler|Protect\n|move|p2b: Sneasler|Fake Out|p1b: Sneasler\n|-activate|p1b: Sneasler|move: Protect\n|move|p2a: Milotic|Icy Wind|p1b: Sneasler|[spread] p1a\n|-activate|p1b: Sneasler|move: Protect\n|-resisted|p1a: Kingambit|1\n|-damage|p1a: Kingambit|95/100\n|-unboost|p1a: Kingambit|spe|1\n|-ability|p1a: Kingambit|Defiant|boost\n|-boost|p1a: Kingambit|atk|2\n|\n|-sideend|p1: M4DM3TH|move: Tailwind\n|upkeep\n|turn|6\n|\n|t:|1776158055\n|move|p1a: Kingambit|Sucker Punch|p2b: Sneasler\n|-resisted|p2b: Sneasler|1\n|-crit|p2b: Sneasler\n|-damage|p2b: Sneasler|0 fnt\n|faint|p2b: Sneasler\n|move|p1b: Sneasler|Dire Claw|p2a: Milotic\n|-damage|p2a: Milotic|48/100\n|-status|p2a: Milotic|slp\n|cant|p2a: Milotic|slp\n|\n|-heal|p2a: Milotic|54/100 slp|[from] item: Leftovers\n|upkeep\n|\n|t:|1776158069\n|switch|p2b: Charizard|Charizard-Mega-X, L50, F|31/100\n|turn|7\n|\n|t:|1776158077\n|cant|p2a: Milotic|slp\n|move|p1a: Kingambit|Protect|p1a: Kingambit\n|-singleturn|p1a: Kingambit|Protect\n|move|p1b: Sneasler|Close Combat|p2b: Charizard\n|-damage|p2b: Charizard|0 fnt\n|-unboost|p1b: Sneasler|def|1\n|-unboost|p1b: Sneasler|spd|1\n|faint|p2b: Charizard\n|\n|-heal|p2a: Milotic|60/100 slp|[from] item: Leftovers\n|upkeep\n|turn|8\n|-message|Lathius forfeited.\n|\n|win|M4DM3TH\n|raw|M4DM3TH's rating: 1081 &rarr; <strong>1108</strong><br />(+27 for winning)\n|raw|Lathius's rating: 1067 &rarr; <strong>1048</strong><br />(-19 for losing)\n|l|\u2606Lathius\n|player|p2|\n",
  "uploadtime": 1776158140,
  "views": 21,
  "formatid": "gen9championsvgc2026regma",
  "rating": 1048,
  "private": 0,
  "password": null
}