{
  "id": "gen9championsvgc2026regma-2587551737",
  "format": "[Gen 9 Champions] VGC 2026 Reg M-A",
  "players": [
    "ub student",
    "mmmyummycrayons"
  ],
  "log": "|j|\u2606ub student\n|j|\u2606mmmyummycrayons\n|t:|1776541588\n|gametype|doubles\n|player|p1|ub student|101|1482\n|player|p2|mmmyummycrayons|bugcatcher-gen4dp|1541\n|gen|9\n|tier|[Gen 9 Champions] VGC 2026 Reg M-A\n|rated|\n|rule|Species Clause: Limit one of each Pok\u00e9mon\n|rule|Item Clause: Limit 1 of each item\n|clearpoke\n|poke|p1|Floette-Eternal, L50, F|\n|poke|p1|Talonflame, L50, M|\n|poke|p1|Basculegion, L50, M|\n|poke|p1|Garchomp, L50, F|\n|poke|p1|Rotom-Wash, L50|\n|poke|p1|Kingambit, L50, M|\n|poke|p2|Blastoise, L50, F|\n|poke|p2|Farigiraf, L50, M|\n|poke|p2|Sinistcha, L50|\n|poke|p2|Kingambit, L50, F|\n|poke|p2|Sneasler, L50, M|\n|poke|p2|Dragonite, L50, F|\n|teampreview|4\n|j| Meh Decisions\n|inactive|Battle timer is ON: inactive players will automatically lose when time's up. (requested by ub student)\n|\n|t:|1776541627\n|teamsize|p1|4\n|teamsize|p2|4\n|start\n|switch|p1a: Talonflame|Talonflame, L50, M|100/100\n|switch|p1b: Basculegion|Basculegion, L50, M|100/100\n|switch|p2a: Farigiraf|Farigiraf, L50, M|100/100\n|switch|p2b: Blastoise|Blastoise, L50, F|100/100\n|turn|1\n|\n|t:|1776541645\n|detailschange|p2b: Blastoise|Blastoise-Mega, L50, F\n|-mega|p2b: Blastoise|Blastoise|Blastoisinite\n|move|p2b: Blastoise|Fake Out|p1a: Talonflame\n|-damage|p1a: Talonflame|86/100\n|cant|p1a: Talonflame|flinch\n|move|p1b: Basculegion|Flip Turn|p2a: Farigiraf\n|-damage|p2a: Farigiraf|63/100\n|\n|t:|1776541650\n|switch|p1b: Rotom|Rotom-Wash, L50|100/100|[from] Flip Turn\n|move|p2a: Farigiraf|Trick Room|p2a: Farigiraf\n|-fieldstart|move: Trick Room|[of] p2a: Farigiraf\n|\n|upkeep\n|turn|2\n|\n|t:|1776541666\n|move|p1a: Talonflame|Protect|p1a: Talonflame\n|-singleturn|p1a: Talonflame|Protect\n|move|p2a: Farigiraf|Rain Dance|p2a: Farigiraf\n|-weather|RainDance\n|move|p2b: Blastoise|Water Spout|p1b: Rotom|[spread] p1b\n|-activate|p1a: Talonflame|move: Protect\n|-resisted|p1b: Rotom|1\n|-damage|p1b: Rotom|50/100\n|-enditem|p1b: Rotom|Sitrus Berry|[eat]\n|-heal|p1b: Rotom|74/100|[from] item: Sitrus Berry\n|move|p1b: Rotom|Electroweb|p2b: Blastoise|[spread] p2a,p2b\n|-supereffective|p2b: Blastoise|1\n|-damage|p2a: Farigiraf|48/100\n|-damage|p2b: Blastoise|65/100\n|-unboost|p2a: Farigiraf|spe|1\n|-unboost|p2b: Blastoise|spe|1\n|\n|-weather|RainDance|[upkeep]\n|upkeep\n|turn|3\n|inactive|ub student has 30 seconds left.\n|\n|t:|1776541695\n|switch|p2a: Sinistcha|Sinistcha, L50|100/100\n|-heal|p2b: Blastoise|90/100|[from] ability: Hospitality|[of] p2a: Sinistcha\n|move|p1a: Talonflame|Feint|p2b: Blastoise\n|-damage|p2b: Blastoise|83/100\n|move|p2b: Blastoise|Water Spout|p1a: Talonflame|[spread] p1a,p1b\n|-supereffective|p1a: Talonflame|1\n|-resisted|p1b: Rotom|1\n|-damage|p1a: Talonflame|0 fnt\n|-damage|p1b: Rotom|32/100\n|faint|p1a: Talonflame\n|move|p1b: Rotom|Electroweb|p2a: Sinistcha|[spread] p2a,p2b\n|-resisted|p2a: Sinistcha|1\n|-supereffective|p2b: Blastoise|1\n|-crit|p2b: Blastoise\n|-damage|p2a: Sinistcha|89/100\n|-damage|p2b: Blastoise|28/100\n|-unboost|p2a: Sinistcha|spe|1\n|-unboost|p2b: Blastoise|spe|1\n|\n|-weather|RainDance|[upkeep]\n|upkeep\n|\n|t:|1776541712\n|switch|p1a: Garchomp|Garchomp, L50, F|100/100\n|turn|4\n|\n|t:|1776541719\n|move|p1b: Rotom|Protect|p1b: Rotom\n|-singleturn|p1b: Rotom|Protect\n|move|p1a: Garchomp|Protect|p1a: Garchomp\n|-singleturn|p1a: Garchomp|Protect\n|move|p2b: Blastoise|Water Pulse|p1a: Garchomp\n|-activate|p1a: Garchomp|move: Protect\n|move|p2a: Sinistcha|Matcha Gotcha|p1b: Rotom|[spread] \n|-activate|p1a: Garchomp|move: Protect\n|-activate|p1b: Rotom|move: Protect\n|\n|-weather|RainDance|[upkeep]\n|upkeep\n|turn|5\n|\n|t:|1776541739\n|move|p2b: Blastoise|Water Pulse|p1a: Garchomp\n|-damage|p1a: Garchomp|9/100\n|move|p2a: Sinistcha|Matcha Gotcha|p1b: Rotom|[spread] p1a,p1b\n|-supereffective|p1b: Rotom|1\n|-damage|p1a: Garchomp|0 fnt\n|-heal|p2a: Sinistcha|94/100|[from] drain|[of] p1a: Garchomp\n|-damage|p1b: Rotom|0 fnt\n|-heal|p2a: Sinistcha|100/100|[from] drain|[of] p1b: Rotom\n|faint|p1a: Garchomp\n|faint|p1b: Rotom\n|\n|-weather|RainDance|[upkeep]\n|-fieldend|move: Trick Room\n|upkeep\n|-message|ub student forfeited.\n|\n|win|mmmyummycrayons\n|raw|ub student's rating: 1482 &rarr; <strong>1465</strong><br />(-17 for losing)\n|raw|mmmyummycrayons's rating: 1541 &rarr; <strong>1558</strong><br />(+17 for winning)\n|l|\u2606ub student\n|player|p1|\n",
  "uploadtime": 1776541759,
  "views": 23,
  "formatid": "gen9championsvgc2026regma",
  "rating": 1465,
  "private": 0,
  "password": null
}