{
  "id": "gen9championsvgc2026regma-2583987213",
  "format": "[Gen 9 Champions] VGC 2026 Reg M-A",
  "players": [
    "michzy49",
    "EXSA"
  ],
  "log": "|j|\u2606michzy49\n|j|\u2606EXSA\n|t:|1776214414\n|gametype|doubles\n|player|p1|michzy49|169|1125\n|player|p2|EXSA|1|1212\n|gen|9\n|tier|[Gen 9 Champions] VGC 2026 Reg M-A\n|rated|\n|rule|Species Clause: Limit one of each Pok\u00e9mon\n|rule|Item Clause: Limit 1 of each item\n|clearpoke\n|poke|p1|Delphox, L50, M|\n|poke|p1|Tauros-Paldea-Aqua, L50, M|\n|poke|p1|Clefable, L50, M|\n|poke|p1|Garchomp, L50, M|\n|poke|p1|Hydreigon, L50, M|\n|poke|p1|Aegislash, L50, F|\n|poke|p2|Charizard, L50, F|\n|poke|p2|Incineroar, L50, M|\n|poke|p2|Maushold-Four, L50|\n|poke|p2|Hatterene, L50, F|\n|poke|p2|Mamoswine, L50, M|\n|poke|p2|Hawlucha, L50, F|\n|teampreview|4\n|\n|t:|1776214522\n|teamsize|p1|4\n|teamsize|p2|4\n|start\n|switch|p1a: Clefable|Clefable, L50, M|100/100\n|switch|p1b: Garchomp|Garchomp, L50, M|100/100\n|switch|p2a: Mamoswine|Mamoswine, L50, M|100/100\n|switch|p2b: Incineroar|Incineroar, L50, M|100/100\n|-ability|p2b: Incineroar|Intimidate|boost\n|-unboost|p1a: Clefable|atk|1\n|-unboost|p1b: Garchomp|atk|1\n|turn|1\n|\n|t:|1776214555\n|switch|p1a: Tauros|Tauros-Paldea-Aqua, L50, M|100/100\n|-ability|p1a: Tauros|Intimidate|boost\n|-fail|p2a: Mamoswine|unboost|Attack|[from] ability: Oblivious|[of] p2a: Mamoswine\n|-unboost|p2b: Incineroar|atk|1\n|switch|p2b: Charizard|Charizard, L50, F, shiny|100/100\n|move|p1b: Garchomp|Protect|p1b: Garchomp\n|-singleturn|p1b: Garchomp|Protect\n|move|p2a: Mamoswine|Earthquake|p1a: Tauros|[spread] p1a\n|-activate|p1b: Garchomp|move: Protect\n|-immune|p2b: Charizard\n|-damage|p1a: Tauros|55/100\n|\n|upkeep\n|turn|2\n|\n|t:|1776214580\n|switch|p1b: Clefable|Clefable, L50, M|100/100\n|move|p2b: Charizard|Protect|p2b: Charizard\n|-singleturn|p2b: Charizard|Protect\n|move|p1a: Tauros|Rock Slide|p2a: Mamoswine|[spread] p2a\n|-activate|p2b: Charizard|move: Protect\n|-damage|p2a: Mamoswine|80/100\n|move|p2a: Mamoswine|Earthquake|p1a: Tauros|[spread] p1a,p1b\n|-activate|p2b: Charizard|move: Protect\n|-damage|p1a: Tauros|6/100\n|-damage|p1b: Clefable|56/100\n|\n|upkeep\n|turn|3\n|\n|t:|1776214608\n|switch|p2b: Incineroar|Incineroar, L50, M|100/100\n|-ability|p2b: Incineroar|Intimidate|boost\n|-unboost|p1a: Tauros|atk|1\n|-unboost|p1b: Clefable|atk|1\n|move|p1b: Clefable|Helping Hand|p1a: Tauros\n|-singleturn|p1a: Tauros|Helping Hand|[of] p1b: Clefable\n|move|p1a: Tauros|Rock Slide|p2a: Mamoswine|[spread] p2a,p2b\n|-supereffective|p2b: Incineroar|1\n|-damage|p2a: Mamoswine|60/100\n|-damage|p2b: Incineroar|65/100\n|cant|p2a: Mamoswine|flinch\n|\n|upkeep\n|turn|4\n|\n|t:|1776214646\n|switch|p1a: Hydreigon|Hydreigon, L50, M|100/100\n|switch|p2a: Hatterene|Hatterene, L50, F|100/100\n|move|p2b: Incineroar|Fake Out|p1a: Hydreigon\n|-damage|p1a: Hydreigon|84/100\n|move|p1b: Clefable|Moonblast|p2b: Incineroar\n|-damage|p2b: Incineroar|37/100\n|-enditem|p2b: Incineroar|Sitrus Berry|[eat]\n|-heal|p2b: Incineroar|61/100|[from] item: Sitrus Berry\n|\n|upkeep\n|turn|5\n|\n|t:|1776214693\n|move|p1a: Hydreigon|Draco Meteor|p2b: Incineroar|[miss]\n|-miss|p1a: Hydreigon|p2b: Incineroar\n|move|p1b: Clefable|Life Dew|p1b: Clefable|[spread] p1a,p1b\n|-heal|p1a: Hydreigon|100/100\n|-heal|p1b: Clefable|81/100\n|move|p2b: Incineroar|Parting Shot|p1a: Hydreigon\n|-unboost|p1a: Hydreigon|atk|1\n|-unboost|p1a: Hydreigon|spa|1\n|\n|t:|1776214703\n|switch|p2b: Charizard|Charizard, L50, F, shiny|100/100|[from] Parting Shot\n|move|p2a: Hatterene|Dazzling Gleam|p1a: Hydreigon|[spread] p1a,p1b\n|-supereffective|p1a: Hydreigon|2\n|-enditem|p1a: Hydreigon|Focus Sash\n|-damage|p1a: Hydreigon|1/100\n|-damage|p1b: Clefable|41/100\n|-enditem|p1b: Clefable|Sitrus Berry|[eat]\n|-heal|p1b: Clefable|66/100|[from] item: Sitrus Berry\n|\n|upkeep\n|turn|6\n|\n|t:|1776214732\n|detailschange|p2b: Charizard|Charizard-Mega-Y, L50, F, shiny\n|-mega|p2b: Charizard|Charizard|Charizardite Y\n|-weather|SunnyDay|[from] ability: Drought|[of] p2b: Charizard\n|move|p1b: Clefable|Helping Hand|p1a: Hydreigon\n|-singleturn|p1a: Hydreigon|Helping Hand|[of] p1b: Clefable\n|move|p2b: Charizard|Heat Wave|p1a: Hydreigon|[spread] p1a,p1b\n|-resisted|p1a: Hydreigon|1\n|-damage|p1a: Hydreigon|0 fnt\n|-damage|p1b: Clefable|0 fnt\n|faint|p1a: Hydreigon\n|faint|p1b: Clefable\n|move|p2a: Hatterene|Dazzling Gleam|p1: Hydreigon|[notarget]\n|-fail|p2a: Hatterene\n|\n|-weather|SunnyDay|[upkeep]\n|upkeep\n|-message|michzy49 forfeited.\n|\n|win|EXSA\n|raw|michzy49's rating: 1125 &rarr; <strong>1106</strong><br />(-19 for losing)\n|raw|EXSA's rating: 1212 &rarr; <strong>1231</strong><br />(+19 for winning)\n|l|\u2606michzy49\n|player|p1|\n",
  "uploadtime": 1776214744,
  "views": 18,
  "formatid": "gen9championsvgc2026regma",
  "rating": 1106,
  "private": 0,
  "password": null
}