{
  "id": "gen9championsvgc2026regma-2586493422",
  "format": "[Gen 9 Champions] VGC 2026 Reg M-A",
  "players": [
    "pixelhero52",
    "asr23"
  ],
  "log": "|j|\u2606pixelhero52\n|j|\u2606asr23\n|t:|1776438499\n|gametype|doubles\n|player|p1|pixelhero52|sailor|1116\n|player|p2|asr23|nate|1051\n|gen|9\n|tier|[Gen 9 Champions] VGC 2026 Reg M-A\n|rated|\n|rule|Species Clause: Limit one of each Pok\u00e9mon\n|rule|Item Clause: Limit 1 of each item\n|clearpoke\n|poke|p1|Gengar, L50, M|\n|poke|p1|Politoed, L50, M|\n|poke|p1|Basculegion, L50, M|\n|poke|p1|Archaludon, L50, M|\n|poke|p1|Sinistcha-Masterpiece, L50|\n|poke|p1|Drampa, L50, F|\n|poke|p2|Charizard, L50, M|\n|poke|p2|Sneasler, L50, M|\n|poke|p2|Golurk, L50|\n|poke|p2|Sinistcha, L50|\n|poke|p2|Whimsicott, L50, F|\n|poke|p2|Gallade, L50, M|\n|teampreview|4\n|inactive|Battle timer is ON: inactive players will automatically lose when time's up. (requested by pixelhero52)\npixelhero52 has agreed to open team sheets.\n|inactive|pixelhero52 has 60 seconds left.\n|inactive|asr23 has 60 seconds left.\nasr23 has agreed to open team sheets.\n|showteam|p1|Gengar||Gengarite|CursedBody|SludgeBomb,PerishSong,ShadowBall,Protect|||M|||50|]Politoed||ChestoBerry|Drizzle|PerishSong,WeatherBall,Protect,Haze|||M|||50|]Basculegion||MysticWater|SwiftSwim|FlipTurn,WaveCrash,LastRespects,AquaJet|||M|||50|]Archaludon||Leftovers|Stamina|ElectroShot,Protect,DracoMeteor,FlashCannon|||M|||50|]Sinistcha-Masterpiece||SitrusBerry|Hospitality|RagePowder,Protect,MatchaGotcha,TrickRoom||||||50|]Drampa||Drampanite|Berserk|Hurricane,Thunder,HyperVoice,Protect|||F|||50|\n|showteam|p2|Charizard||CharizarditeX|Blaze|FlareBlitz,DragonClaw,DragonDance,Protect|||M|||50|]Sneasler||WhiteHerb|Unburden|FakeOut,DireClaw,CloseCombat,Protect|||M|||50|]Golurk||Golurkite|IronFist|HighHorsepower,Poltergeist,ShadowPunch,Protect||||||50|]Sinistcha||Leftovers|Hospitality|MatchaGotcha,CalmMind,RagePowder,TrickRoom||||||50|]Whimsicott||FocusSash|Prankster|Taunt,Tailwind,Moonblast,Encore|||F|||50|]Gallade||Galladite|Justified|SacredSword,PsychoCut,TrickRoom,Protect|||M|||50|\n|inactive|asr23 has 30 seconds left.\n|inactive|asr23 has 20 seconds left.\n|inactive|asr23 has 15 seconds left.\n|inactive|asr23 has 10 seconds left.\n|inactive|pixelhero52 has 30 seconds left.\n|inactive|asr23 has 5 seconds left.\n|inactive|pixelhero52 has 20 seconds left.\n|\n|t:|1776438597\n|teamsize|p1|4\n|teamsize|p2|4\n|start\n|switch|p1a: Gengar|Gengar, L50, M|100/100\n|switch|p1b: Politoed|Politoed, L50, M|100/100\n|switch|p2a: Golurk|Golurk, L50|100/100\n|switch|p2b: Sinistcha|Sinistcha, L50, shiny|100/100\n|-weather|RainDance|[from] ability: Drizzle|[of] p1b: Politoed\n|turn|1\n|inactive|pixelhero52 has 30 seconds left.\n|inactive|asr23 has 30 seconds left.\n|inactive|asr23 has 20 seconds left.\n|inactive|pixelhero52 has 20 seconds left.\n|\n|t:|1776438639\n|switch|p2b: Gallade|Gallade, L50, M, shiny|100/100\n|detailschange|p1a: Gengar|Gengar-Mega, L50, M\n|-mega|p1a: Gengar|Gengar|Gengarite\n|detailschange|p2a: Golurk|Golurk-Mega, L50\n|-mega|p2a: Golurk|Golurk|Golurkite\n|move|p1a: Gengar|Protect|p1a: Gengar\n|-singleturn|p1a: Gengar|Protect\n|move|p1b: Politoed|Weather Ball|p2a: Golurk\n|-supereffective|p2a: Golurk|1\n|-damage|p2a: Golurk|25/100\n|move|p2a: Golurk|Shadow Punch|p1a: Gengar\n|-supereffective|p1a: Gengar|1\n|-ability|p2a: Golurk|Unseen Fist\n|-zbroken|p1a: Gengar\n|-damage|p1a: Gengar|72/100\n|\n|-weather|RainDance|[upkeep]\n|upkeep\n|turn|2\n|inactive|pixelhero52 has 30 seconds left.\n|\n|t:|1776438668\n|switch|p1b: Sinistcha|Sinistcha-Masterpiece, L50|100/100\n|-heal|p1a: Gengar|97/100|[from] ability: Hospitality|[of] p1b: Sinistcha\n|move|p2a: Golurk|Protect|p2a: Golurk\n|-singleturn|p2a: Golurk|Protect\n|move|p1a: Gengar|Shadow Ball|p2a: Golurk\n|-activate|p2a: Golurk|move: Protect\n|move|p2b: Gallade|Trick Room|p2b: Gallade\n|-fieldstart|move: Trick Room|[of] p2b: Gallade\n|\n|-weather|RainDance|[upkeep]\n|upkeep\n|turn|3\n|\n|t:|1776438688\n|move|p1b: Sinistcha|Rage Powder|p1b: Sinistcha\n|-singleturn|p1b: Sinistcha|move: Rage Powder\n|move|p2a: Golurk|Poltergeist|p1b: Sinistcha\n|-activate|p1b: Sinistcha|move: Poltergeist|Sitrus Berry\n|-supereffective|p1b: Sinistcha|1\n|-damage|p1b: Sinistcha|5/100\n|-enditem|p1b: Sinistcha|Sitrus Berry|[eat]\n|-heal|p1b: Sinistcha|30/100|[from] item: Sitrus Berry\n|move|p2b: Gallade|Psycho Cut|p1b: Sinistcha\n|-damage|p1b: Sinistcha|8/100\n|move|p1a: Gengar|Shadow Ball|p2a: Golurk\n|-supereffective|p2a: Golurk|1\n|-damage|p2a: Golurk|0 fnt\n|faint|p2a: Golurk\n|\n|-weather|RainDance|[upkeep]\n|upkeep\n|\n|t:|1776438703\n|switch|p2a: Sinistcha|Sinistcha, L50, shiny|100/100\n|turn|4\n|\n|t:|1776438726\n|move|p2b: Gallade|Psycho Cut|p1a: Gengar\n|-supereffective|p1a: Gengar|1\n|-crit|p1a: Gengar\n|-damage|p1a: Gengar|0 fnt\n|faint|p1a: Gengar\n|move|p2a: Sinistcha|Calm Mind|p2a: Sinistcha\n|-boost|p2a: Sinistcha|spa|1\n|-boost|p2a: Sinistcha|spd|1\n|move|p1b: Sinistcha|Trick Room|p1b: Sinistcha\n|-fieldend|move: Trick Room\n|\n|-weather|RainDance|[upkeep]\n|upkeep\n|\n|t:|1776438732\n|switch|p1a: Basculegion|Basculegion, L50, M|100/100\n|turn|5\n|\n|t:|1776438750\n|move|p1b: Sinistcha|Rage Powder|p1b: Sinistcha\n|-singleturn|p1b: Sinistcha|move: Rage Powder\n|move|p1a: Basculegion|Last Respects|p2b: Gallade\n|-supereffective|p2b: Gallade|1\n|-damage|p2b: Gallade|0 fnt\n|faint|p2b: Gallade\n|move|p2a: Sinistcha|Matcha Gotcha|p1a: Basculegion|[spread] p1a,p1b\n|-supereffective|p1a: Basculegion|1\n|-resisted|p1b: Sinistcha|1\n|-damage|p1a: Basculegion|14/100\n|-damage|p1b: Sinistcha|0 fnt\n|-status|p1a: Basculegion|brn\n|faint|p1b: Sinistcha\n|\n|-weather|none\n|-damage|p1a: Basculegion|8/100 brn|[from] brn\n|upkeep\n|\n|t:|1776438764\n|switch|p2b: Whimsicott|Whimsicott, L50, F, shiny|100/100\n|switch|p1b: Politoed|Politoed, L50, M|100/100\n|-weather|RainDance|[from] ability: Drizzle|[of] p1b: Politoed\n|turn|6\n|\n|t:|1776438778\n|move|p2b: Whimsicott|Encore|p1a: Basculegion\n|-start|p1a: Basculegion|Encore\n|move|p1a: Basculegion|Last Respects|p2a: Sinistcha\n|-supereffective|p2a: Sinistcha|1\n|-damage|p2a: Sinistcha|25/100\n|move|p2a: Sinistcha|Matcha Gotcha|p1b: Politoed|[spread] p1a,p1b\n|-supereffective|p1a: Basculegion|1\n|-supereffective|p1b: Politoed|1\n|-damage|p1a: Basculegion|0 fnt\n|-heal|p2a: Sinistcha|30/100|[from] drain|[of] p1a: Basculegion\n|-damage|p1b: Politoed|42/100\n|-heal|p2a: Sinistcha|64/100|[from] drain|[of] p1b: Politoed\n|-status|p1b: Politoed|brn\n|faint|p1a: Basculegion\n|move|p1b: Politoed|Perish Song|p1b: Politoed\n|-start|p1b: Politoed|perish3|[silent]\n|-start|p2a: Sinistcha|perish3|[silent]\n|-start|p2b: Whimsicott|perish3|[silent]\n|-fieldactivate|move: Perish Song\n|\n|-weather|RainDance|[upkeep]\n|-heal|p2a: Sinistcha|70/100|[from] item: Leftovers\n|-damage|p1b: Politoed|36/100 brn|[from] brn\n|-start|p2b: Whimsicott|perish3\n|-start|p2a: Sinistcha|perish3\n|-start|p1b: Politoed|perish3\n|upkeep\n|turn|7\n|inactive|asr23 has 30 seconds left.\n|\n|t:|1776438807\n|move|p1b: Politoed|Protect|p1b: Politoed\n|-singleturn|p1b: Politoed|Protect\n|move|p2b: Whimsicott|Moonblast|p1b: Politoed\n|-activate|p1b: Politoed|move: Protect\n|move|p2a: Sinistcha|Matcha Gotcha|p1b: Politoed\n|-activate|p1b: Politoed|move: Protect\n|\n|-weather|RainDance|[upkeep]\n|-heal|p2a: Sinistcha|75/100|[from] item: Leftovers\n|-damage|p1b: Politoed|29/100 brn|[from] brn\n|-start|p2b: Whimsicott|perish2\n|-start|p2a: Sinistcha|perish2\n|-start|p1b: Politoed|perish2\n|upkeep\n|turn|8\n|\n|t:|1776438825\n|move|p1b: Politoed|Protect||[still]\n|-fail|p1b: Politoed\n|move|p2b: Whimsicott|Taunt|p1b: Politoed\n|-start|p1b: Politoed|move: Taunt\n|move|p2a: Sinistcha|Matcha Gotcha|p1b: Politoed\n|-supereffective|p1b: Politoed|1\n|-damage|p1b: Politoed|0 fnt\n|-heal|p2a: Sinistcha|92/100|[from] drain|[of] p1b: Politoed\n|faint|p1b: Politoed\n|\n|win|asr23\n|raw|pixelhero52's rating: 1116 &rarr; <strong>1086</strong><br />(-30 for losing)\n|raw|asr23's rating: 1051 &rarr; <strong>1089</strong><br />(+38 for winning)\n|l|\u2606pixelhero52\n|player|p1|\n",
  "uploadtime": 1776438872,
  "views": 20,
  "formatid": "gen9championsvgc2026regma",
  "rating": 1086,
  "private": 0,
  "password": null
}