{
  "id": "gen9championsvgc2026regma-2585484698",
  "format": "[Gen 9 Champions] VGC 2026 Reg M-A",
  "players": [
    "sdgcfsdcgfsdcscd",
    "Law_NBD"
  ],
  "log": "|j|\u2606sdgcfsdcgfsdcscd\n|j|\u2606Law_NBD\n|t:|1776350650\n|gametype|doubles\n|player|p1|sdgcfsdcgfsdcscd|102|1075\n|player|p2|Law_NBD|1|1130\n|gen|9\n|tier|[Gen 9 Champions] VGC 2026 Reg M-A\n|rated|\n|rule|Species Clause: Limit one of each Pok\u00e9mon\n|rule|Item Clause: Limit 1 of each item\n|clearpoke\n|poke|p1|Charizard, L50, F|\n|poke|p1|Venusaur, L50, F|\n|poke|p1|Garchomp, L50, M|\n|poke|p1|Incineroar, L50, M|\n|poke|p1|Sneasler, L50, F|\n|poke|p1|Whimsicott, L50, F|\n|poke|p2|Scovillain, L50, F|\n|poke|p2|Milotic, L50, M|\n|poke|p2|Espathra, L50, M|\n|poke|p2|Sinistcha, L50|\n|poke|p2|Incineroar, L50, F|\n|poke|p2|Clefable, L50, M|\n|teampreview|4\n|inactive|Battle timer is ON: inactive players will automatically lose when time's up. (requested by Law_NBD)\n|inactive|sdgcfsdcgfsdcscd has 60 seconds left.\n|\n|t:|1776350707\n|teamsize|p1|4\n|teamsize|p2|4\n|start\n|switch|p1a: Charizard|Charizard, L50, F|100/100\n|switch|p1b: Sneasler|Sneasler, L50, F|100/100\n|switch|p2a: Incineroar|Incineroar, L50, F|100/100\n|switch|p2b: Espathra|Espathra, L50, M|100/100\n|-ability|p2a: Incineroar|Intimidate|boost\n|-unboost|p1a: Charizard|atk|1\n|-unboost|p1b: Sneasler|atk|1\n|-enditem|p1b: Sneasler|White Herb\n|-clearnegativeboost|p1b: Sneasler|[silent]\n|turn|1\n|inactive|Law_NBD has 30 seconds left.\n|\n|t:|1776350733\n|detailschange|p1a: Charizard|Charizard-Mega-Y, L50, F\n|-mega|p1a: Charizard|Charizard|Charizardite Y\n|-weather|SunnyDay|[from] ability: Drought|[of] p1a: Charizard\n|move|p2b: Espathra|Protect|p2b: Espathra\n|-singleturn|p2b: Espathra|Protect\n|move|p1b: Sneasler|Fake Out|p2a: Incineroar\n|-damage|p2a: Incineroar|86/100\n|cant|p2a: Incineroar|flinch\n|move|p1a: Charizard|Weather Ball|p2b: Espathra\n|-activate|p2b: Espathra|move: Protect\n|\n|-weather|SunnyDay|[upkeep]\n|-ability|p2b: Espathra|Speed Boost|boost\n|-boost|p2b: Espathra|spe|1\n|upkeep\n|turn|2\n|\n|t:|1776350755\n|switch|p1b: Incineroar|Incineroar, L50, M|100/100\n|-ability|p1b: Incineroar|Intimidate|boost\n|-unboost|p2a: Incineroar|atk|1\n|-unboost|p2b: Espathra|atk|1\n|move|p2b: Espathra|Calm Mind|p2b: Espathra\n|-boost|p2b: Espathra|spa|1\n|-boost|p2b: Espathra|spd|1\n|move|p1a: Charizard|Weather Ball|p2b: Espathra\n|-damage|p2b: Espathra|37/100\n|move|p2a: Incineroar|Parting Shot|p1a: Charizard\n|-unboost|p1a: Charizard|atk|1\n|-unboost|p1a: Charizard|spa|1\n|\n|t:|1776350769\n|switch|p2a: Clefable|Clefable, L50, M|100/100|[from] Parting Shot\n|\n|-weather|SunnyDay|[upkeep]\n|-ability|p2b: Espathra|Speed Boost|boost\n|-boost|p2b: Espathra|spe|1\n|upkeep\n|turn|3\n|\n|t:|1776350786\n|detailschange|p2a: Clefable|Clefable-Mega, L50, M\n|-mega|p2a: Clefable|Clefable|Clefablite\n|move|p2b: Espathra|Protect|p2b: Espathra\n|-singleturn|p2b: Espathra|Protect\n|move|p1b: Incineroar|Fake Out|p2a: Clefable\n|-damage|p2a: Clefable|93/100\n|move|p1a: Charizard|Heat Wave|p2b: Espathra|[spread] p2a\n|-activate|p2b: Espathra|move: Protect\n|-damage|p2a: Clefable|61/100\n|cant|p2a: Clefable|flinch\n|\n|-weather|SunnyDay|[upkeep]\n|-ability|p2b: Espathra|Speed Boost|boost\n|-boost|p2b: Espathra|spe|1\n|upkeep\n|turn|4\n|inactive|Law_NBD has 30 seconds left.\n|\n|t:|1776350811\n|move|p1a: Charizard|Protect|p1a: Charizard\n|-singleturn|p1a: Charizard|Protect\n|move|p2b: Espathra|Baton Pass|p2b: Espathra\n|\n|t:|1776350815\n|switch|p2b: Sinistcha|Sinistcha, L50|100/100|[from] Baton Pass\n|move|p2a: Clefable|Life Dew||[still]|[spread] p2a,p2b\n|-heal|p2a: Clefable|87/100\n|-fail|p2b: Sinistcha|heal\n|move|p1b: Incineroar|Darkest Lariat|p2b: Sinistcha\n|-supereffective|p2b: Sinistcha|1\n|-damage|p2b: Sinistcha|40/100\n|\n|-weather|SunnyDay|[upkeep]\n|upkeep\n|turn|5\n|inactive|sdgcfsdcgfsdcscd has 30 seconds left.\n|\n|t:|1776350843\n|switch|p1a: Sneasler|Sneasler, L50, F|100/100\n|move|p2b: Sinistcha|Matcha Gotcha|p1a: Sneasler|[spread] p1a\n|-miss|p2b: Sinistcha|p1b: Incineroar\n|-resisted|p1a: Sneasler|1\n|-damage|p1a: Sneasler|68/100\n|-heal|p2b: Sinistcha|54/100|[from] drain|[of] p1a: Sneasler\n|-status|p1a: Sneasler|brn\n|move|p2a: Clefable|Life Dew|p2a: Clefable|[spread] p2a,p2b\n|-heal|p2a: Clefable|100/100\n|-heal|p2b: Sinistcha|80/100\n|move|p1b: Incineroar|Flare Blitz|p2b: Sinistcha\n|-supereffective|p2b: Sinistcha|1\n|-damage|p2b: Sinistcha|9/100\n|-damage|p1b: Incineroar|79/100|[from] Recoil\n|\n|-weather|none\n|-damage|p1a: Sneasler|62/100 brn|[from] brn\n|upkeep\n|turn|6\n|inactive|sdgcfsdcgfsdcscd has 30 seconds left.\n|\n|t:|1776350875\n|move|p1a: Sneasler|Fake Out|p2a: Clefable\n|-damage|p2a: Clefable|95/100\n|cant|p2a: Clefable|flinch\n|move|p2b: Sinistcha|Matcha Gotcha|p1a: Sneasler|[spread] p1a,p1b\n|-resisted|p1a: Sneasler|1\n|-resisted|p1b: Incineroar|1\n|-damage|p1a: Sneasler|28/100 brn\n|-heal|p2b: Sinistcha|24/100|[from] drain|[of] p1a: Sneasler\n|-damage|p1b: Incineroar|57/100\n|-heal|p2b: Sinistcha|36/100|[from] drain|[of] p1b: Incineroar\n|move|p1b: Incineroar|Darkest Lariat|p2b: Sinistcha\n|-supereffective|p2b: Sinistcha|1\n|-damage|p2b: Sinistcha|0 fnt\n|faint|p2b: Sinistcha\n|\n|-damage|p1a: Sneasler|22/100 brn|[from] brn\n|upkeep\n|\n|t:|1776350895\n|switch|p2b: Incineroar|Incineroar, L50, F|86/100\n|-ability|p2b: Incineroar|Intimidate|boost\n|-unboost|p1a: Sneasler|atk|1\n|-unboost|p1b: Incineroar|atk|1\n|turn|7\n|inactive|sdgcfsdcgfsdcscd has 30 seconds left.\n|\n|t:|1776350929\n|move|p1a: Sneasler|Protect|p1a: Sneasler\n|-singleturn|p1a: Sneasler|Protect\n|move|p2b: Incineroar|Fake Out|p1b: Incineroar\n|-damage|p1b: Incineroar|45/100\n|-enditem|p1b: Incineroar|Sitrus Berry|[eat]\n|-heal|p1b: Incineroar|70/100|[from] item: Sitrus Berry\n|move|p2a: Clefable|Moonblast|p1b: Incineroar\n|-damage|p1b: Incineroar|31/100\n|cant|p1b: Incineroar|flinch\n|\n|-damage|p1a: Sneasler|16/100 brn|[from] brn\n|upkeep\n|turn|8\n|\n|t:|1776350948\n|switch|p1b: Charizard|Charizard-Mega-Y, L50, F|100/100\n|-weather|SunnyDay|[from] ability: Drought|[of] p1b: Charizard\n|move|p1a: Sneasler|Dire Claw|p2a: Clefable\n|-supereffective|p2a: Clefable|1\n|-damage|p2a: Clefable|75/100\n|move|p2a: Clefable|Moonblast|p1b: Charizard\n|-resisted|p1b: Charizard|1\n|-damage|p1b: Charizard|81/100\n|move|p2b: Incineroar|Darkest Lariat|p1a: Sneasler\n|-resisted|p1a: Sneasler|1\n|-crit|p1a: Sneasler\n|-damage|p1a: Sneasler|0 fnt\n|faint|p1a: Sneasler\n|\n|-weather|SunnyDay|[upkeep]\n|upkeep\n|inactive|sdgcfsdcgfsdcscd has 30 seconds left.\n|\n|t:|1776350977\n|switch|p1a: Incineroar|Incineroar, L50, M|31/100\n|-ability|p1a: Incineroar|Intimidate|boost\n|-unboost|p2a: Clefable|atk|1\n|-unboost|p2b: Incineroar|atk|1\n|turn|9\n|\n|t:|1776350993\n|move|p1a: Incineroar|Fake Out|p2b: Incineroar\n|-damage|p2b: Incineroar|76/100\n|move|p1b: Charizard|Air Slash|p2b: Incineroar\n|-damage|p2b: Incineroar|31/100\n|-enditem|p2b: Incineroar|Sitrus Berry|[eat]\n|-heal|p2b: Incineroar|56/100|[from] item: Sitrus Berry\n|move|p2a: Clefable|Life Dew|p2a: Clefable|[spread] p2a,p2b\n|-heal|p2a: Clefable|100/100\n|-heal|p2b: Incineroar|81/100\n|cant|p2b: Incineroar|flinch\n|\n|-weather|SunnyDay|[upkeep]\n|upkeep\n|turn|10\n|\n|t:|1776351014\n|move|p1b: Charizard|Weather Ball|p2a: Clefable\n|-damage|p2a: Clefable|34/100\n|move|p2a: Clefable|Moonblast|p1a: Incineroar\n|-damage|p1a: Incineroar|0 fnt\n|faint|p1a: Incineroar\n|move|p2b: Incineroar|Darkest Lariat|p1b: Charizard\n|-damage|p1b: Charizard|38/100\n|\n|-weather|SunnyDay|[upkeep]\n|upkeep\n|\n|t:|1776351020\n|switch|p1a: Venusaur|Venusaur, L50, F|100/100\n|turn|11\n|inactive|Law_NBD has 30 seconds left.\n|\n|t:|1776351047\n|move|p2a: Clefable|Follow Me|p2a: Clefable\n|-singleturn|p2a: Clefable|move: Follow Me\n|move|p1a: Venusaur|Earth Power|p2a: Clefable\n|-immune|p2a: Clefable\n|move|p1b: Charizard|Air Slash|p2a: Clefable\n|-damage|p2a: Clefable|1/100\n|move|p2b: Incineroar|Flare Blitz|p1a: Venusaur\n|-supereffective|p1a: Venusaur|1\n|-enditem|p1a: Venusaur|Occa Berry|[eat]\n|-enditem|p1a: Venusaur|Occa Berry|[weaken]\n|-damage|p1a: Venusaur|9/100\n|-damage|p2b: Incineroar|57/100|[from] Recoil\n|\n|-weather|SunnyDay|[upkeep]\n|upkeep\n|turn|12\n|inactive|sdgcfsdcgfsdcscd has 30 seconds left.\n|\n|t:|1776351074\n|move|p2a: Clefable|Follow Me|p2a: Clefable\n|-singleturn|p2a: Clefable|move: Follow Me\n|move|p1a: Venusaur|Sleep Powder|p2a: Clefable\n|move|p2a: Clefable|Sleep Powder|p1a: Venusaur|[from] ability: Magic Bounce\n|-immune|p1a: Venusaur\n|move|p1b: Charizard|Heat Wave|p2a: Clefable|[spread] p2a,p2b\n|-resisted|p2b: Incineroar|1\n|-damage|p2a: Clefable|0 fnt\n|-damage|p2b: Incineroar|28/100\n|faint|p2a: Clefable\n|move|p2b: Incineroar|Darkest Lariat|p1a: Venusaur\n|-damage|p1a: Venusaur|0 fnt\n|faint|p1a: Venusaur\n|\n|-weather|none\n|upkeep\n|-message|sdgcfsdcgfsdcscd forfeited.\n|\n|win|Law_NBD\n|raw|sdgcfsdcgfsdcscd's rating: 1075 &rarr; <strong>1057</strong><br />(-18 for losing)\n|raw|Law_NBD's rating: 1130 &rarr; <strong>1151</strong><br />(+21 for winning)\n|l|\u2606sdgcfsdcgfsdcscd\n|player|p1|\n",
  "uploadtime": 1776351096,
  "views": 30,
  "formatid": "gen9championsvgc2026regma",
  "rating": 1057,
  "private": 0,
  "password": null
}