{
  "id": "gen9championsvgc2026regma-2585501821",
  "format": "[Gen 9 Champions] VGC 2026 Reg M-A",
  "players": [
    "Assasion",
    "HeyNumi"
  ],
  "log": "|j|\u2606Assasion\n|j|\u2606HeyNumi\n|t:|1776351820\n|gametype|doubles\n|player|p1|Assasion|n|1119\n|player|p2|HeyNumi|bellelba|1086\n|gen|9\n|tier|[Gen 9 Champions] VGC 2026 Reg M-A\n|rated|\n|rule|Species Clause: Limit one of each Pok\u00e9mon\n|rule|Item Clause: Limit 1 of each item\n|clearpoke\n|poke|p1|Floette-Eternal, L50, F|\n|poke|p1|Incineroar, L50, F|\n|poke|p1|Kingambit, L50, M|\n|poke|p1|Aerodactyl, L50, M|\n|poke|p1|Sneasler, L50, F|\n|poke|p1|Sinistcha, L50|\n|poke|p2|Floette-Eternal, L50, F|\n|poke|p2|Sinistcha, L50|\n|poke|p2|Incineroar, L50, M|\n|poke|p2|Garchomp, L50, F|\n|poke|p2|Aerodactyl, L50, F|\n|poke|p2|Rotom-Wash, L50|\n|teampreview|4\n|inactive|Battle timer is ON: inactive players will automatically lose when time's up. (requested by HeyNumi)\nAssasion rejected open team sheets.\n|inactive|HeyNumi has 60 seconds left.\n|inactive|HeyNumi has 30 seconds left.\n|\n|t:|1776351881\n|teamsize|p1|4\n|teamsize|p2|4\n|start\n|switch|p1a: \u597d\u5973\u5b69|Floette-Eternal, L50, F|100/100\n|switch|p1b: Kingambit|Kingambit, L50, M|100/100\n|switch|p2a: Garchomp|Garchomp, L50, F|100/100\n|switch|p2b: Rotom|Rotom-Wash, L50|100/100\n|turn|1\n|\n|t:|1776351895\n|switch|p1b: Incineroar|Incineroar, L50, F|100/100\n|-ability|p1b: Incineroar|Intimidate|boost\n|-unboost|p2a: Garchomp|atk|1\n|-unboost|p2b: Rotom|atk|1\n|-enditem|p2a: Garchomp|White Herb\n|-clearnegativeboost|p2a: Garchomp|[silent]\n|move|p2a: Garchomp|Protect|p2a: Garchomp\n|-singleturn|p2a: Garchomp|Protect\n|move|p1a: \u597d\u5973\u5b69|Protect|p1a: \u597d\u5973\u5b69\n|-singleturn|p1a: \u597d\u5973\u5b69|Protect\n|move|p2b: Rotom|Will-O-Wisp|p1a: \u597d\u5973\u5b69\n|-activate|p1a: \u597d\u5973\u5b69|move: Protect\n|\n|upkeep\n|turn|2\n|\n|t:|1776351916\n|detailschange|p1a: \u597d\u5973\u5b69|Floette-Mega, L50, F\n|-mega|p1a: \u597d\u5973\u5b69|Floette|Floettite\n|-ability|p1a: \u597d\u5973\u5b69|Fairy Aura\n|move|p1b: Incineroar|Fake Out|p2a: Garchomp\n|-damage|p2a: Garchomp|90/100\n|-damage|p1b: Incineroar|88/100|[from] ability: Rough Skin|[of] p2a: Garchomp\n|cant|p2a: Garchomp|flinch\n|move|p2b: Rotom|Hydro Pump|p1b: Incineroar|[miss]\n|-miss|p2b: Rotom|p1b: Incineroar\n|move|p1a: \u597d\u5973\u5b69|Calm Mind|p1a: \u597d\u5973\u5b69\n|-boost|p1a: \u597d\u5973\u5b69|spa|1\n|-boost|p1a: \u597d\u5973\u5b69|spd|1\n|\n|upkeep\n|turn|3\n|inactive|Assasion has 30 seconds left.\n|inactive|Assasion has 20 seconds left.\n|\n|t:|1776351952\n|move|p2a: Garchomp|Protect|p2a: Garchomp\n|-singleturn|p2a: Garchomp|Protect\n|move|p1a: \u597d\u5973\u5b69|Protect|p1a: \u597d\u5973\u5b69\n|-singleturn|p1a: \u597d\u5973\u5b69|Protect\n|move|p2b: Rotom|Volt Switch|p1a: \u597d\u5973\u5b69\n|-activate|p1a: \u597d\u5973\u5b69|move: Protect\n|move|p1b: Incineroar|Parting Shot|p2a: Garchomp\n|-activate|p2a: Garchomp|move: Protect\n|\n|upkeep\n|turn|4\n|inactive|HeyNumi has 30 seconds left.\n|\n|t:|1776351979\n|move|p2a: Garchomp|Earthquake|p1a: \u597d\u5973\u5b69|[spread] p1a,p1b\n|-immune|p2b: Rotom|[from] ability: Levitate\n|-supereffective|p1b: Incineroar|1\n|-damage|p1a: \u597d\u5973\u5b69|61/100\n|-damage|p1b: Incineroar|29/100\n|move|p2b: Rotom|Volt Switch|p1a: \u597d\u5973\u5b69\n|-damage|p1a: \u597d\u5973\u5b69|47/100\n|\n|t:|1776351990\n|switch|p2b: Aerodactyl|Aerodactyl, L50, F|100/100|[from] Volt Switch\n|-ability|p2b: Aerodactyl|Unnerve\n|move|p1a: \u597d\u5973\u5b69|Dazzling Gleam|p2b: Aerodactyl|[spread] p2a,p2b\n|-supereffective|p2a: Garchomp|1\n|-damage|p2a: Garchomp|0 fnt\n|-damage|p2b: Aerodactyl|9/100\n|faint|p2a: Garchomp\n|move|p1b: Incineroar|Parting Shot|p2b: Aerodactyl\n|-unboost|p2b: Aerodactyl|atk|1\n|-unboost|p2b: Aerodactyl|spa|1\n|inactive|Assasion has 30 seconds left.\n|\n|t:|1776352016\n|switch|p1b: Sinistcha|Sinistcha, L50|100/100|[from] Parting Shot\n|-heal|p1a: \u597d\u5973\u5b69|72/100|[from] ability: Hospitality|[of] p1b: Sinistcha\n|\n|upkeep\n|\n|t:|1776352023\n|switch|p2a: Floette|Floette-Eternal, L50, F|100/100\n|turn|5\n|\n|t:|1776352032\n|detailschange|p2a: Floette|Floette-Mega, L50, F\n|-mega|p2a: Floette|Floette|Floettite\n|-ability|p2a: Floette|Fairy Aura\n|move|p1b: Sinistcha|Rage Powder|p1b: Sinistcha\n|-singleturn|p1b: Sinistcha|move: Rage Powder\n|move|p2b: Aerodactyl|Rock Slide|p1a: \u597d\u5973\u5b69|[spread] p1a\n|-miss|p2b: Aerodactyl|p1b: Sinistcha\n|-damage|p1a: \u597d\u5973\u5b69|57/100\n|move|p2a: Floette|Dazzling Gleam|p1b: Sinistcha|[spread] p1a,p1b\n|-crit|p1a: \u597d\u5973\u5b69\n|-damage|p1a: \u597d\u5973\u5b69|15/100\n|-damage|p1b: Sinistcha|68/100\n|cant|p1a: \u597d\u5973\u5b69|flinch\n|\n|upkeep\n|turn|6\n|\n|t:|1776352050\n|move|p1a: \u597d\u5973\u5b69|Protect|p1a: \u597d\u5973\u5b69\n|-singleturn|p1a: \u597d\u5973\u5b69|Protect\n|move|p2b: Aerodactyl|Dual Wingbeat|p1b: Sinistcha\n|-supereffective|p1b: Sinistcha|1\n|-damage|p1b: Sinistcha|48/100\n|-supereffective|p1b: Sinistcha|1\n|-damage|p1b: Sinistcha|26/100\n|-hitcount|p1b: Sinistcha|2\n|move|p2a: Floette|Dazzling Gleam|p1a: \u597d\u5973\u5b69|[spread] p1b\n|-activate|p1a: \u597d\u5973\u5b69|move: Protect\n|-damage|p1b: Sinistcha|0 fnt\n|faint|p1b: Sinistcha\n|\n|upkeep\n|\n|t:|1776352062\n|switch|p1b: Incineroar|Incineroar, L50, F|29/100\n|-ability|p1b: Incineroar|Intimidate|boost\n|-unboost|p2a: Floette|atk|1\n|-unboost|p2b: Aerodactyl|atk|1\n|turn|7\n|\n|t:|1776352071\n|move|p1b: Incineroar|Fake Out|p2b: Aerodactyl\n|-resisted|p2b: Aerodactyl|1\n|-damage|p2b: Aerodactyl|2/100\n|cant|p2b: Aerodactyl|flinch\n|move|p2a: Floette|Dazzling Gleam|p1a: \u597d\u5973\u5b69|[spread] p1a,p1b\n|-damage|p1a: \u597d\u5973\u5b69|0 fnt\n|-damage|p1b: Incineroar|0 fnt\n|faint|p1a: \u597d\u5973\u5b69\n|faint|p1b: Incineroar\n|\n|upkeep\n|\n|t:|1776352083\n|switch|p1b: Kingambit|Kingambit, L50, M|100/100\n|turn|8\n|\n|t:|1776352090\n|switch|p2a: Rotom|Rotom-Wash, L50|100/100\n|move|p1b: Kingambit|Sucker Punch|p2b: Aerodactyl\n|-damage|p2b: Aerodactyl|0 fnt\n|faint|p2b: Aerodactyl\n|\n|upkeep\n|\n|t:|1776352095\n|switch|p2b: Floette|Floette-Mega, L50, F|100/100\n|-ability|p2b: Floette|Fairy Aura\n|turn|9\n|\n|t:|1776352099\n|move|p2b: Floette|Protect|p2b: Floette\n|-singleturn|p2b: Floette|Protect\n|move|p2a: Rotom|Will-O-Wisp|p1b: Kingambit\n|-status|p1b: Kingambit|brn\n|move|p1b: Kingambit|Iron Head|p2b: Floette\n|-activate|p2b: Floette|move: Protect\n|\n|-damage|p1b: Kingambit|94/100 brn|[from] brn\n|upkeep\n|turn|10\n|\n|t:|1776352109\n|move|p2b: Floette|Moonblast|p1b: Kingambit\n|-damage|p1b: Kingambit|22/100 brn\n|move|p2a: Rotom|Hydro Pump|p1b: Kingambit|[miss]\n|-miss|p2a: Rotom|p1b: Kingambit\n|move|p1b: Kingambit|Iron Head|p2b: Floette\n|-supereffective|p2b: Floette|1\n|-damage|p2b: Floette|51/100\n|\n|-damage|p1b: Kingambit|16/100 brn|[from] brn\n|upkeep\n|turn|11\n|\n|t:|1776352119\n|move|p2b: Floette|Protect|p2b: Floette\n|-singleturn|p2b: Floette|Protect\n|move|p2a: Rotom|Protect|p2a: Rotom\n|-singleturn|p2a: Rotom|Protect\n|move|p1b: Kingambit|Iron Head|p2b: Floette\n|-activate|p2b: Floette|move: Protect\n|\n|-damage|p1b: Kingambit|10/100 brn|[from] brn\n|upkeep\n|turn|12\n|\n|t:|1776352128\n|move|p2b: Floette|Moonblast|p1b: Kingambit\n|-damage|p1b: Kingambit|0 fnt\n|faint|p1b: Kingambit\n|\n|win|HeyNumi\n|raw|Assasion's rating: 1119 &rarr; <strong>1092</strong><br />(-27 for losing)\n|raw|HeyNumi's rating: 1086 &rarr; <strong>1116</strong><br />(+30 for winning)\n",
  "uploadtime": 1776352133,
  "views": 24,
  "formatid": "gen9championsvgc2026regma",
  "rating": 1092,
  "private": 0,
  "password": null
}