{
  "id": "gen9championsvgc2026regma-2583868835",
  "format": "[Gen 9 Champions] VGC 2026 Reg M-A",
  "players": [
    "jadestar63",
    "IanIsBored"
  ],
  "log": "|j|\u2606jadestar63\n|j|\u2606IanIsBored\n|t:|1776204062\n|gametype|doubles\n|player|p1|jadestar63|flannery|1111\n|player|p2|IanIsBored|ethan|1111\n|gen|9\n|tier|[Gen 9 Champions] VGC 2026 Reg M-A\n|rated|\n|rule|Species Clause: Limit one of each Pok\u00e9mon\n|rule|Item Clause: Limit 1 of each item\n|clearpoke\n|poke|p1|Tyranitar, L50, F|\n|poke|p1|Excadrill, L50, F|\n|poke|p1|Garchomp, L50, M|\n|poke|p1|Aegislash, L50, M|\n|poke|p1|Milotic, L50, M|\n|poke|p1|Arcanine, L50, M|\n|poke|p2|Farigiraf, L50, F|\n|poke|p2|Kingambit, L50, M|\n|poke|p2|Sinistcha, L50|\n|poke|p2|Incineroar, L50, M|\n|poke|p2|Golurk, L50|\n|poke|p2|Primarina, L50, M|\n|teampreview|4\n|inactive|Battle timer is ON: inactive players will automatically lose when time's up. (requested by IanIsBored)\n|\n|t:|1776204090\n|teamsize|p1|4\n|teamsize|p2|4\n|start\n|switch|p1a: Garchomp|Garchomp, L50, M|100/100\n|switch|p1b: Aegislash|Aegislash, L50, M|100/100\n|switch|p2a: Long Boi Slim|Farigiraf, L50, F|100/100\n|switch|p2b: Incineroar|Incineroar, L50, M|100/100\n|-ability|p2b: Incineroar|Intimidate|boost\n|-unboost|p1a: Garchomp|atk|1\n|-unboost|p1b: Aegislash|atk|1\n|turn|1\n|inactive|jadestar63 has 30 seconds left.\n|\n|t:|1776204116\n|switch|p1b: Tyranitar|Tyranitar, L50, F|100/100\n|-weather|Sandstorm|[from] ability: Sand Stream|[of] p1b: Tyranitar\n|move|p1a: Garchomp|Protect|p1a: Garchomp\n|-singleturn|p1a: Garchomp|Protect\n|move|p2b: Incineroar|Fake Out|p1a: Garchomp\n|-activate|p1a: Garchomp|move: Protect\n|move|p2a: Long Boi Slim|Trick Room|p2a: Long Boi Slim\n|-fieldstart|move: Trick Room|[of] p2a: Long Boi Slim\n|\n|-weather|Sandstorm|[upkeep]\n|-damage|p2a: Long Boi Slim|94/100|[from] Sandstorm\n|-damage|p2b: Incineroar|95/100|[from] Sandstorm\n|upkeep\n|turn|2\n|\n|t:|1776204138\n|detailschange|p1b: Tyranitar|Tyranitar-Mega, L50, F\n|-mega|p1b: Tyranitar|Tyranitar|Tyranitarite\n|move|p2a: Long Boi Slim|Dazzling Gleam|p1a: Garchomp|[spread] p1b\n|-miss|p2a: Long Boi Slim|p1a: Garchomp\n|-supereffective|p1b: Tyranitar|1\n|-damage|p1b: Tyranitar|81/100\n|move|p2b: Incineroar|Parting Shot|p1b: Tyranitar\n|-unboost|p1b: Tyranitar|atk|1\n|-unboost|p1b: Tyranitar|spa|1\n|\n|t:|1776204145\n|switch|p2b: Primarina|Primarina, L50, M|100/100|[from] Parting Shot\n|move|p1b: Tyranitar|Rock Slide|p2a: Long Boi Slim|[spread] p2a,p2b\n|-damage|p2a: Long Boi Slim|68/100\n|-damage|p2b: Primarina|70/100\n|move|p1a: Garchomp|Dragon Claw|p2a: Long Boi Slim\n|-damage|p2a: Long Boi Slim|40/100\n|\n|-weather|Sandstorm|[upkeep]\n|-damage|p2b: Primarina|64/100|[from] Sandstorm\n|-damage|p2a: Long Boi Slim|34/100|[from] Sandstorm\n|upkeep\n|turn|3\n|\n|t:|1776204165\n|move|p1b: Tyranitar|Protect|p1b: Tyranitar\n|-singleturn|p1b: Tyranitar|Protect\n|move|p2b: Primarina|Moonblast|p1a: Garchomp\n|-supereffective|p1a: Garchomp|1\n|-damage|p1a: Garchomp|0 fnt\n|faint|p1a: Garchomp\n|move|p2a: Long Boi Slim|Dazzling Gleam|p1b: Tyranitar\n|-activate|p1b: Tyranitar|move: Protect\n|\n|-weather|Sandstorm|[upkeep]\n|-damage|p2b: Primarina|58/100|[from] Sandstorm\n|-damage|p2a: Long Boi Slim|28/100|[from] Sandstorm\n|upkeep\n|\n|t:|1776204177\n|switch|p1a: Aegislash|Aegislash, L50, M|100/100\n|turn|4\n|\n|t:|1776204188\n|switch|p2a: Incineroar|Incineroar, L50, M|95/100\n|-ability|p2a: Incineroar|Intimidate|boost\n|-unboost|p1a: Aegislash|atk|1\n|-unboost|p1b: Tyranitar|atk|1\n|move|p2b: Primarina|Hyper Voice|p1b: Tyranitar|[spread] p1a,p1b\n|-supereffective|p1b: Tyranitar|1\n|-damage|p1a: Aegislash|66/100\n|-damage|p1b: Tyranitar|43/100\n|-formechange|p1a: Aegislash|Aegislash-Blade|\n|move|p1a: Aegislash|Flash Cannon|p2b: Primarina\n|-damage|p2b: Primarina|13/100\n|move|p1b: Tyranitar|Knock Off|p2a: Incineroar\n|-resisted|p2a: Incineroar|1\n|-damage|p2a: Incineroar|77/100\n|-enditem|p2a: Incineroar|Charcoal|[from] move: Knock Off|[of] p1b: Tyranitar\n|\n|-weather|Sandstorm|[upkeep]\n|-damage|p2b: Primarina|8/100|[from] Sandstorm\n|-damage|p2a: Incineroar|71/100|[from] Sandstorm\n|-heal|p1a: Aegislash|72/100|[from] item: Leftovers\n|upkeep\n|turn|5\n|inactive|jadestar63 has 30 seconds left.\n|inactive|IanIsBored has 30 seconds left.\n|\n|t:|1776204221\n|move|p1b: Tyranitar|Protect|p1b: Tyranitar\n|-singleturn|p1b: Tyranitar|Protect\n|move|p2b: Primarina|Encore|p1b: Tyranitar\n|-activate|p1b: Tyranitar|move: Protect\n|move|p2a: Incineroar|Flamethrower|p1a: Aegislash\n|-supereffective|p1a: Aegislash|1\n|-damage|p1a: Aegislash|0 fnt\n|faint|p1a: Aegislash\n|\n|-weather|none\n|-fieldend|move: Trick Room\n|upkeep\n|\n|t:|1776204230\n|switch|p1a: Excadrill|Excadrill, L50, F|100/100\n|turn|6\n|\n|t:|1776204236\n|move|p1a: Excadrill|Rock Slide|p2a: Incineroar|[spread] p2a,p2b\n|-supereffective|p2a: Incineroar|1\n|-crit|p2a: Incineroar\n|-damage|p2a: Incineroar|5/100\n|-damage|p2b: Primarina|0 fnt\n|faint|p2b: Primarina\n|move|p1b: Tyranitar|Rock Slide|p2a: Incineroar\n|-supereffective|p2a: Incineroar|1\n|-damage|p2a: Incineroar|0 fnt\n|faint|p2a: Incineroar\n|\n|upkeep\n|\n|t:|1776204241\n|switch|p2a: Superman|Golurk, L50|100/100\n|switch|p2b: Long Boi Slim|Farigiraf, L50, F|28/100\n|turn|7\n|\n|t:|1776204250\n|detailschange|p2a: Superman|Golurk-Mega, L50\n|-mega|p2a: Superman|Golurk|Golurkite\n|move|p1a: Excadrill|Rock Slide|p2b: Long Boi Slim|[spread] p2a,p2b\n|-resisted|p2a: Superman|1\n|-damage|p2a: Superman|91/100\n|-damage|p2b: Long Boi Slim|5/100\n|move|p1b: Tyranitar|Crunch|p2a: Superman\n|-supereffective|p2a: Superman|1\n|-damage|p2a: Superman|44/100\n|move|p2a: Superman|Headlong Rush|p1a: Excadrill\n|-supereffective|p1a: Excadrill|1\n|-enditem|p1a: Excadrill|Focus Sash\n|-damage|p1a: Excadrill|1/100\n|-unboost|p2a: Superman|def|1\n|-unboost|p2a: Superman|spd|1\n|move|p2b: Long Boi Slim|Trick Room|p2b: Long Boi Slim\n|-fieldstart|move: Trick Room|[of] p2b: Long Boi Slim\n|\n|upkeep\n|turn|8\n|inactive|jadestar63 has 30 seconds left.\n|\n|t:|1776204276\n|move|p2b: Long Boi Slim|Dazzling Gleam|p1b: Tyranitar|[spread] p1a,p1b\n|-resisted|p1a: Excadrill|1\n|-supereffective|p1b: Tyranitar|1\n|-damage|p1a: Excadrill|0 fnt\n|-damage|p1b: Tyranitar|12/100\n|faint|p1a: Excadrill\n|move|p2a: Superman|Iron Head|p1b: Tyranitar\n|-supereffective|p1b: Tyranitar|1\n|-damage|p1b: Tyranitar|0 fnt\n|faint|p1b: Tyranitar\n|\n|win|IanIsBored\n|raw|jadestar63's rating: 1111 &rarr; <strong>1086</strong><br />(-25 for losing)\n|raw|IanIsBored's rating: 1111 &rarr; <strong>1136</strong><br />(+25 for winning)\n|c|\u2606IanIsBored|ggs\n|c|\u2606jadestar63|ggs\n",
  "uploadtime": 1776204289,
  "views": 23,
  "formatid": "gen9championsvgc2026regma",
  "rating": 1086,
  "private": 0,
  "password": null
}