{
  "id": "gen9championsvgc2026regma-2589569366",
  "format": "[Gen 9 Champions] VGC 2026 Reg M-A",
  "players": [
    "KingOfGreed64",
    "byronusx"
  ],
  "log": "|j|\u2606KingOfGreed64\n|j|\u2606byronusx\n|t:|1776735024\n|gametype|doubles\n|player|p1|KingOfGreed64|guzma|1132\n|player|p2|byronusx|n|1149\n|gen|9\n|tier|[Gen 9 Champions] VGC 2026 Reg M-A\n|rated|\n|rule|Species Clause: Limit one of each Pok\u00e9mon\n|rule|Item Clause: Limit 1 of each item\n|clearpoke\n|poke|p1|Jolteon, L50, F|\n|poke|p1|Pelipper, L50, M|\n|poke|p1|Dragonite, L50, F, shiny|\n|poke|p1|Garchomp, L50, F|\n|poke|p1|Basculegion, L50, M|\n|poke|p1|Sableye, L50, F, shiny|\n|poke|p2|Tsareena, L50, F|\n|poke|p2|Orthworm, L50, M|\n|poke|p2|Glimmora, L50, M|\n|poke|p2|Delphox, L50, M|\n|poke|p2|Garchomp, L50, F|\n|poke|p2|Whimsicott, L50, M|\n|teampreview|4\n|c|\u2606KingOfGreed64|cool team bro\n|c|\u2606KingOfGreed64|glhf\n|inactive|Battle timer is ON: inactive players will automatically lose when time's up. (requested by byronusx)\n|c|\u2606byronusx|hf\n|\n|t:|1776735085\n|teamsize|p1|4\n|teamsize|p2|4\n|start\n|switch|p1a: Jolteon|Jolteon, L50, F|100/100\n|switch|p1b: birb|Pelipper, L50, M|100/100\n|switch|p2a: Tsareena|Tsareena, L50, F|100/100\n|switch|p2b: Orthworm|Orthworm, L50, M|100/100\n|-weather|RainDance|[from] ability: Drizzle|[of] p1b: birb\n|turn|1\n|\n|t:|1776735101\n|move|p1a: Jolteon|Thunder|p2b: Orthworm\n|-damage|p2b: Orthworm|22/100\n|-enditem|p2b: Orthworm|Sitrus Berry|[eat]\n|-heal|p2b: Orthworm|47/100|[from] item: Sitrus Berry\n|move|p1b: birb|Tailwind|p1b: birb\n|-sidestart|p1: KingOfGreed64|move: Tailwind\n|move|p2a: Tsareena|Triple Axel|p1b: birb|[miss]\n|-miss|p2a: Tsareena|p1b: birb\n|move|p2b: Orthworm|Shed Tail|p2b: Orthworm\n|-fail|p2b: Orthworm|move: Shed Tail|[weak]\n|\n|-weather|RainDance|[upkeep]\n|upkeep\n|turn|2\n|inactive|byronusx has 30 seconds left.\n|\n|t:|1776735134\n|move|p2b: Orthworm|Helping Hand|p2a: Tsareena\n|-singleturn|p2a: Tsareena|Helping Hand|[of] p2b: Orthworm\n|move|p1a: Jolteon|Thunder|p2b: Orthworm\n|-damage|p2b: Orthworm|0 fnt\n|faint|p2b: Orthworm\n|move|p1b: birb|Hurricane|p2a: Tsareena\n|-supereffective|p2a: Tsareena|1\n|-damage|p2a: Tsareena|20/100\n|move|p2a: Tsareena|Trop Kick|p1a: Jolteon\n|-enditem|p1a: Jolteon|Focus Sash\n|-damage|p1a: Jolteon|1/100\n|-unboost|p1a: Jolteon|atk|1\n|\n|-weather|RainDance|[upkeep]\n|upkeep\n|\n|t:|1776735148\n|switch|p2b: Garchomp|Garchomp, L50, F|100/100\n|turn|3\n|\n|t:|1776735162\n|move|p1a: Jolteon|Shadow Ball|p2a: Tsareena\n|-damage|p2a: Tsareena|0 fnt\n|faint|p2a: Tsareena\n|move|p1b: birb|Hurricane|p2b: Garchomp\n|-damage|p2b: Garchomp|63/100\n|move|p2b: Garchomp|Rock Slide|p1a: Jolteon|[spread] p1a,p1b\n|-crit|p1a: Jolteon\n|-supereffective|p1b: birb|1\n|-damage|p1a: Jolteon|0 fnt\n|-damage|p1b: birb|66/100\n|faint|p1a: Jolteon\n|\n|-weather|RainDance|[upkeep]\n|upkeep\n|inactive|byronusx has 30 seconds left.\n|inactive|byronusx has 20 seconds left.\n|\n|t:|1776735200\n|switch|p1a: le fishe|Basculegion, L50, M|100/100\n|switch|p2a: Glimmora|Glimmora, L50, M|100/100\n|turn|4\n|\n|t:|1776735219\n|detailschange|p2a: Glimmora|Glimmora-Mega, L50, M\n|-mega|p2a: Glimmora|Glimmora|Glimmoranite\n|move|p1b: birb|Wide Guard|p1b: birb\n|-singleturn|p1b: birb|Wide Guard\n|move|p1a: le fishe|Wave Crash|p2a: Glimmora\n|-supereffective|p2a: Glimmora|1\n|-damage|p2a: Glimmora|0 fnt\n|faint|p2a: Glimmora\n|-damage|p1a: le fishe|74/100|[from] Recoil\n|move|p2b: Garchomp|Rock Slide|p1b: birb|[spread] \n|-activate|p1a: le fishe|move: Wide Guard\n|-activate|p1b: birb|move: Wide Guard\n|\n|-weather|RainDance|[upkeep]\n|-sideend|p1: KingOfGreed64|move: Tailwind\n|upkeep\n|turn|5\n|\n|t:|1776735235\n|move|p1a: le fishe|Wave Crash|p2b: Garchomp\n|-damage|p2b: Garchomp|0 fnt\n|-damage|p1a: le fishe|62/100|[from] ability: Rough Skin|[of] p2b: Garchomp\n|faint|p2b: Garchomp\n|-damage|p1a: le fishe|45/100|[from] Recoil\n|\n|win|KingOfGreed64\n|raw|KingOfGreed64's rating: 1132 &rarr; <strong>1158</strong><br />(+26 for winning)\n|raw|byronusx's rating: 1149 &rarr; <strong>1123</strong><br />(-26 for losing)\n|l|\u2606byronusx\n|player|p2|\n|c|\u2606KingOfGreed64|gg\n|l|\u2606KingOfGreed64\n|player|p1|\n|j|\u2606KingOfGreed64\n|player|p1|KingOfGreed64|guzma|\n",
  "uploadtime": 1776735282,
  "views": 14,
  "formatid": "gen9championsvgc2026regma",
  "rating": 1123,
  "private": 0,
  "password": null
}