{
  "id": "gen9championsvgc2026regma-2588586847",
  "format": "[Gen 9 Champions] VGC 2026 Reg M-A",
  "players": [
    "adalove",
    "kettlemaker737p"
  ],
  "log": "|j|\u2606adalove\n|j|\u2606kettlemaker737p\n|t:|1776647615\n|gametype|doubles\n|player|p1|adalove|dragontamer|1072\n|player|p2|kettlemaker737p|265|1082\n|gen|9\n|tier|[Gen 9 Champions] VGC 2026 Reg M-A\n|rated|\n|rule|Species Clause: Limit one of each Pok\u00e9mon\n|rule|Item Clause: Limit 1 of each item\n|clearpoke\n|poke|p1|Tyranitar, L50, F|\n|poke|p1|Excadrill, L50, M|\n|poke|p1|Corviknight, L50, M|\n|poke|p1|Milotic, L50, F|\n|poke|p1|Farigiraf, L50, M|\n|poke|p1|Floette-Eternal, L50, F|\n|poke|p2|Archaludon, L50, M|\n|poke|p2|Politoed, L50, F|\n|poke|p2|Scizor, L50, F|\n|poke|p2|Basculegion, L50, M|\n|poke|p2|Farigiraf, L50, M|\n|poke|p2|Incineroar, L50, M|\n|teampreview|4\n|inactive|Battle timer is ON: inactive players will automatically lose when time's up. (requested by kettlemaker737p)\n|inactive|adalove also wants the timer to be on.\n|\n|t:|1776647635\n|teamsize|p1|4\n|teamsize|p2|4\n|start\n|switch|p1a: Corviknight|Corviknight, L50, M|100/100\n|switch|p1b: Milotic|Milotic, L50, F|100/100\n|switch|p2a: Archaludon|Archaludon, L50, M|100/100\n|switch|p2b: Scizor|Scizor, L50, F|100/100\n|turn|1\n|\n|t:|1776647658\n|switch|p1b: Tyranitar|Tyranitar, L50, F|100/100\n|-weather|Sandstorm|[from] ability: Sand Stream|[of] p1b: Tyranitar\n|switch|p2b: Politoed|Politoed, L50, F|100/100\n|-weather|RainDance|[from] ability: Drizzle|[of] p2b: Politoed\n|move|p2a: Archaludon|Electro Shot||[still]\n|-prepare|p2a: Archaludon|Electro Shot\n|-boost|p2a: Archaludon|spa|1\n|-anim|p2a: Archaludon|Electro Shot|p1a: Corviknight\n|-supereffective|p1a: Corviknight|1\n|-damage|p1a: Corviknight|0 fnt\n|faint|p1a: Corviknight\n|\n|-weather|RainDance|[upkeep]\n|upkeep\n|\n|t:|1776647673\n|switch|p1a: Excadrill|Excadrill, L50, M|100/100\n|turn|2\n|\n|t:|1776647696\n|switch|p2b: Basculegion|Basculegion, L50, M|100/100\n|detailschange|p1b: Tyranitar|Tyranitar-Mega, L50, F\n|-mega|p1b: Tyranitar|Tyranitar|Tyranitarite\n|-weather|Sandstorm|[from] ability: Sand Stream|[of] p1b: Tyranitar\n|move|p1a: Excadrill|High Horsepower|p2a: Archaludon\n|-supereffective|p2a: Archaludon|1\n|-damage|p2a: Archaludon|27/100\n|-ability|p2a: Archaludon|Stamina|boost\n|-boost|p2a: Archaludon|def|1\n|move|p2a: Archaludon|Flash Cannon|p1b: Tyranitar\n|-supereffective|p1b: Tyranitar|1\n|-damage|p1b: Tyranitar|37/100\n|-unboost|p1b: Tyranitar|spd|1\n|move|p1b: Tyranitar|Knock Off|p2b: Basculegion\n|-supereffective|p2b: Basculegion|1\n|-damage|p2b: Basculegion|0 fnt\n|-enditem|p2b: Basculegion|Mystic Water|[from] move: Knock Off|[of] p1b: Tyranitar\n|faint|p2b: Basculegion\n|\n|-weather|Sandstorm|[upkeep]\n|-heal|p2a: Archaludon|33/100|[from] item: Leftovers\n|upkeep\n|\n|t:|1776647720\n|switch|p2b: Politoed|Politoed, L50, F|100/100\n|-weather|RainDance|[from] ability: Drizzle|[of] p2b: Politoed\n|turn|3\n|\n|t:|1776647735\n|switch|p1b: Milotic|Milotic, L50, F|100/100\n|move|p2a: Archaludon|Protect|p2a: Archaludon\n|-singleturn|p2a: Archaludon|Protect\n|move|p1a: Excadrill|Earthquake|p2a: Archaludon|[spread] p1b,p2b\n|-activate|p2a: Archaludon|move: Protect\n|-damage|p1b: Milotic|57/100\n|-damage|p2b: Politoed|55/100\n|move|p2b: Politoed|Weather Ball|p1a: Excadrill\n|-supereffective|p1a: Excadrill|1\n|-enditem|p1a: Excadrill|Focus Sash\n|-damage|p1a: Excadrill|1/100\n|\n|-weather|RainDance|[upkeep]\n|-heal|p2a: Archaludon|40/100|[from] item: Leftovers\n|-heal|p1b: Milotic|63/100|[from] item: Leftovers\n|upkeep\n|turn|4\n|inactive|kettlemaker737p has 30 seconds left.\n|\n|t:|1776647767\n|switch|p1b: Tyranitar|Tyranitar-Mega, L50, F|37/100\n|-weather|Sandstorm|[from] ability: Sand Stream|[of] p1b: Tyranitar\n|move|p1a: Excadrill|High Horsepower|p2a: Archaludon\n|-supereffective|p2a: Archaludon|1\n|-damage|p2a: Archaludon|0 fnt\n|faint|p2a: Archaludon\n|move|p2b: Politoed|Icy Wind|p1b: Tyranitar|[spread] p1a,p1b\n|-damage|p1a: Excadrill|0 fnt\n|-damage|p1b: Tyranitar|32/100\n|-unboost|p1b: Tyranitar|spe|1\n|faint|p1a: Excadrill\n|\n|-weather|Sandstorm|[upkeep]\n|-damage|p2b: Politoed|49/100|[from] Sandstorm\n|-enditem|p2b: Politoed|Sitrus Berry|[eat]\n|-heal|p2b: Politoed|74/100|[from] item: Sitrus Berry\n|upkeep\n|\n|t:|1776647784\n|switch|p1a: Milotic|Milotic, L50, F|63/100\n|switch|p2a: Scizor|Scizor, L50, F|100/100\n|turn|5\n|\n|t:|1776647807\n|detailschange|p2a: Scizor|Scizor-Mega, L50, F\n|-mega|p2a: Scizor|Scizor|Scizorite\n|move|p1b: Tyranitar|Protect|p1b: Tyranitar\n|-singleturn|p1b: Tyranitar|Protect\n|move|p1a: Milotic|Life Dew|p1a: Milotic|[spread] p1a,p1b\n|-heal|p1a: Milotic|88/100\n|-heal|p1b: Tyranitar|57/100\n|move|p2a: Scizor|Close Combat|p1b: Tyranitar\n|-activate|p1b: Tyranitar|move: Protect\n|move|p2b: Politoed|Icy Wind|p1b: Tyranitar|[spread] p1a\n|-activate|p1b: Tyranitar|move: Protect\n|-resisted|p1a: Milotic|1\n|-damage|p1a: Milotic|85/100\n|-unboost|p1a: Milotic|spe|1\n|-ability|p1a: Milotic|Competitive|boost\n|-boost|p1a: Milotic|spa|2\n|\n|-weather|Sandstorm|[upkeep]\n|-damage|p2b: Politoed|68/100|[from] Sandstorm\n|-damage|p1a: Milotic|79/100|[from] Sandstorm\n|-heal|p1a: Milotic|85/100|[from] item: Leftovers\n|upkeep\n|turn|6\n|inactive|adalove has 30 seconds left.\n|inactive|adalove has 20 seconds left.\n|inactive|adalove has 15 seconds left.\n|\n|t:|1776647851\n|move|p2a: Scizor|Close Combat|p1b: Tyranitar\n|-supereffective|p1b: Tyranitar|2\n|-damage|p1b: Tyranitar|0 fnt\n|-unboost|p2a: Scizor|def|1\n|-unboost|p2a: Scizor|spd|1\n|faint|p1b: Tyranitar\n|move|p2b: Politoed|Weather Ball|p1a: Milotic\n|-damage|p1a: Milotic|72/100\n|move|p1a: Milotic|Scald|p2a: Scizor\n|-damage|p2a: Scizor|8/100\n|\n|-weather|Sandstorm|[upkeep]\n|-damage|p2b: Politoed|61/100|[from] Sandstorm\n|-damage|p1a: Milotic|66/100|[from] Sandstorm\n|-heal|p1a: Milotic|72/100|[from] item: Leftovers\n|upkeep\n|turn|7\n|inactive|kettlemaker737p has 30 seconds left.\n|\n|t:|1776647878\n|move|p2b: Politoed|Helping Hand|p2a: Scizor\n|-singleturn|p2a: Scizor|Helping Hand|[of] p2b: Politoed\n|move|p2a: Scizor|Close Combat|p1a: Milotic\n|-damage|p1a: Milotic|0 fnt\n|-unboost|p2a: Scizor|def|1\n|-unboost|p2a: Scizor|spd|1\n|faint|p1a: Milotic\n|\n|win|kettlemaker737p\n|raw|adalove's rating: 1072 &rarr; <strong>1052</strong><br />(-20 for losing)\n|raw|kettlemaker737p's rating: 1082 &rarr; <strong>1109</strong><br />(+27 for winning)\n",
  "uploadtime": 1776647878,
  "views": 6,
  "formatid": "gen9championsvgc2026regma",
  "rating": 1052,
  "private": 0,
  "password": null
}