{
  "id": "gen9championsvgc2026regma-2587330504",
  "format": "[Gen 9 Champions] VGC 2026 Reg M-A",
  "players": [
    "Unskilled99",
    "hide on whimscott"
  ],
  "log": "|j|\u2606Unskilled99\n|j|\u2606hide on whimscott\n|t:|1776522636\n|gametype|doubles\n|player|p1|Unskilled99|unknown|1418\n|player|p2|hide on whimscott|artist-gen4|1470\n|gen|9\n|tier|[Gen 9 Champions] VGC 2026 Reg M-A\n|rated|\n|rule|Species Clause: Limit one of each Pok\u00e9mon\n|rule|Item Clause: Limit 1 of each item\n|clearpoke\n|poke|p1|Floette-Eternal, L50, F|\n|poke|p1|Incineroar, L50, M|\n|poke|p1|Garchomp, L50, M|\n|poke|p1|Sneasler, L50, F|\n|poke|p1|Rotom-Wash, L50|\n|poke|p1|Sinistcha, L50|\n|poke|p2|Venusaur, L50, M|\n|poke|p2|Sneasler, L50, F|\n|poke|p2|Kingambit, L50, F|\n|poke|p2|Incineroar, L50, M|\n|poke|p2|Basculegion, L50, M|\n|poke|p2|Rotom-Wash, L50|\n|teampreview|4\n|\n|t:|1776522703\n|teamsize|p1|4\n|teamsize|p2|4\n|start\n|switch|p1a: Sneasler|Sneasler, L50, F|100/100\n|switch|p1b: Garchomp|Garchomp, L50, M|100/100\n|switch|p2a: Venusaur|Venusaur, L50, M|100/100\n|switch|p2b: Basculegion|Basculegion, L50, M|100/100\n|turn|1\n|\n|t:|1776522728\n|detailschange|p2a: Venusaur|Venusaur-Mega, L50, M\n|-mega|p2a: Venusaur|Venusaur|Venusaurite\n|move|p1b: Garchomp|Protect|p1b: Garchomp\n|-singleturn|p1b: Garchomp|Protect\n|move|p2b: Basculegion|Flip Turn|p1a: Sneasler\n|-damage|p1a: Sneasler|42/100\n|\n|t:|1776522739\n|switch|p2b: Incineroar|Incineroar, L50, M|100/100|[from] Flip Turn\n|-ability|p2b: Incineroar|Intimidate|boost\n|-unboost|p1a: Sneasler|atk|1\n|-unboost|p1b: Garchomp|atk|1\n|-enditem|p1a: Sneasler|White Herb\n|-clearnegativeboost|p1a: Sneasler|[silent]\n|move|p1a: Sneasler|Coaching|p1b: Garchomp\n|-boost|p1b: Garchomp|atk|1\n|-boost|p1b: Garchomp|def|1\n|move|p2a: Venusaur|Leech Seed|p1a: Sneasler\n|-start|p1a: Sneasler|move: Leech Seed\n|\n|-damage|p1a: Sneasler|30/100|[from] Leech Seed|[of] p2a: Venusaur\n|upkeep\n|turn|2\n|\n|t:|1776522755\n|move|p2b: Incineroar|Fake Out|p1a: Sneasler\n|-damage|p1a: Sneasler|13/100\n|cant|p1a: Sneasler|flinch\n|move|p1b: Garchomp|Stomping Tantrum|p2a: Venusaur\n|-damage|p2a: Venusaur|76/100\n|move|p2a: Venusaur|Leech Seed|p1b: Garchomp\n|-start|p1b: Garchomp|move: Leech Seed\n|\n|-damage|p1a: Sneasler|1/100|[from] Leech Seed|[of] p2a: Venusaur\n|-heal|p2a: Venusaur|87/100|[silent]\n|-damage|p1b: Garchomp|88/100|[from] Leech Seed|[of] p2a: Venusaur\n|-heal|p2a: Venusaur|98/100|[silent]\n|upkeep\n|turn|3\n|\n|t:|1776522786\n|move|p2b: Incineroar|Protect|p2b: Incineroar\n|-singleturn|p2b: Incineroar|Protect\n|move|p1a: Sneasler|Coaching|p1b: Garchomp\n|-boost|p1b: Garchomp|atk|1\n|-boost|p1b: Garchomp|def|1\n|move|p1b: Garchomp|Earthquake|p2a: Venusaur|[spread] p1a,p2a\n|-activate|p2b: Incineroar|move: Protect\n|-supereffective|p1a: Sneasler|1\n|-damage|p1a: Sneasler|0 fnt\n|-damage|p2a: Venusaur|59/100\n|faint|p1a: Sneasler\n|move|p2a: Venusaur|Sludge Bomb|p1b: Garchomp\n|-resisted|p1b: Garchomp|1\n|-damage|p1b: Garchomp|69/100\n|\n|-damage|p1b: Garchomp|57/100|[from] Leech Seed|[of] p2a: Venusaur\n|-heal|p2a: Venusaur|71/100|[silent]\n|upkeep\n|\n|t:|1776522798\n|switch|p1a: Incineroar|Incineroar, L50, M|100/100\n|-ability|p1a: Incineroar|Intimidate|boost\n|-unboost|p2a: Venusaur|atk|1\n|-unboost|p2b: Incineroar|atk|1\n|turn|4\n|\n|t:|1776522821\n|switch|p2b: Sneasler|Sneasler, L50, F|100/100\n|move|p2a: Venusaur|Protect|p2a: Venusaur\n|-singleturn|p2a: Venusaur|Protect\n|move|p1b: Garchomp|Stomping Tantrum|p2b: Sneasler\n|-supereffective|p2b: Sneasler|1\n|-enditem|p2b: Sneasler|Focus Sash\n|-damage|p2b: Sneasler|1/100\n|move|p1a: Incineroar|Flare Blitz|p2a: Venusaur\n|-activate|p2a: Venusaur|move: Protect\n|\n|-damage|p1b: Garchomp|45/100|[from] Leech Seed|[of] p2a: Venusaur\n|-heal|p2a: Venusaur|83/100|[silent]\n|upkeep\n|turn|5\n|\n|t:|1776522844\n|switch|p1a: Rotom|Rotom-Wash, L50|100/100\n|move|p2b: Sneasler|Close Combat|p1b: Garchomp\n|-damage|p1b: Garchomp|12/100\n|-unboost|p2b: Sneasler|def|1\n|-unboost|p2b: Sneasler|spd|1\n|-damage|p2b: Sneasler|0 fnt|[from] ability: Rough Skin|[of] p1b: Garchomp\n|faint|p2b: Sneasler\n|move|p1b: Garchomp|Earthquake|p2a: Venusaur|[spread] p2a\n|-immune|p1a: Rotom|[from] ability: Levitate\n|-damage|p2a: Venusaur|44/100\n|move|p2a: Venusaur|Sludge Bomb|p1a: Rotom\n|-damage|p1a: Rotom|64/100\n|\n|-damage|p1b: Garchomp|0 fnt|[from] Leech Seed|[of] p2a: Venusaur\n|-heal|p2a: Venusaur|56/100|[silent]\n|faint|p1b: Garchomp\n|upkeep\n|\n|t:|1776522859\n|switch|p2b: Incineroar|Incineroar, L50, M|100/100\n|switch|p1b: Incineroar|Incineroar, L50, M|100/100\n|-ability|p1b: Incineroar|Intimidate|boost\n|-unboost|p2a: Venusaur|atk|1\n|-unboost|p2b: Incineroar|atk|1\n|-ability|p2b: Incineroar|Intimidate|boost\n|-unboost|p1a: Rotom|atk|1\n|-unboost|p1b: Incineroar|atk|1\n|turn|6\n|\n|t:|1776522872\n|move|p1b: Incineroar|Fake Out|p2a: Venusaur\n|-damage|p2a: Venusaur|51/100\n|move|p2b: Incineroar|Fake Out|p1a: Rotom\n|-damage|p1a: Rotom|57/100\n|cant|p1a: Rotom|flinch\n|cant|p2a: Venusaur|flinch\n|\n|upkeep\n|turn|7\n|\n|t:|1776522885\n|move|p1a: Rotom|Electroweb|p2a: Venusaur|[spread] p2b\n|-miss|p1a: Rotom|p2a: Venusaur\n|-damage|p2b: Incineroar|89/100\n|-unboost|p2b: Incineroar|spe|1\n|move|p2a: Venusaur|Leech Seed|p1a: Rotom\n|-start|p1a: Rotom|move: Leech Seed\n|move|p1b: Incineroar|Flare Blitz|p2a: Venusaur\n|-supereffective|p2a: Venusaur|1\n|-damage|p2a: Venusaur|28/100\n|-status|p2a: Venusaur|brn\n|-damage|p1b: Incineroar|93/100|[from] Recoil\n|move|p2b: Incineroar|Parting Shot|p1b: Incineroar\n|-unboost|p1b: Incineroar|atk|1\n|-unboost|p1b: Incineroar|spa|1\n|\n|t:|1776522899\n|switch|p2b: Basculegion|Basculegion, L50, M|100/100|[from] Parting Shot\n|\n|-damage|p1a: Rotom|44/100|[from] Leech Seed|[of] p2a: Venusaur\n|-heal|p2a: Venusaur|38/100 brn|[silent]\n|-damage|p2a: Venusaur|33/100 brn|[from] brn\n|upkeep\n|-enditem|p1a: Rotom|Sitrus Berry|[eat]\n|-heal|p1a: Rotom|69/100|[from] item: Sitrus Berry\n|turn|8\n|-message|Unskilled99 forfeited.\n|\n|win|hide on whimscott\n|raw|Unskilled99's rating: 1418 &rarr; <strong>1401</strong><br />(-17 for losing)\n|raw|hide on whimscott's rating: 1470 &rarr; <strong>1487</strong><br />(+17 for winning)\n",
  "uploadtime": 1776522899,
  "views": 38,
  "formatid": "gen9championsvgc2026regma",
  "rating": 1401,
  "private": 0,
  "password": null
}