{
  "id": "gen9championsvgc2026regma-2587172817",
  "format": "[Gen 9 Champions] VGC 2026 Reg M-A",
  "players": [
    "antolionhd",
    "crepereq"
  ],
  "log": "|j|\u2606antolionhd\n|j|\u2606crepereq\n|t:|1776504098\n|gametype|doubles\n|player|p1|antolionhd|266|1231\n|player|p2|crepereq|1|1204\n|gen|9\n|tier|[Gen 9 Champions] VGC 2026 Reg M-A\n|rated|\n|rule|Species Clause: Limit one of each Pok\u00e9mon\n|rule|Item Clause: Limit 1 of each item\n|clearpoke\n|poke|p1|Charizard, L50, M|\n|poke|p1|Whimsicott, L50, F|\n|poke|p1|Garchomp, L50, M|\n|poke|p1|Sneasler, L50, M|\n|poke|p1|Rotom-Wash, L50|\n|poke|p1|Aegislash, L50, M|\n|poke|p2|Whimsicott, L50, M|\n|poke|p2|Aegislash, L50, M|\n|poke|p2|Tyranitar, L50, F|\n|poke|p2|Garchomp, L50, M|\n|poke|p2|Glimmora, L50, M|\n|poke|p2|Gyarados, L50, F|\n|teampreview|4\n|\n|t:|1776504146\n|teamsize|p1|4\n|teamsize|p2|4\n|start\n|switch|p1a: Rotom|Rotom-Wash, L50|100/100\n|switch|p1b: Garchomp|Garchomp, L50, M|100/100\n|switch|p2a: Tyranitar|Tyranitar, L50, F|100/100\n|switch|p2b: Gyarados|Gyarados, L50, F|100/100\n|-ability|p2b: Gyarados|Intimidate|boost\n|-unboost|p1a: Rotom|atk|1\n|-unboost|p1b: Garchomp|atk|1\n|-weather|Sandstorm|[from] ability: Sand Stream|[of] p2a: Tyranitar\n|turn|1\n|inactive|Battle timer is ON: inactive players will automatically lose when time's up. (requested by antolionhd)\n|\n|t:|1776504166\n|move|p1a: Rotom|Electroweb|p2b: Gyarados|[spread] p2a,p2b\n|-supereffective|p2b: Gyarados|2\n|-damage|p2a: Tyranitar|88/100\n|-damage|p2b: Gyarados|17/100\n|-unboost|p2a: Tyranitar|spe|1\n|-unboost|p2b: Gyarados|spe|1\n|move|p1b: Garchomp|Earthquake|p2a: Tyranitar|[spread] p2a\n|-immune|p1a: Rotom|[from] ability: Levitate\n|-immune|p2b: Gyarados\n|-supereffective|p2a: Tyranitar|1\n|-damage|p2a: Tyranitar|51/100\n|move|p2b: Gyarados|Ice Fang|p1b: Garchomp\n|-supereffective|p1b: Garchomp|2\n|-damage|p1b: Garchomp|5/100\n|-damage|p2b: Gyarados|5/100|[from] ability: Rough Skin|[of] p1b: Garchomp\n|-enditem|p1b: Garchomp|Sitrus Berry|[eat]\n|-heal|p1b: Garchomp|30/100|[from] item: Sitrus Berry\n|move|p2a: Tyranitar|Knock Off|p1a: Rotom\n|-damage|p1a: Rotom|24/100\n|-enditem|p1a: Rotom|Choice Scarf|[from] move: Knock Off|[of] p2a: Tyranitar\n|\n|-weather|Sandstorm|[upkeep]\n|-damage|p1a: Rotom|19/100|[from] Sandstorm\n|-damage|p2b: Gyarados|0 fnt|[from] Sandstorm\n|faint|p2b: Gyarados\n|upkeep\n|\n|t:|1776504190\n|switch|p2b: Garchomp|Garchomp, L50, M|100/100\n|turn|2\n|\n|t:|1776504209\n|move|p2b: Garchomp|Protect|p2b: Garchomp\n|-singleturn|p2b: Garchomp|Protect\n|move|p1b: Garchomp|Earthquake|p2a: Tyranitar|[spread] p2a\n|-activate|p2b: Garchomp|move: Protect\n|-immune|p1a: Rotom|[from] ability: Levitate\n|-supereffective|p2a: Tyranitar|1\n|-damage|p2a: Tyranitar|9/100\n|move|p1a: Rotom|Hydro Pump|p2b: Garchomp\n|-activate|p2b: Garchomp|move: Protect\n|move|p2a: Tyranitar|Rock Slide|p1a: Rotom|[spread] p1a,p1b\n|-crit|p1a: Rotom\n|-resisted|p1b: Garchomp|1\n|-damage|p1a: Rotom|0 fnt\n|-damage|p1b: Garchomp|13/100\n|faint|p1a: Rotom\n|\n|-weather|Sandstorm|[upkeep]\n|upkeep\n|\n|t:|1776504227\n|switch|p1a: Sneasler|Sneasler, L50, M|100/100\n|turn|3\n|\n|t:|1776504248\n|move|p2a: Tyranitar|Protect|p2a: Tyranitar\n|-singleturn|p2a: Tyranitar|Protect\n|move|p1a: Sneasler|Fake Out|p2b: Garchomp|[miss]\n|-miss|p1a: Sneasler|p2b: Garchomp\n|move|p2b: Garchomp|Earthquake|p1a: Sneasler|[spread] p1a,p1b\n|-activate|p2a: Tyranitar|move: Protect\n|-supereffective|p1a: Sneasler|1\n|-damage|p1a: Sneasler|8/100\n|-damage|p1b: Garchomp|0 fnt\n|faint|p1b: Garchomp\n|\n|-weather|Sandstorm|[upkeep]\n|-damage|p1a: Sneasler|2/100|[from] Sandstorm\n|upkeep\n|\n|t:|1776504262\n|switch|p1b: Charizard|Charizard, L50, M|100/100\n|turn|4\n|inactive|crepereq has 30 seconds left.\n|inactive|crepereq has 20 seconds left.\n|\n|t:|1776504301\n|detailschange|p1b: Charizard|Charizard-Mega-Y, L50, M\n|-mega|p1b: Charizard|Charizard|Charizardite Y\n|-weather|SunnyDay|[from] ability: Drought|[of] p1b: Charizard\n|detailschange|p2a: Tyranitar|Tyranitar-Mega, L50, F\n|-mega|p2a: Tyranitar|Tyranitar|Tyranitarite\n|-weather|Sandstorm|[from] ability: Sand Stream|[of] p2a: Tyranitar\n|move|p2b: Garchomp|Protect|p2b: Garchomp\n|-singleturn|p2b: Garchomp|Protect\n|move|p1a: Sneasler|Close Combat|p2b: Garchomp\n|-activate|p2b: Garchomp|move: Protect\n|move|p1b: Charizard|Heat Wave|p2a: Tyranitar|[spread] p2a\n|-activate|p2b: Garchomp|move: Protect\n|-resisted|p2a: Tyranitar|1\n|-damage|p2a: Tyranitar|0 fnt\n|faint|p2a: Tyranitar\n|\n|-weather|Sandstorm|[upkeep]\n|-damage|p1a: Sneasler|0 fnt|[from] Sandstorm\n|-damage|p1b: Charizard|94/100|[from] Sandstorm\n|faint|p1a: Sneasler\n|upkeep\n|\n|t:|1776504322\n|switch|p2a: Whimsicott|Whimsicott, L50, M|100/100\n|turn|5\n|-message|antolionhd forfeited.\n|\n|win|crepereq\n|raw|antolionhd's rating: 1231 &rarr; <strong>1204</strong><br />(-27 for losing)\n|raw|crepereq's rating: 1204 &rarr; <strong>1231</strong><br />(+27 for winning)\n|l|\u2606antolionhd\n|player|p1|\n",
  "uploadtime": 1776504337,
  "views": 25,
  "formatid": "gen9championsvgc2026regma",
  "rating": 1204,
  "private": 0,
  "password": null
}