{
  "id": "gen9championsvgc2026regma-2584189158",
  "format": "[Gen 9 Champions] VGC 2026 Reg M-A",
  "players": [
    "retrojp",
    "joxe1"
  ],
  "log": "|j|\u2606retrojp\n|j|\u2606joxe1\n|t:|1776236078\n|gametype|doubles\n|player|p1|retrojp|101|1078\n|player|p2|joxe1|265|1000\n|gen|9\n|tier|[Gen 9 Champions] VGC 2026 Reg M-A\n|rated|\n|rule|Species Clause: Limit one of each Pok\u00e9mon\n|rule|Item Clause: Limit 1 of each item\n|clearpoke\n|poke|p1|Aggron, L50, M|\n|poke|p1|Aerodactyl, L50, F|\n|poke|p1|Hydreigon, L50, F|\n|poke|p1|Tyranitar, L50, F|\n|poke|p1|Sneasler, L50, F|\n|poke|p1|Sinistcha, L50|\n|poke|p2|Excadrill, L50, M|\n|poke|p2|Tyranitar, L50, F|\n|poke|p2|Incineroar, L50, F|\n|poke|p2|Sinistcha, L50|\n|poke|p2|Gardevoir, L50, M|\n|poke|p2|Rotom-Wash, L50|\n|teampreview|4\n|inactive|Battle timer is ON: inactive players will automatically lose when time's up. (requested by joxe1)\n|inactive|joxe1 has 60 seconds left.\n|inactive|retrojp has 60 seconds left.\n|\n|t:|1776236120\n|teamsize|p1|4\n|teamsize|p2|4\n|start\n|switch|p1a: Aggron|Aggron, L50, M|100/100\n|switch|p1b: Sneasler|Sneasler, L50, F|100/100\n|switch|p2a: Rotom|Rotom-Wash, L50, shiny|100/100\n|switch|p2b: Excadrill|Excadrill, L50, M, shiny|100/100\n|-ability|p1b: Sneasler|Pressure\n|turn|1\n|inactive|retrojp has 30 seconds left.\n|inactive|retrojp has 20 seconds left.\n|inactive|retrojp has 15 seconds left.\n|inactive|retrojp has 10 seconds left.\n|\n|t:|1776236170\n|move|p2b: Excadrill|Protect|p2b: Excadrill\n|-singleturn|p2b: Excadrill|Protect\n|move|p1b: Sneasler|Coaching|p1a: Aggron\n|-boost|p1a: Aggron|atk|1\n|-boost|p1a: Aggron|def|1\n|move|p2a: Rotom|Will-O-Wisp|p1b: Sneasler|[miss]\n|-miss|p2a: Rotom|p1b: Sneasler\n|move|p1a: Aggron|Iron Defense|p1a: Aggron\n|-boost|p1a: Aggron|def|2\n|\n|upkeep\n|turn|2\n|inactive|retrojp has 30 seconds left.\n|inactive|retrojp has 20 seconds left.\n|\n|t:|1776236208\n|switch|p2b: Sinistcha|Sinistcha, L50|100/100\n|detailschange|p1a: Aggron|Aggron-Mega, L50, M\n|-mega|p1a: Aggron|Aggron|Aggronite\n|move|p1b: Sneasler|Coaching|p1a: Aggron\n|-boost|p1a: Aggron|atk|1\n|-boost|p1a: Aggron|def|1\n|move|p2a: Rotom|Volt Switch|p1b: Sneasler\n|-damage|p1b: Sneasler|66/100\n|\n|t:|1776236218\n|switch|p2a: Gardevoir|Gardevoir, L50, M, shiny|100/100|[from] Volt Switch\n|move|p1a: Aggron|Body Press|p2b: Sinistcha\n|-immune|p2b: Sinistcha\n|\n|upkeep\n|turn|3\n|\n|t:|1776236235\n|detailschange|p2a: Gardevoir|Gardevoir-Mega, L50, M, shiny\n|-mega|p2a: Gardevoir|Gardevoir|Gardevoirite\n|move|p2b: Sinistcha|Rage Powder|p2b: Sinistcha\n|-singleturn|p2b: Sinistcha|move: Rage Powder\n|move|p1b: Sneasler|Coaching|p1a: Aggron\n|-boost|p1a: Aggron|atk|1\n|-boost|p1a: Aggron|def|1\n|move|p2a: Gardevoir|Hyper Voice|p1b: Sneasler|[spread] p1a,p1b\n|-resisted|p1a: Aggron|1\n|-damage|p1a: Aggron|75/100\n|-damage|p1b: Sneasler|0 fnt\n|faint|p1b: Sneasler\n|move|p1a: Aggron|Body Press|p2b: Sinistcha\n|-immune|p2b: Sinistcha\n|\n|upkeep\n|\n|t:|1776236253\n|switch|p1b: Aerodactyl|Aerodactyl, L50, F|100/100\n|-ability|p1b: Aerodactyl|Unnerve\n|turn|4\n|\n|t:|1776236269\n|move|p2b: Sinistcha|Rage Powder|p2b: Sinistcha\n|-singleturn|p2b: Sinistcha|move: Rage Powder\n|move|p1b: Aerodactyl|Ice Fang|p2b: Sinistcha\n|-supereffective|p2b: Sinistcha|1\n|-damage|p2b: Sinistcha|72/100\n|move|p2a: Gardevoir|Hyper Voice|p1b: Aerodactyl|[spread] p1a,p1b\n|-resisted|p1a: Aggron|1\n|-damage|p1a: Aggron|49/100\n|-damage|p1b: Aerodactyl|27/100\n|move|p1a: Aggron|Heavy Slam|p2b: Sinistcha\n|-damage|p2b: Sinistcha|0 fnt\n|faint|p2b: Sinistcha\n|\n|upkeep\n|\n|t:|1776236284\n|switch|p2b: Rotom|Rotom-Wash, L50, shiny|100/100\n|turn|5\n|inactive|joxe1 has 30 seconds left.\n|\n|t:|1776236309\n|switch|p1b: Sinistcha|Sinistcha, L50|100/100\n|-heal|p1a: Aggron|74/100|[from] ability: Hospitality|[of] p1b: Sinistcha\n|move|p1a: Aggron|Protect|p1a: Aggron\n|-singleturn|p1a: Aggron|Protect\n|move|p2a: Gardevoir|Mystical Fire|p1a: Aggron\n|-activate|p1a: Aggron|move: Protect\n|move|p2b: Rotom|Volt Switch|p1b: Sinistcha\n|-resisted|p1b: Sinistcha|1\n|-damage|p1b: Sinistcha|87/100\n|\n|t:|1776236321\n|switch|p2b: Excadrill|Excadrill, L50, M, shiny|100/100|[from] Volt Switch\n|\n|upkeep\n|turn|6\n|\n|t:|1776236334\n|move|p1b: Sinistcha|Rage Powder|p1b: Sinistcha\n|-singleturn|p1b: Sinistcha|move: Rage Powder\n|move|p2a: Gardevoir|Mystical Fire|p1b: Sinistcha\n|-supereffective|p1b: Sinistcha|1\n|-enditem|p1b: Sinistcha|Occa Berry|[eat]\n|-enditem|p1b: Sinistcha|Occa Berry|[weaken]\n|-damage|p1b: Sinistcha|54/100\n|-unboost|p1b: Sinistcha|spa|1\n|move|p2b: Excadrill|High Horsepower|p1b: Sinistcha\n|-resisted|p1b: Sinistcha|1\n|-damage|p1b: Sinistcha|37/100\n|move|p1a: Aggron|Body Press|p2b: Excadrill\n|-supereffective|p2b: Excadrill|1\n|-enditem|p2b: Excadrill|Focus Sash\n|-damage|p2b: Excadrill|1/100\n|\n|upkeep\n|turn|7\n|\n|t:|1776236354\n|move|p1a: Aggron|Protect|p1a: Aggron\n|-singleturn|p1a: Aggron|Protect\n|move|p2a: Gardevoir|Mystical Fire|p1b: Sinistcha\n|-supereffective|p1b: Sinistcha|1\n|-damage|p1b: Sinistcha|0 fnt\n|faint|p1b: Sinistcha\n|move|p2b: Excadrill|High Horsepower|p1a: Aggron\n|-activate|p1a: Aggron|move: Protect\n|\n|upkeep\n|\n|t:|1776236364\n|switch|p1b: Aerodactyl|Aerodactyl, L50, F|27/100\n|-ability|p1b: Aerodactyl|Unnerve\n|turn|8\n|\n|t:|1776236372\n|move|p2b: Excadrill|Protect|p2b: Excadrill\n|-singleturn|p2b: Excadrill|Protect\n|move|p1b: Aerodactyl|Rock Slide|p2a: Gardevoir|[spread] p2a\n|-activate|p2b: Excadrill|move: Protect\n|-damage|p2a: Gardevoir|56/100\n|cant|p2a: Gardevoir|flinch\n|move|p1a: Aggron|Body Press|p2a: Gardevoir\n|-resisted|p2a: Gardevoir|2\n|-damage|p2a: Gardevoir|0 fnt\n|faint|p2a: Gardevoir\n|\n|upkeep\n|\n|t:|1776236383\n|switch|p2a: Rotom|Rotom-Wash, L50, shiny|100/100\n|turn|9\n|\n|t:|1776236391\n|move|p1b: Aerodactyl|Rock Slide|p2b: Excadrill|[spread] p2a,p2b\n|-resisted|p2b: Excadrill|2\n|-damage|p2a: Rotom|76/100\n|-damage|p2b: Excadrill|0 fnt\n|faint|p2b: Excadrill\n|move|p2a: Rotom|Hydro Pump|p1a: Aggron\n|-damage|p1a: Aggron|32/100\n|move|p1a: Aggron|Body Press|p2a: Rotom\n|-damage|p2a: Rotom|0 fnt\n|faint|p2a: Rotom\n|\n|win|retrojp\n|raw|retrojp's rating: 1078 &rarr; <strong>1100</strong><br />(+22 for winning)\n|raw|joxe1's rating: 1000 &rarr; <strong>1000</strong><br />(+0 for losing)\n|l|\u2606joxe1\n|player|p2|\n",
  "uploadtime": 1776236405,
  "views": 16,
  "formatid": "gen9championsvgc2026regma",
  "rating": 1000,
  "private": 0,
  "password": null
}