{
  "id": "gen9championsvgc2026regma-2585546184",
  "format": "[Gen 9 Champions] VGC 2026 Reg M-A",
  "players": [
    "is fjord Mt",
    "5wamp"
  ],
  "log": "|j|\u2606is fjord Mt\n|j|\u26065wamp\n|t:|1776354656\n|gametype|doubles\n|player|p1|is fjord Mt|169|1186\n|player|p2|5wamp|carmine-festival|1230\n|gen|9\n|tier|[Gen 9 Champions] VGC 2026 Reg M-A\n|rated|\n|rule|Species Clause: Limit one of each Pok\u00e9mon\n|rule|Item Clause: Limit 1 of each item\n|clearpoke\n|poke|p1|Floette-Eternal, L50, F|\n|poke|p1|Aerodactyl, L50, M|\n|poke|p1|Farigiraf, L50, M|\n|poke|p1|Serperior, L50, F|\n|poke|p1|Araquanid, L50, M|\n|poke|p1|Aggron, L50, F|\n|poke|p2|Floette-Eternal, L50, F|\n|poke|p2|Sneasler, L50, M|\n|poke|p2|Aerodactyl, L50, F|\n|poke|p2|Delphox, L50, M|\n|poke|p2|Garchomp, L50, F|\n|poke|p2|Kingambit, L50, F|\n|teampreview|4\n|inactive|Battle timer is ON: inactive players will automatically lose when time's up. (requested by 5wamp)\n|inactive|5wamp has 60 seconds left.\n|\n|t:|1776354696\n|teamsize|p1|4\n|teamsize|p2|4\n|start\n|switch|p1a: Farigiraf|Farigiraf, L50, M|100/100\n|switch|p1b: Araquanid|Araquanid, L50, M|100/100\n|switch|p2a: Delphox|Delphox, L50, M|100/100\n|switch|p2b: Garchomp|Garchomp, L50, F|100/100\n|turn|1\n|\n|t:|1776354720\n|detailschange|p2a: Delphox|Delphox-Mega, L50, M\n|-mega|p2a: Delphox|Delphox|Delphoxite\n|move|p2a: Delphox|Heat Wave|p1b: Araquanid|[spread] p1a,p1b\n|-damage|p1a: Farigiraf|67/100\n|-damage|p1b: Araquanid|83/100\n|move|p2b: Garchomp|Earthquake|p1a: Farigiraf|[spread] p1a,p1b\n|-immune|p2a: Delphox|[from] ability: Levitate\n|-resisted|p1b: Araquanid|1\n|-damage|p1a: Farigiraf|32/100\n|-damage|p1b: Araquanid|62/100\n|-enditem|p1a: Farigiraf|Sitrus Berry|[eat]\n|-heal|p1a: Farigiraf|56/100|[from] item: Sitrus Berry\n|move|p1b: Araquanid|Liquidation|p2a: Delphox\n|-supereffective|p2a: Delphox|1\n|-damage|p2a: Delphox|0 fnt\n|faint|p2a: Delphox\n|move|p1a: Farigiraf|Trick Room|p1a: Farigiraf\n|-fieldstart|move: Trick Room|[of] p1a: Farigiraf\n|\n|upkeep\n|\n|t:|1776354727\n|switch|p2a: Kingambit|Kingambit, L50, F|100/100\n|turn|2\n|\n|t:|1776354745\n|move|p1b: Araquanid|Liquidation|p2b: Garchomp\n|-damage|p2b: Garchomp|31/100\n|-unboost|p2b: Garchomp|def|1\n|-damage|p1b: Araquanid|50/100|[from] ability: Rough Skin|[of] p2b: Garchomp\n|move|p2a: Kingambit|Kowtow Cleave|p1a: Farigiraf\n|-supereffective|p1a: Farigiraf|1\n|-damage|p1a: Farigiraf|0 fnt\n|faint|p1a: Farigiraf\n|move|p2b: Garchomp|Dragon Claw|p1b: Araquanid\n|-damage|p1b: Araquanid|8/100\n|\n|upkeep\n|\n|t:|1776354756\n|switch|p1a: Aggron|Aggron, L50, F|100/100\n|turn|3\n|inactive|5wamp has 30 seconds left.\n|inactive|5wamp has 20 seconds left.\n|\n|t:|1776354795\n|detailschange|p1a: Aggron|Aggron-Mega, L50, F\n|-mega|p1a: Aggron|Aggron|Aggronite\n|move|p1b: Araquanid|Protect|p1b: Araquanid\n|-singleturn|p1b: Araquanid|Protect\n|move|p1a: Aggron|Body Press|p2b: Garchomp\n|-damage|p2b: Garchomp|0 fnt\n|-damage|p1a: Aggron|88/100|[from] ability: Rough Skin|[of] p2b: Garchomp\n|faint|p2b: Garchomp\n|move|p2a: Kingambit|Low Kick|p1a: Aggron\n|-supereffective|p1a: Aggron|1\n|-damage|p1a: Aggron|57/100\n|\n|upkeep\n|\n|t:|1776354801\n|switch|p2b: Sneasler|Sneasler, L50, M|100/100\n|turn|4\n|\n|t:|1776354816\n|switch|p1b: Serperior|Serperior, L50, F|100/100\n|move|p2b: Sneasler|Fake Out|p1b: Serperior\n|-damage|p1b: Serperior|85/100\n|move|p1a: Aggron|Body Press|p2a: Kingambit\n|-supereffective|p2a: Kingambit|2\n|-enditem|p2a: Kingambit|Chople Berry|[eat]\n|-enditem|p2a: Kingambit|Chople Berry|[weaken]\n|-damage|p2a: Kingambit|45/100\n|move|p2a: Kingambit|Low Kick|p1a: Aggron\n|-supereffective|p1a: Aggron|1\n|-damage|p1a: Aggron|28/100\n|\n|-heal|p1b: Serperior|91/100|[from] item: Leftovers\n|upkeep\n|turn|5\n|inactive|is fjord Mt has 30 seconds left.\n|inactive|is fjord Mt has 20 seconds left.\n|inactive|is fjord Mt has 15 seconds left.\n|inactive|is fjord Mt has 10 seconds left.\n|\n|t:|1776354864\n|move|p2a: Kingambit|Protect|p2a: Kingambit\n|-singleturn|p2a: Kingambit|Protect\n|move|p2b: Sneasler|Protect|p2b: Sneasler\n|-singleturn|p2b: Sneasler|Protect\n|move|p1a: Aggron|Iron Head|p2b: Sneasler\n|-activate|p2b: Sneasler|move: Protect\n|move|p1b: Serperior|Leaf Storm|p2b: Sneasler\n|-activate|p2b: Sneasler|move: Protect\n|\n|-heal|p1b: Serperior|97/100|[from] item: Leftovers\n|-fieldend|move: Trick Room\n|upkeep\n|turn|6\n|\n|t:|1776354885\n|move|p1b: Serperior|Protect|p1b: Serperior\n|-singleturn|p1b: Serperior|Protect\n|move|p2b: Sneasler|Dire Claw|p1b: Serperior\n|-activate|p1b: Serperior|move: Protect\n|move|p2a: Kingambit|Low Kick|p1a: Aggron\n|-supereffective|p1a: Aggron|1\n|-crit|p1a: Aggron\n|-damage|p1a: Aggron|0 fnt\n|faint|p1a: Aggron\n|\n|-heal|p1b: Serperior|100/100|[from] item: Leftovers\n|upkeep\n|\n|t:|1776354895\n|switch|p1a: Araquanid|Araquanid, L50, M|8/100\n|turn|7\n|\n|t:|1776354901\n|move|p2b: Sneasler|Dire Claw|p1b: Serperior\n|-supereffective|p1b: Serperior|1\n|-damage|p1b: Serperior|15/100\n|move|p1b: Serperior|Leaf Storm|p2b: Sneasler\n|-resisted|p2b: Sneasler|1\n|-damage|p2b: Sneasler|66/100\n|-boost|p1b: Serperior|spa|2\n|move|p2a: Kingambit|Kowtow Cleave|p1a: Araquanid\n|-damage|p1a: Araquanid|0 fnt\n|faint|p1a: Araquanid\n|\n|-heal|p1b: Serperior|21/100|[from] item: Leftovers\n|upkeep\n|turn|8\n|\n|t:|1776354912\n|move|p2a: Kingambit|Sucker Punch|p1b: Serperior\n|-damage|p1b: Serperior|0 fnt\n|faint|p1b: Serperior\n|\n|win|5wamp\n|raw|is fjord Mt's rating: 1156 &rarr; <strong>1135</strong><br />(-21 for losing)\n|raw|5wamp's rating: 1212 &rarr; <strong>1233</strong><br />(+21 for winning)\n",
  "uploadtime": 1776354912,
  "views": 20,
  "formatid": "gen9championsvgc2026regma",
  "rating": 1135,
  "private": 0,
  "password": null
}