{
  "id": "gen9championsvgc2026regma-2583751739",
  "format": "[Gen 9 Champions] VGC 2026 Reg M-A",
  "players": [
    "TGinge",
    "paradox franco"
  ],
  "log": "|j|\u2606TGinge\n|j|\u2606paradox franco\n|t:|1776195255\n|gametype|doubles\n|player|p1|TGinge|rocketgrunt|1276\n|player|p2|paradox franco|169|1189\n|gen|9\n|tier|[Gen 9 Champions] VGC 2026 Reg M-A\n|rated|\n|rule|Species Clause: Limit one of each Pok\u00e9mon\n|rule|Item Clause: Limit 1 of each item\n|clearpoke\n|poke|p1|Chandelure, L50, M|\n|poke|p1|Hydrapple, L50, M|\n|poke|p1|Whimsicott, L50, F|\n|poke|p1|Incineroar, L50, F|\n|poke|p1|Basculegion, L50, M|\n|poke|p1|Kingambit, L50, M|\n|poke|p2|Corviknight, L50, M|\n|poke|p2|Politoed, L50, M|\n|poke|p2|Basculegion, L50, M|\n|poke|p2|Sinistcha, L50|\n|poke|p2|Incineroar, L50, M|\n|poke|p2|Garchomp, L50, M|\n|teampreview|4\n|inactive|Battle timer is ON: inactive players will automatically lose when time's up. (requested by TGinge)\n|inactive|TGinge has 60 seconds left.\n|inactive|paradox franco has 60 seconds left.\n|\n|t:|1776195300\n|teamsize|p1|4\n|teamsize|p2|4\n|start\n|switch|p1a: Kingambit|Kingambit, L50, M|100/100\n|switch|p1b: Whimsicott|Whimsicott, L50, F|100/100\n|switch|p2a: Corviknight|Corviknight, L50, M|100/100\n|switch|p2b: Politoed|Politoed, L50, M|100/100\n|-weather|RainDance|[from] ability: Drizzle|[of] p2b: Politoed\n|turn|1\n|inactive|TGinge has 30 seconds left.\n|\n|t:|1776195331\n|move|p1a: Kingambit|Protect|p1a: Kingambit\n|-singleturn|p1a: Kingambit|Protect\n|move|p2b: Politoed|Encore||[still]\n|-fail|p2b: Politoed\n|move|p2a: Corviknight|Bulk Up|p2a: Corviknight\n|-boost|p2a: Corviknight|atk|1\n|-boost|p2a: Corviknight|def|1\n|move|p1b: Whimsicott|Trick Room|p1b: Whimsicott\n|-fieldstart|move: Trick Room|[of] p1b: Whimsicott\n|\n|-weather|RainDance|[upkeep]\n|upkeep\n|turn|2\n|\n|t:|1776195352\n|switch|p1a: Chandelure|Chandelure, L50, M|100/100\n|move|p1b: Whimsicott|Sunny Day|p1b: Whimsicott\n|-weather|SunnyDay\n|move|p2a: Corviknight|Body Press|p1a: Chandelure\n|-immune|p1a: Chandelure\n|move|p2b: Politoed|Muddy Water|p1b: Whimsicott|[spread] p1b\n|-miss|p2b: Politoed|p1a: Chandelure\n|-resisted|p1b: Whimsicott|1\n|-damage|p1b: Whimsicott|91/100\n|-unboost|p1b: Whimsicott|accuracy|1\n|\n|-weather|SunnyDay|[upkeep]\n|upkeep\n|turn|3\n|\n|t:|1776195375\n|switch|p1b: Kingambit|Kingambit, L50, M|100/100\n|detailschange|p1a: Chandelure|Chandelure-Mega, L50, M\n|-mega|p1a: Chandelure|Chandelure|Chandelurite\n|move|p2a: Corviknight|Brave Bird|p1a: Chandelure\n|-damage|p1a: Chandelure|51/100\n|-damage|p2a: Corviknight|87/100|[from] Recoil\n|move|p2b: Politoed|Muddy Water|p1b: Kingambit|[spread] p1a,p1b\n|-supereffective|p1a: Chandelure|1\n|-damage|p1a: Chandelure|29/100\n|-damage|p1b: Kingambit|91/100\n|-unboost|p1b: Kingambit|accuracy|1\n|-ability|p1b: Kingambit|Defiant|boost\n|-boost|p1b: Kingambit|atk|2\n|move|p1a: Chandelure|Heat Wave|p2a: Corviknight|[spread] p2b\n|-miss|p1a: Chandelure|p2a: Corviknight\n|-resisted|p2b: Politoed|1\n|-damage|p2b: Politoed|67/100\n|\n|-weather|SunnyDay|[upkeep]\n|-heal|p2a: Corviknight|93/100|[from] item: Leftovers\n|upkeep\n|turn|4\n|\n|t:|1776195395\n|move|p1a: Chandelure|Protect|p1a: Chandelure\n|-singleturn|p1a: Chandelure|Protect\n|move|p1b: Kingambit|Kowtow Cleave|p2b: Politoed\n|-damage|p2b: Politoed|0 fnt\n|faint|p2b: Politoed\n|move|p2a: Corviknight|Brave Bird|p1a: Chandelure\n|-activate|p1a: Chandelure|move: Protect\n|\n|-weather|SunnyDay|[upkeep]\n|-heal|p2a: Corviknight|99/100|[from] item: Leftovers\n|upkeep\n|\n|t:|1776195400\n|switch|p2b: Garchomp|Garchomp, L50, M|100/100\n|turn|5\n|inactive|TGinge has 30 seconds left.\n|inactive|TGinge has 20 seconds left.\n|inactive|TGinge has 15 seconds left.\n|inactive|TGinge has 10 seconds left.\n|\n|t:|1776195450\n|switch|p1a: Whimsicott|Whimsicott, L50, F|91/100\n|move|p1b: Kingambit|Protect|p1b: Kingambit\n|-singleturn|p1b: Kingambit|Protect\n|move|p2a: Corviknight|Brave Bird|p1a: Whimsicott\n|-supereffective|p1a: Whimsicott|1\n|-damage|p1a: Whimsicott|0 fnt\n|faint|p1a: Whimsicott\n|-damage|p2a: Corviknight|79/100|[from] Recoil\n|move|p2b: Garchomp|Stomping Tantrum|p1b: Kingambit\n|-activate|p1b: Kingambit|move: Protect\n|\n|-weather|SunnyDay|[upkeep]\n|-heal|p2a: Corviknight|85/100|[from] item: Leftovers\n|-fieldend|move: Trick Room\n|upkeep\n|\n|t:|1776195461\n|switch|p1a: Basculegion|Basculegion, L50, M|100/100\n|turn|6\n|inactive|paradox franco has 30 seconds left.\n|\n|t:|1776195487\n|switch|p2b: Incineroar|Incineroar, L50, M|100/100\n|-ability|p2b: Incineroar|Intimidate|boost\n|-unboost|p1a: Basculegion|atk|1\n|-unboost|p1b: Kingambit|atk|1\n|-ability|p1b: Kingambit|Defiant|boost\n|-boost|p1b: Kingambit|atk|2\n|move|p1b: Kingambit|Sucker Punch||[still]\n|-fail|p1b: Kingambit\n|move|p1a: Basculegion|Last Respects|p2b: Incineroar\n|-resisted|p2b: Incineroar|1\n|-damage|p2b: Incineroar|78/100\n|move|p2a: Corviknight|Body Press|p1b: Kingambit\n|-supereffective|p1b: Kingambit|2\n|-enditem|p1b: Kingambit|Chople Berry|[eat]\n|-enditem|p1b: Kingambit|Chople Berry|[weaken]\n|-damage|p1b: Kingambit|42/100\n|\n|-weather|none\n|-heal|p2a: Corviknight|91/100|[from] item: Leftovers\n|upkeep\n|turn|7\n|\n|t:|1776195504\n|switch|p1a: Chandelure|Chandelure-Mega, L50, M|29/100\n|move|p1b: Kingambit|Protect|p1b: Kingambit\n|-singleturn|p1b: Kingambit|Protect\n|move|p2b: Incineroar|Fake Out|p1b: Kingambit\n|-activate|p1b: Kingambit|move: Protect\n|move|p2a: Corviknight|Bulk Up|p2a: Corviknight\n|-boost|p2a: Corviknight|atk|1\n|-boost|p2a: Corviknight|def|1\n|\n|-heal|p2a: Corviknight|97/100|[from] item: Leftovers\n|upkeep\n|turn|8\n|\n|t:|1776195515\n|move|p1a: Chandelure|Flamethrower|p2a: Corviknight\n|-supereffective|p2a: Corviknight|1\n|-damage|p2a: Corviknight|0 fnt\n|faint|p2a: Corviknight\n|move|p2b: Incineroar|Flare Blitz|p1b: Kingambit\n|-supereffective|p1b: Kingambit|1\n|-damage|p1b: Kingambit|0 fnt\n|faint|p1b: Kingambit\n|-damage|p2b: Incineroar|64/100|[from] Recoil\n|\n|upkeep\n|\n|t:|1776195519\n|switch|p2a: Garchomp|Garchomp, L50, M|100/100\n|switch|p1b: Basculegion|Basculegion, L50, M|100/100\n|turn|9\n|\n|t:|1776195532\n|move|p1a: Chandelure|Protect|p1a: Chandelure\n|-singleturn|p1a: Chandelure|Protect\n|move|p2a: Garchomp|Rock Tomb|p1b: Basculegion\n|-damage|p1b: Basculegion|71/100\n|-unboost|p1b: Basculegion|spe|1\n|move|p1b: Basculegion|Wave Crash|p2b: Incineroar\n|-supereffective|p2b: Incineroar|1\n|-damage|p2b: Incineroar|0 fnt\n|faint|p2b: Incineroar\n|-damage|p1b: Basculegion|50/100|[from] Recoil\n|\n|upkeep\n|turn|10\n|\n|t:|1776195546\n|move|p2a: Garchomp|Rock Tomb|p1a: Chandelure\n|-supereffective|p1a: Chandelure|1\n|-damage|p1a: Chandelure|0 fnt\n|faint|p1a: Chandelure\n|move|p1b: Basculegion|Wave Crash|p2a: Garchomp\n|-damage|p2a: Garchomp|20/100\n|-damage|p1b: Basculegion|38/100|[from] ability: Rough Skin|[of] p2a: Garchomp\n|-damage|p1b: Basculegion|13/100|[from] Recoil\n|\n|upkeep\n|turn|11\n|\n|t:|1776195551\n|move|p2a: Garchomp|Rock Tomb|p1b: Basculegion\n|-damage|p1b: Basculegion|0 fnt\n|faint|p1b: Basculegion\n|\n|win|paradox franco\n|raw|TGinge's rating: 1276 &rarr; <strong>1245</strong><br />(-31 for losing)\n|raw|paradox franco's rating: 1189 &rarr; <strong>1220</strong><br />(+31 for winning)\n",
  "uploadtime": 1776195556,
  "views": 41,
  "formatid": "gen9championsvgc2026regma",
  "rating": 1220,
  "private": 0,
  "password": null
}