{
  "id": "gen9championsvgc2026regma-2587825296",
  "format": "[Gen 9 Champions] VGC 2026 Reg M-A",
  "players": [
    "BossgodoraII",
    "TheNewMeliolizard"
  ],
  "log": "|j|\u2606BossgodoraII\n|j|\u2606TheNewMeliolizard\n|t:|1776567858\n|gametype|doubles\n|player|p1|BossgodoraII|gentleman-gen4|1518\n|player|p2|TheNewMeliolizard|larry|1481\n|gen|9\n|tier|[Gen 9 Champions] VGC 2026 Reg M-A\n|rated|\n|rule|Species Clause: Limit one of each Pok\u00e9mon\n|rule|Item Clause: Limit 1 of each item\n|clearpoke\n|poke|p1|Delphox, L50, F|\n|poke|p1|Floette-Eternal, L50, F|\n|poke|p1|Sneasler, L50, F|\n|poke|p1|Aerodactyl, L50, F|\n|poke|p1|Garchomp, L50, F|\n|poke|p1|Kingambit, L50, M|\n|poke|p2|Aggron, L50, M, shiny|\n|poke|p2|Rotom-Wash, L50, shiny|\n|poke|p2|Sinistcha, L50, shiny|\n|poke|p2|Incineroar, L50, F, shiny|\n|poke|p2|Ninetales-Alola, L50, M, shiny|\n|poke|p2|Tyranitar, L50, F, shiny|\n|teampreview|4\nBossgodoraII rejected open team sheets.\n|inactive|Battle timer is ON: inactive players will automatically lose when time's up. (requested by BossgodoraII)\n|inactive|TheNewMeliolizard has 60 seconds left.\n|inactive|TheNewMeliolizard has 30 seconds left.\n|inactive|TheNewMeliolizard has 20 seconds left.\n|inactive|TheNewMeliolizard has 15 seconds left.\n|inactive|TheNewMeliolizard has 10 seconds left.\n|inactive|TheNewMeliolizard has 5 seconds left.\n|\n|t:|1776567989\n|teamsize|p1|4\n|teamsize|p2|4\n|start\n|switch|p1a: Sneasler|Sneasler, L50, F|100/100\n|switch|p1b: Kingambit|Kingambit, L50, M|100/100\n|switch|p2a: Rotom|Rotom-Wash, L50, shiny|100/100\n|switch|p2b: Tyranitar|Tyranitar, L50, F, shiny|100/100\n|-weather|Sandstorm|[from] ability: Sand Stream|[of] p2b: Tyranitar\n|turn|1\n|\n|t:|1776567999\n|move|p2b: Tyranitar|Protect|p2b: Tyranitar\n|-singleturn|p2b: Tyranitar|Protect\n|move|p1a: Sneasler|Fake Out|p2a: Rotom\n|-damage|p2a: Rotom|87/100\n|cant|p2a: Rotom|flinch\n|move|p1b: Kingambit|Iron Head|p2a: Rotom\n|-resisted|p2a: Rotom|2\n|-damage|p2a: Rotom|76/100\n|\n|-weather|Sandstorm|[upkeep]\n|-damage|p1a: Sneasler|95/100|[from] Sandstorm\n|-damage|p2a: Rotom|71/100|[from] Sandstorm\n|-heal|p2a: Rotom|76/100|[from] item: Leftovers\n|upkeep\n|turn|2\n|\n|t:|1776568018\n|switch|p2b: Sinistcha|Sinistcha, L50, shiny|100/100\n|-heal|p2a: Rotom|100/100|[from] ability: Hospitality|[of] p2b: Sinistcha\n|move|p1b: Kingambit|Sucker Punch||[still]\n|-fail|p1b: Kingambit\n|move|p1a: Sneasler|Close Combat|p2b: Sinistcha\n|-immune|p2b: Sinistcha\n|move|p2a: Rotom|Will-O-Wisp|p1b: Kingambit\n|-status|p1b: Kingambit|brn\n|\n|-weather|Sandstorm|[upkeep]\n|-damage|p1a: Sneasler|89/100|[from] Sandstorm\n|-damage|p2a: Rotom|95/100|[from] Sandstorm\n|-damage|p2b: Sinistcha|94/100|[from] Sandstorm\n|-heal|p2a: Rotom|100/100|[from] item: Leftovers\n|-damage|p1b: Kingambit|95/100 brn|[from] brn\n|upkeep\n|turn|3\n|inactive|TheNewMeliolizard has 30 seconds left.\n|\n|t:|1776568050\n|switch|p2b: Tyranitar|Tyranitar, L50, F, shiny|100/100\n|move|p1a: Sneasler|Dire Claw|p2b: Tyranitar\n|-resisted|p2b: Tyranitar|1\n|-damage|p2b: Tyranitar|83/100\n|move|p2a: Rotom|Hydro Pump|p1b: Kingambit\n|-damage|p1b: Kingambit|52/100 brn\n|move|p1b: Kingambit|Kowtow Cleave|p2b: Tyranitar\n|-resisted|p2b: Tyranitar|1\n|-damage|p2b: Tyranitar|72/100\n|\n|-weather|Sandstorm|[upkeep]\n|-damage|p1a: Sneasler|83/100|[from] Sandstorm\n|-damage|p2a: Rotom|95/100|[from] Sandstorm\n|-heal|p2a: Rotom|100/100|[from] item: Leftovers\n|-damage|p1b: Kingambit|46/100 brn|[from] brn\n|upkeep\n|turn|4\n|\n|t:|1776568071\n|switch|p1b: Floette|Floette-Eternal, L50, F|100/100\n|detailschange|p2b: Tyranitar|Tyranitar-Mega, L50, F, shiny\n|-mega|p2b: Tyranitar|Tyranitar|Tyranitarite\n|move|p2b: Tyranitar|Protect|p2b: Tyranitar\n|-singleturn|p2b: Tyranitar|Protect\n|move|p1a: Sneasler|Close Combat|p2a: Rotom\n|-damage|p2a: Rotom|38/100\n|-unboost|p1a: Sneasler|def|1\n|-unboost|p1a: Sneasler|spd|1\n|-enditem|p1a: Sneasler|White Herb\n|-clearnegativeboost|p1a: Sneasler|[silent]\n|move|p2a: Rotom|Volt Switch|p1a: Sneasler\n|-damage|p1a: Sneasler|47/100\n|\n|t:|1776568084\n|switch|p2a: Sinistcha|Sinistcha, L50, shiny|94/100|[from] Volt Switch\n|-heal|p2b: Tyranitar|97/100|[from] ability: Hospitality|[of] p2a: Sinistcha\n|\n|-weather|Sandstorm|[upkeep]\n|-damage|p1a: Sneasler|41/100|[from] Sandstorm\n|-damage|p1b: Floette|94/100|[from] Sandstorm\n|-damage|p2a: Sinistcha|88/100|[from] Sandstorm\n|upkeep\n|turn|5\n|inactive|TheNewMeliolizard has 30 seconds left.\n|\n|t:|1776568123\n|detailschange|p1b: Floette|Floette-Mega, L50, F\n|-mega|p1b: Floette|Floette|Floettite\n|-ability|p1b: Floette|Fairy Aura\n|move|p1a: Sneasler|Dire Claw|p2a: Sinistcha\n|-damage|p2a: Sinistcha|58/100\n|move|p1b: Floette|Moonblast|p2b: Tyranitar\n|-supereffective|p2b: Tyranitar|1\n|-damage|p2b: Tyranitar|24/100\n|move|p2b: Tyranitar|Rock Slide|p1b: Floette|[spread] p1a\n|-miss|p2b: Tyranitar|p1b: Floette\n|-resisted|p1a: Sneasler|1\n|-damage|p1a: Sneasler|12/100\n|move|p2a: Sinistcha|Trick Room|p2a: Sinistcha\n|-fieldstart|move: Trick Room|[of] p2a: Sinistcha\n|\n|-weather|none\n|upkeep\n|turn|6\n|-message|BossgodoraII forfeited.\n|\n|win|TheNewMeliolizard\n|raw|BossgodoraII's rating: 1518 &rarr; <strong>1496</strong><br />(-22 for losing)\n|raw|TheNewMeliolizard's rating: 1481 &rarr; <strong>1503</strong><br />(+22 for winning)\n|l|\u2606BossgodoraII\n|player|p1|\n|l|\u2606TheNewMeliolizard\n|player|p2|\n",
  "uploadtime": 1776568184,
  "views": 15,
  "formatid": "gen9championsvgc2026regma",
  "rating": 1496,
  "private": 0,
  "password": null
}