{
  "id": "gen9championsvgc2026regma-2587235049",
  "format": "[Gen 9 Champions] VGC 2026 Reg M-A",
  "players": [
    "BlazinAzian",
    "brojonski"
  ],
  "log": "|j|\u2606BlazinAzian\n|j|\u2606brojonski\n|t:|1776512573\n|gametype|doubles\n|player|p1|BlazinAzian|2|1260\n|player|p2|brojonski|brock|1275\n|gen|9\n|tier|[Gen 9 Champions] VGC 2026 Reg M-A\n|rated|\n|rule|Species Clause: Limit one of each Pok\u00e9mon\n|rule|Item Clause: Limit 1 of each item\n|clearpoke\n|poke|p1|Charizard, L50, F|\n|poke|p1|Whimsicott, L50, F|\n|poke|p1|Garchomp, L50, M|\n|poke|p1|Sneasler, L50, F|\n|poke|p1|Kingambit, L50, M|\n|poke|p1|Farigiraf, L50, M|\n|poke|p2|Crabominable, L50, M|\n|poke|p2|Zoroark-Hisui, L50, M|\n|poke|p2|Slowking, L50, M|\n|poke|p2|Incineroar, L50, F|\n|poke|p2|Tsareena, L50, F|\n|poke|p2|Glimmora, L50, F|\n|teampreview|4\n|inactive|Battle timer is ON: inactive players will automatically lose when time's up. (requested by brojonski)\n|inactive|BlazinAzian has 60 seconds left.\n|inactive|brojonski has 60 seconds left.\n|inactive|BlazinAzian has 30 seconds left.\nbrojonski rejected open team sheets.\n|inactive|BlazinAzian has 20 seconds left.\n|inactive|BlazinAzian has 15 seconds left.\n|\n|t:|1776512653\n|teamsize|p1|4\n|teamsize|p2|4\n|start\n|switch|p1a: Farigiraf|Farigiraf, L50, M|100/100\n|switch|p1b: Kingambit|Kingambit, L50, M|100/100\n|switch|p2a: Slowking|Slowking, L50, M|100/100\n|switch|p2b: Tsareena|Tsareena, L50, F|100/100\n|turn|1\n|\n|t:|1776512675\n|move|p2b: Tsareena|Low Kick|p1b: Kingambit\n|-supereffective|p1b: Kingambit|2\n|-crit|p1b: Kingambit\n|-damage|p1b: Kingambit|0 fnt\n|faint|p1b: Kingambit\n|move|p1a: Farigiraf|Imprison|p1a: Farigiraf\n|-start|p1a: Farigiraf|move: Imprison\n|-prepare|p2a: Slowking|Chilly Reception|[premajor]\n|move|p2a: Slowking|Chilly Reception|p2a: Slowking\n|-weather|Snowscape\n|\n|t:|1776512698\n|switch|p2a: Glimmora|Glimmora, L50, F|100/100|[from] Chilly Reception\n|\n|-weather|Snowscape|[upkeep]\n|upkeep\n|\n|t:|1776512708\n|switch|p1b: Garchomp|Garchomp, L50, M|100/100\n|turn|2\n|inactive|BlazinAzian has 30 seconds left.\n|inactive|brojonski has 30 seconds left.\n|\n|t:|1776512738\n|move|p2a: Glimmora|Spiky Shield|p2a: Glimmora\n|-singleturn|p2a: Glimmora|move: Protect\n|move|p1b: Garchomp|Rock Slide|p2a: Glimmora|[spread] p2b\n|-activate|p2a: Glimmora|move: Protect\n|-damage|p2b: Tsareena|77/100\n|move|p2b: Tsareena|Triple Axel|p1b: Garchomp\n|-supereffective|p1b: Garchomp|2\n|-damage|p1b: Garchomp|72/100\n|-damage|p2b: Tsareena|65/100|[from] ability: Rough Skin|[of] p1b: Garchomp\n|-supereffective|p1b: Garchomp|2\n|-damage|p1b: Garchomp|18/100\n|-damage|p2b: Tsareena|52/100|[from] ability: Rough Skin|[of] p1b: Garchomp\n|-supereffective|p1b: Garchomp|2\n|-damage|p1b: Garchomp|0 fnt\n|-damage|p2b: Tsareena|40/100|[from] ability: Rough Skin|[of] p1b: Garchomp\n|faint|p1b: Garchomp\n|-hitcount|p1: Garchomp|3\n|move|p1a: Farigiraf|Psychic|p2a: Glimmora\n|-activate|p2a: Glimmora|move: Protect\n|\n|-weather|Snowscape|[upkeep]\n|upkeep\n|\n|t:|1776512752\n|switch|p1b: Charizard|Charizard, L50, F|100/100\n|turn|3\n|inactive|brojonski has 30 seconds left.\n|inactive|brojonski has 20 seconds left.\n|\n|t:|1776512789\n|detailschange|p2a: Glimmora|Glimmora-Mega, L50, F\n|-mega|p2a: Glimmora|Glimmora|Glimmoranite\n|move|p1b: Charizard|Protect|p1b: Charizard\n|-singleturn|p1b: Charizard|Protect\n|move|p2a: Glimmora|Power Gem|p1b: Charizard\n|-activate|p1b: Charizard|move: Protect\n|move|p2b: Tsareena|Trop Kick|p1a: Farigiraf\n|-damage|p1a: Farigiraf|60/100\n|-unboost|p1a: Farigiraf|atk|1\n|move|p1a: Farigiraf|Psychic|p2a: Glimmora\n|-supereffective|p2a: Glimmora|1\n|-damage|p2a: Glimmora|11/100\n|\n|-weather|Snowscape|[upkeep]\n|upkeep\n|turn|4\n|inactive|BlazinAzian has 30 seconds left.\n|inactive|brojonski has 30 seconds left.\n|inactive|BlazinAzian has 20 seconds left.\n|inactive|brojonski has 20 seconds left.\n|inactive|BlazinAzian has 15 seconds left.\n|inactive|brojonski has 15 seconds left.\n|inactive|BlazinAzian has 10 seconds left.\n|\n|t:|1776512835\n|move|p2a: Glimmora|Spiky Shield|p2a: Glimmora\n|-singleturn|p2a: Glimmora|move: Protect\n|move|p1b: Charizard|Heat Wave|p2b: Tsareena|[spread] p2b\n|-activate|p2a: Glimmora|move: Protect\n|-supereffective|p2b: Tsareena|1\n|-damage|p2b: Tsareena|0 fnt\n|faint|p2b: Tsareena\n|move|p1a: Farigiraf|Hyper Voice|p2a: Glimmora\n|-activate|p2a: Glimmora|move: Protect\n|\n|-weather|Snowscape|[upkeep]\n|upkeep\n|\n|t:|1776512853\n|switch|p2b: Crabominable|Crabominable, L50, M|100/100\n|turn|5\n|inactive|brojonski has 30 seconds left.\n|\n|t:|1776512884\n|detailschange|p1b: Charizard|Charizard-Mega-Y, L50, F\n|-mega|p1b: Charizard|Charizard|Charizardite Y\n|-weather|SunnyDay|[from] ability: Drought|[of] p1b: Charizard\n|move|p2a: Glimmora|Spiky Shield|p2a: Glimmora\n|-singleturn|p2a: Glimmora|move: Protect\n|move|p1b: Charizard|Heat Wave|p2a: Glimmora|[spread] p2b\n|-activate|p2a: Glimmora|move: Protect\n|-supereffective|p2b: Crabominable|1\n|-damage|p2b: Crabominable|0 fnt\n|faint|p2b: Crabominable\n|move|p1a: Farigiraf|Psychic|p2a: Glimmora\n|-activate|p2a: Glimmora|move: Protect\n|\n|-weather|SunnyDay|[upkeep]\n|upkeep\n|\n|t:|1776512891\n|switch|p2b: Slowking|Slowking, L50, M|100/100\n|turn|6\n|-message|brojonski forfeited.\n|\n|win|BlazinAzian\n|raw|BlazinAzian's rating: 1260 &rarr; <strong>1286</strong><br />(+26 for winning)\n|raw|brojonski's rating: 1275 &rarr; <strong>1249</strong><br />(-26 for losing)\n",
  "uploadtime": 1776512899,
  "views": 30,
  "formatid": "gen9championsvgc2026regma",
  "rating": 1249,
  "private": 0,
  "password": null
}