{
  "id": "gen9championsvgc2026regma-2586718540",
  "format": "[Gen 9 Champions] VGC 2026 Reg M-A",
  "players": [
    "kaminjaw",
    "ComputerWhiz"
  ],
  "log": "|j|\u2606kaminjaw\n|j|\u2606ComputerWhiz\n|inactive|Battle timer is ON: inactive players will automatically lose when time's up.\n|html|<table width=\"100%\"><tr><td align=\"left\">kaminjaw</td><td align=\"right\">ComputerWhiz</tr><tr><td align=\"left\"><i class=\"fa fa-circle\"></i> <i class=\"fa fa-circle-o\"></i> </td><td align=\"right\"><i class=\"fa fa-circle-o\"></i> <i class=\"fa fa-circle\"></i> </tr></table>\n|uhtml|bestof|<h2><strong>Game 3</strong> of <a href=\"/game-bestof3-gen9championsvgc2026regma-2586710517\">a best-of-3</a></h2>\n|t:|1776454557\n|gametype|doubles\n|player|p1|kaminjaw|1|\n|player|p2|ComputerWhiz|#ruclimagicchampions|\n|gen|9\n|tier|[Gen 9 Champions] VGC 2026 Reg M-A\n|rated|Tournament battle\n|rule|Species Clause: Limit one of each Pok\u00e9mon\n|rule|Item Clause: Limit 1 of each item\n|raw|<div class=\"infobox\"><details class=\"readmore\" open><summary><strong>1 custom rule:</strong></summary> bestof = 3</details></div>\n|clearpoke\n|poke|p1|Blastoise, L50, F|\n|poke|p1|Aerodactyl, L50, M|\n|poke|p1|Garchomp, L50, M|\n|poke|p1|Oranguru, L50, M|\n|poke|p1|Orthworm, L50, M|\n|poke|p1|Delphox, L50, M|\n|poke|p2|Noivern, L50, F|\n|poke|p2|Sneasler, L50, M|\n|poke|p2|Rotom-Heat, L50|\n|poke|p2|Basculegion, L50, M|\n|poke|p2|Mamoswine, L50, M|\n|poke|p2|Kingambit, L50, M|\n|teampreview|4\n|inactive|ComputerWhiz also wants the timer to be on.\nComputerWhiz rejected open team sheets.\n|inactive|kaminjaw has 60 seconds left.\n|inactive|ComputerWhiz has 60 seconds left.\n|j| yunoiaj\n|j| Dddddsf\n|j|@The Carkol Rider\n|l| Dddddsf\n|\n|t:|1776454608\n|teamsize|p1|4\n|teamsize|p2|4\n|start\n|switch|p1a: Blastoise|Blastoise, L50, F|100/100\n|switch|p1b: Oranguru|Oranguru, L50, M|100/100\n|switch|p2a: Kingambit|Kingambit, L50, M|100/100\n|switch|p2b: Basculegion|Basculegion, L50, M|100/100\n|turn|1\n|l|@The Carkol Rider\n|\n|t:|1776454631\n|detailschange|p1a: Blastoise|Blastoise-Mega, L50, F\n|-mega|p1a: Blastoise|Blastoise|Blastoisinite\n|move|p1a: Blastoise|Protect|p1a: Blastoise\n|-singleturn|p1a: Blastoise|Protect\n|move|p2b: Basculegion|Flip Turn|p1b: Oranguru\n|-damage|p1b: Oranguru|65/100\n|\n|t:|1776454639\n|switch|p2b: Mamoswine|Mamoswine, L50, M|100/100|[from] Flip Turn\n|move|p2a: Kingambit|Kowtow Cleave|p1a: Blastoise\n|-activate|p1a: Blastoise|move: Protect\n|move|p1b: Oranguru|Trick Room|p1b: Oranguru\n|-fieldstart|move: Trick Room|[of] p1b: Oranguru\n|\n|upkeep\n|turn|2\n|inactive|kaminjaw has 30 seconds left.\n|\n|t:|1776454667\n|move|p2a: Kingambit|Protect|p2a: Kingambit\n|-singleturn|p2a: Kingambit|Protect\n|move|p2b: Mamoswine|Protect|p2b: Mamoswine\n|-singleturn|p2b: Mamoswine|Protect\n|move|p1b: Oranguru|Rain Dance|p1b: Oranguru\n|-weather|RainDance\n|move|p1a: Blastoise|Water Spout|p2a: Kingambit|[spread] \n|-activate|p2a: Kingambit|move: Protect\n|-activate|p2b: Mamoswine|move: Protect\n|\n|-weather|RainDance|[upkeep]\n|upkeep\n|turn|3\n|inactive|ComputerWhiz has 30 seconds left.\n|inactive|ComputerWhiz has 20 seconds left.\n|\n|t:|1776454705\n|move|p2b: Mamoswine|Protect|p2b: Mamoswine\n|-singleturn|p2b: Mamoswine|Protect\n|move|p2a: Kingambit|Kowtow Cleave|p1a: Blastoise\n|-damage|p1a: Blastoise|57/100\n|move|p1b: Oranguru|Instruct|p1a: Blastoise\n|-singleturn|p1a: Blastoise|move: Instruct|[of] p1b: Oranguru\n|move|p1a: Blastoise|Water Spout|p2a: Kingambit|[spread] p2a\n|-activate|p2b: Mamoswine|move: Protect\n|-damage|p2a: Kingambit|43/100\n|move|p1a: Blastoise|Water Spout|p2b: Mamoswine|[spread] p2a\n|-activate|p2b: Mamoswine|move: Protect\n|-damage|p2a: Kingambit|0 fnt\n|faint|p2a: Kingambit\n|-end|p2a: Kingambit|fallenundefined|[silent]\n|\n|-weather|RainDance|[upkeep]\n|upkeep\n|\n|t:|1776454717\n|switch|p2a: Basculegion|Basculegion, L50, M|100/100\n|turn|4\n|inactive|kaminjaw has 30 seconds left.\n|\n|t:|1776454745\n|switch|p1b: Garchomp|Garchomp, L50, M|100/100\n|switch|p2a: Rotom|Rotom-Heat, L50|100/100\n|move|p1a: Blastoise|Dark Pulse|p2a: Rotom\n|-damage|p2a: Rotom|54/100\n|move|p2b: Mamoswine|Icicle Crash|p1b: Garchomp\n|-supereffective|p1b: Garchomp|2\n|-enditem|p1b: Garchomp|Yache Berry|[eat]\n|-enditem|p1b: Garchomp|Yache Berry|[weaken]\n|-damage|p1b: Garchomp|36/100\n|\n|-weather|RainDance|[upkeep]\n|upkeep\n|turn|5\n|inactive|kaminjaw has 30 seconds left.\n|inactive|ComputerWhiz has 30 seconds left.\n|inactive|ComputerWhiz has 20 seconds left.\n|inactive|ComputerWhiz has 15 seconds left.\n|inactive|ComputerWhiz has 10 seconds left.\n|\n|t:|1776454791\n|switch|p1b: Oranguru|Oranguru, L50, M|65/100\n|move|p2b: Mamoswine|Ice Shard|p1b: Oranguru\n|-damage|p1b: Oranguru|43/100\n|move|p1a: Blastoise|Water Spout|p2a: Rotom|[spread] p2a,p2b\n|-supereffective|p2a: Rotom|1\n|-supereffective|p2b: Mamoswine|1\n|-damage|p2a: Rotom|0 fnt\n|-damage|p2b: Mamoswine|0 fnt\n|faint|p2a: Rotom\n|faint|p2b: Mamoswine\n|\n|-weather|RainDance|[upkeep]\n|-fieldend|move: Trick Room\n|upkeep\n|\n|t:|1776454794\n|switch|p2b: Basculegion|Basculegion, L50, M|100/100\n|turn|6\n|c|\u2606ComputerWhiz|ggs\n|\n|t:|1776454809\n|move|p2b: Basculegion|Wave Crash|p1a: Blastoise\n|-resisted|p1a: Blastoise|1\n|-damage|p1a: Blastoise|14/100\n|-damage|p2b: Basculegion|88/100|[from] Recoil\n|move|p1a: Blastoise|Dark Pulse|p2b: Basculegion\n|-supereffective|p2b: Basculegion|1\n|-crit|p2b: Basculegion\n|-damage|p2b: Basculegion|0 fnt\n|faint|p2b: Basculegion\n|\n|win|kaminjaw\n|c|\u2606kaminjaw|gg\n|l|\u2606ComputerWhiz\n|player|p2|\n",
  "uploadtime": 1776454845,
  "views": 23,
  "formatid": "gen9championsvgc2026regma",
  "rating": null,
  "private": 0,
  "password": null
}