{
  "id": "gen9championsvgc2026regma-2583427906",
  "format": "[Gen 9 Champions] VGC 2026 Reg M-A",
  "players": [
    "rocci",
    "Marti Pierde"
  ],
  "log": "|j|\u2606rocci\n|j|\u2606Marti Pierde\n|t:|1776174976\n|gametype|doubles\n|player|p1|rocci|beauty-gen4dp|1110\n|player|p2|Marti Pierde|102|1115\n|gen|9\n|tier|[Gen 9 Champions] VGC 2026 Reg M-A\n|rated|\n|rule|Species Clause: Limit one of each Pok\u00e9mon\n|rule|Item Clause: Limit 1 of each item\n|clearpoke\n|poke|p1|Sylveon, L50, F|\n|poke|p1|Slowbro, L50, F|\n|poke|p1|Tyranitar, L50, M|\n|poke|p1|Farigiraf, L50, F|\n|poke|p1|Clefable, L50, M|\n|poke|p1|Conkeldurr, L50, M|\n|poke|p2|Charizard, L50, F|\n|poke|p2|Venusaur, L50, M|\n|poke|p2|Garchomp, L50, M|\n|poke|p2|Rotom-Wash, L50|\n|poke|p2|Sneasler, L50, F|\n|poke|p2|Incineroar, L50, M|\n|teampreview|4\nMarti Pierde has agreed to open team sheets.\n|\n|t:|1776175068\n|teamsize|p1|4\n|teamsize|p2|4\n|start\n|switch|p1a: Clefable|Clefable, L50, M|100/100\n|switch|p1b: Farigiraf|Farigiraf, L50, F|100/100\n|switch|p2a: Incineroar|Incineroar, L50, M|100/100\n|switch|p2b: Charizard|Charizard, L50, F|100/100\n|-ability|p2a: Incineroar|Intimidate|boost\n|-unboost|p1a: Clefable|atk|1\n|-unboost|p1b: Farigiraf|atk|1\n|turn|1\n|inactive|Battle timer is ON: inactive players will automatically lose when time's up. (requested by Marti Pierde)\n|\n|t:|1776175095\n|detailschange|p2b: Charizard|Charizard-Mega-Y, L50, F\n|-mega|p2b: Charizard|Charizard|Charizardite Y\n|-weather|SunnyDay|[from] ability: Drought|[of] p2b: Charizard\n|move|p2a: Incineroar|Fake Out||[still]\n|cant|p1b: Farigiraf|ability: Armor Tail|Fake Out|[of] p2a: Incineroar\n|move|p1a: Clefable|Follow Me|p1a: Clefable\n|-singleturn|p1a: Clefable|move: Follow Me\n|move|p2b: Charizard|Heat Wave|p1b: Farigiraf|[spread] p1a,p1b\n|-damage|p1a: Clefable|39/100\n|-damage|p1b: Farigiraf|38/100\n|-enditem|p1b: Farigiraf|Sitrus Berry|[eat]\n|-heal|p1b: Farigiraf|63/100|[from] item: Sitrus Berry\n|move|p1b: Farigiraf|Trick Room|p1b: Farigiraf\n|-fieldstart|move: Trick Room|[of] p1b: Farigiraf\n|\n|-weather|SunnyDay|[upkeep]\n|upkeep\n|turn|2\n|\n|t:|1776175116\n|move|p2b: Charizard|Protect|p2b: Charizard\n|-singleturn|p2b: Charizard|Protect\n|move|p1a: Clefable|Encore|p2a: Incineroar\n|-start|p2a: Incineroar|Encore\n|move|p2a: Incineroar|Fake Out||[still]\n|cant|p1b: Farigiraf|ability: Armor Tail|Fake Out|[of] p2a: Incineroar\n|move|p1b: Farigiraf|Psychic|p2b: Charizard\n|-activate|p2b: Charizard|move: Protect\n|\n|-weather|SunnyDay|[upkeep]\n|upkeep\n|turn|3\n|\n|t:|1776175137\n|switch|p2a: Rotom|Rotom-Wash, L50|100/100\n|move|p1a: Clefable|Encore|p2b: Charizard\n|-start|p2b: Charizard|Encore\n|move|p2b: Charizard|Protect||[still]\n|-fail|p2b: Charizard\n|move|p1b: Farigiraf|Psychic|p2a: Rotom\n|-damage|p2a: Rotom|64/100\n|\n|-weather|SunnyDay|[upkeep]\n|upkeep\n|turn|4\n|\n|t:|1776175155\n|move|p2b: Charizard|Protect|p2b: Charizard\n|-singleturn|p2b: Charizard|Protect\n|move|p1a: Clefable|Dazzling Gleam|p2b: Charizard|[spread] p2a\n|-activate|p2b: Charizard|move: Protect\n|-damage|p2a: Rotom|43/100\n|move|p1b: Farigiraf|Psychic|p2a: Rotom\n|-damage|p2a: Rotom|8/100\n|move|p2a: Rotom|Thunderbolt|p1b: Farigiraf\n|-damage|p1b: Farigiraf|28/100\n|\n|-weather|SunnyDay|[upkeep]\n|upkeep\n|turn|5\n|\n|t:|1776175174\n|switch|p2b: Incineroar|Incineroar, L50, M|100/100\n|-ability|p2b: Incineroar|Intimidate|boost\n|-unboost|p1a: Clefable|atk|1\n|-unboost|p1b: Farigiraf|atk|1\n|move|p2a: Rotom|Protect|p2a: Rotom\n|-singleturn|p2a: Rotom|Protect\n|move|p1a: Clefable|Dazzling Gleam|p2b: Incineroar|[spread] p2b\n|-activate|p2a: Rotom|move: Protect\n|-damage|p2b: Incineroar|81/100\n|move|p1b: Farigiraf|Psychic|p2b: Incineroar\n|-immune|p2b: Incineroar\n|\n|-weather|none\n|-fieldend|move: Trick Room\n|upkeep\n|turn|6\n|inactive|Marti Pierde has 30 seconds left.\n|\n|t:|1776175209\n|move|p1a: Clefable|Follow Me|p1a: Clefable\n|-singleturn|p1a: Clefable|move: Follow Me\n|move|p2a: Rotom|Thunderbolt|p1a: Clefable\n|-damage|p1a: Clefable|6/100\n|move|p2b: Incineroar|Flare Blitz|p1a: Clefable\n|-damage|p1a: Clefable|0 fnt\n|faint|p1a: Clefable\n|-damage|p2b: Incineroar|79/100|[from] Recoil\n|move|p1b: Farigiraf|Trick Room|p1b: Farigiraf\n|-fieldstart|move: Trick Room|[of] p1b: Farigiraf\n|\n|upkeep\n|\n|t:|1776175221\n|switch|p1a: Sylveon|Sylveon, L50, F|100/100\n|turn|7\n|\n|t:|1776175235\n|move|p1b: Farigiraf|Helping Hand|p1a: Sylveon\n|-singleturn|p1a: Sylveon|Helping Hand|[of] p1b: Farigiraf\n|move|p1a: Sylveon|Hyper Voice|p2a: Rotom|[spread] p2a,p2b\n|-damage|p2a: Rotom|0 fnt\n|-damage|p2b: Incineroar|4/100\n|-enditem|p2b: Incineroar|Sitrus Berry|[eat]\n|-heal|p2b: Incineroar|29/100|[from] item: Sitrus Berry\n|faint|p2a: Rotom\n|move|p2b: Incineroar|Parting Shot|p1a: Sylveon\n|-unboost|p1a: Sylveon|atk|1\n|-unboost|p1a: Sylveon|spa|1\n|\n|t:|1776175242\n|switch|p2b: Sneasler|Sneasler, L50, F|100/100|[from] Parting Shot\n|\n|upkeep\n|\n|t:|1776175244\n|switch|p2a: Charizard|Charizard-Mega-Y, L50, F|100/100\n|-weather|SunnyDay|[from] ability: Drought|[of] p2a: Charizard\n|turn|8\n|inactive|rocci has 30 seconds left.\n|\n|t:|1776175272\n|switch|p2b: Incineroar|Incineroar, L50, M|29/100\n|-ability|p2b: Incineroar|Intimidate|boost\n|-unboost|p1a: Sylveon|atk|1\n|-unboost|p1b: Farigiraf|atk|1\n|move|p1a: Sylveon|Mystical Fire|p2a: Charizard\n|-resisted|p2a: Charizard|1\n|-damage|p2a: Charizard|88/100\n|-unboost|p2a: Charizard|spa|1\n|move|p1b: Farigiraf|Psychic|p2b: Incineroar\n|-immune|p2b: Incineroar\n|move|p2a: Charizard|Heat Wave|p1b: Farigiraf|[spread] p1b\n|-miss|p2a: Charizard|p1a: Sylveon\n|-damage|p1b: Farigiraf|0 fnt\n|faint|p1b: Farigiraf\n|\n|-weather|SunnyDay|[upkeep]\n|upkeep\n|\n|t:|1776175276\n|switch|p1b: Conkeldurr|Conkeldurr, L50, M|100/100\n|turn|9\n|\n|t:|1776175295\n|move|p2b: Incineroar|Fake Out|p1b: Conkeldurr\n|-damage|p1b: Conkeldurr|85/100\n|cant|p1b: Conkeldurr|flinch\n|move|p1a: Sylveon|Hyper Voice|p2a: Charizard|[spread] p2a,p2b\n|-resisted|p2a: Charizard|1\n|-damage|p2a: Charizard|70/100\n|-damage|p2b: Incineroar|0 fnt\n|faint|p2b: Incineroar\n|move|p2a: Charizard|Heat Wave|p1b: Conkeldurr|[spread] p1a\n|-miss|p2a: Charizard|p1b: Conkeldurr\n|-damage|p1a: Sylveon|71/100\n|\n|-weather|SunnyDay|[upkeep]\n|upkeep\n|\n|t:|1776175301\n|switch|p2b: Sneasler|Sneasler, L50, F|100/100\n|turn|10\n|inactive|rocci has 30 seconds left.\n|\n|t:|1776175331\n|move|p2a: Charizard|Protect|p2a: Charizard\n|-singleturn|p2a: Charizard|Protect\n|move|p1b: Conkeldurr|Wide Guard|p1b: Conkeldurr\n|-singleturn|p1b: Conkeldurr|Wide Guard\n|move|p2b: Sneasler|Fake Out|p1a: Sylveon\n|-damage|p1a: Sylveon|54/100\n|cant|p1a: Sylveon|flinch\n|\n|-weather|SunnyDay|[upkeep]\n|-fieldend|move: Trick Room\n|upkeep\n|turn|11\n|\n|t:|1776175352\n|move|p2b: Sneasler|Dire Claw|p1a: Sylveon\n|-supereffective|p1a: Sylveon|1\n|-damage|p1a: Sylveon|0 fnt\n|faint|p1a: Sylveon\n|move|p2a: Charizard|Heat Wave|p1b: Conkeldurr|[miss]\n|-miss|p2a: Charizard|p1b: Conkeldurr\n|move|p1b: Conkeldurr|Rock Slide|p2a: Charizard|[spread] p2a,p2b\n|-supereffective|p2a: Charizard|2\n|-resisted|p2b: Sneasler|1\n|-crit|p2b: Sneasler\n|-damage|p2a: Charizard|0 fnt\n|-damage|p2b: Sneasler|73/100\n|faint|p2a: Charizard\n|\n|-weather|SunnyDay|[upkeep]\n|upkeep\n|turn|12\n|\n|t:|1776175367\n|move|p2b: Sneasler|Dire Claw|p1b: Conkeldurr\n|-damage|p1b: Conkeldurr|45/100\n|-status|p1b: Conkeldurr|slp\n|cant|p1b: Conkeldurr|slp\n|\n|-weather|none\n|upkeep\n|turn|13\n|c|\u2606rocci|ggwp\n|\n|t:|1776175380\n|move|p2b: Sneasler|Dire Claw|p1b: Conkeldurr\n|-damage|p1b: Conkeldurr|0 fnt\n|faint|p1b: Conkeldurr\n|\n|win|Marti Pierde\n|raw|rocci's rating: 1110 &rarr; <strong>1085</strong><br />(-25 for losing)\n|raw|Marti Pierde's rating: 1115 &rarr; <strong>1140</strong><br />(+25 for winning)\n",
  "uploadtime": 1776175383,
  "views": 28,
  "formatid": "gen9championsvgc2026regma",
  "rating": 1085,
  "private": 0,
  "password": null
}