{
  "id": "gen9championsvgc2026regma-2582769006",
  "format": "[Gen 9 Champions] VGC 2026 Reg M-A",
  "players": [
    "porpal_goji",
    "Blootyyuh"
  ],
  "log": "|j|\u2606porpal_goji\n|j|\u2606Blootyyuh\n|t:|1776112796\n|gametype|doubles\n|player|p1|porpal_goji|clair|1000\n|player|p2|Blootyyuh|1|1000\n|gen|9\n|tier|[Gen 9 Champions] VGC 2026 Reg M-A\n|rated|\n|rule|Species Clause: Limit one of each Pok\u00e9mon\n|rule|Item Clause: Limit 1 of each item\n|clearpoke\n|poke|p1|Arbok, L50, F|\n|poke|p1|Sinistcha, L50|\n|poke|p1|Espathra, L50, M|\n|poke|p1|Gyarados, L50, F|\n|poke|p1|Tinkaton, L50, F|\n|poke|p1|Incineroar, L50, F|\n|poke|p2|Oranguru, L50, F|\n|poke|p2|Torkoal, L50, F|\n|poke|p2|Venusaur, L50, M|\n|poke|p2|Chandelure, L50, M|\n|poke|p2|Gyarados, L50, M|\n|poke|p2|Whimsicott, L50, M|\n|teampreview|4\n|l|\u2606porpal_goji\n|player|p1|\n|j|\u2606porpal_goji\n|player|p1|porpal_goji|clair|\n|\n|t:|1776112846\n|teamsize|p1|4\n|teamsize|p2|4\n|start\n|switch|p1a: Espathra|Espathra, L50, M|100/100\n|switch|p1b: Arbok|Arbok, L50, F|100/100\n|switch|p2a: Gyarados|Gyarados, L50, M|100/100\n|switch|p2b: Whimsicott|Whimsicott, L50, M|100/100\n|-ability|p2a: Gyarados|Intimidate|boost\n|-unboost|p1a: Espathra|atk|1\n|-unboost|p1b: Arbok|atk|1\n|-ability|p1b: Arbok|Intimidate|boost\n|-unboost|p2a: Gyarados|atk|1\n|-unboost|p2b: Whimsicott|atk|1\n|turn|1\n|\n|t:|1776112873\n|switch|p1b: Incineroar|Incineroar, L50, F|100/100\n|-ability|p1b: Incineroar|Intimidate|boost\n|-unboost|p2a: Gyarados|atk|1\n|-unboost|p2b: Whimsicott|atk|1\n|detailschange|p2a: Gyarados|Gyarados-Mega, L50, M\n|-mega|p2a: Gyarados|Gyarados|Gyaradosite\n|-ability|p2a: Gyarados|Mold Breaker\n|move|p2b: Whimsicott|Moonblast|p1a: Espathra\n|-damage|p1a: Espathra|49/100\n|move|p1a: Espathra|Lumina Crash|p2b: Whimsicott\n|-damage|p2b: Whimsicott|32/100\n|-unboost|p2b: Whimsicott|spd|2\n|move|p2a: Gyarados|Crunch|p1a: Espathra\n|-supereffective|p1a: Espathra|1\n|-enditem|p1a: Espathra|Colbur Berry|[eat]\n|-enditem|p1a: Espathra|Colbur Berry|[weaken]\n|-damage|p1a: Espathra|8/100\n|\n|-ability|p1a: Espathra|Speed Boost|boost\n|-boost|p1a: Espathra|spe|1\n|upkeep\n|turn|2\n|\n|t:|1776112914\n|move|p1a: Espathra|Protect|p1a: Espathra\n|-singleturn|p1a: Espathra|Protect\n|move|p2a: Gyarados|Protect|p2a: Gyarados\n|-singleturn|p2a: Gyarados|Protect\n|move|p2b: Whimsicott|Tailwind|p2b: Whimsicott\n|-sidestart|p2: Blootyyuh|move: Tailwind\n|move|p1b: Incineroar|Flare Blitz|p2b: Whimsicott\n|-supereffective|p2b: Whimsicott|1\n|-damage|p2b: Whimsicott|0 fnt\n|faint|p2b: Whimsicott\n|-damage|p1b: Incineroar|94/100|[from] Recoil\n|\n|-ability|p1a: Espathra|Speed Boost|boost\n|-boost|p1a: Espathra|spe|1\n|upkeep\n|\n|t:|1776112935\n|switch|p2b: Venusaur|Venusaur, L50, M|100/100\n|turn|3\n|\n|t:|1776112946\n|switch|p1b: Arbok|Arbok, L50, F|100/100\n|-ability|p1b: Arbok|Intimidate|boost\n|-unboost|p2a: Gyarados|atk|1\n|-unboost|p2b: Venusaur|atk|1\n|move|p1a: Espathra|Skill Swap|p1b: Arbok\n|-activate|p1a: Espathra|Skill Swap|||[of] p1b: Arbok\n|-ability|p1a: Espathra|Intimidate|boost\n|-unboost|p2a: Gyarados|atk|1\n|-unboost|p2b: Venusaur|atk|1\n|move|p2b: Venusaur|Sleep Powder|p1b: Arbok|[miss]\n|-miss|p2b: Venusaur|p1b: Arbok\n|move|p2a: Gyarados|Crunch|p1a: Espathra\n|-supereffective|p1a: Espathra|1\n|-damage|p1a: Espathra|0 fnt\n|faint|p1a: Espathra\n|\n|upkeep\n|\n|t:|1776112964\n|switch|p1a: Incineroar|Incineroar, L50, F|94/100\n|-ability|p1a: Incineroar|Intimidate|boost\n|-unboost|p2a: Gyarados|atk|1\n|-unboost|p2b: Venusaur|atk|1\n|turn|4\n|\n|t:|1776112977\n|switch|p2b: Chandelure|Chandelure, L50, M|100/100\n|move|p1a: Incineroar|Fake Out|p2b: Chandelure\n|-immune|p2b: Chandelure\n|move|p2a: Gyarados|Thunder Wave|p1b: Arbok\n|-status|p1b: Arbok|par\n|cant|p1b: Arbok|par\n|\n|-ability|p1b: Arbok|Speed Boost|boost\n|-boost|p1b: Arbok|spe|1\n|upkeep\n|turn|5\n|\n|t:|1776113011\n|switch|p2a: Venusaur|Venusaur, L50, M|100/100\n|switch|p1a: Gyarados|Gyarados, L50, F|100/100\n|-ability|p1a: Gyarados|Intimidate|boost\n|-unboost|p2a: Venusaur|atk|1\n|-unboost|p2b: Chandelure|atk|1\n|move|p2b: Chandelure|Heat Wave|p1b: Arbok|[spread] p1a,p1b\n|-resisted|p1a: Gyarados|1\n|-damage|p1a: Gyarados|79/100\n|-damage|p1b: Arbok|48/100 par\n|cant|p1b: Arbok|par\n|\n|-heal|p1b: Arbok|54/100 par|[from] item: Leftovers\n|-sideend|p2: Blootyyuh|move: Tailwind\n|-ability|p1b: Arbok|Speed Boost|boost\n|-boost|p1b: Arbok|spe|1\n|upkeep\n|turn|6\n|\n|t:|1776113033\n|detailschange|p1a: Gyarados|Gyarados-Mega, L50, F\n|-mega|p1a: Gyarados|Gyarados|Gyaradosite\n|-ability|p1a: Gyarados|Mold Breaker\n|move|p1b: Arbok|Protect|p1b: Arbok\n|-singleturn|p1b: Arbok|Protect\n|move|p2b: Chandelure|Heat Wave|p1b: Arbok|[spread] p1a\n|-activate|p1b: Arbok|move: Protect\n|-resisted|p1a: Gyarados|1\n|-damage|p1a: Gyarados|63/100\n|move|p2a: Venusaur|Sleep Powder|p1a: Gyarados\n|-status|p1a: Gyarados|slp|[from] move: Sleep Powder\n|cant|p1a: Gyarados|slp\n|\n|-heal|p1b: Arbok|60/100 par|[from] item: Leftovers\n|-ability|p1b: Arbok|Speed Boost|boost\n|-boost|p1b: Arbok|spe|1\n|upkeep\n|turn|7\n|\n|t:|1776113058\n|move|p2b: Chandelure|Heat Wave|p1a: Gyarados|[spread] p1a,p1b\n|-resisted|p1a: Gyarados|1\n|-crit|p1b: Arbok\n|-damage|p1a: Gyarados|48/100 slp\n|-damage|p1b: Arbok|0 fnt\n|faint|p1b: Arbok\n|move|p2a: Venusaur|Sleep Powder|p1a: Gyarados\n|-fail|p1a: Gyarados|slp\n|cant|p1a: Gyarados|slp\n|\n|upkeep\n|-message|porpal_goji forfeited.\n|\n|win|Blootyyuh\n|raw|porpal_goji's rating: 1000 &rarr; <strong>1000</strong><br />(+0 for losing)\n|raw|Blootyyuh's rating: 1000 &rarr; <strong>1040</strong><br />(+40 for winning)\n",
  "uploadtime": 1776113067,
  "views": 23,
  "formatid": "gen9championsvgc2026regma",
  "rating": 1000,
  "private": 0,
  "password": null
}