{
  "id": "gen9championsvgc2026regma-2584688292",
  "format": "[Gen 9 Champions] VGC 2026 Reg M-A",
  "players": [
    "tonybravais",
    "aks64"
  ],
  "log": "|j|\u2606tonybravais\n|j|\u2606aks64\n|t:|1776276885\n|gametype|doubles\n|player|p1|tonybravais|170|1082\n|player|p2|aks64|101|1052\n|gen|9\n|tier|[Gen 9 Champions] VGC 2026 Reg M-A\n|rated|\n|rule|Species Clause: Limit one of each Pok\u00e9mon\n|rule|Item Clause: Limit 1 of each item\n|clearpoke\n|poke|p1|Talonflame, L50, M|\n|poke|p1|Garchomp, L50, F|\n|poke|p1|Araquanid, L50, F|\n|poke|p1|Aurorus, L50, M|\n|poke|p1|Gardevoir, L50, F|\n|poke|p1|Sinistcha-Masterpiece, L50|\n|poke|p2|Emolga, L50, M|\n|poke|p2|Palafin, L50, M|\n|poke|p2|Floette-Eternal, L50, F|\n|poke|p2|Armarouge, L50, M|\n|poke|p2|Aerodactyl, L50, M|\n|poke|p2|Alcremie, L50, F|\n|teampreview|4\n|\n|t:|1776276926\n|teamsize|p1|4\n|teamsize|p2|4\n|start\n|switch|p1a: Garchomp|Garchomp, L50, F|100/100\n|switch|p1b: Gardevoir|Gardevoir, L50, F|100/100\n|switch|p2a: Aerodactyl|Aerodactyl, L50, M, shiny|100/100\n|switch|p2b: Emolga|Emolga, L50, M, shiny|100/100\n|-ability|p2a: Aerodactyl|Pressure\n|turn|1\n|\n|t:|1776276964\n|move|p1a: Garchomp|Protect|p1a: Garchomp\n|-singleturn|p1a: Garchomp|Protect\n|move|p2a: Aerodactyl|Tailwind|p2a: Aerodactyl\n|-sidestart|p2: aks64|move: Tailwind\n|move|p2b: Emolga|Taunt|p1b: Gardevoir\n|-start|p1b: Gardevoir|move: Taunt\n|move|p1b: Gardevoir|Icy Wind|p2b: Emolga|[spread] p2a,p2b\n|-supereffective|p2a: Aerodactyl|1\n|-supereffective|p2b: Emolga|1\n|-crit|p2b: Emolga\n|-damage|p2a: Aerodactyl|59/100\n|-damage|p2b: Emolga|19/100\n|-unboost|p2a: Aerodactyl|spe|1\n|-unboost|p2b: Emolga|spe|1\n|\n|upkeep\n|turn|2\n|\n|t:|1776276989\n|switch|p1b: Aurorus|Aurorus, L50, M, shiny|100/100\n|-weather|Snowscape|[from] ability: Snow Warning|[of] p1b: Aurorus\n|move|p2b: Emolga|Nuzzle|p1b: Aurorus\n|-damage|p1b: Aurorus|96/100\n|-status|p1b: Aurorus|par\n|move|p1a: Garchomp|Rock Slide|p2b: Emolga|[spread] p2a,p2b\n|-supereffective|p2a: Aerodactyl|1\n|-supereffective|p2b: Emolga|1\n|-damage|p2a: Aerodactyl|1/100\n|-damage|p2b: Emolga|0 fnt\n|faint|p2b: Emolga\n|move|p2a: Aerodactyl|Whirlwind|p1a: Garchomp\n|drag|p1a: Gardevoir|Gardevoir, L50, F|100/100\n|\n|-weather|Snowscape|[upkeep]\n|upkeep\n|\n|t:|1776277008\n|switch|p2b: Floette|Floette-Eternal, L50, F|100/100\n|turn|3\n|\n|t:|1776277020\n|detailschange|p2b: Floette|Floette-Mega, L50, F\n|-mega|p2b: Floette|Floette|Floettite\n|-ability|p2b: Floette|Fairy Aura\n|detailschange|p1a: Gardevoir|Gardevoir-Mega, L50, F\n|-mega|p1a: Gardevoir|Gardevoir|Gardevoirite\n|move|p2a: Aerodactyl|Rock Slide|p1a: Gardevoir|[spread] p1a,p1b\n|-supereffective|p1b: Aurorus|1\n|-damage|p1a: Gardevoir|59/100\n|-damage|p1b: Aurorus|65/100 par\n|move|p2b: Floette|Giga Drain|p1b: Aurorus\n|-supereffective|p1b: Aurorus|1\n|-damage|p1b: Aurorus|7/100 par\n|move|p1a: Gardevoir|Hyper Voice|p2a: Aerodactyl|[spread] p2a,p2b\n|-damage|p2a: Aerodactyl|0 fnt\n|-damage|p2b: Floette|34/100\n|faint|p2a: Aerodactyl\n|cant|p1b: Aurorus|flinch\n|\n|-weather|Snowscape|[upkeep]\n|upkeep\n|\n|t:|1776277068\n|switch|p2a: Armarouge|Armarouge, L50, M, shiny|100/100\n|turn|4\n|\n|t:|1776277085\n|move|p1a: Gardevoir|Protect|p1a: Gardevoir\n|-singleturn|p1a: Gardevoir|Protect\n|move|p2b: Floette|Giga Drain|p1b: Aurorus\n|-supereffective|p1b: Aurorus|1\n|-damage|p1b: Aurorus|0 fnt\n|-heal|p2b: Floette|39/100|[from] drain|[of] p1b: Aurorus\n|faint|p1b: Aurorus\n|move|p2a: Armarouge|Armor Cannon|p1a: Gardevoir\n|-activate|p1a: Gardevoir|move: Protect\n|\n|-weather|Snowscape|[upkeep]\n|-sideend|p2: aks64|move: Tailwind\n|upkeep\n|\n|t:|1776277097\n|switch|p1b: Sinistcha|Sinistcha-Masterpiece, L50|100/100\n|-heal|p1a: Gardevoir|84/100|[from] ability: Hospitality|[of] p1b: Sinistcha\n|turn|5\n|\n|t:|1776277156\n|switch|p1b: Garchomp|Garchomp, L50, F|100/100\n|move|p1a: Gardevoir|Hyper Voice|p2b: Floette|[spread] p2a,p2b\n|-resisted|p2a: Armarouge|1\n|-damage|p2a: Armarouge|58/100\n|-damage|p2b: Floette|0 fnt\n|faint|p2b: Floette\n|move|p2a: Armarouge|Armor Cannon|p1b: Garchomp\n|-resisted|p1b: Garchomp|1\n|-damage|p1b: Garchomp|64/100\n|-unboost|p2a: Armarouge|def|1\n|-unboost|p2a: Armarouge|spd|1\n|\n|-weather|Snowscape|[upkeep]\n|-heal|p2a: Armarouge|64/100|[from] item: Leftovers\n|upkeep\n|turn|6\n|-message|aks64 forfeited.\n|\n|win|tonybravais\n|raw|tonybravais's rating: 1082 &rarr; <strong>1107</strong><br />(+25 for winning)\n|raw|aks64's rating: 1052 &rarr; <strong>1036</strong><br />(-16 for losing)\n|l|\u2606aks64\n|player|p2|\n",
  "uploadtime": 1776277169,
  "views": 21,
  "formatid": "gen9championsvgc2026regma",
  "rating": 1036,
  "private": 0,
  "password": null
}