{
  "id": "gen9championsvgc2026regma-2583798016",
  "format": "[Gen 9 Champions] VGC 2026 Reg M-A",
  "players": [
    "ascasf",
    "PiniTera"
  ],
  "log": "|j|\u2606ascasf\n|j|\u2606PiniTera\n|t:|1776198454\n|gametype|doubles\n|player|p1|ascasf|170|1040\n|player|p2|PiniTera|lucas|1021\n|gen|9\n|tier|[Gen 9 Champions] VGC 2026 Reg M-A\n|rated|\n|rule|Species Clause: Limit one of each Pok\u00e9mon\n|rule|Item Clause: Limit 1 of each item\n|clearpoke\n|poke|p1|Garchomp, L50, M|\n|poke|p1|Aerodactyl, L50, M|\n|poke|p1|Empoleon, L50, M|\n|poke|p1|Delphox, L50, M|\n|poke|p1|Whimsicott, L50, M|\n|poke|p2|Clefable, L50, F|\n|poke|p2|Kingambit, L50, M|\n|poke|p2|Sneasler, L50, M|\n|poke|p2|Dragonite, L50, F|\n|poke|p2|Delphox, L50, M|\n|poke|p2|Basculegion, L50, M|\n|teampreview|4\n|\n|t:|1776198494\n|teamsize|p1|4\n|teamsize|p2|4\n|start\n|switch|p1a: Garchomp|Garchomp, L50, M|100/100\n|switch|p1b: Whimsicott|Whimsicott, L50, M|100/100\n|switch|p2a: Basculegion|Basculegion, L50, M|100/100\n|switch|p2b: Dragonite|Dragonite, L50, F|100/100\n|turn|1\n|inactive|Battle timer is ON: inactive players will automatically lose when time's up. (requested by ascasf)\n|\n|t:|1776198514\n|move|p1b: Whimsicott|Tailwind|p1b: Whimsicott\n|-sidestart|p1: ascasf|move: Tailwind\n|move|p1a: Garchomp|Dragon Claw|p2b: Dragonite\n|-supereffective|p2b: Dragonite|1\n|-damage|p2b: Dragonite|57/100\n|move|p2a: Basculegion|Wave Crash|p1a: Garchomp\n|-damage|p1a: Garchomp|24/100\n|-damage|p2a: Basculegion|88/100|[from] ability: Rough Skin|[of] p1a: Garchomp\n|-damage|p2a: Basculegion|64/100|[from] Recoil\n|move|p2b: Dragonite|Scale Shot|p1a: Garchomp\n|-supereffective|p1a: Garchomp|1\n|-damage|p1a: Garchomp|0 fnt\n|faint|p1a: Garchomp\n|-hitcount|p1: Garchomp|1\n|-unboost|p2b: Dragonite|def|1\n|-boost|p2b: Dragonite|spe|1\n|\n|upkeep\n|\n|t:|1776198536\n|switch|p1a: Empoleon|Empoleon, L50, M|100/100\n|turn|2\n|\n|t:|1776198549\n|move|p2b: Dragonite|Protect|p2b: Dragonite\n|-singleturn|p2b: Dragonite|Protect\n|move|p1b: Whimsicott|Energy Ball|p2a: Basculegion\n|-supereffective|p2a: Basculegion|1\n|-damage|p2a: Basculegion|5/100\n|move|p2a: Basculegion|Wave Crash|p1b: Whimsicott\n|-resisted|p1b: Whimsicott|1\n|-damage|p1b: Whimsicott|43/100\n|-damage|p2a: Basculegion|0 fnt|[from] Recoil\n|faint|p2a: Basculegion\n|move|p1a: Empoleon|Icy Wind|p2b: Dragonite\n|-activate|p2b: Dragonite|move: Protect\n|\n|upkeep\n|\n|t:|1776198561\n|switch|p2a: Sneasler|Sneasler, L50, M|100/100\n|turn|3\n|\n|t:|1776198579\n|switch|p2b: Delphox|Delphox, L50, M|100/100\n|move|p1a: Empoleon|Protect|p1a: Empoleon\n|-singleturn|p1a: Empoleon|Protect\n|move|p1b: Whimsicott|Charm|p2a: Sneasler\n|-unboost|p2a: Sneasler|atk|2\n|move|p2a: Sneasler|Close Combat|p1a: Empoleon\n|-activate|p1a: Empoleon|move: Protect\n|\n|upkeep\n|turn|4\n|inactive|ascasf has 30 seconds left.\n|\n|t:|1776198615\n|switch|p1b: Delphox|Delphox, L50, M|100/100\n|switch|p2a: Dragonite|Dragonite, L50, F|57/100\n|detailschange|p2b: Delphox|Delphox-Mega, L50, M\n|-mega|p2b: Delphox|Delphox|Delphoxite\n|move|p2b: Delphox|Heat Wave|p1a: Empoleon|[spread] p1a,p1b\n|-resisted|p1b: Delphox|1\n|-damage|p1a: Empoleon|63/100\n|-damage|p1b: Delphox|77/100\n|move|p1a: Empoleon|Chilling Water|p2b: Delphox\n|-supereffective|p2b: Delphox|1\n|-damage|p2b: Delphox|52/100\n|-unboost|p2b: Delphox|atk|1\n|\n|-sideend|p1: ascasf|move: Tailwind\n|upkeep\n|turn|5\n|inactive|PiniTera has 30 seconds left.\n|\n|t:|1776198646\n|detailschange|p1b: Delphox|Delphox-Mega, L50, M\n|-mega|p1b: Delphox|Delphox|Delphoxite\n|move|p1b: Delphox|Dazzling Gleam|p2b: Delphox|[spread] p2a,p2b\n|-supereffective|p2a: Dragonite|1\n|-resisted|p2b: Delphox|1\n|-damage|p2a: Dragonite|5/100\n|-damage|p2b: Delphox|41/100\n|move|p2b: Delphox|Substitute|p2b: Delphox\n|-start|p2b: Delphox|Substitute\n|-damage|p2b: Delphox|16/100\n|move|p2a: Dragonite|Scale Shot|p1b: Delphox\n|-damage|p1b: Delphox|54/100\n|-damage|p1b: Delphox|31/100\n|-damage|p1b: Delphox|9/100\n|-damage|p1b: Delphox|0 fnt\n|faint|p1b: Delphox\n|-hitcount|p1: Delphox|4\n|-unboost|p2a: Dragonite|def|1\n|-boost|p2a: Dragonite|spe|1\n|move|p1a: Empoleon|Icy Wind|p2a: Dragonite|[spread] p2a,p2b\n|-resisted|p2b: Delphox|1\n|-activate|p2b: Delphox|move: Substitute|[damage]\n|-supereffective|p2a: Dragonite|2\n|-damage|p2a: Dragonite|0 fnt\n|faint|p2a: Dragonite\n|\n|upkeep\n|\n|t:|1776198668\n|switch|p1b: Whimsicott|Whimsicott, L50, M|43/100\n|switch|p2a: Sneasler|Sneasler, L50, M|100/100\n|turn|6\n|\n|t:|1776198684\n|move|p1b: Whimsicott|Tailwind|p1b: Whimsicott\n|-sidestart|p1: ascasf|move: Tailwind\n|move|p2b: Delphox|Heat Wave|p1a: Empoleon|[spread] p1a,p1b\n|-supereffective|p1b: Whimsicott|1\n|-damage|p1a: Empoleon|24/100\n|-damage|p1b: Whimsicott|0 fnt\n|faint|p1b: Whimsicott\n|move|p2a: Sneasler|Close Combat|p1a: Empoleon\n|-supereffective|p1a: Empoleon|1\n|-damage|p1a: Empoleon|0 fnt\n|-unboost|p2a: Sneasler|def|1\n|-unboost|p2a: Sneasler|spd|1\n|faint|p1a: Empoleon\n|\n|win|PiniTera\n|raw|ascasf's rating: 1040 &rarr; <strong>1023</strong><br />(-17 for losing)\n|raw|PiniTera's rating: 1021 &rarr; <strong>1060</strong><br />(+39 for winning)\n|l|\u2606ascasf\n|player|p1|\n",
  "uploadtime": 1776198698,
  "views": 15,
  "formatid": "gen9championsvgc2026regma",
  "rating": 1023,
  "private": 0,
  "password": null
}