{
  "id": "gen9championsvgc2026regma-2583214748",
  "format": "[Gen 9 Champions] VGC 2026 Reg M-A",
  "players": [
    "javicarmo",
    "ColdSilver835"
  ],
  "log": "|j|\u2606javicarmo\n|j|\u2606ColdSilver835\n|t:|1776155623\n|gametype|doubles\n|player|p1|javicarmo|red|1049\n|player|p2|ColdSilver835|erika|1044\n|gen|9\n|tier|[Gen 9 Champions] VGC 2026 Reg M-A\n|rated|\n|rule|Species Clause: Limit one of each Pok\u00e9mon\n|rule|Item Clause: Limit 1 of each item\n|clearpoke\n|poke|p1|Dragonite, L50, M|\n|poke|p1|Pelipper, L50, M|\n|poke|p1|Basculegion, L50, M|\n|poke|p1|Incineroar, L50, M|\n|poke|p1|Rotom-Wash, L50|\n|poke|p1|Corviknight, L50, M|\n|poke|p2|Zoroark-Hisui, L50, M|\n|poke|p2|Garchomp, L50, M|\n|poke|p2|Alakazam, L50, F|\n|poke|p2|Basculegion, L50, M|\n|poke|p2|Aerodactyl, L50, M|\n|poke|p2|Tyranitar, L50, M|\n|teampreview|4\n|\n|t:|1776155639\n|teamsize|p1|4\n|teamsize|p2|4\n|start\n|switch|p1a: Dragui|Dragonite, L50, M|100/100\n|switch|p1b: Pelipperdo|Pelipper, L50, M|100/100\n|switch|p2a: Garchomp|Garchomp, L50, M|100/100\n|switch|p2b: Alakazam|Alakazam, L50, F|100/100\n|-weather|RainDance|[from] ability: Drizzle|[of] p1b: Pelipperdo\n|turn|1\n|\n|t:|1776155656\n|detailschange|p2a: Garchomp|Garchomp-Mega, L50, M\n|-mega|p2a: Garchomp|Garchomp|Garchompite\n|detailschange|p1a: Dragui|Dragonite-Mega, L50, M\n|-mega|p1a: Dragui|Dragonite|Dragoninite\n|move|p1a: Dragui|Protect|p1a: Dragui\n|-singleturn|p1a: Dragui|Protect\n|move|p2b: Alakazam|Speed Swap|p2a: Garchomp\n|-activate|p2b: Alakazam|move: Speed Swap|[of] p2a: Garchomp\n|move|p2a: Garchomp|Dragon Claw|p1a: Dragui\n|-activate|p1a: Dragui|move: Protect\n|move|p1b: Pelipperdo|Tailwind|p1b: Pelipperdo\n|-sidestart|p1: javicarmo|move: Tailwind\n|\n|-weather|RainDance|[upkeep]\n|upkeep\n|turn|2\n|\n|t:|1776155695\n|switch|p1a: A\u00e9reo|Corviknight, L50, M|100/100\n|switch|p2b: Aerodactyl|Aerodactyl, L50, M|100/100\n|move|p2a: Garchomp|Protect|p2a: Garchomp\n|-singleturn|p2a: Garchomp|Protect\n|move|p1b: Pelipperdo|Weather Ball|p2a: Garchomp\n|-activate|p2a: Garchomp|move: Protect\n|\n|-weather|RainDance|[upkeep]\n|upkeep\n|turn|3\n|\n|t:|1776155714\n|move|p1a: A\u00e9reo|Protect|p1a: A\u00e9reo\n|-singleturn|p1a: A\u00e9reo|Protect\n|move|p1b: Pelipperdo|Weather Ball|p2a: Garchomp\n|-damage|p2a: Garchomp|37/100\n|move|p2b: Aerodactyl|Tailwind|p2b: Aerodactyl\n|-sidestart|p2: ColdSilver835|move: Tailwind\n|move|p2a: Garchomp|Stone Edge|p1b: Pelipperdo|[miss]\n|-miss|p2a: Garchomp|p1b: Pelipperdo\n|\n|-weather|RainDance|[upkeep]\n|upkeep\n|turn|4\n|\n|t:|1776155733\n|move|p2a: Garchomp|Protect|p2a: Garchomp\n|-singleturn|p2a: Garchomp|Protect\n|move|p2b: Aerodactyl|Rock Slide|p1b: Pelipperdo|[spread] p1a,p1b\n|-supereffective|p1b: Pelipperdo|1\n|-damage|p1a: A\u00e9reo|79/100\n|-damage|p1b: Pelipperdo|41/100\n|move|p1b: Pelipperdo|Weather Ball|p2a: Garchomp\n|-activate|p2a: Garchomp|move: Protect\n|cant|p1a: A\u00e9reo|flinch\n|\n|-weather|RainDance|[upkeep]\n|-heal|p1a: A\u00e9reo|85/100|[from] item: Leftovers\n|-sideend|p1: javicarmo|move: Tailwind\n|upkeep\n|turn|5\n|\n|t:|1776155756\n|move|p2b: Aerodactyl|Ice Fang|p1a: A\u00e9reo\n|-damage|p1a: A\u00e9reo|71/100\n|move|p2a: Garchomp|Dragon Claw|p1b: Pelipperdo\n|-damage|p1b: Pelipperdo|0 fnt\n|faint|p1b: Pelipperdo\n|move|p1a: A\u00e9reo|Iron Defense|p1a: A\u00e9reo\n|-boost|p1a: A\u00e9reo|def|2\n|\n|-weather|none\n|-heal|p1a: A\u00e9reo|76/100|[from] item: Leftovers\n|upkeep\n|\n|t:|1776155767\n|switch|p1b: Washing-Machine|Rotom-Wash, L50|100/100\n|turn|6\n|\n|t:|1776155802\n|move|p1b: Washing-Machine|Protect|p1b: Washing-Machine\n|-singleturn|p1b: Washing-Machine|Protect\n|move|p1a: A\u00e9reo|Protect|p1a: A\u00e9reo\n|-singleturn|p1a: A\u00e9reo|Protect\n|move|p2b: Aerodactyl|Rock Slide|p1a: A\u00e9reo|[spread] \n|-activate|p1a: A\u00e9reo|move: Protect\n|-activate|p1b: Washing-Machine|move: Protect\n|move|p2a: Garchomp|Earthquake|p1b: Washing-Machine|[spread] \n|-activate|p1a: A\u00e9reo|move: Protect\n|-activate|p1b: Washing-Machine|move: Protect\n|-immune|p2b: Aerodactyl\n|\n|-heal|p1a: A\u00e9reo|82/100|[from] item: Leftovers\n|-sideend|p2: ColdSilver835|move: Tailwind\n|upkeep\n|turn|7\n|\n|t:|1776155829\n|move|p2b: Aerodactyl|Tailwind|p2b: Aerodactyl\n|-sidestart|p2: ColdSilver835|move: Tailwind\n|move|p2a: Garchomp|Earthquake|p1b: Washing-Machine|[spread] \n|-immune|p2b: Aerodactyl\n|-immune|p1a: A\u00e9reo\n|-immune|p1b: Washing-Machine|[from] ability: Levitate\n|move|p1b: Washing-Machine|Thunder|p2b: Aerodactyl|[miss]\n|-miss|p1b: Washing-Machine|p2b: Aerodactyl\n|move|p1a: A\u00e9reo|Brave Bird|p2b: Aerodactyl\n|-resisted|p2b: Aerodactyl|1\n|-damage|p2b: Aerodactyl|71/100\n|-damage|p1a: A\u00e9reo|74/100|[from] Recoil\n|\n|-heal|p1a: A\u00e9reo|79/100|[from] item: Leftovers\n|upkeep\n|turn|8\n|\n|t:|1776155854\n|move|p2b: Aerodactyl|Rock Slide|p1b: Washing-Machine|[spread] p1b\n|-miss|p2b: Aerodactyl|p1a: A\u00e9reo\n|-damage|p1b: Washing-Machine|74/100\n|move|p2a: Garchomp|Dragon Claw|p1b: Washing-Machine\n|-damage|p1b: Washing-Machine|16/100\n|cant|p1b: Washing-Machine|flinch\n|move|p1a: A\u00e9reo|Tailwind|p1a: A\u00e9reo\n|-sidestart|p1: javicarmo|move: Tailwind\n|\n|-heal|p1a: A\u00e9reo|85/100|[from] item: Leftovers\n|upkeep\n|turn|9\n|\n|t:|1776155874\n|move|p2b: Aerodactyl|Rock Slide|p1a: A\u00e9reo|[spread] p1b\n|-miss|p2b: Aerodactyl|p1a: A\u00e9reo\n|-damage|p1b: Washing-Machine|0 fnt\n|faint|p1b: Washing-Machine\n|move|p2a: Garchomp|Dragon Claw|p1a: A\u00e9reo\n|-resisted|p1a: A\u00e9reo|1\n|-damage|p1a: A\u00e9reo|75/100\n|move|p1a: A\u00e9reo|Brave Bird|p2b: Aerodactyl\n|-resisted|p2b: Aerodactyl|1\n|-damage|p2b: Aerodactyl|41/100\n|-enditem|p2b: Aerodactyl|Sitrus Berry|[eat]\n|-heal|p2b: Aerodactyl|65/100|[from] item: Sitrus Berry\n|-damage|p1a: A\u00e9reo|66/100|[from] Recoil\n|\n|-heal|p1a: A\u00e9reo|72/100|[from] item: Leftovers\n|upkeep\n|\n|t:|1776155889\n|switch|p1b: Dragui|Dragonite-Mega, L50, M|100/100\n|turn|10\n|\n|t:|1776155900\n|move|p1b: Dragui|Protect|p1b: Dragui\n|-singleturn|p1b: Dragui|Protect\n|move|p2b: Aerodactyl|Ice Fang|p1b: Dragui\n|-activate|p1b: Dragui|move: Protect\n|move|p2a: Garchomp|Dragon Claw|p1b: Dragui\n|-activate|p1b: Dragui|move: Protect\n|move|p1a: A\u00e9reo|Tailwind||[still]\n|-fail|p1a: A\u00e9reo\n|\n|-heal|p1a: A\u00e9reo|78/100|[from] item: Leftovers\n|-sideend|p2: ColdSilver835|move: Tailwind\n|upkeep\n|turn|11\n|\n|t:|1776155926\n|move|p2b: Aerodactyl|Protect|p2b: Aerodactyl\n|-singleturn|p2b: Aerodactyl|Protect\n|move|p2a: Garchomp|Protect|p2a: Garchomp\n|-singleturn|p2a: Garchomp|Protect\n|move|p1b: Dragui|Dragon Pulse|p2a: Garchomp\n|-activate|p2a: Garchomp|move: Protect\n|move|p1a: A\u00e9reo|Brave Bird|p2b: Aerodactyl\n|-activate|p2b: Aerodactyl|move: Protect\n|\n|-heal|p1a: A\u00e9reo|83/100|[from] item: Leftovers\n|-sideend|p1: javicarmo|move: Tailwind\n|upkeep\n|turn|12\n|\n|t:|1776155944\n|move|p1b: Dragui|Protect|p1b: Dragui\n|-singleturn|p1b: Dragui|Protect\n|move|p2b: Aerodactyl|Tailwind|p2b: Aerodactyl\n|-sidestart|p2: ColdSilver835|move: Tailwind\n|move|p2a: Garchomp|Dragon Claw|p1b: Dragui\n|-activate|p1b: Dragui|move: Protect\n|move|p1a: A\u00e9reo|Tailwind|p1a: A\u00e9reo\n|-sidestart|p1: javicarmo|move: Tailwind\n|\n|-heal|p1a: A\u00e9reo|89/100|[from] item: Leftovers\n|upkeep\n|turn|13\n|\n|t:|1776155975\n|move|p2a: Garchomp|Protect|p2a: Garchomp\n|-singleturn|p2a: Garchomp|Protect\n|move|p2b: Aerodactyl|Ice Fang|p1b: Dragui\n|-supereffective|p1b: Dragui|2\n|-damage|p1b: Dragui|62/100\n|move|p1b: Dragui|Dragon Pulse|p2a: Garchomp\n|-activate|p2a: Garchomp|move: Protect\n|move|p1a: A\u00e9reo|Iron Defense|p1a: A\u00e9reo\n|-boost|p1a: A\u00e9reo|def|2\n|\n|-heal|p1a: A\u00e9reo|95/100|[from] item: Leftovers\n|upkeep\n|turn|14\n|\n|t:|1776156013\n|switch|p2a: Alakazam|Alakazam, L50, F|100/100\n|move|p1a: A\u00e9reo|Protect|p1a: A\u00e9reo\n|-singleturn|p1a: A\u00e9reo|Protect\n|move|p2b: Aerodactyl|Ice Fang|p1b: Dragui\n|-supereffective|p1b: Dragui|2\n|-crit|p1b: Dragui\n|-damage|p1b: Dragui|0 fnt\n|faint|p1b: Dragui\n|\n|-heal|p1a: A\u00e9reo|100/100|[from] item: Leftovers\n|upkeep\n|turn|15\n|\n|t:|1776156031\n|move|p1a: A\u00e9reo|Protect||[still]\n|-fail|p1a: A\u00e9reo\n|move|p2b: Aerodactyl|Rock Slide|p1a: A\u00e9reo\n|-damage|p1a: A\u00e9reo|90/100\n|move|p2a: Alakazam|Taunt|p1a: A\u00e9reo\n|-start|p1a: A\u00e9reo|move: Taunt\n|\n|-heal|p1a: A\u00e9reo|96/100|[from] item: Leftovers\n|-sideend|p1: javicarmo|move: Tailwind\n|-sideend|p2: ColdSilver835|move: Tailwind\n|upkeep\n|turn|16\n|\n|t:|1776156057\n|move|p2b: Aerodactyl|Ice Fang|p1a: A\u00e9reo\n|-damage|p1a: A\u00e9reo|91/100\n|move|p2a: Alakazam|Light Screen|p2a: Alakazam\n|-sidestart|p2: ColdSilver835|move: Light Screen\n|move|p1a: A\u00e9reo|Brave Bird|p2a: Alakazam\n|-damage|p2a: Alakazam|13/100\n|-damage|p1a: A\u00e9reo|69/100|[from] Recoil\n|\n|-heal|p1a: A\u00e9reo|75/100|[from] item: Leftovers\n|upkeep\n|turn|17\n|\n|t:|1776156081\n|move|p2b: Aerodactyl|Rock Slide|p1a: A\u00e9reo\n|-damage|p1a: A\u00e9reo|66/100\n|move|p2a: Alakazam|Psychic|p1a: A\u00e9reo\n|-resisted|p1a: A\u00e9reo|1\n|-damage|p1a: A\u00e9reo|46/100\n|cant|p1a: A\u00e9reo|flinch\n|\n|-heal|p1a: A\u00e9reo|51/100|[from] item: Leftovers\n|upkeep\n|turn|18\n|\n|t:|1776156096\n|move|p2b: Aerodactyl|Rock Slide|p1a: A\u00e9reo\n|-damage|p1a: A\u00e9reo|40/100\n|move|p2a: Alakazam|Psychic|p1a: A\u00e9reo\n|-resisted|p1a: A\u00e9reo|1\n|-damage|p1a: A\u00e9reo|22/100\n|move|p1a: A\u00e9reo|Brave Bird|p2a: Alakazam\n|-damage|p2a: Alakazam|0 fnt\n|faint|p2a: Alakazam\n|-damage|p1a: A\u00e9reo|19/100|[from] Recoil\n|\n|-heal|p1a: A\u00e9reo|24/100|[from] item: Leftovers\n|-end|p1a: A\u00e9reo|move: Taunt\n|upkeep\n|\n|t:|1776156109\n|switch|p2a: Garchomp|Garchomp-Mega, L50, M|37/100\n|turn|19\n|\n|t:|1776156116\n|move|p1a: A\u00e9reo|Protect|p1a: A\u00e9reo\n|-singleturn|p1a: A\u00e9reo|Protect\n|move|p2b: Aerodactyl|Rock Slide|p1a: A\u00e9reo\n|-activate|p1a: A\u00e9reo|move: Protect\n|move|p2a: Garchomp|Stone Edge|p1a: A\u00e9reo\n|-activate|p1a: A\u00e9reo|move: Protect\n|\n|-heal|p1a: A\u00e9reo|30/100|[from] item: Leftovers\n|upkeep\n|turn|20\n|\n|t:|1776156132\n|move|p2b: Aerodactyl|Rock Slide|p1a: A\u00e9reo\n|-damage|p1a: A\u00e9reo|21/100\n|move|p2a: Garchomp|Stone Edge|p1a: A\u00e9reo\n|-damage|p1a: A\u00e9reo|10/100\n|move|p1a: A\u00e9reo|Brave Bird|p2b: Aerodactyl\n|-resisted|p2b: Aerodactyl|1\n|-damage|p2b: Aerodactyl|37/100\n|-damage|p1a: A\u00e9reo|1/100|[from] Recoil\n|\n|-heal|p1a: A\u00e9reo|7/100|[from] item: Leftovers\n|-sideend|p2: ColdSilver835|move: Light Screen\n|upkeep\n|turn|21\n|\n|t:|1776156147\n|move|p1a: A\u00e9reo|Protect|p1a: A\u00e9reo\n|-singleturn|p1a: A\u00e9reo|Protect\n|move|p2b: Aerodactyl|Ice Fang|p1a: A\u00e9reo\n|-activate|p1a: A\u00e9reo|move: Protect\n|move|p2a: Garchomp|Dragon Claw|p1a: A\u00e9reo\n|-activate|p1a: A\u00e9reo|move: Protect\n|\n|-heal|p1a: A\u00e9reo|12/100|[from] item: Leftovers\n|upkeep\n|turn|22\n|\n|t:|1776156159\n|move|p2b: Aerodactyl|Ice Fang|p1a: A\u00e9reo\n|-damage|p1a: A\u00e9reo|7/100\n|move|p2a: Garchomp|Dragon Claw|p1a: A\u00e9reo\n|-resisted|p1a: A\u00e9reo|1\n|-damage|p1a: A\u00e9reo|0 fnt\n|faint|p1a: A\u00e9reo\n|\n|win|ColdSilver835\n|raw|javicarmo's rating: 1049 &rarr; <strong>1031</strong><br />(-18 for losing)\n|raw|ColdSilver835's rating: 1044 &rarr; <strong>1078</strong><br />(+34 for winning)\n",
  "uploadtime": 1776156167,
  "views": 19,
  "formatid": "gen9championsvgc2026regma",
  "rating": 1031,
  "private": 0,
  "password": null
}