{
  "id": "gen9championsvgc2026regma-2585399498",
  "format": "[Gen 9 Champions] VGC 2026 Reg M-A",
  "players": [
    "Spikeyrs",
    "pedrohla"
  ],
  "log": "|j|\u2606Spikeyrs\n|j|\u2606pedrohla\n|t:|1776344477\n|gametype|doubles\n|player|p1|Spikeyrs|2|1116\n|player|p2|pedrohla|169|1148\n|gen|9\n|tier|[Gen 9 Champions] VGC 2026 Reg M-A\n|rated|\n|rule|Species Clause: Limit one of each Pok\u00e9mon\n|rule|Item Clause: Limit 1 of each item\n|clearpoke\n|poke|p1|Kingambit, L50, F|\n|poke|p1|Aerodactyl, L50, F|\n|poke|p1|Kangaskhan, L50, F|\n|poke|p1|Rotom-Wash, L50|\n|poke|p1|Meganium, L50, F|\n|poke|p1|Volcarona, L50, M|\n|poke|p2|Gengar, L50, F|\n|poke|p2|Charizard, L50, M|\n|poke|p2|Vaporeon, L50, M|\n|poke|p2|Umbreon, L50, M|\n|poke|p2|Dragonite, L50, F|\n|poke|p2|Froslass, L50, F|\n|teampreview|4\n|inactive|Battle timer is ON: inactive players will automatically lose when time's up. (requested by Spikeyrs)\n|l|\u2606pedrohla\n|inactive|pedrohla disconnected and has a minute to reconnect!\n|player|p2|\n|j|\u2606pedrohla\n|inactive|pedrohla reconnected and has 65 seconds left.\n|player|p2|pedrohla|169|\n|inactive|Spikeyrs has 60 seconds left.\n|inactive|pedrohla has 60 seconds left.\n|\n|t:|1776344530\n|teamsize|p1|4\n|teamsize|p2|4\n|start\n|switch|p1a: Kangaskhan|Kangaskhan, L50, F|100/100\n|switch|p1b: Aerodactyl|Aerodactyl, L50, F, shiny|100/100\n|switch|p2a: Froslass|Froslass, L50, F|100/100\n|switch|p2b: Umbreon|Umbreon, L50, M|100/100\n|turn|1\n|\n|t:|1776344549\n|detailschange|p2a: Froslass|Froslass-Mega, L50, F\n|-mega|p2a: Froslass|Froslass|Froslassite\n|-weather|Snowscape|[from] ability: Snow Warning|[of] p2a: Froslass\n|move|p1a: Kangaskhan|Fake Out|p2a: Froslass\n|-damage|p2a: Froslass|85/100\n|move|p1b: Aerodactyl|Tailwind|p1b: Aerodactyl\n|-sidestart|p1: Spikeyrs|move: Tailwind\n|cant|p2a: Froslass|flinch\n|move|p2b: Umbreon|Toxic|p1a: Kangaskhan|[miss]\n|-miss|p2b: Umbreon|p1a: Kangaskhan\n|\n|-weather|Snowscape|[upkeep]\n|upkeep\n|turn|2\n|\n|t:|1776344566\n|switch|p1a: Kingambit|Kingambit, L50, F, shiny|100/100\n|move|p1b: Aerodactyl|Rock Slide|p2b: Umbreon|[spread] p2a,p2b\n|-supereffective|p2a: Froslass|1\n|-damage|p2a: Froslass|43/100\n|-damage|p2b: Umbreon|82/100\n|move|p2a: Froslass|Aurora Veil|p2a: Froslass\n|-sidestart|p2: pedrohla|move: Aurora Veil\n|move|p2b: Umbreon|Toxic|p1a: Kingambit\n|-immune|p1a: Kingambit\n|\n|-weather|Snowscape|[upkeep]\n|-heal|p2b: Umbreon|88/100|[from] item: Leftovers\n|upkeep\n|turn|3\n|inactive|Spikeyrs has 30 seconds left.\n|\n|t:|1776344594\n|move|p1a: Kingambit|Sucker Punch||[still]\n|-fail|p1a: Kingambit\n|move|p1b: Aerodactyl|Rock Slide|p2a: Froslass|[spread] p2a,p2b\n|-supereffective|p2a: Froslass|1\n|-damage|p2a: Froslass|12/100\n|-damage|p2b: Umbreon|76/100\n|move|p2a: Froslass|Will-O-Wisp|p1a: Kingambit\n|-status|p1a: Kingambit|brn\n|move|p2b: Umbreon|Toxic|p1b: Aerodactyl\n|-status|p1b: Aerodactyl|tox\n|\n|-weather|Snowscape|[upkeep]\n|-heal|p2b: Umbreon|82/100|[from] item: Leftovers\n|-damage|p1b: Aerodactyl|95/100 tox|[from] psn\n|-damage|p1a: Kingambit|94/100 brn|[from] brn\n|upkeep\n|turn|4\n|inactive|Spikeyrs has 30 seconds left.\n|\n|t:|1776344621\n|switch|p2a: Vaporeon|Vaporeon, L50, M|100/100\n|move|p1b: Aerodactyl|Rock Slide|p2a: Vaporeon|[spread] p2b\n|-miss|p1b: Aerodactyl|p2a: Vaporeon\n|-damage|p2b: Umbreon|69/100\n|move|p1a: Kingambit|Swords Dance|p1a: Kingambit\n|-boost|p1a: Kingambit|atk|2\n|move|p2b: Umbreon|Foul Play|p1b: Aerodactyl\n|-damage|p1b: Aerodactyl|23/100 tox\n|\n|-weather|Snowscape|[upkeep]\n|-heal|p2b: Umbreon|75/100|[from] item: Leftovers\n|-damage|p1b: Aerodactyl|12/100 tox|[from] psn\n|-damage|p1a: Kingambit|88/100 brn|[from] brn\n|-sideend|p1: Spikeyrs|move: Tailwind\n|upkeep\n|turn|5\n|inactive|Spikeyrs has 30 seconds left.\n|\n|t:|1776344648\n|switch|p1b: Volcarona|Volcarona, L50, M|100/100\n|move|p2b: Umbreon|Foul Play|p1a: Kingambit\n|-resisted|p1a: Kingambit|1\n|-damage|p1a: Kingambit|48/100 brn\n|move|p2a: Vaporeon|Wish|p2a: Vaporeon\n|move|p1a: Kingambit|Iron Head|p2b: Umbreon\n|-damage|p2b: Umbreon|53/100\n|\n|-weather|none\n|-heal|p2b: Umbreon|59/100|[from] item: Leftovers\n|-damage|p1a: Kingambit|42/100 brn|[from] brn\n|upkeep\n|turn|6\n|inactive|Spikeyrs has 30 seconds left.\n|inactive|pedrohla has 30 seconds left.\n|\n|t:|1776344683\n|switch|p1b: Aerodactyl|Aerodactyl, L50, F, shiny|12/100 tox\n|switch|p1a: Kangaskhan|Kangaskhan, L50, F|100/100\n|move|p2a: Vaporeon|Muddy Water|p1a: Kangaskhan|[spread] p1a,p1b\n|-supereffective|p1b: Aerodactyl|1\n|-damage|p1a: Kangaskhan|74/100\n|-damage|p1b: Aerodactyl|0 fnt\n|-unboost|p1a: Kangaskhan|accuracy|1\n|faint|p1b: Aerodactyl\n|move|p2b: Umbreon|Wish|p2b: Umbreon\n|\n|-heal|p2b: Umbreon|65/100|[from] item: Leftovers\n|-sideend|p2: pedrohla|move: Aurora Veil\n|upkeep\n|\n|t:|1776344695\n|switch|p1b: Kingambit|Kingambit, L50, F, shiny|42/100 brn\n|turn|7\n|\n|t:|1776344712\n|detailschange|p1a: Kangaskhan|Kangaskhan-Mega, L50, F\n|-mega|p1a: Kangaskhan|Kangaskhan|Kangaskhanite\n|move|p2a: Vaporeon|Protect|p2a: Vaporeon\n|-singleturn|p2a: Vaporeon|Protect\n|move|p1a: Kangaskhan|Low Kick|p2b: Umbreon\n|-supereffective|p2b: Umbreon|1\n|-damage|p2b: Umbreon|37/100\n|-supereffective|p2b: Umbreon|1\n|-damage|p2b: Umbreon|31/100\n|-hitcount|p2b: Umbreon|2\n|move|p2b: Umbreon|Foul Play|p1a: Kangaskhan\n|-damage|p1a: Kangaskhan|35/100\n|move|p1b: Kingambit|Iron Head|p2b: Umbreon\n|-damage|p2b: Umbreon|15/100\n|\n|-heal|p2b: Umbreon|65/100|[from] move: Wish|[wisher] Umbreon\n|-heal|p2b: Umbreon|71/100|[from] item: Leftovers\n|-damage|p1b: Kingambit|36/100 brn|[from] brn\n|upkeep\n|turn|8\n|inactive|Spikeyrs has 30 seconds left.\n|\n|t:|1776344739\n|move|p2b: Umbreon|Protect|p2b: Umbreon\n|-singleturn|p2b: Umbreon|Protect\n|move|p1b: Kingambit|Sucker Punch|p2a: Vaporeon\n|-damage|p2a: Vaporeon|83/100\n|move|p1a: Kangaskhan|Double-Edge|p2a: Vaporeon\n|-damage|p2a: Vaporeon|38/100\n|-enditem|p2a: Vaporeon|Sitrus Berry|[eat]\n|-heal|p2a: Vaporeon|63/100|[from] item: Sitrus Berry\n|-damage|p2a: Vaporeon|53/100\n|-hitcount|p2a: Vaporeon|2\n|-damage|p1a: Kangaskhan|12/100|[from] Recoil\n|move|p2a: Vaporeon|Muddy Water|p1b: Kingambit|[spread] p1b\n|-miss|p2a: Vaporeon|p1a: Kangaskhan\n|-damage|p1b: Kingambit|13/100 brn\n|\n|-heal|p2b: Umbreon|77/100|[from] item: Leftovers\n|-damage|p1b: Kingambit|7/100 brn|[from] brn\n|upkeep\n|turn|9\n|\n|t:|1776344760\n|move|p2a: Vaporeon|Protect|p2a: Vaporeon\n|-singleturn|p2a: Vaporeon|Protect\n|move|p1a: Kangaskhan|Double-Edge|p2b: Umbreon\n|-damage|p2b: Umbreon|36/100\n|-damage|p2b: Umbreon|27/100\n|-hitcount|p2b: Umbreon|2\n|-damage|p1a: Kangaskhan|0 fnt|[from] Recoil\n|faint|p1a: Kangaskhan\n|move|p2b: Umbreon|Wish|p2b: Umbreon\n|move|p1b: Kingambit|Iron Head|p2b: Umbreon\n|-damage|p2b: Umbreon|10/100\n|\n|-heal|p2b: Umbreon|16/100|[from] item: Leftovers\n|-damage|p1b: Kingambit|0 fnt|[from] brn\n|faint|p1b: Kingambit\n|upkeep\n|\n|t:|1776344771\n|switch|p1b: Volcarona|Volcarona, L50, M|100/100\n|turn|10\n|-message|Spikeyrs forfeited.\n|\n|win|pedrohla\n|raw|Spikeyrs's rating: 1116 &rarr; <strong>1093</strong><br />(-23 for losing)\n|raw|pedrohla's rating: 1148 &rarr; <strong>1171</strong><br />(+23 for winning)\n|l|\u2606Spikeyrs\n|player|p1|\n|l|\u2606pedrohla\n|player|p2|\n|j|\u2606pedrohla\n|player|p2|pedrohla|169|\n|l|\u2606pedrohla\n|player|p2|\n|j|\u2606pedrohla\n|player|p2|pedrohla|169|\n",
  "uploadtime": 1776345004,
  "views": 41,
  "formatid": "gen9championsvgc2026regma",
  "rating": 1093,
  "private": 0,
  "password": null
}