{
  "id": "gen9championsvgc2026regma-2588198740",
  "format": "[Gen 9 Champions] VGC 2026 Reg M-A",
  "players": [
    "BlacklightTanuki",
    "magato123"
  ],
  "log": "|j|\u2606BlacklightTanuki\n|j|\u2606magato123\n|t:|1776613681\n|gametype|doubles\n|player|p1|BlacklightTanuki|boarder|1000\n|player|p2|magato123|turo-ai|1000\n|gen|9\n|tier|[Gen 9 Champions] VGC 2026 Reg M-A\n|rated|\n|rule|Species Clause: Limit one of each Pok\u00e9mon\n|rule|Item Clause: Limit 1 of each item\n|clearpoke\n|poke|p1|Froslass, L50, F|\n|poke|p1|Sinistcha-Masterpiece, L50|\n|poke|p1|Garchomp, L50, F|\n|poke|p1|Talonflame, L50, F, shiny|\n|poke|p1|Rotom-Frost, L50, shiny|\n|poke|p1|Orthworm, L50, F|\n|poke|p2|Gengar, L50, M|\n|poke|p2|Garchomp, L50, F|\n|poke|p2|Basculegion, L50, M|\n|poke|p2|Clefable, L50, F|\n|poke|p2|Sneasler, L50, F|\n|poke|p2|Sableye, L50, M|\n|teampreview|4\n|inactive|Battle timer is ON: inactive players will automatically lose when time's up. (requested by magato123)\nmagato123 rejected open team sheets.\n|\n|t:|1776613709\n|teamsize|p1|4\n|teamsize|p2|4\n|start\n|switch|p1a: Froslass|Froslass, L50, F|100/100\n|switch|p1b: Talonflame|Talonflame, L50, F, shiny|100/100\n|switch|p2a: Clefable|Clefable, L50, F|100/100\n|switch|p2b: Garchomp|Garchomp, L50, F|100/100\n|turn|1\n|\n|t:|1776613733\n|detailschange|p1a: Froslass|Froslass-Mega, L50, F\n|-mega|p1a: Froslass|Froslass|Froslassite\n|-weather|Snowscape|[from] ability: Snow Warning|[of] p1a: Froslass\n|detailschange|p2b: Garchomp|Garchomp-Mega, L50, F\n|-mega|p2b: Garchomp|Garchomp|Garchompite\n|move|p1b: Talonflame|Tailwind|p1b: Talonflame\n|-sidestart|p1: BlacklightTanuki|move: Tailwind\n|move|p1a: Froslass|Chilling Water|p2b: Garchomp\n|-damage|p2b: Garchomp|81/100\n|-unboost|p2b: Garchomp|atk|1\n|move|p2b: Garchomp|Iron Tail|p1a: Froslass|[miss]\n|-miss|p2b: Garchomp|p1a: Froslass\n|move|p2a: Clefable|Icy Wind|p1a: Froslass|[spread] p1a,p1b\n|-resisted|p1a: Froslass|1\n|-damage|p1a: Froslass|95/100\n|-damage|p1b: Talonflame|85/100\n|-unboost|p1a: Froslass|spe|1\n|-unboost|p1b: Talonflame|spe|1\n|-enditem|p1b: Talonflame|White Herb\n|-clearnegativeboost|p1b: Talonflame|[silent]\n|\n|-weather|Snowscape|[upkeep]\n|upkeep\n|turn|2\n|inactive|BlacklightTanuki has 30 seconds left.\n|j| SADATO69\n|\n|t:|1776613765\n|move|p1b: Talonflame|U-turn|p2b: Garchomp\n|-damage|p2b: Garchomp|65/100\n|\n|t:|1776613769\n|switch|p1b: Rotom|Rotom-Frost, L50, shiny|100/100|[from] U-turn\n|move|p1a: Froslass|Blizzard|p2a: Clefable|[spread] p2a,p2b\n|-supereffective|p2b: Garchomp|2\n|-damage|p2a: Clefable|63/100\n|-damage|p2b: Garchomp|0 fnt\n|faint|p2b: Garchomp\n|move|p2a: Clefable|Icy Wind|p1b: Rotom|[spread] p1a,p1b\n|-resisted|p1a: Froslass|1\n|-resisted|p1b: Rotom|1\n|-damage|p1a: Froslass|90/100\n|-damage|p1b: Rotom|94/100\n|-unboost|p1a: Froslass|spe|1\n|-unboost|p1b: Rotom|spe|1\n|\n|-weather|Snowscape|[upkeep]\n|-heal|p2a: Clefable|69/100|[from] item: Leftovers\n|upkeep\n|\n|t:|1776613769\n|switch|p2b: Sneasler|Sneasler, L50, F|100/100\n|turn|3\n|\n|t:|1776613794\n|move|p2a: Clefable|Follow Me|p2a: Clefable\n|-singleturn|p2a: Clefable|move: Follow Me\n|move|p1b: Rotom|Electroweb|p2a: Clefable|[spread] p2a,p2b\n|-damage|p2a: Clefable|51/100\n|-damage|p2b: Sneasler|71/100\n|-unboost|p2a: Clefable|spe|1\n|-unboost|p2b: Sneasler|spe|1\n|move|p1a: Froslass|Aurora Veil|p1a: Froslass\n|-sidestart|p1: BlacklightTanuki|move: Aurora Veil\n|move|p2b: Sneasler|Close Combat|p1b: Rotom\n|-supereffective|p1b: Rotom|1\n|-crit|p1b: Rotom\n|-damage|p1b: Rotom|0 fnt\n|-unboost|p2b: Sneasler|def|1\n|-unboost|p2b: Sneasler|spd|1\n|faint|p1b: Rotom\n|\n|-weather|Snowscape|[upkeep]\n|-heal|p2a: Clefable|57/100|[from] item: Leftovers\n|upkeep\n|\n|t:|1776613814\n|switch|p1b: Talonflame|Talonflame, L50, F, shiny|85/100\n|turn|4\n|\n|t:|1776613828\n|move|p1b: Talonflame|Acrobatics|p2a: Clefable\n|-damage|p2a: Clefable|20/100\n|move|p1a: Froslass|Blizzard|p2a: Clefable|[spread] p2a,p2b\n|-damage|p2a: Clefable|0 fnt\n|-damage|p2b: Sneasler|0 fnt\n|faint|p2a: Clefable\n|faint|p2b: Sneasler\n|\n|-weather|Snowscape|[upkeep]\n|-sideend|p1: BlacklightTanuki|move: Tailwind\n|upkeep\n|\n|t:|1776613830\n|switch|p2b: Basculegion|Basculegion, L50, M|100/100\n|turn|5\n|\n|t:|1776613850\n|move|p2b: Basculegion|Last Respects|p1a: Froslass\n|-supereffective|p1a: Froslass|1\n|-damage|p1a: Froslass|0 fnt\n|faint|p1a: Froslass\n|move|p1b: Talonflame|Acrobatics|p2b: Basculegion\n|-damage|p2b: Basculegion|48/100\n|\n|-weather|none\n|upkeep\n|\n|t:|1776613859\n|switch|p1a: Sinistcha|Sinistcha-Masterpiece, L50|100/100\n|-heal|p1b: Talonflame|100/100|[from] ability: Hospitality|[of] p1a: Sinistcha\n|turn|6\n|\n|t:|1776613870\n|move|p1b: Talonflame|Acrobatics|p2b: Basculegion\n|-damage|p2b: Basculegion|0 fnt\n|faint|p2b: Basculegion\n|\n|win|BlacklightTanuki\n|raw|BlacklightTanuki's rating: 1000 &rarr; <strong>1040</strong><br />(+40 for winning)\n|raw|magato123's rating: 1000 &rarr; <strong>1000</strong><br />(+0 for losing)\n|l|\u2606magato123\n|player|p2|\n|n|\u2606BlacklightTanuki|blacklighttanuki\n|l|\u2606BlacklightTanuki\n|player|p1|\n|l| SADATO69\n|j| SADATO69\n",
  "uploadtime": 1776613870,
  "views": 7,
  "formatid": "gen9championsvgc2026regma",
  "rating": 1000,
  "private": 0,
  "password": null
}