{
  "id": "gen9championsvgc2026regma-2580670539",
  "format": "[Gen 9 Champions] VGC 2026 Reg M-A",
  "players": [
    "yuriimon",
    "Jhkujjkbcg"
  ],
  "log": "|j|\u2606yuriimon\n|j|\u2606Jhkujjkbcg\n|t:|1775922961\n|gametype|doubles\n|player|p1|yuriimon|waitress-gen4|1065\n|player|p2|Jhkujjkbcg|266|1011\n|gen|9\n|tier|[Gen 9 Champions] VGC 2026 Reg M-A\n|rated|\n|rule|Species Clause: Limit one of each Pok\u00e9mon\n|rule|Item Clause: Limit 1 of each item\n|clearpoke\n|poke|p1|Feraligatr, L50, M|\n|poke|p1|Gallade, L50, M|\n|poke|p1|Politoed, L50, M|\n|poke|p1|Raichu, L50, F|\n|poke|p1|Arcanine-Hisui, L50, F|\n|poke|p1|Clefable, L50, F|\n|poke|p2|Bellibolt, L50, M|\n|poke|p2|Whimsicott, L50, M|\n|poke|p2|Archaludon, L50, M|\n|poke|p2|Corviknight, L50, M|\n|poke|p2|Pelipper, L50, M|\n|poke|p2|Garchomp, L50, M|\n|teampreview|4\n|inactive|Battle timer is ON: inactive players will automatically lose when time's up. (requested by yuriimon)\n|inactive|Jhkujjkbcg has 60 seconds left.\n|inactive|Jhkujjkbcg has 30 seconds left.\n|\n|t:|1775923029\n|teamsize|p1|4\n|teamsize|p2|4\n|start\n|switch|p1a: Clefable|Clefable, L50, F|100/100\n|switch|p1b: Gallade|Gallade, L50, M|100/100\n|switch|p2a: Pelipper|Pelipper, L50, M|100/100\n|switch|p2b: Whimsicott|Whimsicott, L50, M|100/100\n|-weather|RainDance|[from] ability: Drizzle|[of] p2a: Pelipper\n|turn|1\n|\n|t:|1775923043\n|move|p2b: Whimsicott|Protect|p2b: Whimsicott\n|-singleturn|p2b: Whimsicott|Protect\n|move|p2a: Pelipper|Protect|p2a: Pelipper\n|-singleturn|p2a: Pelipper|Protect\n|move|p1a: Clefable|Follow Me|p1a: Clefable\n|-singleturn|p1a: Clefable|move: Follow Me\n|move|p1b: Gallade|Trick Room|p1b: Gallade\n|-fieldstart|move: Trick Room|[of] p1b: Gallade\n|\n|-weather|RainDance|[upkeep]\n|upkeep\n|turn|2\n|\n|t:|1775923063\n|switch|p1b: Raichu|Raichu, L50, F|100/100\n|move|p1a: Clefable|Follow Me|p1a: Clefable\n|-singleturn|p1a: Clefable|move: Follow Me\n|move|p2b: Whimsicott|Encore|p1a: Clefable\n|-start|p1a: Clefable|Encore\n|move|p2a: Pelipper|Weather Ball|p1a: Clefable\n|-damage|p1a: Clefable|50/100\n|-enditem|p1a: Clefable|Sitrus Berry|[eat]\n|-heal|p1a: Clefable|75/100|[from] item: Sitrus Berry\n|\n|-weather|RainDance|[upkeep]\n|upkeep\n|turn|3\n|\n|t:|1775923083\n|switch|p2a: Archaludon|Archaludon, L50, M, shiny|100/100\n|move|p1a: Clefable|Follow Me|p1a: Clefable\n|-singleturn|p1a: Clefable|move: Follow Me\n|move|p2b: Whimsicott|Energy Ball|p1a: Clefable\n|-damage|p1a: Clefable|47/100\n|-unboost|p1a: Clefable|spd|1\n|move|p1b: Raichu|Volt Switch|p2a: Archaludon\n|-resisted|p2a: Archaludon|1\n|-damage|p2a: Archaludon|87/100\n|-ability|p2a: Archaludon|Stamina|boost\n|-boost|p2a: Archaludon|def|1\n|\n|t:|1775923090\n|switch|p1b: Gallade|Gallade, L50, M|100/100|[from] Volt Switch\n|\n|-weather|RainDance|[upkeep]\n|upkeep\n|turn|4\n|inactive|Jhkujjkbcg has 30 seconds left.\n|\n|t:|1775923118\n|move|p2b: Whimsicott|Protect|p2b: Whimsicott\n|-singleturn|p2b: Whimsicott|Protect\n|move|p1a: Clefable|Follow Me|p1a: Clefable\n|-singleturn|p1a: Clefable|move: Follow Me\n|move|p1b: Gallade|Sacred Sword|p2a: Archaludon\n|-supereffective|p2a: Archaludon|1\n|-damage|p2a: Archaludon|0 fnt\n|faint|p2a: Archaludon\n|\n|-weather|RainDance|[upkeep]\n|upkeep\n|\n|t:|1775923133\n|switch|p2a: Corviknight|Corviknight, L50, M, shiny|100/100\n|turn|5\n|\n|t:|1775923142\n|switch|p1b: Raichu|Raichu, L50, F|100/100\n|move|p2a: Corviknight|Protect|p2a: Corviknight\n|-singleturn|p2a: Corviknight|Protect\n|move|p1a: Clefable|Follow Me|p1a: Clefable\n|-singleturn|p1a: Clefable|move: Follow Me\n|move|p2b: Whimsicott|Energy Ball|p1a: Clefable\n|-damage|p1a: Clefable|0 fnt\n|faint|p1a: Clefable\n|\n|-weather|none\n|-fieldend|move: Trick Room\n|upkeep\n|\n|t:|1775923154\n|switch|p1a: Gallade|Gallade, L50, M|100/100\n|turn|6\n|\n|t:|1775923169\n|switch|p1a: Feraligatr|Feraligatr, L50, M|100/100\n|move|p2b: Whimsicott|Tailwind|p2b: Whimsicott\n|-sidestart|p2: Jhkujjkbcg|move: Tailwind\n|move|p2a: Corviknight|Iron Defense|p2a: Corviknight\n|-boost|p2a: Corviknight|def|2\n|move|p1b: Raichu|Volt Switch|p2a: Corviknight\n|-supereffective|p2a: Corviknight|1\n|-damage|p2a: Corviknight|49/100\n|-enditem|p2a: Corviknight|Sitrus Berry|[eat]\n|-heal|p2a: Corviknight|74/100|[from] item: Sitrus Berry\n|\n|t:|1775923177\n|switch|p1b: Gallade|Gallade, L50, M|100/100|[from] Volt Switch\n|\n|upkeep\n|turn|7\n|\n|t:|1775923200\n|move|p1a: Feraligatr|Protect|p1a: Feraligatr\n|-singleturn|p1a: Feraligatr|Protect\n|move|p2b: Whimsicott|Energy Ball|p1a: Feraligatr\n|-activate|p1a: Feraligatr|move: Protect\n|move|p2a: Corviknight|Body Press|p1a: Feraligatr\n|-activate|p1a: Feraligatr|move: Protect\n|move|p1b: Gallade|Trick Room|p1b: Gallade\n|-fieldstart|move: Trick Room|[of] p1b: Gallade\n|\n|upkeep\n|turn|8\n|inactive|yuriimon has 30 seconds left.\n|\n|t:|1775923230\n|detailschange|p1a: Feraligatr|Feraligatr-Mega, L50, M\n|-mega|p1a: Feraligatr|Feraligatr|Feraligite\n|move|p1b: Gallade|Sacred Sword|p2a: Corviknight\n|-damage|p2a: Corviknight|6/100\n|move|p1a: Feraligatr|Swords Dance|p1a: Feraligatr\n|-boost|p1a: Feraligatr|atk|2\n|move|p2a: Corviknight|Body Press|p1b: Gallade\n|-resisted|p1b: Gallade|1\n|-damage|p1b: Gallade|73/100\n|move|p2b: Whimsicott|Energy Ball|p1a: Feraligatr\n|-damage|p1a: Feraligatr|64/100\n|\n|upkeep\n|turn|9\n|\n|t:|1775923251\n|move|p1a: Feraligatr|Protect|p1a: Feraligatr\n|-singleturn|p1a: Feraligatr|Protect\n|move|p2a: Corviknight|Protect|p2a: Corviknight\n|-singleturn|p2a: Corviknight|Protect\n|move|p2b: Whimsicott|Encore|p1a: Feraligatr\n|-activate|p1a: Feraligatr|move: Protect\n|move|p1b: Gallade|Psycho Cut|p2b: Whimsicott\n|-damage|p2b: Whimsicott|23/100\n|\n|-sideend|p2: Jhkujjkbcg|move: Tailwind\n|upkeep\n|turn|10\n|inactive|Jhkujjkbcg has 30 seconds left.\n|\n|t:|1775923283\n|move|p2b: Whimsicott|Encore|p1a: Feraligatr\n|-start|p1a: Feraligatr|Encore\n|move|p1a: Feraligatr|Protect||[still]\n|-fail|p1a: Feraligatr\n|move|p1b: Gallade|Psycho Cut|p2b: Whimsicott\n|-damage|p2b: Whimsicott|0 fnt\n|faint|p2b: Whimsicott\n|move|p2a: Corviknight|Iron Head|p1b: Gallade\n|-damage|p1b: Gallade|24/100\n|\n|upkeep\n|\n|t:|1775923294\n|switch|p2b: Pelipper|Pelipper, L50, M|100/100\n|-weather|RainDance|[from] ability: Drizzle|[of] p2b: Pelipper\n|turn|11\n|inactive|Jhkujjkbcg has 30 seconds left.\n|\n|t:|1775923321\n|move|p2a: Corviknight|Protect|p2a: Corviknight\n|-singleturn|p2a: Corviknight|Protect\n|move|p1a: Feraligatr|Protect|p1a: Feraligatr\n|-singleturn|p1a: Feraligatr|Protect\n|move|p2b: Pelipper|Hurricane|p1b: Gallade\n|-supereffective|p1b: Gallade|1\n|-damage|p1b: Gallade|0 fnt\n|faint|p1b: Gallade\n|\n|-weather|RainDance|[upkeep]\n|-fieldend|move: Trick Room\n|upkeep\n|\n|t:|1775923325\n|switch|p1b: Raichu|Raichu, L50, F|100/100\n|turn|12\n|\n|t:|1775923342\n|move|p1a: Feraligatr|Protect||[still]\n|-fail|p1a: Feraligatr\n|move|p1b: Raichu|Volt Switch|p2a: Corviknight\n|-supereffective|p2a: Corviknight|1\n|-damage|p2a: Corviknight|0 fnt\n|faint|p2a: Corviknight\n|move|p2b: Pelipper|Hurricane|p1a: Feraligatr\n|-damage|p1a: Feraligatr|19/100\n|\n|-weather|RainDance|[upkeep]\n|-end|p1a: Feraligatr|Encore\n|upkeep\n|turn|13\n|\n|t:|1775923358\n|move|p1b: Raichu|Thunder|p2b: Pelipper\n|-supereffective|p2b: Pelipper|2\n|-damage|p2b: Pelipper|0 fnt\n|faint|p2b: Pelipper\n|\n|win|yuriimon\n|raw|yuriimon's rating: 1065 &rarr; <strong>1091</strong><br />(+26 for winning)\n|raw|Jhkujjkbcg's rating: 1011 &rarr; <strong>1001</strong><br />(-10 for losing)\n|l|\u2606Jhkujjkbcg\n|player|p2|\n|c|\u2606yuriimon|gg\n",
  "uploadtime": 1775923368,
  "views": 13,
  "formatid": "gen9championsvgc2026regma",
  "rating": 1001,
  "private": 0,
  "password": null
}