{
  "id": "gen9championsvgc2026regma-2589442020",
  "format": "[Gen 9 Champions] VGC 2026 Reg M-A",
  "players": [
    "Mister Devious",
    "MimikyuBot"
  ],
  "log": "|j|\u2606Mister Devious\n|j|\u2606MimikyuBot\n|t:|1776723287\n|gametype|doubles\n|player|p1|Mister Devious|rood|1094\n|player|p2|MimikyuBot|266|1018\n|gen|9\n|tier|[Gen 9 Champions] VGC 2026 Reg M-A\n|rated|\n|rule|Species Clause: Limit one of each Pok\u00e9mon\n|rule|Item Clause: Limit 1 of each item\n|clearpoke\n|poke|p1|Tyranitar, L50, M|\n|poke|p1|Excadrill, L50, F|\n|poke|p1|Clefable, L50, M|\n|poke|p1|Sneasler, L50, F|\n|poke|p1|Primarina, L50, M|\n|poke|p1|Arcanine-Hisui, L50, F|\n|poke|p2|Aegislash, L50, F, shiny|\n|poke|p2|Whimsicott, L50, M, shiny|\n|poke|p2|Gallade, L50, M, shiny|\n|poke|p2|Incineroar, L50, F, shiny|\n|poke|p2|Clefable, L50, F, shiny|\n|poke|p2|Milotic, L50, M, shiny|\n|teampreview|4\nMimikyuBot has agreed to open team sheets.\nMister Devious has agreed to open team sheets.\n|showteam|p1|Tyranitar||Tyranitarite|SandStream|DragonDance,KnockOff,RockSlide,Protect|||M|||50|]Excadrill||FocusSash|SandRush|HighHorsepower,SwordsDance,IronHead,Protect|||F|||50|]Clefable||SitrusBerry|MagicGuard|FollowMe,Moonblast,Thunderbolt,HelpingHand|||M|||50|]Sneasler||WhiteHerb|Unburden|FakeOut,Coaching,CloseCombat,Protect|||F|||50|]Primarina||Leftovers|LiquidVoice|HyperVoice,CalmMind,Moonblast,Protect|||M|||50|]Arcanine-Hisui||HardStone|Intimidate|HeadSmash,ExtremeSpeed,WillOWisp,Protect|||F|||50|\n|showteam|p2|Aegislash||SpellTag|StanceChange|IronHead,KingsShield,Poltergeist,ShadowSneak|||F|||50|]Whimsicott||FocusSash|Prankster|Tailwind,Moonblast,SunnyDay,Encore|||M|||50|]Gallade||Galladite|Sharpness|PsychoCut,SacredSword,TripleAxel,Protect|||M|||50|]Incineroar||Leftovers|Intimidate|FlareBlitz,PartingShot,Snarl,FakeOut|||F|||50|]Clefable||SitrusBerry|Unaware|FollowMe,Moonblast,Protect,HelpingHand|||F|||50|]Milotic||MysticWater|Competitive|Scald,IcyWind,IceBeam,Protect|||M|||50|\n|\n|t:|1776723324\n|teamsize|p1|4\n|teamsize|p2|4\n|start\n|switch|p1a: Bubble Pop|Sneasler, L50, F|100/100\n|switch|p1b: The Strongest|Excadrill, L50, F|100/100\n|switch|p2a: Whimsicott|Whimsicott, L50, M, shiny|100/100\n|switch|p2b: Gallade|Gallade, L50, M, shiny|100/100\n|turn|1\n|inactive|Battle timer is ON: inactive players will automatically lose when time's up. (requested by MimikyuBot)\n|\n|t:|1776723355\n|detailschange|p2b: Gallade|Gallade-Mega, L50, M, shiny\n|-mega|p2b: Gallade|Gallade|Galladite\n|move|p1a: Bubble Pop|Fake Out|p2b: Gallade\n|-damage|p2b: Gallade|80/100\n|move|p2a: Whimsicott|Moonblast|p1a: Bubble Pop\n|-damage|p1a: Bubble Pop|53/100\n|move|p2b: Gallade|Psycho Cut|p1a: Bubble Pop\n|-supereffective|p1a: Bubble Pop|2\n|-damage|p1a: Bubble Pop|0 fnt\n|faint|p1a: Bubble Pop\n|move|p1b: The Strongest|Swords Dance|p1b: The Strongest\n|-boost|p1b: The Strongest|atk|2\n|\n|upkeep\n|\n|t:|1776723363\n|switch|p1a: Sand Proud|Tyranitar, L50, M|100/100\n|-weather|Sandstorm|[from] ability: Sand Stream|[of] p1a: Sand Proud\n|turn|2\n|\n|t:|1776723381\n|switch|p2a: Incineroar|Incineroar, L50, F, shiny|100/100\n|-ability|p2a: Incineroar|Intimidate|boost\n|-unboost|p1a: Sand Proud|atk|1\n|-unboost|p1b: The Strongest|atk|1\n|detailschange|p1a: Sand Proud|Tyranitar-Mega, L50, M\n|-mega|p1a: Sand Proud|Tyranitar|Tyranitarite\n|move|p1b: The Strongest|Iron Head|p2a: Incineroar\n|-resisted|p2a: Incineroar|1\n|-damage|p2a: Incineroar|70/100\n|move|p2b: Gallade|Triple Axel|p1b: The Strongest\n|-damage|p1b: The Strongest|86/100\n|-damage|p1b: The Strongest|60/100\n|-damage|p1b: The Strongest|22/100\n|-hitcount|p1b: The Strongest|3\n|move|p1a: Sand Proud|Rock Slide|p2a: Incineroar|[spread] p2b\n|-miss|p1a: Sand Proud|p2a: Incineroar\n|-resisted|p2b: Gallade|1\n|-damage|p2b: Gallade|64/100\n|\n|-weather|Sandstorm|[upkeep]\n|-damage|p2b: Gallade|58/100|[from] Sandstorm\n|-damage|p2a: Incineroar|64/100|[from] Sandstorm\n|-heal|p2a: Incineroar|70/100|[from] item: Leftovers\n|upkeep\n|turn|3\n|\n|t:|1776723401\n|move|p2a: Incineroar|Fake Out|p1b: The Strongest\n|-resisted|p1b: The Strongest|1\n|-damage|p1b: The Strongest|15/100\n|cant|p1b: The Strongest|flinch\n|move|p2b: Gallade|Psycho Cut|p1b: The Strongest\n|-resisted|p1b: The Strongest|1\n|-damage|p1b: The Strongest|0 fnt\n|faint|p1b: The Strongest\n|move|p1a: Sand Proud|Rock Slide|p2b: Gallade|[spread] p2a\n|-miss|p1a: Sand Proud|p2b: Gallade\n|-supereffective|p2a: Incineroar|1\n|-damage|p2a: Incineroar|30/100\n|\n|-weather|Sandstorm|[upkeep]\n|-damage|p2b: Gallade|52/100|[from] Sandstorm\n|-damage|p2a: Incineroar|24/100|[from] Sandstorm\n|-heal|p2a: Incineroar|30/100|[from] item: Leftovers\n|upkeep\n|\n|t:|1776723411\n|switch|p1b: Salmon Roe|Primarina, L50, M|100/100\n|turn|4\n|\n|t:|1776723415\n|move|p2a: Incineroar|Fake Out||[still]\n|-hint|Fake Out only works on your first turn out.\n|-fail|p2a: Incineroar\n|move|p2b: Gallade|Psycho Cut|p1b: Salmon Roe\n|-damage|p1b: Salmon Roe|44/100\n|move|p1a: Sand Proud|Dragon Dance|p1a: Sand Proud\n|-boost|p1a: Sand Proud|atk|1\n|-boost|p1a: Sand Proud|spe|1\n|move|p1b: Salmon Roe|Calm Mind|p1b: Salmon Roe\n|-boost|p1b: Salmon Roe|spa|1\n|-boost|p1b: Salmon Roe|spd|1\n|\n|-weather|Sandstorm|[upkeep]\n|-damage|p2b: Gallade|45/100|[from] Sandstorm\n|-damage|p2a: Incineroar|24/100|[from] Sandstorm\n|-damage|p1b: Salmon Roe|38/100|[from] Sandstorm\n|-heal|p2a: Incineroar|30/100|[from] item: Leftovers\n|-heal|p1b: Salmon Roe|44/100|[from] item: Leftovers\n|upkeep\n|turn|5\n|\n|t:|1776723424\n|switch|p2a: Aegislash|Aegislash, L50, F, shiny|100/100\n|move|p1b: Salmon Roe|Protect|p1b: Salmon Roe\n|-singleturn|p1b: Salmon Roe|Protect\n|move|p2b: Gallade|Psycho Cut|p1b: Salmon Roe\n|-activate|p1b: Salmon Roe|move: Protect\n|move|p1a: Sand Proud|Knock Off|p2b: Gallade\n|-damage|p2b: Gallade|0 fnt\n|faint|p2b: Gallade\n|\n|-weather|Sandstorm|[upkeep]\n|-damage|p1b: Salmon Roe|38/100|[from] Sandstorm\n|-heal|p1b: Salmon Roe|44/100|[from] item: Leftovers\n|upkeep\n|\n|t:|1776723424\n|switch|p2b: Incineroar|Incineroar, L50, F, shiny|30/100\n|-ability|p2b: Incineroar|Intimidate|boost\n|-unboost|p1a: Sand Proud|atk|1\n|-unboost|p1b: Salmon Roe|atk|1\n|turn|6\n|\n|t:|1776723436\n|switch|p2b: Whimsicott|Whimsicott, L50, M, shiny|100/100\n|move|p1a: Sand Proud|Knock Off|p2a: Aegislash\n|-supereffective|p2a: Aegislash|1\n|-crit|p2a: Aegislash\n|-damage|p2a: Aegislash|0 fnt\n|-enditem|p2a: Aegislash|Spell Tag|[from] move: Knock Off|[of] p1a: Sand Proud\n|faint|p2a: Aegislash\n|move|p1b: Salmon Roe|Hyper Voice|p2b: Whimsicott\n|-resisted|p2b: Whimsicott|1\n|-damage|p2b: Whimsicott|38/100\n|\n|-weather|none\n|-heal|p1b: Salmon Roe|50/100|[from] item: Leftovers\n|upkeep\n|\n|t:|1776723436\n|switch|p2a: Incineroar|Incineroar, L50, F, shiny|30/100\n|-ability|p2a: Incineroar|Intimidate|boost\n|-unboost|p1a: Sand Proud|atk|1\n|-unboost|p1b: Salmon Roe|atk|1\n|turn|7\n|\n|t:|1776723457\n|move|p1b: Salmon Roe|Protect|p1b: Salmon Roe\n|-singleturn|p1b: Salmon Roe|Protect\n|move|p2a: Incineroar|Fake Out|p1a: Sand Proud\n|-resisted|p1a: Sand Proud|1\n|-damage|p1a: Sand Proud|97/100\n|move|p2b: Whimsicott|Moonblast|p1a: Sand Proud\n|-supereffective|p1a: Sand Proud|1\n|-damage|p1a: Sand Proud|39/100\n|cant|p1a: Sand Proud|flinch\n|\n|-heal|p2a: Incineroar|36/100|[from] item: Leftovers\n|-heal|p1b: Salmon Roe|56/100|[from] item: Leftovers\n|upkeep\n|turn|8\n|\n|t:|1776723465\n|move|p2a: Incineroar|Fake Out||[still]\n|-hint|Fake Out only works on your first turn out.\n|-fail|p2a: Incineroar\n|move|p2b: Whimsicott|Moonblast|p1a: Sand Proud\n|-supereffective|p1a: Sand Proud|1\n|-damage|p1a: Sand Proud|0 fnt\n|faint|p1a: Sand Proud\n|move|p1b: Salmon Roe|Hyper Voice|p2a: Incineroar|[spread] p2a,p2b\n|-supereffective|p2a: Incineroar|1\n|-resisted|p2b: Whimsicott|1\n|-damage|p2a: Incineroar|0 fnt\n|-damage|p2b: Whimsicott|0 fnt\n|faint|p2a: Incineroar\n|faint|p2b: Whimsicott\n|\n|win|Mister Devious\n",
  "uploadtime": 1776723326,
  "views": 5,
  "formatid": "gen9championsvgc2026regma",
  "rating": null,
  "private": 0,
  "password": null
}