{
  "id": "gen9championsvgc2026regma-2588666559",
  "format": "[Gen 9 Champions] VGC 2026 Reg M-A",
  "players": [
    "aukrizm",
    "henitusec"
  ],
  "log": "|j|\u2606aukrizm\n|j|\u2606henitusec\n|t:|1776655509\n|gametype|doubles\n|player|p1|aukrizm|bugcatcher-gen4dp|1133\n|player|p2|henitusec|steven-masters|1101\n|gen|9\n|tier|[Gen 9 Champions] VGC 2026 Reg M-A\n|rated|\n|rule|Species Clause: Limit one of each Pok\u00e9mon\n|rule|Item Clause: Limit 1 of each item\n|clearpoke\n|poke|p1|Drampa, L50, M|\n|poke|p1|Alakazam, L50, M|\n|poke|p1|Sinistcha, L50|\n|poke|p1|Pelipper, L50, M|\n|poke|p1|Basculegion, L50, M, shiny|\n|poke|p1|Kingambit, L50, M, shiny|\n|poke|p2|Delphox, L50, F|\n|poke|p2|Basculegion, L50, M|\n|poke|p2|Clefable, L50, M|\n|poke|p2|Kingambit, L50, M|\n|poke|p2|Dragonite, L50, M|\n|poke|p2|Sneasler, L50, F|\n|teampreview|4\n|inactive|Battle timer is ON: inactive players will automatically lose when time's up. (requested by henitusec)\nhenitusec rejected open team sheets.\n|\n|t:|1776655538\n|teamsize|p1|4\n|teamsize|p2|4\n|start\n|switch|p1a: Drampa|Drampa, L50, M|100/100\n|switch|p1b: Alakazam|Alakazam, L50, M|100/100\n|switch|p2a: Delphox|Delphox, L50, F|100/100\n|switch|p2b: Sneasler|Sneasler, L50, F|100/100\n|-ability|p1a: Drampa|Cloud Nine\n|turn|1\n|\n|t:|1776655554\n|detailschange|p2a: Delphox|Delphox-Mega, L50, F\n|-mega|p2a: Delphox|Delphox|Delphoxite\n|move|p1a: Drampa|Protect|p1a: Drampa\n|-singleturn|p1a: Drampa|Protect\n|move|p2b: Sneasler|Fake Out|p1a: Drampa\n|-activate|p1a: Drampa|move: Protect\n|move|p2a: Delphox|Substitute|p2a: Delphox\n|-start|p2a: Delphox|Substitute\n|-damage|p2a: Delphox|76/100\n|move|p1b: Alakazam|Psychic|p2b: Sneasler\n|-supereffective|p2b: Sneasler|2\n|-enditem|p2b: Sneasler|Focus Sash\n|-damage|p2b: Sneasler|1/100\n|\n|upkeep\n|turn|2\n|\n|t:|1776655579\n|detailschange|p1a: Drampa|Drampa-Mega, L50, M\n|-mega|p1a: Drampa|Drampa|Drampanite\n|move|p2b: Sneasler|Close Combat|p1a: Drampa\n|-supereffective|p1a: Drampa|1\n|-damage|p1a: Drampa|0 fnt\n|-unboost|p2b: Sneasler|def|1\n|-unboost|p2b: Sneasler|spd|1\n|faint|p1a: Drampa\n|move|p2a: Delphox|Heat Wave|p1b: Alakazam\n|-damage|p1b: Alakazam|30/100\n|-status|p1b: Alakazam|brn\n|move|p1b: Alakazam|Speed Swap|p1: Drampa|[notarget]\n|-fail|p1b: Alakazam\n|\n|-damage|p1b: Alakazam|24/100 brn|[from] brn\n|upkeep\n|\n|t:|1776655589\n|switch|p1a: Pelipper|Pelipper, L50, M|100/100\n|-weather|RainDance|[from] ability: Drizzle|[of] p1a: Pelipper\n|turn|3\n|\n|t:|1776655601\n|move|p2b: Sneasler|Dire Claw|p1a: Pelipper\n|-damage|p1a: Pelipper|46/100\n|move|p2a: Delphox|Psychic|p1a: Pelipper\n|-damage|p1a: Pelipper|0 fnt\n|faint|p1a: Pelipper\n|move|p1b: Alakazam|Psychic|p2b: Sneasler\n|-supereffective|p2b: Sneasler|2\n|-damage|p2b: Sneasler|0 fnt\n|faint|p2b: Sneasler\n|\n|-weather|RainDance|[upkeep]\n|-damage|p1b: Alakazam|18/100 brn|[from] brn\n|upkeep\n|\n|t:|1776655610\n|switch|p2b: Basculegion|Basculegion, L50, M|100/100\n|switch|p1a: Sinistcha|Sinistcha, L50|100/100\n|-heal|p1b: Alakazam|42/100 brn|[from] ability: Hospitality|[of] p1a: Sinistcha\n|turn|4\n|\n|t:|1776655627\n|move|p2b: Basculegion|Aqua Jet|p1b: Alakazam\n|-damage|p1b: Alakazam|0 fnt\n|faint|p1b: Alakazam\n|move|p2a: Delphox|Heat Wave|p1a: Sinistcha\n|-supereffective|p1a: Sinistcha|1\n|-damage|p1a: Sinistcha|49/100\n|-enditem|p1a: Sinistcha|Sitrus Berry|[eat]\n|-heal|p1a: Sinistcha|74/100|[from] item: Sitrus Berry\n|move|p1a: Sinistcha|Trick Room|p1a: Sinistcha\n|-fieldstart|move: Trick Room|[of] p1a: Sinistcha\n|\n|-weather|RainDance|[upkeep]\n|upkeep\n|turn|5\n|\n|t:|1776655640\n|move|p2b: Basculegion|Aqua Jet|p1a: Sinistcha\n|-resisted|p1a: Sinistcha|1\n|-damage|p1a: Sinistcha|53/100\n|move|p1a: Sinistcha|Matcha Gotcha|p2a: Delphox|[spread] p2a,p2b\n|-resisted|p2a: Delphox|1\n|-activate|p2a: Delphox|move: Substitute|[damage]\n|-heal|p1a: Sinistcha|58/100|[from] drain|[of] p2a: Delphox\n|-supereffective|p2b: Basculegion|1\n|-damage|p2b: Basculegion|42/100\n|-heal|p1a: Sinistcha|90/100|[from] drain|[of] p2b: Basculegion\n|move|p2a: Delphox|Heat Wave|p1a: Sinistcha\n|-supereffective|p1a: Sinistcha|1\n|-damage|p1a: Sinistcha|42/100\n|\n|-weather|RainDance|[upkeep]\n|upkeep\n|turn|6\n|\n|t:|1776655655\n|switch|p2b: Clefable|Clefable, L50, M|100/100\n|move|p1a: Sinistcha|Matcha Gotcha|p2b: Clefable|[spread] p2a,p2b\n|-resisted|p2a: Delphox|1\n|-activate|p2a: Delphox|move: Substitute|[damage]\n|-heal|p1a: Sinistcha|47/100|[from] drain|[of] p2a: Delphox\n|-damage|p2b: Clefable|77/100\n|-heal|p1a: Sinistcha|60/100|[from] drain|[of] p2b: Clefable\n|move|p2a: Delphox|Heat Wave|p1a: Sinistcha\n|-supereffective|p1a: Sinistcha|1\n|-damage|p1a: Sinistcha|12/100\n|\n|-weather|RainDance|[upkeep]\n|upkeep\n|turn|7\n|\n|t:|1776655672\n|move|p2b: Clefable|Moonblast|p1a: Sinistcha\n|-damage|p1a: Sinistcha|0 fnt\n|faint|p1a: Sinistcha\n|\n|win|henitusec\n|raw|aukrizm's rating: 1133 &rarr; <strong>1106</strong><br />(-27 for losing)\n|raw|henitusec's rating: 1101 &rarr; <strong>1128</strong><br />(+27 for winning)\n",
  "uploadtime": 1776655675,
  "views": 4,
  "formatid": "gen9championsvgc2026regma",
  "rating": 1106,
  "private": 0,
  "password": null
}