{
  "id": "gen9championsvgc2026regma-2587094343",
  "format": "[Gen 9 Champions] VGC 2026 Reg M-A",
  "players": [
    "cynbeballin",
    "burning flame x"
  ],
  "log": "|j|\u2606cynbeballin\n|j|\u2606burning flame x\n|t:|1776492557\n|gametype|doubles\n|player|p1|cynbeballin|265|1000\n|player|p2|burning flame x|hilbert|1029\n|gen|9\n|tier|[Gen 9 Champions] VGC 2026 Reg M-A\n|rated|\n|rule|Species Clause: Limit one of each Pok\u00e9mon\n|rule|Item Clause: Limit 1 of each item\n|clearpoke\n|poke|p1|Crabominable, L50, M|\n|poke|p1|Hatterene, L50, F|\n|poke|p1|Clefable, L50, F|\n|poke|p1|Avalugg, L50, F|\n|poke|p1|Slowking-Galar, L50, M|\n|poke|p1|Maushold-Four, L50|\n|poke|p2|Gengar, L50, M|\n|poke|p2|Maushold, L50|\n|poke|p2|Kingambit, L50, M|\n|poke|p2|Gardevoir, L50, F|\n|poke|p2|Garchomp, L50, F|\n|poke|p2|Incineroar, L50, M|\n|teampreview|4\n|inactive|Battle timer is ON: inactive players will automatically lose when time's up. (requested by burning flame x)\nburning flame x rejected open team sheets.\n|\n|t:|1776492574\n|teamsize|p1|4\n|teamsize|p2|4\n|start\n|switch|p1a: Slowking|Slowking-Galar, L50, M|100/100\n|switch|p1b: Clefable|Clefable, L50, F|100/100\n|switch|p2a: Incineroar|Incineroar, L50, M|100/100\n|switch|p2b: Gengar|Gengar, L50, M|100/100\n|-ability|p2a: Incineroar|Intimidate|boost\n|-unboost|p1a: Slowking|atk|1\n|-unboost|p1b: Clefable|atk|1\n|turn|1\n|\n|t:|1776492590\n|detailschange|p2b: Gengar|Gengar-Mega, L50, M\n|-mega|p2b: Gengar|Gengar|Gengarite\n|move|p2a: Incineroar|Fake Out|p1b: Clefable\n|-damage|p1b: Clefable|91/100\n|cant|p1b: Clefable|flinch\n|move|p2b: Gengar|Shadow Ball|p1a: Slowking\n|-supereffective|p1a: Slowking|1\n|-damage|p1a: Slowking|17/100\n|move|p1a: Slowking|Trick Room|p1a: Slowking\n|-fieldstart|move: Trick Room|[of] p1a: Slowking\n|\n|upkeep\n|turn|2\n|\n|t:|1776492602\n|move|p2b: Gengar|Protect|p2b: Gengar\n|-singleturn|p2b: Gengar|Protect\n|move|p1b: Clefable|Follow Me|p1b: Clefable\n|-singleturn|p1b: Clefable|move: Follow Me\n|-prepare|p1a: Slowking|Chilly Reception|[premajor]\n|move|p1a: Slowking|Chilly Reception|p1a: Slowking\n|-weather|Snowscape\n|\n|t:|1776492609\n|switch|p1a: Avalugg|Avalugg, L50, F|100/100|[from] Chilly Reception\n|move|p2a: Incineroar|Darkest Lariat|p1b: Clefable\n|-resisted|p1b: Clefable|1\n|-damage|p1b: Clefable|78/100\n|\n|-weather|Snowscape|[upkeep]\n|upkeep\n|turn|3\n|inactive|cynbeballin has 30 seconds left.\n|inactive|cynbeballin has 20 seconds left.\n|\n|t:|1776492644\n|switch|p2b: Kingambit|Kingambit, L50, M|100/100\n|move|p1a: Avalugg|Aurora Veil|p1a: Avalugg\n|-sidestart|p1: cynbeballin|move: Aurora Veil\n|move|p1b: Clefable|Healing Wish|p1b: Clefable\n|faint|p1b: Clefable\n|move|p2a: Incineroar|Parting Shot|p1a: Avalugg\n|-unboost|p1a: Avalugg|atk|1\n|-unboost|p1a: Avalugg|spa|1\n|\n|t:|1776492661\n|switch|p2a: Garchomp|Garchomp, L50, F|100/100|[from] Parting Shot\n|\n|-weather|Snowscape|[upkeep]\n|upkeep\n|\n|t:|1776492664\n|switch|p1b: Crabominable|Crabominable, L50, M|100/100\n|turn|4\n|\n|t:|1776492678\n|move|p1a: Avalugg|Frost Breath|p1b: Crabominable\n|-resisted|p1b: Crabominable|1\n|-crit|p1b: Crabominable\n|-damage|p1b: Crabominable|90/100\n|-setboost|p1b: Crabominable|atk|6|[from] ability: Anger Point\n|move|p1b: Crabominable|Earthquake|p2b: Kingambit|[spread] p1a,p2a,p2b\n|-supereffective|p2b: Kingambit|1\n|-damage|p1a: Avalugg|76/100\n|-damage|p2a: Garchomp|0 fnt\n|-damage|p2b: Kingambit|0 fnt\n|faint|p2a: Garchomp\n|faint|p2b: Kingambit\n|\n|-weather|Snowscape|[upkeep]\n|upkeep\n|\n|t:|1776492689\n|switch|p2b: Incineroar|Incineroar, L50, M|100/100\n|switch|p2a: Gengar|Gengar-Mega, L50, M|100/100\n|-ability|p2b: Incineroar|Intimidate|boost\n|-unboost|p1a: Avalugg|atk|1\n|-unboost|p1b: Crabominable|atk|1\n|turn|5\n|\n|t:|1776492707\n|detailschange|p1b: Crabominable|Crabominable-Mega, L50, M\n|-mega|p1b: Crabominable|Crabominable|Crabominite\n|move|p2b: Incineroar|Fake Out|p1b: Crabominable\n|-damage|p1b: Crabominable|85/100\n|cant|p1b: Crabominable|flinch\n|move|p1a: Avalugg|Frost Breath|p1b: Crabominable\n|-resisted|p1b: Crabominable|1\n|-crit|p1b: Crabominable\n|-damage|p1b: Crabominable|78/100\n|move|p2a: Gengar|Shadow Ball|p1b: Crabominable\n|-damage|p1b: Crabominable|51/100\n|-unboost|p1b: Crabominable|spd|1\n|\n|-weather|Snowscape|[upkeep]\n|-fieldend|move: Trick Room\n|upkeep\n|turn|6\n|-message|burning flame x forfeited.\n|\n|win|cynbeballin\n|raw|cynbeballin's rating: 1000 &rarr; <strong>1043</strong><br />(+43 for winning)\n|raw|burning flame x's rating: 1029 &rarr; <strong>1013</strong><br />(-16 for losing)\n|l|\u2606burning flame x\n|player|p2|\n",
  "uploadtime": 1776492723,
  "views": 21,
  "formatid": "gen9championsvgc2026regma",
  "rating": 1013,
  "private": 0,
  "password": null
}