{
  "id": "gen9championsvgc2026regma-2588439733",
  "format": "[Gen 9 Champions] VGC 2026 Reg M-A",
  "players": [
    "AlejoArgento",
    "5gig"
  ],
  "log": "|j|\u2606AlejoArgento\n|j|\u26065gig\n|t:|1776633678\n|gametype|doubles\n|player|p1|AlejoArgento|gambler|1000\n|player|p2|5gig|1|1035\n|gen|9\n|tier|[Gen 9 Champions] VGC 2026 Reg M-A\n|rated|\n|rule|Species Clause: Limit one of each Pok\u00e9mon\n|rule|Item Clause: Limit 1 of each item\n|clearpoke\n|poke|p1|Chimecho, L50, M, shiny|\n|poke|p1|Snorlax, L50, M|\n|poke|p1|Incineroar, L50, M|\n|poke|p1|Sinistcha, L50|\n|poke|p1|Milotic, L50, F|\n|poke|p1|Pelipper, L50, F|\n|poke|p2|Gengar, L50, F, shiny|\n|poke|p2|Whimsicott, L50, F|\n|poke|p2|Volcarona, L50, F|\n|poke|p2|Klefki, L50, F|\n|poke|p2|Garchomp, L50, M|\n|poke|p2|Kingambit, L50, F|\n|teampreview|4\n|inactive|Battle timer is ON: inactive players will automatically lose when time's up. (requested by AlejoArgento)\n|inactive|5gig has 60 seconds left.\n|\n|t:|1776633726\n|teamsize|p1|4\n|teamsize|p2|4\n|start\n|switch|p1a: BIG-S|Snorlax, L50, M|100/100\n|switch|p1b: dumb cat|Incineroar, L50, M|100/100\n|switch|p2a: Gengar|Gengar, L50, F, shiny|100/100\n|switch|p2b: Whimsicott|Whimsicott, L50, F|100/100\n|-ability|p1b: dumb cat|Intimidate|boost\n|-unboost|p2a: Gengar|atk|1\n|-unboost|p2b: Whimsicott|atk|1\n|turn|1\n|inactive|5gig has 30 seconds left.\n|inactive|5gig has 20 seconds left.\n|inactive|5gig has 15 seconds left.\n|inactive|5gig has 10 seconds left.\n|inactive|5gig has 5 seconds left.\n|\n|t:|1776633777\n|move|p2b: Whimsicott|Protect|p2b: Whimsicott\n|-singleturn|p2b: Whimsicott|Protect\n|move|p2a: Gengar|Disable||[still]\n|-fail|p2a: Gengar\n|move|p1b: dumb cat|Flare Blitz|p2b: Whimsicott\n|-activate|p2b: Whimsicott|move: Protect\n|move|p1a: BIG-S|Belly Drum|p1a: BIG-S\n|-damage|p1a: BIG-S|51/100\n|-setboost|p1a: BIG-S|atk|6|[from] move: Belly Drum\n|\n|upkeep\n|turn|2\n|\n|t:|1776633801\n|switch|p1b: Caldito|Sinistcha, L50|100/100\n|-heal|p1a: BIG-S|75/100|[from] ability: Hospitality|[of] p1b: Caldito\n|move|p1a: BIG-S|Protect|p1a: BIG-S\n|-singleturn|p1a: BIG-S|Protect\n|move|p2b: Whimsicott|Encore|p1a: BIG-S\n|-activate|p1a: BIG-S|move: Protect\n|move|p2a: Gengar|Disable|p1a: BIG-S\n|-activate|p1a: BIG-S|move: Protect\n|\n|upkeep\n|turn|3\n|\n|t:|1776633817\n|move|p1b: Caldito|Rage Powder|p1b: Caldito\n|-singleturn|p1b: Caldito|move: Rage Powder\n|move|p2b: Whimsicott|Encore|p1a: BIG-S\n|-start|p1a: BIG-S|Encore\n|move|p1a: BIG-S|Protect|p1a: BIG-S\n|-singleturn|p1a: BIG-S|Protect\n|move|p2a: Gengar|Disable|p1b: Caldito\n|-start|p1b: Caldito|Disable|Rage Powder\n|\n|upkeep\n|turn|4\n|\n|t:|1776633830\n|move|p1a: BIG-S|Protect||[still]\n|-fail|p1a: BIG-S\n|move|p2b: Whimsicott|Encore|p1b: Caldito\n|-start|p1b: Caldito|Encore\n|cant|p1b: Caldito|Disable|Rage Powder\n|move|p2a: Gengar|Disable|p1a: BIG-S\n|-start|p1a: BIG-S|Disable|Protect\n|\n|upkeep\n|turn|5\n|c|\u2606AlejoArgento|oh\n|c|\u2606AlejoArgento|gg\n|\n|t:|1776633854\n|switch|p1b: Viborita Vivaracha|Milotic, L50, F|100/100\n|switch|p1a: dumb cat|Incineroar, L50, M|100/100\n|-ability|p1a: dumb cat|Intimidate|boost\n|-unboost|p2a: Gengar|atk|1\n|-unboost|p2b: Whimsicott|atk|1\n|detailschange|p2a: Gengar|Gengar-Mega, L50, F, shiny\n|-mega|p2a: Gengar|Gengar|Gengarite\n|move|p2b: Whimsicott|Tailwind|p2b: Whimsicott\n|-sidestart|p2: 5gig|move: Tailwind\n|move|p2a: Gengar|Shadow Ball|p1b: Viborita Vivaracha\n|-damage|p1b: Viborita Vivaracha|58/100\n|\n|upkeep\n|turn|6\n|inactive|5gig has 30 seconds left.\n|inactive|AlejoArgento has 30 seconds left.\n|inactive|5gig has 20 seconds left.\n|inactive|5gig has 15 seconds left.\n|inactive|5gig has 10 seconds left.\n|\n|t:|1776633900\n|move|p1a: dumb cat|Fake Out|p2b: Whimsicott\n|-damage|p2b: Whimsicott|81/100\n|move|p2a: Gengar|Energy Ball|p1b: Viborita Vivaracha\n|-supereffective|p1b: Viborita Vivaracha|1\n|-crit|p1b: Viborita Vivaracha\n|-damage|p1b: Viborita Vivaracha|0 fnt\n|faint|p1b: Viborita Vivaracha\n|cant|p2b: Whimsicott|flinch\n|\n|upkeep\n|\n|t:|1776633914\n|switch|p1b: Caldito|Sinistcha, L50|100/100\n|turn|7\n|\n|t:|1776633923\n|move|p2b: Whimsicott|Encore|p1a: dumb cat\n|-hint|Since gen 7, Dark is immune to Prankster moves.\n|-immune|p1a: dumb cat\n|move|p2a: Gengar|Shadow Ball|p1b: Caldito\n|-supereffective|p1b: Caldito|1\n|-damage|p1b: Caldito|0 fnt\n|faint|p1b: Caldito\n|move|p1a: dumb cat|Flare Blitz|p2b: Whimsicott\n|-supereffective|p2b: Whimsicott|1\n|-damage|p2b: Whimsicott|0 fnt\n|faint|p2b: Whimsicott\n|-damage|p1a: dumb cat|79/100|[from] Recoil\n|\n|upkeep\n|\n|t:|1776633946\n|switch|p2b: Klefki|Klefki, L50, F|100/100\n|switch|p1b: BIG-S|Snorlax, L50, M|75/100\n|turn|8\n|inactive|5gig has 30 seconds left.\n|\n|t:|1776633978\n|move|p2b: Klefki|Thunder Wave|p1a: dumb cat\n|-hint|Since gen 7, Dark is immune to Prankster moves.\n|-immune|p1a: dumb cat\n|move|p2a: Gengar|Energy Ball|p1b: BIG-S\n|-damage|p1b: BIG-S|52/100\n|move|p1a: dumb cat|Flare Blitz|p2b: Klefki\n|-supereffective|p2b: Klefki|1\n|-damage|p2b: Klefki|0 fnt\n|faint|p2b: Klefki\n|-damage|p1a: dumb cat|50/100|[from] Recoil\n|move|p1b: BIG-S|High Horsepower|p2a: Gengar\n|-supereffective|p2a: Gengar|1\n|-damage|p2a: Gengar|7/100\n|\n|-sideend|p2: 5gig|move: Tailwind\n|upkeep\n|\n|t:|1776633985\n|switch|p2b: Kingambit|Kingambit, L50, F|100/100\n|turn|9\n|\n|t:|1776634004\n|move|p2a: Gengar|Protect|p2a: Gengar\n|-singleturn|p2a: Gengar|Protect\n|move|p2b: Kingambit|Kowtow Cleave|p1b: BIG-S\n|-damage|p1b: BIG-S|0 fnt\n|faint|p1b: BIG-S\n|move|p1a: dumb cat|Snarl|p2b: Kingambit|[spread] p2b\n|-activate|p2a: Gengar|move: Protect\n|-resisted|p2b: Kingambit|1\n|-damage|p2b: Kingambit|94/100\n|-unboost|p2b: Kingambit|spa|1\n|-ability|p2b: Kingambit|Defiant|boost\n|-boost|p2b: Kingambit|atk|2\n|\n|upkeep\n|turn|10\n|inactive|5gig has 30 seconds left.\n|\n|t:|1776634033\n|move|p2a: Gengar|Shadow Ball|p1a: dumb cat\n|-resisted|p1a: dumb cat|1\n|-damage|p1a: dumb cat|19/100\n|-unboost|p1a: dumb cat|spd|1\n|move|p2b: Kingambit|Kowtow Cleave|p1a: dumb cat\n|-resisted|p1a: dumb cat|1\n|-crit|p1a: dumb cat\n|-damage|p1a: dumb cat|0 fnt\n|faint|p1a: dumb cat\n|\n|win|5gig\n|raw|AlejoArgento's rating: 1000 &rarr; <strong>1000</strong><br />(+0 for losing)\n|raw|5gig's rating: 1035 &rarr; <strong>1066</strong><br />(+31 for winning)\n|l|\u2606AlejoArgento\n|player|p1|\n",
  "uploadtime": 1776634085,
  "views": 25,
  "formatid": "gen9championsvgc2026regma",
  "rating": 1000,
  "private": 0,
  "password": null
}