{
  "id": "gen9championsvgc2026regma-2588799900",
  "format": "[Gen 9 Champions] VGC 2026 Reg M-A",
  "players": [
    "Crash0utVGC",
    "Ginkotoni"
  ],
  "log": "|j|\u2606Crash0utVGC\n|j|\u2606Ginkotoni\n|t:|1776672372\n|gametype|doubles\n|player|p1|Crash0utVGC|colress|1199\n|player|p2|Ginkotoni|flannery|1185\n|gen|9\n|tier|[Gen 9 Champions] VGC 2026 Reg M-A\n|rated|\n|rule|Species Clause: Limit one of each Pok\u00e9mon\n|rule|Item Clause: Limit 1 of each item\n|clearpoke\n|poke|p1|Charizard, L50, M|\n|poke|p1|Sinistcha-Masterpiece, L50|\n|poke|p1|Tyranitar, L50, F, shiny|\n|poke|p1|Incineroar, L50, M|\n|poke|p1|Milotic, L50, F, shiny|\n|poke|p1|Sneasler, L50, M, shiny|\n|poke|p2|Meganium, L50, M|\n|poke|p2|Aerodactyl, L50, M, shiny|\n|poke|p2|Farigiraf, L50, F, shiny|\n|poke|p2|Gyarados, L50, M, shiny|\n|poke|p2|Sneasler, L50, M|\n|poke|p2|Garchomp, L50, F|\n|teampreview|4\n|inactive|Battle timer is ON: inactive players will automatically lose when time's up. (requested by Crash0utVGC)\n|inactive|Ginkotoni has 60 seconds left.\n|\n|t:|1776672450\n|teamsize|p1|4\n|teamsize|p2|4\n|start\n|switch|p1a: Charizard|Charizard, L50, M|100/100\n|switch|p1b: Milotic|Milotic, L50, F, shiny|100/100\n|switch|p2a: Aerodactyl|Aerodactyl, L50, M, shiny|100/100\n|switch|p2b: Sneasler|Sneasler, L50, M|100/100\n|-ability|p2a: Aerodactyl|Unnerve\n|turn|1\n|inactive|Ginkotoni has 30 seconds left.\n|\n|t:|1776672477\n|detailschange|p1a: Charizard|Charizard-Mega-X, L50, M\n|-mega|p1a: Charizard|Charizard|Charizardite X\n|move|p2b: Sneasler|Fake Out|p1b: Milotic\n|-damage|p1b: Milotic|83/100\n|move|p2a: Aerodactyl|Rock Slide|p1a: Charizard|[spread] p1a,p1b\n|-supereffective|p1a: Charizard|1\n|-damage|p1a: Charizard|51/100\n|-damage|p1b: Milotic|58/100\n|move|p1a: Charizard|Breaking Swipe|p2a: Aerodactyl|[spread] p2a,p2b\n|-damage|p2a: Aerodactyl|52/100\n|-damage|p2b: Sneasler|61/100\n|-unboost|p2a: Aerodactyl|atk|1\n|-unboost|p2b: Sneasler|atk|1\n|-enditem|p2b: Sneasler|White Herb\n|-clearnegativeboost|p2b: Sneasler|[silent]\n|cant|p1b: Milotic|flinch\n|\n|-heal|p1b: Milotic|64/100|[from] item: Leftovers\n|upkeep\n|turn|2\n|inactive|Ginkotoni has 30 seconds left.\n|inactive|Ginkotoni has 20 seconds left.\n|inactive|Ginkotoni has 15 seconds left.\n|\n|t:|1776672522\n|switch|p1a: Sinistcha|Sinistcha-Masterpiece, L50|100/100\n|-heal|p1b: Milotic|89/100|[from] ability: Hospitality|[of] p1a: Sinistcha\n|move|p2b: Sneasler|Dire Claw|p1a: Sinistcha\n|-damage|p1a: Sinistcha|65/100\n|move|p2a: Aerodactyl|Rock Slide|p1a: Sinistcha|[spread] p1a,p1b\n|-damage|p1a: Sinistcha|53/100\n|-damage|p1b: Milotic|69/100\n|move|p1b: Milotic|Icy Wind|p2a: Aerodactyl|[spread] p2a,p2b\n|-supereffective|p2a: Aerodactyl|1\n|-damage|p2a: Aerodactyl|19/100\n|-damage|p2b: Sneasler|45/100\n|-unboost|p2a: Aerodactyl|spe|1\n|-unboost|p2b: Sneasler|spe|1\n|\n|-heal|p1b: Milotic|75/100|[from] item: Leftovers\n|upkeep\n|turn|3\n|inactive|Ginkotoni has 30 seconds left.\n|inactive|Ginkotoni has 20 seconds left.\n|inactive|Ginkotoni has 15 seconds left.\n|inactive|Ginkotoni has 10 seconds left.\n|\n|t:|1776672568\n|switch|p1a: Incineroar|Incineroar, L50, M|100/100\n|-ability|p1a: Incineroar|Intimidate|boost\n|-unboost|p2a: Aerodactyl|atk|1\n|-unboost|p2b: Sneasler|atk|1\n|move|p2b: Sneasler|Dire Claw|p1b: Milotic\n|-damage|p1b: Milotic|43/100\n|move|p2a: Aerodactyl|Dual Wingbeat|p1a: Incineroar\n|-damage|p1a: Incineroar|90/100\n|-damage|p1a: Incineroar|82/100\n|-hitcount|p1a: Incineroar|2\n|move|p1b: Milotic|Icy Wind|p2b: Sneasler|[spread] p2a,p2b\n|-supereffective|p2a: Aerodactyl|1\n|-damage|p2a: Aerodactyl|0 fnt\n|-damage|p2b: Sneasler|31/100\n|-unboost|p2b: Sneasler|spe|1\n|faint|p2a: Aerodactyl\n|\n|-heal|p1b: Milotic|49/100|[from] item: Leftovers\n|upkeep\n|inactive|Ginkotoni has 30 seconds left.\n|inactive|Ginkotoni has 20 seconds left.\n|inactive|Ginkotoni has 15 seconds left.\n|inactive|Ginkotoni has 10 seconds left.\n|\n|t:|1776672615\n|switch|p2a: Farigiraf|Farigiraf, L50, F, shiny|100/100\n|turn|4\n|\n|t:|1776672623\n|switch|p1a: Sinistcha|Sinistcha-Masterpiece, L50|53/100\n|-heal|p1b: Milotic|73/100|[from] ability: Hospitality|[of] p1a: Sinistcha\n|move|p2a: Farigiraf|Protect|p2a: Farigiraf\n|-singleturn|p2a: Farigiraf|Protect\n|move|p2b: Sneasler|Close Combat|p1a: Sinistcha\n|-immune|p1a: Sinistcha\n|move|p1b: Milotic|Life Dew|p1b: Milotic|[spread] p1a,p1b\n|-heal|p1a: Sinistcha|78/100\n|-heal|p1b: Milotic|99/100\n|\n|-heal|p1b: Milotic|100/100|[from] item: Leftovers\n|upkeep\n|turn|5\n|\n|t:|1776672647\n|move|p2b: Sneasler|Dire Claw|p1b: Milotic\n|-damage|p1b: Milotic|67/100\n|move|p1b: Milotic|Scald|p2a: Farigiraf\n|-damage|p2a: Farigiraf|73/100\n|move|p1a: Sinistcha|Matcha Gotcha|p2b: Sneasler|[spread] p2a,p2b\n|-resisted|p2b: Sneasler|1\n|-damage|p2a: Farigiraf|50/100\n|-heal|p1a: Sinistcha|93/100|[from] drain|[of] p2a: Farigiraf\n|-damage|p2b: Sneasler|16/100\n|-heal|p1a: Sinistcha|99/100|[from] drain|[of] p2b: Sneasler\n|-status|p2b: Sneasler|brn\n|move|p2a: Farigiraf|Psychic|p1b: Milotic\n|-crit|p1b: Milotic\n|-damage|p1b: Milotic|30/100\n|\n|-heal|p1b: Milotic|36/100|[from] item: Leftovers\n|-damage|p2b: Sneasler|11/100 brn|[from] brn\n|upkeep\n|turn|6\n|inactive|Ginkotoni has 30 seconds left.\n|\n|t:|1776672674\n|switch|p2b: Meganium|Meganium, L50, M|100/100\n|move|p1b: Milotic|Protect|p1b: Milotic\n|-singleturn|p1b: Milotic|Protect\n|move|p2a: Farigiraf|Protect|p2a: Farigiraf\n|-singleturn|p2a: Farigiraf|Protect\n|move|p1a: Sinistcha|Life Dew|p1a: Sinistcha|[spread] p1a,p1b\n|-heal|p1a: Sinistcha|100/100\n|-heal|p1b: Milotic|61/100\n|\n|-heal|p1b: Milotic|67/100|[from] item: Leftovers\n|upkeep\n|turn|7\n|inactive|Ginkotoni has 30 seconds left.\n|inactive|Ginkotoni has 20 seconds left.\n|inactive|Ginkotoni has 15 seconds left.\n|\n|t:|1776672715\n|switch|p1a: Incineroar|Incineroar, L50, M|82/100\n|-ability|p1a: Incineroar|Intimidate|boost\n|-unboost|p2a: Farigiraf|atk|1\n|-unboost|p2b: Meganium|atk|1\n|detailschange|p2b: Meganium|Meganium-Mega, L50, M\n|-mega|p2b: Meganium|Meganium|Meganiumite\n|move|p1b: Milotic|Icy Wind|p2b: Meganium|[spread] p2a,p2b\n|-supereffective|p2b: Meganium|1\n|-damage|p2a: Farigiraf|40/100\n|-damage|p2b: Meganium|80/100\n|-unboost|p2a: Farigiraf|spe|1\n|-unboost|p2b: Meganium|spe|1\n|move|p2b: Meganium|Weather Ball|p1a: Incineroar\n|-resisted|p1a: Incineroar|1\n|-damage|p1a: Incineroar|54/100\n|move|p2a: Farigiraf|Psychic|p1b: Milotic\n|-damage|p1b: Milotic|43/100\n|\n|-heal|p1b: Milotic|49/100|[from] item: Leftovers\n|upkeep\n|turn|8\n|\n|t:|1776672740\n|move|p2b: Meganium|Protect|p2b: Meganium\n|-singleturn|p2b: Meganium|Protect\n|move|p1b: Milotic|Life Dew|p1b: Milotic|[spread] p1a,p1b\n|-heal|p1a: Incineroar|80/100\n|-heal|p1b: Milotic|74/100\n|move|p1a: Incineroar|Darkest Lariat|p2a: Farigiraf\n|-supereffective|p2a: Farigiraf|1\n|-damage|p2a: Farigiraf|0 fnt\n|faint|p2a: Farigiraf\n|\n|-heal|p1b: Milotic|80/100|[from] item: Leftovers\n|upkeep\n|\n|t:|1776672751\n|switch|p2a: Sneasler|Sneasler, L50, M|11/100 brn\n|turn|9\n|\n|t:|1776672765\n|move|p2a: Sneasler|Fake Out|p1a: Incineroar\n|-damage|p1a: Incineroar|73/100\n|move|p1b: Milotic|Icy Wind|p2a: Sneasler|[spread] p2a,p2b\n|-supereffective|p2b: Meganium|1\n|-damage|p2a: Sneasler|0 fnt\n|-damage|p2b: Meganium|60/100\n|-unboost|p2b: Meganium|spe|1\n|faint|p2a: Sneasler\n|cant|p1a: Incineroar|flinch\n|move|p2b: Meganium|Solar Beam||[still]\n|-prepare|p2b: Meganium|Solar Beam\n|-activate|p2b: Meganium|ability: Mega Sol\n|-anim|p2b: Meganium|Solar Beam|p1b: Milotic\n|-supereffective|p1b: Milotic|1\n|-damage|p1b: Milotic|0 fnt\n|faint|p1b: Milotic\n|\n|upkeep\n|\n|t:|1776672768\n|switch|p1b: Charizard|Charizard-Mega-X, L50, M|51/100\n|turn|10\n|\n|t:|1776672785\n|move|p1b: Charizard|Flare Blitz|p2b: Meganium\n|-supereffective|p2b: Meganium|1\n|-damage|p2b: Meganium|0 fnt\n|faint|p2b: Meganium\n|-damage|p1b: Charizard|30/100|[from] Recoil\n|\n|win|Crash0utVGC\n|raw|Crash0utVGC's rating: 1199 &rarr; <strong>1223</strong><br />(+24 for winning)\n|raw|Ginkotoni's rating: 1185 &rarr; <strong>1161</strong><br />(-24 for losing)\n",
  "uploadtime": 1776672785,
  "views": 9,
  "formatid": "gen9championsvgc2026regma",
  "rating": 1161,
  "private": 0,
  "password": null
}