{
  "id": "gen9championsvgc2026regma-2583976597",
  "format": "[Gen 9 Champions] VGC 2026 Reg M-A",
  "players": [
    "JoaDreigon",
    "davvoo"
  ],
  "log": "|j|\u2606JoaDreigon\n|j|\u203ddavvoo\n|t:|1776213469\n|gametype|doubles\n|player|p1|JoaDreigon|pokemaniac|1205\n|player|p2|davvoo|2|1132\n|gen|9\n|tier|[Gen 9 Champions] VGC 2026 Reg M-A\n|rated|\n|rule|Species Clause: Limit one of each Pok\u00e9mon\n|rule|Item Clause: Limit 1 of each item\n|clearpoke\n|poke|p1|Farigiraf, L50, F|\n|poke|p1|Incineroar, L50, F|\n|poke|p1|Torkoal, L50, M|\n|poke|p1|Crabominable, L50, M|\n|poke|p1|Basculegion, L50, M|\n|poke|p1|Ninetales-Alola, L50, F|\n|poke|p2|Gengar, L50, F|\n|poke|p2|Basculegion, L50, M|\n|poke|p2|Whimsicott, L50, F|\n|poke|p2|Sneasler, L50, M|\n|poke|p2|Garchomp, L50, F|\n|poke|p2|Kingambit, L50, F|\n|teampreview|4\n|\n|t:|1776213523\n|teamsize|p1|4\n|teamsize|p2|4\n|start\n|switch|p1a: Crabominable|Crabominable, L50, M|100/100\n|switch|p1b: Farigiraf|Farigiraf, L50, F|100/100\n|switch|p2a: Gengar|Gengar, L50, F|100/100\n|switch|p2b: Kingambit|Kingambit, L50, F|100/100\n|turn|1\n|inactive|Battle timer is ON: inactive players will automatically lose when time's up. (requested by JoaDreigon)\n|\n|t:|1776213563\n|detailschange|p2a: Gengar|Gengar-Mega, L50, F\n|-mega|p2a: Gengar|Gengar|Gengarite\n|detailschange|p1a: Crabominable|Crabominable-Mega, L50, M\n|-mega|p1a: Crabominable|Crabominable|Crabominite\n|move|p1a: Crabominable|Mach Punch|p2b: Kingambit\n|-supereffective|p2b: Kingambit|2\n|-enditem|p2b: Kingambit|Chople Berry|[eat]\n|-enditem|p2b: Kingambit|Chople Berry|[weaken]\n|-damage|p2b: Kingambit|51/100\n|move|p2a: Gengar|Perish Song|p2a: Gengar\n|-start|p1a: Crabominable|perish3|[silent]\n|-start|p1b: Farigiraf|perish3|[silent]\n|-start|p2a: Gengar|perish3|[silent]\n|-start|p2b: Kingambit|perish3|[silent]\n|-fieldactivate|move: Perish Song\n|move|p2b: Kingambit|Kowtow Cleave|p1b: Farigiraf\n|-supereffective|p1b: Farigiraf|1\n|-damage|p1b: Farigiraf|28/100\n|-enditem|p1b: Farigiraf|Sitrus Berry|[eat]\n|-heal|p1b: Farigiraf|53/100|[from] item: Sitrus Berry\n|move|p1b: Farigiraf|Trick Room|p1b: Farigiraf\n|-fieldstart|move: Trick Room|[of] p1b: Farigiraf\n|\n|-start|p1a: Crabominable|perish3\n|-start|p2b: Kingambit|perish3\n|-start|p1b: Farigiraf|perish3\n|-start|p2a: Gengar|perish3\n|upkeep\n|turn|2\n|\n|t:|1776213583\n|switch|p2b: Basculegion|Basculegion, L50, M|100/100\n|move|p2a: Gengar|Protect|p2a: Gengar\n|-singleturn|p2a: Gengar|Protect\n|move|p1a: Crabominable|Mach Punch|p2b: Basculegion\n|-immune|p2b: Basculegion\n|move|p1b: Farigiraf|Twin Beam|p2a: Gengar\n|-activate|p2a: Gengar|move: Protect\n|\n|-start|p1a: Crabominable|perish2\n|-start|p1b: Farigiraf|perish2\n|-start|p2a: Gengar|perish2\n|upkeep\n|turn|3\n|\n|t:|1776213607\n|switch|p2a: Kingambit|Kingambit, L50, F|51/100\n|move|p1a: Crabominable|Ice Hammer|p2a: Kingambit\n|-resisted|p2a: Kingambit|1\n|-damage|p2a: Kingambit|22/100\n|-unboost|p1a: Crabominable|spe|1\n|move|p1b: Farigiraf|Twin Beam|p2a: Kingambit\n|-immune|p2a: Kingambit\n|move|p2b: Basculegion|Flip Turn|p1b: Farigiraf\n|-damage|p1b: Farigiraf|26/100\n|\n|t:|1776213618\n|switch|p2b: Gengar|Gengar-Mega, L50, F|100/100|[from] Flip Turn\n|\n|-start|p1a: Crabominable|perish1\n|-start|p1b: Farigiraf|perish1\n|upkeep\n|turn|4\n|\n|t:|1776213632\n|move|p2a: Kingambit|Protect|p2a: Kingambit\n|-singleturn|p2a: Kingambit|Protect\n|move|p2b: Gengar|Protect|p2b: Gengar\n|-singleturn|p2b: Gengar|Protect\n|move|p1a: Crabominable|Mach Punch|p2a: Kingambit\n|-activate|p2a: Kingambit|move: Protect\n|move|p1b: Farigiraf|Twin Beam|p2b: Gengar\n|-activate|p2b: Gengar|move: Protect\n|\n|-start|p1a: Crabominable|perish0\n|-start|p1b: Farigiraf|perish0\n|faint|p1a: Crabominable\n|faint|p1b: Farigiraf\n|upkeep\n|\n|t:|1776213636\n|switch|p1a: Torkoal|Torkoal, L50, M|100/100\n|switch|p1b: Ninetales|Ninetales-Alola, L50, F|100/100\n|-weather|SunnyDay|[from] ability: Drought|[of] p1a: Torkoal\n|-weather|Snowscape|[from] ability: Snow Warning|[of] p1b: Ninetales\n|turn|5\n|inactive|davvoo has 30 seconds left.\n|\n|t:|1776213668\n|move|p2a: Kingambit|Sucker Punch|p1a: Torkoal\n|-damage|p1a: Torkoal|68/100\n|move|p1a: Torkoal|Eruption|p2a: Kingambit|[spread] p2a,p2b\n|-supereffective|p2a: Kingambit|1\n|-damage|p2a: Kingambit|0 fnt\n|-damage|p2b: Gengar|46/100\n|faint|p2a: Kingambit\n|move|p1b: Ninetales|Blizzard|p2b: Gengar\n|-damage|p2b: Gengar|0 fnt\n|faint|p2b: Gengar\n|\n|-weather|Snowscape|[upkeep]\n|-fieldend|move: Trick Room\n|upkeep\n|\n|t:|1776213678\n|switch|p2b: Garchomp|Garchomp, L50, F|100/100\n|switch|p2a: Basculegion|Basculegion, L50, M|100/100\n|turn|6\n|\n|t:|1776213696\n|move|p2b: Garchomp|Protect|p2b: Garchomp\n|-singleturn|p2b: Garchomp|Protect\n|move|p2a: Basculegion|Last Respects|p1b: Ninetales\n|-crit|p1b: Ninetales\n|-enditem|p1b: Ninetales|Focus Sash\n|-damage|p1b: Ninetales|1/100\n|move|p1b: Ninetales|Aurora Veil|p1b: Ninetales\n|-sidestart|p1: JoaDreigon|move: Aurora Veil\n|move|p1a: Torkoal|Heat Wave|p2a: Basculegion|[spread] p2a\n|-activate|p2b: Garchomp|move: Protect\n|-resisted|p2a: Basculegion|1\n|-damage|p2a: Basculegion|79/100\n|\n|-weather|Snowscape|[upkeep]\n|upkeep\n|turn|7\n|\n|t:|1776213715\n|move|p2a: Basculegion|Last Respects|p1b: Ninetales\n|-damage|p1b: Ninetales|0 fnt\n|faint|p1b: Ninetales\n|move|p2b: Garchomp|Dragon Claw|p1a: Torkoal\n|-damage|p1a: Torkoal|46/100\n|move|p1a: Torkoal|Heat Wave|p2b: Garchomp|[spread] p2a,p2b\n|-resisted|p2a: Basculegion|1\n|-resisted|p2b: Garchomp|1\n|-damage|p2a: Basculegion|56/100\n|-damage|p2b: Garchomp|80/100\n|-status|p2a: Basculegion|brn\n|\n|-weather|Snowscape|[upkeep]\n|-damage|p2a: Basculegion|50/100 brn|[from] brn\n|upkeep\n|turn|8\n|\n|t:|1776213730\n|move|p2a: Basculegion|Last Respects|p1a: Torkoal\n|-damage|p1a: Torkoal|23/100\n|move|p2b: Garchomp|Earthquake|p1a: Torkoal|[spread] p2a,p1a\n|-crit|p2a: Basculegion\n|-supereffective|p1a: Torkoal|1\n|-damage|p2a: Basculegion|0 fnt\n|-damage|p1a: Torkoal|0 fnt\n|faint|p2a: Basculegion\n|faint|p1a: Torkoal\n|\n|win|davvoo\n|raw|JoaDreigon's rating: 1184 &rarr; <strong>1155</strong><br />(-29 for losing)\n|raw|davvoo's rating: 1132 &rarr; <strong>1161</strong><br />(+29 for winning)\n|l|\u2606JoaDreigon\n|player|p1|\n",
  "uploadtime": 1776213740,
  "views": 27,
  "formatid": "gen9championsvgc2026regma",
  "rating": 1155,
  "private": 0,
  "password": null
}