{
  "id": "gen9championsvgc2026regma-2588549517",
  "format": "[Gen 9 Champions] VGC 2026 Reg M-A",
  "players": [
    "lun4rspace",
    "vansdoffe"
  ],
  "log": "|j|\u2606lun4rspace\n|j|\u2606vansdoffe\n|t:|1776643965\n|gametype|doubles\n|player|p1|lun4rspace|266|1288\n|player|p2|vansdoffe|backpacker|1261\n|gen|9\n|tier|[Gen 9 Champions] VGC 2026 Reg M-A\n|rated|\n|rule|Species Clause: Limit one of each Pok\u00e9mon\n|rule|Item Clause: Limit 1 of each item\n|clearpoke\n|poke|p1|Aerodactyl, L50, M|\n|poke|p1|Basculegion, L50, M|\n|poke|p1|Kommo-o, L50, F|\n|poke|p1|Scizor, L50, F|\n|poke|p1|Scovillain, L50, M|\n|poke|p1|Sneasler, L50, F|\n|poke|p2|Pelipper, L50, M|\n|poke|p2|Archaludon, L50, F|\n|poke|p2|Dragonite, L50, M|\n|poke|p2|Sneasler, L50, F|\n|poke|p2|Basculegion, L50, M|\n|poke|p2|Incineroar, L50, M|\n|teampreview|4\n|\n|t:|1776643996\n|teamsize|p1|4\n|teamsize|p2|4\n|start\n|switch|p1a: Scovillain|Scovillain, L50, M|100/100\n|switch|p1b: Kommo-o|Kommo-o, L50, F|100/100\n|switch|p2a: Pelipper|Pelipper, L50, M|100/100\n|switch|p2b: Incineroar|Incineroar, L50, M|100/100\n|-weather|RainDance|[from] ability: Drizzle|[of] p2a: Pelipper\n|-ability|p2b: Incineroar|Intimidate|boost\n|-unboost|p1a: Scovillain|atk|1\n|-unboost|p1b: Kommo-o|atk|1\n|turn|1\n|\n|t:|1776644021\n|detailschange|p1a: Scovillain|Scovillain-Mega, L50, M\n|-mega|p1a: Scovillain|Scovillain|Scovillainite\n|move|p2b: Incineroar|Fake Out|p1b: Kommo-o\n|-damage|p1b: Kommo-o|87/100\n|move|p1a: Scovillain|Rage Powder|p1a: Scovillain\n|-singleturn|p1a: Scovillain|move: Rage Powder\n|cant|p1b: Kommo-o|flinch\n|move|p2a: Pelipper|Hurricane|p1a: Scovillain\n|-supereffective|p1a: Scovillain|1\n|-damage|p1a: Scovillain|0 fnt\n|-status|p2a: Pelipper|brn|[from] ability: Spicy Spray|[of] p1a: Scovillain\n|faint|p1a: Scovillain\n|\n|-weather|RainDance|[upkeep]\n|-heal|p1b: Kommo-o|93/100|[from] item: Leftovers\n|-damage|p2a: Pelipper|95/100 brn|[from] brn\n|upkeep\n|\n|t:|1776644035\n|switch|p1a: Sneasler|Sneasler, L50, F|100/100\n|turn|2\n|\n|t:|1776644062\n|move|p1a: Sneasler|Dire Claw|p2a: Pelipper\n|-crit|p2a: Pelipper\n|-damage|p2a: Pelipper|6/100 brn\n|move|p1b: Kommo-o|Clanging Scales|p2b: Incineroar|[spread] p2a,p2b\n|-damage|p2a: Pelipper|0 fnt\n|-damage|p2b: Incineroar|65/100\n|faint|p2a: Pelipper\n|-unboost|p1b: Kommo-o|def|1\n|move|p2b: Incineroar|Parting Shot|p1b: Kommo-o\n|-immune|p1b: Kommo-o|[from] ability: Soundproof\n|\n|-weather|RainDance|[upkeep]\n|-heal|p1b: Kommo-o|99/100|[from] item: Leftovers\n|upkeep\n|\n|t:|1776644079\n|switch|p2a: Dragonite|Dragonite, L50, M|100/100\n|turn|3\n|\n|t:|1776644102\n|detailschange|p2a: Dragonite|Dragonite-Mega, L50, M\n|-mega|p2a: Dragonite|Dragonite|Dragoninite\n|move|p1a: Sneasler|Dire Claw|p2a: Dragonite\n|-damage|p2a: Dragonite|81/100\n|move|p2a: Dragonite|Hurricane|p1b: Kommo-o\n|-supereffective|p1b: Kommo-o|1\n|-damage|p1b: Kommo-o|0 fnt\n|faint|p1b: Kommo-o\n|move|p2b: Incineroar|Parting Shot|p1a: Sneasler\n|-unboost|p1a: Sneasler|atk|1\n|-unboost|p1a: Sneasler|spa|1\n|\n|t:|1776644115\n|switch|p2b: Archaludon|Archaludon, L50, F|100/100|[from] Parting Shot\n|-enditem|p1a: Sneasler|White Herb\n|-clearnegativeboost|p1a: Sneasler|[silent]\n|\n|-weather|RainDance|[upkeep]\n|upkeep\n|\n|t:|1776644120\n|switch|p1b: Basculegion|Basculegion, L50, M|100/100\n|turn|4\n|\n|t:|1776644134\n|move|p1b: Basculegion|Protect|p1b: Basculegion\n|-singleturn|p1b: Basculegion|Protect\n|move|p1a: Sneasler|Close Combat|p2b: Archaludon\n|-supereffective|p2b: Archaludon|1\n|-damage|p2b: Archaludon|3/100\n|-unboost|p1a: Sneasler|def|1\n|-unboost|p1a: Sneasler|spd|1\n|-ability|p2b: Archaludon|Stamina|boost\n|-boost|p2b: Archaludon|def|1\n|move|p2a: Dragonite|Hurricane|p1a: Sneasler\n|-supereffective|p1a: Sneasler|1\n|-damage|p1a: Sneasler|0 fnt\n|faint|p1a: Sneasler\n|move|p2b: Archaludon|Electro Shot||[still]\n|-prepare|p2b: Archaludon|Electro Shot\n|-boost|p2b: Archaludon|spa|1\n|-anim|p2b: Archaludon|Electro Shot|p1b: Basculegion\n|-activate|p1b: Basculegion|move: Protect\n|\n|-weather|RainDance|[upkeep]\n|-heal|p2b: Archaludon|9/100|[from] item: Leftovers\n|upkeep\n|turn|5\n|-message|lun4rspace forfeited.\n|\n|win|vansdoffe\n|raw|lun4rspace's rating: 1288 &rarr; <strong>1261</strong><br />(-27 for losing)\n|raw|vansdoffe's rating: 1261 &rarr; <strong>1288</strong><br />(+27 for winning)\n",
  "uploadtime": 1776644154,
  "views": 15,
  "formatid": "gen9championsvgc2026regma",
  "rating": 1261,
  "private": 0,
  "password": null
}