{
  "id": "gen9championsvgc2026regma-2588080412",
  "format": "[Gen 9 Champions] VGC 2026 Reg M-A",
  "players": [
    "xxhyenaxx",
    "spunkid0ri"
  ],
  "log": "|j|\u2606xxhyenaxx\n|j|\u2606spunkid0ri\n|t:|1776601975\n|gametype|doubles\n|player|p1|xxhyenaxx|170|1098\n|player|p2|spunkid0ri|elesa|1144\n|gen|9\n|tier|[Gen 9 Champions] VGC 2026 Reg M-A\n|rated|\n|rule|Species Clause: Limit one of each Pok\u00e9mon\n|rule|Item Clause: Limit 1 of each item\n|clearpoke\n|poke|p1|Sinistcha, L50|\n|poke|p1|Crabominable, L50, F|\n|poke|p1|Sylveon, L50, M|\n|poke|p1|Torkoal, L50, M|\n|poke|p1|Golurk, L50|\n|poke|p1|Aegislash, L50, F|\n|poke|p2|Milotic, L50, M, shiny|\n|poke|p2|Sinistcha-Masterpiece, L50|\n|poke|p2|Sneasler, L50, M|\n|poke|p2|Floette-Eternal, L50, F|\n|poke|p2|Garchomp, L50, M|\n|poke|p2|Rotom-Heat, L50|\n|teampreview|4\n|inactive|Battle timer is ON: inactive players will automatically lose when time's up. (requested by spunkid0ri)\n|inactive|spunkid0ri has 60 seconds left.\n|\n|t:|1776602007\n|teamsize|p1|4\n|teamsize|p2|4\n|start\n|switch|p1a: Sinistcha|Sinistcha, L50|100/100\n|switch|p1b: Crabominable|Crabominable, L50, F|100/100\n|switch|p2a: Garchomp|Garchomp, L50, M|100/100\n|switch|p2b: Rotom|Rotom-Heat, L50|100/100\n|turn|1\n|inactive|spunkid0ri has 30 seconds left.\n|inactive|spunkid0ri has 20 seconds left.\n|\n|t:|1776602045\n|detailschange|p1b: Crabominable|Crabominable-Mega, L50, F\n|-mega|p1b: Crabominable|Crabominable|Crabominite\n|move|p2b: Rotom|Overheat|p1a: Sinistcha\n|-supereffective|p1a: Sinistcha|1\n|-damage|p1a: Sinistcha|0 fnt\n|-unboost|p2b: Rotom|spa|2\n|faint|p1a: Sinistcha\n|move|p2a: Garchomp|Rock Slide|p1b: Crabominable\n|-damage|p1b: Crabominable|81/100\n|cant|p1b: Crabominable|flinch\n|\n|upkeep\n|\n|t:|1776602055\n|switch|p1a: Aegislash|Aegislash, L50, F|100/100\n|turn|2\n|c|\u2606spunkid0ri|well that worked a lil too good\n|\n|t:|1776602071\n|switch|p2a: Sinistcha|Sinistcha-Masterpiece, L50|100/100\n|move|p1a: Aegislash|King's Shield|p1a: Aegislash\n|-singleturn|p1a: Aegislash|Protect\n|move|p2b: Rotom|Volt Switch|p1b: Crabominable\n|-damage|p1b: Crabominable|66/100\n|c|\u2606xxhyenaxx|you dont say xd\n|\n|t:|1776602079\n|switch|p2b: Garchomp|Garchomp, L50, M|100/100|[from] Volt Switch\n|move|p1b: Crabominable|Ice Hammer|p2a: Sinistcha|[miss]\n|-miss|p1b: Crabominable|p2a: Sinistcha\n|\n|upkeep\n|turn|3\n|c|\u2606spunkid0ri|uhh\n|c|\u2606spunkid0ri|perfect rng for me ig\n|c|\u2606xxhyenaxx|skill issue ig\n|c|\u2606xxhyenaxx|xd\n|\n|t:|1776602098\n|-formechange|p1a: Aegislash|Aegislash-Blade|\n|move|p1a: Aegislash|Shadow Sneak|p2a: Sinistcha\n|-supereffective|p2a: Sinistcha|1\n|-damage|p2a: Sinistcha|52/100\n|move|p2b: Garchomp|Stomping Tantrum|p1a: Aegislash\n|-supereffective|p1a: Aegislash|1\n|-damage|p1a: Aegislash|0 fnt\n|faint|p1a: Aegislash\n|move|p2a: Sinistcha|Matcha Gotcha|p1b: Crabominable\n|-damage|p1b: Crabominable|41/100\n|-heal|p2a: Sinistcha|67/100|[from] drain|[of] p1b: Crabominable\n|move|p1b: Crabominable|Ice Hammer|p2b: Garchomp\n|-supereffective|p2b: Garchomp|2\n|-damage|p2b: Garchomp|0 fnt\n|-unboost|p1b: Crabominable|spe|1\n|-damage|p1b: Crabominable|29/100|[from] ability: Rough Skin|[of] p2b: Garchomp\n|faint|p2b: Garchomp\n|\n|upkeep\n|c|\u2606spunkid0ri|too real\n|c|\u2606spunkid0ri|no crit burn :(\n|c|\u2606xxhyenaxx|the streak is broken\n|\n|t:|1776602122\n|switch|p2b: Floette|Floette-Eternal, L50, F|100/100\n|switch|p1a: Torkoal|Torkoal, L50, M|100/100\n|-weather|SunnyDay|[from] ability: Drought|[of] p1a: Torkoal\n|turn|4\n|\n|t:|1776602135\n|move|p2b: Floette|Protect|p2b: Floette\n|-singleturn|p2b: Floette|Protect\n|move|p1b: Crabominable|Protect|p1b: Crabominable\n|-singleturn|p1b: Crabominable|Protect\n|move|p2a: Sinistcha|Shadow Ball|p1a: Torkoal\n|-damage|p1a: Torkoal|62/100\n|move|p1a: Torkoal|Eruption|p2b: Floette|[spread] p2a\n|-activate|p2b: Floette|move: Protect\n|-supereffective|p2a: Sinistcha|1\n|-damage|p2a: Sinistcha|0 fnt\n|faint|p2a: Sinistcha\n|\n|-weather|SunnyDay|[upkeep]\n|upkeep\n|c|\u2606spunkid0ri|but the reads on point\n|c|\u2606spunkid0ri|no spdef drop :(\n|\n|t:|1776602148\n|switch|p2a: Rotom|Rotom-Heat, L50|100/100\n|turn|5\n|\n|t:|1776602160\n|detailschange|p2b: Floette|Floette-Mega, L50, F\n|-mega|p2b: Floette|Floette|Floettite\n|-ability|p2b: Floette|Fairy Aura\n|move|p2a: Rotom|Volt Switch|p1a: Torkoal\n|-damage|p1a: Torkoal|8/100\n|move|p2b: Floette|Dazzling Gleam|p1a: Torkoal|[spread] p1a,p1b\n|-resisted|p1a: Torkoal|1\n|-supereffective|p1b: Crabominable|1\n|-damage|p1a: Torkoal|0 fnt\n|-damage|p1b: Crabominable|0 fnt\n|faint|p1a: Torkoal\n|faint|p1b: Crabominable\n|\n|win|spunkid0ri\n|raw|xxhyenaxx's rating: 1074 &rarr; <strong>1057</strong><br />(-17 for losing)\n|raw|spunkid0ri's rating: 1144 &rarr; <strong>1164</strong><br />(+20 for winning)\n|c|\u2606spunkid0ri|gg\n|c|\u2606spunkid0ri|wanna go game2?\n|c|\u2606spunkid0ri|cause that was bs\n|c|\u2606xxhyenaxx|fuck no xd\n|c|\u2606xxhyenaxx|ggs\n|l|\u2606xxhyenaxx\n|player|p1|\n|c|\u2606spunkid0ri|ggs lmao\n",
  "uploadtime": 1776602191,
  "views": 10,
  "formatid": "gen9championsvgc2026regma",
  "rating": 1057,
  "private": 0,
  "password": null
}