{
  "id": "gen9championsvgc2026regma-2581847022",
  "format": "[Gen 9 Champions] VGC 2026 Reg M-A",
  "players": [
    "defiantvgc",
    "MaxPotatoes"
  ],
  "log": "|j|\u2606defiantvgc\n|j|\u2606MaxPotatoes\n|t:|1776033309\n|gametype|doubles\n|player|p1|defiantvgc|spark-casual|\n|player|p2|MaxPotatoes|ingo|\n|gen|9\n|tier|[Gen 9 Champions] VGC 2026 Reg M-A\n|rated|Tournament battle\n|rule|Species Clause: Limit one of each Pok\u00e9mon\n|rule|Item Clause: Limit 1 of each item\n|clearpoke\n|poke|p1|Glimmora, L50, F|\n|poke|p1|Incineroar, L50, F|\n|poke|p1|Kommo-o, L50, F|\n|poke|p1|Whimsicott, L50, F|\n|poke|p1|Ninetales-Alola, L50, F|\n|poke|p1|Rotom-Wash, L50|\n|poke|p2|Clefable, L50, M|\n|poke|p2|Kingambit, L50, F|\n|poke|p2|Dragonite, L50, F|\n|poke|p2|Meowscarada, L50, M|\n|poke|p2|Armarouge, L50, M|\n|poke|p2|Incineroar, L50, F|\n|teampreview|4\n|j| knoxxzeta\n|j|+TheLoanRanger\n|\n|t:|1776033346\n|teamsize|p1|4\n|teamsize|p2|4\n|start\n|switch|p1a: Incineroar|Incineroar, L50, F|100/100\n|switch|p1b: Glimmora|Glimmora, L50, F|100/100\n|switch|p2a: Incineroar|Incineroar, L50, F|100/100\n|switch|p2b: Kingambit|Kingambit, L50, F|100/100\n|-ability|p1a: Incineroar|Intimidate|boost\n|-unboost|p2a: Incineroar|atk|1\n|-unboost|p2b: Kingambit|atk|1\n|-ability|p2b: Kingambit|Defiant|boost\n|-boost|p2b: Kingambit|atk|2\n|-ability|p2a: Incineroar|Intimidate|boost\n|-unboost|p1a: Incineroar|atk|1\n|-unboost|p1b: Glimmora|atk|1\n|turn|1\n|j|+chromate\n|\n|t:|1776033368\n|detailschange|p1b: Glimmora|Glimmora-Mega, L50, F\n|-mega|p1b: Glimmora|Glimmora|Glimmoranite\n|move|p1b: Glimmora|Spiky Shield|p1b: Glimmora\n|-singleturn|p1b: Glimmora|move: Protect\n|move|p2a: Incineroar|Fake Out|p1b: Glimmora\n|-activate|p1b: Glimmora|move: Protect\n|-damage|p2a: Incineroar|88/100|[from] Spiky Shield|[of] p1b: Glimmora\n|move|p1a: Incineroar|Flare Blitz|p2b: Kingambit\n|-supereffective|p2b: Kingambit|1\n|-damage|p2b: Kingambit|56/100\n|-damage|p1a: Incineroar|86/100|[from] Recoil\n|move|p2b: Kingambit|Iron Head|p1b: Glimmora\n|-activate|p1b: Glimmora|move: Protect\n|-damage|p2b: Kingambit|44/100|[from] Spiky Shield|[of] p1b: Glimmora\n|\n|upkeep\n|turn|2\n|j| EmmaChePalle\n|\n|t:|1776033383\n|move|p2b: Kingambit|Protect|p2b: Kingambit\n|-singleturn|p2b: Kingambit|Protect\n|move|p1b: Glimmora|Earth Power|p2b: Kingambit\n|-activate|p2b: Kingambit|move: Protect\n|move|p1a: Incineroar|Parting Shot|p2a: Incineroar\n|-unboost|p2a: Incineroar|atk|1\n|-unboost|p2a: Incineroar|spa|1\n|\n|t:|1776033387\n|switch|p1a: Rotom|Rotom-Wash, L50|100/100|[from] Parting Shot\n|move|p2a: Incineroar|Parting Shot|p1b: Glimmora\n|-unboost|p1b: Glimmora|atk|1\n|-unboost|p1b: Glimmora|spa|1\n|\n|t:|1776033400\n|switch|p2a: Meowscarada|Meowscarada, L50, M|100/100|[from] Parting Shot\n|\n|upkeep\n|turn|3\n|\n|t:|1776033417\n|move|p1a: Rotom|Protect|p1a: Rotom\n|-singleturn|p1a: Rotom|Protect\n|move|p2a: Meowscarada|Flower Trick|p1a: Rotom\n|-start|p2a: Meowscarada|typechange|Grass|[from] ability: Protean\n|-activate|p1a: Rotom|move: Protect\n|move|p1b: Glimmora|Earth Power|p2b: Kingambit\n|-supereffective|p2b: Kingambit|1\n|-damage|p2b: Kingambit|0 fnt\n|faint|p2b: Kingambit\n|\n|upkeep\n|\n|t:|1776033427\n|switch|p2b: Incineroar|Incineroar, L50, F|88/100\n|-ability|p2b: Incineroar|Intimidate|boost\n|-unboost|p1a: Rotom|atk|1\n|-unboost|p1b: Glimmora|atk|1\n|turn|4\n|j| aurora ltd\n|\n|t:|1776033433\n|switch|p1b: Ninetales|Ninetales-Alola, L50, F|100/100\n|-weather|Snowscape|[from] ability: Snow Warning|[of] p1b: Ninetales\n|switch|p1a: Incineroar|Incineroar, L50, F|86/100\n|-ability|p1a: Incineroar|Intimidate|boost\n|-unboost|p2a: Meowscarada|atk|1\n|-unboost|p2b: Incineroar|atk|1\n|move|p2b: Incineroar|Fake Out|p1b: Ninetales\n|-damage|p1b: Ninetales|92/100\n|move|p2a: Meowscarada|Flower Trick|p1a: Incineroar\n|-resisted|p1a: Incineroar|1\n|-crit|p1a: Incineroar\n|-damage|p1a: Incineroar|67/100\n|\n|-weather|Snowscape|[upkeep]\n|upkeep\n|turn|5\n|\n|t:|1776033445\n|move|p2a: Meowscarada|Low Kick|p1a: Incineroar\n|-supereffective|p1a: Incineroar|1\n|-damage|p1a: Incineroar|40/100\n|move|p1b: Ninetales|Blizzard|p2a: Meowscarada|[spread] p2a,p2b\n|-supereffective|p2a: Meowscarada|1\n|-resisted|p2b: Incineroar|1\n|-damage|p2a: Meowscarada|9/100\n|-damage|p2b: Incineroar|76/100\n|move|p1a: Incineroar|Parting Shot|p2b: Incineroar\n|-unboost|p2b: Incineroar|atk|1\n|-unboost|p2b: Incineroar|spa|1\n|\n|t:|1776033454\n|switch|p1a: Glimmora|Glimmora-Mega, L50, F|100/100|[from] Parting Shot\n|move|p2b: Incineroar|Flare Blitz|p1b: Ninetales\n|-supereffective|p1b: Ninetales|1\n|-damage|p1b: Ninetales|41/100\n|-damage|p2b: Incineroar|63/100|[from] Recoil\n|\n|-weather|Snowscape|[upkeep]\n|upkeep\n|turn|6\n|\n|t:|1776033480\n|switch|p1b: Incineroar|Incineroar, L50, F|40/100\n|-ability|p1b: Incineroar|Intimidate|boost\n|-unboost|p2a: Meowscarada|atk|1\n|-unboost|p2b: Incineroar|atk|1\n|move|p2a: Meowscarada|Flower Trick|p1a: Glimmora\n|-crit|p1a: Glimmora\n|-damage|p1a: Glimmora|43/100\n|move|p1a: Glimmora|Sludge Bomb|p2a: Meowscarada\n|-supereffective|p2a: Meowscarada|1\n|-damage|p2a: Meowscarada|0 fnt\n|faint|p2a: Meowscarada\n|move|p2b: Incineroar|Flare Blitz|p1b: Incineroar\n|-resisted|p1b: Incineroar|1\n|-damage|p1b: Incineroar|32/100\n|-damage|p2b: Incineroar|60/100|[from] Recoil\n|\n|-weather|Snowscape|[upkeep]\n|upkeep\n|\n|t:|1776033495\n|switch|p2a: Armarouge|Armarouge, L50, M|100/100\n|turn|7\n|\n|t:|1776033510\n|move|p1b: Incineroar|Fake Out|p2a: Armarouge\n|-damage|p2a: Armarouge|89/100\n|move|p1a: Glimmora|Power Gem|p2b: Incineroar\n|-supereffective|p2b: Incineroar|1\n|-damage|p2b: Incineroar|0 fnt\n|faint|p2b: Incineroar\n|cant|p2a: Armarouge|flinch\n|\n|-weather|Snowscape|[upkeep]\n|upkeep\n|turn|8\n|j| Rainpelt103\n|\n|t:|1776033516\n|move|p1a: Glimmora|Power Gem|p2a: Armarouge\n|-supereffective|p2a: Armarouge|1\n|-damage|p2a: Armarouge|0 fnt\n|faint|p2a: Armarouge\n|\n|win|defiantvgc\n|n|\u2606defiantvgc|defiantvgc\n|n|\u2606MaxPotatoes|maxpotatoes\n|n| knoxxzeta|knoxxzeta\n|n| TheLoanRanger|theloanranger\n|n| chromate|chromate\n|n| EmmaChePalle|emmachepalle\n|n| aurora ltd|auroraltd\n|n| Rainpelt103|rainpelt103\n|l|\u2606defiantvgc\n|player|p1|\n|l| TheLoanRanger\n|l|\u2606MaxPotatoes\n|player|p2|\n|l| Rainpelt103\n",
  "uploadtime": 1776033530,
  "views": 8,
  "formatid": "gen9championsvgc2026regma",
  "rating": null,
  "private": 0,
  "password": null
}