{
  "id": "gen9championsvgc2026regma-2580369766",
  "format": "[Gen 9 Champions] VGC 2026 Reg M-A",
  "players": [
    "Ellebelium",
    "mimrat6"
  ],
  "log": "|j|\u2606Ellebelium\n|j|\u2606mimrat6\n|t:|1775886418\n|gametype|doubles\n|player|p1|Ellebelium|erika|1058\n|player|p2|mimrat6|caitlin|1000\n|gen|9\n|tier|[Gen 9 Champions] VGC 2026 Reg M-A\n|rated|\n|rule|Species Clause: Limit one of each Pok\u00e9mon\n|rule|Item Clause: Limit 1 of each item\n|clearpoke\n|poke|p1|Charizard, L50, M|\n|poke|p1|Victreebel, L50, M|\n|poke|p1|Rhyperior, L50, F|\n|poke|p1|Volcarona, L50, F|\n|poke|p1|Meowstic, L50, M|\n|poke|p1|Simipour, L50, M|\n|poke|p2|Floette-Eternal, L50, F|\n|poke|p2|Delphox, L50, F|\n|poke|p2|Aerodactyl, L50, F|\n|poke|p2|Garchomp, L50, M|\n|poke|p2|Maushold, L50|\n|poke|p2|Incineroar, L50, F|\n|teampreview|4\n|inactive|Battle timer is ON: inactive players will automatically lose when time's up. (requested by mimrat6)\n|inactive|Ellebelium has 60 seconds left.\n|inactive|mimrat6 has 60 seconds left.\n|\n|t:|1775886470\n|teamsize|p1|4\n|teamsize|p2|4\n|start\n|switch|p1a: Simipour|Simipour, L50, M|100/100\n|switch|p1b: Volcarona|Volcarona, L50, F|100/100\n|switch|p2a: Aerodactyl|Aerodactyl, L50, F, shiny|100/100\n|switch|p2b: Delphox|Delphox, L50, F|100/100\n|-ability|p2a: Aerodactyl|Unnerve\n|turn|1\n|\n|t:|1775886490\n|move|p2b: Delphox|Protect|p2b: Delphox\n|-singleturn|p2b: Delphox|Protect\n|move|p1a: Simipour|Fake Out|p2a: Aerodactyl\n|-resisted|p2a: Aerodactyl|1\n|-damage|p2a: Aerodactyl|93/100\n|cant|p2a: Aerodactyl|flinch\n|move|p1b: Volcarona|Tailwind|p1b: Volcarona\n|-sidestart|p1: Ellebelium|move: Tailwind\n|\n|upkeep\n|turn|2\n|inactive|Ellebelium has 30 seconds left.\n|inactive|mimrat6 has 30 seconds left.\n|\n|t:|1775886524\n|switch|p1b: Rhyperior|Rhyperior, L50, F|100/100\n|switch|p2b: Incineroar|Incineroar, L50, F|100/100\n|-ability|p2b: Incineroar|Intimidate|boost\n|-unboost|p1a: Simipour|atk|1\n|-unboost|p1b: Rhyperior|atk|1\n|move|p1a: Simipour|Flip Turn|p2a: Aerodactyl\n|-supereffective|p2a: Aerodactyl|1\n|-damage|p2a: Aerodactyl|48/100\n|\n|t:|1775886538\n|switch|p1a: Volcarona|Volcarona, L50, F|100/100|[from] Flip Turn\n|move|p2a: Aerodactyl|Tailwind|p2a: Aerodactyl\n|-sidestart|p2: mimrat6|move: Tailwind\n|\n|upkeep\n|turn|3\n|inactive|Ellebelium has 30 seconds left.\n|\n|t:|1775886566\n|switch|p1a: Simipour|Simipour, L50, M|100/100\n|move|p1b: Rhyperior|Protect|p1b: Rhyperior\n|-singleturn|p1b: Rhyperior|Protect\n|move|p2a: Aerodactyl|Rock Slide|p1b: Rhyperior|[spread] p1a\n|-activate|p1b: Rhyperior|move: Protect\n|-damage|p1a: Simipour|67/100\n|move|p2b: Incineroar|Parting Shot|p1b: Rhyperior\n|-activate|p1b: Rhyperior|move: Protect\n|\n|upkeep\n|turn|4\n|inactive|Ellebelium has 30 seconds left.\n|\n|t:|1775886600\n|move|p2a: Aerodactyl|Protect|p2a: Aerodactyl\n|-singleturn|p2a: Aerodactyl|Protect\n|move|p1a: Simipour|Flip Turn|p2a: Aerodactyl\n|-activate|p2a: Aerodactyl|move: Protect\n|move|p2b: Incineroar|Parting Shot|p1b: Rhyperior\n|-unboost|p1b: Rhyperior|atk|1\n|-unboost|p1b: Rhyperior|spa|1\n|\n|t:|1775886610\n|switch|p2b: Garchomp|Garchomp, L50, M, shiny|100/100|[from] Parting Shot\n|move|p1b: Rhyperior|Rock Slide|p2a: Aerodactyl|[spread] p2b\n|-activate|p2a: Aerodactyl|move: Protect\n|-resisted|p2b: Garchomp|1\n|-damage|p2b: Garchomp|94/100\n|\n|-sideend|p1: Ellebelium|move: Tailwind\n|upkeep\n|turn|5\n|inactive|Ellebelium has 30 seconds left.\n|inactive|mimrat6 has 30 seconds left.\n|\n|t:|1775886647\n|switch|p1b: Volcarona|Volcarona, L50, F|100/100\n|move|p2a: Aerodactyl|Rock Slide|p1a: Simipour|[spread] p1a,p1b\n|-supereffective|p1b: Volcarona|2\n|-damage|p1a: Simipour|29/100\n|-damage|p1b: Volcarona|0 fnt\n|faint|p1b: Volcarona\n|move|p2b: Garchomp|Earthquake|p1a: Simipour|[spread] p1a\n|-immune|p2a: Aerodactyl\n|-damage|p1a: Simipour|0 fnt\n|faint|p1a: Simipour\n|\n|-sideend|p2: mimrat6|move: Tailwind\n|upkeep\n|\n|t:|1775886659\n|switch|p1a: Rhyperior|Rhyperior, L50, F|100/100\n|switch|p1b: Victreebel|Victreebel, L50, M|100/100\n|turn|6\n|\n|t:|1775886676\n|detailschange|p1b: Victreebel|Victreebel-Mega, L50, M\n|-mega|p1b: Victreebel|Victreebel|Victreebelite\n|move|p2a: Aerodactyl|Rock Slide|p1a: Rhyperior|[spread] p1a,p1b\n|-resisted|p1a: Rhyperior|1\n|-crit|p1b: Victreebel\n|-damage|p1a: Rhyperior|92/100\n|-damage|p1b: Victreebel|48/100\n|move|p2b: Garchomp|Earthquake|p1a: Rhyperior|[spread] p1a,p1b\n|-immune|p2a: Aerodactyl\n|-supereffective|p1a: Rhyperior|1\n|-damage|p1a: Rhyperior|58/100\n|-damage|p1b: Victreebel|0 fnt\n|-damage|p2b: Garchomp|58/100|[from] ability: Innards Out|[of] p1b: Victreebel\n|faint|p1b: Victreebel\n|move|p1a: Rhyperior|Stomping Tantrum|p2a: Aerodactyl\n|-immune|p2a: Aerodactyl\n|\n|-heal|p1a: Rhyperior|64/100|[from] item: Leftovers\n|upkeep\n|turn|7\n|\n|t:|1775886694\n|switch|p2a: Incineroar|Incineroar, L50, F|100/100\n|-ability|p2a: Incineroar|Intimidate|boost\n|-unboost|p1a: Rhyperior|atk|1\n|move|p2b: Garchomp|Stomping Tantrum|p1a: Rhyperior\n|-supereffective|p1a: Rhyperior|1\n|-damage|p1a: Rhyperior|31/100\n|move|p1a: Rhyperior|Rock Slide|p2b: Garchomp|[spread] p2a,p2b\n|-supereffective|p2a: Incineroar|1\n|-resisted|p2b: Garchomp|1\n|-damage|p2a: Incineroar|62/100\n|-damage|p2b: Garchomp|48/100\n|\n|-heal|p1a: Rhyperior|37/100|[from] item: Leftovers\n|upkeep\n|turn|8\n|\n|t:|1775886710\n|move|p2a: Incineroar|Fake Out|p1a: Rhyperior\n|-resisted|p1a: Rhyperior|1\n|-damage|p1a: Rhyperior|34/100\n|move|p2b: Garchomp|Stomping Tantrum|p1a: Rhyperior\n|-supereffective|p1a: Rhyperior|1\n|-damage|p1a: Rhyperior|0 fnt\n|faint|p1a: Rhyperior\n|\n|win|mimrat6\n|raw|Ellebelium's rating: 1058 &rarr; <strong>1036</strong><br />(-22 for losing)\n|raw|mimrat6's rating: 1000 &rarr; <strong>1047</strong><br />(+47 for winning)\n|c|\u2606Ellebelium|gg\n",
  "uploadtime": 1775886718,
  "views": 23,
  "formatid": "gen9championsvgc2026regma",
  "rating": 1036,
  "private": 0,
  "password": null
}