{
  "id": "gen9championsvgc2026regma-2586646585",
  "format": "[Gen 9 Champions] VGC 2026 Reg M-A",
  "players": [
    "fred1197",
    "makoyouidiot"
  ],
  "log": "|j|\u2606fred1197\n|j|\u2606makoyouidiot\n|t:|1776449178\n|gametype|doubles\n|player|p1|fred1197|ninjaboy|1251\n|player|p2|makoyouidiot|acetrainersnow|1217\n|gen|9\n|tier|[Gen 9 Champions] VGC 2026 Reg M-A\n|rated|\n|rule|Species Clause: Limit one of each Pok\u00e9mon\n|rule|Item Clause: Limit 1 of each item\n|clearpoke\n|poke|p1|Blastoise, L50, M|\n|poke|p1|Meganium, L50, F|\n|poke|p1|Kingambit, L50, F|\n|poke|p1|Sinistcha, L50|\n|poke|p1|Sneasler, L50, F|\n|poke|p1|Farigiraf, L50, M|\n|poke|p2|Charizard, L50, M|\n|poke|p2|Aerodactyl, L50, F|\n|poke|p2|Basculegion, L50, M|\n|poke|p2|Tyrantrum, L50, M|\n|poke|p2|Oranguru, L50, F|\n|poke|p2|Torkoal, L50, F|\n|teampreview|4\n|inactive|Battle timer is ON: inactive players will automatically lose when time's up. (requested by fred1197)\n|inactive|makoyouidiot also wants the timer to be on.\n|\n|t:|1776449197\n|teamsize|p1|4\n|teamsize|p2|4\n|start\n|switch|p1a: Blastoise|Blastoise, L50, M|100/100\n|switch|p1b: Farigiraf|Farigiraf, L50, M|100/100\n|switch|p2a: Oranguru|Oranguru, L50, F|100/100\n|switch|p2b: Basculegion|Basculegion, L50, M|100/100\n|turn|1\n|\n|t:|1776449216\n|detailschange|p1a: Blastoise|Blastoise-Mega, L50, M\n|-mega|p1a: Blastoise|Blastoise|Blastoisinite\n|move|p2b: Basculegion|Flip Turn|p1b: Farigiraf\n|-damage|p1b: Farigiraf|55/100\n|\n|t:|1776449227\n|switch|p2b: Torkoal|Torkoal, L50, F|100/100|[from] Flip Turn\n|-weather|SunnyDay|[from] ability: Drought|[of] p2b: Torkoal\n|move|p1a: Blastoise|Dark Pulse|p2b: Torkoal\n|-damage|p2b: Torkoal|36/100\n|move|p2a: Oranguru|Foul Play|p1b: Farigiraf\n|-supereffective|p1b: Farigiraf|1\n|-damage|p1b: Farigiraf|17/100\n|-enditem|p1b: Farigiraf|Sitrus Berry|[eat]\n|-heal|p1b: Farigiraf|41/100|[from] item: Sitrus Berry\n|move|p1b: Farigiraf|Trick Room|p1b: Farigiraf\n|-fieldstart|move: Trick Room|[of] p1b: Farigiraf\n|\n|-weather|SunnyDay|[upkeep]\n|upkeep\n|turn|2\n|\n|t:|1776449249\n|move|p2b: Torkoal|Heat Wave|p1b: Farigiraf|[spread] p1a\n|-miss|p2b: Torkoal|p1b: Farigiraf\n|-resisted|p1a: Blastoise|1\n|-damage|p1a: Blastoise|77/100\n|move|p1b: Farigiraf|Rain Dance|p1b: Farigiraf\n|-weather|RainDance\n|move|p2a: Oranguru|Instruct|p2b: Torkoal\n|-singleturn|p2b: Torkoal|move: Instruct|[of] p2a: Oranguru\n|move|p2b: Torkoal|Heat Wave|p1a: Blastoise|[spread] p1b\n|-miss|p2b: Torkoal|p1a: Blastoise\n|-damage|p1b: Farigiraf|28/100\n|move|p1a: Blastoise|Water Spout|p2b: Torkoal|[spread] p2a,p2b\n|-supereffective|p2b: Torkoal|1\n|-damage|p2a: Oranguru|38/100\n|-damage|p2b: Torkoal|0 fnt\n|-enditem|p2a: Oranguru|Sitrus Berry|[eat]\n|-heal|p2a: Oranguru|63/100|[from] item: Sitrus Berry\n|faint|p2b: Torkoal\n|\n|-weather|RainDance|[upkeep]\n|upkeep\n|\n|t:|1776449270\n|switch|p2b: Tyrantrum|Tyrantrum, L50, M|100/100\n|turn|3\n|\n|t:|1776449278\n|move|p1b: Farigiraf|Helping Hand|p1a: Blastoise\n|-singleturn|p1a: Blastoise|Helping Hand|[of] p1b: Farigiraf\n|move|p2b: Tyrantrum|Head Smash|p1a: Blastoise\n|-damage|p1a: Blastoise|0 fnt\n|faint|p1a: Blastoise\n|move|p2a: Oranguru|Instruct|p2b: Tyrantrum\n|-singleturn|p2b: Tyrantrum|move: Instruct|[of] p2a: Oranguru\n|move|p2b: Tyrantrum|Head Smash|p1b: Farigiraf\n|-damage|p1b: Farigiraf|0 fnt\n|faint|p1b: Farigiraf\n|\n|-weather|RainDance|[upkeep]\n|upkeep\n|\n|t:|1776449298\n|switch|p1b: Sinistcha|Sinistcha, L50|100/100\n|switch|p1a: Kingambit|Kingambit, L50, F|100/100\n|turn|4\n|\n|t:|1776449321\n|move|p1a: Kingambit|Kowtow Cleave|p2a: Oranguru\n|-supereffective|p2a: Oranguru|1\n|-damage|p2a: Oranguru|0 fnt\n|faint|p2a: Oranguru\n|move|p1b: Sinistcha|Matcha Gotcha|p2b: Tyrantrum\n|-damage|p2b: Tyrantrum|60/100\n|move|p2b: Tyrantrum|Head Smash|p1b: Sinistcha\n|-damage|p1b: Sinistcha|36/100\n|\n|-weather|RainDance|[upkeep]\n|upkeep\n|\n|t:|1776449334\n|switch|p2a: Basculegion|Basculegion, L50, M|100/100\n|turn|5\n|\n|t:|1776449346\n|move|p1a: Kingambit|Sucker Punch|p2a: Basculegion\n|-supereffective|p2a: Basculegion|1\n|-damage|p2a: Basculegion|0 fnt\n|faint|p2a: Basculegion\n|move|p2b: Tyrantrum|Head Smash|p1b: Sinistcha\n|-damage|p1b: Sinistcha|0 fnt\n|faint|p1b: Sinistcha\n|\n|-weather|RainDance|[upkeep]\n|-fieldend|move: Trick Room\n|upkeep\n|turn|6\n|inactive|fred1197 has 30 seconds left.\n|\n|t:|1776449372\n|move|p2b: Tyrantrum|Dragon Claw|p1a: Kingambit\n|-resisted|p1a: Kingambit|1\n|-damage|p1a: Kingambit|85/100\n|move|p1a: Kingambit|Low Kick|p2b: Tyrantrum\n|-supereffective|p2b: Tyrantrum|1\n|-damage|p2b: Tyrantrum|0 fnt\n|faint|p2b: Tyrantrum\n|\n|win|fred1197\n|raw|fred1197's rating: 1251 &rarr; <strong>1274</strong><br />(+23 for winning)\n|raw|makoyouidiot's rating: 1217 &rarr; <strong>1194</strong><br />(-23 for losing)\n|l|\u2606fred1197\n|player|p1|\n|l|\u2606makoyouidiot\n|player|p2|\n|j|\u2606makoyouidiot\n|player|p2|makoyouidiot|acetrainersnow|\n",
  "uploadtime": 1776449394,
  "views": 41,
  "formatid": "gen9championsvgc2026regma",
  "rating": 1194,
  "private": 0,
  "password": null
}