{
  "id": "gen9championsvgc2026regma-2587641491",
  "format": "[Gen 9 Champions] VGC 2026 Reg M-A",
  "players": [
    "slimeslatt252",
    "zocktropey"
  ],
  "log": "|j|\u2606slimeslatt252\n|j|\u2606zocktropey\n|t:|1776549596\n|gametype|doubles\n|player|p1|slimeslatt252|266|1543\n|player|p2|zocktropey|170|1456\n|gen|9\n|tier|[Gen 9 Champions] VGC 2026 Reg M-A\n|rated|\n|rule|Species Clause: Limit one of each Pok\u00e9mon\n|rule|Item Clause: Limit 1 of each item\n|clearpoke\n|poke|p1|Floette-Eternal, L50, F|\n|poke|p1|Delphox, L50, F|\n|poke|p1|Garchomp, L50, F|\n|poke|p1|Talonflame, L50, F|\n|poke|p1|Kingambit, L50, F|\n|poke|p1|Sneasler, L50, F|\n|poke|p2|Floette-Eternal, L50, F|\n|poke|p2|Incineroar, L50, F|\n|poke|p2|Whimsicott, L50, M|\n|poke|p2|Garchomp, L50, F|\n|poke|p2|Farigiraf, L50, M|\n|poke|p2|Kingambit, L50, F|\n|teampreview|4\n|inactive|Battle timer is ON: inactive players will automatically lose when time's up. (requested by slimeslatt252)\n|inactive|zocktropey has 60 seconds left.\n|j| hazima\n|inactive|zocktropey has 30 seconds left.\n|\n|t:|1776549664\n|teamsize|p1|4\n|teamsize|p2|4\n|start\n|switch|p1a: Floette|Floette-Eternal, L50, F|100/100\n|switch|p1b: Sneasler|Sneasler, L50, F|100/100\n|switch|p2a: Farigiraf|Farigiraf, L50, M|100/100\n|switch|p2b: Garchomp|Garchomp, L50, F|100/100\n|turn|1\n|inactive|zocktropey has 30 seconds left.\n|\n|t:|1776549692\n|switch|p1b: Talonflame|Talonflame, L50, F|100/100\n|detailschange|p1a: Floette|Floette-Mega, L50, F\n|-mega|p1a: Floette|Floette|Floettite\n|-ability|p1a: Floette|Fairy Aura\n|move|p2b: Garchomp|Stomping Tantrum|p1a: Floette\n|-damage|p1a: Floette|67/100\n|move|p1a: Floette|Dazzling Gleam|p2b: Garchomp|[spread] p2a,p2b\n|-supereffective|p2b: Garchomp|1\n|-damage|p2a: Farigiraf|61/100\n|-damage|p2b: Garchomp|9/100\n|move|p2a: Farigiraf|Trick Room|p2a: Farigiraf\n|-fieldstart|move: Trick Room|[of] p2a: Farigiraf\n|\n|upkeep\n|turn|2\n|j| B. Farro\n|inactive|slimeslatt252 has 30 seconds left.\n|inactive|zocktropey has 30 seconds left.\n|\n|t:|1776549719\n|move|p2a: Farigiraf|Hyper Voice|p1b: Talonflame|[spread] p1a,p1b\n|-damage|p1a: Floette|50/100\n|-damage|p1b: Talonflame|63/100\n|move|p1a: Floette|Dazzling Gleam|p2a: Farigiraf|[spread] p2a,p2b\n|-supereffective|p2b: Garchomp|1\n|-crit|p2b: Garchomp\n|-damage|p2a: Farigiraf|20/100\n|-damage|p2b: Garchomp|0 fnt\n|-enditem|p2a: Farigiraf|Sitrus Berry|[eat]\n|-heal|p2a: Farigiraf|45/100|[from] item: Sitrus Berry\n|faint|p2b: Garchomp\n|move|p1b: Talonflame|Flare Blitz|p2a: Farigiraf\n|-damage|p2a: Farigiraf|1/100\n|-status|p2a: Farigiraf|brn\n|-damage|p1b: Talonflame|43/100|[from] Recoil\n|\n|-damage|p2a: Farigiraf|0 fnt|[from] brn\n|faint|p2a: Farigiraf\n|upkeep\n|\n|t:|1776549731\n|switch|p2a: Kingambit|Kingambit, L50, F|100/100\n|switch|p2b: Floette|Floette-Eternal, L50, F|100/100\n|turn|3\n|inactive|zocktropey has 30 seconds left.\n|\n|t:|1776549766\n|detailschange|p2b: Floette|Floette-Mega, L50, F\n|-mega|p2b: Floette|Floette|Floettite\n|-ability|p2b: Floette|Fairy Aura\n|move|p1a: Floette|Protect|p1a: Floette\n|-singleturn|p1a: Floette|Protect\n|move|p2a: Kingambit|Sucker Punch|p1b: Talonflame\n|-damage|p1b: Talonflame|0 fnt\n|faint|p1b: Talonflame\n|move|p2b: Floette|Moonblast|p1a: Floette\n|-activate|p1a: Floette|move: Protect\n|\n|upkeep\n|\n|t:|1776549780\n|switch|p1b: Sneasler|Sneasler, L50, F|100/100\n|turn|4\n|inactive|zocktropey has 30 seconds left.\n|inactive|zocktropey has 20 seconds left.\n|\n|t:|1776549815\n|move|p1b: Sneasler|Fake Out|p2a: Kingambit\n|-resisted|p2a: Kingambit|1\n|-crit|p2a: Kingambit\n|-damage|p2a: Kingambit|91/100\n|cant|p2a: Kingambit|flinch\n|move|p2b: Floette|Dazzling Gleam|p1a: Floette|[spread] p1a,p1b\n|-damage|p1a: Floette|11/100\n|-damage|p1b: Sneasler|36/100\n|move|p1a: Floette|Dazzling Gleam|p2a: Kingambit|[spread] p2a,p2b\n|-damage|p2a: Kingambit|46/100\n|-damage|p2b: Floette|64/100\n|\n|upkeep\n|turn|5\n|\n|t:|1776549836\n|move|p1a: Floette|Protect|p1a: Floette\n|-singleturn|p1a: Floette|Protect\n|move|p1b: Sneasler|Protect|p1b: Sneasler\n|-singleturn|p1b: Sneasler|Protect\n|move|p2a: Kingambit|Swords Dance|p2a: Kingambit\n|-boost|p2a: Kingambit|atk|2\n|move|p2b: Floette|Dazzling Gleam|p1a: Floette|[spread] \n|-activate|p1a: Floette|move: Protect\n|-activate|p1b: Sneasler|move: Protect\n|\n|-fieldend|move: Trick Room\n|upkeep\n|turn|6\n|\n|t:|1776549858\n|move|p2a: Kingambit|Sucker Punch|p1b: Sneasler\n|-resisted|p1b: Sneasler|1\n|-damage|p1b: Sneasler|0 fnt\n|faint|p1b: Sneasler\n|move|p1a: Floette|Moonblast|p2a: Kingambit\n|-damage|p2a: Kingambit|0 fnt\n|faint|p2a: Kingambit\n|move|p2b: Floette|Dazzling Gleam|p1a: Floette\n|-damage|p1a: Floette|0 fnt\n|faint|p1a: Floette\n|\n|upkeep\n|\n|t:|1776549863\n|switch|p1b: Kingambit|Kingambit, L50, F|100/100\n|turn|7\n|\n|t:|1776549869\n|move|p2b: Floette|Moonblast|p1b: Kingambit\n|-damage|p1b: Kingambit|24/100\n|move|p1b: Kingambit|Iron Head|p2b: Floette\n|-supereffective|p2b: Floette|1\n|-damage|p2b: Floette|0 fnt\n|faint|p2b: Floette\n|\n|win|slimeslatt252\n|raw|slimeslatt252's rating: 1543 &rarr; <strong>1558</strong><br />(+15 for winning)\n|raw|zocktropey's rating: 1456 &rarr; <strong>1441</strong><br />(-15 for losing)\n|c|\u2606slimeslatt252|ggwp\n|c|\u2606slimeslatt252|close!!\n|l|\u2606zocktropey\n|player|p2|\n|l| B. Farro\n",
  "uploadtime": 1776549917,
  "views": 20,
  "formatid": "gen9championsvgc2026regma",
  "rating": 1441,
  "private": 0,
  "password": null
}