{
  "id": "gen9championsvgc2026regma-2582303525",
  "format": "[Gen 9 Champions] VGC 2026 Reg M-A",
  "players": [
    "ReVeRBaSS",
    "no1.pokemon"
  ],
  "log": "|j|\u2606ReVeRBaSS\n|j|\u2606no1.pokemon\n|t:|1776081523\n|gametype|doubles\n|player|p1|ReVeRBaSS|169|1077\n|player|p2|no1.pokemon|alec-anime|1029\n|gen|9\n|tier|[Gen 9 Champions] VGC 2026 Reg M-A\n|rated|\n|rule|Species Clause: Limit one of each Pok\u00e9mon\n|rule|Item Clause: Limit 1 of each item\n|clearpoke\n|poke|p1|Arcanine, L50, M|\n|poke|p1|Rotom-Wash, L50|\n|poke|p1|Garchomp, L50, M|\n|poke|p1|Venusaur, L50, M|\n|poke|p1|Corviknight, L50, F|\n|poke|p1|Sneasler, L50, F|\n|poke|p2|Tyranitar, L50, M|\n|poke|p2|Excadrill, L50, M|\n|poke|p2|Greninja-*, L50, F|\n|poke|p2|Maushold-Four, L50|\n|poke|p2|Incineroar, L50, M|\n|poke|p2|Farigiraf, L50, M|\n|teampreview|4\n|inactive|Battle timer is ON: inactive players will automatically lose when time's up. (requested by no1.pokemon)\n|inactive|ReVeRBaSS has 60 seconds left.\n|\n|t:|1776081562\n|teamsize|p1|4\n|teamsize|p2|4\n|start\n|switch|p1a: Corviknight|Corviknight, L50, F|100/100\n|switch|p1b: Garchomp|Garchomp, L50, M|100/100\n|switch|p2a: Tyranitar|Tyranitar, L50, M|100/100\n|switch|p2b: Excadrill|Excadrill, L50, M|100/100\n|-weather|Sandstorm|[from] ability: Sand Stream|[of] p2a: Tyranitar\n|turn|1\n|\n|t:|1776081582\n|switch|p2a: Incineroar|Incineroar, L50, M, shiny|100/100\n|-ability|p2a: Incineroar|Intimidate|boost\n|-ability|p1a: Corviknight|Mirror Armor\n|-unboost|p2a: Incineroar|atk|1\n|-unboost|p1b: Garchomp|atk|1\n|-enditem|p1b: Garchomp|White Herb\n|-clearnegativeboost|p1b: Garchomp|[silent]\n|move|p2b: Excadrill|Protect|p2b: Excadrill\n|-singleturn|p2b: Excadrill|Protect\n|move|p1b: Garchomp|Earthquake|p2b: Excadrill|[spread] p2a\n|-activate|p2b: Excadrill|move: Protect\n|-immune|p1a: Corviknight\n|-supereffective|p2a: Incineroar|1\n|-damage|p2a: Incineroar|25/100\n|-enditem|p2a: Incineroar|Sitrus Berry|[eat]\n|-heal|p2a: Incineroar|50/100|[from] item: Sitrus Berry\n|move|p1a: Corviknight|Tailwind|p1a: Corviknight\n|-sidestart|p1: ReVeRBaSS|move: Tailwind\n|\n|-weather|Sandstorm|[upkeep]\n|-damage|p2a: Incineroar|44/100|[from] Sandstorm\n|upkeep\n|turn|2\n|inactive|ReVeRBaSS has 30 seconds left.\n|inactive|ReVeRBaSS has 20 seconds left.\n|inactive|ReVeRBaSS has 15 seconds left.\n|inactive|ReVeRBaSS has 10 seconds left.\n|inactive|ReVeRBaSS has 5 seconds left.\n|\n|t:|1776081633\n|move|p2a: Incineroar|Fake Out|p1b: Garchomp\n|-damage|p1b: Garchomp|93/100\n|-damage|p2a: Incineroar|32/100|[from] ability: Rough Skin|[of] p1b: Garchomp\n|cant|p1b: Garchomp|flinch\n|move|p2b: Excadrill|Swords Dance|p2b: Excadrill\n|-boost|p2b: Excadrill|atk|2\n|move|p1a: Corviknight|Iron Head|p2b: Excadrill\n|-resisted|p2b: Excadrill|1\n|-damage|p2b: Excadrill|80/100\n|\n|-weather|Sandstorm|[upkeep]\n|-damage|p2a: Incineroar|26/100|[from] Sandstorm\n|upkeep\n|turn|3\n|inactive|ReVeRBaSS has 30 seconds left.\n|\n|t:|1776081664\n|switch|p2a: Greninja|Greninja, L50, F|100/100\n|detailschange|p2b: Excadrill|Excadrill-Mega, L50, M\n|-mega|p2b: Excadrill|Excadrill|Excadrite\n|move|p1b: Garchomp|Earthquake|p2a: Greninja|[spread] p2a,p2b\n|-immune|p1a: Corviknight\n|-supereffective|p2b: Excadrill|1\n|-damage|p2a: Greninja|39/100\n|-damage|p2b: Excadrill|9/100\n|move|p1a: Corviknight|Brave Bird|p2a: Greninja\n|-damage|p2a: Greninja|0 fnt\n|faint|p2a: Greninja\n|-damage|p1a: Corviknight|91/100|[from] Recoil\n|move|p2b: Excadrill|Rock Slide|p1a: Corviknight|[spread] p1a,p1b\n|-resisted|p1b: Garchomp|1\n|-damage|p1a: Corviknight|50/100\n|-damage|p1b: Garchomp|68/100\n|\n|-weather|Sandstorm|[upkeep]\n|-heal|p1a: Corviknight|56/100|[from] item: Leftovers\n|upkeep\n|\n|t:|1776081685\n|switch|p2a: Incineroar|Incineroar, L50, M, shiny|26/100\n|-ability|p2a: Incineroar|Intimidate|boost\n|-ability|p1a: Corviknight|Mirror Armor\n|-unboost|p2a: Incineroar|atk|1\n|-unboost|p1b: Garchomp|atk|1\n|turn|4\n|\n|t:|1776081699\n|move|p2b: Excadrill|Protect|p2b: Excadrill\n|-singleturn|p2b: Excadrill|Protect\n|move|p2a: Incineroar|Fake Out|p1b: Garchomp\n|-damage|p1b: Garchomp|61/100\n|-damage|p2a: Incineroar|13/100|[from] ability: Rough Skin|[of] p1b: Garchomp\n|cant|p1b: Garchomp|flinch\n|move|p1a: Corviknight|Brave Bird|p2b: Excadrill\n|-activate|p2b: Excadrill|move: Protect\n|\n|-weather|Sandstorm|[upkeep]\n|-damage|p2a: Incineroar|7/100|[from] Sandstorm\n|-heal|p1a: Corviknight|61/100|[from] item: Leftovers\n|-sideend|p1: ReVeRBaSS|move: Tailwind\n|upkeep\n|turn|5\n|\n|t:|1776081711\n|move|p1b: Garchomp|Protect|p1b: Garchomp\n|-singleturn|p1b: Garchomp|Protect\n|move|p1a: Corviknight|Protect|p1a: Corviknight\n|-singleturn|p1a: Corviknight|Protect\n|move|p2b: Excadrill|Rock Slide|p1a: Corviknight|[spread] \n|-activate|p1a: Corviknight|move: Protect\n|-activate|p1b: Garchomp|move: Protect\n|move|p2a: Incineroar|Parting Shot|p1b: Garchomp\n|-activate|p1b: Garchomp|move: Protect\n|\n|-weather|none\n|-heal|p1a: Corviknight|67/100|[from] item: Leftovers\n|upkeep\n|turn|6\n|inactive|ReVeRBaSS has 30 seconds left.\n|inactive|ReVeRBaSS has 20 seconds left.\n|\n|t:|1776081747\n|switch|p2a: Tyranitar|Tyranitar, L50, M|100/100\n|-weather|Sandstorm|[from] ability: Sand Stream|[of] p2a: Tyranitar\n|move|p1b: Garchomp|Earthquake|p2b: Excadrill|[spread] p2a,p2b\n|-immune|p1a: Corviknight\n|-supereffective|p2a: Tyranitar|1\n|-supereffective|p2b: Excadrill|1\n|-damage|p2a: Tyranitar|63/100\n|-damage|p2b: Excadrill|0 fnt\n|faint|p2b: Excadrill\n|move|p1a: Corviknight|Brave Bird|p2a: Tyranitar\n|-resisted|p2a: Tyranitar|1\n|-damage|p2a: Tyranitar|46/100\n|-damage|p1a: Corviknight|62/100|[from] Recoil\n|\n|-weather|Sandstorm|[upkeep]\n|-heal|p1a: Corviknight|68/100|[from] item: Leftovers\n|upkeep\n|-message|no1.pokemon forfeited.\n|\n|win|ReVeRBaSS\n|raw|ReVeRBaSS's rating: 1077 &rarr; <strong>1102</strong><br />(+25 for winning)\n|raw|no1.pokemon's rating: 1029 &rarr; <strong>1017</strong><br />(-12 for losing)\n|l|\u2606ReVeRBaSS\n|player|p1|\n|l|\u2606no1.pokemon\n|player|p2|\n|j|\u2606no1.pokemon\n|player|p2|no1.pokemon|alec-anime|\n",
  "uploadtime": 1776081766,
  "views": 19,
  "formatid": "gen9championsvgc2026regma",
  "rating": 1017,
  "private": 0,
  "password": null
}