{
  "id": "gen9championsvgc2026regma-2582972721",
  "format": "[Gen 9 Champions] VGC 2026 Reg M-A",
  "players": [
    "Sneasler33",
    "SillyFishLips"
  ],
  "log": "|j|\u2606Sneasler33\n|j|\u2606SillyFishLips\n|t:|1776129741\n|gametype|doubles\n|player|p1|Sneasler33|dawn-gen4pt|1242\n|player|p2|SillyFishLips|169|1313\n|gen|9\n|tier|[Gen 9 Champions] VGC 2026 Reg M-A\n|rated|\n|rule|Species Clause: Limit one of each Pok\u00e9mon\n|rule|Item Clause: Limit 1 of each item\n|clearpoke\n|poke|p1|Corviknight, L50, F|\n|poke|p1|Incineroar, L50, M|\n|poke|p1|Tyranitar, L50, F|\n|poke|p1|Excadrill, L50, M|\n|poke|p1|Sinistcha, L50|\n|poke|p1|Floette-Eternal, L50, F|\n|poke|p2|Delphox, L50, F|\n|poke|p2|Aerodactyl, L50, M|\n|poke|p2|Garchomp, L50, M|\n|poke|p2|Milotic, L50, M|\n|poke|p2|Sneasler, L50, F|\n|poke|p2|Incineroar, L50, M|\n|teampreview|4\n|inactive|Battle timer is ON: inactive players will automatically lose when time's up. (requested by Sneasler33)\n|\n|t:|1776129769\n|teamsize|p1|4\n|teamsize|p2|4\n|start\n|switch|p1a: Corviknight|Corviknight, L50, F|100/100\n|switch|p1b: Tyranitar|Tyranitar, L50, F|100/100\n|switch|p2a: Incineroar|Incineroar, L50, M|100/100\n|switch|p2b: Delphox|Delphox, L50, F|100/100\n|-weather|Sandstorm|[from] ability: Sand Stream|[of] p1b: Tyranitar\n|-ability|p2a: Incineroar|Intimidate|boost\n|-ability|p1a: Corviknight|Mirror Armor\n|-unboost|p2a: Incineroar|atk|1\n|-unboost|p1b: Tyranitar|atk|1\n|turn|1\n|\n|t:|1776129789\n|detailschange|p2b: Delphox|Delphox-Mega, L50, F\n|-mega|p2b: Delphox|Delphox|Delphoxite\n|move|p2a: Incineroar|Fake Out|p1b: Tyranitar\n|-resisted|p1b: Tyranitar|1\n|-damage|p1b: Tyranitar|97/100\n|cant|p1b: Tyranitar|flinch\n|move|p2b: Delphox|Calm Mind|p2b: Delphox\n|-boost|p2b: Delphox|spa|1\n|-boost|p2b: Delphox|spd|1\n|move|p1a: Corviknight|Tailwind|p1a: Corviknight\n|-sidestart|p1: Sneasler33|move: Tailwind\n|\n|-weather|Sandstorm|[upkeep]\n|-damage|p2b: Delphox|95/100|[from] Sandstorm\n|-damage|p2a: Incineroar|95/100|[from] Sandstorm\n|upkeep\n|turn|2\n|\n|t:|1776129808\n|switch|p2a: Milotic|Milotic, L50, M|100/100\n|move|p2b: Delphox|Protect|p2b: Delphox\n|-singleturn|p2b: Delphox|Protect\n|move|p1b: Tyranitar|Knock Off|p2b: Delphox\n|-activate|p2b: Delphox|move: Protect\n|move|p1a: Corviknight|Body Press|p2a: Milotic\n|-damage|p2a: Milotic|76/100\n|\n|-weather|Sandstorm|[upkeep]\n|-damage|p2b: Delphox|89/100|[from] Sandstorm\n|-damage|p2a: Milotic|70/100|[from] Sandstorm\n|-heal|p2a: Milotic|76/100|[from] item: Leftovers\n|upkeep\n|turn|3\n|\n|t:|1776129832\n|move|p1b: Tyranitar|Knock Off|p2b: Delphox\n|-supereffective|p2b: Delphox|1\n|-damage|p2b: Delphox|33/100\n|move|p1a: Corviknight|Body Press|p2a: Milotic\n|-damage|p2a: Milotic|49/100\n|move|p2b: Delphox|Heat Wave|p1b: Tyranitar|[spread] p1a\n|-miss|p2b: Delphox|p1b: Tyranitar\n|-supereffective|p1a: Corviknight|1\n|-enditem|p1a: Corviknight|Occa Berry|[eat]\n|-enditem|p1a: Corviknight|Occa Berry|[weaken]\n|-damage|p1a: Corviknight|40/100\n|move|p2a: Milotic|Scald|p1b: Tyranitar\n|-supereffective|p1b: Tyranitar|1\n|-damage|p1b: Tyranitar|49/100\n|\n|-weather|Sandstorm|[upkeep]\n|-damage|p2b: Delphox|27/100|[from] Sandstorm\n|-damage|p2a: Milotic|43/100|[from] Sandstorm\n|-heal|p2a: Milotic|49/100|[from] item: Leftovers\n|upkeep\n|turn|4\n|\n|t:|1776129856\n|switch|p1b: Floette|Floette-Eternal, L50, F|100/100\n|switch|p2b: Incineroar|Incineroar, L50, M|95/100\n|-ability|p2b: Incineroar|Intimidate|boost\n|-ability|p1a: Corviknight|Mirror Armor\n|-unboost|p2b: Incineroar|atk|1\n|-unboost|p1b: Floette|atk|1\n|move|p1a: Corviknight|Body Press|p2a: Milotic\n|-damage|p2a: Milotic|23/100\n|move|p2a: Milotic|Recover|p2a: Milotic\n|-heal|p2a: Milotic|73/100\n|\n|-weather|Sandstorm|[upkeep]\n|-damage|p1b: Floette|94/100|[from] Sandstorm\n|-damage|p2a: Milotic|67/100|[from] Sandstorm\n|-damage|p2b: Incineroar|89/100|[from] Sandstorm\n|-heal|p2a: Milotic|73/100|[from] item: Leftovers\n|-sideend|p1: Sneasler33|move: Tailwind\n|upkeep\n|turn|5\n|\n|t:|1776129879\n|detailschange|p1b: Floette|Floette-Mega, L50, F\n|-mega|p1b: Floette|Floette|Floettite\n|-ability|p1b: Floette|Fairy Aura\n|move|p1b: Floette|Calm Mind|p1b: Floette\n|-boost|p1b: Floette|spa|1\n|-boost|p1b: Floette|spd|1\n|move|p2a: Milotic|Icy Wind|p1b: Floette|[spread] p1a,p1b\n|-damage|p1a: Corviknight|28/100\n|-damage|p1b: Floette|87/100\n|-ability|p1a: Corviknight|Mirror Armor\n|-unboost|p2a: Milotic|spe|1\n|-ability|p2a: Milotic|Competitive|boost\n|-boost|p2a: Milotic|spa|2\n|-unboost|p1b: Floette|spe|1\n|move|p1a: Corviknight|Tailwind|p1a: Corviknight\n|-sidestart|p1: Sneasler33|move: Tailwind\n|move|p2b: Incineroar|Parting Shot|p1b: Floette\n|-unboost|p1b: Floette|atk|1\n|-unboost|p1b: Floette|spa|1\n|\n|t:|1776129897\n|switch|p2b: Aerodactyl|Aerodactyl, L50, M|100/100|[from] Parting Shot\n|-ability|p2b: Aerodactyl|Unnerve\n|\n|-weather|none\n|-heal|p2a: Milotic|79/100|[from] item: Leftovers\n|upkeep\n|turn|6\n|\n|t:|1776129921\n|move|p1b: Floette|Dazzling Gleam|p2a: Milotic|[spread] p2a,p2b\n|-crit|p2b: Aerodactyl\n|-damage|p2a: Milotic|42/100\n|-damage|p2b: Aerodactyl|1/100\n|move|p2b: Aerodactyl|Tailwind|p2b: Aerodactyl\n|-sidestart|p2: SillyFishLips|move: Tailwind\n|move|p1a: Corviknight|Body Press|p2a: Milotic\n|-damage|p2a: Milotic|14/100\n|move|p2a: Milotic|Scald|p1b: Floette\n|-damage|p1b: Floette|47/100\n|-status|p1b: Floette|brn\n|\n|-heal|p2a: Milotic|20/100|[from] item: Leftovers\n|-damage|p1b: Floette|41/100 brn|[from] brn\n|upkeep\n|turn|7\n|\n|t:|1776129942\n|switch|p1a: Tyranitar|Tyranitar, L50, F|49/100\n|-weather|Sandstorm|[from] ability: Sand Stream|[of] p1a: Tyranitar\n|move|p2b: Aerodactyl|Rock Slide|p1a: Tyranitar|[spread] p1a,p1b\n|-damage|p1a: Tyranitar|21/100\n|-damage|p1b: Floette|6/100 brn\n|move|p1b: Floette|Dazzling Gleam|p2a: Milotic|[spread] p2a,p2b\n|-damage|p2a: Milotic|0 fnt\n|-damage|p2b: Aerodactyl|0 fnt\n|faint|p2a: Milotic\n|faint|p2b: Aerodactyl\n|\n|-weather|Sandstorm|[upkeep]\n|-damage|p1b: Floette|0 fnt|[from] Sandstorm\n|faint|p1b: Floette\n|upkeep\n|\n|t:|1776129956\n|switch|p2b: Incineroar|Incineroar, L50, M|89/100\n|switch|p1b: Sinistcha|Sinistcha, L50|100/100\n|switch|p2a: Delphox|Delphox-Mega, L50, F|27/100\n|-ability|p2b: Incineroar|Intimidate|boost\n|-unboost|p1a: Tyranitar|atk|1\n|-unboost|p1b: Sinistcha|atk|1\n|-heal|p1a: Tyranitar|46/100|[from] ability: Hospitality|[of] p1b: Sinistcha\n|turn|8\n|\n|t:|1776129971\n|switch|p1a: Corviknight|Corviknight, L50, F|28/100\n|move|p2b: Incineroar|Fake Out|p1a: Corviknight\n|-resisted|p1a: Corviknight|1\n|-damage|p1a: Corviknight|24/100\n|move|p2a: Delphox|Heat Wave|p1a: Corviknight|[spread] p1a,p1b\n|-supereffective|p1a: Corviknight|1\n|-supereffective|p1b: Sinistcha|1\n|-damage|p1a: Corviknight|0 fnt\n|-damage|p1b: Sinistcha|25/100\n|-enditem|p1b: Sinistcha|Sitrus Berry|[eat]\n|-heal|p1b: Sinistcha|50/100|[from] item: Sitrus Berry\n|faint|p1a: Corviknight\n|move|p1b: Sinistcha|Strength Sap|p2b: Incineroar\n|-unboost|p2b: Incineroar|atk|1\n|-heal|p1b: Sinistcha|100/100\n|\n|-weather|Sandstorm|[upkeep]\n|-damage|p2a: Delphox|22/100|[from] Sandstorm\n|-damage|p1b: Sinistcha|94/100|[from] Sandstorm\n|-damage|p2b: Incineroar|83/100|[from] Sandstorm\n|-sideend|p1: Sneasler33|move: Tailwind\n|upkeep\n|\n|t:|1776129979\n|switch|p1a: Tyranitar|Tyranitar, L50, F|46/100\n|turn|9\n|\n|t:|1776129994\n|move|p2a: Delphox|Heat Wave|p1a: Tyranitar|[spread] p1a,p1b\n|-resisted|p1a: Tyranitar|1\n|-supereffective|p1b: Sinistcha|1\n|-damage|p1a: Tyranitar|32/100\n|-damage|p1b: Sinistcha|13/100\n|move|p1a: Tyranitar|Knock Off|p2a: Delphox\n|-supereffective|p2a: Delphox|1\n|-damage|p2a: Delphox|0 fnt\n|faint|p2a: Delphox\n|move|p2b: Incineroar|Darkest Lariat|p1a: Tyranitar\n|-resisted|p1a: Tyranitar|1\n|-damage|p1a: Tyranitar|20/100\n|move|p1b: Sinistcha|Strength Sap|p2b: Incineroar\n|-unboost|p2b: Incineroar|atk|1\n|-heal|p1b: Sinistcha|75/100\n|\n|-weather|Sandstorm|[upkeep]\n|-damage|p2b: Incineroar|77/100|[from] Sandstorm\n|-damage|p1b: Sinistcha|69/100|[from] Sandstorm\n|-sideend|p2: SillyFishLips|move: Tailwind\n|upkeep\n|turn|10\n|\n|t:|1776130013\n|move|p1a: Tyranitar|Knock Off|p2b: Incineroar\n|-resisted|p2b: Incineroar|1\n|-damage|p2b: Incineroar|52/100\n|-enditem|p2b: Incineroar|Sitrus Berry|[from] move: Knock Off|[of] p1a: Tyranitar\n|move|p1b: Sinistcha|Strength Sap|p2b: Incineroar\n|-unboost|p2b: Incineroar|atk|1\n|-heal|p1b: Sinistcha|100/100\n|move|p2b: Incineroar|Flare Blitz|p1a: Tyranitar\n|-resisted|p1a: Tyranitar|1\n|-damage|p1a: Tyranitar|8/100\n|-damage|p2b: Incineroar|49/100|[from] Recoil\n|\n|-weather|Sandstorm|[upkeep]\n|-damage|p1b: Sinistcha|94/100|[from] Sandstorm\n|-damage|p2b: Incineroar|43/100|[from] Sandstorm\n|upkeep\n|turn|11\n|-message|SillyFishLips forfeited.\n|\n|win|Sneasler33\n|raw|Sneasler33's rating: 1242 &rarr; <strong>1272</strong><br />(+30 for winning)\n|raw|SillyFishLips's rating: 1313 &rarr; <strong>1289</strong><br />(-24 for losing)\n|l|\u2606SillyFishLips\n|player|p2|\n|c|\u2606Sneasler33|Gg\n",
  "uploadtime": 1776130032,
  "views": 20,
  "formatid": "gen9championsvgc2026regma",
  "rating": 1272,
  "private": 0,
  "password": null
}