{
  "id": "gen9championsvgc2026regma-2587915465",
  "format": "[Gen 9 Champions] VGC 2026 Reg M-A",
  "players": [
    "TheGamingMammoth",
    "l2y3c2"
  ],
  "log": "|j|\u2606TheGamingMammoth\n|j|\u2606l2y3c2\n|t:|1776578521\n|gametype|doubles\n|player|p1|TheGamingMammoth|1|1234\n|player|p2|l2y3c2|1|1201\n|gen|9\n|tier|[Gen 9 Champions] VGC 2026 Reg M-A\n|rated|\n|rule|Species Clause: Limit one of each Pok\u00e9mon\n|rule|Item Clause: Limit 1 of each item\n|clearpoke\n|poke|p1|Politoed, L50, F|\n|poke|p1|Venusaur, L50, F|\n|poke|p1|Charizard, L50, F, shiny|\n|poke|p1|Clefable, L50, M|\n|poke|p1|Scizor, L50, M|\n|poke|p1|Sableye, L50, F|\n|poke|p2|Incineroar, L50, M|\n|poke|p2|Garchomp, L50, M|\n|poke|p2|Corviknight, L50, M|\n|poke|p2|Rotom-Wash, L50|\n|poke|p2|Venusaur, L50, F|\n|poke|p2|Maushold-Four, L50|\n|teampreview|4\n|\n|t:|1776578577\n|teamsize|p1|4\n|teamsize|p2|4\n|start\n|switch|p1a: Politoed|Politoed, L50, F|100/100\n|switch|p1b: Clefable|Clefable, L50, M|100/100\n|switch|p2a: Rotom|Rotom-Wash, L50|100/100\n|switch|p2b: Garchomp|Garchomp, L50, M|100/100\n|-weather|RainDance|[from] ability: Drizzle|[of] p1a: Politoed\n|turn|1\n|\n|t:|1776578610\n|switch|p2b: Incineroar|Incineroar, L50, M|100/100\n|-ability|p2b: Incineroar|Intimidate|boost\n|-unboost|p1a: Politoed|atk|1\n|-unboost|p1b: Clefable|atk|1\n|move|p1b: Clefable|Follow Me|p1b: Clefable\n|-singleturn|p1b: Clefable|move: Follow Me\n|move|p1a: Politoed|Ice Beam|p2b: Incineroar\n|-resisted|p2b: Incineroar|1\n|-damage|p2b: Incineroar|92/100\n|move|p2a: Rotom|Volt Switch|p1b: Clefable\n|-damage|p1b: Clefable|71/100\n|\n|t:|1776578625\n|switch|p2a: Venusaur|Venusaur, L50, F|100/100|[from] Volt Switch\n|\n|-weather|RainDance|[upkeep]\n|upkeep\n|turn|2\n|\n|t:|1776578650\n|switch|p1a: Scizor|Scizor, L50, M|100/100\n|detailschange|p2a: Venusaur|Venusaur-Mega, L50, F\n|-mega|p2a: Venusaur|Venusaur|Venusaurite\n|move|p1b: Clefable|Protect|p1b: Clefable\n|-singleturn|p1b: Clefable|Protect\n|move|p2a: Venusaur|Sludge Bomb|p1b: Clefable\n|-activate|p1b: Clefable|move: Protect\n|move|p2b: Incineroar|Parting Shot|p1a: Scizor\n|-unboost|p1a: Scizor|atk|1\n|-unboost|p1a: Scizor|spa|1\n|\n|t:|1776578670\n|switch|p2b: Rotom|Rotom-Wash, L50|100/100|[from] Parting Shot\n|\n|-weather|RainDance|[upkeep]\n|upkeep\n|turn|3\n|\n|t:|1776578694\n|switch|p2a: Incineroar|Incineroar, L50, M|92/100\n|-ability|p2a: Incineroar|Intimidate|boost\n|-unboost|p1a: Scizor|atk|1\n|-unboost|p1b: Clefable|atk|1\n|switch|p1b: Sableye|Sableye, L50, F|100/100\n|move|p2b: Rotom|Hydro Pump|p1b: Sableye\n|-damage|p1b: Sableye|0 fnt\n|faint|p1b: Sableye\n|move|p1a: Scizor|Swords Dance|p1a: Scizor\n|-boost|p1a: Scizor|atk|2\n|\n|-weather|RainDance|[upkeep]\n|upkeep\n|\n|t:|1776578711\n|switch|p1b: Politoed|Politoed, L50, F|100/100\n|turn|4\n|\n|t:|1776578731\n|move|p2a: Incineroar|Fake Out|p1a: Scizor\n|-resisted|p1a: Scizor|1\n|-damage|p1a: Scizor|95/100\n|move|p1b: Politoed|Muddy Water|p2a: Incineroar|[spread] p2a,p2b\n|-supereffective|p2a: Incineroar|1\n|-resisted|p2b: Rotom|1\n|-damage|p2a: Incineroar|32/100\n|-damage|p2b: Rotom|79/100\n|-unboost|p2a: Incineroar|accuracy|1\n|move|p2b: Rotom|Thunderbolt|p1b: Politoed\n|-supereffective|p1b: Politoed|1\n|-damage|p1b: Politoed|0 fnt\n|faint|p1b: Politoed\n|cant|p1a: Scizor|flinch\n|\n|-weather|RainDance|[upkeep]\n|upkeep\n|\n|t:|1776578742\n|switch|p1b: Clefable|Clefable, L50, M|71/100\n|turn|5\n|\n|t:|1776578763\n|move|p2b: Rotom|Hydro Pump|p1a: Scizor\n|-damage|p1a: Scizor|0 fnt\n|faint|p1a: Scizor\n|move|p2a: Incineroar|Parting Shot|p1b: Clefable\n|-unboost|p1b: Clefable|atk|1\n|-unboost|p1b: Clefable|spa|1\n|-message|TheGamingMammoth forfeited.\n|\n|win|l2y3c2\n|raw|TheGamingMammoth's rating: 1234 &rarr; <strong>1207</strong><br />(-27 for losing)\n|raw|l2y3c2's rating: 1201 &rarr; <strong>1228</strong><br />(+27 for winning)\n",
  "uploadtime": 1776578768,
  "views": 13,
  "formatid": "gen9championsvgc2026regma",
  "rating": 1207,
  "private": 0,
  "password": null
}