{
  "id": "gen9championsvgc2026regma-2585393200",
  "format": "[Gen 9 Champions] VGC 2026 Reg M-A",
  "players": [
    "Azure Resolution",
    "HCaldwell333"
  ],
  "log": "|j|\u2606Azure Resolution\n|j|\u2606HCaldwell333\n|t:|1776343969\n|gametype|doubles\n|player|p1|Azure Resolution|gentleman-gen4dp|1162\n|player|p2|HCaldwell333|169|1139\n|gen|9\n|tier|[Gen 9 Champions] VGC 2026 Reg M-A\n|rated|\n|rule|Species Clause: Limit one of each Pok\u00e9mon\n|rule|Item Clause: Limit 1 of each item\n|clearpoke\n|poke|p1|Altaria, L50, F|\n|poke|p1|Delphox, L50, F|\n|poke|p1|Kingambit, L50, F|\n|poke|p1|Basculegion, L50, M|\n|poke|p1|Rotom-Wash, L50|\n|poke|p1|Sableye, L50, M|\n|poke|p2|Gengar, L50, F|\n|poke|p2|Tyranitar, L50, M|\n|poke|p2|Excadrill, L50, M|\n|poke|p2|Corviknight, L50, M|\n|poke|p2|Incineroar, L50, F|\n|poke|p2|Hydreigon, L50, M|\n|teampreview|4\n|\n|t:|1776344037\n|teamsize|p1|4\n|teamsize|p2|4\n|start\n|switch|p1a: Silly Goose|Altaria, L50, F|100/100\n|switch|p1b: Rotom|Rotom-Wash, L50|100/100\n|switch|p2a: Hydreigon|Hydreigon, L50, M|100/100\n|switch|p2b: Tyranitar|Tyranitar, L50, M|100/100\n|-ability|p1a: Silly Goose|Cloud Nine\n|-weather|Sandstorm|[from] ability: Sand Stream|[of] p2b: Tyranitar\n|turn|1\n|\n|t:|1776344079\n|move|p1a: Silly Goose|Protect|p1a: Silly Goose\n|-singleturn|p1a: Silly Goose|Protect\n|move|p2b: Tyranitar|Protect|p2b: Tyranitar\n|-singleturn|p2b: Tyranitar|Protect\n|move|p2a: Hydreigon|Draco Meteor|p1b: Rotom|[miss]\n|-miss|p2a: Hydreigon|p1b: Rotom\n|move|p1b: Rotom|Hydro Pump|p2b: Tyranitar\n|-activate|p2b: Tyranitar|move: Protect\n|\n|-weather|Sandstorm|[upkeep]\n|upkeep\n|turn|2\n|inactive|Battle timer is ON: inactive players will automatically lose when time's up. (requested by HCaldwell333)\n|\n|t:|1776344135\n|detailschange|p2b: Tyranitar|Tyranitar-Mega, L50, M\n|-mega|p2b: Tyranitar|Tyranitar|Tyranitarite\n|move|p2a: Hydreigon|Draco Meteor|p1b: Rotom\n|-damage|p1b: Rotom|18/100\n|-unboost|p2a: Hydreigon|spa|2\n|move|p1b: Rotom|Hydro Pump|p2b: Tyranitar\n|-supereffective|p2b: Tyranitar|1\n|-damage|p2b: Tyranitar|40/100\n|move|p1a: Silly Goose|Tailwind|p1a: Silly Goose\n|-sidestart|p1: Azure Resolution|move: Tailwind\n|move|p2b: Tyranitar|Rock Slide|p1b: Rotom|[spread] p1a,p1b\n|-supereffective|p1a: Silly Goose|1\n|-damage|p1a: Silly Goose|18/100\n|-damage|p1b: Rotom|0 fnt\n|-enditem|p1a: Silly Goose|Sitrus Berry|[eat]\n|-heal|p1a: Silly Goose|43/100|[from] item: Sitrus Berry\n|faint|p1b: Rotom\n|\n|-weather|Sandstorm|[upkeep]\n|upkeep\n|\n|t:|1776344150\n|switch|p1b: Basculegion|Basculegion, L50, M|100/100\n|turn|3\n|inactive|Azure Resolution has 30 seconds left.\n|\n|t:|1776344176\n|switch|p2a: Gengar|Gengar, L50, F|100/100\n|switch|p2b: Excadrill|Excadrill, L50, M|100/100\n|move|p1b: Basculegion|Wave Crash|p2a: Gengar\n|-damage|p2a: Gengar|0 fnt\n|faint|p2a: Gengar\n|-damage|p1b: Basculegion|75/100|[from] Recoil\n|move|p1a: Silly Goose|Breaking Swipe|p2b: Excadrill\n|-resisted|p2b: Excadrill|1\n|-damage|p2b: Excadrill|89/100\n|-unboost|p2b: Excadrill|atk|1\n|\n|-weather|Sandstorm|[upkeep]\n|upkeep\n|\n|t:|1776344191\n|switch|p2a: Hydreigon|Hydreigon, L50, M|100/100\n|turn|4\n|inactive|Azure Resolution has 30 seconds left.\n|\n|t:|1776344224\n|move|p1b: Basculegion|Wave Crash|p2a: Hydreigon\n|-resisted|p2a: Hydreigon|1\n|-damage|p2a: Hydreigon|57/100\n|-damage|p1b: Basculegion|62/100|[from] Recoil\n|move|p2a: Hydreigon|Snarl|p1a: Silly Goose|[spread] p1a,p1b\n|-supereffective|p1b: Basculegion|1\n|-damage|p1a: Silly Goose|26/100\n|-damage|p1b: Basculegion|10/100\n|-unboost|p1a: Silly Goose|spa|1\n|-unboost|p1b: Basculegion|spa|1\n|move|p1a: Silly Goose|Breaking Swipe|p2b: Excadrill|[spread] p2a,p2b\n|-supereffective|p2a: Hydreigon|1\n|-resisted|p2b: Excadrill|1\n|-damage|p2a: Hydreigon|33/100\n|-damage|p2b: Excadrill|80/100\n|-unboost|p2a: Hydreigon|atk|1\n|-unboost|p2b: Excadrill|atk|1\n|move|p2b: Excadrill|Rock Slide|p1a: Silly Goose|[spread] p1a,p1b\n|-supereffective|p1a: Silly Goose|1\n|-damage|p1a: Silly Goose|2/100\n|-damage|p1b: Basculegion|0 fnt\n|faint|p1b: Basculegion\n|\n|-weather|Sandstorm|[upkeep]\n|upkeep\n|\n|t:|1776344244\n|switch|p1b: Delphox|Delphox, L50, F|100/100\n|turn|5\n|inactive|Azure Resolution has 30 seconds left.\n|inactive|HCaldwell333 has 30 seconds left.\n|\n|t:|1776344273\n|switch|p2a: Tyranitar|Tyranitar-Mega, L50, M|40/100\n|detailschange|p1b: Delphox|Delphox-Mega, L50, F\n|-mega|p1b: Delphox|Delphox|Delphoxite\n|move|p1a: Silly Goose|Protect|p1a: Silly Goose\n|-singleturn|p1a: Silly Goose|Protect\n|move|p2b: Excadrill|Protect|p2b: Excadrill\n|-singleturn|p2b: Excadrill|Protect\n|move|p1b: Delphox|Heat Wave|p2b: Excadrill|[spread] p2a\n|-activate|p2b: Excadrill|move: Protect\n|-resisted|p2a: Tyranitar|1\n|-damage|p2a: Tyranitar|23/100\n|\n|-weather|none\n|-sideend|p1: Azure Resolution|move: Tailwind\n|upkeep\n|turn|6\n|inactive|Azure Resolution has 30 seconds left.\n|\n|t:|1776344298\n|move|p1b: Delphox|Heat Wave|p2b: Excadrill|[spread] p2a\n|-miss|p1b: Delphox|p2b: Excadrill\n|-resisted|p2a: Tyranitar|1\n|-damage|p2a: Tyranitar|7/100\n|move|p2b: Excadrill|Rock Slide|p1a: Silly Goose|[spread] p1a,p1b\n|-supereffective|p1a: Silly Goose|1\n|-supereffective|p1b: Delphox|1\n|-damage|p1a: Silly Goose|0 fnt\n|-damage|p1b: Delphox|65/100\n|faint|p1a: Silly Goose\n|move|p2a: Tyranitar|Rock Slide|p1b: Delphox\n|-supereffective|p1b: Delphox|1\n|-damage|p1b: Delphox|0 fnt\n|faint|p1b: Delphox\n|\n|win|HCaldwell333\n|raw|Azure Resolution's rating: 1162 &rarr; <strong>1135</strong><br />(-27 for losing)\n|raw|HCaldwell333's rating: 1139 &rarr; <strong>1166</strong><br />(+27 for winning)\n|l|\u2606HCaldwell333\n|player|p2|\n",
  "uploadtime": 1776344314,
  "views": 30,
  "formatid": "gen9championsvgc2026regma",
  "rating": 1135,
  "private": 0,
  "password": null
}