{
  "id": "gen9championsvgc2026regma-2587637960",
  "format": "[Gen 9 Champions] VGC 2026 Reg M-A",
  "players": [
    "Aeterna Act 2",
    "farasa"
  ],
  "log": "|j|\u2606Aeterna Act 2\n|j|\u2606farasa\n|t:|1776549261\n|gametype|doubles\n|player|p1|Aeterna Act 2|marnie|1064\n|player|p2|farasa|byron|1033\n|gen|9\n|tier|[Gen 9 Champions] VGC 2026 Reg M-A\n|rated|\n|rule|Species Clause: Limit one of each Pok\u00e9mon\n|rule|Item Clause: Limit 1 of each item\n|clearpoke\n|poke|p1|Aggron, L50, F|\n|poke|p1|Sinistcha, L50|\n|poke|p1|Incineroar, L50, M|\n|poke|p1|Alakazam, L50, F|\n|poke|p1|Rotom-Wash, L50|\n|poke|p1|Zoroark-Hisui, L50, F|\n|poke|p2|Scovillain, L50, M|\n|poke|p2|Incineroar, L50, M|\n|poke|p2|Farigiraf, L50, M|\n|poke|p2|Gallade, L50, M|\n|poke|p2|Kingambit, L50, M|\n|poke|p2|Pelipper, L50, F|\n|teampreview|4\n|\n|t:|1776549301\n|teamsize|p1|4\n|teamsize|p2|4\n|start\n|switch|p1a: Alakazam|Alakazam, L50, F|100/100\n|switch|p1b: Incineroar|Incineroar, L50, M|100/100\n|switch|p2a: Farigiraf|Farigiraf, L50, M|100/100\n|switch|p2b: Scovillain|Scovillain, L50, M|100/100\n|-ability|p1b: Incineroar|Intimidate|boost\n|-unboost|p2a: Farigiraf|atk|1\n|-unboost|p2b: Scovillain|atk|1\n|turn|1\n|\n|t:|1776549334\n|detailschange|p2b: Scovillain|Scovillain-Mega, L50, M\n|-mega|p2b: Scovillain|Scovillain|Scovillainite\n|move|p2b: Scovillain|Rage Powder|p2b: Scovillain\n|-singleturn|p2b: Scovillain|move: Rage Powder\n|move|p1a: Alakazam|Sludge Bomb|p2b: Scovillain\n|-supereffective|p2b: Scovillain|1\n|-damage|p2b: Scovillain|38/100\n|-status|p2b: Scovillain|psn\n|-status|p1a: Alakazam|brn|[from] ability: Spicy Spray|[of] p2b: Scovillain\n|move|p1b: Incineroar|Parting Shot|p2b: Scovillain\n|-unboost|p2b: Scovillain|atk|1\n|-unboost|p2b: Scovillain|spa|1\n|\n|t:|1776549350\n|switch|p1b: Aggron|Aggron, L50, F|100/100|[from] Parting Shot\n|move|p2a: Farigiraf|Trick Room|p2a: Farigiraf\n|-fieldstart|move: Trick Room|[of] p2a: Farigiraf\n|\n|-damage|p2b: Scovillain|25/100 psn|[from] psn\n|-damage|p1a: Alakazam|94/100 brn|[from] brn\n|upkeep\n|turn|2\n|\n|t:|1776549372\n|detailschange|p1b: Aggron|Aggron-Mega, L50, F\n|-mega|p1b: Aggron|Aggron|Aggronite\n|move|p1b: Aggron|Iron Defense|p1b: Aggron\n|-boost|p1b: Aggron|def|2\n|move|p2a: Farigiraf|Hyper Voice|p1b: Aggron|[spread] p1b\n|-immune|p1a: Alakazam\n|-resisted|p1b: Aggron|1\n|-damage|p1b: Aggron|86/100\n|move|p2b: Scovillain|Leech Seed|p1b: Aggron\n|-start|p1b: Aggron|move: Leech Seed\n|move|p1a: Alakazam|Hyper Voice|p2a: Farigiraf|[spread] p2a,p2b\n|-damage|p2a: Farigiraf|71/100\n|-damage|p2b: Scovillain|0 fnt\n|faint|p2b: Scovillain\n|\n|-damage|p1a: Alakazam|88/100 brn|[from] brn\n|upkeep\n|\n|t:|1776549386\n|switch|p2b: Incineroar|Incineroar, L50, M|100/100\n|-ability|p2b: Incineroar|Intimidate|boost\n|-unboost|p1a: Alakazam|atk|1\n|-unboost|p1b: Aggron|atk|1\n|turn|3\n|\n|t:|1776549408\n|switch|p1a: Incineroar|Incineroar, L50, M|100/100\n|-ability|p1a: Incineroar|Intimidate|boost\n|-unboost|p2a: Farigiraf|atk|1\n|-unboost|p2b: Incineroar|atk|1\n|-enditem|p2b: Incineroar|White Herb\n|-clearnegativeboost|p2b: Incineroar|[silent]\n|move|p2b: Incineroar|Fake Out|p1b: Aggron\n|-resisted|p1b: Aggron|1\n|-damage|p1b: Aggron|84/100\n|cant|p1b: Aggron|flinch\n|move|p2a: Farigiraf|Psychic|p1a: Incineroar\n|-immune|p1a: Incineroar\n|\n|-damage|p1b: Aggron|72/100|[from] Leech Seed|[of] p2b: Incineroar\n|upkeep\n|turn|4\n|\n|t:|1776549433\n|move|p1b: Aggron|Body Press|p2b: Incineroar\n|-supereffective|p2b: Incineroar|1\n|-damage|p2b: Incineroar|0 fnt\n|faint|p2b: Incineroar\n|move|p2a: Farigiraf|Hyper Voice|p1b: Aggron|[spread] p1a,p1b\n|-resisted|p1b: Aggron|1\n|-damage|p1a: Incineroar|78/100\n|-damage|p1b: Aggron|59/100\n|move|p1a: Incineroar|Flare Blitz|p2a: Farigiraf\n|-damage|p2a: Farigiraf|24/100\n|-enditem|p2a: Farigiraf|Sitrus Berry|[eat]\n|-heal|p2a: Farigiraf|49/100|[from] item: Sitrus Berry\n|-damage|p1a: Incineroar|62/100|[from] Recoil\n|\n|upkeep\n|\n|t:|1776549445\n|switch|p2b: Gallade|Gallade, L50, M|100/100\n|turn|5\n|\n|t:|1776549477\n|switch|p1b: Alakazam|Alakazam, L50, F|88/100 brn\n|switch|p1a: Alakazam|Alakazam, L50, F|100/100\n|move|p2a: Farigiraf|Hyper Voice|p1b: Alakazam|[spread] p1a\n|-immune|p1b: Alakazam\n|-damage|p1a: Alakazam|59/100\n|move|p2b: Gallade|Sacred Sword|p1b: Alakazam\n|-immune|p1b: Alakazam\n|\n|-damage|p1b: Alakazam|82/100 brn|[from] brn\n|-fieldend|move: Trick Room\n|upkeep\n|turn|6\n|-message|farasa forfeited.\n|\n|win|Aeterna Act 2\n|raw|Aeterna Act 2's rating: 1064 &rarr; <strong>1092</strong><br />(+28 for winning)\n|raw|farasa's rating: 1033 &rarr; <strong>1019</strong><br />(-14 for losing)\n|l|\u2606farasa\n|player|p2|\n",
  "uploadtime": 1776549494,
  "views": 12,
  "formatid": "gen9championsvgc2026regma",
  "rating": 1019,
  "private": 0,
  "password": null
}