{
  "id": "gen9championsvgc2026regma-2588377215",
  "format": "[Gen 9 Champions] VGC 2026 Reg M-A",
  "players": [
    "hhuytrghh",
    "RainReqiuem"
  ],
  "log": "|j|\u2606hhuytrghh\n|j|\u203dRainReqiuem\n|t:|1776628436\n|gametype|doubles\n|player|p1|hhuytrghh|1|1043\n|player|p2|RainReqiuem|2|1000\n|gen|9\n|tier|[Gen 9 Champions] VGC 2026 Reg M-A\n|rated|\n|rule|Species Clause: Limit one of each Pok\u00e9mon\n|rule|Item Clause: Limit 1 of each item\n|clearpoke\n|poke|p1|Arcanine-Hisui, L50, M|\n|poke|p1|Froslass, L50, F|\n|poke|p1|Jolteon, L50, F|\n|poke|p1|Garchomp, L50, F|\n|poke|p1|Sneasler, L50, F|\n|poke|p1|Milotic, L50, M|\n|poke|p2|Pelipper, L50, M|\n|poke|p2|Archaludon, L50, F, shiny|\n|poke|p2|Dragonite, L50, M|\n|poke|p2|Basculegion-F, L50, F|\n|poke|p2|Sneasler, L50, F, shiny|\n|poke|p2|Meganium, L50, M|\n|teampreview|4\n|\n|t:|1776628502\n|teamsize|p1|4\n|teamsize|p2|4\n|start\n|switch|p1a: Jolteon|Jolteon, L50, F|100/100\n|switch|p1b: Froslass|Froslass, L50, F|100/100\n|switch|p2a: Pelipper|Pelipper, L50, M|100/100\n|switch|p2b: Sneasler|Sneasler, L50, F, shiny|100/100\n|-weather|RainDance|[from] ability: Drizzle|[of] p2a: Pelipper\n|turn|1\n|\n|t:|1776628539\n|switch|p2a: Meganium|Meganium, L50, M|100/100\n|detailschange|p1b: Froslass|Froslass-Mega, L50, F\n|-mega|p1b: Froslass|Froslass|Froslassite\n|-weather|Snowscape|[from] ability: Snow Warning|[of] p1b: Froslass\n|move|p2b: Sneasler|Fake Out|p1a: Jolteon\n|-damage|p1a: Jolteon|74/100\n|cant|p1a: Jolteon|flinch\n|move|p1b: Froslass|Blizzard|p2b: Sneasler|[spread] p2a,p2b\n|-supereffective|p2a: Meganium|1\n|-damage|p2a: Meganium|11/100\n|-damage|p2b: Sneasler|35/100\n|\n|-weather|Snowscape|[upkeep]\n|upkeep\n|turn|2\n|\n|t:|1776628577\n|switch|p2b: Pelipper|Pelipper, L50, M|100/100\n|-weather|RainDance|[from] ability: Drizzle|[of] p2b: Pelipper\n|detailschange|p2a: Meganium|Meganium-Mega, L50, M\n|-mega|p2a: Meganium|Meganium|Meganiumite\n|move|p1a: Jolteon|Protect|p1a: Jolteon\n|-singleturn|p1a: Jolteon|Protect\n|move|p1b: Froslass|Blizzard|p2b: Pelipper|[spread] p2b\n|-miss|p1b: Froslass|p2a: Meganium\n|-damage|p2b: Pelipper|15/100\n|move|p2a: Meganium|Weather Ball|p1b: Froslass\n|-supereffective|p1b: Froslass|1\n|-damage|p1b: Froslass|0 fnt\n|faint|p1b: Froslass\n|\n|-weather|RainDance|[upkeep]\n|upkeep\n|\n|t:|1776628598\n|switch|p1b: Sneasler|Sneasler, L50, F|100/100\n|turn|3\n|\n|t:|1776628612\n|move|p2b: Pelipper|Protect|p2b: Pelipper\n|-singleturn|p2b: Pelipper|Protect\n|move|p2a: Meganium|Protect|p2a: Meganium\n|-singleturn|p2a: Meganium|Protect\n|move|p1b: Sneasler|Fake Out|p2b: Pelipper\n|-activate|p2b: Pelipper|move: Protect\n|move|p1a: Jolteon|Electroweb|p2a: Meganium|[spread] \n|-activate|p2a: Meganium|move: Protect\n|-activate|p2b: Pelipper|move: Protect\n|\n|-weather|RainDance|[upkeep]\n|upkeep\n|turn|4\n|\n|t:|1776628661\n|move|p2a: Meganium|Protect||[still]\n|-fail|p2a: Meganium\n|move|p1a: Jolteon|Electroweb|p2b: Pelipper|[spread] p2a,p2b\n|-resisted|p2a: Meganium|1\n|-crit|p2a: Meganium\n|-supereffective|p2b: Pelipper|2\n|-damage|p2a: Meganium|0 fnt\n|-damage|p2b: Pelipper|0 fnt\n|faint|p2a: Meganium\n|faint|p2b: Pelipper\n|move|p1b: Sneasler|Dire Claw|p2: Meganium|[notarget]\n|-fail|p1b: Sneasler\n|\n|-weather|RainDance|[upkeep]\n|upkeep\n|\n|t:|1776628676\n|switch|p2b: Basculegion|Basculegion-F, L50, F|100/100\n|switch|p2a: Sneasler|Sneasler, L50, F, shiny|35/100\n|turn|5\n|\n|t:|1776628698\n|move|p2b: Basculegion|Protect|p2b: Basculegion\n|-singleturn|p2b: Basculegion|Protect\n|move|p1a: Jolteon|Protect|p1a: Jolteon\n|-singleturn|p1a: Jolteon|Protect\n|move|p1b: Sneasler|Protect|p1b: Sneasler\n|-singleturn|p1b: Sneasler|Protect\n|move|p2a: Sneasler|Close Combat|p1b: Sneasler\n|-activate|p1b: Sneasler|move: Protect\n|\n|-weather|RainDance|[upkeep]\n|upkeep\n|turn|6\n|\n|t:|1776628728\n|move|p2b: Basculegion|Last Respects|p1a: Jolteon\n|-damage|p1a: Jolteon|0 fnt\n|faint|p1a: Jolteon\n|move|p2a: Sneasler|Close Combat|p1b: Sneasler\n|-resisted|p1b: Sneasler|1\n|-damage|p1b: Sneasler|43/100\n|-unboost|p2a: Sneasler|def|1\n|-unboost|p2a: Sneasler|spd|1\n|-enditem|p2a: Sneasler|White Herb\n|-clearnegativeboost|p2a: Sneasler|[silent]\n|move|p1b: Sneasler|Dire Claw|p2b: Basculegion\n|-resisted|p2b: Basculegion|1\n|-damage|p2b: Basculegion|73/100\n|-status|p2b: Basculegion|slp\n|\n|-weather|none\n|upkeep\n|\n|t:|1776628744\n|switch|p1a: Milotic|Milotic, L50, M|100/100\n|turn|7\n|\n|t:|1776628794\n|move|p1b: Sneasler|Protect|p1b: Sneasler\n|-singleturn|p1b: Sneasler|Protect\n|move|p2a: Sneasler|Close Combat|p1b: Sneasler\n|-activate|p1b: Sneasler|move: Protect\n|cant|p2b: Basculegion|slp\n|move|p1a: Milotic|Muddy Water|p2b: Basculegion|[spread] p2b\n|-miss|p1a: Milotic|p2a: Sneasler\n|-resisted|p2b: Basculegion|1\n|-damage|p2b: Basculegion|57/100 slp\n|\n|upkeep\n|turn|8\n|\n|t:|1776628814\n|move|p2a: Sneasler|Close Combat|p1b: Sneasler\n|-resisted|p1b: Sneasler|1\n|-damage|p1b: Sneasler|0 fnt\n|-unboost|p2a: Sneasler|def|1\n|-unboost|p2a: Sneasler|spd|1\n|faint|p1b: Sneasler\n|-curestatus|p2b: Basculegion|slp|[msg]\n|move|p2b: Basculegion|Last Respects|p1a: Milotic\n|-damage|p1a: Milotic|41/100\n|-enditem|p1a: Milotic|Sitrus Berry|[eat]\n|-heal|p1a: Milotic|66/100|[from] item: Sitrus Berry\n|move|p1a: Milotic|Scald|p2a: Sneasler\n|-damage|p2a: Sneasler|0 fnt\n|faint|p2a: Sneasler\n|\n|upkeep\n|turn|9\n|\n|t:|1776628833\n|move|p2b: Basculegion|Last Respects|p1a: Milotic\n|-damage|p1a: Milotic|0 fnt\n|faint|p1a: Milotic\n|\n|win|RainReqiuem\n|raw|hhuytrghh's rating: 1043 &rarr; <strong>1025</strong><br />(-18 for losing)\n|raw|RainReqiuem's rating: 1000 &rarr; <strong>1045</strong><br />(+45 for winning)\n|l|\u2606hhuytrghh\n|player|p1|\n",
  "uploadtime": 1776628845,
  "views": 10,
  "formatid": "gen9championsvgc2026regma",
  "rating": 1025,
  "private": 0,
  "password": null
}