{
  "id": "gen9championsvgc2026regma-2585904387",
  "format": "[Gen 9 Champions] VGC 2026 Reg M-A",
  "players": [
    "TheColorDown",
    "boredatworkkillme"
  ],
  "log": "|j|\u2606TheColorDown\n|j|\u2606boredatworkkillme\n|t:|1776380079\n|gametype|doubles\n|player|p1|TheColorDown|266|1050\n|player|p2|boredatworkkillme|clown|1049\n|gen|9\n|tier|[Gen 9 Champions] VGC 2026 Reg M-A\n|rated|\n|rule|Species Clause: Limit one of each Pok\u00e9mon\n|rule|Item Clause: Limit 1 of each item\n|clearpoke\n|poke|p1|Absol, L50, M|\n|poke|p1|Typhlosion-Hisui, L50, M|\n|poke|p1|Mimikyu, L50, F|\n|poke|p1|Oranguru, L50, F|\n|poke|p1|Sinistcha, L50|\n|poke|p1|Incineroar, L50, M|\n|poke|p2|Tyranitar, L50, F|\n|poke|p2|Gardevoir, L50, M|\n|poke|p2|Gyarados, L50, F|\n|poke|p2|Excadrill, L50, F|\n|poke|p2|Sinistcha, L50|\n|poke|p2|Rotom-Heat, L50|\n|teampreview|4\nTheColorDown rejected open team sheets.\n|inactive|Battle timer is ON: inactive players will automatically lose when time's up. (requested by TheColorDown)\n|\n|t:|1776380100\n|teamsize|p1|4\n|teamsize|p2|4\n|start\n|switch|p1a: Oranguru|Oranguru, L50, F|100/100\n|switch|p1b: Mimikyu|Mimikyu, L50, F|100/100\n|switch|p2a: Sinistcha|Sinistcha, L50|100/100\n|switch|p2b: Tyranitar|Tyranitar, L50, F|100/100\n|-weather|Sandstorm|[from] ability: Sand Stream|[of] p2b: Tyranitar\n|turn|1\n|c|\u2606TheColorDown|good luck king\n|\n|t:|1776380120\n|detailschange|p2b: Tyranitar|Tyranitar-Mega, L50, F\n|-mega|p2b: Tyranitar|Tyranitar|Tyranitarite\n|move|p2b: Tyranitar|Rock Slide|p1a: Oranguru|[spread] p1a\n|-miss|p2b: Tyranitar|p1b: Mimikyu\n|-damage|p1a: Oranguru|76/100\n|move|p1b: Mimikyu|Bulk Up|p1b: Mimikyu\n|-boost|p1b: Mimikyu|atk|1\n|-boost|p1b: Mimikyu|def|1\n|move|p2a: Sinistcha|Matcha Gotcha|p1a: Oranguru|[spread] p1a,p1b\n|-damage|p1a: Oranguru|54/100\n|-activate|p1b: Mimikyu|ability: Disguise\n|-damage|p1b: Mimikyu|100/100\n|detailschange|p1b: Mimikyu|Mimikyu-Busted, L50, F\n|-damage|p1b: Mimikyu|88/100|[from] pokemon: Mimikyu-Busted\n|move|p1a: Oranguru|Instruct|p1b: Mimikyu\n|-singleturn|p1b: Mimikyu|move: Instruct|[of] p1a: Oranguru\n|move|p1b: Mimikyu|Bulk Up|p1b: Mimikyu\n|-boost|p1b: Mimikyu|atk|1\n|-boost|p1b: Mimikyu|def|1\n|\n|-weather|Sandstorm|[upkeep]\n|-damage|p1b: Mimikyu|82/100|[from] Sandstorm\n|-damage|p2a: Sinistcha|94/100|[from] Sandstorm\n|-damage|p1a: Oranguru|48/100|[from] Sandstorm\n|upkeep\n|turn|2\n|inactive|TheColorDown has 30 seconds left.\n|inactive|boredatworkkillme has 30 seconds left.\n|inactive|boredatworkkillme has 20 seconds left.\n|inactive|boredatworkkillme has 15 seconds left.\n|inactive|boredatworkkillme has 10 seconds left.\n|\n|t:|1776380168\n|move|p2a: Sinistcha|Rage Powder|p2a: Sinistcha\n|-singleturn|p2a: Sinistcha|move: Rage Powder\n|move|p2b: Tyranitar|Crunch|p1a: Oranguru\n|-supereffective|p1a: Oranguru|1\n|-damage|p1a: Oranguru|0 fnt\n|faint|p1a: Oranguru\n|move|p1b: Mimikyu|Double Team|p1b: Mimikyu\n|-boost|p1b: Mimikyu|evasion|1\n|\n|-weather|Sandstorm|[upkeep]\n|-damage|p1b: Mimikyu|76/100|[from] Sandstorm\n|-damage|p2a: Sinistcha|88/100|[from] Sandstorm\n|upkeep\n|c|\u2606TheColorDown|good luck slime\n|\n|t:|1776380183\n|switch|p1a: Incineroar|Incineroar, L50, M|100/100\n|-ability|p1a: Incineroar|Intimidate|boost\n|-unboost|p2a: Sinistcha|atk|1\n|-unboost|p2b: Tyranitar|atk|1\n|turn|3\n|\n|t:|1776380201\n|move|p1a: Incineroar|Fake Out|p2b: Tyranitar\n|-resisted|p2b: Tyranitar|1\n|-damage|p2b: Tyranitar|97/100\n|move|p2a: Sinistcha|Rage Powder|p2a: Sinistcha\n|-singleturn|p2a: Sinistcha|move: Rage Powder\n|cant|p2b: Tyranitar|flinch\n|move|p1b: Mimikyu|Double Team|p1b: Mimikyu\n|-boost|p1b: Mimikyu|evasion|1\n|\n|-weather|Sandstorm|[upkeep]\n|-damage|p1b: Mimikyu|70/100|[from] Sandstorm\n|-damage|p2a: Sinistcha|82/100|[from] Sandstorm\n|-damage|p1a: Incineroar|95/100|[from] Sandstorm\n|upkeep\n|turn|4\n|inactive|boredatworkkillme has 30 seconds left.\n|\n|t:|1776380226\n|switch|p1a: Sinistcha|Sinistcha, L50|100/100\n|-heal|p1b: Mimikyu|94/100|[from] ability: Hospitality|[of] p1a: Sinistcha\n|move|p2b: Tyranitar|Dragon Dance|p2b: Tyranitar\n|-boost|p2b: Tyranitar|atk|1\n|-boost|p2b: Tyranitar|spe|1\n|move|p1b: Mimikyu|Double Team|p1b: Mimikyu\n|-boost|p1b: Mimikyu|evasion|1\n|move|p2a: Sinistcha|Shadow Ball|p1b: Mimikyu|[miss]\n|-miss|p2a: Sinistcha|p1b: Mimikyu\n|\n|-weather|Sandstorm|[upkeep]\n|-damage|p1b: Mimikyu|88/100|[from] Sandstorm\n|-damage|p1a: Sinistcha|94/100|[from] Sandstorm\n|-damage|p2a: Sinistcha|76/100|[from] Sandstorm\n|upkeep\n|turn|5\n|c|\u2606TheColorDown|therese no hope for you\n|c|\u2606TheColorDown|it's too late\n|\n|t:|1776380249\n|switch|p2a: Gyarados|Gyarados, L50, F|100/100\n|-ability|p2a: Gyarados|Intimidate|boost\n|-unboost|p1a: Sinistcha|atk|1\n|-unboost|p1b: Mimikyu|atk|1\n|switch|p1a: Incineroar|Incineroar, L50, M|95/100\n|-ability|p1a: Incineroar|Intimidate|boost\n|-unboost|p2a: Gyarados|atk|1\n|-unboost|p2b: Tyranitar|atk|1\n|move|p2b: Tyranitar|Crunch|p1b: Mimikyu\n|-damage|p1b: Mimikyu|67/100\n|-unboost|p1b: Mimikyu|def|1\n|move|p1b: Mimikyu|Double Team|p1b: Mimikyu\n|-boost|p1b: Mimikyu|evasion|1\n|\n|-weather|none\n|upkeep\n|turn|6\n|inactive|TheColorDown has 30 seconds left.\n|\n|t:|1776380276\n|switch|p2b: Sinistcha|Sinistcha, L50|76/100\n|move|p1b: Mimikyu|Bulk Up|p1b: Mimikyu\n|-boost|p1b: Mimikyu|atk|1\n|-boost|p1b: Mimikyu|def|1\n|move|p2a: Gyarados|Taunt|p1b: Mimikyu|[miss]\n|-miss|p2a: Gyarados|p1b: Mimikyu\n|move|p1a: Incineroar|Will-O-Wisp|p2a: Gyarados\n|-status|p2a: Gyarados|brn\n|\n|-damage|p2a: Gyarados|95/100 brn|[from] brn\n|upkeep\n|turn|7\n|n|\u203dboredatworkkillme|boredatworkkillme\n|inactive|boredatworkkillme has 30 seconds left.\n|\n|t:|1776380307\n|move|p1b: Mimikyu|Bulk Up|p1b: Mimikyu\n|-boost|p1b: Mimikyu|atk|1\n|-boost|p1b: Mimikyu|def|1\n|move|p2a: Gyarados|Thunder Wave|p1a: Incineroar\n|-status|p1a: Incineroar|par\n|move|p1a: Incineroar|Flare Blitz|p2b: Sinistcha\n|-supereffective|p2b: Sinistcha|1\n|-crit|p2b: Sinistcha\n|-damage|p2b: Sinistcha|0 fnt\n|faint|p2b: Sinistcha\n|-damage|p1a: Incineroar|73/100 par|[from] Recoil\n|\n|-heal|p2a: Gyarados|100/100 brn|[from] item: Leftovers\n|-damage|p2a: Gyarados|95/100 brn|[from] brn\n|upkeep\n|inactive|boredatworkkillme has 30 seconds left.\n|c|\u2606TheColorDown|ITS TOO LATE\n|inactive|boredatworkkillme has 20 seconds left.\n|-message|boredatworkkillme forfeited.\n|\n|win|TheColorDown\n",
  "uploadtime": 1776380294,
  "views": 20,
  "formatid": "gen9championsvgc2026regma",
  "rating": null,
  "private": 0,
  "password": null
}