{
  "id": "gen9championsvgc2026regma-2587671127",
  "format": "[Gen 9 Champions] VGC 2026 Reg M-A",
  "players": [
    "sword1211",
    "El Gingero"
  ],
  "log": "|j|\u2606sword1211\n|j|\u2606El Gingero\n|t:|1776552349\n|gametype|doubles\n|player|p1|sword1211|2|1149\n|player|p2|El Gingero|gentleman-gen4|1127\n|gen|9\n|tier|[Gen 9 Champions] VGC 2026 Reg M-A\n|rated|\n|rule|Species Clause: Limit one of each Pok\u00e9mon\n|rule|Item Clause: Limit 1 of each item\n|clearpoke\n|poke|p1|Basculegion, L50, M|\n|poke|p1|Garchomp, L50, F|\n|poke|p1|Pelipper, L50, M|\n|poke|p1|Archaludon, L50, F|\n|poke|p1|Feraligatr, L50, F|\n|poke|p1|Sneasler, L50, F|\n|poke|p2|Charizard, L50, M|\n|poke|p2|Heliolisk, L50, M|\n|poke|p2|Golurk, L50, shiny|\n|poke|p2|Whimsicott, L50, F|\n|poke|p2|Empoleon, L50, M|\n|poke|p2|Farigiraf, L50, F|\n|teampreview|4\nEl Gingero rejected open team sheets.\n|inactive|Battle timer is ON: inactive players will automatically lose when time's up. (requested by El Gingero)\n|inactive|sword1211 has 60 seconds left.\n|inactive|sword1211 has 30 seconds left.\n|\n|t:|1776552425\n|teamsize|p1|4\n|teamsize|p2|4\n|start\n|switch|p1a: Pelipper|Pelipper, L50, M|100/100\n|switch|p1b: Sneasler|Sneasler, L50, F|100/100\n|switch|p2a: Charizard|Charizard, L50, M|100/100\n|switch|p2b: Heliolisk|Heliolisk, L50, M|100/100\n|-weather|RainDance|[from] ability: Drizzle|[of] p1a: Pelipper\n|turn|1\n|inactive|sword1211 has 30 seconds left.\n|inactive|El Gingero has 30 seconds left.\n|inactive|sword1211 has 20 seconds left.\n|inactive|sword1211 has 15 seconds left.\n|inactive|El Gingero has 20 seconds left.\n|\n|t:|1776552467\n|switch|p1a: Basculegion|Basculegion, L50, M|100/100\n|detailschange|p2a: Charizard|Charizard-Mega-Y, L50, M\n|-mega|p2a: Charizard|Charizard|Charizardite Y\n|-weather|SunnyDay|[from] ability: Drought|[of] p2a: Charizard\n|move|p2b: Heliolisk|Protect|p2b: Heliolisk\n|-singleturn|p2b: Heliolisk|Protect\n|move|p1b: Sneasler|Fake Out|p2a: Charizard\n|-damage|p2a: Charizard|81/100\n|cant|p2a: Charizard|flinch\n|\n|-weather|SunnyDay|[upkeep]\n|-damage|p2b: Heliolisk|88/100|[from] ability: Solar Power|[of] p2b: Heliolisk\n|upkeep\n|turn|2\n|inactive|sword1211 has 30 seconds left.\n|inactive|El Gingero has 30 seconds left.\n|inactive|sword1211 has 20 seconds left.\n|inactive|sword1211 has 15 seconds left.\n|\n|t:|1776552510\n|switch|p2a: Whimsicott|Whimsicott, L50, F|100/100\n|switch|p1a: Pelipper|Pelipper, L50, M|100/100\n|-weather|RainDance|[from] ability: Drizzle|[of] p1a: Pelipper\n|move|p2b: Heliolisk|Thunderbolt|p1b: Sneasler\n|-damage|p1b: Sneasler|38/100\n|-status|p1b: Sneasler|par\n|move|p1b: Sneasler|Close Combat|p2b: Heliolisk\n|-supereffective|p2b: Heliolisk|1\n|-crit|p2b: Heliolisk\n|-damage|p2b: Heliolisk|0 fnt\n|-unboost|p1b: Sneasler|def|1\n|-unboost|p1b: Sneasler|spd|1\n|faint|p2b: Heliolisk\n|\n|-weather|RainDance|[upkeep]\n|upkeep\n|\n|t:|1776552522\n|switch|p2b: Charizard|Charizard-Mega-Y, L50, M|81/100\n|-weather|SunnyDay|[from] ability: Drought|[of] p2b: Charizard\n|turn|3\n|\n|t:|1776552544\n|switch|p1a: Basculegion|Basculegion, L50, M|100/100\n|move|p2a: Whimsicott|Tailwind|p2a: Whimsicott\n|-sidestart|p2: El Gingero|move: Tailwind\n|move|p2b: Charizard|Heat Wave|p1a: Basculegion|[spread] p1a,p1b\n|-resisted|p1a: Basculegion|1\n|-damage|p1a: Basculegion|67/100\n|-damage|p1b: Sneasler|0 fnt\n|faint|p1b: Sneasler\n|\n|-weather|SunnyDay|[upkeep]\n|upkeep\n|\n|t:|1776552557\n|switch|p1b: Pelipper|Pelipper, L50, M|100/100\n|-weather|RainDance|[from] ability: Drizzle|[of] p1b: Pelipper\n|turn|4\n|\n|t:|1776552572\n|move|p2b: Charizard|Protect|p2b: Charizard\n|-singleturn|p2b: Charizard|Protect\n|move|p1a: Basculegion|Aqua Jet|p2b: Charizard\n|-activate|p2b: Charizard|move: Protect\n|move|p2a: Whimsicott|Moonblast|p1a: Basculegion\n|-damage|p1a: Basculegion|25/100\n|move|p1b: Pelipper|Muddy Water|p2b: Charizard|[spread] p2a\n|-activate|p2b: Charizard|move: Protect\n|-resisted|p2a: Whimsicott|1\n|-damage|p2a: Whimsicott|66/100\n|\n|-weather|RainDance|[upkeep]\n|upkeep\n|turn|5\n|\n|t:|1776552593\n|switch|p2b: Empoleon|Empoleon, L50, M|100/100\n|move|p1a: Basculegion|Aqua Jet|p2b: Empoleon\n|-resisted|p2b: Empoleon|1\n|-damage|p2b: Empoleon|72/100\n|move|p2a: Whimsicott|Moonblast|p1a: Basculegion\n|-damage|p1a: Basculegion|0 fnt\n|faint|p1a: Basculegion\n|move|p1b: Pelipper|Muddy Water|p2a: Whimsicott|[spread] p2b\n|-miss|p1b: Pelipper|p2a: Whimsicott\n|-resisted|p2b: Empoleon|1\n|-damage|p2b: Empoleon|54/100\n|-unboost|p2b: Empoleon|accuracy|1\n|-ability|p2b: Empoleon|Competitive|boost\n|-boost|p2b: Empoleon|spa|2\n|\n|-weather|RainDance|[upkeep]\n|upkeep\n|\n|t:|1776552598\n|switch|p1a: Garchomp|Garchomp, L50, F|100/100\n|turn|6\n|inactive|sword1211 has 30 seconds left.\n|inactive|El Gingero has 30 seconds left.\n|inactive|sword1211 has 20 seconds left.\n|inactive|El Gingero has 20 seconds left.\n|inactive|sword1211 has 15 seconds left.\n|inactive|sword1211 has 10 seconds left.\n|inactive|El Gingero has 15 seconds left.\n|\n|t:|1776552648\n|move|p2b: Empoleon|Protect|p2b: Empoleon\n|-singleturn|p2b: Empoleon|Protect\n|move|p2a: Whimsicott|Moonblast|p1b: Pelipper\n|-damage|p1b: Pelipper|54/100\n|move|p1a: Garchomp|Rock Slide|p2a: Whimsicott|[spread] p2a\n|-activate|p2b: Empoleon|move: Protect\n|-damage|p2a: Whimsicott|32/100\n|move|p1b: Pelipper|Hurricane|p2a: Whimsicott\n|-supereffective|p2a: Whimsicott|1\n|-damage|p2a: Whimsicott|0 fnt\n|faint|p2a: Whimsicott\n|\n|-weather|RainDance|[upkeep]\n|-sideend|p2: El Gingero|move: Tailwind\n|upkeep\n|\n|t:|1776552655\n|switch|p2a: Charizard|Charizard-Mega-Y, L50, M|81/100\n|-weather|SunnyDay|[from] ability: Drought|[of] p2a: Charizard\n|turn|7\n|inactive|sword1211 has 30 seconds left.\n|inactive|sword1211 has 20 seconds left.\n|\n|t:|1776552695\n|move|p2a: Charizard|Protect|p2a: Charizard\n|-singleturn|p2a: Charizard|Protect\n|move|p1a: Garchomp|Rock Slide|p2b: Empoleon|[spread] p2b\n|-activate|p2a: Charizard|move: Protect\n|-resisted|p2b: Empoleon|1\n|-damage|p2b: Empoleon|43/100\n|move|p1b: Pelipper|Tailwind|p1b: Pelipper\n|-sidestart|p1: sword1211|move: Tailwind\n|move|p2b: Empoleon|Ice Beam|p1a: Garchomp\n|-supereffective|p1a: Garchomp|2\n|-damage|p1a: Garchomp|0 fnt\n|faint|p1a: Garchomp\n|\n|-weather|SunnyDay|[upkeep]\n|upkeep\n|turn|8\n|inactive|El Gingero has 30 seconds left.\n|\n|t:|1776552725\n|move|p1b: Pelipper|Muddy Water|p2b: Empoleon|[spread] p2a,p2b\n|-supereffective|p2a: Charizard|1\n|-resisted|p2b: Empoleon|1\n|-damage|p2a: Charizard|50/100\n|-damage|p2b: Empoleon|37/100\n|-unboost|p2b: Empoleon|accuracy|1\n|-ability|p2b: Empoleon|Competitive|boost\n|-boost|p2b: Empoleon|spa|2\n|move|p2a: Charizard|Solar Beam||[still]\n|-prepare|p2a: Charizard|Solar Beam\n|-anim|p2a: Charizard|Solar Beam|p1b: Pelipper\n|-damage|p1b: Pelipper|0 fnt\n|faint|p1b: Pelipper\n|\n|win|El Gingero\n|raw|sword1211's rating: 1149 &rarr; <strong>1122</strong><br />(-27 for losing)\n|raw|El Gingero's rating: 1127 &rarr; <strong>1154</strong><br />(+27 for winning)\n|c|\u2606El Gingero|tough game gg\n|l|\u2606sword1211\n|player|p1|\n",
  "uploadtime": 1776552745,
  "views": 31,
  "formatid": "gen9championsvgc2026regma",
  "rating": 1122,
  "private": 0,
  "password": null
}