{
  "id": "gen9championsvgc2026regma-2588023998",
  "format": "[Gen 9 Champions] VGC 2026 Reg M-A",
  "players": [
    "kuki9",
    "lpaky"
  ],
  "log": "|j|\u2606kuki9\n|j|\u2606lpaky\n|t:|1776594453\n|gametype|doubles\n|player|p1|kuki9|1|1424\n|player|p2|lpaky|170|1521\n|gen|9\n|tier|[Gen 9 Champions] VGC 2026 Reg M-A\n|rated|\n|rule|Species Clause: Limit one of each Pok\u00e9mon\n|rule|Item Clause: Limit 1 of each item\n|clearpoke\n|poke|p1|Scizor, L50, F|\n|poke|p1|Politoed, L50, F|\n|poke|p1|Basculegion, L50, M|\n|poke|p1|Incineroar, L50, F|\n|poke|p1|Sableye, L50, M|\n|poke|p1|Sneasler, L50, M|\n|poke|p2|Chesnaught, L50, M|\n|poke|p2|Basculegion, L50, M|\n|poke|p2|Weavile, L50, M|\n|poke|p2|Tinkaton, L50, F|\n|poke|p2|Rotom-Heat, L50|\n|poke|p2|Garchomp, L50, F|\n|teampreview|4\n|inactive|Battle timer is ON: inactive players will automatically lose when time's up. (requested by kuki9)\n|\n|t:|1776594479\n|teamsize|p1|4\n|teamsize|p2|4\n|start\n|switch|p1a: Basculegion|Basculegion, L50, M|100/100\n|switch|p1b: Sableye|Sableye, L50, M|100/100\n|switch|p2a: Rotom|Rotom-Heat, L50|100/100\n|switch|p2b: Weavile|Weavile, L50, M|100/100\n|-ability|p2b: Weavile|Pressure\n|turn|1\n|inactive|lpaky has 30 seconds left.\n|inactive|lpaky has 20 seconds left.\n|inactive|lpaky has 15 seconds left.\n|inactive|lpaky has 10 seconds left.\n|\n|t:|1776594528\n|switch|p1a: Incineroar|Incineroar, L50, F|100/100\n|-ability|p1a: Incineroar|Intimidate|boost\n|-unboost|p2a: Rotom|atk|1\n|-unboost|p2b: Weavile|atk|1\n|move|p1b: Sableye|Will-O-Wisp|p2b: Weavile\n|-hint|Since gen 7, Dark is immune to Prankster moves.\n|-immune|p2b: Weavile\n|move|p2a: Rotom|Volt Switch|p1a: Incineroar\n|-damage|p1a: Incineroar|75/100\n|\n|t:|1776594538\n|switch|p2a: Basculegion|Basculegion, L50, M|100/100|[from] Volt Switch\n|move|p2b: Weavile|Knock Off|p1b: Sableye\n|-damage|p1b: Sableye|57/100\n|-enditem|p1b: Sableye|Roseli Berry|[from] move: Knock Off|[of] p2b: Weavile\n|\n|upkeep\n|turn|2\n|\n|t:|1776594552\n|switch|p2a: Rotom|Rotom-Heat, L50|100/100\n|switch|p1a: Basculegion|Basculegion, L50, M|100/100\n|move|p1b: Sableye|Will-O-Wisp|p2a: Rotom\n|-immune|p2a: Rotom\n|move|p2b: Weavile|Triple Axel|p1b: Sableye\n|-damage|p1b: Sableye|47/100\n|-damage|p1b: Sableye|31/100\n|-damage|p1b: Sableye|3/100\n|-hitcount|p1b: Sableye|3\n|\n|upkeep\n|turn|3\n|\n|t:|1776594570\n|move|p1b: Sableye|Light Screen|p1b: Sableye\n|-sidestart|p1: kuki9|move: Light Screen\n|move|p2a: Rotom|Volt Switch|p1a: Basculegion\n|-supereffective|p1a: Basculegion|1\n|-damage|p1a: Basculegion|55/100\n|\n|t:|1776594577\n|switch|p2a: Basculegion|Basculegion, L50, M|100/100|[from] Volt Switch\n|move|p2b: Weavile|Knock Off|p1a: Basculegion\n|-supereffective|p1a: Basculegion|1\n|-damage|p1a: Basculegion|0 fnt\n|-enditem|p1a: Basculegion|Choice Scarf|[from] move: Knock Off|[of] p2b: Weavile\n|faint|p1a: Basculegion\n|\n|upkeep\n|\n|t:|1776594581\n|switch|p1a: Scizor|Scizor, L50, F|100/100\n|turn|4\n|\n|t:|1776594586\n|switch|p2b: Rotom|Rotom-Heat, L50|100/100\n|detailschange|p1a: Scizor|Scizor-Mega, L50, F\n|-mega|p1a: Scizor|Scizor|Scizorite\n|move|p2a: Basculegion|Aqua Jet|p1b: Sableye\n|-damage|p1b: Sableye|0 fnt\n|faint|p1b: Sableye\n|move|p1a: Scizor|Swords Dance|p1a: Scizor\n|-boost|p1a: Scizor|atk|2\n|\n|upkeep\n|\n|t:|1776594590\n|switch|p1b: Incineroar|Incineroar, L50, F|75/100\n|-ability|p1b: Incineroar|Intimidate|boost\n|-unboost|p2a: Basculegion|atk|1\n|-unboost|p2b: Rotom|atk|1\n|turn|5\n|\n|t:|1776594601\n|move|p1b: Incineroar|Fake Out|p2b: Rotom\n|-damage|p2b: Rotom|84/100\n|cant|p2b: Rotom|flinch\n|move|p2a: Basculegion|Liquidation|p1b: Incineroar\n|-supereffective|p1b: Incineroar|1\n|-damage|p1b: Incineroar|0 fnt\n|faint|p1b: Incineroar\n|move|p1a: Scizor|Bug Bite|p2b: Rotom\n|-resisted|p2b: Rotom|1\n|-damage|p2b: Rotom|15/100\n|\n|upkeep\n|turn|6\n|\n|t:|1776594616\n|move|p1a: Scizor|Bullet Punch|p2b: Rotom\n|-resisted|p2b: Rotom|2\n|-damage|p2b: Rotom|0 fnt\n|faint|p2b: Rotom\n|move|p2a: Basculegion|Last Respects|p1a: Scizor\n|-damage|p1a: Scizor|64/100\n|\n|upkeep\n|\n|t:|1776594622\n|switch|p2b: Weavile|Weavile, L50, M|100/100\n|-ability|p2b: Weavile|Pressure\n|turn|7\n|\n|t:|1776594626\n|move|p1a: Scizor|Protect|p1a: Scizor\n|-singleturn|p1a: Scizor|Protect\n|move|p2b: Weavile|Fake Out|p1a: Scizor\n|-activate|p1a: Scizor|move: Protect\n|move|p2a: Basculegion|Liquidation|p1a: Scizor\n|-activate|p1a: Scizor|move: Protect\n|\n|-sideend|p1: kuki9|move: Light Screen\n|upkeep\n|turn|8\n|\n|t:|1776594635\n|move|p1a: Scizor|Bullet Punch|p2b: Weavile\n|-supereffective|p2b: Weavile|1\n|-enditem|p2b: Weavile|Focus Sash\n|-damage|p2b: Weavile|1/100\n|move|p2b: Weavile|Knock Off|p1a: Scizor\n|-damage|p1a: Scizor|38/100\n|move|p2a: Basculegion|Liquidation|p1a: Scizor\n|-damage|p1a: Scizor|0 fnt\n|faint|p1a: Scizor\n|\n|win|lpaky\n|raw|kuki9's rating: 1424 &rarr; <strong>1409</strong><br />(-15 for losing)\n|raw|lpaky's rating: 1521 &rarr; <strong>1536</strong><br />(+15 for winning)\n|l|\u2606kuki9\n|player|p1|\n",
  "uploadtime": 1776594644,
  "views": 18,
  "formatid": "gen9championsvgc2026regma",
  "rating": 1409,
  "private": 0,
  "password": null
}