{
  "id": "gen9championsvgc2026regma-2588398043",
  "format": "[Gen 9 Champions] VGC 2026 Reg M-A",
  "players": [
    "BodyZergVGC",
    "vgcthor"
  ],
  "log": "|j|\u2606BodyZergVGC\n|j|\u2606vgcthor\n|t:|1776630146\n|gametype|doubles\n|player|p1|BodyZergVGC|waiter|1102\n|player|p2|vgcthor|101|1049\n|gen|9\n|tier|[Gen 9 Champions] VGC 2026 Reg M-A\n|rated|\n|rule|Species Clause: Limit one of each Pok\u00e9mon\n|rule|Item Clause: Limit 1 of each item\n|clearpoke\n|poke|p1|Scovillain, L50, M, shiny|\n|poke|p1|Espathra, L50, M|\n|poke|p1|Rotom-Wash, L50|\n|poke|p1|Sneasler, L50, M|\n|poke|p1|Archaludon, L50, M|\n|poke|p1|Umbreon, L50, F, shiny|\n|poke|p2|Basculegion, L50, M|\n|poke|p2|Kingambit, L50, F|\n|poke|p2|Rotom-Heat, L50|\n|poke|p2|Froslass, L50, F|\n|poke|p2|Sneasler, L50, F|\n|poke|p2|Clefable, L50, F|\n|teampreview|4\n|inactive|Battle timer is ON: inactive players will automatically lose when time's up. (requested by BodyZergVGC)\n|\n|t:|1776630204\n|teamsize|p1|4\n|teamsize|p2|4\n|start\n|switch|p1a: Scovillain|Scovillain, L50, M, shiny|100/100\n|switch|p1b: Espathra|Espathra, L50, M|100/100\n|switch|p2a: Kingambit|Kingambit, L50, F|100/100\n|switch|p2b: Sneasler|Sneasler, L50, F|100/100\n|turn|1\n|inactive|BodyZergVGC has 30 seconds left.\n|inactive|vgcthor has 30 seconds left.\n|inactive|BodyZergVGC has 20 seconds left.\n|\n|t:|1776630242\n|detailschange|p1a: Scovillain|Scovillain-Mega, L50, M, shiny\n|-mega|p1a: Scovillain|Scovillain|Scovillainite\n|move|p1b: Espathra|Protect|p1b: Espathra\n|-singleturn|p1b: Espathra|Protect\n|move|p1a: Scovillain|Protect|p1a: Scovillain\n|-singleturn|p1a: Scovillain|Protect\n|move|p2b: Sneasler|Fake Out|p1a: Scovillain\n|-activate|p1a: Scovillain|move: Protect\n|move|p2a: Kingambit|Swords Dance|p2a: Kingambit\n|-boost|p2a: Kingambit|atk|2\n|\n|-ability|p1b: Espathra|Speed Boost|boost\n|-boost|p1b: Espathra|spe|1\n|upkeep\n|turn|2\n|\n|t:|1776630259\n|move|p1a: Scovillain|Rage Powder|p1a: Scovillain\n|-singleturn|p1a: Scovillain|move: Rage Powder\n|move|p2a: Kingambit|Sucker Punch||[still]\n|-fail|p2a: Kingambit\n|move|p2b: Sneasler|Dire Claw|p1a: Scovillain\n|-supereffective|p1a: Scovillain|1\n|-damage|p1a: Scovillain|23/100\n|-status|p2b: Sneasler|brn|[from] ability: Spicy Spray|[of] p1a: Scovillain\n|move|p1b: Espathra|Calm Mind|p1b: Espathra\n|-boost|p1b: Espathra|spa|1\n|-boost|p1b: Espathra|spd|1\n|\n|-damage|p2b: Sneasler|95/100 brn|[from] brn\n|-ability|p1b: Espathra|Speed Boost|boost\n|-boost|p1b: Espathra|spe|1\n|upkeep\n|turn|3\n|inactive|BodyZergVGC has 30 seconds left.\n|inactive|vgcthor has 30 seconds left.\n|inactive|BodyZergVGC has 20 seconds left.\n|inactive|vgcthor has 20 seconds left.\n|\n|t:|1776630297\n|switch|p1a: Archaludon|Archaludon, L50, M|100/100\n|move|p2a: Kingambit|Protect|p2a: Kingambit\n|-singleturn|p2a: Kingambit|Protect\n|move|p1b: Espathra|Substitute|p1b: Espathra\n|-start|p1b: Espathra|Substitute\n|-damage|p1b: Espathra|76/100\n|move|p2b: Sneasler|Dire Claw|p1a: Archaludon\n|-immune|p1a: Archaludon\n|\n|-damage|p2b: Sneasler|89/100 brn|[from] brn\n|-ability|p1b: Espathra|Speed Boost|boost\n|-boost|p1b: Espathra|spe|1\n|upkeep\n|turn|4\n|inactive|vgcthor has 30 seconds left.\n|\n|t:|1776630325\n|switch|p2b: Clefable|Clefable, L50, F|100/100\n|move|p1b: Espathra|Calm Mind|p1b: Espathra\n|-boost|p1b: Espathra|spa|1\n|-boost|p1b: Espathra|spd|1\n|move|p1a: Archaludon|Aura Sphere|p2a: Kingambit\n|-supereffective|p2a: Kingambit|2\n|-damage|p2a: Kingambit|27/100\n|move|p2a: Kingambit|Kowtow Cleave|p1a: Archaludon\n|-damage|p1a: Archaludon|31/100\n|-ability|p1a: Archaludon|Stamina|boost\n|-boost|p1a: Archaludon|def|1\n|\n|-heal|p1a: Archaludon|38/100|[from] item: Leftovers\n|-ability|p1b: Espathra|Speed Boost|boost\n|-boost|p1b: Espathra|spe|1\n|upkeep\n|turn|5\n|inactive|BodyZergVGC has 30 seconds left.\n|\n|t:|1776630358\n|move|p2b: Clefable|Follow Me|p2b: Clefable\n|-singleturn|p2b: Clefable|move: Follow Me\n|move|p1b: Espathra|Baton Pass|p1b: Espathra\n|\n|t:|1776630362\n|switch|p1b: Rotom|Rotom-Wash, L50|100/100|[from] Baton Pass\n|move|p1a: Archaludon|Flash Cannon|p2b: Clefable\n|-supereffective|p2b: Clefable|1\n|-damage|p2b: Clefable|40/100\n|-enditem|p2b: Clefable|Sitrus Berry|[eat]\n|-heal|p2b: Clefable|65/100|[from] item: Sitrus Berry\n|move|p2a: Kingambit|Kowtow Cleave|p1b: Rotom\n|-end|p1b: Rotom|Substitute\n|\n|-heal|p1a: Archaludon|44/100|[from] item: Leftovers\n|upkeep\n|turn|6\n|inactive|BodyZergVGC has 30 seconds left.\n|inactive|BodyZergVGC has 20 seconds left.\n|inactive|BodyZergVGC has 15 seconds left.\n|inactive|BodyZergVGC has 10 seconds left.\n|\n|t:|1776630407\n|move|p2b: Clefable|Follow Me|p2b: Clefable\n|-singleturn|p2b: Clefable|move: Follow Me\n|move|p2a: Kingambit|Sucker Punch|p1a: Archaludon\n|-damage|p1a: Archaludon|4/100\n|-ability|p1a: Archaludon|Stamina|boost\n|-boost|p1a: Archaludon|def|1\n|move|p1b: Rotom|Stored Power|p2b: Clefable\n|-damage|p2b: Clefable|18/100\n|move|p1a: Archaludon|Aura Sphere|p2b: Clefable\n|-resisted|p2b: Clefable|1\n|-damage|p2b: Clefable|7/100\n|\n|-heal|p1a: Archaludon|10/100|[from] item: Leftovers\n|upkeep\n|turn|7\n|\n|t:|1776630432\n|switch|p1a: Scovillain|Scovillain-Mega, L50, M, shiny|23/100\n|move|p2b: Clefable|Follow Me|p2b: Clefable\n|-singleturn|p2b: Clefable|move: Follow Me\n|move|p2a: Kingambit|Sucker Punch|p1b: Rotom\n|-damage|p1b: Rotom|15/100\n|-enditem|p1b: Rotom|Sitrus Berry|[eat]\n|-heal|p1b: Rotom|40/100|[from] item: Sitrus Berry\n|move|p1b: Rotom|Stored Power|p2b: Clefable\n|-damage|p2b: Clefable|0 fnt\n|faint|p2b: Clefable\n|\n|upkeep\n|\n|t:|1776630450\n|switch|p2b: Sneasler|Sneasler, L50, F|89/100 brn\n|turn|8\n|\n|t:|1776630473\n|switch|p1a: Archaludon|Archaludon, L50, M|10/100\n|move|p1b: Rotom|Protect|p1b: Rotom\n|-singleturn|p1b: Rotom|Protect\n|move|p2b: Sneasler|Fake Out|p1a: Archaludon\n|-resisted|p1a: Archaludon|1\n|-damage|p1a: Archaludon|7/100\n|-ability|p1a: Archaludon|Stamina|boost\n|-boost|p1a: Archaludon|def|1\n|move|p2a: Kingambit|Kowtow Cleave|p1b: Rotom\n|-activate|p1b: Rotom|move: Protect\n|\n|-heal|p1a: Archaludon|13/100|[from] item: Leftovers\n|-damage|p2b: Sneasler|83/100 brn|[from] brn\n|upkeep\n|turn|9\n|inactive|vgcthor has 30 seconds left.\n|\n|t:|1776630500\n|move|p2a: Kingambit|Sucker Punch|p1b: Rotom\n|-damage|p1b: Rotom|0 fnt\n|faint|p1b: Rotom\n|move|p2b: Sneasler|Close Combat|p1a: Archaludon\n|-supereffective|p1a: Archaludon|1\n|-damage|p1a: Archaludon|0 fnt\n|-unboost|p2b: Sneasler|def|1\n|-unboost|p2b: Sneasler|spd|1\n|faint|p1a: Archaludon\n|\n|-damage|p2b: Sneasler|78/100 brn|[from] brn\n|upkeep\n|-message|BodyZergVGC forfeited.\n|\n|win|vgcthor\n|raw|BodyZergVGC's rating: 1102 &rarr; <strong>1073</strong><br />(-29 for losing)\n|raw|vgcthor's rating: 1049 &rarr; <strong>1087</strong><br />(+38 for winning)\n|l|\u2606BodyZergVGC\n|player|p1|\n",
  "uploadtime": 1776630523,
  "views": 11,
  "formatid": "gen9championsvgc2026regma",
  "rating": 1073,
  "private": 0,
  "password": null
}