{
  "id": "gen9championsvgc2026regma-2582351834",
  "format": "[Gen 9 Champions] VGC 2026 Reg M-A",
  "players": [
    "DenziVGC",
    "buffawing"
  ],
  "log": "|j|\u2606DenziVGC\n|j|\u2606buffawing\n|t:|1776085676\n|gametype|doubles\n|player|p1|DenziVGC|102|1079\n|player|p2|buffawing|wattson|1098\n|gen|9\n|tier|[Gen 9 Champions] VGC 2026 Reg M-A\n|rated|\n|rule|Species Clause: Limit one of each Pok\u00e9mon\n|rule|Item Clause: Limit 1 of each item\n|clearpoke\n|poke|p1|Floette-Eternal, L50, F|\n|poke|p1|Maushold, L50|\n|poke|p1|Garchomp, L50, M|\n|poke|p1|Talonflame, L50, F|\n|poke|p1|Rotom-Wash, L50|\n|poke|p1|Aegislash, L50, M|\n|poke|p2|Glimmora, L50, M|\n|poke|p2|Sinistcha, L50|\n|poke|p2|Tyranitar, L50, F|\n|poke|p2|Slowking, L50, M|\n|poke|p2|Lucario, L50, F|\n|poke|p2|Orthworm, L50, F|\n|teampreview|4\n|\n|t:|1776085699\n|teamsize|p1|4\n|teamsize|p2|4\n|start\n|switch|p1a: Floette|Floette-Eternal, L50, F|100/100\n|switch|p1b: Maushold|Maushold, L50|100/100\n|switch|p2a: Tyranitar|Tyranitar, L50, F|100/100\n|switch|p2b: Orthworm|Orthworm, L50, F|100/100\n|-weather|Sandstorm|[from] ability: Sand Stream|[of] p2a: Tyranitar\n|turn|1\n|\n|t:|1776085722\n|detailschange|p1a: Floette|Floette-Mega, L50, F\n|-mega|p1a: Floette|Floette|Floettite\n|-ability|p1a: Floette|Fairy Aura\n|move|p2a: Tyranitar|Protect|p2a: Tyranitar\n|-singleturn|p2a: Tyranitar|Protect\n|move|p1b: Maushold|Follow Me|p1b: Maushold\n|-singleturn|p1b: Maushold|move: Follow Me\n|move|p1a: Floette|Calm Mind|p1a: Floette\n|-boost|p1a: Floette|spa|1\n|-boost|p1a: Floette|spd|1\n|move|p2b: Orthworm|Shed Tail|p2b: Orthworm\n|-start|p2b: Orthworm|Substitute|[from] move: Shed Tail\n|-damage|p2b: Orthworm|50/100\n|-enditem|p2b: Orthworm|Sitrus Berry|[eat]\n|-heal|p2b: Orthworm|75/100|[from] item: Sitrus Berry\n|\n|t:|1776085737\n|switch|p2b: Glimmora|Glimmora, L50, M|100/100|[from] Shed Tail\n|\n|-weather|Sandstorm|[upkeep]\n|-damage|p1b: Maushold|94/100|[from] Sandstorm\n|-damage|p1a: Floette|94/100|[from] Sandstorm\n|upkeep\n|turn|2\n|\n|t:|1776085753\n|detailschange|p2b: Glimmora|Glimmora-Mega, L50, M\n|-mega|p2b: Glimmora|Glimmora|Glimmoranite\n|move|p1b: Maushold|Follow Me|p1b: Maushold\n|-singleturn|p1b: Maushold|move: Follow Me\n|move|p1a: Floette|Calm Mind|p1a: Floette\n|-boost|p1a: Floette|spa|1\n|-boost|p1a: Floette|spd|1\n|move|p2b: Glimmora|Mortal Spin|p1a: Floette|[spread] p1a,p1b\n|-supereffective|p1a: Floette|1\n|-crit|p1a: Floette\n|-damage|p1a: Floette|68/100\n|-damage|p1b: Maushold|82/100\n|-status|p1a: Floette|psn\n|-status|p1b: Maushold|psn\n|move|p2a: Tyranitar|Rock Slide|p1a: Floette|[spread] p1b\n|-miss|p2a: Tyranitar|p1a: Floette\n|-damage|p1b: Maushold|51/100 psn\n|\n|-weather|Sandstorm|[upkeep]\n|-damage|p1b: Maushold|45/100 psn|[from] Sandstorm\n|-damage|p1a: Floette|62/100 psn|[from] Sandstorm\n|-damage|p1b: Maushold|33/100 psn|[from] psn\n|-damage|p1a: Floette|50/100 psn|[from] psn\n|upkeep\n|turn|3\n|\n|t:|1776085804\n|move|p2a: Tyranitar|Protect|p2a: Tyranitar\n|-singleturn|p2a: Tyranitar|Protect\n|move|p1b: Maushold|Super Fang|p2a: Tyranitar\n|-activate|p2a: Tyranitar|move: Protect\n|move|p1a: Floette|Dazzling Gleam|p2a: Tyranitar|[spread] p2b\n|-activate|p2a: Tyranitar|move: Protect\n|-resisted|p2b: Glimmora|1\n|-end|p2b: Glimmora|Substitute\n|move|p2b: Glimmora|Sludge Bomb|p1a: Floette\n|-supereffective|p1a: Floette|1\n|-damage|p1a: Floette|18/100 psn\n|\n|-weather|Sandstorm|[upkeep]\n|-damage|p1b: Maushold|26/100 psn|[from] Sandstorm\n|-damage|p1a: Floette|12/100 psn|[from] Sandstorm\n|-damage|p1b: Maushold|14/100 psn|[from] psn\n|-damage|p1a: Floette|0 fnt|[from] psn\n|faint|p1a: Floette\n|upkeep\n|\n|t:|1776085822\n|switch|p1a: Garchomp|Garchomp, L50, M|100/100\n|turn|4\n|\n|t:|1776085835\n|switch|p1b: Talonflame|Talonflame, L50, F, shiny|100/100\n|switch|p2b: Orthworm|Orthworm, L50, F|75/100\n|switch|p2a: Sinistcha|Sinistcha, L50|100/100\n|-heal|p2b: Orthworm|99/100|[from] ability: Hospitality|[of] p2a: Sinistcha\n|move|p1a: Garchomp|Earthquake|p2a: Sinistcha|[spread] p2a\n|-heal|p2b: Orthworm|100/100|[from] ability: Earth Eater|[of] p1a: Garchomp\n|-immune|p1b: Talonflame\n|-resisted|p2a: Sinistcha|1\n|-damage|p2a: Sinistcha|81/100\n|\n|-weather|Sandstorm|[upkeep]\n|-damage|p1b: Talonflame|95/100|[from] Sandstorm\n|-damage|p2a: Sinistcha|75/100|[from] Sandstorm\n|upkeep\n|turn|5\n|\n|t:|1776085876\n|move|p2a: Sinistcha|Protect|p2a: Sinistcha\n|-singleturn|p2a: Sinistcha|Protect\n|move|p1b: Talonflame|Flare Blitz|p2a: Sinistcha\n|-activate|p2a: Sinistcha|move: Protect\n|move|p1a: Garchomp|Stone Edge|p2a: Sinistcha\n|-activate|p2a: Sinistcha|move: Protect\n|move|p2b: Orthworm|Shed Tail|p2b: Orthworm\n|-start|p2b: Orthworm|Substitute|[from] move: Shed Tail\n|-damage|p2b: Orthworm|50/100\n|\n|t:|1776085888\n|switch|p2b: Glimmora|Glimmora-Mega, L50, M|100/100|[from] Shed Tail\n|\n|-weather|none\n|upkeep\n|turn|6\n|\n|t:|1776085898\n|switch|p2a: Tyranitar|Tyranitar, L50, F|100/100\n|-weather|Sandstorm|[from] ability: Sand Stream|[of] p2a: Tyranitar\n|move|p1b: Talonflame|Flare Blitz|p2a: Tyranitar\n|-resisted|p2a: Tyranitar|1\n|-damage|p2a: Tyranitar|82/100\n|-damage|p1b: Talonflame|88/100|[from] Recoil\n|move|p1a: Garchomp|Stone Edge|p2a: Tyranitar|[miss]\n|-miss|p1a: Garchomp|p2a: Tyranitar\n|move|p2b: Glimmora|Mortal Spin|p1a: Garchomp|[spread] p1a,p1b\n|-resisted|p1a: Garchomp|1\n|-damage|p1a: Garchomp|95/100\n|-damage|p1b: Talonflame|73/100\n|-status|p1a: Garchomp|psn\n|-status|p1b: Talonflame|psn\n|-damage|p2b: Glimmora|88/100|[from] ability: Rough Skin|[of] p1a: Garchomp\n|\n|-weather|Sandstorm|[upkeep]\n|-damage|p1b: Talonflame|68/100 psn|[from] Sandstorm\n|-damage|p1b: Talonflame|55/100 psn|[from] psn\n|-damage|p1a: Garchomp|83/100 psn|[from] psn\n|upkeep\n|turn|7\n|\n|t:|1776085936\n|move|p1b: Talonflame|Tailwind|p1b: Talonflame\n|-sidestart|p1: DenziVGC|move: Tailwind\n|move|p1a: Garchomp|Earthquake|p2a: Tyranitar|[spread] p2a,p2b\n|-immune|p1b: Talonflame\n|-supereffective|p2b: Glimmora|2\n|-end|p2b: Glimmora|Substitute\n|-supereffective|p2a: Tyranitar|1\n|-damage|p2a: Tyranitar|3/100\n|move|p2b: Glimmora|Sludge Bomb|p1b: Talonflame\n|-damage|p1b: Talonflame|0 fnt\n|faint|p1b: Talonflame\n|move|p2a: Tyranitar|Rock Slide|p1a: Garchomp\n|-resisted|p1a: Garchomp|1\n|-damage|p1a: Garchomp|66/100 psn\n|-heal|p2a: Tyranitar|4/100|[from] item: Shell Bell|[of] p1a: Garchomp\n|\n|-weather|Sandstorm|[upkeep]\n|-damage|p1a: Garchomp|54/100 psn|[from] psn\n|upkeep\n|\n|t:|1776085953\n|switch|p1b: Maushold|Maushold, L50|14/100 psn\n|turn|8\n|\n|t:|1776085959\n|move|p1b: Maushold|Protect|p1b: Maushold\n|-singleturn|p1b: Maushold|Protect\n|move|p2b: Glimmora|Spiky Shield|p2b: Glimmora\n|-singleturn|p2b: Glimmora|move: Protect\n|move|p2a: Tyranitar|Protect|p2a: Tyranitar\n|-singleturn|p2a: Tyranitar|Protect\n|move|p1a: Garchomp|Earthquake|p2a: Tyranitar|[spread] \n|-activate|p1b: Maushold|move: Protect\n|-activate|p2a: Tyranitar|move: Protect\n|-activate|p2b: Glimmora|move: Protect\n|\n|-weather|Sandstorm|[upkeep]\n|-damage|p1b: Maushold|8/100 psn|[from] Sandstorm\n|-damage|p1b: Maushold|0 fnt|[from] psn\n|faint|p1b: Maushold\n|-damage|p1a: Garchomp|42/100 psn|[from] psn\n|upkeep\n|turn|9\n|\n|t:|1776085985\n|switch|p2a: Orthworm|Orthworm, L50, F|50/100\n|move|p1a: Garchomp|Earthquake|p2b: Glimmora|[spread] p2b\n|-heal|p2a: Orthworm|75/100|[from] ability: Earth Eater|[of] p1a: Garchomp\n|-supereffective|p2b: Glimmora|2\n|-damage|p2b: Glimmora|0 fnt\n|faint|p2b: Glimmora\n|\n|-weather|Sandstorm|[upkeep]\n|-damage|p1a: Garchomp|29/100 psn|[from] psn\n|upkeep\n|\n|t:|1776085999\n|switch|p2b: Sinistcha|Sinistcha, L50|75/100\n|-heal|p2a: Orthworm|99/100|[from] ability: Hospitality|[of] p2b: Sinistcha\n|turn|10\n|\n|t:|1776086020\n|move|p1a: Garchomp|Stone Edge|p2b: Sinistcha|[miss]\n|-miss|p1a: Garchomp|p2b: Sinistcha\n|move|p2b: Sinistcha|Matcha Gotcha|p1a: Garchomp\n|-damage|p1a: Garchomp|0 fnt\n|-heal|p2b: Sinistcha|93/100|[from] drain|[of] p1a: Garchomp\n|faint|p1a: Garchomp\n|\n|win|buffawing\n|raw|DenziVGC's rating: 1079 &rarr; <strong>1058</strong><br />(-21 for losing)\n|raw|buffawing's rating: 1098 &rarr; <strong>1122</strong><br />(+24 for winning)\n",
  "uploadtime": 1776086030,
  "views": 11,
  "formatid": "gen9championsvgc2026regma",
  "rating": 1058,
  "private": 0,
  "password": null
}