{
  "id": "gen9championsvgc2026regma-2581730011",
  "format": "[Gen 9 Champions] VGC 2026 Reg M-A",
  "players": [
    "bruno_oli_",
    "hashitashimaru"
  ],
  "log": "|j|\u2606bruno_oli_\n|j|\u2606hashitashimaru\n|t:|1776023988\n|gametype|doubles\n|player|p1|bruno_oli_|acetrainerf|1138\n|player|p2|hashitashimaru|2|1116\n|gen|9\n|tier|[Gen 9 Champions] VGC 2026 Reg M-A\n|rated|\n|rule|Species Clause: Limit one of each Pok\u00e9mon\n|rule|Item Clause: Limit 1 of each item\n|clearpoke\n|poke|p1|Starmie, L50|\n|poke|p1|Tyranitar, L50, F|\n|poke|p1|Garchomp, L50, F|\n|poke|p1|Aerodactyl, L50, M|\n|poke|p1|Rotom-Heat, L50|\n|poke|p1|Aegislash, L50, F|\n|poke|p2|Tyranitar, L50, M|\n|poke|p2|Incineroar, L50, M|\n|poke|p2|Garchomp, L50, M|\n|poke|p2|Sinistcha, L50|\n|poke|p2|Aerodactyl, L50, M|\n|poke|p2|Garganacl, L50, M|\n|teampreview|4\n|c|\u2606hashitashimaru|You watched the Wolfie-Alpharad video, huh?\n|\n|t:|1776024036\n|teamsize|p1|4\n|teamsize|p2|4\n|start\n|switch|p1a: Aerodactyl|Aerodactyl, L50, M|100/100\n|switch|p1b: Tyranitar|Tyranitar, L50, F|100/100\n|switch|p2a: Tyranitar|Tyranitar, L50, M|100/100\n|switch|p2b: Garganacl|Garganacl, L50, M|100/100\n|-ability|p1a: Aerodactyl|Unnerve\n|-weather|Sandstorm|[from] ability: Sand Stream|[of] p1b: Tyranitar\n|turn|1\n|c|\u2606bruno_oli_|yep\n|c|\u2606bruno_oli_|figured id try it out, looked fun\n|c|\u2606hashitashimaru|Let's see how it goes!\n|\n|t:|1776024059\n|move|p2b: Garganacl|Wide Guard|p2b: Garganacl\n|-singleturn|p2b: Garganacl|Wide Guard\n|move|p1a: Aerodactyl|Tailwind|p1a: Aerodactyl\n|-sidestart|p1: bruno_oli_|move: Tailwind\n|move|p1b: Tyranitar|Brick Break|p2a: Tyranitar\n|-supereffective|p2a: Tyranitar|2\n|-damage|p2a: Tyranitar|16/100\n|move|p2a: Tyranitar|Rock Slide|p1a: Aerodactyl|[spread] p1a\n|-miss|p2a: Tyranitar|p1b: Tyranitar\n|-supereffective|p1a: Aerodactyl|1\n|-enditem|p1a: Aerodactyl|Focus Sash\n|-damage|p1a: Aerodactyl|1/100\n|\n|-weather|Sandstorm|[upkeep]\n|upkeep\n|turn|2\n|\n|t:|1776024082\n|switch|p2a: Sinistcha|Sinistcha, L50|100/100\n|move|p1a: Aerodactyl|Rock Slide|p2b: Garganacl|[spread] p2b\n|-miss|p1a: Aerodactyl|p2a: Sinistcha\n|-damage|p2b: Garganacl|85/100\n|move|p1b: Tyranitar|Brick Break|p2b: Garganacl\n|-supereffective|p2b: Garganacl|1\n|-damage|p2b: Garganacl|52/100\n|move|p2b: Garganacl|Curse|p2b: Garganacl\n|-unboost|p2b: Garganacl|spe|1\n|-boost|p2b: Garganacl|atk|1\n|-boost|p2b: Garganacl|def|1\n|\n|-weather|Sandstorm|[upkeep]\n|-damage|p2a: Sinistcha|95/100|[from] Sandstorm\n|-heal|p2b: Garganacl|58/100|[from] item: Leftovers\n|upkeep\n|turn|3\n|\n|t:|1776024123\n|move|p1a: Aerodactyl|Dual Wingbeat|p2a: Sinistcha\n|-supereffective|p2a: Sinistcha|1\n|-damage|p2a: Sinistcha|59/100\n|-supereffective|p2a: Sinistcha|1\n|-damage|p2a: Sinistcha|22/100\n|-hitcount|p2a: Sinistcha|2\n|move|p1b: Tyranitar|Brick Break|p2b: Garganacl\n|-supereffective|p2b: Garganacl|1\n|-damage|p2b: Garganacl|35/100\n|move|p2a: Sinistcha|Matcha Gotcha|p1b: Tyranitar|[spread] p1a,p1b\n|-supereffective|p1b: Tyranitar|1\n|-damage|p1a: Aerodactyl|0 fnt\n|-heal|p2a: Sinistcha|23/100|[from] drain|[of] p1a: Aerodactyl\n|-damage|p1b: Tyranitar|62/100\n|-heal|p2a: Sinistcha|43/100|[from] drain|[of] p1b: Tyranitar\n|faint|p1a: Aerodactyl\n|move|p2b: Garganacl|Salt Cure|p1b: Tyranitar\n|-damage|p1b: Tyranitar|43/100\n|-start|p1b: Tyranitar|Salt Cure\n|\n|-weather|Sandstorm|[upkeep]\n|-damage|p2a: Sinistcha|37/100|[from] Sandstorm\n|-heal|p2b: Garganacl|41/100|[from] item: Leftovers\n|-damage|p1b: Tyranitar|37/100|[from] Salt Cure\n|upkeep\n|\n|t:|1776024143\n|switch|p1a: Starmie|Starmie, L50|100/100\n|turn|4\n|\n|t:|1776024167\n|switch|p1b: Garchomp|Garchomp, L50, F|100/100\n|detailschange|p1a: Starmie|Starmie-Mega, L50\n|-mega|p1a: Starmie|Starmie|Starminite\n|move|p1a: Starmie|Zen Headbutt|p2a: Sinistcha\n|-damage|p2a: Sinistcha|0 fnt\n|faint|p2a: Sinistcha\n|move|p2b: Garganacl|Recover|p2b: Garganacl\n|-heal|p2b: Garganacl|91/100\n|\n|-weather|Sandstorm|[upkeep]\n|-damage|p1a: Starmie|95/100|[from] Sandstorm\n|-heal|p2b: Garganacl|97/100|[from] item: Leftovers\n|-sideend|p1: bruno_oli_|move: Tailwind\n|upkeep\n|\n|t:|1776024181\n|switch|p2a: Garchomp|Garchomp, L50, M|100/100\n|turn|5\n|\n|t:|1776024193\n|move|p2b: Garganacl|Wide Guard|p2b: Garganacl\n|-singleturn|p2b: Garganacl|Wide Guard\n|move|p1a: Starmie|Skill Swap|p1b: Garchomp\n|-activate|p1a: Starmie|Skill Swap|||[of] p1b: Garchomp\n|move|p1b: Garchomp|Dragon Claw|p2a: Garchomp\n|-supereffective|p2a: Garchomp|1\n|-damage|p2a: Garchomp|0 fnt\n|faint|p2a: Garchomp\n|\n|-weather|none\n|-heal|p2b: Garganacl|100/100|[from] item: Leftovers\n|upkeep\n|\n|t:|1776024201\n|switch|p2a: Tyranitar|Tyranitar, L50, M|16/100\n|-weather|Sandstorm|[from] ability: Sand Stream|[of] p2a: Tyranitar\n|turn|6\n|\n|t:|1776024211\n|move|p2a: Tyranitar|Protect|p2a: Tyranitar\n|-singleturn|p2a: Tyranitar|Protect\n|move|p1a: Starmie|Liquidation|p2a: Tyranitar\n|-activate|p2a: Tyranitar|move: Protect\n|move|p1b: Garchomp|Iron Head|p2b: Garganacl\n|-supereffective|p2b: Garganacl|1\n|-damage|p2b: Garganacl|57/100\n|move|p2b: Garganacl|Salt Cure|p1b: Garchomp\n|-resisted|p1b: Garchomp|1\n|-damage|p1b: Garchomp|90/100\n|-start|p1b: Garchomp|Salt Cure\n|\n|-weather|Sandstorm|[upkeep]\n|-heal|p2b: Garganacl|63/100|[from] item: Leftovers\n|-damage|p1b: Garchomp|84/100|[from] Salt Cure\n|upkeep\n|turn|7\n|\n|t:|1776024233\n|move|p1a: Starmie|Liquidation|p2a: Tyranitar\n|-supereffective|p2a: Tyranitar|1\n|-damage|p2a: Tyranitar|0 fnt\n|faint|p2a: Tyranitar\n|move|p1b: Garchomp|Iron Head|p2b: Garganacl\n|-supereffective|p2b: Garganacl|1\n|-damage|p2b: Garganacl|20/100\n|move|p2b: Garganacl|Recover|p2b: Garganacl\n|-heal|p2b: Garganacl|71/100\n|\n|-weather|Sandstorm|[upkeep]\n|-heal|p2b: Garganacl|76/100|[from] item: Leftovers\n|-damage|p1b: Garchomp|78/100|[from] Salt Cure\n|upkeep\n|turn|8\n|\n|t:|1776024246\n|switch|p1a: Tyranitar|Tyranitar, L50, F|37/100\n|move|p1b: Garchomp|Iron Head|p2b: Garganacl\n|-supereffective|p2b: Garganacl|1\n|-damage|p2b: Garganacl|31/100\n|cant|p2b: Garganacl|flinch\n|\n|-weather|Sandstorm|[upkeep]\n|-heal|p2b: Garganacl|37/100|[from] item: Leftovers\n|-damage|p1b: Garchomp|72/100|[from] Salt Cure\n|upkeep\n|turn|9\n|\n|t:|1776024259\n|move|p1a: Tyranitar|Knock Off|p2b: Garganacl\n|-damage|p2b: Garganacl|16/100\n|-enditem|p2b: Garganacl|Leftovers|[from] move: Knock Off|[of] p1a: Tyranitar\n|move|p1b: Garchomp|Iron Head|p2b: Garganacl\n|-supereffective|p2b: Garganacl|1\n|-damage|p2b: Garganacl|0 fnt\n|faint|p2b: Garganacl\n|\n|win|bruno_oli_\n|raw|bruno_oli_'s rating: 1138 &rarr; <strong>1161</strong><br />(+23 for winning)\n|raw|hashitashimaru's rating: 1116 &rarr; <strong>1093</strong><br />(-23 for losing)\n|c|\u2606hashitashimaru|g\n|c|\u2606bruno_oli_|gg!\n|l|\u2606hashitashimaru\n|player|p2|\n",
  "uploadtime": 1776024276,
  "views": 16,
  "formatid": "gen9championsvgc2026regma",
  "rating": 1093,
  "private": 0,
  "password": null
}