{
  "id": "gen9championsvgc2026regma-2584233962",
  "format": "[Gen 9 Champions] VGC 2026 Reg M-A",
  "players": [
    "xyagonal",
    "EXSA"
  ],
  "log": "|j|\u2606xyagonal\n|j|\u2606EXSA\n|t:|1776241362\n|gametype|doubles\n|player|p1|xyagonal|fisherman-gen4|1163\n|player|p2|EXSA|266|1216\n|gen|9\n|tier|[Gen 9 Champions] VGC 2026 Reg M-A\n|rated|\n|rule|Species Clause: Limit one of each Pok\u00e9mon\n|rule|Item Clause: Limit 1 of each item\n|clearpoke\n|poke|p1|Aggron, L50, M|\n|poke|p1|Incineroar, L50, F|\n|poke|p1|Sinistcha, L50|\n|poke|p1|Tyranitar, L50, F|\n|poke|p1|Primarina, L50, F|\n|poke|p1|Jolteon, L50, M|\n|poke|p2|Charizard, L50, F|\n|poke|p2|Incineroar, L50, M|\n|poke|p2|Maushold-Four, L50|\n|poke|p2|Hawlucha, L50, F|\n|poke|p2|Garchomp, L50, F|\n|poke|p2|Whimsicott, L50, F|\n|teampreview|4\n|inactive|Battle timer is ON: inactive players will automatically lose when time's up. (requested by xyagonal)\n|\n|t:|1776241396\n|teamsize|p1|4\n|teamsize|p2|4\n|start\n|switch|p1a: Incineroar|Incineroar, L50, F|100/100\n|switch|p1b: Tyranitar|Tyranitar, L50, F|100/100\n|switch|p2a: Hawlucha|Hawlucha, L50, F|100/100\n|switch|p2b: Garchomp|Garchomp, L50, F|100/100\n|-weather|Sandstorm|[from] ability: Sand Stream|[of] p1b: Tyranitar\n|-ability|p1a: Incineroar|Intimidate|boost\n|-unboost|p2a: Hawlucha|atk|1\n|-unboost|p2b: Garchomp|atk|1\n|-enditem|p2a: Hawlucha|White Herb\n|-clearnegativeboost|p2a: Hawlucha|[silent]\n|turn|1\n|inactive|xyagonal has 30 seconds left.\n|inactive|xyagonal has 20 seconds left.\n|inactive|xyagonal has 15 seconds left.\n|inactive|xyagonal has 10 seconds left.\n|\n|t:|1776241445\n|switch|p1b: Primarina|Primarina, L50, F|100/100\n|move|p2a: Hawlucha|Upper Hand|p1a: Incineroar\n|-supereffective|p1a: Incineroar|1\n|-damage|p1a: Incineroar|46/100\n|cant|p1a: Incineroar|flinch\n|move|p2b: Garchomp|Earthquake|p1b: Primarina|[spread] p1a,p1b\n|-immune|p2a: Hawlucha\n|-supereffective|p1a: Incineroar|1\n|-damage|p1a: Incineroar|0 fnt\n|-damage|p1b: Primarina|67/100\n|faint|p1a: Incineroar\n|\n|-weather|Sandstorm|[upkeep]\n|-damage|p2a: Hawlucha|95/100|[from] Sandstorm\n|-damage|p1b: Primarina|61/100|[from] Sandstorm\n|upkeep\n|\n|t:|1776241463\n|switch|p1a: Aggron|Aggron, L50, M|100/100\n|turn|2\n|\n|t:|1776241470\n|detailschange|p1a: Aggron|Aggron-Mega, L50, M\n|-mega|p1a: Aggron|Aggron|Aggronite\n|move|p2a: Hawlucha|Acrobatics|p1b: Primarina\n|-damage|p1b: Primarina|0 fnt\n|faint|p1b: Primarina\n|move|p2b: Garchomp|Earthquake|p1a: Aggron|[spread] p1a\n|-immune|p2a: Hawlucha\n|-supereffective|p1a: Aggron|1\n|-damage|p1a: Aggron|79/100\n|move|p1a: Aggron|Iron Defense|p1a: Aggron\n|-boost|p1a: Aggron|def|2\n|\n|-weather|Sandstorm|[upkeep]\n|-damage|p2a: Hawlucha|89/100|[from] Sandstorm\n|upkeep\n|\n|t:|1776241484\n|switch|p1b: Tyranitar|Tyranitar, L50, F|100/100\n|turn|3\n|\n|t:|1776241489\n|move|p1b: Tyranitar|Protect|p1b: Tyranitar\n|-singleturn|p1b: Tyranitar|Protect\n|move|p2a: Hawlucha|Close Combat|p1a: Aggron\n|-supereffective|p1a: Aggron|1\n|-damage|p1a: Aggron|60/100\n|-unboost|p2a: Hawlucha|def|1\n|-unboost|p2a: Hawlucha|spd|1\n|move|p2b: Garchomp|Earthquake|p1b: Tyranitar|[spread] p1a\n|-activate|p1b: Tyranitar|move: Protect\n|-immune|p2a: Hawlucha\n|-supereffective|p1a: Aggron|1\n|-damage|p1a: Aggron|49/100\n|move|p1a: Aggron|Body Press|p2b: Garchomp\n|-damage|p2b: Garchomp|8/100\n|-damage|p1a: Aggron|37/100|[from] ability: Rough Skin|[of] p2b: Garchomp\n|\n|-weather|Sandstorm|[upkeep]\n|-damage|p2a: Hawlucha|84/100|[from] Sandstorm\n|upkeep\n|turn|4\n|\n|t:|1776241512\n|move|p2a: Hawlucha|Feint|p1a: Aggron\n|-resisted|p1a: Aggron|1\n|-damage|p1a: Aggron|36/100\n|move|p2b: Garchomp|Earthquake|p1a: Aggron|[spread] p1a,p1b\n|-immune|p2a: Hawlucha\n|-supereffective|p1a: Aggron|1\n|-supereffective|p1b: Tyranitar|1\n|-damage|p1a: Aggron|25/100\n|-damage|p1b: Tyranitar|51/100\n|move|p1b: Tyranitar|Rock Slide|p2b: Garchomp|[spread] p2a,p2b\n|-resisted|p2b: Garchomp|1\n|-damage|p2a: Hawlucha|15/100\n|-damage|p2b: Garchomp|0 fnt\n|faint|p2b: Garchomp\n|move|p1a: Aggron|Body Press|p2a: Hawlucha\n|-resisted|p2a: Hawlucha|1\n|-damage|p2a: Hawlucha|0 fnt\n|faint|p2a: Hawlucha\n|\n|-weather|Sandstorm|[upkeep]\n|upkeep\n|\n|t:|1776241527\n|switch|p2a: Charizard|Charizard, L50, F, shiny|100/100\n|switch|p2b: Incineroar|Incineroar, L50, M|100/100\n|-ability|p2b: Incineroar|Intimidate|boost\n|-unboost|p1a: Aggron|atk|1\n|-unboost|p1b: Tyranitar|atk|1\n|turn|5\n|\n|t:|1776241535\n|detailschange|p2a: Charizard|Charizard-Mega-Y, L50, F, shiny\n|-mega|p2a: Charizard|Charizard|Charizardite Y\n|-weather|SunnyDay|[from] ability: Drought|[of] p2a: Charizard\n|move|p1b: Tyranitar|Protect|p1b: Tyranitar\n|-singleturn|p1b: Tyranitar|Protect\n|move|p1a: Aggron|Protect|p1a: Aggron\n|-singleturn|p1a: Aggron|Protect\n|move|p2b: Incineroar|Fake Out|p1b: Tyranitar\n|-activate|p1b: Tyranitar|move: Protect\n|move|p2a: Charizard|Heat Wave|p1a: Aggron|[spread] \n|-activate|p1a: Aggron|move: Protect\n|-activate|p1b: Tyranitar|move: Protect\n|\n|-weather|SunnyDay|[upkeep]\n|upkeep\n|turn|6\n|\n|t:|1776241553\n|move|p2a: Charizard|Solar Beam||[still]\n|-prepare|p2a: Charizard|Solar Beam\n|-anim|p2a: Charizard|Solar Beam|p1b: Tyranitar\n|-supereffective|p1b: Tyranitar|1\n|-damage|p1b: Tyranitar|0 fnt\n|faint|p1b: Tyranitar\n|move|p2b: Incineroar|Flare Blitz|p1a: Aggron\n|-supereffective|p1a: Aggron|1\n|-damage|p1a: Aggron|0 fnt\n|faint|p1a: Aggron\n|-damage|p2b: Incineroar|94/100|[from] Recoil\n|\n|win|EXSA\n|raw|xyagonal's rating: 1163 &rarr; <strong>1142</strong><br />(-21 for losing)\n|raw|EXSA's rating: 1216 &rarr; <strong>1237</strong><br />(+21 for winning)\n",
  "uploadtime": 1776241566,
  "views": 16,
  "formatid": "gen9championsvgc2026regma",
  "rating": 1142,
  "private": 0,
  "password": null
}