{
  "id": "gen9championsvgc2026regma-2584534405",
  "format": "[Gen 9 Champions] VGC 2026 Reg M-A",
  "players": [
    "Baby Kunai",
    "CoolTrainerBu"
  ],
  "log": "|j|\u2606Baby Kunai\n|j|\u2606CoolTrainerBu\n|t:|1776267152\n|gametype|doubles\n|player|p1|Baby Kunai|ninjaboy|1105\n|player|p2|CoolTrainerBu|265|1203\n|gen|9\n|tier|[Gen 9 Champions] VGC 2026 Reg M-A\n|rated|\n|rule|Species Clause: Limit one of each Pok\u00e9mon\n|rule|Item Clause: Limit 1 of each item\n|clearpoke\n|poke|p1|Sneasler, L50, M|\n|poke|p1|Gengar, L50, F|\n|poke|p1|Clefable, L50, M|\n|poke|p1|Incineroar, L50, M|\n|poke|p1|Hydreigon, L50, F|\n|poke|p1|Corviknight, L50, F|\n|poke|p2|Charizard, L50, F|\n|poke|p2|Whimsicott, L50, M|\n|poke|p2|Garchomp, L50, M|\n|poke|p2|Sneasler, L50, F|\n|poke|p2|Maushold, L50|\n|poke|p2|Incineroar, L50, F|\n|teampreview|4\n|inactive|Battle timer is ON: inactive players will automatically lose when time's up. (requested by Baby Kunai)\n|inactive|CoolTrainerBu has 60 seconds left.\n|\n|t:|1776267195\n|teamsize|p1|4\n|teamsize|p2|4\n|start\n|switch|p1a: Gengar|Gengar, L50, F|100/100\n|switch|p1b: Sneasler|Sneasler, L50, M|100/100\n|switch|p2a: Charizard|Charizard, L50, F|100/100\n|switch|p2b: Garchomp|Garchomp, L50, M|100/100\n|turn|1\n|\n|t:|1776267210\n|detailschange|p1a: Gengar|Gengar-Mega, L50, F\n|-mega|p1a: Gengar|Gengar|Gengarite\n|detailschange|p2a: Charizard|Charizard-Mega-Y, L50, F\n|-mega|p2a: Charizard|Charizard|Charizardite Y\n|-weather|SunnyDay|[from] ability: Drought|[of] p2a: Charizard\n|move|p1b: Sneasler|Fake Out|p2b: Garchomp\n|-damage|p2b: Garchomp|86/100\n|-damage|p1b: Sneasler|88/100|[from] ability: Rough Skin|[of] p2b: Garchomp\n|move|p1a: Gengar|Icy Wind|p2a: Charizard|[spread] p2a,p2b\n|-supereffective|p2b: Garchomp|2\n|-enditem|p2b: Garchomp|Yache Berry|[eat]\n|-enditem|p2b: Garchomp|Yache Berry|[weaken]\n|-damage|p2a: Charizard|84/100\n|-damage|p2b: Garchomp|48/100\n|-unboost|p2a: Charizard|spe|1\n|-unboost|p2b: Garchomp|spe|1\n|cant|p2b: Garchomp|flinch\n|move|p2a: Charizard|Heat Wave|p1a: Gengar|[spread] p1a,p1b\n|-damage|p1a: Gengar|13/100\n|-damage|p1b: Sneasler|4/100\n|\n|-weather|SunnyDay|[upkeep]\n|upkeep\n|turn|2\n|inactive|Baby Kunai has 30 seconds left.\n|inactive|CoolTrainerBu has 30 seconds left.\n|inactive|Baby Kunai has 20 seconds left.\n|inactive|Baby Kunai has 15 seconds left.\n|\n|t:|1776267252\n|move|p2b: Garchomp|Protect|p2b: Garchomp\n|-singleturn|p2b: Garchomp|Protect\n|move|p1a: Gengar|Icy Wind|p2a: Charizard|[spread] p2a\n|-activate|p2b: Garchomp|move: Protect\n|-damage|p2a: Charizard|68/100\n|-unboost|p2a: Charizard|spe|1\n|move|p1b: Sneasler|Dire Claw|p2a: Charizard\n|-damage|p2a: Charizard|22/100\n|move|p2a: Charizard|Heat Wave|p1a: Gengar|[spread] p1a,p1b\n|-damage|p1a: Gengar|0 fnt\n|-damage|p1b: Sneasler|0 fnt\n|faint|p1a: Gengar\n|faint|p1b: Sneasler\n|\n|-weather|SunnyDay|[upkeep]\n|upkeep\n|\n|t:|1776267267\n|switch|p1a: Hydreigon|Hydreigon, L50, F, shiny|100/100\n|switch|p1b: Corviknight|Corviknight, L50, F, shiny|100/100\n|turn|3\n|\n|t:|1776267285\n|switch|p2b: Whimsicott|Whimsicott, L50, M|100/100\n|switch|p2a: Incineroar|Incineroar, L50, F|100/100\n|-ability|p2a: Incineroar|Intimidate|boost\n|-unboost|p1a: Hydreigon|atk|1\n|-ability|p1b: Corviknight|Mirror Armor\n|-unboost|p2a: Incineroar|atk|1\n|-enditem|p1a: Hydreigon|White Herb\n|-clearnegativeboost|p1a: Hydreigon|[silent]\n|move|p1a: Hydreigon|Dark Pulse|p2b: Whimsicott\n|-resisted|p2b: Whimsicott|1\n|-damage|p2b: Whimsicott|64/100\n|move|p1b: Corviknight|Tailwind|p1b: Corviknight\n|-sidestart|p1: Baby Kunai|move: Tailwind\n|\n|-weather|SunnyDay|[upkeep]\n|upkeep\n|turn|4\n|inactive|Baby Kunai has 30 seconds left.\n|inactive|CoolTrainerBu has 30 seconds left.\n|\n|t:|1776267319\n|move|p2a: Incineroar|Fake Out|p1b: Corviknight\n|-resisted|p1b: Corviknight|1\n|-damage|p1b: Corviknight|98/100\n|move|p2b: Whimsicott|Tailwind|p2b: Whimsicott\n|-sidestart|p2: CoolTrainerBu|move: Tailwind\n|move|p1a: Hydreigon|Earth Power|p2a: Incineroar\n|-supereffective|p2a: Incineroar|1\n|-enditem|p2a: Incineroar|Shuca Berry|[eat]\n|-enditem|p2a: Incineroar|Shuca Berry|[weaken]\n|-damage|p2a: Incineroar|73/100\n|cant|p1b: Corviknight|flinch\n|\n|-weather|SunnyDay|[upkeep]\n|upkeep\n|turn|5\n|\n|t:|1776267341\n|move|p2b: Whimsicott|Moonblast|p1a: Hydreigon\n|-supereffective|p1a: Hydreigon|2\n|-damage|p1a: Hydreigon|0 fnt\n|faint|p1a: Hydreigon\n|move|p2a: Incineroar|Flare Blitz|p1b: Corviknight\n|-supereffective|p1b: Corviknight|1\n|-damage|p1b: Corviknight|13/100\n|-damage|p2a: Incineroar|45/100|[from] Recoil\n|move|p1b: Corviknight|Brave Bird|p2b: Whimsicott\n|-supereffective|p2b: Whimsicott|1\n|-damage|p2b: Whimsicott|0 fnt\n|faint|p2b: Whimsicott\n|-damage|p1b: Corviknight|0 fnt|[from] Recoil\n|faint|p1b: Corviknight\n|\n|win|CoolTrainerBu\n|raw|Baby Kunai's rating: 1105 &rarr; <strong>1087</strong><br />(-18 for losing)\n|raw|CoolTrainerBu's rating: 1203 &rarr; <strong>1221</strong><br />(+18 for winning)\n|l|\u2606Baby Kunai\n|player|p1|\n",
  "uploadtime": 1776267360,
  "views": 22,
  "formatid": "gen9championsvgc2026regma",
  "rating": 1087,
  "private": 0,
  "password": null
}