{
  "id": "gen9championsvgc2026regma-2589431205",
  "format": "[Gen 9 Champions] VGC 2026 Reg M-A",
  "players": [
    "nemesis5164",
    "bigearlington"
  ],
  "log": "|j|\u2606nemesis5164\n|j|\u2606bigearlington\n|t:|1776722370\n|gametype|doubles\n|player|p1|nemesis5164|169|1258\n|player|p2|bigearlington|265|1267\n|gen|9\n|tier|[Gen 9 Champions] VGC 2026 Reg M-A\n|rated|\n|rule|Species Clause: Limit one of each Pok\u00e9mon\n|rule|Item Clause: Limit 1 of each item\n|clearpoke\n|poke|p1|Charizard, L50, M|\n|poke|p1|Venusaur, L50, F|\n|poke|p1|Garchomp, L50, F|\n|poke|p1|Incineroar, L50, M|\n|poke|p1|Gardevoir, L50, F|\n|poke|p1|Milotic, L50, M|\n|poke|p2|Scizor, L50, F|\n|poke|p2|Sneasler, L50, M|\n|poke|p2|Sinistcha, L50|\n|poke|p2|Tyranitar, L50, F|\n|poke|p2|Milotic, L50, M|\n|poke|p2|Rotom-Wash, L50|\n|teampreview|4\n|\n|t:|1776722397\n|teamsize|p1|4\n|teamsize|p2|4\n|start\n|switch|p1a: Charizard|Charizard, L50, M|100/100\n|switch|p1b: Venusaur|Venusaur, L50, F|100/100\n|switch|p2a: Milotic|Milotic, L50, M|100/100\n|switch|p2b: Rotom|Rotom-Wash, L50|100/100\n|turn|1\n|\n|t:|1776722441\n|detailschange|p1a: Charizard|Charizard-Mega-Y, L50, M\n|-mega|p1a: Charizard|Charizard|Charizardite Y\n|-weather|SunnyDay|[from] ability: Drought|[of] p1a: Charizard\n|move|p1a: Charizard|Protect|p1a: Charizard\n|-singleturn|p1a: Charizard|Protect\n|move|p2a: Milotic|Protect|p2a: Milotic\n|-singleturn|p2a: Milotic|Protect\n|move|p1b: Venusaur|Leaf Storm|p2b: Rotom\n|-supereffective|p2b: Rotom|1\n|-damage|p2b: Rotom|0 fnt\n|-unboost|p1b: Venusaur|spa|2\n|faint|p2b: Rotom\n|\n|-weather|SunnyDay|[upkeep]\n|upkeep\n|\n|t:|1776722454\n|switch|p2b: Tyranitar|Tyranitar, L50, F|100/100\n|-weather|Sandstorm|[from] ability: Sand Stream|[of] p2b: Tyranitar\n|turn|2\n|inactive|Battle timer is ON: inactive players will automatically lose when time's up. (requested by nemesis5164)\n|\n|t:|1776722479\n|switch|p1a: Incineroar|Incineroar, L50, M|100/100\n|-ability|p1a: Incineroar|Intimidate|boost\n|-unboost|p2a: Milotic|atk|1\n|-ability|p2a: Milotic|Competitive|boost\n|-boost|p2a: Milotic|spa|2\n|-unboost|p2b: Tyranitar|atk|1\n|switch|p2a: Sinistcha|Sinistcha, L50|100/100\n|move|p1b: Venusaur|Sleep Powder|p2b: Tyranitar\n|-status|p2b: Tyranitar|slp|[from] move: Sleep Powder\n|cant|p2b: Tyranitar|slp\n|\n|-weather|Sandstorm|[upkeep]\n|-damage|p1b: Venusaur|95/100|[from] Sandstorm\n|-damage|p2a: Sinistcha|94/100|[from] Sandstorm\n|-damage|p1a: Incineroar|95/100|[from] Sandstorm\n|upkeep\n|turn|3\n|inactive|bigearlington has 30 seconds left.\n|inactive|bigearlington has 20 seconds left.\n|inactive|bigearlington has 15 seconds left.\n|inactive|bigearlington has 10 seconds left.\n|\n|t:|1776722529\n|switch|p2a: Milotic|Milotic, L50, M|100/100\n|cant|p2b: Tyranitar|slp\n|move|p1b: Venusaur|Sludge Bomb|p2a: Milotic\n|-damage|p2a: Milotic|87/100\n|move|p1a: Incineroar|Flare Blitz|p2a: Milotic\n|-resisted|p2a: Milotic|1\n|-damage|p2a: Milotic|65/100\n|-damage|p1a: Incineroar|87/100|[from] Recoil\n|\n|-weather|Sandstorm|[upkeep]\n|-damage|p1b: Venusaur|89/100|[from] Sandstorm\n|-damage|p2a: Milotic|59/100|[from] Sandstorm\n|-damage|p1a: Incineroar|81/100|[from] Sandstorm\n|-heal|p2a: Milotic|65/100|[from] item: Leftovers\n|upkeep\n|turn|4\n|inactive|bigearlington has 30 seconds left.\n|inactive|bigearlington has 20 seconds left.\n|inactive|bigearlington has 15 seconds left.\n|inactive|bigearlington has 10 seconds left.\n|\n|t:|1776722575\n|move|p1b: Venusaur|Sleep Powder|p2a: Milotic\n|-status|p2a: Milotic|slp|[from] move: Sleep Powder\n|cant|p2a: Milotic|slp\n|move|p1a: Incineroar|Parting Shot|p2b: Tyranitar\n|-unboost|p2b: Tyranitar|atk|1\n|-unboost|p2b: Tyranitar|spa|1\n|\n|t:|1776722587\n|switch|p1a: Garchomp|Garchomp, L50, F|100/100|[from] Parting Shot\n|-curestatus|p2b: Tyranitar|slp|[msg]\n|move|p2b: Tyranitar|Rock Slide|p1b: Venusaur|[spread] p1a,p1b\n|-resisted|p1a: Garchomp|1\n|-damage|p1a: Garchomp|93/100\n|-damage|p1b: Venusaur|65/100\n|\n|-weather|Sandstorm|[upkeep]\n|-damage|p1b: Venusaur|59/100|[from] Sandstorm\n|-damage|p2a: Milotic|59/100 slp|[from] Sandstorm\n|-heal|p2a: Milotic|65/100 slp|[from] item: Leftovers\n|upkeep\n|turn|5\n|\n|t:|1776722607\n|switch|p2b: Sinistcha|Sinistcha, L50|94/100\n|-heal|p2a: Milotic|90/100 slp|[from] ability: Hospitality|[of] p2b: Sinistcha\n|move|p1b: Venusaur|Protect|p1b: Venusaur\n|-singleturn|p1b: Venusaur|Protect\n|move|p1a: Garchomp|Earthquake|p2b: Sinistcha|[spread] p2a,p2b\n|-activate|p1b: Venusaur|move: Protect\n|-resisted|p2b: Sinistcha|1\n|-damage|p2a: Milotic|58/100 slp\n|-damage|p2b: Sinistcha|81/100\n|-curestatus|p2a: Milotic|slp|[msg]\n|move|p2a: Milotic|Icy Wind|p1a: Garchomp|[spread] p1a\n|-activate|p1b: Venusaur|move: Protect\n|-supereffective|p1a: Garchomp|2\n|-damage|p1a: Garchomp|46/100\n|-unboost|p1a: Garchomp|spe|1\n|-enditem|p1a: Garchomp|White Herb\n|-clearnegativeboost|p1a: Garchomp|[silent]\n|\n|-weather|Sandstorm|[upkeep]\n|-damage|p1b: Venusaur|54/100|[from] Sandstorm\n|-damage|p2a: Milotic|52/100|[from] Sandstorm\n|-damage|p2b: Sinistcha|75/100|[from] Sandstorm\n|-heal|p2a: Milotic|58/100|[from] item: Leftovers\n|upkeep\n|turn|6\n|inactive|nemesis5164 has 30 seconds left.\n|inactive|bigearlington has 30 seconds left.\n|inactive|nemesis5164 has 20 seconds left.\n|inactive|bigearlington has 20 seconds left.\n|\n|t:|1776722646\n|move|p1a: Garchomp|Dragon Claw|p2a: Milotic\n|-damage|p2a: Milotic|24/100\n|move|p1b: Venusaur|Sludge Bomb|p2a: Milotic\n|-damage|p2a: Milotic|9/100\n|move|p2a: Milotic|Icy Wind|p1b: Venusaur|[spread] p1a,p1b\n|-supereffective|p1a: Garchomp|2\n|-supereffective|p1b: Venusaur|1\n|-damage|p1a: Garchomp|0 fnt\n|-damage|p1b: Venusaur|24/100\n|-unboost|p1b: Venusaur|spe|1\n|faint|p1a: Garchomp\n|move|p2b: Sinistcha|Matcha Gotcha|p1b: Venusaur\n|-resisted|p1b: Venusaur|2\n|-damage|p1b: Venusaur|15/100\n|-heal|p2b: Sinistcha|79/100|[from] drain|[of] p1b: Venusaur\n|\n|-weather|none\n|-heal|p2a: Milotic|15/100|[from] item: Leftovers\n|upkeep\n|\n|t:|1776722665\n|switch|p1a: Charizard|Charizard-Mega-Y, L50, M|100/100\n|-weather|SunnyDay|[from] ability: Drought|[of] p1a: Charizard\n|turn|7\n|inactive|bigearlington has 30 seconds left.\n|\n|t:|1776722697\n|switch|p1b: Incineroar|Incineroar, L50, M|81/100\n|-ability|p1b: Incineroar|Intimidate|boost\n|-unboost|p2a: Milotic|atk|1\n|-ability|p2a: Milotic|Competitive|boost\n|-boost|p2a: Milotic|spa|2\n|-unboost|p2b: Sinistcha|atk|1\n|move|p2b: Sinistcha|Protect|p2b: Sinistcha\n|-singleturn|p2b: Sinistcha|Protect\n|move|p1a: Charizard|Heat Wave|p2b: Sinistcha|[spread] p2a\n|-activate|p2b: Sinistcha|move: Protect\n|-resisted|p2a: Milotic|1\n|-damage|p2a: Milotic|0 fnt\n|faint|p2a: Milotic\n|\n|-weather|SunnyDay|[upkeep]\n|upkeep\n|\n|t:|1776722710\n|switch|p2a: Tyranitar|Tyranitar, L50, F|100/100\n|-weather|Sandstorm|[from] ability: Sand Stream|[of] p2a: Tyranitar\n|turn|8\n|\n|t:|1776722732\n|move|p1b: Incineroar|Fake Out|p2a: Tyranitar\n|-resisted|p2a: Tyranitar|1\n|-damage|p2a: Tyranitar|96/100\n|move|p2b: Sinistcha|Rage Powder|p2b: Sinistcha\n|-singleturn|p2b: Sinistcha|move: Rage Powder\n|move|p1a: Charizard|Overheat|p2b: Sinistcha\n|-supereffective|p2b: Sinistcha|1\n|-damage|p2b: Sinistcha|0 fnt\n|-unboost|p1a: Charizard|spa|2\n|faint|p2b: Sinistcha\n|cant|p2a: Tyranitar|flinch\n|\n|-weather|Sandstorm|[upkeep]\n|-damage|p1a: Charizard|94/100|[from] Sandstorm\n|-damage|p1b: Incineroar|75/100|[from] Sandstorm\n|upkeep\n|turn|9\n|inactive|nemesis5164 has 30 seconds left.\n|inactive|nemesis5164 has 20 seconds left.\n|inactive|nemesis5164 has 15 seconds left.\n|inactive|nemesis5164 has 10 seconds left.\n|inactive|nemesis5164 has 5 seconds left.\n|\n|t:|1776722785\n|switch|p1a: Venusaur|Venusaur, L50, F|15/100\n|move|p1b: Incineroar|Parting Shot|p2a: Tyranitar\n|-unboost|p2a: Tyranitar|atk|1\n|-unboost|p2a: Tyranitar|spa|1\n|\n|t:|1776722792\n|switch|p1b: Charizard|Charizard-Mega-Y, L50, M|94/100|[from] Parting Shot\n|-weather|SunnyDay|[from] ability: Drought|[of] p1b: Charizard\n|move|p2a: Tyranitar|Rock Slide|p1b: Charizard|[spread] p1a,p1b\n|-supereffective|p1b: Charizard|2\n|-damage|p1a: Venusaur|0 fnt\n|-damage|p1b: Charizard|0 fnt\n|faint|p1a: Venusaur\n|faint|p1b: Charizard\n|\n|-weather|SunnyDay|[upkeep]\n|upkeep\n|\n|t:|1776722803\n|switch|p1b: Incineroar|Incineroar, L50, M|75/100\n|-ability|p1b: Incineroar|Intimidate|boost\n|-unboost|p2a: Tyranitar|atk|1\n|turn|10\n|\n|t:|1776722809\n|detailschange|p2a: Tyranitar|Tyranitar-Mega, L50, F\n|-mega|p2a: Tyranitar|Tyranitar|Tyranitarite\n|-weather|Sandstorm|[from] ability: Sand Stream|[of] p2a: Tyranitar\n|move|p1b: Incineroar|Fake Out|p2a: Tyranitar\n|-resisted|p2a: Tyranitar|1\n|-damage|p2a: Tyranitar|93/100\n|cant|p2a: Tyranitar|flinch\n|\n|-weather|Sandstorm|[upkeep]\n|-damage|p1b: Incineroar|69/100|[from] Sandstorm\n|upkeep\n|turn|11\n|\n|t:|1776722819\n|move|p2a: Tyranitar|Rock Slide|p1b: Incineroar\n|-supereffective|p1b: Incineroar|1\n|-damage|p1b: Incineroar|30/100\n|-enditem|p1b: Incineroar|Sitrus Berry|[eat]\n|-heal|p1b: Incineroar|55/100|[from] item: Sitrus Berry\n|move|p1b: Incineroar|Throat Chop|p2a: Tyranitar\n|-resisted|p2a: Tyranitar|1\n|-damage|p2a: Tyranitar|83/100\n|-start|p2a: Tyranitar|Throat Chop|[silent]\n|\n|-weather|Sandstorm|[upkeep]\n|-damage|p1b: Incineroar|49/100|[from] Sandstorm\n|upkeep\n|turn|12\n|inactive|nemesis5164 has 30 seconds left.\n|l|\u2606nemesis5164\n|inactive|nemesis5164 disconnected and has a minute to reconnect!\n|player|p1|\n|inactive|nemesis5164 has 20 seconds left.\n|inactive|nemesis5164 has 15 seconds left.\n|inactive|nemesis5164 has 10 seconds left.\n|inactive|nemesis5164 has 5 seconds left.\n|-message|nemesis5164 lost due to inactivity.\n|\n|win|bigearlington\n|raw|nemesis5164's rating: 1235 &rarr; <strong>1212</strong><br />(-23 for losing)\n|raw|bigearlington's rating: 1267 &rarr; <strong>1290</strong><br />(+23 for winning)\n",
  "uploadtime": 1776722874,
  "views": 5,
  "formatid": "gen9championsvgc2026regma",
  "rating": 1212,
  "private": 0,
  "password": null
}