{
  "id": "gen9championsvgc2026regma-2584475998",
  "format": "[Gen 9 Champions] VGC 2026 Reg M-A",
  "players": [
    "d280706",
    "AsexualBillClinton"
  ],
  "log": "|j|\u2606d280706\n|j|\u2606AsexualBillClinton\n|t:|1776263396\n|gametype|doubles\n|player|p1|d280706|101|1218\n|player|p2|AsexualBillClinton|marlon|1284\n|gen|9\n|tier|[Gen 9 Champions] VGC 2026 Reg M-A\n|rated|\n|rule|Species Clause: Limit one of each Pok\u00e9mon\n|rule|Item Clause: Limit 1 of each item\n|clearpoke\n|poke|p1|Floette-Eternal, L50, F|\n|poke|p1|Incineroar, L50, M|\n|poke|p1|Aerodactyl, L50, M|\n|poke|p1|Garchomp, L50, F|\n|poke|p1|Sinistcha, L50|\n|poke|p1|Sneasler, L50, M|\n|poke|p2|Steelix, L50, M|\n|poke|p2|Tyranitar, L50, M|\n|poke|p2|Sinistcha, L50|\n|poke|p2|Whimsicott, L50, F|\n|poke|p2|Milotic, L50, M|\n|poke|p2|Sneasler, L50, F|\n|teampreview|4\n|\n|t:|1776263426\n|teamsize|p1|4\n|teamsize|p2|4\n|start\n|switch|p1a: Garchomp|Garchomp, L50, F, shiny|100/100\n|switch|p1b: Aerodactyl|Aerodactyl, L50, M|100/100\n|switch|p2a: Milotic|Milotic, L50, M|100/100\n|switch|p2b: Whimsicott|Whimsicott, L50, F|100/100\n|turn|1\n|\n|t:|1776263445\n|move|p1b: Aerodactyl|Tailwind|p1b: Aerodactyl\n|-sidestart|p1: d280706|move: Tailwind\n|move|p1a: Garchomp|Rock Slide|p2a: Milotic|[spread] p2a,p2b\n|-damage|p2a: Milotic|78/100\n|-damage|p2b: Whimsicott|82/100\n|move|p2a: Milotic|Ice Beam|p1a: Garchomp\n|-supereffective|p1a: Garchomp|2\n|-damage|p1a: Garchomp|2/100\n|move|p2b: Whimsicott|Trick Room|p2b: Whimsicott\n|-fieldstart|move: Trick Room|[of] p2b: Whimsicott\n|\n|-heal|p2a: Milotic|84/100|[from] item: Leftovers\n|upkeep\n|turn|2\n|\n|t:|1776263466\n|move|p1b: Aerodactyl|Protect|p1b: Aerodactyl\n|-singleturn|p1b: Aerodactyl|Protect\n|move|p2b: Whimsicott|Encore|p1b: Aerodactyl\n|-activate|p1b: Aerodactyl|move: Protect\n|move|p2a: Milotic|Ice Beam|p1a: Garchomp\n|-supereffective|p1a: Garchomp|2\n|-damage|p1a: Garchomp|0 fnt\n|faint|p1a: Garchomp\n|\n|-heal|p2a: Milotic|90/100|[from] item: Leftovers\n|upkeep\n|\n|t:|1776263474\n|switch|p1a: Floette|Floette-Eternal, L50, F|100/100\n|turn|3\n|\n|t:|1776263481\n|switch|p1b: Sneasler|Sneasler, L50, M|100/100\n|detailschange|p1a: Floette|Floette-Mega, L50, F\n|-mega|p1a: Floette|Floette|Floettite\n|-ability|p1a: Floette|Fairy Aura\n|move|p1a: Floette|Protect|p1a: Floette\n|-singleturn|p1a: Floette|Protect\n|move|p2b: Whimsicott|Light Screen|p2b: Whimsicott\n|-sidestart|p2: AsexualBillClinton|move: Light Screen\n|move|p2a: Milotic|Muddy Water|p1a: Floette|[spread] p1b\n|-activate|p1a: Floette|move: Protect\n|-damage|p1b: Sneasler|64/100\n|\n|-heal|p2a: Milotic|96/100|[from] item: Leftovers\n|upkeep\n|turn|4\n|\n|t:|1776263509\n|switch|p2b: Warren Piece|Sinistcha, L50|100/100\n|-heal|p2a: Milotic|100/100|[from] ability: Hospitality|[of] p2b: Warren Piece\n|move|p1b: Sneasler|Fake Out|p2b: Warren Piece\n|-immune|p2b: Warren Piece\n|move|p2a: Milotic|Muddy Water|p1a: Floette|[spread] p1a,p1b\n|-damage|p1a: Floette|79/100\n|-damage|p1b: Sneasler|20/100\n|-unboost|p1a: Floette|accuracy|1\n|-unboost|p1b: Sneasler|accuracy|1\n|-enditem|p1b: Sneasler|White Herb\n|-clearnegativeboost|p1b: Sneasler|[silent]\n|move|p1a: Floette|Calm Mind|p1a: Floette\n|-boost|p1a: Floette|spa|1\n|-boost|p1a: Floette|spd|1\n|\n|-sideend|p1: d280706|move: Tailwind\n|upkeep\n|turn|5\n|\n|t:|1776263536\n|move|p1a: Floette|Protect|p1a: Floette\n|-singleturn|p1a: Floette|Protect\n|move|p1b: Sneasler|Protect|p1b: Sneasler\n|-singleturn|p1b: Sneasler|Protect\n|move|p2b: Warren Piece|Matcha Gotcha|p1b: Sneasler|[spread] \n|-activate|p1a: Floette|move: Protect\n|-activate|p1b: Sneasler|move: Protect\n|move|p2a: Milotic|Muddy Water|p1b: Sneasler|[spread] \n|-activate|p1a: Floette|move: Protect\n|-activate|p1b: Sneasler|move: Protect\n|\n|-fieldend|move: Trick Room\n|upkeep\n|turn|6\n|\n|t:|1776263561\n|move|p1b: Sneasler|Dire Claw|p2b: Warren Piece\n|-damage|p2b: Warren Piece|68/100\n|-status|p2b: Warren Piece|psn\n|move|p1a: Floette|Dazzling Gleam|p2b: Warren Piece|[spread] p2a\n|-miss|p1a: Floette|p2b: Warren Piece\n|-damage|p2a: Milotic|71/100\n|move|p2a: Milotic|Muddy Water|p1b: Sneasler|[spread] p1a,p1b\n|-damage|p1a: Floette|64/100\n|-damage|p1b: Sneasler|0 fnt\n|faint|p1b: Sneasler\n|move|p2b: Warren Piece|Trick Room|p2b: Warren Piece\n|-fieldstart|move: Trick Room|[of] p2b: Warren Piece\n|\n|-heal|p2a: Milotic|77/100|[from] item: Leftovers\n|-damage|p2b: Warren Piece|56/100 psn|[from] psn\n|upkeep\n|\n|t:|1776263571\n|switch|p1b: Aerodactyl|Aerodactyl, L50, M|100/100\n|turn|7\n|\n|t:|1776263583\n|move|p2b: Warren Piece|Matcha Gotcha|p1a: Floette|[spread] p1a,p1b\n|-damage|p1a: Floette|51/100\n|-heal|p2b: Warren Piece|62/100 psn|[from] drain|[of] p1a: Floette\n|-damage|p1b: Aerodactyl|64/100\n|-heal|p2b: Warren Piece|82/100 psn|[from] drain|[of] p1b: Aerodactyl\n|move|p2a: Milotic|Muddy Water|p1b: Aerodactyl|[spread] p1a,p1b\n|-supereffective|p1b: Aerodactyl|1\n|-damage|p1a: Floette|36/100\n|-damage|p1b: Aerodactyl|0 fnt\n|faint|p1b: Aerodactyl\n|move|p1a: Floette|Draining Kiss|p2a: Milotic|[miss]\n|-miss|p1a: Floette|p2a: Milotic\n|\n|-heal|p2a: Milotic|83/100|[from] item: Leftovers\n|-damage|p2b: Warren Piece|70/100 psn|[from] psn\n|-sideend|p2: AsexualBillClinton|move: Light Screen\n|upkeep\n|turn|8\n|-message|d280706 forfeited.\n|\n|win|AsexualBillClinton\n|raw|d280706's rating: 1218 &rarr; <strong>1198</strong><br />(-20 for losing)\n|raw|AsexualBillClinton's rating: 1284 &rarr; <strong>1304</strong><br />(+20 for winning)\n|l|\u2606d280706\n|player|p1|\n",
  "uploadtime": 1776263613,
  "views": 23,
  "formatid": "gen9championsvgc2026regma",
  "rating": 1198,
  "private": 0,
  "password": null
}