{
  "id": "gen9championsvgc2026regma-2584581463",
  "format": "[Gen 9 Champions] VGC 2026 Reg M-A",
  "players": [
    "academic_idiot",
    "IonoBro"
  ],
  "log": "|j|\u203dacademic_idiot\n|j|\u2606IonoBro\n|t:|1776270143\n|gametype|doubles\n|player|p1|academic_idiot|ethan|1062\n|player|p2|IonoBro|phorus-unite|1030\n|gen|9\n|tier|[Gen 9 Champions] VGC 2026 Reg M-A\n|rated|\n|rule|Species Clause: Limit one of each Pok\u00e9mon\n|rule|Item Clause: Limit 1 of each item\n|clearpoke\n|poke|p1|Gengar, L50, M|\n|poke|p1|Gyarados, L50, F|\n|poke|p1|Incineroar, L50, M|\n|poke|p1|Sinistcha, L50|\n|poke|p1|Sneasler, L50, F|\n|poke|p1|Kingambit, L50, M|\n|poke|p2|Meganium, L50, M|\n|poke|p2|Vivillon-Pokeball, L50, M|\n|poke|p2|Garchomp, L50, F|\n|poke|p2|Sneasler, L50, F|\n|poke|p2|Meowstic, L50, M|\n|poke|p2|Ninetales-Alola, L50, F|\n|teampreview|4\n|\n|t:|1776270183\n|teamsize|p1|4\n|teamsize|p2|4\n|start\n|switch|p1a: Sneasler|Sneasler, L50, F|100/100\n|switch|p1b: Gengar|Gengar, L50, M, shiny|100/100\n|switch|p2a: Vivillon|Vivillon-Pokeball, L50, M|100/100\n|switch|p2b: Garchomp|Garchomp, L50, F|100/100\n|turn|1\n|\n|t:|1776270201\n|detailschange|p1b: Gengar|Gengar-Mega, L50, M, shiny\n|-mega|p1b: Gengar|Gengar|Gengarite\n|move|p1a: Sneasler|Fake Out|p2b: Garchomp\n|-damage|p2b: Garchomp|90/100\n|-damage|p1a: Sneasler|88/100|[from] ability: Rough Skin|[of] p2b: Garchomp\n|cant|p2b: Garchomp|flinch\n|move|p1b: Gengar|Perish Song|p1b: Gengar\n|-start|p1a: Sneasler|perish3|[silent]\n|-start|p1b: Gengar|perish3|[silent]\n|-start|p2a: Vivillon|perish3|[silent]\n|-start|p2b: Garchomp|perish3|[silent]\n|-fieldactivate|move: Perish Song\n|move|p2a: Vivillon|Tailwind|p2a: Vivillon\n|-sidestart|p2: IonoBro|move: Tailwind\n|\n|-start|p2b: Garchomp|perish3\n|-start|p2a: Vivillon|perish3\n|-start|p1b: Gengar|perish3\n|-start|p1a: Sneasler|perish3\n|upkeep\n|turn|2\n|\n|t:|1776270233\n|move|p1b: Gengar|Protect|p1b: Gengar\n|-singleturn|p1b: Gengar|Protect\n|move|p1a: Sneasler|Protect|p1a: Sneasler\n|-singleturn|p1a: Sneasler|Protect\n|move|p2b: Garchomp|Earthquake|p1a: Sneasler|[spread] \n|-activate|p1a: Sneasler|move: Protect\n|-activate|p1b: Gengar|move: Protect\n|-immune|p2a: Vivillon\n|move|p2a: Vivillon|Pollen Puff|p2b: Garchomp\n|-heal|p2b: Garchomp|100/100\n|\n|-start|p2b: Garchomp|perish2\n|-start|p2a: Vivillon|perish2\n|-start|p1b: Gengar|perish2\n|-start|p1a: Sneasler|perish2\n|upkeep\n|turn|3\n|\n|t:|1776270265\n|switch|p1b: Sinistcha|Sinistcha, L50|100/100\n|-heal|p1a: Sneasler|100/100|[from] ability: Hospitality|[of] p1b: Sinistcha\n|move|p2a: Vivillon|Protect|p2a: Vivillon\n|-singleturn|p2a: Vivillon|Protect\n|move|p2b: Garchomp|Earthquake|p1b: Sinistcha|[spread] p1a,p1b\n|-activate|p2a: Vivillon|move: Protect\n|-supereffective|p1a: Sneasler|1\n|-resisted|p1b: Sinistcha|1\n|-enditem|p1a: Sneasler|Focus Sash\n|-damage|p1a: Sneasler|1/100\n|-damage|p1b: Sinistcha|84/100\n|move|p1a: Sneasler|Dire Claw|p2a: Vivillon\n|-activate|p2a: Vivillon|move: Protect\n|\n|-heal|p1b: Sinistcha|90/100|[from] item: Leftovers\n|-start|p2b: Garchomp|perish1\n|-start|p1a: Sneasler|perish1\n|-start|p2a: Vivillon|perish1\n|upkeep\n|turn|4\n|\n|t:|1776270304\n|switch|p2b: Meganium|Meganium, L50, M|100/100\n|switch|p1a: Gengar|Gengar-Mega, L50, M, shiny|100/100\n|switch|p2a: Ninetales|Ninetales-Alola, L50, F, shiny|100/100\n|-weather|Snowscape|[from] ability: Snow Warning|[of] p2a: Ninetales\n|switch|p1b: Incineroar|Incineroar, L50, M|100/100\n|-ability|p1b: Incineroar|Intimidate|boost\n|-unboost|p2a: Ninetales|atk|1\n|-unboost|p2b: Meganium|atk|1\n|\n|-weather|Snowscape|[upkeep]\n|-sideend|p2: IonoBro|move: Tailwind\n|upkeep\n|turn|5\n|\n|t:|1776270344\n|move|p1b: Incineroar|Fake Out|p2a: Ninetales\n|-damage|p2a: Ninetales|90/100\n|move|p1a: Gengar|Perish Song|p1a: Gengar\n|-start|p1a: Gengar|perish3|[silent]\n|-start|p1b: Incineroar|perish3|[silent]\n|-start|p2a: Ninetales|perish3|[silent]\n|-start|p2b: Meganium|perish3|[silent]\n|-fieldactivate|move: Perish Song\n|cant|p2a: Ninetales|flinch\n|move|p2b: Meganium|Earth Power|p1a: Gengar\n|-supereffective|p1a: Gengar|1\n|-damage|p1a: Gengar|35/100\n|\n|-weather|Snowscape|[upkeep]\n|-start|p1a: Gengar|perish3\n|-start|p2a: Ninetales|perish3\n|-start|p2b: Meganium|perish3\n|-start|p1b: Incineroar|perish3\n|upkeep\n|turn|6\n|\n|t:|1776270365\n|switch|p1b: Sinistcha|Sinistcha, L50|90/100\n|-heal|p1a: Gengar|60/100|[from] ability: Hospitality|[of] p1b: Sinistcha\n|move|p1a: Gengar|Disable|p2b: Meganium\n|-start|p2b: Meganium|Disable|Earth Power\n|move|p2a: Ninetales|Encore||[still]\n|-fail|p2a: Ninetales\n|cant|p2b: Meganium|Disable|Earth Power\n|\n|-weather|Snowscape|[upkeep]\n|-heal|p1b: Sinistcha|97/100|[from] item: Leftovers\n|-start|p1a: Gengar|perish2\n|-start|p2a: Ninetales|perish2\n|-start|p2b: Meganium|perish2\n|upkeep\n|turn|7\n|\n|t:|1776270395\n|move|p1a: Gengar|Protect|p1a: Gengar\n|-singleturn|p1a: Gengar|Protect\n|move|p2a: Ninetales|Blizzard|p1b: Sinistcha|[spread] p1b\n|-activate|p1a: Gengar|move: Protect\n|-supereffective|p1b: Sinistcha|1\n|-damage|p1b: Sinistcha|52/100\n|move|p2b: Meganium|Weather Ball|p1b: Sinistcha\n|-supereffective|p1b: Sinistcha|1\n|-damage|p1b: Sinistcha|0 fnt\n|faint|p1b: Sinistcha\n|\n|-weather|Snowscape|[upkeep]\n|-start|p1a: Gengar|perish1\n|-start|p2a: Ninetales|perish1\n|-start|p2b: Meganium|perish1\n|upkeep\n|\n|t:|1776270413\n|switch|p1b: Incineroar|Incineroar, L50, M|100/100\n|-ability|p1b: Incineroar|Intimidate|boost\n|-unboost|p2a: Ninetales|atk|1\n|-unboost|p2b: Meganium|atk|1\n|turn|8\n|\n|t:|1776270442\n|switch|p1a: Sneasler|Sneasler, L50, F|1/100\n|move|p1b: Incineroar|Fake Out|p2a: Ninetales\n|-crit|p2a: Ninetales\n|-damage|p2a: Ninetales|77/100\n|cant|p2a: Ninetales|flinch\n|move|p2b: Meganium|Weather Ball|p1a: Sneasler\n|-damage|p1a: Sneasler|0 fnt\n|faint|p1a: Sneasler\n|\n|-weather|none\n|-start|p2a: Ninetales|perish0\n|-start|p2b: Meganium|perish0\n|upkeep\n|faint|p2a: Ninetales\n|faint|p2b: Meganium\n|\n|t:|1776270458\n|switch|p1a: Gengar|Gengar-Mega, L50, M, shiny|60/100\n|switch|p2a: Vivillon|Vivillon-Pokeball, L50, M|100/100\n|switch|p2b: Garchomp|Garchomp, L50, F|100/100\n|turn|9\n|\n|t:|1776270487\n|move|p1a: Gengar|Protect|p1a: Gengar\n|-singleturn|p1a: Gengar|Protect\n|move|p2a: Vivillon|Protect|p2a: Vivillon\n|-singleturn|p2a: Vivillon|Protect\n|move|p2b: Garchomp|Earthquake|p1b: Incineroar|[spread] p1b\n|-activate|p2a: Vivillon|move: Protect\n|-activate|p1a: Gengar|move: Protect\n|-supereffective|p1b: Incineroar|1\n|-damage|p1b: Incineroar|29/100\n|-enditem|p1b: Incineroar|Sitrus Berry|[eat]\n|-heal|p1b: Incineroar|54/100|[from] item: Sitrus Berry\n|move|p1b: Incineroar|Parting Shot|p2b: Garchomp\n|-unboost|p2b: Garchomp|atk|1\n|-unboost|p2b: Garchomp|spa|1\n|\n|upkeep\n|turn|10\n|\n|t:|1776270510\n|move|p2a: Vivillon|Rage Powder|p2a: Vivillon\n|-singleturn|p2a: Vivillon|move: Rage Powder\n|move|p2b: Garchomp|Earthquake|p1a: Gengar|[spread] p1a,p1b\n|-immune|p2a: Vivillon\n|-supereffective|p1a: Gengar|1\n|-supereffective|p1b: Incineroar|1\n|-damage|p1a: Gengar|0 fnt\n|-damage|p1b: Incineroar|9/100\n|faint|p1a: Gengar\n|move|p1b: Incineroar|Darkest Lariat|p2a: Vivillon\n|-damage|p2a: Vivillon|48/100\n|\n|upkeep\n|turn|11\n|-message|academic_idiot forfeited.\n|\n|win|IonoBro\n|raw|academic_idiot's rating: 1062 &rarr; <strong>1041</strong><br />(-21 for losing)\n|raw|IonoBro's rating: 1030 &rarr; <strong>1069</strong><br />(+39 for winning)\n|l|\u203dacademic_idiot\n|player|p1|\n",
  "uploadtime": 1776270531,
  "views": 24,
  "formatid": "gen9championsvgc2026regma",
  "rating": 1041,
  "private": 0,
  "password": null
}