{
  "id": "gen9championsvgc2026regma-2585290412",
  "format": "[Gen 9 Champions] VGC 2026 Reg M-A",
  "players": [
    "nonight",
    "isc0"
  ],
  "log": "|j|\u2606nonight\n|j|\u2606isc0\n|t:|1776334377\n|gametype|doubles\n|player|p1|nonight|roxie|1357\n|player|p2|isc0|170|1425\n|gen|9\n|tier|[Gen 9 Champions] VGC 2026 Reg M-A\n|rated|\n|rule|Species Clause: Limit one of each Pok\u00e9mon\n|rule|Item Clause: Limit 1 of each item\n|clearpoke\n|poke|p1|Aggron, L50, F|\n|poke|p1|Gengar, L50, M|\n|poke|p1|Incineroar, L50, M|\n|poke|p1|Politoed, L50, M|\n|poke|p1|Sinistcha-Masterpiece, L50|\n|poke|p1|Palafin, L50, F|\n|poke|p2|Charizard, L50, F|\n|poke|p2|Maushold, L50|\n|poke|p2|Sneasler, L50, M|\n|poke|p2|Dragapult, L50, F|\n|poke|p2|Kingambit, L50, F|\n|poke|p2|Garchomp, L50, M|\n|teampreview|4\n|inactive|Battle timer is ON: inactive players will automatically lose when time's up. (requested by isc0)\n|inactive|nonight has 60 seconds left.\n|inactive|nonight has 30 seconds left.\n|\n|t:|1776334478\n|teamsize|p1|4\n|teamsize|p2|4\n|start\n|switch|p1a: Aggron|Aggron, L50, F|100/100\n|switch|p1b: Palafin|Palafin, L50, F|100/100\n|switch|p2a: Dragapult|Dragapult, L50, F|100/100\n|switch|p2b: Kingambit|Kingambit, L50, F|100/100\n|turn|1\n|\n|t:|1776334503\n|detailschange|p1a: Aggron|Aggron-Mega, L50, F\n|-mega|p1a: Aggron|Aggron|Aggronite\n|move|p2b: Kingambit|Protect|p2b: Kingambit\n|-singleturn|p2b: Kingambit|Protect\n|move|p2a: Dragapult|Will-O-Wisp|p1b: Palafin\n|-status|p1b: Palafin|brn\n|move|p1b: Palafin|Flip Turn|p2a: Dragapult\n|-resisted|p2a: Dragapult|1\n|-damage|p2a: Dragapult|91/100\n|\n|t:|1776334517\n|detailschange|p1b: Palafin|Palafin-Hero, L50, F\n|switch|p1b: Sinistcha|Sinistcha-Masterpiece, L50|100/100|[from] Flip Turn\n|move|p1a: Aggron|Iron Defense|p1a: Aggron\n|-boost|p1a: Aggron|def|2\n|\n|upkeep\n|turn|2\n|\n|t:|1776334541\n|move|p1b: Sinistcha|Rage Powder|p1b: Sinistcha\n|-singleturn|p1b: Sinistcha|move: Rage Powder\n|move|p2a: Dragapult|Will-O-Wisp|p1b: Sinistcha\n|-status|p1b: Sinistcha|brn\n|move|p2b: Kingambit|Kowtow Cleave|p1b: Sinistcha\n|-supereffective|p1b: Sinistcha|1\n|-enditem|p1b: Sinistcha|Colbur Berry|[eat]\n|-enditem|p1b: Sinistcha|Colbur Berry|[weaken]\n|-damage|p1b: Sinistcha|47/100 brn\n|move|p1a: Aggron|Body Press|p2b: Kingambit\n|-supereffective|p2b: Kingambit|2\n|-damage|p2b: Kingambit|0 fnt\n|faint|p2b: Kingambit\n|\n|-damage|p1b: Sinistcha|40/100 brn|[from] brn\n|upkeep\n|\n|t:|1776334552\n|switch|p2b: Charizard|Charizard, L50, F, shiny|100/100\n|turn|3\n|inactive|nonight has 30 seconds left.\n|inactive|nonight has 20 seconds left.\n|inactive|nonight has 15 seconds left.\n|\n|t:|1776334594\n|switch|p1b: Palafin|Palafin-Hero, L50, F|100/100 brn\n|-activate|p1b: Palafin|ability: Zero to Hero\n|detailschange|p2b: Charizard|Charizard-Mega-Y, L50, F, shiny\n|-mega|p2b: Charizard|Charizard|Charizardite Y\n|-weather|SunnyDay|[from] ability: Drought|[of] p2b: Charizard\n|move|p1a: Aggron|Protect|p1a: Aggron\n|-singleturn|p1a: Aggron|Protect\n|move|p2a: Dragapult|Shadow Ball|p1a: Aggron\n|-activate|p1a: Aggron|move: Protect\n|move|p2b: Charizard|Heat Wave|p1a: Aggron|[spread] p1b\n|-activate|p1a: Aggron|move: Protect\n|-resisted|p1b: Palafin|1\n|-damage|p1b: Palafin|65/100 brn\n|\n|-weather|SunnyDay|[upkeep]\n|-damage|p1b: Palafin|59/100 brn|[from] brn\n|upkeep\n|turn|4\n|\n|t:|1776334616\n|switch|p1b: Politoed|Politoed, L50, M|100/100\n|-weather|RainDance|[from] ability: Drizzle|[of] p1b: Politoed\n|move|p2a: Dragapult|Shadow Ball|p1b: Politoed\n|-damage|p1b: Politoed|70/100\n|move|p2b: Charizard|Overheat|p1a: Aggron\n|-supereffective|p1a: Aggron|1\n|-damage|p1a: Aggron|51/100\n|-unboost|p2b: Charizard|spa|2\n|move|p1a: Aggron|Heavy Slam|p2a: Dragapult\n|-damage|p2a: Dragapult|15/100\n|\n|-weather|RainDance|[upkeep]\n|-heal|p1b: Politoed|77/100|[from] item: Leftovers\n|upkeep\n|turn|5\n|inactive|isc0 has 30 seconds left.\n|\n|t:|1776334643\n|switch|p2b: Sneasler|Sneasler, L50, M|100/100\n|switch|p1b: Sinistcha|Sinistcha-Masterpiece, L50|40/100 brn\n|-heal|p1a: Aggron|76/100|[from] ability: Hospitality|[of] p1b: Sinistcha\n|move|p2a: Dragapult|Shadow Ball|p1a: Aggron\n|-damage|p1a: Aggron|47/100\n|move|p1a: Aggron|Heavy Slam|p2a: Dragapult\n|-damage|p2a: Dragapult|0 fnt\n|faint|p2a: Dragapult\n|\n|-weather|RainDance|[upkeep]\n|-damage|p1b: Sinistcha|34/100 brn|[from] brn\n|upkeep\n|\n|t:|1776334656\n|switch|p2a: Charizard|Charizard-Mega-Y, L50, F, shiny|100/100\n|-weather|SunnyDay|[from] ability: Drought|[of] p2a: Charizard\n|turn|6\n|\n|t:|1776334672\n|switch|p1b: Politoed|Politoed, L50, M|77/100\n|-weather|RainDance|[from] ability: Drizzle|[of] p1b: Politoed\n|move|p1a: Aggron|Protect|p1a: Aggron\n|-singleturn|p1a: Aggron|Protect\n|move|p2b: Sneasler|Dire Claw|p1b: Politoed\n|-damage|p1b: Politoed|44/100\n|-status|p1b: Politoed|psn\n|move|p2a: Charizard|Overheat|p1a: Aggron\n|-activate|p1a: Aggron|move: Protect\n|\n|-weather|RainDance|[upkeep]\n|-heal|p1b: Politoed|50/100 psn|[from] item: Leftovers\n|-damage|p1b: Politoed|37/100 psn|[from] psn\n|upkeep\n|turn|7\n|inactive|isc0 has 30 seconds left.\n|\n|t:|1776334698\n|switch|p1b: Sinistcha|Sinistcha-Masterpiece, L50|34/100 brn\n|-heal|p1a: Aggron|72/100|[from] ability: Hospitality|[of] p1b: Sinistcha\n|move|p2b: Sneasler|Dire Claw|p1b: Sinistcha\n|-damage|p1b: Sinistcha|0 fnt\n|faint|p1b: Sinistcha\n|move|p2a: Charizard|Overheat|p1a: Aggron\n|-supereffective|p1a: Aggron|1\n|-damage|p1a: Aggron|23/100\n|-unboost|p2a: Charizard|spa|2\n|move|p1a: Aggron|Heavy Slam|p2b: Sneasler\n|-damage|p2b: Sneasler|1/100\n|\n|-weather|RainDance|[upkeep]\n|upkeep\n|\n|t:|1776334711\n|switch|p1b: Palafin|Palafin-Hero, L50, F|59/100 brn\n|turn|8\n|\n|t:|1776334730\n|move|p1b: Palafin|Jet Punch|p2b: Sneasler\n|-damage|p2b: Sneasler|0 fnt\n|faint|p2b: Sneasler\n|move|p2a: Charizard|Solar Beam||[still]\n|-prepare|p2a: Charizard|Solar Beam\n|move|p1a: Aggron|Body Press|p2a: Charizard\n|-resisted|p2a: Charizard|1\n|-damage|p2a: Charizard|58/100\n|\n|-weather|RainDance|[upkeep]\n|-damage|p1b: Palafin|53/100 brn|[from] brn\n|upkeep\n|turn|9\n|\n|t:|1776334740\n|move|p1b: Palafin|Jet Punch|p2a: Charizard\n|-supereffective|p2a: Charizard|1\n|-damage|p2a: Charizard|0 fnt\n|faint|p2a: Charizard\n|\n|win|nonight\n|raw|nonight's rating: 1357 &rarr; <strong>1381</strong><br />(+24 for winning)\n|raw|isc0's rating: 1425 &rarr; <strong>1401</strong><br />(-24 for losing)\n",
  "uploadtime": 1776334744,
  "views": 45,
  "formatid": "gen9championsvgc2026regma",
  "rating": 1381,
  "private": 0,
  "password": null
}