{
  "id": "gen9championsvgc2026regma-2588590107",
  "format": "[Gen 9 Champions] VGC 2026 Reg M-A",
  "players": [
    "vizardry",
    "adalove"
  ],
  "log": "|j|\u2606vizardry\n|j|\u2606adalove\n|t:|1776647940\n|gametype|doubles\n|player|p1|vizardry|169|1110\n|player|p2|adalove|dragontamer|1052\n|gen|9\n|tier|[Gen 9 Champions] VGC 2026 Reg M-A\n|rated|\n|rule|Species Clause: Limit one of each Pok\u00e9mon\n|rule|Item Clause: Limit 1 of each item\n|clearpoke\n|poke|p1|Garchomp, L50, M|\n|poke|p1|Tyranitar, L50, F|\n|poke|p1|Gengar, L50, F|\n|poke|p1|Whimsicott, L50, M|\n|poke|p1|Rotom-Wash, L50|\n|poke|p1|Sneasler, L50, M|\n|poke|p2|Tyranitar, L50, F|\n|poke|p2|Excadrill, L50, M|\n|poke|p2|Corviknight, L50, F|\n|poke|p2|Milotic, L50, M|\n|poke|p2|Farigiraf, L50, F|\n|poke|p2|Floette-Eternal, L50, F|\n|teampreview|4\n|inactive|Battle timer is ON: inactive players will automatically lose when time's up. (requested by adalove)\nadalove rejected open team sheets.\n|inactive|vizardry has 60 seconds left.\n|\n|t:|1776647976\n|teamsize|p1|4\n|teamsize|p2|4\n|start\n|switch|p1a: Whimsicott|Whimsicott, L50, M|100/100\n|switch|p1b: Sneasler|Sneasler, L50, M|100/100\n|switch|p2a: Tyranitar|Tyranitar, L50, F|100/100\n|switch|p2b: Excadrill|Excadrill, L50, M|100/100\n|-weather|Sandstorm|[from] ability: Sand Stream|[of] p2a: Tyranitar\n|turn|1\n|inactive|vizardry has 30 seconds left.\n|inactive|adalove has 30 seconds left.\n|\n|t:|1776648007\n|switch|p2a: Farigiraf|Farigiraf, L50, F|100/100\n|move|p1b: Sneasler|Protect|p1b: Sneasler\n|-singleturn|p1b: Sneasler|Protect\n|move|p1a: Whimsicott|Tailwind|p1a: Whimsicott\n|-sidestart|p1: vizardry|move: Tailwind\n|move|p2b: Excadrill|Iron Head|p1a: Whimsicott\n|-supereffective|p1a: Whimsicott|1\n|-damage|p1a: Whimsicott|0 fnt\n|faint|p1a: Whimsicott\n|\n|-weather|Sandstorm|[upkeep]\n|-damage|p1b: Sneasler|95/100|[from] Sandstorm\n|-damage|p2a: Farigiraf|94/100|[from] Sandstorm\n|upkeep\n|\n|t:|1776648026\n|switch|p1a: Gengar|Gengar, L50, F|100/100\n|turn|2\n|\n|t:|1776648047\n|switch|p2b: Tyranitar|Tyranitar, L50, F|100/100\n|detailschange|p1a: Gengar|Gengar-Mega, L50, F\n|-mega|p1a: Gengar|Gengar|Gengarite\n|move|p1a: Gengar|Sludge Wave|p2b: Tyranitar|[spread] p1b,p2a,p2b\n|-resisted|p1b: Sneasler|1\n|-resisted|p2b: Tyranitar|1\n|-damage|p1b: Sneasler|65/100\n|-damage|p2a: Farigiraf|49/100\n|-damage|p2b: Tyranitar|87/100\n|-status|p2b: Tyranitar|psn\n|move|p1b: Sneasler|Close Combat|p2a: Farigiraf\n|-damage|p2a: Farigiraf|0 fnt\n|-unboost|p1b: Sneasler|def|1\n|-unboost|p1b: Sneasler|spd|1\n|faint|p2a: Farigiraf\n|-enditem|p1b: Sneasler|White Herb\n|-clearnegativeboost|p1b: Sneasler|[silent]\n|\n|-weather|Sandstorm|[upkeep]\n|-damage|p1b: Sneasler|59/100|[from] Sandstorm\n|-damage|p1a: Gengar|95/100|[from] Sandstorm\n|-damage|p2b: Tyranitar|74/100 psn|[from] psn\n|upkeep\n|\n|t:|1776648068\n|switch|p2a: Excadrill|Excadrill, L50, M|100/100\n|turn|3\n|inactive|vizardry has 30 seconds left.\n|\n|t:|1776648096\n|move|p2b: Tyranitar|Protect|p2b: Tyranitar\n|-singleturn|p2b: Tyranitar|Protect\n|move|p1b: Sneasler|Close Combat|p2b: Tyranitar\n|-activate|p2b: Tyranitar|move: Protect\n|move|p1a: Gengar|Focus Blast|p2a: Excadrill\n|-supereffective|p2a: Excadrill|1\n|-enditem|p2a: Excadrill|Focus Sash\n|-damage|p2a: Excadrill|1/100\n|move|p2a: Excadrill|High Horsepower|p1b: Sneasler\n|-supereffective|p1b: Sneasler|1\n|-damage|p1b: Sneasler|0 fnt\n|faint|p1b: Sneasler\n|\n|-weather|Sandstorm|[upkeep]\n|-damage|p1a: Gengar|89/100|[from] Sandstorm\n|-damage|p2b: Tyranitar|62/100 psn|[from] psn\n|upkeep\n|\n|t:|1776648101\n|switch|p1b: Rotom|Rotom-Wash, L50|100/100\n|turn|4\n|\n|t:|1776648124\n|detailschange|p2b: Tyranitar|Tyranitar-Mega, L50, F\n|-mega|p2b: Tyranitar|Tyranitar|Tyranitarite\n|move|p1a: Gengar|Focus Blast|p2b: Tyranitar\n|-supereffective|p2b: Tyranitar|2\n|-damage|p2b: Tyranitar|0 fnt\n|faint|p2b: Tyranitar\n|move|p2a: Excadrill|Rock Slide|p1b: Rotom|[spread] p1a,p1b\n|-damage|p1a: Gengar|52/100\n|-damage|p1b: Rotom|82/100\n|cant|p1b: Rotom|flinch\n|\n|-weather|Sandstorm|[upkeep]\n|-damage|p1a: Gengar|46/100|[from] Sandstorm\n|-damage|p1b: Rotom|76/100|[from] Sandstorm\n|-heal|p1b: Rotom|82/100|[from] item: Leftovers\n|-sideend|p1: vizardry|move: Tailwind\n|upkeep\n|\n|t:|1776648134\n|switch|p2b: Milotic|Milotic, L50, M|100/100\n|turn|5\n|\n|t:|1776648146\n|move|p1a: Gengar|Protect|p1a: Gengar\n|-singleturn|p1a: Gengar|Protect\n|move|p1b: Rotom|Protect|p1b: Rotom\n|-singleturn|p1b: Rotom|Protect\n|move|p2a: Excadrill|Rock Slide|p1a: Gengar|[spread] \n|-activate|p1a: Gengar|move: Protect\n|-activate|p1b: Rotom|move: Protect\n|move|p2b: Milotic|Scald|p1a: Gengar\n|-activate|p1a: Gengar|move: Protect\n|\n|-weather|none\n|-heal|p1b: Rotom|88/100|[from] item: Leftovers\n|upkeep\n|turn|6\n|\n|t:|1776648167\n|move|p1a: Gengar|Shadow Ball|p2a: Excadrill\n|-damage|p2a: Excadrill|0 fnt\n|faint|p2a: Excadrill\n|move|p1b: Rotom|Volt Switch|p2b: Milotic\n|-supereffective|p2b: Milotic|1\n|-damage|p2b: Milotic|69/100\n|move|p2b: Milotic|Life Dew|p2b: Milotic\n|-heal|p2b: Milotic|94/100\n|\n|-heal|p1b: Rotom|93/100|[from] item: Leftovers\n|-heal|p2b: Milotic|100/100|[from] item: Leftovers\n|upkeep\n|turn|7\n|\n|t:|1776648186\n|move|p1a: Gengar|Sludge Wave|p2b: Milotic|[spread] p1b,p2b\n|-damage|p1b: Rotom|48/100\n|-damage|p2b: Milotic|71/100\n|-status|p1b: Rotom|psn\n|move|p1b: Rotom|Volt Switch|p2b: Milotic\n|-supereffective|p2b: Milotic|1\n|-damage|p2b: Milotic|37/100\n|move|p2b: Milotic|Scald|p1a: Gengar\n|-damage|p1a: Gengar|2/100\n|-status|p1a: Gengar|brn\n|\n|-heal|p1b: Rotom|53/100 psn|[from] item: Leftovers\n|-heal|p2b: Milotic|43/100|[from] item: Leftovers\n|-damage|p1b: Rotom|41/100 psn|[from] psn\n|-damage|p1a: Gengar|0 fnt|[from] brn\n|faint|p1a: Gengar\n|upkeep\n|turn|8\n|\n|t:|1776648205\n|move|p2b: Milotic|Protect|p2b: Milotic\n|-singleturn|p2b: Milotic|Protect\n|move|p1b: Rotom|Volt Switch|p2b: Milotic\n|-activate|p2b: Milotic|move: Protect\n|\n|-heal|p1b: Rotom|47/100 psn|[from] item: Leftovers\n|-heal|p2b: Milotic|49/100|[from] item: Leftovers\n|-damage|p1b: Rotom|35/100 psn|[from] psn\n|upkeep\n|turn|9\n|\n|t:|1776648216\n|move|p1b: Rotom|Volt Switch|p2b: Milotic\n|-supereffective|p2b: Milotic|1\n|-damage|p2b: Milotic|15/100\n|move|p2b: Milotic|Life Dew|p2b: Milotic\n|-heal|p2b: Milotic|40/100\n|\n|-heal|p1b: Rotom|41/100 psn|[from] item: Leftovers\n|-heal|p2b: Milotic|46/100|[from] item: Leftovers\n|-damage|p1b: Rotom|29/100 psn|[from] psn\n|upkeep\n|turn|10\n|\n|t:|1776648227\n|move|p2b: Milotic|Protect|p2b: Milotic\n|-singleturn|p2b: Milotic|Protect\n|move|p1b: Rotom|Volt Switch|p2b: Milotic\n|-activate|p2b: Milotic|move: Protect\n|\n|-heal|p1b: Rotom|34/100 psn|[from] item: Leftovers\n|-heal|p2b: Milotic|52/100|[from] item: Leftovers\n|-damage|p1b: Rotom|22/100 psn|[from] psn\n|upkeep\n|turn|11\n|-message|vizardry forfeited.\n|\n|win|adalove\n|raw|vizardry's rating: 1110 &rarr; <strong>1081</strong><br />(-29 for losing)\n|raw|adalove's rating: 1052 &rarr; <strong>1090</strong><br />(+38 for winning)\n",
  "uploadtime": 1776648231,
  "views": 7,
  "formatid": "gen9championsvgc2026regma",
  "rating": 1081,
  "private": 0,
  "password": null
}