{
  "id": "gen9championsvgc2026regma-2582038252",
  "format": "[Gen 9 Champions] VGC 2026 Reg M-A",
  "players": [
    "a10mage",
    "Ochalala"
  ],
  "log": "|j|\u2606a10mage\n|j|\u2606Ochalala\n|t:|1776050777\n|gametype|doubles\n|player|p1|a10mage|265|1000\n|player|p2|Ochalala|102|1005\n|gen|9\n|tier|[Gen 9 Champions] VGC 2026 Reg M-A\n|rated|\n|rule|Species Clause: Limit one of each Pok\u00e9mon\n|rule|Item Clause: Limit 1 of each item\n|clearpoke\n|poke|p1|Pinsir, L50, M|\n|poke|p1|Tyranitar, L50, M|\n|poke|p1|Excadrill, L50, F|\n|poke|p1|Scizor, L50, M|\n|poke|p1|Sneasler, L50, M|\n|poke|p1|Basculegion, L50, M|\n|poke|p2|Starmie, L50|\n|poke|p2|Conkeldurr, L50, F|\n|poke|p2|Farigiraf, L50, M|\n|poke|p2|Incineroar, L50, F|\n|poke|p2|Whimsicott, L50, M|\n|poke|p2|Rotom-Wash, L50|\n|teampreview|4\n|\n|t:|1776050785\n|teamsize|p1|4\n|teamsize|p2|4\n|start\n|switch|p1a: Pinsir|Pinsir, L50, M|100/100\n|switch|p1b: Tyranitar|Tyranitar, L50, M|100/100\n|switch|p2a: Starmie|Starmie, L50|100/100\n|switch|p2b: Farigiraf|Farigiraf, L50, M|100/100\n|-weather|Sandstorm|[from] ability: Sand Stream|[of] p1b: Tyranitar\n|turn|1\n|\n|t:|1776050806\n|detailschange|p2a: Starmie|Starmie-Mega, L50\n|-mega|p2a: Starmie|Starmie|Starminite\n|detailschange|p1a: Pinsir|Pinsir-Mega, L50, M\n|-mega|p1a: Pinsir|Pinsir|Pinsirite\n|move|p2a: Starmie|Skill Swap|p2b: Farigiraf\n|-activate|p2a: Starmie|Skill Swap|||[of] p2b: Farigiraf\n|move|p1a: Pinsir|Body Slam|p2a: Starmie\n|-damage|p2a: Starmie|30/100\n|move|p1b: Tyranitar|Earthquake|p2a: Starmie|[spread] p2a,p2b\n|-immune|p1a: Pinsir\n|-damage|p2a: Starmie|0 fnt\n|-damage|p2b: Farigiraf|77/100\n|faint|p2a: Starmie\n|move|p2b: Farigiraf|Trick Room|p2b: Farigiraf\n|-fieldstart|move: Trick Room|[of] p2b: Farigiraf\n|\n|-weather|Sandstorm|[upkeep]\n|-damage|p2b: Farigiraf|70/100|[from] Sandstorm\n|-damage|p1a: Pinsir|95/100|[from] Sandstorm\n|-heal|p2b: Farigiraf|77/100|[from] item: Leftovers\n|upkeep\n|\n|t:|1776050821\n|switch|p2a: Conkeldurr|Conkeldurr, L50, F|100/100\n|turn|2\n|\n|t:|1776050829\n|move|p1a: Pinsir|Quick Attack|p2a: Conkeldurr\n|-supereffective|p2a: Conkeldurr|1\n|-damage|p2a: Conkeldurr|52/100\n|move|p2a: Conkeldurr|Bulk Up|p2a: Conkeldurr\n|-boost|p2a: Conkeldurr|atk|1\n|-boost|p2a: Conkeldurr|def|1\n|move|p2b: Farigiraf|Skill Swap|p2a: Conkeldurr\n|-activate|p2b: Farigiraf|Skill Swap|||[of] p2a: Conkeldurr\n|move|p1b: Tyranitar|Knock Off|p2b: Farigiraf\n|-supereffective|p2b: Farigiraf|1\n|-damage|p2b: Farigiraf|0 fnt\n|-enditem|p2b: Farigiraf|Leftovers|[from] move: Knock Off|[of] p1b: Tyranitar\n|faint|p2b: Farigiraf\n|\n|-weather|Sandstorm|[upkeep]\n|-damage|p2a: Conkeldurr|46/100|[from] Sandstorm\n|-damage|p1a: Pinsir|89/100|[from] Sandstorm\n|upkeep\n|\n|t:|1776050842\n|switch|p2b: Incineroar|Incineroar, L50, F|100/100\n|-ability|p2b: Incineroar|Intimidate|boost\n|-unboost|p1a: Pinsir|atk|1\n|-unboost|p1b: Tyranitar|atk|1\n|turn|3\n|\n|t:|1776050863\n|move|p2b: Incineroar|Fake Out|p1a: Pinsir\n|-damage|p1a: Pinsir|77/100\n|move|p2a: Conkeldurr|Drain Punch|p1b: Tyranitar\n|-supereffective|p1b: Tyranitar|2\n|-damage|p1b: Tyranitar|0 fnt\n|-heal|p2a: Conkeldurr|91/100|[from] drain|[of] p1b: Tyranitar\n|faint|p1b: Tyranitar\n|cant|p1a: Pinsir|flinch\n|\n|-weather|Sandstorm|[upkeep]\n|-damage|p2a: Conkeldurr|85/100|[from] Sandstorm\n|-damage|p2b: Incineroar|95/100|[from] Sandstorm\n|-damage|p1a: Pinsir|71/100|[from] Sandstorm\n|upkeep\n|\n|t:|1776050879\n|switch|p1b: Scizor|Scizor, L50, M|100/100\n|turn|4\n|\n|t:|1776050895\n|move|p2a: Conkeldurr|Drain Punch|p1b: Scizor\n|-crit|p1b: Scizor\n|-damage|p1b: Scizor|0 fnt\n|-heal|p2a: Conkeldurr|100/100|[from] drain|[of] p1b: Scizor\n|faint|p1b: Scizor\n|move|p2b: Incineroar|Flare Blitz|p1a: Pinsir\n|-supereffective|p1a: Pinsir|1\n|-damage|p1a: Pinsir|0 fnt\n|faint|p1a: Pinsir\n|-damage|p2b: Incineroar|78/100|[from] Recoil\n|\n|-weather|Sandstorm|[upkeep]\n|-damage|p2a: Conkeldurr|94/100|[from] Sandstorm\n|-damage|p2b: Incineroar|72/100|[from] Sandstorm\n|upkeep\n|\n|t:|1776050908\n|switch|p1a: Basculegion|Basculegion, L50, M|100/100\n|turn|5\n|\n|t:|1776050915\n|move|p2a: Conkeldurr|Knock Off|p1a: Basculegion\n|-supereffective|p1a: Basculegion|1\n|-damage|p1a: Basculegion|0 fnt\n|-enditem|p1a: Basculegion|Mystic Water|[from] move: Knock Off|[of] p2a: Conkeldurr\n|faint|p1a: Basculegion\n|\n|win|Ochalala\n|raw|a10mage's rating: 1000 &rarr; <strong>1000</strong><br />(+0 for losing)\n|raw|Ochalala's rating: 1005 &rarr; <strong>1044</strong><br />(+39 for winning)\n|l|\u2606a10mage\n|player|p1|\n",
  "uploadtime": 1776051198,
  "views": 14,
  "formatid": "gen9championsvgc2026regma",
  "rating": 1000,
  "private": 0,
  "password": null
}