{
  "id": "gen9championsvgc2026regma-2585497942",
  "format": "[Gen 9 Champions] VGC 2026 Reg M-A",
  "players": [
    "samsrllybored",
    "13thskaven"
  ],
  "log": "|j|\u2606samsrllybored\n|j|\u260613thskaven\n|t:|1776351564\n|gametype|doubles\n|player|p1|samsrllybored|ninjaboy|1070\n|player|p2|13thskaven|rocketgrunt|1000\n|gen|9\n|tier|[Gen 9 Champions] VGC 2026 Reg M-A\n|rated|\n|rule|Species Clause: Limit one of each Pok\u00e9mon\n|rule|Item Clause: Limit 1 of each item\n|clearpoke\n|poke|p1|Incineroar, L50, M|\n|poke|p1|Froslass, L50, F|\n|poke|p1|Glaceon, L50, M|\n|poke|p1|Meowstic, L50, M|\n|poke|p1|Gardevoir, L50, F|\n|poke|p1|Talonflame, L50, F|\n|poke|p2|Starmie, L50|\n|poke|p2|Kangaskhan, L50, F|\n|poke|p2|Gyarados, L50, M|\n|poke|p2|Talonflame, L50, F|\n|poke|p2|Aerodactyl, L50, M|\n|poke|p2|Drampa, L50, F|\n|teampreview|4\n|inactive|Battle timer is ON: inactive players will automatically lose when time's up. (requested by 13thskaven)\n|\n|t:|1776351589\n|teamsize|p1|4\n|teamsize|p2|4\n|start\n|switch|p1a: Froslass|Froslass, L50, F|100/100\n|switch|p1b: Incineroar|Incineroar, L50, M|100/100\n|switch|p2a: Gyarados|Gyarados, L50, M|100/100\n|switch|p2b: Aerodactyl|Aerodactyl, L50, M|100/100\n|-ability|p2b: Aerodactyl|Unnerve\n|-ability|p2a: Gyarados|Intimidate|boost\n|-unboost|p1a: Froslass|atk|1\n|-unboost|p1b: Incineroar|atk|1\n|-ability|p1b: Incineroar|Intimidate|boost\n|-unboost|p2a: Gyarados|atk|1\n|-unboost|p2b: Aerodactyl|atk|1\n|turn|1\n|inactive|13thskaven has 60 seconds left.\n|\n|t:|1776351622\n|detailschange|p1a: Froslass|Froslass-Mega, L50, F\n|-mega|p1a: Froslass|Froslass|Froslassite\n|-weather|Snowscape|[from] ability: Snow Warning|[of] p1a: Froslass\n|move|p1b: Incineroar|Fake Out|p2b: Aerodactyl\n|-resisted|p2b: Aerodactyl|1\n|-damage|p2b: Aerodactyl|94/100\n|cant|p2b: Aerodactyl|flinch\n|move|p1a: Froslass|Aurora Veil|p1a: Froslass\n|-sidestart|p1: samsrllybored|move: Aurora Veil\n|move|p2a: Gyarados|Thunder Wave|p1a: Froslass|[miss]\n|-miss|p2a: Gyarados|p1a: Froslass\n|\n|-weather|Snowscape|[upkeep]\n|upkeep\n|turn|2\n|\n|t:|1776351647\n|move|p2b: Aerodactyl|Rock Slide|p1a: Froslass|[spread] p1a,p1b\n|-supereffective|p1a: Froslass|1\n|-supereffective|p1b: Incineroar|1\n|-damage|p1a: Froslass|75/100\n|-damage|p1b: Incineroar|79/100\n|move|p1a: Froslass|Blizzard|p2b: Aerodactyl|[spread] p2a,p2b\n|-supereffective|p2b: Aerodactyl|1\n|-damage|p2a: Gyarados|74/100\n|-damage|p2b: Aerodactyl|0 fnt\n|faint|p2b: Aerodactyl\n|move|p2a: Gyarados|Thunder Wave|p1a: Froslass\n|-status|p1a: Froslass|par\n|cant|p1b: Incineroar|flinch\n|\n|-weather|Snowscape|[upkeep]\n|upkeep\n|\n|t:|1776351662\n|switch|p2b: Kangaskhan|Kangaskhan, L50, F|100/100\n|turn|3\n|\n|t:|1776351672\n|move|p2b: Kangaskhan|Fake Out|p1a: Froslass\n|-damage|p1a: Froslass|60/100 par\n|move|p2a: Gyarados|Waterfall|p1b: Incineroar\n|-supereffective|p1b: Incineroar|1\n|-damage|p1b: Incineroar|52/100\n|cant|p1a: Froslass|flinch\n|move|p1b: Incineroar|Parting Shot|p2b: Kangaskhan\n|-unboost|p2b: Kangaskhan|atk|1\n|-unboost|p2b: Kangaskhan|spa|1\n|\n|t:|1776351681\n|switch|p1b: Glaceon|Glaceon, L50, M|100/100|[from] Parting Shot\n|\n|-weather|Snowscape|[upkeep]\n|upkeep\n|turn|4\n|\n|t:|1776351704\n|move|p2b: Kangaskhan|Rock Slide|p1a: Froslass|[spread] p1a,p1b\n|-supereffective|p1a: Froslass|1\n|-supereffective|p1b: Glaceon|1\n|-damage|p1a: Froslass|44/100 par\n|-damage|p1b: Glaceon|92/100\n|move|p2a: Gyarados|Thunder Wave|p1b: Glaceon\n|-status|p1b: Glaceon|par\n|cant|p1a: Froslass|flinch\n|move|p1b: Glaceon|Blizzard|p2a: Gyarados|[spread] p2a,p2b\n|-damage|p2a: Gyarados|49/100\n|-damage|p2b: Kangaskhan|54/100\n|-enditem|p2a: Gyarados|Sitrus Berry|[eat]\n|-heal|p2a: Gyarados|73/100|[from] item: Sitrus Berry\n|\n|-weather|Snowscape|[upkeep]\n|-heal|p1b: Glaceon|98/100 par|[from] item: Leftovers\n|upkeep\n|turn|5\n|inactive|13thskaven has 30 seconds left.\n|\n|t:|1776351730\n|switch|p2b: Starmie|Starmie, L50|100/100\n|move|p2a: Gyarados|Waterfall|p1a: Froslass\n|-damage|p1a: Froslass|26/100 par\n|cant|p1a: Froslass|par\n|move|p1b: Glaceon|Blizzard|p2b: Starmie|[spread] p2a,p2b\n|-resisted|p2b: Starmie|1\n|-damage|p2a: Gyarados|48/100\n|-damage|p2b: Starmie|74/100\n|\n|-weather|none\n|-heal|p1b: Glaceon|100/100 par|[from] item: Leftovers\n|-sideend|p1: samsrllybored|move: Aurora Veil\n|upkeep\n|turn|6\n|inactive|samsrllybored has 30 seconds left.\n|inactive|13thskaven has 30 seconds left.\n|inactive|samsrllybored has 20 seconds left.\n|inactive|13thskaven has 20 seconds left.\n|\n|t:|1776351769\n|switch|p1a: Incineroar|Incineroar, L50, M|52/100\n|-ability|p1a: Incineroar|Intimidate|boost\n|-unboost|p2a: Gyarados|atk|1\n|-unboost|p2b: Starmie|atk|1\n|detailschange|p2b: Starmie|Starmie-Mega, L50\n|-mega|p2b: Starmie|Starmie|Starminite\n|move|p2b: Starmie|Liquidation|p1a: Incineroar\n|-supereffective|p1a: Incineroar|1\n|-damage|p1a: Incineroar|0 fnt\n|faint|p1a: Incineroar\n|move|p2a: Gyarados|Waterfall|p1b: Glaceon\n|-damage|p1b: Glaceon|86/100 par\n|cant|p1b: Glaceon|flinch\n|\n|-heal|p1b: Glaceon|92/100 par|[from] item: Leftovers\n|upkeep\n|\n|t:|1776351784\n|switch|p1a: Froslass|Froslass-Mega, L50, F|26/100 par\n|-weather|Snowscape|[from] ability: Snow Warning|[of] p1a: Froslass\n|turn|7\n|\n|t:|1776351795\n|switch|p2a: Kangaskhan|Kangaskhan, L50, F|54/100\n|move|p1a: Froslass|Protect|p1a: Froslass\n|-singleturn|p1a: Froslass|Protect\n|move|p2b: Starmie|Liquidation|p1a: Froslass\n|-activate|p1a: Froslass|move: Protect\n|cant|p1b: Glaceon|par\n|\n|-weather|Snowscape|[upkeep]\n|-heal|p1b: Glaceon|98/100 par|[from] item: Leftovers\n|upkeep\n|turn|8\n|l|\u2606samsrllybored\n|inactive|samsrllybored disconnected and has a minute to reconnect!\n|player|p1|\n|inactive|samsrllybored has 30 seconds left.\n|inactive|samsrllybored has 20 seconds left.\n|inactive|samsrllybored has 15 seconds left.\n|inactive|samsrllybored has 10 seconds left.\n|inactive|samsrllybored has 5 seconds left.\n|-message|samsrllybored lost due to inactivity.\n|\n|win|13thskaven\n|raw|samsrllybored's rating: 1070 &rarr; <strong>1045</strong><br />(-25 for losing)\n|raw|13thskaven's rating: 1000 &rarr; <strong>1048</strong><br />(+48 for winning)\n|l|\u260613thskaven\n|player|p2|\n|j|\u2606samsrllybored\n|player|p1|samsrllybored|ninjaboy|\n|j|\u260613thskaven\n|player|p2|13thskaven|rocketgrunt|\n",
  "uploadtime": 1776351860,
  "views": 39,
  "formatid": "gen9championsvgc2026regma",
  "rating": 1045,
  "private": 0,
  "password": null
}