{
  "id": "gen9championsvgc2026regma-2586244597",
  "format": "[Gen 9 Champions] VGC 2026 Reg M-A",
  "players": [
    "jjkko",
    "vicsgc"
  ],
  "log": "|j|\u2606jjkko\n|j|\u2606vicsgc\n|t:|1776416702\n|gametype|doubles\n|player|p1|jjkko|1|1476\n|player|p2|vicsgc|102|1579\n|gen|9\n|tier|[Gen 9 Champions] VGC 2026 Reg M-A\n|rated|\n|rule|Species Clause: Limit one of each Pok\u00e9mon\n|rule|Item Clause: Limit 1 of each item\n|clearpoke\n|poke|p1|Sylveon, L50, M|\n|poke|p1|Scovillain, L50, M|\n|poke|p1|Garchomp, L50, M|\n|poke|p1|Basculegion-F, L50, F|\n|poke|p1|Incineroar, L50, M|\n|poke|p1|Sneasler, L50, M|\n|poke|p2|Froslass, L50, F|\n|poke|p2|Aerodactyl, L50, F|\n|poke|p2|Incineroar, L50, M|\n|poke|p2|Primarina, L50, F|\n|poke|p2|Sneasler, L50, M|\n|poke|p2|Garchomp, L50, M|\n|teampreview|4\n|\n|t:|1776416741\n|teamsize|p1|4\n|teamsize|p2|4\n|start\n|switch|p1a: Sneasler|Sneasler, L50, M|100/100\n|switch|p1b: Basculegion|Basculegion-F, L50, F|100/100\n|switch|p2a: Primarina|Primarina, L50, F|100/100\n|switch|p2b: Incineroar|Incineroar, L50, M|100/100\n|-ability|p2b: Incineroar|Intimidate|boost\n|-unboost|p1a: Sneasler|atk|1\n|-unboost|p1b: Basculegion|atk|1\n|-enditem|p1a: Sneasler|White Herb\n|-clearnegativeboost|p1a: Sneasler|[silent]\n|turn|1\n|\n|t:|1776416761\n|switch|p1a: Incineroar|Incineroar, L50, M|100/100\n|-ability|p1a: Incineroar|Intimidate|boost\n|-unboost|p2a: Primarina|atk|1\n|-unboost|p2b: Incineroar|atk|1\n|move|p2a: Primarina|Protect|p2a: Primarina\n|-singleturn|p2a: Primarina|Protect\n|move|p1b: Basculegion|Muddy Water|p2b: Incineroar|[spread] p2b\n|-activate|p2a: Primarina|move: Protect\n|-supereffective|p2b: Incineroar|1\n|-damage|p2b: Incineroar|43/100\n|-unboost|p2b: Incineroar|accuracy|1\n|-enditem|p2b: Incineroar|Sitrus Berry|[eat]\n|-heal|p2b: Incineroar|68/100|[from] item: Sitrus Berry\n|move|p2b: Incineroar|Parting Shot|p1b: Basculegion\n|-unboost|p1b: Basculegion|atk|1\n|-unboost|p1b: Basculegion|spa|1\n|\n|t:|1776416778\n|switch|p2b: Froslass|Froslass, L50, F|100/100|[from] Parting Shot\n|\n|upkeep\n|turn|2\n|\n|t:|1776416798\n|switch|p1b: Sylveon|Sylveon, L50, M|100/100\n|detailschange|p2b: Froslass|Froslass-Mega, L50, F\n|-mega|p2b: Froslass|Froslass|Froslassite\n|-weather|Snowscape|[from] ability: Snow Warning|[of] p2b: Froslass\n|move|p2b: Froslass|Aurora Veil|p2b: Froslass\n|-sidestart|p2: vicsgc|move: Aurora Veil\n|move|p2a: Primarina|Calm Mind|p2a: Primarina\n|-boost|p2a: Primarina|spa|1\n|-boost|p2a: Primarina|spd|1\n|move|p1a: Incineroar|Flare Blitz|p2b: Froslass\n|-supereffective|p2b: Froslass|1\n|-damage|p2b: Froslass|42/100\n|-damage|p1a: Incineroar|84/100|[from] Recoil\n|\n|-weather|Snowscape|[upkeep]\n|upkeep\n|turn|3\n|j| yeetest123\n|j| gokua2\n|\n|t:|1776416817\n|switch|p1a: Basculegion|Basculegion-F, L50, F|100/100\n|move|p2b: Froslass|Blizzard|p1b: Sylveon|[spread] p1a,p1b\n|-resisted|p1a: Basculegion|1\n|-damage|p1a: Basculegion|77/100\n|-damage|p1b: Sylveon|74/100\n|-status|p1b: Sylveon|frz\n|move|p2a: Primarina|Hyper Voice|p1a: Basculegion|[spread] p1a,p1b\n|-resisted|p1a: Basculegion|1\n|-damage|p1a: Basculegion|51/100\n|-damage|p1b: Sylveon|45/100 frz\n|cant|p1b: Sylveon|frz\n|\n|-weather|Snowscape|[upkeep]\n|-heal|p1b: Sylveon|51/100 frz|[from] item: Leftovers\n|upkeep\n|turn|4\n|\n|t:|1776416851\n|move|p2b: Froslass|Protect|p2b: Froslass\n|-singleturn|p2b: Froslass|Protect\n|move|p1a: Basculegion|Hex|p2b: Froslass\n|-activate|p2b: Froslass|move: Protect\n|move|p2a: Primarina|Calm Mind|p2a: Primarina\n|-boost|p2a: Primarina|spa|1\n|-boost|p2a: Primarina|spd|1\n|cant|p1b: Sylveon|frz\n|\n|-weather|Snowscape|[upkeep]\n|-heal|p1b: Sylveon|57/100 frz|[from] item: Leftovers\n|upkeep\n|turn|5\n|\n|t:|1776416869\n|switch|p1a: Incineroar|Incineroar, L50, M|84/100\n|-ability|p1a: Incineroar|Intimidate|boost\n|-unboost|p2a: Primarina|atk|1\n|-unboost|p2b: Froslass|atk|1\n|switch|p2b: Incineroar|Incineroar, L50, M|68/100\n|-ability|p2b: Incineroar|Intimidate|boost\n|-unboost|p1a: Incineroar|atk|1\n|-unboost|p1b: Sylveon|atk|1\n|move|p2a: Primarina|Moonblast|p1a: Incineroar\n|-damage|p1a: Incineroar|17/100\n|-enditem|p1a: Incineroar|Sitrus Berry|[eat]\n|-heal|p1a: Incineroar|42/100|[from] item: Sitrus Berry\n|-curestatus|p1b: Sylveon|frz|[msg]\n|move|p1b: Sylveon|Mystical Fire|p2a: Primarina\n|-resisted|p2a: Primarina|1\n|-damage|p2a: Primarina|97/100\n|-unboost|p2a: Primarina|spa|1\n|\n|-weather|Snowscape|[upkeep]\n|-heal|p2a: Primarina|100/100|[from] item: Leftovers\n|-heal|p1b: Sylveon|63/100|[from] item: Leftovers\n|upkeep\n|turn|6\n|\n|t:|1776416901\n|switch|p1b: Sneasler|Sneasler, L50, M|100/100\n|move|p2a: Primarina|Protect|p2a: Primarina\n|-singleturn|p2a: Primarina|Protect\n|move|p1a: Incineroar|Fake Out|p2a: Primarina\n|-activate|p2a: Primarina|move: Protect\n|move|p2b: Incineroar|Parting Shot|p1a: Incineroar\n|-unboost|p1a: Incineroar|atk|1\n|-unboost|p1a: Incineroar|spa|1\n|\n|t:|1776416912\n|switch|p2b: Aerodactyl|Aerodactyl, L50, F|100/100|[from] Parting Shot\n|-ability|p2b: Aerodactyl|Unnerve\n|\n|-weather|none\n|-sideend|p2: vicsgc|move: Aurora Veil\n|upkeep\n|turn|7\n|\n|t:|1776416931\n|switch|p1b: Sylveon|Sylveon, L50, M|63/100\n|move|p1a: Incineroar|Fake Out||[still]\n|-hint|Fake Out only works on your first turn out.\n|-fail|p1a: Incineroar\n|move|p2b: Aerodactyl|Dual Wingbeat|p1b: Sylveon\n|-damage|p1b: Sylveon|40/100\n|-damage|p1b: Sylveon|16/100\n|-hitcount|p1b: Sylveon|2\n|move|p2a: Primarina|Hyper Voice|p1b: Sylveon|[spread] p1a,p1b\n|-supereffective|p1a: Incineroar|1\n|-damage|p1a: Incineroar|0 fnt\n|-damage|p1b: Sylveon|0 fnt\n|faint|p1a: Incineroar\n|faint|p1b: Sylveon\n|\n|upkeep\n|-message|jjkko forfeited.\n|\n|win|vicsgc\n|raw|jjkko's rating: 1476 &rarr; <strong>1462</strong><br />(-14 for losing)\n|raw|vicsgc's rating: 1579 &rarr; <strong>1593</strong><br />(+14 for winning)\n|l|\u2606jjkko\n|player|p1|\n",
  "uploadtime": 1776416953,
  "views": 55,
  "formatid": "gen9championsvgc2026regma",
  "rating": 1462,
  "private": 0,
  "password": null
}