{
  "id": "gen9championsvgc2026regma-2585703821",
  "format": "[Gen 9 Champions] VGC 2026 Reg M-A",
  "players": [
    "Umbris Spectralis",
    "Drewbigass"
  ],
  "log": "|j|\u2606Umbris Spectralis\n|j|\u2606Drewbigass\n|t:|1776364854\n|gametype|doubles\n|player|p1|Umbris Spectralis|backersf|1047\n|player|p2|Drewbigass|265|1000\n|gen|9\n|tier|[Gen 9 Champions] VGC 2026 Reg M-A\n|rated|\n|rule|Species Clause: Limit one of each Pok\u00e9mon\n|rule|Item Clause: Limit 1 of each item\n|clearpoke\n|poke|p1|Crabominable, L50, M|\n|poke|p1|Slowking, L50, M|\n|poke|p1|Sinistcha-Masterpiece, L50|\n|poke|p1|Arcanine-Hisui, L50, M|\n|poke|p1|Sableye, L50, M|\n|poke|p1|Ninetales-Alola, L50, M|\n|poke|p2|Aerodactyl, L50, F|\n|poke|p2|Garchomp, L50, M|\n|poke|p2|Tyranitar, L50, F|\n|poke|p2|Incineroar, L50, M|\n|poke|p2|Rotom-Heat, L50|\n|poke|p2|Sinistcha-Masterpiece, L50|\n|teampreview|4\n|inactive|Battle timer is ON: inactive players will automatically lose when time's up. (requested by Umbris Spectralis)\n|inactive|Umbris Spectralis has 60 seconds left.\n|\n|t:|1776364896\n|teamsize|p1|4\n|teamsize|p2|4\n|start\n|switch|p1a: Slowking|Slowking, L50, M|100/100\n|switch|p1b: Crabominable|Crabominable, L50, M|100/100\n|switch|p2a: Tyranitar|Tyranitar, L50, F|100/100\n|switch|p2b: Incineroar|Incineroar, L50, M|100/100\n|-weather|Sandstorm|[from] ability: Sand Stream|[of] p2a: Tyranitar\n|-ability|p2b: Incineroar|Intimidate|boost\n|-unboost|p1a: Slowking|atk|1\n|-fail|p1b: Crabominable|unboost|Attack|[from] ability: Hyper Cutter|[of] p1b: Crabominable\n|turn|1\n|\n|t:|1776364915\n|move|p1b: Crabominable|Protect|p1b: Crabominable\n|-singleturn|p1b: Crabominable|Protect\n|move|p2b: Incineroar|Fake Out|p1b: Crabominable\n|-activate|p1b: Crabominable|move: Protect\n|move|p2a: Tyranitar|Knock Off|p1a: Slowking\n|-supereffective|p1a: Slowking|1\n|-damage|p1a: Slowking|1/100\n|-enditem|p1a: Slowking|Sitrus Berry|[from] move: Knock Off|[of] p2a: Tyranitar\n|move|p1a: Slowking|Trick Room|p1a: Slowking\n|-fieldstart|move: Trick Room|[of] p1a: Slowking\n|\n|-weather|Sandstorm|[upkeep]\n|-damage|p1a: Slowking|0 fnt|[from] Sandstorm\n|-damage|p1b: Crabominable|95/100|[from] Sandstorm\n|-damage|p2b: Incineroar|95/100|[from] Sandstorm\n|faint|p1a: Slowking\n|upkeep\n|\n|t:|1776364928\n|switch|p1a: Sinistcha|Sinistcha-Masterpiece, L50|100/100\n|-heal|p1b: Crabominable|100/100|[from] ability: Hospitality|[of] p1a: Sinistcha\n|turn|2\n|\n|t:|1776364950\n|detailschange|p1b: Crabominable|Crabominable-Mega, L50, M\n|-mega|p1b: Crabominable|Crabominable|Crabominite\n|detailschange|p2a: Tyranitar|Tyranitar-Mega, L50, F\n|-mega|p2a: Tyranitar|Tyranitar|Tyranitarite\n|move|p1a: Sinistcha|Rage Powder|p1a: Sinistcha\n|-singleturn|p1a: Sinistcha|move: Rage Powder\n|move|p1b: Crabominable|Close Combat|p2a: Tyranitar\n|-supereffective|p2a: Tyranitar|2\n|-damage|p2a: Tyranitar|0 fnt\n|-unboost|p1b: Crabominable|def|1\n|-unboost|p1b: Crabominable|spd|1\n|faint|p2a: Tyranitar\n|move|p2b: Incineroar|Flare Blitz|p1a: Sinistcha\n|-supereffective|p1a: Sinistcha|1\n|-damage|p1a: Sinistcha|18/100\n|-damage|p2b: Incineroar|66/100|[from] Recoil\n|\n|-weather|Sandstorm|[upkeep]\n|-damage|p1b: Crabominable|95/100|[from] Sandstorm\n|-damage|p2b: Incineroar|60/100|[from] Sandstorm\n|-damage|p1a: Sinistcha|12/100|[from] Sandstorm\n|-heal|p1a: Sinistcha|18/100|[from] item: Leftovers\n|upkeep\n|\n|t:|1776364974\n|switch|p2a: Aerodactyl|Aerodactyl, L50, F|100/100\n|-ability|p2a: Aerodactyl|Unnerve\n|turn|3\n|inactive|Umbris Spectralis has 30 seconds left.\n|\n|t:|1776365005\n|move|p2b: Incineroar|Protect|p2b: Incineroar\n|-singleturn|p2b: Incineroar|Protect\n|move|p1b: Crabominable|Close Combat|p2b: Incineroar\n|-activate|p2b: Incineroar|move: Protect\n|move|p1a: Sinistcha|Strength Sap|p2a: Aerodactyl\n|-unboost|p2a: Aerodactyl|atk|1\n|-heal|p1a: Sinistcha|100/100\n|move|p2a: Aerodactyl|Rock Slide|p1a: Sinistcha|[spread] p1a,p1b\n|-damage|p1a: Sinistcha|87/100\n|-damage|p1b: Crabominable|75/100\n|\n|-weather|Sandstorm|[upkeep]\n|-damage|p1b: Crabominable|70/100|[from] Sandstorm\n|-damage|p2b: Incineroar|55/100|[from] Sandstorm\n|-damage|p1a: Sinistcha|81/100|[from] Sandstorm\n|-heal|p1a: Sinistcha|87/100|[from] item: Leftovers\n|upkeep\n|turn|4\n|inactive|Drewbigass has 30 seconds left.\n|inactive|Drewbigass has 20 seconds left.\n|\n|t:|1776365044\n|move|p1b: Crabominable|Close Combat|p2b: Incineroar\n|-supereffective|p2b: Incineroar|1\n|-damage|p2b: Incineroar|0 fnt\n|-unboost|p1b: Crabominable|def|1\n|-unboost|p1b: Crabominable|spd|1\n|faint|p2b: Incineroar\n|move|p1a: Sinistcha|Matcha Gotcha|p2a: Aerodactyl\n|-crit|p2a: Aerodactyl\n|-damage|p2a: Aerodactyl|52/100\n|-heal|p1a: Sinistcha|100/100|[from] drain|[of] p2a: Aerodactyl\n|-status|p2a: Aerodactyl|brn\n|move|p2a: Aerodactyl|Dual Wingbeat|p1b: Crabominable\n|-supereffective|p1b: Crabominable|1\n|-damage|p1b: Crabominable|51/100\n|-supereffective|p1b: Crabominable|1\n|-damage|p1b: Crabominable|32/100\n|-hitcount|p1b: Crabominable|2\n|\n|-weather|Sandstorm|[upkeep]\n|-damage|p1b: Crabominable|26/100|[from] Sandstorm\n|-damage|p1a: Sinistcha|94/100|[from] Sandstorm\n|-heal|p1a: Sinistcha|100/100|[from] item: Leftovers\n|-heal|p2a: Aerodactyl|58/100 brn|[from] item: Leftovers\n|-damage|p2a: Aerodactyl|52/100 brn|[from] brn\n|upkeep\n|\n|t:|1776365047\n|switch|p2b: Garchomp|Garchomp, L50, M|100/100\n|turn|5\n|inactive|Umbris Spectralis has 30 seconds left.\n|\n|t:|1776365075\n|move|p1b: Crabominable|Protect|p1b: Crabominable\n|-singleturn|p1b: Crabominable|Protect\n|move|p1a: Sinistcha|Strength Sap|p2b: Garchomp|[miss]\n|-miss|p1a: Sinistcha|p2b: Garchomp\n|move|p2b: Garchomp|Earthquake|p1a: Sinistcha|[spread] p1a\n|-activate|p1b: Crabominable|move: Protect\n|-immune|p2a: Aerodactyl\n|-resisted|p1a: Sinistcha|1\n|-damage|p1a: Sinistcha|86/100\n|move|p2a: Aerodactyl|Dual Wingbeat|p1a: Sinistcha|[miss]\n|-miss|p2a: Aerodactyl|p1a: Sinistcha\n|\n|-weather|none\n|-heal|p1a: Sinistcha|93/100|[from] item: Leftovers\n|-heal|p2a: Aerodactyl|58/100 brn|[from] item: Leftovers\n|-damage|p2a: Aerodactyl|52/100 brn|[from] brn\n|-fieldend|move: Trick Room\n|upkeep\n|turn|6\n|\n|t:|1776365096\n|switch|p1b: Sableye|Sableye, L50, M|100/100\n|move|p2a: Aerodactyl|Tailwind|p2a: Aerodactyl\n|-sidestart|p2: Drewbigass|move: Tailwind\n|move|p2b: Garchomp|Earthquake|p1a: Sinistcha|[spread] p1a,p1b\n|-immune|p2a: Aerodactyl\n|-resisted|p1a: Sinistcha|1\n|-damage|p1a: Sinistcha|80/100\n|-damage|p1b: Sableye|43/100\n|move|p1a: Sinistcha|Strength Sap|p2b: Garchomp\n|-unboost|p2b: Garchomp|atk|1\n|-heal|p1a: Sinistcha|100/100\n|\n|-heal|p2a: Aerodactyl|58/100 brn|[from] item: Leftovers\n|-damage|p2a: Aerodactyl|52/100 brn|[from] brn\n|upkeep\n|turn|7\n|\n|t:|1776365114\n|move|p1b: Sableye|Will-O-Wisp|p2b: Garchomp\n|-status|p2b: Garchomp|brn\n|move|p2a: Aerodactyl|Dual Wingbeat|p1a: Sinistcha\n|-supereffective|p1a: Sinistcha|1\n|-damage|p1a: Sinistcha|92/100\n|-supereffective|p1a: Sinistcha|1\n|-damage|p1a: Sinistcha|83/100\n|-hitcount|p1a: Sinistcha|2\n|move|p2b: Garchomp|Swords Dance|p2b: Garchomp\n|-boost|p2b: Garchomp|atk|2\n|move|p1a: Sinistcha|Trick Room|p1a: Sinistcha\n|-fieldstart|move: Trick Room|[of] p1a: Sinistcha\n|\n|-heal|p1a: Sinistcha|89/100|[from] item: Leftovers\n|-heal|p2a: Aerodactyl|58/100 brn|[from] item: Leftovers\n|-damage|p2b: Garchomp|94/100 brn|[from] brn\n|-damage|p2a: Aerodactyl|52/100 brn|[from] brn\n|upkeep\n|turn|8\n|inactive|Umbris Spectralis has 30 seconds left.\n|\n|t:|1776365139\n|move|p1b: Sableye|Knock Off|p2b: Garchomp\n|-damage|p2b: Garchomp|68/100 brn\n|-enditem|p2b: Garchomp|Dragon Fang|[from] move: Knock Off|[of] p1b: Sableye\n|move|p1a: Sinistcha|Strength Sap|p2b: Garchomp\n|-unboost|p2b: Garchomp|atk|1\n|-heal|p1a: Sinistcha|100/100\n|move|p2b: Garchomp|Swords Dance|p2b: Garchomp\n|-boost|p2b: Garchomp|atk|2\n|move|p2a: Aerodactyl|Dual Wingbeat|p1a: Sinistcha\n|-supereffective|p1a: Sinistcha|1\n|-damage|p1a: Sinistcha|92/100\n|-supereffective|p1a: Sinistcha|1\n|-damage|p1a: Sinistcha|83/100\n|-hitcount|p1a: Sinistcha|2\n|\n|-heal|p1a: Sinistcha|89/100|[from] item: Leftovers\n|-heal|p2a: Aerodactyl|58/100 brn|[from] item: Leftovers\n|-damage|p2b: Garchomp|62/100 brn|[from] brn\n|-damage|p2a: Aerodactyl|52/100 brn|[from] brn\n|upkeep\n|turn|9\n|inactive|Drewbigass has 30 seconds left.\n|\n|t:|1776365168\n|move|p1b: Sableye|Taunt|p2b: Garchomp\n|-start|p2b: Garchomp|move: Taunt\n|move|p1a: Sinistcha|Strength Sap|p2b: Garchomp\n|-unboost|p2b: Garchomp|atk|1\n|-heal|p1a: Sinistcha|100/100\n|move|p2b: Garchomp|Dragon Claw|p1a: Sinistcha\n|-crit|p1a: Sinistcha\n|-damage|p1a: Sinistcha|69/100\n|move|p2a: Aerodactyl|Dual Wingbeat|p1a: Sinistcha|[miss]\n|-miss|p2a: Aerodactyl|p1a: Sinistcha\n|\n|-heal|p1a: Sinistcha|75/100|[from] item: Leftovers\n|-heal|p2a: Aerodactyl|58/100 brn|[from] item: Leftovers\n|-damage|p2b: Garchomp|56/100 brn|[from] brn\n|-damage|p2a: Aerodactyl|52/100 brn|[from] brn\n|-sideend|p2: Drewbigass|move: Tailwind\n|upkeep\n|turn|10\n|\n|t:|1776365186\n|move|p1b: Sableye|Knock Off|p2a: Aerodactyl\n|-damage|p2a: Aerodactyl|8/100 brn\n|-enditem|p2a: Aerodactyl|Leftovers|[from] move: Knock Off|[of] p1b: Sableye\n|move|p1a: Sinistcha|Strength Sap|p2b: Garchomp\n|-unboost|p2b: Garchomp|atk|1\n|-heal|p1a: Sinistcha|100/100\n|move|p2b: Garchomp|Dragon Claw|p1a: Sinistcha\n|-damage|p1a: Sinistcha|86/100\n|move|p2a: Aerodactyl|Dual Wingbeat|p1a: Sinistcha\n|-supereffective|p1a: Sinistcha|1\n|-damage|p1a: Sinistcha|78/100\n|-supereffective|p1a: Sinistcha|1\n|-damage|p1a: Sinistcha|69/100\n|-hitcount|p1a: Sinistcha|2\n|\n|-heal|p1a: Sinistcha|75/100|[from] item: Leftovers\n|-damage|p2b: Garchomp|50/100 brn|[from] brn\n|-damage|p2a: Aerodactyl|2/100 brn|[from] brn\n|upkeep\n|turn|11\n|inactive|Drewbigass has 30 seconds left.\n|-message|Drewbigass forfeited.\n|\n|win|Umbris Spectralis\n|raw|Umbris Spectralis's rating: 1047 &rarr; <strong>1076</strong><br />(+29 for winning)\n|raw|Drewbigass's rating: 1000 &rarr; <strong>1000</strong><br />(+0 for losing)\n|l|\u2606Drewbigass\n|player|p2|\n",
  "uploadtime": 1776365217,
  "views": 19,
  "formatid": "gen9championsvgc2026regma",
  "rating": 1000,
  "private": 0,
  "password": null
}