{
  "id": "gen9championsvgc2026regma-2586093155",
  "format": "[Gen 9 Champions] VGC 2026 Reg M-A",
  "players": [
    "Forbranna",
    "SilverVT"
  ],
  "log": "|j|\u2606Forbranna\n|j|\u2606SilverVT\n|t:|1776398209\n|gametype|doubles\n|player|p1|Forbranna|265|1493\n|player|p2|SilverVT|silver-masters|1486\n|gen|9\n|tier|[Gen 9 Champions] VGC 2026 Reg M-A\n|rated|\n|rule|Species Clause: Limit one of each Pok\u00e9mon\n|rule|Item Clause: Limit 1 of each item\n|clearpoke\n|poke|p1|Meganium, L50, F|\n|poke|p1|Tyranitar, L50, M|\n|poke|p1|Excadrill, L50, F|\n|poke|p1|Aegislash, L50, M|\n|poke|p1|Sinistcha, L50|\n|poke|p1|Talonflame, L50, M|\n|poke|p2|Whimsicott, L50, F|\n|poke|p2|Gardevoir, L50, F|\n|poke|p2|Garchomp, L50, M|\n|poke|p2|Incineroar, L50, M|\n|poke|p2|Sneasler, L50, M|\n|poke|p2|Farigiraf, L50, M|\n|teampreview|4\n|inactive|Battle timer is ON: inactive players will automatically lose when time's up. (requested by Forbranna)\n|inactive|SilverVT also wants the timer to be on.\n|inactive|SilverVT has 60 seconds left.\n|\n|t:|1776398248\n|teamsize|p1|4\n|teamsize|p2|4\n|start\n|switch|p1a: Robespierre|Excadrill, L50, F, shiny|100/100\n|switch|p1b: Charlemagne|Sinistcha, L50|100/100\n|switch|p2a: Garchomp|Garchomp, L50, M|100/100\n|switch|p2b: Incineroar|Incineroar, L50, M|100/100\n|-ability|p2b: Incineroar|Intimidate|boost\n|-unboost|p1a: Robespierre|atk|1\n|-unboost|p1b: Charlemagne|atk|1\n|turn|1\n|j| zSpacePirate\n|\n|t:|1776398261\n|move|p1a: Robespierre|Protect|p1a: Robespierre\n|-singleturn|p1a: Robespierre|Protect\n|move|p2a: Garchomp|Stomping Tantrum|p1a: Robespierre\n|-activate|p1a: Robespierre|move: Protect\n|move|p2b: Incineroar|Flare Blitz|p1a: Robespierre\n|-activate|p1a: Robespierre|move: Protect\n|move|p1b: Charlemagne|Trick Room|p1b: Charlemagne\n|-fieldstart|move: Trick Room|[of] p1b: Charlemagne\n|\n|upkeep\n|turn|2\n|\n|t:|1776398276\n|move|p2b: Incineroar|Flare Blitz|p1a: Robespierre\n|-supereffective|p1a: Robespierre|1\n|-enditem|p1a: Robespierre|Focus Sash\n|-damage|p1a: Robespierre|1/100\n|-damage|p2b: Incineroar|70/100|[from] Recoil\n|move|p1b: Charlemagne|Matcha Gotcha|p2a: Garchomp|[spread] p2a,p2b\n|-resisted|p2b: Incineroar|1\n|-damage|p2a: Garchomp|72/100\n|-damage|p2b: Incineroar|59/100\n|-status|p2a: Garchomp|brn\n|move|p1a: Robespierre|Earthquake|p2b: Incineroar|[spread] p1b,p2a,p2b\n|-resisted|p1b: Charlemagne|1\n|-supereffective|p2b: Incineroar|1\n|-crit|p2b: Incineroar\n|-damage|p1b: Charlemagne|88/100\n|-damage|p2a: Garchomp|41/100 brn\n|-damage|p2b: Incineroar|0 fnt\n|faint|p2b: Incineroar\n|move|p2a: Garchomp|Stomping Tantrum|p1a: Robespierre\n|-supereffective|p1a: Robespierre|1\n|-damage|p1a: Robespierre|0 fnt\n|faint|p1a: Robespierre\n|\n|-damage|p2a: Garchomp|35/100 brn|[from] brn\n|upkeep\n|\n|t:|1776398299\n|switch|p2b: Gardevoir|Gardevoir, L50, F|100/100\n|switch|p1a: Sappho|Meganium, L50, F|100/100\n|-ability|p2b: Gardevoir|Hospitality|Trace|[from] ability: Trace|[of] p1b: Charlemagne\n|-heal|p2a: Garchomp|60/100 brn|[from] ability: Hospitality|[of] p2b: Gardevoir\n|turn|3\n|\n|t:|1776398316\n|detailschange|p2b: Gardevoir|Gardevoir-Mega, L50, F\n|-mega|p2b: Gardevoir|Gardevoir|Gardevoirite\n|detailschange|p1a: Sappho|Meganium-Mega, L50, F\n|-mega|p1a: Sappho|Meganium|Meganiumite\n|move|p2b: Gardevoir|Protect|p2b: Gardevoir\n|-singleturn|p2b: Gardevoir|Protect\n|move|p2a: Garchomp|Protect|p2a: Garchomp\n|-singleturn|p2a: Garchomp|Protect\n|move|p1b: Charlemagne|Matcha Gotcha|p2b: Gardevoir|[spread] \n|-activate|p2a: Garchomp|move: Protect\n|-activate|p2b: Gardevoir|move: Protect\n|move|p1a: Sappho|Dazzling Gleam|p2a: Garchomp|[spread] \n|-activate|p2a: Garchomp|move: Protect\n|-activate|p2b: Gardevoir|move: Protect\n|\n|-damage|p2a: Garchomp|54/100 brn|[from] brn\n|upkeep\n|turn|4\n|\n|t:|1776398337\n|move|p1b: Charlemagne|Matcha Gotcha|p2a: Garchomp|[spread] p2a,p2b\n|-damage|p2a: Garchomp|25/100 brn\n|-heal|p1b: Charlemagne|100/100|[from] drain|[of] p2a: Garchomp\n|-damage|p2b: Gardevoir|80/100\n|move|p1a: Sappho|Dazzling Gleam|p2b: Gardevoir|[spread] p2a,p2b\n|-supereffective|p2a: Garchomp|1\n|-damage|p2a: Garchomp|0 fnt\n|-damage|p2b: Gardevoir|54/100\n|faint|p2a: Garchomp\n|move|p2b: Gardevoir|Calm Mind|p2b: Gardevoir\n|-boost|p2b: Gardevoir|spa|1\n|-boost|p2b: Gardevoir|spd|1\n|\n|upkeep\n|\n|t:|1776398351\n|switch|p2a: Whimsicott|Whimsicott, L50, F|100/100\n|turn|5\n|\n|t:|1776398360\n|switch|p1b: Charles V|Aegislash, L50, M|100/100\n|move|p2a: Whimsicott|Protect|p2a: Whimsicott\n|-singleturn|p2a: Whimsicott|Protect\n|move|p2b: Gardevoir|Protect|p2b: Gardevoir\n|-singleturn|p2b: Gardevoir|Protect\n|move|p1a: Sappho|Dazzling Gleam|p2b: Gardevoir|[spread] \n|-activate|p2a: Whimsicott|move: Protect\n|-activate|p2b: Gardevoir|move: Protect\n|\n|-fieldend|move: Trick Room\n|upkeep\n|turn|6\n|\n|t:|1776398375\n|move|p1b: Charles V|Wide Guard|p1b: Charles V\n|-singleturn|p1b: Charles V|Wide Guard\n|move|p2a: Whimsicott|Moonblast|p1b: Charles V\n|-resisted|p1b: Charles V|1\n|-damage|p1b: Charles V|85/100\n|move|p2b: Gardevoir|Hyper Voice|p1b: Charles V|[spread] \n|-activate|p1a: Sappho|move: Wide Guard\n|-activate|p1b: Charles V|move: Wide Guard\n|move|p1a: Sappho|Solar Beam||[still]\n|-prepare|p1a: Sappho|Solar Beam\n|-activate|p1a: Sappho|ability: Mega Sol\n|-anim|p1a: Sappho|Solar Beam|p2b: Gardevoir\n|-damage|p2b: Gardevoir|17/100\n|\n|upkeep\n|turn|7\n|\n|t:|1776398397\n|move|p2b: Gardevoir|Protect|p2b: Gardevoir\n|-singleturn|p2b: Gardevoir|Protect\n|move|p1b: Charles V|Wide Guard|p1b: Charles V\n|-singleturn|p1b: Charles V|Wide Guard\n|move|p2a: Whimsicott|Encore|p1b: Charles V\n|-start|p1b: Charles V|Encore\n|move|p1a: Sappho|Dazzling Gleam|p2b: Gardevoir|[spread] p2a\n|-activate|p2b: Gardevoir|move: Protect\n|-damage|p2a: Whimsicott|42/100\n|\n|upkeep\n|turn|8\n|\n|t:|1776398415\n|move|p1b: Charles V|Wide Guard|p1b: Charles V\n|-singleturn|p1b: Charles V|Wide Guard\n|move|p2a: Whimsicott|Moonblast|p1a: Sappho\n|-damage|p1a: Sappho|69/100\n|move|p2b: Gardevoir|Expanding Force|p1a: Sappho\n|-damage|p1a: Sappho|0 fnt\n|faint|p1a: Sappho\n|\n|upkeep\n|\n|t:|1776398425\n|switch|p1a: Charlemagne|Sinistcha, L50|100/100\n|-heal|p1b: Charles V|100/100|[from] ability: Hospitality|[of] p1a: Charlemagne\n|turn|9\n|\n|t:|1776398432\n|move|p1b: Charles V|Wide Guard|p1b: Charles V\n|-singleturn|p1b: Charles V|Wide Guard\n|move|p2a: Whimsicott|Moonblast|p1a: Charlemagne\n|-damage|p1a: Charlemagne|66/100\n|move|p2b: Gardevoir|Expanding Force|p1a: Charlemagne\n|-damage|p1a: Charlemagne|0 fnt\n|faint|p1a: Charlemagne\n|\n|upkeep\n|turn|10\n|-message|Forbranna forfeited.\n|\n|win|SilverVT\n|raw|Forbranna's rating: 1493 &rarr; <strong>1473</strong><br />(-20 for losing)\n|raw|SilverVT's rating: 1486 &rarr; <strong>1506</strong><br />(+20 for winning)\n|l| zSpacePirate\n|l|\u2606Forbranna\n|player|p1|\n",
  "uploadtime": 1776398597,
  "views": 45,
  "formatid": "gen9championsvgc2026regma",
  "rating": 1473,
  "private": 0,
  "password": null
}