{
  "id": "gen9championsvgc2026regma-2585262429",
  "format": "[Gen 9 Champions] VGC 2026 Reg M-A",
  "players": [
    "etrdyfyiu",
    "Hi jump kicker"
  ],
  "log": "|j|\u2606etrdyfyiu\n|j|\u2606Hi jump kicker\n|t:|1776331328\n|gametype|doubles\n|player|p1|etrdyfyiu|1|1200\n|player|p2|Hi jump kicker|101|1156\n|gen|9\n|tier|[Gen 9 Champions] VGC 2026 Reg M-A\n|rated|\n|rule|Species Clause: Limit one of each Pok\u00e9mon\n|rule|Item Clause: Limit 1 of each item\n|clearpoke\n|poke|p1|Palafin, L50, F|\n|poke|p1|Arcanine, L50, M|\n|poke|p1|Scizor, L50, M|\n|poke|p1|Tyranitar, L50, M|\n|poke|p1|Sneasler, L50, M|\n|poke|p1|Sinistcha, L50|\n|poke|p2|Altaria, L50, F|\n|poke|p2|Arcanine, L50, M|\n|poke|p2|Basculegion-F, L50, F|\n|poke|p2|Meowscarada, L50, F|\n|poke|p2|Excadrill, L50, F|\n|poke|p2|Sylveon, L50, M|\n|teampreview|4\n|inactive|Battle timer is ON: inactive players will automatically lose when time's up. (requested by etrdyfyiu)\n|\n|t:|1776331364\n|teamsize|p1|4\n|teamsize|p2|4\n|start\n|switch|p1a: Tyranitar|Tyranitar, L50, M, shiny|100/100\n|switch|p1b: Sneasler|Sneasler, L50, M, shiny|100/100\n|switch|p2a: Arcanine|Arcanine, L50, M|100/100\n|switch|p2b: Basculegion|Basculegion-F, L50, F|100/100\n|-ability|p2a: Arcanine|Intimidate|boost\n|-unboost|p1a: Tyranitar|atk|1\n|-unboost|p1b: Sneasler|atk|1\n|-weather|Sandstorm|[from] ability: Sand Stream|[of] p1a: Tyranitar\n|-enditem|p1b: Sneasler|White Herb\n|-clearnegativeboost|p1b: Sneasler|[silent]\n|turn|1\n|\n|t:|1776331389\n|switch|p2a: Excadrill|Excadrill, L50, F|100/100\n|-ability|p2a: Excadrill|Mold Breaker\n|detailschange|p1a: Tyranitar|Tyranitar-Mega, L50, M, shiny\n|-mega|p1a: Tyranitar|Tyranitar|Tyranitarite\n|move|p1b: Sneasler|Fake Out|p2a: Excadrill\n|-resisted|p2a: Excadrill|1\n|-damage|p2a: Excadrill|90/100\n|move|p2b: Basculegion|Muddy Water|p1b: Sneasler|[spread] p1a,p1b\n|-supereffective|p1a: Tyranitar|1\n|-damage|p1a: Tyranitar|48/100\n|-damage|p1b: Sneasler|36/100\n|move|p1a: Tyranitar|Knock Off|p2b: Basculegion\n|-supereffective|p2b: Basculegion|1\n|-damage|p2b: Basculegion|0 fnt\n|-enditem|p2b: Basculegion|Mystic Water|[from] move: Knock Off|[of] p1a: Tyranitar\n|faint|p2b: Basculegion\n|\n|-weather|Sandstorm|[upkeep]\n|-damage|p1b: Sneasler|30/100|[from] Sandstorm\n|upkeep\n|\n|t:|1776331409\n|switch|p2b: Arcanine|Arcanine, L50, M|100/100\n|-ability|p2b: Arcanine|Intimidate|boost\n|-unboost|p1a: Tyranitar|atk|1\n|-unboost|p1b: Sneasler|atk|1\n|turn|2\n|\n|t:|1776331429\n|switch|p1a: Sinistcha|Sinistcha, L50|100/100\n|-heal|p1b: Sneasler|55/100|[from] ability: Hospitality|[of] p1a: Sinistcha\n|detailschange|p2a: Excadrill|Excadrill-Mega, L50, F\n|-mega|p2a: Excadrill|Excadrill|Excadrite\n|move|p2b: Arcanine|Extreme Speed|p1b: Sneasler\n|-damage|p1b: Sneasler|6/100\n|move|p1b: Sneasler|Close Combat|p2a: Excadrill\n|-supereffective|p2a: Excadrill|1\n|-damage|p2a: Excadrill|8/100\n|-unboost|p1b: Sneasler|def|1\n|-unboost|p1b: Sneasler|spd|1\n|move|p2a: Excadrill|Iron Head|p1a: Sinistcha\n|-damage|p1a: Sinistcha|57/100\n|\n|-weather|Sandstorm|[upkeep]\n|-damage|p1b: Sneasler|0 fnt|[from] Sandstorm\n|-damage|p2b: Arcanine|95/100|[from] Sandstorm\n|-damage|p1a: Sinistcha|50/100|[from] Sandstorm\n|-enditem|p1a: Sinistcha|Sitrus Berry|[eat]\n|-heal|p1a: Sinistcha|75/100|[from] item: Sitrus Berry\n|faint|p1b: Sneasler\n|upkeep\n|\n|t:|1776331444\n|switch|p1b: Arcanine|Arcanine, L50, M, shiny|100/100\n|-ability|p1b: Arcanine|Intimidate|boost\n|-unboost|p2a: Excadrill|atk|1\n|-unboost|p2b: Arcanine|atk|1\n|turn|3\n|inactive|Hi jump kicker has 30 seconds left.\n|\n|t:|1776331476\n|switch|p2a: Meowscarada|Meowscarada, L50, F|100/100\n|move|p1a: Sinistcha|Protect|p1a: Sinistcha\n|-singleturn|p1a: Sinistcha|Protect\n|move|p1b: Arcanine|Extreme Speed|p2a: Meowscarada\n|-damage|p2a: Meowscarada|61/100\n|move|p2b: Arcanine|Flare Blitz|p1a: Sinistcha\n|-activate|p1a: Sinistcha|move: Protect\n|\n|-weather|Sandstorm|[upkeep]\n|-damage|p2a: Meowscarada|55/100|[from] Sandstorm\n|-damage|p2b: Arcanine|89/100|[from] Sandstorm\n|-damage|p1b: Arcanine|95/100|[from] Sandstorm\n|-damage|p1a: Sinistcha|69/100|[from] Sandstorm\n|upkeep\n|turn|4\n|inactive|Hi jump kicker has 30 seconds left.\n|inactive|etrdyfyiu has 30 seconds left.\n|inactive|Hi jump kicker has 20 seconds left.\n|inactive|Hi jump kicker has 15 seconds left.\n|inactive|Hi jump kicker has 10 seconds left.\n|inactive|Hi jump kicker has 5 seconds left.\n|\n|t:|1776331533\n|move|p2a: Meowscarada|Knock Off|p1a: Sinistcha\n|-start|p2a: Meowscarada|typechange|Dark|[from] ability: Protean\n|-supereffective|p1a: Sinistcha|1\n|-damage|p1a: Sinistcha|14/100\n|move|p2b: Arcanine|Flare Blitz|p1a: Sinistcha\n|-supereffective|p1a: Sinistcha|1\n|-damage|p1a: Sinistcha|0 fnt\n|faint|p1a: Sinistcha\n|-damage|p2b: Arcanine|85/100|[from] Recoil\n|move|p1b: Arcanine|Flare Blitz|p2a: Meowscarada\n|-damage|p2a: Meowscarada|0 fnt\n|faint|p2a: Meowscarada\n|-damage|p1b: Arcanine|81/100|[from] Recoil\n|\n|-weather|Sandstorm|[upkeep]\n|-damage|p2b: Arcanine|79/100|[from] Sandstorm\n|-damage|p1b: Arcanine|75/100|[from] Sandstorm\n|upkeep\n|\n|t:|1776331551\n|switch|p2a: Excadrill|Excadrill-Mega, L50, F|8/100\n|switch|p1a: Tyranitar|Tyranitar-Mega, L50, M, shiny|48/100\n|turn|5\n|\n|t:|1776331564\n|move|p2a: Excadrill|Protect|p2a: Excadrill\n|-singleturn|p2a: Excadrill|Protect\n|move|p1a: Tyranitar|Protect|p1a: Tyranitar\n|-singleturn|p1a: Tyranitar|Protect\n|move|p1b: Arcanine|Extreme Speed|p2a: Excadrill\n|-activate|p2a: Excadrill|move: Protect\n|move|p2b: Arcanine|Close Combat|p1a: Tyranitar\n|-activate|p1a: Tyranitar|move: Protect\n|\n|-weather|none\n|upkeep\n|turn|6\n|-message|Hi jump kicker forfeited.\n|\n|win|etrdyfyiu\n|raw|etrdyfyiu's rating: 1200 &rarr; <strong>1222</strong><br />(+22 for winning)\n|raw|Hi jump kicker's rating: 1156 &rarr; <strong>1134</strong><br />(-22 for losing)\n|l|\u2606Hi jump kicker\n|player|p2|\n|c|\u2606etrdyfyiu|gg\n",
  "uploadtime": 1776331583,
  "views": 18,
  "formatid": "gen9championsvgc2026regma",
  "rating": 1134,
  "private": 0,
  "password": null
}