{
  "id": "gen9championsvgc2026regma-2587953445",
  "format": "[Gen 9 Champions] VGC 2026 Reg M-A",
  "players": [
    "MVelash",
    "ihatecalyrexes"
  ],
  "log": "|j|\u2606MVelash\n|j|\u2606ihatecalyrexes\n|t:|1776584090\n|gametype|doubles\n|player|p1|MVelash|lucas|1123\n|player|p2|ihatecalyrexes|hilbert|1131\n|gen|9\n|tier|[Gen 9 Champions] VGC 2026 Reg M-A\n|rated|\n|rule|Species Clause: Limit one of each Pok\u00e9mon\n|rule|Item Clause: Limit 1 of each item\n|clearpoke\n|poke|p1|Charizard, L50, M, shiny|\n|poke|p1|Venusaur, L50, M, shiny|\n|poke|p1|Garchomp, L50, M|\n|poke|p1|Gardevoir, L50, F|\n|poke|p1|Milotic, L50, M|\n|poke|p1|Incineroar, L50, F|\n|poke|p2|Blastoise, L50, M|\n|poke|p2|Pelipper, L50, M|\n|poke|p2|Incineroar, L50, M|\n|poke|p2|Clefable, L50, M|\n|poke|p2|Basculegion, L50, M|\n|poke|p2|Archaludon, L50, M|\n|teampreview|4\n|\n|t:|1776584138\n|teamsize|p1|4\n|teamsize|p2|4\n|start\n|switch|p1a: Charizard|Charizard, L50, M, shiny|100/100\n|switch|p1b: Incineroar|Incineroar, L50, F|100/100\n|switch|p2a: Basculegion|Basculegion, L50, M|100/100\n|switch|p2b: WOLFE GLICK|Incineroar, L50, M|100/100\n|-ability|p1b: Incineroar|Intimidate|boost\n|-unboost|p2a: Basculegion|atk|1\n|-unboost|p2b: WOLFE GLICK|atk|1\n|-ability|p2b: WOLFE GLICK|Intimidate|boost\n|-unboost|p1a: Charizard|atk|1\n|-unboost|p1b: Incineroar|atk|1\n|turn|1\n|\n|t:|1776584168\n|detailschange|p1a: Charizard|Charizard-Mega-Y, L50, M, shiny\n|-mega|p1a: Charizard|Charizard|Charizardite Y\n|-weather|SunnyDay|[from] ability: Drought|[of] p1a: Charizard\n|move|p1b: Incineroar|Fake Out|p2b: WOLFE GLICK\n|-damage|p2b: WOLFE GLICK|94/100\n|move|p2a: Basculegion|Wave Crash|p1a: Charizard\n|-supereffective|p1a: Charizard|1\n|-damage|p1a: Charizard|36/100\n|-damage|p2a: Basculegion|84/100|[from] Recoil\n|move|p1a: Charizard|Solar Beam||[still]\n|-prepare|p1a: Charizard|Solar Beam\n|-anim|p1a: Charizard|Solar Beam|p2a: Basculegion\n|-supereffective|p2a: Basculegion|1\n|-damage|p2a: Basculegion|0 fnt\n|faint|p2a: Basculegion\n|cant|p2b: WOLFE GLICK|flinch\n|\n|-weather|SunnyDay|[upkeep]\n|upkeep\n|\n|t:|1776584181\n|switch|p2a: Blastoise|Blastoise, L50, M|100/100\n|turn|2\n|\n|t:|1776584211\n|switch|p1a: Milotic|Milotic, L50, M|100/100\n|move|p2a: Blastoise|Protect|p2a: Blastoise\n|-singleturn|p2a: Blastoise|Protect\n|move|p1b: Incineroar|Parting Shot|p2b: WOLFE GLICK\n|-unboost|p2b: WOLFE GLICK|atk|1\n|-unboost|p2b: WOLFE GLICK|spa|1\n|\n|t:|1776584222\n|switch|p1b: Garchomp|Garchomp, L50, M|100/100|[from] Parting Shot\n|move|p2b: WOLFE GLICK|Parting Shot|p1b: Garchomp\n|-unboost|p1b: Garchomp|atk|1\n|-unboost|p1b: Garchomp|spa|1\n|\n|t:|1776584226\n|switch|p2b: Pelipper|Pelipper, L50, M|100/100|[from] Parting Shot\n|-weather|RainDance|[from] ability: Drizzle|[of] p2b: Pelipper\n|\n|-weather|RainDance|[upkeep]\n|upkeep\n|turn|3\n|\n|t:|1776584251\n|detailschange|p2a: Blastoise|Blastoise-Mega, L50, M\n|-mega|p2a: Blastoise|Blastoise|Blastoisinite\n|move|p1b: Garchomp|Dragon Claw|p2b: Pelipper\n|-damage|p2b: Pelipper|64/100\n|move|p2a: Blastoise|Dragon Pulse|p1b: Garchomp\n|-supereffective|p1b: Garchomp|1\n|-damage|p1b: Garchomp|0 fnt\n|faint|p1b: Garchomp\n|move|p2b: Pelipper|Tailwind|p2b: Pelipper\n|-sidestart|p2: ihatecalyrexes|move: Tailwind\n|move|p1a: Milotic|Ice Beam|p2b: Pelipper\n|-damage|p2b: Pelipper|22/100\n|\n|-weather|RainDance|[upkeep]\n|upkeep\n|\n|t:|1776584270\n|switch|p1b: Incineroar|Incineroar, L50, F|100/100\n|-ability|p1b: Incineroar|Intimidate|boost\n|-unboost|p2a: Blastoise|atk|1\n|-unboost|p2b: Pelipper|atk|1\n|turn|4\n|\n|t:|1776584292\n|switch|p2b: WOLFE GLICK|Incineroar, L50, M|94/100\n|-ability|p2b: WOLFE GLICK|Intimidate|boost\n|-unboost|p1a: Milotic|atk|1\n|-ability|p1a: Milotic|Competitive|boost\n|-boost|p1a: Milotic|spa|2\n|-unboost|p1b: Incineroar|atk|1\n|move|p2a: Blastoise|Protect|p2a: Blastoise\n|-singleturn|p2a: Blastoise|Protect\n|move|p1b: Incineroar|Fake Out|p2a: Blastoise\n|-activate|p2a: Blastoise|move: Protect\n|move|p1a: Milotic|Ice Beam|p2b: WOLFE GLICK\n|-resisted|p2b: WOLFE GLICK|1\n|-damage|p2b: WOLFE GLICK|73/100\n|\n|-weather|RainDance|[upkeep]\n|upkeep\n|turn|5\n|\n|t:|1776584317\n|move|p2b: WOLFE GLICK|Fake Out|p1a: Milotic\n|-damage|p1a: Milotic|90/100\n|move|p2a: Blastoise|Water Spout|p1a: Milotic|[spread] p1a,p1b\n|-resisted|p1a: Milotic|1\n|-supereffective|p1b: Incineroar|1\n|-damage|p1a: Milotic|55/100\n|-damage|p1b: Incineroar|0 fnt\n|faint|p1b: Incineroar\n|cant|p1a: Milotic|flinch\n|\n|-weather|RainDance|[upkeep]\n|upkeep\n|\n|t:|1776584329\n|switch|p1b: Charizard|Charizard-Mega-Y, L50, M, shiny|36/100\n|-weather|SunnyDay|[from] ability: Drought|[of] p1b: Charizard\n|turn|6\n|\n|t:|1776584346\n|move|p2a: Blastoise|Water Spout|p1b: Charizard|[spread] p1a,p1b\n|-resisted|p1a: Milotic|1\n|-supereffective|p1b: Charizard|1\n|-damage|p1a: Milotic|45/100\n|-damage|p1b: Charizard|0 fnt\n|-enditem|p1a: Milotic|Sitrus Berry|[eat]\n|-heal|p1a: Milotic|69/100|[from] item: Sitrus Berry\n|faint|p1b: Charizard\n|move|p2b: WOLFE GLICK|Parting Shot|p1a: Milotic\n|-unboost|p1a: Milotic|atk|1\n|-ability|p1a: Milotic|Competitive|boost\n|-boost|p1a: Milotic|spa|2\n|-unboost|p1a: Milotic|spa|1\n|-ability|p1a: Milotic|Competitive|boost\n|-boost|p1a: Milotic|spa|2\n|\n|t:|1776584360\n|switch|p2b: Pelipper|Pelipper, L50, M|22/100|[from] Parting Shot\n|-weather|RainDance|[from] ability: Drizzle|[of] p2b: Pelipper\n|move|p1a: Milotic|Recover|p1a: Milotic\n|-heal|p1a: Milotic|100/100\n|\n|-weather|RainDance|[upkeep]\n|-sideend|p2: ihatecalyrexes|move: Tailwind\n|upkeep\n|turn|7\n|\n|t:|1776584380\n|move|p2a: Blastoise|Water Spout|p1a: Milotic\n|-resisted|p1a: Milotic|1\n|-damage|p1a: Milotic|50/100\n|move|p2b: Pelipper|Hurricane|p1a: Milotic\n|-damage|p1a: Milotic|15/100\n|move|p1a: Milotic|Ice Beam|p2b: Pelipper\n|-damage|p2b: Pelipper|0 fnt\n|faint|p2b: Pelipper\n|\n|-weather|RainDance|[upkeep]\n|upkeep\n|\n|t:|1776584387\n|switch|p2b: WOLFE GLICK|Incineroar, L50, M|73/100\n|-ability|p2b: WOLFE GLICK|Intimidate|boost\n|-unboost|p1a: Milotic|atk|1\n|-ability|p1a: Milotic|Competitive|boost\n|-boost|p1a: Milotic|spa|1\n|turn|8\n|\n|t:|1776584399\n|move|p2b: WOLFE GLICK|Fake Out|p1a: Milotic\n|-damage|p1a: Milotic|6/100\n|move|p2a: Blastoise|Water Spout|p1a: Milotic\n|-resisted|p1a: Milotic|1\n|-damage|p1a: Milotic|0 fnt\n|faint|p1a: Milotic\n|\n|win|ihatecalyrexes\n|raw|MVelash's rating: 1123 &rarr; <strong>1099</strong><br />(-24 for losing)\n|raw|ihatecalyrexes's rating: 1131 &rarr; <strong>1155</strong><br />(+24 for winning)\n",
  "uploadtime": 1776584408,
  "views": 23,
  "formatid": "gen9championsvgc2026regma",
  "rating": 1099,
  "private": 0,
  "password": null
}