{
  "id": "gen9championsvgc2026regma-2582779056",
  "format": "[Gen 9 Champions] VGC 2026 Reg M-A",
  "players": [
    "zan81",
    "Zombologist219"
  ],
  "log": "|j|\u2606zan81\n|j|\u2606Zombologist219\n|t:|1776113505\n|gametype|doubles\n|player|p1|zan81|101|1422\n|player|p2|Zombologist219|102|1390\n|gen|9\n|tier|[Gen 9 Champions] VGC 2026 Reg M-A\n|rated|\n|rule|Species Clause: Limit one of each Pok\u00e9mon\n|rule|Item Clause: Limit 1 of each item\n|clearpoke\n|poke|p1|Kingambit, L50, F|\n|poke|p1|Sneasler, L50, F|\n|poke|p1|Basculegion, L50, M|\n|poke|p1|Froslass, L50, F|\n|poke|p1|Delphox, L50, F|\n|poke|p1|Whimsicott, L50, M|\n|poke|p2|Milotic, L50, F|\n|poke|p2|Feraligatr, L50, M|\n|poke|p2|Sylveon, L50, F|\n|poke|p2|Incineroar, L50, F|\n|poke|p2|Farigiraf, L50, M|\n|poke|p2|Snorlax, L50, M|\n|teampreview|4\n|inactive|Battle timer is ON: inactive players will automatically lose when time's up. (requested by Zombologist219)\n|inactive|zan81 also wants the timer to be on.\n|inactive|zan81 has 60 seconds left.\n|\n|t:|1776113551\n|teamsize|p1|4\n|teamsize|p2|4\n|start\n|switch|p1a: Lia|Froslass, L50, F|100/100\n|switch|p1b: Kinki the goat|Sneasler, L50, F|100/100\n|switch|p2a: Farigiraf|Farigiraf, L50, M|100/100\n|switch|p2b: Incineroar|Incineroar, L50, F|100/100\n|-ability|p2b: Incineroar|Intimidate|boost\n|-unboost|p1a: Lia|atk|1\n|-unboost|p1b: Kinki the goat|atk|1\n|-enditem|p1b: Kinki the goat|White Herb\n|-clearnegativeboost|p1b: Kinki the goat|[silent]\n|turn|1\n|\n|t:|1776113565\n|detailschange|p1a: Lia|Froslass-Mega, L50, F\n|-mega|p1a: Lia|Froslass|Froslassite\n|-weather|Snowscape|[from] ability: Snow Warning|[of] p1a: Lia\n|move|p2b: Incineroar|Fake Out|p1b: Kinki the goat\n|-damage|p1b: Kinki the goat|83/100\n|cant|p1b: Kinki the goat|flinch\n|move|p1a: Lia|Taunt|p2a: Farigiraf\n|-start|p2a: Farigiraf|move: Taunt\n|-enditem|p2a: Farigiraf|Mental Herb\n|-end|p2a: Farigiraf|move: Taunt\n|move|p2a: Farigiraf|Trick Room|p2a: Farigiraf\n|-fieldstart|move: Trick Room|[of] p2a: Farigiraf\n|\n|-weather|Snowscape|[upkeep]\n|upkeep\n|turn|2\n|inactive|zan81 has 30 seconds left.\n|inactive|Zombologist219 has 30 seconds left.\n|\n|t:|1776113597\n|move|p1a: Lia|Protect|p1a: Lia\n|-singleturn|p1a: Lia|Protect\n|move|p1b: Kinki the goat|Protect|p1b: Kinki the goat\n|-singleturn|p1b: Kinki the goat|Protect\n|move|p2b: Incineroar|Darkest Lariat|p1a: Lia\n|-activate|p1a: Lia|move: Protect\n|move|p2a: Farigiraf|Psychic|p1b: Kinki the goat\n|-activate|p1b: Kinki the goat|move: Protect\n|\n|-weather|Snowscape|[upkeep]\n|upkeep\n|turn|3\n|\n|t:|1776113615\n|switch|p1a: Gerar r|Kingambit, L50, F|100/100\n|switch|p1b: Zan|Basculegion, L50, M|100/100\n|move|p2b: Incineroar|Parting Shot|p1a: Gerar r\n|-unboost|p1a: Gerar r|atk|1\n|-ability|p1a: Gerar r|Defiant|boost\n|-boost|p1a: Gerar r|atk|2\n|-unboost|p1a: Gerar r|spa|1\n|-ability|p1a: Gerar r|Defiant|boost\n|-boost|p1a: Gerar r|atk|2\n|\n|t:|1776113627\n|switch|p2b: Sylveon|Sylveon, L50, F|100/100|[from] Parting Shot\n|move|p2a: Farigiraf|Hyper Voice|p1b: Zan|[spread] p1a\n|-immune|p1b: Zan\n|-resisted|p1a: Gerar r|1\n|-damage|p1a: Gerar r|83/100\n|\n|-weather|Snowscape|[upkeep]\n|upkeep\n|turn|4\n|inactive|Zombologist219 has 30 seconds left.\n|\n|t:|1776113654\n|move|p2b: Sylveon|Hyper Voice|p1b: Zan|[spread] p1a,p1b\n|-crit|p1a: Gerar r\n|-damage|p1a: Gerar r|15/100\n|-damage|p1b: Zan|47/100\n|move|p2a: Farigiraf|Hyper Voice|p1b: Zan|[spread] p1a\n|-immune|p1b: Zan\n|-resisted|p1a: Gerar r|1\n|-damage|p1a: Gerar r|0 fnt\n|faint|p1a: Gerar r\n|move|p1b: Zan|Flip Turn|p2b: Sylveon\n|-damage|p2b: Sylveon|60/100\n|c|\u2606zan81|XDDDDDDDDDDDD\n|\n|t:|1776113671\n|switch|p1b: Lia|Froslass-Mega, L50, F|100/100|[from] Flip Turn\n|\n|-weather|Snowscape|[upkeep]\n|upkeep\n|\n|t:|1776113675\n|switch|p1a: Kinki the goat|Sneasler, L50, F|83/100\n|turn|5\n|inactive|zan81 has 30 seconds left.\n|\n|t:|1776113711\n|switch|p2b: Incineroar|Incineroar, L50, F|100/100\n|-ability|p2b: Incineroar|Intimidate|boost\n|-unboost|p1a: Kinki the goat|atk|1\n|-unboost|p1b: Lia|atk|1\n|move|p1a: Kinki the goat|Protect|p1a: Kinki the goat\n|-singleturn|p1a: Kinki the goat|Protect\n|move|p2a: Farigiraf|Psychic|p1a: Kinki the goat\n|-activate|p1a: Kinki the goat|move: Protect\n|move|p1b: Lia|Blizzard|p2b: Incineroar|[spread] p2a,p2b\n|-resisted|p2b: Incineroar|1\n|-damage|p2a: Farigiraf|46/100\n|-damage|p2b: Incineroar|83/100\n|\n|-weather|none\n|-fieldend|move: Trick Room\n|upkeep\n|turn|6\n|\n|t:|1776113731\n|move|p2b: Incineroar|Fake Out|p1a: Kinki the goat\n|-crit|p1a: Kinki the goat\n|-damage|p1a: Kinki the goat|57/100\n|cant|p1a: Kinki the goat|flinch\n|move|p1b: Lia|Blizzard|p2a: Farigiraf|[spread] \n|-miss|p1b: Lia|p2a: Farigiraf\n|-miss|p1b: Lia|p2b: Incineroar\n|move|p2a: Farigiraf|Psychic|p1a: Kinki the goat\n|-supereffective|p1a: Kinki the goat|2\n|-damage|p1a: Kinki the goat|0 fnt\n|faint|p1a: Kinki the goat\n|\n|upkeep\n|n|!zan81|zan81\n|\n|t:|1776113744\n|switch|p1a: Zan|Basculegion, L50, M|47/100\n|turn|7\n|\n|t:|1776113761\n|move|p1a: Zan|Wave Crash|p2b: Incineroar\n|-supereffective|p2b: Incineroar|1\n|-damage|p2b: Incineroar|0 fnt\n|faint|p2b: Incineroar\n|-damage|p1a: Zan|19/100|[from] Recoil\n|move|p1b: Lia|Blizzard|p2a: Farigiraf\n|-damage|p2a: Farigiraf|0 fnt\n|faint|p2a: Farigiraf\n|\n|upkeep\n|\n|t:|1776113771\n|switch|p2a: Snorlax|Snorlax, L50, M|100/100\n|switch|p2b: Sylveon|Sylveon, L50, F|60/100\n|turn|8\n|\n|t:|1776113789\n|move|p2b: Sylveon|Protect|p2b: Sylveon\n|-singleturn|p2b: Sylveon|Protect\n|move|p1a: Zan|Wave Crash|p2b: Sylveon\n|-activate|p2b: Sylveon|move: Protect\n|move|p1b: Lia|Blizzard|p2a: Snorlax|[spread] p2a\n|-activate|p2b: Sylveon|move: Protect\n|-damage|p2a: Snorlax|83/100\n|move|p2a: Snorlax|Crunch|p1a: Zan\n|-supereffective|p1a: Zan|1\n|-damage|p1a: Zan|0 fnt\n|faint|p1a: Zan\n|\n|-heal|p2a: Snorlax|89/100|[from] item: Leftovers\n|upkeep\n|turn|9\n|\n|t:|1776113805\n|move|p1b: Lia|Blizzard|p2a: Snorlax|[spread] p2b\n|-miss|p1b: Lia|p2a: Snorlax\n|-damage|p2b: Sylveon|23/100\n|move|p2b: Sylveon|Calm Mind|p2b: Sylveon\n|-boost|p2b: Sylveon|spa|1\n|-boost|p2b: Sylveon|spd|1\n|move|p2a: Snorlax|Crunch|p1b: Lia\n|-supereffective|p1b: Lia|1\n|-damage|p1b: Lia|8/100\n|\n|-heal|p2a: Snorlax|95/100|[from] item: Leftovers\n|upkeep\n|turn|10\n|\n|t:|1776113819\n|move|p1b: Lia|Blizzard|p2a: Snorlax|[spread] \n|-miss|p1b: Lia|p2a: Snorlax\n|-miss|p1b: Lia|p2b: Sylveon\n|move|p2b: Sylveon|Hyper Voice|p1b: Lia\n|-damage|p1b: Lia|0 fnt\n|faint|p1b: Lia\n|\n|win|Zombologist219\n",
  "uploadtime": 1776113740,
  "views": 15,
  "formatid": "gen9championsvgc2026regma",
  "rating": null,
  "private": 0,
  "password": null
}