{
  "id": "gen9championsvgc2026regma-2586434558",
  "format": "[Gen 9 Champions] VGC 2026 Reg M-A",
  "players": [
    "pedromap76",
    "storm93ita"
  ],
  "log": "|j|\u2606pedromap76\n|j|\u2606storm93ita\n|t:|1776434450\n|gametype|doubles\n|player|p1|pedromap76|101|1000\n|player|p2|storm93ita|volkner|1084\n|gen|9\n|tier|[Gen 9 Champions] VGC 2026 Reg M-A\n|rated|\n|rule|Species Clause: Limit one of each Pok\u00e9mon\n|rule|Item Clause: Limit 1 of each item\n|clearpoke\n|poke|p1|Hawlucha, L50, F|\n|poke|p1|Whimsicott, L50, F|\n|poke|p1|Incineroar, L50, F|\n|poke|p1|Vanilluxe, L50, F|\n|poke|p1|Basculegion, L50, M|\n|poke|p1|Dragapult, L50, M|\n|poke|p2|Dragonite, L50, M|\n|poke|p2|Basculegion, L50, M|\n|poke|p2|Archaludon, L50, F|\n|poke|p2|Meganium, L50, M|\n|poke|p2|Sneasler, L50, M|\n|poke|p2|Pelipper, L50, F|\n|teampreview|4\n|inactive|Battle timer is ON: inactive players will automatically lose when time's up. (requested by pedromap76)\n|inactive|pedromap76 has 60 seconds left.\n|\n|t:|1776434500\n|teamsize|p1|4\n|teamsize|p2|4\n|start\n|switch|p1a: Incineroar|Incineroar, L50, F|100/100\n|switch|p1b: Whimsicott|Whimsicott, L50, F|100/100\n|switch|p2a: Dragonite|Dragonite, L50, M|100/100\n|switch|p2b: Pelipper|Pelipper, L50, F|100/100\n|-weather|RainDance|[from] ability: Drizzle|[of] p2b: Pelipper\n|-ability|p1a: Incineroar|Intimidate|boost\n|-unboost|p2a: Dragonite|atk|1\n|-unboost|p2b: Pelipper|atk|1\n|turn|1\n|\n|t:|1776434523\n|switch|p2b: Basculegion|Basculegion, L50, M|100/100\n|detailschange|p2a: Dragonite|Dragonite-Mega, L50, M\n|-mega|p2a: Dragonite|Dragonite|Dragoninite\n|move|p1a: Incineroar|Fake Out|p2a: Dragonite\n|-damage|p2a: Dragonite|95/100\n|move|p1b: Whimsicott|Tailwind|p1b: Whimsicott\n|-sidestart|p1: pedromap76|move: Tailwind\n|cant|p2a: Dragonite|flinch\n|\n|-weather|RainDance|[upkeep]\n|upkeep\n|turn|2\n|inactive|pedromap76 has 30 seconds left.\n|\n|t:|1776434549\n|move|p2a: Dragonite|Protect|p2a: Dragonite\n|-singleturn|p2a: Dragonite|Protect\n|move|p2b: Basculegion|Wave Crash|p1a: Incineroar\n|-supereffective|p1a: Incineroar|1\n|-damage|p1a: Incineroar|0 fnt\n|faint|p1a: Incineroar\n|-damage|p2b: Basculegion|66/100|[from] Recoil\n|move|p1b: Whimsicott|Moonblast|p2a: Dragonite\n|-activate|p2a: Dragonite|move: Protect\n|\n|-weather|RainDance|[upkeep]\n|upkeep\n|\n|t:|1776434556\n|switch|p1a: Basculegion|Basculegion, L50, M|100/100\n|turn|3\n|\n|t:|1776434577\n|move|p2b: Basculegion|Wave Crash|p1b: Whimsicott\n|-resisted|p1b: Whimsicott|1\n|-damage|p1b: Whimsicott|36/100\n|-damage|p2b: Basculegion|52/100|[from] Recoil\n|move|p1b: Whimsicott|Giga Drain|p2b: Basculegion\n|-supereffective|p2b: Basculegion|1\n|-damage|p2b: Basculegion|8/100\n|-heal|p1b: Whimsicott|68/100|[from] drain|[of] p2b: Basculegion\n|move|p1a: Basculegion|Last Respects|p2b: Basculegion\n|-supereffective|p2b: Basculegion|1\n|-damage|p2b: Basculegion|0 fnt\n|faint|p2b: Basculegion\n|move|p2a: Dragonite|Hurricane|p1b: Whimsicott\n|-supereffective|p1b: Whimsicott|1\n|-damage|p1b: Whimsicott|0 fnt\n|faint|p1b: Whimsicott\n|\n|-weather|RainDance|[upkeep]\n|upkeep\n|inactive|storm93ita has 30 seconds left.\n|inactive|storm93ita has 20 seconds left.\n|\n|t:|1776434616\n|switch|p1b: Dragapult|Dragapult, L50, M|100/100\n|switch|p2b: Archaludon|Archaludon, L50, F|100/100\n|turn|4\n|\n|t:|1776434631\n|move|p2a: Dragonite|Protect|p2a: Dragonite\n|-singleturn|p2a: Dragonite|Protect\n|move|p2b: Archaludon|Protect|p2b: Archaludon\n|-singleturn|p2b: Archaludon|Protect\n|move|p1b: Dragapult|Dragon Darts|p2a: Dragonite\n|-activate|p2b: Archaludon|move: Protect\n|move|p1a: Basculegion|Last Respects|p2b: Archaludon\n|-activate|p2b: Archaludon|move: Protect\n|\n|-weather|RainDance|[upkeep]\n|-sideend|p1: pedromap76|move: Tailwind\n|upkeep\n|turn|5\n|\n|t:|1776434647\n|switch|p2a: Pelipper|Pelipper, L50, F|100/100\n|move|p1b: Dragapult|Dragon Darts|p2a: Pelipper\n|-damage|p2a: Pelipper|72/100\n|-anim|p1b: Dragapult|Dragon Darts|p2b: Archaludon\n|-damage|p2b: Archaludon|78/100\n|-ability|p2b: Archaludon|Stamina|boost\n|-boost|p2b: Archaludon|def|1\n|move|p1a: Basculegion|Last Respects|p2b: Archaludon\n|-damage|p2b: Archaludon|24/100\n|-ability|p2b: Archaludon|Stamina|boost\n|-boost|p2b: Archaludon|def|1\n|move|p2b: Archaludon|Electro Shot||[still]\n|-prepare|p2b: Archaludon|Electro Shot\n|-boost|p2b: Archaludon|spa|1\n|-anim|p2b: Archaludon|Electro Shot|p1a: Basculegion\n|-supereffective|p1a: Basculegion|1\n|-enditem|p1a: Basculegion|Focus Sash\n|-damage|p1a: Basculegion|1/100\n|\n|-weather|none\n|-heal|p2b: Archaludon|30/100|[from] item: Leftovers\n|upkeep\n|turn|6\n|\n|t:|1776434668\n|move|p2b: Archaludon|Protect|p2b: Archaludon\n|-singleturn|p2b: Archaludon|Protect\n|move|p1b: Dragapult|Dragon Dance|p1b: Dragapult\n|-boost|p1b: Dragapult|atk|1\n|-boost|p1b: Dragapult|spe|1\n|move|p1a: Basculegion|Last Respects|p2b: Archaludon\n|-activate|p2b: Archaludon|move: Protect\n|move|p2a: Pelipper|Tailwind|p2a: Pelipper\n|-sidestart|p2: storm93ita|move: Tailwind\n|\n|-heal|p2b: Archaludon|36/100|[from] item: Leftovers\n|upkeep\n|turn|7\n|\n|t:|1776434688\n|switch|p2a: Dragonite|Dragonite-Mega, L50, M|95/100\n|move|p1b: Dragapult|Dragon Darts|p2a: Dragonite\n|-supereffective|p2a: Dragonite|1\n|-damage|p2a: Dragonite|20/100\n|-anim|p1b: Dragapult|Dragon Darts|p2b: Archaludon\n|-damage|p2b: Archaludon|18/100\n|-ability|p2b: Archaludon|Stamina|boost\n|-boost|p2b: Archaludon|def|1\n|move|p2b: Archaludon|Draco Meteor|p1b: Dragapult|[miss]\n|-miss|p2b: Archaludon|p1b: Dragapult\n|move|p1a: Basculegion|Last Respects|p2b: Archaludon\n|-damage|p2b: Archaludon|0 fnt\n|faint|p2b: Archaludon\n|\n|upkeep\n|\n|t:|1776434702\n|switch|p2b: Pelipper|Pelipper, L50, F|72/100\n|-weather|RainDance|[from] ability: Drizzle|[of] p2b: Pelipper\n|turn|8\n|\n|t:|1776434714\n|move|p2a: Dragonite|Protect|p2a: Dragonite\n|-singleturn|p2a: Dragonite|Protect\n|move|p1b: Dragapult|Dragon Darts|p2b: Pelipper\n|-damage|p2b: Pelipper|31/100\n|-anim|p1b: Dragapult|Dragon Darts|p2b: Pelipper\n|-crit|p2b: Pelipper\n|-damage|p2b: Pelipper|0 fnt\n|faint|p2b: Pelipper\n|move|p1a: Basculegion|Last Respects|p2a: Dragonite\n|-activate|p2a: Dragonite|move: Protect\n|\n|-weather|RainDance|[upkeep]\n|upkeep\n|turn|9\n|\n|t:|1776434726\n|move|p2a: Dragonite|Ice Beam|p1b: Dragapult\n|-supereffective|p1b: Dragapult|1\n|-crit|p1b: Dragapult\n|-damage|p1b: Dragapult|0 fnt\n|faint|p1b: Dragapult\n|move|p1a: Basculegion|Wave Crash|p2a: Dragonite\n|-resisted|p2a: Dragonite|1\n|-damage|p2a: Dragonite|0 fnt\n|faint|p2a: Dragonite\n|-damage|p1a: Basculegion|0 fnt|[from] Recoil\n|faint|p1a: Basculegion\n|\n|win|pedromap76\n|raw|pedromap76's rating: 1000 &rarr; <strong>1049</strong><br />(+49 for winning)\n|raw|storm93ita's rating: 1084 &rarr; <strong>1056</strong><br />(-28 for losing)\n",
  "uploadtime": 1776434734,
  "views": 20,
  "formatid": "gen9championsvgc2026regma",
  "rating": 1049,
  "private": 0,
  "password": null
}