{
  "id": "gen9championsvgc2026regma-2586327340",
  "format": "[Gen 9 Champions] VGC 2026 Reg M-A",
  "players": [
    "Paulpaul70",
    "kiwemi"
  ],
  "log": "|j|\u2606Paulpaul70\n|j|\u2606kiwemi\n|t:|1776425649\n|gametype|doubles\n|player|p1|Paulpaul70|waiter-gen4|1100\n|player|p2|kiwemi|iris-gen5bw2|1000\n|gen|9\n|tier|[Gen 9 Champions] VGC 2026 Reg M-A\n|rated|\n|rule|Species Clause: Limit one of each Pok\u00e9mon\n|rule|Item Clause: Limit 1 of each item\n|clearpoke\n|poke|p1|Pelipper, L50, M|\n|poke|p1|Dragonite, L50, F|\n|poke|p1|Basculegion, L50, M|\n|poke|p1|Incineroar, L50, M|\n|poke|p1|Sneasler, L50, M|\n|poke|p1|Archaludon, L50, M|\n|poke|p2|Incineroar, L50, M|\n|poke|p2|Froslass, L50, F|\n|poke|p2|Zoroark-Hisui, L50, F|\n|poke|p2|Garchomp, L50, F|\n|poke|p2|Chesnaught, L50, F|\n|poke|p2|Whimsicott, L50, M|\n|teampreview|4\n|\n|t:|1776425683\n|teamsize|p1|4\n|teamsize|p2|4\n|start\n|switch|p1a: Archaludon|Archaludon, L50, M|100/100\n|switch|p1b: Pelipper|Pelipper, L50, M|100/100\n|switch|p2a: Evil Cat|Incineroar, L50, M|100/100\n|switch|p2b: Queen|Froslass, L50, F|100/100\n|-weather|RainDance|[from] ability: Drizzle|[of] p1b: Pelipper\n|-ability|p2a: Evil Cat|Intimidate|boost\n|-unboost|p1a: Archaludon|atk|1\n|-unboost|p1b: Pelipper|atk|1\n|turn|1\n|\n|t:|1776425710\n|move|p2b: Queen|Protect|p2b: Queen\n|-singleturn|p2b: Queen|Protect\n|move|p1a: Archaludon|Protect|p1a: Archaludon\n|-singleturn|p1a: Archaludon|Protect\n|move|p2a: Evil Cat|Fake Out|p1a: Archaludon\n|-activate|p1a: Archaludon|move: Protect\n|move|p1b: Pelipper|Weather Ball|p2a: Evil Cat\n|-supereffective|p2a: Evil Cat|1\n|-damage|p2a: Evil Cat|0 fnt\n|faint|p2a: Evil Cat\n|\n|-weather|RainDance|[upkeep]\n|upkeep\n|\n|t:|1776425725\n|switch|p2a: Queen|Froslass, L50, F|100/100\n|turn|2\n|\n|t:|1776425752\n|switch|p1a: Sneasler|Sneasler, L50, M|100/100\n|detailschange|p2a: Queen|Froslass-Mega, L50, F\n|-mega|p2a: Queen|Froslass|Froslassite\n|-weather|Snowscape|[from] ability: Snow Warning|[of] p2a: Queen\n|move|p2a: Queen|Blizzard|p1b: Pelipper|[spread] p1a,p1b\n|-damage|p1a: Sneasler|44/100\n|-damage|p1b: Pelipper|19/100\n|-status|p1a: Sneasler|frz\n|move|p2b: Queen|U-turn|p1a: Sneasler\n|-resisted|p1a: Sneasler|2\n|-damage|p1a: Sneasler|39/100 frz\n|\n|t:|1776425765\n|switch|p2b: Wall|Chesnaught, L50, F|100/100|[from] U-turn\n|move|p1b: Pelipper|Tailwind|p1b: Pelipper\n|-sidestart|p1: Paulpaul70|move: Tailwind\n|\n|-weather|Snowscape|[upkeep]\n|upkeep\n|turn|3\n|\n|t:|1776425789\n|cant|p1a: Sneasler|frz\n|move|p1b: Pelipper|Hurricane|p2b: Wall\n|-supereffective|p2b: Wall|2\n|-damage|p2b: Wall|0 fnt\n|faint|p2b: Wall\n|move|p2a: Queen|Blizzard|p1a: Sneasler|[spread] p1a,p1b\n|-damage|p1a: Sneasler|0 fnt\n|-damage|p1b: Pelipper|0 fnt\n|faint|p1a: Sneasler\n|faint|p1b: Pelipper\n|\n|-weather|Snowscape|[upkeep]\n|upkeep\n|\n|t:|1776425802\n|switch|p1a: Archaludon|Archaludon, L50, M|100/100\n|switch|p1b: Dragonite|Dragonite, L50, F|100/100\n|switch|p2b: Surprise!~|Zoroark-Hisui, L50, F|100/100\n|turn|4\n|\n|t:|1776425836\n|detailschange|p1b: Dragonite|Dragonite-Mega, L50, F\n|-mega|p1b: Dragonite|Dragonite|Dragoninite\n|move|p2b: Surprise!~|Protect|p2b: Surprise!~\n|-singleturn|p2b: Surprise!~|Protect\n|move|p1b: Dragonite|Draco Meteor|p2a: Queen|[miss]\n|-miss|p1b: Dragonite|p2a: Queen\n|move|p1a: Archaludon|Dragon Pulse|p2b: Surprise!~\n|-activate|p2b: Surprise!~|move: Protect\n|move|p2a: Queen|Blizzard|p1b: Dragonite|[spread] p1a,p1b\n|-supereffective|p1b: Dragonite|2\n|-damage|p1a: Archaludon|52/100\n|-damage|p1b: Dragonite|17/100\n|-ability|p1a: Archaludon|Stamina|boost\n|-boost|p1a: Archaludon|def|1\n|\n|-weather|Snowscape|[upkeep]\n|-heal|p1a: Archaludon|58/100|[from] item: Leftovers\n|upkeep\n|turn|5\n|\n|t:|1776425867\n|move|p1b: Dragonite|Protect|p1b: Dragonite\n|-singleturn|p1b: Dragonite|Protect\n|move|p2a: Queen|Protect|p2a: Queen\n|-singleturn|p2a: Queen|Protect\n|move|p1a: Archaludon|Dragon Pulse|p2b: Surprise!~\n|-damage|p2b: Surprise!~|45/100\n|move|p2b: Surprise!~|Icy Wind|p1b: Dragonite|[spread] p1a\n|-activate|p1b: Dragonite|move: Protect\n|-damage|p1a: Archaludon|45/100\n|-unboost|p1a: Archaludon|spe|1\n|-ability|p1a: Archaludon|Stamina|boost\n|-boost|p1a: Archaludon|def|1\n|\n|-weather|Snowscape|[upkeep]\n|-heal|p1a: Archaludon|51/100|[from] item: Leftovers\n|-sideend|p1: Paulpaul70|move: Tailwind\n|upkeep\n|turn|6\n|\n|t:|1776425897\n|move|p1b: Dragonite|Draco Meteor|p2a: Queen\n|-damage|p2a: Queen|20/100\n|-unboost|p1b: Dragonite|spa|2\n|move|p2a: Queen|Blizzard|p1b: Dragonite|[spread] p1a,p1b\n|-crit|p1a: Archaludon\n|-supereffective|p1b: Dragonite|2\n|-damage|p1a: Archaludon|0 fnt\n|-damage|p1b: Dragonite|0 fnt\n|faint|p1a: Archaludon\n|faint|p1b: Dragonite\n|\n|win|kiwemi\n|raw|Paulpaul70's rating: 1100 &rarr; <strong>1068</strong><br />(-32 for losing)\n|raw|kiwemi's rating: 1000 &rarr; <strong>1051</strong><br />(+51 for winning)\n|c|\u2606kiwemi|Gg bro\n|l|\u2606Paulpaul70\n|player|p1|\n",
  "uploadtime": 1776425922,
  "views": 25,
  "formatid": "gen9championsvgc2026regma",
  "rating": 1051,
  "private": 0,
  "password": null
}