{
  "id": "gen9championsvgc2026regma-2587804523",
  "format": "[Gen 9 Champions] VGC 2026 Reg M-A",
  "players": [
    "JacintoElGrande",
    "The boy savior"
  ],
  "log": "|j|\u2606JacintoElGrande\n|j|\u2606The boy savior\n|t:|1776565715\n|gametype|doubles\n|player|p1|JacintoElGrande|doctor-gen8|1401\n|player|p2|The boy savior|gambler|1421\n|gen|9\n|tier|[Gen 9 Champions] VGC 2026 Reg M-A\n|rated|\n|rule|Species Clause: Limit one of each Pok\u00e9mon\n|rule|Item Clause: Limit 1 of each item\n|clearpoke\n|poke|p1|Aggron, L50, M|\n|poke|p1|Incineroar, L50, M|\n|poke|p1|Sinistcha, L50|\n|poke|p1|Pelipper, L50, M|\n|poke|p1|Sneasler, L50, M|\n|poke|p1|Archaludon, L50, F|\n|poke|p2|Lopunny, L50, F, shiny|\n|poke|p2|Kleavor, L50, F|\n|poke|p2|Pelipper, L50, F, shiny|\n|poke|p2|Basculegion, L50, M, shiny|\n|poke|p2|Archaludon, L50, F|\n|poke|p2|Scizor, L50, M|\n|teampreview|4\nJacintoElGrande has agreed to open team sheets.\n|inactive|Battle timer is ON: inactive players will automatically lose when time's up. (requested by The boy savior)\n|\n|t:|1776565744\n|teamsize|p1|4\n|teamsize|p2|4\n|start\n|switch|p1a: Sneasler|Sneasler, L50, M|100/100\n|switch|p1b: Archaludon|Archaludon, L50, F|100/100\n|switch|p2a: Love Deluxe|Lopunny, L50, F, shiny|100/100\n|switch|p2b: Aqua Necklace|Basculegion, L50, M, shiny|100/100\n|turn|1\n|c|\u2606JacintoElGrande|nice\n|inactive|JacintoElGrande has 30 seconds left.\n|\n|t:|1776565775\n|switch|p1b: Sinistcha|Sinistcha, L50|100/100\n|detailschange|p2a: Love Deluxe|Lopunny-Mega, L50, F, shiny\n|-mega|p2a: Love Deluxe|Lopunny|Lopunnite\n|move|p1a: Sneasler|Protect|p1a: Sneasler\n|-singleturn|p1a: Sneasler|Protect\n|move|p2a: Love Deluxe|Fake Out|p1a: Sneasler\n|-activate|p1a: Sneasler|move: Protect\n|move|p2b: Aqua Necklace|Flip Turn|p1a: Sneasler\n|-activate|p1a: Sneasler|move: Protect\n|\n|upkeep\n|turn|2\n|\n|t:|1776565787\n|switch|p2a: Weather Report|Pelipper, L50, F, shiny|100/100\n|-weather|RainDance|[from] ability: Drizzle|[of] p2a: Weather Report\n|move|p1b: Sinistcha|Rage Powder|p1b: Sinistcha\n|-singleturn|p1b: Sinistcha|move: Rage Powder\n|move|p2b: Aqua Necklace|Flip Turn|p1b: Sinistcha\n|-resisted|p1b: Sinistcha|1\n|-damage|p1b: Sinistcha|74/100\n|\n|t:|1776565794\n|switch|p2b: Love Deluxe|Lopunny-Mega, L50, F, shiny|100/100|[from] Flip Turn\n|move|p1a: Sneasler|Close Combat|p2a: Weather Report\n|-resisted|p2a: Weather Report|1\n|-damage|p2a: Weather Report|66/100\n|-unboost|p1a: Sneasler|def|1\n|-unboost|p1a: Sneasler|spd|1\n|-enditem|p1a: Sneasler|White Herb\n|-clearnegativeboost|p1a: Sneasler|[silent]\n|\n|-weather|RainDance|[upkeep]\n|-heal|p1b: Sinistcha|80/100|[from] item: Leftovers\n|upkeep\n|turn|3\n|\n|t:|1776565810\n|move|p1a: Sneasler|Protect|p1a: Sneasler\n|-singleturn|p1a: Sneasler|Protect\n|move|p1b: Sinistcha|Protect|p1b: Sinistcha\n|-singleturn|p1b: Sinistcha|Protect\n|move|p2b: Love Deluxe|Fake Out|p1b: Sinistcha\n|-activate|p1b: Sinistcha|move: Protect\n|move|p2a: Weather Report|Hurricane|p1a: Sneasler\n|-activate|p1a: Sneasler|move: Protect\n|\n|-weather|RainDance|[upkeep]\n|-heal|p1b: Sinistcha|86/100|[from] item: Leftovers\n|upkeep\n|turn|4\n|\n|t:|1776565823\n|move|p2b: Love Deluxe|Protect|p2b: Love Deluxe\n|-singleturn|p2b: Love Deluxe|Protect\n|move|p1b: Sinistcha|Rage Powder|p1b: Sinistcha\n|-singleturn|p1b: Sinistcha|move: Rage Powder\n|move|p1a: Sneasler|Close Combat|p2b: Love Deluxe\n|-activate|p2b: Love Deluxe|move: Protect\n|move|p2a: Weather Report|Tailwind|p2a: Weather Report\n|-sidestart|p2: The boy savior|move: Tailwind\n|\n|-weather|RainDance|[upkeep]\n|-heal|p1b: Sinistcha|92/100|[from] item: Leftovers\n|upkeep\n|turn|5\n|\n|t:|1776565839\n|switch|p2b: Aqua Necklace|Basculegion, L50, M, shiny|100/100\n|move|p1b: Sinistcha|Protect|p1b: Sinistcha\n|-singleturn|p1b: Sinistcha|Protect\n|move|p1a: Sneasler|Dire Claw|p2a: Weather Report\n|-damage|p2a: Weather Report|20/100\n|-enditem|p2a: Weather Report|Sitrus Berry|[eat]\n|-heal|p2a: Weather Report|44/100|[from] item: Sitrus Berry\n|move|p2a: Weather Report|Hurricane|p1a: Sneasler\n|-supereffective|p1a: Sneasler|1\n|-damage|p1a: Sneasler|8/100\n|\n|-weather|RainDance|[upkeep]\n|-heal|p1b: Sinistcha|98/100|[from] item: Leftovers\n|upkeep\n|turn|6\n|\n|t:|1776565857\n|move|p1a: Sneasler|Protect|p1a: Sneasler\n|-singleturn|p1a: Sneasler|Protect\n|move|p2b: Aqua Necklace|Aqua Jet|p1a: Sneasler\n|-activate|p1a: Sneasler|move: Protect\n|move|p2a: Weather Report|Hurricane|p1b: Sinistcha\n|-supereffective|p1b: Sinistcha|1\n|-damage|p1b: Sinistcha|26/100\n|move|p1b: Sinistcha|Matcha Gotcha|p2b: Aqua Necklace|[spread] p2a,p2b\n|-supereffective|p2b: Aqua Necklace|1\n|-damage|p2a: Weather Report|6/100\n|-heal|p1b: Sinistcha|44/100|[from] drain|[of] p2a: Weather Report\n|-damage|p2b: Aqua Necklace|43/100\n|-heal|p1b: Sinistcha|76/100|[from] drain|[of] p2b: Aqua Necklace\n|-status|p2b: Aqua Necklace|brn\n|\n|-weather|none\n|-heal|p1b: Sinistcha|83/100|[from] item: Leftovers\n|-damage|p2b: Aqua Necklace|37/100 brn|[from] brn\n|upkeep\n|turn|7\n|\n|t:|1776565880\n|switch|p1a: Archaludon|Archaludon, L50, F|100/100\n|switch|p2a: Love Deluxe|Lopunny-Mega, L50, F, shiny|100/100\n|move|p2b: Aqua Necklace|Aqua Jet|p1a: Archaludon\n|-resisted|p1a: Archaludon|1\n|-damage|p1a: Archaludon|95/100\n|move|p1b: Sinistcha|Matcha Gotcha|p2b: Aqua Necklace|[spread] p2a\n|-miss|p1b: Sinistcha|p2b: Aqua Necklace\n|-damage|p2a: Love Deluxe|66/100\n|-heal|p1b: Sinistcha|97/100|[from] drain|[of] p2a: Love Deluxe\n|\n|-heal|p1b: Sinistcha|100/100|[from] item: Leftovers\n|-damage|p2b: Aqua Necklace|30/100 brn|[from] brn\n|-sideend|p2: The boy savior|move: Tailwind\n|upkeep\n|turn|8\n|\n|t:|1776565890\n|switch|p2b: Weather Report|Pelipper, L50, F, shiny|6/100\n|-weather|RainDance|[from] ability: Drizzle|[of] p2b: Weather Report\n|move|p1a: Archaludon|Draco Meteor|p2a: Love Deluxe\n|-damage|p2a: Love Deluxe|0 fnt\n|-unboost|p1a: Archaludon|spa|2\n|faint|p2a: Love Deluxe\n|move|p1b: Sinistcha|Matcha Gotcha|p2b: Weather Report\n|-damage|p2b: Weather Report|0 fnt\n|faint|p2b: Weather Report\n|\n|-weather|RainDance|[upkeep]\n|upkeep\n|\n|t:|1776565898\n|switch|p2a: Super Fly|Archaludon, L50, F|100/100\n|switch|p2b: Aqua Necklace|Basculegion, L50, M, shiny|30/100 brn\n|turn|9\n|\n|t:|1776565910\n|switch|p1a: Aggron|Aggron, L50, M|100/100\n|move|p2b: Aqua Necklace|Last Respects|p1b: Sinistcha\n|-supereffective|p1b: Sinistcha|1\n|-damage|p1b: Sinistcha|4/100\n|move|p2a: Super Fly|Electro Shot||[still]\n|-prepare|p2a: Super Fly|Electro Shot\n|-boost|p2a: Super Fly|spa|1\n|-anim|p2a: Super Fly|Electro Shot|p1a: Aggron\n|-ability|p1a: Aggron|Sturdy\n|-damage|p1a: Aggron|1/100\n|move|p1b: Sinistcha|Matcha Gotcha|p2a: Super Fly|[spread] p2a,p2b\n|-resisted|p2a: Super Fly|2\n|-supereffective|p2b: Aqua Necklace|1\n|-damage|p2a: Super Fly|92/100\n|-heal|p1b: Sinistcha|8/100|[from] drain|[of] p2a: Super Fly\n|-damage|p2b: Aqua Necklace|0 fnt\n|-heal|p1b: Sinistcha|25/100|[from] drain|[of] p2b: Aqua Necklace\n|faint|p2b: Aqua Necklace\n|\n|-weather|RainDance|[upkeep]\n|-heal|p2a: Super Fly|98/100|[from] item: Leftovers\n|-heal|p1b: Sinistcha|31/100|[from] item: Leftovers\n|upkeep\n|turn|10\n|j| Choklit Milk\n|l| Choklit Milk\n|\n|t:|1776565928\n|detailschange|p1a: Aggron|Aggron-Mega, L50, M\n|-mega|p1a: Aggron|Aggron|Aggronite\n|move|p2a: Super Fly|Electro Shot||[still]\n|-prepare|p2a: Super Fly|Electro Shot\n|-boost|p2a: Super Fly|spa|1\n|-anim|p2a: Super Fly|Electro Shot|p1a: Aggron\n|-damage|p1a: Aggron|0 fnt\n|faint|p1a: Aggron\n|move|p1b: Sinistcha|Shadow Ball|p2a: Super Fly\n|-damage|p2a: Super Fly|51/100\n|\n|-weather|RainDance|[upkeep]\n|-heal|p2a: Super Fly|57/100|[from] item: Leftovers\n|-heal|p1b: Sinistcha|37/100|[from] item: Leftovers\n|upkeep\n|\n|t:|1776565937\n|switch|p1a: Sneasler|Sneasler, L50, M|8/100\n|turn|11\n|\n|t:|1776565942\n|move|p1a: Sneasler|Fake Out|p2a: Super Fly\n|-resisted|p2a: Super Fly|1\n|-damage|p2a: Super Fly|51/100\n|cant|p2a: Super Fly|flinch\n|move|p1b: Sinistcha|Shadow Ball|p2a: Super Fly\n|-damage|p2a: Super Fly|2/100\n|\n|-weather|RainDance|[upkeep]\n|-heal|p2a: Super Fly|8/100|[from] item: Leftovers\n|-heal|p1b: Sinistcha|43/100|[from] item: Leftovers\n|upkeep\n|turn|12\n|-message|The boy savior forfeited.\n|\n|win|JacintoElGrande\n|raw|JacintoElGrande's rating: 1401 &rarr; <strong>1422</strong><br />(+21 for winning)\n|raw|The boy savior's rating: 1421 &rarr; <strong>1400</strong><br />(-21 for losing)\n|l|\u2606The boy savior\n|player|p2|\n|l|\u2606JacintoElGrande\n|player|p1|\n",
  "uploadtime": 1776565972,
  "views": 14,
  "formatid": "gen9championsvgc2026regma",
  "rating": 1400,
  "private": 0,
  "password": null
}