{
  "id": "gen9championsvgc2026regma-2581118715",
  "format": "[Gen 9 Champions] VGC 2026 Reg M-A",
  "players": [
    "MrTestingPith",
    "Kailzer"
  ],
  "log": "|j|\u2606MrTestingPith\n|j|\u2606Kailzer\n|t:|1775961656\n|gametype|doubles\n|player|p1|MrTestingPith|266|1320\n|player|p2|Kailzer|morty|1307\n|gen|9\n|tier|[Gen 9 Champions] VGC 2026 Reg M-A\n|rated|\n|rule|Species Clause: Limit one of each Pok\u00e9mon\n|rule|Item Clause: Limit 1 of each item\n|clearpoke\n|poke|p1|Sinistcha, L50|\n|poke|p1|Incineroar, L50, F|\n|poke|p1|Corviknight, L50, F|\n|poke|p1|Gardevoir, L50, M|\n|poke|p1|Garchomp, L50, M|\n|poke|p1|Rotom-Wash, L50|\n|poke|p2|Aegislash, L50, M|\n|poke|p2|Tyranitar, L50, M|\n|poke|p2|Aerodactyl, L50, M|\n|poke|p2|Sneasler, L50, M|\n|poke|p2|Rotom-Wash, L50|\n|poke|p2|Sylveon, L50, M|\n|teampreview|4\n|inactive|Battle timer is ON: inactive players will automatically lose when time's up. (requested by Kailzer)\nMrTestingPith rejected open team sheets.\n|inactive|Kailzer has 60 seconds left.\n|\n|t:|1775961705\n|teamsize|p1|4\n|teamsize|p2|4\n|start\n|switch|p1a: Sinistcha|Sinistcha, L50|100/100\n|switch|p1b: Corviknight|Corviknight, L50, F|100/100\n|switch|p2a: Aerodactyl|Aerodactyl, L50, M|100/100\n|switch|p2b: Sylveon|Sylveon, L50, M|100/100\n|-ability|p2a: Aerodactyl|Unnerve\n|turn|1\n|\n|t:|1775961724\n|move|p2a: Aerodactyl|Tailwind|p2a: Aerodactyl\n|-sidestart|p2: Kailzer|move: Tailwind\n|move|p2b: Sylveon|Hyper Voice|p1a: Sinistcha|[spread] p1a,p1b\n|-resisted|p1b: Corviknight|1\n|-damage|p1a: Sinistcha|55/100\n|-damage|p1b: Corviknight|83/100\n|move|p1b: Corviknight|Body Press|p2a: Aerodactyl\n|-damage|p2a: Aerodactyl|68/100\n|move|p1a: Sinistcha|Trick Room|p1a: Sinistcha\n|-fieldstart|move: Trick Room|[of] p1a: Sinistcha\n|\n|-heal|p1a: Sinistcha|61/100|[from] item: Leftovers\n|upkeep\n|turn|2\n|\n|t:|1775961739\n|switch|p2a: Rotom|Rotom-Wash, L50|100/100\n|move|p1a: Sinistcha|Matcha Gotcha|p2a: Rotom|[spread] p2a,p2b\n|-supereffective|p2a: Rotom|1\n|-damage|p2a: Rotom|30/100\n|-heal|p1a: Sinistcha|86/100|[from] drain|[of] p2a: Rotom\n|-damage|p2b: Sylveon|77/100\n|-heal|p1a: Sinistcha|98/100|[from] drain|[of] p2b: Sylveon\n|move|p1b: Corviknight|Body Press|p2a: Rotom\n|-damage|p2a: Rotom|3/100\n|move|p2b: Sylveon|Hyper Voice|p1b: Corviknight|[spread] p1a,p1b\n|-resisted|p1b: Corviknight|1\n|-damage|p1a: Sinistcha|54/100\n|-damage|p1b: Corviknight|65/100\n|\n|-heal|p1a: Sinistcha|60/100|[from] item: Leftovers\n|upkeep\n|turn|3\n|\n|t:|1775961762\n|move|p1a: Sinistcha|Matcha Gotcha|p2a: Rotom|[spread] p2a,p2b\n|-supereffective|p2a: Rotom|1\n|-damage|p2a: Rotom|0 fnt\n|-heal|p1a: Sinistcha|61/100|[from] drain|[of] p2a: Rotom\n|-damage|p2b: Sylveon|54/100\n|-heal|p1a: Sinistcha|72/100|[from] drain|[of] p2b: Sylveon\n|faint|p2a: Rotom\n|move|p1b: Corviknight|Iron Defense|p1b: Corviknight\n|-boost|p1b: Corviknight|def|2\n|move|p2b: Sylveon|Hyper Voice|p1a: Sinistcha|[spread] p1a,p1b\n|-resisted|p1b: Corviknight|1\n|-damage|p1a: Sinistcha|30/100\n|-damage|p1b: Corviknight|45/100\n|\n|-heal|p1a: Sinistcha|36/100|[from] item: Leftovers\n|upkeep\n|\n|t:|1775961768\n|switch|p2a: Tyranitar|Tyranitar, L50, M|100/100\n|-weather|Sandstorm|[from] ability: Sand Stream|[of] p2a: Tyranitar\n|turn|4\n|\n|t:|1775961780\n|switch|p1a: Incineroar|Incineroar, L50, F|100/100\n|-ability|p1a: Incineroar|Intimidate|boost\n|-unboost|p2a: Tyranitar|atk|1\n|-unboost|p2b: Sylveon|atk|1\n|detailschange|p2a: Tyranitar|Tyranitar-Mega, L50, M\n|-mega|p2a: Tyranitar|Tyranitar|Tyranitarite\n|move|p1b: Corviknight|Roost|p1b: Corviknight\n|-heal|p1b: Corviknight|95/100\n|-singleturn|p1b: Corviknight|move: Roost\n|move|p2b: Sylveon|Hyper Voice|p1a: Incineroar|[spread] p1a,p1b\n|-resisted|p1b: Corviknight|1\n|-damage|p1a: Incineroar|57/100\n|-damage|p1b: Corviknight|77/100\n|move|p2a: Tyranitar|Knock Off|p1a: Incineroar\n|-resisted|p1a: Incineroar|1\n|-damage|p1a: Incineroar|36/100\n|-enditem|p1a: Incineroar|Chople Berry|[from] move: Knock Off|[of] p2a: Tyranitar\n|\n|-weather|Sandstorm|[upkeep]\n|-damage|p1a: Incineroar|30/100|[from] Sandstorm\n|-damage|p2b: Sylveon|48/100|[from] Sandstorm\n|-sideend|p2: Kailzer|move: Tailwind\n|upkeep\n|turn|5\n|\n|t:|1775961800\n|move|p2b: Sylveon|Protect|p2b: Sylveon\n|-singleturn|p2b: Sylveon|Protect\n|move|p2a: Tyranitar|Protect|p2a: Tyranitar\n|-singleturn|p2a: Tyranitar|Protect\n|move|p1a: Incineroar|Fake Out|p2b: Sylveon\n|-activate|p2b: Sylveon|move: Protect\n|move|p1b: Corviknight|Tailwind|p1b: Corviknight\n|-sidestart|p1: MrTestingPith|move: Tailwind\n|\n|-weather|Sandstorm|[upkeep]\n|-damage|p2b: Sylveon|42/100|[from] Sandstorm\n|-damage|p1a: Incineroar|24/100|[from] Sandstorm\n|-fieldend|move: Trick Room\n|upkeep\n|turn|6\n|\n|t:|1775961810\n|move|p1b: Corviknight|Body Press|p2a: Tyranitar\n|-supereffective|p2a: Tyranitar|2\n|-damage|p2a: Tyranitar|0 fnt\n|faint|p2a: Tyranitar\n|move|p1a: Incineroar|Flare Blitz|p2b: Sylveon\n|-damage|p2b: Sylveon|0 fnt\n|faint|p2b: Sylveon\n|-damage|p1a: Incineroar|12/100|[from] Recoil\n|\n|-weather|Sandstorm|[upkeep]\n|-damage|p1a: Incineroar|6/100|[from] Sandstorm\n|upkeep\n|\n|t:|1775961815\n|switch|p2b: Aerodactyl|Aerodactyl, L50, M|68/100\n|-ability|p2b: Aerodactyl|Unnerve\n|turn|7\n|\n|t:|1775961823\n|move|p1b: Corviknight|Body Press|p2b: Aerodactyl\n|-damage|p2b: Aerodactyl|6/100\n|move|p2b: Aerodactyl|Rock Slide|p1b: Corviknight|[spread] p1a,p1b\n|-supereffective|p1a: Incineroar|1\n|-damage|p1a: Incineroar|0 fnt\n|-damage|p1b: Corviknight|66/100\n|faint|p1a: Incineroar\n|\n|-weather|Sandstorm|[upkeep]\n|upkeep\n|\n|t:|1775961828\n|switch|p1a: Sinistcha|Sinistcha, L50|36/100\n|-heal|p1b: Corviknight|91/100|[from] ability: Hospitality|[of] p1a: Sinistcha\n|turn|8\n|-message|Kailzer forfeited.\n|\n|win|MrTestingPith\n|raw|MrTestingPith's rating: 1320 &rarr; <strong>1339</strong><br />(+19 for winning)\n|raw|Kailzer's rating: 1307 &rarr; <strong>1288</strong><br />(-19 for losing)\n|l|\u2606Kailzer\n|player|p2|\n",
  "uploadtime": 1775961868,
  "views": 64,
  "formatid": "gen9championsvgc2026regma",
  "rating": 1288,
  "private": 0,
  "password": null
}