{
  "id": "gen9championsvgc2026regma-2584375248",
  "format": "[Gen 9 Champions] VGC 2026 Reg M-A",
  "players": [
    "VerySpethal",
    "LovelyLizardLad"
  ],
  "log": "|j|\u2606VerySpethal\n|j|\u203dLovelyLizardLad\n|t:|1776256076\n|gametype|doubles\n|player|p1|VerySpethal|1|1231\n|player|p2|LovelyLizardLad|red|1272\n|gen|9\n|tier|[Gen 9 Champions] VGC 2026 Reg M-A\n|rated|\n|rule|Species Clause: Limit one of each Pok\u00e9mon\n|rule|Item Clause: Limit 1 of each item\n|clearpoke\n|poke|p1|Charizard, L50, F|\n|poke|p1|Sneasler, L50, F|\n|poke|p1|Garchomp, L50, F|\n|poke|p1|Venusaur, L50, M|\n|poke|p1|Incineroar, L50, F|\n|poke|p1|Rotom-Wash, L50|\n|poke|p2|Delphox, L50, F|\n|poke|p2|Basculegion, L50, M|\n|poke|p2|Clefable, L50, M|\n|poke|p2|Kingambit, L50, F|\n|poke|p2|Sneasler, L50, F|\n|poke|p2|Heliolisk, L50, F|\n|teampreview|4\n|inactive|Battle timer is ON: inactive players will automatically lose when time's up. (requested by LovelyLizardLad)\n|\n|t:|1776256119\n|teamsize|p1|4\n|teamsize|p2|4\n|start\n|switch|p1a: Rotom|Rotom-Wash, L50|100/100\n|switch|p1b: Garchomp|Garchomp, L50, F|100/100\n|switch|p2a: Sneasler|Sneasler, L50, F|100/100\n|switch|p2b: Delphox|Delphox, L50, F|100/100\n|turn|1\n|c|\u2606VerySpethal|Is the heliolisk for the basc mirror?\n|inactive|VerySpethal has 30 seconds left.\n|c|\u2606VerySpethal|Pretty sure it also 1 shots zard about 70% of the time with thunderbolt and a magnet\n|inactive|VerySpethal has 20 seconds left.\n|inactive|VerySpethal has 15 seconds left.\n|\n|t:|1776256160\n|detailschange|p2b: Delphox|Delphox-Mega, L50, F\n|-mega|p2b: Delphox|Delphox|Delphoxite\n|move|p2a: Sneasler|Fake Out|p1a: Rotom\n|-damage|p1a: Rotom|86/100\n|move|p1b: Garchomp|Rock Slide|p2a: Sneasler|[spread] p2a,p2b\n|-resisted|p2a: Sneasler|1\n|-supereffective|p2b: Delphox|1\n|-damage|p2a: Sneasler|84/100\n|-damage|p2b: Delphox|40/100\n|move|p2b: Delphox|Substitute|p2b: Delphox\n|-start|p2b: Delphox|Substitute\n|-damage|p2b: Delphox|16/100\n|cant|p1a: Rotom|flinch\n|\n|-heal|p1a: Rotom|92/100|[from] item: Leftovers\n|upkeep\n|turn|2\n|\n|t:|1776256186\n|move|p2b: Delphox|Protect|p2b: Delphox\n|-singleturn|p2b: Delphox|Protect\n|move|p1b: Garchomp|Rock Slide|p2a: Sneasler|[spread] p2a\n|-activate|p2b: Delphox|move: Protect\n|-resisted|p2a: Sneasler|1\n|-damage|p2a: Sneasler|69/100\n|cant|p2a: Sneasler|flinch\n|move|p1a: Rotom|Thunderbolt|p2b: Delphox\n|-activate|p2b: Delphox|move: Protect\n|\n|-heal|p1a: Rotom|97/100|[from] item: Leftovers\n|upkeep\n|turn|3\n|\n|t:|1776256197\n|move|p1b: Garchomp|Rock Slide|p2a: Sneasler|[spread] p2a,p2b\n|-supereffective|p2b: Delphox|1\n|-end|p2b: Delphox|Substitute\n|-resisted|p2a: Sneasler|1\n|-damage|p2a: Sneasler|52/100\n|move|p2b: Delphox|Psychic|p1b: Garchomp\n|-damage|p1b: Garchomp|46/100\n|cant|p2a: Sneasler|flinch\n|move|p1a: Rotom|Thunderbolt|p2b: Delphox\n|-damage|p2b: Delphox|0 fnt\n|faint|p2b: Delphox\n|\n|-heal|p1a: Rotom|100/100|[from] item: Leftovers\n|upkeep\n|\n|t:|1776256202\n|switch|p2b: Kingambit|Kingambit, L50, F|100/100\n|turn|4\n|\n|t:|1776256212\n|switch|p1b: Sneasler|Sneasler, L50, F|100/100\n|move|p2b: Kingambit|Sucker Punch||[still]\n|-fail|p2b: Kingambit\n|move|p2a: Sneasler|Dire Claw|p1a: Rotom\n|-damage|p1a: Rotom|58/100\n|move|p1a: Rotom|Will-O-Wisp|p2b: Kingambit\n|-status|p2b: Kingambit|brn\n|\n|-heal|p1a: Rotom|64/100|[from] item: Leftovers\n|-damage|p2b: Kingambit|95/100 brn|[from] brn\n|upkeep\n|turn|5\n|-message|LovelyLizardLad forfeited.\n|\n|win|VerySpethal\n|raw|VerySpethal's rating: 1231 &rarr; <strong>1259</strong><br />(+28 for winning)\n|raw|LovelyLizardLad's rating: 1272 &rarr; <strong>1244</strong><br />(-28 for losing)\n",
  "uploadtime": 1776256222,
  "views": 39,
  "formatid": "gen9championsvgc2026regma",
  "rating": 1244,
  "private": 0,
  "password": null
}