{
  "id": "gen9championsvgc2026regma-2581252954",
  "format": "[Gen 9 Champions] VGC 2026 Reg M-A",
  "players": [
    "sdbjj",
    "Burgerboy18"
  ],
  "log": "|j|\u2606sdbjj\n|j|\u2606Burgerboy18\n|t:|1775976683\n|gametype|doubles\n|player|p1|sdbjj|266|1115\n|player|p2|Burgerboy18|101|1184\n|gen|9\n|tier|[Gen 9 Champions] VGC 2026 Reg M-A\n|rated|\n|rule|Species Clause: Limit one of each Pok\u00e9mon\n|rule|Item Clause: Limit 1 of each item\n|clearpoke\n|poke|p1|Meganium, L50, F|\n|poke|p1|Archaludon, L50, M|\n|poke|p1|Pelipper, L50, M|\n|poke|p1|Basculegion, L50, M|\n|poke|p1|Aerodactyl, L50, F|\n|poke|p1|Sneasler, L50, M|\n|poke|p2|Scizor, L50, F|\n|poke|p2|Gengar, L50, F|\n|poke|p2|Aerodactyl, L50, M|\n|poke|p2|Incineroar, L50, F|\n|poke|p2|Primarina, L50, M|\n|poke|p2|Raichu, L50, F|\n|teampreview|4\n|\n|t:|1775976732\n|teamsize|p1|4\n|teamsize|p2|4\n|start\n|switch|p1a: Pelipper|Pelipper, L50, M|100/100\n|switch|p1b: Meganium|Meganium, L50, F|100/100\n|switch|p2a: Gengar|Gengar, L50, F|100/100\n|switch|p2b: Raichu|Raichu, L50, F|100/100\n|-weather|RainDance|[from] ability: Drizzle|[of] p1a: Pelipper\n|turn|1\n|inactive|Battle timer is ON: inactive players will automatically lose when time's up. (requested by sdbjj)\n|\n|t:|1775976755\n|detailschange|p2a: Gengar|Gengar-Mega, L50, F\n|-mega|p2a: Gengar|Gengar|Gengarite\n|move|p1b: Meganium|Protect|p1b: Meganium\n|-singleturn|p1b: Meganium|Protect\n|move|p2b: Raichu|Fake Out|p1a: Pelipper\n|-damage|p1a: Pelipper|90/100\n|move|p2a: Gengar|Perish Song|p2a: Gengar\n|-start|p1a: Pelipper|perish3|[silent]\n|-start|p1b: Meganium|perish3|[silent]\n|-start|p2a: Gengar|perish3|[silent]\n|-start|p2b: Raichu|perish3|[silent]\n|-fieldactivate|move: Perish Song\n|cant|p1a: Pelipper|flinch\n|\n|-weather|RainDance|[upkeep]\n|-start|p2a: Gengar|perish3\n|-start|p1a: Pelipper|perish3\n|-start|p2b: Raichu|perish3\n|-start|p1b: Meganium|perish3\n|upkeep\n|turn|2\n|inactive|Burgerboy18 has 30 seconds left.\n|\n|t:|1775976782\n|switch|p2b: Scizor|Scizor, L50, F|100/100\n|detailschange|p1b: Meganium|Meganium-Mega, L50, F\n|-mega|p1b: Meganium|Meganium|Meganiumite\n|move|p2a: Gengar|Sludge Wave|p1a: Pelipper|[spread] p1a,p1b\n|-immune|p2b: Scizor\n|-supereffective|p1b: Meganium|2\n|-damage|p1a: Pelipper|8/100\n|-damage|p1b: Meganium|0 fnt\n|-status|p1a: Pelipper|psn\n|faint|p1b: Meganium\n|move|p1a: Pelipper|U-turn|p2b: Scizor\n|-resisted|p2b: Scizor|1\n|-damage|p2b: Scizor|95/100\n|\n|t:|1775976797\n|switch|p1a: Basculegion|Basculegion, L50, M|100/100|[from] U-turn\n|\n|-weather|RainDance|[upkeep]\n|-start|p2a: Gengar|perish2\n|upkeep\n|\n|t:|1775976804\n|switch|p1b: Archaludon|Archaludon, L50, M|100/100\n|turn|3\n|\n|t:|1775976827\n|switch|p2b: Raichu|Raichu, L50, F|100/100\n|move|p1a: Basculegion|Wave Crash|p2b: Raichu\n|-damage|p2b: Raichu|0 fnt\n|faint|p2b: Raichu\n|-damage|p1a: Basculegion|73/100|[from] Recoil\n|move|p2a: Gengar|Shadow Ball|p1a: Basculegion\n|-supereffective|p1a: Basculegion|1\n|-damage|p1a: Basculegion|0 fnt\n|faint|p1a: Basculegion\n|move|p1b: Archaludon|Electro Shot||[still]\n|-prepare|p1b: Archaludon|Electro Shot\n|-boost|p1b: Archaludon|spa|1\n|-anim|p1b: Archaludon|Electro Shot|p2a: Gengar\n|-damage|p2a: Gengar|4/100\n|\n|-weather|RainDance|[upkeep]\n|-start|p2a: Gengar|perish1\n|upkeep\n|\n|t:|1775976847\n|switch|p2b: Scizor|Scizor, L50, F|95/100\n|switch|p1a: Pelipper|Pelipper, L50, M|8/100 psn\n|turn|4\n|\n|t:|1775976867\n|move|p2b: Scizor|Bullet Punch|p1a: Pelipper\n|-resisted|p1a: Pelipper|1\n|-damage|p1a: Pelipper|0 fnt\n|faint|p1a: Pelipper\n|move|p2a: Gengar|Perish Song|p2a: Gengar\n|-start|p1b: Archaludon|perish3|[silent]\n|-start|p2b: Scizor|perish3|[silent]\n|-fieldactivate|move: Perish Song\n|move|p1b: Archaludon|Electro Shot||[still]\n|-prepare|p1b: Archaludon|Electro Shot\n|-boost|p1b: Archaludon|spa|1\n|-anim|p1b: Archaludon|Electro Shot|p2a: Gengar\n|-damage|p2a: Gengar|0 fnt\n|faint|p2a: Gengar\n|\n|-weather|RainDance|[upkeep]\n|-start|p2b: Scizor|perish3\n|-start|p1b: Archaludon|perish3\n|upkeep\n|\n|t:|1775976878\n|switch|p2a: Aerodactyl|Aerodactyl, L50, M|100/100\n|-ability|p2a: Aerodactyl|Unnerve\n|turn|5\n|\n|t:|1775976889\n|move|p2a: Aerodactyl|Rock Slide|p1b: Archaludon\n|-resisted|p1b: Archaludon|1\n|-damage|p1b: Archaludon|86/100\n|-ability|p1b: Archaludon|Stamina|boost\n|-boost|p1b: Archaludon|def|1\n|move|p2b: Scizor|Bug Bite|p1b: Archaludon\n|-resisted|p1b: Archaludon|1\n|-damage|p1b: Archaludon|72/100\n|-ability|p1b: Archaludon|Stamina|boost\n|-boost|p1b: Archaludon|def|1\n|move|p1b: Archaludon|Flash Cannon|p2a: Aerodactyl\n|-supereffective|p2a: Aerodactyl|1\n|-enditem|p2a: Aerodactyl|Focus Sash\n|-damage|p2a: Aerodactyl|1/100\n|\n|-weather|none\n|-heal|p1b: Archaludon|78/100|[from] item: Leftovers\n|-start|p2b: Scizor|perish2\n|-start|p1b: Archaludon|perish2\n|upkeep\n|turn|6\n|\n|t:|1775976909\n|move|p2a: Aerodactyl|Protect|p2a: Aerodactyl\n|-singleturn|p2a: Aerodactyl|Protect\n|move|p2b: Scizor|Protect|p2b: Scizor\n|-singleturn|p2b: Scizor|Protect\n|move|p1b: Archaludon|Flash Cannon|p2a: Aerodactyl\n|-activate|p2a: Aerodactyl|move: Protect\n|\n|-heal|p1b: Archaludon|84/100|[from] item: Leftovers\n|-start|p2b: Scizor|perish1\n|-start|p1b: Archaludon|perish1\n|upkeep\n|turn|7\n|-message|sdbjj forfeited.\n|\n|win|Burgerboy18\n|raw|sdbjj's rating: 1115 &rarr; <strong>1095</strong><br />(-20 for losing)\n|raw|Burgerboy18's rating: 1184 &rarr; <strong>1204</strong><br />(+20 for winning)\n|l|\u2606sdbjj\n|player|p1|\n",
  "uploadtime": 1775976918,
  "views": 23,
  "formatid": "gen9championsvgc2026regma",
  "rating": 1095,
  "private": 0,
  "password": null
}