{
  "id": "gen9championsvgc2026regma-2583167553",
  "format": "[Gen 9 Champions] VGC 2026 Reg M-A",
  "players": [
    "Dets",
    "AAAlelele"
  ],
  "log": "|j|\u2606Dets\n|j|\u2606AAAlelele\n|t:|1776150233\n|gametype|doubles\n|player|p1|Dets|steven|1062\n|player|p2|AAAlelele|ninjaboy|1158\n|gen|9\n|tier|[Gen 9 Champions] VGC 2026 Reg M-A\n|rated|\n|rule|Species Clause: Limit one of each Pok\u00e9mon\n|rule|Item Clause: Limit 1 of each item\n|clearpoke\n|poke|p1|Gengar, L50, F|\n|poke|p1|Aegislash, L50, F|\n|poke|p1|Aerodactyl, L50, F|\n|poke|p1|Garchomp, L50, M|\n|poke|p1|Tyranitar, L50, F|\n|poke|p1|Sinistcha, L50|\n|poke|p2|Lucario, L50, M|\n|poke|p2|Aerodactyl, L50, M|\n|poke|p2|Dragapult, L50, M|\n|poke|p2|Kingambit, L50, M|\n|poke|p2|Charizard, L50, M|\n|poke|p2|Ninetales, L50, F|\n|teampreview|4\n|inactive|Battle timer is ON: inactive players will automatically lose when time's up. (requested by Dets)\n|inactive|AAAlelele has 60 seconds left.\n|inactive|AAAlelele has 30 seconds left.\n|\n|t:|1776150294\n|teamsize|p1|4\n|teamsize|p2|4\n|start\n|switch|p1a: Aerodactyl|Aerodactyl, L50, F|100/100\n|switch|p1b: Garchomp|Garchomp, L50, M|100/100\n|switch|p2a: Dragapult|Dragapult, L50, M|100/100\n|switch|p2b: Aerodactyl|Aerodactyl, L50, M|100/100\n|-ability|p2b: Aerodactyl|Unnerve\n|-ability|p1a: Aerodactyl|Unnerve\n|turn|1\n|\n|t:|1776150313\n|switch|p1b: Tyranitar|Tyranitar, L50, F|100/100\n|-weather|Sandstorm|[from] ability: Sand Stream|[of] p1b: Tyranitar\n|move|p2a: Dragapult|Protect|p2a: Dragapult\n|-singleturn|p2a: Dragapult|Protect\n|move|p1a: Aerodactyl|Stealth Rock|p2b: Aerodactyl\n|-sidestart|p2: AAAlelele|move: Stealth Rock\n|move|p2b: Aerodactyl|Tailwind|p2b: Aerodactyl\n|-sidestart|p2: AAAlelele|move: Tailwind\n|\n|-weather|Sandstorm|[upkeep]\n|-damage|p2a: Dragapult|95/100|[from] Sandstorm\n|upkeep\n|turn|2\n|inactive|AAAlelele has 30 seconds left.\n|\n|t:|1776150340\n|switch|p2a: Lucario|Lucario, L50, M, shiny|100/100\n|-damage|p2a: Lucario|98/100|[from] Stealth Rock\n|move|p2b: Aerodactyl|Rock Slide|p1b: Tyranitar|[spread] p1a,p1b\n|-supereffective|p1a: Aerodactyl|1\n|-damage|p1a: Aerodactyl|24/100\n|-damage|p1b: Tyranitar|80/100\n|move|p1a: Aerodactyl|Rock Slide|p2b: Aerodactyl|[spread] p2a,p2b\n|-resisted|p2a: Lucario|2\n|-supereffective|p2b: Aerodactyl|1\n|-damage|p2a: Lucario|86/100\n|-damage|p2b: Aerodactyl|24/100\n|move|p1b: Tyranitar|Knock Off|p2a: Lucario\n|-resisted|p2a: Lucario|1\n|-damage|p2a: Lucario|49/100\n|\n|-weather|Sandstorm|[upkeep]\n|upkeep\n|turn|3\n|inactive|Dets has 30 seconds left.\n|\n|t:|1776150371\n|detailschange|p2a: Lucario|Lucario-Mega, L50, M, shiny\n|-mega|p2a: Lucario|Lucario|Lucarionite\n|move|p1a: Aerodactyl|Wide Guard|p1a: Aerodactyl\n|-singleturn|p1a: Aerodactyl|Wide Guard\n|move|p2a: Lucario|Bullet Punch|p1b: Tyranitar\n|-supereffective|p1b: Tyranitar|1\n|-damage|p1b: Tyranitar|28/100\n|move|p2b: Aerodactyl|Rock Slide|p1a: Aerodactyl|[spread] \n|-activate|p1a: Aerodactyl|move: Wide Guard\n|-activate|p1b: Tyranitar|move: Wide Guard\n|move|p1b: Tyranitar|Rock Slide|p2b: Aerodactyl|[spread] p2a,p2b\n|-resisted|p2a: Lucario|2\n|-supereffective|p2b: Aerodactyl|1\n|-damage|p2a: Lucario|36/100\n|-damage|p2b: Aerodactyl|0 fnt\n|faint|p2b: Aerodactyl\n|\n|-weather|Sandstorm|[upkeep]\n|upkeep\n|\n|t:|1776150381\n|switch|p2b: Dragapult|Dragapult, L50, M|95/100\n|-damage|p2b: Dragapult|82/100|[from] Stealth Rock\n|turn|4\n|inactive|AAAlelele has 30 seconds left.\n|\n|t:|1776150409\n|switch|p1b: Garchomp|Garchomp, L50, M|100/100\n|move|p2a: Lucario|Bullet Punch|p1b: Garchomp\n|-damage|p1b: Garchomp|70/100\n|-damage|p2a: Lucario|24/100|[from] ability: Rough Skin|[of] p1b: Garchomp\n|move|p2b: Dragapult|Dragon Darts|p1a: Aerodactyl\n|-damage|p1a: Aerodactyl|0 fnt\n|-anim|p2b: Dragapult|Dragon Darts|p1b: Garchomp\n|-supereffective|p1b: Garchomp|1\n|-damage|p1b: Garchomp|9/100\n|faint|p1a: Aerodactyl\n|\n|-weather|Sandstorm|[upkeep]\n|-damage|p2b: Dragapult|77/100|[from] Sandstorm\n|-sideend|p2: AAAlelele|move: Tailwind\n|upkeep\n|\n|t:|1776150418\n|switch|p1a: Tyranitar|Tyranitar, L50, F|28/100\n|turn|5\n|\n|t:|1776150426\n|move|p1a: Tyranitar|Helping Hand|p1b: Garchomp\n|-singleturn|p1b: Garchomp|Helping Hand|[of] p1a: Tyranitar\n|move|p2a: Lucario|Bullet Punch|p1a: Tyranitar\n|-supereffective|p1a: Tyranitar|1\n|-damage|p1a: Tyranitar|0 fnt\n|faint|p1a: Tyranitar\n|move|p1b: Garchomp|Earthquake|p2a: Lucario|[spread] p2a,p2b\n|-supereffective|p2a: Lucario|1\n|-damage|p2a: Lucario|0 fnt\n|-damage|p2b: Dragapult|5/100\n|faint|p2a: Lucario\n|move|p2b: Dragapult|Dragon Darts|p1b: Garchomp\n|-supereffective|p1b: Garchomp|1\n|-damage|p1b: Garchomp|0 fnt\n|faint|p1b: Garchomp\n|\n|-weather|none\n|upkeep\n|\n|t:|1776150436\n|switch|p2a: Ninetales|Ninetales, L50, F|100/100\n|switch|p1a: Gengar|Gengar, L50, F|100/100\n|-damage|p2a: Ninetales|75/100|[from] Stealth Rock\n|-weather|SunnyDay|[from] ability: Drought|[of] p2a: Ninetales\n|turn|6\n|\n|t:|1776150448\n|detailschange|p1a: Gengar|Gengar-Mega, L50, F\n|-mega|p1a: Gengar|Gengar|Gengarite\n|move|p2b: Dragapult|Phantom Force||[still]\n|-prepare|p2b: Dragapult|Phantom Force\n|move|p1a: Gengar|Shadow Ball|p2b: Dragapult|[miss]\n|-miss|p1a: Gengar|p2b: Dragapult\n|move|p2a: Ninetales|Heat Wave|p1a: Gengar\n|-crit|p1a: Gengar\n|-damage|p1a: Gengar|6/100\n|\n|-weather|SunnyDay|[upkeep]\n|upkeep\n|turn|7\n|c|\u2606Dets|gg\n|-message|Dets forfeited.\n|\n|win|AAAlelele\n|raw|Dets's rating: 1062 &rarr; <strong>1048</strong><br />(-14 for losing)\n|raw|AAAlelele's rating: 1158 &rarr; <strong>1176</strong><br />(+18 for winning)\n|l|\u2606Dets\n|player|p1|\n",
  "uploadtime": 1776150476,
  "views": 17,
  "formatid": "gen9championsvgc2026regma",
  "rating": 1048,
  "private": 0,
  "password": null
}