{
  "id": "gen9championsvgc2026regma-2580911676",
  "format": "[Gen 9 Champions] VGC 2026 Reg M-A",
  "players": [
    "abcdtomato",
    "Lippix"
  ],
  "log": "|j|\u2606abcdtomato\n|j|\u2606Lippix\n|t:|1775942685\n|gametype|doubles\n|player|p1|abcdtomato|1|1000\n|player|p2|Lippix|clown|1056\n|gen|9\n|tier|[Gen 9 Champions] VGC 2026 Reg M-A\n|rated|\n|rule|Species Clause: Limit one of each Pok\u00e9mon\n|rule|Item Clause: Limit 1 of each item\n|clearpoke\n|poke|p1|Floette-Eternal, L50, F|\n|poke|p1|Aerodactyl, L50, M|\n|poke|p1|Incineroar, L50, M|\n|poke|p1|Garchomp, L50, F|\n|poke|p1|Sneasler, L50, F|\n|poke|p1|Basculegion, L50, M|\n|poke|p2|Arcanine, L50, M|\n|poke|p2|Rotom-Wash, L50|\n|poke|p2|Garchomp, L50, F|\n|poke|p2|Gardevoir, L50, M|\n|poke|p2|Sinistcha, L50|\n|poke|p2|Tyranitar, L50, M|\n|teampreview|4\n|\n|t:|1775942713\n|teamsize|p1|4\n|teamsize|p2|4\n|start\n|switch|p1a: Floette|Floette-Eternal, L50, F|100/100\n|switch|p1b: Aerodactyl|Aerodactyl, L50, M|100/100\n|switch|p2a: Gardevoir|Gardevoir, L50, M|100/100\n|switch|p2b: Arcanine|Arcanine, L50, M|100/100\n|-ability|p1b: Aerodactyl|Unnerve\n|-ability|p2b: Arcanine|Intimidate|boost\n|-unboost|p1a: Floette|atk|1\n|-unboost|p1b: Aerodactyl|atk|1\n|turn|1\n|\n|t:|1775942752\n|switch|p1a: Incineroar|Incineroar, L50, M|100/100\n|-ability|p1a: Incineroar|Intimidate|boost\n|-unboost|p2a: Gardevoir|atk|1\n|-unboost|p2b: Arcanine|atk|1\n|detailschange|p2a: Gardevoir|Gardevoir-Mega, L50, M\n|-mega|p2a: Gardevoir|Gardevoir|Gardevoirite\n|move|p1b: Aerodactyl|Rock Slide|p2a: Gardevoir|[spread] p2a,p2b\n|-crit|p2a: Gardevoir\n|-supereffective|p2b: Arcanine|1\n|-damage|p2a: Gardevoir|50/100\n|-damage|p2b: Arcanine|60/100\n|cant|p2b: Arcanine|flinch\n|move|p2a: Gardevoir|Hyper Voice|p1b: Aerodactyl|[spread] p1a,p1b\n|-damage|p1a: Incineroar|58/100\n|-damage|p1b: Aerodactyl|13/100\n|\n|upkeep\n|turn|2\n|inactive|Battle timer is ON: inactive players will automatically lose when time's up. (requested by abcdtomato)\n|\n|t:|1775942803\n|move|p2a: Gardevoir|Protect|p2a: Gardevoir\n|-singleturn|p2a: Gardevoir|Protect\n|move|p1a: Incineroar|Fake Out|p2a: Gardevoir\n|-activate|p2a: Gardevoir|move: Protect\n|move|p1b: Aerodactyl|Rock Slide|p2a: Gardevoir|[spread] p2b\n|-activate|p2a: Gardevoir|move: Protect\n|-supereffective|p2b: Arcanine|1\n|-damage|p2b: Arcanine|25/100\n|cant|p2b: Arcanine|flinch\n|\n|upkeep\n|turn|3\n|\n|t:|1775942826\n|switch|p2b: Sinistcha|Sinistcha, L50|100/100\n|-heal|p2a: Gardevoir|75/100|[from] ability: Hospitality|[of] p2b: Sinistcha\n|move|p1a: Incineroar|Helping Hand|p1b: Aerodactyl\n|-singleturn|p1b: Aerodactyl|Helping Hand|[of] p1a: Incineroar\n|move|p2a: Gardevoir|Vacuum Wave|p1b: Aerodactyl\n|-damage|p1b: Aerodactyl|0 fnt\n|faint|p1b: Aerodactyl\n|\n|upkeep\n|\n|t:|1775942842\n|switch|p1b: Basculegion|Basculegion, L50, M|100/100\n|turn|4\n|inactive|abcdtomato has 30 seconds left.\n|\n|t:|1775942869\n|move|p2b: Sinistcha|Rage Powder|p2b: Sinistcha\n|-singleturn|p2b: Sinistcha|move: Rage Powder\n|move|p1b: Basculegion|Last Respects|p2b: Sinistcha\n|-supereffective|p2b: Sinistcha|1\n|-damage|p2b: Sinistcha|11/100\n|move|p2a: Gardevoir|Hyper Voice|p1a: Incineroar|[spread] p1a,p1b\n|-damage|p1a: Incineroar|20/100\n|-damage|p1b: Basculegion|39/100\n|-enditem|p1a: Incineroar|Sitrus Berry|[eat]\n|-heal|p1a: Incineroar|45/100|[from] item: Sitrus Berry\n|move|p1a: Incineroar|Flare Blitz|p2b: Sinistcha\n|-supereffective|p2b: Sinistcha|1\n|-crit|p2b: Sinistcha\n|-damage|p2b: Sinistcha|0 fnt\n|faint|p2b: Sinistcha\n|-damage|p1a: Incineroar|42/100|[from] Recoil\n|\n|upkeep\n|\n|t:|1775942887\n|switch|p2b: Rotom|Rotom-Wash, L50|100/100\n|turn|5\n|\n|t:|1775942901\n|move|p2a: Gardevoir|Protect|p2a: Gardevoir\n|-singleturn|p2a: Gardevoir|Protect\n|move|p1b: Basculegion|Last Respects|p2a: Gardevoir\n|-activate|p2a: Gardevoir|move: Protect\n|move|p2b: Rotom|Volt Switch|p1b: Basculegion\n|-supereffective|p1b: Basculegion|1\n|-damage|p1b: Basculegion|0 fnt\n|faint|p1b: Basculegion\n|\n|t:|1775942910\n|switch|p2b: Arcanine|Arcanine, L50, M|25/100|[from] Volt Switch\n|-enditem|p2b: Arcanine|Sitrus Berry|[eat]\n|-heal|p2b: Arcanine|50/100|[from] item: Sitrus Berry\n|-ability|p2b: Arcanine|Intimidate|boost\n|-unboost|p1a: Incineroar|atk|1\n|move|p1a: Incineroar|Parting Shot|p2a: Gardevoir\n|-activate|p2a: Gardevoir|move: Protect\n|\n|upkeep\n|\n|t:|1775942920\n|switch|p1b: Floette|Floette-Eternal, L50, F|100/100\n|turn|6\n|\n|t:|1775942929\n|detailschange|p1b: Floette|Floette-Mega, L50, F\n|-mega|p1b: Floette|Floette|Floettite\n|-ability|p1b: Floette|Fairy Aura\n|move|p1a: Incineroar|Helping Hand|p1b: Floette\n|-singleturn|p1b: Floette|Helping Hand|[of] p1a: Incineroar\n|move|p2b: Arcanine|Flare Blitz|p1b: Floette\n|-damage|p1b: Floette|43/100\n|-damage|p2b: Arcanine|35/100|[from] Recoil\n|move|p1b: Floette|Dazzling Gleam|p2b: Arcanine|[spread] p2a,p2b\n|-crit|p2a: Gardevoir\n|-resisted|p2b: Arcanine|1\n|-damage|p2a: Gardevoir|0 fnt\n|-damage|p2b: Arcanine|0 fnt\n|faint|p2a: Gardevoir\n|faint|p2b: Arcanine\n|\n|upkeep\n|\n|t:|1775942944\n|switch|p2b: Rotom|Rotom-Wash, L50|100/100\n|turn|7\n|\n|t:|1775942951\n|move|p1a: Incineroar|Helping Hand|p1b: Floette\n|-singleturn|p1b: Floette|Helping Hand|[of] p1a: Incineroar\n|move|p2b: Rotom|Discharge|p1a: Incineroar|[spread] p1a,p1b\n|-damage|p1a: Incineroar|20/100\n|-damage|p1b: Floette|15/100\n|-status|p1b: Floette|par\n|move|p1b: Floette|Moonblast|p2b: Rotom\n|-damage|p2b: Rotom|0 fnt\n|faint|p2b: Rotom\n|\n|win|abcdtomato\n|raw|abcdtomato's rating: 1000 &rarr; <strong>1049</strong><br />(+49 for winning)\n|raw|Lippix's rating: 1083 &rarr; <strong>1055</strong><br />(-28 for losing)\n|n|\u2606abcdtomato|abcdtomato\n",
  "uploadtime": 1775943002,
  "views": 17,
  "formatid": "gen9championsvgc2026regma",
  "rating": 1049,
  "private": 0,
  "password": null
}