{
  "id": "gen9championsvgc2026regma-2582771403",
  "format": "[Gen 9 Champions] VGC 2026 Reg M-A",
  "players": [
    "MilkmanMiltank",
    "7/11 doughnuts"
  ],
  "log": "|j|\u2606MilkmanMiltank\n|j|\u26067/11 doughnuts\n|t:|1776112964\n|gametype|doubles\n|player|p1|MilkmanMiltank|pokemonbreeder-gen4|1133\n|player|p2|7/11 doughnuts|101|1124\n|gen|9\n|tier|[Gen 9 Champions] VGC 2026 Reg M-A\n|rated|\n|rule|Species Clause: Limit one of each Pok\u00e9mon\n|rule|Item Clause: Limit 1 of each item\n|clearpoke\n|poke|p1|Torkoal, L50, F|\n|poke|p1|Oranguru, L50, F|\n|poke|p1|Clefable, L50, M|\n|poke|p1|Rhyperior, L50, F|\n|poke|p1|Rotom-Wash, L50|\n|poke|p1|Sinistcha, L50|\n|poke|p2|Incineroar, L50, F|\n|poke|p2|Sneasler, L50, F|\n|poke|p2|Maushold, L50|\n|poke|p2|Volcarona, L50, F|\n|poke|p2|Gallade, L50, M|\n|poke|p2|Oranguru, L50, M|\n|teampreview|4\n7/11 doughnuts rejected open team sheets.\n|inactive|Battle timer is ON: inactive players will automatically lose when time's up. (requested by 7/11 doughnuts)\n|\n|t:|1776113003\n|teamsize|p1|4\n|teamsize|p2|4\n|start\n|switch|p1a: The Gogurt|Oranguru, L50, F, shiny|100/100\n|switch|p1b: The Eggs & Bacon|Rhyperior, L50, F, shiny|100/100\n|switch|p2a: Sneasler|Sneasler, L50, F|100/100\n|switch|p2b: Oranguru|Oranguru, L50, M|100/100\n|turn|1\n|inactive|7/11 doughnuts has 30 seconds left.\n|\n|t:|1776113031\n|move|p2a: Sneasler|Fake Out|p1b: The Eggs & Bacon\n|-resisted|p1b: The Eggs & Bacon|1\n|-damage|p1b: The Eggs & Bacon|95/100\n|-status|p1b: The Eggs & Bacon|psn|[from] ability: Poison Touch|[of] p2a: Sneasler\n|move|p1a: The Gogurt|Instruct||[still]\n|-fail|p1a: The Gogurt\n|move|p2b: Oranguru|Yawn|p1a: The Gogurt\n|-start|p1a: The Gogurt|move: Yawn|[of] p2b: Oranguru\n|cant|p1b: The Eggs & Bacon|flinch\n|\n|-damage|p1b: The Eggs & Bacon|82/100 psn|[from] psn\n|upkeep\n|turn|2\n|inactive|7/11 doughnuts has 30 seconds left.\n|\n|t:|1776113060\n|switch|p1a: The Fresh Steep|Sinistcha, L50, shiny|100/100\n|-heal|p1b: The Eggs & Bacon|100/100 psn|[from] ability: Hospitality|[of] p1a: The Fresh Steep\n|move|p2a: Sneasler|U-turn|p1a: The Fresh Steep\n|-damage|p1a: The Fresh Steep|71/100\n|\n|t:|1776113068\n|switch|p2a: Volcarona|Volcarona, L50, F|100/100|[from] U-turn\n|move|p2b: Oranguru|Instruct||[still]\n|-fail|p2b: Oranguru\n|move|p1b: The Eggs & Bacon|Earthquake|p2a: Volcarona|[spread] p1a,p2a,p2b\n|-resisted|p1a: The Fresh Steep|1\n|-damage|p1a: The Fresh Steep|47/100\n|-damage|p2a: Volcarona|59/100\n|-damage|p2b: Oranguru|50/100\n|\n|-heal|p2b: Oranguru|56/100|[from] item: Leftovers\n|-damage|p1b: The Eggs & Bacon|88/100 psn|[from] psn\n|upkeep\n|turn|3\n|inactive|MilkmanMiltank has 30 seconds left.\n|inactive|7/11 doughnuts has 30 seconds left.\n|\n|t:|1776113100\n|switch|p1a: The Fruit Smoothie|Clefable, L50, M, shiny|100/100\n|switch|p2b: Sneasler|Sneasler, L50, F|100/100\n|move|p1b: The Eggs & Bacon|Protect|p1b: The Eggs & Bacon\n|-singleturn|p1b: The Eggs & Bacon|Protect\n|move|p2a: Volcarona|Heat Wave|p1a: The Fruit Smoothie|[spread] p1a\n|-activate|p1b: The Eggs & Bacon|move: Protect\n|-damage|p1a: The Fruit Smoothie|65/100\n|\n|-damage|p1b: The Eggs & Bacon|75/100 psn|[from] psn\n|upkeep\n|turn|4\n|\n|t:|1776113118\n|detailschange|p1a: The Fruit Smoothie|Clefable-Mega, L50, M, shiny\n|-mega|p1a: The Fruit Smoothie|Clefable|Clefablite\n|move|p1a: The Fruit Smoothie|Follow Me|p1a: The Fruit Smoothie\n|-singleturn|p1a: The Fruit Smoothie|move: Follow Me\n|move|p2b: Sneasler|Close Combat|p1a: The Fruit Smoothie\n|-resisted|p1a: The Fruit Smoothie|2\n|-damage|p1a: The Fruit Smoothie|49/100\n|-unboost|p2b: Sneasler|def|1\n|-unboost|p2b: Sneasler|spd|1\n|-status|p1a: The Fruit Smoothie|psn|[from] ability: Poison Touch|[of] p2b: Sneasler\n|move|p2a: Volcarona|Heat Wave|p1b: The Eggs & Bacon|[spread] p1a,p1b\n|-resisted|p1b: The Eggs & Bacon|1\n|-damage|p1a: The Fruit Smoothie|17/100 psn\n|-damage|p1b: The Eggs & Bacon|58/100 psn\n|move|p1b: The Eggs & Bacon|Rock Slide|p2a: Volcarona|[spread] p2a,p2b\n|-supereffective|p2a: Volcarona|2\n|-enditem|p2a: Volcarona|Charti Berry|[eat]\n|-enditem|p2a: Volcarona|Charti Berry|[weaken]\n|-resisted|p2b: Sneasler|1\n|-crit|p2b: Sneasler\n|-damage|p2a: Volcarona|0 fnt\n|-damage|p2b: Sneasler|18/100\n|faint|p2a: Volcarona\n|\n|-damage|p1a: The Fruit Smoothie|5/100 psn|[from] psn\n|-damage|p1b: The Eggs & Bacon|46/100 psn|[from] psn\n|upkeep\n|\n|t:|1776113136\n|switch|p2a: Gallade|Gallade, L50, M|100/100\n|turn|5\n|\n|t:|1776113148\n|detailschange|p2a: Gallade|Gallade-Mega, L50, M\n|-mega|p2a: Gallade|Gallade|Galladite\n|move|p1b: The Eggs & Bacon|Protect|p1b: The Eggs & Bacon\n|-singleturn|p1b: The Eggs & Bacon|Protect\n|move|p2b: Sneasler|U-turn|p1a: The Fruit Smoothie\n|-resisted|p1a: The Fruit Smoothie|2\n|-damage|p1a: The Fruit Smoothie|0 fnt\n|faint|p1a: The Fruit Smoothie\n|\n|t:|1776113154\n|switch|p2b: Oranguru|Oranguru, L50, M|56/100|[from] U-turn\n|move|p2a: Gallade|Sacred Sword|p1b: The Eggs & Bacon\n|-activate|p1b: The Eggs & Bacon|move: Protect\n|\n|-heal|p2b: Oranguru|62/100|[from] item: Leftovers\n|-damage|p1b: The Eggs & Bacon|33/100 psn|[from] psn\n|upkeep\n|\n|t:|1776113160\n|switch|p1a: The Fresh Steep|Sinistcha, L50, shiny|47/100\n|-heal|p1b: The Eggs & Bacon|58/100 psn|[from] ability: Hospitality|[of] p1a: The Fresh Steep\n|turn|6\n|inactive|MilkmanMiltank has 30 seconds left.\n|\n|t:|1776113187\n|switch|p1b: The Gogurt|Oranguru, L50, F, shiny|100/100\n|move|p2a: Gallade|Shadow Sneak|p1a: The Fresh Steep\n|-supereffective|p1a: The Fresh Steep|1\n|-damage|p1a: The Fresh Steep|5/100\n|move|p2b: Oranguru|Instruct|p2a: Gallade\n|-singleturn|p2a: Gallade|move: Instruct|[of] p2b: Oranguru\n|move|p2a: Gallade|Shadow Sneak|p1a: The Fresh Steep\n|-supereffective|p1a: The Fresh Steep|1\n|-damage|p1a: The Fresh Steep|0 fnt\n|faint|p1a: The Fresh Steep\n|\n|-heal|p2b: Oranguru|68/100|[from] item: Leftovers\n|upkeep\n|\n|t:|1776113195\n|switch|p1a: The Eggs & Bacon|Rhyperior, L50, F, shiny|58/100 psn\n|turn|7\n|\n|t:|1776113206\n|move|p1a: The Eggs & Bacon|Protect|p1a: The Eggs & Bacon\n|-singleturn|p1a: The Eggs & Bacon|Protect\n|move|p2a: Gallade|Sacred Sword|p1a: The Eggs & Bacon\n|-activate|p1a: The Eggs & Bacon|move: Protect\n|move|p2b: Oranguru|Instruct|p2a: Gallade\n|-singleturn|p2a: Gallade|move: Instruct|[of] p2b: Oranguru\n|move|p2a: Gallade|Sacred Sword|p1a: The Eggs & Bacon\n|-activate|p1a: The Eggs & Bacon|move: Protect\n|move|p1b: The Gogurt|Trick Room|p1b: The Gogurt\n|-fieldstart|move: Trick Room|[of] p1b: The Gogurt\n|\n|-heal|p2b: Oranguru|74/100|[from] item: Leftovers\n|-damage|p1a: The Eggs & Bacon|46/100 psn|[from] psn\n|upkeep\n|turn|8\n|\n|t:|1776113221\n|switch|p2a: Sneasler|Sneasler, L50, F|18/100\n|move|p1a: The Eggs & Bacon|Earthquake|p2a: Sneasler|[spread] p2a,p2b\n|-activate|p1b: The Gogurt|ability: Telepathy\n|-supereffective|p2a: Sneasler|1\n|-crit|p2a: Sneasler\n|-damage|p2a: Sneasler|0 fnt\n|-damage|p2b: Oranguru|22/100\n|faint|p2a: Sneasler\n|move|p1b: The Gogurt|Instruct|p1a: The Eggs & Bacon\n|-singleturn|p1a: The Eggs & Bacon|move: Instruct|[of] p1b: The Gogurt\n|move|p1a: The Eggs & Bacon|Earthquake|p2b: Oranguru|[spread] p2b\n|-activate|p1b: The Gogurt|ability: Telepathy\n|-damage|p2b: Oranguru|0 fnt\n|faint|p2b: Oranguru\n|\n|-damage|p1a: The Eggs & Bacon|33/100 psn|[from] psn\n|upkeep\n|\n|t:|1776113231\n|switch|p2b: Gallade|Gallade-Mega, L50, M|100/100\n|turn|9\n|\n|t:|1776113242\n|move|p2b: Gallade|Shadow Sneak|p1a: The Eggs & Bacon\n|-damage|p1a: The Eggs & Bacon|21/100 psn\n|move|p1a: The Eggs & Bacon|Earthquake|p2b: Gallade|[spread] p2b\n|-activate|p1b: The Gogurt|ability: Telepathy\n|-damage|p2b: Gallade|45/100\n|move|p1b: The Gogurt|Instruct|p1a: The Eggs & Bacon\n|-singleturn|p1a: The Eggs & Bacon|move: Instruct|[of] p1b: The Gogurt\n|move|p1a: The Eggs & Bacon|Earthquake|p2b: Gallade|[spread] p2b\n|-activate|p1b: The Gogurt|ability: Telepathy\n|-damage|p2b: Gallade|0 fnt\n|faint|p2b: Gallade\n|\n|win|MilkmanMiltank\n|raw|MilkmanMiltank's rating: 1133 &rarr; <strong>1157</strong><br />(+24 for winning)\n|raw|7&#x2f;11 doughnuts's rating: 1124 &rarr; <strong>1100</strong><br />(-24 for losing)\n|l|\u26067/11 doughnuts\n|player|p2|\n|c|\u2606MilkmanMiltank|ggwp\n",
  "uploadtime": 1776113257,
  "views": 18,
  "formatid": "gen9championsvgc2026regma",
  "rating": 1100,
  "private": 0,
  "password": null
}