{
  "id": "gen9championsvgc2026regma-2583887057",
  "format": "[Gen 9 Champions] VGC 2026 Reg M-A",
  "players": [
    "desrichards",
    "Skuid!21"
  ],
  "log": "|j|\u2606desrichards\n|j|\u2606Skuid!21\n|t:|1776205561\n|gametype|doubles\n|player|p1|desrichards|hilbert|1105\n|player|p2|Skuid!21|ghetsis-gen5bw|1092\n|gen|9\n|tier|[Gen 9 Champions] VGC 2026 Reg M-A\n|rated|\n|rule|Species Clause: Limit one of each Pok\u00e9mon\n|rule|Item Clause: Limit 1 of each item\n|clearpoke\n|poke|p1|Aegislash, L50, M|\n|poke|p1|Blastoise, L50, M|\n|poke|p1|Alakazam, L50, F|\n|poke|p1|Politoed, L50, M|\n|poke|p1|Meowstic, L50, M|\n|poke|p1|Aerodactyl, L50, F|\n|poke|p2|Aegislash, L50, F|\n|poke|p2|Charizard, L50, M|\n|poke|p2|Incineroar, L50, F|\n|poke|p2|Venusaur, L50, F|\n|poke|p2|Whimsicott, L50, F|\n|poke|p2|Milotic, L50, F|\n|teampreview|4\n|\n|t:|1776205613\n|teamsize|p1|4\n|teamsize|p2|4\n|start\n|switch|p1a: Meowstic|Meowstic, L50, M, shiny|100/100\n|switch|p1b: Blastoise|Blastoise, L50, M|100/100\n|switch|p2a: Charizard|Charizard, L50, M|100/100\n|switch|p2b: Whimsicott|Whimsicott, L50, F|100/100\n|turn|1\n|inactive|Battle timer is ON: inactive players will automatically lose when time's up. (requested by Skuid!21)\n|\n|t:|1776205641\n|detailschange|p2a: Charizard|Charizard-Mega-Y, L50, M\n|-mega|p2a: Charizard|Charizard|Charizardite Y\n|-weather|SunnyDay|[from] ability: Drought|[of] p2a: Charizard\n|detailschange|p1b: Blastoise|Blastoise-Mega, L50, M\n|-mega|p1b: Blastoise|Blastoise|Blastoisinite\n|move|p2a: Charizard|Protect|p2a: Charizard\n|-singleturn|p2a: Charizard|Protect\n|move|p2b: Whimsicott|Tailwind|p2b: Whimsicott\n|-sidestart|p2: Skuid!21|move: Tailwind\n|move|p1a: Meowstic|Rain Dance|p1a: Meowstic\n|-weather|RainDance\n|move|p1b: Blastoise|Water Pulse|p2a: Charizard\n|-activate|p2a: Charizard|move: Protect\n|\n|-weather|RainDance|[upkeep]\n|upkeep\n|turn|2\n|inactive|Skuid!21 has 30 seconds left.\n|\n|t:|1776205672\n|switch|p2a: Milotic|Milotic, L50, F|100/100\n|move|p1a: Meowstic|Rain Dance||[still]\n|-fail|p1a: Meowstic\n|move|p2b: Whimsicott|Moonblast|p1b: Blastoise\n|-damage|p1b: Blastoise|67/100\n|move|p1b: Blastoise|Water Pulse|p2a: Milotic\n|-resisted|p2a: Milotic|1\n|-damage|p2a: Milotic|69/100\n|\n|-weather|RainDance|[upkeep]\n|upkeep\n|turn|3\n|inactive|desrichards has 30 seconds left.\n|inactive|desrichards has 20 seconds left.\n|\n|t:|1776205710\n|switch|p1b: Aegislash|Aegislash, L50, M, shiny|100/100\n|move|p2b: Whimsicott|Helping Hand|p2a: Milotic\n|-singleturn|p2a: Milotic|Helping Hand|[of] p2b: Whimsicott\n|move|p1a: Meowstic|Psychic Terrain|p1a: Meowstic\n|-fieldstart|move: Psychic Terrain\n|move|p2a: Milotic|Scald|p1a: Meowstic\n|-damage|p1a: Meowstic|3/100\n|\n|-weather|RainDance|[upkeep]\n|upkeep\n|turn|4\n|\n|t:|1776205730\n|switch|p2b: Charizard|Charizard-Mega-Y, L50, M|100/100\n|-weather|SunnyDay|[from] ability: Drought|[of] p2b: Charizard\n|move|p2a: Milotic|Icy Wind|p1b: Aegislash|[spread] p1a,p1b\n|-resisted|p1b: Aegislash|1\n|-damage|p1a: Meowstic|0 fnt\n|-damage|p1b: Aegislash|96/100\n|-unboost|p1b: Aegislash|spe|1\n|faint|p1a: Meowstic\n|-formechange|p1b: Aegislash|Aegislash-Blade|\n|move|p1b: Aegislash|Iron Head|p2b: Charizard\n|-resisted|p2b: Charizard|1\n|-damage|p2b: Charizard|72/100\n|\n|-weather|SunnyDay|[upkeep]\n|-sideend|p2: Skuid!21|move: Tailwind\n|upkeep\n|\n|t:|1776205741\n|switch|p1a: Alakazam|Alakazam, L50, F|100/100\n|turn|5\n|\n|t:|1776205758\n|-formechange|p1b: Aegislash|Aegislash|\n|move|p1b: Aegislash|King's Shield|p1b: Aegislash\n|-singleturn|p1b: Aegislash|Protect\n|move|p1a: Alakazam|Expanding Force|p2b: Charizard|[spread] p2a,p2b\n|-damage|p2a: Milotic|5/100\n|-damage|p2b: Charizard|0 fnt\n|faint|p2b: Charizard\n|move|p2a: Milotic|Icy Wind|p1a: Alakazam|[spread] \n|-activate|p1b: Aegislash|move: Protect\n|-miss|p2a: Milotic|p1a: Alakazam\n|\n|-weather|SunnyDay|[upkeep]\n|upkeep\n|\n|t:|1776205771\n|switch|p2b: Incineroar|Incineroar, L50, F|100/100\n|-ability|p2b: Incineroar|Intimidate|boost\n|-fail|p1a: Alakazam|unboost|Attack|[from] ability: Inner Focus|[of] p1a: Alakazam\n|-unboost|p1b: Aegislash|atk|1\n|turn|6\n|\n|t:|1776205795\n|move|p2a: Milotic|Protect|p2a: Milotic\n|-singleturn|p2a: Milotic|Protect\n|move|p1a: Alakazam|Focus Blast|p2b: Incineroar\n|-supereffective|p2b: Incineroar|1\n|-damage|p2b: Incineroar|16/100\n|-enditem|p2b: Incineroar|Sitrus Berry|[eat]\n|-heal|p2b: Incineroar|40/100|[from] item: Sitrus Berry\n|move|p2b: Incineroar|Flare Blitz|p1b: Aegislash\n|-supereffective|p1b: Aegislash|1\n|-damage|p1b: Aegislash|0 fnt\n|faint|p1b: Aegislash\n|-damage|p2b: Incineroar|10/100|[from] Recoil\n|\n|-weather|SunnyDay|[upkeep]\n|upkeep\n|\n|t:|1776205797\n|switch|p1b: Blastoise|Blastoise-Mega, L50, M|67/100\n|turn|7\n|\n|t:|1776205819\n|switch|p2a: Whimsicott|Whimsicott, L50, F|100/100\n|move|p1a: Alakazam|Dazzling Gleam|p2b: Incineroar|[spread] p2a,p2b\n|-damage|p2a: Whimsicott|68/100\n|-damage|p2b: Incineroar|0 fnt\n|faint|p2b: Incineroar\n|move|p1b: Blastoise|Shell Smash|p1b: Blastoise\n|-unboost|p1b: Blastoise|def|1\n|-unboost|p1b: Blastoise|spd|1\n|-boost|p1b: Blastoise|atk|2\n|-boost|p1b: Blastoise|spa|2\n|-boost|p1b: Blastoise|spe|2\n|\n|-weather|SunnyDay|[upkeep]\n|-fieldend|move: Psychic Terrain\n|upkeep\n|\n|t:|1776205824\n|switch|p2b: Milotic|Milotic, L50, F|5/100\n|turn|8\n|\n|t:|1776205838\n|move|p2a: Whimsicott|Tailwind|p2a: Whimsicott\n|-sidestart|p2: Skuid!21|move: Tailwind\n|move|p2b: Milotic|Recover|p2b: Milotic\n|-heal|p2b: Milotic|55/100\n|move|p1b: Blastoise|Aura Sphere|p2b: Milotic\n|-damage|p2b: Milotic|0 fnt\n|faint|p2b: Milotic\n|move|p1a: Alakazam|Psychic|p2a: Whimsicott\n|-damage|p2a: Whimsicott|0 fnt\n|faint|p2a: Whimsicott\n|\n|win|desrichards\n|raw|desrichards's rating: 1105 &rarr; <strong>1129</strong><br />(+24 for winning)\n|raw|Skuid!21's rating: 1092 &rarr; <strong>1069</strong><br />(-23 for losing)\n|l|\u2606Skuid!21\n|player|p2|\n",
  "uploadtime": 1776205851,
  "views": 25,
  "formatid": "gen9championsvgc2026regma",
  "rating": 1069,
  "private": 0,
  "password": null
}