{
  "id": "gen9championsvgc2026regma-2589395204",
  "format": "[Gen 9 Champions] VGC 2026 Reg M-A",
  "players": [
    "benjitulio",
    "Static_Tempah"
  ],
  "log": "|j|\u2606benjitulio\n|j|\u2606Static_Tempah\n|t:|1776719501\n|gametype|doubles\n|player|p1|benjitulio|wattson|1129\n|player|p2|Static_Tempah|170|1190\n|gen|9\n|tier|[Gen 9 Champions] VGC 2026 Reg M-A\n|rated|\n|rule|Species Clause: Limit one of each Pok\u00e9mon\n|rule|Item Clause: Limit 1 of each item\n|clearpoke\n|poke|p1|Dragonite, L50, F|\n|poke|p1|Incineroar, L50, M|\n|poke|p1|Gyarados, L50, M|\n|poke|p1|Maushold-Four, L50|\n|poke|p1|Milotic, L50, M|\n|poke|p1|Whimsicott, L50, M|\n|poke|p2|Passimian, L50, F|\n|poke|p2|Talonflame, L50, F|\n|poke|p2|Goodra-Hisui, L50, M|\n|poke|p2|Rotom-Wash, L50|\n|poke|p2|Sinistcha-Masterpiece, L50|\n|poke|p2|Slowbro, L50, M|\n|teampreview|4\n|inactive|Battle timer is ON: inactive players will automatically lose when time's up. (requested by Static_Tempah)\n|inactive|benjitulio has 60 seconds left.\n|inactive|Static_Tempah has 60 seconds left.\n|\n|t:|1776719558\n|teamsize|p1|4\n|teamsize|p2|4\n|start\n|switch|p1a: Whimsicott|Whimsicott, L50, M|100/100\n|switch|p1b: Dragonite|Dragonite, L50, F|100/100\n|switch|p2a: Passimian|Passimian, L50, F|100/100\n|switch|p2b: Goodra|Goodra-Hisui, L50, M|100/100\n|turn|1\n|inactive|benjitulio has 30 seconds left.\n|\n|t:|1776719587\n|switch|p2a: Slowbro|Slowbro, L50, M|100/100\n|detailschange|p1b: Dragonite|Dragonite-Mega, L50, F\n|-mega|p1b: Dragonite|Dragonite|Dragoninite\n|move|p1a: Whimsicott|Light Screen|p1a: Whimsicott\n|-sidestart|p1: benjitulio|move: Light Screen\n|move|p1b: Dragonite|Dragon Pulse|p2b: Goodra\n|-damage|p2b: Goodra|66/100\n|move|p2b: Goodra|Flash Cannon|p1a: Whimsicott\n|-supereffective|p1a: Whimsicott|1\n|-damage|p1a: Whimsicott|12/100\n|-unboost|p1a: Whimsicott|spd|1\n|\n|upkeep\n|turn|2\n|\n|t:|1776719609\n|detailschange|p2a: Slowbro|Slowbro-Mega, L50, M\n|-mega|p2a: Slowbro|Slowbro|Slowbronite\n|move|p1a: Whimsicott|Taunt|p2a: Slowbro\n|-start|p2a: Slowbro|move: Taunt\n|move|p1b: Dragonite|Dragon Pulse|p2b: Goodra\n|-damage|p2b: Goodra|31/100\n|move|p2b: Goodra|Dragon Pulse|p1b: Dragonite\n|-supereffective|p1b: Dragonite|1\n|-crit|p1b: Dragonite\n|-damage|p1b: Dragonite|34/100\n|cant|p2a: Slowbro|move: Taunt|Calm Mind\n|\n|upkeep\n|turn|3\n|inactive|Static_Tempah has 30 seconds left.\n|\n|t:|1776719634\n|switch|p2b: Passimian|Passimian, L50, F|100/100\n|move|p1a: Whimsicott|Moonblast|p2a: Slowbro\n|-damage|p2a: Slowbro|69/100\n|move|p1b: Dragonite|Dragon Pulse|p2b: Passimian\n|-damage|p2b: Passimian|37/100\n|move|p2a: Slowbro|Surf|p1b: Dragonite|[spread] p2b,p1a,p1b\n|-resisted|p1a: Whimsicott|1\n|-resisted|p1b: Dragonite|1\n|-damage|p2b: Passimian|0 fnt\n|-damage|p1a: Whimsicott|0 fnt\n|-damage|p1b: Dragonite|24/100\n|faint|p2b: Passimian\n|faint|p1a: Whimsicott\n|\n|upkeep\n|\n|t:|1776719656\n|switch|p1a: Maushold|Maushold-Four, L50|100/100\n|switch|p2b: Talonflame|Talonflame, L50, F|100/100\n|turn|4\n|\n|t:|1776719666\n|move|p2b: Talonflame|Protect|p2b: Talonflame\n|-singleturn|p2b: Talonflame|Protect\n|move|p1a: Maushold|Population Bomb|p2b: Talonflame\n|-activate|p2b: Talonflame|move: Protect\n|move|p1b: Dragonite|Dragon Pulse|p2b: Talonflame\n|-activate|p2b: Talonflame|move: Protect\n|move|p2a: Slowbro|Surf|p1b: Dragonite|[spread] p1a,p1b\n|-activate|p2b: Talonflame|move: Protect\n|-resisted|p1b: Dragonite|1\n|-damage|p1a: Maushold|66/100\n|-damage|p1b: Dragonite|17/100\n|\n|-end|p2a: Slowbro|move: Taunt\n|upkeep\n|turn|5\n|\n|t:|1776719684\n|move|p2b: Talonflame|Acrobatics|p1b: Dragonite\n|-damage|p1b: Dragonite|0 fnt\n|faint|p1b: Dragonite\n|move|p1a: Maushold|Population Bomb|p2b: Talonflame\n|-crit|p2b: Talonflame\n|-damage|p2b: Talonflame|84/100\n|-damage|p2b: Talonflame|72/100\n|-damage|p2b: Talonflame|60/100\n|-damage|p2b: Talonflame|48/100\n|-hitcount|p2b: Talonflame|4\n|move|p2a: Slowbro|Calm Mind|p2a: Slowbro\n|-boost|p2a: Slowbro|spa|1\n|-boost|p2a: Slowbro|spd|1\n|\n|-sideend|p1: benjitulio|move: Light Screen\n|upkeep\n|\n|t:|1776719697\n|switch|p1b: Milotic|Milotic, L50, M|100/100\n|turn|6\n|\n|t:|1776719707\n|move|p2b: Talonflame|Protect|p2b: Talonflame\n|-singleturn|p2b: Talonflame|Protect\n|move|p1a: Maushold|Population Bomb|p2a: Slowbro\n|-damage|p2a: Slowbro|65/100\n|-damage|p2a: Slowbro|60/100\n|-damage|p2a: Slowbro|56/100\n|-damage|p2a: Slowbro|51/100\n|-damage|p2a: Slowbro|47/100\n|-damage|p2a: Slowbro|43/100\n|-damage|p2a: Slowbro|38/100\n|-damage|p2a: Slowbro|34/100\n|-damage|p2a: Slowbro|29/100\n|-damage|p2a: Slowbro|25/100\n|-hitcount|p2a: Slowbro|10\n|move|p1b: Milotic|Scald|p2b: Talonflame\n|-activate|p2b: Talonflame|move: Protect\n|move|p2a: Slowbro|Calm Mind|p2a: Slowbro\n|-boost|p2a: Slowbro|spa|1\n|-boost|p2a: Slowbro|spd|1\n|\n|upkeep\n|turn|7\n|\n|t:|1776719730\n|move|p2b: Talonflame|Tailwind|p2b: Talonflame\n|-sidestart|p2: Static_Tempah|move: Tailwind\n|move|p1a: Maushold|Population Bomb|p2a: Slowbro\n|-damage|p2a: Slowbro|20/100\n|-damage|p2a: Slowbro|16/100\n|-damage|p2a: Slowbro|11/100\n|-damage|p2a: Slowbro|7/100\n|-damage|p2a: Slowbro|2/100\n|-damage|p2a: Slowbro|0 fnt\n|faint|p2a: Slowbro\n|-hitcount|p2: Slowbro|6\n|move|p1b: Milotic|Scald|p2b: Talonflame\n|-supereffective|p2b: Talonflame|1\n|-damage|p2b: Talonflame|0 fnt\n|faint|p2b: Talonflame\n|\n|upkeep\n|-message|Static_Tempah forfeited.\n|\n|win|benjitulio\n|raw|benjitulio's rating: 1129 &rarr; <strong>1158</strong><br />(+29 for winning)\n|raw|Static_Tempah's rating: 1190 &rarr; <strong>1161</strong><br />(-29 for losing)\n",
  "uploadtime": 1776719745,
  "views": 8,
  "formatid": "gen9championsvgc2026regma",
  "rating": 1158,
  "private": 0,
  "password": null
}