{
  "id": "gen9championsvgc2026regma-2586454465",
  "format": "[Gen 9 Champions] VGC 2026 Reg M-A",
  "players": [
    "MA Sunshine",
    "TafomalFX"
  ],
  "log": "|j|\u2606MA Sunshine\n|j|\u2606TafomalFX\n|t:|1776435803\n|gametype|doubles\n|player|p1|MA Sunshine|101|1000\n|player|p2|TafomalFX|backpacker|1000\n|gen|9\n|tier|[Gen 9 Champions] VGC 2026 Reg M-A\n|rated|\n|rule|Species Clause: Limit one of each Pok\u00e9mon\n|rule|Item Clause: Limit 1 of each item\n|clearpoke\n|poke|p1|Charizard, L50, F|\n|poke|p1|Garchomp, L50, M|\n|poke|p1|Sneasler, L50, F|\n|poke|p1|Whimsicott, L50, F|\n|poke|p1|Incineroar, L50, M|\n|poke|p1|Rotom-Wash, L50|\n|poke|p2|Lucario, L50, F|\n|poke|p2|Clefable, L50, M|\n|poke|p2|Dragapult, L50, F|\n|poke|p2|Tinkaton, L50, F|\n|poke|p2|Pelipper, L50, M|\n|poke|p2|Blastoise, L50, F|\n|teampreview|4\n|inactive|Battle timer is ON: inactive players will automatically lose when time's up. (requested by MA Sunshine)\n|inactive|MA Sunshine has 60 seconds left.\n|inactive|TafomalFX has 60 seconds left.\n|\n|t:|1776435854\n|teamsize|p1|4\n|teamsize|p2|4\n|start\n|switch|p1a: Whimsicott|Whimsicott, L50, F, shiny|100/100\n|switch|p1b: Incineroar|Incineroar, L50, M|100/100\n|switch|p2a: Dragapult|Dragapult, L50, F|100/100\n|switch|p2b: Pelipper|Pelipper, L50, M|100/100\n|-ability|p1b: Incineroar|Intimidate|boost\n|-fail|p2a: Dragapult|unboost|[from] ability: Clear Body|[of] p2a: Dragapult\n|-unboost|p2b: Pelipper|atk|1\n|-weather|RainDance|[from] ability: Drizzle|[of] p2b: Pelipper\n|turn|1\n|inactive|TafomalFX has 30 seconds left.\n|-activate|p2b: Pelipper|item: Quick Claw\n|\n|t:|1776435890\n|move|p1b: Incineroar|Fake Out|p2b: Pelipper\n|-damage|p2b: Pelipper|87/100\n|cant|p2b: Pelipper|flinch\n|move|p2a: Dragapult|Infestation|p1b: Incineroar\n|-damage|p1b: Incineroar|95/100\n|-activate|p1b: Incineroar|move: Infestation|[of] p2a: Dragapult\n|move|p1a: Whimsicott|Moonblast|p2a: Dragapult\n|-supereffective|p2a: Dragapult|1\n|-damage|p2a: Dragapult|5/100\n|\n|-weather|RainDance|[upkeep]\n|-damage|p1b: Incineroar|82/100|[from] move: Infestation|[partiallytrapped]\n|upkeep\n|turn|2\n|inactive|MA Sunshine has 30 seconds left.\n|inactive|TafomalFX has 30 seconds left.\n|inactive|MA Sunshine has 20 seconds left.\n|inactive|MA Sunshine has 15 seconds left.\n|inactive|MA Sunshine has 10 seconds left.\n|-activate|p2b: Pelipper|item: Quick Claw\n|\n|t:|1776435936\n|move|p1a: Whimsicott|Sunny Day|p1a: Whimsicott\n|-weather|SunnyDay\n|move|p2b: Pelipper|Hurricane|p1a: Whimsicott|[miss]\n|-miss|p2b: Pelipper|p1a: Whimsicott\n|move|p2a: Dragapult|Thunder|p1b: Incineroar\n|-damage|p1b: Incineroar|50/100\n|-enditem|p1b: Incineroar|Sitrus Berry|[eat]\n|-heal|p1b: Incineroar|75/100|[from] item: Sitrus Berry\n|move|p1b: Incineroar|Throat Chop|p2a: Dragapult\n|-supereffective|p2a: Dragapult|1\n|-damage|p2a: Dragapult|0 fnt\n|faint|p2a: Dragapult\n|\n|-weather|SunnyDay|[upkeep]\n|-end|p1b: Incineroar|Infestation|[partiallytrapped]|[silent]\n|upkeep\n|inactive|TafomalFX has 30 seconds left.\n|inactive|TafomalFX has 20 seconds left.\n|\n|t:|1776435974\n|switch|p2a: Clefable|Clefable, L50, M|100/100\n|turn|3\n|\n|t:|1776435990\n|move|p1a: Whimsicott|Tailwind|p1a: Whimsicott\n|-sidestart|p1: MA Sunshine|move: Tailwind\n|move|p1b: Incineroar|Parting Shot|p2b: Pelipper\n|-unboost|p2b: Pelipper|atk|1\n|-unboost|p2b: Pelipper|spa|1\n|\n|t:|1776436005\n|switch|p1b: Rotom|Rotom-Wash, L50|100/100|[from] Parting Shot\n|move|p2b: Pelipper|Tailwind|p2b: Pelipper\n|-sidestart|p2: TafomalFX|move: Tailwind\n|move|p2a: Clefable|Dazzling Gleam|p1b: Rotom|[spread] p1a,p1b\n|-damage|p1a: Whimsicott|69/100\n|-damage|p1b: Rotom|76/100\n|\n|-weather|SunnyDay|[upkeep]\n|upkeep\n|turn|4\n|inactive|MA Sunshine has 30 seconds left.\n|\n|t:|1776436035\n|switch|p2b: Tinkaton|Tinkaton, L50, F|100/100\n|detailschange|p2a: Clefable|Clefable-Mega, L50, M\n|-mega|p2a: Clefable|Clefable|Clefablite\n|move|p1a: Whimsicott|Encore||[still]\n|-fail|p1a: Whimsicott\n|move|p1b: Rotom|Electroweb|p2a: Clefable|[spread] p2a,p2b\n|-supereffective|p2a: Clefable|1\n|-damage|p2a: Clefable|73/100\n|-damage|p2b: Tinkaton|83/100\n|-unboost|p2a: Clefable|spe|1\n|-unboost|p2b: Tinkaton|spe|1\n|move|p2a: Clefable|Dazzling Gleam|p1b: Rotom|[spread] p1a,p1b\n|-damage|p1a: Whimsicott|21/100\n|-damage|p1b: Rotom|45/100\n|\n|-weather|SunnyDay|[upkeep]\n|upkeep\n|turn|5\n|inactive|TafomalFX has 30 seconds left.\n|\n|t:|1776436069\n|switch|p1a: Incineroar|Incineroar, L50, M|75/100\n|-ability|p1a: Incineroar|Intimidate|boost\n|-unboost|p2a: Clefable|atk|1\n|-fail|p2b: Tinkaton|unboost|Attack|[from] ability: Own Tempo|[of] p2b: Tinkaton\n|move|p1b: Rotom|Electroweb|p2a: Clefable|[spread] p2a,p2b\n|-supereffective|p2a: Clefable|1\n|-damage|p2a: Clefable|49/100\n|-damage|p2b: Tinkaton|62/100\n|-unboost|p2a: Clefable|spe|1\n|-unboost|p2b: Tinkaton|spe|1\n|move|p2b: Tinkaton|Swords Dance|p2b: Tinkaton\n|-boost|p2b: Tinkaton|atk|2\n|move|p2a: Clefable|Dazzling Gleam|p1b: Rotom|[spread] p1a,p1b\n|-damage|p1a: Incineroar|50/100\n|-damage|p1b: Rotom|14/100\n|\n|-weather|SunnyDay|[upkeep]\n|upkeep\n|turn|6\n|inactive|TafomalFX has 30 seconds left.\n|\n|t:|1776436098\n|move|p1a: Incineroar|Fake Out|p2b: Tinkaton\n|-resisted|p2b: Tinkaton|1\n|-damage|p2b: Tinkaton|54/100\n|move|p1b: Rotom|Electroweb|p2b: Tinkaton|[spread] p2a,p2b\n|-supereffective|p2a: Clefable|1\n|-damage|p2a: Clefable|24/100\n|-damage|p2b: Tinkaton|33/100\n|-unboost|p2a: Clefable|spe|1\n|-unboost|p2b: Tinkaton|spe|1\n|cant|p2b: Tinkaton|flinch\n|move|p2a: Clefable|Dazzling Gleam|p1a: Incineroar|[spread] p1a,p1b\n|-damage|p1a: Incineroar|24/100\n|-damage|p1b: Rotom|0 fnt\n|faint|p1b: Rotom\n|\n|-weather|none\n|-sideend|p1: MA Sunshine|move: Tailwind\n|-sideend|p2: TafomalFX|move: Tailwind\n|upkeep\n|\n|t:|1776436108\n|switch|p1b: Sneasler|Sneasler, L50, F|100/100\n|turn|7\n|\n|t:|1776436124\n|move|p1b: Sneasler|Fake Out|p2a: Clefable\n|-damage|p2a: Clefable|12/100\n|move|p1a: Incineroar|Flare Blitz|p2b: Tinkaton\n|-supereffective|p2b: Tinkaton|1\n|-damage|p2b: Tinkaton|0 fnt\n|faint|p2b: Tinkaton\n|-damage|p1a: Incineroar|16/100|[from] Recoil\n|cant|p2a: Clefable|flinch\n|\n|upkeep\n|\n|t:|1776436132\n|switch|p2b: Pelipper|Pelipper, L50, M|87/100\n|-weather|RainDance|[from] ability: Drizzle|[of] p2b: Pelipper\n|turn|8\n|inactive|MA Sunshine has 30 seconds left.\n|inactive|MA Sunshine has 20 seconds left.\n|inactive|MA Sunshine has 15 seconds left.\n|inactive|MA Sunshine has 10 seconds left.\n|inactive|MA Sunshine has 5 seconds left.\n|-activate|p2b: Pelipper|item: Quick Claw\n|\n|t:|1776436191\n|move|p2a: Clefable|Helping Hand|p2b: Pelipper\n|-singleturn|p2b: Pelipper|Helping Hand|[of] p2a: Clefable\n|move|p1b: Sneasler|Protect|p1b: Sneasler\n|-singleturn|p1b: Sneasler|Protect\n|move|p2b: Pelipper|Hurricane|p1b: Sneasler\n|-activate|p1b: Sneasler|move: Protect\n|move|p1a: Incineroar|Flare Blitz|p2a: Clefable\n|-damage|p2a: Clefable|0 fnt\n|faint|p2a: Clefable\n|-damage|p1a: Incineroar|12/100|[from] Recoil\n|\n|-weather|RainDance|[upkeep]\n|upkeep\n|turn|9\n|inactive|MA Sunshine has 30 seconds left.\n|inactive|TafomalFX has 30 seconds left.\n|inactive|TafomalFX has 20 seconds left.\n|\n|t:|1776436230\n|move|p1b: Sneasler|Dire Claw|p2b: Pelipper\n|-damage|p2b: Pelipper|40/100\n|move|p1a: Incineroar|Parting Shot|p2b: Pelipper\n|-unboost|p2b: Pelipper|atk|1\n|-unboost|p2b: Pelipper|spa|1\n|\n|t:|1776436248\n|switch|p1a: Whimsicott|Whimsicott, L50, F, shiny|21/100|[from] Parting Shot\n|move|p2b: Pelipper|Hurricane|p1b: Sneasler\n|-supereffective|p1b: Sneasler|1\n|-damage|p1b: Sneasler|10/100\n|\n|-weather|RainDance|[upkeep]\n|upkeep\n|turn|10\n|\n|t:|1776436264\n|move|p1a: Whimsicott|Sunny Day|p1a: Whimsicott\n|-weather|SunnyDay\n|move|p1b: Sneasler|Dire Claw|p2b: Pelipper\n|-damage|p2b: Pelipper|0 fnt\n|faint|p2b: Pelipper\n|\n|win|MA Sunshine\n|raw|MA Sunshine's rating: 1000 &rarr; <strong>1040</strong><br />(+40 for winning)\n|raw|TafomalFX's rating: 1000 &rarr; <strong>1000</strong><br />(+0 for losing)\n",
  "uploadtime": 1776436271,
  "views": 33,
  "formatid": "gen9championsvgc2026regma",
  "rating": 1000,
  "private": 0,
  "password": null
}