{
  "id": "gen9championsvgc2026regma-2583807359",
  "format": "[Gen 9 Champions] VGC 2026 Reg M-A",
  "players": [
    "PXGL",
    "FattyG99"
  ],
  "log": "|j|\u2606PXGL\n|j|\u2606FattyG99\n|t:|1776199136\n|gametype|doubles\n|player|p1|PXGL|dancer|1104\n|player|p2|FattyG99|266|1030\n|gen|9\n|tier|[Gen 9 Champions] VGC 2026 Reg M-A\n|rated|\n|rule|Species Clause: Limit one of each Pok\u00e9mon\n|rule|Item Clause: Limit 1 of each item\n|clearpoke\n|poke|p1|Incineroar, L50, F|\n|poke|p1|Tyranitar, L50, M|\n|poke|p1|Hydreigon, L50, F|\n|poke|p1|Sableye, L50, M|\n|poke|p1|Umbreon, L50, F|\n|poke|p1|Kingambit, L50, F|\n|poke|p2|Ninetales-Alola, L50, F|\n|poke|p2|Arcanine-Hisui, L50, M|\n|poke|p2|Sneasler, L50, F|\n|poke|p2|Scizor, L50, M|\n|poke|p2|Palafin, L50, F|\n|poke|p2|Meganium, L50, F|\n|teampreview|4\n|inactive|Battle timer is ON: inactive players will automatically lose when time's up. (requested by FattyG99)\n|inactive|FattyG99 has 60 seconds left.\n|\n|t:|1776199168\n|teamsize|p1|4\n|teamsize|p2|4\n|start\n|switch|p1a: Sableye|Sableye, L50, M|100/100\n|switch|p1b: Kingambit|Kingambit, L50, F|100/100\n|switch|p2a: Sneasler|Sneasler, L50, F|100/100\n|switch|p2b: Palafin|Palafin, L50, F|100/100\n|turn|1\n|inactive|PXGL has 30 seconds left.\n|\n|t:|1776199195\n|move|p1b: Kingambit|Protect|p1b: Kingambit\n|-singleturn|p1b: Kingambit|Protect\n|move|p1a: Sableye|Quash|p2b: Palafin\n|-activate|p2b: Palafin|move: Quash\n|move|p2a: Sneasler|Close Combat|p1b: Kingambit\n|-activate|p1b: Kingambit|move: Protect\n|move|p2b: Palafin|Flip Turn|p1a: Sableye\n|-damage|p1a: Sableye|76/100\n|\n|t:|1776199209\n|detailschange|p2b: Palafin|Palafin-Hero, L50, F\n|switch|p2b: Meganium|Meganium, L50, F|100/100|[from] Flip Turn\n|\n|upkeep\n|turn|2\n|inactive|PXGL has 30 seconds left.\n|\n|t:|1776199242\n|detailschange|p2b: Meganium|Meganium-Mega, L50, F\n|-mega|p2b: Meganium|Meganium|Meganiumite\n|move|p1a: Sableye|Will-O-Wisp|p2a: Sneasler\n|-status|p2a: Sneasler|brn\n|move|p2a: Sneasler|Close Combat|p1b: Kingambit\n|-supereffective|p1b: Kingambit|2\n|-crit|p1b: Kingambit\n|-damage|p1b: Kingambit|0 fnt\n|-unboost|p2a: Sneasler|def|1\n|-unboost|p2a: Sneasler|spd|1\n|faint|p1b: Kingambit\n|-enditem|p2a: Sneasler|White Herb\n|-clearnegativeboost|p2a: Sneasler|[silent]\n|move|p2b: Meganium|Dazzling Gleam|p1a: Sableye\n|-supereffective|p1a: Sableye|1\n|-enditem|p1a: Sableye|Roseli Berry|[eat]\n|-enditem|p1a: Sableye|Roseli Berry|[weaken]\n|-damage|p1a: Sableye|24/100\n|\n|-damage|p2a: Sneasler|95/100 brn|[from] brn\n|upkeep\n|\n|t:|1776199256\n|switch|p1b: Incineroar|Incineroar, L50, F, shiny|100/100\n|-ability|p1b: Incineroar|Intimidate|boost\n|-unboost|p2a: Sneasler|atk|1\n|-unboost|p2b: Meganium|atk|1\n|turn|3\n|inactive|PXGL has 30 seconds left.\n|\n|t:|1776199282\n|move|p1a: Sableye|Quash|p2a: Sneasler\n|-activate|p2a: Sneasler|move: Quash\n|move|p2b: Meganium|Dazzling Gleam|p1b: Incineroar|[spread] p1a,p1b\n|-supereffective|p1a: Sableye|1\n|-damage|p1a: Sableye|0 fnt\n|-damage|p1b: Incineroar|81/100\n|faint|p1a: Sableye\n|move|p1b: Incineroar|Parting Shot|p2a: Sneasler\n|-unboost|p2a: Sneasler|atk|1\n|-unboost|p2a: Sneasler|spa|1\n|\n|t:|1776199293\n|switch|p1b: Hydreigon|Hydreigon, L50, F|100/100|[from] Parting Shot\n|move|p2a: Sneasler|Close Combat|p1b: Hydreigon\n|-supereffective|p1b: Hydreigon|1\n|-damage|p1b: Hydreigon|68/100\n|-unboost|p2a: Sneasler|def|1\n|-unboost|p2a: Sneasler|spd|1\n|\n|-damage|p2a: Sneasler|89/100 brn|[from] brn\n|upkeep\n|\n|t:|1776199304\n|switch|p1a: Incineroar|Incineroar, L50, F, shiny|81/100\n|-ability|p1a: Incineroar|Intimidate|boost\n|-unboost|p2a: Sneasler|atk|1\n|-unboost|p2b: Meganium|atk|1\n|turn|4\n|inactive|PXGL has 30 seconds left.\n|\n|t:|1776199391\n|switch|p2a: Palafin|Palafin-Hero, L50, F|100/100\n|-activate|p2a: Palafin|ability: Zero to Hero\n|move|p2b: Meganium|Protect|p2b: Meganium\n|-singleturn|p2b: Meganium|Protect\n|move|p1a: Incineroar|Fake Out|p2b: Meganium\n|-activate|p2b: Meganium|move: Protect\n|move|p1b: Hydreigon|Flash Cannon|p2a: Palafin\n|-resisted|p2a: Palafin|1\n|-damage|p2a: Palafin|88/100\n|\n|upkeep\n|turn|5\n|inactive|PXGL has 30 seconds left.\n|inactive|FattyG99 has 30 seconds left.\n|inactive|PXGL has 20 seconds left.\n|inactive|FattyG99 has 20 seconds left.\n|inactive|PXGL has 15 seconds left.\n|inactive|FattyG99 has 15 seconds left.\n|inactive|PXGL has 10 seconds left.\n|\n|t:|1776199448\n|move|p1b: Hydreigon|Flash Cannon|p2b: Meganium\n|-supereffective|p2b: Meganium|1\n|-damage|p2b: Meganium|54/100\n|move|p2a: Palafin|Wave Crash|p1a: Incineroar\n|-supereffective|p1a: Incineroar|1\n|-damage|p1a: Incineroar|0 fnt\n|faint|p1a: Incineroar\n|-damage|p2a: Palafin|61/100|[from] Recoil\n|move|p2b: Meganium|Dazzling Gleam|p1b: Hydreigon\n|-supereffective|p1b: Hydreigon|2\n|-damage|p1b: Hydreigon|0 fnt\n|faint|p1b: Hydreigon\n|\n|win|FattyG99\n|raw|PXGL's rating: 1104 &rarr; <strong>1074</strong><br />(-30 for losing)\n|raw|FattyG99's rating: 1030 &rarr; <strong>1073</strong><br />(+43 for winning)\n",
  "uploadtime": 1776199456,
  "views": 14,
  "formatid": "gen9championsvgc2026regma",
  "rating": 1073,
  "private": 0,
  "password": null
}