{
  "id": "gen9championsvgc2026regma-2581435335",
  "format": "[Gen 9 Champions] VGC 2026 Reg M-A",
  "players": [
    "edgyptologist",
    "thealex610"
  ],
  "log": "|j|\u2606edgyptologist\n|j|\u2606thealex610\n|t:|1776000135\n|gametype|doubles\n|player|p1|edgyptologist|ruinmaniac|1083\n|player|p2|thealex610|170|1046\n|gen|9\n|tier|[Gen 9 Champions] VGC 2026 Reg M-A\n|rated|\n|rule|Species Clause: Limit one of each Pok\u00e9mon\n|rule|Item Clause: Limit 1 of each item\n|clearpoke\n|poke|p1|Floette-Eternal, L50, F|\n|poke|p1|Kangaskhan, L50, F|\n|poke|p1|Vivillon-Pokeball, L50, F|\n|poke|p1|Arcanine-Hisui, L50, F|\n|poke|p1|Cofagrigus, L50, M|\n|poke|p1|Araquanid, L50, M|\n|poke|p2|Sneasler, L50, M|\n|poke|p2|Talonflame, L50, F|\n|poke|p2|Milotic, L50, F|\n|poke|p2|Aegislash, L50, F|\n|poke|p2|Scizor, L50, F|\n|poke|p2|Tyranitar, L50, F|\n|teampreview|4\n|inactive|Battle timer is ON: inactive players will automatically lose when time's up. (requested by edgyptologist)\n|c|\u2606edgyptologist|gl hf\n|c|\u2606thealex610|u2\n|inactive|thealex610 has 60 seconds left.\n|\n|t:|1776000169\n|teamsize|p1|4\n|teamsize|p2|4\n|start\n|switch|p1a: Cofagrigus|Cofagrigus, L50, M|100/100\n|switch|p1b: Araquanid|Araquanid, L50, M|100/100\n|switch|p2a: Sneasler|Sneasler, L50, M|100/100\n|switch|p2b: Milotic|Milotic, L50, F|100/100\n|turn|1\n|inactive|thealex610 has 30 seconds left.\n|\n|t:|1776000201\n|move|p1b: Araquanid|Protect|p1b: Araquanid\n|-singleturn|p1b: Araquanid|Protect\n|move|p2a: Sneasler|Fake Out|p1b: Araquanid\n|-activate|p1b: Araquanid|move: Protect\n|move|p2b: Milotic|Scald|p1a: Cofagrigus\n|-damage|p1a: Cofagrigus|68/100\n|move|p1a: Cofagrigus|Trick Room|p1a: Cofagrigus\n|-fieldstart|move: Trick Room|[of] p1a: Cofagrigus\n|\n|upkeep\n|turn|2\n|\n|t:|1776000216\n|switch|p2a: Aegislash|Aegislash, L50, F|100/100\n|move|p2b: Milotic|Protect|p2b: Milotic\n|-singleturn|p2b: Milotic|Protect\n|move|p1a: Cofagrigus|Shadow Ball|p2a: Aegislash\n|-supereffective|p2a: Aegislash|1\n|-damage|p2a: Aegislash|55/100\n|-unboost|p2a: Aegislash|spd|1\n|move|p1b: Araquanid|Liquidation|p2a: Aegislash\n|-damage|p2a: Aegislash|6/100\n|\n|-heal|p2a: Aegislash|12/100|[from] item: Leftovers\n|upkeep\n|turn|3\n|inactive|thealex610 has 30 seconds left.\n|inactive|thealex610 has 20 seconds left.\n|inactive|thealex610 has 15 seconds left.\n|\n|t:|1776000259\n|-formechange|p2a: Aegislash|Aegislash-Blade|\n|move|p2a: Aegislash|Shadow Sneak|p1a: Cofagrigus\n|-supereffective|p1a: Cofagrigus|1\n|-damage|p1a: Cofagrigus|38/100\n|move|p1a: Cofagrigus|Shadow Ball|p2a: Aegislash\n|-supereffective|p2a: Aegislash|1\n|-damage|p2a: Aegislash|0 fnt\n|faint|p2a: Aegislash\n|move|p1b: Araquanid|Infestation|p2b: Milotic\n|-damage|p2b: Milotic|97/100\n|-activate|p2b: Milotic|move: Infestation|[of] p1b: Araquanid\n|move|p2b: Milotic|Scald|p1b: Araquanid\n|-resisted|p1b: Araquanid|1\n|-damage|p1b: Araquanid|89/100\n|\n|-heal|p1b: Araquanid|95/100|[from] item: Leftovers\n|-damage|p2b: Milotic|85/100|[from] move: Infestation|[partiallytrapped]\n|upkeep\n|\n|t:|1776000275\n|switch|p2a: Scizor|Scizor, L50, F, shiny|100/100\n|turn|4\n|\n|t:|1776000284\n|detailschange|p2a: Scizor|Scizor-Mega, L50, F, shiny\n|-mega|p2a: Scizor|Scizor|Scizorite\n|move|p1a: Cofagrigus|Shadow Ball|p2a: Scizor\n|-damage|p2a: Scizor|71/100\n|move|p1b: Araquanid|Liquidation|p2a: Scizor\n|-damage|p2a: Scizor|24/100\n|-unboost|p2a: Scizor|def|1\n|move|p2a: Scizor|Dual Wingbeat|p1b: Araquanid\n|-supereffective|p1b: Araquanid|1\n|-damage|p1b: Araquanid|46/100\n|-supereffective|p1b: Araquanid|1\n|-damage|p1b: Araquanid|0 fnt\n|faint|p1b: Araquanid\n|-hitcount|p1: Araquanid|2\n|move|p2b: Milotic|Scald|p1a: Cofagrigus\n|-damage|p1a: Cofagrigus|5/100\n|\n|-end|p2b: Milotic|Infestation|[partiallytrapped]|[silent]\n|upkeep\n|\n|t:|1776000299\n|switch|p1b: Floette|Floette-Eternal, L50, F|100/100\n|turn|5\n|\n|t:|1776000308\n|move|p1b: Floette|Protect|p1b: Floette\n|-singleturn|p1b: Floette|Protect\n|move|p2a: Scizor|Protect|p2a: Scizor\n|-singleturn|p2a: Scizor|Protect\n|move|p1a: Cofagrigus|Shadow Ball|p2a: Scizor\n|-activate|p2a: Scizor|move: Protect\n|move|p2b: Milotic|Icy Wind|p1b: Floette|[spread] p1a\n|-activate|p1b: Floette|move: Protect\n|-damage|p1a: Cofagrigus|0 fnt\n|faint|p1a: Cofagrigus\n|\n|-fieldend|move: Trick Room\n|upkeep\n|\n|t:|1776000310\n|switch|p1a: Arcanine|Arcanine-Hisui, L50, F|100/100\n|-ability|p1a: Arcanine|Intimidate|boost\n|-unboost|p2a: Scizor|atk|1\n|-unboost|p2b: Milotic|atk|1\n|-ability|p2b: Milotic|Competitive|boost\n|-boost|p2b: Milotic|spa|2\n|turn|6\n|inactive|thealex610 has 30 seconds left.\n|\n|t:|1776000337\n|detailschange|p1b: Floette|Floette-Mega, L50, F\n|-mega|p1b: Floette|Floette|Floettite\n|-ability|p1b: Floette|Fairy Aura\n|move|p2a: Scizor|Bullet Punch|p1b: Floette\n|-supereffective|p1b: Floette|1\n|-damage|p1b: Floette|46/100\n|move|p1a: Arcanine|Flare Blitz|p2a: Scizor\n|-supereffective|p2a: Scizor|2\n|-damage|p2a: Scizor|0 fnt\n|faint|p2a: Scizor\n|-damage|p1a: Arcanine|94/100|[from] Recoil\n|move|p2b: Milotic|Scald|p1a: Arcanine\n|-supereffective|p1a: Arcanine|2\n|-damage|p1a: Arcanine|0 fnt\n|faint|p1a: Arcanine\n|move|p1b: Floette|Calm Mind|p1b: Floette\n|-boost|p1b: Floette|spa|1\n|-boost|p1b: Floette|spd|1\n|\n|upkeep\n|\n|t:|1776000353\n|switch|p2a: Sneasler|Sneasler, L50, M|100/100\n|turn|7\n|\n|t:|1776000365\n|move|p1b: Floette|Protect|p1b: Floette\n|-singleturn|p1b: Floette|Protect\n|move|p2a: Sneasler|Fake Out|p1b: Floette\n|-activate|p1b: Floette|move: Protect\n|move|p2b: Milotic|Scald|p1b: Floette\n|-activate|p1b: Floette|move: Protect\n|\n|upkeep\n|turn|8\n|c|\u2606edgyptologist|gg wp\n|\n|t:|1776000383\n|move|p2a: Sneasler|Dire Claw|p1b: Floette\n|-supereffective|p1b: Floette|1\n|-damage|p1b: Floette|0 fnt\n|faint|p1b: Floette\n|\n|win|thealex610\n|raw|edgyptologist's rating: 1083 &rarr; <strong>1058</strong><br />(-25 for losing)\n|raw|thealex610's rating: 1046 &rarr; <strong>1083</strong><br />(+37 for winning)\n|l|\u2606edgyptologist\n|player|p1|\n|c|\u2606thealex610|g\n|c|\u2606thealex610|g\n",
  "uploadtime": 1776000395,
  "views": 51,
  "formatid": "gen9championsvgc2026regma",
  "rating": 1058,
  "private": 0,
  "password": null
}