{
  "id": "gen9championsvgc2026regma-2584663108",
  "format": "[Gen 9 Champions] VGC 2026 Reg M-A",
  "players": [
    "KarmicPines2002",
    "Lucinderrace"
  ],
  "log": "|j|\u2606KarmicPines2002\n|j|\u2606Lucinderrace\n|t:|1776275258\n|gametype|doubles\n|player|p1|KarmicPines2002|2|1192\n|player|p2|Lucinderrace|carmine|1236\n|gen|9\n|tier|[Gen 9 Champions] VGC 2026 Reg M-A\n|rated|\n|rule|Species Clause: Limit one of each Pok\u00e9mon\n|rule|Item Clause: Limit 1 of each item\n|clearpoke\n|poke|p1|Pelipper, L50, M|\n|poke|p1|Basculegion, L50, M|\n|poke|p1|Incineroar, L50, F|\n|poke|p1|Meganium, L50, M|\n|poke|p1|Scizor, L50, F|\n|poke|p1|Garchomp, L50, F|\n|poke|p2|Froslass, L50, F|\n|poke|p2|Whimsicott, L50, F|\n|poke|p2|Primarina, L50, F|\n|poke|p2|Incineroar, L50, M|\n|poke|p2|Garchomp, L50, F|\n|poke|p2|Glaceon, L50, M|\n|teampreview|4\n|inactive|Battle timer is ON: inactive players will automatically lose when time's up. (requested by KarmicPines2002)\n|inactive|KarmicPines2002 has 60 seconds left.\n|\n|t:|1776275306\n|teamsize|p1|4\n|teamsize|p2|4\n|start\n|switch|p1a: Incineroar|Incineroar, L50, F|100/100\n|switch|p1b: Scizor|Scizor, L50, F|100/100\n|switch|p2a: Glaceon|Glaceon, L50, M, shiny|100/100\n|switch|p2b: Froslass|Froslass, L50, F, shiny|100/100\n|-ability|p1a: Incineroar|Intimidate|boost\n|-unboost|p2a: Glaceon|atk|1\n|-unboost|p2b: Froslass|atk|1\n|turn|1\n|\n|t:|1776275327\n|switch|p2a: Garchomp|Garchomp, L50, F, shiny|100/100\n|detailschange|p1b: Scizor|Scizor-Mega, L50, F\n|-mega|p1b: Scizor|Scizor|Scizorite\n|move|p2b: Froslass|Protect|p2b: Froslass\n|-singleturn|p2b: Froslass|Protect\n|move|p1a: Incineroar|Fake Out|p2a: Garchomp\n|-damage|p2a: Garchomp|90/100\n|-damage|p1a: Incineroar|88/100|[from] ability: Rough Skin|[of] p2a: Garchomp\n|move|p1b: Scizor|Bullet Punch|p2b: Froslass\n|-activate|p2b: Froslass|move: Protect\n|\n|upkeep\n|turn|2\n|inactive|KarmicPines2002 has 30 seconds left.\n|inactive|Lucinderrace has 30 seconds left.\n|\n|t:|1776275361\n|switch|p2b: Primarina|Primarina, L50, F, shiny|100/100\n|switch|p1a: Basculegion|Basculegion, L50, M|100/100\n|move|p1b: Scizor|Protect|p1b: Scizor\n|-singleturn|p1b: Scizor|Protect\n|move|p2a: Garchomp|Rock Slide|p1a: Basculegion|[spread] p1a\n|-activate|p1b: Scizor|move: Protect\n|-damage|p1a: Basculegion|74/100\n|\n|upkeep\n|turn|3\n|\n|t:|1776275387\n|switch|p1b: Pelipper|Pelipper, L50, M|100/100\n|-weather|RainDance|[from] ability: Drizzle|[of] p1b: Pelipper\n|move|p1a: Basculegion|Wave Crash|p2a: Garchomp\n|-damage|p2a: Garchomp|0 fnt\n|-damage|p1a: Basculegion|61/100|[from] ability: Rough Skin|[of] p2a: Garchomp\n|faint|p2a: Garchomp\n|-damage|p1a: Basculegion|34/100|[from] Recoil\n|move|p2b: Primarina|Hyper Voice|p1a: Basculegion|[spread] p1a,p1b\n|-resisted|p1a: Basculegion|1\n|-resisted|p1b: Pelipper|1\n|-damage|p1a: Basculegion|3/100\n|-damage|p1b: Pelipper|54/100\n|\n|-weather|RainDance|[upkeep]\n|upkeep\n|\n|t:|1776275400\n|switch|p2a: Froslass|Froslass, L50, F, shiny|100/100\n|turn|4\n|\n|t:|1776275424\n|switch|p1a: Scizor|Scizor-Mega, L50, F|100/100\n|detailschange|p2a: Froslass|Froslass-Mega, L50, F, shiny\n|-mega|p2a: Froslass|Froslass|Froslassite\n|-weather|Snowscape|[from] ability: Snow Warning|[of] p2a: Froslass\n|move|p1b: Pelipper|Wide Guard|p1b: Pelipper\n|-singleturn|p1b: Pelipper|Wide Guard\n|move|p2a: Froslass|Aurora Veil|p2a: Froslass\n|-sidestart|p2: Lucinderrace|move: Aurora Veil\n|move|p2b: Primarina|Dazzling Gleam|p1a: Scizor|[spread] \n|-activate|p1a: Scizor|move: Wide Guard\n|-activate|p1b: Pelipper|move: Wide Guard\n|\n|-weather|Snowscape|[upkeep]\n|upkeep\n|turn|5\n|inactive|KarmicPines2002 has 30 seconds left.\n|\n|t:|1776275450\n|move|p1b: Pelipper|Wide Guard|p1b: Pelipper\n|-singleturn|p1b: Pelipper|Wide Guard\n|move|p2a: Froslass|Shadow Ball|p1b: Pelipper\n|-crit|p1b: Pelipper\n|-damage|p1b: Pelipper|0 fnt\n|faint|p1b: Pelipper\n|move|p1a: Scizor|Swords Dance|p1a: Scizor\n|-boost|p1a: Scizor|atk|2\n|move|p2b: Primarina|Hyper Voice|p1a: Scizor\n|-activate|p1a: Scizor|move: Wide Guard\n|\n|-weather|Snowscape|[upkeep]\n|upkeep\n|\n|t:|1776275463\n|switch|p1b: Incineroar|Incineroar, L50, F|88/100\n|-ability|p1b: Incineroar|Intimidate|boost\n|-unboost|p2a: Froslass|atk|1\n|-unboost|p2b: Primarina|atk|1\n|turn|6\n|\n|t:|1776275475\n|move|p2a: Froslass|Protect|p2a: Froslass\n|-singleturn|p2a: Froslass|Protect\n|move|p1b: Incineroar|Fake Out|p2b: Primarina\n|-damage|p2b: Primarina|92/100\n|move|p1a: Scizor|Bullet Punch|p2a: Froslass\n|-activate|p2a: Froslass|move: Protect\n|cant|p2b: Primarina|flinch\n|\n|-weather|Snowscape|[upkeep]\n|-heal|p2b: Primarina|98/100|[from] item: Leftovers\n|upkeep\n|turn|7\n|\n|t:|1776275493\n|move|p1a: Scizor|Bullet Punch|p2a: Froslass\n|-supereffective|p2a: Froslass|1\n|-damage|p2a: Froslass|0 fnt\n|faint|p2a: Froslass\n|move|p2b: Primarina|Hyper Voice|p1a: Scizor|[spread] p1a,p1b\n|-supereffective|p1b: Incineroar|1\n|-damage|p1a: Scizor|63/100\n|-damage|p1b: Incineroar|28/100\n|-enditem|p1b: Incineroar|Sitrus Berry|[eat]\n|-heal|p1b: Incineroar|52/100|[from] item: Sitrus Berry\n|move|p1b: Incineroar|Parting Shot|p2b: Primarina\n|-unboost|p2b: Primarina|atk|1\n|-unboost|p2b: Primarina|spa|1\n|\n|t:|1776275504\n|switch|p1b: Basculegion|Basculegion, L50, M|3/100|[from] Parting Shot\n|\n|-weather|Snowscape|[upkeep]\n|-heal|p2b: Primarina|100/100|[from] item: Leftovers\n|upkeep\n|\n|t:|1776275507\n|switch|p2a: Glaceon|Glaceon, L50, M, shiny|100/100\n|turn|8\n|\n|t:|1776275517\n|move|p1b: Basculegion|Aqua Jet|p2a: Glaceon\n|-damage|p2a: Glaceon|89/100\n|move|p1a: Scizor|Bullet Punch|p2b: Primarina\n|-damage|p2b: Primarina|34/100\n|move|p2a: Glaceon|Blizzard|p1b: Basculegion|[spread] p1a,p1b\n|-resisted|p1a: Scizor|1\n|-resisted|p1b: Basculegion|1\n|-damage|p1a: Scizor|39/100\n|-damage|p1b: Basculegion|0 fnt\n|faint|p1b: Basculegion\n|move|p2b: Primarina|Hyper Voice|p1a: Scizor\n|-damage|p1a: Scizor|6/100\n|\n|-weather|none\n|-heal|p2b: Primarina|40/100|[from] item: Leftovers\n|-sideend|p2: Lucinderrace|move: Aurora Veil\n|upkeep\n|\n|t:|1776275533\n|switch|p1b: Incineroar|Incineroar, L50, F|52/100\n|-ability|p1b: Incineroar|Intimidate|boost\n|-unboost|p2a: Glaceon|atk|1\n|-unboost|p2b: Primarina|atk|1\n|turn|9\n|\n|t:|1776275540\n|move|p2a: Glaceon|Protect|p2a: Glaceon\n|-singleturn|p2a: Glaceon|Protect\n|move|p2b: Primarina|Protect|p2b: Primarina\n|-singleturn|p2b: Primarina|Protect\n|move|p1b: Incineroar|Fake Out|p2a: Glaceon\n|-activate|p2a: Glaceon|move: Protect\n|move|p1a: Scizor|Bullet Punch|p2b: Primarina\n|-activate|p2b: Primarina|move: Protect\n|\n|-heal|p2b: Primarina|46/100|[from] item: Leftovers\n|upkeep\n|turn|10\n|\n|t:|1776275556\n|move|p1a: Scizor|Bullet Punch|p2b: Primarina\n|-damage|p2b: Primarina|0 fnt\n|faint|p2b: Primarina\n|move|p2a: Glaceon|Blizzard|p1b: Incineroar|[spread] p1a,p1b\n|-resisted|p1a: Scizor|1\n|-resisted|p1b: Incineroar|1\n|-damage|p1a: Scizor|0 fnt\n|-damage|p1b: Incineroar|34/100\n|faint|p1a: Scizor\n|move|p1b: Incineroar|Flare Blitz|p2a: Glaceon\n|-supereffective|p2a: Glaceon|1\n|-damage|p2a: Glaceon|0 fnt\n|faint|p2a: Glaceon\n|-damage|p1b: Incineroar|9/100|[from] Recoil\n|\n|win|KarmicPines2002\n|raw|KarmicPines2002's rating: 1192 &rarr; <strong>1220</strong><br />(+28 for winning)\n|raw|Lucinderrace's rating: 1236 &rarr; <strong>1208</strong><br />(-28 for losing)\n|l|\u2606Lucinderrace\n|player|p2|\n",
  "uploadtime": 1776275570,
  "views": 27,
  "formatid": "gen9championsvgc2026regma",
  "rating": 1208,
  "private": 0,
  "password": null
}