{
  "id": "gen9championsvgc2026regma-2586638126",
  "format": "[Gen 9 Champions] VGC 2026 Reg M-A",
  "players": [
    "lojj",
    "AshPikachuu"
  ],
  "log": "|j|\u2606lojj\n|j|\u2606AshPikachuu\n|t:|1776448595\n|gametype|doubles\n|player|p1|lojj|supernerd|\n|player|p2|AshPikachuu|hugh|\n|gen|9\n|tier|[Gen 9 Champions] VGC 2026 Reg M-A\n|rated|Tournament battle\n|rule|Species Clause: Limit one of each Pok\u00e9mon\n|rule|Item Clause: Limit 1 of each item\n|raw|<div class=\"infobox\"><details class=\"readmore\" open><summary><strong>1 custom rule:</strong></summary> Force Open Team Sheets</details></div>\n|clearpoke\n|poke|p1|Scovillain, L50, M|\n|poke|p1|Dragonite, L50, F|\n|poke|p1|Kingambit, L50, M|\n|poke|p1|Primarina, L50, F|\n|poke|p1|Garganacl, L50, M|\n|poke|p1|Sneasler, L50, F|\n|poke|p2|Incineroar, L50, M|\n|poke|p2|Whimsicott, L50, M|\n|poke|p2|Blastoise, L50, F|\n|poke|p2|Farigiraf, L50, F|\n|poke|p2|Aegislash, L50, F|\n|poke|p2|Dragonite, L50, F|\n|teampreview|4\n|showteam|p1|Scovillain||Scovillainite|Moody|LeechSeed,RagePowder,Flamethrower,Protect|||M|||50|]Dragonite||WhiteHerb|Multiscale|ScaleShot,StompingTantrum,Protect,ExtremeSpeed|||F|||50|]Kingambit||BlackGlasses|Defiant|KowtowCleave,SuckerPunch,Protect,SwordsDance|||M|||50|]Primarina||Leftovers|LiquidVoice|HyperVoice,CalmMind,Moonblast,Protect|||F|||50|]Garganacl||SitrusBerry|PurifyingSalt|SaltCure,Recover,WideGuard,Protect|||M|||50|]Sneasler||FocusSash|Unburden|Coaching,CloseCombat,DireClaw,FakeOut|||F|||50|\n|showteam|p2|Incineroar||SitrusBerry|Intimidate|FakeOut,PartingShot,FlareBlitz,Snarl|||M|||50|]Whimsicott||FocusSash|Prankster|Tailwind,Encore,Moonblast,Protect|||M|||50|]Blastoise||Blastoisinite|Torrent|WaterSpout,DarkPulse,AuraSphere,Protect|||F|||50|]Farigiraf||MentalHerb|ArmorTail|HelpingHand,DazzlingGleam,TrickRoom,Psychic|||F|||50|]Aegislash||Leftovers|StanceChange|ShadowBall,CloseCombat,KingsShield,FlashCannon|||F|||50|]Dragonite||Dragoninite|Multiscale|ScaleShot,Protect,Tailwind,Haze|||F|||50|\n|inactive|Battle timer is ON: inactive players will automatically lose when time's up. (requested by AshPikachuu)\nAshPikachuu has agreed to open team sheets.\n|\n|t:|1776448614\n|teamsize|p1|4\n|teamsize|p2|4\n|start\n|switch|p1a: Scovillain|Scovillain, L50, M|100/100\n|switch|p1b: Kingambit|Kingambit, L50, M|100/100\n|switch|p2a: Whimsicott|Whimsicott, L50, M|100/100\n|switch|p2b: Aegislash|Aegislash, L50, F|100/100\n|turn|1\n|\n|t:|1776448636\n|detailschange|p1a: Scovillain|Scovillain-Mega, L50, M\n|-mega|p1a: Scovillain|Scovillain|Scovillainite\n|move|p2a: Whimsicott|Tailwind|p2a: Whimsicott\n|-sidestart|p2: AshPikachuu|move: Tailwind\n|move|p1b: Kingambit|Sucker Punch|p2b: Aegislash\n|-supereffective|p2b: Aegislash|1\n|-damage|p2b: Aegislash|14/100\n|-formechange|p2b: Aegislash|Aegislash-Blade|\n|move|p2b: Aegislash|Close Combat|p1b: Kingambit\n|-supereffective|p1b: Kingambit|2\n|-damage|p1b: Kingambit|0 fnt\n|-unboost|p2b: Aegislash|def|1\n|-unboost|p2b: Aegislash|spd|1\n|faint|p1b: Kingambit\n|move|p1a: Scovillain|Flamethrower|p2a: Whimsicott\n|-supereffective|p2a: Whimsicott|1\n|-enditem|p2a: Whimsicott|Focus Sash\n|-damage|p2a: Whimsicott|1/100\n|\n|-heal|p2b: Aegislash|20/100|[from] item: Leftovers\n|upkeep\n|\n|t:|1776448645\n|switch|p1b: Dragonite|Dragonite, L50, F|100/100\n|turn|2\n|inactive|AshPikachuu has 30 seconds left.\n|inactive|lojj has 30 seconds left.\n|inactive|AshPikachuu has 20 seconds left.\n|\n|t:|1776448682\n|move|p1b: Dragonite|Extreme Speed|p2a: Whimsicott\n|-damage|p2a: Whimsicott|0 fnt\n|faint|p2a: Whimsicott\n|move|p1a: Scovillain|Rage Powder|p1a: Scovillain\n|-singleturn|p1a: Scovillain|move: Rage Powder\n|move|p2b: Aegislash|Shadow Ball|p1a: Scovillain\n|-damage|p1a: Scovillain|62/100\n|-status|p2b: Aegislash|brn|[from] ability: Spicy Spray|[of] p1a: Scovillain\n|\n|-heal|p2b: Aegislash|26/100 brn|[from] item: Leftovers\n|-damage|p2b: Aegislash|20/100 brn|[from] brn\n|upkeep\n|\n|t:|1776448689\n|switch|p2a: Farigiraf|Farigiraf, L50, F|100/100\n|turn|3\n|\n|t:|1776448701\n|move|p2a: Farigiraf|Dazzling Gleam|p1a: Scovillain|[spread] p1a,p1b\n|-resisted|p1a: Scovillain|1\n|-supereffective|p1b: Dragonite|1\n|-damage|p1a: Scovillain|56/100\n|-damage|p1b: Dragonite|84/100\n|-status|p2a: Farigiraf|brn|[from] ability: Spicy Spray|[of] p1a: Scovillain\n|move|p2b: Aegislash|Shadow Ball|p1b: Dragonite\n|-damage|p1b: Dragonite|30/100\n|move|p1b: Dragonite|Scale Shot|p2a: Farigiraf|[miss]\n|-miss|p1b: Dragonite|p2a: Farigiraf\n|move|p1a: Scovillain|Leech Seed|p2a: Farigiraf\n|-start|p2a: Farigiraf|move: Leech Seed\n|\n|-heal|p2b: Aegislash|26/100 brn|[from] item: Leftovers\n|-damage|p2a: Farigiraf|88/100 brn|[from] Leech Seed|[of] p1a: Scovillain\n|-heal|p1a: Scovillain|72/100|[silent]\n|-damage|p2a: Farigiraf|82/100 brn|[from] brn\n|-damage|p2b: Aegislash|20/100 brn|[from] brn\n|upkeep\n|turn|4\n|\n|t:|1776448721\n|-formechange|p2b: Aegislash|Aegislash|\n|move|p2b: Aegislash|King's Shield|p2b: Aegislash\n|-singleturn|p2b: Aegislash|Protect\n|move|p1a: Scovillain|Rage Powder|p1a: Scovillain\n|-singleturn|p1a: Scovillain|move: Rage Powder\n|move|p2a: Farigiraf|Dazzling Gleam|p1a: Scovillain|[spread] p1a,p1b\n|-resisted|p1a: Scovillain|1\n|-supereffective|p1b: Dragonite|1\n|-damage|p1a: Scovillain|66/100\n|-damage|p1b: Dragonite|0 fnt\n|faint|p1b: Dragonite\n|\n|-heal|p2b: Aegislash|26/100 brn|[from] item: Leftovers\n|-damage|p2a: Farigiraf|69/100 brn|[from] Leech Seed|[of] p1a: Scovillain\n|-heal|p1a: Scovillain|82/100|[silent]\n|-damage|p2a: Farigiraf|63/100 brn|[from] brn\n|-damage|p2b: Aegislash|20/100 brn|[from] brn\n|-sideend|p2: AshPikachuu|move: Tailwind\n|upkeep\n|\n|t:|1776448729\n|switch|p1b: Garganacl|Garganacl, L50, M|100/100\n|turn|5\n|inactive|AshPikachuu has 30 seconds left.\n|inactive|AshPikachuu has 20 seconds left.\n|inactive|AshPikachuu has 15 seconds left.\n|inactive|AshPikachuu has 10 seconds left.\n|inactive|AshPikachuu has 5 seconds left.\n|\n|t:|1776448784\n|move|p1a: Scovillain|Protect|p1a: Scovillain\n|-singleturn|p1a: Scovillain|Protect\n|move|p2a: Farigiraf|Dazzling Gleam|p1a: Scovillain|[spread] p1b\n|-activate|p1a: Scovillain|move: Protect\n|-damage|p1b: Garganacl|87/100\n|-formechange|p2b: Aegislash|Aegislash-Blade|\n|move|p2b: Aegislash|Flash Cannon|p1b: Garganacl\n|-supereffective|p1b: Garganacl|1\n|-crit|p1b: Garganacl\n|-damage|p1b: Garganacl|0 fnt\n|faint|p1b: Garganacl\n|\n|-heal|p2b: Aegislash|26/100 brn|[from] item: Leftovers\n|-damage|p2a: Farigiraf|51/100 brn|[from] Leech Seed|[of] p1a: Scovillain\n|-heal|p1a: Scovillain|99/100|[silent]\n|-damage|p2a: Farigiraf|44/100 brn|[from] brn\n|-damage|p2b: Aegislash|20/100 brn|[from] brn\n|upkeep\n|turn|6\n|inactive|AshPikachuu has 30 seconds left.\n|\n|t:|1776448810\n|switch|p2a: Blastoise|Blastoise, L50, F|100/100\n|-formechange|p2b: Aegislash|Aegislash|\n|move|p2b: Aegislash|King's Shield|p2b: Aegislash\n|-singleturn|p2b: Aegislash|Protect\n|move|p1a: Scovillain|Flamethrower|p2a: Blastoise\n|-resisted|p2a: Blastoise|1\n|-damage|p2a: Blastoise|79/100\n|\n|-heal|p2b: Aegislash|26/100 brn|[from] item: Leftovers\n|-damage|p2b: Aegislash|20/100 brn|[from] brn\n|upkeep\n|turn|7\n|\n|t:|1776448828\n|switch|p2b: Farigiraf|Farigiraf, L50, F|44/100 brn\n|detailschange|p2a: Blastoise|Blastoise-Mega, L50, F\n|-mega|p2a: Blastoise|Blastoise|Blastoisinite\n|move|p2a: Blastoise|Protect|p2a: Blastoise\n|-singleturn|p2a: Blastoise|Protect\n|move|p1a: Scovillain|Leech Seed|p2a: Blastoise\n|-activate|p2a: Blastoise|move: Protect\n|\n|-damage|p2b: Farigiraf|38/100 brn|[from] brn\n|upkeep\n|turn|8\n|\n|t:|1776448843\n|move|p2b: Farigiraf|Helping Hand|p2a: Blastoise\n|-singleturn|p2a: Blastoise|Helping Hand|[of] p2b: Farigiraf\n|move|p2a: Blastoise|Water Spout|p1a: Scovillain\n|-damage|p1a: Scovillain|11/100\n|-status|p2a: Blastoise|brn|[from] ability: Spicy Spray|[of] p1a: Scovillain\n|move|p1a: Scovillain|Leech Seed|p2a: Blastoise\n|-start|p2a: Blastoise|move: Leech Seed\n|\n|-damage|p2a: Blastoise|67/100 brn|[from] Leech Seed|[of] p1a: Scovillain\n|-heal|p1a: Scovillain|22/100|[silent]\n|-damage|p2a: Blastoise|61/100 brn|[from] brn\n|-damage|p2b: Farigiraf|32/100 brn|[from] brn\n|upkeep\n|turn|9\n|\n|t:|1776448861\n|move|p2b: Farigiraf|Helping Hand|p2a: Blastoise\n|-singleturn|p2a: Blastoise|Helping Hand|[of] p2b: Farigiraf\n|move|p1a: Scovillain|Protect|p1a: Scovillain\n|-singleturn|p1a: Scovillain|Protect\n|move|p2a: Blastoise|Water Spout|p1a: Scovillain\n|-activate|p1a: Scovillain|move: Protect\n|\n|-damage|p2a: Blastoise|49/100 brn|[from] Leech Seed|[of] p1a: Scovillain\n|-heal|p1a: Scovillain|33/100|[silent]\n|-damage|p2a: Blastoise|43/100 brn|[from] brn\n|-damage|p2b: Farigiraf|26/100 brn|[from] brn\n|upkeep\n|turn|10\n|j| Smirkc_01\n|\n|t:|1776448874\n|move|p2b: Farigiraf|Helping Hand|p2a: Blastoise\n|-singleturn|p2a: Blastoise|Helping Hand|[of] p2b: Farigiraf\n|move|p2a: Blastoise|Water Spout|p1a: Scovillain\n|-damage|p1a: Scovillain|0 fnt\n|faint|p1a: Scovillain\n|\n|win|AshPikachuu\n|n|\u2606lojj|lojj\n|n|\u2606AshPikachuu|ashpikachuu\n|n| Smirkc_01|smirkc01\n|l|\u2606lojj\n|player|p1|\n",
  "uploadtime": 1776448884,
  "views": 25,
  "formatid": "gen9championsvgc2026regma",
  "rating": null,
  "private": 0,
  "password": null
}