{
  "id": "gen9championsvgc2026regma-2588369973",
  "format": "[Gen 9 Champions] VGC 2026 Reg M-A",
  "players": [
    "luisetex",
    "JtCSSB"
  ],
  "log": "|j|\u2606luisetex\n|j|\u2606JtCSSB\n|t:|1776627848\n|gametype|doubles\n|player|p1|luisetex|102|1083\n|player|p2|JtCSSB|102|1036\n|gen|9\n|tier|[Gen 9 Champions] VGC 2026 Reg M-A\n|rated|\n|rule|Species Clause: Limit one of each Pok\u00e9mon\n|rule|Item Clause: Limit 1 of each item\n|clearpoke\n|poke|p1|Gengar, L50, F|\n|poke|p1|Politoed, L50, F|\n|poke|p1|Blastoise, L50, M|\n|poke|p1|Incineroar, L50, M|\n|poke|p1|Snorlax, L50, M|\n|poke|p1|Scizor, L50, F|\n|poke|p2|Sableye, L50, M|\n|poke|p2|Maushold, L50|\n|poke|p2|Delphox, L50, M|\n|poke|p2|Whimsicott, L50, F|\n|poke|p2|Tyranitar, L50, M|\n|poke|p2|Rotom-Wash, L50|\n|teampreview|4\n|inactive|Battle timer is ON: inactive players will automatically lose when time's up. (requested by JtCSSB)\n|\n|t:|1776627876\n|teamsize|p1|4\n|teamsize|p2|4\n|start\n|switch|p1a: Politoed|Politoed, L50, F|100/100\n|switch|p1b: Gengar|Gengar, L50, F|100/100\n|switch|p2a: Sableye|Sableye, L50, M|100/100\n|switch|p2b: Rotom|Rotom-Wash, L50|100/100\n|-weather|RainDance|[from] ability: Drizzle|[of] p1a: Politoed\n|turn|1\n|inactive|luisetex has 30 seconds left.\n|\n|t:|1776627905\n|detailschange|p1b: Gengar|Gengar-Mega, L50, F\n|-mega|p1b: Gengar|Gengar|Gengarite\n|move|p1a: Politoed|Protect|p1a: Politoed\n|-singleturn|p1a: Politoed|Protect\n|move|p2b: Rotom|Hydro Pump|p1b: Gengar\n|-damage|p1b: Gengar|23/100\n|move|p1b: Gengar|Perish Song|p1b: Gengar\n|-start|p1a: Politoed|perish3|[silent]\n|-start|p1b: Gengar|perish3|[silent]\n|-start|p2a: Sableye|perish3|[silent]\n|-start|p2b: Rotom|perish3|[silent]\n|-fieldactivate|move: Perish Song\n|move|p2a: Sableye|Foul Play|p1b: Gengar\n|-supereffective|p1b: Gengar|1\n|-damage|p1b: Gengar|0 fnt\n|faint|p1b: Gengar\n|\n|-weather|RainDance|[upkeep]\n|-start|p2b: Rotom|perish3\n|-start|p1a: Politoed|perish3\n|-start|p2a: Sableye|perish3\n|upkeep\n|\n|t:|1776627919\n|switch|p1b: Blastoise|Blastoise, L50, M|100/100\n|turn|2\n|\n|t:|1776627933\n|switch|p2b: Maushold|Maushold, L50|100/100\n|move|p2a: Sableye|Encore|p1a: Politoed\n|-start|p1a: Politoed|Encore\n|-enditem|p1a: Politoed|Mental Herb\n|-end|p1a: Politoed|Encore\n|move|p1b: Blastoise|Yawn|p2a: Sableye\n|-start|p2a: Sableye|move: Yawn|[of] p1b: Blastoise\n|move|p1a: Politoed|Weather Ball|p2a: Sableye\n|-damage|p2a: Sableye|39/100\n|\n|-weather|RainDance|[upkeep]\n|-start|p1a: Politoed|perish2\n|-start|p2a: Sableye|perish2\n|upkeep\n|turn|3\n|\n|t:|1776627956\n|move|p2a: Sableye|Gravity|p2a: Sableye\n|-fieldstart|move: Gravity\n|move|p2b: Maushold|Population Bomb|p1b: Blastoise\n|-damage|p1b: Blastoise|92/100\n|-damage|p1b: Blastoise|84/100\n|-damage|p1b: Blastoise|76/100\n|-damage|p1b: Blastoise|68/100\n|-damage|p1b: Blastoise|59/100\n|-damage|p1b: Blastoise|50/100\n|-damage|p1b: Blastoise|41/100\n|-crit|p1b: Blastoise\n|-damage|p1b: Blastoise|27/100\n|-crit|p1b: Blastoise\n|-damage|p1b: Blastoise|14/100\n|-damage|p1b: Blastoise|6/100\n|-hitcount|p1b: Blastoise|10\n|move|p1b: Blastoise|Yawn|p2b: Maushold\n|-start|p2b: Maushold|move: Yawn|[of] p1b: Blastoise\n|move|p1a: Politoed|Weather Ball|p2a: Sableye\n|-damage|p2a: Sableye|0 fnt\n|faint|p2a: Sableye\n|\n|-weather|RainDance|[upkeep]\n|-heal|p1b: Blastoise|12/100|[from] ability: Rain Dish\n|-heal|p1b: Blastoise|18/100|[from] item: Leftovers\n|-start|p1a: Politoed|perish1\n|upkeep\n|\n|t:|1776627964\n|switch|p2a: Rotom|Rotom-Wash, L50|100/100\n|turn|4\n|inactive|luisetex has 30 seconds left.\n|inactive|luisetex has 20 seconds left.\n|inactive|luisetex has 15 seconds left.\n|inactive|luisetex has 10 seconds left.\n|\n|t:|1776628011\n|switch|p1b: Incineroar|Incineroar, L50, M|100/100\n|-ability|p1b: Incineroar|Intimidate|boost\n|-unboost|p2a: Rotom|atk|1\n|-unboost|p2b: Maushold|atk|1\n|move|p1a: Politoed|Protect|p1a: Politoed\n|-singleturn|p1a: Politoed|Protect\n|move|p2a: Rotom|Volt Switch|p1a: Politoed\n|-activate|p1a: Politoed|move: Protect\n|move|p2b: Maushold|U-turn|p1a: Politoed\n|-activate|p1a: Politoed|move: Protect\n|\n|-weather|RainDance|[upkeep]\n|-end|p2b: Maushold|move: Yawn|[silent]\n|-status|p2b: Maushold|slp\n|-start|p1a: Politoed|perish0\n|faint|p1a: Politoed\n|upkeep\n|\n|t:|1776628019\n|switch|p1a: Blastoise|Blastoise, L50, M|18/100\n|turn|5\n|\n|t:|1776628030\n|cant|p2b: Maushold|slp\n|move|p1a: Blastoise|Fake Out|p2a: Rotom\n|-damage|p2a: Rotom|89/100\n|cant|p2a: Rotom|flinch\n|move|p1b: Incineroar|Darkest Lariat|p2a: Rotom\n|-damage|p2a: Rotom|41/100\n|\n|-weather|none\n|-heal|p1a: Blastoise|24/100|[from] item: Leftovers\n|upkeep\n|turn|6\n|\n|t:|1776628049\n|move|p2a: Rotom|Volt Switch|p1a: Blastoise\n|-supereffective|p1a: Blastoise|1\n|-damage|p1a: Blastoise|0 fnt\n|faint|p1a: Blastoise\n|\n|t:|1776628052\n|switch|p2a: Tyranitar|Tyranitar, L50, M|100/100|[from] Volt Switch\n|-weather|Sandstorm|[from] ability: Sand Stream|[of] p2a: Tyranitar\n|cant|p2b: Maushold|slp\n|move|p1b: Incineroar|Darkest Lariat|p2a: Tyranitar\n|-resisted|p2a: Tyranitar|1\n|-damage|p2a: Tyranitar|86/100\n|\n|-weather|Sandstorm|[upkeep]\n|-damage|p2b: Maushold|95/100 slp|[from] Sandstorm\n|-damage|p1b: Incineroar|95/100|[from] Sandstorm\n|upkeep\n|turn|7\n|-message|luisetex forfeited.\n|\n|win|JtCSSB\n|raw|luisetex's rating: 1083 &rarr; <strong>1058</strong><br />(-25 for losing)\n|raw|JtCSSB's rating: 1036 &rarr; <strong>1075</strong><br />(+39 for winning)\n",
  "uploadtime": 1776628063,
  "views": 17,
  "formatid": "gen9championsvgc2026regma",
  "rating": 1058,
  "private": 0,
  "password": null
}