{
  "id": "gen9championsvgc2026regma-2586328030",
  "format": "[Gen 9 Champions] VGC 2026 Reg M-A",
  "players": [
    "clpb",
    "doxy_clone"
  ],
  "log": "|j|\u2606clpb\n|j|\u2606doxy_clone\n|t:|1776425714\n|gametype|doubles\n|player|p1|clpb|170|1082\n|player|p2|doxy_clone|red|1111\n|gen|9\n|tier|[Gen 9 Champions] VGC 2026 Reg M-A\n|rated|\n|rule|Species Clause: Limit one of each Pok\u00e9mon\n|rule|Item Clause: Limit 1 of each item\n|clearpoke\n|poke|p1|Tinkaton, L50, F|\n|poke|p1|Altaria, L50, M|\n|poke|p1|Basculegion, L50, M|\n|poke|p1|Excadrill, L50, M|\n|poke|p1|Floette-Eternal, L50, F|\n|poke|p1|Rotom-Wash, L50|\n|poke|p2|Charizard, L50, M|\n|poke|p2|Venusaur, L50, F|\n|poke|p2|Whimsicott, L50, F|\n|poke|p2|Milotic, L50, F|\n|poke|p2|Garchomp, L50, F|\n|poke|p2|Kingambit, L50, M|\n|teampreview|4\n|inactive|Battle timer is ON: inactive players will automatically lose when time's up. (requested by clpb)\n|inactive|doxy_clone also wants the timer to be on.\n|inactive|doxy_clone has 60 seconds left.\n|\n|t:|1776425751\n|teamsize|p1|4\n|teamsize|p2|4\n|start\n|switch|p1a: Altaria|Altaria, L50, M|100/100\n|switch|p1b: Excadrill|Excadrill, L50, M|100/100\n|switch|p2a: Charizard|Charizard, L50, M|100/100\n|switch|p2b: Garchomp|Garchomp, L50, F|100/100\n|-ability|p1a: Altaria|Cloud Nine\n|turn|1\n|inactive|clpb has 30 seconds left.\n|inactive|doxy_clone has 30 seconds left.\n|\n|t:|1776425784\n|detailschange|p2a: Charizard|Charizard-Mega-Y, L50, M\n|-mega|p2a: Charizard|Charizard|Charizardite Y\n|-weather|SunnyDay|[from] ability: Drought|[of] p2a: Charizard\n|detailschange|p1b: Excadrill|Excadrill-Mega, L50, M\n|-mega|p1b: Excadrill|Excadrill|Excadrite\n|move|p2b: Garchomp|Rock Slide|p1a: Altaria|[spread] p1a,p1b\n|-supereffective|p1a: Altaria|1\n|-resisted|p1b: Excadrill|2\n|-damage|p1a: Altaria|46/100\n|-damage|p1b: Excadrill|96/100\n|move|p1b: Excadrill|Poison Jab|p2a: Charizard\n|-damage|p2a: Charizard|46/100\n|move|p2a: Charizard|Weather Ball|p1b: Excadrill\n|-resisted|p1b: Excadrill|1\n|-damage|p1b: Excadrill|82/100\n|cant|p1a: Altaria|flinch\n|\n|-weather|SunnyDay|[upkeep]\n|upkeep\n|turn|2\n|inactive|clpb has 30 seconds left.\n|inactive|doxy_clone has 30 seconds left.\n|inactive|doxy_clone has 20 seconds left.\n|inactive|doxy_clone has 15 seconds left.\n|\n|t:|1776425828\n|move|p2a: Charizard|Protect|p2a: Charizard\n|-singleturn|p2a: Charizard|Protect\n|move|p1a: Altaria|Protect|p1a: Altaria\n|-singleturn|p1a: Altaria|Protect\n|move|p2b: Garchomp|Rock Slide|p1b: Excadrill|[spread] p1b\n|-activate|p1a: Altaria|move: Protect\n|-resisted|p1b: Excadrill|2\n|-damage|p1b: Excadrill|77/100\n|cant|p1b: Excadrill|flinch\n|\n|-weather|SunnyDay|[upkeep]\n|upkeep\n|turn|3\n|\n|t:|1776425837\n|switch|p2a: Kingambit|Kingambit, L50, M|100/100\n|move|p2b: Garchomp|Rock Slide|p1a: Altaria|[spread] p1a,p1b\n|-supereffective|p1a: Altaria|1\n|-resisted|p1b: Excadrill|2\n|-damage|p1a: Altaria|0 fnt\n|-damage|p1b: Excadrill|72/100\n|faint|p1a: Altaria\n|move|p1b: Excadrill|Poison Jab|p2a: Kingambit\n|-immune|p2a: Kingambit\n|\n|-weather|SunnyDay|[upkeep]\n|upkeep\n|\n|t:|1776425852\n|switch|p1a: Basculegion|Basculegion, L50, M|100/100\n|turn|4\n|\n|t:|1776425870\n|switch|p2b: Venusaur|Venusaur, L50, F|100/100\n|move|p2a: Kingambit|Sucker Punch|p1a: Basculegion\n|-supereffective|p1a: Basculegion|1\n|-damage|p1a: Basculegion|0 fnt\n|faint|p1a: Basculegion\n|move|p1b: Excadrill|Earthquake|p2b: Venusaur|[spread] p2a,p2b\n|-supereffective|p2a: Kingambit|1\n|-damage|p2a: Kingambit|33/100\n|-damage|p2b: Venusaur|35/100\n|\n|-weather|SunnyDay|[upkeep]\n|upkeep\n|\n|t:|1776425881\n|switch|p1a: Floette|Floette-Eternal, L50, F|100/100\n|turn|5\n|inactive|clpb has 30 seconds left.\n|\n|t:|1776425909\n|move|p2b: Venusaur|Sludge Bomb|p1a: Floette\n|-supereffective|p1a: Floette|1\n|-damage|p1a: Floette|11/100\n|-enditem|p1a: Floette|Sitrus Berry|[eat]\n|-heal|p1a: Floette|35/100|[from] item: Sitrus Berry\n|move|p1b: Excadrill|Megahorn|p2b: Venusaur\n|-damage|p2b: Venusaur|0 fnt\n|faint|p2b: Venusaur\n|move|p1a: Floette|Dazzling Gleam|p2a: Kingambit\n|-damage|p2a: Kingambit|0 fnt\n|faint|p2a: Kingambit\n|\n|-weather|none\n|upkeep\n|\n|t:|1776425917\n|switch|p2b: Garchomp|Garchomp, L50, F|100/100\n|switch|p2a: Charizard|Charizard-Mega-Y, L50, M|46/100\n|-weather|SunnyDay|[from] ability: Drought|[of] p2a: Charizard\n|turn|6\n|\n|t:|1776425940\n|move|p2b: Garchomp|Earthquake|p1a: Floette|[spread] p1a,p1b\n|-immune|p2a: Charizard\n|-supereffective|p1b: Excadrill|1\n|-damage|p1a: Floette|0 fnt\n|-damage|p1b: Excadrill|0 fnt\n|faint|p1a: Floette\n|faint|p1b: Excadrill\n|\n|win|doxy_clone\n|raw|clpb's rating: 1082 &rarr; <strong>1062</strong><br />(-20 for losing)\n|raw|doxy_clone's rating: 1111 &rarr; <strong>1134</strong><br />(+23 for winning)\n",
  "uploadtime": 1776425954,
  "views": 27,
  "formatid": "gen9championsvgc2026regma",
  "rating": 1062,
  "private": 0,
  "password": null
}