{
  "id": "gen9championsvgc2026regma-2587061361",
  "format": "[Gen 9 Champions] VGC 2026 Reg M-A",
  "players": [
    "thundercat104",
    "alkdfe"
  ],
  "log": "|j|\u2606thundercat104\n|j|\u2606alkdfe\n|t:|1776488248\n|gametype|doubles\n|player|p1|thundercat104|1|1091\n|player|p2|alkdfe|elesa|1162\n|gen|9\n|tier|[Gen 9 Champions] VGC 2026 Reg M-A\n|rated|\n|rule|Species Clause: Limit one of each Pok\u00e9mon\n|rule|Item Clause: Limit 1 of each item\n|clearpoke\n|poke|p1|Froslass, L50, F|\n|poke|p1|Incineroar, L50, F|\n|poke|p1|Orthworm, L50, F|\n|poke|p1|Garchomp, L50, F|\n|poke|p1|Basculegion, L50, M|\n|poke|p1|Rotom-Frost, L50|\n|poke|p2|Floette-Eternal, L50, F|\n|poke|p2|Garchomp, L50, M|\n|poke|p2|Sinistcha, L50|\n|poke|p2|Talonflame, L50, M|\n|poke|p2|Kingambit, L50, F|\n|poke|p2|Delphox, L50, M|\n|teampreview|4\n|\n|t:|1776488274\n|teamsize|p1|4\n|teamsize|p2|4\n|start\n|switch|p1a: Garchomp|Garchomp, L50, F|100/100\n|switch|p1b: Orthworm|Orthworm, L50, F|100/100\n|switch|p2a: Kingambit|Kingambit, L50, F|100/100\n|switch|p2b: Delphox|Delphox, L50, M|100/100\n|turn|1\n|inactive|Battle timer is ON: inactive players will automatically lose when time's up. (requested by thundercat104)\n|\n|t:|1776488297\n|switch|p1b: Basculegion|Basculegion, L50, M|100/100\n|switch|p2a: Talonflame|Talonflame, L50, M|100/100\n|detailschange|p2b: Delphox|Delphox-Mega, L50, M\n|-mega|p2b: Delphox|Delphox|Delphoxite\n|move|p2b: Delphox|Heat Wave|p1b: Basculegion|[spread] p1a,p1b\n|-resisted|p1a: Garchomp|1\n|-resisted|p1b: Basculegion|1\n|-damage|p1a: Garchomp|81/100\n|-damage|p1b: Basculegion|80/100\n|-status|p1b: Basculegion|brn\n|move|p1a: Garchomp|Earthquake|p2b: Delphox|[spread] p1b\n|-immune|p2a: Talonflame\n|-immune|p2b: Delphox|[from] ability: Levitate\n|-damage|p1b: Basculegion|31/100 brn\n|\n|-damage|p1b: Basculegion|25/100 brn|[from] brn\n|upkeep\n|turn|2\n|inactive|alkdfe has 30 seconds left.\n|\n|t:|1776488322\n|switch|p2b: Kingambit|Kingambit, L50, F|100/100\n|move|p2a: Talonflame|Tailwind|p2a: Talonflame\n|-sidestart|p2: alkdfe|move: Tailwind\n|move|p1b: Basculegion|Flip Turn|p2b: Kingambit\n|-damage|p2b: Kingambit|87/100\n|\n|t:|1776488333\n|switch|p1b: Orthworm|Orthworm, L50, F|100/100|[from] Flip Turn\n|move|p1a: Garchomp|Rock Slide|p2a: Talonflame|[spread] p2a,p2b\n|-supereffective|p2a: Talonflame|2\n|-resisted|p2b: Kingambit|1\n|-damage|p2a: Talonflame|5/100\n|-damage|p2b: Kingambit|81/100\n|\n|upkeep\n|turn|3\n|\n|t:|1776488355\n|move|p2a: Talonflame|Feint|p1a: Garchomp\n|-damage|p1a: Garchomp|73/100\n|move|p1a: Garchomp|Rock Slide|p2a: Talonflame|[spread] p2a,p2b\n|-supereffective|p2a: Talonflame|2\n|-resisted|p2b: Kingambit|1\n|-damage|p2a: Talonflame|0 fnt\n|-damage|p2b: Kingambit|74/100\n|faint|p2a: Talonflame\n|move|p2b: Kingambit|Kowtow Cleave|p1a: Garchomp\n|-damage|p1a: Garchomp|33/100\n|-damage|p2b: Kingambit|62/100|[from] ability: Rough Skin|[of] p1a: Garchomp\n|move|p1b: Orthworm|Iron Defense|p1b: Orthworm\n|-boost|p1b: Orthworm|def|2\n|\n|upkeep\n|\n|t:|1776488369\n|switch|p2a: Delphox|Delphox-Mega, L50, M|100/100\n|turn|4\n|\n|t:|1776488378\n|switch|p1b: Incineroar|Incineroar, L50, F|100/100\n|-ability|p1b: Incineroar|Intimidate|boost\n|-unboost|p2a: Delphox|atk|1\n|-unboost|p2b: Kingambit|atk|1\n|-ability|p2b: Kingambit|Defiant|boost\n|-boost|p2b: Kingambit|atk|2\n|move|p1a: Garchomp|Protect|p1a: Garchomp\n|-singleturn|p1a: Garchomp|Protect\n|move|p2b: Kingambit|Sucker Punch||[still]\n|-fail|p2b: Kingambit\n|move|p2a: Delphox|Heat Wave|p1b: Incineroar|[spread] p1b\n|-activate|p1a: Garchomp|move: Protect\n|-resisted|p1b: Incineroar|1\n|-damage|p1b: Incineroar|83/100\n|\n|upkeep\n|turn|5\n|\n|t:|1776488401\n|switch|p2a: Garchomp|Garchomp, L50, M|100/100\n|move|p2b: Kingambit|Protect|p2b: Kingambit\n|-singleturn|p2b: Kingambit|Protect\n|move|p1b: Incineroar|Fake Out|p2b: Kingambit\n|-activate|p2b: Kingambit|move: Protect\n|move|p1a: Garchomp|Rock Slide|p2a: Garchomp|[spread] p2a\n|-activate|p2b: Kingambit|move: Protect\n|-resisted|p2a: Garchomp|1\n|-damage|p2a: Garchomp|91/100\n|\n|-sideend|p2: alkdfe|move: Tailwind\n|upkeep\n|turn|6\n|inactive|thundercat104 has 30 seconds left.\n|\n|t:|1776488428\n|switch|p2b: Delphox|Delphox-Mega, L50, M|100/100\n|move|p1a: Garchomp|Dragon Claw|p2a: Garchomp\n|-supereffective|p2a: Garchomp|1\n|-damage|p2a: Garchomp|16/100\n|-damage|p1a: Garchomp|21/100|[from] ability: Rough Skin|[of] p2a: Garchomp\n|move|p2a: Garchomp|Earthquake|p1b: Incineroar|[spread] p1a,p1b\n|-immune|p2b: Delphox|[from] ability: Levitate\n|-supereffective|p1b: Incineroar|1\n|-damage|p1a: Garchomp|0 fnt\n|-damage|p1b: Incineroar|0 fnt\n|faint|p1a: Garchomp\n|faint|p1b: Incineroar\n|\n|upkeep\n|\n|t:|1776488432\n|switch|p1a: Basculegion|Basculegion, L50, M|25/100 brn\n|switch|p1b: Orthworm|Orthworm, L50, F|100/100\n|turn|7\n|\n|t:|1776488454\n|switch|p2b: Kingambit|Kingambit, L50, F|62/100\n|move|p1a: Basculegion|Wave Crash|p2b: Kingambit\n|-damage|p2b: Kingambit|38/100\n|-damage|p1a: Basculegion|16/100 brn|[from] Recoil\n|move|p2a: Garchomp|Stomping Tantrum|p1a: Basculegion\n|-damage|p1a: Basculegion|0 fnt\n|faint|p1a: Basculegion\n|move|p1b: Orthworm|Body Press|p2a: Garchomp\n|-damage|p2a: Garchomp|0 fnt\n|-damage|p1b: Orthworm|88/100|[from] ability: Rough Skin|[of] p2a: Garchomp\n|faint|p2a: Garchomp\n|\n|upkeep\n|-message|thundercat104 forfeited.\n|\n|win|alkdfe\n|raw|thundercat104's rating: 1091 &rarr; <strong>1072</strong><br />(-19 for losing)\n|raw|alkdfe's rating: 1162 &rarr; <strong>1182</strong><br />(+20 for winning)\n|l|\u2606thundercat104\n|player|p1|\n",
  "uploadtime": 1776488472,
  "views": 27,
  "formatid": "gen9championsvgc2026regma",
  "rating": 1072,
  "private": 0,
  "password": null
}