{
  "id": "gen9championsvgc2026regma-2585639000",
  "format": "[Gen 9 Champions] VGC 2026 Reg M-A",
  "players": [
    "DannyMcCake",
    "MatiZ1997"
  ],
  "log": "|j|\u2606DannyMcCake\n|j|\u2606MatiZ1997\n|t:|1776360552\n|gametype|doubles\n|player|p1|DannyMcCake|hiker-gen4|1131\n|player|p2|MatiZ1997|102|1127\n|gen|9\n|tier|[Gen 9 Champions] VGC 2026 Reg M-A\n|rated|\n|rule|Species Clause: Limit one of each Pok\u00e9mon\n|rule|Item Clause: Limit 1 of each item\n|clearpoke\n|poke|p1|Typhlosion-Hisui, L50, M|\n|poke|p1|Lopunny, L50, M|\n|poke|p1|Aerodactyl, L50, F|\n|poke|p1|Sinistcha, L50|\n|poke|p1|Basculegion, L50, M|\n|poke|p1|Kingambit, L50, F|\n|poke|p2|Starmie, L50|\n|poke|p2|Pelipper, L50, M|\n|poke|p2|Basculegion, L50, M|\n|poke|p2|Archaludon, L50, F|\n|poke|p2|Sableye, L50, F|\n|poke|p2|Milotic, L50, F|\n|teampreview|4\n|\n|t:|1776360578\n|teamsize|p1|4\n|teamsize|p2|4\n|start\n|switch|p1a: T-Diddy|Typhlosion-Hisui, L50, M|100/100\n|switch|p1b: The Pokler|Lopunny, L50, M|100/100\n|switch|p2a: Sableye|Sableye, L50, F|100/100\n|switch|p2b: Milotic|Milotic, L50, F|100/100\n|turn|1\n|\n|t:|1776360595\n|detailschange|p1b: The Pokler|Lopunny-Mega, L50, M\n|-mega|p1b: The Pokler|Lopunny|Lopunnite\n|move|p2b: Milotic|Protect|p2b: Milotic\n|-singleturn|p2b: Milotic|Protect\n|move|p1b: The Pokler|Fake Out|p2b: Milotic\n|-activate|p2b: Milotic|move: Protect\n|move|p2a: Sableye|Rain Dance|p2a: Sableye\n|-weather|RainDance\n|move|p1a: T-Diddy|Shadow Ball|p2a: Sableye\n|-damage|p2a: Sableye|46/100\n|\n|-weather|RainDance|[upkeep]\n|upkeep\n|turn|2\n|\n|t:|1776360611\n|switch|p1a: Wally East|Basculegion, L50, M|100/100\n|move|p2a: Sableye|Rain Dance||[still]\n|-fail|p2a: Sableye\n|move|p1b: The Pokler|Thunder Punch|p2b: Milotic\n|-supereffective|p2b: Milotic|1\n|-damage|p2b: Milotic|52/100\n|move|p2b: Milotic|Muddy Water|p1b: The Pokler|[spread] p1a,p1b\n|-resisted|p1a: Wally East|1\n|-damage|p1a: Wally East|79/100\n|-damage|p1b: The Pokler|51/100\n|\n|-weather|RainDance|[upkeep]\n|upkeep\n|turn|3\n|inactive|Battle timer is ON: inactive players will automatically lose when time's up. (requested by DannyMcCake)\n|inactive|MatiZ1997 has 60 seconds left.\n|inactive|MatiZ1997 has 30 seconds left.\n|inactive|MatiZ1997 has 20 seconds left.\n|inactive|MatiZ1997 has 15 seconds left.\n|inactive|MatiZ1997 has 10 seconds left.\n|inactive|MatiZ1997 has 5 seconds left.\n|\n|t:|1776360777\n|move|p2b: Milotic|Protect|p2b: Milotic\n|-singleturn|p2b: Milotic|Protect\n|move|p2a: Sableye|Gravity|p2a: Sableye\n|-fieldstart|move: Gravity\n|move|p1b: The Pokler|Close Combat|p2b: Milotic\n|-activate|p2b: Milotic|move: Protect\n|move|p1a: Wally East|Flip Turn|p2a: Sableye\n|-damage|p2a: Sableye|0 fnt\n|faint|p2a: Sableye\n|\n|t:|1776360788\n|switch|p1a: Naginata|Kingambit, L50, F|100/100|[from] Flip Turn\n|\n|-weather|RainDance|[upkeep]\n|upkeep\n|inactive|MatiZ1997 has 30 seconds left.\n|inactive|MatiZ1997 has 20 seconds left.\n|inactive|MatiZ1997 has 15 seconds left.\n|inactive|MatiZ1997 has 10 seconds left.\n|inactive|MatiZ1997 has 5 seconds left.\n|\n|t:|1776360843\n|switch|p2a: Basculegion|Basculegion, L50, M|100/100\n|turn|4\n|inactive|MatiZ1997 has 30 seconds left.\n|inactive|MatiZ1997 has 20 seconds left.\n|inactive|MatiZ1997 has 15 seconds left.\n|inactive|MatiZ1997 has 10 seconds left.\n|inactive|MatiZ1997 has 5 seconds left.\n|\n|t:|1776360899\n|switch|p1b: Wally East|Basculegion, L50, M|79/100\n|move|p2b: Milotic|Protect|p2b: Milotic\n|-singleturn|p2b: Milotic|Protect\n|move|p2a: Basculegion|Psychic Fangs|p1b: Wally East\n|-damage|p1b: Wally East|40/100\n|move|p1a: Naginata|Kowtow Cleave|p2a: Basculegion\n|-supereffective|p2a: Basculegion|1\n|-damage|p2a: Basculegion|0 fnt\n|faint|p2a: Basculegion\n|\n|-weather|RainDance|[upkeep]\n|upkeep\n|inactive|MatiZ1997 has 30 seconds left.\n|inactive|MatiZ1997 has 20 seconds left.\n|inactive|MatiZ1997 has 15 seconds left.\n|inactive|MatiZ1997 has 10 seconds left.\n|inactive|MatiZ1997 has 5 seconds left.\n|\n|t:|1776360954\n|switch|p2a: Starmie|Starmie, L50|100/100\n|turn|5\n|inactive|MatiZ1997 has 30 seconds left.\n|inactive|DannyMcCake has 30 seconds left.\n|inactive|MatiZ1997 has 20 seconds left.\n|inactive|MatiZ1997 has 15 seconds left.\n|inactive|MatiZ1997 has 10 seconds left.\n|inactive|MatiZ1997 has 5 seconds left.\n|\n|t:|1776361009\n|move|p2a: Starmie|Protect|p2a: Starmie\n|-singleturn|p2a: Starmie|Protect\n|move|p2b: Milotic|Protect||[still]\n|-fail|p2b: Milotic\n|move|p1b: Wally East|Last Respects|p2a: Starmie\n|-activate|p2a: Starmie|move: Protect\n|move|p1a: Naginata|Kowtow Cleave|p2b: Milotic\n|-damage|p2b: Milotic|2/100\n|-enditem|p2b: Milotic|Sitrus Berry|[eat]\n|-heal|p2b: Milotic|27/100|[from] item: Sitrus Berry\n|\n|-weather|none\n|upkeep\n|turn|6\n|\n|t:|1776361031\n|move|p2a: Starmie|Aqua Jet|p1b: Wally East\n|-resisted|p1b: Wally East|1\n|-damage|p1b: Wally East|30/100\n|move|p1b: Wally East|Last Respects|p2a: Starmie\n|-supereffective|p2a: Starmie|1\n|-damage|p2a: Starmie|0 fnt\n|faint|p2a: Starmie\n|move|p2b: Milotic|Hypnosis|p1a: Naginata\n|-status|p1a: Naginata|slp|[from] move: Hypnosis\n|cant|p1a: Naginata|slp\n|\n|upkeep\n|turn|7\n|\n|t:|1776361044\n|move|p1b: Wally East|Last Respects|p2b: Milotic\n|-damage|p2b: Milotic|0 fnt\n|faint|p2b: Milotic\n|\n|win|DannyMcCake\n|raw|DannyMcCake's rating: 1131 &rarr; <strong>1156</strong><br />(+25 for winning)\n|raw|MatiZ1997's rating: 1127 &rarr; <strong>1102</strong><br />(-25 for losing)\n|l|\u2606MatiZ1997\n|player|p2|\n",
  "uploadtime": 1776361053,
  "views": 17,
  "formatid": "gen9championsvgc2026regma",
  "rating": 1102,
  "private": 0,
  "password": null
}