{
  "id": "gen9championsvgc2026regma-2585077227",
  "format": "[Gen 9 Champions] VGC 2026 Reg M-A",
  "players": [
    "EatingP1zza",
    "Hhhheeeeyyyy"
  ],
  "log": "|j|\u2606EatingP1zza\n|j|\u2606Hhhheeeeyyyy\n|t:|1776309378\n|gametype|doubles\n|player|p1|EatingP1zza|iris|1022\n|player|p2|Hhhheeeeyyyy|169|1047\n|gen|9\n|tier|[Gen 9 Champions] VGC 2026 Reg M-A\n|rated|\n|rule|Species Clause: Limit one of each Pok\u00e9mon\n|rule|Item Clause: Limit 1 of each item\n|clearpoke\n|poke|p1|Whimsicott, L50, F|\n|poke|p1|Excadrill, L50, F|\n|poke|p1|Kingambit, L50, F|\n|poke|p1|Weavile, L50, M|\n|poke|p1|Tyranitar, L50, M|\n|poke|p1|Hawlucha, L50, F|\n|poke|p2|Abomasnow, L50, F|\n|poke|p2|Ninetales-Alola, L50, F|\n|poke|p2|Froslass, L50, F|\n|poke|p2|Incineroar, L50, F|\n|poke|p2|Whimsicott, L50, F|\n|poke|p2|Garchomp, L50, M|\n|teampreview|4\n|inactive|Battle timer is ON: inactive players will automatically lose when time's up. (requested by Hhhheeeeyyyy)\n|\n|t:|1776309420\n|teamsize|p1|4\n|teamsize|p2|4\n|start\n|switch|p1a: Whimsicott|Whimsicott, L50, F|100/100\n|switch|p1b: Weavile|Weavile, L50, M|100/100\n|switch|p2a: Incineroar|Incineroar, L50, F|100/100\n|switch|p2b: Abomasnow|Abomasnow, L50, F|100/100\n|-ability|p1b: Weavile|Pressure\n|-ability|p2a: Incineroar|Intimidate|boost\n|-unboost|p1a: Whimsicott|atk|1\n|-unboost|p1b: Weavile|atk|1\n|-weather|Snowscape|[from] ability: Snow Warning|[of] p2b: Abomasnow\n|-enditem|p1b: Weavile|White Herb\n|-clearnegativeboost|p1b: Weavile|[silent]\n|turn|1\n|l|\u2606Hhhheeeeyyyy\n|inactive|Hhhheeeeyyyy disconnected and has a minute to reconnect!\n|player|p2|\n|j|\u2606Hhhheeeeyyyy\n|inactive|Hhhheeeeyyyy reconnected and has 35 seconds left.\n|player|p2|Hhhheeeeyyyy|169|\n|inactive|Hhhheeeeyyyy has 30 seconds left.\n|\n|t:|1776309448\n|move|p1b: Weavile|Fake Out|p2a: Incineroar\n|-damage|p2a: Incineroar|88/100\n|move|p1a: Whimsicott|Tailwind|p1a: Whimsicott\n|-sidestart|p1: EatingP1zza|move: Tailwind\n|cant|p2a: Incineroar|flinch\n|move|p2b: Abomasnow|Aurora Veil|p2b: Abomasnow\n|-sidestart|p2: Hhhheeeeyyyy|move: Aurora Veil\n|\n|-weather|Snowscape|[upkeep]\n|upkeep\n|turn|2\n|inactive|EatingP1zza has 30 seconds left.\n|\n|t:|1776309476\n|move|p1a: Whimsicott|Encore|p2b: Abomasnow\n|-start|p2b: Abomasnow|Encore\n|move|p1b: Weavile|Low Kick|p2a: Incineroar\n|-supereffective|p2a: Incineroar|1\n|-damage|p2a: Incineroar|58/100\n|move|p2a: Incineroar|Flare Blitz|p1b: Weavile\n|-supereffective|p1b: Weavile|1\n|-damage|p1b: Weavile|1/100\n|-damage|p2a: Incineroar|30/100|[from] Recoil\n|move|p2b: Abomasnow|Aurora Veil||[still]\n|-fail|p2b: Abomasnow\n|\n|-weather|Snowscape|[upkeep]\n|upkeep\n|turn|3\n|l|\u2606Hhhheeeeyyyy\n|inactive|Hhhheeeeyyyy disconnected and has a minute to reconnect!\n|player|p2|\n|j|\u2606Hhhheeeeyyyy\n|inactive|Hhhheeeeyyyy reconnected and has 45 seconds left.\n|player|p2|Hhhheeeeyyyy|169|\n|\n|t:|1776309499\n|switch|p2b: Froslass|Froslass, L50, F|100/100\n|move|p2a: Incineroar|Protect|p2a: Incineroar\n|-singleturn|p2a: Incineroar|Protect\n|move|p1a: Whimsicott|Light Screen|p1a: Whimsicott\n|-sidestart|p1: EatingP1zza|move: Light Screen\n|move|p1b: Weavile|Knock Off|p2a: Incineroar\n|-activate|p2a: Incineroar|move: Protect\n|\n|-weather|Snowscape|[upkeep]\n|upkeep\n|turn|4\n|\n|t:|1776309515\n|detailschange|p2b: Froslass|Froslass-Mega, L50, F\n|-mega|p2b: Froslass|Froslass|Froslassite\n|move|p1b: Weavile|Knock Off|p2b: Froslass\n|-supereffective|p2b: Froslass|1\n|-damage|p2b: Froslass|56/100\n|move|p1a: Whimsicott|Moonblast|p2a: Incineroar\n|-damage|p2a: Incineroar|16/100\n|move|p2b: Froslass|Blizzard|p1b: Weavile|[spread] p1a,p1b\n|-supereffective|p1a: Whimsicott|1\n|-resisted|p1b: Weavile|1\n|-damage|p1a: Whimsicott|29/100\n|-damage|p1b: Weavile|0 fnt\n|faint|p1b: Weavile\n|move|p2a: Incineroar|Flare Blitz|p1a: Whimsicott\n|-supereffective|p1a: Whimsicott|1\n|-damage|p1a: Whimsicott|0 fnt\n|faint|p1a: Whimsicott\n|-damage|p2a: Incineroar|6/100|[from] Recoil\n|\n|-weather|Snowscape|[upkeep]\n|-sideend|p1: EatingP1zza|move: Tailwind\n|upkeep\n|\n|t:|1776309532\n|switch|p1b: Excadrill|Excadrill, L50, F|100/100\n|switch|p1a: Hawlucha|Hawlucha, L50, F|100/100\n|-ability|p1b: Excadrill|Mold Breaker\n|turn|5\n|\n|t:|1776309544\n|move|p2b: Froslass|Protect|p2b: Froslass\n|-singleturn|p2b: Froslass|Protect\n|move|p1a: Hawlucha|Protect|p1a: Hawlucha\n|-singleturn|p1a: Hawlucha|Protect\n|move|p1b: Excadrill|Earthquake|p2b: Froslass|[spread] p2a\n|-activate|p1a: Hawlucha|move: Protect\n|-activate|p2b: Froslass|move: Protect\n|-supereffective|p2a: Incineroar|1\n|-damage|p2a: Incineroar|0 fnt\n|faint|p2a: Incineroar\n|\n|-weather|none\n|-sideend|p2: Hhhheeeeyyyy|move: Aurora Veil\n|upkeep\n|\n|t:|1776309556\n|switch|p2a: Abomasnow|Abomasnow, L50, F|100/100\n|-weather|Snowscape|[from] ability: Snow Warning|[of] p2a: Abomasnow\n|turn|6\n|\n|t:|1776309571\n|switch|p2b: Ninetales|Ninetales-Alola, L50, F|100/100\n|detailschange|p1a: Hawlucha|Hawlucha-Mega, L50, F\n|-mega|p1a: Hawlucha|Hawlucha|Hawluchanite\n|move|p1a: Hawlucha|Entrainment|p1b: Excadrill\n|-ability|p1b: Excadrill|No Guard|Mold Breaker|[from] move: Entrainment|[of] p1a: Hawlucha\n|move|p1b: Excadrill|Fissure|p2b: Ninetales\n|-damage|p2b: Ninetales|0 fnt\n|faint|p2b: Ninetales\n|-ohko\n|move|p2a: Abomasnow|Wood Hammer|p1b: Excadrill\n|-damage|p1b: Excadrill|40/100\n|-damage|p2a: Abomasnow|82/100|[from] Recoil\n|\n|-weather|Snowscape|[upkeep]\n|-heal|p2a: Abomasnow|88/100|[from] item: Leftovers\n|upkeep\n|\n|t:|1776309594\n|switch|p2b: Froslass|Froslass-Mega, L50, F|56/100\n|turn|7\n|\n|t:|1776309602\n|move|p2b: Froslass|Protect|p2b: Froslass\n|-singleturn|p2b: Froslass|Protect\n|move|p1a: Hawlucha|Brave Bird|p2a: Abomasnow\n|-supereffective|p2a: Abomasnow|1\n|-damage|p2a: Abomasnow|0 fnt\n|faint|p2a: Abomasnow\n|-damage|p1a: Hawlucha|70/100|[from] Recoil\n|move|p1b: Excadrill|Fissure|p2b: Froslass\n|-activate|p2b: Froslass|move: Protect\n|\n|-weather|Snowscape|[upkeep]\n|-sideend|p1: EatingP1zza|move: Light Screen\n|upkeep\n|turn|8\n|\n|t:|1776309617\n|move|p2b: Froslass|Blizzard|p1b: Excadrill|[spread] p1a,p1b\n|-supereffective|p1a: Hawlucha|1\n|-damage|p1a: Hawlucha|0 fnt\n|-damage|p1b: Excadrill|0 fnt\n|faint|p1a: Hawlucha\n|faint|p1b: Excadrill\n|\n|win|Hhhheeeeyyyy\n|raw|EatingP1zza's rating: 1022 &rarr; <strong>1010</strong><br />(-12 for losing)\n|raw|Hhhheeeeyyyy's rating: 1047 &rarr; <strong>1078</strong><br />(+31 for winning)\n",
  "uploadtime": 1776309624,
  "views": 19,
  "formatid": "gen9championsvgc2026regma",
  "rating": 1010,
  "private": 0,
  "password": null
}