{
  "id": "gen9championsvgc2026regma-2584419906",
  "format": "[Gen 9 Champions] VGC 2026 Reg M-A",
  "players": [
    "ajisainoyoru",
    "uprafael"
  ],
  "log": "|j|\u2606ajisainoyoru\n|j|\u2606uprafael\n|t:|1776259581\n|gametype|doubles\n|player|p1|ajisainoyoru|veteranf|1198\n|player|p2|uprafael|blue|1179\n|gen|9\n|tier|[Gen 9 Champions] VGC 2026 Reg M-A\n|rated|\n|rule|Species Clause: Limit one of each Pok\u00e9mon\n|rule|Item Clause: Limit 1 of each item\n|clearpoke\n|poke|p1|Froslass, L50, F|\n|poke|p1|Rotom-Frost, L50|\n|poke|p1|Aegislash, L50, F|\n|poke|p1|Kingambit, L50, M|\n|poke|p1|Garchomp, L50, M|\n|poke|p1|Sneasler, L50, F|\n|poke|p2|Kleavor, L50, M|\n|poke|p2|Whimsicott, L50, M|\n|poke|p2|Kangaskhan, L50, F|\n|poke|p2|Aegislash, L50, M|\n|poke|p2|Venusaur, L50, F|\n|poke|p2|Rotom-Heat, L50|\n|teampreview|4\n|\n|t:|1776259607\n|teamsize|p1|4\n|teamsize|p2|4\n|start\n|switch|p1a: Meowchomp|Garchomp, L50, M|100/100\n|switch|p1b: Meowsler|Sneasler, L50, F|100/100\n|switch|p2a: Kleavor|Kleavor, L50, M|100/100\n|switch|p2b: Kangaskhan|Kangaskhan, L50, F|100/100\n|turn|1\n|\n|t:|1776259634\n|move|p1a: Meowchomp|Protect|p1a: Meowchomp\n|-singleturn|p1a: Meowchomp|Protect\n|move|p1b: Meowsler|Fake Out|p2a: Kleavor\n|-resisted|p2a: Kleavor|1\n|-damage|p2a: Kleavor|92/100\n|move|p2b: Kangaskhan|Fake Out|p1b: Meowsler\n|-damage|p1b: Meowsler|71/100\n|cant|p2a: Kleavor|flinch\n|\n|upkeep\n|turn|2\n|-activate|p1a: Meowchomp|item: Quick Claw\n|\n|t:|1776259655\n|detailschange|p2b: Kangaskhan|Kangaskhan-Mega, L50, F\n|-mega|p2b: Kangaskhan|Kangaskhan|Kangaskhanite\n|move|p1a: Meowchomp|Rock Slide|p2a: Kleavor|[spread] p2a\n|-miss|p1a: Meowchomp|p2b: Kangaskhan\n|-supereffective|p2a: Kleavor|1\n|-damage|p2a: Kleavor|37/100\n|move|p2a: Kleavor|U-turn|p1b: Meowsler\n|-resisted|p1b: Meowsler|2\n|-damage|p1b: Meowsler|56/100\n|\n|t:|1776259669\n|switch|p2a: Whimsicott|Whimsicott, L50, M|100/100|[from] U-turn\n|move|p1b: Meowsler|Close Combat|p2b: Kangaskhan\n|-supereffective|p2b: Kangaskhan|1\n|-damage|p2b: Kangaskhan|0 fnt\n|-unboost|p1b: Meowsler|def|1\n|-unboost|p1b: Meowsler|spd|1\n|faint|p2b: Kangaskhan\n|-enditem|p1b: Meowsler|White Herb\n|-clearnegativeboost|p1b: Meowsler|[silent]\n|\n|upkeep\n|\n|t:|1776259682\n|switch|p2b: Aegislash|Aegislash, L50, M|100/100\n|turn|3\n|\n|t:|1776259706\n|move|p1b: Meowsler|Protect|p1b: Meowsler\n|-singleturn|p1b: Meowsler|Protect\n|move|p2a: Whimsicott|Moonblast|p1a: Meowchomp\n|-supereffective|p1a: Meowchomp|1\n|-damage|p1a: Meowchomp|14/100\n|move|p1a: Meowchomp|Earthquake|p2b: Aegislash|[spread] p2a,p2b\n|-activate|p1b: Meowsler|move: Protect\n|-resisted|p2a: Whimsicott|1\n|-supereffective|p2b: Aegislash|1\n|-damage|p2a: Whimsicott|71/100\n|-damage|p2b: Aegislash|33/100\n|-formechange|p2b: Aegislash|Aegislash-Blade|\n|move|p2b: Aegislash|Iron Head|p1b: Meowsler\n|-activate|p1b: Meowsler|move: Protect\n|\n|-heal|p2b: Aegislash|40/100|[from] item: Leftovers\n|upkeep\n|turn|4\n|\n|t:|1776259742\n|move|p2a: Whimsicott|Moonblast|p1a: Meowchomp\n|-supereffective|p1a: Meowchomp|1\n|-damage|p1a: Meowchomp|0 fnt\n|faint|p1a: Meowchomp\n|move|p1b: Meowsler|Dire Claw|p2a: Whimsicott\n|-supereffective|p2a: Whimsicott|2\n|-damage|p2a: Whimsicott|0 fnt\n|faint|p2a: Whimsicott\n|move|p2b: Aegislash|Iron Head|p1b: Meowsler\n|-damage|p1b: Meowsler|0 fnt\n|faint|p1b: Meowsler\n|\n|-heal|p2b: Aegislash|46/100|[from] item: Leftovers\n|upkeep\n|\n|t:|1776259756\n|switch|p2a: Kleavor|Kleavor, L50, M|37/100\n|switch|p1b: Kingambit|Kingambit, L50, M|100/100\n|switch|p1a: Fuyu|Froslass, L50, F, shiny|100/100\n|turn|5\n|\n|t:|1776259790\n|detailschange|p1a: Fuyu|Froslass-Mega, L50, F, shiny\n|-mega|p1a: Fuyu|Froslass|Froslassite\n|-weather|Snowscape|[from] ability: Snow Warning|[of] p1a: Fuyu\n|move|p1b: Kingambit|Sucker Punch|p2b: Aegislash\n|-supereffective|p2b: Aegislash|1\n|-damage|p2b: Aegislash|0 fnt\n|faint|p2b: Aegislash\n|move|p2a: Kleavor|Stone Axe|p1a: Fuyu\n|-supereffective|p1a: Fuyu|1\n|-damage|p1a: Fuyu|0 fnt\n|-sidestart|p1: ajisainoyoru|move: Stealth Rock\n|faint|p1a: Fuyu\n|\n|-weather|Snowscape|[upkeep]\n|upkeep\n|turn|6\n|\n|t:|1776259806\n|move|p2a: Kleavor|Stone Axe|p1b: Kingambit\n|-resisted|p1b: Kingambit|1\n|-crit|p1b: Kingambit\n|-damage|p1b: Kingambit|68/100\n|move|p1b: Kingambit|Iron Head|p2a: Kleavor\n|-supereffective|p2a: Kleavor|1\n|-damage|p2a: Kleavor|0 fnt\n|faint|p2a: Kleavor\n|\n|win|ajisainoyoru\n|raw|ajisainoyoru's rating: 1198 &rarr; <strong>1222</strong><br />(+24 for winning)\n|raw|uprafael's rating: 1179 &rarr; <strong>1155</strong><br />(-24 for losing)\n",
  "uploadtime": 1776259817,
  "views": 21,
  "formatid": "gen9championsvgc2026regma",
  "rating": 1155,
  "private": 0,
  "password": null
}