{
  "id": "gen9championsvgc2026regma-2583362430",
  "format": "[Gen 9 Champions] VGC 2026 Reg M-A",
  "players": [
    "Vialello",
    "nakoharuno"
  ],
  "log": "|j|\u2606Vialello\n|j|\u2606nakoharuno\n|t:|1776170221\n|gametype|doubles\n|player|p1|Vialello|101|1105\n|player|p2|nakoharuno|dawn|1132\n|gen|9\n|tier|[Gen 9 Champions] VGC 2026 Reg M-A\n|rated|\n|rule|Species Clause: Limit one of each Pok\u00e9mon\n|rule|Item Clause: Limit 1 of each item\n|clearpoke\n|poke|p1|Incineroar, L50, M|\n|poke|p1|Sinistcha, L50|\n|poke|p1|Dragonite, L50, M|\n|poke|p1|Pelipper, L50, F|\n|poke|p1|Basculegion, L50, M|\n|poke|p1|Archaludon, L50, F|\n|poke|p2|Floette-Eternal, L50, F|\n|poke|p2|Garchomp, L50, M|\n|poke|p2|Gengar, L50, F|\n|poke|p2|Corviknight, L50, M|\n|poke|p2|Rotom-Frost, L50|\n|poke|p2|Ninetales-Alola, L50, F|\n|teampreview|4\nVialello rejected open team sheets.\n|\n|t:|1776170253\n|teamsize|p1|4\n|teamsize|p2|4\n|start\n|switch|p1a: Pelipper|Pelipper, L50, F|100/100\n|switch|p1b: Basculegion|Basculegion, L50, M|100/100\n|switch|p2a: Flordelis|Floette-Eternal, L50, F, shiny|100/100\n|switch|p2b: Pedregulho|Garchomp, L50, M|100/100\n|-weather|RainDance|[from] ability: Drizzle|[of] p1a: Pelipper\n|turn|1\n|\n|t:|1776170274\n|switch|p2b: Noplda|Ninetales-Alola, L50, F, shiny|100/100\n|-weather|Snowscape|[from] ability: Snow Warning|[of] p2b: Noplda\n|detailschange|p2a: Flordelis|Floette-Mega, L50, F, shiny\n|-mega|p2a: Flordelis|Floette|Floettite\n|-ability|p2a: Flordelis|Fairy Aura\n|move|p2a: Flordelis|Calm Mind|p2a: Flordelis\n|-boost|p2a: Flordelis|spa|1\n|-boost|p2a: Flordelis|spd|1\n|move|p1b: Basculegion|Wave Crash|p2a: Flordelis\n|-crit|p2a: Flordelis\n|-damage|p2a: Flordelis|0 fnt\n|faint|p2a: Flordelis\n|-damage|p1b: Basculegion|76/100|[from] Recoil\n|move|p1a: Pelipper|Ice Beam|p2b: Noplda\n|-resisted|p2b: Noplda|1\n|-damage|p2b: Noplda|87/100\n|\n|-weather|Snowscape|[upkeep]\n|upkeep\n|\n|t:|1776170299\n|switch|p2a: Rotom|Rotom-Frost, L50, shiny|100/100\n|turn|2\n|\n|t:|1776170319\n|switch|p1b: Archaludon|Archaludon, L50, F|100/100\n|switch|p1a: Incineroar|Incineroar, L50, M, shiny|100/100\n|-ability|p1a: Incineroar|Intimidate|boost\n|-unboost|p2a: Rotom|atk|1\n|-unboost|p2b: Noplda|atk|1\n|move|p2b: Noplda|Aurora Veil|p2b: Noplda\n|-sidestart|p2: nakoharuno|move: Aurora Veil\n|move|p2a: Rotom|Thunderbolt|p1a: Incineroar\n|-damage|p1a: Incineroar|59/100\n|-status|p1a: Incineroar|par\n|\n|-weather|Snowscape|[upkeep]\n|upkeep\n|turn|3\n|\n|t:|1776170338\n|switch|p2b: Pedregulho|Garchomp, L50, M|100/100\n|move|p1a: Incineroar|Fake Out|p2b: Pedregulho\n|-damage|p2b: Pedregulho|90/100\n|-damage|p1a: Incineroar|46/100 par|[from] ability: Rough Skin|[of] p2b: Pedregulho\n|move|p1b: Archaludon|Flash Cannon|p2b: Pedregulho\n|-damage|p2b: Pedregulho|62/100\n|move|p2a: Rotom|Blizzard|p1b: Archaludon|[spread] p1a,p1b\n|-resisted|p1a: Incineroar|1\n|-damage|p1a: Incineroar|27/100 par\n|-damage|p1b: Archaludon|51/100\n|-status|p1b: Archaludon|frz\n|-ability|p1b: Archaludon|Stamina|boost\n|-boost|p1b: Archaludon|def|1\n|\n|-weather|Snowscape|[upkeep]\n|-heal|p1b: Archaludon|56/100 frz|[from] item: Leftovers\n|upkeep\n|turn|4\n|\n|t:|1776170371\n|cant|p1b: Archaludon|frz\n|move|p2b: Pedregulho|Earthquake|p1b: Archaludon|[spread] p1a,p1b\n|-immune|p2a: Rotom|[from] ability: Levitate\n|-supereffective|p1a: Incineroar|1\n|-supereffective|p1b: Archaludon|1\n|-damage|p1a: Incineroar|0 fnt\n|-damage|p1b: Archaludon|11/100 frz\n|-ability|p1b: Archaludon|Stamina|boost\n|-boost|p1b: Archaludon|def|1\n|faint|p1a: Incineroar\n|move|p2a: Rotom|Blizzard|p1b: Archaludon\n|-damage|p1b: Archaludon|0 fnt\n|faint|p1b: Archaludon\n|\n|-weather|Snowscape|[upkeep]\n|upkeep\n|\n|t:|1776170384\n|switch|p1b: Basculegion|Basculegion, L50, M|76/100\n|switch|p1a: Pelipper|Pelipper, L50, F|100/100\n|-weather|RainDance|[from] ability: Drizzle|[of] p1a: Pelipper\n|turn|5\n|\n|t:|1776170407\n|move|p1b: Basculegion|Last Respects|p2a: Rotom\n|-damage|p2a: Rotom|51/100\n|move|p2b: Pedregulho|Earthquake|p1a: Pelipper|[spread] p1b\n|-immune|p2a: Rotom|[from] ability: Levitate\n|-immune|p1a: Pelipper\n|-damage|p1b: Basculegion|24/100\n|move|p2a: Rotom|Thunderbolt|p1a: Pelipper\n|-supereffective|p1a: Pelipper|2\n|-enditem|p1a: Pelipper|Focus Sash\n|-damage|p1a: Pelipper|1/100\n|move|p1a: Pelipper|Tailwind|p1a: Pelipper\n|-sidestart|p1: Vialello|move: Tailwind\n|\n|-weather|RainDance|[upkeep]\n|-heal|p2a: Rotom|57/100|[from] item: Leftovers\n|upkeep\n|turn|6\n|\n|t:|1776170444\n|switch|p2b: Noplda|Ninetales-Alola, L50, F, shiny|87/100\n|-weather|Snowscape|[from] ability: Snow Warning|[of] p2b: Noplda\n|move|p1b: Basculegion|Wave Crash|p2a: Rotom\n|-damage|p2a: Rotom|23/100\n|-damage|p1b: Basculegion|16/100|[from] Recoil\n|move|p1a: Pelipper|Ice Beam|p2b: Noplda\n|-resisted|p2b: Noplda|1\n|-crit|p2b: Noplda\n|-damage|p2b: Noplda|66/100\n|move|p2a: Rotom|Thunderbolt|p1b: Basculegion\n|-supereffective|p1b: Basculegion|1\n|-damage|p1b: Basculegion|0 fnt\n|faint|p1b: Basculegion\n|\n|-weather|Snowscape|[upkeep]\n|-heal|p2a: Rotom|30/100|[from] item: Leftovers\n|-sideend|p2: nakoharuno|move: Aurora Veil\n|upkeep\n|turn|7\n|c|\u2606nakoharuno|GG\n|-message|Vialello forfeited.\n|\n|win|nakoharuno\n|raw|Vialello's rating: 1105 &rarr; <strong>1082</strong><br />(-23 for losing)\n|raw|nakoharuno's rating: 1132 &rarr; <strong>1155</strong><br />(+23 for winning)\n|l|\u2606Vialello\n|player|p1|\n",
  "uploadtime": 1776170471,
  "views": 23,
  "formatid": "gen9championsvgc2026regma",
  "rating": 1082,
  "private": 0,
  "password": null
}