{
  "id": "gen9championsvgc2026regma-2585403346",
  "format": "[Gen 9 Champions] VGC 2026 Reg M-A",
  "players": [
    "Jah_08",
    "foxgirlmoony"
  ],
  "log": "|j|\u2606Jah_08\n|j|\u203dfoxgirlmoony\n|t:|1776344783\n|gametype|doubles\n|player|p1|Jah_08|alder|1207\n|player|p2|foxgirlmoony|rocketgruntf|1175\n|gen|9\n|tier|[Gen 9 Champions] VGC 2026 Reg M-A\n|rated|\n|rule|Species Clause: Limit one of each Pok\u00e9mon\n|rule|Item Clause: Limit 1 of each item\n|clearpoke\n|poke|p1|Excadrill, L50, M|\n|poke|p1|Whimsicott, L50, M|\n|poke|p1|Chandelure, L50, M|\n|poke|p1|Zoroark-Hisui, L50, M|\n|poke|p1|Basculegion, L50, M|\n|poke|p1|Hydreigon, L50, M|\n|poke|p2|Gengar, L50, F|\n|poke|p2|Incineroar, L50, F|\n|poke|p2|Sinistcha, L50|\n|poke|p2|Floette-Eternal, L50, F|\n|poke|p2|Politoed, L50, F|\n|poke|p2|Basculegion-F, L50, F|\n|teampreview|4\n|inactive|Battle timer is ON: inactive players will automatically lose when time's up. (requested by foxgirlmoony)\n|\n|t:|1776344808\n|teamsize|p1|4\n|teamsize|p2|4\n|start\n|switch|p1a: Basculegion|Basculegion, L50, M|100/100\n|switch|p1b: Excadrill|Excadrill, L50, M|100/100\n|switch|p2a: Sinistcha|Sinistcha, L50|100/100\n|switch|p2b: Floette|Floette-Eternal, L50, F|100/100\n|turn|1\n|\n|t:|1776344823\n|move|p2b: Floette|Protect|p2b: Floette\n|-singleturn|p2b: Floette|Protect\n|move|p1a: Basculegion|Flip Turn|p2b: Floette\n|-activate|p2b: Floette|move: Protect\n|move|p1b: Excadrill|Shadow Ball|p2a: Sinistcha\n|-supereffective|p2a: Sinistcha|1\n|-damage|p2a: Sinistcha|23/100\n|move|p2a: Sinistcha|Trick Room|p2a: Sinistcha\n|-fieldstart|move: Trick Room|[of] p2a: Sinistcha\n|\n|upkeep\n|turn|2\n|inactive|Jah_08 has 30 seconds left.\n|\n|t:|1776344854\n|detailschange|p2b: Floette|Floette-Mega, L50, F\n|-mega|p2b: Floette|Floette|Floettite\n|-ability|p2b: Floette|Fairy Aura\n|move|p2a: Sinistcha|Matcha Gotcha|p1b: Excadrill|[spread] p1a\n|-miss|p2a: Sinistcha|p1b: Excadrill\n|-supereffective|p1a: Basculegion|1\n|-damage|p1a: Basculegion|48/100\n|-heal|p2a: Sinistcha|52/100|[from] drain|[of] p1a: Basculegion\n|-status|p1a: Basculegion|brn\n|move|p2b: Floette|Dazzling Gleam|p1b: Excadrill|[spread] p1a,p1b\n|-damage|p1a: Basculegion|0 fnt\n|-damage|p1b: Excadrill|19/100\n|replace|p1b: Zoroark|Zoroark-Hisui, L50, M\n|-end|p1b: Zoroark|Illusion\n|faint|p1a: Basculegion\n|move|p1b: Zoroark|Shadow Ball|p2a: Sinistcha\n|-supereffective|p2a: Sinistcha|1\n|-damage|p2a: Sinistcha|0 fnt\n|faint|p2a: Sinistcha\n|\n|upkeep\n|\n|t:|1776344877\n|switch|p2a: Politoed|Politoed, L50, F|100/100\n|switch|p1a: Excadrill|Excadrill, L50, M|100/100\n|-weather|RainDance|[from] ability: Drizzle|[of] p2a: Politoed\n|-ability|p1a: Excadrill|Mold Breaker\n|turn|3\n|\n|t:|1776344893\n|move|p2a: Politoed|Weather Ball|p1a: Excadrill\n|-supereffective|p1a: Excadrill|1\n|-enditem|p1a: Excadrill|Focus Sash\n|-damage|p1a: Excadrill|1/100\n|move|p2b: Floette|Dazzling Gleam|p1a: Excadrill|[spread] p1a,p1b\n|-resisted|p1a: Excadrill|1\n|-damage|p1a: Excadrill|0 fnt\n|-damage|p1b: Zoroark|0 fnt\n|faint|p1a: Excadrill\n|faint|p1b: Zoroark\n|\n|-weather|RainDance|[upkeep]\n|upkeep\n|\n|t:|1776344910\n|switch|p1b: Hydreigon|Hydreigon, L50, M|100/100\n|turn|4\n|\n|t:|1776344916\n|move|p1b: Hydreigon|Protect|p1b: Hydreigon\n|-singleturn|p1b: Hydreigon|Protect\n|move|p2a: Politoed|Ice Beam|p1b: Hydreigon\n|-activate|p1b: Hydreigon|move: Protect\n|move|p2b: Floette|Moonblast|p1b: Hydreigon\n|-activate|p1b: Hydreigon|move: Protect\n|\n|-weather|RainDance|[upkeep]\n|upkeep\n|turn|5\n|\n|t:|1776344931\n|move|p2a: Politoed|Ice Beam|p1b: Hydreigon\n|-supereffective|p1b: Hydreigon|1\n|-damage|p1b: Hydreigon|31/100\n|move|p2b: Floette|Moonblast|p1b: Hydreigon\n|-supereffective|p1b: Hydreigon|2\n|-damage|p1b: Hydreigon|0 fnt\n|faint|p1b: Hydreigon\n|\n|win|foxgirlmoony\n|raw|Jah_08's rating: 1207 &rarr; <strong>1180</strong><br />(-27 for losing)\n|raw|foxgirlmoony's rating: 1175 &rarr; <strong>1202</strong><br />(+27 for winning)\n",
  "uploadtime": 1776344940,
  "views": 20,
  "formatid": "gen9championsvgc2026regma",
  "rating": 1180,
  "private": 0,
  "password": null
}