{
  "id": "gen9championsvgc2026regma-2581546986",
  "format": "[Gen 9 Champions] VGC 2026 Reg M-A",
  "players": [
    "KinimaP",
    "boom_headsht"
  ],
  "log": "|j|\u2606KinimaP\n|j|\u2606boom_headsht\n|t:|1776009938\n|gametype|doubles\n|player|p1|KinimaP|2|1095\n|player|p2|boom_headsht|1|1048\n|gen|9\n|tier|[Gen 9 Champions] VGC 2026 Reg M-A\n|rated|\n|rule|Species Clause: Limit one of each Pok\u00e9mon\n|rule|Item Clause: Limit 1 of each item\n|clearpoke\n|poke|p1|Floette-Eternal, L50, F|\n|poke|p1|Talonflame, L50, M|\n|poke|p1|Aegislash, L50, F|\n|poke|p1|Milotic, L50, M|\n|poke|p1|Basculegion, L50, M|\n|poke|p1|Garchomp, L50, M|\n|poke|p2|Delphox, L50, F|\n|poke|p2|Kingambit, L50, M|\n|poke|p2|Clefable, L50, F|\n|poke|p2|Sneasler, L50, F|\n|poke|p2|Basculegion, L50, M|\n|poke|p2|Dragonite, L50, M|\n|teampreview|4\n|inactive|Battle timer is ON: inactive players will automatically lose when time's up. (requested by boom_headsht)\n|\n|t:|1776010049\n|teamsize|p1|4\n|teamsize|p2|4\n|start\n|switch|p1a: Garchomp|Garchomp, L50, M|100/100\n|switch|p1b: Talonflame|Talonflame, L50, M|100/100\n|switch|p2a: Basculegion|Basculegion, L50, M|100/100\n|switch|p2b: Kingambit|Kingambit, L50, M|100/100\n|turn|1\n|\n|t:|1776010072\n|move|p2b: Kingambit|Protect|p2b: Kingambit\n|-singleturn|p2b: Kingambit|Protect\n|move|p1b: Talonflame|Tailwind|p1b: Talonflame\n|-sidestart|p1: KinimaP|move: Tailwind\n|move|p1a: Garchomp|Earthquake|p2a: Basculegion|[spread] p2a\n|-activate|p2b: Kingambit|move: Protect\n|-immune|p1b: Talonflame\n|-damage|p2a: Basculegion|55/100\n|move|p2a: Basculegion|Flip Turn|p1b: Talonflame\n|-supereffective|p1b: Talonflame|1\n|-damage|p1b: Talonflame|0 fnt\n|faint|p1b: Talonflame\n|\n|t:|1776010084\n|switch|p2a: Clefable|Clefable, L50, F|100/100|[from] Flip Turn\n|\n|upkeep\n|\n|t:|1776010094\n|switch|p1b: Floette|Floette-Eternal, L50, F|100/100\n|turn|2\n|\n|t:|1776010114\n|switch|p2b: Sneasler|Sneasler, L50, F|100/100\n|detailschange|p1b: Floette|Floette-Mega, L50, F\n|-mega|p1b: Floette|Floette|Floettite\n|-ability|p1b: Floette|Fairy Aura\n|move|p1a: Garchomp|Earthquake|p2a: Clefable|[spread] p1b,p2a,p2b\n|-supereffective|p2b: Sneasler|1\n|-damage|p1b: Floette|59/100\n|-damage|p2a: Clefable|70/100\n|-enditem|p2b: Sneasler|Focus Sash\n|-damage|p2b: Sneasler|1/100\n|move|p1b: Floette|Dazzling Gleam|p2a: Clefable|[spread] p2a,p2b\n|-damage|p2a: Clefable|24/100\n|-damage|p2b: Sneasler|0 fnt\n|-enditem|p2a: Clefable|Sitrus Berry|[eat]\n|-heal|p2a: Clefable|49/100|[from] item: Sitrus Berry\n|faint|p2b: Sneasler\n|move|p2a: Clefable|Moonblast|p1a: Garchomp\n|-supereffective|p1a: Garchomp|1\n|-damage|p1a: Garchomp|20/100\n|\n|upkeep\n|\n|t:|1776010131\n|switch|p2b: Kingambit|Kingambit, L50, M|100/100\n|turn|3\n|\n|t:|1776010142\n|move|p1a: Garchomp|Protect|p1a: Garchomp\n|-singleturn|p1a: Garchomp|Protect\n|move|p2b: Kingambit|Protect|p2b: Kingambit\n|-singleturn|p2b: Kingambit|Protect\n|move|p1b: Floette|Draining Kiss|p2b: Kingambit\n|-activate|p2b: Kingambit|move: Protect\n|move|p2a: Clefable|Moonblast|p1a: Garchomp\n|-activate|p1a: Garchomp|move: Protect\n|\n|upkeep\n|turn|4\n|inactive|boom_headsht has 30 seconds left.\n|\n|t:|1776010176\n|switch|p1a: Basculegion|Basculegion, L50, M|100/100\n|move|p2b: Kingambit|Sucker Punch||[still]\n|-fail|p2b: Kingambit\n|move|p1b: Floette|Draining Kiss|p2b: Kingambit\n|-damage|p2b: Kingambit|60/100\n|-heal|p1b: Floette|95/100|[from] drain|[of] p2b: Kingambit\n|move|p2a: Clefable|Moonblast|p1b: Floette\n|-damage|p1b: Floette|63/100\n|\n|-sideend|p1: KinimaP|move: Tailwind\n|upkeep\n|turn|5\n|\n|t:|1776010201\n|move|p2a: Clefable|Follow Me|p2a: Clefable\n|-singleturn|p2a: Clefable|move: Follow Me\n|move|p1a: Basculegion|Aqua Jet|p2a: Clefable\n|-damage|p2a: Clefable|33/100\n|move|p1b: Floette|Draining Kiss|p2a: Clefable\n|-damage|p2a: Clefable|0 fnt\n|-heal|p1b: Floette|92/100|[from] drain|[of] p2a: Clefable\n|faint|p2a: Clefable\n|move|p2b: Kingambit|Kowtow Cleave|p1a: Basculegion\n|-supereffective|p1a: Basculegion|1\n|-damage|p1a: Basculegion|0 fnt\n|faint|p1a: Basculegion\n|\n|upkeep\n|\n|t:|1776010208\n|switch|p1a: Garchomp|Garchomp, L50, M|20/100\n|switch|p2a: Basculegion|Basculegion, L50, M|55/100\n|turn|6\n|\n|t:|1776010228\n|move|p1a: Garchomp|Protect|p1a: Garchomp\n|-singleturn|p1a: Garchomp|Protect\n|move|p2b: Kingambit|Sucker Punch||[still]\n|-fail|p2b: Kingambit\n|move|p2a: Basculegion|Last Respects|p1b: Floette\n|-damage|p1b: Floette|0 fnt\n|faint|p1b: Floette\n|\n|upkeep\n|turn|7\n|\n|t:|1776010241\n|move|p2b: Kingambit|Sucker Punch|p1a: Garchomp\n|-damage|p1a: Garchomp|0 fnt\n|-damage|p2b: Kingambit|48/100|[from] ability: Rough Skin|[of] p1a: Garchomp\n|faint|p1a: Garchomp\n|\n|win|boom_headsht\n|raw|KinimaP's rating: 1095 &rarr; <strong>1067</strong><br />(-28 for losing)\n|raw|boom_headsht's rating: 1048 &rarr; <strong>1085</strong><br />(+37 for winning)\n|l|\u2606boom_headsht\n|player|p2|\n",
  "uploadtime": 1776010247,
  "views": 20,
  "formatid": "gen9championsvgc2026regma",
  "rating": 1067,
  "private": 0,
  "password": null
}