{
  "id": "gen9championsvgc2026regma-2584570716",
  "format": "[Gen 9 Champions] VGC 2026 Reg M-A",
  "players": [
    "Dr Gaster PHD",
    "primalogrepon786"
  ],
  "log": "|j|\u2606Dr Gaster PHD\n|j|\u2606primalogrepon786\n|t:|1776269460\n|gametype|doubles\n|player|p1|Dr Gaster PHD|ghetsis|1184\n|player|p2|primalogrepon786|hilda|1271\n|gen|9\n|tier|[Gen 9 Champions] VGC 2026 Reg M-A\n|rated|\n|rule|Species Clause: Limit one of each Pok\u00e9mon\n|rule|Item Clause: Limit 1 of each item\n|clearpoke\n|poke|p1|Charizard, L50, M|\n|poke|p1|Venusaur, L50, F|\n|poke|p1|Whimsicott, L50, F|\n|poke|p1|Incineroar, L50, M|\n|poke|p1|Sneasler, L50, M|\n|poke|p1|Garchomp, L50, F|\n|poke|p2|Gardevoir, L50, F|\n|poke|p2|Incineroar, L50, F|\n|poke|p2|Rotom-Wash, L50|\n|poke|p2|Farigiraf, L50, M|\n|poke|p2|Maushold-Four, L50|\n|poke|p2|Altaria, L50, M|\n|teampreview|4\nDr Gaster PHD rejected open team sheets.\n|inactive|Battle timer is ON: inactive players will automatically lose when time's up. (requested by Dr Gaster PHD)\n|inactive|primalogrepon786 has 60 seconds left.\n|\n|t:|1776269543\n|teamsize|p1|4\n|teamsize|p2|4\n|start\n|switch|p1a: Pain Maker|Sneasler, L50, M|100/100\n|switch|p1b: Soul Taker|Incineroar, L50, M|100/100\n|switch|p2a: Altaria|Altaria, L50, M|100/100\n|switch|p2b: Maushold|Maushold-Four, L50, shiny|100/100\n|-ability|p2a: Altaria|Cloud Nine\n|-ability|p1b: Soul Taker|Intimidate|boost\n|-unboost|p2a: Altaria|atk|1\n|-unboost|p2b: Maushold|atk|1\n|turn|1\n|inactive|Dr Gaster PHD has 30 seconds left.\n|\n|t:|1776269572\n|switch|p2b: Farigiraf|Farigiraf, L50, M|100/100\n|move|p1b: Soul Taker|Fake Out||[still]\n|cant|p2b: Farigiraf|ability: Armor Tail|Fake Out|[of] p1b: Soul Taker\n|move|p1a: Pain Maker|Close Combat|p2b: Farigiraf\n|-damage|p2b: Farigiraf|29/100\n|-unboost|p1a: Pain Maker|def|1\n|-unboost|p1a: Pain Maker|spd|1\n|-enditem|p1a: Pain Maker|White Herb\n|-clearnegativeboost|p1a: Pain Maker|[silent]\n|move|p2a: Altaria|Tailwind|p2a: Altaria\n|-sidestart|p2: primalogrepon786|move: Tailwind\n|\n|upkeep\n|turn|2\n|inactive|primalogrepon786 has 30 seconds left.\n|\n|t:|1776269603\n|switch|p2b: Gardevoir|Gardevoir, L50, F|100/100\n|move|p1a: Pain Maker|Rock Slide|p2a: Altaria|[spread] p2a,p2b\n|-supereffective|p2a: Altaria|1\n|-damage|p2a: Altaria|53/100\n|-damage|p2b: Gardevoir|69/100\n|move|p2a: Altaria|Brave Bird|p1a: Pain Maker\n|-supereffective|p1a: Pain Maker|1\n|-damage|p1a: Pain Maker|19/100\n|-damage|p2a: Altaria|26/100|[from] Recoil\n|move|p1b: Soul Taker|Throat Chop|p2b: Gardevoir\n|-damage|p2b: Gardevoir|25/100\n|-start|p2b: Gardevoir|Throat Chop|[silent]\n|\n|upkeep\n|turn|3\n|inactive|primalogrepon786 has 30 seconds left.\n|\n|t:|1776269631\n|detailschange|p2b: Gardevoir|Gardevoir-Mega, L50, F\n|-mega|p2b: Gardevoir|Gardevoir|Gardevoirite\n|move|p1a: Pain Maker|Rock Slide|p2a: Altaria|[spread] p2a,p2b\n|-supereffective|p2a: Altaria|1\n|-damage|p2a: Altaria|0 fnt\n|-damage|p2b: Gardevoir|0 fnt\n|faint|p2a: Altaria\n|faint|p2b: Gardevoir\n|move|p1b: Soul Taker|Throat Chop|p2: Altaria|[notarget]\n|-fail|p1b: Soul Taker\n|\n|upkeep\n|\n|t:|1776269641\n|switch|p2b: Maushold|Maushold-Four, L50, shiny|100/100\n|switch|p2a: Farigiraf|Farigiraf, L50, M|29/100\n|turn|4\n|inactive|Dr Gaster PHD has 30 seconds left.\n|\n|t:|1776269673\n|move|p2a: Farigiraf|Protect|p2a: Farigiraf\n|-singleturn|p2a: Farigiraf|Protect\n|move|p1a: Pain Maker|Close Combat|p2b: Maushold\n|-supereffective|p2b: Maushold|1\n|-damage|p2b: Maushold|0 fnt\n|-unboost|p1a: Pain Maker|def|1\n|-unboost|p1a: Pain Maker|spd|1\n|faint|p2b: Maushold\n|move|p1b: Soul Taker|Throat Chop|p2a: Farigiraf\n|-activate|p2a: Farigiraf|move: Protect\n|\n|-sideend|p2: primalogrepon786|move: Tailwind\n|upkeep\n|turn|5\n|-message|primalogrepon786 forfeited.\n|\n|win|Dr Gaster PHD\n|raw|Dr Gaster PHD's rating: 1184 &rarr; <strong>1215</strong><br />(+31 for winning)\n|raw|primalogrepon786's rating: 1271 &rarr; <strong>1240</strong><br />(-31 for losing)\n|l|\u2606primalogrepon786\n|player|p2|\n",
  "uploadtime": 1776269692,
  "views": 41,
  "formatid": "gen9championsvgc2026regma",
  "rating": 1215,
  "private": 0,
  "password": null
}