{
  "id": "gen9championsvgc2026regma-2580325699",
  "format": "[Gen 9 Champions] VGC 2026 Reg M-A",
  "players": [
    "burntouteriksp",
    "Arksurit"
  ],
  "log": "|j|\u2606burntouteriksp\n|j|\u2606Arksurit\n|t:|1775880705\n|gametype|doubles\n|player|p1|burntouteriksp|cynthia-masters4|1051\n|player|p2|Arksurit|hiker-gen4|1030\n|gen|9\n|tier|[Gen 9 Champions] VGC 2026 Reg M-A\n|rated|\n|rule|Species Clause: Limit one of each Pok\u00e9mon\n|rule|Item Clause: Limit 1 of each item\n|clearpoke\n|poke|p1|Floette-Eternal, L50, F|\n|poke|p1|Delphox, L50, F|\n|poke|p1|Incineroar, L50, M|\n|poke|p1|Aerodactyl, L50, F|\n|poke|p1|Maushold, L50|\n|poke|p1|Garchomp, L50, M|\n|poke|p2|Delphox, L50, F|\n|poke|p2|Sneasler, L50, F|\n|poke|p2|Whimsicott, L50, F|\n|poke|p2|Rotom-Wash, L50|\n|poke|p2|Garchomp, L50, M|\n|poke|p2|Aegislash, L50, M|\n|teampreview|4\nburntouteriksp has agreed to open team sheets.\nArksurit has agreed to open team sheets.\n|showteam|p1|Floette-Eternal||Floettite|FlowerVeil|Moonblast,CalmMind,Protect,DazzlingGleam|||F|||50|]Delphox||Delphoxite|Blaze|HeatWave,Psychic,Substitute,Protect|||F|||50|]Incineroar||SitrusBerry|Intimidate|FakeOut,PartingShot,FlareBlitz,ThroatChop|||M|||50|]Aerodactyl||FocusSash|Unnerve|RockSlide,DualWingbeat,Protect,Tailwind|||F|||50|]Maushold||ChopleBerry|FriendGuard|FollowMe,SuperFang,Taunt,Protect||||||50|]Garchomp||WhiteHerb|RoughSkin|Earthquake,DragonClaw,RockSlide,Protect|||M|||50|\n|showteam|p2|Delphox||Delphoxite|Blaze|HeatWave,Psychic,Substitute,Protect|||F|||50|]Sneasler||WhiteHerb|Unburden|DireClaw,CloseCombat,Protect,FakeOut|||F|||50|]Whimsicott||FocusSash|Prankster|Moonblast,Taunt,SunnyDay,Tailwind|||F|||50|]Rotom-Wash||SitrusBerry|Levitate|HydroPump,Thunderbolt,WillOWisp,Protect||||||50|]Garchomp||ChoiceScarf|RoughSkin|Earthquake,StompingTantrum,DragonClaw,RockSlide|||M|||50|]Aegislash||Leftovers|StanceChange|ShadowBall,FlashCannon,KingsShield,WideGuard|||M|||50|\n|inactive|Battle timer is ON: inactive players will automatically lose when time's up. (requested by burntouteriksp)\n|\n|t:|1775880765\n|teamsize|p1|4\n|teamsize|p2|4\n|start\n|switch|p1a: Delphox|Delphox, L50, F|100/100\n|switch|p1b: Maushold|Maushold, L50|100/100\n|switch|p2a: Delphox|Delphox, L50, F|100/100\n|switch|p2b: Whimsicott|Whimsicott, L50, F|100/100\n|turn|1\n|inactive|burntouteriksp has 30 seconds left.\n|\n|t:|1775880798\n|detailschange|p2a: Delphox|Delphox-Mega, L50, F\n|-mega|p2a: Delphox|Delphox|Delphoxite\n|move|p2b: Whimsicott|Sunny Day|p2b: Whimsicott\n|-weather|SunnyDay\n|move|p2a: Delphox|Heat Wave|p1a: Delphox|[spread] p1a,p1b\n|-resisted|p1a: Delphox|1\n|-damage|p1a: Delphox|74/100\n|-damage|p1b: Maushold|15/100\n|-status|p1b: Maushold|brn\n|move|p1b: Maushold|Super Fang|p2a: Delphox\n|-damage|p2a: Delphox|51/100\n|move|p1a: Delphox|Substitute|p1a: Delphox\n|-start|p1a: Delphox|Substitute\n|-damage|p1a: Delphox|49/100\n|\n|-weather|SunnyDay|[upkeep]\n|-damage|p1b: Maushold|9/100 brn|[from] brn\n|upkeep\n|turn|2\n|\n|t:|1775880817\n|detailschange|p1a: Delphox|Delphox-Mega, L50, F\n|-mega|p1a: Delphox|Delphox|Delphoxite\n|move|p2b: Whimsicott|Tailwind|p2b: Whimsicott\n|-sidestart|p2: Arksurit|move: Tailwind\n|move|p2a: Delphox|Heat Wave|p1a: Delphox|[spread] p1b\n|-miss|p2a: Delphox|p1a: Delphox\n|-damage|p1b: Maushold|0 fnt\n|faint|p1b: Maushold\n|move|p1a: Delphox|Heat Wave|p2a: Delphox|[spread] p2a\n|-miss|p1a: Delphox|p2b: Whimsicott\n|-resisted|p2a: Delphox|1\n|-damage|p2a: Delphox|22/100\n|\n|-weather|SunnyDay|[upkeep]\n|upkeep\n|\n|t:|1775880839\n|switch|p1b: Aerodactyl|Aerodactyl, L50, F|100/100\n|-ability|p1b: Aerodactyl|Unnerve\n|turn|3\n|\n|t:|1775880847\n|move|p2a: Delphox|Heat Wave|p1b: Aerodactyl|[spread] p1a,p1b\n|-resisted|p1a: Delphox|1\n|-end|p1a: Delphox|Substitute\n|-resisted|p1b: Aerodactyl|1\n|-damage|p1b: Aerodactyl|54/100\n|move|p2b: Whimsicott|Moonblast|p1a: Delphox\n|-resisted|p1a: Delphox|1\n|-damage|p1a: Delphox|35/100\n|move|p1a: Delphox|Heat Wave|p2a: Delphox|[spread] p2a,p2b\n|-resisted|p2a: Delphox|1\n|-supereffective|p2b: Whimsicott|1\n|-damage|p2a: Delphox|0 fnt\n|-enditem|p2b: Whimsicott|Focus Sash\n|-damage|p2b: Whimsicott|1/100\n|faint|p2a: Delphox\n|move|p1b: Aerodactyl|Dual Wingbeat|p2b: Whimsicott\n|-supereffective|p2b: Whimsicott|1\n|-damage|p2b: Whimsicott|0 fnt\n|faint|p2b: Whimsicott\n|-hitcount|p2: Whimsicott|1\n|\n|-weather|SunnyDay|[upkeep]\n|upkeep\n|\n|t:|1775880864\n|switch|p2a: Sneasler|Sneasler, L50, F|100/100\n|switch|p2b: Rotom|Rotom-Wash, L50|100/100\n|turn|4\n|\n|t:|1775880880\n|switch|p1b: Garchomp|Garchomp, L50, M|100/100\n|move|p1a: Delphox|Protect|p1a: Delphox\n|-singleturn|p1a: Delphox|Protect\n|move|p2a: Sneasler|Dire Claw|p1a: Delphox\n|-activate|p1a: Delphox|move: Protect\n|move|p2b: Rotom|Will-O-Wisp|p1b: Garchomp\n|-status|p1b: Garchomp|brn\n|\n|-weather|SunnyDay|[upkeep]\n|-damage|p1b: Garchomp|95/100 brn|[from] brn\n|upkeep\n|turn|5\n|\n|t:|1775880903\n|switch|p1a: Aerodactyl|Aerodactyl, L50, F|54/100\n|-ability|p1a: Aerodactyl|Unnerve\n|move|p2a: Sneasler|Close Combat|p1b: Garchomp\n|-damage|p1b: Garchomp|41/100 brn\n|-unboost|p2a: Sneasler|def|1\n|-unboost|p2a: Sneasler|spd|1\n|-damage|p2a: Sneasler|88/100|[from] ability: Rough Skin|[of] p1b: Garchomp\n|-enditem|p2a: Sneasler|White Herb\n|-clearnegativeboost|p2a: Sneasler|[silent]\n|move|p2b: Rotom|Hydro Pump|p1a: Aerodactyl\n|-supereffective|p1a: Aerodactyl|1\n|-damage|p1a: Aerodactyl|0 fnt\n|faint|p1a: Aerodactyl\n|move|p1b: Garchomp|Earthquake|p2b: Rotom|[spread] p2a\n|-immune|p2b: Rotom|[from] ability: Levitate\n|-supereffective|p2a: Sneasler|1\n|-damage|p2a: Sneasler|35/100\n|\n|-weather|none\n|-damage|p1b: Garchomp|35/100 brn|[from] brn\n|-sideend|p2: Arksurit|move: Tailwind\n|upkeep\n|\n|t:|1775880924\n|switch|p1a: Delphox|Delphox-Mega, L50, F|35/100\n|turn|6\n|\n|t:|1775880945\n|move|p2a: Sneasler|Dire Claw|p1a: Delphox\n|-damage|p1a: Delphox|0 fnt\n|faint|p1a: Delphox\n|move|p1b: Garchomp|Rock Slide|p2b: Rotom|[spread] p2a,p2b\n|-resisted|p2a: Sneasler|1\n|-damage|p2a: Sneasler|29/100\n|-damage|p2b: Rotom|92/100\n|cant|p2b: Rotom|flinch\n|\n|-damage|p1b: Garchomp|29/100 brn|[from] brn\n|upkeep\n|turn|7\n|-message|burntouteriksp forfeited.\n|\n|win|Arksurit\n|raw|burntouteriksp's rating: 1051 &rarr; <strong>1032</strong><br />(-19 for losing)\n|raw|Arksurit's rating: 1030 &rarr; <strong>1068</strong><br />(+38 for winning)\n",
  "uploadtime": 1775880953,
  "views": 11,
  "formatid": "gen9championsvgc2026regma",
  "rating": 1032,
  "private": 0,
  "password": null
}