{
  "id": "gen9championsvgc2026regma-2584827892",
  "format": "[Gen 9 Champions] VGC 2026 Reg M-A",
  "players": [
    "thatsaltyguy",
    "balacobbaco"
  ],
  "log": "|j|\u2606thatsaltyguy\n|j|\u2606balacobbaco\n|t:|1776286741\n|gametype|doubles\n|player|p1|thatsaltyguy|265|1128\n|player|p2|balacobbaco|101|1117\n|gen|9\n|tier|[Gen 9 Champions] VGC 2026 Reg M-A\n|rated|\n|rule|Species Clause: Limit one of each Pok\u00e9mon\n|rule|Item Clause: Limit 1 of each item\n|clearpoke\n|poke|p1|Crabominable, L50, M|\n|poke|p1|Incineroar, L50, F|\n|poke|p1|Sinistcha, L50|\n|poke|p1|Torkoal, L50, F|\n|poke|p1|Rhyperior, L50, M|\n|poke|p1|Oranguru, L50, F|\n|poke|p2|Milotic, L50, M|\n|poke|p2|Incineroar, L50, M|\n|poke|p2|Glimmora, L50, F|\n|poke|p2|Whimsicott, L50, M|\n|poke|p2|Jolteon, L50, F|\n|poke|p2|Manectric, L50, F|\n|teampreview|4\n|inactive|Battle timer is ON: inactive players will automatically lose when time's up. (requested by thatsaltyguy)\n|\n|t:|1776286792\n|teamsize|p1|4\n|teamsize|p2|4\n|start\n|switch|p1a: Oranguru|Oranguru, L50, F, shiny|100/100\n|switch|p1b: Torkoal|Torkoal, L50, F, shiny|100/100\n|switch|p2a: Jolteon|Jolteon, L50, F|100/100\n|switch|p2b: Manectric|Manectric, L50, F|100/100\n|-weather|SunnyDay|[from] ability: Drought|[of] p1b: Torkoal\n|turn|1\n|inactive|thatsaltyguy has 30 seconds left.\n|inactive|thatsaltyguy has 20 seconds left.\n|inactive|thatsaltyguy has 15 seconds left.\n|inactive|thatsaltyguy has 10 seconds left.\n|inactive|thatsaltyguy has 5 seconds left.\n|\n|t:|1776286848\n|move|p2a: Jolteon|Discharge|p1a: Oranguru|[spread] p1a,p1b\n|-ability|p2b: Manectric|Lightning Rod|boost\n|-boost|p2b: Manectric|spa|1\n|-damage|p1a: Oranguru|77/100\n|-damage|p1b: Torkoal|55/100\n|-status|p1b: Torkoal|par\n|move|p2b: Manectric|Flamethrower|p1a: Oranguru\n|-damage|p1a: Oranguru|27/100\n|move|p1a: Oranguru|Foul Play|p2b: Manectric\n|-damage|p2b: Manectric|77/100\n|move|p1b: Torkoal|Eruption|p2b: Manectric|[spread] p2a,p2b\n|-damage|p2a: Jolteon|41/100\n|-damage|p2b: Manectric|0 fnt\n|faint|p2b: Manectric\n|\n|-weather|SunnyDay|[upkeep]\n|upkeep\n|c|\u2606thatsaltyguy|crab\n|c|\u2606thatsaltyguy|i dced\n|c|\u2606thatsaltyguy|Lol\n|\n|t:|1776286866\n|switch|p2b: Milotic|Milotic, L50, M|100/100\n|turn|2\n|\n|t:|1776286876\n|switch|p1b: Sinistcha|Sinistcha, L50, shiny|100/100\n|-heal|p1a: Oranguru|52/100|[from] ability: Hospitality|[of] p1b: Sinistcha\n|move|p2b: Milotic|Protect|p2b: Milotic\n|-singleturn|p2b: Milotic|Protect\n|move|p2a: Jolteon|Discharge|p1b: Sinistcha|[spread] p1a,p1b\n|-activate|p2b: Milotic|move: Protect\n|-resisted|p1b: Sinistcha|1\n|-damage|p1a: Oranguru|27/100\n|-damage|p1b: Sinistcha|84/100\n|move|p1a: Oranguru|Trick Room|p1a: Oranguru\n|-fieldstart|move: Trick Room|[of] p1a: Oranguru\n|\n|-weather|SunnyDay|[upkeep]\n|-heal|p1b: Sinistcha|90/100|[from] item: Leftovers\n|upkeep\n|turn|3\n|\n|t:|1776286905\n|move|p1a: Oranguru|Instruct|p2a: Jolteon\n|-singleturn|p2a: Jolteon|move: Instruct|[of] p1a: Oranguru\n|move|p2a: Jolteon|Discharge|p1b: Sinistcha|[spread] p2b,p1a,p1b\n|-supereffective|p2b: Milotic|1\n|-resisted|p1b: Sinistcha|1\n|-damage|p2b: Milotic|52/100\n|-damage|p1a: Oranguru|0 fnt\n|-damage|p1b: Sinistcha|74/100\n|-status|p1b: Sinistcha|par\n|faint|p1a: Oranguru\n|move|p1b: Sinistcha|Life Dew|p1b: Sinistcha\n|-heal|p1b: Sinistcha|99/100 par\n|move|p2b: Milotic|Ice Beam|p1b: Sinistcha\n|-supereffective|p1b: Sinistcha|1\n|-damage|p1b: Sinistcha|24/100 par\n|move|p2a: Jolteon|Calm Mind|p2a: Jolteon\n|-boost|p2a: Jolteon|spa|1\n|-boost|p2a: Jolteon|spd|1\n|\n|-weather|SunnyDay|[upkeep]\n|-heal|p1b: Sinistcha|30/100 par|[from] item: Leftovers\n|upkeep\n|\n|t:|1776286925\n|switch|p1a: Torkoal|Torkoal, L50, F, shiny|55/100 par\n|turn|4\n|\n|t:|1776286944\n|switch|p2b: Incineroar|Incineroar, L50, M|100/100\n|-ability|p2b: Incineroar|Intimidate|boost\n|-unboost|p1a: Torkoal|atk|1\n|-unboost|p1b: Sinistcha|atk|1\n|move|p2a: Jolteon|Detect|p2a: Jolteon\n|-singleturn|p2a: Jolteon|Protect\n|move|p1a: Torkoal|Eruption|p2b: Incineroar|[spread] p2b\n|-activate|p2a: Jolteon|move: Protect\n|-resisted|p2b: Incineroar|1\n|-damage|p2b: Incineroar|78/100\n|move|p1b: Sinistcha|Life Dew|p1b: Sinistcha|[spread] p1a,p1b\n|-heal|p1a: Torkoal|80/100 par\n|-heal|p1b: Sinistcha|56/100 par\n|\n|-weather|SunnyDay|[upkeep]\n|-heal|p1b: Sinistcha|62/100 par|[from] item: Leftovers\n|upkeep\n|turn|5\n|inactive|thatsaltyguy has 30 seconds left.\n|inactive|balacobbaco has 30 seconds left.\n|\n|t:|1776286977\n|move|p2b: Incineroar|Fake Out|p1a: Torkoal\n|-damage|p1a: Torkoal|70/100 par\n|cant|p1a: Torkoal|flinch\n|move|p1b: Sinistcha|Life Dew|p1b: Sinistcha|[spread] p1a,p1b\n|-heal|p1a: Torkoal|95/100 par\n|-heal|p1b: Sinistcha|87/100 par\n|move|p2a: Jolteon|Discharge|p1b: Sinistcha|[spread] p2b,p1a,p1b\n|-resisted|p1b: Sinistcha|1\n|-damage|p2b: Incineroar|35/100\n|-damage|p1a: Torkoal|30/100 par\n|-damage|p1b: Sinistcha|62/100 par\n|-status|p2b: Incineroar|par\n|-enditem|p2b: Incineroar|Sitrus Berry|[eat]\n|-heal|p2b: Incineroar|60/100 par|[from] item: Sitrus Berry\n|\n|-weather|none\n|-heal|p1b: Sinistcha|68/100 par|[from] item: Leftovers\n|upkeep\n|turn|6\n|\n|t:|1776286998\n|move|p2b: Incineroar|Protect|p2b: Incineroar\n|-singleturn|p2b: Incineroar|Protect\n|move|p2a: Jolteon|Detect|p2a: Jolteon\n|-singleturn|p2a: Jolteon|Protect\n|move|p1a: Torkoal|Earth Power|p2b: Incineroar\n|-activate|p2b: Incineroar|move: Protect\n|move|p1b: Sinistcha|Life Dew|p1b: Sinistcha|[spread] p1a,p1b\n|-heal|p1a: Torkoal|55/100 par\n|-heal|p1b: Sinistcha|94/100 par\n|\n|-heal|p1b: Sinistcha|99/100 par|[from] item: Leftovers\n|-fieldend|move: Trick Room\n|upkeep\n|turn|7\n|\n|t:|1776287013\n|move|p2a: Jolteon|Calm Mind|p2a: Jolteon\n|-boost|p2a: Jolteon|spa|1\n|-boost|p2a: Jolteon|spd|1\n|move|p2b: Incineroar|Flare Blitz|p1b: Sinistcha\n|-supereffective|p1b: Sinistcha|1\n|-damage|p1b: Sinistcha|15/100 par\n|-damage|p2b: Incineroar|33/100 par|[from] Recoil\n|move|p1a: Torkoal|Earth Power|p2b: Incineroar\n|-supereffective|p2b: Incineroar|1\n|-damage|p2b: Incineroar|0 fnt\n|faint|p2b: Incineroar\n|move|p1b: Sinistcha|Trick Room|p1b: Sinistcha\n|-fieldstart|move: Trick Room|[of] p1b: Sinistcha\n|\n|-heal|p1b: Sinistcha|21/100 par|[from] item: Leftovers\n|upkeep\n|\n|t:|1776287022\n|switch|p2b: Milotic|Milotic, L50, M|52/100\n|turn|8\n|\n|t:|1776287032\n|move|p2a: Jolteon|Detect|p2a: Jolteon\n|-singleturn|p2a: Jolteon|Protect\n|move|p1a: Torkoal|Earth Power|p2a: Jolteon\n|-activate|p2a: Jolteon|move: Protect\n|move|p1b: Sinistcha|Matcha Gotcha|p2a: Jolteon|[spread] p2b\n|-activate|p2a: Jolteon|move: Protect\n|-supereffective|p2b: Milotic|1\n|-crit|p2b: Milotic\n|-damage|p2b: Milotic|1/100\n|-heal|p1b: Sinistcha|49/100 par|[from] drain|[of] p2b: Milotic\n|move|p2b: Milotic|Ice Beam|p1b: Sinistcha\n|-supereffective|p1b: Sinistcha|1\n|-damage|p1b: Sinistcha|0 fnt\n|faint|p1b: Sinistcha\n|\n|upkeep\n|\n|t:|1776287043\n|switch|p1b: Crabominable|Crabominable, L50, M, shiny|100/100\n|turn|9\n|\n|t:|1776287062\n|detailschange|p1b: Crabominable|Crabominable-Mega, L50, M, shiny\n|-mega|p1b: Crabominable|Crabominable|Crabominite\n|move|p1a: Torkoal|Heat Wave|p2a: Jolteon|[spread] p2a,p2b\n|-resisted|p2b: Milotic|1\n|-damage|p2a: Jolteon|17/100\n|-damage|p2b: Milotic|0 fnt\n|faint|p2b: Milotic\n|move|p1b: Crabominable|Drain Punch|p2a: Jolteon\n|-damage|p2a: Jolteon|0 fnt\n|faint|p2a: Jolteon\n|\n|win|thatsaltyguy\n|raw|thatsaltyguy's rating: 1128 &rarr; <strong>1152</strong><br />(+24 for winning)\n|raw|balacobbaco's rating: 1117 &rarr; <strong>1093</strong><br />(-24 for losing)\n|l|\u2606balacobbaco\n|player|p2|\n",
  "uploadtime": 1776287071,
  "views": 45,
  "formatid": "gen9championsvgc2026regma",
  "rating": 1093,
  "private": 0,
  "password": null
}