{
  "id": "gen9championsvgc2026regma-2588257177",
  "format": "[Gen 9 Champions] VGC 2026 Reg M-A",
  "players": [
    "iChooseU_pika",
    "yuriimon"
  ],
  "log": "|j|\u2606iChooseU_pika\n|j|\u2606yuriimon\n|t:|1776618644\n|gametype|doubles\n|player|p1|iChooseU_pika|170|1105\n|player|p2|yuriimon|waitress-gen4|1181\n|gen|9\n|tier|[Gen 9 Champions] VGC 2026 Reg M-A\n|rated|\n|rule|Species Clause: Limit one of each Pok\u00e9mon\n|rule|Item Clause: Limit 1 of each item\n|clearpoke\n|poke|p1|Tauros-Paldea-Aqua, L50, M|\n|poke|p1|Glalie, L50, F|\n|poke|p1|Tyranitar, L50, M|\n|poke|p1|Stunfisk, L50, F|\n|poke|p1|Arcanine-Hisui, L50, F|\n|poke|p1|Absol, L50, F|\n|poke|p2|Mimikyu, L50, F|\n|poke|p2|Crabominable, L50, M|\n|poke|p2|Vivillon-Tundra, L50, M|\n|poke|p2|Garchomp, L50, F|\n|poke|p2|Abomasnow, L50, M|\n|poke|p2|Kingambit, L50, F|\n|teampreview|4\n|inactive|Battle timer is ON: inactive players will automatically lose when time's up. (requested by yuriimon)\n|\n|t:|1776618666\n|teamsize|p1|4\n|teamsize|p2|4\n|start\n|switch|p1a: Tauros-Blaze|Tauros-Paldea-Aqua, L50, M|100/100\n|switch|p1b: Glalie|Glalie, L50, F|100/100\n|switch|p2a: Kingambit|Kingambit, L50, F|100/100\n|switch|p2b: Kanaya|Mimikyu, L50, F|100/100\n|turn|1\n|\n|t:|1776618679\n|move|p2a: Kingambit|Protect|p2a: Kingambit\n|-singleturn|p2a: Kingambit|Protect\n|move|p1b: Glalie|Frost Breath|p1a: Tauros-Blaze\n|-resisted|p1a: Tauros-Blaze|1\n|-crit|p1a: Tauros-Blaze\n|-damage|p1a: Tauros-Blaze|79/100\n|-setboost|p1a: Tauros-Blaze|atk|6|[from] ability: Anger Point\n|move|p1a: Tauros-Blaze|Close Combat|p2a: Kingambit\n|-activate|p2a: Kingambit|move: Protect\n|move|p2b: Kanaya|Trick Room|p2b: Kanaya\n|-fieldstart|move: Trick Room|[of] p2b: Kanaya\n|\n|upkeep\n|turn|2\n|inactive|yuriimon has 30 seconds left.\n|\n|t:|1776618707\n|move|p2a: Kingambit|Swords Dance|p2a: Kingambit\n|-boost|p2a: Kingambit|atk|2\n|move|p2b: Kanaya|Will-O-Wisp|p1a: Tauros-Blaze\n|-status|p1a: Tauros-Blaze|brn\n|move|p1a: Tauros-Blaze|Close Combat|p2a: Kingambit\n|-supereffective|p2a: Kingambit|2\n|-enditem|p2a: Kingambit|Chople Berry|[eat]\n|-enditem|p2a: Kingambit|Chople Berry|[weaken]\n|-damage|p2a: Kingambit|0 fnt\n|-unboost|p1a: Tauros-Blaze|def|1\n|-unboost|p1a: Tauros-Blaze|spd|1\n|faint|p2a: Kingambit\n|move|p1b: Glalie|Disable|p2b: Kanaya\n|-start|p2b: Kanaya|Disable|Will-O-Wisp\n|-enditem|p2b: Kanaya|Mental Herb\n|-end|p2b: Kanaya|Disable\n|\n|-damage|p1a: Tauros-Blaze|73/100 brn|[from] brn\n|upkeep\n|\n|t:|1776618716\n|switch|p2a: Garchomp|Garchomp, L50, F|100/100\n|turn|3\n|inactive|iChooseU_pika has 30 seconds left.\n|\n|t:|1776618744\n|switch|p2a: Crabominable|Crabominable, L50, M|100/100\n|move|p2b: Kanaya|Play Rough|p1a: Tauros-Blaze\n|-supereffective|p1a: Tauros-Blaze|1\n|-damage|p1a: Tauros-Blaze|0 fnt\n|faint|p1a: Tauros-Blaze\n|move|p1b: Glalie|Light Screen|p1b: Glalie\n|-sidestart|p1: iChooseU_pika|move: Light Screen\n|\n|upkeep\n|\n|t:|1776618756\n|switch|p1a: Arcanine|Arcanine-Hisui, L50, F|100/100\n|-ability|p1a: Arcanine|Intimidate|boost\n|-fail|p2a: Crabominable|unboost|Attack|[from] ability: Hyper Cutter|[of] p2a: Crabominable\n|-unboost|p2b: Kanaya|atk|1\n|turn|4\n|\n|t:|1776618774\n|detailschange|p2a: Crabominable|Crabominable-Mega, L50, M\n|-mega|p2a: Crabominable|Crabominable|Crabominite\n|move|p2a: Crabominable|Close Combat|p1a: Arcanine\n|-supereffective|p1a: Arcanine|1\n|-damage|p1a: Arcanine|0 fnt\n|-unboost|p2a: Crabominable|def|1\n|-unboost|p2a: Crabominable|spd|1\n|faint|p1a: Arcanine\n|move|p2b: Kanaya|Play Rough|p1b: Glalie\n|-damage|p1b: Glalie|78/100\n|move|p1b: Glalie|Disable|p2a: Crabominable\n|-start|p2a: Crabominable|Disable|Close Combat\n|\n|-heal|p1b: Glalie|84/100|[from] item: Leftovers\n|upkeep\n|\n|t:|1776618787\n|switch|p1a: zoroarkk|Absol, L50, F|100/100\n|turn|5\n|\n|t:|1776618806\n|detailschange|p1a: zoroarkk|Absol-Mega, L50, F\n|-mega|p1a: zoroarkk|Absol|Absolite\n|move|p2a: Crabominable|Mach Punch|p1a: zoroarkk\n|-supereffective|p1a: zoroarkk|1\n|-damage|p1a: zoroarkk|0 fnt\n|faint|p1a: zoroarkk\n|move|p2b: Kanaya|Play Rough|p1b: Glalie\n|-damage|p1b: Glalie|61/100\n|move|p1b: Glalie|Disable|p2b: Kanaya\n|-start|p2b: Kanaya|Disable|Play Rough\n|\n|-heal|p1b: Glalie|67/100|[from] item: Leftovers\n|-fieldend|move: Trick Room\n|upkeep\n|turn|6\n|-message|iChooseU_pika forfeited.\n|\n|win|yuriimon\n|raw|iChooseU_pika's rating: 1105 &rarr; <strong>1085</strong><br />(-20 for losing)\n|raw|yuriimon's rating: 1181 &rarr; <strong>1201</strong><br />(+20 for winning)\n|l|\u2606iChooseU_pika\n|player|p1|\n",
  "uploadtime": 1776618824,
  "views": 10,
  "formatid": "gen9championsvgc2026regma",
  "rating": 1085,
  "private": 0,
  "password": null
}