{
  "id": "gen9championsvgc2026regma-2586088101",
  "format": "[Gen 9 Champions] VGC 2026 Reg M-A",
  "players": [
    "jukasinjakudo",
    "FiresFire"
  ],
  "log": "|j|\u2606jukasinjakudo\n|j|\u2606FiresFire\n|t:|1776397667\n|gametype|doubles\n|player|p1|jukasinjakudo|n|1116\n|player|p2|FiresFire|lucas|1128\n|gen|9\n|tier|[Gen 9 Champions] VGC 2026 Reg M-A\n|rated|\n|rule|Species Clause: Limit one of each Pok\u00e9mon\n|rule|Item Clause: Limit 1 of each item\n|clearpoke\n|poke|p1|Weavile, L50, F|\n|poke|p1|Milotic, L50, F|\n|poke|p1|Kommo-o, L50, F|\n|poke|p1|Sinistcha, L50|\n|poke|p1|Slowbro-Galar, L50, F|\n|poke|p1|Rotom-Wash, L50|\n|poke|p2|Delphox, L50, F|\n|poke|p2|Basculegion, L50, M|\n|poke|p2|Clefable, L50, M|\n|poke|p2|Kingambit, L50, F|\n|poke|p2|Dragonite, L50, M|\n|poke|p2|Sneasler, L50, M|\n|teampreview|4\n|inactive|Battle timer is ON: inactive players will automatically lose when time's up. (requested by FiresFire)\n|inactive|FiresFire has 60 seconds left.\n|\n|t:|1776397705\n|teamsize|p1|4\n|teamsize|p2|4\n|start\n|switch|p1a: Weavile|Weavile, L50, F|100/100\n|switch|p1b: Kommo-o|Kommo-o, L50, F|100/100\n|switch|p2a: Kingambit|Kingambit, L50, F, shiny|100/100\n|switch|p2b: Sneasler|Sneasler, L50, M, shiny|100/100\n|turn|1\n|\n|t:|1776397723\n|switch|p2a: Clefable|Clefable, L50, M, shiny|100/100\n|move|p1a: Weavile|Fake Out|p2b: Sneasler\n|-damage|p2b: Sneasler|76/100\n|cant|p2b: Sneasler|flinch\n|move|p1b: Kommo-o|Clangorous Soul|p1b: Kommo-o\n|-boost|p1b: Kommo-o|atk|1\n|-boost|p1b: Kommo-o|def|1\n|-boost|p1b: Kommo-o|spa|1\n|-boost|p1b: Kommo-o|spd|1\n|-boost|p1b: Kommo-o|spe|1\n|-damage|p1b: Kommo-o|68/100\n|\n|upkeep\n|turn|2\n|\n|t:|1776397737\n|move|p1b: Kommo-o|Protect|p1b: Kommo-o\n|-singleturn|p1b: Kommo-o|Protect\n|move|p2a: Clefable|Follow Me|p2a: Clefable\n|-singleturn|p2a: Clefable|move: Follow Me\n|move|p1a: Weavile|Psycho Cut|p2a: Clefable\n|-damage|p2a: Clefable|82/100\n|move|p2b: Sneasler|Close Combat|p1a: Weavile\n|-supereffective|p1a: Weavile|2\n|-enditem|p1a: Weavile|Focus Sash\n|-damage|p1a: Weavile|1/100\n|-unboost|p2b: Sneasler|def|1\n|-unboost|p2b: Sneasler|spd|1\n|-enditem|p2b: Sneasler|Focus Sash|[silent]|[from] ability: Pickpocket|[of] p2b: Sneasler\n|-item|p1a: Weavile|Focus Sash|[from] ability: Pickpocket|[of] p2b: Sneasler\n|\n|upkeep\n|turn|3\n|\n|t:|1776397758\n|move|p2a: Clefable|Follow Me|p2a: Clefable\n|-singleturn|p2a: Clefable|move: Follow Me\n|move|p2b: Sneasler|Dire Claw|p1b: Kommo-o\n|-damage|p1b: Kommo-o|37/100\n|move|p1b: Kommo-o|Clanging Scales|p2a: Clefable|[spread] p2b\n|-immune|p2a: Clefable\n|-damage|p2b: Sneasler|0 fnt\n|faint|p2b: Sneasler\n|-unboost|p1b: Kommo-o|def|1\n|move|p1a: Weavile|Triple Axel|p2a: Clefable\n|-damage|p2a: Clefable|74/100\n|-damage|p2a: Clefable|57/100\n|-damage|p2a: Clefable|33/100\n|-enditem|p2a: Clefable|Sitrus Berry|[eat]\n|-heal|p2a: Clefable|57/100|[from] item: Sitrus Berry\n|-hitcount|p2a: Clefable|3\n|\n|upkeep\n|\n|t:|1776397773\n|switch|p2b: Delphox|Delphox, L50, F, shiny|100/100\n|turn|4\n|\n|t:|1776397788\n|detailschange|p2b: Delphox|Delphox-Mega, L50, F, shiny\n|-mega|p2b: Delphox|Delphox|Delphoxite\n|move|p1b: Kommo-o|Protect|p1b: Kommo-o\n|-singleturn|p1b: Kommo-o|Protect\n|move|p2a: Clefable|Follow Me|p2a: Clefable\n|-singleturn|p2a: Clefable|move: Follow Me\n|move|p2b: Delphox|Psychic|p1b: Kommo-o\n|-activate|p1b: Kommo-o|move: Protect\n|move|p1a: Weavile|Triple Axel|p2a: Clefable\n|-damage|p2a: Clefable|50/100\n|-damage|p2a: Clefable|33/100\n|-damage|p2a: Clefable|8/100\n|-hitcount|p2a: Clefable|3\n|\n|upkeep\n|turn|5\n|\n|t:|1776397812\n|move|p2a: Clefable|Follow Me|p2a: Clefable\n|-singleturn|p2a: Clefable|move: Follow Me\n|move|p1b: Kommo-o|Clanging Scales|p2a: Clefable|[spread] p2b\n|-immune|p2a: Clefable\n|-damage|p2b: Delphox|32/100\n|-unboost|p1b: Kommo-o|def|1\n|move|p2b: Delphox|Heat Wave|p1a: Weavile|[spread] p1a,p1b\n|-supereffective|p1a: Weavile|1\n|-resisted|p1b: Kommo-o|1\n|-damage|p1a: Weavile|0 fnt\n|-damage|p1b: Kommo-o|22/100\n|faint|p1a: Weavile\n|\n|upkeep\n|\n|t:|1776397831\n|switch|p1a: Sinistcha|Sinistcha, L50|100/100\n|-heal|p1b: Kommo-o|47/100|[from] ability: Hospitality|[of] p1a: Sinistcha\n|turn|6\n|\n|t:|1776397851\n|move|p2a: Clefable|Helping Hand|p2b: Delphox\n|-singleturn|p2b: Delphox|Helping Hand|[of] p2a: Clefable\n|move|p1b: Kommo-o|Clanging Scales|p2a: Clefable|[spread] p2b\n|-immune|p2a: Clefable\n|-damage|p2b: Delphox|0 fnt\n|faint|p2b: Delphox\n|-unboost|p1b: Kommo-o|def|1\n|move|p1a: Sinistcha|Life Dew||[still]|[spread] p1a,p1b\n|-fail|p1a: Sinistcha|heal\n|-heal|p1b: Kommo-o|72/100\n|\n|upkeep\n|\n|t:|1776397856\n|switch|p2b: Kingambit|Kingambit, L50, F, shiny|100/100\n|turn|7\n|\n|t:|1776397873\n|move|p1a: Sinistcha|Rage Powder|p1a: Sinistcha\n|-singleturn|p1a: Sinistcha|move: Rage Powder\n|move|p2a: Clefable|Follow Me|p2a: Clefable\n|-singleturn|p2a: Clefable|move: Follow Me\n|move|p1b: Kommo-o|Aura Sphere|p2a: Clefable\n|-resisted|p2a: Clefable|1\n|-damage|p2a: Clefable|0 fnt\n|faint|p2a: Clefable\n|move|p2b: Kingambit|Swords Dance|p2b: Kingambit\n|-boost|p2b: Kingambit|atk|2\n|\n|upkeep\n|turn|8\n|inactive|FiresFire has 30 seconds left.\n|l|\u2606FiresFire\n|inactive|FiresFire disconnected and has a minute to reconnect!\n|player|p2|\n|inactive|FiresFire has 20 seconds left.\n|inactive|FiresFire has 15 seconds left.\n|inactive|FiresFire has 10 seconds left.\n|inactive|FiresFire has 5 seconds left.\n|-message|FiresFire lost due to inactivity.\n|\n|win|jukasinjakudo\n|raw|jukasinjakudo's rating: 1116 &rarr; <strong>1142</strong><br />(+26 for winning)\n|raw|FiresFire's rating: 1128 &rarr; <strong>1102</strong><br />(-26 for losing)\n",
  "uploadtime": 1776398416,
  "views": 17,
  "formatid": "gen9championsvgc2026regma",
  "rating": 1102,
  "private": 0,
  "password": null
}