{
  "id": "gen9championsvgc2026regma-2583271443",
  "format": "[Gen 9 Champions] VGC 2026 Reg M-A",
  "players": [
    "EisenVGC",
    "febo920"
  ],
  "log": "|j|\u2606EisenVGC\n|j|\u2606febo920\n|t:|1776161747\n|gametype|doubles\n|player|p1|EisenVGC|265|1124\n|player|p2|febo920|265|1172\n|gen|9\n|tier|[Gen 9 Champions] VGC 2026 Reg M-A\n|rated|\n|rule|Species Clause: Limit one of each Pok\u00e9mon\n|rule|Item Clause: Limit 1 of each item\n|clearpoke\n|poke|p1|Incineroar, L50, M|\n|poke|p1|Venusaur, L50, M|\n|poke|p1|Rotom-Wash, L50|\n|poke|p1|Garchomp, L50, M|\n|poke|p1|Corviknight, L50, F|\n|poke|p1|Ninetales-Alola, L50, M|\n|poke|p2|Floette-Eternal, L50, F|\n|poke|p2|Maushold-Four, L50|\n|poke|p2|Basculegion, L50, M|\n|poke|p2|Incineroar, L50, M|\n|poke|p2|Tyranitar, L50, F|\n|poke|p2|Excadrill, L50, M|\n|teampreview|4\n|inactive|Battle timer is ON: inactive players will automatically lose when time's up. (requested by EisenVGC)\n|\n|t:|1776161793\n|teamsize|p1|4\n|teamsize|p2|4\n|start\n|switch|p1a: Incineroar|Incineroar, L50, M|100/100\n|switch|p1b: Venusaur|Venusaur, L50, M|100/100\n|switch|p2a: Tyranitar|Tyranitar, L50, F|100/100\n|switch|p2b: Excadrill|Excadrill, L50, M|100/100\n|-ability|p1a: Incineroar|Intimidate|boost\n|-unboost|p2a: Tyranitar|atk|1\n|-unboost|p2b: Excadrill|atk|1\n|-weather|Sandstorm|[from] ability: Sand Stream|[of] p2a: Tyranitar\n|turn|1\n|inactive|EisenVGC has 30 seconds left.\n|inactive|febo920 has 30 seconds left.\n|inactive|febo920 has 20 seconds left.\n|inactive|EisenVGC has 20 seconds left.\n|inactive|febo920 has 15 seconds left.\n|inactive|EisenVGC has 15 seconds left.\n|\n|t:|1776161840\n|switch|p2b: Incineroar|Incineroar, L50, M|100/100\n|-ability|p2b: Incineroar|Intimidate|boost\n|-unboost|p1a: Incineroar|atk|1\n|-unboost|p1b: Venusaur|atk|1\n|switch|p1a: Rotom|Rotom-Wash, L50|100/100\n|detailschange|p1b: Venusaur|Venusaur-Mega, L50, M\n|-mega|p1b: Venusaur|Venusaur|Venusaurite\n|move|p1b: Venusaur|Leech Seed|p2b: Incineroar\n|-start|p2b: Incineroar|move: Leech Seed\n|move|p2a: Tyranitar|High Horsepower|p1a: Rotom\n|-immune|p1a: Rotom|[from] ability: Levitate\n|\n|-weather|Sandstorm|[upkeep]\n|-damage|p1a: Rotom|95/100|[from] Sandstorm\n|-damage|p1b: Venusaur|95/100|[from] Sandstorm\n|-damage|p2b: Incineroar|95/100|[from] Sandstorm\n|-damage|p2b: Incineroar|82/100|[from] Leech Seed|[of] p1b: Venusaur\n|-heal|p1b: Venusaur|100/100|[silent]\n|upkeep\n|turn|2\n|inactive|EisenVGC has 30 seconds left.\n|inactive|febo920 has 30 seconds left.\n|inactive|febo920 has 20 seconds left.\n|inactive|febo920 has 15 seconds left.\n|\n|t:|1776161883\n|switch|p2a: Basculegion|Basculegion, L50, M|100/100\n|move|p1a: Rotom|Will-O-Wisp|p2a: Basculegion\n|-status|p2a: Basculegion|brn\n|move|p1b: Venusaur|Leech Seed|p2a: Basculegion\n|-start|p2a: Basculegion|move: Leech Seed\n|move|p2b: Incineroar|Will-O-Wisp|p1b: Venusaur\n|-status|p1b: Venusaur|brn\n|\n|-weather|Sandstorm|[upkeep]\n|-damage|p2a: Basculegion|94/100 brn|[from] Sandstorm\n|-damage|p1a: Rotom|89/100|[from] Sandstorm\n|-damage|p1b: Venusaur|95/100 brn|[from] Sandstorm\n|-damage|p2b: Incineroar|76/100|[from] Sandstorm\n|-damage|p2a: Basculegion|82/100 brn|[from] Leech Seed|[of] p1b: Venusaur\n|-heal|p1b: Venusaur|100/100 brn|[silent]\n|-damage|p2b: Incineroar|64/100|[from] Leech Seed|[of] p1b: Venusaur\n|-damage|p2a: Basculegion|76/100 brn|[from] brn\n|-damage|p1b: Venusaur|95/100 brn|[from] brn\n|upkeep\n|turn|3\n|inactive|EisenVGC has 30 seconds left.\n|\n|t:|1776161911\n|switch|p2a: Tyranitar|Tyranitar, L50, F|100/100\n|switch|p1a: Incineroar|Incineroar, L50, M|100/100\n|-ability|p1a: Incineroar|Intimidate|boost\n|-unboost|p2a: Tyranitar|atk|1\n|-unboost|p2b: Incineroar|atk|1\n|move|p1b: Venusaur|Leech Seed||[still]\n|-fail|p1b: Venusaur\n|move|p2b: Incineroar|Parting Shot|p1a: Incineroar\n|-unboost|p1a: Incineroar|atk|1\n|-unboost|p1a: Incineroar|spa|1\n|\n|t:|1776161924\n|switch|p2b: Excadrill|Excadrill, L50, M|100/100|[from] Parting Shot\n|\n|-weather|Sandstorm|[upkeep]\n|-damage|p1b: Venusaur|89/100 brn|[from] Sandstorm\n|-damage|p1a: Incineroar|95/100|[from] Sandstorm\n|-damage|p1b: Venusaur|83/100 brn|[from] brn\n|upkeep\n|turn|4\n|inactive|EisenVGC has 30 seconds left.\n|inactive|febo920 has 30 seconds left.\n|\n|t:|1776161955\n|switch|p1a: Rotom|Rotom-Wash, L50|89/100\n|move|p2b: Excadrill|Rock Slide|p1a: Rotom|[spread] p1a,p1b\n|-damage|p1a: Rotom|67/100\n|-damage|p1b: Venusaur|66/100 brn\n|move|p1b: Venusaur|Giga Drain|p2a: Tyranitar\n|-supereffective|p2a: Tyranitar|1\n|-damage|p2a: Tyranitar|62/100\n|-heal|p1b: Venusaur|87/100 brn|[from] drain|[of] p2a: Tyranitar\n|move|p2a: Tyranitar|Knock Off|p1a: Rotom\n|-damage|p1a: Rotom|25/100\n|-enditem|p1a: Rotom|Sitrus Berry|[from] move: Knock Off|[of] p2a: Tyranitar\n|\n|-weather|Sandstorm|[upkeep]\n|-damage|p1a: Rotom|19/100|[from] Sandstorm\n|-damage|p1b: Venusaur|81/100 brn|[from] Sandstorm\n|-damage|p1b: Venusaur|75/100 brn|[from] brn\n|upkeep\n|turn|5\n|inactive|EisenVGC has 30 seconds left.\n|inactive|febo920 has 30 seconds left.\n|inactive|EisenVGC has 20 seconds left.\n|inactive|EisenVGC has 15 seconds left.\n|inactive|febo920 has 20 seconds left.\n|inactive|EisenVGC has 10 seconds left.\n|\n|t:|1776162004\n|switch|p1a: Incineroar|Incineroar, L50, M|95/100\n|-ability|p1a: Incineroar|Intimidate|boost\n|-unboost|p2a: Tyranitar|atk|1\n|-unboost|p2b: Excadrill|atk|1\n|move|p2b: Excadrill|Rock Slide|p1b: Venusaur|[spread] p1a,p1b\n|-supereffective|p1a: Incineroar|1\n|-damage|p1a: Incineroar|73/100\n|-damage|p1b: Venusaur|65/100 brn\n|move|p1b: Venusaur|Leech Seed|p2a: Tyranitar\n|-start|p2a: Tyranitar|move: Leech Seed\n|move|p2a: Tyranitar|Rock Slide|p1a: Incineroar|[spread] p1a,p1b\n|-supereffective|p1a: Incineroar|1\n|-damage|p1a: Incineroar|49/100\n|-damage|p1b: Venusaur|53/100 brn\n|\n|-weather|none\n|-damage|p2a: Tyranitar|50/100|[from] Leech Seed|[of] p1b: Venusaur\n|-heal|p1b: Venusaur|67/100 brn|[silent]\n|-damage|p1b: Venusaur|61/100 brn|[from] brn\n|upkeep\n|turn|6\n|inactive|EisenVGC has 30 seconds left.\n|inactive|febo920 has 30 seconds left.\n|inactive|EisenVGC has 20 seconds left.\n|\n|t:|1776162042\n|switch|p2a: Incineroar|Incineroar, L50, M|64/100\n|-ability|p2a: Incineroar|Intimidate|boost\n|-unboost|p1a: Incineroar|atk|1\n|-unboost|p1b: Venusaur|atk|1\n|move|p2b: Excadrill|Protect|p2b: Excadrill\n|-singleturn|p2b: Excadrill|Protect\n|move|p1a: Incineroar|Fake Out|p2b: Excadrill\n|-activate|p2b: Excadrill|move: Protect\n|move|p1b: Venusaur|Leech Seed|p2b: Excadrill\n|-activate|p2b: Excadrill|move: Protect\n|\n|-damage|p1b: Venusaur|55/100 brn|[from] brn\n|upkeep\n|turn|7\n|inactive|EisenVGC has 30 seconds left.\n|\n|t:|1776162068\n|switch|p1a: Ninetales|Ninetales-Alola, L50, M|100/100\n|-weather|Snowscape|[from] ability: Snow Warning|[of] p1a: Ninetales\n|move|p2a: Incineroar|Fake Out|p1b: Venusaur\n|-damage|p1b: Venusaur|47/100 brn\n|move|p2b: Excadrill|High Horsepower|p1a: Ninetales\n|-damage|p1a: Ninetales|64/100\n|cant|p1b: Venusaur|flinch\n|\n|-weather|Snowscape|[upkeep]\n|-damage|p1b: Venusaur|41/100 brn|[from] brn\n|upkeep\n|turn|8\n|inactive|EisenVGC has 30 seconds left.\n|inactive|febo920 has 30 seconds left.\n|\n|t:|1776162102\n|switch|p2a: Tyranitar|Tyranitar, L50, F|50/100\n|-weather|Sandstorm|[from] ability: Sand Stream|[of] p2a: Tyranitar\n|move|p2b: Excadrill|Iron Head|p1b: Venusaur\n|-damage|p1b: Venusaur|17/100 brn\n|move|p1a: Ninetales|Blizzard|p2b: Excadrill|[spread] p2a,p2b\n|-crit|p2a: Tyranitar\n|-damage|p2a: Tyranitar|22/100\n|-damage|p2b: Excadrill|58/100\n|-status|p2b: Excadrill|frz\n|move|p1b: Venusaur|Giga Drain|p2b: Excadrill\n|-damage|p2b: Excadrill|18/100 frz\n|-heal|p1b: Venusaur|37/100 brn|[from] drain|[of] p2b: Excadrill\n|\n|-weather|Sandstorm|[upkeep]\n|-damage|p1a: Ninetales|58/100|[from] Sandstorm\n|-damage|p1b: Venusaur|31/100 brn|[from] Sandstorm\n|-damage|p1b: Venusaur|25/100 brn|[from] brn\n|upkeep\n|turn|9\n|inactive|EisenVGC has 30 seconds left.\n|inactive|febo920 has 30 seconds left.\n|inactive|EisenVGC has 20 seconds left.\n|inactive|febo920 has 20 seconds left.\n|\n|t:|1776162143\n|cant|p2b: Excadrill|frz\n|move|p1a: Ninetales|Moonblast|p2a: Tyranitar\n|-supereffective|p2a: Tyranitar|1\n|-damage|p2a: Tyranitar|0 fnt\n|faint|p2a: Tyranitar\n|move|p1b: Venusaur|Leech Seed|p2b: Excadrill\n|-start|p2b: Excadrill|move: Leech Seed\n|\n|-weather|Sandstorm|[upkeep]\n|-damage|p1a: Ninetales|52/100|[from] Sandstorm\n|-damage|p1b: Venusaur|19/100 brn|[from] Sandstorm\n|-damage|p2b: Excadrill|5/100 frz|[from] Leech Seed|[of] p1b: Venusaur\n|-heal|p1b: Venusaur|32/100 brn|[silent]\n|-damage|p1b: Venusaur|26/100 brn|[from] brn\n|upkeep\n|\n|t:|1776162163\n|switch|p2a: Incineroar|Incineroar, L50, M|64/100\n|-ability|p2a: Incineroar|Intimidate|boost\n|-unboost|p1a: Ninetales|atk|1\n|-unboost|p1b: Venusaur|atk|1\n|turn|10\n|\n|t:|1776162181\n|switch|p2b: Basculegion|Basculegion, L50, M|76/100 brn\n|switch|p1a: Incineroar|Incineroar, L50, M|49/100\n|-ability|p1a: Incineroar|Intimidate|boost\n|-unboost|p2a: Incineroar|atk|1\n|-unboost|p2b: Basculegion|atk|1\n|move|p1b: Venusaur|Protect|p1b: Venusaur\n|-singleturn|p1b: Venusaur|Protect\n|move|p2a: Incineroar|Fake Out|p1b: Venusaur\n|-activate|p1b: Venusaur|move: Protect\n|\n|-weather|Sandstorm|[upkeep]\n|-damage|p2b: Basculegion|70/100 brn|[from] Sandstorm\n|-damage|p1b: Venusaur|20/100 brn|[from] Sandstorm\n|-damage|p1a: Incineroar|43/100|[from] Sandstorm\n|-damage|p2a: Incineroar|58/100|[from] Sandstorm\n|-damage|p2b: Basculegion|64/100 brn|[from] brn\n|-damage|p1b: Venusaur|14/100 brn|[from] brn\n|upkeep\n|turn|11\n|inactive|EisenVGC has 30 seconds left.\n|inactive|febo920 has 30 seconds left.\n|inactive|EisenVGC has 20 seconds left.\n|inactive|EisenVGC has 15 seconds left.\n|inactive|febo920 has 20 seconds left.\n|inactive|EisenVGC has 10 seconds left.\n|\n|t:|1776162230\n|switch|p1a: Rotom|Rotom-Wash, L50|19/100\n|move|p1b: Venusaur|Protect||[still]\n|-fail|p1b: Venusaur\n|move|p2b: Basculegion|Flip Turn|p1b: Venusaur\n|-resisted|p1b: Venusaur|1\n|-crit|p1b: Venusaur\n|-damage|p1b: Venusaur|3/100 brn\n|\n|t:|1776162239\n|switch|p2b: Excadrill|Excadrill, L50, M|5/100 frz|[from] Flip Turn\n|move|p2a: Incineroar|Snarl|p1a: Rotom|[spread] p1a,p1b\n|-damage|p1a: Rotom|9/100\n|-damage|p1b: Venusaur|0 fnt\n|-unboost|p1a: Rotom|spa|1\n|faint|p1b: Venusaur\n|\n|-weather|Sandstorm|[upkeep]\n|-damage|p1a: Rotom|3/100|[from] Sandstorm\n|-damage|p2a: Incineroar|52/100|[from] Sandstorm\n|upkeep\n|\n|t:|1776162250\n|switch|p1b: Ninetales|Ninetales-Alola, L50, M|52/100\n|-weather|Snowscape|[from] ability: Snow Warning|[of] p1b: Ninetales\n|turn|12\n|\n|t:|1776162268\n|switch|p2a: Basculegion|Basculegion, L50, M|64/100 brn\n|move|p1b: Ninetales|Blizzard|p2b: Excadrill|[spread] p2a,p2b\n|-resisted|p2a: Basculegion|1\n|-damage|p2a: Basculegion|45/100 brn\n|-damage|p2b: Excadrill|0 fnt\n|faint|p2b: Excadrill\n|move|p1a: Rotom|Hydro Pump|p2a: Basculegion\n|-resisted|p2a: Basculegion|1\n|-damage|p2a: Basculegion|25/100 brn\n|\n|-weather|Snowscape|[upkeep]\n|-damage|p2a: Basculegion|19/100 brn|[from] brn\n|upkeep\n|\n|t:|1776162282\n|switch|p2b: Incineroar|Incineroar, L50, M|52/100\n|-ability|p2b: Incineroar|Intimidate|boost\n|-unboost|p1a: Rotom|atk|1\n|-unboost|p1b: Ninetales|atk|1\n|turn|13\n|inactive|febo920 has 30 seconds left.\n|inactive|EisenVGC has 30 seconds left.\n|\n|t:|1776162311\n|switch|p1a: Incineroar|Incineroar, L50, M|43/100\n|-ability|p1a: Incineroar|Intimidate|boost\n|-unboost|p2a: Basculegion|atk|1\n|-unboost|p2b: Incineroar|atk|1\n|move|p2b: Incineroar|Fake Out|p1b: Ninetales\n|-damage|p1b: Ninetales|44/100\n|move|p2a: Basculegion|Last Respects|p1a: Incineroar\n|-resisted|p1a: Incineroar|1\n|-damage|p1a: Incineroar|29/100\n|cant|p1b: Ninetales|flinch\n|\n|-weather|Snowscape|[upkeep]\n|-damage|p2a: Basculegion|13/100 brn|[from] brn\n|upkeep\n|turn|14\n|inactive|febo920 has 25 seconds left this turn.\n|inactive|febo920 has 20 seconds left.\n|inactive|EisenVGC has 30 seconds left.\n|inactive|febo920 has 15 seconds left.\n|inactive|febo920 has 10 seconds left.\n|\n|t:|1776162329\n|move|p1a: Incineroar|Fake Out|p2b: Incineroar\n|-damage|p2b: Incineroar|44/100\n|-enditem|p2b: Incineroar|Sitrus Berry|[eat]\n|-heal|p2b: Incineroar|68/100|[from] item: Sitrus Berry\n|move|p2a: Basculegion|Last Respects|p1b: Ninetales\n|-damage|p1b: Ninetales|6/100\n|move|p1b: Ninetales|Moonblast|p2b: Incineroar\n|-damage|p2b: Incineroar|36/100\n|cant|p2b: Incineroar|flinch\n|\n|-weather|Snowscape|[upkeep]\n|-damage|p2a: Basculegion|7/100 brn|[from] brn\n|upkeep\n|turn|15\n|inactive|EisenVGC has 25 seconds left this turn.\n|inactive|febo920 has 10 seconds left this turn.\n|inactive|EisenVGC has 20 seconds left.\n|inactive|febo920 has 5 seconds left.\n|inactive|EisenVGC has 15 seconds left.\n|-message|febo920 lost due to inactivity.\n|\n|win|EisenVGC\n|raw|EisenVGC's rating: 1124 &rarr; <strong>1152</strong><br />(+28 for winning)\n|raw|febo920's rating: 1172 &rarr; <strong>1144</strong><br />(-28 for losing)\n|l|\u2606febo920\n|player|p2|\n",
  "uploadtime": 1776162357,
  "views": 20,
  "formatid": "gen9championsvgc2026regma",
  "rating": 1144,
  "private": 0,
  "password": null
}