{
  "id": "gen9championsvgc2026regma-2587419645",
  "format": "[Gen 9 Champions] VGC 2026 Reg M-A",
  "players": [
    "DavidTIS",
    "Titans34"
  ],
  "log": "|j|\u2606DavidTIS\n|j|\u2606Titans34\n|t:|1776530259\n|gametype|doubles\n|player|p1|DavidTIS|102|1162\n|player|p2|Titans34|2|1197\n|gen|9\n|tier|[Gen 9 Champions] VGC 2026 Reg M-A\n|rated|\n|rule|Species Clause: Limit one of each Pok\u00e9mon\n|rule|Item Clause: Limit 1 of each item\n|clearpoke\n|poke|p1|Starmie, L50|\n|poke|p1|Lucario, L50, M|\n|poke|p1|Lycanroc-Dusk, L50, F|\n|poke|p1|Hydreigon, L50, M|\n|poke|p1|Slowbro-Galar, L50, F|\n|poke|p1|Skarmory, L50, F|\n|poke|p2|Scovillain, L50, M|\n|poke|p2|Ninetales-Alola, L50, M|\n|poke|p2|Maushold-Four, L50|\n|poke|p2|Kingambit, L50, M|\n|poke|p2|Incineroar, L50, F|\n|poke|p2|Sneasler, L50, M|\n|teampreview|4\n|inactive|Battle timer is ON: inactive players will automatically lose when time's up. (requested by Titans34)\n|\n|t:|1776530304\n|teamsize|p1|4\n|teamsize|p2|4\n|start\n|switch|p1a: Lucario|Lucario, L50, M|100/100\n|switch|p1b: Slowbro|Slowbro-Galar, L50, F|100/100\n|switch|p2a: Ninetales|Ninetales-Alola, L50, M|100/100\n|switch|p2b: Incineroar|Incineroar, L50, F|100/100\n|-weather|Snowscape|[from] ability: Snow Warning|[of] p2a: Ninetales\n|-ability|p2b: Incineroar|Intimidate|boost\n|-fail|p1a: Lucario|unboost|Attack|[from] ability: Inner Focus|[of] p1a: Lucario\n|-unboost|p1b: Slowbro|atk|1\n|turn|1\n|-activate|p1b: Slowbro|ability: Quick Draw\n|\n|t:|1776530327\n|move|p2b: Incineroar|Fake Out|p1b: Slowbro\n|-damage|p1b: Slowbro|85/100\n|cant|p1b: Slowbro|flinch\n|move|p2a: Ninetales|Aurora Veil|p2a: Ninetales\n|-sidestart|p2: Titans34|move: Aurora Veil\n|move|p1a: Lucario|Aura Sphere|p2b: Incineroar\n|-supereffective|p2b: Incineroar|1\n|-damage|p2b: Incineroar|32/100\n|\n|-weather|Snowscape|[upkeep]\n|-heal|p2b: Incineroar|38/100|[from] item: Leftovers\n|-heal|p1b: Slowbro|91/100|[from] item: Leftovers\n|upkeep\n|turn|2\n|\n|t:|1776530347\n|move|p2a: Ninetales|Blizzard|p1a: Lucario|[spread] p1a,p1b\n|-resisted|p1a: Lucario|1\n|-damage|p1a: Lucario|76/100\n|-damage|p1b: Slowbro|53/100\n|move|p1a: Lucario|Aura Sphere|p2b: Incineroar\n|-supereffective|p2b: Incineroar|1\n|-damage|p2b: Incineroar|0 fnt\n|faint|p2b: Incineroar\n|move|p1b: Slowbro|Shell Side Arm|p2a: Ninetales|[anim] Shell Side Arm Physical\n|-supereffective|p2a: Ninetales|1\n|-damage|p2a: Ninetales|63/100\n|-hint|Physical Shell Side Arm\n|\n|-weather|Snowscape|[upkeep]\n|-heal|p1b: Slowbro|59/100|[from] item: Leftovers\n|upkeep\n|\n|t:|1776530357\n|switch|p2b: Scovillain|Scovillain, L50, M|100/100\n|turn|3\n|\n|t:|1776530372\n|move|p2b: Scovillain|Protect|p2b: Scovillain\n|-singleturn|p2b: Scovillain|Protect\n|move|p2a: Ninetales|Blizzard|p1a: Lucario|[spread] p1a,p1b\n|-resisted|p1a: Lucario|1\n|-crit|p1b: Slowbro\n|-damage|p1a: Lucario|48/100\n|-damage|p1b: Slowbro|1/100\n|move|p1a: Lucario|Flash Cannon|p2a: Ninetales\n|-supereffective|p2a: Ninetales|2\n|-damage|p2a: Ninetales|0 fnt\n|faint|p2a: Ninetales\n|move|p1b: Slowbro|Shell Side Arm|p2b: Scovillain|[anim] Shell Side Arm Physical\n|-activate|p2b: Scovillain|move: Protect\n|\n|-weather|Snowscape|[upkeep]\n|-heal|p1b: Slowbro|7/100|[from] item: Leftovers\n|-ability|p2b: Scovillain|Moody|boost\n|-boost|p2b: Scovillain|spd|2\n|-unboost|p2b: Scovillain|spe|1\n|upkeep\n|\n|t:|1776530381\n|switch|p2a: Kingambit|Kingambit, L50, M|100/100\n|turn|4\n|-activate|p1b: Slowbro|ability: Quick Draw\n|\n|t:|1776530388\n|detailschange|p2b: Scovillain|Scovillain-Mega, L50, M\n|-mega|p2b: Scovillain|Scovillain|Scovillainite\n|move|p2a: Kingambit|Protect|p2a: Kingambit\n|-singleturn|p2a: Kingambit|Protect\n|move|p1a: Lucario|Vacuum Wave|p2a: Kingambit\n|-activate|p2a: Kingambit|move: Protect\n|move|p1b: Slowbro|Shell Side Arm|p2b: Scovillain|[anim] Shell Side Arm Physical\n|-supereffective|p2b: Scovillain|1\n|-damage|p2b: Scovillain|56/100\n|-hint|Physical Shell Side Arm\n|-status|p1b: Slowbro|brn|[from] ability: Spicy Spray|[of] p2b: Scovillain\n|move|p2b: Scovillain|Flamethrower|p1a: Lucario\n|-supereffective|p1a: Lucario|1\n|-damage|p1a: Lucario|0 fnt\n|faint|p1a: Lucario\n|\n|-weather|Snowscape|[upkeep]\n|-heal|p1b: Slowbro|13/100 brn|[from] item: Leftovers\n|-damage|p1b: Slowbro|7/100 brn|[from] brn\n|upkeep\n|\n|t:|1776530410\n|switch|p1a: Skarmory|Skarmory, L50, F|100/100\n|turn|5\n|\n|t:|1776530421\n|detailschange|p1a: Skarmory|Skarmory-Mega, L50, F\n|-mega|p1a: Skarmory|Skarmory|Skarmorite\n|move|p1a: Skarmory|Protect|p1a: Skarmory\n|-singleturn|p1a: Skarmory|Protect\n|move|p1b: Slowbro|Protect|p1b: Slowbro\n|-singleturn|p1b: Slowbro|Protect\n|move|p2a: Kingambit|Throat Chop|p1b: Slowbro\n|-activate|p1b: Slowbro|move: Protect\n|move|p2b: Scovillain|Flamethrower|p1a: Skarmory\n|-activate|p1a: Skarmory|move: Protect\n|\n|-weather|none\n|-heal|p1b: Slowbro|13/100 brn|[from] item: Leftovers\n|-damage|p1b: Slowbro|7/100 brn|[from] brn\n|-sideend|p2: Titans34|move: Aurora Veil\n|upkeep\n|turn|6\n|inactive|DavidTIS has 30 seconds left.\n|\n|t:|1776530455\n|move|p1a: Skarmory|Rock Slide|p2b: Scovillain|[spread] p2a,p2b\n|-resisted|p2a: Kingambit|1\n|-supereffective|p2b: Scovillain|1\n|-crit|p2b: Scovillain\n|-damage|p2a: Kingambit|93/100\n|-damage|p2b: Scovillain|0 fnt\n|-status|p1a: Skarmory|brn|[from] ability: Spicy Spray|[of] p2b: Scovillain\n|faint|p2b: Scovillain\n|move|p2a: Kingambit|Throat Chop|p1b: Slowbro\n|-supereffective|p1b: Slowbro|1\n|-damage|p1b: Slowbro|0 fnt\n|faint|p1b: Slowbro\n|\n|-damage|p1a: Skarmory|95/100 brn|[from] brn\n|upkeep\n|\n|t:|1776530459\n|switch|p1b: Lycanroc|Lycanroc-Dusk, L50, F|100/100\n|turn|7\n|\n|t:|1776530465\n|move|p1a: Skarmory|Brave Bird|p2a: Kingambit\n|-resisted|p2a: Kingambit|1\n|-damage|p2a: Kingambit|81/100\n|-damage|p1a: Skarmory|89/100 brn|[from] Recoil\n|move|p1b: Lycanroc|Close Combat|p2a: Kingambit\n|-supereffective|p2a: Kingambit|2\n|-damage|p2a: Kingambit|0 fnt\n|-unboost|p1b: Lycanroc|def|1\n|-unboost|p1b: Lycanroc|spd|1\n|faint|p2a: Kingambit\n|\n|win|DavidTIS\n|raw|DavidTIS's rating: 1162 &rarr; <strong>1190</strong><br />(+28 for winning)\n|raw|Titans34's rating: 1197 &rarr; <strong>1169</strong><br />(-28 for losing)\n|l|\u2606Titans34\n|player|p2|\n",
  "uploadtime": 1776530477,
  "views": 24,
  "formatid": "gen9championsvgc2026regma",
  "rating": 1169,
  "private": 0,
  "password": null
}