{
  "id": "gen9championsvgc2026regma-2587294992",
  "format": "[Gen 9 Champions] VGC 2026 Reg M-A",
  "players": [
    "Fetzosanti",
    "sslssl16"
  ],
  "log": "|j|\u2606Fetzosanti\n|j|\u2606sslssl16\n|t:|1776519269\n|gametype|doubles\n|player|p1|Fetzosanti|boarder|1135\n|player|p2|sslssl16|1|1121\n|gen|9\n|tier|[Gen 9 Champions] VGC 2026 Reg M-A\n|rated|\n|rule|Species Clause: Limit one of each Pok\u00e9mon\n|rule|Item Clause: Limit 1 of each item\n|clearpoke\n|poke|p1|Typhlosion-Hisui, L50, M, shiny|\n|poke|p1|Charizard, L50, F|\n|poke|p1|Raichu-Alola, L50, M|\n|poke|p1|Venusaur, L50, M|\n|poke|p1|Garchomp, L50, F|\n|poke|p1|Whimsicott, L50, M|\n|poke|p2|Incineroar, L50, M|\n|poke|p2|Floette-Eternal, L50, F|\n|poke|p2|Dragonite, L50, M|\n|poke|p2|Orthworm, L50, M|\n|poke|p2|Sinistcha, L50|\n|poke|p2|Garchomp, L50, M|\n|teampreview|4\n|inactive|Battle timer is ON: inactive players will automatically lose when time's up. (requested by sslssl16)\n|\n|t:|1776519289\n|teamsize|p1|4\n|teamsize|p2|4\n|start\n|switch|p1a: Charizard|Charizard, L50, F|100/100\n|switch|p1b: Typhlosion|Typhlosion-Hisui, L50, M, shiny|100/100\n|switch|p2a: Incineroar|Incineroar, L50, M|100/100\n|switch|p2b: Garchomp|Garchomp, L50, M|100/100\n|-item|p2a: Incineroar|Shuca Berry|[from] ability: Frisk|[of] p1b: Typhlosion\n|-item|p2b: Garchomp|Choice Scarf|[from] ability: Frisk|[of] p1b: Typhlosion\n|-ability|p2a: Incineroar|Intimidate|boost\n|-unboost|p1a: Charizard|atk|1\n|-unboost|p1b: Typhlosion|atk|1\n|turn|1\n|\n|t:|1776519310\n|switch|p1b: Garchomp|Garchomp, L50, F|100/100\n|move|p1a: Charizard|Protect|p1a: Charizard\n|-singleturn|p1a: Charizard|Protect\n|move|p2a: Incineroar|Fake Out|p1a: Charizard\n|-activate|p1a: Charizard|move: Protect\n|move|p2b: Garchomp|Rock Slide|p1b: Garchomp|[spread] p1b\n|-activate|p1a: Charizard|move: Protect\n|-resisted|p1b: Garchomp|1\n|-damage|p1b: Garchomp|89/100\n|\n|upkeep\n|turn|2\n|inactive|sslssl16 has 30 seconds left.\n|inactive|sslssl16 has 20 seconds left.\n|\n|t:|1776519346\n|switch|p1a: Raichu|Raichu-Alola, L50, M|100/100\n|move|p2b: Garchomp|Rock Slide|p1b: Garchomp|[spread] p1a,p1b\n|-crit|p1a: Raichu\n|-resisted|p1b: Garchomp|1\n|-damage|p1a: Raichu|27/100\n|-damage|p1b: Garchomp|78/100\n|move|p1b: Garchomp|Dragon Claw|p2b: Garchomp\n|-supereffective|p2b: Garchomp|1\n|-damage|p2b: Garchomp|22/100\n|-damage|p1b: Garchomp|66/100|[from] ability: Rough Skin|[of] p2b: Garchomp\n|move|p2a: Incineroar|Parting Shot|p1b: Garchomp\n|-unboost|p1b: Garchomp|atk|1\n|-unboost|p1b: Garchomp|spa|1\n|\n|t:|1776519361\n|switch|p2a: Dragonite|Dragonite, L50, M|100/100|[from] Parting Shot\n|\n|upkeep\n|turn|3\n|\n|t:|1776519384\n|move|p1a: Raichu|Fake Out|p2a: Dragonite\n|-damage|p2a: Dragonite|96/100\n|move|p2b: Garchomp|Rock Slide|p1b: Garchomp|[spread] p1a,p1b\n|-resisted|p1b: Garchomp|1\n|-damage|p1a: Raichu|0 fnt\n|-damage|p1b: Garchomp|56/100\n|faint|p1a: Raichu\n|cant|p1b: Garchomp|flinch\n|cant|p2a: Dragonite|flinch\n|\n|upkeep\n|\n|t:|1776519396\n|switch|p1a: Typhlosion|Typhlosion-Hisui, L50, M, shiny|100/100\n|-item|p2a: Dragonite|Lum Berry|[from] ability: Frisk|[of] p1a: Typhlosion\n|-item|p2b: Garchomp|Choice Scarf|[from] ability: Frisk|[of] p1a: Typhlosion\n|turn|4\n|\n|t:|1776519415\n|move|p1a: Typhlosion|Shadow Ball|p2a: Dragonite\n|-crit|p2a: Dragonite\n|-damage|p2a: Dragonite|31/100\n|move|p2b: Garchomp|Rock Slide|p1a: Typhlosion|[spread] p1a,p1b\n|-supereffective|p1a: Typhlosion|1\n|-resisted|p1b: Garchomp|1\n|-damage|p1a: Typhlosion|39/100\n|-damage|p1b: Garchomp|44/100\n|move|p1b: Garchomp|Rock Slide|p2b: Garchomp|[spread] p2a,p2b\n|-supereffective|p2a: Dragonite|1\n|-resisted|p2b: Garchomp|1\n|-damage|p2a: Dragonite|2/100\n|-damage|p2b: Garchomp|16/100\n|cant|p2a: Dragonite|flinch\n|\n|upkeep\n|turn|5\n|inactive|sslssl16 has 30 seconds left.\n|\n|t:|1776519447\n|switch|p2b: Incineroar|Incineroar, L50, M|100/100\n|-ability|p2b: Incineroar|Intimidate|boost\n|-unboost|p1a: Typhlosion|atk|1\n|-unboost|p1b: Garchomp|atk|1\n|move|p1a: Typhlosion|Shadow Ball|p2b: Incineroar\n|-resisted|p2b: Incineroar|1\n|-damage|p2b: Incineroar|83/100\n|move|p1b: Garchomp|Dragon Claw|p2a: Dragonite\n|-supereffective|p2a: Dragonite|1\n|-damage|p2a: Dragonite|0 fnt\n|faint|p2a: Dragonite\n|\n|upkeep\n|\n|t:|1776519462\n|switch|p2a: Garchomp|Garchomp, L50, M|16/100\n|turn|6\n|\n|t:|1776519496\n|move|p1b: Garchomp|Protect|p1b: Garchomp\n|-singleturn|p1b: Garchomp|Protect\n|move|p2b: Incineroar|Fake Out|p1b: Garchomp\n|-activate|p1b: Garchomp|move: Protect\n|move|p1a: Typhlosion|Shadow Ball|p2a: Garchomp\n|-crit|p2a: Garchomp\n|-damage|p2a: Garchomp|0 fnt\n|faint|p2a: Garchomp\n|\n|upkeep\n|\n|t:|1776519517\n|switch|p2a: Floette|Floette-Eternal, L50, F|100/100\n|turn|7\n|inactive|sslssl16 has 30 seconds left.\n|\n|t:|1776519546\n|switch|p1b: Charizard|Charizard, L50, F|100/100\n|detailschange|p2a: Floette|Floette-Mega, L50, F\n|-mega|p2a: Floette|Floette|Floettite\n|-ability|p2a: Floette|Fairy Aura\n|move|p1a: Typhlosion|Shadow Ball|p2a: Floette\n|-damage|p2a: Floette|71/100\n|move|p2a: Floette|Dazzling Gleam|p1b: Charizard|[spread] p1a,p1b\n|-resisted|p1a: Typhlosion|1\n|-resisted|p1b: Charizard|1\n|-damage|p1a: Typhlosion|8/100\n|-damage|p1b: Charizard|68/100\n|move|p2b: Incineroar|Parting Shot|p1a: Typhlosion\n|-unboost|p1a: Typhlosion|atk|1\n|-unboost|p1a: Typhlosion|spa|1\n|\n|upkeep\n|turn|8\n|\n|t:|1776519569\n|switch|p1a: Garchomp|Garchomp, L50, F|44/100\n|detailschange|p1b: Charizard|Charizard-Mega-Y, L50, F\n|-mega|p1b: Charizard|Charizard|Charizardite Y\n|-weather|SunnyDay|[from] ability: Drought|[of] p1b: Charizard\n|move|p2a: Floette|Protect|p2a: Floette\n|-singleturn|p2a: Floette|Protect\n|move|p1b: Charizard|Heat Wave|p2b: Incineroar|[spread] \n|-activate|p2a: Floette|move: Protect\n|-miss|p1b: Charizard|p2b: Incineroar\n|move|p2b: Incineroar|Parting Shot|p1b: Charizard\n|-unboost|p1b: Charizard|atk|1\n|-unboost|p1b: Charizard|spa|1\n|\n|-weather|SunnyDay|[upkeep]\n|upkeep\n|turn|9\n|inactive|sslssl16 has 30 seconds left.\n|\n|t:|1776519598\n|move|p1a: Garchomp|Protect|p1a: Garchomp\n|-singleturn|p1a: Garchomp|Protect\n|move|p1b: Charizard|Heat Wave|p2b: Incineroar|[spread] \n|-miss|p1b: Charizard|p2a: Floette\n|-miss|p1b: Charizard|p2b: Incineroar\n|move|p2a: Floette|Dazzling Gleam|p1a: Garchomp|[spread] p1b\n|-activate|p1a: Garchomp|move: Protect\n|-resisted|p1b: Charizard|1\n|-crit|p1b: Charizard\n|-damage|p1b: Charizard|31/100\n|move|p2b: Incineroar|Parting Shot|p1a: Garchomp\n|-activate|p1a: Garchomp|move: Protect\n|\n|-weather|SunnyDay|[upkeep]\n|upkeep\n|turn|10\n|inactive|Fetzosanti has 30 seconds left.\n|inactive|sslssl16 has 30 seconds left.\n|\n|t:|1776519625\n|move|p1a: Garchomp|Earthquake|p2b: Incineroar|[spread] p2a,p2b\n|-immune|p1b: Charizard\n|-supereffective|p2b: Incineroar|1\n|-enditem|p2b: Incineroar|Shuca Berry|[eat]\n|-enditem|p2b: Incineroar|Shuca Berry|[weaken]\n|-damage|p2a: Floette|34/100\n|-damage|p2b: Incineroar|50/100\n|move|p1b: Charizard|Air Slash|p2b: Incineroar\n|-damage|p2b: Incineroar|27/100\n|move|p2a: Floette|Dazzling Gleam|p1b: Charizard|[spread] p1a,p1b\n|-supereffective|p1a: Garchomp|1\n|-resisted|p1b: Charizard|1\n|-damage|p1a: Garchomp|0 fnt\n|-damage|p1b: Charizard|6/100\n|faint|p1a: Garchomp\n|cant|p2b: Incineroar|flinch\n|\n|-weather|SunnyDay|[upkeep]\n|upkeep\n|\n|t:|1776519635\n|switch|p1a: Typhlosion|Typhlosion-Hisui, L50, M, shiny|8/100\n|-item|p2a: Floette|Floettite|[from] ability: Frisk|[of] p1a: Typhlosion\n|turn|11\n|inactive|Fetzosanti has 30 seconds left.\n|\n|t:|1776519667\n|move|p1b: Charizard|Protect|p1b: Charizard\n|-singleturn|p1b: Charizard|Protect\n|move|p2a: Floette|Protect|p2a: Floette\n|-singleturn|p2a: Floette|Protect\n|move|p1a: Typhlosion|Heat Wave|p2b: Incineroar|[spread] p2b\n|-activate|p2a: Floette|move: Protect\n|-resisted|p2b: Incineroar|1\n|-damage|p2b: Incineroar|5/100\n|move|p2b: Incineroar|Flare Blitz|p1b: Charizard\n|-activate|p1b: Charizard|move: Protect\n|\n|-weather|SunnyDay|[upkeep]\n|upkeep\n|turn|12\n|\n|t:|1776519691\n|move|p1a: Typhlosion|Heat Wave|p2a: Floette|[spread] p2a,p2b\n|-resisted|p2b: Incineroar|1\n|-damage|p2a: Floette|0 fnt\n|-damage|p2b: Incineroar|0 fnt\n|faint|p2a: Floette\n|faint|p2b: Incineroar\n|\n|win|Fetzosanti\n|raw|Fetzosanti's rating: 1135 &rarr; <strong>1159</strong><br />(+24 for winning)\n|raw|sslssl16's rating: 1121 &rarr; <strong>1097</strong><br />(-24 for losing)\n|l|\u2606sslssl16\n|player|p2|\n",
  "uploadtime": 1776519817,
  "views": 16,
  "formatid": "gen9championsvgc2026regma",
  "rating": 1097,
  "private": 0,
  "password": null
}