{
  "id": "gen9championsvgc2026regma-2586591334",
  "format": "[Gen 9 Champions] VGC 2026 Reg M-A",
  "players": [
    "Squittzle",
    "Sevaunn"
  ],
  "log": "|j|\u2606Squittzle\n|j|\u2606Sevaunn\n|t:|1776445330\n|gametype|doubles\n|player|p1|Squittzle|169|1377\n|player|p2|Sevaunn|hilbert|1311\n|gen|9\n|tier|[Gen 9 Champions] VGC 2026 Reg M-A\n|rated|\n|rule|Species Clause: Limit one of each Pok\u00e9mon\n|rule|Item Clause: Limit 1 of each item\n|clearpoke\n|poke|p1|Zoroark-Hisui, L50, M|\n|poke|p1|Floette-Eternal, L50, F|\n|poke|p1|Kingambit, L50, F|\n|poke|p1|Talonflame, L50, M|\n|poke|p1|Kommo-o, L50, M|\n|poke|p1|Starmie, L50|\n|poke|p2|Excadrill, L50, F|\n|poke|p2|Tyranitar, L50, M|\n|poke|p2|Dragonite, L50, F|\n|poke|p2|Rotom-Wash, L50|\n|poke|p2|Sinistcha, L50|\n|poke|p2|Scizor, L50, M|\n|teampreview|4\n|inactive|Battle timer is ON: inactive players will automatically lose when time's up. (requested by Squittzle)\n|inactive|Sevaunn has 60 seconds left.\n|\n|t:|1776445368\n|teamsize|p1|4\n|teamsize|p2|4\n|start\n|switch|p1a: Floette|Floette-Eternal, L50, F|100/100\n|switch|p1b: Kommo-o|Kommo-o, L50, M|100/100\n|switch|p2a: SANDASAURUS|Tyranitar, L50, M|100/100\n|switch|p2b: SCIZ KHALIFA|Scizor, L50, M, shiny|100/100\n|-weather|Sandstorm|[from] ability: Sand Stream|[of] p2a: SANDASAURUS\n|turn|1\n|\n|t:|1776445389\n|detailschange|p2a: SANDASAURUS|Tyranitar-Mega, L50, M\n|-mega|p2a: SANDASAURUS|Tyranitar|Tyranitarite\n|move|p1b: Kommo-o|Aura Sphere|p2a: SANDASAURUS\n|-supereffective|p2a: SANDASAURUS|2\n|-damage|p2a: SANDASAURUS|24/100\n|move|p1a: Floette|Shadow Ball|p2b: SCIZ KHALIFA\n|-damage|p2b: SCIZ KHALIFA|48/100\n|move|p2a: SANDASAURUS|Knock Off|p1b: Kommo-o\n|-resisted|p1b: Kommo-o|1\n|-damage|p1b: Kommo-o|72/100\n|-enditem|p1b: Kommo-o|Choice Scarf|[from] move: Knock Off|[of] p2a: SANDASAURUS\n|move|p2b: SCIZ KHALIFA|Swords Dance|p2b: SCIZ KHALIFA\n|-boost|p2b: SCIZ KHALIFA|atk|2\n|\n|-weather|Sandstorm|[upkeep]\n|-damage|p1a: Floette|94/100|[from] Sandstorm\n|upkeep\n|turn|2\n|inactive|Squittzle has 30 seconds left.\n|inactive|Sevaunn has 30 seconds left.\n|\n|t:|1776445418\n|switch|p1a: Kingambit|Kingambit, L50, F|100/100\n|switch|p2a: Sinistcha|Sinistcha, L50, shiny|100/100\n|-heal|p2b: SCIZ KHALIFA|73/100|[from] ability: Hospitality|[of] p2a: Sinistcha\n|move|p2b: SCIZ KHALIFA|Protect|p2b: SCIZ KHALIFA\n|-singleturn|p2b: SCIZ KHALIFA|Protect\n|move|p1b: Kommo-o|Flamethrower|p2a: Sinistcha\n|-supereffective|p2a: Sinistcha|1\n|-damage|p2a: Sinistcha|45/100\n|-enditem|p2a: Sinistcha|Sitrus Berry|[eat]\n|-heal|p2a: Sinistcha|70/100|[from] item: Sitrus Berry\n|\n|-weather|Sandstorm|[upkeep]\n|-damage|p2a: Sinistcha|64/100|[from] Sandstorm\n|upkeep\n|turn|3\n|inactive|Squittzle has 30 seconds left.\n|\n|t:|1776445448\n|move|p2b: SCIZ KHALIFA|Bullet Punch|p1b: Kommo-o\n|-damage|p1b: Kommo-o|0 fnt\n|faint|p1b: Kommo-o\n|move|p2a: Sinistcha|Life Dew|p2a: Sinistcha|[spread] p2a,p2b\n|-heal|p2a: Sinistcha|89/100\n|-heal|p2b: SCIZ KHALIFA|98/100\n|move|p1a: Kingambit|Kowtow Cleave|p2a: Sinistcha\n|-supereffective|p2a: Sinistcha|1\n|-damage|p2a: Sinistcha|7/100\n|\n|-weather|Sandstorm|[upkeep]\n|-damage|p2a: Sinistcha|1/100|[from] Sandstorm\n|upkeep\n|\n|t:|1776445460\n|switch|p1b: Floette|Floette-Eternal, L50, F|94/100\n|turn|4\n|\n|t:|1776445479\n|move|p2b: SCIZ KHALIFA|Bullet Punch|p1b: Floette\n|-damage|p1b: Floette|0 fnt\n|replace|p1b: Zoroark|Zoroark-Hisui, L50, M\n|-end|p1b: Zoroark|Illusion\n|faint|p1b: Zoroark\n|move|p1a: Kingambit|Sucker Punch||[still]\n|-fail|p1a: Kingambit\n|move|p2a: Sinistcha|Life Dew|p2a: Sinistcha|[spread] p2a,p2b\n|-heal|p2a: Sinistcha|26/100\n|-heal|p2b: SCIZ KHALIFA|100/100\n|\n|-weather|Sandstorm|[upkeep]\n|-damage|p2a: Sinistcha|20/100|[from] Sandstorm\n|upkeep\n|\n|t:|1776445485\n|switch|p1b: Floette|Floette-Eternal, L50, F|100/100\n|turn|5\n|\n|t:|1776445501\n|detailschange|p1b: Floette|Floette-Mega, L50, F\n|-mega|p1b: Floette|Floette|Floettite\n|-ability|p1b: Floette|Fairy Aura\n|move|p2a: Sinistcha|Protect|p2a: Sinistcha\n|-singleturn|p2a: Sinistcha|Protect\n|move|p2b: SCIZ KHALIFA|Protect|p2b: SCIZ KHALIFA\n|-singleturn|p2b: SCIZ KHALIFA|Protect\n|move|p1b: Floette|Calm Mind|p1b: Floette\n|-boost|p1b: Floette|spa|1\n|-boost|p1b: Floette|spd|1\n|move|p1a: Kingambit|Kowtow Cleave|p2a: Sinistcha\n|-activate|p2a: Sinistcha|move: Protect\n|\n|-weather|none\n|upkeep\n|turn|6\n|inactive|Squittzle has 30 seconds left.\n|\n|t:|1776445527\n|move|p2a: Sinistcha|Rage Powder|p2a: Sinistcha\n|-singleturn|p2a: Sinistcha|move: Rage Powder\n|move|p1b: Floette|Moonblast|p2a: Sinistcha\n|-damage|p2a: Sinistcha|0 fnt\n|faint|p2a: Sinistcha\n|move|p2b: SCIZ KHALIFA|Close Combat|p1a: Kingambit\n|-supereffective|p1a: Kingambit|2\n|-damage|p1a: Kingambit|0 fnt\n|-unboost|p2b: SCIZ KHALIFA|def|1\n|-unboost|p2b: SCIZ KHALIFA|spd|1\n|faint|p1a: Kingambit\n|\n|upkeep\n|\n|t:|1776445532\n|switch|p2a: SANDASAURUS|Tyranitar-Mega, L50, M|24/100\n|-weather|Sandstorm|[from] ability: Sand Stream|[of] p2a: SANDASAURUS\n|turn|7\n|\n|t:|1776445540\n|move|p2b: SCIZ KHALIFA|Bullet Punch|p1b: Floette\n|-supereffective|p1b: Floette|1\n|-damage|p1b: Floette|0 fnt\n|faint|p1b: Floette\n|\n|win|Sevaunn\n|raw|Squittzle's rating: 1377 &rarr; <strong>1353</strong><br />(-24 for losing)\n|raw|Sevaunn's rating: 1311 &rarr; <strong>1335</strong><br />(+24 for winning)\n|l|\u2606Squittzle\n|player|p1|\n",
  "uploadtime": 1776445656,
  "views": 44,
  "formatid": "gen9championsvgc2026regma",
  "rating": 1335,
  "private": 0,
  "password": null
}