{
  "id": "gen9championsvgc2026regma-2586994122",
  "format": "[Gen 9 Champions] VGC 2026 Reg M-A",
  "players": [
    "Braix2570",
    "HAVEATYOU"
  ],
  "log": "|j|\u2606Braix2570\n|j|\u2606HAVEATYOU\n|t:|1776479241\n|gametype|doubles\n|player|p1|Braix2570|170|1298\n|player|p2|HAVEATYOU|265|1216\n|gen|9\n|tier|[Gen 9 Champions] VGC 2026 Reg M-A\n|rated|\n|rule|Species Clause: Limit one of each Pok\u00e9mon\n|rule|Item Clause: Limit 1 of each item\n|clearpoke\n|poke|p1|Scizor, L50, M|\n|poke|p1|Pelipper, L50, M|\n|poke|p1|Basculegion, L50, M|\n|poke|p1|Archaludon, L50, F|\n|poke|p1|Dragonite, L50, M|\n|poke|p1|Sinistcha, L50|\n|poke|p2|Charizard, L50, F|\n|poke|p2|Venusaur, L50, M|\n|poke|p2|Incineroar, L50, F|\n|poke|p2|Aerodactyl, L50, M|\n|poke|p2|Clefable, L50, F|\n|poke|p2|Garchomp, L50, M|\n|teampreview|4\n|inactive|Battle timer is ON: inactive players will automatically lose when time's up. (requested by HAVEATYOU)\n|\n|t:|1776479264\n|teamsize|p1|4\n|teamsize|p2|4\n|start\n|switch|p1a: Diver Down|Basculegion, L50, M|100/100\n|switch|p1b: Cali. King B|Sinistcha, L50|100/100\n|switch|p2a: Charizard|Charizard, L50, F, shiny|100/100\n|switch|p2b: Venusaur|Venusaur, L50, M|100/100\n|turn|1\n|inactive|Braix2570 has 30 seconds left.\n|\n|t:|1776479295\n|detailschange|p2a: Charizard|Charizard-Mega-Y, L50, F, shiny\n|-mega|p2a: Charizard|Charizard|Charizardite Y\n|-weather|SunnyDay|[from] ability: Drought|[of] p2a: Charizard\n|move|p1b: Cali. King B|Protect|p1b: Cali. King B\n|-singleturn|p1b: Cali. King B|Protect\n|move|p2b: Venusaur|Solar Beam||[still]\n|-prepare|p2b: Venusaur|Solar Beam\n|-anim|p2b: Venusaur|Solar Beam|p1a: Diver Down\n|-supereffective|p1a: Diver Down|1\n|-damage|p1a: Diver Down|5/100\n|move|p2a: Charizard|Flamethrower|p1b: Cali. King B\n|-activate|p1b: Cali. King B|move: Protect\n|move|p1a: Diver Down|Flip Turn|p2a: Charizard\n|-supereffective|p2a: Charizard|1\n|-damage|p2a: Charizard|45/100\n|\n|t:|1776479303\n|switch|p1a: Catch the Rainbow|Pelipper, L50, M|100/100|[from] Flip Turn\n|-weather|RainDance|[from] ability: Drizzle|[of] p1a: Catch the Rainbow\n|\n|-weather|RainDance|[upkeep]\n|upkeep\n|turn|2\n|\n|t:|1776479324\n|move|p2a: Charizard|Air Slash|p1b: Cali. King B\n|-supereffective|p1b: Cali. King B|1\n|-damage|p1b: Cali. King B|16/100\n|-enditem|p1b: Cali. King B|Sitrus Berry|[eat]\n|-heal|p1b: Cali. King B|41/100|[from] item: Sitrus Berry\n|move|p2b: Venusaur|Sludge Bomb|p1b: Cali. King B\n|-damage|p1b: Cali. King B|13/100\n|-status|p1b: Cali. King B|psn\n|move|p1a: Catch the Rainbow|Hurricane|p2b: Venusaur\n|-supereffective|p2b: Venusaur|1\n|-damage|p2b: Venusaur|33/100\n|move|p1b: Cali. King B|Matcha Gotcha|p2a: Charizard|[spread] p2b\n|-miss|p1b: Cali. King B|p2a: Charizard\n|-resisted|p2b: Venusaur|2\n|-damage|p2b: Venusaur|28/100\n|-heal|p1b: Cali. King B|16/100 psn|[from] drain|[of] p2b: Venusaur\n|-status|p2b: Venusaur|brn\n|\n|-weather|RainDance|[upkeep]\n|-damage|p1b: Cali. King B|4/100 psn|[from] psn\n|-damage|p2b: Venusaur|22/100 brn|[from] brn\n|upkeep\n|turn|3\n|inactive|HAVEATYOU has 30 seconds left.\n|\n|t:|1776479352\n|switch|p2a: Garchomp|Garchomp, L50, M|100/100\n|move|p2b: Venusaur|Sludge Bomb|p1b: Cali. King B\n|-damage|p1b: Cali. King B|0 fnt\n|faint|p1b: Cali. King B\n|move|p1a: Catch the Rainbow|Weather Ball|p2a: Garchomp\n|-damage|p2a: Garchomp|42/100\n|\n|-weather|RainDance|[upkeep]\n|-damage|p2b: Venusaur|16/100 brn|[from] brn\n|upkeep\n|\n|t:|1776479360\n|switch|p1b: Weather Report|Dragonite, L50, M|100/100\n|turn|4\n|\n|t:|1776479382\n|switch|p2b: Incineroar|Incineroar, L50, F|100/100\n|-ability|p2b: Incineroar|Intimidate|boost\n|-unboost|p1a: Catch the Rainbow|atk|1\n|-unboost|p1b: Weather Report|atk|1\n|switch|p1a: Diver Down|Basculegion, L50, M|5/100\n|detailschange|p1b: Weather Report|Dragonite-Mega, L50, M\n|-mega|p1b: Weather Report|Dragonite|Dragoninite\n|move|p2a: Garchomp|Protect|p2a: Garchomp\n|-singleturn|p2a: Garchomp|Protect\n|move|p1b: Weather Report|Protect||[still]\n|-fail|p1b: Weather Report\n|\n|-weather|RainDance|[upkeep]\n|upkeep\n|turn|5\n|\n|t:|1776479404\n|switch|p2a: Venusaur|Venusaur, L50, M|16/100 brn\n|move|p1b: Weather Report|Protect|p1b: Weather Report\n|-singleturn|p1b: Weather Report|Protect\n|move|p1a: Diver Down|Wave Crash|p2b: Incineroar\n|-supereffective|p2b: Incineroar|1\n|-damage|p2b: Incineroar|0 fnt\n|faint|p2b: Incineroar\n|-damage|p1a: Diver Down|0 fnt|[from] Recoil\n|faint|p1a: Diver Down\n|\n|-weather|none\n|-damage|p2a: Venusaur|10/100 brn|[from] brn\n|upkeep\n|\n|t:|1776479416\n|switch|p1a: Catch the Rainbow|Pelipper, L50, M|100/100\n|switch|p2b: Garchomp|Garchomp, L50, M|42/100\n|-weather|RainDance|[from] ability: Drizzle|[of] p1a: Catch the Rainbow\n|turn|6\n|\n|t:|1776479438\n|move|p2b: Garchomp|Dragon Claw|p1b: Weather Report\n|-supereffective|p1b: Weather Report|1\n|-damage|p1b: Weather Report|64/100\n|move|p1b: Weather Report|Draco Meteor|p2b: Garchomp\n|-supereffective|p2b: Garchomp|1\n|-damage|p2b: Garchomp|0 fnt\n|-unboost|p1b: Weather Report|spa|2\n|faint|p2b: Garchomp\n|move|p2a: Venusaur|Sleep Powder|p1a: Catch the Rainbow\n|-status|p1a: Catch the Rainbow|slp|[from] move: Sleep Powder\n|cant|p1a: Catch the Rainbow|slp\n|\n|-weather|RainDance|[upkeep]\n|-damage|p2a: Venusaur|4/100 brn|[from] brn\n|upkeep\n|\n|t:|1776479450\n|switch|p2b: Charizard|Charizard-Mega-Y, L50, F, shiny|45/100\n|-weather|SunnyDay|[from] ability: Drought|[of] p2b: Charizard\n|turn|7\n|\n|t:|1776479466\n|move|p1b: Weather Report|Protect|p1b: Weather Report\n|-singleturn|p1b: Weather Report|Protect\n|-curestatus|p1a: Catch the Rainbow|slp|[msg]\n|move|p1a: Catch the Rainbow|Protect|p1a: Catch the Rainbow\n|-singleturn|p1a: Catch the Rainbow|Protect\n|move|p2a: Venusaur|Sludge Bomb|p1a: Catch the Rainbow\n|-activate|p1a: Catch the Rainbow|move: Protect\n|move|p2b: Charizard|Heat Wave|p1a: Catch the Rainbow|[spread] \n|-activate|p1a: Catch the Rainbow|move: Protect\n|-activate|p1b: Weather Report|move: Protect\n|\n|-weather|SunnyDay|[upkeep]\n|-damage|p2a: Venusaur|0 fnt|[from] brn\n|faint|p2a: Venusaur\n|upkeep\n|turn|8\n|\n|t:|1776479482\n|move|p2b: Charizard|Air Slash|p1b: Weather Report\n|-damage|p1b: Weather Report|28/100\n|move|p1b: Weather Report|Draco Meteor|p2b: Charizard\n|-damage|p2b: Charizard|6/100\n|-unboost|p1b: Weather Report|spa|2\n|move|p1a: Catch the Rainbow|Weather Ball|p2b: Charizard\n|-resisted|p2b: Charizard|1\n|-damage|p2b: Charizard|0 fnt\n|faint|p2b: Charizard\n|\n|win|Braix2570\n|raw|Braix2570's rating: 1298 &rarr; <strong>1317</strong><br />(+19 for winning)\n|raw|HAVEATYOU's rating: 1216 &rarr; <strong>1197</strong><br />(-19 for losing)\n|l|\u2606HAVEATYOU\n|player|p2|\n",
  "uploadtime": 1776479492,
  "views": 20,
  "formatid": "gen9championsvgc2026regma",
  "rating": 1197,
  "private": 0,
  "password": null
}