{
  "id": "gen9championsvgc2026regma-2583688410",
  "format": "[Gen 9 Champions] VGC 2026 Reg M-A",
  "players": [
    "thejamo",
    "Arkedge"
  ],
  "log": "|j|\u2606thejamo\n|j|\u2606Arkedge\n|t:|1776191128\n|gametype|doubles\n|player|p1|thejamo|169|1154\n|player|p2|Arkedge|1|1073\n|gen|9\n|tier|[Gen 9 Champions] VGC 2026 Reg M-A\n|rated|\n|rule|Species Clause: Limit one of each Pok\u00e9mon\n|rule|Item Clause: Limit 1 of each item\n|clearpoke\n|poke|p1|Starmie, L50|\n|poke|p1|Sneasler, L50, F|\n|poke|p1|Sylveon, L50, F|\n|poke|p1|Talonflame, L50, M|\n|poke|p1|Sinistcha, L50|\n|poke|p1|Kingambit, L50, M|\n|poke|p2|Oranguru, L50, M|\n|poke|p2|Kangaskhan, L50, F|\n|poke|p2|Goodra-Hisui, L50, M|\n|poke|p2|Basculegion, L50, M|\n|poke|p2|Hydrapple, L50, M|\n|poke|p2|Delphox, L50, F|\n|teampreview|4\n|inactive|Battle timer is ON: inactive players will automatically lose when time's up. (requested by Arkedge)\n|inactive|thejamo has 60 seconds left.\n|inactive|Arkedge has 60 seconds left.\n|inactive|thejamo has 30 seconds left.\n|inactive|thejamo has 20 seconds left.\n|inactive|thejamo has 15 seconds left.\n|inactive|thejamo has 10 seconds left.\n|inactive|thejamo has 5 seconds left.\n|\n|t:|1776191215\n|teamsize|p1|4\n|teamsize|p2|4\n|start\n|switch|p1a: Alice|Starmie, L50, shiny|100/100\n|switch|p1b: Captain Falcon|Talonflame, L50, M, shiny|100/100\n|switch|p2a: Oranguru|Oranguru, L50, M, shiny|100/100\n|switch|p2b: Kangaskhan|Kangaskhan, L50, F, shiny|100/100\n|turn|1\n|inactive|thejamo has 30 seconds left.\n|inactive|thejamo has 20 seconds left.\n|inactive|thejamo has 15 seconds left.\n|inactive|thejamo has 10 seconds left.\n|inactive|thejamo has 5 seconds left.\n|\n|t:|1776191267\n|detailschange|p2b: Kangaskhan|Kangaskhan-Mega, L50, F, shiny\n|-mega|p2b: Kangaskhan|Kangaskhan|Kangaskhanite\n|move|p1a: Alice|Protect|p1a: Alice\n|-singleturn|p1a: Alice|Protect\n|move|p2b: Kangaskhan|Fake Out|p1a: Alice\n|-activate|p1a: Alice|move: Protect\n|move|p1b: Captain Falcon|Brave Bird|p2a: Oranguru\n|-damage|p2a: Oranguru|55/100\n|-damage|p1b: Captain Falcon|81/100|[from] Recoil\n|move|p2a: Oranguru|Trick Room|p2a: Oranguru\n|-fieldstart|move: Trick Room|[of] p2a: Oranguru\n|\n|upkeep\n|turn|2\n|inactive|thejamo has 30 seconds left.\n|\n|t:|1776191294\n|switch|p1a: Dihui star|Kingambit, L50, M, shiny|100/100\n|move|p1b: Captain Falcon|Protect|p1b: Captain Falcon\n|-singleturn|p1b: Captain Falcon|Protect\n|move|p2a: Oranguru|Psychic Terrain|p2a: Oranguru\n|-fieldstart|move: Psychic Terrain\n|move|p2b: Kangaskhan|Hammer Arm|p1a: Dihui star\n|-supereffective|p1a: Dihui star|2\n|-damage|p1a: Dihui star|0 fnt\n|-unboost|p2b: Kangaskhan|spe|1\n|faint|p1a: Dihui star\n|-hitcount|p1: Dihui star|1\n|\n|upkeep\n|inactive|thejamo has 30 seconds left.\n|\n|t:|1776191323\n|switch|p1a: Alice|Starmie, L50, shiny|100/100\n|turn|3\n|inactive|Arkedge has 30 seconds left.\n|\n|t:|1776191351\n|detailschange|p1a: Alice|Starmie-Mega, L50, shiny\n|-mega|p1a: Alice|Starmie|Starminite\n|move|p2a: Oranguru|Instruct|p2b: Kangaskhan\n|-singleturn|p2b: Kangaskhan|move: Instruct|[of] p2a: Oranguru\n|move|p2b: Kangaskhan|Hammer Arm|p1a: Alice\n|-resisted|p1a: Alice|1\n|-damage|p1a: Alice|77/100\n|-unboost|p2b: Kangaskhan|spe|1\n|-resisted|p1a: Alice|1\n|-damage|p1a: Alice|71/100\n|-unboost|p2b: Kangaskhan|spe|1\n|-hitcount|p1a: Alice|2\n|move|p2b: Kangaskhan|Hammer Arm|p1b: Captain Falcon\n|-resisted|p1b: Captain Falcon|1\n|-damage|p1b: Captain Falcon|51/100\n|-unboost|p2b: Kangaskhan|spe|1\n|-resisted|p1b: Captain Falcon|1\n|-damage|p1b: Captain Falcon|45/100\n|-unboost|p2b: Kangaskhan|spe|1\n|-hitcount|p1b: Captain Falcon|2\n|move|p1a: Alice|Substitute|p1a: Alice\n|-start|p1a: Alice|Substitute\n|-damage|p1a: Alice|46/100\n|move|p1b: Captain Falcon|Brave Bird|p2a: Oranguru\n|-damage|p2a: Oranguru|7/100\n|-enditem|p2a: Oranguru|Sitrus Berry|[eat]\n|-heal|p2a: Oranguru|32/100|[from] item: Sitrus Berry\n|-damage|p1b: Captain Falcon|25/100|[from] Recoil\n|\n|upkeep\n|turn|4\n|inactive|thejamo has 30 seconds left.\n|inactive|Arkedge has 30 seconds left.\n|inactive|Arkedge has 20 seconds left.\n|inactive|Arkedge has 15 seconds left.\n|\n|t:|1776191395\n|switch|p2b: Goodra|Goodra-Hisui, L50, M, shiny|100/100\n|move|p2a: Oranguru|Expanding Force|p1b: Captain Falcon|[spread] p1a,p1b\n|-resisted|p1a: Alice|1\n|-activate|p1a: Alice|move: Substitute|[damage]\n|-damage|p1b: Captain Falcon|0 fnt\n|faint|p1b: Captain Falcon\n|move|p1a: Alice|Liquidation|p2b: Goodra\n|-resisted|p2b: Goodra|1\n|-damage|p2b: Goodra|65/100\n|\n|-heal|p2b: Goodra|71/100|[from] item: Leftovers\n|upkeep\n|\n|t:|1776191405\n|switch|p1b: Pepsi|Sneasler, L50, F, shiny|100/100\n|turn|5\n|\n|t:|1776191415\n|move|p1a: Alice|Protect|p1a: Alice\n|-singleturn|p1a: Alice|Protect\n|move|p2a: Oranguru|Expanding Force|p1b: Pepsi|[spread] p1b\n|-activate|p1a: Alice|move: Protect\n|-supereffective|p1b: Pepsi|2\n|-enditem|p1b: Pepsi|Focus Sash\n|-damage|p1b: Pepsi|1/100\n|move|p2b: Goodra|Life Dew|p2b: Goodra|[spread] p2a,p2b\n|-heal|p2a: Oranguru|57/100\n|-heal|p2b: Goodra|96/100\n|move|p1b: Pepsi|Coaching|p1a: Alice\n|-boost|p1a: Alice|atk|1\n|-boost|p1a: Alice|def|1\n|\n|-heal|p2b: Goodra|100/100|[from] item: Leftovers\n|-fieldend|move: Trick Room\n|upkeep\n|turn|6\n|inactive|Arkedge has 30 seconds left.\n|inactive|Arkedge has 20 seconds left.\n|\n|t:|1776191451\n|switch|p2a: Hydrapple|Hydrapple, L50, M, shiny|100/100\n|move|p1b: Pepsi|Close Combat|p2b: Goodra\n|-supereffective|p2b: Goodra|1\n|-damage|p2b: Goodra|0 fnt\n|-unboost|p1b: Pepsi|def|1\n|-unboost|p1b: Pepsi|spd|1\n|faint|p2b: Goodra\n|move|p1a: Alice|Liquidation|p2a: Hydrapple\n|-resisted|p2a: Hydrapple|2\n|-damage|p2a: Hydrapple|77/100\n|\n|-fieldend|move: Psychic Terrain\n|upkeep\n|\n|t:|1776191465\n|switch|p2b: Kangaskhan|Kangaskhan-Mega, L50, F, shiny|100/100\n|turn|7\n|\n|t:|1776191477\n|move|p2a: Hydrapple|Protect|p2a: Hydrapple\n|-singleturn|p2a: Hydrapple|Protect\n|move|p2b: Kangaskhan|Fake Out|p1b: Pepsi\n|-damage|p1b: Pepsi|0 fnt\n|faint|p1b: Pepsi\n|-hitcount|p1: Pepsi|1\n|move|p1a: Alice|Liquidation|p2b: Kangaskhan\n|-damage|p2b: Kangaskhan|0 fnt\n|faint|p2b: Kangaskhan\n|\n|upkeep\n|\n|t:|1776191487\n|switch|p2b: Oranguru|Oranguru, L50, M, shiny|57/100\n|turn|8\n|\n|t:|1776191508\n|move|p1a: Alice|Zen Headbutt|p2a: Hydrapple\n|-damage|p2a: Hydrapple|0 fnt\n|faint|p2a: Hydrapple\n|move|p2b: Oranguru|Trick Room|p2b: Oranguru\n|-fieldstart|move: Trick Room|[of] p2b: Oranguru\n|\n|upkeep\n|turn|9\n|\n|t:|1776191515\n|move|p2b: Oranguru|Expanding Force|p1a: Alice\n|-resisted|p1a: Alice|1\n|-end|p1a: Alice|Substitute\n|move|p1a: Alice|Liquidation|p2b: Oranguru\n|-damage|p2b: Oranguru|0 fnt\n|faint|p2b: Oranguru\n|\n|win|thejamo\n|raw|thejamo's rating: 1154 &rarr; <strong>1173</strong><br />(+19 for winning)\n|raw|Arkedge's rating: 1073 &rarr; <strong>1057</strong><br />(-16 for losing)\n|l|\u2606Arkedge\n|player|p2|\n|c|\u2606thejamo|Aura\n",
  "uploadtime": 1776191532,
  "views": 19,
  "formatid": "gen9championsvgc2026regma",
  "rating": 1057,
  "private": 0,
  "password": null
}