{
  "id": "gen9championsvgc2026regma-2580979652",
  "format": "[Gen 9 Champions] VGC 2026 Reg M-A",
  "players": [
    "blue schucle",
    "drradicalwhy"
  ],
  "log": "|j|\u2606blue schucle\n|j|\u203ddrradicalwhy\n|t:|1775948603\n|gametype|doubles\n|player|p1|blue schucle|lance|1283\n|player|p2|drradicalwhy|rocketgrunt|1300\n|gen|9\n|tier|[Gen 9 Champions] VGC 2026 Reg M-A\n|rated|\n|rule|Species Clause: Limit one of each Pok\u00e9mon\n|rule|Item Clause: Limit 1 of each item\n|clearpoke\n|poke|p1|Pelipper, L50, M|\n|poke|p1|Basculegion, L50, M|\n|poke|p1|Archaludon, L50, F|\n|poke|p1|Blastoise, L50, F|\n|poke|p1|Incineroar, L50, M|\n|poke|p1|Dragapult, L50, M|\n|poke|p2|Charizard, L50, F|\n|poke|p2|Sylveon, L50, M|\n|poke|p2|Rotom-Wash, L50|\n|poke|p2|Chandelure, L50, F|\n|poke|p2|Typhlosion-Hisui, L50, M|\n|poke|p2|Passimian, L50, M|\n|teampreview|4\n|\n|t:|1775948657\n|teamsize|p1|4\n|teamsize|p2|4\n|start\n|switch|p1a: Blastoise|Blastoise, L50, F|100/100\n|switch|p1b: Obelisk|Archaludon, L50, F|100/100\n|switch|p2a: Chandelure|Chandelure, L50, F|100/100\n|switch|p2b: Passimian|Passimian, L50, M|100/100\n|turn|1\n|inactive|Battle timer is ON: inactive players will automatically lose when time's up. (requested by drradicalwhy)\n|j| gE1xjZRtuhW2DdT0AK\n|\n|t:|1775948675\n|switch|p1b: Stormbringer|Pelipper, L50, M|100/100\n|-weather|RainDance|[from] ability: Drizzle|[of] p1b: Stormbringer\n|detailschange|p1a: Blastoise|Blastoise-Mega, L50, F\n|-mega|p1a: Blastoise|Blastoise|Blastoisinite\n|move|p2b: Passimian|Close Combat|p1b: Stormbringer\n|-resisted|p1b: Stormbringer|1\n|-damage|p1b: Stormbringer|50/100\n|-unboost|p2b: Passimian|def|1\n|-unboost|p2b: Passimian|spd|1\n|move|p1a: Blastoise|Water Pulse|p2a: Chandelure\n|-supereffective|p2a: Chandelure|1\n|-enditem|p2a: Chandelure|Focus Sash\n|-damage|p2a: Chandelure|1/100\n|move|p2a: Chandelure|Trick Room|p2a: Chandelure\n|-fieldstart|move: Trick Room|[of] p2a: Chandelure\n|\n|-weather|RainDance|[upkeep]\n|upkeep\n|turn|2\n|inactive|blue schucle has 30 seconds left.\n|\n|t:|1775948709\n|move|p1b: Stormbringer|Protect|p1b: Stormbringer\n|-singleturn|p1b: Stormbringer|Protect\n|move|p2a: Chandelure|Shadow Ball|p1b: Stormbringer\n|-activate|p1b: Stormbringer|move: Protect\n|move|p1a: Blastoise|Life Dew||[still]|[spread] p1a,p1b\n|-fail|p1a: Blastoise|heal\n|-heal|p1b: Stormbringer|75/100\n|move|p2b: Passimian|Close Combat|p1a: Blastoise\n|-damage|p1a: Blastoise|32/100\n|-unboost|p2b: Passimian|def|1\n|-unboost|p2b: Passimian|spd|1\n|\n|-weather|RainDance|[upkeep]\n|upkeep\n|turn|3\n|inactive|drradicalwhy has 30 seconds left.\n|\n|t:|1775948739\n|move|p2a: Chandelure|Shadow Ball|p1b: Stormbringer\n|-damage|p1b: Stormbringer|0 fnt\n|faint|p1b: Stormbringer\n|move|p1a: Blastoise|Water Pulse|p2b: Passimian\n|-damage|p2b: Passimian|0 fnt\n|faint|p2b: Passimian\n|\n|-weather|RainDance|[upkeep]\n|upkeep\n|\n|t:|1775948753\n|switch|p1b: Obelisk|Archaludon, L50, F|100/100\n|switch|p2b: Sylveon|Sylveon, L50, M|100/100\n|turn|4\n|\n|t:|1775948763\n|move|p2b: Sylveon|Hyper Voice|p1a: Blastoise|[spread] p1a,p1b\n|-damage|p1a: Blastoise|0 fnt\n|-damage|p1b: Obelisk|24/100\n|-ability|p1b: Obelisk|Stamina|boost\n|-boost|p1b: Obelisk|def|1\n|faint|p1a: Blastoise\n|move|p2a: Chandelure|Shadow Ball|p1b: Obelisk\n|-damage|p1b: Obelisk|0 fnt\n|faint|p1b: Obelisk\n|\n|-weather|RainDance|[upkeep]\n|upkeep\n|inactive|blue schucle has 30 seconds left.\n|inactive|blue schucle has 20 seconds left.\n|inactive|blue schucle has 15 seconds left.\n|inactive|blue schucle has 10 seconds left.\n|inactive|blue schucle has 5 seconds left.\n|\n|t:|1775948818\n|switch|p1a: Basculegion|Basculegion, L50, M|100/100\n|turn|5\n|inactive|blue schucle has 30 seconds left.\n|inactive|blue schucle has 20 seconds left.\n|l|\u2606blue schucle\n|inactive|blue schucle disconnected and has a minute to reconnect!\n|player|p1|\n|inactive|blue schucle has 15 seconds left.\n|inactive|blue schucle has 10 seconds left.\n|inactive|blue schucle has 5 seconds left.\n|-message|blue schucle lost due to inactivity.\n|\n|win|drradicalwhy\n|raw|blue schucle's rating: 1283 &rarr; <strong>1259</strong><br />(-24 for losing)\n|raw|drradicalwhy's rating: 1300 &rarr; <strong>1324</strong><br />(+24 for winning)\n",
  "uploadtime": 1775948882,
  "views": 36,
  "formatid": "gen9championsvgc2026regma",
  "rating": 1259,
  "private": 0,
  "password": null
}