{
  "id": "gen9championsvgc2026regma-2586064992",
  "format": "[Gen 9 Champions] VGC 2026 Reg M-A",
  "players": [
    "MultiPokemon",
    "justdandyguy"
  ],
  "log": "|j|\u2606MultiPokemon\n|j|\u2606justdandyguy\n|t:|1776395269\n|gametype|doubles\n|player|p1|MultiPokemon|clerk|1401\n|player|p2|justdandyguy|noland-gen3|1346\n|gen|9\n|tier|[Gen 9 Champions] VGC 2026 Reg M-A\n|rated|\n|rule|Species Clause: Limit one of each Pok\u00e9mon\n|rule|Item Clause: Limit 1 of each item\n|clearpoke\n|poke|p1|Charizard, L50, F|\n|poke|p1|Garchomp, L50, M|\n|poke|p1|Whimsicott, L50, F|\n|poke|p1|Incineroar, L50, F|\n|poke|p1|Sneasler, L50, F|\n|poke|p1|Maushold-Four, L50|\n|poke|p2|Hydreigon, L50, M|\n|poke|p2|Mamoswine, L50, M|\n|poke|p2|Ninetales-Alola, L50, M|\n|poke|p2|Salazzle, L50, F|\n|poke|p2|Clefable, L50, F|\n|poke|p2|Basculegion, L50, M|\n|teampreview|4\n|inactive|Battle timer is ON: inactive players will automatically lose when time's up. (requested by justdandyguy)\n|\n|t:|1776395310\n|teamsize|p1|4\n|teamsize|p2|4\n|start\n|switch|p1a: Sneasler|Sneasler, L50, F, shiny|100/100\n|switch|p1b: Incineroar|Incineroar, L50, F, shiny|100/100\n|switch|p2a: Hydreigon|Hydreigon, L50, M|100/100\n|switch|p2b: Salazzle|Salazzle, L50, F|100/100\n|-ability|p1b: Incineroar|Intimidate|boost\n|-unboost|p2a: Hydreigon|atk|1\n|-fail|p2b: Salazzle|unboost|Attack|[from] ability: Oblivious|[of] p2b: Salazzle\n|turn|1\n|\n|t:|1776395331\n|move|p2b: Salazzle|Fake Out|p1a: Sneasler\n|-damage|p1a: Sneasler|91/100\n|move|p1b: Incineroar|Fake Out|p2b: Salazzle\n|-damage|p2b: Salazzle|80/100\n|cant|p1a: Sneasler|flinch\n|move|p2a: Hydreigon|Tailwind|p2a: Hydreigon\n|-sidestart|p2: justdandyguy|move: Tailwind\n|\n|upkeep\n|turn|2\n|\n|t:|1776395347\n|move|p2b: Salazzle|Dragon Cheer|p2a: Hydreigon\n|-start|p2a: Hydreigon|move: Dragon Cheer\n|move|p2a: Hydreigon|Draco Meteor|p1a: Sneasler\n|-crit|p1a: Sneasler\n|-damage|p1a: Sneasler|0 fnt\n|-unboost|p2a: Hydreigon|spa|2\n|faint|p1a: Sneasler\n|move|p1b: Incineroar|Parting Shot|p2b: Salazzle\n|-unboost|p2b: Salazzle|atk|1\n|-unboost|p2b: Salazzle|spa|1\n|\n|t:|1776395354\n|switch|p1b: Maushold|Maushold-Four, L50, shiny|100/100|[from] Parting Shot\n|\n|upkeep\n|\n|t:|1776395356\n|switch|p1a: Charizard|Charizard, L50, F, shiny|100/100\n|turn|3\n|\n|t:|1776395369\n|detailschange|p1a: Charizard|Charizard-Mega-Y, L50, F, shiny\n|-mega|p1a: Charizard|Charizard|Charizardite Y\n|-weather|SunnyDay|[from] ability: Drought|[of] p1a: Charizard\n|move|p1b: Maushold|Follow Me|p1b: Maushold\n|-singleturn|p1b: Maushold|move: Follow Me\n|move|p2b: Salazzle|Acid Spray|p1b: Maushold\n|-damage|p1b: Maushold|84/100\n|-unboost|p1b: Maushold|spd|2\n|move|p2a: Hydreigon|Draco Meteor|p1b: Maushold\n|-crit|p1b: Maushold\n|-damage|p1b: Maushold|0 fnt\n|-unboost|p2a: Hydreigon|spa|2\n|faint|p1b: Maushold\n|move|p1a: Charizard|Weather Ball|p2a: Hydreigon\n|-resisted|p2a: Hydreigon|1\n|-damage|p2a: Hydreigon|56/100\n|\n|-weather|SunnyDay|[upkeep]\n|upkeep\n|\n|t:|1776395383\n|switch|p1b: Incineroar|Incineroar, L50, F, shiny|100/100\n|-ability|p1b: Incineroar|Intimidate|boost\n|-unboost|p2a: Hydreigon|atk|1\n|-fail|p2b: Salazzle|unboost|Attack|[from] ability: Oblivious|[of] p2b: Salazzle\n|turn|4\n|\n|t:|1776395390\n|move|p1b: Incineroar|Fake Out|p2a: Hydreigon\n|-damage|p2a: Hydreigon|44/100\n|move|p2b: Salazzle|Acid Spray|p1a: Charizard\n|-damage|p1a: Charizard|86/100\n|-unboost|p1a: Charizard|spd|2\n|cant|p2a: Hydreigon|flinch\n|move|p1a: Charizard|Heat Wave|p2b: Salazzle|[spread] p2a,p2b\n|-resisted|p2a: Hydreigon|1\n|-resisted|p2b: Salazzle|1\n|-damage|p2a: Hydreigon|12/100\n|-damage|p2b: Salazzle|25/100\n|\n|-weather|SunnyDay|[upkeep]\n|-sideend|p2: justdandyguy|move: Tailwind\n|upkeep\n|turn|5\n|\n|t:|1776395408\n|move|p2b: Salazzle|Acid Spray|p1b: Incineroar\n|-damage|p1b: Incineroar|90/100\n|-unboost|p1b: Incineroar|spd|2\n|move|p1a: Charizard|Heat Wave|p2b: Salazzle|[spread] p2b\n|-miss|p1a: Charizard|p2a: Hydreigon\n|-resisted|p2b: Salazzle|1\n|-damage|p2b: Salazzle|0 fnt\n|faint|p2b: Salazzle\n|move|p2a: Hydreigon|Draco Meteor|p1b: Incineroar\n|-crit|p1b: Incineroar\n|-damage|p1b: Incineroar|0 fnt\n|-unboost|p2a: Hydreigon|spa|2\n|faint|p1b: Incineroar\n|\n|-weather|SunnyDay|[upkeep]\n|upkeep\n|\n|t:|1776395413\n|switch|p2b: Ninetales|Ninetales-Alola, L50, M|100/100\n|-weather|Snowscape|[from] ability: Snow Warning|[of] p2b: Ninetales\n|turn|6\n|\n|t:|1776395424\n|move|p2b: Ninetales|Blizzard|p1a: Charizard\n|-damage|p1a: Charizard|0 fnt\n|faint|p1a: Charizard\n|\n|win|justdandyguy\n|raw|MultiPokemon's rating: 1401 &rarr; <strong>1378</strong><br />(-23 for losing)\n|raw|justdandyguy's rating: 1346 &rarr; <strong>1369</strong><br />(+23 for winning)\n|l|\u2606MultiPokemon\n|player|p1|\n",
  "uploadtime": 1776395434,
  "views": 63,
  "formatid": "gen9championsvgc2026regma",
  "rating": 1369,
  "private": 0,
  "password": null
}