{
  "id": "gen9championsvgc2026regma-2582883433",
  "format": "[Gen 9 Champions] VGC 2026 Reg M-A",
  "players": [
    "Nes230695",
    "BabyT5322"
  ],
  "log": "|j|\u2606Nes230695\n|j|\u2606BabyT5322\n|t:|1776121832\n|gametype|doubles\n|player|p1|Nes230695|1|1040\n|player|p2|BabyT5322|ghetsis-gen5bw|1000\n|gen|9\n|tier|[Gen 9 Champions] VGC 2026 Reg M-A\n|rated|\n|rule|Species Clause: Limit one of each Pok\u00e9mon\n|rule|Item Clause: Limit 1 of each item\n|clearpoke\n|poke|p1|Tyranitar, L50, F|\n|poke|p1|Klefki, L50, M|\n|poke|p1|Excadrill, L50, F|\n|poke|p1|Gyarados, L50, M|\n|poke|p1|Sinistcha, L50|\n|poke|p1|Talonflame, L50, M|\n|poke|p2|Excadrill, L50, F|\n|poke|p2|Tyranitar, L50, M|\n|poke|p2|Sinistcha, L50|\n|poke|p2|Rotom-Heat, L50|\n|poke|p2|Milotic, L50, M|\n|poke|p2|Sneasler, L50, F|\n|teampreview|4\n|inactive|Battle timer is ON: inactive players will automatically lose when time's up. (requested by BabyT5322)\n|\n|t:|1776121859\n|teamsize|p1|4\n|teamsize|p2|4\n|start\n|switch|p1a: Tyranitar|Tyranitar, L50, F|100/100\n|switch|p1b: Klefki|Klefki, L50, M|100/100\n|switch|p2a: Milotic|Milotic, L50, M|100/100\n|switch|p2b: Sinistcha|Sinistcha, L50|100/100\n|-weather|Sandstorm|[from] ability: Sand Stream|[of] p1a: Tyranitar\n|turn|1\n|inactive|BabyT5322 has 30 seconds left.\n|\n|t:|1776121888\n|move|p1a: Tyranitar|Protect|p1a: Tyranitar\n|-singleturn|p1a: Tyranitar|Protect\n|move|p2a: Milotic|Muddy Water|p1b: Klefki|[spread] p1b\n|-activate|p1a: Tyranitar|move: Protect\n|-damage|p1b: Klefki|69/100\n|-unboost|p1b: Klefki|accuracy|1\n|move|p2b: Sinistcha|Matcha Gotcha|p1a: Tyranitar|[spread] p1b\n|-activate|p1a: Tyranitar|move: Protect\n|-resisted|p1b: Klefki|1\n|-damage|p1b: Klefki|57/100\n|move|p1b: Klefki|Trick Room|p1b: Klefki\n|-fieldstart|move: Trick Room|[of] p1b: Klefki\n|\n|-weather|Sandstorm|[upkeep]\n|-damage|p2b: Sinistcha|94/100|[from] Sandstorm\n|-damage|p2a: Milotic|95/100|[from] Sandstorm\n|-heal|p2a: Milotic|100/100|[from] item: Leftovers\n|upkeep\n|turn|2\n|inactive|Nes230695 has 30 seconds left.\n|inactive|BabyT5322 has 30 seconds left.\n|inactive|Nes230695 has 20 seconds left.\n|\n|t:|1776121923\n|detailschange|p1a: Tyranitar|Tyranitar-Mega, L50, F\n|-mega|p1a: Tyranitar|Tyranitar|Tyranitarite\n|move|p2b: Sinistcha|Rage Powder|p2b: Sinistcha\n|-singleturn|p2b: Sinistcha|move: Rage Powder\n|move|p1b: Klefki|Light Screen|p1b: Klefki\n|-sidestart|p1: Nes230695|move: Light Screen\n|move|p1a: Tyranitar|Ice Punch|p2b: Sinistcha\n|-supereffective|p2b: Sinistcha|1\n|-damage|p2b: Sinistcha|35/100\n|-enditem|p2b: Sinistcha|Sitrus Berry|[eat]\n|-heal|p2b: Sinistcha|59/100|[from] item: Sitrus Berry\n|move|p2a: Milotic|Muddy Water|p1b: Klefki|[spread] p1a,p1b\n|-supereffective|p1a: Tyranitar|1\n|-damage|p1a: Tyranitar|81/100\n|-damage|p1b: Klefki|34/100\n|-unboost|p1a: Tyranitar|accuracy|1\n|\n|-weather|Sandstorm|[upkeep]\n|-damage|p2b: Sinistcha|53/100|[from] Sandstorm\n|-damage|p2a: Milotic|95/100|[from] Sandstorm\n|-heal|p2a: Milotic|100/100|[from] item: Leftovers\n|upkeep\n|turn|3\n|inactive|Nes230695 has 30 seconds left.\n|inactive|BabyT5322 has 30 seconds left.\n|\n|t:|1776121956\n|switch|p2b: Excadrill|Excadrill, L50, F|100/100\n|move|p1b: Klefki|Reflect|p1b: Klefki\n|-sidestart|p1: Nes230695|Reflect\n|move|p1a: Tyranitar|Ice Punch|p2b: Excadrill\n|-damage|p2b: Excadrill|57/100\n|move|p2a: Milotic|Muddy Water|p1a: Tyranitar|[spread] p1a,p1b\n|-supereffective|p1a: Tyranitar|1\n|-damage|p1a: Tyranitar|59/100\n|-damage|p1b: Klefki|14/100\n|\n|-weather|Sandstorm|[upkeep]\n|-damage|p2a: Milotic|95/100|[from] Sandstorm\n|-heal|p2a: Milotic|100/100|[from] item: Leftovers\n|upkeep\n|turn|4\n|inactive|Nes230695 has 30 seconds left.\n|\n|t:|1776121987\n|switch|p1b: Sinistcha|Sinistcha, L50|100/100\n|-heal|p1a: Tyranitar|84/100|[from] ability: Hospitality|[of] p1b: Sinistcha\n|move|p2b: Excadrill|Protect|p2b: Excadrill\n|-singleturn|p2b: Excadrill|Protect\n|move|p1a: Tyranitar|Ice Punch|p2b: Excadrill\n|-activate|p2b: Excadrill|move: Protect\n|move|p2a: Milotic|Muddy Water|p1a: Tyranitar|[spread] p1a,p1b\n|-supereffective|p1a: Tyranitar|1\n|-resisted|p1b: Sinistcha|1\n|-damage|p1a: Tyranitar|60/100\n|-damage|p1b: Sinistcha|90/100\n|\n|-weather|Sandstorm|[upkeep]\n|-damage|p1b: Sinistcha|84/100|[from] Sandstorm\n|-damage|p2a: Milotic|95/100|[from] Sandstorm\n|-heal|p1b: Sinistcha|90/100|[from] item: Leftovers\n|-heal|p2a: Milotic|100/100|[from] item: Leftovers\n|upkeep\n|turn|5\n|inactive|Nes230695 has 30 seconds left.\n|inactive|BabyT5322 has 30 seconds left.\n|\n|t:|1776122016\n|move|p1a: Tyranitar|Rock Slide|p2b: Excadrill|[spread] p2a,p2b\n|-resisted|p2b: Excadrill|2\n|-damage|p2a: Milotic|60/100\n|-damage|p2b: Excadrill|44/100\n|move|p1b: Sinistcha|Energy Ball|p2b: Excadrill\n|-damage|p2b: Excadrill|0 fnt\n|faint|p2b: Excadrill\n|cant|p2a: Milotic|flinch\n|\n|-weather|none\n|-heal|p1b: Sinistcha|96/100|[from] item: Leftovers\n|-heal|p2a: Milotic|66/100|[from] item: Leftovers\n|-fieldend|move: Trick Room\n|upkeep\n|\n|t:|1776122032\n|switch|p2b: Sinistcha|Sinistcha, L50|53/100\n|-heal|p2a: Milotic|91/100|[from] ability: Hospitality|[of] p2b: Sinistcha\n|turn|6\n|\n|t:|1776122044\n|move|p2a: Milotic|Muddy Water|p1a: Tyranitar|[spread] p1a,p1b\n|-supereffective|p1a: Tyranitar|1\n|-resisted|p1b: Sinistcha|1\n|-damage|p1a: Tyranitar|29/100\n|-damage|p1b: Sinistcha|86/100\n|-unboost|p1a: Tyranitar|accuracy|1\n|move|p2b: Sinistcha|Life Dew|p2b: Sinistcha|[spread] p2a,p2b\n|-heal|p2a: Milotic|100/100\n|-heal|p2b: Sinistcha|79/100\n|move|p1a: Tyranitar|Ice Punch|p2b: Sinistcha\n|-supereffective|p2b: Sinistcha|1\n|-damage|p2b: Sinistcha|21/100\n|move|p1b: Sinistcha|Trick Room|p1b: Sinistcha\n|-fieldstart|move: Trick Room|[of] p1b: Sinistcha\n|\n|-heal|p1b: Sinistcha|93/100|[from] item: Leftovers\n|-sideend|p1: Nes230695|move: Light Screen\n|upkeep\n|turn|7\n|inactive|Nes230695 has 30 seconds left.\n|\n|t:|1776122074\n|move|p2b: Sinistcha|Protect|p2b: Sinistcha\n|-singleturn|p2b: Sinistcha|Protect\n|move|p1a: Tyranitar|Ice Punch|p2b: Sinistcha\n|-activate|p2b: Sinistcha|move: Protect\n|move|p1b: Sinistcha|Energy Ball|p2a: Milotic\n|-supereffective|p2a: Milotic|1\n|-damage|p2a: Milotic|43/100\n|move|p2a: Milotic|Muddy Water|p1b: Sinistcha|[spread] p1a\n|-miss|p2a: Milotic|p1b: Sinistcha\n|-supereffective|p1a: Tyranitar|1\n|-damage|p1a: Tyranitar|0 fnt\n|faint|p1a: Tyranitar\n|\n|-heal|p1b: Sinistcha|99/100|[from] item: Leftovers\n|-heal|p2a: Milotic|49/100|[from] item: Leftovers\n|-sideend|p1: Nes230695|Reflect\n|upkeep\n|\n|t:|1776122091\n|switch|p1a: Klefki|Klefki, L50, M|14/100\n|turn|8\n|\n|t:|1776122110\n|move|p2a: Milotic|Protect|p2a: Milotic\n|-singleturn|p2a: Milotic|Protect\n|move|p1a: Klefki|Light Screen|p1a: Klefki\n|-sidestart|p1: Nes230695|move: Light Screen\n|move|p2b: Sinistcha|Life Dew|p2b: Sinistcha|[spread] p2a,p2b\n|-heal|p2a: Milotic|74/100\n|-heal|p2b: Sinistcha|47/100\n|move|p1b: Sinistcha|Energy Ball|p2b: Sinistcha\n|-resisted|p2b: Sinistcha|1\n|-damage|p2b: Sinistcha|29/100\n|\n|-heal|p1b: Sinistcha|100/100|[from] item: Leftovers\n|-heal|p2a: Milotic|80/100|[from] item: Leftovers\n|upkeep\n|turn|9\n|\n|t:|1776122132\n|move|p2b: Sinistcha|Protect|p2b: Sinistcha\n|-singleturn|p2b: Sinistcha|Protect\n|move|p1a: Klefki|Reflect|p1a: Klefki\n|-sidestart|p1: Nes230695|Reflect\n|move|p1b: Sinistcha|Energy Ball|p2a: Milotic\n|-supereffective|p2a: Milotic|1\n|-damage|p2a: Milotic|21/100\n|move|p2a: Milotic|Muddy Water|p1b: Sinistcha|[spread] p1a,p1b\n|-resisted|p1b: Sinistcha|1\n|-damage|p1a: Klefki|0 fnt\n|-damage|p1b: Sinistcha|91/100\n|faint|p1a: Klefki\n|\n|-heal|p1b: Sinistcha|97/100|[from] item: Leftovers\n|-heal|p2a: Milotic|27/100|[from] item: Leftovers\n|upkeep\n|\n|t:|1776122147\n|switch|p1a: Excadrill|Excadrill, L50, F|100/100\n|turn|10\n|\n|t:|1776122161\n|move|p2b: Sinistcha|Rage Powder|p2b: Sinistcha\n|-singleturn|p2b: Sinistcha|move: Rage Powder\n|move|p1b: Sinistcha|Energy Ball|p2b: Sinistcha\n|-resisted|p2b: Sinistcha|1\n|-damage|p2b: Sinistcha|12/100\n|move|p2a: Milotic|Recover|p2a: Milotic\n|-heal|p2a: Milotic|77/100\n|move|p1a: Excadrill|Swords Dance|p1a: Excadrill\n|-boost|p1a: Excadrill|atk|2\n|\n|-heal|p1b: Sinistcha|100/100|[from] item: Leftovers\n|-heal|p2a: Milotic|83/100|[from] item: Leftovers\n|-fieldend|move: Trick Room\n|upkeep\n|turn|11\n|inactive|Nes230695 has 30 seconds left.\n|inactive|Nes230695 has 20 seconds left.\n|inactive|Nes230695 has 15 seconds left.\n|\n|t:|1776122201\n|move|p1a: Excadrill|Poison Jab|p2a: Milotic\n|-damage|p2a: Milotic|21/100\n|move|p2a: Milotic|Muddy Water|p1b: Sinistcha|[spread] p1a\n|-miss|p2a: Milotic|p1b: Sinistcha\n|-supereffective|p1a: Excadrill|1\n|-damage|p1a: Excadrill|46/100\n|move|p2b: Sinistcha|Matcha Gotcha|p1b: Sinistcha|[spread] p1a,p1b\n|-resisted|p1b: Sinistcha|1\n|-damage|p1a: Excadrill|24/100\n|-heal|p2b: Sinistcha|24/100|[from] drain|[of] p1a: Excadrill\n|-damage|p1b: Sinistcha|93/100\n|-heal|p2b: Sinistcha|27/100|[from] drain|[of] p1b: Sinistcha\n|move|p1b: Sinistcha|Energy Ball|p2a: Milotic\n|-supereffective|p2a: Milotic|1\n|-damage|p2a: Milotic|0 fnt\n|faint|p2a: Milotic\n|\n|-heal|p1b: Sinistcha|99/100|[from] item: Leftovers\n|upkeep\n|\n|t:|1776122222\n|switch|p2a: Tyranitar|Tyranitar, L50, M|100/100\n|-weather|Sandstorm|[from] ability: Sand Stream|[of] p2a: Tyranitar\n|turn|12\n|\n|t:|1776122243\n|detailschange|p2a: Tyranitar|Tyranitar-Mega, L50, M\n|-mega|p2a: Tyranitar|Tyranitar|Tyranitarite\n|move|p2b: Sinistcha|Rage Powder|p2b: Sinistcha\n|-singleturn|p2b: Sinistcha|move: Rage Powder\n|move|p1a: Excadrill|Earthquake|p2b: Sinistcha|[spread] p1b,p2a,p2b\n|-resisted|p1b: Sinistcha|1\n|-supereffective|p2a: Tyranitar|1\n|-resisted|p2b: Sinistcha|1\n|-damage|p1b: Sinistcha|72/100\n|-damage|p2a: Tyranitar|0 fnt\n|-damage|p2b: Sinistcha|0 fnt\n|faint|p2a: Tyranitar\n|faint|p2b: Sinistcha\n|\n|win|Nes230695\n|raw|Nes230695's rating: 1040 &rarr; <strong>1070</strong><br />(+30 for winning)\n|raw|BabyT5322's rating: 1000 &rarr; <strong>1000</strong><br />(+0 for losing)\n|l|\u2606BabyT5322\n|player|p2|\n",
  "uploadtime": 1776122258,
  "views": 18,
  "formatid": "gen9championsvgc2026regma",
  "rating": 1000,
  "private": 0,
  "password": null
}