{
  "id": "gen9championsvgc2026regma-2583832938",
  "format": "[Gen 9 Champions] VGC 2026 Reg M-A",
  "players": [
    "JimmiBunnie",
    "jollyishthing"
  ],
  "log": "|j|\u2606JimmiBunnie\n|j|\u2606jollyishthing\n|t:|1776201244\n|gametype|doubles\n|player|p1|JimmiBunnie|pokekid|1120\n|player|p2|jollyishthing|2|1219\n|gen|9\n|tier|[Gen 9 Champions] VGC 2026 Reg M-A\n|rated|\n|rule|Species Clause: Limit one of each Pok\u00e9mon\n|rule|Item Clause: Limit 1 of each item\n|clearpoke\n|poke|p1|Lopunny, L50, F|\n|poke|p1|Garchomp, L50, M|\n|poke|p1|Incineroar, L50, F|\n|poke|p1|Rotom-Wash, L50|\n|poke|p1|Whimsicott, L50, M|\n|poke|p1|Sinistcha, L50|\n|poke|p2|Mimikyu, L50, M|\n|poke|p2|Incineroar, L50, M|\n|poke|p2|Golurk, L50|\n|poke|p2|Sinistcha, L50|\n|poke|p2|Torkoal, L50, M|\n|poke|p2|Farigiraf, L50, M|\n|teampreview|4\n|\n|t:|1776201269\n|teamsize|p1|4\n|teamsize|p2|4\n|start\n|switch|p1a: Rotom|Rotom-Wash, L50|100/100\n|switch|p1b: Garchomp|Garchomp, L50, M|100/100\n|switch|p2a: Mimikyu|Mimikyu, L50, M|100/100\n|switch|p2b: Sinistcha|Sinistcha, L50|100/100\n|turn|1\n|\n|t:|1776201289\n|move|p2b: Sinistcha|Rage Powder|p2b: Sinistcha\n|-singleturn|p2b: Sinistcha|move: Rage Powder\n|move|p1b: Garchomp|Rock Slide|p2b: Sinistcha|[spread] p2a,p2b\n|-activate|p2a: Mimikyu|ability: Disguise\n|-damage|p2a: Mimikyu|100/100\n|-damage|p2b: Sinistcha|83/100\n|detailschange|p2a: Mimikyu|Mimikyu-Busted, L50, M\n|-damage|p2a: Mimikyu|88/100|[from] pokemon: Mimikyu-Busted\n|cant|p2a: Mimikyu|flinch\n|move|p1a: Rotom|Will-O-Wisp|p2b: Sinistcha|[miss]\n|-miss|p1a: Rotom|p2b: Sinistcha\n|\n|-heal|p2b: Sinistcha|89/100|[from] item: Leftovers\n|upkeep\n|turn|2\n|\n|t:|1776201306\n|move|p2b: Sinistcha|Rage Powder|p2b: Sinistcha\n|-singleturn|p2b: Sinistcha|move: Rage Powder\n|move|p1b: Garchomp|Rock Slide|p2a: Mimikyu|[spread] p2a,p2b\n|-damage|p2a: Mimikyu|61/100\n|-damage|p2b: Sinistcha|69/100\n|move|p2a: Mimikyu|Play Rough|p1b: Garchomp\n|-supereffective|p1b: Garchomp|1\n|-damage|p1b: Garchomp|14/100\n|-damage|p2a: Mimikyu|49/100|[from] ability: Rough Skin|[of] p1b: Garchomp\n|move|p1a: Rotom|Volt Switch|p2b: Sinistcha\n|-resisted|p2b: Sinistcha|1\n|-damage|p2b: Sinistcha|54/100\n|\n|t:|1776201320\n|switch|p1a: Incineroar|Incineroar, L50, F|100/100|[from] Volt Switch\n|-ability|p1a: Incineroar|Intimidate|boost\n|-unboost|p2a: Mimikyu|atk|1\n|-unboost|p2b: Sinistcha|atk|1\n|-enditem|p2a: Mimikyu|White Herb\n|-clearnegativeboost|p2a: Mimikyu|[silent]\n|\n|-heal|p2b: Sinistcha|60/100|[from] item: Leftovers\n|upkeep\n|turn|3\n|\n|t:|1776201345\n|switch|p1b: Rotom|Rotom-Wash, L50|100/100\n|move|p2b: Sinistcha|Protect|p2b: Sinistcha\n|-singleturn|p2b: Sinistcha|Protect\n|move|p2a: Mimikyu|Shadow Sneak|p1b: Rotom\n|-damage|p1b: Rotom|83/100\n|move|p1a: Incineroar|Flare Blitz|p2b: Sinistcha\n|-activate|p2b: Sinistcha|move: Protect\n|\n|-heal|p1b: Rotom|88/100|[from] item: Leftovers\n|-heal|p2b: Sinistcha|66/100|[from] item: Leftovers\n|upkeep\n|turn|4\n|\n|t:|1776201371\n|move|p2a: Mimikyu|Shadow Claw|p1b: Rotom\n|-damage|p1b: Rotom|60/100\n|move|p1b: Rotom|Will-O-Wisp|p2a: Mimikyu\n|-status|p2a: Mimikyu|brn\n|move|p2b: Sinistcha|Matcha Gotcha|p1b: Rotom|[spread] p1b\n|-miss|p2b: Sinistcha|p1a: Incineroar\n|-supereffective|p1b: Rotom|1\n|-damage|p1b: Rotom|0 fnt\n|-heal|p2b: Sinistcha|93/100|[from] drain|[of] p1b: Rotom\n|faint|p1b: Rotom\n|move|p1a: Incineroar|Flare Blitz|p2b: Sinistcha\n|-supereffective|p2b: Sinistcha|1\n|-damage|p2b: Sinistcha|4/100\n|-damage|p1a: Incineroar|75/100|[from] Recoil\n|\n|-heal|p2b: Sinistcha|10/100|[from] item: Leftovers\n|-damage|p2a: Mimikyu|42/100 brn|[from] brn\n|upkeep\n|\n|t:|1776201391\n|switch|p1b: Garchomp|Garchomp, L50, M|14/100\n|turn|5\n|\n|t:|1776201409\n|switch|p2a: Farigiraf|Farigiraf, L50, M|100/100\n|move|p2b: Sinistcha|Rage Powder|p2b: Sinistcha\n|-singleturn|p2b: Sinistcha|move: Rage Powder\n|move|p1b: Garchomp|Rock Slide|p2a: Farigiraf|[spread] p2a,p2b\n|-damage|p2a: Farigiraf|85/100\n|-damage|p2b: Sinistcha|0 fnt\n|faint|p2b: Sinistcha\n|move|p1a: Incineroar|Flare Blitz|p2a: Farigiraf\n|-damage|p2a: Farigiraf|46/100\n|-enditem|p2a: Farigiraf|Sitrus Berry|[eat]\n|-heal|p2a: Farigiraf|71/100|[from] item: Sitrus Berry\n|-damage|p1a: Incineroar|60/100|[from] Recoil\n|\n|upkeep\n|\n|t:|1776201423\n|switch|p2b: Golurk|Golurk, L50|100/100\n|turn|6\n|\n|t:|1776201440\n|detailschange|p2b: Golurk|Golurk-Mega, L50\n|-mega|p2b: Golurk|Golurk|Golurkite\n|move|p1b: Garchomp|Dragon Claw|p2a: Farigiraf\n|-damage|p2a: Farigiraf|34/100\n|move|p1a: Incineroar|Throat Chop|p2a: Farigiraf\n|-supereffective|p2a: Farigiraf|1\n|-damage|p2a: Farigiraf|0 fnt\n|faint|p2a: Farigiraf\n|move|p2b: Golurk|High Horsepower|p1a: Incineroar\n|-supereffective|p1a: Incineroar|1\n|-damage|p1a: Incineroar|0 fnt\n|faint|p1a: Incineroar\n|\n|upkeep\n|\n|t:|1776201451\n|switch|p1a: Lopunny|Lopunny, L50, F|100/100\n|switch|p2a: Mimikyu|Mimikyu-Busted, L50, M|42/100 brn\n|turn|7\n|\n|t:|1776201472\n|detailschange|p1a: Lopunny|Lopunny-Mega, L50, F\n|-mega|p1a: Lopunny|Lopunny|Lopunnite\n|move|p1a: Lopunny|Protect|p1a: Lopunny\n|-singleturn|p1a: Lopunny|Protect\n|move|p2a: Mimikyu|Shadow Sneak|p1b: Garchomp\n|-damage|p1b: Garchomp|4/100\n|-damage|p2a: Mimikyu|30/100 brn|[from] ability: Rough Skin|[of] p1b: Garchomp\n|move|p1b: Garchomp|Rock Slide|p2a: Mimikyu|[spread] p2a,p2b\n|-resisted|p2b: Golurk|1\n|-damage|p2a: Mimikyu|2/100 brn\n|-damage|p2b: Golurk|92/100\n|cant|p2b: Golurk|flinch\n|\n|-damage|p2a: Mimikyu|0 fnt|[from] brn\n|faint|p2a: Mimikyu\n|upkeep\n|turn|8\n|\n|t:|1776201503\n|move|p1a: Lopunny|Close Combat|p2b: Golurk\n|-crit|p2b: Golurk\n|-damage|p2b: Golurk|11/100\n|-unboost|p1a: Lopunny|def|1\n|-unboost|p1a: Lopunny|spd|1\n|move|p1b: Garchomp|Dragon Claw|p2b: Golurk\n|-damage|p2b: Golurk|0 fnt\n|faint|p2b: Golurk\n|\n|win|JimmiBunnie\n|raw|JimmiBunnie's rating: 1120 &rarr; <strong>1152</strong><br />(+32 for winning)\n|raw|jollyishthing's rating: 1219 &rarr; <strong>1187</strong><br />(-32 for losing)\n|l|\u2606jollyishthing\n|player|p2|\n",
  "uploadtime": 1776201512,
  "views": 18,
  "formatid": "gen9championsvgc2026regma",
  "rating": 1152,
  "private": 0,
  "password": null
}