{
  "id": "gen9championsvgc2026regma-2580667551",
  "format": "[Gen 9 Champions] VGC 2026 Reg M-A",
  "players": [
    "whac",
    "Uncreative7452"
  ],
  "log": "|j|\u2606whac\n|j|\u203dUncreative7452\n|t:|1775922718\n|gametype|doubles\n|player|p1|whac|janitor|1216\n|player|p2|Uncreative7452|tuber|1162\n|gen|9\n|tier|[Gen 9 Champions] VGC 2026 Reg M-A\n|rated|\n|rule|Species Clause: Limit one of each Pok\u00e9mon\n|rule|Item Clause: Limit 1 of each item\n|clearpoke\n|poke|p1|Charizard, L50, F|\n|poke|p1|Venusaur, L50, F|\n|poke|p1|Incineroar, L50, M|\n|poke|p1|Sneasler, L50, F|\n|poke|p1|Garchomp, L50, F|\n|poke|p1|Rotom-Wash, L50|\n|poke|p2|Charizard, L50, M|\n|poke|p2|Venusaur, L50, F|\n|poke|p2|Sneasler, L50, F|\n|poke|p2|Dragonite, L50, F|\n|poke|p2|Incineroar, L50, F|\n|poke|p2|Rhyperior, L50, F|\n|teampreview|4\nwhac rejected open team sheets.\n|\n|t:|1775922762\n|teamsize|p1|4\n|teamsize|p2|4\n|start\n|switch|p1a: Incineroar|Incineroar, L50, M|100/100\n|switch|p1b: Charizard|Charizard, L50, F|100/100\n|switch|p2a: Sneasler|Sneasler, L50, F|100/100\n|switch|p2b: Dragonite|Dragonite, L50, F|100/100\n|-ability|p1a: Incineroar|Intimidate|boost\n|-unboost|p2a: Sneasler|atk|1\n|-unboost|p2b: Dragonite|atk|1\n|-enditem|p2a: Sneasler|White Herb\n|-clearnegativeboost|p2a: Sneasler|[silent]\n|turn|1\n|\n|t:|1775922777\n|switch|p1a: Garchomp|Garchomp, L50, F|100/100\n|switch|p2b: Rhyperior|Rhyperior, L50, F|100/100\n|move|p2a: Sneasler|Protect|p2a: Sneasler\n|-singleturn|p2a: Sneasler|Protect\n|move|p1b: Charizard|Protect||[still]\n|-fail|p1b: Charizard\n|\n|upkeep\n|turn|2\n|\n|t:|1775922790\n|switch|p1b: Rotom|Rotom-Wash, L50|100/100\n|move|p2a: Sneasler|Acrobatics|p1a: Garchomp\n|-damage|p1a: Garchomp|58/100\n|-damage|p2a: Sneasler|88/100|[from] ability: Rough Skin|[of] p1a: Garchomp\n|move|p1a: Garchomp|Earthquake|p2b: Rhyperior|[spread] p2a,p2b\n|-immune|p1b: Rotom|[from] ability: Levitate\n|-supereffective|p2a: Sneasler|1\n|-supereffective|p2b: Rhyperior|1\n|-damage|p2a: Sneasler|0 fnt\n|-damage|p2b: Rhyperior|65/100\n|faint|p2a: Sneasler\n|move|p2b: Rhyperior|Rock Slide|p1a: Garchomp|[spread] p1a,p1b\n|-resisted|p1a: Garchomp|1\n|-damage|p1a: Garchomp|41/100\n|-damage|p1b: Rotom|62/100\n|\n|-heal|p1b: Rotom|68/100|[from] item: Leftovers\n|upkeep\n|\n|t:|1775922803\n|switch|p2a: Incineroar|Incineroar, L50, F|100/100\n|-ability|p2a: Incineroar|Intimidate|boost\n|-unboost|p1a: Garchomp|atk|1\n|-unboost|p1b: Rotom|atk|1\n|turn|3\n|\n|t:|1775922810\n|move|p2a: Incineroar|Fake Out|p1b: Rotom\n|-damage|p1b: Rotom|56/100\n|move|p1a: Garchomp|Earthquake|p2b: Rhyperior|[spread] p2a,p2b\n|-immune|p1b: Rotom|[from] ability: Levitate\n|-supereffective|p2a: Incineroar|1\n|-supereffective|p2b: Rhyperior|1\n|-damage|p2a: Incineroar|54/100\n|-damage|p2b: Rhyperior|41/100\n|cant|p1b: Rotom|flinch\n|move|p2b: Rhyperior|Rock Slide|p1b: Rotom|[spread] p1b\n|-miss|p2b: Rhyperior|p1a: Garchomp\n|-damage|p1b: Rotom|22/100\n|\n|-heal|p1b: Rotom|27/100|[from] item: Leftovers\n|upkeep\n|turn|4\n|\n|t:|1775922826\n|move|p2b: Rhyperior|Protect|p2b: Rhyperior\n|-singleturn|p2b: Rhyperior|Protect\n|move|p1a: Garchomp|Earthquake|p2a: Incineroar|[spread] p2a\n|-activate|p2b: Rhyperior|move: Protect\n|-immune|p1b: Rotom|[from] ability: Levitate\n|-supereffective|p2a: Incineroar|1\n|-damage|p2a: Incineroar|8/100\n|-enditem|p2a: Incineroar|Sitrus Berry|[eat]\n|-heal|p2a: Incineroar|33/100|[from] item: Sitrus Berry\n|move|p1b: Rotom|Hydro Pump|p2b: Rhyperior\n|-activate|p2b: Rhyperior|move: Protect\n|move|p2a: Incineroar|Parting Shot|p1b: Rotom\n|-unboost|p1b: Rotom|atk|1\n|-unboost|p1b: Rotom|spa|1\n|\n|t:|1775922828\n|switch|p2a: Dragonite|Dragonite, L50, F|100/100|[from] Parting Shot\n|\n|-heal|p1b: Rotom|33/100|[from] item: Leftovers\n|upkeep\n|turn|5\n|\n|t:|1775922840\n|switch|p1a: Incineroar|Incineroar, L50, M|100/100\n|-ability|p1a: Incineroar|Intimidate|boost\n|-unboost|p2a: Dragonite|atk|1\n|-unboost|p2b: Rhyperior|atk|1\n|switch|p1b: Charizard|Charizard, L50, F|100/100\n|move|p2a: Dragonite|Scale Shot|p1a: Incineroar\n|-damage|p1a: Incineroar|88/100\n|-damage|p1a: Incineroar|77/100\n|-damage|p1a: Incineroar|66/100\n|-damage|p1a: Incineroar|54/100\n|-hitcount|p1a: Incineroar|4\n|-unboost|p2a: Dragonite|def|1\n|-boost|p2a: Dragonite|spe|1\n|move|p2b: Rhyperior|Rock Slide|p1b: Charizard|[spread] p1a,p1b\n|-supereffective|p1a: Incineroar|1\n|-crit|p1a: Incineroar\n|-supereffective|p1b: Charizard|2\n|-crit|p1b: Charizard\n|-damage|p1a: Incineroar|0 fnt\n|-damage|p1b: Charizard|0 fnt\n|faint|p1a: Incineroar\n|faint|p1b: Charizard\n|\n|upkeep\n|\n|t:|1775922845\n|switch|p1b: Rotom|Rotom-Wash, L50|33/100\n|switch|p1a: Garchomp|Garchomp, L50, F|41/100\n|turn|6\n|\n|t:|1775922859\n|move|p1b: Rotom|Protect|p1b: Rotom\n|-singleturn|p1b: Rotom|Protect\n|move|p2a: Dragonite|Scale Shot|p1a: Garchomp\n|-supereffective|p1a: Garchomp|1\n|-damage|p1a: Garchomp|17/100\n|-supereffective|p1a: Garchomp|1\n|-damage|p1a: Garchomp|0 fnt\n|faint|p1a: Garchomp\n|-hitcount|p1: Garchomp|2\n|-unboost|p2a: Dragonite|def|1\n|-boost|p2a: Dragonite|spe|1\n|move|p2b: Rhyperior|Rock Slide|p1b: Rotom\n|-activate|p1b: Rotom|move: Protect\n|\n|-heal|p1b: Rotom|39/100|[from] item: Leftovers\n|upkeep\n|turn|7\n|\n|t:|1775922868\n|move|p2a: Dragonite|Scale Shot|p1b: Rotom\n|-damage|p1b: Rotom|25/100\n|-damage|p1b: Rotom|13/100\n|-hitcount|p1b: Rotom|2\n|-unboost|p2a: Dragonite|def|1\n|-boost|p2a: Dragonite|spe|1\n|move|p1b: Rotom|Thunderbolt|p2a: Dragonite\n|-damage|p2a: Dragonite|85/100\n|move|p2b: Rhyperior|Rock Slide|p1b: Rotom\n|-damage|p1b: Rotom|0 fnt\n|faint|p1b: Rotom\n|\n|win|Uncreative7452\n|raw|whac's rating: 1216 &rarr; <strong>1187</strong><br />(-29 for losing)\n|raw|Uncreative7452's rating: 1162 &rarr; <strong>1191</strong><br />(+29 for winning)\n",
  "uploadtime": 1775922873,
  "views": 28,
  "formatid": "gen9championsvgc2026regma",
  "rating": 1187,
  "private": 0,
  "password": null
}