{
  "id": "gen9championsvgc2026regma-2586948893",
  "format": "[Gen 9 Champions] VGC 2026 Reg M-A",
  "players": [
    "The boy savior",
    "areestoo"
  ],
  "log": "|j|\u2606The boy savior\n|j|\u2606areestoo\n|t:|1776474695\n|gametype|doubles\n|player|p1|The boy savior|gambler|1342\n|player|p2|areestoo|101|1325\n|gen|9\n|tier|[Gen 9 Champions] VGC 2026 Reg M-A\n|rated|\n|rule|Species Clause: Limit one of each Pok\u00e9mon\n|rule|Item Clause: Limit 1 of each item\n|clearpoke\n|poke|p1|Lopunny, L50, F|\n|poke|p1|Pelipper, L50, F|\n|poke|p1|Basculegion, L50, M|\n|poke|p1|Archaludon, L50, M|\n|poke|p1|Incineroar, L50, F|\n|poke|p1|Sinistcha, L50|\n|poke|p2|Incineroar, L50, F|\n|poke|p2|Farigiraf, L50, F|\n|poke|p2|Torkoal, L50, F|\n|poke|p2|Scovillain, L50, F|\n|poke|p2|Feraligatr, L50, F|\n|poke|p2|Kingambit, L50, M|\n|teampreview|4\n|inactive|Battle timer is ON: inactive players will automatically lose when time's up. (requested by areestoo)\n|\n|t:|1776474719\n|teamsize|p1|4\n|teamsize|p2|4\n|start\n|switch|p1a: Aqua Necklace|Basculegion, L50, M, shiny|100/100\n|switch|p1b: Pearl Jam|Incineroar, L50, F, shiny|100/100\n|switch|p2a: Incineroar|Incineroar, L50, F|100/100\n|switch|p2b: Farigiraf|Farigiraf, L50, F|100/100\n|-ability|p1b: Pearl Jam|Intimidate|boost\n|-unboost|p2a: Incineroar|atk|1\n|-unboost|p2b: Farigiraf|atk|1\n|-ability|p2a: Incineroar|Intimidate|boost\n|-unboost|p1a: Aqua Necklace|atk|1\n|-unboost|p1b: Pearl Jam|atk|1\n|-enditem|p2a: Incineroar|White Herb\n|-clearnegativeboost|p2a: Incineroar|[silent]\n|turn|1\n|\n|t:|1776474741\n|move|p2a: Incineroar|Fake Out|p1b: Pearl Jam\n|-damage|p1b: Pearl Jam|87/100\n|move|p1a: Aqua Necklace|Wave Crash|p2a: Incineroar\n|-supereffective|p2a: Incineroar|1\n|-damage|p2a: Incineroar|0 fnt\n|faint|p2a: Incineroar\n|-damage|p1a: Aqua Necklace|66/100|[from] Recoil\n|cant|p1b: Pearl Jam|flinch\n|move|p2b: Farigiraf|Trick Room|p2b: Farigiraf\n|-fieldstart|move: Trick Room|[of] p2b: Farigiraf\n|\n|upkeep\n|\n|t:|1776474752\n|switch|p2a: Kingambit|Kingambit, L50, M|100/100\n|turn|2\n|\n|t:|1776474758\n|switch|p1a: Weather Report|Pelipper, L50, F, shiny|100/100\n|-weather|RainDance|[from] ability: Drizzle|[of] p1a: Weather Report\n|move|p2a: Kingambit|Kowtow Cleave|p1a: Weather Report\n|-damage|p1a: Weather Report|41/100\n|move|p2b: Farigiraf|Nasty Plot|p2b: Farigiraf\n|-boost|p2b: Farigiraf|spa|2\n|move|p1b: Pearl Jam|Low Kick|p2a: Kingambit\n|-supereffective|p2a: Kingambit|2\n|-damage|p2a: Kingambit|35/100\n|\n|-weather|RainDance|[upkeep]\n|upkeep\n|turn|3\n|inactive|areestoo has 30 seconds left.\n|\n|t:|1776474788\n|move|p1a: Weather Report|Wide Guard|p1a: Weather Report\n|-singleturn|p1a: Weather Report|Wide Guard\n|move|p2a: Kingambit|Kowtow Cleave|p1a: Weather Report\n|-damage|p1a: Weather Report|0 fnt\n|faint|p1a: Weather Report\n|move|p2b: Farigiraf|Hyper Voice|p1b: Pearl Jam\n|-activate|p1b: Pearl Jam|move: Wide Guard\n|move|p1b: Pearl Jam|Low Kick|p2a: Kingambit\n|-supereffective|p2a: Kingambit|2\n|-damage|p2a: Kingambit|0 fnt\n|faint|p2a: Kingambit\n|\n|-weather|RainDance|[upkeep]\n|upkeep\n|\n|t:|1776474797\n|switch|p2a: Feraligatr|Feraligatr, L50, F|100/100\n|switch|p1a: Super Fly|Archaludon, L50, M|100/100\n|turn|4\n|\n|t:|1776474806\n|detailschange|p2a: Feraligatr|Feraligatr-Mega, L50, F\n|-mega|p2a: Feraligatr|Feraligatr|Feraligite\n|move|p2b: Farigiraf|Hyper Voice|p1b: Pearl Jam|[spread] p1a,p1b\n|-resisted|p1a: Super Fly|1\n|-damage|p1a: Super Fly|50/100\n|-damage|p1b: Pearl Jam|24/100\n|move|p2a: Feraligatr|Double-Edge|p1a: Super Fly\n|-damage|p1a: Super Fly|0 fnt\n|faint|p1a: Super Fly\n|-damage|p2a: Feraligatr|86/100|[from] Recoil\n|move|p1b: Pearl Jam|Parting Shot|p2a: Feraligatr\n|-unboost|p2a: Feraligatr|atk|1\n|-unboost|p2a: Feraligatr|spa|1\n|\n|t:|1776474813\n|switch|p1b: Aqua Necklace|Basculegion, L50, M, shiny|66/100|[from] Parting Shot\n|\n|-weather|RainDance|[upkeep]\n|upkeep\n|\n|t:|1776474815\n|switch|p1a: Pearl Jam|Incineroar, L50, F, shiny|24/100\n|-ability|p1a: Pearl Jam|Intimidate|boost\n|-unboost|p2a: Feraligatr|atk|1\n|-unboost|p2b: Farigiraf|atk|1\n|turn|5\n|\n|t:|1776474830\n|move|p2b: Farigiraf|Psychic|p1b: Aqua Necklace\n|-damage|p1b: Aqua Necklace|0 fnt\n|faint|p1b: Aqua Necklace\n|move|p2a: Feraligatr|Liquidation|p1a: Pearl Jam\n|-supereffective|p1a: Pearl Jam|1\n|-damage|p1a: Pearl Jam|0 fnt\n|faint|p1a: Pearl Jam\n|\n|win|areestoo\n|raw|The boy savior's rating: 1342 &rarr; <strong>1321</strong><br />(-21 for losing)\n|raw|areestoo's rating: 1325 &rarr; <strong>1346</strong><br />(+21 for winning)\n",
  "uploadtime": 1776474831,
  "views": 43,
  "formatid": "gen9championsvgc2026regma",
  "rating": 1321,
  "private": 0,
  "password": null
}