{
  "id": "gen9championsvgc2026regma-2581000794",
  "format": "[Gen 9 Champions] VGC 2026 Reg M-A",
  "players": [
    "skibidionthewall",
    "InferableWheat"
  ],
  "log": "|j|\u2606skibidionthewall\n|j|\u2606InferableWheat\n|t:|1775950541\n|gametype|doubles\n|player|p1|skibidionthewall|1|1076\n|player|p2|InferableWheat|hilda|1035\n|gen|9\n|tier|[Gen 9 Champions] VGC 2026 Reg M-A\n|rated|\n|rule|Species Clause: Limit one of each Pok\u00e9mon\n|rule|Item Clause: Limit 1 of each item\n|clearpoke\n|poke|p1|Floette-Eternal, L50, F|\n|poke|p1|Whimsicott, L50, M|\n|poke|p1|Tyranitar, L50, M|\n|poke|p1|Orthworm, L50, M|\n|poke|p1|Incineroar, L50, F|\n|poke|p1|Excadrill, L50, F|\n|poke|p2|Incineroar, L50, F|\n|poke|p2|Sinistcha, L50|\n|poke|p2|Tyranitar, L50, M|\n|poke|p2|Gengar, L50, F|\n|poke|p2|Kingambit, L50, M|\n|poke|p2|Kommo-o, L50, F|\n|teampreview|4\n|inactive|Battle timer is ON: inactive players will automatically lose when time's up. (requested by skibidionthewall)\n|inactive|skibidionthewall has 60 seconds left.\n|inactive|InferableWheat has 60 seconds left.\n|\n|t:|1775950586\n|teamsize|p1|4\n|teamsize|p2|4\n|start\n|switch|p1a: ultimate weapon|Floette-Eternal, L50, F|100/100\n|switch|p1b: chaos control|Whimsicott, L50, M|100/100\n|switch|p2a: Tyranitar|Tyranitar, L50, M|100/100\n|switch|p2b: Kommo-o|Kommo-o, L50, F|100/100\n|-weather|Sandstorm|[from] ability: Sand Stream|[of] p2a: Tyranitar\n|turn|1\n|inactive|InferableWheat has 30 seconds left.\n|c|\u2606skibidionthewall|big boom\n|\n|t:|1775950620\n|detailschange|p1a: ultimate weapon|Floette-Mega, L50, F\n|-mega|p1a: ultimate weapon|Floette|Floettite\n|-ability|p1a: ultimate weapon|Fairy Aura\n|move|p2b: Kommo-o|Protect|p2b: Kommo-o\n|-singleturn|p2b: Kommo-o|Protect\n|move|p1b: chaos control|Tailwind|p1b: chaos control\n|-sidestart|p1: skibidionthewall|move: Tailwind\n|move|p1a: ultimate weapon|Dazzling Gleam|p2b: Kommo-o|[spread] p2a\n|-activate|p2b: Kommo-o|move: Protect\n|-supereffective|p2a: Tyranitar|1\n|-damage|p2a: Tyranitar|33/100\n|move|p2a: Tyranitar|Stone Edge|p1a: ultimate weapon\n|-damage|p1a: ultimate weapon|23/100\n|\n|-weather|Sandstorm|[upkeep]\n|-damage|p1a: ultimate weapon|17/100|[from] Sandstorm\n|-damage|p1b: chaos control|95/100|[from] Sandstorm\n|-damage|p2b: Kommo-o|95/100|[from] Sandstorm\n|-heal|p2b: Kommo-o|100/100|[from] item: Leftovers\n|upkeep\n|turn|2\n|inactive|InferableWheat has 30 seconds left.\n|\n|t:|1775950653\n|switch|p2b: Sinistcha|Sinistcha, L50|100/100\n|-heal|p2a: Tyranitar|58/100|[from] ability: Hospitality|[of] p2b: Sinistcha\n|move|p1b: chaos control|Helping Hand|p1a: ultimate weapon\n|-singleturn|p1a: ultimate weapon|Helping Hand|[of] p1b: chaos control\n|move|p1a: ultimate weapon|Dazzling Gleam|p2a: Tyranitar|[spread] p2a,p2b\n|-supereffective|p2a: Tyranitar|1\n|-damage|p2a: Tyranitar|0 fnt\n|-damage|p2b: Sinistcha|32/100\n|-enditem|p2b: Sinistcha|Sitrus Berry|[eat]\n|-heal|p2b: Sinistcha|57/100|[from] item: Sitrus Berry\n|faint|p2a: Tyranitar\n|\n|-weather|Sandstorm|[upkeep]\n|-damage|p1a: ultimate weapon|11/100|[from] Sandstorm\n|-damage|p1b: chaos control|89/100|[from] Sandstorm\n|-damage|p2b: Sinistcha|51/100|[from] Sandstorm\n|upkeep\n|\n|t:|1775950673\n|switch|p2a: Gengar|Gengar, L50, F|100/100\n|turn|3\n|\n|t:|1775950689\n|detailschange|p2a: Gengar|Gengar-Mega, L50, F\n|-mega|p2a: Gengar|Gengar|Gengarite\n|move|p1b: chaos control|Helping Hand|p1a: ultimate weapon\n|-singleturn|p1a: ultimate weapon|Helping Hand|[of] p1b: chaos control\n|move|p2a: Gengar|Protect|p2a: Gengar\n|-singleturn|p2a: Gengar|Protect\n|move|p1a: ultimate weapon|Dazzling Gleam|p2b: Sinistcha|[spread] p2b\n|-activate|p2a: Gengar|move: Protect\n|-damage|p2b: Sinistcha|0 fnt\n|faint|p2b: Sinistcha\n|\n|-weather|Sandstorm|[upkeep]\n|-damage|p1a: ultimate weapon|5/100|[from] Sandstorm\n|-damage|p1b: chaos control|83/100|[from] Sandstorm\n|-damage|p2a: Gengar|95/100|[from] Sandstorm\n|upkeep\n|\n|t:|1775950705\n|switch|p2b: Kommo-o|Kommo-o, L50, F|100/100\n|turn|4\n|\n|t:|1775950716\n|move|p1b: chaos control|Helping Hand|p1a: ultimate weapon\n|-singleturn|p1a: ultimate weapon|Helping Hand|[of] p1b: chaos control\n|move|p2b: Kommo-o|Protect|p2b: Kommo-o\n|-singleturn|p2b: Kommo-o|Protect\n|move|p1a: ultimate weapon|Dazzling Gleam|p2b: Kommo-o|[spread] p2a\n|-activate|p2b: Kommo-o|move: Protect\n|-resisted|p2a: Gengar|1\n|-damage|p2a: Gengar|49/100\n|move|p2a: Gengar|Substitute|p2a: Gengar\n|-start|p2a: Gengar|Substitute\n|-damage|p2a: Gengar|24/100\n|\n|-weather|Sandstorm|[upkeep]\n|-damage|p1a: ultimate weapon|0 fnt|[from] Sandstorm\n|-damage|p1b: chaos control|77/100|[from] Sandstorm\n|-damage|p2a: Gengar|18/100|[from] Sandstorm\n|-damage|p2b: Kommo-o|95/100|[from] Sandstorm\n|faint|p1a: ultimate weapon\n|-heal|p2b: Kommo-o|100/100|[from] item: Leftovers\n|-sideend|p1: skibidionthewall|move: Tailwind\n|upkeep\n|\n|t:|1775950732\n|switch|p1a: the goat|Incineroar, L50, F|100/100\n|-ability|p1a: the goat|Intimidate|boost\n|-immune|p2a: Gengar\n|-unboost|p2b: Kommo-o|atk|1\n|turn|5\n|\n|t:|1775950747\n|move|p2b: Kommo-o|Protect||[still]\n|-fail|p2b: Kommo-o\n|move|p1b: chaos control|Tailwind|p1b: chaos control\n|-sidestart|p1: skibidionthewall|move: Tailwind\n|move|p2a: Gengar|Perish Song|p2a: Gengar\n|-start|p1a: the goat|perish3|[silent]\n|-start|p1b: chaos control|perish3|[silent]\n|-start|p2a: Gengar|perish3|[silent]\n|-immune|p2b: Kommo-o|[from] ability: Soundproof\n|-fieldactivate|move: Perish Song\n|move|p1a: the goat|Throat Chop|p2b: Kommo-o\n|-resisted|p2b: Kommo-o|1\n|-damage|p2b: Kommo-o|83/100\n|-start|p2b: Kommo-o|Throat Chop|[silent]\n|\n|-weather|none\n|-heal|p2b: Kommo-o|89/100|[from] item: Leftovers\n|-start|p1b: chaos control|perish3\n|-start|p2a: Gengar|perish3\n|-start|p1a: the goat|perish3\n|upkeep\n|turn|6\n|c|\u2606skibidionthewall|really\n|c|\u2606skibidionthewall|perish\n|c|\u2606skibidionthewall|alr\n|inactive|skibidionthewall has 30 seconds left.\n|inactive|InferableWheat has 30 seconds left.\n|\n|t:|1775950779\n|move|p1b: chaos control|Dazzling Gleam|p2a: Gengar|[spread] p2a,p2b\n|-resisted|p2a: Gengar|1\n|-activate|p2a: Gengar|move: Substitute|[damage]\n|-supereffective|p2b: Kommo-o|2\n|-damage|p2b: Kommo-o|8/100\n|move|p2a: Gengar|Shadow Ball|p1b: chaos control\n|-damage|p1b: chaos control|27/100\n|move|p1a: the goat|Throat Chop|p2a: Gengar\n|-supereffective|p2a: Gengar|1\n|-end|p2a: Gengar|Substitute\n|move|p2b: Kommo-o|Aura Sphere|p1a: the goat\n|-supereffective|p1a: the goat|1\n|-enditem|p1a: the goat|Chople Berry|[eat]\n|-enditem|p1a: the goat|Chople Berry|[weaken]\n|-damage|p1a: the goat|66/100\n|\n|-heal|p2b: Kommo-o|14/100|[from] item: Leftovers\n|-end|p2b: Kommo-o|Throat Chop|[silent]\n|-start|p1b: chaos control|perish2\n|-start|p2a: Gengar|perish2\n|-start|p1a: the goat|perish2\n|upkeep\n|turn|7\n|\n|t:|1775950802\n|move|p2a: Gengar|Protect|p2a: Gengar\n|-singleturn|p2a: Gengar|Protect\n|move|p2b: Kommo-o|Protect|p2b: Kommo-o\n|-singleturn|p2b: Kommo-o|Protect\n|move|p1b: chaos control|Dazzling Gleam|p2b: Kommo-o|[spread] \n|-activate|p2a: Gengar|move: Protect\n|-activate|p2b: Kommo-o|move: Protect\n|move|p1a: the goat|Throat Chop|p2a: Gengar\n|-activate|p2a: Gengar|move: Protect\n|\n|-heal|p2b: Kommo-o|20/100|[from] item: Leftovers\n|-start|p1b: chaos control|perish1\n|-start|p2a: Gengar|perish1\n|-start|p1a: the goat|perish1\n|upkeep\n|turn|8\n|\n|t:|1775950821\n|move|p2a: Gengar|Protect||[still]\n|-fail|p2a: Gengar\n|move|p2b: Kommo-o|Protect||[still]\n|-fail|p2b: Kommo-o\n|move|p1b: chaos control|Dazzling Gleam|p2a: Gengar|[spread] p2a,p2b\n|-resisted|p2a: Gengar|1\n|-supereffective|p2b: Kommo-o|2\n|-damage|p2a: Gengar|8/100\n|-damage|p2b: Kommo-o|0 fnt\n|faint|p2b: Kommo-o\n|move|p1a: the goat|Throat Chop|p2a: Gengar\n|-supereffective|p2a: Gengar|1\n|-damage|p2a: Gengar|0 fnt\n|faint|p2a: Gengar\n|\n|win|skibidionthewall\n|raw|skibidionthewall's rating: 1076 &rarr; <strong>1101</strong><br />(+25 for winning)\n|raw|InferableWheat's rating: 1035 &rarr; <strong>1022</strong><br />(-13 for losing)\n|c|\u2606skibidionthewall|yayy\n|l|\u2606InferableWheat\n|player|p2|\n",
  "uploadtime": 1775950842,
  "views": 20,
  "formatid": "gen9championsvgc2026regma",
  "rating": 1022,
  "private": 0,
  "password": null
}