{
  "id": "gen9championsvgc2026regma-2584946353",
  "format": "[Gen 9 Champions] VGC 2026 Reg M-A",
  "players": [
    "unknownscud",
    "rated_noob"
  ],
  "log": "|j|\u2606unknownscud\n|j|\u2606rated_noob\n|t:|1776297036\n|gametype|doubles\n|player|p1|unknownscud|1|1031\n|player|p2|rated_noob|miku-ghost|1078\n|gen|9\n|tier|[Gen 9 Champions] VGC 2026 Reg M-A\n|rated|\n|rule|Species Clause: Limit one of each Pok\u00e9mon\n|rule|Item Clause: Limit 1 of each item\n|clearpoke\n|poke|p1|Froslass, L50, F|\n|poke|p1|Weavile, L50, F|\n|poke|p1|Milotic, L50, M|\n|poke|p1|Meganium, L50, F|\n|poke|p1|Aerodactyl, L50, M|\n|poke|p1|Garchomp, L50, M|\n|poke|p2|Golurk, L50|\n|poke|p2|Farigiraf, L50, M|\n|poke|p2|Hippowdon, L50, M|\n|poke|p2|Steelix, L50, M|\n|poke|p2|Incineroar, L50, M|\n|poke|p2|Sinistcha-Masterpiece, L50|\n|teampreview|4\n|inactive|Battle timer is ON: inactive players will automatically lose when time's up. (requested by rated_noob)\n|inactive|unknownscud has 60 seconds left.\n|inactive|rated_noob has 60 seconds left.\n|\n|t:|1776297068\n|teamsize|p1|4\n|teamsize|p2|4\n|start\n|switch|p1a: Weavile|Weavile, L50, F|100/100\n|switch|p1b: Garchomp|Garchomp, L50, M|100/100\n|switch|p2a: Farigiraf|Farigiraf, L50, M|100/100\n|switch|p2b: Incineroar|Incineroar, L50, M|100/100\n|-ability|p1a: Weavile|Pressure\n|-ability|p2b: Incineroar|Intimidate|boost\n|-unboost|p1a: Weavile|atk|1\n|-unboost|p1b: Garchomp|atk|1\n|turn|1\n|inactive|unknownscud has 30 seconds left.\n|inactive|rated_noob has 30 seconds left.\n|\n|t:|1776297097\n|move|p2b: Incineroar|Fake Out|p1a: Weavile\n|-damage|p1a: Weavile|83/100\n|move|p1b: Garchomp|Crunch|p2a: Farigiraf\n|-supereffective|p2a: Farigiraf|1\n|-damage|p2a: Farigiraf|58/100\n|cant|p1a: Weavile|flinch\n|move|p2a: Farigiraf|Trick Room|p2a: Farigiraf\n|-fieldstart|move: Trick Room|[of] p2a: Farigiraf\n|\n|upkeep\n|turn|2\n|inactive|unknownscud has 30 seconds left.\n|\n|t:|1776297127\n|switch|p1b: Milotic|Milotic, L50, M|100/100\n|move|p2a: Farigiraf|Protect|p2a: Farigiraf\n|-singleturn|p2a: Farigiraf|Protect\n|move|p1a: Weavile|Protect|p1a: Weavile\n|-singleturn|p1a: Weavile|Protect\n|move|p2b: Incineroar|Will-O-Wisp|p1b: Milotic\n|-status|p1b: Milotic|brn\n|\n|-damage|p1b: Milotic|95/100 brn|[from] brn\n|upkeep\n|turn|3\n|\n|t:|1776297147\n|switch|p2a: Hippowdon|Hippowdon, L50, M|100/100\n|-weather|Sandstorm|[from] ability: Sand Stream|[of] p2a: Hippowdon\n|move|p2b: Incineroar|Will-O-Wisp|p1a: Weavile\n|-status|p1a: Weavile|brn\n|move|p1b: Milotic|Scald|p2b: Incineroar\n|-supereffective|p2b: Incineroar|1\n|-damage|p2b: Incineroar|49/100\n|-enditem|p2b: Incineroar|Sitrus Berry|[eat]\n|-heal|p2b: Incineroar|74/100|[from] item: Sitrus Berry\n|move|p1a: Weavile|Knock Off|p2a: Hippowdon\n|-damage|p2a: Hippowdon|89/100\n|-enditem|p2a: Hippowdon|Leftovers|[from] move: Knock Off|[of] p1a: Weavile\n|\n|-weather|Sandstorm|[upkeep]\n|-damage|p2b: Incineroar|68/100|[from] Sandstorm\n|-damage|p1b: Milotic|89/100 brn|[from] Sandstorm\n|-damage|p1a: Weavile|76/100 brn|[from] Sandstorm\n|-heal|p1b: Milotic|95/100 brn|[from] item: Leftovers\n|-damage|p1b: Milotic|89/100 brn|[from] brn\n|-damage|p1a: Weavile|70/100 brn|[from] brn\n|upkeep\n|turn|4\n|inactive|unknownscud has 30 seconds left.\n|inactive|unknownscud has 20 seconds left.\n|\n|t:|1776297184\n|switch|p1b: Meganium|Meganium, L50, F|100/100\n|move|p1a: Weavile|Protect|p1a: Weavile\n|-singleturn|p1a: Weavile|Protect\n|move|p2a: Hippowdon|Curse|p2a: Hippowdon\n|-unboost|p2a: Hippowdon|spe|1\n|-boost|p2a: Hippowdon|atk|1\n|-boost|p2a: Hippowdon|def|1\n|move|p2b: Incineroar|Flare Blitz|p1a: Weavile\n|-activate|p1a: Weavile|move: Protect\n|\n|-weather|Sandstorm|[upkeep]\n|-damage|p2b: Incineroar|62/100|[from] Sandstorm\n|-damage|p1b: Meganium|95/100|[from] Sandstorm\n|-damage|p1a: Weavile|64/100 brn|[from] Sandstorm\n|-damage|p1a: Weavile|58/100 brn|[from] brn\n|upkeep\n|turn|5\n|inactive|unknownscud has 30 seconds left.\n|\n|t:|1776297216\n|switch|p1a: Milotic|Milotic, L50, M|89/100 brn\n|detailschange|p1b: Meganium|Meganium-Mega, L50, F\n|-mega|p1b: Meganium|Meganium|Meganiumite\n|move|p1b: Meganium|Protect|p1b: Meganium\n|-singleturn|p1b: Meganium|Protect\n|move|p2a: Hippowdon|Curse|p2a: Hippowdon\n|-unboost|p2a: Hippowdon|spe|1\n|-boost|p2a: Hippowdon|atk|1\n|-boost|p2a: Hippowdon|def|1\n|move|p2b: Incineroar|Parting Shot|p1b: Meganium\n|-activate|p1b: Meganium|move: Protect\n|\n|-weather|Sandstorm|[upkeep]\n|-damage|p2b: Incineroar|57/100|[from] Sandstorm\n|-damage|p1a: Milotic|83/100 brn|[from] Sandstorm\n|-damage|p1b: Meganium|89/100|[from] Sandstorm\n|-heal|p1a: Milotic|89/100 brn|[from] item: Leftovers\n|-damage|p1a: Milotic|83/100 brn|[from] brn\n|-fieldend|move: Trick Room\n|upkeep\n|turn|6\n|\n|t:|1776297241\n|move|p1b: Meganium|Solar Beam||[still]\n|-prepare|p1b: Meganium|Solar Beam\n|-activate|p1b: Meganium|ability: Mega Sol\n|-anim|p1b: Meganium|Solar Beam|p2a: Hippowdon\n|-supereffective|p2a: Hippowdon|1\n|-damage|p2a: Hippowdon|0 fnt\n|faint|p2a: Hippowdon\n|move|p1a: Milotic|Scald|p2b: Incineroar\n|-supereffective|p2b: Incineroar|1\n|-damage|p2b: Incineroar|9/100\n|move|p2b: Incineroar|Parting Shot|p1b: Meganium\n|-unboost|p1b: Meganium|atk|1\n|-unboost|p1b: Meganium|spa|1\n|\n|t:|1776297254\n|switch|p2b: Farigiraf|Farigiraf, L50, M|58/100|[from] Parting Shot\n|\n|-weather|Sandstorm|[upkeep]\n|-damage|p1b: Meganium|83/100|[from] Sandstorm\n|-damage|p1a: Milotic|77/100 brn|[from] Sandstorm\n|-damage|p2b: Farigiraf|52/100|[from] Sandstorm\n|-heal|p1a: Milotic|83/100 brn|[from] item: Leftovers\n|-damage|p1a: Milotic|77/100 brn|[from] brn\n|upkeep\n|\n|t:|1776297264\n|switch|p2a: Incineroar|Incineroar, L50, M|9/100\n|-ability|p2a: Incineroar|Intimidate|boost\n|-unboost|p1a: Milotic|atk|1\n|-ability|p1a: Milotic|Competitive|boost\n|-boost|p1a: Milotic|spa|2\n|-unboost|p1b: Meganium|atk|1\n|turn|7\n|\n|t:|1776297280\n|switch|p1b: Garchomp|Garchomp, L50, M|100/100\n|switch|p1a: Weavile|Weavile, L50, F|58/100 brn\n|-ability|p1a: Weavile|Pressure\n|move|p2a: Incineroar|Fake Out|p1a: Weavile\n|-damage|p1a: Weavile|41/100 brn\n|move|p2b: Farigiraf|Trick Room|p2b: Farigiraf\n|-fieldstart|move: Trick Room|[of] p2b: Farigiraf\n|\n|-weather|none\n|-damage|p1a: Weavile|35/100 brn|[from] brn\n|upkeep\n|turn|8\n|\n|t:|1776297297\n|move|p1a: Weavile|Protect|p1a: Weavile\n|-singleturn|p1a: Weavile|Protect\n|move|p2b: Farigiraf|Hyper Voice|p1a: Weavile|[spread] p1b\n|-activate|p1a: Weavile|move: Protect\n|-damage|p1b: Garchomp|74/100\n|move|p2a: Incineroar|Will-O-Wisp|p1b: Garchomp\n|-status|p1b: Garchomp|brn\n|move|p1b: Garchomp|Earthquake|p2a: Incineroar|[spread] p2a,p2b\n|-activate|p1a: Weavile|move: Protect\n|-supereffective|p2a: Incineroar|1\n|-crit|p2a: Incineroar\n|-damage|p2a: Incineroar|0 fnt\n|-damage|p2b: Farigiraf|29/100\n|faint|p2a: Incineroar\n|\n|-damage|p1a: Weavile|29/100 brn|[from] brn\n|-damage|p1b: Garchomp|68/100 brn|[from] brn\n|upkeep\n|\n|t:|1776297307\n|switch|p2a: Golurk|Golurk, L50, shiny|100/100\n|turn|9\n|inactive|unknownscud has 30 seconds left.\n|\n|t:|1776297338\n|switch|p1a: Milotic|Milotic, L50, M|77/100 brn\n|switch|p1b: Meganium|Meganium-Mega, L50, F|83/100\n|detailschange|p2a: Golurk|Golurk-Mega, L50, shiny\n|-mega|p2a: Golurk|Golurk|Golurkite\n|move|p2a: Golurk|Phantom Force||[still]\n|-prepare|p2a: Golurk|Phantom Force\n|move|p2b: Farigiraf|Hyper Voice|p1b: Meganium|[spread] p1a,p1b\n|-damage|p1a: Milotic|60/100 brn\n|-damage|p1b: Meganium|55/100\n|\n|-heal|p1a: Milotic|66/100 brn|[from] item: Leftovers\n|-damage|p1a: Milotic|60/100 brn|[from] brn\n|upkeep\n|turn|10\n|inactive|unknownscud has 30 seconds left.\n|\n|t:|1776297365\n|move|p2a: Golurk|Phantom Force|p1b: Meganium|[from] lockedmove\n|-damage|p1b: Meganium|0 fnt\n|faint|p1b: Meganium\n|move|p2b: Farigiraf|Hyper Voice|p1a: Milotic\n|-damage|p1a: Milotic|37/100 brn\n|move|p1a: Milotic|Scald|p2a: Golurk\n|-supereffective|p2a: Golurk|1\n|-damage|p2a: Golurk|45/100\n|\n|-heal|p1a: Milotic|43/100 brn|[from] item: Leftovers\n|-damage|p1a: Milotic|37/100 brn|[from] brn\n|upkeep\n|\n|t:|1776297371\n|switch|p1b: Garchomp|Garchomp, L50, M|68/100 brn\n|turn|11\n|inactive|rated_noob has 30 seconds left.\n|inactive|rated_noob has 20 seconds left.\n|inactive|rated_noob has 15 seconds left.\n|inactive|rated_noob has 10 seconds left.\n|\n|t:|1776297417\n|move|p1a: Milotic|Protect|p1a: Milotic\n|-singleturn|p1a: Milotic|Protect\n|move|p2a: Golurk|Drain Punch|p1a: Milotic\n|-ability|p2a: Golurk|Unseen Fist\n|-zbroken|p1a: Milotic\n|-damage|p1a: Milotic|27/100 brn\n|-heal|p2a: Golurk|50/100|[from] drain|[of] p1a: Milotic\n|move|p2b: Farigiraf|Hyper Voice|p1b: Garchomp|[spread] p1b\n|-activate|p1a: Milotic|move: Protect\n|-damage|p1b: Garchomp|41/100 brn\n|move|p1b: Garchomp|Crunch|p2a: Golurk\n|-supereffective|p2a: Golurk|1\n|-damage|p2a: Golurk|21/100\n|\n|-heal|p1a: Milotic|33/100 brn|[from] item: Leftovers\n|-damage|p1a: Milotic|27/100 brn|[from] brn\n|-damage|p1b: Garchomp|35/100 brn|[from] brn\n|-fieldend|move: Trick Room\n|upkeep\n|turn|12\n|inactive|unknownscud has 30 seconds left.\n|\n|t:|1776297444\n|move|p2a: Golurk|Protect|p2a: Golurk\n|-singleturn|p2a: Golurk|Protect\n|move|p1b: Garchomp|Crunch|p2b: Farigiraf\n|-supereffective|p2b: Farigiraf|1\n|-damage|p2b: Farigiraf|0 fnt\n|faint|p2b: Farigiraf\n|move|p1a: Milotic|Scald|p2a: Golurk\n|-activate|p2a: Golurk|move: Protect\n|\n|-heal|p1a: Milotic|33/100 brn|[from] item: Leftovers\n|-damage|p1b: Garchomp|29/100 brn|[from] brn\n|-damage|p1a: Milotic|27/100 brn|[from] brn\n|upkeep\n|turn|13\n|\n|t:|1776297458\n|move|p1b: Garchomp|Crunch|p2a: Golurk\n|-supereffective|p2a: Golurk|1\n|-damage|p2a: Golurk|0 fnt\n|faint|p2a: Golurk\n|\n|win|unknownscud\n|raw|unknownscud's rating: 1031 &rarr; <strong>1071</strong><br />(+40 for winning)\n|raw|rated_noob's rating: 1078 &rarr; <strong>1053</strong><br />(-25 for losing)\n|l|\u2606rated_noob\n|player|p2|\n|n|\u2606unknownscud|unknownscud\n|l|\u2606unknownscud\n|player|p1|\n|j|\u2606unknownscud\n|player|p1|unknownscud|1|\n|l|\u2606unknownscud\n|player|p1|\n|j|\u2606unknownscud\n|player|p1|unknownscud|1|\n|l|\u2606unknownscud\n|player|p1|\n|j|\u2606unknownscud\n|player|p1|unknownscud|1|\n|l|\u2606unknownscud\n|player|p1|\n|j|\u2606unknownscud\n|player|p1|unknownscud|1|\n|l|\u2606unknownscud\n|player|p1|\n|j|\u2606unknownscud\n|player|p1|unknownscud|1|\n|n|\u2606unknownscud|unknownscud\n",
  "uploadtime": 1776298335,
  "views": 24,
  "formatid": "gen9championsvgc2026regma",
  "rating": 1053,
  "private": 0,
  "password": null
}