{
  "id": "gen9championsvgc2026regma-2585219569",
  "format": "[Gen 9 Champions] VGC 2026 Reg M-A",
  "players": [
    "loklastaji",
    "jakeyyekaj"
  ],
  "log": "|j|\u2606loklastaji\n|j|\u2606jakeyyekaj\n|t:|1776326453\n|gametype|doubles\n|player|p1|loklastaji|102|1210\n|player|p2|jakeyyekaj|n|1175\n|gen|9\n|tier|[Gen 9 Champions] VGC 2026 Reg M-A\n|rated|\n|rule|Species Clause: Limit one of each Pok\u00e9mon\n|rule|Item Clause: Limit 1 of each item\n|clearpoke\n|poke|p1|Samurott-Hisui, L50, M|\n|poke|p1|Delphox, L50, M|\n|poke|p1|Tinkaton, L50, F|\n|poke|p1|Decidueye-Hisui, L50, M|\n|poke|p1|Dragonite, L50, F|\n|poke|p1|Farigiraf, L50, F|\n|poke|p2|Charizard, L50, F|\n|poke|p2|Venusaur, L50, F|\n|poke|p2|Sneasler, L50, F|\n|poke|p2|Garchomp, L50, F|\n|poke|p2|Farigiraf, L50, M|\n|poke|p2|Kingambit, L50, M|\n|teampreview|4\n|inactive|Battle timer is ON: inactive players will automatically lose when time's up. (requested by jakeyyekaj)\n|\n|t:|1776326494\n|teamsize|p1|4\n|teamsize|p2|4\n|start\n|switch|p1a: Farigiraf|Farigiraf, L50, F|100/100\n|switch|p1b: Decidueye|Decidueye-Hisui, L50, M|100/100\n|switch|p2a: Spitfire|Charizard, L50, F, shiny|100/100\n|switch|p2b: Venus|Venusaur, L50, F, shiny|100/100\n|turn|1\n|inactive|loklastaji has 30 seconds left.\n|\n|t:|1776326522\n|detailschange|p2a: Spitfire|Charizard-Mega-Y, L50, F, shiny\n|-mega|p2a: Spitfire|Charizard|Charizardite Y\n|-weather|SunnyDay|[from] ability: Drought|[of] p2a: Spitfire\n|move|p2b: Venus|Sleep Powder|p1a: Farigiraf\n|-status|p1a: Farigiraf|slp|[from] move: Sleep Powder\n|move|p1b: Decidueye|Brave Bird|p2b: Venus\n|-supereffective|p2b: Venus|1\n|-enditem|p2b: Venus|Focus Sash\n|-damage|p2b: Venus|1/100\n|-damage|p1b: Decidueye|69/100|[from] Recoil\n|move|p2a: Spitfire|Heat Wave|p1b: Decidueye|[spread] p1a,p1b\n|-supereffective|p1b: Decidueye|1\n|-damage|p1a: Farigiraf|34/100 slp\n|-damage|p1b: Decidueye|0 fnt\n|faint|p1b: Decidueye\n|cant|p1a: Farigiraf|slp\n|\n|-weather|SunnyDay|[upkeep]\n|upkeep\n|\n|t:|1776326541\n|switch|p1b: Delphox|Delphox, L50, M|100/100\n|turn|2\n|\n|t:|1776326556\n|detailschange|p1b: Delphox|Delphox-Mega, L50, M\n|-mega|p1b: Delphox|Delphox|Delphoxite\n|move|p2b: Venus|Protect|p2b: Venus\n|-singleturn|p2b: Venus|Protect\n|cant|p1a: Farigiraf|slp\n|move|p1b: Delphox|Heat Wave|p2a: Spitfire|[spread] p2a\n|-activate|p2b: Venus|move: Protect\n|-resisted|p2a: Spitfire|1\n|-damage|p2a: Spitfire|65/100\n|move|p2a: Spitfire|Heat Wave|p1b: Delphox|[spread] p1a,p1b\n|-resisted|p1b: Delphox|1\n|-damage|p1a: Farigiraf|0 fnt\n|-damage|p1b: Delphox|66/100\n|faint|p1a: Farigiraf\n|\n|-weather|SunnyDay|[upkeep]\n|upkeep\n|\n|t:|1776326573\n|switch|p1a: Samurott|Samurott-Hisui, L50, M|100/100\n|turn|3\n|\n|t:|1776326585\n|move|p1a: Samurott|Sucker Punch|p2a: Spitfire\n|-crit|p2a: Spitfire\n|-damage|p2a: Spitfire|0 fnt\n|faint|p2a: Spitfire\n|move|p2b: Venus|Sleep Powder|p1b: Delphox\n|-status|p1b: Delphox|slp|[from] move: Sleep Powder\n|cant|p1b: Delphox|slp\n|\n|-weather|SunnyDay|[upkeep]\n|upkeep\n|\n|t:|1776326593\n|switch|p2a: Kingamble|Kingambit, L50, M|100/100\n|turn|4\n|\n|t:|1776326607\n|move|p2b: Venus|Protect|p2b: Venus\n|-singleturn|p2b: Venus|Protect\n|cant|p1b: Delphox|slp\n|move|p1a: Samurott|Sacred Sword|p2a: Kingamble\n|-supereffective|p2a: Kingamble|2\n|-damage|p2a: Kingamble|0 fnt\n|faint|p2a: Kingamble\n|\n|-weather|SunnyDay|[upkeep]\n|upkeep\n|\n|t:|1776326616\n|switch|p2a: Sahara|Garchomp, L50, F, shiny|100/100\n|turn|5\n|-message|jakeyyekaj forfeited.\n|\n|win|loklastaji\n|raw|loklastaji's rating: 1210 &rarr; <strong>1232</strong><br />(+22 for winning)\n|raw|jakeyyekaj's rating: 1175 &rarr; <strong>1153</strong><br />(-22 for losing)\n|l|\u2606jakeyyekaj\n|player|p2|\n",
  "uploadtime": 1776326626,
  "views": 23,
  "formatid": "gen9championsvgc2026regma",
  "rating": 1153,
  "private": 0,
  "password": null
}