{
  "id": "gen9championsvgc2026regma-2582827081",
  "format": "[Gen 9 Champions] VGC 2026 Reg M-A",
  "players": [
    "mkugmrs_guest",
    "shibarita"
  ],
  "log": "|j|\u2606mkugmrs_guest\n|j|\u2606shibarita\n|t:|1776117121\n|gametype|doubles\n|player|p1|mkugmrs_guest|265|1000\n|player|p2|shibarita|2|1029\n|gen|9\n|tier|[Gen 9 Champions] VGC 2026 Reg M-A\n|rated|\n|rule|Species Clause: Limit one of each Pok\u00e9mon\n|rule|Item Clause: Limit 1 of each item\n|clearpoke\n|poke|p1|Alakazam, L50, F|\n|poke|p1|Crabominable, L50, F|\n|poke|p1|Pelipper, L50, F|\n|poke|p1|Scizor, L50, F|\n|poke|p1|Basculegion, L50, M|\n|poke|p1|Snorlax, L50, F|\n|poke|p2|Dragonite, L50, M|\n|poke|p2|Pelipper, L50, F|\n|poke|p2|Basculegion, L50, M|\n|poke|p2|Archaludon, L50, F|\n|poke|p2|Tsareena, L50, F|\n|poke|p2|Sableye, L50, M|\n|teampreview|4\nmkugmrs_guest rejected open team sheets.\n|inactive|Battle timer is ON: inactive players will automatically lose when time's up. (requested by shibarita)\n|\n|t:|1776117198\n|teamsize|p1|4\n|teamsize|p2|4\n|start\n|switch|p1a: Crabominable|Crabominable, L50, F, shiny|100/100\n|switch|p1b: Snorlax|Snorlax, L50, F|100/100\n|switch|p2a: Dragonite|Dragonite, L50, M|100/100\n|switch|p2b: Pelipper|Pelipper, L50, F|100/100\n|-weather|RainDance|[from] ability: Drizzle|[of] p2b: Pelipper\n|turn|1\n|inactive|shibarita has 30 seconds left.\n|\n|t:|1776117227\n|switch|p2b: Basculegion|Basculegion, L50, M, shiny|100/100\n|detailschange|p1a: Crabominable|Crabominable-Mega, L50, F, shiny\n|-mega|p1a: Crabominable|Crabominable|Crabominite\n|move|p2a: Dragonite|Protect|p2a: Dragonite\n|-singleturn|p2a: Dragonite|Protect\n|move|p1a: Crabominable|Protect|p1a: Crabominable\n|-singleturn|p1a: Crabominable|Protect\n|move|p1b: Snorlax|Yawn|p2a: Dragonite\n|-activate|p2a: Dragonite|move: Protect\n|\n|-weather|RainDance|[upkeep]\n|upkeep\n|turn|2\n|\n|t:|1776117250\n|detailschange|p2a: Dragonite|Dragonite-Mega, L50, M\n|-mega|p2a: Dragonite|Dragonite|Dragoninite\n|move|p1b: Snorlax|Helping Hand|p1a: Crabominable\n|-singleturn|p1a: Crabominable|Helping Hand|[of] p1b: Snorlax\n|move|p2b: Basculegion|Wave Crash|p1b: Snorlax\n|-damage|p1b: Snorlax|32/100\n|-damage|p2b: Basculegion|70/100|[from] Recoil\n|move|p2a: Dragonite|Hurricane|p1a: Crabominable\n|-supereffective|p1a: Crabominable|1\n|-damage|p1a: Crabominable|0 fnt\n|faint|p1a: Crabominable\n|\n|-weather|RainDance|[upkeep]\n|-heal|p1b: Snorlax|38/100|[from] item: Leftovers\n|upkeep\n|\n|t:|1776117262\n|switch|p1a: Basculegion|Basculegion, L50, M, shiny|100/100\n|turn|3\n|\n|t:|1776117286\n|move|p1b: Snorlax|Helping Hand|p1a: Basculegion\n|-singleturn|p1a: Basculegion|Helping Hand|[of] p1b: Snorlax\n|move|p2b: Basculegion|Protect|p2b: Basculegion\n|-singleturn|p2b: Basculegion|Protect\n|move|p1a: Basculegion|Scale Shot|p2a: Dragonite\n|-supereffective|p2a: Dragonite|1\n|-damage|p2a: Dragonite|87/100\n|-supereffective|p2a: Dragonite|1\n|-damage|p2a: Dragonite|62/100\n|-supereffective|p2a: Dragonite|1\n|-damage|p2a: Dragonite|37/100\n|-hitcount|p2a: Dragonite|3\n|-unboost|p1a: Basculegion|def|1\n|-boost|p1a: Basculegion|spe|1\n|move|p2a: Dragonite|Thunder|p1a: Basculegion\n|-supereffective|p1a: Basculegion|1\n|-damage|p1a: Basculegion|14/100\n|\n|-weather|RainDance|[upkeep]\n|-heal|p1b: Snorlax|44/100|[from] item: Leftovers\n|upkeep\n|turn|4\n|inactive|mkugmrs_guest has 30 seconds left.\n|inactive|shibarita has 30 seconds left.\n|\n|t:|1776117319\n|move|p2a: Dragonite|Protect|p2a: Dragonite\n|-singleturn|p2a: Dragonite|Protect\n|move|p1a: Basculegion|Last Respects|p2b: Basculegion\n|-supereffective|p2b: Basculegion|1\n|-damage|p2b: Basculegion|0 fnt\n|faint|p2b: Basculegion\n|move|p1b: Snorlax|Rock Slide|p2a: Dragonite\n|-activate|p2a: Dragonite|move: Protect\n|\n|-weather|RainDance|[upkeep]\n|-heal|p1b: Snorlax|50/100|[from] item: Leftovers\n|upkeep\n|\n|t:|1776117325\n|switch|p2b: Pelipper|Pelipper, L50, F|100/100\n|turn|5\n|inactive|mkugmrs_guest has 30 seconds left.\n|\n|t:|1776117355\n|switch|p2a: Sableye|Sableye, L50, M|100/100\n|move|p1a: Basculegion|Last Respects|p2a: Sableye\n|-damage|p2a: Sableye|52/100\n|move|p2b: Pelipper|Tailwind|p2b: Pelipper\n|-sidestart|p2: shibarita|move: Tailwind\n|move|p1b: Snorlax|Yawn|p2b: Pelipper\n|-start|p2b: Pelipper|move: Yawn|[of] p1b: Snorlax\n|\n|-weather|none\n|-heal|p1b: Snorlax|56/100|[from] item: Leftovers\n|upkeep\n|turn|6\n|inactive|shibarita has 30 seconds left.\n|inactive|mkugmrs_guest has 30 seconds left.\n|inactive|shibarita has 20 seconds left.\n|inactive|mkugmrs_guest has 20 seconds left.\n|inactive|shibarita has 15 seconds left.\n|inactive|shibarita has 10 seconds left.\n|\n|t:|1776117408\n|move|p2b: Pelipper|Weather Ball|p1b: Snorlax\n|-damage|p1b: Snorlax|48/100\n|move|p1a: Basculegion|Last Respects|p2a: Sableye\n|-damage|p2a: Sableye|2/100\n|move|p2a: Sableye|Knock Off|p1a: Basculegion\n|-supereffective|p1a: Basculegion|1\n|-damage|p1a: Basculegion|0 fnt\n|-enditem|p1a: Basculegion|Scope Lens|[from] move: Knock Off|[of] p2a: Sableye\n|faint|p1a: Basculegion\n|move|p1b: Snorlax|Rock Slide|p2a: Sableye|[spread] p2a,p2b\n|-supereffective|p2b: Pelipper|1\n|-damage|p2a: Sableye|0 fnt\n|-damage|p2b: Pelipper|74/100\n|faint|p2a: Sableye\n|\n|-heal|p1b: Snorlax|54/100|[from] item: Leftovers\n|-end|p2b: Pelipper|move: Yawn|[silent]\n|-status|p2b: Pelipper|slp\n|upkeep\n|\n|t:|1776117421\n|switch|p1a: Alakazam|Alakazam, L50, F|100/100\n|switch|p2a: Dragonite|Dragonite-Mega, L50, M|37/100\n|turn|7\n|inactive|shibarita has 30 seconds left.\n|\n|t:|1776117448\n|move|p2a: Dragonite|Hurricane|p1a: Alakazam|[miss]\n|-miss|p2a: Dragonite|p1a: Alakazam\n|move|p1a: Alakazam|Light Screen|p1a: Alakazam\n|-sidestart|p1: mkugmrs_guest|move: Light Screen\n|cant|p2b: Pelipper|slp\n|move|p1b: Snorlax|Rock Slide|p2a: Dragonite|[spread] p2a\n|-miss|p1b: Snorlax|p2b: Pelipper\n|-supereffective|p2a: Dragonite|1\n|-damage|p2a: Dragonite|11/100\n|\n|-heal|p1b: Snorlax|60/100|[from] item: Leftovers\n|upkeep\n|turn|8\n|\n|t:|1776117468\n|cant|p2b: Pelipper|slp\n|move|p2a: Dragonite|Hurricane|p1a: Alakazam\n|-damage|p1a: Alakazam|45/100\n|move|p1a: Alakazam|Psychic|p2a: Dragonite\n|-damage|p2a: Dragonite|0 fnt\n|faint|p2a: Dragonite\n|move|p1b: Snorlax|Rock Slide|p2b: Pelipper\n|-supereffective|p2b: Pelipper|1\n|-damage|p2b: Pelipper|41/100 slp\n|-enditem|p2b: Pelipper|Sitrus Berry|[eat]\n|-heal|p2b: Pelipper|65/100 slp|[from] item: Sitrus Berry\n|\n|-heal|p1b: Snorlax|66/100|[from] item: Leftovers\n|-sideend|p2: shibarita|move: Tailwind\n|upkeep\n|turn|9\n|-message|shibarita forfeited.\n|\n|win|mkugmrs_guest\n|raw|mkugmrs_guest's rating: 1000 &rarr; <strong>1043</strong><br />(+43 for winning)\n|raw|shibarita's rating: 1029 &rarr; <strong>1013</strong><br />(-16 for losing)\n|l|\u2606shibarita\n|player|p2|\n",
  "uploadtime": 1776117489,
  "views": 25,
  "formatid": "gen9championsvgc2026regma",
  "rating": 1013,
  "private": 0,
  "password": null
}