{
  "id": "gen9championsvgc2026regma-2585483396",
  "format": "[Gen 9 Champions] VGC 2026 Reg M-A",
  "players": [
    "Gulptubus",
    "Goopin"
  ],
  "log": "|j|\u2606Gulptubus\n|j|\u203dGoopin\n|t:|1776350554\n|gametype|doubles\n|player|p1|Gulptubus|pokemonranger-gen4|1056\n|player|p2|Goopin|169|1014\n|gen|9\n|tier|[Gen 9 Champions] VGC 2026 Reg M-A\n|rated|\n|rule|Species Clause: Limit one of each Pok\u00e9mon\n|rule|Item Clause: Limit 1 of each item\n|clearpoke\n|poke|p1|Tyranitar, L50, F|\n|poke|p1|Aerodactyl, L50, M|\n|poke|p1|Garchomp, L50, M|\n|poke|p1|Incineroar, L50, F|\n|poke|p1|Sinistcha, L50|\n|poke|p1|Milotic, L50, F|\n|poke|p2|Tyranitar, L50, M|\n|poke|p2|Excadrill, L50, F|\n|poke|p2|Garchomp, L50, M|\n|poke|p2|Rotom-Wash, L50|\n|poke|p2|Incineroar, L50, M|\n|poke|p2|Corviknight, L50, M|\n|teampreview|4\nGoopin rejected open team sheets.\n|\n|t:|1776350599\n|teamsize|p1|4\n|teamsize|p2|4\n|start\n|switch|p1a: Aerodactyl|Aerodactyl, L50, M|100/100\n|switch|p1b: Garchomp|Garchomp, L50, M|100/100\n|switch|p2a: Excadrill|Excadrill, L50, F|100/100\n|switch|p2b: Garchomp|Garchomp, L50, M|100/100\n|-ability|p1a: Aerodactyl|Unnerve\n|turn|1\n|\n|t:|1776350615\n|switch|p2a: Tyranitar|Tyranitar, L50, M|100/100\n|-weather|Sandstorm|[from] ability: Sand Stream|[of] p2a: Tyranitar\n|move|p2b: Garchomp|Rock Slide|p1a: Aerodactyl|[spread] p1a,p1b\n|-supereffective|p1a: Aerodactyl|1\n|-resisted|p1b: Garchomp|1\n|-crit|p1b: Garchomp\n|-damage|p1a: Aerodactyl|34/100\n|-damage|p1b: Garchomp|86/100\n|move|p1a: Aerodactyl|Tailwind|p1a: Aerodactyl\n|-sidestart|p1: Gulptubus|move: Tailwind\n|move|p1b: Garchomp|Earthquake|p2a: Tyranitar|[spread] p2a,p2b\n|-immune|p1a: Aerodactyl\n|-supereffective|p2a: Tyranitar|1\n|-damage|p2a: Tyranitar|29/100\n|-damage|p2b: Garchomp|57/100\n|\n|-weather|Sandstorm|[upkeep]\n|upkeep\n|turn|2\n|\n|t:|1776350632\n|move|p1a: Aerodactyl|Rock Slide|p2a: Tyranitar|[spread] p2b\n|-miss|p1a: Aerodactyl|p2a: Tyranitar\n|-resisted|p2b: Garchomp|1\n|-damage|p2b: Garchomp|45/100\n|move|p1b: Garchomp|Earthquake|p2b: Garchomp|[spread] p2a,p2b\n|-immune|p1a: Aerodactyl\n|-supereffective|p2a: Tyranitar|1\n|-damage|p2a: Tyranitar|0 fnt\n|-damage|p2b: Garchomp|5/100\n|faint|p2a: Tyranitar\n|move|p2b: Garchomp|Rock Slide|p1b: Garchomp|[spread] p1a,p1b\n|-supereffective|p1a: Aerodactyl|1\n|-resisted|p1b: Garchomp|1\n|-damage|p1a: Aerodactyl|0 fnt\n|-damage|p1b: Garchomp|77/100\n|faint|p1a: Aerodactyl\n|\n|-weather|Sandstorm|[upkeep]\n|upkeep\n|\n|t:|1776350653\n|switch|p1a: Incineroar|Incineroar, L50, F|100/100\n|switch|p2a: Rotom|Rotom-Wash, L50|100/100\n|-ability|p1a: Incineroar|Intimidate|boost\n|-unboost|p2a: Rotom|atk|1\n|-unboost|p2b: Garchomp|atk|1\n|turn|3\n|\n|t:|1776350665\n|move|p1a: Incineroar|Fake Out|p2a: Rotom\n|-damage|p2a: Rotom|88/100\n|move|p1b: Garchomp|Dragon Claw|p2b: Garchomp\n|-supereffective|p2b: Garchomp|1\n|-damage|p2b: Garchomp|0 fnt\n|faint|p2b: Garchomp\n|cant|p2a: Rotom|flinch\n|\n|-weather|Sandstorm|[upkeep]\n|-damage|p1a: Incineroar|95/100|[from] Sandstorm\n|-damage|p2a: Rotom|83/100|[from] Sandstorm\n|upkeep\n|\n|t:|1776350675\n|switch|p2b: Excadrill|Excadrill, L50, F|100/100\n|turn|4\n|\n|t:|1776350695\n|switch|p1a: Milotic|Milotic, L50, F, shiny|100/100\n|move|p1b: Garchomp|Stomping Tantrum|p2b: Excadrill\n|-supereffective|p2b: Excadrill|1\n|-enditem|p2b: Excadrill|Focus Sash\n|-damage|p2b: Excadrill|1/100\n|move|p2b: Excadrill|Earthquake|p1b: Garchomp|[spread] p1a,p1b\n|-immune|p2a: Rotom|[from] ability: Levitate\n|-damage|p1a: Milotic|62/100\n|-damage|p1b: Garchomp|32/100\n|move|p2a: Rotom|Hydro Pump|p1a: Milotic\n|-resisted|p1a: Milotic|1\n|-damage|p1a: Milotic|45/100\n|\n|-weather|Sandstorm|[upkeep]\n|-damage|p1a: Milotic|39/100|[from] Sandstorm\n|-damage|p2a: Rotom|77/100|[from] Sandstorm\n|-heal|p1a: Milotic|45/100|[from] item: Leftovers\n|-sideend|p1: Gulptubus|move: Tailwind\n|upkeep\n|turn|5\n|\n|t:|1776350715\n|move|p1b: Garchomp|Protect|p1b: Garchomp\n|-singleturn|p1b: Garchomp|Protect\n|move|p1a: Milotic|Protect|p1a: Milotic\n|-singleturn|p1a: Milotic|Protect\n|move|p2b: Excadrill|Iron Head|p1b: Garchomp\n|-activate|p1b: Garchomp|move: Protect\n|move|p2a: Rotom|Thunderbolt|p1a: Milotic\n|-activate|p1a: Milotic|move: Protect\n|\n|-weather|none\n|-heal|p1a: Milotic|51/100|[from] item: Leftovers\n|upkeep\n|turn|6\n|-message|Goopin forfeited.\n|\n|win|Gulptubus\n|raw|Gulptubus's rating: 1056 &rarr; <strong>1084</strong><br />(+28 for winning)\n|raw|Goopin's rating: 1014 &rarr; <strong>1003</strong><br />(-11 for losing)\n|l|\u203dGoopin\n|player|p2|\n",
  "uploadtime": 1776350727,
  "views": 25,
  "formatid": "gen9championsvgc2026regma",
  "rating": 1003,
  "private": 0,
  "password": null
}