{
  "id": "gen9championsvgc2026regma-2584382319",
  "format": "[Gen 9 Champions] VGC 2026 Reg M-A",
  "players": [
    "helmy",
    "SpareMePlz"
  ],
  "log": "|j|\u2606helmy\n|j|\u2606SpareMePlz\n|t:|1776256662\n|gametype|doubles\n|player|p1|helmy|266|1222\n|player|p2|SpareMePlz|169|1272\n|gen|9\n|tier|[Gen 9 Champions] VGC 2026 Reg M-A\n|rated|\n|rule|Species Clause: Limit one of each Pok\u00e9mon\n|rule|Item Clause: Limit 1 of each item\n|clearpoke\n|poke|p1|Tyranitar, L50, M|\n|poke|p1|Glimmora, L50, F|\n|poke|p1|Scizor, L50, M|\n|poke|p1|Kommo-o, L50, F|\n|poke|p1|Whimsicott, L50, M|\n|poke|p1|Zoroark-Hisui, L50, F|\n|poke|p2|Talonflame, L50, F|\n|poke|p2|Kingambit, L50, M|\n|poke|p2|Araquanid, L50, M|\n|poke|p2|Sinistcha, L50|\n|poke|p2|Arcanine-Hisui, L50, F|\n|poke|p2|Floette-Eternal, L50, F|\n|teampreview|4\n|inactive|Battle timer is ON: inactive players will automatically lose when time's up. (requested by helmy)\n|inactive|SpareMePlz has 60 seconds left.\nhelmy has agreed to open team sheets.\n|\n|t:|1776256725\n|teamsize|p1|4\n|teamsize|p2|4\n|start\n|switch|p1a: Kommo-o|Kommo-o, L50, F|100/100\n|switch|p1b: Glimmora|Glimmora, L50, F|100/100\n|switch|p2a: Sinistcha|Sinistcha, L50|100/100\n|switch|p2b: Araquanid|Araquanid, L50, M|100/100\n|turn|1\n|\n|t:|1776256742\n|move|p1b: Glimmora|Power Gem|p2b: Araquanid\n|-supereffective|p2b: Araquanid|1\n|-damage|p2b: Araquanid|31/100\n|move|p1a: Kommo-o|Clangorous Soul|p1a: Kommo-o\n|-boost|p1a: Kommo-o|atk|1\n|-boost|p1a: Kommo-o|def|1\n|-boost|p1a: Kommo-o|spa|1\n|-boost|p1a: Kommo-o|spd|1\n|-boost|p1a: Kommo-o|spe|1\n|-damage|p1a: Kommo-o|68/100\n|move|p2b: Araquanid|Liquidation|p1b: Glimmora\n|-supereffective|p1b: Glimmora|1\n|-damage|p1b: Glimmora|0 fnt\n|-activate|p1b: Glimmora|ability: Toxic Debris\n|-sidestart|p2: SpareMePlz|move: Toxic Spikes\n|faint|p1b: Glimmora\n|move|p2a: Sinistcha|Trick Room|p2a: Sinistcha\n|-fieldstart|move: Trick Room|[of] p2a: Sinistcha\n|\n|-heal|p2b: Araquanid|36/100|[from] item: Leftovers\n|-heal|p1a: Kommo-o|74/100|[from] item: Leftovers\n|upkeep\n|\n|t:|1776256747\n|switch|p1b: Whimsicott|Whimsicott, L50, M|100/100\n|turn|2\n|inactive|SpareMePlz has 30 seconds left.\n|\n|t:|1776256775\n|switch|p2a: Floette|Floette-Eternal, L50, F|100/100\n|-status|p2a: Floette|psn\n|move|p1b: Whimsicott|Encore||[still]\n|-fail|p1b: Whimsicott\n|move|p2b: Araquanid|Liquidation|p1a: Kommo-o\n|-resisted|p1a: Kommo-o|1\n|-damage|p1a: Kommo-o|57/100\n|-unboost|p1a: Kommo-o|def|1\n|move|p1a: Kommo-o|Clanging Scales|p2a: Floette|[spread] p2b\n|-immune|p2a: Floette\n|-damage|p2b: Araquanid|0 fnt\n|faint|p2b: Araquanid\n|-unboost|p1a: Kommo-o|def|1\n|\n|-heal|p1a: Kommo-o|63/100|[from] item: Leftovers\n|-damage|p2a: Floette|88/100 psn|[from] psn\n|upkeep\n|inactive|SpareMePlz has 30 seconds left.\n|\n|t:|1776256802\n|switch|p2b: Sinistcha|Sinistcha, L50|100/100\n|turn|3\n|\n|t:|1776256819\n|detailschange|p2a: Floette|Floette-Mega, L50, F\n|-mega|p2a: Floette|Floette|Floettite\n|-ability|p2a: Floette|Fairy Aura\n|move|p2b: Sinistcha|Rage Powder|p2b: Sinistcha\n|-singleturn|p2b: Sinistcha|move: Rage Powder\n|move|p1b: Whimsicott|Moonblast|p2a: Floette\n|-damage|p2a: Floette|63/100 psn\n|move|p2a: Floette|Dazzling Gleam|p1b: Whimsicott|[spread] p1a,p1b\n|-supereffective|p1a: Kommo-o|2\n|-damage|p1a: Kommo-o|0 fnt\n|-damage|p1b: Whimsicott|41/100\n|-enditem|p1b: Whimsicott|Sitrus Berry|[eat]\n|-heal|p1b: Whimsicott|65/100|[from] item: Sitrus Berry\n|faint|p1a: Kommo-o\n|\n|-damage|p2a: Floette|51/100 psn|[from] psn\n|upkeep\n|\n|t:|1776256829\n|switch|p1a: Scizor|Scizor, L50, M|100/100\n|turn|4\n|\n|t:|1776256850\n|switch|p2a: Kingambit|Kingambit, L50, M|100/100\n|detailschange|p1a: Scizor|Scizor-Mega, L50, M\n|-mega|p1a: Scizor|Scizor|Scizorite\n|move|p1b: Whimsicott|Encore|p2a: Kingambit\n|-hint|Since gen 7, Dark is immune to Prankster moves.\n|-immune|p2a: Kingambit\n|move|p2b: Sinistcha|Matcha Gotcha|p1a: Scizor|[spread] p1a\n|-miss|p2b: Sinistcha|p1b: Whimsicott\n|-resisted|p1a: Scizor|2\n|-damage|p1a: Scizor|95/100\n|move|p1a: Scizor|Swords Dance|p1a: Scizor\n|-boost|p1a: Scizor|atk|2\n|\n|upkeep\n|turn|5\n|inactive|SpareMePlz has 30 seconds left.\n|\n|t:|1776256875\n|move|p1b: Whimsicott|Helping Hand|p1a: Scizor\n|-singleturn|p1a: Scizor|Helping Hand|[of] p1b: Whimsicott\n|move|p2a: Kingambit|Iron Head|p1a: Scizor\n|-resisted|p1a: Scizor|1\n|-crit|p1a: Scizor\n|-damage|p1a: Scizor|67/100\n|move|p2b: Sinistcha|Matcha Gotcha|p1a: Scizor|[spread] p1a,p1b\n|-resisted|p1a: Scizor|2\n|-resisted|p1b: Whimsicott|1\n|-damage|p1a: Scizor|62/100\n|-damage|p1b: Whimsicott|48/100\n|-status|p1b: Whimsicott|brn\n|move|p1a: Scizor|Bug Bite|p2b: Sinistcha\n|-damage|p2b: Sinistcha|0 fnt\n|faint|p2b: Sinistcha\n|\n|-damage|p1b: Whimsicott|42/100 brn|[from] brn\n|-fieldend|move: Trick Room\n|upkeep\n|\n|t:|1776256894\n|switch|p2b: Floette|Floette-Mega, L50, F|51/100 psn\n|-ability|p2b: Floette|Fairy Aura\n|turn|6\n|\n|t:|1776256902\n|move|p1b: Whimsicott|Helping Hand|p1a: Scizor\n|-singleturn|p1a: Scizor|Helping Hand|[of] p1b: Whimsicott\n|move|p2b: Floette|Moonblast|p1a: Scizor\n|-resisted|p1a: Scizor|1\n|-damage|p1a: Scizor|23/100\n|-unboost|p1a: Scizor|spa|1\n|move|p1a: Scizor|Bug Bite|p2a: Kingambit\n|-damage|p2a: Kingambit|0 fnt\n|faint|p2a: Kingambit\n|\n|-damage|p2b: Floette|39/100 psn|[from] psn\n|-damage|p1b: Whimsicott|36/100 brn|[from] brn\n|upkeep\n|turn|7\n|\n|t:|1776256917\n|move|p1b: Whimsicott|Encore|p2b: Floette\n|-start|p2b: Floette|Encore\n|move|p1a: Scizor|Bullet Punch|p2b: Floette\n|-supereffective|p2b: Floette|1\n|-damage|p2b: Floette|0 fnt\n|faint|p2b: Floette\n|\n|win|helmy\n|raw|helmy's rating: 1222 &rarr; <strong>1251</strong><br />(+29 for winning)\n|raw|SpareMePlz's rating: 1272 &rarr; <strong>1243</strong><br />(-29 for losing)\n|l|\u2606helmy\n|player|p1|\n",
  "uploadtime": 1776256925,
  "views": 58,
  "formatid": "gen9championsvgc2026regma",
  "rating": 1243,
  "private": 0,
  "password": null
}