{
  "id": "gen9championsvgc2026regma-2583712469",
  "format": "[Gen 9 Champions] VGC 2026 Reg M-A",
  "players": [
    "phwx",
    "SimMikaze"
  ],
  "log": "|j|\u203dphwx\n|j|\u2606SimMikaze\n|t:|1776192626\n|gametype|doubles\n|player|p1|phwx|blackbelt-gen4dp|1371\n|player|p2|SimMikaze|miku-ghost|1416\n|gen|9\n|tier|[Gen 9 Champions] VGC 2026 Reg M-A\n|rated|\n|rule|Species Clause: Limit one of each Pok\u00e9mon\n|rule|Item Clause: Limit 1 of each item\n|clearpoke\n|poke|p1|Meganium, L50, M|\n|poke|p1|Pelipper, L50, M|\n|poke|p1|Incineroar, L50, M|\n|poke|p1|Archaludon, L50, M|\n|poke|p1|Basculegion, L50, M|\n|poke|p1|Sableye, L50, F|\n|poke|p2|Aggron, L50, M|\n|poke|p2|Alakazam, L50, M|\n|poke|p2|Sinistcha, L50|\n|poke|p2|Politoed, L50, F|\n|poke|p2|Incineroar, L50, M|\n|poke|p2|Gengar, L50, M|\n|teampreview|4\n|j| Megaknightshade\n|inactive|Battle timer is ON: inactive players will automatically lose when time's up. (requested by phwx)\n|\n|t:|1776192667\n|teamsize|p1|4\n|teamsize|p2|4\n|start\n|switch|p1a: Pelipper|Pelipper, L50, M|100/100\n|switch|p1b: Archaludon|Archaludon, L50, M|100/100\n|switch|p2a: Aggron|Aggron, L50, M|100/100\n|switch|p2b: Alakazam|Alakazam, L50, M|100/100\n|-weather|RainDance|[from] ability: Drizzle|[of] p1a: Pelipper\n|turn|1\n|\n|t:|1776192688\n|detailschange|p2a: Aggron|Aggron-Mega, L50, M\n|-mega|p2a: Aggron|Aggron|Aggronite\n|move|p2b: Alakazam|Light Screen|p2b: Alakazam\n|-sidestart|p2: SimMikaze|move: Light Screen\n|move|p1b: Archaludon|Aura Sphere|p2a: Aggron\n|-supereffective|p2a: Aggron|1\n|-damage|p2a: Aggron|76/100\n|move|p1a: Pelipper|Tailwind|p1a: Pelipper\n|-sidestart|p1: phwx|move: Tailwind\n|move|p2a: Aggron|Iron Defense|p2a: Aggron\n|-boost|p2a: Aggron|def|2\n|\n|-weather|RainDance|[upkeep]\n|upkeep\n|turn|2\n|inactive|phwx has 30 seconds left.\n|inactive|SimMikaze has 30 seconds left.\n|inactive|SimMikaze has 20 seconds left.\n|inactive|phwx has 20 seconds left.\n|inactive|SimMikaze has 15 seconds left.\n|\n|t:|1776192732\n|move|p1a: Pelipper|Protect|p1a: Pelipper\n|-singleturn|p1a: Pelipper|Protect\n|move|p1b: Archaludon|Electro Shot||[still]\n|-prepare|p1b: Archaludon|Electro Shot\n|-boost|p1b: Archaludon|spa|1\n|-anim|p1b: Archaludon|Electro Shot|p2b: Alakazam\n|-damage|p2b: Alakazam|54/100\n|move|p2b: Alakazam|Speed Swap|p2a: Aggron\n|-activate|p2b: Alakazam|move: Speed Swap|[of] p2a: Aggron\n|move|p2a: Aggron|Body Press|p1b: Archaludon\n|-supereffective|p1b: Archaludon|1\n|-damage|p1b: Archaludon|0 fnt\n|faint|p1b: Archaludon\n|\n|-weather|RainDance|[upkeep]\n|upkeep\n|\n|t:|1776192745\n|switch|p1b: Meganium|Meganium, L50, M, shiny|100/100\n|turn|3\n|\n|t:|1776192764\n|switch|p2b: Sinistcha|Sinistcha, L50, shiny|100/100\n|-heal|p2a: Aggron|100/100|[from] ability: Hospitality|[of] p2b: Sinistcha\n|detailschange|p1b: Meganium|Meganium-Mega, L50, M, shiny\n|-mega|p1b: Meganium|Meganium|Meganiumite\n|move|p1b: Meganium|Weather Ball|p2a: Aggron\n|-supereffective|p2a: Aggron|1\n|-damage|p2a: Aggron|45/100\n|move|p2a: Aggron|Body Press|p1b: Meganium\n|-resisted|p1b: Meganium|1\n|-damage|p1b: Meganium|69/100\n|move|p1a: Pelipper|Hurricane|p2b: Sinistcha\n|-supereffective|p2b: Sinistcha|1\n|-damage|p2b: Sinistcha|25/100\n|-enditem|p2b: Sinistcha|Sitrus Berry|[eat]\n|-heal|p2b: Sinistcha|50/100|[from] item: Sitrus Berry\n|\n|-weather|RainDance|[upkeep]\n|upkeep\n|turn|4\n|inactive|SimMikaze has 30 seconds left.\n|inactive|SimMikaze has 20 seconds left.\n|inactive|SimMikaze has 15 seconds left.\n|\n|t:|1776192806\n|switch|p2b: Alakazam|Alakazam, L50, M|54/100\n|move|p1b: Meganium|Protect|p1b: Meganium\n|-singleturn|p1b: Meganium|Protect\n|move|p2a: Aggron|Protect|p2a: Aggron\n|-singleturn|p2a: Aggron|Protect\n|move|p1a: Pelipper|Hurricane|p2b: Alakazam\n|-damage|p2b: Alakazam|17/100\n|-start|p2b: Alakazam|confusion\n|\n|-weather|RainDance|[upkeep]\n|-sideend|p1: phwx|move: Tailwind\n|upkeep\n|turn|5\n|inactive|phwx has 30 seconds left.\n|\n|t:|1776192834\n|switch|p2b: Sinistcha|Sinistcha, L50, shiny|50/100\n|-heal|p2a: Aggron|69/100|[from] ability: Hospitality|[of] p2b: Sinistcha\n|move|p2a: Aggron|Heavy Slam|p1b: Meganium\n|-supereffective|p1b: Meganium|1\n|-damage|p1b: Meganium|40/100\n|move|p1b: Meganium|Weather Ball|p2a: Aggron\n|-supereffective|p2a: Aggron|1\n|-crit|p2a: Aggron\n|-damage|p2a: Aggron|0 fnt\n|faint|p2a: Aggron\n|move|p1a: Pelipper|Tailwind|p1a: Pelipper\n|-sidestart|p1: phwx|move: Tailwind\n|\n|-weather|none\n|-sideend|p2: SimMikaze|move: Light Screen\n|upkeep\n|c|\u2606SimMikaze|Nooo\n|c|\u2606SimMikaze|Crit\n|inactive|SimMikaze has 30 seconds left.\n|\n|t:|1776192865\n|switch|p2a: Gengar|Gengar, L50, M, shiny|100/100\n|turn|6\n|\n|t:|1776192881\n|switch|p1a: Basculegion|Basculegion, L50, M|100/100\n|move|p2b: Sinistcha|Protect|p2b: Sinistcha\n|-singleturn|p2b: Sinistcha|Protect\n|move|p1b: Meganium|Weather Ball|p2a: Gengar\n|-crit|p2a: Gengar\n|-damage|p2a: Gengar|0 fnt\n|faint|p2a: Gengar\n|\n|upkeep\n|-message|SimMikaze forfeited.\n|\n|win|phwx\n|raw|phwx's rating: 1371 &rarr; <strong>1394</strong><br />(+23 for winning)\n|raw|SimMikaze's rating: 1416 &rarr; <strong>1393</strong><br />(-23 for losing)\n",
  "uploadtime": 1776192897,
  "views": 26,
  "formatid": "gen9championsvgc2026regma",
  "rating": 1393,
  "private": 0,
  "password": null
}