{
  "id": "gen9championsvgc2026regma-2581676330",
  "format": "[Gen 9 Champions] VGC 2026 Reg M-A",
  "players": [
    "nicknicola",
    "makyu2"
  ],
  "log": "|j|\u2606nicknicola\n|j|\u2606makyu2\n|t:|1776019913\n|gametype|doubles\n|player|p1|nicknicola|266|1114\n|player|p2|makyu2|shadowtriad|1132\n|gen|9\n|tier|[Gen 9 Champions] VGC 2026 Reg M-A\n|rated|\n|rule|Species Clause: Limit one of each Pok\u00e9mon\n|rule|Item Clause: Limit 1 of each item\n|clearpoke\n|poke|p1|Meganium, L50, F|\n|poke|p1|Pelipper, L50, M|\n|poke|p1|Incineroar, L50, M|\n|poke|p1|Basculegion, L50, M|\n|poke|p1|Sinistcha, L50|\n|poke|p1|Archaludon, L50, F|\n|poke|p2|Farigiraf, L50, M|\n|poke|p2|Chimecho, L50, M|\n|poke|p2|Clefable, L50, M|\n|poke|p2|Sneasler, L50, M|\n|poke|p2|Kingambit, L50, F|\n|poke|p2|Garchomp, L50, F|\n|teampreview|4\n|\n|t:|1776019952\n|teamsize|p1|4\n|teamsize|p2|4\n|start\n|switch|p1a: Basculegion|Basculegion, L50, M|100/100\n|switch|p1b: Pelipper|Pelipper, L50, M|100/100\n|switch|p2a: Farigiraf|Farigiraf, L50, M|100/100\n|switch|p2b: Clefable|Clefable, L50, M|100/100\n|-weather|RainDance|[from] ability: Drizzle|[of] p1b: Pelipper\n|turn|1\n|\n|t:|1776019971\n|move|p2b: Clefable|Follow Me|p2b: Clefable\n|-singleturn|p2b: Clefable|move: Follow Me\n|move|p1a: Basculegion|Wave Crash|p2b: Clefable\n|-damage|p2b: Clefable|4/100\n|-enditem|p2b: Clefable|Sitrus Berry|[eat]\n|-heal|p2b: Clefable|29/100|[from] item: Sitrus Berry\n|-damage|p1a: Basculegion|68/100|[from] Recoil\n|move|p1b: Pelipper|Weather Ball|p2b: Clefable\n|-damage|p2b: Clefable|0 fnt\n|faint|p2b: Clefable\n|move|p2a: Farigiraf|Trick Room|p2a: Farigiraf\n|-fieldstart|move: Trick Room|[of] p2a: Farigiraf\n|\n|-weather|RainDance|[upkeep]\n|upkeep\n|\n|t:|1776019986\n|switch|p2b: Garchomp|Garchomp, L50, F|100/100\n|turn|2\n|\n|t:|1776020007\n|switch|p1a: Incineroar|Incineroar, L50, M|100/100\n|-ability|p1a: Incineroar|Intimidate|boost\n|-unboost|p2a: Farigiraf|atk|1\n|-unboost|p2b: Garchomp|atk|1\n|move|p2a: Farigiraf|Psychic|p1a: Incineroar\n|-immune|p1a: Incineroar\n|move|p1b: Pelipper|Weather Ball|p2b: Garchomp\n|-damage|p2b: Garchomp|36/100\n|move|p2b: Garchomp|Scale Shot|p1a: Incineroar\n|-damage|p1a: Incineroar|91/100\n|-damage|p1a: Incineroar|81/100\n|-hitcount|p1a: Incineroar|2\n|-unboost|p2b: Garchomp|def|1\n|-boost|p2b: Garchomp|spe|1\n|\n|-weather|RainDance|[upkeep]\n|upkeep\n|turn|3\n|\n|t:|1776020049\n|switch|p1b: Archaludon|Archaludon, L50, F|100/100\n|switch|p2b: Chimecho|Chimecho, L50, M|100/100\n|move|p2a: Farigiraf|Hyper Voice|p1b: Archaludon|[spread] p1a,p1b\n|-resisted|p1b: Archaludon|1\n|-damage|p1a: Incineroar|59/100\n|-damage|p1b: Archaludon|84/100\n|-ability|p1b: Archaludon|Stamina|boost\n|-boost|p1b: Archaludon|def|1\n|move|p1a: Incineroar|Parting Shot|p2a: Farigiraf\n|-unboost|p2a: Farigiraf|atk|1\n|-unboost|p2a: Farigiraf|spa|1\n|\n|t:|1776020064\n|switch|p1a: Basculegion|Basculegion, L50, M|68/100|[from] Parting Shot\n|\n|-weather|RainDance|[upkeep]\n|-heal|p1b: Archaludon|90/100|[from] item: Leftovers\n|upkeep\n|turn|4\n|\n|t:|1776020086\n|detailschange|p2b: Chimecho|Chimecho-Mega, L50, M\n|-mega|p2b: Chimecho|Chimecho|Chimechite\n|move|p2a: Farigiraf|Psychic|p1a: Basculegion\n|-damage|p1a: Basculegion|43/100\n|move|p2b: Chimecho|Psychic|p1a: Basculegion\n|-damage|p1a: Basculegion|0 fnt\n|faint|p1a: Basculegion\n|move|p1b: Archaludon|Electro Shot||[still]\n|-prepare|p1b: Archaludon|Electro Shot\n|-boost|p1b: Archaludon|spa|1\n|-anim|p1b: Archaludon|Electro Shot|p2b: Chimecho\n|-damage|p2b: Chimecho|48/100\n|\n|-weather|RainDance|[upkeep]\n|-heal|p1b: Archaludon|96/100|[from] item: Leftovers\n|upkeep\n|\n|t:|1776020102\n|switch|p1a: Pelipper|Pelipper, L50, M|100/100\n|turn|5\n|\n|t:|1776020127\n|move|p2b: Chimecho|Protect|p2b: Chimecho\n|-singleturn|p2b: Chimecho|Protect\n|move|p2a: Farigiraf|Psychic|p1a: Pelipper\n|-damage|p1a: Pelipper|63/100\n|-unboost|p1a: Pelipper|spd|1\n|move|p1b: Archaludon|Electro Shot||[still]\n|-prepare|p1b: Archaludon|Electro Shot\n|-boost|p1b: Archaludon|spa|1\n|-anim|p1b: Archaludon|Electro Shot|p2a: Farigiraf\n|-damage|p2a: Farigiraf|24/100\n|move|p1a: Pelipper|Weather Ball|p2a: Farigiraf\n|-damage|p2a: Farigiraf|0 fnt\n|faint|p2a: Farigiraf\n|\n|-weather|none\n|-heal|p1b: Archaludon|100/100|[from] item: Leftovers\n|-fieldend|move: Trick Room\n|upkeep\n|\n|t:|1776020143\n|switch|p2a: Garchomp|Garchomp, L50, F|36/100\n|turn|6\n|\n|t:|1776020160\n|move|p2a: Garchomp|Earthquake|p1a: Pelipper|[spread] p1b\n|-immune|p2b: Chimecho|[from] ability: Levitate\n|-immune|p1a: Pelipper\n|-supereffective|p1b: Archaludon|1\n|-damage|p1b: Archaludon|58/100\n|-ability|p1b: Archaludon|Stamina|boost\n|-boost|p1b: Archaludon|def|1\n|move|p1a: Pelipper|Tailwind|p1a: Pelipper\n|-sidestart|p1: nicknicola|move: Tailwind\n|move|p1b: Archaludon|Flash Cannon|p2a: Garchomp\n|-damage|p2a: Garchomp|0 fnt\n|faint|p2a: Garchomp\n|move|p2b: Chimecho|Calm Mind|p2b: Chimecho\n|-boost|p2b: Chimecho|spa|1\n|-boost|p2b: Chimecho|spd|1\n|\n|-heal|p1b: Archaludon|64/100|[from] item: Leftovers\n|upkeep\n|turn|7\n|-message|makyu2 forfeited.\n|\n|win|nicknicola\n|raw|nicknicola's rating: 1114 &rarr; <strong>1140</strong><br />(+26 for winning)\n|raw|makyu2's rating: 1132 &rarr; <strong>1106</strong><br />(-26 for losing)\n|l|\u2606makyu2\n|player|p2|\n",
  "uploadtime": 1776020177,
  "views": 18,
  "formatid": "gen9championsvgc2026regma",
  "rating": 1106,
  "private": 0,
  "password": null
}