{
  "id": "gen9championsvgc2026regma-2581465226",
  "format": "[Gen 9 Champions] VGC 2026 Reg M-A",
  "players": [
    "Vitalis24",
    "kanekiken10"
  ],
  "log": "|j|\u2606Vitalis24\n|j|\u2606kanekiken10\n|t:|1776003026\n|gametype|doubles\n|player|p1|Vitalis24|crasherwake|1000\n|player|p2|kanekiken10|169|1037\n|gen|9\n|tier|[Gen 9 Champions] VGC 2026 Reg M-A\n|rated|\n|rule|Species Clause: Limit one of each Pok\u00e9mon\n|rule|Item Clause: Limit 1 of each item\n|clearpoke\n|poke|p1|Manectric, L50, F|\n|poke|p1|Kingambit, L50, M|\n|poke|p1|Hatterene, L50, F|\n|poke|p1|Machamp, L50, F|\n|poke|p1|Pelipper, L50, F|\n|poke|p1|Basculegion, L50, M|\n|poke|p2|Corviknight, L50, F|\n|poke|p2|Charizard, L50, F|\n|poke|p2|Venusaur, L50, M|\n|poke|p2|Garchomp, L50, F|\n|poke|p2|Incineroar, L50, M|\n|poke|p2|Sneasler, L50, F|\n|teampreview|4\nkanekiken10 rejected open team sheets.\n|inactive|Battle timer is ON: inactive players will automatically lose when time's up. (requested by kanekiken10)\n|inactive|Vitalis24 has 60 seconds left.\n|\n|t:|1776003123\n|teamsize|p1|4\n|teamsize|p2|4\n|start\n|switch|p1a: Manectric|Manectric, L50, F|100/100\n|switch|p1b: Pelipper|Pelipper, L50, F|100/100\n|switch|p2a: Venusaur|Venusaur, L50, M|100/100\n|switch|p2b: Incineroar|Incineroar, L50, M|100/100\n|-weather|RainDance|[from] ability: Drizzle|[of] p1b: Pelipper\n|-ability|p2b: Incineroar|Intimidate|boost\n|-unboost|p1a: Manectric|atk|1\n|-unboost|p1b: Pelipper|atk|1\n|turn|1\n|inactive|Vitalis24 has 30 seconds left.\n|inactive|Vitalis24 has 20 seconds left.\n|\n|t:|1776003160\n|move|p2b: Incineroar|Fake Out|p1a: Manectric\n|-damage|p1a: Manectric|74/100\n|cant|p1a: Manectric|flinch\n|move|p2a: Venusaur|Giga Drain|p1b: Pelipper\n|-damage|p1b: Pelipper|36/100\n|move|p1b: Pelipper|Weather Ball|p2b: Incineroar\n|-supereffective|p2b: Incineroar|1\n|-damage|p2b: Incineroar|0 fnt\n|faint|p2b: Incineroar\n|\n|-weather|RainDance|[upkeep]\n|upkeep\n|\n|t:|1776003178\n|switch|p2b: Garchomp|Garchomp, L50, F|100/100\n|turn|2\n|inactive|Vitalis24 has 30 seconds left.\n|inactive|Vitalis24 has 20 seconds left.\n|inactive|Vitalis24 has 15 seconds left.\n|inactive|Vitalis24 has 10 seconds left.\n|inactive|Vitalis24 has 5 seconds left.\n|\n|t:|1776003231\n|switch|p1a: Hatterene|Hatterene, L50, F|100/100\n|move|p2b: Garchomp|Bulldoze|p1a: Hatterene|[spread] p2a,p1a\n|-immune|p1b: Pelipper\n|-damage|p2a: Venusaur|66/100\n|-damage|p1a: Hatterene|74/100\n|-unboost|p2a: Venusaur|spe|1\n|-unboost|p1a: Hatterene|spe|1\n|move|p1b: Pelipper|Hurricane|p2a: Venusaur\n|-supereffective|p2a: Venusaur|1\n|-damage|p2a: Venusaur|0 fnt\n|faint|p2a: Venusaur\n|\n|-weather|RainDance|[upkeep]\n|upkeep\n|\n|t:|1776003244\n|switch|p2a: Corviknight|Corviknight, L50, F|100/100\n|turn|3\n|inactive|Vitalis24 has 30 seconds left.\n|inactive|kanekiken10 has 30 seconds left.\n|inactive|kanekiken10 has 20 seconds left.\n|\n|t:|1776003283\n|move|p1b: Pelipper|Wide Guard|p1b: Pelipper\n|-singleturn|p1b: Pelipper|Wide Guard\n|move|p2b: Garchomp|Bulldoze|p1a: Hatterene|[spread] \n|-activate|p1a: Hatterene|move: Wide Guard\n|-activate|p1b: Pelipper|move: Wide Guard\n|-immune|p2a: Corviknight\n|move|p2a: Corviknight|Tailwind|p2a: Corviknight\n|-sidestart|p2: kanekiken10|move: Tailwind\n|move|p1a: Hatterene|Dazzling Gleam|p2a: Corviknight|[spread] p2a,p2b\n|-resisted|p2a: Corviknight|1\n|-supereffective|p2b: Garchomp|1\n|-damage|p2a: Corviknight|86/100\n|-damage|p2b: Garchomp|31/100\n|\n|-weather|RainDance|[upkeep]\n|-heal|p2a: Corviknight|92/100|[from] item: Leftovers\n|upkeep\n|turn|4\n|\n|t:|1776003308\n|move|p2b: Garchomp|Bulldoze|p1a: Hatterene|[spread] p1a\n|-immune|p2a: Corviknight\n|-immune|p1b: Pelipper\n|-damage|p1a: Hatterene|47/100\n|-unboost|p1a: Hatterene|spe|1\n|-enditem|p1a: Hatterene|Sitrus Berry|[eat]\n|-heal|p1a: Hatterene|72/100|[from] item: Sitrus Berry\n|move|p2a: Corviknight|Iron Defense|p2a: Corviknight\n|-boost|p2a: Corviknight|def|2\n|move|p1b: Pelipper|Hurricane|p2b: Garchomp\n|-damage|p2b: Garchomp|0 fnt\n|faint|p2b: Garchomp\n|move|p1a: Hatterene|Trick Room|p1a: Hatterene\n|-fieldstart|move: Trick Room|[of] p1a: Hatterene\n|\n|-weather|RainDance|[upkeep]\n|-heal|p2a: Corviknight|98/100|[from] item: Leftovers\n|upkeep\n|turn|5\n|inactive|kanekiken10 has 30 seconds left.\n|\n|t:|1776003336\n|move|p1a: Hatterene|Psychic|p2a: Corviknight\n|-resisted|p2a: Corviknight|1\n|-damage|p2a: Corviknight|75/100\n|move|p1b: Pelipper|Weather Ball|p2a: Corviknight\n|-damage|p2a: Corviknight|14/100\n|move|p2a: Corviknight|Brave Bird|p1b: Pelipper\n|-damage|p1b: Pelipper|0 fnt\n|faint|p1b: Pelipper\n|-damage|p2a: Corviknight|6/100|[from] Recoil\n|\n|-weather|none\n|-heal|p2a: Corviknight|12/100|[from] item: Leftovers\n|upkeep\n|-message|kanekiken10 forfeited.\n|\n|win|Vitalis24\n|raw|Vitalis24's rating: 1000 &rarr; <strong>1044</strong><br />(+44 for winning)\n|raw|kanekiken10's rating: 1037 &rarr; <strong>1020</strong><br />(-17 for losing)\n|l|\u2606kanekiken10\n|player|p2|\n",
  "uploadtime": 1776003359,
  "views": 27,
  "formatid": "gen9championsvgc2026regma",
  "rating": 1020,
  "private": 0,
  "password": null
}