{
  "id": "gen9championsvgc2026regma-2587066087",
  "format": "[Gen 9 Champions] VGC 2026 Reg M-A",
  "players": [
    "Lildern",
    "Francreas"
  ],
  "log": "|j|\u2606Lildern\n|j|\u2606Francreas\n|t:|1776488846\n|gametype|doubles\n|player|p1|Lildern|265|1021\n|player|p2|Francreas|skier|1047\n|gen|9\n|tier|[Gen 9 Champions] VGC 2026 Reg M-A\n|rated|\n|rule|Species Clause: Limit one of each Pok\u00e9mon\n|rule|Item Clause: Limit 1 of each item\n|clearpoke\n|poke|p1|Chesnaught, L50, M, shiny|\n|poke|p1|Alakazam, L50, F, shiny|\n|poke|p1|Mr. Rime, L50, M|\n|poke|p1|Clefable, L50, F, shiny|\n|poke|p1|Araquanid, L50, M, shiny|\n|poke|p1|Whimsicott, L50, F|\n|poke|p2|Kommo-o, L50, F, shiny|\n|poke|p2|Incineroar, L50, F|\n|poke|p2|Politoed, L50, M|\n|poke|p2|Sinistcha, L50|\n|poke|p2|Mamoswine, L50, M|\n|poke|p2|Gengar, L50, M, shiny|\n|teampreview|4\n|inactive|Battle timer is ON: inactive players will automatically lose when time's up. (requested by Francreas)\n|inactive|Lildern also wants the timer to be on.\n|inactive|Francreas has 60 seconds left.\n|\n|t:|1776488879\n|teamsize|p1|4\n|teamsize|p2|4\n|start\n|switch|p1a: Whimsicott|Whimsicott, L50, F|100/100\n|switch|p1b: Araquanid|Araquanid, L50, M, shiny|100/100\n|switch|p2a: Incineroar|Incineroar, L50, F|100/100\n|switch|p2b: Gengar|Gengar, L50, M, shiny|100/100\n|-ability|p2a: Incineroar|Intimidate|boost\n|-unboost|p1a: Whimsicott|atk|1\n|-unboost|p1b: Araquanid|atk|1\n|turn|1\n|\n|t:|1776488892\n|detailschange|p2b: Gengar|Gengar-Mega, L50, M, shiny\n|-mega|p2b: Gengar|Gengar|Gengarite\n|move|p2a: Incineroar|Fake Out|p1a: Whimsicott\n|-damage|p1a: Whimsicott|92/100\n|cant|p1a: Whimsicott|flinch\n|move|p2b: Gengar|Perish Song|p2b: Gengar\n|-start|p1a: Whimsicott|perish3|[silent]\n|-start|p1b: Araquanid|perish3|[silent]\n|-start|p2a: Incineroar|perish3|[silent]\n|-start|p2b: Gengar|perish3|[silent]\n|-fieldactivate|move: Perish Song\n|move|p1b: Araquanid|Sticky Web|p2a: Incineroar\n|-sidestart|p2: Francreas|move: Sticky Web\n|\n|-start|p2b: Gengar|perish3\n|-start|p1a: Whimsicott|perish3\n|-start|p2a: Incineroar|perish3\n|-start|p1b: Araquanid|perish3\n|upkeep\n|turn|2\n|\n|t:|1776488908\n|move|p2b: Gengar|Protect|p2b: Gengar\n|-singleturn|p2b: Gengar|Protect\n|move|p2a: Incineroar|Protect|p2a: Incineroar\n|-singleturn|p2a: Incineroar|Protect\n|move|p1a: Whimsicott|Dazzling Gleam|p2a: Incineroar|[spread] \n|-activate|p2a: Incineroar|move: Protect\n|-activate|p2b: Gengar|move: Protect\n|move|p1b: Araquanid|Liquidation|p2a: Incineroar\n|-activate|p2a: Incineroar|move: Protect\n|\n|-start|p2b: Gengar|perish2\n|-start|p1a: Whimsicott|perish2\n|-start|p2a: Incineroar|perish2\n|-start|p1b: Araquanid|perish2\n|upkeep\n|turn|3\n|inactive|Lildern has 30 seconds left.\n|\n|t:|1776488936\n|switch|p2b: Sinistcha|Sinistcha, L50|100/100\n|-activate|p2b: Sinistcha|move: Sticky Web\n|-unboost|p2b: Sinistcha|spe|1\n|move|p1a: Whimsicott|Dazzling Gleam|p2a: Incineroar|[spread] p2a,p2b\n|-damage|p2a: Incineroar|87/100\n|-damage|p2b: Sinistcha|85/100\n|move|p2a: Incineroar|Parting Shot|p1a: Whimsicott\n|-unboost|p1a: Whimsicott|atk|1\n|-unboost|p1a: Whimsicott|spa|1\n|\n|t:|1776488947\n|switch|p2a: Gengar|Gengar-Mega, L50, M, shiny|100/100|[from] Parting Shot\n|-activate|p2a: Gengar|move: Sticky Web\n|-unboost|p2a: Gengar|spe|1\n|move|p1b: Araquanid|Liquidation|p2a: Gengar\n|-damage|p2a: Gengar|52/100\n|\n|-heal|p2b: Sinistcha|91/100|[from] item: Leftovers\n|-start|p1a: Whimsicott|perish1\n|-start|p1b: Araquanid|perish1\n|upkeep\n|turn|4\n|\n|t:|1776488965\n|switch|p2b: Incineroar|Incineroar, L50, F|87/100\n|-activate|p2b: Incineroar|move: Sticky Web\n|-unboost|p2b: Incineroar|spe|1\n|-ability|p2b: Incineroar|Intimidate|boost\n|-unboost|p1a: Whimsicott|atk|1\n|-unboost|p1b: Araquanid|atk|1\n|move|p2a: Gengar|Protect|p2a: Gengar\n|-singleturn|p2a: Gengar|Protect\n|move|p1a: Whimsicott|Tailwind|p1a: Whimsicott\n|-sidestart|p1: Lildern|move: Tailwind\n|move|p1b: Araquanid|Blizzard|p2b: Incineroar|[spread] p2b\n|-activate|p2a: Gengar|move: Protect\n|-resisted|p2b: Incineroar|1\n|-damage|p2b: Incineroar|83/100\n|\n|-start|p1a: Whimsicott|perish0\n|-start|p1b: Araquanid|perish0\n|faint|p1a: Whimsicott\n|faint|p1b: Araquanid\n|upkeep\n|\n|t:|1776488981\n|switch|p1a: Chesnaught|Chesnaught, L50, M, shiny|100/100\n|switch|p1b: Alakazam|Alakazam, L50, F, shiny|100/100\n|turn|5\n|\n|t:|1776488993\n|detailschange|p1a: Chesnaught|Chesnaught-Mega, L50, M, shiny\n|-mega|p1a: Chesnaught|Chesnaught|Chesnaughtite\n|move|p2b: Incineroar|Fake Out|p1b: Alakazam\n|-damage|p1b: Alakazam|79/100\n|move|p1b: Alakazam|Speed Swap|p1a: Chesnaught\n|-activate|p1b: Alakazam|move: Speed Swap|[of] p1a: Chesnaught\n|move|p1a: Chesnaught|Earthquake|p2a: Gengar|[spread] p1b,p2a,p2b\n|-supereffective|p2a: Gengar|1\n|-supereffective|p2b: Incineroar|1\n|-damage|p1b: Alakazam|18/100\n|-damage|p2a: Gengar|0 fnt\n|-damage|p2b: Incineroar|24/100\n|faint|p2a: Gengar\n|\n|upkeep\n|\n|t:|1776489007\n|switch|p2a: Sinistcha|Sinistcha, L50|91/100\n|-activate|p2a: Sinistcha|move: Sticky Web\n|-unboost|p2a: Sinistcha|spe|1\n|-heal|p2b: Incineroar|49/100|[from] ability: Hospitality|[of] p2a: Sinistcha\n|turn|6\n|inactive|Lildern has 30 seconds left.\n|inactive|Francreas has 30 seconds left.\n|\n|t:|1776489042\n|move|p2b: Incineroar|Protect|p2b: Incineroar\n|-singleturn|p2b: Incineroar|Protect\n|move|p1a: Chesnaught|Close Combat|p2b: Incineroar\n|-activate|p2b: Incineroar|move: Protect\n|move|p1b: Alakazam|Dazzling Gleam|p2b: Incineroar|[spread] p2a\n|-activate|p2b: Incineroar|move: Protect\n|-crit|p2a: Sinistcha\n|-damage|p2a: Sinistcha|66/100\n|move|p2a: Sinistcha|Strength Sap|p1a: Chesnaught\n|-unboost|p1a: Chesnaught|atk|1\n|-heal|p2a: Sinistcha|100/100\n|\n|upkeep\n|turn|7\n|inactive|Francreas has 30 seconds left.\n|inactive|Francreas has 20 seconds left.\n|\n|t:|1776489081\n|move|p1a: Chesnaught|Close Combat|p2b: Incineroar\n|-supereffective|p2b: Incineroar|1\n|-damage|p2b: Incineroar|0 fnt\n|-unboost|p1a: Chesnaught|def|1\n|-unboost|p1a: Chesnaught|spd|1\n|faint|p2b: Incineroar\n|move|p1b: Alakazam|Dazzling Gleam|p2a: Sinistcha\n|-damage|p2a: Sinistcha|79/100\n|move|p2a: Sinistcha|Matcha Gotcha|p1b: Alakazam|[spread] p1a,p1b\n|-resisted|p1a: Chesnaught|1\n|-damage|p1a: Chesnaught|86/100\n|-heal|p2a: Sinistcha|88/100|[from] drain|[of] p1a: Chesnaught\n|-damage|p1b: Alakazam|0 fnt\n|-heal|p2a: Sinistcha|97/100|[from] drain|[of] p1b: Alakazam\n|faint|p1b: Alakazam\n|\n|-heal|p2a: Sinistcha|100/100|[from] item: Leftovers\n|-sideend|p1: Lildern|move: Tailwind\n|upkeep\n|\n|t:|1776489100\n|switch|p2b: Mamoswine|Mamoswine, L50, M|100/100\n|-activate|p2b: Mamoswine|move: Sticky Web\n|-unboost|p2b: Mamoswine|spe|1\n|turn|8\n|\n|t:|1776489108\n|move|p2a: Sinistcha|Rage Powder|p2a: Sinistcha\n|-singleturn|p2a: Sinistcha|move: Rage Powder\n|move|p2b: Mamoswine|Ice Shard|p1a: Chesnaught\n|-supereffective|p1a: Chesnaught|1\n|-damage|p1a: Chesnaught|52/100\n|move|p1a: Chesnaught|Close Combat|p2b: Mamoswine\n|-supereffective|p2b: Mamoswine|1\n|-enditem|p2b: Mamoswine|Focus Sash\n|-damage|p2b: Mamoswine|1/100\n|-unboost|p1a: Chesnaught|def|1\n|-unboost|p1a: Chesnaught|spd|1\n|\n|upkeep\n|turn|9\n|inactive|Francreas has 30 seconds left.\n|inactive|Francreas has 20 seconds left.\n|\n|t:|1776489146\n|move|p2b: Mamoswine|Protect|p2b: Mamoswine\n|-singleturn|p2b: Mamoswine|Protect\n|move|p1a: Chesnaught|Earthquake|p2a: Sinistcha|[spread] p2a\n|-activate|p2b: Mamoswine|move: Protect\n|-resisted|p2a: Sinistcha|1\n|-damage|p2a: Sinistcha|91/100\n|move|p2a: Sinistcha|Matcha Gotcha|p1a: Chesnaught\n|-resisted|p1a: Chesnaught|1\n|-damage|p1a: Chesnaught|24/100\n|-heal|p2a: Sinistcha|100/100|[from] drain|[of] p1a: Chesnaught\n|\n|upkeep\n|turn|10\n|\n|t:|1776489162\n|move|p2b: Mamoswine|Ice Shard|p1a: Chesnaught\n|-supereffective|p1a: Chesnaught|1\n|-damage|p1a: Chesnaught|0 fnt\n|faint|p1a: Chesnaught\n|\n|win|Francreas\n|raw|Lildern's rating: 1021 &rarr; <strong>1009</strong><br />(-12 for losing)\n|raw|Francreas's rating: 1047 &rarr; <strong>1077</strong><br />(+30 for winning)\n|l|\u2606Lildern\n|player|p1|\n",
  "uploadtime": 1776489167,
  "views": 32,
  "formatid": "gen9championsvgc2026regma",
  "rating": 1009,
  "private": 0,
  "password": null
}