{
  "id": "gen9championsvgc2026regma-2581781441",
  "format": "[Gen 9 Champions] VGC 2026 Reg M-A",
  "players": [
    "NoMercyPex",
    "juansimon383"
  ],
  "log": "|j|\u2606NoMercyPex\n|j|\u2606juansimon383\n|t:|1776027920\n|gametype|doubles\n|player|p1|NoMercyPex|silver-masters|1366\n|player|p2|juansimon383|swimmerf|1462\n|gen|9\n|tier|[Gen 9 Champions] VGC 2026 Reg M-A\n|rated|\n|rule|Species Clause: Limit one of each Pok\u00e9mon\n|rule|Item Clause: Limit 1 of each item\n|clearpoke\n|poke|p1|Whimsicott, L50, M|\n|poke|p1|Gardevoir, L50, M|\n|poke|p1|Garchomp, L50, M|\n|poke|p1|Incineroar, L50, F|\n|poke|p1|Sneasler, L50, F|\n|poke|p1|Farigiraf, L50, M|\n|poke|p2|Milotic, L50, F|\n|poke|p2|Gengar, L50, M|\n|poke|p2|Incineroar, L50, F|\n|poke|p2|Garchomp, L50, M|\n|poke|p2|Rotom-Mow, L50|\n|poke|p2|Aerodactyl, L50, M|\n|teampreview|4\n|inactive|Battle timer is ON: inactive players will automatically lose when time's up. (requested by NoMercyPex)\n|inactive|NoMercyPex has 60 seconds left.\n|inactive|juansimon383 has 60 seconds left.\n|\n|t:|1776027966\n|teamsize|p1|4\n|teamsize|p2|4\n|start\n|switch|p1a: Farigiraf|Farigiraf, L50, M|100/100\n|switch|p1b: Gardevoir|Gardevoir, L50, M|100/100\n|switch|p2a: Milotic|Milotic, L50, F, shiny|100/100\n|switch|p2b: Aerodactyl|Aerodactyl, L50, M, shiny|100/100\n|-ability|p2b: Aerodactyl|Unnerve\n|-ability|p1b: Gardevoir|Unnerve|Trace|[from] ability: Trace|[of] p2b: Aerodactyl\n|-ability|p1b: Gardevoir|Unnerve\n|turn|1\n|\n|t:|1776027985\n|detailschange|p1b: Gardevoir|Gardevoir-Mega, L50, M\n|-mega|p1b: Gardevoir|Gardevoir|Gardevoirite\n|move|p2b: Aerodactyl|Rock Slide|p1a: Farigiraf|[spread] p1b\n|-miss|p2b: Aerodactyl|p1a: Farigiraf\n|-crit|p1b: Gardevoir\n|-damage|p1b: Gardevoir|51/100\n|cant|p1b: Gardevoir|flinch\n|move|p2a: Milotic|Scald|p1b: Gardevoir\n|-damage|p1b: Gardevoir|28/100\n|-status|p1b: Gardevoir|brn\n|move|p1a: Farigiraf|Trick Room|p1a: Farigiraf\n|-fieldstart|move: Trick Room|[of] p1a: Farigiraf\n|\n|-damage|p1b: Gardevoir|22/100 brn|[from] brn\n|upkeep\n|turn|2\n|\n|t:|1776028006\n|move|p1b: Gardevoir|Protect|p1b: Gardevoir\n|-singleturn|p1b: Gardevoir|Protect\n|move|p1a: Farigiraf|Hyper Voice|p2a: Milotic|[spread] p2a,p2b\n|-resisted|p2b: Aerodactyl|1\n|-damage|p2a: Milotic|83/100\n|-damage|p2b: Aerodactyl|82/100\n|move|p2a: Milotic|Scald|p1b: Gardevoir\n|-activate|p1b: Gardevoir|move: Protect\n|move|p2b: Aerodactyl|Dual Wingbeat|p1a: Farigiraf\n|-damage|p1a: Farigiraf|85/100\n|-damage|p1a: Farigiraf|69/100\n|-hitcount|p1a: Farigiraf|2\n|\n|-heal|p2a: Milotic|89/100|[from] item: Leftovers\n|-damage|p1b: Gardevoir|16/100 brn|[from] brn\n|upkeep\n|turn|3\n|\n|t:|1776028024\n|move|p1a: Farigiraf|Psychic Terrain|p1a: Farigiraf\n|-fieldstart|move: Psychic Terrain\n|move|p2a: Milotic|Scald|p1b: Gardevoir\n|-damage|p1b: Gardevoir|0 fnt\n|faint|p1b: Gardevoir\n|move|p2b: Aerodactyl|Dual Wingbeat|p1a: Farigiraf\n|-damage|p1a: Farigiraf|52/100\n|-damage|p1a: Farigiraf|36/100\n|-hitcount|p1a: Farigiraf|2\n|\n|-heal|p2a: Milotic|95/100|[from] item: Leftovers\n|upkeep\n|j| Jbit\n|\n|t:|1776028034\n|switch|p1b: Whimsicott|Whimsicott, L50, M|100/100\n|turn|4\n|\n|t:|1776028047\n|move|p1b: Whimsicott|Protect|p1b: Whimsicott\n|-singleturn|p1b: Whimsicott|Protect\n|move|p2b: Aerodactyl|Protect|p2b: Aerodactyl\n|-singleturn|p2b: Aerodactyl|Protect\n|move|p1a: Farigiraf|Hyper Voice|p2a: Milotic|[spread] p2a\n|-activate|p2b: Aerodactyl|move: Protect\n|-damage|p2a: Milotic|75/100\n|move|p2a: Milotic|Scald|p1a: Farigiraf\n|-damage|p1a: Farigiraf|11/100\n|\n|-heal|p2a: Milotic|81/100|[from] item: Leftovers\n|upkeep\n|turn|5\n|\n|t:|1776028064\n|move|p1b: Whimsicott|Encore|p2b: Aerodactyl\n|-start|p2b: Aerodactyl|Encore\n|move|p2b: Aerodactyl|Protect|p2b: Aerodactyl\n|-singleturn|p2b: Aerodactyl|Protect\n|move|p1a: Farigiraf|Hyper Voice|p2a: Milotic|[spread] p2a\n|-activate|p2b: Aerodactyl|move: Protect\n|-damage|p2a: Milotic|63/100\n|move|p2a: Milotic|Scald|p1a: Farigiraf\n|-damage|p1a: Farigiraf|0 fnt\n|faint|p1a: Farigiraf\n|\n|-heal|p2a: Milotic|69/100|[from] item: Leftovers\n|-fieldend|move: Trick Room\n|upkeep\n|l| Jbit\n|\n|t:|1776028075\n|switch|p1a: Garchomp|Garchomp, L50, M|100/100\n|turn|6\n|\n|t:|1776028087\n|switch|p2b: Gengar|Gengar, L50, M, shiny|100/100\n|move|p1b: Whimsicott|Moonblast|p2a: Milotic\n|-damage|p2a: Milotic|44/100\n|move|p1a: Garchomp|Stomping Tantrum|p2a: Milotic\n|-damage|p2a: Milotic|0 fnt\n|faint|p2a: Milotic\n|\n|upkeep\n|\n|t:|1776028099\n|switch|p2a: Garchomp|Garchomp, L50, M|100/100\n|turn|7\n|\n|t:|1776028111\n|detailschange|p2b: Gengar|Gengar-Mega, L50, M, shiny\n|-mega|p2b: Gengar|Gengar|Gengarite\n|move|p1b: Whimsicott|Tailwind|p1b: Whimsicott\n|-sidestart|p1: NoMercyPex|move: Tailwind\n|move|p1a: Garchomp|Stomping Tantrum|p2b: Gengar\n|-supereffective|p2b: Gengar|1\n|-damage|p2b: Gengar|0 fnt\n|faint|p2b: Gengar\n|move|p2a: Garchomp|Dragon Claw|p1a: Garchomp\n|-supereffective|p1a: Garchomp|1\n|-damage|p1a: Garchomp|5/100\n|-damage|p2a: Garchomp|88/100|[from] ability: Rough Skin|[of] p1a: Garchomp\n|\n|-fieldend|move: Psychic Terrain\n|upkeep\n|\n|t:|1776028119\n|switch|p2b: Aerodactyl|Aerodactyl, L50, M, shiny|82/100\n|-ability|p2b: Aerodactyl|Unnerve\n|turn|8\n|\n|t:|1776028131\n|move|p1b: Whimsicott|Moonblast|p2b: Aerodactyl\n|-damage|p2b: Aerodactyl|36/100\n|move|p1a: Garchomp|Rock Slide|p2b: Aerodactyl|[spread] p2a,p2b\n|-resisted|p2a: Garchomp|1\n|-supereffective|p2b: Aerodactyl|1\n|-damage|p2a: Garchomp|80/100\n|-damage|p2b: Aerodactyl|0 fnt\n|faint|p2b: Aerodactyl\n|cant|p2a: Garchomp|flinch\n|\n|upkeep\n|turn|9\n|-message|juansimon383 forfeited.\n|\n|win|NoMercyPex\n|raw|NoMercyPex's rating: 1366 &rarr; <strong>1391</strong><br />(+25 for winning)\n|raw|juansimon383's rating: 1462 &rarr; <strong>1437</strong><br />(-25 for losing)\n|l|\u2606juansimon383\n|player|p2|\n|l|\u2606NoMercyPex\n|player|p1|\n",
  "uploadtime": 1776028307,
  "views": 37,
  "formatid": "gen9championsvgc2026regma",
  "rating": 1391,
  "private": 0,
  "password": null
}