{
  "id": "gen9championsvgc2026regma-2584676836",
  "format": "[Gen 9 Champions] VGC 2026 Reg M-A",
  "players": [
    "andru_04",
    "VCGDFSFCHAMP"
  ],
  "log": "|j|\u2606andru_04\n|j|\u2606VCGDFSFCHAMP\n|t:|1776276143\n|gametype|doubles\n|player|p1|andru_04|n|1069\n|player|p2|VCGDFSFCHAMP|2|1066\n|gen|9\n|tier|[Gen 9 Champions] VGC 2026 Reg M-A\n|rated|\n|rule|Species Clause: Limit one of each Pok\u00e9mon\n|rule|Item Clause: Limit 1 of each item\n|clearpoke\n|poke|p1|Drampa, L50, F|\n|poke|p1|Sinistcha-Masterpiece, L50|\n|poke|p1|Aerodactyl, L50, M|\n|poke|p1|Floette-Eternal, L50, F|\n|poke|p1|Sneasler, L50, M|\n|poke|p1|Milotic, L50, M|\n|poke|p2|Drampa, L50, M|\n|poke|p2|Archaludon, L50, F|\n|poke|p2|Farigiraf, L50, F|\n|poke|p2|Hatterene, L50, F|\n|poke|p2|Aegislash, L50, M|\n|poke|p2|Rotom-Fan, L50|\n|teampreview|4\n|inactive|Battle timer is ON: inactive players will automatically lose when time's up. (requested by andru_04)\n|inactive|andru_04 has 60 seconds left.\n|inactive|VCGDFSFCHAMP has 60 seconds left.\n|\n|t:|1776276193\n|teamsize|p1|4\n|teamsize|p2|4\n|start\n|switch|p1a: Sneasler|Sneasler, L50, M|100/100\n|switch|p1b: Milotic|Milotic, L50, M|100/100\n|switch|p2a: Aegislash|Aegislash, L50, M, shiny|100/100\n|switch|p2b: Farigiraf|Farigiraf, L50, F, shiny|100/100\n|turn|1\n|\n|t:|1776276208\n|move|p1a: Sneasler|Protect|p1a: Sneasler\n|-singleturn|p1a: Sneasler|Protect\n|move|p2a: Aegislash|King's Shield|p2a: Aegislash\n|-singleturn|p2a: Aegislash|Protect\n|move|p1b: Milotic|Scald|p2a: Aegislash\n|-activate|p2a: Aegislash|move: Protect\n|move|p2b: Farigiraf|Trick Room|p2b: Farigiraf\n|-fieldstart|move: Trick Room|[of] p2b: Farigiraf\n|\n|upkeep\n|turn|2\n|\n|t:|1776276229\n|switch|p1a: Floette|Floette-Eternal, L50, F|100/100\n|move|p2b: Farigiraf|Psychic|p1a: Floette\n|-damage|p1a: Floette|60/100\n|-formechange|p2a: Aegislash|Aegislash-Blade|\n|move|p2a: Aegislash|Shadow Ball|p1b: Milotic\n|-damage|p1b: Milotic|65/100\n|move|p1b: Milotic|Scald|p2a: Aegislash\n|-damage|p2a: Aegislash|32/100\n|\n|upkeep\n|turn|3\n|\n|t:|1776276256\n|switch|p2b: Rotom|Rotom-Fan, L50, shiny|100/100\n|move|p1a: Floette|Protect|p1a: Floette\n|-singleturn|p1a: Floette|Protect\n|move|p2a: Aegislash|Flash Cannon|p1a: Floette\n|-activate|p1a: Floette|move: Protect\n|move|p1b: Milotic|Recover|p1b: Milotic\n|-heal|p1b: Milotic|100/100\n|\n|upkeep\n|turn|4\n|\n|t:|1776276272\n|switch|p1a: Sinistcha|Sinistcha-Masterpiece, L50|100/100\n|move|p2a: Aegislash|Flash Cannon|p1a: Sinistcha\n|-damage|p1a: Sinistcha|46/100\n|move|p2b: Rotom|Volt Switch|p1b: Milotic\n|-supereffective|p1b: Milotic|1\n|-damage|p1b: Milotic|46/100\n|\n|t:|1776276283\n|switch|p2b: Drampa|Drampa, L50, M, shiny|100/100|[from] Volt Switch\n|move|p1b: Milotic|Scald|p2a: Aegislash\n|-damage|p2a: Aegislash|0 fnt\n|faint|p2a: Aegislash\n|\n|upkeep\n|\n|t:|1776276290\n|switch|p2a: Farigiraf|Farigiraf, L50, F, shiny|100/100\n|turn|5\n|\n|t:|1776276307\n|detailschange|p2b: Drampa|Drampa-Mega, L50, M, shiny\n|-mega|p2b: Drampa|Drampa|Drampanite\n|move|p1a: Sinistcha|Rage Powder|p1a: Sinistcha\n|-singleturn|p1a: Sinistcha|move: Rage Powder\n|move|p2b: Drampa|Dragon Pulse|p1a: Sinistcha\n|-damage|p1a: Sinistcha|0 fnt\n|faint|p1a: Sinistcha\n|move|p2a: Farigiraf|Dazzling Gleam|p1b: Milotic\n|-damage|p1b: Milotic|30/100\n|move|p1b: Milotic|Icy Wind|p2a: Farigiraf|[spread] p2a,p2b\n|-supereffective|p2b: Drampa|1\n|-damage|p2a: Farigiraf|91/100\n|-damage|p2b: Drampa|83/100\n|-unboost|p2a: Farigiraf|spe|1\n|-unboost|p2b: Drampa|spe|1\n|\n|-fieldend|move: Trick Room\n|upkeep\n|\n|t:|1776276318\n|switch|p1a: Floette|Floette-Eternal, L50, F|60/100\n|turn|6\n|\n|t:|1776276340\n|detailschange|p1a: Floette|Floette-Mega, L50, F\n|-mega|p1a: Floette|Floette|Floettite\n|-ability|p1a: Floette|Fairy Aura\n|move|p2b: Drampa|Protect|p2b: Drampa\n|-singleturn|p2b: Drampa|Protect\n|move|p1a: Floette|Light of Ruin|p2b: Drampa\n|-activate|p2b: Drampa|move: Protect\n|move|p1b: Milotic|Recover|p1b: Milotic\n|-heal|p1b: Milotic|80/100\n|move|p2a: Farigiraf|Trick Room|p2a: Farigiraf\n|-fieldstart|move: Trick Room|[of] p2a: Farigiraf\n|\n|upkeep\n|turn|7\n|\n|t:|1776276361\n|switch|p1a: Sneasler|Sneasler, L50, M|100/100\n|move|p2a: Farigiraf|Helping Hand|p2b: Drampa\n|-singleturn|p2b: Drampa|Helping Hand|[of] p2a: Farigiraf\n|move|p1b: Milotic|Protect|p1b: Milotic\n|-singleturn|p1b: Milotic|Protect\n|move|p2b: Drampa|Hyper Voice|p1a: Sneasler|[spread] p1a\n|-activate|p1b: Milotic|move: Protect\n|-damage|p1a: Sneasler|21/100\n|\n|upkeep\n|turn|8\n|inactive|andru_04 has 30 seconds left.\n|inactive|andru_04 has 20 seconds left.\n|inactive|andru_04 has 15 seconds left.\n|\n|t:|1776276401\n|move|p1a: Sneasler|Fake Out||[still]\n|cant|p2a: Farigiraf|ability: Armor Tail|Fake Out|[of] p1a: Sneasler\n|move|p2b: Drampa|Dragon Pulse|p1b: Milotic\n|-damage|p1b: Milotic|45/100\n|move|p2a: Farigiraf|Dazzling Gleam|p1a: Sneasler|[spread] p1a,p1b\n|-damage|p1a: Sneasler|0 fnt\n|-damage|p1b: Milotic|32/100\n|faint|p1a: Sneasler\n|move|p1b: Milotic|Recover|p1b: Milotic\n|-heal|p1b: Milotic|82/100\n|\n|upkeep\n|\n|t:|1776276410\n|switch|p1a: Floette|Floette-Mega, L50, F|60/100\n|-ability|p1a: Floette|Fairy Aura\n|turn|9\n|inactive|andru_04 has 30 seconds left.\n|\n|t:|1776276437\n|move|p2b: Drampa|Protect|p2b: Drampa\n|-singleturn|p2b: Drampa|Protect\n|move|p1a: Floette|Protect|p1a: Floette\n|-singleturn|p1a: Floette|Protect\n|move|p2a: Farigiraf|Psychic|p1b: Milotic\n|-damage|p1b: Milotic|57/100\n|move|p1b: Milotic|Icy Wind|p2a: Farigiraf|[spread] p2a\n|-activate|p2b: Drampa|move: Protect\n|-damage|p2a: Farigiraf|81/100\n|-unboost|p2a: Farigiraf|spe|1\n|\n|upkeep\n|turn|10\n|\n|t:|1776276453\n|move|p2a: Farigiraf|Helping Hand|p2b: Drampa\n|-singleturn|p2b: Drampa|Helping Hand|[of] p2a: Farigiraf\n|move|p1a: Floette|Protect|p1a: Floette\n|-singleturn|p1a: Floette|Protect\n|move|p2b: Drampa|Hyper Voice|p1b: Milotic|[spread] p1b\n|-activate|p1a: Floette|move: Protect\n|-damage|p1b: Milotic|16/100\n|move|p1b: Milotic|Recover|p1b: Milotic\n|-heal|p1b: Milotic|66/100\n|\n|-fieldend|move: Trick Room\n|upkeep\n|turn|11\n|\n|t:|1776276477\n|move|p2b: Drampa|Protect|p2b: Drampa\n|-singleturn|p2b: Drampa|Protect\n|move|p1a: Floette|Psychic|p2a: Farigiraf\n|-resisted|p2a: Farigiraf|1\n|-damage|p2a: Farigiraf|64/100\n|move|p1b: Milotic|Scald|p2a: Farigiraf\n|-damage|p2a: Farigiraf|34/100\n|move|p2a: Farigiraf|Trick Room|p2a: Farigiraf\n|-fieldstart|move: Trick Room|[of] p2a: Farigiraf\n|\n|upkeep\n|turn|12\n|\n|t:|1776276493\n|move|p2a: Farigiraf|Helping Hand|p2b: Drampa\n|-singleturn|p2b: Drampa|Helping Hand|[of] p2a: Farigiraf\n|move|p1a: Floette|Protect|p1a: Floette\n|-singleturn|p1a: Floette|Protect\n|move|p2b: Drampa|Hyper Voice|p1b: Milotic|[spread] p1b\n|-activate|p1a: Floette|move: Protect\n|-damage|p1b: Milotic|28/100\n|move|p1b: Milotic|Recover|p1b: Milotic\n|-heal|p1b: Milotic|78/100\n|\n|upkeep\n|turn|13\n|inactive|andru_04 has 30 seconds left.\n|\n|t:|1776276522\n|switch|p2a: Rotom|Rotom-Fan, L50, shiny|100/100\n|move|p2b: Drampa|Protect|p2b: Drampa\n|-singleturn|p2b: Drampa|Protect\n|move|p1b: Milotic|Recover|p1b: Milotic\n|-heal|p1b: Milotic|100/100\n|move|p1a: Floette|Dazzling Gleam|p2a: Rotom|[spread] p2a\n|-activate|p2b: Drampa|move: Protect\n|-damage|p2a: Rotom|54/100\n|\n|upkeep\n|turn|14\n|inactive|VCGDFSFCHAMP has 30 seconds left.\n|\n|t:|1776276549\n|move|p2a: Rotom|Helping Hand|p2b: Drampa\n|-singleturn|p2b: Drampa|Helping Hand|[of] p2a: Rotom\n|move|p1a: Floette|Protect|p1a: Floette\n|-singleturn|p1a: Floette|Protect\n|move|p2b: Drampa|Hyper Voice|p1a: Floette|[spread] p1b\n|-activate|p1a: Floette|move: Protect\n|-damage|p1b: Milotic|63/100\n|move|p1b: Milotic|Icy Wind|p2b: Drampa|[spread] p2a,p2b\n|-supereffective|p2a: Rotom|1\n|-supereffective|p2b: Drampa|1\n|-damage|p2a: Rotom|31/100\n|-damage|p2b: Drampa|66/100\n|-unboost|p2a: Rotom|spe|1\n|-unboost|p2b: Drampa|spe|1\n|\n|upkeep\n|turn|15\n|inactive|andru_04 has 30 seconds left.\n|\n|t:|1776276582\n|move|p2b: Drampa|Protect|p2b: Drampa\n|-singleturn|p2b: Drampa|Protect\n|move|p1a: Floette|Protect||[still]\n|-fail|p1a: Floette\n|move|p2a: Rotom|Thunderbolt|p1b: Milotic\n|-supereffective|p1b: Milotic|1\n|-damage|p1b: Milotic|0 fnt\n|faint|p1b: Milotic\n|\n|-fieldend|move: Trick Room\n|upkeep\n|turn|16\n|\n|t:|1776276596\n|move|p1a: Floette|Dazzling Gleam|p2b: Drampa|[spread] p2a,p2b\n|-supereffective|p2b: Drampa|1\n|-damage|p2a: Rotom|0 fnt\n|-damage|p2b: Drampa|0 fnt\n|faint|p2a: Rotom\n|faint|p2b: Drampa\n|\n|upkeep\n|\n|t:|1776276600\n|switch|p2a: Farigiraf|Farigiraf, L50, F, shiny|34/100\n|turn|17\n|-message|VCGDFSFCHAMP forfeited.\n|\n|win|andru_04\n|raw|andru_04's rating: 1069 &rarr; <strong>1098</strong><br />(+29 for winning)\n|raw|VCGDFSFCHAMP's rating: 1066 &rarr; <strong>1046</strong><br />(-20 for losing)\n|l|\u2606VCGDFSFCHAMP\n|player|p2|\n",
  "uploadtime": 1776276612,
  "views": 31,
  "formatid": "gen9championsvgc2026regma",
  "rating": 1046,
  "private": 0,
  "password": null
}