{
  "id": "gen9championsvgc2026regma-2588426684",
  "format": "[Gen 9 Champions] VGC 2026 Reg M-A",
  "players": [
    "925r",
    "Bobwaft"
  ],
  "log": "|j|\u203d925r\n|j|\u2606Bobwaft\n|t:|1776632551\n|gametype|doubles\n|player|p1|925r|265|1074\n|player|p2|Bobwaft|steven|1139\n|gen|9\n|tier|[Gen 9 Champions] VGC 2026 Reg M-A\n|rated|\n|rule|Species Clause: Limit one of each Pok\u00e9mon\n|rule|Item Clause: Limit 1 of each item\n|clearpoke\n|poke|p1|Whimsicott, L50, F, shiny|\n|poke|p1|Chesnaught, L50, F, shiny|\n|poke|p1|Aggron, L50, M|\n|poke|p1|Rotom-Heat, L50, shiny|\n|poke|p1|Milotic, L50, F|\n|poke|p1|Golurk, L50|\n|poke|p2|Chimecho, L50, F|\n|poke|p2|Sinistcha, L50|\n|poke|p2|Incineroar, L50, M|\n|poke|p2|Pelipper, L50, F|\n|poke|p2|Blastoise, L50, M|\n|poke|p2|Archaludon, L50, M|\n|teampreview|4\n|inactive|Battle timer is ON: inactive players will automatically lose when time's up. (requested by Bobwaft)\n|\n|t:|1776632577\n|teamsize|p1|4\n|teamsize|p2|4\n|start\n|switch|p1a: Milotic|Milotic, L50, F|100/100\n|switch|p1b: Aggron|Aggron, L50, M|100/100\n|switch|p2a: Chimecho|Chimecho, L50, F|100/100\n|switch|p2b: Sinistcha|Sinistcha, L50|100/100\n|turn|1\n|\n|t:|1776632600\n|switch|p1a: Chesnaught|Chesnaught, L50, F, shiny|100/100\n|detailschange|p2a: Chimecho|Chimecho-Mega, L50, F\n|-mega|p2a: Chimecho|Chimecho|Chimechite\n|move|p2a: Chimecho|Cosmic Power|p2a: Chimecho\n|-boost|p2a: Chimecho|def|1\n|-boost|p2a: Chimecho|spd|1\n|move|p1b: Aggron|Iron Defense|p1b: Aggron\n|-boost|p1b: Aggron|def|2\n|move|p2b: Sinistcha|Trick Room|p2b: Sinistcha\n|-fieldstart|move: Trick Room|[of] p2b: Sinistcha\n|\n|upkeep\n|turn|2\n|inactive|925r has 30 seconds left.\n|inactive|Bobwaft has 30 seconds left.\n|\n|t:|1776632631\n|switch|p2b: Pelipper|Pelipper, L50, F|100/100\n|-weather|RainDance|[from] ability: Drizzle|[of] p2b: Pelipper\n|detailschange|p1a: Chesnaught|Chesnaught-Mega, L50, F, shiny\n|-mega|p1a: Chesnaught|Chesnaught|Chesnaughtite\n|move|p1a: Chesnaught|Spiky Shield|p1a: Chesnaught\n|-singleturn|p1a: Chesnaught|move: Protect\n|move|p1b: Aggron|Heavy Slam|p2b: Pelipper\n|-resisted|p2b: Pelipper|1\n|-damage|p2b: Pelipper|66/100\n|move|p2a: Chimecho|Cosmic Power|p2a: Chimecho\n|-boost|p2a: Chimecho|def|1\n|-boost|p2a: Chimecho|spd|1\n|\n|-weather|RainDance|[upkeep]\n|upkeep\n|turn|3\n|inactive|925r has 30 seconds left.\n|inactive|Bobwaft has 30 seconds left.\n|\n|t:|1776632664\n|switch|p1a: Milotic|Milotic, L50, F|100/100\n|move|p1b: Aggron|Body Press|p2b: Pelipper\n|-resisted|p2b: Pelipper|1\n|-damage|p2b: Pelipper|27/100\n|move|p2a: Chimecho|Cosmic Power|p2a: Chimecho\n|-boost|p2a: Chimecho|def|1\n|-boost|p2a: Chimecho|spd|1\n|move|p2b: Pelipper|Hurricane|p1a: Milotic\n|-damage|p1a: Milotic|77/100\n|\n|-weather|RainDance|[upkeep]\n|-heal|p1a: Milotic|83/100|[from] item: Leftovers\n|upkeep\n|turn|4\n|\n|t:|1776632686\n|switch|p2b: Sinistcha|Sinistcha, L50|100/100\n|move|p1b: Aggron|Heavy Slam|p2b: Sinistcha\n|-damage|p2b: Sinistcha|59/100\n|move|p2a: Chimecho|Cosmic Power|p2a: Chimecho\n|-boost|p2a: Chimecho|def|1\n|-boost|p2a: Chimecho|spd|1\n|move|p1a: Milotic|Coil|p1a: Milotic\n|-boost|p1a: Milotic|atk|1\n|-boost|p1a: Milotic|def|1\n|-boost|p1a: Milotic|accuracy|1\n|\n|-weather|RainDance|[upkeep]\n|-heal|p2b: Sinistcha|66/100|[from] item: Leftovers\n|-heal|p1a: Milotic|89/100|[from] item: Leftovers\n|upkeep\n|turn|5\n|\n|t:|1776632714\n|switch|p2b: Archaludon|Archaludon, L50, M|100/100\n|move|p1b: Aggron|Heavy Slam|p2b: Archaludon\n|-resisted|p2b: Archaludon|1\n|-damage|p2b: Archaludon|78/100\n|-ability|p2b: Archaludon|Stamina|boost\n|-boost|p2b: Archaludon|def|1\n|move|p2a: Chimecho|Stored Power|p1a: Milotic\n|-damage|p1a: Milotic|35/100\n|move|p1a: Milotic|Muddy Water|p2a: Chimecho|[spread] p2a,p2b\n|-resisted|p2b: Archaludon|1\n|-damage|p2a: Chimecho|92/100\n|-damage|p2b: Archaludon|53/100\n|-ability|p2b: Archaludon|Stamina|boost\n|-boost|p2b: Archaludon|def|1\n|\n|-weather|RainDance|[upkeep]\n|-heal|p1a: Milotic|41/100|[from] item: Leftovers\n|-fieldend|move: Trick Room\n|upkeep\n|turn|6\n|\n|t:|1776632738\n|move|p2b: Archaludon|Protect|p2b: Archaludon\n|-singleturn|p2b: Archaludon|Protect\n|move|p1a: Milotic|Recover|p1a: Milotic\n|-heal|p1a: Milotic|91/100\n|move|p2a: Chimecho|Stored Power|p1a: Milotic\n|-damage|p1a: Milotic|37/100\n|move|p1b: Aggron|Iron Defense|p1b: Aggron\n|-boost|p1b: Aggron|def|2\n|\n|-weather|none\n|-heal|p1a: Milotic|43/100|[from] item: Leftovers\n|upkeep\n|turn|7\n|\n|t:|1776632761\n|switch|p2b: Pelipper|Pelipper, L50, F|27/100\n|-weather|RainDance|[from] ability: Drizzle|[of] p2b: Pelipper\n|move|p1a: Milotic|Recover|p1a: Milotic\n|-heal|p1a: Milotic|93/100\n|move|p2a: Chimecho|Cosmic Power|p2a: Chimecho\n|-boost|p2a: Chimecho|def|1\n|-boost|p2a: Chimecho|spd|1\n|move|p1b: Aggron|Body Press|p2b: Pelipper\n|-resisted|p2b: Pelipper|1\n|-damage|p2b: Pelipper|0 fnt\n|faint|p2b: Pelipper\n|\n|-weather|RainDance|[upkeep]\n|-heal|p1a: Milotic|99/100|[from] item: Leftovers\n|upkeep\n|\n|t:|1776632769\n|switch|p2b: Archaludon|Archaludon, L50, M|53/100\n|turn|8\n|\n|t:|1776632782\n|move|p2b: Archaludon|Electro Shot||[still]\n|-prepare|p2b: Archaludon|Electro Shot\n|-boost|p2b: Archaludon|spa|1\n|-anim|p2b: Archaludon|Electro Shot|p1a: Milotic\n|-supereffective|p1a: Milotic|1\n|-damage|p1a: Milotic|0 fnt\n|faint|p1a: Milotic\n|move|p2a: Chimecho|Stored Power|p1b: Aggron\n|-resisted|p1b: Aggron|1\n|-damage|p1b: Aggron|32/100\n|move|p1b: Aggron|Body Press|p2b: Archaludon\n|-supereffective|p2b: Archaludon|1\n|-damage|p2b: Archaludon|0 fnt\n|faint|p2b: Archaludon\n|\n|-weather|RainDance|[upkeep]\n|upkeep\n|\n|t:|1776632797\n|switch|p2b: Sinistcha|Sinistcha, L50|66/100\n|switch|p1a: Whimsicott|Whimsicott, L50, F, shiny|100/100\n|-heal|p2a: Chimecho|100/100|[from] ability: Hospitality|[of] p2b: Sinistcha\n|turn|9\n|\n|t:|1776632817\n|move|p1b: Aggron|Protect|p1b: Aggron\n|-singleturn|p1b: Aggron|Protect\n|move|p1a: Whimsicott|Tailwind|p1a: Whimsicott\n|-sidestart|p1: 925r|move: Tailwind\n|move|p2a: Chimecho|Stored Power|p1b: Aggron\n|-activate|p1b: Aggron|move: Protect\n|move|p2b: Sinistcha|Trick Room|p2b: Sinistcha\n|-fieldstart|move: Trick Room|[of] p2b: Sinistcha\n|\n|-weather|RainDance|[upkeep]\n|-heal|p2b: Sinistcha|72/100|[from] item: Leftovers\n|upkeep\n|turn|10\n|\n|t:|1776632834\n|move|p1a: Whimsicott|Encore|p2b: Sinistcha\n|-start|p2b: Sinistcha|Encore\n|move|p2a: Chimecho|Stored Power|p1b: Aggron\n|-resisted|p1b: Aggron|1\n|-damage|p1b: Aggron|0 fnt\n|faint|p1b: Aggron\n|move|p2b: Sinistcha|Trick Room|p2b: Sinistcha\n|-fieldend|move: Trick Room\n|\n|-weather|RainDance|[upkeep]\n|-heal|p2b: Sinistcha|78/100|[from] item: Leftovers\n|upkeep\n|\n|t:|1776632848\n|switch|p1b: Chesnaught|Chesnaught-Mega, L50, F, shiny|100/100\n|turn|11\n|\n|t:|1776632866\n|move|p1a: Whimsicott|Grassy Terrain|p1a: Whimsicott\n|-fieldstart|move: Grassy Terrain\n|move|p1b: Chesnaught|Drain Punch|p2a: Chimecho\n|-damage|p2a: Chimecho|89/100\n|move|p2a: Chimecho|Stored Power|p1a: Whimsicott\n|-enditem|p1a: Whimsicott|Focus Sash\n|-damage|p1a: Whimsicott|1/100\n|move|p2b: Sinistcha|Trick Room|p2b: Sinistcha\n|-fieldstart|move: Trick Room|[of] p2b: Sinistcha\n|\n|-weather|none\n|-heal|p2b: Sinistcha|84/100|[from] Grassy Terrain\n|-heal|p2b: Sinistcha|90/100|[from] item: Leftovers\n|-heal|p1a: Whimsicott|7/100|[from] Grassy Terrain\n|upkeep\n|turn|12\n|\n|t:|1776632889\n|move|p1b: Chesnaught|Spiky Shield|p1b: Chesnaught\n|-singleturn|p1b: Chesnaught|move: Protect\n|move|p2a: Chimecho|Stored Power|p1a: Whimsicott\n|-damage|p1a: Whimsicott|0 fnt\n|faint|p1a: Whimsicott\n|move|p2b: Sinistcha|Trick Room|p2b: Sinistcha\n|-fieldend|move: Trick Room\n|\n|-heal|p2b: Sinistcha|97/100|[from] Grassy Terrain\n|-heal|p2b: Sinistcha|100/100|[from] item: Leftovers\n|-end|p2b: Sinistcha|Encore\n|-sideend|p1: 925r|move: Tailwind\n|upkeep\n|turn|13\n|\n|t:|1776632902\n|move|p1b: Chesnaught|Grassy Glide|p2a: Chimecho\n|-resisted|p2a: Chimecho|1\n|-damage|p2a: Chimecho|84/100\n|move|p2a: Chimecho|Cosmic Power|p2a: Chimecho\n|-boost|p2a: Chimecho|def|1\n|-boost|p2a: Chimecho|spd|1\n|move|p2b: Sinistcha|Matcha Gotcha|p1b: Chesnaught\n|-resisted|p1b: Chesnaught|1\n|-damage|p1b: Chesnaught|82/100\n|\n|-heal|p1b: Chesnaught|88/100|[from] Grassy Terrain\n|upkeep\n|turn|14\n|-message|925r forfeited.\n|\n|win|Bobwaft\n|raw|925r's rating: 1074 &rarr; <strong>1057</strong><br />(-17 for losing)\n|raw|Bobwaft's rating: 1139 &rarr; <strong>1159</strong><br />(+20 for winning)\n|l|\u203d925r\n|player|p1|\n|c|\u2606Bobwaft|whats the gameplan\n",
  "uploadtime": 1776632917,
  "views": 11,
  "formatid": "gen9championsvgc2026regma",
  "rating": 1057,
  "private": 0,
  "password": null
}