{
  "id": "gen9championsvgc2026regma-2589413274",
  "format": "[Gen 9 Champions] VGC 2026 Reg M-A",
  "players": [
    "Bazmac636",
    "anaverageguitarist"
  ],
  "log": "|j|\u2606Bazmac636\n|j|\u2606anaverageguitarist\n|t:|1776720899\n|gametype|doubles\n|player|p1|Bazmac636|266|1170\n|player|p2|anaverageguitarist|benga|1201\n|gen|9\n|tier|[Gen 9 Champions] VGC 2026 Reg M-A\n|rated|\n|rule|Species Clause: Limit one of each Pok\u00e9mon\n|rule|Item Clause: Limit 1 of each item\n|clearpoke\n|poke|p1|Gardevoir, L50, F|\n|poke|p1|Garchomp, L50, F|\n|poke|p1|Charizard, L50, M|\n|poke|p1|Venusaur, L50, F|\n|poke|p1|Whimsicott, L50, M|\n|poke|p1|Sneasler, L50, M|\n|poke|p2|Floette-Eternal, L50, F|\n|poke|p2|Farigiraf, L50, F|\n|poke|p2|Volcarona, L50, F|\n|poke|p2|Kangaskhan, L50, F|\n|poke|p2|Basculegion, L50, M|\n|poke|p2|Sinistcha-Masterpiece, L50|\n|teampreview|4\nanaverageguitarist has agreed to open team sheets.\n|j| TheCadKid\n|inactive|Battle timer is ON: inactive players will automatically lose when time's up. (requested by Bazmac636)\n|inactive|anaverageguitarist has 60 seconds left.\n|\n|t:|1776720950\n|teamsize|p1|4\n|teamsize|p2|4\n|start\n|switch|p1a: Charizard|Charizard, L50, M|100/100\n|switch|p1b: Venusaur|Venusaur, L50, F|100/100\n|switch|p2a: Basculegion|Basculegion, L50, M|100/100\n|switch|p2b: Farigiraf|Farigiraf, L50, F|100/100\n|turn|1\n|\n|t:|1776720966\n|switch|p2a: Sinistcha|Sinistcha-Masterpiece, L50|100/100\n|detailschange|p1a: Charizard|Charizard-Mega-Y, L50, M\n|-mega|p1a: Charizard|Charizard|Charizardite Y\n|-weather|SunnyDay|[from] ability: Drought|[of] p1a: Charizard\n|move|p1a: Charizard|Protect|p1a: Charizard\n|-singleturn|p1a: Charizard|Protect\n|move|p1b: Venusaur|Solar Beam||[still]\n|-prepare|p1b: Venusaur|Solar Beam\n|-anim|p1b: Venusaur|Solar Beam|p2a: Sinistcha\n|-resisted|p2a: Sinistcha|1\n|-damage|p2a: Sinistcha|68/100\n|move|p2b: Farigiraf|Psychic|p1b: Venusaur\n|-supereffective|p1b: Venusaur|1\n|-damage|p1b: Venusaur|29/100\n|\n|-weather|SunnyDay|[upkeep]\n|-heal|p1b: Venusaur|35/100|[from] item: Leftovers\n|upkeep\n|turn|2\n|\n|t:|1776720986\n|switch|p2a: Basculegion|Basculegion, L50, M|100/100\n|move|p1b: Venusaur|Synthesis|p1b: Venusaur\n|-heal|p1b: Venusaur|100/100\n|move|p1a: Charizard|Heat Wave|p2b: Farigiraf|[spread] p2a,p2b\n|-resisted|p2a: Basculegion|1\n|-damage|p2a: Basculegion|57/100\n|-damage|p2b: Farigiraf|21/100\n|move|p2b: Farigiraf|Psychic|p1b: Venusaur\n|-supereffective|p1b: Venusaur|1\n|-damage|p1b: Venusaur|26/100\n|\n|-weather|SunnyDay|[upkeep]\n|-heal|p1b: Venusaur|32/100|[from] item: Leftovers\n|-heal|p2b: Farigiraf|27/100|[from] item: Leftovers\n|upkeep\n|turn|3\n|\n|t:|1776721001\n|switch|p2a: Sinistcha|Sinistcha-Masterpiece, L50|68/100\n|-heal|p2b: Farigiraf|52/100|[from] ability: Hospitality|[of] p2a: Sinistcha\n|move|p1b: Venusaur|Solar Beam||[still]\n|-prepare|p1b: Venusaur|Solar Beam\n|-anim|p1b: Venusaur|Solar Beam|p2a: Sinistcha\n|-resisted|p2a: Sinistcha|1\n|-damage|p2a: Sinistcha|35/100\n|-enditem|p2a: Sinistcha|Sitrus Berry|[eat]\n|-heal|p2a: Sinistcha|60/100|[from] item: Sitrus Berry\n|move|p1a: Charizard|Heat Wave|p2a: Sinistcha|[spread] p2a,p2b\n|-supereffective|p2a: Sinistcha|1\n|-damage|p2a: Sinistcha|0 fnt\n|-damage|p2b: Farigiraf|0 fnt\n|faint|p2a: Sinistcha\n|faint|p2b: Farigiraf\n|\n|-weather|SunnyDay|[upkeep]\n|-heal|p1b: Venusaur|38/100|[from] item: Leftovers\n|upkeep\n|\n|t:|1776721009\n|switch|p2a: Floette|Floette-Eternal, L50, F|100/100\n|switch|p2b: Basculegion|Basculegion, L50, M|57/100\n|turn|4\n|\n|t:|1776721022\n|detailschange|p2a: Floette|Floette-Mega, L50, F\n|-mega|p2a: Floette|Floette|Floettite\n|-ability|p2a: Floette|Fairy Aura\n|move|p1b: Venusaur|Sludge Bomb|p2a: Floette\n|-supereffective|p2a: Floette|1\n|-damage|p2a: Floette|21/100\n|-status|p2a: Floette|psn\n|move|p2b: Basculegion|Last Respects|p1b: Venusaur\n|-damage|p1b: Venusaur|0 fnt\n|faint|p1b: Venusaur\n|move|p2a: Floette|Calm Mind|p2a: Floette\n|-boost|p2a: Floette|spa|1\n|-boost|p2a: Floette|spd|1\n|move|p1a: Charizard|Solar Beam||[still]\n|-prepare|p1a: Charizard|Solar Beam\n|-anim|p1a: Charizard|Solar Beam|p2b: Basculegion\n|-supereffective|p2b: Basculegion|1\n|-damage|p2b: Basculegion|0 fnt\n|faint|p2b: Basculegion\n|\n|-weather|SunnyDay|[upkeep]\n|-damage|p2a: Floette|9/100 psn|[from] psn\n|upkeep\n|\n|t:|1776721041\n|switch|p1b: Sneasler|Sneasler, L50, M|100/100\n|turn|5\n|\n|t:|1776721045\n|move|p1b: Sneasler|Dire Claw|p2a: Floette\n|-supereffective|p2a: Floette|1\n|-damage|p2a: Floette|0 fnt\n|faint|p2a: Floette\n|\n|win|Bazmac636\n|raw|Bazmac636's rating: 1170 &rarr; <strong>1197</strong><br />(+27 for winning)\n|raw|anaverageguitarist's rating: 1201 &rarr; <strong>1174</strong><br />(-27 for losing)\n",
  "uploadtime": 1776721050,
  "views": 6,
  "formatid": "gen9championsvgc2026regma",
  "rating": 1174,
  "private": 0,
  "password": null
}