{
  "id": "gen9championsvgc2026regma-2586652920",
  "format": "[Gen 9 Champions] VGC 2026 Reg M-A",
  "players": [
    "dxjack",
    "Burnburd"
  ],
  "log": "|j|\u2606dxjack\n|j|\u2606Burnburd\n|t:|1776449607\n|gametype|doubles\n|player|p1|dxjack|red|1000\n|player|p2|Burnburd|caitlin|1012\n|gen|9\n|tier|[Gen 9 Champions] VGC 2026 Reg M-A\n|rated|\n|rule|Species Clause: Limit one of each Pok\u00e9mon\n|rule|Item Clause: Limit 1 of each item\n|clearpoke\n|poke|p1|Excadrill, L50, M|\n|poke|p1|Tyranitar, L50, F|\n|poke|p1|Aerodactyl, L50, F|\n|poke|p1|Garchomp, L50, M|\n|poke|p1|Arcanine-Hisui, L50, M|\n|poke|p1|Aegislash, L50, M|\n|poke|p2|Sandaconda, L50, F|\n|poke|p2|Tyranitar, L50, F|\n|poke|p2|Farigiraf, L50, M|\n|poke|p2|Weavile, L50, F|\n|poke|p2|Sinistcha, L50|\n|poke|p2|Clefable, L50, M|\n|teampreview|4\n|inactive|Battle timer is ON: inactive players will automatically lose when time's up. (requested by Burnburd)\n|\n|t:|1776449655\n|teamsize|p1|4\n|teamsize|p2|4\n|start\n|switch|p1a: Arcanine|Arcanine-Hisui, L50, M|100/100\n|switch|p1b: Excadrill|Excadrill, L50, M|100/100\n|switch|p2a: Farigiraf|Farigiraf, L50, M|100/100\n|switch|p2b: Sinistcha|Sinistcha, L50|100/100\n|-ability|p1a: Arcanine|Intimidate|boost\n|-unboost|p2a: Farigiraf|atk|1\n|-unboost|p2b: Sinistcha|atk|1\n|turn|1\n|inactive|dxjack has 30 seconds left.\n|inactive|Burnburd has 30 seconds left.\n|inactive|dxjack has 20 seconds left.\n|inactive|dxjack has 15 seconds left.\n|inactive|dxjack has 10 seconds left.\n|inactive|dxjack has 5 seconds left.\n|\n|t:|1776449707\n|switch|p1a: Aegislash|Aegislash, L50, M|100/100\n|move|p2b: Sinistcha|Rage Powder|p2b: Sinistcha\n|-singleturn|p2b: Sinistcha|move: Rage Powder\n|move|p1b: Excadrill|Iron Head|p2b: Sinistcha\n|-damage|p2b: Sinistcha|65/100\n|move|p2a: Farigiraf|Trick Room|p2a: Farigiraf\n|-fieldstart|move: Trick Room|[of] p2a: Farigiraf\n|\n|upkeep\n|turn|2\n|\n|t:|1776449732\n|switch|p2a: Tyranitar|Tyranitar, L50, F|100/100\n|-weather|Sandstorm|[from] ability: Sand Stream|[of] p2a: Tyranitar\n|switch|p2b: Sandaconda|Sandaconda, L50, F, shiny|100/100\n|switch|p1b: Tyranitar|Tyranitar, L50, F|100/100\n|-formechange|p1a: Aegislash|Aegislash-Blade|\n|move|p1a: Aegislash|Shadow Ball|p2b: Sandaconda|[miss]\n|-miss|p1a: Aegislash|p2b: Sandaconda\n|\n|-weather|Sandstorm|[upkeep]\n|upkeep\n|turn|3\n|inactive|dxjack has 30 seconds left.\n|\n|t:|1776449757\n|-formechange|p1a: Aegislash|Aegislash|\n|move|p1a: Aegislash|King's Shield|p1a: Aegislash\n|-singleturn|p1a: Aegislash|Protect\n|move|p2a: Tyranitar|Protect|p2a: Tyranitar\n|-singleturn|p2a: Tyranitar|Protect\n|move|p2b: Sandaconda|Minimize|p2b: Sandaconda\n|-boost|p2b: Sandaconda|evasion|2\n|move|p1b: Tyranitar|Knock Off|p2b: Sandaconda|[miss]\n|-miss|p1b: Tyranitar|p2b: Sandaconda\n|\n|-weather|Sandstorm|[upkeep]\n|upkeep\n|turn|4\n|inactive|dxjack has 30 seconds left.\n|\n|t:|1776449791\n|switch|p2a: Sinistcha|Sinistcha, L50|65/100\n|-formechange|p1a: Aegislash|Aegislash-Blade|\n|move|p1a: Aegislash|Sacred Sword|p2a: Sinistcha\n|-immune|p2a: Sinistcha\n|move|p2b: Sandaconda|Minimize|p2b: Sandaconda\n|-boost|p2b: Sandaconda|evasion|2\n|move|p1b: Tyranitar|Knock Off|p2a: Sinistcha\n|-supereffective|p2a: Sinistcha|1\n|-damage|p2a: Sinistcha|0 fnt\n|-enditem|p2a: Sinistcha|Sitrus Berry|[from] move: Knock Off|[of] p1b: Tyranitar\n|faint|p2a: Sinistcha\n|\n|-weather|Sandstorm|[upkeep]\n|upkeep\n|\n|t:|1776449803\n|switch|p2a: Farigiraf|Farigiraf, L50, M|100/100\n|turn|5\n|\n|t:|1776449826\n|-formechange|p1a: Aegislash|Aegislash|\n|move|p1a: Aegislash|King's Shield|p1a: Aegislash\n|-singleturn|p1a: Aegislash|Protect\n|move|p2a: Farigiraf|Protect|p2a: Farigiraf\n|-singleturn|p2a: Farigiraf|Protect\n|move|p2b: Sandaconda|Minimize|p2b: Sandaconda\n|-boost|p2b: Sandaconda|evasion|2\n|move|p1b: Tyranitar|Knock Off|p2a: Farigiraf\n|-activate|p2a: Farigiraf|move: Protect\n|\n|-weather|Sandstorm|[upkeep]\n|-damage|p2a: Farigiraf|94/100|[from] Sandstorm\n|-fieldend|move: Trick Room\n|upkeep\n|turn|6\n|\n|t:|1776449850\n|switch|p1a: Arcanine|Arcanine-Hisui, L50, M|100/100\n|-ability|p1a: Arcanine|Intimidate|boost\n|-unboost|p2a: Farigiraf|atk|1\n|-unboost|p2b: Sandaconda|atk|1\n|move|p1b: Tyranitar|Knock Off|p2a: Farigiraf\n|-supereffective|p2a: Farigiraf|1\n|-damage|p2a: Farigiraf|17/100\n|move|p2b: Sandaconda|Coil|p2b: Sandaconda\n|-boost|p2b: Sandaconda|atk|1\n|-boost|p2b: Sandaconda|def|1\n|-boost|p2b: Sandaconda|accuracy|1\n|move|p2a: Farigiraf|Trick Room|p2a: Farigiraf\n|-fieldstart|move: Trick Room|[of] p2a: Farigiraf\n|\n|-weather|none\n|upkeep\n|turn|7\n|inactive|dxjack has 30 seconds left.\n|\n|t:|1776449878\n|switch|p1a: Excadrill|Excadrill, L50, M|100/100\n|move|p2a: Farigiraf|Protect|p2a: Farigiraf\n|-singleturn|p2a: Farigiraf|Protect\n|move|p2b: Sandaconda|Coil|p2b: Sandaconda\n|-boost|p2b: Sandaconda|atk|1\n|-boost|p2b: Sandaconda|def|1\n|-boost|p2b: Sandaconda|accuracy|1\n|move|p1b: Tyranitar|Rock Slide|p2b: Sandaconda|[spread] \n|-activate|p2a: Farigiraf|move: Protect\n|-miss|p1b: Tyranitar|p2b: Sandaconda\n|\n|upkeep\n|turn|8\n|inactive|dxjack has 30 seconds left.\n|\n|t:|1776449910\n|move|p2a: Farigiraf|Protect|p2a: Farigiraf\n|-singleturn|p2a: Farigiraf|Protect\n|move|p1a: Excadrill|Protect|p1a: Excadrill\n|-singleturn|p1a: Excadrill|Protect\n|move|p2b: Sandaconda|Coil|p2b: Sandaconda\n|-boost|p2b: Sandaconda|atk|1\n|-boost|p2b: Sandaconda|def|1\n|-boost|p2b: Sandaconda|accuracy|1\n|move|p1b: Tyranitar|Knock Off|p2a: Farigiraf\n|-activate|p2a: Farigiraf|move: Protect\n|\n|upkeep\n|turn|9\n|inactive|dxjack has 30 seconds left.\n|\n|t:|1776449939\n|switch|p1b: Arcanine|Arcanine-Hisui, L50, M|100/100\n|-ability|p1b: Arcanine|Intimidate|boost\n|-unboost|p2a: Farigiraf|atk|1\n|-unboost|p2b: Sandaconda|atk|1\n|detailschange|p1a: Excadrill|Excadrill-Mega, L50, M\n|-mega|p1a: Excadrill|Excadrill|Excadrite\n|move|p2a: Farigiraf|Protect||[still]\n|-fail|p2a: Farigiraf\n|move|p2b: Sandaconda|Earthquake|p1a: Excadrill|[spread] p2a,p1a,p1b\n|-supereffective|p1a: Excadrill|1\n|-supereffective|p1b: Arcanine|2\n|-damage|p2a: Farigiraf|0 fnt\n|-damage|p1a: Excadrill|3/100\n|-damage|p1b: Arcanine|0 fnt\n|faint|p2a: Farigiraf\n|faint|p1b: Arcanine\n|move|p1a: Excadrill|High Horsepower|p2b: Sandaconda\n|-damage|p2b: Sandaconda|83/100\n|\n|upkeep\n|\n|t:|1776449958\n|switch|p2a: Tyranitar|Tyranitar, L50, F|100/100\n|switch|p1b: Aegislash|Aegislash, L50, M|100/100\n|-weather|Sandstorm|[from] ability: Sand Stream|[of] p2a: Tyranitar\n|turn|10\n|\n|t:|1776449978\n|detailschange|p2a: Tyranitar|Tyranitar-Mega, L50, F\n|-mega|p2a: Tyranitar|Tyranitar|Tyranitarite\n|move|p2a: Tyranitar|Protect|p2a: Tyranitar\n|-singleturn|p2a: Tyranitar|Protect\n|move|p1a: Excadrill|Protect|p1a: Excadrill\n|-singleturn|p1a: Excadrill|Protect\n|move|p1b: Aegislash|Wide Guard|p1b: Aegislash\n|-singleturn|p1b: Aegislash|Wide Guard\n|move|p2b: Sandaconda|Earthquake|p1b: Aegislash|[spread] \n|-activate|p1a: Excadrill|move: Wide Guard\n|-activate|p1b: Aegislash|move: Wide Guard\n|-activate|p2a: Tyranitar|move: Protect\n|\n|-weather|Sandstorm|[upkeep]\n|-fieldend|move: Trick Room\n|upkeep\n|turn|11\n|\n|t:|1776450005\n|move|p1b: Aegislash|Wide Guard|p1b: Aegislash\n|-singleturn|p1b: Aegislash|Wide Guard\n|move|p1a: Excadrill|Iron Head|p2a: Tyranitar\n|-supereffective|p2a: Tyranitar|1\n|-damage|p2a: Tyranitar|48/100\n|cant|p2a: Tyranitar|flinch\n|move|p2b: Sandaconda|Rock Slide|p1a: Excadrill|[spread] \n|-activate|p1a: Excadrill|move: Wide Guard\n|-activate|p1b: Aegislash|move: Wide Guard\n|\n|-weather|Sandstorm|[upkeep]\n|upkeep\n|turn|12\n|inactive|dxjack has 30 seconds left.\n|\n|t:|1776450031\n|move|p2a: Tyranitar|Protect|p2a: Tyranitar\n|-singleturn|p2a: Tyranitar|Protect\n|move|p1b: Aegislash|Wide Guard|p1b: Aegislash\n|-singleturn|p1b: Aegislash|Wide Guard\n|move|p1a: Excadrill|Iron Head|p2a: Tyranitar\n|-supereffective|p2a: Tyranitar|1\n|-ability|p1a: Excadrill|Piercing Drill\n|-zbroken|p2a: Tyranitar\n|-damage|p2a: Tyranitar|34/100\n|move|p2b: Sandaconda|Earthquake|p1b: Aegislash|[spread] \n|-activate|p1a: Excadrill|move: Wide Guard\n|-activate|p1b: Aegislash|move: Wide Guard\n|-activate|p2a: Tyranitar|move: Protect\n|\n|-weather|Sandstorm|[upkeep]\n|upkeep\n|turn|13\n|inactive|dxjack has 30 seconds left.\n|\n|t:|1776450060\n|move|p1b: Aegislash|Wide Guard|p1b: Aegislash\n|-singleturn|p1b: Aegislash|Wide Guard\n|move|p1a: Excadrill|High Horsepower|p2a: Tyranitar\n|-supereffective|p2a: Tyranitar|1\n|-damage|p2a: Tyranitar|0 fnt\n|faint|p2a: Tyranitar\n|move|p2b: Sandaconda|Earthquake|p1a: Excadrill|[spread] \n|-activate|p1a: Excadrill|move: Wide Guard\n|-activate|p1b: Aegislash|move: Wide Guard\n|\n|-weather|Sandstorm|[upkeep]\n|upkeep\n|turn|14\n|inactive|dxjack has 30 seconds left.\n|\n|t:|1776450086\n|move|p1b: Aegislash|Wide Guard|p1b: Aegislash\n|-singleturn|p1b: Aegislash|Wide Guard\n|move|p1a: Excadrill|Iron Head|p2b: Sandaconda\n|-damage|p2b: Sandaconda|68/100\n|move|p2b: Sandaconda|Coil|p2b: Sandaconda\n|-boost|p2b: Sandaconda|atk|1\n|-boost|p2b: Sandaconda|def|1\n|-boost|p2b: Sandaconda|accuracy|1\n|\n|-weather|none\n|upkeep\n|turn|15\n|\n|t:|1776450096\n|move|p1b: Aegislash|Wide Guard|p1b: Aegislash\n|-singleturn|p1b: Aegislash|Wide Guard\n|move|p1a: Excadrill|Iron Head|p2b: Sandaconda|[miss]\n|-miss|p1a: Excadrill|p2b: Sandaconda\n|move|p2b: Sandaconda|Coil|p2b: Sandaconda\n|-boost|p2b: Sandaconda|atk|1\n|-boost|p2b: Sandaconda|def|1\n|-boost|p2b: Sandaconda|accuracy|1\n|\n|upkeep\n|turn|16\n|inactive|dxjack has 30 seconds left.\n|inactive|dxjack has 20 seconds left.\n|inactive|dxjack has 15 seconds left.\n|inactive|dxjack has 10 seconds left.\n|\n|t:|1776450126\n|move|p1b: Aegislash|Wide Guard|p1b: Aegislash\n|-singleturn|p1b: Aegislash|Wide Guard\n|move|p1a: Excadrill|Iron Head|p2b: Sandaconda|[miss]\n|-miss|p1a: Excadrill|p2b: Sandaconda\n|move|p2b: Sandaconda|Earthquake|p1a: Excadrill|[spread] \n|-activate|p1a: Excadrill|move: Wide Guard\n|-activate|p1b: Aegislash|move: Wide Guard\n|\n|upkeep\n|turn|17\n|inactive|dxjack has 10 seconds left this turn.\n|inactive|dxjack has 5 seconds left.\n|-message|dxjack lost due to inactivity.\n|\n|win|Burnburd\n|raw|dxjack's rating: 1000 &rarr; <strong>1000</strong><br />(+0 for losing)\n|raw|Burnburd's rating: 1012 &rarr; <strong>1049</strong><br />(+37 for winning)\n",
  "uploadtime": 1776450140,
  "views": 28,
  "formatid": "gen9championsvgc2026regma",
  "rating": 1000,
  "private": 0,
  "password": null
}