{
  "id": "gen9championsvgc2026regma-2583903729",
  "format": "[Gen 9 Champions] VGC 2026 Reg M-A",
  "players": [
    "51_vm",
    "The Carkol Rider"
  ],
  "log": "|j|\u260651_vm\n|j|\u2606The Carkol Rider\n|t:|1776206956\n|gametype|doubles\n|player|p1|51_vm|unknown|1043\n|player|p2|The Carkol Rider|grimsley|1103\n|gen|9\n|tier|[Gen 9 Champions] VGC 2026 Reg M-A\n|rated|\n|rule|Species Clause: Limit one of each Pok\u00e9mon\n|rule|Item Clause: Limit 1 of each item\n|clearpoke\n|poke|p1|Sneasler, L50, M|\n|poke|p1|Lucario, L50, F|\n|poke|p1|Milotic, L50, M|\n|poke|p1|Garchomp, L50, F|\n|poke|p1|Maushold-Four, L50|\n|poke|p1|Armarouge, L50, F|\n|poke|p2|Floette-Eternal, L50, F|\n|poke|p2|Maushold, L50|\n|poke|p2|Garchomp, L50, F|\n|poke|p2|Talonflame, L50, F|\n|poke|p2|Rotom-Wash, L50|\n|poke|p2|Aegislash, L50, F|\n|teampreview|4\n|j| LanternComic\n|\n|t:|1776206998\n|teamsize|p1|4\n|teamsize|p2|4\n|start\n|switch|p1a: Sneasler|Sneasler, L50, M, shiny|100/100\n|switch|p1b: Lucario|Lucario, L50, F, shiny|100/100\n|switch|p2a: Garchomp|Garchomp, L50, F|100/100\n|switch|p2b: Rotom|Rotom-Wash, L50|100/100\n|turn|1\n|inactive|Battle timer is ON: inactive players will automatically lose when time's up. (requested by 51_vm)\n|inactive|51_vm has 60 seconds left.\n|\n|t:|1776207032\n|detailschange|p1b: Lucario|Lucario-Mega, L50, F, shiny\n|-mega|p1b: Lucario|Lucario|Lucarionite\n|move|p2b: Rotom|Helping Hand|p2a: Garchomp\n|-singleturn|p2a: Garchomp|Helping Hand|[of] p2b: Rotom\n|move|p1a: Sneasler|Fake Out|p2a: Garchomp\n|-damage|p2a: Garchomp|85/100\n|-damage|p1a: Sneasler|88/100|[from] ability: Rough Skin|[of] p2a: Garchomp\n|cant|p2a: Garchomp|flinch\n|move|p1b: Lucario|Shadow Claw|p2b: Rotom\n|-damage|p2b: Rotom|71/100\n|\n|upkeep\n|turn|2\n|j| CloudySkies17695\n|\n|t:|1776207053\n|move|p2b: Rotom|Helping Hand|p2a: Garchomp\n|-singleturn|p2a: Garchomp|Helping Hand|[of] p2b: Rotom\n|move|p1b: Lucario|Protect|p1b: Lucario\n|-singleturn|p1b: Lucario|Protect\n|move|p2a: Garchomp|Earthquake|p1b: Lucario|[spread] p1a\n|-activate|p1b: Lucario|move: Protect\n|-immune|p2b: Rotom|[from] ability: Levitate\n|-supereffective|p1a: Sneasler|1\n|-crit|p1a: Sneasler\n|-damage|p1a: Sneasler|0 fnt\n|faint|p1a: Sneasler\n|\n|upkeep\n|\n|t:|1776207068\n|switch|p1a: Milotic|Milotic, L50, M, shiny|100/100\n|turn|3\n|\n|t:|1776207078\n|move|p2a: Garchomp|Earthquake|p1b: Lucario|[spread] p1a,p1b\n|-immune|p2b: Rotom|[from] ability: Levitate\n|-supereffective|p1b: Lucario|1\n|-damage|p1a: Milotic|63/100\n|-damage|p1b: Lucario|0 fnt\n|faint|p1b: Lucario\n|move|p2b: Rotom|Thunderbolt|p1a: Milotic\n|-supereffective|p1a: Milotic|1\n|-damage|p1a: Milotic|6/100\n|move|p1a: Milotic|Ice Beam|p2a: Garchomp\n|-supereffective|p2a: Garchomp|2\n|-damage|p2a: Garchomp|0 fnt\n|faint|p2a: Garchomp\n|\n|-heal|p1a: Milotic|12/100|[from] item: Leftovers\n|upkeep\n|\n|t:|1776207093\n|switch|p2a: Talonflame|Talonflame, L50, F|100/100\n|switch|p1b: Maushold|Maushold-Four, L50, shiny|100/100\n|turn|4\n|\n|t:|1776207103\n|move|p1a: Milotic|Protect|p1a: Milotic\n|-singleturn|p1a: Milotic|Protect\n|move|p2a: Talonflame|Tailwind|p2a: Talonflame\n|-sidestart|p2: The Carkol Rider|move: Tailwind\n|move|p2b: Rotom|Electroweb|p1b: Maushold|[spread] p1b\n|-activate|p1a: Milotic|move: Protect\n|-damage|p1b: Maushold|78/100\n|-unboost|p1b: Maushold|spe|1\n|move|p1b: Maushold|Taunt|p2a: Talonflame\n|-start|p2a: Talonflame|move: Taunt\n|\n|-heal|p1a: Milotic|18/100|[from] item: Leftovers\n|upkeep\n|turn|5\n|inactive|51_vm has 30 seconds left.\n|\n|t:|1776207132\n|move|p2a: Talonflame|Flare Blitz|p1b: Maushold\n|-damage|p1b: Maushold|21/100\n|-damage|p2a: Talonflame|82/100|[from] Recoil\n|move|p2b: Rotom|Thunderbolt|p1a: Milotic\n|-supereffective|p1a: Milotic|1\n|-damage|p1a: Milotic|0 fnt\n|faint|p1a: Milotic\n|move|p1b: Maushold|Super Fang|p2b: Rotom\n|-damage|p2b: Rotom|36/100\n|-enditem|p2b: Rotom|Sitrus Berry|[eat]\n|-heal|p2b: Rotom|60/100|[from] item: Sitrus Berry\n|\n|upkeep\n|turn|6\n|-message|51_vm forfeited.\n|\n|win|The Carkol Rider\n|raw|51_vm's rating: 1043 &rarr; <strong>1029</strong><br />(-14 for losing)\n|raw|The Carkol Rider's rating: 1103 &rarr; <strong>1124</strong><br />(+21 for winning)\n|l|\u260651_vm\n|player|p1|\n|l|\u2606The Carkol Rider\n|player|p2|\n|l| LanternComic\n",
  "uploadtime": 1776207441,
  "views": 15,
  "formatid": "gen9championsvgc2026regma",
  "rating": 1029,
  "private": 0,
  "password": null
}