{
  "id": "gen9championsvgc2026regma-2585013531",
  "format": "[Gen 9 Champions] VGC 2026 Reg M-A",
  "players": [
    "2xNoodle",
    "MrTimtendo"
  ],
  "log": "|j|\u26062xNoodle\n|j|\u2606MrTimtendo\n|t:|1776303356\n|gametype|doubles\n|player|p1|2xNoodle|infielder|1104\n|player|p2|MrTimtendo|ethan|1176\n|gen|9\n|tier|[Gen 9 Champions] VGC 2026 Reg M-A\n|rated|\n|rule|Species Clause: Limit one of each Pok\u00e9mon\n|rule|Item Clause: Limit 1 of each item\n|clearpoke\n|poke|p1|Charizard, L50, M|\n|poke|p1|Whimsicott, L50, F|\n|poke|p1|Garchomp, L50, M|\n|poke|p1|Sneasler, L50, F|\n|poke|p1|Maushold, L50|\n|poke|p1|Incineroar, L50, F|\n|poke|p2|Delphox, L50, M|\n|poke|p2|Garchomp, L50, M|\n|poke|p2|Aerodactyl, L50, M|\n|poke|p2|Farigiraf, L50, M|\n|poke|p2|Milotic, L50, M|\n|poke|p2|Basculegion, L50, M|\n|teampreview|4\n|inactive|Battle timer is ON: inactive players will automatically lose when time's up. (requested by MrTimtendo)\n|c|\u26062xNoodle|glhf\n|c|\u2606MrTimtendo|you too!\n|\n|t:|1776303383\n|teamsize|p1|4\n|teamsize|p2|4\n|start\n|switch|p1a: Maushold|Maushold, L50|100/100\n|switch|p1b: Incineroar|Incineroar, L50, F|100/100\n|switch|p2a: Milotic|Milotic, L50, M|100/100\n|switch|p2b: Aerodactyl|Aerodactyl, L50, M|100/100\n|-ability|p2b: Aerodactyl|Unnerve\n|-ability|p1b: Incineroar|Intimidate|boost\n|-unboost|p2a: Milotic|atk|1\n|-ability|p2a: Milotic|Competitive|boost\n|-boost|p2a: Milotic|spa|2\n|-unboost|p2b: Aerodactyl|atk|1\n|turn|1\n|\n|t:|1776303398\n|move|p2b: Aerodactyl|Protect|p2b: Aerodactyl\n|-singleturn|p2b: Aerodactyl|Protect\n|move|p2a: Milotic|Protect|p2a: Milotic\n|-singleturn|p2a: Milotic|Protect\n|move|p1b: Incineroar|Fake Out|p2b: Aerodactyl\n|-activate|p2b: Aerodactyl|move: Protect\n|move|p1a: Maushold|Super Fang|p2a: Milotic\n|-activate|p2a: Milotic|move: Protect\n|\n|upkeep\n|turn|2\n|\n|t:|1776303419\n|move|p2b: Aerodactyl|Rock Slide|p1b: Incineroar|[spread] p1a\n|-miss|p2b: Aerodactyl|p1b: Incineroar\n|-damage|p1a: Maushold|81/100\n|move|p1a: Maushold|Super Fang|p2a: Milotic\n|-damage|p2a: Milotic|50/100\n|move|p2a: Milotic|Scald|p1a: Maushold\n|-damage|p1a: Maushold|0 fnt\n|faint|p1a: Maushold\n|move|p1b: Incineroar|Parting Shot|p2b: Aerodactyl\n|-unboost|p2b: Aerodactyl|atk|1\n|-unboost|p2b: Aerodactyl|spa|1\n|\n|t:|1776303434\n|switch|p1b: Whimsicott|Whimsicott, L50, F|100/100|[from] Parting Shot\n|\n|-heal|p2a: Milotic|56/100|[from] item: Leftovers\n|upkeep\n|\n|t:|1776303439\n|switch|p1a: Charizard|Charizard, L50, M|100/100\n|turn|3\n|\n|t:|1776303454\n|switch|p2a: Delphox|Delphox, L50, M|100/100\n|detailschange|p1a: Charizard|Charizard-Mega-Y, L50, M\n|-mega|p1a: Charizard|Charizard|Charizardite Y\n|-weather|SunnyDay|[from] ability: Drought|[of] p1a: Charizard\n|move|p1b: Whimsicott|Tailwind|p1b: Whimsicott\n|-sidestart|p1: 2xNoodle|move: Tailwind\n|move|p1a: Charizard|Solar Beam||[still]\n|-prepare|p1a: Charizard|Solar Beam\n|-anim|p1a: Charizard|Solar Beam|p2a: Delphox\n|-resisted|p2a: Delphox|1\n|-damage|p2a: Delphox|71/100\n|move|p2b: Aerodactyl|Tailwind|p2b: Aerodactyl\n|-sidestart|p2: MrTimtendo|move: Tailwind\n|\n|-weather|SunnyDay|[upkeep]\n|upkeep\n|turn|4\n|\n|t:|1776303475\n|switch|p2b: Milotic|Milotic, L50, M|56/100\n|switch|p1a: Incineroar|Incineroar, L50, F|100/100\n|-ability|p1a: Incineroar|Intimidate|boost\n|-unboost|p2a: Delphox|atk|1\n|-unboost|p2b: Milotic|atk|1\n|-ability|p2b: Milotic|Competitive|boost\n|-boost|p2b: Milotic|spa|2\n|detailschange|p2a: Delphox|Delphox-Mega, L50, M\n|-mega|p2a: Delphox|Delphox|Delphoxite\n|move|p2a: Delphox|Heat Wave|p1b: Whimsicott|[spread] p1a,p1b\n|-resisted|p1a: Incineroar|1\n|-supereffective|p1b: Whimsicott|1\n|-crit|p1b: Whimsicott\n|-damage|p1a: Incineroar|74/100\n|-enditem|p1b: Whimsicott|Focus Sash\n|-damage|p1b: Whimsicott|1/100\n|move|p1b: Whimsicott|Moonblast|p2a: Delphox\n|-resisted|p2a: Delphox|1\n|-damage|p2a: Delphox|53/100\n|\n|-weather|SunnyDay|[upkeep]\n|-heal|p2b: Milotic|62/100|[from] item: Leftovers\n|upkeep\n|turn|5\n|inactive|MrTimtendo has 30 seconds left.\n|c|\u2606MrTimtendo|I was trying to call out Encore, I didn't expect Incin LMAO\n|inactive|MrTimtendo has 20 seconds left.\n|inactive|MrTimtendo has 15 seconds left.\n|inactive|MrTimtendo has 10 seconds left.\n|\n|t:|1776303520\n|switch|p2a: Aerodactyl|Aerodactyl, L50, M|100/100\n|-ability|p2a: Aerodactyl|Unnerve\n|switch|p1b: Charizard|Charizard-Mega-Y, L50, M|100/100\n|move|p1a: Incineroar|Fake Out|p2b: Milotic\n|-damage|p2b: Milotic|50/100\n|cant|p2b: Milotic|flinch\n|\n|-weather|SunnyDay|[upkeep]\n|-heal|p2b: Milotic|55/100|[from] item: Leftovers\n|upkeep\n|turn|6\n|\n|t:|1776303543\n|move|p1b: Charizard|Protect|p1b: Charizard\n|-singleturn|p1b: Charizard|Protect\n|move|p2a: Aerodactyl|Rock Slide|p1a: Incineroar|[spread] p1a\n|-activate|p1b: Charizard|move: Protect\n|-supereffective|p1a: Incineroar|1\n|-damage|p1a: Incineroar|31/100\n|move|p2b: Milotic|Scald|p1a: Incineroar\n|-supereffective|p1a: Incineroar|1\n|-damage|p1a: Incineroar|0 fnt\n|faint|p1a: Incineroar\n|\n|-weather|SunnyDay|[upkeep]\n|-heal|p2b: Milotic|61/100|[from] item: Leftovers\n|-sideend|p1: 2xNoodle|move: Tailwind\n|-sideend|p2: MrTimtendo|move: Tailwind\n|upkeep\n|\n|t:|1776303551\n|switch|p1a: Whimsicott|Whimsicott, L50, F|1/100\n|turn|7\n|\n|t:|1776303575\n|move|p2b: Milotic|Protect|p2b: Milotic\n|-singleturn|p2b: Milotic|Protect\n|move|p1a: Whimsicott|Tailwind|p1a: Whimsicott\n|-sidestart|p1: 2xNoodle|move: Tailwind\n|move|p1b: Charizard|Solar Beam||[still]\n|-prepare|p1b: Charizard|Solar Beam\n|-anim|p1b: Charizard|Solar Beam|p2b: Milotic\n|-activate|p2b: Milotic|move: Protect\n|move|p2a: Aerodactyl|Rock Slide|p1b: Charizard|[spread] p1a,p1b\n|-supereffective|p1b: Charizard|2\n|-damage|p1a: Whimsicott|0 fnt\n|-damage|p1b: Charizard|0 fnt\n|faint|p1a: Whimsicott\n|faint|p1b: Charizard\n|\n|win|MrTimtendo\n|raw|2xNoodle's rating: 1104 &rarr; <strong>1084</strong><br />(-20 for losing)\n|raw|MrTimtendo's rating: 1176 &rarr; <strong>1196</strong><br />(+20 for winning)\n|c|\u26062xNoodle|gg\n|l|\u26062xNoodle\n|player|p1|\n|c|\u2606MrTimtendo|GG\n",
  "uploadtime": 1776303585,
  "views": 28,
  "formatid": "gen9championsvgc2026regma",
  "rating": 1084,
  "private": 0,
  "password": null
}