{
  "id": "gen9championsvgc2026regma-2585179548",
  "format": "[Gen 9 Champions] VGC 2026 Reg M-A",
  "players": [
    "Pinnecks",
    "Darth33"
  ],
  "log": "|j|\u2606Pinnecks\n|j|\u2606Darth33\n|t:|1776321688\n|gametype|doubles\n|player|p1|Pinnecks|lyra|1066\n|player|p2|Darth33|ruinmaniac|1106\n|gen|9\n|tier|[Gen 9 Champions] VGC 2026 Reg M-A\n|rated|\n|rule|Species Clause: Limit one of each Pok\u00e9mon\n|rule|Item Clause: Limit 1 of each item\n|clearpoke\n|poke|p1|Aerodactyl, L50, M|\n|poke|p1|Altaria, L50, F|\n|poke|p1|Milotic, L50, F|\n|poke|p1|Aegislash, L50, M|\n|poke|p1|Salazzle, L50, F|\n|poke|p1|Raichu-Alola, L50, M|\n|poke|p2|Aerodactyl, L50, F|\n|poke|p2|Aggron, L50, M|\n|poke|p2|Sinistcha, L50|\n|poke|p2|Sneasler, L50, M|\n|poke|p2|Tyranitar, L50, F|\n|poke|p2|Hydreigon, L50, M|\n|teampreview|4\n|inactive|Battle timer is ON: inactive players will automatically lose when time's up. (requested by Darth33)\n|inactive|Darth33 has 60 seconds left.\n|\n|t:|1776321720\n|teamsize|p1|4\n|teamsize|p2|4\n|start\n|switch|p1a: Milotic|Milotic, L50, F|100/100\n|switch|p1b: Raichu|Raichu-Alola, L50, M|100/100\n|switch|p2a: Aerodactyl|Aerodactyl, L50, F|100/100\n|switch|p2b: Tyranitar|Tyranitar, L50, F|100/100\n|-weather|Sandstorm|[from] ability: Sand Stream|[of] p2b: Tyranitar\n|turn|1\n|\n|t:|1776321737\n|switch|p2a: Sinistcha|Sinistcha, L50|100/100\n|move|p1b: Raichu|Fake Out|p2b: Tyranitar\n|-resisted|p2b: Tyranitar|1\n|-damage|p2b: Tyranitar|98/100\n|move|p1a: Milotic|Muddy Water|p2b: Tyranitar|[spread] p2a,p2b\n|-resisted|p2a: Sinistcha|1\n|-supereffective|p2b: Tyranitar|1\n|-damage|p2a: Sinistcha|83/100\n|-damage|p2b: Tyranitar|59/100\n|-unboost|p2a: Sinistcha|accuracy|1\n|cant|p2b: Tyranitar|flinch\n|\n|-weather|Sandstorm|[upkeep]\n|-damage|p1b: Raichu|95/100|[from] Sandstorm\n|-damage|p1a: Milotic|95/100|[from] Sandstorm\n|-damage|p2a: Sinistcha|77/100|[from] Sandstorm\n|-heal|p1a: Milotic|100/100|[from] item: Leftovers\n|upkeep\n|turn|2\n|inactive|Pinnecks has 30 seconds left.\n|\n|t:|1776321763\n|switch|p1b: Altaria|Altaria, L50, F, shiny|100/100\n|-ability|p1b: Altaria|Cloud Nine\n|move|p2b: Tyranitar|Protect|p2b: Tyranitar\n|-singleturn|p2b: Tyranitar|Protect\n|move|p1a: Milotic|Muddy Water|p2a: Sinistcha|[spread] \n|-activate|p2b: Tyranitar|move: Protect\n|-miss|p1a: Milotic|p2a: Sinistcha\n|move|p2a: Sinistcha|Trick Room|p2a: Sinistcha\n|-fieldstart|move: Trick Room|[of] p2a: Sinistcha\n|\n|-weather|Sandstorm|[upkeep]\n|upkeep\n|turn|3\n|\n|t:|1776321783\n|move|p2a: Sinistcha|Matcha Gotcha|p1b: Altaria|[spread] \n|-miss|p2a: Sinistcha|p1a: Milotic\n|-miss|p2a: Sinistcha|p1b: Altaria\n|move|p2b: Tyranitar|Ice Punch|p1b: Altaria\n|-supereffective|p1b: Altaria|2\n|-damage|p1b: Altaria|0 fnt\n|faint|p1b: Altaria\n|move|p1a: Milotic|Icy Wind|p2b: Tyranitar|[spread] p2a,p2b\n|-supereffective|p2a: Sinistcha|1\n|-damage|p2a: Sinistcha|51/100\n|-damage|p2b: Tyranitar|51/100\n|-unboost|p2a: Sinistcha|spe|1\n|-unboost|p2b: Tyranitar|spe|1\n|\n|-weather|Sandstorm|[upkeep]\n|-damage|p2a: Sinistcha|45/100|[from] Sandstorm\n|-damage|p1a: Milotic|95/100|[from] Sandstorm\n|-heal|p1a: Milotic|100/100|[from] item: Leftovers\n|upkeep\n|\n|t:|1776321803\n|switch|p1b: Aegislash|Aegislash, L50, M, shiny|100/100\n|turn|4\n|\n|t:|1776321815\n|move|p2a: Sinistcha|Life Dew|p2a: Sinistcha|[spread] p2a,p2b\n|-heal|p2a: Sinistcha|70/100\n|-heal|p2b: Tyranitar|76/100\n|move|p2b: Tyranitar|Knock Off|p1b: Aegislash\n|-supereffective|p1b: Aegislash|1\n|-damage|p1b: Aegislash|24/100\n|-enditem|p1b: Aegislash|Mental Herb|[from] move: Knock Off|[of] p2b: Tyranitar\n|-formechange|p1b: Aegislash|Aegislash-Blade|\n|move|p1b: Aegislash|Sacred Sword|p2b: Tyranitar\n|-supereffective|p2b: Tyranitar|2\n|-damage|p2b: Tyranitar|0 fnt\n|faint|p2b: Tyranitar\n|move|p1a: Milotic|Muddy Water|p2a: Sinistcha\n|-resisted|p2a: Sinistcha|1\n|-damage|p2a: Sinistcha|45/100\n|-unboost|p2a: Sinistcha|accuracy|1\n|\n|-weather|Sandstorm|[upkeep]\n|-damage|p2a: Sinistcha|39/100|[from] Sandstorm\n|-damage|p1a: Milotic|95/100|[from] Sandstorm\n|-heal|p1a: Milotic|100/100|[from] item: Leftovers\n|upkeep\n|\n|t:|1776321825\n|switch|p2b: Hydreigon|Hydreigon, L50, M|100/100\n|turn|5\n|\n|t:|1776321845\n|-formechange|p1b: Aegislash|Aegislash|\n|move|p1b: Aegislash|King's Shield|p1b: Aegislash\n|-singleturn|p1b: Aegislash|Protect\n|move|p2a: Sinistcha|Rage Powder|p2a: Sinistcha\n|-singleturn|p2a: Sinistcha|move: Rage Powder\n|move|p1a: Milotic|Icy Wind|p2b: Hydreigon|[spread] p2a,p2b\n|-supereffective|p2a: Sinistcha|1\n|-supereffective|p2b: Hydreigon|1\n|-damage|p2a: Sinistcha|9/100\n|-damage|p2b: Hydreigon|69/100\n|-unboost|p2a: Sinistcha|spe|1\n|-unboost|p2b: Hydreigon|spe|1\n|move|p2b: Hydreigon|Dark Pulse|p1b: Aegislash\n|-activate|p1b: Aegislash|move: Protect\n|\n|-weather|none\n|upkeep\n|turn|6\n|\n|t:|1776321863\n|switch|p2a: Aerodactyl|Aerodactyl, L50, F|100/100\n|-formechange|p1b: Aegislash|Aegislash-Blade|\n|move|p1b: Aegislash|Sacred Sword|p2b: Hydreigon\n|-supereffective|p2b: Hydreigon|1\n|-damage|p2b: Hydreigon|1/100\n|move|p2b: Hydreigon|Dark Pulse|p1b: Aegislash\n|-supereffective|p1b: Aegislash|1\n|-damage|p1b: Aegislash|0 fnt\n|faint|p1b: Aegislash\n|move|p1a: Milotic|Icy Wind|p2a: Aerodactyl|[spread] p2a,p2b\n|-supereffective|p2a: Aerodactyl|1\n|-crit|p2a: Aerodactyl\n|-supereffective|p2b: Hydreigon|1\n|-damage|p2a: Aerodactyl|43/100\n|-damage|p2b: Hydreigon|0 fnt\n|-unboost|p2a: Aerodactyl|spe|1\n|faint|p2b: Hydreigon\n|\n|-fieldend|move: Trick Room\n|upkeep\n|\n|t:|1776321881\n|switch|p2b: Sinistcha|Sinistcha, L50|9/100\n|switch|p1b: Raichu|Raichu-Alola, L50, M|95/100\n|-heal|p2a: Aerodactyl|68/100|[from] ability: Hospitality|[of] p2b: Sinistcha\n|turn|7\n|\n|t:|1776321902\n|detailschange|p2a: Aerodactyl|Aerodactyl-Mega, L50, F\n|-mega|p2a: Aerodactyl|Aerodactyl|Aerodactylite\n|move|p1b: Raichu|Fake Out|p2a: Aerodactyl\n|-resisted|p2a: Aerodactyl|1\n|-damage|p2a: Aerodactyl|64/100\n|move|p2b: Sinistcha|Rage Powder|p2b: Sinistcha\n|-singleturn|p2b: Sinistcha|move: Rage Powder\n|cant|p2a: Aerodactyl|flinch\n|move|p1a: Milotic|Icy Wind|p2b: Sinistcha|[spread] p2a,p2b\n|-supereffective|p2a: Aerodactyl|1\n|-supereffective|p2b: Sinistcha|1\n|-damage|p2a: Aerodactyl|32/100\n|-damage|p2b: Sinistcha|0 fnt\n|-unboost|p2a: Aerodactyl|spe|1\n|faint|p2b: Sinistcha\n|\n|upkeep\n|turn|8\n|-message|Darth33 forfeited.\n|\n|win|Pinnecks\n|raw|Pinnecks's rating: 1066 &rarr; <strong>1100</strong><br />(+34 for winning)\n|raw|Darth33's rating: 1106 &rarr; <strong>1078</strong><br />(-28 for losing)\n|l|\u2606Darth33\n|player|p2|\n",
  "uploadtime": 1776321919,
  "views": 31,
  "formatid": "gen9championsvgc2026regma",
  "rating": 1078,
  "private": 0,
  "password": null
}