{
  "id": "gen9championsvgc2026regma-2588724170",
  "format": "[Gen 9 Champions] VGC 2026 Reg M-A",
  "players": [
    "ADV169",
    "v6262526"
  ],
  "log": "|j|\u2606ADV169\n|j|\u2606v6262526\n|t:|1776662291\n|gametype|doubles\n|player|p1|ADV169|lass-gen4|1200\n|player|p2|v6262526|fisherman-gen4|1250\n|gen|9\n|tier|[Gen 9 Champions] VGC 2026 Reg M-A\n|rated|\n|rule|Species Clause: Limit one of each Pok\u00e9mon\n|rule|Item Clause: Limit 1 of each item\n|clearpoke\n|poke|p1|Gardevoir, L50, M|\n|poke|p1|Farigiraf, L50, F|\n|poke|p1|Incineroar, L50, F|\n|poke|p1|Rotom-Wash, L50|\n|poke|p1|Archaludon, L50, F|\n|poke|p1|Sinistcha, L50|\n|poke|p2|Aggron, L50, M|\n|poke|p2|Incineroar, L50, F|\n|poke|p2|Sinistcha, L50|\n|poke|p2|Tyranitar, L50, F|\n|poke|p2|Sneasler, L50, M|\n|poke|p2|Farigiraf, L50, M|\n|teampreview|4\n|\n|t:|1776662326\n|teamsize|p1|4\n|teamsize|p2|4\n|start\n|switch|p1a: Carcosa|Farigiraf, L50, F|100/100\n|switch|p1b: Babylon|Archaludon, L50, F|100/100\n|switch|p2a: Aggron|Aggron, L50, M|100/100\n|switch|p2b: Sneasler|Sneasler, L50, M|100/100\n|turn|1\n|\n|t:|1776662351\n|detailschange|p2a: Aggron|Aggron-Mega, L50, M\n|-mega|p2a: Aggron|Aggron|Aggronite\n|move|p2b: Sneasler|Dire Claw|p1a: Carcosa\n|-damage|p1a: Carcosa|61/100\n|move|p1a: Carcosa|Expanding Force|p2b: Sneasler\n|-supereffective|p2b: Sneasler|2\n|-damage|p2b: Sneasler|0 fnt\n|faint|p2b: Sneasler\n|move|p1b: Babylon|Aura Sphere|p2a: Aggron\n|-supereffective|p2a: Aggron|1\n|-damage|p2a: Aggron|73/100\n|move|p2a: Aggron|Iron Defense|p2a: Aggron\n|-boost|p2a: Aggron|def|2\n|\n|upkeep\n|\n|t:|1776662369\n|switch|p2b: Tyranitar|Tyranitar, L50, F|100/100\n|-weather|Sandstorm|[from] ability: Sand Stream|[of] p2b: Tyranitar\n|turn|2\n|\n|t:|1776662389\n|move|p2b: Tyranitar|Protect|p2b: Tyranitar\n|-singleturn|p2b: Tyranitar|Protect\n|move|p1a: Carcosa|Rain Dance|p1a: Carcosa\n|-weather|RainDance\n|move|p1b: Babylon|Aura Sphere|p2a: Aggron\n|-supereffective|p2a: Aggron|1\n|-damage|p2a: Aggron|45/100\n|move|p2a: Aggron|Iron Defense|p2a: Aggron\n|-boost|p2a: Aggron|def|2\n|\n|-weather|RainDance|[upkeep]\n|upkeep\n|turn|3\n|\n|t:|1776662406\n|switch|p2b: Sinistcha|Sinistcha, L50|100/100\n|-heal|p2a: Aggron|69/100|[from] ability: Hospitality|[of] p2b: Sinistcha\n|move|p1a: Carcosa|Expanding Force|p2a: Aggron\n|-resisted|p2a: Aggron|1\n|-damage|p2a: Aggron|56/100\n|move|p1b: Babylon|Aura Sphere|p2a: Aggron\n|-supereffective|p2a: Aggron|1\n|-damage|p2a: Aggron|26/100\n|move|p2a: Aggron|Body Press|p1b: Babylon\n|-supereffective|p1b: Babylon|1\n|-damage|p1b: Babylon|0 fnt\n|faint|p1b: Babylon\n|\n|-weather|RainDance|[upkeep]\n|upkeep\n|\n|t:|1776662420\n|switch|p1b: Current|Rotom-Wash, L50|100/100\n|turn|4\n|\n|t:|1776662436\n|move|p2b: Sinistcha|Rage Powder|p2b: Sinistcha\n|-singleturn|p2b: Sinistcha|move: Rage Powder\n|move|p1b: Current|Hydro Pump|p2b: Sinistcha\n|-resisted|p2b: Sinistcha|1\n|-damage|p2b: Sinistcha|65/100\n|move|p1a: Carcosa|Psychic Terrain|p1a: Carcosa\n|-fieldstart|move: Psychic Terrain\n|move|p2a: Aggron|Body Press|p1b: Current\n|-damage|p1b: Current|0 fnt\n|faint|p1b: Current\n|\n|-weather|RainDance|[upkeep]\n|-heal|p2b: Sinistcha|71/100|[from] item: Leftovers\n|upkeep\n|\n|t:|1776662445\n|switch|p1b: Monet\u2640\ufe0f|Gardevoir, L50, M|100/100\n|turn|5\n|\n|t:|1776662454\n|detailschange|p1b: Monet\u2640\ufe0f|Gardevoir-Mega, L50, M\n|-mega|p1b: Monet\u2640\ufe0f|Gardevoir|Gardevoirite\n|move|p2b: Sinistcha|Rage Powder|p2b: Sinistcha\n|-singleturn|p2b: Sinistcha|move: Rage Powder\n|move|p1b: Monet\u2640\ufe0f|Expanding Force|p2a: Aggron|[spread] p2a,p2b\n|-resisted|p2a: Aggron|1\n|-damage|p2a: Aggron|0 fnt\n|-damage|p2b: Sinistcha|11/100\n|faint|p2a: Aggron\n|move|p1a: Carcosa|Expanding Force|p2b: Sinistcha\n|-damage|p2b: Sinistcha|0 fnt\n|faint|p2b: Sinistcha\n|\n|-weather|RainDance|[upkeep]\n|upkeep\n|\n|t:|1776662470\n|switch|p2a: Tyranitar|Tyranitar, L50, F|100/100\n|-weather|Sandstorm|[from] ability: Sand Stream|[of] p2a: Tyranitar\n|turn|6\n|\n|t:|1776662480\n|move|p1b: Monet\u2640\ufe0f|Protect|p1b: Monet\u2640\ufe0f\n|-singleturn|p1b: Monet\u2640\ufe0f|Protect\n|move|p1a: Carcosa|Rain Dance|p1a: Carcosa\n|-weather|RainDance\n|move|p2a: Tyranitar|Rock Slide|p1a: Carcosa|[spread] p1a\n|-activate|p1b: Monet\u2640\ufe0f|move: Protect\n|-damage|p1a: Carcosa|33/100\n|-enditem|p1a: Carcosa|Sitrus Berry|[eat]\n|-heal|p1a: Carcosa|57/100|[from] item: Sitrus Berry\n|\n|-weather|RainDance|[upkeep]\n|upkeep\n|turn|7\n|-message|v6262526 forfeited.\n|\n|win|ADV169\n|raw|ADV169's rating: 1200 &rarr; <strong>1229</strong><br />(+29 for winning)\n|raw|v6262526's rating: 1250 &rarr; <strong>1221</strong><br />(-29 for losing)\n|l|\u2606v6262526\n|player|p2|\n",
  "uploadtime": 1776662669,
  "views": 11,
  "formatid": "gen9championsvgc2026regma",
  "rating": 1221,
  "private": 0,
  "password": null
}