{
  "id": "gen9championsvgc2026regma-2580754576",
  "format": "[Gen 9 Champions] VGC 2026 Reg M-A",
  "players": [
    "MizuStar",
    "FabledMint1"
  ],
  "log": "|j|\u2606MizuStar\n|j|\u2606FabledMint1\n|t:|1775929786\n|gametype|doubles\n|player|p1|MizuStar|2|1000\n|player|p2|FabledMint1|clerk|1024\n|gen|9\n|tier|[Gen 9 Champions] VGC 2026 Reg M-A\n|rated|\n|rule|Species Clause: Limit one of each Pok\u00e9mon\n|rule|Item Clause: Limit 1 of each item\n|clearpoke\n|poke|p1|Lucario, L50, F|\n|poke|p1|Altaria, L50, F|\n|poke|p1|Incineroar, L50, M|\n|poke|p1|Primarina, L50, M|\n|poke|p1|Sinistcha, L50|\n|poke|p1|Gliscor, L50, F|\n|poke|p2|Delphox, L50, M|\n|poke|p2|Garchomp, L50, F|\n|poke|p2|Whimsicott, L50, M|\n|poke|p2|Milotic, L50, F|\n|poke|p2|Incineroar, L50, F|\n|poke|p2|Basculegion, L50, M|\n|teampreview|4\n|\n|t:|1775929824\n|teamsize|p1|4\n|teamsize|p2|4\n|start\n|switch|p1a: Incineroar|Incineroar, L50, M|100/100\n|switch|p1b: Primarina|Primarina, L50, M|100/100\n|switch|p2a: Delphox|Delphox, L50, M|100/100\n|switch|p2b: Milotic|Milotic, L50, F|100/100\n|-ability|p1a: Incineroar|Intimidate|boost\n|-unboost|p2a: Delphox|atk|1\n|-unboost|p2b: Milotic|atk|1\n|-ability|p2b: Milotic|Competitive|boost\n|-boost|p2b: Milotic|spa|2\n|turn|1\n|\n|t:|1775929846\n|switch|p2a: Garchomp|Garchomp, L50, F|100/100\n|move|p1a: Incineroar|Fake Out|p2b: Milotic\n|-damage|p2b: Milotic|91/100\n|cant|p2b: Milotic|flinch\n|move|p1b: Primarina|Hyper Voice|p2a: Garchomp|[spread] p2a,p2b\n|-resisted|p2b: Milotic|1\n|-damage|p2a: Garchomp|58/100\n|-damage|p2b: Milotic|78/100\n|\n|-heal|p2b: Milotic|84/100|[from] item: Leftovers\n|upkeep\n|turn|2\n|\n|t:|1775929875\n|move|p1a: Incineroar|Protect|p1a: Incineroar\n|-singleturn|p1a: Incineroar|Protect\n|move|p2a: Garchomp|Rock Slide|p1b: Primarina|[spread] p1b\n|-activate|p1a: Incineroar|move: Protect\n|-damage|p1b: Primarina|76/100\n|move|p2b: Milotic|Dragon Cheer|p2a: Garchomp\n|-start|p2a: Garchomp|move: Dragon Cheer\n|move|p1b: Primarina|Ice Beam|p2a: Garchomp\n|-supereffective|p2a: Garchomp|2\n|-damage|p2a: Garchomp|0 fnt\n|faint|p2a: Garchomp\n|\n|-heal|p2b: Milotic|90/100|[from] item: Leftovers\n|upkeep\n|\n|t:|1775929885\n|switch|p2a: Delphox|Delphox, L50, M|100/100\n|turn|3\n|\n|t:|1775929899\n|detailschange|p2a: Delphox|Delphox-Mega, L50, M\n|-mega|p2a: Delphox|Delphox|Delphoxite\n|move|p2a: Delphox|Psychic|p1b: Primarina\n|-damage|p1b: Primarina|28/100\n|-unboost|p1b: Primarina|spd|1\n|move|p2b: Milotic|Scald|p1a: Incineroar\n|-supereffective|p1a: Incineroar|1\n|-enditem|p1a: Incineroar|Focus Sash\n|-damage|p1a: Incineroar|1/100\n|move|p1a: Incineroar|Parting Shot|p2b: Milotic\n|-unboost|p2b: Milotic|atk|1\n|-ability|p2b: Milotic|Competitive|boost\n|-boost|p2b: Milotic|spa|2\n|-unboost|p2b: Milotic|spa|1\n|-ability|p2b: Milotic|Competitive|boost\n|-boost|p2b: Milotic|spa|2\n|\n|t:|1775929919\n|switch|p1a: Altaria|Altaria, L50, F|100/100|[from] Parting Shot\n|-ability|p1a: Altaria|Cloud Nine\n|move|p1b: Primarina|Hyper Voice|p2b: Milotic|[spread] p2a,p2b\n|-supereffective|p2a: Delphox|1\n|-resisted|p2b: Milotic|1\n|-damage|p2a: Delphox|24/100\n|-damage|p2b: Milotic|76/100\n|\n|-heal|p2b: Milotic|82/100|[from] item: Leftovers\n|upkeep\n|turn|4\n|\n|t:|1775929948\n|detailschange|p1a: Altaria|Altaria-Mega, L50, F\n|-mega|p1a: Altaria|Altaria|Altarianite\n|move|p1b: Primarina|Protect|p1b: Primarina\n|-singleturn|p1b: Primarina|Protect\n|move|p2a: Delphox|Heat Wave|p1b: Primarina|[spread] p1a\n|-activate|p1b: Primarina|move: Protect\n|-resisted|p1a: Altaria|1\n|-damage|p1a: Altaria|81/100\n|-status|p1a: Altaria|brn\n|move|p2b: Milotic|Scald|p1b: Primarina\n|-activate|p1b: Primarina|move: Protect\n|move|p1a: Altaria|Draco Meteor|p2b: Milotic\n|-damage|p2b: Milotic|32/100\n|-unboost|p1a: Altaria|spa|2\n|\n|-heal|p2b: Milotic|38/100|[from] item: Leftovers\n|-damage|p1a: Altaria|75/100 brn|[from] brn\n|upkeep\n|turn|5\n|\n|t:|1775929979\n|move|p2a: Delphox|Psychic|p1b: Primarina\n|-damage|p1b: Primarina|0 fnt\n|faint|p1b: Primarina\n|move|p2b: Milotic|Recover|p2b: Milotic\n|-heal|p2b: Milotic|89/100\n|move|p1a: Altaria|Draco Meteor|p2b: Milotic\n|-damage|p2b: Milotic|66/100\n|-unboost|p1a: Altaria|spa|2\n|\n|-heal|p2b: Milotic|72/100|[from] item: Leftovers\n|-damage|p1a: Altaria|69/100 brn|[from] brn\n|upkeep\n|\n|t:|1775929993\n|switch|p1b: Incineroar|Incineroar, L50, M|1/100\n|-ability|p1b: Incineroar|Intimidate|boost\n|-unboost|p2a: Delphox|atk|1\n|-unboost|p2b: Milotic|atk|1\n|-ability|p2b: Milotic|Competitive|boost\n|-boost|p2b: Milotic|spa|1\n|turn|6\n|\n|t:|1775930028\n|move|p2a: Delphox|Protect|p2a: Delphox\n|-singleturn|p2a: Delphox|Protect\n|move|p2b: Milotic|Protect|p2b: Milotic\n|-singleturn|p2b: Milotic|Protect\n|move|p1b: Incineroar|Fake Out|p2a: Delphox\n|-activate|p2a: Delphox|move: Protect\n|move|p1a: Altaria|Hyper Voice|p2b: Milotic|[spread] \n|-activate|p2a: Delphox|move: Protect\n|-activate|p2b: Milotic|move: Protect\n|\n|-heal|p2b: Milotic|78/100|[from] item: Leftovers\n|-damage|p1a: Altaria|63/100 brn|[from] brn\n|upkeep\n|turn|7\n|\n|t:|1775930050\n|move|p1b: Incineroar|Protect|p1b: Incineroar\n|-singleturn|p1b: Incineroar|Protect\n|move|p2a: Delphox|Heat Wave|p1a: Altaria|[spread] p1a\n|-activate|p1b: Incineroar|move: Protect\n|-resisted|p1a: Altaria|1\n|-damage|p1a: Altaria|43/100 brn\n|move|p2b: Milotic|Scald|p1a: Altaria\n|-resisted|p1a: Altaria|1\n|-damage|p1a: Altaria|0 fnt\n|faint|p1a: Altaria\n|\n|-heal|p2b: Milotic|84/100|[from] item: Leftovers\n|upkeep\n|\n|t:|1775930064\n|switch|p1a: Lucario|Lucario, L50, F|100/100\n|turn|8\n|\n|t:|1775930077\n|move|p2a: Delphox|Protect|p2a: Delphox\n|-singleturn|p2a: Delphox|Protect\n|move|p1a: Lucario|Crunch|p2a: Delphox\n|-activate|p2a: Delphox|move: Protect\n|move|p2b: Milotic|Scald|p1a: Lucario\n|-damage|p1a: Lucario|0 fnt\n|faint|p1a: Lucario\n|move|p1b: Incineroar|Parting Shot|p2b: Milotic\n|-unboost|p2b: Milotic|atk|1\n|-boost|p2b: Milotic|spa|0\n|-unboost|p2b: Milotic|spa|1\n|-ability|p2b: Milotic|Competitive|boost\n|-boost|p2b: Milotic|spa|1\n|\n|-heal|p2b: Milotic|90/100|[from] item: Leftovers\n|upkeep\n|turn|9\n|\n|t:|1775930096\n|move|p1b: Incineroar|Protect|p1b: Incineroar\n|-singleturn|p1b: Incineroar|Protect\n|move|p2a: Delphox|Grass Knot|p1b: Incineroar\n|-activate|p1b: Incineroar|move: Protect\n|move|p2b: Milotic|Scald|p1b: Incineroar\n|-activate|p1b: Incineroar|move: Protect\n|\n|-heal|p2b: Milotic|96/100|[from] item: Leftovers\n|upkeep\n|turn|10\n|\n|t:|1775930109\n|move|p2a: Delphox|Grass Knot|p1b: Incineroar\n|-resisted|p1b: Incineroar|1\n|-damage|p1b: Incineroar|0 fnt\n|faint|p1b: Incineroar\n|\n|win|FabledMint1\n|raw|MizuStar's rating: 1000 &rarr; <strong>1000</strong><br />(+0 for losing)\n|raw|FabledMint1's rating: 1024 &rarr; <strong>1058</strong><br />(+34 for winning)\n|l|\u2606MizuStar\n|player|p1|\n",
  "uploadtime": 1775930231,
  "views": 10,
  "formatid": "gen9championsvgc2026regma",
  "rating": 1000,
  "private": 0,
  "password": null
}