{
  "id": "gen9championsvgc2026regma-2588880562",
  "format": "[Gen 9 Champions] VGC 2026 Reg M-A",
  "players": [
    "heroisemcalssa",
    "yuli998"
  ],
  "log": "|j|\u2606heroisemcalssa\n|j|\u2606yuli998\n|t:|1776681840\n|gametype|doubles\n|player|p1|heroisemcalssa|swimmer|1119\n|player|p2|yuli998|169|1113\n|gen|9\n|tier|[Gen 9 Champions] VGC 2026 Reg M-A\n|rated|\n|rule|Species Clause: Limit one of each Pok\u00e9mon\n|rule|Item Clause: Limit 1 of each item\n|clearpoke\n|poke|p1|Gardevoir, L50, F, shiny|\n|poke|p1|Primarina, L50, F, shiny|\n|poke|p1|Whimsicott, L50, F, shiny|\n|poke|p1|Sneasler, L50, M|\n|poke|p1|Arcanine-Hisui, L50, M, shiny|\n|poke|p1|Kingambit, L50, M|\n|poke|p2|Meganium, L50, F, shiny|\n|poke|p2|Pelipper, L50, M|\n|poke|p2|Archaludon, L50, F, shiny|\n|poke|p2|Sneasler, L50, F, shiny|\n|poke|p2|Sinistcha-Masterpiece, L50, shiny|\n|poke|p2|Talonflame, L50, F|\n|teampreview|4\n|\n|t:|1776681875\n|teamsize|p1|4\n|teamsize|p2|4\n|start\n|switch|p1a: Gardevoir|Gardevoir, L50, F, shiny|100/100\n|switch|p1b: Sneasler|Sneasler, L50, M|100/100\n|switch|p2a: Bean|Meganium, L50, F, shiny|100/100\n|switch|p2b: Talonflame|Talonflame, L50, F|100/100\n|-ability|p1a: Gardevoir|Leaf Guard|Trace|[from] ability: Trace|[of] p2a: Bean\n|turn|1\n|\n|t:|1776681905\n|detailschange|p1a: Gardevoir|Gardevoir-Mega, L50, F, shiny\n|-mega|p1a: Gardevoir|Gardevoir|Gardevoirite\n|detailschange|p2a: Bean|Meganium-Mega, L50, F, shiny\n|-mega|p2a: Bean|Meganium|Meganiumite\n|move|p1b: Sneasler|Fake Out|p2a: Bean\n|-damage|p2a: Bean|88/100\n|move|p2b: Talonflame|Dual Wingbeat|p1b: Sneasler\n|-supereffective|p1b: Sneasler|1\n|-damage|p1b: Sneasler|49/100\n|-supereffective|p1b: Sneasler|1\n|-damage|p1b: Sneasler|0 fnt\n|faint|p1b: Sneasler\n|-hitcount|p1: Sneasler|2\n|cant|p2a: Bean|flinch\n|move|p1a: Gardevoir|Trick Room|p1a: Gardevoir\n|-fieldstart|move: Trick Room|[of] p1a: Gardevoir\n|\n|upkeep\n|\n|t:|1776681923\n|switch|p1b: Primarina|Primarina, L50, F, shiny|100/100\n|turn|2\n|\n|t:|1776681939\n|switch|p2b: Pelipper|Pelipper, L50, M|100/100\n|-weather|RainDance|[from] ability: Drizzle|[of] p2b: Pelipper\n|move|p1b: Primarina|Hyper Voice|p2b: Pelipper|[spread] p2a,p2b\n|-resisted|p2a: Bean|1\n|-resisted|p2b: Pelipper|1\n|-crit|p2b: Pelipper\n|-damage|p2a: Bean|63/100\n|-damage|p2b: Pelipper|50/100\n|-enditem|p2b: Pelipper|Sitrus Berry|[eat]\n|-heal|p2b: Pelipper|75/100|[from] item: Sitrus Berry\n|move|p2a: Bean|Solar Beam||[still]\n|-prepare|p2a: Bean|Solar Beam\n|-activate|p2a: Bean|ability: Mega Sol\n|-anim|p2a: Bean|Solar Beam|p1b: Primarina\n|-supereffective|p1b: Primarina|1\n|-damage|p1b: Primarina|0 fnt\n|faint|p1b: Primarina\n|move|p1a: Gardevoir|Hyper Voice|p2a: Bean|[spread] p2a,p2b\n|-damage|p2a: Bean|18/100\n|-damage|p2b: Pelipper|7/100\n|\n|-weather|RainDance|[upkeep]\n|upkeep\n|\n|t:|1776681960\n|switch|p1b: Kingambit|Kingambit, L50, M|100/100\n|turn|3\n|\n|t:|1776681970\n|move|p2b: Pelipper|Protect|p2b: Pelipper\n|-singleturn|p2b: Pelipper|Protect\n|move|p1b: Kingambit|Sucker Punch|p2a: Bean\n|-resisted|p2a: Bean|1\n|-damage|p2a: Bean|0 fnt\n|faint|p2a: Bean\n|move|p1a: Gardevoir|Hyper Voice|p2b: Pelipper\n|-activate|p2b: Pelipper|move: Protect\n|\n|-weather|RainDance|[upkeep]\n|upkeep\n|\n|t:|1776681982\n|switch|p2a: Talonflame|Talonflame, L50, F|100/100\n|turn|4\n|\n|t:|1776681991\n|move|p1b: Kingambit|Sucker Punch||[still]\n|-fail|p1b: Kingambit\n|move|p2a: Talonflame|Feather Dance|p1b: Kingambit\n|-unboost|p1b: Kingambit|atk|2\n|-ability|p1b: Kingambit|Defiant|boost\n|-boost|p1b: Kingambit|atk|2\n|move|p2b: Pelipper|Hurricane|p1a: Gardevoir\n|-damage|p1a: Gardevoir|67/100\n|move|p1a: Gardevoir|Hyper Voice|p2b: Pelipper|[spread] p2a,p2b\n|-resisted|p2a: Talonflame|1\n|-damage|p2a: Talonflame|64/100\n|-damage|p2b: Pelipper|0 fnt\n|faint|p2b: Pelipper\n|\n|-weather|RainDance|[upkeep]\n|upkeep\n|\n|t:|1776682004\n|switch|p2b: Sneasler|Sneasler, L50, F, shiny|100/100\n|turn|5\n|\n|t:|1776682026\n|move|p2b: Sneasler|Fake Out|p1a: Gardevoir\n|-damage|p1a: Gardevoir|41/100\n|move|p1b: Kingambit|Kowtow Cleave|p2a: Talonflame\n|-damage|p2a: Talonflame|0 fnt\n|faint|p2a: Talonflame\n|cant|p1a: Gardevoir|flinch\n|\n|-weather|RainDance|[upkeep]\n|-fieldend|move: Trick Room\n|upkeep\n|turn|6\n|\n|t:|1776682058\n|move|p2b: Sneasler|Dire Claw|p1a: Gardevoir\n|-supereffective|p1a: Gardevoir|1\n|-damage|p1a: Gardevoir|0 fnt\n|faint|p1a: Gardevoir\n|move|p1b: Kingambit|Iron Head|p2b: Sneasler\n|-damage|p2b: Sneasler|15/100\n|\n|-weather|none\n|upkeep\n|turn|7\n|\n|t:|1776682069\n|move|p1b: Kingambit|Sucker Punch|p2b: Sneasler\n|-resisted|p2b: Sneasler|1\n|-damage|p2b: Sneasler|0 fnt\n|faint|p2b: Sneasler\n|\n|win|heroisemcalssa\n|raw|heroisemcalssa's rating: 1119 &rarr; <strong>1144</strong><br />(+25 for winning)\n|raw|yuli998's rating: 1113 &rarr; <strong>1088</strong><br />(-25 for losing)\n|c|\u2606yuli998|gg\n",
  "uploadtime": 1776682076,
  "views": 8,
  "formatid": "gen9championsvgc2026regma",
  "rating": 1088,
  "private": 0,
  "password": null
}