{
  "id": "gen9championsvgc2026regma-2586861905",
  "format": "[Gen 9 Champions] VGC 2026 Reg M-A",
  "players": [
    "SuperSonic1990",
    "Jaime Cavalo"
  ],
  "log": "|j|\u2606SuperSonic1990\n|j|\u2606Jaime Cavalo\n|t:|1776466266\n|gametype|doubles\n|player|p1|SuperSonic1990|102|1080\n|player|p2|Jaime Cavalo|265|1027\n|gen|9\n|tier|[Gen 9 Champions] VGC 2026 Reg M-A\n|rated|\n|rule|Species Clause: Limit one of each Pok\u00e9mon\n|rule|Item Clause: Limit 1 of each item\n|clearpoke\n|poke|p1|Starmie, L50|\n|poke|p1|Scovillain, L50, M|\n|poke|p1|Rotom-Wash, L50|\n|poke|p1|Aerodactyl, L50, F|\n|poke|p1|Aegislash, L50, M|\n|poke|p1|Garchomp, L50, F|\n|poke|p2|Floette-Eternal, L50, F|\n|poke|p2|Sinistcha, L50|\n|poke|p2|Pelipper, L50, F|\n|poke|p2|Archaludon, L50, M|\n|poke|p2|Aegislash, L50, F|\n|poke|p2|Basculegion, L50, M|\n|teampreview|4\n|inactive|Battle timer is ON: inactive players will automatically lose when time's up. (requested by Jaime Cavalo)\n|\n|t:|1776466331\n|teamsize|p1|4\n|teamsize|p2|4\n|start\n|switch|p1a: Aerodactyl|Aerodactyl, L50, F|100/100\n|switch|p1b: Starmie|Starmie, L50|100/100\n|switch|p2a: Pelipper|Pelipper, L50, F|100/100\n|switch|p2b: Archaludon|Archaludon, L50, M|100/100\n|-weather|RainDance|[from] ability: Drizzle|[of] p2a: Pelipper\n|turn|1\n|\n|t:|1776466349\n|detailschange|p1b: Starmie|Starmie-Mega, L50\n|-mega|p1b: Starmie|Starmie|Starminite\n|move|p2b: Archaludon|Protect|p2b: Archaludon\n|-singleturn|p2b: Archaludon|Protect\n|move|p1a: Aerodactyl|Tailwind|p1a: Aerodactyl\n|-sidestart|p1: SuperSonic1990|move: Tailwind\n|move|p1b: Starmie|Bulk Up|p1b: Starmie\n|-boost|p1b: Starmie|atk|1\n|-boost|p1b: Starmie|def|1\n|move|p2a: Pelipper|Tailwind|p2a: Pelipper\n|-sidestart|p2: Jaime Cavalo|move: Tailwind\n|\n|-weather|RainDance|[upkeep]\n|upkeep\n|turn|2\n|inactive|SuperSonic1990 has 30 seconds left.\n|\n|t:|1776466375\n|move|p1a: Aerodactyl|Rock Slide|p2b: Archaludon|[spread] p2a,p2b\n|-supereffective|p2a: Pelipper|1\n|-resisted|p2b: Archaludon|1\n|-damage|p2a: Pelipper|38/100\n|-damage|p2b: Archaludon|91/100\n|move|p1b: Starmie|Liquidation|p2b: Archaludon\n|-resisted|p2b: Archaludon|1\n|-damage|p2b: Archaludon|28/100\n|cant|p2b: Archaludon|flinch\n|move|p2a: Pelipper|Weather Ball|p1a: Aerodactyl\n|-supereffective|p1a: Aerodactyl|1\n|-crit|p1a: Aerodactyl\n|-enditem|p1a: Aerodactyl|Focus Sash\n|-damage|p1a: Aerodactyl|1/100\n|\n|-weather|RainDance|[upkeep]\n|-heal|p2b: Archaludon|35/100|[from] item: Leftovers\n|upkeep\n|turn|3\n|inactive|SuperSonic1990 has 30 seconds left.\n|inactive|Jaime Cavalo has 30 seconds left.\n|\n|t:|1776466409\n|switch|p2a: Sinistcha|Sinistcha, L50|100/100\n|-heal|p2b: Archaludon|59/100|[from] ability: Hospitality|[of] p2a: Sinistcha\n|move|p2b: Archaludon|Protect|p2b: Archaludon\n|-singleturn|p2b: Archaludon|Protect\n|move|p1a: Aerodactyl|Rock Slide|p2a: Sinistcha|[spread] p2a\n|-activate|p2b: Archaludon|move: Protect\n|-damage|p2a: Sinistcha|80/100\n|move|p1b: Starmie|Zen Headbutt|p2b: Archaludon\n|-activate|p2b: Archaludon|move: Protect\n|\n|-weather|RainDance|[upkeep]\n|-heal|p2b: Archaludon|65/100|[from] item: Leftovers\n|upkeep\n|turn|4\n|inactive|SuperSonic1990 has 30 seconds left.\n|inactive|SuperSonic1990 has 20 seconds left.\n|inactive|SuperSonic1990 has 15 seconds left.\n|\n|t:|1776466456\n|move|p1a: Aerodactyl|Protect|p1a: Aerodactyl\n|-singleturn|p1a: Aerodactyl|Protect\n|move|p1b: Starmie|Liquidation|p2b: Archaludon\n|-resisted|p2b: Archaludon|1\n|-damage|p2b: Archaludon|1/100\n|move|p2b: Archaludon|Electro Shot||[still]\n|-prepare|p2b: Archaludon|Electro Shot\n|-boost|p2b: Archaludon|spa|1\n|-anim|p2b: Archaludon|Electro Shot|p1b: Starmie\n|-supereffective|p1b: Starmie|1\n|-damage|p1b: Starmie|0 fnt\n|faint|p1b: Starmie\n|move|p2a: Sinistcha|Matcha Gotcha|p1a: Aerodactyl\n|-activate|p1a: Aerodactyl|move: Protect\n|\n|-weather|RainDance|[upkeep]\n|-heal|p2b: Archaludon|7/100|[from] item: Leftovers\n|-sideend|p2: Jaime Cavalo|move: Tailwind\n|-sideend|p1: SuperSonic1990|move: Tailwind\n|upkeep\n|\n|t:|1776466465\n|switch|p1b: Garchomp|Garchomp, L50, F|100/100\n|turn|5\n|\n|t:|1776466477\n|move|p2b: Archaludon|Protect|p2b: Archaludon\n|-singleturn|p2b: Archaludon|Protect\n|move|p1a: Aerodactyl|Rock Slide|p2a: Sinistcha|[spread] p2a\n|-activate|p2b: Archaludon|move: Protect\n|-damage|p2a: Sinistcha|58/100\n|move|p1b: Garchomp|Crunch|p2a: Sinistcha\n|-supereffective|p2a: Sinistcha|1\n|-damage|p2a: Sinistcha|13/100\n|-enditem|p2a: Sinistcha|Sitrus Berry|[eat]\n|-heal|p2a: Sinistcha|38/100|[from] item: Sitrus Berry\n|move|p2a: Sinistcha|Life Dew|p2a: Sinistcha|[spread] p2a,p2b\n|-heal|p2a: Sinistcha|63/100\n|-heal|p2b: Archaludon|32/100\n|\n|-weather|none\n|-heal|p2b: Archaludon|38/100|[from] item: Leftovers\n|upkeep\n|turn|6\n|inactive|Jaime Cavalo has 30 seconds left.\n|\n|t:|1776466502\n|move|p2a: Sinistcha|Rage Powder|p2a: Sinistcha\n|-singleturn|p2a: Sinistcha|move: Rage Powder\n|move|p1a: Aerodactyl|Tailwind|p1a: Aerodactyl\n|-sidestart|p1: SuperSonic1990|move: Tailwind\n|move|p1b: Garchomp|Earthquake|p2a: Sinistcha|[spread] p2a,p2b\n|-immune|p1a: Aerodactyl\n|-resisted|p2a: Sinistcha|1\n|-supereffective|p2b: Archaludon|1\n|-damage|p2a: Sinistcha|47/100\n|-damage|p2b: Archaludon|0 fnt\n|faint|p2b: Archaludon\n|\n|upkeep\n|\n|t:|1776466513\n|switch|p2b: Pelipper|Pelipper, L50, F|38/100\n|-weather|RainDance|[from] ability: Drizzle|[of] p2b: Pelipper\n|turn|7\n|\n|t:|1776466522\n|move|p2b: Pelipper|Wide Guard|p2b: Pelipper\n|-singleturn|p2b: Pelipper|Wide Guard\n|move|p1a: Aerodactyl|Rock Slide|p2a: Sinistcha|[spread] \n|-activate|p2a: Sinistcha|move: Wide Guard\n|-activate|p2b: Pelipper|move: Wide Guard\n|move|p1b: Garchomp|Crunch|p2a: Sinistcha\n|-supereffective|p2a: Sinistcha|1\n|-damage|p2a: Sinistcha|0 fnt\n|faint|p2a: Sinistcha\n|\n|-weather|RainDance|[upkeep]\n|upkeep\n|\n|t:|1776466535\n|switch|p2a: Basculegion|Basculegion, L50, M|100/100\n|turn|8\n|\n|t:|1776466545\n|move|p1a: Aerodactyl|Protect|p1a: Aerodactyl\n|-singleturn|p1a: Aerodactyl|Protect\n|move|p1b: Garchomp|Dragon Claw|p2b: Pelipper\n|-damage|p2b: Pelipper|0 fnt\n|faint|p2b: Pelipper\n|move|p2a: Basculegion|Last Respects|p1b: Garchomp\n|-damage|p1b: Garchomp|0 fnt\n|faint|p1b: Garchomp\n|\n|-weather|RainDance|[upkeep]\n|upkeep\n|\n|t:|1776466555\n|switch|p1b: Aegislash|Aegislash, L50, M, shiny|100/100\n|turn|9\n|\n|t:|1776466565\n|move|p1a: Aerodactyl|Rock Slide|p2a: Basculegion\n|-damage|p2a: Basculegion|60/100\n|cant|p2a: Basculegion|flinch\n|-formechange|p1b: Aegislash|Aegislash-Blade|\n|move|p1b: Aegislash|Shadow Claw|p2a: Basculegion\n|-supereffective|p2a: Basculegion|1\n|-damage|p2a: Basculegion|0 fnt\n|faint|p2a: Basculegion\n|\n|win|SuperSonic1990\n|raw|SuperSonic1990's rating: 1080 &rarr; <strong>1104</strong><br />(+24 for winning)\n|raw|Jaime Cavalo's rating: 1027 &rarr; <strong>1015</strong><br />(-12 for losing)\n|l|\u2606Jaime Cavalo\n|player|p2|\n",
  "uploadtime": 1776466600,
  "views": 36,
  "formatid": "gen9championsvgc2026regma",
  "rating": 1015,
  "private": 0,
  "password": null
}