{
  "id": "gen9championsvgc2026regma-2584723730",
  "format": "[Gen 9 Champions] VGC 2026 Reg M-A",
  "players": [
    "darthbear1976",
    "Aacheryon"
  ],
  "log": "|j|\u2606darthbear1976\n|j|\u2606Aacheryon\n|t:|1776279180\n|gametype|doubles\n|player|p1|darthbear1976|pokemonranger-gen4|1189\n|player|p2|Aacheryon|roughneck|1268\n|gen|9\n|tier|[Gen 9 Champions] VGC 2026 Reg M-A\n|rated|\n|rule|Species Clause: Limit one of each Pok\u00e9mon\n|rule|Item Clause: Limit 1 of each item\n|clearpoke\n|poke|p1|Crabominable, L50, M|\n|poke|p1|Slowking, L50, F|\n|poke|p1|Araquanid, L50, M|\n|poke|p1|Farigiraf, L50, F|\n|poke|p1|Incineroar, L50, F|\n|poke|p1|Maushold, L50|\n|poke|p2|Slowking-Galar, L50, M|\n|poke|p2|Meowstic, L50, M|\n|poke|p2|Milotic, L50, F|\n|poke|p2|Sinistcha, L50|\n|poke|p2|Incineroar, L50, M|\n|poke|p2|Crabominable, L50, F|\n|teampreview|4\n|inactive|Battle timer is ON: inactive players will automatically lose when time's up. (requested by darthbear1976)\n|inactive|darthbear1976 has 60 seconds left.\n|\n|t:|1776279221\n|teamsize|p1|4\n|teamsize|p2|4\n|start\n|switch|p1a: Farigiraf|Farigiraf, L50, F|100/100\n|switch|p1b: Slowking|Slowking, L50, F|100/100\n|switch|p2a: Meowstic|Meowstic, L50, M|100/100\n|switch|p2b: Slowking|Slowking-Galar, L50, M|100/100\n|turn|1\n|\n|t:|1776279244\n|move|p2a: Meowstic|Psychic Terrain|p2a: Meowstic\n|-fieldstart|move: Psychic Terrain\n|move|p1a: Farigiraf|Hyper Voice|p2a: Meowstic|[spread] p2a,p2b\n|-damage|p2a: Meowstic|67/100\n|-damage|p2b: Slowking|73/100\n|move|p2b: Slowking|Expanding Force|p1b: Slowking|[spread] p1a,p1b\n|-resisted|p1a: Farigiraf|1\n|-resisted|p1b: Slowking|1\n|-damage|p1a: Farigiraf|72/100\n|-damage|p1b: Slowking|77/100\n|-prepare|p1b: Slowking|Chilly Reception|[premajor]\n|move|p1b: Slowking|Chilly Reception|p1b: Slowking\n|-weather|Snowscape\n|\n|t:|1776279254\n|switch|p1b: Araquanid|Araquanid, L50, M, shiny|100/100|[from] Chilly Reception\n|\n|-weather|Snowscape|[upkeep]\n|upkeep\n|turn|2\n|\n|t:|1776279263\n|switch|p2a: Sinistcha|Sinistcha, L50|100/100\n|-heal|p2b: Slowking|98/100|[from] ability: Hospitality|[of] p2a: Sinistcha\n|move|p1b: Araquanid|Wide Guard|p1b: Araquanid\n|-singleturn|p1b: Araquanid|Wide Guard\n|move|p2b: Slowking|Sludge Bomb|p1a: Farigiraf\n|-damage|p1a: Farigiraf|27/100\n|move|p1a: Farigiraf|Trick Room|p1a: Farigiraf\n|-fieldstart|move: Trick Room|[of] p1a: Farigiraf\n|\n|-weather|Snowscape|[upkeep]\n|upkeep\n|turn|3\n|\n|t:|1776279285\n|switch|p1a: Crabominable|Crabominable, L50, M, shiny|100/100\n|move|p1b: Araquanid|Wide Guard|p1b: Araquanid\n|-singleturn|p1b: Araquanid|Wide Guard\n|move|p2a: Sinistcha|Rage Powder|p2a: Sinistcha\n|-singleturn|p2a: Sinistcha|move: Rage Powder\n|move|p2b: Slowking|Sludge Bomb|p1a: Crabominable\n|-damage|p1a: Crabominable|41/100\n|\n|-weather|Snowscape|[upkeep]\n|upkeep\n|turn|4\n|\n|t:|1776279302\n|detailschange|p1a: Crabominable|Crabominable-Mega, L50, M, shiny\n|-mega|p1a: Crabominable|Crabominable|Crabominite\n|move|p2a: Sinistcha|Rage Powder|p2a: Sinistcha\n|-singleturn|p2a: Sinistcha|move: Rage Powder\n|move|p2b: Slowking|Sludge Bomb|p1a: Crabominable\n|-damage|p1a: Crabominable|2/100\n|-status|p1a: Crabominable|psn\n|move|p1a: Crabominable|Ice Hammer|p2a: Sinistcha\n|-supereffective|p2a: Sinistcha|1\n|-damage|p2a: Sinistcha|0 fnt\n|-unboost|p1a: Crabominable|spe|1\n|faint|p2a: Sinistcha\n|move|p1b: Araquanid|Liquidation|p2b: Slowking\n|-damage|p2b: Slowking|12/100\n|\n|-weather|Snowscape|[upkeep]\n|-damage|p1a: Crabominable|0 fnt|[from] psn\n|faint|p1a: Crabominable\n|upkeep\n|\n|t:|1776279319\n|switch|p1a: Slowking|Slowking, L50, F|77/100\n|switch|p2a: Milotic|Milotic, L50, F|100/100\n|turn|5\n|\n|t:|1776279332\n|move|p1a: Slowking|Psychic|p2a: Milotic\n|-damage|p2a: Milotic|66/100\n|-unboost|p2a: Milotic|spd|1\n|-ability|p2a: Milotic|Competitive|boost\n|-boost|p2a: Milotic|spa|2\n|move|p2b: Slowking|Sludge Bomb|p1b: Araquanid\n|-damage|p1b: Araquanid|66/100\n|move|p1b: Araquanid|Liquidation|p2b: Slowking\n|-damage|p2b: Slowking|0 fnt\n|faint|p2b: Slowking\n|move|p2a: Milotic|Coil|p2a: Milotic\n|-boost|p2a: Milotic|atk|1\n|-boost|p2a: Milotic|def|1\n|-boost|p2a: Milotic|accuracy|1\n|\n|-weather|none\n|-heal|p2a: Milotic|72/100|[from] item: Leftovers\n|-fieldend|move: Psychic Terrain\n|upkeep\n|\n|t:|1776279347\n|switch|p2b: Meowstic|Meowstic, L50, M|67/100\n|turn|6\n|\n|t:|1776279359\n|switch|p1a: Farigiraf|Farigiraf, L50, F|27/100\n|move|p2b: Meowstic|Fake Out||[still]\n|cant|p1a: Farigiraf|ability: Armor Tail|Fake Out|[of] p2b: Meowstic\n|move|p1b: Araquanid|Liquidation|p2b: Meowstic\n|-damage|p2b: Meowstic|0 fnt\n|faint|p2b: Meowstic\n|move|p2a: Milotic|Muddy Water|p1a: Farigiraf|[spread] p1a,p1b\n|-resisted|p1b: Araquanid|1\n|-damage|p1a: Farigiraf|0 fnt\n|-damage|p1b: Araquanid|40/100\n|faint|p1a: Farigiraf\n|\n|-heal|p2a: Milotic|78/100|[from] item: Leftovers\n|-fieldend|move: Trick Room\n|upkeep\n|\n|t:|1776279373\n|switch|p1a: Slowking|Slowking, L50, F|77/100\n|turn|7\n|\n|t:|1776279377\n|move|p1b: Araquanid|Wide Guard|p1b: Araquanid\n|-singleturn|p1b: Araquanid|Wide Guard\n|move|p2a: Milotic|Muddy Water|p1b: Araquanid|[spread] \n|-activate|p1a: Slowking|move: Wide Guard\n|-activate|p1b: Araquanid|move: Wide Guard\n|move|p1a: Slowking|Trick Room|p1a: Slowking\n|-fieldstart|move: Trick Room|[of] p1a: Slowking\n|\n|-heal|p2a: Milotic|84/100|[from] item: Leftovers\n|upkeep\n|turn|8\n|\n|t:|1776279394\n|move|p1a: Slowking|Scald|p2a: Milotic\n|-resisted|p2a: Milotic|1\n|-damage|p2a: Milotic|66/100\n|move|p1b: Araquanid|Leech Life|p2a: Milotic\n|-damage|p2a: Milotic|44/100\n|-heal|p1b: Araquanid|53/100|[from] drain|[of] p2a: Milotic\n|move|p2a: Milotic|Hypnosis|p1b: Araquanid\n|-status|p1b: Araquanid|slp|[from] move: Hypnosis\n|\n|-heal|p2a: Milotic|50/100|[from] item: Leftovers\n|upkeep\n|turn|9\n|\n|t:|1776279412\n|move|p1a: Slowking|Psychic|p2a: Milotic\n|-damage|p2a: Milotic|7/100\n|cant|p1b: Araquanid|slp\n|move|p2a: Milotic|Muddy Water|p1b: Araquanid|[spread] p1a,p1b\n|-resisted|p1a: Slowking|1\n|-resisted|p1b: Araquanid|1\n|-damage|p1a: Slowking|51/100\n|-damage|p1b: Araquanid|25/100 slp\n|\n|-heal|p2a: Milotic|13/100|[from] item: Leftovers\n|upkeep\n|turn|10\n|\n|t:|1776279426\n|move|p1a: Slowking|Psychic|p2a: Milotic\n|-damage|p2a: Milotic|0 fnt\n|faint|p2a: Milotic\n|\n|win|darthbear1976\n|raw|darthbear1976's rating: 1189 &rarr; <strong>1220</strong><br />(+31 for winning)\n|raw|Aacheryon's rating: 1268 &rarr; <strong>1237</strong><br />(-31 for losing)\n|l|\u2606Aacheryon\n|player|p2|\n",
  "uploadtime": 1776279433,
  "views": 37,
  "formatid": "gen9championsvgc2026regma",
  "rating": 1220,
  "private": 0,
  "password": null
}