{
  "id": "gen9championsvgc2026regma-2584020214",
  "format": "[Gen 9 Champions] VGC 2026 Reg M-A",
  "players": [
    "Thwack64",
    "dem0n2011"
  ],
  "log": "|j|\u2606Thwack64\n|j|\u203ddem0n2011\n|t:|1776217407\n|gametype|doubles\n|player|p1|Thwack64|lucas|1000\n|player|p2|dem0n2011|benga|1022\n|gen|9\n|tier|[Gen 9 Champions] VGC 2026 Reg M-A\n|rated|\n|rule|Species Clause: Limit one of each Pok\u00e9mon\n|rule|Item Clause: Limit 1 of each item\n|clearpoke\n|poke|p1|Floette-Eternal, L50, F|\n|poke|p1|Gardevoir, L50, F|\n|poke|p1|Krookodile, L50, M|\n|poke|p1|Typhlosion-Hisui, L50, F|\n|poke|p1|Corviknight, L50, F|\n|poke|p1|Rotom-Wash, L50|\n|poke|p2|Victreebel, L50, F|\n|poke|p2|Torkoal, L50, M|\n|poke|p2|Farigiraf, L50, F|\n|poke|p2|Dragonite, L50, F|\n|poke|p2|Garchomp, L50, F|\n|poke|p2|Sneasler, L50, M|\n|teampreview|4\n|inactive|Battle timer is ON: inactive players will automatically lose when time's up. (requested by Thwack64)\n|\n|t:|1776217432\n|teamsize|p1|4\n|teamsize|p2|4\n|start\n|switch|p1a: Krookodile|Krookodile, L50, M|100/100\n|switch|p1b: Rotom|Rotom-Wash, L50|100/100\n|switch|p2a: Farigiraf|Farigiraf, L50, F|100/100\n|switch|p2b: Sneasler|Sneasler, L50, M|100/100\n|-ability|p1a: Krookodile|Intimidate|boost\n|-unboost|p2a: Farigiraf|atk|1\n|-unboost|p2b: Sneasler|atk|1\n|turn|1\n|inactive|Thwack64 has 30 seconds left.\n|inactive|dem0n2011 has 30 seconds left.\n|\n|t:|1776217464\n|move|p2a: Farigiraf|Protect|p2a: Farigiraf\n|-singleturn|p2a: Farigiraf|Protect\n|move|p2b: Sneasler|Fake Out|p1b: Rotom\n|-damage|p1b: Rotom|90/100\n|move|p1a: Krookodile|Knock Off|p2a: Farigiraf\n|-activate|p2a: Farigiraf|move: Protect\n|cant|p1b: Rotom|flinch\n|\n|upkeep\n|turn|2\n|\n|t:|1776217484\n|move|p2a: Farigiraf|Helping Hand|p2b: Sneasler\n|-singleturn|p2b: Sneasler|Helping Hand|[of] p2a: Farigiraf\n|move|p2b: Sneasler|Close Combat|p1a: Krookodile\n|-supereffective|p1a: Krookodile|1\n|-enditem|p1a: Krookodile|Focus Sash\n|-damage|p1a: Krookodile|1/100\n|-unboost|p2b: Sneasler|def|1\n|-unboost|p2b: Sneasler|spd|1\n|move|p1a: Krookodile|Knock Off|p2a: Farigiraf\n|-supereffective|p2a: Farigiraf|1\n|-enditem|p2a: Farigiraf|Colbur Berry|[eat]\n|-enditem|p2a: Farigiraf|Colbur Berry|[weaken]\n|-damage|p2a: Farigiraf|63/100\n|move|p1b: Rotom|Volt Switch|p2a: Farigiraf\n|-damage|p2a: Farigiraf|30/100\n|\n|t:|1776217509\n|switch|p1b: Gardevoir|Gardevoir, L50, F|100/100|[from] Volt Switch\n|\n|upkeep\n|turn|3\n|\n|t:|1776217518\n|move|p1b: Gardevoir|Psychic|p2b: Sneasler\n|-supereffective|p2b: Sneasler|2\n|-enditem|p2b: Sneasler|Focus Sash\n|-damage|p2b: Sneasler|1/100\n|move|p2b: Sneasler|Dire Claw|p1b: Gardevoir\n|-supereffective|p1b: Gardevoir|1\n|-damage|p1b: Gardevoir|1/100\n|move|p1a: Krookodile|Knock Off|p2a: Farigiraf\n|-supereffective|p2a: Farigiraf|1\n|-damage|p2a: Farigiraf|0 fnt\n|faint|p2a: Farigiraf\n|\n|upkeep\n|\n|t:|1776217535\n|switch|p2a: Torkoal|Torkoal, L50, M|100/100\n|-weather|SunnyDay|[from] ability: Drought|[of] p2a: Torkoal\n|turn|4\n|\n|t:|1776217551\n|move|p2b: Sneasler|Coaching|p2a: Torkoal\n|-boost|p2a: Torkoal|atk|1\n|-boost|p2a: Torkoal|def|1\n|move|p1b: Gardevoir|Psychic|p2b: Sneasler\n|-supereffective|p2b: Sneasler|2\n|-damage|p2b: Sneasler|0 fnt\n|faint|p2b: Sneasler\n|move|p1a: Krookodile|High Horsepower|p2a: Torkoal\n|-supereffective|p2a: Torkoal|1\n|-damage|p2a: Torkoal|53/100\n|move|p2a: Torkoal|Heat Wave|p1b: Gardevoir|[spread] p1a,p1b\n|-damage|p1a: Krookodile|0 fnt\n|-damage|p1b: Gardevoir|0 fnt\n|faint|p1a: Krookodile\n|faint|p1b: Gardevoir\n|\n|-weather|SunnyDay|[upkeep]\n|upkeep\n|\n|t:|1776217564\n|switch|p2b: Victreebel|Victreebel, L50, F|100/100\n|switch|p1a: Floette|Floette-Eternal, L50, F|100/100\n|switch|p1b: Rotom|Rotom-Wash, L50|90/100\n|turn|5\n|inactive|Thwack64 has 30 seconds left.\n|inactive|Thwack64 has 20 seconds left.\n|\n|t:|1776217604\n|detailschange|p1a: Floette|Floette-Mega, L50, F\n|-mega|p1a: Floette|Floette|Floettite\n|-ability|p1a: Floette|Fairy Aura\n|move|p2a: Torkoal|Helping Hand|p2b: Victreebel\n|-singleturn|p2b: Victreebel|Helping Hand|[of] p2a: Torkoal\n|move|p2b: Victreebel|Sludge Bomb|p1a: Floette\n|-supereffective|p1a: Floette|1\n|-damage|p1a: Floette|0 fnt\n|faint|p1a: Floette\n|move|p1b: Rotom|Will-O-Wisp|p2b: Victreebel\n|-status|p2b: Victreebel|brn\n|\n|-weather|SunnyDay|[upkeep]\n|-damage|p2b: Victreebel|95/100 brn|[from] brn\n|upkeep\n|turn|6\n|\n|t:|1776217622\n|detailschange|p2b: Victreebel|Victreebel-Mega, L50, F\n|-mega|p2b: Victreebel|Victreebel|Victreebelite\n|move|p2a: Torkoal|Helping Hand|p2b: Victreebel\n|-singleturn|p2b: Victreebel|Helping Hand|[of] p2a: Torkoal\n|move|p2b: Victreebel|Leaf Storm|p1b: Rotom\n|-supereffective|p1b: Rotom|1\n|-damage|p1b: Rotom|0 fnt\n|-unboost|p2b: Victreebel|spa|2\n|faint|p1b: Rotom\n|\n|win|dem0n2011\n|raw|Thwack64's rating: 1000 &rarr; <strong>1000</strong><br />(+0 for losing)\n|raw|dem0n2011's rating: 1011 &rarr; <strong>1048</strong><br />(+37 for winning)\n",
  "uploadtime": 1776217628,
  "views": 13,
  "formatid": "gen9championsvgc2026regma",
  "rating": 1000,
  "private": 0,
  "password": null
}