{
  "id": "gen9championsvgc2026regma-2581777788",
  "format": "[Gen 9 Champions] VGC 2026 Reg M-A",
  "players": [
    "HayatoU",
    "Tony Steeler"
  ],
  "log": "|j|\u2606HayatoU\n|j|\u2606Tony Steeler\n|t:|1776027634\n|gametype|doubles\n|player|p1|HayatoU|lisia-masters|1072\n|player|p2|Tony Steeler|266|1034\n|gen|9\n|tier|[Gen 9 Champions] VGC 2026 Reg M-A\n|rated|\n|rule|Species Clause: Limit one of each Pok\u00e9mon\n|rule|Item Clause: Limit 1 of each item\n|clearpoke\n|poke|p1|Meganium, L50, F|\n|poke|p1|Starmie, L50|\n|poke|p1|Archaludon, L50, M|\n|poke|p1|Maushold-Four, L50|\n|poke|p1|Pelipper, L50, M|\n|poke|p1|Incineroar, L50, M|\n|poke|p2|Froslass, L50, F|\n|poke|p2|Orthworm, L50, M|\n|poke|p2|Basculegion, L50, M|\n|poke|p2|Incineroar, L50, F|\n|poke|p2|Rotom-Frost, L50|\n|poke|p2|Garchomp, L50, F|\n|teampreview|4\nHayatoU has agreed to open team sheets.\n|\n|t:|1776027675\n|teamsize|p1|4\n|teamsize|p2|4\n|start\n|switch|p1a: Archaludon|Archaludon, L50, M|100/100\n|switch|p1b: Pelipper|Pelipper, L50, M|100/100\n|switch|p2a: Incineroar|Incineroar, L50, F|100/100\n|switch|p2b: Orthworm|Orthworm, L50, M|100/100\n|-weather|RainDance|[from] ability: Drizzle|[of] p1b: Pelipper\n|-ability|p2a: Incineroar|Intimidate|boost\n|-unboost|p1a: Archaludon|atk|1\n|-unboost|p1b: Pelipper|atk|1\n|turn|1\n|\n|t:|1776027696\n|move|p2a: Incineroar|Fake Out|p1b: Pelipper\n|-crit|p1b: Pelipper\n|-damage|p1b: Pelipper|84/100\n|move|p1a: Archaludon|Electro Shot||[still]\n|-prepare|p1a: Archaludon|Electro Shot\n|-boost|p1a: Archaludon|spa|1\n|-anim|p1a: Archaludon|Electro Shot|p2a: Incineroar\n|-damage|p2a: Incineroar|49/100\n|move|p2b: Orthworm|Body Press|p1a: Archaludon\n|-supereffective|p1a: Archaludon|1\n|-damage|p1a: Archaludon|61/100\n|-ability|p1a: Archaludon|Stamina|boost\n|-boost|p1a: Archaludon|def|1\n|cant|p1b: Pelipper|flinch\n|\n|-weather|RainDance|[upkeep]\n|upkeep\n|turn|2\n|\n|t:|1776027717\n|switch|p2a: Rotom|Rotom-Frost, L50|100/100\n|move|p1a: Archaludon|Electro Shot||[still]\n|-prepare|p1a: Archaludon|Electro Shot\n|-boost|p1a: Archaludon|spa|1\n|-anim|p1a: Archaludon|Electro Shot|p2b: Orthworm\n|-damage|p2b: Orthworm|0 fnt\n|faint|p2b: Orthworm\n|move|p1b: Pelipper|Tailwind|p1b: Pelipper\n|-sidestart|p1: HayatoU|move: Tailwind\n|\n|-weather|RainDance|[upkeep]\n|upkeep\n|\n|t:|1776027729\n|switch|p2b: Froslass|Froslass, L50, F|100/100\n|turn|3\n|\n|t:|1776027751\n|detailschange|p2b: Froslass|Froslass-Mega, L50, F\n|-mega|p2b: Froslass|Froslass|Froslassite\n|-weather|Snowscape|[from] ability: Snow Warning|[of] p2b: Froslass\n|move|p1b: Pelipper|Protect|p1b: Pelipper\n|-singleturn|p1b: Pelipper|Protect\n|move|p1a: Archaludon|Flash Cannon|p2b: Froslass\n|-supereffective|p2b: Froslass|1\n|-damage|p2b: Froslass|0 fnt\n|faint|p2b: Froslass\n|move|p2a: Rotom|Thunderbolt|p1b: Pelipper\n|-activate|p1b: Pelipper|move: Protect\n|\n|-weather|Snowscape|[upkeep]\n|upkeep\n|\n|t:|1776027763\n|switch|p2b: Incineroar|Incineroar, L50, F|49/100\n|-ability|p2b: Incineroar|Intimidate|boost\n|-unboost|p1a: Archaludon|atk|1\n|-unboost|p1b: Pelipper|atk|1\n|turn|4\n|\n|t:|1776027781\n|switch|p1b: Incineroar|Incineroar, L50, M|100/100\n|-ability|p1b: Incineroar|Intimidate|boost\n|-unboost|p2a: Rotom|atk|1\n|-unboost|p2b: Incineroar|atk|1\n|move|p1a: Archaludon|Protect|p1a: Archaludon\n|-singleturn|p1a: Archaludon|Protect\n|move|p2b: Incineroar|Fake Out|p1a: Archaludon\n|-activate|p1a: Archaludon|move: Protect\n|move|p2a: Rotom|Thunderbolt|p1b: Incineroar\n|-damage|p1b: Incineroar|60/100\n|\n|-weather|Snowscape|[upkeep]\n|upkeep\n|turn|5\n|-message|Tony Steeler forfeited.\n|\n|win|HayatoU\n|raw|HayatoU's rating: 1072 &rarr; <strong>1098</strong><br />(+26 for winning)\n|raw|Tony Steeler's rating: 1034 &rarr; <strong>1021</strong><br />(-13 for losing)\n|l|\u2606Tony Steeler\n|player|p2|\n",
  "uploadtime": 1776027800,
  "views": 17,
  "formatid": "gen9championsvgc2026regma",
  "rating": 1021,
  "private": 0,
  "password": null
}