{
  "id": "gen9championsvgc2026regma-2584104878",
  "format": "[Gen 9 Champions] VGC 2026 Reg M-A",
  "players": [
    "skirskir3",
    "Andiom123"
  ],
  "log": "|j|\u2606skirskir3\n|j|\u2606Andiom123\n|t:|1776225633\n|gametype|doubles\n|player|p1|skirskir3|veteran|1061\n|player|p2|Andiom123|169|1053\n|gen|9\n|tier|[Gen 9 Champions] VGC 2026 Reg M-A\n|rated|\n|rule|Species Clause: Limit one of each Pok\u00e9mon\n|rule|Item Clause: Limit 1 of each item\n|clearpoke\n|poke|p1|Drampa, L50, F|\n|poke|p1|Alakazam, L50, M|\n|poke|p1|Sinistcha, L50|\n|poke|p1|Torkoal, L50, F|\n|poke|p1|Kingambit, L50, F|\n|poke|p1|Oranguru, L50, M|\n|poke|p2|Charizard, L50, M|\n|poke|p2|Typhlosion-Hisui, L50, M|\n|poke|p2|Venusaur, L50, F|\n|poke|p2|Aerodactyl, L50, F|\n|poke|p2|Sneasler, L50, M|\n|poke|p2|Garchomp, L50, M|\n|teampreview|4\n|\n|t:|1776225699\n|teamsize|p1|4\n|teamsize|p2|4\n|start\n|switch|p1a: Oranguru|Oranguru, L50, M|100/100\n|switch|p1b: Alakazam|Alakazam, L50, M|100/100\n|switch|p2a: Charizard|Charizard, L50, M|100/100\n|switch|p2b: Typhlosion|Typhlosion-Hisui, L50, M|100/100\n|-item|p1a: Oranguru|Mental Herb|[from] ability: Frisk|[of] p2b: Typhlosion\n|-item|p1b: Alakazam|Colbur Berry|[from] ability: Frisk|[of] p2b: Typhlosion\n|turn|1\n|\n|t:|1776225724\n|detailschange|p2a: Charizard|Charizard-Mega-Y, L50, M\n|-mega|p2a: Charizard|Charizard|Charizardite Y\n|-weather|SunnyDay|[from] ability: Drought|[of] p2a: Charizard\n|move|p2b: Typhlosion|Eruption|p1a: Oranguru|[spread] p1a,p1b\n|-damage|p1a: Oranguru|29/100\n|-damage|p1b: Alakazam|2/100\n|move|p1b: Alakazam|Light Screen|p1b: Alakazam\n|-sidestart|p1: skirskir3|move: Light Screen\n|move|p2a: Charizard|Heat Wave|p1b: Alakazam|[spread] p1b\n|-miss|p2a: Charizard|p1a: Oranguru\n|-damage|p1b: Alakazam|0 fnt\n|faint|p1b: Alakazam\n|move|p1a: Oranguru|Trick Room|p1a: Oranguru\n|-fieldstart|move: Trick Room|[of] p1a: Oranguru\n|\n|-weather|SunnyDay|[upkeep]\n|upkeep\n|\n|t:|1776225740\n|switch|p1b: Drampa|Drampa, L50, F, shiny|100/100\n|-ability|p1b: Drampa|Cloud Nine\n|turn|2\n|\n|t:|1776225775\n|detailschange|p1b: Drampa|Drampa-Mega, L50, F, shiny\n|-mega|p1b: Drampa|Drampa|Drampanite\n|move|p2a: Charizard|Protect|p2a: Charizard\n|-singleturn|p2a: Charizard|Protect\n|move|p1b: Drampa|Calm Mind|p1b: Drampa\n|-boost|p1b: Drampa|spa|1\n|-boost|p1b: Drampa|spd|1\n|move|p1a: Oranguru|Instruct|p1b: Drampa\n|-singleturn|p1b: Drampa|move: Instruct|[of] p1a: Oranguru\n|move|p1b: Drampa|Calm Mind|p1b: Drampa\n|-boost|p1b: Drampa|spa|1\n|-boost|p1b: Drampa|spd|1\n|move|p2b: Typhlosion|Eruption|p1b: Drampa|[spread] p1a,p1b\n|-resisted|p1b: Drampa|1\n|-damage|p1a: Oranguru|0 fnt\n|-damage|p1b: Drampa|88/100\n|faint|p1a: Oranguru\n|\n|-weather|SunnyDay|[upkeep]\n|upkeep\n|\n|t:|1776225791\n|switch|p1a: Sinistcha|Sinistcha, L50|100/100\n|-heal|p1b: Drampa|100/100|[from] ability: Hospitality|[of] p1a: Sinistcha\n|turn|3\n|\n|t:|1776225809\n|move|p1b: Drampa|Dragon Pulse|p2b: Typhlosion\n|-damage|p2b: Typhlosion|0 fnt\n|faint|p2b: Typhlosion\n|move|p1a: Sinistcha|Matcha Gotcha|p2a: Charizard\n|-resisted|p2a: Charizard|2\n|-damage|p2a: Charizard|91/100\n|move|p2a: Charizard|Heat Wave|p1a: Sinistcha|[spread] p1a\n|-miss|p2a: Charizard|p1b: Drampa\n|-supereffective|p1a: Sinistcha|1\n|-damage|p1a: Sinistcha|0 fnt\n|faint|p1a: Sinistcha\n|\n|-weather|SunnyDay|[upkeep]\n|upkeep\n|\n|t:|1776225829\n|switch|p2b: Sneasler|Sneasler, L50, M|100/100\n|turn|4\n|\n|t:|1776225858\n|move|p1b: Drampa|Protect|p1b: Drampa\n|-singleturn|p1b: Drampa|Protect\n|move|p2b: Sneasler|Fake Out|p1b: Drampa\n|-activate|p1b: Drampa|move: Protect\n|move|p2a: Charizard|Overheat|p1b: Drampa\n|-activate|p1b: Drampa|move: Protect\n|\n|-weather|SunnyDay|[upkeep]\n|upkeep\n|turn|5\n|\n|t:|1776225872\n|move|p2a: Charizard|Protect|p2a: Charizard\n|-singleturn|p2a: Charizard|Protect\n|move|p2b: Sneasler|Protect|p2b: Sneasler\n|-singleturn|p2b: Sneasler|Protect\n|move|p1b: Drampa|Hyper Voice|p2b: Sneasler|[spread] \n|-activate|p2a: Charizard|move: Protect\n|-activate|p2b: Sneasler|move: Protect\n|\n|-weather|none\n|-sideend|p1: skirskir3|move: Light Screen\n|-fieldend|move: Trick Room\n|upkeep\n|turn|6\n|\n|t:|1776225889\n|move|p2b: Sneasler|Close Combat|p1b: Drampa\n|-supereffective|p1b: Drampa|1\n|-damage|p1b: Drampa|0 fnt\n|-unboost|p2b: Sneasler|def|1\n|-unboost|p2b: Sneasler|spd|1\n|faint|p1b: Drampa\n|\n|win|Andiom123\n|raw|skirskir3's rating: 1061 &rarr; <strong>1041</strong><br />(-20 for losing)\n|raw|Andiom123's rating: 1053 &rarr; <strong>1086</strong><br />(+33 for winning)\n|l|\u2606skirskir3\n|player|p1|\n",
  "uploadtime": 1776225899,
  "views": 18,
  "formatid": "gen9championsvgc2026regma",
  "rating": 1041,
  "private": 0,
  "password": null
}