{
  "id": "gen9championsvgc2026regma-2580419348",
  "format": "[Gen 9 Champions] VGC 2026 Reg M-A",
  "players": [
    "drunkeneditor",
    "shangenb6"
  ],
  "log": "|j|\u2606drunkeneditor\n|j|\u2606shangenb6\n|t:|1775893674\n|gametype|doubles\n|player|p1|drunkeneditor|2|1080\n|player|p2|shangenb6|170|1101\n|gen|9\n|tier|[Gen 9 Champions] VGC 2026 Reg M-A\n|rated|\n|rule|Species Clause: Limit one of each Pok\u00e9mon\n|rule|Item Clause: Limit 1 of each item\n|clearpoke\n|poke|p1|Sinistcha-Masterpiece, L50|\n|poke|p1|Torkoal, L50, F|\n|poke|p1|Rotom-Wash, L50|\n|poke|p1|Charizard, L50, F|\n|poke|p1|Incineroar, L50, M|\n|poke|p1|Meganium, L50, M|\n|poke|p2|Archaludon, L50, M|\n|poke|p2|Pelipper, L50, F|\n|poke|p2|Sneasler, L50, F|\n|poke|p2|Sinistcha, L50|\n|poke|p2|Incineroar, L50, M|\n|poke|p2|Floette-Eternal, L50, F|\n|teampreview|4\n|inactive|Battle timer is ON: inactive players will automatically lose when time's up. (requested by shangenb6)\n|\n|t:|1775893702\n|teamsize|p1|4\n|teamsize|p2|4\n|start\n|switch|p1a: Rotom|Rotom-Wash, L50|100/100\n|switch|p1b: Incineroar|Incineroar, L50, M|100/100\n|switch|p2a: Floette|Floette-Eternal, L50, F|100/100\n|switch|p2b: Incineroar|Incineroar, L50, M|100/100\n|-ability|p2b: Incineroar|Intimidate|boost\n|-unboost|p1a: Rotom|atk|1\n|-unboost|p1b: Incineroar|atk|1\n|-ability|p1b: Incineroar|Intimidate|boost\n|-unboost|p2a: Floette|atk|1\n|-unboost|p2b: Incineroar|atk|1\n|turn|1\n|inactive|drunkeneditor has 30 seconds left.\n|inactive|shangenb6 has 30 seconds left.\n|inactive|shangenb6 has 20 seconds left.\n|inactive|shangenb6 has 15 seconds left.\n|\n|t:|1775893743\n|move|p2b: Incineroar|Fake Out|p1b: Incineroar\n|-damage|p1b: Incineroar|94/100\n|cant|p1b: Incineroar|flinch\n|move|p1a: Rotom|Trick|p2b: Incineroar\n|-activate|p1a: Rotom|move: Trick|[of] p2b: Incineroar\n|-item|p2b: Incineroar|Choice Scarf|[from] move: Trick\n|-item|p1a: Rotom|Lum Berry|[from] move: Trick\n|move|p2a: Floette|Calm Mind|p2a: Floette\n|-boost|p2a: Floette|spa|1\n|-boost|p2a: Floette|spd|1\n|\n|upkeep\n|turn|2\n|inactive|shangenb6 has 30 seconds left.\n|\n|t:|1775893772\n|switch|p2b: Sneasler|Sneasler, L50, F|100/100\n|detailschange|p2a: Floette|Floette-Mega, L50, F\n|-mega|p2a: Floette|Floette|Floettite\n|-ability|p2a: Floette|Fairy Aura\n|move|p2a: Floette|Calm Mind|p2a: Floette\n|-boost|p2a: Floette|spa|1\n|-boost|p2a: Floette|spd|1\n|move|p1a: Rotom|Hydro Pump|p2b: Sneasler\n|-damage|p2b: Sneasler|42/100\n|move|p1b: Incineroar|Parting Shot|p2a: Floette\n|-unboost|p2a: Floette|atk|1\n|-unboost|p2a: Floette|spa|1\n|\n|t:|1775893789\n|switch|p1b: Torkoal|Torkoal, L50, F|100/100|[from] Parting Shot\n|-weather|SunnyDay|[from] ability: Drought|[of] p1b: Torkoal\n|\n|-weather|SunnyDay|[upkeep]\n|upkeep\n|turn|3\n|inactive|shangenb6 has 30 seconds left.\n|\n|t:|1775893828\n|move|p2b: Sneasler|Fake Out|p1b: Torkoal\n|-damage|p1b: Torkoal|87/100\n|move|p2a: Floette|Calm Mind|p2a: Floette\n|-boost|p2a: Floette|spa|1\n|-boost|p2a: Floette|spd|1\n|move|p1a: Rotom|Will-O-Wisp|p2b: Sneasler\n|-status|p2b: Sneasler|brn\n|cant|p1b: Torkoal|flinch\n|\n|-weather|SunnyDay|[upkeep]\n|-damage|p2b: Sneasler|36/100 brn|[from] brn\n|upkeep\n|turn|4\n|\n|t:|1775893849\n|switch|p2b: Pelipper|Pelipper, L50, F|100/100\n|-weather|RainDance|[from] ability: Drizzle|[of] p2b: Pelipper\n|move|p2a: Floette|Dazzling Gleam|p1b: Torkoal|[spread] p1a,p1b\n|-resisted|p1b: Torkoal|1\n|-damage|p1a: Rotom|20/100\n|-damage|p1b: Torkoal|29/100\n|move|p1a: Rotom|Thunderbolt|p2a: Floette\n|-damage|p2a: Floette|91/100\n|move|p1b: Torkoal|Gyro Ball|p2a: Floette\n|-supereffective|p2a: Floette|1\n|-damage|p2a: Floette|54/100\n|\n|-weather|RainDance|[upkeep]\n|upkeep\n|turn|5\n|\n|t:|1775893871\n|switch|p2b: Sneasler|Sneasler, L50, F|36/100 brn\n|move|p1b: Torkoal|Protect|p1b: Torkoal\n|-singleturn|p1b: Torkoal|Protect\n|move|p2a: Floette|Dazzling Gleam|p1b: Torkoal|[spread] p1a\n|-activate|p1b: Torkoal|move: Protect\n|-damage|p1a: Rotom|0 fnt\n|faint|p1a: Rotom\n|\n|-weather|RainDance|[upkeep]\n|-damage|p2b: Sneasler|30/100 brn|[from] brn\n|upkeep\n|\n|t:|1775893884\n|switch|p1a: Incineroar|Incineroar, L50, M|94/100\n|-ability|p1a: Incineroar|Intimidate|boost\n|-unboost|p2a: Floette|atk|1\n|-unboost|p2b: Sneasler|atk|1\n|-enditem|p2b: Sneasler|White Herb\n|-clearnegativeboost|p2b: Sneasler|[silent]\n|turn|6\n|\n|t:|1775893903\n|move|p2b: Sneasler|Fake Out|p1b: Torkoal\n|-damage|p1b: Torkoal|24/100\n|move|p1a: Incineroar|Fake Out|p2a: Floette\n|-damage|p2a: Floette|43/100\n|cant|p2a: Floette|flinch\n|cant|p1b: Torkoal|flinch\n|\n|-weather|RainDance|[upkeep]\n|-damage|p2b: Sneasler|24/100 brn|[from] brn\n|upkeep\n|turn|7\n|\n|t:|1775893918\n|switch|p2b: Incineroar|Incineroar, L50, M|100/100\n|-ability|p2b: Incineroar|Intimidate|boost\n|-unboost|p1a: Incineroar|atk|1\n|-unboost|p1b: Torkoal|atk|1\n|move|p2a: Floette|Draining Kiss|p1a: Incineroar\n|-damage|p1a: Incineroar|43/100\n|-heal|p2a: Floette|84/100|[from] drain|[of] p1a: Incineroar\n|-enditem|p1a: Incineroar|Sitrus Berry|[eat]\n|-heal|p1a: Incineroar|68/100|[from] item: Sitrus Berry\n|move|p1a: Incineroar|Parting Shot|p2a: Floette\n|-unboost|p2a: Floette|atk|1\n|-unboost|p2a: Floette|spa|1\n|\n|t:|1775893929\n|switch|p1a: Charizard|Charizard, L50, F|100/100|[from] Parting Shot\n|move|p1b: Torkoal|Gyro Ball|p2a: Floette\n|-supereffective|p2a: Floette|1\n|-damage|p2a: Floette|54/100\n|\n|-weather|RainDance|[upkeep]\n|upkeep\n|turn|8\n|\n|t:|1775893953\n|detailschange|p1a: Charizard|Charizard-Mega-Y, L50, F\n|-mega|p1a: Charizard|Charizard|Charizardite Y\n|-weather|SunnyDay|[from] ability: Drought|[of] p1a: Charizard\n|move|p2a: Floette|Protect|p2a: Floette\n|-singleturn|p2a: Floette|Protect\n|move|p1a: Charizard|Weather Ball|p2a: Floette\n|-activate|p2a: Floette|move: Protect\n|move|p2b: Incineroar|Parting Shot|p1b: Torkoal\n|-unboost|p1b: Torkoal|atk|1\n|-unboost|p1b: Torkoal|spa|1\n|\n|t:|1775893965\n|switch|p2b: Pelipper|Pelipper, L50, F|100/100|[from] Parting Shot\n|-weather|RainDance|[from] ability: Drizzle|[of] p2b: Pelipper\n|move|p1b: Torkoal|Body Press|p2b: Pelipper\n|-resisted|p2b: Pelipper|1\n|-damage|p2b: Pelipper|84/100\n|\n|-weather|RainDance|[upkeep]\n|upkeep\n|turn|9\n|inactive|shangenb6 has 30 seconds left.\n|\n|t:|1775893990\n|switch|p1a: Incineroar|Incineroar, L50, M|68/100\n|-ability|p1a: Incineroar|Intimidate|boost\n|-unboost|p2a: Floette|atk|1\n|-unboost|p2b: Pelipper|atk|1\n|move|p1b: Torkoal|Protect|p1b: Torkoal\n|-singleturn|p1b: Torkoal|Protect\n|move|p2a: Floette|Draining Kiss|p1b: Torkoal\n|-activate|p1b: Torkoal|move: Protect\n|move|p2b: Pelipper|Weather Ball|p1a: Incineroar\n|-supereffective|p1a: Incineroar|1\n|-crit|p1a: Incineroar\n|-damage|p1a: Incineroar|0 fnt\n|faint|p1a: Incineroar\n|\n|-weather|RainDance|[upkeep]\n|upkeep\n|\n|t:|1775894004\n|switch|p1a: Charizard|Charizard-Mega-Y, L50, F|100/100\n|-weather|SunnyDay|[from] ability: Drought|[of] p1a: Charizard\n|turn|10\n|\n|t:|1775894018\n|switch|p2b: Sneasler|Sneasler, L50, F|24/100 brn\n|move|p2a: Floette|Protect|p2a: Floette\n|-singleturn|p2a: Floette|Protect\n|move|p1a: Charizard|Heat Wave|p2a: Floette|[spread] p2b\n|-activate|p2a: Floette|move: Protect\n|-damage|p2b: Sneasler|0 fnt\n|faint|p2b: Sneasler\n|move|p1b: Torkoal|Gyro Ball|p2a: Floette\n|-activate|p2a: Floette|move: Protect\n|\n|-weather|SunnyDay|[upkeep]\n|upkeep\n|\n|t:|1775894032\n|switch|p2b: Pelipper|Pelipper, L50, F|84/100\n|-weather|RainDance|[from] ability: Drizzle|[of] p2b: Pelipper\n|turn|11\n|-message|drunkeneditor forfeited.\n|\n|win|shangenb6\n|raw|drunkeneditor's rating: 1080 &rarr; <strong>1059</strong><br />(-21 for losing)\n|raw|shangenb6's rating: 1101 &rarr; <strong>1124</strong><br />(+23 for winning)\n|l|\u2606drunkeneditor\n|player|p1|\n",
  "uploadtime": 1775894038,
  "views": 14,
  "formatid": "gen9championsvgc2026regma",
  "rating": 1059,
  "private": 0,
  "password": null
}