{
  "id": "gen9championsvgc2026regma-2586658327",
  "format": "[Gen 9 Champions] VGC 2026 Reg M-A",
  "players": [
    "Yaoshi",
    "rieken"
  ],
  "log": "|j|\u2606Yaoshi\n|j|\u2606rieken\n|t:|1776449982\n|gametype|doubles\n|player|p1|Yaoshi|steven-masters3|1098\n|player|p2|rieken|170|1132\n|gen|9\n|tier|[Gen 9 Champions] VGC 2026 Reg M-A\n|rated|\n|rule|Species Clause: Limit one of each Pok\u00e9mon\n|rule|Item Clause: Limit 1 of each item\n|clearpoke\n|poke|p1|Floette-Eternal, L50, F|\n|poke|p1|Aerodactyl, L50, F|\n|poke|p1|Alakazam, L50, M|\n|poke|p1|Meowstic, L50, M|\n|poke|p1|Typhlosion-Hisui, L50, F|\n|poke|p1|Torkoal, L50, F|\n|poke|p2|Aerodactyl, L50, F|\n|poke|p2|Scizor, L50, M|\n|poke|p2|Froslass, L50, F|\n|poke|p2|Mamoswine, L50, M|\n|poke|p2|Armarouge, L50, F|\n|poke|p2|Incineroar, L50, M|\n|teampreview|4\n|inactive|Battle timer is ON: inactive players will automatically lose when time's up. (requested by Yaoshi)\nYaoshi has agreed to open team sheets.\nrieken has agreed to open team sheets.\n|showteam|p1|Floette-Eternal||Floettite|FlowerVeil|DazzlingGleam,Moonblast,Psychic,Protect|||F|||50|]Aerodactyl||KingsRock|Unnerve|RockSlide,DualWingbeat,IceFang,Protect|||F|||50|]Alakazam||Alakazite|MagicGuard|ExpandingForce,ShadowBall,DazzlingGleam,Protect|||M|||50|]Meowstic||BrightPowder|Prankster|ThunderWave,ExpandingForce,HelpingHand,PsychicTerrain|||M|||50|]Typhlosion-Hisui||ChoiceScarf|Frisk|Eruption,ShadowBall,SolarBeam,HeatWave|||F|||50|]Torkoal||Leftovers|Drought|HelpingHand,EarthPower,HeatWave,WillOWisp|||F|||50|\n|showteam|p2|Aerodactyl||FocusSash|Unnerve|DualWingbeat,RockSlide,Tailwind,Protect|||F|||50|]Scizor||OccaBerry|Technician|DualWingbeat,BulletPunch,BugBite,SwordsDance|||M|||50|]Froslass||Froslassite|CursedBody|AuroraVeil,Blizzard,ShadowBall,Protect|||F|||50|]Mamoswine||ChoiceScarf|SnowCloak|Earthquake,IcicleCrash,IceShard,RockSlide|||M|||50|]Armarouge||Leftovers|WeakArmor|HeatWave,Psychic,ArmorCannon,Protect|||F|||50|]Incineroar||SitrusBerry|Intimidate|FakeOut,ThroatChop,PartingShot,FlareBlitz|||M|||50|\n|inactive|rieken has 60 seconds left.\n|inactive|rieken has 30 seconds left.\n|inactive|rieken has 20 seconds left.\n|\n|t:|1776450056\n|teamsize|p1|4\n|teamsize|p2|4\n|start\n|switch|p1a: Aerodactyl|Aerodactyl, L50, F, shiny|100/100\n|switch|p1b: Floette|Floette-Eternal, L50, F, shiny|100/100\n|switch|p2a: Aerodactyl|Aerodactyl, L50, F|100/100\n|switch|p2b: Scizor|Scizor, L50, M|100/100\n|-ability|p2a: Aerodactyl|Unnerve\n|-ability|p1a: Aerodactyl|Unnerve\n|turn|1\n|\n|t:|1776450068\n|switch|p1b: Torkoal|Torkoal, L50, F|100/100\n|-weather|SunnyDay|[from] ability: Drought|[of] p1b: Torkoal\n|move|p1a: Aerodactyl|Rock Slide|p2b: Scizor|[spread] p2a,p2b\n|-supereffective|p2a: Aerodactyl|1\n|-damage|p2a: Aerodactyl|15/100\n|-damage|p2b: Scizor|75/100\n|move|p2a: Aerodactyl|Tailwind|p2a: Aerodactyl\n|-sidestart|p2: rieken|move: Tailwind\n|move|p2b: Scizor|Swords Dance|p2b: Scizor\n|-boost|p2b: Scizor|atk|2\n|\n|-weather|SunnyDay|[upkeep]\n|upkeep\n|turn|2\n|inactive|rieken has 30 seconds left.\n|inactive|rieken has 20 seconds left.\n|\n|t:|1776450104\n|move|p1a: Aerodactyl|Protect|p1a: Aerodactyl\n|-singleturn|p1a: Aerodactyl|Protect\n|move|p2a: Aerodactyl|Rock Slide|p1b: Torkoal|[spread] \n|-activate|p1a: Aerodactyl|move: Protect\n|-miss|p2a: Aerodactyl|p1b: Torkoal\n|move|p2b: Scizor|Dual Wingbeat|p1b: Torkoal\n|-damage|p1b: Torkoal|74/100\n|-damage|p1b: Torkoal|46/100\n|-hitcount|p1b: Torkoal|2\n|move|p1b: Torkoal|Heat Wave|p2b: Scizor|[spread] p2a,p2b\n|-resisted|p2a: Aerodactyl|1\n|-supereffective|p2b: Scizor|2\n|-damage|p2a: Aerodactyl|0 fnt\n|-damage|p2b: Scizor|0 fnt\n|faint|p2a: Aerodactyl\n|faint|p2b: Scizor\n|\n|-weather|SunnyDay|[upkeep]\n|-heal|p1b: Torkoal|52/100|[from] item: Leftovers\n|upkeep\n|\n|t:|1776450111\n|switch|p2a: Froslass|Froslass, L50, F|100/100\n|switch|p2b: Incineroar|Incineroar, L50, M|100/100\n|-ability|p2b: Incineroar|Intimidate|boost\n|-unboost|p1a: Aerodactyl|atk|1\n|-unboost|p1b: Torkoal|atk|1\n|turn|3\n|\n|t:|1776450118\n|detailschange|p2a: Froslass|Froslass-Mega, L50, F\n|-mega|p2a: Froslass|Froslass|Froslassite\n|-weather|Snowscape|[from] ability: Snow Warning|[of] p2a: Froslass\n|move|p2b: Incineroar|Fake Out|p1a: Aerodactyl\n|-resisted|p1a: Aerodactyl|1\n|-damage|p1a: Aerodactyl|91/100\n|move|p2a: Froslass|Aurora Veil|p2a: Froslass\n|-sidestart|p2: rieken|move: Aurora Veil\n|cant|p1a: Aerodactyl|flinch\n|move|p1b: Torkoal|Heat Wave|p2b: Incineroar|[spread] p2a\n|-miss|p1b: Torkoal|p2b: Incineroar\n|-supereffective|p2a: Froslass|1\n|-damage|p2a: Froslass|64/100\n|\n|-weather|Snowscape|[upkeep]\n|-heal|p1b: Torkoal|59/100|[from] item: Leftovers\n|upkeep\n|turn|4\n|\n|t:|1776450137\n|switch|p1b: Floette|Floette-Eternal, L50, F, shiny|100/100\n|move|p2a: Froslass|Blizzard|p1a: Aerodactyl|[spread] p1a,p1b\n|-supereffective|p1a: Aerodactyl|1\n|-damage|p1a: Aerodactyl|0 fnt\n|-damage|p1b: Floette|64/100\n|faint|p1a: Aerodactyl\n|move|p2b: Incineroar|Throat Chop|p1b: Floette\n|-resisted|p1b: Floette|1\n|-damage|p1b: Floette|42/100\n|-start|p1b: Floette|Throat Chop|[silent]\n|\n|-weather|Snowscape|[upkeep]\n|-sideend|p2: rieken|move: Tailwind\n|upkeep\n|\n|t:|1776450149\n|switch|p1a: Torkoal|Torkoal, L50, F|59/100\n|-weather|SunnyDay|[from] ability: Drought|[of] p1a: Torkoal\n|turn|5\n|\n|t:|1776450166\n|detailschange|p1b: Floette|Floette-Mega, L50, F, shiny\n|-mega|p1b: Floette|Floette|Floettite\n|-ability|p1b: Floette|Fairy Aura\n|move|p2a: Froslass|Protect|p2a: Froslass\n|-singleturn|p2a: Froslass|Protect\n|move|p1b: Floette|Dazzling Gleam|p2b: Incineroar|[spread] p2b\n|-activate|p2a: Froslass|move: Protect\n|-damage|p2b: Incineroar|76/100\n|move|p2b: Incineroar|Flare Blitz|p1b: Floette\n|-damage|p1b: Floette|0 fnt\n|faint|p1b: Floette\n|-damage|p2b: Incineroar|63/100|[from] Recoil\n|move|p1a: Torkoal|Heat Wave|p2a: Froslass|[spread] p2b\n|-activate|p2a: Froslass|move: Protect\n|-resisted|p2b: Incineroar|1\n|-damage|p2b: Incineroar|55/100\n|\n|-weather|SunnyDay|[upkeep]\n|-heal|p1a: Torkoal|65/100|[from] item: Leftovers\n|upkeep\n|\n|t:|1776450175\n|switch|p1b: Typhlosion|Typhlosion-Hisui, L50, F|100/100\n|-item|p2a: Froslass|Froslassite|[from] ability: Frisk|[of] p1b: Typhlosion\n|-item|p2b: Incineroar|Sitrus Berry|[from] ability: Frisk|[of] p1b: Typhlosion\n|turn|6\n|\n|t:|1776450193\n|move|p1a: Torkoal|Helping Hand|p1b: Typhlosion\n|-singleturn|p1b: Typhlosion|Helping Hand|[of] p1a: Torkoal\n|move|p1b: Typhlosion|Eruption|p2a: Froslass|[spread] p2a,p2b\n|-supereffective|p2a: Froslass|1\n|-resisted|p2b: Incineroar|1\n|-damage|p2a: Froslass|0 fnt\n|-damage|p2b: Incineroar|19/100\n|-enditem|p2b: Incineroar|Sitrus Berry|[eat]\n|-heal|p2b: Incineroar|44/100|[from] item: Sitrus Berry\n|faint|p2a: Froslass\n|move|p2b: Incineroar|Throat Chop|p1b: Typhlosion\n|-supereffective|p1b: Typhlosion|1\n|-damage|p1b: Typhlosion|0 fnt\n|faint|p1b: Typhlosion\n|\n|-weather|SunnyDay|[upkeep]\n|-heal|p1a: Torkoal|71/100|[from] item: Leftovers\n|upkeep\n|turn|7\n|\n|t:|1776450207\n|move|p2b: Incineroar|Parting Shot|p1a: Torkoal\n|-unboost|p1a: Torkoal|atk|1\n|-unboost|p1a: Torkoal|spa|1\n|move|p1a: Torkoal|Earth Power|p2b: Incineroar\n|-supereffective|p2b: Incineroar|1\n|-damage|p2b: Incineroar|29/100\n|\n|-weather|SunnyDay|[upkeep]\n|-heal|p1a: Torkoal|77/100|[from] item: Leftovers\n|-sideend|p2: rieken|move: Aurora Veil\n|upkeep\n|turn|8\n|\n|t:|1776450211\n|move|p2b: Incineroar|Parting Shot|p1a: Torkoal\n|-unboost|p1a: Torkoal|atk|1\n|-unboost|p1a: Torkoal|spa|1\n|move|p1a: Torkoal|Earth Power|p2b: Incineroar\n|-supereffective|p2b: Incineroar|1\n|-damage|p2b: Incineroar|14/100\n|\n|-weather|SunnyDay|[upkeep]\n|-heal|p1a: Torkoal|84/100|[from] item: Leftovers\n|upkeep\n|turn|9\n|\n|t:|1776450215\n|move|p2b: Incineroar|Throat Chop|p1a: Torkoal\n|-damage|p1a: Torkoal|62/100\n|-start|p1a: Torkoal|Throat Chop|[silent]\n|move|p1a: Torkoal|Earth Power|p2b: Incineroar\n|-supereffective|p2b: Incineroar|1\n|-crit|p2b: Incineroar\n|-damage|p2b: Incineroar|0 fnt\n|faint|p2b: Incineroar\n|\n|win|Yaoshi\n|raw|Yaoshi's rating: 1098 &rarr; <strong>1126</strong><br />(+28 for winning)\n|raw|rieken's rating: 1132 &rarr; <strong>1105</strong><br />(-27 for losing)\n",
  "uploadtime": 1776450217,
  "views": 36,
  "formatid": "gen9championsvgc2026regma",
  "rating": 1105,
  "private": 0,
  "password": null
}