{
  "id": "gen9championsvgc2026regma-2588732247",
  "format": "[Gen 9 Champions] VGC 2026 Reg M-A",
  "players": [
    "Cindy HK",
    "themarsslada"
  ],
  "log": "|j|\u2606Cindy HK\n|j|\u2606themarsslada\n|t:|1776663361\n|gametype|doubles\n|player|p1|Cindy HK|169|1143\n|player|p2|themarsslada|102|1186\n|gen|9\n|tier|[Gen 9 Champions] VGC 2026 Reg M-A\n|rated|\n|rule|Species Clause: Limit one of each Pok\u00e9mon\n|rule|Item Clause: Limit 1 of each item\n|clearpoke\n|poke|p1|Excadrill, L50, F|\n|poke|p1|Tyranitar, L50, M|\n|poke|p1|Corviknight, L50, F|\n|poke|p1|Hydreigon, L50, F|\n|poke|p1|Rotom-Wash, L50|\n|poke|p1|Mimikyu, L50, F|\n|poke|p2|Aerodactyl, L50, M|\n|poke|p2|Gardevoir, L50, F|\n|poke|p2|Incineroar, L50, F|\n|poke|p2|Sinistcha, L50|\n|poke|p2|Garchomp, L50, M|\n|poke|p2|Rotom-Wash, L50|\n|teampreview|4\n|\n|t:|1776663399\n|teamsize|p1|4\n|teamsize|p2|4\n|start\n|switch|p1a: Rotom|Rotom-Wash, L50|100/100\n|switch|p1b: Tyranitar|Tyranitar, L50, M|100/100\n|switch|p2a: Aerodactyl|Aerodactyl, L50, M|100/100\n|switch|p2b: Incineroar|Incineroar, L50, F|100/100\n|-ability|p2a: Aerodactyl|Unnerve\n|-weather|Sandstorm|[from] ability: Sand Stream|[of] p1b: Tyranitar\n|-ability|p2b: Incineroar|Intimidate|boost\n|-unboost|p1a: Rotom|atk|1\n|-unboost|p1b: Tyranitar|atk|1\n|turn|1\n|\n|t:|1776663438\n|detailschange|p1b: Tyranitar|Tyranitar-Mega, L50, M\n|-mega|p1b: Tyranitar|Tyranitar|Tyranitarite\n|move|p2b: Incineroar|Fake Out|p1a: Rotom\n|-damage|p1a: Rotom|90/100\n|move|p2a: Aerodactyl|Tailwind|p2a: Aerodactyl\n|-sidestart|p2: themarsslada|move: Tailwind\n|cant|p1a: Rotom|flinch\n|move|p1b: Tyranitar|Rock Slide|p2a: Aerodactyl|[spread] p2a\n|-miss|p1b: Tyranitar|p2b: Incineroar\n|-supereffective|p2a: Aerodactyl|1\n|-damage|p2a: Aerodactyl|28/100\n|\n|-weather|Sandstorm|[upkeep]\n|-damage|p2b: Incineroar|95/100|[from] Sandstorm\n|-damage|p1a: Rotom|84/100|[from] Sandstorm\n|upkeep\n|turn|2\n|\n|t:|1776663468\n|move|p2a: Aerodactyl|Rock Slide|p1b: Tyranitar|[spread] p1a,p1b\n|-damage|p1a: Rotom|55/100\n|-damage|p1b: Tyranitar|84/100\n|move|p2b: Incineroar|Parting Shot|p1b: Tyranitar\n|-unboost|p1b: Tyranitar|atk|1\n|-unboost|p1b: Tyranitar|spa|1\n|\n|t:|1776663479\n|switch|p2b: Garchomp|Garchomp, L50, M|100/100|[from] Parting Shot\n|cant|p1a: Rotom|flinch\n|move|p1b: Tyranitar|Knock Off|p2b: Garchomp\n|-damage|p2b: Garchomp|69/100\n|-damage|p1b: Tyranitar|72/100|[from] ability: Rough Skin|[of] p2b: Garchomp\n|-enditem|p2b: Garchomp|Bright Powder|[from] move: Knock Off|[of] p1b: Tyranitar\n|\n|-weather|Sandstorm|[upkeep]\n|-damage|p1a: Rotom|50/100|[from] Sandstorm\n|upkeep\n|turn|3\n|\n|t:|1776663511\n|move|p1b: Tyranitar|Protect|p1b: Tyranitar\n|-singleturn|p1b: Tyranitar|Protect\n|move|p2a: Aerodactyl|Rock Slide|p1a: Rotom|[spread] \n|-activate|p1b: Tyranitar|move: Protect\n|-miss|p2a: Aerodactyl|p1a: Rotom\n|move|p2b: Garchomp|Dragon Claw|p1a: Rotom\n|-damage|p1a: Rotom|7/100\n|move|p1a: Rotom|Will-O-Wisp|p2b: Garchomp|[miss]\n|-miss|p1a: Rotom|p2b: Garchomp\n|\n|-weather|Sandstorm|[upkeep]\n|-damage|p1a: Rotom|1/100|[from] Sandstorm\n|upkeep\n|turn|4\n|\n|t:|1776663536\n|switch|p1b: Excadrill|Excadrill, L50, F|100/100\n|move|p2a: Aerodactyl|Rock Slide|p1b: Excadrill|[spread] p1a,p1b\n|-resisted|p1b: Excadrill|2\n|-damage|p1a: Rotom|0 fnt\n|-damage|p1b: Excadrill|92/100\n|faint|p1a: Rotom\n|move|p2b: Garchomp|Dragon Claw|p1b: Excadrill\n|-resisted|p1b: Excadrill|1\n|-damage|p1b: Excadrill|61/100\n|\n|-weather|Sandstorm|[upkeep]\n|-sideend|p2: themarsslada|move: Tailwind\n|upkeep\n|\n|t:|1776663543\n|switch|p1a: Mimikyu|Mimikyu, L50, F|100/100\n|turn|5\n|\n|t:|1776663572\n|move|p1a: Mimikyu|Shadow Sneak|p2a: Aerodactyl\n|-damage|p2a: Aerodactyl|0 fnt\n|faint|p2a: Aerodactyl\n|move|p1b: Excadrill|Rock Slide|p2b: Garchomp\n|-resisted|p2b: Garchomp|1\n|-damage|p2b: Garchomp|56/100\n|move|p2b: Garchomp|Bulldoze|p1b: Excadrill|[spread] p1a,p1b\n|-supereffective|p1b: Excadrill|1\n|-activate|p1a: Mimikyu|ability: Disguise\n|-damage|p1a: Mimikyu|100/100\n|-damage|p1b: Excadrill|0 fnt\n|-unboost|p1a: Mimikyu|spe|1\n|detailschange|p1a: Mimikyu|Mimikyu-Busted, L50, F\n|-damage|p1a: Mimikyu|88/100|[from] pokemon: Mimikyu-Busted\n|faint|p1b: Excadrill\n|-enditem|p1a: Mimikyu|White Herb\n|-clearnegativeboost|p1a: Mimikyu|[silent]\n|\n|-weather|none\n|upkeep\n|-message|Cindy HK forfeited.\n|\n|win|themarsslada\n|raw|Cindy HK's rating: 1143 &rarr; <strong>1121</strong><br />(-22 for losing)\n|raw|themarsslada's rating: 1186 &rarr; <strong>1208</strong><br />(+22 for winning)\n|l|\u2606Cindy HK\n|player|p1|\n|l|\u2606themarsslada\n|player|p2|\n|j|\u2606Cindy HK\n|player|p1|Cindy HK|169|\n",
  "uploadtime": 1776663994,
  "views": 23,
  "formatid": "gen9championsvgc2026regma",
  "rating": 1121,
  "private": 0,
  "password": null
}