{
  "id": "gen9championsvgc2026regma-2585102355",
  "format": "[Gen 9 Champions] VGC 2026 Reg M-A",
  "players": [
    "Missed Ledgedash",
    "octago"
  ],
  "log": "|j|\u2606Missed Ledgedash\n|j|\u2606octago\n|t:|1776312009\n|gametype|doubles\n|player|p1|Missed Ledgedash|juan-gen3|1222\n|player|p2|octago|101|1276\n|gen|9\n|tier|[Gen 9 Champions] VGC 2026 Reg M-A\n|rated|\n|rule|Species Clause: Limit one of each Pok\u00e9mon\n|rule|Item Clause: Limit 1 of each item\n|clearpoke\n|poke|p1|Incineroar, L50, M|\n|poke|p1|Gengar, L50, M|\n|poke|p1|Gyarados, L50, M|\n|poke|p1|Tyranitar, L50, F|\n|poke|p1|Sneasler, L50, M|\n|poke|p1|Excadrill, L50, M|\n|poke|p2|Venusaur, L50, M|\n|poke|p2|Vivillon-Polar, L50, F|\n|poke|p2|Kingambit, L50, F|\n|poke|p2|Farigiraf, L50, M|\n|poke|p2|Meganium, L50, F|\n|poke|p2|Arcanine-Hisui, L50, M|\n|teampreview|4\n|inactive|Battle timer is ON: inactive players will automatically lose when time's up. (requested by octago)\n|inactive|Missed Ledgedash has 60 seconds left.\n|\n|t:|1776312052\n|teamsize|p1|4\n|teamsize|p2|4\n|start\n|switch|p1a: Sneasler|Sneasler, L50, M|100/100\n|switch|p1b: Gengar|Gengar, L50, M|100/100\n|switch|p2a: Vivillon|Vivillon-Polar, L50, F|100/100\n|switch|p2b: Farigiraf|Farigiraf, L50, M|100/100\n|turn|1\n|\n|t:|1776312073\n|switch|p1a: Tyranitar|Tyranitar, L50, F|100/100\n|-weather|Sandstorm|[from] ability: Sand Stream|[of] p1a: Tyranitar\n|detailschange|p1b: Gengar|Gengar-Mega, L50, M\n|-mega|p1b: Gengar|Gengar|Gengarite\n|move|p1b: Gengar|Perish Song|p1b: Gengar\n|-start|p1a: Tyranitar|perish3|[silent]\n|-start|p1b: Gengar|perish3|[silent]\n|-start|p2a: Vivillon|perish3|[silent]\n|-start|p2b: Farigiraf|perish3|[silent]\n|-fieldactivate|move: Perish Song\n|move|p2a: Vivillon|Hurricane|p1a: Tyranitar\n|-resisted|p1a: Tyranitar|1\n|-damage|p1a: Tyranitar|86/100\n|move|p2b: Farigiraf|Trick Room|p2b: Farigiraf\n|-fieldstart|move: Trick Room|[of] p2b: Farigiraf\n|\n|-weather|Sandstorm|[upkeep]\n|-damage|p2b: Farigiraf|94/100|[from] Sandstorm\n|-damage|p2a: Vivillon|95/100|[from] Sandstorm\n|-damage|p1b: Gengar|94/100|[from] Sandstorm\n|-start|p2b: Farigiraf|perish3\n|-start|p1a: Tyranitar|perish3\n|-start|p2a: Vivillon|perish3\n|-start|p1b: Gengar|perish3\n|upkeep\n|turn|2\n|inactive|octago has 30 seconds left.\n|\n|t:|1776312106\n|switch|p1a: Sneasler|Sneasler, L50, M|100/100\n|move|p1b: Gengar|Protect|p1b: Gengar\n|-singleturn|p1b: Gengar|Protect\n|move|p2b: Farigiraf|Psychic|p1b: Gengar\n|-activate|p1b: Gengar|move: Protect\n|move|p2a: Vivillon|Sleep Powder|p1a: Sneasler\n|-status|p1a: Sneasler|slp|[from] move: Sleep Powder\n|\n|-weather|Sandstorm|[upkeep]\n|-damage|p2b: Farigiraf|88/100|[from] Sandstorm\n|-damage|p2a: Vivillon|89/100|[from] Sandstorm\n|-damage|p1a: Sneasler|95/100 slp|[from] Sandstorm\n|-damage|p1b: Gengar|88/100|[from] Sandstorm\n|-start|p2b: Farigiraf|perish2\n|-start|p2a: Vivillon|perish2\n|-start|p1b: Gengar|perish2\n|upkeep\n|turn|3\n|inactive|Missed Ledgedash has 30 seconds left.\n|\n|t:|1776312134\n|move|p1b: Gengar|Protect|p1b: Gengar\n|-singleturn|p1b: Gengar|Protect\n|move|p2b: Farigiraf|Psychic|p1a: Sneasler\n|-supereffective|p1a: Sneasler|2\n|-damage|p1a: Sneasler|0 fnt\n|faint|p1a: Sneasler\n|move|p2a: Vivillon|Sleep Powder|p1b: Gengar\n|-activate|p1b: Gengar|move: Protect\n|\n|-weather|Sandstorm|[upkeep]\n|-damage|p2b: Farigiraf|82/100|[from] Sandstorm\n|-damage|p2a: Vivillon|83/100|[from] Sandstorm\n|-damage|p1b: Gengar|82/100|[from] Sandstorm\n|-start|p2b: Farigiraf|perish1\n|-start|p2a: Vivillon|perish1\n|-start|p1b: Gengar|perish1\n|upkeep\n|\n|t:|1776312144\n|switch|p1a: Excadrill|Excadrill, L50, M|100/100\n|turn|4\n|\n|t:|1776312162\n|switch|p1b: Tyranitar|Tyranitar, L50, F|86/100\n|move|p1a: Excadrill|Protect|p1a: Excadrill\n|-singleturn|p1a: Excadrill|Protect\n|move|p2b: Farigiraf|Psychic|p1b: Tyranitar\n|-immune|p1b: Tyranitar\n|move|p2a: Vivillon|Sleep Powder|p1a: Excadrill\n|-activate|p1a: Excadrill|move: Protect\n|\n|-weather|Sandstorm|[upkeep]\n|-damage|p2b: Farigiraf|76/100|[from] Sandstorm\n|-damage|p2a: Vivillon|78/100|[from] Sandstorm\n|-start|p2b: Farigiraf|perish0\n|-start|p2a: Vivillon|perish0\n|faint|p2b: Farigiraf\n|faint|p2a: Vivillon\n|upkeep\n|\n|t:|1776312171\n|switch|p2b: Kingambit|Kingambit, L50, F|100/100\n|switch|p2a: Meganium|Meganium, L50, F|100/100\n|turn|5\n|\n|t:|1776312189\n|switch|p1a: Gengar|Gengar-Mega, L50, M|82/100\n|detailschange|p2a: Meganium|Meganium-Mega, L50, F\n|-mega|p2a: Meganium|Meganium|Meganiumite\n|move|p2b: Kingambit|Low Kick|p1b: Tyranitar\n|-supereffective|p1b: Tyranitar|2\n|-damage|p1b: Tyranitar|0 fnt\n|faint|p1b: Tyranitar\n|move|p2a: Meganium|Weather Ball|p1a: Gengar\n|-damage|p1a: Gengar|17/100\n|\n|-weather|none\n|-fieldend|move: Trick Room\n|upkeep\n|\n|t:|1776312198\n|switch|p1b: Excadrill|Excadrill, L50, M|100/100\n|turn|6\n|\n|t:|1776312217\n|move|p1a: Gengar|Shadow Ball|p2b: Kingambit\n|-resisted|p2b: Kingambit|1\n|-damage|p2b: Kingambit|80/100\n|move|p1b: Excadrill|High Horsepower|p2b: Kingambit\n|-supereffective|p2b: Kingambit|1\n|-damage|p2b: Kingambit|4/100\n|move|p2a: Meganium|Weather Ball|p1b: Excadrill\n|-supereffective|p1b: Excadrill|1\n|-enditem|p1b: Excadrill|Focus Sash\n|-damage|p1b: Excadrill|1/100\n|move|p2b: Kingambit|Kowtow Cleave|p1a: Gengar\n|-supereffective|p1a: Gengar|1\n|-damage|p1a: Gengar|0 fnt\n|faint|p1a: Gengar\n|\n|upkeep\n|turn|7\n|\n|t:|1776312237\n|move|p2b: Kingambit|Sucker Punch|p1b: Excadrill\n|-damage|p1b: Excadrill|0 fnt\n|faint|p1b: Excadrill\n|\n|win|octago\n|raw|Missed Ledgedash's rating: 1222 &rarr; <strong>1201</strong><br />(-21 for losing)\n|raw|octago's rating: 1276 &rarr; <strong>1297</strong><br />(+21 for winning)\n",
  "uploadtime": 1776312237,
  "views": 23,
  "formatid": "gen9championsvgc2026regma",
  "rating": 1201,
  "private": 0,
  "password": null
}