{
  "id": "gen9championsvgc2026regma-2581187139",
  "format": "[Gen 9 Champions] VGC 2026 Reg M-A",
  "players": [
    "disciple of blahaj",
    "DD skebbej"
  ],
  "log": "|j|\u2606disciple of blahaj\n|j|\u2606DD skebbej\n|t:|1775968562\n|gametype|doubles\n|player|p1|disciple of blahaj|jacinthe|1051\n|player|p2|DD skebbej|169|1076\n|gen|9\n|tier|[Gen 9 Champions] VGC 2026 Reg M-A\n|rated|\n|rule|Species Clause: Limit one of each Pok\u00e9mon\n|rule|Item Clause: Limit 1 of each item\n|clearpoke\n|poke|p1|Lopunny, L50, M|\n|poke|p1|Basculegion, L50, M|\n|poke|p1|Whimsicott, L50, F|\n|poke|p1|Pelipper, L50, F|\n|poke|p1|Garchomp, L50, M|\n|poke|p1|Aegislash, L50, F|\n|poke|p2|Charizard, L50, M|\n|poke|p2|Garchomp, L50, F|\n|poke|p2|Maushold-Four, L50|\n|poke|p2|Whimsicott, L50, M|\n|poke|p2|Sneasler, L50, F|\n|poke|p2|Incineroar, L50, F|\n|teampreview|4\n|inactive|Battle timer is ON: inactive players will automatically lose when time's up. (requested by disciple of blahaj)\n|inactive|DD skebbej has 60 seconds left.\n|\n|t:|1775968620\n|teamsize|p1|4\n|teamsize|p2|4\n|start\n|switch|p1a: Lopunny|Lopunny, L50, M, shiny|100/100\n|switch|p1b: Basculegion|Basculegion, L50, M|100/100\n|switch|p2a: Sneasler|Sneasler, L50, F|100/100\n|switch|p2b: Incineroar|Incineroar, L50, F|100/100\n|-ability|p2b: Incineroar|Intimidate|boost\n|-unboost|p1a: Lopunny|atk|1\n|-unboost|p1b: Basculegion|atk|1\n|turn|1\n|inactive|DD skebbej has 30 seconds left.\n|\n|t:|1775968659\n|detailschange|p1a: Lopunny|Lopunny-Mega, L50, M, shiny\n|-mega|p1a: Lopunny|Lopunny|Lopunnite\n|move|p1a: Lopunny|Fake Out|p2a: Sneasler\n|-damage|p2a: Sneasler|78/100\n|move|p1b: Basculegion|Flip Turn|p2b: Incineroar\n|-supereffective|p2b: Incineroar|1\n|-damage|p2b: Incineroar|45/100\n|-enditem|p2b: Incineroar|Sitrus Berry|[eat]\n|-heal|p2b: Incineroar|70/100|[from] item: Sitrus Berry\n|\n|t:|1775968670\n|switch|p1b: Garchomp|Garchomp, L50, M|100/100|[from] Flip Turn\n|cant|p2a: Sneasler|flinch\n|move|p2b: Incineroar|Darkest Lariat|p1b: Garchomp\n|-damage|p1b: Garchomp|61/100\n|-damage|p2b: Incineroar|57/100|[from] ability: Rough Skin|[of] p1b: Garchomp\n|\n|upkeep\n|turn|2\n|\n|t:|1775968691\n|switch|p1a: Basculegion|Basculegion, L50, M|100/100\n|switch|p2b: Garchomp|Garchomp, L50, F|100/100\n|move|p2a: Sneasler|Close Combat|p1a: Basculegion\n|-immune|p1a: Basculegion\n|move|p1b: Garchomp|Stomping Tantrum|p2a: Sneasler\n|-supereffective|p2a: Sneasler|1\n|-crit|p2a: Sneasler\n|-damage|p2a: Sneasler|0 fnt\n|faint|p2a: Sneasler\n|\n|upkeep\n|\n|t:|1775968706\n|switch|p2a: Incineroar|Incineroar, L50, F|57/100\n|-ability|p2a: Incineroar|Intimidate|boost\n|-unboost|p1a: Basculegion|atk|1\n|-unboost|p1b: Garchomp|atk|1\n|turn|3\n|inactive|DD skebbej has 30 seconds left.\n|\n|t:|1775968732\n|switch|p1b: Pelipper|Pelipper, L50, F|100/100\n|-weather|RainDance|[from] ability: Drizzle|[of] p1b: Pelipper\n|move|p2a: Incineroar|Fake Out|p1b: Pelipper\n|-damage|p1b: Pelipper|82/100\n|move|p1a: Basculegion|Flip Turn|p2a: Incineroar\n|-supereffective|p2a: Incineroar|1\n|-damage|p2a: Incineroar|0 fnt\n|faint|p2a: Incineroar\n|\n|t:|1775968743\n|switch|p1a: Garchomp|Garchomp, L50, M|61/100|[from] Flip Turn\n|move|p2b: Garchomp|Dragon Claw|p1a: Garchomp\n|-supereffective|p1a: Garchomp|1\n|-damage|p1a: Garchomp|0 fnt\n|-damage|p2b: Garchomp|88/100|[from] ability: Rough Skin|[of] p1a: Garchomp\n|faint|p1a: Garchomp\n|\n|-weather|RainDance|[upkeep]\n|upkeep\n|\n|t:|1775968766\n|switch|p1a: Lopunny|Lopunny-Mega, L50, M, shiny|100/100\n|switch|p2a: Charizard|Charizard, L50, M|100/100\n|turn|4\n|\n|t:|1775968777\n|switch|p1b: Basculegion|Basculegion, L50, M|100/100\n|move|p2b: Garchomp|Protect|p2b: Garchomp\n|-singleturn|p2b: Garchomp|Protect\n|move|p2a: Charizard|Protect|p2a: Charizard\n|-singleturn|p2a: Charizard|Protect\n|move|p1a: Lopunny|Fake Out|p2a: Charizard\n|-activate|p2a: Charizard|move: Protect\n|\n|-weather|RainDance|[upkeep]\n|upkeep\n|turn|5\n|inactive|DD skebbej has 30 seconds left.\n|\n|t:|1775968810\n|detailschange|p2a: Charizard|Charizard-Mega-Y, L50, M\n|-mega|p2a: Charizard|Charizard|Charizardite Y\n|-weather|SunnyDay|[from] ability: Drought|[of] p2a: Charizard\n|move|p1a: Lopunny|Encore|p2a: Charizard\n|-start|p2a: Charizard|Encore\n|move|p2a: Charizard|Protect||[still]\n|-fail|p2a: Charizard\n|move|p1b: Basculegion|Flip Turn|p2b: Garchomp\n|-damage|p2b: Garchomp|70/100\n|-damage|p1b: Basculegion|88/100|[from] ability: Rough Skin|[of] p2b: Garchomp\n|\n|t:|1775968821\n|switch|p1b: Pelipper|Pelipper, L50, F|82/100|[from] Flip Turn\n|-weather|RainDance|[from] ability: Drizzle|[of] p1b: Pelipper\n|move|p2b: Garchomp|Rock Slide|p1a: Lopunny|[spread] p1a,p1b\n|-resisted|p1a: Lopunny|1\n|-supereffective|p1b: Pelipper|1\n|-enditem|p1b: Pelipper|Charti Berry|[eat]\n|-enditem|p1b: Pelipper|Charti Berry|[weaken]\n|-damage|p1a: Lopunny|87/100\n|-damage|p1b: Pelipper|54/100\n|\n|-weather|RainDance|[upkeep]\n|upkeep\n|turn|6\n|\n|t:|1775968838\n|move|p2a: Charizard|Protect|p2a: Charizard\n|-singleturn|p2a: Charizard|Protect\n|move|p1a: Lopunny|Close Combat|p2b: Garchomp\n|-damage|p2b: Garchomp|0 fnt\n|-unboost|p1a: Lopunny|def|1\n|-unboost|p1a: Lopunny|spd|1\n|-damage|p1a: Lopunny|75/100|[from] ability: Rough Skin|[of] p2b: Garchomp\n|faint|p2b: Garchomp\n|move|p1b: Pelipper|Muddy Water|p2a: Charizard\n|-activate|p2a: Charizard|move: Protect\n|\n|-weather|RainDance|[upkeep]\n|upkeep\n|turn|7\n|-message|DD skebbej forfeited.\n|\n|win|disciple of blahaj\n|raw|disciple of blahaj's rating: 1051 &rarr; <strong>1086</strong><br />(+35 for winning)\n|raw|DD skebbej's rating: 1076 &rarr; <strong>1053</strong><br />(-23 for losing)\n|l|\u2606DD skebbej\n|player|p2|\n",
  "uploadtime": 1775968853,
  "views": 16,
  "formatid": "gen9championsvgc2026regma",
  "rating": 1053,
  "private": 0,
  "password": null
}