{
  "id": "gen9championsvgc2026regma-2584111870",
  "format": "[Gen 9 Champions] VGC 2026 Reg M-A",
  "players": [
    "Yab0ner",
    "Donatangelo"
  ],
  "log": "|j|\u2606Yab0ner\n|j|\u2606Donatangelo\n|t:|1776226408\n|gametype|doubles\n|player|p1|Yab0ner|crasherwake|1080\n|player|p2|Donatangelo|1|1024\n|gen|9\n|tier|[Gen 9 Champions] VGC 2026 Reg M-A\n|rated|\n|rule|Species Clause: Limit one of each Pok\u00e9mon\n|rule|Item Clause: Limit 1 of each item\n|clearpoke\n|poke|p1|Gengar, L50, F|\n|poke|p1|Primarina, L50, F|\n|poke|p1|Politoed, L50, M|\n|poke|p1|Kommo-o, L50, M|\n|poke|p1|Raichu, L50, F|\n|poke|p1|Incineroar, L50, M|\n|poke|p2|Meganium, L50, M|\n|poke|p2|Aerodactyl, L50, F|\n|poke|p2|Tauros-Paldea-Aqua, L50, M|\n|poke|p2|Typhlosion-Hisui, L50, M|\n|poke|p2|Kangaskhan, L50, F|\n|poke|p2|Archaludon, L50, M|\n|teampreview|4\n|inactive|Battle timer is ON: inactive players will automatically lose when time's up. (requested by Yab0ner)\n|inactive|Donatangelo also wants the timer to be on.\n|inactive|Yab0ner has 60 seconds left.\n|inactive|Donatangelo has 60 seconds left.\n|\n|t:|1776226447\n|teamsize|p1|4\n|teamsize|p2|4\n|start\n|switch|p1a: Raichu|Raichu, L50, F, shiny|100/100\n|switch|p1b: Gengar|Gengar, L50, F, shiny|100/100\n|switch|p2a: Kangaskhan|Kangaskhan, L50, F|100/100\n|switch|p2b: Aerodactyl|Aerodactyl, L50, F|100/100\n|-ability|p2b: Aerodactyl|Unnerve\n|turn|1\n|inactive|Yab0ner has 30 seconds left.\n|\n|t:|1776226474\n|detailschange|p1b: Gengar|Gengar-Mega, L50, F, shiny\n|-mega|p1b: Gengar|Gengar|Gengarite\n|move|p1a: Raichu|Fake Out|p2a: Kangaskhan\n|-damage|p2a: Kangaskhan|91/100\n|move|p2a: Kangaskhan|Fake Out|p1a: Raichu\n|-damage|p1a: Raichu|67/100\n|move|p1b: Gengar|Perish Song|p1b: Gengar\n|-start|p1a: Raichu|perish3|[silent]\n|-start|p1b: Gengar|perish3|[silent]\n|-start|p2a: Kangaskhan|perish3|[silent]\n|-start|p2b: Aerodactyl|perish3|[silent]\n|-fieldactivate|move: Perish Song\n|move|p2b: Aerodactyl|Tailwind|p2b: Aerodactyl\n|-sidestart|p2: Donatangelo|move: Tailwind\n|\n|-start|p2b: Aerodactyl|perish3\n|-start|p2a: Kangaskhan|perish3\n|-start|p1b: Gengar|perish3\n|-start|p1a: Raichu|perish3\n|upkeep\n|turn|2\n|inactive|Yab0ner has 30 seconds left.\n|inactive|Yab0ner has 20 seconds left.\n|inactive|Yab0ner has 15 seconds left.\n|inactive|Yab0ner has 10 seconds left.\n|\n|t:|1776226521\n|switch|p1b: Primarina|Primarina, L50, F|100/100\n|move|p2b: Aerodactyl|Rock Slide|p1a: Raichu|[spread] p1a,p1b\n|-damage|p1a: Raichu|6/100\n|-damage|p1b: Primarina|66/100\n|move|p2a: Kangaskhan|Double-Edge|p1a: Raichu\n|-damage|p1a: Raichu|0 fnt\n|faint|p1a: Raichu\n|-damage|p2a: Kangaskhan|90/100|[from] Recoil\n|\n|-start|p2b: Aerodactyl|perish2\n|-start|p2a: Kangaskhan|perish2\n|upkeep\n|\n|t:|1776226541\n|switch|p1a: Gengar|Gengar-Mega, L50, F, shiny|100/100\n|turn|3\n|\n|t:|1776226561\n|switch|p1a: Kommo-o|Kommo-o, L50, M|100/100\n|move|p2b: Aerodactyl|Dual Wingbeat|p1a: Kommo-o\n|-supereffective|p1a: Kommo-o|1\n|-damage|p1a: Kommo-o|70/100\n|-supereffective|p1a: Kommo-o|1\n|-damage|p1a: Kommo-o|36/100\n|-hitcount|p1a: Kommo-o|2\n|move|p2a: Kangaskhan|Double-Edge|p1b: Primarina\n|-damage|p1b: Primarina|0 fnt\n|faint|p1b: Primarina\n|-damage|p2a: Kangaskhan|70/100|[from] Recoil\n|\n|-start|p2b: Aerodactyl|perish1\n|-start|p2a: Kangaskhan|perish1\n|upkeep\n|\n|t:|1776226577\n|switch|p1b: Gengar|Gengar-Mega, L50, F, shiny|100/100\n|turn|4\n|\n|t:|1776226591\n|move|p1b: Gengar|Protect|p1b: Gengar\n|-singleturn|p1b: Gengar|Protect\n|move|p1a: Kommo-o|Protect|p1a: Kommo-o\n|-singleturn|p1a: Kommo-o|Protect\n|move|p2a: Kangaskhan|Sucker Punch||[still]\n|-fail|p2a: Kangaskhan\n|move|p2b: Aerodactyl|Rock Slide|p1a: Kommo-o|[spread] \n|-activate|p1a: Kommo-o|move: Protect\n|-activate|p1b: Gengar|move: Protect\n|\n|-start|p2b: Aerodactyl|perish0\n|-start|p2a: Kangaskhan|perish0\n|-sideend|p2: Donatangelo|move: Tailwind\n|faint|p2b: Aerodactyl\n|faint|p2a: Kangaskhan\n|upkeep\n|-enditem|p1a: Kommo-o|Sitrus Berry|[eat]\n|-heal|p1a: Kommo-o|60/100|[from] item: Sitrus Berry\n|\n|t:|1776226597\n|switch|p2b: Archaludon|Archaludon, L50, M|100/100\n|switch|p2a: Meganium|Meganium, L50, M|100/100\n|turn|5\n|inactive|Yab0ner has 30 seconds left.\n|inactive|Donatangelo has 30 seconds left.\n|inactive|Donatangelo has 20 seconds left.\n|inactive|Donatangelo has 15 seconds left.\n|\n|t:|1776226640\n|detailschange|p2a: Meganium|Meganium-Mega, L50, M\n|-mega|p2a: Meganium|Meganium|Meganiumite\n|move|p2b: Archaludon|Protect|p2b: Archaludon\n|-singleturn|p2b: Archaludon|Protect\n|move|p1b: Gengar|Sludge Bomb|p2a: Meganium\n|-supereffective|p2a: Meganium|2\n|-damage|p2a: Meganium|0 fnt\n|faint|p2a: Meganium\n|move|p1a: Kommo-o|Iron Defense|p1a: Kommo-o\n|-boost|p1a: Kommo-o|def|2\n|\n|upkeep\n|turn|6\n|-message|Donatangelo forfeited.\n|\n|win|Yab0ner\n|raw|Yab0ner's rating: 1080 &rarr; <strong>1104</strong><br />(+24 for winning)\n|raw|Donatangelo's rating: 1024 &rarr; <strong>1013</strong><br />(-11 for losing)\n|l|\u2606Donatangelo\n|player|p2|\n",
  "uploadtime": 1776226654,
  "views": 17,
  "formatid": "gen9championsvgc2026regma",
  "rating": 1013,
  "private": 0,
  "password": null
}