{
  "id": "gen9championsvgc2026regma-2587378249",
  "format": "[Gen 9 Champions] VGC 2026 Reg M-A",
  "players": [
    "Marcio Lira",
    "keipt"
  ],
  "log": "|j|\u2606Marcio Lira\n|j|\u2606keipt\n|t:|1776526796\n|gametype|doubles\n|player|p1|Marcio Lira|bugcatcher-gen4dp|1319\n|player|p2|keipt|266|1285\n|gen|9\n|tier|[Gen 9 Champions] VGC 2026 Reg M-A\n|rated|\n|rule|Species Clause: Limit one of each Pok\u00e9mon\n|rule|Item Clause: Limit 1 of each item\n|clearpoke\n|poke|p1|Floette-Eternal, L50, F|\n|poke|p1|Rotom-Wash, L50, shiny|\n|poke|p1|Talonflame, L50, F|\n|poke|p1|Chandelure, L50, F, shiny|\n|poke|p1|Garchomp, L50, M|\n|poke|p1|Maushold, L50|\n|poke|p2|Kingambit, L50, F|\n|poke|p2|Garchomp, L50, M|\n|poke|p2|Basculegion, L50, M|\n|poke|p2|Floette-Eternal, L50, F|\n|poke|p2|Aerodactyl, L50, F|\n|poke|p2|Sneasler, L50, M|\n|teampreview|4\n|inactive|Battle timer is ON: inactive players will automatically lose when time's up. (requested by Marcio Lira)\n|inactive|keipt has 60 seconds left.\n|\n|t:|1776526884\n|teamsize|p1|4\n|teamsize|p2|4\n|start\n|switch|p1a: Rotom|Rotom-Wash, L50, shiny|100/100\n|switch|p1b: Talonflame|Talonflame, L50, F|100/100\n|switch|p2a: Sneasler|Sneasler, L50, M|100/100\n|switch|p2b: Kingambit|Kingambit, L50, F|100/100\n|turn|1\n|inactive|keipt has 30 seconds left.\n|\n|t:|1776526912\n|move|p1b: Talonflame|Quick Guard|p1b: Talonflame\n|-singleturn|p1b: Talonflame|Quick Guard\n|move|p2a: Sneasler|Fake Out|p1b: Talonflame\n|-activate|p1b: Talonflame|move: Quick Guard\n|move|p1a: Rotom|Thunderbolt|p2a: Sneasler\n|-damage|p2a: Sneasler|46/100\n|move|p2b: Kingambit|Kowtow Cleave|p1a: Rotom\n|-damage|p1a: Rotom|42/100\n|\n|upkeep\n|turn|2\n|\n|t:|1776526929\n|switch|p2a: Garchomp|Garchomp, L50, M|100/100\n|move|p1b: Talonflame|Tailwind|p1b: Talonflame\n|-sidestart|p1: Marcio Lira|move: Tailwind\n|move|p1a: Rotom|Thunderbolt|p2a: Garchomp\n|-immune|p2a: Garchomp\n|move|p2b: Kingambit|Kowtow Cleave|p1a: Rotom\n|-damage|p1a: Rotom|0 fnt\n|faint|p1a: Rotom\n|\n|upkeep\n|\n|t:|1776526951\n|switch|p1a: Garchomp|Garchomp, L50, M|100/100\n|turn|3\n|\n|t:|1776526974\n|move|p1b: Talonflame|Flare Blitz|p2b: Kingambit\n|-supereffective|p2b: Kingambit|1\n|-damage|p2b: Kingambit|34/100\n|-damage|p1b: Talonflame|70/100|[from] Recoil\n|move|p1a: Garchomp|Earthquake|p2b: Kingambit|[spread] p2a,p2b\n|-immune|p1b: Talonflame\n|-supereffective|p2b: Kingambit|1\n|-damage|p2a: Garchomp|67/100\n|-damage|p2b: Kingambit|0 fnt\n|faint|p2b: Kingambit\n|move|p2a: Garchomp|Dragon Claw|p1a: Garchomp\n|-supereffective|p1a: Garchomp|1\n|-damage|p1a: Garchomp|24/100\n|-damage|p2a: Garchomp|54/100|[from] ability: Rough Skin|[of] p1a: Garchomp\n|\n|upkeep\n|inactive|keipt has 30 seconds left.\n|\n|t:|1776527000\n|switch|p2b: Sneasler|Sneasler, L50, M|46/100\n|turn|4\n|\n|t:|1776527014\n|move|p1b: Talonflame|Quick Guard|p1b: Talonflame\n|-singleturn|p1b: Talonflame|Quick Guard\n|move|p2b: Sneasler|Fake Out|p1a: Garchomp\n|-activate|p1a: Garchomp|move: Quick Guard\n|move|p1a: Garchomp|Earthquake|p2a: Garchomp|[spread] p2a,p2b\n|-immune|p1b: Talonflame\n|-supereffective|p2b: Sneasler|1\n|-damage|p2a: Garchomp|16/100\n|-damage|p2b: Sneasler|0 fnt\n|-enditem|p2a: Garchomp|Sitrus Berry|[eat]\n|-heal|p2a: Garchomp|41/100|[from] item: Sitrus Berry\n|faint|p2b: Sneasler\n|move|p2a: Garchomp|Dragon Claw|p1b: Talonflame\n|-crit|p1b: Talonflame\n|-damage|p1b: Talonflame|0 fnt\n|faint|p1b: Talonflame\n|\n|upkeep\n|\n|t:|1776527029\n|switch|p1b: Floette|Floette-Eternal, L50, F|100/100\n|switch|p2b: Basculegion|Basculegion, L50, M|100/100\n|turn|5\n|inactive|Marcio Lira has 30 seconds left.\n|\n|t:|1776527062\n|detailschange|p1b: Floette|Floette-Mega, L50, F\n|-mega|p1b: Floette|Floette|Floettite\n|-ability|p1b: Floette|Fairy Aura\n|move|p2a: Garchomp|Protect|p2a: Garchomp\n|-singleturn|p2a: Garchomp|Protect\n|move|p1b: Floette|Dazzling Gleam|p2a: Garchomp|[spread] p2b\n|-activate|p2a: Garchomp|move: Protect\n|-damage|p2b: Basculegion|48/100\n|move|p1a: Garchomp|Earthquake|p2b: Basculegion|[spread] p1b,p2b\n|-activate|p2a: Garchomp|move: Protect\n|-damage|p1b: Floette|51/100\n|-damage|p2b: Basculegion|0 fnt\n|faint|p2b: Basculegion\n|\n|-sideend|p1: Marcio Lira|move: Tailwind\n|upkeep\n|turn|6\n|inactive|keipt has 30 seconds left.\n|\n|t:|1776527101\n|move|p1b: Floette|Moonblast|p2a: Garchomp\n|-supereffective|p2a: Garchomp|1\n|-damage|p2a: Garchomp|0 fnt\n|faint|p2a: Garchomp\n|\n|win|Marcio Lira\n|raw|Marcio Lira's rating: 1319 &rarr; <strong>1337</strong><br />(+18 for winning)\n|raw|keipt's rating: 1285 &rarr; <strong>1262</strong><br />(-23 for losing)\n|c|\u2606Marcio Lira|gg\n|l|\u2606keipt\n|player|p2|\n",
  "uploadtime": 1776527139,
  "views": 39,
  "formatid": "gen9championsvgc2026regma",
  "rating": 1262,
  "private": 0,
  "password": null
}