{
  "id": "gen9championsvgc2026regma-2581846045",
  "format": "[Gen 9 Champions] VGC 2026 Reg M-A",
  "players": [
    "MoNo_T0NaL",
    "elias314x"
  ],
  "log": "|j|\u2606MoNo_T0NaL\n|j|\u2606elias314x\n|t:|1776033224\n|gametype|doubles\n|player|p1|MoNo_T0NaL|n|1051\n|player|p2|elias314x|1|1049\n|gen|9\n|tier|[Gen 9 Champions] VGC 2026 Reg M-A\n|rated|\n|rule|Species Clause: Limit one of each Pok\u00e9mon\n|rule|Item Clause: Limit 1 of each item\n|clearpoke\n|poke|p1|Gengar, L50, F|\n|poke|p1|Whimsicott, L50, M|\n|poke|p1|Arcanine-Hisui, L50, F|\n|poke|p1|Sneasler, L50, F|\n|poke|p1|Corviknight, L50, F|\n|poke|p1|Maushold, L50|\n|poke|p2|Sneasler, L50, F|\n|poke|p2|Maushold-Four, L50|\n|poke|p2|Aegislash, L50, F|\n|poke|p2|Archaludon, L50, F|\n|poke|p2|Pelipper, L50, F|\n|poke|p2|Starmie, L50|\n|teampreview|4\n|inactive|Battle timer is ON: inactive players will automatically lose when time's up. (requested by elias314x)\n|\n|t:|1776033271\n|teamsize|p1|4\n|teamsize|p2|4\n|start\n|switch|p1a: Sneasler|Sneasler, L50, F, shiny|100/100\n|switch|p1b: Welfare|Maushold, L50|100/100\n|switch|p2a: Aegislash|Aegislash, L50, F|100/100\n|switch|p2b: Sneasler|Sneasler, L50, F|100/100\n|turn|1\n|\n|t:|1776033296\n|move|p1b: Welfare|Protect|p1b: Welfare\n|-singleturn|p1b: Welfare|Protect\n|move|p1a: Sneasler|Protect|p1a: Sneasler\n|-singleturn|p1a: Sneasler|Protect\n|move|p2b: Sneasler|Fake Out|p1a: Sneasler\n|-activate|p1a: Sneasler|move: Protect\n|-formechange|p2a: Aegislash|Aegislash-Blade|\n|move|p2a: Aegislash|Iron Head|p1a: Sneasler\n|-activate|p1a: Sneasler|move: Protect\n|\n|upkeep\n|turn|2\n|inactive|MoNo_T0NaL has 30 seconds left.\n|inactive|elias314x has 30 seconds left.\n|inactive|elias314x has 20 seconds left.\n|inactive|elias314x has 15 seconds left.\n|inactive|MoNo_T0NaL has 20 seconds left.\n|inactive|elias314x has 10 seconds left.\n|inactive|MoNo_T0NaL has 15 seconds left.\n|inactive|elias314x has 5 seconds left.\n|inactive|MoNo_T0NaL has 10 seconds left.\n|\n|t:|1776033359\n|move|p1b: Welfare|Follow Me|p1b: Welfare\n|-singleturn|p1b: Welfare|move: Follow Me\n|move|p2b: Sneasler|Dire Claw|p1b: Welfare\n|-damage|p1b: Welfare|44/100\n|-status|p1b: Welfare|psn\n|move|p1a: Sneasler|Close Combat|p2b: Sneasler\n|-resisted|p2b: Sneasler|1\n|-damage|p2b: Sneasler|46/100\n|-unboost|p1a: Sneasler|def|1\n|-unboost|p1a: Sneasler|spd|1\n|-enditem|p1a: Sneasler|White Herb\n|-clearnegativeboost|p1a: Sneasler|[silent]\n|move|p2a: Aegislash|Iron Head|p1b: Welfare\n|-damage|p1b: Welfare|3/100 psn\n|\n|-heal|p1b: Welfare|9/100 psn|[from] item: Leftovers\n|-damage|p1b: Welfare|0 fnt|[from] psn\n|faint|p1b: Welfare\n|upkeep\n|\n|t:|1776033380\n|switch|p1b: Kaizo|Arcanine-Hisui, L50, F, shiny|100/100\n|-ability|p1b: Kaizo|Intimidate|boost\n|-unboost|p2a: Aegislash|atk|1\n|-unboost|p2b: Sneasler|atk|1\n|turn|3\n|inactive|elias314x has 30 seconds left.\n|\n|t:|1776033408\n|switch|p2a: Pelipper|Pelipper, L50, F|100/100\n|-weather|RainDance|[from] ability: Drizzle|[of] p2a: Pelipper\n|move|p1b: Kaizo|Extreme Speed|p2b: Sneasler\n|-damage|p2b: Sneasler|4/100\n|move|p1a: Sneasler|Dire Claw|p2b: Sneasler\n|-resisted|p2b: Sneasler|1\n|-damage|p2b: Sneasler|0 fnt\n|faint|p2b: Sneasler\n|\n|-weather|RainDance|[upkeep]\n|upkeep\n|inactive|elias314x has 30 seconds left.\n|\n|t:|1776033435\n|switch|p2b: Aegislash|Aegislash, L50, F|100/100\n|turn|4\n|inactive|MoNo_T0NaL has 30 seconds left.\n|inactive|MoNo_T0NaL has 20 seconds left.\n|inactive|MoNo_T0NaL has 15 seconds left.\n|\n|t:|1776033479\n|move|p1a: Sneasler|Protect|p1a: Sneasler\n|-singleturn|p1a: Sneasler|Protect\n|move|p1b: Kaizo|Head Smash|p2a: Pelipper|[miss]\n|-miss|p1b: Kaizo|p2a: Pelipper\n|move|p2a: Pelipper|Tailwind|p2a: Pelipper\n|-sidestart|p2: elias314x|move: Tailwind\n|-formechange|p2b: Aegislash|Aegislash-Blade|\n|move|p2b: Aegislash|Iron Head|p1a: Sneasler\n|-activate|p1a: Sneasler|move: Protect\n|\n|-weather|RainDance|[upkeep]\n|upkeep\n|turn|5\n|inactive|MoNo_T0NaL has 30 seconds left.\n|\n|t:|1776033509\n|switch|p1b: Corviknight|Corviknight, L50, F|100/100\n|move|p1a: Sneasler|Dire Claw|p2a: Pelipper\n|-crit|p2a: Pelipper\n|-damage|p2a: Pelipper|15/100\n|move|p2a: Pelipper|Hydro Pump|p1b: Corviknight\n|-crit|p1b: Corviknight\n|-damage|p1b: Corviknight|33/100\n|-enditem|p1b: Corviknight|Sitrus Berry|[eat]\n|-heal|p1b: Corviknight|58/100|[from] item: Sitrus Berry\n|move|p2b: Aegislash|Iron Head|p1a: Sneasler\n|-damage|p1a: Sneasler|48/100\n|\n|-weather|RainDance|[upkeep]\n|upkeep\n|turn|6\n|inactive|MoNo_T0NaL has 30 seconds left.\n|inactive|elias314x has 30 seconds left.\n|\n|t:|1776033541\n|switch|p1a: Kaizo|Arcanine-Hisui, L50, F, shiny|100/100\n|-ability|p1a: Kaizo|Intimidate|boost\n|-unboost|p2a: Pelipper|atk|1\n|-unboost|p2b: Aegislash|atk|1\n|move|p2a: Pelipper|Hydro Pump|p1b: Corviknight\n|-damage|p1b: Corviknight|12/100\n|move|p2b: Aegislash|Iron Head|p1a: Kaizo\n|-damage|p1a: Kaizo|72/100\n|move|p1b: Corviknight|Iron Head|p2a: Pelipper\n|-resisted|p2a: Pelipper|1\n|-damage|p2a: Pelipper|0 fnt\n|faint|p2a: Pelipper\n|\n|-weather|RainDance|[upkeep]\n|upkeep\n|\n|t:|1776033549\n|switch|p2a: Archaludon|Archaludon, L50, F|100/100\n|turn|7\n|inactive|MoNo_T0NaL has 30 seconds left.\n|\n|t:|1776033587\n|move|p2a: Archaludon|Electro Shot||[still]\n|-prepare|p2a: Archaludon|Electro Shot\n|-boost|p2a: Archaludon|spa|1\n|-anim|p2a: Archaludon|Electro Shot|p1b: Corviknight\n|-supereffective|p1b: Corviknight|1\n|-crit|p1b: Corviknight\n|-damage|p1b: Corviknight|0 fnt\n|faint|p1b: Corviknight\n|move|p2b: Aegislash|Poltergeist|p1a: Kaizo\n|-activate|p1a: Kaizo|move: Poltergeist|Passho Berry\n|-damage|p1a: Kaizo|36/100\n|move|p1a: Kaizo|Flare Blitz|p2b: Aegislash\n|-supereffective|p2b: Aegislash|1\n|-damage|p2b: Aegislash|15/100\n|-damage|p1a: Kaizo|14/100|[from] Recoil\n|\n|-weather|none\n|-sideend|p2: elias314x|move: Tailwind\n|upkeep\n|\n|t:|1776033604\n|switch|p1b: Sneasler|Sneasler, L50, F, shiny|48/100\n|turn|8\n|\n|t:|1776033616\n|move|p2b: Aegislash|Shadow Sneak|p1a: Kaizo\n|-damage|p1a: Kaizo|0 fnt\n|faint|p1a: Kaizo\n|move|p1b: Sneasler|Close Combat|p2a: Archaludon\n|-supereffective|p2a: Archaludon|1\n|-damage|p2a: Archaludon|0 fnt\n|-unboost|p1b: Sneasler|def|1\n|-unboost|p1b: Sneasler|spd|1\n|faint|p2a: Archaludon\n|\n|upkeep\n|turn|9\n|\n|t:|1776033627\n|move|p1b: Sneasler|Protect|p1b: Sneasler\n|-singleturn|p1b: Sneasler|Protect\n|-formechange|p2b: Aegislash|Aegislash|\n|move|p2b: Aegislash|King's Shield||[still]\n|-fail|p2b: Aegislash\n|\n|upkeep\n|turn|10\n|\n|t:|1776033636\n|-formechange|p2b: Aegislash|Aegislash-Blade|\n|move|p2b: Aegislash|Shadow Sneak|p1b: Sneasler\n|-damage|p1b: Sneasler|20/100\n|move|p1b: Sneasler|Dire Claw|p2b: Aegislash\n|-immune|p2b: Aegislash\n|\n|upkeep\n|turn|11\n|c|\u2606elias314x|dadsajdasdjasdj\n|\n|t:|1776033646\n|move|p1b: Sneasler|Protect|p1b: Sneasler\n|-singleturn|p1b: Sneasler|Protect\n|move|p2b: Aegislash|Shadow Sneak|p1b: Sneasler\n|-activate|p1b: Sneasler|move: Protect\n|\n|upkeep\n|turn|12\n|inactive|MoNo_T0NaL has 30 seconds left.\n|inactive|MoNo_T0NaL has 20 seconds left.\n|\n|t:|1776033683\n|move|p1b: Sneasler|Protect|p1b: Sneasler\n|-singleturn|p1b: Sneasler|Protect\n|move|p2b: Aegislash|Shadow Sneak|p1b: Sneasler\n|-activate|p1b: Sneasler|move: Protect\n|\n|upkeep\n|turn|13\n|\n|t:|1776033697\n|move|p1b: Sneasler|Protect||[still]\n|-fail|p1b: Sneasler\n|move|p2b: Aegislash|Shadow Sneak|p1b: Sneasler\n|-damage|p1b: Sneasler|0 fnt\n|faint|p1b: Sneasler\n|\n|win|elias314x\n|raw|MoNo_T0NaL's rating: 1051 &rarr; <strong>1033</strong><br />(-18 for losing)\n|raw|elias314x's rating: 1049 &rarr; <strong>1082</strong><br />(+33 for winning)\n|l|\u2606elias314x\n|player|p2|\n",
  "uploadtime": 1776033707,
  "views": 29,
  "formatid": "gen9championsvgc2026regma",
  "rating": 1033,
  "private": 0,
  "password": null
}