{
  "id": "gen9championsvgc2026regma-2582282691",
  "format": "[Gen 9 Champions] VGC 2026 Reg M-A",
  "players": [
    "dopelover",
    "It'sJustKen VGC"
  ],
  "log": "|j|\u2606dopelover\n|j|\u2606It'sJustKen VGC\n|t:|1776079540\n|gametype|doubles\n|player|p1|dopelover|265|1142\n|player|p2|It'sJustKen VGC|102|1175\n|gen|9\n|tier|[Gen 9 Champions] VGC 2026 Reg M-A\n|rated|\n|rule|Species Clause: Limit one of each Pok\u00e9mon\n|rule|Item Clause: Limit 1 of each item\n|clearpoke\n|poke|p1|Palafin, L50, M|\n|poke|p1|Pelipper, L50, F|\n|poke|p1|Incineroar, L50, F|\n|poke|p1|Klefki, L50, M|\n|poke|p1|Sinistcha, L50|\n|poke|p1|Dragonite, L50, F|\n|poke|p2|Kingambit, L50, F|\n|poke|p2|Clefable, L50, F|\n|poke|p2|Chimecho, L50, F|\n|poke|p2|Golurk, L50|\n|poke|p2|Maushold-Four, L50|\n|poke|p2|Hawlucha, L50, F|\n|teampreview|4\n|inactive|Battle timer is ON: inactive players will automatically lose when time's up. (requested by It'sJustKen VGC)\n|\n|t:|1776079567\n|teamsize|p1|4\n|teamsize|p2|4\n|start\n|switch|p1a: Klefki|Klefki, L50, M|100/100\n|switch|p1b: Palafin|Palafin, L50, M|100/100\n|switch|p2a: Important Object|Chimecho, L50, F|100/100\n|switch|p2b: Main Character|Clefable, L50, F, shiny|100/100\n|turn|1\n|inactive|dopelover has 30 seconds left.\n|inactive|It'sJustKen VGC has 30 seconds left.\n|inactive|dopelover has 20 seconds left.\n|inactive|It'sJustKen VGC has 20 seconds left.\n|inactive|dopelover has 15 seconds left.\n|inactive|It'sJustKen VGC has 15 seconds left.\n|inactive|dopelover has 10 seconds left.\n|inactive|It'sJustKen VGC has 10 seconds left.\n|inactive|dopelover has 5 seconds left.\n|inactive|It'sJustKen VGC has 5 seconds left.\n|\n|t:|1776079622\n|move|p1b: Palafin|Protect|p1b: Palafin\n|-singleturn|p1b: Palafin|Protect\n|move|p2b: Main Character|Protect|p2b: Main Character\n|-singleturn|p2b: Main Character|Protect\n|move|p2a: Important Object|Protect|p2a: Important Object\n|-singleturn|p2a: Important Object|Protect\n|move|p1a: Klefki|Light Screen|p1a: Klefki\n|-sidestart|p1: dopelover|move: Light Screen\n|\n|upkeep\n|turn|2\n|inactive|dopelover has 30 seconds left.\n|inactive|dopelover has 20 seconds left.\n|inactive|dopelover has 15 seconds left.\n|inactive|dopelover has 10 seconds left.\n|\n|t:|1776079672\n|detailschange|p1b: Palafin|Palafin-Hero, L50, M\n|switch|p1b: Dragonite|Dragonite, L50, F|100/100\n|switch|p1a: Pelipper|Pelipper, L50, F|100/100\n|-weather|RainDance|[from] ability: Drizzle|[of] p1a: Pelipper\n|switch|p2b: Transport Vehicle|Golurk, L50, shiny|100/100\n|detailschange|p2a: Important Object|Chimecho-Mega, L50, F\n|-mega|p2a: Important Object|Chimecho|Chimechite\n|move|p2a: Important Object|Trick Room|p2a: Important Object\n|-fieldstart|move: Trick Room|[of] p2a: Important Object\n|\n|-weather|RainDance|[upkeep]\n|upkeep\n|turn|3\n|inactive|dopelover has 30 seconds left.\n|inactive|dopelover has 20 seconds left.\n|inactive|dopelover has 15 seconds left.\n|inactive|dopelover has 10 seconds left.\n|inactive|dopelover has 5 seconds left.\n|\n|t:|1776079725\n|detailschange|p1b: Dragonite|Dragonite-Mega, L50, F\n|-mega|p1b: Dragonite|Dragonite|Dragoninite\n|move|p2b: Transport Vehicle|Reflect|p2b: Transport Vehicle\n|-sidestart|p2: It'sJustKen VGC|Reflect\n|move|p2a: Important Object|Skill Swap|p2b: Transport Vehicle\n|-activate|p2a: Important Object|Skill Swap|||[of] p2b: Transport Vehicle\n|move|p1a: Pelipper|Weather Ball|p2b: Transport Vehicle\n|-supereffective|p2b: Transport Vehicle|1\n|-damage|p2b: Transport Vehicle|0 fnt\n|faint|p2b: Transport Vehicle\n|move|p1b: Dragonite|Thunder|p2a: Important Object\n|-damage|p2a: Important Object|68/100\n|\n|-weather|RainDance|[upkeep]\n|upkeep\n|\n|t:|1776079738\n|switch|p2b: The Final Boss|Kingambit, L50, F|100/100\n|turn|4\n|\n|t:|1776079762\n|move|p2a: Important Object|Skill Swap|p2b: The Final Boss\n|-activate|p2a: Important Object|Skill Swap|||[of] p2b: The Final Boss\n|move|p2b: The Final Boss|Guillotine|p1b: Dragonite\n|-damage|p1b: Dragonite|0 fnt\n|faint|p1b: Dragonite\n|-ohko\n|move|p1a: Pelipper|Weather Ball|p2b: The Final Boss\n|-damage|p2b: The Final Boss|41/100\n|-enditem|p2b: The Final Boss|Sitrus Berry|[eat]\n|-heal|p2b: The Final Boss|66/100|[from] item: Sitrus Berry\n|\n|-weather|RainDance|[upkeep]\n|upkeep\n|\n|t:|1776079778\n|switch|p1b: Palafin|Palafin-Hero, L50, M|100/100\n|-activate|p1b: Palafin|ability: Zero to Hero\n|turn|5\n|inactive|dopelover has 30 seconds left.\n|\n|t:|1776079803\n|move|p2a: Important Object|Hypnosis|p1a: Pelipper\n|-status|p1a: Pelipper|slp|[from] move: Hypnosis\n|move|p2b: The Final Boss|Guillotine|p1b: Palafin\n|-damage|p1b: Palafin|0 fnt\n|faint|p1b: Palafin\n|-ohko\n|cant|p1a: Pelipper|slp\n|\n|-weather|RainDance|[upkeep]\n|-sideend|p1: dopelover|move: Light Screen\n|upkeep\n|\n|t:|1776079816\n|switch|p1b: Klefki|Klefki, L50, M|100/100\n|turn|6\n|-message|dopelover forfeited.\n|\n|win|It'sJustKen VGC\n|raw|dopelover's rating: 1142 &rarr; <strong>1119</strong><br />(-23 for losing)\n|raw|It&apos;sJustKen VGC's rating: 1175 &rarr; <strong>1198</strong><br />(+23 for winning)\n|l|\u2606dopelover\n|player|p1|\n",
  "uploadtime": 1776079826,
  "views": 13,
  "formatid": "gen9championsvgc2026regma",
  "rating": 1119,
  "private": 0,
  "password": null
}