{
  "id": "gen9championsvgc2026regma-2583844232",
  "format": "[Gen 9 Champions] VGC 2026 Reg M-A",
  "players": [
    "Seismitoad dynasty",
    "lfdgm"
  ],
  "log": "|j|\u2606Seismitoad dynasty\n|j|\u2606lfdgm\n|t:|1776202118\n|gametype|doubles\n|player|p1|Seismitoad dynasty|li|1162\n|player|p2|lfdgm|skyla|1184\n|gen|9\n|tier|[Gen 9 Champions] VGC 2026 Reg M-A\n|rated|\n|rule|Species Clause: Limit one of each Pok\u00e9mon\n|rule|Item Clause: Limit 1 of each item\n|clearpoke\n|poke|p1|Drampa, L50, F|\n|poke|p1|Alakazam, L50, M|\n|poke|p1|Sinistcha, L50|\n|poke|p1|Pelipper, L50, F|\n|poke|p1|Basculegion, L50, M|\n|poke|p1|Scizor, L50, F|\n|poke|p2|Drampa, L50, F|\n|poke|p2|Audino, L50, F|\n|poke|p2|Sinistcha, L50|\n|poke|p2|Torkoal, L50, M|\n|poke|p2|Scizor, L50, M|\n|poke|p2|Basculegion, L50, M|\n|teampreview|4\n|inactive|Battle timer is ON: inactive players will automatically lose when time's up. (requested by Seismitoad dynasty)\n|\n|t:|1776202149\n|teamsize|p1|4\n|teamsize|p2|4\n|start\n|switch|p1a: Drampa|Drampa, L50, F|100/100\n|switch|p1b: Alakazam|Alakazam, L50, M|100/100\n|switch|p2a: Audino|Audino, L50, F|100/100\n|switch|p2b: Drampa|Drampa, L50, F|100/100\n|-ability|p2b: Drampa|Cloud Nine\n|-ability|p1a: Drampa|Cloud Nine\n|turn|1\n|c|\u2606Seismitoad dynasty|Fellow drampa user\n|c|\u2606lfdgm|yessir\n|c|\u2606lfdgm|at least i made my team though\n|\n|t:|1776202174\n|move|p2b: Drampa|Protect|p2b: Drampa\n|-singleturn|p2b: Drampa|Protect\n|move|p1a: Drampa|Protect|p1a: Drampa\n|-singleturn|p1a: Drampa|Protect\n|move|p1b: Alakazam|Light Screen|p1b: Alakazam\n|-sidestart|p1: Seismitoad dynasty|move: Light Screen\n|move|p2a: Audino|Trick Room|p2a: Audino\n|-fieldstart|move: Trick Room|[of] p2a: Audino\n|\n|upkeep\n|turn|2\n|c|\u2606Seismitoad dynasty|Ik i just felt like trying his out\n|c|\u2606lfdgm|yeah no fair enough\n|c|\u2606lfdgm|no shade\n|inactive|Seismitoad dynasty has 30 seconds left.\n|inactive|Seismitoad dynasty has 20 seconds left.\n|\n|t:|1776202212\n|switch|p1b: Pelipper|Pelipper, L50, F|100/100\n|-weather|RainDance|[from] ability: Drizzle|[of] p1b: Pelipper\n|detailschange|p2b: Drampa|Drampa-Mega, L50, F\n|-mega|p2b: Drampa|Drampa|Drampanite\n|move|p2a: Audino|Ally Switch|p2a: Audino\n|swap|p2a: Audino|1|[from] move: Ally Switch\n|move|p2a: Drampa|Dragon Pulse|p1a: Drampa\n|-supereffective|p1a: Drampa|1\n|-damage|p1a: Drampa|23/100\n|move|p1a: Drampa|Calm Mind|p1a: Drampa\n|-boost|p1a: Drampa|spa|1\n|-boost|p1a: Drampa|spd|1\n|\n|-weather|RainDance|[upkeep]\n|upkeep\n|turn|3\n|inactive|Seismitoad dynasty has 30 seconds left.\n|\n|t:|1776202245\n|switch|p1b: Sinistcha|Sinistcha, L50|100/100\n|-heal|p1a: Drampa|48/100|[from] ability: Hospitality|[of] p1b: Sinistcha\n|detailschange|p1a: Drampa|Drampa-Mega, L50, F\n|-mega|p1a: Drampa|Drampa|Drampanite\n|move|p2a: Drampa|Dragon Pulse|p1a: Drampa\n|-supereffective|p1a: Drampa|1\n|-damage|p1a: Drampa|9/100\n|move|p1a: Drampa|Hyper Voice|p2b: Audino|[spread] p2a,p2b\n|-damage|p2a: Drampa|49/100\n|-damage|p2b: Audino|43/100\n|-ability|p2a: Drampa|Berserk|boost\n|-boost|p2a: Drampa|spa|1\n|move|p2b: Audino|Wish|p2b: Audino\n|\n|-weather|RainDance|[upkeep]\n|-heal|p2b: Audino|50/100|[from] item: Leftovers\n|upkeep\n|turn|4\n|inactive|Seismitoad dynasty has 30 seconds left.\n|inactive|lfdgm has 30 seconds left.\n|inactive|Seismitoad dynasty has 20 seconds left.\n|\n|t:|1776202282\n|move|p2a: Drampa|Protect|p2a: Drampa\n|-singleturn|p2a: Drampa|Protect\n|move|p2b: Audino|Ally Switch|p2b: Audino\n|swap|p2b: Audino|0|[from] move: Ally Switch\n|move|p1b: Sinistcha|Rage Powder|p1b: Sinistcha\n|-singleturn|p1b: Sinistcha|move: Rage Powder\n|move|p1a: Drampa|Hyper Voice|p2a: Audino|[spread] p2a\n|-activate|p2b: Drampa|move: Protect\n|-damage|p2a: Audino|0 fnt\n|faint|p2a: Audino\n|\n|-weather|RainDance|[upkeep]\n|-heal|p2b: Drampa|100/100|[from] move: Wish|[wisher] Audino\n|upkeep\n|\n|t:|1776202299\n|switch|p2a: Basculegion|Basculegion, L50, M|100/100\n|turn|5\n|\n|t:|1776202328\n|switch|p2b: Sinistcha|Sinistcha, L50|100/100\n|move|p1a: Drampa|Protect|p1a: Drampa\n|-singleturn|p1a: Drampa|Protect\n|move|p1b: Sinistcha|Life Dew||[still]|[spread] p1a,p1b\n|-heal|p1a: Drampa|33/100\n|-fail|p1b: Sinistcha|heal\n|move|p2a: Basculegion|Last Respects|p1b: Sinistcha\n|-supereffective|p1b: Sinistcha|1\n|-crit|p1b: Sinistcha\n|-damage|p1b: Sinistcha|0 fnt\n|faint|p1b: Sinistcha\n|\n|-weather|RainDance|[upkeep]\n|-sideend|p1: Seismitoad dynasty|move: Light Screen\n|-fieldend|move: Trick Room\n|upkeep\n|\n|t:|1776202345\n|switch|p1b: Pelipper|Pelipper, L50, F|100/100\n|turn|6\n|\n|t:|1776202369\n|move|p2b: Sinistcha|Rage Powder|p2b: Sinistcha\n|-singleturn|p2b: Sinistcha|move: Rage Powder\n|move|p1b: Pelipper|Hurricane|p2b: Sinistcha\n|-supereffective|p2b: Sinistcha|1\n|-damage|p2b: Sinistcha|6/100\n|-enditem|p2b: Sinistcha|Sitrus Berry|[eat]\n|-heal|p2b: Sinistcha|31/100|[from] item: Sitrus Berry\n|move|p2a: Basculegion|Wave Crash|p1a: Drampa\n|-resisted|p1a: Drampa|1\n|-damage|p1a: Drampa|0 fnt\n|faint|p1a: Drampa\n|-damage|p2a: Basculegion|91/100|[from] Recoil\n|\n|-weather|none\n|upkeep\n|\n|t:|1776202379\n|switch|p1a: Alakazam|Alakazam, L50, M|100/100\n|turn|7\n|\n|t:|1776202393\n|move|p1a: Alakazam|Reflect|p1a: Alakazam\n|-sidestart|p1: Seismitoad dynasty|Reflect\n|move|p1b: Pelipper|Hurricane|p2b: Sinistcha\n|-supereffective|p2b: Sinistcha|1\n|-damage|p2b: Sinistcha|0 fnt\n|faint|p2b: Sinistcha\n|move|p2a: Basculegion|Last Respects|p1a: Alakazam\n|-supereffective|p1a: Alakazam|1\n|-damage|p1a: Alakazam|0 fnt\n|faint|p1a: Alakazam\n|\n|upkeep\n|\n|t:|1776202400\n|switch|p2b: Drampa|Drampa-Mega, L50, F|100/100\n|turn|8\n|\n|t:|1776202408\n|move|p1b: Pelipper|Hurricane|p2b: Drampa|[miss]\n|-miss|p1b: Pelipper|p2b: Drampa\n|move|p2a: Basculegion|Last Respects|p1b: Pelipper\n|-damage|p1b: Pelipper|18/100\n|move|p2b: Drampa|Dragon Pulse|p1b: Pelipper\n|-damage|p1b: Pelipper|0 fnt\n|faint|p1b: Pelipper\n|\n|win|lfdgm\n|raw|Seismitoad dynasty's rating: 1162 &rarr; <strong>1139</strong><br />(-23 for losing)\n|raw|lfdgm's rating: 1184 &rarr; <strong>1207</strong><br />(+23 for winning)\n",
  "uploadtime": 1776202415,
  "views": 18,
  "formatid": "gen9championsvgc2026regma",
  "rating": 1139,
  "private": 0,
  "password": null
}