{
  "id": "gen9championsvgc2026regma-2583234578",
  "format": "[Gen 9 Champions] VGC 2026 Reg M-A",
  "players": [
    "trainer gen5",
    "Tijuana Katana"
  ],
  "log": "|j|\u2606trainer gen5\n|j|\u2606Tijuana Katana\n|t:|1776157807\n|gametype|doubles\n|player|p1|trainer gen5|nate|1104\n|player|p2|Tijuana Katana|265|1126\n|gen|9\n|tier|[Gen 9 Champions] VGC 2026 Reg M-A\n|rated|\n|rule|Species Clause: Limit one of each Pok\u00e9mon\n|rule|Item Clause: Limit 1 of each item\n|clearpoke\n|poke|p1|Delphox, L50, F|\n|poke|p1|Garchomp, L50, F|\n|poke|p1|Sneasler, L50, M|\n|poke|p1|Basculegion, L50, M|\n|poke|p1|Clefable, L50, M|\n|poke|p1|Kingambit, L50, F|\n|poke|p2|Feraligatr, L50, M|\n|poke|p2|Pelipper, L50, M|\n|poke|p2|Golurk, L50|\n|poke|p2|Clefable, L50, M|\n|poke|p2|Farigiraf, L50, M|\n|poke|p2|Armarouge, L50, M|\n|teampreview|4\n|inactive|Battle timer is ON: inactive players will automatically lose when time's up. (requested by Tijuana Katana)\n|\n|t:|1776157834\n|teamsize|p1|4\n|teamsize|p2|4\n|start\n|switch|p1a: Basculegion|Basculegion, L50, M|100/100\n|switch|p1b: Sneasler|Sneasler, L50, M|100/100\n|switch|p2a: Feraligatr|Feraligatr, L50, M|100/100\n|switch|p2b: Clefable|Clefable, L50, M|100/100\n|turn|1\n|\n|t:|1776157853\n|move|p2a: Feraligatr|Protect|p2a: Feraligatr\n|-singleturn|p2a: Feraligatr|Protect\n|move|p2b: Clefable|Protect|p2b: Clefable\n|-singleturn|p2b: Clefable|Protect\n|move|p1b: Sneasler|Fake Out|p2a: Feraligatr\n|-activate|p2a: Feraligatr|move: Protect\n|move|p1a: Basculegion|Wave Crash|p2b: Clefable\n|-activate|p2b: Clefable|move: Protect\n|\n|upkeep\n|turn|2\n|\n|t:|1776157867\n|detailschange|p2a: Feraligatr|Feraligatr-Mega, L50, M\n|-mega|p2a: Feraligatr|Feraligatr|Feraligite\n|move|p2b: Clefable|Follow Me|p2b: Clefable\n|-singleturn|p2b: Clefable|move: Follow Me\n|move|p1a: Basculegion|Wave Crash|p2b: Clefable\n|-damage|p2b: Clefable|31/100\n|-enditem|p2b: Clefable|Sitrus Berry|[eat]\n|-heal|p2b: Clefable|56/100|[from] item: Sitrus Berry\n|-damage|p1a: Basculegion|79/100|[from] Recoil\n|move|p1b: Sneasler|Dire Claw|p2b: Clefable\n|-supereffective|p2b: Clefable|1\n|-damage|p2b: Clefable|0 fnt\n|faint|p2b: Clefable\n|move|p2a: Feraligatr|Trailblaze|p1a: Basculegion\n|-supereffective|p1a: Basculegion|1\n|-crit|p1a: Basculegion\n|-damage|p1a: Basculegion|7/100\n|-boost|p2a: Feraligatr|spe|1\n|\n|upkeep\n|inactive|Tijuana Katana has 30 seconds left.\n|\n|t:|1776157895\n|switch|p2b: Farigiraf|Farigiraf, L50, M|100/100\n|turn|3\n|inactive|Tijuana Katana has 30 seconds left.\n|\n|t:|1776157926\n|move|p1b: Sneasler|Protect|p1b: Sneasler\n|-singleturn|p1b: Sneasler|Protect\n|move|p2a: Feraligatr|Trailblaze|p1a: Basculegion\n|-supereffective|p1a: Basculegion|1\n|-damage|p1a: Basculegion|0 fnt\n|-boost|p2a: Feraligatr|spe|1\n|faint|p1a: Basculegion\n|move|p2b: Farigiraf|Hyper Voice|p1b: Sneasler\n|-activate|p1b: Sneasler|move: Protect\n|\n|upkeep\n|\n|t:|1776157936\n|switch|p1a: Garchomp|Garchomp, L50, F|100/100\n|turn|4\n|\n|t:|1776157949\n|move|p1a: Garchomp|Protect|p1a: Garchomp\n|-singleturn|p1a: Garchomp|Protect\n|move|p2a: Feraligatr|Double-Edge|p1a: Garchomp\n|-activate|p1a: Garchomp|move: Protect\n|move|p1b: Sneasler|Dire Claw|p2a: Feraligatr\n|-damage|p2a: Feraligatr|63/100\n|move|p2b: Farigiraf|Hyper Voice|p1a: Garchomp|[spread] p1b\n|-activate|p1a: Garchomp|move: Protect\n|-damage|p1b: Sneasler|63/100\n|\n|upkeep\n|turn|5\n|\n|t:|1776157968\n|move|p2a: Feraligatr|Double-Edge|p1a: Garchomp\n|-supereffective|p1a: Garchomp|1\n|-damage|p1a: Garchomp|0 fnt\n|-damage|p2a: Feraligatr|51/100|[from] ability: Rough Skin|[of] p1a: Garchomp\n|faint|p1a: Garchomp\n|-damage|p2a: Feraligatr|13/100|[from] Recoil\n|move|p1b: Sneasler|Dire Claw|p2a: Feraligatr\n|-damage|p2a: Feraligatr|0 fnt\n|faint|p2a: Feraligatr\n|move|p2b: Farigiraf|Trick Room|p2b: Farigiraf\n|-fieldstart|move: Trick Room|[of] p2b: Farigiraf\n|\n|upkeep\n|\n|t:|1776157976\n|switch|p2a: Golurk|Golurk, L50|100/100\n|switch|p1a: Delphox|Delphox, L50, F, shiny|100/100\n|turn|6\n|\n|t:|1776157992\n|detailschange|p1a: Delphox|Delphox-Mega, L50, F, shiny\n|-mega|p1a: Delphox|Delphox|Delphoxite\n|move|p1b: Sneasler|Protect|p1b: Sneasler\n|-singleturn|p1b: Sneasler|Protect\n|move|p2a: Golurk|Poltergeist|p1a: Delphox\n|-activate|p1a: Delphox|move: Poltergeist|Delphoxite\n|-supereffective|p1a: Delphox|1\n|-damage|p1a: Delphox|0 fnt\n|faint|p1a: Delphox\n|move|p2b: Farigiraf|Hyper Voice|p1b: Sneasler\n|-activate|p1b: Sneasler|move: Protect\n|\n|upkeep\n|turn|7\n|-message|trainer gen5 forfeited.\n|\n|win|Tijuana Katana\n|raw|trainer gen5's rating: 1104 &rarr; <strong>1081</strong><br />(-23 for losing)\n|raw|Tijuana Katana's rating: 1126 &rarr; <strong>1149</strong><br />(+23 for winning)\n|l|\u2606trainer gen5\n|player|p1|\n",
  "uploadtime": 1776158011,
  "views": 28,
  "formatid": "gen9championsvgc2026regma",
  "rating": 1081,
  "private": 0,
  "password": null
}