{
  "id": "gen9championsvgc2026regma-2583827637",
  "format": "[Gen 9 Champions] VGC 2026 Reg M-A",
  "players": [
    "JonMac",
    "Pegassin"
  ],
  "log": "|j|\u2606JonMac\n|j|\u203dPegassin\n|t:|1776200846\n|gametype|doubles\n|player|p1|JonMac|101|1128\n|player|p2|Pegassin|265|1160\n|gen|9\n|tier|[Gen 9 Champions] VGC 2026 Reg M-A\n|rated|\n|rule|Species Clause: Limit one of each Pok\u00e9mon\n|rule|Item Clause: Limit 1 of each item\n|clearpoke\n|poke|p1|Rotom-Heat, L50|\n|poke|p1|Skarmory, L50, F|\n|poke|p1|Araquanid, L50, F|\n|poke|p1|Primarina, L50, F|\n|poke|p1|Beartic, L50, M|\n|poke|p1|Pelipper, L50, M|\n|poke|p2|Floette-Eternal, L50, F|\n|poke|p2|Aerodactyl, L50, F|\n|poke|p2|Primarina, L50, F|\n|poke|p2|Maushold, L50|\n|poke|p2|Garchomp, L50, M|\n|poke|p2|Incineroar, L50, F|\n|teampreview|4\nPegassin rejected open team sheets.\n|inactive|Battle timer is ON: inactive players will automatically lose when time's up. (requested by Pegassin)\n|\n|t:|1776200873\n|teamsize|p1|4\n|teamsize|p2|4\n|start\n|switch|p1a: Pelipper|Pelipper, L50, M|100/100\n|switch|p1b: Araquanid|Araquanid, L50, F, shiny|100/100\n|switch|p2a: Aerodactyl|Aerodactyl, L50, F|100/100\n|switch|p2b: Maushold|Maushold, L50|100/100\n|-ability|p2a: Aerodactyl|Unnerve\n|-weather|RainDance|[from] ability: Drizzle|[of] p1a: Pelipper\n|turn|1\n|\n|t:|1776200894\n|move|p2b: Maushold|Follow Me|p2b: Maushold\n|-singleturn|p2b: Maushold|move: Follow Me\n|move|p2a: Aerodactyl|Tailwind|p2a: Aerodactyl\n|-sidestart|p2: Pegassin|move: Tailwind\n|move|p1b: Araquanid|Liquidation|p2b: Maushold\n|-damage|p2b: Maushold|0 fnt\n|faint|p2b: Maushold\n|move|p1a: Pelipper|Tailwind|p1a: Pelipper\n|-sidestart|p1: JonMac|move: Tailwind\n|\n|-weather|RainDance|[upkeep]\n|upkeep\n|\n|t:|1776200909\n|switch|p2b: Floette|Floette-Eternal, L50, F|100/100\n|turn|2\n|\n|t:|1776200925\n|detailschange|p2b: Floette|Floette-Mega, L50, F\n|-mega|p2b: Floette|Floette|Floettite\n|-ability|p2b: Floette|Fairy Aura\n|move|p1a: Pelipper|Protect|p1a: Pelipper\n|-singleturn|p1a: Pelipper|Protect\n|move|p2a: Aerodactyl|Rock Slide|p1b: Araquanid|[spread] p1b\n|-activate|p1a: Pelipper|move: Protect\n|-supereffective|p1b: Araquanid|1\n|-damage|p1b: Araquanid|33/100\n|move|p2b: Floette|Calm Mind|p2b: Floette\n|-boost|p2b: Floette|spa|1\n|-boost|p2b: Floette|spd|1\n|cant|p1b: Araquanid|flinch\n|\n|-weather|RainDance|[upkeep]\n|upkeep\n|turn|3\n|\n|t:|1776200950\n|move|p1b: Araquanid|Protect|p1b: Araquanid\n|-singleturn|p1b: Araquanid|Protect\n|move|p2a: Aerodactyl|Rock Slide|p1b: Araquanid|[spread] p1a\n|-activate|p1b: Araquanid|move: Protect\n|-supereffective|p1a: Pelipper|1\n|-damage|p1a: Pelipper|55/100\n|move|p2b: Floette|Calm Mind|p2b: Floette\n|-boost|p2b: Floette|spa|1\n|-boost|p2b: Floette|spd|1\n|move|p1a: Pelipper|Weather Ball|p2a: Aerodactyl\n|-supereffective|p2a: Aerodactyl|1\n|-enditem|p2a: Aerodactyl|Focus Sash\n|-damage|p2a: Aerodactyl|1/100\n|\n|-weather|RainDance|[upkeep]\n|-heal|p1a: Pelipper|61/100|[from] item: Leftovers\n|upkeep\n|turn|4\n|inactive|JonMac has 30 seconds left.\n|inactive|JonMac has 20 seconds left.\n|\n|t:|1776200987\n|move|p2a: Aerodactyl|Rock Slide|p1b: Araquanid|[spread] p1b\n|-miss|p2a: Aerodactyl|p1a: Pelipper\n|-supereffective|p1b: Araquanid|1\n|-damage|p1b: Araquanid|0 fnt\n|faint|p1b: Araquanid\n|move|p2b: Floette|Dazzling Gleam|p1a: Pelipper\n|-damage|p1a: Pelipper|0 fnt\n|faint|p1a: Pelipper\n|\n|-weather|RainDance|[upkeep]\n|-sideend|p2: Pegassin|move: Tailwind\n|-sideend|p1: JonMac|move: Tailwind\n|upkeep\n|\n|t:|1776200996\n|switch|p1b: Primarina|Primarina, L50, F|100/100\n|switch|p1a: Skarmory|Skarmory, L50, F|100/100\n|turn|5\n|\n|t:|1776201016\n|detailschange|p1a: Skarmory|Skarmory-Mega, L50, F\n|-mega|p1a: Skarmory|Skarmory|Skarmorite\n|move|p2a: Aerodactyl|Tailwind|p2a: Aerodactyl\n|-sidestart|p2: Pegassin|move: Tailwind\n|move|p2b: Floette|Dazzling Gleam|p1b: Primarina|[spread] p1a,p1b\n|-resisted|p1a: Skarmory|1\n|-damage|p1a: Skarmory|43/100\n|-damage|p1b: Primarina|8/100\n|move|p1a: Skarmory|Iron Head|p2b: Floette\n|-supereffective|p2b: Floette|1\n|-damage|p2b: Floette|0 fnt\n|faint|p2b: Floette\n|move|p1b: Primarina|Hyper Voice|p2a: Aerodactyl\n|-supereffective|p2a: Aerodactyl|1\n|-damage|p2a: Aerodactyl|0 fnt\n|faint|p2a: Aerodactyl\n|\n|-weather|none\n|upkeep\n|\n|t:|1776201028\n|switch|p2b: Primarina|Primarina, L50, F|100/100\n|turn|6\n|inactive|JonMac has 30 seconds left.\n|\n|t:|1776201056\n|move|p1b: Primarina|Protect|p1b: Primarina\n|-singleturn|p1b: Primarina|Protect\n|move|p1a: Skarmory|Brave Bird|p2b: Primarina\n|-damage|p2b: Primarina|21/100\n|-damage|p1a: Skarmory|8/100|[from] Recoil\n|move|p2b: Primarina|Hyper Voice|p1b: Primarina|[spread] p1a\n|-activate|p1b: Primarina|move: Protect\n|-damage|p1a: Skarmory|0 fnt\n|faint|p1a: Skarmory\n|\n|upkeep\n|turn|7\n|\n|t:|1776201077\n|move|p2b: Primarina|Dazzling Gleam|p1b: Primarina\n|-damage|p1b: Primarina|0 fnt\n|faint|p1b: Primarina\n|\n|win|Pegassin\n|raw|JonMac's rating: 1128 &rarr; <strong>1105</strong><br />(-23 for losing)\n|raw|Pegassin's rating: 1160 &rarr; <strong>1183</strong><br />(+23 for winning)\n",
  "uploadtime": 1776201078,
  "views": 17,
  "formatid": "gen9championsvgc2026regma",
  "rating": 1105,
  "private": 0,
  "password": null
}