{
  "id": "gen9championsvgc2026regma-2582583121",
  "format": "[Gen 9 Champions] VGC 2026 Reg M-A",
  "players": [
    "ddsufgvibbn",
    "john gcv"
  ],
  "log": "|j|\u2606ddsufgvibbn\n|j|\u2606john gcv\n|t:|1776100818\n|gametype|doubles\n|player|p1|ddsufgvibbn|102|1103\n|player|p2|john gcv|hilbert-wonderlauncher|1055\n|gen|9\n|tier|[Gen 9 Champions] VGC 2026 Reg M-A\n|rated|\n|rule|Species Clause: Limit one of each Pok\u00e9mon\n|rule|Item Clause: Limit 1 of each item\n|clearpoke\n|poke|p1|Gallade, L50, M|\n|poke|p1|Camerupt, L50, F|\n|poke|p1|Gengar, L50, F|\n|poke|p1|Slowbro, L50, M|\n|poke|p1|Torkoal, L50, M|\n|poke|p1|Incineroar, L50, M|\n|poke|p2|Charizard, L50, F|\n|poke|p2|Incineroar, L50, M|\n|poke|p2|Venusaur, L50, M|\n|poke|p2|Farigiraf, L50, M|\n|poke|p2|Conkeldurr, L50, M|\n|poke|p2|Aerodactyl, L50, M|\n|teampreview|4\n|inactive|Battle timer is ON: inactive players will automatically lose when time's up. (requested by ddsufgvibbn)\n|\n|t:|1776100862\n|teamsize|p1|4\n|teamsize|p2|4\n|start\n|switch|p1a: Gengar|Gengar, L50, F|100/100\n|switch|p1b: Gallade|Gallade, L50, M|100/100\n|switch|p2a: Farigiraf|Farigiraf, L50, M|100/100\n|switch|p2b: Incineroar|Incineroar, L50, M|100/100\n|-ability|p2b: Incineroar|Intimidate|boost\n|-unboost|p1a: Gengar|atk|1\n|-unboost|p1b: Gallade|atk|1\n|-enditem|p1b: Gallade|White Herb\n|-clearnegativeboost|p1b: Gallade|[silent]\n|turn|1\n|inactive|ddsufgvibbn has 30 seconds left.\n|inactive|john gcv has 30 seconds left.\n|inactive|ddsufgvibbn has 20 seconds left.\n|inactive|ddsufgvibbn has 15 seconds left.\n|inactive|ddsufgvibbn has 10 seconds left.\n|inactive|ddsufgvibbn has 5 seconds left.\n|\n|t:|1776100914\n|move|p1b: Gallade|Sacred Sword|p2b: Incineroar\n|-supereffective|p2b: Incineroar|1\n|-damage|p2b: Incineroar|0 fnt\n|faint|p2b: Incineroar\n|move|p2a: Farigiraf|Psychic|p1b: Gallade\n|-damage|p1b: Gallade|59/100\n|move|p1a: Gengar|Trick Room|p1a: Gengar\n|-fieldstart|move: Trick Room|[of] p1a: Gengar\n|\n|upkeep\n|\n|t:|1776100924\n|switch|p2b: Charizard|Charizard, L50, F|100/100\n|turn|2\n|\n|t:|1776100942\n|switch|p1a: Camerupt|Camerupt, L50, F|100/100\n|move|p2b: Charizard|Protect|p2b: Charizard\n|-singleturn|p2b: Charizard|Protect\n|move|p2a: Farigiraf|Psychic|p1a: Camerupt\n|-damage|p1a: Camerupt|33/100\n|move|p1b: Gallade|Psycho Cut|p2b: Charizard\n|-activate|p2b: Charizard|move: Protect\n|\n|upkeep\n|turn|3\n|\n|t:|1776100956\n|switch|p2b: Venusaur|Venusaur, L50, M|100/100\n|detailschange|p1a: Camerupt|Camerupt-Mega, L50, F\n|-mega|p1a: Camerupt|Camerupt|Cameruptite\n|move|p1a: Camerupt|Rock Slide|p2b: Venusaur|[spread] p2a,p2b\n|-damage|p2a: Farigiraf|77/100\n|-damage|p2b: Venusaur|70/100\n|move|p1b: Gallade|Sacred Sword|p2a: Farigiraf\n|-damage|p2a: Farigiraf|9/100\n|move|p2a: Farigiraf|Trick Room|p2a: Farigiraf\n|-fieldend|move: Trick Room\n|\n|upkeep\n|turn|4\n|\n|t:|1776100975\n|switch|p2a: Charizard|Charizard, L50, F|100/100\n|move|p1a: Camerupt|Protect|p1a: Camerupt\n|-singleturn|p1a: Camerupt|Protect\n|move|p2b: Venusaur|Energy Ball|p1a: Camerupt\n|-activate|p1a: Camerupt|move: Protect\n|move|p1b: Gallade|Trick Room|p1b: Gallade\n|-fieldstart|move: Trick Room|[of] p1b: Gallade\n|\n|upkeep\n|turn|5\n|inactive|john gcv has 30 seconds left.\n|\n|t:|1776101007\n|move|p2a: Charizard|Protect|p2a: Charizard\n|-singleturn|p2a: Charizard|Protect\n|move|p1a: Camerupt|Rock Slide|p2b: Venusaur|[spread] p2b\n|-activate|p2a: Charizard|move: Protect\n|-damage|p2b: Venusaur|39/100\n|move|p1b: Gallade|Psycho Cut|p2b: Venusaur\n|-supereffective|p2b: Venusaur|1\n|-crit|p2b: Venusaur\n|-damage|p2b: Venusaur|0 fnt\n|faint|p2b: Venusaur\n|\n|upkeep\n|-message|john gcv forfeited.\n|\n|win|ddsufgvibbn\n|raw|ddsufgvibbn's rating: 1103 &rarr; <strong>1125</strong><br />(+22 for winning)\n|raw|john gcv's rating: 1055 &rarr; <strong>1039</strong><br />(-16 for losing)\n|l|\u2606john gcv\n|player|p2|\n",
  "uploadtime": 1776101020,
  "views": 10,
  "formatid": "gen9championsvgc2026regma",
  "rating": 1039,
  "private": 0,
  "password": null
}