{
  "id": "gen9championsvgc2026regma-2586044018",
  "format": "[Gen 9 Champions] VGC 2026 Reg M-A",
  "players": [
    "Minioracrobaticsss",
    "Hazel_Le'Claire"
  ],
  "log": "|j|\u2606Minioracrobaticsss\n|j|\u2606Hazel_Le'Claire\n|t:|1776393223\n|gametype|doubles\n|player|p1|Minioracrobaticsss|265|1083\n|player|p2|Hazel_Le'Claire|ethan|1163\n|gen|9\n|tier|[Gen 9 Champions] VGC 2026 Reg M-A\n|rated|\n|rule|Species Clause: Limit one of each Pok\u00e9mon\n|rule|Item Clause: Limit 1 of each item\n|clearpoke\n|poke|p1|Sableye, L50, M|\n|poke|p1|Alakazam, L50, M|\n|poke|p1|Farigiraf, L50, F|\n|poke|p1|Maushold-Four, L50|\n|poke|p1|Liepard, L50, M|\n|poke|p1|Aegislash, L50, F|\n|poke|p2|Meganium, L50, F|\n|poke|p2|Talonflame, L50, M|\n|poke|p2|Maushold, L50|\n|poke|p2|Sneasler, L50, M|\n|poke|p2|Kingambit, L50, M|\n|poke|p2|Aerodactyl, L50, M|\n|teampreview|4\n|inactive|Battle timer is ON: inactive players will automatically lose when time's up. (requested by Minioracrobaticsss)\n|inactive|Hazel_Le'Claire has 60 seconds left.\n|\n|t:|1776393274\n|teamsize|p1|4\n|teamsize|p2|4\n|start\n|switch|p1a: Alakazam|Alakazam, L50, M|100/100\n|switch|p1b: Sableye|Sableye, L50, M|100/100\n|switch|p2a: Maushold|Maushold, L50|100/100\n|switch|p2b: Meganium|Meganium, L50, F|100/100\n|turn|1\n|inactive|Hazel_Le'Claire has 30 seconds left.\n|\n|t:|1776393299\n|detailschange|p2b: Meganium|Meganium-Mega, L50, F\n|-mega|p2b: Meganium|Meganium|Meganiumite\n|move|p1b: Sableye|Fake Out|p2b: Meganium\n|-damage|p2b: Meganium|93/100\n|move|p1a: Alakazam|Focus Blast|p2a: Maushold\n|-supereffective|p2a: Maushold|1\n|-damage|p2a: Maushold|0 fnt\n|faint|p2a: Maushold\n|cant|p2b: Meganium|flinch\n|\n|upkeep\n|\n|t:|1776393308\n|switch|p2a: Sneasler|Sneasler, L50, M|100/100\n|turn|2\n|inactive|Minioracrobaticsss has 30 seconds left.\n|inactive|Minioracrobaticsss has 20 seconds left.\n|\n|t:|1776393343\n|move|p2a: Sneasler|Fake Out|p1a: Alakazam\n|-damage|p1a: Alakazam|63/100\n|move|p1a: Alakazam|Psychic|p2b: Meganium\n|-damage|p2b: Meganium|40/100\n|-unboost|p2b: Meganium|spd|1\n|move|p2b: Meganium|Solar Beam||[still]\n|-prepare|p2b: Meganium|Solar Beam\n|-activate|p2b: Meganium|ability: Mega Sol\n|-anim|p2b: Meganium|Solar Beam|p1b: Sableye\n|-damage|p1b: Sableye|32/100\n|move|p1b: Sableye|Foul Play|p2b: Meganium\n|-resisted|p2b: Meganium|1\n|-damage|p2b: Meganium|27/100\n|\n|upkeep\n|turn|3\n|\n|t:|1776393366\n|switch|p2a: Kingambit|Kingambit, L50, M|100/100\n|detailschange|p1a: Alakazam|Alakazam-Mega, L50, M\n|-mega|p1a: Alakazam|Alakazam|Alakazite\n|-ability|p1a: Alakazam|Defiant|Trace|[from] ability: Trace|[of] p2a: Kingambit\n|move|p2b: Meganium|Protect|p2b: Meganium\n|-singleturn|p2b: Meganium|Protect\n|move|p1b: Sableye|Encore|p2a: Kingambit\n|-hint|Since gen 7, Dark is immune to Prankster moves.\n|-immune|p2a: Kingambit\n|move|p1a: Alakazam|Psychic|p2b: Meganium\n|-activate|p2b: Meganium|move: Protect\n|\n|upkeep\n|turn|4\n|\n|t:|1776393382\n|switch|p1b: Farigiraf|Farigiraf, L50, F|100/100\n|move|p2a: Kingambit|Sucker Punch||[still]\n|cant|p1b: Farigiraf|ability: Armor Tail|Sucker Punch|[of] p2a: Kingambit\n|move|p1a: Alakazam|Focus Blast|p2a: Kingambit\n|-supereffective|p2a: Kingambit|2\n|-damage|p2a: Kingambit|0 fnt\n|faint|p2a: Kingambit\n|move|p2b: Meganium|Dazzling Gleam|p1b: Farigiraf|[spread] p1a,p1b\n|-damage|p1a: Alakazam|17/100\n|-damage|p1b: Farigiraf|66/100\n|\n|-heal|p1b: Farigiraf|72/100|[from] item: Leftovers\n|upkeep\n|\n|t:|1776393395\n|switch|p2a: Sneasler|Sneasler, L50, M|100/100\n|turn|5\n|inactive|Hazel_Le'Claire has 30 seconds left.\n|\n|t:|1776393420\n|move|p2b: Meganium|Protect|p2b: Meganium\n|-singleturn|p2b: Meganium|Protect\n|move|p1a: Alakazam|Psychic|p2b: Meganium\n|-activate|p2b: Meganium|move: Protect\n|move|p2a: Sneasler|Dire Claw|p1a: Alakazam\n|-damage|p1a: Alakazam|0 fnt\n|faint|p1a: Alakazam\n|move|p1b: Farigiraf|Psychic Noise|p2a: Sneasler\n|-supereffective|p2a: Sneasler|2\n|-damage|p2a: Sneasler|0 fnt\n|faint|p2a: Sneasler\n|\n|-heal|p1b: Farigiraf|78/100|[from] item: Leftovers\n|upkeep\n|\n|t:|1776393438\n|switch|p1a: Sableye|Sableye, L50, M|32/100\n|turn|6\n|\n|t:|1776393448\n|move|p1a: Sableye|Encore|p2b: Meganium\n|-start|p2b: Meganium|Encore\n|move|p2b: Meganium|Protect||[still]\n|-fail|p2b: Meganium\n|move|p1b: Farigiraf|Psychic Noise|p2b: Meganium\n|-damage|p2b: Meganium|0 fnt\n|faint|p2b: Meganium\n|\n|win|Minioracrobaticsss\n|raw|Minioracrobaticsss's rating: 1083 &rarr; <strong>1117</strong><br />(+34 for winning)\n|raw|Hazel_Le&apos;Claire's rating: 1163 &rarr; <strong>1132</strong><br />(-31 for losing)\n|l|\u2606Hazel_Le'Claire\n|player|p2|\n",
  "uploadtime": 1776393457,
  "views": 18,
  "formatid": "gen9championsvgc2026regma",
  "rating": 1117,
  "private": 0,
  "password": null
}