{
  "id": "gen9championsvgc2026regma-2589534601",
  "format": "[Gen 9 Champions] VGC 2026 Reg M-A",
  "players": [
    "Eevi0n",
    "Gengpachorra"
  ],
  "log": "|j|\u2606Eevi0n\n|j|\u2606Gengpachorra\n|t:|1776731789\n|gametype|doubles\n|player|p1|Eevi0n|2|1078\n|player|p2|Gengpachorra|shadowtriad|1110\n|gen|9\n|tier|[Gen 9 Champions] VGC 2026 Reg M-A\n|rated|\n|rule|Species Clause: Limit one of each Pok\u00e9mon\n|rule|Item Clause: Limit 1 of each item\n|clearpoke\n|poke|p1|Charizard, L50, M, shiny|\n|poke|p1|Whimsicott, L50, F, shiny|\n|poke|p1|Garchomp, L50, F|\n|poke|p1|Sneasler, L50, F|\n|poke|p1|Rotom-Wash, L50|\n|poke|p1|Kingambit, L50, F|\n|poke|p2|Ampharos, L50, M|\n|poke|p2|Umbreon, L50, F, shiny|\n|poke|p2|Froslass, L50, F|\n|poke|p2|Milotic, L50, F|\n|poke|p2|Serperior, L50, F|\n|poke|p2|Ceruledge, L50, M|\n|teampreview|4\n|\n|t:|1776731855\n|teamsize|p1|4\n|teamsize|p2|4\n|start\n|switch|p1a: Charizard|Charizard, L50, M, shiny|100/100\n|switch|p1b: Whimsicott|Whimsicott, L50, F, shiny|100/100\n|switch|p2a: Milotic|Milotic, L50, F|100/100\n|switch|p2b: Ceruledge|Ceruledge, L50, M|100/100\n|turn|1\n|\n|t:|1776731885\n|detailschange|p1a: Charizard|Charizard-Mega-Y, L50, M, shiny\n|-mega|p1a: Charizard|Charizard|Charizardite Y\n|-weather|SunnyDay|[from] ability: Drought|[of] p1a: Charizard\n|move|p1b: Whimsicott|Tailwind|p1b: Whimsicott\n|-sidestart|p1: Eevi0n|move: Tailwind\n|move|p1a: Charizard|Solar Beam||[still]\n|-prepare|p1a: Charizard|Solar Beam\n|-anim|p1a: Charizard|Solar Beam|p2a: Milotic\n|-supereffective|p2a: Milotic|1\n|-damage|p2a: Milotic|18/100\n|move|p2b: Ceruledge|Iron Head|p1b: Whimsicott\n|-supereffective|p1b: Whimsicott|1\n|-damage|p1b: Whimsicott|27/100\n|move|p2a: Milotic|Blizzard|p1b: Whimsicott|[spread] p1a\n|-miss|p2a: Milotic|p1b: Whimsicott\n|-damage|p1a: Charizard|78/100\n|\n|-weather|SunnyDay|[upkeep]\n|upkeep\n|turn|2\n|\n|t:|1776731918\n|switch|p2a: Umbreon|Umbreon, L50, F, shiny|100/100\n|move|p1a: Charizard|Protect|p1a: Charizard\n|-singleturn|p1a: Charizard|Protect\n|move|p1b: Whimsicott|Moonblast|p2a: Umbreon\n|-supereffective|p2a: Umbreon|1\n|-damage|p2a: Umbreon|67/100\n|move|p2b: Ceruledge|Iron Head|p1b: Whimsicott\n|-supereffective|p1b: Whimsicott|1\n|-damage|p1b: Whimsicott|0 fnt\n|faint|p1b: Whimsicott\n|\n|-weather|SunnyDay|[upkeep]\n|-heal|p2a: Umbreon|73/100|[from] item: Leftovers\n|upkeep\n|\n|t:|1776731931\n|switch|p1b: Sneasler|Sneasler, L50, F|100/100\n|turn|3\n|\n|t:|1776731953\n|move|p1b: Sneasler|Fake Out|p2a: Umbreon\n|-damage|p2a: Umbreon|64/100\n|move|p1a: Charizard|Heat Wave|p2b: Ceruledge|[spread] p2a\n|-start|p2b: Ceruledge|ability: Flash Fire\n|-damage|p2a: Umbreon|22/100\n|move|p2b: Ceruledge|Psycho Cut|p1b: Sneasler\n|-supereffective|p1b: Sneasler|2\n|-damage|p1b: Sneasler|0 fnt\n|faint|p1b: Sneasler\n|cant|p2a: Umbreon|flinch\n|\n|-weather|SunnyDay|[upkeep]\n|-heal|p2a: Umbreon|28/100|[from] item: Leftovers\n|upkeep\n|\n|t:|1776731965\n|switch|p1b: Kingambit|Kingambit, L50, F|100/100\n|turn|4\n|\n|t:|1776731991\n|move|p2a: Umbreon|Protect|p2a: Umbreon\n|-singleturn|p2a: Umbreon|Protect\n|move|p1a: Charizard|Air Slash|p2a: Umbreon\n|-activate|p2a: Umbreon|move: Protect\n|move|p1b: Kingambit|Kowtow Cleave|p2b: Ceruledge\n|-supereffective|p2b: Ceruledge|1\n|-damage|p2b: Ceruledge|0 fnt\n|faint|p2b: Ceruledge\n|\n|-weather|SunnyDay|[upkeep]\n|-heal|p2a: Umbreon|34/100|[from] item: Leftovers\n|-sideend|p1: Eevi0n|move: Tailwind\n|upkeep\n|\n|t:|1776732005\n|switch|p2b: Froslass|Froslass, L50, F|100/100\n|turn|5\n|\n|t:|1776732024\n|detailschange|p2b: Froslass|Froslass-Mega, L50, F\n|-mega|p2b: Froslass|Froslass|Froslassite\n|-weather|Snowscape|[from] ability: Snow Warning|[of] p2b: Froslass\n|move|p1b: Kingambit|Sucker Punch||[still]\n|-fail|p1b: Kingambit\n|move|p2b: Froslass|Aurora Veil|p2b: Froslass\n|-sidestart|p2: Gengpachorra|move: Aurora Veil\n|move|p1a: Charizard|Heat Wave|p2a: Umbreon|[spread] p2a,p2b\n|-supereffective|p2b: Froslass|1\n|-damage|p2a: Umbreon|15/100\n|-damage|p2b: Froslass|26/100\n|move|p2a: Umbreon|Foul Play|p1b: Kingambit\n|-resisted|p1b: Kingambit|1\n|-damage|p1b: Kingambit|77/100\n|\n|-weather|Snowscape|[upkeep]\n|-heal|p2a: Umbreon|21/100|[from] item: Leftovers\n|upkeep\n|turn|6\n|\n|t:|1776732045\n|switch|p2b: Milotic|Milotic, L50, F|18/100\n|move|p2a: Umbreon|Protect|p2a: Umbreon\n|-singleturn|p2a: Umbreon|Protect\n|move|p1b: Kingambit|Sucker Punch||[still]\n|-fail|p1b: Kingambit\n|move|p1a: Charizard|Heat Wave|p2b: Milotic|[spread] p2b\n|-activate|p2a: Umbreon|move: Protect\n|-resisted|p2b: Milotic|1\n|-damage|p2b: Milotic|6/100\n|\n|-weather|Snowscape|[upkeep]\n|-heal|p2a: Umbreon|27/100|[from] item: Leftovers\n|upkeep\n|turn|7\n|inactive|Battle timer is ON: inactive players will automatically lose when time's up. (requested by Gengpachorra)\n|\n|t:|1776732087\n|move|p1a: Charizard|Protect|p1a: Charizard\n|-singleturn|p1a: Charizard|Protect\n|move|p2b: Milotic|Recover|p2b: Milotic\n|-heal|p2b: Milotic|56/100\n|move|p2a: Umbreon|Toxic|p1a: Charizard\n|-activate|p1a: Charizard|move: Protect\n|move|p1b: Kingambit|Kowtow Cleave|p2a: Umbreon\n|-resisted|p2a: Umbreon|1\n|-crit|p2a: Umbreon\n|-damage|p2a: Umbreon|0 fnt\n|faint|p2a: Umbreon\n|\n|-weather|Snowscape|[upkeep]\n|upkeep\n|\n|t:|1776732101\n|switch|p2a: Froslass|Froslass-Mega, L50, F|26/100\n|turn|8\n|-activate|p2b: Milotic|item: Quick Claw\n|\n|t:|1776732114\n|move|p1b: Kingambit|Sucker Punch|p2b: Milotic\n|-damage|p2b: Milotic|23/100\n|move|p2b: Milotic|Blizzard|p1b: Kingambit|[spread] p1a,p1b\n|-resisted|p1b: Kingambit|1\n|-damage|p1a: Charizard|55/100\n|-damage|p1b: Kingambit|68/100\n|move|p2a: Froslass|Blizzard|p1b: Kingambit|[spread] p1a,p1b\n|-resisted|p1b: Kingambit|1\n|-damage|p1a: Charizard|12/100\n|-damage|p1b: Kingambit|47/100\n|move|p1a: Charizard|Air Slash|p2a: Froslass\n|-damage|p2a: Froslass|0 fnt\n|faint|p2a: Froslass\n|\n|-weather|Snowscape|[upkeep]\n|upkeep\n|turn|9\n|\n|t:|1776732134\n|move|p1a: Charizard|Protect|p1a: Charizard\n|-singleturn|p1a: Charizard|Protect\n|move|p2b: Milotic|Recover|p2b: Milotic\n|-heal|p2b: Milotic|73/100\n|move|p1b: Kingambit|Kowtow Cleave|p2b: Milotic\n|-damage|p2b: Milotic|38/100\n|\n|-weather|none\n|-sideend|p2: Gengpachorra|move: Aurora Veil\n|upkeep\n|turn|10\n|inactive|Eevi0n has 30 seconds left.\n|\n|t:|1776732161\n|move|p1b: Kingambit|Sucker Punch|p2b: Milotic\n|-damage|p2b: Milotic|0 fnt\n|faint|p2b: Milotic\n|\n|win|Eevi0n\n|raw|Eevi0n's rating: 1078 &rarr; <strong>1109</strong><br />(+31 for winning)\n|raw|Gengpachorra's rating: 1110 &rarr; <strong>1083</strong><br />(-27 for losing)\n",
  "uploadtime": 1776732166,
  "views": 3,
  "formatid": "gen9championsvgc2026regma",
  "rating": 1083,
  "private": 0,
  "password": null
}