{
  "id": "gen9championsvgc2026regma-2582293804",
  "format": "[Gen 9 Champions] VGC 2026 Reg M-A",
  "players": [
    "pako1990bcn",
    "NegaiFreak"
  ],
  "log": "|j|\u2606pako1990bcn\n|j|\u2606NegaiFreak\n|t:|1776080611\n|gametype|doubles\n|player|p1|pako1990bcn|hiker-gen4|1052\n|player|p2|NegaiFreak|170|1051\n|gen|9\n|tier|[Gen 9 Champions] VGC 2026 Reg M-A\n|rated|\n|rule|Species Clause: Limit one of each Pok\u00e9mon\n|rule|Item Clause: Limit 1 of each item\n|clearpoke\n|poke|p1|Meowstic, L50, M|\n|poke|p1|Venusaur, L50, F|\n|poke|p1|Floette-Eternal, L50, F|\n|poke|p1|Medicham, L50, M|\n|poke|p1|Slowbro-Galar, L50, F|\n|poke|p1|Ninetales, L50, M|\n|poke|p2|Archaludon, L50, M|\n|poke|p2|Pelipper, L50, F|\n|poke|p2|Basculegion, L50, M|\n|poke|p2|Meganium, L50, M|\n|poke|p2|Maushold-Four, L50|\n|poke|p2|Farigiraf, L50, M|\n|teampreview|4\n|inactive|Battle timer is ON: inactive players will automatically lose when time's up. (requested by NegaiFreak)\n|inactive|pako1990bcn has 60 seconds left.\n|inactive|NegaiFreak has 60 seconds left.\n|\n|t:|1776080654\n|teamsize|p1|4\n|teamsize|p2|4\n|start\n|switch|p1a: Meowstic|Meowstic, L50, M|100/100\n|switch|p1b: Slowbro|Slowbro-Galar, L50, F|100/100\n|switch|p2a: Maushold|Maushold-Four, L50|100/100\n|switch|p2b: Archaludon|Archaludon, L50, M|100/100\n|turn|1\n|c|\u2606NegaiFreak|GLHF\n|inactive|pako1990bcn has 30 seconds left.\n|inactive|pako1990bcn has 20 seconds left.\n|\n|t:|1776080693\n|move|p1a: Meowstic|Fake Out|p2b: Archaludon\n|-resisted|p2b: Archaludon|1\n|-damage|p2b: Archaludon|99/100\n|move|p2a: Maushold|Taunt|p1a: Meowstic\n|-start|p1a: Meowstic|move: Taunt\n|cant|p2b: Archaludon|flinch\n|move|p1b: Slowbro|Belly Drum|p1b: Slowbro\n|-damage|p1b: Slowbro|50/100\n|-setboost|p1b: Slowbro|atk|6|[from] move: Belly Drum\n|\n|upkeep\n|turn|2\n|inactive|pako1990bcn has 30 seconds left.\n|inactive|NegaiFreak has 30 seconds left.\n|\n|t:|1776080727\n|switch|p1a: Ninetales|Ninetales, L50, M|100/100\n|-weather|SunnyDay|[from] ability: Drought|[of] p1a: Ninetales\n|move|p2a: Maushold|Follow Me|p2a: Maushold\n|-singleturn|p2a: Maushold|move: Follow Me\n|move|p2b: Archaludon|Dragon Pulse|p1b: Slowbro\n|-damage|p1b: Slowbro|0 fnt\n|faint|p1b: Slowbro\n|\n|-weather|SunnyDay|[upkeep]\n|upkeep\n|\n|t:|1776080746\n|switch|p1b: Meowstic|Meowstic, L50, M|100/100\n|turn|3\n|\n|t:|1776080759\n|detailschange|p1b: Meowstic|Meowstic-M-Mega, L50, M\n|-mega|p1b: Meowstic|Meowstic|Meowsticite\n|-ability|p1b: Meowstic|Sturdy|Trace|[from] ability: Trace|[of] p2b: Archaludon\n|move|p2a: Maushold|Protect|p2a: Maushold\n|-singleturn|p2a: Maushold|Protect\n|move|p2b: Archaludon|Protect|p2b: Archaludon\n|-singleturn|p2b: Archaludon|Protect\n|move|p1a: Ninetales|Heat Wave|p2a: Maushold|[spread] \n|-activate|p2a: Maushold|move: Protect\n|-activate|p2b: Archaludon|move: Protect\n|move|p1b: Meowstic|Thunder Wave|p2a: Maushold\n|-activate|p2a: Maushold|move: Protect\n|\n|-weather|SunnyDay|[upkeep]\n|upkeep\n|turn|4\n|inactive|pako1990bcn has 30 seconds left.\n|inactive|NegaiFreak has 30 seconds left.\n|inactive|NegaiFreak has 20 seconds left.\n|\n|t:|1776080794\n|switch|p2a: Pelipper|Pelipper, L50, F|100/100\n|-weather|RainDance|[from] ability: Drizzle|[of] p2a: Pelipper\n|move|p1b: Meowstic|Helping Hand|p1a: Ninetales\n|-singleturn|p1a: Ninetales|Helping Hand|[of] p1b: Meowstic\n|move|p1a: Ninetales|Heat Wave|p2a: Pelipper|[spread] p2a,p2b\n|-resisted|p2a: Pelipper|1\n|-damage|p2a: Pelipper|81/100\n|-damage|p2b: Archaludon|64/100\n|move|p2b: Archaludon|Electro Shot||[still]\n|-prepare|p2b: Archaludon|Electro Shot\n|-boost|p2b: Archaludon|spa|1\n|-anim|p2b: Archaludon|Electro Shot|p1b: Meowstic\n|-damage|p1b: Meowstic|26/100\n|\n|-weather|RainDance|[upkeep]\n|upkeep\n|turn|5\n|inactive|pako1990bcn has 30 seconds left.\n|\n|t:|1776080829\n|move|p2b: Archaludon|Protect|p2b: Archaludon\n|-singleturn|p2b: Archaludon|Protect\n|move|p1a: Ninetales|Heat Wave|p2a: Pelipper|[spread] p2a\n|-activate|p2b: Archaludon|move: Protect\n|-resisted|p2a: Pelipper|1\n|-damage|p2a: Pelipper|68/100\n|move|p1b: Meowstic|Thunder Wave|p2b: Archaludon\n|-activate|p2b: Archaludon|move: Protect\n|move|p2a: Pelipper|Tailwind|p2a: Pelipper\n|-sidestart|p2: NegaiFreak|move: Tailwind\n|\n|-weather|RainDance|[upkeep]\n|upkeep\n|turn|6\n|inactive|pako1990bcn has 30 seconds left.\n|inactive|pako1990bcn has 20 seconds left.\n|inactive|pako1990bcn has 15 seconds left.\n|inactive|pako1990bcn has 10 seconds left.\n|\n|t:|1776080877\n|move|p1b: Meowstic|Helping Hand|p1a: Ninetales\n|-singleturn|p1a: Ninetales|Helping Hand|[of] p1b: Meowstic\n|move|p2b: Archaludon|Electro Shot||[still]\n|-prepare|p2b: Archaludon|Electro Shot\n|-boost|p2b: Archaludon|spa|1\n|-anim|p2b: Archaludon|Electro Shot|p1b: Meowstic\n|-damage|p1b: Meowstic|0 fnt\n|faint|p1b: Meowstic\n|move|p2a: Pelipper|Weather Ball|p1a: Ninetales\n|-supereffective|p1a: Ninetales|1\n|-damage|p1a: Ninetales|0 fnt\n|faint|p1a: Ninetales\n|\n|-weather|RainDance|[upkeep]\n|upkeep\n|\n|t:|1776080894\n|switch|p1b: Medicham|Medicham, L50, M|100/100\n|turn|7\n|\n|t:|1776080906\n|move|p2b: Archaludon|Electro Shot||[still]\n|-prepare|p2b: Archaludon|Electro Shot\n|-boost|p2b: Archaludon|spa|1\n|-anim|p2b: Archaludon|Electro Shot|p1b: Medicham\n|-damage|p1b: Medicham|0 fnt\n|faint|p1b: Medicham\n|\n|win|NegaiFreak\n|raw|pako1990bcn's rating: 1052 &rarr; <strong>1034</strong><br />(-18 for losing)\n|raw|NegaiFreak's rating: 1051 &rarr; <strong>1083</strong><br />(+32 for winning)\n|l|\u2606pako1990bcn\n|player|p1|\n|c|\u2606NegaiFreak|GG, WP\n",
  "uploadtime": 1776080933,
  "views": 12,
  "formatid": "gen9championsvgc2026regma",
  "rating": 1034,
  "private": 0,
  "password": null
}