{
  "id": "gen9championsvgc2026regma-2587040245",
  "format": "[Gen 9 Champions] VGC 2026 Reg M-A",
  "players": [
    "ctjn17",
    "AsexualBillClinton"
  ],
  "log": "|j|\u2606ctjn17\n|j|\u2606AsexualBillClinton\n|t:|1776484194\n|gametype|doubles\n|player|p1|ctjn17|101|1151\n|player|p2|AsexualBillClinton|marlon|1180\n|gen|9\n|tier|[Gen 9 Champions] VGC 2026 Reg M-A\n|rated|\n|rule|Species Clause: Limit one of each Pok\u00e9mon\n|rule|Item Clause: Limit 1 of each item\n|clearpoke\n|poke|p1|Tyranitar, L50, F|\n|poke|p1|Floette-Eternal, L50, F|\n|poke|p1|Sinistcha, L50|\n|poke|p1|Incineroar, L50, F|\n|poke|p1|Sneasler, L50, M|\n|poke|p1|Aerodactyl, L50, M|\n|poke|p2|Arbok, L50, F|\n|poke|p2|Serperior, L50, M|\n|poke|p2|Gyarados, L50, M|\n|poke|p2|Milotic, L50, M|\n|poke|p2|Sandaconda, L50, F|\n|poke|p2|Orthworm, L50, F|\n|teampreview|4\n|inactive|Battle timer is ON: inactive players will automatically lose when time's up. (requested by AsexualBillClinton)\n|\n|t:|1776484243\n|teamsize|p1|4\n|teamsize|p2|4\n|start\n|switch|p1a: Tyranitar|Tyranitar, L50, F|100/100\n|switch|p1b: Sneasler|Sneasler, L50, M|100/100\n|switch|p2a: Milotic|Milotic, L50, M|100/100\n|switch|p2b: Gyarados|Gyarados, L50, M|100/100\n|-weather|Sandstorm|[from] ability: Sand Stream|[of] p1a: Tyranitar\n|turn|1\n|\n|t:|1776484255\n|switch|p2b: Sandaconda|Sandaconda, L50, F|100/100\n|move|p1b: Sneasler|Fake Out|p2b: Sandaconda\n|-damage|p2b: Sandaconda|90/100\n|move|p1a: Tyranitar|Dragon Dance|p1a: Tyranitar\n|-boost|p1a: Tyranitar|atk|1\n|-boost|p1a: Tyranitar|spe|1\n|move|p2a: Milotic|Scald|p1b: Sneasler\n|-damage|p1b: Sneasler|48/100\n|\n|-weather|Sandstorm|[upkeep]\n|-damage|p1b: Sneasler|42/100|[from] Sandstorm\n|-damage|p2a: Milotic|94/100|[from] Sandstorm\n|-heal|p2a: Milotic|100/100|[from] item: Leftovers\n|upkeep\n|turn|2\n|inactive|ctjn17 has 30 seconds left.\n|\n|t:|1776484286\n|detailschange|p1a: Tyranitar|Tyranitar-Mega, L50, F\n|-mega|p1a: Tyranitar|Tyranitar|Tyranitarite\n|move|p1b: Sneasler|Dire Claw|p2a: Milotic\n|-crit|p2a: Milotic\n|-damage|p2a: Milotic|41/100\n|move|p1a: Tyranitar|Knock Off|p2b: Sandaconda\n|-damage|p2b: Sandaconda|23/100\n|-enditem|p2b: Sandaconda|Bright Powder|[from] move: Knock Off|[of] p1a: Tyranitar\n|move|p2a: Milotic|Scald|p1b: Sneasler\n|-damage|p1b: Sneasler|0 fnt\n|faint|p1b: Sneasler\n|move|p2b: Sandaconda|Glare|p1a: Tyranitar\n|-status|p1a: Tyranitar|par\n|\n|-weather|Sandstorm|[upkeep]\n|-damage|p2a: Milotic|35/100|[from] Sandstorm\n|-heal|p2a: Milotic|41/100|[from] item: Leftovers\n|upkeep\n|\n|t:|1776484303\n|switch|p1b: Sinistcha|Sinistcha, L50|100/100\n|turn|3\n|\n|t:|1776484323\n|move|p1b: Sinistcha|Rage Powder|p1b: Sinistcha\n|-singleturn|p1b: Sinistcha|move: Rage Powder\n|move|p2a: Milotic|Icy Wind|p1a: Tyranitar|[spread] p1a,p1b\n|-supereffective|p1b: Sinistcha|1\n|-damage|p1a: Tyranitar|94/100 par\n|-damage|p1b: Sinistcha|74/100\n|-unboost|p1a: Tyranitar|spe|1\n|-unboost|p1b: Sinistcha|spe|1\n|move|p2b: Sandaconda|Minimize|p2b: Sandaconda\n|-boost|p2b: Sandaconda|evasion|2\n|move|p1a: Tyranitar|Dragon Dance|p1a: Tyranitar\n|-boost|p1a: Tyranitar|atk|1\n|-boost|p1a: Tyranitar|spe|1\n|\n|-weather|Sandstorm|[upkeep]\n|-damage|p2a: Milotic|35/100|[from] Sandstorm\n|-damage|p1b: Sinistcha|67/100|[from] Sandstorm\n|-heal|p2a: Milotic|41/100|[from] item: Leftovers\n|-heal|p1b: Sinistcha|74/100|[from] item: Leftovers\n|upkeep\n|turn|4\n|\n|t:|1776484342\n|move|p2a: Milotic|Icy Wind|p1a: Tyranitar|[spread] p1a,p1b\n|-supereffective|p1b: Sinistcha|1\n|-damage|p1a: Tyranitar|87/100 par\n|-damage|p1b: Sinistcha|44/100\n|-unboost|p1a: Tyranitar|spe|1\n|-unboost|p1b: Sinistcha|spe|1\n|move|p2b: Sandaconda|Minimize|p2b: Sandaconda\n|-boost|p2b: Sandaconda|evasion|2\n|move|p1a: Tyranitar|Rock Slide|p2a: Milotic|[spread] p2a\n|-miss|p1a: Tyranitar|p2b: Sandaconda\n|-damage|p2a: Milotic|0 fnt\n|faint|p2a: Milotic\n|move|p1b: Sinistcha|Trick Room|p1b: Sinistcha\n|-fieldstart|move: Trick Room|[of] p1b: Sinistcha\n|\n|-weather|Sandstorm|[upkeep]\n|-damage|p1b: Sinistcha|38/100|[from] Sandstorm\n|-heal|p1b: Sinistcha|44/100|[from] item: Leftovers\n|upkeep\n|raw|<div class=\"broadcast-red\"><b>The server is restarting soon.</b><br />Please finish your battles quickly. No new battles can be started until the server resets in a few minutes.</div>\n|inactive|staff also wants the timer to be on.\n|raw|<div class=\"broadcast-red\"><b>Moderated chat was set to +!</b><br />Only users of rank + and higher can talk.</div>\n|\n|t:|1776484357\n|switch|p2a: Gyarados|Gyarados, L50, M|100/100\n|turn|5\n|\n|t:|1776484365\n|detailschange|p2a: Gyarados|Gyarados-Mega, L50, M\n|-mega|p2a: Gyarados|Gyarados|Gyaradosite\n|-ability|p2a: Gyarados|Mold Breaker\n|move|p1b: Sinistcha|Matcha Gotcha|p2b: Sandaconda|[spread] \n|-miss|p1b: Sinistcha|p2a: Gyarados\n|-miss|p1b: Sinistcha|p2b: Sandaconda\n|move|p1a: Tyranitar|Rock Slide|p2a: Gyarados|[spread] \n|-miss|p1a: Tyranitar|p2a: Gyarados\n|-miss|p1a: Tyranitar|p2b: Sandaconda\n|move|p2b: Sandaconda|High Horsepower|p1a: Tyranitar\n|-supereffective|p1a: Tyranitar|1\n|-damage|p1a: Tyranitar|36/100 par\n|move|p2a: Gyarados|Crunch|p1b: Sinistcha\n|-supereffective|p1b: Sinistcha|1\n|-damage|p1b: Sinistcha|0 fnt\n|faint|p1b: Sinistcha\n|\n|-weather|none\n|upkeep\n|\n|t:|1776484382\n|switch|p1b: Floette|Floette-Eternal, L50, F|100/100\n|turn|6\n|\n|t:|1776484395\n|move|p1a: Tyranitar|Knock Off|p2b: Sandaconda|[miss]\n|-miss|p1a: Tyranitar|p2b: Sandaconda\n|move|p2b: Sandaconda|Glare|p1b: Floette\n|-status|p1b: Floette|par\n|move|p1b: Floette|Dazzling Gleam|p2b: Sandaconda|[spread] p2a,p2b\n|-supereffective|p2a: Gyarados|1\n|-damage|p2a: Gyarados|45/100\n|-damage|p2b: Sandaconda|0 fnt\n|faint|p2b: Sandaconda\n|move|p2a: Gyarados|Waterfall|p1a: Tyranitar\n|-supereffective|p1a: Tyranitar|1\n|-damage|p1a: Tyranitar|0 fnt\n|faint|p1a: Tyranitar\n|\n|upkeep\n|\n|t:|1776484405\n|switch|p2b: Arbok|Arbok, L50, F|100/100\n|-ability|p2b: Arbok|Intimidate|boost\n|-unboost|p1b: Floette|atk|1\n|turn|7\n|\n|t:|1776484414\n|move|p2a: Gyarados|Protect|p2a: Gyarados\n|-singleturn|p2a: Gyarados|Protect\n|move|p1b: Floette|Dazzling Gleam|p2a: Gyarados|[spread] p2b\n|-activate|p2a: Gyarados|move: Protect\n|-resisted|p2b: Arbok|1\n|-damage|p2b: Arbok|79/100\n|move|p2b: Arbok|Gunk Shot|p1b: Floette\n|-supereffective|p1b: Floette|1\n|-damage|p1b: Floette|0 fnt\n|faint|p1b: Floette\n|\n|win|AsexualBillClinton\n|raw|ctjn17's rating: 1151 &rarr; <strong>1128</strong><br />(-23 for losing)\n|raw|AsexualBillClinton's rating: 1180 &rarr; <strong>1203</strong><br />(+23 for winning)\n",
  "uploadtime": 1776484424,
  "views": 23,
  "formatid": "gen9championsvgc2026regma",
  "rating": 1128,
  "private": 0,
  "password": null
}