{
  "id": "gen9championsvgc2026regma-2582455652",
  "format": "[Gen 9 Champions] VGC 2026 Reg M-A",
  "players": [
    "Pegassin",
    "yin_lite"
  ],
  "log": "|j|\u203dPegassin\n|j|\u2606yin_lite\n|t:|1776092829\n|gametype|doubles\n|player|p1|Pegassin|170|1106\n|player|p2|yin_lite|266|1139\n|gen|9\n|tier|[Gen 9 Champions] VGC 2026 Reg M-A\n|rated|\n|rule|Species Clause: Limit one of each Pok\u00e9mon\n|rule|Item Clause: Limit 1 of each item\n|clearpoke\n|poke|p1|Slowking, L50, F|\n|poke|p1|Incineroar, L50, M|\n|poke|p1|Crabominable, L50, F|\n|poke|p1|Hatterene, L50, F|\n|poke|p1|Tsareena, L50, F|\n|poke|p1|Camerupt, L50, F|\n|poke|p2|Zoroark-Hisui, L50, F|\n|poke|p2|Incineroar, L50, M|\n|poke|p2|Froslass, L50, F|\n|poke|p2|Goodra-Hisui, L50, M|\n|poke|p2|Sneasler, L50, F|\n|poke|p2|Araquanid, L50, M|\n|teampreview|4\nPegassin rejected open team sheets.\n|inactive|Battle timer is ON: inactive players will automatically lose when time's up. (requested by Pegassin)\n|inactive|yin_lite has 60 seconds left.\n|\n|t:|1776092890\n|teamsize|p1|4\n|teamsize|p2|4\n|start\n|switch|p1a: Incineroar|Incineroar, L50, M|100/100\n|switch|p1b: Slowking|Slowking, L50, F|100/100\n|switch|p2a: Araquanid|Araquanid, L50, M, shiny|100/100\n|switch|p2b: Goodra|Goodra-Hisui, L50, M, shiny|100/100\n|-ability|p1a: Incineroar|Intimidate|boost\n|-unboost|p2a: Araquanid|atk|1\n|-unboost|p2b: Goodra|atk|1\n|turn|1\n|\n|t:|1776092912\n|move|p1a: Incineroar|Fake Out|p2a: Araquanid\n|-immune|p2a: Araquanid\n|move|p2a: Araquanid|Shadow Ball|p1b: Slowking\n|-supereffective|p1b: Slowking|1\n|-damage|p1b: Slowking|40/100\n|move|p2b: Goodra|Shelter|p2b: Goodra\n|-boost|p2b: Goodra|def|2\n|move|p1b: Slowking|Trick Room|p1b: Slowking\n|-fieldstart|move: Trick Room|[of] p1b: Slowking\n|\n|upkeep\n|turn|2\n|\n|t:|1776092934\n|-prepare|p1b: Slowking|Chilly Reception|[premajor]\n|move|p1b: Slowking|Chilly Reception|p1b: Slowking\n|-weather|Snowscape\n|\n|t:|1776092946\n|switch|p1b: Crabominable|Crabominable, L50, F, shiny|100/100|[from] Chilly Reception\n|move|p1a: Incineroar|Darkest Lariat|p2a: Araquanid\n|-supereffective|p2a: Araquanid|1\n|-enditem|p2a: Araquanid|Colbur Berry|[eat]\n|-enditem|p2a: Araquanid|Colbur Berry|[weaken]\n|-damage|p2a: Araquanid|29/100\n|replace|p2a: Zoroark|Zoroark-Hisui, L50, F\n|-end|p2a: Zoroark|Illusion\n|move|p2b: Goodra|Shelter|p2b: Goodra\n|-boost|p2b: Goodra|def|2\n|move|p2a: Zoroark|Shadow Ball|p1b: Crabominable\n|-damage|p1b: Crabominable|56/100\n|\n|-weather|Snowscape|[upkeep]\n|upkeep\n|turn|3\n|inactive|Pegassin has 30 seconds left.\n|\n|t:|1776092975\n|detailschange|p1b: Crabominable|Crabominable-Mega, L50, F, shiny\n|-mega|p1b: Crabominable|Crabominable|Crabominite\n|move|p2a: Zoroark|Protect|p2a: Zoroark\n|-singleturn|p2a: Zoroark|Protect\n|move|p1b: Crabominable|Ice Hammer|p2b: Goodra\n|-damage|p2b: Goodra|78/100\n|-unboost|p1b: Crabominable|spe|1\n|move|p1a: Incineroar|Darkest Lariat|p2a: Zoroark\n|-activate|p2a: Zoroark|move: Protect\n|move|p2b: Goodra|Body Press|p1b: Crabominable\n|-supereffective|p1b: Crabominable|1\n|-damage|p1b: Crabominable|0 fnt\n|faint|p1b: Crabominable\n|\n|-weather|Snowscape|[upkeep]\n|-heal|p2b: Goodra|84/100|[from] item: Leftovers\n|upkeep\n|\n|t:|1776092993\n|switch|p1b: Slowking|Slowking, L50, F|40/100\n|turn|4\n|\n|t:|1776093013\n|move|p1b: Slowking|Scald|p2b: Goodra\n|-resisted|p2b: Goodra|1\n|-damage|p2b: Goodra|76/100\n|move|p1a: Incineroar|Darkest Lariat|p2a: Zoroark\n|-supereffective|p2a: Zoroark|1\n|-damage|p2a: Zoroark|0 fnt\n|faint|p2a: Zoroark\n|move|p2b: Goodra|Life Dew|p2b: Goodra\n|-heal|p2b: Goodra|100/100\n|\n|-weather|Snowscape|[upkeep]\n|upkeep\n|\n|t:|1776093030\n|switch|p2a: Araquanid|Araquanid, L50, M, shiny|100/100\n|turn|5\n|\n|t:|1776093055\n|move|p1b: Slowking|Scald|p2b: Goodra\n|-resisted|p2b: Goodra|1\n|-damage|p2b: Goodra|92/100\n|move|p2a: Araquanid|Liquidation|p1b: Slowking\n|-resisted|p1b: Slowking|1\n|-damage|p1b: Slowking|8/100\n|move|p1a: Incineroar|Parting Shot|p2b: Goodra\n|-unboost|p2b: Goodra|atk|1\n|-unboost|p2b: Goodra|spa|1\n|\n|t:|1776093061\n|switch|p1a: Tsareena|Tsareena, L50, F, shiny|100/100|[from] Parting Shot\n|move|p2b: Goodra|Body Press|p1a: Tsareena\n|-damage|p1a: Tsareena|34/100\n|\n|-weather|Snowscape|[upkeep]\n|-heal|p2b: Goodra|98/100|[from] item: Leftovers\n|-fieldend|move: Trick Room\n|upkeep\n|turn|6\n|\n|t:|1776093079\n|move|p1a: Tsareena|Triple Axel|p2b: Goodra\n|-damage|p2b: Goodra|95/100\n|-damage|p2b: Goodra|91/100\n|-damage|p2b: Goodra|83/100\n|-hitcount|p2b: Goodra|3\n|move|p2b: Goodra|Body Press|p1a: Tsareena\n|-damage|p1a: Tsareena|0 fnt\n|faint|p1a: Tsareena\n|move|p2a: Araquanid|Liquidation|p1b: Slowking\n|-resisted|p1b: Slowking|1\n|-damage|p1b: Slowking|0 fnt\n|faint|p1b: Slowking\n|\n|-weather|none\n|-heal|p2b: Goodra|89/100|[from] item: Leftovers\n|upkeep\n|\n|t:|1776093087\n|switch|p1b: Incineroar|Incineroar, L50, M|100/100\n|-ability|p1b: Incineroar|Intimidate|boost\n|-unboost|p2a: Araquanid|atk|1\n|-unboost|p2b: Goodra|atk|1\n|turn|7\n|-message|Pegassin forfeited.\n|\n|win|yin_lite\n|raw|Pegassin's rating: 1106 &rarr; <strong>1083</strong><br />(-23 for losing)\n|raw|yin_lite's rating: 1139 &rarr; <strong>1162</strong><br />(+23 for winning)\n|l|\u203dPegassin\n|player|p1|\n",
  "uploadtime": 1776093097,
  "views": 29,
  "formatid": "gen9championsvgc2026regma",
  "rating": 1083,
  "private": 0,
  "password": null
}