{
  "id": "gen9championsvgc2026regma-2586164735",
  "format": "[Gen 9 Champions] VGC 2026 Reg M-A",
  "players": [
    "IDon'tWinBattles",
    "WoChienuinley"
  ],
  "log": "|j|\u2606IDon'tWinBattles\n|j|\u2606WoChienuinley\n|t:|1776407232\n|gametype|doubles\n|player|p1|IDon'tWinBattles|heroine2-conquest|1209\n|player|p2|WoChienuinley|101|1112\n|gen|9\n|tier|[Gen 9 Champions] VGC 2026 Reg M-A\n|rated|\n|rule|Species Clause: Limit one of each Pok\u00e9mon\n|rule|Item Clause: Limit 1 of each item\n|clearpoke\n|poke|p1|Gardevoir, L50, M|\n|poke|p1|Sneasler, L50, M|\n|poke|p1|Farigiraf, L50, M|\n|poke|p1|Kingambit, L50, F|\n|poke|p1|Sinistcha, L50|\n|poke|p1|Meowstic, L50, M|\n|poke|p2|Hawlucha, L50, M|\n|poke|p2|Volcarona, L50, M|\n|poke|p2|Incineroar, L50, M|\n|poke|p2|Mr. Rime, L50, F|\n|poke|p2|Golurk, L50|\n|poke|p2|Drampa, L50, M|\n|teampreview|4\n|inactive|Battle timer is ON: inactive players will automatically lose when time's up. (requested by WoChienuinley)\n|\n|t:|1776407247\n|teamsize|p1|4\n|teamsize|p2|4\n|start\n|switch|p1a: Hope|Farigiraf, L50, M|100/100\n|switch|p1b: Justice!|Gardevoir, L50, M, shiny|100/100\n|switch|p2a: Mr. Rime|Mr. Rime, L50, F|100/100\n|switch|p2b: Hawlucha|Hawlucha, L50, M|100/100\n|turn|1\n|\n|t:|1776407260\n|detailschange|p2b: Hawlucha|Hawlucha-Mega, L50, M\n|-mega|p2b: Hawlucha|Hawlucha|Hawluchanite\n|move|p1b: Justice!|Protect|p1b: Justice!\n|-singleturn|p1b: Justice!|Protect\n|move|p2b: Hawlucha|Entrainment|p2a: Mr. Rime\n|-ability|p2a: Mr. Rime|No Guard|Tangled Feet|[from] move: Entrainment|[of] p2b: Hawlucha\n|move|p2a: Mr. Rime|Psychic|p1b: Justice!\n|-activate|p1b: Justice!|move: Protect\n|move|p1a: Hope|Trick Room|p1a: Hope\n|-fieldstart|move: Trick Room|[of] p1a: Hope\n|\n|upkeep\n|turn|2\n|\n|t:|1776407283\n|detailschange|p1b: Justice!|Gardevoir-Mega, L50, M, shiny\n|-mega|p1b: Justice!|Gardevoir|Gardevoirite\n|move|p1a: Hope|Helping Hand|p1b: Justice!\n|-singleturn|p1b: Justice!|Helping Hand|[of] p1a: Hope\n|move|p2a: Mr. Rime|Sheer Cold|p1b: Justice!\n|-damage|p1b: Justice!|0 fnt\n|faint|p1b: Justice!\n|-ohko\n|move|p2b: Hawlucha|High Jump Kick|p1a: Hope\n|-damage|p1a: Hope|41/100\n|\n|-heal|p1a: Hope|47/100|[from] item: Leftovers\n|upkeep\n|\n|t:|1776407293\n|switch|p1b: Checkmate|Kingambit, L50, F|100/100\n|turn|3\n|\n|t:|1776407301\n|move|p2a: Mr. Rime|Protect|p2a: Mr. Rime\n|-singleturn|p2a: Mr. Rime|Protect\n|move|p1b: Checkmate|Kowtow Cleave|p2a: Mr. Rime\n|-activate|p2a: Mr. Rime|move: Protect\n|move|p1a: Hope|Psychic|p2b: Hawlucha\n|-supereffective|p2b: Hawlucha|1\n|-damage|p2b: Hawlucha|0 fnt\n|faint|p2b: Hawlucha\n|\n|-heal|p1a: Hope|53/100|[from] item: Leftovers\n|upkeep\n|\n|t:|1776407311\n|switch|p2b: Incineroar|Incineroar, L50, M|100/100\n|-ability|p2b: Incineroar|Intimidate|boost\n|-unboost|p1a: Hope|atk|1\n|-unboost|p1b: Checkmate|atk|1\n|-ability|p1b: Checkmate|Defiant|boost\n|-boost|p1b: Checkmate|atk|2\n|turn|4\n|\n|t:|1776407322\n|move|p1a: Hope|Helping Hand|p1b: Checkmate\n|-singleturn|p1b: Checkmate|Helping Hand|[of] p1a: Hope\n|move|p2b: Incineroar|Fake Out||[still]\n|cant|p1a: Hope|ability: Armor Tail|Fake Out|[of] p2b: Incineroar\n|move|p1b: Checkmate|Kowtow Cleave|p2a: Mr. Rime\n|-supereffective|p2a: Mr. Rime|1\n|-enditem|p2a: Mr. Rime|Focus Sash\n|-damage|p2a: Mr. Rime|1/100\n|move|p2a: Mr. Rime|Sheer Cold|p1b: Checkmate\n|-damage|p1b: Checkmate|0 fnt\n|faint|p1b: Checkmate\n|-ohko\n|\n|-heal|p1a: Hope|59/100|[from] item: Leftovers\n|upkeep\n|\n|t:|1776407332\n|switch|p1b: The Keeper|Sneasler, L50, M|100/100\n|turn|5\n|\n|t:|1776407346\n|move|p1b: The Keeper|Fake Out|p2b: Incineroar\n|-damage|p2b: Incineroar|89/100\n|cant|p2b: Incineroar|flinch\n|move|p1a: Hope|Psychic|p2a: Mr. Rime\n|-resisted|p2a: Mr. Rime|1\n|-damage|p2a: Mr. Rime|0 fnt\n|faint|p2a: Mr. Rime\n|\n|-heal|p1a: Hope|66/100|[from] item: Leftovers\n|-fieldend|move: Trick Room\n|upkeep\n|\n|t:|1776407356\n|switch|p2a: Volcarona|Volcarona, L50, M|100/100\n|turn|6\n|\n|t:|1776407364\n|move|p1a: Hope|Ally Switch|p1a: Hope\n|swap|p1a: Hope|1|[from] move: Ally Switch\n|move|p1a: The Keeper|Close Combat|p2b: Incineroar\n|-supereffective|p2b: Incineroar|1\n|-damage|p2b: Incineroar|0 fnt\n|-unboost|p1a: The Keeper|def|1\n|-unboost|p1a: The Keeper|spd|1\n|faint|p2b: Incineroar\n|-enditem|p1a: The Keeper|White Herb\n|-clearnegativeboost|p1a: The Keeper|[silent]\n|move|p2a: Volcarona|Hurricane|p1b: Hope\n|-damage|p1b: Hope|26/100\n|\n|-heal|p1b: Hope|32/100|[from] item: Leftovers\n|upkeep\n|turn|7\n|\n|t:|1776407381\n|move|p1b: Hope|Helping Hand|p1a: The Keeper\n|-singleturn|p1a: The Keeper|Helping Hand|[of] p1b: Hope\n|move|p1a: The Keeper|Rock Tomb|p2a: Volcarona\n|-supereffective|p2a: Volcarona|2\n|-damage|p2a: Volcarona|0 fnt\n|faint|p2a: Volcarona\n|\n|win|IDon'tWinBattles\n|raw|IDon&apos;tWinBattles's rating: 1209 &rarr; <strong>1227</strong><br />(+18 for winning)\n|raw|WoChienuinley's rating: 1112 &rarr; <strong>1094</strong><br />(-18 for losing)\n|c|\u2606IDon'tWinBattles|gg\n",
  "uploadtime": 1776407388,
  "views": 33,
  "formatid": "gen9championsvgc2026regma",
  "rating": 1094,
  "private": 0,
  "password": null
}