{
  "id": "gen9championsvgc2026regma-2585208341",
  "format": "[Gen 9 Champions] VGC 2026 Reg M-A",
  "players": [
    "emburr97",
    "Tahmidmiauu3"
  ],
  "log": "|j|\u2606emburr97\n|j|\u2606Tahmidmiauu3\n|t:|1776325140\n|gametype|doubles\n|player|p1|emburr97|silver|1040\n|player|p2|Tahmidmiauu3|2|1000\n|gen|9\n|tier|[Gen 9 Champions] VGC 2026 Reg M-A\n|rated|\n|rule|Species Clause: Limit one of each Pok\u00e9mon\n|rule|Item Clause: Limit 1 of each item\n|clearpoke\n|poke|p1|Kangaskhan, L50, F|\n|poke|p1|Sneasler, L50, M|\n|poke|p1|Hydreigon, L50, F|\n|poke|p1|Arcanine, L50, F|\n|poke|p1|Aegislash, L50, M|\n|poke|p1|Gyarados, L50, M|\n|poke|p2|Torkoal, L50, F|\n|poke|p2|Sinistcha, L50|\n|poke|p2|Camerupt, L50, F|\n|poke|p2|Rotom-Wash, L50|\n|poke|p2|Sneasler, L50, M|\n|poke|p2|Kingambit, L50, F|\n|teampreview|4\nTahmidmiauu3 rejected open team sheets.\n|inactive|Battle timer is ON: inactive players will automatically lose when time's up. (requested by Tahmidmiauu3)\n|\n|t:|1776325192\n|teamsize|p1|4\n|teamsize|p2|4\n|start\n|switch|p1a: Sneasler|Sneasler, L50, M|100/100\n|switch|p1b: Hydreigon|Hydreigon, L50, F|100/100\n|switch|p2a: Sinistcha|Sinistcha, L50|100/100\n|switch|p2b: Sneasler|Sneasler, L50, M|100/100\n|turn|1\n|\n|t:|1776325217\n|move|p1a: Sneasler|Fake Out|p2b: Sneasler\n|-damage|p2b: Sneasler|77/100\n|cant|p2b: Sneasler|flinch\n|move|p1b: Hydreigon|Tailwind|p1b: Hydreigon\n|-sidestart|p1: emburr97|move: Tailwind\n|move|p2a: Sinistcha|Trick Room|p2a: Sinistcha\n|-fieldstart|move: Trick Room|[of] p2a: Sinistcha\n|\n|upkeep\n|turn|2\n|\n|t:|1776325239\n|move|p1b: Hydreigon|Protect|p1b: Hydreigon\n|-singleturn|p1b: Hydreigon|Protect\n|move|p1a: Sneasler|Protect|p1a: Sneasler\n|-singleturn|p1a: Sneasler|Protect\n|move|p2a: Sinistcha|Rage Powder|p2a: Sinistcha\n|-singleturn|p2a: Sinistcha|move: Rage Powder\n|move|p2b: Sneasler|Close Combat|p1b: Hydreigon\n|-activate|p1b: Hydreigon|move: Protect\n|\n|upkeep\n|turn|3\n|inactive|emburr97 has 30 seconds left.\n|\n|t:|1776325270\n|move|p2a: Sinistcha|Rage Powder|p2a: Sinistcha\n|-singleturn|p2a: Sinistcha|move: Rage Powder\n|move|p2b: Sneasler|Close Combat|p1b: Hydreigon\n|-supereffective|p1b: Hydreigon|1\n|-enditem|p1b: Hydreigon|Focus Sash\n|-damage|p1b: Hydreigon|1/100\n|-unboost|p2b: Sneasler|def|1\n|-unboost|p2b: Sneasler|spd|1\n|move|p1b: Hydreigon|Dark Pulse|p2a: Sinistcha\n|-supereffective|p2a: Sinistcha|1\n|-damage|p2a: Sinistcha|0 fnt\n|faint|p2a: Sinistcha\n|move|p1a: Sneasler|Dire Claw|p2b: Sneasler\n|-resisted|p2b: Sneasler|1\n|-damage|p2b: Sneasler|25/100\n|\n|upkeep\n|\n|t:|1776325281\n|switch|p2a: Torkoal|Torkoal, L50, F|100/100\n|-weather|SunnyDay|[from] ability: Drought|[of] p2a: Torkoal\n|turn|4\n|\n|t:|1776325293\n|move|p1b: Hydreigon|Protect|p1b: Hydreigon\n|-singleturn|p1b: Hydreigon|Protect\n|move|p1a: Sneasler|Protect|p1a: Sneasler\n|-singleturn|p1a: Sneasler|Protect\n|move|p2a: Torkoal|Eruption|p1b: Hydreigon|[spread] \n|-activate|p1a: Sneasler|move: Protect\n|-activate|p1b: Hydreigon|move: Protect\n|move|p2b: Sneasler|U-turn|p1a: Sneasler\n|-activate|p1a: Sneasler|move: Protect\n|\n|-weather|SunnyDay|[upkeep]\n|-sideend|p1: emburr97|move: Tailwind\n|upkeep\n|turn|5\n|inactive|emburr97 has 30 seconds left.\n|\n|t:|1776325327\n|switch|p1a: Arcanine|Arcanine, L50, F|100/100\n|-ability|p1a: Arcanine|Intimidate|boost\n|-unboost|p2a: Torkoal|atk|1\n|-unboost|p2b: Sneasler|atk|1\n|move|p1b: Hydreigon|Protect||[still]\n|-fail|p1b: Hydreigon\n|move|p2a: Torkoal|Eruption|p1a: Arcanine|[spread] p1a,p1b\n|-resisted|p1a: Arcanine|1\n|-resisted|p1b: Hydreigon|1\n|-damage|p1a: Arcanine|45/100\n|-damage|p1b: Hydreigon|0 fnt\n|-enditem|p1a: Arcanine|Sitrus Berry|[eat]\n|-heal|p1a: Arcanine|70/100|[from] item: Sitrus Berry\n|faint|p1b: Hydreigon\n|move|p2b: Sneasler|U-turn|p1a: Arcanine\n|-resisted|p1a: Arcanine|1\n|-damage|p1a: Arcanine|60/100\n|\n|t:|1776325340\n|switch|p2b: Camerupt|Camerupt, L50, F, shiny|100/100|[from] U-turn\n|\n|-weather|SunnyDay|[upkeep]\n|-fieldend|move: Trick Room\n|upkeep\n|\n|t:|1776325349\n|switch|p1b: Sneasler|Sneasler, L50, M|100/100\n|turn|6\n|inactive|Tahmidmiauu3 has 30 seconds left.\n|inactive|Tahmidmiauu3 has 20 seconds left.\n|\n|t:|1776325387\n|detailschange|p2b: Camerupt|Camerupt-Mega, L50, F, shiny\n|-mega|p2b: Camerupt|Camerupt|Cameruptite\n|move|p2b: Camerupt|Protect|p2b: Camerupt\n|-singleturn|p2b: Camerupt|Protect\n|move|p1b: Sneasler|Fake Out|p2b: Camerupt\n|-activate|p2b: Camerupt|move: Protect\n|move|p1a: Arcanine|Extreme Speed|p2b: Camerupt\n|-activate|p2b: Camerupt|move: Protect\n|move|p2a: Torkoal|Heat Wave|p1b: Sneasler|[spread] p1a\n|-miss|p2a: Torkoal|p1b: Sneasler\n|-resisted|p1a: Arcanine|1\n|-damage|p1a: Arcanine|24/100\n|\n|-weather|SunnyDay|[upkeep]\n|upkeep\n|turn|7\n|\n|t:|1776325411\n|move|p1a: Arcanine|Extreme Speed|p2b: Camerupt\n|-damage|p2b: Camerupt|76/100\n|move|p1b: Sneasler|Close Combat|p2b: Camerupt\n|-damage|p2b: Camerupt|13/100\n|-unboost|p1b: Sneasler|def|1\n|-unboost|p1b: Sneasler|spd|1\n|-enditem|p1b: Sneasler|White Herb\n|-clearnegativeboost|p1b: Sneasler|[silent]\n|move|p2b: Camerupt|Earth Power|p1b: Sneasler\n|-supereffective|p1b: Sneasler|1\n|-damage|p1b: Sneasler|0 fnt\n|faint|p1b: Sneasler\n|move|p2a: Torkoal|Eruption|p1a: Arcanine\n|-resisted|p1a: Arcanine|1\n|-damage|p1a: Arcanine|0 fnt\n|faint|p1a: Arcanine\n|\n|-weather|SunnyDay|[upkeep]\n|upkeep\n|c|\u2606Tahmidmiauu3|gg\n|inactive|emburr97 has 30 seconds left.\n|\n|t:|1776325437\n|switch|p1b: Kangaskhan|Kangaskhan, L50, F|100/100\n|turn|8\n|\n|t:|1776325456\n|detailschange|p1b: Kangaskhan|Kangaskhan-Mega, L50, F\n|-mega|p1b: Kangaskhan|Kangaskhan|Kangaskhanite\n|move|p1b: Kangaskhan|Double-Edge|p2a: Torkoal\n|-damage|p2a: Torkoal|54/100\n|-damage|p2a: Torkoal|43/100\n|-hitcount|p2a: Torkoal|2\n|-damage|p1b: Kangaskhan|82/100|[from] Recoil\n|move|p2a: Torkoal|Eruption|p1b: Kangaskhan\n|-damage|p1b: Kangaskhan|31/100\n|move|p2b: Camerupt|Earth Power|p1b: Kangaskhan\n|-damage|p1b: Kangaskhan|0 fnt\n|faint|p1b: Kangaskhan\n|\n|win|Tahmidmiauu3\n|raw|emburr97's rating: 1040 &rarr; <strong>1022</strong><br />(-18 for losing)\n|raw|Tahmidmiauu3's rating: 1000 &rarr; <strong>1045</strong><br />(+45 for winning)\n|l|\u2606emburr97\n|player|p1|\n",
  "uploadtime": 1776325523,
  "views": 22,
  "formatid": "gen9championsvgc2026regma",
  "rating": 1022,
  "private": 0,
  "password": null
}