{
  "id": "gen9championsvgc2026regma-2580907795",
  "format": "[Gen 9 Champions] VGC 2026 Reg M-A",
  "players": [
    "luxray1331",
    "Kinda_Sorda"
  ],
  "log": "|j|\u2606luxray1331\n|j|\u2606Kinda_Sorda\n|t:|1775942354\n|gametype|doubles\n|player|p1|luxray1331|265|1000\n|player|p2|Kinda_Sorda|2|1064\n|gen|9\n|tier|[Gen 9 Champions] VGC 2026 Reg M-A\n|rated|\n|rule|Species Clause: Limit one of each Pok\u00e9mon\n|rule|Item Clause: Limit 1 of each item\n|clearpoke\n|poke|p1|Politoed, L50, F|\n|poke|p1|Greninja-*, L50, M|\n|poke|p1|Gengar, L50, F|\n|poke|p1|Incineroar, L50, F|\n|poke|p1|Archaludon, L50, F|\n|poke|p1|Sinistcha, L50|\n|poke|p2|Charizard, L50, F|\n|poke|p2|Dragapult, L50, F|\n|poke|p2|Whimsicott, L50, F|\n|poke|p2|Rotom-Wash, L50|\n|poke|p2|Arcanine, L50, F|\n|poke|p2|Meowscarada, L50, M|\n|teampreview|4\nluxray1331 has agreed to open team sheets.\n|\n|t:|1775942433\n|teamsize|p1|4\n|teamsize|p2|4\n|start\n|switch|p1a: Gengar|Gengar, L50, F, shiny|100/100\n|switch|p1b: Incineroar|Incineroar, L50, F|100/100\n|switch|p2a: Whimsicott|Whimsicott, L50, F|100/100\n|switch|p2b: Rotom|Rotom-Wash, L50|100/100\n|-ability|p1b: Incineroar|Intimidate|boost\n|-unboost|p2a: Whimsicott|atk|1\n|-unboost|p2b: Rotom|atk|1\n|turn|1\n|\n|t:|1775942462\n|detailschange|p1a: Gengar|Gengar-Mega, L50, F, shiny\n|-mega|p1a: Gengar|Gengar|Gengarite\n|move|p1b: Incineroar|Fake Out|p2a: Whimsicott\n|-damage|p2a: Whimsicott|88/100\n|cant|p2a: Whimsicott|flinch\n|move|p1a: Gengar|Perish Song|p1a: Gengar\n|-start|p1a: Gengar|perish3|[silent]\n|-start|p1b: Incineroar|perish3|[silent]\n|-start|p2a: Whimsicott|perish3|[silent]\n|-start|p2b: Rotom|perish3|[silent]\n|-fieldactivate|move: Perish Song\n|move|p2b: Rotom|Dark Pulse|p1a: Gengar\n|-supereffective|p1a: Gengar|1\n|-damage|p1a: Gengar|38/100\n|\n|-start|p1a: Gengar|perish3\n|-start|p2b: Rotom|perish3\n|-start|p2a: Whimsicott|perish3\n|-start|p1b: Incineroar|perish3\n|upkeep\n|turn|2\n|\n|t:|1775942484\n|move|p1a: Gengar|Protect|p1a: Gengar\n|-singleturn|p1a: Gengar|Protect\n|move|p2a: Whimsicott|Encore|p1b: Incineroar\n|-hint|Since gen 7, Dark is immune to Prankster moves.\n|-immune|p1b: Incineroar\n|move|p2b: Rotom|Dark Pulse|p1a: Gengar\n|-activate|p1a: Gengar|move: Protect\n|move|p1b: Incineroar|Parting Shot|p2b: Rotom\n|-unboost|p2b: Rotom|atk|1\n|-unboost|p2b: Rotom|spa|1\n|\n|t:|1775942500\n|switch|p1b: Archaludon|Archaludon, L50, F|100/100|[from] Parting Shot\n|\n|-start|p1a: Gengar|perish2\n|-start|p2b: Rotom|perish2\n|-start|p2a: Whimsicott|perish2\n|upkeep\n|turn|3\n|\n|t:|1775942518\n|switch|p1a: Incineroar|Incineroar, L50, F|100/100\n|-ability|p1a: Incineroar|Intimidate|boost\n|-unboost|p2a: Whimsicott|atk|1\n|-unboost|p2b: Rotom|atk|1\n|switch|p1b: Politoed|Politoed, L50, F|100/100\n|-weather|RainDance|[from] ability: Drizzle|[of] p1b: Politoed\n|move|p2a: Whimsicott|Tailwind|p2a: Whimsicott\n|-sidestart|p2: Kinda_Sorda|move: Tailwind\n|move|p2b: Rotom|Dark Pulse|p1a: Incineroar\n|-resisted|p1a: Incineroar|1\n|-damage|p1a: Incineroar|95/100\n|\n|-weather|RainDance|[upkeep]\n|-start|p2b: Rotom|perish1\n|-start|p2a: Whimsicott|perish1\n|upkeep\n|turn|4\n|\n|t:|1775942582\n|switch|p2b: Charizard|Charizard, L50, F, shiny|100/100\n|move|p2a: Whimsicott|Sunny Day|p2a: Whimsicott\n|-weather|SunnyDay\n|move|p1b: Politoed|Perish Song|p1b: Politoed\n|-start|p1a: Incineroar|perish3|[silent]\n|-start|p1b: Politoed|perish3|[silent]\n|-start|p2b: Charizard|perish3|[silent]\n|-fieldactivate|move: Perish Song\n|move|p1a: Incineroar|Parting Shot|p2b: Charizard\n|-unboost|p2b: Charizard|atk|1\n|-unboost|p2b: Charizard|spa|1\n|\n|t:|1775942589\n|switch|p1a: Gengar|Gengar-Mega, L50, F, shiny|38/100|[from] Parting Shot\n|\n|-weather|SunnyDay|[upkeep]\n|-start|p2a: Whimsicott|perish0\n|-start|p2b: Charizard|perish3\n|faint|p2a: Whimsicott\n|-start|p1b: Politoed|perish3\n|upkeep\n|\n|t:|1775942599\n|switch|p2a: Rotom|Rotom-Wash, L50|100/100\n|turn|5\n|\n|t:|1775942610\n|switch|p1b: Incineroar|Incineroar, L50, F|95/100\n|-ability|p1b: Incineroar|Intimidate|boost\n|-unboost|p2a: Rotom|atk|1\n|-unboost|p2b: Charizard|atk|1\n|detailschange|p2b: Charizard|Charizard-Mega-Y, L50, F, shiny\n|-mega|p2b: Charizard|Charizard|Charizardite Y\n|move|p1a: Gengar|Protect|p1a: Gengar\n|-singleturn|p1a: Gengar|Protect\n|move|p2a: Rotom|Volt Switch|p1b: Incineroar\n|-damage|p1b: Incineroar|73/100\n|\n|t:|1775942621\n|switch|p2a: Arcanine|Arcanine, L50, F|100/100|[from] Volt Switch\n|-ability|p2a: Arcanine|Intimidate|boost\n|-unboost|p1a: Gengar|atk|1\n|-unboost|p1b: Incineroar|atk|1\n|move|p2b: Charizard|Heat Wave|p1b: Incineroar|[spread] p1b\n|-activate|p1a: Gengar|move: Protect\n|-resisted|p1b: Incineroar|1\n|-damage|p1b: Incineroar|58/100\n|\n|-weather|SunnyDay|[upkeep]\n|-start|p2b: Charizard|perish2\n|upkeep\n|turn|6\n|inactive|Battle timer is ON: inactive players will automatically lose when time's up. (requested by luxray1331)\n|\n|t:|1775942667\n|switch|p1a: Politoed|Politoed, L50, F|100/100\n|-weather|RainDance|[from] ability: Drizzle|[of] p1a: Politoed\n|move|p1b: Incineroar|Fake Out|p2b: Charizard\n|-damage|p2b: Charizard|92/100\n|move|p2a: Arcanine|Extreme Speed|p1b: Incineroar\n|-damage|p1b: Incineroar|34/100\n|-enditem|p1b: Incineroar|Sitrus Berry|[eat]\n|-heal|p1b: Incineroar|59/100|[from] item: Sitrus Berry\n|cant|p2b: Charizard|flinch\n|\n|-weather|RainDance|[upkeep]\n|-start|p2b: Charizard|perish1\n|-sideend|p2: Kinda_Sorda|move: Tailwind\n|upkeep\n|turn|7\n|\n|t:|1775942691\n|switch|p2b: Rotom|Rotom-Wash, L50|100/100\n|switch|p1b: Archaludon|Archaludon, L50, F|100/100\n|move|p2a: Arcanine|Extreme Speed|p1a: Politoed\n|-damage|p1a: Politoed|71/100\n|move|p1a: Politoed|Weather Ball|p2a: Arcanine\n|-supereffective|p2a: Arcanine|1\n|-damage|p2a: Arcanine|0 fnt\n|faint|p2a: Arcanine\n|\n|-weather|RainDance|[upkeep]\n|upkeep\n|\n|t:|1775942704\n|switch|p2a: Charizard|Charizard-Mega-Y, L50, F, shiny|92/100\n|-weather|SunnyDay|[from] ability: Drought|[of] p2a: Charizard\n|turn|8\n|\n|t:|1775942719\n|move|p1b: Archaludon|Protect|p1b: Archaludon\n|-singleturn|p1b: Archaludon|Protect\n|move|p2b: Rotom|Volt Switch|p1a: Politoed\n|-supereffective|p1a: Politoed|1\n|-damage|p1a: Politoed|4/100\n|move|p1a: Politoed|Perish Song|p1a: Politoed\n|-start|p1a: Politoed|perish3|[silent]\n|-start|p1b: Archaludon|perish3|[silent]\n|-start|p2a: Charizard|perish3|[silent]\n|-start|p2b: Rotom|perish3|[silent]\n|-fieldactivate|move: Perish Song\n|move|p2a: Charizard|Heat Wave|p1b: Archaludon|[spread] p1a\n|-activate|p1b: Archaludon|move: Protect\n|-resisted|p1a: Politoed|1\n|-damage|p1a: Politoed|0 fnt\n|faint|p1a: Politoed\n|\n|-weather|SunnyDay|[upkeep]\n|-start|p2b: Rotom|perish3\n|-start|p2a: Charizard|perish3\n|-start|p1b: Archaludon|perish3\n|upkeep\n|\n|t:|1775942731\n|switch|p1a: Incineroar|Incineroar, L50, F|59/100\n|-ability|p1a: Incineroar|Intimidate|boost\n|-unboost|p2a: Charizard|atk|1\n|-unboost|p2b: Rotom|atk|1\n|turn|9\n|\n|t:|1775942744\n|move|p1a: Incineroar|Fake Out|p2a: Charizard\n|-damage|p2a: Charizard|79/100\n|move|p2b: Rotom|Volt Switch|p1a: Incineroar\n|-damage|p1a: Incineroar|36/100\n|cant|p2a: Charizard|flinch\n|move|p1b: Archaludon|Light Screen|p1b: Archaludon\n|-sidestart|p1: luxray1331|move: Light Screen\n|\n|-weather|SunnyDay|[upkeep]\n|-start|p2b: Rotom|perish2\n|-start|p2a: Charizard|perish2\n|-start|p1b: Archaludon|perish2\n|upkeep\n|turn|10\n|c|\u2606luxray1331|gg\n|\n|t:|1775942759\n|move|p1b: Archaludon|Protect|p1b: Archaludon\n|-singleturn|p1b: Archaludon|Protect\n|move|p2b: Rotom|Volt Switch|p1a: Incineroar\n|-damage|p1a: Incineroar|22/100\n|move|p2a: Charizard|Heat Wave|p1b: Archaludon|[spread] p1a\n|-activate|p1b: Archaludon|move: Protect\n|-resisted|p1a: Incineroar|1\n|-damage|p1a: Incineroar|5/100\n|move|p1a: Incineroar|Flare Blitz|p2a: Charizard\n|-resisted|p2a: Charizard|1\n|-damage|p2a: Charizard|37/100\n|-damage|p1a: Incineroar|0 fnt|[from] Recoil\n|faint|p1a: Incineroar\n|\n|-weather|SunnyDay|[upkeep]\n|-start|p2b: Rotom|perish1\n|-start|p2a: Charizard|perish1\n|-start|p1b: Archaludon|perish1\n|upkeep\n|\n|t:|1775942769\n|switch|p1a: Gengar|Gengar-Mega, L50, F, shiny|38/100\n|turn|11\n|\n|t:|1775942780\n|move|p1a: Gengar|Protect|p1a: Gengar\n|-singleturn|p1a: Gengar|Protect\n|move|p2b: Rotom|Volt Switch|p1a: Gengar\n|-activate|p1a: Gengar|move: Protect\n|move|p2a: Charizard|Heat Wave|p1a: Gengar|[spread] p1b\n|-activate|p1a: Gengar|move: Protect\n|-damage|p1b: Archaludon|44/100\n|-ability|p1b: Archaludon|Stamina|boost\n|-boost|p1b: Archaludon|def|1\n|move|p1b: Archaludon|Electro Shot||[still]\n|-prepare|p1b: Archaludon|Electro Shot\n|-boost|p1b: Archaludon|spa|1\n|\n|-weather|SunnyDay|[upkeep]\n|-start|p2b: Rotom|perish0\n|-start|p2a: Charizard|perish0\n|-start|p1b: Archaludon|perish0\n|faint|p2b: Rotom\n|faint|p2a: Charizard\n|faint|p1b: Archaludon\n|\n|win|luxray1331\n|raw|luxray1331's rating: 1000 &rarr; <strong>1047</strong><br />(+47 for winning)\n|raw|Kinda_Sorda's rating: 1064 &rarr; <strong>1041</strong><br />(-23 for losing)\n",
  "uploadtime": 1775942796,
  "views": 20,
  "formatid": "gen9championsvgc2026regma",
  "rating": 1041,
  "private": 0,
  "password": null
}