{
  "id": "gen9championsvgc2026regma-2582405468",
  "format": "[Gen 9 Champions] VGC 2026 Reg M-A",
  "players": [
    "Jiggidy",
    "TurnAGaming"
  ],
  "log": "|j|\u2606Jiggidy\n|j|\u2606TurnAGaming\n|t:|1776089537\n|gametype|doubles\n|player|p1|Jiggidy|2|1091\n|player|p2|TurnAGaming|lucas|1082\n|gen|9\n|tier|[Gen 9 Champions] VGC 2026 Reg M-A\n|rated|\n|rule|Species Clause: Limit one of each Pok\u00e9mon\n|rule|Item Clause: Limit 1 of each item\n|clearpoke\n|poke|p1|Gengar, L50, F|\n|poke|p1|Araquanid, L50, F|\n|poke|p1|Maushold, L50|\n|poke|p1|Incineroar, L50, F|\n|poke|p1|Farigiraf, L50, F|\n|poke|p1|Sinistcha, L50|\n|poke|p2|Tyranitar, L50, M|\n|poke|p2|Excadrill, L50, M|\n|poke|p2|Clefable, L50, M|\n|poke|p2|Milotic, L50, M|\n|poke|p2|Delphox, L50, M|\n|poke|p2|Garchomp, L50, F|\n|teampreview|4\n|\n|t:|1776089578\n|teamsize|p1|4\n|teamsize|p2|4\n|start\n|switch|p1a: Gengar|Gengar, L50, F, shiny|100/100\n|switch|p1b: Incineroar|Incineroar, L50, F|100/100\n|switch|p2a: Milotic|Milotic, L50, M|100/100\n|switch|p2b: Tyranitar|Tyranitar, L50, M|100/100\n|-weather|Sandstorm|[from] ability: Sand Stream|[of] p2b: Tyranitar\n|-ability|p1b: Incineroar|Intimidate|boost\n|-unboost|p2a: Milotic|atk|1\n|-ability|p2a: Milotic|Competitive|boost\n|-boost|p2a: Milotic|spa|2\n|-unboost|p2b: Tyranitar|atk|1\n|turn|1\n|\n|t:|1776089606\n|detailschange|p1a: Gengar|Gengar-Mega, L50, F, shiny\n|-mega|p1a: Gengar|Gengar|Gengarite\n|move|p1b: Incineroar|Fake Out|p2b: Tyranitar\n|-resisted|p2b: Tyranitar|1\n|-damage|p2b: Tyranitar|94/100\n|move|p1a: Gengar|Perish Song|p1a: Gengar\n|-start|p1a: Gengar|perish3|[silent]\n|-start|p1b: Incineroar|perish3|[silent]\n|-start|p2a: Milotic|perish3|[silent]\n|-start|p2b: Tyranitar|perish3|[silent]\n|-fieldactivate|move: Perish Song\n|move|p2a: Milotic|Scald|p1b: Incineroar\n|-supereffective|p1b: Incineroar|1\n|-damage|p1b: Incineroar|0 fnt\n|faint|p1b: Incineroar\n|cant|p2b: Tyranitar|flinch\n|\n|-weather|Sandstorm|[upkeep]\n|-damage|p1a: Gengar|95/100|[from] Sandstorm\n|-damage|p2a: Milotic|95/100|[from] Sandstorm\n|-heal|p2a: Milotic|100/100|[from] item: Leftovers\n|-start|p1a: Gengar|perish3\n|-start|p2a: Milotic|perish3\n|-start|p2b: Tyranitar|perish3\n|upkeep\n|\n|t:|1776089622\n|switch|p1b: Araquanid|Araquanid, L50, F, shiny|100/100\n|turn|2\n|\n|t:|1776089646\n|detailschange|p2b: Tyranitar|Tyranitar-Mega, L50, M\n|-mega|p2b: Tyranitar|Tyranitar|Tyranitarite\n|move|p1a: Gengar|Protect|p1a: Gengar\n|-singleturn|p1a: Gengar|Protect\n|move|p2a: Milotic|Scald|p1a: Gengar\n|-activate|p1a: Gengar|move: Protect\n|move|p2b: Tyranitar|Rock Slide|p1b: Araquanid|[spread] p1b\n|-activate|p1a: Gengar|move: Protect\n|-supereffective|p1b: Araquanid|1\n|-damage|p1b: Araquanid|47/100\n|move|p1b: Araquanid|Reflect|p1b: Araquanid\n|-sidestart|p1: Jiggidy|Reflect\n|\n|-weather|Sandstorm|[upkeep]\n|-damage|p1a: Gengar|89/100|[from] Sandstorm\n|-damage|p2a: Milotic|95/100|[from] Sandstorm\n|-damage|p1b: Araquanid|40/100|[from] Sandstorm\n|-heal|p2a: Milotic|100/100|[from] item: Leftovers\n|-start|p1a: Gengar|perish2\n|-start|p2a: Milotic|perish2\n|-start|p2b: Tyranitar|perish2\n|upkeep\n|turn|3\n|\n|t:|1776089671\n|move|p1b: Araquanid|Wide Guard|p1b: Araquanid\n|-singleturn|p1b: Araquanid|Wide Guard\n|move|p1a: Gengar|Substitute|p1a: Gengar\n|-start|p1a: Gengar|Substitute\n|-damage|p1a: Gengar|64/100\n|move|p2a: Milotic|Scald|p1a: Gengar\n|-end|p1a: Gengar|Substitute\n|move|p2b: Tyranitar|Crunch|p1a: Gengar\n|-supereffective|p1a: Gengar|1\n|-damage|p1a: Gengar|4/100\n|\n|-weather|Sandstorm|[upkeep]\n|-damage|p1a: Gengar|0 fnt|[from] Sandstorm\n|-damage|p2a: Milotic|95/100|[from] Sandstorm\n|-damage|p1b: Araquanid|34/100|[from] Sandstorm\n|faint|p1a: Gengar\n|-heal|p2a: Milotic|100/100|[from] item: Leftovers\n|-start|p2a: Milotic|perish1\n|-start|p2b: Tyranitar|perish1\n|upkeep\n|\n|t:|1776089687\n|switch|p1a: Sinistcha|Sinistcha, L50, shiny|100/100\n|-heal|p1b: Araquanid|59/100|[from] ability: Hospitality|[of] p1a: Sinistcha\n|turn|4\n|\n|t:|1776089703\n|switch|p2a: Clefable|Clefable, L50, M|100/100\n|switch|p2b: Garchomp|Garchomp, L50, F|100/100\n|move|p1a: Sinistcha|Matcha Gotcha|p2b: Garchomp|[spread] p2a,p2b\n|-damage|p2a: Clefable|71/100\n|-damage|p2b: Garchomp|68/100\n|move|p1b: Araquanid|Liquidation|p2a: Clefable\n|-damage|p2a: Clefable|32/100\n|-enditem|p2a: Clefable|Sitrus Berry|[eat]\n|-heal|p2a: Clefable|56/100|[from] item: Sitrus Berry\n|\n|-weather|Sandstorm|[upkeep]\n|-damage|p1a: Sinistcha|94/100|[from] Sandstorm\n|-damage|p1b: Araquanid|53/100|[from] Sandstorm\n|upkeep\n|turn|5\n|\n|t:|1776089718\n|move|p2b: Garchomp|Rock Slide|p1a: Sinistcha|[spread] p1a,p1b\n|-supereffective|p1b: Araquanid|1\n|-damage|p1a: Sinistcha|79/100\n|-damage|p1b: Araquanid|25/100\n|move|p1a: Sinistcha|Matcha Gotcha|p2a: Clefable|[spread] p2a\n|-miss|p1a: Sinistcha|p2b: Garchomp\n|-damage|p2a: Clefable|27/100\n|-heal|p1a: Sinistcha|99/100|[from] drain|[of] p2a: Clefable\n|move|p2a: Clefable|Life Dew|p2a: Clefable|[spread] p2a,p2b\n|-heal|p2a: Clefable|52/100\n|-heal|p2b: Garchomp|92/100\n|cant|p1b: Araquanid|flinch\n|\n|-weather|none\n|upkeep\n|turn|6\n|-message|Jiggidy forfeited.\n|\n|win|TurnAGaming\n|raw|Jiggidy's rating: 1091 &rarr; <strong>1067</strong><br />(-24 for losing)\n|raw|TurnAGaming's rating: 1082 &rarr; <strong>1110</strong><br />(+28 for winning)\n|l|\u2606Jiggidy\n|player|p1|\n",
  "uploadtime": 1776089735,
  "views": 12,
  "formatid": "gen9championsvgc2026regma",
  "rating": 1067,
  "private": 0,
  "password": null
}