{
  "id": "gen9championsvgc2026regma-2581934361",
  "format": "[Gen 9 Champions] VGC 2026 Reg M-A",
  "players": [
    "DRANZER72",
    "FakeGiovanni"
  ],
  "log": "|j|\u2606DRANZER72\n|j|\u2606FakeGiovanni\n|t:|1776041107\n|gametype|doubles\n|player|p1|DRANZER72|2|1065\n|player|p2|FakeGiovanni|101|1119\n|gen|9\n|tier|[Gen 9 Champions] VGC 2026 Reg M-A\n|rated|\n|rule|Species Clause: Limit one of each Pok\u00e9mon\n|rule|Item Clause: Limit 1 of each item\n|clearpoke\n|poke|p1|Drampa, L50, F|\n|poke|p1|Sinistcha, L50|\n|poke|p1|Torkoal, L50, M|\n|poke|p1|Clefable, L50, M|\n|poke|p1|Incineroar, L50, F|\n|poke|p1|Clawitzer, L50, F|\n|poke|p2|Dragonite, L50, F|\n|poke|p2|Pelipper, L50, M|\n|poke|p2|Incineroar, L50, F|\n|poke|p2|Basculegion, L50, M|\n|poke|p2|Archaludon, L50, F|\n|poke|p2|Meganium, L50, F|\n|teampreview|4\n|inactive|Battle timer is ON: inactive players will automatically lose when time's up. (requested by DRANZER72)\n|inactive|FakeGiovanni has 60 seconds left.\n|\n|t:|1776041171\n|teamsize|p1|4\n|teamsize|p2|4\n|start\n|switch|p1a: Clefable|Clefable, L50, M|100/100\n|switch|p1b: Sinistcha|Sinistcha, L50|100/100\n|switch|p2a: Basculegion|Basculegion, L50, M|100/100\n|switch|p2b: Incineroar|Incineroar, L50, F|100/100\n|-ability|p2b: Incineroar|Intimidate|boost\n|-unboost|p1a: Clefable|atk|1\n|-unboost|p1b: Sinistcha|atk|1\n|turn|1\n|\n|t:|1776041196\n|move|p1b: Sinistcha|Protect|p1b: Sinistcha\n|-singleturn|p1b: Sinistcha|Protect\n|move|p1a: Clefable|Follow Me|p1a: Clefable\n|-singleturn|p1a: Clefable|move: Follow Me\n|move|p2a: Basculegion|Last Respects|p1a: Clefable\n|-damage|p1a: Clefable|73/100\n|move|p2b: Incineroar|Darkest Lariat|p1a: Clefable\n|-resisted|p1a: Clefable|1\n|-damage|p1a: Clefable|59/100\n|\n|upkeep\n|turn|2\n|inactive|FakeGiovanni has 30 seconds left.\n|\n|t:|1776041225\n|move|p1a: Clefable|Follow Me|p1a: Clefable\n|-singleturn|p1a: Clefable|move: Follow Me\n|move|p2a: Basculegion|Last Respects|p1a: Clefable\n|-damage|p1a: Clefable|31/100\n|-enditem|p1a: Clefable|Sitrus Berry|[eat]\n|-heal|p1a: Clefable|55/100|[from] item: Sitrus Berry\n|move|p2b: Incineroar|Parting Shot|p1a: Clefable\n|-unboost|p1a: Clefable|atk|1\n|-unboost|p1a: Clefable|spa|1\n|\n|t:|1776041238\n|switch|p2b: Pelipper|Pelipper, L50, M|100/100|[from] Parting Shot\n|-weather|RainDance|[from] ability: Drizzle|[of] p2b: Pelipper\n|move|p1b: Sinistcha|Trick Room|p1b: Sinistcha\n|-fieldstart|move: Trick Room|[of] p1b: Sinistcha\n|\n|-weather|RainDance|[upkeep]\n|upkeep\n|turn|3\n|\n|t:|1776041259\n|switch|p2a: Incineroar|Incineroar, L50, F|100/100\n|-ability|p2a: Incineroar|Intimidate|boost\n|-unboost|p1a: Clefable|atk|1\n|-unboost|p1b: Sinistcha|atk|1\n|move|p1a: Clefable|Fake Tears|p2b: Pelipper\n|-unboost|p2b: Pelipper|spd|2\n|move|p1b: Sinistcha|Matcha Gotcha|p2a: Incineroar|[spread] p2b\n|-miss|p1b: Sinistcha|p2a: Incineroar\n|-damage|p2b: Pelipper|19/100\n|move|p2b: Pelipper|Hurricane|p1b: Sinistcha\n|-supereffective|p1b: Sinistcha|1\n|-damage|p1b: Sinistcha|23/100\n|\n|-weather|RainDance|[upkeep]\n|upkeep\n|turn|4\n|inactive|DRANZER72 has 30 seconds left.\n|inactive|FakeGiovanni has 30 seconds left.\n|\n|t:|1776041293\n|move|p2a: Incineroar|Fake Out|p1a: Clefable\n|-damage|p1a: Clefable|47/100\n|move|p2b: Pelipper|Wide Guard|p2b: Pelipper\n|-singleturn|p2b: Pelipper|Wide Guard\n|cant|p1a: Clefable|flinch\n|move|p1b: Sinistcha|Matcha Gotcha|p2a: Incineroar|[spread] \n|-activate|p2a: Incineroar|move: Wide Guard\n|-activate|p2b: Pelipper|move: Wide Guard\n|\n|-weather|RainDance|[upkeep]\n|upkeep\n|turn|5\n|inactive|DRANZER72 has 30 seconds left.\n|inactive|DRANZER72 has 20 seconds left.\n|inactive|DRANZER72 has 15 seconds left.\n|\n|t:|1776041338\n|move|p1b: Sinistcha|Protect|p1b: Sinistcha\n|-singleturn|p1b: Sinistcha|Protect\n|move|p2b: Pelipper|Wide Guard|p2b: Pelipper\n|-singleturn|p2b: Pelipper|Wide Guard\n|move|p1a: Clefable|Air Slash|p2b: Pelipper\n|-damage|p2b: Pelipper|0 fnt\n|faint|p2b: Pelipper\n|move|p2a: Incineroar|Darkest Lariat|p1b: Sinistcha\n|-activate|p1b: Sinistcha|move: Protect\n|\n|-weather|RainDance|[upkeep]\n|upkeep\n|\n|t:|1776041355\n|switch|p2b: Basculegion|Basculegion, L50, M|100/100\n|turn|6\n|inactive|DRANZER72 has 30 seconds left.\n|inactive|FakeGiovanni has 30 seconds left.\n|\n|t:|1776041389\n|move|p1a: Clefable|Fake Tears|p2b: Basculegion\n|-unboost|p2b: Basculegion|spd|2\n|move|p2a: Incineroar|Darkest Lariat|p1b: Sinistcha\n|-supereffective|p1b: Sinistcha|1\n|-damage|p1b: Sinistcha|0 fnt\n|faint|p1b: Sinistcha\n|move|p2b: Basculegion|Wave Crash|p1a: Clefable\n|-damage|p1a: Clefable|0 fnt\n|faint|p1a: Clefable\n|-damage|p2b: Basculegion|87/100|[from] Recoil\n|\n|-weather|none\n|-fieldend|move: Trick Room\n|upkeep\n|\n|t:|1776041398\n|switch|p1b: Clawitzer|Clawitzer, L50, F|100/100\n|switch|p1a: Drampa|Drampa, L50, F|100/100\n|turn|7\n|inactive|FakeGiovanni has 30 seconds left.\n|\n|t:|1776041428\n|move|p1a: Drampa|Protect|p1a: Drampa\n|-singleturn|p1a: Drampa|Protect\n|move|p2b: Basculegion|Wave Crash|p1a: Drampa\n|-activate|p1a: Drampa|move: Protect\n|move|p2a: Incineroar|Parting Shot|p1a: Drampa\n|-activate|p1a: Drampa|move: Protect\n|move|p1b: Clawitzer|Surf|p2a: Incineroar|[spread] p2a,p2b\n|-activate|p1a: Drampa|move: Protect\n|-supereffective|p2a: Incineroar|1\n|-resisted|p2b: Basculegion|1\n|-damage|p2a: Incineroar|46/100\n|-damage|p2b: Basculegion|49/100\n|\n|upkeep\n|turn|8\n|inactive|DRANZER72 has 30 seconds left.\n|inactive|FakeGiovanni has 30 seconds left.\n|inactive|DRANZER72 has 20 seconds left.\n|inactive|DRANZER72 has 15 seconds left.\n|\n|t:|1776041470\n|detailschange|p1a: Drampa|Drampa-Mega, L50, F\n|-mega|p1a: Drampa|Drampa|Drampanite\n|move|p2b: Basculegion|Wave Crash|p1a: Drampa\n|-resisted|p1a: Drampa|1\n|-damage|p1a: Drampa|62/100\n|-damage|p2b: Basculegion|39/100|[from] Recoil\n|move|p2a: Incineroar|Parting Shot|p1a: Drampa\n|-unboost|p1a: Drampa|atk|1\n|-unboost|p1a: Drampa|spa|1\n|\n|t:|1776041480\n|switch|p2a: Dragonite|Dragonite, L50, F, shiny|100/100|[from] Parting Shot\n|move|p1b: Clawitzer|Shadow Ball|p2a: Dragonite\n|-damage|p2a: Dragonite|84/100\n|move|p1a: Drampa|Calm Mind|p1a: Drampa\n|-boost|p1a: Drampa|spa|1\n|-boost|p1a: Drampa|spd|1\n|\n|upkeep\n|turn|9\n|inactive|DRANZER72 has 30 seconds left.\n|inactive|FakeGiovanni has 30 seconds left.\n|\n|t:|1776041514\n|detailschange|p2a: Dragonite|Dragonite-Mega, L50, F, shiny\n|-mega|p2a: Dragonite|Dragonite|Dragoninite\n|move|p1a: Drampa|Protect|p1a: Drampa\n|-singleturn|p1a: Drampa|Protect\n|move|p2a: Dragonite|Dragon Pulse|p1a: Drampa\n|-activate|p1a: Drampa|move: Protect\n|move|p2b: Basculegion|Wave Crash|p1a: Drampa\n|-activate|p1a: Drampa|move: Protect\n|move|p1b: Clawitzer|Surf|p2b: Basculegion|[spread] p2a,p2b\n|-activate|p1a: Drampa|move: Protect\n|-resisted|p2a: Dragonite|1\n|-resisted|p2b: Basculegion|1\n|-damage|p2a: Dragonite|68/100\n|-damage|p2b: Basculegion|4/100\n|\n|upkeep\n|turn|10\n|\n|t:|1776041538\n|move|p2a: Dragonite|Dragon Pulse|p1a: Drampa\n|-supereffective|p1a: Drampa|1\n|-damage|p1a: Drampa|0 fnt\n|faint|p1a: Drampa\n|move|p2b: Basculegion|Wave Crash|p1b: Clawitzer\n|-resisted|p1b: Clawitzer|1\n|-damage|p1b: Clawitzer|53/100\n|-damage|p2b: Basculegion|0 fnt|[from] Recoil\n|faint|p2b: Basculegion\n|move|p1b: Clawitzer|Dragon Pulse|p2a: Dragonite\n|-supereffective|p2a: Dragonite|1\n|-damage|p2a: Dragonite|0 fnt\n|faint|p2a: Dragonite\n|\n|upkeep\n|\n|t:|1776041554\n|switch|p2a: Incineroar|Incineroar, L50, F|46/100\n|-ability|p2a: Incineroar|Intimidate|boost\n|-unboost|p1b: Clawitzer|atk|1\n|turn|11\n|\n|t:|1776041563\n|move|p2a: Incineroar|Fake Out|p1b: Clawitzer\n|-damage|p1b: Clawitzer|42/100\n|cant|p1b: Clawitzer|flinch\n|\n|upkeep\n|turn|12\n|\n|t:|1776041570\n|move|p2a: Incineroar|Darkest Lariat|p1b: Clawitzer\n|-damage|p1b: Clawitzer|9/100\n|move|p1b: Clawitzer|Surf|p2a: Incineroar\n|-supereffective|p2a: Incineroar|1\n|-damage|p2a: Incineroar|0 fnt\n|faint|p2a: Incineroar\n|\n|win|DRANZER72\n|raw|DRANZER72's rating: 1065 &rarr; <strong>1100</strong><br />(+35 for winning)\n|raw|FakeGiovanni's rating: 1119 &rarr; <strong>1090</strong><br />(-29 for losing)\n|l|\u2606FakeGiovanni\n|player|p2|\n",
  "uploadtime": 1776041594,
  "views": 11,
  "formatid": "gen9championsvgc2026regma",
  "rating": 1090,
  "private": 0,
  "password": null
}