{
  "id": "gen9championsvgc2026regma-2587064265",
  "format": "[Gen 9 Champions] VGC 2026 Reg M-A",
  "players": [
    "DrakyPana",
    "shreder1399"
  ],
  "log": "|j|\u2606DrakyPana\n|j|\u2606shreder1399\n|t:|1776488613\n|gametype|doubles\n|player|p1|DrakyPana|n|1198\n|player|p2|shreder1399|pokekid|1177\n|gen|9\n|tier|[Gen 9 Champions] VGC 2026 Reg M-A\n|rated|\n|rule|Species Clause: Limit one of each Pok\u00e9mon\n|rule|Item Clause: Limit 1 of each item\n|clearpoke\n|poke|p1|Sneasler, L50, M|\n|poke|p1|Kingambit, L50, F|\n|poke|p1|Incineroar, L50, F|\n|poke|p1|Basculegion, L50, M|\n|poke|p1|Froslass, L50, F|\n|poke|p1|Sinistcha, L50|\n|poke|p2|Gengar, L50, M|\n|poke|p2|Politoed, L50, M|\n|poke|p2|Basculegion, L50, M|\n|poke|p2|Archaludon, L50, F|\n|poke|p2|Dragonite, L50, M|\n|poke|p2|Sneasler, L50, M|\n|teampreview|4\nDrakyPana has agreed to open team sheets.\nshreder1399 has agreed to open team sheets.\n|showteam|p1|Sneasler||FocusSash|Unburden|Protect,CloseCombat,Coaching,DireClaw|||M|||50|]Kingambit||BlackGlasses|Defiant|KowtowCleave,SuckerPunch,Protect,SwordsDance|||F|||50|]Incineroar||ShucaBerry|Intimidate|FlareBlitz,PartingShot,FakeOut,Taunt|||F|||50|]Basculegion||ChoiceScarf|Adaptability|WaveCrash,LastRespects,AquaJet,FlipTurn|||M|||50|]Froslass||Froslassite|CursedBody|Protect,Blizzard,AuroraVeil,ShadowBall|||F|||50|]Sinistcha||SitrusBerry|Hospitality|MatchaGotcha,RagePowder,TrickRoom,StrengthSap||||||50|\n|showteam|p2|Gengar||Gengarite|CursedBody|Substitute,ShadowBall,SludgeBomb,Protect|||M|||50|]Politoed||Leftovers|Drizzle|IcyWind,PerishSong,ChillingWater,Protect|||M|||50|]Basculegion||MysticWater|SwiftSwim|FlipTurn,LastRespects,Liquidation,AquaJet|||M|||50|]Archaludon||ChoiceScarf|Sturdy|ElectroShot,DracoMeteor,FlashCannon,AuraSphere|||F|||50|]Dragonite||Dragoninite|InnerFocus|Hurricane,Protect,Tailwind,DragonPulse|||M|||50|]Sneasler||WhiteHerb|Unburden|CloseCombat,FakeOut,DireClaw,Acrobatics|||M|||50|\n|\n|t:|1776488670\n|teamsize|p1|4\n|teamsize|p2|4\n|start\n|switch|p1a: Kingambit|Kingambit, L50, F|100/100\n|switch|p1b: Sneasler|Sneasler, L50, M|100/100\n|switch|p2a: Archaludon|Archaludon, L50, F|100/100\n|switch|p2b: Sneasler|Sneasler, L50, M|100/100\n|turn|1\n|\n|t:|1776488691\n|move|p1a: Kingambit|Protect|p1a: Kingambit\n|-singleturn|p1a: Kingambit|Protect\n|move|p2b: Sneasler|Fake Out|p1b: Sneasler\n|-damage|p1b: Sneasler|74/100\n|move|p2a: Archaludon|Aura Sphere|p1a: Kingambit\n|-activate|p1a: Kingambit|move: Protect\n|cant|p1b: Sneasler|flinch\n|\n|upkeep\n|turn|2\n|\n|t:|1776488725\n|switch|p1a: Froslass|Froslass, L50, F|100/100\n|move|p2a: Archaludon|Aura Sphere|p1a: Froslass\n|-immune|p1a: Froslass\n|move|p1b: Sneasler|Close Combat|p2a: Archaludon\n|-supereffective|p2a: Archaludon|1\n|-ability|p2a: Archaludon|Sturdy\n|-damage|p2a: Archaludon|1/100\n|-unboost|p1b: Sneasler|def|1\n|-unboost|p1b: Sneasler|spd|1\n|move|p2b: Sneasler|Close Combat|p1a: Froslass\n|-immune|p1a: Froslass\n|\n|upkeep\n|turn|3\n|\n|t:|1776488755\n|switch|p1b: Basculegion|Basculegion, L50, M|100/100\n|move|p1a: Froslass|Protect|p1a: Froslass\n|-singleturn|p1a: Froslass|Protect\n|move|p2a: Archaludon|Aura Sphere|p1b: Basculegion\n|-immune|p1b: Basculegion\n|move|p2b: Sneasler|Dire Claw|p1a: Froslass\n|-activate|p1a: Froslass|move: Protect\n|\n|upkeep\n|turn|4\n|\n|t:|1776488779\n|switch|p2a: Politoed|Politoed, L50, M|100/100\n|-weather|RainDance|[from] ability: Drizzle|[of] p2a: Politoed\n|switch|p1a: Kingambit|Kingambit, L50, F|100/100\n|move|p1b: Basculegion|Aqua Jet|p2a: Politoed\n|-resisted|p2a: Politoed|1\n|-damage|p2a: Politoed|78/100\n|move|p2b: Sneasler|Dire Claw|p1a: Kingambit\n|-immune|p1a: Kingambit\n|\n|-weather|RainDance|[upkeep]\n|-heal|p2a: Politoed|84/100|[from] item: Leftovers\n|upkeep\n|turn|5\n|\n|t:|1776488817\n|switch|p1b: Sneasler|Sneasler, L50, M|74/100\n|move|p1a: Kingambit|Protect|p1a: Kingambit\n|-singleturn|p1a: Kingambit|Protect\n|move|p2b: Sneasler|Close Combat|p1a: Kingambit\n|-activate|p1a: Kingambit|move: Protect\n|move|p2a: Politoed|Chilling Water|p1b: Sneasler\n|-damage|p1b: Sneasler|40/100\n|-unboost|p1b: Sneasler|atk|1\n|\n|-weather|RainDance|[upkeep]\n|-heal|p2a: Politoed|90/100|[from] item: Leftovers\n|upkeep\n|turn|6\n|\n|t:|1776488837\n|switch|p2b: Archaludon|Archaludon, L50, F|1/100\n|switch|p1a: Froslass|Froslass, L50, F|100/100\n|move|p1b: Sneasler|Close Combat|p2a: Politoed\n|-damage|p2a: Politoed|49/100\n|-unboost|p1b: Sneasler|def|1\n|-unboost|p1b: Sneasler|spd|1\n|move|p2a: Politoed|Icy Wind|p1a: Froslass|[spread] p1a,p1b\n|-resisted|p1a: Froslass|1\n|-damage|p1a: Froslass|93/100\n|-damage|p1b: Sneasler|24/100\n|-unboost|p1a: Froslass|spe|1\n|-unboost|p1b: Sneasler|spe|1\n|\n|-weather|RainDance|[upkeep]\n|-heal|p2a: Politoed|55/100|[from] item: Leftovers\n|upkeep\n|turn|7\n|\n|t:|1776488863\n|switch|p1b: Kingambit|Kingambit, L50, F|100/100\n|move|p1a: Froslass|Protect|p1a: Froslass\n|-singleturn|p1a: Froslass|Protect\n|move|p2b: Archaludon|Electro Shot||[still]\n|-prepare|p2b: Archaludon|Electro Shot\n|-boost|p2b: Archaludon|spa|1\n|-anim|p2b: Archaludon|Electro Shot|p1b: Kingambit\n|-damage|p1b: Kingambit|39/100\n|move|p2a: Politoed|Icy Wind|p1a: Froslass|[spread] p1b\n|-activate|p1a: Froslass|move: Protect\n|-resisted|p1b: Kingambit|1\n|-damage|p1b: Kingambit|35/100\n|-unboost|p1b: Kingambit|spe|1\n|-ability|p1b: Kingambit|Defiant|boost\n|-boost|p1b: Kingambit|atk|2\n|\n|-weather|RainDance|[upkeep]\n|-heal|p2a: Politoed|61/100|[from] item: Leftovers\n|upkeep\n|turn|8\n|\n|t:|1776488886\n|switch|p2b: Sneasler|Sneasler, L50, M|100/100\n|detailschange|p1a: Froslass|Froslass-Mega, L50, F\n|-mega|p1a: Froslass|Froslass|Froslassite\n|-weather|Snowscape|[from] ability: Snow Warning|[of] p1a: Froslass\n|move|p1b: Kingambit|Sucker Punch||[still]\n|-fail|p1b: Kingambit\n|move|p1a: Froslass|Aurora Veil|p1a: Froslass\n|-sidestart|p1: DrakyPana|move: Aurora Veil\n|move|p2a: Politoed|Perish Song|p2a: Politoed\n|-start|p1a: Froslass|perish3|[silent]\n|-start|p1b: Kingambit|perish3|[silent]\n|-start|p2a: Politoed|perish3|[silent]\n|-start|p2b: Sneasler|perish3|[silent]\n|-fieldactivate|move: Perish Song\n|\n|-weather|Snowscape|[upkeep]\n|-heal|p2a: Politoed|67/100|[from] item: Leftovers\n|-start|p2b: Sneasler|perish3\n|-start|p1a: Froslass|perish3\n|-start|p2a: Politoed|perish3\n|-start|p1b: Kingambit|perish3\n|upkeep\n|turn|9\n|\n|t:|1776488906\n|move|p2b: Sneasler|Fake Out|p1b: Kingambit\n|-resisted|p1b: Kingambit|1\n|-damage|p1b: Kingambit|31/100\n|cant|p1b: Kingambit|flinch\n|move|p1a: Froslass|Blizzard|p2a: Politoed|[spread] p2a,p2b\n|-resisted|p2a: Politoed|1\n|-damage|p2a: Politoed|48/100\n|-damage|p2b: Sneasler|28/100\n|move|p2a: Politoed|Icy Wind|p1a: Froslass|[spread] p1a,p1b\n|-resisted|p1a: Froslass|1\n|-crit|p1a: Froslass\n|-resisted|p1b: Kingambit|1\n|-damage|p1a: Froslass|85/100\n|-damage|p1b: Kingambit|29/100\n|-unboost|p1a: Froslass|spe|1\n|-unboost|p1b: Kingambit|spe|1\n|-ability|p1b: Kingambit|Defiant|boost\n|-boost|p1b: Kingambit|atk|2\n|\n|-weather|Snowscape|[upkeep]\n|-heal|p2a: Politoed|54/100|[from] item: Leftovers\n|-start|p2b: Sneasler|perish2\n|-start|p2a: Politoed|perish2\n|-start|p1a: Froslass|perish2\n|-start|p1b: Kingambit|perish2\n|upkeep\n|turn|10\n|\n|t:|1776488919\n|switch|p2b: Archaludon|Archaludon, L50, F|1/100\n|move|p2a: Politoed|Protect|p2a: Politoed\n|-singleturn|p2a: Politoed|Protect\n|move|p1b: Kingambit|Sucker Punch||[still]\n|-fail|p1b: Kingambit\n|move|p1a: Froslass|Blizzard|p2a: Politoed|[spread] p2b\n|-activate|p2a: Politoed|move: Protect\n|-damage|p2b: Archaludon|0 fnt\n|faint|p2b: Archaludon\n|\n|-weather|Snowscape|[upkeep]\n|-heal|p2a: Politoed|60/100|[from] item: Leftovers\n|-start|p2a: Politoed|perish1\n|-start|p1a: Froslass|perish1\n|-start|p1b: Kingambit|perish1\n|upkeep\n|\n|t:|1776488932\n|switch|p2b: Dragonite|Dragonite, L50, M|100/100\n|turn|11\n|\n|t:|1776488949\n|switch|p2a: Sneasler|Sneasler, L50, M|28/100\n|switch|p1a: Sneasler|Sneasler, L50, M|24/100\n|detailschange|p2b: Dragonite|Dragonite-Mega, L50, M\n|-mega|p2b: Dragonite|Dragonite|Dragoninite\n|move|p2b: Dragonite|Protect|p2b: Dragonite\n|-singleturn|p2b: Dragonite|Protect\n|move|p1b: Kingambit|Sucker Punch||[still]\n|-fail|p1b: Kingambit\n|\n|-weather|Snowscape|[upkeep]\n|-start|p1b: Kingambit|perish0\n|faint|p1b: Kingambit\n|upkeep\n|\n|t:|1776488963\n|switch|p1b: Froslass|Froslass-Mega, L50, F|85/100\n|turn|12\n|\n|t:|1776488973\n|switch|p2b: Politoed|Politoed, L50, M|60/100\n|-weather|RainDance|[from] ability: Drizzle|[of] p2b: Politoed\n|move|p2a: Sneasler|Fake Out|p1a: Sneasler\n|-damage|p1a: Sneasler|6/100\n|cant|p1a: Sneasler|flinch\n|move|p1b: Froslass|Blizzard|p2a: Sneasler|[spread] p2a,p2b\n|-resisted|p2b: Politoed|1\n|-damage|p2a: Sneasler|0 fnt\n|-damage|p2b: Politoed|43/100\n|faint|p2a: Sneasler\n|\n|-weather|RainDance|[upkeep]\n|-heal|p2b: Politoed|49/100|[from] item: Leftovers\n|-sideend|p1: DrakyPana|move: Aurora Veil\n|upkeep\n|\n|t:|1776488975\n|switch|p2a: Dragonite|Dragonite-Mega, L50, M|100/100\n|turn|13\n|\n|t:|1776488989\n|switch|p1b: Basculegion|Basculegion, L50, M|100/100\n|move|p2a: Dragonite|Protect|p2a: Dragonite\n|-singleturn|p2a: Dragonite|Protect\n|move|p1a: Sneasler|Dire Claw|p2a: Dragonite\n|-activate|p2a: Dragonite|move: Protect\n|move|p2b: Politoed|Icy Wind|p1b: Basculegion|[spread] p1a,p1b\n|-resisted|p1b: Basculegion|1\n|-damage|p1a: Sneasler|0 fnt\n|-damage|p1b: Basculegion|95/100\n|-unboost|p1b: Basculegion|spe|1\n|faint|p1a: Sneasler\n|\n|-weather|RainDance|[upkeep]\n|-heal|p2b: Politoed|55/100|[from] item: Leftovers\n|upkeep\n|\n|t:|1776488997\n|switch|p1a: Froslass|Froslass-Mega, L50, F|85/100\n|-weather|Snowscape|[from] ability: Snow Warning|[of] p1a: Froslass\n|turn|14\n|\n|t:|1776489009\n|move|p1a: Froslass|Blizzard|p2a: Dragonite|[spread] p2a,p2b\n|-supereffective|p2a: Dragonite|2\n|-resisted|p2b: Politoed|1\n|-damage|p2a: Dragonite|4/100\n|-damage|p2b: Politoed|39/100\n|move|p2a: Dragonite|Hurricane|p1a: Froslass|[miss]\n|-miss|p2a: Dragonite|p1a: Froslass\n|move|p1b: Basculegion|Last Respects|p2a: Dragonite\n|-damage|p2a: Dragonite|0 fnt\n|faint|p2a: Dragonite\n|move|p2b: Politoed|Perish Song|p2b: Politoed\n|-start|p1a: Froslass|perish3|[silent]\n|-start|p1b: Basculegion|perish3|[silent]\n|-start|p2b: Politoed|perish3|[silent]\n|-fieldactivate|move: Perish Song\n|\n|-weather|Snowscape|[upkeep]\n|-heal|p2b: Politoed|45/100|[from] item: Leftovers\n|-start|p1a: Froslass|perish3\n|-start|p1b: Basculegion|perish3\n|-start|p2b: Politoed|perish3\n|upkeep\n|turn|15\n|-message|shreder1399 forfeited.\n|\n|win|DrakyPana\n|raw|DrakyPana's rating: 1198 &rarr; <strong>1221</strong><br />(+23 for winning)\n|raw|shreder1399's rating: 1177 &rarr; <strong>1154</strong><br />(-23 for losing)\n",
  "uploadtime": 1776489015,
  "views": 14,
  "formatid": "gen9championsvgc2026regma",
  "rating": 1154,
  "private": 0,
  "password": null
}