{
  "id": "gen9championsvgc2026regma-2580773341",
  "format": "[Gen 9 Champions] VGC 2026 Reg M-A",
  "players": [
    "actuary97",
    "Brabestest Birb"
  ],
  "log": "|j|\u2606actuary97\n|j|\u2606Brabestest Birb\n|t:|1775931323\n|gametype|doubles\n|player|p1|actuary97|sabrina-frlg|1224\n|player|p2|Brabestest Birb|fisherman-gen4|1262\n|gen|9\n|tier|[Gen 9 Champions] VGC 2026 Reg M-A\n|rated|\n|rule|Species Clause: Limit one of each Pok\u00e9mon\n|rule|Item Clause: Limit 1 of each item\n|clearpoke\n|poke|p1|Tyranitar, L50, M|\n|poke|p1|Glimmora, L50, M|\n|poke|p1|Gallade, L50, M|\n|poke|p1|Sinistcha, L50|\n|poke|p1|Corviknight, L50, F|\n|poke|p1|Incineroar, L50, M|\n|poke|p2|Glimmora, L50, F|\n|poke|p2|Raichu, L50, M|\n|poke|p2|Gyarados, L50, F|\n|poke|p2|Mamoswine, L50, M|\n|poke|p2|Talonflame, L50, F|\n|poke|p2|Scizor, L50, F|\n|teampreview|4\n|\n|t:|1775931372\n|teamsize|p1|4\n|teamsize|p2|4\n|start\n|switch|p1a: Incineroar|Incineroar, L50, M|100/100\n|switch|p1b: Glimmora|Glimmora, L50, M, shiny|100/100\n|switch|p2a: Raichu|Raichu, L50, M|100/100\n|switch|p2b: Scizor|Scizor, L50, F|100/100\n|-ability|p1a: Incineroar|Intimidate|boost\n|-unboost|p2a: Raichu|atk|1\n|-unboost|p2b: Scizor|atk|1\n|turn|1\n|inactive|Battle timer is ON: inactive players will automatically lose when time's up. (requested by actuary97)\n|\n|t:|1775931397\n|detailschange|p1b: Glimmora|Glimmora-Mega, L50, M, shiny\n|-mega|p1b: Glimmora|Glimmora|Glimmoranite\n|move|p2a: Raichu|Fake Out|p1a: Incineroar\n|-damage|p1a: Incineroar|96/100\n|cant|p1a: Incineroar|flinch\n|move|p1b: Glimmora|Earth Power|p2a: Raichu\n|-supereffective|p2a: Raichu|1\n|-enditem|p2a: Raichu|Focus Sash\n|-damage|p2a: Raichu|1/100\n|move|p2b: Scizor|Swords Dance|p2b: Scizor\n|-boost|p2b: Scizor|atk|2\n|\n|upkeep\n|turn|2\n|inactive|actuary97 has 30 seconds left.\n|\n|t:|1775931427\n|switch|p1b: Corviknight|Corviknight, L50, F|100/100\n|move|p2b: Scizor|Protect|p2b: Scizor\n|-singleturn|p2b: Scizor|Protect\n|move|p2a: Raichu|Electroweb|p1a: Incineroar|[spread] p1a,p1b\n|-supereffective|p1b: Corviknight|1\n|-damage|p1a: Incineroar|81/100\n|-damage|p1b: Corviknight|76/100\n|-unboost|p1a: Incineroar|spe|1\n|-ability|p1b: Corviknight|Mirror Armor\n|-unboost|p2a: Raichu|spe|1\n|move|p1a: Incineroar|Will-O-Wisp|p2b: Scizor\n|-activate|p2b: Scizor|move: Protect\n|\n|-heal|p1b: Corviknight|82/100|[from] item: Leftovers\n|upkeep\n|turn|3\n|\n|t:|1775931447\n|switch|p1b: Sinistcha|Sinistcha, L50|100/100\n|-heal|p1a: Incineroar|100/100|[from] ability: Hospitality|[of] p1b: Sinistcha\n|move|p2a: Raichu|Thunderbolt|p1b: Sinistcha\n|-resisted|p1b: Sinistcha|1\n|-damage|p1b: Sinistcha|82/100\n|move|p2b: Scizor|Bug Bite|p1a: Incineroar\n|-damage|p1a: Incineroar|34/100\n|-enditem|p1a: Incineroar|Shuca Berry|[from] stealeat|[move] Bug Bite|[of] p2b: Scizor\n|move|p1a: Incineroar|Will-O-Wisp|p2b: Scizor\n|-status|p2b: Scizor|brn\n|\n|-damage|p2b: Scizor|94/100 brn|[from] brn\n|upkeep\n|turn|4\n|\n|t:|1775931466\n|switch|p1a: Corviknight|Corviknight, L50, F|82/100\n|move|p2a: Raichu|Encore||[still]\n|-fail|p2a: Raichu\n|move|p1b: Sinistcha|Matcha Gotcha|p2a: Raichu|[spread] p2a\n|-miss|p1b: Sinistcha|p2b: Scizor\n|-damage|p2a: Raichu|0 fnt\n|-heal|p1b: Sinistcha|83/100|[from] drain|[of] p2a: Raichu\n|faint|p2a: Raichu\n|move|p2b: Scizor|Bug Bite|p1b: Sinistcha\n|-damage|p1b: Sinistcha|48/100\n|-enditem|p1b: Sinistcha|Sitrus Berry|[from] stealeat|[move] Bug Bite|[of] p2b: Scizor\n|-heal|p2b: Scizor|100/100 brn|[from] item: Sitrus Berry\n|\n|-heal|p1a: Corviknight|88/100|[from] item: Leftovers\n|-damage|p2b: Scizor|94/100 brn|[from] brn\n|upkeep\n|\n|t:|1775931474\n|switch|p2a: Gyarados|Gyarados, L50, F|100/100\n|-ability|p2a: Gyarados|Intimidate|boost\n|-ability|p1a: Corviknight|Mirror Armor\n|-unboost|p2a: Gyarados|atk|1\n|-unboost|p1b: Sinistcha|atk|1\n|turn|5\n|\n|t:|1775931484\n|move|p2a: Gyarados|Dragon Dance|p2a: Gyarados\n|-boost|p2a: Gyarados|atk|1\n|-boost|p2a: Gyarados|spe|1\n|move|p1b: Sinistcha|Matcha Gotcha|p2b: Scizor|[spread] p2a,p2b\n|-resisted|p2b: Scizor|2\n|-damage|p2a: Gyarados|71/100\n|-heal|p1b: Sinistcha|63/100|[from] drain|[of] p2a: Gyarados\n|-damage|p2b: Scizor|85/100 brn\n|-heal|p1b: Sinistcha|67/100|[from] drain|[of] p2b: Scizor\n|move|p2b: Scizor|Bug Bite|p1b: Sinistcha\n|-damage|p1b: Sinistcha|29/100\n|move|p1a: Corviknight|Bulk Up|p1a: Corviknight\n|-boost|p1a: Corviknight|atk|1\n|-boost|p1a: Corviknight|def|1\n|\n|-heal|p1a: Corviknight|94/100|[from] item: Leftovers\n|-damage|p2b: Scizor|79/100 brn|[from] brn\n|upkeep\n|turn|6\n|inactive|Brabestest Birb has 30 seconds left.\n|\n|t:|1775931510\n|switch|p1b: Incineroar|Incineroar, L50, M|34/100\n|-ability|p1b: Incineroar|Intimidate|boost\n|-unboost|p2a: Gyarados|atk|1\n|-unboost|p2b: Scizor|atk|1\n|move|p2a: Gyarados|Crunch|p1b: Incineroar\n|-resisted|p1b: Incineroar|1\n|-damage|p1b: Incineroar|26/100\n|move|p1a: Corviknight|Tailwind|p1a: Corviknight\n|-sidestart|p1: actuary97|move: Tailwind\n|move|p2b: Scizor|Swords Dance|p2b: Scizor\n|-boost|p2b: Scizor|atk|2\n|\n|-heal|p1a: Corviknight|99/100|[from] item: Leftovers\n|-damage|p2b: Scizor|73/100 brn|[from] brn\n|upkeep\n|turn|7\n|\n|t:|1775931528\n|move|p1b: Incineroar|Fake Out|p2b: Scizor\n|-resisted|p2b: Scizor|1\n|-damage|p2b: Scizor|68/100 brn\n|move|p2a: Gyarados|Dragon Dance|p2a: Gyarados\n|-boost|p2a: Gyarados|atk|1\n|-boost|p2a: Gyarados|spe|1\n|move|p1a: Corviknight|Bulk Up|p1a: Corviknight\n|-boost|p1a: Corviknight|atk|1\n|-boost|p1a: Corviknight|def|1\n|cant|p2b: Scizor|flinch\n|\n|-heal|p1a: Corviknight|100/100|[from] item: Leftovers\n|-damage|p2b: Scizor|62/100 brn|[from] brn\n|upkeep\n|turn|8\n|\n|t:|1775931544\n|move|p2a: Gyarados|Crunch|p1b: Incineroar\n|-resisted|p1b: Incineroar|1\n|-damage|p1b: Incineroar|14/100\n|move|p1a: Corviknight|Brave Bird|p2b: Scizor\n|-damage|p2b: Scizor|0 fnt\n|faint|p2b: Scizor\n|-damage|p1a: Corviknight|83/100|[from] Recoil\n|move|p1b: Incineroar|Parting Shot|p2a: Gyarados\n|-unboost|p2a: Gyarados|atk|1\n|-unboost|p2a: Gyarados|spa|1\n|-message|Brabestest Birb forfeited.\n|\n|win|actuary97\n|raw|actuary97's rating: 1224 &rarr; <strong>1252</strong><br />(+28 for winning)\n|raw|Brabestest Birb's rating: 1262 &rarr; <strong>1234</strong><br />(-28 for losing)\n|l|\u2606Brabestest Birb\n|player|p2|\n",
  "uploadtime": 1775931705,
  "views": 54,
  "formatid": "gen9championsvgc2026regma",
  "rating": 1234,
  "private": 0,
  "password": null
}