{
  "id": "gen9championsvgc2026regma-2584057290",
  "format": "[Gen 9 Champions] VGC 2026 Reg M-A",
  "players": [
    "McCoop",
    "jaen32"
  ],
  "log": "|j|\u2606McCoop\n|j|\u2606jaen32\n|t:|1776220873\n|gametype|doubles\n|player|p1|McCoop|266|1057\n|player|p2|jaen32|waitress|1000\n|gen|9\n|tier|[Gen 9 Champions] VGC 2026 Reg M-A\n|rated|\n|rule|Species Clause: Limit one of each Pok\u00e9mon\n|rule|Item Clause: Limit 1 of each item\n|clearpoke\n|poke|p1|Typhlosion-Hisui, L50, M|\n|poke|p1|Chandelure, L50, F|\n|poke|p1|Basculegion, L50, M|\n|poke|p1|Sinistcha, L50|\n|poke|p1|Decidueye, L50, M|\n|poke|p1|Gengar, L50, M|\n|poke|p2|Meganium, L50, M|\n|poke|p2|Archaludon, L50, M|\n|poke|p2|Pelipper, L50, M|\n|poke|p2|Sinistcha, L50|\n|poke|p2|Sneasler, L50, F|\n|poke|p2|Basculegion, L50, M|\n|teampreview|4\n|inactive|Battle timer is ON: inactive players will automatically lose when time's up. (requested by jaen32)\n|\n|t:|1776220910\n|teamsize|p1|4\n|teamsize|p2|4\n|start\n|switch|p1a: Decidueye|Decidueye, L50, M|100/100\n|switch|p1b: Gengar|Gengar, L50, M|100/100\n|switch|p2a: Pelipper|Pelipper, L50, M|100/100\n|switch|p2b: Basculegion|Basculegion, L50, M|100/100\n|-weather|RainDance|[from] ability: Drizzle|[of] p2a: Pelipper\n|turn|1\n|inactive|McCoop has 30 seconds left.\n|inactive|jaen32 has 30 seconds left.\n|inactive|jaen32 has 20 seconds left.\n|inactive|jaen32 has 15 seconds left.\n|\n|t:|1776220952\n|detailschange|p1b: Gengar|Gengar-Mega, L50, M\n|-mega|p1b: Gengar|Gengar|Gengarite\n|move|p2b: Basculegion|Flip Turn|p1b: Gengar\n|-damage|p1b: Gengar|16/100\n|\n|t:|1776220961\n|switch|p2b: Sneasler|Sneasler, L50, F|100/100|[from] Flip Turn\n|move|p1b: Gengar|Substitute|p1b: Gengar\n|-fail|p1b: Gengar|move: Substitute|[weak]\n|move|p1a: Decidueye|Tailwind|p1a: Decidueye\n|-sidestart|p1: McCoop|move: Tailwind\n|move|p2a: Pelipper|Hurricane|p1a: Decidueye\n|-supereffective|p1a: Decidueye|1\n|-enditem|p1a: Decidueye|Focus Sash\n|-damage|p1a: Decidueye|1/100\n|-start|p1a: Decidueye|confusion\n|\n|-weather|RainDance|[upkeep]\n|upkeep\n|turn|2\n|inactive|jaen32 has 30 seconds left.\n|\n|t:|1776220994\n|-activate|p1a: Decidueye|confusion\n|move|p1a: Decidueye|Protect|p1a: Decidueye\n|-singleturn|p1a: Decidueye|Protect\n|move|p1b: Gengar|Toxic Spikes|p2a: Pelipper\n|-sidestart|p2: jaen32|move: Toxic Spikes\n|move|p2b: Sneasler|Dire Claw|p1a: Decidueye\n|-activate|p1a: Decidueye|move: Protect\n|move|p2a: Pelipper|Hurricane|p1b: Gengar\n|-damage|p1b: Gengar|0 fnt\n|faint|p1b: Gengar\n|\n|-weather|RainDance|[upkeep]\n|upkeep\n|\n|t:|1776221009\n|switch|p1b: Basculegion|Basculegion, L50, M|100/100\n|turn|3\n|\n|t:|1776221032\n|move|p2b: Sneasler|Protect|p2b: Sneasler\n|-singleturn|p2b: Sneasler|Protect\n|move|p1b: Basculegion|Last Respects|p2b: Sneasler\n|-activate|p2b: Sneasler|move: Protect\n|-end|p1a: Decidueye|confusion\n|move|p1a: Decidueye|Brave Bird|p2b: Sneasler\n|-activate|p2b: Sneasler|move: Protect\n|move|p2a: Pelipper|Tailwind|p2a: Pelipper\n|-sidestart|p2: jaen32|move: Tailwind\n|\n|-weather|RainDance|[upkeep]\n|upkeep\n|turn|4\n|inactive|jaen32 has 30 seconds left.\n|\n|t:|1776221059\n|switch|p2b: Sinistcha|Sinistcha, L50|100/100\n|-status|p2b: Sinistcha|psn\n|move|p1a: Decidueye|Protect|p1a: Decidueye\n|-singleturn|p1a: Decidueye|Protect\n|move|p1b: Basculegion|Wave Crash|p2b: Sinistcha\n|-resisted|p2b: Sinistcha|1\n|-crit|p2b: Sinistcha\n|-damage|p2b: Sinistcha|26/100 psn\n|-enditem|p2b: Sinistcha|Sitrus Berry|[eat]\n|-heal|p2b: Sinistcha|50/100 psn|[from] item: Sitrus Berry\n|-damage|p1b: Basculegion|78/100|[from] Recoil\n|move|p2a: Pelipper|U-turn|p1a: Decidueye\n|-activate|p1a: Decidueye|move: Protect\n|\n|-weather|RainDance|[upkeep]\n|-damage|p2b: Sinistcha|38/100 psn|[from] psn\n|-sideend|p1: McCoop|move: Tailwind\n|upkeep\n|turn|5\n|inactive|McCoop has 30 seconds left.\n|inactive|jaen32 has 30 seconds left.\n|inactive|jaen32 has 20 seconds left.\n|\n|t:|1776221098\n|switch|p1a: Sinistcha|Sinistcha, L50|100/100\n|-heal|p1b: Basculegion|100/100|[from] ability: Hospitality|[of] p1a: Sinistcha\n|move|p2a: Pelipper|U-turn|p1a: Sinistcha\n|-damage|p1a: Sinistcha|93/100\n|\n|t:|1776221106\n|switch|p2a: Sneasler|Sneasler, L50, F|100/100|[from] U-turn\n|-sideend|p2: jaen32|move: Toxic Spikes|[of] p2a: Sneasler\n|move|p2b: Sinistcha|Matcha Gotcha|p1a: Sinistcha|[spread] p1a,p1b\n|-resisted|p1a: Sinistcha|1\n|-supereffective|p1b: Basculegion|1\n|-damage|p1a: Sinistcha|81/100\n|-heal|p2b: Sinistcha|43/100 psn|[from] drain|[of] p1a: Sinistcha\n|-damage|p1b: Basculegion|41/100\n|-heal|p2b: Sinistcha|76/100 psn|[from] drain|[of] p1b: Basculegion\n|move|p1b: Basculegion|Last Respects|p2b: Sinistcha\n|-supereffective|p2b: Sinistcha|1\n|-crit|p2b: Sinistcha\n|-damage|p2b: Sinistcha|0 fnt\n|faint|p2b: Sinistcha\n|\n|-weather|none\n|upkeep\n|inactive|jaen32 has 30 seconds left.\n|\n|t:|1776221133\n|switch|p2b: Basculegion|Basculegion, L50, M|100/100\n|turn|6\n|\n|t:|1776221147\n|move|p1b: Basculegion|Protect|p1b: Basculegion\n|-singleturn|p1b: Basculegion|Protect\n|move|p2b: Basculegion|Last Respects|p1b: Basculegion\n|-activate|p1b: Basculegion|move: Protect\n|move|p2a: Sneasler|Dire Claw|p1a: Sinistcha\n|-damage|p1a: Sinistcha|45/100\n|-enditem|p1a: Sinistcha|Sitrus Berry|[eat]\n|-heal|p1a: Sinistcha|70/100|[from] item: Sitrus Berry\n|move|p1a: Sinistcha|Matcha Gotcha|p2a: Sneasler|[spread] p2a,p2b\n|-resisted|p2a: Sneasler|1\n|-supereffective|p2b: Basculegion|1\n|-damage|p2a: Sneasler|85/100\n|-heal|p1a: Sinistcha|78/100|[from] drain|[of] p2a: Sneasler\n|-damage|p2b: Basculegion|48/100\n|-heal|p1a: Sinistcha|100/100|[from] drain|[of] p2b: Basculegion\n|\n|-sideend|p2: jaen32|move: Tailwind\n|upkeep\n|turn|7\n|inactive|McCoop has 30 seconds left.\n|inactive|jaen32 has 30 seconds left.\n|\n|t:|1776221175\n|move|p1b: Basculegion|Protect|p1b: Basculegion\n|-singleturn|p1b: Basculegion|Protect\n|move|p2b: Basculegion|Last Respects|p1b: Basculegion\n|-activate|p1b: Basculegion|move: Protect\n|move|p2a: Sneasler|Dire Claw|p1b: Basculegion\n|-activate|p1b: Basculegion|move: Protect\n|move|p1a: Sinistcha|Matcha Gotcha|p2b: Basculegion|[spread] p2a,p2b\n|-resisted|p2a: Sneasler|1\n|-supereffective|p2b: Basculegion|1\n|-damage|p2a: Sneasler|69/100\n|-damage|p2b: Basculegion|0 fnt\n|faint|p2b: Basculegion\n|\n|upkeep\n|\n|t:|1776221188\n|switch|p2b: Pelipper|Pelipper, L50, M|100/100\n|-weather|RainDance|[from] ability: Drizzle|[of] p2b: Pelipper\n|turn|8\n|\n|t:|1776221206\n|move|p2a: Sneasler|Dire Claw|p1b: Basculegion\n|-resisted|p1b: Basculegion|1\n|-damage|p1b: Basculegion|7/100\n|move|p1b: Basculegion|Wave Crash|p2b: Pelipper\n|-resisted|p2b: Pelipper|1\n|-damage|p2b: Pelipper|22/100\n|-damage|p1b: Basculegion|0 fnt|[from] Recoil\n|faint|p1b: Basculegion\n|move|p2b: Pelipper|Hurricane|p1a: Sinistcha\n|-supereffective|p1a: Sinistcha|1\n|-damage|p1a: Sinistcha|0 fnt\n|faint|p1a: Sinistcha\n|\n|-weather|RainDance|[upkeep]\n|upkeep\n|\n|t:|1776221229\n|switch|p1b: Decidueye|Decidueye, L50, M|1/100\n|turn|9\n|\n|t:|1776221236\n|move|p2a: Sneasler|Dire Claw|p1b: Decidueye\n|-damage|p1b: Decidueye|0 fnt\n|faint|p1b: Decidueye\n|\n|win|jaen32\n|raw|McCoop's rating: 1057 &rarr; <strong>1035</strong><br />(-22 for losing)\n|raw|jaen32's rating: 1000 &rarr; <strong>1047</strong><br />(+47 for winning)\n|l|\u2606McCoop\n|player|p1|\n",
  "uploadtime": 1776221243,
  "views": 23,
  "formatid": "gen9championsvgc2026regma",
  "rating": 1035,
  "private": 0,
  "password": null
}