{
  "id": "gen9championsvgc2026regma-2587431827",
  "format": "[Gen 9 Champions] VGC 2026 Reg M-A",
  "players": [
    "frikandelblud67",
    "bl4ze4444"
  ],
  "log": "|j|\u2606frikandelblud67\n|j|\u2606bl4ze4444\n|t:|1776531278\n|gametype|doubles\n|player|p1|frikandelblud67|n|1155\n|player|p2|bl4ze4444|steven|1209\n|gen|9\n|tier|[Gen 9 Champions] VGC 2026 Reg M-A\n|rated|\n|rule|Species Clause: Limit one of each Pok\u00e9mon\n|rule|Item Clause: Limit 1 of each item\n|clearpoke\n|poke|p1|Tyranitar, L50, M, shiny|\n|poke|p1|Excadrill, L50, M, shiny|\n|poke|p1|Aegislash, L50, F, shiny|\n|poke|p1|Rotom-Wash, L50, shiny|\n|poke|p1|Incineroar, L50, F, shiny|\n|poke|p1|Delphox, L50, F, shiny|\n|poke|p2|Floette-Eternal, L50, F|\n|poke|p2|Sneasler, L50, F|\n|poke|p2|Rotom-Wash, L50|\n|poke|p2|Aerodactyl, L50, M|\n|poke|p2|Garchomp, L50, M|\n|poke|p2|Whimsicott, L50, F|\n|teampreview|4\n|inactive|Battle timer is ON: inactive players will automatically lose when time's up. (requested by frikandelblud67)\n|inactive|bl4ze4444 has 60 seconds left.\n|\n|t:|1776531333\n|teamsize|p1|4\n|teamsize|p2|4\n|start\n|switch|p1a: Tyranitar|Tyranitar, L50, M, shiny|100/100\n|switch|p1b: Incineroar|Incineroar, L50, F, shiny|100/100\n|switch|p2a: Sneasler|Sneasler, L50, F|100/100\n|switch|p2b: Garchomp|Garchomp, L50, M|100/100\n|-weather|Sandstorm|[from] ability: Sand Stream|[of] p1a: Tyranitar\n|-ability|p1b: Incineroar|Intimidate|boost\n|-unboost|p2a: Sneasler|atk|1\n|-unboost|p2b: Garchomp|atk|1\n|-enditem|p2a: Sneasler|White Herb\n|-clearnegativeboost|p2a: Sneasler|[silent]\n|turn|1\n|\n|t:|1776531355\n|move|p1a: Tyranitar|Protect|p1a: Tyranitar\n|-singleturn|p1a: Tyranitar|Protect\n|move|p2a: Sneasler|Fake Out|p1b: Incineroar\n|-damage|p1b: Incineroar|89/100\n|move|p2b: Garchomp|Rock Slide|p1a: Tyranitar|[spread] p1b\n|-activate|p1a: Tyranitar|move: Protect\n|-supereffective|p1b: Incineroar|1\n|-damage|p1b: Incineroar|69/100\n|cant|p1b: Incineroar|flinch\n|\n|-weather|Sandstorm|[upkeep]\n|-damage|p2a: Sneasler|95/100|[from] Sandstorm\n|-damage|p1b: Incineroar|63/100|[from] Sandstorm\n|upkeep\n|turn|2\n|\n|t:|1776531380\n|switch|p2b: Rotom|Rotom-Wash, L50|100/100\n|switch|p1a: Excadrill|Excadrill, L50, M, shiny|100/100\n|move|p2a: Sneasler|Close Combat|p1b: Incineroar\n|-supereffective|p1b: Incineroar|1\n|-enditem|p1b: Incineroar|Chople Berry|[eat]\n|-enditem|p1b: Incineroar|Chople Berry|[weaken]\n|-damage|p1b: Incineroar|12/100\n|-unboost|p2a: Sneasler|def|1\n|-unboost|p2a: Sneasler|spd|1\n|move|p1b: Incineroar|Parting Shot|p2a: Sneasler\n|-unboost|p2a: Sneasler|atk|1\n|-unboost|p2a: Sneasler|spa|1\n|\n|t:|1776531394\n|switch|p1b: Delphox|Delphox, L50, F, shiny|100/100|[from] Parting Shot\n|\n|-weather|Sandstorm|[upkeep]\n|-damage|p2a: Sneasler|89/100|[from] Sandstorm\n|-damage|p1b: Delphox|95/100|[from] Sandstorm\n|-damage|p2b: Rotom|95/100|[from] Sandstorm\n|upkeep\n|turn|3\n|\n|t:|1776531412\n|switch|p2a: Garchomp|Garchomp, L50, M|100/100\n|detailschange|p1b: Delphox|Delphox-Mega, L50, F, shiny\n|-mega|p1b: Delphox|Delphox|Delphoxite\n|move|p1a: Excadrill|Earthquake|p2a: Garchomp|[spread] p2a\n|-immune|p1b: Delphox|[from] ability: Levitate\n|-immune|p2b: Rotom|[from] ability: Levitate\n|-damage|p2a: Garchomp|58/100\n|move|p1b: Delphox|Psychic|p2b: Rotom\n|-damage|p2b: Rotom|34/100\n|-enditem|p2b: Rotom|Sitrus Berry|[eat]\n|-heal|p2b: Rotom|58/100|[from] item: Sitrus Berry\n|move|p2b: Rotom|Hydro Pump|p1b: Delphox\n|-supereffective|p1b: Delphox|1\n|-damage|p1b: Delphox|0 fnt\n|faint|p1b: Delphox\n|\n|-weather|Sandstorm|[upkeep]\n|-damage|p2b: Rotom|53/100|[from] Sandstorm\n|upkeep\n|\n|t:|1776531426\n|switch|p1b: Incineroar|Incineroar, L50, F, shiny|12/100\n|-ability|p1b: Incineroar|Intimidate|boost\n|-unboost|p2a: Garchomp|atk|1\n|-unboost|p2b: Rotom|atk|1\n|turn|4\n|\n|t:|1776531441\n|move|p2b: Rotom|Helping Hand|p2a: Garchomp\n|-singleturn|p2a: Garchomp|Helping Hand|[of] p2b: Rotom\n|move|p1b: Incineroar|Fake Out|p2a: Garchomp\n|-damage|p2a: Garchomp|48/100\n|-damage|p1b: Incineroar|0 fnt|[from] ability: Rough Skin|[of] p2a: Garchomp\n|faint|p1b: Incineroar\n|move|p1a: Excadrill|Rock Slide|p2a: Garchomp|[spread] p2b\n|-miss|p1a: Excadrill|p2a: Garchomp\n|-damage|p2b: Rotom|30/100\n|cant|p2a: Garchomp|flinch\n|\n|-weather|Sandstorm|[upkeep]\n|-damage|p2b: Rotom|25/100|[from] Sandstorm\n|upkeep\n|\n|t:|1776531451\n|switch|p1b: Tyranitar|Tyranitar, L50, M, shiny|100/100\n|turn|5\n|-message|frikandelblud67 forfeited.\n|\n|win|bl4ze4444\n|raw|frikandelblud67's rating: 1155 &rarr; <strong>1134</strong><br />(-21 for losing)\n|raw|bl4ze4444's rating: 1209 &rarr; <strong>1230</strong><br />(+21 for winning)\n|l|\u2606frikandelblud67\n|player|p1|\n",
  "uploadtime": 1776531498,
  "views": 11,
  "formatid": "gen9championsvgc2026regma",
  "rating": 1134,
  "private": 0,
  "password": null
}