{
  "id": "gen9championsvgc2026regma-2582250966",
  "format": "[Gen 9 Champions] VGC 2026 Reg M-A",
  "players": [
    "Schimmli",
    "storm93ita"
  ],
  "log": "|j|\u2606Schimmli\n|j|\u2606storm93ita\n|t:|1776076208\n|gametype|doubles\n|player|p1|Schimmli|265|1116\n|player|p2|storm93ita|volkner|1077\n|gen|9\n|tier|[Gen 9 Champions] VGC 2026 Reg M-A\n|rated|\n|rule|Species Clause: Limit one of each Pok\u00e9mon\n|rule|Item Clause: Limit 1 of each item\n|clearpoke\n|poke|p1|Froslass, L50, F|\n|poke|p1|Palafin, L50, F|\n|poke|p1|Incineroar, L50, F|\n|poke|p1|Sylveon, L50, F|\n|poke|p1|Kingambit, L50, M|\n|poke|p1|Sinistcha, L50|\n|poke|p2|Gardevoir, L50, M|\n|poke|p2|Aerodactyl, L50, F|\n|poke|p2|Basculegion, L50, M|\n|poke|p2|Sneasler, L50, F|\n|poke|p2|Garchomp, L50, M|\n|poke|p2|Kingambit, L50, F|\n|teampreview|4\n|\n|t:|1776076234\n|teamsize|p1|4\n|teamsize|p2|4\n|start\n|switch|p1a: Palafin|Palafin, L50, F|100/100\n|switch|p1b: Incineroar|Incineroar, L50, F|100/100\n|switch|p2a: Gardevoir|Gardevoir, L50, M|100/100\n|switch|p2b: Basculegion|Basculegion, L50, M|100/100\n|-ability|p1b: Incineroar|Intimidate|boost\n|-unboost|p2a: Gardevoir|atk|1\n|-unboost|p2b: Basculegion|atk|1\n|turn|1\n|\n|t:|1776076248\n|detailschange|p2a: Gardevoir|Gardevoir-Mega, L50, M\n|-mega|p2a: Gardevoir|Gardevoir|Gardevoirite\n|move|p2a: Gardevoir|Protect|p2a: Gardevoir\n|-singleturn|p2a: Gardevoir|Protect\n|move|p1b: Incineroar|Fake Out|p2a: Gardevoir\n|-activate|p2a: Gardevoir|move: Protect\n|move|p2b: Basculegion|Flip Turn|p1b: Incineroar\n|-supereffective|p1b: Incineroar|1\n|-damage|p1b: Incineroar|51/100\n|\n|t:|1776076259\n|switch|p2b: Sneasler|Sneasler, L50, F|100/100|[from] Flip Turn\n|move|p1a: Palafin|Flip Turn|p2a: Gardevoir\n|-activate|p2a: Gardevoir|move: Protect\n|\n|upkeep\n|turn|2\n|\n|t:|1776076289\n|detailschange|p1a: Palafin|Palafin-Hero, L50, F\n|switch|p1a: Sinistcha|Sinistcha, L50|100/100\n|-heal|p1b: Incineroar|76/100|[from] ability: Hospitality|[of] p1a: Sinistcha\n|move|p2b: Sneasler|Fake Out|p1a: Sinistcha\n|-immune|p1a: Sinistcha\n|move|p2a: Gardevoir|Dazzling Gleam|p1b: Incineroar|[spread] p1a,p1b\n|-damage|p1a: Sinistcha|65/100\n|-damage|p1b: Incineroar|40/100\n|-enditem|p1b: Incineroar|Sitrus Berry|[eat]\n|-heal|p1b: Incineroar|65/100|[from] item: Sitrus Berry\n|move|p1b: Incineroar|Parting Shot|p2b: Sneasler\n|-unboost|p2b: Sneasler|atk|1\n|-unboost|p2b: Sneasler|spa|1\n|\n|t:|1776076308\n|switch|p1b: Palafin|Palafin-Hero, L50, F|100/100|[from] Parting Shot\n|-activate|p1b: Palafin|ability: Zero to Hero\n|\n|-heal|p1a: Sinistcha|71/100|[from] item: Leftovers\n|upkeep\n|turn|3\n|inactive|Battle timer is ON: inactive players will automatically lose when time's up. (requested by storm93ita)\n|\n|t:|1776076322\n|switch|p1a: Incineroar|Incineroar, L50, F|65/100\n|-ability|p1a: Incineroar|Intimidate|boost\n|-unboost|p2a: Gardevoir|atk|1\n|-unboost|p2b: Sneasler|atk|1\n|move|p2a: Gardevoir|Protect|p2a: Gardevoir\n|-singleturn|p2a: Gardevoir|Protect\n|move|p2b: Sneasler|Dire Claw|p1b: Palafin\n|-damage|p1b: Palafin|83/100\n|move|p1b: Palafin|Wave Crash|p2a: Gardevoir\n|-activate|p2a: Gardevoir|move: Protect\n|\n|upkeep\n|turn|4\n|\n|t:|1776076342\n|switch|p2a: Basculegion|Basculegion, L50, M|100/100\n|move|p1a: Incineroar|Fake Out|p2b: Sneasler\n|-damage|p2b: Sneasler|81/100\n|cant|p2b: Sneasler|flinch\n|move|p1b: Palafin|Wave Crash|p2a: Basculegion\n|-resisted|p2a: Basculegion|1\n|-damage|p2a: Basculegion|36/100\n|-damage|p1b: Palafin|62/100|[from] Recoil\n|\n|upkeep\n|turn|5\n|inactive|storm93ita has 30 seconds left.\n|inactive|storm93ita has 20 seconds left.\n|\n|t:|1776076377\n|switch|p1a: Sinistcha|Sinistcha, L50|71/100\n|-heal|p1b: Palafin|87/100|[from] ability: Hospitality|[of] p1a: Sinistcha\n|move|p2a: Basculegion|Last Respects|p1a: Sinistcha\n|-supereffective|p1a: Sinistcha|1\n|-damage|p1a: Sinistcha|15/100\n|move|p2b: Sneasler|Dire Claw|p1b: Palafin\n|-damage|p1b: Palafin|68/100\n|-status|p1b: Palafin|slp\n|cant|p1b: Palafin|slp\n|\n|-heal|p1a: Sinistcha|21/100|[from] item: Leftovers\n|upkeep\n|turn|6\n|\n|t:|1776076398\n|switch|p2b: Gardevoir|Gardevoir-Mega, L50, M|100/100\n|switch|p1a: Incineroar|Incineroar, L50, F|65/100\n|-ability|p1a: Incineroar|Intimidate|boost\n|-unboost|p2a: Basculegion|atk|1\n|-unboost|p2b: Gardevoir|atk|1\n|move|p2a: Basculegion|Last Respects|p1a: Incineroar\n|-resisted|p1a: Incineroar|1\n|-damage|p1a: Incineroar|53/100\n|-curestatus|p1b: Palafin|slp|[msg]\n|move|p1b: Palafin|Flip Turn|p2b: Gardevoir\n|-damage|p2b: Gardevoir|23/100\n|\n|t:|1776076410\n|switch|p1b: Sinistcha|Sinistcha, L50|21/100|[from] Flip Turn\n|-heal|p1a: Incineroar|78/100|[from] ability: Hospitality|[of] p1b: Sinistcha\n|\n|-heal|p1b: Sinistcha|27/100|[from] item: Leftovers\n|upkeep\n|turn|7\n|\n|t:|1776076424\n|switch|p2b: Sneasler|Sneasler, L50, F|81/100\n|switch|p1b: Sylveon|Sylveon, L50, F|100/100\n|move|p2a: Basculegion|Last Respects|p1b: Sylveon\n|-damage|p1b: Sylveon|72/100\n|move|p1a: Incineroar|Throat Chop|p2a: Basculegion\n|-supereffective|p2a: Basculegion|1\n|-damage|p2a: Basculegion|0 fnt\n|faint|p2a: Basculegion\n|\n|upkeep\n|\n|t:|1776076435\n|switch|p2a: Aerodactyl|Aerodactyl, L50, F|100/100\n|turn|8\n|\n|t:|1776076448\n|move|p1b: Sylveon|Protect|p1b: Sylveon\n|-singleturn|p1b: Sylveon|Protect\n|move|p2a: Aerodactyl|Rock Slide|p1b: Sylveon|[spread] p1a\n|-activate|p1b: Sylveon|move: Protect\n|-supereffective|p1a: Incineroar|1\n|-crit|p1a: Incineroar\n|-damage|p1a: Incineroar|4/100\n|move|p2b: Sneasler|Dire Claw|p1b: Sylveon\n|-activate|p1b: Sylveon|move: Protect\n|cant|p1a: Incineroar|flinch\n|\n|upkeep\n|turn|9\n|\n|t:|1776076468\n|switch|p1a: Sinistcha|Sinistcha, L50|27/100\n|-heal|p1b: Sylveon|97/100|[from] ability: Hospitality|[of] p1a: Sinistcha\n|move|p2a: Aerodactyl|Rock Slide|p1b: Sylveon|[spread] p1a,p1b\n|-damage|p1a: Sinistcha|6/100\n|-damage|p1b: Sylveon|67/100\n|move|p2b: Sneasler|Dire Claw|p1b: Sylveon\n|-supereffective|p1b: Sylveon|1\n|-damage|p1b: Sylveon|0 fnt\n|faint|p1b: Sylveon\n|\n|-heal|p1a: Sinistcha|12/100|[from] item: Leftovers\n|upkeep\n|\n|t:|1776076483\n|switch|p1b: Palafin|Palafin-Hero, L50, F|68/100\n|turn|10\n|\n|t:|1776076499\n|move|p1b: Palafin|Jet Punch|p2b: Sneasler\n|-damage|p2b: Sneasler|8/100\n|move|p2a: Aerodactyl|Rock Slide|p1b: Palafin|[spread] p1a\n|-miss|p2a: Aerodactyl|p1b: Palafin\n|-damage|p1a: Sinistcha|0 fnt\n|faint|p1a: Sinistcha\n|move|p2b: Sneasler|Dire Claw|p1b: Palafin\n|-damage|p1b: Palafin|31/100\n|\n|upkeep\n|\n|t:|1776076510\n|switch|p1a: Incineroar|Incineroar, L50, F|4/100\n|-ability|p1a: Incineroar|Intimidate|boost\n|-unboost|p2a: Aerodactyl|atk|1\n|-unboost|p2b: Sneasler|atk|1\n|turn|11\n|\n|t:|1776076519\n|move|p2a: Aerodactyl|Protect|p2a: Aerodactyl\n|-singleturn|p2a: Aerodactyl|Protect\n|move|p2b: Sneasler|Protect|p2b: Sneasler\n|-singleturn|p2b: Sneasler|Protect\n|move|p1a: Incineroar|Fake Out|p2a: Aerodactyl\n|-activate|p2a: Aerodactyl|move: Protect\n|move|p1b: Palafin|Jet Punch|p2b: Sneasler\n|-activate|p2b: Sneasler|move: Protect\n|\n|upkeep\n|turn|12\n|\n|t:|1776076537\n|move|p1b: Palafin|Jet Punch|p2b: Sneasler\n|-damage|p2b: Sneasler|0 fnt\n|faint|p2b: Sneasler\n|move|p2a: Aerodactyl|Tailwind|p2a: Aerodactyl\n|-sidestart|p2: storm93ita|move: Tailwind\n|move|p1a: Incineroar|Flare Blitz|p2a: Aerodactyl\n|-resisted|p2a: Aerodactyl|1\n|-damage|p2a: Aerodactyl|62/100\n|-damage|p1a: Incineroar|0 fnt|[from] Recoil\n|faint|p1a: Incineroar\n|\n|upkeep\n|\n|t:|1776076546\n|switch|p2b: Gardevoir|Gardevoir-Mega, L50, M|23/100\n|turn|13\n|-message|Schimmli forfeited.\n|\n|win|storm93ita\n|raw|Schimmli's rating: 1116 &rarr; <strong>1088</strong><br />(-28 for losing)\n|raw|storm93ita's rating: 1077 &rarr; <strong>1109</strong><br />(+32 for winning)\n|l|\u2606Schimmli\n|player|p1|\n",
  "uploadtime": 1776076551,
  "views": 9,
  "formatid": "gen9championsvgc2026regma",
  "rating": 1088,
  "private": 0,
  "password": null
}