{
  "id": "gen9championsvgc2026regma-2587952144",
  "format": "[Gen 9 Champions] VGC 2026 Reg M-A",
  "players": [
    "rellminaj",
    "Virone"
  ],
  "log": "|j|\u2606rellminaj\n|j|\u2606Virone\n|t:|1776583892\n|gametype|doubles\n|player|p1|rellminaj|flannery|1192\n|player|p2|Virone|veteranf|1192\n|gen|9\n|tier|[Gen 9 Champions] VGC 2026 Reg M-A\n|rated|\n|rule|Species Clause: Limit one of each Pok\u00e9mon\n|rule|Item Clause: Limit 1 of each item\n|clearpoke\n|poke|p1|Chesnaught, L50, M|\n|poke|p1|Torkoal, L50, M|\n|poke|p1|Oranguru, L50, F|\n|poke|p1|Golurk, L50|\n|poke|p1|Farigiraf, L50, M|\n|poke|p1|Incineroar, L50, M|\n|poke|p2|Meganium, L50, F|\n|poke|p2|Maushold, L50|\n|poke|p2|Farigiraf, L50, M|\n|poke|p2|Pelipper, L50, F|\n|poke|p2|Basculegion, L50, M|\n|poke|p2|Dragonite, L50, F|\n|teampreview|4\n|\n|t:|1776583950\n|teamsize|p1|4\n|teamsize|p2|4\n|start\n|switch|p1a: Incineroar|Incineroar, L50, M|100/100\n|switch|p1b: Oranguru|Oranguru, L50, F|100/100\n|switch|p2a: Farigiraf|Farigiraf, L50, M|100/100\n|switch|p2b: Dragonite|Dragonite, L50, F|100/100\n|-ability|p1a: Incineroar|Intimidate|boost\n|-unboost|p2a: Farigiraf|atk|1\n|-unboost|p2b: Dragonite|atk|1\n|turn|1\n|\n|t:|1776583973\n|detailschange|p2b: Dragonite|Dragonite-Mega, L50, F\n|-mega|p2b: Dragonite|Dragonite|Dragoninite\n|move|p2b: Dragonite|Dragon Pulse|p1a: Incineroar\n|-crit|p1a: Incineroar\n|-damage|p1a: Incineroar|33/100\n|move|p1a: Incineroar|Snarl|p2b: Dragonite|[spread] p2a\n|-miss|p1a: Incineroar|p2b: Dragonite\n|-supereffective|p2a: Farigiraf|1\n|-damage|p2a: Farigiraf|76/100\n|-unboost|p2a: Farigiraf|spa|1\n|move|p2a: Farigiraf|Roar|p1b: Oranguru\n|drag|p1b: Golurk|Golurk, L50|100/100\n|\n|upkeep\n|turn|2\n|\n|t:|1776584015\n|detailschange|p1b: Golurk|Golurk-Mega, L50\n|-mega|p1b: Golurk|Golurk|Golurkite\n|move|p1b: Golurk|Protect|p1b: Golurk\n|-singleturn|p1b: Golurk|Protect\n|move|p2b: Dragonite|Dragon Pulse|p1a: Incineroar\n|-damage|p1a: Incineroar|0 fnt\n|faint|p1a: Incineroar\n|move|p2a: Farigiraf|Roar|p2b: Dragonite\n|drag|p2b: Maushold|Maushold, L50|100/100\n|\n|upkeep\n|\n|t:|1776584027\n|switch|p1a: Oranguru|Oranguru, L50, F|100/100\n|turn|3\n|\n|t:|1776584056\n|move|p2b: Maushold|Super Fang|p1a: Oranguru\n|-damage|p1a: Oranguru|51/100\n|move|p1b: Golurk|Earthquake|p2b: Maushold|[spread] p2a,p2b\n|-activate|p1a: Oranguru|ability: Telepathy\n|-damage|p2a: Farigiraf|46/100\n|-damage|p2b: Maushold|36/100\n|-enditem|p2a: Farigiraf|Sitrus Berry|[eat]\n|-heal|p2a: Farigiraf|70/100|[from] item: Sitrus Berry\n|move|p2a: Farigiraf|Roar|p1a: Oranguru\n|drag|p1a: Torkoal|Torkoal, L50, M|100/100\n|-weather|SunnyDay|[from] ability: Drought|[of] p1a: Torkoal\n|\n|-weather|SunnyDay|[upkeep]\n|upkeep\n|turn|4\n|\n|t:|1776584084\n|switch|p2a: Dragonite|Dragonite-Mega, L50, F|100/100\n|move|p1a: Torkoal|Protect|p1a: Torkoal\n|-singleturn|p1a: Torkoal|Protect\n|move|p2b: Maushold|Rain Dance|p2b: Maushold\n|-weather|RainDance\n|move|p1b: Golurk|Earthquake|p2a: Dragonite|[spread] p2b\n|-activate|p1a: Torkoal|move: Protect\n|-immune|p2a: Dragonite\n|-damage|p2b: Maushold|0 fnt\n|faint|p2b: Maushold\n|\n|-weather|RainDance|[upkeep]\n|upkeep\n|\n|t:|1776584093\n|switch|p2b: Farigiraf|Farigiraf, L50, M|70/100\n|turn|5\n|\n|t:|1776584116\n|switch|p1a: Oranguru|Oranguru, L50, F|51/100\n|move|p2a: Dragonite|Hurricane|p1b: Golurk\n|-damage|p1b: Golurk|45/100\n|-start|p1b: Golurk|confusion\n|move|p2b: Farigiraf|Hyper Voice|p1a: Oranguru|[spread] p1a\n|-immune|p1b: Golurk\n|-damage|p1a: Oranguru|35/100\n|-enditem|p1a: Oranguru|Sitrus Berry|[eat]\n|-heal|p1a: Oranguru|60/100|[from] item: Sitrus Berry\n|-activate|p1b: Golurk|confusion\n|-damage|p1b: Golurk|30/100|[from] confusion\n|\n|-weather|RainDance|[upkeep]\n|upkeep\n|turn|6\n|\n|t:|1776584162\n|-end|p1b: Golurk|confusion\n|move|p1b: Golurk|Protect|p1b: Golurk\n|-singleturn|p1b: Golurk|Protect\n|move|p2a: Dragonite|Hurricane|p1b: Golurk\n|-activate|p1b: Golurk|move: Protect\n|move|p2b: Farigiraf|Roar|p1a: Oranguru\n|drag|p1a: Torkoal|Torkoal, L50, M|100/100\n|-weather|SunnyDay|[from] ability: Drought|[of] p1a: Torkoal\n|\n|-weather|SunnyDay|[upkeep]\n|upkeep\n|turn|7\n|\n|t:|1776584179\n|move|p2a: Dragonite|Dragon Pulse|p1b: Golurk\n|-damage|p1b: Golurk|0 fnt\n|faint|p1b: Golurk\n|move|p2b: Farigiraf|Hyper Voice|p1a: Torkoal\n|-damage|p1a: Torkoal|51/100\n|move|p1a: Torkoal|Eruption|p2b: Farigiraf|[spread] p2a,p2b\n|-resisted|p2a: Dragonite|1\n|-damage|p2a: Dragonite|90/100\n|-damage|p2b: Farigiraf|31/100\n|\n|-weather|SunnyDay|[upkeep]\n|upkeep\n|\n|t:|1776584182\n|switch|p1b: Oranguru|Oranguru, L50, F|60/100\n|turn|8\n|-message|rellminaj forfeited.\n|\n|win|Virone\n|raw|rellminaj's rating: 1192 &rarr; <strong>1167</strong><br />(-25 for losing)\n|raw|Virone's rating: 1192 &rarr; <strong>1217</strong><br />(+25 for winning)\n|l|\u2606rellminaj\n|player|p1|\n",
  "uploadtime": 1776584201,
  "views": 8,
  "formatid": "gen9championsvgc2026regma",
  "rating": 1167,
  "private": 0,
  "password": null
}