{
  "id": "gen9championsvgc2026regma-2585178036",
  "format": "[Gen 9 Champions] VGC 2026 Reg M-A",
  "players": [
    "Phillip Blevin",
    "EXSA"
  ],
  "log": "|j|\u2606Phillip Blevin\n|j|\u2606EXSA\n|t:|1776321503\n|gametype|doubles\n|player|p1|Phillip Blevin|cynthia-masters4|1213\n|player|p2|EXSA|102|1188\n|gen|9\n|tier|[Gen 9 Champions] VGC 2026 Reg M-A\n|rated|\n|rule|Species Clause: Limit one of each Pok\u00e9mon\n|rule|Item Clause: Limit 1 of each item\n|clearpoke\n|poke|p1|Ceruledge, L50, M|\n|poke|p1|Corviknight, L50, F|\n|poke|p1|Garchomp, L50, F|\n|poke|p1|Arcanine-Hisui, L50, M|\n|poke|p1|Froslass, L50, F|\n|poke|p1|Rotom-Wash, L50|\n|poke|p2|Orthworm, L50, F|\n|poke|p2|Garchomp, L50, M|\n|poke|p2|Tyranitar, L50, F|\n|poke|p2|Rotom-Wash, L50|\n|poke|p2|Sinistcha, L50|\n|poke|p2|Tinkaton, L50, F|\n|teampreview|4\n|inactive|Battle timer is ON: inactive players will automatically lose when time's up. (requested by Phillip Blevin)\nPhillip Blevin has agreed to open team sheets.\n|inactive|Phillip Blevin has 60 seconds left.\n|inactive|EXSA has 60 seconds left.\n|\n|t:|1776321557\n|teamsize|p1|4\n|teamsize|p2|4\n|start\n|switch|p1a: Rotom|Rotom-Wash, L50|100/100\n|switch|p1b: Garchomp|Garchomp, L50, F|100/100\n|switch|p2a: Rotom|Rotom-Wash, L50, shiny|100/100\n|switch|p2b: Sinistcha|Sinistcha, L50, shiny|100/100\n|turn|1\n|inactive|EXSA has 30 seconds left.\n|inactive|EXSA has 20 seconds left.\n|\n|t:|1776321596\n|move|p1a: Rotom|Trick|p2b: Sinistcha\n|-activate|p1a: Rotom|move: Trick|[of] p2b: Sinistcha\n|-item|p2b: Sinistcha|Choice Scarf|[from] move: Trick\n|-item|p1a: Rotom|Mental Herb|[from] move: Trick\n|move|p2a: Rotom|Volt Switch|p1a: Rotom\n|-damage|p1a: Rotom|65/100\n|\n|t:|1776321610\n|switch|p2a: Orthworm|Orthworm, L50, F, shiny|100/100|[from] Volt Switch\n|move|p1b: Garchomp|Dragon Claw|p2a: Orthworm\n|-resisted|p2a: Orthworm|1\n|-damage|p2a: Orthworm|89/100\n|move|p2b: Sinistcha|Matcha Gotcha|p1a: Rotom|[spread] p1a,p1b\n|-supereffective|p1a: Rotom|1\n|-damage|p1a: Rotom|8/100\n|-damage|p1b: Garchomp|74/100\n|-status|p1a: Rotom|brn\n|\n|-damage|p1a: Rotom|2/100 brn|[from] brn\n|upkeep\n|turn|2\n|\n|t:|1776321632\n|move|p2a: Orthworm|Protect|p2a: Orthworm\n|-singleturn|p2a: Orthworm|Protect\n|move|p1b: Garchomp|Dragon Claw|p2a: Orthworm\n|-activate|p2a: Orthworm|move: Protect\n|move|p1a: Rotom|Hydro Pump|p2a: Orthworm\n|-activate|p2a: Orthworm|move: Protect\n|move|p2b: Sinistcha|Matcha Gotcha|p1a: Rotom|[spread] p1a,p1b\n|-supereffective|p1a: Rotom|1\n|-crit|p1a: Rotom\n|-damage|p1a: Rotom|0 fnt\n|-damage|p1b: Garchomp|48/100\n|faint|p1a: Rotom\n|\n|upkeep\n|\n|t:|1776321640\n|switch|p1a: Arcanine|Arcanine-Hisui, L50, M|100/100\n|-ability|p1a: Arcanine|Intimidate|boost\n|-unboost|p2a: Orthworm|atk|1\n|-unboost|p2b: Sinistcha|atk|1\n|turn|3\n|\n|t:|1776321646\n|switch|p2a: Rotom|Rotom-Wash, L50, shiny|100/100\n|move|p1b: Garchomp|Dragon Claw|p2a: Rotom\n|-damage|p2a: Rotom|50/100\n|move|p1a: Arcanine|Flare Blitz|p2a: Rotom\n|-resisted|p2a: Rotom|1\n|-damage|p2a: Rotom|14/100\n|-damage|p1a: Arcanine|91/100|[from] Recoil\n|move|p2b: Sinistcha|Matcha Gotcha|p1a: Arcanine|[spread] p1a,p1b\n|-damage|p1a: Arcanine|59/100\n|-damage|p1b: Garchomp|18/100\n|\n|upkeep\n|turn|4\n|\n|t:|1776321670\n|move|p1a: Arcanine|Extreme Speed|p2a: Rotom\n|-damage|p2a: Rotom|0 fnt\n|faint|p2a: Rotom\n|move|p1b: Garchomp|Dragon Claw|p2b: Sinistcha\n|-damage|p2b: Sinistcha|61/100\n|move|p2b: Sinistcha|Matcha Gotcha|p1b: Garchomp|[spread] p1a,p1b\n|-damage|p1a: Arcanine|26/100\n|-heal|p2b: Sinistcha|77/100|[from] drain|[of] p1a: Arcanine\n|-damage|p1b: Garchomp|0 fnt\n|-heal|p2b: Sinistcha|86/100|[from] drain|[of] p1b: Garchomp\n|faint|p1b: Garchomp\n|\n|upkeep\n|\n|t:|1776321675\n|switch|p1b: Corviknight|Corviknight, L50, F|100/100\n|switch|p2a: Garchomp|Garchomp, L50, M|100/100\n|turn|5\n|\n|t:|1776321689\n|switch|p2b: Orthworm|Orthworm, L50, F, shiny|89/100\n|move|p1a: Arcanine|Protect|p1a: Arcanine\n|-singleturn|p1a: Arcanine|Protect\n|move|p2a: Garchomp|Stomping Tantrum|p1a: Arcanine\n|-activate|p1a: Arcanine|move: Protect\n|move|p1b: Corviknight|Bulk Up|p1b: Corviknight\n|-boost|p1b: Corviknight|atk|1\n|-boost|p1b: Corviknight|def|1\n|\n|upkeep\n|turn|6\n|\n|t:|1776321698\n|move|p2a: Garchomp|Stomping Tantrum|p1a: Arcanine\n|-supereffective|p1a: Arcanine|2\n|-damage|p1a: Arcanine|0 fnt\n|faint|p1a: Arcanine\n|move|p1b: Corviknight|Bulk Up|p1b: Corviknight\n|-boost|p1b: Corviknight|atk|1\n|-boost|p1b: Corviknight|def|1\n|move|p2b: Orthworm|Shed Tail|p2b: Orthworm\n|-start|p2b: Orthworm|Substitute|[from] move: Shed Tail\n|-damage|p2b: Orthworm|39/100\n|-enditem|p2b: Orthworm|Sitrus Berry|[eat]\n|-heal|p2b: Orthworm|64/100|[from] item: Sitrus Berry\n|\n|t:|1776321704\n|switch|p2b: Sinistcha|Sinistcha, L50, shiny|86/100|[from] Shed Tail\n|\n|upkeep\n|turn|7\n|\n|t:|1776321713\n|move|p2a: Garchomp|Dragon Claw|p1b: Corviknight\n|-resisted|p1b: Corviknight|1\n|-damage|p1b: Corviknight|95/100\n|move|p2b: Sinistcha|Matcha Gotcha|p1b: Corviknight\n|-resisted|p1b: Corviknight|2\n|-damage|p1b: Corviknight|86/100\n|-heal|p2b: Sinistcha|91/100|[from] drain|[of] p1b: Corviknight\n|-status|p1b: Corviknight|brn\n|move|p1b: Corviknight|Brave Bird|p2b: Sinistcha\n|-supereffective|p2b: Sinistcha|1\n|-end|p2b: Sinistcha|Substitute\n|-damage|p1b: Corviknight|79/100 brn|[from] Recoil|[of] p2b: Sinistcha\n|\n|-damage|p1b: Corviknight|73/100 brn|[from] brn\n|upkeep\n|turn|8\n|\n|t:|1776321735\n|switch|p2b: Orthworm|Orthworm, L50, F, shiny|64/100\n|move|p2a: Garchomp|Dragon Claw|p1b: Corviknight\n|-resisted|p1b: Corviknight|1\n|-damage|p1b: Corviknight|67/100 brn\n|move|p1b: Corviknight|Roost|p1b: Corviknight\n|-heal|p1b: Corviknight|100/100 brn\n|-singleturn|p1b: Corviknight|move: Roost\n|\n|-damage|p1b: Corviknight|95/100 brn|[from] brn\n|upkeep\n|turn|9\n|\n|t:|1776321744\n|move|p2b: Orthworm|Protect|p2b: Orthworm\n|-singleturn|p2b: Orthworm|Protect\n|move|p2a: Garchomp|Dragon Claw|p1b: Corviknight\n|-resisted|p1b: Corviknight|1\n|-damage|p1b: Corviknight|87/100 brn\n|move|p1b: Corviknight|Body Press|p2b: Orthworm\n|-activate|p2b: Orthworm|move: Protect\n|\n|-damage|p1b: Corviknight|81/100 brn|[from] brn\n|upkeep\n|turn|10\n|\n|t:|1776321764\n|switch|p2a: Sinistcha|Sinistcha, L50, shiny|91/100\n|-heal|p2b: Orthworm|89/100|[from] ability: Hospitality|[of] p2a: Sinistcha\n|move|p1b: Corviknight|Body Press|p2b: Orthworm\n|-supereffective|p2b: Orthworm|1\n|-damage|p2b: Orthworm|59/100\n|move|p2b: Orthworm|Shed Tail|p2b: Orthworm\n|-start|p2b: Orthworm|Substitute|[from] move: Shed Tail\n|-damage|p2b: Orthworm|8/100\n|\n|t:|1776321774\n|switch|p2b: Garchomp|Garchomp, L50, M|100/100|[from] Shed Tail\n|\n|-damage|p1b: Corviknight|76/100 brn|[from] brn\n|upkeep\n|turn|11\n|\n|t:|1776321782\n|move|p2a: Sinistcha|Rage Powder|p2a: Sinistcha\n|-singleturn|p2a: Sinistcha|move: Rage Powder\n|move|p2b: Garchomp|Dragon Claw|p1b: Corviknight\n|-resisted|p1b: Corviknight|1\n|-damage|p1b: Corviknight|69/100 brn\n|move|p1b: Corviknight|Brave Bird|p2a: Sinistcha\n|-supereffective|p2a: Sinistcha|1\n|-damage|p2a: Sinistcha|15/100\n|-damage|p1b: Corviknight|47/100 brn|[from] Recoil\n|-enditem|p1b: Corviknight|Sitrus Berry|[eat]\n|-heal|p1b: Corviknight|72/100 brn|[from] item: Sitrus Berry\n|\n|-damage|p1b: Corviknight|66/100 brn|[from] brn\n|upkeep\n|turn|12\n|\n|t:|1776321799\n|switch|p2a: Orthworm|Orthworm, L50, F, shiny|8/100\n|move|p2b: Garchomp|Dragon Claw|p1b: Corviknight\n|-resisted|p1b: Corviknight|1\n|-damage|p1b: Corviknight|60/100 brn\n|move|p1b: Corviknight|Roost|p1b: Corviknight\n|-heal|p1b: Corviknight|100/100 brn\n|-singleturn|p1b: Corviknight|move: Roost\n|\n|-damage|p1b: Corviknight|95/100 brn|[from] brn\n|upkeep\n|turn|13\n|\n|t:|1776321811\n|move|p2b: Garchomp|Dragon Claw|p1b: Corviknight\n|-resisted|p1b: Corviknight|1\n|-damage|p1b: Corviknight|88/100 brn\n|move|p1b: Corviknight|Body Press|p2a: Orthworm\n|-supereffective|p2a: Orthworm|1\n|-damage|p2a: Orthworm|0 fnt\n|faint|p2a: Orthworm\n|\n|-damage|p1b: Corviknight|82/100 brn|[from] brn\n|upkeep\n|\n|t:|1776321817\n|switch|p2a: Sinistcha|Sinistcha, L50, shiny|15/100\n|turn|14\n|\n|t:|1776321827\n|move|p2b: Garchomp|Dragon Claw|p1b: Corviknight\n|-resisted|p1b: Corviknight|1\n|-damage|p1b: Corviknight|77/100 brn\n|move|p2a: Sinistcha|Matcha Gotcha|p1b: Corviknight\n|-resisted|p1b: Corviknight|2\n|-damage|p1b: Corviknight|68/100 brn\n|-heal|p2a: Sinistcha|20/100|[from] drain|[of] p1b: Corviknight\n|move|p1b: Corviknight|Brave Bird|p2a: Sinistcha\n|-supereffective|p2a: Sinistcha|1\n|-crit|p2a: Sinistcha\n|-damage|p2a: Sinistcha|0 fnt\n|faint|p2a: Sinistcha\n|-damage|p1b: Corviknight|63/100 brn|[from] Recoil\n|\n|-damage|p1b: Corviknight|57/100 brn|[from] brn\n|upkeep\n|turn|15\n|inactive|EXSA has 30 seconds left.\n|inactive|EXSA has 20 seconds left.\n|inactive|EXSA has 15 seconds left.\n|inactive|EXSA has 10 seconds left.\n|inactive|EXSA has 5 seconds left.\n|\n|t:|1776321882\n|move|p2b: Garchomp|Earthquake|p1b: Corviknight\n|-immune|p1b: Corviknight\n|move|p1b: Corviknight|Roost|p1b: Corviknight\n|-heal|p1b: Corviknight|100/100 brn\n|-singleturn|p1b: Corviknight|move: Roost\n|\n|-damage|p1b: Corviknight|95/100 brn|[from] brn\n|upkeep\n|turn|16\n|inactive|EXSA has 30 seconds left.\n|l|\u2606Phillip Blevin\n|inactive|Phillip Blevin disconnected and has a minute to reconnect!\n|player|p1|\n|j|\u2606Phillip Blevin\n|inactive|Phillip Blevin reconnected.\n|player|p1|Phillip Blevin|cynthia-masters4|\n|inactive|EXSA has 20 seconds left.\n|inactive|EXSA has 15 seconds left.\n|inactive|EXSA has 10 seconds left.\n|inactive|EXSA has 5 seconds left.\n|\n|t:|1776321937\n|move|p2b: Garchomp|Earthquake|p1b: Corviknight\n|-immune|p1b: Corviknight\n|move|p1b: Corviknight|Bulk Up|p1b: Corviknight\n|-boost|p1b: Corviknight|atk|1\n|-boost|p1b: Corviknight|def|1\n|\n|-damage|p1b: Corviknight|89/100 brn|[from] brn\n|upkeep\n|turn|17\n|inactive|EXSA has 30 seconds left.\n|inactive|EXSA has 20 seconds left.\n|inactive|EXSA has 15 seconds left.\n|inactive|EXSA has 10 seconds left.\n|inactive|EXSA has 5 seconds left.\n|\n|t:|1776321992\n|move|p2b: Garchomp|Earthquake|p1b: Corviknight\n|-immune|p1b: Corviknight\n|move|p1b: Corviknight|Body Press|p2b: Garchomp\n|-end|p2b: Garchomp|Substitute\n|\n|-damage|p1b: Corviknight|83/100 brn|[from] brn\n|upkeep\n|turn|18\n|inactive|EXSA has 30 seconds left.\n|inactive|EXSA has 20 seconds left.\n|inactive|EXSA has 15 seconds left.\n|inactive|EXSA has 10 seconds left.\n|inactive|EXSA has 5 seconds left.\n|\n|t:|1776322047\n|move|p2b: Garchomp|Earthquake|p1b: Corviknight\n|-immune|p1b: Corviknight\n|move|p1b: Corviknight|Body Press|p2b: Garchomp\n|-damage|p2b: Garchomp|65/100\n|-damage|p1b: Corviknight|71/100 brn|[from] ability: Rough Skin|[of] p2b: Garchomp\n|\n|-damage|p1b: Corviknight|65/100 brn|[from] brn\n|upkeep\n|turn|19\n|inactive|EXSA has 10 seconds left this turn.\n|inactive|EXSA has 5 seconds left.\n|-message|EXSA lost due to inactivity.\n|\n|win|Phillip Blevin\n|raw|Phillip Blevin's rating: 1232 &rarr; <strong>1254</strong><br />(+22 for winning)\n|raw|EXSA's rating: 1188 &rarr; <strong>1166</strong><br />(-22 for losing)\n",
  "uploadtime": 1776322057,
  "views": 17,
  "formatid": "gen9championsvgc2026regma",
  "rating": 1166,
  "private": 0,
  "password": null
}