{
  "id": "gen9championsvgc2026regma-2582111843",
  "format": "[Gen 9 Champions] VGC 2026 Reg M-A",
  "players": [
    "amtgc",
    "Stanzi"
  ],
  "log": "|j|\u2606amtgc\n|j|\u2606Stanzi\n|t:|1776059389\n|gametype|doubles\n|player|p1|amtgc|266|1179\n|player|p2|Stanzi|blue|1090\n|gen|9\n|tier|[Gen 9 Champions] VGC 2026 Reg M-A\n|rated|\n|rule|Species Clause: Limit one of each Pok\u00e9mon\n|rule|Item Clause: Limit 1 of each item\n|clearpoke\n|poke|p1|Delphox, L50, F|\n|poke|p1|Garchomp, L50, M|\n|poke|p1|Sneasler, L50, F|\n|poke|p1|Clefable, L50, F|\n|poke|p1|Milotic, L50, F|\n|poke|p1|Aerodactyl, L50, F|\n|poke|p2|Sneasler, L50, F|\n|poke|p2|Garchomp, L50, M|\n|poke|p2|Rotom-Wash, L50|\n|poke|p2|Whimsicott, L50, F|\n|poke|p2|Incineroar, L50, M|\n|poke|p2|Charizard, L50, F|\n|teampreview|4\n|\n|t:|1776059452\n|teamsize|p1|4\n|teamsize|p2|4\n|start\n|switch|p1a: Milotic|Milotic, L50, F|100/100\n|switch|p1b: Aerodactyl|Aerodactyl, L50, F|100/100\n|switch|p2a: Whimsicott|Whimsicott, L50, F, shiny|100/100\n|switch|p2b: Sneasler|Sneasler, L50, F, shiny|100/100\n|-ability|p1b: Aerodactyl|Unnerve\n|turn|1\n|inactive|Battle timer is ON: inactive players will automatically lose when time's up. (requested by amtgc)\n|\n|t:|1776059520\n|move|p2b: Sneasler|Fake Out|p1b: Aerodactyl\n|-resisted|p1b: Aerodactyl|1\n|-damage|p1b: Aerodactyl|89/100\n|cant|p1b: Aerodactyl|flinch\n|move|p2a: Whimsicott|Moonblast|p1b: Aerodactyl\n|-damage|p1b: Aerodactyl|52/100\n|move|p1a: Milotic|Scald|p2b: Sneasler\n|-damage|p2b: Sneasler|52/100\n|\n|upkeep\n|turn|2\n|\n|t:|1776059544\n|move|p1b: Aerodactyl|Protect|p1b: Aerodactyl\n|-singleturn|p1b: Aerodactyl|Protect\n|move|p2a: Whimsicott|Taunt|p1b: Aerodactyl\n|-activate|p1b: Aerodactyl|move: Protect\n|move|p2b: Sneasler|Close Combat|p1a: Milotic\n|-damage|p1a: Milotic|40/100\n|-unboost|p2b: Sneasler|def|1\n|-unboost|p2b: Sneasler|spd|1\n|-enditem|p2b: Sneasler|White Herb\n|-clearnegativeboost|p2b: Sneasler|[silent]\n|move|p1a: Milotic|Ice Beam|p2a: Whimsicott\n|-supereffective|p2a: Whimsicott|1\n|-damage|p2a: Whimsicott|31/100\n|\n|-heal|p1a: Milotic|46/100|[from] item: Leftovers\n|upkeep\n|turn|3\n|inactive|amtgc has 30 seconds left.\n|inactive|Stanzi has 30 seconds left.\n|\n|t:|1776059578\n|switch|p1b: Garchomp|Garchomp, L50, M, shiny|100/100\n|move|p2a: Whimsicott|Taunt|p1b: Garchomp\n|-start|p1b: Garchomp|move: Taunt\n|move|p2b: Sneasler|Close Combat|p1a: Milotic\n|-damage|p1a: Milotic|0 fnt\n|-unboost|p2b: Sneasler|def|1\n|-unboost|p2b: Sneasler|spd|1\n|faint|p1a: Milotic\n|\n|upkeep\n|\n|t:|1776059588\n|switch|p1a: Delphox|Delphox, L50, F|100/100\n|turn|4\n|\n|t:|1776059611\n|detailschange|p1a: Delphox|Delphox-Mega, L50, F\n|-mega|p1a: Delphox|Delphox|Delphoxite\n|move|p2a: Whimsicott|Tailwind|p2a: Whimsicott\n|-sidestart|p2: Stanzi|move: Tailwind\n|move|p2b: Sneasler|Close Combat|p1b: Garchomp\n|-damage|p1b: Garchomp|36/100\n|-unboost|p2b: Sneasler|def|1\n|-unboost|p2b: Sneasler|spd|1\n|-damage|p2b: Sneasler|40/100|[from] ability: Rough Skin|[of] p1b: Garchomp\n|move|p1a: Delphox|Heat Wave|p2b: Sneasler|[spread] p2a,p2b\n|-supereffective|p2a: Whimsicott|1\n|-damage|p2a: Whimsicott|0 fnt\n|-damage|p2b: Sneasler|0 fnt\n|faint|p2a: Whimsicott\n|faint|p2b: Sneasler\n|move|p1b: Garchomp|Earthquake|p1a: Delphox\n|-immune|p1a: Delphox|[from] ability: Levitate\n|\n|upkeep\n|\n|t:|1776059627\n|switch|p2b: Incineroar|Incineroar, L50, M, shiny|100/100\n|switch|p2a: Rotom|Rotom-Wash, L50, shiny|100/100\n|-ability|p2b: Incineroar|Intimidate|boost\n|-unboost|p1a: Delphox|atk|1\n|-unboost|p1b: Garchomp|atk|1\n|turn|5\n|\n|t:|1776059646\n|switch|p1b: Aerodactyl|Aerodactyl, L50, F|52/100\n|-ability|p1b: Aerodactyl|Unnerve\n|move|p1a: Delphox|Protect|p1a: Delphox\n|-singleturn|p1a: Delphox|Protect\n|move|p2b: Incineroar|Fake Out|p1b: Aerodactyl\n|-resisted|p1b: Aerodactyl|1\n|-damage|p1b: Aerodactyl|44/100\n|move|p2a: Rotom|Hydro Pump|p1a: Delphox\n|-activate|p1a: Delphox|move: Protect\n|\n|upkeep\n|turn|6\n|inactive|Stanzi has 30 seconds left.\n|inactive|Stanzi has 20 seconds left.\n|\n|t:|1776059686\n|switch|p1a: Garchomp|Garchomp, L50, M, shiny|36/100\n|move|p1b: Aerodactyl|Protect|p1b: Aerodactyl\n|-singleturn|p1b: Aerodactyl|Protect\n|move|p2a: Rotom|Hydro Pump|p1a: Garchomp\n|-damage|p1a: Garchomp|0 fnt\n|faint|p1a: Garchomp\n|move|p2b: Incineroar|Flare Blitz|p1b: Aerodactyl\n|-activate|p1b: Aerodactyl|move: Protect\n|\n|upkeep\n|\n|t:|1776059696\n|switch|p1a: Delphox|Delphox-Mega, L50, F|100/100\n|turn|7\n|\n|t:|1776059705\n|move|p2a: Rotom|Hydro Pump|p1a: Delphox\n|-supereffective|p1a: Delphox|1\n|-damage|p1a: Delphox|16/100\n|move|p1a: Delphox|Nasty Plot|p1a: Delphox\n|-boost|p1a: Delphox|spa|2\n|move|p1b: Aerodactyl|Tailwind|p1b: Aerodactyl\n|-sidestart|p1: amtgc|move: Tailwind\n|move|p2b: Incineroar|Flare Blitz|p1b: Aerodactyl\n|-resisted|p1b: Aerodactyl|1\n|-crit|p1b: Aerodactyl\n|-damage|p1b: Aerodactyl|0 fnt\n|faint|p1b: Aerodactyl\n|-damage|p2b: Incineroar|90/100|[from] Recoil\n|\n|-sideend|p2: Stanzi|move: Tailwind\n|upkeep\n|turn|8\n|\n|t:|1776059720\n|move|p1a: Delphox|Psychic|p2a: Rotom\n|-damage|p2a: Rotom|0 fnt\n|faint|p2a: Rotom\n|move|p2b: Incineroar|Flare Blitz|p1a: Delphox\n|-resisted|p1a: Delphox|1\n|-damage|p1a: Delphox|0 fnt\n|faint|p1a: Delphox\n|-damage|p2b: Incineroar|85/100|[from] Recoil\n|\n|win|Stanzi\n|raw|amtgc's rating: 1179 &rarr; <strong>1148</strong><br />(-31 for losing)\n|raw|Stanzi's rating: 1090 &rarr; <strong>1123</strong><br />(+33 for winning)\n",
  "uploadtime": 1776059727,
  "views": 13,
  "formatid": "gen9championsvgc2026regma",
  "rating": 1123,
  "private": 0,
  "password": null
}