{
  "id": "gen9championsvgc2026regma-2582333357",
  "format": "[Gen 9 Champions] VGC 2026 Reg M-A",
  "players": [
    "LesbianMawile",
    "tikmasjien"
  ],
  "log": "|j|\u2606LesbianMawile\n|j|\u2606tikmasjien\n|t:|1776084168\n|gametype|doubles\n|player|p1|LesbianMawile|rika|1167\n|player|p2|tikmasjien|265|1152\n|gen|9\n|tier|[Gen 9 Champions] VGC 2026 Reg M-A\n|rated|\n|rule|Species Clause: Limit one of each Pok\u00e9mon\n|rule|Item Clause: Limit 1 of each item\n|clearpoke\n|poke|p1|Froslass, L50, F|\n|poke|p1|Tauros-Paldea-Aqua, L50, M|\n|poke|p1|Kingambit, L50, F|\n|poke|p1|Aerodactyl, L50, F|\n|poke|p1|Garchomp, L50, M|\n|poke|p1|Sneasler, L50, M|\n|poke|p2|Charizard, L50, M|\n|poke|p2|Rotom-Wash, L50|\n|poke|p2|Typhlosion-Hisui, L50, M|\n|poke|p2|Corviknight, L50, M|\n|poke|p2|Krookodile, L50, M|\n|poke|p2|Primarina, L50, M|\n|teampreview|4\n|inactive|Battle timer is ON: inactive players will automatically lose when time's up. (requested by tikmasjien)\n|\n|t:|1776084201\n|teamsize|p1|4\n|teamsize|p2|4\n|start\n|switch|p1a: Aerodactyl|Aerodactyl, L50, F|100/100\n|switch|p1b: Garchomp|Garchomp, L50, M|100/100\n|switch|p2a: Corviknight|Corviknight, L50, M|100/100\n|switch|p2b: Krookodile|Krookodile, L50, M|100/100\n|-ability|p1a: Aerodactyl|Unnerve\n|-ability|p2b: Krookodile|Intimidate|boost\n|-unboost|p1a: Aerodactyl|atk|1\n|-unboost|p1b: Garchomp|atk|1\n|turn|1\n|\n|t:|1776084218\n|move|p1b: Garchomp|Rock Slide|p2b: Krookodile|[spread] p2a,p2b\n|-resisted|p2b: Krookodile|1\n|-damage|p2a: Corviknight|92/100\n|-damage|p2b: Krookodile|92/100\n|move|p2b: Krookodile|Stone Edge|p1a: Aerodactyl\n|-supereffective|p1a: Aerodactyl|1\n|-crit|p1a: Aerodactyl\n|-enditem|p1a: Aerodactyl|Focus Sash\n|-damage|p1a: Aerodactyl|1/100\n|move|p1a: Aerodactyl|Tailwind|p1a: Aerodactyl\n|-sidestart|p1: LesbianMawile|move: Tailwind\n|move|p2a: Corviknight|Tailwind|p2a: Corviknight\n|-sidestart|p2: tikmasjien|move: Tailwind\n|\n|-heal|p2a: Corviknight|98/100|[from] item: Leftovers\n|upkeep\n|turn|2\n|\n|t:|1776084231\n|move|p1b: Garchomp|Rock Slide|p2b: Krookodile|[spread] p2a,p2b\n|-resisted|p2b: Krookodile|1\n|-damage|p2a: Corviknight|89/100\n|-damage|p2b: Krookodile|84/100\n|move|p2b: Krookodile|Stone Edge|p1a: Aerodactyl|[miss]\n|-miss|p2b: Krookodile|p1a: Aerodactyl\n|move|p1a: Aerodactyl|Rock Slide|p2a: Corviknight|[spread] p2a,p2b\n|-resisted|p2b: Krookodile|1\n|-damage|p2a: Corviknight|79/100\n|-damage|p2b: Krookodile|74/100\n|cant|p2a: Corviknight|flinch\n|\n|-heal|p2a: Corviknight|85/100|[from] item: Leftovers\n|upkeep\n|turn|3\n|\n|t:|1776084246\n|move|p1b: Garchomp|Rock Slide|p2a: Corviknight|[spread] p2a,p2b\n|-resisted|p2b: Krookodile|1\n|-damage|p2a: Corviknight|76/100\n|-damage|p2b: Krookodile|66/100\n|move|p2b: Krookodile|Stone Edge|p1a: Aerodactyl\n|-supereffective|p1a: Aerodactyl|1\n|-damage|p1a: Aerodactyl|0 fnt\n|faint|p1a: Aerodactyl\n|cant|p2a: Corviknight|flinch\n|\n|-heal|p2a: Corviknight|82/100|[from] item: Leftovers\n|upkeep\n|c|\u2606tikmasjien|Bro\n|\n|t:|1776084259\n|switch|p1a: Sneasler|Sneasler, L50, M|100/100\n|turn|4\n|\n|t:|1776084264\n|switch|p2b: Rotom|Rotom-Wash, L50|100/100\n|move|p1b: Garchomp|Rock Slide|p2b: Rotom|[spread] p2a,p2b\n|-damage|p2a: Corviknight|74/100\n|-damage|p2b: Rotom|86/100\n|move|p1a: Sneasler|Close Combat|p2b: Rotom\n|-crit|p2b: Rotom\n|-damage|p2b: Rotom|0 fnt\n|-unboost|p1a: Sneasler|def|1\n|-unboost|p1a: Sneasler|spd|1\n|faint|p2b: Rotom\n|-enditem|p1a: Sneasler|White Herb\n|-clearnegativeboost|p1a: Sneasler|[silent]\n|cant|p2a: Corviknight|flinch\n|\n|-heal|p2a: Corviknight|80/100|[from] item: Leftovers\n|-sideend|p2: tikmasjien|move: Tailwind\n|-sideend|p1: LesbianMawile|move: Tailwind\n|upkeep\n|c|\u2606tikmasjien|Wow\n|c|\u2606tikmasjien|Crit\n|c|\u2606tikmasjien|And a 3rd flinch\n|c|\u2606LesbianMawile|yeah\n|\n|t:|1776084285\n|switch|p2b: Krookodile|Krookodile, L50, M|66/100\n|-ability|p2b: Krookodile|Intimidate|boost\n|-unboost|p1a: Sneasler|atk|1\n|-unboost|p1b: Garchomp|atk|1\n|turn|5\n|c|\u2606LesbianMawile|its not like im controlling it\n|\n|t:|1776084294\n|move|p1a: Sneasler|Close Combat|p2b: Krookodile\n|-supereffective|p2b: Krookodile|1\n|-damage|p2b: Krookodile|0 fnt\n|-unboost|p1a: Sneasler|def|1\n|-unboost|p1a: Sneasler|spd|1\n|faint|p2b: Krookodile\n|move|p1b: Garchomp|Rock Slide|p2a: Corviknight\n|-damage|p2a: Corviknight|72/100\n|cant|p2a: Corviknight|flinch\n|\n|-heal|p2a: Corviknight|78/100|[from] item: Leftovers\n|upkeep\n|c|\u2606tikmasjien|Nah wrf\n|c|\u2606LesbianMawile|WH\n|c|\u2606tikmasjien|I just lost because of 4 flinches\n|\n|t:|1776084311\n|switch|p2b: Charizard|Charizard, L50, M|100/100\n|turn|6\n|\n|t:|1776084317\n|move|p2b: Charizard|Protect|p2b: Charizard\n|-singleturn|p2b: Charizard|Protect\n|move|p1a: Sneasler|Taunt|p2a: Corviknight\n|-start|p2a: Corviknight|move: Taunt\n|move|p1b: Garchomp|Rock Slide|p2a: Corviknight|[spread] p2a\n|-activate|p2b: Charizard|move: Protect\n|-damage|p2a: Corviknight|71/100\n|cant|p2a: Corviknight|flinch\n|\n|-heal|p2a: Corviknight|77/100|[from] item: Leftovers\n|upkeep\n|turn|7\n|\n|t:|1776084332\n|detailschange|p2b: Charizard|Charizard-Mega-Y, L50, M\n|-mega|p2b: Charizard|Charizard|Charizardite Y\n|-weather|SunnyDay|[from] ability: Drought|[of] p2b: Charizard\n|move|p1a: Sneasler|Close Combat|p2a: Corviknight\n|-crit|p2a: Corviknight\n|-damage|p2a: Corviknight|19/100\n|-unboost|p1a: Sneasler|def|1\n|-unboost|p1a: Sneasler|spd|1\n|move|p1b: Garchomp|Rock Slide|p2b: Charizard|[spread] p2a,p2b\n|-supereffective|p2b: Charizard|2\n|-damage|p2a: Corviknight|13/100\n|-damage|p2b: Charizard|46/100\n|move|p2b: Charizard|Heat Wave|p1b: Garchomp|[spread] p1a,p1b\n|-resisted|p1b: Garchomp|1\n|-damage|p1a: Sneasler|0 fnt\n|-damage|p1b: Garchomp|66/100\n|faint|p1a: Sneasler\n|move|p2a: Corviknight|Brave Bird|p1b: Garchomp\n|-damage|p1b: Garchomp|29/100\n|-damage|p2a: Corviknight|0 fnt|[from] ability: Rough Skin|[of] p1b: Garchomp\n|faint|p2a: Corviknight\n|\n|-weather|SunnyDay|[upkeep]\n|upkeep\n|c|\u2606tikmasjien|5 flinches\n|c|\u2606tikmasjien|And another crit\n|-message|tikmasjien forfeited.\n|\n|win|LesbianMawile\n|raw|LesbianMawile's rating: 1167 &rarr; <strong>1191</strong><br />(+24 for winning)\n|raw|tikmasjien's rating: 1152 &rarr; <strong>1128</strong><br />(-24 for losing)\n|l|\u2606tikmasjien\n|player|p2|\n|c|\u2606LesbianMawile|good god\n",
  "uploadtime": 1776084357,
  "views": 28,
  "formatid": "gen9championsvgc2026regma",
  "rating": 1128,
  "private": 0,
  "password": null
}