{
  "id": "gen9championsvgc2026regma-2586830891",
  "format": "[Gen 9 Champions] VGC 2026 Reg M-A",
  "players": [
    "mocha gob",
    "danielhart"
  ],
  "log": "|j|\u2606mocha gob\n|j|\u2606danielhart\n|t:|1776463516\n|gametype|doubles\n|player|p1|mocha gob|1|1140\n|player|p2|danielhart|policeman-gen4|1120\n|gen|9\n|tier|[Gen 9 Champions] VGC 2026 Reg M-A\n|rated|\n|rule|Species Clause: Limit one of each Pok\u00e9mon\n|rule|Item Clause: Limit 1 of each item\n|clearpoke\n|poke|p1|Meganium, L50, M|\n|poke|p1|Pelipper, L50, M|\n|poke|p1|Starmie, L50|\n|poke|p1|Whimsicott, L50, F|\n|poke|p1|Archaludon, L50, F|\n|poke|p1|Weavile, L50, M|\n|poke|p2|Zoroark-Hisui, L50, F|\n|poke|p2|Kommo-o, L50, F|\n|poke|p2|Sneasler, L50, M|\n|poke|p2|Skarmory, L50, F|\n|poke|p2|Whimsicott, L50, F|\n|poke|p2|Milotic, L50, M|\n|teampreview|4\n|inactive|Battle timer is ON: inactive players will automatically lose when time's up. (requested by mocha gob)\n|\n|t:|1776463537\n|teamsize|p1|4\n|teamsize|p2|4\n|start\n|switch|p1a: Weavile|Weavile, L50, M|100/100\n|switch|p1b: Whimsicott|Whimsicott, L50, F|100/100\n|switch|p2a: Sneasler|Sneasler, L50, M|100/100\n|switch|p2b: Whimsicott|Whimsicott, L50, F|100/100\n|-ability|p1a: Weavile|Pressure\n|turn|1\n|\n|t:|1776463551\n|move|p1a: Weavile|Fake Out|p2a: Sneasler\n|-immune|p2a: Sneasler\n|move|p1b: Whimsicott|Taunt|p2b: Whimsicott\n|-start|p2b: Whimsicott|move: Taunt\n|cant|p2b: Whimsicott|move: Taunt|Tailwind\n|move|p2a: Sneasler|Taunt|p1b: Whimsicott\n|-start|p1b: Whimsicott|move: Taunt\n|-enditem|p1b: Whimsicott|Mental Herb\n|-end|p1b: Whimsicott|move: Taunt\n|\n|upkeep\n|turn|2\n|\n|t:|1776463567\n|switch|p1b: Archaludon|Archaludon, L50, F|100/100\n|move|p1a: Weavile|Knock Off|p2a: Sneasler\n|-supereffective|p2a: Sneasler|1\n|-damage|p2a: Sneasler|0 fnt\n|replace|p2a: Zoroark|Zoroark-Hisui, L50, F\n|-end|p2a: Zoroark|Illusion\n|-enditem|p2a: Zoroark|Silk Scarf|[from] move: Knock Off|[of] p1a: Weavile\n|faint|p2a: Zoroark\n|move|p2b: Whimsicott|Dazzling Gleam|p1b: Archaludon|[spread] p1a,p1b\n|-supereffective|p1a: Weavile|1\n|-damage|p1a: Weavile|35/100\n|-damage|p1b: Archaludon|74/100\n|-ability|p1b: Archaludon|Stamina|boost\n|-boost|p1b: Archaludon|def|1\n|\n|upkeep\n|\n|t:|1776463575\n|switch|p2a: Kommo-o|Kommo-o, L50, F|100/100\n|turn|3\n|\n|t:|1776463588\n|move|p1a: Weavile|Triple Axel|p2b: Whimsicott|[miss]\n|-miss|p1a: Weavile|p2b: Whimsicott\n|move|p2b: Whimsicott|Dazzling Gleam|p1b: Archaludon|[spread] p1a,p1b\n|-supereffective|p1a: Weavile|1\n|-damage|p1a: Weavile|0 fnt\n|-damage|p1b: Archaludon|46/100\n|-ability|p1b: Archaludon|Stamina|boost\n|-boost|p1b: Archaludon|def|1\n|faint|p1a: Weavile\n|move|p1b: Archaludon|Dragon Pulse|p2a: Kommo-o\n|-supereffective|p2a: Kommo-o|1\n|-damage|p2a: Kommo-o|9/100\n|-enditem|p2a: Kommo-o|Sitrus Berry|[eat]\n|-heal|p2a: Kommo-o|33/100|[from] item: Sitrus Berry\n|move|p2a: Kommo-o|Aura Sphere|p1b: Archaludon\n|-supereffective|p1b: Archaludon|1\n|-damage|p1b: Archaludon|0 fnt\n|faint|p1b: Archaludon\n|\n|-end|p2b: Whimsicott|move: Taunt\n|upkeep\n|\n|t:|1776463604\n|switch|p1a: Whimsicott|Whimsicott, L50, F|100/100\n|switch|p1b: Starmie|Starmie, L50|100/100\n|turn|4\n|\n|t:|1776463622\n|detailschange|p1b: Starmie|Starmie-Mega, L50\n|-mega|p1b: Starmie|Starmie|Starminite\n|move|p1a: Whimsicott|Tailwind|p1a: Whimsicott\n|-sidestart|p1: mocha gob|move: Tailwind\n|move|p1b: Starmie|Psycho Cut|p2a: Kommo-o\n|-supereffective|p2a: Kommo-o|1\n|-damage|p2a: Kommo-o|0 fnt\n|faint|p2a: Kommo-o\n|move|p2b: Whimsicott|Dazzling Gleam|p1b: Starmie|[spread] p1a,p1b\n|-damage|p1a: Whimsicott|54/100\n|-damage|p1b: Starmie|69/100\n|\n|upkeep\n|\n|t:|1776463628\n|switch|p2a: Sneasler|Sneasler, L50, M|100/100\n|turn|5\n|\n|t:|1776463639\n|move|p2a: Sneasler|Fake Out|p1b: Starmie\n|-damage|p1b: Starmie|53/100\n|move|p1a: Whimsicott|Taunt|p2b: Whimsicott\n|-start|p2b: Whimsicott|move: Taunt\n|cant|p1b: Starmie|flinch\n|move|p2b: Whimsicott|Dazzling Gleam|p1a: Whimsicott|[spread] p1a,p1b\n|-damage|p1a: Whimsicott|11/100\n|-damage|p1b: Starmie|22/100\n|\n|upkeep\n|turn|6\n|\n|t:|1776463653\n|move|p2a: Sneasler|Protect|p2a: Sneasler\n|-singleturn|p2a: Sneasler|Protect\n|move|p1b: Starmie|Psycho Cut|p2a: Sneasler\n|-activate|p2a: Sneasler|move: Protect\n|move|p1a: Whimsicott|Moonblast|p2b: Whimsicott\n|-damage|p2b: Whimsicott|44/100\n|move|p2b: Whimsicott|Dazzling Gleam|p1b: Starmie|[spread] p1a,p1b\n|-damage|p1a: Whimsicott|0 fnt\n|-damage|p1b: Starmie|0 fnt\n|faint|p1a: Whimsicott\n|faint|p1b: Starmie\n|\n|win|danielhart\n|raw|mocha gob's rating: 1140 &rarr; <strong>1114</strong><br />(-26 for losing)\n|raw|danielhart's rating: 1120 &rarr; <strong>1146</strong><br />(+26 for winning)\n",
  "uploadtime": 1776463665,
  "views": 30,
  "formatid": "gen9championsvgc2026regma",
  "rating": 1114,
  "private": 0,
  "password": null
}