{
  "id": "gen9championsvgc2026regma-2582667178",
  "format": "[Gen 9 Champions] VGC 2026 Reg M-A",
  "players": [
    "mackspower55",
    "Lucasdarkron"
  ],
  "log": "|j|\u2606mackspower55\n|j|\u2606Lucasdarkron\n|t:|1776106022\n|gametype|doubles\n|player|p1|mackspower55|hiker|1040\n|player|p2|Lucasdarkron|youngster-gen4dp|1122\n|gen|9\n|tier|[Gen 9 Champions] VGC 2026 Reg M-A\n|rated|\n|rule|Species Clause: Limit one of each Pok\u00e9mon\n|rule|Item Clause: Limit 1 of each item\n|clearpoke\n|poke|p1|Floette-Eternal, L50, F|\n|poke|p1|Sylveon, L50, M|\n|poke|p1|Talonflame, L50, F|\n|poke|p1|Lucario, L50, F|\n|poke|p1|Aegislash, L50, F|\n|poke|p1|Maushold-Four, L50|\n|poke|p2|Charizard, L50, F|\n|poke|p2|Gallade, L50, M|\n|poke|p2|Venusaur, L50, M|\n|poke|p2|Whimsicott, L50, F|\n|poke|p2|Incineroar, L50, M|\n|poke|p2|Mamoswine, L50, M|\n|teampreview|4\n|inactive|Battle timer is ON: inactive players will automatically lose when time's up. (requested by Lucasdarkron)\n|inactive|mackspower55 has 60 seconds left.\n|\n|t:|1776106076\n|teamsize|p1|4\n|teamsize|p2|4\n|start\n|switch|p1a: Talonflame|Talonflame, L50, F|100/100\n|switch|p1b: Floette|Floette-Eternal, L50, F|100/100\n|switch|p2a: Incineroar|Incineroar, L50, M|100/100\n|switch|p2b: Whimsicott|Whimsicott, L50, F|100/100\n|-ability|p2a: Incineroar|Intimidate|boost\n|-unboost|p1a: Talonflame|atk|1\n|-unboost|p1b: Floette|atk|1\n|turn|1\n|\n|t:|1776106097\n|move|p1a: Talonflame|Protect|p1a: Talonflame\n|-singleturn|p1a: Talonflame|Protect\n|move|p1b: Floette|Protect|p1b: Floette\n|-singleturn|p1b: Floette|Protect\n|move|p2a: Incineroar|Fake Out|p1b: Floette\n|-activate|p1b: Floette|move: Protect\n|move|p2b: Whimsicott|Tailwind|p2b: Whimsicott\n|-sidestart|p2: Lucasdarkron|move: Tailwind\n|\n|upkeep\n|turn|2\n|inactive|mackspower55 has 30 seconds left.\n|inactive|mackspower55 has 20 seconds left.\n|\n|t:|1776106132\n|move|p2b: Whimsicott|Encore|p1a: Talonflame\n|-start|p1a: Talonflame|Encore\n|move|p1a: Talonflame|Protect||[still]\n|-fail|p1a: Talonflame\n|move|p2a: Incineroar|Throat Chop|p1a: Talonflame\n|-damage|p1a: Talonflame|49/100\n|-start|p1a: Talonflame|Throat Chop|[silent]\n|move|p1b: Floette|Calm Mind|p1b: Floette\n|-boost|p1b: Floette|spa|1\n|-boost|p1b: Floette|spd|1\n|\n|upkeep\n|turn|3\n|\n|t:|1776106153\n|switch|p1a: Maushold|Maushold-Four, L50|100/100\n|detailschange|p1b: Floette|Floette-Mega, L50, F\n|-mega|p1b: Floette|Floette|Floettite\n|-ability|p1b: Floette|Fairy Aura\n|move|p2b: Whimsicott|Encore|p1b: Floette\n|-start|p1b: Floette|Encore\n|move|p2a: Incineroar|Throat Chop|p1a: Maushold\n|-damage|p1a: Maushold|45/100\n|-start|p1a: Maushold|Throat Chop|[silent]\n|move|p1b: Floette|Calm Mind|p1b: Floette\n|-boost|p1b: Floette|spa|1\n|-boost|p1b: Floette|spd|1\n|\n|upkeep\n|turn|4\n|\n|t:|1776106174\n|move|p1a: Maushold|Protect|p1a: Maushold\n|-singleturn|p1a: Maushold|Protect\n|move|p2b: Whimsicott|Moonblast|p1a: Maushold\n|-activate|p1a: Maushold|move: Protect\n|move|p2a: Incineroar|Parting Shot|p1a: Maushold\n|-activate|p1a: Maushold|move: Protect\n|move|p1b: Floette|Calm Mind|p1b: Floette\n|-boost|p1b: Floette|spa|1\n|-boost|p1b: Floette|spd|1\n|\n|-end|p1a: Maushold|Throat Chop|[silent]\n|-sideend|p2: Lucasdarkron|move: Tailwind\n|upkeep\n|turn|5\n|inactive|mackspower55 has 30 seconds left.\n|\n|t:|1776106203\n|move|p2b: Whimsicott|Tailwind|p2b: Whimsicott\n|-sidestart|p2: Lucasdarkron|move: Tailwind\n|move|p1a: Maushold|Super Fang|p2a: Incineroar|[miss]\n|-miss|p1a: Maushold|p2a: Incineroar\n|move|p2a: Incineroar|Throat Chop|p1a: Maushold\n|-damage|p1a: Maushold|0 fnt\n|faint|p1a: Maushold\n|move|p1b: Floette|Calm Mind|p1b: Floette\n|-boost|p1b: Floette|spa|1\n|-boost|p1b: Floette|spd|1\n|\n|-end|p1b: Floette|Encore\n|upkeep\n|\n|t:|1776106210\n|switch|p1a: Talonflame|Talonflame, L50, F|49/100\n|turn|6\n|\n|t:|1776106219\n|move|p1b: Floette|Protect|p1b: Floette\n|-singleturn|p1b: Floette|Protect\n|move|p2b: Whimsicott|Encore|p1b: Floette\n|-activate|p1b: Floette|move: Protect\n|move|p1a: Talonflame|Tailwind|p1a: Talonflame\n|-sidestart|p1: mackspower55|move: Tailwind\n|move|p2a: Incineroar|Throat Chop|p1a: Talonflame\n|-damage|p1a: Talonflame|0 fnt\n|faint|p1a: Talonflame\n|\n|upkeep\n|\n|t:|1776106226\n|switch|p1a: Aegislash|Aegislash, L50, F|100/100\n|turn|7\n|\n|t:|1776106236\n|move|p2b: Whimsicott|Encore|p1b: Floette\n|-start|p1b: Floette|Encore\n|move|p1b: Floette|Protect||[still]\n|-fail|p1b: Floette\n|-formechange|p1a: Aegislash|Aegislash-Blade|\n|move|p1a: Aegislash|Flash Cannon|p2b: Whimsicott\n|-supereffective|p2b: Whimsicott|1\n|-enditem|p2b: Whimsicott|Focus Sash\n|-damage|p2b: Whimsicott|1/100\n|move|p2a: Incineroar|Flare Blitz|p1a: Aegislash\n|-supereffective|p1a: Aegislash|1\n|-damage|p1a: Aegislash|0 fnt\n|faint|p1a: Aegislash\n|-damage|p2a: Incineroar|78/100|[from] Recoil\n|\n|upkeep\n|turn|8\n|-message|mackspower55 forfeited.\n|\n|win|Lucasdarkron\n|raw|mackspower55's rating: 1040 &rarr; <strong>1028</strong><br />(-12 for losing)\n|raw|Lucasdarkron's rating: 1122 &rarr; <strong>1141</strong><br />(+19 for winning)\n|l|\u2606mackspower55\n|player|p1|\n",
  "uploadtime": 1776106354,
  "views": 19,
  "formatid": "gen9championsvgc2026regma",
  "rating": 1028,
  "private": 0,
  "password": null
}