{
  "id": "gen9championsvgc2026regma-2587883474",
  "format": "[Gen 9 Champions] VGC 2026 Reg M-A",
  "players": [
    "RainCalc",
    "The Dover Boys"
  ],
  "log": "|j|\u2606RainCalc\n|j|\u2606The Dover Boys\n|t:|1776574346\n|gametype|doubles\n|player|p1|RainCalc|266|1270\n|player|p2|The Dover Boys|acetrainer|1348\n|gen|9\n|tier|[Gen 9 Champions] VGC 2026 Reg M-A\n|rated|\n|rule|Species Clause: Limit one of each Pok\u00e9mon\n|rule|Item Clause: Limit 1 of each item\n|clearpoke\n|poke|p1|Aggron, L50, F, shiny|\n|poke|p1|Incineroar, L50, M, shiny|\n|poke|p1|Sinistcha, L50|\n|poke|p1|Tyranitar, L50, F|\n|poke|p1|Sneasler, L50, M|\n|poke|p1|Lycanroc, L50, M, shiny|\n|poke|p2|Incineroar, L50, M|\n|poke|p2|Gardevoir, L50, M, shiny|\n|poke|p2|Farigiraf, L50, F, shiny|\n|poke|p2|Archaludon, L50, M|\n|poke|p2|Mudsdale, L50, M|\n|poke|p2|Sinistcha, L50|\n|teampreview|4\nRainCalc has agreed to open team sheets.\n|inactive|Battle timer is ON: inactive players will automatically lose when time's up. (requested by RainCalc)\n|inactive|The Dover Boys has 60 seconds left.\n|\n|t:|1776574409\n|teamsize|p1|4\n|teamsize|p2|4\n|start\n|switch|p1a: THE WALL|Aggron, L50, F, shiny|100/100\n|switch|p1b: Sinistcha|Sinistcha, L50|100/100\n|switch|p2a: Farigiraf|Farigiraf, L50, F, shiny|100/100\n|switch|p2b: AllOrNothing|Incineroar, L50, M|100/100\n|-ability|p2b: AllOrNothing|Intimidate|boost\n|-unboost|p1a: THE WALL|atk|1\n|-unboost|p1b: Sinistcha|atk|1\n|turn|1\n|inactive|The Dover Boys has 30 seconds left.\n|inactive|The Dover Boys has 20 seconds left.\n|inactive|The Dover Boys has 15 seconds left.\n|inactive|The Dover Boys has 10 seconds left.\n|inactive|The Dover Boys has 5 seconds left.\n|\n|t:|1776574460\n|detailschange|p1a: THE WALL|Aggron-Mega, L50, F, shiny\n|-mega|p1a: THE WALL|Aggron|Aggronite\n|move|p2b: AllOrNothing|Fake Out|p1a: THE WALL\n|-resisted|p1a: THE WALL|1\n|-damage|p1a: THE WALL|98/100\n|move|p1b: Sinistcha|Matcha Gotcha|p2a: Farigiraf|[spread] p2a,p2b\n|-resisted|p2b: AllOrNothing|1\n|-damage|p2a: Farigiraf|79/100\n|-damage|p2b: AllOrNothing|89/100\n|move|p2a: Farigiraf|Psyshock|p1b: Sinistcha\n|-damage|p1b: Sinistcha|65/100\n|cant|p1a: THE WALL|flinch\n|\n|upkeep\n|turn|2\n|inactive|The Dover Boys has 30 seconds left.\n|inactive|The Dover Boys has 20 seconds left.\n|\n|t:|1776574496\n|move|p2b: AllOrNothing|Flare Blitz|p1b: Sinistcha\n|-supereffective|p1b: Sinistcha|1\n|-enditem|p1b: Sinistcha|Occa Berry|[eat]\n|-enditem|p1b: Sinistcha|Occa Berry|[weaken]\n|-damage|p1b: Sinistcha|17/100\n|-damage|p2b: AllOrNothing|75/100|[from] Recoil\n|move|p2a: Farigiraf|Psyshock|p1b: Sinistcha\n|-damage|p1b: Sinistcha|0 fnt\n|faint|p1b: Sinistcha\n|move|p1a: THE WALL|Iron Defense|p1a: THE WALL\n|-boost|p1a: THE WALL|def|2\n|\n|upkeep\n|\n|t:|1776574507\n|switch|p1b: Incineroar|Incineroar, L50, M, shiny|100/100\n|-ability|p1b: Incineroar|Intimidate|boost\n|-unboost|p2a: Farigiraf|atk|1\n|-unboost|p2b: AllOrNothing|atk|1\n|turn|3\n|inactive|The Dover Boys has 30 seconds left.\n|\n|t:|1776574540\n|move|p2b: AllOrNothing|Close Combat|p1b: Incineroar\n|-supereffective|p1b: Incineroar|1\n|-damage|p1b: Incineroar|58/100\n|-unboost|p2b: AllOrNothing|def|1\n|-unboost|p2b: AllOrNothing|spd|1\n|move|p1b: Incineroar|Darkest Lariat|p2a: Farigiraf\n|-supereffective|p2a: Farigiraf|1\n|-enditem|p2a: Farigiraf|Colbur Berry|[eat]\n|-enditem|p2a: Farigiraf|Colbur Berry|[weaken]\n|-damage|p2a: Farigiraf|47/100\n|move|p2a: Farigiraf|Hyper Voice|p1b: Incineroar|[spread] p1a,p1b\n|-resisted|p1a: THE WALL|1\n|-crit|p1a: THE WALL\n|-damage|p1a: THE WALL|71/100\n|-damage|p1b: Incineroar|36/100\n|-enditem|p1b: Incineroar|Sitrus Berry|[eat]\n|-heal|p1b: Incineroar|60/100|[from] item: Sitrus Berry\n|move|p1a: THE WALL|Body Press|p2b: AllOrNothing\n|-supereffective|p2b: AllOrNothing|1\n|-damage|p2b: AllOrNothing|0 fnt\n|faint|p2b: AllOrNothing\n|\n|upkeep\n|inactive|The Dover Boys has 30 seconds left.\n|inactive|The Dover Boys has 20 seconds left.\n|\n|t:|1776574577\n|switch|p2b: Love Deluxe|Gardevoir, L50, M, shiny|100/100\n|-ability|p2b: Love Deluxe|Filter|Trace|[from] ability: Trace|[of] p1a: THE WALL\n|turn|4\n|\n|t:|1776574588\n|detailschange|p2b: Love Deluxe|Gardevoir-Mega, L50, M, shiny\n|-mega|p2b: Love Deluxe|Gardevoir|Gardevoirite\n|move|p2b: Love Deluxe|Hyper Voice|p1a: THE WALL|[spread] p1a,p1b\n|-resisted|p1a: THE WALL|1\n|-damage|p1a: THE WALL|39/100\n|-damage|p1b: Incineroar|26/100\n|move|p1b: Incineroar|Darkest Lariat|p2a: Farigiraf\n|-supereffective|p2a: Farigiraf|1\n|-damage|p2a: Farigiraf|0 fnt\n|faint|p2a: Farigiraf\n|move|p1a: THE WALL|Heavy Slam|p2b: Love Deluxe\n|-supereffective|p2b: Love Deluxe|1\n|-damage|p2b: Love Deluxe|3/100\n|\n|upkeep\n|\n|t:|1776574602\n|switch|p2a: Mudsdale|Mudsdale, L50, M|100/100\n|turn|5\n|\n|t:|1776574619\n|move|p2b: Love Deluxe|Hyper Voice|p1a: THE WALL|[spread] p1a,p1b\n|-resisted|p1a: THE WALL|1\n|-crit|p1b: Incineroar\n|-damage|p1a: THE WALL|6/100\n|-damage|p1b: Incineroar|0 fnt\n|faint|p1b: Incineroar\n|move|p1a: THE WALL|Heavy Slam|p2b: Love Deluxe\n|-supereffective|p2b: Love Deluxe|1\n|-damage|p2b: Love Deluxe|0 fnt\n|faint|p2b: Love Deluxe\n|move|p2a: Mudsdale|High Horsepower|p1a: THE WALL\n|-supereffective|p1a: THE WALL|1\n|-damage|p1a: THE WALL|0 fnt\n|faint|p1a: THE WALL\n|\n|upkeep\n|\n|t:|1776574627\n|switch|p1a: Sneasler|Sneasler, L50, M|100/100\n|turn|6\n|\n|t:|1776574639\n|move|p1a: Sneasler|Protect|p1a: Sneasler\n|-singleturn|p1a: Sneasler|Protect\n|move|p2a: Mudsdale|High Horsepower|p1a: Sneasler\n|-activate|p1a: Sneasler|move: Protect\n|\n|upkeep\n|turn|7\n|\n|t:|1776574646\n|move|p1a: Sneasler|Close Combat|p2a: Mudsdale\n|-damage|p2a: Mudsdale|43/100\n|-unboost|p1a: Sneasler|def|1\n|-unboost|p1a: Sneasler|spd|1\n|-enditem|p1a: Sneasler|White Herb\n|-clearnegativeboost|p1a: Sneasler|[silent]\n|move|p2a: Mudsdale|High Horsepower|p1a: Sneasler\n|-supereffective|p1a: Sneasler|1\n|-damage|p1a: Sneasler|0 fnt\n|faint|p1a: Sneasler\n|\n|win|The Dover Boys\n|raw|RainCalc's rating: 1270 &rarr; <strong>1251</strong><br />(-19 for losing)\n|raw|The Dover Boys's rating: 1348 &rarr; <strong>1364</strong><br />(+16 for winning)\n|l|\u2606RainCalc\n|player|p1|\n|c|\u2606The Dover Boys|Gg\n",
  "uploadtime": 1776574686,
  "views": 37,
  "formatid": "gen9championsvgc2026regma",
  "rating": 1251,
  "private": 0,
  "password": null
}