{
  "id": "gen9championsvgc2026regma-2587819526",
  "format": "[Gen 9 Champions] VGC 2026 Reg M-A",
  "players": [
    "phat shaming vegan",
    "Jinhiko"
  ],
  "log": "|j|\u2606phat shaming vegan\n|j|\u2606Jinhiko\n|t:|1776567258\n|gametype|doubles\n|player|p1|phat shaming vegan|n|1290\n|player|p2|Jinhiko|102|1376\n|gen|9\n|tier|[Gen 9 Champions] VGC 2026 Reg M-A\n|rated|\n|rule|Species Clause: Limit one of each Pok\u00e9mon\n|rule|Item Clause: Limit 1 of each item\n|clearpoke\n|poke|p1|Froslass, L50, F|\n|poke|p1|Mamoswine, L50, F|\n|poke|p1|Gyarados, L50, M|\n|poke|p1|Whimsicott, L50, M|\n|poke|p1|Sneasler, L50, M|\n|poke|p1|Rotom-Heat, L50|\n|poke|p2|Aerodactyl, L50, M, shiny|\n|poke|p2|Venusaur, L50, F, shiny|\n|poke|p2|Incineroar, L50, F, shiny|\n|poke|p2|Feraligatr, L50, F, shiny|\n|poke|p2|Kingambit, L50, M, shiny|\n|poke|p2|Sinistcha, L50, shiny|\n|teampreview|4\n|inactive|Battle timer is ON: inactive players will automatically lose when time's up. (requested by Jinhiko)\n|inactive|phat shaming vegan has 60 seconds left.\n|inactive|Jinhiko has 60 seconds left.\n|\n|t:|1776567309\n|teamsize|p1|4\n|teamsize|p2|4\n|start\n|switch|p1a: Whimsicott|Whimsicott, L50, M|100/100\n|switch|p1b: Mamoswine|Mamoswine, L50, F|100/100\n|switch|p2a: Aerodactyl|Aerodactyl, L50, M, shiny|100/100\n|switch|p2b: Incineroar|Incineroar, L50, F, shiny|100/100\n|-ability|p2a: Aerodactyl|Unnerve\n|-ability|p2b: Incineroar|Intimidate|boost\n|-unboost|p1a: Whimsicott|atk|1\n|-fail|p1b: Mamoswine|unboost|Attack|[from] ability: Oblivious|[of] p1b: Mamoswine\n|turn|1\n|\n|t:|1776567332\n|move|p1a: Whimsicott|Protect|p1a: Whimsicott\n|-singleturn|p1a: Whimsicott|Protect\n|move|p2b: Incineroar|Fake Out|p1b: Mamoswine\n|-damage|p1b: Mamoswine|85/100\n|move|p2a: Aerodactyl|Tailwind|p2a: Aerodactyl\n|-sidestart|p2: Jinhiko|move: Tailwind\n|cant|p1b: Mamoswine|flinch\n|\n|upkeep\n|turn|2\n|\n|t:|1776567352\n|move|p2a: Aerodactyl|Protect|p2a: Aerodactyl\n|-singleturn|p2a: Aerodactyl|Protect\n|move|p1a: Whimsicott|Tailwind|p1a: Whimsicott\n|-sidestart|p1: phat shaming vegan|move: Tailwind\n|move|p1b: Mamoswine|Rock Tomb|p2a: Aerodactyl\n|-activate|p2a: Aerodactyl|move: Protect\n|move|p2b: Incineroar|Flare Blitz|p1a: Whimsicott\n|-supereffective|p1a: Whimsicott|1\n|-enditem|p1a: Whimsicott|Focus Sash\n|-damage|p1a: Whimsicott|1/100\n|-damage|p2b: Incineroar|72/100|[from] Recoil\n|\n|upkeep\n|turn|3\n|\n|t:|1776567376\n|move|p1b: Mamoswine|Ice Shard|p2a: Aerodactyl\n|-supereffective|p2a: Aerodactyl|1\n|-damage|p2a: Aerodactyl|30/100\n|move|p2a: Aerodactyl|Rock Slide|p1a: Whimsicott|[spread] p1a,p1b\n|-damage|p1a: Whimsicott|0 fnt\n|-damage|p1b: Mamoswine|55/100\n|faint|p1a: Whimsicott\n|move|p2b: Incineroar|Flare Blitz|p1b: Mamoswine\n|-supereffective|p1b: Mamoswine|1\n|-damage|p1b: Mamoswine|0 fnt\n|faint|p1b: Mamoswine\n|-damage|p2b: Incineroar|54/100|[from] Recoil\n|\n|upkeep\n|\n|t:|1776567384\n|switch|p1a: Froslass|Froslass, L50, F|100/100\n|switch|p1b: Rotom|Rotom-Heat, L50|100/100\n|turn|4\n|inactive|phat shaming vegan has 30 seconds left.\n|inactive|phat shaming vegan has 20 seconds left.\n|inactive|phat shaming vegan has 15 seconds left.\n|\n|t:|1776567429\n|detailschange|p1a: Froslass|Froslass-Mega, L50, F\n|-mega|p1a: Froslass|Froslass|Froslassite\n|-weather|Snowscape|[from] ability: Snow Warning|[of] p1a: Froslass\n|move|p1a: Froslass|Protect|p1a: Froslass\n|-singleturn|p1a: Froslass|Protect\n|move|p2a: Aerodactyl|Rock Slide|p1b: Rotom|[spread] p1b\n|-activate|p1a: Froslass|move: Protect\n|-supereffective|p1b: Rotom|1\n|-damage|p1b: Rotom|45/100\n|move|p1b: Rotom|Volt Switch|p2a: Aerodactyl\n|-supereffective|p2a: Aerodactyl|1\n|-damage|p2a: Aerodactyl|0 fnt\n|faint|p2a: Aerodactyl\n|move|p2b: Incineroar|Flare Blitz|p1a: Froslass\n|-activate|p1a: Froslass|move: Protect\n|\n|-weather|Snowscape|[upkeep]\n|-heal|p1b: Rotom|50/100|[from] item: Leftovers\n|-sideend|p2: Jinhiko|move: Tailwind\n|upkeep\n|\n|t:|1776567442\n|switch|p2a: Feraligatr|Feraligatr, L50, F, shiny|100/100\n|turn|5\n|\n|t:|1776567461\n|detailschange|p2a: Feraligatr|Feraligatr-Mega, L50, F, shiny\n|-mega|p2a: Feraligatr|Feraligatr|Feraligite\n|move|p2a: Feraligatr|Aqua Jet|p1b: Rotom\n|-supereffective|p1b: Rotom|1\n|-damage|p1b: Rotom|0 fnt\n|faint|p1b: Rotom\n|move|p1a: Froslass|Aurora Veil|p1a: Froslass\n|-sidestart|p1: phat shaming vegan|move: Aurora Veil\n|move|p2b: Incineroar|Flare Blitz|p1a: Froslass\n|-supereffective|p1a: Froslass|1\n|-damage|p1a: Froslass|21/100\n|-damage|p2b: Incineroar|34/100|[from] Recoil\n|-enditem|p2b: Incineroar|Sitrus Berry|[eat]\n|-heal|p2b: Incineroar|58/100|[from] item: Sitrus Berry\n|\n|-weather|Snowscape|[upkeep]\n|-sideend|p1: phat shaming vegan|move: Tailwind\n|upkeep\n|turn|6\n|\n|t:|1776567472\n|move|p2a: Feraligatr|Aqua Jet|p1a: Froslass\n|-damage|p1a: Froslass|3/100\n|move|p1a: Froslass|Blizzard|p2a: Feraligatr|[spread] p2a,p2b\n|-resisted|p2b: Incineroar|1\n|-damage|p2a: Feraligatr|48/100\n|-damage|p2b: Incineroar|37/100\n|-status|p2b: Incineroar|frz\n|-curestatus|p2b: Incineroar|frz|[from] move: Flare Blitz\n|move|p2b: Incineroar|Flare Blitz|p1a: Froslass\n|-supereffective|p1a: Froslass|1\n|-damage|p1a: Froslass|0 fnt\n|faint|p1a: Froslass\n|-damage|p2b: Incineroar|36/100|[from] Recoil\n|\n|win|Jinhiko\n|raw|phat shaming vegan's rating: 1290 &rarr; <strong>1271</strong><br />(-19 for losing)\n|raw|Jinhiko's rating: 1376 &rarr; <strong>1391</strong><br />(+15 for winning)\n|l|\u2606phat shaming vegan\n|player|p1|\n",
  "uploadtime": 1776567483,
  "views": 21,
  "formatid": "gen9championsvgc2026regma",
  "rating": 1271,
  "private": 0,
  "password": null
}