{
  "id": "gen9championsvgc2026regma-2586387616",
  "format": "[Gen 9 Champions] VGC 2026 Reg M-A",
  "players": [
    "arieltimesfour",
    "Azure Resolution"
  ],
  "log": "|j|\u2606arieltimesfour\n|j|\u2606Azure Resolution\n|t:|1776430991\n|gametype|doubles\n|player|p1|arieltimesfour|winona|1184\n|player|p2|Azure Resolution|gentleman-gen4dp|1200\n|gen|9\n|tier|[Gen 9 Champions] VGC 2026 Reg M-A\n|rated|\n|rule|Species Clause: Limit one of each Pok\u00e9mon\n|rule|Item Clause: Limit 1 of each item\n|clearpoke\n|poke|p1|Gardevoir, L50, M|\n|poke|p1|Kingambit, L50, F|\n|poke|p1|Dragapult, L50, F|\n|poke|p1|Meowstic, L50, M|\n|poke|p1|Arcanine-Hisui, L50, F|\n|poke|p1|Whimsicott, L50, M|\n|poke|p2|Altaria, L50, F|\n|poke|p2|Delphox, L50, M|\n|poke|p2|Kingambit, L50, M|\n|poke|p2|Basculegion, L50, M|\n|poke|p2|Sneasler, L50, F|\n|poke|p2|Sableye, L50, M|\n|teampreview|4\n|\n|t:|1776431027\n|teamsize|p1|4\n|teamsize|p2|4\n|start\n|switch|p1a: Dragapult|Dragapult, L50, F|100/100\n|switch|p1b: Arcanine|Arcanine-Hisui, L50, F|100/100\n|switch|p2a: Sableye|Sableye, L50, M|100/100\n|switch|p2b: Sneasler|Sneasler, L50, F|100/100\n|turn|1\n|\n|t:|1776431053\n|move|p2b: Sneasler|Fake Out|p1b: Arcanine\n|-resisted|p1b: Arcanine|1\n|-crit|p1b: Arcanine\n|-damage|p1b: Arcanine|85/100\n|cant|p1b: Arcanine|flinch\n|move|p1a: Dragapult|Psychic Fangs|p2b: Sneasler\n|-supereffective|p2b: Sneasler|2\n|-crit|p2b: Sneasler\n|-enditem|p2b: Sneasler|Focus Sash\n|-damage|p2b: Sneasler|1/100\n|move|p2a: Sableye|Foul Play|p1a: Dragapult\n|-supereffective|p1a: Dragapult|1\n|-damage|p1a: Dragapult|0 fnt\n|faint|p1a: Dragapult\n|\n|upkeep\n|\n|t:|1776431077\n|switch|p1a: Whimsicott|Whimsicott, L50, M|100/100\n|turn|2\n|\n|t:|1776431111\n|move|p1a: Whimsicott|Tailwind|p1a: Whimsicott\n|-sidestart|p1: arieltimesfour|move: Tailwind\n|move|p1b: Arcanine|Head Smash|p2a: Sableye\n|-damage|p2a: Sableye|0 fnt\n|faint|p2a: Sableye\n|move|p2b: Sneasler|Dire Claw|p1a: Whimsicott\n|-supereffective|p1a: Whimsicott|2\n|-enditem|p1a: Whimsicott|Focus Sash\n|-damage|p1a: Whimsicott|1/100\n|\n|upkeep\n|\n|t:|1776431127\n|switch|p2a: Basculegion|Basculegion, L50, M|100/100\n|turn|3\n|\n|t:|1776431166\n|move|p2a: Basculegion|Aqua Jet|p1b: Arcanine\n|-supereffective|p1b: Arcanine|2\n|-damage|p1b: Arcanine|0 fnt\n|faint|p1b: Arcanine\n|move|p2b: Sneasler|Dire Claw|p1a: Whimsicott\n|-supereffective|p1a: Whimsicott|2\n|-damage|p1a: Whimsicott|0 fnt\n|faint|p1a: Whimsicott\n|\n|upkeep\n|\n|t:|1776431175\n|switch|p1b: Gardevoir|Gardevoir, L50, M|100/100\n|turn|4\n|\n|t:|1776431183\n|switch|p2a: Delphox|Delphox, L50, M|100/100\n|detailschange|p1b: Gardevoir|Gardevoir-Mega, L50, M\n|-mega|p1b: Gardevoir|Gardevoir|Gardevoirite\n|move|p2b: Sneasler|Protect|p2b: Sneasler\n|-singleturn|p2b: Sneasler|Protect\n|move|p1b: Gardevoir|Hyper Voice|p2b: Sneasler|[spread] p2a\n|-activate|p2b: Sneasler|move: Protect\n|-resisted|p2a: Delphox|1\n|-damage|p2a: Delphox|73/100\n|\n|upkeep\n|turn|5\n|\n|t:|1776431199\n|detailschange|p2a: Delphox|Delphox-Mega, L50, M\n|-mega|p2a: Delphox|Delphox|Delphoxite\n|move|p2b: Sneasler|Dire Claw|p1b: Gardevoir\n|-supereffective|p1b: Gardevoir|1\n|-damage|p1b: Gardevoir|0 fnt\n|faint|p1b: Gardevoir\n|\n|win|Azure Resolution\n|raw|arieltimesfour's rating: 1184 &rarr; <strong>1160</strong><br />(-24 for losing)\n|raw|Azure Resolution's rating: 1200 &rarr; <strong>1224</strong><br />(+24 for winning)\n|l|\u2606arieltimesfour\n|player|p1|\n",
  "uploadtime": 1776431207,
  "views": 33,
  "formatid": "gen9championsvgc2026regma",
  "rating": 1160,
  "private": 0,
  "password": null
}