{
  "id": "gen9championsvgc2026regma-2581258282",
  "format": "[Gen 9 Champions] VGC 2026 Reg M-A",
  "players": [
    "khungcanh",
    "giftedyewsucks"
  ],
  "log": "|j|\u2606khungcanh\n|j|\u2606giftedyewsucks\n|t:|1775977424\n|gametype|doubles\n|player|p1|khungcanh|169|\n|player|p2|giftedyewsucks|101|\n|gen|9\n|tier|[Gen 9 Champions] VGC 2026 Reg M-A\n|rated|Tournament battle\n|rule|Species Clause: Limit one of each Pok\u00e9mon\n|rule|Item Clause: Limit 1 of each item\n|clearpoke\n|poke|p1|Charizard, L50, M|\n|poke|p1|Whimsicott, L50, F|\n|poke|p1|Garchomp, L50, M|\n|poke|p1|Incineroar, L50, F|\n|poke|p1|Sneasler, L50, F|\n|poke|p1|Venusaur, L50, M|\n|poke|p2|Kingambit, L50, F|\n|poke|p2|Sneasler, L50, M|\n|poke|p2|Charizard, L50, F|\n|poke|p2|Whimsicott, L50, F|\n|poke|p2|Garchomp, L50, M|\n|poke|p2|Rotom-Wash, L50|\n|teampreview|4\nkhungcanh has agreed to open team sheets.\n|inactive|Battle timer is ON: inactive players will automatically lose when time's up. (requested by khungcanh)\ngiftedyewsucks has agreed to open team sheets.\n|showteam|p1|Charizard||CharizarditeY|SolarPower|HeatWave,SolarBeam,AirSlash,Protect|||M|||50|]Whimsicott||FocusSash|Prankster|Moonblast,Encore,Tailwind,SunnyDay|||F|||50|]Garchomp||ChoiceScarf|RoughSkin|Earthquake,StompingTantrum,DragonClaw,RockSlide|||M|||50|]Incineroar||SitrusBerry|Intimidate|FakeOut,PartingShot,Snarl,FlareBlitz|||F|||50|]Sneasler||WhiteHerb|Unburden|DireClaw,CloseCombat,FakeOut,Protect|||F|||50|]Venusaur||Leftovers|Chlorophyll|SleepPowder,GigaDrain,SludgeBomb,Protect|||M|||50|\n|showteam|p2|Kingambit||BlackGlasses|Defiant|KowtowCleave,SuckerPunch,SwordsDance,Protect|||F|||50|]Sneasler||WhiteHerb|Unburden|DireClaw,CloseCombat,Protect,FakeOut|||M|||50|]Charizard||CharizarditeY|Blaze|HeatWave,Overheat,SolarBeam,Protect|||F|||50|]Whimsicott||FocusSash|Prankster|Tailwind,SunnyDay,Moonblast,Protect|||F|||50|]Garchomp||ChoiceScarf|RoughSkin|Earthquake,StompingTantrum,RockSlide,DragonClaw|||M|||50|]Rotom-Wash||SitrusBerry|Levitate|Thunderbolt,HydroPump,WillOWisp,Protect||||||50|\n|c|\u2606khungcanh|glhf\n|c|\u2606giftedyewsucks|u2\n|\n|t:|1775977456\n|teamsize|p1|4\n|teamsize|p2|4\n|start\n|switch|p1a: Whimsicott|Whimsicott, L50, F|100/100\n|switch|p1b: S\u1edd \u1ebech|Venusaur, L50, M|100/100\n|switch|p2a: Charizard|Charizard, L50, F|100/100\n|switch|p2b: Whimsicott|Whimsicott, L50, F, shiny|100/100\n|turn|1\n|j| Reign1997\n|\n|t:|1775977472\n|move|p1a: Whimsicott|Tailwind|p1a: Whimsicott\n|-sidestart|p1: khungcanh|move: Tailwind\n|move|p2b: Whimsicott|Tailwind|p2b: Whimsicott\n|-sidestart|p2: giftedyewsucks|move: Tailwind\n|move|p2a: Charizard|Heat Wave|p1b: S\u1edd \u1ebech|[spread] p1a,p1b\n|-supereffective|p1a: Whimsicott|1\n|-supereffective|p1b: S\u1edd \u1ebech|1\n|-damage|p1a: Whimsicott|3/100\n|-damage|p1b: S\u1edd \u1ebech|20/100\n|move|p1b: S\u1edd \u1ebech|Sleep Powder|p2a: Charizard\n|-status|p2a: Charizard|slp|[from] move: Sleep Powder\n|\n|-heal|p1b: S\u1edd \u1ebech|26/100|[from] item: Leftovers\n|upkeep\n|turn|2\n|\n|t:|1775977489\n|move|p1a: Whimsicott|Encore|p2b: Whimsicott\n|-start|p2b: Whimsicott|Encore\n|move|p2b: Whimsicott|Tailwind||[still]\n|-fail|p2b: Whimsicott\n|cant|p2a: Charizard|slp\n|move|p1b: S\u1edd \u1ebech|Sludge Bomb|p2b: Whimsicott\n|-supereffective|p2b: Whimsicott|2\n|-enditem|p2b: Whimsicott|Focus Sash\n|-damage|p2b: Whimsicott|1/100\n|\n|-heal|p1b: S\u1edd \u1ebech|32/100|[from] item: Leftovers\n|upkeep\n|turn|3\n|\n|t:|1775977499\n|switch|p2b: Sneasler|Sneasler, L50, M|100/100\n|move|p1a: Whimsicott|Moonblast|p2b: Sneasler\n|-damage|p2b: Sneasler|56/100\n|-curestatus|p2a: Charizard|slp|[msg]\n|move|p2a: Charizard|Heat Wave|p1a: Whimsicott|[spread] p1a,p1b\n|-supereffective|p1a: Whimsicott|1\n|-supereffective|p1b: S\u1edd \u1ebech|1\n|-damage|p1a: Whimsicott|0 fnt\n|-damage|p1b: S\u1edd \u1ebech|0 fnt\n|faint|p1a: Whimsicott\n|faint|p1b: S\u1edd \u1ebech\n|\n|upkeep\n|\n|t:|1775977505\n|switch|p1a: C\u1eafn C\u00e1p Wifi|Garchomp, L50, M|100/100\n|switch|p1b: R\u1ed3ng L\u1ed9n|Charizard, L50, M|100/100\n|turn|4\n|\n|t:|1775977518\n|switch|p2a: Garchomp|Garchomp, L50, M|100/100\n|detailschange|p1b: R\u1ed3ng L\u1ed9n|Charizard-Mega-Y, L50, M\n|-mega|p1b: R\u1ed3ng L\u1ed9n|Charizard|Charizardite Y\n|-weather|SunnyDay|[from] ability: Drought|[of] p1b: R\u1ed3ng L\u1ed9n\n|move|p2b: Sneasler|Protect|p2b: Sneasler\n|-singleturn|p2b: Sneasler|Protect\n|move|p1a: C\u1eafn C\u00e1p Wifi|Dragon Claw|p2a: Garchomp\n|-supereffective|p2a: Garchomp|1\n|-damage|p2a: Garchomp|18/100\n|-damage|p1a: C\u1eafn C\u00e1p Wifi|88/100|[from] ability: Rough Skin|[of] p2a: Garchomp\n|move|p1b: R\u1ed3ng L\u1ed9n|Heat Wave|p2b: Sneasler|[spread] p2a\n|-activate|p2b: Sneasler|move: Protect\n|-resisted|p2a: Garchomp|1\n|-damage|p2a: Garchomp|0 fnt\n|faint|p2a: Garchomp\n|\n|-weather|SunnyDay|[upkeep]\n|-sideend|p2: giftedyewsucks|move: Tailwind\n|-sideend|p1: khungcanh|move: Tailwind\n|upkeep\n|\n|t:|1775977524\n|switch|p2a: Whimsicott|Whimsicott, L50, F, shiny|1/100\n|turn|5\n|\n|t:|1775977538\n|move|p2a: Whimsicott|Tailwind|p2a: Whimsicott\n|-sidestart|p2: giftedyewsucks|move: Tailwind\n|move|p2b: Sneasler|Close Combat|p1a: C\u1eafn C\u00e1p Wifi\n|-damage|p1a: C\u1eafn C\u00e1p Wifi|30/100\n|-unboost|p2b: Sneasler|def|1\n|-unboost|p2b: Sneasler|spd|1\n|-damage|p2b: Sneasler|44/100|[from] ability: Rough Skin|[of] p1a: C\u1eafn C\u00e1p Wifi\n|-enditem|p2b: Sneasler|White Herb\n|-clearnegativeboost|p2b: Sneasler|[silent]\n|move|p1a: C\u1eafn C\u00e1p Wifi|Dragon Claw|p2b: Sneasler\n|-damage|p2b: Sneasler|0 fnt\n|faint|p2b: Sneasler\n|move|p1b: R\u1ed3ng L\u1ed9n|Heat Wave|p2a: Whimsicott\n|-supereffective|p2a: Whimsicott|1\n|-damage|p2a: Whimsicott|0 fnt\n|faint|p2a: Whimsicott\n|\n|-weather|SunnyDay|[upkeep]\n|upkeep\n|j| maydeotentaomayngu\n|\n|t:|1775977540\n|switch|p2b: Charizard|Charizard, L50, F|100/100\n|turn|6\n|\n|t:|1775977547\n|detailschange|p2b: Charizard|Charizard-Mega-Y, L50, F\n|-mega|p2b: Charizard|Charizard|Charizardite Y\n|move|p2b: Charizard|Heat Wave|p1a: C\u1eafn C\u00e1p Wifi|[spread] p1b\n|-miss|p2b: Charizard|p1a: C\u1eafn C\u00e1p Wifi\n|-resisted|p1b: R\u1ed3ng L\u1ed9n|1\n|-damage|p1b: R\u1ed3ng L\u1ed9n|68/100\n|move|p1a: C\u1eafn C\u00e1p Wifi|Dragon Claw|p2b: Charizard\n|-crit|p2b: Charizard\n|-damage|p2b: Charizard|3/100\n|move|p1b: R\u1ed3ng L\u1ed9n|Air Slash|p2b: Charizard\n|-damage|p2b: Charizard|0 fnt\n|faint|p2b: Charizard\n|\n|win|khungcanh\n|n|\u2606khungcanh|khungcanh\n|n|\u2606giftedyewsucks|giftedyewsucks\n|n| Reign1997|reign1997\n|n| maydeotentaomayngu|maydeotentaomayngu\n|l|\u2606giftedyewsucks\n|player|p2|\n|l|\u2606khungcanh\n|player|p1|\n|l| maydeotentaomayngu\n|j| aurora ltd\n",
  "uploadtime": 1775978059,
  "views": 14,
  "formatid": "gen9championsvgc2026regma",
  "rating": null,
  "private": 0,
  "password": null
}