{
  "id": "gen9championsvgc2026regma-2588838436",
  "format": "[Gen 9 Champions] VGC 2026 Reg M-A",
  "players": [
    "HamKiss",
    "Spgdd"
  ],
  "log": "|j|\u2606HamKiss\n|j|\u2606Spgdd\n|t:|1776677041\n|gametype|doubles\n|player|p1|HamKiss|crasherwake|1090\n|player|p2|Spgdd|miku-water|1113\n|gen|9\n|tier|[Gen 9 Champions] VGC 2026 Reg M-A\n|rated|\n|rule|Species Clause: Limit one of each Pok\u00e9mon\n|rule|Item Clause: Limit 1 of each item\n|clearpoke\n|poke|p1|Floette-Eternal, L50, F|\n|poke|p1|Snorlax, L50, F|\n|poke|p1|Basculegion, L50, M|\n|poke|p1|Ariados, L50, F|\n|poke|p1|Incineroar, L50, M|\n|poke|p1|Kommo-o, L50, F|\n|poke|p2|Starmie, L50, shiny|\n|poke|p2|Meganium, L50, F, shiny|\n|poke|p2|Pelipper, L50, M, shiny|\n|poke|p2|Sableye, L50, M, shiny|\n|poke|p2|Garchomp, L50, M, shiny|\n|poke|p2|Archaludon, L50, M, shiny|\n|teampreview|4\n|inactive|Battle timer is ON: inactive players will automatically lose when time's up. (requested by Spgdd)\n|\n|t:|1776677066\n|teamsize|p1|4\n|teamsize|p2|4\n|start\n|switch|p1a: Ariados|Ariados, L50, F|100/100\n|switch|p1b: Snorlax|Snorlax, L50, F|100/100\n|switch|p2a: Sableye|Sableye, L50, M, shiny|100/100\n|switch|p2b: Starmie|Starmie, L50, shiny|100/100\n|turn|1\n|\n|t:|1776677086\n|detailschange|p2b: Starmie|Starmie-Mega, L50, shiny\n|-mega|p2b: Starmie|Starmie|Starminite\n|move|p2a: Sableye|Helping Hand|p2b: Starmie\n|-singleturn|p2b: Starmie|Helping Hand|[of] p2a: Sableye\n|move|p2b: Starmie|Liquidation|p1a: Ariados\n|-damage|p1a: Ariados|0 fnt\n|faint|p1a: Ariados\n|move|p1b: Snorlax|Crunch|p2b: Starmie\n|-supereffective|p2b: Starmie|1\n|-crit|p2b: Starmie\n|-damage|p2b: Starmie|0 fnt\n|faint|p2b: Starmie\n|\n|upkeep\n|\n|t:|1776677100\n|switch|p2b: Archaludon|Archaludon, L50, M, shiny|100/100\n|switch|p1a: Basculegion|Basculegion, L50, M|100/100\n|turn|2\n|\n|t:|1776677115\n|move|p1a: Basculegion|Protect|p1a: Basculegion\n|-singleturn|p1a: Basculegion|Protect\n|move|p2a: Sableye|Confuse Ray|p1a: Basculegion\n|-activate|p1a: Basculegion|move: Protect\n|move|p2b: Archaludon|Aura Sphere|p1b: Snorlax\n|-supereffective|p1b: Snorlax|1\n|-enditem|p1b: Snorlax|Chople Berry|[eat]\n|-enditem|p1b: Snorlax|Chople Berry|[weaken]\n|-damage|p1b: Snorlax|83/100\n|move|p1b: Snorlax|Yawn|p2b: Archaludon\n|-start|p2b: Archaludon|move: Yawn|[of] p1b: Snorlax\n|\n|upkeep\n|turn|3\n|\n|t:|1776677139\n|move|p1b: Snorlax|Protect|p1b: Snorlax\n|-singleturn|p1b: Snorlax|Protect\n|move|p2a: Sableye|Encore|p1b: Snorlax\n|-activate|p1b: Snorlax|move: Protect\n|move|p1a: Basculegion|Last Respects|p2a: Sableye\n|-damage|p2a: Sableye|23/100\n|move|p2b: Archaludon|Electro Shot||[still]\n|-prepare|p2b: Archaludon|Electro Shot\n|-boost|p2b: Archaludon|spa|1\n|\n|-heal|p2a: Sableye|29/100|[from] item: Leftovers\n|-end|p2b: Archaludon|move: Yawn|[silent]\n|-status|p2b: Archaludon|slp\n|upkeep\n|turn|4\n|inactive|HamKiss has 30 seconds left.\n|\n|t:|1776677168\n|switch|p1b: Floette|Floette-Eternal, L50, F|100/100\n|move|p1a: Basculegion|Aqua Jet|p2a: Sableye\n|-damage|p2a: Sableye|0 fnt\n|faint|p2a: Sableye\n|cant|p2b: Archaludon|slp\n|\n|upkeep\n|\n|t:|1776677177\n|switch|p2a: Garchomp|Garchomp, L50, M, shiny|100/100\n|turn|5\n|\n|t:|1776677185\n|detailschange|p1b: Floette|Floette-Mega, L50, F\n|-mega|p1b: Floette|Floette|Floettite\n|-ability|p1b: Floette|Fairy Aura\n|move|p2a: Garchomp|Poison Jab|p1b: Floette\n|-supereffective|p1b: Floette|1\n|-damage|p1b: Floette|30/100\n|-status|p1b: Floette|psn\n|move|p1b: Floette|Moonblast|p2b: Archaludon\n|-damage|p2b: Archaludon|25/100 slp\n|-ability|p2b: Archaludon|Stamina|boost\n|-boost|p2b: Archaludon|def|1\n|-enditem|p2b: Archaludon|Sitrus Berry|[eat]\n|-heal|p2b: Archaludon|50/100 slp|[from] item: Sitrus Berry\n|move|p1a: Basculegion|Wave Crash|p2a: Garchomp\n|-damage|p2a: Garchomp|22/100\n|-damage|p1a: Basculegion|88/100|[from] ability: Rough Skin|[of] p2a: Garchomp\n|-damage|p1a: Basculegion|64/100|[from] Recoil\n|-curestatus|p2b: Archaludon|slp|[msg]\n|move|p2b: Archaludon|Flash Cannon|p1b: Floette\n|-supereffective|p1b: Floette|1\n|-crit|p1b: Floette\n|-damage|p1b: Floette|0 fnt\n|faint|p1b: Floette\n|\n|upkeep\n|\n|t:|1776677205\n|switch|p1b: Snorlax|Snorlax, L50, F|83/100\n|turn|6\n|\n|t:|1776677226\n|move|p1a: Basculegion|Protect|p1a: Basculegion\n|-singleturn|p1a: Basculegion|Protect\n|move|p2a: Garchomp|Outrage|p1b: Snorlax\n|-damage|p1b: Snorlax|35/100\n|-heal|p2a: Garchomp|29/100|[from] item: Shell Bell|[of] p1b: Snorlax\n|move|p2b: Archaludon|Aura Sphere|p1b: Snorlax\n|-supereffective|p1b: Snorlax|1\n|-damage|p1b: Snorlax|0 fnt\n|faint|p1b: Snorlax\n|\n|upkeep\n|turn|7\n|\n|t:|1776677242\n|move|p1a: Basculegion|Aqua Jet|p2a: Garchomp\n|-damage|p2a: Garchomp|0 fnt\n|-damage|p1a: Basculegion|52/100|[from] ability: Rough Skin|[of] p2a: Garchomp\n|faint|p2a: Garchomp\n|move|p2b: Archaludon|Dragon Pulse|p1a: Basculegion\n|-damage|p1a: Basculegion|0 fnt\n|faint|p1a: Basculegion\n|\n|win|Spgdd\n|raw|HamKiss's rating: 1090 &rarr; <strong>1068</strong><br />(-22 for losing)\n|raw|Spgdd's rating: 1113 &rarr; <strong>1136</strong><br />(+23 for winning)\n|l|\u2606HamKiss\n|player|p1|\n",
  "uploadtime": 1776677252,
  "views": 13,
  "formatid": "gen9championsvgc2026regma",
  "rating": 1068,
  "private": 0,
  "password": null
}