{
  "id": "gen9championsvgc2026regma-2583787994",
  "format": "[Gen 9 Champions] VGC 2026 Reg M-A",
  "players": [
    "Lonewolf3593",
    "Yunobo7"
  ],
  "log": "|j|\u2606Lonewolf3593\n|j|\u2606Yunobo7\n|t:|1776197734\n|gametype|doubles\n|player|p1|Lonewolf3593|170|1180\n|player|p2|Yunobo7|miku-ghost|1146\n|gen|9\n|tier|[Gen 9 Champions] VGC 2026 Reg M-A\n|rated|\n|rule|Species Clause: Limit one of each Pok\u00e9mon\n|rule|Item Clause: Limit 1 of each item\n|clearpoke\n|poke|p1|Kingambit, L50, F|\n|poke|p1|Incineroar, L50, F|\n|poke|p1|Delphox, L50, M|\n|poke|p1|Basculegion, L50, M|\n|poke|p1|Sinistcha, L50|\n|poke|p1|Froslass, L50, F|\n|poke|p2|Charizard, L50, M|\n|poke|p2|Sneasler, L50, F|\n|poke|p2|Milotic, L50, M|\n|poke|p2|Incineroar, L50, F|\n|poke|p2|Sinistcha, L50|\n|poke|p2|Garchomp, L50, F|\n|teampreview|4\n|inactive|Battle timer is ON: inactive players will automatically lose when time's up. (requested by Yunobo7)\n|inactive|Lonewolf3593 has 60 seconds left.\n|inactive|Lonewolf3593 has 30 seconds left.\n|\n|t:|1776197797\n|teamsize|p1|4\n|teamsize|p2|4\n|start\n|switch|p1a: Incineroar|Incineroar, L50, F|100/100\n|switch|p1b: Delphox|Delphox, L50, M|100/100\n|switch|p2a: Milotic|Milotic, L50, M|100/100\n|switch|p2b: Charizard|Charizard, L50, M|100/100\n|-ability|p1a: Incineroar|Intimidate|boost\n|-unboost|p2a: Milotic|atk|1\n|-ability|p2a: Milotic|Competitive|boost\n|-boost|p2a: Milotic|spa|2\n|-unboost|p2b: Charizard|atk|1\n|turn|1\n|\n|t:|1776197813\n|switch|p2b: Incineroar|Incineroar, L50, F|100/100\n|-ability|p2b: Incineroar|Intimidate|boost\n|-unboost|p1a: Incineroar|atk|1\n|-unboost|p1b: Delphox|atk|1\n|detailschange|p1b: Delphox|Delphox-Mega, L50, M\n|-mega|p1b: Delphox|Delphox|Delphoxite\n|move|p1a: Incineroar|Fake Out|p2a: Milotic\n|-damage|p2a: Milotic|92/100\n|move|p1b: Delphox|Grass Knot|p2a: Milotic\n|-supereffective|p2a: Milotic|1\n|-damage|p2a: Milotic|40/100\n|cant|p2a: Milotic|flinch\n|\n|-heal|p2a: Milotic|46/100|[from] item: Leftovers\n|upkeep\n|turn|2\n|\n|t:|1776197829\n|move|p2b: Incineroar|Fake Out|p1b: Delphox\n|-damage|p1b: Delphox|85/100\n|cant|p1b: Delphox|flinch\n|move|p2a: Milotic|Recover|p2a: Milotic\n|-heal|p2a: Milotic|96/100\n|move|p1a: Incineroar|Parting Shot|p2b: Incineroar\n|-unboost|p2b: Incineroar|atk|1\n|-unboost|p2b: Incineroar|spa|1\n|\n|t:|1776197836\n|switch|p1a: Sinistcha|Sinistcha, L50|100/100|[from] Parting Shot\n|-heal|p1b: Delphox|100/100|[from] ability: Hospitality|[of] p1a: Sinistcha\n|\n|-heal|p2a: Milotic|100/100|[from] item: Leftovers\n|upkeep\n|turn|3\n|\n|t:|1776197851\n|move|p1b: Delphox|Grass Knot|p2a: Milotic\n|-supereffective|p2a: Milotic|1\n|-damage|p2a: Milotic|48/100\n|move|p2a: Milotic|Icy Wind|p1b: Delphox|[spread] p1a,p1b\n|-supereffective|p1a: Sinistcha|1\n|-resisted|p1b: Delphox|1\n|-damage|p1a: Sinistcha|45/100\n|-damage|p1b: Delphox|90/100\n|-unboost|p1a: Sinistcha|spe|1\n|-unboost|p1b: Delphox|spe|1\n|move|p2b: Incineroar|Flare Blitz|p1a: Sinistcha\n|-supereffective|p1a: Sinistcha|1\n|-damage|p1a: Sinistcha|5/100\n|-damage|p2b: Incineroar|89/100|[from] Recoil\n|move|p1a: Sinistcha|Matcha Gotcha|p2a: Milotic|[spread] p2a\n|-miss|p1a: Sinistcha|p2b: Incineroar\n|-supereffective|p2a: Milotic|1\n|-damage|p2a: Milotic|17/100\n|-heal|p1a: Sinistcha|22/100|[from] drain|[of] p2a: Milotic\n|\n|-heal|p2a: Milotic|23/100|[from] item: Leftovers\n|upkeep\n|turn|4\n|inactive|Lonewolf3593 has 30 seconds left.\n|\n|t:|1776197878\n|switch|p1b: Incineroar|Incineroar, L50, F|100/100\n|-ability|p1b: Incineroar|Intimidate|boost\n|-unboost|p2a: Milotic|atk|1\n|-ability|p2a: Milotic|Competitive|boost\n|-boost|p2a: Milotic|spa|2\n|-unboost|p2b: Incineroar|atk|1\n|move|p2a: Milotic|Protect|p2a: Milotic\n|-singleturn|p2a: Milotic|Protect\n|move|p1a: Sinistcha|Protect|p1a: Sinistcha\n|-singleturn|p1a: Sinistcha|Protect\n|move|p2b: Incineroar|Parting Shot|p1b: Incineroar\n|-unboost|p1b: Incineroar|atk|1\n|-unboost|p1b: Incineroar|spa|1\n|\n|t:|1776197889\n|switch|p2b: Sinistcha|Sinistcha, L50|100/100|[from] Parting Shot\n|-heal|p2a: Milotic|48/100|[from] ability: Hospitality|[of] p2b: Sinistcha\n|\n|-heal|p2a: Milotic|54/100|[from] item: Leftovers\n|upkeep\n|turn|5\n|\n|t:|1776197902\n|switch|p2b: Incineroar|Incineroar, L50, F|89/100\n|-ability|p2b: Incineroar|Intimidate|boost\n|-unboost|p1a: Sinistcha|atk|1\n|-unboost|p1b: Incineroar|atk|1\n|move|p1b: Incineroar|Fake Out|p2a: Milotic\n|-damage|p2a: Milotic|48/100\n|cant|p2a: Milotic|flinch\n|move|p1a: Sinistcha|Matcha Gotcha|p2b: Incineroar|[spread] p2a,p2b\n|-supereffective|p2a: Milotic|1\n|-resisted|p2b: Incineroar|1\n|-damage|p2a: Milotic|14/100\n|-heal|p1a: Sinistcha|42/100|[from] drain|[of] p2a: Milotic\n|-damage|p2b: Incineroar|81/100\n|-heal|p1a: Sinistcha|46/100|[from] drain|[of] p2b: Incineroar\n|\n|-heal|p2a: Milotic|20/100|[from] item: Leftovers\n|upkeep\n|turn|6\n|\n|t:|1776197920\n|move|p2a: Milotic|Recover|p2a: Milotic\n|-heal|p2a: Milotic|70/100\n|move|p2b: Incineroar|Darkest Lariat|p1a: Sinistcha\n|-supereffective|p1a: Sinistcha|1\n|-damage|p1a: Sinistcha|0 fnt\n|faint|p1a: Sinistcha\n|move|p1b: Incineroar|Darkest Lariat|p2a: Milotic\n|-damage|p2a: Milotic|51/100\n|\n|-heal|p2a: Milotic|57/100|[from] item: Leftovers\n|upkeep\n|\n|t:|1776197928\n|switch|p1a: Kingambit|Kingambit, L50, F|100/100\n|turn|7\n|\n|t:|1776197936\n|switch|p2b: Sinistcha|Sinistcha, L50|100/100\n|-heal|p2a: Milotic|82/100|[from] ability: Hospitality|[of] p2b: Sinistcha\n|move|p2a: Milotic|Scald|p1b: Incineroar\n|-supereffective|p1b: Incineroar|1\n|-damage|p1b: Incineroar|0 fnt\n|faint|p1b: Incineroar\n|move|p1a: Kingambit|Swords Dance|p1a: Kingambit\n|-boost|p1a: Kingambit|atk|2\n|\n|-heal|p2a: Milotic|88/100|[from] item: Leftovers\n|upkeep\n|\n|t:|1776197944\n|switch|p1b: Delphox|Delphox-Mega, L50, M|90/100\n|turn|8\n|\n|t:|1776197951\n|move|p2b: Sinistcha|Rage Powder|p2b: Sinistcha\n|-singleturn|p2b: Sinistcha|move: Rage Powder\n|move|p1a: Kingambit|Sucker Punch||[still]\n|-fail|p1a: Kingambit\n|move|p1b: Delphox|Grass Knot|p2b: Sinistcha\n|-resisted|p2b: Sinistcha|1\n|-damage|p2b: Sinistcha|95/100\n|move|p2a: Milotic|Scald|p1a: Kingambit\n|-damage|p1a: Kingambit|0 fnt\n|faint|p1a: Kingambit\n|\n|-heal|p2a: Milotic|94/100|[from] item: Leftovers\n|upkeep\n|turn|9\n|-message|Lonewolf3593 forfeited.\n|\n|win|Yunobo7\n|raw|Lonewolf3593's rating: 1180 &rarr; <strong>1153</strong><br />(-27 for losing)\n|raw|Yunobo7's rating: 1146 &rarr; <strong>1173</strong><br />(+27 for winning)\n|l|\u2606Lonewolf3593\n|player|p1|\n",
  "uploadtime": 1776198002,
  "views": 35,
  "formatid": "gen9championsvgc2026regma",
  "rating": 1153,
  "private": 0,
  "password": null
}