{
  "id": "gen9championsvgc2026regma-2586466826",
  "format": "[Gen 9 Champions] VGC 2026 Reg M-A",
  "players": [
    "iheartskadi",
    "toxapex_uchiha"
  ],
  "log": "|j|\u2606iheartskadi\n|j|\u2606toxapex_uchiha\n|t:|1776436680\n|gametype|doubles\n|player|p1|iheartskadi|dawn-gen4pt|1142\n|player|p2|toxapex_uchiha|101|1146\n|gen|9\n|tier|[Gen 9 Champions] VGC 2026 Reg M-A\n|rated|\n|rule|Species Clause: Limit one of each Pok\u00e9mon\n|rule|Item Clause: Limit 1 of each item\n|clearpoke\n|poke|p1|Froslass, L50, F|\n|poke|p1|Kingambit, L50, F|\n|poke|p1|Garchomp, L50, F|\n|poke|p1|Sneasler, L50, M|\n|poke|p1|Primarina, L50, F|\n|poke|p1|Incineroar, L50, F|\n|poke|p2|Sinistcha, L50|\n|poke|p2|Aerodactyl, L50, F|\n|poke|p2|Sneasler, L50, F|\n|poke|p2|Basculegion, L50, M|\n|poke|p2|Floette-Eternal, L50, F|\n|poke|p2|Kingambit, L50, F|\n|teampreview|4\n|inactive|Battle timer is ON: inactive players will automatically lose when time's up. (requested by toxapex_uchiha)\n|inactive|toxapex_uchiha has 60 seconds left.\n|inactive|iheartskadi has 60 seconds left.\n|inactive|toxapex_uchiha has 30 seconds left.\n|inactive|toxapex_uchiha has 20 seconds left.\n|inactive|toxapex_uchiha has 15 seconds left.\n|\n|t:|1776436758\n|teamsize|p1|4\n|teamsize|p2|4\n|start\n|switch|p1a: Elizabeth|Froslass, L50, F, shiny|100/100\n|switch|p1b: Twink|Sneasler, L50, M|100/100\n|switch|p2a: Kingambit|Kingambit, L50, F|100/100\n|switch|p2b: Aerodactyl|Aerodactyl, L50, F|100/100\n|-ability|p2b: Aerodactyl|Unnerve\n|turn|1\n|inactive|iheartskadi has 30 seconds left.\n|inactive|toxapex_uchiha has 30 seconds left.\n|inactive|toxapex_uchiha has 20 seconds left.\n|inactive|toxapex_uchiha has 15 seconds left.\n|\n|t:|1776436800\n|detailschange|p1a: Elizabeth|Froslass-Mega, L50, F, shiny\n|-mega|p1a: Elizabeth|Froslass|Froslassite\n|-weather|Snowscape|[from] ability: Snow Warning|[of] p1a: Elizabeth\n|move|p2a: Kingambit|Protect|p2a: Kingambit\n|-singleturn|p2a: Kingambit|Protect\n|move|p1b: Twink|Fake Out|p2b: Aerodactyl\n|-resisted|p2b: Aerodactyl|1\n|-damage|p2b: Aerodactyl|88/100\n|cant|p2b: Aerodactyl|flinch\n|move|p1a: Elizabeth|Aurora Veil|p1a: Elizabeth\n|-sidestart|p1: iheartskadi|move: Aurora Veil\n|\n|-weather|Snowscape|[upkeep]\n|upkeep\n|turn|2\n|\n|t:|1776436820\n|switch|p2a: Sneasler|Sneasler, L50, F|100/100\n|move|p2b: Aerodactyl|Tailwind|p2b: Aerodactyl\n|-sidestart|p2: toxapex_uchiha|move: Tailwind\n|move|p1a: Elizabeth|Blizzard|p2b: Aerodactyl|[spread] p2a,p2b\n|-supereffective|p2b: Aerodactyl|1\n|-damage|p2a: Sneasler|37/100\n|-damage|p2b: Aerodactyl|0 fnt\n|faint|p2b: Aerodactyl\n|move|p1b: Twink|Close Combat|p2a: Sneasler\n|-resisted|p2a: Sneasler|1\n|-damage|p2a: Sneasler|0 fnt\n|-unboost|p1b: Twink|def|1\n|-unboost|p1b: Twink|spd|1\n|faint|p2a: Sneasler\n|\n|-weather|Snowscape|[upkeep]\n|upkeep\n|\n|t:|1776436831\n|switch|p2b: Kingambit|Kingambit, L50, F|100/100\n|switch|p2a: Floette|Floette-Eternal, L50, F|100/100\n|turn|3\n|inactive|toxapex_uchiha has 30 seconds left.\n|\n|t:|1776436856\n|detailschange|p2a: Floette|Floette-Mega, L50, F\n|-mega|p2a: Floette|Floette|Floettite\n|-ability|p2a: Floette|Fairy Aura\n|move|p2a: Floette|Dazzling Gleam|p1b: Twink|[spread] p1a,p1b\n|-damage|p1a: Elizabeth|65/100\n|-damage|p1b: Twink|30/100\n|move|p1a: Elizabeth|Blizzard|p2b: Kingambit|[spread] p2a,p2b\n|-crit|p2a: Floette\n|-resisted|p2b: Kingambit|1\n|-damage|p2a: Floette|43/100\n|-damage|p2b: Kingambit|77/100\n|move|p1b: Twink|Dire Claw|p2a: Floette\n|-supereffective|p2a: Floette|1\n|-damage|p2a: Floette|0 fnt\n|faint|p2a: Floette\n|move|p2b: Kingambit|Iron Head|p1a: Elizabeth\n|-supereffective|p1a: Elizabeth|1\n|-damage|p1a: Elizabeth|2/100\n|\n|-weather|Snowscape|[upkeep]\n|upkeep\n|turn|4\n|inactive|iheartskadi has 30 seconds left.\n|\n|t:|1776436883\n|move|p2b: Kingambit|Sucker Punch|p1b: Twink\n|-resisted|p1b: Twink|1\n|-damage|p1b: Twink|0 fnt\n|faint|p1b: Twink\n|move|p1a: Elizabeth|Blizzard|p2b: Kingambit\n|-resisted|p2b: Kingambit|1\n|-damage|p2b: Kingambit|43/100\n|\n|-weather|Snowscape|[upkeep]\n|upkeep\n|\n|t:|1776436894\n|switch|p1b: Cynthia|Garchomp, L50, F|100/100\n|turn|5\n|\n|t:|1776436899\n|move|p1a: Elizabeth|Protect|p1a: Elizabeth\n|-singleturn|p1a: Elizabeth|Protect\n|move|p1b: Cynthia|Earthquake|p2b: Kingambit|[spread] p2b\n|-activate|p1a: Elizabeth|move: Protect\n|-supereffective|p2b: Kingambit|1\n|-damage|p2b: Kingambit|0 fnt\n|faint|p2b: Kingambit\n|\n|win|iheartskadi\n|raw|iheartskadi's rating: 1142 &rarr; <strong>1167</strong><br />(+25 for winning)\n|raw|toxapex_uchiha's rating: 1146 &rarr; <strong>1121</strong><br />(-25 for losing)\n|l|\u2606toxapex_uchiha\n|player|p2|\n",
  "uploadtime": 1776436911,
  "views": 26,
  "formatid": "gen9championsvgc2026regma",
  "rating": 1121,
  "private": 0,
  "password": null
}