{
  "id": "gen9championsvgc2026regma-2581594598",
  "format": "[Gen 9 Champions] VGC 2026 Reg M-A",
  "players": [
    "CEExy",
    "vnunesp12"
  ],
  "log": "|j|\u2606CEExy\n|j|\u2606vnunesp12\n|t:|1776013691\n|gametype|doubles\n|player|p1|CEExy|hilbert|1156\n|player|p2|vnunesp12|red|1101\n|gen|9\n|tier|[Gen 9 Champions] VGC 2026 Reg M-A\n|rated|\n|rule|Species Clause: Limit one of each Pok\u00e9mon\n|rule|Item Clause: Limit 1 of each item\n|clearpoke\n|poke|p1|Manectric, L50, M|\n|poke|p1|Aerodactyl, L50, M|\n|poke|p1|Incineroar, L50, F|\n|poke|p1|Pelipper, L50, M|\n|poke|p1|Basculegion, L50, M|\n|poke|p1|Archaludon, L50, M|\n|poke|p2|Manectric, L50, F|\n|poke|p2|Pelipper, L50, M|\n|poke|p2|Sinistcha, L50|\n|poke|p2|Basculegion, L50, M|\n|poke|p2|Sneasler, L50, F|\n|poke|p2|Kingambit, L50, F|\n|teampreview|4\n|inactive|Battle timer is ON: inactive players will automatically lose when time's up. (requested by vnunesp12)\n|inactive|vnunesp12 has 60 seconds left.\n|\n|t:|1776013729\n|teamsize|p1|4\n|teamsize|p2|4\n|start\n|switch|p1a: Basculegion|Basculegion, L50, M|100/100\n|switch|p1b: Pelipper|Pelipper, L50, M|100/100\n|switch|p2a: Pulga|Sneasler, L50, F|100/100\n|switch|p2b: Erick|Kingambit, L50, F|100/100\n|-weather|RainDance|[from] ability: Drizzle|[of] p1b: Pelipper\n|turn|1\n|inactive|CEExy has 30 seconds left.\n|inactive|CEExy has 20 seconds left.\n|inactive|CEExy has 15 seconds left.\n|inactive|CEExy has 10 seconds left.\n|\n|t:|1776013779\n|move|p1b: Pelipper|Protect|p1b: Pelipper\n|-singleturn|p1b: Pelipper|Protect\n|move|p2a: Pulga|Fake Out|p1b: Pelipper\n|-activate|p1b: Pelipper|move: Protect\n|move|p1a: Basculegion|Wave Crash|p2b: Erick\n|-damage|p2b: Erick|31/100\n|-damage|p1a: Basculegion|81/100|[from] Recoil\n|move|p2b: Erick|Kowtow Cleave|p1a: Basculegion\n|-supereffective|p1a: Basculegion|1\n|-damage|p1a: Basculegion|0 fnt\n|faint|p1a: Basculegion\n|\n|-weather|RainDance|[upkeep]\n|upkeep\n|\n|t:|1776013788\n|switch|p1a: Archaludon|Archaludon, L50, M|100/100\n|turn|2\n|\n|t:|1776013806\n|move|p2b: Erick|Sucker Punch|p1a: Archaludon\n|-damage|p1a: Archaludon|71/100\n|-ability|p1a: Archaludon|Stamina|boost\n|-boost|p1a: Archaludon|def|1\n|move|p2a: Pulga|Close Combat|p1a: Archaludon\n|-supereffective|p1a: Archaludon|1\n|-damage|p1a: Archaludon|21/100\n|-unboost|p2a: Pulga|def|1\n|-unboost|p2a: Pulga|spd|1\n|-ability|p1a: Archaludon|Stamina|boost\n|-boost|p1a: Archaludon|def|1\n|-enditem|p2a: Pulga|White Herb\n|-clearnegativeboost|p2a: Pulga|[silent]\n|move|p1b: Pelipper|Hurricane|p2a: Pulga\n|-supereffective|p2a: Pulga|1\n|-damage|p2a: Pulga|0 fnt\n|faint|p2a: Pulga\n|move|p1a: Archaludon|Draco Meteor|p2b: Erick\n|-resisted|p2b: Erick|1\n|-damage|p2b: Erick|0 fnt\n|-unboost|p1a: Archaludon|spa|2\n|faint|p2b: Erick\n|\n|-weather|RainDance|[upkeep]\n|-heal|p1a: Archaludon|27/100|[from] item: Leftovers\n|upkeep\n|\n|t:|1776013830\n|switch|p2a: \u00c9verton Ribeiro|Pelipper, L50, M|100/100\n|switch|p2b: Luciano Juba|Manectric, L50, F|100/100\n|turn|3\n|\n|t:|1776013851\n|detailschange|p2b: Luciano Juba|Manectric-Mega, L50, F\n|-mega|p2b: Luciano Juba|Manectric|Manectite\n|-ability|p2b: Luciano Juba|Intimidate|boost\n|-unboost|p1a: Archaludon|atk|1\n|-unboost|p1b: Pelipper|atk|1\n|move|p2b: Luciano Juba|Thunder|p1a: Archaludon\n|-resisted|p1a: Archaludon|1\n|-damage|p1a: Archaludon|0 fnt\n|faint|p1a: Archaludon\n|move|p1b: Pelipper|Weather Ball|p2b: Luciano Juba\n|-damage|p2b: Luciano Juba|11/100\n|move|p2a: \u00c9verton Ribeiro|Tailwind|p2a: \u00c9verton Ribeiro\n|-sidestart|p2: vnunesp12|move: Tailwind\n|\n|-weather|RainDance|[upkeep]\n|upkeep\n|\n|t:|1776013867\n|switch|p1a: Aerodactyl|Aerodactyl, L50, M|100/100\n|-ability|p1a: Aerodactyl|Pressure\n|turn|4\n|\n|t:|1776013877\n|move|p1a: Aerodactyl|Protect|p1a: Aerodactyl\n|-singleturn|p1a: Aerodactyl|Protect\n|move|p2b: Luciano Juba|Thunder|p1b: Pelipper\n|-supereffective|p1b: Pelipper|2\n|-enditem|p1b: Pelipper|Focus Sash\n|-damage|p1b: Pelipper|1/100\n|-status|p1b: Pelipper|par\n|move|p2a: \u00c9verton Ribeiro|Weather Ball|p1a: Aerodactyl\n|-activate|p1a: Aerodactyl|move: Protect\n|move|p1b: Pelipper|Weather Ball|p2b: Luciano Juba\n|-damage|p2b: Luciano Juba|0 fnt\n|faint|p2b: Luciano Juba\n|\n|-weather|RainDance|[upkeep]\n|upkeep\n|turn|5\n|inactive|vnunesp12 has 30 seconds left.\n|\n|t:|1776013903\n|move|p2a: \u00c9verton Ribeiro|Weather Ball|p1a: Aerodactyl\n|-supereffective|p1a: Aerodactyl|1\n|-damage|p1a: Aerodactyl|0 fnt\n|faint|p1a: Aerodactyl\n|move|p1b: Pelipper|Hurricane|p2a: \u00c9verton Ribeiro\n|-damage|p2a: \u00c9verton Ribeiro|43/100\n|-start|p2a: \u00c9verton Ribeiro|confusion\n|\n|-weather|none\n|upkeep\n|turn|6\n|\n|t:|1776013916\n|move|p1b: Pelipper|Protect|p1b: Pelipper\n|-singleturn|p1b: Pelipper|Protect\n|-activate|p2a: \u00c9verton Ribeiro|confusion\n|move|p2a: \u00c9verton Ribeiro|Weather Ball|p1b: Pelipper\n|-activate|p1b: Pelipper|move: Protect\n|\n|-sideend|p2: vnunesp12|move: Tailwind\n|upkeep\n|turn|7\n|\n|t:|1776013925\n|-activate|p2a: \u00c9verton Ribeiro|confusion\n|move|p2a: \u00c9verton Ribeiro|Weather Ball|p1b: Pelipper\n|-damage|p1b: Pelipper|0 fnt\n|faint|p1b: Pelipper\n|\n|win|vnunesp12\n|raw|CEExy's rating: 1156 &rarr; <strong>1127</strong><br />(-29 for losing)\n|raw|vnunesp12's rating: 1101 &rarr; <strong>1130</strong><br />(+29 for winning)\n|l|\u2606CEExy\n|player|p1|\n",
  "uploadtime": 1776013933,
  "views": 27,
  "formatid": "gen9championsvgc2026regma",
  "rating": 1127,
  "private": 0,
  "password": null
}