{
  "id": "gen9championsvgc2026regma-2581334274",
  "format": "[Gen 9 Champions] VGC 2026 Reg M-A",
  "players": [
    "Mask4M",
    "Murphy's kitchen"
  ],
  "log": "|j|\u2606Mask4M\n|j|\u2606Murphy's kitchen\n|t:|1775988097\n|gametype|doubles\n|player|p1|Mask4M|102|1159\n|player|p2|Murphy's kitchen|1|1184\n|gen|9\n|tier|[Gen 9 Champions] VGC 2026 Reg M-A\n|rated|\n|rule|Species Clause: Limit one of each Pok\u00e9mon\n|rule|Item Clause: Limit 1 of each item\n|clearpoke\n|poke|p1|Glimmora, L50, F|\n|poke|p1|Froslass, L50, F|\n|poke|p1|Sneasler, L50, F|\n|poke|p1|Incineroar, L50, F|\n|poke|p1|Whimsicott, L50, F|\n|poke|p1|Gyarados, L50, F|\n|poke|p2|Starmie, L50|\n|poke|p2|Maushold-Four, L50|\n|poke|p2|Kommo-o, L50, M|\n|poke|p2|Aegislash, L50, F|\n|poke|p2|Rotom-Heat, L50|\n|poke|p2|Whimsicott, L50, F|\n|teampreview|4\nMask4M has agreed to open team sheets.\n|inactive|Battle timer is ON: inactive players will automatically lose when time's up. (requested by Mask4M)\n|inactive|Mask4M has 60 seconds left.\n|inactive|Murphy's kitchen has 60 seconds left.\n|inactive|Mask4M has 30 seconds left.\n|\n|t:|1775988174\n|teamsize|p1|4\n|teamsize|p2|4\n|start\n|switch|p1a: Incineroar|Incineroar, L50, F|100/100\n|switch|p1b: Sneasler|Sneasler, L50, F|100/100\n|switch|p2a: Rotom|Rotom-Heat, L50|100/100\n|switch|p2b: Kommo-o|Kommo-o, L50, M|100/100\n|-ability|p1a: Incineroar|Intimidate|boost\n|-unboost|p2a: Rotom|atk|1\n|-unboost|p2b: Kommo-o|atk|1\n|turn|1\n|inactive|Mask4M has 30 seconds left.\n|inactive|Mask4M has 20 seconds left.\n|inactive|Mask4M has 15 seconds left.\n|inactive|Mask4M has 10 seconds left.\n|inactive|Murphy's kitchen has 30 seconds left.\n|\n|t:|1775988222\n|move|p1a: Incineroar|Fake Out|p2b: Kommo-o\n|-damage|p2b: Kommo-o|89/100\n|move|p2a: Rotom|Electroweb|p1a: Incineroar|[spread] p1a,p1b\n|-damage|p1a: Incineroar|83/100\n|-damage|p1b: Sneasler|73/100\n|-unboost|p1a: Incineroar|spe|1\n|-unboost|p1b: Sneasler|spe|1\n|-enditem|p1b: Sneasler|White Herb\n|-clearnegativeboost|p1b: Sneasler|[silent]\n|move|p1b: Sneasler|Dire Claw|p2a: Rotom\n|-damage|p2a: Rotom|46/100\n|cant|p2b: Kommo-o|flinch\n|\n|upkeep\n|turn|2\n|inactive|Murphy's kitchen has 30 seconds left.\n|\n|t:|1775988250\n|switch|p2a: Maushold|Maushold-Four, L50|100/100\n|switch|p1a: Whimsicott|Whimsicott, L50, F|100/100\n|move|p1b: Sneasler|Protect|p1b: Sneasler\n|-singleturn|p1b: Sneasler|Protect\n|move|p2b: Kommo-o|Clangorous Soul|p2b: Kommo-o\n|-boost|p2b: Kommo-o|atk|1\n|-boost|p2b: Kommo-o|def|1\n|-boost|p2b: Kommo-o|spa|1\n|-boost|p2b: Kommo-o|spd|1\n|-boost|p2b: Kommo-o|spe|1\n|-damage|p2b: Kommo-o|56/100\n|\n|upkeep\n|turn|3\n|\n|t:|1775988274\n|move|p2a: Maushold|Follow Me|p2a: Maushold\n|-singleturn|p2a: Maushold|move: Follow Me\n|move|p1b: Sneasler|Close Combat|p2a: Maushold\n|-supereffective|p2a: Maushold|1\n|-enditem|p2a: Maushold|Chople Berry|[eat]\n|-enditem|p2a: Maushold|Chople Berry|[weaken]\n|-damage|p2a: Maushold|19/100\n|-unboost|p1b: Sneasler|def|1\n|-unboost|p1b: Sneasler|spd|1\n|move|p2b: Kommo-o|Clanging Scales|p1b: Sneasler|[spread] p1b\n|-immune|p1a: Whimsicott\n|-damage|p1b: Sneasler|0 fnt\n|faint|p1b: Sneasler\n|-unboost|p2b: Kommo-o|def|1\n|move|p1a: Whimsicott|Moonblast|p2a: Maushold\n|-damage|p2a: Maushold|0 fnt\n|faint|p2a: Maushold\n|\n|upkeep\n|\n|t:|1775988295\n|switch|p1b: Glimmora|Glimmora, L50, F|100/100\n|switch|p2a: Rotom|Rotom-Heat, L50|46/100\n|turn|4\n|inactive|Murphy's kitchen has 30 seconds left.\n|inactive|Mask4M has 30 seconds left.\n|inactive|Murphy's kitchen has 20 seconds left.\n|inactive|Murphy's kitchen has 15 seconds left.\n|\n|t:|1775988340\n|detailschange|p1b: Glimmora|Glimmora-Mega, L50, F\n|-mega|p1b: Glimmora|Glimmora|Glimmoranite\n|move|p1a: Whimsicott|Tailwind|p1a: Whimsicott\n|-sidestart|p1: Mask4M|move: Tailwind\n|move|p1b: Glimmora|Power Gem|p2a: Rotom\n|-supereffective|p2a: Rotom|1\n|-damage|p2a: Rotom|0 fnt\n|faint|p2a: Rotom\n|move|p2b: Kommo-o|Clanging Scales|p1a: Whimsicott|[spread] p1b\n|-immune|p1a: Whimsicott\n|-damage|p1b: Glimmora|26/100\n|-unboost|p2b: Kommo-o|def|1\n|\n|upkeep\n|\n|t:|1775988353\n|switch|p2a: Starmie|Starmie, L50|100/100\n|turn|5\n|\n|t:|1775988364\n|detailschange|p2a: Starmie|Starmie-Mega, L50\n|-mega|p2a: Starmie|Starmie|Starminite\n|move|p1b: Glimmora|Spiky Shield|p1b: Glimmora\n|-singleturn|p1b: Glimmora|move: Protect\n|move|p2b: Kommo-o|Protect|p2b: Kommo-o\n|-singleturn|p2b: Kommo-o|Protect\n|move|p1a: Whimsicott|Moonblast|p2b: Kommo-o\n|-activate|p2b: Kommo-o|move: Protect\n|move|p2a: Starmie|Zen Headbutt|p1a: Whimsicott|[miss]\n|-miss|p2a: Starmie|p1a: Whimsicott\n|\n|upkeep\n|turn|6\n|inactive|Murphy's kitchen has 30 seconds left.\n|inactive|Murphy's kitchen has 20 seconds left.\n|inactive|Murphy's kitchen has 15 seconds left.\n|\n|t:|1775988407\n|switch|p1b: Incineroar|Incineroar, L50, F|83/100\n|-ability|p1b: Incineroar|Intimidate|boost\n|-unboost|p2a: Starmie|atk|1\n|-unboost|p2b: Kommo-o|atk|1\n|move|p2b: Kommo-o|Protect|p2b: Kommo-o\n|-singleturn|p2b: Kommo-o|Protect\n|move|p1a: Whimsicott|Moonblast|p2b: Kommo-o\n|-activate|p2b: Kommo-o|move: Protect\n|move|p2a: Starmie|Zen Headbutt|p1a: Whimsicott|[miss]\n|-miss|p2a: Starmie|p1a: Whimsicott\n|\n|upkeep\n|turn|7\n|-message|Murphy's kitchen forfeited.\n|\n|win|Mask4M\n|raw|Mask4M's rating: 1159 &rarr; <strong>1186</strong><br />(+27 for winning)\n|raw|Murphy&apos;s kitchen's rating: 1184 &rarr; <strong>1157</strong><br />(-27 for losing)\n",
  "uploadtime": 1775988426,
  "views": 31,
  "formatid": "gen9championsvgc2026regma",
  "rating": 1157,
  "private": 0,
  "password": null
}