{
  "id": "gen9championsvgc2026regma-2585744799",
  "format": "[Gen 9 Champions] VGC 2026 Reg M-A",
  "players": [
    "WiiCris",
    "Zhi2"
  ],
  "log": "|j|\u2606WiiCris\n|j|\u2606Zhi2\n|t:|1776367623\n|gametype|doubles\n|player|p1|WiiCris|ghetsis|1113\n|player|p2|Zhi2|1|1180\n|gen|9\n|tier|[Gen 9 Champions] VGC 2026 Reg M-A\n|rated|\n|rule|Species Clause: Limit one of each Pok\u00e9mon\n|rule|Item Clause: Limit 1 of each item\n|clearpoke\n|poke|p1|Tyranitar, L50, F|\n|poke|p1|Excadrill, L50, M|\n|poke|p1|Heliolisk, L50, M|\n|poke|p1|Sinistcha, L50|\n|poke|p1|Aerodactyl, L50, M|\n|poke|p1|Sneasler, L50, M|\n|poke|p2|Pelipper, L50, M|\n|poke|p2|Blastoise, L50, F|\n|poke|p2|Starmie, L50|\n|poke|p2|Sinistcha, L50|\n|poke|p2|Kingambit, L50, F|\n|poke|p2|Garchomp, L50, M|\n|teampreview|4\n|\n|t:|1776367656\n|teamsize|p1|4\n|teamsize|p2|4\n|start\n|switch|p1a: Sinistcha|Sinistcha, L50|100/100\n|switch|p1b: Heliolisk|Heliolisk, L50, M|100/100\n|switch|p2a: Starmie|Starmie, L50|100/100\n|switch|p2b: Garchomp|Garchomp, L50, M|100/100\n|turn|1\n|\n|t:|1776367673\n|move|p2a: Starmie|Protect|p2a: Starmie\n|-singleturn|p2a: Starmie|Protect\n|move|p1b: Heliolisk|Volt Switch|p2a: Starmie\n|-activate|p2a: Starmie|move: Protect\n|move|p2b: Garchomp|Earthquake|p1b: Heliolisk|[spread] p1a,p1b\n|-activate|p2a: Starmie|move: Protect\n|-resisted|p1a: Sinistcha|1\n|-supereffective|p1b: Heliolisk|1\n|-damage|p1a: Sinistcha|81/100\n|-damage|p1b: Heliolisk|0 fnt\n|faint|p1b: Heliolisk\n|move|p1a: Sinistcha|Matcha Gotcha|p2b: Garchomp|[spread] p2b\n|-activate|p2a: Starmie|move: Protect\n|-damage|p2b: Garchomp|71/100\n|-heal|p1a: Sinistcha|97/100|[from] drain|[of] p2b: Garchomp\n|\n|-heal|p1a: Sinistcha|100/100|[from] item: Leftovers\n|upkeep\n|\n|t:|1776367691\n|switch|p1b: Tyranitar|Tyranitar, L50, F, shiny|100/100\n|-weather|Sandstorm|[from] ability: Sand Stream|[of] p1b: Tyranitar\n|turn|2\n|\n|t:|1776367699\n|switch|p2a: Pelipper|Pelipper, L50, M|100/100\n|-weather|RainDance|[from] ability: Drizzle|[of] p2a: Pelipper\n|move|p2b: Garchomp|Earthquake|p1b: Tyranitar|[spread] p1a,p1b\n|-immune|p2a: Pelipper\n|-resisted|p1a: Sinistcha|1\n|-supereffective|p1b: Tyranitar|1\n|-damage|p1a: Sinistcha|82/100\n|-damage|p1b: Tyranitar|25/100\n|move|p1a: Sinistcha|Matcha Gotcha|p2b: Garchomp|[spread] p2a,p2b\n|-damage|p2a: Pelipper|68/100\n|-heal|p1a: Sinistcha|99/100|[from] drain|[of] p2a: Pelipper\n|-damage|p2b: Garchomp|44/100\n|-heal|p1a: Sinistcha|100/100|[from] drain|[of] p2b: Garchomp\n|move|p1b: Tyranitar|Knock Off|p2a: Pelipper\n|-damage|p2a: Pelipper|18/100\n|-enditem|p2a: Pelipper|Sitrus Berry|[from] move: Knock Off|[of] p1b: Tyranitar\n|\n|-weather|RainDance|[upkeep]\n|upkeep\n|turn|3\n|\n|t:|1776367715\n|detailschange|p1b: Tyranitar|Tyranitar-Mega, L50, F, shiny\n|-mega|p1b: Tyranitar|Tyranitar|Tyranitarite\n|-weather|Sandstorm|[from] ability: Sand Stream|[of] p1b: Tyranitar\n|move|p1b: Tyranitar|Protect|p1b: Tyranitar\n|-singleturn|p1b: Tyranitar|Protect\n|move|p2a: Pelipper|Wide Guard|p2a: Pelipper\n|-singleturn|p2a: Pelipper|Wide Guard\n|move|p2b: Garchomp|Earthquake|p1a: Sinistcha|[spread] p1a\n|-activate|p2a: Pelipper|move: Wide Guard\n|-activate|p1b: Tyranitar|move: Protect\n|-resisted|p1a: Sinistcha|1\n|-damage|p1a: Sinistcha|81/100\n|move|p1a: Sinistcha|Matcha Gotcha|p2a: Pelipper|[spread] \n|-activate|p2a: Pelipper|move: Wide Guard\n|-activate|p2b: Garchomp|move: Wide Guard\n|\n|-weather|Sandstorm|[upkeep]\n|-damage|p1a: Sinistcha|74/100|[from] Sandstorm\n|-damage|p2a: Pelipper|12/100|[from] Sandstorm\n|-heal|p1a: Sinistcha|81/100|[from] item: Leftovers\n|upkeep\n|turn|4\n|\n|t:|1776367740\n|switch|p2a: Blastoise|Blastoise, L50, F|100/100\n|move|p2b: Garchomp|Earthquake|p1a: Sinistcha|[spread] p2a,p1a,p1b\n|-resisted|p1a: Sinistcha|1\n|-supereffective|p1b: Tyranitar|1\n|-damage|p2a: Blastoise|49/100\n|-damage|p1a: Sinistcha|61/100\n|-damage|p1b: Tyranitar|0 fnt\n|faint|p1b: Tyranitar\n|move|p1a: Sinistcha|Matcha Gotcha|p2b: Garchomp|[spread] p2a,p2b\n|-supereffective|p2a: Blastoise|1\n|-damage|p2a: Blastoise|0 fnt\n|-heal|p1a: Sinistcha|85/100|[from] drain|[of] p2a: Blastoise\n|-damage|p2b: Garchomp|16/100\n|-heal|p1a: Sinistcha|100/100|[from] drain|[of] p2b: Garchomp\n|faint|p2a: Blastoise\n|\n|-weather|Sandstorm|[upkeep]\n|-damage|p1a: Sinistcha|94/100|[from] Sandstorm\n|-heal|p1a: Sinistcha|100/100|[from] item: Leftovers\n|upkeep\n|\n|t:|1776367757\n|switch|p2a: Starmie|Starmie, L50|100/100\n|switch|p1b: Excadrill|Excadrill, L50, M|100/100\n|turn|5\n|\n|t:|1776367778\n|switch|p2b: Pelipper|Pelipper, L50, M|12/100\n|-weather|RainDance|[from] ability: Drizzle|[of] p2b: Pelipper\n|detailschange|p2a: Starmie|Starmie-Mega, L50\n|-mega|p2a: Starmie|Starmie|Starminite\n|move|p1b: Excadrill|Protect|p1b: Excadrill\n|-singleturn|p1b: Excadrill|Protect\n|move|p2a: Starmie|Flip Turn|p1b: Excadrill\n|-activate|p1b: Excadrill|move: Protect\n|move|p1a: Sinistcha|Trick Room|p1a: Sinistcha\n|-fieldstart|move: Trick Room|[of] p1a: Sinistcha\n|\n|-weather|RainDance|[upkeep]\n|upkeep\n|turn|6\n|\n|t:|1776367799\n|move|p2b: Pelipper|Wide Guard|p2b: Pelipper\n|-singleturn|p2b: Pelipper|Wide Guard\n|move|p1a: Sinistcha|Matcha Gotcha|p2a: Starmie|[spread] \n|-activate|p2a: Starmie|move: Wide Guard\n|-activate|p2b: Pelipper|move: Wide Guard\n|move|p1b: Excadrill|Earthquake|p2b: Pelipper|[spread] p1a\n|-activate|p2a: Starmie|move: Wide Guard\n|-activate|p2b: Pelipper|move: Wide Guard\n|-resisted|p1a: Sinistcha|1\n|-damage|p1a: Sinistcha|81/100\n|move|p2a: Starmie|Flip Turn|p1b: Excadrill\n|-supereffective|p1b: Excadrill|1\n|-enditem|p1b: Excadrill|Focus Sash\n|-damage|p1b: Excadrill|1/100\n|\n|t:|1776367813\n|switch|p2a: Garchomp|Garchomp, L50, M|16/100|[from] Flip Turn\n|\n|-weather|RainDance|[upkeep]\n|-heal|p1a: Sinistcha|87/100|[from] item: Leftovers\n|upkeep\n|turn|7\n|\n|t:|1776367829\n|move|p2b: Pelipper|Hurricane|p1a: Sinistcha\n|-supereffective|p1a: Sinistcha|1\n|-damage|p1a: Sinistcha|19/100\n|move|p1a: Sinistcha|Matcha Gotcha|p2b: Pelipper|[spread] p2a,p2b\n|-crit|p2a: Garchomp\n|-damage|p2a: Garchomp|0 fnt\n|-heal|p1a: Sinistcha|28/100|[from] drain|[of] p2a: Garchomp\n|-damage|p2b: Pelipper|0 fnt\n|-heal|p1a: Sinistcha|34/100|[from] drain|[of] p2b: Pelipper\n|faint|p2a: Garchomp\n|faint|p2b: Pelipper\n|move|p1b: Excadrill|Earthquake|p1a: Sinistcha\n|-resisted|p1a: Sinistcha|1\n|-damage|p1a: Sinistcha|9/100\n|\n|-weather|RainDance|[upkeep]\n|-heal|p1a: Sinistcha|15/100|[from] item: Leftovers\n|upkeep\n|\n|t:|1776367838\n|switch|p2b: Starmie|Starmie-Mega, L50|100/100\n|turn|8\n|\n|t:|1776367854\n|move|p1b: Excadrill|Protect|p1b: Excadrill\n|-singleturn|p1b: Excadrill|Protect\n|move|p2b: Starmie|Protect|p2b: Starmie\n|-singleturn|p2b: Starmie|Protect\n|move|p1a: Sinistcha|Matcha Gotcha|p2b: Starmie\n|-activate|p2b: Starmie|move: Protect\n|\n|-weather|RainDance|[upkeep]\n|-heal|p1a: Sinistcha|21/100|[from] item: Leftovers\n|upkeep\n|turn|9\n|\n|t:|1776367870\n|move|p1a: Sinistcha|Matcha Gotcha|p2b: Starmie\n|-supereffective|p2b: Starmie|1\n|-crit|p2b: Starmie\n|-damage|p2b: Starmie|0 fnt\n|-heal|p1a: Sinistcha|64/100|[from] drain|[of] p2b: Starmie\n|faint|p2b: Starmie\n|\n|win|WiiCris\n|raw|WiiCris's rating: 1113 &rarr; <strong>1143</strong><br />(+30 for winning)\n|raw|Zhi2's rating: 1180 &rarr; <strong>1150</strong><br />(-30 for losing)\n|l|\u2606Zhi2\n|player|p2|\n|l|\u2606WiiCris\n|player|p1|\n|j|\u2606Zhi2\n|player|p2|Zhi2|1|\n",
  "uploadtime": 1776367880,
  "views": 17,
  "formatid": "gen9championsvgc2026regma",
  "rating": 1143,
  "private": 0,
  "password": null
}