{
  "id": "gen9championsvgc2026regma-2584912709",
  "format": "[Gen 9 Champions] VGC 2026 Reg M-A",
  "players": [
    "qjhknight",
    "coberdt"
  ],
  "log": "|j|\u2606qjhknight\n|j|\u2606coberdt\n|t:|1776293916\n|gametype|doubles\n|player|p1|qjhknight|170|1110\n|player|p2|coberdt|lebanne|1213\n|gen|9\n|tier|[Gen 9 Champions] VGC 2026 Reg M-A\n|rated|\n|rule|Species Clause: Limit one of each Pok\u00e9mon\n|rule|Item Clause: Limit 1 of each item\n|clearpoke\n|poke|p1|Tyranitar, L50, M|\n|poke|p1|Excadrill, L50, F|\n|poke|p1|Primarina, L50, F|\n|poke|p1|Sinistcha, L50|\n|poke|p1|Corviknight, L50, M|\n|poke|p1|Incineroar, L50, M|\n|poke|p2|Pelipper, L50, M|\n|poke|p2|Archaludon, L50, F|\n|poke|p2|Incineroar, L50, F|\n|poke|p2|Sinistcha, L50|\n|poke|p2|Palafin, L50, M|\n|poke|p2|Gengar, L50, F|\n|teampreview|4\ncoberdt has agreed to open team sheets.\n|inactive|Battle timer is ON: inactive players will automatically lose when time's up. (requested by coberdt)\nqjhknight rejected open team sheets.\n|inactive|coberdt has 60 seconds left.\n|\n|t:|1776293954\n|teamsize|p1|4\n|teamsize|p2|4\n|start\n|switch|p1a: Primarina|Primarina, L50, F|100/100\n|switch|p1b: Tyranitar|Tyranitar, L50, M|100/100\n|switch|p2a: Palafin|Palafin, L50, M|100/100\n|switch|p2b: Sinistcha|Sinistcha, L50|100/100\n|-weather|Sandstorm|[from] ability: Sand Stream|[of] p1b: Tyranitar\n|turn|1\n|\n|t:|1776293977\n|detailschange|p2a: Palafin|Palafin-Hero, L50, M\n|switch|p2a: Pelipper|Pelipper, L50, M|100/100\n|-weather|RainDance|[from] ability: Drizzle|[of] p2a: Pelipper\n|move|p1b: Tyranitar|Protect|p1b: Tyranitar\n|-singleturn|p1b: Tyranitar|Protect\n|move|p1a: Primarina|Icy Wind|p2b: Sinistcha|[spread] p2a,p2b\n|-supereffective|p2b: Sinistcha|1\n|-damage|p2a: Pelipper|74/100\n|-damage|p2b: Sinistcha|74/100\n|-unboost|p2a: Pelipper|spe|1\n|-unboost|p2b: Sinistcha|spe|1\n|move|p2b: Sinistcha|Matcha Gotcha|p1b: Tyranitar|[spread] p1a\n|-activate|p1b: Tyranitar|move: Protect\n|-supereffective|p1a: Primarina|1\n|-damage|p1a: Primarina|54/100\n|-heal|p2b: Sinistcha|94/100|[from] drain|[of] p1a: Primarina\n|\n|-weather|RainDance|[upkeep]\n|-heal|p2b: Sinistcha|99/100|[from] item: Leftovers\n|upkeep\n|turn|2\n|inactive|qjhknight has 30 seconds left.\n|\n|t:|1776294004\n|detailschange|p1b: Tyranitar|Tyranitar-Mega, L50, M\n|-mega|p1b: Tyranitar|Tyranitar|Tyranitarite\n|-weather|Sandstorm|[from] ability: Sand Stream|[of] p1b: Tyranitar\n|move|p1b: Tyranitar|Rock Slide|p2a: Pelipper|[spread] p2a,p2b\n|-supereffective|p2a: Pelipper|1\n|-damage|p2a: Pelipper|0 fnt\n|-damage|p2b: Sinistcha|70/100\n|faint|p2a: Pelipper\n|move|p1a: Primarina|Moonblast|p2b: Sinistcha\n|-damage|p2b: Sinistcha|10/100\n|move|p2b: Sinistcha|Matcha Gotcha|p1a: Primarina|[spread] p1a,p1b\n|-supereffective|p1a: Primarina|1\n|-supereffective|p1b: Tyranitar|1\n|-crit|p1b: Tyranitar\n|-damage|p1a: Primarina|8/100\n|-heal|p2b: Sinistcha|30/100|[from] drain|[of] p1a: Primarina\n|-damage|p1b: Tyranitar|59/100\n|-heal|p2b: Sinistcha|50/100|[from] drain|[of] p1b: Tyranitar\n|\n|-weather|Sandstorm|[upkeep]\n|-damage|p1a: Primarina|2/100|[from] Sandstorm\n|-damage|p2b: Sinistcha|44/100|[from] Sandstorm\n|-heal|p2b: Sinistcha|50/100|[from] item: Leftovers\n|upkeep\n|\n|t:|1776294020\n|switch|p2a: Palafin|Palafin-Hero, L50, M|100/100\n|-activate|p2a: Palafin|ability: Zero to Hero\n|turn|3\n|\n|t:|1776294031\n|switch|p1b: Sinistcha|Sinistcha, L50|100/100\n|-heal|p1a: Primarina|26/100|[from] ability: Hospitality|[of] p1b: Sinistcha\n|move|p2a: Palafin|Jet Punch|p1b: Sinistcha\n|-resisted|p1b: Sinistcha|1\n|-damage|p1b: Sinistcha|79/100\n|move|p1a: Primarina|Icy Wind|p2a: Palafin|[spread] p2a,p2b\n|-resisted|p2a: Palafin|1\n|-supereffective|p2b: Sinistcha|1\n|-damage|p2a: Palafin|92/100\n|-damage|p2b: Sinistcha|22/100\n|-unboost|p2a: Palafin|spe|1\n|-unboost|p2b: Sinistcha|spe|1\n|move|p2b: Sinistcha|Matcha Gotcha|p1b: Sinistcha|[spread] p1a,p1b\n|-supereffective|p1a: Primarina|1\n|-resisted|p1b: Sinistcha|1\n|-damage|p1a: Primarina|0 fnt\n|-heal|p2b: Sinistcha|34/100|[from] drain|[of] p1a: Primarina\n|-damage|p1b: Sinistcha|65/100\n|-heal|p2b: Sinistcha|40/100|[from] drain|[of] p1b: Sinistcha\n|-status|p1b: Sinistcha|brn\n|faint|p1a: Primarina\n|\n|-weather|Sandstorm|[upkeep]\n|-damage|p2a: Palafin|86/100|[from] Sandstorm\n|-damage|p1b: Sinistcha|59/100 brn|[from] Sandstorm\n|-damage|p2b: Sinistcha|34/100|[from] Sandstorm\n|-heal|p2b: Sinistcha|40/100|[from] item: Leftovers\n|-damage|p1b: Sinistcha|53/100 brn|[from] brn\n|upkeep\n|inactive|qjhknight has 30 seconds left.\n|\n|t:|1776294060\n|switch|p1a: Excadrill|Excadrill, L50, F|100/100\n|turn|4\n|\n|t:|1776294071\n|move|p2a: Palafin|Protect|p2a: Palafin\n|-singleturn|p2a: Palafin|Protect\n|move|p1b: Sinistcha|Rage Powder|p1b: Sinistcha\n|-singleturn|p1b: Sinistcha|move: Rage Powder\n|move|p1a: Excadrill|Earthquake|p2a: Palafin|[spread] p1b,p2b\n|-activate|p2a: Palafin|move: Protect\n|-resisted|p1b: Sinistcha|1\n|-resisted|p2b: Sinistcha|1\n|-damage|p1b: Sinistcha|31/100 brn\n|-damage|p2b: Sinistcha|21/100\n|-enditem|p1b: Sinistcha|Sitrus Berry|[eat]\n|-heal|p1b: Sinistcha|56/100 brn|[from] item: Sitrus Berry\n|move|p2b: Sinistcha|Strength Sap|p1a: Excadrill\n|-unboost|p1a: Excadrill|atk|1\n|-heal|p2b: Sinistcha|100/100\n|\n|-weather|Sandstorm|[upkeep]\n|-damage|p2a: Palafin|80/100|[from] Sandstorm\n|-damage|p1b: Sinistcha|50/100 brn|[from] Sandstorm\n|-damage|p2b: Sinistcha|94/100|[from] Sandstorm\n|-heal|p2b: Sinistcha|100/100|[from] item: Leftovers\n|-damage|p1b: Sinistcha|44/100 brn|[from] brn\n|upkeep\n|turn|5\n|inactive|qjhknight has 30 seconds left.\n|inactive|coberdt has 30 seconds left.\n|\n|t:|1776294103\n|switch|p1a: Tyranitar|Tyranitar-Mega, L50, M|59/100\n|move|p1b: Sinistcha|Rage Powder|p1b: Sinistcha\n|-singleturn|p1b: Sinistcha|move: Rage Powder\n|move|p2a: Palafin|Jet Punch|p1b: Sinistcha\n|-resisted|p1b: Sinistcha|1\n|-damage|p1b: Sinistcha|22/100 brn\n|move|p2b: Sinistcha|Strength Sap|p1a: Tyranitar\n|-unboost|p1a: Tyranitar|atk|1\n|\n|-weather|Sandstorm|[upkeep]\n|-damage|p2a: Palafin|75/100|[from] Sandstorm\n|-damage|p1b: Sinistcha|16/100 brn|[from] Sandstorm\n|-damage|p2b: Sinistcha|94/100|[from] Sandstorm\n|-heal|p2b: Sinistcha|100/100|[from] item: Leftovers\n|-damage|p1b: Sinistcha|10/100 brn|[from] brn\n|upkeep\n|turn|6\n|\n|t:|1776294119\n|move|p2a: Palafin|Protect|p2a: Palafin\n|-singleturn|p2a: Palafin|Protect\n|move|p1b: Sinistcha|Rage Powder|p1b: Sinistcha\n|-singleturn|p1b: Sinistcha|move: Rage Powder\n|move|p1a: Tyranitar|Crunch|p2b: Sinistcha\n|-supereffective|p2b: Sinistcha|1\n|-damage|p2b: Sinistcha|35/100\n|move|p2b: Sinistcha|Matcha Gotcha|p1a: Tyranitar|[spread] p1a,p1b\n|-supereffective|p1a: Tyranitar|1\n|-resisted|p1b: Sinistcha|1\n|-damage|p1a: Tyranitar|28/100\n|-heal|p2b: Sinistcha|50/100|[from] drain|[of] p1a: Tyranitar\n|-damage|p1b: Sinistcha|0 fnt\n|-heal|p2b: Sinistcha|55/100|[from] drain|[of] p1b: Sinistcha\n|-status|p1a: Tyranitar|brn\n|faint|p1b: Sinistcha\n|\n|-weather|none\n|-heal|p2b: Sinistcha|61/100|[from] item: Leftovers\n|-damage|p1a: Tyranitar|23/100 brn|[from] brn\n|upkeep\n|\n|t:|1776294137\n|switch|p1b: Excadrill|Excadrill, L50, F|100/100\n|turn|7\n|inactive|coberdt has 30 seconds left.\n|\n|t:|1776294166\n|move|p1a: Tyranitar|Protect|p1a: Tyranitar\n|-singleturn|p1a: Tyranitar|Protect\n|move|p2a: Palafin|Jet Punch|p1a: Tyranitar\n|-activate|p1a: Tyranitar|move: Protect\n|move|p1b: Excadrill|Iron Head|p2b: Sinistcha\n|-damage|p2b: Sinistcha|24/100\n|move|p2b: Sinistcha|Strength Sap|p1b: Excadrill\n|-unboost|p1b: Excadrill|atk|1\n|-heal|p2b: Sinistcha|100/100\n|\n|-damage|p1a: Tyranitar|17/100 brn|[from] brn\n|upkeep\n|turn|8\n|-message|qjhknight forfeited.\n|\n|win|coberdt\n|raw|qjhknight's rating: 1110 &rarr; <strong>1092</strong><br />(-18 for losing)\n|raw|coberdt's rating: 1213 &rarr; <strong>1231</strong><br />(+18 for winning)\n|l|\u2606qjhknight\n|player|p1|\n",
  "uploadtime": 1776294179,
  "views": 90,
  "formatid": "gen9championsvgc2026regma",
  "rating": 1092,
  "private": 0,
  "password": null
}