{
  "id": "gen9championsvgc2026regma-2580767138",
  "format": "[Gen 9 Champions] VGC 2026 Reg M-A",
  "players": [
    "ygkertdg",
    "savemelivie"
  ],
  "log": "|j|\u2606ygkertdg\n|j|\u2606savemelivie\n|t:|1775930817\n|gametype|doubles\n|player|p1|ygkertdg|chili|1000\n|player|p2|savemelivie|swimmerf-gen4|1012\n|gen|9\n|tier|[Gen 9 Champions] VGC 2026 Reg M-A\n|rated|\n|rule|Species Clause: Limit one of each Pok\u00e9mon\n|rule|Item Clause: Limit 1 of each item\n|clearpoke\n|poke|p1|Charizard, L50, M|\n|poke|p1|Venusaur, L50, M|\n|poke|p1|Garchomp, L50, F|\n|poke|p1|Incineroar, L50, F|\n|poke|p1|Gardevoir, L50, M|\n|poke|p1|Milotic, L50, F|\n|poke|p2|Oranguru, L50, F|\n|poke|p2|Drampa, L50, M|\n|poke|p2|Primarina, L50, F|\n|poke|p2|Mudsdale, L50, M|\n|poke|p2|Incineroar, L50, F|\n|poke|p2|Araquanid, L50, F|\n|teampreview|4\n|inactive|Battle timer is ON: inactive players will automatically lose when time's up. (requested by ygkertdg)\nsavemelivie rejected open team sheets.\n|\n|t:|1775930846\n|teamsize|p1|4\n|teamsize|p2|4\n|start\n|switch|p1a: Charizard|Charizard, L50, M|100/100\n|switch|p1b: Venusaur|Venusaur, L50, M|100/100\n|switch|p2a: Oranguru|Oranguru, L50, F|100/100\n|switch|p2b: Drampa|Drampa, L50, M|100/100\n|turn|1\n|\n|t:|1775930866\n|detailschange|p1a: Charizard|Charizard-Mega-Y, L50, M\n|-mega|p1a: Charizard|Charizard|Charizardite Y\n|-weather|SunnyDay|[from] ability: Drought|[of] p1a: Charizard\n|detailschange|p2b: Drampa|Drampa-Mega, L50, M\n|-mega|p2b: Drampa|Drampa|Drampanite\n|move|p1b: Venusaur|Sludge Bomb|p2b: Drampa\n|-damage|p2b: Drampa|65/100\n|move|p1a: Charizard|Overheat|p2b: Drampa\n|-resisted|p2b: Drampa|1\n|-damage|p2b: Drampa|13/100\n|-unboost|p1a: Charizard|spa|2\n|-ability|p2b: Drampa|Berserk|boost\n|-boost|p2b: Drampa|spa|1\n|move|p2b: Drampa|Calm Mind|p2b: Drampa\n|-boost|p2b: Drampa|spa|1\n|-boost|p2b: Drampa|spd|1\n|move|p2a: Oranguru|Trick Room|p2a: Oranguru\n|-fieldstart|move: Trick Room|[of] p2a: Oranguru\n|\n|-weather|SunnyDay|[upkeep]\n|upkeep\n|turn|2\n|inactive|savemelivie has 30 seconds left.\n|\n|t:|1775930899\n|switch|p1a: Gardevoir|Gardevoir, L50, M|100/100\n|-ability|p1a: Gardevoir|Berserk|Trace|[from] ability: Trace|[of] p2b: Drampa\n|move|p1b: Venusaur|Protect|p1b: Venusaur\n|-singleturn|p1b: Venusaur|Protect\n|move|p2b: Drampa|Dragon Pulse|p1a: Gardevoir\n|-immune|p1a: Gardevoir\n|move|p2a: Oranguru|Instruct|p2b: Drampa\n|-singleturn|p2b: Drampa|move: Instruct|[of] p2a: Oranguru\n|move|p2b: Drampa|Dragon Pulse|p1a: Gardevoir\n|-immune|p1a: Gardevoir\n|\n|-weather|SunnyDay|[upkeep]\n|upkeep\n|turn|3\n|\n|t:|1775930913\n|move|p2b: Drampa|Tri Attack|p1a: Gardevoir\n|-damage|p1a: Gardevoir|0 fnt\n|faint|p1a: Gardevoir\n|move|p2a: Oranguru|Instruct|p2b: Drampa\n|-singleturn|p2b: Drampa|move: Instruct|[of] p2a: Oranguru\n|move|p2b: Drampa|Tri Attack|p1b: Venusaur\n|-enditem|p1b: Venusaur|Focus Sash\n|-damage|p1b: Venusaur|1/100\n|move|p1b: Venusaur|Sleep Powder|p2a: Oranguru\n|-status|p2a: Oranguru|slp|[from] move: Sleep Powder\n|\n|-weather|SunnyDay|[upkeep]\n|upkeep\n|\n|t:|1775930923\n|switch|p1a: Milotic|Milotic, L50, F|100/100\n|turn|4\n|\n|t:|1775930939\n|move|p1b: Venusaur|Protect|p1b: Venusaur\n|-singleturn|p1b: Venusaur|Protect\n|move|p2b: Drampa|Dragon Pulse|p1a: Milotic\n|-damage|p1a: Milotic|16/100\n|cant|p2a: Oranguru|slp\n|move|p1a: Milotic|Icy Wind|p2a: Oranguru|[spread] p2a,p2b\n|-supereffective|p2b: Drampa|1\n|-crit|p2b: Drampa\n|-damage|p2a: Oranguru|93/100 slp\n|-damage|p2b: Drampa|0 fnt\n|-unboost|p2a: Oranguru|spe|1\n|faint|p2b: Drampa\n|\n|-weather|SunnyDay|[upkeep]\n|-heal|p1a: Milotic|22/100|[from] item: Leftovers\n|upkeep\n|\n|t:|1775930954\n|switch|p2b: Incineroar|Incineroar, L50, F|100/100\n|-ability|p2b: Incineroar|Intimidate|boost\n|-unboost|p1a: Milotic|atk|1\n|-ability|p1a: Milotic|Competitive|boost\n|-boost|p1a: Milotic|spa|2\n|-unboost|p1b: Venusaur|atk|1\n|turn|5\n|\n|t:|1775930972\n|move|p2b: Incineroar|Fake Out|p1a: Milotic\n|-damage|p1a: Milotic|7/100\n|-curestatus|p2a: Oranguru|slp|[msg]\n|move|p2a: Oranguru|Foul Play|p1b: Venusaur\n|-damage|p1b: Venusaur|0 fnt\n|faint|p1b: Venusaur\n|cant|p1a: Milotic|flinch\n|\n|-weather|none\n|-heal|p1a: Milotic|13/100|[from] item: Leftovers\n|-fieldend|move: Trick Room\n|upkeep\n|\n|t:|1775930994\n|switch|p1b: Charizard|Charizard-Mega-Y, L50, M|100/100\n|-weather|SunnyDay|[from] ability: Drought|[of] p1b: Charizard\n|turn|6\n|\n|t:|1775931010\n|move|p1a: Milotic|Protect|p1a: Milotic\n|-singleturn|p1a: Milotic|Protect\n|move|p1b: Charizard|Solar Beam||[still]\n|-prepare|p1b: Charizard|Solar Beam\n|-anim|p1b: Charizard|Solar Beam|p2a: Oranguru\n|-damage|p2a: Oranguru|62/100\n|move|p2b: Incineroar|Throat Chop|p1a: Milotic\n|-activate|p1a: Milotic|move: Protect\n|move|p2a: Oranguru|Instruct|p2b: Incineroar\n|-singleturn|p2b: Incineroar|move: Instruct|[of] p2a: Oranguru\n|move|p2b: Incineroar|Throat Chop|p1a: Milotic\n|-activate|p1a: Milotic|move: Protect\n|\n|-weather|SunnyDay|[upkeep]\n|-heal|p1a: Milotic|19/100|[from] item: Leftovers\n|upkeep\n|turn|7\n|\n|t:|1775931027\n|move|p1b: Charizard|Solar Beam||[still]\n|-prepare|p1b: Charizard|Solar Beam\n|-anim|p1b: Charizard|Solar Beam|p2a: Oranguru\n|-damage|p2a: Oranguru|33/100\n|move|p1a: Milotic|Scald|p2b: Incineroar\n|-supereffective|p2b: Incineroar|1\n|-damage|p2b: Incineroar|28/100\n|-enditem|p2b: Incineroar|Sitrus Berry|[eat]\n|-heal|p2b: Incineroar|53/100|[from] item: Sitrus Berry\n|move|p2b: Incineroar|Throat Chop|p1a: Milotic\n|-damage|p1a: Milotic|0 fnt\n|faint|p1a: Milotic\n|move|p2a: Oranguru|Instruct|p2b: Incineroar\n|-singleturn|p2b: Incineroar|move: Instruct|[of] p2a: Oranguru\n|move|p2b: Incineroar|Throat Chop|p1b: Charizard\n|-damage|p1b: Charizard|54/100\n|-start|p1b: Charizard|Throat Chop|[silent]\n|\n|-weather|SunnyDay|[upkeep]\n|upkeep\n|turn|8\n|\n|t:|1775931047\n|move|p1b: Charizard|Heat Wave|p2b: Incineroar|[spread] p2a,p2b\n|-resisted|p2b: Incineroar|1\n|-damage|p2a: Oranguru|0 fnt\n|-damage|p2b: Incineroar|22/100\n|faint|p2a: Oranguru\n|move|p2b: Incineroar|Throat Chop|p1b: Charizard\n|-damage|p1b: Charizard|3/100\n|\n|-weather|SunnyDay|[upkeep]\n|-end|p1b: Charizard|Throat Chop|[silent]\n|upkeep\n|\n|t:|1775931054\n|switch|p2a: Primarina|Primarina, L50, F|100/100\n|turn|9\n|\n|t:|1775931059\n|move|p1b: Charizard|Solar Beam||[still]\n|-prepare|p1b: Charizard|Solar Beam\n|-anim|p1b: Charizard|Solar Beam|p2a: Primarina\n|-supereffective|p2a: Primarina|1\n|-damage|p2a: Primarina|23/100\n|move|p2b: Incineroar|Throat Chop|p1b: Charizard\n|-damage|p1b: Charizard|0 fnt\n|faint|p1b: Charizard\n|\n|win|savemelivie\n|raw|ygkertdg's rating: 1072 &rarr; <strong>1048</strong><br />(-24 for losing)\n|raw|savemelivie's rating: 1012 &rarr; <strong>1057</strong><br />(+45 for winning)\n|l|\u2606ygkertdg\n|player|p1|\n",
  "uploadtime": 1775931067,
  "views": 22,
  "formatid": "gen9championsvgc2026regma",
  "rating": 1048,
  "private": 0,
  "password": null
}