{
  "id": "gen9championsvgc2026regma-2583705110",
  "format": "[Gen 9 Champions] VGC 2026 Reg M-A",
  "players": [
    "4wardAir",
    "JimmiBunnie"
  ],
  "log": "|j|\u26064wardAir\n|j|\u2606JimmiBunnie\n|t:|1776192161\n|gametype|doubles\n|player|p1|4wardAir|170|1012\n|player|p2|JimmiBunnie|pokekid|1025\n|gen|9\n|tier|[Gen 9 Champions] VGC 2026 Reg M-A\n|rated|\n|rule|Species Clause: Limit one of each Pok\u00e9mon\n|rule|Item Clause: Limit 1 of each item\n|clearpoke\n|poke|p1|Incineroar, L50, F|\n|poke|p1|Azumarill, L50, M|\n|poke|p1|Palafin, L50, M|\n|poke|p1|Lucario, L50, M|\n|poke|p1|Ninetales-Alola, L50, F|\n|poke|p1|Whimsicott, L50, M|\n|poke|p2|Lopunny, L50, F|\n|poke|p2|Garchomp, L50, F|\n|poke|p2|Incineroar, L50, F|\n|poke|p2|Rotom-Wash, L50|\n|poke|p2|Whimsicott, L50, F|\n|poke|p2|Sinistcha, L50|\n|teampreview|4\n|\n|t:|1776192182\n|teamsize|p1|4\n|teamsize|p2|4\n|start\n|switch|p1a: Azumarill|Azumarill, L50, M, shiny|100/100\n|switch|p1b: Ninetales|Ninetales-Alola, L50, F|100/100\n|switch|p2a: Incineroar|Incineroar, L50, F|100/100\n|switch|p2b: Rotom|Rotom-Wash, L50|100/100\n|-weather|Snowscape|[from] ability: Snow Warning|[of] p1b: Ninetales\n|-ability|p2a: Incineroar|Intimidate|boost\n|-unboost|p1a: Azumarill|atk|1\n|-unboost|p1b: Ninetales|atk|1\n|turn|1\n|inactive|Battle timer is ON: inactive players will automatically lose when time's up. (requested by 4wardAir)\n|\n|t:|1776192204\n|move|p1b: Ninetales|Protect|p1b: Ninetales\n|-singleturn|p1b: Ninetales|Protect\n|move|p2b: Rotom|Volt Switch|p1a: Azumarill\n|-supereffective|p1a: Azumarill|1\n|-crit|p1a: Azumarill\n|-damage|p1a: Azumarill|6/100\n|-enditem|p1a: Azumarill|Sitrus Berry|[eat]\n|-heal|p1a: Azumarill|31/100|[from] item: Sitrus Berry\n|\n|t:|1776192211\n|switch|p2b: Lopunny|Lopunny, L50, F|100/100|[from] Volt Switch\n|move|p2a: Incineroar|Flare Blitz|p1b: Ninetales\n|-activate|p1b: Ninetales|move: Protect\n|move|p1a: Azumarill|Belly Drum||[still]\n|-fail|p1a: Azumarill\n|\n|-weather|Snowscape|[upkeep]\n|upkeep\n|turn|2\n|\n|t:|1776192227\n|detailschange|p2b: Lopunny|Lopunny-Mega, L50, F\n|-mega|p2b: Lopunny|Lopunny|Lopunnite\n|move|p2b: Lopunny|Fake Out|p1b: Ninetales\n|-damage|p1b: Ninetales|78/100\n|move|p1a: Azumarill|Aqua Jet|p2a: Incineroar\n|-supereffective|p2a: Incineroar|1\n|-damage|p2a: Incineroar|68/100\n|cant|p1b: Ninetales|flinch\n|move|p2a: Incineroar|Flare Blitz|p1b: Ninetales\n|-supereffective|p1b: Ninetales|1\n|-damage|p1b: Ninetales|0 fnt\n|faint|p1b: Ninetales\n|-damage|p2a: Incineroar|49/100|[from] Recoil\n|-enditem|p2a: Incineroar|Sitrus Berry|[eat]\n|-heal|p2a: Incineroar|73/100|[from] item: Sitrus Berry\n|\n|-weather|Snowscape|[upkeep]\n|upkeep\n|\n|t:|1776192241\n|switch|p1b: Palafin|Palafin, L50, M|100/100\n|turn|3\n|\n|t:|1776192252\n|detailschange|p1b: Palafin|Palafin-Hero, L50, M\n|switch|p1b: Lucario|Lucario, L50, M|100/100\n|switch|p2a: Whimsicott|Whimsicott, L50, F|100/100\n|move|p1a: Azumarill|Aqua Jet|p2a: Whimsicott\n|-resisted|p2a: Whimsicott|1\n|-damage|p2a: Whimsicott|89/100\n|move|p2b: Lopunny|Close Combat|p1a: Azumarill\n|-resisted|p1a: Azumarill|1\n|-damage|p1a: Azumarill|0 fnt\n|-unboost|p2b: Lopunny|def|1\n|-unboost|p2b: Lopunny|spd|1\n|faint|p1a: Azumarill\n|\n|-weather|Snowscape|[upkeep]\n|upkeep\n|\n|t:|1776192262\n|switch|p1a: Palafin|Palafin-Hero, L50, M|100/100\n|-activate|p1a: Palafin|ability: Zero to Hero\n|turn|4\n|\n|t:|1776192281\n|detailschange|p1b: Lucario|Lucario-Mega, L50, M\n|-mega|p1b: Lucario|Lucario|Lucarionite\n|move|p2a: Whimsicott|Tailwind|p2a: Whimsicott\n|-sidestart|p2: JimmiBunnie|move: Tailwind\n|move|p1b: Lucario|Bullet Punch|p2b: Lopunny\n|-damage|p2b: Lopunny|34/100\n|move|p1a: Palafin|Jet Punch|p2b: Lopunny\n|-damage|p2b: Lopunny|0 fnt\n|faint|p2b: Lopunny\n|\n|-weather|Snowscape|[upkeep]\n|upkeep\n|\n|t:|1776192291\n|switch|p2b: Rotom|Rotom-Wash, L50|100/100\n|turn|5\n|\n|t:|1776192306\n|move|p1a: Palafin|Protect|p1a: Palafin\n|-singleturn|p1a: Palafin|Protect\n|move|p2a: Whimsicott|Moonblast|p1a: Palafin\n|-activate|p1a: Palafin|move: Protect\n|move|p2b: Rotom|Volt Switch|p1a: Palafin\n|-activate|p1a: Palafin|move: Protect\n|move|p1b: Lucario|Brick Break|p2b: Rotom\n|-damage|p2b: Rotom|46/100\n|\n|-weather|none\n|-heal|p2b: Rotom|51/100|[from] item: Leftovers\n|upkeep\n|turn|6\n|inactive|4wardAir has 30 seconds left.\n|\n|t:|1776192338\n|move|p2a: Whimsicott|Moonblast|p1a: Palafin\n|-damage|p1a: Palafin|59/100\n|move|p2b: Rotom|Volt Switch|p1a: Palafin\n|-supereffective|p1a: Palafin|1\n|-damage|p1a: Palafin|0 fnt\n|faint|p1a: Palafin\n|\n|t:|1776192344\n|switch|p2b: Incineroar|Incineroar, L50, F|73/100|[from] Volt Switch\n|-ability|p2b: Incineroar|Intimidate|boost\n|-unboost|p1b: Lucario|atk|1\n|move|p1b: Lucario|Brick Break|p2b: Incineroar\n|-supereffective|p2b: Incineroar|1\n|-damage|p2b: Incineroar|8/100\n|\n|upkeep\n|turn|7\n|\n|t:|1776192360\n|move|p1b: Lucario|Bullet Punch|p2b: Incineroar\n|-resisted|p2b: Incineroar|1\n|-damage|p2b: Incineroar|0 fnt\n|faint|p2b: Incineroar\n|move|p2a: Whimsicott|Moonblast|p1b: Lucario\n|-damage|p1b: Lucario|48/100\n|\n|-sideend|p2: JimmiBunnie|move: Tailwind\n|upkeep\n|\n|t:|1776192366\n|switch|p2b: Rotom|Rotom-Wash, L50|51/100\n|turn|8\n|\n|t:|1776192377\n|move|p2a: Whimsicott|Moonblast|p1b: Lucario\n|-damage|p1b: Lucario|0 fnt\n|faint|p1b: Lucario\n|\n|win|JimmiBunnie\n|raw|4wardAir's rating: 1012 &rarr; <strong>1001</strong><br />(-11 for losing)\n|raw|JimmiBunnie's rating: 1025 &rarr; <strong>1060</strong><br />(+35 for winning)\n",
  "uploadtime": 1776192382,
  "views": 14,
  "formatid": "gen9championsvgc2026regma",
  "rating": 1001,
  "private": 0,
  "password": null
}