{
  "id": "gen9championsvgc2026regma-2582472958",
  "format": "[Gen 9 Champions] VGC 2026 Reg M-A",
  "players": [
    "Ezequielk20",
    "Isidino"
  ],
  "log": "|j|\u2606Ezequielk20\n|j|\u2606Isidino\n|t:|1776093940\n|gametype|doubles\n|player|p1|Ezequielk20|rocketgrunt|1095\n|player|p2|Isidino|102|1127\n|gen|9\n|tier|[Gen 9 Champions] VGC 2026 Reg M-A\n|rated|\n|rule|Species Clause: Limit one of each Pok\u00e9mon\n|rule|Item Clause: Limit 1 of each item\n|clearpoke\n|poke|p1|Whimsicott, L50, M|\n|poke|p1|Charizard, L50, M|\n|poke|p1|Delphox, L50, M|\n|poke|p1|Gallade, L50, M|\n|poke|p1|Rotom-Wash, L50|\n|poke|p1|Garchomp, L50, M|\n|poke|p2|Charizard, L50, M|\n|poke|p2|Whimsicott, L50, F|\n|poke|p2|Venusaur, L50, F|\n|poke|p2|Dragonite, L50, M|\n|poke|p2|Sneasler, L50, M|\n|poke|p2|Torkoal, L50, F|\n|teampreview|4\n|inactive|Battle timer is ON: inactive players will automatically lose when time's up. (requested by Isidino)\n|inactive|Ezequielk20 has 60 seconds left.\n|\n|t:|1776093994\n|teamsize|p1|4\n|teamsize|p2|4\n|start\n|switch|p1a: Whimsicott|Whimsicott, L50, M|100/100\n|switch|p1b: Rotom|Rotom-Wash, L50|100/100\n|switch|p2a: Sneasler|Sneasler, L50, M|100/100\n|switch|p2b: Charizard|Charizard, L50, M, shiny|100/100\n|turn|1\n|\n|t:|1776094005\n|detailschange|p2b: Charizard|Charizard-Mega-Y, L50, M, shiny\n|-mega|p2b: Charizard|Charizard|Charizardite Y\n|-weather|SunnyDay|[from] ability: Drought|[of] p2b: Charizard\n|move|p2a: Sneasler|Fake Out|p1a: Whimsicott\n|-damage|p1a: Whimsicott|84/100\n|cant|p1a: Whimsicott|flinch\n|move|p2b: Charizard|Heat Wave|p1a: Whimsicott|[spread] p1a,p1b\n|-supereffective|p1a: Whimsicott|1\n|-resisted|p1b: Rotom|1\n|-damage|p1a: Whimsicott|0 fnt\n|-damage|p1b: Rotom|60/100\n|-status|p1b: Rotom|brn\n|faint|p1a: Whimsicott\n|move|p1b: Rotom|Thunder|p2b: Charizard\n|-supereffective|p2b: Charizard|1\n|-damage|p2b: Charizard|0 fnt\n|faint|p2b: Charizard\n|\n|-weather|SunnyDay|[upkeep]\n|-damage|p1b: Rotom|54/100 brn|[from] brn\n|upkeep\n|c|\u2606Isidino|Thunder under sun\n|c|\u2606Isidino|OK\n|\n|t:|1776094027\n|switch|p1a: Delphox|Delphox, L50, M|100/100\n|switch|p2b: Venusaur|Venusaur, L50, F|100/100\n|turn|2\n|\n|t:|1776094038\n|switch|p1b: Garchomp|Garchomp, L50, M|100/100\n|detailschange|p1a: Delphox|Delphox-Mega, L50, M\n|-mega|p1a: Delphox|Delphox|Delphoxite\n|move|p1a: Delphox|Protect|p1a: Delphox\n|-singleturn|p1a: Delphox|Protect\n|move|p2b: Venusaur|Earth Power|p1a: Delphox\n|-activate|p1a: Delphox|move: Protect\n|move|p2a: Sneasler|Dire Claw|p1a: Delphox\n|-activate|p1a: Delphox|move: Protect\n|\n|-weather|SunnyDay|[upkeep]\n|upkeep\n|turn|3\n|\n|t:|1776094058\n|switch|p1a: Rotom|Rotom-Wash, L50|54/100 brn\n|move|p2b: Venusaur|Sludge Bomb|p1b: Garchomp\n|-resisted|p1b: Garchomp|1\n|-damage|p1b: Garchomp|74/100\n|move|p2a: Sneasler|Close Combat|p1b: Garchomp\n|-damage|p1b: Garchomp|11/100\n|-unboost|p2a: Sneasler|def|1\n|-unboost|p2a: Sneasler|spd|1\n|-damage|p2a: Sneasler|88/100|[from] ability: Rough Skin|[of] p1b: Garchomp\n|-enditem|p2a: Sneasler|White Herb\n|-clearnegativeboost|p2a: Sneasler|[silent]\n|move|p1b: Garchomp|Scale Shot|p2b: Venusaur\n|-crit|p2b: Venusaur\n|-damage|p2b: Venusaur|64/100\n|-damage|p2b: Venusaur|41/100\n|-damage|p2b: Venusaur|17/100\n|-hitcount|p2b: Venusaur|3\n|-unboost|p1b: Garchomp|def|1\n|-boost|p1b: Garchomp|spe|1\n|\n|-weather|SunnyDay|[upkeep]\n|-damage|p1a: Rotom|48/100 brn|[from] brn\n|upkeep\n|turn|4\n|inactive|Ezequielk20 has 30 seconds left.\n|\n|t:|1776094087\n|move|p1b: Garchomp|Protect|p1b: Garchomp\n|-singleturn|p1b: Garchomp|Protect\n|move|p2a: Sneasler|Acrobatics|p1b: Garchomp\n|-activate|p1b: Garchomp|move: Protect\n|move|p2b: Venusaur|Leaf Storm|p1a: Rotom\n|-supereffective|p1a: Rotom|1\n|-damage|p1a: Rotom|0 fnt\n|-unboost|p2b: Venusaur|spa|2\n|faint|p1a: Rotom\n|\n|-weather|SunnyDay|[upkeep]\n|upkeep\n|\n|t:|1776094095\n|switch|p1a: Delphox|Delphox-Mega, L50, M|100/100\n|turn|5\n|\n|t:|1776094102\n|move|p2a: Sneasler|Dire Claw|p1a: Delphox\n|-damage|p1a: Delphox|40/100\n|move|p2b: Venusaur|Sludge Bomb|p1b: Garchomp\n|-resisted|p1b: Garchomp|1\n|-damage|p1b: Garchomp|0 fnt\n|faint|p1b: Garchomp\n|move|p1a: Delphox|Heat Wave|p2a: Sneasler|[spread] p2a,p2b\n|-supereffective|p2b: Venusaur|1\n|-damage|p2a: Sneasler|0 fnt\n|-damage|p2b: Venusaur|0 fnt\n|faint|p2a: Sneasler\n|faint|p2b: Venusaur\n|\n|-weather|none\n|upkeep\n|\n|t:|1776094108\n|switch|p2b: Torkoal|Torkoal, L50, F, shiny|100/100\n|-weather|SunnyDay|[from] ability: Drought|[of] p2b: Torkoal\n|turn|6\n|\n|t:|1776094115\n|move|p1a: Delphox|Psychic|p2b: Torkoal\n|-damage|p2b: Torkoal|43/100\n|-enditem|p2b: Torkoal|Sitrus Berry|[eat]\n|-heal|p2b: Torkoal|68/100|[from] item: Sitrus Berry\n|move|p2b: Torkoal|Weather Ball|p1a: Delphox\n|-resisted|p1a: Delphox|1\n|-damage|p1a: Delphox|20/100\n|\n|-weather|SunnyDay|[upkeep]\n|upkeep\n|turn|7\n|\n|t:|1776094125\n|move|p1a: Delphox|Psychic|p2b: Torkoal\n|-damage|p2b: Torkoal|15/100\n|move|p2b: Torkoal|Weather Ball|p1a: Delphox\n|-resisted|p1a: Delphox|1\n|-crit|p1a: Delphox\n|-damage|p1a: Delphox|0 fnt\n|faint|p1a: Delphox\n|\n|win|Isidino\n|raw|Ezequielk20's rating: 1095 &rarr; <strong>1073</strong><br />(-22 for losing)\n|raw|Isidino's rating: 1127 &rarr; <strong>1150</strong><br />(+23 for winning)\n|l|\u2606Ezequielk20\n|player|p1|\n",
  "uploadtime": 1776094128,
  "views": 12,
  "formatid": "gen9championsvgc2026regma",
  "rating": 1073,
  "private": 0,
  "password": null
}