{
  "id": "gen9championsvgc2026regma-2588827532",
  "format": "[Gen 9 Champions] VGC 2026 Reg M-A",
  "players": [
    "lakhrahnaz",
    "Chaotic1856"
  ],
  "log": "|j|\u2606lakhrahnaz\n|j|\u2606Chaotic1856\n|t:|1776675737\n|gametype|doubles\n|player|p1|lakhrahnaz|1|1130\n|player|p2|Chaotic1856|bugsy|1118\n|gen|9\n|tier|[Gen 9 Champions] VGC 2026 Reg M-A\n|rated|\n|rule|Species Clause: Limit one of each Pok\u00e9mon\n|rule|Item Clause: Limit 1 of each item\n|clearpoke\n|poke|p1|Glimmora, L50, M|\n|poke|p1|Scizor, L50, F|\n|poke|p1|Sinistcha, L50|\n|poke|p1|Rotom-Wash, L50|\n|poke|p1|Milotic, L50, F|\n|poke|p1|Kommo-o, L50, F|\n|poke|p2|Greninja, L50, F, shiny|\n|poke|p2|Kingambit, L50, F, shiny|\n|poke|p2|Incineroar, L50, F|\n|poke|p2|Sableye, L50, M, shiny|\n|poke|p2|Gyarados, L50, F, shiny|\n|poke|p2|Meowscarada, L50, M|\n|teampreview|4\n|\n|t:|1776675784\n|teamsize|p1|4\n|teamsize|p2|4\n|start\n|switch|p1a: Kommo-o|Kommo-o, L50, F|100/100\n|switch|p1b: Milotic|Milotic, L50, F|100/100\n|switch|p2a: Sableye|Sableye, L50, M, shiny|100/100\n|switch|p2b: Meowscarada|Meowscarada, L50, M|100/100\n|turn|1\n|\n|t:|1776675810\n|move|p2a: Sableye|Taunt|p1a: Kommo-o\n|-start|p1a: Kommo-o|move: Taunt\n|move|p2b: Meowscarada|Flower Trick|p1b: Milotic\n|-start|p2b: Meowscarada|typechange|Grass|[from] ability: Protean\n|-supereffective|p1b: Milotic|1\n|-crit|p1b: Milotic\n|-damage|p1b: Milotic|0 fnt\n|faint|p1b: Milotic\n|move|p1a: Kommo-o|Clanging Scales|p2b: Meowscarada|[spread] p2a,p2b\n|-damage|p2a: Sableye|42/100\n|-damage|p2b: Meowscarada|34/100\n|-enditem|p2a: Sableye|Sitrus Berry|[eat]\n|-heal|p2a: Sableye|67/100|[from] item: Sitrus Berry\n|-unboost|p1a: Kommo-o|def|1\n|\n|upkeep\n|\n|t:|1776675829\n|switch|p1b: Scizor|Scizor, L50, F|100/100\n|turn|2\n|\n|t:|1776675839\n|detailschange|p1b: Scizor|Scizor-Mega, L50, F\n|-mega|p1b: Scizor|Scizor|Scizorite\n|move|p1b: Scizor|Bullet Punch|p2b: Meowscarada\n|-damage|p2b: Meowscarada|0 fnt\n|faint|p2b: Meowscarada\n|move|p2a: Sableye|Will-O-Wisp|p1b: Scizor\n|-status|p1b: Scizor|brn\n|move|p1a: Kommo-o|Clanging Scales|p2a: Sableye\n|-damage|p2a: Sableye|0 fnt\n|faint|p2a: Sableye\n|-unboost|p1a: Kommo-o|def|1\n|\n|-damage|p1b: Scizor|94/100 brn|[from] brn\n|upkeep\n|\n|t:|1776675845\n|switch|p2b: Greninja|Greninja, L50, F, shiny|100/100\n|switch|p2a: Incineroar|Incineroar, L50, F|100/100\n|-ability|p2a: Incineroar|Intimidate|boost\n|-unboost|p1a: Kommo-o|atk|1\n|-unboost|p1b: Scizor|atk|1\n|turn|3\n|\n|t:|1776675865\n|switch|p1a: Sinistcha|Sinistcha, L50|100/100\n|-heal|p1b: Scizor|100/100 brn|[from] ability: Hospitality|[of] p1a: Sinistcha\n|move|p2b: Greninja|Gunk Shot|p1a: Sinistcha\n|-start|p2b: Greninja|typechange|Poison|[from] ability: Protean\n|-damage|p1a: Sinistcha|65/100\n|move|p1b: Scizor|Bug Bite|p2b: Greninja\n|-resisted|p2b: Greninja|1\n|-damage|p2b: Greninja|83/100\n|move|p2a: Incineroar|Flare Blitz|p1b: Scizor\n|-supereffective|p1b: Scizor|2\n|-damage|p1b: Scizor|0 fnt\n|faint|p1b: Scizor\n|-damage|p2a: Incineroar|74/100|[from] Recoil\n|\n|-heal|p1a: Sinistcha|71/100|[from] item: Leftovers\n|upkeep\n|\n|t:|1776675884\n|switch|p1b: Kommo-o|Kommo-o, L50, F|100/100\n|turn|4\n|\n|t:|1776675899\n|detailschange|p2b: Greninja|Greninja-Mega, L50, F, shiny\n|-mega|p2b: Greninja|Greninja|Greninjite\n|move|p2b: Greninja|Dark Pulse|p1a: Sinistcha\n|-start|p2b: Greninja|typechange|Dark|[from] ability: Protean\n|-supereffective|p1a: Sinistcha|1\n|-damage|p1a: Sinistcha|0 fnt\n|faint|p1a: Sinistcha\n|move|p1b: Kommo-o|Clangorous Soul|p1b: Kommo-o\n|-boost|p1b: Kommo-o|atk|1\n|-boost|p1b: Kommo-o|def|1\n|-boost|p1b: Kommo-o|spa|1\n|-boost|p1b: Kommo-o|spd|1\n|-boost|p1b: Kommo-o|spe|1\n|-damage|p1b: Kommo-o|68/100\n|move|p2a: Incineroar|Parting Shot|p1b: Kommo-o\n|-immune|p1b: Kommo-o|[from] ability: Soundproof\n|\n|upkeep\n|turn|5\n|\n|t:|1776675918\n|move|p2b: Greninja|Gunk Shot|p1b: Kommo-o\n|-damage|p1b: Kommo-o|43/100\n|-status|p1b: Kommo-o|psn\n|move|p1b: Kommo-o|Aura Sphere|p2b: Greninja\n|-supereffective|p2b: Greninja|1\n|-damage|p2b: Greninja|0 fnt\n|faint|p2b: Greninja\n|move|p2a: Incineroar|Close Combat|p1b: Kommo-o\n|-damage|p1b: Kommo-o|14/100 psn\n|-unboost|p2a: Incineroar|def|1\n|-unboost|p2a: Incineroar|spd|1\n|-enditem|p2a: Incineroar|White Herb\n|-clearnegativeboost|p2a: Incineroar|[silent]\n|\n|-damage|p1b: Kommo-o|2/100 psn|[from] psn\n|upkeep\n|turn|6\n|\n|t:|1776675936\n|move|p1b: Kommo-o|Aura Sphere|p2a: Incineroar\n|-supereffective|p2a: Incineroar|1\n|-damage|p2a: Incineroar|0 fnt\n|faint|p2a: Incineroar\n|\n|win|lakhrahnaz\n|raw|lakhrahnaz's rating: 1130 &rarr; <strong>1154</strong><br />(+24 for winning)\n|raw|Chaotic1856's rating: 1118 &rarr; <strong>1094</strong><br />(-24 for losing)\n|l|\u2606Chaotic1856\n|player|p2|\n",
  "uploadtime": 1776675947,
  "views": 12,
  "formatid": "gen9championsvgc2026regma",
  "rating": 1094,
  "private": 0,
  "password": null
}