{
  "id": "gen9championsvgc2026regma-2583309124",
  "format": "[Gen 9 Champions] VGC 2026 Reg M-A",
  "players": [
    "MoNo_T0NaL",
    "naachin"
  ],
  "log": "|j|\u2606MoNo_T0NaL\n|j|\u2606naachin\n|t:|1776165546\n|gametype|doubles\n|player|p1|MoNo_T0NaL|n|1054\n|player|p2|naachin|marlon|1046\n|gen|9\n|tier|[Gen 9 Champions] VGC 2026 Reg M-A\n|rated|\n|rule|Species Clause: Limit one of each Pok\u00e9mon\n|rule|Item Clause: Limit 1 of each item\n|clearpoke\n|poke|p1|Gengar, L50, F|\n|poke|p1|Whimsicott, L50, M|\n|poke|p1|Arcanine-Hisui, L50, M|\n|poke|p1|Sneasler, L50, F|\n|poke|p1|Meowscarada, L50, F|\n|poke|p1|Maushold, L50|\n|poke|p2|Clefable, L50, F|\n|poke|p2|Sneasler, L50, F|\n|poke|p2|Whimsicott, L50, F|\n|poke|p2|Milotic, L50, F|\n|poke|p2|Garchomp, L50, F|\n|poke|p2|Tyranitar, L50, F|\n|teampreview|4\nnaachin rejected open team sheets.\n|inactive|Battle timer is ON: inactive players will automatically lose when time's up. (requested by naachin)\n|\n|t:|1776165584\n|teamsize|p1|4\n|teamsize|p2|4\n|start\n|switch|p1a: Whimsicott|Whimsicott, L50, M|100/100\n|switch|p1b: Sneasler|Sneasler, L50, F, shiny|100/100\n|switch|p2a: Sneasler|Sneasler, L50, F, shiny|100/100\n|switch|p2b: Whimsicott|Whimsicott, L50, F, shiny|100/100\n|turn|1\n|inactive|naachin has 30 seconds left.\n|\n|t:|1776165614\n|move|p2a: Sneasler|Fake Out|p1b: Sneasler\n|-damage|p1b: Sneasler|76/100\n|cant|p1b: Sneasler|flinch\n|move|p2b: Whimsicott|Tailwind|p2b: Whimsicott\n|-sidestart|p2: naachin|move: Tailwind\n|move|p1a: Whimsicott|Tailwind|p1a: Whimsicott\n|-sidestart|p1: MoNo_T0NaL|move: Tailwind\n|\n|upkeep\n|turn|2\n|\n|t:|1776165637\n|switch|p2b: Garchomp|Garchomp, L50, F|100/100\n|move|p1a: Whimsicott|Encore|p2a: Sneasler\n|-start|p2a: Sneasler|Encore\n|move|p2a: Sneasler|Fake Out||[still]\n|-hint|Fake Out only works on your first turn out.\n|-fail|p2a: Sneasler\n|move|p1b: Sneasler|Dire Claw|p2b: Garchomp\n|-resisted|p2b: Garchomp|1\n|-damage|p2b: Garchomp|78/100\n|-status|p2b: Garchomp|par\n|-damage|p1b: Sneasler|64/100|[from] ability: Rough Skin|[of] p2b: Garchomp\n|\n|upkeep\n|turn|3\n|\n|t:|1776165659\n|switch|p2a: Whimsicott|Whimsicott, L50, F, shiny|100/100\n|switch|p1b: Meowscarada|Meowscarada, L50, F|100/100\n|move|p1a: Whimsicott|Moonblast|p2b: Garchomp\n|-supereffective|p2b: Garchomp|1\n|-damage|p2b: Garchomp|12/100 par\n|move|p2b: Garchomp|Earthquake|p1b: Meowscarada|[spread] p2a,p1a,p1b\n|-resisted|p2a: Whimsicott|1\n|-resisted|p1a: Whimsicott|1\n|-resisted|p1b: Meowscarada|1\n|-damage|p2a: Whimsicott|75/100\n|-damage|p1a: Whimsicott|83/100\n|-damage|p1b: Meowscarada|67/100\n|\n|upkeep\n|turn|4\n|\n|t:|1776165680\n|switch|p1b: Sneasler|Sneasler, L50, F, shiny|64/100\n|switch|p2b: Sneasler|Sneasler, L50, F, shiny|100/100\n|move|p2a: Whimsicott|Memento|p1b: Sneasler\n|-unboost|p1b: Sneasler|atk|2\n|-unboost|p1b: Sneasler|spa|2\n|faint|p2a: Whimsicott\n|-enditem|p1b: Sneasler|White Herb\n|-clearnegativeboost|p1b: Sneasler|[silent]\n|move|p1a: Whimsicott|Moonblast|p2b: Sneasler\n|-damage|p2b: Sneasler|64/100\n|\n|-sideend|p2: naachin|move: Tailwind\n|-sideend|p1: MoNo_T0NaL|move: Tailwind\n|upkeep\n|\n|t:|1776165695\n|switch|p2a: Tyranitar|Tyranitar, L50, F|100/100\n|-weather|Sandstorm|[from] ability: Sand Stream|[of] p2a: Tyranitar\n|turn|5\n|inactive|naachin has 30 seconds left.\n|\n|t:|1776165722\n|detailschange|p2a: Tyranitar|Tyranitar-Mega, L50, F\n|-mega|p2a: Tyranitar|Tyranitar|Tyranitarite\n|move|p1a: Whimsicott|Protect|p1a: Whimsicott\n|-singleturn|p1a: Whimsicott|Protect\n|move|p1b: Sneasler|Protect|p1b: Sneasler\n|-singleturn|p1b: Sneasler|Protect\n|move|p2b: Sneasler|Fake Out|p1b: Sneasler\n|-activate|p1b: Sneasler|move: Protect\n|move|p2a: Tyranitar|Iron Head|p1a: Whimsicott\n|-activate|p1a: Whimsicott|move: Protect\n|\n|-weather|Sandstorm|[upkeep]\n|-damage|p1b: Sneasler|58/100|[from] Sandstorm\n|-damage|p2b: Sneasler|58/100|[from] Sandstorm\n|-damage|p1a: Whimsicott|77/100|[from] Sandstorm\n|upkeep\n|turn|6\n|-message|naachin forfeited.\n|\n|win|MoNo_T0NaL\n|raw|MoNo_T0NaL's rating: 1054 &rarr; <strong>1085</strong><br />(+31 for winning)\n|raw|naachin's rating: 1046 &rarr; <strong>1029</strong><br />(-17 for losing)\n|l|\u2606naachin\n|player|p2|\n",
  "uploadtime": 1776165757,
  "views": 13,
  "formatid": "gen9championsvgc2026regma",
  "rating": 1029,
  "private": 0,
  "password": null
}