{
  "id": "gen9championsvgc2026regma-2582597382",
  "format": "[Gen 9 Champions] VGC 2026 Reg M-A",
  "players": [
    "amongdripgoku",
    "32323h"
  ],
  "log": "|j|\u2606amongdripgoku\n|j|\u260632323h\n|t:|1776101692\n|gametype|doubles\n|player|p1|amongdripgoku|2|1200\n|player|p2|32323h|iris-gen5bw2|1114\n|gen|9\n|tier|[Gen 9 Champions] VGC 2026 Reg M-A\n|rated|\n|rule|Species Clause: Limit one of each Pok\u00e9mon\n|rule|Item Clause: Limit 1 of each item\n|clearpoke\n|poke|p1|Pelipper, L50, M|\n|poke|p1|Gengar, L50, M|\n|poke|p1|Greninja-*, L50, M|\n|poke|p1|Basculegion, L50, M|\n|poke|p1|Archaludon, L50, F|\n|poke|p1|Whimsicott, L50, M|\n|poke|p2|Farigiraf, L50, M|\n|poke|p2|Beedrill, L50, F|\n|poke|p2|Incineroar, L50, M|\n|poke|p2|Palafin, L50, M|\n|poke|p2|Dragapult, L50, M|\n|poke|p2|Volcarona, L50, F|\n|teampreview|4\n|inactive|Battle timer is ON: inactive players will automatically lose when time's up. (requested by 32323h)\n|inactive|32323h has 60 seconds left.\n|\n|t:|1776101724\n|teamsize|p1|4\n|teamsize|p2|4\n|start\n|switch|p1a: Archaludon|Archaludon, L50, F|100/100\n|switch|p1b: Greninja|Greninja, L50, M|100/100\n|switch|p2a: Potential Mon|Beedrill, L50, F|100/100\n|switch|p2b: Volcarona|Volcarona, L50, F, shiny|100/100\n|turn|1\n|inactive|amongdripgoku has 30 seconds left.\n|inactive|amongdripgoku has 20 seconds left.\n|inactive|amongdripgoku has 15 seconds left.\n|inactive|amongdripgoku has 10 seconds left.\n|\n|t:|1776101771\n|switch|p1b: Pelipper|Pelipper, L50, M|100/100\n|-weather|RainDance|[from] ability: Drizzle|[of] p1b: Pelipper\n|detailschange|p2a: Potential Mon|Beedrill-Mega, L50, F\n|-mega|p2a: Potential Mon|Beedrill|Beedrillite\n|move|p2a: Potential Mon|U-turn|p1b: Pelipper\n|-resisted|p1b: Pelipper|1\n|-crit|p1b: Pelipper\n|-damage|p1b: Pelipper|57/100\n|\n|t:|1776101781\n|switch|p2a: Dragapult|Dragapult, L50, M, shiny|100/100|[from] U-turn\n|move|p2b: Volcarona|Tailwind|p2b: Volcarona\n|-sidestart|p2: 32323h|move: Tailwind\n|move|p1a: Archaludon|Electro Shot||[still]\n|-prepare|p1a: Archaludon|Electro Shot\n|-boost|p1a: Archaludon|spa|1\n|-anim|p1a: Archaludon|Electro Shot|p2a: Dragapult\n|-resisted|p2a: Dragapult|1\n|-damage|p2a: Dragapult|59/100\n|\n|-weather|RainDance|[upkeep]\n|-heal|p1b: Pelipper|63/100|[from] item: Leftovers\n|upkeep\n|turn|2\n|\n|t:|1776101799\n|move|p1b: Pelipper|Protect|p1b: Pelipper\n|-singleturn|p1b: Pelipper|Protect\n|move|p2a: Dragapult|Light Screen|p2a: Dragapult\n|-sidestart|p2: 32323h|move: Light Screen\n|move|p2b: Volcarona|Will-O-Wisp|p1a: Archaludon\n|-status|p1a: Archaludon|brn\n|move|p1a: Archaludon|Flash Cannon|p2a: Dragapult\n|-damage|p2a: Dragapult|8/100\n|\n|-weather|RainDance|[upkeep]\n|-heal|p1b: Pelipper|69/100|[from] item: Leftovers\n|-damage|p1a: Archaludon|94/100 brn|[from] brn\n|upkeep\n|turn|3\n|\n|t:|1776101814\n|move|p2b: Volcarona|Rage Powder|p2b: Volcarona\n|-singleturn|p2b: Volcarona|move: Rage Powder\n|move|p2a: Dragapult|Dragon Darts|p1a: Archaludon\n|-damage|p1a: Archaludon|74/100 brn\n|-anim|p2a: Dragapult|Dragon Darts|p1b: Pelipper\n|-damage|p1b: Pelipper|42/100\n|move|p1a: Archaludon|Electro Shot||[still]\n|-prepare|p1a: Archaludon|Electro Shot\n|-boost|p1a: Archaludon|spa|1\n|-anim|p1a: Archaludon|Electro Shot|p2a: Dragapult\n|-resisted|p2a: Dragapult|1\n|-damage|p2a: Dragapult|0 fnt\n|faint|p2a: Dragapult\n|move|p1b: Pelipper|Weather Ball|p2b: Volcarona\n|-supereffective|p2b: Volcarona|1\n|-damage|p2b: Volcarona|56/100\n|\n|-weather|RainDance|[upkeep]\n|-heal|p1b: Pelipper|48/100|[from] item: Leftovers\n|-damage|p1a: Archaludon|68/100 brn|[from] brn\n|upkeep\n|inactive|32323h has 30 seconds left.\n|\n|t:|1776101845\n|switch|p2a: Incineroar|Incineroar, L50, M, shiny|100/100\n|-ability|p2a: Incineroar|Intimidate|boost\n|-unboost|p1a: Archaludon|atk|1\n|-unboost|p1b: Pelipper|atk|1\n|turn|4\n|\n|t:|1776101859\n|switch|p1b: Basculegion|Basculegion, L50, M|100/100\n|move|p2a: Incineroar|Fake Out|p1b: Basculegion\n|-immune|p1b: Basculegion\n|move|p2b: Volcarona|Fiery Dance|p1a: Archaludon\n|-damage|p1a: Archaludon|50/100 brn\n|-boost|p2b: Volcarona|spa|1\n|-enditem|p1a: Archaludon|Sitrus Berry|[eat]\n|-heal|p1a: Archaludon|74/100 brn|[from] item: Sitrus Berry\n|move|p1a: Archaludon|Electro Shot||[still]\n|-prepare|p1a: Archaludon|Electro Shot\n|-boost|p1a: Archaludon|spa|1\n|-anim|p1a: Archaludon|Electro Shot|p2a: Incineroar\n|-damage|p2a: Incineroar|46/100\n|\n|-weather|RainDance|[upkeep]\n|-heal|p2a: Incineroar|51/100|[from] item: Leftovers\n|-damage|p1a: Archaludon|68/100 brn|[from] brn\n|-sideend|p2: 32323h|move: Tailwind\n|upkeep\n|turn|5\n|inactive|amongdripgoku has 30 seconds left.\n|inactive|amongdripgoku has 20 seconds left.\n|\n|t:|1776101895\n|move|p2b: Volcarona|Rage Powder|p2b: Volcarona\n|-singleturn|p2b: Volcarona|move: Rage Powder\n|move|p1b: Basculegion|Flip Turn|p2b: Volcarona\n|-supereffective|p2b: Volcarona|1\n|-damage|p2b: Volcarona|0 fnt\n|faint|p2b: Volcarona\n|\n|t:|1776101902\n|switch|p1b: Greninja|Greninja, L50, M|100/100|[from] Flip Turn\n|move|p1a: Archaludon|Electro Shot||[still]\n|-prepare|p1a: Archaludon|Electro Shot\n|-boost|p1a: Archaludon|spa|1\n|-anim|p1a: Archaludon|Electro Shot|p2a: Incineroar\n|-damage|p2a: Incineroar|0 fnt\n|faint|p2a: Incineroar\n|\n|-weather|none\n|-damage|p1a: Archaludon|62/100 brn|[from] brn\n|upkeep\n|\n|t:|1776101906\n|switch|p2b: Potential Mon|Beedrill-Mega, L50, F|100/100\n|turn|6\n|-message|32323h forfeited.\n|\n|win|amongdripgoku\n|raw|amongdripgoku's rating: 1200 &rarr; <strong>1219</strong><br />(+19 for winning)\n|raw|32323h's rating: 1114 &rarr; <strong>1095</strong><br />(-19 for losing)\n",
  "uploadtime": 1776101908,
  "views": 10,
  "formatid": "gen9championsvgc2026regma",
  "rating": 1095,
  "private": 0,
  "password": null
}