{
  "id": "gen9championsvgc2026regma-2587638057",
  "format": "[Gen 9 Champions] VGC 2026 Reg M-A",
  "players": [
    "Giuda",
    "CHUSPAMELA"
  ],
  "log": "|j|\u2606Giuda\n|j|\u2606CHUSPAMELA\n|t:|1776549268\n|gametype|doubles\n|player|p1|Giuda|steven|1046\n|player|p2|CHUSPAMELA|102|1045\n|gen|9\n|tier|[Gen 9 Champions] VGC 2026 Reg M-A\n|rated|\n|rule|Species Clause: Limit one of each Pok\u00e9mon\n|rule|Item Clause: Limit 1 of each item\n|clearpoke\n|poke|p1|Charizard, L50, M|\n|poke|p1|Venusaur, L50, M|\n|poke|p1|Sneasler, L50, M|\n|poke|p1|Garchomp, L50, M|\n|poke|p1|Whimsicott, L50, F|\n|poke|p1|Incineroar, L50, M|\n|poke|p2|Kommo-o, L50, F|\n|poke|p2|Kingambit, L50, M, shiny|\n|poke|p2|Scovillain, L50, M, shiny|\n|poke|p2|Farigiraf, L50, F|\n|poke|p2|Sneasler, L50, M|\n|poke|p2|Basculegion, L50, M|\n|teampreview|4\n|\n|t:|1776549312\n|teamsize|p1|4\n|teamsize|p2|4\n|start\n|switch|p1a: Charizard|Charizard, L50, M|100/100\n|switch|p1b: Venusaur|Venusaur, L50, M|100/100\n|switch|p2a: Kommo-o|Kommo-o, L50, F|100/100\n|switch|p2b: Scovillain|Scovillain, L50, M, shiny|100/100\n|turn|1\n|inactive|Battle timer is ON: inactive players will automatically lose when time's up. (requested by Giuda)\n|\n|t:|1776549391\n|detailschange|p1a: Charizard|Charizard-Mega-Y, L50, M\n|-mega|p1a: Charizard|Charizard|Charizardite Y\n|-weather|SunnyDay|[from] ability: Drought|[of] p1a: Charizard\n|detailschange|p2b: Scovillain|Scovillain-Mega, L50, M, shiny\n|-mega|p2b: Scovillain|Scovillain|Scovillainite\n|move|p1b: Venusaur|Sleep Powder|p2a: Kommo-o\n|-immune|p2a: Kommo-o|[from] ability: Overcoat\n|move|p1a: Charizard|Heat Wave|p2a: Kommo-o|[spread] p2a,p2b\n|-resisted|p2a: Kommo-o|1\n|-damage|p2a: Kommo-o|66/100\n|-damage|p2b: Scovillain|42/100\n|-immune|p1a: Charizard\n|move|p2a: Kommo-o|Clanging Scales|p1a: Charizard|[spread] p1a,p1b\n|-damage|p1a: Charizard|59/100\n|-damage|p1b: Venusaur|58/100\n|-unboost|p2a: Kommo-o|def|1\n|move|p2b: Scovillain|Flamethrower|p1b: Venusaur\n|-supereffective|p1b: Venusaur|1\n|-enditem|p1b: Venusaur|Occa Berry|[eat]\n|-enditem|p1b: Venusaur|Occa Berry|[weaken]\n|-damage|p1b: Venusaur|0 fnt\n|faint|p1b: Venusaur\n|\n|-weather|SunnyDay|[upkeep]\n|-heal|p2a: Kommo-o|72/100|[from] item: Leftovers\n|upkeep\n|inactive|Giuda has 30 seconds left.\n|\n|t:|1776549423\n|switch|p1b: Incineroar|Incineroar, L50, M|100/100\n|-ability|p1b: Incineroar|Intimidate|boost\n|-unboost|p2a: Kommo-o|atk|1\n|-unboost|p2b: Scovillain|atk|1\n|turn|2\n|inactive|CHUSPAMELA has 30 seconds left.\n|\n|t:|1776549450\n|switch|p2b: Farigiraf|Farigiraf, L50, F|100/100\n|move|p2a: Kommo-o|Protect|p2a: Kommo-o\n|-singleturn|p2a: Kommo-o|Protect\n|move|p1b: Incineroar|Fake Out|p2a: Kommo-o\n|-activate|p2a: Kommo-o|move: Protect\n|move|p1a: Charizard|Heat Wave|p2a: Kommo-o|[spread] p2b\n|-activate|p2a: Kommo-o|move: Protect\n|-damage|p2b: Farigiraf|46/100\n|-enditem|p2b: Farigiraf|Sitrus Berry|[eat]\n|-heal|p2b: Farigiraf|71/100|[from] item: Sitrus Berry\n|\n|-weather|SunnyDay|[upkeep]\n|-heal|p2a: Kommo-o|78/100|[from] item: Leftovers\n|upkeep\n|turn|3\n|\n|t:|1776549475\n|move|p1a: Charizard|Heat Wave|p2b: Farigiraf|[spread] p2a,p2b\n|-resisted|p2a: Kommo-o|1\n|-damage|p2a: Kommo-o|47/100\n|-damage|p2b: Farigiraf|8/100\n|move|p2a: Kommo-o|Clanging Scales|p1b: Incineroar|[spread] p1a,p1b\n|-crit|p1b: Incineroar\n|-damage|p1a: Charizard|15/100\n|-damage|p1b: Incineroar|47/100\n|-enditem|p1b: Incineroar|Sitrus Berry|[eat]\n|-heal|p1b: Incineroar|71/100|[from] item: Sitrus Berry\n|-unboost|p2a: Kommo-o|def|1\n|move|p1b: Incineroar|Parting Shot|p2b: Farigiraf\n|-unboost|p2b: Farigiraf|atk|1\n|-unboost|p2b: Farigiraf|spa|1\n|\n|t:|1776549488\n|switch|p1b: Garchomp|Garchomp, L50, M|100/100|[from] Parting Shot\n|move|p2b: Farigiraf|Trick Room|p2b: Farigiraf\n|-fieldstart|move: Trick Room|[of] p2b: Farigiraf\n|\n|-weather|SunnyDay|[upkeep]\n|-heal|p2a: Kommo-o|53/100|[from] item: Leftovers\n|-activate|p2b: Farigiraf|ability: Cud Chew\n|-enditem|p2b: Farigiraf|Sitrus Berry|[eat]\n|-heal|p2b: Farigiraf|33/100|[from] item: Sitrus Berry\n|upkeep\n|turn|4\n|\n|t:|1776549503\n|move|p2b: Farigiraf|Helping Hand|p2a: Kommo-o\n|-singleturn|p2a: Kommo-o|Helping Hand|[of] p2b: Farigiraf\n|move|p1a: Charizard|Protect|p1a: Charizard\n|-singleturn|p1a: Charizard|Protect\n|move|p2a: Kommo-o|Clanging Scales|p1a: Charizard|[spread] p1b\n|-activate|p1a: Charizard|move: Protect\n|-supereffective|p1b: Garchomp|1\n|-damage|p1b: Garchomp|0 fnt\n|faint|p1b: Garchomp\n|-unboost|p2a: Kommo-o|def|1\n|\n|-weather|SunnyDay|[upkeep]\n|-heal|p2a: Kommo-o|59/100|[from] item: Leftovers\n|upkeep\n|\n|t:|1776549518\n|switch|p1b: Incineroar|Incineroar, L50, M|71/100\n|-ability|p1b: Incineroar|Intimidate|boost\n|-unboost|p2a: Kommo-o|atk|1\n|-unboost|p2b: Farigiraf|atk|1\n|turn|5\n|\n|t:|1776549531\n|move|p2b: Farigiraf|Helping Hand|p2a: Kommo-o\n|-singleturn|p2a: Kommo-o|Helping Hand|[of] p2b: Farigiraf\n|move|p1b: Incineroar|Fake Out|p2a: Kommo-o\n|-damage|p2a: Kommo-o|30/100\n|cant|p2a: Kommo-o|flinch\n|move|p1a: Charizard|Heat Wave|p2a: Kommo-o|[spread] p2a,p2b\n|-resisted|p2a: Kommo-o|1\n|-damage|p2a: Kommo-o|0 fnt\n|-damage|p2b: Farigiraf|0 fnt\n|faint|p2a: Kommo-o\n|faint|p2b: Farigiraf\n|\n|-weather|none\n|upkeep\n|\n|t:|1776549549\n|switch|p2b: Scovillain|Scovillain-Mega, L50, M, shiny|42/100\n|switch|p2a: Basculegion|Basculegion, L50, M|100/100\n|turn|6\n|\n|t:|1776549564\n|move|p1a: Charizard|Protect|p1a: Charizard\n|-singleturn|p1a: Charizard|Protect\n|move|p2b: Scovillain|Rage Powder|p2b: Scovillain\n|-singleturn|p2b: Scovillain|move: Rage Powder\n|move|p2a: Basculegion|Aqua Jet|p1a: Charizard\n|-activate|p1a: Charizard|move: Protect\n|move|p1b: Incineroar|Throat Chop|p2b: Scovillain\n|-damage|p2b: Scovillain|0 fnt\n|-immune|p1b: Incineroar\n|faint|p2b: Scovillain\n|\n|upkeep\n|turn|7\n|\n|t:|1776549585\n|move|p1b: Incineroar|Throat Chop|p2a: Basculegion\n|-supereffective|p2a: Basculegion|1\n|-damage|p2a: Basculegion|0 fnt\n|faint|p2a: Basculegion\n|\n|win|Giuda\n|raw|Giuda's rating: 1046 &rarr; <strong>1079</strong><br />(+33 for winning)\n|raw|CHUSPAMELA's rating: 1045 &rarr; <strong>1028</strong><br />(-17 for losing)\n|l|\u2606Giuda\n|player|p1|\n|j|\u2606Giuda\n|player|p1|Giuda|steven|\n",
  "uploadtime": 1776549616,
  "views": 12,
  "formatid": "gen9championsvgc2026regma",
  "rating": 1028,
  "private": 0,
  "password": null
}