{
  "id": "gen9championsvgc2026regma-2584811272",
  "format": "[Gen 9 Champions] VGC 2026 Reg M-A",
  "players": [
    "amarillaria",
    "I'mactuallyaditto"
  ],
  "log": "|j|\u2606amarillaria\n|j|\u2606I'mactuallyaditto\n|t:|1776285424\n|gametype|doubles\n|player|p1|amarillaria|unknown|1152\n|player|p2|I'mactuallyaditto|steven-masters3|1094\n|gen|9\n|tier|[Gen 9 Champions] VGC 2026 Reg M-A\n|rated|\n|rule|Species Clause: Limit one of each Pok\u00e9mon\n|rule|Item Clause: Limit 1 of each item\n|clearpoke\n|poke|p1|Tyranitar, L50, M|\n|poke|p1|Aerodactyl, L50, M|\n|poke|p1|Garchomp, L50, F|\n|poke|p1|Glimmora, L50, F|\n|poke|p1|Incineroar, L50, F|\n|poke|p1|Basculegion, L50, M|\n|poke|p2|Mamoswine, L50, M|\n|poke|p2|Glimmora, L50, M|\n|poke|p2|Talonflame, L50, F|\n|poke|p2|Sneasler, L50, F|\n|poke|p2|Incineroar, L50, M|\n|poke|p2|Aegislash, L50, F|\n|teampreview|4\n|\n|t:|1776285458\n|teamsize|p1|4\n|teamsize|p2|4\n|start\n|switch|p1a: Aerodactyl|Aerodactyl, L50, M|100/100\n|switch|p1b: Basculegion|Basculegion, L50, M|100/100\n|switch|p2a: Mamoswine|Mamoswine, L50, M|100/100\n|switch|p2b: Incineroar|Incineroar, L50, M|100/100\n|-ability|p1a: Aerodactyl|Unnerve\n|-ability|p2b: Incineroar|Intimidate|boost\n|-unboost|p1a: Aerodactyl|atk|1\n|-unboost|p1b: Basculegion|atk|1\n|turn|1\n|\n|t:|1776285473\n|move|p1a: Aerodactyl|Rock Slide|p2a: Mamoswine|[spread] p2a,p2b\n|-supereffective|p2b: Incineroar|1\n|-damage|p2a: Mamoswine|83/100\n|-damage|p2b: Incineroar|68/100\n|move|p1b: Basculegion|Flip Turn|p2b: Incineroar\n|-supereffective|p2b: Incineroar|1\n|-damage|p2b: Incineroar|14/100\n|\n|t:|1776285481\n|switch|p1b: Glimmora|Glimmora, L50, F|100/100|[from] Flip Turn\n|move|p2a: Mamoswine|Icicle Crash|p1a: Aerodactyl\n|-supereffective|p1a: Aerodactyl|1\n|-enditem|p1a: Aerodactyl|Focus Sash\n|-damage|p1a: Aerodactyl|1/100\n|move|p2b: Incineroar|Darkest Lariat|p1b: Glimmora\n|-damage|p1b: Glimmora|53/100\n|-activate|p1b: Glimmora|ability: Toxic Debris\n|-sidestart|p2: I'mactuallyaditto|move: Toxic Spikes\n|\n|upkeep\n|turn|2\n|\n|t:|1776285501\n|switch|p2b: Glimmora|Glimmora, L50, M|100/100\n|-sideend|p2: I'mactuallyaditto|move: Toxic Spikes|[of] p2b: Glimmora\n|detailschange|p1b: Glimmora|Glimmora-Mega, L50, F\n|-mega|p1b: Glimmora|Glimmora|Glimmoranite\n|move|p1b: Glimmora|Spiky Shield|p1b: Glimmora\n|-singleturn|p1b: Glimmora|move: Protect\n|move|p1a: Aerodactyl|Tailwind|p1a: Aerodactyl\n|-sidestart|p1: amarillaria|move: Tailwind\n|move|p2a: Mamoswine|High Horsepower|p1b: Glimmora\n|-activate|p1b: Glimmora|move: Protect\n|-damage|p2a: Mamoswine|70/100|[from] Spiky Shield|[of] p1b: Glimmora\n|\n|upkeep\n|turn|3\n|\n|t:|1776285522\n|switch|p1b: Garchomp|Garchomp, L50, F|100/100\n|detailschange|p2b: Glimmora|Glimmora-Mega, L50, M\n|-mega|p2b: Glimmora|Glimmora|Glimmoranite\n|move|p2b: Glimmora|Spiky Shield|p2b: Glimmora\n|-singleturn|p2b: Glimmora|move: Protect\n|move|p1a: Aerodactyl|Rock Slide|p2b: Glimmora|[spread] \n|-activate|p2b: Glimmora|move: Protect\n|-miss|p1a: Aerodactyl|p2a: Mamoswine\n|move|p2a: Mamoswine|High Horsepower|p1b: Garchomp\n|-damage|p1b: Garchomp|43/100\n|-damage|p2a: Mamoswine|58/100|[from] ability: Rough Skin|[of] p1b: Garchomp\n|-enditem|p1b: Garchomp|Sitrus Berry|[eat]\n|-heal|p1b: Garchomp|68/100|[from] item: Sitrus Berry\n|\n|upkeep\n|turn|4\n|\n|t:|1776285543\n|move|p2a: Mamoswine|Ice Shard|p1b: Garchomp\n|-supereffective|p1b: Garchomp|2\n|-crit|p1b: Garchomp\n|-damage|p1b: Garchomp|0 fnt\n|faint|p1b: Garchomp\n|move|p1a: Aerodactyl|Rock Slide|p2a: Mamoswine|[spread] p2a,p2b\n|-damage|p2a: Mamoswine|41/100\n|-damage|p2b: Glimmora|84/100\n|cant|p2b: Glimmora|flinch\n|\n|upkeep\n|\n|t:|1776285546\n|switch|p1b: Basculegion|Basculegion, L50, M|100/100\n|turn|5\n|\n|t:|1776285577\n|switch|p2b: Incineroar|Incineroar, L50, M|14/100\n|-ability|p2b: Incineroar|Intimidate|boost\n|-unboost|p1a: Aerodactyl|atk|1\n|-unboost|p1b: Basculegion|atk|1\n|move|p1a: Aerodactyl|Protect|p1a: Aerodactyl\n|-singleturn|p1a: Aerodactyl|Protect\n|move|p2a: Mamoswine|Ice Shard|p1a: Aerodactyl\n|-activate|p1a: Aerodactyl|move: Protect\n|move|p1b: Basculegion|Flip Turn|p2a: Mamoswine\n|-supereffective|p2a: Mamoswine|1\n|-damage|p2a: Mamoswine|0 fnt\n|faint|p2a: Mamoswine\n|l|\u2606amarillaria\n|player|p1|\n|j|\u2606amarillaria\n|player|p1|amarillaria|unknown|\n|\n|t:|1776285623\n|switch|p1b: Glimmora|Glimmora-Mega, L50, F|53/100|[from] Flip Turn\n|\n|-sideend|p1: amarillaria|move: Tailwind\n|upkeep\n|\n|t:|1776285627\n|switch|p2a: Sneasler|Sneasler, L50, F|100/100\n|turn|6\n|\n|t:|1776285642\n|move|p1b: Glimmora|Spiky Shield|p1b: Glimmora\n|-singleturn|p1b: Glimmora|move: Protect\n|move|p2b: Incineroar|Fake Out|p1a: Aerodactyl\n|-resisted|p1a: Aerodactyl|1\n|-damage|p1a: Aerodactyl|0 fnt\n|faint|p1a: Aerodactyl\n|move|p2a: Sneasler|Close Combat|p1b: Glimmora\n|-activate|p1b: Glimmora|move: Protect\n|-damage|p2a: Sneasler|88/100|[from] Spiky Shield|[of] p1b: Glimmora\n|\n|upkeep\n|\n|t:|1776285651\n|switch|p1a: Basculegion|Basculegion, L50, M|100/100\n|turn|7\n|\n|t:|1776285672\n|switch|p2b: Glimmora|Glimmora-Mega, L50, M|84/100\n|move|p1a: Basculegion|Liquidation|p2a: Sneasler\n|-damage|p2a: Sneasler|0 fnt\n|faint|p2a: Sneasler\n|move|p1b: Glimmora|Power Gem|p2b: Glimmora\n|-damage|p2b: Glimmora|25/100\n|\n|upkeep\n|\n|t:|1776285678\n|switch|p2a: Incineroar|Incineroar, L50, M|14/100\n|-ability|p2a: Incineroar|Intimidate|boost\n|-unboost|p1a: Basculegion|atk|1\n|-unboost|p1b: Glimmora|atk|1\n|turn|8\n|\n|t:|1776285688\n|move|p1a: Basculegion|Liquidation|p2b: Glimmora\n|-supereffective|p2b: Glimmora|1\n|-damage|p2b: Glimmora|0 fnt\n|faint|p2b: Glimmora\n|move|p1b: Glimmora|Power Gem|p2a: Incineroar\n|-supereffective|p2a: Incineroar|1\n|-damage|p2a: Incineroar|0 fnt\n|faint|p2a: Incineroar\n|\n|win|amarillaria\n|raw|amarillaria's rating: 1152 &rarr; <strong>1173</strong><br />(+21 for winning)\n|raw|I&apos;mactuallyaditto's rating: 1094 &rarr; <strong>1074</strong><br />(-20 for losing)\n",
  "uploadtime": 1776285695,
  "views": 18,
  "formatid": "gen9championsvgc2026regma",
  "rating": 1074,
  "private": 0,
  "password": null
}