{
  "id": "gen9championsvgc2026regma-2589571592",
  "format": "[Gen 9 Champions] VGC 2026 Reg M-A",
  "players": [
    "squirrus",
    "ricky2148"
  ],
  "log": "|j|\u2606squirrus\n|j|\u2606ricky2148\n|t:|1776735230\n|gametype|doubles\n|player|p1|squirrus|265|1153\n|player|p2|ricky2148|266|1156\n|gen|9\n|tier|[Gen 9 Champions] VGC 2026 Reg M-A\n|rated|\n|rule|Species Clause: Limit one of each Pok\u00e9mon\n|rule|Item Clause: Limit 1 of each item\n|clearpoke\n|poke|p1|Armarouge, L50, M|\n|poke|p1|Meowstic, L50, M, shiny|\n|poke|p1|Aggron, L50, M, shiny|\n|poke|p1|Hatterene, L50, F, shiny|\n|poke|p1|Oranguru, L50, M|\n|poke|p1|Crabominable, L50, F, shiny|\n|poke|p2|Kleavor, L50, M|\n|poke|p2|Basculegion, L50, M|\n|poke|p2|Milotic, L50, M|\n|poke|p2|Pelipper, L50, F|\n|poke|p2|Meowscarada, L50, F|\n|poke|p2|Scizor, L50, M|\n|teampreview|4\n|inactive|Battle timer is ON: inactive players will automatically lose when time's up. (requested by squirrus)\n|inactiveoff|Battle timer is now OFF.\n|\n|t:|1776735273\n|teamsize|p1|4\n|teamsize|p2|4\n|start\n|switch|p1a: Armarouge|Armarouge, L50, M|100/100\n|switch|p1b: Meowstic|Meowstic, L50, M, shiny|100/100\n|switch|p2a: Kleavor|Kleavor, L50, M|100/100\n|switch|p2b: Scizor|Scizor, L50, M|100/100\n|turn|1\n|\n|t:|1776735300\n|detailschange|p2b: Scizor|Scizor-Mega, L50, M\n|-mega|p2b: Scizor|Scizor|Scizorite\n|move|p1b: Meowstic|Fake Out|p2a: Kleavor\n|-resisted|p2a: Kleavor|1\n|-damage|p2a: Kleavor|97/100\n|cant|p2a: Kleavor|flinch\n|move|p2b: Scizor|Bug Bite|p1b: Meowstic\n|-supereffective|p1b: Meowstic|1\n|-damage|p1b: Meowstic|8/100\n|-enditem|p1b: Meowstic|Colbur Berry|[from] stealeat|[move] Bug Bite|[of] p2b: Scizor\n|move|p1a: Armarouge|Trick Room|p1a: Armarouge\n|-fieldstart|move: Trick Room|[of] p1a: Armarouge\n|\n|upkeep\n|turn|2\n|\n|t:|1776735331\n|move|p2b: Scizor|Bullet Punch|p1b: Meowstic\n|-damage|p1b: Meowstic|0 fnt\n|faint|p1b: Meowstic\n|move|p1a: Armarouge|Expanding Force|p2a: Kleavor\n|-damage|p2a: Kleavor|29/100\n|move|p2a: Kleavor|Stone Axe|p1a: Armarouge\n|-supereffective|p1a: Armarouge|1\n|-damage|p1a: Armarouge|0 fnt\n|-sidestart|p1: squirrus|move: Stealth Rock\n|faint|p1a: Armarouge\n|\n|upkeep\n|\n|t:|1776735356\n|switch|p1a: Crabominable|Crabominable, L50, F, shiny|100/100\n|switch|p1b: Oranguru|Oranguru, L50, M|100/100\n|-damage|p1a: Crabominable|88/100|[from] Stealth Rock\n|-damage|p1b: Oranguru|88/100|[from] Stealth Rock\n|turn|3\n|\n|t:|1776735396\n|detailschange|p1a: Crabominable|Crabominable-Mega, L50, F, shiny\n|-mega|p1a: Crabominable|Crabominable|Crabominite\n|move|p1a: Crabominable|Drain Punch|p2b: Scizor\n|-damage|p2b: Scizor|48/100\n|-heal|p1a: Crabominable|100/100|[from] drain|[of] p2b: Scizor\n|move|p1b: Oranguru|Instruct|p1a: Crabominable\n|-singleturn|p1a: Crabominable|move: Instruct|[of] p1b: Oranguru\n|move|p1a: Crabominable|Drain Punch|p2b: Scizor\n|-damage|p2b: Scizor|0 fnt\n|faint|p2b: Scizor\n|move|p2a: Kleavor|Stone Axe|p1b: Oranguru\n|-damage|p1b: Oranguru|49/100\n|\n|upkeep\n|\n|t:|1776735410\n|switch|p2b: Meowscarada|Meowscarada, L50, F|100/100\n|turn|4\n|\n|t:|1776735434\n|move|p1a: Crabominable|Drain Punch|p2a: Kleavor\n|-damage|p2a: Kleavor|0 fnt\n|faint|p2a: Kleavor\n|move|p1b: Oranguru|Instruct|p1a: Crabominable\n|-singleturn|p1a: Crabominable|move: Instruct|[of] p1b: Oranguru\n|move|p1a: Crabominable|Drain Punch|p2b: Meowscarada\n|-supereffective|p2b: Meowscarada|1\n|-enditem|p2b: Meowscarada|Focus Sash\n|-damage|p2b: Meowscarada|1/100\n|move|p2b: Meowscarada|Brick Break|p1a: Crabominable\n|-start|p2b: Meowscarada|typechange|Fighting|[from] ability: Protean\n|-supereffective|p1a: Crabominable|1\n|-damage|p1a: Crabominable|44/100\n|\n|upkeep\n|\n|t:|1776735446\n|switch|p2a: Milotic|Milotic, L50, M|100/100\n|turn|5\n|\n|t:|1776735457\n|move|p1a: Crabominable|Drain Punch|p2a: Milotic\n|-crit|p2a: Milotic\n|-damage|p2a: Milotic|17/100\n|-heal|p1a: Crabominable|85/100|[from] drain|[of] p2a: Milotic\n|move|p1b: Oranguru|Instruct|p1a: Crabominable\n|-singleturn|p1a: Crabominable|move: Instruct|[of] p1b: Oranguru\n|move|p1a: Crabominable|Drain Punch|p2a: Milotic\n|-damage|p2a: Milotic|0 fnt\n|-heal|p1a: Crabominable|93/100|[from] drain|[of] p2a: Milotic\n|faint|p2a: Milotic\n|move|p2b: Meowscarada|Knock Off|p1b: Oranguru\n|-supereffective|p1b: Oranguru|1\n|-damage|p1b: Oranguru|4/100\n|-enditem|p1b: Oranguru|Mental Herb|[from] move: Knock Off|[of] p2b: Meowscarada\n|\n|-fieldend|move: Trick Room\n|upkeep\n|turn|6\n|c|\u2606ricky2148|that fucking monkey is too obese\n|c|\u2606ricky2148|!dt oranguru\n|c|\u2606ricky2148|/raw <div class=\"message\"><ul class=\"utilichart\"><li class=\"result\"><span class=\"col numcol\">OU</span> <span class=\"col iconcol\"><psicon pokemon=\"oranguru\"/></span> <span class=\"col pokemonnamecol\" style=\"white-space:nowrap\"><a href=\"https://dex.pokemonshowdown.com/pokemon/oranguru\" target=\"_blank\">Oranguru</a></span> <span class=\"col typecol\"><img src=\"https://play.pokemonshowdown.com/sprites/types/Normal.png\" alt=\"Normal\" height=\"14\" width=\"32\"><img src=\"https://play.pokemonshowdown.com/sprites/types/Psychic.png\" alt=\"Psychic\" height=\"14\" width=\"32\"></span> <span style=\"float:left;min-height:26px\"><span class=\"col twoabilitycol\">Inner Focus<br />Telepathy</span><span class=\"col abilitycol\"><em>Symbiosis</em></span></span><span style=\"float:left;min-height:26px\"><span class=\"col statcol\"><em>HP</em><br />90</span> <span class=\"col statcol\"><em>Atk</em><br />60</span> <span class=\"col statcol\"><em>Def</em><br />80</span> <span class=\"col statcol\"><em>SpA</em><br />90</span> <span class=\"col statcol\"><em>SpD</em><br />110</span> <span class=\"col statcol\"><em>Spe</em><br />60</span> <span class=\"col bstcol\"><em>BST<br />490</em></span> </span></li><li style=\"clear:both\"></li></ul></div>\n|c|\u2606ricky2148|/raw <font size=\"1\"><font color=\"#686868\">Dex#:</font> 765&nbsp;|&ThickSpace;<font color=\"#686868\">Gen:</font> 7&nbsp;|&ThickSpace;<font color=\"#686868\">Height:</font> 1.5 m&nbsp;|&ThickSpace;<font color=\"#686868\">Weight:</font> 76 kg <em>(80 BP)</em>&nbsp;|&ThickSpace;<font color=\"#686868\">Dex Colour:</font> White&nbsp;|&ThickSpace;<font color=\"#686868\">Egg Group(s):</font> Field&nbsp;|&ThickSpace;<font color=\"#686868\">Does Not Evolve</font></font>\n\n|\n|t:|1776735482\n|move|p1b: Oranguru|Protect|p1b: Oranguru\n|-singleturn|p1b: Oranguru|Protect\n|move|p2b: Meowscarada|Knock Off|p1b: Oranguru\n|-activate|p1b: Oranguru|move: Protect\n|move|p1a: Crabominable|Thunder Punch|p2b: Meowscarada\n|-damage|p2b: Meowscarada|0 fnt\n|faint|p2b: Meowscarada\n|\n|win|squirrus\n",
  "uploadtime": 1776735476,
  "views": 6,
  "formatid": "gen9championsvgc2026regma",
  "rating": null,
  "private": 0,
  "password": null
}