{
  "id": "gen9championsvgc2026regma-2582336765",
  "format": "[Gen 9 Champions] VGC 2026 Reg M-A",
  "players": [
    "evokenz",
    "creemchease"
  ],
  "log": "|j|\u2606evokenz\n|j|\u2606creemchease\n|t:|1776084451\n|gametype|doubles\n|player|p1|evokenz|265|1189\n|player|p2|creemchease|265|1219\n|gen|9\n|tier|[Gen 9 Champions] VGC 2026 Reg M-A\n|rated|\n|rule|Species Clause: Limit one of each Pok\u00e9mon\n|rule|Item Clause: Limit 1 of each item\n|clearpoke\n|poke|p1|Dragapult, L50, F|\n|poke|p1|Sneasler, L50, M|\n|poke|p1|Incineroar, L50, F|\n|poke|p1|Maushold, L50|\n|poke|p1|Floette-Eternal, L50, F|\n|poke|p1|Kingambit, L50, F|\n|poke|p2|Charizard, L50, F|\n|poke|p2|Sneasler, L50, M|\n|poke|p2|Venusaur, L50, M|\n|poke|p2|Rotom-Wash, L50|\n|poke|p2|Incineroar, L50, F|\n|poke|p2|Garchomp, L50, M|\n|teampreview|4\n|\n|t:|1776084496\n|teamsize|p1|4\n|teamsize|p2|4\n|start\n|switch|p1a: Dragapult|Dragapult, L50, F|100/100\n|switch|p1b: Sneasler|Sneasler, L50, M|100/100\n|switch|p2a: Venusaur|Venusaur, L50, M|100/100\n|switch|p2b: Charizard|Charizard, L50, F|100/100\n|turn|1\n|\n|t:|1776084508\n|move|p2b: Charizard|Protect|p2b: Charizard\n|-singleturn|p2b: Charizard|Protect\n|move|p2a: Venusaur|Protect|p2a: Venusaur\n|-singleturn|p2a: Venusaur|Protect\n|move|p1a: Dragapult|Thunder Wave|p2a: Venusaur\n|-activate|p2a: Venusaur|move: Protect\n|move|p1b: Sneasler|Rock Tomb|p2b: Charizard\n|-activate|p2b: Charizard|move: Protect\n|\n|upkeep\n|turn|2\n|\n|t:|1776084549\n|switch|p2b: Garchomp|Garchomp, L50, M|100/100\n|move|p1b: Sneasler|Protect|p1b: Sneasler\n|-singleturn|p1b: Sneasler|Protect\n|move|p1a: Dragapult|Draco Meteor|p2b: Garchomp\n|-supereffective|p2b: Garchomp|1\n|-damage|p2b: Garchomp|0 fnt\n|-unboost|p1a: Dragapult|spa|2\n|faint|p2b: Garchomp\n|move|p2a: Venusaur|Sleep Powder|p1a: Dragapult|[miss]\n|-miss|p2a: Venusaur|p1a: Dragapult\n|\n|upkeep\n|\n|t:|1776084567\n|switch|p2b: Sneasler|Sneasler, L50, M|100/100\n|turn|3\n|\n|t:|1776084580\n|move|p2b: Sneasler|Fake Out|p1b: Sneasler\n|-damage|p1b: Sneasler|75/100\n|move|p1a: Dragapult|Will-O-Wisp|p2b: Sneasler\n|-status|p2b: Sneasler|brn\n|cant|p1b: Sneasler|flinch\n|move|p2a: Venusaur|Sleep Powder|p1a: Dragapult\n|-status|p1a: Dragapult|slp|[from] move: Sleep Powder\n|\n|-damage|p2b: Sneasler|95/100 brn|[from] brn\n|upkeep\n|turn|4\n|\n|t:|1776084601\n|move|p2a: Venusaur|Protect|p2a: Venusaur\n|-singleturn|p2a: Venusaur|Protect\n|cant|p1a: Dragapult|slp\n|move|p2b: Sneasler|Rock Tomb|p1b: Sneasler\n|-resisted|p1b: Sneasler|1\n|-damage|p1b: Sneasler|66/100\n|-unboost|p1b: Sneasler|spe|1\n|-enditem|p1b: Sneasler|White Herb\n|-clearnegativeboost|p1b: Sneasler|[silent]\n|move|p1b: Sneasler|Rock Tomb|p2a: Venusaur\n|-activate|p2a: Venusaur|move: Protect\n|\n|-damage|p2b: Sneasler|89/100 brn|[from] brn\n|upkeep\n|turn|5\n|\n|t:|1776084626\n|move|p1b: Sneasler|Rock Tomb|p2a: Venusaur\n|-damage|p2a: Venusaur|72/100\n|-unboost|p2a: Venusaur|spe|1\n|cant|p1a: Dragapult|slp\n|move|p2b: Sneasler|Rock Tomb|p1a: Dragapult\n|-damage|p1a: Dragapult|87/100 slp\n|move|p2a: Venusaur|Sludge Bomb|p1a: Dragapult\n|-resisted|p1a: Dragapult|1\n|-damage|p1a: Dragapult|62/100 slp\n|\n|-damage|p2b: Sneasler|83/100 brn|[from] brn\n|upkeep\n|turn|6\n|\n|t:|1776084655\n|move|p1b: Sneasler|Dire Claw|p2b: Sneasler\n|-resisted|p2b: Sneasler|1\n|-damage|p2b: Sneasler|43/100 brn\n|-curestatus|p1a: Dragapult|slp|[msg]\n|move|p1a: Dragapult|Shadow Ball|p2a: Venusaur\n|-damage|p2a: Venusaur|50/100\n|-unboost|p2a: Venusaur|spd|1\n|move|p2b: Sneasler|Rock Tomb|p1a: Dragapult\n|-damage|p1a: Dragapult|49/100\n|move|p2a: Venusaur|Sleep Powder|p1b: Sneasler\n|-status|p1b: Sneasler|slp|[from] move: Sleep Powder\n|\n|-damage|p2b: Sneasler|37/100 brn|[from] brn\n|upkeep\n|turn|7\n|\n|t:|1776084688\n|switch|p2a: Charizard|Charizard, L50, F|100/100\n|cant|p1b: Sneasler|slp\n|move|p1a: Dragapult|Thunder Wave|p2a: Charizard\n|-status|p2a: Charizard|par\n|move|p2b: Sneasler|Rock Tomb|p1a: Dragapult\n|-damage|p1a: Dragapult|35/100\n|\n|-damage|p2b: Sneasler|31/100 brn|[from] brn\n|upkeep\n|turn|8\n|\n|t:|1776084723\n|detailschange|p2a: Charizard|Charizard-Mega-Y, L50, F\n|-mega|p2a: Charizard|Charizard|Charizardite Y\n|-weather|SunnyDay|[from] ability: Drought|[of] p2a: Charizard\n|cant|p1b: Sneasler|slp\n|move|p1a: Dragapult|Draco Meteor|p2a: Charizard\n|-damage|p2a: Charizard|73/100 par\n|-unboost|p1a: Dragapult|spa|2\n|move|p2b: Sneasler|Close Combat|p1b: Sneasler\n|-resisted|p1b: Sneasler|1\n|-damage|p1b: Sneasler|38/100 slp\n|-unboost|p2b: Sneasler|def|1\n|-unboost|p2b: Sneasler|spd|1\n|-enditem|p2b: Sneasler|White Herb\n|-clearnegativeboost|p2b: Sneasler|[silent]\n|move|p2a: Charizard|Heat Wave|p1b: Sneasler|[spread] p1a,p1b\n|-resisted|p1a: Dragapult|1\n|-damage|p1a: Dragapult|0 fnt\n|-damage|p1b: Sneasler|0 fnt\n|faint|p1a: Dragapult\n|faint|p1b: Sneasler\n|\n|-weather|SunnyDay|[upkeep]\n|-damage|p2b: Sneasler|25/100 brn|[from] brn\n|upkeep\n|\n|t:|1776084745\n|switch|p1a: Maushold|Maushold, L50|100/100\n|switch|p1b: Floette|Floette-Eternal, L50, F|100/100\n|turn|9\n|\n|t:|1776084756\n|detailschange|p1b: Floette|Floette-Mega, L50, F\n|-mega|p1b: Floette|Floette|Floettite\n|-ability|p1b: Floette|Fairy Aura\n|move|p1a: Maushold|Follow Me|p1a: Maushold\n|-singleturn|p1a: Maushold|move: Follow Me\n|move|p2b: Sneasler|Close Combat|p1a: Maushold\n|-supereffective|p1a: Maushold|1\n|-enditem|p1a: Maushold|Chople Berry|[eat]\n|-enditem|p1a: Maushold|Chople Berry|[weaken]\n|-damage|p1a: Maushold|68/100\n|-unboost|p2b: Sneasler|def|1\n|-unboost|p2b: Sneasler|spd|1\n|move|p1b: Floette|Moonblast|p2a: Charizard\n|-resisted|p2a: Charizard|1\n|-damage|p2a: Charizard|34/100 par\n|cant|p2a: Charizard|par\n|\n|-weather|SunnyDay|[upkeep]\n|-damage|p2b: Sneasler|20/100 brn|[from] brn\n|upkeep\n|turn|10\n|\n|t:|1776084775\n|switch|p2b: Venusaur|Venusaur, L50, M|50/100\n|move|p1a: Maushold|Helping Hand|p1b: Floette\n|-singleturn|p1b: Floette|Helping Hand|[of] p1a: Maushold\n|move|p2a: Charizard|Protect|p2a: Charizard\n|-singleturn|p2a: Charizard|Protect\n|move|p1b: Floette|Dazzling Gleam|p2b: Venusaur|[spread] p2b\n|-activate|p2a: Charizard|move: Protect\n|-resisted|p2b: Venusaur|1\n|-damage|p2b: Venusaur|10/100\n|\n|-weather|SunnyDay|[upkeep]\n|upkeep\n|turn|11\n|\n|t:|1776084812\n|move|p1a: Maushold|Follow Me|p1a: Maushold\n|-singleturn|p1a: Maushold|move: Follow Me\n|move|p2b: Venusaur|Sludge Bomb|p1a: Maushold\n|-damage|p1a: Maushold|13/100\n|-status|p1a: Maushold|psn\n|move|p1b: Floette|Dazzling Gleam|p2a: Charizard|[spread] p2a,p2b\n|-resisted|p2a: Charizard|1\n|-resisted|p2b: Venusaur|1\n|-damage|p2a: Charizard|10/100 par\n|-damage|p2b: Venusaur|0 fnt\n|faint|p2b: Venusaur\n|move|p2a: Charizard|Heat Wave|p1a: Maushold|[spread] p1a,p1b\n|-crit|p1b: Floette\n|-damage|p1a: Maushold|0 fnt\n|-damage|p1b: Floette|47/100\n|faint|p1a: Maushold\n|\n|-weather|SunnyDay|[upkeep]\n|upkeep\n|\n|t:|1776084826\n|switch|p2b: Sneasler|Sneasler, L50, M|20/100 brn\n|turn|12\n|\n|t:|1776084838\n|move|p1b: Floette|Protect|p1b: Floette\n|-singleturn|p1b: Floette|Protect\n|move|p2b: Sneasler|Fake Out|p1b: Floette\n|-activate|p1b: Floette|move: Protect\n|cant|p2a: Charizard|par\n|\n|-weather|none\n|-damage|p2b: Sneasler|14/100 brn|[from] brn\n|upkeep\n|turn|13\n|\n|t:|1776084849\n|move|p2b: Sneasler|Dire Claw|p1b: Floette\n|-supereffective|p1b: Floette|1\n|-damage|p1b: Floette|0 fnt\n|faint|p1b: Floette\n|\n|win|creemchease\n|raw|evokenz's rating: 1189 &rarr; <strong>1166</strong><br />(-23 for losing)\n|raw|creemchease's rating: 1219 &rarr; <strong>1242</strong><br />(+23 for winning)\n",
  "uploadtime": 1776084850,
  "views": 14,
  "formatid": "gen9championsvgc2026regma",
  "rating": 1166,
  "private": 0,
  "password": null
}