{
  "id": "gen9championsvgc2026regma-2582796969",
  "format": "[Gen 9 Champions] VGC 2026 Reg M-A",
  "players": [
    "holdingb",
    "pipppo"
  ],
  "log": "|j|\u2606holdingb\n|j|\u2606pipppo\n|t:|1776114836\n|gametype|doubles\n|player|p1|holdingb|anabel-gen7|1407\n|player|p2|pipppo|leaf-gen3|1520\n|gen|9\n|tier|[Gen 9 Champions] VGC 2026 Reg M-A\n|rated|\n|rule|Species Clause: Limit one of each Pok\u00e9mon\n|rule|Item Clause: Limit 1 of each item\n|clearpoke\n|poke|p1|Blastoise, L50, F|\n|poke|p1|Sneasler, L50, M|\n|poke|p1|Garchomp, L50, F|\n|poke|p1|Aerodactyl, L50, M|\n|poke|p1|Sylveon, L50, F|\n|poke|p1|Sinistcha, L50|\n|poke|p2|Talonflame, L50, M|\n|poke|p2|Garchomp, L50, M|\n|poke|p2|Blastoise, L50, M|\n|poke|p2|Kingambit, L50, M|\n|poke|p2|Sylveon, L50, F|\n|poke|p2|Sinistcha, L50|\n|teampreview|4\n|inactive|Battle timer is ON: inactive players will automatically lose when time's up. (requested by holdingb)\n|inactive|holdingb has 60 seconds left.\n|\n|t:|1776114876\n|teamsize|p1|4\n|teamsize|p2|4\n|start\n|switch|p1a: Sinistcha|Sinistcha, L50|100/100\n|switch|p1b: Sylveon|Sylveon, L50, F|100/100\n|switch|p2a: Talonflame|Talonflame, L50, M|100/100\n|switch|p2b: Blastoise|Blastoise, L50, M|100/100\n|turn|1\n|inactive|holdingb has 30 seconds left.\n|\n|t:|1776114904\n|detailschange|p2b: Blastoise|Blastoise-Mega, L50, M\n|-mega|p2b: Blastoise|Blastoise|Blastoisinite\n|move|p2a: Talonflame|Rain Dance|p2a: Talonflame\n|-weather|RainDance\n|move|p2b: Blastoise|Water Spout|p1b: Sylveon|[spread] p1a,p1b\n|-resisted|p1a: Sinistcha|1\n|-damage|p1a: Sinistcha|57/100\n|-damage|p1b: Sylveon|19/100\n|move|p1a: Sinistcha|Matcha Gotcha|p2a: Talonflame|[spread] p2a,p2b\n|-resisted|p2a: Talonflame|2\n|-supereffective|p2b: Blastoise|1\n|-crit|p2b: Blastoise\n|-damage|p2a: Talonflame|92/100\n|-heal|p1a: Sinistcha|61/100|[from] drain|[of] p2a: Talonflame\n|-damage|p2b: Blastoise|26/100\n|-heal|p1a: Sinistcha|94/100|[from] drain|[of] p2b: Blastoise\n|move|p1b: Sylveon|Hyper Voice|p2a: Talonflame|[spread] p2a,p2b\n|-resisted|p2a: Talonflame|1\n|-damage|p2a: Talonflame|58/100\n|-damage|p2b: Blastoise|0 fnt\n|faint|p2b: Blastoise\n|\n|-weather|RainDance|[upkeep]\n|upkeep\n|\n|t:|1776114917\n|switch|p2b: Sylveon|Sylveon, L50, F|100/100\n|turn|2\n|inactive|holdingb has 30 seconds left.\n|\n|t:|1776114945\n|move|p2a: Talonflame|Dual Wingbeat|p1a: Sinistcha\n|-supereffective|p1a: Sinistcha|1\n|-damage|p1a: Sinistcha|60/100\n|-supereffective|p1a: Sinistcha|1\n|-damage|p1a: Sinistcha|30/100\n|-enditem|p1a: Sinistcha|Sitrus Berry|[eat]\n|-heal|p1a: Sinistcha|54/100|[from] item: Sitrus Berry\n|-hitcount|p1a: Sinistcha|2\n|move|p1a: Sinistcha|Matcha Gotcha|p2a: Talonflame|[spread] p2b\n|-miss|p1a: Sinistcha|p2a: Talonflame\n|-damage|p2b: Sylveon|83/100\n|-heal|p1a: Sinistcha|64/100|[from] drain|[of] p2b: Sylveon\n|move|p1b: Sylveon|Hyper Voice|p2b: Sylveon|[spread] p2a,p2b\n|-resisted|p2a: Talonflame|1\n|-damage|p2a: Talonflame|23/100\n|-damage|p2b: Sylveon|48/100\n|move|p2b: Sylveon|Hyper Voice|p1a: Sinistcha|[spread] p1a,p1b\n|-damage|p1a: Sinistcha|17/100\n|-damage|p1b: Sylveon|0 fnt\n|faint|p1b: Sylveon\n|\n|-weather|RainDance|[upkeep]\n|upkeep\n|\n|t:|1776114963\n|switch|p1b: Blastoise|Blastoise, L50, F|100/100\n|turn|3\n|\n|t:|1776114982\n|detailschange|p1b: Blastoise|Blastoise-Mega, L50, F\n|-mega|p1b: Blastoise|Blastoise|Blastoisinite\n|move|p2b: Sylveon|Protect|p2b: Sylveon\n|-singleturn|p2b: Sylveon|Protect\n|move|p1a: Sinistcha|Rage Powder|p1a: Sinistcha\n|-singleturn|p1a: Sinistcha|move: Rage Powder\n|move|p2a: Talonflame|Dual Wingbeat|p1a: Sinistcha\n|-supereffective|p1a: Sinistcha|1\n|-damage|p1a: Sinistcha|0 fnt\n|faint|p1a: Sinistcha\n|-hitcount|p1: Sinistcha|1\n|move|p1b: Blastoise|Water Spout|p2a: Talonflame|[spread] p2a\n|-activate|p2b: Sylveon|move: Protect\n|-supereffective|p2a: Talonflame|1\n|-damage|p2a: Talonflame|0 fnt\n|faint|p2a: Talonflame\n|\n|-weather|RainDance|[upkeep]\n|upkeep\n|\n|t:|1776114992\n|switch|p2a: Sinistcha|Sinistcha, L50|100/100\n|switch|p1a: Sneasler|Sneasler, L50, M|100/100\n|-heal|p2b: Sylveon|73/100|[from] ability: Hospitality|[of] p2a: Sinistcha\n|turn|4\n|\n|t:|1776115004\n|move|p2b: Sylveon|Quick Attack|p1a: Sneasler\n|-damage|p1a: Sneasler|87/100\n|move|p1a: Sneasler|Dire Claw|p2a: Sinistcha\n|-damage|p2a: Sinistcha|65/100\n|move|p1b: Blastoise|Dark Pulse|p2a: Sinistcha\n|-supereffective|p2a: Sinistcha|1\n|-damage|p2a: Sinistcha|0 fnt\n|faint|p2a: Sinistcha\n|\n|-weather|RainDance|[upkeep]\n|upkeep\n|turn|5\n|\n|t:|1776115013\n|move|p1a: Sneasler|Dire Claw|p2b: Sylveon\n|-supereffective|p2b: Sylveon|1\n|-damage|p2b: Sylveon|0 fnt\n|faint|p2b: Sylveon\n|\n|win|holdingb\n|raw|holdingb's rating: 1407 &rarr; <strong>1433</strong><br />(+26 for winning)\n|raw|pipppo's rating: 1520 &rarr; <strong>1494</strong><br />(-26 for losing)\n|l|\u2606pipppo\n|player|p2|\n|l|\u2606holdingb\n|player|p1|\n",
  "uploadtime": 1776115224,
  "views": 46,
  "formatid": "gen9championsvgc2026regma",
  "rating": 1433,
  "private": 0,
  "password": null
}