{
  "id": "gen9championsvgc2026regma-2585234185",
  "format": "[Gen 9 Champions] VGC 2026 Reg M-A",
  "players": [
    "TheLegitHuman01",
    "Pinstress"
  ],
  "log": "|j|\u2606TheLegitHuman01\n|j|\u2606Pinstress\n|t:|1776328147\n|gametype|doubles\n|player|p1|TheLegitHuman01|1|1089\n|player|p2|Pinstress|psychicf-gen4|1087\n|gen|9\n|tier|[Gen 9 Champions] VGC 2026 Reg M-A\n|rated|\n|rule|Species Clause: Limit one of each Pok\u00e9mon\n|rule|Item Clause: Limit 1 of each item\n|clearpoke\n|poke|p1|Gengar, L50, M|\n|poke|p1|Garchomp, L50, F|\n|poke|p1|Incineroar, L50, F|\n|poke|p1|Meganium, L50, M|\n|poke|p1|Corviknight, L50, F|\n|poke|p1|Sneasler, L50, M|\n|poke|p2|Floette-Eternal, L50, F|\n|poke|p2|Incineroar, L50, F|\n|poke|p2|Sinistcha-Masterpiece, L50|\n|poke|p2|Sneasler, L50, M|\n|poke|p2|Kingambit, L50, M|\n|poke|p2|Aerodactyl, L50, F|\n|teampreview|4\n|j| majayong03\n|l| majayong03\n|\n|t:|1776328221\n|teamsize|p1|4\n|teamsize|p2|4\n|start\n|switch|p1a: Incineroar|Incineroar, L50, F|100/100\n|switch|p1b: Garchomp|Garchomp, L50, F|100/100\n|switch|p2a: Aerodactyl|Aerodactyl, L50, F|100/100\n|switch|p2b: Incineroar|Incineroar, L50, F|100/100\n|-ability|p2a: Aerodactyl|Unnerve\n|-ability|p2b: Incineroar|Intimidate|boost\n|-unboost|p1a: Incineroar|atk|1\n|-unboost|p1b: Garchomp|atk|1\n|-ability|p1a: Incineroar|Intimidate|boost\n|-unboost|p2a: Aerodactyl|atk|1\n|-unboost|p2b: Incineroar|atk|1\n|turn|1\n|\n|t:|1776328245\n|move|p2a: Aerodactyl|Protect|p2a: Aerodactyl\n|-singleturn|p2a: Aerodactyl|Protect\n|move|p1a: Incineroar|Fake Out|p2a: Aerodactyl\n|-activate|p2a: Aerodactyl|move: Protect\n|move|p2b: Incineroar|Fake Out|p1b: Garchomp\n|-damage|p1b: Garchomp|93/100\n|-damage|p2b: Incineroar|88/100|[from] ability: Rough Skin|[of] p1b: Garchomp\n|cant|p1b: Garchomp|flinch\n|\n|upkeep\n|turn|2\n|\n|t:|1776328273\n|move|p1b: Garchomp|Iron Head|p2a: Aerodactyl\n|-supereffective|p2a: Aerodactyl|1\n|-damage|p2a: Aerodactyl|36/100\n|move|p2a: Aerodactyl|Tailwind|p2a: Aerodactyl\n|-sidestart|p2: Pinstress|move: Tailwind\n|move|p2b: Incineroar|Parting Shot|p1b: Garchomp\n|-unboost|p1b: Garchomp|atk|1\n|-unboost|p1b: Garchomp|spa|1\n|\n|t:|1776328286\n|switch|p2b: Sneasler|Sneasler, L50, M|100/100|[from] Parting Shot\n|move|p1a: Incineroar|Parting Shot|p2a: Aerodactyl\n|-unboost|p2a: Aerodactyl|atk|1\n|-unboost|p2a: Aerodactyl|spa|1\n|\n|t:|1776328292\n|switch|p1a: Corviknight|Corviknight, L50, F|100/100|[from] Parting Shot\n|\n|upkeep\n|turn|3\n|\n|t:|1776328324\n|switch|p2a: Incineroar|Incineroar, L50, F|88/100\n|-ability|p2a: Incineroar|Intimidate|boost\n|-ability|p1a: Corviknight|Mirror Armor\n|-unboost|p2a: Incineroar|atk|1\n|-unboost|p1b: Garchomp|atk|1\n|switch|p1b: Incineroar|Incineroar, L50, F|100/100\n|-ability|p1b: Incineroar|Intimidate|boost\n|-unboost|p2a: Incineroar|atk|1\n|-unboost|p2b: Sneasler|atk|1\n|-enditem|p2b: Sneasler|White Herb\n|-clearnegativeboost|p2b: Sneasler|[silent]\n|move|p2b: Sneasler|Close Combat|p1b: Incineroar\n|-supereffective|p1b: Incineroar|1\n|-damage|p1b: Incineroar|0 fnt\n|-unboost|p2b: Sneasler|def|1\n|-unboost|p2b: Sneasler|spd|1\n|faint|p1b: Incineroar\n|move|p1a: Corviknight|Iron Defense|p1a: Corviknight\n|-boost|p1a: Corviknight|def|2\n|\n|upkeep\n|\n|t:|1776328339\n|switch|p1b: Garchomp|Garchomp, L50, F|93/100\n|turn|4\n|\n|t:|1776328383\n|switch|p2b: Floette|Floette-Eternal, L50, F|100/100\n|move|p2a: Incineroar|Fake Out|p1b: Garchomp\n|-damage|p1b: Garchomp|88/100\n|-damage|p2a: Incineroar|76/100|[from] ability: Rough Skin|[of] p1b: Garchomp\n|cant|p1b: Garchomp|flinch\n|move|p1a: Corviknight|Brave Bird|p2b: Floette\n|-damage|p2b: Floette|59/100\n|-damage|p1a: Corviknight|88/100|[from] Recoil\n|\n|-heal|p1a: Corviknight|94/100|[from] item: Leftovers\n|upkeep\n|turn|5\n|\n|t:|1776328411\n|detailschange|p2b: Floette|Floette-Mega, L50, F\n|-mega|p2b: Floette|Floette|Floettite\n|-ability|p2b: Floette|Fairy Aura\n|move|p2b: Floette|Dazzling Gleam|p1b: Garchomp|[spread] p1a,p1b\n|-resisted|p1a: Corviknight|1\n|-supereffective|p1b: Garchomp|1\n|-crit|p1b: Garchomp\n|-damage|p1a: Corviknight|75/100\n|-damage|p1b: Garchomp|0 fnt\n|faint|p1b: Garchomp\n|move|p2a: Incineroar|Flare Blitz|p1a: Corviknight\n|-supereffective|p1a: Corviknight|1\n|-damage|p1a: Corviknight|58/100\n|-damage|p2a: Incineroar|70/100|[from] Recoil\n|move|p1a: Corviknight|Brave Bird|p2b: Floette\n|-damage|p2b: Floette|26/100\n|-damage|p1a: Corviknight|48/100|[from] Recoil\n|\n|-heal|p1a: Corviknight|54/100|[from] item: Leftovers\n|-sideend|p2: Pinstress|move: Tailwind\n|upkeep\n|\n|t:|1776328419\n|switch|p1b: Meganium|Meganium, L50, M|100/100\n|turn|6\n|\n|t:|1776328454\n|detailschange|p1b: Meganium|Meganium-Mega, L50, M\n|-mega|p1b: Meganium|Meganium|Meganiumite\n|move|p2b: Floette|Moonblast|p1a: Corviknight\n|-resisted|p1a: Corviknight|1\n|-damage|p1a: Corviknight|23/100\n|move|p1b: Meganium|Dazzling Gleam|p2a: Incineroar|[spread] p2a,p2b\n|-damage|p2a: Incineroar|32/100\n|-damage|p2b: Floette|0 fnt\n|faint|p2b: Floette\n|move|p1a: Corviknight|Brave Bird|p2a: Incineroar\n|-damage|p2a: Incineroar|1/100\n|-damage|p1a: Corviknight|13/100|[from] Recoil\n|move|p2a: Incineroar|Flare Blitz|p1a: Corviknight\n|-supereffective|p1a: Corviknight|1\n|-damage|p1a: Corviknight|0 fnt\n|faint|p1a: Corviknight\n|-damage|p2a: Incineroar|0 fnt|[from] Recoil\n|faint|p2a: Incineroar\n|\n|upkeep\n|\n|t:|1776328472\n|switch|p2b: Aerodactyl|Aerodactyl, L50, F|36/100\n|switch|p2a: Sneasler|Sneasler, L50, M|100/100\n|-ability|p2b: Aerodactyl|Unnerve\n|turn|7\n|-message|TheLegitHuman01 forfeited.\n|\n|win|Pinstress\n|raw|TheLegitHuman01's rating: 1089 &rarr; <strong>1066</strong><br />(-23 for losing)\n|raw|Pinstress's rating: 1087 &rarr; <strong>1114</strong><br />(+27 for winning)\n|l|\u2606TheLegitHuman01\n|player|p1|\n",
  "uploadtime": 1776328505,
  "views": 19,
  "formatid": "gen9championsvgc2026regma",
  "rating": 1066,
  "private": 0,
  "password": null
}