{
  "id": "gen9championsvgc2026regma-2584879492",
  "format": "[Gen 9 Champions] VGC 2026 Reg M-A",
  "players": [
    "jackoek11",
    "Omega_N19"
  ],
  "log": "|j|\u2606jackoek11\n|j|\u2606Omega_N19\n|t:|1776290995\n|gametype|doubles\n|player|p1|jackoek11|2|1330\n|player|p2|Omega_N19|hilbert|1359\n|gen|9\n|tier|[Gen 9 Champions] VGC 2026 Reg M-A\n|rated|\n|rule|Species Clause: Limit one of each Pok\u00e9mon\n|rule|Item Clause: Limit 1 of each item\n|clearpoke\n|poke|p1|Gengar, L50, M|\n|poke|p1|Palafin, L50, F|\n|poke|p1|Incineroar, L50, F|\n|poke|p1|Politoed, L50, F|\n|poke|p1|Whimsicott, L50, F|\n|poke|p1|Kommo-o, L50, F|\n|poke|p2|Charizard, L50, F|\n|poke|p2|Venusaur, L50, M|\n|poke|p2|Garchomp, L50, F|\n|poke|p2|Sinistcha, L50|\n|poke|p2|Sneasler, L50, M|\n|poke|p2|Incineroar, L50, M|\n|teampreview|4\n|inactive|Battle timer is ON: inactive players will automatically lose when time's up. (requested by Omega_N19)\n|\n|t:|1776291072\n|teamsize|p1|4\n|teamsize|p2|4\n|start\n|switch|p1a: Kommo-o|Kommo-o, L50, F|100/100\n|switch|p1b: Gengar|Gengar, L50, M|100/100\n|switch|p2a: Sneasler|Sneasler, L50, M|100/100\n|switch|p2b: Incineroar|Incineroar, L50, M|100/100\n|-ability|p2b: Incineroar|Intimidate|boost\n|-unboost|p1a: Kommo-o|atk|1\n|-unboost|p1b: Gengar|atk|1\n|turn|1\n|inactive|Omega_N19 has 30 seconds left.\n|\n|t:|1776291099\n|detailschange|p1b: Gengar|Gengar-Mega, L50, M\n|-mega|p1b: Gengar|Gengar|Gengarite\n|move|p1b: Gengar|Protect|p1b: Gengar\n|-singleturn|p1b: Gengar|Protect\n|move|p1a: Kommo-o|Protect|p1a: Kommo-o\n|-singleturn|p1a: Kommo-o|Protect\n|move|p2b: Incineroar|Fake Out|p1a: Kommo-o\n|-activate|p1a: Kommo-o|move: Protect\n|move|p2a: Sneasler|Close Combat|p1a: Kommo-o\n|-activate|p1a: Kommo-o|move: Protect\n|\n|upkeep\n|turn|2\n|inactive|Omega_N19 has 30 seconds left.\n|\n|t:|1776291129\n|switch|p1b: Incineroar|Incineroar, L50, F|100/100\n|-ability|p1b: Incineroar|Intimidate|boost\n|-unboost|p2a: Sneasler|atk|1\n|-unboost|p2b: Incineroar|atk|1\n|-enditem|p2a: Sneasler|White Herb\n|-clearnegativeboost|p2a: Sneasler|[silent]\n|move|p2a: Sneasler|Protect|p2a: Sneasler\n|-singleturn|p2a: Sneasler|Protect\n|move|p1a: Kommo-o|Clangorous Soul|p1a: Kommo-o\n|-boost|p1a: Kommo-o|atk|1\n|-boost|p1a: Kommo-o|def|1\n|-boost|p1a: Kommo-o|spa|1\n|-boost|p1a: Kommo-o|spd|1\n|-boost|p1a: Kommo-o|spe|1\n|-damage|p1a: Kommo-o|68/100\n|move|p2b: Incineroar|Parting Shot|p1b: Incineroar\n|-unboost|p1b: Incineroar|atk|1\n|-unboost|p1b: Incineroar|spa|1\n|inactive|Omega_N19 has 30 seconds left.\n|\n|t:|1776291158\n|switch|p2b: Garchomp|Garchomp, L50, F|100/100|[from] Parting Shot\n|\n|upkeep\n|turn|3\n|\n|t:|1776291166\n|move|p1b: Incineroar|Fake Out|p2b: Garchomp\n|-damage|p2b: Garchomp|93/100\n|-damage|p1b: Incineroar|88/100|[from] ability: Rough Skin|[of] p2b: Garchomp\n|move|p2a: Sneasler|Close Combat|p1b: Incineroar\n|-supereffective|p1b: Incineroar|1\n|-damage|p1b: Incineroar|0 fnt\n|-unboost|p2a: Sneasler|def|1\n|-unboost|p2a: Sneasler|spd|1\n|faint|p1b: Incineroar\n|cant|p2b: Garchomp|flinch\n|move|p1a: Kommo-o|Clanging Scales|p2a: Sneasler|[spread] p2a,p2b\n|-supereffective|p2b: Garchomp|1\n|-damage|p2a: Sneasler|0 fnt\n|-damage|p2b: Garchomp|0 fnt\n|faint|p2a: Sneasler\n|faint|p2b: Garchomp\n|-unboost|p1a: Kommo-o|def|1\n|\n|upkeep\n|\n|t:|1776291180\n|switch|p2a: Incineroar|Incineroar, L50, M|100/100\n|switch|p2b: Charizard|Charizard, L50, F, shiny|100/100\n|switch|p1b: Gengar|Gengar-Mega, L50, M|100/100\n|-ability|p2a: Incineroar|Intimidate|boost\n|-unboost|p1a: Kommo-o|atk|1\n|-unboost|p1b: Gengar|atk|1\n|turn|4\n|inactive|Omega_N19 has 30 seconds left.\n|inactive|Omega_N19 has 20 seconds left.\n|inactive|Omega_N19 has 15 seconds left.\n|inactive|Omega_N19 has 10 seconds left.\n|inactive|Omega_N19 has 5 seconds left.\n|\n|t:|1776291235\n|move|p1a: Kommo-o|Protect|p1a: Kommo-o\n|-singleturn|p1a: Kommo-o|Protect\n|move|p2a: Incineroar|Fake Out|p1b: Gengar\n|-immune|p1b: Gengar\n|move|p1b: Gengar|Perish Song|p1b: Gengar\n|-immune|p1a: Kommo-o|[from] ability: Soundproof\n|-start|p1b: Gengar|perish3|[silent]\n|-start|p2a: Incineroar|perish3|[silent]\n|-start|p2b: Charizard|perish3|[silent]\n|-fieldactivate|move: Perish Song\n|move|p2b: Charizard|Heat Wave|p1a: Kommo-o|[spread] p1b\n|-activate|p1a: Kommo-o|move: Protect\n|-damage|p1b: Gengar|66/100\n|-status|p1b: Gengar|brn\n|\n|-damage|p1b: Gengar|60/100 brn|[from] brn\n|-start|p1b: Gengar|perish3\n|-start|p2b: Charizard|perish3\n|-start|p2a: Incineroar|perish3\n|upkeep\n|turn|5\n|\n|t:|1776291257\n|detailschange|p2b: Charizard|Charizard-Mega-Y, L50, F, shiny\n|-mega|p2b: Charizard|Charizard|Charizardite Y\n|-weather|SunnyDay|[from] ability: Drought|[of] p2b: Charizard\n|move|p1b: Gengar|Protect|p1b: Gengar\n|-singleturn|p1b: Gengar|Protect\n|move|p1a: Kommo-o|Aura Sphere|p2a: Incineroar\n|-supereffective|p2a: Incineroar|1\n|-damage|p2a: Incineroar|7/100\n|-enditem|p2a: Incineroar|Sitrus Berry|[eat]\n|-heal|p2a: Incineroar|32/100|[from] item: Sitrus Berry\n|move|p2b: Charizard|Overheat|p1a: Kommo-o\n|-resisted|p1a: Kommo-o|1\n|-damage|p1a: Kommo-o|21/100\n|-unboost|p2b: Charizard|spa|2\n|move|p2a: Incineroar|Flare Blitz|p1b: Gengar\n|-activate|p1b: Gengar|move: Protect\n|\n|-weather|SunnyDay|[upkeep]\n|-damage|p1b: Gengar|54/100 brn|[from] brn\n|-start|p1b: Gengar|perish2\n|-start|p2b: Charizard|perish2\n|-start|p2a: Incineroar|perish2\n|upkeep\n|turn|6\n|\n|t:|1776291273\n|switch|p1b: Politoed|Politoed, L50, F|100/100\n|-weather|RainDance|[from] ability: Drizzle|[of] p1b: Politoed\n|move|p1a: Kommo-o|Protect|p1a: Kommo-o\n|-singleturn|p1a: Kommo-o|Protect\n|move|p2b: Charizard|Heat Wave|p1b: Politoed|[spread] p1b\n|-activate|p1a: Kommo-o|move: Protect\n|-resisted|p1b: Politoed|1\n|-damage|p1b: Politoed|96/100\n|move|p2a: Incineroar|Flare Blitz|p1b: Politoed\n|-resisted|p1b: Politoed|1\n|-damage|p1b: Politoed|83/100\n|-status|p1b: Politoed|brn\n|-damage|p2a: Incineroar|28/100|[from] Recoil\n|\n|-weather|RainDance|[upkeep]\n|-heal|p1b: Politoed|89/100 brn|[from] item: Leftovers\n|-damage|p1b: Politoed|83/100 brn|[from] brn\n|-start|p2b: Charizard|perish1\n|-start|p2a: Incineroar|perish1\n|upkeep\n|turn|7\n|c|\u2606Omega_N19|Honestly\n|n|!Omega_N19|omegan19\n|inactive|Omega_N19 has 30 seconds left.\n|inactive|Omega_N19 has 20 seconds left.\n|-message|Omega_N19 forfeited.\n|\n|win|jackoek11\n",
  "uploadtime": 1776291295,
  "views": 16,
  "formatid": "gen9championsvgc2026regma",
  "rating": null,
  "private": 0,
  "password": null
}