{
  "id": "gen9championsvgc2026regma-2581429729",
  "format": "[Gen 9 Champions] VGC 2026 Reg M-A",
  "players": [
    "Keshari",
    "Arthandis"
  ],
  "log": "|j|\u2606Keshari\n|j|\u2606Arthandis\n|t:|1775999567\n|gametype|doubles\n|player|p1|Keshari|cynthia-gen4|1074\n|player|p2|Arthandis|drayden|1046\n|gen|9\n|tier|[Gen 9 Champions] VGC 2026 Reg M-A\n|rated|\n|rule|Species Clause: Limit one of each Pok\u00e9mon\n|rule|Item Clause: Limit 1 of each item\n|clearpoke\n|poke|p1|Froslass, L50, F|\n|poke|p1|Incineroar, L50, M|\n|poke|p1|Whimsicott, L50, F|\n|poke|p1|Farigiraf, L50, F|\n|poke|p1|Garchomp, L50, M|\n|poke|p1|Dragapult, L50, F|\n|poke|p2|Archaludon, L50, F|\n|poke|p2|Alakazam, L50, F|\n|poke|p2|Incineroar, L50, F|\n|poke|p2|Skarmory, L50, M|\n|poke|p2|Alcremie, L50, F|\n|poke|p2|Whimsicott, L50, M|\n|teampreview|4\n|\n|t:|1775999597\n|teamsize|p1|4\n|teamsize|p2|4\n|start\n|switch|p1a: Froslass|Froslass, L50, F|100/100\n|switch|p1b: Whimsicott|Whimsicott, L50, F|100/100\n|switch|p2a: Whimsicott|Whimsicott, L50, M|100/100\n|switch|p2b: Incineroar|Incineroar, L50, F|100/100\n|-ability|p2b: Incineroar|Intimidate|boost\n|-unboost|p1a: Froslass|atk|1\n|-unboost|p1b: Whimsicott|atk|1\n|turn|1\n|inactive|Battle timer is ON: inactive players will automatically lose when time's up. (requested by Arthandis)\n|\n|t:|1775999614\n|move|p1a: Froslass|Protect|p1a: Froslass\n|-singleturn|p1a: Froslass|Protect\n|move|p1b: Whimsicott|Tailwind|p1b: Whimsicott\n|-sidestart|p1: Keshari|move: Tailwind\n|move|p2a: Whimsicott|Tailwind|p2a: Whimsicott\n|-sidestart|p2: Arthandis|move: Tailwind\n|move|p2b: Incineroar|Throat Chop|p1a: Froslass\n|-activate|p1a: Froslass|move: Protect\n|\n|upkeep\n|turn|2\n|inactive|Keshari has 30 seconds left.\n|inactive|Keshari has 20 seconds left.\n|inactive|Keshari has 15 seconds left.\n|\n|t:|1775999657\n|detailschange|p1a: Froslass|Froslass-Mega, L50, F\n|-mega|p1a: Froslass|Froslass|Froslassite\n|-weather|Snowscape|[from] ability: Snow Warning|[of] p1a: Froslass\n|move|p2a: Whimsicott|Encore|p1a: Froslass\n|-start|p1a: Froslass|Encore\n|move|p1a: Froslass|Protect|p1a: Froslass\n|-singleturn|p1a: Froslass|Protect\n|move|p1b: Whimsicott|Dazzling Gleam|p2b: Incineroar|[spread] p2a,p2b\n|-damage|p2a: Whimsicott|73/100\n|-damage|p2b: Incineroar|80/100\n|move|p2b: Incineroar|Throat Chop|p1a: Froslass\n|-activate|p1a: Froslass|move: Protect\n|\n|-weather|Snowscape|[upkeep]\n|-heal|p2b: Incineroar|86/100|[from] item: Leftovers\n|upkeep\n|turn|3\n|inactive|Keshari has 30 seconds left.\n|inactive|Keshari has 20 seconds left.\n|inactive|Arthandis has 30 seconds left.\n|\n|t:|1775999699\n|switch|p1a: Incineroar|Incineroar, L50, M|100/100\n|-ability|p1a: Incineroar|Intimidate|boost\n|-unboost|p2a: Whimsicott|atk|1\n|-unboost|p2b: Incineroar|atk|1\n|move|p1b: Whimsicott|Protect|p1b: Whimsicott\n|-singleturn|p1b: Whimsicott|Protect\n|move|p2a: Whimsicott|Moonblast|p1b: Whimsicott\n|-activate|p1b: Whimsicott|move: Protect\n|move|p2b: Incineroar|Parting Shot|p1a: Incineroar\n|-unboost|p1a: Incineroar|atk|1\n|-unboost|p1a: Incineroar|spa|1\n|\n|t:|1775999712\n|switch|p2b: Archaludon|Archaludon, L50, F|100/100|[from] Parting Shot\n|\n|-weather|Snowscape|[upkeep]\n|upkeep\n|turn|4\n|inactive|Keshari has 30 seconds left.\n|\n|t:|1775999739\n|switch|p1b: Garchomp|Garchomp, L50, M|100/100\n|move|p2b: Archaludon|Protect|p2b: Archaludon\n|-singleturn|p2b: Archaludon|Protect\n|move|p1a: Incineroar|Fake Out|p2b: Archaludon\n|-activate|p2b: Archaludon|move: Protect\n|move|p2a: Whimsicott|Moonblast|p1a: Incineroar\n|-damage|p1a: Incineroar|68/100\n|\n|-weather|Snowscape|[upkeep]\n|-sideend|p1: Keshari|move: Tailwind\n|-sideend|p2: Arthandis|move: Tailwind\n|upkeep\n|turn|5\n|\n|t:|1775999762\n|move|p2a: Whimsicott|Tailwind|p2a: Whimsicott\n|-sidestart|p2: Arthandis|move: Tailwind\n|move|p2b: Archaludon|Draco Meteor|p1a: Incineroar\n|-damage|p1a: Incineroar|0 fnt\n|-unboost|p2b: Archaludon|spa|2\n|faint|p1a: Incineroar\n|move|p1b: Garchomp|Poison Jab|p2a: Whimsicott\n|-supereffective|p2a: Whimsicott|2\n|-damage|p2a: Whimsicott|0 fnt\n|faint|p2a: Whimsicott\n|\n|-weather|Snowscape|[upkeep]\n|upkeep\n|\n|t:|1775999779\n|switch|p2a: Incineroar|Incineroar, L50, F|86/100\n|switch|p1a: Froslass|Froslass-Mega, L50, F|100/100\n|-ability|p2a: Incineroar|Intimidate|boost\n|-unboost|p1a: Froslass|atk|1\n|-unboost|p1b: Garchomp|atk|1\n|turn|6\n|\n|t:|1775999798\n|switch|p2b: Alcremie|Alcremie, L50, F|100/100\n|switch|p1b: Whimsicott|Whimsicott, L50, F|100/100\n|move|p1a: Froslass|Protect|p1a: Froslass\n|-singleturn|p1a: Froslass|Protect\n|move|p2a: Incineroar|Parting Shot|p1b: Whimsicott\n|-unboost|p1b: Whimsicott|atk|1\n|-unboost|p1b: Whimsicott|spa|1\n|\n|t:|1775999807\n|switch|p2a: Archaludon|Archaludon, L50, F|100/100|[from] Parting Shot\n|\n|-weather|none\n|upkeep\n|turn|7\n|inactive|Keshari has 30 seconds left.\n|inactive|Arthandis has 30 seconds left.\n|inactive|Keshari has 20 seconds left.\n|\n|t:|1775999843\n|switch|p1a: Garchomp|Garchomp, L50, M|100/100\n|move|p2b: Alcremie|Helping Hand|p2a: Archaludon\n|-singleturn|p2a: Archaludon|Helping Hand|[of] p2b: Alcremie\n|move|p1b: Whimsicott|Tailwind|p1b: Whimsicott\n|-sidestart|p1: Keshari|move: Tailwind\n|move|p2a: Archaludon|Draco Meteor|p1a: Garchomp\n|-supereffective|p1a: Garchomp|1\n|-damage|p1a: Garchomp|0 fnt\n|-unboost|p2a: Archaludon|spa|2\n|faint|p1a: Garchomp\n|\n|upkeep\n|\n|t:|1775999857\n|switch|p1a: Froslass|Froslass-Mega, L50, F|100/100\n|-weather|Snowscape|[from] ability: Snow Warning|[of] p1a: Froslass\n|turn|8\n|\n|t:|1775999871\n|switch|p2a: Incineroar|Incineroar, L50, F|86/100\n|-ability|p2a: Incineroar|Intimidate|boost\n|-unboost|p1a: Froslass|atk|1\n|-unboost|p1b: Whimsicott|atk|1\n|move|p1a: Froslass|Blizzard|p2b: Alcremie|[spread] p2a,p2b\n|-resisted|p2a: Incineroar|1\n|-damage|p2a: Incineroar|65/100\n|-damage|p2b: Alcremie|62/100\n|move|p1b: Whimsicott|Dazzling Gleam|p2b: Alcremie|[spread] p2a,p2b\n|-damage|p2a: Incineroar|51/100\n|-damage|p2b: Alcremie|49/100\n|-enditem|p2b: Alcremie|Sitrus Berry|[eat]\n|-heal|p2b: Alcremie|74/100|[from] item: Sitrus Berry\n|move|p2b: Alcremie|Decorate|p2a: Incineroar\n|-boost|p2a: Incineroar|atk|2\n|-boost|p2a: Incineroar|spa|2\n|\n|-weather|Snowscape|[upkeep]\n|-heal|p2a: Incineroar|57/100|[from] item: Leftovers\n|-sideend|p2: Arthandis|move: Tailwind\n|upkeep\n|turn|9\n|inactive|Keshari has 30 seconds left.\n|\n|t:|1775999903\n|move|p1a: Froslass|Protect|p1a: Froslass\n|-singleturn|p1a: Froslass|Protect\n|move|p1b: Whimsicott|Encore|p2b: Alcremie\n|-block|p2b: Alcremie|ability: Aroma Veil|[of] p2b: Alcremie\n|move|p2b: Alcremie|Light Screen|p2b: Alcremie\n|-sidestart|p2: Arthandis|move: Light Screen\n|move|p2a: Incineroar|Flare Blitz|p1b: Whimsicott\n|-supereffective|p1b: Whimsicott|1\n|-enditem|p1b: Whimsicott|Focus Sash\n|-damage|p1b: Whimsicott|1/100\n|-damage|p2a: Incineroar|35/100|[from] Recoil\n|\n|-weather|Snowscape|[upkeep]\n|-heal|p2a: Incineroar|41/100|[from] item: Leftovers\n|upkeep\n|turn|10\n|inactive|Keshari has 30 seconds left.\n|\n|t:|1775999935\n|move|p1b: Whimsicott|Encore|p2b: Alcremie\n|-block|p2b: Alcremie|ability: Aroma Veil|[of] p2b: Alcremie\n|move|p1a: Froslass|Blizzard|p2b: Alcremie|[spread] p2a,p2b\n|-resisted|p2a: Incineroar|1\n|-damage|p2a: Incineroar|27/100\n|-damage|p2b: Alcremie|48/100\n|-status|p2a: Incineroar|frz\n|move|p2b: Alcremie|Dazzling Gleam|p1a: Froslass|[spread] p1a,p1b\n|-damage|p1a: Froslass|74/100\n|-damage|p1b: Whimsicott|0 fnt\n|faint|p1b: Whimsicott\n|cant|p2a: Incineroar|frz\n|\n|-weather|Snowscape|[upkeep]\n|-heal|p2a: Incineroar|33/100 frz|[from] item: Leftovers\n|-sideend|p1: Keshari|move: Tailwind\n|upkeep\n|turn|11\n|\n|t:|1775999954\n|move|p1a: Froslass|Blizzard|p2b: Alcremie|[spread] p2a,p2b\n|-resisted|p2a: Incineroar|1\n|-damage|p2a: Incineroar|21/100 frz\n|-damage|p2b: Alcremie|21/100\n|move|p2b: Alcremie|Dazzling Gleam|p1a: Froslass\n|-damage|p1a: Froslass|35/100\n|-curestatus|p2a: Incineroar|frz|[from] move: Flare Blitz\n|move|p2a: Incineroar|Flare Blitz|p1a: Froslass\n|-supereffective|p1a: Froslass|1\n|-damage|p1a: Froslass|0 fnt\n|faint|p1a: Froslass\n|-damage|p2a: Incineroar|13/100|[from] Recoil\n|\n|win|Arthandis\n|raw|Keshari's rating: 1074 &rarr; <strong>1051</strong><br />(-23 for losing)\n|raw|Arthandis's rating: 1046 &rarr; <strong>1082</strong><br />(+36 for winning)\n",
  "uploadtime": 1775999968,
  "views": 15,
  "formatid": "gen9championsvgc2026regma",
  "rating": 1051,
  "private": 0,
  "password": null
}