{
  "id": "gen9championsvgc2026regma-2581536856",
  "format": "[Gen 9 Champions] VGC 2026 Reg M-A",
  "players": [
    "Liber Dragon",
    "xRiper"
  ],
  "log": "|j|\u2606Liber Dragon\n|j|\u2606xRiper\n|t:|1776009115\n|gametype|doubles\n|player|p1|Liber Dragon|veteran|\n|player|p2|xRiper|volkner|\n|gen|9\n|tier|[Gen 9 Champions] VGC 2026 Reg M-A\n|rule|Species Clause: Limit one of each Pok\u00e9mon\n|rule|Item Clause: Limit 1 of each item\n|clearpoke\n|poke|p1|Charizard, L50, F|\n|poke|p1|Venusaur, L50, M|\n|poke|p1|Sneasler, L50, M|\n|poke|p1|Incineroar, L50, F|\n|poke|p1|Garchomp, L50, M|\n|poke|p1|Kingambit, L50, M|\n|poke|p2|Espathra, L50, F|\n|poke|p2|Sableye, L50, F|\n|poke|p2|Charizard, L50, M|\n|poke|p2|Milotic, L50, F|\n|poke|p2|Garchomp, L50, M|\n|poke|p2|Gardevoir, L50, F|\n|teampreview|4\nLiber Dragon has agreed to open team sheets.\nxRiper has agreed to open team sheets.\n|showteam|p1|Charizard||CharizarditeY|Blaze|HeatWave,WeatherBall,SolarBeam,Protect|||F|||50|]Venusaur||FocusSash|Chlorophyll|SolarBeam,EarthPower,SleepPowder,Protect|||M|||50|]Sneasler||MentalHerb|Unburden|FakeOut,CloseCombat,DireClaw,Protect|||M|||50|]Incineroar||ShucaBerry|Intimidate|FlareBlitz,DarkestLariat,FakeOut,PartingShot|||F|||50|]Garchomp||ChoiceScarf|RoughSkin|DragonClaw,Earthquake,StompingTantrum,RockSlide|||M|||50|]Kingambit||BlackGlasses|SupremeOverlord|KowtowCleave,SuckerPunch,LowKick,Protect|||M|||50|\n|showteam|p2|Espathra||FocusSash|SpeedBoost|LuminaCrash,Hypnosis,PsychicTerrain,Protect|||F|||50|]Sableye||RoseliBerry|Prankster|FakeOut,Feint,FoulPlay,Gravity|||F|||50|]Charizard||CharizarditeY|Blaze|Protect,HeatWave,WeatherBall,SolarBeam|||M|||50|]Milotic||SitrusBerry|Competitive|Protect,Hypnosis,IceBeam,Scald|||F|||50|]Garchomp||WhiteHerb|RoughSkin|Protect,RockSlide,DragonClaw,Earthquake|||M|||50|]Gardevoir||ChoiceScarf|Telepathy|Moonblast,ExpandingForce,DazzlingGleam,Psyshock|||F|||50|\n|\n|t:|1776009334\n|teamsize|p1|4\n|teamsize|p2|4\n|start\n|switch|p1a: Charizard|Charizard, L50, F|100/100\n|switch|p1b: Kingambit|Kingambit, L50, M|100/100\n|switch|p2a: Espathra|Espathra, L50, F|100/100\n|switch|p2b: Sableye|Sableye, L50, F|100/100\n|turn|1\n|\n|t:|1776009381\n|detailschange|p1a: Charizard|Charizard-Mega-Y, L50, F\n|-mega|p1a: Charizard|Charizard|Charizardite Y\n|-weather|SunnyDay|[from] ability: Drought|[of] p1a: Charizard\n|move|p1b: Kingambit|Protect|p1b: Kingambit\n|-singleturn|p1b: Kingambit|Protect\n|move|p2b: Sableye|Fake Out|p1b: Kingambit\n|-activate|p1b: Kingambit|move: Protect\n|move|p2a: Espathra|Hypnosis|p1a: Charizard\n|-status|p1a: Charizard|slp|[from] move: Hypnosis\n|cant|p1a: Charizard|slp\n|\n|-weather|SunnyDay|[upkeep]\n|-ability|p2a: Espathra|Speed Boost|boost\n|-boost|p2a: Espathra|spe|1\n|upkeep\n|turn|2\n|\n|t:|1776009458\n|switch|p2a: Garchomp|Garchomp, L50, M|100/100\n|move|p2b: Sableye|Gravity|p2b: Sableye\n|-fieldstart|move: Gravity\n|cant|p1a: Charizard|slp\n|move|p1b: Kingambit|Kowtow Cleave|p2a: Garchomp\n|-damage|p2a: Garchomp|50/100\n|-damage|p1b: Kingambit|88/100|[from] ability: Rough Skin|[of] p2a: Garchomp\n|\n|-weather|SunnyDay|[upkeep]\n|upkeep\n|turn|3\n|\n|t:|1776009533\n|switch|p2b: Gardevoir|Gardevoir, L50, F|100/100\n|-curestatus|p1a: Charizard|slp|[msg]\n|move|p1a: Charizard|Protect|p1a: Charizard\n|-singleturn|p1a: Charizard|Protect\n|move|p1b: Kingambit|Sucker Punch|p2a: Garchomp\n|-damage|p2a: Garchomp|6/100\n|-damage|p1b: Kingambit|76/100|[from] ability: Rough Skin|[of] p2a: Garchomp\n|move|p2a: Garchomp|Earthquake|p1b: Kingambit|[spread] p1b\n|-activate|p1a: Charizard|move: Protect\n|-activate|p2b: Gardevoir|ability: Telepathy\n|-supereffective|p1b: Kingambit|1\n|-damage|p1b: Kingambit|11/100\n|\n|-weather|SunnyDay|[upkeep]\n|upkeep\n|turn|4\n|\n|t:|1776009643\n|switch|p1a: Venusaur|Venusaur, L50, M|100/100\n|move|p1b: Kingambit|Sucker Punch|p2b: Gardevoir\n|-damage|p2b: Gardevoir|18/100\n|move|p2b: Gardevoir|Psyshock|p1a: Venusaur\n|-supereffective|p1a: Venusaur|1\n|-damage|p1a: Venusaur|33/100\n|move|p2a: Garchomp|Earthquake|p1a: Venusaur|[spread] p1a,p1b\n|-activate|p2b: Gardevoir|ability: Telepathy\n|-supereffective|p1b: Kingambit|1\n|-damage|p1a: Venusaur|2/100\n|-damage|p1b: Kingambit|0 fnt\n|faint|p1b: Kingambit\n|-end|p1b: Kingambit|fallenundefined|[silent]\n|\n|-weather|SunnyDay|[upkeep]\n|upkeep\n|\n|t:|1776009666\n|switch|p1b: Sneasler|Sneasler, L50, M|100/100\n|turn|5\n|\n|t:|1776009680\n|switch|p2b: Sableye|Sableye, L50, F|100/100\n|move|p2a: Garchomp|Protect|p2a: Garchomp\n|-singleturn|p2a: Garchomp|Protect\n|move|p1b: Sneasler|Fake Out|p2b: Sableye\n|-immune|p2b: Sableye\n|move|p1a: Venusaur|Solar Beam||[still]\n|-prepare|p1a: Venusaur|Solar Beam\n|-anim|p1a: Venusaur|Solar Beam|p2a: Garchomp\n|-activate|p2a: Garchomp|move: Protect\n|\n|-weather|none\n|upkeep\n|turn|6\n|\n|t:|1776009728\n|move|p2b: Sableye|Feint|p1a: Venusaur\n|-damage|p1a: Venusaur|0 fnt\n|faint|p1a: Venusaur\n|move|p1b: Sneasler|Dire Claw|p2a: Garchomp\n|-resisted|p2a: Garchomp|1\n|-damage|p2a: Garchomp|0 fnt\n|-damage|p1b: Sneasler|88/100|[from] ability: Rough Skin|[of] p2a: Garchomp\n|faint|p2a: Garchomp\n|\n|-fieldend|move: Gravity\n|upkeep\n|\n|t:|1776009740\n|switch|p2a: Espathra|Espathra, L50, F|100/100\n|switch|p1a: Charizard|Charizard-Mega-Y, L50, F|100/100\n|-weather|SunnyDay|[from] ability: Drought|[of] p1a: Charizard\n|turn|7\n|\n|t:|1776009755\n|move|p2a: Espathra|Protect|p2a: Espathra\n|-singleturn|p2a: Espathra|Protect\n|move|p1b: Sneasler|Dire Claw|p2a: Espathra\n|-activate|p2a: Espathra|move: Protect\n|move|p1a: Charizard|Heat Wave|p2a: Espathra|[spread] p2b\n|-activate|p2a: Espathra|move: Protect\n|-damage|p2b: Sableye|27/100\n|move|p2b: Sableye|Foul Play|p1a: Charizard\n|-damage|p1a: Charizard|55/100\n|\n|-weather|SunnyDay|[upkeep]\n|-ability|p2a: Espathra|Speed Boost|boost\n|-boost|p2a: Espathra|spe|1\n|upkeep\n|turn|8\n|\n|t:|1776009787\n|move|p2a: Espathra|Psychic Terrain|p2a: Espathra\n|-fieldstart|move: Psychic Terrain\n|move|p1b: Sneasler|Close Combat|p2a: Espathra\n|-resisted|p2a: Espathra|1\n|-damage|p2a: Espathra|48/100\n|-unboost|p1b: Sneasler|def|1\n|-unboost|p1b: Sneasler|spd|1\n|move|p1a: Charizard|Heat Wave|p2b: Sableye|[spread] p2a,p2b\n|-damage|p2a: Espathra|0 fnt\n|-damage|p2b: Sableye|0 fnt\n|faint|p2a: Espathra\n|faint|p2b: Sableye\n|\n|-weather|SunnyDay|[upkeep]\n|upkeep\n|\n|t:|1776009798\n|switch|p2b: Gardevoir|Gardevoir, L50, F|18/100\n|turn|9\n|\n|t:|1776009817\n|move|p2b: Gardevoir|Expanding Force|p1b: Sneasler|[spread] p1a,p1b\n|-supereffective|p1b: Sneasler|2\n|-damage|p1a: Charizard|0 fnt\n|-damage|p1b: Sneasler|0 fnt\n|faint|p1a: Charizard\n|faint|p1b: Sneasler\n|\n|win|xRiper\n",
  "uploadtime": 1776009824,
  "views": 17,
  "formatid": "gen9championsvgc2026regma",
  "rating": null,
  "private": 0,
  "password": null
}