{
  "id": "gen9championsvgc2026regma-2581757472",
  "format": "[Gen 9 Champions] VGC 2026 Reg M-A",
  "players": [
    "Xaviboss1",
    "RijdendeRechter"
  ],
  "log": "|j|\u2606Xaviboss1\n|j|\u2606RijdendeRechter\n|t:|1776026064\n|gametype|doubles\n|player|p1|Xaviboss1|101|1258\n|player|p2|RijdendeRechter|roughneck-gen4|1200\n|gen|9\n|tier|[Gen 9 Champions] VGC 2026 Reg M-A\n|rated|\n|rule|Species Clause: Limit one of each Pok\u00e9mon\n|rule|Item Clause: Limit 1 of each item\n|clearpoke\n|poke|p1|Tyranitar, L50, M|\n|poke|p1|Aggron, L50, M|\n|poke|p1|Sinistcha, L50|\n|poke|p1|Incineroar, L50, F|\n|poke|p1|Meowstic, L50, M|\n|poke|p1|Rotom-Wash, L50|\n|poke|p2|Chesnaught, L50, M|\n|poke|p2|Slowking-Galar, L50, F|\n|poke|p2|Incineroar, L50, M|\n|poke|p2|Ninetales-Alola, L50, M|\n|poke|p2|Garchomp, L50, F|\n|poke|p2|Aegislash, L50, F|\n|teampreview|4\n|inactive|Battle timer is ON: inactive players will automatically lose when time's up. (requested by Xaviboss1)\n|inactive|Xaviboss1 has 60 seconds left.\n|\n|t:|1776026115\n|teamsize|p1|4\n|teamsize|p2|4\n|start\n|switch|p1a: Aggron|Aggron, L50, M|100/100\n|switch|p1b: Meowstic|Meowstic, L50, M|100/100\n|switch|p2a: Chesnaught|Chesnaught, L50, M|100/100\n|switch|p2b: Slowking|Slowking-Galar, L50, F|100/100\n|turn|1\n|\n|t:|1776026126\n|detailschange|p2a: Chesnaught|Chesnaught-Mega, L50, M\n|-mega|p2a: Chesnaught|Chesnaught|Chesnaughtite\n|detailschange|p1a: Aggron|Aggron-Mega, L50, M\n|-mega|p1a: Aggron|Aggron|Aggronite\n|move|p1b: Meowstic|Yawn|p2a: Chesnaught\n|-start|p2a: Chesnaught|move: Yawn|[of] p1b: Meowstic\n|move|p1a: Aggron|Iron Defense|p1a: Aggron\n|-boost|p1a: Aggron|def|2\n|move|p2a: Chesnaught|Body Press|p1a: Aggron\n|-supereffective|p1a: Aggron|1\n|-damage|p1a: Aggron|82/100\n|move|p2b: Slowking|Sludge Bomb|p1b: Meowstic\n|-damage|p1b: Meowstic|61/100\n|-status|p1b: Meowstic|psn\n|\n|-damage|p1b: Meowstic|49/100 psn|[from] psn\n|upkeep\n|turn|2\n|inactive|Xaviboss1 has 30 seconds left.\n|inactive|Xaviboss1 has 20 seconds left.\n|inactive|Xaviboss1 has 15 seconds left.\n|inactive|RijdendeRechter has 30 seconds left.\n|\n|t:|1776026170\n|switch|p2a: Incineroar|Incineroar, L50, M|100/100\n|-ability|p2a: Incineroar|Intimidate|boost\n|-unboost|p1a: Aggron|atk|1\n|-unboost|p1b: Meowstic|atk|1\n|move|p1b: Meowstic|Yawn|p2b: Slowking\n|-start|p2b: Slowking|move: Yawn|[of] p1b: Meowstic\n|move|p1a: Aggron|Iron Defense|p1a: Aggron\n|-boost|p1a: Aggron|def|2\n|move|p2b: Slowking|Eerie Spell|p1a: Aggron\n|-resisted|p1a: Aggron|1\n|-damage|p1a: Aggron|68/100\n|-activate|p1a: Aggron|move: Eerie Spell|Iron Defense|3\n|\n|-damage|p1b: Meowstic|37/100 psn|[from] psn\n|upkeep\n|turn|3\n|\n|t:|1776026191\n|switch|p1b: Sinistcha|Sinistcha, L50|100/100\n|-heal|p1a: Aggron|92/100|[from] ability: Hospitality|[of] p1b: Sinistcha\n|move|p2a: Incineroar|Fake Out|p1a: Aggron\n|-resisted|p1a: Aggron|1\n|-damage|p1a: Aggron|92/100\n|cant|p1a: Aggron|flinch\n|-prepare|p2b: Slowking|Chilly Reception|[premajor]\n|move|p2b: Slowking|Chilly Reception|p2b: Slowking\n|-weather|Snowscape\n|\n|t:|1776026200\n|switch|p2b: Chesnaught|Chesnaught-Mega, L50, M|100/100|[from] Chilly Reception\n|\n|-weather|Snowscape|[upkeep]\n|upkeep\n|turn|4\n|\n|t:|1776026209\n|switch|p1b: Meowstic|Meowstic, L50, M|37/100 psn\n|switch|p2a: Aegislash|Aegislash, L50, F|100/100\n|move|p1a: Aggron|Body Press|p2b: Chesnaught\n|-damage|p2b: Chesnaught|39/100\n|move|p2b: Chesnaught|Leech Seed|p1a: Aggron\n|-start|p1a: Aggron|move: Leech Seed\n|\n|-weather|Snowscape|[upkeep]\n|-damage|p1a: Aggron|80/100|[from] Leech Seed|[of] p2b: Chesnaught\n|-heal|p2b: Chesnaught|50/100|[silent]\n|-damage|p1b: Meowstic|25/100 psn|[from] psn\n|upkeep\n|turn|5\n|\n|t:|1776026230\n|switch|p1b: Sinistcha|Sinistcha, L50|100/100\n|-heal|p1a: Aggron|100/100|[from] ability: Hospitality|[of] p1b: Sinistcha\n|move|p2b: Chesnaught|Spiky Shield|p2b: Chesnaught\n|-singleturn|p2b: Chesnaught|move: Protect\n|-formechange|p2a: Aegislash|Aegislash-Blade|\n|move|p2a: Aegislash|Poltergeist|p1b: Sinistcha\n|-activate|p1b: Sinistcha|move: Poltergeist|Sitrus Berry\n|-supereffective|p1b: Sinistcha|1\n|-damage|p1b: Sinistcha|0 fnt\n|faint|p1b: Sinistcha\n|move|p1a: Aggron|Iron Defense|p1a: Aggron\n|-boost|p1a: Aggron|def|2\n|\n|-weather|Snowscape|[upkeep]\n|-damage|p1a: Aggron|89/100|[from] Leech Seed|[of] p2b: Chesnaught\n|-heal|p2b: Chesnaught|60/100|[silent]\n|upkeep\n|\n|t:|1776026242\n|switch|p1b: Incineroar|Incineroar, L50, F|100/100\n|-ability|p1b: Incineroar|Intimidate|boost\n|-unboost|p2a: Aegislash|atk|1\n|-unboost|p2b: Chesnaught|atk|1\n|turn|6\n|\n|t:|1776026254\n|switch|p2b: Slowking|Slowking-Galar, L50, F|100/100\n|-formechange|p2a: Aegislash|Aegislash|\n|move|p2a: Aegislash|King's Shield|p2a: Aegislash\n|-singleturn|p2a: Aegislash|Protect\n|move|p1b: Incineroar|Flare Blitz|p2a: Aegislash\n|-activate|p2a: Aegislash|move: Protect\n|-unboost|p1b: Incineroar|atk|1\n|move|p1a: Aggron|Body Press|p2b: Slowking\n|-resisted|p2b: Slowking|2\n|-damage|p2b: Slowking|65/100\n|\n|-weather|Snowscape|[upkeep]\n|-damage|p1a: Aggron|77/100|[from] Leech Seed|[of] p2b: Slowking\n|-heal|p2b: Slowking|75/100|[silent]\n|upkeep\n|turn|7\n|\n|t:|1776026272\n|switch|p2a: Incineroar|Incineroar, L50, M|100/100\n|-ability|p2a: Incineroar|Intimidate|boost\n|-unboost|p1a: Aggron|atk|1\n|-unboost|p1b: Incineroar|atk|1\n|move|p1b: Incineroar|Darkest Lariat|p2b: Slowking\n|-supereffective|p2b: Slowking|1\n|-damage|p2b: Slowking|46/100\n|move|p1a: Aggron|Body Press|p2b: Slowking\n|-resisted|p2b: Slowking|2\n|-damage|p2b: Slowking|11/100\n|move|p2b: Slowking|Eerie Spell|p1a: Aggron\n|-resisted|p1a: Aggron|1\n|-damage|p1a: Aggron|62/100\n|-activate|p1a: Aggron|move: Eerie Spell|Body Press|3\n|\n|-weather|none\n|-damage|p1a: Aggron|50/100|[from] Leech Seed|[of] p2b: Slowking\n|-heal|p2b: Slowking|21/100|[silent]\n|upkeep\n|turn|8\n|inactive|Xaviboss1 has 30 seconds left.\n|\n|t:|1776026303\n|switch|p1b: Meowstic|Meowstic, L50, M|25/100 psn\n|switch|p2b: Chesnaught|Chesnaught-Mega, L50, M|60/100\n|move|p2a: Incineroar|Fake Out|p1a: Aggron\n|-resisted|p1a: Aggron|1\n|-damage|p1a: Aggron|50/100\n|cant|p1a: Aggron|flinch\n|\n|-damage|p1a: Aggron|38/100|[from] Leech Seed|[of] p2b: Chesnaught\n|-heal|p2b: Chesnaught|70/100|[silent]\n|-damage|p1b: Meowstic|13/100 psn|[from] psn\n|upkeep\n|turn|9\n|\n|t:|1776026320\n|switch|p2a: Aegislash|Aegislash, L50, F|100/100\n|move|p2b: Chesnaught|Spiky Shield|p2b: Chesnaught\n|-singleturn|p2b: Chesnaught|move: Protect\n|move|p1b: Meowstic|Reflect|p1b: Meowstic\n|-sidestart|p1: Xaviboss1|Reflect\n|move|p1a: Aggron|Body Press|p2a: Aegislash\n|-immune|p2a: Aegislash\n|\n|-damage|p1a: Aggron|26/100|[from] Leech Seed|[of] p2b: Chesnaught\n|-heal|p2b: Chesnaught|80/100|[silent]\n|-damage|p1b: Meowstic|1/100 psn|[from] psn\n|upkeep\n|turn|10\n|inactive|Xaviboss1 has 30 seconds left.\n|\n|t:|1776026346\n|switch|p2b: Slowking|Slowking-Galar, L50, F|54/100\n|move|p1b: Meowstic|Yawn|p2a: Aegislash\n|-start|p2a: Aegislash|move: Yawn|[of] p1b: Meowstic\n|-formechange|p2a: Aegislash|Aegislash-Blade|\n|move|p2a: Aegislash|Poltergeist|p1a: Aggron\n|-activate|p1a: Aggron|move: Poltergeist|Aggronite\n|-damage|p1a: Aggron|20/100\n|move|p1a: Aggron|Body Press|p2b: Slowking\n|-resisted|p2b: Slowking|2\n|-damage|p2b: Slowking|18/100\n|\n|-damage|p1a: Aggron|8/100|[from] Leech Seed|[of] p2b: Slowking\n|-heal|p2b: Slowking|28/100|[silent]\n|-damage|p1b: Meowstic|0 fnt|[from] psn\n|faint|p1b: Meowstic\n|upkeep\n|\n|t:|1776026360\n|switch|p1b: Incineroar|Incineroar, L50, F|100/100\n|-ability|p1b: Incineroar|Intimidate|boost\n|-unboost|p2a: Aegislash|atk|1\n|-unboost|p2b: Slowking|atk|1\n|turn|11\n|\n|t:|1776026374\n|switch|p2a: Incineroar|Incineroar, L50, M|100/100\n|-ability|p2a: Incineroar|Intimidate|boost\n|-unboost|p1a: Aggron|atk|1\n|-unboost|p1b: Incineroar|atk|1\n|move|p1b: Incineroar|Darkest Lariat|p2b: Slowking\n|-supereffective|p2b: Slowking|1\n|-damage|p2b: Slowking|0 fnt\n|faint|p2b: Slowking\n|move|p1a: Aggron|Body Press|p2a: Incineroar\n|-supereffective|p2a: Incineroar|1\n|-damage|p2a: Incineroar|0 fnt\n|faint|p2a: Incineroar\n|\n|upkeep\n|\n|t:|1776026388\n|switch|p2a: Chesnaught|Chesnaught-Mega, L50, M|80/100\n|switch|p2b: Aegislash|Aegislash, L50, F|100/100\n|turn|12\n|\n|t:|1776026407\n|move|p2b: Aegislash|King's Shield|p2b: Aegislash\n|-singleturn|p2b: Aegislash|Protect\n|move|p2a: Chesnaught|Spiky Shield|p2a: Chesnaught\n|-singleturn|p2a: Chesnaught|move: Protect\n|move|p1b: Incineroar|Flare Blitz|p2a: Chesnaught\n|-activate|p2a: Chesnaught|move: Protect\n|-damage|p1b: Incineroar|88/100|[from] Spiky Shield|[of] p2a: Chesnaught\n|move|p1a: Aggron|Body Press|p2a: Chesnaught\n|-activate|p2a: Chesnaught|move: Protect\n|-damage|p1a: Aggron|0 fnt|[from] Spiky Shield|[of] p2a: Chesnaught\n|faint|p1a: Aggron\n|\n|upkeep\n|turn|13\n|\n|t:|1776026426\n|move|p1b: Incineroar|Flare Blitz|p2a: Chesnaught\n|-supereffective|p2a: Chesnaught|1\n|-damage|p2a: Chesnaught|49/100\n|-damage|p1b: Incineroar|78/100|[from] Recoil\n|-formechange|p2b: Aegislash|Aegislash-Blade|\n|move|p2b: Aegislash|Poltergeist|p1b: Incineroar\n|-activate|p1b: Incineroar|move: Poltergeist|Chople Berry\n|-resisted|p1b: Incineroar|1\n|-damage|p1b: Incineroar|57/100\n|move|p2a: Chesnaught|Body Press|p1b: Incineroar\n|-supereffective|p1b: Incineroar|1\n|-enditem|p1b: Incineroar|Chople Berry|[eat]\n|-enditem|p1b: Incineroar|Chople Berry|[weaken]\n|-damage|p1b: Incineroar|23/100\n|\n|-sideend|p1: Xaviboss1|Reflect\n|upkeep\n|turn|14\n|\n|t:|1776026440\n|-formechange|p2b: Aegislash|Aegislash|\n|move|p2b: Aegislash|King's Shield|p2b: Aegislash\n|-singleturn|p2b: Aegislash|Protect\n|move|p2a: Chesnaught|Spiky Shield|p2a: Chesnaught\n|-singleturn|p2a: Chesnaught|move: Protect\n|move|p1b: Incineroar|Flare Blitz|p2a: Chesnaught\n|-activate|p2a: Chesnaught|move: Protect\n|-damage|p1b: Incineroar|11/100|[from] Spiky Shield|[of] p2a: Chesnaught\n|\n|upkeep\n|turn|15\n|\n|t:|1776026451\n|move|p1b: Incineroar|Flare Blitz|p2a: Chesnaught\n|-supereffective|p2a: Chesnaught|1\n|-damage|p2a: Chesnaught|15/100\n|-damage|p1b: Incineroar|0 fnt|[from] Recoil\n|faint|p1b: Incineroar\n|\n|win|RijdendeRechter\n|raw|Xaviboss1's rating: 1258 &rarr; <strong>1229</strong><br />(-29 for losing)\n|raw|RijdendeRechter's rating: 1200 &rarr; <strong>1229</strong><br />(+29 for winning)\n",
  "uploadtime": 1776026456,
  "views": 37,
  "formatid": "gen9championsvgc2026regma",
  "rating": 1229,
  "private": 0,
  "password": null
}