{
  "id": "gen9championsvgc2026regma-2581999930",
  "format": "[Gen 9 Champions] VGC 2026 Reg M-A",
  "players": [
    "wilsconcin",
    "21Kieran"
  ],
  "log": "|j|\u2606wilsconcin\n|j|\u260621Kieran\n|t:|1776047077\n|gametype|doubles\n|player|p1|wilsconcin|benga|\n|player|p2|21Kieran|taunie|\n|gen|9\n|tier|[Gen 9 Champions] VGC 2026 Reg M-A\n|rated|Tournament battle\n|rule|Species Clause: Limit one of each Pok\u00e9mon\n|rule|Item Clause: Limit 1 of each item\n|clearpoke\n|poke|p1|Charizard, L50, F|\n|poke|p1|Kingambit, L50, F|\n|poke|p1|Rotom-Wash, L50|\n|poke|p1|Sinistcha, L50|\n|poke|p1|Sneasler, L50, M|\n|poke|p1|Ninetales-Alola, L50, F|\n|poke|p2|Floette-Eternal, L50, F|\n|poke|p2|Kingambit, L50, M|\n|poke|p2|Garchomp, L50, F|\n|poke|p2|Delphox, L50, M|\n|poke|p2|Basculegion, L50, M|\n|poke|p2|Sneasler, L50, F|\n|teampreview|4\n|inactive|Battle timer is ON: inactive players will automatically lose when time's up. (requested by 21Kieran)\n|j|+holdingb\nwilsconcin has agreed to open team sheets.\n21Kieran has agreed to open team sheets.\n|showteam|p1|Charizard||CharizarditeX|Blaze|FlareBlitz,DragonClaw,Protect,DragonDance|||F|||50|]Kingambit||ChopleBerry|Defiant|KowtowCleave,IronHead,SuckerPunch,Protect|||F|||50|]Rotom-Wash||SitrusBerry|Levitate|HydroPump,Thunderbolt,WillOWisp,VoltSwitch||||||50|]Sinistcha||KasibBerry|Hospitality|MatchaGotcha,RagePowder,LifeDew,TrickRoom||||||50|]Sneasler||WhiteHerb|Unburden|DireClaw,CloseCombat,Protect,FakeOut|||M|||50|]Ninetales-Alola||FocusSash|SnowWarning|FreezeDry,Blizzard,Protect,AuroraVeil|||F|||50|\n|showteam|p2|Floette-Eternal||Floettite|FlowerVeil|DrainingKiss,DazzlingGleam,CalmMind,Protect|||F|||50|]Kingambit||BlackGlasses|Defiant|SuckerPunch,KowtowCleave,IronHead,Protect|||M|||50|]Garchomp||SitrusBerry|RoughSkin|Earthquake,DragonClaw,RockSlide,Protect|||F|||50|]Delphox||Delphoxite|Blaze|HeatWave,Psychic,WillOWisp,Protect|||M|||50|]Basculegion||FocusSash|Adaptability|Liquidation,LastRespects,AquaJet,Protect|||M|||50|]Sneasler||WhiteHerb|Unburden|CloseCombat,GunkShot,FakeOut,Protect|||F|||50|\n|\n|t:|1776047108\n|teamsize|p1|4\n|teamsize|p2|4\n|start\n|switch|p1a: Sneasler|Sneasler, L50, M|100/100\n|switch|p1b: Ninetales|Ninetales-Alola, L50, F|100/100\n|switch|p2a: Floette|Floette-Eternal, L50, F|100/100\n|switch|p2b: Sneasler|Sneasler, L50, F|100/100\n|-weather|Snowscape|[from] ability: Snow Warning|[of] p1b: Ninetales\n|turn|1\n|\n|t:|1776047122\n|detailschange|p2a: Floette|Floette-Mega, L50, F\n|-mega|p2a: Floette|Floette|Floettite\n|-ability|p2a: Floette|Fairy Aura\n|move|p1a: Sneasler|Fake Out|p2a: Floette\n|-damage|p2a: Floette|79/100\n|move|p2b: Sneasler|Fake Out|p1a: Sneasler\n|-damage|p1a: Sneasler|75/100\n|move|p1b: Ninetales|Aurora Veil|p1b: Ninetales\n|-sidestart|p1: wilsconcin|move: Aurora Veil\n|cant|p2a: Floette|flinch\n|\n|-weather|Snowscape|[upkeep]\n|upkeep\n|turn|2\n|\n|t:|1776047139\n|move|p2a: Floette|Protect|p2a: Floette\n|-singleturn|p2a: Floette|Protect\n|move|p1b: Ninetales|Blizzard|p2a: Floette|[spread] p2b\n|-activate|p2a: Floette|move: Protect\n|-damage|p2b: Sneasler|58/100\n|-status|p2b: Sneasler|frz\n|-curestatus|p2b: Sneasler|frz|[msg]\n|move|p2b: Sneasler|Gunk Shot|p1b: Ninetales\n|-supereffective|p1b: Ninetales|1\n|-crit|p1b: Ninetales\n|-enditem|p1b: Ninetales|Focus Sash\n|-damage|p1b: Ninetales|1/100\n|move|p1a: Sneasler|Dire Claw|p2a: Floette\n|-activate|p2a: Floette|move: Protect\n|\n|-weather|Snowscape|[upkeep]\n|upkeep\n|turn|3\n|inactive|21Kieran has 30 seconds left.\n|\n|t:|1776047167\n|switch|p2a: Basculegion|Basculegion, L50, M|100/100\n|move|p1b: Ninetales|Blizzard|p2b: Sneasler|[spread] p2a,p2b\n|-resisted|p2a: Basculegion|1\n|-damage|p2a: Basculegion|83/100\n|-damage|p2b: Sneasler|19/100\n|move|p2b: Sneasler|Close Combat|p1a: Sneasler\n|-resisted|p1a: Sneasler|1\n|-damage|p1a: Sneasler|34/100\n|-unboost|p2b: Sneasler|def|1\n|-unboost|p2b: Sneasler|spd|1\n|-enditem|p2b: Sneasler|White Herb\n|-clearnegativeboost|p2b: Sneasler|[silent]\n|move|p1a: Sneasler|Dire Claw|p2a: Basculegion\n|-resisted|p2a: Basculegion|1\n|-damage|p2a: Basculegion|55/100\n|-status|p2a: Basculegion|slp\n|\n|-weather|Snowscape|[upkeep]\n|upkeep\n|turn|4\n|c|\u260621Kieran|oh my god bruh\n|inactive|21Kieran has 30 seconds left.\n|\n|t:|1776047193\n|cant|p2a: Basculegion|slp\n|move|p2b: Sneasler|Close Combat|p1a: Sneasler\n|-resisted|p1a: Sneasler|1\n|-damage|p1a: Sneasler|0 fnt\n|-unboost|p2b: Sneasler|def|1\n|-unboost|p2b: Sneasler|spd|1\n|faint|p1a: Sneasler\n|move|p1b: Ninetales|Blizzard|p2a: Basculegion|[spread] p2a,p2b\n|-resisted|p2a: Basculegion|1\n|-damage|p2a: Basculegion|36/100 slp\n|-damage|p2b: Sneasler|0 fnt\n|faint|p2b: Sneasler\n|\n|-weather|Snowscape|[upkeep]\n|upkeep\n|\n|t:|1776047201\n|switch|p2b: Floette|Floette-Mega, L50, F|79/100\n|switch|p1a: Charizard|Charizard, L50, F|100/100\n|-ability|p2b: Floette|Fairy Aura\n|turn|5\n|j| Ducktile\n|\n|t:|1776047218\n|detailschange|p1a: Charizard|Charizard-Mega-X, L50, F\n|-mega|p1a: Charizard|Charizard|Charizardite X\n|move|p1a: Charizard|Protect|p1a: Charizard\n|-singleturn|p1a: Charizard|Protect\n|cant|p2a: Basculegion|slp\n|move|p1b: Ninetales|Blizzard|p2a: Basculegion|[spread] p2a,p2b\n|-resisted|p2a: Basculegion|1\n|-damage|p2a: Basculegion|16/100 slp\n|-damage|p2b: Floette|53/100\n|move|p2b: Floette|Calm Mind|p2b: Floette\n|-boost|p2b: Floette|spa|1\n|-boost|p2b: Floette|spd|1\n|\n|-weather|none\n|-sideend|p1: wilsconcin|move: Aurora Veil\n|upkeep\n|turn|6\n|\n|t:|1776047236\n|-curestatus|p2a: Basculegion|slp|[msg]\n|move|p2a: Basculegion|Aqua Jet|p1b: Ninetales\n|-damage|p1b: Ninetales|0 fnt\n|faint|p1b: Ninetales\n|move|p2b: Floette|Draining Kiss|p1a: Charizard\n|-damage|p1a: Charizard|34/100\n|-heal|p2b: Floette|100/100|[from] drain|[of] p1a: Charizard\n|move|p1a: Charizard|Flare Blitz|p2b: Floette\n|-damage|p2b: Floette|0 fnt\n|faint|p2b: Floette\n|-damage|p1a: Charizard|7/100|[from] Recoil\n|\n|upkeep\n|\n|t:|1776047248\n|switch|p1b: Rotom|Rotom-Wash, L50|100/100\n|switch|p2b: Garchomp|Garchomp, L50, F|100/100\n|turn|7\n|\n|t:|1776047259\n|move|p1a: Charizard|Protect|p1a: Charizard\n|-singleturn|p1a: Charizard|Protect\n|move|p2b: Garchomp|Rock Slide|p1a: Charizard|[spread] p1b\n|-activate|p1a: Charizard|move: Protect\n|-damage|p1b: Rotom|79/100\n|move|p2a: Basculegion|Last Respects|p1b: Rotom\n|-damage|p1b: Rotom|0 fnt\n|faint|p1b: Rotom\n|\n|upkeep\n|turn|8\n|c|\u2606wilsconcin|gg\n|\n|t:|1776047270\n|move|p2a: Basculegion|Aqua Jet|p1a: Charizard\n|-damage|p1a: Charizard|0 fnt\n|faint|p1a: Charizard\n|\n|win|21Kieran\n|n|\u2606wilsconcin|wilsconcin\n|n|\u260621Kieran|21kieran\n|n| holdingb|holdingb\n|n| Ducktile|ducktile\n",
  "uploadtime": 1776047271,
  "views": 8,
  "formatid": "gen9championsvgc2026regma",
  "rating": null,
  "private": 0,
  "password": null
}