{
  "id": "gen9championsvgc2026regma-2581459944",
  "format": "[Gen 9 Champions] VGC 2026 Reg M-A",
  "players": [
    "OwlVision",
    "Jeremykhoo"
  ],
  "log": "|j|\u2606OwlVision\n|j|\u2606Jeremykhoo\n|t:|1776002540\n|gametype|doubles\n|player|p1|OwlVision|preschooler|1060\n|player|p2|Jeremykhoo|266|1044\n|gen|9\n|tier|[Gen 9 Champions] VGC 2026 Reg M-A\n|rated|\n|rule|Species Clause: Limit one of each Pok\u00e9mon\n|rule|Item Clause: Limit 1 of each item\n|clearpoke\n|poke|p1|Serperior, L50, F|\n|poke|p1|Chimecho, L50, F|\n|poke|p1|Oranguru, L50, M|\n|poke|p1|Aerodactyl, L50, F|\n|poke|p1|Tauros-Paldea-Aqua, L50, M|\n|poke|p1|Froslass, L50, F|\n|poke|p2|Tyranitar, L50, M|\n|poke|p2|Whimsicott, L50, M|\n|poke|p2|Aggron, L50, M|\n|poke|p2|Drampa, L50, F|\n|poke|p2|Sylveon, L50, F|\n|poke|p2|Arcanine, L50, F|\n|teampreview|4\n|c|\u2606OwlVision|glhf\n|c|\u2606Jeremykhoo|Glhf\nOwlVision has agreed to open team sheets.\n|\n|t:|1776002653\n|teamsize|p1|4\n|teamsize|p2|4\n|start\n|switch|p1a: Aerodactyl|Aerodactyl, L50, F|100/100\n|switch|p1b: Tauros|Tauros-Paldea-Aqua, L50, M|100/100\n|switch|p2a: Whimsicott|Whimsicott, L50, M|100/100\n|switch|p2b: Aggron|Aggron, L50, M|100/100\n|-ability|p1b: Tauros|Intimidate|boost\n|-unboost|p2a: Whimsicott|atk|1\n|-unboost|p2b: Aggron|atk|1\n|turn|1\n|\n|t:|1776002692\n|switch|p2a: Tyranitar|Tyranitar, L50, M|100/100\n|-weather|Sandstorm|[from] ability: Sand Stream|[of] p2a: Tyranitar\n|move|p1b: Tauros|Protect|p1b: Tauros\n|-singleturn|p1b: Tauros|Protect\n|move|p2b: Aggron|Protect|p2b: Aggron\n|-singleturn|p2b: Aggron|Protect\n|move|p1a: Aerodactyl|Tailwind|p1a: Aerodactyl\n|-sidestart|p1: OwlVision|move: Tailwind\n|\n|-weather|Sandstorm|[upkeep]\n|-damage|p1b: Tauros|94/100|[from] Sandstorm\n|upkeep\n|turn|2\n|\n|t:|1776002728\n|move|p1a: Aerodactyl|Bulldoze|p2a: Tyranitar|[spread] p1b,p2a\n|-miss|p1a: Aerodactyl|p2b: Aggron\n|-supereffective|p2a: Tyranitar|1\n|-damage|p1b: Tauros|79/100\n|-damage|p2a: Tyranitar|75/100\n|-unboost|p1b: Tauros|spe|1\n|-unboost|p2a: Tyranitar|spe|1\n|move|p1b: Tauros|Wave Crash|p2a: Tyranitar\n|-supereffective|p2a: Tyranitar|1\n|-damage|p2a: Tyranitar|0 fnt\n|faint|p2a: Tyranitar\n|-damage|p1b: Tauros|50/100|[from] Recoil\n|move|p2b: Aggron|Iron Defense|p2b: Aggron\n|-boost|p2b: Aggron|def|2\n|\n|-weather|Sandstorm|[upkeep]\n|-damage|p1b: Tauros|44/100|[from] Sandstorm\n|upkeep\n|\n|t:|1776002761\n|switch|p2a: Whimsicott|Whimsicott, L50, M|100/100\n|turn|3\n|\n|t:|1776002787\n|detailschange|p1a: Aerodactyl|Aerodactyl-Mega, L50, F\n|-mega|p1a: Aerodactyl|Aerodactyl|Aerodactylite\n|move|p1a: Aerodactyl|Dual Wingbeat|p2a: Whimsicott\n|-supereffective|p2a: Whimsicott|1\n|-damage|p2a: Whimsicott|32/100\n|-supereffective|p2a: Whimsicott|1\n|-damage|p2a: Whimsicott|0 fnt\n|faint|p2a: Whimsicott\n|-hitcount|p2: Whimsicott|2\n|move|p1b: Tauros|Close Combat|p2b: Aggron\n|-supereffective|p2b: Aggron|2\n|-damage|p2b: Aggron|39/100\n|-unboost|p1b: Tauros|def|1\n|-unboost|p1b: Tauros|spd|1\n|move|p2b: Aggron|Body Press|p1a: Aerodactyl\n|-damage|p1a: Aerodactyl|19/100\n|\n|-weather|Sandstorm|[upkeep]\n|-damage|p1b: Tauros|38/100|[from] Sandstorm\n|upkeep\n|\n|t:|1776002803\n|switch|p2a: Drampa|Drampa, L50, F|100/100\n|-ability|p2a: Drampa|Cloud Nine\n|turn|4\n|\n|t:|1776002826\n|move|p2b: Aggron|Protect|p2b: Aggron\n|-singleturn|p2b: Aggron|Protect\n|move|p2a: Drampa|Protect|p2a: Drampa\n|-singleturn|p2a: Drampa|Protect\n|move|p1a: Aerodactyl|Dual Wingbeat|p2a: Drampa\n|-activate|p2a: Drampa|move: Protect\n|move|p1b: Tauros|Close Combat|p2b: Aggron\n|-activate|p2b: Aggron|move: Protect\n|\n|-weather|Sandstorm|[upkeep]\n|-sideend|p1: OwlVision|move: Tailwind\n|upkeep\n|turn|5\n|\n|t:|1776002842\n|detailschange|p2a: Drampa|Drampa-Mega, L50, F\n|-mega|p2a: Drampa|Drampa|Drampanite\n|move|p1a: Aerodactyl|Tailwind|p1a: Aerodactyl\n|-sidestart|p1: OwlVision|move: Tailwind\n|move|p1b: Tauros|Close Combat|p2b: Aggron\n|-supereffective|p2b: Aggron|2\n|-damage|p2b: Aggron|0 fnt\n|-unboost|p1b: Tauros|def|1\n|-unboost|p1b: Tauros|spd|1\n|faint|p2b: Aggron\n|move|p2a: Drampa|Hyper Voice|p1a: Aerodactyl|[spread] p1a,p1b\n|-resisted|p1a: Aerodactyl|1\n|-damage|p1a: Aerodactyl|4/100\n|-damage|p1b: Tauros|0 fnt\n|faint|p1b: Tauros\n|\n|-weather|none\n|upkeep\n|\n|t:|1776002851\n|switch|p1b: Froslass|Froslass, L50, F|100/100\n|turn|6\n|c|\u2606OwlVision|gg\n|c|\u2606Jeremykhoo|Gg\n|\n|t:|1776002872\n|move|p1a: Aerodactyl|Rock Slide|p2a: Drampa\n|-damage|p2a: Drampa|70/100\n|move|p1b: Froslass|Blizzard|p2a: Drampa\n|-supereffective|p2a: Drampa|1\n|-damage|p2a: Drampa|4/100\n|-ability|p2a: Drampa|Berserk|boost\n|-boost|p2a: Drampa|spa|1\n|move|p2a: Drampa|Hyper Voice|p1a: Aerodactyl|[spread] p1a\n|-immune|p1b: Froslass\n|-resisted|p1a: Aerodactyl|1\n|-damage|p1a: Aerodactyl|0 fnt\n|faint|p1a: Aerodactyl\n|\n|upkeep\n|\n|t:|1776002882\n|switch|p1a: Oranguru|Oranguru, L50, M|100/100\n|turn|7\n|\n|t:|1776002896\n|move|p1b: Froslass|Aurora Veil||[still]\n|-fail|p1b: Froslass\n|move|p1a: Oranguru|Encore|p2a: Drampa\n|-start|p2a: Drampa|Encore\n|move|p2a: Drampa|Hyper Voice|p1b: Froslass|[spread] p1a\n|-immune|p1b: Froslass\n|-damage|p1a: Oranguru|59/100\n|\n|upkeep\n|turn|8\n|c|\u2606OwlVision|XD\n|c|\u2606OwlVision|sry\n|\n|t:|1776002913\n|move|p1b: Froslass|Frost Breath|p2a: Drampa\n|-supereffective|p2a: Drampa|1\n|-crit|p2a: Drampa\n|-damage|p2a: Drampa|0 fnt\n|faint|p2a: Drampa\n|\n|win|OwlVision\n|raw|OwlVision's rating: 1060 &rarr; <strong>1090</strong><br />(+30 for winning)\n|raw|Jeremykhoo's rating: 1044 &rarr; <strong>1028</strong><br />(-16 for losing)\n|c|\u2606Jeremykhoo|Why sorry?\n",
  "uploadtime": 1776002931,
  "views": 22,
  "formatid": "gen9championsvgc2026regma",
  "rating": 1028,
  "private": 0,
  "password": null
}