{
  "id": "gen9championsvgc2026regma-2586314483",
  "format": "[Gen 9 Champions] VGC 2026 Reg M-A",
  "players": [
    "HallKerXXII",
    "Ongalabong"
  ],
  "log": "|j|\u2606HallKerXXII\n|j|\u2606Ongalabong\n|t:|1776424375\n|gametype|doubles\n|player|p1|HallKerXXII|hiker-gen4|1377\n|player|p2|Ongalabong|benga|1388\n|gen|9\n|tier|[Gen 9 Champions] VGC 2026 Reg M-A\n|rated|\n|rule|Species Clause: Limit one of each Pok\u00e9mon\n|rule|Item Clause: Limit 1 of each item\n|clearpoke\n|poke|p1|Charizard, L50, M|\n|poke|p1|Maushold-Four, L50|\n|poke|p1|Sneasler, L50, F|\n|poke|p1|Dragapult, L50, F|\n|poke|p1|Kingambit, L50, M|\n|poke|p1|Garchomp, L50, M|\n|poke|p2|Crabominable, L50, M|\n|poke|p2|Farigiraf, L50, M|\n|poke|p2|Incineroar, L50, M|\n|poke|p2|Venusaur, L50, F|\n|poke|p2|Basculegion, L50, M|\n|poke|p2|Ninetales-Alola, L50, F|\n|teampreview|4\n|inactive|Battle timer is ON: inactive players will automatically lose when time's up. (requested by HallKerXXII)\n|\n|t:|1776424407\n|teamsize|p1|4\n|teamsize|p2|4\n|start\n|switch|p1a: Charizard|Charizard, L50, M|100/100\n|switch|p1b: Dragapult|Dragapult, L50, F|100/100\n|switch|p2a: Venusaur|Venusaur, L50, F|100/100\n|switch|p2b: Basculegion|Basculegion, L50, M|100/100\n|turn|1\n|\n|t:|1776424427\n|detailschange|p2a: Venusaur|Venusaur-Mega, L50, F\n|-mega|p2a: Venusaur|Venusaur|Venusaurite\n|move|p1a: Charizard|Protect|p1a: Charizard\n|-singleturn|p1a: Charizard|Protect\n|move|p2b: Basculegion|Flip Turn|p1a: Charizard\n|-activate|p1a: Charizard|move: Protect\n|move|p1b: Dragapult|Will-O-Wisp|p2b: Basculegion\n|-status|p2b: Basculegion|brn\n|move|p2a: Venusaur|Leech Seed|p1a: Charizard\n|-activate|p1a: Charizard|move: Protect\n|\n|-damage|p2b: Basculegion|94/100 brn|[from] brn\n|upkeep\n|turn|2\n|\n|t:|1776424440\n|detailschange|p1a: Charizard|Charizard-Mega-Y, L50, M\n|-mega|p1a: Charizard|Charizard|Charizardite Y\n|-weather|SunnyDay|[from] ability: Drought|[of] p1a: Charizard\n|move|p2b: Basculegion|Flip Turn|p1a: Charizard\n|-supereffective|p1a: Charizard|1\n|-damage|p1a: Charizard|73/100\n|\n|t:|1776424446\n|switch|p2b: Ninetales|Ninetales-Alola, L50, F|100/100|[from] Flip Turn\n|-weather|Snowscape|[from] ability: Snow Warning|[of] p2b: Ninetales\n|move|p1b: Dragapult|Psychic Fangs|p2a: Venusaur\n|-supereffective|p2a: Venusaur|1\n|-damage|p2a: Venusaur|64/100\n|move|p1a: Charizard|Heat Wave|p2a: Venusaur|[spread] p2a,p2b\n|-supereffective|p2a: Venusaur|1\n|-supereffective|p2b: Ninetales|1\n|-damage|p2a: Venusaur|31/100\n|-enditem|p2b: Ninetales|Focus Sash\n|-damage|p2b: Ninetales|1/100\n|move|p2a: Venusaur|Leech Seed|p1a: Charizard|[miss]\n|-miss|p2a: Venusaur|p1a: Charizard\n|\n|-weather|Snowscape|[upkeep]\n|upkeep\n|turn|3\n|\n|t:|1776424468\n|switch|p2a: Incineroar|Incineroar, L50, M|100/100\n|-ability|p2a: Incineroar|Intimidate|boost\n|-unboost|p1a: Charizard|atk|1\n|-fail|p1b: Dragapult|unboost|[from] ability: Clear Body|[of] p1b: Dragapult\n|move|p2b: Ninetales|Protect|p2b: Ninetales\n|-singleturn|p2b: Ninetales|Protect\n|move|p1b: Dragapult|Psychic Fangs|p2a: Incineroar\n|-immune|p2a: Incineroar\n|move|p1a: Charizard|Heat Wave|p2b: Ninetales|[spread] p2a\n|-activate|p2b: Ninetales|move: Protect\n|-resisted|p2a: Incineroar|1\n|-damage|p2a: Incineroar|83/100\n|\n|-weather|Snowscape|[upkeep]\n|upkeep\n|turn|4\n|inactive|HallKerXXII has 30 seconds left.\n|\n|t:|1776424504\n|switch|p1a: Maushold|Maushold-Four, L50|100/100\n|move|p1b: Dragapult|Shadow Ball|p2b: Ninetales\n|-damage|p2b: Ninetales|0 fnt\n|faint|p2b: Ninetales\n|move|p2a: Incineroar|Throat Chop|p1b: Dragapult\n|-supereffective|p1b: Dragapult|1\n|-damage|p1b: Dragapult|40/100\n|-start|p1b: Dragapult|Throat Chop|[silent]\n|\n|-weather|Snowscape|[upkeep]\n|upkeep\n|\n|t:|1776424510\n|switch|p2b: Venusaur|Venusaur-Mega, L50, F|31/100\n|turn|5\n|\n|t:|1776424529\n|switch|p2b: Basculegion|Basculegion, L50, M|94/100 brn\n|move|p1b: Dragapult|Psychic Fangs|p2b: Basculegion\n|-damage|p2b: Basculegion|64/100 brn\n|move|p1a: Maushold|Encore|p2a: Incineroar\n|-start|p2a: Incineroar|Encore\n|move|p2a: Incineroar|Throat Chop|p1b: Dragapult\n|-supereffective|p1b: Dragapult|1\n|-damage|p1b: Dragapult|0 fnt\n|faint|p1b: Dragapult\n|\n|-weather|Snowscape|[upkeep]\n|-damage|p2b: Basculegion|58/100 brn|[from] brn\n|upkeep\n|\n|t:|1776424534\n|switch|p1b: Kingambit|Kingambit, L50, M|100/100\n|turn|6\n|\n|t:|1776424550\n|move|p1a: Maushold|Protect|p1a: Maushold\n|-singleturn|p1a: Maushold|Protect\n|move|p1b: Kingambit|Protect|p1b: Kingambit\n|-singleturn|p1b: Kingambit|Protect\n|move|p2b: Basculegion|Wave Crash|p1a: Maushold\n|-activate|p1a: Maushold|move: Protect\n|move|p2a: Incineroar|Throat Chop|p1a: Maushold\n|-activate|p1a: Maushold|move: Protect\n|\n|-weather|none\n|-damage|p2b: Basculegion|52/100 brn|[from] brn\n|upkeep\n|turn|7\n|\n|t:|1776424566\n|switch|p2b: Venusaur|Venusaur-Mega, L50, F|31/100\n|move|p1a: Maushold|Follow Me|p1a: Maushold\n|-singleturn|p1a: Maushold|move: Follow Me\n|move|p1b: Kingambit|Sucker Punch||[still]\n|-fail|p1b: Kingambit\n|move|p2a: Incineroar|Throat Chop|p1a: Maushold\n|-damage|p1a: Maushold|62/100\n|-start|p1a: Maushold|Throat Chop|[silent]\n|\n|-end|p2a: Incineroar|Encore\n|upkeep\n|turn|8\n|\n|t:|1776424580\n|move|p1a: Maushold|Follow Me|p1a: Maushold\n|-singleturn|p1a: Maushold|move: Follow Me\n|move|p2b: Venusaur|Leech Seed|p1a: Maushold\n|-start|p1a: Maushold|move: Leech Seed\n|move|p2a: Incineroar|Flare Blitz|p1a: Maushold\n|-damage|p1a: Maushold|0 fnt\n|faint|p1a: Maushold\n|-damage|p2a: Incineroar|65/100|[from] Recoil\n|move|p1b: Kingambit|Lash Out|p2b: Venusaur\n|-damage|p2b: Venusaur|0 fnt\n|faint|p2b: Venusaur\n|\n|upkeep\n|\n|t:|1776424592\n|switch|p1a: Charizard|Charizard-Mega-Y, L50, M|73/100\n|switch|p2b: Basculegion|Basculegion, L50, M|52/100 brn\n|-weather|SunnyDay|[from] ability: Drought|[of] p1a: Charizard\n|turn|9\n|\n|t:|1776424611\n|move|p2b: Basculegion|Aqua Jet|p1a: Charizard\n|-supereffective|p1a: Charizard|1\n|-damage|p1a: Charizard|57/100\n|move|p1b: Kingambit|Sucker Punch||[still]\n|-fail|p1b: Kingambit\n|move|p1a: Charizard|Heat Wave|p2a: Incineroar|[spread] p2a,p2b\n|-resisted|p2a: Incineroar|1\n|-resisted|p2b: Basculegion|1\n|-damage|p2a: Incineroar|41/100\n|-damage|p2b: Basculegion|14/100 brn\n|-enditem|p2a: Incineroar|Sitrus Berry|[eat]\n|-heal|p2a: Incineroar|65/100|[from] item: Sitrus Berry\n|move|p2a: Incineroar|Flare Blitz|p1b: Kingambit\n|-supereffective|p1b: Kingambit|1\n|-damage|p1b: Kingambit|0 fnt\n|faint|p1b: Kingambit\n|-damage|p2a: Incineroar|32/100|[from] Recoil\n|\n|-weather|SunnyDay|[upkeep]\n|-damage|p2b: Basculegion|8/100 brn|[from] brn\n|upkeep\n|turn|10\n|\n|t:|1776424627\n|move|p1a: Charizard|Protect|p1a: Charizard\n|-singleturn|p1a: Charizard|Protect\n|move|p2b: Basculegion|Aqua Jet|p1a: Charizard\n|-activate|p1a: Charizard|move: Protect\n|move|p2a: Incineroar|Throat Chop|p1a: Charizard\n|-activate|p1a: Charizard|move: Protect\n|\n|-weather|SunnyDay|[upkeep]\n|-damage|p2b: Basculegion|2/100 brn|[from] brn\n|upkeep\n|turn|11\n|\n|t:|1776424634\n|move|p2b: Basculegion|Aqua Jet|p1a: Charizard\n|-supereffective|p1a: Charizard|1\n|-damage|p1a: Charizard|40/100\n|move|p1a: Charizard|Overheat|p2a: Incineroar\n|-resisted|p2a: Incineroar|1\n|-damage|p2a: Incineroar|0 fnt\n|-unboost|p1a: Charizard|spa|2\n|faint|p2a: Incineroar\n|\n|-weather|SunnyDay|[upkeep]\n|-damage|p2b: Basculegion|0 fnt|[from] brn\n|faint|p2b: Basculegion\n|\n|win|HallKerXXII\n|raw|HallKerXXII's rating: 1377 &rarr; <strong>1398</strong><br />(+21 for winning)\n|raw|Ongalabong's rating: 1388 &rarr; <strong>1367</strong><br />(-21 for losing)\n",
  "uploadtime": 1776424642,
  "views": 49,
  "formatid": "gen9championsvgc2026regma",
  "rating": 1367,
  "private": 0,
  "password": null
}