{
  "id": "gen9championsvgc2026regma-2581056686",
  "format": "[Gen 9 Champions] VGC 2026 Reg M-A",
  "players": [
    "steamboatwilly",
    "mintgirl48"
  ],
  "log": "|j|\u2606steamboatwilly\n|j|\u2606mintgirl48\n|t:|1775955760\n|gametype|doubles\n|player|p1|steamboatwilly|cynthia|1049\n|player|p2|mintgirl48|lady|1000\n|gen|9\n|tier|[Gen 9 Champions] VGC 2026 Reg M-A\n|rated|\n|rule|Species Clause: Limit one of each Pok\u00e9mon\n|rule|Item Clause: Limit 1 of each item\n|clearpoke\n|poke|p1|Politoed, L50, M|\n|poke|p1|Archaludon, L50, F|\n|poke|p1|Dragonite, L50, M|\n|poke|p1|Whimsicott, L50, M|\n|poke|p1|Sneasler, L50, M|\n|poke|p1|Arcanine-Hisui, L50, M|\n|poke|p2|Froslass, L50, F|\n|poke|p2|Maushold, L50|\n|poke|p2|Talonflame, L50, M|\n|poke|p2|Garchomp, L50, F|\n|poke|p2|Lucario, L50, F|\n|poke|p2|Rotom-Wash, L50|\n|teampreview|4\nmintgirl48 has agreed to open team sheets.\n|inactive|Battle timer is ON: inactive players will automatically lose when time's up. (requested by steamboatwilly)\n|inactive|mintgirl48 has 60 seconds left.\n|\n|t:|1775955838\n|teamsize|p1|4\n|teamsize|p2|4\n|start\n|switch|p1a: Sneasler|Sneasler, L50, M, shiny|100/100\n|switch|p1b: Arcanine|Arcanine-Hisui, L50, M, shiny|100/100\n|switch|p2a: Rotom|Rotom-Wash, L50|100/100\n|switch|p2b: Garchomp|Garchomp, L50, F|100/100\n|-ability|p1b: Arcanine|Intimidate|boost\n|-unboost|p2a: Rotom|atk|1\n|-unboost|p2b: Garchomp|atk|1\n|turn|1\n|inactive|steamboatwilly has 30 seconds left.\n|\n|t:|1775955868\n|move|p1b: Arcanine|Head Smash|p2a: Rotom|[miss]\n|-miss|p1b: Arcanine|p2a: Rotom\n|move|p1a: Sneasler|U-turn|p2a: Rotom\n|-damage|p2a: Rotom|79/100\n|\n|t:|1775955873\n|switch|p1a: Politoed|Politoed, L50, M, shiny|100/100|[from] U-turn\n|-weather|RainDance|[from] ability: Drizzle|[of] p1a: Politoed\n|move|p2b: Garchomp|Earthquake|p1a: Politoed|[spread] p1a,p1b\n|-immune|p2a: Rotom|[from] ability: Levitate\n|-supereffective|p1b: Arcanine|2\n|-damage|p1a: Politoed|68/100\n|-damage|p1b: Arcanine|0 fnt\n|faint|p1b: Arcanine\n|move|p2a: Rotom|Hydro Pump|p1a: Politoed\n|-resisted|p1a: Politoed|1\n|-damage|p1a: Politoed|47/100\n|\n|-weather|RainDance|[upkeep]\n|-heal|p2a: Rotom|84/100|[from] item: Leftovers\n|-heal|p1a: Politoed|53/100|[from] item: Leftovers\n|upkeep\n|\n|t:|1775955898\n|switch|p1b: Dragonite|Dragonite, L50, M, shiny|100/100\n|turn|2\n|inactive|mintgirl48 has 30 seconds left.\n|\n|t:|1775955924\n|detailschange|p1b: Dragonite|Dragonite-Mega, L50, M, shiny\n|-mega|p1b: Dragonite|Dragonite|Dragoninite\n|move|p1a: Politoed|Protect|p1a: Politoed\n|-singleturn|p1a: Politoed|Protect\n|move|p2b: Garchomp|Rock Slide|p1a: Politoed|[spread] p1b\n|-activate|p1a: Politoed|move: Protect\n|-supereffective|p1b: Dragonite|1\n|-damage|p1b: Dragonite|88/100\n|move|p1b: Dragonite|Draco Meteor|p2b: Garchomp\n|-supereffective|p2b: Garchomp|1\n|-damage|p2b: Garchomp|0 fnt\n|-unboost|p1b: Dragonite|spa|2\n|faint|p2b: Garchomp\n|move|p2a: Rotom|Thunderbolt|p1a: Politoed\n|-activate|p1a: Politoed|move: Protect\n|\n|-weather|RainDance|[upkeep]\n|-heal|p2a: Rotom|90/100|[from] item: Leftovers\n|-heal|p1a: Politoed|59/100|[from] item: Leftovers\n|upkeep\n|\n|t:|1775955949\n|switch|p2b: Lucario|Lucario, L50, F|100/100\n|turn|3\n|inactive|mintgirl48 has 30 seconds left.\n|inactive|steamboatwilly has 30 seconds left.\n|\n|t:|1775955993\n|switch|p1b: Sneasler|Sneasler, L50, M, shiny|100/100\n|detailschange|p2b: Lucario|Lucario-Mega, L50, F\n|-mega|p2b: Lucario|Lucario|Lucarionite\n|move|p2b: Lucario|Protect|p2b: Lucario\n|-singleturn|p2b: Lucario|Protect\n|move|p2a: Rotom|Thunderbolt|p1a: Politoed\n|-supereffective|p1a: Politoed|1\n|-damage|p1a: Politoed|10/100\n|move|p1a: Politoed|Muddy Water|p2a: Rotom|[spread] p2a\n|-activate|p2b: Lucario|move: Protect\n|-resisted|p2a: Rotom|1\n|-damage|p2a: Rotom|71/100\n|\n|-weather|RainDance|[upkeep]\n|-heal|p2a: Rotom|77/100|[from] item: Leftovers\n|-heal|p1a: Politoed|16/100|[from] item: Leftovers\n|upkeep\n|turn|4\n|inactive|steamboatwilly has 30 seconds left.\n|inactive|mintgirl48 has 30 seconds left.\n|\n|t:|1775956028\n|move|p1b: Sneasler|Fake Out|p2b: Lucario\n|-resisted|p2b: Lucario|1\n|-damage|p2b: Lucario|90/100\n|cant|p2b: Lucario|flinch\n|move|p2a: Rotom|Will-O-Wisp|p1b: Sneasler\n|-status|p1b: Sneasler|brn\n|move|p1a: Politoed|Weather Ball|p2b: Lucario\n|-damage|p2b: Lucario|5/100\n|\n|-weather|RainDance|[upkeep]\n|-heal|p2a: Rotom|82/100|[from] item: Leftovers\n|-heal|p1a: Politoed|22/100|[from] item: Leftovers\n|-damage|p1b: Sneasler|95/100 brn|[from] brn\n|upkeep\n|turn|5\n|inactive|mintgirl48 has 30 seconds left.\n|inactive|steamboatwilly has 30 seconds left.\n|\n|t:|1775956061\n|move|p1a: Politoed|Protect|p1a: Politoed\n|-singleturn|p1a: Politoed|Protect\n|move|p2b: Lucario|Extreme Speed|p1a: Politoed\n|-activate|p1a: Politoed|move: Protect\n|move|p1b: Sneasler|Close Combat|p2b: Lucario\n|-supereffective|p2b: Lucario|1\n|-damage|p2b: Lucario|0 fnt\n|-unboost|p1b: Sneasler|def|1\n|-unboost|p1b: Sneasler|spd|1\n|faint|p2b: Lucario\n|-enditem|p1b: Sneasler|White Herb\n|-clearnegativeboost|p1b: Sneasler|[silent]\n|move|p2a: Rotom|Thunderbolt|p1a: Politoed\n|-activate|p1a: Politoed|move: Protect\n|\n|-weather|none\n|-heal|p2a: Rotom|88/100|[from] item: Leftovers\n|-heal|p1a: Politoed|28/100|[from] item: Leftovers\n|-damage|p1b: Sneasler|89/100 brn|[from] brn\n|upkeep\n|\n|t:|1775956079\n|switch|p2b: Talonflame|Talonflame, L50, M|100/100\n|turn|6\n|\n|t:|1775956099\n|switch|p1a: Dragonite|Dragonite-Mega, L50, M, shiny|88/100\n|move|p2b: Talonflame|Tailwind|p2b: Talonflame\n|-sidestart|p2: mintgirl48|move: Tailwind\n|move|p1b: Sneasler|Dire Claw|p2b: Talonflame\n|-damage|p2b: Talonflame|68/100\n|-status|p2b: Talonflame|slp\n|move|p2a: Rotom|Thunderbolt|p1a: Dragonite\n|-damage|p1a: Dragonite|63/100\n|\n|-heal|p2a: Rotom|94/100|[from] item: Leftovers\n|-damage|p1b: Sneasler|83/100 brn|[from] brn\n|upkeep\n|turn|7\n|inactive|mintgirl48 has 30 seconds left.\n|\n|t:|1775956134\n|switch|p1b: Politoed|Politoed, L50, M, shiny|28/100\n|-weather|RainDance|[from] ability: Drizzle|[of] p1b: Politoed\n|cant|p2b: Talonflame|slp\n|move|p2a: Rotom|Thunderbolt|p1a: Dragonite\n|-damage|p1a: Dragonite|38/100\n|move|p1a: Dragonite|Hurricane|p2b: Talonflame\n|-damage|p2b: Talonflame|0 fnt\n|faint|p2b: Talonflame\n|\n|-weather|RainDance|[upkeep]\n|-heal|p2a: Rotom|99/100|[from] item: Leftovers\n|-heal|p1b: Politoed|35/100|[from] item: Leftovers\n|upkeep\n|turn|8\n|\n|t:|1775956154\n|move|p1a: Dragonite|Protect|p1a: Dragonite\n|-singleturn|p1a: Dragonite|Protect\n|move|p1b: Politoed|Protect|p1b: Politoed\n|-singleturn|p1b: Politoed|Protect\n|move|p2a: Rotom|Thunderbolt|p1b: Politoed\n|-activate|p1b: Politoed|move: Protect\n|\n|-weather|RainDance|[upkeep]\n|-heal|p2a: Rotom|100/100|[from] item: Leftovers\n|-heal|p1b: Politoed|41/100|[from] item: Leftovers\n|upkeep\n|turn|9\n|\n|t:|1775956168\n|move|p1b: Politoed|Helping Hand|p1a: Dragonite\n|-singleturn|p1a: Dragonite|Helping Hand|[of] p1b: Politoed\n|move|p2a: Rotom|Thunderbolt|p1b: Politoed\n|-supereffective|p1b: Politoed|1\n|-damage|p1b: Politoed|0 fnt\n|faint|p1b: Politoed\n|move|p1a: Dragonite|Draco Meteor|p2a: Rotom\n|-damage|p2a: Rotom|0 fnt\n|-unboost|p1a: Dragonite|spa|2\n|faint|p2a: Rotom\n|\n|win|steamboatwilly\n|raw|steamboatwilly's rating: 1049 &rarr; <strong>1077</strong><br />(+28 for winning)\n|raw|mintgirl48's rating: 1000 &rarr; <strong>1000</strong><br />(+0 for losing)\n",
  "uploadtime": 1775956184,
  "views": 13,
  "formatid": "gen9championsvgc2026regma",
  "rating": 1000,
  "private": 0,
  "password": null
}