{
  "id": "gen9championsvgc2026regma-2588910094",
  "format": "[Gen 9 Champions] VGC 2026 Reg M-A",
  "players": [
    "maxvw",
    "PotbellyDemon"
  ],
  "log": "|j|\u2606maxvw\n|j|\u2606PotbellyDemon\n|t:|1776684964\n|gametype|doubles\n|player|p1|maxvw|unknown|1088\n|player|p2|PotbellyDemon|volkner|1082\n|gen|9\n|tier|[Gen 9 Champions] VGC 2026 Reg M-A\n|rated|\n|rule|Species Clause: Limit one of each Pok\u00e9mon\n|rule|Item Clause: Limit 1 of each item\n|clearpoke\n|poke|p1|Gengar, L50, F|\n|poke|p1|Whimsicott, L50, F|\n|poke|p1|Maushold-Four, L50|\n|poke|p1|Incineroar, L50, M|\n|poke|p1|Ninetales-Alola, L50, F|\n|poke|p1|Sinistcha-Masterpiece, L50|\n|poke|p2|Gallade, L50, M|\n|poke|p2|Maushold, L50|\n|poke|p2|Sinistcha, L50|\n|poke|p2|Pelipper, L50, M|\n|poke|p2|Archaludon, L50, M|\n|poke|p2|Incineroar, L50, M|\n|teampreview|4\nPotbellyDemon has agreed to open team sheets.\n|inactive|Battle timer is ON: inactive players will automatically lose when time's up. (requested by maxvw)\nmaxvw has agreed to open team sheets.\n|showteam|p1|Gengar||Gengarite|CursedBody|Disable,Protect,PerishSong,ShadowBall|||F|||50|]Whimsicott||MentalHerb|Prankster|Encore,Tailwind,Moonblast,Protect|||F|||50|]Maushold-Four||FocusSash|FriendGuard|FollowMe,BatonPass,Protect,Encore||||||50|]Incineroar||Leftovers|Intimidate|FakeOut,PartingShot,Protect,ThroatChop|||M|||50|]Ninetales-Alola||BabiriBerry|SnowWarning|Protect,AuroraVeil,Blizzard,Moonblast|||F|||50|]Sinistcha-Masterpiece||ShellBell|Hospitality|ShadowBall,MatchaGotcha,Protect,Substitute||||||50|\n|showteam|p2|Gallade||Galladite|Justified|DrainPunch,BulkUp,Protect,PsychoCut|||M|||50|]Maushold||ChopleBerry|FriendGuard|FollowMe,Protect,BeatUp,SuperFang||||||50|]Sinistcha||OccaBerry|Hospitality|MatchaGotcha,RagePowder,LifeDew,Protect||||||50|]Pelipper||FocusSash|Drizzle|Hurricane,WeatherBall,Tailwind,Protect|||M|||50|]Archaludon||Leftovers|Stamina|ElectroShot,FlashCannon,DracoMeteor,Protect|||M|||50|]Incineroar||SitrusBerry|Intimidate|FakeOut,FlareBlitz,ThroatChop,PartingShot|||M|||50|\n|inactive|PotbellyDemon has 60 seconds left.\n|\n|t:|1776685031\n|teamsize|p1|4\n|teamsize|p2|4\n|start\n|switch|p1a: Gengar|Gengar, L50, F|100/100\n|switch|p1b: Incineroar|Incineroar, L50, M|100/100\n|switch|p2a: Archaludon|Archaludon, L50, M|100/100\n|switch|p2b: Pelipper|Pelipper, L50, M|100/100\n|-weather|RainDance|[from] ability: Drizzle|[of] p2b: Pelipper\n|-ability|p1b: Incineroar|Intimidate|boost\n|-unboost|p2a: Archaludon|atk|1\n|-unboost|p2b: Pelipper|atk|1\n|turn|1\n|\n|t:|1776685048\n|switch|p2b: Sinistcha|Sinistcha, L50|100/100\n|detailschange|p1a: Gengar|Gengar-Mega, L50, F\n|-mega|p1a: Gengar|Gengar|Gengarite\n|move|p1a: Gengar|Protect|p1a: Gengar\n|-singleturn|p1a: Gengar|Protect\n|move|p1b: Incineroar|Fake Out|p2a: Archaludon\n|-resisted|p2a: Archaludon|1\n|-damage|p2a: Archaludon|97/100\n|-ability|p2a: Archaludon|Stamina|boost\n|-boost|p2a: Archaludon|def|1\n|cant|p2a: Archaludon|flinch\n|\n|-weather|RainDance|[upkeep]\n|-heal|p2a: Archaludon|100/100|[from] item: Leftovers\n|upkeep\n|turn|2\n|\n|t:|1776685063\n|move|p2b: Sinistcha|Rage Powder|p2b: Sinistcha\n|-singleturn|p2b: Sinistcha|move: Rage Powder\n|move|p1a: Gengar|Perish Song|p1a: Gengar\n|-start|p1a: Gengar|perish3|[silent]\n|-start|p1b: Incineroar|perish3|[silent]\n|-start|p2a: Archaludon|perish3|[silent]\n|-start|p2b: Sinistcha|perish3|[silent]\n|-fieldactivate|move: Perish Song\n|move|p2a: Archaludon|Electro Shot||[still]\n|-prepare|p2a: Archaludon|Electro Shot\n|-boost|p2a: Archaludon|spa|1\n|-anim|p2a: Archaludon|Electro Shot|p1a: Gengar\n|-damage|p1a: Gengar|38/100\n|move|p1b: Incineroar|Throat Chop|p2b: Sinistcha\n|-supereffective|p2b: Sinistcha|1\n|-damage|p2b: Sinistcha|50/100\n|-start|p2b: Sinistcha|Throat Chop|[silent]\n|\n|-weather|RainDance|[upkeep]\n|-start|p1a: Gengar|perish3\n|-start|p2a: Archaludon|perish3\n|-start|p2b: Sinistcha|perish3\n|-start|p1b: Incineroar|perish3\n|upkeep\n|turn|3\n|\n|t:|1776685088\n|move|p1a: Gengar|Protect|p1a: Gengar\n|-singleturn|p1a: Gengar|Protect\n|move|p2b: Sinistcha|Rage Powder|p2b: Sinistcha\n|-singleturn|p2b: Sinistcha|move: Rage Powder\n|move|p2a: Archaludon|Electro Shot||[still]\n|-prepare|p2a: Archaludon|Electro Shot\n|-boost|p2a: Archaludon|spa|1\n|-anim|p2a: Archaludon|Electro Shot|p1b: Incineroar\n|-damage|p1b: Incineroar|54/100\n|move|p1b: Incineroar|Throat Chop|p2b: Sinistcha\n|-supereffective|p2b: Sinistcha|1\n|-damage|p2b: Sinistcha|0 fnt\n|faint|p2b: Sinistcha\n|\n|-weather|RainDance|[upkeep]\n|-heal|p1b: Incineroar|60/100|[from] item: Leftovers\n|-start|p1a: Gengar|perish2\n|-start|p2a: Archaludon|perish2\n|-start|p1b: Incineroar|perish2\n|upkeep\n|\n|t:|1776685108\n|switch|p2b: Gallade|Gallade, L50, M|100/100\n|turn|4\n|\n|t:|1776685136\n|switch|p1b: Ninetales|Ninetales-Alola, L50, F|100/100\n|-weather|Snowscape|[from] ability: Snow Warning|[of] p1b: Ninetales\n|detailschange|p2b: Gallade|Gallade-Mega, L50, M\n|-mega|p2b: Gallade|Gallade|Galladite\n|move|p1a: Gengar|Shadow Ball|p2b: Gallade\n|-supereffective|p2b: Gallade|1\n|-damage|p2b: Gallade|34/100\n|move|p2b: Gallade|Psycho Cut|p1a: Gengar\n|-supereffective|p1a: Gengar|1\n|-crit|p1a: Gengar\n|-damage|p1a: Gengar|0 fnt\n|faint|p1a: Gengar\n|move|p2a: Archaludon|Electro Shot||[still]\n|-prepare|p2a: Archaludon|Electro Shot\n|-boost|p2a: Archaludon|spa|1\n|\n|-weather|Snowscape|[upkeep]\n|-start|p2a: Archaludon|perish1\n|upkeep\n|\n|t:|1776685155\n|switch|p1a: Incineroar|Incineroar, L50, M|60/100\n|-ability|p1a: Incineroar|Intimidate|boost\n|-unboost|p2a: Archaludon|atk|1\n|-fail|p2b: Gallade|unboost|Attack|[from] ability: Inner Focus|[of] p2b: Gallade\n|turn|5\n|\n|t:|1776685176\n|move|p1a: Incineroar|Fake Out|p2b: Gallade\n|-damage|p2b: Gallade|23/100\n|move|p1b: Ninetales|Moonblast|p2b: Gallade\n|-supereffective|p2b: Gallade|1\n|-damage|p2b: Gallade|0 fnt\n|faint|p2b: Gallade\n|move|p2a: Archaludon|Electro Shot|p1b: Ninetales|[from] lockedmove\n|-damage|p1b: Ninetales|15/100\n|\n|-weather|Snowscape|[upkeep]\n|-heal|p1a: Incineroar|66/100|[from] item: Leftovers\n|-start|p2a: Archaludon|perish0\n|upkeep\n|faint|p2a: Archaludon\n|-message|PotbellyDemon forfeited.\n|\n|win|maxvw\n",
  "uploadtime": 1776684966,
  "views": 9,
  "formatid": "gen9championsvgc2026regma",
  "rating": null,
  "private": 0,
  "password": null
}