{
  "id": "gen9championsvgc2026regma-2580688019",
  "format": "[Gen 9 Champions] VGC 2026 Reg M-A",
  "players": [
    "WhiteBoySharia",
    "Unaii11"
  ],
  "log": "|j|\u2606WhiteBoySharia\n|j|\u2606Unaii11\n|t:|1775924362\n|gametype|doubles\n|player|p1|WhiteBoySharia|kieran|1127\n|player|p2|Unaii11|169|1100\n|gen|9\n|tier|[Gen 9 Champions] VGC 2026 Reg M-A\n|rated|\n|rule|Species Clause: Limit one of each Pok\u00e9mon\n|rule|Item Clause: Limit 1 of each item\n|clearpoke\n|poke|p1|Incineroar, L50, M|\n|poke|p1|Charizard, L50, M|\n|poke|p1|Venusaur, L50, F|\n|poke|p1|Whimsicott, L50, F|\n|poke|p1|Archaludon, L50, M|\n|poke|p1|Garchomp, L50, F|\n|poke|p2|Charizard, L50, F|\n|poke|p2|Maushold-Four, L50|\n|poke|p2|Sneasler, L50, F|\n|poke|p2|Dragapult, L50, F|\n|poke|p2|Kingambit, L50, M|\n|poke|p2|Garchomp, L50, M|\n|teampreview|4\n|inactive|Battle timer is ON: inactive players will automatically lose when time's up. (requested by WhiteBoySharia)\n|inactive|WhiteBoySharia has 60 seconds left.\n|\n|t:|1775924410\n|teamsize|p1|4\n|teamsize|p2|4\n|start\n|switch|p1a: Charizard|Charizard, L50, M|100/100\n|switch|p1b: Venusaur|Venusaur, L50, F|100/100\n|switch|p2a: Maushold|Maushold-Four, L50, shiny|100/100\n|switch|p2b: Kingambit|Kingambit, L50, M|100/100\n|turn|1\n|inactive|Unaii11 has 30 seconds left.\n|inactive|Unaii11 has 20 seconds left.\n|inactive|Unaii11 has 15 seconds left.\n|\n|t:|1775924455\n|detailschange|p1a: Charizard|Charizard-Mega-Y, L50, M\n|-mega|p1a: Charizard|Charizard|Charizardite Y\n|-weather|SunnyDay|[from] ability: Drought|[of] p1a: Charizard\n|move|p2a: Maushold|Follow Me|p2a: Maushold\n|-singleturn|p2a: Maushold|move: Follow Me\n|move|p1b: Venusaur|Sleep Powder|p2a: Maushold\n|-status|p2a: Maushold|slp|[from] move: Sleep Powder\n|move|p1a: Charizard|Heat Wave|p2b: Kingambit|[spread] p2a,p2b\n|-supereffective|p2b: Kingambit|1\n|-damage|p2a: Maushold|21/100 slp\n|-damage|p2b: Kingambit|10/100\n|move|p2b: Kingambit|Kowtow Cleave|p1b: Venusaur\n|-damage|p1b: Venusaur|24/100\n|\n|-weather|SunnyDay|[upkeep]\n|upkeep\n|turn|2\n|\n|t:|1775924479\n|switch|p1b: Whimsicott|Whimsicott, L50, F, shiny|100/100\n|move|p2b: Kingambit|Sucker Punch|p1a: Charizard\n|-damage|p1a: Charizard|33/100\n|cant|p2a: Maushold|slp\n|move|p1a: Charizard|Heat Wave|p2b: Kingambit|[spread] p2a,p2b\n|-supereffective|p2b: Kingambit|1\n|-damage|p2a: Maushold|0 fnt\n|-damage|p2b: Kingambit|0 fnt\n|faint|p2a: Maushold\n|faint|p2b: Kingambit\n|\n|-weather|SunnyDay|[upkeep]\n|upkeep\n|\n|t:|1775924489\n|switch|p2a: Sneasler|Sneasler, L50, F, shiny|100/100\n|switch|p2b: Dragapult|Dragapult, L50, F|100/100\n|turn|3\n|inactive|Unaii11 has 30 seconds left.\n|\n|t:|1775924522\n|move|p1a: Charizard|Protect|p1a: Charizard\n|-singleturn|p1a: Charizard|Protect\n|move|p2a: Sneasler|Fake Out|p1b: Whimsicott\n|-crit|p1b: Whimsicott\n|-damage|p1b: Whimsicott|75/100\n|cant|p1b: Whimsicott|flinch\n|move|p2b: Dragapult|Draco Meteor|p1a: Charizard\n|-activate|p1a: Charizard|move: Protect\n|\n|-weather|SunnyDay|[upkeep]\n|upkeep\n|turn|4\n|inactive|WhiteBoySharia has 30 seconds left.\n|\n|t:|1775924550\n|move|p1b: Whimsicott|Encore|p2a: Sneasler\n|-start|p2a: Sneasler|Encore\n|move|p2a: Sneasler|Fake Out||[still]\n|-hint|Fake Out only works on your first turn out.\n|-fail|p2a: Sneasler\n|move|p2b: Dragapult|Draco Meteor|p1a: Charizard\n|-damage|p1a: Charizard|0 fnt\n|-unboost|p2b: Dragapult|spa|2\n|faint|p1a: Charizard\n|\n|-weather|SunnyDay|[upkeep]\n|upkeep\n|\n|t:|1775924562\n|switch|p1a: Venusaur|Venusaur, L50, F|24/100\n|turn|5\n|\n|t:|1775924582\n|move|p1a: Venusaur|Sleep Powder|p2b: Dragapult\n|-status|p2b: Dragapult|slp|[from] move: Sleep Powder\n|-enditem|p2b: Dragapult|Lum Berry|[eat]\n|-curestatus|p2b: Dragapult|slp|[msg]\n|move|p2b: Dragapult|Psychic Fangs|p1a: Venusaur\n|-supereffective|p1a: Venusaur|1\n|-damage|p1a: Venusaur|0 fnt\n|faint|p1a: Venusaur\n|-activate|p2a: Sneasler|move: Struggle\n|move|p2a: Sneasler|Struggle|p1b: Whimsicott\n|-damage|p1b: Whimsicott|56/100\n|-damage|p2a: Sneasler|76/100|[from] recoil\n|move|p1b: Whimsicott|Moonblast|p2a: Sneasler\n|-damage|p2a: Sneasler|37/100\n|\n|-weather|none\n|upkeep\n|\n|t:|1775924599\n|switch|p1a: Incineroar|Incineroar, L50, M|100/100\n|-ability|p1a: Incineroar|Intimidate|boost\n|-unboost|p2a: Sneasler|atk|1\n|-fail|p2b: Dragapult|unboost|[from] ability: Clear Body|[of] p2b: Dragapult\n|turn|6\n|inactive|Unaii11 has 30 seconds left.\n|\n|t:|1775924634\n|move|p2b: Dragapult|Psychic Fangs|p1b: Whimsicott\n|-damage|p1b: Whimsicott|33/100\n|-activate|p2a: Sneasler|move: Struggle\n|move|p2a: Sneasler|Struggle|p1a: Incineroar\n|-damage|p1a: Incineroar|89/100\n|-damage|p2a: Sneasler|13/100|[from] recoil\n|move|p1b: Whimsicott|Moonblast|p2b: Dragapult\n|-supereffective|p2b: Dragapult|1\n|-damage|p2b: Dragapult|23/100\n|move|p1a: Incineroar|Flare Blitz|p2a: Sneasler\n|-damage|p2a: Sneasler|0 fnt\n|faint|p2a: Sneasler\n|-damage|p1a: Incineroar|86/100|[from] Recoil\n|\n|upkeep\n|turn|7\n|-message|Unaii11 forfeited.\n|\n|win|WhiteBoySharia\n|raw|WhiteBoySharia's rating: 1127 &rarr; <strong>1150</strong><br />(+23 for winning)\n|raw|Unaii11's rating: 1100 &rarr; <strong>1077</strong><br />(-23 for losing)\n|l|\u2606Unaii11\n|player|p2|\n",
  "uploadtime": 1775924662,
  "views": 13,
  "formatid": "gen9championsvgc2026regma",
  "rating": 1077,
  "private": 0,
  "password": null
}