{
  "id": "gen9championsvgc2026regma-2582926562",
  "format": "[Gen 9 Champions] VGC 2026 Reg M-A",
  "players": [
    "cactusdestroyer",
    "KilamanolaVGC"
  ],
  "log": "|j|\u2606cactusdestroyer\n|j|\u203dKilamanolaVGC\n|t:|1776125629\n|gametype|doubles\n|player|p1|cactusdestroyer|170|1322\n|player|p2|KilamanolaVGC|benga|1322\n|gen|9\n|tier|[Gen 9 Champions] VGC 2026 Reg M-A\n|rated|\n|rule|Species Clause: Limit one of each Pok\u00e9mon\n|rule|Item Clause: Limit 1 of each item\n|clearpoke\n|poke|p1|Hydreigon, L50, F|\n|poke|p1|Pelipper, L50, M|\n|poke|p1|Archaludon, L50, M|\n|poke|p1|Basculegion, L50, M|\n|poke|p1|Liepard, L50, M|\n|poke|p1|Blastoise, L50, M|\n|poke|p2|Floette-Eternal, L50, F|\n|poke|p2|Garchomp, L50, M|\n|poke|p2|Aerodactyl, L50, M|\n|poke|p2|Kingambit, L50, F|\n|poke|p2|Basculegion, L50, M|\n|poke|p2|Sneasler, L50, M|\n|teampreview|4\n|inactive|Battle timer is ON: inactive players will automatically lose when time's up. (requested by KilamanolaVGC)\nKilamanolaVGC has agreed to open team sheets.\n|inactive|cactusdestroyer has 60 seconds left.\n|inactive|KilamanolaVGC has 60 seconds left.\n|inactive|cactusdestroyer has 30 seconds left.\n|\n|t:|1776125690\n|teamsize|p1|4\n|teamsize|p2|4\n|start\n|switch|p1a: Pelipper|Pelipper, L50, M|100/100\n|switch|p1b: Basculegion|Basculegion, L50, M|100/100\n|switch|p2a: Garchomp|Garchomp, L50, M, shiny|100/100\n|switch|p2b: Aerodactyl|Aerodactyl, L50, M|100/100\n|-ability|p2b: Aerodactyl|Unnerve\n|-weather|RainDance|[from] ability: Drizzle|[of] p1a: Pelipper\n|turn|1\n|inactive|cactusdestroyer has 30 seconds left.\n|\n|t:|1776125716\n|move|p1b: Basculegion|Aqua Jet|p2b: Aerodactyl\n|-supereffective|p2b: Aerodactyl|1\n|-enditem|p2b: Aerodactyl|Focus Sash\n|-damage|p2b: Aerodactyl|1/100\n|move|p2b: Aerodactyl|Tailwind|p2b: Aerodactyl\n|-sidestart|p2: KilamanolaVGC|move: Tailwind\n|move|p2a: Garchomp|Rock Slide|p1b: Basculegion|[spread] p1a,p1b\n|-supereffective|p1a: Pelipper|1\n|-damage|p1a: Pelipper|54/100\n|-damage|p1b: Basculegion|76/100\n|move|p1a: Pelipper|Tailwind|p1a: Pelipper\n|-sidestart|p1: cactusdestroyer|move: Tailwind\n|\n|-weather|RainDance|[upkeep]\n|upkeep\n|turn|2\n|inactive|cactusdestroyer has 30 seconds left.\n|\n|t:|1776125743\n|switch|p1b: Blastoise|Blastoise, L50, M|100/100\n|switch|p1a: Archaludon|Archaludon, L50, M|100/100\n|move|p2b: Aerodactyl|Protect|p2b: Aerodactyl\n|-singleturn|p2b: Aerodactyl|Protect\n|move|p2a: Garchomp|Rock Slide|p1b: Blastoise|[spread] p1a,p1b\n|-resisted|p1a: Archaludon|1\n|-damage|p1a: Archaludon|93/100\n|-damage|p1b: Blastoise|80/100\n|-ability|p1a: Archaludon|Stamina|boost\n|-boost|p1a: Archaludon|def|1\n|\n|-weather|RainDance|[upkeep]\n|-heal|p1b: Blastoise|86/100|[from] ability: Rain Dish\n|upkeep\n|turn|3\n|\n|t:|1776125764\n|move|p1b: Blastoise|Protect|p1b: Blastoise\n|-singleturn|p1b: Blastoise|Protect\n|move|p2b: Aerodactyl|Dual Wingbeat|p1b: Blastoise\n|-activate|p1b: Blastoise|move: Protect\n|move|p2a: Garchomp|Earthquake|p1a: Archaludon|[spread] p1a\n|-activate|p1b: Blastoise|move: Protect\n|-immune|p2b: Aerodactyl\n|-supereffective|p1a: Archaludon|1\n|-damage|p1a: Archaludon|54/100\n|-ability|p1a: Archaludon|Stamina|boost\n|-boost|p1a: Archaludon|def|1\n|move|p1a: Archaludon|Electro Shot||[still]\n|-prepare|p1a: Archaludon|Electro Shot\n|-boost|p1a: Archaludon|spa|1\n|-anim|p1a: Archaludon|Electro Shot|p2b: Aerodactyl\n|-supereffective|p2b: Aerodactyl|1\n|-crit|p2b: Aerodactyl\n|-damage|p2b: Aerodactyl|0 fnt\n|faint|p2b: Aerodactyl\n|\n|-weather|RainDance|[upkeep]\n|-heal|p1b: Blastoise|92/100|[from] ability: Rain Dish\n|upkeep\n|\n|t:|1776125779\n|switch|p2b: Floette|Floette-Eternal, L50, F|100/100\n|turn|4\n|inactive|cactusdestroyer has 30 seconds left.\n|\n|t:|1776125805\n|detailschange|p2b: Floette|Floette-Mega, L50, F\n|-mega|p2b: Floette|Floette|Floettite\n|-ability|p2b: Floette|Fairy Aura\n|detailschange|p1b: Blastoise|Blastoise-Mega, L50, M\n|-mega|p1b: Blastoise|Blastoise|Blastoisinite\n|move|p2a: Garchomp|Dragon Claw|p1b: Blastoise\n|-damage|p1b: Blastoise|52/100\n|move|p2b: Floette|Moonblast|p1a: Archaludon\n|-damage|p1a: Archaludon|0 fnt\n|faint|p1a: Archaludon\n|move|p1b: Blastoise|Water Spout|p2a: Garchomp|[spread] p2a,p2b\n|-damage|p2a: Garchomp|40/100\n|-damage|p2b: Floette|59/100\n|\n|-weather|RainDance|[upkeep]\n|-sideend|p1: cactusdestroyer|move: Tailwind\n|-sideend|p2: KilamanolaVGC|move: Tailwind\n|upkeep\n|\n|t:|1776125817\n|switch|p1a: Basculegion|Basculegion, L50, M|76/100\n|turn|5\n|\n|t:|1776125840\n|move|p2b: Floette|Protect|p2b: Floette\n|-singleturn|p2b: Floette|Protect\n|move|p1a: Basculegion|Last Respects|p2b: Floette\n|-activate|p2b: Floette|move: Protect\n|move|p2a: Garchomp|Earthquake|p1a: Basculegion|[spread] p1a,p1b\n|-activate|p2b: Floette|move: Protect\n|-damage|p1a: Basculegion|29/100\n|-damage|p1b: Blastoise|16/100\n|move|p1b: Blastoise|Shell Smash|p1b: Blastoise\n|-unboost|p1b: Blastoise|def|1\n|-unboost|p1b: Blastoise|spd|1\n|-boost|p1b: Blastoise|atk|2\n|-boost|p1b: Blastoise|spa|2\n|-boost|p1b: Blastoise|spe|2\n|\n|-weather|none\n|upkeep\n|turn|6\n|\n|t:|1776125857\n|switch|p2b: Basculegion|Basculegion, L50, M|100/100\n|move|p1b: Blastoise|Aura Sphere|p2a: Garchomp\n|-damage|p2a: Garchomp|0 fnt\n|faint|p2a: Garchomp\n|move|p1a: Basculegion|Last Respects|p2b: Basculegion\n|-supereffective|p2b: Basculegion|1\n|-damage|p2b: Basculegion|0 fnt\n|faint|p2b: Basculegion\n|\n|upkeep\n|-message|KilamanolaVGC forfeited.\n|\n|win|cactusdestroyer\n|raw|cactusdestroyer's rating: 1322 &rarr; <strong>1342</strong><br />(+20 for winning)\n|raw|KilamanolaVGC's rating: 1322 &rarr; <strong>1302</strong><br />(-20 for losing)\n|l|\u203dKilamanolaVGC\n|player|p2|\n|l|\u2606cactusdestroyer\n|player|p1|\n",
  "uploadtime": 1776125897,
  "views": 30,
  "formatid": "gen9championsvgc2026regma",
  "rating": 1302,
  "private": 0,
  "password": null
}