{
  "id": "gen9championsvgc2026regma-2586692567",
  "format": "[Gen 9 Champions] VGC 2026 Reg M-A",
  "players": [
    "kaminjaw",
    "ShuckleDOW"
  ],
  "log": "|j|\u2606kaminjaw\n|j|\u2606ShuckleDOW\n|inactive|Battle timer is ON: inactive players will automatically lose when time's up.\n|html|<table width=\"100%\"><tr><td align=\"left\">kaminjaw</td><td align=\"right\">ShuckleDOW</tr><tr><td align=\"left\"><i class=\"fa fa-circle\"></i> <i class=\"fa fa-circle-o\"></i> </td><td align=\"right\"><i class=\"fa fa-circle-o\"></i> <i class=\"fa fa-circle-o\"></i> </tr></table>\n|uhtml|bestof|<h2><strong>Game 2</strong> of <a href=\"/game-bestof3-gen9championsvgc2026regma-2586687799\">a best-of-3</a></h2>\n|t:|1776452617\n|gametype|doubles\n|player|p1|kaminjaw|1|\n|player|p2|ShuckleDOW|brock|\n|gen|9\n|tier|[Gen 9 Champions] VGC 2026 Reg M-A\n|rated|Tournament battle\n|rule|Species Clause: Limit one of each Pok\u00e9mon\n|rule|Item Clause: Limit 1 of each item\n|raw|<div class=\"infobox\"><details class=\"readmore\" open><summary><strong>1 custom rule:</strong></summary> bestof = 3</details></div>\n|clearpoke\n|poke|p1|Aerodactyl, L50, M|\n|poke|p1|Garchomp, L50, M|\n|poke|p1|Orthworm, L50, M|\n|poke|p1|Blastoise, L50, M|\n|poke|p1|Delphox, L50, F|\n|poke|p1|Cofagrigus, L50, F|\n|poke|p2|Kangaskhan, L50, F|\n|poke|p2|Incineroar, L50, M|\n|poke|p2|Whimsicott, L50, F|\n|poke|p2|Kleavor, L50, M|\n|poke|p2|Dragapult, L50, M|\n|poke|p2|Skeledirge, L50, F|\n|teampreview|4\nShuckleDOW rejected open team sheets.\nkaminjaw rejected open team sheets.\n|j|%LeftoHotdo\n|inactive|kaminjaw has 60 seconds left.\n|\n|t:|1776452655\n|teamsize|p1|4\n|teamsize|p2|4\n|start\n|switch|p1a: Cofagrigus|Cofagrigus, L50, F|100/100\n|switch|p1b: Delphox|Delphox, L50, F|100/100\n|switch|p2a: Whimsicott|Whimsicott, L50, F|100/100\n|switch|p2b: Incineroar|Incineroar, L50, M|100/100\n|-ability|p2b: Incineroar|Intimidate|boost\n|-unboost|p1a: Cofagrigus|atk|1\n|-unboost|p1b: Delphox|atk|1\n|turn|1\n|inactive|kaminjaw has 30 seconds left.\n|inactive|kaminjaw has 20 seconds left.\n|\n|t:|1776452696\n|detailschange|p1b: Delphox|Delphox-Mega, L50, F\n|-mega|p1b: Delphox|Delphox|Delphoxite\n|move|p1b: Delphox|Protect|p1b: Delphox\n|-singleturn|p1b: Delphox|Protect\n|move|p2b: Incineroar|Fake Out|p1b: Delphox\n|-activate|p1b: Delphox|move: Protect\n|move|p2a: Whimsicott|Tailwind|p2a: Whimsicott\n|-sidestart|p2: ShuckleDOW|move: Tailwind\n|move|p1a: Cofagrigus|Will-O-Wisp|p2a: Whimsicott|[miss]\n|-miss|p1a: Cofagrigus|p2a: Whimsicott\n|\n|upkeep\n|turn|2\n|inactive|kaminjaw has 30 seconds left.\n|inactive|ShuckleDOW has 30 seconds left.\n|\n|t:|1776452725\n|switch|p1b: Garchomp|Garchomp, L50, M|100/100\n|move|p2a: Whimsicott|Taunt|p1a: Cofagrigus\n|-start|p1a: Cofagrigus|move: Taunt\n|move|p2b: Incineroar|Darkest Lariat|p1a: Cofagrigus\n|-supereffective|p1a: Cofagrigus|1\n|-enditem|p1a: Cofagrigus|Colbur Berry|[eat]\n|-enditem|p1a: Cofagrigus|Colbur Berry|[weaken]\n|-damage|p1a: Cofagrigus|64/100\n|-activate|p1a: Cofagrigus|ability: Mummy|p2b: Incineroar|[ability] Intimidate\n|move|p1a: Cofagrigus|Night Shade|p2a: Whimsicott\n|-damage|p2a: Whimsicott|64/100\n|\n|upkeep\n|turn|3\n|j|@ComputerWhiz\n|inactive|kaminjaw has 30 seconds left.\n|\n|t:|1776452753\n|switch|p1a: Orthworm|Orthworm, L50, M|100/100\n|move|p2a: Whimsicott|Moonblast|p1b: Garchomp\n|-supereffective|p1b: Garchomp|1\n|-damage|p1b: Garchomp|17/100\n|-unboost|p1b: Garchomp|spa|1\n|move|p1b: Garchomp|Earthquake|p2a: Whimsicott|[spread] p2a,p2b\n|-immune|p1a: Orthworm|[from] ability: Earth Eater\n|-resisted|p2a: Whimsicott|1\n|-supereffective|p2b: Incineroar|1\n|-damage|p2a: Whimsicott|33/100\n|-damage|p2b: Incineroar|31/100\n|move|p2b: Incineroar|Parting Shot|p1b: Garchomp\n|-unboost|p1b: Garchomp|atk|1\n|-unboost|p1b: Garchomp|spa|1\n|\n|t:|1776452769\n|switch|p2b: Kangaskhan|Kangaskhan, L50, F|100/100|[from] Parting Shot\n|\n|upkeep\n|turn|4\n|\n|t:|1776452792\n|switch|p1b: Cofagrigus|Cofagrigus, L50, F|64/100\n|move|p2b: Kangaskhan|Fake Out|p1a: Orthworm\n|-resisted|p1a: Orthworm|1\n|-damage|p1a: Orthworm|94/100\n|move|p2a: Whimsicott|Moonblast|p1b: Cofagrigus\n|-damage|p1b: Cofagrigus|27/100\n|cant|p1a: Orthworm|flinch\n|\n|-sideend|p2: ShuckleDOW|move: Tailwind\n|upkeep\n|turn|5\n|inactive|kaminjaw has 30 seconds left.\n|inactive|ShuckleDOW has 30 seconds left.\n|\n|t:|1776452825\n|detailschange|p2b: Kangaskhan|Kangaskhan-Mega, L50, F\n|-mega|p2b: Kangaskhan|Kangaskhan|Kangaskhanite\n|move|p2a: Whimsicott|Moonblast|p1b: Cofagrigus\n|-damage|p1b: Cofagrigus|0 fnt\n|faint|p1b: Cofagrigus\n|move|p1a: Orthworm|Body Press|p2b: Kangaskhan\n|-supereffective|p2b: Kangaskhan|1\n|-damage|p2b: Kangaskhan|55/100\n|move|p2b: Kangaskhan|Circle Throw|p1a: Orthworm\n|-supereffective|p1a: Orthworm|1\n|-damage|p1a: Orthworm|61/100\n|-supereffective|p1a: Orthworm|1\n|-damage|p1a: Orthworm|53/100\n|-hitcount|p1a: Orthworm|2\n|drag|p1a: Garchomp|Garchomp, L50, M|17/100\n|\n|upkeep\n|\n|t:|1776452838\n|switch|p1b: Delphox|Delphox-Mega, L50, F|100/100\n|turn|6\n|\n|t:|1776452858\n|switch|p1b: Orthworm|Orthworm, L50, M|53/100\n|move|p2b: Kangaskhan|Sucker Punch||[still]\n|-fail|p2b: Kangaskhan\n|move|p1a: Garchomp|Earthquake|p2b: Kangaskhan|[spread] p2a,p2b\n|-heal|p1b: Orthworm|78/100|[from] ability: Earth Eater|[of] p1a: Garchomp\n|-resisted|p2a: Whimsicott|1\n|-damage|p2a: Whimsicott|6/100\n|-damage|p2b: Kangaskhan|25/100\n|move|p2a: Whimsicott|Moonblast|p1a: Garchomp\n|-supereffective|p1a: Garchomp|1\n|-damage|p1a: Garchomp|0 fnt\n|faint|p1a: Garchomp\n|\n|upkeep\n|\n|t:|1776452871\n|switch|p1a: Delphox|Delphox-Mega, L50, F|100/100\n|turn|7\n|\n|t:|1776452895\n|move|p1b: Orthworm|Protect|p1b: Orthworm\n|-singleturn|p1b: Orthworm|Protect\n|move|p2a: Whimsicott|Switcheroo|p1b: Orthworm\n|-activate|p1b: Orthworm|move: Protect\n|move|p1a: Delphox|Heat Wave|p2a: Whimsicott|[spread] p2a,p2b\n|-supereffective|p2a: Whimsicott|1\n|-damage|p2a: Whimsicott|0 fnt\n|-damage|p2b: Kangaskhan|0 fnt\n|faint|p2a: Whimsicott\n|faint|p2b: Kangaskhan\n|\n|upkeep\n|\n|t:|1776452905\n|switch|p2a: Dragapult|Dragapult, L50, M|100/100\n|switch|p2b: Incineroar|Incineroar, L50, M|31/100\n|-ability|p2b: Incineroar|Intimidate|boost\n|-unboost|p1a: Delphox|atk|1\n|-unboost|p1b: Orthworm|atk|1\n|turn|8\n|\n|t:|1776452923\n|move|p1a: Delphox|Protect|p1a: Delphox\n|-singleturn|p1a: Delphox|Protect\n|move|p2b: Incineroar|Fake Out|p1a: Delphox\n|-activate|p1a: Delphox|move: Protect\n|move|p2a: Dragapult|Flamethrower|p1b: Orthworm\n|-supereffective|p1b: Orthworm|1\n|-enditem|p1b: Orthworm|Occa Berry|[eat]\n|-enditem|p1b: Orthworm|Occa Berry|[weaken]\n|-damage|p1b: Orthworm|49/100\n|move|p1b: Orthworm|Body Press|p2b: Incineroar\n|-supereffective|p2b: Incineroar|1\n|-damage|p2b: Incineroar|0 fnt\n|faint|p2b: Incineroar\n|\n|upkeep\n|turn|9\n|\n|t:|1776452943\n|move|p2a: Dragapult|Shadow Ball|p1a: Delphox\n|-supereffective|p1a: Delphox|1\n|-damage|p1a: Delphox|28/100\n|move|p1a: Delphox|Shadow Ball|p2a: Dragapult\n|-supereffective|p2a: Dragapult|1\n|-damage|p2a: Dragapult|5/100\n|move|p1b: Orthworm|Heavy Slam|p2a: Dragapult\n|-damage|p2a: Dragapult|0 fnt\n|faint|p2a: Dragapult\n|\n|win|kaminjaw\n|c|\u2606ShuckleDOW|ggs\n|l|+ComputerWhiz\n|c|\u2606kaminjaw|ggs\n",
  "uploadtime": 1776452958,
  "views": 28,
  "formatid": "gen9championsvgc2026regma",
  "rating": null,
  "private": 0,
  "password": null
}