{
  "id": "gen9championsvgc2026regma-2583769034",
  "format": "[Gen 9 Champions] VGC 2026 Reg M-A",
  "players": [
    "BonkandGleepus",
    "cheesykyu"
  ],
  "log": "|j|\u2606BonkandGleepus\n|j|\u2606cheesykyu\n|t:|1776196450\n|gametype|doubles\n|player|p1|BonkandGleepus|dawn|1101\n|player|p2|cheesykyu|1|1148\n|gen|9\n|tier|[Gen 9 Champions] VGC 2026 Reg M-A\n|rated|\n|rule|Species Clause: Limit one of each Pok\u00e9mon\n|rule|Item Clause: Limit 1 of each item\n|clearpoke\n|poke|p1|Lopunny, L50, F|\n|poke|p1|Sneasler, L50, F|\n|poke|p1|Kingambit, L50, M|\n|poke|p1|Rotom-Wash, L50|\n|poke|p1|Aerodactyl, L50, F|\n|poke|p1|Zoroark-Hisui, L50, F|\n|poke|p2|Gengar, L50, M|\n|poke|p2|Incineroar, L50, M|\n|poke|p2|Politoed, L50, M|\n|poke|p2|Sinistcha, L50|\n|poke|p2|Rotom-Wash, L50|\n|poke|p2|Sneasler, L50, F|\n|teampreview|4\n|inactive|Battle timer is ON: inactive players will automatically lose when time's up. (requested by cheesykyu)\n|\n|t:|1776196485\n|teamsize|p1|4\n|teamsize|p2|4\n|start\n|switch|p1a: Kingambit|Kingambit, L50, M|100/100\n|switch|p1b: Rotom|Rotom-Wash, L50|100/100\n|switch|p2a: Gengar|Gengar, L50, M|100/100\n|switch|p2b: Sneasler|Sneasler, L50, F|100/100\n|turn|1\n|inactive|BonkandGleepus has 30 seconds left.\n|inactive|BonkandGleepus has 20 seconds left.\n|inactive|BonkandGleepus has 15 seconds left.\n|\n|t:|1776196528\n|detailschange|p2a: Gengar|Gengar-Mega, L50, M\n|-mega|p2a: Gengar|Gengar|Gengarite\n|move|p2b: Sneasler|Fake Out|p1a: Kingambit\n|-immune|p1a: Kingambit\n|move|p1b: Rotom|Trick|p2b: Sneasler\n|-activate|p1b: Rotom|move: Trick|[of] p2b: Sneasler\n|-item|p2b: Sneasler|Choice Scarf|[from] move: Trick\n|-item|p1b: Rotom|Focus Sash|[from] move: Trick\n|move|p2a: Gengar|Perish Song|p2a: Gengar\n|-start|p1a: Kingambit|perish3|[silent]\n|-start|p1b: Rotom|perish3|[silent]\n|-start|p2a: Gengar|perish3|[silent]\n|-start|p2b: Sneasler|perish3|[silent]\n|-fieldactivate|move: Perish Song\n|move|p1a: Kingambit|Bitter Malice|p2a: Gengar\n|-supereffective|p2a: Gengar|1\n|-damage|p2a: Gengar|13/100\n|-unboost|p2a: Gengar|atk|1\n|\n|-start|p2b: Sneasler|perish3\n|-start|p2a: Gengar|perish3\n|-start|p1a: Kingambit|perish3\n|-start|p1b: Rotom|perish3\n|upkeep\n|turn|2\n|inactive|BonkandGleepus has 30 seconds left.\n|inactive|cheesykyu has 30 seconds left.\n|inactive|cheesykyu has 20 seconds left.\n|\n|t:|1776196566\n|switch|p2b: Sinistcha|Sinistcha, L50|100/100\n|-heal|p2a: Gengar|38/100|[from] ability: Hospitality|[of] p2b: Sinistcha\n|move|p2a: Gengar|Protect|p2a: Gengar\n|-singleturn|p2a: Gengar|Protect\n|move|p1a: Kingambit|Hyper Voice|p2a: Gengar|[spread] \n|-activate|p2a: Gengar|move: Protect\n|-immune|p2b: Sinistcha\n|move|p1b: Rotom|Volt Switch|p2b: Sinistcha\n|-resisted|p2b: Sinistcha|1\n|-damage|p2b: Sinistcha|86/100\n|\n|t:|1776196584\n|switch|p1b: Kingambit|Kingambit, L50, M|100/100|[from] Volt Switch\n|\n|-start|p2a: Gengar|perish2\n|-start|p1a: Kingambit|perish2\n|upkeep\n|turn|3\n|\n|t:|1776196601\n|move|p2b: Sinistcha|Rage Powder|p2b: Sinistcha\n|-singleturn|p2b: Sinistcha|move: Rage Powder\n|move|p2a: Gengar|Perish Song|p2a: Gengar\n|-start|p1b: Kingambit|perish3|[silent]\n|-start|p2b: Sinistcha|perish3|[silent]\n|-fieldactivate|move: Perish Song\n|move|p1a: Kingambit|Taunt|p2b: Sinistcha\n|-start|p2b: Sinistcha|move: Taunt\n|move|p1b: Kingambit|Kowtow Cleave|p2b: Sinistcha\n|-supereffective|p2b: Sinistcha|1\n|-crit|p2b: Sinistcha\n|-damage|p2b: Sinistcha|0 fnt\n|faint|p2b: Sinistcha\n|\n|-start|p2a: Gengar|perish1\n|-start|p1a: Kingambit|perish1\n|-start|p1b: Kingambit|perish3\n|upkeep\n|\n|t:|1776196619\n|switch|p2b: Sneasler|Sneasler, L50, F|100/100\n|turn|4\n|\n|t:|1776196632\n|switch|p2a: Incineroar|Incineroar, L50, M|100/100\n|-ability|p2a: Incineroar|Intimidate|boost\n|-unboost|p1a: Kingambit|atk|1\n|-unboost|p1b: Kingambit|atk|1\n|-ability|p1b: Kingambit|Defiant|boost\n|-boost|p1b: Kingambit|atk|2\n|switch|p1a: Rotom|Rotom-Wash, L50|100/100\n|move|p2b: Sneasler|Fake Out|p1b: Kingambit\n|-resisted|p1b: Kingambit|1\n|-damage|p1b: Kingambit|95/100\n|cant|p1b: Kingambit|flinch\n|\n|-start|p1b: Kingambit|perish2\n|upkeep\n|turn|5\n|inactive|BonkandGleepus has 30 seconds left.\n|inactive|cheesykyu has 30 seconds left.\n|inactive|cheesykyu has 20 seconds left.\n|\n|t:|1776196669\n|switch|p2b: Gengar|Gengar-Mega, L50, M|38/100\n|move|p2a: Incineroar|Fake Out|p1b: Kingambit\n|-resisted|p1b: Kingambit|1\n|-damage|p1b: Kingambit|91/100\n|move|p1a: Rotom|Volt Switch|p2b: Gengar\n|-damage|p2b: Gengar|3/100\n|\n|t:|1776196677\n|switch|p1a: Lopunny|Lopunny, L50, F|100/100|[from] Volt Switch\n|cant|p1b: Kingambit|flinch\n|\n|-start|p1b: Kingambit|perish1\n|upkeep\n|turn|6\n|\n|t:|1776196695\n|detailschange|p1a: Lopunny|Lopunny-Mega, L50, F\n|-mega|p1a: Lopunny|Lopunny|Lopunnite\n|move|p2b: Gengar|Protect|p2b: Gengar\n|-singleturn|p2b: Gengar|Protect\n|move|p2a: Incineroar|Protect|p2a: Incineroar\n|-singleturn|p2a: Incineroar|Protect\n|move|p1a: Lopunny|Fake Out|p2b: Gengar\n|-activate|p2b: Gengar|move: Protect\n|move|p1b: Kingambit|Low Kick|p2a: Incineroar\n|-activate|p2a: Incineroar|move: Protect\n|\n|-start|p1b: Kingambit|perish0\n|faint|p1b: Kingambit\n|upkeep\n|\n|t:|1776196701\n|switch|p1b: Rotom|Rotom-Wash, L50|100/100\n|turn|7\n|\n|t:|1776196718\n|switch|p2b: Sneasler|Sneasler, L50, F|100/100\n|move|p1a: Lopunny|Close Combat|p2a: Incineroar\n|-supereffective|p2a: Incineroar|1\n|-enditem|p2a: Incineroar|Chople Berry|[eat]\n|-enditem|p2a: Incineroar|Chople Berry|[weaken]\n|-damage|p2a: Incineroar|55/100\n|-unboost|p1a: Lopunny|def|1\n|-unboost|p1a: Lopunny|spd|1\n|move|p1b: Rotom|Taunt|p2b: Sneasler\n|-start|p2b: Sneasler|move: Taunt\n|move|p2a: Incineroar|Parting Shot|p1a: Lopunny\n|-unboost|p1a: Lopunny|atk|1\n|-unboost|p1a: Lopunny|spa|1\n|\n|t:|1776196731\n|switch|p2a: Gengar|Gengar-Mega, L50, M|3/100|[from] Parting Shot\n|\n|upkeep\n|turn|8\n|\n|t:|1776196750\n|move|p1a: Lopunny|Protect|p1a: Lopunny\n|-singleturn|p1a: Lopunny|Protect\n|move|p2b: Sneasler|Dire Claw|p1b: Rotom\n|-resisted|p1b: Rotom|1\n|-damage|p1b: Rotom|57/100\n|replace|p1b: Zoroark|Zoroark-Hisui, L50, F\n|-end|p1b: Zoroark|Illusion\n|move|p2a: Gengar|Perish Song|p2a: Gengar\n|-start|p1a: Lopunny|perish3|[silent]\n|-start|p1b: Zoroark|perish3|[silent]\n|-start|p2a: Gengar|perish3|[silent]\n|-start|p2b: Sneasler|perish3|[silent]\n|-fieldactivate|move: Perish Song\n|move|p1b: Zoroark|Taunt|p2a: Gengar\n|-start|p2a: Gengar|move: Taunt\n|\n|-start|p2b: Sneasler|perish3\n|-start|p1a: Lopunny|perish3\n|-start|p2a: Gengar|perish3\n|-start|p1b: Zoroark|perish3\n|upkeep\n|turn|9\n|inactive|BonkandGleepus has 30 seconds left.\n|inactive|cheesykyu has 30 seconds left.\n|inactive|BonkandGleepus has 20 seconds left.\n|inactive|BonkandGleepus has 15 seconds left.\n|\n|t:|1776196794\n|switch|p2a: Incineroar|Incineroar, L50, M|55/100\n|-ability|p2a: Incineroar|Intimidate|boost\n|-fail|p1a: Lopunny|unboost|Attack|[from] ability: Scrappy|[of] p1a: Lopunny\n|-unboost|p1b: Zoroark|atk|1\n|move|p2b: Sneasler|Dire Claw|p1a: Lopunny\n|-damage|p1a: Lopunny|23/100\n|move|p1a: Lopunny|Close Combat|p2a: Incineroar\n|-supereffective|p2a: Incineroar|1\n|-damage|p2a: Incineroar|0 fnt\n|-unboost|p1a: Lopunny|def|1\n|-unboost|p1a: Lopunny|spd|1\n|faint|p2a: Incineroar\n|move|p1b: Zoroark|Hyper Voice|p2b: Sneasler\n|-damage|p2b: Sneasler|24/100\n|\n|-end|p2b: Sneasler|move: Taunt\n|-start|p2b: Sneasler|perish2\n|-start|p1a: Lopunny|perish2\n|-start|p1b: Zoroark|perish2\n|upkeep\n|\n|t:|1776196813\n|switch|p2a: Gengar|Gengar-Mega, L50, M|3/100\n|turn|10\n|\n|t:|1776196826\n|switch|p1b: Rotom|Rotom-Wash, L50|100/100\n|move|p2a: Gengar|Protect|p2a: Gengar\n|-singleturn|p2a: Gengar|Protect\n|move|p2b: Sneasler|Dire Claw|p1b: Rotom\n|-damage|p1b: Rotom|46/100\n|move|p1a: Lopunny|Close Combat|p2a: Gengar\n|-activate|p2a: Gengar|move: Protect\n|\n|-start|p2b: Sneasler|perish1\n|-start|p1a: Lopunny|perish1\n|upkeep\n|turn|11\n|\n|t:|1776196844\n|move|p2b: Sneasler|Dire Claw|p1a: Lopunny\n|-damage|p1a: Lopunny|0 fnt\n|faint|p1a: Lopunny\n|move|p2a: Gengar|Shadow Ball|p1b: Rotom\n|-damage|p1b: Rotom|0 fnt\n|faint|p1b: Rotom\n|\n|-start|p2b: Sneasler|perish0\n|upkeep\n|faint|p2b: Sneasler\n|\n|t:|1776196855\n|switch|p1a: Zoroark|Zoroark-Hisui, L50, F|57/100\n|turn|12\n|\n|t:|1776196868\n|move|p2a: Gengar|Protect|p2a: Gengar\n|-singleturn|p2a: Gengar|Protect\n|move|p1a: Zoroark|Protect||[still]\n|-fail|p1a: Zoroark\n|\n|upkeep\n|turn|13\n|\n|t:|1776196885\n|move|p2a: Gengar|Perish Song|p2a: Gengar\n|-start|p1a: Zoroark|perish3|[silent]\n|-start|p2a: Gengar|perish3|[silent]\n|-fieldactivate|move: Perish Song\n|move|p1a: Zoroark|Bitter Malice|p2a: Gengar\n|-supereffective|p2a: Gengar|1\n|-damage|p2a: Gengar|0 fnt\n|faint|p2a: Gengar\n|\n|win|BonkandGleepus\n|raw|BonkandGleepus's rating: 1101 &rarr; <strong>1129</strong><br />(+28 for winning)\n|raw|cheesykyu's rating: 1148 &rarr; <strong>1120</strong><br />(-28 for losing)\n|l|\u2606cheesykyu\n|player|p2|\n",
  "uploadtime": 1776196907,
  "views": 28,
  "formatid": "gen9championsvgc2026regma",
  "rating": 1120,
  "private": 0,
  "password": null
}