{
  "id": "gen9championsvgc2026regma-2586239359",
  "format": "[Gen 9 Champions] VGC 2026 Reg M-A",
  "players": [
    "clodsirethebest",
    "boostedelo"
  ],
  "log": "|j|\u2606clodsirethebest\n|j|\u2606boostedelo\n|t:|1776416101\n|gametype|doubles\n|player|p1|clodsirethebest|101|1289\n|player|p2|boostedelo|elesa-gen5bw2|1307\n|gen|9\n|tier|[Gen 9 Champions] VGC 2026 Reg M-A\n|rated|\n|rule|Species Clause: Limit one of each Pok\u00e9mon\n|rule|Item Clause: Limit 1 of each item\n|clearpoke\n|poke|p1|Sinistcha, L50|\n|poke|p1|Basculegion, L50, M|\n|poke|p1|Garchomp, L50, M|\n|poke|p1|Archaludon, L50, M|\n|poke|p1|Pelipper, L50, F|\n|poke|p1|Gengar, L50, F|\n|poke|p2|Gallade, L50, M|\n|poke|p2|Incineroar, L50, M|\n|poke|p2|Sinistcha, L50|\n|poke|p2|Aegislash, L50, M|\n|poke|p2|Kingambit, L50, F|\n|poke|p2|Glimmora, L50, F|\n|teampreview|4\n|inactive|Battle timer is ON: inactive players will automatically lose when time's up. (requested by boostedelo)\n|inactive|clodsirethebest has 60 seconds left.\n|\n|t:|1776416144\n|teamsize|p1|4\n|teamsize|p2|4\n|start\n|switch|p1a: Garchomp|Garchomp, L50, M|100/100\n|switch|p1b: Gengar|Gengar, L50, F|100/100\n|switch|p2a: Sinistcha|Sinistcha, L50|100/100\n|switch|p2b: Incineroar|Incineroar, L50, M|100/100\n|-ability|p2b: Incineroar|Intimidate|boost\n|-unboost|p1a: Garchomp|atk|1\n|-unboost|p1b: Gengar|atk|1\n|-enditem|p1a: Garchomp|White Herb\n|-clearnegativeboost|p1a: Garchomp|[silent]\n|turn|1\n|\n|t:|1776416164\n|detailschange|p1b: Gengar|Gengar-Mega, L50, F\n|-mega|p1b: Gengar|Gengar|Gengarite\n|move|p1b: Gengar|Shadow Ball|p2a: Sinistcha\n|-supereffective|p2a: Sinistcha|1\n|-damage|p2a: Sinistcha|16/100\n|move|p1a: Garchomp|Stomping Tantrum|p2b: Incineroar\n|-supereffective|p2b: Incineroar|1\n|-damage|p2b: Incineroar|30/100\n|-enditem|p2b: Incineroar|Sitrus Berry|[eat]\n|-heal|p2b: Incineroar|55/100|[from] item: Sitrus Berry\n|move|p2b: Incineroar|Parting Shot|p1a: Garchomp\n|-unboost|p1a: Garchomp|atk|1\n|-unboost|p1a: Garchomp|spa|1\n|\n|t:|1776416178\n|switch|p2b: Gallade|Gallade, L50, M|100/100|[from] Parting Shot\n|move|p2a: Sinistcha|Trick Room|p2a: Sinistcha\n|-fieldstart|move: Trick Room|[of] p2a: Sinistcha\n|\n|upkeep\n|turn|2\n|inactive|clodsirethebest has 30 seconds left.\n|inactive|clodsirethebest has 20 seconds left.\n|inactive|clodsirethebest has 15 seconds left.\n|\n|t:|1776416219\n|move|p1b: Gengar|Protect|p1b: Gengar\n|-singleturn|p1b: Gengar|Protect\n|move|p2a: Sinistcha|Matcha Gotcha|p1a: Garchomp|[spread] p1a\n|-activate|p1b: Gengar|move: Protect\n|-damage|p1a: Garchomp|72/100\n|-heal|p2a: Sinistcha|31/100|[from] drain|[of] p1a: Garchomp\n|move|p2b: Gallade|Sacred Sword|p1a: Garchomp\n|-damage|p1a: Garchomp|0 fnt\n|-damage|p2b: Gallade|88/100|[from] ability: Rough Skin|[of] p1a: Garchomp\n|faint|p1a: Garchomp\n|\n|upkeep\n|\n|t:|1776416241\n|switch|p1a: Pelipper|Pelipper, L50, F|100/100\n|-weather|RainDance|[from] ability: Drizzle|[of] p1a: Pelipper\n|turn|3\n|\n|t:|1776416253\n|move|p1a: Pelipper|Protect|p1a: Pelipper\n|-singleturn|p1a: Pelipper|Protect\n|move|p1b: Gengar|Protect|p1b: Gengar\n|-singleturn|p1b: Gengar|Protect\n|move|p2a: Sinistcha|Rage Powder|p2a: Sinistcha\n|-singleturn|p2a: Sinistcha|move: Rage Powder\n|move|p2b: Gallade|Psycho Cut|p1b: Gengar\n|-activate|p1b: Gengar|move: Protect\n|\n|-weather|RainDance|[upkeep]\n|upkeep\n|turn|4\n|\n|t:|1776416270\n|switch|p1b: Archaludon|Archaludon, L50, M|100/100\n|move|p2a: Sinistcha|Rage Powder|p2a: Sinistcha\n|-singleturn|p2a: Sinistcha|move: Rage Powder\n|move|p2b: Gallade|Sacred Sword|p1b: Archaludon\n|-supereffective|p1b: Archaludon|1\n|-damage|p1b: Archaludon|0 fnt\n|faint|p1b: Archaludon\n|move|p1a: Pelipper|Hurricane|p2a: Sinistcha\n|-supereffective|p2a: Sinistcha|1\n|-damage|p2a: Sinistcha|0 fnt\n|faint|p2a: Sinistcha\n|\n|-weather|RainDance|[upkeep]\n|upkeep\n|\n|t:|1776416288\n|switch|p2a: Kingambit|Kingambit, L50, F|100/100\n|switch|p1b: Gengar|Gengar-Mega, L50, F|100/100\n|turn|5\n|\n|t:|1776416297\n|move|p1a: Pelipper|Protect|p1a: Pelipper\n|-singleturn|p1a: Pelipper|Protect\n|move|p1b: Gengar|Protect|p1b: Gengar\n|-singleturn|p1b: Gengar|Protect\n|move|p2a: Kingambit|Kowtow Cleave|p1a: Pelipper\n|-activate|p1a: Pelipper|move: Protect\n|move|p2b: Gallade|Psycho Cut|p1a: Pelipper\n|-activate|p1a: Pelipper|move: Protect\n|\n|-weather|RainDance|[upkeep]\n|-fieldend|move: Trick Room\n|upkeep\n|turn|6\n|inactive|boostedelo has 30 seconds left.\n|\n|t:|1776416324\n|move|p2a: Kingambit|Sucker Punch|p1a: Pelipper\n|-damage|p1a: Pelipper|52/100\n|move|p1b: Gengar|Shadow Ball|p2b: Gallade\n|-supereffective|p2b: Gallade|1\n|-damage|p2b: Gallade|2/100\n|move|p1a: Pelipper|Weather Ball|p2a: Kingambit\n|-damage|p2a: Kingambit|34/100\n|move|p2b: Gallade|Trick Room|p2b: Gallade\n|-fieldstart|move: Trick Room|[of] p2b: Gallade\n|\n|-weather|RainDance|[upkeep]\n|upkeep\n|turn|7\n|-message|clodsirethebest forfeited.\n|\n|win|boostedelo\n|raw|clodsirethebest's rating: 1289 &rarr; <strong>1265</strong><br />(-24 for losing)\n|raw|boostedelo's rating: 1307 &rarr; <strong>1326</strong><br />(+19 for winning)\n|l|\u2606clodsirethebest\n|player|p1|\n",
  "uploadtime": 1776416359,
  "views": 56,
  "formatid": "gen9championsvgc2026regma",
  "rating": 1265,
  "private": 0,
  "password": null
}