{
  "id": "gen9championsvgc2026regma-2584548937",
  "format": "[Gen 9 Champions] VGC 2026 Reg M-A",
  "players": [
    "my!lane",
    "CaptainSmokah"
  ],
  "log": "|j|\u2606my!lane\n|j|\u2606CaptainSmokah\n|t:|1776268065\n|gametype|doubles\n|player|p1|my!lane|roxie|1292\n|player|p2|CaptainSmokah|palmer|1295\n|gen|9\n|tier|[Gen 9 Champions] VGC 2026 Reg M-A\n|rated|\n|rule|Species Clause: Limit one of each Pok\u00e9mon\n|rule|Item Clause: Limit 1 of each item\n|clearpoke\n|poke|p1|Chandelure, L50, M|\n|poke|p1|Farigiraf, L50, F|\n|poke|p1|Empoleon, L50, M|\n|poke|p1|Vanilluxe, L50, M|\n|poke|p1|Aerodactyl, L50, F|\n|poke|p1|Decidueye-Hisui, L50, M|\n|poke|p2|Tyranitar, L50, F|\n|poke|p2|Excadrill, L50, F|\n|poke|p2|Sinistcha, L50|\n|poke|p2|Garchomp, L50, M|\n|poke|p2|Sneasler, L50, F|\n|poke|p2|Milotic, L50, M|\n|teampreview|4\n|inactive|Battle timer is ON: inactive players will automatically lose when time's up. (requested by my!lane)\n|inactive|my!lane has 60 seconds left.\n|\n|t:|1776268104\n|teamsize|p1|4\n|teamsize|p2|4\n|start\n|switch|p1a: Farigiraf|Farigiraf, L50, F|100/100\n|switch|p1b: Legowlas|Decidueye-Hisui, L50, M, shiny|100/100\n|switch|p2a: Tyranitar|Tyranitar, L50, F|100/100\n|switch|p2b: Excadrill|Excadrill, L50, F|100/100\n|-weather|Sandstorm|[from] ability: Sand Stream|[of] p2a: Tyranitar\n|turn|1\n|\n|t:|1776268123\n|detailschange|p2a: Tyranitar|Tyranitar-Mega, L50, F\n|-mega|p2a: Tyranitar|Tyranitar|Tyranitarite\n|move|p2b: Excadrill|Iron Head|p1a: Farigiraf\n|-damage|p1a: Farigiraf|64/100\n|move|p2a: Tyranitar|Knock Off|p1a: Farigiraf\n|-supereffective|p1a: Farigiraf|1\n|-crit|p1a: Farigiraf\n|-enditem|p1a: Farigiraf|Colbur Berry|[eat]\n|-enditem|p1a: Farigiraf|Colbur Berry|[weaken]\n|-damage|p1a: Farigiraf|0 fnt\n|faint|p1a: Farigiraf\n|move|p1b: Legowlas|Triple Arrows|p2a: Tyranitar\n|-supereffective|p2a: Tyranitar|2\n|-damage|p2a: Tyranitar|0 fnt\n|faint|p2a: Tyranitar\n|\n|-weather|Sandstorm|[upkeep]\n|-damage|p1b: Legowlas|95/100|[from] Sandstorm\n|upkeep\n|\n|t:|1776268135\n|switch|p2a: Sneasler|Sneasler, L50, F|100/100\n|switch|p1a: Vanilluxe|Vanilluxe, L50, M|100/100\n|-weather|Snowscape|[from] ability: Snow Warning|[of] p1a: Vanilluxe\n|turn|2\n|\n|t:|1776268160\n|move|p1a: Vanilluxe|Icy Wind|p2a: Sneasler|[spread] p2a\n|-miss|p1a: Vanilluxe|p2b: Excadrill\n|-crit|p2a: Sneasler\n|-damage|p2a: Sneasler|60/100\n|-unboost|p2a: Sneasler|spe|1\n|-enditem|p2a: Sneasler|White Herb\n|-clearnegativeboost|p2a: Sneasler|[silent]\n|move|p2a: Sneasler|Dire Claw|p1b: Legowlas\n|-supereffective|p1b: Legowlas|1\n|-damage|p1b: Legowlas|9/100\n|-status|p1b: Legowlas|slp\n|move|p2b: Excadrill|Iron Head|p1a: Vanilluxe\n|-supereffective|p1a: Vanilluxe|1\n|-damage|p1a: Vanilluxe|15/100\n|cant|p1b: Legowlas|slp\n|\n|-weather|Snowscape|[upkeep]\n|upkeep\n|turn|3\n|\n|t:|1776268181\n|-curestatus|p1b: Legowlas|slp|[msg]\n|move|p1b: Legowlas|Sucker Punch|p2b: Excadrill\n|-damage|p2b: Excadrill|64/100\n|move|p2a: Sneasler|Coaching|p2b: Excadrill\n|-boost|p2b: Excadrill|atk|1\n|-boost|p2b: Excadrill|def|1\n|move|p1a: Vanilluxe|Icy Wind|p2a: Sneasler|[spread] p2a,p2b\n|-damage|p2a: Sneasler|33/100\n|-damage|p2b: Excadrill|39/100\n|-unboost|p2a: Sneasler|spe|1\n|-unboost|p2b: Excadrill|spe|1\n|move|p2b: Excadrill|Rock Slide|p1b: Legowlas|[spread] p1a,p1b\n|-supereffective|p1a: Vanilluxe|1\n|-resisted|p1b: Legowlas|1\n|-damage|p1a: Vanilluxe|0 fnt\n|-damage|p1b: Legowlas|0 fnt\n|faint|p1a: Vanilluxe\n|faint|p1b: Legowlas\n|\n|-weather|Snowscape|[upkeep]\n|upkeep\n|\n|t:|1776268187\n|switch|p1b: Chandelure|Chandelure, L50, M|100/100\n|turn|4\n|\n|t:|1776268201\n|switch|p2a: Sinistcha|Sinistcha, L50|100/100\n|-heal|p2b: Excadrill|64/100|[from] ability: Hospitality|[of] p2a: Sinistcha\n|detailschange|p1b: Chandelure|Chandelure-Mega, L50, M\n|-mega|p1b: Chandelure|Chandelure|Chandelurite\n|move|p2b: Excadrill|Protect|p2b: Excadrill\n|-singleturn|p2b: Excadrill|Protect\n|move|p1b: Chandelure|Heat Wave|p2a: Sinistcha|[spread] p2a\n|-activate|p2b: Excadrill|move: Protect\n|-supereffective|p2a: Sinistcha|1\n|-crit|p2a: Sinistcha\n|-damage|p2a: Sinistcha|0 fnt\n|faint|p2a: Sinistcha\n|\n|-weather|Snowscape|[upkeep]\n|upkeep\n|\n|t:|1776268212\n|switch|p2a: Sneasler|Sneasler, L50, F|33/100\n|turn|5\n|\n|t:|1776268220\n|move|p2a: Sneasler|Dire Claw|p1b: Chandelure\n|-resisted|p1b: Chandelure|1\n|-damage|p1b: Chandelure|80/100\n|move|p1b: Chandelure|Heat Wave|p2b: Excadrill|[spread] p2b\n|-miss|p1b: Chandelure|p2a: Sneasler\n|-supereffective|p2b: Excadrill|1\n|-damage|p2b: Excadrill|0 fnt\n|faint|p2b: Excadrill\n|\n|-weather|Snowscape|[upkeep]\n|upkeep\n|turn|6\n|\n|t:|1776268230\n|move|p2a: Sneasler|Dire Claw|p1b: Chandelure\n|-resisted|p1b: Chandelure|1\n|-damage|p1b: Chandelure|59/100\n|move|p1b: Chandelure|Shadow Ball|p2a: Sneasler\n|-damage|p2a: Sneasler|0 fnt\n|faint|p2a: Sneasler\n|\n|win|my!lane\n|raw|my!lane's rating: 1292 &rarr; <strong>1317</strong><br />(+25 for winning)\n|raw|CaptainSmokah's rating: 1295 &rarr; <strong>1270</strong><br />(-25 for losing)\n|l|\u2606CaptainSmokah\n|player|p2|\n",
  "uploadtime": 1776268316,
  "views": 69,
  "formatid": "gen9championsvgc2026regma",
  "rating": 1270,
  "private": 0,
  "password": null
}