{
  "id": "gen9championsvgc2026regma-2580595687",
  "format": "[Gen 9 Champions] VGC 2026 Reg M-A",
  "players": [
    "azelflux",
    "uweur"
  ],
  "log": "|j|\u203dazelflux\n|j|\u2606uweur\n|t:|1775916480\n|gametype|doubles\n|player|p1|azelflux|n|1015\n|player|p2|uweur|170|1073\n|gen|9\n|tier|[Gen 9 Champions] VGC 2026 Reg M-A\n|rated|\n|rule|Species Clause: Limit one of each Pok\u00e9mon\n|rule|Item Clause: Limit 1 of each item\n|clearpoke\n|poke|p1|Meganium, L50, F|\n|poke|p1|Farigiraf, L50, F|\n|poke|p1|Pelipper, L50, F|\n|poke|p1|Basculegion-F, L50, F|\n|poke|p1|Excadrill, L50, F|\n|poke|p1|Raichu, L50, M|\n|poke|p2|Incineroar, L50, M|\n|poke|p2|Whimsicott, L50, M|\n|poke|p2|Glimmora, L50, M|\n|poke|p2|Pelipper, L50, M|\n|poke|p2|Basculegion, L50, M|\n|poke|p2|Archaludon, L50, F|\n|teampreview|4\n|inactive|Battle timer is ON: inactive players will automatically lose when time's up. (requested by azelflux)\n|inactive|azelflux has 60 seconds left.\n|inactive|uweur has 60 seconds left.\n|\n|t:|1775916522\n|teamsize|p1|4\n|teamsize|p2|4\n|start\n|switch|p1a: Farigiraf|Farigiraf, L50, F|100/100\n|switch|p1b: Raichu|Raichu, L50, M|100/100\n|switch|p2a: Pelipper|Pelipper, L50, M|100/100\n|switch|p2b: Archaludon|Archaludon, L50, F|100/100\n|-weather|RainDance|[from] ability: Drizzle|[of] p2a: Pelipper\n|turn|1\n|inactive|azelflux has 30 seconds left.\n|inactive|uweur has 30 seconds left.\n|\n|t:|1775916549\n|switch|p2a: Incineroar|Incineroar, L50, M|100/100\n|-ability|p2a: Incineroar|Intimidate|boost\n|-unboost|p1a: Farigiraf|atk|1\n|-unboost|p1b: Raichu|atk|1\n|move|p1b: Raichu|Fake Out|p2b: Archaludon\n|-resisted|p2b: Archaludon|1\n|-damage|p2b: Archaludon|98/100\n|cant|p2b: Archaludon|flinch\n|move|p1a: Farigiraf|Nasty Plot|p1a: Farigiraf\n|-boost|p1a: Farigiraf|spa|2\n|\n|-weather|RainDance|[upkeep]\n|upkeep\n|turn|2\n|\n|t:|1775916569\n|move|p1a: Farigiraf|Protect|p1a: Farigiraf\n|-singleturn|p1a: Farigiraf|Protect\n|move|p1b: Raichu|Volt Switch|p2a: Incineroar\n|-damage|p2a: Incineroar|74/100\n|\n|t:|1775916575\n|switch|p1b: Excadrill|Excadrill, L50, F|100/100|[from] Volt Switch\n|-ability|p1b: Excadrill|Mold Breaker\n|move|p2b: Archaludon|Electro Shot||[still]\n|-prepare|p2b: Archaludon|Electro Shot\n|-boost|p2b: Archaludon|spa|1\n|-anim|p2b: Archaludon|Electro Shot|p1b: Excadrill\n|-immune|p1b: Excadrill\n|move|p2a: Incineroar|Flare Blitz|p1a: Farigiraf\n|-activate|p1a: Farigiraf|move: Protect\n|\n|-weather|RainDance|[upkeep]\n|upkeep\n|turn|3\n|\n|t:|1775916596\n|move|p2b: Archaludon|Protect|p2b: Archaludon\n|-singleturn|p2b: Archaludon|Protect\n|move|p1b: Excadrill|High Horsepower|p2a: Incineroar\n|-supereffective|p2a: Incineroar|1\n|-crit|p2a: Incineroar\n|-damage|p2a: Incineroar|0 fnt\n|faint|p2a: Incineroar\n|move|p1a: Farigiraf|Trick Room|p1a: Farigiraf\n|-fieldstart|move: Trick Room|[of] p1a: Farigiraf\n|\n|-weather|RainDance|[upkeep]\n|upkeep\n|\n|t:|1775916607\n|switch|p2a: Glimmora|Glimmora, L50, M, shiny|100/100\n|turn|4\n|\n|t:|1775916623\n|switch|p2b: Pelipper|Pelipper, L50, M|100/100\n|detailschange|p2a: Glimmora|Glimmora-Mega, L50, M, shiny\n|-mega|p2a: Glimmora|Glimmora|Glimmoranite\n|move|p1a: Farigiraf|Psychic|p2a: Glimmora\n|-supereffective|p2a: Glimmora|1\n|-damage|p2a: Glimmora|0 fnt\n|faint|p2a: Glimmora\n|move|p1b: Excadrill|High Horsepower|p2b: Pelipper\n|-immune|p2b: Pelipper\n|\n|-weather|RainDance|[upkeep]\n|upkeep\n|\n|t:|1775916634\n|switch|p2a: Archaludon|Archaludon, L50, F|98/100\n|turn|5\n|\n|t:|1775916651\n|move|p1a: Farigiraf|Psychic|p2b: Pelipper\n|-damage|p2b: Pelipper|0 fnt\n|faint|p2b: Pelipper\n|move|p2a: Archaludon|Electro Shot||[still]\n|-prepare|p2a: Archaludon|Electro Shot\n|-boost|p2a: Archaludon|spa|1\n|-anim|p2a: Archaludon|Electro Shot|p1a: Farigiraf\n|-damage|p1a: Farigiraf|40/100\n|move|p1b: Excadrill|High Horsepower|p2a: Archaludon\n|-supereffective|p2a: Archaludon|1\n|-damage|p2a: Archaludon|0 fnt\n|faint|p2a: Archaludon\n|\n|win|azelflux\n|raw|azelflux's rating: 1015 &rarr; <strong>1059</strong><br />(+44 for winning)\n|raw|uweur's rating: 1073 &rarr; <strong>1049</strong><br />(-24 for losing)\n",
  "uploadtime": 1775916661,
  "views": 24,
  "formatid": "gen9championsvgc2026regma",
  "rating": 1049,
  "private": 0,
  "password": null
}