{
  "id": "gen9championsvgc2026regma-2587834945",
  "format": "[Gen 9 Champions] VGC 2026 Reg M-A",
  "players": [
    "ub student",
    "naidoq"
  ],
  "log": "|j|\u2606ub student\n|j|\u2606naidoq\n|t:|1776568861\n|gametype|doubles\n|player|p1|ub student|101|1512\n|player|p2|naidoq|barry|1457\n|gen|9\n|tier|[Gen 9 Champions] VGC 2026 Reg M-A\n|rated|\n|rule|Species Clause: Limit one of each Pok\u00e9mon\n|rule|Item Clause: Limit 1 of each item\n|clearpoke\n|poke|p1|Floette-Eternal, L50, F|\n|poke|p1|Talonflame, L50, M|\n|poke|p1|Basculegion, L50, M|\n|poke|p1|Garchomp, L50, F|\n|poke|p1|Rotom-Wash, L50|\n|poke|p1|Kingambit, L50, F|\n|poke|p2|Delphox, L50, M|\n|poke|p2|Whimsicott, L50, M|\n|poke|p2|Garchomp, L50, M|\n|poke|p2|Kingambit, L50, M|\n|poke|p2|Basculegion, L50, M|\n|poke|p2|Sneasler, L50, F|\n|teampreview|4\n|inactive|Battle timer is ON: inactive players will automatically lose when time's up. (requested by naidoq)\n|inactive|ub student has 60 seconds left.\n|\n|t:|1776568896\n|teamsize|p1|4\n|teamsize|p2|4\n|start\n|switch|p1a: Floette|Floette-Eternal, L50, F|100/100\n|switch|p1b: Rotom|Rotom-Wash, L50|100/100\n|switch|p2a: Garchomp|Garchomp, L50, M|100/100\n|switch|p2b: Delphox|Delphox, L50, M|100/100\n|turn|1\n|inactive|naidoq has 30 seconds left.\n|inactive|naidoq has 20 seconds left.\n|inactive|naidoq has 15 seconds left.\n|inactive|naidoq has 10 seconds left.\n|inactive|naidoq has 5 seconds left.\n|\n|t:|1776568948\n|switch|p2b: Kingambit|Kingambit, L50, M|100/100\n|detailschange|p1a: Floette|Floette-Mega, L50, F\n|-mega|p1a: Floette|Floette|Floettite\n|-ability|p1a: Floette|Fairy Aura\n|move|p2a: Garchomp|Rock Slide|p1a: Floette|[spread] p1a,p1b\n|-damage|p1a: Floette|79/100\n|-damage|p1b: Rotom|76/100\n|move|p1a: Floette|Moonblast|p2a: Garchomp\n|-supereffective|p2a: Garchomp|1\n|-damage|p2a: Garchomp|0 fnt\n|faint|p2a: Garchomp\n|move|p1b: Rotom|Electroweb|p2b: Kingambit\n|-damage|p2b: Kingambit|73/100\n|-unboost|p2b: Kingambit|spe|1\n|-ability|p2b: Kingambit|Defiant|boost\n|-boost|p2b: Kingambit|atk|2\n|\n|upkeep\n|\n|t:|1776568964\n|switch|p2a: Delphox|Delphox, L50, M|100/100\n|turn|2\n|\n|t:|1776568975\n|detailschange|p2a: Delphox|Delphox-Mega, L50, M\n|-mega|p2a: Delphox|Delphox|Delphoxite\n|move|p2b: Kingambit|Sucker Punch|p1b: Rotom\n|-damage|p1b: Rotom|0 fnt\n|faint|p1b: Rotom\n|move|p2a: Delphox|Substitute|p2a: Delphox\n|-start|p2a: Delphox|Substitute\n|-damage|p2a: Delphox|75/100\n|move|p1a: Floette|Light of Ruin|p2b: Kingambit\n|-damage|p2b: Kingambit|0 fnt\n|faint|p2b: Kingambit\n|-damage|p1a: Floette|44/100|[from] Recoil\n|\n|upkeep\n|\n|t:|1776568986\n|switch|p1b: Basculegion|Basculegion, L50, M|100/100\n|switch|p2b: Basculegion|Basculegion, L50, M|100/100\n|turn|3\n|inactive|naidoq has 30 seconds left.\n|inactive|naidoq has 20 seconds left.\n|\n|t:|1776569026\n|move|p1b: Basculegion|Flip Turn|p2a: Delphox\n|-supereffective|p2a: Delphox|1\n|-end|p2a: Delphox|Substitute\n|\n|t:|1776569030\n|switch|p1b: Garchomp|Garchomp, L50, F|100/100|[from] Flip Turn\n|move|p2a: Delphox|Psychic|p1a: Floette\n|-damage|p1a: Floette|5/100\n|move|p1a: Floette|Light of Ruin|p2b: Basculegion\n|-damage|p2b: Basculegion|17/100\n|-enditem|p2b: Basculegion|Sitrus Berry|[eat]\n|-heal|p2b: Basculegion|42/100|[from] item: Sitrus Berry\n|-damage|p1a: Floette|0 fnt|[from] Recoil\n|faint|p1a: Floette\n|move|p2b: Basculegion|Last Respects|p1b: Garchomp\n|-damage|p1b: Garchomp|34/100\n|\n|upkeep\n|\n|t:|1776569039\n|switch|p1a: Basculegion|Basculegion, L50, M|100/100\n|turn|4\n|inactive|ub student has 30 seconds left.\n|inactive|naidoq has 30 seconds left.\n|inactive|naidoq has 20 seconds left.\n|inactive|naidoq has 15 seconds left.\n|inactive|naidoq has 10 seconds left.\n|\n|t:|1776569084\n|move|p2a: Delphox|Protect|p2a: Delphox\n|-singleturn|p2a: Delphox|Protect\n|move|p1a: Basculegion|Last Respects|p2a: Delphox\n|-activate|p2a: Delphox|move: Protect\n|move|p1b: Garchomp|Earthquake|p2b: Basculegion|[spread] p1a,p2b\n|-activate|p2a: Delphox|move: Protect\n|-damage|p1a: Basculegion|37/100\n|-damage|p2b: Basculegion|0 fnt\n|faint|p2b: Basculegion\n|\n|upkeep\n|turn|5\n|-message|naidoq forfeited.\n|\n|win|ub student\n|raw|ub student's rating: 1512 &rarr; <strong>1529</strong><br />(+17 for winning)\n|raw|naidoq's rating: 1457 &rarr; <strong>1440</strong><br />(-17 for losing)\n|l|\u2606naidoq\n|player|p2|\n|l|\u2606ub student\n|player|p1|\n",
  "uploadtime": 1776569102,
  "views": 13,
  "formatid": "gen9championsvgc2026regma",
  "rating": 1440,
  "private": 0,
  "password": null
}