{
  "id": "gen9championsvgc2026regma-2588357845",
  "format": "[Gen 9 Champions] VGC 2026 Reg M-A",
  "players": [
    "Avocanoodle",
    "craudus"
  ],
  "log": "|j|\u2606Avocanoodle\n|j|\u2606craudus\n|t:|1776626878\n|gametype|doubles\n|player|p1|Avocanoodle|sonia-professor|1176\n|player|p2|craudus|ninjaboy|1104\n|gen|9\n|tier|[Gen 9 Champions] VGC 2026 Reg M-A\n|rated|\n|rule|Species Clause: Limit one of each Pok\u00e9mon\n|rule|Item Clause: Limit 1 of each item\n|clearpoke\n|poke|p1|Stunfisk-Galar, L50, M|\n|poke|p1|Weavile, L50, M|\n|poke|p1|Gardevoir, L50, M, shiny|\n|poke|p1|Charizard, L50, M|\n|poke|p1|Conkeldurr, L50, M|\n|poke|p1|Basculegion, L50, M|\n|poke|p2|Froslass, L50, F|\n|poke|p2|Aerodactyl, L50, F|\n|poke|p2|Incineroar, L50, M|\n|poke|p2|Kingambit, L50, F|\n|poke|p2|Sneasler, L50, M|\n|poke|p2|Araquanid, L50, M|\n|teampreview|4\n|inactive|Battle timer is ON: inactive players will automatically lose when time's up. (requested by Avocanoodle)\n|inactive|Avocanoodle has 60 seconds left.\n|inactive|craudus has 60 seconds left.\n|\n|t:|1776626919\n|teamsize|p1|4\n|teamsize|p2|4\n|start\n|switch|p1a: Weavile|Weavile, L50, M|100/100\n|switch|p1b: Basculegion|Basculegion, L50, M|100/100\n|switch|p2a: Aerodactyl|Aerodactyl, L50, F|100/100\n|switch|p2b: Sneasler|Sneasler, L50, M|100/100\n|turn|1\n|\n|t:|1776626939\n|move|p2b: Sneasler|Fake Out|p1a: Weavile\n|-damage|p1a: Weavile|77/100\n|cant|p1a: Weavile|flinch\n|move|p1b: Basculegion|Wave Crash|p2a: Aerodactyl\n|-supereffective|p2a: Aerodactyl|1\n|-enditem|p2a: Aerodactyl|Focus Sash\n|-damage|p2a: Aerodactyl|1/100\n|-damage|p1b: Basculegion|75/100|[from] Recoil\n|move|p2a: Aerodactyl|Tailwind|p2a: Aerodactyl\n|-sidestart|p2: craudus|move: Tailwind\n|\n|upkeep\n|turn|2\n|inactive|craudus has 30 seconds left.\n|inactive|craudus has 20 seconds left.\n|\n|t:|1776626979\n|switch|p1a: Conkeldurr|Conkeldurr, L50, M|100/100\n|move|p2a: Aerodactyl|Rock Slide|p1b: Basculegion|[spread] p1a,p1b\n|-resisted|p1a: Conkeldurr|1\n|-damage|p1a: Conkeldurr|90/100\n|-damage|p1b: Basculegion|44/100\n|move|p2b: Sneasler|Dire Claw|p1b: Basculegion\n|-resisted|p1b: Basculegion|1\n|-damage|p1b: Basculegion|16/100\n|-status|p1b: Basculegion|psn\n|move|p1b: Basculegion|Wave Crash|p2b: Sneasler\n|-damage|p2b: Sneasler|0 fnt\n|faint|p2b: Sneasler\n|-damage|p1b: Basculegion|0 fnt|[from] Recoil\n|faint|p1b: Basculegion\n|\n|upkeep\n|\n|t:|1776627000\n|switch|p2b: Incineroar|Incineroar, L50, M|100/100\n|switch|p1b: Gardevoir|Gardevoir, L50, M, shiny|100/100\n|-ability|p2b: Incineroar|Intimidate|boost\n|-unboost|p1a: Conkeldurr|atk|1\n|-unboost|p1b: Gardevoir|atk|1\n|turn|3\n|\n|t:|1776627024\n|move|p1b: Gardevoir|Protect|p1b: Gardevoir\n|-singleturn|p1b: Gardevoir|Protect\n|move|p1a: Conkeldurr|Detect|p1a: Conkeldurr\n|-singleturn|p1a: Conkeldurr|Protect\n|move|p2b: Incineroar|Fake Out|p1a: Conkeldurr\n|-activate|p1a: Conkeldurr|move: Protect\n|move|p2a: Aerodactyl|Rock Slide|p1b: Gardevoir|[spread] \n|-activate|p1a: Conkeldurr|move: Protect\n|-activate|p1b: Gardevoir|move: Protect\n|\n|upkeep\n|turn|4\n|inactive|craudus has 30 seconds left.\n|\n|t:|1776627054\n|detailschange|p1b: Gardevoir|Gardevoir-Mega, L50, M, shiny\n|-mega|p1b: Gardevoir|Gardevoir|Gardevoirite\n|move|p1a: Conkeldurr|Mach Punch|p2a: Aerodactyl\n|-damage|p2a: Aerodactyl|0 fnt\n|faint|p2a: Aerodactyl\n|move|p2b: Incineroar|Parting Shot|p1b: Gardevoir\n|-unboost|p1b: Gardevoir|atk|1\n|-unboost|p1b: Gardevoir|spa|1\n|\n|t:|1776627061\n|switch|p2b: Froslass|Froslass, L50, F|100/100|[from] Parting Shot\n|move|p1b: Gardevoir|Hyper Voice|p2b: Froslass\n|-damage|p2b: Froslass|27/100\n|\n|-sideend|p2: craudus|move: Tailwind\n|upkeep\n|\n|t:|1776627067\n|switch|p2a: Incineroar|Incineroar, L50, M|100/100\n|-ability|p2a: Incineroar|Intimidate|boost\n|-unboost|p1a: Conkeldurr|atk|1\n|-unboost|p1b: Gardevoir|atk|1\n|turn|5\n|\n|t:|1776627092\n|switch|p1a: Weavile|Weavile, L50, M|77/100\n|detailschange|p2b: Froslass|Froslass-Mega, L50, F\n|-mega|p2b: Froslass|Froslass|Froslassite\n|-weather|Snowscape|[from] ability: Snow Warning|[of] p2b: Froslass\n|move|p1b: Gardevoir|Protect|p1b: Gardevoir\n|-singleturn|p1b: Gardevoir|Protect\n|move|p2a: Incineroar|Fake Out|p1a: Weavile\n|-damage|p1a: Weavile|63/100\n|move|p2b: Froslass|Blizzard|p1b: Gardevoir|[spread] p1a\n|-activate|p1b: Gardevoir|move: Protect\n|-resisted|p1a: Weavile|1\n|-damage|p1a: Weavile|30/100\n|\n|-weather|Snowscape|[upkeep]\n|upkeep\n|turn|6\n|inactive|craudus has 30 seconds left.\n|\n|t:|1776627118\n|move|p1a: Weavile|Fake Out|p2a: Incineroar\n|-damage|p2a: Incineroar|88/100\n|move|p2b: Froslass|Blizzard|p1a: Weavile|[spread] p1a,p1b\n|-resisted|p1a: Weavile|1\n|-damage|p1a: Weavile|0 fnt\n|-damage|p1b: Gardevoir|67/100\n|faint|p1a: Weavile\n|cant|p2a: Incineroar|flinch\n|move|p1b: Gardevoir|Trick Room|p1b: Gardevoir\n|-fieldstart|move: Trick Room|[of] p1b: Gardevoir\n|\n|-weather|Snowscape|[upkeep]\n|upkeep\n|\n|t:|1776627122\n|switch|p1a: Conkeldurr|Conkeldurr, L50, M|90/100\n|turn|7\n|\n|t:|1776627140\n|move|p2b: Froslass|Protect|p2b: Froslass\n|-singleturn|p2b: Froslass|Protect\n|move|p1a: Conkeldurr|Hammer Arm|p2a: Incineroar\n|-supereffective|p2a: Incineroar|1\n|-damage|p2a: Incineroar|0 fnt\n|-unboost|p1a: Conkeldurr|spe|1\n|faint|p2a: Incineroar\n|move|p1b: Gardevoir|Hyper Voice|p2b: Froslass\n|-activate|p2b: Froslass|move: Protect\n|\n|-weather|Snowscape|[upkeep]\n|upkeep\n|turn|8\n|-message|craudus forfeited.\n|\n|win|Avocanoodle\n|raw|Avocanoodle's rating: 1176 &rarr; <strong>1196</strong><br />(+20 for winning)\n|raw|craudus's rating: 1104 &rarr; <strong>1084</strong><br />(-20 for losing)\n",
  "uploadtime": 1776627146,
  "views": 10,
  "formatid": "gen9championsvgc2026regma",
  "rating": 1084,
  "private": 0,
  "password": null
}