{
  "id": "gen9championsvgc2026regma-2583675131",
  "format": "[Gen 9 Champions] VGC 2026 Reg M-A",
  "players": [
    "Vittoxx",
    "kakutza"
  ],
  "log": "|j|\u2606Vittoxx\n|j|\u2606kakutza\n|t:|1776190305\n|gametype|doubles\n|player|p1|Vittoxx|iris-gen5bw2|1041\n|player|p2|kakutza|harlequin|1085\n|gen|9\n|tier|[Gen 9 Champions] VGC 2026 Reg M-A\n|rated|\n|rule|Species Clause: Limit one of each Pok\u00e9mon\n|rule|Item Clause: Limit 1 of each item\n|clearpoke\n|poke|p1|Gardevoir, L50, F|\n|poke|p1|Incineroar, L50, M|\n|poke|p1|Garchomp, L50, M|\n|poke|p1|Aegislash, L50, M|\n|poke|p1|Rotom-Wash, L50|\n|poke|p1|Aerodactyl, L50, F|\n|poke|p2|Krookodile, L50, F|\n|poke|p2|Aggron, L50, F|\n|poke|p2|Dragapult, L50, F|\n|poke|p2|Talonflame, L50, F|\n|poke|p2|Blastoise, L50, M|\n|poke|p2|Farigiraf, L50, M|\n|teampreview|4\n|inactive|Battle timer is ON: inactive players will automatically lose when time's up. (requested by kakutza)\nkakutza has agreed to open team sheets.\n|inactive|Vittoxx has 60 seconds left.\n|inactive|kakutza has 60 seconds left.\n|\n|t:|1776190351\n|teamsize|p1|4\n|teamsize|p2|4\n|start\n|switch|p1a: Aerodactyl|Aerodactyl, L50, F, shiny|100/100\n|switch|p1b: Gardevoir|Gardevoir, L50, F, shiny|100/100\n|switch|p2a: Aggron|Aggron, L50, F|100/100\n|switch|p2b: Farigiraf|Farigiraf, L50, M|100/100\n|-ability|p1a: Aerodactyl|Unnerve\n|turn|1\n|\n|t:|1776190373\n|move|p1b: Gardevoir|Protect|p1b: Gardevoir\n|-singleturn|p1b: Gardevoir|Protect\n|move|p2a: Aggron|Protect|p2a: Aggron\n|-singleturn|p2a: Aggron|Protect\n|move|p1a: Aerodactyl|Tailwind|p1a: Aerodactyl\n|-sidestart|p1: Vittoxx|move: Tailwind\n|move|p2b: Farigiraf|Trick Room|p2b: Farigiraf\n|-fieldstart|move: Trick Room|[of] p2b: Farigiraf\n|\n|upkeep\n|turn|2\n|\n|t:|1776190393\n|switch|p1b: Garchomp|Garchomp, L50, M|100/100\n|detailschange|p2a: Aggron|Aggron-Mega, L50, F\n|-mega|p2a: Aggron|Aggron|Aggronite\n|move|p2a: Aggron|Iron Head|p1b: Garchomp\n|-damage|p1b: Garchomp|57/100\n|-damage|p2a: Aggron|88/100|[from] ability: Rough Skin|[of] p1b: Garchomp\n|move|p2b: Farigiraf|Psychic|p1a: Aerodactyl\n|-damage|p1a: Aerodactyl|43/100\n|move|p1a: Aerodactyl|Rock Slide|p2b: Farigiraf|[spread] p2b\n|-miss|p1a: Aerodactyl|p2a: Aggron\n|-damage|p2b: Farigiraf|72/100\n|\n|upkeep\n|turn|3\n|\n|t:|1776190414\n|move|p1a: Aerodactyl|Protect|p1a: Aerodactyl\n|-singleturn|p1a: Aerodactyl|Protect\n|move|p2a: Aggron|Rock Slide|p1a: Aerodactyl|[spread] p1b\n|-activate|p1a: Aerodactyl|move: Protect\n|-resisted|p1b: Garchomp|1\n|-crit|p1b: Garchomp\n|-damage|p1b: Garchomp|41/100\n|move|p2b: Farigiraf|Psychic|p1b: Garchomp\n|-damage|p1b: Garchomp|0 fnt\n|faint|p1b: Garchomp\n|\n|upkeep\n|\n|t:|1776190425\n|switch|p1b: Rotom|Rotom-Wash, L50, shiny|100/100\n|turn|4\n|\n|t:|1776190440\n|move|p2a: Aggron|Iron Head|p1a: Aerodactyl\n|-supereffective|p1a: Aerodactyl|1\n|-damage|p1a: Aerodactyl|0 fnt\n|faint|p1a: Aerodactyl\n|move|p2b: Farigiraf|Psychic|p1b: Rotom\n|-damage|p1b: Rotom|49/100\n|move|p1b: Rotom|Hydro Pump|p2a: Aggron\n|-damage|p2a: Aggron|13/100\n|\n|-sideend|p1: Vittoxx|move: Tailwind\n|upkeep\n|\n|t:|1776190444\n|switch|p1a: Gardevoir|Gardevoir, L50, F, shiny|100/100\n|turn|5\n|\n|t:|1776190465\n|move|p1a: Gardevoir|Protect|p1a: Gardevoir\n|-singleturn|p1a: Gardevoir|Protect\n|move|p2a: Aggron|Body Press|p1b: Rotom\n|-damage|p1b: Rotom|0 fnt\n|faint|p1b: Rotom\n|move|p2b: Farigiraf|Psychic|p1a: Gardevoir\n|-activate|p1a: Gardevoir|move: Protect\n|\n|-fieldend|move: Trick Room\n|upkeep\n|turn|6\n|\n|t:|1776190480\n|detailschange|p1a: Gardevoir|Gardevoir-Mega, L50, F, shiny\n|-mega|p1a: Gardevoir|Gardevoir|Gardevoirite\n|move|p2a: Aggron|Protect|p2a: Aggron\n|-singleturn|p2a: Aggron|Protect\n|move|p1a: Gardevoir|Hyper Voice|p2b: Farigiraf|[spread] p2b\n|-activate|p2a: Aggron|move: Protect\n|-damage|p2b: Farigiraf|23/100\n|move|p2b: Farigiraf|Hyper Voice|p1a: Gardevoir\n|-damage|p1a: Gardevoir|63/100\n|\n|upkeep\n|turn|7\n|\n|t:|1776190501\n|move|p1a: Gardevoir|Hyper Voice|p2b: Farigiraf|[spread] p2a,p2b\n|-resisted|p2a: Aggron|1\n|-damage|p2a: Aggron|0 fnt\n|-damage|p2b: Farigiraf|0 fnt\n|faint|p2a: Aggron\n|faint|p2b: Farigiraf\n|\n|upkeep\n|\n|t:|1776190504\n|switch|p2b: Dragapult|Dragapult, L50, F|100/100\n|switch|p2a: Krookodile|Krookodile, L50, F|100/100\n|-ability|p2a: Krookodile|Intimidate|boost\n|-unboost|p1a: Gardevoir|atk|1\n|turn|8\n|\n|t:|1776190515\n|move|p1a: Gardevoir|Hyper Voice|p2a: Krookodile|[spread] p2a,p2b\n|-supereffective|p2a: Krookodile|1\n|-supereffective|p2b: Dragapult|1\n|-damage|p2a: Krookodile|0 fnt\n|-damage|p2b: Dragapult|0 fnt\n|faint|p2a: Krookodile\n|faint|p2b: Dragapult\n|\n|win|Vittoxx\n|raw|Vittoxx's rating: 1041 &rarr; <strong>1077</strong><br />(+36 for winning)\n|raw|kakutza's rating: 1067 &rarr; <strong>1045</strong><br />(-22 for losing)\n|l|\u2606kakutza\n|player|p2|\n",
  "uploadtime": 1776190530,
  "views": 21,
  "formatid": "gen9championsvgc2026regma",
  "rating": 1045,
  "private": 0,
  "password": null
}