{
  "id": "gen9championsvgc2026regma-2587272833",
  "format": "[Gen 9 Champions] VGC 2026 Reg M-A",
  "players": [
    "yyssummer",
    "SapoDx"
  ],
  "log": "|j|\u2606yyssummer\n|j|\u2606SapoDx\n|t:|1776517000\n|gametype|doubles\n|player|p1|yyssummer|1|1231\n|player|p2|SapoDx|benga|1210\n|gen|9\n|tier|[Gen 9 Champions] VGC 2026 Reg M-A\n|rated|\n|rule|Species Clause: Limit one of each Pok\u00e9mon\n|rule|Item Clause: Limit 1 of each item\n|clearpoke\n|poke|p1|Aerodactyl, L50, F, shiny|\n|poke|p1|Farigiraf, L50, M, shiny|\n|poke|p1|Sneasler, L50, M|\n|poke|p1|Meowscarada, L50, F|\n|poke|p1|Primarina, L50, F, shiny|\n|poke|p1|Camerupt, L50, F, shiny|\n|poke|p2|Tyranitar, L50, M, shiny|\n|poke|p2|Excadrill, L50, F|\n|poke|p2|Gyarados, L50, F, shiny|\n|poke|p2|Rotom-Heat, L50, shiny|\n|poke|p2|Gengar, L50, F, shiny|\n|poke|p2|Corviknight, L50, M, shiny|\n|teampreview|4\n|\n|t:|1776517053\n|teamsize|p1|4\n|teamsize|p2|4\n|start\n|switch|p1a: Sneasler|Sneasler, L50, M|100/100\n|switch|p1b: Farigiraf|Farigiraf, L50, M, shiny|100/100\n|switch|p2a: Tyranitar|Tyranitar, L50, M, shiny|100/100\n|switch|p2b: Gyarados|Gyarados, L50, F, shiny|100/100\n|-ability|p2b: Gyarados|Intimidate|boost\n|-unboost|p1a: Sneasler|atk|1\n|-unboost|p1b: Farigiraf|atk|1\n|-weather|Sandstorm|[from] ability: Sand Stream|[of] p2a: Tyranitar\n|-enditem|p1a: Sneasler|White Herb\n|-clearnegativeboost|p1a: Sneasler|[silent]\n|turn|1\n|\n|t:|1776517073\n|move|p2a: Tyranitar|Protect|p2a: Tyranitar\n|-singleturn|p2a: Tyranitar|Protect\n|move|p1a: Sneasler|Fake Out|p2b: Gyarados\n|-damage|p2b: Gyarados|87/100\n|cant|p2b: Gyarados|flinch\n|move|p1b: Farigiraf|Imprison|p1b: Farigiraf\n|-start|p1b: Farigiraf|move: Imprison\n|\n|-weather|Sandstorm|[upkeep]\n|-damage|p1a: Sneasler|95/100|[from] Sandstorm\n|-damage|p2b: Gyarados|81/100|[from] Sandstorm\n|-damage|p1b: Farigiraf|94/100|[from] Sandstorm\n|-heal|p2b: Gyarados|87/100|[from] item: Leftovers\n|upkeep\n|turn|2\n|\n|t:|1776517116\n|switch|p1a: Primarina|Primarina, L50, F, shiny|100/100\n|switch|p2a: Gengar|Gengar, L50, F, shiny|100/100\n|move|p2b: Gyarados|Thunder Wave|p1a: Primarina\n|-status|p1a: Primarina|par\n|move|p1b: Farigiraf|Psychic|p2a: Gengar\n|-supereffective|p2a: Gengar|1\n|-damage|p2a: Gengar|0 fnt\n|faint|p2a: Gengar\n|\n|-weather|Sandstorm|[upkeep]\n|-damage|p2b: Gyarados|81/100|[from] Sandstorm\n|-damage|p1b: Farigiraf|88/100|[from] Sandstorm\n|-damage|p1a: Primarina|95/100 par|[from] Sandstorm\n|-heal|p2b: Gyarados|87/100|[from] item: Leftovers\n|upkeep\n|\n|t:|1776517128\n|switch|p2a: Excadrill|Excadrill, L50, F|100/100\n|turn|3\n|\n|t:|1776517139\n|move|p1a: Primarina|Protect|p1a: Primarina\n|-singleturn|p1a: Primarina|Protect\n|move|p2a: Excadrill|Earthquake|p1b: Farigiraf|[spread] p1b\n|-activate|p1a: Primarina|move: Protect\n|-immune|p2b: Gyarados\n|-damage|p1b: Farigiraf|56/100\n|move|p2b: Gyarados|Taunt|p1b: Farigiraf\n|-start|p1b: Farigiraf|move: Taunt\n|cant|p1b: Farigiraf|move: Taunt|Trick Room\n|\n|-weather|Sandstorm|[upkeep]\n|-damage|p2b: Gyarados|81/100|[from] Sandstorm\n|-damage|p1b: Farigiraf|50/100|[from] Sandstorm\n|-damage|p1a: Primarina|89/100 par|[from] Sandstorm\n|-enditem|p1b: Farigiraf|Sitrus Berry|[eat]\n|-heal|p1b: Farigiraf|75/100|[from] item: Sitrus Berry\n|-heal|p2b: Gyarados|87/100|[from] item: Leftovers\n|upkeep\n|turn|4\n|\n|t:|1776517163\n|move|p2a: Excadrill|Iron Head|p1a: Primarina\n|-damage|p1a: Primarina|33/100 par\n|move|p2b: Gyarados|Waterfall|p1b: Farigiraf\n|-damage|p1b: Farigiraf|52/100\n|move|p1b: Farigiraf|Psychic|p2a: Excadrill\n|-resisted|p2a: Excadrill|1\n|-damage|p2a: Excadrill|76/100\n|move|p1a: Primarina|Hyper Voice|p2a: Excadrill|[spread] p2a,p2b\n|-supereffective|p2a: Excadrill|1\n|-resisted|p2b: Gyarados|1\n|-damage|p2a: Excadrill|0 fnt\n|-damage|p2b: Gyarados|72/100\n|faint|p2a: Excadrill\n|\n|-weather|Sandstorm|[upkeep]\n|-damage|p2b: Gyarados|66/100|[from] Sandstorm\n|-damage|p1b: Farigiraf|45/100|[from] Sandstorm\n|-damage|p1a: Primarina|27/100 par|[from] Sandstorm\n|-heal|p2b: Gyarados|72/100|[from] item: Leftovers\n|upkeep\n|\n|t:|1776517176\n|switch|p2a: Tyranitar|Tyranitar, L50, M, shiny|100/100\n|turn|5\n|\n|t:|1776517193\n|move|p1a: Primarina|Protect|p1a: Primarina\n|-singleturn|p1a: Primarina|Protect\n|move|p2b: Gyarados|Waterfall|p1a: Primarina\n|-activate|p1a: Primarina|move: Protect\n|move|p2a: Tyranitar|Low Kick|p1b: Farigiraf\n|-damage|p1b: Farigiraf|20/100\n|move|p1b: Farigiraf|Psychic|p2b: Gyarados\n|-damage|p2b: Gyarados|46/100\n|-unboost|p2b: Gyarados|spd|1\n|\n|-weather|none\n|-heal|p2b: Gyarados|51/100|[from] item: Leftovers\n|-end|p1b: Farigiraf|move: Taunt\n|upkeep\n|turn|6\n|\n|t:|1776517249\n|move|p2b: Gyarados|Waterfall|p1a: Primarina\n|-resisted|p1a: Primarina|1\n|-damage|p1a: Primarina|7/100 par\n|move|p2a: Tyranitar|Low Kick|p1b: Farigiraf\n|-damage|p1b: Farigiraf|0 fnt\n|faint|p1b: Farigiraf\n|move|p1a: Primarina|Moonblast|p2b: Gyarados\n|-damage|p2b: Gyarados|0 fnt\n|faint|p2b: Gyarados\n|\n|upkeep\n|\n|t:|1776517260\n|switch|p1b: Sneasler|Sneasler, L50, M|95/100\n|turn|7\n|inactive|Battle timer is ON: inactive players will automatically lose when time's up. (requested by SapoDx)\n|c|\u2606SapoDx|gg\n|\n|t:|1776517270\n|move|p1b: Sneasler|Close Combat|p2a: Tyranitar\n|-supereffective|p2a: Tyranitar|2\n|-damage|p2a: Tyranitar|0 fnt\n|-unboost|p1b: Sneasler|def|1\n|-unboost|p1b: Sneasler|spd|1\n|faint|p2a: Tyranitar\n|\n|win|yyssummer\n|raw|yyssummer's rating: 1231 &rarr; <strong>1254</strong><br />(+23 for winning)\n|raw|SapoDx's rating: 1210 &rarr; <strong>1187</strong><br />(-23 for losing)\n|l|\u2606SapoDx\n|player|p2|\n",
  "uploadtime": 1776517278,
  "views": 32,
  "formatid": "gen9championsvgc2026regma",
  "rating": 1187,
  "private": 0,
  "password": null
}