{
  "id": "gen9championsvgc2026regma-2580740043",
  "format": "[Gen 9 Champions] VGC 2026 Reg M-A",
  "players": [
    "Thiagovik",
    "Big Soul Mama"
  ],
  "log": "|j|\u2606Thiagovik\n|j|\u2606Big Soul Mama\n|t:|1775928586\n|gametype|doubles\n|player|p1|Thiagovik|blackbelt-gen4|1000\n|player|p2|Big Soul Mama|lenora|1057\n|gen|9\n|tier|[Gen 9 Champions] VGC 2026 Reg M-A\n|rated|\n|rule|Species Clause: Limit one of each Pok\u00e9mon\n|rule|Item Clause: Limit 1 of each item\n|clearpoke\n|poke|p1|Pelipper, L50, F|\n|poke|p1|Basculegion, L50, M|\n|poke|p1|Archaludon, L50, M|\n|poke|p1|Dragonite, L50, M|\n|poke|p1|Kingambit, L50, M|\n|poke|p1|Sneasler, L50, F|\n|poke|p2|Chimecho, L50, F|\n|poke|p2|Slowking-Galar, L50, F|\n|poke|p2|Rhyperior, L50, F|\n|poke|p2|Tinkaton, L50, F|\n|poke|p2|Rotom-Heat, L50|\n|poke|p2|Milotic, L50, F|\n|teampreview|4\n|inactive|Battle timer is ON: inactive players will automatically lose when time's up. (requested by Thiagovik)\n|inactive|Thiagovik has 60 seconds left.\n|inactive|Big Soul Mama has 60 seconds left.\n|\n|t:|1775928628\n|teamsize|p1|4\n|teamsize|p2|4\n|start\n|switch|p1a: Pelicano|Pelipper, L50, F|100/100\n|switch|p1b: Draggun|Dragonite, L50, M, shiny|100/100\n|switch|p2a: Chimecho|Chimecho, L50, F|100/100\n|switch|p2b: Slowking|Slowking-Galar, L50, F|100/100\n|-weather|RainDance|[from] ability: Drizzle|[of] p1a: Pelicano\n|turn|1\n|inactive|Thiagovik has 30 seconds left.\n|inactive|Thiagovik has 20 seconds left.\n|inactive|Thiagovik has 15 seconds left.\n|\n|t:|1775928669\n|detailschange|p1b: Draggun|Dragonite-Mega, L50, M, shiny\n|-mega|p1b: Draggun|Dragonite|Dragoninite\n|detailschange|p2a: Chimecho|Chimecho-Mega, L50, F\n|-mega|p2a: Chimecho|Chimecho|Chimechite\n|move|p1b: Draggun|Hurricane|p2b: Slowking\n|-damage|p2b: Slowking|47/100\n|move|p1a: Pelicano|Hurricane|p2a: Chimecho\n|-resisted|p2a: Chimecho|1\n|-damage|p2a: Chimecho|85/100\n|move|p2a: Chimecho|Flash Cannon|p1a: Pelicano\n|-resisted|p1a: Pelicano|1\n|-damage|p1a: Pelicano|76/100\n|-unboost|p1a: Pelicano|spd|1\n|move|p2b: Slowking|Trick Room|p2b: Slowking\n|-fieldstart|move: Trick Room|[of] p2b: Slowking\n|\n|-weather|RainDance|[upkeep]\n|upkeep\n|turn|2\n|inactive|Thiagovik has 30 seconds left.\n|inactive|Big Soul Mama has 30 seconds left.\n|\n|t:|1775928703\n|switch|p1a: Obelisk|Archaludon, L50, M|100/100\n|move|p2b: Slowking|Sludge Bomb|p1a: Obelisk\n|-immune|p1a: Obelisk\n|move|p2a: Chimecho|Flash Cannon|p1b: Draggun\n|-damage|p1b: Draggun|85/100\n|move|p1b: Draggun|Thunder|p2a: Chimecho\n|-damage|p2a: Chimecho|58/100\n|\n|-weather|RainDance|[upkeep]\n|upkeep\n|turn|3\n|inactive|Thiagovik has 30 seconds left.\n|inactive|Big Soul Mama has 30 seconds left.\n|\n|t:|1775928733\n|move|p2b: Slowking|Psychic|p1a: Obelisk\n|-resisted|p1a: Obelisk|1\n|-damage|p1a: Obelisk|72/100\n|-ability|p1a: Obelisk|Stamina|boost\n|-boost|p1a: Obelisk|def|1\n|move|p2a: Chimecho|Flash Cannon|p1a: Obelisk\n|-resisted|p1a: Obelisk|1\n|-damage|p1a: Obelisk|51/100\n|-ability|p1a: Obelisk|Stamina|boost\n|-boost|p1a: Obelisk|def|1\n|move|p1a: Obelisk|Electro Shot||[still]\n|-prepare|p1a: Obelisk|Electro Shot\n|-boost|p1a: Obelisk|spa|1\n|-anim|p1a: Obelisk|Electro Shot|p2b: Slowking\n|-damage|p2b: Slowking|0 fnt\n|faint|p2b: Slowking\n|move|p1b: Draggun|Hurricane|p2a: Chimecho\n|-resisted|p2a: Chimecho|1\n|-damage|p2a: Chimecho|36/100\n|-start|p2a: Chimecho|confusion\n|\n|-weather|RainDance|[upkeep]\n|-heal|p1a: Obelisk|57/100|[from] item: Leftovers\n|upkeep\n|\n|t:|1775928755\n|switch|p2b: Rhyperior|Rhyperior, L50, F|100/100\n|turn|4\n|\n|t:|1775928768\n|-activate|p2a: Chimecho|confusion\n|-damage|p2a: Chimecho|31/100|[from] confusion\n|move|p1a: Obelisk|Protect|p1a: Obelisk\n|-singleturn|p1a: Obelisk|Protect\n|move|p2b: Rhyperior|Rock Slide|p1a: Obelisk|[spread] p1b\n|-activate|p1a: Obelisk|move: Protect\n|-supereffective|p1b: Draggun|1\n|-damage|p1b: Draggun|20/100\n|cant|p1b: Draggun|flinch\n|\n|-weather|RainDance|[upkeep]\n|-heal|p1a: Obelisk|63/100|[from] item: Leftovers\n|upkeep\n|turn|5\n|inactive|Thiagovik has 30 seconds left.\n|inactive|Thiagovik has 20 seconds left.\n|inactive|Thiagovik has 15 seconds left.\n|\n|t:|1775928810\n|move|p2b: Rhyperior|Rock Slide|p1a: Obelisk|[spread] p1a\n|-miss|p2b: Rhyperior|p1b: Draggun\n|-resisted|p1a: Obelisk|1\n|-damage|p1a: Obelisk|57/100\n|-ability|p1a: Obelisk|Stamina|boost\n|-boost|p1a: Obelisk|def|1\n|-activate|p2a: Chimecho|confusion\n|-damage|p2a: Chimecho|27/100|[from] confusion\n|move|p1a: Obelisk|Flash Cannon|p2b: Rhyperior\n|-supereffective|p2b: Rhyperior|1\n|-damage|p2b: Rhyperior|0 fnt\n|faint|p2b: Rhyperior\n|move|p1b: Draggun|Hurricane|p2a: Chimecho\n|-resisted|p2a: Chimecho|1\n|-damage|p2a: Chimecho|4/100\n|\n|-weather|none\n|-heal|p1a: Obelisk|63/100|[from] item: Leftovers\n|-fieldend|move: Trick Room\n|upkeep\n|-message|Big Soul Mama forfeited.\n|\n|win|Thiagovik\n|raw|Thiagovik's rating: 1000 &rarr; <strong>1047</strong><br />(+47 for winning)\n|raw|Big Soul Mama's rating: 1057 &rarr; <strong>1035</strong><br />(-22 for losing)\n|l|\u2606Big Soul Mama\n|player|p2|\n",
  "uploadtime": 1775928832,
  "views": 15,
  "formatid": "gen9championsvgc2026regma",
  "rating": 1035,
  "private": 0,
  "password": null
}