{
  "id": "gen9championsvgc2026regma-2583485715",
  "format": "[Gen 9 Champions] VGC 2026 Reg M-A",
  "players": [
    "Blank_Playe_pract",
    "FabricioPlayApk"
  ],
  "log": "|j|\u2606Blank_Playe_pract\n|j|\u2606FabricioPlayApk\n|t:|1776178675\n|gametype|doubles\n|player|p1|Blank_Playe_pract|1|1065\n|player|p2|FabricioPlayApk|youngcouple-gen4dp|1114\n|gen|9\n|tier|[Gen 9 Champions] VGC 2026 Reg M-A\n|rated|\n|rule|Species Clause: Limit one of each Pok\u00e9mon\n|rule|Item Clause: Limit 1 of each item\n|clearpoke\n|poke|p1|Scovillain, L50, F|\n|poke|p1|Primarina, L50, M|\n|poke|p1|Garchomp, L50, F|\n|poke|p1|Aerodactyl, L50, F|\n|poke|p1|Sneasler, L50, F|\n|poke|p1|Vivillon-Ocean, L50, M|\n|poke|p2|Milotic, L50, M|\n|poke|p2|Farigiraf, L50, M|\n|poke|p2|Crabominable, L50, F|\n|poke|p2|Sinistcha, L50|\n|poke|p2|Torkoal, L50, F|\n|poke|p2|Basculegion, L50, M|\n|teampreview|4\n|inactive|Battle timer is ON: inactive players will automatically lose when time's up. (requested by Blank_Playe_pract)\n|inactive|FabricioPlayApk also wants the timer to be on.\n|inactive|Blank_Playe_pract has 60 seconds left.\n|inactive|FabricioPlayApk has 60 seconds left.\n|\n|t:|1776178715\n|teamsize|p1|4\n|teamsize|p2|4\n|start\n|switch|p1a: Garchomp|Garchomp, L50, F|100/100\n|switch|p1b: Vivillon|Vivillon-Ocean, L50, M|100/100\n|switch|p2a: Sinistcha|Sinistcha, L50|100/100\n|switch|p2b: Milotic|Milotic, L50, M|100/100\n|turn|1\n|\n|t:|1776178732\n|move|p1a: Garchomp|Rock Slide|p2a: Sinistcha|[spread] p2a,p2b\n|-damage|p2a: Sinistcha|86/100\n|-damage|p2b: Milotic|81/100\n|move|p1b: Vivillon|Pollen Puff|p2a: Sinistcha\n|-damage|p2a: Sinistcha|56/100\n|move|p2b: Milotic|Flip Turn|p1b: Vivillon\n|-damage|p1b: Vivillon|78/100\n|\n|t:|1776178746\n|switch|p2b: Torkoal|Torkoal, L50, F|100/100|[from] Flip Turn\n|-weather|SunnyDay|[from] ability: Drought|[of] p2b: Torkoal\n|cant|p2a: Sinistcha|flinch\n|\n|-weather|SunnyDay|[upkeep]\n|upkeep\n|turn|2\n|\n|t:|1776178762\n|move|p2b: Torkoal|Protect|p2b: Torkoal\n|-singleturn|p2b: Torkoal|Protect\n|move|p1a: Garchomp|Earthquake|p2a: Sinistcha|[spread] p2a\n|-activate|p2b: Torkoal|move: Protect\n|-immune|p1b: Vivillon\n|-resisted|p2a: Sinistcha|1\n|-damage|p2a: Sinistcha|42/100\n|-enditem|p2a: Sinistcha|Sitrus Berry|[eat]\n|-heal|p2a: Sinistcha|67/100|[from] item: Sitrus Berry\n|move|p1b: Vivillon|Pollen Puff|p2a: Sinistcha\n|-damage|p2a: Sinistcha|35/100\n|move|p2a: Sinistcha|Trick Room|p2a: Sinistcha\n|-fieldstart|move: Trick Room|[of] p2a: Sinistcha\n|\n|-weather|SunnyDay|[upkeep]\n|upkeep\n|turn|3\n|inactive|FabricioPlayApk has 30 seconds left.\n|\n|t:|1776178788\n|switch|p2a: Milotic|Milotic, L50, M|81/100\n|move|p1b: Vivillon|Protect|p1b: Vivillon\n|-singleturn|p1b: Vivillon|Protect\n|move|p1a: Garchomp|Protect|p1a: Garchomp\n|-singleturn|p1a: Garchomp|Protect\n|move|p2b: Torkoal|Eruption|p1a: Garchomp|[spread] \n|-activate|p1a: Garchomp|move: Protect\n|-activate|p1b: Vivillon|move: Protect\n|\n|-weather|SunnyDay|[upkeep]\n|-heal|p2a: Milotic|87/100|[from] item: Leftovers\n|upkeep\n|turn|4\n|inactive|Blank_Playe_pract has 30 seconds left.\n|\n|t:|1776178817\n|move|p2a: Milotic|Helping Hand|p2b: Torkoal\n|-singleturn|p2b: Torkoal|Helping Hand|[of] p2a: Milotic\n|move|p1b: Vivillon|Rage Powder|p1b: Vivillon\n|-singleturn|p1b: Vivillon|move: Rage Powder\n|move|p2b: Torkoal|Eruption|p1b: Vivillon|[spread] p1a,p1b\n|-resisted|p1a: Garchomp|1\n|-supereffective|p1b: Vivillon|1\n|-damage|p1a: Garchomp|29/100\n|-damage|p1b: Vivillon|0 fnt\n|faint|p1b: Vivillon\n|move|p1a: Garchomp|Earthquake|p2a: Milotic|[spread] p2a,p2b\n|-supereffective|p2b: Torkoal|1\n|-damage|p2a: Milotic|43/100\n|-damage|p2b: Torkoal|42/100\n|\n|-weather|SunnyDay|[upkeep]\n|-heal|p2a: Milotic|49/100|[from] item: Leftovers\n|upkeep\n|\n|t:|1776178833\n|switch|p1b: Primarina|Primarina, L50, M|100/100\n|turn|5\n|\n|t:|1776178853\n|move|p1b: Primarina|Protect|p1b: Primarina\n|-singleturn|p1b: Primarina|Protect\n|move|p1a: Garchomp|Protect|p1a: Garchomp\n|-singleturn|p1a: Garchomp|Protect\n|move|p2b: Torkoal|Solar Beam||[still]\n|-prepare|p2b: Torkoal|Solar Beam\n|-anim|p2b: Torkoal|Solar Beam|p1b: Primarina\n|-activate|p1b: Primarina|move: Protect\n|move|p2a: Milotic|Flip Turn|p1a: Garchomp\n|-activate|p1a: Garchomp|move: Protect\n|\n|-weather|none\n|-heal|p2a: Milotic|55/100|[from] item: Leftovers\n|upkeep\n|turn|6\n|inactive|Blank_Playe_pract has 30 seconds left.\n|inactive|FabricioPlayApk has 30 seconds left.\n|\n|t:|1776178885\n|switch|p2b: Sinistcha|Sinistcha, L50|35/100\n|-heal|p2a: Milotic|80/100|[from] ability: Hospitality|[of] p2b: Sinistcha\n|switch|p1b: Aerodactyl|Aerodactyl, L50, F|100/100\n|-ability|p1b: Aerodactyl|Unnerve\n|move|p2a: Milotic|Flip Turn|p1a: Garchomp\n|-damage|p1a: Garchomp|13/100\n|-damage|p2a: Milotic|67/100|[from] ability: Rough Skin|[of] p1a: Garchomp\n|\n|t:|1776178898\n|switch|p2a: Torkoal|Torkoal, L50, F|42/100|[from] Flip Turn\n|-weather|SunnyDay|[from] ability: Drought|[of] p2a: Torkoal\n|move|p1a: Garchomp|Earthquake|p2b: Sinistcha|[spread] p2a,p2b\n|-immune|p1b: Aerodactyl\n|-supereffective|p2a: Torkoal|1\n|-resisted|p2b: Sinistcha|1\n|-damage|p2a: Torkoal|0 fnt\n|-damage|p2b: Sinistcha|21/100\n|faint|p2a: Torkoal\n|\n|-weather|SunnyDay|[upkeep]\n|-fieldend|move: Trick Room\n|upkeep\n|\n|t:|1776178916\n|switch|p2a: Milotic|Milotic, L50, M|67/100\n|turn|7\n|\n|t:|1776178930\n|move|p1b: Aerodactyl|Dual Wingbeat|p2b: Sinistcha\n|-supereffective|p2b: Sinistcha|1\n|-damage|p2b: Sinistcha|0 fnt\n|faint|p2b: Sinistcha\n|-hitcount|p2: Sinistcha|1\n|move|p1a: Garchomp|Earthquake|p2a: Milotic|[spread] p2a\n|-immune|p1b: Aerodactyl\n|-damage|p2a: Milotic|28/100\n|move|p2a: Milotic|Scald|p1a: Garchomp\n|-damage|p1a: Garchomp|0 fnt\n|faint|p1a: Garchomp\n|\n|-weather|SunnyDay|[upkeep]\n|-heal|p2a: Milotic|34/100|[from] item: Leftovers\n|upkeep\n|\n|t:|1776178946\n|switch|p1a: Primarina|Primarina, L50, M|100/100\n|switch|p2b: Crabominable|Crabominable, L50, F|100/100\n|turn|8\n|\n|t:|1776178970\n|detailschange|p2b: Crabominable|Crabominable-Mega, L50, F\n|-mega|p2b: Crabominable|Crabominable|Crabominite\n|move|p2a: Milotic|Helping Hand|p2b: Crabominable\n|-singleturn|p2b: Crabominable|Helping Hand|[of] p2a: Milotic\n|move|p1b: Aerodactyl|Dual Wingbeat|p2b: Crabominable\n|-supereffective|p2b: Crabominable|1\n|-damage|p2b: Crabominable|73/100\n|-supereffective|p2b: Crabominable|1\n|-damage|p2b: Crabominable|43/100\n|-hitcount|p2b: Crabominable|2\n|move|p1a: Primarina|Moonblast|p2a: Milotic\n|-damage|p2a: Milotic|7/100\n|move|p2b: Crabominable|Rock Slide|p1b: Aerodactyl|[spread] p1a,p1b\n|-supereffective|p1b: Aerodactyl|1\n|-damage|p1a: Primarina|53/100\n|-enditem|p1b: Aerodactyl|Focus Sash\n|-damage|p1b: Aerodactyl|1/100\n|\n|-weather|SunnyDay|[upkeep]\n|-heal|p1a: Primarina|59/100|[from] item: Leftovers\n|-heal|p2a: Milotic|13/100|[from] item: Leftovers\n|upkeep\n|turn|9\n|inactive|FabricioPlayApk has 30 seconds left.\n|c|\u2606Blank_Playe_pract|ggwp\n|\n|t:|1776178999\n|move|p2a: Milotic|Protect|p2a: Milotic\n|-singleturn|p2a: Milotic|Protect\n|move|p2b: Crabominable|Mach Punch|p1b: Aerodactyl\n|-damage|p1b: Aerodactyl|0 fnt\n|faint|p1b: Aerodactyl\n|move|p1a: Primarina|Moonblast|p2a: Milotic\n|-activate|p2a: Milotic|move: Protect\n|\n|-weather|SunnyDay|[upkeep]\n|-heal|p1a: Primarina|65/100|[from] item: Leftovers\n|-heal|p2a: Milotic|19/100|[from] item: Leftovers\n|upkeep\n|turn|10\n|\n|t:|1776179019\n|move|p2a: Milotic|Helping Hand|p2b: Crabominable\n|-singleturn|p2b: Crabominable|Helping Hand|[of] p2a: Milotic\n|move|p1a: Primarina|Hyper Voice|p2a: Milotic|[spread] p2a,p2b\n|-resisted|p2a: Milotic|1\n|-crit|p2a: Milotic\n|-damage|p2a: Milotic|12/100\n|-damage|p2b: Crabominable|29/100\n|move|p2b: Crabominable|Close Combat|p1a: Primarina\n|-resisted|p1a: Primarina|1\n|-damage|p1a: Primarina|0 fnt\n|-unboost|p2b: Crabominable|def|1\n|-unboost|p2b: Crabominable|spd|1\n|faint|p1a: Primarina\n|\n|win|FabricioPlayApk\n|raw|Blank_Playe_pract's rating: 1065 &rarr; <strong>1048</strong><br />(-17 for losing)\n|raw|FabricioPlayApk's rating: 1114 &rarr; <strong>1135</strong><br />(+21 for winning)\n|l|\u2606Blank_Playe_pract\n|player|p1|\n|l|\u2606FabricioPlayApk\n|player|p2|\n|j|\u2606FabricioPlayApk\n|player|p2|FabricioPlayApk|youngcouple-gen4dp|\n",
  "uploadtime": 1776179033,
  "views": 15,
  "formatid": "gen9championsvgc2026regma",
  "rating": 1048,
  "private": 0,
  "password": null
}