{
  "id": "gen9championsvgc2026regma-2581096713",
  "format": "[Gen 9 Champions] VGC 2026 Reg M-A",
  "players": [
    "Azure Resolution",
    "ruddyreboot"
  ],
  "log": "|j|\u2606Azure Resolution\n|j|\u2606ruddyreboot\n|t:|1775959520\n|gametype|doubles\n|player|p1|Azure Resolution|gentleman-gen4dp|1145\n|player|p2|ruddyreboot|peony|1210\n|gen|9\n|tier|[Gen 9 Champions] VGC 2026 Reg M-A\n|rated|\n|rule|Species Clause: Limit one of each Pok\u00e9mon\n|rule|Item Clause: Limit 1 of each item\n|clearpoke\n|poke|p1|Altaria, L50, F|\n|poke|p1|Whimsicott, L50, F|\n|poke|p1|Gardevoir, L50, F|\n|poke|p1|Kingambit, L50, M|\n|poke|p1|Basculegion, L50, M|\n|poke|p1|Rotom-Heat, L50|\n|poke|p2|Venusaur, L50, F|\n|poke|p2|Milotic, L50, F|\n|poke|p2|Aegislash, L50, F|\n|poke|p2|Kingambit, L50, F|\n|poke|p2|Incineroar, L50, M|\n|poke|p2|Pelipper, L50, M|\n|teampreview|4\n|inactive|Battle timer is ON: inactive players will automatically lose when time's up. (requested by ruddyreboot)\nAzure Resolution has agreed to open team sheets.\nruddyreboot has agreed to open team sheets.\n|showteam|p1|Altaria||Leftovers|CloudNine|BreakingSwipe,Tailwind,Protect,Defog|||F|||50|]Whimsicott||FocusSash|Prankster|HelpingHand,Tailwind,EnergyBall,Taunt|||F|||50|]Gardevoir||Gardevoirite|Trace|Protect,HyperVoice,Psyshock,Moonblast|||F|||50|]Kingambit||SitrusBerry|Defiant|KowtowCleave,SuckerPunch,SwordsDance,IronHead|||M|||50|]Basculegion||ChoiceScarf|Adaptability|LastRespects,FlipTurn,PsychicFangs,WaveCrash|||M|||50|]Rotom-Heat||WhiteHerb|Levitate|Overheat,Thunderbolt,NastyPlot,Protect||||||50|\n|showteam|p2|Venusaur||Venusaurite|Overgrow|LeechSeed,Protect,EarthPower,SludgeBomb|||F|||50|]Milotic||SitrusBerry|Competitive|Coil,Hypnosis,Recover,MuddyWater|||F|||50|]Aegislash||Leftovers|StanceChange|KingsShield,ShadowBall,FlashCannon,SleepTalk|||F|||50|]Kingambit||ChopleBerry|Defiant|SuckerPunch,SwordsDance,KowtowCleave,Protect|||F|||50|]Incineroar||LumBerry|Intimidate|FakeOut,PartingShot,ThroatChop,FlareBlitz|||M|||50|]Pelipper||FocusSash|Drizzle|Tailwind,Protect,Hurricane,WeatherBall|||M|||50|\n|inactive|ruddyreboot has 60 seconds left.\n|\n|t:|1775959562\n|teamsize|p1|4\n|teamsize|p2|4\n|start\n|switch|p1a: Silly Goose|Altaria, L50, F|100/100\n|switch|p1b: Rotom|Rotom-Heat, L50|100/100\n|switch|p2a: Venusaur|Venusaur, L50, F|100/100\n|switch|p2b: Kingambit|Kingambit, L50, F|100/100\n|-ability|p1a: Silly Goose|Cloud Nine\n|turn|1\n|inactive|Azure Resolution has 30 seconds left.\n|\n|t:|1775959594\n|switch|p2b: Milotic|Milotic, L50, F|100/100\n|detailschange|p2a: Venusaur|Venusaur-Mega, L50, F\n|-mega|p2a: Venusaur|Venusaur|Venusaurite\n|move|p1a: Silly Goose|Tailwind|p1a: Silly Goose\n|-sidestart|p1: Azure Resolution|move: Tailwind\n|move|p1b: Rotom|Overheat|p2b: Milotic\n|-resisted|p2b: Milotic|1\n|-damage|p2b: Milotic|76/100\n|-unboost|p1b: Rotom|spa|2\n|-enditem|p1b: Rotom|White Herb\n|-clearnegativeboost|p1b: Rotom|[silent]\n|move|p2a: Venusaur|Leech Seed|p1b: Rotom\n|-start|p1b: Rotom|move: Leech Seed\n|\n|-damage|p1b: Rotom|88/100|[from] Leech Seed|[of] p2a: Venusaur\n|upkeep\n|turn|2\n|inactive|Azure Resolution has 30 seconds left.\n|inactive|ruddyreboot has 30 seconds left.\n|inactive|Azure Resolution has 20 seconds left.\n|\n|t:|1775959632\n|switch|p1a: Basculegion|Basculegion, L50, M|100/100\n|move|p1b: Rotom|Overheat|p2a: Venusaur\n|-supereffective|p2a: Venusaur|1\n|-damage|p2a: Venusaur|59/100\n|-unboost|p1b: Rotom|spa|2\n|move|p2b: Milotic|Coil|p2b: Milotic\n|-boost|p2b: Milotic|atk|1\n|-boost|p2b: Milotic|def|1\n|-boost|p2b: Milotic|accuracy|1\n|move|p2a: Venusaur|Leech Seed|p1a: Basculegion\n|-start|p1a: Basculegion|move: Leech Seed\n|\n|-damage|p1a: Basculegion|88/100|[from] Leech Seed|[of] p2a: Venusaur\n|-heal|p2a: Venusaur|72/100|[silent]\n|-damage|p1b: Rotom|76/100|[from] Leech Seed|[of] p2a: Venusaur\n|-heal|p2a: Venusaur|82/100|[silent]\n|upkeep\n|turn|3\n|inactive|Azure Resolution has 30 seconds left.\n|\n|t:|1775959661\n|switch|p1b: Silly Goose|Altaria, L50, F|100/100\n|-ability|p1b: Silly Goose|Cloud Nine\n|move|p1a: Basculegion|Psychic Fangs|p2a: Venusaur\n|-supereffective|p2a: Venusaur|1\n|-damage|p2a: Venusaur|37/100\n|move|p2b: Milotic|Hypnosis|p1a: Basculegion|[miss]\n|-miss|p2b: Milotic|p1a: Basculegion\n|move|p2a: Venusaur|Sludge Bomb|p1b: Silly Goose\n|-damage|p1b: Silly Goose|74/100\n|\n|-heal|p1b: Silly Goose|80/100|[from] item: Leftovers\n|-damage|p1a: Basculegion|76/100|[from] Leech Seed|[of] p2a: Venusaur\n|-heal|p2a: Venusaur|50/100|[silent]\n|upkeep\n|turn|4\n|\n|t:|1775959682\n|move|p2a: Venusaur|Protect|p2a: Venusaur\n|-singleturn|p2a: Venusaur|Protect\n|move|p1a: Basculegion|Psychic Fangs|p2a: Venusaur\n|-activate|p2a: Venusaur|move: Protect\n|move|p1b: Silly Goose|Breaking Swipe|p2b: Milotic|[spread] p2b\n|-activate|p2a: Venusaur|move: Protect\n|-damage|p2b: Milotic|70/100\n|-unboost|p2b: Milotic|atk|1\n|-ability|p2b: Milotic|Competitive|boost\n|-boost|p2b: Milotic|spa|2\n|move|p2b: Milotic|Hypnosis|p1a: Basculegion\n|-status|p1a: Basculegion|slp|[from] move: Hypnosis\n|\n|-heal|p1b: Silly Goose|86/100|[from] item: Leftovers\n|-damage|p1a: Basculegion|64/100 slp|[from] Leech Seed|[of] p2a: Venusaur\n|-heal|p2a: Venusaur|63/100|[silent]\n|-sideend|p1: Azure Resolution|move: Tailwind\n|upkeep\n|turn|5\n|inactive|Azure Resolution has 30 seconds left.\n|\n|t:|1775959711\n|switch|p1a: Rotom|Rotom-Heat, L50|76/100\n|move|p2b: Milotic|Muddy Water|p1b: Silly Goose|[spread] p1a,p1b\n|-supereffective|p1a: Rotom|1\n|-resisted|p1b: Silly Goose|1\n|-damage|p1a: Rotom|0 fnt\n|-damage|p1b: Silly Goose|71/100\n|-unboost|p1b: Silly Goose|accuracy|1\n|faint|p1a: Rotom\n|move|p1b: Silly Goose|Tailwind|p1b: Silly Goose\n|-sidestart|p1: Azure Resolution|move: Tailwind\n|move|p2a: Venusaur|Leech Seed|p1b: Silly Goose|[miss]\n|-miss|p2a: Venusaur|p1b: Silly Goose\n|\n|-heal|p1b: Silly Goose|77/100|[from] item: Leftovers\n|upkeep\n|\n|t:|1775959722\n|switch|p1a: Gardevoir|Gardevoir, L50, F, shiny|100/100\n|-ability|p1a: Gardevoir|Competitive|Trace|[from] ability: Trace|[of] p2b: Milotic\n|turn|6\n|\n|t:|1775959737\n|switch|p2a: Kingambit|Kingambit, L50, F|100/100\n|detailschange|p1a: Gardevoir|Gardevoir-Mega, L50, F, shiny\n|-mega|p1a: Gardevoir|Gardevoir|Gardevoirite\n|move|p1a: Gardevoir|Psyshock|p2a: Kingambit\n|-immune|p2a: Kingambit\n|move|p1b: Silly Goose|Breaking Swipe|p2b: Milotic|[spread] \n|-miss|p1b: Silly Goose|p2a: Kingambit\n|-miss|p1b: Silly Goose|p2b: Milotic\n|move|p2b: Milotic|Hypnosis|p1a: Gardevoir\n|-status|p1a: Gardevoir|slp|[from] move: Hypnosis\n|\n|-heal|p1b: Silly Goose|83/100|[from] item: Leftovers\n|upkeep\n|turn|7\n|c|\u2606Azure Resolution|HOLY\n|inactive|Azure Resolution has 30 seconds left.\n|inactive|Azure Resolution has 20 seconds left.\n|inactive|Azure Resolution has 15 seconds left.\n|\n|t:|1775959777\n|move|p1b: Silly Goose|Protect|p1b: Silly Goose\n|-singleturn|p1b: Silly Goose|Protect\n|cant|p1a: Gardevoir|slp\n|move|p2b: Milotic|Muddy Water|p1b: Silly Goose|[spread] p1a\n|-activate|p1b: Silly Goose|move: Protect\n|-crit|p1a: Gardevoir\n|-damage|p1a: Gardevoir|34/100 slp\n|move|p2a: Kingambit|Swords Dance|p2a: Kingambit\n|-boost|p2a: Kingambit|atk|2\n|\n|-heal|p1b: Silly Goose|89/100|[from] item: Leftovers\n|upkeep\n|turn|8\n|inactive|Azure Resolution has 30 seconds left.\n|\n|t:|1775959803\n|cant|p1a: Gardevoir|slp\n|move|p1b: Silly Goose|Defog|p2a: Kingambit\n|-unboost|p2a: Kingambit|evasion|1\n|-ability|p2a: Kingambit|Defiant|boost\n|-boost|p2a: Kingambit|atk|2\n|move|p2b: Milotic|Muddy Water|p1a: Gardevoir|[spread] p1a,p1b\n|-resisted|p1b: Silly Goose|1\n|-damage|p1a: Gardevoir|0 fnt\n|-damage|p1b: Silly Goose|71/100\n|faint|p1a: Gardevoir\n|move|p2a: Kingambit|Kowtow Cleave|p1b: Silly Goose\n|-damage|p1b: Silly Goose|0 fnt\n|faint|p1b: Silly Goose\n|\n|-sideend|p1: Azure Resolution|move: Tailwind\n|upkeep\n|\n|t:|1775959815\n|switch|p1b: Basculegion|Basculegion, L50, M|64/100 slp\n|turn|9\n|\n|t:|1775959824\n|move|p2a: Kingambit|Sucker Punch|p1b: Basculegion\n|-supereffective|p1b: Basculegion|1\n|-damage|p1b: Basculegion|0 fnt\n|faint|p1b: Basculegion\n|\n|win|ruddyreboot\n|raw|Azure Resolution's rating: 1145 &rarr; <strong>1125</strong><br />(-20 for losing)\n|raw|ruddyreboot's rating: 1210 &rarr; <strong>1230</strong><br />(+20 for winning)\n|l|\u2606ruddyreboot\n|player|p2|\n",
  "uploadtime": 1775959833,
  "views": 49,
  "formatid": "gen9championsvgc2026regma",
  "rating": 1125,
  "private": 0,
  "password": null
}