{
  "id": "gen9championsvgc2026regma-2587739804",
  "format": "[Gen 9 Champions] VGC 2026 Reg M-A",
  "players": [
    "Anicredible",
    "stonee_boi"
  ],
  "log": "|j|\u2606Anicredible\n|j|\u2606stonee_boi\n|t:|1776559188\n|gametype|doubles\n|player|p1|Anicredible|schoolkid-gen4|1077\n|player|p2|stonee_boi|fisherman-gen4|1040\n|gen|9\n|tier|[Gen 9 Champions] VGC 2026 Reg M-A\n|rated|\n|rule|Species Clause: Limit one of each Pok\u00e9mon\n|rule|Item Clause: Limit 1 of each item\n|clearpoke\n|poke|p1|Kangaskhan, L50, F|\n|poke|p1|Sinistcha, L50|\n|poke|p1|Sneasler, L50, F|\n|poke|p1|Whimsicott, L50, F|\n|poke|p1|Corviknight, L50, F|\n|poke|p1|Primarina, L50, M|\n|poke|p2|Excadrill, L50, M|\n|poke|p2|Araquanid, L50, F|\n|poke|p2|Tyranitar, L50, M|\n|poke|p2|Chimecho, L50, F, shiny|\n|poke|p2|Sableye, L50, F|\n|poke|p2|Krookodile, L50, M|\n|teampreview|4\n|inactive|Battle timer is ON: inactive players will automatically lose when time's up. (requested by stonee_boi)\n|inactive|Anicredible also wants the timer to be on.\nAnicredible rejected open team sheets.\n|inactive|Anicredible has 60 seconds left.\n|\n|t:|1776559219\n|teamsize|p1|4\n|teamsize|p2|4\n|start\n|switch|p1a: Kangaskhan|Kangaskhan, L50, F|100/100\n|switch|p1b: Sneasler|Sneasler, L50, F|100/100\n|switch|p2a: Chimecho|Chimecho, L50, F, shiny|100/100\n|switch|p2b: Sableye|Sableye, L50, F|100/100\n|turn|1\n|\n|t:|1776559242\n|detailschange|p1a: Kangaskhan|Kangaskhan-Mega, L50, F\n|-mega|p1a: Kangaskhan|Kangaskhan|Kangaskhanite\n|move|p2b: Sableye|Fake Out|p1a: Kangaskhan\n|-damage|p1a: Kangaskhan|95/100\n|move|p1b: Sneasler|Coaching|p1a: Kangaskhan\n|-boost|p1a: Kangaskhan|atk|1\n|-boost|p1a: Kangaskhan|def|1\n|cant|p1a: Kangaskhan|flinch\n|move|p2a: Chimecho|Calm Mind|p2a: Chimecho\n|-boost|p2a: Chimecho|spa|1\n|-boost|p2a: Chimecho|spd|1\n|\n|upkeep\n|turn|2\n|inactive|Anicredible has 30 seconds left.\n|inactive|stonee_boi has 30 seconds left.\n|\n|t:|1776559273\n|detailschange|p2a: Chimecho|Chimecho-Mega, L50, F, shiny\n|-mega|p2a: Chimecho|Chimecho|Chimechite\n|move|p2b: Sableye|Encore|p1b: Sneasler\n|-start|p1b: Sneasler|Encore\n|move|p1b: Sneasler|Coaching|p1a: Kangaskhan\n|-boost|p1a: Kangaskhan|atk|1\n|-boost|p1a: Kangaskhan|def|1\n|move|p1a: Kangaskhan|Double-Edge|p2a: Chimecho\n|-resisted|p2a: Chimecho|1\n|-damage|p2a: Chimecho|61/100\n|-resisted|p2a: Chimecho|1\n|-damage|p2a: Chimecho|51/100\n|-hitcount|p2a: Chimecho|2\n|-damage|p1a: Kangaskhan|82/100|[from] Recoil\n|move|p2a: Chimecho|Calm Mind|p2a: Chimecho\n|-boost|p2a: Chimecho|spa|1\n|-boost|p2a: Chimecho|spd|1\n|\n|upkeep\n|turn|3\n|\n|t:|1776559294\n|move|p1b: Sneasler|Coaching|p1a: Kangaskhan\n|-boost|p1a: Kangaskhan|atk|1\n|-boost|p1a: Kangaskhan|def|1\n|move|p1a: Kangaskhan|Double-Edge|p2a: Chimecho\n|-resisted|p2a: Chimecho|1\n|-damage|p2a: Chimecho|0 fnt\n|faint|p2a: Chimecho\n|-hitcount|p2: Chimecho|1\n|-damage|p1a: Kangaskhan|69/100|[from] Recoil\n|move|p2b: Sableye|Foul Play|p1a: Kangaskhan\n|-damage|p1a: Kangaskhan|31/100\n|\n|upkeep\n|\n|t:|1776559306\n|switch|p2a: Araquanid|Araquanid, L50, F|100/100\n|turn|4\n|\n|t:|1776559315\n|move|p1a: Kangaskhan|Sucker Punch|p2b: Sableye\n|-damage|p2b: Sableye|25/100\n|-damage|p2b: Sableye|8/100\n|-hitcount|p2b: Sableye|2\n|move|p1b: Sneasler|Coaching|p1a: Kangaskhan\n|-boost|p1a: Kangaskhan|atk|1\n|-boost|p1a: Kangaskhan|def|1\n|move|p2b: Sableye|Foul Play|p1a: Kangaskhan\n|-damage|p1a: Kangaskhan|0 fnt\n|faint|p1a: Kangaskhan\n|move|p2a: Araquanid|Liquidation|p1b: Sneasler\n|-damage|p1b: Sneasler|6/100\n|\n|-heal|p2b: Sableye|14/100|[from] item: Leftovers\n|-end|p1b: Sneasler|Encore\n|upkeep\n|\n|t:|1776559339\n|switch|p1a: Whimsicott|Whimsicott, L50, F|100/100\n|turn|5\n|-activate|p2a: Araquanid|item: Quick Claw\n|\n|t:|1776559351\n|move|p2b: Sableye|Recover|p2b: Sableye\n|-heal|p2b: Sableye|64/100\n|move|p2a: Araquanid|Icy Wind|p1b: Sneasler|[spread] p1a,p1b\n|-supereffective|p1a: Whimsicott|1\n|-damage|p1a: Whimsicott|83/100\n|-damage|p1b: Sneasler|0 fnt\n|-unboost|p1a: Whimsicott|spe|1\n|faint|p1b: Sneasler\n|move|p1a: Whimsicott|Moonblast|p2b: Sableye\n|-supereffective|p2b: Sableye|1\n|-damage|p2b: Sableye|0 fnt\n|faint|p2b: Sableye\n|\n|upkeep\n|\n|t:|1776559363\n|switch|p1b: Corviknight|Corviknight, L50, F|100/100\n|switch|p2b: Krookodile|Krookodile, L50, M|100/100\n|-ability|p2b: Krookodile|Intimidate|boost\n|-unboost|p1a: Whimsicott|atk|1\n|-ability|p1b: Corviknight|Mirror Armor\n|-unboost|p2b: Krookodile|atk|1\n|turn|6\n|inactive|Anicredible has 30 seconds left.\n|\n|t:|1776559390\n|move|p2b: Krookodile|Rock Slide|p1b: Corviknight|[spread] p1a,p1b\n|-damage|p1a: Whimsicott|64/100\n|-damage|p1b: Corviknight|91/100\n|move|p1a: Whimsicott|Moonblast|p2b: Krookodile\n|-supereffective|p2b: Krookodile|1\n|-damage|p2b: Krookodile|2/100\n|-unboost|p2b: Krookodile|spa|1\n|move|p1b: Corviknight|Brave Bird|p2a: Araquanid\n|-supereffective|p2a: Araquanid|1\n|-damage|p2a: Araquanid|34/100\n|-damage|p1b: Corviknight|73/100|[from] Recoil\n|move|p2a: Araquanid|Liquidation|p1b: Corviknight\n|-damage|p1b: Corviknight|30/100\n|\n|-heal|p1b: Corviknight|36/100|[from] item: Leftovers\n|upkeep\n|turn|7\n|\n|t:|1776559411\n|move|p1a: Whimsicott|Tailwind|p1a: Whimsicott\n|-sidestart|p1: Anicredible|move: Tailwind\n|move|p2b: Krookodile|Rock Slide|p1b: Corviknight|[spread] p1a,p1b\n|-damage|p1a: Whimsicott|44/100\n|-damage|p1b: Corviknight|27/100\n|move|p1b: Corviknight|Brave Bird|p2a: Araquanid\n|-supereffective|p2a: Araquanid|1\n|-damage|p2a: Araquanid|0 fnt\n|faint|p2a: Araquanid\n|-damage|p1b: Corviknight|18/100|[from] Recoil\n|\n|-heal|p1b: Corviknight|23/100|[from] item: Leftovers\n|upkeep\n|turn|8\n|c|\u2606Anicredible|ggwp\n|\n|t:|1776559428\n|move|p1a: Whimsicott|Moonblast|p2b: Krookodile\n|-supereffective|p2b: Krookodile|1\n|-damage|p2b: Krookodile|0 fnt\n|faint|p2b: Krookodile\n|\n|win|Anicredible\n|raw|Anicredible's rating: 1077 &rarr; <strong>1102</strong><br />(+25 for winning)\n|raw|stonee_boi's rating: 1040 &rarr; <strong>1026</strong><br />(-14 for losing)\n",
  "uploadtime": 1776559431,
  "views": 13,
  "formatid": "gen9championsvgc2026regma",
  "rating": 1026,
  "private": 0,
  "password": null
}