{
  "id": "gen9championsvgc2026regma-2585918763",
  "format": "[Gen 9 Champions] VGC 2026 Reg M-A",
  "players": [
    "PandaOLord",
    "AftLeogamer71"
  ],
  "log": "|j|\u2606PandaOLord\n|j|\u2606AftLeogamer71\n|t:|1776381411\n|gametype|doubles\n|player|p1|PandaOLord|170|1000\n|player|p2|AftLeogamer71|pokemaniac|1055\n|gen|9\n|tier|[Gen 9 Champions] VGC 2026 Reg M-A\n|rated|\n|rule|Species Clause: Limit one of each Pok\u00e9mon\n|rule|Item Clause: Limit 1 of each item\n|clearpoke\n|poke|p1|Ninetales-Alola, L50, F|\n|poke|p1|Sylveon, L50, F|\n|poke|p1|Incineroar, L50, F|\n|poke|p1|Garchomp, L50, M|\n|poke|p1|Talonflame, L50, M|\n|poke|p1|Rotom-Wash, L50|\n|poke|p2|Pelipper, L50, F|\n|poke|p2|Dragonite, L50, F|\n|poke|p2|Archaludon, L50, M|\n|poke|p2|Basculegion, L50, M|\n|poke|p2|Sneasler, L50, F|\n|poke|p2|Rotom-Heat, L50|\n|teampreview|4\n|\n|t:|1776381443\n|teamsize|p1|4\n|teamsize|p2|4\n|start\n|switch|p1a: WashingMachine|Rotom-Wash, L50|100/100\n|switch|p1b: Landshark|Garchomp, L50, M|100/100\n|switch|p2a: Sneasler|Sneasler, L50, F|100/100\n|switch|p2b: Basculegion|Basculegion, L50, M|100/100\n|turn|1\n|\n|t:|1776381480\n|move|p2a: Sneasler|Fake Out|p1b: Landshark\n|-damage|p1b: Landshark|89/100\n|-damage|p2a: Sneasler|88/100|[from] ability: Rough Skin|[of] p1b: Landshark\n|cant|p1b: Landshark|flinch\n|move|p2b: Basculegion|Last Respects|p1a: WashingMachine\n|-damage|p1a: WashingMachine|66/100\n|move|p1a: WashingMachine|Reflect|p1a: WashingMachine\n|-sidestart|p1: PandaOLord|Reflect\n|\n|-heal|p1a: WashingMachine|72/100|[from] item: Leftovers\n|upkeep\n|turn|2\n|\n|t:|1776381505\n|move|p2a: Sneasler|Close Combat|p1b: Landshark\n|-damage|p1b: Landshark|52/100\n|-unboost|p2a: Sneasler|def|1\n|-unboost|p2a: Sneasler|spd|1\n|-damage|p2a: Sneasler|76/100|[from] ability: Rough Skin|[of] p1b: Landshark\n|-enditem|p2a: Sneasler|White Herb\n|-clearnegativeboost|p2a: Sneasler|[silent]\n|move|p1b: Landshark|Stealth Rock|p2a: Sneasler\n|-sidestart|p2: AftLeogamer71|move: Stealth Rock\n|move|p2b: Basculegion|Flip Turn|p1a: WashingMachine\n|-resisted|p1a: WashingMachine|1\n|-damage|p1a: WashingMachine|57/100\n|\n|t:|1776381517\n|switch|p2b: Dragonite|Dragonite, L50, F|100/100|[from] Flip Turn\n|-damage|p2b: Dragonite|75/100|[from] Stealth Rock\n|move|p1a: WashingMachine|Light Screen|p1a: WashingMachine\n|-sidestart|p1: PandaOLord|move: Light Screen\n|\n|-heal|p1a: WashingMachine|63/100|[from] item: Leftovers\n|upkeep\n|turn|3\n|\n|t:|1776381538\n|detailschange|p2b: Dragonite|Dragonite-Mega, L50, F\n|-mega|p2b: Dragonite|Dragonite|Dragoninite\n|move|p2a: Sneasler|Protect|p2a: Sneasler\n|-singleturn|p2a: Sneasler|Protect\n|move|p2b: Dragonite|Dragon Pulse|p1b: Landshark\n|-supereffective|p1b: Landshark|1\n|-damage|p1b: Landshark|0 fnt\n|faint|p1b: Landshark\n|move|p1a: WashingMachine|Volt Switch|p2b: Dragonite\n|-damage|p2b: Dragonite|45/100\n|\n|t:|1776381547\n|switch|p1a: Pink-Bean|Sylveon, L50, F|100/100|[from] Volt Switch\n|\n|upkeep\n|\n|t:|1776381557\n|switch|p1b: Red-Cat|Incineroar, L50, F|100/100\n|-ability|p1b: Red-Cat|Intimidate|boost\n|-unboost|p2a: Sneasler|atk|1\n|-unboost|p2b: Dragonite|atk|1\n|turn|4\n|\n|t:|1776381590\n|switch|p2b: Pelipper|Pelipper, L50, F|100/100\n|-damage|p2b: Pelipper|76/100|[from] Stealth Rock\n|-weather|RainDance|[from] ability: Drizzle|[of] p2b: Pelipper\n|move|p1b: Red-Cat|Fake Out|p2b: Pelipper\n|-damage|p2b: Pelipper|57/100\n|move|p2a: Sneasler|Dire Claw|p1a: Pink-Bean\n|-supereffective|p1a: Pink-Bean|1\n|-damage|p1a: Pink-Bean|62/100\n|move|p1a: Pink-Bean|Hyper Voice|p2b: Pelipper|[spread] p2a,p2b\n|-damage|p2a: Sneasler|13/100\n|-damage|p2b: Pelipper|0 fnt\n|faint|p2b: Pelipper\n|\n|-weather|RainDance|[upkeep]\n|upkeep\n|\n|t:|1776381608\n|switch|p2b: Basculegion|Basculegion, L50, M|100/100\n|-damage|p2b: Basculegion|88/100|[from] Stealth Rock\n|turn|5\n|\n|t:|1776381628\n|switch|p1b: WashingMachine|Rotom-Wash, L50|63/100\n|move|p2a: Sneasler|Close Combat|p1b: WashingMachine\n|-damage|p1b: WashingMachine|31/100\n|-unboost|p2a: Sneasler|def|1\n|-unboost|p2a: Sneasler|spd|1\n|move|p2b: Basculegion|Flip Turn|p1a: Pink-Bean\n|-damage|p1a: Pink-Bean|22/100\n|\n|t:|1776381638\n|switch|p2b: Dragonite|Dragonite-Mega, L50, F|45/100|[from] Flip Turn\n|-damage|p2b: Dragonite|20/100|[from] Stealth Rock\n|move|p1a: Pink-Bean|Hyper Voice|p2a: Sneasler|[spread] p2a,p2b\n|-supereffective|p2b: Dragonite|1\n|-damage|p2a: Sneasler|0 fnt\n|-damage|p2b: Dragonite|0 fnt\n|faint|p2a: Sneasler\n|faint|p2b: Dragonite\n|\n|-weather|RainDance|[upkeep]\n|-heal|p1b: WashingMachine|36/100|[from] item: Leftovers\n|-sideend|p1: PandaOLord|Reflect\n|upkeep\n|-message|AftLeogamer71 forfeited.\n|\n|win|PandaOLord\n|raw|PandaOLord's rating: 1000 &rarr; <strong>1046</strong><br />(+46 for winning)\n|raw|AftLeogamer71's rating: 1055 &rarr; <strong>1034</strong><br />(-21 for losing)\n|l|\u2606AftLeogamer71\n|player|p2|\n",
  "uploadtime": 1776382352,
  "views": 18,
  "formatid": "gen9championsvgc2026regma",
  "rating": 1034,
  "private": 0,
  "password": null
}