{
  "id": "gen9championsvgc2026regma-2586387307",
  "format": "[Gen 9 Champions] VGC 2026 Reg M-A",
  "players": [
    "Fucuru",
    "Zeedee"
  ],
  "log": "|j|\u2606Fucuru\n|j|\u2606Zeedee\n|t:|1776430969\n|gametype|doubles\n|player|p1|Fucuru|1|1164\n|player|p2|Zeedee|tulip|1139\n|gen|9\n|tier|[Gen 9 Champions] VGC 2026 Reg M-A\n|rated|\n|rule|Species Clause: Limit one of each Pok\u00e9mon\n|rule|Item Clause: Limit 1 of each item\n|clearpoke\n|poke|p1|Dragonite, L50, F|\n|poke|p1|Pelipper, L50, M|\n|poke|p1|Heliolisk, L50, M|\n|poke|p1|Archaludon, L50, F|\n|poke|p1|Basculegion, L50, M|\n|poke|p1|Incineroar, L50, M|\n|poke|p2|Incineroar, L50, M|\n|poke|p2|Sneasler, L50, F|\n|poke|p2|Aggron, L50, F|\n|poke|p2|Sylveon, L50, F|\n|poke|p2|Rotom-Wash, L50|\n|poke|p2|Sinistcha, L50|\n|teampreview|4\nFucuru rejected open team sheets.\n|\n|t:|1776430995\n|teamsize|p1|4\n|teamsize|p2|4\n|start\n|switch|p1a: Pelipper|Pelipper, L50, M|100/100\n|switch|p1b: Archaludon|Archaludon, L50, F|100/100\n|switch|p2a: Incineroar|Incineroar, L50, M|100/100\n|switch|p2b: Sylveon|Sylveon, L50, F, shiny|100/100\n|-ability|p2a: Incineroar|Intimidate|boost\n|-unboost|p1a: Pelipper|atk|1\n|-unboost|p1b: Archaludon|atk|1\n|-weather|RainDance|[from] ability: Drizzle|[of] p1a: Pelipper\n|turn|1\n|\n|t:|1776431023\n|move|p2a: Incineroar|Fake Out|p1b: Archaludon\n|-resisted|p1b: Archaludon|1\n|-damage|p1b: Archaludon|95/100\n|cant|p1b: Archaludon|flinch\n|move|p1a: Pelipper|Tailwind|p1a: Pelipper\n|-sidestart|p1: Fucuru|move: Tailwind\n|move|p2b: Sylveon|Calm Mind|p2b: Sylveon\n|-boost|p2b: Sylveon|spa|1\n|-boost|p2b: Sylveon|spd|1\n|\n|-weather|RainDance|[upkeep]\n|upkeep\n|turn|2\n|\n|t:|1776431035\n|move|p2b: Sylveon|Protect|p2b: Sylveon\n|-singleturn|p2b: Sylveon|Protect\n|move|p1b: Archaludon|Electro Shot||[still]\n|-prepare|p1b: Archaludon|Electro Shot\n|-boost|p1b: Archaludon|spa|1\n|-anim|p1b: Archaludon|Electro Shot|p2b: Sylveon\n|-activate|p2b: Sylveon|move: Protect\n|move|p1a: Pelipper|Chilling Water|p2a: Incineroar\n|-supereffective|p2a: Incineroar|1\n|-damage|p2a: Incineroar|50/100\n|-unboost|p2a: Incineroar|atk|1\n|-enditem|p2a: Incineroar|Sitrus Berry|[eat]\n|-heal|p2a: Incineroar|75/100|[from] item: Sitrus Berry\n|move|p2a: Incineroar|Parting Shot|p1b: Archaludon\n|-unboost|p1b: Archaludon|atk|1\n|-unboost|p1b: Archaludon|spa|1\n|\n|t:|1776431050\n|switch|p2a: Sneasler|Sneasler, L50, F|100/100|[from] Parting Shot\n|\n|-weather|RainDance|[upkeep]\n|upkeep\n|turn|3\n|\n|t:|1776431089\n|move|p2a: Sneasler|Fake Out|p1b: Archaludon\n|-resisted|p1b: Archaludon|1\n|-damage|p1b: Archaludon|89/100\n|cant|p1b: Archaludon|flinch\n|move|p1a: Pelipper|Chilling Water|p2a: Sneasler\n|-damage|p2a: Sneasler|66/100\n|-unboost|p2a: Sneasler|atk|1\n|-enditem|p2a: Sneasler|White Herb\n|-clearnegativeboost|p2a: Sneasler|[silent]\n|move|p2b: Sylveon|Hyper Voice|p1b: Archaludon|[spread] p1a,p1b\n|-damage|p1a: Pelipper|14/100\n|-damage|p1b: Archaludon|0 fnt\n|faint|p1b: Archaludon\n|\n|-weather|RainDance|[upkeep]\n|-heal|p1a: Pelipper|20/100|[from] item: Leftovers\n|upkeep\n|\n|t:|1776431107\n|switch|p1b: Basculegion|Basculegion, L50, M|100/100\n|turn|4\n|\n|t:|1776431120\n|move|p1b: Basculegion|Psychic Fangs|p2a: Sneasler\n|-supereffective|p2a: Sneasler|2\n|-damage|p2a: Sneasler|0 fnt\n|faint|p2a: Sneasler\n|move|p1a: Pelipper|Chilling Water|p2b: Sylveon\n|-damage|p2b: Sylveon|89/100\n|-unboost|p2b: Sylveon|atk|1\n|move|p2b: Sylveon|Hyper Voice|p1a: Pelipper|[spread] p1a,p1b\n|-damage|p1a: Pelipper|0 fnt\n|-damage|p1b: Basculegion|10/100\n|faint|p1a: Pelipper\n|\n|-weather|RainDance|[upkeep]\n|-sideend|p1: Fucuru|move: Tailwind\n|upkeep\n|\n|t:|1776431131\n|switch|p2a: Incineroar|Incineroar, L50, M|75/100\n|switch|p1a: Dragonite|Dragonite, L50, F|100/100\n|-ability|p2a: Incineroar|Intimidate|boost\n|-unboost|p1a: Dragonite|atk|1\n|-unboost|p1b: Basculegion|atk|1\n|turn|5\n|\n|t:|1776431138\n|detailschange|p1a: Dragonite|Dragonite-Mega, L50, F\n|-mega|p1a: Dragonite|Dragonite|Dragoninite\n|move|p2a: Incineroar|Fake Out|p1a: Dragonite\n|-damage|p1a: Dragonite|96/100\n|move|p1b: Basculegion|Psychic Fangs|p2b: Sylveon\n|-damage|p2b: Sylveon|59/100\n|cant|p1a: Dragonite|flinch\n|move|p2b: Sylveon|Hyper Voice|p1b: Basculegion|[spread] p1a,p1b\n|-supereffective|p1a: Dragonite|1\n|-damage|p1a: Dragonite|0 fnt\n|-damage|p1b: Basculegion|0 fnt\n|faint|p1a: Dragonite\n|faint|p1b: Basculegion\n|\n|win|Zeedee\n|raw|Fucuru's rating: 1164 &rarr; <strong>1137</strong><br />(-27 for losing)\n|raw|Zeedee's rating: 1139 &rarr; <strong>1166</strong><br />(+27 for winning)\n",
  "uploadtime": 1776431151,
  "views": 28,
  "formatid": "gen9championsvgc2026regma",
  "rating": 1137,
  "private": 0,
  "password": null
}