{
  "id": "gen9championsvgc2026regma-2586915834",
  "format": "[Gen 9 Champions] VGC 2026 Reg M-A",
  "players": [
    "Paperpoke123",
    "Whatever0512"
  ],
  "log": "|j|\u2606Paperpoke123\n|j|\u2606Whatever0512\n|t:|1776471460\n|gametype|doubles\n|player|p1|Paperpoke123|roxie|1173\n|player|p2|Whatever0512|265|1087\n|gen|9\n|tier|[Gen 9 Champions] VGC 2026 Reg M-A\n|rated|\n|rule|Species Clause: Limit one of each Pok\u00e9mon\n|rule|Item Clause: Limit 1 of each item\n|clearpoke\n|poke|p1|Tyranitar, L50, F|\n|poke|p1|Excadrill, L50, M|\n|poke|p1|Garchomp, L50, F|\n|poke|p1|Whimsicott, L50, F|\n|poke|p1|Milotic, L50, M|\n|poke|p1|Incineroar, L50, F|\n|poke|p2|Excadrill, L50, F|\n|poke|p2|Tyranitar, L50, F|\n|poke|p2|Corviknight, L50, F|\n|poke|p2|Kommo-o, L50, M|\n|poke|p2|Sinistcha, L50|\n|poke|p2|Incineroar, L50, M|\n|teampreview|4\n|inactive|Battle timer is ON: inactive players will automatically lose when time's up. (requested by Paperpoke123)\nPaperpoke123 rejected open team sheets.\n|c|\u2606Paperpoke123|LARPER\n|inactive|Paperpoke123 has 60 seconds left.\n|inactive|Whatever0512 has 60 seconds left.\n|\n|t:|1776471506\n|teamsize|p1|4\n|teamsize|p2|4\n|start\n|switch|p1a: Tyranitar|Tyranitar, L50, F|100/100\n|switch|p1b: Excadrill|Excadrill, L50, M|100/100\n|switch|p2a: Corviknight|Corviknight, L50, F|100/100\n|switch|p2b: Kommo-o|Kommo-o, L50, M|100/100\n|-weather|Sandstorm|[from] ability: Sand Stream|[of] p1a: Tyranitar\n|turn|1\n|\n|t:|1776471527\n|switch|p1b: Whimsicott|Whimsicott, L50, F|100/100\n|move|p1a: Tyranitar|Protect|p1a: Tyranitar\n|-singleturn|p1a: Tyranitar|Protect\n|move|p2b: Kommo-o|Clangorous Soul|p2b: Kommo-o\n|-boost|p2b: Kommo-o|atk|1\n|-boost|p2b: Kommo-o|def|1\n|-boost|p2b: Kommo-o|spa|1\n|-boost|p2b: Kommo-o|spd|1\n|-boost|p2b: Kommo-o|spe|1\n|-damage|p2b: Kommo-o|68/100\n|move|p2a: Corviknight|Tailwind|p2a: Corviknight\n|-sidestart|p2: Whatever0512|move: Tailwind\n|\n|-weather|Sandstorm|[upkeep]\n|-damage|p1b: Whimsicott|95/100|[from] Sandstorm\n|upkeep\n|turn|2\n|\n|t:|1776471548\n|switch|p1a: Incineroar|Incineroar, L50, F|100/100\n|-ability|p1a: Incineroar|Intimidate|boost\n|-ability|p2a: Corviknight|Mirror Armor\n|-unboost|p1a: Incineroar|atk|1\n|-unboost|p2b: Kommo-o|atk|1\n|move|p2b: Kommo-o|Protect|p2b: Kommo-o\n|-singleturn|p2b: Kommo-o|Protect\n|move|p1b: Whimsicott|Encore|p2b: Kommo-o\n|-activate|p2b: Kommo-o|move: Protect\n|move|p2a: Corviknight|Brave Bird|p1b: Whimsicott\n|-supereffective|p1b: Whimsicott|1\n|-damage|p1b: Whimsicott|0 fnt\n|faint|p1b: Whimsicott\n|-damage|p2a: Corviknight|79/100|[from] Recoil\n|\n|-weather|Sandstorm|[upkeep]\n|-damage|p1a: Incineroar|95/100|[from] Sandstorm\n|-heal|p2a: Corviknight|85/100|[from] item: Leftovers\n|upkeep\n|\n|t:|1776471556\n|switch|p1b: Tyranitar|Tyranitar, L50, F|100/100\n|turn|3\n|\n|t:|1776471574\n|detailschange|p1b: Tyranitar|Tyranitar-Mega, L50, F\n|-mega|p1b: Tyranitar|Tyranitar|Tyranitarite\n|move|p1a: Incineroar|Fake Out|p2b: Kommo-o\n|-damage|p2b: Kommo-o|62/100\n|cant|p2b: Kommo-o|flinch\n|move|p2a: Corviknight|Bulk Up|p2a: Corviknight\n|-boost|p2a: Corviknight|atk|1\n|-boost|p2a: Corviknight|def|1\n|move|p1b: Tyranitar|Ice Punch|p2b: Kommo-o\n|-supereffective|p2b: Kommo-o|1\n|-damage|p2b: Kommo-o|26/100\n|\n|-weather|Sandstorm|[upkeep]\n|-damage|p1a: Incineroar|89/100|[from] Sandstorm\n|-heal|p2a: Corviknight|91/100|[from] item: Leftovers\n|upkeep\n|turn|4\n|\n|t:|1776471596\n|move|p1b: Tyranitar|Protect|p1b: Tyranitar\n|-singleturn|p1b: Tyranitar|Protect\n|move|p2b: Kommo-o|Aura Sphere|p1a: Incineroar\n|-supereffective|p1a: Incineroar|1\n|-damage|p1a: Incineroar|0 fnt\n|faint|p1a: Incineroar\n|move|p2a: Corviknight|Bulk Up|p2a: Corviknight\n|-boost|p2a: Corviknight|atk|1\n|-boost|p2a: Corviknight|def|1\n|\n|-weather|Sandstorm|[upkeep]\n|-heal|p2a: Corviknight|97/100|[from] item: Leftovers\n|-sideend|p2: Whatever0512|move: Tailwind\n|upkeep\n|\n|t:|1776471601\n|switch|p1a: Excadrill|Excadrill, L50, M|100/100\n|turn|5\n|\n|t:|1776471614\n|move|p2b: Kommo-o|Protect|p2b: Kommo-o\n|-singleturn|p2b: Kommo-o|Protect\n|move|p1a: Excadrill|High Horsepower|p2b: Kommo-o\n|-activate|p2b: Kommo-o|move: Protect\n|move|p1b: Tyranitar|Rock Slide|p2b: Kommo-o|[spread] p2a\n|-activate|p2b: Kommo-o|move: Protect\n|-damage|p2a: Corviknight|82/100\n|move|p2a: Corviknight|Tailwind|p2a: Corviknight\n|-sidestart|p2: Whatever0512|move: Tailwind\n|\n|-weather|none\n|-heal|p2a: Corviknight|88/100|[from] item: Leftovers\n|upkeep\n|turn|6\n|\n|t:|1776471630\n|move|p1a: Excadrill|Protect|p1a: Excadrill\n|-singleturn|p1a: Excadrill|Protect\n|move|p1b: Tyranitar|Protect|p1b: Tyranitar\n|-singleturn|p1b: Tyranitar|Protect\n|move|p2b: Kommo-o|Aura Sphere|p1a: Excadrill\n|-activate|p1a: Excadrill|move: Protect\n|move|p2a: Corviknight|Brave Bird|p1a: Excadrill\n|-activate|p1a: Excadrill|move: Protect\n|\n|-heal|p2a: Corviknight|94/100|[from] item: Leftovers\n|upkeep\n|turn|7\n|\n|t:|1776471641\n|move|p2b: Kommo-o|Aura Sphere|p1a: Excadrill\n|-supereffective|p1a: Excadrill|1\n|-enditem|p1a: Excadrill|Chople Berry|[eat]\n|-enditem|p1a: Excadrill|Chople Berry|[weaken]\n|-damage|p1a: Excadrill|23/100\n|move|p2a: Corviknight|Brave Bird|p1a: Excadrill\n|-resisted|p1a: Excadrill|1\n|-crit|p1a: Excadrill\n|-damage|p1a: Excadrill|0 fnt\n|faint|p1a: Excadrill\n|-damage|p2a: Corviknight|87/100|[from] Recoil\n|move|p1b: Tyranitar|Rock Slide|p2b: Kommo-o|[spread] p2a,p2b\n|-resisted|p2b: Kommo-o|1\n|-damage|p2a: Corviknight|72/100\n|-damage|p2b: Kommo-o|16/100\n|\n|-heal|p2a: Corviknight|78/100|[from] item: Leftovers\n|upkeep\n|turn|8\n|\n|t:|1776471655\n|move|p2b: Kommo-o|Aura Sphere|p1b: Tyranitar\n|-supereffective|p1b: Tyranitar|2\n|-damage|p1b: Tyranitar|0 fnt\n|faint|p1b: Tyranitar\n|\n|win|Whatever0512\n|raw|Paperpoke123's rating: 1173 &rarr; <strong>1142</strong><br />(-31 for losing)\n|raw|Whatever0512's rating: 1087 &rarr; <strong>1120</strong><br />(+33 for winning)\n",
  "uploadtime": 1776471664,
  "views": 39,
  "formatid": "gen9championsvgc2026regma",
  "rating": 1120,
  "private": 0,
  "password": null
}