{
  "id": "gen9championsvgc2026regma-2585874704",
  "format": "[Gen 9 Champions] VGC 2026 Reg M-A",
  "players": [
    "Coolking50000",
    "trunksll"
  ],
  "log": "|j|\u2606Coolking50000\n|j|\u2606trunksll\n|t:|1776377459\n|gametype|doubles\n|player|p1|Coolking50000|worker-gen4|1026\n|player|p2|trunksll|gardenia|1000\n|gen|9\n|tier|[Gen 9 Champions] VGC 2026 Reg M-A\n|rated|\n|rule|Species Clause: Limit one of each Pok\u00e9mon\n|rule|Item Clause: Limit 1 of each item\n|clearpoke\n|poke|p1|Tyranitar, L50, M|\n|poke|p1|Excadrill, L50, M|\n|poke|p1|Arcanine-Hisui, L50, M|\n|poke|p1|Sneasler, L50, M|\n|poke|p1|Milotic, L50, M|\n|poke|p1|Sinistcha, L50|\n|poke|p2|Froslass, L50, F|\n|poke|p2|Glaceon, L50, M|\n|poke|p2|Archaludon, L50, M|\n|poke|p2|Garchomp, L50, F|\n|poke|p2|Corviknight, L50, F|\n|poke|p2|Incineroar, L50, M|\n|teampreview|4\n|\n|t:|1776377506\n|teamsize|p1|4\n|teamsize|p2|4\n|start\n|switch|p1a: Sneasler|Sneasler, L50, M|100/100\n|switch|p1b: Arcanine|Arcanine-Hisui, L50, M|100/100\n|switch|p2a: Froslass|Froslass, L50, F, shiny|100/100\n|switch|p2b: Glaceon|Glaceon, L50, M, shiny|100/100\n|-ability|p1b: Arcanine|Intimidate|boost\n|-unboost|p2a: Froslass|atk|1\n|-unboost|p2b: Glaceon|atk|1\n|turn|1\n|\n|t:|1776377561\n|switch|p2b: Garchomp|Garchomp, L50, F|100/100\n|detailschange|p2a: Froslass|Froslass-Mega, L50, F, shiny\n|-mega|p2a: Froslass|Froslass|Froslassite\n|-weather|Snowscape|[from] ability: Snow Warning|[of] p2a: Froslass\n|move|p2a: Froslass|Protect|p2a: Froslass\n|-singleturn|p2a: Froslass|Protect\n|move|p1b: Arcanine|Protect|p1b: Arcanine\n|-singleturn|p1b: Arcanine|Protect\n|move|p1a: Sneasler|Fake Out|p2a: Froslass\n|-activate|p2a: Froslass|move: Protect\n|\n|-weather|Snowscape|[upkeep]\n|upkeep\n|turn|2\n|\n|t:|1776377611\n|switch|p1a: Tyranitar|Tyranitar, L50, M|100/100\n|-weather|Sandstorm|[from] ability: Sand Stream|[of] p1a: Tyranitar\n|switch|p1b: Excadrill|Excadrill, L50, M|100/100\n|move|p2b: Garchomp|Stomping Tantrum|p1b: Excadrill\n|-supereffective|p1b: Excadrill|1\n|-enditem|p1b: Excadrill|Focus Sash\n|-damage|p1b: Excadrill|1/100\n|move|p2a: Froslass|Blizzard|p1b: Excadrill|[spread] p1a,p1b\n|-damage|p1a: Tyranitar|70/100\n|-damage|p1b: Excadrill|0 fnt\n|faint|p1b: Excadrill\n|\n|-weather|Sandstorm|[upkeep]\n|-damage|p2a: Froslass|94/100|[from] Sandstorm\n|upkeep\n|\n|t:|1776377632\n|switch|p1b: Sneasler|Sneasler, L50, M|100/100\n|turn|3\n|\n|t:|1776377669\n|switch|p2a: Corviknight|Corviknight, L50, F|100/100\n|detailschange|p1a: Tyranitar|Tyranitar-Mega, L50, M\n|-mega|p1a: Tyranitar|Tyranitar|Tyranitarite\n|move|p1b: Sneasler|Fake Out|p2b: Garchomp\n|-damage|p2b: Garchomp|84/100\n|-damage|p1b: Sneasler|88/100|[from] ability: Rough Skin|[of] p2b: Garchomp\n|cant|p2b: Garchomp|flinch\n|move|p1a: Tyranitar|Knock Off|p2a: Corviknight\n|-damage|p2a: Corviknight|58/100\n|-enditem|p2a: Corviknight|Leftovers|[from] move: Knock Off|[of] p1a: Tyranitar\n|\n|-weather|Sandstorm|[upkeep]\n|-damage|p1b: Sneasler|83/100|[from] Sandstorm\n|upkeep\n|turn|4\n|\n|t:|1776377705\n|move|p1a: Tyranitar|Protect|p1a: Tyranitar\n|-singleturn|p1a: Tyranitar|Protect\n|move|p2b: Garchomp|Stomping Tantrum|p1a: Tyranitar\n|-activate|p1a: Tyranitar|move: Protect\n|move|p1b: Sneasler|Close Combat|p2b: Garchomp\n|-crit|p2b: Garchomp\n|-damage|p2b: Garchomp|0 fnt\n|-unboost|p1b: Sneasler|def|1\n|-unboost|p1b: Sneasler|spd|1\n|-damage|p1b: Sneasler|71/100|[from] ability: Rough Skin|[of] p2b: Garchomp\n|faint|p2b: Garchomp\n|-enditem|p1b: Sneasler|White Herb\n|-clearnegativeboost|p1b: Sneasler|[silent]\n|move|p2a: Corviknight|Bulk Up|p2a: Corviknight\n|-boost|p2a: Corviknight|atk|1\n|-boost|p2a: Corviknight|def|1\n|\n|-weather|Sandstorm|[upkeep]\n|-damage|p1b: Sneasler|65/100|[from] Sandstorm\n|upkeep\n|\n|t:|1776377727\n|switch|p2b: Froslass|Froslass-Mega, L50, F, shiny|94/100\n|-weather|Snowscape|[from] ability: Snow Warning|[of] p2b: Froslass\n|turn|5\n|\n|t:|1776377751\n|switch|p1b: Arcanine|Arcanine-Hisui, L50, M|100/100\n|-ability|p1b: Arcanine|Intimidate|boost\n|-ability|p2a: Corviknight|Mirror Armor\n|-unboost|p1b: Arcanine|atk|1\n|-unboost|p2b: Froslass|atk|1\n|move|p2b: Froslass|Blizzard|p1a: Tyranitar|[spread] p1a,p1b\n|-resisted|p1b: Arcanine|1\n|-damage|p1a: Tyranitar|30/100\n|-damage|p1b: Arcanine|74/100\n|move|p1a: Tyranitar|Rock Slide|p2a: Corviknight|[spread] p2a,p2b\n|-supereffective|p2b: Froslass|1\n|-damage|p2a: Corviknight|42/100\n|-damage|p2b: Froslass|13/100\n|move|p2a: Corviknight|Body Press|p1a: Tyranitar\n|-supereffective|p1a: Tyranitar|2\n|-damage|p1a: Tyranitar|0 fnt\n|faint|p1a: Tyranitar\n|\n|-weather|Snowscape|[upkeep]\n|upkeep\n|\n|t:|1776377770\n|switch|p1a: Sneasler|Sneasler, L50, M|65/100\n|turn|6\n|\n|t:|1776377814\n|move|p1a: Sneasler|Fake Out|p2b: Froslass\n|-immune|p2b: Froslass\n|move|p2b: Froslass|Shadow Ball|p1a: Sneasler\n|-damage|p1a: Sneasler|5/100\n|move|p1b: Arcanine|Flare Blitz|p2a: Corviknight\n|-supereffective|p2a: Corviknight|1\n|-damage|p2a: Corviknight|0 fnt\n|faint|p2a: Corviknight\n|-damage|p1b: Arcanine|58/100|[from] Recoil\n|\n|-weather|Snowscape|[upkeep]\n|upkeep\n|\n|t:|1776377825\n|switch|p2a: Glaceon|Glaceon, L50, M, shiny|100/100\n|turn|7\n|\n|t:|1776377853\n|move|p2b: Froslass|Protect|p2b: Froslass\n|-singleturn|p2b: Froslass|Protect\n|move|p1b: Arcanine|Extreme Speed|p2b: Froslass\n|-activate|p2b: Froslass|move: Protect\n|move|p1a: Sneasler|Close Combat|p2a: Glaceon\n|-supereffective|p2a: Glaceon|1\n|-enditem|p2a: Glaceon|Chople Berry|[eat]\n|-enditem|p2a: Glaceon|Chople Berry|[weaken]\n|-damage|p2a: Glaceon|45/100\n|-unboost|p1a: Sneasler|def|1\n|-unboost|p1a: Sneasler|spd|1\n|move|p2a: Glaceon|Icy Wind|p1a: Sneasler|[spread] p1a,p1b\n|-resisted|p1b: Arcanine|1\n|-damage|p1a: Sneasler|0 fnt\n|-damage|p1b: Arcanine|45/100\n|-unboost|p1b: Arcanine|spe|1\n|faint|p1a: Sneasler\n|\n|-weather|Snowscape|[upkeep]\n|upkeep\n|turn|8\n|\n|t:|1776377877\n|move|p1b: Arcanine|Extreme Speed|p2b: Froslass\n|-immune|p2b: Froslass\n|move|p2b: Froslass|Shadow Ball|p1b: Arcanine\n|-damage|p1b: Arcanine|0 fnt\n|faint|p1b: Arcanine\n|\n|win|trunksll\n|raw|Coolking50000's rating: 1026 &rarr; <strong>1011</strong><br />(-15 for losing)\n|raw|trunksll's rating: 1000 &rarr; <strong>1043</strong><br />(+43 for winning)\n",
  "uploadtime": 1776377893,
  "views": 23,
  "formatid": "gen9championsvgc2026regma",
  "rating": 1011,
  "private": 0,
  "password": null
}