{
  "id": "gen9championsvgc2026regma-2581844235",
  "format": "[Gen 9 Champions] VGC 2026 Reg M-A",
  "players": [
    "defiantvgc",
    "gymnmons"
  ],
  "log": "|j|\u2606defiantvgc\n|j|\u2606gymnmons\n|t:|1776033075\n|gametype|doubles\n|player|p1|defiantvgc|spark-casual|\n|player|p2|gymnmons|lance|\n|gen|9\n|tier|[Gen 9 Champions] VGC 2026 Reg M-A\n|rated|Tournament battle\n|rule|Species Clause: Limit one of each Pok\u00e9mon\n|rule|Item Clause: Limit 1 of each item\n|clearpoke\n|poke|p1|Glimmora, L50, M|\n|poke|p1|Incineroar, L50, M|\n|poke|p1|Kommo-o, L50, M|\n|poke|p1|Whimsicott, L50, F|\n|poke|p1|Ninetales-Alola, L50, F|\n|poke|p1|Rotom-Wash, L50|\n|poke|p2|Floette-Eternal, L50, F|\n|poke|p2|Delphox, L50, M|\n|poke|p2|Dragapult, L50, M|\n|poke|p2|Incineroar, L50, M|\n|poke|p2|Clefable, L50, M|\n|poke|p2|Maushold, L50|\n|teampreview|4\n|j| Moussag\n|j|+TheLoanRanger\n|l| Moussag\n|j| LeezlePon\n|j| z123z\n|\n|t:|1776033144\n|teamsize|p1|4\n|teamsize|p2|4\n|start\n|switch|p1a: Glimmora|Glimmora, L50, M|100/100\n|switch|p1b: Whimsicott|Whimsicott, L50, F|100/100\n|switch|p2a: Incineroar|Incineroar, L50, M|100/100\n|switch|p2b: Floette|Floette-Eternal, L50, F|100/100\n|-ability|p2a: Incineroar|Intimidate|boost\n|-unboost|p1a: Glimmora|atk|1\n|-unboost|p1b: Whimsicott|atk|1\n|turn|1\n|c| z123z|glimmora user spotted\n|l| z123z\n|\n|t:|1776033163\n|detailschange|p1a: Glimmora|Glimmora-Mega, L50, M\n|-mega|p1a: Glimmora|Glimmora|Glimmoranite\n|detailschange|p2b: Floette|Floette-Mega, L50, F\n|-mega|p2b: Floette|Floette|Floettite\n|-ability|p2b: Floette|Fairy Aura\n|move|p2a: Incineroar|Fake Out|p1a: Glimmora\n|-resisted|p1a: Glimmora|1\n|-damage|p1a: Glimmora|95/100\n|move|p1b: Whimsicott|Fake Tears|p2b: Floette\n|-unboost|p2b: Floette|spd|2\n|cant|p1a: Glimmora|flinch\n|move|p2b: Floette|Calm Mind|p2b: Floette\n|-boost|p2b: Floette|spa|1\n|-boost|p2b: Floette|spd|1\n|\n|upkeep\n|turn|2\n|c|\u2606gymnmons|underrated imo\n|\n|t:|1776033187\n|move|p1b: Whimsicott|Protect|p1b: Whimsicott\n|-singleturn|p1b: Whimsicott|Protect\n|move|p2b: Floette|Protect|p2b: Floette\n|-singleturn|p2b: Floette|Protect\n|move|p1a: Glimmora|Power Gem|p2a: Incineroar\n|-supereffective|p2a: Incineroar|1\n|-damage|p2a: Incineroar|0 fnt\n|faint|p2a: Incineroar\n|\n|upkeep\n|\n|t:|1776033193\n|switch|p2a: Maushold|Maushold, L50|100/100\n|turn|3\n|\n|t:|1776033204\n|move|p2a: Maushold|Follow Me|p2a: Maushold\n|-singleturn|p2a: Maushold|move: Follow Me\n|move|p1b: Whimsicott|Fake Tears|p2a: Maushold\n|-unboost|p2a: Maushold|spd|2\n|move|p1a: Glimmora|Sludge Bomb|p2a: Maushold\n|-damage|p2a: Maushold|0 fnt\n|faint|p2a: Maushold\n|move|p2b: Floette|Draining Kiss|p1a: Glimmora\n|-resisted|p1a: Glimmora|1\n|-damage|p1a: Glimmora|63/100\n|\n|upkeep\n|\n|t:|1776033213\n|switch|p2a: Clefable|Clefable, L50, M|100/100\n|turn|4\n|\n|t:|1776033220\n|move|p2b: Floette|Protect|p2b: Floette\n|-singleturn|p2b: Floette|Protect\n|move|p1b: Whimsicott|Tailwind|p1b: Whimsicott\n|-sidestart|p1: defiantvgc|move: Tailwind\n|move|p1a: Glimmora|Sludge Bomb|p2b: Floette\n|-activate|p2b: Floette|move: Protect\n|move|p2a: Clefable|Icy Wind|p1b: Whimsicott|[spread] p1a,p1b\n|-supereffective|p1b: Whimsicott|1\n|-damage|p1a: Glimmora|52/100\n|-damage|p1b: Whimsicott|80/100\n|-unboost|p1a: Glimmora|spe|1\n|-unboost|p1b: Whimsicott|spe|1\n|\n|upkeep\n|turn|5\n|j| MaxPotatoes\n|\n|t:|1776033263\n|move|p2a: Clefable|Follow Me|p2a: Clefable\n|-singleturn|p2a: Clefable|move: Follow Me\n|move|p1b: Whimsicott|Fake Tears|p2a: Clefable\n|-unboost|p2a: Clefable|spd|2\n|move|p1a: Glimmora|Sludge Bomb|p2a: Clefable\n|-supereffective|p2a: Clefable|1\n|-enditem|p2a: Clefable|Kebia Berry|[eat]\n|-enditem|p2a: Clefable|Kebia Berry|[weaken]\n|-damage|p2a: Clefable|0 fnt\n|faint|p2a: Clefable\n|move|p2b: Floette|Draining Kiss|p1a: Glimmora\n|-resisted|p1a: Glimmora|1\n|-damage|p1a: Glimmora|21/100\n|\n|upkeep\n|turn|6\n|j| aurora ltd\n|-message|gymnmons forfeited.\n|\n|win|defiantvgc\n|n|\u2606defiantvgc|defiantvgc\n|n|\u2606gymnmons|gymnmons\n|n| TheLoanRanger|theloanranger\n|n| LeezlePon|leezlepon\n|n| MaxPotatoes|maxpotatoes\n|n| aurora ltd|auroraltd\n|l|\u2606gymnmons\n|player|p2|\n|l|\u2606defiantvgc\n|player|p1|\n",
  "uploadtime": 1776033288,
  "views": 15,
  "formatid": "gen9championsvgc2026regma",
  "rating": null,
  "private": 0,
  "password": null
}