{
  "id": "gen9championsvgc2026regma-2586488339",
  "format": "[Gen 9 Champions] VGC 2026 Reg M-A",
  "players": [
    "busterbunner",
    "TheFra89"
  ],
  "log": "|j|\u2606busterbunner\n|j|\u2606TheFra89\n|t:|1776438117\n|gametype|doubles\n|player|p1|busterbunner|grimsley|1072\n|player|p2|TheFra89|ghetsis-gen5bw|1161\n|gen|9\n|tier|[Gen 9 Champions] VGC 2026 Reg M-A\n|rated|\n|rule|Species Clause: Limit one of each Pok\u00e9mon\n|rule|Item Clause: Limit 1 of each item\n|clearpoke\n|poke|p1|Golurk, L50|\n|poke|p1|Farigiraf, L50, M|\n|poke|p1|Incineroar, L50, F|\n|poke|p1|Sableye, L50, M|\n|poke|p1|Decidueye-Hisui, L50, F|\n|poke|p1|Blastoise, L50, F|\n|poke|p2|Froslass, L50, F|\n|poke|p2|Rotom-Wash, L50|\n|poke|p2|Aerodactyl, L50, F|\n|poke|p2|Garchomp, L50, F|\n|poke|p2|Kingambit, L50, M|\n|poke|p2|Incineroar, L50, F|\n|teampreview|4\n|inactive|Battle timer is ON: inactive players will automatically lose when time's up. (requested by busterbunner)\n|inactive|TheFra89 has 60 seconds left.\n|inactive|busterbunner has 60 seconds left.\nTheFra89 has agreed to open team sheets.\n|\n|t:|1776438169\n|teamsize|p1|4\n|teamsize|p2|4\n|start\n|switch|p1a: Sableye|Sableye, L50, M|100/100\n|switch|p1b: Farigiraf|Farigiraf, L50, M|100/100\n|switch|p2a: Rotom|Rotom-Wash, L50|100/100\n|switch|p2b: Garchomp|Garchomp, L50, F|100/100\n|turn|1\n|\n|t:|1776438188\n|move|p1a: Sableye|Quash|p2b: Garchomp\n|-activate|p2b: Garchomp|move: Quash\n|move|p2a: Rotom|Thunderbolt|p1b: Farigiraf\n|-damage|p1b: Farigiraf|52/100\n|move|p1b: Farigiraf|Trick Room|p1b: Farigiraf\n|-fieldstart|move: Trick Room|[of] p1b: Farigiraf\n|move|p2b: Garchomp|Earthquake|p1a: Sableye|[spread] p1a,p1b\n|-immune|p2a: Rotom|[from] ability: Levitate\n|-damage|p1a: Sableye|50/100\n|-damage|p1b: Farigiraf|22/100\n|-enditem|p1b: Farigiraf|Sitrus Berry|[eat]\n|-heal|p1b: Farigiraf|47/100|[from] item: Sitrus Berry\n|\n|-heal|p1a: Sableye|56/100|[from] item: Leftovers\n|upkeep\n|turn|2\n|inactive|busterbunner has 30 seconds left.\n|inactive|TheFra89 has 30 seconds left.\n|\n|t:|1776438222\n|move|p1a: Sableye|Reflect|p1a: Sableye\n|-sidestart|p1: busterbunner|Reflect\n|move|p1b: Farigiraf|Dazzling Gleam|p2b: Garchomp|[spread] p2a,p2b\n|-supereffective|p2b: Garchomp|1\n|-damage|p2a: Rotom|79/100\n|-damage|p2b: Garchomp|66/100\n|move|p2b: Garchomp|Earthquake|p1b: Farigiraf|[spread] p1a,p1b\n|-immune|p2a: Rotom|[from] ability: Levitate\n|-crit|p1a: Sableye\n|-damage|p1a: Sableye|0 fnt\n|-damage|p1b: Farigiraf|28/100\n|faint|p1a: Sableye\n|move|p2a: Rotom|Thunderbolt|p1b: Farigiraf\n|-damage|p1b: Farigiraf|0 fnt\n|faint|p1b: Farigiraf\n|\n|upkeep\n|\n|t:|1776438246\n|switch|p1a: Blastoise|Blastoise, L50, F|100/100\n|switch|p1b: Golurk|Golurk, L50|100/100\n|turn|3\n|c|\u2606busterbunner|N\n|inactive|busterbunner has 30 seconds left.\n|\n|t:|1776438274\n|detailschange|p1b: Golurk|Golurk-Mega, L50\n|-mega|p1b: Golurk|Golurk|Golurkite\n|move|p2b: Garchomp|Protect|p2b: Garchomp\n|-singleturn|p2b: Garchomp|Protect\n|move|p1a: Blastoise|Fake Out|p2a: Rotom\n|-damage|p2a: Rotom|67/100\n|move|p1b: Golurk|Poltergeist|p2b: Garchomp\n|-activate|p2b: Garchomp|move: Protect\n|cant|p2a: Rotom|flinch\n|\n|upkeep\n|turn|4\n|inactive|TheFra89 has 30 seconds left.\n|inactive|TheFra89 has 20 seconds left.\n|inactive|TheFra89 has 15 seconds left.\n|inactive|TheFra89 has 10 seconds left.\n|inactive|TheFra89 has 5 seconds left.\n|\n|t:|1776438330\n|move|p1b: Golurk|Poltergeist|p2a: Rotom\n|-activate|p2a: Rotom|move: Poltergeist|Choice Scarf\n|-damage|p2a: Rotom|0 fnt\n|faint|p2a: Rotom\n|move|p1a: Blastoise|Water Spout|p2b: Garchomp\n|-damage|p2b: Garchomp|0 fnt\n|faint|p2b: Garchomp\n|\n|upkeep\n|\n|t:|1776438339\n|switch|p2a: Aerodactyl|Aerodactyl, L50, F|100/100\n|switch|p2b: Froslass|Froslass, L50, F|100/100\n|-ability|p2a: Aerodactyl|Unnerve\n|turn|5\n|\n|t:|1776438347\n|move|p2b: Froslass|Protect|p2b: Froslass\n|-singleturn|p2b: Froslass|Protect\n|move|p2a: Aerodactyl|Protect|p2a: Aerodactyl\n|-singleturn|p2a: Aerodactyl|Protect\n|move|p1b: Golurk|Poltergeist|p2b: Froslass\n|-activate|p2b: Froslass|move: Protect\n|move|p1a: Blastoise|Water Spout|p2a: Aerodactyl|[spread] \n|-activate|p2a: Aerodactyl|move: Protect\n|-activate|p2b: Froslass|move: Protect\n|\n|-fieldend|move: Trick Room\n|upkeep\n|turn|6\n|c|\u2606busterbunner|Wtf?!\n|inactive|busterbunner has 30 seconds left.\n|inactive|busterbunner has 20 seconds left.\n|inactive|busterbunner has 15 seconds left.\n|c|\u2606TheFra89|only contact move\n|inactive|busterbunner has 10 seconds left.\n|c|\u2606busterbunner|Uh, the move is supposed to hit your pokemon?\n|inactive|busterbunner has 5 seconds left.\n|\n|t:|1776438402\n|detailschange|p2b: Froslass|Froslass-Mega, L50, F\n|-mega|p2b: Froslass|Froslass|Froslassite\n|-weather|Snowscape|[from] ability: Snow Warning|[of] p2b: Froslass\n|move|p2a: Aerodactyl|Tailwind|p2a: Aerodactyl\n|-sidestart|p2: TheFra89|move: Tailwind\n|move|p2b: Froslass|Shadow Ball|p1b: Golurk\n|-supereffective|p1b: Golurk|1\n|-damage|p1b: Golurk|30/100\n|-unboost|p1b: Golurk|spd|1\n|move|p1a: Blastoise|Water Spout|p2a: Aerodactyl|[spread] p2a,p2b\n|-supereffective|p2a: Aerodactyl|1\n|-crit|p2a: Aerodactyl\n|-enditem|p2a: Aerodactyl|Focus Sash\n|-damage|p2a: Aerodactyl|1/100\n|-damage|p2b: Froslass|45/100\n|move|p1b: Golurk|Poltergeist|p2b: Froslass|[miss]\n|-miss|p1b: Golurk|p2b: Froslass\n|\n|-weather|Snowscape|[upkeep]\n|-sideend|p1: busterbunner|Reflect\n|upkeep\n|turn|7\n|inactive|TheFra89 has 30 seconds left.\n|\n|t:|1776438434\n|move|p1b: Golurk|Protect|p1b: Golurk\n|-singleturn|p1b: Golurk|Protect\n|move|p2a: Aerodactyl|Rock Slide|p1a: Blastoise|[spread] p1a\n|-activate|p1b: Golurk|move: Protect\n|-damage|p1a: Blastoise|74/100\n|move|p2b: Froslass|Shadow Ball|p1b: Golurk\n|-activate|p1b: Golurk|move: Protect\n|move|p1a: Blastoise|Dark Pulse|p2b: Froslass\n|-supereffective|p2b: Froslass|1\n|-damage|p2b: Froslass|0 fnt\n|faint|p2b: Froslass\n|\n|-weather|Snowscape|[upkeep]\n|upkeep\n|turn|8\n|c|\u2606busterbunner|Isn't Poltergeist considered contact?\n|inactive|busterbunner has 30 seconds left.\n|c|\u2606busterbunner|Because it worked before\n|c|\u2606TheFra89|see on the move\n|\n|t:|1776438467\n|move|p2a: Aerodactyl|Rock Slide|p1b: Golurk|[spread] p1a,p1b\n|-resisted|p1b: Golurk|1\n|-damage|p1a: Blastoise|49/100\n|-damage|p1b: Golurk|20/100\n|move|p1a: Blastoise|Dark Pulse|p2a: Aerodactyl\n|-damage|p2a: Aerodactyl|0 fnt\n|faint|p2a: Aerodactyl\n|\n|win|busterbunner\n|raw|busterbunner's rating: 1072 &rarr; <strong>1109</strong><br />(+37 for winning)\n|raw|TheFra89's rating: 1161 &rarr; <strong>1130</strong><br />(-31 for losing)\n|c|\u2606TheFra89|description\n|c|\u2606TheFra89|g\n|l|\u2606TheFra89\n|player|p2|\n",
  "uploadtime": 1776438488,
  "views": 21,
  "formatid": "gen9championsvgc2026regma",
  "rating": 1109,
  "private": 0,
  "password": null
}