{
  "id": "gen9championsvgc2026regma-2580978540",
  "format": "[Gen 9 Champions] VGC 2026 Reg M-A",
  "players": [
    "Nomad3929",
    "Heagle027"
  ],
  "log": "|j|\u2606Nomad3929\n|j|\u2606Heagle027\n|t:|1775948502\n|gametype|doubles\n|player|p1|Nomad3929|hilbert|1148\n|player|p2|Heagle027|169|1102\n|gen|9\n|tier|[Gen 9 Champions] VGC 2026 Reg M-A\n|rated|\n|rule|Species Clause: Limit one of each Pok\u00e9mon\n|rule|Item Clause: Limit 1 of each item\n|clearpoke\n|poke|p1|Charizard, L50, M|\n|poke|p1|Venusaur, L50, F|\n|poke|p1|Garchomp, L50, F|\n|poke|p1|Rotom-Wash, L50|\n|poke|p1|Sneasler, L50, F|\n|poke|p1|Incineroar, L50, M|\n|poke|p2|Tyranitar, L50, M|\n|poke|p2|Garchomp, L50, F|\n|poke|p2|Sneasler, L50, M|\n|poke|p2|Whimsicott, L50, M|\n|poke|p2|Incineroar, L50, F|\n|poke|p2|Excadrill, L50, M|\n|teampreview|4\n|inactive|Battle timer is ON: inactive players will automatically lose when time's up. (requested by Nomad3929)\n|inactive|Heagle027 has 60 seconds left.\n|\n|t:|1775948539\n|teamsize|p1|4\n|teamsize|p2|4\n|start\n|switch|p1a: Sneasler|Sneasler, L50, F|100/100\n|switch|p1b: Incineroar|Incineroar, L50, M|100/100\n|switch|p2a: Tyranitar|Tyranitar, L50, M|100/100\n|switch|p2b: Sneasler|Sneasler, L50, M|100/100\n|-weather|Sandstorm|[from] ability: Sand Stream|[of] p2a: Tyranitar\n|-ability|p1b: Incineroar|Intimidate|boost\n|-unboost|p2a: Tyranitar|atk|1\n|-unboost|p2b: Sneasler|atk|1\n|-enditem|p2b: Sneasler|White Herb\n|-clearnegativeboost|p2b: Sneasler|[silent]\n|turn|1\n|inactive|Nomad3929 has 30 seconds left.\n|inactive|Heagle027 has 30 seconds left.\n|\n|t:|1775948567\n|move|p2a: Tyranitar|Protect|p2a: Tyranitar\n|-singleturn|p2a: Tyranitar|Protect\n|move|p1a: Sneasler|Fake Out|p2b: Sneasler\n|-damage|p2b: Sneasler|75/100\n|cant|p2b: Sneasler|flinch\n|move|p1b: Incineroar|Parting Shot|p2b: Sneasler\n|-unboost|p2b: Sneasler|atk|1\n|-unboost|p2b: Sneasler|spa|1\n|\n|t:|1775948575\n|switch|p1b: Garchomp|Garchomp, L50, F|100/100|[from] Parting Shot\n|\n|-weather|Sandstorm|[upkeep]\n|-damage|p2b: Sneasler|69/100|[from] Sandstorm\n|-damage|p1a: Sneasler|95/100|[from] Sandstorm\n|upkeep\n|turn|2\n|\n|t:|1775948584\n|switch|p1a: Rotom|Rotom-Wash, L50|100/100\n|switch|p2a: Whimsicott|Whimsicott, L50, M|100/100\n|move|p2b: Sneasler|Close Combat|p1b: Garchomp\n|-damage|p1b: Garchomp|61/100\n|-unboost|p2b: Sneasler|def|1\n|-unboost|p2b: Sneasler|spd|1\n|-damage|p2b: Sneasler|57/100|[from] ability: Rough Skin|[of] p1b: Garchomp\n|move|p1b: Garchomp|Earthquake|p2a: Whimsicott|[spread] p2a,p2b\n|-immune|p1a: Rotom|[from] ability: Levitate\n|-resisted|p2a: Whimsicott|1\n|-supereffective|p2b: Sneasler|1\n|-damage|p2a: Whimsicott|69/100\n|-damage|p2b: Sneasler|0 fnt\n|faint|p2b: Sneasler\n|\n|-weather|Sandstorm|[upkeep]\n|-damage|p2a: Whimsicott|63/100|[from] Sandstorm\n|-damage|p1a: Rotom|95/100|[from] Sandstorm\n|-heal|p1a: Rotom|100/100|[from] item: Leftovers\n|upkeep\n|\n|t:|1775948591\n|switch|p2b: Excadrill|Excadrill, L50, M|100/100\n|turn|3\n|\n|t:|1775948611\n|switch|p1b: Incineroar|Incineroar, L50, M|100/100\n|-ability|p1b: Incineroar|Intimidate|boost\n|-unboost|p2a: Whimsicott|atk|1\n|-unboost|p2b: Excadrill|atk|1\n|move|p2a: Whimsicott|Worry Seed|p1a: Rotom\n|-ability|p1a: Rotom|Insomnia|Levitate|[from] move: Worry Seed\n|move|p2b: Excadrill|High Horsepower|p1b: Incineroar\n|-supereffective|p1b: Incineroar|1\n|-damage|p1b: Incineroar|32/100\n|-enditem|p1b: Incineroar|Sitrus Berry|[eat]\n|-heal|p1b: Incineroar|57/100|[from] item: Sitrus Berry\n|move|p1a: Rotom|Will-O-Wisp|p2b: Excadrill\n|-status|p2b: Excadrill|brn\n|\n|-weather|Sandstorm|[upkeep]\n|-damage|p2a: Whimsicott|57/100|[from] Sandstorm\n|-damage|p1a: Rotom|95/100|[from] Sandstorm\n|-damage|p1b: Incineroar|51/100|[from] Sandstorm\n|-heal|p1a: Rotom|100/100|[from] item: Leftovers\n|-damage|p2b: Excadrill|95/100 brn|[from] brn\n|upkeep\n|turn|4\n|inactive|Nomad3929 has 30 seconds left.\n|inactive|Heagle027 has 30 seconds left.\n|inactive|Nomad3929 has 20 seconds left.\n|inactive|Nomad3929 has 15 seconds left.\n|inactive|Nomad3929 has 10 seconds left.\n|inactive|Nomad3929 has 5 seconds left.\n|\n|t:|1775948661\n|move|p2a: Whimsicott|Encore|p1a: Rotom\n|-start|p1a: Rotom|Encore\n|move|p2b: Excadrill|High Horsepower|p1a: Rotom\n|-supereffective|p1a: Rotom|1\n|-damage|p1a: Rotom|68/100\n|move|p1a: Rotom|Will-O-Wisp|p2a: Whimsicott\n|-status|p2a: Whimsicott|brn\n|move|p1b: Incineroar|Flare Blitz|p2a: Whimsicott\n|-supereffective|p2a: Whimsicott|1\n|-damage|p2a: Whimsicott|0 fnt\n|faint|p2a: Whimsicott\n|-damage|p1b: Incineroar|38/100|[from] Recoil\n|\n|-weather|Sandstorm|[upkeep]\n|-damage|p1a: Rotom|62/100|[from] Sandstorm\n|-damage|p1b: Incineroar|32/100|[from] Sandstorm\n|-heal|p1a: Rotom|68/100|[from] item: Leftovers\n|-damage|p2b: Excadrill|89/100 brn|[from] brn\n|upkeep\n|\n|t:|1775948668\n|switch|p2a: Tyranitar|Tyranitar, L50, M|100/100\n|turn|5\n|\n|t:|1775948683\n|move|p2a: Tyranitar|Protect|p2a: Tyranitar\n|-singleturn|p2a: Tyranitar|Protect\n|move|p2b: Excadrill|High Horsepower|p1a: Rotom\n|-supereffective|p1a: Rotom|1\n|-damage|p1a: Rotom|37/100\n|move|p1a: Rotom|Will-O-Wisp|p2a: Tyranitar\n|-activate|p2a: Tyranitar|move: Protect\n|move|p1b: Incineroar|Parting Shot|p2a: Tyranitar\n|-activate|p2a: Tyranitar|move: Protect\n|\n|-weather|none\n|-heal|p1a: Rotom|43/100|[from] item: Leftovers\n|-damage|p2b: Excadrill|83/100 brn|[from] brn\n|upkeep\n|turn|6\n|\n|t:|1775948696\n|detailschange|p2a: Tyranitar|Tyranitar-Mega, L50, M\n|-mega|p2a: Tyranitar|Tyranitar|Tyranitarite\n|-weather|Sandstorm|[from] ability: Sand Stream|[of] p2a: Tyranitar\n|move|p2b: Excadrill|High Horsepower|p1a: Rotom|[miss]\n|-miss|p2b: Excadrill|p1a: Rotom\n|move|p2a: Tyranitar|Rock Slide|p1b: Incineroar|[spread] p1a,p1b\n|-supereffective|p1b: Incineroar|1\n|-damage|p1a: Rotom|9/100\n|-damage|p1b: Incineroar|0 fnt\n|faint|p1b: Incineroar\n|move|p1a: Rotom|Will-O-Wisp|p2a: Tyranitar\n|-status|p2a: Tyranitar|brn\n|\n|-weather|Sandstorm|[upkeep]\n|-damage|p1a: Rotom|4/100|[from] Sandstorm\n|-heal|p1a: Rotom|9/100|[from] item: Leftovers\n|-damage|p2b: Excadrill|77/100 brn|[from] brn\n|-damage|p2a: Tyranitar|94/100 brn|[from] brn\n|-end|p1a: Rotom|Encore\n|upkeep\n|\n|t:|1775948711\n|switch|p1b: Sneasler|Sneasler, L50, F|95/100\n|turn|7\n|\n|t:|1775948726\n|switch|p1a: Garchomp|Garchomp, L50, F|61/100\n|move|p2b: Excadrill|High Horsepower|p1b: Sneasler\n|-supereffective|p1b: Sneasler|1\n|-damage|p1b: Sneasler|34/100\n|move|p1b: Sneasler|Close Combat|p2a: Tyranitar\n|-supereffective|p2a: Tyranitar|2\n|-damage|p2a: Tyranitar|0 fnt\n|-unboost|p1b: Sneasler|def|1\n|-unboost|p1b: Sneasler|spd|1\n|faint|p2a: Tyranitar\n|-enditem|p1b: Sneasler|White Herb\n|-clearnegativeboost|p1b: Sneasler|[silent]\n|\n|-weather|Sandstorm|[upkeep]\n|-damage|p1b: Sneasler|28/100|[from] Sandstorm\n|-damage|p2b: Excadrill|71/100 brn|[from] brn\n|upkeep\n|turn|8\n|\n|t:|1775948735\n|switch|p1b: Rotom|Rotom-Wash, L50|9/100\n|move|p2b: Excadrill|High Horsepower|p1b: Rotom\n|-immune|p1b: Rotom|[from] ability: Levitate\n|move|p1a: Garchomp|Earthquake|p2b: Excadrill|[spread] p2b\n|-immune|p1b: Rotom|[from] ability: Levitate\n|-supereffective|p2b: Excadrill|1\n|-damage|p2b: Excadrill|0 fnt\n|faint|p2b: Excadrill\n|\n|win|Nomad3929\n|raw|Nomad3929's rating: 1148 &rarr; <strong>1170</strong><br />(+22 for winning)\n|raw|Heagle027's rating: 1102 &rarr; <strong>1080</strong><br />(-22 for losing)\n|l|\u2606Heagle027\n|player|p2|\n",
  "uploadtime": 1775948745,
  "views": 13,
  "formatid": "gen9championsvgc2026regma",
  "rating": 1080,
  "private": 0,
  "password": null
}