{
  "id": "gen9championsvgc2026regma-2583865932",
  "format": "[Gen 9 Champions] VGC 2026 Reg M-A",
  "players": [
    "tetevo085",
    "Amukhan"
  ],
  "log": "|j|\u2606tetevo085\n|j|\u2606Amukhan\n|t:|1776203828\n|gametype|doubles\n|player|p1|tetevo085|102|1148\n|player|p2|Amukhan|ingo|1090\n|gen|9\n|tier|[Gen 9 Champions] VGC 2026 Reg M-A\n|rated|\n|rule|Species Clause: Limit one of each Pok\u00e9mon\n|rule|Item Clause: Limit 1 of each item\n|clearpoke\n|poke|p1|Scizor, L50, M|\n|poke|p1|Sableye, L50, M|\n|poke|p1|Pelipper, L50, M|\n|poke|p1|Basculegion, L50, M|\n|poke|p1|Orthworm, L50, M|\n|poke|p1|Garchomp, L50, M|\n|poke|p2|Golurk, L50|\n|poke|p2|Kommo-o, L50, F|\n|poke|p2|Sinistcha, L50|\n|poke|p2|Snorlax, L50, M|\n|poke|p2|Incineroar, L50, M|\n|poke|p2|Aerodactyl, L50, F|\n|teampreview|4\n|\n|t:|1776203874\n|teamsize|p1|4\n|teamsize|p2|4\n|start\n|switch|p1a: Sableye|Sableye, L50, M, shiny|100/100\n|switch|p1b: Basculegion|Basculegion, L50, M, shiny|100/100\n|switch|p2a: Kommo-o|Kommo-o, L50, F|100/100\n|switch|p2b: Incineroar|Incineroar, L50, M|100/100\n|-ability|p2b: Incineroar|Intimidate|boost\n|-unboost|p1a: Sableye|atk|1\n|-unboost|p1b: Basculegion|atk|1\n|turn|1\n|\n|t:|1776203923\n|switch|p2b: Snorlax|Snorlax, L50, M|100/100\n|move|p1a: Sableye|Rain Dance|p1a: Sableye\n|-weather|RainDance\n|move|p1b: Basculegion|Wave Crash|p2b: Snorlax\n|-damage|p2b: Snorlax|37/100\n|-damage|p1b: Basculegion|74/100|[from] Recoil\n|move|p2a: Kommo-o|Clangorous Soul|p2a: Kommo-o\n|-boost|p2a: Kommo-o|atk|1\n|-boost|p2a: Kommo-o|def|1\n|-boost|p2a: Kommo-o|spa|1\n|-boost|p2a: Kommo-o|spd|1\n|-boost|p2a: Kommo-o|spe|1\n|-damage|p2a: Kommo-o|68/100\n|\n|-weather|RainDance|[upkeep]\n|-heal|p2b: Snorlax|43/100|[from] item: Leftovers\n|upkeep\n|turn|2\n|\n|t:|1776203966\n|switch|p2b: Sinistcha|Sinistcha, L50|100/100\n|-heal|p2a: Kommo-o|93/100|[from] ability: Hospitality|[of] p2b: Sinistcha\n|move|p1a: Sableye|Encore|p2a: Kommo-o\n|-start|p2a: Kommo-o|Encore\n|move|p1b: Basculegion|Wave Crash|p2b: Sinistcha|[miss]\n|-miss|p1b: Basculegion|p2b: Sinistcha\n|move|p2a: Kommo-o|Clangorous Soul|p2a: Kommo-o\n|-boost|p2a: Kommo-o|atk|1\n|-boost|p2a: Kommo-o|def|1\n|-boost|p2a: Kommo-o|spa|1\n|-boost|p2a: Kommo-o|spd|1\n|-boost|p2a: Kommo-o|spe|1\n|-damage|p2a: Kommo-o|60/100\n|\n|-weather|RainDance|[upkeep]\n|upkeep\n|turn|3\n|\n|t:|1776204010\n|move|p1a: Sableye|Protect|p1a: Sableye\n|-singleturn|p1a: Sableye|Protect\n|move|p1b: Basculegion|Protect|p1b: Basculegion\n|-singleturn|p1b: Basculegion|Protect\n|move|p2a: Kommo-o|Clangorous Soul|p2a: Kommo-o\n|-boost|p2a: Kommo-o|atk|1\n|-boost|p2a: Kommo-o|def|1\n|-boost|p2a: Kommo-o|spa|1\n|-boost|p2a: Kommo-o|spd|1\n|-boost|p2a: Kommo-o|spe|1\n|-damage|p2a: Kommo-o|27/100\n|-enditem|p2a: Kommo-o|Sitrus Berry|[eat]\n|-heal|p2a: Kommo-o|52/100|[from] item: Sitrus Berry\n|move|p2b: Sinistcha|Life Dew||[still]|[spread] p2a,p2b\n|-heal|p2a: Kommo-o|77/100\n|-fail|p2b: Sinistcha|heal\n|\n|-weather|RainDance|[upkeep]\n|upkeep\n|turn|4\n|\n|t:|1776204032\n|move|p1a: Sableye|Disable|p2b: Sinistcha\n|-start|p2b: Sinistcha|Disable|Life Dew\n|move|p1b: Basculegion|Wave Crash|p2a: Kommo-o\n|-resisted|p2a: Kommo-o|1\n|-damage|p2a: Kommo-o|65/100\n|-damage|p1b: Basculegion|70/100|[from] Recoil\n|move|p2a: Kommo-o|Clangorous Soul|p2a: Kommo-o\n|-boost|p2a: Kommo-o|atk|1\n|-boost|p2a: Kommo-o|def|1\n|-boost|p2a: Kommo-o|spa|1\n|-boost|p2a: Kommo-o|spd|1\n|-boost|p2a: Kommo-o|spe|1\n|-damage|p2a: Kommo-o|33/100\n|cant|p2b: Sinistcha|Disable|Life Dew\n|\n|-weather|RainDance|[upkeep]\n|-end|p2a: Kommo-o|Encore\n|upkeep\n|turn|5\n|\n|t:|1776204054\n|move|p2b: Sinistcha|Rage Powder|p2b: Sinistcha\n|-singleturn|p2b: Sinistcha|move: Rage Powder\n|move|p1a: Sableye|Encore|p2b: Sinistcha\n|-start|p2b: Sinistcha|Encore\n|move|p2a: Kommo-o|Clanging Scales|p1b: Basculegion|[spread] p1a,p1b\n|-damage|p1a: Sableye|0 fnt\n|-damage|p1b: Basculegion|0 fnt\n|faint|p1a: Sableye\n|faint|p1b: Basculegion\n|-unboost|p2a: Kommo-o|def|1\n|\n|-weather|none\n|upkeep\n|\n|t:|1776204068\n|switch|p1b: Scizor|Scizor, L50, M|100/100\n|switch|p1a: Garchomp|Garchomp, L50, M|100/100\n|turn|6\n|\n|t:|1776204089\n|detailschange|p1b: Scizor|Scizor-Mega, L50, M\n|-mega|p1b: Scizor|Scizor|Scizorite\n|move|p2b: Sinistcha|Rage Powder|p2b: Sinistcha\n|-singleturn|p2b: Sinistcha|move: Rage Powder\n|move|p1b: Scizor|Bullet Punch|p2b: Sinistcha\n|-damage|p2b: Sinistcha|73/100\n|move|p2a: Kommo-o|Clanging Scales|p1a: Garchomp|[spread] p1a,p1b\n|-supereffective|p1a: Garchomp|1\n|-resisted|p1b: Scizor|1\n|-damage|p1a: Garchomp|0 fnt\n|-damage|p1b: Scizor|47/100\n|faint|p1a: Garchomp\n|-unboost|p2a: Kommo-o|def|1\n|\n|upkeep\n|turn|7\n|-message|tetevo085 forfeited.\n|\n|win|Amukhan\n|raw|tetevo085's rating: 1148 &rarr; <strong>1119</strong><br />(-29 for losing)\n|raw|Amukhan's rating: 1090 &rarr; <strong>1121</strong><br />(+31 for winning)\n|l|\u2606tetevo085\n|player|p1|\n",
  "uploadtime": 1776204105,
  "views": 16,
  "formatid": "gen9championsvgc2026regma",
  "rating": 1119,
  "private": 0,
  "password": null
}