{
  "id": "gen9championsvgc2026regma-2585600436",
  "format": "[Gen 9 Champions] VGC 2026 Reg M-A",
  "players": [
    "worenpeace",
    "Hgggghghgghg"
  ],
  "log": "|j|\u2606worenpeace\n|j|\u2606Hgggghghgghg\n|t:|1776358105\n|gametype|doubles\n|player|p1|worenpeace|265|1084\n|player|p2|Hgggghghgghg|2|1000\n|gen|9\n|tier|[Gen 9 Champions] VGC 2026 Reg M-A\n|rated|\n|rule|Species Clause: Limit one of each Pok\u00e9mon\n|rule|Item Clause: Limit 1 of each item\n|clearpoke\n|poke|p1|Sneasler, L50, F|\n|poke|p1|Whimsicott, L50, M|\n|poke|p1|Sinistcha, L50|\n|poke|p1|Incineroar, L50, M|\n|poke|p1|Tyranitar, L50, F|\n|poke|p1|Garchomp, L50, F|\n|poke|p2|Sableye, L50, M|\n|poke|p2|Garganacl, L50, F|\n|poke|p2|Lopunny, L50, F|\n|poke|p2|Milotic, L50, F|\n|poke|p2|Araquanid, L50, M|\n|poke|p2|Sinistcha, L50|\n|teampreview|4\n|inactive|Battle timer is ON: inactive players will automatically lose when time's up. (requested by worenpeace)\n|inactive|worenpeace has 60 seconds left.\n|\n|t:|1776358147\n|teamsize|p1|4\n|teamsize|p2|4\n|start\n|switch|p1a: Tyranitar|Tyranitar, L50, F, shiny|100/100\n|switch|p1b: Sinistcha|Sinistcha, L50, shiny|100/100\n|switch|p2a: Sableye|Sableye, L50, M|100/100\n|switch|p2b: Milotic|Milotic, L50, F|100/100\n|-weather|Sandstorm|[from] ability: Sand Stream|[of] p1a: Tyranitar\n|turn|1\n|inactive|Hgggghghgghg has 30 seconds left.\n|inactive|Hgggghghgghg has 20 seconds left.\n|inactive|Hgggghghgghg has 15 seconds left.\n|inactive|Hgggghghgghg has 10 seconds left.\n|\n|t:|1776358196\n|detailschange|p1a: Tyranitar|Tyranitar-Mega, L50, F, shiny\n|-mega|p1a: Tyranitar|Tyranitar|Tyranitarite\n|move|p2b: Milotic|Protect|p2b: Milotic\n|-singleturn|p2b: Milotic|Protect\n|move|p2a: Sableye|Rain Dance|p2a: Sableye\n|-weather|RainDance\n|move|p1a: Tyranitar|Knock Off|p2a: Sableye\n|-damage|p2a: Sableye|18/100\n|-enditem|p2a: Sableye|Sitrus Berry|[from] move: Knock Off|[of] p1a: Tyranitar\n|move|p1b: Sinistcha|Matcha Gotcha|p2a: Sableye|[spread] p2a\n|-activate|p2b: Milotic|move: Protect\n|-damage|p2a: Sableye|0 fnt\n|faint|p2a: Sableye\n|\n|-weather|RainDance|[upkeep]\n|upkeep\n|\n|t:|1776358214\n|switch|p2a: Lopunny|Lopunny, L50, F|100/100\n|turn|2\n|\n|t:|1776358232\n|switch|p1a: Sneasler|Sneasler, L50, F, shiny|100/100\n|detailschange|p2a: Lopunny|Lopunny-Mega, L50, F\n|-mega|p2a: Lopunny|Lopunny|Lopunnite\n|move|p1b: Sinistcha|Rage Powder|p1b: Sinistcha\n|-singleturn|p1b: Sinistcha|move: Rage Powder\n|move|p2a: Lopunny|Ice Punch|p1b: Sinistcha\n|-supereffective|p1b: Sinistcha|1\n|-damage|p1b: Sinistcha|65/100\n|move|p2b: Milotic|Coil|p2b: Milotic\n|-boost|p2b: Milotic|atk|1\n|-boost|p2b: Milotic|def|1\n|-boost|p2b: Milotic|accuracy|1\n|\n|-weather|RainDance|[upkeep]\n|-heal|p1b: Sinistcha|71/100|[from] item: Leftovers\n|upkeep\n|turn|3\n|inactive|Hgggghghgghg has 30 seconds left.\n|inactive|Hgggghghgghg has 20 seconds left.\n|inactive|Hgggghghgghg has 15 seconds left.\n|\n|t:|1776358275\n|move|p1a: Sneasler|Fake Out|p2b: Milotic\n|-damage|p2b: Milotic|91/100\n|move|p2a: Lopunny|Ice Punch|p1b: Sinistcha\n|-supereffective|p1b: Sinistcha|1\n|-damage|p1b: Sinistcha|36/100\n|cant|p2b: Milotic|flinch\n|move|p1b: Sinistcha|Matcha Gotcha|p2a: Lopunny|[spread] p2a,p2b\n|-supereffective|p2b: Milotic|1\n|-damage|p2a: Lopunny|71/100\n|-heal|p1b: Sinistcha|48/100|[from] drain|[of] p2a: Lopunny\n|-damage|p2b: Milotic|55/100\n|-heal|p1b: Sinistcha|66/100|[from] drain|[of] p2b: Milotic\n|\n|-weather|RainDance|[upkeep]\n|-heal|p1b: Sinistcha|72/100|[from] item: Leftovers\n|upkeep\n|turn|4\n|inactive|Hgggghghgghg has 30 seconds left.\n|\n|t:|1776358300\n|move|p1b: Sinistcha|Rage Powder|p1b: Sinistcha\n|-singleturn|p1b: Sinistcha|move: Rage Powder\n|move|p2a: Lopunny|Ice Punch|p1b: Sinistcha\n|-supereffective|p1b: Sinistcha|1\n|-damage|p1b: Sinistcha|37/100\n|move|p1a: Sneasler|Close Combat|p2a: Lopunny\n|-supereffective|p2a: Lopunny|1\n|-damage|p2a: Lopunny|0 fnt\n|-unboost|p1a: Sneasler|def|1\n|-unboost|p1a: Sneasler|spd|1\n|faint|p2a: Lopunny\n|-enditem|p1a: Sneasler|White Herb\n|-clearnegativeboost|p1a: Sneasler|[silent]\n|move|p2b: Milotic|Muddy Water|p1b: Sinistcha|[spread] p1a,p1b\n|-resisted|p1b: Sinistcha|1\n|-damage|p1a: Sneasler|45/100\n|-damage|p1b: Sinistcha|16/100\n|\n|-weather|RainDance|[upkeep]\n|-heal|p1b: Sinistcha|22/100|[from] item: Leftovers\n|upkeep\n|\n|t:|1776358319\n|switch|p2a: Araquanid|Araquanid, L50, M|100/100\n|turn|5\n|inactive|worenpeace has 30 seconds left.\n|inactive|Hgggghghgghg has 30 seconds left.\n|\n|t:|1776358356\n|move|p1a: Sneasler|Dire Claw|p2b: Milotic\n|-damage|p2b: Milotic|26/100\n|move|p2b: Milotic|Recover|p2b: Milotic\n|-heal|p2b: Milotic|76/100\n|move|p1b: Sinistcha|Matcha Gotcha|p2b: Milotic|[spread] p2a,p2b\n|-supereffective|p2b: Milotic|1\n|-damage|p2a: Araquanid|78/100\n|-heal|p1b: Sinistcha|33/100|[from] drain|[of] p2a: Araquanid\n|-damage|p2b: Milotic|38/100\n|-heal|p1b: Sinistcha|51/100|[from] drain|[of] p2b: Milotic\n|move|p2a: Araquanid|Leech Life|p1b: Sinistcha\n|-damage|p1b: Sinistcha|33/100\n|-heal|p2a: Araquanid|88/100|[from] drain|[of] p1b: Sinistcha\n|\n|-weather|none\n|-heal|p1b: Sinistcha|39/100|[from] item: Leftovers\n|upkeep\n|turn|6\n|inactive|Hgggghghgghg has 30 seconds left.\n|\n|t:|1776358388\n|move|p2a: Araquanid|Wide Guard|p2a: Araquanid\n|-singleturn|p2a: Araquanid|Wide Guard\n|move|p1a: Sneasler|Close Combat|p2b: Milotic\n|-damage|p2b: Milotic|0 fnt\n|-unboost|p1a: Sneasler|def|1\n|-unboost|p1a: Sneasler|spd|1\n|faint|p2b: Milotic\n|move|p1b: Sinistcha|Matcha Gotcha|p2a: Araquanid\n|-activate|p2a: Araquanid|move: Wide Guard\n|\n|-heal|p1b: Sinistcha|45/100|[from] item: Leftovers\n|upkeep\n|turn|7\n|-message|Hgggghghgghg forfeited.\n|\n|win|worenpeace\n|raw|worenpeace's rating: 1084 &rarr; <strong>1105</strong><br />(+21 for winning)\n|raw|Hgggghghgghg's rating: 1000 &rarr; <strong>1000</strong><br />(+0 for losing)\n|l|\u2606Hgggghghgghg\n|player|p2|\n",
  "uploadtime": 1776358411,
  "views": 28,
  "formatid": "gen9championsvgc2026regma",
  "rating": 1000,
  "private": 0,
  "password": null
}