{
  "id": "gen9championsvgc2026regma-2587784609",
  "format": "[Gen 9 Champions] VGC 2026 Reg M-A",
  "players": [
    "phil taylor swift",
    "riku797vgc5"
  ],
  "log": "|j|\u2606phil taylor swift\n|j|\u2606riku797vgc5\n|t:|1776563704\n|gametype|doubles\n|player|p1|phil taylor swift|beauty-gen4dp|1227\n|player|p2|riku797vgc5|2|1232\n|gen|9\n|tier|[Gen 9 Champions] VGC 2026 Reg M-A\n|rated|\n|rule|Species Clause: Limit one of each Pok\u00e9mon\n|rule|Item Clause: Limit 1 of each item\n|clearpoke\n|poke|p1|Charizard, L50, F|\n|poke|p1|Venusaur, L50, M|\n|poke|p1|Aegislash, L50, F|\n|poke|p1|Rotom-Wash, L50|\n|poke|p1|Incineroar, L50, F|\n|poke|p1|Aerodactyl, L50, M|\n|poke|p2|Gengar, L50, M|\n|poke|p2|Sinistcha, L50|\n|poke|p2|Maushold, L50|\n|poke|p2|Incineroar, L50, M|\n|poke|p2|Rotom-Wash, L50|\n|poke|p2|Kommo-o, L50, M|\n|teampreview|4\n|\n|t:|1776563739\n|teamsize|p1|4\n|teamsize|p2|4\n|start\n|switch|p1a: Rotom|Rotom-Wash, L50|100/100\n|switch|p1b: Aerodactyl|Aerodactyl, L50, M|100/100\n|switch|p2a: Gengar|Gengar, L50, M|100/100\n|switch|p2b: Incineroar|Incineroar, L50, M|100/100\n|-ability|p1b: Aerodactyl|Unnerve\n|-ability|p2b: Incineroar|Intimidate|boost\n|-unboost|p1a: Rotom|atk|1\n|-unboost|p1b: Aerodactyl|atk|1\n|turn|1\n|\n|t:|1776563753\n|detailschange|p2a: Gengar|Gengar-Mega, L50, M\n|-mega|p2a: Gengar|Gengar|Gengarite\n|move|p2b: Incineroar|Fake Out|p1a: Rotom\n|-damage|p1a: Rotom|90/100\n|cant|p1a: Rotom|flinch\n|move|p1b: Aerodactyl|Tailwind|p1b: Aerodactyl\n|-sidestart|p1: phil taylor swift|move: Tailwind\n|move|p2a: Gengar|Substitute|p2a: Gengar\n|-start|p2a: Gengar|Substitute\n|-damage|p2a: Gengar|76/100\n|\n|upkeep\n|turn|2\n|\n|t:|1776563780\n|move|p2a: Gengar|Protect|p2a: Gengar\n|-singleturn|p2a: Gengar|Protect\n|move|p1a: Rotom|Electroweb|p2a: Gengar|[spread] p2b\n|-activate|p2a: Gengar|move: Protect\n|-damage|p2b: Incineroar|88/100\n|-unboost|p2b: Incineroar|spe|1\n|move|p1b: Aerodactyl|Rock Slide|p2b: Incineroar|[spread] p2b\n|-activate|p2a: Gengar|move: Protect\n|-supereffective|p2b: Incineroar|1\n|-damage|p2b: Incineroar|60/100\n|move|p2b: Incineroar|Parting Shot|p1b: Aerodactyl\n|-unboost|p1b: Aerodactyl|atk|1\n|-unboost|p1b: Aerodactyl|spa|1\n|\n|t:|1776563785\n|switch|p2b: Rotom|Rotom-Wash, L50|100/100|[from] Parting Shot\n|\n|upkeep\n|turn|3\n|\n|t:|1776563797\n|move|p1b: Aerodactyl|Protect|p1b: Aerodactyl\n|-singleturn|p1b: Aerodactyl|Protect\n|move|p1a: Rotom|Electroweb|p2b: Rotom|[spread] p2a,p2b\n|-activate|p2a: Gengar|move: Substitute|[damage]\n|-damage|p2b: Rotom|82/100\n|-unboost|p2b: Rotom|spe|1\n|move|p2a: Gengar|Disable|p1a: Rotom\n|-start|p1a: Rotom|Disable|Electroweb\n|move|p2b: Rotom|Trick|p1b: Aerodactyl\n|-activate|p1b: Aerodactyl|move: Protect\n|\n|upkeep\n|turn|4\n|\n|t:|1776563806\n|-activate|p1a: Rotom|move: Struggle\n|move|p1a: Rotom|Struggle|p2b: Rotom\n|-damage|p2b: Rotom|75/100\n|-damage|p1a: Rotom|64/100|[from] recoil\n|move|p1b: Aerodactyl|Rock Slide|p2a: Gengar|[spread] p2a,p2b\n|-end|p2a: Gengar|Substitute\n|-damage|p2b: Rotom|58/100\n|move|p2a: Gengar|Disable|p1b: Aerodactyl\n|-start|p1b: Aerodactyl|Disable|Rock Slide\n|move|p2b: Rotom|Trick|p1b: Aerodactyl\n|-activate|p2b: Rotom|move: Trick|[of] p1b: Aerodactyl\n|-item|p1b: Aerodactyl|Choice Scarf|[from] move: Trick\n|-item|p2b: Rotom|Focus Sash|[from] move: Trick\n|\n|-sideend|p1: phil taylor swift|move: Tailwind\n|upkeep\n|turn|5\n|\n|t:|1776563828\n|move|p1b: Aerodactyl|Dual Wingbeat|p2a: Gengar|[miss]\n|-miss|p1b: Aerodactyl|p2a: Gengar\n|-activate|p1a: Rotom|move: Struggle\n|move|p1a: Rotom|Struggle|p2a: Gengar\n|-damage|p2a: Gengar|70/100\n|-damage|p1a: Rotom|39/100|[from] recoil\n|move|p2a: Gengar|Shadow Ball|p1a: Rotom\n|-crit|p1a: Rotom\n|-damage|p1a: Rotom|0 fnt\n|faint|p1a: Rotom\n|move|p2b: Rotom|Volt Switch|p1b: Aerodactyl\n|-supereffective|p1b: Aerodactyl|1\n|-damage|p1b: Aerodactyl|13/100\n|\n|t:|1776563835\n|switch|p2b: Sinistcha|Sinistcha, L50|100/100|[from] Volt Switch\n|-heal|p2a: Gengar|95/100|[from] ability: Hospitality|[of] p2b: Sinistcha\n|\n|upkeep\n|\n|t:|1776563840\n|switch|p1a: Charizard|Charizard, L50, F|100/100\n|turn|6\n|\n|t:|1776563846\n|switch|p2b: Incineroar|Incineroar, L50, M|60/100\n|-ability|p2b: Incineroar|Intimidate|boost\n|-unboost|p1a: Charizard|atk|1\n|-unboost|p1b: Aerodactyl|atk|1\n|detailschange|p1a: Charizard|Charizard-Mega-Y, L50, F\n|-mega|p1a: Charizard|Charizard|Charizardite Y\n|-weather|SunnyDay|[from] ability: Drought|[of] p1a: Charizard\n|move|p2a: Gengar|Protect|p2a: Gengar\n|-singleturn|p2a: Gengar|Protect\n|move|p1b: Aerodactyl|Dual Wingbeat|p2b: Incineroar\n|-damage|p2b: Incineroar|54/100\n|-damage|p2b: Incineroar|47/100\n|-hitcount|p2b: Incineroar|2\n|move|p1a: Charizard|Heat Wave|p2b: Incineroar|[spread] p2b\n|-activate|p2a: Gengar|move: Protect\n|-resisted|p2b: Incineroar|1\n|-damage|p2b: Incineroar|18/100\n|\n|-weather|SunnyDay|[upkeep]\n|upkeep\n|turn|7\n|\n|t:|1776563860\n|move|p1a: Charizard|Protect|p1a: Charizard\n|-singleturn|p1a: Charizard|Protect\n|move|p2b: Incineroar|Fake Out|p1a: Charizard\n|-activate|p1a: Charizard|move: Protect\n|move|p1b: Aerodactyl|Dual Wingbeat|p2b: Incineroar\n|-damage|p2b: Incineroar|12/100\n|-damage|p2b: Incineroar|6/100\n|-hitcount|p2b: Incineroar|2\n|move|p2a: Gengar|Substitute|p2a: Gengar\n|-start|p2a: Gengar|Substitute\n|-damage|p2a: Gengar|70/100\n|\n|-weather|SunnyDay|[upkeep]\n|upkeep\n|turn|8\n|\n|t:|1776563874\n|switch|p2b: Sinistcha|Sinistcha, L50|100/100\n|-heal|p2a: Gengar|95/100|[from] ability: Hospitality|[of] p2b: Sinistcha\n|move|p1b: Aerodactyl|Dual Wingbeat|p2a: Gengar\n|-activate|p2a: Gengar|move: Substitute|[damage]\n|-activate|p2a: Gengar|move: Substitute|[damage]\n|-hitcount|p2a: Gengar|2\n|move|p2a: Gengar|Shadow Ball|p1a: Charizard\n|-damage|p1a: Charizard|59/100\n|move|p1a: Charizard|Heat Wave|p2b: Sinistcha|[spread] p2a\n|-miss|p1a: Charizard|p2b: Sinistcha\n|-end|p2a: Gengar|Substitute\n|\n|-weather|SunnyDay|[upkeep]\n|-end|p1b: Aerodactyl|Disable\n|upkeep\n|turn|9\n|\n|t:|1776563906\n|switch|p2b: Rotom|Rotom-Wash, L50|58/100\n|move|p2a: Gengar|Protect|p2a: Gengar\n|-singleturn|p2a: Gengar|Protect\n|move|p1b: Aerodactyl|Dual Wingbeat|p2a: Gengar\n|-activate|p2a: Gengar|move: Protect\n|move|p1a: Charizard|Substitute|p1a: Charizard\n|-start|p1a: Charizard|Substitute\n|-damage|p1a: Charizard|35/100\n|\n|-weather|SunnyDay|[upkeep]\n|upkeep\n|turn|10\n|\n|t:|1776563923\n|move|p1b: Aerodactyl|Dual Wingbeat|p2a: Gengar\n|-damage|p2a: Gengar|87/100\n|-damage|p2a: Gengar|80/100\n|-hitcount|p2a: Gengar|2\n|move|p2a: Gengar|Shadow Ball|p1a: Charizard\n|-end|p1a: Charizard|Substitute\n|move|p1a: Charizard|Heat Wave|p2a: Gengar|[spread] p2a\n|-miss|p1a: Charizard|p2b: Rotom\n|-damage|p2a: Gengar|4/100\n|-status|p2a: Gengar|brn\n|move|p2b: Rotom|Electroweb|p1a: Charizard|[spread] p1a,p1b\n|-supereffective|p1a: Charizard|1\n|-supereffective|p1b: Aerodactyl|1\n|-damage|p1a: Charizard|0 fnt\n|-damage|p1b: Aerodactyl|0 fnt\n|faint|p1a: Charizard\n|faint|p1b: Aerodactyl\n|\n|-weather|none\n|-damage|p2a: Gengar|0 fnt|[from] brn\n|faint|p2a: Gengar\n|upkeep\n|\n|t:|1776563950\n|switch|p1b: Venusaur|Venusaur, L50, M|100/100\n|switch|p2a: Incineroar|Incineroar, L50, M|6/100\n|-enditem|p2a: Incineroar|Sitrus Berry|[eat]\n|-heal|p2a: Incineroar|31/100|[from] item: Sitrus Berry\n|-ability|p2a: Incineroar|Intimidate|boost\n|-unboost|p1b: Venusaur|atk|1\n|turn|11\n|\n|t:|1776563964\n|switch|p2b: Sinistcha|Sinistcha, L50|100/100\n|-heal|p2a: Incineroar|56/100|[from] ability: Hospitality|[of] p2b: Sinistcha\n|move|p1b: Venusaur|Protect|p1b: Venusaur\n|-singleturn|p1b: Venusaur|Protect\n|move|p2a: Incineroar|Fake Out|p1b: Venusaur\n|-activate|p1b: Venusaur|move: Protect\n|\n|upkeep\n|turn|12\n|\n|t:|1776563972\n|move|p1b: Venusaur|Sludge Bomb|p2a: Incineroar\n|-damage|p2a: Incineroar|24/100\n|-status|p2a: Incineroar|psn\n|move|p2b: Sinistcha|Life Dew||[still]|[spread] p2a,p2b\n|-heal|p2a: Incineroar|49/100 psn\n|-fail|p2b: Sinistcha|heal\n|move|p2a: Incineroar|Will-O-Wisp|p1b: Venusaur\n|-status|p1b: Venusaur|brn\n|\n|-damage|p2a: Incineroar|36/100 psn|[from] psn\n|-damage|p1b: Venusaur|95/100 brn|[from] brn\n|upkeep\n|turn|13\n|\n|t:|1776563989\n|move|p1b: Venusaur|Sludge Bomb|p2b: Sinistcha\n|-damage|p2b: Sinistcha|54/100\n|-status|p2b: Sinistcha|psn\n|move|p2b: Sinistcha|Life Dew|p2b: Sinistcha|[spread] p2a,p2b\n|-heal|p2a: Incineroar|61/100 psn\n|-heal|p2b: Sinistcha|79/100 psn\n|move|p2a: Incineroar|Parting Shot|p1b: Venusaur\n|-unboost|p1b: Venusaur|atk|1\n|-unboost|p1b: Venusaur|spa|1\n|\n|t:|1776563993\n|switch|p2a: Rotom|Rotom-Wash, L50|58/100|[from] Parting Shot\n|\n|-damage|p2b: Sinistcha|66/100 psn|[from] psn\n|-damage|p1b: Venusaur|89/100 brn|[from] brn\n|upkeep\n|turn|14\n|\n|t:|1776564003\n|switch|p2a: Incineroar|Incineroar, L50, M|61/100 psn\n|-ability|p2a: Incineroar|Intimidate|boost\n|-unboost|p1b: Venusaur|atk|1\n|move|p1b: Venusaur|Giga Drain|p2a: Incineroar\n|-resisted|p2a: Incineroar|1\n|-damage|p2a: Incineroar|52/100 psn\n|-heal|p1b: Venusaur|95/100 brn|[from] drain|[of] p2a: Incineroar\n|move|p2b: Sinistcha|Life Dew|p2b: Sinistcha|[spread] p2a,p2b\n|-heal|p2a: Incineroar|77/100 psn\n|-heal|p2b: Sinistcha|91/100 psn\n|\n|-damage|p2b: Sinistcha|79/100 psn|[from] psn\n|-damage|p2a: Incineroar|64/100 psn|[from] psn\n|-damage|p1b: Venusaur|90/100 brn|[from] brn\n|upkeep\n|turn|15\n|\n|t:|1776564010\n|move|p1b: Venusaur|Protect|p1b: Venusaur\n|-singleturn|p1b: Venusaur|Protect\n|move|p2b: Sinistcha|Life Dew|p2b: Sinistcha|[spread] p2a,p2b\n|-heal|p2a: Incineroar|89/100 psn\n|-heal|p2b: Sinistcha|100/100 psn\n|move|p2a: Incineroar|Throat Chop|p1b: Venusaur\n|-activate|p1b: Venusaur|move: Protect\n|\n|-damage|p2b: Sinistcha|88/100 psn|[from] psn\n|-damage|p2a: Incineroar|77/100 psn|[from] psn\n|-damage|p1b: Venusaur|84/100 brn|[from] brn\n|upkeep\n|turn|16\n|\n|t:|1776564017\n|move|p2b: Sinistcha|Protect|p2b: Sinistcha\n|-singleturn|p2b: Sinistcha|Protect\n|move|p1b: Venusaur|Sludge Bomb|p2a: Incineroar\n|-damage|p2a: Incineroar|55/100 psn\n|move|p2a: Incineroar|Parting Shot|p1b: Venusaur\n|-unboost|p1b: Venusaur|atk|1\n|-unboost|p1b: Venusaur|spa|1\n|\n|t:|1776564019\n|switch|p2a: Rotom|Rotom-Wash, L50|58/100|[from] Parting Shot\n|\n|-damage|p2b: Sinistcha|75/100 psn|[from] psn\n|-damage|p1b: Venusaur|78/100 brn|[from] brn\n|upkeep\n|turn|17\n|\n|t:|1776564027\n|move|p2a: Rotom|Volt Switch|p1b: Venusaur\n|-resisted|p1b: Venusaur|1\n|-damage|p1b: Venusaur|60/100 brn\n|\n|t:|1776564030\n|switch|p2a: Incineroar|Incineroar, L50, M|55/100 psn|[from] Volt Switch\n|-ability|p2a: Incineroar|Intimidate|boost\n|-unboost|p1b: Venusaur|atk|1\n|move|p1b: Venusaur|Sludge Bomb|p2a: Incineroar\n|-damage|p2a: Incineroar|40/100 psn\n|move|p2b: Sinistcha|Life Dew|p2b: Sinistcha|[spread] p2a,p2b\n|-heal|p2a: Incineroar|65/100 psn\n|-heal|p2b: Sinistcha|100/100 psn\n|\n|-damage|p2b: Sinistcha|88/100 psn|[from] psn\n|-damage|p2a: Incineroar|52/100 psn|[from] psn\n|-damage|p1b: Venusaur|55/100 brn|[from] brn\n|upkeep\n|turn|18\n|-message|phil taylor swift forfeited.\n|\n|win|riku797vgc5\n|raw|phil taylor swift's rating: 1227 &rarr; <strong>1202</strong><br />(-25 for losing)\n|raw|riku797vgc5's rating: 1232 &rarr; <strong>1257</strong><br />(+25 for winning)\n|l|\u2606phil taylor swift\n|player|p1|\n",
  "uploadtime": 1776564038,
  "views": 14,
  "formatid": "gen9championsvgc2026regma",
  "rating": 1202,
  "private": 0,
  "password": null
}