{
  "id": "gen9championsvgc2026regma-2588606006",
  "format": "[Gen 9 Champions] VGC 2026 Reg M-A",
  "players": [
    "V GPF V",
    "amateur 27"
  ],
  "log": "|j|\u2606V GPF V\n|j|\u2606amateur 27\n|t:|1776649454\n|gametype|doubles\n|player|p1|V GPF V|juan|1533\n|player|p2|amateur 27|2|1449\n|gen|9\n|tier|[Gen 9 Champions] VGC 2026 Reg M-A\n|rated|\n|rule|Species Clause: Limit one of each Pok\u00e9mon\n|rule|Item Clause: Limit 1 of each item\n|clearpoke\n|poke|p1|Glimmora, L50, M|\n|poke|p1|Farigiraf, L50, F|\n|poke|p1|Sneasler, L50, M|\n|poke|p1|Pelipper, L50, F|\n|poke|p1|Archaludon, L50, M|\n|poke|p1|Basculegion, L50, M|\n|poke|p2|Charizard, L50, M|\n|poke|p2|Incineroar, L50, M|\n|poke|p2|Gardevoir, L50, F|\n|poke|p2|Sneasler, L50, M|\n|poke|p2|Kingambit, L50, M|\n|poke|p2|Dragonite, L50, M|\n|teampreview|4\n|inactive|Battle timer is ON: inactive players will automatically lose when time's up. (requested by V GPF V)\n|inactive|amateur 27 has 60 seconds left.\n|inactive|amateur 27 has 30 seconds left.\n|inactive|amateur 27 has 20 seconds left.\n|\n|t:|1776649566\n|teamsize|p1|4\n|teamsize|p2|4\n|start\n|switch|p1a: Glimmora|Glimmora, L50, M|100/100\n|switch|p1b: Sneasler|Sneasler, L50, M|100/100\n|switch|p2a: Charizard|Charizard, L50, M|100/100\n|switch|p2b: Dragonite|Dragonite, L50, M|100/100\n|turn|1\n|inactive|V GPF V has 30 seconds left.\n|inactive|amateur 27 has 30 seconds left.\n|inactive|V GPF V has 20 seconds left.\n|inactive|amateur 27 has 20 seconds left.\n|\n|t:|1776649604\n|move|p2a: Charizard|Protect|p2a: Charizard\n|-singleturn|p2a: Charizard|Protect\n|move|p1a: Glimmora|Spiky Shield|p1a: Glimmora\n|-singleturn|p1a: Glimmora|move: Protect\n|move|p1b: Sneasler|Dire Claw|p2b: Dragonite\n|-damage|p2b: Dragonite|60/100\n|move|p2b: Dragonite|Breaking Swipe|p1b: Sneasler|[spread] p1b\n|-activate|p1a: Glimmora|move: Protect\n|-damage|p2b: Dragonite|47/100|[from] Spiky Shield|[of] p1a: Glimmora\n|-damage|p1b: Sneasler|58/100\n|-unboost|p1b: Sneasler|atk|1\n|-enditem|p1b: Sneasler|White Herb\n|-clearnegativeboost|p1b: Sneasler|[silent]\n|\n|upkeep\n|turn|2\n|inactive|amateur 27 has 30 seconds left.\n|\n|t:|1776649639\n|switch|p2a: Sneasler|Sneasler, L50, M|100/100\n|switch|p2b: Kingambit|Kingambit, L50, M|100/100\n|detailschange|p1a: Glimmora|Glimmora-Mega, L50, M\n|-mega|p1a: Glimmora|Glimmora|Glimmoranite\n|move|p1b: Sneasler|Close Combat|p2b: Kingambit\n|-supereffective|p2b: Kingambit|2\n|-damage|p2b: Kingambit|0 fnt\n|-unboost|p1b: Sneasler|def|1\n|-unboost|p1b: Sneasler|spd|1\n|faint|p2b: Kingambit\n|move|p1a: Glimmora|Power Gem|p2a: Sneasler\n|-resisted|p2a: Sneasler|1\n|-damage|p2a: Sneasler|60/100\n|\n|upkeep\n|\n|t:|1776649650\n|switch|p2b: Charizard|Charizard, L50, M|100/100\n|turn|3\n|inactive|V GPF V has 30 seconds left.\n|inactive|amateur 27 has 30 seconds left.\n|\n|t:|1776649681\n|switch|p1b: Archaludon|Archaludon, L50, M|100/100\n|detailschange|p2b: Charizard|Charizard-Mega-Y, L50, M\n|-mega|p2b: Charizard|Charizard|Charizardite Y\n|-weather|SunnyDay|[from] ability: Drought|[of] p2b: Charizard\n|move|p1a: Glimmora|Spiky Shield|p1a: Glimmora\n|-singleturn|p1a: Glimmora|move: Protect\n|move|p2b: Charizard|Protect|p2b: Charizard\n|-singleturn|p2b: Charizard|Protect\n|move|p2a: Sneasler|Close Combat|p1b: Archaludon\n|-supereffective|p1b: Archaludon|1\n|-damage|p1b: Archaludon|9/100\n|-unboost|p2a: Sneasler|def|1\n|-unboost|p2a: Sneasler|spd|1\n|-ability|p1b: Archaludon|Stamina|boost\n|-boost|p1b: Archaludon|def|1\n|-enditem|p2a: Sneasler|White Herb\n|-clearnegativeboost|p2a: Sneasler|[silent]\n|\n|-weather|SunnyDay|[upkeep]\n|-heal|p1b: Archaludon|15/100|[from] item: Leftovers\n|upkeep\n|turn|4\n|\n|t:|1776649704\n|switch|p1b: Pelipper|Pelipper, L50, F|100/100\n|-weather|RainDance|[from] ability: Drizzle|[of] p1b: Pelipper\n|move|p2a: Sneasler|Rock Tomb|p1a: Glimmora\n|-damage|p1a: Glimmora|73/100\n|-unboost|p1a: Glimmora|spe|1\n|move|p2b: Charizard|Heat Wave|p1a: Glimmora|[spread] p1a,p1b\n|-resisted|p1a: Glimmora|1\n|-resisted|p1b: Pelipper|1\n|-damage|p1a: Glimmora|59/100\n|-damage|p1b: Pelipper|84/100\n|move|p1a: Glimmora|Earth Power|p2a: Sneasler\n|-supereffective|p2a: Sneasler|1\n|-damage|p2a: Sneasler|0 fnt\n|faint|p2a: Sneasler\n|\n|-weather|RainDance|[upkeep]\n|upkeep\n|\n|t:|1776649720\n|switch|p2a: Dragonite|Dragonite, L50, M|47/100\n|turn|5\n|inactive|amateur 27 has 30 seconds left.\n|\n|t:|1776649749\n|move|p1a: Glimmora|Spiky Shield|p1a: Glimmora\n|-singleturn|p1a: Glimmora|move: Protect\n|move|p2b: Charizard|Air Slash|p1b: Pelipper\n|-damage|p1b: Pelipper|13/100\n|-enditem|p1b: Pelipper|Sitrus Berry|[eat]\n|-heal|p1b: Pelipper|38/100|[from] item: Sitrus Berry\n|move|p2a: Dragonite|Low Kick|p1a: Glimmora\n|-activate|p1a: Glimmora|move: Protect\n|-damage|p2a: Dragonite|35/100|[from] Spiky Shield|[of] p1a: Glimmora\n|cant|p1b: Pelipper|flinch\n|\n|-weather|RainDance|[upkeep]\n|upkeep\n|turn|6\n|inactive|V GPF V has 30 seconds left.\n|inactive|V GPF V has 20 seconds left.\n|\n|t:|1776649786\n|switch|p1a: Archaludon|Archaludon, L50, M|15/100\n|move|p2b: Charizard|Air Slash|p1a: Archaludon\n|-resisted|p1a: Archaludon|1\n|-damage|p1a: Archaludon|0 fnt\n|faint|p1a: Archaludon\n|move|p2a: Dragonite|Low Kick|p1b: Pelipper\n|-resisted|p1b: Pelipper|1\n|-damage|p1b: Pelipper|30/100\n|move|p1b: Pelipper|Ice Beam|p2a: Dragonite\n|-supereffective|p2a: Dragonite|2\n|-damage|p2a: Dragonite|0 fnt\n|faint|p2a: Dragonite\n|\n|-weather|RainDance|[upkeep]\n|upkeep\n|\n|t:|1776649796\n|switch|p1a: Glimmora|Glimmora-Mega, L50, M|59/100\n|turn|7\n|c|\u2606V GPF V|gg\n|\n|t:|1776649803\n|move|p1a: Glimmora|Power Gem|p2b: Charizard\n|-supereffective|p2b: Charizard|2\n|-damage|p2b: Charizard|0 fnt\n|faint|p2b: Charizard\n|\n|win|V GPF V\n|raw|V GPF V's rating: 1533 &rarr; <strong>1548</strong><br />(+15 for winning)\n|raw|amateur 27's rating: 1449 &rarr; <strong>1434</strong><br />(-15 for losing)\n",
  "uploadtime": 1776649806,
  "views": 15,
  "formatid": "gen9championsvgc2026regma",
  "rating": 1434,
  "private": 0,
  "password": null
}