{
  "id": "gen9championsvgc2026regma-2583617876",
  "format": "[Gen 9 Champions] VGC 2026 Reg M-A",
  "players": [
    "not name fren",
    "bgc0"
  ],
  "log": "|j|\u2606not name fren\n|j|\u2606bgc0\n|t:|1776186844\n|gametype|doubles\n|player|p1|not name fren|worker-gen6|1368\n|player|p2|bgc0|brawly|1347\n|gen|9\n|tier|[Gen 9 Champions] VGC 2026 Reg M-A\n|rated|\n|rule|Species Clause: Limit one of each Pok\u00e9mon\n|rule|Item Clause: Limit 1 of each item\n|clearpoke\n|poke|p1|Goodra-Hisui, L50, F|\n|poke|p1|Volcarona, L50, F|\n|poke|p1|Banette, L50, M|\n|poke|p1|Garchomp, L50, M|\n|poke|p1|Ninetales-Alola, L50, M|\n|poke|p1|Tauros-Paldea-Aqua, L50, M|\n|poke|p2|Kangaskhan, L50, F|\n|poke|p2|Dragapult, L50, M|\n|poke|p2|Aerodactyl, L50, M|\n|poke|p2|Empoleon, L50, M|\n|poke|p2|Sneasler, L50, M|\n|poke|p2|Kingambit, L50, M|\n|teampreview|4\n|inactive|Battle timer is ON: inactive players will automatically lose when time's up. (requested by not name fren)\nbgc0 rejected open team sheets.\n|inactive|bgc0 has 60 seconds left.\n|\n|t:|1776186882\n|teamsize|p1|4\n|teamsize|p2|4\n|start\n|switch|p1a: Garchomp|Garchomp, L50, M|100/100\n|switch|p1b: Banette|Banette, L50, M, shiny|100/100\n|switch|p2a: Kangaskhan|Kangaskhan, L50, F|100/100\n|switch|p2b: Dragapult|Dragapult, L50, M, shiny|100/100\n|turn|1\n|\n|t:|1776186898\n|detailschange|p1b: Banette|Banette-Mega, L50, M, shiny\n|-mega|p1b: Banette|Banette|Banettite\n|move|p2a: Kangaskhan|Fake Out|p1b: Banette\n|-damage|p1b: Banette|75/100\n|cant|p1b: Banette|flinch\n|move|p1a: Garchomp|Dragon Claw|p2b: Dragapult\n|-supereffective|p2b: Dragapult|1\n|-enditem|p2b: Dragapult|Haban Berry|[eat]\n|-enditem|p2b: Dragapult|Haban Berry|[weaken]\n|-damage|p2b: Dragapult|46/100\n|move|p2b: Dragapult|Dragon Darts|p1b: Banette\n|-damage|p1b: Banette|43/100\n|-anim|p2b: Dragapult|Dragon Darts|p1a: Garchomp\n|-supereffective|p1a: Garchomp|1\n|-damage|p1a: Garchomp|47/100\n|\n|upkeep\n|turn|2\n|inactive|bgc0 has 30 seconds left.\n|\n|t:|1776186923\n|switch|p2b: Aerodactyl|Aerodactyl, L50, M|100/100\n|-ability|p2b: Aerodactyl|Unnerve\n|detailschange|p2a: Kangaskhan|Kangaskhan-Mega, L50, F\n|-mega|p2a: Kangaskhan|Kangaskhan|Kangaskhanite\n|move|p1b: Banette|Will-O-Wisp|p2a: Kangaskhan\n|-status|p2a: Kangaskhan|brn\n|move|p1a: Garchomp|Dragon Claw|p2b: Aerodactyl\n|-damage|p2b: Aerodactyl|50/100\n|move|p2a: Kangaskhan|Double-Edge|p1a: Garchomp\n|-damage|p1a: Garchomp|11/100\n|-damage|p2a: Kangaskhan|88/100 brn|[from] ability: Rough Skin|[of] p1a: Garchomp\n|-damage|p1a: Garchomp|3/100\n|-damage|p2a: Kangaskhan|76/100 brn|[from] ability: Rough Skin|[of] p1a: Garchomp\n|-hitcount|p1a: Garchomp|2\n|-damage|p2a: Kangaskhan|62/100 brn|[from] Recoil\n|\n|-damage|p2a: Kangaskhan|56/100 brn|[from] brn\n|upkeep\n|turn|3\n|inactive|bgc0 has 30 seconds left.\n|inactive|bgc0 has 20 seconds left.\n|inactive|bgc0 has 15 seconds left.\n|inactive|bgc0 has 10 seconds left.\n|\n|t:|1776186970\n|switch|p1a: Goodra|Goodra-Hisui, L50, F|100/100\n|move|p1b: Banette|Encore|p2a: Kangaskhan\n|-start|p2a: Kangaskhan|Encore\n|move|p2b: Aerodactyl|Rock Slide|p1a: Goodra|[spread] p1a,p1b\n|-resisted|p1a: Goodra|1\n|-damage|p1a: Goodra|91/100\n|-damage|p1b: Banette|16/100\n|move|p2a: Kangaskhan|Double-Edge|p1b: Banette\n|-immune|p1b: Banette\n|\n|-heal|p1a: Goodra|97/100|[from] item: Leftovers\n|-damage|p2a: Kangaskhan|50/100 brn|[from] brn\n|upkeep\n|turn|4\n|\n|t:|1776186989\n|switch|p2a: Dragapult|Dragapult, L50, M, shiny|46/100\n|move|p1b: Banette|Will-O-Wisp|p2b: Aerodactyl\n|-status|p2b: Aerodactyl|brn\n|move|p2b: Aerodactyl|Rock Slide|p1a: Goodra|[spread] p1a,p1b\n|-resisted|p1a: Goodra|1\n|-crit|p1b: Banette\n|-damage|p1a: Goodra|92/100\n|-damage|p1b: Banette|0 fnt\n|faint|p1b: Banette\n|cant|p1a: Goodra|flinch\n|\n|-heal|p1a: Goodra|98/100|[from] item: Leftovers\n|-damage|p2b: Aerodactyl|44/100 brn|[from] brn\n|upkeep\n|\n|t:|1776186998\n|switch|p1b: Garchomp|Garchomp, L50, M|3/100\n|turn|5\n|\n|t:|1776187009\n|switch|p2a: Kangaskhan|Kangaskhan-Mega, L50, F|50/100 brn\n|move|p1b: Garchomp|Dragon Claw|p2a: Kangaskhan\n|-damage|p2a: Kangaskhan|10/100 brn\n|move|p2b: Aerodactyl|Rock Slide|p1b: Garchomp|[spread] p1a,p1b\n|-resisted|p1a: Goodra|1\n|-resisted|p1b: Garchomp|1\n|-damage|p1a: Goodra|93/100\n|-damage|p1b: Garchomp|0 fnt\n|faint|p1b: Garchomp\n|cant|p1a: Goodra|flinch\n|\n|-heal|p1a: Goodra|99/100|[from] item: Leftovers\n|-damage|p2b: Aerodactyl|38/100 brn|[from] brn\n|-damage|p2a: Kangaskhan|4/100 brn|[from] brn\n|upkeep\n|\n|t:|1776187016\n|switch|p1b: Volcarona|Volcarona, L50, F, shiny|100/100\n|turn|6\n|\n|t:|1776187030\n|move|p1b: Volcarona|Protect|p1b: Volcarona\n|-singleturn|p1b: Volcarona|Protect\n|move|p2a: Kangaskhan|Fake Out|p1a: Goodra\n|-resisted|p1a: Goodra|1\n|-damage|p1a: Goodra|94/100\n|-resisted|p1a: Goodra|1\n|-damage|p1a: Goodra|92/100\n|-hitcount|p1a: Goodra|2\n|move|p2b: Aerodactyl|Rock Slide|p1b: Volcarona|[spread] p1a\n|-activate|p1b: Volcarona|move: Protect\n|-resisted|p1a: Goodra|1\n|-damage|p1a: Goodra|88/100\n|cant|p1a: Goodra|flinch\n|\n|-heal|p1a: Goodra|94/100|[from] item: Leftovers\n|-damage|p2b: Aerodactyl|32/100 brn|[from] brn\n|-damage|p2a: Kangaskhan|0 fnt|[from] brn\n|faint|p2a: Kangaskhan\n|upkeep\n|\n|t:|1776187037\n|switch|p2a: Sneasler|Sneasler, L50, M|100/100\n|turn|7\n|\n|t:|1776187050\n|move|p2a: Sneasler|Fake Out|p1a: Goodra\n|-resisted|p1a: Goodra|1\n|-damage|p1a: Goodra|87/100\n|move|p2b: Aerodactyl|Rock Slide|p1b: Volcarona|[spread] p1a,p1b\n|-resisted|p1a: Goodra|1\n|-supereffective|p1b: Volcarona|2\n|-damage|p1a: Goodra|82/100\n|-damage|p1b: Volcarona|58/100\n|move|p1b: Volcarona|Quiver Dance|p1b: Volcarona\n|-boost|p1b: Volcarona|spa|1\n|-boost|p1b: Volcarona|spd|1\n|-boost|p1b: Volcarona|spe|1\n|cant|p1a: Goodra|flinch\n|\n|-heal|p1a: Goodra|88/100|[from] item: Leftovers\n|-damage|p2b: Aerodactyl|27/100 brn|[from] brn\n|upkeep\n|turn|8\n|\n|t:|1776187073\n|move|p1b: Volcarona|Heat Wave|p2b: Aerodactyl|[spread] p2a,p2b\n|-resisted|p2b: Aerodactyl|1\n|-damage|p2a: Sneasler|33/100\n|-damage|p2b: Aerodactyl|0 fnt\n|faint|p2b: Aerodactyl\n|move|p2a: Sneasler|Close Combat|p1a: Goodra\n|-supereffective|p1a: Goodra|1\n|-damage|p1a: Goodra|0 fnt\n|-unboost|p2a: Sneasler|def|1\n|-unboost|p2a: Sneasler|spd|1\n|faint|p1a: Goodra\n|\n|upkeep\n|\n|t:|1776187080\n|switch|p2b: Dragapult|Dragapult, L50, M, shiny|46/100\n|turn|9\n|\n|t:|1776187093\n|move|p2a: Sneasler|Protect|p2a: Sneasler\n|-singleturn|p2a: Sneasler|Protect\n|move|p2b: Dragapult|Thunder Wave|p1b: Volcarona\n|-status|p1b: Volcarona|par\n|-enditem|p1b: Volcarona|Lum Berry|[eat]\n|-curestatus|p1b: Volcarona|par|[msg]\n|move|p1b: Volcarona|Heat Wave|p2b: Dragapult|[spread] p2b\n|-activate|p2a: Sneasler|move: Protect\n|-resisted|p2b: Dragapult|1\n|-damage|p2b: Dragapult|16/100\n|\n|upkeep\n|turn|10\n|\n|t:|1776187110\n|move|p2b: Dragapult|Disable|p1b: Volcarona\n|-start|p1b: Volcarona|Disable|Heat Wave\n|cant|p1b: Volcarona|Disable|Heat Wave\n|move|p2a: Sneasler|Dire Claw|p1b: Volcarona\n|-damage|p1b: Volcarona|17/100\n|\n|upkeep\n|turn|11\n|-message|not name fren forfeited.\n|\n|win|bgc0\n|raw|not name fren's rating: 1368 &rarr; <strong>1347</strong><br />(-21 for losing)\n|raw|bgc0's rating: 1347 &rarr; <strong>1368</strong><br />(+21 for winning)\n|l|\u2606not name fren\n|player|p1|\n|c|\u2606bgc0|lol\n",
  "uploadtime": 1776187135,
  "views": 26,
  "formatid": "gen9championsvgc2026regma",
  "rating": 1347,
  "private": 0,
  "password": null
}