{
  "id": "gen9championsvgc2026regma-2581144742",
  "format": "[Gen 9 Champions] VGC 2026 Reg M-A",
  "players": [
    "lolgz",
    "Okaywut"
  ],
  "log": "|j|\u2606lolgz\n|j|\u2606Okaywut\n|t:|1775964191\n|gametype|doubles\n|player|p1|lolgz|170|1280\n|player|p2|Okaywut|102|1307\n|gen|9\n|tier|[Gen 9 Champions] VGC 2026 Reg M-A\n|rated|\n|rule|Species Clause: Limit one of each Pok\u00e9mon\n|rule|Item Clause: Limit 1 of each item\n|clearpoke\n|poke|p1|Charizard, L50, F|\n|poke|p1|Whimsicott, L50, F|\n|poke|p1|Dragonite, L50, F|\n|poke|p1|Farigiraf, L50, M|\n|poke|p1|Sneasler, L50, F|\n|poke|p1|Floette-Eternal, L50, F|\n|poke|p2|Floette-Eternal, L50, F|\n|poke|p2|Talonflame, L50, F|\n|poke|p2|Sneasler, L50, M|\n|poke|p2|Sinistcha, L50|\n|poke|p2|Kingambit, L50, F|\n|poke|p2|Garchomp, L50, F|\n|teampreview|4\n|\n|t:|1775964209\n|teamsize|p1|4\n|teamsize|p2|4\n|start\n|switch|p1a: Whimsicott|Whimsicott, L50, F|100/100\n|switch|p1b: Dragonite|Dragonite, L50, F|100/100\n|switch|p2a: Talonflame|Talonflame, L50, F|100/100\n|switch|p2b: Garchomp|Garchomp, L50, F|100/100\n|turn|1\n|\n|t:|1775964216\n|move|p2a: Talonflame|Tailwind|p2a: Talonflame\n|-sidestart|p2: Okaywut|move: Tailwind\n|move|p1a: Whimsicott|Tailwind|p1a: Whimsicott\n|-sidestart|p1: lolgz|move: Tailwind\n|move|p1b: Dragonite|Outrage|p2a: Talonflame\n|-enditem|p2a: Talonflame|Focus Sash\n|-damage|p2a: Talonflame|1/100\n|move|p2b: Garchomp|Rock Slide|p1b: Dragonite|[spread] p1a,p1b\n|-supereffective|p1b: Dragonite|1\n|-damage|p1a: Whimsicott|71/100\n|-damage|p1b: Dragonite|51/100\n|\n|upkeep\n|turn|2\n|\n|t:|1775964235\n|move|p1a: Whimsicott|Encore|p2a: Talonflame\n|-start|p2a: Talonflame|Encore\n|move|p1b: Dragonite|Outrage|p2b: Garchomp|[from] lockedmove\n|-supereffective|p2b: Garchomp|1\n|-damage|p2b: Garchomp|0 fnt\n|-damage|p1b: Dragonite|39/100|[from] ability: Rough Skin|[of] p2b: Garchomp\n|faint|p2b: Garchomp\n|-start|p1b: Dragonite|confusion|[fatigue]\n|move|p2a: Talonflame|Tailwind||[still]\n|-fail|p2a: Talonflame\n|\n|upkeep\n|\n|t:|1775964245\n|switch|p2b: Floette|Floette-Eternal, L50, F|100/100\n|turn|3\n|\n|t:|1775964257\n|switch|p2a: Sneasler|Sneasler, L50, M|100/100\n|-activate|p1b: Dragonite|confusion\n|move|p1b: Dragonite|Outrage|p2b: Floette\n|-immune|p2b: Floette\n|move|p1a: Whimsicott|Moonblast|p2b: Floette\n|-damage|p2b: Floette|72/100\n|-unboost|p2b: Floette|spa|1\n|move|p2b: Floette|Moonblast|p1a: Whimsicott\n|-damage|p1a: Whimsicott|24/100\n|\n|upkeep\n|turn|4\n|\n|t:|1775964274\n|move|p2a: Sneasler|Fake Out|p1b: Dragonite\n|-damage|p1b: Dragonite|24/100\n|-activate|p1b: Dragonite|confusion\n|move|p1b: Dragonite|Outrage|p2a: Sneasler\n|-damage|p2a: Sneasler|0 fnt\n|faint|p2a: Sneasler\n|move|p1a: Whimsicott|Moonblast|p2b: Floette\n|-damage|p2b: Floette|42/100\n|move|p2b: Floette|Moonblast|p1a: Whimsicott\n|-damage|p1a: Whimsicott|0 fnt\n|faint|p1a: Whimsicott\n|\n|-sideend|p2: Okaywut|move: Tailwind\n|-sideend|p1: lolgz|move: Tailwind\n|upkeep\n|\n|t:|1775964287\n|switch|p1a: Sneasler|Sneasler, L50, F|100/100\n|switch|p2a: Talonflame|Talonflame, L50, F|1/100\n|turn|5\n|\n|t:|1775964298\n|detailschange|p2b: Floette|Floette-Mega, L50, F\n|-mega|p2b: Floette|Floette|Floettite\n|-ability|p2b: Floette|Fairy Aura\n|move|p2a: Talonflame|Upper Hand|p1a: Sneasler\n|-resisted|p1a: Sneasler|1\n|-damage|p1a: Sneasler|87/100\n|cant|p1a: Sneasler|flinch\n|-activate|p1b: Dragonite|confusion\n|move|p1b: Dragonite|Outrage|p2b: Floette|[from] lockedmove\n|-immune|p2b: Floette\n|move|p2b: Floette|Draining Kiss|p1a: Sneasler\n|-damage|p1a: Sneasler|53/100\n|-heal|p2b: Floette|65/100|[from] drain|[of] p1a: Sneasler\n|\n|upkeep\n|turn|6\n|\n|t:|1775964323\n|switch|p1a: Floette|Floette-Eternal, L50, F|100/100\n|move|p2b: Floette|Protect|p2b: Floette\n|-singleturn|p2b: Floette|Protect\n|-activate|p1b: Dragonite|confusion\n|-damage|p1b: Dragonite|6/100|[from] confusion\n|move|p2a: Talonflame|Tailwind|p2a: Talonflame\n|-sidestart|p2: Okaywut|move: Tailwind\n|\n|upkeep\n|turn|7\n|\n|t:|1775964346\n|detailschange|p1a: Floette|Floette-Mega, L50, F\n|-mega|p1a: Floette|Floette|Floettite\n|-ability|p1a: Floette|Fairy Aura\n|move|p2a: Talonflame|Dual Wingbeat|p1a: Floette|[miss]\n|-miss|p2a: Talonflame|p1a: Floette\n|move|p2b: Floette|Draining Kiss|p1a: Floette\n|-damage|p1a: Floette|78/100\n|-heal|p2b: Floette|79/100|[from] drain|[of] p1a: Floette\n|-end|p1b: Dragonite|confusion\n|move|p1b: Dragonite|Outrage|p2a: Talonflame\n|-damage|p2a: Talonflame|0 fnt\n|faint|p2a: Talonflame\n|move|p1a: Floette|Light of Ruin|p2b: Floette|[miss]\n|-miss|p1a: Floette|p2b: Floette\n|\n|upkeep\n|turn|8\n|\n|t:|1775964365\n|move|p1a: Floette|Protect|p1a: Floette\n|-singleturn|p1a: Floette|Protect\n|move|p2b: Floette|Calm Mind|p2b: Floette\n|-boost|p2b: Floette|spa|1\n|-boost|p2b: Floette|spd|1\n|move|p1b: Dragonite|Outrage|p2b: Floette|[from] lockedmove\n|-immune|p2b: Floette\n|\n|upkeep\n|turn|9\n|\n|t:|1775964376\n|switch|p1b: Sneasler|Sneasler, L50, F|53/100\n|move|p2b: Floette|Draining Kiss|p1a: Floette\n|-damage|p1a: Floette|45/100\n|-heal|p2b: Floette|99/100|[from] drain|[of] p1a: Floette\n|move|p1a: Floette|Light of Ruin|p2b: Floette\n|-damage|p2b: Floette|43/100\n|-damage|p1a: Floette|11/100|[from] Recoil\n|\n|-sideend|p2: Okaywut|move: Tailwind\n|upkeep\n|turn|10\n|\n|t:|1775964387\n|move|p2b: Floette|Protect|p2b: Floette\n|-singleturn|p2b: Floette|Protect\n|move|p1b: Sneasler|Dire Claw|p2b: Floette\n|-activate|p2b: Floette|move: Protect\n|move|p1a: Floette|Moonblast|p2b: Floette\n|-activate|p2b: Floette|move: Protect\n|\n|upkeep\n|turn|11\n|\n|t:|1775964391\n|move|p1b: Sneasler|Dire Claw|p2b: Floette\n|-supereffective|p2b: Floette|1\n|-damage|p2b: Floette|0 fnt\n|faint|p2b: Floette\n|\n|win|lolgz\n|raw|lolgz's rating: 1280 &rarr; <strong>1307</strong><br />(+27 for winning)\n|raw|Okaywut's rating: 1307 &rarr; <strong>1285</strong><br />(-22 for losing)\n",
  "uploadtime": 1775964391,
  "views": 21,
  "formatid": "gen9championsvgc2026regma",
  "rating": 1285,
  "private": 0,
  "password": null
}