{
  "id": "gen9championsvgc2026regma-2584706787",
  "format": "[Gen 9 Champions] VGC 2026 Reg M-A",
  "players": [
    "Dinnersaurusrex",
    "ohfxld"
  ],
  "log": "|j|\u2606Dinnersaurusrex\n|j|\u2606ohfxld\n|t:|1776278082\n|gametype|doubles\n|player|p1|Dinnersaurusrex|caitlin-masters|1204\n|player|p2|ohfxld|n|1170\n|gen|9\n|tier|[Gen 9 Champions] VGC 2026 Reg M-A\n|rated|\n|rule|Species Clause: Limit one of each Pok\u00e9mon\n|rule|Item Clause: Limit 1 of each item\n|clearpoke\n|poke|p1|Camerupt, L50, F|\n|poke|p1|Farigiraf, L50, M|\n|poke|p1|Kingambit, L50, M|\n|poke|p1|Gallade, L50, M|\n|poke|p1|Aerodactyl, L50, M|\n|poke|p1|Froslass, L50, F|\n|poke|p2|Delphox, L50, M|\n|poke|p2|Torkoal, L50, F|\n|poke|p2|Primarina, L50, F|\n|poke|p2|Mimikyu, L50, M|\n|poke|p2|Tyranitar, L50, F|\n|poke|p2|Meowstic, L50, M|\n|teampreview|4\n|inactive|Battle timer is ON: inactive players will automatically lose when time's up. (requested by ohfxld)\nohfxld rejected open team sheets.\n|\n|t:|1776278122\n|teamsize|p1|4\n|teamsize|p2|4\n|start\n|switch|p1a: Judgment Cut|Gallade, L50, M, shiny|100/100\n|switch|p1b: Nort|Farigiraf, L50, M|100/100\n|switch|p2a: Mimikyu|Mimikyu, L50, M|100/100\n|switch|p2b: Torkoal|Torkoal, L50, F|100/100\n|-weather|SunnyDay|[from] ability: Drought|[of] p2b: Torkoal\n|turn|1\n|\n|t:|1776278144\n|switch|p1a: EXPLOSION!!!!|Camerupt, L50, F, shiny|100/100\n|move|p2b: Torkoal|Protect|p2b: Torkoal\n|-singleturn|p2b: Torkoal|Protect\n|move|p2a: Mimikyu|Shadow Sneak||[still]\n|cant|p1b: Nort|ability: Armor Tail|Shadow Sneak|[of] p2a: Mimikyu\n|move|p1b: Nort|Nasty Plot|p1b: Nort\n|-boost|p1b: Nort|spa|2\n|\n|-weather|SunnyDay|[upkeep]\n|upkeep\n|turn|2\n|inactive|Dinnersaurusrex has 30 seconds left.\n|inactive|Dinnersaurusrex has 20 seconds left.\n|\n|t:|1776278180\n|detailschange|p1a: EXPLOSION!!!!|Camerupt-Mega, L50, F, shiny\n|-mega|p1a: EXPLOSION!!!!|Camerupt|Cameruptite\n|move|p1b: Nort|Psychic|p2a: Mimikyu\n|-activate|p2a: Mimikyu|ability: Disguise\n|-damage|p2a: Mimikyu|100/100\n|detailschange|p2a: Mimikyu|Mimikyu-Busted, L50, M\n|-damage|p2a: Mimikyu|88/100|[from] pokemon: Mimikyu-Busted\n|move|p1a: EXPLOSION!!!!|Eruption|p2b: Torkoal|[spread] p2a,p2b\n|-resisted|p2b: Torkoal|1\n|-damage|p2a: Mimikyu|0 fnt\n|-damage|p2b: Torkoal|29/100\n|faint|p2a: Mimikyu\n|move|p2b: Torkoal|Eruption|p1a: EXPLOSION!!!!|[spread] p1a,p1b\n|-resisted|p1a: EXPLOSION!!!!|1\n|-damage|p1a: EXPLOSION!!!!|90/100\n|-damage|p1b: Nort|82/100\n|\n|-weather|SunnyDay|[upkeep]\n|upkeep\n|\n|t:|1776278195\n|switch|p2a: Delphox|Delphox, L50, M, shiny|100/100\n|turn|3\n|\n|t:|1776278207\n|detailschange|p2a: Delphox|Delphox-Mega, L50, M, shiny\n|-mega|p2a: Delphox|Delphox|Delphoxite\n|move|p2a: Delphox|Protect|p2a: Delphox\n|-singleturn|p2a: Delphox|Protect\n|move|p1a: EXPLOSION!!!!|Protect|p1a: EXPLOSION!!!!\n|-singleturn|p1a: EXPLOSION!!!!|Protect\n|move|p2b: Torkoal|Eruption|p1a: EXPLOSION!!!!|[spread] p1b\n|-activate|p1a: EXPLOSION!!!!|move: Protect\n|-damage|p1b: Nort|60/100\n|move|p1b: Nort|Trick Room|p1b: Nort\n|-fieldstart|move: Trick Room|[of] p1b: Nort\n|\n|-weather|SunnyDay|[upkeep]\n|upkeep\n|turn|4\n|\n|t:|1776278227\n|move|p2b: Torkoal|Heat Wave|p1a: EXPLOSION!!!!|[spread] p1a,p1b\n|-resisted|p1a: EXPLOSION!!!!|1\n|-damage|p1a: EXPLOSION!!!!|68/100\n|-damage|p1b: Nort|15/100\n|move|p1a: EXPLOSION!!!!|Eruption|p2b: Torkoal|[spread] p2a,p2b\n|-resisted|p2a: Delphox|1\n|-resisted|p2b: Torkoal|1\n|-crit|p2b: Torkoal\n|-damage|p2a: Delphox|71/100\n|-damage|p2b: Torkoal|0 fnt\n|faint|p2b: Torkoal\n|move|p1b: Nort|Hyper Voice|p2a: Delphox\n|-damage|p2a: Delphox|4/100\n|move|p2a: Delphox|Focus Blast|p1a: EXPLOSION!!!!|[miss]\n|-miss|p2a: Delphox|p1a: EXPLOSION!!!!\n|\n|-weather|SunnyDay|[upkeep]\n|upkeep\n|\n|t:|1776278240\n|switch|p2b: Primarina|Primarina, L50, F, shiny|100/100\n|turn|5\n|\n|t:|1776278263\n|move|p2a: Delphox|Protect|p2a: Delphox\n|-singleturn|p2a: Delphox|Protect\n|move|p1a: EXPLOSION!!!!|Heat Wave|p2b: Primarina|[spread] p2b\n|-activate|p2a: Delphox|move: Protect\n|-resisted|p2b: Primarina|1\n|-damage|p2b: Primarina|63/100\n|move|p1b: Nort|Hyper Voice|p2b: Primarina|[spread] p2b\n|-activate|p2a: Delphox|move: Protect\n|-damage|p2b: Primarina|19/100\n|move|p2b: Primarina|Hyper Voice|p1b: Nort|[spread] p1a,p1b\n|-supereffective|p1a: EXPLOSION!!!!|2\n|-damage|p1a: EXPLOSION!!!!|12/100\n|-damage|p1b: Nort|1/100\n|\n|-weather|none\n|-heal|p2b: Primarina|25/100|[from] item: Leftovers\n|upkeep\n|turn|6\n|\n|t:|1776278281\n|move|p1a: EXPLOSION!!!!|Heat Wave|p2a: Delphox|[spread] p2a,p2b\n|-resisted|p2a: Delphox|1\n|-resisted|p2b: Primarina|1\n|-crit|p2b: Primarina\n|-damage|p2a: Delphox|0 fnt\n|-damage|p2b: Primarina|0 fnt\n|faint|p2a: Delphox\n|faint|p2b: Primarina\n|\n|win|Dinnersaurusrex\n|raw|Dinnersaurusrex's rating: 1204 &rarr; <strong>1227</strong><br />(+23 for winning)\n|raw|ohfxld's rating: 1170 &rarr; <strong>1147</strong><br />(-23 for losing)\n|l|\u2606ohfxld\n|player|p2|\n|c|\u2606Dinnersaurusrex|gg\n",
  "uploadtime": 1776278290,
  "views": 28,
  "formatid": "gen9championsvgc2026regma",
  "rating": 1147,
  "private": 0,
  "password": null
}