{
  "id": "gen9championsvgc2026regma-2582394208",
  "format": "[Gen 9 Champions] VGC 2026 Reg M-A",
  "players": [
    "Osdkiller",
    "ZenPoolse"
  ],
  "log": "|j|\u2606Osdkiller\n|j|\u2606ZenPoolse\n|t:|1776088770\n|gametype|doubles\n|player|p1|Osdkiller|roxanne|1169\n|player|p2|ZenPoolse|shadowtriad|1267\n|gen|9\n|tier|[Gen 9 Champions] VGC 2026 Reg M-A\n|rated|\n|rule|Species Clause: Limit one of each Pok\u00e9mon\n|rule|Item Clause: Limit 1 of each item\n|clearpoke\n|poke|p1|Froslass, L50, F|\n|poke|p1|Incineroar, L50, M|\n|poke|p1|Rotom-Frost, L50|\n|poke|p1|Garchomp, L50, M|\n|poke|p1|Basculegion, L50, M|\n|poke|p1|Orthworm, L50, F|\n|poke|p2|Gengar, L50, M|\n|poke|p2|Incineroar, L50, M|\n|poke|p2|Sinistcha, L50|\n|poke|p2|Kingambit, L50, M|\n|poke|p2|Kommo-o, L50, F|\n|poke|p2|Tyranitar, L50, F|\n|teampreview|4\n|inactive|Battle timer is ON: inactive players will automatically lose when time's up. (requested by ZenPoolse)\n|inactive|Osdkiller has 60 seconds left.\n|inactive|ZenPoolse has 60 seconds left.\n|\n|t:|1776088815\n|teamsize|p1|4\n|teamsize|p2|4\n|start\n|switch|p1a: Incineroar|Incineroar, L50, M|100/100\n|switch|p1b: Garchomp|Garchomp, L50, M|100/100\n|switch|p2a: Kingambit|Kingambit, L50, M, shiny|100/100\n|switch|p2b: Gengar|Gengar, L50, M, shiny|100/100\n|-ability|p1a: Incineroar|Intimidate|boost\n|-unboost|p2a: Kingambit|atk|1\n|-ability|p2a: Kingambit|Defiant|boost\n|-boost|p2a: Kingambit|atk|2\n|-unboost|p2b: Gengar|atk|1\n|turn|1\n|inactive|ZenPoolse has 30 seconds left.\n|\n|t:|1776088848\n|detailschange|p2b: Gengar|Gengar-Mega, L50, M, shiny\n|-mega|p2b: Gengar|Gengar|Gengarite\n|move|p2b: Gengar|Protect|p2b: Gengar\n|-singleturn|p2b: Gengar|Protect\n|move|p2a: Kingambit|Protect|p2a: Kingambit\n|-singleturn|p2a: Kingambit|Protect\n|move|p1a: Incineroar|Fake Out|p2a: Kingambit\n|-activate|p2a: Kingambit|move: Protect\n|move|p1b: Garchomp|Earthquake|p2a: Kingambit|[spread] p1a\n|-activate|p2a: Kingambit|move: Protect\n|-activate|p2b: Gengar|move: Protect\n|-supereffective|p1a: Incineroar|1\n|-enditem|p1a: Incineroar|Shuca Berry|[eat]\n|-enditem|p1a: Incineroar|Shuca Berry|[weaken]\n|-damage|p1a: Incineroar|62/100\n|\n|upkeep\n|turn|2\n|inactive|ZenPoolse has 30 seconds left.\n|inactive|ZenPoolse has 20 seconds left.\n|\n|t:|1776088884\n|move|p2b: Gengar|Substitute|p2b: Gengar\n|-start|p2b: Gengar|Substitute\n|-damage|p2b: Gengar|76/100\n|move|p1b: Garchomp|Earthquake|p2b: Gengar|[spread] p1a,p2a,p2b\n|-supereffective|p2b: Gengar|1\n|-end|p2b: Gengar|Substitute\n|-supereffective|p1a: Incineroar|1\n|-supereffective|p2a: Kingambit|1\n|-damage|p1a: Incineroar|0 fnt\n|-damage|p2a: Kingambit|40/100\n|faint|p1a: Incineroar\n|move|p2a: Kingambit|Low Kick|p1b: Garchomp\n|-damage|p1b: Garchomp|51/100\n|-damage|p2a: Kingambit|28/100|[from] ability: Rough Skin|[of] p1b: Garchomp\n|\n|upkeep\n|\n|t:|1776088896\n|switch|p1a: Froslass|Froslass, L50, F, shiny|100/100\n|turn|3\n|\n|t:|1776088908\n|move|p1a: Froslass|Protect|p1a: Froslass\n|-singleturn|p1a: Froslass|Protect\n|move|p2a: Kingambit|Protect|p2a: Kingambit\n|-singleturn|p2a: Kingambit|Protect\n|move|p2b: Gengar|Shadow Ball|p1a: Froslass\n|-activate|p1a: Froslass|move: Protect\n|move|p1b: Garchomp|Earthquake|p2b: Gengar|[spread] p2b\n|-activate|p1a: Froslass|move: Protect\n|-activate|p2a: Kingambit|move: Protect\n|-supereffective|p2b: Gengar|1\n|-damage|p2b: Gengar|0 fnt\n|faint|p2b: Gengar\n|\n|upkeep\n|\n|t:|1776088914\n|switch|p2b: Incineroar|Incineroar, L50, M|100/100\n|-ability|p2b: Incineroar|Intimidate|boost\n|-unboost|p1a: Froslass|atk|1\n|-unboost|p1b: Garchomp|atk|1\n|turn|4\n|\n|t:|1776088933\n|switch|p1b: Rotom|Rotom-Frost, L50|100/100\n|move|p2b: Incineroar|Fake Out|p1b: Rotom\n|-damage|p1b: Rotom|86/100\n|move|p2a: Kingambit|Sucker Punch||[still]\n|-fail|p2a: Kingambit\n|move|p1a: Froslass|Nasty Plot|p1a: Froslass\n|-boost|p1a: Froslass|spa|2\n|\n|upkeep\n|turn|5\n|inactive|Osdkiller has 30 seconds left.\n|inactive|Osdkiller has 20 seconds left.\n|inactive|Osdkiller has 15 seconds left.\n|\n|t:|1776088975\n|switch|p2b: Sinistcha|Sinistcha, L50|100/100\n|-heal|p2a: Kingambit|52/100|[from] ability: Hospitality|[of] p2b: Sinistcha\n|move|p1a: Froslass|Protect|p1a: Froslass\n|-singleturn|p1a: Froslass|Protect\n|move|p2a: Kingambit|Protect|p2a: Kingambit\n|-singleturn|p2a: Kingambit|Protect\n|move|p1b: Rotom|Thunderbolt|p2a: Kingambit\n|-activate|p2a: Kingambit|move: Protect\n|\n|upkeep\n|turn|6\n|inactive|ZenPoolse has 30 seconds left.\n|\n|t:|1776089002\n|detailschange|p1a: Froslass|Froslass-Mega, L50, F, shiny\n|-mega|p1a: Froslass|Froslass|Froslassite\n|-weather|Snowscape|[from] ability: Snow Warning|[of] p1a: Froslass\n|move|p1a: Froslass|Nasty Plot|p1a: Froslass\n|-boost|p1a: Froslass|spa|2\n|move|p1b: Rotom|Blizzard|p2a: Kingambit|[spread] p2a,p2b\n|-resisted|p2a: Kingambit|1\n|-supereffective|p2b: Sinistcha|1\n|-damage|p2a: Kingambit|32/100\n|-damage|p2b: Sinistcha|33/100\n|-enditem|p2b: Sinistcha|Sitrus Berry|[eat]\n|-heal|p2b: Sinistcha|58/100|[from] item: Sitrus Berry\n|move|p2b: Sinistcha|Life Dew|p2b: Sinistcha|[spread] p2a,p2b\n|-heal|p2a: Kingambit|57/100\n|-heal|p2b: Sinistcha|82/100\n|move|p2a: Kingambit|Iron Head|p1a: Froslass\n|-supereffective|p1a: Froslass|1\n|-damage|p1a: Froslass|0 fnt\n|faint|p1a: Froslass\n|\n|-weather|Snowscape|[upkeep]\n|upkeep\n|\n|t:|1776089018\n|switch|p1a: Garchomp|Garchomp, L50, M|51/100\n|turn|7\n|inactive|ZenPoolse has 30 seconds left.\n|inactive|Osdkiller has 30 seconds left.\n|\n|t:|1776089056\n|move|p1a: Garchomp|Protect|p1a: Garchomp\n|-singleturn|p1a: Garchomp|Protect\n|move|p2a: Kingambit|Sucker Punch||[still]\n|-fail|p2a: Kingambit\n|move|p1b: Rotom|Blizzard|p2b: Sinistcha|[spread] p2a,p2b\n|-resisted|p2a: Kingambit|1\n|-supereffective|p2b: Sinistcha|1\n|-damage|p2a: Kingambit|37/100\n|-damage|p2b: Sinistcha|8/100\n|move|p2b: Sinistcha|Matcha Gotcha|p1a: Garchomp|[spread] p1b\n|-activate|p1a: Garchomp|move: Protect\n|-damage|p1b: Rotom|54/100\n|-heal|p2b: Sinistcha|19/100|[from] drain|[of] p1b: Rotom\n|\n|-weather|Snowscape|[upkeep]\n|upkeep\n|turn|8\n|\n|t:|1776089076\n|switch|p2b: Incineroar|Incineroar, L50, M|100/100\n|-ability|p2b: Incineroar|Intimidate|boost\n|-unboost|p1a: Garchomp|atk|1\n|-unboost|p1b: Rotom|atk|1\n|move|p1a: Garchomp|Protect||[still]\n|-fail|p1a: Garchomp\n|move|p2a: Kingambit|Sucker Punch||[still]\n|-fail|p2a: Kingambit\n|move|p1b: Rotom|Thunderbolt|p2a: Kingambit\n|-damage|p2a: Kingambit|0 fnt\n|faint|p2a: Kingambit\n|\n|-weather|Snowscape|[upkeep]\n|upkeep\n|\n|t:|1776089085\n|switch|p2a: Sinistcha|Sinistcha, L50|19/100\n|turn|9\n|\n|t:|1776089105\n|move|p2b: Incineroar|Fake Out|p1b: Rotom\n|-damage|p1b: Rotom|44/100\n|move|p1a: Garchomp|Earthquake|p2a: Sinistcha|[spread] p2a,p2b\n|-immune|p1b: Rotom|[from] ability: Levitate\n|-resisted|p2a: Sinistcha|1\n|-supereffective|p2b: Incineroar|1\n|-damage|p2a: Sinistcha|8/100\n|-damage|p2b: Incineroar|56/100\n|cant|p1b: Rotom|flinch\n|move|p2a: Sinistcha|Life Dew|p2a: Sinistcha|[spread] p2a,p2b\n|-heal|p2a: Sinistcha|33/100\n|-heal|p2b: Incineroar|81/100\n|\n|-weather|Snowscape|[upkeep]\n|upkeep\n|turn|10\n|\n|t:|1776089126\n|move|p2a: Sinistcha|Protect|p2a: Sinistcha\n|-singleturn|p2a: Sinistcha|Protect\n|move|p1a: Garchomp|Dragon Claw|p2b: Incineroar\n|-damage|p2b: Incineroar|53/100\n|move|p1b: Rotom|Blizzard|p2a: Sinistcha|[spread] p2b\n|-activate|p2a: Sinistcha|move: Protect\n|-resisted|p2b: Incineroar|1\n|-damage|p2b: Incineroar|40/100\n|move|p2b: Incineroar|Throat Chop|p1b: Rotom\n|-damage|p1b: Rotom|15/100\n|-start|p1b: Rotom|Throat Chop|[silent]\n|\n|-weather|none\n|upkeep\n|turn|11\n|inactive|Osdkiller has 30 seconds left.\n|inactive|Osdkiller has 20 seconds left.\n|inactive|Osdkiller has 15 seconds left.\n|inactive|Osdkiller has 10 seconds left.\n|\n|t:|1776089180\n|move|p2a: Sinistcha|Protect||[still]\n|-fail|p2a: Sinistcha\n|move|p1a: Garchomp|Earthquake|p2b: Incineroar|[spread] p2a,p2b\n|-immune|p1b: Rotom|[from] ability: Levitate\n|-resisted|p2a: Sinistcha|1\n|-supereffective|p2b: Incineroar|1\n|-damage|p2a: Sinistcha|20/100\n|-damage|p2b: Incineroar|0 fnt\n|faint|p2b: Incineroar\n|move|p1b: Rotom|Blizzard|p2a: Sinistcha\n|-supereffective|p2a: Sinistcha|1\n|-damage|p2a: Sinistcha|0 fnt\n|faint|p2a: Sinistcha\n|\n|win|Osdkiller\n|raw|Osdkiller's rating: 1169 &rarr; <strong>1201</strong><br />(+32 for winning)\n|raw|ZenPoolse's rating: 1267 &rarr; <strong>1235</strong><br />(-32 for losing)\n|l|\u2606ZenPoolse\n|player|p2|\n|c|\u2606Osdkiller|gg\n",
  "uploadtime": 1776089288,
  "views": 17,
  "formatid": "gen9championsvgc2026regma",
  "rating": 1201,
  "private": 0,
  "password": null
}