{
  "id": "gen9championsvgc2026regma-2582906636",
  "format": "[Gen 9 Champions] VGC 2026 Reg M-A",
  "players": [
    "The Master Dex",
    "KilamanolaVGC"
  ],
  "log": "|j|\u2606The Master Dex\n|j|\u203dKilamanolaVGC\n|t:|1776123853\n|gametype|doubles\n|player|p1|The Master Dex|ingo|1337\n|player|p2|KilamanolaVGC|benga|1326\n|gen|9\n|tier|[Gen 9 Champions] VGC 2026 Reg M-A\n|rated|\n|rule|Species Clause: Limit one of each Pok\u00e9mon\n|rule|Item Clause: Limit 1 of each item\n|clearpoke\n|poke|p1|Scovillain, L50, F|\n|poke|p1|Milotic, L50, M|\n|poke|p1|Aerodactyl, L50, F|\n|poke|p1|Sneasler, L50, F|\n|poke|p1|Kingambit, L50, F|\n|poke|p1|Dragapult, L50, F|\n|poke|p2|Floette-Eternal, L50, F|\n|poke|p2|Garchomp, L50, M|\n|poke|p2|Aerodactyl, L50, M|\n|poke|p2|Kingambit, L50, F|\n|poke|p2|Basculegion, L50, M|\n|poke|p2|Sneasler, L50, M|\n|teampreview|4\n|inactive|Battle timer is ON: inactive players will automatically lose when time's up. (requested by KilamanolaVGC)\n|inactive|The Master Dex has 60 seconds left.\n|inactive|KilamanolaVGC has 60 seconds left.\n|\n|t:|1776123908\n|teamsize|p1|4\n|teamsize|p2|4\n|start\n|switch|p1a: Scovillain|Scovillain, L50, F|100/100\n|switch|p1b: Milotic|Milotic, L50, M|100/100\n|switch|p2a: Aerodactyl|Aerodactyl, L50, M|100/100\n|switch|p2b: Sneasler|Sneasler, L50, M, shiny|100/100\n|-ability|p2a: Aerodactyl|Unnerve\n|turn|1\n|\n|t:|1776123924\n|detailschange|p1a: Scovillain|Scovillain-Mega, L50, F\n|-mega|p1a: Scovillain|Scovillain|Scovillainite\n|move|p2b: Sneasler|Fake Out|p1b: Milotic\n|-damage|p1b: Milotic|83/100\n|move|p1a: Scovillain|Rage Powder|p1a: Scovillain\n|-singleturn|p1a: Scovillain|move: Rage Powder\n|move|p2a: Aerodactyl|Tailwind|p2a: Aerodactyl\n|-sidestart|p2: KilamanolaVGC|move: Tailwind\n|cant|p1b: Milotic|flinch\n|\n|-heal|p1b: Milotic|89/100|[from] item: Leftovers\n|upkeep\n|turn|2\n|\n|t:|1776123945\n|move|p1a: Scovillain|Rage Powder|p1a: Scovillain\n|-singleturn|p1a: Scovillain|move: Rage Powder\n|move|p2a: Aerodactyl|Rock Slide|p1a: Scovillain|[spread] p1b\n|-miss|p2a: Aerodactyl|p1a: Scovillain\n|-damage|p1b: Milotic|60/100\n|move|p2b: Sneasler|Close Combat|p1a: Scovillain\n|-damage|p1a: Scovillain|41/100\n|-unboost|p2b: Sneasler|def|1\n|-unboost|p2b: Sneasler|spd|1\n|-status|p2b: Sneasler|brn|[from] ability: Spicy Spray|[of] p1a: Scovillain\n|-enditem|p2b: Sneasler|White Herb\n|-clearnegativeboost|p2b: Sneasler|[silent]\n|move|p1b: Milotic|Muddy Water|p2a: Aerodactyl|[spread] p2a,p2b\n|-supereffective|p2a: Aerodactyl|1\n|-damage|p2a: Aerodactyl|34/100\n|-damage|p2b: Sneasler|66/100 brn\n|\n|-heal|p1b: Milotic|66/100|[from] item: Leftovers\n|-damage|p2b: Sneasler|60/100 brn|[from] brn\n|upkeep\n|turn|3\n|\n|t:|1776123962\n|move|p1a: Scovillain|Rage Powder|p1a: Scovillain\n|-singleturn|p1a: Scovillain|move: Rage Powder\n|move|p2b: Sneasler|Dire Claw|p1a: Scovillain\n|-supereffective|p1a: Scovillain|1\n|-damage|p1a: Scovillain|0 fnt\n|faint|p1a: Scovillain\n|move|p2a: Aerodactyl|Rock Slide|p1b: Milotic\n|-crit|p1b: Milotic\n|-damage|p1b: Milotic|12/100\n|move|p1b: Milotic|Life Dew|p1b: Milotic\n|-heal|p1b: Milotic|37/100\n|\n|-heal|p1b: Milotic|43/100|[from] item: Leftovers\n|-damage|p2b: Sneasler|55/100 brn|[from] brn\n|upkeep\n|\n|t:|1776123984\n|switch|p1a: Sneasler|Sneasler, L50, F|100/100\n|turn|4\n|\n|t:|1776123992\n|move|p2a: Aerodactyl|Protect|p2a: Aerodactyl\n|-singleturn|p2a: Aerodactyl|Protect\n|move|p1a: Sneasler|Fake Out|p2b: Sneasler\n|-damage|p2b: Sneasler|30/100 brn\n|cant|p2b: Sneasler|flinch\n|move|p1b: Milotic|Muddy Water|p2b: Sneasler|[spread] p2b\n|-activate|p2a: Aerodactyl|move: Protect\n|-damage|p2b: Sneasler|0 fnt\n|faint|p2b: Sneasler\n|\n|-heal|p1b: Milotic|49/100|[from] item: Leftovers\n|-sideend|p2: KilamanolaVGC|move: Tailwind\n|upkeep\n|\n|t:|1776124002\n|switch|p2b: Garchomp|Garchomp, L50, M, shiny|100/100\n|turn|5\n|\n|t:|1776124017\n|move|p2a: Aerodactyl|Dual Wingbeat|p1a: Sneasler|[miss]\n|-miss|p2a: Aerodactyl|p1a: Sneasler\n|move|p1a: Sneasler|Close Combat|p2a: Aerodactyl\n|-damage|p2a: Aerodactyl|0 fnt\n|-unboost|p1a: Sneasler|def|1\n|-unboost|p1a: Sneasler|spd|1\n|faint|p2a: Aerodactyl\n|-enditem|p1a: Sneasler|White Herb\n|-clearnegativeboost|p1a: Sneasler|[silent]\n|move|p2b: Garchomp|Earthquake|p1b: Milotic|[spread] p1a,p1b\n|-supereffective|p1a: Sneasler|1\n|-damage|p1a: Sneasler|0 fnt\n|-damage|p1b: Milotic|10/100\n|faint|p1a: Sneasler\n|move|p1b: Milotic|Ice Beam|p2b: Garchomp\n|-supereffective|p2b: Garchomp|2\n|-damage|p2b: Garchomp|3/100\n|\n|-heal|p1b: Milotic|16/100|[from] item: Leftovers\n|upkeep\n|\n|t:|1776124035\n|switch|p2a: Floette|Floette-Eternal, L50, F|100/100\n|switch|p1a: Kingambit|Kingambit, L50, F|100/100\n|turn|6\n|\n|t:|1776124050\n|detailschange|p2a: Floette|Floette-Mega, L50, F\n|-mega|p2a: Floette|Floette|Floettite\n|-ability|p2a: Floette|Fairy Aura\n|move|p2b: Garchomp|Protect|p2b: Garchomp\n|-singleturn|p2b: Garchomp|Protect\n|move|p1a: Kingambit|Protect|p1a: Kingambit\n|-singleturn|p1a: Kingambit|Protect\n|move|p2a: Floette|Moonblast|p1a: Kingambit\n|-activate|p1a: Kingambit|move: Protect\n|move|p1b: Milotic|Icy Wind|p2a: Floette|[spread] p2a\n|-activate|p2b: Garchomp|move: Protect\n|-damage|p2a: Floette|92/100\n|-unboost|p2a: Floette|spe|1\n|\n|-heal|p1b: Milotic|22/100|[from] item: Leftovers\n|upkeep\n|turn|7\n|inactive|The Master Dex has 30 seconds left.\n|\n|t:|1776124079\n|move|p2b: Garchomp|Protect||[still]\n|-fail|p2b: Garchomp\n|move|p1a: Kingambit|Sucker Punch||[still]\n|-fail|p1a: Kingambit\n|move|p2a: Floette|Dazzling Gleam|p1b: Milotic|[spread] p1a,p1b\n|-damage|p1a: Kingambit|49/100\n|-damage|p1b: Milotic|0 fnt\n|faint|p1b: Milotic\n|\n|upkeep\n|turn|8\n|\n|t:|1776124091\n|move|p2b: Garchomp|Dragon Claw|p1a: Kingambit\n|-resisted|p1a: Kingambit|1\n|-damage|p1a: Kingambit|35/100\n|move|p2a: Floette|Moonblast|p1a: Kingambit\n|-damage|p1a: Kingambit|0 fnt\n|faint|p1a: Kingambit\n|\n|win|KilamanolaVGC\n|raw|The Master Dex's rating: 1337 &rarr; <strong>1316</strong><br />(-21 for losing)\n|raw|KilamanolaVGC's rating: 1326 &rarr; <strong>1347</strong><br />(+21 for winning)\n|l|\u2606The Master Dex\n|player|p1|\n",
  "uploadtime": 1776124105,
  "views": 33,
  "formatid": "gen9championsvgc2026regma",
  "rating": 1316,
  "private": 0,
  "password": null
}