{
  "id": "gen9championsvgc2026regma-2587056856",
  "format": "[Gen 9 Champions] VGC 2026 Reg M-A",
  "players": [
    "pipievgc103",
    "21Kieran"
  ],
  "log": "|j|\u2606pipievgc103\n|j|\u260621Kieran\n|t:|1776487700\n|gametype|doubles\n|player|p1|pipievgc103|doctor-gen8|\n|player|p2|21Kieran|gwynn|\n|gen|9\n|tier|[Gen 9 Champions] VGC 2026 Reg M-A\n|rated|Tournament battle\n|rule|Species Clause: Limit one of each Pok\u00e9mon\n|rule|Item Clause: Limit 1 of each item\n|raw|<div class=\"infobox\"><details class=\"readmore\" open><summary><strong>1 custom rule:</strong></summary> Force Open Team Sheets</details></div>\n|clearpoke\n|poke|p1|Gengar, L50, M, shiny|\n|poke|p1|Sneasler, L50, M, shiny|\n|poke|p1|Kingambit, L50, M, shiny|\n|poke|p1|Sinistcha, L50, shiny|\n|poke|p1|Basculegion, L50, M, shiny|\n|poke|p1|Politoed, L50, M, shiny|\n|poke|p2|Incineroar, L50, M|\n|poke|p2|Gengar, L50, F|\n|poke|p2|Sinistcha, L50|\n|poke|p2|Kingambit, L50, F|\n|poke|p2|Tyranitar, L50, M|\n|poke|p2|Kommo-o, L50, F|\n|teampreview|4\n|showteam|p1|Gengar||Gengarite|CursedBody|Protect,IcyWind,SludgeBomb,ShadowBall|||M|||50|]Sneasler||WhiteHerb|Unburden|Protect,FakeOut,CloseCombat,DireClaw|||M|||50|]Kingambit||BlackGlasses|Defiant|SuckerPunch,KowtowCleave,Protect,LowKick|||M|||50|]Sinistcha||Leftovers|Hospitality|MatchaGotcha,RagePowder,LifeDew,Protect||||||50|]Basculegion||ChoiceScarf|SwiftSwim|WaveCrash,LastRespects,FlipTurn,AquaJet|||M|||50|]Politoed||SitrusBerry|Drizzle|MuddyWater,IcyWind,PerishSong,Protect|||M|||50|\n|showteam|p2|Incineroar||ShucaBerry|Intimidate|PartingShot,FakeOut,Protect,ThroatChop|||M|||50|]Gengar||Gengarite|CursedBody|ShadowBall,Protect,Substitute,PerishSong|||F|||50|]Sinistcha||SitrusBerry|Hospitality|MatchaGotcha,RagePowder,Protect,LifeDew||||||50|]Kingambit||ChopleBerry|Defiant|IronHead,Protect,LowKick,SuckerPunch|||F|||50|]Tyranitar||ChoiceScarf|SandStream|StoneEdge,IcePunch,LowKick,RockSlide|||M|||50|]Kommo-o||Leftovers|Soundproof|ClangingScales,ClangorousSoul,AuraSphere,Protect|||F|||50|\n|inactive|Battle timer is ON: inactive players will automatically lose when time's up. (requested by 21Kieran)\n|inactive|pipievgc103 has 60 seconds left.\n|\n|t:|1776487755\n|teamsize|p1|4\n|teamsize|p2|4\n|start\n|switch|p1a: Sneasler|Sneasler, L50, M, shiny|100/100\n|switch|p1b: poliw|Politoed, L50, M, shiny|100/100\n|switch|p2a: Kommo-o|Kommo-o, L50, F|100/100\n|switch|p2b: Kingambit|Kingambit, L50, F|100/100\n|-weather|RainDance|[from] ability: Drizzle|[of] p1b: poliw\n|turn|1\n|inactive|pipievgc103 has 30 seconds left.\n|inactive|21Kieran has 30 seconds left.\n|inactive|pipievgc103 has 20 seconds left.\n|inactive|pipievgc103 has 15 seconds left.\n|inactive|pipievgc103 has 10 seconds left.\n|\n|t:|1776487801\n|switch|p2b: Gengar|Gengar, L50, F|100/100\n|move|p2a: Kommo-o|Protect|p2a: Kommo-o\n|-singleturn|p2a: Kommo-o|Protect\n|move|p1a: Sneasler|Close Combat|p2b: Gengar\n|-immune|p2b: Gengar\n|move|p1b: poliw|Muddy Water|p2b: Gengar|[spread] p2b\n|-activate|p2a: Kommo-o|move: Protect\n|-damage|p2b: Gengar|56/100\n|-start|p1b: poliw|Disable|Muddy Water|[from] ability: Cursed Body|[of] p2b: Gengar\n|\n|-weather|RainDance|[upkeep]\n|upkeep\n|turn|2\n|inactive|pipievgc103 has 30 seconds left.\n|inactive|pipievgc103 has 20 seconds left.\n|\n|t:|1776487836\n|detailschange|p2b: Gengar|Gengar-Mega, L50, F\n|-mega|p2b: Gengar|Gengar|Gengarite\n|move|p2b: Gengar|Protect|p2b: Gengar\n|-singleturn|p2b: Gengar|Protect\n|move|p1a: Sneasler|Close Combat|p2a: Kommo-o\n|-damage|p2a: Kommo-o|37/100\n|-unboost|p1a: Sneasler|def|1\n|-unboost|p1a: Sneasler|spd|1\n|-enditem|p1a: Sneasler|White Herb\n|-clearnegativeboost|p1a: Sneasler|[silent]\n|move|p2a: Kommo-o|Clangorous Soul|p2a: Kommo-o\n|-boost|p2a: Kommo-o|atk|1\n|-boost|p2a: Kommo-o|def|1\n|-boost|p2a: Kommo-o|spa|1\n|-boost|p2a: Kommo-o|spd|1\n|-boost|p2a: Kommo-o|spe|1\n|-damage|p2a: Kommo-o|4/100\n|move|p1b: poliw|Icy Wind|p2b: Gengar|[spread] p2a\n|-activate|p2b: Gengar|move: Protect\n|-supereffective|p2a: Kommo-o|1\n|-damage|p2a: Kommo-o|0 fnt\n|faint|p2a: Kommo-o\n|\n|-weather|RainDance|[upkeep]\n|upkeep\n|inactive|21Kieran has 30 seconds left.\n|\n|t:|1776487864\n|switch|p2a: Sinistcha|Sinistcha, L50|100/100\n|-heal|p2b: Gengar|80/100|[from] ability: Hospitality|[of] p2a: Sinistcha\n|turn|3\n|j| christianfinity\n|inactive|pipievgc103 has 30 seconds left.\n|\n|t:|1776487895\n|move|p1a: Sneasler|Dire Claw|p2a: Sinistcha\n|-damage|p2a: Sinistcha|63/100\n|-status|p2a: Sinistcha|par\n|move|p2b: Gengar|Shadow Ball|p1a: Sneasler\n|-damage|p1a: Sneasler|37/100\n|move|p1b: poliw|Icy Wind|p2b: Gengar|[spread] p2a,p2b\n|-supereffective|p2a: Sinistcha|1\n|-damage|p2a: Sinistcha|49/100 par\n|-damage|p2b: Gengar|71/100\n|-unboost|p2a: Sinistcha|spe|1\n|-unboost|p2b: Gengar|spe|1\n|-enditem|p2a: Sinistcha|Sitrus Berry|[eat]\n|-heal|p2a: Sinistcha|73/100 par|[from] item: Sitrus Berry\n|cant|p2a: Sinistcha|par\n|\n|-weather|RainDance|[upkeep]\n|upkeep\n|turn|4\n|inactive|pipievgc103 has 30 seconds left.\n|\n|t:|1776487925\n|switch|p2b: Kingambit|Kingambit, L50, F|100/100\n|move|p1a: Sneasler|Dire Claw|p2b: Kingambit\n|-immune|p2b: Kingambit\n|move|p1b: poliw|Icy Wind|p2a: Sinistcha|[spread] p2a,p2b\n|-supereffective|p2a: Sinistcha|1\n|-resisted|p2b: Kingambit|1\n|-damage|p2a: Sinistcha|59/100 par\n|-damage|p2b: Kingambit|96/100\n|-unboost|p2a: Sinistcha|spe|1\n|-unboost|p2b: Kingambit|spe|1\n|-ability|p2b: Kingambit|Defiant|boost\n|-boost|p2b: Kingambit|atk|2\n|move|p2a: Sinistcha|Matcha Gotcha|p1a: Sneasler|[spread] p1a,p1b\n|-resisted|p1a: Sneasler|1\n|-supereffective|p1b: poliw|1\n|-damage|p1a: Sneasler|19/100\n|-heal|p2a: Sinistcha|67/100 par|[from] drain|[of] p1a: Sneasler\n|-damage|p1b: poliw|61/100\n|-heal|p2a: Sinistcha|89/100 par|[from] drain|[of] p1b: poliw\n|\n|-weather|RainDance|[upkeep]\n|-end|p1b: poliw|Disable\n|upkeep\n|turn|5\n|l| christianfinity\n|j| christianfinity\n|inactive|pipievgc103 has 30 seconds left.\n|l| christianfinity\n|inactive|pipievgc103 has 20 seconds left.\n|inactive|pipievgc103 has 15 seconds left.\n|inactive|pipievgc103 has 10 seconds left.\n|inactive|pipievgc103 has 5 seconds left.\n|\n|t:|1776487976\n|switch|p1a: Kingambit|Kingambit, L50, M, shiny|100/100\n|move|p1b: poliw|Protect|p1b: poliw\n|-singleturn|p1b: poliw|Protect\n|move|p2b: Kingambit|Sucker Punch||[still]\n|-fail|p2b: Kingambit\n|move|p2a: Sinistcha|Matcha Gotcha|p1b: poliw|[spread] p1a\n|-activate|p1b: poliw|move: Protect\n|-resisted|p1a: Kingambit|1\n|-damage|p1a: Kingambit|88/100\n|-heal|p2a: Sinistcha|96/100 par|[from] drain|[of] p1a: Kingambit\n|\n|-weather|none\n|upkeep\n|turn|6\n|inactive|pipievgc103 has 30 seconds left.\n|j| Odin1354\n|inactive|pipievgc103 has 20 seconds left.\n|inactive|pipievgc103 has 15 seconds left.\n|inactive|pipievgc103 has 10 seconds left.\n|inactive|pipievgc103 has 5 seconds left.\n|\n|t:|1776488027\n|switch|p1b: Basculegion|Basculegion, L50, M, shiny|100/100\n|move|p1a: Kingambit|Protect|p1a: Kingambit\n|-singleturn|p1a: Kingambit|Protect\n|move|p2a: Sinistcha|Protect|p2a: Sinistcha\n|-singleturn|p2a: Sinistcha|Protect\n|move|p2b: Kingambit|Low Kick|p1a: Kingambit\n|-activate|p1a: Kingambit|move: Protect\n|\n|upkeep\n|turn|7\n|inactive|21Kieran has 30 seconds left.\n|\n|t:|1776488053\n|move|p2a: Sinistcha|Rage Powder|p2a: Sinistcha\n|-singleturn|p2a: Sinistcha|move: Rage Powder\n|move|p1b: Basculegion|Last Respects|p2a: Sinistcha\n|-supereffective|p2a: Sinistcha|1\n|-damage|p2a: Sinistcha|55/100 par\n|move|p1a: Kingambit|Low Kick|p2a: Sinistcha\n|-immune|p2a: Sinistcha\n|move|p2b: Kingambit|Low Kick|p1a: Kingambit\n|-supereffective|p1a: Kingambit|2\n|-damage|p1a: Kingambit|0 fnt\n|faint|p1a: Kingambit\n|\n|upkeep\n|j|+holdingb\n|j| Flipsicle\n|\n|t:|1776488071\n|switch|p1a: Sneasler|Sneasler, L50, M, shiny|19/100\n|turn|8\n|\n|t:|1776488080\n|move|p2b: Kingambit|Protect|p2b: Kingambit\n|-singleturn|p2b: Kingambit|Protect\n|cant|p2a: Sinistcha|par\n|move|p1a: Sneasler|Fake Out|p2b: Kingambit\n|-activate|p2b: Kingambit|move: Protect\n|move|p1b: Basculegion|Last Respects|p2a: Sinistcha\n|-supereffective|p2a: Sinistcha|1\n|-damage|p2a: Sinistcha|0 fnt\n|faint|p2a: Sinistcha\n|\n|upkeep\n|\n|t:|1776488088\n|switch|p2a: Gengar|Gengar-Mega, L50, F|71/100\n|turn|9\n|\n|t:|1776488101\n|move|p1a: Sneasler|Protect|p1a: Sneasler\n|-singleturn|p1a: Sneasler|Protect\n|move|p2b: Kingambit|Sucker Punch|p1b: Basculegion\n|-supereffective|p1b: Basculegion|1\n|-damage|p1b: Basculegion|0 fnt\n|faint|p1b: Basculegion\n|move|p2a: Gengar|Shadow Ball|p1a: Sneasler\n|-activate|p1a: Sneasler|move: Protect\n|\n|upkeep\n|\n|t:|1776488109\n|switch|p1b: poliw|Politoed, L50, M, shiny|61/100\n|-weather|RainDance|[from] ability: Drizzle|[of] p1b: poliw\n|turn|10\n|\n|t:|1776488121\n|move|p2a: Gengar|Protect|p2a: Gengar\n|-singleturn|p2a: Gengar|Protect\n|move|p2b: Kingambit|Protect|p2b: Kingambit\n|-singleturn|p2b: Kingambit|Protect\n|move|p1a: Sneasler|Close Combat|p2b: Kingambit\n|-activate|p2b: Kingambit|move: Protect\n|move|p1b: poliw|Muddy Water|p2a: Gengar|[spread] \n|-activate|p2a: Gengar|move: Protect\n|-activate|p2b: Kingambit|move: Protect\n|\n|-weather|RainDance|[upkeep]\n|upkeep\n|turn|11\n|j| SeulClef\n|\n|t:|1776488134\n|move|p1a: Sneasler|Protect|p1a: Sneasler\n|-singleturn|p1a: Sneasler|Protect\n|move|p2b: Kingambit|Sucker Punch||[still]\n|-fail|p2b: Kingambit\n|move|p2a: Gengar|Shadow Ball|p1b: poliw\n|-damage|p1b: poliw|27/100\n|-enditem|p1b: poliw|Sitrus Berry|[eat]\n|-heal|p1b: poliw|52/100|[from] item: Sitrus Berry\n|move|p1b: poliw|Muddy Water|p2a: Gengar|[spread] p2a,p2b\n|-crit|p2b: Kingambit\n|-damage|p2a: Gengar|33/100\n|-damage|p2b: Kingambit|49/100\n|\n|-weather|RainDance|[upkeep]\n|upkeep\n|turn|12\n|l| SeulClef\n|inactive|pipievgc103 has 30 seconds left.\n|inactive|21Kieran has 30 seconds left.\n|inactive|21Kieran has 20 seconds left.\n|\n|t:|1776488169\n|move|p2b: Kingambit|Sucker Punch|p1b: poliw\n|-damage|p1b: poliw|0 fnt\n|faint|p1b: poliw\n|move|p2a: Gengar|Shadow Ball|p1a: Sneasler\n|-damage|p1a: Sneasler|0 fnt\n|faint|p1a: Sneasler\n|\n|win|21Kieran\n|n|\u2606pipievgc103|pipievgc103\n|n|\u260621Kieran|21kieran\n|n| Odin1354|odin1354\n|n| holdingb|holdingb\n|n| Flipsicle|flipsicle\n",
  "uploadtime": 1776488169,
  "views": 13,
  "formatid": "gen9championsvgc2026regma",
  "rating": null,
  "private": 0,
  "password": null
}