{
  "id": "gen9championsvgc2026regma-2584011033",
  "format": "[Gen 9 Champions] VGC 2026 Reg M-A",
  "players": [
    "ilovechikorita",
    "themilkzmanz"
  ],
  "log": "|j|\u2606ilovechikorita\n|j|\u2606themilkzmanz\n|t:|1776216564\n|gametype|doubles\n|player|p1|ilovechikorita|169|1101\n|player|p2|themilkzmanz|169|1028\n|gen|9\n|tier|[Gen 9 Champions] VGC 2026 Reg M-A\n|rated|\n|rule|Species Clause: Limit one of each Pok\u00e9mon\n|rule|Item Clause: Limit 1 of each item\n|clearpoke\n|poke|p1|Meganium, L50, M|\n|poke|p1|Aerodactyl, L50, F|\n|poke|p1|Milotic, L50, M|\n|poke|p1|Incineroar, L50, M|\n|poke|p1|Froslass, L50, F|\n|poke|p1|Garchomp, L50, F|\n|poke|p2|Aggron, L50, M|\n|poke|p2|Alcremie, L50, F|\n|poke|p2|Sinistcha, L50|\n|poke|p2|Excadrill, L50, F|\n|poke|p2|Incineroar, L50, M|\n|poke|p2|Araquanid, L50, F|\n|teampreview|4\n|inactive|Battle timer is ON: inactive players will automatically lose when time's up. (requested by themilkzmanz)\n|inactive|ilovechikorita has 60 seconds left.\n|inactive|themilkzmanz has 60 seconds left.\n|\n|t:|1776216609\n|teamsize|p1|4\n|teamsize|p2|4\n|start\n|switch|p1a: Milotic|Milotic, L50, M|100/100\n|switch|p1b: Incineroar|Incineroar, L50, M|100/100\n|switch|p2a: Araquanid|Araquanid, L50, F|100/100\n|switch|p2b: Sinistcha|Sinistcha, L50|100/100\n|-ability|p1b: Incineroar|Intimidate|boost\n|-unboost|p2a: Araquanid|atk|1\n|-unboost|p2b: Sinistcha|atk|1\n|turn|1\n|\n|t:|1776216626\n|move|p1a: Milotic|Helping Hand|p1b: Incineroar\n|-singleturn|p1b: Incineroar|Helping Hand|[of] p1a: Milotic\n|move|p2b: Sinistcha|Rage Powder|p2b: Sinistcha\n|-singleturn|p2b: Sinistcha|move: Rage Powder\n|move|p1b: Incineroar|Flare Blitz|p2b: Sinistcha\n|-supereffective|p2b: Sinistcha|1\n|-damage|p2b: Sinistcha|0 fnt\n|faint|p2b: Sinistcha\n|-damage|p1b: Incineroar|76/100|[from] Recoil\n|move|p2a: Araquanid|Entrainment|p1a: Milotic\n|-ability|p1a: Milotic|Water Absorb|Competitive|[from] move: Entrainment|[of] p2a: Araquanid\n|\n|upkeep\n|\n|t:|1776216643\n|switch|p2b: Alcremie|Alcremie, L50, F|100/100\n|turn|2\n|-activate|p2b: Alcremie|item: Quick Claw\n|\n|t:|1776216654\n|switch|p1a: Garchomp|Garchomp, L50, F|100/100\n|move|p2b: Alcremie|Decorate|p2a: Araquanid\n|-boost|p2a: Araquanid|atk|2\n|-boost|p2a: Araquanid|spa|2\n|move|p1b: Incineroar|Parting Shot|p2a: Araquanid\n|-unboost|p2a: Araquanid|atk|1\n|-unboost|p2a: Araquanid|spa|1\n|\n|t:|1776216665\n|switch|p1b: Milotic|Milotic, L50, M|100/100|[from] Parting Shot\n|move|p2a: Araquanid|Stockpile|p2a: Araquanid\n|-start|p2a: Araquanid|stockpile1\n|-boost|p2a: Araquanid|def|1\n|-boost|p2a: Araquanid|spd|1\n|\n|upkeep\n|turn|3\n|inactive|themilkzmanz has 30 seconds left.\n|-activate|p2b: Alcremie|item: Quick Claw\n|\n|t:|1776216691\n|switch|p1b: Incineroar|Incineroar, L50, M|76/100\n|-ability|p1b: Incineroar|Intimidate|boost\n|-unboost|p2a: Araquanid|atk|1\n|-unboost|p2b: Alcremie|atk|1\n|move|p2b: Alcremie|Decorate|p2a: Araquanid\n|-boost|p2a: Araquanid|atk|2\n|-boost|p2a: Araquanid|spa|2\n|move|p1a: Garchomp|Rock Slide|p2b: Alcremie|[spread] p2a\n|-miss|p1a: Garchomp|p2b: Alcremie\n|-supereffective|p2a: Araquanid|1\n|-damage|p2a: Araquanid|73/100\n|move|p2a: Araquanid|Stockpile|p2a: Araquanid\n|-start|p2a: Araquanid|stockpile2\n|-boost|p2a: Araquanid|def|1\n|-boost|p2a: Araquanid|spd|1\n|\n|upkeep\n|turn|4\n|inactive|themilkzmanz has 30 seconds left.\n|\n|t:|1776216719\n|move|p1b: Incineroar|Fake Out|p2a: Araquanid\n|-damage|p2a: Araquanid|67/100\n|move|p1a: Garchomp|Rock Slide|p2b: Alcremie|[spread] p2a\n|-miss|p1a: Garchomp|p2b: Alcremie\n|-supereffective|p2a: Araquanid|1\n|-damage|p2a: Araquanid|47/100\n|move|p2b: Alcremie|Acid Armor|p2b: Alcremie\n|-boost|p2b: Alcremie|def|2\n|cant|p2a: Araquanid|flinch\n|\n|upkeep\n|turn|5\n|-activate|p2b: Alcremie|item: Quick Claw\n|\n|t:|1776216733\n|move|p2b: Alcremie|Decorate|p2a: Araquanid\n|-boost|p2a: Araquanid|atk|2\n|-boost|p2a: Araquanid|spa|2\n|move|p1a: Garchomp|Rock Slide|p2a: Araquanid|[spread] p2a,p2b\n|-supereffective|p2a: Araquanid|1\n|-damage|p2a: Araquanid|27/100\n|-damage|p2b: Alcremie|90/100\n|move|p1b: Incineroar|Parting Shot|p2a: Araquanid\n|-unboost|p2a: Araquanid|atk|1\n|-unboost|p2a: Araquanid|spa|1\n|\n|t:|1776216745\n|switch|p1b: Milotic|Milotic, L50, M|100/100|[from] Parting Shot\n|move|p2a: Araquanid|Leech Life|p1b: Milotic\n|-damage|p1b: Milotic|62/100\n|-heal|p2a: Araquanid|54/100|[from] drain|[of] p1b: Milotic\n|\n|-heal|p1b: Milotic|68/100|[from] item: Leftovers\n|upkeep\n|turn|6\n|inactive|themilkzmanz has 30 seconds left.\n|inactive|themilkzmanz has 20 seconds left.\n|-activate|p2b: Alcremie|item: Quick Claw\n|\n|t:|1776216783\n|move|p1b: Milotic|Helping Hand|p1a: Garchomp\n|-singleturn|p1a: Garchomp|Helping Hand|[of] p1b: Milotic\n|move|p2b: Alcremie|Decorate|p2a: Araquanid\n|-boost|p2a: Araquanid|atk|2\n|-boost|p2a: Araquanid|spa|2\n|move|p1a: Garchomp|Rock Slide|p2b: Alcremie|[spread] p2a,p2b\n|-supereffective|p2a: Araquanid|1\n|-damage|p2a: Araquanid|24/100\n|-damage|p2b: Alcremie|73/100\n|move|p2a: Araquanid|Leech Life|p1a: Garchomp\n|-damage|p1a: Garchomp|50/100\n|-heal|p2a: Araquanid|62/100|[from] drain|[of] p1a: Garchomp\n|-damage|p2a: Araquanid|49/100|[from] ability: Rough Skin|[of] p1a: Garchomp\n|\n|-heal|p1b: Milotic|74/100|[from] item: Leftovers\n|upkeep\n|turn|7\n|inactive|ilovechikorita has 30 seconds left.\n|\n|t:|1776216809\n|move|p1b: Milotic|Helping Hand|p1a: Garchomp\n|-singleturn|p1a: Garchomp|Helping Hand|[of] p1b: Milotic\n|move|p1a: Garchomp|Rock Slide|p2a: Araquanid|[spread] p2a,p2b\n|-supereffective|p2a: Araquanid|1\n|-damage|p2a: Araquanid|16/100\n|-damage|p2b: Alcremie|56/100\n|cant|p2b: Alcremie|flinch\n|move|p2a: Araquanid|Leech Life|p1a: Garchomp\n|-damage|p1a: Garchomp|0 fnt\n|-heal|p2a: Araquanid|53/100|[from] drain|[of] p1a: Garchomp\n|-damage|p2a: Araquanid|40/100|[from] ability: Rough Skin|[of] p1a: Garchomp\n|faint|p1a: Garchomp\n|\n|-heal|p1b: Milotic|80/100|[from] item: Leftovers\n|upkeep\n|\n|t:|1776216825\n|switch|p1a: Froslass|Froslass, L50, F|100/100\n|turn|8\n|\n|t:|1776216841\n|detailschange|p1a: Froslass|Froslass-Mega, L50, F\n|-mega|p1a: Froslass|Froslass|Froslassite\n|-weather|Snowscape|[from] ability: Snow Warning|[of] p1a: Froslass\n|move|p1b: Milotic|Helping Hand|p1a: Froslass\n|-singleturn|p1a: Froslass|Helping Hand|[of] p1b: Milotic\n|move|p1a: Froslass|Blizzard|p2a: Araquanid|[spread] p2a,p2b\n|-resisted|p2a: Araquanid|1\n|-damage|p2a: Araquanid|25/100\n|-damage|p2b: Alcremie|0 fnt\n|faint|p2b: Alcremie\n|move|p2a: Araquanid|Leech Life|p1b: Milotic\n|-damage|p1b: Milotic|24/100\n|-heal|p2a: Araquanid|63/100|[from] drain|[of] p1b: Milotic\n|\n|-weather|Snowscape|[upkeep]\n|-heal|p1b: Milotic|30/100|[from] item: Leftovers\n|upkeep\n|\n|t:|1776216855\n|switch|p2b: Aggron|Aggron, L50, M|100/100\n|turn|9\n|inactive|themilkzmanz has 30 seconds left.\n|inactive|ilovechikorita has 30 seconds left.\n|\n|t:|1776216886\n|detailschange|p2b: Aggron|Aggron-Mega, L50, M\n|-mega|p2b: Aggron|Aggron|Aggronite\n|move|p1b: Milotic|Helping Hand|p1a: Froslass\n|-singleturn|p1a: Froslass|Helping Hand|[of] p1b: Milotic\n|move|p1a: Froslass|Shadow Ball|p2a: Araquanid\n|-damage|p2a: Araquanid|32/100\n|move|p2b: Aggron|Crunch|p1a: Froslass\n|-supereffective|p1a: Froslass|1\n|-damage|p1a: Froslass|42/100\n|-unboost|p1a: Froslass|def|1\n|move|p2a: Araquanid|Leech Life|p1a: Froslass\n|-resisted|p1a: Froslass|1\n|-damage|p1a: Froslass|0 fnt\n|-heal|p2a: Araquanid|53/100|[from] drain|[of] p1a: Froslass\n|faint|p1a: Froslass\n|\n|-weather|Snowscape|[upkeep]\n|-heal|p1b: Milotic|36/100|[from] item: Leftovers\n|upkeep\n|\n|t:|1776216902\n|switch|p1a: Incineroar|Incineroar, L50, M|76/100\n|-ability|p1a: Incineroar|Intimidate|boost\n|-unboost|p2a: Araquanid|atk|1\n|-unboost|p2b: Aggron|atk|1\n|turn|10\n|inactive|ilovechikorita has 30 seconds left.\n|\n|t:|1776216930\n|move|p1b: Milotic|Helping Hand|p1a: Incineroar\n|-singleturn|p1a: Incineroar|Helping Hand|[of] p1b: Milotic\n|move|p1a: Incineroar|Flare Blitz|p2a: Araquanid\n|-damage|p2a: Araquanid|20/100\n|-damage|p1a: Incineroar|68/100|[from] Recoil\n|move|p2b: Aggron|Stone Edge|p1a: Incineroar\n|-supereffective|p1a: Incineroar|1\n|-damage|p1a: Incineroar|27/100\n|-enditem|p1a: Incineroar|Sitrus Berry|[eat]\n|-heal|p1a: Incineroar|51/100|[from] item: Sitrus Berry\n|move|p2a: Araquanid|Leech Life|p1b: Milotic\n|-damage|p1b: Milotic|0 fnt\n|-heal|p2a: Araquanid|45/100|[from] drain|[of] p1b: Milotic\n|faint|p1b: Milotic\n|\n|-weather|Snowscape|[upkeep]\n|upkeep\n|turn|11\n|\n|t:|1776216953\n|move|p1a: Incineroar|Flare Blitz|p2a: Araquanid\n|-damage|p2a: Araquanid|23/100\n|-damage|p1a: Incineroar|47/100|[from] Recoil\n|move|p2b: Aggron|Stone Edge|p1a: Incineroar\n|-supereffective|p1a: Incineroar|1\n|-damage|p1a: Incineroar|7/100\n|move|p2a: Araquanid|Leech Life|p1a: Incineroar\n|-damage|p1a: Incineroar|0 fnt\n|-heal|p2a: Araquanid|28/100|[from] drain|[of] p1a: Incineroar\n|faint|p1a: Incineroar\n|\n|win|themilkzmanz\n|raw|ilovechikorita's rating: 1101 &rarr; <strong>1071</strong><br />(-30 for losing)\n|raw|themilkzmanz's rating: 1028 &rarr; <strong>1071</strong><br />(+43 for winning)\n|l|\u2606ilovechikorita\n|player|p1|\n",
  "uploadtime": 1776216958,
  "views": 16,
  "formatid": "gen9championsvgc2026regma",
  "rating": 1071,
  "private": 0,
  "password": null
}