{
  "id": "gen9championsvgc2026regma-2588560429",
  "format": "[Gen 9 Champions] VGC 2026 Reg M-A",
  "players": [
    "DBWaffles",
    "dkapflzksh"
  ],
  "log": "|j|\u2606DBWaffles\n|j|\u2606dkapflzksh\n|t:|1776645046\n|gametype|doubles\n|player|p1|DBWaffles|swimmer-gen4dp|1609\n|player|p2|dkapflzksh|scientist-gen4dp|1585\n|gen|9\n|tier|[Gen 9 Champions] VGC 2026 Reg M-A\n|rated|\n|rule|Species Clause: Limit one of each Pok\u00e9mon\n|rule|Item Clause: Limit 1 of each item\n|clearpoke\n|poke|p1|Floette-Eternal, L50, F|\n|poke|p1|Garchomp, L50, F|\n|poke|p1|Corviknight, L50, F|\n|poke|p1|Incineroar, L50, F|\n|poke|p1|Whimsicott, L50, M|\n|poke|p1|Rotom-Wash, L50|\n|poke|p2|Basculegion, L50, M, shiny|\n|poke|p2|Dragonite, L50, M, shiny|\n|poke|p2|Archaludon, L50, F, shiny|\n|poke|p2|Pelipper, L50, F, shiny|\n|poke|p2|Floette-Eternal, L50, F|\n|poke|p2|Kingambit, L50, F, shiny|\n|teampreview|4\n|inactive|Battle timer is ON: inactive players will automatically lose when time's up. (requested by DBWaffles)\n|inactive|DBWaffles has 60 seconds left.\n|inactive|dkapflzksh has 60 seconds left.\n|\n|t:|1776645097\n|teamsize|p1|4\n|teamsize|p2|4\n|start\n|switch|p1a: Floette|Floette-Eternal, L50, F|100/100\n|switch|p1b: Whimsicott|Whimsicott, L50, M|100/100\n|switch|p2a: Pelipper|Pelipper, L50, F, shiny|100/100\n|switch|p2b: Basculegion|Basculegion, L50, M, shiny|100/100\n|-weather|RainDance|[from] ability: Drizzle|[of] p2a: Pelipper\n|turn|1\n|inactive|dkapflzksh has 30 seconds left.\n|inactive|DBWaffles has 30 seconds left.\n|inactive|dkapflzksh has 20 seconds left.\n|\n|t:|1776645133\n|detailschange|p1a: Floette|Floette-Mega, L50, F\n|-mega|p1a: Floette|Floette|Floettite\n|-ability|p1a: Floette|Fairy Aura\n|move|p1b: Whimsicott|Tailwind|p1b: Whimsicott\n|-sidestart|p1: DBWaffles|move: Tailwind\n|move|p1a: Floette|Dazzling Gleam|p2b: Basculegion|[spread] p2a,p2b\n|-damage|p2a: Pelipper|19/100\n|-damage|p2b: Basculegion|37/100\n|move|p2b: Basculegion|Wave Crash|p1a: Floette\n|-damage|p1a: Floette|0 fnt\n|faint|p1a: Floette\n|-damage|p2b: Basculegion|12/100|[from] Recoil\n|move|p2a: Pelipper|Tailwind|p2a: Pelipper\n|-sidestart|p2: dkapflzksh|move: Tailwind\n|\n|-weather|RainDance|[upkeep]\n|upkeep\n|\n|t:|1776645142\n|switch|p1a: Garchomp|Garchomp, L50, F|100/100\n|turn|2\n|\n|t:|1776645171\n|switch|p2b: Archaludon|Archaludon, L50, F, shiny|100/100\n|move|p2a: Pelipper|Wide Guard|p2a: Pelipper\n|-singleturn|p2a: Pelipper|Wide Guard\n|move|p1a: Garchomp|Stomping Tantrum|p2b: Archaludon\n|-supereffective|p2b: Archaludon|1\n|-damage|p2b: Archaludon|37/100\n|-ability|p2b: Archaludon|Stamina|boost\n|-boost|p2b: Archaludon|def|1\n|move|p1b: Whimsicott|Moonblast|p2a: Pelipper\n|-damage|p2a: Pelipper|0 fnt\n|faint|p2a: Pelipper\n|\n|-weather|RainDance|[upkeep]\n|-heal|p2b: Archaludon|43/100|[from] item: Leftovers\n|upkeep\n|\n|t:|1776645194\n|switch|p2a: Floette|Floette-Eternal, L50, F|100/100\n|turn|3\n|\n|t:|1776645212\n|detailschange|p2a: Floette|Floette-Mega, L50, F\n|-mega|p2a: Floette|Floette|Floettite\n|-ability|p2a: Floette|Fairy Aura\n|move|p2b: Archaludon|Protect|p2b: Archaludon\n|-singleturn|p2b: Archaludon|Protect\n|move|p1a: Garchomp|Stomping Tantrum|p2a: Floette\n|-damage|p2a: Floette|40/100\n|move|p2a: Floette|Moonblast|p1a: Garchomp\n|-supereffective|p1a: Garchomp|1\n|-damage|p1a: Garchomp|0 fnt\n|faint|p1a: Garchomp\n|move|p1b: Whimsicott|Moonblast|p2a: Floette\n|-damage|p2a: Floette|8/100\n|\n|-weather|RainDance|[upkeep]\n|-heal|p2b: Archaludon|49/100|[from] item: Leftovers\n|upkeep\n|\n|t:|1776645223\n|switch|p1a: Corviknight|Corviknight, L50, F|100/100\n|turn|4\n|j| Elliott657\n|\n|t:|1776645241\n|move|p1b: Whimsicott|Encore|p2b: Archaludon\n|-start|p2b: Archaludon|Encore\n|move|p2b: Archaludon|Protect||[still]\n|-fail|p2b: Archaludon\n|move|p2a: Floette|Moonblast|p1b: Whimsicott\n|-damage|p1b: Whimsicott|14/100\n|move|p1a: Corviknight|Iron Head|p2a: Floette\n|-supereffective|p2a: Floette|1\n|-damage|p2a: Floette|0 fnt\n|faint|p2a: Floette\n|\n|-weather|RainDance|[upkeep]\n|-heal|p2b: Archaludon|56/100|[from] item: Leftovers\n|-sideend|p2: dkapflzksh|move: Tailwind\n|-sideend|p1: DBWaffles|move: Tailwind\n|upkeep\n|\n|t:|1776645248\n|switch|p2a: Basculegion|Basculegion, L50, M, shiny|12/100\n|turn|5\n|\n|t:|1776645262\n|move|p1b: Whimsicott|Protect|p1b: Whimsicott\n|-singleturn|p1b: Whimsicott|Protect\n|move|p2b: Archaludon|Protect|p2b: Archaludon\n|-singleturn|p2b: Archaludon|Protect\n|move|p2a: Basculegion|Last Respects|p1b: Whimsicott\n|-activate|p1b: Whimsicott|move: Protect\n|move|p1a: Corviknight|Iron Defense|p1a: Corviknight\n|-boost|p1a: Corviknight|def|2\n|\n|-weather|none\n|-heal|p2b: Archaludon|62/100|[from] item: Leftovers\n|upkeep\n|turn|6\n|\n|t:|1776645271\n|move|p2b: Archaludon|Protect||[still]\n|-fail|p2b: Archaludon\n|move|p1b: Whimsicott|Tailwind|p1b: Whimsicott\n|-sidestart|p1: DBWaffles|move: Tailwind\n|move|p2a: Basculegion|Last Respects|p1b: Whimsicott\n|-damage|p1b: Whimsicott|0 fnt\n|faint|p1b: Whimsicott\n|move|p1a: Corviknight|Iron Head|p2a: Basculegion\n|-resisted|p2a: Basculegion|1\n|-damage|p2a: Basculegion|0 fnt\n|faint|p2a: Basculegion\n|\n|-heal|p2b: Archaludon|68/100|[from] item: Leftovers\n|-end|p2b: Archaludon|Encore\n|upkeep\n|turn|7\n|\n|t:|1776645281\n|move|p1a: Corviknight|Iron Defense|p1a: Corviknight\n|-boost|p1a: Corviknight|def|2\n|move|p2b: Archaludon|Electro Shot||[still]\n|-prepare|p2b: Archaludon|Electro Shot\n|-boost|p2b: Archaludon|spa|1\n|\n|-heal|p2b: Archaludon|74/100|[from] item: Leftovers\n|upkeep\n|turn|8\n|\n|t:|1776645298\n|move|p1a: Corviknight|Roost||[still]\n|-fail|p1a: Corviknight|heal\n|move|p2b: Archaludon|Electro Shot|p1a: Corviknight|[from] lockedmove\n|-supereffective|p1a: Corviknight|1\n|-damage|p1a: Corviknight|0 fnt\n|faint|p1a: Corviknight\n|\n|win|dkapflzksh\n|raw|DBWaffles's rating: 1609 &rarr; <strong>1588</strong><br />(-21 for losing)\n|raw|dkapflzksh's rating: 1585 &rarr; <strong>1606</strong><br />(+21 for winning)\n",
  "uploadtime": 1776645298,
  "views": 13,
  "formatid": "gen9championsvgc2026regma",
  "rating": 1588,
  "private": 0,
  "password": null
}