{
  "id": "gen9championsvgc2026regma-2586557053",
  "format": "[Gen 9 Champions] VGC 2026 Reg M-A",
  "players": [
    "same22future",
    "DylanNoPancakes"
  ],
  "log": "|j|\u2606same22future\n|j|\u2606DylanNoPancakes\n|t:|1776442855\n|gametype|doubles\n|player|p1|same22future|170|1163\n|player|p2|DylanNoPancakes|265|1087\n|gen|9\n|tier|[Gen 9 Champions] VGC 2026 Reg M-A\n|rated|\n|rule|Species Clause: Limit one of each Pok\u00e9mon\n|rule|Item Clause: Limit 1 of each item\n|clearpoke\n|poke|p1|Aggron, L50, F|\n|poke|p1|Milotic, L50, M|\n|poke|p1|Zoroark-Hisui, L50, F|\n|poke|p1|Talonflame, L50, F|\n|poke|p1|Greninja-*, L50, F|\n|poke|p1|Hydrapple, L50, M|\n|poke|p2|Pelipper, L50, F|\n|poke|p2|Basculegion, L50, M|\n|poke|p2|Incineroar, L50, M|\n|poke|p2|Sinistcha, L50|\n|poke|p2|Glalie, L50, M|\n|poke|p2|Sneasler, L50, M|\n|teampreview|4\n|\n|t:|1776442886\n|teamsize|p1|4\n|teamsize|p2|4\n|start\n|switch|p1a: Talonflame|Talonflame, L50, F|100/100\n|switch|p1b: Milotic|Milotic, L50, M|100/100\n|switch|p2a: Pelipper|Pelipper, L50, F|100/100\n|switch|p2b: Sinistcha|Sinistcha, L50|100/100\n|-weather|RainDance|[from] ability: Drizzle|[of] p2a: Pelipper\n|turn|1\n|\n|t:|1776442905\n|move|p2b: Sinistcha|Protect|p2b: Sinistcha\n|-singleturn|p2b: Sinistcha|Protect\n|move|p1a: Talonflame|Bitter Malice|p2b: Sinistcha\n|-activate|p2b: Sinistcha|move: Protect\n|move|p2a: Pelipper|Weather Ball|p1a: Talonflame\n|-enditem|p1a: Talonflame|Focus Sash\n|-damage|p1a: Talonflame|1/100\n|replace|p1a: Zoroark|Zoroark-Hisui, L50, F\n|-end|p1a: Zoroark|Illusion\n|move|p1b: Milotic|Scald|p2a: Pelipper\n|-resisted|p2a: Pelipper|1\n|-damage|p2a: Pelipper|63/100\n|-status|p2a: Pelipper|brn\n|\n|-weather|RainDance|[upkeep]\n|-damage|p2a: Pelipper|57/100 brn|[from] brn\n|upkeep\n|turn|2\n|\n|t:|1776442931\n|move|p2b: Sinistcha|Rage Powder|p2b: Sinistcha\n|-singleturn|p2b: Sinistcha|move: Rage Powder\n|move|p1a: Zoroark|Bitter Malice|p2b: Sinistcha\n|-supereffective|p2b: Sinistcha|1\n|-damage|p2b: Sinistcha|12/100\n|-unboost|p2b: Sinistcha|atk|1\n|-enditem|p2b: Sinistcha|Sitrus Berry|[eat]\n|-heal|p2b: Sinistcha|36/100|[from] item: Sitrus Berry\n|move|p2a: Pelipper|Tailwind|p2a: Pelipper\n|-sidestart|p2: DylanNoPancakes|move: Tailwind\n|move|p1b: Milotic|Scald|p2b: Sinistcha\n|-resisted|p2b: Sinistcha|1\n|-damage|p2b: Sinistcha|13/100\n|\n|-weather|RainDance|[upkeep]\n|-damage|p2a: Pelipper|51/100 brn|[from] brn\n|upkeep\n|turn|3\n|\n|t:|1776442952\n|switch|p2a: Glalie|Glalie, L50, M|100/100\n|move|p2b: Sinistcha|Matcha Gotcha|p1b: Milotic|[spread] p1a,p1b\n|-supereffective|p1b: Milotic|1\n|-damage|p1a: Zoroark|0 fnt\n|-heal|p2b: Sinistcha|13/100|[from] drain|[of] p1a: Zoroark\n|-damage|p1b: Milotic|60/100\n|-heal|p2b: Sinistcha|34/100|[from] drain|[of] p1b: Milotic\n|faint|p1a: Zoroark\n|move|p1b: Milotic|Scald|p2a: Glalie\n|-damage|p2a: Glalie|40/100\n|\n|-weather|RainDance|[upkeep]\n|-heal|p1b: Milotic|66/100|[from] item: Leftovers\n|upkeep\n|\n|t:|1776442967\n|switch|p1a: Talonflame|Talonflame, L50, F|100/100\n|turn|4\n|\n|t:|1776442986\n|detailschange|p2a: Glalie|Glalie-Mega, L50, M\n|-mega|p2a: Glalie|Glalie|Glalitite\n|move|p2b: Sinistcha|Rage Powder|p2b: Sinistcha\n|-singleturn|p2b: Sinistcha|move: Rage Powder\n|move|p1a: Talonflame|Tailwind|p1a: Talonflame\n|-sidestart|p1: same22future|move: Tailwind\n|move|p2a: Glalie|Explosion|p1b: Milotic|[spread] p2b,p1a,p1b\n|-supereffective|p2b: Sinistcha|1\n|-resisted|p1b: Milotic|1\n|-damage|p2b: Sinistcha|0 fnt\n|-damage|p1a: Talonflame|0 fnt\n|-damage|p1b: Milotic|9/100\n|faint|p2a: Glalie\n|faint|p2b: Sinistcha\n|faint|p1a: Talonflame\n|move|p1b: Milotic|Scald|p2: Glalie|[notarget]\n|-fail|p1b: Milotic\n|\n|-weather|RainDance|[upkeep]\n|-heal|p1b: Milotic|15/100|[from] item: Leftovers\n|upkeep\n|\n|t:|1776443002\n|switch|p1a: Aggron|Aggron, L50, F|100/100\n|switch|p2a: Pelipper|Pelipper, L50, F|51/100 brn\n|switch|p2b: Sneasler|Sneasler, L50, M|100/100\n|turn|5\n|\n|t:|1776443015\n|detailschange|p1a: Aggron|Aggron-Mega, L50, F\n|-mega|p1a: Aggron|Aggron|Aggronite\n|move|p2b: Sneasler|Fake Out|p1b: Milotic\n|-damage|p1b: Milotic|0 fnt\n|faint|p1b: Milotic\n|move|p2a: Pelipper|Weather Ball|p1a: Aggron\n|-damage|p1a: Aggron|25/100\n|move|p1a: Aggron|Iron Defense|p1a: Aggron\n|-boost|p1a: Aggron|def|2\n|\n|-weather|none\n|-damage|p2a: Pelipper|45/100 brn|[from] brn\n|-sideend|p2: DylanNoPancakes|move: Tailwind\n|upkeep\n|turn|6\n|\n|t:|1776443039\n|move|p2b: Sneasler|Close Combat|p1a: Aggron\n|-supereffective|p1a: Aggron|1\n|-damage|p1a: Aggron|0 fnt\n|-unboost|p2b: Sneasler|def|1\n|-unboost|p2b: Sneasler|spd|1\n|faint|p1a: Aggron\n|\n|win|DylanNoPancakes\n|raw|same22future's rating: 1163 &rarr; <strong>1133</strong><br />(-30 for losing)\n|raw|DylanNoPancakes's rating: 1087 &rarr; <strong>1120</strong><br />(+33 for winning)\n",
  "uploadtime": 1776443049,
  "views": 43,
  "formatid": "gen9championsvgc2026regma",
  "rating": 1120,
  "private": 0,
  "password": null
}