{
  "id": "gen9championsvgc2026regma-2581698166",
  "format": "[Gen 9 Champions] VGC 2026 Reg M-A",
  "players": [
    "carpentry",
    "JustIh5an"
  ],
  "log": "|j|\u2606carpentry\n|j|\u2606JustIh5an\n|t:|1776021567\n|gametype|doubles\n|player|p1|carpentry|alder|1238\n|player|p2|JustIh5an|102|1325\n|gen|9\n|tier|[Gen 9 Champions] VGC 2026 Reg M-A\n|rated|\n|rule|Species Clause: Limit one of each Pok\u00e9mon\n|rule|Item Clause: Limit 1 of each item\n|clearpoke\n|poke|p1|Volcarona, L50, M|\n|poke|p1|Blastoise, L50, F|\n|poke|p1|Sinistcha, L50|\n|poke|p1|Pelipper, L50, F|\n|poke|p1|Archaludon, L50, F|\n|poke|p1|Basculegion, L50, M|\n|poke|p2|Charizard, L50, M|\n|poke|p2|Venusaur, L50, M|\n|poke|p2|Garchomp, L50, F|\n|poke|p2|Rotom-Wash, L50|\n|poke|p2|Sneasler, L50, F|\n|poke|p2|Incineroar, L50, F|\n|teampreview|4\n|\n|t:|1776021602\n|teamsize|p1|4\n|teamsize|p2|4\n|start\n|switch|p1a: Volcarona|Volcarona, L50, M|100/100\n|switch|p1b: Blastoise|Blastoise, L50, F|100/100\n|switch|p2a: Charizard|Charizard, L50, M|100/100\n|switch|p2b: Garchomp|Garchomp, L50, F|100/100\n|turn|1\n|\n|t:|1776021652\n|detailschange|p2a: Charizard|Charizard-Mega-Y, L50, M\n|-mega|p2a: Charizard|Charizard|Charizardite Y\n|-weather|SunnyDay|[from] ability: Drought|[of] p2a: Charizard\n|detailschange|p1b: Blastoise|Blastoise-Mega, L50, F\n|-mega|p1b: Blastoise|Blastoise|Blastoisinite\n|move|p1b: Blastoise|Protect|p1b: Blastoise\n|-singleturn|p1b: Blastoise|Protect\n|move|p2b: Garchomp|Earthquake|p1b: Blastoise|[spread] p1a\n|-activate|p1b: Blastoise|move: Protect\n|-immune|p2a: Charizard\n|-damage|p1a: Volcarona|61/100\n|move|p2a: Charizard|Solar Beam||[still]\n|-prepare|p2a: Charizard|Solar Beam\n|-anim|p2a: Charizard|Solar Beam|p1b: Blastoise\n|-activate|p1b: Blastoise|move: Protect\n|move|p1a: Volcarona|Tailwind|p1a: Volcarona\n|-sidestart|p1: carpentry|move: Tailwind\n|\n|-weather|SunnyDay|[upkeep]\n|-heal|p1a: Volcarona|67/100|[from] item: Leftovers\n|upkeep\n|turn|2\n|inactive|Battle timer is ON: inactive players will automatically lose when time's up. (requested by JustIh5an)\n|\n|t:|1776021681\n|move|p2a: Charizard|Protect|p2a: Charizard\n|-singleturn|p2a: Charizard|Protect\n|move|p1b: Blastoise|Water Spout|p2a: Charizard|[spread] p2b\n|-activate|p2a: Charizard|move: Protect\n|-damage|p2b: Garchomp|69/100\n|move|p1a: Volcarona|Rain Dance|p1a: Volcarona\n|-weather|RainDance\n|move|p2b: Garchomp|Earthquake|p1a: Volcarona|[spread] p1a,p1b\n|-activate|p2a: Charizard|move: Protect\n|-damage|p1a: Volcarona|24/100\n|-damage|p1b: Blastoise|62/100\n|\n|-weather|RainDance|[upkeep]\n|-heal|p1a: Volcarona|31/100|[from] item: Leftovers\n|upkeep\n|turn|3\n|inactive|carpentry has 30 seconds left.\n|inactive|carpentry has 20 seconds left.\n|\n|t:|1776021717\n|switch|p2a: Rotom|Rotom-Wash, L50|100/100\n|move|p1b: Blastoise|Water Spout|p2a: Rotom|[spread] p2a,p2b\n|-resisted|p2a: Rotom|1\n|-damage|p2a: Rotom|72/100\n|-damage|p2b: Garchomp|18/100\n|move|p1a: Volcarona|Bug Buzz|p2b: Garchomp\n|-damage|p2b: Garchomp|0 fnt\n|faint|p2b: Garchomp\n|\n|-weather|RainDance|[upkeep]\n|-heal|p1a: Volcarona|37/100|[from] item: Leftovers\n|-heal|p2a: Rotom|78/100|[from] item: Leftovers\n|upkeep\n|\n|t:|1776021733\n|switch|p2b: Sneasler|Sneasler, L50, F|100/100\n|turn|4\n|\n|t:|1776021757\n|move|p1b: Blastoise|Protect|p1b: Blastoise\n|-singleturn|p1b: Blastoise|Protect\n|move|p2b: Sneasler|Fake Out|p1b: Blastoise\n|-activate|p1b: Blastoise|move: Protect\n|move|p1a: Volcarona|Bug Buzz|p2a: Rotom\n|-damage|p2a: Rotom|30/100\n|-unboost|p2a: Rotom|spd|1\n|move|p2a: Rotom|Thunderbolt|p1b: Blastoise\n|-activate|p1b: Blastoise|move: Protect\n|\n|-weather|RainDance|[upkeep]\n|-heal|p1a: Volcarona|43/100|[from] item: Leftovers\n|-heal|p2a: Rotom|36/100|[from] item: Leftovers\n|-sideend|p1: carpentry|move: Tailwind\n|upkeep\n|turn|5\n|\n|t:|1776021780\n|move|p1a: Volcarona|Rage Powder|p1a: Volcarona\n|-singleturn|p1a: Volcarona|move: Rage Powder\n|move|p2b: Sneasler|Dire Claw|p1a: Volcarona\n|-damage|p1a: Volcarona|0 fnt\n|faint|p1a: Volcarona\n|move|p1b: Blastoise|Water Spout|p2b: Sneasler|[spread] p2a,p2b\n|-resisted|p2a: Rotom|1\n|-damage|p2a: Rotom|0 fnt\n|-damage|p2b: Sneasler|34/100\n|faint|p2a: Rotom\n|\n|-weather|RainDance|[upkeep]\n|upkeep\n|\n|t:|1776021791\n|switch|p1a: Basculegion|Basculegion, L50, M|100/100\n|switch|p2a: Charizard|Charizard-Mega-Y, L50, M|100/100\n|-weather|SunnyDay|[from] ability: Drought|[of] p2a: Charizard\n|turn|6\n|\n|t:|1776021810\n|switch|p1b: Pelipper|Pelipper, L50, F|100/100\n|-weather|RainDance|[from] ability: Drizzle|[of] p1b: Pelipper\n|move|p1a: Basculegion|Wave Crash|p2a: Charizard\n|-supereffective|p2a: Charizard|1\n|-crit|p2a: Charizard\n|-damage|p2a: Charizard|0 fnt\n|faint|p2a: Charizard\n|-damage|p1a: Basculegion|78/100|[from] Recoil\n|move|p2b: Sneasler|Dire Claw|p1a: Basculegion\n|-resisted|p1a: Basculegion|1\n|-damage|p1a: Basculegion|55/100\n|-status|p1a: Basculegion|psn\n|\n|-weather|RainDance|[upkeep]\n|-damage|p1a: Basculegion|42/100 psn|[from] psn\n|upkeep\n|turn|7\n|-message|JustIh5an forfeited.\n|\n|win|carpentry\n|raw|carpentry's rating: 1238 &rarr; <strong>1269</strong><br />(+31 for winning)\n|raw|JustIh5an's rating: 1325 &rarr; <strong>1300</strong><br />(-25 for losing)\n|l|\u2606JustIh5an\n|player|p2|\n",
  "uploadtime": 1776021829,
  "views": 19,
  "formatid": "gen9championsvgc2026regma",
  "rating": 1269,
  "private": 0,
  "password": null
}