{
  "id": "gen9championsvgc2026regma-2583559685",
  "format": "[Gen 9 Champions] VGC 2026 Reg M-A",
  "players": [
    "MegaHappyDragonite",
    "propertyofcynthia"
  ],
  "log": "|j|\u2606MegaHappyDragonite\n|j|\u203dpropertyofcynthia\n|t:|1776183306\n|gametype|doubles\n|player|p1|MegaHappyDragonite|lucas|1094\n|player|p2|propertyofcynthia|cynthia|1128\n|gen|9\n|tier|[Gen 9 Champions] VGC 2026 Reg M-A\n|rated|\n|rule|Species Clause: Limit one of each Pok\u00e9mon\n|rule|Item Clause: Limit 1 of each item\n|clearpoke\n|poke|p1|Charizard, L50, F|\n|poke|p1|Venusaur, L50, F|\n|poke|p1|Starmie, L50|\n|poke|p1|Whimsicott, L50, F|\n|poke|p1|Garchomp, L50, M|\n|poke|p1|Incineroar, L50, M|\n|poke|p2|Whimsicott, L50, M|\n|poke|p2|Chandelure, L50, M|\n|poke|p2|Tyranitar, L50, M|\n|poke|p2|Clefable, L50, F|\n|poke|p2|Pelipper, L50, M|\n|poke|p2|Archaludon, L50, M|\n|teampreview|4\n|inactive|Battle timer is ON: inactive players will automatically lose when time's up. (requested by propertyofcynthia)\n|\n|t:|1776183334\n|teamsize|p1|4\n|teamsize|p2|4\n|start\n|switch|p1a: Starmie|Starmie, L50|100/100\n|switch|p1b: Whimsicott|Whimsicott, L50, F|100/100\n|switch|p2a: Pelipper|Pelipper, L50, M|100/100\n|switch|p2b: Archaludon|Archaludon, L50, M|100/100\n|-weather|RainDance|[from] ability: Drizzle|[of] p2a: Pelipper\n|turn|1\n|inactive|MegaHappyDragonite has 30 seconds left.\n|\n|t:|1776183360\n|move|p1a: Starmie|Protect|p1a: Starmie\n|-singleturn|p1a: Starmie|Protect\n|move|p1b: Whimsicott|Sunny Day|p1b: Whimsicott\n|-weather|SunnyDay\n|move|p2a: Pelipper|Hurricane|p1b: Whimsicott\n|-supereffective|p1b: Whimsicott|1\n|-crit|p1b: Whimsicott\n|-enditem|p1b: Whimsicott|Focus Sash\n|-damage|p1b: Whimsicott|1/100\n|move|p2b: Archaludon|Electro Shot||[still]\n|-prepare|p2b: Archaludon|Electro Shot\n|-boost|p2b: Archaludon|spa|1\n|\n|-weather|SunnyDay|[upkeep]\n|upkeep\n|turn|2\n|\n|t:|1776183378\n|switch|p2a: Chandelure|Chandelure, L50, M|100/100\n|switch|p1a: Garchomp|Garchomp, L50, M|100/100\n|move|p1b: Whimsicott|Tailwind|p1b: Whimsicott\n|-sidestart|p1: MegaHappyDragonite|move: Tailwind\n|move|p2b: Archaludon|Electro Shot|p1a: Garchomp|[from] lockedmove\n|-immune|p1a: Garchomp\n|\n|-weather|SunnyDay|[upkeep]\n|upkeep\n|turn|3\n|\n|t:|1776183401\n|switch|p2b: Pelipper|Pelipper, L50, M|100/100\n|-weather|RainDance|[from] ability: Drizzle|[of] p2b: Pelipper\n|move|p2a: Chandelure|Protect|p2a: Chandelure\n|-singleturn|p2a: Chandelure|Protect\n|move|p1b: Whimsicott|Encore||[still]\n|-fail|p1b: Whimsicott\n|move|p1a: Garchomp|Earthquake|p2a: Chandelure|[spread] p1b\n|-activate|p2a: Chandelure|move: Protect\n|-immune|p2b: Pelipper\n|-resisted|p1b: Whimsicott|1\n|-damage|p1b: Whimsicott|0 fnt\n|faint|p1b: Whimsicott\n|\n|-weather|RainDance|[upkeep]\n|upkeep\n|\n|t:|1776183412\n|switch|p1b: Starmie|Starmie, L50|100/100\n|turn|4\n|\n|t:|1776183434\n|switch|p1a: Incineroar|Incineroar, L50, M|100/100\n|-ability|p1a: Incineroar|Intimidate|boost\n|-unboost|p2a: Chandelure|atk|1\n|-unboost|p2b: Pelipper|atk|1\n|detailschange|p1b: Starmie|Starmie-Mega, L50\n|-mega|p1b: Starmie|Starmie|Starminite\n|detailschange|p2a: Chandelure|Chandelure-Mega, L50, M\n|-mega|p2a: Chandelure|Chandelure|Chandelurite\n|move|p1b: Starmie|Ice Spinner|p2b: Pelipper\n|-damage|p2b: Pelipper|30/100\n|move|p2b: Pelipper|Tailwind|p2b: Pelipper\n|-sidestart|p2: propertyofcynthia|move: Tailwind\n|move|p2a: Chandelure|Shadow Ball|p1b: Starmie\n|-supereffective|p1b: Starmie|1\n|-damage|p1b: Starmie|0 fnt\n|faint|p1b: Starmie\n|\n|-weather|RainDance|[upkeep]\n|upkeep\n|\n|t:|1776183446\n|switch|p1b: Garchomp|Garchomp, L50, M|100/100\n|turn|5\n|inactive|MegaHappyDragonite has 30 seconds left.\n|\n|t:|1776183473\n|switch|p2b: Whimsicott|Whimsicott, L50, M|100/100\n|move|p2a: Chandelure|Protect|p2a: Chandelure\n|-singleturn|p2a: Chandelure|Protect\n|move|p1a: Incineroar|Fake Out|p2b: Whimsicott\n|-damage|p2b: Whimsicott|84/100\n|move|p1b: Garchomp|Earthquake|p2a: Chandelure|[spread] p1a,p2b\n|-activate|p2a: Chandelure|move: Protect\n|-supereffective|p1a: Incineroar|1\n|-resisted|p2b: Whimsicott|1\n|-damage|p1a: Incineroar|29/100\n|-damage|p2b: Whimsicott|53/100\n|-enditem|p1a: Incineroar|Sitrus Berry|[eat]\n|-heal|p1a: Incineroar|54/100|[from] item: Sitrus Berry\n|\n|-weather|RainDance|[upkeep]\n|-sideend|p1: MegaHappyDragonite|move: Tailwind\n|upkeep\n|turn|6\n|c|\u2606MegaHappyDragonite|gg\n|inactive|propertyofcynthia has 30 seconds left.\n|inactive|propertyofcynthia has 20 seconds left.\n|\n|t:|1776183510\n|move|p2b: Whimsicott|Moonblast|p1b: Garchomp\n|-supereffective|p1b: Garchomp|1\n|-damage|p1b: Garchomp|21/100\n|move|p2a: Chandelure|Shadow Ball|p1a: Incineroar\n|-resisted|p1a: Incineroar|1\n|-damage|p1a: Incineroar|30/100\n|move|p1b: Garchomp|Earthquake|p2a: Chandelure|[spread] p1a,p2a,p2b\n|-supereffective|p1a: Incineroar|1\n|-supereffective|p2a: Chandelure|1\n|-crit|p2a: Chandelure\n|-resisted|p2b: Whimsicott|1\n|-damage|p1a: Incineroar|0 fnt\n|-damage|p2a: Chandelure|0 fnt\n|-damage|p2b: Whimsicott|19/100\n|faint|p1a: Incineroar\n|faint|p2a: Chandelure\n|\n|-weather|RainDance|[upkeep]\n|upkeep\n|\n|t:|1776183520\n|switch|p2a: Archaludon|Archaludon, L50, M|100/100\n|turn|7\n|-message|MegaHappyDragonite forfeited.\n|\n|win|propertyofcynthia\n|raw|MegaHappyDragonite's rating: 1094 &rarr; <strong>1072</strong><br />(-22 for losing)\n|raw|propertyofcynthia's rating: 1128 &rarr; <strong>1151</strong><br />(+23 for winning)\n|l|\u2606MegaHappyDragonite\n|player|p1|\n",
  "uploadtime": 1776183528,
  "views": 22,
  "formatid": "gen9championsvgc2026regma",
  "rating": 1072,
  "private": 0,
  "password": null
}