{
  "id": "gen9championsvgc2026regma-2586161634",
  "format": "[Gen 9 Champions] VGC 2026 Reg M-A",
  "players": [
    "venugrass",
    "crowteefs"
  ],
  "log": "|j|\u2606venugrass\n|j|\u2606crowteefs\n|t:|1776406835\n|gametype|doubles\n|player|p1|venugrass|265|1083\n|player|p2|crowteefs|psychicf|1081\n|gen|9\n|tier|[Gen 9 Champions] VGC 2026 Reg M-A\n|rated|\n|rule|Species Clause: Limit one of each Pok\u00e9mon\n|rule|Item Clause: Limit 1 of each item\n|clearpoke\n|poke|p1|Gardevoir, L50, M|\n|poke|p1|Whimsicott, L50, F|\n|poke|p1|Incineroar, L50, M|\n|poke|p1|Milotic, L50, M|\n|poke|p1|Garchomp, L50, F|\n|poke|p1|Raichu, L50, M|\n|poke|p2|Gardevoir, L50, F|\n|poke|p2|Sneasler, L50, M|\n|poke|p2|Arcanine-Hisui, L50, M|\n|poke|p2|Corviknight, L50, M|\n|poke|p2|Milotic, L50, F|\n|poke|p2|Dragapult, L50, M|\n|teampreview|4\n|\n|t:|1776406872\n|teamsize|p1|4\n|teamsize|p2|4\n|start\n|switch|p1a: Whimsicott|Whimsicott, L50, F|100/100\n|switch|p1b: Milotic|Milotic, L50, M|100/100\n|switch|p2a: Sneasler|Sneasler, L50, M|100/100\n|switch|p2b: Gardevoir|Gardevoir, L50, F|100/100\n|turn|1\n|\n|t:|1776406888\n|detailschange|p2b: Gardevoir|Gardevoir-Mega, L50, F\n|-mega|p2b: Gardevoir|Gardevoir|Gardevoirite\n|move|p1a: Whimsicott|Protect|p1a: Whimsicott\n|-singleturn|p1a: Whimsicott|Protect\n|move|p2b: Gardevoir|Protect|p2b: Gardevoir\n|-singleturn|p2b: Gardevoir|Protect\n|move|p1b: Milotic|Protect|p1b: Milotic\n|-singleturn|p1b: Milotic|Protect\n|move|p2a: Sneasler|Dire Claw|p1a: Whimsicott\n|-activate|p1a: Whimsicott|move: Protect\n|\n|upkeep\n|turn|2\n|\n|t:|1776406912\n|switch|p2b: Corviknight|Corviknight, L50, M|100/100\n|move|p1a: Whimsicott|Tailwind|p1a: Whimsicott\n|-sidestart|p1: venugrass|move: Tailwind\n|move|p1b: Milotic|Icy Wind|p2a: Sneasler|[spread] p2a,p2b\n|-damage|p2a: Sneasler|85/100\n|-damage|p2b: Corviknight|93/100\n|-unboost|p2a: Sneasler|spe|1\n|-ability|p2b: Corviknight|Mirror Armor\n|-unboost|p1b: Milotic|spe|1\n|-ability|p1b: Milotic|Competitive|boost\n|-boost|p1b: Milotic|spa|2\n|-enditem|p2a: Sneasler|White Herb\n|-clearnegativeboost|p2a: Sneasler|[silent]\n|move|p2a: Sneasler|Dire Claw|p1a: Whimsicott\n|-supereffective|p1a: Whimsicott|2\n|-damage|p1a: Whimsicott|0 fnt\n|faint|p1a: Whimsicott\n|\n|upkeep\n|\n|t:|1776406935\n|switch|p1a: Gardevoir|Gardevoir, L50, M|100/100\n|turn|3\n|\n|t:|1776406949\n|detailschange|p1a: Gardevoir|Gardevoir-Mega, L50, M\n|-mega|p1a: Gardevoir|Gardevoir|Gardevoirite\n|move|p2a: Sneasler|Dire Claw|p1b: Milotic\n|-damage|p1b: Milotic|62/100\n|move|p1a: Gardevoir|Hyper Voice|p2b: Corviknight|[spread] p2a,p2b\n|-resisted|p2b: Corviknight|1\n|-damage|p2a: Sneasler|16/100\n|-damage|p2b: Corviknight|76/100\n|move|p1b: Milotic|Scald|p2b: Corviknight\n|-damage|p2b: Corviknight|33/100\n|move|p2b: Corviknight|Dual Wingbeat|p1b: Milotic\n|-damage|p1b: Milotic|51/100\n|-damage|p1b: Milotic|41/100\n|-hitcount|p1b: Milotic|2\n|\n|-heal|p1b: Milotic|47/100|[from] item: Leftovers\n|upkeep\n|turn|4\n|\n|t:|1776406976\n|switch|p2b: Milotic|Milotic, L50, F|100/100\n|move|p1a: Gardevoir|Protect|p1a: Gardevoir\n|-singleturn|p1a: Gardevoir|Protect\n|move|p2a: Sneasler|Dire Claw|p1b: Milotic\n|-damage|p1b: Milotic|12/100\n|move|p1b: Milotic|Icy Wind|p2b: Milotic|[spread] p2a,p2b\n|-resisted|p2b: Milotic|1\n|-damage|p2a: Sneasler|0 fnt\n|-damage|p2b: Milotic|95/100\n|-unboost|p2b: Milotic|spe|1\n|-ability|p2b: Milotic|Competitive|boost\n|-boost|p2b: Milotic|spa|2\n|faint|p2a: Sneasler\n|\n|-heal|p1b: Milotic|18/100|[from] item: Leftovers\n|-heal|p2b: Milotic|100/100|[from] item: Leftovers\n|upkeep\n|\n|t:|1776406996\n|switch|p2a: Corviknight|Corviknight, L50, M|33/100\n|turn|5\n|\n|t:|1776407004\n|move|p1a: Gardevoir|Hyper Voice|p2b: Milotic|[spread] p2a,p2b\n|-resisted|p2a: Corviknight|1\n|-damage|p2a: Corviknight|16/100\n|-damage|p2b: Milotic|74/100\n|move|p1b: Milotic|Recover|p1b: Milotic\n|-heal|p1b: Milotic|68/100\n|move|p2a: Corviknight|Tailwind|p2a: Corviknight\n|-sidestart|p2: crowteefs|move: Tailwind\n|move|p2b: Milotic|Icy Wind|p1b: Milotic|[spread] p1a,p1b\n|-resisted|p1b: Milotic|1\n|-damage|p1a: Gardevoir|83/100\n|-damage|p1b: Milotic|61/100\n|-unboost|p1a: Gardevoir|spe|1\n|-unboost|p1b: Milotic|spe|1\n|-ability|p1b: Milotic|Competitive|boost\n|-boost|p1b: Milotic|spa|2\n|\n|-heal|p2b: Milotic|80/100|[from] item: Leftovers\n|-heal|p1b: Milotic|67/100|[from] item: Leftovers\n|-sideend|p1: venugrass|move: Tailwind\n|upkeep\n|turn|6\n|\n|t:|1776407033\n|move|p1a: Gardevoir|Protect|p1a: Gardevoir\n|-singleturn|p1a: Gardevoir|Protect\n|move|p2a: Corviknight|Roost|p2a: Corviknight\n|-heal|p2a: Corviknight|66/100\n|-singleturn|p2a: Corviknight|move: Roost\n|move|p2b: Milotic|Scald|p1b: Milotic\n|-resisted|p1b: Milotic|1\n|-damage|p1b: Milotic|48/100\n|-status|p1b: Milotic|brn\n|move|p1b: Milotic|Scald|p2a: Corviknight\n|-damage|p2a: Corviknight|4/100\n|\n|-heal|p2b: Milotic|86/100|[from] item: Leftovers\n|-heal|p1b: Milotic|53/100 brn|[from] item: Leftovers\n|-damage|p1b: Milotic|48/100 brn|[from] brn\n|upkeep\n|turn|7\n|\n|t:|1776407057\n|move|p2a: Corviknight|Roost|p2a: Corviknight\n|-heal|p2a: Corviknight|54/100\n|-singleturn|p2a: Corviknight|move: Roost\n|move|p2b: Milotic|Scald|p1b: Milotic\n|-resisted|p1b: Milotic|1\n|-damage|p1b: Milotic|28/100 brn\n|move|p1a: Gardevoir|Hyper Voice|p2a: Corviknight|[spread] p2a,p2b\n|-resisted|p2a: Corviknight|1\n|-damage|p2a: Corviknight|37/100\n|-damage|p2b: Milotic|57/100\n|move|p1b: Milotic|Recover|p1b: Milotic\n|-heal|p1b: Milotic|78/100 brn\n|\n|-heal|p2b: Milotic|63/100|[from] item: Leftovers\n|-heal|p1b: Milotic|84/100 brn|[from] item: Leftovers\n|-damage|p1b: Milotic|78/100 brn|[from] brn\n|upkeep\n|turn|8\n|\n|t:|1776407085\n|move|p2a: Corviknight|Roost|p2a: Corviknight\n|-heal|p2a: Corviknight|87/100\n|-singleturn|p2a: Corviknight|move: Roost\n|move|p2b: Milotic|Scald|p1a: Gardevoir\n|-damage|p1a: Gardevoir|34/100\n|move|p1a: Gardevoir|Psychic|p2b: Milotic\n|-damage|p2b: Milotic|31/100\n|move|p1b: Milotic|Scald|p2b: Milotic\n|-resisted|p2b: Milotic|1\n|-damage|p2b: Milotic|5/100\n|-status|p2b: Milotic|brn\n|\n|-heal|p2b: Milotic|11/100 brn|[from] item: Leftovers\n|-heal|p1b: Milotic|84/100 brn|[from] item: Leftovers\n|-damage|p2b: Milotic|5/100 brn|[from] brn\n|-damage|p1b: Milotic|78/100 brn|[from] brn\n|-sideend|p2: crowteefs|move: Tailwind\n|upkeep\n|turn|9\n|\n|t:|1776407108\n|move|p1a: Gardevoir|Protect|p1a: Gardevoir\n|-singleturn|p1a: Gardevoir|Protect\n|move|p2a: Corviknight|Tailwind|p2a: Corviknight\n|-sidestart|p2: crowteefs|move: Tailwind\n|move|p2b: Milotic|Scald|p1a: Gardevoir\n|-activate|p1a: Gardevoir|move: Protect\n|move|p1b: Milotic|Icy Wind|p2b: Milotic|[spread] p2a,p2b\n|-resisted|p2b: Milotic|1\n|-damage|p2a: Corviknight|63/100\n|-damage|p2b: Milotic|0 fnt\n|-ability|p2a: Corviknight|Mirror Armor\n|-unboost|p1b: Milotic|spe|1\n|-ability|p1b: Milotic|Competitive|boost\n|-boost|p1b: Milotic|spa|2\n|faint|p2b: Milotic\n|\n|-heal|p1b: Milotic|84/100 brn|[from] item: Leftovers\n|-damage|p1b: Milotic|78/100 brn|[from] brn\n|upkeep\n|\n|t:|1776407128\n|switch|p2b: Gardevoir|Gardevoir-Mega, L50, F|100/100\n|turn|10\n|\n|t:|1776407137\n|move|p2b: Gardevoir|Psychic|p1b: Milotic\n|-damage|p1b: Milotic|39/100 brn\n|move|p2a: Corviknight|Roost|p2a: Corviknight\n|-heal|p2a: Corviknight|100/100\n|-singleturn|p2a: Corviknight|move: Roost\n|move|p1a: Gardevoir|Aura Sphere|p2a: Corviknight\n|-supereffective|p2a: Corviknight|1\n|-damage|p2a: Corviknight|50/100\n|move|p1b: Milotic|Scald|p2a: Corviknight\n|-damage|p2a: Corviknight|0 fnt\n|faint|p2a: Corviknight\n|\n|-heal|p1b: Milotic|45/100 brn|[from] item: Leftovers\n|-damage|p1b: Milotic|39/100 brn|[from] brn\n|upkeep\n|turn|11\n|\n|t:|1776407169\n|move|p2b: Gardevoir|Hyper Voice|p1a: Gardevoir|[spread] p1a,p1b\n|-damage|p1a: Gardevoir|0 fnt\n|-damage|p1b: Milotic|0 fnt\n|faint|p1a: Gardevoir\n|faint|p1b: Milotic\n|\n|upkeep\n|\n|t:|1776407177\n|switch|p1a: Raichu|Raichu, L50, M|100/100\n|turn|12\n|\n|t:|1776407183\n|move|p2b: Gardevoir|Protect|p2b: Gardevoir\n|-singleturn|p2b: Gardevoir|Protect\n|move|p1a: Raichu|Fake Out|p2b: Gardevoir\n|-activate|p2b: Gardevoir|move: Protect\n|\n|-sideend|p2: crowteefs|move: Tailwind\n|upkeep\n|turn|13\n|\n|t:|1776407202\n|move|p1a: Raichu|Nuzzle|p2b: Gardevoir\n|-damage|p2b: Gardevoir|87/100\n|-status|p2b: Gardevoir|par\n|move|p2b: Gardevoir|Psychic|p1a: Raichu\n|-damage|p1a: Raichu|24/100\n|\n|upkeep\n|turn|14\n|l|\u2606venugrass\n|player|p1|\n|inactive|Battle timer is ON: inactive players will automatically lose when time's up. (requested by crowteefs)\n|inactive|venugrass has 30 seconds to reconnect!\n|inactive|venugrass has 20 seconds to reconnect!\n|inactive|venugrass has 15 seconds to reconnect!\n|inactive|venugrass has 10 seconds to reconnect!\n|inactive|venugrass has 5 seconds to reconnect!\n|-message|venugrass lost due to inactivity.\n|\n|win|crowteefs\n|raw|venugrass's rating: 1083 &rarr; <strong>1060</strong><br />(-23 for losing)\n|raw|crowteefs's rating: 1081 &rarr; <strong>1109</strong><br />(+28 for winning)\n",
  "uploadtime": 1776407576,
  "views": 17,
  "formatid": "gen9championsvgc2026regma",
  "rating": 1060,
  "private": 0,
  "password": null
}