{
  "id": "gen9championsvgc2026regma-2585071701",
  "format": "[Gen 9 Champions] VGC 2026 Reg M-A",
  "players": [
    "OnToTheOther",
    "1%ofGamblers"
  ],
  "log": "|j|\u2606OnToTheOther\n|j|\u26061%ofGamblers\n|t:|1776308839\n|gametype|doubles\n|player|p1|OnToTheOther|biker-gen4|1125\n|player|p2|1%ofGamblers|101|1122\n|gen|9\n|tier|[Gen 9 Champions] VGC 2026 Reg M-A\n|rated|\n|rule|Species Clause: Limit one of each Pok\u00e9mon\n|rule|Item Clause: Limit 1 of each item\n|clearpoke\n|poke|p1|Chimecho, L50, M|\n|poke|p1|Espathra, L50, F|\n|poke|p1|Sinistcha, L50|\n|poke|p1|Archaludon, L50, F|\n|poke|p1|Primarina, L50, F|\n|poke|p1|Decidueye-Hisui, L50, F|\n|poke|p2|Gengar, L50, M|\n|poke|p2|Incineroar, L50, M|\n|poke|p2|Politoed, L50, F|\n|poke|p2|Sneasler, L50, M|\n|poke|p2|Whimsicott, L50, F|\n|poke|p2|Dragonite, L50, M|\n|teampreview|4\n|inactive|Battle timer is ON: inactive players will automatically lose when time's up. (requested by OnToTheOther)\n|\n|t:|1776308907\n|teamsize|p1|4\n|teamsize|p2|4\n|start\n|switch|p1a: Espathra|Espathra, L50, F|100/100\n|switch|p1b: Archaludon|Archaludon, L50, F|100/100\n|switch|p2a: Gengar|Gengar, L50, M|100/100\n|switch|p2b: Whimsicott|Whimsicott, L50, F|100/100\n|turn|1\n|inactive|OnToTheOther has 30 seconds left.\n|inactive|1%ofGamblers has 30 seconds left.\n|\n|t:|1776308939\n|detailschange|p2a: Gengar|Gengar-Mega, L50, M\n|-mega|p2a: Gengar|Gengar|Gengarite\n|move|p2a: Gengar|Protect|p2a: Gengar\n|-singleturn|p2a: Gengar|Protect\n|move|p1a: Espathra|Protect|p1a: Espathra\n|-singleturn|p1a: Espathra|Protect\n|move|p2b: Whimsicott|Moonblast|p1b: Archaludon\n|-damage|p1b: Archaludon|65/100\n|-ability|p1b: Archaludon|Stamina|boost\n|-boost|p1b: Archaludon|def|1\n|move|p1b: Archaludon|Electro Shot||[still]\n|-prepare|p1b: Archaludon|Electro Shot\n|-boost|p1b: Archaludon|spa|1\n|\n|-heal|p1b: Archaludon|71/100|[from] item: Leftovers\n|-ability|p1a: Espathra|Speed Boost|boost\n|-boost|p1a: Espathra|spe|1\n|upkeep\n|turn|2\n|\n|t:|1776308963\n|switch|p2a: Incineroar|Incineroar, L50, M|100/100\n|-ability|p2a: Incineroar|Intimidate|boost\n|-unboost|p1a: Espathra|atk|1\n|-unboost|p1b: Archaludon|atk|1\n|move|p2b: Whimsicott|Encore|p1a: Espathra\n|-start|p1a: Espathra|Encore\n|-enditem|p1a: Espathra|Mental Herb\n|-end|p1a: Espathra|Encore\n|move|p1a: Espathra|Lumina Crash|p2a: Incineroar\n|-immune|p2a: Incineroar\n|move|p1b: Archaludon|Electro Shot|p2a: Incineroar|[from] lockedmove\n|-damage|p2a: Incineroar|45/100\n|-enditem|p2a: Incineroar|Sitrus Berry|[eat]\n|-heal|p2a: Incineroar|70/100|[from] item: Sitrus Berry\n|\n|-heal|p1b: Archaludon|78/100|[from] item: Leftovers\n|-ability|p1a: Espathra|Speed Boost|boost\n|-boost|p1a: Espathra|spe|1\n|upkeep\n|turn|3\n|inactive|OnToTheOther has 30 seconds left.\n|inactive|1%ofGamblers has 30 seconds left.\n|inactive|OnToTheOther has 20 seconds left.\n|inactive|OnToTheOther has 15 seconds left.\n|inactive|OnToTheOther has 10 seconds left.\n|inactive|OnToTheOther has 5 seconds left.\n|\n|t:|1776309014\n|move|p1a: Espathra|Protect|p1a: Espathra\n|-singleturn|p1a: Espathra|Protect\n|move|p2b: Whimsicott|Encore|p1b: Archaludon\n|-start|p1b: Archaludon|Encore\n|move|p1b: Archaludon|Electro Shot||[still]\n|-prepare|p1b: Archaludon|Electro Shot\n|-boost|p1b: Archaludon|spa|1\n|move|p2a: Incineroar|Darkest Lariat|p1a: Espathra\n|-activate|p1a: Espathra|move: Protect\n|\n|-heal|p1b: Archaludon|84/100|[from] item: Leftovers\n|-ability|p1a: Espathra|Speed Boost|boost\n|-boost|p1a: Espathra|spe|1\n|upkeep\n|turn|4\n|inactive|1%ofGamblers has 30 seconds left.\n|\n|t:|1776309040\n|switch|p1a: Sinistcha|Sinistcha, L50|100/100\n|-heal|p1b: Archaludon|100/100|[from] ability: Hospitality|[of] p1a: Sinistcha\n|move|p2a: Incineroar|Protect|p2a: Incineroar\n|-singleturn|p2a: Incineroar|Protect\n|move|p2b: Whimsicott|Moonblast|p1b: Archaludon\n|-damage|p1b: Archaludon|68/100\n|-ability|p1b: Archaludon|Stamina|boost\n|-boost|p1b: Archaludon|def|1\n|move|p1b: Archaludon|Electro Shot|p2b: Whimsicott|[from] lockedmove\n|-resisted|p2b: Whimsicott|1\n|-damage|p2b: Whimsicott|38/100\n|\n|-heal|p1b: Archaludon|74/100|[from] item: Leftovers\n|upkeep\n|turn|5\n|inactive|OnToTheOther has 30 seconds left.\n|inactive|1%ofGamblers has 30 seconds left.\n|inactive|OnToTheOther has 20 seconds left.\n|inactive|1%ofGamblers has 20 seconds left.\n|inactive|OnToTheOther has 15 seconds left.\n|inactive|1%ofGamblers has 15 seconds left.\n|inactive|1%ofGamblers has 10 seconds left.\n|\n|t:|1776309088\n|switch|p2b: Sneasler|Sneasler, L50, M|100/100\n|-ability|p2b: Sneasler|Pressure\n|switch|p1b: Espathra|Espathra, L50, F|100/100\n|move|p1a: Sinistcha|Matcha Gotcha|p2a: Incineroar|[spread] p2b\n|-miss|p1a: Sinistcha|p2a: Incineroar\n|-resisted|p2b: Sneasler|1\n|-damage|p2b: Sneasler|85/100\n|-status|p2b: Sneasler|brn\n|move|p2a: Incineroar|Parting Shot|p1b: Espathra\n|-unboost|p1b: Espathra|atk|1\n|-unboost|p1b: Espathra|spa|1\n|\n|t:|1776309104\n|switch|p2a: Gengar|Gengar-Mega, L50, M|100/100|[from] Parting Shot\n|\n|-damage|p2b: Sneasler|79/100 brn|[from] brn\n|upkeep\n|turn|6\n|\n|t:|1776309120\n|switch|p1a: Archaludon|Archaludon, L50, F|74/100\n|move|p1b: Espathra|Protect|p1b: Espathra\n|-singleturn|p1b: Espathra|Protect\n|move|p2b: Sneasler|Fake Out|p1b: Espathra\n|-activate|p1b: Espathra|move: Protect\n|move|p2a: Gengar|Perish Song|p2a: Gengar\n|-start|p1a: Archaludon|perish3|[silent]\n|-start|p1b: Espathra|perish3|[silent]\n|-start|p2a: Gengar|perish3|[silent]\n|-start|p2b: Sneasler|perish3|[silent]\n|-fieldactivate|move: Perish Song\n|\n|-heal|p1a: Archaludon|81/100|[from] item: Leftovers\n|-damage|p2b: Sneasler|74/100 brn|[from] brn\n|-start|p2b: Sneasler|perish3\n|-start|p2a: Gengar|perish3\n|-start|p1b: Espathra|perish3\n|-start|p1a: Archaludon|perish3\n|-ability|p1b: Espathra|Speed Boost|boost\n|-boost|p1b: Espathra|spe|1\n|upkeep\n|turn|7\n|inactive|1%ofGamblers has 30 seconds left.\n|\n|t:|1776309147\n|move|p2a: Gengar|Protect|p2a: Gengar\n|-singleturn|p2a: Gengar|Protect\n|move|p1b: Espathra|Lumina Crash|p2b: Sneasler\n|-supereffective|p2b: Sneasler|2\n|-damage|p2b: Sneasler|0 fnt\n|faint|p2b: Sneasler\n|move|p1a: Archaludon|Electro Shot||[still]\n|-prepare|p1a: Archaludon|Electro Shot\n|-boost|p1a: Archaludon|spa|1\n|\n|-heal|p1a: Archaludon|87/100|[from] item: Leftovers\n|-start|p1b: Espathra|perish2\n|-start|p2a: Gengar|perish2\n|-start|p1a: Archaludon|perish2\n|-ability|p1b: Espathra|Speed Boost|boost\n|-boost|p1b: Espathra|spe|1\n|upkeep\n|\n|t:|1776309161\n|switch|p2b: Incineroar|Incineroar, L50, M|70/100\n|-ability|p2b: Incineroar|Intimidate|boost\n|-unboost|p1a: Archaludon|atk|1\n|-unboost|p1b: Espathra|atk|1\n|turn|8\n|\n|t:|1776309173\n|move|p2b: Incineroar|Fake Out|p1a: Archaludon\n|-resisted|p1a: Archaludon|1\n|-damage|p1a: Archaludon|83/100\n|-ability|p1a: Archaludon|Stamina|boost\n|-boost|p1a: Archaludon|def|1\n|move|p1b: Espathra|Lumina Crash|p2a: Gengar\n|-supereffective|p2a: Gengar|1\n|-damage|p2a: Gengar|33/100\n|-unboost|p2a: Gengar|spd|2\n|move|p2a: Gengar|Shadow Ball|p1b: Espathra\n|-supereffective|p1b: Espathra|1\n|-damage|p1b: Espathra|0 fnt\n|faint|p1b: Espathra\n|cant|p1a: Archaludon|flinch\n|\n|-heal|p1a: Archaludon|89/100|[from] item: Leftovers\n|-start|p2a: Gengar|perish1\n|-start|p1a: Archaludon|perish1\n|upkeep\n|\n|t:|1776309187\n|switch|p1b: Sinistcha|Sinistcha, L50|100/100\n|-heal|p1a: Archaludon|100/100|[from] ability: Hospitality|[of] p1b: Sinistcha\n|turn|9\n|inactive|OnToTheOther has 30 seconds left.\n|inactive|OnToTheOther has 20 seconds left.\n|inactive|OnToTheOther has 15 seconds left.\n|\n|t:|1776309229\n|switch|p2a: Whimsicott|Whimsicott, L50, F|38/100\n|move|p1a: Archaludon|Dragon Pulse|p2a: Whimsicott\n|-immune|p2a: Whimsicott\n|move|p1b: Sinistcha|Matcha Gotcha|p2a: Whimsicott|[spread] p2a,p2b\n|-resisted|p2a: Whimsicott|1\n|-resisted|p2b: Incineroar|1\n|-damage|p2a: Whimsicott|23/100\n|-damage|p2b: Incineroar|61/100\n|move|p2b: Incineroar|Darkest Lariat|p1b: Sinistcha\n|-supereffective|p1b: Sinistcha|1\n|-damage|p1b: Sinistcha|36/100\n|-enditem|p1b: Sinistcha|Sitrus Berry|[eat]\n|-heal|p1b: Sinistcha|61/100|[from] item: Sitrus Berry\n|\n|-start|p1a: Archaludon|perish0\n|upkeep\n|faint|p1a: Archaludon\n|\n|t:|1776309236\n|switch|p1a: Chimecho|Chimecho, L50, M|100/100\n|turn|10\n|inactive|OnToTheOther has 30 seconds left.\n|inactive|1%ofGamblers has 30 seconds left.\n|inactive|1%ofGamblers has 20 seconds left.\n|inactive|1%ofGamblers has 15 seconds left.\n|inactive|OnToTheOther has 20 seconds left.\n|inactive|1%ofGamblers has 10 seconds left.\n|inactive|OnToTheOther has 15 seconds left.\n|inactive|OnToTheOther has 10 seconds left.\n|inactive|OnToTheOther has 5 seconds left.\n|\n|t:|1776309297\n|move|p2a: Whimsicott|Encore|p1b: Sinistcha\n|-start|p1b: Sinistcha|Encore\n|move|p1b: Sinistcha|Matcha Gotcha|p2b: Incineroar|[spread] p2a,p2b\n|-resisted|p2a: Whimsicott|1\n|-resisted|p2b: Incineroar|1\n|-damage|p2a: Whimsicott|5/100\n|-heal|p1b: Sinistcha|70/100|[from] drain|[of] p2a: Whimsicott\n|-damage|p2b: Incineroar|52/100\n|-heal|p1b: Sinistcha|75/100|[from] drain|[of] p2b: Incineroar\n|move|p1a: Chimecho|Flash Cannon|p2a: Whimsicott\n|-supereffective|p2a: Whimsicott|1\n|-damage|p2a: Whimsicott|0 fnt\n|faint|p2a: Whimsicott\n|move|p2b: Incineroar|Parting Shot|p1a: Chimecho\n|-unboost|p1a: Chimecho|atk|1\n|-unboost|p1a: Chimecho|spa|1\n|\n|t:|1776309313\n|switch|p2b: Gengar|Gengar-Mega, L50, M|33/100|[from] Parting Shot\n|\n|upkeep\n|\n|t:|1776309317\n|switch|p2a: Incineroar|Incineroar, L50, M|52/100\n|-ability|p2a: Incineroar|Intimidate|boost\n|-unboost|p1a: Chimecho|atk|1\n|-unboost|p1b: Sinistcha|atk|1\n|turn|11\n|\n|t:|1776309327\n|detailschange|p1a: Chimecho|Chimecho-Mega, L50, M\n|-mega|p1a: Chimecho|Chimecho|Chimechite\n|move|p1a: Chimecho|Protect|p1a: Chimecho\n|-singleturn|p1a: Chimecho|Protect\n|move|p2a: Incineroar|Fake Out|p1a: Chimecho\n|-activate|p1a: Chimecho|move: Protect\n|move|p2b: Gengar|Shadow Ball|p1b: Sinistcha\n|-supereffective|p1b: Sinistcha|1\n|-damage|p1b: Sinistcha|0 fnt\n|faint|p1b: Sinistcha\n|\n|upkeep\n|turn|12\n|\n|t:|1776309343\n|move|p2b: Gengar|Shadow Ball|p1a: Chimecho\n|-supereffective|p1a: Chimecho|1\n|-damage|p1a: Chimecho|15/100\n|move|p1a: Chimecho|Expanding Force|p2b: Gengar\n|-supereffective|p2b: Gengar|1\n|-damage|p2b: Gengar|0 fnt\n|faint|p2b: Gengar\n|move|p2a: Incineroar|Darkest Lariat|p1a: Chimecho\n|-supereffective|p1a: Chimecho|1\n|-damage|p1a: Chimecho|0 fnt\n|faint|p1a: Chimecho\n|\n|win|1%ofGamblers\n|raw|OnToTheOther's rating: 1125 &rarr; <strong>1100</strong><br />(-25 for losing)\n|raw|1%ofGamblers's rating: 1122 &rarr; <strong>1147</strong><br />(+25 for winning)\n",
  "uploadtime": 1776309355,
  "views": 47,
  "formatid": "gen9championsvgc2026regma",
  "rating": 1100,
  "private": 0,
  "password": null
}