{
  "id": "gen9championsvgc2026regma-2582165799",
  "format": "[Gen 9 Champions] VGC 2026 Reg M-A",
  "players": [
    "It'sJustKen VGC",
    "rohitking"
  ],
  "log": "|j|\u2606It'sJustKen VGC\n|j|\u2606rohitking\n|t:|1776066381\n|gametype|doubles\n|player|p1|It'sJustKen VGC|265|1159\n|player|p2|rohitking|hilbert-wonderlauncher|1138\n|gen|9\n|tier|[Gen 9 Champions] VGC 2026 Reg M-A\n|rated|\n|rule|Species Clause: Limit one of each Pok\u00e9mon\n|rule|Item Clause: Limit 1 of each item\n|clearpoke\n|poke|p1|Kingambit, L50, F|\n|poke|p1|Clefable, L50, F|\n|poke|p1|Chimecho, L50, F|\n|poke|p1|Golurk, L50|\n|poke|p1|Torkoal, L50, M|\n|poke|p1|Hawlucha, L50, F|\n|poke|p2|Incineroar, L50, F|\n|poke|p2|Whimsicott, L50, M|\n|poke|p2|Dragonite, L50, F|\n|poke|p2|Floette-Eternal, L50, F|\n|poke|p2|Sinistcha, L50|\n|poke|p2|Charizard, L50, M|\n|teampreview|4\n|inactive|Battle timer is ON: inactive players will automatically lose when time's up. (requested by rohitking)\n|inactive|It'sJustKen VGC also wants the timer to be on.\n|\n|t:|1776066404\n|teamsize|p1|4\n|teamsize|p2|4\n|start\n|switch|p1a: The Final Boss|Kingambit, L50, F|100/100\n|switch|p1b: Supportive Friend|Hawlucha, L50, F|100/100\n|switch|p2a: Charizard|Charizard, L50, M|100/100\n|switch|p2b: Whimsicott|Whimsicott, L50, M|100/100\n|-ability|p1b: Supportive Friend|Mold Breaker\n|turn|1\n|\n|t:|1776066423\n|detailschange|p1b: Supportive Friend|Hawlucha-Mega, L50, F\n|-mega|p1b: Supportive Friend|Hawlucha|Hawluchanite\n|detailschange|p2a: Charizard|Charizard-Mega-Y, L50, M\n|-mega|p2a: Charizard|Charizard|Charizardite Y\n|-weather|SunnyDay|[from] ability: Drought|[of] p2a: Charizard\n|move|p2b: Whimsicott|Tailwind|p2b: Whimsicott\n|-sidestart|p2: rohitking|move: Tailwind\n|move|p2a: Charizard|Heat Wave|p1a: The Final Boss|[spread] p1a,p1b\n|-supereffective|p1a: The Final Boss|1\n|-damage|p1a: The Final Boss|6/100\n|-damage|p1b: Supportive Friend|26/100\n|-enditem|p1a: The Final Boss|Sitrus Berry|[eat]\n|-heal|p1a: The Final Boss|31/100|[from] item: Sitrus Berry\n|move|p1b: Supportive Friend|Entrainment|p1a: The Final Boss\n|-ability|p1a: The Final Boss|No Guard|Defiant|[from] move: Entrainment|[of] p1b: Supportive Friend\n|move|p1a: The Final Boss|Guillotine|p2a: Charizard\n|-damage|p2a: Charizard|0 fnt\n|faint|p2a: Charizard\n|-ohko\n|\n|-weather|SunnyDay|[upkeep]\n|upkeep\n|\n|t:|1776066443\n|switch|p2a: Incineroar|Incineroar, L50, F|100/100\n|-ability|p2a: Incineroar|Intimidate|boost\n|-unboost|p1a: The Final Boss|atk|1\n|-unboost|p1b: Supportive Friend|atk|1\n|turn|2\n|\n|t:|1776066467\n|switch|p1b: Main Character|Clefable, L50, F, shiny|100/100\n|move|p1a: The Final Boss|Protect|p1a: The Final Boss\n|-singleturn|p1a: The Final Boss|Protect\n|move|p2b: Whimsicott|Dazzling Gleam|p1b: Main Character|[spread] p1b\n|-activate|p1a: The Final Boss|move: Protect\n|-crit|p1b: Main Character\n|-damage|p1b: Main Character|70/100\n|move|p2a: Incineroar|Flare Blitz|p1a: The Final Boss\n|-activate|p1a: The Final Boss|move: Protect\n|\n|-weather|SunnyDay|[upkeep]\n|-heal|p1b: Main Character|76/100|[from] item: Leftovers\n|upkeep\n|turn|3\n|\n|t:|1776066491\n|move|p1b: Main Character|Follow Me|p1b: Main Character\n|-singleturn|p1b: Main Character|move: Follow Me\n|move|p2b: Whimsicott|Taunt|p1b: Main Character\n|-start|p1b: Main Character|move: Taunt\n|move|p2a: Incineroar|Flare Blitz|p1b: Main Character\n|-damage|p1b: Main Character|11/100\n|-damage|p2a: Incineroar|77/100|[from] Recoil\n|move|p1a: The Final Boss|Guillotine|p2a: Incineroar\n|-damage|p2a: Incineroar|0 fnt\n|faint|p2a: Incineroar\n|-ohko\n|\n|-weather|SunnyDay|[upkeep]\n|-heal|p1b: Main Character|17/100|[from] item: Leftovers\n|upkeep\n|\n|t:|1776066503\n|switch|p2a: Sinistcha|Sinistcha, L50|100/100\n|turn|4\n|\n|t:|1776066516\n|switch|p1b: Supportive Friend|Hawlucha-Mega, L50, F|26/100\n|move|p1a: The Final Boss|Protect|p1a: The Final Boss\n|-singleturn|p1a: The Final Boss|Protect\n|move|p2b: Whimsicott|Dazzling Gleam|p1b: Supportive Friend|[spread] p1b\n|-activate|p1a: The Final Boss|move: Protect\n|-supereffective|p1b: Supportive Friend|1\n|-damage|p1b: Supportive Friend|0 fnt\n|faint|p1b: Supportive Friend\n|move|p2a: Sinistcha|Matcha Gotcha|p1a: The Final Boss\n|-activate|p1a: The Final Boss|move: Protect\n|\n|-weather|SunnyDay|[upkeep]\n|-sideend|p2: rohitking|move: Tailwind\n|upkeep\n|\n|t:|1776066521\n|switch|p1b: Pet|Torkoal, L50, M, shiny|100/100\n|turn|5\n|\n|t:|1776066539\n|move|p2b: Whimsicott|Tailwind|p2b: Whimsicott\n|-sidestart|p2: rohitking|move: Tailwind\n|move|p1a: The Final Boss|Sucker Punch||[still]\n|-fail|p1a: The Final Boss\n|move|p2a: Sinistcha|Matcha Gotcha|p1b: Pet|[spread] p1a\n|-miss|p2a: Sinistcha|p1b: Pet\n|-resisted|p1a: The Final Boss|1\n|-damage|p1a: The Final Boss|21/100\n|move|p1b: Pet|Eruption|p2b: Whimsicott|[spread] p2a,p2b\n|-supereffective|p2a: Sinistcha|1\n|-supereffective|p2b: Whimsicott|1\n|-damage|p2a: Sinistcha|0 fnt\n|-enditem|p2b: Whimsicott|Focus Sash\n|-damage|p2b: Whimsicott|1/100\n|faint|p2a: Sinistcha\n|\n|-weather|none\n|upkeep\n|turn|6\n|inactive|It'sJustKen VGC has 30 seconds left.\n|inactive|It'sJustKen VGC has 20 seconds left.\n|inactive|It'sJustKen VGC has 15 seconds left.\n|\n|t:|1776066580\n|move|p2b: Whimsicott|Dazzling Gleam|p1b: Pet|[spread] p1a,p1b\n|-resisted|p1b: Pet|1\n|-damage|p1a: The Final Boss|1/100\n|-damage|p1b: Pet|86/100\n|move|p1a: The Final Boss|Guillotine|p2b: Whimsicott\n|-damage|p2b: Whimsicott|0 fnt\n|faint|p2b: Whimsicott\n|-ohko\n|\n|win|It'sJustKen VGC\n|raw|It&apos;sJustKen VGC's rating: 1159 &rarr; <strong>1182</strong><br />(+23 for winning)\n|raw|rohitking's rating: 1138 &rarr; <strong>1115</strong><br />(-23 for losing)\n",
  "uploadtime": 1776066583,
  "views": 13,
  "formatid": "gen9championsvgc2026regma",
  "rating": 1115,
  "private": 0,
  "password": null
}