{
  "id": "gen9championsvgc2026regma-2588256767",
  "format": "[Gen 9 Champions] VGC 2026 Reg M-A",
  "players": [
    "Ikhnner",
    "loyalgame"
  ],
  "log": "|j|\u2606Ikhnner\n|j|\u2606loyalgame\n|t:|1776618609\n|gametype|doubles\n|player|p1|Ikhnner|wattson|1336\n|player|p2|loyalgame|102|1365\n|gen|9\n|tier|[Gen 9 Champions] VGC 2026 Reg M-A\n|rated|\n|rule|Species Clause: Limit one of each Pok\u00e9mon\n|rule|Item Clause: Limit 1 of each item\n|clearpoke\n|poke|p1|Manectric, L50, M, shiny|\n|poke|p1|Pelipper, L50, M|\n|poke|p1|Weavile, L50, F|\n|poke|p1|Whimsicott, L50, F|\n|poke|p1|Sinistcha-Masterpiece, L50|\n|poke|p1|Basculegion, L50, M|\n|poke|p2|Meganium, L50, F, shiny|\n|poke|p2|Aerodactyl, L50, F, shiny|\n|poke|p2|Scizor, L50, M, shiny|\n|poke|p2|Incineroar, L50, M, shiny|\n|poke|p2|Tyranitar, L50, F, shiny|\n|poke|p2|Garchomp, L50, M, shiny|\n|teampreview|4\n|inactive|Battle timer is ON: inactive players will automatically lose when time's up. (requested by Ikhnner)\n|\n|t:|1776618639\n|teamsize|p1|4\n|teamsize|p2|4\n|start\n|switch|p1a: Manectric|Manectric, L50, M, shiny|100/100\n|switch|p1b: Weavile|Weavile, L50, F|100/100\n|switch|p2a: Aerodactyl|Aerodactyl, L50, F, shiny|100/100\n|switch|p2b: Scizor|Scizor, L50, M, shiny|100/100\n|-ability|p2a: Aerodactyl|Unnerve\n|turn|1\n|\n|t:|1776618652\n|detailschange|p1a: Manectric|Manectric-Mega, L50, M, shiny\n|-mega|p1a: Manectric|Manectric|Manectite\n|-ability|p1a: Manectric|Intimidate|boost\n|-unboost|p2a: Aerodactyl|atk|1\n|-unboost|p2b: Scizor|atk|1\n|move|p1b: Weavile|Fake Out|p2b: Scizor\n|-resisted|p2b: Scizor|1\n|-damage|p2b: Scizor|92/100\n|move|p1a: Manectric|Volt Switch|p2a: Aerodactyl\n|-supereffective|p2a: Aerodactyl|1\n|-enditem|p2a: Aerodactyl|Focus Sash\n|-damage|p2a: Aerodactyl|1/100\n|\n|t:|1776618661\n|switch|p1a: Whimsicott|Whimsicott, L50, F|100/100|[from] Volt Switch\n|move|p2a: Aerodactyl|Rock Slide|p1a: Whimsicott|[spread] p1a,p1b\n|-supereffective|p1b: Weavile|1\n|-damage|p1a: Whimsicott|80/100\n|-damage|p1b: Weavile|42/100\n|cant|p2b: Scizor|flinch\n|\n|-heal|p2b: Scizor|98/100|[from] item: Leftovers\n|upkeep\n|turn|2\n|\n|t:|1776618676\n|switch|p1b: Manectric|Manectric-Mega, L50, M, shiny|100/100\n|-ability|p1b: Manectric|Intimidate|boost\n|-unboost|p2a: Aerodactyl|atk|1\n|-unboost|p2b: Scizor|atk|1\n|move|p1a: Whimsicott|Tailwind|p1a: Whimsicott\n|-sidestart|p1: Ikhnner|move: Tailwind\n|move|p2a: Aerodactyl|Tailwind|p2a: Aerodactyl\n|-sidestart|p2: loyalgame|move: Tailwind\n|move|p2b: Scizor|Swords Dance|p2b: Scizor\n|-boost|p2b: Scizor|atk|2\n|\n|-heal|p2b: Scizor|100/100|[from] item: Leftovers\n|upkeep\n|turn|3\n|\n|t:|1776618694\n|move|p2a: Aerodactyl|Protect|p2a: Aerodactyl\n|-singleturn|p2a: Aerodactyl|Protect\n|move|p1a: Whimsicott|Encore|p2b: Scizor\n|-start|p2b: Scizor|Encore\n|move|p1b: Manectric|Volt Switch|p2a: Aerodactyl\n|-activate|p2a: Aerodactyl|move: Protect\n|move|p2b: Scizor|Swords Dance|p2b: Scizor\n|-boost|p2b: Scizor|atk|2\n|\n|upkeep\n|turn|4\n|\n|t:|1776618707\n|switch|p2a: Garchomp|Garchomp, L50, M, shiny|100/100\n|move|p1a: Whimsicott|Protect|p1a: Whimsicott\n|-singleturn|p1a: Whimsicott|Protect\n|move|p1b: Manectric|Volt Switch|p2a: Garchomp\n|-immune|p2a: Garchomp\n|move|p2b: Scizor|Swords Dance|p2b: Scizor\n|-boost|p2b: Scizor|atk|2\n|\n|upkeep\n|turn|5\n|\n|t:|1776618730\n|switch|p1b: Pelipper|Pelipper, L50, M|100/100\n|-weather|RainDance|[from] ability: Drizzle|[of] p1b: Pelipper\n|move|p2a: Garchomp|Dragon Claw|p1b: Pelipper\n|-damage|p1b: Pelipper|38/100\n|move|p1a: Whimsicott|Moonblast|p2a: Garchomp\n|-supereffective|p2a: Garchomp|1\n|-damage|p2a: Garchomp|36/100\n|move|p2b: Scizor|Swords Dance|p2b: Scizor\n|-boost|p2b: Scizor|atk|2\n|\n|-weather|RainDance|[upkeep]\n|-end|p2b: Scizor|Encore\n|-sideend|p2: loyalgame|move: Tailwind\n|-sideend|p1: Ikhnner|move: Tailwind\n|upkeep\n|turn|6\n|\n|t:|1776618750\n|move|p2a: Garchomp|Protect|p2a: Garchomp\n|-singleturn|p2a: Garchomp|Protect\n|move|p1a: Whimsicott|Encore|p2b: Scizor\n|-start|p2b: Scizor|Encore\n|move|p1b: Pelipper|Weather Ball|p2a: Garchomp\n|-activate|p2a: Garchomp|move: Protect\n|move|p2b: Scizor|Swords Dance|p2b: Scizor\n|-boost|p2b: Scizor|atk|0\n|\n|-weather|RainDance|[upkeep]\n|upkeep\n|turn|7\n|\n|t:|1776618765\n|move|p1a: Whimsicott|Tailwind|p1a: Whimsicott\n|-sidestart|p1: Ikhnner|move: Tailwind\n|move|p1b: Pelipper|Weather Ball|p2a: Garchomp\n|-damage|p2a: Garchomp|0 fnt\n|faint|p2a: Garchomp\n|move|p2b: Scizor|Swords Dance|p2b: Scizor\n|-boost|p2b: Scizor|atk|0\n|\n|-weather|RainDance|[upkeep]\n|upkeep\n|\n|t:|1776618779\n|switch|p2a: Aerodactyl|Aerodactyl, L50, F, shiny|1/100\n|-ability|p2a: Aerodactyl|Unnerve\n|turn|8\n|\n|t:|1776618786\n|switch|p1b: Manectric|Manectric-Mega, L50, M, shiny|100/100\n|-ability|p1b: Manectric|Intimidate|boost\n|-unboost|p2a: Aerodactyl|atk|1\n|-unboost|p2b: Scizor|atk|1\n|move|p2a: Aerodactyl|Protect|p2a: Aerodactyl\n|-singleturn|p2a: Aerodactyl|Protect\n|move|p1a: Whimsicott|Moonblast|p2a: Aerodactyl\n|-activate|p2a: Aerodactyl|move: Protect\n|move|p2b: Scizor|Swords Dance|p2b: Scizor\n|-boost|p2b: Scizor|atk|1\n|\n|-weather|RainDance|[upkeep]\n|-end|p2b: Scizor|Encore\n|upkeep\n|turn|9\n|\n|t:|1776618810\n|move|p1a: Whimsicott|Encore|p2b: Scizor\n|-start|p2b: Scizor|Encore\n|move|p1b: Manectric|Thunder|p2a: Aerodactyl\n|-supereffective|p2a: Aerodactyl|1\n|-damage|p2a: Aerodactyl|0 fnt\n|faint|p2a: Aerodactyl\n|move|p2b: Scizor|Swords Dance|p2b: Scizor\n|-boost|p2b: Scizor|atk|0\n|\n|-weather|none\n|upkeep\n|\n|t:|1776618821\n|switch|p2a: Meganium|Meganium, L50, F, shiny|100/100\n|turn|10\n|\n|t:|1776618835\n|detailschange|p2a: Meganium|Meganium-Mega, L50, F, shiny\n|-mega|p2a: Meganium|Meganium|Meganiumite\n|move|p1b: Manectric|Volt Switch|p2b: Scizor\n|-damage|p2b: Scizor|62/100\n|\n|t:|1776618839\n|switch|p1b: Pelipper|Pelipper, L50, M|38/100|[from] Volt Switch\n|-weather|RainDance|[from] ability: Drizzle|[of] p1b: Pelipper\n|move|p1a: Whimsicott|Moonblast|p2a: Meganium\n|-damage|p2a: Meganium|74/100\n|move|p2a: Meganium|Weather Ball|p1a: Whimsicott\n|-supereffective|p1a: Whimsicott|1\n|-enditem|p1a: Whimsicott|Occa Berry|[eat]\n|-enditem|p1a: Whimsicott|Occa Berry|[weaken]\n|-damage|p1a: Whimsicott|11/100\n|move|p2b: Scizor|Swords Dance|p2b: Scizor\n|-boost|p2b: Scizor|atk|0\n|\n|-weather|RainDance|[upkeep]\n|-heal|p2b: Scizor|68/100|[from] item: Leftovers\n|-sideend|p1: Ikhnner|move: Tailwind\n|upkeep\n|turn|11\n|\n|t:|1776618861\n|move|p1a: Whimsicott|Tailwind|p1a: Whimsicott\n|-sidestart|p1: Ikhnner|move: Tailwind\n|move|p1b: Pelipper|Weather Ball|p2b: Scizor\n|-damage|p2b: Scizor|0 fnt\n|faint|p2b: Scizor\n|move|p2a: Meganium|Weather Ball|p1a: Whimsicott\n|-supereffective|p1a: Whimsicott|1\n|-damage|p1a: Whimsicott|0 fnt\n|faint|p1a: Whimsicott\n|\n|-weather|RainDance|[upkeep]\n|upkeep\n|\n|t:|1776618880\n|switch|p1a: Weavile|Weavile, L50, F|42/100\n|turn|12\n|\n|t:|1776618888\n|switch|p1b: Manectric|Manectric-Mega, L50, M, shiny|100/100\n|-ability|p1b: Manectric|Intimidate|boost\n|-unboost|p2a: Meganium|atk|1\n|move|p1a: Weavile|Fake Out|p2a: Meganium\n|-damage|p2a: Meganium|58/100\n|cant|p2a: Meganium|flinch\n|\n|-weather|RainDance|[upkeep]\n|upkeep\n|turn|13\n|\n|t:|1776618899\n|move|p1b: Manectric|Thunder|p2a: Meganium\n|-resisted|p2a: Meganium|1\n|-damage|p2a: Meganium|27/100\n|move|p1a: Weavile|Triple Axel|p2a: Meganium\n|-supereffective|p2a: Meganium|1\n|-damage|p2a: Meganium|4/100\n|-supereffective|p2a: Meganium|1\n|-damage|p2a: Meganium|0 fnt\n|faint|p2a: Meganium\n|-hitcount|p2: Meganium|2\n|\n|win|Ikhnner\n|raw|Ikhnner's rating: 1336 &rarr; <strong>1358</strong><br />(+22 for winning)\n|raw|loyalgame's rating: 1365 &rarr; <strong>1343</strong><br />(-22 for losing)\n|l|\u2606loyalgame\n|player|p2|\n",
  "uploadtime": 1776618913,
  "views": 25,
  "formatid": "gen9championsvgc2026regma",
  "rating": 1343,
  "private": 0,
  "password": null
}