{
  "id": "gen9championsvgc2026regma-2583553413",
  "format": "[Gen 9 Champions] VGC 2026 Reg M-A",
  "players": [
    "Lacksatives",
    "miguelon611"
  ],
  "log": "|j|\u2606Lacksatives\n|j|\u2606miguelon611\n|t:|1776182916\n|gametype|doubles\n|player|p1|Lacksatives|swimmer-masters|1256\n|player|p2|miguelon611|1|1158\n|gen|9\n|tier|[Gen 9 Champions] VGC 2026 Reg M-A\n|rated|\n|rule|Species Clause: Limit one of each Pok\u00e9mon\n|rule|Item Clause: Limit 1 of each item\n|clearpoke\n|poke|p1|Kangaskhan, L50, F|\n|poke|p1|Talonflame, L50, M|\n|poke|p1|Aegislash, L50, M|\n|poke|p1|Kommo-o, L50, M|\n|poke|p1|Venusaur, L50, F|\n|poke|p1|Tyranitar, L50, F|\n|poke|p2|Garchomp, L50, F|\n|poke|p2|Aerodactyl, L50, F|\n|poke|p2|Floette-Eternal, L50, F|\n|poke|p2|Milotic, L50, M|\n|poke|p2|Incineroar, L50, M|\n|poke|p2|Scizor, L50, M|\n|teampreview|4\n|\n|t:|1776182960\n|teamsize|p1|4\n|teamsize|p2|4\n|start\n|switch|p1a: Kangaskhan|Kangaskhan, L50, F|100/100\n|switch|p1b: Talonflame|Talonflame, L50, M|100/100\n|switch|p2a: Aerodactyl|Aerodactyl, L50, F|100/100\n|switch|p2b: Incineroar|Incineroar, L50, M|100/100\n|-ability|p2a: Aerodactyl|Unnerve\n|-ability|p2b: Incineroar|Intimidate|boost\n|-fail|p1a: Kangaskhan|unboost|Attack|[from] ability: Scrappy|[of] p1a: Kangaskhan\n|-unboost|p1b: Talonflame|atk|1\n|turn|1\n|\n|t:|1776182977\n|move|p2a: Aerodactyl|Protect|p2a: Aerodactyl\n|-singleturn|p2a: Aerodactyl|Protect\n|move|p1b: Talonflame|Protect|p1b: Talonflame\n|-singleturn|p1b: Talonflame|Protect\n|move|p1a: Kangaskhan|Fake Out|p2a: Aerodactyl\n|-activate|p2a: Aerodactyl|move: Protect\n|move|p2b: Incineroar|Parting Shot|p1a: Kangaskhan\n|-unboost|p1a: Kangaskhan|atk|1\n|-unboost|p1a: Kangaskhan|spa|1\n|\n|t:|1776182992\n|switch|p2b: Garchomp|Garchomp, L50, F|100/100|[from] Parting Shot\n|\n|upkeep\n|turn|2\n|\n|t:|1776183002\n|switch|p1a: Kommo-o|Kommo-o, L50, M|100/100\n|move|p1b: Talonflame|Tailwind|p1b: Talonflame\n|-sidestart|p1: Lacksatives|move: Tailwind\n|move|p2a: Aerodactyl|Tailwind|p2a: Aerodactyl\n|-sidestart|p2: miguelon611|move: Tailwind\n|move|p2b: Garchomp|Rock Slide|p1a: Kommo-o|[spread] p1a,p1b\n|-resisted|p1a: Kommo-o|1\n|-supereffective|p1b: Talonflame|2\n|-damage|p1a: Kommo-o|94/100\n|-damage|p1b: Talonflame|0 fnt\n|faint|p1b: Talonflame\n|\n|-heal|p1a: Kommo-o|100/100|[from] item: Leftovers\n|upkeep\n|\n|t:|1776183007\n|switch|p1b: Kangaskhan|Kangaskhan, L50, F|100/100\n|turn|3\n|\n|t:|1776183025\n|switch|p2b: Incineroar|Incineroar, L50, M|100/100\n|-ability|p2b: Incineroar|Intimidate|boost\n|-unboost|p1a: Kommo-o|atk|1\n|-fail|p1b: Kangaskhan|unboost|Attack|[from] ability: Scrappy|[of] p1b: Kangaskhan\n|move|p2a: Aerodactyl|Protect|p2a: Aerodactyl\n|-singleturn|p2a: Aerodactyl|Protect\n|move|p1b: Kangaskhan|Fake Out|p2b: Incineroar\n|-damage|p2b: Incineroar|85/100\n|move|p1a: Kommo-o|Iron Defense|p1a: Kommo-o\n|-boost|p1a: Kommo-o|def|2\n|\n|upkeep\n|turn|4\n|\n|t:|1776183053\n|detailschange|p1b: Kangaskhan|Kangaskhan-Mega, L50, F\n|-mega|p1b: Kangaskhan|Kangaskhan|Kangaskhanite\n|move|p2a: Aerodactyl|Dual Wingbeat|p1a: Kommo-o\n|-supereffective|p1a: Kommo-o|1\n|-damage|p1a: Kommo-o|90/100\n|-supereffective|p1a: Kommo-o|1\n|-damage|p1a: Kommo-o|79/100\n|-hitcount|p1a: Kommo-o|2\n|move|p1b: Kangaskhan|Low Kick|p2b: Incineroar\n|-supereffective|p2b: Incineroar|1\n|-damage|p2b: Incineroar|32/100\n|-enditem|p2b: Incineroar|Sitrus Berry|[eat]\n|-heal|p2b: Incineroar|57/100|[from] item: Sitrus Berry\n|-supereffective|p2b: Incineroar|1\n|-damage|p2b: Incineroar|44/100\n|-hitcount|p2b: Incineroar|2\n|move|p1a: Kommo-o|Body Press|p2b: Incineroar\n|-supereffective|p2b: Incineroar|1\n|-damage|p2b: Incineroar|0 fnt\n|faint|p2b: Incineroar\n|\n|-heal|p1a: Kommo-o|85/100|[from] item: Leftovers\n|upkeep\n|\n|t:|1776183074\n|switch|p2b: Garchomp|Garchomp, L50, F|100/100\n|turn|5\n|\n|t:|1776183088\n|move|p2a: Aerodactyl|Dual Wingbeat|p1a: Kommo-o\n|-supereffective|p1a: Kommo-o|1\n|-damage|p1a: Kommo-o|71/100\n|-supereffective|p1a: Kommo-o|1\n|-damage|p1a: Kommo-o|60/100\n|-hitcount|p1a: Kommo-o|2\n|move|p2b: Garchomp|Dragon Claw|p1a: Kommo-o\n|-supereffective|p1a: Kommo-o|1\n|-crit|p1a: Kommo-o\n|-damage|p1a: Kommo-o|0 fnt\n|faint|p1a: Kommo-o\n|move|p1b: Kangaskhan|Double-Edge|p2a: Aerodactyl\n|-resisted|p2a: Aerodactyl|1\n|-damage|p2a: Aerodactyl|49/100\n|-resisted|p2a: Aerodactyl|1\n|-damage|p2a: Aerodactyl|37/100\n|-hitcount|p2a: Aerodactyl|2\n|-damage|p1b: Kangaskhan|84/100|[from] Recoil\n|\n|-sideend|p2: miguelon611|move: Tailwind\n|-sideend|p1: Lacksatives|move: Tailwind\n|upkeep\n|\n|t:|1776183096\n|switch|p1a: Aegislash|Aegislash, L50, M|100/100\n|turn|6\n|\n|t:|1776183111\n|move|p2a: Aerodactyl|Rock Slide|p1a: Aegislash|[spread] p1a,p1b\n|-resisted|p1a: Aegislash|1\n|-damage|p1a: Aegislash|91/100\n|-damage|p1b: Kangaskhan|61/100\n|move|p2b: Garchomp|Earthquake|p1a: Aegislash|[spread] p1a,p1b\n|-immune|p2a: Aerodactyl\n|-supereffective|p1a: Aegislash|1\n|-damage|p1a: Aegislash|32/100\n|-damage|p1b: Kangaskhan|25/100\n|move|p1b: Kangaskhan|Double-Edge|p2a: Aerodactyl\n|-resisted|p2a: Aerodactyl|1\n|-damage|p2a: Aerodactyl|0 fnt\n|-enditem|p1a: Aegislash|Sitrus Berry|[eat]\n|-heal|p1a: Aegislash|57/100|[from] item: Sitrus Berry\n|faint|p2a: Aerodactyl\n|-hitcount|p2: Aerodactyl|1\n|-damage|p1b: Kangaskhan|16/100|[from] Recoil\n|cant|p1a: Aegislash|flinch\n|\n|upkeep\n|\n|t:|1776183129\n|switch|p2a: Scizor|Scizor, L50, M|100/100\n|turn|7\n|\n|t:|1776183139\n|move|p2b: Garchomp|Protect|p2b: Garchomp\n|-singleturn|p2b: Garchomp|Protect\n|move|p1a: Aegislash|King's Shield|p1a: Aegislash\n|-singleturn|p1a: Aegislash|Protect\n|move|p1b: Kangaskhan|Sucker Punch||[still]\n|-fail|p1b: Kangaskhan\n|move|p2a: Scizor|Bullet Punch|p1b: Kangaskhan\n|-damage|p1b: Kangaskhan|0 fnt\n|faint|p1b: Kangaskhan\n|\n|upkeep\n|turn|8\n|-message|Lacksatives forfeited.\n|\n|win|miguelon611\n|raw|Lacksatives's rating: 1256 &rarr; <strong>1224</strong><br />(-32 for losing)\n|raw|miguelon611's rating: 1158 &rarr; <strong>1190</strong><br />(+32 for winning)\n|l|\u2606Lacksatives\n|player|p1|\n",
  "uploadtime": 1776183157,
  "views": 18,
  "formatid": "gen9championsvgc2026regma",
  "rating": 1190,
  "private": 0,
  "password": null
}