{
  "id": "gen9championsvgc2026regma-2586930489",
  "format": "[Gen 9 Champions] VGC 2026 Reg M-A",
  "players": [
    "goonmeister000",
    "Wo-Chien<3"
  ],
  "log": "|j|\u2606goonmeister000\n|j|\u2606Wo-Chien<3\n|t:|1776472897\n|gametype|doubles\n|player|p1|goonmeister000|roxie|1233\n|player|p2|Wo-Chien<3|miku-ground|1187\n|gen|9\n|tier|[Gen 9 Champions] VGC 2026 Reg M-A\n|rated|\n|rule|Species Clause: Limit one of each Pok\u00e9mon\n|rule|Item Clause: Limit 1 of each item\n|clearpoke\n|poke|p1|Froslass, L50, F|\n|poke|p1|Incineroar, L50, F|\n|poke|p1|Orthworm, L50, M|\n|poke|p1|Mamoswine, L50, M|\n|poke|p1|Basculegion, L50, M|\n|poke|p1|Rotom-Wash, L50|\n|poke|p2|Froslass, L50, F|\n|poke|p2|Rotom-Frost, L50|\n|poke|p2|Sneasler, L50, M|\n|poke|p2|Kingambit, L50, F|\n|poke|p2|Garchomp, L50, F|\n|poke|p2|Aerodactyl, L50, M|\n|teampreview|4\ngoonmeister000 has agreed to open team sheets.\n|inactive|Battle timer is ON: inactive players will automatically lose when time's up. (requested by goonmeister000)\n|\n|t:|1776472933\n|teamsize|p1|4\n|teamsize|p2|4\n|start\n|switch|p1a: Orthworm|Orthworm, L50, M|100/100\n|switch|p1b: Mamoswine|Mamoswine, L50, M|100/100\n|switch|p2a: Sneasler|Sneasler, L50, M|100/100\n|switch|p2b: Froslass|Froslass, L50, F|100/100\n|turn|1\n|inactive|goonmeister000 has 30 seconds left.\n|inactive|Wo-Chien<3 has 30 seconds left.\n|\n|t:|1776472964\n|switch|p2a: Rotom|Rotom-Frost, L50|100/100\n|detailschange|p2b: Froslass|Froslass-Mega, L50, F\n|-mega|p2b: Froslass|Froslass|Froslassite\n|-weather|Snowscape|[from] ability: Snow Warning|[of] p2b: Froslass\n|move|p1b: Mamoswine|Protect|p1b: Mamoswine\n|-singleturn|p1b: Mamoswine|Protect\n|move|p2b: Froslass|Shadow Ball|p1a: Orthworm\n|-damage|p1a: Orthworm|54/100\n|-unboost|p1a: Orthworm|spd|1\n|move|p1a: Orthworm|Shed Tail|p1a: Orthworm\n|-start|p1a: Orthworm|Substitute|[from] move: Shed Tail\n|-damage|p1a: Orthworm|4/100\n|-enditem|p1a: Orthworm|Sitrus Berry|[eat]\n|-heal|p1a: Orthworm|29/100|[from] item: Sitrus Berry\n|inactive|goonmeister000 has 30 seconds left.\n|inactive|goonmeister000 has 20 seconds left.\n|inactive|goonmeister000 has 15 seconds left.\n|\n|t:|1776473005\n|switch|p1a: Basculegion|Basculegion, L50, M|100/100|[from] Shed Tail\n|\n|-weather|Snowscape|[upkeep]\n|upkeep\n|turn|2\n|\n|t:|1776473029\n|move|p2b: Froslass|Protect|p2b: Froslass\n|-singleturn|p2b: Froslass|Protect\n|move|p2a: Rotom|Electroweb|p1a: Basculegion|[spread] p1a\n|-immune|p1b: Mamoswine\n|-supereffective|p1a: Basculegion|1\n|-end|p1a: Basculegion|Substitute\n|move|p1a: Basculegion|Wave Crash|p2a: Rotom\n|-crit|p2a: Rotom\n|-damage|p2a: Rotom|0 fnt\n|faint|p2a: Rotom\n|-damage|p1a: Basculegion|79/100|[from] Recoil\n|move|p1b: Mamoswine|Icicle Crash|p2b: Froslass\n|-activate|p2b: Froslass|move: Protect\n|\n|-weather|Snowscape|[upkeep]\n|upkeep\n|inactive|Wo-Chien<3 has 30 seconds left.\n|\n|t:|1776473061\n|switch|p2a: Sneasler|Sneasler, L50, M|100/100\n|turn|3\n|inactive|goonmeister000 has 30 seconds left.\n|\n|t:|1776473089\n|move|p1b: Mamoswine|Protect|p1b: Mamoswine\n|-singleturn|p1b: Mamoswine|Protect\n|move|p1a: Basculegion|Wave Crash|p2a: Sneasler\n|-damage|p2a: Sneasler|0 fnt\n|faint|p2a: Sneasler\n|-damage|p1a: Basculegion|52/100|[from] Recoil\n|move|p2b: Froslass|Shadow Ball|p1a: Basculegion\n|-supereffective|p1a: Basculegion|1\n|-damage|p1a: Basculegion|0 fnt\n|faint|p1a: Basculegion\n|\n|-weather|Snowscape|[upkeep]\n|upkeep\n|\n|t:|1776473102\n|switch|p2a: Kingambit|Kingambit, L50, F|100/100\n|switch|p1a: Orthworm|Orthworm, L50, M|29/100\n|turn|4\n|\n|t:|1776473112\n|move|p2a: Kingambit|Protect|p2a: Kingambit\n|-singleturn|p2a: Kingambit|Protect\n|move|p2b: Froslass|Blizzard|p1b: Mamoswine|[spread] p1a,p1b\n|-resisted|p1a: Orthworm|1\n|-damage|p1a: Orthworm|7/100\n|-damage|p1b: Mamoswine|38/100\n|move|p1b: Mamoswine|Earthquake|p2b: Froslass|[spread] p2b\n|-activate|p2a: Kingambit|move: Protect\n|-heal|p1a: Orthworm|32/100|[from] ability: Earth Eater|[of] p1b: Mamoswine\n|-damage|p2b: Froslass|64/100\n|move|p1a: Orthworm|Body Press|p2a: Kingambit\n|-activate|p2a: Kingambit|move: Protect\n|\n|-weather|Snowscape|[upkeep]\n|upkeep\n|turn|5\n|inactive|goonmeister000 has 30 seconds left.\n|inactive|goonmeister000 has 20 seconds left.\n|inactive|goonmeister000 has 15 seconds left.\n|inactive|goonmeister000 has 10 seconds left.\n|\n|t:|1776473162\n|move|p2b: Froslass|Blizzard|p1b: Mamoswine|[spread] p1a,p1b\n|-resisted|p1a: Orthworm|1\n|-damage|p1a: Orthworm|7/100\n|-damage|p1b: Mamoswine|0 fnt\n|faint|p1b: Mamoswine\n|move|p1a: Orthworm|Heavy Slam|p2b: Froslass\n|-supereffective|p2b: Froslass|1\n|-damage|p2b: Froslass|1/100\n|move|p2a: Kingambit|Kowtow Cleave|p1a: Orthworm\n|-damage|p1a: Orthworm|0 fnt\n|faint|p1a: Orthworm\n|\n|-weather|none\n|upkeep\n|\n|t:|1776473174\n|switch|p1b: Rotom|Rotom-Wash, L50|100/100\n|turn|6\n|\n|t:|1776473181\n|move|p2b: Froslass|Shadow Ball|p1b: Rotom\n|-damage|p1b: Rotom|53/100\n|move|p1b: Rotom|Will-O-Wisp|p2a: Kingambit\n|-status|p2a: Kingambit|brn\n|move|p2a: Kingambit|Kowtow Cleave|p1b: Rotom\n|-damage|p1b: Rotom|19/100\n|\n|-heal|p1b: Rotom|25/100|[from] item: Leftovers\n|-damage|p2a: Kingambit|95/100 brn|[from] brn\n|upkeep\n|turn|7\n|\n|t:|1776473195\n|move|p2b: Froslass|Shadow Ball|p1b: Rotom\n|-damage|p1b: Rotom|0 fnt\n|faint|p1b: Rotom\n|\n|win|Wo-Chien<3\n|raw|goonmeister000's rating: 1233 &rarr; <strong>1205</strong><br />(-28 for losing)\n|raw|Wo-Chien&lt;3's rating: 1187 &rarr; <strong>1215</strong><br />(+28 for winning)\n|l|\u2606goonmeister000\n|player|p1|\n",
  "uploadtime": 1776473198,
  "views": 37,
  "formatid": "gen9championsvgc2026regma",
  "rating": 1205,
  "private": 0,
  "password": null
}