{
  "id": "gen9championsvgc2026regma-2586647599",
  "format": "[Gen 9 Champions] VGC 2026 Reg M-A",
  "players": [
    "StrawberryBalloons",
    "Solaris231231"
  ],
  "log": "|j|\u203dStrawberryBalloons\n|j|\u2606Solaris231231\n|t:|1776449245\n|gametype|doubles\n|player|p1|StrawberryBalloons|fisherman-gen4|1356\n|player|p2|Solaris231231|170|1330\n|gen|9\n|tier|[Gen 9 Champions] VGC 2026 Reg M-A\n|rated|\n|rule|Species Clause: Limit one of each Pok\u00e9mon\n|rule|Item Clause: Limit 1 of each item\n|clearpoke\n|poke|p1|Sableye, L50, F|\n|poke|p1|Floette-Eternal, L50, F|\n|poke|p1|Incineroar, L50, F|\n|poke|p1|Aggron, L50, M|\n|poke|p1|Sinistcha, L50|\n|poke|p1|Milotic, L50, F|\n|poke|p2|Emboar, L50, F|\n|poke|p2|Aerodactyl, L50, F|\n|poke|p2|Garchomp, L50, F|\n|poke|p2|Kingambit, L50, F|\n|poke|p2|Rotom-Wash, L50|\n|poke|p2|Sneasler, L50, F|\n|teampreview|4\n|inactive|Battle timer is ON: inactive players will automatically lose when time's up. (requested by StrawberryBalloons)\n|inactive|StrawberryBalloons has 60 seconds left.\n|\n|t:|1776449305\n|teamsize|p1|4\n|teamsize|p2|4\n|start\n|switch|p1a: Sableye|Sableye, L50, F|100/100\n|switch|p1b: Floette|Floette-Eternal, L50, F|100/100\n|switch|p2a: Emboar|Emboar, L50, F|100/100\n|switch|p2b: Rotom|Rotom-Wash, L50|100/100\n|turn|1\n|inactive|Solaris231231 has 30 seconds left.\n|inactive|Solaris231231 has 20 seconds left.\n|inactive|Solaris231231 has 15 seconds left.\n|\n|t:|1776449348\n|detailschange|p1b: Floette|Floette-Mega, L50, F\n|-mega|p1b: Floette|Floette|Floettite\n|-ability|p1b: Floette|Fairy Aura\n|detailschange|p2a: Emboar|Emboar-Mega, L50, F\n|-mega|p2a: Emboar|Emboar|Emboarite\n|-ability|p2a: Emboar|Mold Breaker\n|move|p1a: Sableye|Fake Out|p2a: Emboar\n|-damage|p2a: Emboar|92/100\n|move|p1b: Floette|Calm Mind|p1b: Floette\n|-boost|p1b: Floette|spa|1\n|-boost|p1b: Floette|spd|1\n|move|p2b: Rotom|Hydro Pump|p1b: Floette\n|-damage|p1b: Floette|82/100\n|cant|p2a: Emboar|flinch\n|\n|upkeep\n|turn|2\n|inactive|Solaris231231 has 30 seconds left.\n|\n|t:|1776449377\n|switch|p2b: Sneasler|Sneasler, L50, F|100/100\n|move|p1a: Sableye|Disable||[still]\n|-fail|p1a: Sableye\n|move|p1b: Floette|Moonblast|p2a: Emboar\n|-damage|p2a: Emboar|1/100\n|move|p2a: Emboar|Heat Crash|p1b: Floette\n|-damage|p1b: Floette|54/100\n|\n|upkeep\n|turn|3\n|\n|t:|1776449399\n|move|p1b: Floette|Protect|p1b: Floette\n|-singleturn|p1b: Floette|Protect\n|move|p2a: Emboar|Protect|p2a: Emboar\n|-singleturn|p2a: Emboar|Protect\n|move|p2b: Sneasler|Dire Claw|p1b: Floette\n|-activate|p1b: Floette|move: Protect\n|move|p1a: Sableye|Metal Burst||[still]\n|-fail|p1a: Sableye\n|\n|upkeep\n|turn|4\n|\n|t:|1776449416\n|move|p1a: Sableye|Disable|p2b: Sneasler\n|-start|p2b: Sneasler|Disable|Dire Claw\n|cant|p2b: Sneasler|Disable|Dire Claw\n|move|p1b: Floette|Dazzling Gleam|p2b: Sneasler|[spread] p2a,p2b\n|-damage|p2a: Emboar|0 fnt\n|-damage|p2b: Sneasler|0 fnt\n|faint|p2a: Emboar\n|faint|p2b: Sneasler\n|\n|upkeep\n|\n|t:|1776449423\n|switch|p2b: Rotom|Rotom-Wash, L50|100/100\n|switch|p2a: Kingambit|Kingambit, L50, F|100/100\n|turn|5\n|\n|t:|1776449437\n|move|p2a: Kingambit|Sucker Punch|p1b: Floette\n|-resisted|p1b: Floette|1\n|-damage|p1b: Floette|29/100\n|move|p1b: Floette|Moonblast|p2a: Kingambit\n|-damage|p2a: Kingambit|0 fnt\n|faint|p2a: Kingambit\n|move|p2b: Rotom|Hydro Pump|p1b: Floette\n|-damage|p1b: Floette|9/100\n|move|p1a: Sableye|Metal Burst||[still]\n|-fail|p1a: Sableye\n|\n|upkeep\n|turn|6\n|\n|t:|1776449448\n|move|p1b: Floette|Protect|p1b: Floette\n|-singleturn|p1b: Floette|Protect\n|move|p1a: Sableye|Encore|p2b: Rotom\n|-start|p2b: Rotom|Encore\n|move|p2b: Rotom|Hydro Pump|p1a: Sableye\n|-damage|p1a: Sableye|33/100\n|\n|upkeep\n|turn|7\n|\n|t:|1776449458\n|move|p1a: Sableye|Disable|p2b: Rotom\n|-start|p2b: Rotom|Disable|Hydro Pump\n|move|p1b: Floette|Moonblast|p2b: Rotom\n|-damage|p2b: Rotom|12/100\n|-unboost|p2b: Rotom|spa|1\n|cant|p2b: Rotom|Disable|Hydro Pump\n|\n|-heal|p2b: Rotom|18/100|[from] item: Leftovers\n|upkeep\n|turn|8\n|inactive|Solaris231231 has 30 seconds left.\n|inactive|Solaris231231 has 20 seconds left.\n|inactive|Solaris231231 has 15 seconds left.\n|inactive|Solaris231231 has 10 seconds left.\n|inactive|Solaris231231 has 5 seconds left.\n|\n|t:|1776449553\n|switch|p1a: Incineroar|Incineroar, L50, F|100/100\n|-ability|p1a: Incineroar|Intimidate|boost\n|-unboost|p2b: Rotom|atk|1\n|move|p1b: Floette|Moonblast|p2b: Rotom\n|-damage|p2b: Rotom|0 fnt\n|faint|p2b: Rotom\n|\n|win|StrawberryBalloons\n|raw|StrawberryBalloons's rating: 1356 &rarr; <strong>1375</strong><br />(+19 for winning)\n|raw|Solaris231231's rating: 1330 &rarr; <strong>1311</strong><br />(-19 for losing)\n",
  "uploadtime": 1776449567,
  "views": 41,
  "formatid": "gen9championsvgc2026regma",
  "rating": 1311,
  "private": 0,
  "password": null
}